3818 6342
74 352 256 486 ικῒ

111 536 164 562 κ
524 536 536 542 -
890 536 910 543 -
987 536 1184 544 nm--.
1219 536 1512 556 ..-πη-η.
1547 536 1606 547 η-
1645 536 1706 558 ..ς
1732 536 1784 547 --

111 536 226 656 ρ
247 563 363 656 μένα-
393 563 511 632 μετ’
561 565 630 656 οὒ
688 566 845 622 πολὺ
876 610 894 636 ,
936 574 1039 628 ὅτε
1080 581 1142 631 ὲν
1170 584 1236 651 τῇ
1259 581 1352 634 τοῦ
1396 536 1639 653 πολέμουΓ
1651 601 1784 653 συμ-

117 657 290 738 3.7%
312 653 494 708 πίπτει
533 654 639 725 μὲν
671 658 704 710 ὁ
749 658 1172 738 Ἀδεσσαλὼμ,
1213 670 1466 724 πίπτουσι
1511 672 1566 723 δὲ
1599 673 1688 725 καὶ
1737 675 1784 724 οἱ

133 786 210 831 τι
280 746 400 815 φίλα
446 745 600 816 αὐτῷ
629 750 997 818 φρονοῦντες
1019 773 1034 787 ο
1090 745 1284 828 κρατεῖ
1320 759 1378 811 δὲ
1412 762 1453 828 ,ἡ
1486 759 1578 811 τοῦ
1627 753 1784 812 Δαυῒδ

153 840 472 928 Ἤρμύρρῃσις
503 841 542 909 ὴ
574 840 821 911 φήσασα
841 860 856 873 ·
928 845 1059 898 Ὅτι
1097 848 1179 900 σὺ
1223 849 1519 914 ἐπάταξας
1563 847 1786 914 πάντας

174 934 326 1000 vix;
348 930 784 1000 ἐχθραίνοντὰς
805 951 919 1002 μοι
936 937 1206 1004 ματαίως
1227 955 1240 968 ο
1267 937 1510 1003 ὀδόντας
1534 939 1786 1006 ἀμαρτω-

191 1031 323 1088 ,ιῶγ
344 1023 734 1092 συγέτριψας.
764 1026 889 1079 Τοῦ
925 1030 1152 1096 Κυρίου
1180 1031 1218 1096 ἡ
1245 1030 1524 1097 σωτηρία.
1558 1031 1653 1082 καὶ
1687 1029 1785 1082 ἐπὶ

199 1125 312 1175 τὸν
331 1117 475 1170 ,λαόν
501 1131 618 1168 σου
652 1117 694 1183 ἠ
737 1118 1002 1186 εὐλογία
1032 1132 1168 1171 σου.
1207 1118 1447 1186 Ἐλέγετο
1468 1118 1594 1186 γοῦν
1617 1119 1785 1171 ταῦτα

208 1206 568 1280 προφητικῶς,
585 1206 670 1269 ὡς
686 1205 758 1259 ἂν
791 1207 901 1279 ἥδη
931 1208 1026 1261 τοῦ
1053 1209 1182 1262 λαοῦ
1205 1209 1557 1279 σεσωσμένον,
1575 1209 1665 1262 καὶ
1686 1209 1786 1262 ὑπὸ

209 1300 305 1354 τοῦ
329 1297 484 1352 Δαυῖδ
515 1315 653 1367 γενη
663 1298 866 1368 μένου.

612 1409 965 1462 ΕΞΗΓΗΣΙΣ
1001 1411 1296 1462 ΨΑΛΜΟΥ
1337 1412 1408 1464 Δ’.

322 1516 394 1582 (1)
421 1517 520 1579 Εὶς
539 1514 608 1567 τὸ
642 1515 830 1581 τέλος
862 1516 934 1568 ἐν
953 1517 1215 1585 ψαλμοῖς
1237 1515 1356 1583 ᾠδὴ
1382 1515 1458 1581 τῷ
1483 1517 1678 1571 Δαυΐδ.

321 1630 420 1692 εἰς
443 1627 506 1679 τὸ
530 1628 715 1692 τέλος
756 1627 832 1679 ἐν
857 1627 1070 1696 ὕμνοις
1096 1627 1334 1695 ψαλμὸς
1368 1627 1446 1692 τῷ
1485 1629 1677 1681 Δαυΐὸ.

288 1719 489 1789 Ὠσπερ
522 1719 711 1788 πάσης
759 1719 960 1787 τέχνης
994 1719 1084 1771 καὶ
1122 1719 1422 1788 ἐπιστήμης
1464 1719 1610 1781 τέλος
1644 1719 1785 1772 ἐστὶν

99 627 114 669 i

1346 374 1838 432 COMMENTARIA
1877 377 1941 430 IN
1980 375 2311 430 PSALMOS.

87 470 393 582 ζίλάαως,
421 471 682 581 δπξὶνίῖισι
710 470 745 523 ὁ
769 477 912 582 ξδΪ-δς
939 483 1190 544 ἐδίωκεν
1219 494 1400 556 αὑτὸν,
1423 496 1512 546 ἐπὶ
1541 496 1707 565 πέρας
1732 496 1777 547 δὲ

1893 501 2299 563 persequeretur
2322 506 2481 556 eum;
2515 491 2607 544 sed
2635 490 2701 545 ad
2733 492 3018 546 terminum
3053 507 3159 546 non
3190 493 3414 546 multum

3320 384 3419 436 1υέ

1885 596 2068 654 postea
2113 585 2362 649 deducta,
2406 599 2527 637 cum
2569 583 2625 636 in
2671 597 2962 652 congressu
3011 584 3176 653 ρι’·αεὶἰὶ
3223 585 3418 638 cecidit

1884 677 2131 731 Absalnm
2163 715 2178 738 ,
2229 675 2536 730 ceciderunt
2608 675 2808 744 pariter
2858 675 2948 743 qui
2999 675 3116 742 ejus
3173 675 3415 742 partibus

1884 766 2181 820 haerebant:
2227 766 2562 834 obtinuitque
2589 764 2861 833 praedictio
2889 766 2975 818 illa
3001 764 3214 820 Davidis
3243 758 3416 824 :Quo-

1883 857 2026 906 niam
2073 863 2127 906 tu
2171 855 2474 922 percussisti
2521 870 2693 906 omnes
2748 852 3075 908 adversantes
3127 853 3251 906 mihi
3304 855 3414 907 sine

1885 963 2086 999 causa:
2130 945 2306 998 dentes
2358 954 2686 1012 peccatorum
2733 945 3040 997 contrivisti.
3093 945 3301 998 Domini
3339 955 3415 997 est

1881 1037 2044 1097 salus,
2110 1044 2158 1088 et
2223 1052 2375 1102 super
2423 1036 2668 1103 populum
2731 1044 2874 1087 tuum
2943 1034 3226 1088 benedictio
3303 1044 3411 1088 tua.

1887 1125 2008 1180 Ha:c
2039 1127 2218 1194 itaque
2267 1126 2576 1194 prophetice
2630 1124 2772 1178 dicta
2823 1133 2967 1186 sunt,
3019 1139 3079 1178 ac
3112 1126 3156 1180 si
3187 1125 3414 1194 pepulus

1879 1214 1988 1282 jam
2022 1215 2201 1268 salvus
2233 1222 2396 1276 esset,
2429 1220 2482 1267 et
2524 1214 2590 1268 ad
2645 1213 2859 1267 Davidis
2916 1213 3196 1280 imperium
3246 1212 3411 1266 redu-

1883 1311 2023 1359 ctus.

2243 1411 2634 1466 ENARRATIO
2675 1411 2919 1466 PSALMI
2953 1410 3040 1466 IV.

2057 1526 2106 1579 1.
2137 1523 2199 1578 In
2231 1527 2383 1594 finem
2413 1526 2468 1577 in
2493 1525 2710 1592 psalmis
2751 1525 3009 1576 canticum
3049 1521 3235 1575 David.

2127 1630 2191 1685 In
2219 1634 2370 1701 ﬁnem
2403 1635 2453 1684 in
2483 1632 2684 1701 hymnis
2719 1633 2946 1700 psalmus
2969 1629 3155 1683 David.

1956 1724 2104 1776 Sicut
2134 1723 2372 1791 cujusvis
2402 1724 2534 1778 artis
2565 1738 2626 1775 ac
2657 1723 2890 1776 scientiae
2919 1721 3040 1774 ﬁnis
3060 1728 3163 1786 est,
3189 1729 3245 1773 ut
3267 1720 3415 1790 quis-

191 1809 307 1876 (Ξ).
338 1849 351 1861 .
377 1850 391 1861 .
414 1847 427 1860 .
457 1849 470 1860 .
504 1849 519 1861 .
549 1849 566 1864 .
597 1848 611 1860 .
643 1850 656 1862 .
696 1809 1036 1878 καταντῆσαι
1067 1807 1156 1861 τὸν
1194 1809 1607 1878 μετερχόμενον·
1648 1809 1777 1863 οὕτω

1885 1811 2006 1880 quis
2032 1812 2196 1879 ipsam
2229 1811 2338 1864 adit
2367 1811 2429 1864 ad
2469 1811 2845 1880 perfectionem
2873 1808 3118 1862 deveniat
3147 1826 3161 1869 ;
3193 1809 3263 1861 ita
3294 1823 3411 1862 om-

187 1903 388 1968 πάσης
423 1899 652 1968 λογικῆς
686 1898 927 1967 φύσεως,
965 1899 1026 1950 τὸ
1056 1899 1113 1950 ἐν
1145 1897 1360 1968 Χριστῷ
1397 1898 1784 1970 ζωοποιηθῖψαι

183 1993 354 2054 τέλος
386 1992 554 2053 ἐστὶν,
579 1991 658 2054 ὡς
679 1991 740 2043 ὲν
774 1993 842 2059 τῇ
878 1989 1067 2060 πρώτῃ
1100 1989 1234 2060 πρὸς
1265 1989 1572 2059 Κορινθίους
1599 1990 1786 2041 ὀΠαῦο

180 2079 295 2142 λός
320 2097 455 2148 φησι
482 2080 659 2147 λέγων
682 2078 762 2148 τῷ
791 2079 907 2147 ἰδίῳ
940 2078 1174 2147 τάγματι
1194 2094 1207 2106 ο
1232 2080 1386 2129 Δοκεῖ
1414 2094 1594 2146 μη.....
1729 2092 1785 2130 εν

183 2171 548 2242 ὑπογράφειν
582 2169 865 2231 ἁπάντων,
895 2168 968 2230 ὡς
997 2169 1051 2219 αἱ
1076 2169 1300 2220 ἑκάστου
1332 2165 1784 2236 ζωοποιουμένου

179 2258 342 2326 πρὸς
371 2258 473 2328 τὴν
504 2256 664 2320 ἀξίαν
698 2256 838 2327 μετὰ
863 2256 1140 2326 βασάνους.
1171 2257 1241 2308 Ἢ
1271 2257 1362 2308 καὶ
1396 2257 1592 2308 τούτων
1623 2257 1785 2326 χωρὶς

179 2346 578 2413 (uegonicus;
611 2349 669 2400 δὲ
717 2346 926 2408 πάντας
971 2347 1201 2416 Χριστὸς
1245 2348 1301 2398 ὲν
1338 2346 1511 2415 ἑαυτῷ
1541 2347 1661 2408 τοὺς
1708 2346 1784 2416 τῷ

194 2438 390 2507 Ἀδὰμ
407 2438 858 2508 ἀποθνήσκοντας
883 2434 1150 2504 βασιλεύει
1168 2436 1282 2488 τῶν
1305 2435 1780 2502 ζωοποιηθέντων

185 2531 296 2597 ἐφ’
321 2531 348 2582 ὃ
371 2529 677 2600 παρεκάλει
689 2529 816 2590 τοὺς
842 2527 1116 2589 συνιέντας
1134 2528 1263 2595 ἡείς
1290 2525 1353 2578 τὸ
1377 2525 1545 2590 τέλος
1565 2528 1784 2597 ἐπιγρα-

192 2622 308 2689 φή.
328 2621 497 2672 Παντὶ
510 2620 567 2671 δὲ
587 2617 976 2686 ἀγωνιζομένῳ
1001 2616 1149 2678 τέλος
1171 2617 1202 2686 ἠ
1225 2615 1365 2683 νίκη.
1383 2615 1676 2685 Πολλαὶμὲν
1692 2611 1782 2668 οὖν

194 2710 275 2759 αἱ
299 2710 435 2761 κατὰ
471 2709 638 2778 μέρος
659 2708 830 2770 νίκαι,
865 2707 958 2758 καὶ
984 2704 1134 2767 τέλος
1164 2705 1196 2774 ἢ
1244 2704 1370 2756 ποτὲ
1419 2704 1512 2774 μὲν
1544 2704 1782 2771 λέγοντος

199 2797 452 2849 Παύλουο
503 2799 608 2849 Ἐν
652 2797 885 2859 τούτοις
914 2792 1101 2848 πᾶσιν
1132 2791 1528 2860 ὑπερνικῶμεν
1557 2793 1650 2846 διὰ
1679 2793 1781 2846 τοῦ

201 2886 641 2952 ἀγαπήσαντος
665 2882 824 2952 ἡμᾶς
843 2900 856 2912 °
891 2883 1020 2934 ποτὲ
1051 2881 1107 2933 δέ
1131 2899 1142 2910 ·
1175 2883 1284 2934 Τὸν
1310 2880 1506 2951 ἀγῶνα
1537 2883 1641 2934 τὸν
1677 2898 1781 2934 κα-

203 2975 334 3026 λὼ·
358 2975 708 3043 ἠγώνισμαι,
736 2973 847 3026 τὸν
876 2972 1096 3040 δρόμον
1122 2972 1414 3032 τετέλεκα,
1446 2971 1556 3037 τὴν
1579 2977 1782 3026 πίστιν

204 3064 537 3132 τετήρηκα·
572 3065 794 3118 λοιπὸν
827 3062 1134 3116 ἀπόκειταί
1166 3078 1266 3129 μοι
1293 3064 1324 3114 ό
1356 3059 1460 3127 τῆς
1483 3060 1779 3114 δικαιοσύ-

202 3166 331 3218 νης
349 3154 667 3222 στέφανος,
697 3154 772 3206 ὃν
807 3152 1105 3206 ἀποδώσει
1137 3168 1236 3219 μοι
1269 3154 1301 3202 ό
1341 3152 1572 3218 Κύριος.
1604 3153 1664 3202 Οἱ
1691 3149 1781 3204 οὖν

197 3240 683 3318 ἑῖιγεγραμμένοι
709 3246 798 3308 εἰς
835 3245 901 3295 τὸ
940 3242 1112 3306 τέλος
1141 3241 1218 3306 τῷ
1256 3240 1452 3304 Δαυῒδ,
1505 3241 1653 3304 τέλος
1693 3245 1783 3294 καὶ

197 3348 222 3376 ν
239 3334 370 3404 Ξκην
392 3335 795 3404 ἀπαγγέλλουσι
822 3333 915 3387 τοῦ
933 3332 1165 3402 Χριστοῦ
1191 3331 1476 3401 λεγομένου
1492 3333 1664 3383 Δαυΐδ·
1692 3335 1784 3386 καὶ

184 3418 244 3468 εὶ
265 3427 337 3477 ντὶ
365 3427 477 3492 τοῦ,
511 3430 601 3492 εὶς
634 3426 834 3490 τέλος,
871 3425 1011 3478 κατὰ
1046 3424 1134 3476 τὸν
1177 3423 1424 3485 Ἀκύλαν,
1455 3423 1782 3476 νικοποιοῦ.

177 3502 200 3549 Ῑ
241 3510 383 3565 Ιαντὶ
425 3515 533 3585 γὰρ
582 3513 924 3582 νενικημένῳ
970 3512 1373 3581 περιποιήσεται
1423 3511 1594 3580 νίκην.
1653 3511 1783 3563 Ὑπὸ

165 3594 442 3667 Κριστοὸ
473 3605 587 3676 γάρ
632 3621 718 3666 τις
764 3601 1091 3672 νικώμενος,
1133 3600 1229 3670 τὴν
1274 3599 1468 3652 κακίαν
1513 3600 1780 3669 νενίκηκε,

157 3693 408 3764 ταύτην
450 3693 804 3763 ἐξαφανίζων
837 3691 914 3762 τῷ
969 3692 1326 3760 ὑποτετάχθαι
1360 3691 1598 3762 Χριστῷ.
1642 3692 1782 3761 Νικᾷ

182 3780 322 3852 Ἶέιρ
347 3788 444 3838 οὐκ
471 3787 740 3850 ἄκοντας,
771 3783 905 3836 ἀλλὰ
939 3783 1140 3836 πείθων
1168 3781 1242 3843 ὡς
1269 3781 1424 3849 λόγος
1458 3781 1609 3834 Θεοῦ.
1647 3782 1783 3843 Τοὺς

219 3863 280 3917 Et}
301 3875 564 3938 τοιούτους
603 3874 814 3943 ῦμνους
843 3873 874 3942 ἢ
906 3871 1170 3942 ψαλμοὺς,
1203 3873 1290 3935 εἰς
1333 3869 1398 3922 τὸ
1429 3869 1614 3934 νῖκος,
1651 3870 1781 3922 Θεο-

229 3952 386 4018 δοτίων
428 3965 754 4036 ἐπέγραψε·
807 3964 1098 4033 Σύμμαχος
1127 3962 1202 4026 δὲ,
1244 3960 1584 4024 ἐπινικίους.
1629 3959 1782 4013 Οὕτω

221 4044 270 4102 δδ
299 4062 433 4116 νοεῖν
475 4058 729 4125 εὔλογον,
758 4054 864 4107 κᾶν
889 4055 964 4123 μὴ
990 4052 1066 4122 τῷ
1093 4051 1253 4104 Δαυῒδ
1281 4046 1410 4104 ὦσιν
1443 4052 1779 4120 ἐπιγεγραμ-

221 4145 372 4215 μένοι,
401 4153 520 4205 ἀλλ’
546 4154 642 4215 εὶς
685 4147 755 4201 τὸ
794 4144 968 4209 τέλος
1013 4144 1170 4212 τυχὸν
1217 4141 1296 4207 τῷ
1337 4141 1534 4209 nave,
1581 4141 1613 4211 ἢ
1661 4141 1780 4207 τοῖς

215 4239 348 4309 υἱοῖς
372 4242 553 4310 Κορὲ,
587 4239 670 4308 τῷ
699 4237 826 4299 τοὺς
859 4237 1048 4302 ἁγίους
1080 4231 1418 4302 ἀναδεδέχθαι
1457 4233 1658 4294 πάντας
1684 4233 1780 4301 τὴν

211 4327 382 4386 εἰκόνα
412 4329 685 4403 Χριστοῦ.
713 4327 787 4378 Τὸ
820 4326 874 4378 δὲ
902 4325 972 4376 ἐν
1001 4323 1262 4391 ψαλμοῖς
1296 4323 1442 4392 παρὰ
1467 4325 1576 4384 τοῖς
1604 4321 1776 4374 Ἐϐδοο

213 4423 446 4488 μήκοντα
481 4423 581 4476 καὶ
626 4420 881 4481 Ἀκύλας,
918 4417 1034 4487 (sic)
1070 4416 1392 4484 σαφέστερον
1419 4417 1446 4466 ὁ
1472 4413 1774 4484 Σύμμαχος,

1889 1905 1970 1956 nis
1999 1901 2276 1956 rationalis
2304 1910 2510 1954 natura:
2541 1901 2659 1954 ﬁnis
2688 1909 2768 1955 est
2818 1909 2876 1952 ut
2925 1900 2975 1951 in
3007 1899 3221 1952 Christo
3249 1899 3412 1951 vitam

1885 1991 2149 2070 accipiat,
2187 1992 2636 2060 quemadmodum
2691 1991 2745 2042 in
2781 1991 2950 2059 prima
2997 1991 3060 2042 ad
3105 1988 3414 2042 Corinthios

1886 2079 2119 2149 Epistula
2139 2085 2212 2133 ait
2239 2081 2435 2134 Paulus
2466 2078 2531 2134 ⁸⁸.
2575 2118 2590 2133 .
2631 2118 2645 2132 .
2690 2119 2704 2133 .
2748 2120 2761 2134 .
2807 2120 2822 2134 .
2865 2121 2877 2133 .
2920 2117 2933 2132 .
2975 2118 2990 2133 .
3032 2079 3266 2148 Singulis
3296 2087 3415 2148 post

1885 2172 2153 2224 cruciatus
2182 2187 2276 2238 pro
2307 2171 2497 2223 merito
2531 2185 2631 2223 suo
2676 2170 2964 2237 viriﬁcatis.
3002 2168 3289 2237 Postquam
3317 2185 3416 2221 au-

1887 2267 1986 2311 tem
2014 2259 2256 2312 Christus
2284 2273 2469 2312 omnes
2496 2258 2586 2326 qui
2619 2258 2672 2310 in
2702 2258 2905 2308 Adamo
2936 2255 3130 2307 mortui
3167 2255 3412 2318 erant,in

1884 2350 2058 2416 seipso
2109 2348 2402 2415 vivi/icavit,
2462 2359 2649 2415 regnat
2681 2347 2732 2398 iu
2764 2346 3090 2412 viviﬁcatos:
3141 2343 3206 2395 ad
3251 2358 3410 2410 quam

1884 2454 1992 2491 rem
2019 2439 2258 2490 homines
2276 2437 2620 2505 intelligentia
2642 2437 2889 2504 prieditos
2909 2441 3094 2488 evocat
3109 2432 3407 2500 inscriptio,

1883 2530 1935 2581 in
1961 2529 2132 2596 ﬁnem.
2161 2527 2318 2581 Omni
2369 2535 2546 2580 autem
2593 2526 2853 2594 pratlianti
2890 2523 3010 2578 ﬁnis
3040 2524 3262 2576 victoria
3307 2533 3408 2578 est.

1896 2618 2068 2672 Multa:
2088 2633 2249 2687 porro
2273 2625 2398 2670 sunt
2418 2616 2722 2686 singulatim
2752 2623 2980 2684 acceptio
3005 2616 3240 2670 victoria!
3257 2633 3271 2679 ;
3287 2631 3414 2684 qua-

1883 2724 1998 2761 rum
2015 2709 2168 2761 ﬁnem
2192 2704 2678 2764 describitPaulus,
2699 2704 2856 2758 modo
2878 2704 3094 2758 dicens:
3129 2701 3190 2754 In
3209 2704 3288 2755 his
3305 2719 3415 2755 om-

1882 2798 2032 2851 nibus
2061 2812 2370 2861 superamus
2391 2803 2601 2864 propter
2621 2811 2732 2847 eum
2755 2795 2839 2864 qui
2861 2793 3040 2846 dilexit
3057 2811 3147 2846 nos
3170 2793 3234 2856 ";
3255 2791 3414 2846 modo

1881 2896 2086 2941 autem:
2109 2887 2306 2939 Bonum
2331 2895 2588 2938 certamen
2608 2884 2816 2946 certavi,
2838 2899 3046 2936 cursum
3063 2881 3433 2943 consummavi,

1881 2981 2032 3048 ﬁdem
2061 2979 2256 3032 servavi
2285 2993 2303 3030 :
2342 2979 2394 3029 in
2445 2977 2639 3045 reliquo
2679 2976 2898 3042 reposita
2951 2983 3024 3026 est
3067 2974 3192 3025 mihi
3220 2989 3412 3026 corona

1870 3068 2117 3136 justitia',
2132 3083 2285 3135 quant
2303 3067 2474 3119 reddet
2497 3065 2622 3117 mihi
2642 3063 2890 3115 Dominus
2909 3063 2971 3115 "°.
2992 3061 3188 3115 Psalmi
3207 3061 3406 3130 itaque,

1808 3181 1848 3237 ρ
1885 3161 1938 3210 in
1969 3160 2123 3226 ﬁnem
2179 3157 2278 3226 ipsi
2309 3155 2476 3209 David
2533 3155 2798 3222 inscripti,
2834 3155 2987 3206 tinem
3027 3151 3318 3220 praedicmtt
3351 3167 3413 3204 ac

1882 3249 2158 3300 victoriam
2207 3246 2407 3299 Christi
2435 3284 2448 3307 ,
2492 3245 2583 3312 qui
2617 3243 2782 3296 David
2809 3251 3046 3296 vocatur.
3091 3240 3217 3294 Vice
3238 3249 3412 3293 autem

1883 3338 2044 3398 illitis,
2074 3337 2127 3388 in
2150 3333 2624 3405 ﬁnem,secundum
2652 3332 2919 3400 Aquilam,
2947 3329 3410 3389 victoris,dicitur.

1880 3425 1928 3479 ls
1977 3427 2117 3478 enim
2166 3422 2383 3476 cuilibet
2411 3423 2551 3474 victo
2566 3421 2838 3474 victoriam
2871 3418 3086 3471 tribuet.
3106 3415 3236 3469 Nam
3262 3415 3413 3484 quis-

1879 3519 1998 3585 quis
2025 3531 2050 3567 a
2081 3514 2296 3567 Christo
2323 3513 2576 3573 vincitur,
2626 3510 2882 3563 malitiam
2912 3509 3098 3568 vincit,
3136 3507 3412 3576 ipsamque

1879 3607 1944 3659 de
1971 3607 2143 3658 medio
2169 3605 2325 3667 tollit,
2357 3604 2479 3672 quia
2509 3600 2791 3668 subjicitur
2812 3599 3046 3652 Christo.
3071 3596 3254 3664 Neque
3267 3597 3412 3649 enim

1880 3693 2076 3747 invitos
2108 3693 2271 3745 vincit
2302 3691 2410 3752 ille,
2437 3690 2530 3744 sed
2553 3688 2827 3749 suasione,
2860 3694 3044 3755 utpote
3059 3685 3279 3738 verbum
3298 3683 3410 3739 Dei.

1880 3784 2196 3852 llujusmodi
2231 3798 2391 3851 porro
2435 3783 2662 3852 hymnos
2702 3779 2782 3833 vel
2826 3779 3063 3847 psalmos
3096 3775 3411 3840 Theodotio,

1878 3877 1931 3928 in.
1954 3875 2244 3936 victoriam,
2272 3870 2545 3940 inscripsit
2575 3887 2588 3935 ;
2627 3867 3002 3937 Symmachus,
3055 3863 3412 3931 triumphales.

1879 3964 2184 4033 Eademque
2245 3963 2453 4016 ratione
2510 3957 2911 4028 intelligendum
2958 3964 3040 4010 est
3071 3956 3412 4009 etiamsinon

1880 4051 2066 4104 Davidi
2095 4049 2340 4118 inscripti
2370 4049 2499 4112 sint,
2537 4047 2629 4101 sed
2660 4047 2793 4098 forte
2815 4046 2868 4096 in
2903 4044 3056 4112 ﬁnem
3090 4043 3284 4110 Asaph,
3319 4051 3412 4094 aut

1878 4143 2004 4211 ﬁliis
2031 4142 2178 4206 Core,
2210 4143 2334 4209 quia
2383 4139 2551 4193 sancti
2577 4153 2762 4192 omnes
2800 4151 2896 4205 pro
2929 4135 3156 4203 imagine
3211 4133 3409 4187 Christi

1879 4232 2162 4285 habentur.
2219 4228 2351 4282 Illud
2409 4237 2580 4280 autem
2613 4261 2618 4265 -
2646 4227 2698 4278 in
2726 4225 2940 4293 psalmis
2988 4223 3131 4292 quod
3183 4223 3235 4276 in
3275 4220 3413 4276 LXX
3448 4297 3451 4300 _

1877 4331 1930 4378 et
1955 4323 2007 4375 in
2031 4321 2218 4391 Aquila
2243 4319 2457 4389 legitur,
2488 4317 2728 4386 apertius
2753 4315 3105 4385 Symmachus
3133 4330 3248 4366 cum
3276 4311 3414 4380 psal-

1881 4411 2020 4464 teriis
2070 4408 2282 4472 edidit;
2329 4408 2590 4474 docetque
2643 4420 2765 4458 cum
2813 4402 3085 4472 psalteriis
3140 4404 3410 4454 canticum

209 4505 297 4564 διὰ
331 4513 695 4582 ψαλτηρίων
719 4509 950 4572 ἐξέδωκε
982 4506 1215 4558 διδασκο.
1236 4546 1248 4558 .
1267 4545 1279 4558 .
1300 4543 1312 4555 .
1331 4540 1344 4556 .
1365 4541 1378 4555 .
1395 4543 1408 4555 .
1425 4543 1438 4555 .
1456 4542 1472 4557 .
1504 4505 1601 4574 τὴν
1635 4503 1773 4574 ᾠδὴν

1882 4499 2207 4571 persolutum
2256 4497 2440 4552 fuisse.
2507 4495 2764 4550 Psalteria
2819 4495 3014 4562 quippe
3059 4495 3410 4546 instrumenta

213 4597 471 4672 εἰρῆσθαι.
504 4643 517 4655 .
547 4640 560 4652 .
591 4639 605 4651 .
637 4639 651 4652 .
679 4637 694 4650 .
725 4637 737 4648 .
767 4634 782 4648 .
811 4633 826 4647 .
870 4595 938 4646 τὰ
967 4591 1235 4661 ψαλτήρια
1271 4589 1456 4642 πλείω.
1487 4629 1500 4640 .
1527 4627 1540 4640 .
1567 4628 1582 4642 .
1758 4629 1771 4642 .

209 4681 410 4756 1δρτανσ.
433 4693 498 4744 δι’
534 4685 614 4743 ὧν
645 4689 832 4759 ᾄδεται
857 4685 916 4735 τὸ
948 4686 1033 4746 εἰς
1058 4681 1121 4732 τὸ
1147 4680 1339 4744 τέλος,
1363 4680 1394 4748 ἢ
1421 4681 1451 4731 ό
1470 4679 1772 4741 ἐπίνίκιος,

210 4772 242 4841 ἦ
271 4783 348 4846 τῷ
379 4779 688 4844 νικοποιῷ,
718 4777 747 4828 ὃ
778 4773 970 4845 δηλοῦν
996 4772 1137 4824 ἔοικε
1169 4773 1260 4823 καὶ
1297 4770 1355 4822 τὸ
1384 4773 1467 4835 εὶς
1511 4771 1676 4834 νῖκος
1707 4771 1775 4821 ἐν

212 4864 417 4938 ὕμνοις
443 4872 597 4943 παρὰ
625 4869 704 4938 τῷ
736 4865 1068 4919 Θεοδοτίωνι.
1110 4860 1256 4928 Αὕτη
1287 4860 1462 4912 τοίνυν
1507 4861 1539 4929 ἡ
1581 4859 1708 4928 ᾠδὴ,
1741 4858 1772 4926 ἢ

218 4959 278 5010 ἰδ
306 4963 615 5032 μελῴδημα,
638 4959 672 5029 ἢ
702 4956 916 5024 ψαλμὸς
936 4954 1032 5022 τὴν
1055 4949 1345 5020 εἰρημένην
1371 4949 1504 5017 ἔχων
1527 4949 1774 5000 ὑπόθεσιν

227 5046 602 5119 ἐπαγγέλλεται
635 5046 839 5115 ταύτην
868 5042 1188 5110 κοινὼτερον
1220 5039 1313 5106 μὲν
1344 5039 1399 5090 ὲν
1423 5037 1499 5107 τῷ
1523 5039 1774 5108 προφήτῃ

240 5140 400 5205 deuia,
431 5138 832 5212 μυστικώτερον
869 5135 925 5187 δὲ
959 5132 1038 5201 τῷ
1079 5127 1325 5199 Χριστῷ,
1375 5129 1434 5180 τὸ
1483 5129 1773 5199 πρόσωπον

1880 4601 2023 4653 sunt,
2063 4589 2260 4658 quibus
2285 4586 2414 4639 illud
2453 4587 2505 4637 in
2529 4585 2683 4652 ﬁnem
2715 4583 2949 4643 canitur,
2980 4582 3092 4634 sive
3118 4597 3212 4641 pro
3258 4589 3410 4647 parta

1877 4681 2110 4741 victoria,
2141 4679 2255 4732 sive
2291 4676 2506 4730 victori:
2539 4673 2680 4742 quod
2713 4673 2888 4742 ipsum
2927 4671 3231 4740 signiﬁcare
3259 4669 3413 4721 vide-

1879 4778 1969 4823 tur
2009 4769 2133 4822 illud
2161 4769 2215 4819 in
2259 4766 2528 4820 victoriam
2558 4763 2611 4813 in
2653 4759 2856 4829 hymnis
2905 4758 3044 4827 apud
3078 4755 3408 4809 Theodotio-

1881 4874 2022 4913 nem.
2053 4857 2165 4910 lloc
2194 4855 2356 4926 igitur
2385 4853 2678 4915 canticum,
2711 4852 2793 4903 vel
2827 4847 3076 4908 melodia,
3106 4847 3219 4898 sive
3261 4845 3410 4915 psal-

1877 4962 2020 5010 mus,
2065 4951 2416 4999 mcmoratum
2469 4939 2673 4993 habens
2700 4942 3098 5006 argumentum,
3130 4934 3410 4987 victoriam

1879 5035 2178 5105 pollicetur,
2203 5048 2265 5086 ex
2284 5029 2577 5099 vulgatiore
2600 5026 2863 5081 sententia
2888 5023 3093 5086 Davidi,
3115 5022 3411 5077 secundum

1880 5139 2129 5179 arcanam
2163 5138 2287 5177 vero
2321 5117 2790 5190 signiﬁcationem,
2837 5113 3056 5169 Christo
3102 5127 3410 5168 sanctorum

312 5293 351 5325 ιι
386 5293 552 5348 ιροιι,
585 5309 687 5357 ιν,
717 5290 807 5345 22,
883 5287 930 5319 ”
970 5284 1138 5336 Rom.
1172 5293 1295 5339 VIII,
1325 5277 1412 5330 57.
1486 5280 1530 5310 ⁸ο
1566 5278 1608 5332 11
1638 5277 1774 5331 Tim.

1883 5273 2066 5342 ,7,8.

321 5443 385 5514 (1)
419 5447 666 5501 Hebraica
711 5444 868 5499 lectio
915 5447 1041 5498 est;
1072 5439 1262 5487 ἽἸῈΠὩ
1291 5435 1497 5488 ΠῚΣἾᾹΞΞ
1527 5413 1710 5489 nvm‘a
1754 5449 1765 5482 :

272 5519 363 5602 Td")
391 5551 500 5602 qua:
534 5535 609 5600 sic
645 5535 710 5587 ab
731 5531 924 5602 Aquila
957 5519 1367 5602 exprimllptyrz‘
1402 5517 1480 5585 τῷ
1521 5518 1774 5602 νικοποιῷ

281 5583 873 5672 ipsecausa;
925 5591 1010 5672 τῷ
1034 5583 1309 5672 esse
1334 5583 1656 5672 εγειίηιειοιιρ

283 5639 528 5672 “”Υ“”’“1⁴⁵⁹”ν
594 5639 873 5671 1⁸⁵⁵’“ἒ¹”¹¹1τ””
936 5639 996 5658 ’Ὗ
1069 5657 1078 5666 ο
1227 5651 1278 5667 9-
1378 5639 1440 5663 ‘~
1600 5653 1651 5669 os

78 5639 86 5735 \
284 5675 387 5735 i9...
425 5672 658 5734 ὲπινίκιος
712 5672 792 5722 διὰ
843 5655 1183 5735 ψαλτηρίῳν
1210 5651 1311 5734 gron
1363 5669 1463 5735 τῳ,
1500 5655 1668 5735 ῥαιέιοι
1729 5657 1772 5732 ᾼ

84 5721 88 5769 ί
288 5721 728 5801 τιεὸίιὸιῐὸιίέζέεέ
765 5721 829 5790 ξι
859 5721 1055 5783 ’νῖκοξ
1118 5725 1171 5772 ἐν
1210 5721 1392 5787 ῡμνοις
1435 5721 1638 5790 ψαλμδς
1699 5721 1772 5788 τῷ

1873 5447 2052 5500 Δαυῖδ.
2083 5435 2468 5499 Theodotionis
2504 5437 2768 5492 diversam
2819 5439 2974 5494 aﬁert
3034 5436 3407 5491 Theodoretus

1873 5517 2173 5573 lectionem,
2198 5511 2466 5569 nimirum,
2486 5506 2560 5575 τῷ
2578 5507 2832 5577 νικοποιῷ
2849 5511 2903 5561 ὲν
2935 5508 3145 5578 ὕμνοις,
3162 5514 3290 5572 etc.,
3315 5504 3407 5558 sed

1876 5587 2020 5654 prior
2039 5591 2306 5654 germana.
2494 5651 2502 5654 _
2544 5643 2555 5654 _
2697 5646 2708 5654 .
2820 5634 2838 5652 .

1946 5653 2016 5722 (2)
2041 5643 2144 5703 'Sic
2174 5649 2346 5700 lacera
2385 5651 2509 5697 sunt
2543 5643 2656 5699 haec
2695 5646 2748 5700 in
2789 5643 2919 5703 niss.
