3818 6308
814 384 914 438 1οἹ

1463 377 1722 438 EllSEBll
1754 374 2220 432 CAEISARIENSIS
2250 376 2396 435 OPP.
2429 376 2602 432 PARS
2655 377 2742 432 Ill.
2785 408 2851 416 —
2889 377 3200 432 EXEGE’I‘ICA.

813 501 941 554 d'um
975 513 1290 553 arcanorum
1329 495 1705 566 mysteriorum
1739 508 2122 562 sacrarumque
2153 510 2321 564 specu

2009 510 2122 562 aque
2153 510 2344 564 specu-
2373 504 2415 559 Α
2445 495 2624 547 λαϐεῖν
2647 497 2794 565 ἡμᾶς
2818 497 2937 566 χρὴ,
2963 493 3328 557 ῶςείσινὺπδΘεοῦ
3348 495 3517 565 τεθαυμα

812 588 1071 642 lationum
1120 586 1456 640 mirabilibus
1496 581 1850 636 admoventur
1879 600 1890 634 :
1915 589 2072 650 atque
2120 582 2220 649 ipsi
2250 597 2344 650 per

812 678 906 732 Dei
959 679 1180 746 gratiam
1240 677 1580 742 divinumque
1631 673 2016 741 inspectionem
2074 672 2343 727 mirabiles

812 771 1060 825 evadunt.

886 945 1051 998 Vens.
1085 944 1136 996 5.
1180 939 1478 993 Irascimini
1500 947 1548 993 et
1572 939 1728 992 nolite
1753 954 1960 1006 peccare
1985 952 2003 990 :
2033 954 2146 1008 quia
2172 938 2343 993 dicitis

812 1039 869 1089 in
913 1031 1150 1087 cordibus
1190 1033 1391 1094 vestris,
1430 1032 1483 1083 in
1524 1029 1776 1082 cubilibus
1826 1031 2004 1082 vestris
2048 1031 2345 1098 compungi-

810 1124 956 1176 mini.
989 1120 1186 1174 Suadet
1223 1120 1315 1172 irae
1347 1120 1600 1189 impetum
1635 1117 1904 1178 cohibere,
1932 1118 1976 1170 si
2016 1117 2231 1185 quando
2261 1133 2346 1170 vc-

809 1211 1041 1266 liemen‘ti
1091 1209 1448 1264 commotione
1498 1207 1734 1271 feratur,
1784 1217 2068 1276 monetque
2116 1223 2183 1260 ne
2216 1207 2344 1276 quid

807 1303 887 1355 ira
917 1302 1221 1370 impellente
1238 1306 1428 1369 agatur
1457 1317 1470 1352 :
1500 1313 1673 1367 neque
1701 1300 2006 1367 importune
2031 1299 2156 1351 talia
2181 1298 2338 1350 fatur.

807 1392 940 1444 Nam
980 1391 1106 1460 quia
1143 1391 1179 1443 ii
1213 1391 1305 1459 qui
1337 1405 1366 1443 a
1398 1388 1596 1442 Davide
1621 1389 1854 1453 stabant,
1885 1388 2228 1442 rebellionem
2253 1389 2345 1439 lilii

807 1484 861 1536 in
889 1491 1112 1549 patrem,
1145 1482 1220 1534 uti
1248 1495 1345 1549 par
1371 1485 1506 1545 erat,
1535 1479 1750 1548 indigne
1777 1478 2028 1541 ferentes,
2064 1479 2117 1530 in
2148 1478 2343 1530 bellum

809 1581 997 1628 contra
1046 1571 1367 1627 Absalonem
1427 1571 1506 1623 ira
1552 1569 1782 1638 correpti
1831 1567 2342 1637 proﬁciscebantur;

807 1664 930 1719 ideo
974 1662 1052 1717 sic
1093 1676 1187 1717 eos
1231 1661 1550 1730 compellare
1593 1657 1976 1712 videtur:Vos
2021 1657 2256 1725 quidem,
2313 1671 2344 1708 ο

805 1757 910 1812 viri
969 1754 1398 1815 commilitones,
1449 1751 1539 1820 qui
1592 1764 1717 1803 vere
1767 1748 1982 1817 gloriosi
2025 1747 2128 1801 mei
2177 1746 2342 1806 estis,

2440 588 2489 638 οί
2521 588 2674 648 ὅσιοι,
2711 587 2940 654 Θαύμασι
2968 585 3260 655 προσαχθέντες
3279 586 3360 637 τῶν
3385 588 3513 657 ἁπορρ

2444 677 2673 746 στηρίων
2701 677 2792 728 καὶ
2830 675 2932 728 τῶν
2977 675 3101 742 ἁγίων
3133 675 3425 744 θεωρημάτων,
3446 679 3513 728 καί

2441 767 2604 837 αὐτὴν
2625 764 2716 819 τοῦ
2741 766 2872 818 Θεοῦ
2905 766 3038 836 χάριν
3062 765 3132 816 καὶ
3147 762 3262 816 Θείαν
3280 766 3518 834 ἐπισκοπὴν1

2443 856 2735 926 γενόμενοι.

2525 945 2836 1014 Ὀργίζεσθε
2890 943 2980 996 καὶ
3010 942 3075 1010 μὴ
3111 941 3418 1010 ἁμαρτάνετε·
3450 944 3478 995 ἂ
3515 983 3518 994 .

2441 1035 2568 1101 ταῖς
2597 1035 2860 1102 καρδίαις
2879 1033 3039 1102 ὑμῶν,
3057 1032 3131 1083 ἐπί
3162 1032 3265 1096 ταῖς
3289 1033 3462 1096 κοίταις
3493 1036 3518 1085 ὑ

2442 1129 2674 1197 vii-mre.
2705 1125 3037 1195 Συμϐουλεύει
3064 1124 3250 1177 κωλύειν
3281 1124 3330 1176 τὸ
3363 1124 3440 1193 τῆς
3471 1126 3518 1194 ὀρ

2443 1218 2496 1270 εἴ
2520 1233 2646 1269 ποτε
2676 1213 3030 1282 ἀγανακτικῶς
3056 1214 3345 1276 ἁνακινεῖται,
3369 1213 3475 1281 μηδὲ
3500 1231 3518 1262 ε

2444 1306 2608 1377 Θυμὸν
2642 1305 2899 1357 κινεῖσθαι
2947 1303 3190 1374 παραινῶν.
3229 1305 3319 1355 Οὐκ
3357 1303 3518 1371 ἀκαίρω

2444 1412 2602 1466 φησιν
2621 1411 2635 1424 ·
2677 1395 2787 1447 ἀλλ’
2821 1393 2997 1463 ἐπειδὴ
3028 1393 3140 1446 κατὰ
3163 1394 3238 1445 τοῦ
3269 1392 3514 1445 Ἀϐεσσαλίο

2443 1490 2519 1550 είς
2547 1487 2795 1555 πόλεμον,
2827 1485 2936 1553 μετ’
2961 1484 3101 1553 ὀργῆς
3126 1483 3340 1554 ἐξῄεσαν,
3370 1483 3430 1545 ὡς
3458 1486 3514 1533 εί)

2443 1578 2533 1631 τοῦ
2565 1577 2739 1637 Δαυῖδ,
2779 1573 3161 1641 ἀγανακτοῦντες
3186 1572 3263 1622 ἐπὶ
3300 1574 3358 1640 τῇ
3383 1570 3462 1622 τοῦ
3484 1589 3510 1621 υ

2443 1666 2644 1738 πατρὸς
2701 1663 3064 1715 ἐπαναστάσει·
3103 1662 3264 1713 τούτου
3312 1661 3445 1732 χάριν
3481 1661 3516 1711 ξι

2443 1774 2559 1809 τινα
2587 1755 2718 1824 πρὸς
2749 1752 2938 1814 αὐτοὺς
2968 1752 3137 1818 λέγειν·
3179 1752 3340 1820 Ὑμεῖς
3367 1745 3513 1820 μὲν,ιῖ

809 1854 991 1916 utpote
1021 1845 1122 1913 ﬁlii
1147 1843 1434 1904 hominum,
1468 1841 1624 1910 'gravi
1652 1844 1810 1892 corde
1842 1837 2073 1907 prmditi,
2105 1843 2159 1890 et
2197 1850 2315 1888 mor

2011 1837 2073 1899 ίίν
2105 1843 2159 1890 εἰ
2197 1850 2343 1888 ῐιὶοΐ-
2379 1828 2417 1880 Β
2447 1864 2624 1916 μαχοι.
2661 1847 2707 1899 οἳ
2737 1847 2798 1916 δὴ
2839 1845 2929 1898 καὶ
2957 1841 3157 1905 ἔνδοξοί
3209 1858 3326 1911 μου,
3350 1841 3414 1902 ὡς
3448 1844 3515 1892 vlt

806 1939 930 1991 talis
971 1936 1132 2004 hujus
1174 1935 1294 1988 vitm
1344 1931 1569 1986 vanitati
1611 1932 1896 1995 haerentes,
1931 1929 2345 1998 ignorantesque

801 2029 1006 2098 justum
1034 2025 1128 2080 Dei
1157 2033 1344 2079 contra
1377 2023 1569 2091 impios
1593 2021 1877 2090 judicium,
1921 2018 2216 2073 irascimini
2251 2017 2347 2070 ad-

804 2135 996 2174 versus
1039 2116 1261 2183 impium
1316 2113 1482 2167 lilium
1514 2130 1528 2165 :
1564 2126 1627 2164 ac
1669 2111 1791 2179 jure
1817 2108 2030 2178 quidem
2069 2105 2341 2168 commoti,

805 2206 1132 2274 indigneque
1163 2218 1276 2256 rem
1308 2201 1562 2264 ferentes,
1595 2199 1648 2253 in
1677 2199 1872 2252 bellum
1917 2194 2339 2266 proliciscimini.

804 2297 916 2366 Ego
947 2311 1072 2350 vero
1101 2308 1194 2347 vos
1232 2308 1420 2347 omnes
1456 2305 1671 2351 moneo,
1704 2289 1807 2342 etsi
1837 2289 2026 2341 merito
2074 2288 2150 2339 ira
2177 2287 2344 2354 perci-

802 2399 911 2449 tos,
954 2402 1023 2441 ne
1067 2385 1185 2440 sitis
1224 2381 1518 2439 clementia:
1548 2380 1925 2450 patientiaeque
1975 2379 2340 2443 immemores,

805 2489 910 2533 neu
965 2477 1038 2529 ita
1090 2473 1473 2536 succenseatis,
1524 2480 1584 2525 ut
1638 2471 1693 2524 in
1743 2477 2023 2539 peccatum
2067 2469 2340 2522 lab‘amini.

805 2567 1163 2633 Quamobrem
1207 2563 1325 2617 dico
1367 2582 1380 2616 :
1420 2560 1750 2626 Irascim'ini,
1790 2560 1877 2614 sed
1921 2560 2076 2613 nolite
2112 2575 2339 2627 peccare.

805 2655 1029 2710 Etiamsi
1058 2667 1224 2723 porro
1275 2659 1493 2720 propter
1537 2650 1808 2718 improbos
1852 2648 2136 2702 Absalonis
2177 2663 2340 2702 ausus

806 2747 1009 2808 animo,
1044 2745 1196 2812 juxta
1241 2741 1510 2811 Aquilam,
1564 2739 1993 2801 commovemini,
2039 2745 2223 2792 cavete
2260 2747 2341 2790 ta-

805 2855 952 2901 men,
983 2853 1049 2892 ne
1076 2835 1346 2907 prioribus
1375 2832 1608 2902 peccatis
1656 2845 1851 2884 novum
1884 2828 2167 2897 adjiciatis,
2211 2827 2256 2881 si
2285 2829 2338 2880 in

802 2927 1083 2983 iracundia
1123 2922 1499 2994 perseveretis.
1532 2917 1910 2989 Deprehendes
1953 2923 2130 2970 autem
2166 2916 2226 2968 in
2257 2914 2340 2966 hi-

805 3020 973 3076 storia
1026 3018 1202 3088 ipsum
1249 3012 1537 3068 admodum
1584 3009 1908 3081 praecepisse
1955 3014 2014 3062 ut
2065 3006 2176 3061 lilio
2218 3022 2341 3077 par-

805 3118 1007 3166 ccrent.

873 3285 1037 3340 Vens.
1057 3282 1162 3340 6.7.
1175 3280 1477 3348 sacriﬁcate
1507 3274 1823 3346 sacriﬁcium
1840 3274 2096 3343 justitite,
2127 3275 2192 3326 'et
2230 3290 2342 3340 spe-

803 3389 916 3429 rate
961 3375 1014 3428 in
1066 3373 1308 3427 Domino.
1345 3369 1565 3423 Etiamsi
1604 3375 1662 3421 ut
1708 3367 1950 3420 homines
1995 3364 2246 3418 mortales
2287 3364 2342 3417 in

804 3468 989 3520 multis
1066 3462 1515 3534 cogitationibus,
1583 3459 1663 3512 ira
1723 3457 1984 3526 permoti,
2057 3471 2152 3526 per
2202 3457 2341 3510 diem

803 3555 1130 3621 versamini;
1181 3560 1236 3605 at
1284 3552 1339 3604 in
1394 3550 1659 3603 cubilibus
1709 3548 1888 3616 quiete
1933 3547 2072 3615 apud
2117 3561 2213 3600 vos
2260 3546 2341 3615 ip-

805 3661 896 3700 sos
946 3649 1198 3712 agentes,
1251 3647 1410 3708 atque
1463 3639 1552 3691 illa
1601 3652 1718 3707 qute
1770 3637 1826 3689 in
1883 3635 1969 3690 die
1997 3635 2341 3704 perpetrastis

804 3733 1079 3786 vobiscum
1163 3735 1502 3797 reputantes,
1597 3723 2033 3794 compungimini.
2109 3722 2185 3779 Ne
2250 3724 2343 3794 igi-

806 3830 892 3874 tur
930 3819 1182 3876 adversus
1226 3832 1320 3871 eos
1371 3815 1462 3885 qui
1508 3829 1604 3868 vos
1651 3812 1980 3867 facinoribus
2025 3812 2343 3881 aggrediuno

803 3919 910 3971 tur,
965 3922 1137 3977 neque
1195 3906 1453 3960 adversus
1520 3904 1686 3958 lilium
1751 3903 1890 3972 patri
1941 3903 2190 3958 rebellem
2260 3904 2340 3957 ira

802 3997 1145 4052 concitemini
1181 4015 1193 4049 :
1229 4011 1331 4049 neu
1377 4009 1491 4059 vos,
1535 3993 1921 4048 lacessentibus
1967 3992 2090 4046 licet
2141 3993 2337 4062 impiis,

803 4094 964 4157 atque
1009 4087 1076 4140 ad
1127 4084 1460 4139 iracundiam
1514 4082 1964 4153 provocantibus,
2015 4084 2070 4136 in
2121 4094 2340 4151 peccata

802 4176 1088 4239 labamini;
1128 4177 1234 4229 imo
1283 4176 1484 4244 potius,
1532 4174 1578 4229 si
1621 4173 1834 4243 quidem
1884 4173 1939 4226 in
1987 4179 2100 4226 tuto
2147 4174 2340 4242 degere

803 4267 1053 4336 cupiatis,
1087 4267 1378 4335 sacriﬁcate
1399 4266 1715 4333 sacriﬁcium
1751 4265 2001 4332 justitite,
2042 4273 2090 4318 et
2136 4274 2340 4332 sperate

804 4360 858 4412 in
901 4350 1158 4422 Domino;
1201 4374 1375 4428 neque
1427 4358 1842 4421 conturbemini,
1879 4366 2062 4426 utpote
2103 4357 2197 4426 qui
2244 4373 2338 4426 per

2438 1933 2824 2002 ,ϐαρυκάρδιοί
2871 1949 3004 1993 τινες
3032 1931 3186 1992 ὄντες,
3217 1930 3297 1982 καὶ
3343 1933 3404 2000 τῇ
3432 1929 3512 1982 τοῦ

2448 2027 2757 2095 ματαιότητι
2809 2021 3158 2092 προσέχοντες,
3183 2021 3275 2072 οὐκ
3303 2021 3481 2082 εἰδότες

2443 2114 2580 2167 κατὰ
2611 2114 2718 2166 τῶν
2750 2112 2957 2166 ἀσεϐῶν
2985 2109 3351 2179 δικαιοκρισίαν,
3381 2107 3514 2178 θυμοί

2443 2203 2668 2266 ἀσεϐοῦς
2709 2201 2820 2254 υἱοῦ
2841 2218 2854 2230 ·
2889 2201 2979 2252 καὶ
3021 2198 3220 2260 δικαίως
3252 2197 3515 2267 κινούμενο

2443 2295 2640 2356 κτικῶς
2668 2290 3014 2362 ὀργιζόμενοι,
3047 2289 3128 2341 ἐπὶ
3175 2288 3260 2340 τὸν
3306 2289 3512 2357 πόλεμον

2441 2385 2496 2437 δὲ
2545 2386 2652 2446 τοῖς
2687 2384 2814 2435 πᾶσι
2851 2382 3084 2451 παραινῶ
3107 2421 3120 2445 ,
3157 2381 3202 2431 εί
3242 2381 3332 2433 καὶ
3359 2379 3518 2446 εὔλογ’

2444 2475 2585 2545 ὑμᾶς
2615 2473 2673 2525 οὐ
2717 2473 2821 2543 χρὴ
2867 2473 2961 2542 τῆς
2999 2470 3188 2533 οἰκείας
3231 2470 3509 2523 ὲπιλανθὰν

2441 2564 2581 2627 κίας,
2606 2563 2708 2615 οὐδ’
2731 2563 2821 2615 ἐπὶ
2847 2562 2999 2615 πλέον
3027 2561 3364 2624 ἐξάπτεσθαι,
3390 2562 3463 2623 ὡς
3482 2579 3514 2613 κ

2441 2654 2740 2706 ἐκπίπτειν.
2771 2653 2859 2704 Διό
2892 2667 3057 2720 φημι·
3105 2650 3442 2719 Ὀργίζεσθε,
3481 2652 3513 2704 ἀ

2438 2739 2660 2793 nlicere.
2689 2741 2750 2792 El
2774 2739 2829 2791 δὲ
2862 2739 2955 2792 καὶ
2982 2738 3273 2802 κλονεῖσθε,
3307 2739 3452 2792 κατὰ
3481 2757 3518 2790 τι

2438 2829 2610 2900 ψυχὰς
2636 2829 2722 2882 διὰ
2756 2829 2821 2882 τὰ
2849 2829 2924 2899 τῷ
2959 2827 3312 2898 Ἀϐεσσαλὼμ
3338 2846 3512 2899 προτει

2438 2919 2596 2989 ὁρᾶτε
2642 2918 2715 2990 μὴ
2744 2919 2835 2971 καὶ
2860 2919 3044 2989 ἑτέραν
3073 2918 3166 2971 ἐπὶ
3197 2922 3323 2982 ταῖς
3359 2937 3518 2990 προ-ιε

2439 3011 2740 3080 ἁμαρτίαν,
2786 3013 2850 3080 τῇ
2893 3012 3025 3081 ὀργῇ
3069 3011 3458 3081 ἐπιμένοντες.
3503 3015 3516 3065 l

2366 3140 2407 3195 C
2441 3105 2579 3157 κατὰ
2613 3103 2709 3195 τὴν
2731 3103 2964 3195 ἱστορίαν
2995 3103 3167 3156 πολλὰ
3211 3104 3518 3177 παραινοῦν

2444 3195 2562 3248 σθαι
2593 3194 2684 3246 τοῦ
2709 3194 2913 3256 παιδός.

2513 3285 2739 3338 Θύσατε
2765 3283 2980 3337 θυσίαν
2999 3283 3455 3354 δικαιοσύνης,
3492 3306 3518 3339 ’λ

2441 3373 2674 3441 Κύριον.
2693 3375 2754 3425 El
2777 3373 2868 3426 καὶ
2893 3373 2966 3436 ὡς
2993 3373 3092 3426 ἄνθ
3102 3392 3295 3443 ρωποι
3335 3378 3516 3448 θνητο

2443 3464 2556 3534 μεθ’
2589 3465 2797 3534 ἡμέραν
2824 3464 3194 3536 ὀργιζόμενοι·
3229 3469 3354 3520 ἀλλ’
3389 3470 3500 3522 ἓ,πῖ

2440 3555 2522 3622 ἐφ’
2551 3553 2795 3623 ἡσυχίας,
2827 3557 2952 3630 παρ’
2984 3556 3221 3620 ἑαυτοῖς
3246 3560 3513 3629 γενόμεν

2437 3646 2503 3697 δι’
2541 3645 2751 3715 ἡμέρας
2811 3646 2937 3714 ὑμῖν
2998 3650 3426 3718 πεπραγμένα.
3480 3652 3517 3705 ’ὃ

2438 3734 2586 3803 γοῦν,
2610 3736 2789 3804 φησὶν,
2817 3733 3111 3805 ὀργίζεσθε
3151 3739 3326 3792 κατὰ
3378 3742 3508 3795 τῶν

2437 3824 2698 3888 λούντων,
2735 3825 2866 3894 μηδὲ
2904 3826 3052 3878 κατὰ
3105 3828 3221 3880 τοῦ
3286 3832 3511 3886 animum.

2441 3917 2576 3987 μήτε
2629 3914 2780 3967 αὐτοὶ⁵
2829 3914 3293 3984 ἁμαρτάνοντες
3319 3959 3337 3982 ,
3380 3922 3510 3975 κᾶν

2440 4003 2829 4075 προκαλοῦνται
2860 4003 3007 4073 ὑμᾶς
3068 4006 3167 4069 εἰς
3228 4008 3450 4082 ὀργῆς

2437 4094 2572 4156 τίας,
2604 4092 2715 4146 ἀλλ’
2771 4092 2891 4144 ἀντὶ
2923 4091 3157 4145 τούτων
3221 4100 3518 4166 μᾶλλον,

2437 4183 2670 4254 ἀσφαλὲς
2702 4183 2862 4253 ἔχειν,
2911 4184 3168 4238 θύσατε
3211 4191 3504 4245 θυσίαν·

2437 4275 2723 4328 ἐλπίσατε
2759 4273 2857 4326 ἐπὶ
2903 4274 3160 4340 Κύριον
3187 4315 3209 4342 ,
3295 4281 3427 4333 καὶ

2437 4365 2798 4426 οίκειωθέντες
2829 4361 2905 4433 τῷ
2932 4365 3158 4433 Κυρίῳ
3207 4367 3330 4421 διὰ
3381 4371 3514 4442 τῆς

800 4451 1064 4520 justitiam
1112 4451 1166 4504 in
1195 4449 1288 4506 Dei
1338 4451 1592 4504 familiam
1637 4451 1856 4522 ascripti
1899 4451 2048 4505 estis.
2084 4448 2308 4515 Quando

2004 4466 2048 4505 s.
2084 4448 2337 4515 Quando-
2369 4458 2410 4512 Ι)
2441 4471 2543 4522 περ
2579 4455 2697 4506 ἀντὶ
2752 4451 2928 4522 πάσης
2966 4451 3213 4515 θυσίας
3275 4459 3506 4528 χαίρε

804 4547 1020 4616 quidem
1048 4547 1135 4601 ille
1163 4561 1270 4616 prae
1298 4548 1548 4602 omnibus
1582 4547 1885 4608 sacriﬁciis,
1913 4547 2136 4616 justitiae
2163 4548 2339 4616 operi-

804 4639 907 4691 bus
931 4646 984 4691 et
1013 4643 1158 4690 recte
1191 4635 1348 4691 factis
1380 4637 1708 4700 delectatur;
1746 4637 1915 4688 multo
1944 4637 2085 4689 enim
2118 4645 2338 4704 praesta—

803 4729 968 4784 bilius
1009 4736 1092 4783 est
1132 4728 1206 4781 ita
1242 4743 1420 4800 agere,
1451 4745 1613 4799 quam
1645 4730 1806 4784 irasci
1843 4739 1895 4784 et
1937 4731 2196 4784 ultionem
2228 4745 2338 4784 me-

804 4818 994 4884 ditari;
1023 4833 1139 4872 eam
1179 4818 1250 4873 ob
1280 4834 1414 4884 rem,
1460 4819 1756 4874 rebellante
1780 4817 1910 4885 tilio,
1941 4834 2002 4873 ea
2054 4819 2185 4874 mihi
2233 4835 2337 4873 una

806 4921 934 4960 cura
965 4909 1083 4976 luit,
1109 4917 1168 4964 ut
1195 4925 1288 4979 per
1310 4910 1575 4980 justitiam
1613 4911 1778 4966 Deum
1807 4911 2072 4978 placarem
2105 4929 2118 4964 :
2147 4924 2333 4980 quare,

807 5010 922 5046 cum
951 4998 1236 5052 invocarem
1275 5003 1538 5057 exaudivit
1568 5019 1646 5056 me
1675 5002 1811 5055 Deus
1832 5001 2057 5069 justitia:
2084 5016 2230 5062 meaa,
2261 5007 2334 5063 et,

807 5082 860 5133 in
892 5083 1220 5140 tribulatione
1261 5091 1498 5144 dilatasti
1542 5091 1689 5153 mihi,
1723 5088 1846 5158 quia
1878 5103 2000 5142 cum
2039 5088 2338 5142 sacriﬁcas-

807 5185 920 5225 sem
952 5173 1271 5231 sacriﬁcium
1294 5181 1535 5248 justitite,
1569 5183 1623 5236 in
1653 5182 1769 5251 ipso
1801 5179 2032 5250 speravi.

877 5257 1034 5313 Multi
1060 5260 1237 5315 dicunt
1267 5282 1284 5318 :
1311 5262 1431 5337 quis.
1450 5271 1683 5325 ostendet
1710 5271 1854 5324 nobis
1885 5270 2058 5325 bona?
2090 5269 2196 5322 Alii
2219 5269 2339 5338 qui-

806 5349 928 5403 dem
977 5352 1078 5403 alia
1123 5353 1440 5421 cogitantes,
1474 5363 1809 5433 maximeque
1851 5361 1941 5431 qui
1985 5361 2131 5430 gravi
2174 5360 2336 5414 corde

807 5445 935 5493 sunt
967 5439 1060 5492 ﬁlii
1086 5439 1382 5506 hominum,
1406 5450 1498 5515 qui
1535 5453 1821 5506 vanitatem
1850 5451 1969 5505 vitae
1998 5448 2244 5518 diligunt,
2275 5462 2338 5500 ac

806 5530 1055 5599 ignorant
1081 5545 1198 5598 qua:
1225 5547 1348 5586 vere
1375 5534 1514 5590 bona
1541 5541 1667 5608 sint,
1689 5550 1744 5598 et
1779 5557 1896 5598 cum
1926 5555 2098 5609 neque
2122 5545 2338 5608 sperent

803 5637 980 5691 neque
1012 5621 1234 5676 credant
1259 5637 1320 5676 ea
1358 5640 1415 5679 se
1452 5629 1662 5685 visuros
1693 5647 1949 5701 unquam,
1981 5630 2131 5684 aiunt
2163 5647 2175 5682 :
2206 5627 2336 5692 Quis

800 5710 1034 5768 ostendet
1080 5711 1226 5768 nobis
1272 5713 1440 5769 bona?
1484 5715 1664 5781 Neque
1704 5723 1846 5778 enim
1884 5737 1947 5778 ea
1979 5719 2179 5780 vident.
2208 5717 2334 5774 auia

2436 4547 2555 4607 ταῖς
2597 4546 2712 4598 κατ’
2751 4543 2945 4614 ἀρετὴν
2989 4543 3333 4611 πράξεσι.
3395 4551 3510 4602 Kc

2437 4637 2687 4707 πράττειν
2798 4635 3145 4706 ὀργίζεσθαι
3198 4641 3342 4693 καὶ
3421 4645 3516 4697 ὲα

2435 4728 2628 4792 δάζειν.
2681 4726 2768 4779 Διὺ
2813 4727 2876 4796 δὴ
2903 4727 3006 4778 καὶ
3062 4727 3327 4794 αὐτὸς,
3403 4736 3508 4787 ὲπ

2437 4818 2562 4888 περὶ
2615 4818 2769 4870 τοῦτο
2817 4816 2975 4885 μόνον
3046 4817 3512 4879 ἐσπούδασα

2435 4909 2563 4961 Θεὸν
2606 4908 2977 4976 ἱλασκόμενος·
3045 4907 3252 4976 ὅθεν,
3316 4914 3480 4969 Ἐν

2434 4996 2756 5063 εὶσήκουσέ
2781 5016 2897 5066 μου
2920 5001 2952 5051 ό
2992 4997 3191 5064 Θεὸς
3260 5003 3439 5072 τῆς

2435 5090 2502 5140 ἐν
2536 5089 2734 5155 θλίψει
2770 5087 3173 5153 ἐπλάτυνάς
3237 5110 3407 5158 μοι
3439 5113 3458 5125 ο

2435 5177 2793 5248 δικαιοσύνης,
2821 5180 2906 5230 ἐπ’
2941 5178 3162 5232 αὑτὸν
3215 5181 3506 5251 ﬁla-rec

2502 5269 3064 5338 Πολλοὶλέγουσιν·
3121 5269 3274 5334 Τίς
3328 5273 3485 5327 δεί

2439 5358 2730 5429 μὲν,φησὶν
2751 5399 2765 5421 ,
2792 5360 2966 5421 ἄλλως
2991 5359 3313 5412 διανοοῦ
3327 5379 3482 5431 μεχ

2439 5449 2709 5520 ρυκάρδιοι
2740 5452 2844 5503 υἱοὶ
2867 5450 2979 5502 τῶν
3037 5446 3470 5517 ἀνθρώπω

2434 5539 2689 5608 ταιότητα
2724 5541 3102 5608 ἀγαπῶντες.
3151 5537 3324 5592 οὐκ
3401 5550 3459 5596 ε’

2434 5625 2551 5680 οὐδὲ
2585 5628 2917 5694 ἐλπίζοντες,
2971 5625 3138 5679 οὐδὲ
3237 5644 3458 5685 auo-1:

2438 5718 2595 5772 φασί·
2630 5721 2722 5783 Τίς
2748 5718 2925 5783 δείξει
2950 5717 3149 5784 ἡμῖν
3215 5717 3346 5772 τὰ
3393 5723 3452 5778 ἀ
