3818 6342
94 442 169 521 ι
234 404 283 451 ⁸³
1364 434 1856 486 (ιυιιιιωτλιιιςι
1894 437 1952 485 iu
1996 436 2317 491 PSALMOS.
3316 451 3412 500 ιω

240 514 414 584 ὖτᾶντιῖ)
451 516 528 587 μὴ
562 527 1067 591 καταἰ)γὰζεσθαι
1103 540 1182 608 τῷ
1220 544 1355 609 φωτὶ
1392 546 1479 595 τοῦ
1516 544 1748 614 προσὼπε

1905 546 2077 598 vultus
2098 547 2171 598 tui
2198 549 2397 601 lumine
2421 563 2528 602 non
2556 550 2891 605 illustrantur
2918 572 2930 606 :
2955 556 3291 623 quamobrem
3316 561 3413 611 rati

122 607 305 704 :(m-
338 607 510 711 5015i}
546 611 696 711 μόνα
731 616 808 669 τὰ
861 622 1064 693 γεώδη
1105 607 1201 680 Xa.
1234 607 1450 702 φθαρτὰ
1492 607 1630 685 ιτὲολε

1904 636 2015 687 sola
2043 645 2252 689 terrena
2283 648 2334 691 et
2361 641 2725 707 corruptibilia
2758 644 2893 695 bona
2922 659 3058 707 esse,
3086 647 3152 700 iis
3181 647 3409 711 student,

138 694 357 787 'Vovts;
383 694 521 752 εἶναι
543 703 767 768 ἀγαθὰ,
798 712 949 780 περὶ
979 715 1160 768 ταῦτα
1198 720 1540 788 ἀσχολοῦνται
1561 722 1646 773 καὶ

1904 740 1958 777 ea
2005 737 2414 795 persequuntur.
2450 730 2599 794 Quod
2644 733 2690 784 si
2730 734 2851 801 quis
2886 750 2975 788 eos
3017 736 3083 790 de
3122 738 3313 793 divinis
3350 755 3412 793 ac

157 808 270 869 τά
293 790 737 859 μεταδιώκουσιν.
776 798 849 851 Εἰ
887 801 949 853 δέ
990 822 1077 867 τις
1107 807 1287 869 αὐτοῖς
1314 810 1437 879 περὶ
1473 811 1576 862 τῶν
1601 812 1665 863 θεπ

1903 814 2207 870 caelestibus
2258 818 2576 885 alloquatur,
2624 836 2811 890 rogare
2861 824 3027 877 solent
3063 842 3076 878 :
3114 826 3242 890 Quis
3288 844 3411 897 ergo

180 900 314 971 Ρων
335 883 425 934 καὶ
448 885 807 955 ἐπουρανίων
844 890 1028 959 λέγοι,
1054 897 1262 966 ἐρωτᾷν
1289 899 1532 952 εἰώθασιν
1551 918 1563 929 ·
1592 902 1688 953 Καὶ

1900 911 1978 954 est
2005 905 2093 971 qui
2140 906 2250 958 lucc
2291 883 2533 961 ostendet
2582 883 2770 964 nobis?
2800 911 2872 964 Eo
2925 913 2999 964 illi
3046 917 3199 969 modo
3240 883 3408 970 allecti

195 976 326 1047 ξε,ρά
355 977 492 1028 ἐστιν
542 979 570 1029 ὁ
620 977 825 1043 δείξων
878 984 1019 1053 ἡμῖν
1062 988 1263 1052 ταῦτα;
1307 991 1441 1041 Ἀλλ’
1471 994 1659 1043 ἐκεῖνοι
1702 1046 1703 1057 γ

1900 1001 2037 1047 sunt.
2074 993 2181 1049 Nos
2220 1012 2344 1050 vero
2375 998 2515 1066 apud
2543 1015 2678 1067 quos
2706 1002 2963 1069 signatum
2990 1013 3063 1055 est
3094 1005 3259 1059 lumen
3300 1009 3408 1060 υυι.

209 1066 441 1123 τοιοῦτοί
467 1085 626 1129 τινες.
658 1071 867 1140 Ἡμεῖς
890 1074 950 1125 δέ
974 1078 1103 1145 παρ’
1125 1072 1205 1139 οἷς
1234 1077 1552 1145 conuerti»???
1583 1079 1645 1130 τὸ
1675 1099 1715 1146 5;

1896 1090 1976 1133 lus
2004 1084 2099 1143 tui,
2130 1083 2363 1148 Domine,
2398 1087 2487 1154 qui
2515 1088 2712 1142 lumine
2744 1097 2834 1141 tuo
2867 1092 3111 1144 illustrati
3146 1094 3199 1146 in
3223 1111 3404 1149 eorum

219 1155 329 1209 τοῦ
356 1154 669 1221 προσώπου
701 1172 856 1221 σου,
882 1156 931 1212 ὦ
958 1164 1154 1228 Κύριε,
1188 1164 1278 1215 καὶ
1310 1164 1396 1215 τὸν
1441 1164 1671 1226 δείξοντα
1702 1183 1727 1216 κ

1895 1173 2244 1239 cognitionem
2278 1176 2537 1239 venimus,
2568 1180 2731 1245 probe
2762 1180 2959 1233 scimus
2988 1189 3039 1233 et
3074 1183 3192 1249 quis
3226 1168 3403 1239 osten-

223 1246 319 1297 τὸν
368 1246 603 1299 δώσοντα
652 1248 795 1317 ἡμῖν
844 1252 987 1303 αὐτά
1036 1254 1368 1323 ἐπιστάμεθα
1415 1255 1515 1305 ὑπὸ
1567 1254 1655 1306 τοῦ
1702 1273 1731 1306 σ

1895 1257 1983 1309 dat
2010 1267 2061 1312 et
2093 1262 2213 1329 quis
2246 1261 2481 1315 conferat
2509 1264 2598 1315 illa
2631 1283 2644 1316 :
2680 1264 2878 1317 Dedisti
2915 1246 3146 1318 latitia—ru
3175 1270 3226 1321 in
3255 1271 3403 1324 corde

221 1335 400 1401 φωτὸς
442 1338 516 1397 εἰς
554 1337 655 1406 τὴν
690 1340 903 1405 γνῶσιν
937 1344 1113 1395 αὐτῶν
1152 1344 1490 1412 ἐληλυθότες·
1534 1345 1794 1411 Ἔδωκας
1891 1364 2017 1399 meo.

220 1426 610 1491 εὐφροσύνην
642 1431 733 1493 εις
768 1431 889 1497 τὴν
914 1433 1162 1497 καρδίαν
1182 1451 1315 1500 μου.

308 1515 437 1567 Ἀπὸ
481 1520 720 1582 καρποῦ
758 1521 870 1573 τοῦ
914 1522 1085 1573 σίτου
1123 1522 1219 1575 καὶ
1256 1524 1418 1576 οἴνου
1455 1527 1548 1577 καὶ
1588 1526 1790 1578 ἐλαίου

1957 1517 2117 1573 Vens.
2145 1521 2197 1573 8.
2234 1522 2275 1574 A
2304 1523 2474 1589 fructu
2511 1525 2776 1592 frumenti,
2815 1529 2918 1580 vini
2943 1540 2991 1582 et
3020 1530 3119 1583 olei
3154 1533 3235 1585 sui
3268 1534 3400 1585 mul-

216 1603 422 1654 αὺτῶν
446 1604 948 1674 ἐπληθύνθησαν.
986 1611 1135 1662 Ἐπεὶ
1155 1611 1210 1661 δὲ
1244 1612 1501 1682 πολλαχοῦ
1528 1615 1630 1666 τῶν
1653 1616 1724 1684 Γρ

1891 1608 2105 1672 tiplicati
2149 1621 2289 1662 sunt.
2336 1612 2467 1674 Quia
2509 1613 2561 1665 in
2608 1616 2787 1669 multis
2830 1616 3222 1684 Scripturarum
3271 1621 3399 1675 locis

216 1692 343 1756 φῶν
374 1694 428 1742 ἐν
457 1693 737 1759 εὐλογίαις
774 1699 920 1758 σῖτος
950 1698 1041 1748 καὶ
1073 1693 1207 1759 οἶνος
1232 1701 1343 1760 τοῖς
1387 1702 1557 1767 ἁγίοις
1585 1705 1724 1753 κεῖντ

1893 1693 2207 1749 Frumentum
2244 1705 2297 1751 et
2335 1699 2514 1752 vinum
2560 1702 2699 1755 inter
2738 1705 3117 1771 promissiones
3151 1722 3213 1760 ac
3244 1708 3401 1762 bene-

202 1782 279 1830 ἐν
303 1781 624 1851 ἐπαγγελίᾳ,
657 1782 736 1845 ὡς
785 1784 880 1835 τοῦ
925 1786 1161 1838 ἐναντίου
1223 1792 1332 1850 τοῖς
1385 1790 1710 1858 ἁμαρτωλοῖς

1892 1783 2142 1837 dictiones
2185 1793 2471 1852 ponuntur,
2501 1796 2660 1857 atque
2688 1806 2751 1843 ex
2785 1792 3005 1846 adverso
3034 1797 3400 1861 peccatoribus

198 1869 421 1919 τούτων
447 1870 737 1939 στέρησις·
767 1872 919 1935 ἀξιον
944 1874 1245 1943 ἀποστῆσαι
1270 1878 1363 1944 τῆς
1391 1878 1527 1930 κατὰ
1551 1879 1609 1929 τδ
1630 1882 1706 1949 ρτΓ

1890 1873 2189 1925 eorumdem
2220 1874 2444 1941 privatio
2467 1876 2827 1945 denuntiatur;
2846 1880 2953 1947 jam
2977 1896 3148 1951 Opera:
3172 1886 3398 1951 pretium

192 1954 370 2021 ψιλὸν
407 1958 758 2027 ὑπολήψεως,
797 1960 926 2022 τούς
951 1979 1008 2013 τε
1047 1965 1450 2034 ἀκεραιοτέρους
1485 1966 1587 2017 τῶν
1628 1985 1700 2018 πε·

1890 1965 1981 2019 est,
2012 1967 2068 2011 ut
2096 1963 2419 2016 credentium
2450 1965 2820 2034 simpliciores,
2849 1984 3054 2023 necnon
3080 1988 3172 2026 eos
3203 1975 3293 2041 qui
3330 1975 3398 2027 ob

192 2048 543 2107 στευκότων,
576 2049 830 2111 καὶτοὺς
876 2051 961 2106 διά
1006 2052 1101 2119 τὴν
1155 2053 1444 2122 μικρότητα
1472 2055 1568 2122 τῆς
1617 2058 1700 2108 ἐπι

1890 2047 2249 2112 promissionis
2299 2053 2605 2106 tenuitatem
2652 2055 2807 2108 deum
2856 2058 3046 2123 alium,
3094 2074 3248 2127 quem
3298 2063 3398 2130 ipsi

190 2136 402 2199 γελέας
429 2136 604 2204 ἑτέρῳ
630 2136 752 2205 Θεῷ
786 2138 1238 2209 ἀναπλαττομένῳ
1274 2141 1362 2192 ὑπ’
1390 2143 1563 2193 αὐτῶν
1599 2143 1698 2211 βουί

1888 2134 1978 2188 sibi
2019 2137 2515 2203 comminiscuntur,
2547 2142 2769 2197 adorare
2800 2146 3004 2209 volunt,
3037 2148 3102 2201 ab
3148 2151 3396 2217 Opinione

190 2224 418 2291 μένους
455 2230 818 2294 προσκυνεῖν·
877 2228 969 2279 καὶ
1018 2228 1387 2298 φιλοτιμητέον
1432 2232 1490 2283 τὸ
1546 2234 1698 2285 ποικί]

1884 2233 2035 2292 atque
2066 2227 2331 2280 sententia
2360 2229 2686 2297 hujusmodi,
2721 2247 2782 2285 ex
2816 2234 3002 2288 littera;
3032 2236 3233 2290 vilitate
3265 2254 3392 2292 con-

187 2314 321 2363 τῶν
360 2315 693 2383 σωματικῶν
726 2316 1029 2385 βρωμάτων
1066 2319 1353 2386 ἀναγαγεῖν
1380 2322 1469 2373 ἐπὶ
1491 2322 1675 2385 ταῦτα,

1886 2323 2044 2382 cepta,
2073 2316 2424 2372 retrahamus.
2457 2317 2520 2370 Et
2549 2335 2754 2373 summo
2778 2322 2988 2389 quidem
3014 2340 3171 2393 opere
3201 2341 3394 2378 curan-

193 2403 712 2471 μεταλαμϐάνουσα
744 2409 864 2458 κατ’
909 2407 1063 2469 ἀξίαν
1096 2409 1292 2478 ἑκάστη
1332 2409 1470 2480 ψυχὴ
1503 2412 1701 2478 ἁγιάζει

1883 2403 2021 2467 dum,
2051 2412 2110 2456 ut
2138 2407 2313 2459 varios
2344 2408 2461 2460 illos
2492 2412 2794 2476 corporales
2823 2413 2970 2466 cibus
2995 2414 3059 2466 ad
3094 2415 3226 2468 alios
3251 2416 3391 2468 refc-

192 2506 277 2541 τε
310 2494 401 2543 καὶ
423 2495 642 2545 εὐεκτεί
674 2496 771 2547 καὶ
802 2498 1212 2565 ίσχυροποιεῖται
1251 2500 1383 2569 πρὸς
1414 2502 1473 2553 τὸ
1524 2502 1700 2556 δύνασ(

1879 2506 2074 2554 ramus,
2109 2495 2259 2561 queis
2306 2510 2403 2563 pro
2448 2498 2638 2549 merito
2685 2498 2882 2553 refecta
2929 2503 3106 2561 anima
3149 2520 3387 2572 quaeque.

193 2575 285 2626 τὰ
324 2578 683 2632 ἐπιϐάλλοντα
716 2582 851 2651 αὐτῇ
902 2582 1037 2653 ἔργα
1084 2587 1359 2639 ἐπιτελεῖν·
1386 2589 1522 2655 Ἐγὼ
1553 2592 1607 2643 δέ
1627 2589 1701 2661 οἷι

1880 2588 2051 2634 sancta
2084 2582 2328 2645 eilicitur,
2363 2585 2495 2638 bene
2536 2587 2692 2649 valet,
2726 2589 2968 2657 viresque
3009 2593 3200 2660 accipit
3234 2594 3297 2645 ad
3328 2609 3388 2647 ea

197 2666 355 2718 αὐτὰ
380 2670 473 2719 καὶ
505 2671 587 2730 εἰς
612 2670 703 2721 τὸν
740 2671 999 2739 μέλλοντα
1034 2674 1201 2727 αἰῶνα
1226 2676 1531 2742 ἀνάγεσθαι.
1559 2681 1665 2732 Καὶ
1691 2683 1705 2732 ἰ

1881 2682 2049 2735 opera,
2081 2687 2197 2738 quae
2242 2674 2324 2726 sui
2375 2674 2529 2727 oilicii
2574 2683 2698 2728 sunt
2742 2682 3096 2746 exsequenda.
3126 2682 3233 2750 Ego
3265 2698 3389 2736 vero

203 2756 299 2819 μὴ
328 2757 450 2824 περὶ¹
496 2758 607 2808 τῶν
651 2758 982 2828 τηλικούτων
1026 2764 1347 2832 ἀμαρτύρως
1377 2766 1605 2836 δόξωμεν
1643 2771 1711 2821 ἀπ

1876 2758 2073 2811 mstimo
2103 2760 2216 2827 ipsa
2245 2762 2401 2813 etiam
2432 2764 2494 2813 ad
2523 2764 2758 2818 futurum
2793 2768 3041 2820 saaculum
3067 2770 3384 2823 reducenda.

202 2843 521 2909 φαίνεσθαι,
560 2847 787 2916 ἀρκέσει
838 2851 966 2917 ἡμῖν
1022 2850 1224 2912 Παῦλος
1276 2853 1576 2919 σαφέστατα
1620 2857 1709 2907 τοῦ

1877 2845 1942 2896 Ac
1985 2861 2052 2897 ne
2094 2848 2158 2900 de
2204 2850 2365 2903 tantis
2405 2852 2563 2906 rebus
2602 2855 2875 2908 videamur
2917 2859 3033 2911 sine
3080 2860 3385 2913 testimonio

204 2929 476 2984 διδάσκων
523 2937 581 2987 ἐν
602 2940 670 3004 τῇ
707 2938 844 3005 πρὸς
868 2938 1251 3007 Φιλιππησίους
1275 2941 1549 3008 Ἐπιστολῇ
1569 2942 1712 2997 οὔτωι

1876 2935 2179 2988 sententiam
2216 2937 2372 3000 ferre,
2413 2940 2634 2995 suiliciat
2674 2944 2828 2996 nobis
2866 2944 3087 2999 Paulum
3117 2947 3303 3002 ail'erre
3331 2950 3384 3001 in

203 3018 315 3084 Μὴ
344 3018 453 3075 οὖν
482 3041 570 3088 τις
599 3024 759 3093 ὑμᾶς
782 3028 1026 3093 κρινέτω
1060 3027 1130 3079 ἐν
1154 3029 1373 3094 βρώσει
1403 3031 1440 3096 ἢ
1477 3031 1546 3083 ἐν
1576 3034 1711 3085 πόσε

1876 3019 2100 3089 Epistola
2152 3025 2215 3083 ad
2266 3026 2635 3098 Pbilippenscs
2685 3033 2912 3101 idipsum
2966 3036 3240 3090 docentem
3299 3037 3384 3091 liis

203 3106 263 3172 ἦ
287 3110 351 3160 ἐν
369 3112 527 3177 μέρει
561 3113 832 3181 ἑορτῆςῆ
859 3118 1183 3185 νουμηνίας
1208 3118 1537 3172 σαϐϐάτων
1565 3122 1603 3174 ἅ
1637 3122 1711 3177 ἐσ

1873 3113 2037 3166 verbis
2063 3133 2074 3166 :
2107 3114 2270 3169 Nemo
2294 3134 2378 3170 vos
2398 3119 2595 3185 judicet
2618 3122 2669 3173 in
2696 3122 2826 3185 cibo,
2852 3133 2939 3175 aut
2968 3126 3018 3176 in
3045 3135 3186 3191 potu,
3212 3136 3299 3178 aut
3330 3130 3381 3178 in

200 3172 490 3253 alta'rdir
967 3172 983 3185 -
1035 3172 1046 3183 I
1159 3172 1175 3181 '

2398 3172 2417 3185 ,ν
2659 3172 2757 3173 ν
2782 3172 2826 3185 -ι
3045 3172 3186 3191 Γν-’Ἶ
3213 3172 3296 3178 ’τ’-⁷
3331 3172 3377 3178 ’⁷-

1869 3206 2006 3263 parte
2059 3199 2160 3252 diei
2208 3202 2327 3269 festi
2392 3218 2477 3256 aut
2524 3210 2791 3261 neomenia:
2853 3210 3213 3275 sabbatorum,
3265 3230 3377 3281 que

1861 3296 1978 3339 sunt
2008 3290 2189 3342 umbra
2216 3292 2505 3357 futurorum
2529 3296 2593 3345 ³ο.

300 3378 387 3428 Ἐν
432 3380 640 3447 εἰρήνῃ
695 3381 794 3431 ἐπὶ
854 3381 920 3433 τὸ
981 3382 1123 3434 αὐτὸ
1184 3385 1603 3451 κοιμηθήσομαι
1665 3389 1759 3440 καὶ

1928 3375 2089 3431 VERS.
2121 3379 2172 3443 9,
2200 3380 2283 3433 10.
2327 3380 2389 3433 1η
2416 3399 2538 3449 pace
2576 3385 2631 3435 in
2666 3384 2889 3453 idipsum
2933 3388 3188 3439 dormiant
3218 3398 3265 3440 et
3295 3406 3376 3441 re-

179 3459 491 3527 ὗπνώσω,
533 3468 623 3520 ὅτι
660 3468 764 3530 σὺ,
804 3471 999 3535 Κύριε,
1043 3470 1186 3523 κατὰ
1220 3474 1406 3537 μόνας
1443 3474 1531 3525 ἐπ’
1568 3475 1687 3527 ἐλπι

1865 3466 2149 3533 quiescam;
2188 3472 2428 3537 quoniam
2475 3482 2549 3536 tu,
2580 3472 2814 3539 Domine,
2843 3475 3171 3544 singulariter
3206 3479 3257 3529 in
3288 3494 3373 3545 spe

168 3555 541 3622 ararq’mwdc
561 3574 662 3624 με.
696 3559 879 3609 Ἐοικε
907 3557 1089 3626 δηλοῦν
1116 3560 1211 3627 τὴν
1240 3561 1443 3628 ἀϐλαϐῆ
1465 3561 1638 3614 ἄνεσιν
1671 3582 1676 3615 :

1864 3557 2167 3609 constituisti
2210 3576 2305 3612 me.
2349 3561 2584 3615 lndicare
2614 3563 2823 3617 videtur
2848 3566 3114 3618 innoxiam
3144 3567 3372 3634 quietem

157 3635 508 3695 Ξνάπαυσιν
539 3643 643 3711 τῆς
675 3644 877 3711 ψυχῆς,
910 3644 1205 3713 συμφώνως
1232 3646 1307 3714 τῷ
1326 3646 1447 3715 θείῳ
1478 3648 1615 3717 λόγῳ
1642 3653 1665 3701 ὲ

1865 3646 2120 3715 animique
2164 3650 2550 3713 remissionem,
2585 3669 2703 3721 qua:
2745 3664 2865 3722 post
2907 3659 3373 3723 praestantissima-

160 3724 370 3799 ειὲνην
412 3733 553 3801 μετά
596 3730 701 3794 τὰς
745 3731 880 3800 πρὸς
927 3732 993 3784 τά
1036 3732 1286 3784 κάλλιστα.
1334 3734 1573 3804 θεωρίας.
1612 3737 1668 3788 Tc

1859 3751 1967 3788 rum
1997 3752 2171 3790 rerum
2200 3742 2720 3808 contemplationem,
2750 3751 2807 3796 ut
2841 3744 3021 3797 divino
3051 3747 3210 3799 verbo
3238 3763 3367 3801 con-

190 3813 312 3884 Ὕᾶρ
337 3822 393 3874 ὃν
418 3824 625 3892 τρόπον
672 3820 814 3873 κατὰ
851 3822 910 3873 τὸ
955 3822 1109 3891 σῶμα
1141 3826 1396 3892 φαγόντες
1434 3826 1523 3876 καὶ
1552 3827 1698 3878 πιόντ

1859 3827 2013 3891 venit,
2046 3830 2301 3883 sumenda
2323 3840 2423 3885 est.
2451 3832 2698 3886 Fortass‘e
2725 3834 2866 3887 enim
2889 3835 3026 3889 sicut
3047 3847 3165 3903 post
3192 3838 3367 3891 cibum

227 3898 432 3969 ἀνέσεως
450 3910 689 3979 δεόμεθα
716 3911 815 3978 τῆς
836 3910 978 3963 κατά
1008 3913 1094 3965 τὸν
1119 3914 1305 3966 ῦπνοψ
1336 3914 1500 3976 οὕτως
1534 3916 1591 3966 ού
1626 3917 1735 3968 πάντ

1858 3922 2133 3986 potumque
2174 3922 2521 3986 corporalem,
2551 3925 2726 3990 quiete
2763 3924 2851 3975 illa
2893 3898 3108 3991 egemus
3133 3942 3249 3994 qua:
3275 3943 3366 3994 per

221 3999 319 4047 τθτε
350 3999 631 4068 δυναμένη
658 4000 905 4067 διαρκεῖν
935 4000 966 4067 ὴ
1000 4000 1139 4070 ψυχὴ
1178 4003 1308 4070 πρὸς
1336 4003 1395 4053 τὸ
1431 4002 1666 4071 θεωρεῖν,
1698 4006 1729 4055 ἐε

1857 4018 2092 4057 somnum
2122 4009 2366 4071 sumitur,
2400 4010 2472 4061 ita
2500 4026 2619 4063 cum
2651 4026 2757 4064 non
2794 4014 2967 4066 valeat
3007 4016 3182 4068 anima
3229 4034 3365 4070 sem-

214 4088 365 4156 καιρῷ
393 4088 703 4150 ἐνατενίζει
733 4090 844 4149 τοῖς
887 4089 1024 4140 κατά
1067 4090 1162 4158 τὴν
1194 4090 1388 4158 ἑαυτῆς
1427 4092 1643 4159 δύναμιν
1676 4094 1722 4143 τί

1854 4108 1940 4159 per
1980 4109 2042 4147 ac
2084 4096 2199 4148 sine
2248 4098 2639 4153 intermissione
2686 4103 3116 4169 contemplationi
3154 4120 3362 4166 vacare,

205 4169 474 4247 αὖτάρκει·
504 4175 630 4230 εἶτα
672 4178 1025 4229 διανάεπαυσιν
1059 4179 1329 4248 ἡγούμεθα
1363 4180 1639 4247 δηλοῦσθαι
1666 4183 1711 4234 δι

1855 4188 1992 4233 certo
2034 4184 2243 4249 quidem
2292 4193 2526 4252 tempore
2577 4187 2877 4254 spiritualia
2921 4189 3139 4257 respicit
3177 4206 3237 4243 ac
3268 4206 3363 4258 pro

198 4259 282 4310 τοῦ
305 4283 316 4294 ·
362 4266 470 4318 Ἐν
514 4264 735 4331 εἰρήνῃ
771 4264 869 4315 ἐπὶ
910 4265 975 4316 τὸ
1011 4268 1152 4317 αὐτὸ
1192 4268 1611 4336 κοιμηθήσομαι
1651 4288 1706 4323 κι

1853 4270 2044 4325 viribus
2092 4274 2430 4341 speculatur;
2465 4274 2655 4329 deinde
2693 4291 2818 4329 vero
2845 4277 3127 4345 requiescit
3157 4298 3171 4333 :
3202 4295 3361 4348 quam

198 4342 463 4408 ὑπκὼσω,
1838 4367 2087 4425 putamus
2112 4363 2347 4430 requiem
2377 4364 2460 4417 his
2490 4364 2777 4433 signiﬁcari
2802 4383 2814 4418 :
2835 4364 2898 4418 In
2918 4342 3039 4433 pace
3064 4369 3117 4420 in
3140 4368 3360 4436 idipsum

1770 4479 1814 4532 Β
1841 4444 2094 4500 dormiam
2118 4460 2167 4502 et
2198 4452 2526 4518 requiescam.

268 4521 493 4578 Ἐκεῖνοι
540 4527 665 4596 μὲν,
701 4527 969 4595 φησὶν,-οί
1023 4527 1202 4578 πολλοὶ
1257 4528 1348 4580 ἆτε
1395 4531 1456 4601 δὴ
1496 4521 1776 4586 πλατεῖαν¹

1908 4537 1986 4589 llli
2015 4546 2176 4602 certe,
2200 4542 2291 4603 ait,
2320 4542 2410 4608 qui
2444 4541 2592 4593 multi
2622 4557 2839 4596 numero
2866 4552 3008 4607 sunt,
3028 4547 3178 4599 multi
3209 4562 3356 4601 nam-

191 4606 281 4657 καὶ
310 4613 629 4682 εὐρύχωρον
664 4613 959 4675 ὁδεύοντες,
994 4613 1058 4663 δι’
1085 4611 1150 4683 ἦς
1176 4618 1221 4666 οξ
1253 4617 1429 4669 πολλοὶ
1457 4620 1699 4688 βαδίζουσ

1844 4644 1943 4697 que
1986 4630 2041 4682 in
2084 4631 2187 4682 lata
2226 4606 2563 4700 spatiosaque
2592 4633 2675 4685 via
2704 4636 3050 4702 gradiuntur;
3097 4653 3204 4691 non
3235 4652 3352 4704 spe-

188 4690 284 4746 οὺκ
310 4700 521 4764 ἐλπίζον
538 4704 642 4764 ῐες,
686 4703 771 4763 τίς
801 4700 959 4764 δείξει
991 4703 1171 4764 αὐτοῖς
1206 4705 1269 4755 τά
1310 4707 1442 4758 κατὰ
1495 4709 1696 4778 ἀλήθεια

1841 4726 2016 4771 rantes
2046 4719 2231 4773 adesse
2257 4721 2575 4787 quempiam,
2606 4725 2694 4788 qui
2720 4727 2962 4780 ostendat
2988 4728 3117 4795 ipsis
3146 4742 3207 4780 ea
3234 4741 3349 4794 quae

188 4775 380 4852 ἀγαθὰ,
414 4794 470 4841 ἐν
498 4793 631 4859 οἴνῳ
662 4793 756 4843 καὶ
790 4791 949 4859 ἐλαίῳ
993 4792 1085 4843 καὶ
1116 4793 1243 4862 σίτῳ
1276 4794 1641 4864 πληθύνοντες,
1668 4801 1696 4850 ἀ

2272 4775 2290 4787 .
2418 4775 2431 4787 .
2564 4775 2574 4783 ,
2621 4775 2639 4788 .
2732 4775 2774 4777 κ-
2812 4775 2959 4780 --ψει
2988 4775 3113 4795 τ---
3152 4775 3206 4780 η
3239 4775 3348 4794 ,η

1840 4802 2125 4859 secundum
2154 4809 2230 4861 rei
2255 4810 2530 4862 veritatem
2569 4810 2704 4863 bona
2748 4824 2898 4881 sunt;
2930 4816 3071 4878 vino,
3101 4816 3218 4867 olco
3266 4822 3348 4868 at-

188 4863 403 4933 ἀγαθῶν
437 4880 643 4933 τούτων
676 4881 968 4932 ἀπολαύειν
993 4880 1277 4948 ἡγοῦνται·
1307 4885 1424 4951 ἐμοὶ
1463 4887 1517 4937 δὲ
1538 4888 1610 4956 τῷ
1640 4907 1696 4940 κα

1839 4908 1937 4961 que
1970 4894 2235 4950 frumento
2260 4897 2531 4951 atiluentes
2550 4935 2566 4960 ,
2594 4899 2659 4951 iis
2686 4915 2743 4953 se
2769 4911 3016 4969 tanquam
3046 4918 3167 4955 vere
3193 4904 3347 4957 bonis

194 4960 504 5036 ταξιωμένῳ
546 4967 642 5019 τοῦ
689 4970 865 5037 φωτὸς
910 4969 1000 5020 τοῦ
1045 4968 1326 5036 προσώπου
1369 4989 1486 5036 σου,
1536 4976 1698 5043 Κύριε

204 5039 250 5058 ις
463 5055 472 5058 μ
648 5055 656 5058 -
907 5056 919 5058 -
938 5054 949 5058 ‘
1090 5054 1100 5058 ‘
1116 5054 1127 5058 “
1145 5053 1158 5058 “
1179 5055 1188 5058 ⁸
1261 5055 1270 5058 “
1289 5055 1321 5058 ““

1837 4982 1936 5035 frui
1978 4985 2326 5041 arbitrantur.
2380 4988 2505 5041 Mihi
2538 5005 2695 5053 vero,
2731 5006 2887 5058 quem
2930 4992 3127 5046 lumine
3169 4997 3345 5049 vultus

203 5039 393 5113 ιδωκας
426 5055 762 5124 εὐφροσύνην
794 5054 1048 5123 καρδίας·
1078 5053 1190 5104 ἀλλ’
1223 5055 1335 5105 οὐδὲ
1370 5060 1576 5127 σαρκῶν
1617 5039 1711 5112 eos;

1832 5073 1905 5123 tui
1936 5072 2182 5140 dignatus
2213 5090 2303 5138 es,
2340 5075 2593 5139 Domine,
2632 5039 2810 5130 cordis
2845 5079 3077 5133 laetitiam
3109 5082 3340 5149 dedisti;

212 5141 474 5205 σωμάτων,
505 5145 599 5196 καὶ
632 5145 694 5195 ού
721 5144 819 5213 τὴν
859 5145 918 5206 ἐξ
957 5144 1098 5194 οἴνου
1125 5142 1217 5193 καὶ
1251 5141 1387 5195 σίτου
1430 5149 1518 5199 καὶ
1559 5148 1720 5200 ἐλαίοι

1831 5177 1935 5214 non
1984 5163 2125 5216 illam
2177 5179 2304 5217 sane
2346 5179 2461 5231 quze
2498 5166 2647 5218 carni
2694 5168 3011 5238 corporique
3061 5174 3339 5240 competit,

220 5222 407 5324 fama;
460 5234 899 5303 χορηγουμένην,
945 5232 1061 5284 ἀλλ’
1098 5231 1417 5301 εὐφροσύνην
1460 5237 1555 5305 τὴν
1598 5238 1728 5290 κατά

1829 5265 1999 5318 neque
2031 5252 2174 5304 illam
2207 5269 2324 5322 qua:
2353 5252 2653 5317 frumento,
2683 5255 2806 5307 vino
2873 5266 2924 5312 et
2956 5260 3071 5313 oleo
3100 5261 3336 5324 aﬂ‘ertur,

228 5304 450 5371 διάνοιαν.
487 5321 685 5373 Μαθὼν
730 5322 836 5390 γὰρ
870 5319 1023 5389 παρὰ
1070 5317 1163 5368 τοῦ
1212 5318 1446 5387 Σωτῆρος
1484 5304 1574 5375 κίαί
1625 5325 1728 5378 τῶν

1914 5304 1932 5318 .
2215 5304 2261 5322 τ
2288 5304 2315 5305 η
2506 5304 2515 5305 κ
2600 5304 2652 5317 ν.
2887 5304 2924 5312 ι-
2958 5304 3068 5313 ww
3100 5304 3335 5324 --ν----ι

1827 5338 1919 5392 sed
1970 5340 2202 5393 laetitiam
2248 5355 2364 5408 quae
2403 5348 2580 5393 mente
2621 5344 2930 5411 percipitur.
2975 5349 3104 5402 Cum
3133 5351 3271 5403 enim
3306 5365 3335 5401 a

241 5396 324 5499 ἰῶν
356 5405 688 5473 ἐπαγγελιῶν,
716 5410 814 5473 ὅτι,
858 5412 906 5460 εὶ
941 5406 1041 5458 καὶ
1074 5404 1144 5499 τρι
1191 5404 1410 5471 μάλιστα
1467 5412 1601 5462 κατά
1643 5414 1728 5466 τὸν

1830 5426 2100 5482 Salvatore
2123 5444 2296 5496 exque
2322 5428 2600 5495 promissis
2626 5430 2734 5484 tuis
2760 5434 3064 5490 edidicerim
3082 5475 3098 5499 ,
3129 5440 3338 5491 etiamsi

242 5472 461 5540 ἐνεστῶτα
495 5472 599 5557 βίον
634 5472 803 5546 λύπαι
823 5511 913 5562 μοι
955 5489 1056 5541 καὶ
1103 5487 1294 5554 θλίψεις
1325 5493 1419 5543 καὶ
1450 5502 1727 5568 πειρασμοῖ⁹

1828 5472 2100 5482 -...._--.-
2125 5472 2296 5496 ...μνη
2322 5472 2600 5495 ,νη-πη-.-
2629 5472 2734 5484 -.μυ
2760 5472 3063 5490 summa”...
3082 5475 3098 5499 ,
3129 5472 3334 5490 ιιιαιυο.

1826 5518 1953 5570 mihi
2003 5519 2210 5572 dolores
2228 5558 2242 5580 ,
2291 5530 2570 5583 aerumnae,
2612 5524 2959 5589 tentationes,
3009 5527 3334 5579 calamitates

250 5566 316 5615 καὶ
338 5579 647 5641 περιστάσεις
670 5584 726 5633 οὺ
751 5580 1148 5636 διαλείπουσιν,
1181 5575 1283 5627 ἀλλ’
1311 5578 1462 5634 ἔσται
1497 5602 1580 5653 μοι
1609 5605 1722 5641 και-

2008 5566 2242 5580 _---_--,
2298 5566 2327 5568 κ-
2376 5566 2379 5567 ν
2614 5566 2959 5589 --πη-.-.ηη
3010 5566 3330 5579 -.............-..

1823 5605 1878 5659 in
1937 5607 2180 5675 praesenti
2227 5604 2330 5660 vita
2379 5619 2486 5659 non
2535 5608 2819 5677 deficiant,
2871 5613 3107 5668 futurum
3158 5626 3330 5667 tamen

304 5673 336 5704 "
367 5680 548 5740 Coloss.
580 5704 645 5752 ιι,
678 5691 764 5753 16,
801 5692 889 5743 i7.
