3818 6296
751 418 847 471 111

1429 400 1686 467 EUSEBII
1725 405 2190 461 C/ESARIENSIS
2227 405 2371 460 OPP.
2415 403 2587 456 PARS
2624 401 2708 454 ΙΙΙ.
2752 433 2817 442 —-
2855 402 3153 458 EXEGETICA.

746 539 874 592 mihi
907 549 1114 607 tempus
1145 551 1251 606 quo
1283 551 1311 587 a
1342 545 1560 599 corpore
1610 529 1859 582 decedam
1881 567 1894 590 ,
1941 544 2002 580 ac
2045 529 2097 580 in
2135 541 2254 595 pace

1988 544 2002 580 ι
2045 529 2097 580 in
2135 541 2263 595 pace
2294 536 2333 589 Α
2369 524 2458 595 po;
2489 525 2515 573 6
2535 522 2633 590 τῆς
2655 521 2963 590 ἀπαλλαγῆς
2981 519 3046 571 τοῦ
3063 505 3360 607 superveni)“
3379 502 3496 607 8th!

746 629 1004 683 dormiam
1028 667 1042 692 ,
1075 637 1124 681 et.
1156 643 1184 680 a
1213 638 1430 690 corpore
1460 619 1761 682 liberabor;
1795 634 2081 687 persuasus
2113 621 2266 686 plane

747 733 865 771 sum
905 725 1036 768 tunc
1074 714 1202 767 mihi
1243 710 1422 763 adfore
1443 708 1636 761 laetitia:
1666 707 1820 761 tinem
1849 722 1910 760 ac
1937 721 2268 762 consumma-

748 807 946 859 tionem
973 823 985 869 ;
1019 817 1137 856 cum
1169 800 1369 854 scilicet
1398 813 1480 853 me
1504 812 1668 867 supor
1694 798 1780 850 ille
1807 797 2098 866 mortisque
2127 813 2268 852 som-

751 911 853 949 nus
883 889 1358 960 comprehenderit.
1393 888 1542 940 Tunc
1570 887 1710 940 enim
1741 894 1798 940 tu
1833 887 1978 956 ipse,
2017 885 2264 948 Domine,

750 999 836 1037 mc
865 983 957 1034 tali
988 995 1078 1048 spe
1121 979 1258 1032 bona
1296 978 1613 1031 instructum
1657 977 1894 1046 excipies
1935 984 1986 1029 et
2023 976 2076 1028 in
2106 977 2267 1030 cmle-

752 1073 923 1126 stibus
947 1068 1312 1124 mansionibus
1341 1068 1646 1122 collocabis.
1674 1067 1904 1121 Observa
1928 1081 2086 1134 porro
2113 1066 2269 1117 etiam

753 1157 852 1209 hoc
883 1156 999 1209 loco
1027 1155 1434 1223 diapsalmatum
1463 1154 1834 1208 distinctiones
1854 1193 1867 1213 .
1899 1169 2014 1222 quae
2040 1152 2121 1205 vel
2153 1167 2272 1204 scn-

752 1243 932 1297 tentim
959 1244 1306 1296 mutationem
1334 1243 1570 1296 indicant
1589 1282 1602 1304 ,
1631 1244 1711 1296 vel
1741 1242 1965 1297 fortasse
1992 1241 2270 1294 melodiam

753 1345 1064 1384 conversam
1085 1371 1097 1394 ,
1131 1331 1242 1383 sive
1273 1331 1501 1399 denique
1531 1330 1861 1400 rhythmum.

824 1500 1067 1554 Asterius
1097 1505 1272 1552 autem
1300 1500 1516 1551 arianus
1543 1498 1682 1550 hunc
1711 1495 1970 1565 psalmum
2003 1495 2080 1548 sic
2111 1509 2276 1561 expo-

757 1590 902 1644 suit:
955 1587 1162 1653 Quare,
1209 1588 1260 1639 in
1303 1587 1454 1652 ﬁnem
1497 1587 1549 1638 in
1587 1585 1816 1654 hymnis,
1862 1584 2150 1651 inscriptus
2192 1583 2278 1635 hic

752 1679 994 1747 psalmus
1042 1678 1164 1732 est?
1202 1676 1335 1740 Quia
1377 1676 1543 1744 probe
1583 1676 1775 1742 cmpit,
1813 1689 1874 1726 ac
1907 1674 2070 1742 probe
2115 1671 2276 1724 vitam

754 1769 888 1822 obiit
916 1786 928 1821 :
961 1768 1039 1821 vel
1060 1807 1073 1831 ,
1100 1767 1224 1835 quia
1252 1766 1387 1818 male
1412 1766 1682 1832 inceperat
1705 1804 1718 1826 ,
1750 1777 1870 1814 cum
1900 1761 2038 1814 Urize
2063 1775 2276 1813 uxorem

2372 592 2658 683 ποιήσομαι
2689 611 2785 680 τὴν
2813 613 3028 680 κοίμησιν
3053 608 3117 660 καί
3135 605 3205 672 τὴν
3230 592 3473 683 ἀπαλλαγὴν
3501 606 3518 638 ι

2373 719 2535 773 ματος
2554 719 2567 732 ’
2617 697 2672 753 εὖ
2711 701 2766 751 δὲ
2803 699 3013 770 ἀκριϐῶς
3033 698 3268 761 πέπεισμαι,
3290 689 3352 738 im
3379 682 3476 734 τότε
3504 697 3518 748 ι

2374 795 2552 864 ρέσται
2583 791 2650 844 τὰ
2686 790 2807 860 τέλη
2834 791 2929 858 τῆς
2964 784 3219 857 εὐφροσύνης,
3245 774 3419 831 ἐπειδὰν
3443 773 3472 840 ἡ
3496 787 3517 821 ν

2375 861 2438 954 με
2472 879 2745 952 καταλάϐῃ
2775 880 2866 930 καὶ
2913 880 2940 930 6
2979 875 3081 929 κατὰ
3107 874 3172 925 τὸν
3205 870 3382 922 θάνατον

2370 952 2476 1042 γὰρ
2508 972 2568 1023 σὺ
2617 969 2773 1031 αὐτὸς
2811 969 2857 1031 6,
2907 967 3062 1036 Κύριε,
3086 960 3186 1032 μετὰ
3222 961 3297 1027 τῆς
3331 952 3509 1021 ἀγαθῆς

2371 1061 2578 1122 ἐλπίδος
2607 1056 2880 1111 ἀναλαϐών
2915 1073 2973 1124 με
2997 1053 3212 1111 κατοικιεῖς
3239 1050 3283 1100 ὲν
3317 1047 3418 1104 ταῖς
3451 1045 3519 1092 ἔπι

2376 1152 2576 1220 μοναῖς.
2606 1150 2678 1216 Ση
2689 1148 2912 1216 μείωσαι
2932 1145 2979 1196 δὲ
3002 1141 3208 1196 κάνταῦθα
3231 1138 3306 1199 τὰς
3331 1134 3412 1185 ἐπὶ
3440 1135 3520 1183 τοῖς

2377 1257 2502 1308 μασι
2540 1236 2833 1298 διαστολὰς,
2865 1237 2972 1304 ἦτοι
3003 1233 3076 1301 τῆς
3107 1229 3289 1290 διανοίας
3327 1225 3522 1288 ὲναλλαγ

2375 1327 2600 1389 στὼσας,
2623 1328 2654 1396 ἢ
2678 1327 2812 1394 τάχα
2835 1323 3090 1395 μεταϐολὴν
3107 1320 3177 1372 τοῦ
3205 1318 3359 1388 μέλους
3389 1312 3520 1365 levati

2375 1416 2406 1484 ἢ
2441 1415 2526 1466 τὸν
2564 1415 2657 1483 ρυΘ
2668 1417 2782 1482 μόν.

2447 1506 2517 1573 (1)
2575 1504 2839 1572 Ἀστέριος
2884 1502 2940 1553 δὲ
2985 1500 3242 1570 ὁάρειανὸς
3279 1498 3432 1557 οὕτως
3492 1494 3522 1544 τ’

2379 1595 2692 1664 ἐξηγήσατο·
2722 1591 2816 1644 Διὰ
2845 1591 2914 1653 τί,
2953 1593 3024 1654 εὶς
3049 1591 3099 1642 τὸ
3128 1590 3271 1652 τέλος
3303 1588 3362 1638 ἐν
3392 1587 3522 1652 ξ”μνί

2379 1701 2614 1754 γραπται
2641 1686 2667 1734 ὁ
2695 1681 2933 1750 ψαλμός;
2974 1679 3148 1748 Ἐπειδὴ
3177 1677 3329 1738 καλῶς
3359 1677 3452 1744 μὲν
3490 1675 3522 1742 ἢ

2380 1774 2484 1834 λῶς
2503 1773 2556 1823 δὲ
2580 1772 2666 1822 τὸν
2700 1770 2807 1839 βίον
2834 1767 3099 1836 ἐτέλεσεοῆ
3125 1766 3281 1834 ἐπειδὴ
3302 1764 3474 1825 κακῶς
3507 1782 3522 1832 ι

755 1858 1060 1910 abluentem
1102 1872 1158 1910 se
1199 1855 1570 1923 conspicatus,
1622 1853 1723 1920 ipsi
1771 1862 2012 1919 stuprum
2064 1851 2238 1902 intulit

2064 1851 2279 1913 ίιηυιίῑζ
2316 1852 2352 1904 Β
2383 1861 2655 1930 Οεωρήσας
2689 1859 2782 1926 τὴν
2825 1857 2915 1908 τοῦ
2961 1855 3125 1925 Οὐρίου
3170 1857 3376 1920 γυναῖκα
3415 1853 3521 1902 lout

757 1948 892 2002 bene
922 1955 1096 2001 autem
1129 1962 1185 2000 se
1217 1947 1380 2015 gessit
1407 1944 1547 2013 quod
1581 1952 1792 2012 peracta
1832 1941 2140 2010 pmnitentia
2174 1942 2277 1992 vita

758 2035 973 2089 functus
1005 2037 1093 2089 sit.
1127 2035 1383 2102 Ideoque,
1418 2035 1469 2085 in
1500 2033 1806 2100 principium
1841 2031 1892 2082 in
1915 2030 2172 2096 vituperiis
2192 2069 2204 2088 ,
2230 2029 2281 2080 in

761 2127 912 2193 ﬁnem
951 2126 1002 2176 in
1039 2126 1238 2192 hymnis
1278 2125 1504 2177 dicatur.
1542 2121 1785 2174 Psalmus
1819 2119 2004 2176 Davidi
2033 2159 2046 2181 ,
2083 2119 2135 2170 id
2166 2125 2279 2178 est,

759 2217 1084 2285 ptenitentiae
1135 2229 1330 2282 opera,
1376 2214 1497 2281 quia
1549 2212 1636 2264 ubi
1682 2210 1960 2263 abundavit
2007 2209 2281 2269 delictum,

762 2303 1206 2372 superabundavit
1240 2303 1452 2370 justitia
1497 2304 1562 2357 ⁸¹.
1612 2300 1963 2365 Quamobrem
2009 2302 2083 2352 ait
2111 2319 2123 2350 τ
2156 2299 2284 2351 Cum

762 2392 1048 2444 invocarem
1073 2391 1331 2443 exaudivit
1359 2407 1434 2442 me
1459 2391 1592 2443 Deus
1607 2390 1829 2457 justitiw
1853 2405 1997 2450 metu,
2022 2388 2283 2455 justitiam

764 2495 916 2534 suam
946 2480 1108 2533 David
1142 2481 1504 2548 pmnitcntiam
1543 2488 1716 2531 vocat.
1752 2477 1894 2530 Vidit
1933 2477 2069 2531 Deus
2100 2491 2286 2530 emun-

763 2566 940 2620 datam
989 2569 1252 2630 animam,
1296 2568 1615 2634 admisitque
1651 2567 1964 2620 orationem.
2009 2565 2132 2620 Sive
2179 2565 2285 2618 for-

765 2666 906 2709 tasse
936 2657 1060 2724 quia
1090 2657 1143 2708 in
1185 2655 1493 2724 praecedenti
1544 2656 1766 2723 psalmo,
1820 2670 1939 2707 cum
1996 2654 2063 2708 ab
2114 2653 2286 2706 Absa-

765 2747 888 2799 lone
936 2746 1074 2799 bello
1125 2746 1396 2815 impetitus
1448 2746 1685 2814 lugeret,
1719 2744 2074 2798 interveniens
2122 2745 2288 2797 oratio

767 2842 1053 2904 tyrannum
1085 2835 1151 2888 de
1176 2836 1351 2888 medio
1383 2835 1599 2888 sustulit
1627 2852 1640 2898 ;
1674 2849 1770 2886 ceu
1796 2834 2154 2902 interrogatus
2184 2846 2286 2898 qua

766 2924 972 2977 ratione
1035 2924 1354 2977 Ahsalonem
1417 2923 1741 2984 debellarct,
1804 2920 2089 2990 respondet
2139 2921 2289 2973 initio

767 3015 979 3083 psalmi.
1015 3012 1166 3067 Sicut
1199 3015 1378 3076 enim,
1415 3013 1620 3081 inquit,
1658 3019 1776 3081 post
1808 3018 2083 3081 peccatum
2115 3025 2286 3063 meum

769 3103 910 3158 Deus
940 3104 1085 3156 illum
1120 3103 1400 3157 adversum
1432 3117 1515 3156 me
1554 3102 1858 3162 suscitavit,
1901 3101 1978 3154 sic
2013 3100 2286 3168 pmnitenti

2381 1947 2656 2017 ἐμοίχευσε
2676 1963 2687 1973 ·
2721 1943 2896 2004 καλῶς
2931 1943 2998 2003 δὲ,
3031 1941 3336 2010 μετανοήσας,
3360 1939 3448 1989 τὸν
3483 1937 3513 2004 β

2379 2037 2465 2090 διὰ
2495 2035 2646 2086 τοῦτο
2670 2037 2754 2097 εὶς
2781 2031 2892 2096 τὴν
2923 2029 3094 2097 ἀρχὴν
3121 2029 3180 2080 ὲν
3209 2031 3403 2094 ψόγοις
3423 2064 3437 2085 ,
3481 2029 3522 2077 ε]

2381 2127 2448 2177 ἐν
2475 2125 2696 2192 ὕμνοις.
2727 2120 2964 2187 Ψαλμὸς
2987 2117 3056 2180 τῷ
3095 2116 3250 2168 Δαυῒδ
3277 2118 3308 2185 ἡ
3337 2114 3522 2183 πρᾶξις

2381 2216 2555 2276 νοίας·
2596 2214 2688 2264 καὶ
2733 2211 2913 2279 ἐπειδὴ
2959 2210 3092 2261 ὅπου
3132 2207 3486 2259 ἐπλεόνασεν

2382 2302 2955 2370 ὑπερεπερίσσευσεν
2998 2301 3032 2365 ἡ
3067 2298 3413 2362 δικαιοσύνη,
3456 2297 3522 2348 διε

2383 2412 2474 2464 γεν
2487 2411 2501 2424 ·
2521 2391 2703 2457 Ἐντῷ
2723 2389 3111 2444 ἐπικαλεῖσθαί
3125 2405 3193 2455 με
3235 2387 3522 2451 εὶσὴκουσ

2383 2484 2490 2551 τῆς
2514 2483 2892 2547 δικαιοσύνης
2926 2497 3054 2549 μου.
3101 2478 3440 2547 Δικαιοσύνην
3484 2495 3521 2544 γ

2384 2570 2526 2638 λέγει
2564 2572 2592 2622 6
2636 2568 2790 2620 Δαυῒδ
2825 2569 2919 2637 τὴν
2955 2567 3241 2636 μετάνοιαν.
3275 2560 3428 2616 Εἷδεν
3460 2567 3493 2616 6

2386 2660 2566 2712 Θεῖσαν
2607 2657 2703 2728 τὴν
2741 2657 2946 2726 ψυχὴν,
2981 2657 3069 2707 καὶ
3107 2655 3314 2718 ἐδέξατο
3348 2654 3450 2724 τὴν
3513 2674 3521 2688 ι

2389 2748 2570 2817 ἐπειδὴ
2604 2751 2658 2799 ὲν
2703 2746 2778 2816 τῷ
2813 2745 2914 2814 πρὸ
2956 2745 3136 2796 τούτου
3167 2743 3365 2812 ψαλμῷ
3423 2744 3520 2796 τὸν

2387 2841 2489 2893 ὑπὸ
2513 2839 2604 2892 τοῦ
2655 2836 2981 2889 Ἀϐεσσαλὼν
3030 2836 3293 2905 ὠδύρετοο
3346 2852 3519 2905 προσ-ε

2389 2930 2621 2983 τεύσασα
2651 2929 2738 2980 τὸν
2784 2926 3037 2995 τύραννον
3067 2925 3273 2978 ἀνεῖλεν
3292 2941 3307 2955 ο
3342 2924 3423 2986 ὡς
3446 2962 3462 2985 ,

2387 3021 2480 3073 τοῦ
2537 3017 2879 3086 Ἀϐεσσαλὼμ
2918 3016 3202 3084 ἐνίκησεν,
3258 3015 3514 3084 άπεκρὶν

2389 3111 2479 3164 τοῦ
2511 3108 2737 3179 ψαλμοῦ.
2770 3109 2974 3176 ’Ὥσπερ
3005 3105 3136 3175 γὰρ,
3173 3105 3372 3174 φησὶν,
3411 3106 3516 3174 ἁμι

767 3194 1049 3247 victoriam
1098 3194 1326 3261 paravit.
1376 3192 1486 3245 Cur
1526 3199 1701 3245 autem
1740 3192 1822 3245 vel
1860 3191 1976 3259 ipso
2009 3190 2275 3243 invocand1

2009 3189 2287 3243 invocandi
2317 3176 2360 3234 δ
2390 3176 2700 3261 Θεὸς-αὺτὸν
2725 3199 2842 3249 κατ’
2881 3195 3013 3264 ἐμοῦ
3046 3195 3301 3264 ἤγειρεν,
3348 3193 3512 3245 οὕτω

771 3291 1007 3349 tempore
1035 3281 1315 3335 exauditus
1361 3287 1444 3333 est
1492 3278 1699 3332 David?
1745 3278 1878 3342 Quia
1927 3278 2230 3346 inerepatus
2263 3291 2292 3328 a

771 3371 976 3424 Nathan
1003 3372 1244 3440 protinus
1275 3369 1341 3423 ad
1376 3369 1739 3438 paenitentiam
1781 3383 1968 3422 versus
2008 3375 2090 3421 est
2118 3386 2129 3419 :
2162 3381 2291 3434 qua—

772 3469 988 3528 propter
1015 3473 1136 3512 cum
1165 3467 1492 3526 precaretur,
1522 3459 1698 3511 subito
1724 3456 2004 3510 exauditus
2033 3464 2131 3510 est.
2161 3454 2290 3507 Nam

772 3549 948 3610 Deus,
1003 3550 1094 3617 qui
1150 3550 1325 3600 omnia
1363 3563 1676 3616 quwcunque
1717 3546 1823 3600 vult
1863 3547 1988 3614 facit
2019 3547 2084 3608 ¹¹,
2114 3546 2293 3599 statim

775 3638 1031 3702 exaudit;
1078 3645 1130 3690 et
1179 3637 1352 3691 adhuc
1405 3637 1655 3705 loquente
1699 3637 1918 3690 homine
1964 3635 2133 3690 dicit:
2164 3634 2295 3687 Ecce

777 3726 960 3778 adsum
993 3727 1057 3776 ⁵³.

844 3897 1042 3953 Deinde
1069 3913 1194 3953 vero
1225 3907 1505 3968 postquam
1535 3898 1886 3952 familiaribus
1917 3899 2142 3952 dixisset
2189 3915 2295 3967 quo

779 3996 935 4056 pacto
966 3989 1146 4043 statim
1174 3988 1456 4043 exauditus
1496 3996 1658 4054 esset,
1714 4002 2019 4042 sermonem
2044 3989 2201 4041 vertit
2230 3988 2294 4040 ad

780 4078 963 4141 Deum,
1024 4079 1438 4148 propitiantique
1466 4079 1566 4134 sibi
1597 4079 1796 4148 gratias
1826 4077 1967 4146 agit,
1999 4078 2052 4130 in
2081 4078 2300 4130 tribula-

781 4169 918 4220 tione
971 4167 1212 4221 dilatasti
1253 4169 1397 4220 mihi.
1432 4167 1813 4222 Erunmarum
1859 4167 2074 4231 ﬂuctus,
2103 4167 2296 4236 inquit,

781 4259 1055 4325 repentina
1085 4259 1448 4327 tranquillitas
1490 4257 1821 4326 compescuit
1855 4275 1868 4310 :
1900 4257 2143 4326 fameque
2171 4272 2300 4312 con-

782 4344 976 4399 fectum
1004 4363 1086 4402 me
1117 4348 1295 4401 fructu
1314 4347 1586 4409 frumenti,
1611 4347 1720 4400 vini
1749 4357 1801 4401 et
1831 4349 1931 4402 olei
1951 4348 2184 4402 dilatasti
2206 4366 2220 4414 ;
2243 4356 2300 4401 ut

783 4455 890 4494 non
945 4439 1090 4493 solus
1125 4455 1256 4509 ego,
1319 4439 1410 4494 sed
1442 4454 1627 4493 omnes
1677 4439 1874 4494 subditi
1930 4439 2033 4493 mei
2061 4454 2120 4494 ea
2149 4441 2301 4510 copia

783 4529 1107 4584 fruerentur.
1137 4531 1485 4594 Quamobrem
1529 4531 1639 4584 haec
1680 4529 1903 4589 inferius
1947 4531 2237 4600 subjungit,
2270 4545 2300 4580 a

784 4619 957 4688 fructu
1008 4619 1269 4686 frumenti,
1297 4620 1403 4671 vini
1442 4629 1490 4673 et
1531 4619 1630 4674 olei
1660 4623 1740 4673 sui
1784 4620 2113 4689 multiplicati
2162 4630 2307 4674 sunt:

785 4711 1018 4771 illorum,
1049 4709 1241 4777 inquit,
1271 4710 1590 4764 abundantia
1622 4712 1800 4766 cordis
1829 4713 1956 4764 mihi
1979 4711 2158 4763 laetitia
2183 4710 2301 4764 fuit.

776 4801 918 4856 Illud
948 4808 1123 4853 autem
1156 4801 1223 4854 ab
1255 4801 1368 4869 ipsa
1397 4803 1618 4857 historia
1653 4804 1962 4859 ediscimus.
2001 4803 2132 4856 Nam
2183 4817 2304 4855 cum

786 4887 925 4941 bello
953 4889 1224 4958 impetitus
1250 4890 1315 4943 ab
1341 4891 1606 4946 Absalone
1637 4893 1842 4961 fugeret
1870 4892 1926 4944 in
1959 4891 2169 4944 deserta
2229 4898 2308 4943 at-

787 4991 891 5044 que
939 4986 1168 5044 montes,
1204 4978 1341 5034 fame
1374 4995 1437 5034 ac
1476 4997 1651 5035 rerum
1687 4981 1927 5050 penuria,
1968 4995 2033 5034 eo
2073 4988 2309 5047 tempore

789 5065 1124 5128 calamitatis,
1161 5069 1443 5123 aﬂlictatus
1469 5111 1484 5133 ,
1531 5071 1650 5139 ejus
1696 5071 1971 5138 angustias
2005 5069 2145 5122 Deus
2181 5084 2306 5122 con-

791 5153 1015 5208 solatur.
1051 5153 1257 5210 Primus
1289 5144 1437 5212 enim
1460 5159 1582 5213 Siba
1601 5199 1616 5224 ,
1646 5176 1712 5215 ex
1742 5160 1900 5213 domo
1932 5157 2108 5212 Saulis
2134 5157 2306 5209 famu-

791 5243 898 5304 lus,
928 5241 1102 5294 attulit
1131 5241 1228 5309 ipsi
1253 5260 1415 5312 panes
1443 5249 1720 5312 ducentos,
1747 5248 1950 5310 vinum,
1986 5247 2226 5315 palathas
2255 5254 2303 5299 et

793 5344 926 5383 uvas
950 5342 1139 5398 passas
1172 5347 1185 5380 :

1255 5340 1432 5398 postea
1461 5351 1586 5391 vero
1631 5335 1850 5391 Berzelli
1885 5333 2187 5388 Galaadites
2216 5329 2336 5386 ob?

2388 3291 2483 3359 τὴν
2516 3289 2630 3340 κατ’
2670 3285 2828 3338 αὐτοῦ
2862 3285 3178 3354 ἐδωρήσατο
3211 3283 3406 3352 νίκην.
3464 3285 3508 3334 Δ

2389 3377 2464 3446 τῷ
2489 3373 2850 3428 ἐπικαλεῖσθαι
2874 3371 3216 3441 εἰσηκούσθη
3248 3372 3278 3422 6
3312 3372 3500 3423 Δαυῒδ

2391 3465 2609 3536 χόμενος
2642 3463 2743 3515 ὑπὸ
2770 3462 2860 3514 τοῦ
2905 3461 3124 3524 Νάθαν,
3150 3459 3327 3520 εὐθὺς
3367 3461 3458 3521 εἰς

2393 3553 2519 3623 φθη,
2549 3552 2636 3605 διὰ
2662 3549 2814 3603 τοῦτο
2853 3550 3010 3610 εὐθὺς
3061 3549 3515 3618 προσευχόμεν(

2392 3643 2498 3712 γὰρ
2518 3641 2706 3694 πάντα
2728 3639 2909 3692 ποιῶν
2931 3639 3055 3690 ὅσα
3080 3637 3440 3699 βούλεται,
3472 3640 3507 3688 6

2395 3731 2724 3801 παραχρῆμα
2746 3768 2759 3791 ,
2791 3728 2882 3780 καὶ
2914 3726 2997 3778 ἔτι
3034 3724 3368 3788 λαλοῦντος
3422 3727 3516 3796 Ep:

2397 3815 2643 3882 πάρειμι.

2465 3899 2592 3955 Εἶτα
2619 3900 2845 3972 εἰρηκὼς
2883 3901 2999 3962 τοῖς
3048 3899 3324 3970 πλησίον
3377 3902 3516 3954 ὅπα

2399 3993 2517 4062 σθη,
2548 3992 2733 4062 τρέπει
2777 3991 2864 4042 τὸν
2905 3989 3080 4056 λόγον
3143 3990 3310 4058 πρὸς
3349 3992 3464 4043 τὸν
3499 3994 3516 4038 t

2397 4082 2646 4135 κούσαντι
2699 4081 3042 4149 εὐχαριστεῖο
3121 4080 3241 4131 Ἐν
3296 4083 3516 4148 θλίψει

2397 4173 2476 4224 Τὰ
2497 4171 2706 4240 κύματα
2729 4169 2832 4222 τῶν
2850 4168 3129 4236 Θλίψεων,
3162 4170 3400 4237 φησὶν,
3439 4173 3488 4240 ἡ

2397 4261 2650 4322 λυσε,κα“ι
2671 4258 2810 4328 λιμῷ
2841 4275 2905 4328 με
2959 4259 3344 4327 τηκόμενον
3399 4260 3516 4311 ἀπὶ

2397 4352 2532 4402 οἴνου
2559 4349 2648 4400 καὶ
2675 4348 2848 4400 ελαίου
2877 4346 3297 4410 ὲπλούτισας,
3337 4348 3438 4408 ὡς
3498 4367 3515 4417 ι

2399 4439 2489 4491 xal.
2513 4438 2715 4498 πάντας
2745 4437 2865 4495 τοὺς
2892 4434 2990 4486 ὑπ’
3019 4434 3153 4503 ἐμὲ
3181 4433 3515 4486 ἁπολαῦσ

2403 4527 2599 4593 ἔλεγεν*
2640 4523 2777 4579 Ἀπὸ
2829 4523 3088 4590 καρποῦ
3141 4523 3381 4575 σίτου
3425 4542 3516 4577 κο

2405 4616 2595 4670 αὐτῶν
2620 4615 3147 4680 ἐπληθύνθησάν.
3201 4613 3292 4664 Ἠ
3340 4616 3471 4666 laxa
3485 4616 3518 4666 ε’

2410 4707 2538 4776 σύνη
2565 4706 2782 4774 καρδίας
2818 4720 2904 4772 μοι
2927 4702 3249 4769 γέγονεν.
3299 4704 3513 4757 Τοῦτη

2405 4797 2571 4864 αὐτῆς
2600 4796 2694 4864 τῆς
2729 4793 2994 4862 ἱστορίας.
3023 4793 3207 4845 ”Οτε
3231 4793 3392 4865 γὰρ
3447 4815 3516 4849 π.

2418 4883 2758 4950 Ἀϐεσσαλὼμ
2781 4882 2980 4949 ἔφυγεν
3015 4883 3094 4934 ὲν
3146 4886 3322 4946 ταῖς
3364 4887 3508 4956 ὲρή

2410 4993 2512 5037 σιν,
2539 4972 2678 5042 λιμῴ
2700 4973 2791 5025 καὶ
2813 4973 3052 5044 ἀνάγκῃ
3099 4971 3209 5034 ὡς
3260 4974 3347 5026 ὲν
3392 4975 3502 5028 διδ

2410 5067 2436 5116 6
2460 5065 2586 5125 Θεὸς
2627 5061 2788 5114 αὐτοῦ
2829 5063 2925 5133 τὴν
2972 5062 3322 5132 ἀνάγκην
3388 5082 3494 5119 πο

2411 5153 2514 5220 γὰρ
2540 5153 2567 5201 6
2591 5150 2716 5202 Σίϐα
2746 5153 2772 5202 6
2803 5153 2866 5204 ὲκ
2910 5153 3021 5205 τοῦ
3086 5151 3305 5205 οἴκου
3354 5157 3486 5208 toi

2414 5242 2598 5309 ἄρτους
2618 5241 2934 5309 διακοσίους,
2982 5241 3113 5296 καὶ
3161 5238 3373 5297 οἶνον
3418 5263 3472 5296 κ

2411 5333 2538 5394 δας·
2590 5327 2704 5385 εἶτα
2743 5335 2877 5402 μετὰ
2928 5333 3182 5389 τοῦτον
3237 5333 3468 5405 Bap;

862 5505 906 5535 "
950 5504 1102 5558 Rom.
1140 5520 1202 5569 ν,
1238 5506 1322 5560 20.
1398 5511 1440 5542 ⁸³
1481 5513 1618 5568 Psal.
1651 5528 1813 5577 CXIII,
1848 5514 1899 5566 ὅ.
1974 5511 2018 5542 ⁸³
2056 5508 2156 5564 lsa.
2192 5523 2346 5572 LVIII.
2379 5507 2432 5560 9-

867 5675 950 5744 (l)
982 5672 1104 5727 llaec
1145 5674 1194 5727 in
1218 5677 1399 5732 codice
1431 5677 1745 5738 Taurincnsi
1775 5686 1841 5740 ab
1877 5698 2198 5739 amanuense
2227 5681 2471 5745 adjuncta
2510 5691 2660 5749 sunt,
2695 5703 2794 5746 nec
2819 5691 3136 5748 habentur
3184 5683 3262 5737 in
3303 5687 3434 5741 alii
