3818 6332
335 329 440 383 H3

331 439 494 503 αὐτὸς
510 436 636 507 αὐτῷ
659 439 998 508 προσήνεγκε
1017 445 1098 501 ,δέ

331 531 431 583 καὶ
459 528 832 625 ἀμοιτάπητας,
861 532 1005 625 ’τοὺς
1059 541 1452 616 καλουμένους
1487 528 1580 604 νῦν
1604 528 1902 625 τυλοτάπη-

328 637 449 714 τας,
476 621 559 672 καὶ
580 619 997 714 οἴνου-κεράμια
1056 632 1166 684 καὶ
1211 641 1422 707 πυροὺς
1455 644 1545 696 καὶ
1585 645 1772 714 κριθὰς
1811 619 1902 700 καὶ

325 710 550 781 ἄλευρον
567 711 660 805 καὶ
681 710 887 805 κύαμον
902 717 1006 770 καὶ
1038 723 1247 787 φακὸν,
1266 731 1361 780 καὶ
1385 731 1500 800 μέλι
1526 710 1898 805 καὶ-βούτυρον,

320 801 419 892 καὶ
451 801 702 872 πρόϐατα,
757 803 851 856 καὶ
886 805 1197 882 γαλαθηνὰ
1243 819 1527 889 μοσχάρια·
1564 801 1901 892 Εὑχαριστῶν

317 885 416 942 οὖν
444 893 535 943 ἐπὶ
558 892 753 982 τούτοις
779 894 977 965 φησίνο
1031 900 1145 955 Ἐν
1187 885 1386 973 aug-ei
1414 885 1749 978 indeuia",
1781 931 1897 982 μοι.

393 980 462 1032 Τί
496 981 575 1045 δὲ,
619 979 788 1048 λέγων
834 985 1235 1061 εἰσηκούσθην,
1269 995 1342 1065 μὴ
1390 999 1590 1067 μακρὸν
1620 979 1900 1066 κατέτονας

315 1159 430 1250 ψας
450 1160 684 1226 nivaria;
711 1163 1003 1234 Οὐδαμῶς,
1038 1171 1210 1239 φησὶν
1235 1174 1263 1224 ὁ
1287 1175 1442 1226 Δαυῖδ
1460 1192 1472 1206 ο
1505 1178 1562 1228 ού
1592 1177 1697 1248 γὰρ
1716 1180 1900 1250 χρῄζει

318 1249 649 1315 πολυλογίας
681 1253 710 1304 6
741 1253 895 1318 Θεὸς,
939 1257 969 1307 6
1006 1260 1104 1311 καὶ
1137 1262 1281 1331 μόνῳ
1315 1267 1592 1337 στεναγμῷ
1632 1249 1897 1340 ἀρχούμε-

318 1357 426 1404 νος.
461 1340 638 1395 Τοῦτο
667 1345 829 1413 μόνον
863 1346 1052 1416 ἔλεγον
1089 1355 1519 1424 προσευχόμενος
1541 1374 1554 1388 ·
1612 1362 1898 1428 Οικτείρη-

317 1446 452 1495 σον,
490 1433 594 1484 καὶ
638 1434 1020 1491 εἰσάκουσον
1056 1440 1170 1508 τῆς
1200 1446 1537 1516 προσευχῆς
1572 1466 1707 1516 μου.
1747 1450 1899 1503 Είποι

318 1519 376 1571 δέ
402 1521 578 1574 ταῦτα
610 1523 710 1575 καὶ
744 1525 774 1576 6
805 1525 1010 1596 λῃστὴς
1052 1529 1111 1580 ἐν
1146 1515 1234 1599 τῷ
1265 1533 1475 1604 σταυρῷ
1507 1515 1636 1604 πρὸς
1663 1537 1752 1589 τὸν
1788 1539 1897 1590 Κύο

327 1627 464 1680 ριον·
494 1612 673 1665 εἰπὼν
720 1615 834 1686 γὰρ
884 1618 980 1670 καὶ
1033 1619 1488 1692 ἐπικαλεσάμενος
1531 1627 1587 1678 ἐν
1633 1630 1694 1697 τῇ
1738 1629 1898 1682 αὐτοῦ

323 1699 527 1769 θλίψει·
590 1704 928 1773 Μνήσθητι
951 1724 1094 1775 μου,
1138 1711 1327 1778 Κύριε,
1363 1712 1506 1768 ὅταν
1532 1715 1710 1784 ἔλθῃς
1731 1718 1800 1771 ἐν
1825 1718 1898 1786 τῇ

1473 352 1961 409 COMMENTARIA
1997 357 2063 410 ΙΝ
2101 357 2430 415 PSALMOS.

1101 466 1183 504 κα.
1207 457 1420 523 κοίτας,
1445 462 1527 515 ἵνα
1549 464 1618 532 μὴ
1645 469 1888 535 χαμευνῇι

2010 471 2128 523 tulit
2158 473 2256 540 ipsi
2285 471 2466 527 decem
2494 473 2659 528 lectos
2693 492 2757 530 ne
2783 477 2927 532 humi
2960 479 3207 544 cubaret,
3236 494 3287 536 et
3318 485 3522 552 amphi-

3425 370 3521 425 1M

2005 561 2198 627 tapetia
2231 577 2353 629 quae
2379 563 2488 630 jam
2540 564 2849 634 tylotapetia
2901 577 3157 622 vocantur
3188 609 3202 633 ,
3237 571 3344 623 vini
3397 586 3523 625 vasa

2005 650 2204 719 figlina,
2240 652 2584 715 frumentum,
2633 654 2928 720 hordeum,
2976 658 3222 724 farinam,
3269 658 3419 715 fabas
3472 667 3524 714 et

2002 742 2194 803 lentes,
2228 744 2330 796 mel
2351 752 2403 796 et
2433 745 2702 814 butyrum,
2763 763 2888 802 oves
2908 757 2960 802 et
2985 750 3182 804 lacteos
3203 751 3416 806 vitulos.
3450 752 3521 807 De

2001 831 2083 886 his
2117 833 2296 902 itaque
2317 834 2514 901 gratias
2540 851 2700 905 agens
2719 837 2812 902 ait,
2840 839 2891 890 in
2909 839 3234 895 tribulatione
3289 842 3522 896 dilatasti

2003 920 2146 972 mihi.

2067 1011 2179 1065 Cur
2207 1020 2384 1066 autem
2412 1028 2531 1066 cum
2559 1020 2609 1066 te
2637 1015 2941 1068 exauditam
2975 1018 3075 1081 ais,
3106 1033 3210 1070 non
3258 1020 3520 1088 prolixum

1875 1121 1898 1130 -
2001 1111 2303 1152 sermonem
2361 1100 2728 1154 contexuisti?
2772 1102 2947 1166 Quare
2974 1119 3079 1158 non
3119 1106 3325 1174 longam
3354 1109 3521 1160 nomi-

2001 1201 2125 1238 num
2157 1188 2546 1258 verborumque
2577 1191 2820 1258 paginam
2863 1196 3138 1248 exarasti?
3187 1195 3520 1261 Nullatenus,

1998 1273 2173 1346 inquit
2210 1277 2372 1332 David
2405 1323 2420 1346 ,
2446 1296 2617 1348 neque
2641 1283 2808 1337 multo
2837 1299 3080 1339 sermone
3117 1301 3253 1355 opus
3284 1286 3391 1341 Deo
3419 1295 3521 1353 est,

1999 1368 2086 1420 cui
2136 1369 2216 1422 vel
2262 1370 2410 1424 solus
2441 1372 2666 1436 gemitus
2713 1373 2782 1426 sit
2811 1374 2963 1438 .satis
3000 1392 3012 1427 :
3059 1375 3188 1429 illud
3235 1385 3437 1430 tantum
3469 1381 3522 1431 in

2001 1457 2244 1511 oratione
2257 1457 2388 1520 dixi,
2408 1455 2648 1514 Miserere
2680 1464 2798 1526 mei,
2828 1472 2875 1515 et
2900 1463 3091 1515 exaudi
3117 1465 3521 1520 orationemme-

1998 1563 2103 1598 am.
2145 1545 2279 1601 Illud
2313 1550 2472 1602 etiam
2502 1550 2724 1606 Domino
2769 1553 2967 1608 dixerit
2995 1555 3048 1607 in
3083 1569 3242 1610 cruce
3288 1557 3523 1625 pendens

2000 1637 2158 1702 latro,
2193 1640 2283 1707 qui
2313 1640 2363 1692 in
2398 1643 2638 1695 cruciatu
2669 1643 2843 1712 ipsum
2883 1645 3146 1700 invocavit
3189 1647 3274 1702 his
3300 1650 3476 1702 verbis
3507 1666 3520 1700 :

2001 1728 2256 1782 Memento
2270 1731 2387 1794 mei,
2408 1731 2642 1796 Domine,
2660 1750 2774 1787 cum
2788 1737 2980 1789 veneris
2996 1737 3050 1790 in
3071 1754 3276 1807 regnum
3300 1748 3441 1793 tuum
3458 1742 3522 1796 “.

317 1789 608 1856 ,ϐασιτιείᾳ
660 1807 807 1856 σου,
865 1795 1214 1866 εἰσηκούσθη,
1258 1800 1349 1852 καὶ
1398 1801 1515 1853 ἀντὶ
1545 1805 1771 1874 σταυροῦ
1809 1806 1888 1860 τὸι

1997 1817 2045 1871 ls
2078 1819 2204 1873 item
2263 1821 2542 1876 exauditus
2571 1831 2688 1888 est,
2721 1839 2783 1878 ac
2813 1825 2989 1880 crucis
3039 1827 3158 1882 loco
3216 1829 3523 1896 paradisum

321 1880 659 1949 παράδεισον
690 1880 904 1952 ᾤκησε,
935 1885 1030 1937 καὶ
1061 1885 1280 1956 πολίτης
1308 1889 1494 1957 γέγονε
1530 1892 1622 1945 τοῦ
1650 1895 1900 1964 ούρανοῦ..

319 1971 488 2033 Δύτὺς
516 1972 619 2023 καὶ
655 1973 801 2041 πρὸς
847 1973 974 2036 τοὺς
1026 1975 1306 2038 Ἰουδαίους
1329 1977 1575 2048 βοήσεται
1595 1997 1606 2011 ·
1654 1985 1767 2036 Υἱοί
1793 1985 1895 2037 ἀν-

318 2060 587 2126 θρώπων,
607 2061 726 2126 ἕως
743 2064 893 2115 πότε
902 2063 1287 2132 βαρυκὰρδιοι
1304 2082 1322 2128 ;
1347 2066 1606 2120 θεάσασθε
1617 2071 1713 2139 τὴν
1725 2072 1894 2124 κτίσιν

313 2153 391 2221 τῷ
409 2154 612 2224 κτίστῃ
643 2171 711 2206 συ
720 2154 1102 2225 μπάσχουσαν.
1123 2156 1206 2218 Ei,
1228 2157 1317 2208 τὸν
1334 2157 1578 2229 Λάζαρον
1604 2165 1897 2232 τετραήμε-

319 2260 410 2310 ρον
427 2244 540 2296 ἀπὸ
556 2244 655 2296 τοῦ
676 2246 858 2313 τάφου
880 2245 1140 2315 τρέχοντα
1163 2247 1374 2312 ἰδόντες,
1405 2249 1503 2300 οὐκ
1529 2251 1894 2317 ἐπιστεύσατε,

313 2330 411 2382 νῦν
441 2331 578 2398 γοῦν
610 2334 1041 2402 προσκυνήσατε
1073 2333 1164 2385 τοῦ
1196 2334 1598 2405 Σταυρωθέντος
1620 2337 1714 2409 τὴν
1736 2338 1893 2393 δύνα-

320 2437 411 2488 μιν
436 2437 450 2449 θ
484 2422 724 2491 νεκροὺς
777 2421 807 2472 6
863 2423 1084 2491 σεισμὸς
1134 2423 1444 2494 ἀνέστησεν,
1488 2426 1581 2478 καὶ
1625 2428 1780 2497 ὑμεῖς
1827 2434 1892 2502 τῇ

318 2511 545 2581 ἀπιστία
575 2511 902 2565 καθεύδετε.
962 2512 1062 2564 Διὰ
1103 2515 1154 2565 τί
1191 2514 1562 2586 βαρυκάρδιοι;
1598 2518 1763 2591 Τοῦτο
1797 2523 1894 2591 μὲν

317 2600 405 2652 διὰ
428 2601 485 2654 τδ
508 2602 584 2673 μὴ
611 2603 990 2672 κατανυγῆναι
1016 2606 1127 2667 τοῖς
1153 2603 1437 2675 θαύμασιν,
1474 2590 1701 2662 τοῦτοδὲ
1717 2590 1806 2664 διὰ
1832 2612 1892 2666 τὸ

321 2688 381 2752 ἐξ
411 2691 730 2761 ἀφροσύνης
775 2692 988 2762 βαρέως
1039 2695 1178 2748 κατὰ
1203 2697 1295 2749 τοῦ
1327 2699 1556 2769 Χριστοῦ
1595 2702 1888 2772 ὀργίζεσθε.

322 2782 544 2852 Μάρτυς
577 2786 612 2854 ἡ
637 2784 836 2855 Γραφὴ
858 2785 1087 2840 εἰποῦσα
1108 2803 1122 2816 ·
1157 2787 1314 2855 Βαρὺ
1344 2791 1510 2855 λίθος
1539 2790 1635 2843 καὶ
1673 2790 1890 2846 δυσϐά-

317 2887 582 2938 στακτος
626 2874 853 2942 ἄμμος·
891 2875 1037 2943 ὀργὴ
1065 2875 1132 2928 δὲ
1166 2877 1420 2945 ἄφρονος
1453 2880 1778 2948 ,βαρυτέραο
1811 2883 1891 2935 ἂτι

315 2959 444 3012 οὔτε
490 2962 750 3033 νουθεσίᾳ
807 2964 1079 3032 θέλγεται,
1108 2966 1198 3018 καὶ
1242 2965 1487 3037 θαύματα
1510 2968 1716 3037 βλέπων
1743 2969 1892 3040 ὀργί-

313 3065 490 3109 gerat.

1998 1908 2204 1973 incolit,
2235 1915 2394 1978 atque
2427 1911 2568 1965 inter
2597 1913 2738 1968 cives
2766 1915 2889 1968 coeli
2930 1916 3217 1985 ascriptus,
3252 1918 3330 1972 sic
3350 1917 3526 1972 Judze-

1997 2010 2056 2048 os
2088 1995 2330 2050 clamans
2377 1999 2714 2066 eompellabit
2743 2019 2755 2054 :
2798 1999 2927 2054 Filii
2954 2001 3237 2070 hominum,
3267 2019 3523 2073 usquequo

1996 2085 2140 2152 gravi
2165 2085 2337 2149 corde,
2362 2101 2450 2141 res
2475 2095 2684 2143 creatas
2712 2091 3022 2158 conspicitis
3051 2091 3293 2147 Creatori
3323 2094 3522 2147 condo-

1995 2173 2200 2227 lentes?
2229 2173 2284 2227 Si
2313 2176 2728 2244 quatriduanum
2766 2177 3023 2232 Lazarum
3056 2194 3086 2234 e
3127 2182 3372 2249 sepulcro
3397 2197 3522 2235 eur-

1992 2269 2192 2314 reutem
2217 2276 2336 2314 cum
2359 2263 2628 2327 videretis,
2657 2281 2762 2319 non
2792 2266 3114 2331 credidistis,
3152 2279 3205 2321 at
3243 2285 3384 2323 nunc
3413 2272 3520 2323 sal-

1993 2354 2097 2402 tem
2133 2349 2384 2404 Crueilixi
2417 2360 2728 2420 potestatem
2784 2354 3001 2410 adoiale
3029 2375 3042 2410 :
3070 2365 3309 2413 mortuos
3362 2367 3519 2414 terra:

1992 2443 2169 2490 motus
2203 2438 2473 2503 excitavit,
2509 2447 2559 2494 et
2583 2455 2676 2496 vos
2706 2442 2760 2494 in
2792 2443 3100 2498 infidelitate
3125 2455 3300 2499 vestra
3316 2446 3518 2500 dormi-

1994 2528 2084 2579 tis.
2109 2526 2284 2591 Quare
2301 2529 2448 2598 gravi
2475 2530 2636 2584 corde
2657 2533 2866 2600 praediti
2893 2535 2915 2586 ?
2946 2533 3164 2589 Scilicet
3185 2537 3308 2604 quia
3336 2539 3402 2590 ob
3417 2540 3518 2593 mi-

1989 2615 2180 2670 rabilia
2223 2626 2370 2686 gesta
2399 2634 2508 2672 non
2541 2623 2958 2690 compungimini
2997 2641 3014 2690 ;
3059 2625 3168 2679 sive
3194 2641 3256 2679 ex
3290 2628 3516 2682 stultitia

1987 2706 2219 2774 graviter
2240 2704 2454 2761 Christo
2475 2711 2826 2764 succensetis.
2853 2710 3086 2780 Hujusce
3133 2714 3210 2766 rei
3251 2715 3404 2768 testis
3433 2723 3516 2771 est

1989 2793 2266 2865 Scriptura
2299 2812 2417 2866 quae
2449 2800 2526 2854 sic
2559 2799 2714 2854 habet
2744 2819 2756 2854 :
2793 2799 2955 2855 Grave
2986 2813 3061 2856 est
3088 2819 3293 2869 saxum,
3319 2815 3366 2858 et
3395 2823 3515 2860 one-

1987 2899 2109 2940 rosa
2154 2903 2314 2941 arena
2343 2905 2360 2942 :
2385 2889 2473 2944 sed
2510 2891 2592 2944 ira
2619 2893 2768 2945 stulti
2796 2895 3006 2956 gravior
3047 2894 3132 2958 5";
3175 2895 3299 2964 quia
3344 2913 3514 2966 neque

1988 2976 2206 3032 monitis
2235 2979 2486 3045 allieitur,
2513 2990 2565 3037 et
2594 2983 2856 3036 miracula
2882 2999 3002 3038 cum
3029 2984 3188 3047 videt,
3223 2985 3352 3039 iram
3383 3004 3512 3042 eon-

1988 3063 2136 3133 cipit.

391 3165 513 3217 Ἶνα
547 3166 606 3217 τι
649 3163 927 3234 ἀγαπᾶτε
951 3167 1326 3234 ματαιότητα,
1361 3169 1450 3221 τὸν
1477 3169 1760 3240 Βαραὸσὰν
1791 3171 1884 3225 τοῦ

2059 3173 2124 3228 Ut
2140 3178 2263 3246 quid
2281 3177 2497 3248 diligitis
2530 3182 2806 3235 vanitatem
2831 3186 2955 3252 ;qui
2988 3185 3278 3243 Barabbam
3299 3189 3512 3245 Christo

327 3252 554 3323 Χριστοῦ
602 3256 1071 3326 προτιμήσαντες,
1119 3258 1208 3310 τὸν
1253 3259 1414 3326 φονέα
1465 3261 1602 3331 ὑπὲρ
1640 3261 1728 3316 τὸν
1756 3260 1884 3324 ζωο-

1994 3267 2309 3331 praatulistis,
2325 3268 2644 3323 homicidam
2663 3274 2782 3325 vitae
2799 3276 3022 3336 auctori,
3047 3293 3266 3345 regnum
3288 3279 3513 3333 Ctesaris

331 3345 469 3396 ποιὸν
494 3384 507 3407 ,
535 3344 636 3415 τὴν
669 3345 954 3415 βασιλείαν
1005 3346 1095 3400 τοῦ
1137 3347 1410 3418 Καίσαρος
1449 3350 1586 3419 ὑπὲρ
1616 3351 1713 3420 τὴν
1736 3350 1884 3419 βασι-

330 3430 466 3486 λείαν
497 3436 604 3487 τῶν
635 3436 912 3506 οὐρανῶν,
944 3438 1042 3507 τὴν
1084 3439 1353 3507 ἁμαρτίαν
1383 3440 1479 3509 τὴν
1507 3439 1686 3510 ἄμμου
1716 3458 1884 3510 παρα-

331 3517 438 3584 λίας
465 3523 785 3596 βαρυτέραν
817 3526 956 3596 ὑπὲρ
974 3526 1070 3596 τὴν
1101 3527 1462 3596 δικαιοσύνην,
1498 3530 1564 3581 τὰ
1585 3529 1886 3599 πρόσκαιρα

324 3609 456 3683 ὑπὲρ
482 3615 553 3666 τὰ
603 3612 832 3676 αἰώνια,
879 3615 977 3685 τὴν
1012 3615 1214 3685 φθορὰν
1259 3616 1399 3686 ὑπὲρ
1429 3617 1523 3686 τὴν
1557 3618 1881 3686 ἁφθαρσίαν;

330 3701 483 3757 Ἀλλὰ
506 3706 649 3775 πρὸς
662 3705 882 3768 τούτοις
905 3708 996 3759 καὶ
1028 3705 1282 3776 ζητεῖσθδ
1307 3705 1548 3775 ψεῦδος,
1587 3707 1886 3779 ψευδομάρ-

311 3807 479 3865 τυρας
534 3796 904 3865 ἐξωνούμενοι
959 3795 1100 3850 κατὰ
1167 3797 1267 3866 τῆς
1313 3796 1556 3866 ἀληθείας
1606 3796 1880 3864 λέγοντας·

314 3883 535 3938 Τοῦτον
559 3885 832 3952 εὕρομεν
875 3883 1303 3954 διαστρέφοντα
1344 3885 1409 3938 τὸ
1439 3885 1629 3950 ἔθνος,
1659 3887 1750 3938 καὶ
1774 3903 1883 3938 κω-

295 3973 534 4026 λύοντα
559 3973 645 4038 τῷ
673 3974 933 4040 Καίσαρι
961 3977 1148 4042 φόρον
1183 3975 1427 4029 διδόναι.
1475 3975 1750 4028 Ἀνασείει
1783 3976 1886 4028 τὸν

290 4061 457 4114 λαὸν
491 4061 835 4114 διδάσκων.
867 4065 935 4114 El
959 4063 1044 4131 μὴ
1082 4059 1162 4131 ἦν
1192 4059 1366 4128 οὗτος
1407 4062 1736 4128 κακοποιὸς,
1776 4065 1884 4117 οὐκ

285 4147 374 4200 ἂν
405 4167 514 4204 σοι
540 4150 983 4219 παρεδώκαμεν
1014 4153 1215 4205 αὐτόν.
1241 4152 1350 4204 Καὶ
1385 4152 1436 4204 τί
1469 4151 1882 4221 ἐκακοποίησεν;

1984 3369 2144 3423 regno
2158 3357 2436 3419 caelorum,
2458 3367 2731 3426 peccatum
2750 3375 2908 3415 arena
2926 3365 3088 3417 maris
3117 3366 3331 3433 gravius
3361 3367 3515 3433 justi-

1984 3441 2088 3501 tize,
2139 3447 2476 3509 temporanea
2522 3445 2757 3523 aeterpis,
2792 3448 3186 3513 corruptionem
3235 3449 3514 3519 incorrup—

1981 3528 2139 3598 ιὶοηὶἶζ
2149 3527 2251 3582 Sed
2265 3538 2316 3583 et
2327 3530 2540 3600 insuper
2552 3535 2780 3602 quwritis
2797 3535 3139 3597 mendacium,
3155 3535 3420 3608 falsosque
3435 3545 3512 3593 te-

1982 3626 2090 3671 stes
2111 3626 2294 3672 contra
2312 3621 2588 3674 veritatem
2624 3623 2920 3678 conducitis
2939 3625 3049 3678 haec
3065 3625 3302 3682 dicentes
3327 3647 3339 3680 :
3361 3627 3512 3682 Hunc

1982 3705 2262 3757 invenimus
2322 3705 2690 3760 subvertentem
2747 3709 3012 3776 populant,
3068 3718 3116 3763 et
3166 3711 3512 3778 prohibentem

1984 3793 2176 3846 tributa
2197 3795 2323 3848 dare
2353 3792 2574 3849 Cwsari.
2629 3795 2920 3851 Commovet
2962 3800 3205 3867 populum
3233 3800 3416 3854 docens
3443 3803 3508 3855 ³⁸.

1985 3883 2105 3937 Nisi
2138 3892 2268 3937 esset
2295 3884 2374 3936 hic
2399 3885 2724 3953 malefactor,
2750 3903 2851 3939 non
2870 3886 2960 3939 tibi
2983 3888 3380 3942 tradidissemus
3397 3905 3511 3942 eum

1981 3975 2046 4028 ⁵⁷.
2076 3974 2215 4043 Quid
2244 3985 2420 4028 autem
2461 3977 2593 4030 mali
2624 3975 2747 4031 fecit
2775 3978 2797 4030 ?
2825 3993 2891 4028 an
2931 3979 3056 4045 quia
3085 3969 3257 4046 aagros
3280 3981 3509 4042 curavit,

1981 4062 2255 4116 daemones
2284 4062 2502 4132 fugavit,
2546 4072 2787 4118 mortuos
2824 4065 3104 4118 suscitavit
3136 4065 3158 4116 ?
3188 4081 3253 4117 an
3287 4067 3410 4134 quia
3444 4082 3511 4119 ex

1986 4153 2224 4221 quinque
2250 4153 2477 4220 panibus
2505 4152 2725 4206 totidem
2761 4154 2925 4206 millia
2945 4153 3220 4206 hominum
3251 4156 3304 4207 in
3333 4172 3509 4209 eremo

281 4235 373 4292 δτι
397 4240 714 4302 νοσοῦντας
764 4241 971 4303 ἰάσατο,
1002 4242 1084 4293 ὅτι
1127 4242 1382 4312 δαίμονας
1406 4243 1780 4311 ἐφυγάδευσεν,
1806 4246 1885 4296 ὅτι

1994 4243 2198 4296 satiavit
2225 4243 2460 4311 exceptis
2481 4243 2792 4298 mulieribus
2813 4251 2865 4298 et
2888 4245 3124 4314 parvulis
3140 4246 3163 4298 ?
3179 4245 3366 4300 Adhuc
3386 4263 3510 4301 esca

279 4332 534 4401 νεκροὺς
598 4331 831 4399 ἤγειρεν
857 4369 871 4392 ,
914 4331 994 4382 ὅτι
1036 4332 1100 4382 ἐκ
1159 4331 1316 4384 πέντε
1359 4331 1534 4402 ἄρτων
1577 4332 1886 4402 ἰσαρίθμους

1994 4348 2037 4383 ιη
2071 4339 2284 4400 gutture
2329 4332 2567 4401 ipsorum
2597 4342 2730 4397 erat,
2770 4333 2896 4386 dum
2935 4335 3272 4388 mendacium
3307 4336 3362 4389 in
3395 4351 3506 4390 ore.

279 4421 552 4488 χιλιάδας
592 4421 657 4471 ἐν
681 4420 879 4488 ἐρήμῳ
903 4419 1013 4472 διέθ
1023 4419 1152 4488 ρεψε
1186 4420 1349 4490 χωρὶς
1368 4422 1634 4488 γυναικῶν
1655 4423 1744 4473 καὶ
1765 4422 1884 4474 παί-

1994 4421 2156 4491 Atque
2186 4421 2250 4476 iis
2277 4423 2367 4491 qui
2395 4423 2460 4476 ad
2493 4423 2813 4478 Absalonem
2839 4424 3172 4478 desciverant
3207 4427 3380 4480 aiebat
3408 4424 3507 4477 Da-

273 4507 433 4576 δωνς
465 4512 594 4563 Ἔτι
618 4512 654 4579 ἡ
683 4507 862 4579 τροφὴ
905 4510 964 4561 ἐν
1015 4509 1093 4578 τῷ
1138 4510 1365 4580 λάρυγγι
1409 4511 1502 4564 καὶ
1527 4511 1587 4564 τὸ
1611 4510 1800 4578 ψεῦδος
1827 4513 1884 4564 ἐν

1994 4511 2072 4565 rid
2105 4532 2116 4566 :
2145 4511 2253 4566 Cur
2281 4529 2401 4567 cum
2424 4513 2668 4583 improbo
2711 4514 2816 4566 filio
2850 4513 3168 4568 defecistis?
3198 4515 3306 4569 Cur
3341 4515 3507 4567 ﬁlium

279 4599 370 4668 τῷ
393 4601 662 4670 στόματι.
708 4599 823 4650 Καὶ
864 4600 978 4661 τοῖς
1017 4599 1097 4666 τῷ
1138 4599 1483 4670 Ἀὅεσσαλὼμ
1523 4600 1884 4665 συναποξενω-

1994 4602 2240 4657 adversus
2269 4611 2479 4672 patrem
2509 4603 2832 4657 concitatis?
2887 4603 3066 4670 Quare
3109 4605 3262 4658 vanis
3287 4604 3506 4659 Achito-

285 4689 474 4744 θεῖσιν
504 4692 704 4758 ἔλεγεν
742 4690 772 4740 6
801 4689 995 4740 Δαυῒδ·
1031 4687 1098 4739 Τί
1130 4687 1207 4756 τῷ
1230 4689 1441 4759 ἀτάκτῳ
1479 4691 1624 4743 παιδὶ
1651 4693 1882 4761 συναπή-

1994 4691 2155 4761 phelis
2185 4693 2426 4749 consiliis
2482 4709 2680 4747 morem
2713 4695 2900 4764 geritis
2929 4698 2950 4749 ?
2981 4695 3036 4749 Si
3073 4697 3119 4750 is
3161 4698 3251 4764 qui
3287 4695 3487 4748 maledi-

291 4781 505 4850 χθητες
556 4779 628 4832 Τί
672 4779 770 4830 τὸν
815 4778 944 4830 Υίὺν
979 4777 1126 4830 κατὰ
1160 4779 1356 4848 πατρὸς
1395 4781 1669 4848 disicere;
1706 4781 1768 4832 Τί
1812 4783 1876 4852 τῇ

1994 4782 2120 4834 xerit
2145 4783 2278 4850 patri
2310 4782 2388 4835 vel
2419 4783 2575 4834 matri
2623 4795 2793 4837 morte
2815 4784 3008 4854 dignus
3035 4796 3116 4840 est
3148 4824 3164 4849 ,
3199 4784 3288 4853 qui
3318 4793 3503 4837 contra

301 4872 512 4941 ματαία
550 4870 720 4939 βουλῇ
758 4866 856 4919 τοῦ
924 4866 1209 4936 Ἀχιτόφελ
1251 4869 1669 4941 ἡκολουθήσατες
1731 4872 1794 4922 Εἰ
1849 4874 1878 4924 6

1994 4882 2184 4941 patrem
2217 4874 2446 4942 gladium
2487 4873 2628 4925 acuit
2687 4882 2816 4943 quot
2846 4875 3202 4931 mortibusac
3231 4875 3503 4944 suppliciis

303 4958 627 5026 κακολογῶν
663 4957 880 5026 πατέρα
908 4955 942 5025 ἥ
975 4954 1200 5024 μητέρα
1245 4955 1464 5011 θανάτου
1494 4958 1655 5022 ἄξιος,
1684 4962 1712 5012 6
1739 4961 1875 5014 κατὰ

1994 4963 2224 5032 lignus?
2274 4962 2339 5017 Ut
2363 4964 2485 5034 quid
2525 4963 2686 5032 igitur
2715 4964 2930 5034 diligitis
2959 4967 3234 5018 vanitatem
3279 4975 3329 5019 et
3365 4984 3509 5036 gate-

308 5048 510 5116 πατρὺς
534 5046 752 5101 ἀκονῶν
791 5045 949 5112 ξίφος
983 5043 1108 5105 υἱὸς
1152 5045 1373 5108 ποσάκις
1405 5049 1548 5100 ἐστὶν
1572 5047 1716 5111 ἄξιος
1748 5049 1878 5102 ἀπο-

1994 5052 2096 5105 ritis
2150 5033 2527 5106 mendacium?
2585 5052 2916 5107 Mendacium
2947 5062 3099 5106 vocat
3148 5055 3503 5126 quodcunque

315 5134 519 5202 θανεῐνς
573 5139 698 5191 Ἵνα
739 5136 800 5188 τι
848 5128 947 5186 οὖν
987 5131 1260 5199 ἀγαπᾶτε
1279 5139 1634 5204 ματαιότητα
1657 5139 1752 5190 καί
1793 5138 1878 5206 ζη-

1994 5153 2175 5193 ranum
2198 5157 2351 5210 opus,
2370 5141 2523 5209 cujus
2548 5149 2788 5208 prompta
2820 5135 2996 5202 ruina,
3030 5147 3303 5212 repentina
3328 5153 3502 5197 muta-

324 5223 453 5280 τεῖτε
505 5225 769 5298 ψεῦδος;
831 5220 1063 5280 Ψεῦδος
1124 5221 1264 5289 λέγει
1339 5223 1434 5276 νῦν
1491 5227 1596 5279 πᾶν
1653 5231 1876 5298 πρᾶγμα

1994 5231 2074 5285 .io.
2121 5231 2472 5284 Verumtamen
2500 5231 2618 5283 vani
2648 5231 2748 5298 ﬁlii
2778 5231 3063 5304 hominum,
3095 5235 3359 5288 mendaces
3401 5234 3499 5304 ﬁlii

307 5315 536 5385 μάταιον,
587 5315 822 5381 ταχεῖαν
877 5308 990 5375 τὴν
1041 5307 1245 5360 πτῶσιν
1286 5312 1384 5362 καὶ
1419 5314 1707 5384 μεταϐολὴν
1739 5315 1874 5385 ἔχον.

1994 5321 2238 5381 iominum
2273 5325 2324 5376 in
2347 5322 2573 5385 stateris,
2609 5331 2664 5374 ut
2688 5323 2876 5392 injuste
2902 5337 3059 5396 agant
3088 5328 3150 5384 ⁸⁸.

292 5407 449 5476 Πλὴν
457 5405 710 5475 μάταιοι
742 5401 802 5452 οἱ
834 5395 969 5449 υἱοὶ
1014 5394 1141 5446 τῶν
1169 5398 1506 5465 ἀνθρώπων,
1549 5404 1785 5470 ψευδεῖς
1822 5411 1881 5461 οι
2624 5409 2626 5411 .

282 5500 379 5556 vlo!
408 5496 531 5550 τῶν
567 5486 935 5555 ἀνθρώπων
959 5481 1041 5533 ἐν
1064 5481 1270 5552 ζυγοῖς,
1299 5489 1418 5541 τοῦ
1467 5489 1752 5558 ἀδικῆσαι.

324 5681 367 5714 ⁵³
400 5675 542 5731 Luc.
583 5679 730 5719 χιιι]
756 5697 778 5716 ,ς
817 5656 913 5707 42-
1011 5657 1056 5684 ⁵⁵
1102 5656 1253 5714 Prov.
1291 5681 1482 5727 xxvii,
1513 5666 1562 5720 5.
1634 5671 1676 5702 ⁸⁸
1718 5669 1842 5730 Luc.
1879 5691 1888 5729 ι

1994 5693 2042 5741 ι,
2075 5675 2126 5731 ξ’.
2205 5677 2246 5708 ³⁷
2287 5672 2436 5728 Joan.
2475 5689 2581 5728 xvn
2607 5712 2620 5737 ,
2645 5677 2734 5731 430.
2810 5675 2852 5706 ⁵³
2892 5675 3034 5733 Psal.
3063 5692 3188 5740 ιιι,
3223 5676 3308 5731 10.
