3818 6304
592 308 696 362 “5

898 421 1434 475 INTERPRETATIO
1471 421 1714 475 PSALMI
1750 421 1812 474 γ.

590 544 617 597 ἱ
631 584 644 598 .
660 545 725 599 In
754 548 906 615 ﬁnem
933 564 1024 614 pro
1045 565 1105 601 ea
1132 565 1244 616 qua:
1259 548 1610 618 hwreditatem
1631 550 1957 618 consequitur
1977 551 2110 616 psal-

1188 633 1298 668 mus
1327 617 1514 672 David.

657 723 712 779 In
737 727 892 780 linem
919 727 1145 796 hymnus
1173 727 1466 795 gratiarum
1507 728 1736 781 actionis
1763 728 1974 780 canitur
2012 710 2109 797 pro

588 816 762 868 anima
789 818 899 869 sive
929 833 1024 884 pro
1046 816 1306 877 Ecclesia,
1333 832 1450 884 quae
1482 816 1536 868 in
1556 817 1790 869 divinam
1832 817 2109 870 haeredita-

587 913 691 955 tem
728 902 817 956 Dei
849 903 1061 958 famulis
1113 914 1463 971 praeparatam
1521 904 1755 958 ducitur.
1789 903 1882 958 Est
1911 905 2107 973 quippe

584 993 866 1047 haereditas
889 992 1055 1046 Deum
1075 994 1394 1048 .colentibus
1427 1004 1639 1062 parata,
1673 1003 1726 1049 et
1753 995 1865 1049 haec
1895 995 2106 1064 quidem

581 1097 688 1136 non
713 1084 1100 1152 corruptibilis,
1131 1100 1305 1152 neque
1333 1084 1386 1136 in
1417 1085 1622 1140 divitiis
1655 1100 1870 1139 sensum
1899 1101 2109 1140 moven-

579 1172 724 1225 tibus
754 1173 1019 1226 consistit.
1052 1171 1260 1226 Dicitur
1292 1173 1434 1226 enim
1485 1173 1818 1229 inducendos
1868 1174 2105 1229 haeredes

579 1260 750 1329 ipsius
767 1275 905 1324 esse,
936 1263 987 1314 in
1003 1261 1355 1314 hwreditatem
1380 1263 1843 1330 incorruptibilem,
1869 1265 2105 1316 inconta-

581 1353 854 1413 minatum,
881 1351 1380 1414 inmarcescibilem,
1416 1363 1772 1406 conservatam
1800 1355 1852 1406 in
1879 1353 2017 1406 cmlis
2034 1355 2100 1406 ⁵⁵³.

577 1440 635 1492 ln
666 1441 808 1493 illam
846 1454 940 1494 eos
979 1439 1070 1508 qui
1103 1439 1251 1510 digni
1303 1449 1428 1495 sunt
1468 1457 1698 1496 evocans
1728 1441 1970 1495 Salvator
1991 1441 2098 1494 ait:

586 1531 763 1584 Venite
793 1533 880 1599 qui
911 1548 942 1582 a
965 1530 1161 1585 dextris
1189 1533 1314 1586 meis
1338 1533 1484 1596 estis,
1517 1533 1763 1587 benedicti
1793 1533 1969 1585 Patris
1983 1534 2099 1594 mei,

576 1619 829 1688 possidete
846 1629 1087 1688 paratum
1115 1620 1256 1674 vobis
1291 1637 1502 1690 regnum
1527 1623 1592 1677 °°.
1623 1620 1796 1689 Hujus
1815 1635 1995 1674 amore
2013 1635 2103 1673 ca-

1239 310 1497 363 EUSEBII
1537 307 2002 363 CXESARIENSIS
2038 309 2183 364 OPP.
2224 309 2399 363 PARS
2435 309 2518 362 lll.
2551 337 2621 348 --
2655 302 3063 359 EXEGETICA.

2582 423 2719 473 EPM
2729 420 2929 473 llNEIA
2953 413 3282 468 ΨΑΛΜΟΥ
3318 413 3404 464 E'.

2211 554 2310 619 Εἰς
2342 554 2404 606 τὸ
2437 553 2607 619 τέλος
2647 550 2796 619 ὑπὲρ
2848 548 2955 619 τῆς
2982 541 3527 619 κληρονομούσης
3570 541 3620 605 ψ

2809 618 2886 681 τῷ
2930 617 3134 668 Δαυΐδ.

2274 734 2365 794 Εἰς
2396 731 2459 783 τὸ
2505 729 2650 791 τέλος
2703 729 3053 798 χαριστήριος
3081 725 3268 795 ὕμνος
3302 721 3508 790 ᾄδεται
3553 719 3624 769 ὑπ

2205 820 2468 891 ἀγομένης
2497 820 2687 888 ψυχῆς,
2722 819 2840 888 ἦτοι
2889 816 3252 884 Ἐκκλησίας,
3289 813 3379 872 εἰς
3419 809 3582 860 Θείαν
3617 825 3624 858 ς

2204 911 2386 980 νομίαν
2405 911 2802 980 ἡτοιμασμένην
2823 912 2932 969 τοῖς
2947 907 3041 958 τοῦ
3055 905 3200 957 Θεοῦ
3222 903 3620 973 θεραπευταῖς

2203 1001 2306 1070 γὰρ
2338 1001 2657 1070 κληρονομία
2710 1002 2818 1060 τοῖς
2872 996 3248 1066 θεραπεύουσι
3280 992 3536 1062 Κύριον·
3577 992 3624 1041 Ἴ

2203 1089 2334 1159 αὕτη
2357 1091 2414 1142 οὐ
2449 1090 2650 1160 φθαρτὴ
2670 1090 2762 1141 κα.)⁸
2787 1091 2844 1140 ὲν
2870 1085 3112 1155 αἰσθητῴ
3131 1083 3377 1151 πλούτῳ
3410 1082 3624 1149 ἔχουσα

2201 1180 2422 1250 Εἴρηται
2457 1181 2560 1250 γὰρ
2610 1179 2918 1246 εἰσάγεσθαι
2967 1178 3096 1238 τοὺς
3135 1174 3367 1242 ταύτης
3433 1171 3623 1242 κληρο

2200 1272 2284 1334 εἰς
2305 1269 2692 1336 κληρονομίαν
2719 1268 3020 1334 ἄφθαρτον
3048 1265 3150 1317 καὶ
3173 1264 3502 1331 ἀμίαντον
3537 1278 3623 1312 κα

2193 1376 2432 1426 ραντον,
2454 1359 2846 1426 τετηρημένην
2863 1359 2933 1409 ἐν
2949 1355 3270 1423 οὐρανοῖς.
3308 1353 3412 1416 Εἰς
3446 1351 3624 1422 ταύτῃ

2201 1449 2378 1513 ἀξίους
2401 1448 2574 1500 καλῶν
2605 1451 2631 1499 ὁ
2653 1448 2838 1516 Σωτήρ
2857 1463 2868 1476 ’
2899 1443 3078 1520 Δε-ῖξτε
3106 1443 3180 1494 ἐκ
3208 1439 3452 1504 δεξιῶν
3467 1457 3618 1506 μου,

2200 1541 2314 1607 (sic)
2352 1543 2404 1592 οἱ
2447 1538 2830 1605 εὐλογημένοι
2874 1534 2979 1588 τοῦ
3032 1535 3286 1599 Πατρός
3324 1549 3482 1600 μου,
3523 1533 3624 1582 χλι

2192 1630 2420 1698 μήσατε
2440 1629 2550 1694 τὴν
2566 1626 3006 1694 ἡτοιμασμένην
3021 1623 3174 1692 ὑμῖν
3191 1623 3580 1687 βασιλείαν.
3596 1621 3624 1671 'l

577 1717 700 1778 ptus
757 1711 846 1778 qui
911 1717 1222 1778 praesentem
1278 1711 1538 1778 psalmum
1605 1711 1810 1773 recitat,
1858 1710 1964 1763 Deo
2011 1710 2092 1778 qui

2199 1717 2371 1786 ἔρωτα
2401 1715 2573 1768 λαϐὼν
2593 1718 2619 1767 ὁ
2645 1715 2733 1766 τὸν
2758 1715 3075 1782 ἐγκείμενον
3116 1711 3358 1782 ψαλμὸν
3403 1711 3613 1778 λέγων,

578 1802 750 1869 ipsam
774 1802 1084 1869 praeparavit
1110 1800 1404 1856 orationem
1420 1801 1630 1864 emittit,
1650 1810 1706 1854 ut
1723 1801 1912 1870 dignus
1945 1801 2092 1854 habe-

2199 1809 2500 1876 ἀναπέμπει
2542 1806 2616 1875 τῷ
2660 1807 3033 1875 εὐτρεπίσαντι
3061 1805 3250 1875 αὐτὴν
3291 1804 3448 1873 Θεῷ,
3484 1805 3624 1857 ἴναέ

577 1900 694 1943 atur
720 1891 809 1958 qui
837 1905 955 1944 eam
984 1892 1276 1946 secundum
1323 1899 1698 1946 testamentum
1731 1906 1929 1944 novum
1968 1906 2097 1944 con—

576 1988 850 2047 sequatur,
881 1979 953 2032 ita
981 1989 1038 2032 ut
1061 1980 1409 2048 inscriptione
1442 1980 1551 2043 illa,
1581 1995 1674 2047 pro
1710 1996 1771 2032 ea
1799 1995 1912 2047 quae
1936 1979 2096 2032 iiwre-

573 2067 789 2120 ditatem
836 2068 1180 2136 consequitur,
1211 2081 1362 2121 suam
1416 2068 1586 2136 ipsam
1635 2069 1865 2120 animam
1925 2069 2094 2136 signi-

572 2155 716 2208 licet.

558 2276 563 2284 ι
639 2246 802 2302 Vnus.
825 2247 881 2301 2.
918 2246 1081 2300 Verba
1111 2262 1222 2299 mea
1249 2246 1462 2300 auribus
1499 2249 1714 2314 percipe,
1746 2246 1978 2312 Domine,
2013 2249 2094 2300 in-

571 2339 740 2408 tellige
769 2339 1042 2392 clamorem
1075 2354 1258 2391 meum.
1295 2336 1432 2391 Sane
1457 2339 1618 2392 verba
1645 2353 1739 2392 ore
1769 2339 1974 2406 prolata
2000 2353 2097 2391 au-

568 2425 721 2478 ribus
767 2425 1134 2493 percipiuntur
1162 2431 1215 2478 et
1244 2424 1535 2478 audiuntur
1585 2444 1598 2478 :
1653 2426 1854 2480 clamor
1895 2434 2091 2490 autem,

567 2528 675 2568 non
708 2513 922 2581 quidem
949 2513 1147 2576 verbis,
1199 2513 1407 2567 etiamsi
1440 2513 1541 2581 ipsi
1573 2513 1946 2568 dican'tDeum
1979 2516 2096 2568 uni-

567 2618 842 2658 versorum
875 2619 933 2658 se
960 2618 1301 2673 cognoscere,
1325 2618 1386 2656 ac
1413 2603 1568 2657 labiis
1596 2603 1874 2668 conﬁteri;
1912 2605 2007 2659 sed
2039 2605 2094 2658 in

567 2691 750 2753 corde,
797 2690 908 2745 sive
951 2692 1005 2744 in
1031 2697 1208 2745 mente
1251 2706 1434 2746 eorum
1467 2691 1675 2745 exsistit
1713 2709 1728 2745 :
1780 2706 1842 2745 ac
1878 2707 1944 2745 ne
1989 2708 2094 2746 una

565 2781 780 2850 quidem
807 2795 930 2835 vera
962 2780 1028 2834 de
1049 2779 1155 2835 Deo
1185 2780 1439 2850 cogitatio
1461 2787 1593 2833 erat.
1626 2778 1939 2848 Huiusmodi
1971 2795 2094 2849 pro-

565 2870 704 2924 fecto
725 2877 840 2924 erat
870 2876 991 2924 ante
1008 2869 1296 2925 Salvatoris
1311 2870 1593 2942 adventum
1620 2877 1788 2923 totum
1820 2869 2091 2923 hominum

565 2975 751 3028 genus.
778 2958 1038 3028 lnsipiens
1077 2968 1253 3013 autem
1292 2959 1574 3012 admodum
1599 2973 1724 3011 vere
1752 2972 1814 3010 ac
1843 2972 2092 3026 germane

2197 1893 2520 1964 κληρονόμος
2582 1895 2744 1962 αὐτῆς
2800 1893 2939 1945 κατά
2966 1892 3066 1962 τὴν
3101 1893 3317 1962 καινὴν
3363 1892 3624 1962 διαθήκη*

2193 1984 2460 2052 δειχθῆναι
2484 2001 2497 2013 ·
2528 1985 2601 2046 ὡς
2639 1984 2730 2035 καὶ
2795 1985 2923 2053 περὶ
2970 1983 3070 2050 τῆς
3099 1982 3285 2035 αὑτοῦ
3327 1982 3522 2052 ψυχῆς
3553 2001 3620 2052 ση

2194 2074 2288 2143 τὴν
2320 2074 2619 2142 ἐπιγραφὴν
2650 2072 2745 2142 τὴν
2771 2071 2920 2139 ὑπὲρ
2949 2071 3062 2139 τῆς
3101 2074 3624 2141 κληρονομούονηι

2266 2248 2340 2300 Τὰ
2384 2245 2616 2314 ῥήματὰ
2663 2263 2778 2312 μου
2837 2245 3144 2306 ἐνωτίσαι,
3200 2247 3436 2314 Κύριε,
3487 2249 3624 2300 miri

2191 2334 2416 2404 κραυγῇ
2463 2352 2598 2403 μου.
2644 2334 2722 2386 Τὰ
2777 2333 2874 2402 μὲν
2925 2330 3018 2386 οὖν
3079 2336 3326 2404 ῥήματα
3382 2336 3479 2390 διὰ
3532 2338 3624 2388 στό

2191 2422 2619 2490 ἐπαγγελλόμενα
2654 2422 2782 2472 ὠσὶν
2827 2420 3082 2473 ἀκούεται
3133 2425 3240 2475 καὶ
3271 2424 3606 2487 ὲνωτίζεται

2193 2510 2398 2580 κραυγὴ
2444 2511 2502 2562 οὐ
2554 2509 2638 2562 διά
2668 2509 2772 2561 τῶν
2823 2509 3013 2577 λόγων,
3060 2510 3175 2564 κᾶν
3229 2515 3401 2565 αὐτοὶ
3451 2514 3624 2566 εἰδένο

2190 2602 2460 2670 ὁμολογεῖν
2485 2600 2572 2651 τὸν
2592 2601 2682 2652 ἐπὶ
2713 2600 2924 2654 πάντων
2943 2602 3078 2655 Θεὸν
3100 2605 3229 2665 τοῖς
3249 2604 3469 2673 χείλεσι
3499 2605 3624 2672 φάσς

2191 2692 2299 2744 ἀλλ’
2323 2693 2376 2743 ὲν
2405 2693 2467 2761 τῇ
2500 2691 2693 2759 καρδίᾳ
2747 2689 2974 2753 ἑαυτῶν,
3011 2693 3319 2745 τουτέστιν
3357 2696 3420 2746 ἐν
3451 2697 3517 2764 τῇ
3545 2694 3624 2745 δια

2189 2780 2305 2833 οὐδὲ
2361 2780 2455 2850 μία
2504 2797 2583 2841 τις
2636 2779 2836 2848 ἀληθὴς
2891 2781 3022 2850 περὶ
3073 2781 3228 2835 Θεοῦ
3283 2785 3546 2854 ὑπῆρχεν
3594 2783 3618 2834 ἕ

2190 2871 2432 2933 Τοιοῦτος
2465 2871 2557 2938 μὲν
2596 2864 2684 2921 οὖν
2737 2870 3030 2939 ἐτύγχανεν
3052 2874 3172 2935 πᾶς
3213 2874 3243 2924 ὁ
3270 2875 3384 2944 πρὸ
3418 2874 3522 2943 τῆς
3551 2874 3624 2925 τοὶ

2187 2959 2344 3029 τῆρος
2368 2956 2517 3026 ἡμῶν
2538 2958 2827 3026 παρουσίας
2851 2957 2979 3024 βίος.
3003 2959 3078 3026 (l)
3100 2959 3423 3031 Ἀφρωνδὲ
3449 2961 3616 3031 ἀληθέ

564 3052 760 3105 dicitur
787 3051 878 3120 qui
906 3058 1062 3120 negat
1105 3050 1288 3104 Deum.
1314 3049 1450 3102 Nam
1502 3049 1547 3102 si
1585 3049 1790 3100 initium
1830 3048 2092 3114 sapientia:

2191 3047 2281 3098 καὶ
2333 3045 2673 3114 φυσικώτατα
2714 3047 2741 3097 ὁ
2784 3046 3103 3115 ἁρνησίθεος
3161 3050 3526 3120 ὠνόμασται.
3579 3053 3617 3104 Ε

567 3145 719 3196 timor
740 3143 948 3196 Domini
966 3143 1032 3204 σι,
1066 3141 1339 3210 despectio
1369 3156 1432 3194 ac
1476 3147 1813 3210 contemptus
1841 3139 1953 3203 Dei,l
1997 3154 2091 3209 op-

562 3234 768 3303 positus
799 3233 1068 3302 sapientiae
1092 3230 1269 3286 fuerit.

631 3320 792 3376 Vens.
821 3322 873 3376 4.
911 3321 1167 3387 Quoniam
1199 3320 1266 3372 ad
1321 3329 1368 3372 te
1414 3317 1593 3384 orabo,
1636 3318 1886 3382 Domine,
1945 3333 2094 3370 mane

561 3412 802 3466 exaudies
828 3427 994 3464 vocem
1027 3427 1192 3463 meam
1217 3427 1234 3463 :
1264 3427 1410 3464 mane
1443 3411 1657 3465 adstabo
1687 3409 1777 3462 tibi
1808 3419 1856 3462 et
1901 3408 2090 3461 videbis

561 3518 658 3554 me.
686 3499 780 3552 His
833 3499 1054 3552 docetur
1085 3498 1261 3549 anima
1293 3513 1411 3565 quae
1465 3498 1828 3552 haereditatem
1876 3499 2088 3567 accipit,

561 3591 876 3643 diurnorum
929 3601 1150 3654 operum
1200 3585 1466 3653 primitias
1513 3587 1693 3642 divino
1753 3604 1871 3642 esse
1918 3593 2084 3642 cultui

561 3674 955 3731 consecrandas
988 3693 1000 3727 :
1034 3673 1172 3741 quod
1206 3673 1390 3740 utique
1432 3687 1540 3725 non
1570 3673 1788 3738 faceret,
1823 3675 1868 3727 si
1897 3675 1951 3727 in
1975 3675 2090 3744 ipso

560 3765 723 3820 cubili
762 3765 816 3818 in
847 3763 961 3832 ejus
994 3763 1311 3817 oblivionem
1344 3763 1564 3817 veniret.

629 3853 791 3908 Vens.
823 3853 874 3916 5,
903 3852 955 3907 6.
983 3852 1240 3918 Quoniam
1270 3867 1370 3904 non
1394 3849 1533 3903 Deus
1560 3851 1727 3904 volens
1770 3852 2089 3920 iniquitatem

561 3953 616 3996 tu
643 3959 694 3997 es
725 3959 744 3996 :
773 3959 928 4012 neque
954 3941 1206 3995 habitabit
1221 3941 1379 4009 juxta
1417 3949 1464 3992 te
1488 3941 1765 4008 malignus,
1796 3957 1951 4012 neque
1977 3958 2091 4009 per—

557 4011 1031 4100 manebuntinjusti
1057 4041 1174 4086 ante
1200 4031 1371 4084 oculos
1403 4038 1538 4084 tuos.
1575 4028 1764 4098 Utpote
1790 4011 2090 4100 quaidigna

558 4122 738 4175 habita
789 4122 858 4176 sit
890 4136 1006 4191 qua:
1037 4121 1419 4190 promissorum
1447 4119 1706 4172 bonorum
1730 4118 2089 4172 hereditatem

559 4212 843 4280 acciperet,
873 4212 1087 4281 iniquos
1122 4210 1223 4265 sibi
1276 4209 1445 4263 oculis
1483 4209 1713 4277 subjicit.
1747 4208 1917 4277 Iniqui
1947 4209 2088 4263 enim

556 4301 766 4356 etiamsi
791 4306 1073 4384 antequam
1122 4299 1597 4371 praevaricarentur
1623 4298 1775 4366 juxta
1803 4307 1852 4352 te
1882 4297 2090 4352 habita-

2189 3137 2402 3206 σοεοίας
2430 3136 2580 3204 ἀρχὴ
2602 3137 2777 3203 φόϐος
2802 3136 2966 3200 Θεοῦ,
2994 3138 3214 3205 ἀφοὸία
3242 3142 3344 3193 καὶ
3378 3142 3624 3212 ἀθέτησις

2189 3227 2390 3280 ναντίον
2413 3226 2476 3279 ἂν
2511 3225 2711 3293 γένοιτο
2739 3225 2834 3293 τῆς
2865 3226 3074 3293 σοφίας.

2260 3318 2375 3369 ’Ότι
2399 3315 2542 3384 πρὸς
2568 3315 2640 3367 σὲ
2676 3315 3094 3383 προσεύξομαι,
3116 3322 3341 3389 Κύριε,
3387 3324 3455 3376 τὸ
3485 3324 3624 3390 πρωί

2190 3409 2414 3474 arto-dom
2477 3406 2583 3474 τῆς
2629 3405 2826 3474 φωνῆς
2840 3423 2985 3473 μου’
3013 3407 3081 3460 τὸ
3109 3414 3284 3477 πρωῒ
3314 3415 3624 3483 παραστήι

2189 3515 2285 3552 σοι
2311 3499 2406 3551 καὶ
2433 3497 2627 3565 ἐπόψῃ
2648 3515 2740 3565 με.
2775 3498 3097 3552 Παιδεύεται
3139 3502 3244 3556 διὰ
3274 3507 3494 3560 τούτων
3529 3510 3562 3577 ἡ
3595 3525 3624 3559 κ

2188 3586 2419 3664 νομοῦσα
2460 3585 2556 3653 τὴν
2596 3584 2841 3653 ἀπαρχὴν
2889 3583 2995 3636 τῶν
3053 3586 3362 3660 ἡμερινῶν
3411 3592 3624 3666 πράξεο

2190 3676 2319 3745 πρὸς
2343 3675 2470 3726 Θεὸν
2489 3673 2791 3755 ,ἀνατιθέναι
2811 3671 3033 3742 λατρεία
3051 3676 3203 3750 ’.ὂπε
3212 3697 3246 3749 ρ
3271 3682 3379 3734 οὐκ
3401 3681 3471 3734 ἂν
3507 3682 3624 3734 ὲποί

2189 3763 2278 3814 καὶ
2309 3762 2412 3813 ἀπὸ
2441 3762 2622 3830 κοίτης
2655 3759 2845 3829 ξχουσα
2872 3758 2969 3827 τὴν
3000 3762 3324 3827 ἀγνωσίαν.

2260 3853 2380 3904 Ὅτι
2411 3852 2541 3918 οὐχὶ
2568 3849 2703 3914 Θεὸς
2738 3848 2922 3901 θέλων
2941 3850 3216 3918 ἀνομίαν
3237 3859 3326 3910 σὺ
3359 3857 3440 3912 εἷ’
3482 3863 3556 3913 οὐ
3592 3879 3624 3912 :t

2187 3942 2357 4008 κήσει
2377 3957 2473 3994 σοι
2499 3941 2986 4007 πονηρευόμενος,
3022 3943 3180 4016 οὐδὲ¹
3201 3949 3575 4018 διαμενοῦσι
3601 3969 3624 4003 ε

2187 4049 2349 4100 νομοί
2373 4030 2676 4082 κατέναντι
2696 4028 2810 4080 τῶν
2837 4030 3171 4097 ὀφθαλμῶν
3204 4054 3354 4092 σου.
3415 4041 3508 4104 Ὠς
3542 4042 3607 4094 ἂν

2191 4121 2320 4190 μένη
2356 4120 2458 4172 τῶν
2510 4118 2919 4187 ἐπηγγελμένων
2961 4119 3196 4187 ἀγαθῶν
3247 4130 3284 4197 ἡ
3333 4130 3623 4202 κληρονομ

2185 4212 2309 4272 τοὺς
2336 4209 2562 4278 ἀνόμους
2591 4207 2941 4260 ἐπιδείκνυσιν
2972 4210 3170 4284 ἑαυτῇ,
3199 4219 3268 4269 οἱ
3293 4220 3411 4290 γὰρ
3449 4223 3624 4292 παράι,

2189 4302 2235 4352 εί
2263 4301 2354 4352 καὶ
2378 4299 2480 4369 πρὸ
2523 4298 2614 4351 τοῦ
2664 4299 3038 4368 παρανομῆσαι
3083 4307 3456 4378 παρῴκησάν
3503 4313 3590 4363 σοί

557 4393 746 4456 verint,
793 4383 1237 4461 quemadmodum
1290 4389 1327 4443 ii
1375 4388 1465 4457 qui
1495 4387 1692 4458 Moysis
1723 4388 1891 4457 legem
1931 4403 2083 4442 acce-

2186 4389 2428 4458 καθάπερ
2478 4391 2524 4440 οἱ
2557 4388 2643 4440 τὸν
2691 4387 2959 4449 Μωῦσέως
3016 4390 3322 4464 δεξάμενοι
3379 4401 3586 4471 νόμον,

556 4499 710 4556 pere;
741 4489 794 4535 at
819 4490 1097 4552 postquam
1148 4481 1476 4552 praevaricati
1505 4487 1650 4543 sunt,
1691 4479 1993 4534 nullatenus
2026 4479 2078 4532 in

556 4574 785 4644 pristino
804 4572 921 4626 loco
941 4580 1159 4626 manent
1197 4591 1209 4626 :
1242 4579 1298 4625 tu
1336 4587 1460 4626 vero
1482 4569 1658 4623 oderis
1682 4583 1773 4622 eos
1799 4569 1891 4637 qui
1921 4583 1951 4620 a
1987 4567 2081 4621 Dei

557 4662 702 4715 cultu
730 4675 998 4715 recessere
1017 4698 1034 4724 ,
1063 4667 1264 4730 quanto
1293 4670 1526 4729 tempore
1556 4659 1591 4711 ii
1620 4657 1741 4712 odio
1773 4657 1929 4725 digna
1957 4671 2078 4725 per-

558 4760 782 4818 petrant.

630 4839 790 4894 Vens.
823 4841 872 4904 7,
907 4834 959 4895 8.
991 4839 1182 4904 Odisti,
1223 4839 1458 4902 Domine,
1493 4851 1663 4891 omnes
1697 4834 1786 4904 qui
1809 4842 2082 4903 operantur

559 4927 897 4994 iniquitatem,
922 4930 1097 4998 perdes
1119 4946 1288 4984 omnes
1325 4931 1412 4999 qui
1441 4929 1714 4998 loquuntur
1739 4924 2079 4981 mendacium,

570 5015 747 5067 Virum
771 5021 1074 5085 sanguinum
1102 5031 1152 5073 et
1187 5020 1423 5073 dolorum
1459 5018 1784 5072 abominatur
1810 5014 2080 5067 Dominus.

561 5101 676 5156 Non
707 5103 878 5164 solum
931 5121 1022 5159 eos
1073 5108 1164 5175 qui
1202 5110 1352 5174 olim,
1388 5108 1480 5165 sed
1512 5107 1668 5162 etiam
1712 5119 1803 5158 eos
1836 5103 1925 5173 qui
1971 5102 2081 5170 jam

563 5198 849 5258 operantur
872 5191 1220 5261 iniquitatem,
1267 5201 1312 5254 si
1342 5199 1550 5268 quidem
1579 5197 1633 5250 in
1664 5195 1866 5248 malitia
1898 5208 2074 5263 perse-

562 5288 765 5343 verent,
801 5279 912 5334 odit
944 5279 1080 5335 Deus
1109 5302 1122 5338 :
1158 5301 1220 5339 ae
1239 5304 1347 5356 pra:
1366 5289 1614 5344 omnibus
1645 5283 1894 5356 perniciei
1920 5283 2080 5337 tradit

2183 4477 2486 4547 παραϐάται
2510 4474 2782 4543 γεγονότες
2801 4476 2861 4527 οὐ
2891 4477 3167 4545 μένουσιν.
3194 4487 3255 4537 Μ
3265 4491 3406 4552 ισεῖς
3447 4490 3508 4542 δὲ
3534 4492 3624 4543 καὶ

2185 4565 2285 4629 ἔξω
2309 4566 2405 4634 τῆς
2435 4565 2732 4628 θεοσεϐείας
2771 4567 2828 4618 ὲν
2855 4566 2960 4635 ὅσῳ
3008 4569 3214 4637 μίσους
3247 4579 3383 4644 ἀξια
3414 4584 3624 4653 πράττο

2261 4837 2600 4904 Ἑμίσησας,
2642 4839 2833 4904 Κύριε,
2866 4837 3098 4907 πάντας
3131 4847 3284 4914 τοὺς
3325 4851 3623 4922 ἐργαζομέ

2179 4927 2290 4993 τὴν
2315 4929 2582 4995 ἀνομίαν,
2611 4929 2848 4994 ἀπολεῖς
2868 4928 3098 4999 πάντας
3128 4939 3280 5005 τοὺς
3311 4945 3624 4998 λαλοῦντα

2179 5018 2417 5087 ψεῦδος.
2455 5019 2665 5089 Ἄνδρα
2691 5021 2944 5091 αἱμάτων
2971 5025 3070 5078 καὶ
3099 5026 3318 5083 δόλιον
3339 5035 3624 5096 ,ϐδελύσο

2180 5107 2405 5173 Κύριος.
2433 5109 2506 5162 Οὐ
2530 5111 2651 5176 τούς
2691 5130 2819 5168 ποτε
2863 5112 3302 5185 ἐργασαμένους,
3329 5123 3474 5178 ἀλλά
3513 5126 3607 5178 καὶ

2180 5193 2257 5246 ἔτι
2315 5194 2407 5245 καί¹
2455 5195 2548 5251 νῦν
2587 5196 2990 5275 ἐργαζομένους,
3036 5203 3113 5265 ὼς
3158 5205 3226 5259 ἂν
3277 5208 3623 5280 ἐπιμένοντα

2183 5282 2367 5353 κακίᾳ,
2408 5290 2557 5354 μισεῖ
2579 5291 2608 5343 ὁ
2641 5293 2787 5360 Θεός.
2839 5288 2996 5358 Παρὰ
3025 5293 3240 5361 πάντας
3268 5294 3331 5347 δὲ
3365 5299 3624 5364 τούτουςι

631 5429 678 5460 ⁸⁸
717 5429 736 5482 l
764 5428 905 5484 Petr.
931 5433 954 5482 ἰ
977 5469 992 5493 ,
1021 5431 1074 5484 4.
1149 5435 1194 5465 ⁸⁸
1235 5437 1415 5495 Matth.
1443 5458 1582 5507 xxv,
1615 5440 1701 5497 34.
1778 5437 1818 5468 "
1857 5434 1998 5492 Psal.
2032 5448 2098 5487 cx
2121 5472 2135 5497 ,
2176 5433 2259 5487 10.

636 5608 708 5676 (1)
747 5606 878 5664 Vide
907 5618 1085 5667 notam
1114 5611 1166 5665 in
1192 5612 1322 5682 psal.
1352 5629 1478 5670 xvn.
