3818 6342
196 350 310 406 ΙΙἽ

1339 354 1826 412 COMMENTARIA
1857 353 1922 408 IN
1963 350 2288 408 PSALMOS.

3293 343 3392 398 {18

185 464 320 540 λείᾳ
361 463 663 536 παραδίδωσι
698 465 826 528 τοὺς
881 467 961 538 μὴ
998 467 1177 539 μόνον
1222 477 1360 530 κατὰ
1391 477 1598 545 ἀπάτην
1620 475 1757 542 λογι-

1864 488 1976 535 eos,
2008 473 2096 540 qui
2146 485 2252 523 non
2304 467 2461 521 modo
2488 481 2583 535 per
2633 464 2894 518 fallaciam
2941 463 3213 518 mendacia
3245 464 3396 531 cogi-

189 557 427 632 ξομὲνους
466 556 529 608 τὰ
549 555 744 625 ψευδῆ,
773 556 918 611 ἀλλὰ
963 564 1073 614 καὶ
1115 566 1410 630 λαλοῦντας
1469 566 1622 629 αὐτὰ,
1673 568 1764 618 καὶ

191 649 382 723 ἑτέροις
405 648 869 716 διακονουμένους,
899 651 1098 708 ὁποῖοι
1149 659 1503 727 τυγχάνουσιν
1526 659 1572 709 οἱ
1600 656 1762 717 ἄθεοι,

187 741 507 813 αίρσιῶται.
536 741 642 792 Καὶ
667 741 762 791 ἐπὶ
784 742 928 794 πᾶσι
948 745 1176 811 τούτοις
1196 749 1300 801 τὸν
1319 749 1502 815 ἄνδρα
1515 747 1765 815 αἱμάτων

190 825 570 891 βδελύσσεται
585 823 827 890 Κύριος.
855 831 959 884 καὶ
990 834 1052 887 ἐν
1084 840 1152 907 τῇ
1187 835 1277 908 ἴσῃ
1317 837 1486 907 τούτῳ
1532 836 1765 905 τιμωρίᾳ

190 922 298 972 καὶ
335 921 420 972 τὸν
463 918 630 972 δόλιον
676 918 919 989 τίθησιν.
972 924 1037 977 ὐ
1084 926 1142 979 δὲ
1183 927 1470 996 βδελυγμὸς
1502 926 1765 998 ὑπερϐάλ-

187 1005 382 1061 λουσαν
434 1008 804 1079 ἀποστροφὴν,
855 1011 936 1074 ὡς
984 1015 1082 1066 ἐπὶ
1123 1015 1340 1085 μεγάλῳ
1378 1015 1652 1085 βιάσματι,
1669 1013 1762 1067 τοῦ

193 1095 607 1168 βδελυσσομένου
641 1100 779 1170 πρὸς
795 1101 890 1153 τὸν
929 1103 1220 1171 βδελυκτὸν
1254 1105 1562 1174 παρίστησι.

279 1192 452 1257 Κύριε,
471 1189 787 1258 ὀδήγησόν
793 1207 871 1259 με
887 1191 1046 1260 ἐντῇ
1065 1187 1412 1262 δικαὶοσύνῃ
1432 1207 1544 1247 σου
1558 1212 1572 1224 ο
1591 1194 1764 1248 ἕνεκα

189 1279 315 1331 τῶν
355 1280 586 1347 ἐχθρῶν
625 1299 749 1348 μου
805 1283 1179 1336 κατεύθυνον
1219 1284 1468 1336 ἐνώπιόν
1509 1301 1622 1337 σου
1652 1284 1764 1352 τὴν

190 1369 334 1422 ὀδόν
351 1387 490 1436 μου.
527 1370 773 1440 Χριστὸς
791 1371 850 1422 δὲ
877 1373 910 1440 ἠ
946 1371 1258 1441 δικαιοσύνη
1279 1389 1292 1401 ’
1330 1373 1491 1434 αὐτὸς
1517 1373 1621 1442 γὰρ
1648 1374 1763 1439 ἐγε-

191 1463 327 1532 νήθη
350 1461 513 1528 σοφία
547 1463 687 1531 ἡμῖν
739 1463 852 1515 ἀπὸ
891 1462 1050 1526 Θεοῦ,
1081 1463 1386 1533 δικαιοσύνη
1410 1480 1468 1514 τε
1493 1465 1586 1516 καὶ
1609 1464 1762 1531 ἁγια-

196 1552 328 1621 σμὸς
344 1554 432 1605 καὶ
458 1552 874 1623 ἀπολύτρωσις.

277 1640 380 1694 Ὀτι
412 1646 527 1696 οὐκ
573 1644 757 1696 ἐστιν
793 1644 864 1696 ἐν
903 1644 984 1708 τῷ
1013 1645 1259 1713 στόματι
1284 1645 1478 1698 αὐτῶν
1497 1644 1757 1710 ἀλήθεια,

195 1732 245 1798 ἠ
273 1732 462 1798 καρδία
521 1733 737 1787 αὐτῶν
776 1735 1019 1803 ματαία.
1052 1735 1264 1787 Ματαία
1303 1735 1357 1787 δὲ
1397 1736 1489 1789 καὶ
1526 1734 1630 1788 τῶν
1658 1734 1758 1800 ἔξω

194 1823 353 1890 σοφῶν
377 1825 410 1893 ἡ
445 1825 659 1894 καρδία
693 1826 826 1896 περὶ
875 1819 952 1878 ὧν
986 1825 1195 1896 εἴρηται
1217 1843 1230 1856 ο
1256 1827 1464 1893 Κύριος
1492 1824 1761 1894 γινώσκει

193 1913 323 1976 τοὺς
353 1911 806 1981 διαλογισμοὺς
844 1914 964 1967 τῶν
1003 1913 1226 1982 σοφῶν,
1251 1914 1337 1966 ὅτι
1358 1915 1473 1967 είσί
1490 1913 1719 1982 μάταιοι
1743 1931 1756 1944 ·

193 1997 270 2056 ὧν
293 2007 314 2057 ὁ
340 2005 554 2074 λάρυγξ
597 2004 839 2056 ἀπέπνει
884 2003 1054 2073 νεκρὰ
1091 2003 1352 2071 δόγματα,
1383 2002 1473 2054 τὸν
1506 2001 1759 2063 ζωοποιὸν

196 2093 286 2145 τοῦ
304 2094 428 2146 Θεοῦ
456 2093 622 2160 λόγον
652 2093 728 2162 μὴ
756 2092 1134 2154 διδασκόντων,
1167 2091 1256 2144 τὸν
1289 2091 1344 2142 δὲ
1373 2091 1534 2159 ψευδῆ
1558 2091 1650 2143 καὶ
1671 2107 1760 2142 νε-

199 2185 341 2251 κρόν·
368 2181 598 2249 Κρῖνον
651 2181 899 2245 αὐτοὺς.
930 2183 962 2233 ὁ
989 2181 1153 2243 Θεὸς,
1181 2179 1306 2240 τοὺς
1329 2177 1760 2240 ἐπιϐουλεύοντάς

206 2289 297 2339 μου
312 2275 425 2335 ταῖς
454 2273 583 2340 περὶ
617 2272 720 2341 τῆς
743 2270 1105 2341 κληρονομίας
1134 2268 1340 2321 ἐλπίσιν
1359 2285 1372 2298 ⁸
1407 2262 1547 2320 οὗτοι
1575 2267 1679 2338 γάρ
1701 2285 1759 2320 σε

205 2361 714 2432 παραπικραινοῦσι.
743 2360 968 2427 Κρῖνον
986 2377 999 2389 ·
1056 2358 1150 2412 σοῦ
1173 2358 1279 2426 γὰρ
1309 2357 1496 2420 σώζειν
1545 2358 1762 2412 σπουδάο

171 2450 192 2466 ⁵
211 2449 388 2515 ζοντος,
416 2452 756 2522 πολεμοῦσιν
798 2451 1257 2512 ἐπιϐουλεύοντες.
1303 2448 1552 2501 Βούλεται
1583 2449 1638 2500 δὲ
1667 2449 1759 2501 καὶ

213 2544 382 2608 αὐτοὺς
430 2545 688 2597 ἐντεῦθεν
751 2543 854 2614 ήδη
913 2542 1220 2610 κριθέντας
1269 2540 1624 2611 ὠφεληθῆναι,
1664 2539 1756 2593 τοῦ

194 2633 421 2704 πλήθους
439 2634 552 2686 τῶν
585 2633 959 2703 ἀσεϐημάτων
984 2629 1088 2696 ἔξω
1115 2631 1518 2702 γεγενημένους.

263 2809 370 2860 Kal
391 2806 912 2876 wgcparﬁﬁtwa'ar
940 2805 1162 2871 πάντες
1209 2806 1263 2857 οὶ
1293 2802 1628 2869 ἐλπίζοντες
1660 2803 1756 2856 ἐπὶ

142 2896 289 2959 «τι-ἑ,
322 2899 406 2961 εὶς
441 2896 629 2949 αἰῶνα
661 2893 1139 2963 ἀγαλλιάσονται
1163 2891 1258 2946 καὶ
1282 2890 1758 2957 κατασκηνώσεις

145 2983 267 3034 Η
292 2985 506 3049 αὐτοῖς.
540 2983 703 3035 Ἀλλὰ
729 2985 827 3035 καὶ
852 2983 946 3033 ἐπὶ
965 2982 1063 3050 τῆς
1089 2979 1182 3032 τοῦ
1202 2979 1449 3049 Σωτῆρος
1474 2976 1756 3046 ἐπιδημίας

147 3089 234 3140 1:
241 3073 578 3144 ύφράνθησαν
611 3074 661 3125 οἱ
687 3072 791 3141 τὴν
814 3071 980 3124 αὐτοῦ
1006 3071 1473 3148 καραδοκήσαντες
1493 3069 1758 3140 ἐνανθρώσι

148 3179 360 3233 1—.r‘0'w
378 3184 391 3196 ο
413 3166 533 3234 ἥτις
577 3166 698 3226 τοῖς
747 3165 1053 3235 προφήταις
1087 3163 1179 3216 καὶ
1207 3167 1317 3224 τοῖς
1339 3161 1514 3216 νοοῦσι
1537 3164 1604 3217 τὰ
1635 3163 1758 3216 τού-

144 3269 302 3306 ςιτων
329 3256 601 3324 ἠλπίζετο.
661 3253 1010 3323 Ἐπεδήμησε
1037 3252 1145 3324 γὰρ
1175 3255 1203 3306 ὁ
1238 3252 1366 3316 Θεὸς
1416 3253 1584 3321 Λόγος
1625 3252 1758 3324 σὰρξ

144 3346 446 3411 -Ὗεγονιῖκ,
472 3344 780 3416 προσλήψει
823 3343 1042 3413 σαρκὸς,
1062 3343 1148 3395 ἴνα
1183 3341 1429 3411 σκηνώσῃ
1459 3344 1515 3394 ἐν
1537 3343 1646 3405 τοῖς
1671 3357 1759 3396 πε-

183 3437 537 3489 -πιστευκόσιν
563 3433 739 3502 αὐτῷ,
769 3431 1011 3494 κατὰτὸ,
1051 3433 1103 3483 '0
1138 3433 1326 3500 Λόγος
1349 3431 1500 3498 σὰρξ
1526 3431 1757 3499 ἐγένετο

223 3524 302 3576 ’καί
335 3526 689 3591 ἐσκήνωσεν
717 3525 790 3576 ἐν
809 3522 954 3591 ἡμῖν
982 3540 995 3552 ·
1029 3523 1077 3575 οἳ
1101 3523 1192 3574 καὶ
1218 3524 1295 3584 είς
1319 3511 1488 3574 αίιῖὶνα
1506 3520 1758 3587 ἀγαλλιά-

225 3623 392 3683 σονται,
426 3617 667 3687 ὁρῶντες
695 3613 793 3667 τοῦ
821 3613 1188 3684 σαρκωθὲντος
1212 3611 1379 3677 Λόγου
1418 3610 1527 3677 τὴν
1551 3610 1753 3675 δόξαν,

218 3697 280 3765 ὡς
315 3707 703 3775 Μονογενοῦς
760 3704 923 3771 παρὰ
977 3702 1224 3769 Πατρός,
1263 3702 1494 3772 πλήρης
1522 3701 1759 3769 χάριτος

211 3796 287 3846 καὶ
305 3798 591 3865 ἀληθείας
645 3793 700 3846 οἴ
729 3794 824 3846 καί
843 3808 1004 3861 φασιν
1029 3811 1041 3822 ³
1061 3794 1130 3844 El
1149 3791 1246 3844 καὶ
1262 3791 1597 3860 ἐγνώκαμεν
1608 3790 1756 3844 κατὰ

203 3882 385 3953 σάρκα
428 3885 724 3956 Χριστὸν,
781 3883 943 3938 ἀλλὰ
982 3882 1098 3934 νῦν
1127 3880 1324 3934 οὐκέτι
1370 3880 1753 3950 γινώσκομεν,

197 3964 396 4041 ἔχοντες
421 3976 666 4046 θεωρίαν
699 3975 798 4044 τῆς
827 3971 982 4041 δόξης
997 3971 1179 4034 αὐτοῦ,
1211 3970 1330 4024 καθ’
1365 3972 1430 4041 ἣν
1453 3970 1756 4042 Μονογενὴς

183 4066 330 4136 παρὰ
363 4067 587 4138 Πατρός
617 4066 795 4116 ἐστιν.

245 4158 354 4210 Καὶ
386 4153 818 4221 καυχήσονται
842 4151 911 4203 ἐν
935 4150 1030 4203 σοὶ
1049 4153 1101 4202 ol
1121 4147 1460 4218 ἀγαπῶντες
1485 4148 1547 4201 τὸ
1575 4149 1756 4218 ὄνομὰ

164 4243 310 4307 σου,
332 4247 421 4298 ὅτι
436 4245 522 4297 σὺ
545 4240 916 4308 εὐλογήσεις
942 4239 1170 4292 δίκαιον
1184 4274 1202 4290 -.
1235 4237 1413 4309 Οὔσης
1439 4238 1594 4306 λόγου
1613 4255 1749 4304 καυ-

144 4326 565 4401 Ζήσεως,περὶ
590 4323 663 4400 ἦς
689 4329 718 4380 ὁ
742 4326 952 4388 Παῦλός
977 4343 1138 4396 φησιν
1160 4342 1173 4356 °
1203 4325 1418 4392 Μηδεὶς
1439 4323 1750 4392 καυχάσθω

1862 569 2006 624 tant;
2032 560 2124 614 sed
2147 559 2304 612 etiam
2334 557 2421 610 illa
2453 554 2747 625 proferunt,
2781 554 3002 621 aliisque
3029 569 3090 608 ea
3124 554 3176 605 in
3206 568 3266 606 re
3295 553 3394 606 ad-

1863 652 2092 705 ministri
2144 656 2268 704 sunt
2301 668 2312 702 :
2348 646 2650 716 cujusmodi
2698 653 2822 698 sunt
2867 645 3005 698 athei
3046 654 3098 698 et
3136 644 3389 698 haeretici.

1865 742 1965 796 Sed
1998 743 2117 812 plus
2143 755 2300 809 quam
2348 752 2672 797 eosomnes,
2720 736 2883 788 virum
2928 735 3233 804 sanguinum
3265 734 3394 785 abo-

1863 833 2090 884 minatur
2122 829 2388 892 Dominus,
2453 841 2514 879 ac
2540 826 2653 879 viro
2692 825 2815 879 item
2840 824 3023 879 doloso
3061 839 3155 893 par
3192 823 3397 893 suppli‘

1862 925 2000 978 rium
2029 921 2278 976 destinat.
2298 917 2632 971 Abominatio
2665 923 2840 969 autem
2875 925 3161 970 extremam
3195 915 3392 970 abomi-

1861 1013 2036 1066 nanlis
2072 1012 2124 1064 in
2153 1009 2511 1064 abominatum
2540 1007 2888 1073 aversionem,
2920 1014 3097 1075 utpote
3124 1007 3177 1060 in
3209 1007 3394 1062 laedis—

1860 1101 1996 1154 simo
2027 1099 2244 1158 scelere,
2281 1095 2560 1166 signiﬁcat.

1931 1189 2093 1243 Vens.
2166 1187 2220 1241 ει
2258 1187 2512 1249 Domine,
2565 1185 2726 1238 deduc
2755 1202 2832 1239 me
2883 1186 2937 1239 in
2992 1186 3192 1250 iustitia
3248 1195 3338 1239 tua
3373 1201 3392 1239 :

1857 1289 2060 1346 propter
2097 1279 2332 1333 inimicos
2362 1293 2497 1330 meos
2527 1276 2690 1345 dirige
2723 1276 2777 1328 in
2818 1284 3086 1344 conspectu
3131 1286 3216 1328 tuo
3257 1279 3391 1329 viam

1860 1388 2044 1424 meam.
2078 1370 2326 1424 Christus
2357 1382 2485 1422 sane
2509 1367 2716 1434 justitia
2741 1375 2854 1429 est;
2897 1367 3010 1434 ipse
3038 1381 3265 1435 namque
3295 1384 3392 1420 no-

1859 1462 1940 1515 bis
1967 1475 1994 1512 a
2017 1460 2122 1514 Deo
2153 1459 2325 1513 factus
2352 1468 2434 1512 est
2465 1458 2748 1528 sapientia,
2772 1457 2980 1525 justitia
3013 1457 3158 1522 item,
3190 1461 3391 1512 sancti-

1861 1548 2033 1603 ﬁcatio
2065 1558 2117 1602 et
2147 1549 2458 1616 redemptio.

1925 1638 2083 1694 Vens.
2146 1639 2232 1700 10,
2290 1639 2374 1694 11.
2439 1637 2692 1703 Quoniam
2755 1653 2855 1690 non
2909 1638 3063 1694 estin
3097 1654 3180 1692 ore
3215 1654 3391 1691 eorum

1859 1727 2062 1790 ueritas,
2081 1742 2169 1778 cor
2197 1741 2373 1778 eorum
2409 1741 2589 1777 vanum
2610 1736 2706 1780 est.
2724 1722 2934 1775 Vanum
2962 1737 3172 1792 quoque
3200 1731 3283 1776 est
3303 1737 3394 1775 cor

1858 1817 2182 1870 exoticorum
2211 1815 2668 1885 philosophorum,
2697 1813 2762 1867 de
2779 1813 2974 1883 quibus
3006 1814 3202 1868 dicitur
3235 1831 3249 1866 :
3286 1812 3395 1865 Do-

1858 1906 2024 1959 minus
2074 1906 2214 1960 novit
2263 1906 2596 1974 cogitationes
2627 1905 2937 1971 sapientum,
2982 1904 3224 1974 quoniam
3251 1919 3395 1956 vana:

1858 2004 1976 2048 sunt
2003 1995 2049 2027 “
2073 2013 2087 2048 :
2129 2009 2353 2064 quorum
2384 2003 2566 2064 guttur
2592 1993 2865 2048 mortifera
2885 1994 3098 2048 exhalat
3124 1993 3392 2062 dogmata,

1857 2097 1978 2136 cum
2023 2097 2132 2136 non
2169 2083 2435 2136 viviﬁcum
2467 2082 2559 2136 Dei
2608 2083 2828 2140 verbum
2859 2082 3081 2143 doceat,
3113 2083 3204 2137 sed
3243 2098 3395 2136 men-

1857 2173 2086 2227 dacia-et
2119 2180 2328 2227 mortua
2354 2173 2592 2241 proferat
2619 2173 2801 2228 verba.
2838 2172 3029 2226 Judica
3061 2173 3202 2233 illos,
3231 2171 3388 2234 Deus,

1856 2263 1948 2332 qui
1998 2279 2128 2318 mete
2155 2265 2220 2318 de
2259 2263 2439 2317 futura
2492 2264 2800 2318 haareditate
2860 2263 2972 2332 spei
3019 2263 3390 2316 insidiantur:

1858 2369 1980 2407 nam
2013 2355 2048 2407 ii
2079 2361 2129 2410 te
2153 2370 2359 2411 summe
2385 2354 2615 2408 irritant.
2643 2352 2860 2417 Judica,
2902 2362 2952 2407 te
2988 2369 3219 2422 namque
3249 2354 3394 2407 salu-

1858 2453 1961 2500 tem
1991 2453 2228 2501 nostram
2257 2454 2597 2516 procurante,
2625 2446 2936 2501 insidiosum
2959 2447 3031 2500 illi
3064 2446 3260 2500 bellum
3296 2463 3391 2514 pa-

1855 2545 1994 2589 rant.
2018 2535 2266 2604 Peroptat
2301 2536 2462 2589 etiam
2494 2535 2753 2589 Dominus
2789 2535 2933 2603 ipsos
2958 2536 3038 2589 vel
3059 2535 3166 2598 jam
3184 2535 3394 2602 judica-

1858 2633 1935 2679 tos
1965 2625 2088 2679 inde
2111 2626 2307 2694 juvari,
2328 2626 2374 2679 si
2398 2626 2610 2694 quidem
2640 2640 2670 2677 a
2695 2625 3033 2680 multitudine
3064 2624 3393 2694 impietatum

1856 2713 2166 2769 abscedant.
3266 2762 3274 2771 .

1925 2801 2087 2858 Vens.
2122 2803 2218 2857 12.
2245 2802 2310 2856 Et
2335 2803 2572 2857 laetentur
2603 2819 2778 2856 omnes
2807 2803 2894 2872 qui
2926 2812 3135 2872 sperant
3156 2801 3208 2857 in
3243 2814 3309 2864 te,
3340 2803 3393 2855 in

1857 2902 2100 2948 aeternum
2120 2893 2452 2946 exsultabant
2479 2901 2529 2946 et
2560 2892 2822 2945 habitabis
2854 2893 2909 2946 in
2930 2893 3024 2946 eis.
3049 2892 3107 2945 In
3131 2892 3245 2961 ipso
3271 2891 3391 2944 Sal-

1855 2981 2052 3035 vatoris
2079 2981 2309 3034 adventu
2338 2980 2500 3034 laetati
2531 2987 2656 3034 sunt
2687 2980 2723 3034 ii
2771 2981 2862 3049 qui
2901 2981 3018 3048 ejus
3068 2981 3394 3034 incarnatio-

1856 3083 1973 3122 nem
2006 3069 2386 3137 exspectabant
2419 3087 2431 3121 :
2460 3083 2578 3137 quae
2607 3068 2822 3138 quidem
2874 3084 2998 3138 spes
3040 3068 3314 3138 prophetis
3339 3075 3394 3122 et

1860 3157 1927 3211 iis
1955 3158 2044 3226 qui
2076 3157 2224 3225 paria
2281 3158 2580 3214 sentiebant
2632 3158 2828 3212 inerat.
2879 3157 3108 3212 Advenit
3162 3173 3393 3227 namque

1857 3245 1997 3300 Deus
2024 3244 2256 3301 Verbum
2278 3260 2399 3299 cum
2423 3261 2552 3300 caro
2579 3246 2775 3300 factum
2800 3255 2903 3311 est,
2925 3254 3197 3316 assumpta
3229 3263 3392 3303 carne

1855 3341 1912 3389 ut
1931 3349 2052 3389 cum
2081 3334 2323 3390 ﬁdelibus
2346 3337 2458 3388 suis
2483 3336 2766 3397 habitaret,
2779 3335 2931 3403 juxta
2964 3335 3092 3388 illud
3118 3355 3130 3390 :
3172 3336 3391 3389 Verbum

1854 3441 1974 3478 caro
1999 3424 2192 3492 [actum
2222 3434 2299 3477 est
2328 3434 2377 3477 et
2404 3424 2653 3477 habitavit
2698 3425 2751 3476 in
2781 3423 2925 3477 nobis
2959 3424 3023 3477 “.
3052 3425 3092 3478 Ii
3126 3433 3300 3478 autem
3336 3426 3388 3477 in

1853 3522 2107 3568 aeternum
2159 3515 2542 3576 exsultabunt,
2594 3513 2837 3567 videntes
2900 3513 3161 3567 incarnati
3229 3512 3399 3568 Verbi.

1852 3604 2072 3673 gloriam
2111 3605 2262 3672 quasi
2300 3602 2557 3673 Unigeniti
2589 3621 2619 3656 a
2654 3602 2833 3666 Patre,
2886 3603 3090 3670 plenum
3132 3604 3314 3672 gratia:
3341 3612 3389 3657 et

1854 3695 2080 3748 veritatis
2111 3694 2175 3748 “.
2214 3694 2315 3760 Qui
2367 3693 2551 3748 dicunt
2595 3694 2801 3747 etiam:
2846 3692 2963 3746 Etsi
3011 3695 3390 3762 cognoverimus

1855 3780 2114 3836 Christum
2137 3780 2413 3834 secundum
2439 3796 2671 3842 carnem,
2705 3796 2819 3848 jam
2847 3795 2948 3832 non
2979 3778 3120 3830 ultra
3159 3779 3393 3831 novimus

1853 3889 1968 3926 eum
1996 3873 2063 3937 ",
2095 3873 2353 3926 habentes
2379 3871 2877 3940 contemplationem
2909 3870 3091 3938 gloriae
3126 3869 3264 3938 ejus,
3305 3884 3389 3924 se:

1853 3962 2084 4016 cundum
2109 3977 2266 4031 quam
2298 3969 2382 4016 est
2406 3960 2722 4031 Unigenitus
2744 3975 2773 4013 a
2801 3959 2977 4013 Patre.

1921 4131 2082 4188 Vens.
2123 4133 2204 4186 15.
2237 4133 2305 4186 Et
2351 4132 2712 4203 gloriabuntur
2755 4134 2808 4186 in
2847 4142 2892 4186 te
2923 4133 3010 4207 qui
3045 4133 3264 4202 diligunt
3295 4151 3383 4189 nae

1852 4239 1964 4276 men
2016 4232 2181 4284 tuum,
2211 4224 2452 4292 quoniam
2504 4233 2558 4277 tu
2599 4221 2857 4276 benedices
2887 4222 3054 4289 justo.
3083 4221 3216 4275 Cum
3277 4222 3379 4291 glo-

1852 4311 2088 4363 riationis
2118 4312 2337 4364 verbum
2373 4312 2479 4377 sit,
2523 4312 2590 4365 de
2629 4327 2736 4380 quo
2772 4311 2972 4365 Paulus
3010 4310 3084 4364 ait
3123 4330 3136 4365 :
3193 4310 3383 4365 Nullus

157 4403 244 4460 έν
279 4398 647 4486 ἀνθρώποις,
692 4417 787 4469 καὶ
829 4417 858 4468 ὁ
890 4416 1168 4485 προφήτης
1190 4431 1214 4445 ’κ
1250 4413 1342 4480 Μὴ
1379 4413 1692 4482 καυχάσθω
1717 4415 1749 4464 ὁ

1861 4398 2096 4466 glorietur
2123 4400 2175 4452 in
2196 4400 2484 4454 hominibus
2522 4401 2594 4467 ⁶⁶;
2623 4409 2676 4454 et
2702 4401 2956 4469 propheta
2982 4419 2994 4453 :
3037 4399 3117 4454 Ne
3137 4401 3382 4470 glorietur

160 4506 366 4572 σορὸς
393 4498 580 4570 ἐντῇ
606 4501 798 4569 σοφίᾳ
825 4499 1030 4561 αὑτοῦ,
1062 4499 1155 4552 καὶ
1175 4498 1242 4552 τὰ
1265 4499 1388 4568 ἑξῆς
1408 4517 1420 4529 ·
1446 4499 1506 4550 οὐ
1531 4498 1748 4569 τοιαύτη

157 4597 432 4664 τυγχάνει
462 4597 498 4664 ὴ
523 4592 626 4646 τοῦ
657 4592 909 4658 λέσγοντος
928 4607 941 4619 ·
981 4589 1223 4657 Ἐμοὶδὲ
1246 4590 1324 4658 μὴ
1355 4589 1582 4659 γένοιτο
1614 4606 1753 4644 καυ-

162 4683 398 4747 χᾶσθαι
440 4688 495 4738 εὶ
543 4683 637 4752 μὴ
685 4682 757 4734 ἐν
789 4679 869 4744 τῷ
910 4678 1146 4746 σταυρῷ
1187 4680 1292 4732 τοῦ
1331 4680 1547 4746 Κυρίου
1587 4677 1753 4747 ἡμῶν

185 4768 398 4839 Ἰησοῦ
422 4770 695 4841 Χριστοῦ
713 4788 727 4800 ο
777 4770 908 4830 ’καὶ,
949 4769 1003 4820 '0
1042 4767 1434 4841 καυχώμενος,
1463 4767 1531 4819 ἐν
1558 4767 1752 4835 Κυρίῳ

179 4835 530 4931 καυχάσθω.
567 4859 814 4913 Τοιοῦτοι
867 4859 994 4926 περὶ
1043 4850 1116 4909 ὧν
1198 4835 1370 4923 λὸῗγος,
1395 4855 1751 4925 ὴγαπηκότων

191 4953 354 5010 αὑτοῦ
394 4954 456 5005 τὸ
508 4952 722 5020 ὄνομα...
755 4945 1079 5016 Προαιρὲσει
1115 4945 1240 5014 γὰρ,
1262 4946 1321 4997 οὐ
1344 4945 1508 5016 φόϐῳ,
1529 4962 1752 5014 τετιμη-

203 5042 353 5102 κότες
406 5039 738 5108 ἐκαυχῶντο.
771 5036 954 5088 Αἴτιον
977 5034 1037 5086 δέ.
1063 5033 1169 5100 τῆς
1192 5033 1534 5102 καυχήσεως
1557 5033 1616 5086 τὸ
1641 5033 1749 5086 τῶν

221 5128 526 5198 ὶπουρανίων
571 5128 867 5196 τυγχάνειν
917 5122 1169 5190 εὐλογιῶν
1193 5139 1205 5152 ·
1249 5125 1372 5194 περὶ
1415 5117 1489 5177 ὧν
1529 5140 1687 5193 φησιν
1723 5126 1751 5176 ὁ

244 5219 523 5282 ’Δπόστολος
540 5237 552 5248 -
571 5212 927 5284 Εὐλογητὸς
959 5215 991 5264 ό
1018 5210 1158 5274 Θεὸς
1186 5214 1216 5262 ό
1244 5211 1576 5280 εὐλογήσας
1600 5210 1752 5278 ἡμᾶς

226 5300 287 5354 ἐν
305 5307 452 5375 πάσῃ
470 5307 712 5374 εὐλογίᾳ
738 5298 1118 5368 πνευματικῇ
1137 5300 1201 5350 ἐν
1225 5301 1343 5365 τοῖς
1361 5301 1746 5369 ἐπουρανίοις.

221 5386 316 5448 Καὶ
344 5397 483 5459 τέλος
523 5396 577 5448 δὲ
619 5392 859 5460 ἀγαθῶν.
893 5388 997 5455 τῆς
1029 5385 1371 5459 ἐλπιζομένης
1394 5389 1750 5460 κληρονομίας

275 5575 311 5604 ⁶¹
343 5571 484 5626 Psal.
525 5583 692 5625 xcm,
732 5563 827 5616 ΙΙ.

210 5632 276 5672 ”’
307 5641 472 5694 Galat.
507 5654 598 5701 τι,
643 5633 729 5686 M.
815 5628 864 5659 ⁸⁸
910 5627 934 5678 1
965 5626 1086 5678 Cor.
1123 5643 1171 5690 I,
1204 5627 1290 5680 54.

914 5556 1341 5631 ξ³κιῐοεη.ι,Α14.
1418 5563 1469 5595 ⁸⁵
1499 5562 1629 5618 ibid.
1705 5565 1749 5597 “

1861 5567 1982 5624 Cor.
2019 5584 2050 5621 ι
2075 5604 2089 5631 ,
2127 5565 2209 5619 16.
2285 5565 2328 5595 ⁵⁸
2366 5563 2384 5615 l
2417 5564 2540 5617 Cor.
2578 5581 2666 5628 Ill,
2700 5568 2789 5622 τι.

1852 4490 2053 4555 sapiens
2088 4489 2140 4541 in
2191 4491 2446 4557 sapientia
2476 4507 2572 4545 sua
2603 4491 2678 4554 ⁵⁷,
2712 4499 2765 4543 et
2798 4490 3032 4559 reliqua;
3057 4507 3163 4551 non
3199 4492 3382 4560 hujus-

1853 4580 1994 4634 modi
2021 4595 2149 4634 sane
2170 4581 2338 4650 gloria
2381 4581 2499 4648 ejus
2543 4587 2644 4643 est,
2667 4580 2759 4648 qui
2795 4582 2874 4635 sic
2904 4581 2978 4634 ait
3014 4581 3184 4634 :Mihi
3216 4593 3382 4635 autent

1852 4668 1985 4721 absit
2032 4669 2282 4738 gloriari,
2321 4671 2423 4722 nisi
2463 4671 2516 4722 in
2573 4685 2720 4722 cruce
2771 4669 2978 4722 Domini
3034 4671 3196 4723 nostri
3257 4668 3382 4722 Jesu

1852 4756 2045 4812 Christi
2075 4761 2162 4825 ‘7';
2185 4767 2280 4814 eL:
2307 4759 2410 4825 Qui
2441 4760 2696 4830 gloriatur
2715 4761 2770 4812 in
2799 4761 3022 4818 Domina
3055 4760 3301 4832 glorietur
3318 4759 3379 4812 ⁸⁸.

1852 4849 2008 4905 Tales
2035 4851 2071 4904 ii
2102 4861 2227 4907 sunt
2263 4852 2329 4906 de
2355 4852 2548 4920 quibus
2563 4849 2674 4918 jam
2709 4867 2885 4906 sermo
2917 4857 3018 4913 est,
3045 4849 3136 4919 qui
3179 4850 3382 4904 scilicet

1851 4941 2152 4998 dilexerunt
2186 4957 2378 4997 nomen
2428 4939 2587 5008 ejus-
2625 4940 2849 5010 Propria
2899 4940 3041 4994 enim
3091 4939 3380 4995 voluntatis

1849 5032 2078 5096 delectu,
2112 5048 2220 5086 non
2245 5029 2418 5086 autem
2453 5030 2665 5096 timore,
2701 5030 2865 5083 Deum
2915 5029 3152 5084 colentes
3185 5030 3378 5100 gloria-

1849 5121 2061 5174 bantur.
2077 5174 2080 5177 ,
2097 5121 2262 5176 Porro
2289 5120 2612 5190 gloriationis
2634 5119 2948 5188 hujusmodi'
2974 5133 3136 5174 causa
3163 5135 3193 5174 a
3217 5121 3372 5176 easie-

1848 5214 2018 5268 stibus
2055 5213 2513 5267 benedictionibus
2545 5225 2679 5280 quas
2711 5213 3050 5266 consecuturi
3092 5220 3217 5266 sunt
3247 5213 3374 5280 peti-

1847 5312 1967 5370 tur;
1999 5304 2064 5358 de
2090 5304 2285 5373 quibus
2311 5301 2384 5354 ait
2409 5300 2696 5369 Apostolus
2727 5321 2740 5354 -.
2775 5301 3081 5356 Benedictus
3107 5302 3377 5362 Dominus,

1849 5395 1933 5464 qui
1956 5394 2210 5448 benedixit
2242 5411 2331 5446 nos
2371 5395 2424 5446 in
2469 5393 2607 5445 onmi
2656 5393 3001 5448 benedictione
3024 5393 3286 5462 spirituali
3327 5395 3376 5446 in

2885 5567 2929 5598 ⁸⁷
2951 5563 3146 5620 Jernm.
3182 5579 3254 5626 rx.
3286 5560 3408 5626 ἔδει,
