3818 6338
608 361 712 417 H9

1290 357 1547 413 EUSEBI]
1584 350 2053 409 (JAZSARlENSiS
2090 350 2235 407 OPP.
2256 350 2431 406 PARS
2469 351 2554 406 Ill.
2592 381 2662 393 —
2696 348 3103 403 EXEGETICA.

608 472 893 526 cmlestibus
923 474 986 525 ".
1045 471 1190 524 Finis
1250 480 1421 521 autem
1469 469 1728 520 bonorum
1780 464 1833 516 in
1888 478 1951 516 ea
1986 478 2138 532 quam

2172 471 2217 524 Α
2248 465 2275 514 ὁ
2303 464 2399 531 τῆς
2445 462 2779 530 δικαιοσύνης
2824 461 3110 527 στέφανος,
3156 451 3223 511 οὗ
3276 457 3581 521 τεύξονται

608 577 886 629 speramus
936 561 1272 623 lncreditatc,
1310 565 1390 610 est
1435 571 1635 609 corona
1690 553 1936 622 iustitiae,
1983 568 2137 620 quam

607 661 997 705 consecuturus
1022 658 1102 703 est
1134 646 1377 716 quisquis
1405 662 1523 698 cum
1554 645 1719 698 Paulo
1742 646 1919 698 dicere
1950 646 2090 699 valet
2126 665 2139 699 :

610 738 676 791 In
705 742 899 810 reliquo
931 739 1153 806 reposita
1183 745 1257 787 est
1291 735 1416 787 milii
1445 752 1633 787 corona
1656 734 1879 802 justitia:
1904 735 1949 764 "°
1989 751 2004 786 :
2039 748 2143 801 quo

607 844 801 897 genere
832 841 1099 881 armorum
1123 824 1197 877 uti
1222 823 1363 878 Deus
1393 826 1580 889 voluit,
1616 836 1671 878 ut
1710 839 1837 879 suos
1856 838 1884 876 a
1910 824 2145 893 quolibet

607 917 789 972 hostili
825 916 1159 969 inimicorum
1189 914 1406 967 incursu
1435 914 1759 969 defenderet.

1076 1020 1397 1077 PSALMUS
1428 1021 1633 1075 DA‘IID
1665 1022 1747 1077 Vi.

887 1130 937 1183 1.
972 1129 1036 1184 1η
1060 1132 1215 1199 ﬁnem
1243 1133 1298 1186 in
1330 1132 1553 1202 hymnis,
1583 1150 1676 1201 pro
1703 1146 1901 1190 octava.

671 1264 869 1321 Octava
902 1274 984 1321 est
1011 1266 1261 1322 salutaris
1288 1271 1699 1325 resurrectionis
1728 1271 1930 1327 Christi
1963 1271 2145 1327 Domi-

603 1355 721 1409 nica
750 1356 886 1419 dies,
920 1357 974 1409 in
1003 1371 1107 1426 qua
1140 1365 1481 1425 peccatorum
1513 1362 1748 1414 omnium
1780 1363 2143 1431 purgationem

600 1461 721 1501 esse
752 1446 1053 1515 credimus;
1080 1448 1135 1501 in
1166 1465 1271 1518 qua
1292 1450 1584 1520 symbolice
1614 1453 1828 1520 quidem
1863 1456 2144 1509 circumci—

603 1533 863 1588 dehantur
882 1550 1067 1590 omnes
1098 1535 1349 1599 infantes,
1385 1536 1481 1589 sed
1513 1553 1695 1591 revera
1728 1553 1821 1606 per
1858 1555 2141 1607 regenera-

601 1624 803 1680 tionem
853 1632 1112 1695 purgatur
1166 1626 1345 1679 anima
1399 1628 1650 1695 quaelibet
1704 1628 1756 1680 in
1803 1627 1908 1681 Deo
1943 1629 2140 1697 genita.

600 1715 784 1785 Usque
808 1717 938 1771 adeo
981 1724 1158 1769 autem
1209 1717 1550 1784 prmstantior
1583 1726 1664 1771 est
1692 1717 1776 1771 die
1808 1718 2051 1786 septima,
2086 1724 2144 1769 ut

602 1804 655 1859 in
701 1822 762 1861 ea
810 1807 1049 1861 solvatur
1075 1809 1155 1865 lex
1195 1806 1436 1869 Sabbati,
1472 1807 1516 1860 si
1547 1822 1667 1860 cum
1707 1815 1895 1859 octava
1921 1805 2142 1860 infantis

600 1896 686 1950 die
713 1896 912 1950 incidat
941 1897 1162 1952 Sabbati
1193 1896 1308 1952 dies
1340 1915 1352 1950 :
1389 1898 1549 1952 homo
1578 1897 1773 1965 quippe
1806 1897 1890 1950 vel
1920 1900 1973 1949 in
2008 1894 2143 1949 Sab-

599 1988 724 2043 bato
760 1989 1180 2042 circumciditur.

672 2073 832 2130 Vens.
898 2075 1015 2129 2-4.
1076 2074 1308 2137 Domine,
1384 2090 1444 2126 ne
1500 2074 1553 2125 in
1588 2073 1762 2139 furore
1815 2083 1901 2126 tuo
1952 2090 2141 2143 arguas

598 2177 697 2226 me,
721 2179 875 2231 neque
896 2163 947 2215 in
977 2164 1059 2214 ira
1090 2170 1178 2214 tua
1198 2162 1450 2230 corripias
1482 2178 1580 2215 me.
1614 2160 1859 2214 Miserere
1883 2163 2001 2229 mei,
2030 2163 2139 2216 Do-

598 2255 753 2317 mine,
810 2256 1053 2322 quoniam
1090 2254 1325 2322 inﬁrmus
1383 2269 1535 2319 sum;
1593 2268 1723 2305 sana
1779 2270 1876 2318 me,
1904 2252 2138 2320 Domine,

597 2345 839 2414 quoniam
868 2344 1178 2399 conturbata
1210 2351 1331 2397 sunt
1364 2359 1482 2396 ossa
1528 2359 1661 2396 mea.
1691 2342 1823 2396 Nam
1866 2358 2022 2398 omne
2050 2345 2143 2402 de-

598 2437 781 2491 lictum
810 2454 874 2492 ex
908 2437 1217 2490 infirmitate
1247 2435 1439 2499 oritur,
1476 2435 1601 2503 quia
1625 2436 1804 2487 anima
1846 2434 1911 2487 ad
1948 2451 2141 2504 pravos

600 2540 808 2594 semper
829 2525 1049 2579 allectus
1070 2526 1358 2578 inclinatur
1389 2541 1401 2576 :
1436 2532 1761 2591 quapropter
1796 2522 1861 2575 ad
1894 2522 2143 2577 Servato-

599 2628 708 2666 rem
732 2620 783 2667 et
807 2613 1091 2678 medicum,
1125 2613 1215 2666 Dei
1247 2614 1449 2667 scilicet
1483 2610 1699 2675 Filium,
1729 2612 1986 2681 confugit.
2010 2612 2140 2666 Nam

596 2716 720 2755 cum
762 2704 815 2754 in
849 2703 1081 2755 animam
1129 2702 1499 2755 rationabilem
1547 2703 1779 2765 advenit,
1810 2710 1990 2770 utpote
2024 2718 2137 2756 ver-

596 2791 721 2844 bum
772 2799 824 2844 et
854 2792 992 2846 ratio
1020 2791 1135 2855 Dei,
1182 2792 1300 2859 ejus
1330 2792 1724 2845 irrationabiles
1754 2800 1933 2846 motus
1969 2794 2142 2846 elimi-

596 2888 727 2945 nat;
762 2889 818 2933 ut
847 2882 1129 2949 sapientia,
1163 2881 1229 2933 ab
1260 2882 1571 2950 insipientia
1606 2882 1774 2950 ipsam
1821 2882 2027 2943 liberat,
2085 2890 2141 2935 ut

598 2969 801 3038 iustitia
831 2971 897 3023 ab
930 2970 1217 3039 injustitia,
1269 2977 1326 3021 ut
1366 2971 1561 3023 veritas
1604 2985 1629 3021 a
1677 2969 1976 3022 mendacio.
2033 2970 2140 3023 Ro-

596 3063 781 3119 bustas
826 3077 987 3132 porro
1016 3061 1178 3115 animi
1227 3062 1368 3115 vires
1397 3061 1722 3123 subindicat,
1768 3075 1887 3112 cum
1914 3061 1987 3112 ait
2011 3076 2140 3114 con-

2246 554 2452 606 Παῦλον
2484 554 2657 620 λέγειν
2691 554 2996 621 δυνάμενοι·
3033 548 3284 604 Λοιπὸν
3319 550 3624 602 didicerat

2243 642 2348 709 τῆς
2369 644 2746 709 δικαιοσύνης
2764 642 3059 710 στέφανος
3081 659 3096 671 ο
3131 635 3259 706 ᾧπε
3269 657 3302 711 ρ
3330 640 3543 709 ηῦδὸκη
3554 658 3624 693 σε·

2242 732 2391 799 ὅπλῳ
2420 731 2716 800 χρήσασθαι
2751 730 3061 799 φυλακτικῷ
3094 728 3294 797 πάσης
3344 728 3549 795 ἐφόδου
3582 748 3623 781 π

2250 818 2507 887 ἐπιούσης
2533 818 2671 870 κατὰ
2694 818 2799 870 τῶν
2821 818 3033 869 οἰκείων
3064 814 3271 868 αὑτοῦ.

2619 1015 2909 1068 ΨΑΛΜΟΣ
2951 1015 3043 1066 ΤΩ
3096 1014 3314 1065 ΔΑΥιΔ
3354 1016 3451 1080 ς’.

2345 1129 2448 1191 Εἰς
2483 1126 2548 1179 τὸ
2580 1124 2751 1191 τέλος
2777 1126 2845 1177 ὲν
2889 1125 3110 1192 ὕμνοις
3145 1124 3311 1193 ὑπὲρ
3338 1124 3460 1192 τῆς
3500 1127 3624 1194 ὀγδι

2324 1256 2506 1325 Ὀγδόη
2527 1259 2559 1325 ἠ
2577 1255 2935 1324 ἀναστάσιμος
2949 1254 3049 1307 τοῦ
3082 1255 3245 1324 Σωτῆ
3258 1273 3353 1325 ρος
3380 1256 3572 1328 ἡμέρα
3609 1277 3624 1310 2

2247 1349 2534 1417 σωτήριος,
2557 1350 2611 1399 ὲν
2692 1348 2903 1400 πάντων
2925 1350 3368 1420 ἁμαρτημάτων
3387 1350 3624 1419 καθάρσι

2243 1440 2562 1508 πιστεύομεν
2582 1457 2594 1469 ’
2623 1442 2677 1493 ὲν
2761 1440 3110 1509 συμϐολικῶς
3141 1440 3246 1509 μὲν
3270 1441 3423 1493 ἅπαν
3456 1458 3623 1513 ιπεριεΔ

2244 1528 2459 1599 βρέφος,
2493 1528 2630 1581 κατὰ
2658 1529 2713 1580 δὲ
2738 1530 2798 1581 τὸ
2821 1529 3021 1599 ἀληθὲς
3068 1530 3413 1599 καθαίρεται
3447 1531 3516 1584 δι’
3552 1535 3623 1584 ἀντ

2243 1637 2377 1681 σεως
2408 1622 2554 1672 πᾶσα
2604 1620 2661 1672 ὲν
2714 1618 2830 1688 Θεῷ
2865 1619 3013 1689 ψυχὴ
3072 1620 3429 1690 γεννωμένη.
3476 1623 3624 1673 Τοσοέ

2243 1712 2485 1776 κρεῖττον
2538 1708 2672 1777 αὑτὴ
2705 1709 2802 1776 τῆς
2825 1708 3085 1778 ἑϐδόμης,
3109 1708 3191 1769 ὡς
3214 1710 3276 1759 ἐν
3304 1710 3446 1779 αὐτῇ
3498 1709 3623 1761 Nec

2243 1796 2368 1867 περὶ
2416 1796 2506 1849 τοῦ
2569 1796 2830 1849 σαϐϐάτου
2884 1795 3243 1865 νομοθεσίαν,
3293 1798 3343 1848 εί
3384 1796 3624 1849 καταλάϐ

2170 1859 2213 1914 Β
2242 1859 2405 1956 αὐτὴν
2431 1887 2569 1957 ἡτοῦ
2596 1886 2821 1956 βρέφους
2842 1859 3004 1955 ὀγδϐη
3023 1902 3037 1914 ·
3072 1886 3477 1957 περιτέμνεται
3498 1887 3606 1957 γὰρ

2241 1993 2337 2038 πος
2362 1978 2416 2029 ὲν
2448 1964 2712 2045 σαϐϐάτῳ.

2310 2069 2502 2133 Κύριε,
2539 2068 2624 2135 μὴ
2674 2066 2753 2130 τῷ
2782 2064 2945 2133 θυμῷ
2994 2081 3118 2119 σου
3142 2066 3410 2134 ἐλέγξῃς
3446 2084 3543 2135 με,
3567 2085 3624 2134 μ]

2241 2157 2385 2227 ὀργῇ
2414 2173 2528 2211 σου
2550 2158 2874 2223 παιδεύσῃς
2889 2172 2991 2223 με.
3048 2157 3357 2223 Ἐλέησόν
3379 2174 3481 2224 με,
3513 2158 3623 2223 Κύρ

2240 2247 2501 2313 ἀσθενής
2545 2250 2690 2316 ειμι·
2725 2248 2891 2300 ἴασαι
2931 2264 3032 2315 με,
3061 2248 3271 2313 Κύριε,
3308 2247 3400 2299 ὅτι
3426 2247 3624 2325 etapci;

2242 2336 2389 2391 ὀστᾶ
2403 2355 2539 2405 μου.
2583 2336 2668 2400 Ἐξ
2701 2336 2982 2398 ἀσθενείας
3019 2335 3134 2405 γάρ
3166 2334 3317 2388 ἅπαν
3344 2338 3624 2406 ἁμάρτημι

2240 2444 2348 2490 ται,
2389 2428 2522 2496 πρὸς
2566 2426 2624 2478 τὸ
2653 2427 2819 2489 πάθος
2848 2426 2939 2478 ἀεὶ
2992 2428 3095 2496 τῆς
3129 2428 3313 2496 ψυχῆς
3358 2427 3623 2495 ὲνδιδούση

2239 2516 2566 2585 καταφεύγει
2591 2518 2723 2585 πρὸς
2765 2518 2854 2569 τὸν
2890 2517 3131 2587 Σωτῆρα
3190 2520 3284 2570 καὶ
3314 2518 3517 2588 ἰατρὸν,
3560 2517 3623 2568 τὸ

2239 2609 2330 2661 τοῦ
2360 2608 2511 2661 Θεοῦ.
2553 2607 2937 2676 Ἐγγενόμενος
2960 2607 3074 2678 γὰρ
3100 2608 3251 2678 ψυχῇ
3287 2611 3354 2678 τῇ
3378 2609 3589 2676 λογικῇ,
3616 2627 3624 2657 ι

2238 2698 2387 2766 λόγος
2412 2698 2542 2751 Θεοῦ
2576 2698 2672 2767 τὴν
2699 2697 2925 2764 ἀλογίαν
2953 2698 3127 2768 αὐτῆς
3150 2701 3471 2768 ἀφαιρεῖται
3488 2715 3501 2727 ο
3538 2698 3608 2759 ὡς

2240 2792 2333 2859 φία
2358 2791 2456 2859 τῆς
2483 2788 2783 2859 ἀφροσύνης
2805 2790 2981 2859 αὐτὴν
3012 2789 3370 2852 ἀπαλλάττει,
3398 2789 3491 2841 καὶ
3520 2790 3591 2849 ὡς
3617 2792 3624 2833 4

2241 2880 2369 2949 σύνη
2400 2881 2495 2949 τῆς
2521 2879 2747 2943 ἀδικίας,
2771 2879 2865 2931 καὶ
2912 2879 2989 2942 ὡς
3034 2879 3265 2950 ἀλήθεια
3292 2880 3385 2932 τοῦ
3418 2879 3623 2947 ψεύδους

2240 2974 2401 3046 θεροῖ.
2432 2975 2538 3036 Τὰς
2572 2973 2821 3036 νεανικὰς
2856 2974 2918 3026 δὲ
2964 2976 3066 3043 τῆς
3104 2977 3285 3045 ψυχῆς
3334 2978 3613 3044 ὑποφαίνει

2242 3082 2380 3134 μεις,
2401 3062 2722 3133 τεταράχθαι
2746 3063 2929 3131 φήσας
2964 3065 3131 3116 αὑτοῦ
3159 3065 3230 3117 τά
3254 3066 3408 3127 ὀστᾶ,
3439 3068 3503 3117 δι’
3528 3060 3597 3117 ὧν

594 3154 807 3207 turbata
847 3167 967 3206 esse
1018 3165 1141 3205 ossa
1192 3166 1323 3213 sua,
1374 3152 1569 3219 quibus
1613 3151 1839 3206 viriliter
1893 3149 2138 3203 violentis

2170 3175 2208 3232 α
2240 3152 2559 3206 ἀντιϐαίνειν
2588 3154 2695 3213 τοῖς
2724 3150 2961 3205 πάθεσιν
3008 3154 3280 3223 ἀνδρικῶς
3306 3170 3320 3185 ·
3358 3156 3385 3207 ὃ
3416 3155 3479 3224 δὴ
3506 3172 3622 3221 σας]

596 3244 756 3296 animi
781 3243 1014 3296 motibus
1041 3241 1304 3295 obsistere
1348 3241 1589 3306 solebat;
1619 3240 1759 3308 quod
1811 3241 1862 3292 in
1915 3254 2143 3309 sequen-

595 3335 737 3387 tibus
767 3334 1003 3385 declarat
1056 3332 1141 3385 his
1168 3332 1342 3385 verbis
1378 3349 1390 3384 :
1443 3330 1510 3382 Et
1550 3332 1724 3385 anima
1783 3347 1893 3383 mea
1936 3329 2142 3382 turbata

594 3438 668 3479 est
699 3425 865 3479 ualde.
904 3423 1106 3479 Medela
1139 3432 1315 3477 autem
1355 3439 1452 3492 pro
1479 3424 1787 3478 inﬁrmitate
1819 3426 2030 3489 animae,
2064 3438 2143 3479 est

595 3532 623 3569 a
659 3515 765 3569 Deo
795 3516 987 3569 collata
1032 3515 1236 3576 virtus,
1267 3528 1429 3581 quam
1481 3515 1730 3582 quisquis
1778 3515 1983 3569 obtinet
2011 3515 2083 3568 ait
2125 3535 2138 3569 :

596 3606 795 3661 Omnia'
818 3620 1026 3671 possum
1065 3606 1119 3656 in
1148 3602 1353 3657 Christo
1383 3606 1467 3671 qui
1505 3621 1583 3656 me
1614 3605 1872 3671 confortat
1894 3607 1958 3658 7‘.
1988 3606 2139 3671 Quod

595 3702 770 3747 autem
796 3708 902 3745 non
929 3693 993 3745 de
1021 3692 1365 3746 sensibilibus
1413 3694 1629 3746 ossibus
1667 3693 1934 3760 loquatur,
1965 3696 2139 3763 palam

596 3782 722 3833 facit
747 3782 875 3834 illud
907 3800 919 3834 :
951 3780 1139 3835 Omnia
1188 3798 1305 3834 ossa
1358 3798 1470 3833 mea
1509 3782 1679 3833 dicent
1710 3799 1726 3834 :
1759 3782 1993 3848 Domine,
2027 3787 2140 3853 quis

594 3869 782 3923 similis
811 3869 904 3921 tibi
932 3869 1015 3921 7’?
1043 3876 1095 3923 et
1124 3869 1254 3922 illud
1295 3885 1507 3938 quoque
1532 3889 1543 3922 :
1572 3868 1837 3936 Dissipata
1869 3882 1989 3923 sunt
2022 3889 2139 3925 ossa

595 3967 775 4009 nostra
811 3974 954 4011 secus
985 3958 1243 4026 infernum
1266 3960 1330 4009 ⁷³.

667 4046 731 4099 Et
771 4057 846 4109 tu,
912 4048 1149 4113 Domine,
1186 4052 1484 4117 usquequo?
1517 4048 1832 4102 Diuturnum
1878 4049 2141 4117 paeniten-

596 4136 681 4189 tia:
722 4152 831 4190 suae
868 4144 1076 4206 tempus
1102 4138 1368 4191 enuntiat.
1418 4136 1621 4191 Etenim
1664 4138 1872 4205 sapiens
1908 4138 1996 4190 ille
2024 4138 2141 4190 ani-

594 4241 801 4278 marum
844 4227 1103 4290 medicus,
1160 4242 1265 4280 non
1317 4229 1516 4290 statim,
1567 4244 1737 4297 neque
1797 4227 1864 4281 ad
1914 4228 2137 4296 primam

594 4316 1019 4385 emagitationem
1052 4318 1440 4387 supplicantem
1468 4319 1700 4380 exaudit,
1724 4328 1781 4371 ut
1810 4320 1862 4371 in
1885 4319 1976 4371 illo
2001 4318 2137 4387 alqui

592 4406 826 4474 bonique
869 4407 1059 4461 affectu
1103 4409 1307 4462 diutius
1338 4417 1667 4477 permaneat,
1699 4424 1760 4461 ac
1790 4410 1995 4461 ﬁrmam
2026 4421 2137 4462 sta-

2244 3244 2481 3313 ἐπήγαγε
2501 3258 2513 3271 ⁸
2548 3242 2653 3293 Καὶ
2680 3243 2717 3308 η
2752 3242 2932 3310 ψυχή
2966 3262 3089 3311 μου
3111 3245 3407 3312 ἐταράχθη
3425 3246 3622 3313 aperire

2244 3353 2325 3397 σις
2355 3336 2409 3387 δὲ
2436 3334 2710 3394 ἀσθενείας
2734 3333 2974 3407 ψυχῆςή
3012 3338 3076 3389 ἐκ
3113 3338 3249 3390 Θεοῦ
3286 3338 3539 3407 δύναμις⁶

2242 3424 2346 3493 χών
2373 3440 2530 3494 φησι’
2567 3423 2764 3475 Πάντα
2809 3426 3006 3494 ἰσχύω
3037 3427 3108 3478 ἐν
3136 3426 3215 3490 τῷ
3250 3427 3621 3495 ἐνδυναμοῦν-

2240 3513 2481 3583 Χριστῷ.
2518 3514 2632 3565 Ὅτι
2668 3513 2723 3565 δὲ
2751 3514 2825 3584 μὴ
2865 3516 3087 3578 πάντως
3111 3517 3347 3587 αἰσθητά
3383 3517 3450 3569 τὰ
3484 3518 3620 3577 ὀστᾶ,

2240 3606 2321 3669 τὸ,
2348 3605 2547 3658 Πάντα
2561 3604 2629 3656 τὰ
2646 3603 2795 3657 ὀστᾶ
2814 3624 2935 3673 μου
2966 3607 3243 3674 ἐροῦσιν*
3278 3610 3473 3675 Κύριε,
3502 3590 3620 3671 cici

2239 3710 2371 3759 o‘oa;
2430 3697 2536 3747 Καὶ
2569 3695 2648 3758 τὸ,
2677 3696 3117 3765 Διεσκορπίσθη
3141 3697 3215 3751 τὰ
3241 3697 3391 3753 ὀστᾶ
3429 3698 3591 3766 ημῶν

2238 3787 2342 3839 τὸν
2368 3786 2537 3851 ᾅδην.

2308 4048 2413 4101 Καὶ
2466 4046 2567 4107 σὺ,
2614 4048 2785 4112 Κύριε
2816 4086 2829 4108 ,
2893 4046 3005 4109 ἕως
3072 4048 3250 4111 πότε;
3311 4048 3420 4117 Τὴν
3469 4048 3555 4098 ἐπὶ
3602 4063 3616 4112 ι

2238 4136 2410 4207 χρόνῳ
2448 4137 2744 4207 παράτασιν
2799 4138 2900 4207 τῆς
2948 4139 3143 4191 ἑαυτοῦ
3203 4138 3487 4209 μετανοίας
3524 4139 3616 4203 ὲμιέ

2249 4230 2304 4281 Ὀ
2333 4230 2435 4297 γάρ
2459 4244 2538 4278 τοι
2584 4227 2741 4295 σοφὸς
2772 4227 2885 4280 τῶν
2929 4230 3117 4299 ψυχῶν
3160 4231 3339 4299 ἰατρὸς
3372 4230 3429 4280 ού
3466 4243 3616 4293 παρα]

2236 4319 2374 4373 κατά
2398 4318 2492 4388 τὴν
2522 4316 2737 4387 πρώτην
2760 4318 3097 4389 ἐπιστροφὴν
3127 4320 3382 4372 ἐπακούει
3402 4320 3493 4370 τοῦ
3521 4318 3614 4383 δεοι

2236 4409 2309 4472 ὡς
2331 4410 2386 4459 ὲν
2416 4407 2527 4471 ἕξει
2556 4409 2857 4479 παραμόνῳ
2902 4410 3128 4479 γένηται
3158 4410 3414 4477 τάγαθοῦ,
3444 4408 3614 4477 βεϐαία

594 4495 862 4563 bilemque
877 4495 1121 4550 exhibeat
1151 4497 1548 4566 ptenitentiam;
1579 4501 1669 4553 sed
1688 4510 1807 4567 post
1834 4514 2134 4567 congruen-

2170 4491 2206 4544 D
2235 4501 2327 4566 ξας
2356 4502 2635 4569 μετάνοιαν
2659 4515 2673 4528 ο
2731 4502 2826 4551 καὶ
2857 4502 2994 4569 μετά
3034 4501 3130 4568 τὴν
3174 4501 3360 4570 ἱκανὴν
3386 4499 3614 4569 καρτερίέ

598 4593 699 4640 tem
751 4587 802 4640 in
851 4588 1150 4643 conﬁtendo
1199 4594 1646 4659 perseverantiam
1702 4612 1713 4645 :
1784 4592 1885 4654 Me,
1939 4594 2129 4662 inquit,

603 4676 848 4737 exorasti,
872 4684 1095 4743 tempore
1119 4690 1321 4747 accepto
1347 4680 1587 4733 exaudiui
1617 4690 1662 4734 te
1685 4681 1751 4735 ⁷⁸.
1782 4680 1914 4733 Nam
1943 4682 2008 4735 iis
2040 4682 2133 4750 qui

598 4779 699 4816 non
726 4765 777 4818 in
802 4772 1021 4835 peccato
1052 4766 1225 4834 ipsum
1258 4768 1509 4823 invocant
1538 4769 1680 4823 dicet
1713 4788 1724 4821 :
1766 4769 1953 4822 Adhuc
1979 4780 2031 4824 te
2060 4771 2133 4822 lo-

598 4862 808 4917 quente,
840 4853 972 4908 Ecce
999 4854 1182 4908 adsum
1204 4856 1269 4910 ⁷⁵.

663 4940 827 4997 Vens.
874 4946 988 5001 5-9.
1029 4946 1287 5013 Quoniam
1336 4967 1435 5003 non
1499 4958 1576 5004 est
1615 4951 1671 5002 in
1710 4960 1873 5003 morte
1905 4950 1993 5019 qui
2026 4968 2132 5003 me-

597 5048 710 5083 mor
734 5034 801 5084 sit
840 5038 949 5098 tui;
978 5038 1030 5090 in
1054 5039 1256 5107 inferno
1294 5050 1465 5096 autem
1497 5042 1612 5111 quis
1642 5041 1969 5108 conﬁtebitur
1998 5042 2131 5097 tibi?

598 5119 850 5174 Laboraui
891 5125 940 5175 in
973 5131 1161 5194 gemitu
1194 5148 1325 5196 meo,
1363 5132 1543 5186 lavabo
1574 5147 1663 5199 per
1696 5131 1928 5200 singulas
1958 5141 2129 5183 noctes

596 5211 777 5266 lectum
824 5228 991 5264 meum
1009 5253 1024 5277 ,
1064 5218 1306 5289 lacrymis
1333 5224 1456 5276 meis
1479 5232 1701 5275 stratum
1741 5237 1906 5273 meum
1932 5220 2127 5288 rigabo.

596 5298 820 5369 Sapiens
847 5317 969 5354 cum
999 5314 1139 5358 esset
1167 5307 1350 5375 David,
1403 5328 1510 5366 non
1540 5312 1823 5382 ignorabat
1854 5310 2130 5379 praesentis

590 5394 714 5445 vita:
742 5399 969 5460 tempus,
1006 5394 1216 5448 medelae
1239 5415 1357 5454 esse
1378 5412 1773 5471 opportunum;
1804 5417 1911 5470 quo
1948 5400 2130 5467 elapso

592 5493 751 5533 nemo
812 5491 955 5534 recte
983 5496 1139 5549 agere
1190 5486 1350 5542 valet.
1408 5490 1655 5562 Nihilque
1704 5507 1811 5544 non
1831 5490 1938 5555 agit
1958 5494 2015 5540 ut
2038 5502 2119 5541 sa-

668 5588 710 5621 ’ν
746 5587 941 5666 Eplies.
977 5590 1111 5666 t_,_
1185 5592 1231 5622 "°
1269 5593 1309 5644 ll
1342 5595 1479 5654 Tim.
1514 5617 1586 5666 tv,
1620 5600 1671 5657 8.
1749 5602 1792 5633 '“
1830 5598 2061 5666 Philipp.
2093 5611 2178 5661 tv,
2215 5594 2302 5650 15.

597 5655 724 5711 Cor.
756 5655 843 5721 vi,
872 5656 924 5711 2.
999 5659 1044 5690 ’⁵
1084 5656 1185 5714 lsa.
1216 5675 1376 5724 Lvut,
1408 5666 1459 5719 9.

2236 4592 2291 4641 ἐν
2336 4588 2740 4659 ἐξομολογήσει·
2793 4590 2959 4657 φησὶν
3017 4592 3330 4653 ὲνέπεισας·
3379 4588 3553 4653 καιρῷ
3602 4606 3612 4635 ι

2234 4676 2541 4742 ἐπήκουσά
2586 4692 2720 4730 σου.
2782 4678 2905 4739 Τοῖς
2950 4678 3059 4748 γάρ
3112 4679 3185 4748 μὴ
3222 4678 3279 4741 ἐξ
3322 4676 3579 4747 ἁμαρτίας

2235 4764 2673 4833 ἐπικαλουμένοις
2742 4766 2885 4833 ἐρεῖ·
2955 4768 3075 4818 Ἔτι
3139 4768 3421 4827 λαλοῦντός
3471 4782 3590 4826 σου,

2232 4856 2486 4922 πάρειμι.

2307 4946 2427 4995 ’Ὁτι
2461 4944 2570 4995 οὐκ
2620 4942 2786 4995 ἐστιν
2840 4944 2910 4997 ὲν
2946 4944 3026 5009 τῷ
3058 4946 3289 5011 θανάτῳ
3333 4948 3366 4997 ὀ
3400 4958 3609 5012 μνημον

2234 5050 2368 5096 σου,
2392 5034 2461 5085 ἐν
2485 5032 2551 5085 δὲ
2576 5033 2654 5098 τῷ
2676 5033 2788 5101 ᾅδῃ
2822 5035 2914 5100 τις
2936 5035 3435 5105 ἐξομολογήσεται
3467 5047 3587 5092 σοι;

2234 5125 2422 5176 πίασα
2472 5123 2539 5175 ἐν
2585 5126 2893 5194 στεναγμῷ
2945 5145 3083 5195 μου,
3116 5128 3317 5179 λούσω
3355 5124 3480 5177 καθ’
3517 5118 3610 5173 exii

2233 5214 2419 5266 νύκτα
2444 5212 2555 5280 τὴν
2581 5216 2796 5281 κλίνην
2819 5233 2959 5283 μου,
2989 5214 3319 5281 ἐνδάκρυσί
3334 5230 3450 5280 μου
3470 5209 3607 5275 τὴν(

2227 5303 2388 5371 μνήν
2411 5321 2528 5372 μου
2554 5306 2768 5371 βρέξω.
2805 5307 2971 5373 Σοφδς
3002 5304 3075 5356 ὢν
3097 5305 3125 5354 ι
3151 5302 3309 5355 Δαυῒδ
3347 5303 3443 5354 οὐκ
3470 5298 3608 5367 ὴγνόε

2234 5392 2507 5462 παροῦσαν
2536 5393 2677 5465 ζωὴν
2718 5394 3007 5464 θεραπείας
3044 5389 3177 5443 εἶναι
3212 5391 3419 5459 καιρδν,
3453 5387 3562 5457 μεθ’
3592 5384 3608 5433 ὃ

2221 5484 2329 5543 Bel;
2360 5483 2608 5553 κατορθοῖ
2626 5502 2638 5513 ·
2669 5484 2764 5537 καὶ
2786 5484 2961 5534 πάντα
2986 5482 3210 5547 πράττει
3232 5478 3606 5549 θεραπευθῆναι

2400 5597 2444 5627 ⁷⁸
2481 5596 2625 5651 Psal.
2666 5610 2869 5660 xxxiv,
2905 5592 2988 5647 l0.
3062 5591 3107 5623 ⁷³
3146 5589 3286 5645 Psal.
3318 5603 3450 5653 οη,
3486 5586 3533 5637 7.
