3818 6338
148 422 237 502 ιε*

1350 419 1840 478 COMMENTARIA
1879 421 1942 476 IN
1981 421 2311 486 PSALMOS.

3311 424 3413 479 122

157 539 391 617 λρψῑιος,
444 523 585 595 πρὶν
638 526 764 580 ὑπὸ
825 533 936 585 τοῦ
1007 543 1191 596 κοινοῦ
1234 537 1647 607 καταληφθῆναι.
1693 538 1771 588 Att

1885 535 2103 588 nitatem
2150 537 2419 597 obtineat,
2463 536 2772 604 priusquam
2848 549 2878 587 a
2931 528 3202 588 communi
3235 527 3415 588 debito

215 635 361 688 quur
422 617 582 671 Ἄντὶ
635 624 780 691 μιᾶς
817 628 1034 691 νυκτὸς
1072 630 1191 682 καθ’
1226 630 1293 700 ἣν
1321 631 1578 702 ἥμαρτον,
1608 629 1782 690 πάσας

185 713 606 788 κίομολο-τοῦμαι
671 715 785 779 τὰς
837 721 1082 785 νύκτας,
1110 720 1411 774 ἀποπλῦναι
1456 719 1783 790 πειρώμενος

223 810 444 883 κμυτδν.
467 809 562 862 καὶ
587 807 694 879 τὴν
725 809 818 877 ἐφ’
846 811 919 882 ἣν
947 812 1196 882 ἥμαρτον
1229 812 1410 882 κλίνην
1443 812 1662 882 δᾶκρυσι
1688 827 1782 880 με-

238 906 436 966 τανοίας.
479 898 607 955 Οἶδα
660 901 776 974 γὰρ
813 902 877 955 δὲ
918 901 1027 956 κᾶν
1064 902 1201 973 τύχῃ
1227 902 1322 972 τῆς
1346 901 1584 969 ἀφέσεως
1621 902 1783 967 ἑπαγ-

237 996 486 1066 γέλληται,
513 997 769 1066 δακρύων
802 999 983 1071 πέρας
1013 1003 1110 1071 οὐχ
1138 1003 1293 1066 ἕξειν.
1327 1003 1397 1054 Τὸ
1421 1002 1495 1066 δὲ,
1547 1000 1640 1064 Τίς
1680 997 1776 1061 ἐξ-

235 1087 646 1157 ομολογήσεται
695 1106 834 1151 σοις
887 1091 1011 1144 ἀντὶ
1049 1092 1163 1156 τοῦ,
1190 1091 1404 1157 οὐδείς,
1435 1092 1634 1143 κεῖται·
1681 1087 1774 1142 νῦν

233 1177 326 1248 γὰρ
354 1179 412 1230 ού
449 1178 708 1248 σημαίνει
733 1180 800 1233 τὸ
827 1183 1071 1236 σπάνιον.

271 1429 616 1498 Ἐταρὰχθη
671 1428 797 1483 ἀπὸ
848 1429 1042 1498 θυμοῦ
1070 1432 1103 1483 ὁ
1147 1430 1444 1498 ὀφθαλμός
1471 1447 1608 1497 μου,
1639 1428 1779 1482 ἐπα-

143 1518 466 1586 ..αιώθην
510 1519 587 1571 ἐν
647 1519 805 1574 πᾶσι
840 1519 965 1584 τοῖς
1018 1520 1246 1588 ἐχθροῖς
1279 1537 1416 1588 μου.
1457 1520 1521 1573 Ἦ
1571 1521 1776 1590 μνήμη,

146 1611 359 1679 φησι,
379 1609 470 1661 τοῦ
497 1609 684 1679 θυμοῦ
703 1627 796 1662 σου
831 1611 926 1663 καὶ
955 1611 1056 1680 τῆς
1098 1610 1262 1680 ὀργῆς
1291 1611 1379 1663 τὸν
1403 1611 1532 1681 ἐμὸν
1555 1610 1778 1681 ἐτάραξε

141 1701 354 1754 ν-οῦνο
381 1701 485 1771 ὃδὴ
512 1701 800 1754 διδάσκων
827 1703 856 1754 ὁ
873 1703 1065 1772 Σωτὴρ
1087 1702 1267 1770 ἔλεγεν
1286 1720 1298 1732 ·
1335 1695 1398 1749 Ὅ
1423 1705 1647 1771 λύχνος
1674 1702 1777 1754 τοῦ

127 1793 471 1860 ο-ώματος
518 1792 706 1846 ἐστὶν
750 1796 786 1846 ό
827 1794 1151 1861 ὀφθαλμός.
1189 1793 1260 1845 Οὐ
1287 1793 1394 1864 γὰρ
1437 1793 1664 1863 ἐγχωρεῖ
1685 1793 1777 1846 ἕνα

126 1902 152 1936 τ
209 1883 294 1932 ὦν
325 1883 476 1935 δυεῖν
511 1882 821 1951 ὀφθαλμῶν
845 1882 936 1935 τοῦ
966 1881 1212 1952 σώματος
1248 1883 1434 1952 λύχνον
1464 1879 1593 1935 εἶναι
1621 1899 1634 1912 ·
1664 1883 1773 1935 ἀλλ’

127 1972 304 2025 οτ-ύδὲ
340 1974 669 2042 σωματικὸς
694 1973 974 2043 ὀφθαλμὸς
999 1973 1105 2026 ὑπὸ
1133 1972 1300 2042 Θυμοῦ
1333 1974 1656 2042 ταράσσεται
1683 1973 1772 2025 τοῦ

133 2062 349 2118 θεοῦ.
415 2064 571 2116 Ἀντὶ
620 2063 1052 2134 κατορθώματος
1112 2065 1168 2116 δὲ
1217 2063 1624 2134 καταριθμεῖται
1677 2065 1774 2127 τὰς

143 2154 335 2215 iisin;
385 2154 775 2216 κακοπαθείας
796 2172 811 2186 ο
849 2157 905 2206 ἐν
939 2151 1028 2217 αἷς
1057 2155 1149 2208 καὶ
1196 2155 1292 2224 τὴν
1324 2155 1557 2207 κάκωσιν
1588 2173 1646 2206 τε
1682 2156 1776 2208 καὶ

147 2244 552 2306 τ-απείνωσιν,
576 2245 646 2314 ἣν
671 2245 766 2296 ἐπὶ
787 2244 1034 2296 πλεῖστον
1049 2244 1235 2315 χρόνον
1262 2245 1318 2296 ὲν
1344 2245 1526 2313 μέσοις
1548 2247 1776 2298 ἐποιεῖτο

158 2338 313 2398 τοῖς
342 2336 496 2398 ἰδίοις
528 2336 774 2405 ἐχθροῖς,

282 2426 604 2493 Ἁπόστητε
631 2425 736 2478 ἀπ’
765 2424 936 2493 ἐμοῦ,
961 2425 1181 2488 πάντες
1196 2427 1248 2477 ot
1277 2422 1639 2492 ἐργαζόμενοι
1663 2422 1776 2490 τὴν

180 2515 476 2582 ἂνομίαν,
523 2516 615 2568 ὅτι
679 2514 1014 2580 εὶσήκουσε
1054 2519 1263 2582 Κύριος
1298 2513 1403 2581 τῆς
1431 2513 1632 2582 φωνῆς
1669 2515 1774 2568 τοῦ

196 2605 514 2672 κλαυθμοῦ
549 2622 694 2672 μου.
743 2602 1088 2668 Εισήκουσε
1117 2604 1328 2670 Κίφιος
1353 2603 1459 2671 τῆς
1518 2603 1774 2668 δεήσεως

207 2713 349 2764 μου,
393 2696 610 2762 Κύριος
673 2694 792 2762 τὴν
820 2692 1175 2762 προσευχήν
1205 2711 1320 2762 μου
1358 2694 1769 2760 προσεδέξατο.

220 2787 701 2854 Αἰσχυνθείησαν
768 2786 873 2839 καὶ
935 2784 1374 2852 ταραχθείησαν
1440 2784 1656 2850 πάντες
1720 2789 1773 2840 οι

219 2877 411 2945 ἒχθροί
432 2895 573 2945 μου,
621 2877 1142 2946 ἐπιστραφείησαν
1181 2877 1278 2930 καὶ
1309 2877 1774 2944 αἰσχυνθείησαν

220 2966 445 3033 σφόδρα
495 2966 594 3021 διὰ
639 2965 886 3034 τάχους.
954 2967 1219 3037 Ἐπηκόου
1269 2966 1442 3036 τυχὼν
1481 2965 1572 3018 τοῦ
1619 2966 1770 3031 Θεοῦ,

223 3055 527 3125 ἐπιστρέφει
575 3056 741 3108 πάλιν
770 3055 907 3126 πρὸς
944 3055 1104 3108 αὐτὸν
1128 3055 1224 3124 τὴν
1253 3057 1432 3124 εὐχὴν,
1467 3056 1558 3107 καλ¹
1595 3072 1770 3125 παρα-

1884 625 2384 692 comprehendatur.
2404 622 2756 690 Quamobrem
2777 624 2848 676 ait
2869 643 2880 676 :
2899 623 3004 678 Pro
3019 639 3122 676 una
3141 629 3296 678 nocte
3311 638 3415 692 qua

1880 723 2154 783 peccatum
2183 715 2393 776 admisi,
2434 731 2528 783 per
2564 714 2801 782 singulas
2833 721 3016 768 noctes
3053 713 3327 778 conﬁteor,
3363 714 3416 769 id

1880 813 2126 873 satagens
2157 814 2213 858 ut
2254 805 2515 871 meipsum
2564 811 2616 858 et
2670 804 2862 857 lectum
2913 804 2967 857 in
3015 819 3120 872 quo
3175 804 3413 872 peccavi,
3513 811 3527 828 '

1879 893 2204 963 paenitentiae
2257 894 2504 962 lacrymis
2555 893 2786 948 abluam.
2837 891 3009 946 Probe
3061 892 3174 946 scio
3231 893 3411 954 enim,

1878 986 2085 1040 etiamsi
2143 984 2512 1038 remissionem
2561 983 2897 1051 polliceatur,
2933 998 3019 1036 me
3085 982 3415 1051 lacrymandi

1878 1083 2055 1130 tamen
2113 1075 2267 1128 ﬁnem
2331 1088 2603 1142 nunquam
2666 1072 2952 1126 iacturum.
2993 1071 3130 1124 ll-lud
3180 1081 3354 1124 autem
3397 1091 3409 1125 :

1878 1164 2005 1230 Quis
2038 1163 2360 1230 conﬁtebitur
2401 1162 2534 1215 tibi?
2582 1162 2698 1214 loco
2727 1162 2896 1226 verbi,
2936 1161 3130 1224 nullus,
3182 1163 3415 1228 positum

1876 1262 1978 1318 est,
2009 1269 2181 1324 neque
2214 1255 2358 1308 enim
2391 1254 2711 1322 paucitatem
2743 1251 3108 1305 conﬁtentium
3152 1267 3297 1304 nunc
3341 1251 3416 1306 si-

1876 1344 2110 1414 gniﬁcat.

1946 1432 2106 1488 Vens.
2141 1433 2192 1488 8.
2231 1432 2487 1486 Turbatus
2513 1440 2590 1484 est
2619 1447 2651 1484 ιι
2683 1431 2858 1499 furore
2890 1429 3068 1483 oculus
3115 1447 3254 1484 meus
3293 1447 3312 1483 :
3344 1432 3417 1484 in-

1876 1525 2096 1576 veteravi
2127 1525 2257 1576 inter
2308 1538 2480 1575 omnes
2528 1522 2763 1575 inimicos
2816 1537 2973 1575 meos.
3010 1520 3282 1584 Memoria,
3333 1525 3416 1576 in-

1877 1615 2011 1684 quit,
2042 1613 2238 1669 furoris
2284 1615 2478 1682 ineque
2507 1622 2610 1666 tuae
2641 1622 2873 1665 mentem
2916 1626 3086 1665 meam
3133 1613 3364 1666 turbavit
3397 1633 3410 1668 :

1876 1704 2018 1772 quod
2045 1704 2218 1772 ipsum
2271 1701 2517 1756 Salvator
2561 1702 2648 1756 his
2689 1702 2867 1757 verbis
2915 1702 3098 1755 docuit
3133 1719 3147 1758 :
3177 1701 3414 1756 Lucerna

1876 1795 2104 1860 corporis
2156 1795 2229 1846 tui
2288 1800 2364 1846 est
2412 1792 2588 1845 oculus
2624 1802 2741 1845 tuus
2781 1793 2850 1846 ".
2884 1792 3068 1862 Neque
3107 1794 3248 1848 enim
3299 1793 3412 1847 ﬁeri

1874 1891 2068 1951 potest,
2097 1893 2154 1936 ut
2188 1901 2325 1938 unus
2361 1891 2566 1936 tantum
2595 1899 2660 1938 ex
2684 1883 2895 1939 duobus
2921 1884 3094 1938 oculis
3125 1885 3194 1938 sit
3223 1899 3414 1953 corpo-

1872 1977 1948 2030 ris
1997 1975 2212 2028 lucerna
2244 1993 2257 2028 :
2294 1980 2347 2025 at
2378 1988 2551 2041 neque
2592 1989 2886 2042 corporeus
2941 1974 3134 2028 oculus
3165 1989 3194 2026 a
3232 1973 3416 2028 furore

1872 2064 1965 2118 Dei
1987 2064 2255 2117 turbatur.
2292 2060 2435 2115 Inter
2467 2067 2612 2114 recte
2642 2060 2782 2114 facta
2827 2075 2956 2115 vero
2999 2061 3332 2114 calamitates
3359 2065 3414 2113 et

1871 2168 2136 2209 aerumnas
2162 2168 2288 2205 suas
2317 2158 2628 2227 enumerat;
2670 2151 2724 2202 in
2753 2151 2950 2219 quibus
2979 2149 3303 2204 recensenda
3331 2154 3416 2202 est

1872 2243 2086 2296 aﬂlictio
2113 2242 2200 2294 illa
2235 2247 2285 2293 et
2317 2239 2566 2307 abjectio,
2601 2255 2756 2308 quam
2786 2239 3042 2292 diuturno
3074 2248 3308 2306 tempore
3331 2237 3414 2289 iu-v

1873 2343 1950 2386 ter
1982 2330 2185 2384 medios
2216 2329 2462 2382 inimicos
2488 2343 2776 2396 perpessus
2797 2334 2898 2381 est.

1939 2422 2101 2476 Vens.
2160 2420 2313 2474 9-H.
2372 2417 2628 2471 Discedite
2681 2434 2713 2469 a
2766 2433 2864 2479 me,
2912 2432 3084 2468 omnes
3121 2416 3208 2483 qui
3232 2429 3412 2480 opera-

1871 2513 1997 2565 mini
2025 2500 2366 2580 iniquitatem,
2405 2508 2645 2578 quoniam
2674 2507 2932 2558 exaudivit
2967 2504 3216 2558 Dominus
3244 2519 3412 2556 vocem

1869 2602 2020 2670 ﬂetus
2053 2601 2172 2652 mei.
2207 2597 2485 2650 Exaudivit
2510 2594 2761 2648 Dominus
2793 2594 3198 2662 deprecationem
3223 2610 3411 2658 meam,

1872 2691 2121 2743 Dominus
2173 2687 2456 2741 orationem
2491 2703 2656 2738 meam
2698 2685 2939 2751 suscepit.
3005 2682 3326 2735 Erubescant
3366 2692 3416 2736 et

1871 2777 2232 2832 conturbentur
2295 2793 2468 2830 omnes
2516 2777 2715 2828 inimici
2775 2775 2895 2835 mei,
2947 2773 3334 2842 confundantur
3365 2784 3416 2827 et

1869 2868 2166 2922 erubescant
2199 2866 2346 2920 valde
2377 2865 2632 2920 velociter.
2684 2864 2818 2918 Cum
2870 2863 3038 2918 Deum
3095 2863 3196 2916 sibi
3233 2862 3414 2931 pmpi—

1871 2964 2003 3017 tium
2032 2969 2222 3016 nactus
2249 2961 2338 3025 sit,
2373 2960 2439 3013 ad
2483 2959 2656 3027 ipsum
2709 2956 2884 3010 denuo
2933 2953 3227 3007 orationem
3261 2967 3414 3005 suam

1871 3055 2166 3118 convertit;
2227 3058 2483 3120 rogatque
2511 3055 2574 3118 ,ιιι
2620 3046 2873 3101 recedant
2913 3051 2966 3097 et
3017 3042 3414 3096 confundantur

225 3144 372 3196 καλεί
417 3147 551 3214 πρὸς
582 3145 645 3197 τὸ
700 3145 1052 3215 ἀναχωρῆσαι
1083 3145 1177 3196 καὶ
1216 3144 1562 3214 αἰσχυνθῆναι
1606 3144 1766 3196 αὐτοῦ

1877 3144 2069 3199 inimici
2095 3143 2197 3204 sui,
2234 3148 2512 3211 postquam
2538 3138 2743 3193 insidia:
2765 3138 3022 3206 ipsorum,
3053 3132 3160 3187 Deo
3191 3133 3290 3187 sibi
3319 3147 3414 3202 per

221 3238 344 3297 τοὺς
366 3236 603 3305 ἐχθροὺς,
658 3234 1031 3302 ἀποτυχόντας
1063 3237 1120 3286 ἐν
1156 3228 1235 3295 οἷς
1264 3232 1668 3295 ἐπεϐούλευσαν,
1706 3233 1769 3284 δι’

220 3319 302 3378 aut
326 3327 462 3395 αύτῷ
481 3327 611 3391 Θεὸς
634 3325 734 3396 τὴν
769 3324 1043 3394 σωτηρίαν
1069 3323 1385 3393 παρέσχετο.
1425 3322 1585 3386 Ἀξιοῖ
1607 3323 1660 3374 δὲ
1681 3324 1773 3376 καὶ

214 3417 340 3468 dictv
387 3418 576 3480 αὐτοὺς
607 3415 980 3487 ταραχθῆναιο
1012 3414 1040 3465 ὃ
1073 3413 1137 3483 δὴ
1168 3414 1378 3476 πάντως
1410 3413 1599 3476 αὐτοὺς
1636 3412 1775 3466 κατὰ

203 3507 314 3558 Ἳὸν
343 3510 519 3580 καιρὸν
564 3509 666 3578 τῆς
717 3506 813 3559 τοῦ
855 3505 986 3557 Θεοῦ
1049 3504 1437 3573 δικαιοκρισίας
1483 3501 1769 3566 ἐκδέξεται.

624 3621 924 3675 ΨΑΛΜΟΣ
949 3620 1036 3671 ΤΩ
1066 3619 1261 3670 ΔΑΥΙΔ
1295 3619 1366 3668 Z'.

235 3727 326 3781 Ὃν
348 3726 458 3803 ᾖσε
481 3731 563 3797 τῷ
614 3731 822 3798 Κυρίῳ
868 3728 1020 3803 υίτέρ
1059 3728 1177 3803 τῷν
1213 3728 1409 3796 λόγων
1427 3725 1611 3779 Χουσὶ
1639 3723 1772 3779 υἱοῦ

392 3815 401 3824 ’
535 3796 540 3797 ί
706 3796 716 3798 ⁷
883 3796 1132 3866 Ἱεμενεῖ.

292 3913 449 3981 Κύριε
471 3917 506 3968 ὀ
540 3914 692 3978 Θεός
715 3929 859 3981 μου,
893 3909 992 3962 ἐπὶ
1022 3910 1120 3963 σοὶ
1155 3909 1385 3976 ἤλπισα
1408 3925 1421 3937 ’
1467 3904 1669 3959 σῶσόν
1695 3922 1773 3974 με

237 3993 285 4051 δι
305 4004 538 4057 πάντων
574 4005 706 4059 τῶν
744 4001 1077 4054 διωκόντων
1095 4016 1188 4066 με,
1226 3997 1320 4050 καί
1339 3996 1524 4063 ῥῦσαί
1533 4013 1627 4064 με,
1656 3995 1769 4063 μή-

231 4101 348 4147 ποτε
372 4093 619 4162 ἁρπάσῃ
654 4093 740 4156 ὼς
771 4089 929 4144 λέων
955 4089 1068 4156 τὴν
1100 4086 1307 4155 ψυχήν
1329 4105 1464 4155 μου,
1491 4086 1574 4153 μὴ
1602 4086 1771 4150 ὄντος

225 4179 638 4254 λυτρουμένου,
666 4181 827 4251 μηδὲ
858 4178 1164 4243 σώζοντος.
1196 4177 1307 4229 Ούκ
1335 4178 1419 4228 ἐπ’
1449 4175 1766 4246 ἀνθρώποις,

221 4271 322 4327 οὐδὲ
353 4276 689 4346 συμϐουλαῖς
742 4270 1074 4343 ἀνθρώπων,
1113 4269 1146 4338 ἢ
1202 4267 1426 4338 στρατοῦ
1453 4265 1642 4337 πλήθει
1673 4267 1771 4331 τὰς

219 4357 341 4429 ἐμὰς
379 4368 604 4428 ἐλπίδας
659 4365 999 4434 ἀπήρτησαο
1041 4360 1130 4411 Διό
1182 4376 1246 4428 με
1299 4358 1453 4428 ῥῦσαι
1502 4357 1769 4426 πολεμίων

1869 3250 1960 3290 eas
2002 3236 2222 3290 salutem
2275 3231 2601 3293 conferente,
2632 3229 2768 3281 male
2797 3234 3094 3280 cesserunt.
3155 3223 3411 3277 Precatu:

1870 3332 2065 3386 autem,
2102 3329 2162 3376 ut
2214 3321 2552 3375 vehementer
2604 3315 3032 3370 conturbentur:
3090 3313 3232 3380 quod
3282 3311 3412 3380 ipsis

1870 3414 2146 3484 sane'justi
2171 3412 2264 3468 Dei
2289 3410 2478 3482 judicii
2512 3417 2751 3476 tempore
2791 3414 3104 3458 eventurum
3135 3409 3240 3455 est.

2255 3600 2571 3655 PSALMUS
2608 3597 2813 3652 DAVlD
2853 3595 2964 3649 Vll.

1869 3718 1921 3771 l.
1979 3715 2139 3780 Quem
2192 3716 2418 3767 cantavit
2465 3712 2683 3764 Domino
2730 3725 2823 3776 pro
2874 3708 3042 3762 verbis
3096 3707 3258 3762 Clausi
3314 3707 3412 3774 ﬁlii

2539 3780 2753 3833 Jemini.

1933 3896 2094 3951 Vens.
2124 3896 2178 3960 2,
2207 3896 2259 3948 5.
2293 3894 2509 3946 Domine
2555 3891 2692 3944 Deus
2749 3907 2915 3954 meus,
2961 3891 3018 3942 in
3072 3899 3117 3942 te
3149 3889 3352 3958 speravi
3381 3907 3402 3942 :

1865 3992 2063 4042 satrum
2128 4002 2206 4039 me
2265 3985 2349 4054 fac
2406 3999 2468 4036 ea:
2527 3982 2762 4035 omnibus
2814 3980 3232 4050 persequentibus
3294 3996 3408 4045 me,

1865 4091 1912 4132 et
1946 4077 2104 4130 libera
2136 4092 2232 4128 me.
2257 4072 2543 4142 Nequando
2576 4073 2746 4140 rapiat
2774 4079 2830 4124 ut
2859 4070 2937 4123 leo
2967 4071 3195 4121 animam
3223 4085 3408 4132 meam,

1865 4168 1988 4220 dum
2031 4183 2131 4220 non
2176 4166 2364 4233 estqui
2418 4162 2660 4224 redimat,
2693 4176 2850 4223 neque
2876 4159 2963 4228 qui
3002 4157 3200 4211 salvum
3225 4158 3406 4224 faciat.

1864 4258 2209 4326 Nequaquam
2241 4257 2294 4308 in
2327 4253 2668 4316 hominibus,
2704 4264 2878 4318 neque
2908 4250 2961 4301 in
3013 4247 3254 4301 consiliis
3308 4246 3407 4298 ho-

1869 4348 2092 4413 minum,
2122 4360 2293 4412 neque
2324 4344 2376 4396 in
2405 4343 2674 4395 exercitus
2723 4339 2892 4406 mpiis
2925 4350 3071 4404 spem
3101 4351 3271 4389 meam
3323 4350 3410 4388 re-

221 4463 299 4514 μοι
318 4455 586 4508 τοσούτων
634 4452 1004 4521 ἐπικειμένων
1034 4449 1119 4501 διὰ
1145 4450 1360 4510 παντός.
1383 4448 1456 4500 Ού
1493 4447 1646 4516 μόνον
1679 4447 1770 4498 νῦν

1877 4436 2023 4504 posui
2061 4453 2073 4486 :
2106 4440 2428 4501 quapropter
2461 4445 2488 4482 a
2512 4437 2589 4481 tot
2624 4441 2834 4495 semper
2863 4424 3191 4478 instantibus
3230 4425 3409 4478 inimi-

229 4539 589 4616 ’Δῦεσσαλὼμ,
651 4545 748 4598 καὶ
793 4541 1091 4610 Ἀχιτόφελ,
1124 4539 1215 4592 καὶ
1255 4537 1360 4589 τῶν
1410 4538 1506 4588 σὺν
1549 4537 1763 4598 αὐτοῖς·

221 4628 345 4685 ἀλλὰ
372 4637 463 4686 καὶ
481 4634 651 4704 πάλαι
683 4632 792 4701 νέῳ
819 4631 932 4682 ὄντι
965 4628 1133 4681 Σαούλ
1171 4644 1227 4678 τε
1259 4625 1348 4678 καὶ
1377 4625 1634 4677 πλείστων
1661 4624 1767 4676 τῶν

223 4732 278 4770 τε
296 4723 356 4774 δι’
381 4725 554 4776 αὐτῶν
580 4723 806 4792 ἀφανῶς
844 4737 932 4790 μοι
963 4717 1334 4786 πολεμούντων
1364 4716 1626 4785 δαιμόνων
1649 4732 1662 4744 ·
1694 4710 1767 4767 ὦν

230 4813 344 4881 περὶ
367 4815 453 4866 τοῦ
482 4815 744 4886 ἄρχοντος
766 4813 978 4882 εἴρηται
997 4827 1010 4839 ο
1057 4810 1109 4860 '0
1136 4808 1429 4871 ἀντίδικος
1467 4805 1629 4874 ὑμῶν
1647 4804 1770 4856 διά-

233 4898 395 4968 εοὶος
435 4912 518 4968 ὼς
567 4902 730 4957 λέων
782 4901 1117 4968 ὠρυόμενος
1171 4897 1526 4964 περιέρχεται
1587 4892 1770 4962 ζητῶν

236 4991 357 5045 τίνα
405 4997 657 5063 καταπίῃ
684 5013 699 5026 ·
734 4994 794 5059 ἐξ
817 4987 877 5045 οὗ
905 4991 1136 5062 μάλιστα
1170 4989 1422 5059 ρυσθῆναι
1453 4990 1765 5060 παρακαλῶ.

315 5259 465 5325 Κύριε
491 5264 522 5315 ὁ
547 5263 686 5325 Θεός
721 5276 864 5328 μου,
897 5258 948 5310 ει
990 5252 1246 5316 ἐποίησα
1292 5250 1476 5313 τοῦτο,
1517 5255 1568 5304 εί
1606 5252 1772 5305 ἐστιν

261 5345 431 5402 ἀδικία
457 5353 521 5404 ἐν
550 5353 719 5420 χερσί
744 5368 886 5420 μου,
924 5349 978 5400 εὶ
1019 5339 1396 5399 ἀνταπέδωκα
1439 5342 1560 5406 τοῖς
1595 5343 1770 5394 ἀντα-

267 5436 538 5493 ποειὸοῦσί
578 5459 675 5510 μοι
723 5438 880 5492 κακὰ
899 5476 914 5500 ,
953 5429 1308 5494 ἀποπέσοιμι
1349 5425 1457 5492 ἄρα
1503 5429 1617 5482 ἀπὸ
1660 5430 1773 5485 τῶν

272 5518 459 5591 ἐχθρῶν
477 5549 588 5598 μου
615 5529 990 5594 κενός.”’οσην
1012 5522 1134 5586 ἄγει
1156 5516 1450 5586 παρρησίαν
1473 5519 1563 5570 ἐπὶ
1591 5519 1666 5588 τῷ
1695 5521 1767 5590 μὴ

277 5624 605 5685 μιιησιχακεῖνε
653 5621 957 5688 Ἐξαῑρετον
998 5612 1110 5678 γὰρ
1145 5605 1296 5659 τοῦτο
1330 5606 1648 5678 κατόρθωμα
1675 5610 1767 5664 τοῦ

322 5777 359 5807 "
395 5777 568 5830 Halm.
601 5792 676 5842 vr,
718 5770 808 5822 22.
889 5767 932 5795 ⁷⁷
977 5763 994 5813 1
1030 5759 1167 5811 Pelr.
1200 5773 1230 5805 ν
1253 5793 1268 5806 .
1300 5754 1350 5807 8.

1871 4528 1950 4579 οἱς
1980 4525 2127 4592 eripe
2176 4538 2278 4576 me.
2313 4519 2494 4588 Neque
2548 4518 2719 4572 solum
2747 4515 2889 4568 enim
2941 4515 3008 4568 ab
3046 4513 3313 4568 Absalone
3354 4522 3410 4566 et

1871 4613 2214 4683 Acbitopbele
2269 4625 2558 4677 eorumque
2613 4604 2935 4674 sequacibus
2999 4605 3089 4673 qui
3146 4619 3232 4656 me
3263 4615 3407 4655 nunc

1873 4706 2221 4767 adoriuntur;
2258 4701 2353 4755 sed
2394 4700 2505 4768 jam
2543 4697 2672 4751 olim
2717 4694 2933 4762 juvenis
2961 4707 3084 4746 cum
3121 4705 3318 4751 essem.
3374 4703 3405 4742 a

1873 4798 2054 4856 Saule.
2091 4804 2143 4849 et
2167 4810 2194 4847 a
2223 4793 2403 4846 multis
2432 4790 2518 4858 qui
2551 4802 2635 4841 me
2667 4787 2839 4854 ipsius
2865 4799 3024 4854 Opera
3057 4781 3193 4835 clam
3232 4778 3406 4847 impuc

1871 4887 2106 4958 gnabant
2153 4881 2503 4938 daemonibus,
2547 4877 2614 4930 de
2663 4890 2889 4944 quorum
2921 4870 3157 4939 principe
3201 4867 3404 4958 dictum

1871 4955 2354 5031 esttAdversarius
2401 4976 2562 5020 vester
2608 4962 2868 5022 diabolus,
2906 4968 3149 5025 tanquam
3204 4955 3280 5008 leo
3314 4972 3406 5007 ru-

1871 5071 2011 5136 giens
2031 5065 2211 5117 circuit
2231 5075 2461 5130 quaerens
2484 5072 2629 5125 quem
2663 5054 2865 5106 devoret
2889 5051 2954 5102 '".
2985 5049 3028 5100 A
3049 5063 3156 5117 quo
3177 5063 3404 5116 praesen.

1871 5160 1962 5211 tim
1987 5173 2071 5210 me
2092 5156 2284 5208 liberes
2308 5165 2454 5218 rogo.
3341 5145 3349 5154 '

1925 5248 2088 5300 Vnus.
2119 5246 2172 5306 4,
2198 5244 2250 5298 5.
2280 5241 2494 5294 Domine
2519 5237 2650 5289 Deus
2684 5251 2844 5294 meus,
2863 5233 2907 5286 si
2936 5233 3031 5301 feci
3060 5232 3220 5292 istud,
3256 5231 3300 5281 si
3324 5238 3400 5282 est

1873 5340 2120 5408 iniquitas
2163 5336 2215 5387 in
2249 5331 2485 5384 manibus
2529 5328 2653 5380 meis
2687 5340 2704 5378 :
2740 5327 2788 5379 si
2823 5323 3023 5378 reddidi
3067 5317 3400 5374 retribuenti-

1874 5432 1965 5485 bus
2003 5429 2126 5481 mihi
2177 5424 2338 5483 mala,
2369 5417 2607 5488 decidant
2660 5417 2841 5470 merito
2881 5415 2944 5467 ab
2999 5407 3224 5464 inimicis
3271 5419 3402 5460 mm

1871 5521 2062 5574 inanis.
2111 5514 2373 5579 Quantam
2399 5523 2465 5561 ex
2502 5507 2770 5561 oblivione
2812 5503 3128 5572 iujuriarum
3179 5509 3242 5548 ac
3267 5492 3405 5545 tole-

1871 5609 2042 5663 rantia
2073 5601 2314 5658 ﬁduciam
2347 5595 2513 5651 David
2543 5595 2787 5651 exhibet!
2823 5593 2944 5646 Haec
2973 5599 3101 5645 sane
3132 5579 3406 5650 praecipua
