3818 6346
757 364 860 418 125

1384 355 1650 415 EUSEBII
1681 346 2147 407 CIESARIENSl-S
2183 346 2328 401 OPP.
2366 345 2545 399 PARS
2580 342 2663 397 Ill.
2703 368 2771 379 —
2802 330 3345 395 EXEGETICA-

759 484 879 551 ejus
908 482 1081 537 virtus
1104 489 1215 546 est,
1245 486 1304 533 ut
1351 473 1546 544 Moysis
1587 467 1967 524 mansuetudo:
1998 465 2126 517 Erat
2155 465 2267 517 enin

1885 467 1967 520 lo:
1998 465 2126 517 Erat
2155 465 2289 517 enim
2316 471 2362 525 Α
2387 462 2572 513 Δαυῖδ’
2615 461 2687 521 ὡς
2713 458 2804 510 τοῦ
2836 459 2930 527 μὲν
2957 453 3393 511 Μωῦσέως

760 572 1062 625 mitissimus
1095 587 1245 638 super
1277 583 1445 621 omnes
1493 562 1718 613 homines
1755 559 1842 626 qui
1872 555 2209 609 morabantur
2233 555 2285 607 in

786 673 924 716 terra
940 663 1016 725 7‘;
1040 658 1324 714 Abrahami
1357 654 1517 707 ﬁdes:
1548 648 1778 703 Credidit
1806 647 1948 701 enim
1984 640 2110 706 Ded,
2141 654 2188 697 et
2208 661 2286 697 re-

653 787 668 808 .
764 763 1000 823 putatum
1033 760 1106 805 est
1136 751 1182 803 ei
1204 750 1253 800 in
1275 742 1632 813 justitiam";
1663 738 1782 792 Jobi
1814 736 2089 807 patientia.
2136 732 2288 788 Jose-

765 843 857 913 phi
902 838 1246 896 continentia,
1294 830 1594 885 Salomonis
1635 829 1916 898 sapientia.
1959 824 2116 879 Certe
2163 840 2289 878 san-

766 939 972 984 ctorum
1004 926 1215 995 egregia
1260 923 1456 984 virtus,
1501 935 1609 973 non
1639 920 1697 971 in
1723 917 1884 971 rebus
1921 915 2109 969 iisdem
2137 915 2289 967 testi-

766 1019 1001 1073 monium
1052 1013 1293 1081 accepit;
1344 1011 1435 1065 sed
1486 1010 1540 1062 in
1589 1022 1693 1077 quo
1744 1005 2052 1060 certaminis
2101 1018 2292 1073 genere

767 1104 1116 1177 przecellcbat.
1152 1100 1319 1155 David
1360 1100 1523 1169 igitur
1567 1097 1660 1168 qui
1699 1111 1911 1165 semper
1954 1096 2291 1148 tolerantiam

764 1194 1189 1260 oblivionemque
1232 1190 1552 1258 injuriarum
1584 1187 1800 1254 expetiit
1822 1224 1836 1247 ,
1868 1185 1916 1237 id
1948 1183 2087 1251 apud
2128 1182 2289 1236 Deum

766 1282 1040 1337 contendit
1067 1290 1124 1334 ut
1148 1281 1296 1349 paria
1320 1285 1700 1347 consequatur.
1744 1274 1873 1328 Nam
1909 1289 1940 1327 a
1979 1273 2178 1342 Spiritu
2211 1272 2294 1326 di-

766 1374 908 1432 vino,
925 1372 1216 1426 edidicerat
1240 1368 1473 1423 futuram
1497 1368 1640 1421 illam
1671 1365 1961 1419 Salvatoris
1987 1363 2297 1434 promissio-

770 1478 927 1517 nem:
980 1461 1038 1516 Si
1070 1460 1375 1515 dimiseritis
1404 1456 1696 1511 hominibus
1741 1463 1951 1523 peccata
1981 1471 2177 1515 eorum,
2210 1453 2293 1505 di—

769 1556 935 1607 mittet
961 1563 1007 1606 ει
1037 1552 1174 1606 vobis
1204 1550 1366 1603 Pater
1391 1558 1551 1603 vester
1580 1547 1799 1601 caelestis
1821 1545 2008 1598 delicta
2036 1554 2204 1597 vestra
2224 1544 2291 1596 8°.

771 1638 948 1703 Quare
993 1653 1113 1691 cum
1172 1644 1554 1705 congruentem
1603 1633 1859 1689 edidisset
1906 1631 2294 1702 pmnitentiam,

768 1730 977 1782 veniam
1003 1735 1327 1781 consecutus
1357 1733 1459 1780 est.

2388 547 2465 621 ἦν
2491 549 2644 616 παρὰ
2670 548 2891 611 πάντας
2913 545 3075 609 τοὺς
3115 536 3434 606 ἀνθρά

2390 640 2495 708 τῆς
2531 638 2668 708 γῆς·
2716 636 2807 688 τοῦ
2853 633 3141 706 Ἀϐραὰμ.
3224 628 3326 681 δὲ
3403 627 3434 694 'i

2390 731 2493 800 γὰρ
2531 728 2608 792 τῷ
2639 725 2775 788 Θεῷ,
2803 725 2895 777 καὶ
2918 722 3317 789 ἐλογίσθη
3358 732 3433 766 αη

2392 821 2485 873 καὶ
2523 817 2614 870 τοῦ
2653 814 2769 868 Ἰὼϐ
2801 818 2833 883 ἡ
2868 811 3219 882 καρτερία,
3271 807 3430 859 καὶ

2392 909 2484 962 καὶ
2518 911 2550 977 ὴ
2603 906 2758 973 σοφία
2804 903 2896 955 τοῦ
2946 898 3434 969 Σαλομῶντος

2396 999 2559 1065 ἁγίων
2587 997 2682 1048 οὐκ
2714 994 2804 1047 ἐπὶ
2830 995 2940 1054 τοῖς
2974 992 3221 1050 αὐτοῖς
3278 1002 3434 1055 μερ

2395 1092 2582 1158 κρατεῖ
2602 1085 2878 1154 παραδόξῳ
2899 1082 3131 1134 παλαια
3140 1095 3309 1150 ματ
3321 1095 3345 1129 ι
3360 1119 3378 1130 .
3416 1092 3434 1126 Δ

2395 1181 2483 1241 τὸς
2510 1176 2874 1247 ἁμνησίκακον
2907 1172 3117 1242 ᾔτησε,
3176 1182 3434 1237 προτε

2397 1268 2557 1324 αὑτοῦ
2600 1269 2777 1335 τυχεῖν
2822 1258 3431 1330 ὲξαιτούμενος.“ῌ

2397 1359 2701 1426 Πνεύματος
2741 1354 2836 1424 τὴν
2882 1351 3240 1422 μέλλουσαν
3301 1345 3434 1398 τοῦ

2397 1448 2668 1522 τὴν,Ἐὰν
2692 1445 2877 1514 ἀφῆτε
2909 1442 3037 1507 τοῖς
3071 1434 3434 1504 ἀνθρώπινα

2399 1541 2609 1605 αὐτῶν,
2634 1536 2849 1605 ἀφήσει
2876 1532 2973 1586 καὶ
2998 1529 3176 1598 ὑμῖν
3214 1530 3260 1579 ό
3298 1527 3430 1576 Πα

2400 1631 2471 1683 τὰ
2501 1623 2928 1694 παραπτώματα
2958 1617 3182 1686 ὑμῶν.
3216 1610 3344 1665 Διὸ
3383 1628 3434 1680 μ

2402 1732 2548 1770 νοιαν
2581 1715 2734 1783 ἔτυχε
2768 1713 2865 1781 τῆς
2903 1709 3217 1776 ἀφέσεως.

843 1816 1008 1871 Vens.
1038 1818 1090 1870 6.
1131 1816 1480 1885 Persequatur
1517 1814 1757 1867 inimicus
1787 1813 2017 1865 animam
2044 1826 2228 1870 meam,
2252 1819 2299 1861 et
2333 1799 2351 1853 1

1925 1828 2017 1864 ιαηι
2044 1826 2228 1870 meam,
2252 1819 2299 1861 et
2333 1799 2375 1853 Β
2466 1803 2819 1867 Καταδιώξαι
2857 1800 2967 1868 ἄρα
2993 1801 3027 1851 ὁ
3056 1794 3342 1885 ἐχθρος
3390 1808 3433 1844 τ

771 1904 1187 1974 comprehendat,
1219 1915 1264 1958 et
1294 1904 1560 1957 conculcet
1591 1906 1645 1956 in
1677 1912 1820 1955 terra
1847 1903 2006 1955 vitam
2031 1916 2219 1963 meam,
2250 1909 2299 1951 et

772 1999 995 2068 gloriam
1048 2012 1213 2049 meam
1255 1997 1310 2047 in
1337 1995 1593 2062 pulverem
1639 1992 1879 2045 deducat.
1933 1991 2184 2044 Pluribus
2228 1990 2307 2042 ita

773 2086 953 2140 verbis
982 2086 1237 2138 insistens
1266 2085 1372 2137 ait:
1412 2081 1466 2135 Si
1492 2098 1607 2136 eam
1632 2097 1745 2135 rem
1779 2096 1886 2136 non
1913 2081 2081 2150 probe
2100 2080 2301 2149 egerim

774 2191 842 2230 ne
870 2192 898 2227 a
927 2182 1146 2243 peccato
1196 2180 1320 2227 ante
1365 2172 1570 2225 obitum
1618 2170 1831 2238 eripiar,
1878 2185 2051 2239 neque
2080 2169 2303 2239 gloriam

774 2279 946 2318 meam
984 2262 1269 2332 recipiam;
1300 2261 1393 2315 sed
1424 2261 1477 2313 in
1510 2260 1642 2329 ipsis
1659 2259 1863 2314 delictis
1879 2258 2315 2329 comprehendar,

774 2363 834 2407 ut
866 2353 1116 2407 inimicus
1150 2366 1322 2414 meus,
1369 2350 1591 2420 perinde
1634 2358 1794 2417 atque
1823 2349 1877 2401 in
1904 2353 2024 2417 ipso
2051 2347 2304 2417 peccandi

773 2455 1033 2510 tempore,
1062 2441 1295 2492 animam
1343 2454 1513 2492 meam
1553 2452 1764 2506 semper
1794 2437 2092 2500 conculcet,
2136 2436 2306 2490 donec

776 2546 839 2584 ea
872 2531 925 2583 in
957 2530 1226 2599 pulverem
1252 2527 1441 2581 mortis
1475 2533 1792 2580 revertatur.
1820 2524 1916 2579 Sin
1942 2534 2128 2579 contra
2146 2525 2308 2593 probe

776 2634 863 2672 me
886 2617 1162 2686 gesserim,
1196 2615 1502 2683 redemptus
1525 2629 1587 2668 ea
1615 2629 1734 2681 quae
1750 2629 1844 2682 par
1871 2620 1954 2668 est
1982 2627 2307 2680 consequar,

777 2721 951 2775 neque
982 2707 1036 2758 in
1065 2706 1335 2774 pulverem
1377 2705 1582 2773 peccati
1613 2703 1866 2765 carnalis,
1896 2703 1948 2755 in
1979 2717 2135 2772 quem
2164 2701 2311 2755 dela-

779 2812 911 2868 psus
936 2812 1075 2858 sum,
1107 2807 1466 2863 permaneam.
1502 2790 1622 2844 Vita
1646 2791 1764 2859 ejus
1789 2792 1882 2859 qui
1908 2790 2106 2844 terreni
2140 2789 2312 2841 homi-

783 2888 870 2941 nis
900 2886 1181 2954 imaginem
1213 2884 1365 2953 gerit,
1396 2882 1462 2935 ab
1496 2881 1714 2935 inimico
1747 2882 1804 2934 in
1832 2889 1974 2934 terra
2000 2879 2310 2933 conculcata

784 2984 882 3029 est.
950 2972 1302 3039 Quamobrem
1348 2970 1457 3034 ille,
1489 2969 1697 3024 etiamsi
1743 2969 1984 3022 videatur
2028 2966 2313 3035 aliquando

784 3065 952 3134 gloria
979 3063 1134 3125 allici,
1179 3070 1412 3115 attamen
1451 3060 1620 3130 gloria
1638 3059 1756 3127 ejus
1784 3060 1841 3112 in
1884 3058 2100 3127 pulvere
2131 3056 2309 3123 jacet;

783 3154 970 3222 quales
1002 3161 1128 3207 sunt
1173 3152 1263 3220 qui
1304 3151 1485 3220 gloria:
1519 3163 1684 3203 causa
1724 3155 1907 3218 agunt,
1939 3145 2125 3200 laudes
2153 3160 2312 3214 expe-

785 3248 925 3301 tunt,
970 3240 1051 3293 vel
1084 3238 1378 3292 mercedem
1411 3238 1477 3291 ab
1504 3237 1813 3290 hominibus
1853 3242 2208 3304 aucupantur.

856 3327 1018 3383 Vens.
1041 3329 1091 3391 7,
1118 3327 1169 3381 8.
1201 3326 1454 3395 Exsurge,
1479 3326 1718 3389 Domine,
1731 3326 1784 3377 in
1799 3325 1879 3377 ira
1894 3324 1985 3376 tua
2012 3332 2060 3376 et
2088 3324 2318 3376 exaltare

784 3418 840 3471 in
881 3419 1070 3485 ﬁnibus
1122 3418 1450 3469 inimicorum
1521 3426 1744 3469 tuorum.
1804 3414 2056 3484 Exsurge,
2104 3413 2320 3466 Domine

789 3509 923 3562 Deus
957 3523 1119 3568 meus,
1150 3507 1201 3558 in
1231 3514 1482 3572 prmeepto
1514 3505 1648 3573 quod
1674 3504 1957 3567 mandasti,
1988 3514 2035 3556 et
2060 3520 2320 3573 synagoga

790 3596 1100 3666 populorum
1145 3591 1484 3645 circumdabit
1536 3602 1602 3644 te.
1644 3591 1925 3644 Dominum
1956 3592 2220 3652 hortatur,
2262 3600 2320 3644 ut

789 3685 956 3739 veluti
987 3684 1095 3735 dux
1137 3681 1406 3735 exercitus
1448 3695 1569 3732 cum
1628 3679 1991 3748 indignatione
2029 3686 2320 3748 consurgat

790 3775 1050 3827 adversus
1074 3770 1367 3839 principem
1396 3767 1662 3821 exercitus
1694 3767 2039 3821 invisibilium
2076 3768 2318 3821 inimico—

791 3876 934 3922 rum,
961 3860 1040 3913 sic
1076 3872 1198 3911 eum
1231 3854 1593 3923 compellans:
1637 3852 1718 3907 Tu
1753 3855 1887 3922 ipse,
1913 3855 2003 3923 qui
2038 3854 2196 3909 nobis
2224 3854 2320 3906 bo-

792 3948 1028 4004 minibus
1073 3944 1372 4015 praecepisti
1426 3951 1484 3997 ut
1520 3951 1913 4006 concertemus,
1960 3941 2193 4012 idipsum
2239 3941 2321 3996 fa-

794 4041 919 4094 cito.
974 4037 1044 4091 lis
1071 4036 1210 4089 enim
1243 4034 1339 4087 abs
1367 4041 1417 4086 te
1448 4031 1644 4101 fugatis
1668 4046 1731 4085 ac
1762 4032 1974 4096 deletis,
2006 4046 2105 4101 ego
2140 4033 2320 4086 salvus

794 4144 926 4192 ero;
958 4141 1130 4195 neque
1158 4126 1328 4186 solus,
1373 4124 1465 4177 sed
1498 4124 1656 4177 etiam
1695 4121 1932 4177 Ecclesia
1968 4138 2035 4177 ex
2072 4123 2320 4192 gentibus

793 4214 1146 4270 circumdabit
1179 4219 1253 4275 te,
1295 4211 1568 4265 eliminata
1596 4210 1799 4264 scilicet
1825 4210 1969 4263 omni
2015 4210 2319 4265 daemonum

794 4318 995 4359 errore.
1049 4301 1106 4354 in
1144 4302 1233 4354 illa
1263 4314 1391 4354 sane
1417 4300 1564 4353 velut
1606 4299 1661 4351 in
1689 4299 1857 4351 choro
1898 4297 2105 4354 medius
2133 4301 2317 4354 consi-

797 4406 945 4451 stens
983 4393 1237 4462 hymnum
1286 4393 1497 4446 emittes
1525 4388 1669 4444 Patri
1720 4397 1833 4453 tuo,
1864 4391 2317 4459 quemadmodum

797 4485 1014 4543 dixisti:
1065 4482 1307 4535 Narrabo
1362 4497 1547 4534 nomen
1594 4488 1738 4533 tuum
1785 4480 2038 4548 fratribus
2086 4482 2231 4546 meis,
2267 4484 2323 4536 in

797 4576 965 4631 medio
992 4573 1238 4625 Ecclesia:
1268 4571 1497 4624 laudabo
1528 4570 1656 4622 te“.

869 4684 1033 4737 Vsus.
1057 4681 1109 4735 9.
1146 4679 1210 4732 Et
1231 4687 1437 4747 propter
1467 4678 1597 4731 hanc
1625 4679 1677 4730 in
1709 4676 1870 4731 altum
1894 4678 2172 4746 regredere,
2216 4679 2325 4732 Do-

801 4778 972 4830 minus
1009 4771 1269 4842 judicabit
1304 4770 1537 4838 populos.
1568 4769 1771 4826 .Judica
1818 4786 1917 4832 me,
1957 4770 2196 4833 Domine,
2242 4787 2324 4824 se-

805 4866 1026 4919 cundum
1059 4862 1324 4932 justitiam
1369 4870 1531 4923 tuam,
1563 4870 1611 4913 et
1648 4859 1927 4914 secundum
1974 4862 2323 4914 innocentiam

805 4968 969 5004 meam
991 4967 1141 5019 super
1173 4965 1272 5002 me.
1307 4948 1567 5014 Quoniam
1611 4964 1796 5003 omnes
1841 4956 2116 5003 creaturas
2158 4950 2325 5004 addu—

808 5048 892 5095 cet
927 5039 1067 5093 Deus
1107 5042 1162 5092 in
1189 5040 1470 5108 judicium,
1517 5049 1835 5110 oportetque
1878 5038 2158 5094 universos
2203 5048 2326 5093 ante

809 5125 1005 5181 Christi
1033 5127 1264 5179 tribunal
1298 5128 1442 5191 sisti,
1491 5144 1612 5184 cum
1654 5129 1931 5183 didicisset
1961 5126 2127 5180 David
2177 5126 2323 5180 futu-

810 5230 926 5267 rum
957 5229 1076 5266 esse
1107 5222 1163 5264 nt
1202 5217 1456 5270 mundum
1486 5220 1690 5287 judicet
1730 5220 1782 5272 in
1808 5217 2037 5286 justitia,
2068 5224 2121 5269 et
2156 5230 2326 5283 popu-

814 5302 892 5354 los
922 5301 975 5353 in
1010 5299 1277 5366 aequitate,
1307 5302 1425 5366 jure
1461 5306 1570 5359 ait:
1613 5303 1713 5358 Mei
1750 5316 1961 5372 quoque
1988 5299 2149 5367 judex
2183 5308 2322 5361 esto,

814 5389 1055 5449 Domine.
1087 5403 1195 5440 non
1224 5392 1511 5445 secundum
1544 5396 1778 5464 reliquas
1800 5392 2135 5462 operationes
2159 5401 2323 5448 meas,

816 5476 910 5532 sed
938 5476 1227 5530 secundum
1251 5476 1641 5548 simplicitatem
1667 5494 1720 5539 et
1753 5481 2015 5552 justitiam
2042 5486 2255 5541 meam.;

2399 1892 2711 1948 καταλάϐοι
2754 1891 2851 1943 καὶ
2901 1881 3411 1948 καταπατῆσαι

2393 2002 2530 2053 μου,
2562 1983 2658 2035 καὶ
2696 1980 2806 2047 τὴν·
2833 1977 3018 2040 δόξαν
3042 1991 3194 2042 μου
3228 1974 3347 2035 εἰς
3376 1989 3433 2038 χ

2399 2071 2793 2139 Διατεινόμενος
2817 2068 2871 2119 δέ
2899 2078 3066 2133 φησιν
3089 2078 3109 2092 ο
3146 2062 3227 2113 Εἰ
3267 2060 3363 2129 μὴ
3407 2076 3434 2109 ›

2402 2157 2810 2228 ὲλευθερωθείην
2839 2153 2945 2223 πρὸ
2965 2150 3064 2204 τοῦ
3102 2149 3400 2202 θανάτου

2400 2248 2495 2318 τὴν
2527 2248 2661 2317 ἐμὴν
2682 2240 3225 2312 ἀπολάϐοιμιδόξαν,
3259 2241 3331 2290 ὲν
3368 2239 3434 2289 αἱ

2405 2339 2590 2408 φθείην
2615 2339 2732 2398 ταῖς
2762 2333 3077 2403 ἁμαρτίαις,
3124 2330 3208 2382 ἵν’
3256 2330 3350 2391 ὡς
3388 2330 3434 2381 δ’

2404 2447 2491 2501 χρι
2524 2427 2714 2487 παντὸς
2740 2424 2835 2494 τὴν
2869 2422 3005 2492 ἐμὴν
3031 2423 3062 2472 ὁ
3098 2418 3423 2488 δυσμενὴς

2409 2518 2564 2588 μέχρι
2614 2513 2706 2566 τοῦ
2751 2515 2828 2575 εἰς
2876 2510 3001 2580 χοῦν
3028 2507 3434 2578 ὑποστρέψαι

2406 2606 2681 2677 τώρθωσα,
2709 2603 2919 2671 τύχοιμι
2960 2599 3076 2650 τῶν
3112 2598 3265 2651 ἴσων
3295 2598 3434 2667 λυτε

2407 2696 2465 2747 ὃν
2498 2693 2555 2759 ἐξ
2592 2692 2859 2762 ἁμαρτίας
2885 2689 3186 2741 κατέπεσα
3226 2687 3379 2757 χοῦν
3412 2688 3434 2738 ἐ

2409 2786 2509 2854 κῆς
2553 2783 2837 2853 ἁμαρτίας.
2856 2782 2917 2833 'H
2945 2779 3058 2849 ζωὴ
3095 2778 3204 2831 τοῦ
3234 2778 3324 2831 ἔτι
3357 2778 3433 2845 τὴ

2410 2870 2693 2940 φοροῦντος
2744 2868 3219 2937 καταπεπάτηται
3271 2865 3390 2917 ὑπὸ
3423 2882 3434 2899 υ

2410 2956 2556 3022 οὗτος
2581 2960 2655 3022 δὲ,
2686 2957 2785 3011 κᾶν
2828 2954 3155 3022 δοξάζεσθαι
3215 2954 3361 3007 ποτὲ
3416 2955 3434 3006 ἰ

2414 3050 2573 3105 αὑτοῦ
2605 3053 2637 3121 ὴ
2663 3049 2788 3115 δόξα
2820 3049 2898 3110 εἰς
2925 3046 3081 3117 χοῦν,
3112 3048 3196 3110 ὼς
3226 3046 3347 3099 τῶν
3377 3063 3434 3097 πη

2417 3146 2507 3198 καὶ
2534 3145 2622 3196 τὸν
2651 3140 2776 3213 παρ’
2806 3138 2979 3191 αὐτῶν
3009 3137 3271 3201 ἔπαινον,
3309 3136 3345 3207 ἢ
3378 3138 3434 3187 τ’)

2415 3236 2590 3304 δοχὴν.

2498 3325 2817 3391 Ἀνάστηθι,
2851 3322 3039 3388 Κύριε,
3077 3321 3151 3374 ἐν
3182 3319 3269 3387 τῇ
3297 3319 3434 3389 ὀργῇ

2416 3414 2535 3478 τοῖς
2562 3412 2772 3480 πέρασι
2790 3409 2906 3464 τῶν
2931 3409 3172 3478 ἐχθρῶν
3195 3426 3338 3463 σου.
3357 3411 3434 3462 ’Ea

2420 3504 2560 3569 Θεός
2583 3519 2720 3571 μου,
2758 3501 2827 3553 ὲν
2858 3498 3272 3567 προστάγματι
3297 3492 3346 3564 ᾧ
3382 3500 3433 3551 ἐι

2418 3593 2611 3665 artari;
2643 3590 2804 3646 λαῶν
2831 3587 3138 3642 κυκλώσει
3165 3603 3260 3645 σε.
3293 3585 3398 3642 Οἷα

2419 3685 2673 3754 ναστῆναι
2723 3682 2815 3733 σὺν
2866 3679 3241 3747 ἀγανακτήσει
3270 3678 3413 3731 κατὰ

2420 3774 2685 3844 πολεμίων
2711 3770 2961 3839 ἄρχοντος
2994 3767 3389 3836 στρατοπέδου,
3424 3768 3434 3819 1

2420 3866 2653 3938 θρώποις
2706 3863 2833 3930 ἡμῖν
2884 3856 3226 3927 προσέταξας
3272 3859 3434 3926 aiwa

2421 3950 2658 4027 ἀοράτων
2680 3949 2975 4018 δυνάμεων,
3000 3948 3161 4000 τοῦτο
3191 3948 3382 4018 δράσον
3413 3966 3434 4001 a

2421 4047 2523 4101 ὑπὸ
2562 4043 2652 4097 σοῦ
2686 4037 3090 4110 καθῃρημένων,
3124 4038 3271 4106 κάγὼ
3316 4039 3434 4090 σωθι

2421 4135 2554 4192 ἀλλὰ
2576 4133 2683 4186 -καὶ
2728 4133 2761 4200 ἠ
2789 4128 2893 4180 τῶν
2927 4125 3089 4180 ἐθνῶν
3126 4128 3407 4196 Ἐκκλησία

2423 4245 2519 4297 σης
2542 4222 2802 4294 δαιμόνων
2827 4217 3027 4286 πλάνης
3051 4217 3434 4286 ἀπελασθείσης.

2424 4334 2526 4388 περ
2550 4312 2706 4385 χοροῦ
2741 4311 2899 4382 μέσος
2925 4309 3197 4377 γενόμενος
3224 4307 3379 4377 ὕμνον
3422 4324 3434 4360 ι

2351 4417 2394 4470 ι)
2419 4424 2584 4460 ποντα
2612 4403 2687 4473 τῷ
2714 4400 2882 4469 Πατρὶ
2910 4397 3146 4469 καθάπερ
3173 4397 3300 4467 ἔφης
3319 4415 3332 4428 ⁸
3380 4401 3434 4451 14.

2418 4496 2502 4565 μά
2537 4509 2650 4547 σου
2690 4491 2811 4555 τοῖς
2846 4487 3115 4555 ἀδελφοῖς
3136 4506 3266 4557 μου,
3295 4489 3358 4540 ἐν
3380 4505 3434 4555 με

2423 4585 2668 4654 ὑμνήσω
2698 4598 2787 4636 σε.

2493 4671 2601 4725 Καὶ
2620 4670 2767 4736 ὑπὲρ
2793 4668 3006 4732 ταύτης
3030 4669 3108 4732 εἰς
3130 4668 3272 4736 ὕψος
3308 4669 3434 4721 ἐπίσ

2424 4760 2610 4829 κρινεῖ
2627 4759 2828 4822 λαούς.
2855 4755 3060 4823 Κρῖνόν
3081 4774 3170 4825 με,
3189 4759 3362 4825 Κύριε,
3394 4774 3434 4809 xi

2424 4852 2618 4915 σύνην
2655 4864 2787 4908 σου,
2810 4844 2908 4897 καὶ
2945 4845 3080 4898 κατὰ
3114 4844 3217 4912 τὴν
3251 4847 3434 4900 ἀκακία

2431 4937 2641 5006 Ἐπειδὴ
2688 4936 2792 4987 πᾶν
2836 4934 2897 4985 τὸ
2937 4933 3124 5003 ποίημα
3153 4935 3255 5000 ἄξει
3284 4938 3308 4987 ὁ
3331 4936 3434 4995 Θεὸς

2418 5030 2541 5088 τοὺς
2569 5026 2769 5084 πάντας
2791 5022 2868 5074 δεῖ
2892 5024 3198 5093 παραστῆναι
3223 5022 3291 5092 τῷ
3316 5023 3434 5094 βήμο

2422 5116 2637 5174 εἰκότως
2660 5110 2842 5181 μαθὼν
2867 5114 2895 5164 ὁ
2926 5111 3089 5175 Δαυτδ,
3116 5114 3184 5166 ὃτι
3207 5114 3361 5182 μέλλει
3381 5130 3434 5181 κρ

2426 5205 2586 5274 μένην
2618 5204 2674 5253 ὲν
2705 5201 3009 5273 δικαιοσύνῃ
3048 5202 3127 5254 καὶ
3166 5201 3300 5262 λαοὺς
3325 5202 3373 5251 ὲν
3394 5199 3434 5250 εἰ

2427 5293 2574 5362 φησι,
2609 5289 2783 5358 κάμοῦ
2812 5291 3017 5361 κριτὴς,
3040 5284 3078 5341 ὦ
3115 5289 3274 5357 Κύριε,
3304 5287 3366 5356 μὴ
3407 5304 3434 5338 κ

2429 5398 2524 5450 μου
2550 5378 2790 5449 πράξεις,
2808 5380 2941 5434 ἀλλὰ
2961 5378 3086 5435 κατὰ
3100 5377 3181 5447 τὴν
3196 5375 3426 5446 ἁπλότητά

2427 5486 2604 5539 συνην.

915 5670 961 5701 ⁷⁸
998 5666 1153 5723 Nm.
1187 5685 1296 5739 ιιι,
1328 5671 1379 5726 5.
1451 5674 1494 5708 ⁷³
1531 5672 1659 5729 Gen.
1696 5690 1793 5737 xv,
1831 5674 1881 5728 6.
1958 5673 2001 5703 '°
2042 5667 2223 5722 Matth.
2259 5680 2308 5719 vr
2332 5703 2345 5729 ,
2380 5663 2423 5717 il

1531 5672 1659 5729 Gen.
1696 5690 1793 5737 xv,
1831 5674 1881 5728 6.
1958 5673 2001 5703 '°
2042 5667 2223 5722 Matth.
2259 5680 2308 5719 vr
2332 5703 2345 5729 ,
2380 5663 2463 5719 ιι.
2540 5662 2583 5694 ⁸⁸
2625 5661 2763 5719 Psal.
2800 5678 2921 5729 ιιι,
2955 5664 3039 5720 25.
