3818 6340
120 420 187 478 τίς,
1293 399 1735 466 COMMENTAB]

1838 400 1890 455 [Ν
1922 401 2256 458 PSALMOS.

3256 410 3356 466 126

173 491 644 584 βιθτελεσθήτω
674 498 763 569 δὴ
801 513 1093 577 πονηρία
1126 514 1474 580 ἁμαρτωλῶν
1509 515 1603 567 καὶ
1641 530 1735 566 κα-

1915 513 2075 569 Vens.
2112 515 2200 578 10,
2237 515 2324 568 Η.
2351 513 2698 567 Consumatur
2719 517 2944 583 nequitia
2965 527 3285 570 peccatorum
3311 527 3361 571 et

138 585 409 672 πάθω-εἷς
450 585 726 655 δίκαιον,
752 595 1002 658 ἑτάζῒυν
1029 603 1274 670 καρδίας
1303 606 1398 657 καὶ
1425 605 1674 673 νεφροὺς
1704 608 1736 657 ό

149 674 778 754 ῂρςῧῖἰπιστημονικδν
827 691 935 740 καὶ
987 693 1132 759 μέγα
1166 693 1225 744 τὸ
1266 693 1436 764 πέρας
1478 693 1736 747 αἰτεῖσθαι

185 771 392 847 ηρβὲσῆαι
424 773 647 836 κακίας,
688 775 1049 849 κυϐέρνησιν
1093 782 1148 834 δὲ
1189 781 1264 850 τῷ
1296 783 1483 852 δικαίῳ
1515 784 1644 853 πρὸς
1679 784 1738 835 τὸ

209 868 360 936 μηκέτι
407 865 787 935 χειμάζεσθαι.
819 869 966 938 Περῖ⁹
1019 872 1410 943 δικαιοκρισίας
1453 873 1616 926 εἰπὼν
1644 872 1736 925 τοῦ

205 955 324 1013 Θεοῦ,
349 955 498 1024 μόνον
535 955 749 1006 δίκαιον
783 957 1088 1025 ἀποφαίνει
1129 960 1337 1027 κριτὴν,
1359 959 1432 1021 ὡς
1460 959 1736 1028 καὶομόνον

195 1047 374 1116 ὁρῶντα
396 1046 614 1116 καρδίας
634 1062 648 1075 ·
681 1047 852 1109 αὐτὸς
886 1047 1000 1118 γὰρ
1032 1048 1346 1101 ἀποδίδωσιν
1371 1049 1576 1118 ἑκάστῳ
1599 1048 1736 1100 κατὰ

193 1138 250 1188 τὰ
282 1138 407 1206 ἔργα
438 1135 991 1203 αύτοῦ.Ἀνθρωπος
1025 1137 1122 1206 μὲν
1154 1138 1258 1206 γὰρ
1302 1139 1388 1201 είς
1433 1138 1574 1204 ὄψιν
1593 1136 1732 1206 ὁρᾷς

184 1227 330 1287 αὐτὸς
349 1227 402 1278 δὲ
432 1225 681 1296 κριτικὸς
706 1226 860 1278 ἐστιν
889 1225 1235 1294 ἐνθυμήσεων
1258 1226 1349 1278 καὶ
1369 1227 1577 1278 ἐννοιῶν
1604 1244 1736 1298 καρ-

147 1314 304 1377 δὲξις·
342 1317 443 1367 οὐκ
472 1315 591 1366 ἐστι
627 1316 816 1384 κρίσις
847 1314 1060 1383 ἀφανὴς
1085 1314 1308 1366 ἐνώπιον
1339 1315 1520 1368 αὐτοῦ.
1550 1316 1734 1368 Τοιοῦ-

113 1422 236 1456 ι-οΗ
259 1404 447 1467 δείξας
476 1405 570 1456 τὸν
600 1405 759 1468 Θεὸν,
789 1404 1326 1474 πεπαῤῥησιασμένῳ
1355 1405 1605 1457 συνειδότι
1633 1423 1734 1474 φη-

106 1496 230 1546 σί’-δ
250 1512 265 1523 ο
313 1496 378 1547 Ἠ
399 1493 662 1558 βοήθειά
689 1511 810 1562 μου
843 1493 1002 1559 παρὰ
1031 1492 1136 1546 τοῦ
1165 1493 1309 1546 Θεοῦ
1334 1495 1435 1547 τοῦ
1455 1494 1736 1560 σώζοντος

106 1585 300 1649 το-ὺς
339 1584 534 1648 εὑθεῖς
562 1585 638 1650 τῇ
666 1584 902 1651 καρδίᾳ.
926 1585 1150 1654 Χρηστὰ
1179 1584 1285 1654 γὰρ
1313 1582 1514 1646 ἐλπίζει
1538 1586 1622 1638 διὰ
1647 1587 1735 1639 τὸν

102 1669 415 1730 ἑτςὰζοντα
447 1670 692 1738 καρδίας
729 1672 825 1722 καὶ
859 1672 1110 1740 νεφροὺς,
1156 1671 1229 1734 ὡς
1263 1671 1326 1740 δὴ
1367 1672 1570 1725 σκολιὸν
1601 1673 1736 1742 ἔχων

96 1760 302 1811 ούὲὲν
332 1762 389 1811 ἐν
420 1760 646 1830 καρδίᾳ.

228 1849 377 1903 Ἐὰν
422 1849 514 1916 μὴ
564 1851 1002 1919 ἐπιστραφῆτε,
1055 1854 1166 1920 τὴν
1205 1854 1503 1920 ῥομφαίαν
1549 1851 1732 1904 αὑτοῦ

95 1938 476 1993 σΓ-ιλϐώσει
503 1957 517 1968 ·
574 1940 644 1992 τὸ
690 1941 874 2004 τόξον
895 1943 1080 1995 αὐτοῦ
1103 1942 1352 1994 ἐνέτεινε
1378 1943 1481 1993 καί
1497 1943 1732 2008 ἡτοίμα-

100 2046 260 2083 σεν
304 2031 478 2082 αὐτό.
517 2031 753 2098 Μήποτε
803 2032 1376 2100 παρασεσιωπημένως
1415 2031 1580 2083 ταῦτα
1610 2031 1733 2100 περὶ

104 2119 244 2173 το-ῖῦ
293 2119 553 2171 διαϐόλου
599 2121 856 2187 λέγεται·
888 2116 1042 2183 οὗτος
1081 2121 1187 2190 γὰρ
1233 2120 1367 2190 πρὸς
1403 2121 1618 2182 τούτους
1646 2121 1733 2172 καὶ

111 2211 420 2278 ἀείνησεν
452 2211 696 2273 ἀδικίαν,
735 2212 831 2263 καὶ
857 2211 922 2263 τὰ
956 2211 1098 2280 ἑξῆς.

241 2300 388 2352 Ἰδοὺ
425 2300 734 2365 ὠδίνησεν
773 2301 1030 2365 ἀδικίαν,
1074 2301 1366 2355 συνέλαϐε
1402 2303 1606 2365 πόνον,
1639 2303 1732 2355 καὶ

133 2393 206 2444 Er
233 2404 366 2438 εκεν
411 2388 696 2454 ἀνομίαν.
731 2387 971 2440 Αάκκον
1024 2388 1210 2454 ὤρυξε
1258 2389 1354 2440 καὶ
1394 2387 1734 2456 ἀνέσκαψεν

146 2477 370 2539 αεττέν,
405 2477 882 2544 καί-ἐμπεσεῖται
918 2480 1006 2541 εις
1031 2478 1255 2544 βόθρον
1297 2478 1368 2531 ὂν
1405 2470 1730 2546 εἰργάσατο.

164 2568 549 2633 Ἐ’πιστρέψει
585 2570 618 2619 ό
651 2569 840 2630 πόνος
867 2567 1055 2619 ἀὑτοῦ
1098 2571 1183 2632 εἰς
1222 2568 1489 2635 κεφαλὴν
1532 2569 1730 2631 αὑτοῦ,

173 2657 276 2708 καὶ
307 2656 397 2707 ἐπὶ
437 2657 717 2724 κορυφὴν
743 2657 931 2709 αὑτοῦ
967 2658 1005 2724 ἡ
1033 2657 1233 2710 ἀδικία
1262 2659 1443 2711 αὑτοῦ
1485 2658 1733 2723 καταϐή-

184 2761 364 2798 σεται.
401 2747 582 2798 Ταῦτα
656 2746 837 2816 ῥητῶς
898 2746 985 2797 ἐπ’
1031 2741 1306 2816 Ἀχίτόιρελ
1370 2748 1730 2818 πεπλήρωται.

188 2836 671 2906 Παρευδοκιμηθεὶς
714 2838 824 2906 γὰρ
867 2838 972 2889 ὑπὸ
1017 2837 1109 2889 τοῦ
1139 2838 1327 2900 Χουσὶ,
1357 2839 1448 2889 καὶ
1485 2836 1554 2888 τὰ
1594 2837 1732 2906 πρά-

189 2944 362 2994 γματα
390 2928 479 2978 τοῦ
518 2927 895 2996 Ἀϐεσσαλὼμ,
927 2928 1002 2990 ὡς
1029 2928 1092 2998 δὴ
1127 2928 1303 2995 σοφὸς,
1338 2928 1617 2995 ἀπογνοὺς,
1642 2927 1734 2978 καὶ

191 3015 287 3083 τὴν
332 3018 617 3085 μέλλουσαν
668 3019 733 3068 ὲκ
781 3015 874 3068 τοῦ
909 3015 1068 3066 Δαυῒὸ
1099 3015 1423 3084 φοϐούμενθς
1459 3015 1628 3082 δίκην’
1656 3013 1733 3064 οῖ’

195 3107 317 3158 κτιδε
361 3109 716 3177 ἀναχωρήσας
763 3106 1063 3177 ἀπήγξατο,
1108 3105 1291 3158 παθὼν
1335 3105 1474 3174 άπερ
1512 3104 1734 3155 ἐπεϐού-

195 3196 308 3247 λευε
354 3198 533 3252 παθεῖν
571 3200 662 3250 τὸν
702 3199 885 3261 Δαυῒδ,
916 3198 1008 3250 καὶ
1053 3197 1150 3266 τὴν
1194 3195 1312 3247 κατ’
1343 3193 1503 3246 (3ιύτοὖ
1546 3195 1737 3246 κακίαν

193 3286 288 3337 ἐπὶ
318 3288 404 3357 τὴν
437 3289 598 3341 αὐτοῦ
631 3290 878 3357 κεφαλὴν
913 3285 1246 3356 ἀπεμάξατο.
1295 3284 1402 3337 Καὶ
1431 3283 1651 3336 καθόλου
1683 3283 1738 3334 δὲ

191 3377 302 3436 πᾶς
328 3376 386 3427 δι’
411 3371 482 3430 ὧν
507 3378 802 3448 εἰργάσατο
833 3376 1014 3429 κακῶν
1050 3375 1168 3428 καθ’
1198 3373 1384 3426 ἑαυτοῦ
1424 3373 1518 3442 τὴν
1557 3373 1738 3441 ψῆφον

178 3458 258 3512 ἐν
283 3465 443 3534 ἡμέρᾳ
475 3466 713 3534 κρίσεως
745 3465 918 3535 φέρει.

279 3552 808 3621 Ἐξομολογήσομαι
840 3551 919 3615 τῷ
959 3551 1151 3617 Κυρίῳ
1182 3549 1330 3603 κατὰ
1370 3547 1483 3614 τὴν
1525 3547 1740 3599 δικαιο-

157 3640 377 3706 σ-ὐνην
401 3643 605 3704 αὐτοῦ,
643 3640 825 3709 ψαλῶ
853 3641 930 3704 τῷ
959 3641 1197 3707 ὀνόματι
1223 3639 1439 3703 Κυρίου
1465 3637 1567 3690 τοῦ
1589 3637 1737 3703 Ὑψί-

147 3741 349 3784 ς-ττου.
367 3733 446 3793 Ὠς
470 3732 526 3784 δὲ
562 3731 756 3801 μηδενὶ
782 3731 940 3791 αὐτὸς
967 3728 1365 3790 ἐπιϐουλεύσας,
1393 3728 1522 3796 μηδὲ
1544 3726 1739 3778 λάκκον

176 3815 388 3886 δι-ρῦξας,
431 3821 690 3892 παρορῶν
741 3821 800 3872 δὲ
845 3822 969 3882 τοὺς
1015 3817 1330 3880 ἀδικοῦντας
1378 3816 1482 3869 τῶν
1533 3817 1737 3870 ἀσεϐῶν

211 3901 553 3981 ἃπολλυμένων
604 3912 667 3962 ὲν
723 3909 940 3978 κρίσει,
974 3906 1540 3975 Ἐξομολογήσομαι,
1585 3907 1734 3976 φησὶ,

211 3992 269 4057 τῷ
283 4003 462 4069 Κιιρίῳ
482 4003 639 4054 κατὰ
665 4000 784 4067 τὴν
803 3999 1193 4064 δικαιοσύνην
1215 3998 1398 4050 αὐτοῦ
1422 4015 1434 4028 ο
1464 3999 1541 4050 Τὰ
1569 3999 1735 4066 ἐμαυ-

205 4081 275 4134 τοῦ
298 4091 468 4142 δίκαια
507 4089 768 4157 καθάπερ
799 4090 857 4140 ὲν
879 4089 1208 4157 δικαστηρίῳ
1237 4085 1452 4157 προθείς
1472 4102 1484 4115 ⁸
1517 4085 1612 4138 καὶ
1633 4087 1736 4151 ψα⁴

198 4167 268 4221 λῶ
304 4180 365 4230 δὲ
404 4179 482 4243 τῷ
507 4181 760 4246 ὀνόματι
787 4178 1007 4244 Kvplov
1029 4176 1134 4228 τοῦ
1156 4177 1444 4243 ὑψίστου·
1476 4173 1736 4226 πιστεύων

197 4269 678 4340 καταξιωθήσεσθαι
704 4267 798 4319 τού
827 4265 987 4336 χοροῦ
1015 4265 1120 4319 τῶν
1150 4267 1276 4334 παρ’
1308 4261 1468 4318 αὐτοῦ
1501 4260 1734 4330 σωζομέε

192 4361 299 4408 νων.

567 4466 872 4520 ΨΑΛΜΟΣ
909 4465 994 4517 ΤΩ
1031 4465 1223 4516 ΔΑΥῙΔ
1261 4466 1340 4519 H'.

459 4582 561 4644 Είς
598 4580 667 4632 τὸ
701 4579 879 4642 τέλος
915 4577 1067 4644 ὑπὲρ
1099 4577 1213 4629 τῶν
1241 4577 1461 4646 ληνῶν.

254 4690 329 4743 Τὰ
356 4695 445 4746 ἐπὶ
481 4698 547 4764 τῇ
584 4690 871 4760 συντελείᾳ
901 4689 995 4743 νῦν
1029 4691 1135 4741 τῶν
1166 4688 1370 4741 αἰώνων
1415 4693 1736 4759 προφητευό-

203 4792 320 4840 μενα
347 4785 439 4854 τὴν
465 4783 800 4852 ἐπιγραφὴν,
836 4783 922 4844 εις
962 4780 1026 4832 τὸ
1069 4781 1254 4843 τέλος,
1286 4778 1629 4848 ὲποίησεν.⁹Υ
1628 4779 1734 4849 πὲρ

201 4862 250 4916 δὲ
273 4872 380 4923 τῶν
405 4875 602 4941 ληνῶν
629 4872 719 4924 διὰ
750 4872 851 4933 τὰς
883 4873 940 4921 ὲν
971 4870 1115 4938 πάσῃ
1135 4871 1200 4938 τῇ
1225 4871 1292 4938 γῇ
1320 4871 1580 4932 συστάσας
1620 4872 1736 4923 Ἐκ-

206 4954 430 5026 κλησίας,
476 4961 806 5033 ἀλληγορίας
859 4960 1004 5028 νόμῳ
1053 4957 1344 5025 λεγομένας
1397 4958 1735 5027 ληνούς.”οτε

215 5043 296 5104 μὲν
325 5046 398 5112 εἷς
423 5048 486 5120 ἦν
512 5054 638 5114 λαός
658 5069 672 5080 ·
708 5047 777 5120 ἦν
801 5050 860 5101 δὲ
888 5044 1041 5110 οὗτος
1082 5047 1314 5115 Ἰσραὴλ,
1346 5039 1389 5112 ᾧ
1413 5049 1736 5118 ἐχρημάτιζε

215 5134 296 5182 καὶ
319 5137 508 5207 πύργος
536 5143 562 5192 ὁ
604 5139 753 5209 παρὰ
779 5137 990 5198 τούτοις
1029 5134 1182 5196 νεὼς,
1211 5135 1300 5185 καὶ
1333 5137 1653 5201 προλήνιον
1677 5138 1737 5189 τὸ

225 5221 314 5283 πρὸ
335 5226 419 5276 τοῦ
447 5228 569 5279 ναοῦ
595 5228 978 5296 θυσιαστήριον
1007 5223 1150 5275 κατὰ
1174 5222 1269 5291 τὴν
1299 5222 1511 5276 Ἡσαΐου
1537 5229 1734 5296 φωνήν.

226 5297 289 5352 Τδ
307 5308 355 5358 δὲ
386 5312 571 5381 πλῆθος
611 5316 728 5366 νυνί
775 5313 885 5365 τῶν
927 5311 1106 5380 ληνῶν
1143 5307 1209 5359 τὰ
1243 5307 1404 5358 πολλὰ
1439 5313 1625 5380 μηνύει
1657 5313 1739 5364 θυ-

240 5400 502 5467 ϐιαστήρια,
528 5405 642 5464 ταῖς
685 5401 828 5455 κατά
872 5401 1039 5470 μέρος
1085 5395 1387 5462 ἐκκλησίαις
1415 5399 1738 5466 συνδιαιρού-

245 5492 367 5542 iuva.
394 5492 472 5541 Διὸ
515 5494 604 5543 καὶ
643 5495 700 5544 ὲν
740 5498 829 5558 πγ¹
857 5487 1059 5559 ψαλμῷ
1101 5486 1188 5537 τὸν
1214 5483 1368 5535 αὐτὸν
1392 5484 1738 5557 ἐπιγραφέντι

297 5657 334 5690 ⁸²
366 5662 381 5715 Ι
412 5663 530 5735 Reg.
567 5683 686 5730 xvi,
719 5665 775 5717 7.

1835 602 2021 671 dirigas
2033 602 2258 670 justum,
2281 613 2517 656 scrutans
2545 603 2700 656 corda
2717 615 2765 657 et
2781 623 2942 670 renes,
2965 606 3119 660 Deus.
3154 605 3360 661 Scitum

1834 709 2197 764 magnumque
2221 701 2304 748 est
2341 695 2613 762 postulare
2645 702 2703 747 ut
2732 696 2854 750 ﬁnis
2886 698 2956 750 sit
2993 697 3243 763 malitiae;
3275 705 3369 751 ut-

1836 800 1936 852 que
1954 785 2132 853 justus
2162 786 2234 837 ita
2263 783 2542 850 dirigatur,
2577 791 2636 837 ut
2663 800 2931 852 nunquam
2957 786 3093 838 ultro
3119 786 3358 840 ﬂuctuet.

1835 874 1966 928 Cum
2001 884 2175 928 autem
2200 875 2266 928 de
2309 874 2562 927 tribunali
2595 875 2684 927 Dei
2728 875 2983 942 loquitur,
3029 878 3198 930 solum
3237 891 3359 931 eum

1834 979 1952 1018 esse
1984 964 2189 1032 justum
2239 963 2470 1032 judicem
2498 965 2830 1032 pronuntiat,
2859 972 3041 1030 utpote
3088 967 3178 1034 qui
3213 967 3360 1022 solus

1833 1057 1996 1111 corda
2023 1058 2219 1111 videat.
2269 1055 2386 1123 Ipse
2413 1073 2641 1125 namque
2680 1059 2855 1112 reddit
2883 1059 3173 1128 unicuique
3205 1060 3362 1128 juxta

1834 1162 1995 1216 opera
2020 1161 2137 1200 sua.
2182 1146 2350 1200 Homo
2373 1148 2570 1216 quippe
2600 1147 2732 1200 videt
2757 1150 2808 1200 in
2832 1149 2965 1216 facie
2985 1149 3028 1180 δ’
3056 1167 3070 1214 ;
3103 1149 3217 1218 ipse
3234 1164 3360 1203 vero

1829 1237 1992 1305 judex
2025 1237 2412 1307 cogitationum
2439 1246 2520 1292 est
2547 1244 2600 1291 et
2628 1239 2789 1290 animi
2822 1241 3110 1299 sensuumf:
3154 1240 3359 1292 nullum

1828 1327 2091 1395 judicium
2121 1327 2387 1379 occultum
2424 1325 2524 1392 ipsi
2556 1335 2656 1380 est.
2697 1324 2828 1378 Cum
2857 1327 3017 1378 talem
3052 1341 3170 1380 esse
3194 1325 3360 1380 Deum

1832 1414 2178 1477 declarasset,
2223 1414 2496 1468 conﬁdens
2528 1431 2590 1468 ac
2626 1416 2957 1469 conscientia
2990 1431 3088 1468 sua
3134 1429 3357 1471 securus

1833 1505 1993 1558 dicit:
2026 1504 2358 1572 Adjutorium
2386 1520 2551 1556 meum
2577 1520 2610 1555 a
2644 1503 2773 1567 Deo,
2806 1506 2895 1572 qui
2925 1504 3092 1557 salvos
3121 1505 3247 1572 facit
3279 1521 3359 1559 re-

1832 1603 1938 1646 ttos
1969 1595 2138 1646 corde.
2182 1593 2324 1645 Bona
2362 1593 2555 1645 etenim
2589 1600 2766 1659 sperat
2803 1593 2870 1646 ab
2889 1607 2953 1647 eo
2975 1594 3064 1661 qui
3090 1600 3361 1646 scruta-tur

1831 1683 1991 1737 corda
2014 1691 2066 1737 et
2091 1699 2266 1746 renes,
2309 1682 2451 1751 quod
2485 1683 2619 1736 nihil
2648 1690 2950 1737 tortuosum
2990 1682 3043 1734 in
3070 1683 3231 1736 corde
3263 1683 3360 1736 ha—

1832 1774 1975 1826 beat.

1899 1861 2063 1916 Vens.
2105 1862 2191 1914 i5.
2236 1860 2359 1913 Nisi
2411 1862 2637 1914 conversi
2681 1860 2902 1928 fueritis,
2934 1861 3166 1930 gladium
3209 1876 3361 1912 suum

1831 1950 2086 2003 vibrabit:
2136 1967 2314 2002 arcum
2380 1967 2528 2002 suum
2582 1950 2794 2003 tetendit
2839 1959 2886 2002 et
2934 1952 3137 2016 paravit
3185 1951 3358 2004 illum.

1830 2039 1967 2092 Num
1998 2040 2109 2093 haec
2151 2041 2308 2093 tacite
2362 2048 2416 2093 et
2449 2040 2678 2093 obscure
2712 2039 2778 2092 de
2818 2039 3030 2092 diabolo
3072 2040 3356 2095 dicuntur:

1831 2145 1955 2182 nam
2019 2131 2066 2183 i's
2128 2131 2385 2184 adversus
2435 2130 2677 2183 homines
2703 2130 2971 2198 Zparturiit
3017 2130 3356 2198 injustitiam,

1831 2227 1884 2273 ει
1904 2229 2090 2273 caetera
2101 2260 2116 2274 .

1901 2309 2063 2364 Vens.
2097 2310 2163 2362 15
2189 2310 2327 2365 -17,
2385 2307 2510 2361 Ecce
2549 2310 2795 2375 parturiit
2845 2309 3176 2376 injustitiam,
3231 2326 3358 2362 con-

1831 2400 1960 2465 cepit
1988 2398 2216 2450 dolorem
2241 2408 2289 2450 et
2313 2399 2502 2465 peperit
2542 2398 2885 2466 iniquitatem.
2932 2397 3126 2450 Lucum
3159 2400 3358 2465 aperuit

1831 2498 1878 2541 et
1899 2487 2074 2555 effodit
2094 2504 2230 2549 eum,
2257 2497 2304 2540 et
2327 2487 2517 2540 incidet
2541 2488 2596 2539 in
2630 2487 2827 2554 foveam
2855 2504 3007 2555 quam
3036 2489 3177 2556 fecit.
3217 2488 3356 2542 Con-

1832 2587 2052 2632 vertetur
2097 2579 2246 2630 dolor
2290 2577 2401 2644 ejus
2447 2579 2500 2629 in
2542 2587 2695 2643 caput
2743 2577 2876 2644 ejus,
2919 2589 2967 2630 ct
3018 2579 3070 2630 in
3123 2580 3359 2631 verticem

1832 2671 1992 2734 ipsius
2030 2671 2271 2737 iniquitas
2314 2669 2422 2736 ejus
2471 2668 2756 2722 descendet.
2803 2669 2924 2722 Haec
2954 2670 3019 2721 ad
3054 2671 3272 2722 verbum
3302 2670 3360 2724 in

1831 2758 2176 2826 Achitophele
2219 2761 2482 2827 completa
2543 2769 2688 2813 sunt.
2755 2758 2888 2813 Nam
2922 2776 2951 2813 a
2989 2761 3155 2814 Clmsi
3200 2777 3360 2830 supe-

1836 2854 2008 2911 ratus,
2035 2862 2158 2901 cum
2191 2849 2256 2902 de
2280 2849 2444 2902 rebus
2466 2849 2770 2912 Absalonis,
2795 2857 2978 2918 utpote
3001 2851 3080 2902 vir
3101 2851 3355 2918 prudens,

1833 2936 2161 3005 desperaret,
2217 2936 2560 3006 futuramque
2607 2937 2824 2992 Davidis
2856 2934 3148 2992 vindictam
3194 2941 3359 3007 perti-

1832 3035 2111 3090 mesceret,
2142 3028 2198 3080 in
2224 3028 2437 3081 domum
2481 3029 2738 3083 secedens
2767 3044 2884 3083 sese
2913 3030 3104 3097 laqueo
3131 3046 3360 3098 suspen-

1760 3134 1806 3193 C
1837 3114 1934 3176 dit,
1963 3128 2024 3167 ea
2054 3129 2360 3183 perpessus,
2388 3131 2506 3184 quae
2543 3117 2993 3170 machinamentis
3030 3117 3140 3170 suis
3172 3117 3359 3170 Davidi

1837 3208 2136 3271 paraverat,
2182 3218 2440 3272 suamque
2496 3204 2754 3257 adversus
2792 3219 2914 3256 eum
2960 3204 3252 3270 nequitiam
3302 3204 3360 3256 in

1837 3301 1989 3358 caput
2025 3291 2138 3358 ipse
2172 3307 2327 3346 suum
2359 3293 2640 3360 expressit.
2683 3291 2745 3344 Et
2775 3307 2902 3344 vero
2929 3307 3114 3345 omnes
3137 3307 3360 3360 prorsus

1836 3379 2102 3441 homines,
2142 3395 2207 3432 ex
2243 3380 2400 3432 editis
2441 3380 2713 3447 operibus,
2745 3392 2894 3430 suam
2943 3378 2997 3429 in
3039 3378 3126 3432 die
3169 3379 3359 3446 judicii

1839 3467 2021 3521 ferunt
2055 3467 2394 3521 sententiam.

1904 3554 2066 3608 Vens.
2093 3555 2176 3608 18.
2211 3553 2503 3622 Conﬁtebor
2530 3553 2749 3606 Domino
2787 3555 3065 3607 secundum
3095 3555 3358 3622 justitiam

1834 3644 1966 3711 ejus,
1994 3643 2220 3709 psallam
2255 3644 2448 3696 nomini
2483 3643 2759 3697 Altissimi.
2806 3643 3000 3711 Utpote
3036 3645 3126 3712 qui
3159 3644 3356 3697 nemini

1834 3732 2059 3786 insidias
2085 3733 2358 3796 struxerit,
2392 3735 2589 3789 nemini
2625 3735 2797 3788 lacum
2838 3736 3112 3800 eﬂ‘oderit;
3146 3736 3358 3804 iniquos

1836 3837 1957 3876 cum
1987 3822 2307 3890 despiceret,
2341 3838 2540 3892 gnarus
2568 3823 2733 3877 futuri
2763 3826 2816 3878 in
2843 3825 3047 3892 judicio
3073 3826 3358 3893 impiorum

1834 3912 1981 3968 exitii
2006 3930 2020 3966 :
2047 3912 2339 3979 Conﬁtebor
2359 3951 2374 3976 ,
2411 3913 2608 3981 inquit,
2633 3913 2852 3966 Domino
2884 3914 3163 3965 secundum
3197 3914 3361 3980 justi-

1837 4004 1963 4055 tiam
1985 4001 2132 4069 ejus;
2174 4002 2335 4070 justis
2377 4004 2510 4056 meis
2560 4003 2813 4071 operibus
2839 4003 2982 4055 velut
3013 4003 3065 4054 in
3103 4002 3359 4056 tribunali

1834 4092 2138 4160 productis;
2170 4101 2216 4143 et
2237 4092 2460 4158 psallam
2491 4093 2684 4144 nomini
2704 4092 2911 4145 Domini
2960 4093 3233 4154 altissimi,
3260 4091 3360 4145 fre-

1835 4193 1921 4238 tus
1949 4200 2043 4254 spe
2070 4200 2153 4238 me
2177 4185 2230 4237 in
2265 4185 2431 4237 choro
2460 4200 2643 4238 eorum
2674 4185 2763 4252 qui
2793 4199 2887 4253 per
2916 4184 3089 4251 ipsum
3131 4185 3358 4237 salutem

1836 4281 2252 4342 consequentur,
2295 4273 2412 4341 ejus
2445 4274 2753 4342 dignatione
2797 4273 3168 4341 recipiendum
3212 4289 3351 4327 esse.

2222 4469 2533 4523 PSALMUS
2574 4467 2774 4520 DAVID
2823 4465 2951 4520 Vlll.

2172 4584 2222 4636 1.
2262 4581 2327 4634 In
2358 4583 2510 4651 ﬁnem
2532 4596 2623 4648 pro
2655 4579 3015 4633 torcularibus.

1900 4691 2028 4756 Quae
2065 4691 2153 4744 hic
2188 4691 2253 4745 de
2293 4690 2754 4746 consummatione
2785 4691 3100 4745 saeculorum
3129 4689 3359 4756 prophe-

1831 4778 1935 4832 tice
1972 4779 2335 4842 enuntiantur,
2384 4781 2439 4831 in
2484 4793 2646 4831 causa
2687 4777 2835 4831 fuere
2885 4777 3023 4846 quod
3057 4776 3357 4842 inscriptio,

1830 4868 1885 4918 in
1910 4867 2082 4933 finem,
2119 4875 2494 4934 apponeretur.
2537 4865 2644 4918 Pro
2678 4866 3020 4918 torcularibus
3059 4873 3236 4917 autem
3277 4863 3359 4917 di-

1831 4955 1972 5007 citur
2023 4955 2380 5009 Ecclesiarum
2427 4955 2618 5024 gratia,
2658 4971 2776 5024 qua
2806 4971 2901 5023 per
2929 4954 3232 5006 universam
3258 4962 3359 5007 ter-

1832 5058 1947 5094 ram
1987 5043 2272 5105 exsistunt,
2299 5051 2352 5096 et
2394 5043 2675 5112 allegorice
2736 5043 3022 5095 torcularia
3070 5051 3355 5097 vocantur.

1834 5132 2061 5196 Quando
2090 5135 2232 5186 enim
2284 5149 2422 5186 unus
2450 5140 2562 5186 erat
2594 5133 2844 5201 populus,
2885 5133 3092 5186 scilicet
3119 5133 3356 5197 lsraelis,

1834 5222 1957 5274 huic
1996 5230 2111 5276 erat
2145 5222 2333 5284 turris,
2359 5223 2613 5290 templum
2656 5223 2794 5291 apud
2833 5222 2980 5291 ipsos
3019 5230 3356 5290 nuncupata:

1834 5317 1887 5362 et
1927 5311 2271 5374 protorcular,
2324 5309 2528 5362 scilicet
2575 5310 2742 5364 altare
2796 5325 2890 5378 pro
2938 5311 3118 5380 templi
3174 5310 3361 5365 limine

1832 5397 1981 5464 juxta
2029 5396 2176 5452 Isaiae
2200 5412 2400 5450 vocem.
2435 5395 2550 5449 Jam
2597 5413 2722 5451 vero
2751 5400 3140 5454 multitudinem
3173 5407 3360 5451 torcu-

1840 5486 2029 5542 larium
2058 5488 2222 5541 multa
2245 5486 2520 5540 declarant
2552 5488 2740 5542 altaria
2799 5491 2854 5544 in
2885 5489 3111 5545 diversis
3141 5504 3235 5557 per
3273 5501 3366 5542 ora
