3818 6304
938 327 1041 383 ιιι-ι

1611 324 1872 381 EUSEBll
1906 323 2374 380 CESARIENSIS
2405 325 2551 381 ΟΡΡ.
2588 324 2764 379 PARS
2802 324 2886 379 111.
2928 354 2992 363 -—-
3029 321 3342 377 EXEGETIC

937 444 1057 500 hem
1091 443 1335 501 ecclesiis
1358 443 1567 499 dissita.
1606 442 1781 507 Quare
1806 442 1861 494 in
1892 441 2100 510 psalmo
2129 457 2335 497 uxxm
2372 460 2441 513 qu

1807 442 1861 494 in
1892 441 2100 510 psalmo
2129 457 2335 497 uxxm
2372 444 2463 513 qui
2490 455 2534 510 Α
2560 445 2753 515 τρόπον
2784 443 2948 496 πολλὰ
2976 443 3315 513 Θυσεαστήρια

934 555 1118 610 parem
1151 552 1271 592 cum
1299 535 1542 605 praesenti
1570 532 1670 586 fert
1698 534 2123 602 inscriptionem,
2159 535 2325 590 multa
2373 537 2452 589 al-

937 628 1093 691 taria,
1118 623 1476 683 tabernacula,
1500 621 1633 673 atria
1657 620 1711 673 in
1739 622 1992 676 vaticinio
2010 621 2277 687 feruntur,
2300 628 2454 692 juxta

935 718 1096 773 illud:
1134 717 1301 782 Quam
1320 713 1506 764 dilecta
1527 709 1858 765 tabernacula
1889 722 1998 779 tua,
2029 712 2252 768 Domine
2293 717 2456 769 virtu-

937 818 1043 860 tum
1066 807 1086 858 .'
1116 800 1425 869 concupiscit
1465 807 1514 852 et
1557 798 1731 868 deﬁcit
1760 802 1936 854 anima
1966 818 2076 854 mea
2104 802 2158 855 in
2188 804 2325 855 atria
2351 804 2459 857 Do-

936 898 1062 950 mini
1081 896 1161 958 ”;
1188 889 1379 947 deinde
1406 904 1530 945 vero
1560 889 1837 961 subiungit
1855 929 1871 954 ,
1900 891 2109 944 Altaria
2137 901 2248 958 tua,
2277 892 2457 946 Domi-

935 1002 996 1038 ne
1018 985 1262 1036 virtutum
1277 980 1343 1034 “".

1000 1072 1157 1127 Vens.
1192 1071 1245 1133 2,
1274 1071 1326 1125 5.
1358 1068 1575 1124 Domine
1600 1071 1852 1125 Dominus
1883 1080 2075 1134 noster,
2104 1087 2260 1140 quam
2289 1071 2460 1124 admi-

929 1163 1090 1216 rabile
1121 1173 1197 1217 est
1226 1178 1408 1217 nomen
1439 1171 1584 1216 tuum
1617 1164 1669 1217 in
1696 1164 1936 1218 uniuersa
1977 1165 2157 1216 terra!
2198 1163 2457 1229 Quoniam

926 1256 1123 1307 elevata
1158 1261 1237 1307 est
1277 1254 1664 1324 magniﬁcentia
1705 1262 1796 1306 tua
1835 1270 1992 1321 super
2026 1253 2199 1307 caelos.
2253 1251 2334 1305 Ea:
2372 1269 2460 1307 ore

926 1342 1210 1412 infantium
1253 1351 1300 1395 et
1349 1342 1650 1395 lactentium
1689 1341 1951 1409 perfeciin
1999 1340 2206 1393 laudem
2253 1350 2459 1408 propter

927 1431 1160 1484 inimicos
1202 1440 1339 1493 tuos,
1385 1440 1443 1483 ut
1480 1429 1718 1483 destruas
1763 1430 2034 1482 inimicum
2064 1440 2113 1483 et
2147 1428 2384 1482 ultorem.
2412 1428 2458 1459 ⁸⁸

927 1516 1044 1572 Non
1075 1517 1202 1570 olim
1240 1516 1556 1571 admirabile
1600 1516 1697 1571 fuit
1739 1518 1795 1571 in
1840 1517 2092 1571 universa
2141 1525 2321 1581 terra;
2363 1515 2459 1571 sed

927 1612 1047 1674 post
1099 1602 1394 1659 Salvatoris
1450 1605 1740 1659 adventum
1800 1604 2046 1658 mirabile
2099 1602 2297 1658 factum
2351 1610 2455 1669 est,

927 1697 1140 1768 quando
1201 1695 1477 1767 Synagoga
1530 1698 1850 1767 populorum
1906 1697 2255 1751 circumdedit
2300 1712 2451 1764 eum;

2559 553 2645 588 ται
2671 538 2759 588 καὶ
2786 535 2963 597 αὐλαὶ,
2990 534 3127 587 κατὰ
3148 533 3324 596 τὸ,Ὠς

2558 643 2692 690 σου,
2722 628 2896 693 Κύριε
2926 625 3040 678 τῶν
3078 623 3341 691 δηυνάμεω·

2557 732 2651 769 πει
2691 717 2728 783 η
2766 716 2930 783 ψυχή
2956 732 3071 783 μου
3098 716 3182 777 εἰς
3206 713 3306 776 τὰς
3337 738 3342 758 α

2558 806 2592 861 ἃ
2620 806 2835 872 ἐπάγει·
2870 805 2944 859 Τὰ
2970 801 3342 870 θυσιαστήριι

2552 913 2728 964 μεων.

2623 1068 2795 1134 Κύριε
2828 1070 2861 1120 ό
2881 1068 3091 1135 Κύριος
3124 1064 3317 1133 ἡμῶν,

2556 1172 2669 1211 σου
2697 1159 2765 1210 ἐν
2799 1157 2961 1225 πάσῃ
2991 1155 3063 1224 τῇ
3094 1155 3205 1225 τῇ]
3239 1156 3342 1208 Ὃτ

2556 1247 2688 1300 πειά
2709 1258 2821 1300 σου
2841 1245 3108 1313 ὑπεράνω
3130 1245 3245 1298 τῶν
3265 1248 3342 1297 οὐ

2556 1338 2704 1389 πίων
2728 1338 2822 1389 καὶ
2854 1334 3220 1402 θηλαζόντων
3240 1351 3342 1386 καῖ

2555 1424 2777 1493 ἐχθρῶν
2793 1441 2924 1488 σου,
2937 1423 3041 1478 τοῦ
3054 1423 3341 1479 καταλῦσ

2558 1514 2630 1566 οὐ
2658 1514 2820 1566 πάλαι
2843 1513 3144 1583 θαυμαστὸν
3168 1514 3224 1566 ὲν
3248 1513 3341 1566 πά

2557 1604 2801 1673 Σωτῆρος
2833 1603 3126 1673 παρουσίαν
3155 1602 3342 1670 ὲγένετ

2558 1690 2857 1745 ὲκύκλωσεν
2889 1691 3046 1742 αὐτόν
3065 1706 3078 1719 °
3112 1690 3342 1759 συμφὼκ

925 1788 1066 1857 quod
1093 1802 1222 1842 sane
1256 1802 1550 1842 consonum
1586 1788 1708 1841 huic
1755 1787 1949 1857 psalmi
1993 1788 2270 1855 praesentis
2313 1786 2433 1841 dicti

1833 1787 1949 1839 ilmi
1993 1788 2270 1855 praesentis
2313 1786 2454 1841 dicto
2486 1784 2527 1838 Β
2552 1781 2837 1848 στόματος
2885 1780 3131 1848 νηπίων.
3155 1780 3250 1832 καὶ
3292 1798 3341 1832 τε

924 1891 988 1929 ea:
1033 1890 1119 1929 ore
1167 1874 1444 1943 infantium
1488 1882 1537 1928 et
1570 1874 1870 1927 iacientium
1920 1873 2179 1942 perfeciin
2226 1874 2450 1940 laudem,

922 1973 975 2019 et
1000 1971 1209 2019 caetera.
1232 1963 1434 2017 Novam
1462 1964 1604 2017 enim
1628 1978 1952 2033 synagogam
1982 1975 2104 2031 post
2129 1964 2456 2032 assumptio‘

923 2067 1042 2106 nem
1074 2051 1189 2119 ejus
1223 2051 1277 2104 iu
1307 2052 1472 2104 altum
1504 2066 1570 2104 ex
1596 2050 1880 2103 animabus
1914 2051 1968 2103 in
2001 2049 2228 2103 infantia
2258 2050 2455 2120 degen—

923 2141 1068 2194 tibus
1096 2141 1404 2194 constitisse
1435 2139 1609 2204 docet,
1637 2150 1854 2208 propter
1885 2142 2349 2208 regenerationem
2400 2142 2453 2195 in

921 2230 1138 2285 Christo
1166 2239 1278 2283 tum
1307 2230 1525 2299 ubique,
1559 2239 1680 2299 post
1721 2230 1839 2299 ejus
1886 2230 2093 2284 scilicet
2127 2232 2450 2300 assumptio-

922 2336 1064 2384 nem,
1110 2336 1205 2390 per
1253 2321 1438 2376 orbem
1484 2328 1819 2390 usurpatam.
1865 2319 2223 2387 Quamobrem
2277 2322 2454 2376 accla-

923 2411 1192 2465 mantibus
1221 2410 1322 2480 ipsi
1360 2410 1562 2480 pueris,
1596 2409 1848 2465 Hosanna
1880 2411 1933 2462 in
1977 2412 2213 2473 excelsis,
2249 2411 2455 2465 benedi-

920 2502 1033 2548 ctus
1065 2496 1152 2564 qui
1183 2496 1316 2548 venit
1375 2496 1430 2547 in
1463 2495 1667 2548 nomine
1697 2495 1930 2559 Domini,
1966 2497 2180 2567 indigne
2225 2498 2452 2553 ferentes

920 2584 1128 2651 aliquos
1164 2585 1243 2638 sic
1278 2584 1603 2654 alloquitur:
1647 2581 1932 2653 Nunquam
1980 2584 2194 2655 legistis,
2226 2587 2348 2655 quia
2373 2585 2452 2638 Ea:

919 2688 1008 2728 ore
1062 2673 1346 2741 infantium
1392 2682 1442 2724 et
1489 2672 1790 2724 lactentium
1835 2672 2095 2741 perfecisti
2145 2672 2350 2726 laudem
2373 2674 2453 2728 ⁸⁶ἳ

918 2778 1264 2833 umquamne
1316 2761 1487 2817 illud:
1563 2763 1783 2831 Propter
1852 2764 2087 2817 inimicos
2143 2767 2299 2819 tuos?
2330 2764 2452 2819 Haec

919 2869 1047 2909 vero
1094 2858 1309 2925 propter
1368 2853 1706 2910 sacerdotum
1777 2854 2071 2923 principes,
2126 2861 2179 2909 et
2237 2864 2453 2925 propter

918 2943 1216 2999 Pharisaeos
1266 2943 1466 3013 scripta
1502 2951 1667 2998 sunt:
1722 2943 1788 2998 de
1836 2946 1903 3000 iis
1948 2960 2178 3014 namque
2230 2936 2447 3007 dicitur’,

917 3033 1174 3097 inimicus,
1204 3033 1362 3095 ultor,
1396 3041 1449 3086 et
1477 3033 1531 3086 in
1558 3036 1872 3101 praecedenti
1908 3036 2133 3102 psalmo,
2171 3034 2267 3087 leo.
2298 3032 2451 3099 Quod

2553 1870 2736 1939 καινὴν
2766 1870 3074 1939 συναγωγὴν
3102 1868 3239 1938 μετὰ
3279 1870 3342 1921 ei

2552 1960 2615 2011 ὲκ
2658 1959 2857 2027 νηπίων
2898 1959 3133 2011 διδάσκει
3171 1976 3342 2011 συνεί

2551 2050 2793 2118 γέννησιν
2822 2050 2919 2119 τὴν
2948 2051 3004 2102 ὲν
3044 2048 3120 2118 τῷ
3151 2050 3342 2118 Χριστ

2551 2140 2866 2208 οἰκουμένης
2919 2137 3054 2207 μετὰ
3096 2138 3191 2208 τὴν
3249 2140 3342 2193 ἀνα

2554 2227 2793 2299 βοώντων
2841 2227 2986 2297 αὐτῷ
3029 2227 3134 2280 τῶν
3176 2230 3342 2282 mea

2550 2334 2735 2383 στοις,
2773 2317 3172 2386 εὐλογημένος
3207 2322 3248 2371 ό
3279 2320 3342 2387 ἐι

2543 2408 2697 2474 ρίου,
2727 2405 3082 2473 ἀγανακτοῦσι
3126 2422 3342 2475 φησιν·

2563 2496 2655 2547 Ἐκ
2682 2496 2973 2563 στόματος
2987 2495 3226 2562 νηπίων
3273 2514 3342 2550 acc

2550 2582 2750 2647 alr-or;
2780 2585 2872 2637 xui.
2918 2584 3123 2654 μήποτε
3174 2586 3248 2638 τό
3271 2604 3287 2618 ο
3327 2589 3342 2609 '

2550 2677 2658 2728 Καὶ
2706 2675 2793 2727 διὰ
2845 2675 2967 2737 τοὺς
3016 2675 3321 2745 ἀρχιερεῖς

2550 2764 2755 2832 ἐχθρὸς
2781 2766 2873 2816 καὶ
2902 2762 3240 2831 ἐκδικητὴς
3280 2770 3314 2820 ὁ

2549 2852 2731 2905 τούτου
2771 2850 2982 2921 ψαλμῷ.
3018 2852 3089 2903 Τὸ
3114 2849 3225 2905 οὖν
3272 2858 3342 2925 μέ

2550 2960 2657 3007 τος,
2691 2942 2876 3012 ἐχθρός
2902 2958 2960 2993 τε
2991 2941 3084 2993 καὶ
3116 2940 3313 3010 λέων,

2549 3030 2636 3084 διὰ
2663 3030 2865 3100 νηπίων
2897 3030 2988 3082 καὶ
3025 3029 3342 3100 θηλαζόντι

916 3131 1097 3174 autem
1136 3121 1366 3174 maxime
1399 3121 1699 3174 mirandum
1727 3132 1809 3176 est
1854 3123 2013 3176 talem
2062 3122 2338 3175 inimicum
2386 3134 2424 3176 el

1854 3091 2013 3176 taietn
2062 3091 2342 3175 inimicm;
2386 3130 2441 3176 et
2474 3091 2520 3152 ϐ
2547 3091 2725 3190 ταχοῦ·
2751 3119 2879 3182 Θεὸς
2910 3121 2967 3171 ὲν
2995 3091 3132 3174 πᾶοι
3170 3091 3341 3199 ὁαυμ

918 3208 1143 3273 leonem,
1179 3209 1471 3277 principem
1504 3209 1664 3278 hujus
1708 3211 1913 3274 seculi,
1973 3224 2068 3279 per
2099 3209 2333 3265 infantes
2365 3217 2445 3263 at-

914 3316 1023 3369 que
1063 3301 1318 3355 lactentes
1348 3300 1415 3355 de
1452 3300 1630 3355 medio
1659 3301 1926 3356 sublatum
1956 3316 2116 3357 esse:
2147 3316 2252 3370 quo
2287 3317 2445 3371 pera-

2547 3211 2724 3280 δρεύει
2764 3210 2897 3280 πρὸς
2929 3211 3226 3281 ἁμαρτίαν
3266 3220 3342 3272 ὑπ

2549 3300 2780 3372 τηκότας
2812 3301 2944 3370 μετὰ
2973 3301 3163 3356 ταῦτα
3202 3310 3342 3366 κολε

916 3400 1005 3446 cto
1065 3391 1204 3445 Deus
1248 3391 1446 3460 [diique
1490 3399 1754 3446 terrarum
1801 3391 1939 3459 apud
1987 3406 2175 3444 omnes
2230 3391 2490 3445 mirabilis
2527 3389 2871 3460 praedicatur,
2936 3393 3027 3459 qui
3072 3397 3342 3471 princep

916 3496 1040 3536 cum
1062 3482 1152 3544 sit,
1169 3481 1392 3536 insidias
1419 3488 1568 3547 parat
1599 3488 1660 3533 ut
1683 3481 1990 3549 supplantet
2012 3489 2065 3534 et
2092 3480 2147 3532 in
2169 3488 2444 3548 peccatum
2483 3479 2737 3549 dejiciat;
2773 3487 2884 3533 tum
2916 3491 3263 3548 peccatores
3298 3510 3342 3547 δι

987 3568 1102 3635 Qua
1130 3571 1337 3623 ratione
1380 3578 1556 3622 autem
1583 3584 1777 3623 nomen
1811 3570 2041 3633 Domini,
2080 3569 2208 3623 olim
2253 3571 2452 3626 nemini

920 3671 1126 3722 notum,
1177 3659 1488 3714 admirabile
1524 3660 1778 3718 evaserit.
1807 3660 2044 3714 declarat
2085 3662 2139 3715 in
2171 3662 2446 3731 sequenti-

925 3748 1023 3801 bus
1066 3748 1151 3802 his
1194 3747 1393 3811 verbis,
1442 3747 1686 3816 quoniam
1721 3747 1919 3802 elevata
1963 3757 2039 3803 est
2069 3750 2452 3819 magniﬁcentia

925 3848 1014 3890 tua
1045 3853 1193 3905 super
1222 3837 1404 3891 caelos:
1425 3845 1584 3906 atque
1611 3837 1827 3891 tertium
1860 3839 1993 3893 illud
2019 3839 2447 3908 superadditum,

920 3943 984 3980 ea:
1014 3943 1099 3981 ore
1140 3926 1416 3995 infantium
1461 3935 1510 3980 et
1557 3926 1860 3979 lactentium
1901 3928 2163 3996 perfecisti
2209 3928 2451 3995 laudem,

922 4020 1158 4087 aliquam
1189 4032 1318 4071 sane
1347 4014 1508 4069 habet
1535 4017 1846 4070 alIinitatem
1876 4032 1996 4070 cum
2046 4018 2161 4079 illo,
2191 4034 2454 4086 synagoga

920 4108 1223 4181 populorum
1251 4105 1591 4160 circumdabit
1624 4118 1689 4163 te.
1734 4106 1896 4161 Docet
1948 4108 2089 4161 enim
2134 4121 2325 4160 novam
2364 4123 2452 4178 sy-

924 4215 1202 4270 nagogam,
1243 4213 1361 4267 qua:
1415 4195 1578 4250 Deum
1628 4197 1996 4253 circumdabat
2067 4203 2188 4265 post
2238 4197 2354 4265 ejus
2395 4199 2451 4251 in

923 4292 1086 4344 altum
1114 4287 1552 4355 assumptionem,
1589 4300 1652 4339 ex
1682 4284 1999 4348 infantibus,
2040 4286 2218 4339 animo
2246 4288 2451 4341 scilicet

2623 3571 2730 3633 Καὶ
2760 3570 2872 3633 πῶς
2897 3573 2954 3624 ὲν
2992 3573 3150 3647 πάσῃ
3187 3586 3269 3653 τῇ
3302 3603 3342 3655 γ

2557 3679 2710 3733 μενον
2735 3662 2900 3731 ὄνομα
2921 3662 3013 3715 τοῦ
3034 3665 3279 3739 Κυρίου
3319 3696 3342 3730 δ

2555 3753 2712 3819 σαφεῖ
2741 3751 2907 3819 λέγων
2947 3752 3076 3821 ἑξῆς
3096 3771 3115 3786 ο
3158 3760 3307 3817 ’Ὁτι

2551 3855 2665 3894 σου
2695 3840 2961 3907 ὑπεράνω
2990 3841 3119 3896 τῶν
3153 3853 3342 3920 οὐρα.

2550 3928 2606 3981 δὲ
2633 3928 2808 4000 τρίτον
2837 3931 2893 3981 ὲν
2928 3928 3026 3998 τῷ,
3048 3932 3171 3990 Ἐκ
3205 3949 3341 3998 στό

2552 4017 2763 4079 ζόντων
2798 4022 3152 4087 κατηρτίσω
3186 4004 3342 4092 αἷνξ

2549 4110 2639 4162 τό·
2668 4110 2985 4179 Συναγωγή
3052 4116 3237 4175 λεῶν-
3295 4147 3337 4182 κ

2549 4200 2640 4252 καὶ
2664 4200 2850 4271 καινὴν
2883 4210 3242 4281 συναγωγὴν
3280 4222 3342 4272 τί

2547 4287 2614 4340 τὰ
2643 4287 2736 4358 τὴν
2762 4290 2838 4349 εἰς
2866 4287 2995 4357 ὕψος
3015 4290 3342 4371 ἀνάληψιν

921 4387 975 4435 et
1008 4377 1346 4438 lactentibus,
1377 4375 1688 4429 collectam:
1726 4381 1882 4442 atque
1912 4374 1981 4425 ita
2025 4381 2181 4427 vocat
2221 4376 2429 4444 populo:

1792 4388 1882 4442 que
1912 4374 1981 4425 ita
2025 4381 2181 4427 vocat
2221 4376 2450 4444 populos
2479 4383 2523 4438 Β
2551 4377 2881 4448 Θηλαζόντων
2928 4392 3300 4451 συνεστάναι

922 4470 975 4522 in
1030 4466 1245 4521 Christo
1286 4471 1655 4533 regeneratos.
1691 4461 1823 4514 Nam
1863 4471 2145 4531 postquam
2196 4463 2251 4515 in
2280 4465 2445 4517 altum

921 4556 1181 4617 ascendit,
1207 4563 1327 4624 post
1345 4553 1646 4622 ingressum
1669 4567 1823 4606 suum
1853 4553 1904 4606 in
1924 4553 2138 4618 caelum,
2166 4552 2445 4620 Dominus,

921 4647 1013 4716 qui
1044 4661 1138 4716 per
1161 4643 1487 4713 prophetiam
1517 4643 1851 4705 enuntiatur,
1880 4641 2107 4696 adscivit
2144 4641 2245 4696 sibi
2278 4658 2446 4712 popu-

923 4738 1093 4790 lorum
1121 4747 1465 4805 synagogam,
1494 4734 1549 4786 in
1578 4740 1720 4788 terra
1753 4748 1818 4787 ex
1846 4731 2146 4787 infantibus
2165 4740 2219 4787 et
2243 4735 2451 4788 lactea.

922 4828 1066 4881 tibus
1096 4833 1334 4897 paratam
1350 4872 1363 4885 ,

992 4914 1152 4971 Vnus.
1186 4917 1241 4980 ι,
1275 4916 1329 4971 5.
1360 4914 1619 4981 Quoniam
1644 4914 1820 4970 videbo
1848 4915 2022 4978 carlos,
2053 4929 2206 4981 opera
2254 4913 2446 4983 digito-

925 5020 1041 5056 rum
1074 5014 1294 5069 tuorum,
1316 5007 1491 5061 lunam
1519 5018 1567 5061 et
1596 5008 1776 5061 stellas
1798 5021 1915 5076 qua!
1945 5014 2001 5057 tu
2024 5005 2279 5073 fundasti.
2308 5004 2445 5068 Quid

925 5106 1001 5150 est
1021 5096 1170 5149 homo
1200 5101 1332 5166 quod
1382 5118 1577 5155 memor
1625 5118 1677 5155 es
1719 5101 1851 5170 ejus,
1896 5106 1988 5151 aut
2036 5099 2178 5167 ﬁlius
2228 5097 2449 5151 hominis

924 5186 1170 5258 quoniam
1210 5188 1390 5241 visitas
1430 5195 1582 5248 eum?
1641 5190 1882 5253 Etiamsi,
1931 5189 2127 5258 inquit,
2176 5188 2445 5242 mirabilia

927 5281 1054 5331 sunt
1072 5273 1280 5343 opiﬁcia
1306 5283 1419 5337 tua,
1447 5280 1640 5333 caelum
1667 5286 1719 5334 et
1746 5294 1863 5348 quae
1885 5278 1937 5331 in
1962 5292 2026 5331 eo
2063 5283 2209 5339 sunt,
2238 5289 2355 5344 quas
2383 5282 2443 5327 tu

926 5364 1160 5419 fundasti
1185 5370 1245 5416 ut
1272 5377 1365 5430 per
1397 5379 1552 5421 omne
1595 5370 1850 5424 saeculum
1888 5367 2286 5427 consisterent;
2318 5376 2440 5414 nam

2547 4467 3010 4537 ἀναγεννωμένους
3038 4474 3108 4526 ὲν
3134 4478 3342 4552 Χρισστ

2548 4555 2645 4619 ϐὰς
2680 4556 2813 4626 μετὰ
2841 4556 2936 4627 τὴν
2968 4560 3057 4624 εἰς
3093 4569 3342 4643 οὐρανὸν

2550 4648 2766 4716 φητείας
2781 4646 3236 4726 immani)ng
3270 4670 3342 4723 Κ.

2556 4735 2650 4803 τῆς
2668 4737 2767 4803 γῆς
2785 4735 2878 4805 τὴν
2903 4735 3010 4788 τῶν
3045 4740 3229 4805 λαῶν
3260 4774 3341 4813 συ

2555 4823 2814 4916 λαςόντων
2841 4825 3011 4896 αὐτὴν
3052 4849 3342 4916 συστησό

2624 4913 2741 4964 ’θη
2768 4912 2982 5011 δῖθῖψω
3024 4927 3205 4997 τοὺς
3227 4912 3342 5011 ὂῠι

2551 5015 2684 5065 σου,
2714 5001 2979 5072 σελήνην
3024 5019 3149 5071 καὶ

2548 5093 2713 5190 εστιν
2748 5092 3098 5190 ἄνθρωπος,
3129 5110 3243 5170 ὅτι
3267 5141 3342 5190 μ,

2548 5180 2907 5281 θρώπου,.ὅτι
2943 5180 3341 5281 ἐπωκέπρτ

2548 5288 2659 5371 ἴσθ’
2694 5273 2844 5371 il“,
2885 5273 3342 5371 δημιουργήμᾶ

2540 5361 2681 5433 ειπερ
2710 5363 2948 5435 ἡδρασας
2994 5372 3078 5428 δι’
3115 5361 3274 5442 ὅλου
3305 5414 3342 5449 τ

993 5501 1038 5535 ss
1073 5498 1210 5553 psal.
1248 5509 1479 5558 Lxxxm,
1504 5495 1629 5566 2,5.
1664 5501 1710 5534 “
1747 5502 1875 5558 ibid.
1907 5502 1967 5561 4.
2036 5501 2081 5533 ⁸⁸
2120 5495 2303 5553 Matth.
2335 5510 2459 5562 ut,
2498 5494 2550 5550 9.
2626 5499 2673 5530 ⁸⁸
2711 5500 2840 5558 ibid.
2880 5503 2970 5559 16.

1000 5613 1071 5685 (l)
1098 5612 1257 5667 Forte
1283 5607 1430 5678 ᾅδην.
