  <div class='ocr_page' id='page_1' title='image "/cluster/home/n/w/nwhite01/storage/ocr_20150623/23 (Eusebius, pt. 5)/nyp.33433081862363/074.png"; bbox 0 0 3818 6330; ppageno 0'>
   <div class='ocr_carea' id='block_1_1' title="bbox 154 425 286 486">
    <p class='ocr_par' dir='ltr' id='par_1_1' title="bbox 154 425 286 486">
     <span class='ocr_line' id='line_1_1' title="bbox 154 425 286 486; baseline -0.015 0"><span class='ocrx_word' id='word_1_1' title='bbox 154 425 286 486; x_wconf 70' lang='grc' dir='ltr'><strong>ίΞθ</strong></span> 
     </span>
    </p>
   </div>
   <div class='ocr_carea' id='block_1_2' title="bbox 1325 417 2280 480">
    <p class='ocr_par' dir='ltr' id='par_1_2' title="bbox 1325 417 2280 480">
     <span class='ocr_line' id='line_1_2' title="bbox 1325 417 2280 480; baseline -0.007 0"><span class='ocrx_word' id='word_1_2' title='bbox 1325 421 1810 480; x_wconf 67' lang='lat' dir='ltr'><strong>COMSlENTARIA</strong></span> <span class='ocrx_word' id='word_1_3' title='bbox 1849 421 1910 475; x_wconf 77' lang='lat' dir='ltr'><strong>IN</strong></span> <span class='ocrx_word' id='word_1_4' title='bbox 1948 417 2280 474; x_wconf 79' lang='lat' dir='ltr'><strong>PSALMOS.</strong></span> 
     </span>
    </p>
   </div>
   <div class='ocr_carea' id='block_1_3' title="bbox 3277 417 3378 470">
    <p class='ocr_par' dir='ltr' id='par_1_3' title="bbox 3277 417 3378 470">
     <span class='ocr_line' id='line_1_3' title="bbox 3277 417 3378 470; baseline -0.04 0"><span class='ocrx_word' id='word_1_5' title='bbox 3277 417 3378 470; x_wconf 73' lang='grc'><strong>150</strong></span> 
     </span>
    </p>
   </div>
   <div class='ocr_carea' id='block_1_4' title="bbox 158 515 1759 611">
    <p class='ocr_par' dir='ltr' id='par_1_4' title="bbox 158 515 1752 611">
     <span class='ocr_line' id='line_1_4' title="bbox 158 515 1752 611; baseline 0.001 -22"><span class='ocrx_word' id='word_1_6' title='bbox 158 536 292 608; x_wconf 70' lang='grc' dir='ltr'>γιςὶρ</span> <span class='ocrx_word' id='word_1_7' title='bbox 311 528 426 586; x_wconf 72' lang='grc' dir='ltr'>αὐτὰ</span> <span class='ocrx_word' id='word_1_8' title='bbox 460 526 534 588; x_wconf 77' lang='grc' dir='ltr'><strong>εις</strong></span> <span class='ocrx_word' id='word_1_9' title='bbox 571 520 670 574; x_wconf 71' lang='grc' dir='ltr'><strong>τὸν</strong></span> <span class='ocrx_word' id='word_1_10' title='bbox 708 515 935 584; x_wconf 56' lang='grc' dir='ltr'><strong>αῖιῖνα,</strong></span> <span class='ocrx_word' id='word_1_11' title='bbox 976 529 1166 588; x_wconf 79' lang='grc' dir='ltr'>κα.θὰ</span> <span class='ocrx_word' id='word_1_12' title='bbox 1226 557 1394 611; x_wconf 75' lang='grc' dir='ltr'>φησιν</span> <span class='ocrx_word' id='word_1_13' title='bbox 1438 541 1493 593; x_wconf 83' lang='grc' dir='ltr'>ὲν</span> <span class='ocrx_word' id='word_1_14' title='bbox 1536 539 1752 608; x_wconf 76' lang='grc' dir='ltr'>ἑτέροις,</span> 
     </span>
    </p>
   </div>
   <div class='ocr_carea' id='block_1_5' title="bbox 1864 515 3378 611">
    <p class='ocr_par' dir='ltr' id='par_1_5' title="bbox 1864 529 3378 600">
     <span class='ocr_line' id='line_1_5' title="bbox 1864 529 3378 600; baseline -0.002 -13"><span class='ocrx_word' id='word_1_15' title='bbox 1864 535 2040 587; x_wconf 81' lang='lat' dir='ltr'><strong>statuit</strong></span> <span class='ocrx_word' id='word_1_16' title='bbox 2069 550 2130 586; x_wconf 85' lang='lat' dir='ltr'><strong>ea</strong></span> <span class='ocrx_word' id='word_1_17' title='bbox 2173 533 2226 585; x_wconf 86' lang='lat' dir='ltr'><strong>in</strong></span> <span class='ocrx_word' id='word_1_18' title='bbox 2251 539 2519 592; x_wconf 74' lang='lat' dir='ltr'><strong>wternum,</strong></span> <span class='ocrx_word' id='word_1_19' title='bbox 2549 537 2608 583; x_wconf 88' lang='lat' dir='ltr'><strong>ut</strong></span> <span class='ocrx_word' id='word_1_20' title='bbox 2635 531 2739 584; x_wconf 91' lang='lat' dir='ltr'><strong>alio</strong></span> <span class='ocrx_word' id='word_1_21' title='bbox 2778 531 2896 584; x_wconf 92' lang='lat' dir='ltr'><strong>loco</strong></span> <span class='ocrx_word' id='word_1_22' title='bbox 2931 529 3138 594; x_wconf 72' lang='lat' dir='ltr'><strong>dicit&quot;,</strong></span> <span class='ocrx_word' id='word_1_23' title='bbox 3188 548 3378 600; x_wconf 80' lang='lat' dir='ltr'><strong>pra&#39;cc-</strong></span> 
     </span>
    </p>
   </div>
   <div class='ocr_carea' id='block_1_6' title="bbox 166 611 1754 698">
    <p class='ocr_par' dir='ltr' id='par_1_6' title="bbox 166 611 1754 698">
     <span class='ocr_line' id='line_1_6' title="bbox 166 611 1754 698; baseline 0.001 -17"><span class='ocrx_word' id='word_1_24' title='bbox 166 624 287 681; x_wconf 64' lang='lat' dir='ltr'><strong>ml</strong></span> <span class='ocrx_word' id='word_1_25' title='bbox 317 619 611 686; x_wconf 51' lang='grc' dir='ltr'>πρόσταγμα</span> <span class='ocrx_word' id='word_1_26' title='bbox 646 611 838 670; x_wconf 71' lang='grc' dir='ltr'><strong>ἔθετο.</strong></span> <span class='ocrx_word' id='word_1_27' title='bbox 875 616 1000 669; x_wconf 75' lang='grc' dir='ltr'><strong>καὶ</strong></span> <span class='ocrx_word' id='word_1_28' title='bbox 1057 626 1152 678; x_wconf 86' lang='grc' dir='ltr'>οὐ</span> <span class='ocrx_word' id='word_1_29' title='bbox 1201 633 1662 698; x_wconf 74' lang='grc' dir='ltr'>παρελεύσεται·</span> <span class='ocrx_word' id='word_1_30' title='bbox 1694 631 1754 682; x_wconf 82' lang='grc' dir='ltr'>οὐ</span> 
     </span>
    </p>
   </div>
   <div class='ocr_carea' id='block_1_7' title="bbox 166 700 1755 791">
    <p class='ocr_par' dir='ltr' id='par_1_7' title="bbox 166 700 1755 791">
     <span class='ocr_line' id='line_1_7' title="bbox 166 700 1755 791; baseline 0.008 -30"><span class='ocrx_word' id='word_1_31' title='bbox 166 717 291 789; x_wconf 55' lang='grc' dir='ltr'>μήν</span> <span class='ocrx_word' id='word_1_32' title='bbox 313 726 377 762; x_wconf 86' lang='grc' dir='ltr'><strong>σοι</strong></span> <span class='ocrx_word' id='word_1_33' title='bbox 402 704 581 777; x_wconf 74' lang='grc' dir='ltr'>μεγάλα</span> <span class='ocrx_word' id='word_1_34' title='bbox 621 702 751 772; x_wconf 76' lang='grc' dir='ltr'>πρὸς</span> <span class='ocrx_word' id='word_1_35' title='bbox 781 700 1090 776; x_wconf 75' lang='grc' dir='ltr'>ὓπαρξιν,</span> <span class='ocrx_word' id='word_1_36' title='bbox 1126 717 1279 771; x_wconf 80' lang='grc' dir='ltr'>ἀλλὰ</span> <span class='ocrx_word' id='word_1_37' title='bbox 1309 720 1558 791; x_wconf 82' lang='grc' dir='ltr'><strong>βραχείας</strong></span> <span class='ocrx_word' id='word_1_38' title='bbox 1603 721 1755 773; x_wconf 84' lang='grc' dir='ltr'>δυνά-</span> 
     </span>
    </p>
   </div>
   <div class='ocr_carea' id='block_1_8' title="bbox 164 791 1757 882">
    <p class='ocr_par' dir='ltr' id='par_1_8' title="bbox 164 791 1757 882">
     <span class='ocr_line' id='line_1_8' title="bbox 164 791 1757 882; baseline 0 -20"><span class='ocrx_word' id='word_1_39' title='bbox 164 819 322 880; x_wconf 60' lang='grc' dir='ltr'>μεως</span> <span class='ocrx_word' id='word_1_40' title='bbox 342 796 584 856; x_wconf 73' lang='grc' dir='ltr'><strong>δακτύλοις</strong></span> <span class='ocrx_word' id='word_1_41' title='bbox 609 791 1040 869; x_wconf 66' lang='grc' dir='ltr'>ἀνελογούσης·</span> <span class='ocrx_word' id='word_1_42' title='bbox 1081 805 1248 861; x_wconf 67' lang='grc' dir='ltr'>οὕτω</span> <span class='ocrx_word' id='word_1_43' title='bbox 1285 811 1392 880; x_wconf 75' lang='grc' dir='ltr'>γὰρ</span> <span class='ocrx_word' id='word_1_44' title='bbox 1427 811 1522 873; x_wconf 77' lang='grc' dir='ltr'><strong>τὰς</strong></span> <span class='ocrx_word' id='word_1_45' title='bbox 1563 810 1757 882; x_wconf 83' lang='grc' dir='ltr'>μικρὰς</span> 
     </span>
    </p>
   </div>
   <div class='ocr_carea' id='block_1_9' title="bbox 158 884 1758 973">
    <p class='ocr_par' dir='ltr' id='par_1_9' title="bbox 158 884 1758 973">
     <span class='ocr_line' id='line_1_9' title="bbox 158 884 1758 973; baseline 0.006 -27"><span class='ocrx_word' id='word_1_46' title='bbox 158 895 413 962; x_wconf 61' lang='grc' dir='ltr'>δυνάμεις</span> <span class='ocrx_word' id='word_1_47' title='bbox 437 887 637 942; x_wconf 67' lang='grc' dir='ltr'>ἐκάλεσε</span> <span class='ocrx_word' id='word_1_48' title='bbox 667 884 760 938; x_wconf 78' lang='grc' dir='ltr'><strong>τοῦ</strong></span> <span class='ocrx_word' id='word_1_49' title='bbox 791 885 979 945; x_wconf 79' lang='grc' dir='ltr'>Θεοῦ.</span> <span class='ocrx_word' id='word_1_50' title='bbox 1008 895 1147 951; x_wconf 72' lang='grc' dir='ltr'>Καὶ</span> <span class='ocrx_word' id='word_1_51' title='bbox 1177 901 1351 955; x_wconf 85' lang='grc' dir='ltr'>ταῦτα</span> <span class='ocrx_word' id='word_1_52' title='bbox 1375 904 1469 970; x_wconf 83' lang='grc' dir='ltr'>μὲν</span> <span class='ocrx_word' id='word_1_53' title='bbox 1497 903 1758 973; x_wconf 81' lang='grc' dir='ltr'>ἡδρασμέ-</span> 
     </span>
    </p>
   </div>
   <div class='ocr_carea' id='block_1_10' title="bbox 159 975 1756 1062">
    <p class='ocr_par' dir='ltr' id='par_1_10' title="bbox 159 975 1756 1062">
     <span class='ocr_line' id='line_1_10' title="bbox 159 975 1756 1062; baseline 0.009 -31"><span class='ocrx_word' id='word_1_54' title='bbox 159 1003 260 1042; x_wconf 60' lang='lat' dir='ltr'><strong>va</strong></span> <span class='ocrx_word' id='word_1_55' title='bbox 290 982 446 1051; x_wconf 78' lang='grc' dir='ltr'>μένει·</span> <span class='ocrx_word' id='word_1_56' title='bbox 479 977 744 1047; x_wconf 79' lang='grc' dir='ltr'>ἄνθρωπον</span> <span class='ocrx_word' id='word_1_57' title='bbox 787 975 852 1029; x_wconf 75' lang='grc' dir='ltr'>δὲ</span> <span class='ocrx_word' id='word_1_58' title='bbox 903 979 1012 1035; x_wconf 75' lang='grc' dir='ltr'>τὸν</span> <span class='ocrx_word' id='word_1_59' title='bbox 1068 989 1207 1042; x_wconf 83' lang='grc' dir='ltr'>καθ’</span> <span class='ocrx_word' id='word_1_60' title='bbox 1237 991 1332 1043; x_wconf 77' lang='grc' dir='ltr'>ἕνα</span> <span class='ocrx_word' id='word_1_61' title='bbox 1362 992 1756 1062; x_wconf 83' lang='grc' dir='ltr'><strong>παρερχόμενον</strong></span> 
     </span>
    </p>
   </div>
   <div class='ocr_carea' id='block_1_11' title="bbox 164 1062 1753 1148">
    <p class='ocr_par' dir='ltr' id='par_1_11' title="bbox 164 1062 1753 1148">
     <span class='ocr_line' id='line_1_11' title="bbox 164 1062 1753 1148; baseline 0.005 -24"><span class='ocrx_word' id='word_1_62' title='bbox 164 1066 534 1134; x_wconf 50' lang='lat' dir='ltr'><strong>Euxinis,th</strong></span> <span class='ocrx_word' id='word_1_63' title='bbox 575 1062 820 1134; x_wconf 76' lang='grc' dir='ltr'>θεωρῶν,</span> <span class='ocrx_word' id='word_1_64' title='bbox 861 1066 1038 1134; x_wconf 79' lang='grc' dir='ltr'>ὅπως</span> <span class='ocrx_word' id='word_1_65' title='bbox 1092 1079 1197 1130; x_wconf 74' lang='grc' dir='ltr'>καὶ</span> <span class='ocrx_word' id='word_1_66' title='bbox 1252 1078 1514 1148; x_wconf 79' lang='grc' dir='ltr'><strong>μέμνησαι</strong></span> <span class='ocrx_word' id='word_1_67' title='bbox 1547 1082 1753 1142; x_wconf 80' lang='grc' dir='ltr'>τούτου,</span> 
     </span>
    </p>
   </div>
   <div class='ocr_carea' id='block_1_12' title="bbox 174 1154 1756 1238">
    <p class='ocr_par' dir='ltr' id='par_1_12' title="bbox 174 1154 1756 1238">
     <span class='ocr_line' id='line_1_12' title="bbox 174 1154 1756 1238; baseline 0.009 -31"><span class='ocrx_word' id='word_1_68' title='bbox 174 1159 292 1213; x_wconf 54' lang='grc' dir='ltr'>καὶ</span> <span class='ocrx_word' id='word_1_69' title='bbox 319 1157 515 1225; x_wconf 73' lang='grc' dir='ltr'>προνοῇ·</span> <span class='ocrx_word' id='word_1_70' title='bbox 557 1154 692 1225; x_wconf 85' lang='grc' dir='ltr'>ὅπερ</span> <span class='ocrx_word' id='word_1_71' title='bbox 737 1171 844 1209; x_wconf 81' lang='grc' dir='ltr'><strong>ουκ</strong></span> <span class='ocrx_word' id='word_1_72' title='bbox 880 1156 956 1211; x_wconf 78' lang='grc' dir='ltr'>ἂν</span> <span class='ocrx_word' id='word_1_73' title='bbox 993 1163 1256 1236; x_wconf 78' lang='grc' dir='ltr'>ὑπῆρξεν</span> <span class='ocrx_word' id='word_1_74' title='bbox 1295 1169 1341 1219; x_wconf 84' lang='grc' dir='ltr'><strong>εί</strong></span> <span class='ocrx_word' id='word_1_75' title='bbox 1373 1167 1558 1238; x_wconf 88' lang='grc' dir='ltr'>μικρόν</span> <span class='ocrx_word' id='word_1_76' title='bbox 1585 1187 1635 1220; x_wconf 90' lang='grc' dir='ltr'><strong>τι</strong></span> <span class='ocrx_word' id='word_1_77' title='bbox 1665 1169 1756 1222; x_wconf 77' lang='grc' dir='ltr'>καὶ</span> 
     </span>
    </p>
   </div>
   <div class='ocr_carea' id='block_1_13' title="bbox 185 1245 1758 1328">
    <p class='ocr_par' dir='ltr' id='par_1_13' title="bbox 185 1245 1758 1328">
     <span class='ocr_line' id='line_1_13' title="bbox 185 1245 1758 1328; baseline 0.008 -28"><span class='ocrx_word' id='word_1_78' title='bbox 185 1270 228 1317; x_wconf 67' lang='grc' dir='ltr'><strong>ιρ</strong></span> <span class='ocrx_word' id='word_1_79' title='bbox 247 1248 409 1318; x_wconf 76' lang='grc' dir='ltr'>θαρτὺν</span> <span class='ocrx_word' id='word_1_80' title='bbox 435 1245 676 1315; x_wconf 81' lang='grc' dir='ltr'>ἐτύγχανε</span> <span class='ocrx_word' id='word_1_81' title='bbox 707 1247 850 1308; x_wconf 81' lang='grc' dir='ltr'>ζῶον</span> <span class='ocrx_word' id='word_1_82' title='bbox 869 1265 884 1280; x_wconf 83' lang='lat'><strong><em>°</em></strong></span> <span class='ocrx_word' id='word_1_83' title='bbox 912 1251 1077 1308; x_wconf 74' lang='grc' dir='ltr'>οὕτω</span> <span class='ocrx_word' id='word_1_84' title='bbox 1106 1256 1164 1308; x_wconf 88' lang='grc' dir='ltr'>δὲ</span> <span class='ocrx_word' id='word_1_85' title='bbox 1185 1258 1358 1327; x_wconf 84' lang='grc' dir='ltr'>τίμιον</span> <span class='ocrx_word' id='word_1_86' title='bbox 1385 1259 1458 1321; x_wconf 86' lang='grc' dir='ltr'>ὠς</span> <span class='ocrx_word' id='word_1_87' title='bbox 1478 1260 1540 1311; x_wconf 84' lang='grc' dir='ltr'>ὲκ</span> <span class='ocrx_word' id='word_1_88' title='bbox 1565 1260 1758 1328; x_wconf 82' lang='grc' dir='ltr'>στόμα-</span> 
     </span>
    </p>
   </div>
   <div class='ocr_carea' id='block_1_14' title="bbox 194 1338 1753 1420">
    <p class='ocr_par' dir='ltr' id='par_1_14' title="bbox 194 1338 1753 1420">
     <span class='ocr_line' id='line_1_14' title="bbox 194 1338 1753 1420; baseline 0.008 -31"><span class='ocrx_word' id='word_1_89' title='bbox 194 1356 292 1401; x_wconf 68' lang='grc' dir='ltr'>της</span> <span class='ocrx_word' id='word_1_90' title='bbox 311 1339 487 1406; x_wconf 77' lang='grc' dir='ltr'>νηπίων</span> <span class='ocrx_word' id='word_1_91' title='bbox 517 1340 606 1391; x_wconf 70' lang='grc' dir='ltr'>καὶ</span> <span class='ocrx_word' id='word_1_92' title='bbox 630 1338 997 1408; x_wconf 80' lang='grc' dir='ltr'><strong>θηλαζόντων</strong></span> <span class='ocrx_word' id='word_1_93' title='bbox 1031 1347 1206 1418; x_wconf 75' lang='grc' dir='ltr'>ὕμνον</span> <span class='ocrx_word' id='word_1_94' title='bbox 1223 1349 1368 1419; x_wconf 83' lang='grc' dir='ltr'>αὐτῷ</span> <span class='ocrx_word' id='word_1_95' title='bbox 1388 1350 1753 1420; x_wconf 78' lang='grc' dir='ltr'><strong>κατηρτίσθαι.</strong></span> 
     </span>
    </p>
   </div>
   <div class='ocr_carea' id='block_1_15' title="bbox 206 1427 1758 1507">
    <p class='ocr_par' dir='ltr' id='par_1_15' title="bbox 206 1427 1758 1507">
     <span class='ocr_line' id='line_1_15' title="bbox 206 1427 1758 1507; baseline 0.008 -29"><span class='ocrx_word' id='word_1_96' title='bbox 206 1427 274 1478; x_wconf 83' lang='lat' dir='ltr'><strong>Ei</strong></span> <span class='ocrx_word' id='word_1_97' title='bbox 299 1429 377 1480; x_wconf 71' lang='grc' dir='ltr'>καὶ</span> <span class='ocrx_word' id='word_1_98' title='bbox 402 1428 611 1498; x_wconf 71' lang='grc' dir='ltr'>σμικρὸς</span> <span class='ocrx_word' id='word_1_99' title='bbox 638 1430 822 1483; x_wconf 86' lang='grc' dir='ltr'>τοίνυν</span> <span class='ocrx_word' id='word_1_100' title='bbox 848 1435 1010 1488; x_wconf 85' lang='grc' dir='ltr'>κατὰ</span> <span class='ocrx_word' id='word_1_101' title='bbox 1038 1437 1103 1490; x_wconf 83' lang='grc' dir='ltr'>τὸ</span> <span class='ocrx_word' id='word_1_102' title='bbox 1138 1438 1291 1507; x_wconf 82' lang='grc' dir='ltr'>σῶμα</span> <span class='ocrx_word' id='word_1_103' title='bbox 1307 1455 1319 1467; x_wconf 92' lang='grc'><strong>·</strong></span> <span class='ocrx_word' id='word_1_104' title='bbox 1345 1439 1476 1492; x_wconf 83' lang='grc' dir='ltr'>ἀλλὰ</span> <span class='ocrx_word' id='word_1_105' title='bbox 1501 1439 1637 1491; x_wconf 80' lang='grc' dir='ltr'>κατὰ</span> <span class='ocrx_word' id='word_1_106' title='bbox 1661 1439 1758 1507; x_wconf 72' lang='grc' dir='ltr'>ψυ-</span> 
     </span>
    </p>
   </div>
   <div class='ocr_carea' id='block_1_16' title="bbox 195 1516 1754 1592">
    <p class='ocr_par' dir='ltr' id='par_1_16' title="bbox 195 1516 1754 1592">
     <span class='ocr_line' id='line_1_16' title="bbox 195 1516 1754 1592; baseline 0.01 -27"><span class='ocrx_word' id='word_1_107' title='bbox 195 1517 306 1583; x_wconf 54' lang='grc' dir='ltr'><strong>ζὴν</strong></span> <span class='ocrx_word' id='word_1_108' title='bbox 322 1516 404 1586; x_wconf 74' lang='grc' dir='ltr'>τὴν</span> <span class='ocrx_word' id='word_1_109' title='bbox 424 1520 532 1568; x_wconf 82' lang='grc' dir='ltr'>κατ’</span> <span class='ocrx_word' id='word_1_110' title='bbox 560 1518 744 1571; x_wconf 88' lang='grc' dir='ltr'>είκόνα</span> <span class='ocrx_word' id='word_1_111' title='bbox 765 1522 1079 1592; x_wconf 79' lang='grc' dir='ltr'>τετίμηται</span> <span class='ocrx_word' id='word_1_112' title='bbox 1100 1542 1114 1556; x_wconf 70' lang='grc' dir='ltr'><strong>ο</strong></span> <span class='ocrx_word' id='word_1_113' title='bbox 1155 1526 1292 1579; x_wconf 83' lang='grc' dir='ltr'>ὥστε</span> <span class='ocrx_word' id='word_1_114' title='bbox 1321 1527 1406 1578; x_wconf 76' lang='grc' dir='ltr'><strong>διὰ</strong></span> <span class='ocrx_word' id='word_1_115' title='bbox 1424 1528 1606 1579; x_wconf 84' lang='grc' dir='ltr'>τούτου</span> <span class='ocrx_word' id='word_1_116' title='bbox 1628 1528 1754 1580; x_wconf 72' lang='lat' dir='ltr'><strong>Ouu-</strong></span> 
     </span>
    </p>
   </div>
   <div class='ocr_carea' id='block_1_17' title="bbox 185 1606 1660 1686">
    <p class='ocr_par' dir='ltr' id='par_1_17' title="bbox 185 1606 1660 1686">
     <span class='ocr_line' id='line_1_17' title="bbox 185 1606 1660 1686; baseline 0.01 -33"><span class='ocrx_word' id='word_1_117' title='bbox 185 1606 399 1668; x_wconf 66' lang='grc' dir='ltr'>μαστόν</span> <span class='ocrx_word' id='word_1_118' title='bbox 426 1622 511 1657; x_wconf 84' lang='grc' dir='ltr'><strong>σου</strong></span> <span class='ocrx_word' id='word_1_119' title='bbox 546 1609 892 1678; x_wconf 75' lang='grc' dir='ltr'>καταστῆναι</span> <span class='ocrx_word' id='word_1_120' title='bbox 925 1613 990 1664; x_wconf 87' lang='grc' dir='ltr'>τὸ</span> <span class='ocrx_word' id='word_1_121' title='bbox 1020 1614 1191 1684; x_wconf 78' lang='grc' dir='ltr'>ὄνομα</span> <span class='ocrx_word' id='word_1_122' title='bbox 1215 1617 1271 1668; x_wconf 83' lang='grc' dir='ltr'>ὲν</span> <span class='ocrx_word' id='word_1_123' title='bbox 1304 1615 1444 1686; x_wconf 80' lang='grc' dir='ltr'>πάσῃ</span> <span class='ocrx_word' id='word_1_124' title='bbox 1476 1619 1540 1684; x_wconf 85' lang='grc' dir='ltr'><strong>τῇ</strong></span> <span class='ocrx_word' id='word_1_125' title='bbox 1573 1620 1660 1686; x_wconf 81' lang='grc' dir='ltr'><strong>γῇ.</strong></span> 
     </span>
    </p>
   </div>
   <div class='ocr_carea' id='block_1_18' title="bbox 283 1775 1756 1852">
    <p class='ocr_par' dir='ltr' id='par_1_18' title="bbox 283 1775 1756 1852">
     <span class='ocr_line' id='line_1_18' title="bbox 283 1775 1756 1852; baseline 0.007 -26"><span class='ocrx_word' id='word_1_126' title='bbox 283 1775 666 1846; x_wconf 76' lang='grc' dir='ltr'>’Λποθαυμάζει</span> <span class='ocrx_word' id='word_1_127' title='bbox 723 1779 784 1832; x_wconf 78' lang='grc' dir='ltr'>τὸ</span> <span class='ocrx_word' id='word_1_128' title='bbox 830 1779 982 1834; x_wconf 82' lang='grc' dir='ltr'>Θεῖον</span> <span class='ocrx_word' id='word_1_129' title='bbox 1028 1782 1249 1852; x_wconf 89' lang='grc' dir='ltr'>Πνεῦμα</span> <span class='ocrx_word' id='word_1_130' title='bbox 1283 1785 1374 1835; x_wconf 72' lang='grc' dir='ltr'>καὶ</span> <span class='ocrx_word' id='word_1_131' title='bbox 1413 1783 1622 1852; x_wconf 77' lang='grc' dir='ltr'>εύχεται</span> <span class='ocrx_word' id='word_1_132' title='bbox 1666 1785 1756 1837; x_wconf 83' lang='grc' dir='ltr'><strong>τοῦ</strong></span> 
     </span>
    </p>
   </div>
   <div class='ocr_carea' id='block_1_19' title="bbox 1855 620 3377 692">
    <p class='ocr_par' dir='ltr' id='par_1_19' title="bbox 1855 620 3377 692">
     <span class='ocr_line' id='line_1_19' title="bbox 1855 620 3377 692; baseline -0.001 -16"><span class='ocrx_word' id='word_1_133' title='bbox 1855 634 1995 692; x_wconf 81' lang='lat' dir='ltr'><strong>ptum</strong></span> <span class='ocrx_word' id='word_1_134' title='bbox 2030 623 2200 691; x_wconf 80' lang='lat' dir='ltr'><strong>posuit</strong></span> <span class='ocrx_word' id='word_1_135' title='bbox 2233 630 2282 673; x_wconf 83' lang='lat' dir='ltr'><strong>et</strong></span> <span class='ocrx_word' id='word_1_136' title='bbox 2336 636 2434 672; x_wconf 85' lang='lat' dir='ltr'><strong>non</strong></span> <span class='ocrx_word' id='word_1_137' title='bbox 2473 620 2794 684; x_wconf 67' lang='lat' dir='ltr'><strong>praeteribit:</strong></span> <span class='ocrx_word' id='word_1_138' title='bbox 2836 636 2948 680; x_wconf 70' lang='lat' dir='ltr'><strong>«non</strong></span> <span class='ocrx_word' id='word_1_139' title='bbox 2982 629 3160 674; x_wconf 87' lang='lat' dir='ltr'><strong>tamen</strong></span> <span class='ocrx_word' id='word_1_140' title='bbox 3191 638 3377 691; x_wconf 83' lang='lat' dir='ltr'><strong>magna</strong></span> 
     </span>
    </p>
   </div>
   <div class='ocr_carea' id='block_1_20' title="bbox 1855 708 3380 779">
    <p class='ocr_par' dir='ltr' id='par_1_20' title="bbox 1855 708 3380 779">
     <span class='ocr_line' id='line_1_20' title="bbox 1855 708 3380 779; baseline -0.001 -15"><span class='ocrx_word' id='word_1_141' title='bbox 1855 712 1950 764; x_wconf 93' lang='lat' dir='ltr'><strong>tibi</strong></span> <span class='ocrx_word' id='word_1_142' title='bbox 1985 717 2324 779; x_wconf 79' lang='lat' dir='ltr'><strong>reputantur,</strong></span> <span class='ocrx_word' id='word_1_143' title='bbox 2357 708 2449 762; x_wconf 83' lang='lat' dir='ltr'><strong>sed</strong></span> <span class='ocrx_word' id='word_1_144' title='bbox 2477 724 2574 760; x_wconf 87' lang='lat' dir='ltr'><strong>ceu</strong></span> <span class='ocrx_word' id='word_1_145' title='bbox 2604 709 2790 776; x_wconf 76' lang='lat' dir='ltr'><strong>exigua</strong></span> <span class='ocrx_word' id='word_1_146' title='bbox 2825 709 3020 763; x_wconf 86' lang='lat' dir='ltr'><strong>virtute</strong></span> <span class='ocrx_word' id='word_1_147' title='bbox 3042 709 3221 779; x_wconf 82' lang='lat' dir='ltr'><strong>digitis</strong></span> <span class='ocrx_word' id='word_1_148' title='bbox 3251 725 3380 763; x_wconf 91' lang='lat' dir='ltr'><strong>con-</strong></span> 
     </span>
    </p>
   </div>
   <div class='ocr_carea' id='block_1_21' title="bbox 1855 796 3376 867">
    <p class='ocr_par' dir='ltr' id='par_1_21' title="bbox 1855 796 3376 867">
     <span class='ocr_line' id='line_1_21' title="bbox 1855 796 3376 867; baseline -0.001 -14"><span class='ocrx_word' id='word_1_149' title='bbox 1855 801 2089 858; x_wconf 75' lang='lat' dir='ltr'><strong>cinnata,</strong></span> <span class='ocrx_word' id='word_1_150' title='bbox 2125 803 2210 852; x_wconf 83' lang='lat' dir='ltr'><strong>sic</strong></span> <span class='ocrx_word' id='word_1_151' title='bbox 2247 797 2387 850; x_wconf 87' lang='lat' dir='ltr'><strong>enim</strong></span> <span class='ocrx_word' id='word_1_152' title='bbox 2421 796 2654 850; x_wconf 86' lang='lat' dir='ltr'><strong>minores</strong></span> <span class='ocrx_word' id='word_1_153' title='bbox 2683 796 2772 850; x_wconf 88' lang='lat' dir='ltr'><strong>Dei</strong></span> <span class='ocrx_word' id='word_1_154' title='bbox 2815 797 3038 852; x_wconf 91' lang='lat' dir='ltr'><strong>virtutes</strong></span> <span class='ocrx_word' id='word_1_155' title='bbox 3087 809 3376 867; x_wconf 81' lang='lat' dir='ltr'><strong>nuncupat.</strong></span> 
     </span>
    </p>
   </div>
   <div class='ocr_carea' id='block_1_22' title="bbox 1859 888 3379 963">
    <p class='ocr_par' dir='ltr' id='par_1_22' title="bbox 1859 888 3379 963">
     <span class='ocr_line' id='line_1_22' title="bbox 1859 888 3379 963; baseline -0.001 -18"><span class='ocrx_word' id='word_1_156' title='bbox 1859 892 1919 948; x_wconf 85' lang='lat' dir='ltr'><strong>Et</strong></span> <span class='ocrx_word' id='word_1_157' title='bbox 1949 893 2063 946; x_wconf 67' lang='lat' dir='ltr'><strong>haec</strong></span> <span class='ocrx_word' id='word_1_158' title='bbox 2109 893 2324 963; x_wconf 88' lang='lat' dir='ltr'><strong>quidem</strong></span> <span class='ocrx_word' id='word_1_159' title='bbox 2375 889 2594 944; x_wconf 81' lang='lat' dir='ltr'><strong>fundata</strong></span> <span class='ocrx_word' id='word_1_160' title='bbox 2641 904 2703 944; x_wconf 89' lang='lat' dir='ltr'><strong>ac</strong></span> <span class='ocrx_word' id='word_1_161' title='bbox 2743 888 2894 942; x_wconf 81' lang='lat' dir='ltr'><strong>ﬁrma</strong></span> <span class='ocrx_word' id='word_1_162' title='bbox 2933 901 3278 959; x_wconf 85' lang='lat' dir='ltr'><strong>permanent;</strong></span> <span class='ocrx_word' id='word_1_163' title='bbox 3325 901 3379 944; x_wconf 91' lang='lat' dir='ltr'><strong>at</strong></span> 
     </span>
    </p>
   </div>
   <div class='ocr_carea' id='block_1_23' title="bbox 1857 980 3380 1050">
    <p class='ocr_par' dir='ltr' id='par_1_23' title="bbox 1857 980 3380 1050">
     <span class='ocr_line' id='line_1_23' title="bbox 1857 980 3380 1050; baseline 0 -16"><span class='ocrx_word' id='word_1_164' title='bbox 1857 983 2150 1040; x_wconf 83' lang='lat' dir='ltr'><strong>hominem.</strong></span> <span class='ocrx_word' id='word_1_165' title='bbox 2179 980 2490 1050; x_wconf 75' lang='lat' dir='ltr'><strong>singulatim</strong></span> <span class='ocrx_word' id='word_1_166' title='bbox 2523 980 2701 1032; x_wconf 84' lang='lat' dir='ltr'><strong>omnia</strong></span> <span class='ocrx_word' id='word_1_167' title='bbox 2746 994 3085 1048; x_wconf 78' lang='lat' dir='ltr'><strong>percurrens,</strong></span> <span class='ocrx_word' id='word_1_168' title='bbox 3128 995 3234 1034; x_wconf 90' lang='lat' dir='ltr'><strong>non</strong></span> <span class='ocrx_word' id='word_1_169' title='bbox 3265 981 3380 1034; x_wconf 87' lang='lat' dir='ltr'><strong>sine</strong></span> 
     </span>
    </p>
   </div>
   <div class='ocr_carea' id='block_1_24' title="bbox 1857 1070 3380 1141">
    <p class='ocr_par' dir='ltr' id='par_1_24' title="bbox 1857 1070 3380 1141">
     <span class='ocr_line' id='line_1_24' title="bbox 1857 1070 3380 1141; baseline -0.001 -15"><span class='ocrx_word' id='word_1_170' title='bbox 1857 1083 2076 1141; x_wconf 83' lang='lat' dir='ltr'><strong>stupore</strong></span> <span class='ocrx_word' id='word_1_171' title='bbox 2119 1071 2452 1139; x_wconf 90' lang='lat' dir='ltr'><strong>contemplor</strong></span> <span class='ocrx_word' id='word_1_172' title='bbox 2477 1107 2491 1131; x_wconf 98' lang='lat'><strong>,</strong></span> <span class='ocrx_word' id='word_1_173' title='bbox 2523 1084 2629 1138; x_wconf 90' lang='lat' dir='ltr'><strong>quo</strong></span> <span class='ocrx_word' id='word_1_174' title='bbox 2676 1077 2833 1137; x_wconf 86' lang='lat' dir='ltr'><strong>pacto</strong></span> <span class='ocrx_word' id='word_1_175' title='bbox 2869 1071 3070 1123; x_wconf 87' lang='lat' dir='ltr'><strong>scilicet</strong></span> <span class='ocrx_word' id='word_1_176' title='bbox 3097 1070 3238 1126; x_wconf 88' lang='lat' dir='ltr'><strong>illius</strong></span> <span class='ocrx_word' id='word_1_177' title='bbox 3268 1086 3380 1125; x_wconf 83' lang='lat' dir='ltr'><strong>me-</strong></span> 
     </span>
    </p>
   </div>
   <div class='ocr_carea' id='block_1_25' title="bbox 1855 1158 3381 1228">
    <p class='ocr_par' dir='ltr' id='par_1_25' title="bbox 1855 1158 3381 1228">
     <span class='ocr_line' id='line_1_25' title="bbox 1855 1158 3381 1228; baseline -0.001 -16"><span class='ocrx_word' id='word_1_178' title='bbox 1855 1161 2095 1223; x_wconf 87' lang='lat' dir='ltr'><strong>mineris,</strong></span> <span class='ocrx_word' id='word_1_179' title='bbox 2150 1169 2306 1228; x_wconf 87' lang='lat' dir='ltr'><strong>atque</strong></span> <span class='ocrx_word' id='word_1_180' title='bbox 2351 1159 2520 1228; x_wconf 88' lang='lat' dir='ltr'><strong>ipsius</strong></span> <span class='ocrx_word' id='word_1_181' title='bbox 2565 1173 2746 1211; x_wconf 88' lang='lat' dir='ltr'><strong>curam</strong></span> <span class='ocrx_word' id='word_1_182' title='bbox 2771 1158 2990 1224; x_wconf 88' lang='lat' dir='ltr'><strong>habeas,</strong></span> <span class='ocrx_word' id='word_1_183' title='bbox 3014 1160 3153 1227; x_wconf 79' lang='lat' dir='ltr'><strong>quod</strong></span> <span class='ocrx_word' id='word_1_184' title='bbox 3197 1158 3381 1227; x_wconf 87' lang='lat' dir='ltr'><strong>utique</strong></span> 
     </span>
    </p>
   </div>
   <div class='ocr_carea' id='block_1_26' title="bbox 1855 1247 3378 1315">
    <p class='ocr_par' dir='ltr' id='par_1_26' title="bbox 1855 1247 3378 1315">
     <span class='ocr_line' id='line_1_26' title="bbox 1855 1247 3378 1315; baseline 0 -15"><span class='ocrx_word' id='word_1_185' title='bbox 1855 1263 1961 1301; x_wconf 91' lang='lat' dir='ltr'><strong>non</strong></span> <span class='ocrx_word' id='word_1_186' title='bbox 1996 1247 2222 1309; x_wconf 81' lang='lat' dir='ltr'><strong>faceres,</strong></span> <span class='ocrx_word' id='word_1_187' title='bbox 2261 1249 2305 1301; x_wconf 91' lang='lat' dir='ltr'><strong>si</strong></span> <span class='ocrx_word' id='word_1_188' title='bbox 2336 1261 2557 1315; x_wconf 88' lang='lat' dir='ltr'><strong>parvum</strong></span> <span class='ocrx_word' id='word_1_189' title='bbox 2603 1254 2656 1300; x_wconf 86' lang='lat' dir='ltr'><strong>et</strong></span> <span class='ocrx_word' id='word_1_190' title='bbox 2681 1247 3029 1314; x_wconf 85' lang='lat' dir='ltr'><strong>corruptibile</strong></span> <span class='ocrx_word' id='word_1_191' title='bbox 3068 1247 3262 1299; x_wconf 89' lang='lat' dir='ltr'><strong>animal</strong></span> <span class='ocrx_word' id='word_1_192' title='bbox 3292 1261 3378 1301; x_wconf 72' lang='lat' dir='ltr'><strong>es~</strong></span> 
     </span>
    </p>
   </div>
   <div class='ocr_carea' id='block_1_27' title="bbox 1857 1335 3380 1404">
    <p class='ocr_par' dir='ltr' id='par_1_27' title="bbox 1857 1335 3380 1404">
     <span class='ocr_line' id='line_1_27' title="bbox 1857 1335 3380 1404; baseline -0.001 -14"><span class='ocrx_word' id='word_1_193' title='bbox 1857 1345 1972 1402; x_wconf 89' lang='lat' dir='ltr'><strong>set;</strong></span> <span class='ocrx_word' id='word_1_194' title='bbox 2013 1337 2104 1392; x_wconf 91' lang='lat' dir='ltr'><strong>sed</strong></span> <span class='ocrx_word' id='word_1_195' title='bbox 2137 1346 2285 1390; x_wconf 90' lang='lat' dir='ltr'><strong>tanto</strong></span> <span class='ocrx_word' id='word_1_196' title='bbox 2315 1338 2518 1391; x_wconf 87' lang='lat' dir='ltr'><strong>honore</strong></span> <span class='ocrx_word' id='word_1_197' title='bbox 2545 1335 2740 1404; x_wconf 81' lang='lat' dir='ltr'><strong>dignus</strong></span> <span class='ocrx_word' id='word_1_198' title='bbox 2767 1347 2869 1398; x_wconf 90' lang='lat' dir='ltr'><strong>est,</strong></span> <span class='ocrx_word' id='word_1_199' title='bbox 2901 1343 2960 1388; x_wconf 91' lang='lat' dir='ltr'><strong>ut</strong></span> <span class='ocrx_word' id='word_1_200' title='bbox 2983 1351 3045 1390; x_wconf 80' lang='lat' dir='ltr'><strong>ex</strong></span> <span class='ocrx_word' id='word_1_201' title='bbox 3075 1352 3168 1390; x_wconf 93' lang='lat' dir='ltr'><strong>ore</strong></span> <span class='ocrx_word' id='word_1_202' title='bbox 3204 1336 3380 1389; x_wconf 78' lang='lat' dir='ltr'><strong>inlan—</strong></span> 
     </span>
    </p>
   </div>
   <div class='ocr_carea' id='block_1_28' title="bbox 1857 1426 3382 1496">
    <p class='ocr_par' dir='ltr' id='par_1_28' title="bbox 1857 1426 3382 1496">
     <span class='ocr_line' id='line_1_28' title="bbox 1857 1426 3382 1496; baseline 0 -16"><span class='ocrx_word' id='word_1_203' title='bbox 1857 1429 1988 1480; x_wconf 91' lang='lat' dir='ltr'><strong>tium</strong></span> <span class='ocrx_word' id='word_1_204' title='bbox 2021 1435 2073 1480; x_wconf 91' lang='lat' dir='ltr'><strong>et</strong></span> <span class='ocrx_word' id='word_1_205' title='bbox 2104 1427 2413 1482; x_wconf 88' lang='lat' dir='ltr'><strong>laetentium</strong></span> <span class='ocrx_word' id='word_1_206' title='bbox 2441 1427 2652 1496; x_wconf 84' lang='lat' dir='ltr'><strong>hymnis</strong></span> <span class='ocrx_word' id='word_1_207' title='bbox 2681 1427 2992 1480; x_wconf 83' lang='lat' dir='ltr'><strong>celebretur.</strong></span> <span class='ocrx_word' id='word_1_208' title='bbox 3036 1426 3255 1481; x_wconf 85' lang='lat' dir='ltr'><strong>Etiamsi</strong></span> <span class='ocrx_word' id='word_1_209' title='bbox 3283 1427 3382 1495; x_wconf 86' lang='lat' dir='ltr'><strong>igi-</strong></span> 
     </span>
    </p>
   </div>
   <div class='ocr_carea' id='block_1_29' title="bbox 1855 1515 3381 1586">
    <p class='ocr_par' dir='ltr' id='par_1_29' title="bbox 1855 1515 3381 1586">
     <span class='ocr_line' id='line_1_29' title="bbox 1855 1515 3381 1586; baseline 0 -18"><span class='ocrx_word' id='word_1_210' title='bbox 1855 1524 1945 1569; x_wconf 85' lang='lat' dir='ltr'><strong>tur</strong></span> <span class='ocrx_word' id='word_1_211' title='bbox 1976 1531 2204 1584; x_wconf 89' lang='lat' dir='ltr'><strong>corpore</strong></span> <span class='ocrx_word' id='word_1_212' title='bbox 2235 1531 2433 1586; x_wconf 87' lang='lat' dir='ltr'><strong>parvus</strong></span> <span class='ocrx_word' id='word_1_213' title='bbox 2474 1515 2564 1577; x_wconf 91' lang='lat' dir='ltr'><strong>sit,</strong></span> <span class='ocrx_word' id='word_1_214' title='bbox 2613 1515 2907 1568; x_wconf 89' lang='lat' dir='ltr'><strong>secundum</strong></span> <span class='ocrx_word' id='word_1_215' title='bbox 2938 1515 3167 1566; x_wconf 86' lang='lat' dir='ltr'><strong>animam</strong></span> <span class='ocrx_word' id='word_1_216' title='bbox 3204 1515 3269 1566; x_wconf 90' lang='lat' dir='ltr'><strong>ad</strong></span> <span class='ocrx_word' id='word_1_217' title='bbox 3305 1515 3381 1568; x_wconf 89' lang='lat' dir='ltr'><strong>si-</strong></span> 
     </span>
    </p>
   </div>
   <div class='ocr_carea' id='block_1_30' title="bbox 1856 1603 3380 1672">
    <p class='ocr_par' dir='ltr' id='par_1_30' title="bbox 1856 1603 3380 1672">
     <span class='ocr_line' id='line_1_30' title="bbox 1856 1603 3380 1672; baseline 0 -16"><span class='ocrx_word' id='word_1_218' title='bbox 1856 1605 2208 1660; x_wconf 90' lang='lat' dir='ltr'><strong>militudinem</strong></span> <span class='ocrx_word' id='word_1_219' title='bbox 2234 1605 2321 1658; x_wconf 91' lang='lat' dir='ltr'><strong>Dei</strong></span> <span class='ocrx_word' id='word_1_220' title='bbox 2348 1603 2541 1657; x_wconf 81' lang='lat' dir='ltr'><strong>factam</strong></span> <span class='ocrx_word' id='word_1_221' title='bbox 2573 1604 2883 1666; x_wconf 89' lang='lat' dir='ltr'><strong>honoratur,</strong></span> <span class='ocrx_word' id='word_1_222' title='bbox 2909 1603 2980 1655; x_wconf 90' lang='lat' dir='ltr'><strong>ita</strong></span> <span class='ocrx_word' id='word_1_223' title='bbox 3009 1613 3065 1656; x_wconf 92' lang='lat' dir='ltr'><strong>ut</strong></span> <span class='ocrx_word' id='word_1_224' title='bbox 3087 1619 3178 1672; x_wconf 90' lang='lat' dir='ltr'><strong>per</strong></span> <span class='ocrx_word' id='word_1_225' title='bbox 3207 1603 3380 1670; x_wconf 90' lang='lat' dir='ltr'><strong>ipsum</strong></span> 
     </span>
    </p>
   </div>
   <div class='ocr_carea' id='block_1_31' title="bbox 1855 1693 3207 1749">
    <p class='ocr_par' dir='ltr' id='par_1_31' title="bbox 1855 1693 3207 1749">
     <span class='ocr_line' id='line_1_31' title="bbox 1855 1693 3207 1749; baseline 0.002 -4"><span class='ocrx_word' id='word_1_226' title='bbox 1855 1693 2165 1748; x_wconf 82' lang='lat' dir='ltr'><strong>admirabile</strong></span> <span class='ocrx_word' id='word_1_227' title='bbox 2193 1696 2262 1749; x_wconf 89' lang='lat' dir='ltr'><strong>sit</strong></span> <span class='ocrx_word' id='word_1_228' title='bbox 2290 1710 2480 1748; x_wconf 92' lang='lat' dir='ltr'><strong>nomen</strong></span> <span class='ocrx_word' id='word_1_229' title='bbox 2508 1702 2656 1746; x_wconf 91' lang='lat' dir='ltr'><strong>tuum</strong></span> <span class='ocrx_word' id='word_1_230' title='bbox 2689 1697 2742 1746; x_wconf 91' lang='lat' dir='ltr'><strong>in</strong></span> <span class='ocrx_word' id='word_1_231' title='bbox 2774 1695 3019 1747; x_wconf 84' lang='lat' dir='ltr'><strong>universa</strong></span> <span class='ocrx_word' id='word_1_232' title='bbox 3046 1703 3207 1748; x_wconf 90' lang='lat' dir='ltr'><strong>terra.</strong></span> 
     </span>
    </p>
   </div>
   <div class='ocr_carea' id='block_1_32' title="bbox 1924 1781 3379 1853">
    <p class='ocr_par' dir='ltr' id='par_1_32' title="bbox 1924 1781 3379 1853">
     <span class='ocr_line' id='line_1_32' title="bbox 1924 1781 3379 1853; baseline 0.001 -18"><span class='ocrx_word' id='word_1_233' title='bbox 1924 1781 2236 1838; x_wconf 85' lang='lat' dir='ltr'><strong>Admiratur</strong></span> <span class='ocrx_word' id='word_1_234' title='bbox 2268 1785 2500 1853; x_wconf 86' lang='lat' dir='ltr'><strong>Spiritus</strong></span> <span class='ocrx_word' id='word_1_235' title='bbox 2534 1784 2768 1849; x_wconf 86' lang='lat' dir='ltr'><strong>divinus,</strong></span> <span class='ocrx_word' id='word_1_236' title='bbox 2797 1791 2848 1838; x_wconf 90' lang='lat' dir='ltr'><strong>et</strong></span> <span class='ocrx_word' id='word_1_237' title='bbox 2895 1784 2948 1836; x_wconf 91' lang='lat' dir='ltr'><strong>in</strong></span> <span class='ocrx_word' id='word_1_238' title='bbox 2989 1785 3104 1852; x_wconf 92' lang='lat' dir='ltr'><strong>ipsa</strong></span> <span class='ocrx_word' id='word_1_239' title='bbox 3151 1785 3379 1837; x_wconf 85' lang='lat' dir='ltr'><strong>admira-</strong></span> 
     </span>
    </p>
   </div>
   <div class='ocr_carea' id='block_1_33' title="bbox 156 1865 1759 1944">
    <p class='ocr_par' dir='ltr' id='par_1_33' title="bbox 156 1865 1759 1940">
     <span class='ocr_line' id='line_1_33' title="bbox 156 1865 1759 1940; baseline 0.009 -31"><span class='ocrx_word' id='word_1_240' title='bbox 156 1865 505 1934; x_wconf 58' lang='lat' dir='ltr'><strong>ryaapaapoﬁ</strong></span> <span class='ocrx_word' id='word_1_241' title='bbox 538 1865 750 1932; x_wconf 84' lang='grc' dir='ltr'>λέγων·</span> <span class='ocrx_word' id='word_1_242' title='bbox 783 1869 1067 1940; x_wconf 83' lang='grc' dir='ltr'>Οὐρανοὺς</span> <span class='ocrx_word' id='word_1_243' title='bbox 1101 1870 1197 1937; x_wconf 82' lang='grc' dir='ltr'>μὲν</span> <span class='ocrx_word' id='word_1_244' title='bbox 1225 1871 1332 1938; x_wconf 84' lang='grc' dir='ltr'>ὁρῶ</span> <span class='ocrx_word' id='word_1_245' title='bbox 1368 1872 1488 1932; x_wconf 84' lang='grc' dir='ltr'>τοὺς</span> <span class='ocrx_word' id='word_1_246' title='bbox 1515 1871 1602 1923; x_wconf 77' lang='grc' dir='ltr'><strong>τὸν</strong></span> <span class='ocrx_word' id='word_1_247' title='bbox 1629 1871 1759 1940; x_wconf 89' lang='grc' dir='ltr'>σύμ-</span> 
     </span>
    </p>
   </div>
   <div class='ocr_carea' id='block_1_34' title="bbox 1864 1865 3382 1944">
    <p class='ocr_par' dir='ltr' id='par_1_34' title="bbox 1864 1873 3382 1944">
     <span class='ocr_line' id='line_1_34' title="bbox 1864 1873 3382 1944; baseline 0 -18"><span class='ocrx_word' id='word_1_248' title='bbox 1864 1873 2000 1926; x_wconf 83' lang='lat' dir='ltr'><strong>tione</strong></span> <span class='ocrx_word' id='word_1_249' title='bbox 2041 1875 2320 1942; x_wconf 72' lang='lat' dir='ltr'><strong>gloriatur,</strong></span> <span class='ocrx_word' id='word_1_250' title='bbox 2367 1875 2587 1928; x_wconf 89' lang='lat' dir='ltr'><strong>dicens:</strong></span> <span class='ocrx_word' id='word_1_251' title='bbox 2636 1875 2814 1928; x_wconf 68' lang='lat' dir='ltr'><strong>(Icelos</strong></span> <span class='ocrx_word' id='word_1_252' title='bbox 2853 1874 3068 1944; x_wconf 86' lang='lat' dir='ltr'><strong>quidem</strong></span> <span class='ocrx_word' id='word_1_253' title='bbox 3113 1874 3263 1927; x_wconf 85' lang='lat' dir='ltr'><strong>video</strong></span> <span class='ocrx_word' id='word_1_254' title='bbox 3291 1875 3382 1942; x_wconf 87' lang='lat' dir='ltr'><strong>qui</strong></span> 
     </span>
    </p>
   </div>
   <div class='ocr_carea' id='block_1_35' title="bbox 151 1955 1756 2028">
    <p class='ocr_par' dir='ltr' id='par_1_35' title="bbox 151 1955 1756 2028">
     <span class='ocr_line' id='line_1_35' title="bbox 151 1955 1756 2028; baseline 0.006 -27"><span class='ocrx_word' id='word_1_255' title='bbox 151 1966 362 2017; x_wconf 65' lang='grc' dir='ltr'>τκταντα</span> <span class='ocrx_word' id='word_1_256' title='bbox 387 1955 590 2022; x_wconf 84' lang='grc' dir='ltr'>κόσμον</span> <span class='ocrx_word' id='word_1_257' title='bbox 621 1955 1016 2024; x_wconf 78' lang='grc' dir='ltr'>περιέχοντας·</span> <span class='ocrx_word' id='word_1_258' title='bbox 1053 1959 1162 2027; x_wconf 84' lang='grc' dir='ltr'>ὁρῶ</span> <span class='ocrx_word' id='word_1_259' title='bbox 1193 1959 1247 2010; x_wconf 82' lang='grc' dir='ltr'>δὲ</span> <span class='ocrx_word' id='word_1_260' title='bbox 1285 1959 1376 2010; x_wconf 74' lang='grc' dir='ltr'>καὶ</span> <span class='ocrx_word' id='word_1_261' title='bbox 1413 1958 1635 2028; x_wconf 76' lang='grc' dir='ltr'>σελήνην</span> <span class='ocrx_word' id='word_1_262' title='bbox 1668 1959 1756 2010; x_wconf 75' lang='grc' dir='ltr'>καὶ</span> 
     </span>
    </p>
   </div>
   <div class='ocr_carea' id='block_1_36' title="bbox 163 2037 1756 2118">
    <p class='ocr_par' dir='ltr' id='par_1_36' title="bbox 163 2037 1756 2118">
     <span class='ocr_line' id='line_1_36' title="bbox 163 2037 1756 2118; baseline 0.008 -29"><span class='ocrx_word' id='word_1_263' title='bbox 163 2037 380 2110; x_wconf 60' lang='grc' dir='ltr'>σπῖρα,</span> <span class='ocrx_word' id='word_1_264' title='bbox 413 2043 506 2094; x_wconf 75' lang='grc' dir='ltr'>καὶ</span> <span class='ocrx_word' id='word_1_265' title='bbox 538 2041 716 2096; x_wconf 82' lang='grc' dir='ltr'>ταῦτα</span> <span class='ocrx_word' id='word_1_266' title='bbox 745 2045 929 2098; x_wconf 80' lang='grc' dir='ltr'>πάντα</span> <span class='ocrx_word' id='word_1_267' title='bbox 961 2046 1209 2115; x_wconf 80' lang='grc' dir='ltr'><strong>γνωρίζω</strong></span> <span class='ocrx_word' id='word_1_268' title='bbox 1235 2050 1298 2117; x_wconf 78' lang='grc' dir='ltr'>τῇ</span> <span class='ocrx_word' id='word_1_269' title='bbox 1337 2048 1490 2115; x_wconf 83' lang='grc' dir='ltr'>φύσει</span> <span class='ocrx_word' id='word_1_270' title='bbox 1514 2050 1637 2101; x_wconf 75' lang='grc' dir='ltr'>ὄντα</span> <span class='ocrx_word' id='word_1_271' title='bbox 1667 2067 1756 2118; x_wconf 79' lang='grc' dir='ltr'>με-</span> 
     </span>
    </p>
   </div>
   <div class='ocr_carea' id='block_1_37' title="bbox 199 2129 1756 2206">
    <p class='ocr_par' dir='ltr' id='par_1_37' title="bbox 199 2129 1756 2206">
     <span class='ocr_line' id='line_1_37' title="bbox 199 2129 1756 2206; baseline 0.006 -26"><span class='ocrx_word' id='word_1_272' title='bbox 199 2129 330 2198; x_wconf 59' lang='grc' dir='ltr'>γάλα</span> <span class='ocrx_word' id='word_1_273' title='bbox 359 2131 450 2182; x_wconf 80' lang='grc' dir='ltr'>καὶ</span> <span class='ocrx_word' id='word_1_274' title='bbox 477 2130 774 2198; x_wconf 77' lang='grc' dir='ltr'>Θαυμαστὰ</span> <span class='ocrx_word' id='word_1_275' title='bbox 804 2133 906 2202; x_wconf 76' lang='grc' dir='ltr'>τῆς</span> <span class='ocrx_word' id='word_1_276' title='bbox 927 2134 1054 2203; x_wconf 82' lang='grc' dir='ltr'>ὅλης</span> <span class='ocrx_word' id='word_1_277' title='bbox 1074 2135 1419 2204; x_wconf 81' lang='grc' dir='ltr'>δημιουργίας</span> <span class='ocrx_word' id='word_1_278' title='bbox 1450 2135 1616 2206; x_wconf 86' lang='grc' dir='ltr'>μέρη·</span> <span class='ocrx_word' id='word_1_279' title='bbox 1647 2137 1756 2190; x_wconf 87' lang='grc' dir='ltr'>ἀλλ’</span> 
     </span>
    </p>
   </div>
   <div class='ocr_carea' id='block_1_38' title="bbox 225 2221 1758 2294">
    <p class='ocr_par' dir='ltr' id='par_1_38' title="bbox 225 2221 1758 2294">
     <span class='ocr_line' id='line_1_38' title="bbox 225 2221 1758 2294; baseline 0.007 -24"><span class='ocrx_word' id='word_1_280' title='bbox 225 2221 356 2288; x_wconf 77' lang='grc' dir='ltr'>ὅμως,</span> <span class='ocrx_word' id='word_1_281' title='bbox 386 2223 592 2292; x_wconf 81' lang='grc' dir='ltr'>καίπερ</span> <span class='ocrx_word' id='word_1_282' title='bbox 617 2225 750 2276; x_wconf 73' lang='grc' dir='ltr'>ὄντα</span> <span class='ocrx_word' id='word_1_283' title='bbox 778 2225 1028 2286; x_wconf 83' lang='grc' dir='ltr'>τοιαῦτα,</span> <span class='ocrx_word' id='word_1_284' title='bbox 1059 2221 1194 2286; x_wconf 76' lang='grc' dir='ltr'>οἶδα,</span> <span class='ocrx_word' id='word_1_285' title='bbox 1215 2231 1300 2283; x_wconf 79' lang='grc' dir='ltr'>ὅτι</span> <span class='ocrx_word' id='word_1_286' title='bbox 1331 2226 1633 2294; x_wconf 83' lang='grc' dir='ltr'>βραχύτατα</span> <span class='ocrx_word' id='word_1_287' title='bbox 1653 2228 1758 2280; x_wconf 86' lang='grc' dir='ltr'><strong>τῶν</strong></span> 
     </span>
    </p>
   </div>
   <div class='ocr_carea' id='block_1_39' title="bbox 226 2310 1758 2382">
    <p class='ocr_par' dir='ltr' id='par_1_39' title="bbox 226 2310 1758 2382">
     <span class='ocr_line' id='line_1_39' title="bbox 226 2310 1758 2382; baseline 0.005 -21"><span class='ocrx_word' id='word_1_288' title='bbox 226 2310 304 2360; x_wconf 79' lang='grc' dir='ltr'><strong>σῶν</strong></span> <span class='ocrx_word' id='word_1_289' title='bbox 331 2310 508 2380; x_wconf 78' lang='grc' dir='ltr'>ἔργων</span> <span class='ocrx_word' id='word_1_290' title='bbox 535 2313 1012 2382; x_wconf 84' lang='grc' dir='ltr'>τυγχάνει.Ἔργα</span> <span class='ocrx_word' id='word_1_291' title='bbox 1040 2313 1168 2380; x_wconf 84' lang='grc' dir='ltr'>γοῦν</span> <span class='ocrx_word' id='word_1_292' title='bbox 1200 2315 1313 2366; x_wconf 79' lang='grc' dir='ltr'>ἐστι</span> <span class='ocrx_word' id='word_1_293' title='bbox 1333 2316 1500 2367; x_wconf 81' lang='grc' dir='ltr'>ταῦτα</span> <span class='ocrx_word' id='word_1_294' title='bbox 1521 2315 1627 2367; x_wconf 86' lang='grc' dir='ltr'><strong>τῶν</strong></span> <span class='ocrx_word' id='word_1_295' title='bbox 1654 2316 1758 2368; x_wconf 86' lang='grc' dir='ltr'><strong>σῶν</strong></span> 
     </span>
    </p>
   </div>
   <div class='ocr_carea' id='block_1_40' title="bbox 225 2400 1760 2473">
    <p class='ocr_par' dir='ltr' id='par_1_40' title="bbox 225 2400 1760 2473">
     <span class='ocr_line' id='line_1_40' title="bbox 225 2400 1760 2473; baseline 0.005 -23"><span class='ocrx_word' id='word_1_296' title='bbox 225 2400 490 2453; x_wconf 80' lang='grc' dir='ltr'>δακτύλων·</span> <span class='ocrx_word' id='word_1_297' title='bbox 534 2403 660 2472; x_wconf 71' lang='grc' dir='ltr'>οὐχὶ</span> <span class='ocrx_word' id='word_1_298' title='bbox 685 2403 744 2454; x_wconf 84' lang='grc' dir='ltr'>δὲ</span> <span class='ocrx_word' id='word_1_299' title='bbox 773 2403 994 2470; x_wconf 87' lang='grc' dir='ltr'>χειρῶν,</span> <span class='ocrx_word' id='word_1_300' title='bbox 1022 2403 1139 2454; x_wconf 81' lang='grc' dir='ltr'>οὐδὲ</span> <span class='ocrx_word' id='word_1_301' title='bbox 1169 2404 1401 2473; x_wconf 75' lang='grc' dir='ltr'>μεγάλης</span> <span class='ocrx_word' id='word_1_302' title='bbox 1435 2405 1574 2468; x_wconf 87' lang='grc' dir='ltr'>τινὸς</span> <span class='ocrx_word' id='word_1_303' title='bbox 1609 2407 1760 2458; x_wconf 81' lang='grc' dir='ltr'>δυνά-</span> 
     </span>
    </p>
   </div>
   <div class='ocr_carea' id='block_1_41' title="bbox 232 2491 1757 2566">
    <p class='ocr_par' dir='ltr' id='par_1_41' title="bbox 232 2491 1757 2566">
     <span class='ocr_line' id='line_1_41' title="bbox 232 2491 1757 2566; baseline 0.005 -26"><span class='ocrx_word' id='word_1_304' title='bbox 232 2506 365 2555; x_wconf 84' lang='grc' dir='ltr'>μεως·</span> <span class='ocrx_word' id='word_1_305' title='bbox 405 2491 545 2554; x_wconf 81' lang='grc' dir='ltr'>ἀλλ’,</span> <span class='ocrx_word' id='word_1_306' title='bbox 576 2493 656 2554; x_wconf 83' lang='grc' dir='ltr'>ὡς</span> <span class='ocrx_word' id='word_1_307' title='bbox 689 2493 758 2544; x_wconf 82' lang='grc' dir='ltr'>ἂν</span> <span class='ocrx_word' id='word_1_308' title='bbox 790 2492 937 2544; x_wconf 70' lang='grc' dir='ltr'>εἴποι</span> <span class='ocrx_word' id='word_1_309' title='bbox 968 2510 1071 2556; x_wconf 89' lang='grc' dir='ltr'>τις,</span> <span class='ocrx_word' id='word_1_310' title='bbox 1109 2493 1286 2561; x_wconf 79' lang='grc' dir='ltr'>ἄκρων</span> <span class='ocrx_word' id='word_1_311' title='bbox 1313 2493 1602 2558; x_wconf 82' lang='grc' dir='ltr'>δακτύλων,</span> <span class='ocrx_word' id='word_1_312' title='bbox 1637 2512 1757 2566; x_wconf 88' lang='grc' dir='ltr'>τρο-</span> 
     </span>
    </p>
   </div>
   <div class='ocr_carea' id='block_1_42' title="bbox 230 2581 1756 2653">
    <p class='ocr_par' dir='ltr' id='par_1_42' title="bbox 230 2581 1756 2653">
     <span class='ocr_line' id='line_1_42' title="bbox 230 2581 1756 2653; baseline 0.005 -24"><span class='ocrx_word' id='word_1_313' title='bbox 230 2581 368 2644; x_wconf 79' lang='grc' dir='ltr'>πικῶς</span> <span class='ocrx_word' id='word_1_314' title='bbox 396 2581 570 2643; x_wconf 78' lang='grc' dir='ltr'>οὕτως</span> <span class='ocrx_word' id='word_1_315' title='bbox 595 2583 706 2635; x_wconf 85' lang='grc' dir='ltr'><strong>τῶν</strong></span> <span class='ocrx_word' id='word_1_316' title='bbox 739 2581 1023 2652; x_wconf 84' lang='grc' dir='ltr'>δυνάμεων</span> <span class='ocrx_word' id='word_1_317' title='bbox 1052 2582 1456 2653; x_wconf 82' lang='grc' dir='ltr'>ὀνομαζομένων</span> <span class='ocrx_word' id='word_1_318' title='bbox 1486 2584 1576 2636; x_wconf 84' lang='grc' dir='ltr'><strong>τοῦ</strong></span> <span class='ocrx_word' id='word_1_319' title='bbox 1605 2585 1756 2649; x_wconf 87' lang='grc' dir='ltr'>Θεοῦ,</span> 
     </span>
    </p>
   </div>
   <div class='ocr_carea' id='block_1_43' title="bbox 201 2665 1758 2744">
    <p class='ocr_par' dir='ltr' id='par_1_43' title="bbox 201 2665 1758 2744">
     <span class='ocr_line' id='line_1_43' title="bbox 201 2665 1758 2744; baseline 0.006 -24"><span class='ocrx_word' id='word_1_320' title='bbox 201 2666 272 2721; x_wconf 71' lang='grc' dir='ltr'>δι’</span> <span class='ocrx_word' id='word_1_321' title='bbox 293 2665 362 2724; x_wconf 81' lang='grc' dir='ltr'>ὧν</span> <span class='ocrx_word' id='word_1_322' title='bbox 387 2672 453 2725; x_wconf 73' lang='grc' dir='ltr'><strong>τὰ</strong></span> <span class='ocrx_word' id='word_1_323' title='bbox 479 2672 719 2742; x_wconf 76' lang='grc' dir='ltr'>αἰσθητὰ</span> <span class='ocrx_word' id='word_1_324' title='bbox 749 2674 846 2726; x_wconf 68' lang='grc' dir='ltr'><strong>καὶ</strong></span> <span class='ocrx_word' id='word_1_325' title='bbox 875 2672 1125 2742; x_wconf 84' lang='grc' dir='ltr'>ὁρώμενα</span> <span class='ocrx_word' id='word_1_326' title='bbox 1157 2673 1598 2744; x_wconf 80' lang='grc' dir='ltr'>δημιουργήματα</span> <span class='ocrx_word' id='word_1_327' title='bbox 1636 2693 1758 2729; x_wconf 89' lang='grc' dir='ltr'>συν-</span> 
     </span>
    </p>
   </div>
   <div class='ocr_carea' id='block_1_44' title="bbox 173 2764 478 2832">
    <p class='ocr_par' dir='ltr' id='par_1_44' title="bbox 173 2764 478 2832">
     <span class='ocr_line' id='line_1_44' title="bbox 173 2764 478 2832; baseline 0.01 -20"><span class='ocrx_word' id='word_1_328' title='bbox 173 2764 328 2832; x_wconf 60' lang='lat' dir='ltr'><strong>sed;</strong></span> <span class='ocrx_word' id='word_1_329' title='bbox 338 2780 478 2815; x_wconf 87' lang='grc' dir='ltr'>σατο.</span> 
     </span>
    </p>
   </div>
   <div class='ocr_carea' id='block_1_45' title="bbox 287 2851 1756 2922">
    <p class='ocr_par' dir='ltr' id='par_1_45' title="bbox 287 2851 1756 2922">
     <span class='ocr_line' id='line_1_45' title="bbox 287 2851 1756 2922; baseline 0.003 -19"><span class='ocrx_word' id='word_1_330' title='bbox 287 2851 656 2919; x_wconf 74' lang='grc' dir='ltr'>Ὴλὰττωσας</span> <span class='ocrx_word' id='word_1_331' title='bbox 720 2854 908 2908; x_wconf 84' lang='grc' dir='ltr'>αὑτὸν</span> <span class='ocrx_word' id='word_1_332' title='bbox 947 2854 1146 2921; x_wconf 81' lang='grc' dir='ltr'>,βραχὺ</span> <span class='ocrx_word' id='word_1_333' title='bbox 1186 2870 1240 2905; x_wconf 83' lang='grc' dir='ltr'><strong>τι</strong></span> <span class='ocrx_word' id='word_1_334' title='bbox 1289 2856 1424 2920; x_wconf 81' lang='grc' dir='ltr'>παρ’</span> <span class='ocrx_word' id='word_1_335' title='bbox 1455 2854 1756 2922; x_wconf 72' lang='grc' dir='ltr'>ἀγγέλους,</span> 
     </span>
    </p>
   </div>
   <div class='ocr_carea' id='block_1_46' title="bbox 170 2939 1763 3015">
    <p class='ocr_par' dir='ltr' id='par_1_46' title="bbox 170 2939 1763 3015">
     <span class='ocr_line' id='line_1_46' title="bbox 170 2939 1763 3015; baseline 0.004 -24"><span class='ocrx_word' id='word_1_336' title='bbox 170 2939 345 3009; x_wconf 63' lang='grc' dir='ltr'>ἓόξῃ</span> <span class='ocrx_word' id='word_1_337' title='bbox 385 2945 481 2996; x_wconf 82' lang='grc' dir='ltr'>καὶ</span> <span class='ocrx_word' id='word_1_338' title='bbox 521 2943 664 3012; x_wconf 79' lang='grc' dir='ltr'>τιμῇ</span> <span class='ocrx_word' id='word_1_339' title='bbox 697 2942 1126 3012; x_wconf 67' lang='grc' dir='ltr'>ἐστεφάνωσας</span> <span class='ocrx_word' id='word_1_340' title='bbox 1157 2945 1356 2996; x_wconf 81' lang='grc' dir='ltr'>αὐτόν.</span> <span class='ocrx_word' id='word_1_341' title='bbox 1387 2946 1492 2998; x_wconf 75' lang='grc' dir='ltr'><strong>Καὶ</strong></span> <span class='ocrx_word' id='word_1_342' title='bbox 1523 2946 1624 3015; x_wconf 82' lang='grc' dir='ltr'>μὴν</span> <span class='ocrx_word' id='word_1_343' title='bbox 1649 2945 1763 2998; x_wconf 75' lang='grc' dir='ltr'>ἑτέ-</span> 
     </span>
    </p>
   </div>
   <div class='ocr_carea' id='block_1_47' title="bbox 173 3034 1760 3105">
    <p class='ocr_par' dir='ltr' id='par_1_47' title="bbox 173 3034 1760 3105">
     <span class='ocr_line' id='line_1_47' title="bbox 173 3034 1760 3105; baseline 0.001 -18"><span class='ocrx_word' id='word_1_344' title='bbox 173 3046 314 3104; x_wconf 49' lang='lat' dir='ltr'><strong>(In;</strong></span> <span class='ocrx_word' id='word_1_345' title='bbox 359 3034 484 3105; x_wconf 76' lang='grc' dir='ltr'>δόξῃ</span> <span class='ocrx_word' id='word_1_346' title='bbox 533 3038 633 3088; x_wconf 73' lang='grc' dir='ltr'>καὶ</span> <span class='ocrx_word' id='word_1_347' title='bbox 682 3039 821 3104; x_wconf 85' lang='grc' dir='ltr'>τιμῇ</span> <span class='ocrx_word' id='word_1_348' title='bbox 865 3035 955 3087; x_wconf 81' lang='grc' dir='ltr'>τὸν</span> <span class='ocrx_word' id='word_1_349' title='bbox 1011 3034 1288 3105; x_wconf 83' lang='grc' dir='ltr'>ἄνθρωπον</span> <span class='ocrx_word' id='word_1_350' title='bbox 1343 3035 1704 3102; x_wconf 74' lang='grc' dir='ltr'>ἐστεφάνωσεν</span> <span class='ocrx_word' id='word_1_351' title='bbox 1733 3037 1760 3088; x_wconf 83' lang='grc' dir='ltr'>ὁ</span> 
     </span>
    </p>
   </div>
   <div class='ocr_carea' id='block_1_48' title="bbox 169 3119 1760 3194">
    <p class='ocr_par' dir='ltr' id='par_1_48' title="bbox 169 3119 1760 3194">
     <span class='ocr_line' id='line_1_48' title="bbox 169 3119 1760 3194; baseline 0.003 -22"><span class='ocrx_word' id='word_1_352' title='bbox 169 3119 349 3187; x_wconf 47' lang='lat' dir='ltr'><strong>det,</strong></span> <span class='ocrx_word' id='word_1_353' title='bbox 374 3126 465 3177; x_wconf 77' lang='grc' dir='ltr'><strong>ἐπὶ</strong></span> <span class='ocrx_word' id='word_1_354' title='bbox 511 3125 677 3194; x_wconf 87' lang='grc' dir='ltr'>μόνου</span> <span class='ocrx_word' id='word_1_355' title='bbox 718 3124 814 3176; x_wconf 81' lang='grc' dir='ltr'><strong>τοῦ</strong></span> <span class='ocrx_word' id='word_1_356' title='bbox 850 3123 1134 3193; x_wconf 77' lang='grc' dir='ltr'>ἀνθρώπου</span> <span class='ocrx_word' id='word_1_357' title='bbox 1177 3126 1346 3194; x_wconf 82' lang='grc' dir='ltr'>φήσας</span> <span class='ocrx_word' id='word_1_358' title='bbox 1369 3141 1381 3154; x_wconf 80' lang='grc'><em>’</em></span> <span class='ocrx_word' id='word_1_359' title='bbox 1421 3123 1760 3192; x_wconf 76' lang='grc' dir='ltr'>Ποιήσωμεν</span> 
     </span>
    </p>
   </div>
   <div class='ocr_carea' id='block_1_49' title="bbox 192 3199 1827 3282">
    <p class='ocr_par' dir='ltr' id='par_1_49' title="bbox 192 3199 1827 3282">
     <span class='ocr_line' id='line_1_49' title="bbox 192 3199 1827 3282; baseline 0 -17"><span class='ocrx_word' id='word_1_360' title='bbox 192 3209 508 3280; x_wconf 63' lang='grc' dir='ltr'><strong>δνθρωπσν</strong></span> <span class='ocrx_word' id='word_1_361' title='bbox 541 3217 674 3267; x_wconf 83' lang='grc' dir='ltr'>κατ’</span> <span class='ocrx_word' id='word_1_362' title='bbox 707 3216 913 3267; x_wconf 74' lang='grc' dir='ltr'>εἰκόνα</span> <span class='ocrx_word' id='word_1_363' title='bbox 951 3215 1238 3282; x_wconf 76' lang='grc' dir='ltr'>ἡμετέραν</span> <span class='ocrx_word' id='word_1_364' title='bbox 1268 3214 1362 3267; x_wconf 72' lang='grc' dir='ltr'>καὶ</span> <span class='ocrx_word' id='word_1_365' title='bbox 1394 3215 1519 3268; x_wconf 81' lang='grc' dir='ltr'><strong>καθ’</strong></span> <span class='ocrx_word' id='word_1_366' title='bbox 1559 3217 1758 3281; x_wconf 79' lang='grc' dir='ltr'>όμοίω-</span> <span class='ocrx_word' id='word_1_367' title='bbox 1787 3199 1827 3255; x_wconf 79' lang='lat' dir='ltr'><strong>C</strong></span> 
     </span>
    </p>
   </div>
   <div class='ocr_carea' id='block_1_50' title="bbox 223 3305 1758 3375">
    <p class='ocr_par' dir='ltr' id='par_1_50' title="bbox 223 3305 1758 3375">
     <span class='ocr_line' id='line_1_50' title="bbox 223 3305 1758 3375; baseline -0.001 -18"><span class='ocrx_word' id='word_1_368' title='bbox 223 3317 323 3368; x_wconf 77' lang='grc' dir='ltr'>ισιν,</span> <span class='ocrx_word' id='word_1_369' title='bbox 359 3307 446 3358; x_wconf 75' lang='grc' dir='ltr'>καὶ</span> <span class='ocrx_word' id='word_1_370' title='bbox 480 3306 762 3374; x_wconf 76' lang='grc' dir='ltr'>διαφόρως</span> <span class='ocrx_word' id='word_1_371' title='bbox 786 3309 897 3368; x_wconf 83' lang='grc' dir='ltr'>τοῖς</span> <span class='ocrx_word' id='word_1_372' title='bbox 938 3305 1112 3372; x_wconf 82' lang='grc' dir='ltr'>ἁγίοις</span> <span class='ocrx_word' id='word_1_373' title='bbox 1139 3305 1437 3375; x_wconf 76' lang='grc' dir='ltr'>ἀνθρώποις</span> <span class='ocrx_word' id='word_1_374' title='bbox 1466 3305 1758 3372; x_wconf 74' lang='grc' dir='ltr'>ἐπιφανεὶς,</span> 
     </span>
    </p>
   </div>
   <div class='ocr_carea' id='block_1_51' title="bbox 237 3395 1764 3466">
    <p class='ocr_par' dir='ltr' id='par_1_51' title="bbox 237 3395 1764 3466">
     <span class='ocr_line' id='line_1_51' title="bbox 237 3395 1764 3466; baseline 0.003 -25"><span class='ocrx_word' id='word_1_375' title='bbox 237 3395 300 3443; x_wconf 76' lang='grc' dir='ltr'>καὶ</span> <span class='ocrx_word' id='word_1_376' title='bbox 327 3395 643 3466; x_wconf 86' lang='grc' dir='ltr'>Πνεύματος</span> <span class='ocrx_word' id='word_1_377' title='bbox 687 3396 866 3462; x_wconf 84' lang='grc' dir='ltr'>ἁγίου,</span> <span class='ocrx_word' id='word_1_378' title='bbox 900 3396 992 3448; x_wconf 70' lang='grc' dir='ltr'>καὶ</span> <span class='ocrx_word' id='word_1_379' title='bbox 1030 3395 1302 3465; x_wconf 81' lang='grc' dir='ltr'>δυνάμεως</span> <span class='ocrx_word' id='word_1_380' title='bbox 1330 3395 1574 3464; x_wconf 85' lang='grc' dir='ltr'>οὐρανίου</span> <span class='ocrx_word' id='word_1_381' title='bbox 1605 3412 1764 3464; x_wconf 86' lang='grc' dir='ltr'>μετα-</span> 
     </span>
    </p>
   </div>
   <div class='ocr_carea' id='block_1_52' title="bbox 235 3476 1763 3554">
    <p class='ocr_par' dir='ltr' id='par_1_52' title="bbox 235 3476 1763 3554">
     <span class='ocr_line' id='line_1_52' title="bbox 235 3476 1763 3554; baseline 0.002 -23"><span class='ocrx_word' id='word_1_382' title='bbox 235 3476 340 3545; x_wconf 76' lang='grc' dir='ltr'>δοὺς,</span> <span class='ocrx_word' id='word_1_383' title='bbox 369 3485 444 3546; x_wconf 83' lang='grc' dir='ltr'>ὡς</span> <span class='ocrx_word' id='word_1_384' title='bbox 473 3485 537 3535; x_wconf 78' lang='grc' dir='ltr'>τὸ</span> <span class='ocrx_word' id='word_1_385' title='bbox 575 3483 773 3554; x_wconf 80' lang='grc' dir='ltr'>μέλλον</span> <span class='ocrx_word' id='word_1_386' title='bbox 807 3484 1024 3545; x_wconf 76' lang='grc' dir='ltr'>ειδέναι,</span> <span class='ocrx_word' id='word_1_387' title='bbox 1059 3484 1150 3536; x_wconf 74' lang='grc' dir='ltr'>καὶ</span> <span class='ocrx_word' id='word_1_388' title='bbox 1171 3483 1354 3546; x_wconf 88' lang='grc' dir='ltr'>νόσους</span> <span class='ocrx_word' id='word_1_389' title='bbox 1380 3482 1635 3546; x_wconf 81' lang='grc' dir='ltr'>ἐλαύνειν,</span> <span class='ocrx_word' id='word_1_390' title='bbox 1670 3483 1763 3535; x_wconf 73' lang='grc' dir='ltr'>καὶ</span> 
     </span>
    </p>
   </div>
   <div class='ocr_carea' id='block_1_53' title="bbox 234 3571 1762 3645">
    <p class='ocr_par' dir='ltr' id='par_1_53' title="bbox 234 3571 1762 3645">
     <span class='ocr_line' id='line_1_53' title="bbox 234 3571 1762 3645; baseline 0.001 -23"><span class='ocrx_word' id='word_1_391' title='bbox 234 3576 420 3642; x_wconf 72' lang='grc' dir='ltr'>νεκροὺς</span> <span class='ocrx_word' id='word_1_392' title='bbox 453 3576 719 3645; x_wconf 78' lang='grc' dir='ltr'>ἀνιστᾷν·</span> <span class='ocrx_word' id='word_1_393' title='bbox 758 3575 853 3627; x_wconf 76' lang='grc' dir='ltr'>καὶ</span> <span class='ocrx_word' id='word_1_394' title='bbox 885 3574 946 3625; x_wconf 79' lang='grc' dir='ltr'>τὸ</span> <span class='ocrx_word' id='word_1_395' title='bbox 987 3574 1235 3642; x_wconf 86' lang='grc' dir='ltr'>μέγιστον</span> <span class='ocrx_word' id='word_1_396' title='bbox 1263 3573 1531 3634; x_wconf 84' lang='grc' dir='ltr'>ἁπάντων,</span> <span class='ocrx_word' id='word_1_397' title='bbox 1565 3575 1627 3642; x_wconf 80' lang='grc' dir='ltr'><strong>τῇ</strong></span> <span class='ocrx_word' id='word_1_398' title='bbox 1671 3571 1762 3625; x_wconf 88' lang='grc' dir='ltr'><strong>τοῦ</strong></span> 
     </span>
    </p>
   </div>
   <div class='ocr_carea' id='block_1_54' title="bbox 229 3656 1328 3733">
    <p class='ocr_par' dir='ltr' id='par_1_54' title="bbox 229 3656 1328 3733">
     <span class='ocr_line' id='line_1_54' title="bbox 229 3656 1328 3733; baseline 0.003 -23"><span class='ocrx_word' id='word_1_399' title='bbox 229 3656 536 3731; x_wconf 78' lang='grc' dir='ltr'>Μονογενοῦς</span> <span class='ocrx_word' id='word_1_400' title='bbox 564 3666 813 3733; x_wconf 81' lang='grc' dir='ltr'>τιμήσας</span> <span class='ocrx_word' id='word_1_401' title='bbox 846 3663 1007 3715; x_wconf 85' lang='grc' dir='ltr'>αὑτὸν</span> <span class='ocrx_word' id='word_1_402' title='bbox 1039 3662 1328 3732; x_wconf 82' lang='grc' dir='ltr'>παρουσίᾳ.</span> 
     </span>
    </p>
   </div>
   <div class='ocr_carea' id='block_1_55' title="bbox 273 3751 1762 3821">
    <p class='ocr_par' dir='ltr' id='par_1_55' title="bbox 273 3751 1762 3821">
     <span class='ocr_line' id='line_1_55' title="bbox 273 3751 1762 3821; baseline -0.001 -16"><span class='ocrx_word' id='word_1_403' title='bbox 273 3755 414 3821; x_wconf 78' lang='grc' dir='ltr'><strong>Δόξῃ</strong></span> <span class='ocrx_word' id='word_1_404' title='bbox 462 3755 565 3807; x_wconf 78' lang='grc' dir='ltr'>καὶ</span> <span class='ocrx_word' id='word_1_405' title='bbox 603 3753 745 3821; x_wconf 79' lang='grc' dir='ltr'>τιμῇ</span> <span class='ocrx_word' id='word_1_406' title='bbox 776 3752 1199 3820; x_wconf 71' lang='grc' dir='ltr'>ἐστεφάνωσας</span> <span class='ocrx_word' id='word_1_407' title='bbox 1238 3751 1439 3815; x_wconf 81' lang='grc' dir='ltr'>αὑτὸν,</span> <span class='ocrx_word' id='word_1_408' title='bbox 1477 3751 1572 3803; x_wconf 79' lang='grc' dir='ltr'>καὶ</span> <span class='ocrx_word' id='word_1_409' title='bbox 1627 3768 1762 3804; x_wconf 84' lang='grc' dir='ltr'>κατ-</span> 
     </span>
    </p>
   </div>
   <div class='ocr_carea' id='block_1_56' title="bbox 219 3833 1757 3908">
    <p class='ocr_par' dir='ltr' id='par_1_56' title="bbox 219 3833 1757 3908">
     <span class='ocr_line' id='line_1_56' title="bbox 219 3833 1757 3908; baseline 0.001 -15"><span class='ocrx_word' id='word_1_410' title='bbox 219 3833 459 3908; x_wconf 79' lang='grc' dir='ltr'>έστησας</span> <span class='ocrx_word' id='word_1_411' title='bbox 514 3841 715 3894; x_wconf 66' lang='grc' dir='ltr'>αὐτόν</span> <span class='ocrx_word' id='word_1_412' title='bbox 763 3841 859 3893; x_wconf 73' lang='grc' dir='ltr'><strong>ἐπὶ</strong></span> <span class='ocrx_word' id='word_1_413' title='bbox 911 3841 982 3892; x_wconf 81' lang='grc' dir='ltr'>τὰ</span> <span class='ocrx_word' id='word_1_414' title='bbox 1031 3841 1174 3908; x_wconf 79' lang='grc' dir='ltr'>ἔργα</span> <span class='ocrx_word' id='word_1_415' title='bbox 1226 3840 1343 3892; x_wconf 82' lang='grc' dir='ltr'>τῶν</span> <span class='ocrx_word' id='word_1_416' title='bbox 1385 3839 1594 3908; x_wconf 81' lang='grc' dir='ltr'>χειρῶν</span> <span class='ocrx_word' id='word_1_417' title='bbox 1625 3856 1757 3894; x_wconf 90' lang='grc' dir='ltr'>σου.</span> 
     </span>
    </p>
   </div>
   <div class='ocr_carea' id='block_1_57' title="bbox 213 3927 1761 3996">
    <p class='ocr_par' dir='ltr' id='par_1_57' title="bbox 213 3927 1761 3996">
     <span class='ocr_line' id='line_1_57' title="bbox 213 3927 1761 3996; baseline 0.001 -14"><span class='ocrx_word' id='word_1_418' title='bbox 213 3927 393 3987; x_wconf 71' lang='grc' dir='ltr'>Πάντα</span> <span class='ocrx_word' id='word_1_419' title='bbox 451 3931 771 3996; x_wconf 77' lang='grc' dir='ltr'>ὑπέταξας</span> <span class='ocrx_word' id='word_1_420' title='bbox 828 3931 1103 3985; x_wconf 80' lang='grc' dir='ltr'>ὑποκάτω</span> <span class='ocrx_word' id='word_1_421' title='bbox 1150 3928 1267 3982; x_wconf 76' lang='grc' dir='ltr'><strong>τῶν</strong></span> <span class='ocrx_word' id='word_1_422' title='bbox 1316 3928 1512 3983; x_wconf 76' lang='grc' dir='ltr'>ποδῶν</span> <span class='ocrx_word' id='word_1_423' title='bbox 1560 3931 1761 3994; x_wconf 83' lang='grc' dir='ltr'>αὐτοῦ,</span> 
     </span>
    </p>
   </div>
   <div class='ocr_carea' id='block_1_58' title="bbox 211 4018 1762 4086">
    <p class='ocr_par' dir='ltr' id='par_1_58' title="bbox 211 4018 1762 4086">
     <span class='ocr_line' id='line_1_58' title="bbox 211 4018 1762 4086; baseline -0.003 -10"><span class='ocrx_word' id='word_1_424' title='bbox 211 4026 454 4084; x_wconf 71' lang='grc' dir='ltr'>πρόϐατα</span> <span class='ocrx_word' id='word_1_425' title='bbox 505 4023 612 4075; x_wconf 83' lang='grc' dir='ltr'>καὶ</span> <span class='ocrx_word' id='word_1_426' title='bbox 669 4023 830 4086; x_wconf 77' lang='grc' dir='ltr'>βόας</span> <span class='ocrx_word' id='word_1_427' title='bbox 873 4019 1094 4085; x_wconf 80' lang='grc' dir='ltr'>πάσας,</span> <span class='ocrx_word' id='word_1_428' title='bbox 1127 4019 1214 4071; x_wconf 80' lang='grc' dir='ltr'>ἔτι</span> <span class='ocrx_word' id='word_1_429' title='bbox 1243 4018 1310 4072; x_wconf 78' lang='grc' dir='ltr'>δὲ</span> <span class='ocrx_word' id='word_1_430' title='bbox 1352 4019 1446 4071; x_wconf 78' lang='grc' dir='ltr'>καὶ</span> <span class='ocrx_word' id='word_1_431' title='bbox 1476 4019 1546 4071; x_wconf 84' lang='grc' dir='ltr'>τὰ</span> <span class='ocrx_word' id='word_1_432' title='bbox 1578 4019 1762 4086; x_wconf 80' lang='grc' dir='ltr'>κτήνη</span> 
     </span>
    </p>
   </div>
   <div class='ocr_carea' id='block_1_59' title="bbox 206 4109 1766 4178">
    <p class='ocr_par' dir='ltr' id='par_1_59' title="bbox 206 4109 1766 4178">
     <span class='ocr_line' id='line_1_59' title="bbox 206 4109 1766 4178; baseline 0.004 -21"><span class='ocrx_word' id='word_1_433' title='bbox 206 4115 296 4165; x_wconf 72' lang='grc' dir='ltr'><strong>τοῦ</strong></span> <span class='ocrx_word' id='word_1_434' title='bbox 346 4116 586 4176; x_wconf 74' lang='grc' dir='ltr'>πεδίου,</span> <span class='ocrx_word' id='word_1_435' title='bbox 629 4112 705 4165; x_wconf 86' lang='grc' dir='ltr'>τὰ</span> <span class='ocrx_word' id='word_1_436' title='bbox 752 4112 991 4164; x_wconf 81' lang='grc' dir='ltr'>πετεινὰ</span> <span class='ocrx_word' id='word_1_437' title='bbox 1022 4110 1126 4164; x_wconf 89' lang='grc' dir='ltr'><strong>τοῦ</strong></span> <span class='ocrx_word' id='word_1_438' title='bbox 1171 4109 1442 4178; x_wconf 79' lang='grc' dir='ltr'>οὐρανοῦ,</span> <span class='ocrx_word' id='word_1_439' title='bbox 1487 4109 1585 4163; x_wconf 81' lang='grc' dir='ltr'><strong>καὶ</strong></span> <span class='ocrx_word' id='word_1_440' title='bbox 1627 4111 1766 4176; x_wconf 89' lang='grc' dir='ltr'>τοὺς</span> 
     </span>
    </p>
   </div>
   <div class='ocr_carea' id='block_1_60' title="bbox 204 4200 1766 4273">
    <p class='ocr_par' dir='ltr' id='par_1_60' title="bbox 204 4200 1766 4273">
     <span class='ocr_line' id='line_1_60' title="bbox 204 4200 1766 4273; baseline -0.004 -14"><span class='ocrx_word' id='word_1_441' title='bbox 204 4200 401 4273; x_wconf 75' lang='grc' dir='ltr'>ιχθύας</span> <span class='ocrx_word' id='word_1_442' title='bbox 433 4206 548 4273; x_wconf 85' lang='grc' dir='ltr'>τῆς</span> <span class='ocrx_word' id='word_1_443' title='bbox 583 4206 930 4269; x_wconf 77' lang='grc' dir='ltr'>θαλάσσης,</span> <span class='ocrx_word' id='word_1_444' title='bbox 961 4203 1032 4256; x_wconf 82' lang='grc' dir='ltr'>τὰ</span> <span class='ocrx_word' id='word_1_445' title='bbox 1053 4203 1512 4269; x_wconf 77' lang='grc' dir='ltr'>διαπορευόμενα</span> <span class='ocrx_word' id='word_1_446' title='bbox 1535 4203 1766 4269; x_wconf 78' lang='grc' dir='ltr'>τρίϐους</span> 
     </span>
    </p>
   </div>
   <div class='ocr_carea' id='block_1_61' title="bbox 200 4291 1767 4365">
    <p class='ocr_par' dir='ltr' id='par_1_61' title="bbox 200 4291 1767 4365">
     <span class='ocr_line' id='line_1_61' title="bbox 200 4291 1767 4365; baseline 0.002 -25"><span class='ocrx_word' id='word_1_447' title='bbox 200 4291 548 4353; x_wconf 49' lang='lat' dir='ltr'><strong>caucam.</strong></span> <span class='ocrx_word' id='word_1_448' title='bbox 587 4297 671 4365; x_wconf 79' lang='grc' dir='ltr'><strong>Τῇ</strong></span> <span class='ocrx_word' id='word_1_449' title='bbox 720 4294 828 4362; x_wconf 84' lang='grc' dir='ltr'><strong>γὰρ</strong></span> <span class='ocrx_word' id='word_1_450' title='bbox 881 4292 1067 4362; x_wconf 81' lang='grc' dir='ltr'>λογικῇ</span> <span class='ocrx_word' id='word_1_451' title='bbox 1119 4293 1292 4360; x_wconf 79' lang='grc' dir='ltr'>φύσει,</span> <span class='ocrx_word' id='word_1_452' title='bbox 1333 4292 1406 4354; x_wconf 87' lang='grc' dir='ltr'>ὡς</span> <span class='ocrx_word' id='word_1_453' title='bbox 1452 4292 1515 4344; x_wconf 77' lang='grc' dir='ltr'>ἂν</span> <span class='ocrx_word' id='word_1_454' title='bbox 1559 4291 1767 4360; x_wconf 84' lang='grc' dir='ltr'>ὡμοιω-</span> 
     </span>
    </p>
   </div>
   <div class='ocr_carea' id='block_1_62' title="bbox 200 4383 1766 4460">
    <p class='ocr_par' dir='ltr' id='par_1_62' title="bbox 200 4383 1766 4460">
     <span class='ocr_line' id='line_1_62' title="bbox 200 4383 1766 4460; baseline -0.003 -22"><span class='ocrx_word' id='word_1_455' title='bbox 200 4389 332 4460; x_wconf 80' lang='grc' dir='ltr'><strong>μένῃ</strong></span> <span class='ocrx_word' id='word_1_456' title='bbox 383 4388 528 4458; x_wconf 83' lang='grc' dir='ltr'>Θεῷ,</span> <span class='ocrx_word' id='word_1_457' title='bbox 579 4387 683 4455; x_wconf 79' lang='grc' dir='ltr'>τὴν</span> <span class='ocrx_word' id='word_1_458' title='bbox 735 4385 878 4437; x_wconf 75' lang='grc' dir='ltr'>κατὰ</span> <span class='ocrx_word' id='word_1_459' title='bbox 932 4383 1146 4436; x_wconf 86' lang='grc' dir='ltr'>πάντων</span> <span class='ocrx_word' id='word_1_460' title='bbox 1193 4383 1361 4452; x_wconf 80' lang='grc' dir='ltr'>ἀρχὴν</span> <span class='ocrx_word' id='word_1_461' title='bbox 1408 4383 1498 4436; x_wconf 77' lang='grc' dir='ltr'>καὶ</span> <span class='ocrx_word' id='word_1_462' title='bbox 1544 4383 1766 4451; x_wconf 87' lang='grc' dir='ltr'>δύναμιν</span> 
     </span>
    </p>
   </div>
   <div class='ocr_carea' id='block_1_63' title="bbox 198 4471 1840 4569">
    <p class='ocr_par' dir='ltr' id='par_1_63' title="bbox 198 4471 1840 4569">
     <span class='ocr_line' id='line_1_63' title="bbox 198 4471 1840 4569; baseline 0.002 -47"><span class='ocrx_word' id='word_1_463' title='bbox 198 4472 529 4549; x_wconf 74' lang='grc' dir='ltr'>ἐδωρήσατο.</span> <span class='ocrx_word' id='word_1_464' title='bbox 576 4478 640 4529; x_wconf 82' lang='lat'><strong>&#39;0</strong></span> <span class='ocrx_word' id='word_1_465' title='bbox 670 4475 976 4546; x_wconf 76' lang='grc' dir='ltr'>ἄνθρωπος.</span> <span class='ocrx_word' id='word_1_466' title='bbox 1005 4475 1104 4543; x_wconf 82' lang='grc' dir='ltr'>τῆς</span> <span class='ocrx_word' id='word_1_467' title='bbox 1129 4473 1311 4541; x_wconf 82' lang='grc' dir='ltr'>Θεῖκῆς</span> <span class='ocrx_word' id='word_1_468' title='bbox 1341 4473 1540 4535; x_wconf 75' lang='grc' dir='ltr'>εἰκόνος</span> <span class='ocrx_word' id='word_1_469' title='bbox 1566 4471 1761 4536; x_wconf 76' lang='grc' dir='ltr'>λαϐὼν,</span> <span class='ocrx_word' id='word_1_470' title='bbox 1795 4513 1840 4569; x_wconf 75' lang='lat' dir='ltr'><strong>D</strong></span> 
     </span>
    </p>
   </div>
   <div class='ocr_carea' id='block_1_64' title="bbox 199 4562 1762 4637">
    <p class='ocr_par' dir='ltr' id='par_1_64' title="bbox 199 4562 1762 4637">
     <span class='ocr_line' id='line_1_64' title="bbox 199 4562 1762 4637; baseline -0.004 -15"><span class='ocrx_word' id='word_1_471' title='bbox 199 4562 270 4629; x_wconf 58' lang='grc' dir='ltr'><strong>ιῖκ</strong></span> <span class='ocrx_word' id='word_1_472' title='bbox 320 4570 583 4637; x_wconf 78' lang='grc' dir='ltr'>βασιλεὺς</span> <span class='ocrx_word' id='word_1_473' title='bbox 630 4566 888 4620; x_wconf 85' lang='grc' dir='ltr'>ἁπάντων</span> <span class='ocrx_word' id='word_1_474' title='bbox 921 4565 1066 4616; x_wconf 75' lang='grc' dir='ltr'>ἐστὶν</span> <span class='ocrx_word' id='word_1_475' title='bbox 1106 4566 1134 4615; x_wconf 88' lang='grc' dir='ltr'><strong>ό</strong></span> <span class='ocrx_word' id='word_1_476' title='bbox 1175 4564 1320 4626; x_wconf 83' lang='grc' dir='ltr'>Θεὸς,</span> <span class='ocrx_word' id='word_1_477' title='bbox 1368 4562 1534 4626; x_wconf 77' lang='grc' dir='ltr'>οὓτως</span> <span class='ocrx_word' id='word_1_478' title='bbox 1585 4562 1762 4632; x_wconf 77' lang='grc' dir='ltr'>ἄρχων</span> 
     </span>
    </p>
   </div>
   <div class='ocr_carea' id='block_1_65' title="bbox 205 4652 1762 4730">
    <p class='ocr_par' dir='ltr' id='par_1_65' title="bbox 205 4652 1762 4730">
     <span class='ocr_line' id='line_1_65' title="bbox 205 4652 1762 4730; baseline -0.003 -21"><span class='ocrx_word' id='word_1_479' title='bbox 205 4661 432 4730; x_wconf 75' lang='grc' dir='ltr'>κατέστη</span> <span class='ocrx_word' id='word_1_480' title='bbox 466 4661 580 4711; x_wconf 82' lang='grc' dir='ltr'><strong>τῶν</strong></span> <span class='ocrx_word' id='word_1_481' title='bbox 616 4658 712 4710; x_wconf 74' lang='grc' dir='ltr'><strong>ἐπὶ</strong></span> <span class='ocrx_word' id='word_1_482' title='bbox 735 4655 856 4723; x_wconf 77' lang='grc' dir='ltr'>γῆς.</span> <span class='ocrx_word' id='word_1_483' title='bbox 888 4655 950 4706; x_wconf 81' lang='lat' dir='ltr'><strong>El</strong></span> <span class='ocrx_word' id='word_1_484' title='bbox 976 4654 1032 4705; x_wconf 85' lang='grc' dir='ltr'>δὲ</span> <span class='ocrx_word' id='word_1_485' title='bbox 1062 4652 1355 4713; x_wconf 83' lang='grc' dir='ltr'>καθολικῶς</span> <span class='ocrx_word' id='word_1_486' title='bbox 1385 4652 1626 4721; x_wconf 82' lang='grc' dir='ltr'>εἴρηται·</span> <span class='ocrx_word' id='word_1_487' title='bbox 1655 4653 1762 4704; x_wconf 86' lang='lat' dir='ltr'><strong>Kal</strong></span> 
     </span>
    </p>
   </div>
   <div class='ocr_carea' id='block_1_66' title="bbox 209 4739 1760 4815">
    <p class='ocr_par' dir='ltr' id='par_1_66' title="bbox 209 4739 1760 4815">
     <span class='ocr_line' id='line_1_66' title="bbox 209 4739 1760 4815; baseline -0.004 -15"><span class='ocrx_word' id='word_1_488' title='bbox 209 4749 584 4815; x_wconf 73' lang='grc' dir='ltr'>κατέστησας</span> <span class='ocrx_word' id='word_1_489' title='bbox 631 4744 823 4798; x_wconf 85' lang='grc' dir='ltr'>αὐτὸν</span> <span class='ocrx_word' id='word_1_490' title='bbox 851 4743 946 4794; x_wconf 78' lang='grc' dir='ltr'><strong>ἐπὶ</strong></span> <span class='ocrx_word' id='word_1_491' title='bbox 974 4743 1044 4794; x_wconf 83' lang='grc' dir='ltr'>τὰ</span> <span class='ocrx_word' id='word_1_492' title='bbox 1072 4743 1211 4808; x_wconf 80' lang='grc' dir='ltr'>ἔργα</span> <span class='ocrx_word' id='word_1_493' title='bbox 1239 4739 1352 4792; x_wconf 83' lang='grc' dir='ltr'>τῶν</span> <span class='ocrx_word' id='word_1_494' title='bbox 1384 4741 1591 4810; x_wconf 83' lang='grc' dir='ltr'>χειρῶν</span> <span class='ocrx_word' id='word_1_495' title='bbox 1615 4758 1726 4794; x_wconf 90' lang='grc' dir='ltr'><strong>σου</strong></span> <span class='ocrx_word' id='word_1_496' title='bbox 1747 4757 1760 4770; x_wconf 84' lang='lat'><strong><em>°</em></strong></span> 
     </span>
    </p>
   </div>
   <div class='ocr_carea' id='block_1_67' title="bbox 213 4829 1764 4905">
    <p class='ocr_par' dir='ltr' id='par_1_67' title="bbox 213 4829 1764 4905">
     <span class='ocr_line' id='line_1_67' title="bbox 213 4829 1764 4905; baseline -0.003 -17"><span class='ocrx_word' id='word_1_497' title='bbox 213 4831 350 4904; x_wconf 79' lang='grc' dir='ltr'>λέγει</span> <span class='ocrx_word' id='word_1_498' title='bbox 380 4839 434 4890; x_wconf 86' lang='grc' dir='ltr'>δὲ</span> <span class='ocrx_word' id='word_1_499' title='bbox 480 4834 754 4905; x_wconf 83' lang='grc' dir='ltr'>ἀλλαχοῦ·</span> <span class='ocrx_word' id='word_1_500' title='bbox 792 4833 901 4885; x_wconf 83' lang='lat' dir='ltr'><strong>Kal</strong></span> <span class='ocrx_word' id='word_1_501' title='bbox 942 4832 1015 4883; x_wconf 78' lang='grc' dir='ltr'>τὰ</span> <span class='ocrx_word' id='word_1_502' title='bbox 1058 4831 1198 4897; x_wconf 74' lang='grc' dir='ltr'>ἔργα</span> <span class='ocrx_word' id='word_1_503' title='bbox 1245 4829 1361 4881; x_wconf 76' lang='grc' dir='ltr'><strong>τῶν</strong></span> <span class='ocrx_word' id='word_1_504' title='bbox 1405 4829 1612 4896; x_wconf 77' lang='grc' dir='ltr'>χειρῶν</span> <span class='ocrx_word' id='word_1_505' title='bbox 1652 4845 1764 4883; x_wconf 91' lang='grc' dir='ltr'><strong>σου</strong></span> 
     </span>
    </p>
   </div>
   <div class='ocr_carea' id='block_1_68' title="bbox 224 4921 1765 4995">
    <p class='ocr_par' dir='ltr' id='par_1_68' title="bbox 224 4921 1765 4995">
     <span class='ocr_line' id='line_1_68' title="bbox 224 4921 1765 4995; baseline -0.005 -15"><span class='ocrx_word' id='word_1_506' title='bbox 224 4931 368 4980; x_wconf 67' lang='grc' dir='ltr'>εἰσιν</span> <span class='ocrx_word' id='word_1_507' title='bbox 391 4933 444 4982; x_wconf 81' lang='grc' dir='ltr'><strong>οι</strong></span> <span class='ocrx_word' id='word_1_508' title='bbox 483 4925 756 4995; x_wconf 76' lang='grc' dir='ltr'>οὐρανοὶ,</span> <span class='ocrx_word' id='word_1_509' title='bbox 790 4925 946 4994; x_wconf 73' lang='grc' dir='ltr'>δῆλον</span> <span class='ocrx_word' id='word_1_510' title='bbox 986 4923 1060 4983; x_wconf 83' lang='grc' dir='ltr'>ὡς</span> <span class='ocrx_word' id='word_1_511' title='bbox 1103 4921 1196 4972; x_wconf 73' lang='grc' dir='ltr'><strong>καὶ</strong></span> <span class='ocrx_word' id='word_1_512' title='bbox 1235 4921 1323 4971; x_wconf 76' lang='grc' dir='ltr'><strong>ἐπὶ</strong></span> <span class='ocrx_word' id='word_1_513' title='bbox 1359 4923 1482 4983; x_wconf 75' lang='grc' dir='ltr'>τοὺς</span> <span class='ocrx_word' id='word_1_514' title='bbox 1513 4921 1765 4990; x_wconf 74' lang='grc' dir='ltr'>οὐρανοὺς</span> 
     </span>
    </p>
   </div>
   <div class='ocr_carea' id='block_1_69' title="bbox 236 5011 1771 5090">
    <p class='ocr_par' dir='ltr' id='par_1_69' title="bbox 236 5011 1771 5090">
     <span class='ocr_line' id='line_1_69' title="bbox 236 5011 1771 5090; baseline -0.005 -19"><span class='ocrx_word' id='word_1_515' title='bbox 236 5022 542 5090; x_wconf 74' lang='grc' dir='ltr'>κατέστησεν</span> <span class='ocrx_word' id='word_1_516' title='bbox 590 5017 780 5071; x_wconf 84' lang='grc' dir='ltr'>αὐτόν.</span> <span class='ocrx_word' id='word_1_517' title='bbox 819 5017 928 5068; x_wconf 70' lang='grc' dir='ltr'><strong>Καὶ</strong></span> <span class='ocrx_word' id='word_1_518' title='bbox 977 5015 1184 5083; x_wconf 86' lang='grc' dir='ltr'>μήποτε</span> <span class='ocrx_word' id='word_1_519' title='bbox 1229 5011 1544 5080; x_wconf 72' lang='grc' dir='ltr'>ἀπορρήτως</span> <span class='ocrx_word' id='word_1_520' title='bbox 1583 5011 1678 5080; x_wconf 81' lang='grc' dir='ltr'>τὴν</span> <span class='ocrx_word' id='word_1_521' title='bbox 1717 5013 1771 5063; x_wconf 77' lang='grc' dir='ltr'>ἐν</span> 
     </span>
    </p>
   </div>
   <div class='ocr_carea' id='block_1_70' title="bbox 247 5099 1772 5179">
    <p class='ocr_par' dir='ltr' id='par_1_70' title="bbox 247 5099 1772 5179">
     <span class='ocr_line' id='line_1_70' title="bbox 247 5099 1772 5179; baseline -0.005 -21"><span class='ocrx_word' id='word_1_522' title='bbox 247 5109 426 5178; x_wconf 75' lang='grc' dir='ltr'>οὐρανῷ</span> <span class='ocrx_word' id='word_1_523' title='bbox 449 5108 730 5179; x_wconf 79' lang='grc' dir='ltr'>διατριϐὴν</span> <span class='ocrx_word' id='word_1_524' title='bbox 755 5105 1029 5176; x_wconf 85' lang='grc' dir='ltr'>σημαίνει,</span> <span class='ocrx_word' id='word_1_525' title='bbox 1056 5100 1165 5152; x_wconf 83' lang='grc' dir='ltr'><strong>τῶν</strong></span> <span class='ocrx_word' id='word_1_526' title='bbox 1190 5099 1293 5150; x_wconf 83' lang='grc' dir='ltr'><strong>ἀπὸ</strong></span> <span class='ocrx_word' id='word_1_527' title='bbox 1311 5100 1410 5167; x_wconf 82' lang='grc' dir='ltr'>γῆς</span> <span class='ocrx_word' id='word_1_528' title='bbox 1441 5102 1612 5152; x_wconf 83' lang='grc' dir='ltr'>ὲκεῖσε</span> <span class='ocrx_word' id='word_1_529' title='bbox 1646 5099 1772 5170; x_wconf 76' lang='grc' dir='ltr'>μεθ-</span> 
     </span>
    </p>
   </div>
   <div class='ocr_carea' id='block_1_71' title="bbox 258 5187 1770 5266">
    <p class='ocr_par' dir='ltr' id='par_1_71' title="bbox 258 5187 1770 5266">
     <span class='ocr_line' id='line_1_71' title="bbox 258 5187 1770 5266; baseline -0.007 -18"><span class='ocrx_word' id='word_1_530' title='bbox 258 5201 536 5266; x_wconf 76' lang='grc' dir='ltr'>ισταμένων,</span> <span class='ocrx_word' id='word_1_531' title='bbox 567 5201 653 5251; x_wconf 79' lang='grc' dir='ltr'>ὅτε</span> <span class='ocrx_word' id='word_1_532' title='bbox 705 5196 958 5266; x_wconf 86' lang='grc' dir='ltr'>μέλλουσι</span> <span class='ocrx_word' id='word_1_533' title='bbox 995 5187 1270 5259; x_wconf 84' lang='grc' dir='ltr'>βασιλείαν</span> <span class='ocrx_word' id='word_1_534' title='bbox 1313 5187 1653 5257; x_wconf 83' lang='grc' dir='ltr'>κληρονομεῖν</span> <span class='ocrx_word' id='word_1_535' title='bbox 1681 5189 1770 5238; x_wconf 83' lang='grc' dir='ltr'>ού-</span> 
     </span>
    </p>
   </div>
   <div class='ocr_carea' id='block_1_72' title="bbox 267 5276 1774 5358">
    <p class='ocr_par' dir='ltr' id='par_1_72' title="bbox 267 5276 1774 5358">
     <span class='ocr_line' id='line_1_72' title="bbox 267 5276 1774 5358; baseline -0.004 -23"><span class='ocrx_word' id='word_1_536' title='bbox 267 5288 405 5351; x_wconf 84' lang='grc' dir='ltr'>ρανῶν</span> <span class='ocrx_word' id='word_1_537' title='bbox 435 5289 504 5350; x_wconf 86' lang='grc' dir='ltr'>ὼς</span> <span class='ocrx_word' id='word_1_538' title='bbox 547 5286 898 5358; x_wconf 75' lang='grc' dir='ltr'>ἐπήγγελται.</span> <span class='ocrx_word' id='word_1_539' title='bbox 931 5280 1098 5344; x_wconf 81' lang='grc' dir='ltr'>Λέγει</span> <span class='ocrx_word' id='word_1_540' title='bbox 1131 5276 1186 5326; x_wconf 85' lang='grc' dir='ltr'>δὲ</span> <span class='ocrx_word' id='word_1_541' title='bbox 1231 5277 1257 5326; x_wconf 88' lang='grc' dir='ltr'>ὁ</span> <span class='ocrx_word' id='word_1_542' title='bbox 1287 5276 1518 5338; x_wconf 81' lang='grc' dir='ltr'>Παῦλος·</span> <span class='ocrx_word' id='word_1_543' title='bbox 1554 5281 1774 5343; x_wconf 77' lang='grc' dir='ltr'>Κληρο-</span> 
     </span>
    </p>
   </div>
   <div class='ocr_carea' id='block_1_73' title="bbox 269 5365 1764 5444">
    <p class='ocr_par' dir='ltr' id='par_1_73' title="bbox 269 5365 1764 5444">
     <span class='ocr_line' id='line_1_73' title="bbox 269 5365 1764 5444; baseline -0.003 -19"><span class='ocrx_word' id='word_1_544' title='bbox 269 5375 398 5440; x_wconf 57' lang='lat' dir='ltr'><strong>rem.</strong></span> <span class='ocrx_word' id='word_1_545' title='bbox 451 5378 558 5444; x_wconf 80' lang='grc' dir='ltr'>μὲν</span> <span class='ocrx_word' id='word_1_546' title='bbox 610 5377 788 5438; x_wconf 79' lang='grc' dir='ltr'>Θεοῦ,</span> <span class='ocrx_word' id='word_1_547' title='bbox 845 5366 1327 5438; x_wconf 62' lang='grc' dir='ltr'>συνκληρονόμοι</span> <span class='ocrx_word' id='word_1_548' title='bbox 1383 5365 1446 5416; x_wconf 80' lang='grc' dir='ltr'>δὲ</span> <span class='ocrx_word' id='word_1_549' title='bbox 1500 5367 1764 5432; x_wconf 84' lang='grc' dir='ltr'>Χριστοῦ.</span> 
     </span>
    </p>
   </div>
   <div class='ocr_carea' id='block_1_74' title="bbox 273 5451 1766 5530">
    <p class='ocr_par' dir='ltr' id='par_1_74' title="bbox 273 5451 1766 5530">
     <span class='ocr_line' id='line_1_74' title="bbox 273 5451 1766 5530; baseline -0.006 -16"><span class='ocrx_word' id='word_1_550' title='bbox 273 5461 390 5516; x_wconf 81' lang='grc' dir='ltr'>Οὕτω</span> <span class='ocrx_word' id='word_1_551' title='bbox 422 5467 508 5520; x_wconf 78' lang='grc' dir='ltr'>καὶ</span> <span class='ocrx_word' id='word_1_552' title='bbox 539 5469 616 5530; x_wconf 81' lang='grc' dir='ltr'>τὸ,</span> <span class='ocrx_word' id='word_1_553' title='bbox 651 5466 831 5518; x_wconf 84' lang='grc' dir='ltr'>Πάντα</span> <span class='ocrx_word' id='word_1_554' title='bbox 867 5455 1145 5517; x_wconf 79' lang='grc' dir='ltr'>ὑπέταξεν</span> <span class='ocrx_word' id='word_1_555' title='bbox 1179 5451 1421 5503; x_wconf 82' lang='grc' dir='ltr'>ὑποκάτω</span> <span class='ocrx_word' id='word_1_556' title='bbox 1459 5453 1564 5505; x_wconf 83' lang='grc' dir='ltr'><strong>τῶν</strong></span> <span class='ocrx_word' id='word_1_557' title='bbox 1597 5454 1766 5506; x_wconf 84' lang='grc' dir='ltr'>ποδῶν</span> 
     </span>
    </p>
   </div>
   <div class='ocr_carea' id='block_1_75' title="bbox 273 5539 1767 5626">
    <p class='ocr_par' dir='ltr' id='par_1_75' title="bbox 273 5539 1767 5626">
     <span class='ocr_line' id='line_1_75' title="bbox 273 5539 1767 5626; baseline 0.005 -27"><span class='ocrx_word' id='word_1_558' title='bbox 273 5552 414 5617; x_wconf 75' lang='grc' dir='ltr'>αὑτοῦ,</span> <span class='ocrx_word' id='word_1_559' title='bbox 446 5557 650 5626; x_wconf 86' lang='grc' dir='ltr'>νοητέον</span> <span class='ocrx_word' id='word_1_560' title='bbox 683 5553 775 5606; x_wconf 85' lang='grc' dir='ltr'><strong>νῦν</strong></span> <span class='ocrx_word' id='word_1_561' title='bbox 809 5551 911 5620; x_wconf 84' lang='grc' dir='ltr'>μὲν</span> <span class='ocrx_word' id='word_1_562' title='bbox 946 5544 1017 5596; x_wconf 81' lang='grc' dir='ltr'><strong>τὰ</strong></span> <span class='ocrx_word' id='word_1_563' title='bbox 1049 5540 1166 5602; x_wconf 77' lang='grc' dir='ltr'><strong>ζῶα</strong></span> <span class='ocrx_word' id='word_1_564' title='bbox 1185 5557 1196 5569; x_wconf 90' lang='grc'>⁶</span> <span class='ocrx_word' id='word_1_565' title='bbox 1232 5539 1407 5609; x_wconf 62' lang='grc' dir='ltr'><strong>ἐπειδὴ</strong></span> <span class='ocrx_word' id='word_1_566' title='bbox 1439 5541 1495 5592; x_wconf 68' lang='grc' dir='ltr'><strong>δὲ</strong></span> <span class='ocrx_word' id='word_1_567' title='bbox 1537 5543 1626 5594; x_wconf 58' lang='grc' dir='ltr'><strong>καὶ</strong></span> <span class='ocrx_word' id='word_1_568' title='bbox 1655 5541 1767 5610; x_wconf 81' lang='grc' dir='ltr'>βίος</span> 
     </span>
    </p>
   </div>
   <div class='ocr_carea' id='block_1_76' title="bbox 310 5727 794 5793">
    <p class='ocr_par' dir='ltr' id='par_1_76' title="bbox 310 5727 794 5793">
     <span class='ocr_line' id='line_1_76' title="bbox 310 5727 794 5793; baseline -0.012 -8"><span class='ocrx_word' id='word_1_569' title='bbox 310 5731 344 5762; x_wconf 81' lang='grc'><strong>⁸⁷</strong></span> <span class='ocrx_word' id='word_1_570' title='bbox 377 5731 511 5787; x_wconf 71' lang='lat' dir='ltr'><strong>Psal.</strong></span> <span class='ocrx_word' id='word_1_571' title='bbox 545 5746 666 5793; x_wconf 88' lang='lat' dir='ltr'><strong>vm,</strong></span> <span class='ocrx_word' id='word_1_572' title='bbox 707 5727 794 5781; x_wconf 79' lang='grc'><strong>45.</strong></span> 
     </span>
    </p>
   </div>
   <div class='ocr_carea' id='block_1_77' title="bbox 1856 1963 3382 2032">
    <p class='ocr_par' dir='ltr' id='par_1_77' title="bbox 1856 1963 3382 2032">
     <span class='ocr_line' id='line_1_77' title="bbox 1856 1963 3382 2032; baseline 0.001 -18"><span class='ocrx_word' id='word_1_573' title='bbox 1856 1970 2027 2015; x_wconf 87' lang='lat' dir='ltr'><strong>totum</strong></span> <span class='ocrx_word' id='word_1_574' title='bbox 2058 1963 2313 2016; x_wconf 90' lang='lat' dir='ltr'><strong>mundum</strong></span> <span class='ocrx_word' id='word_1_575' title='bbox 2361 1964 2904 2032; x_wconf 87' lang='lat' dir='ltr'><strong>circumplectuntur;</strong></span> <span class='ocrx_word' id='word_1_576' title='bbox 2950 1965 3103 2018; x_wconf 87' lang='lat' dir='ltr'><strong>video</strong></span> <span class='ocrx_word' id='word_1_577' title='bbox 3140 1965 3264 2018; x_wconf 89' lang='lat' dir='ltr'><strong>item</strong></span> <span class='ocrx_word' id='word_1_578' title='bbox 3303 1965 3382 2016; x_wconf 81' lang='lat' dir='ltr'><strong>lu-</strong></span> 
     </span>
    </p>
   </div>
   <div class='ocr_carea' id='block_1_78' title="bbox 1856 2055 3384 2124">
    <p class='ocr_par' dir='ltr' id='par_1_78' title="bbox 1856 2055 3384 2124">
     <span class='ocr_line' id='line_1_78' title="bbox 1856 2055 3384 2124; baseline 0.001 -18"><span class='ocrx_word' id='word_1_579' title='bbox 1856 2069 1980 2106; x_wconf 89' lang='lat' dir='ltr'><strong>nam</strong></span> <span class='ocrx_word' id='word_1_580' title='bbox 2006 2061 2058 2105; x_wconf 91' lang='lat' dir='ltr'><strong>et</strong></span> <span class='ocrx_word' id='word_1_581' title='bbox 2087 2055 2292 2109; x_wconf 86' lang='lat' dir='ltr'><strong>stellas.</strong></span> <span class='ocrx_word' id='word_1_582' title='bbox 2330 2063 2382 2107; x_wconf 92' lang='lat' dir='ltr'><strong>et</strong></span> <span class='ocrx_word' id='word_1_583' title='bbox 2409 2055 2564 2121; x_wconf 85' lang='lat' dir='ltr'><strong>plane</strong></span> <span class='ocrx_word' id='word_1_584' title='bbox 2595 2070 2762 2108; x_wconf 91' lang='lat' dir='ltr'><strong>nosco</strong></span> <span class='ocrx_word' id='word_1_585' title='bbox 2799 2056 2909 2107; x_wconf 62' lang='lat' dir='ltr'><strong>haec</strong></span> <span class='ocrx_word' id='word_1_586' title='bbox 2940 2055 3118 2107; x_wconf 89' lang='lat' dir='ltr'><strong>omnia</strong></span> <span class='ocrx_word' id='word_1_587' title='bbox 3161 2070 3384 2124; x_wconf 78' lang='lat' dir='ltr'><strong>magnas</strong></span> 
     </span>
    </p>
   </div>
   <div class='ocr_carea' id='block_1_79' title="bbox 1855 2141 3383 2212">
    <p class='ocr_par' dir='ltr' id='par_1_79' title="bbox 1855 2141 3383 2212">
     <span class='ocr_line' id='line_1_79' title="bbox 1855 2141 3383 2212; baseline 0.002 -19"><span class='ocrx_word' id='word_1_588' title='bbox 1855 2141 2232 2210; x_wconf 88' lang='lat' dir='ltr'><strong>mirabilesque</strong></span> <span class='ocrx_word' id='word_1_589' title='bbox 2256 2143 2486 2195; x_wconf 86' lang='lat' dir='ltr'><strong>universi</strong></span> <span class='ocrx_word' id='word_1_590' title='bbox 2515 2143 2712 2211; x_wconf 87' lang='lat' dir='ltr'><strong>opiticii</strong></span> <span class='ocrx_word' id='word_1_591' title='bbox 2744 2151 2920 2212; x_wconf 86' lang='lat' dir='ltr'><strong>partes</strong></span> <span class='ocrx_word' id='word_1_592' title='bbox 2948 2159 3068 2197; x_wconf 88' lang='lat' dir='ltr'><strong>esse</strong></span> <span class='ocrx_word' id='word_1_593' title='bbox 3093 2163 3105 2196; x_wconf 88' lang='lat'><strong>:</strong></span> <span class='ocrx_word' id='word_1_594' title='bbox 3148 2152 3383 2196; x_wconf 88' lang='lat' dir='ltr'><strong>attamen</strong></span> 
     </span>
    </p>
   </div>
   <div class='ocr_carea' id='block_1_80' title="bbox 1857 2230 3382 2301">
    <p class='ocr_par' dir='ltr' id='par_1_80' title="bbox 1857 2230 3382 2301">
     <span class='ocr_line' id='line_1_80' title="bbox 1857 2230 3382 2301; baseline 0.003 -19"><span class='ocrx_word' id='word_1_595' title='bbox 1857 2230 1956 2283; x_wconf 91' lang='lat' dir='ltr'><strong>etsi</strong></span> <span class='ocrx_word' id='word_1_596' title='bbox 2004 2231 2128 2282; x_wconf 89' lang='lat' dir='ltr'><strong>talia</strong></span> <span class='ocrx_word' id='word_1_597' title='bbox 2179 2239 2318 2295; x_wconf 83' lang='lat' dir='ltr'><strong>sunt,</strong></span> <span class='ocrx_word' id='word_1_598' title='bbox 2371 2233 2492 2284; x_wconf 88' lang='lat' dir='ltr'><strong>novi</strong></span> <span class='ocrx_word' id='word_1_599' title='bbox 2533 2247 2595 2285; x_wconf 90' lang='lat' dir='ltr'><strong>ea</strong></span> <span class='ocrx_word' id='word_1_600' title='bbox 2643 2231 2856 2284; x_wconf 90' lang='lat' dir='ltr'><strong>minima</strong></span> <span class='ocrx_word' id='word_1_601' title='bbox 2905 2247 3124 2301; x_wconf 82' lang='lat' dir='ltr'><strong>Operum</strong></span> <span class='ocrx_word' id='word_1_602' title='bbox 3169 2242 3382 2286; x_wconf 87' lang='lat' dir='ltr'><strong>tuorum</strong></span> 
     </span>
    </p>
   </div>
   <div class='ocr_carea' id='block_1_81' title="bbox 1855 2321 3382 2395">
    <p class='ocr_par' dir='ltr' id='par_1_81' title="bbox 1855 2321 3382 2395">
     <span class='ocr_line' id='line_1_81' title="bbox 1855 2321 3382 2395; baseline 0.003 -21"><span class='ocrx_word' id='word_1_603' title='bbox 1855 2337 1992 2376; x_wconf 90' lang='lat' dir='ltr'><strong>esse.</strong></span> <span class='ocrx_word' id='word_1_604' title='bbox 2031 2321 2152 2375; x_wconf 67' lang='lat' dir='ltr'><strong>l-lazc</strong></span> <span class='ocrx_word' id='word_1_605' title='bbox 2199 2323 2374 2391; x_wconf 84' lang='lat' dir='ltr'><strong>itaque</strong></span> <span class='ocrx_word' id='word_1_606' title='bbox 2417 2331 2543 2376; x_wconf 88' lang='lat' dir='ltr'><strong>sunt</strong></span> <span class='ocrx_word' id='word_1_607' title='bbox 2592 2323 2876 2392; x_wconf 80' lang='lat' dir='ltr'><strong>digitorum</strong></span> <span class='ocrx_word' id='word_1_608' title='bbox 2922 2332 3132 2378; x_wconf 89' lang='lat' dir='ltr'><strong>tuorum</strong></span> <span class='ocrx_word' id='word_1_609' title='bbox 3183 2341 3382 2395; x_wconf 83' lang='lat' dir='ltr'><strong>opera;</strong></span> 
     </span>
    </p>
   </div>
   <div class='ocr_carea' id='block_1_82' title="bbox 1855 2414 3384 2484">
    <p class='ocr_par' dir='ltr' id='par_1_82' title="bbox 1855 2414 3384 2484">
     <span class='ocr_line' id='line_1_82' title="bbox 1855 2414 3384 2484; baseline 0.003 -21"><span class='ocrx_word' id='word_1_610' title='bbox 1855 2425 1962 2464; x_wconf 90' lang='lat' dir='ltr'><strong>non</strong></span> <span class='ocrx_word' id='word_1_611' title='bbox 1992 2426 2118 2464; x_wconf 83' lang='lat' dir='ltr'><strong>vero</strong></span> <span class='ocrx_word' id='word_1_612' title='bbox 2152 2427 2423 2471; x_wconf 92' lang='lat' dir='ltr'><strong>manuum,</strong></span> <span class='ocrx_word' id='word_1_613' title='bbox 2459 2428 2630 2481; x_wconf 90' lang='lat' dir='ltr'><strong>neque</strong></span> <span class='ocrx_word' id='word_1_614' title='bbox 2661 2429 2863 2483; x_wconf 73' lang='lat' dir='ltr'><strong>magna:</strong></span> <span class='ocrx_word' id='word_1_615' title='bbox 2889 2414 3167 2481; x_wconf 84' lang='lat' dir='ltr'><strong>cujusdam</strong></span> <span class='ocrx_word' id='word_1_616' title='bbox 3197 2421 3384 2484; x_wconf 87' lang='lat' dir='ltr'><strong>poten-</strong></span> 
     </span>
    </p>
   </div>
   <div class='ocr_carea' id='block_1_83' title="bbox 1859 2503 3378 2574">
    <p class='ocr_par' dir='ltr' id='par_1_83' title="bbox 1859 2503 3378 2574">
     <span class='ocr_line' id='line_1_83' title="bbox 1859 2503 3378 2574; baseline 0.002 -19"><span class='ocrx_word' id='word_1_617' title='bbox 1859 2503 1944 2556; x_wconf 73' lang='lat' dir='ltr'><strong>tite</strong></span> <span class='ocrx_word' id='word_1_618' title='bbox 1970 2512 2103 2568; x_wconf 74' lang='lat' dir='ltr'><strong>tuze;</strong></span> <span class='ocrx_word' id='word_1_619' title='bbox 2157 2503 2270 2565; x_wconf 87' lang='lat' dir='ltr'><strong>sed,</strong></span> <span class='ocrx_word' id='word_1_620' title='bbox 2311 2512 2368 2554; x_wconf 92' lang='lat' dir='ltr'><strong>ut</strong></span> <span class='ocrx_word' id='word_1_621' title='bbox 2424 2503 2497 2555; x_wconf 90' lang='lat' dir='ltr'><strong>ita</strong></span> <span class='ocrx_word' id='word_1_622' title='bbox 2550 2504 2746 2568; x_wconf 91' lang='lat' dir='ltr'><strong>dicam,</strong></span> <span class='ocrx_word' id='word_1_623' title='bbox 2797 2514 3152 2558; x_wconf 80' lang='lat' dir='ltr'><strong>extremorum</strong></span> <span class='ocrx_word' id='word_1_624' title='bbox 3189 2505 3378 2574; x_wconf 87' lang='lat' dir='ltr'><strong>digito-</strong></span> 
     </span>
    </p>
   </div>
   <div class='ocr_carea' id='block_1_84' title="bbox 1857 2593 3380 2660">
    <p class='ocr_par' dir='ltr' id='par_1_84' title="bbox 1857 2593 3380 2660">
     <span class='ocr_line' id='line_1_84' title="bbox 1857 2593 3380 2660; baseline 0.003 -15"><span class='ocrx_word' id='word_1_625' title='bbox 1857 2607 2004 2645; x_wconf 87' lang='lat' dir='ltr'><strong>rum:</strong></span> <span class='ocrx_word' id='word_1_626' title='bbox 2039 2593 2110 2645; x_wconf 91' lang='lat' dir='ltr'><strong>ita</strong></span> <span class='ocrx_word' id='word_1_627' title='bbox 2157 2593 2400 2645; x_wconf 86' lang='lat' dir='ltr'><strong>videlicet</strong></span> <span class='ocrx_word' id='word_1_628' title='bbox 2448 2593 2651 2660; x_wconf 88' lang='lat' dir='ltr'><strong>tropice</strong></span> <span class='ocrx_word' id='word_1_629' title='bbox 2687 2601 2946 2646; x_wconf 87' lang='lat' dir='ltr'><strong>vocantur</strong></span> <span class='ocrx_word' id='word_1_630' title='bbox 2992 2595 3214 2648; x_wconf 86' lang='lat' dir='ltr'><strong>virtutes</strong></span> <span class='ocrx_word' id='word_1_631' title='bbox 3267 2595 3380 2659; x_wconf 90' lang='lat' dir='ltr'><strong>Dei,</strong></span> 
     </span>
    </p>
   </div>
   <div class='ocr_carea' id='block_1_85' title="bbox 1857 2683 3244 2753">
    <p class='ocr_par' dir='ltr' id='par_1_85' title="bbox 1857 2683 3244 2753">
     <span class='ocr_line' id='line_1_85' title="bbox 1857 2683 3244 2753; baseline 0.001 -17"><span class='ocrx_word' id='word_1_632' title='bbox 1857 2683 2050 2751; x_wconf 90' lang='lat' dir='ltr'><strong>quibus</strong></span> <span class='ocrx_word' id='word_1_633' title='bbox 2083 2683 2360 2737; x_wconf 89' lang='lat' dir='ltr'><strong>scnsibilia</strong></span> <span class='ocrx_word' id='word_1_634' title='bbox 2387 2683 2723 2753; x_wconf 88' lang='lat' dir='ltr'><strong>visibiliaque</strong></span> <span class='ocrx_word' id='word_1_635' title='bbox 2756 2698 2917 2752; x_wconf 88' lang='lat' dir='ltr'><strong>opera</strong></span> <span class='ocrx_word' id='word_1_636' title='bbox 2947 2685 3244 2738; x_wconf 87' lang='lat' dir='ltr'><strong>constituit.</strong></span> 
     </span>
    </p>
   </div>
   <div class='ocr_carea' id='block_1_86' title="bbox 1927 2853 3386 2923">
    <p class='ocr_par' dir='ltr' id='par_1_86' title="bbox 1927 2853 3386 2923">
     <span class='ocr_line' id='line_1_86' title="bbox 1927 2853 3386 2923; baseline -0.001 -15"><span class='ocrx_word' id='word_1_637' title='bbox 1927 2853 2092 2908; x_wconf 74' lang='lat' dir='ltr'><strong>Vens.</strong></span> <span class='ocrx_word' id='word_1_638' title='bbox 2123 2855 2176 2908; x_wconf 88' lang='lat'><strong>6.</strong></span> <span class='ocrx_word' id='word_1_639' title='bbox 2210 2853 2450 2908; x_wconf 75' lang='lat' dir='ltr'><strong>Minuisti</strong></span> <span class='ocrx_word' id='word_1_640' title='bbox 2489 2870 2603 2906; x_wconf 83' lang='lat' dir='ltr'><strong>eum</strong></span> <span class='ocrx_word' id='word_1_641' title='bbox 2644 2855 2800 2921; x_wconf 87' lang='lat' dir='ltr'><strong>paulo</strong></span> <span class='ocrx_word' id='word_1_642' title='bbox 2833 2855 3002 2906; x_wconf 85' lang='lat' dir='ltr'><strong>minus</strong></span> <span class='ocrx_word' id='word_1_643' title='bbox 3051 2854 3114 2906; x_wconf 89' lang='lat' dir='ltr'><strong>ab</strong></span> <span class='ocrx_word' id='word_1_644' title='bbox 3169 2855 3386 2923; x_wconf 78' lang='lat' dir='ltr'><strong>angelis,</strong></span> 
     </span>
    </p>
   </div>
   <div class='ocr_carea' id='block_1_87' title="bbox 1858 2942 3388 3008">
    <p class='ocr_par' dir='ltr' id='par_1_87' title="bbox 1858 2942 3388 3008">
     <span class='ocr_line' id='line_1_87' title="bbox 1858 2942 3388 3008; baseline 0.005 -16"><span class='ocrx_word' id='word_1_645' title='bbox 1858 2943 2024 3008; x_wconf 81' lang='lat' dir='ltr'><strong>gloria</strong></span> <span class='ocrx_word' id='word_1_646' title='bbox 2048 2953 2094 2995; x_wconf 85' lang='lat' dir='ltr'><strong>et</strong></span> <span class='ocrx_word' id='word_1_647' title='bbox 2125 2943 2314 2995; x_wconf 78' lang='lat' dir='ltr'><strong>honore</strong></span> <span class='ocrx_word' id='word_1_648' title='bbox 2342 2944 2604 2995; x_wconf 85' lang='lat' dir='ltr'><strong>coronasti</strong></span> <span class='ocrx_word' id='word_1_649' title='bbox 2634 2959 2773 2996; x_wconf 81' lang='lat' dir='ltr'><strong>eum.</strong></span> <span class='ocrx_word' id='word_1_650' title='bbox 2808 2942 2871 2995; x_wconf 87' lang='lat' dir='ltr'><strong>Et</strong></span> <span class='ocrx_word' id='word_1_651' title='bbox 2897 2958 3025 2997; x_wconf 81' lang='lat' dir='ltr'><strong>sane</strong></span> <span class='ocrx_word' id='word_1_652' title='bbox 3053 2944 3153 2996; x_wconf 88' lang='lat' dir='ltr'><strong>alia</strong></span> <span class='ocrx_word' id='word_1_653' title='bbox 3183 2947 3388 3000; x_wconf 80' lang='lat' dir='ltr'><strong>ratione</strong></span> 
     </span>
    </p>
   </div>
   <div class='ocr_carea' id='block_1_88' title="bbox 1860 3016 3389 3102">
    <p class='ocr_par' dir='ltr' id='par_1_88' title="bbox 1860 3016 3389 3102">
     <span class='ocr_line' id='line_1_88' title="bbox 1860 3016 3389 3102; baseline 0.003 -18"><span class='ocrx_word' id='word_1_654' title='bbox 1860 3032 2128 3087; x_wconf 88' lang='lat' dir='ltr'><strong>hominem</strong></span> <span class='ocrx_word' id='word_1_655' title='bbox 2161 3034 2328 3102; x_wconf 86' lang='lat' dir='ltr'><strong>gloria</strong></span> <span class='ocrx_word' id='word_1_656' title='bbox 2359 3043 2411 3086; x_wconf 91' lang='lat' dir='ltr'><strong>et</strong></span> <span class='ocrx_word' id='word_1_657' title='bbox 2441 3033 2643 3086; x_wconf 89' lang='lat' dir='ltr'><strong>honore</strong></span> <span class='ocrx_word' id='word_1_658' title='bbox 2675 3035 2951 3085; x_wconf 77' lang='lat' dir='ltr'><strong>coronavit</strong></span> <span class='ocrx_word' id='word_1_659' title='bbox 2981 3032 3120 3085; x_wconf 87' lang='lat' dir='ltr'><strong>Deus</strong></span> <span class='ocrx_word' id='word_1_660' title='bbox 3143 3016 3254 3098; x_wconf 40' lang='lat' dir='ltr'><strong>{de</strong></span> <span class='ocrx_word' id='word_1_661' title='bbox 3274 3037 3389 3088; x_wconf 80' lang='lat' dir='ltr'><strong>solo</strong></span> 
     </span>
    </p>
   </div>
   <div class='ocr_carea' id='block_1_89' title="bbox 1859 3123 3390 3194">
    <p class='ocr_par' dir='ltr' id='par_1_89' title="bbox 1859 3123 3390 3194">
     <span class='ocr_line' id='line_1_89' title="bbox 1859 3123 3390 3194; baseline 0.001 -18"><span class='ocrx_word' id='word_1_662' title='bbox 1859 3126 2055 3194; x_wconf 87' lang='lat' dir='ltr'><strong>quippe</strong></span> <span class='ocrx_word' id='word_1_663' title='bbox 2083 3126 2295 3178; x_wconf 88' lang='lat' dir='ltr'><strong>homine</strong></span> <span class='ocrx_word' id='word_1_664' title='bbox 2325 3125 2490 3178; x_wconf 84' lang='lat' dir='ltr'><strong>dixit:</strong></span> <span class='ocrx_word' id='word_1_665' title='bbox 2544 3123 2827 3177; x_wconf 79' lang='lat' dir='ltr'><strong>Faciamus</strong></span> <span class='ocrx_word' id='word_1_666' title='bbox 2866 3123 3120 3176; x_wconf 85' lang='lat' dir='ltr'><strong>hominem</strong></span> <span class='ocrx_word' id='word_1_667' title='bbox 3158 3123 3226 3176; x_wconf 88' lang='lat' dir='ltr'><strong>ad</strong></span> <span class='ocrx_word' id='word_1_668' title='bbox 3255 3126 3390 3177; x_wconf 89' lang='lat' dir='ltr'><strong>ima-</strong></span> 
     </span>
    </p>
   </div>
   <div class='ocr_carea' id='block_1_90' title="bbox 1859 3213 3389 3283">
    <p class='ocr_par' dir='ltr' id='par_1_90' title="bbox 1859 3213 3389 3283">
     <span class='ocr_line' id='line_1_90' title="bbox 1859 3213 3389 3283; baseline 0.003 -19"><span class='ocrx_word' id='word_1_669' title='bbox 1859 3216 2027 3283; x_wconf 83' lang='lat' dir='ltr'><strong>ginem</strong></span> <span class='ocrx_word' id='word_1_670' title='bbox 2050 3224 2096 3266; x_wconf 85' lang='lat' dir='ltr'><strong>et</strong></span> <span class='ocrx_word' id='word_1_671' title='bbox 2122 3215 2512 3267; x_wconf 75' lang='lat' dir='ltr'><strong>similitudinem</strong></span> <span class='ocrx_word' id='word_1_672' title='bbox 2539 3215 2842 3266; x_wconf 70' lang='lat' dir='ltr'><strong>nostram”.</strong></span> <span class='ocrx_word' id='word_1_673' title='bbox 2881 3213 3205 3282; x_wconf 87' lang='lat' dir='ltr'><strong>Diversoque</strong></span> <span class='ocrx_word' id='word_1_674' title='bbox 3229 3214 3389 3268; x_wconf 90' lang='lat' dir='ltr'><strong>modo</strong></span> 
     </span>
    </p>
   </div>
   <div class='ocr_carea' id='block_1_91' title="bbox 1859 3301 3390 3370">
    <p class='ocr_par' dir='ltr' id='par_1_91' title="bbox 1859 3301 3390 3370">
     <span class='ocr_line' id='line_1_91' title="bbox 1859 3301 3390 3370; baseline 0.001 -15"><span class='ocrx_word' id='word_1_675' title='bbox 1859 3305 2058 3356; x_wconf 79' lang='lat' dir='ltr'><strong>sanctis</strong></span> <span class='ocrx_word' id='word_1_676' title='bbox 2075 3303 2376 3355; x_wconf 90' lang='lat' dir='ltr'><strong>hominibus</strong></span> <span class='ocrx_word' id='word_1_677' title='bbox 2388 3303 2650 3370; x_wconf 82' lang='lat' dir='ltr'><strong>apparuit,</strong></span> <span class='ocrx_word' id='word_1_678' title='bbox 2673 3301 3034 3370; x_wconf 79' lang='lat' dir='ltr'><strong>Spir-itumque</strong></span> <span class='ocrx_word' id='word_1_679' title='bbox 3051 3313 3291 3356; x_wconf 90' lang='lat' dir='ltr'><strong>sanctum</strong></span> <span class='ocrx_word' id='word_1_680' title='bbox 3327 3319 3390 3358; x_wconf 86' lang='lat' dir='ltr'><strong>ac.</strong></span> 
     </span>
    </p>
   </div>
   <div class='ocr_carea' id='block_1_92' title="bbox 1860 3391 3389 3459">
    <p class='ocr_par' dir='ltr' id='par_1_92' title="bbox 1860 3391 3389 3459">
     <span class='ocr_line' id='line_1_92' title="bbox 1860 3391 3389 3459; baseline 0 -13"><span class='ocrx_word' id='word_1_681' title='bbox 1860 3392 2135 3446; x_wconf 71' lang='lat' dir='ltr'><strong>cwlestem</strong></span> <span class='ocrx_word' id='word_1_682' title='bbox 2171 3398 2486 3458; x_wconf 87' lang='lat' dir='ltr'><strong>potestatem</strong></span> <span class='ocrx_word' id='word_1_683' title='bbox 2523 3391 2734 3453; x_wconf 92' lang='lat' dir='ltr'><strong>indidit,</strong></span> <span class='ocrx_word' id='word_1_684' title='bbox 2784 3398 2842 3443; x_wconf 88' lang='lat' dir='ltr'><strong>ut</strong></span> <span class='ocrx_word' id='word_1_685' title='bbox 2885 3391 3061 3443; x_wconf 81' lang='lat' dir='ltr'><strong>futura</strong></span> <span class='ocrx_word' id='word_1_686' title='bbox 3091 3407 3389 3459; x_wconf 70' lang='lat' dir='ltr'><strong>praenosce-</strong></span> 
     </span>
    </p>
   </div>
   <div class='ocr_carea' id='block_1_93' title="bbox 1860 3481 3389 3548">
    <p class='ocr_par' dir='ltr' id='par_1_93' title="bbox 1860 3481 3389 3548">
     <span class='ocr_line' id='line_1_93' title="bbox 1860 3481 3389 3548; baseline 0 -14"><span class='ocrx_word' id='word_1_687' title='bbox 1860 3487 2001 3543; x_wconf 88' lang='lat' dir='ltr'><strong>rent,</strong></span> <span class='ocrx_word' id='word_1_688' title='bbox 2054 3482 2268 3534; x_wconf 85' lang='lat' dir='ltr'><strong>morbos</strong></span> <span class='ocrx_word' id='word_1_689' title='bbox 2320 3481 2595 3548; x_wconf 83' lang='lat' dir='ltr'><strong>pellerent,</strong></span> <span class='ocrx_word' id='word_1_690' title='bbox 2643 3489 2882 3535; x_wconf 91' lang='lat' dir='ltr'><strong>mortuos</strong></span> <span class='ocrx_word' id='word_1_691' title='bbox 2929 3482 3289 3534; x_wconf 86' lang='lat' dir='ltr'><strong>suscitarent:</strong></span> <span class='ocrx_word' id='word_1_692' title='bbox 3336 3492 3389 3536; x_wconf 92' lang='lat' dir='ltr'><strong>et</strong></span> 
     </span>
    </p>
   </div>
   <div class='ocr_carea' id='block_1_94' title="bbox 1861 3571 3385 3642">
    <p class='ocr_par' dir='ltr' id='par_1_94' title="bbox 1861 3571 3385 3642">
     <span class='ocr_line' id='line_1_94' title="bbox 1861 3571 3385 3642; baseline 0.002 -18"><span class='ocrx_word' id='word_1_693' title='bbox 1861 3571 2005 3640; x_wconf 89' lang='lat' dir='ltr'><strong>quod</strong></span> <span class='ocrx_word' id='word_1_694' title='bbox 2055 3572 2291 3626; x_wconf 89' lang='lat' dir='ltr'><strong>omnium</strong></span> <span class='ocrx_word' id='word_1_695' title='bbox 2323 3571 2848 3640; x_wconf 61' lang='lat' dir='ltr'><strong>praestantissimum,</strong></span> <span class='ocrx_word' id='word_1_696' title='bbox 2892 3571 3162 3627; x_wconf 88' lang='lat' dir='ltr'><strong>hominem</strong></span> <span class='ocrx_word' id='word_1_697' title='bbox 3194 3571 3385 3642; x_wconf 84' lang='lat' dir='ltr'><strong>Unige-</strong></span> 
     </span>
    </p>
   </div>
   <div class='ocr_carea' id='block_1_95' title="bbox 1862 3661 2658 3715">
    <p class='ocr_par' dir='ltr' id='par_1_95' title="bbox 1862 3661 2658 3715">
     <span class='ocr_line' id='line_1_95' title="bbox 1862 3661 2658 3715; baseline -0.003 -1"><span class='ocrx_word' id='word_1_698' title='bbox 1862 3661 1958 3714; x_wconf 89' lang='lat' dir='ltr'><strong>niti</strong></span> <span class='ocrx_word' id='word_1_699' title='bbox 1985 3661 2067 3714; x_wconf 90' lang='lat' dir='ltr'><strong>sui</strong></span> <span class='ocrx_word' id='word_1_700' title='bbox 2097 3661 2324 3715; x_wconf 89' lang='lat' dir='ltr'><strong>adventu</strong></span> <span class='ocrx_word' id='word_1_701' title='bbox 2357 3661 2658 3714; x_wconf 88' lang='lat' dir='ltr'><strong>honoravit.</strong></span> 
     </span>
    </p>
   </div>
   <div class='ocr_carea' id='block_1_96' title="bbox 1932 3748 3390 3818">
    <p class='ocr_par' dir='ltr' id='par_1_96' title="bbox 1932 3748 3390 3818">
     <span class='ocr_line' id='line_1_96' title="bbox 1932 3748 3390 3818; baseline 0.003 -17"><span class='ocrx_word' id='word_1_702' title='bbox 1932 3748 2095 3804; x_wconf 69' lang='lat' dir='ltr'><strong>Vens.</strong></span> <span class='ocrx_word' id='word_1_703' title='bbox 2133 3748 2242 3802; x_wconf 88' lang='lat'><strong>7-9.</strong></span> <span class='ocrx_word' id='word_1_704' title='bbox 2279 3749 2457 3801; x_wconf 81' lang='lat' dir='ltr'><strong>Gloria</strong></span> <span class='ocrx_word' id='word_1_705' title='bbox 2510 3757 2558 3802; x_wconf 85' lang='lat' dir='ltr'><strong>et</strong></span> <span class='ocrx_word' id='word_1_706' title='bbox 2621 3750 2810 3802; x_wconf 81' lang='lat' dir='ltr'><strong>honore</strong></span> <span class='ocrx_word' id='word_1_707' title='bbox 2871 3753 3292 3818; x_wconf 87' lang='lat' dir='ltr'><strong>coronastieum,</strong></span> <span class='ocrx_word' id='word_1_708' title='bbox 3341 3767 3390 3808; x_wconf 82' lang='lat' dir='ltr'><strong>et</strong></span> 
     </span>
    </p>
   </div>
   <div class='ocr_carea' id='block_1_97' title="bbox 1863 3840 3391 3906">
    <p class='ocr_par' dir='ltr' id='par_1_97' title="bbox 1863 3840 3391 3906">
     <span class='ocr_line' id='line_1_97' title="bbox 1863 3840 3391 3906; baseline 0.003 -14"><span class='ocrx_word' id='word_1_709' title='bbox 1863 3840 2178 3892; x_wconf 79' lang='lat' dir='ltr'><strong>constituisti</strong></span> <span class='ocrx_word' id='word_1_710' title='bbox 2211 3856 2324 3892; x_wconf 88' lang='lat' dir='ltr'><strong>eum</strong></span> <span class='ocrx_word' id='word_1_711' title='bbox 2369 3855 2521 3906; x_wconf 84' lang='lat' dir='ltr'><strong>super</strong></span> <span class='ocrx_word' id='word_1_712' title='bbox 2546 3855 2699 3906; x_wconf 80' lang='lat' dir='ltr'><strong>opera</strong></span> <span class='ocrx_word' id='word_1_713' title='bbox 2733 3858 2976 3894; x_wconf 89' lang='lat' dir='ltr'><strong>manuum</strong></span> <span class='ocrx_word' id='word_1_714' title='bbox 3003 3852 3228 3897; x_wconf 82' lang='lat' dir='ltr'><strong>tuarum.</strong></span> <span class='ocrx_word' id='word_1_715' title='bbox 3265 3844 3391 3898; x_wconf 86' lang='lat' dir='ltr'><strong>0m-</strong></span> 
     </span>
    </p>
   </div>
   <div class='ocr_carea' id='block_1_98' title="bbox 1861 3928 3391 3997">
    <p class='ocr_par' dir='ltr' id='par_1_98' title="bbox 1861 3928 3391 3997">
     <span class='ocr_line' id='line_1_98' title="bbox 1861 3928 3391 3997; baseline 0.003 -15"><span class='ocrx_word' id='word_1_716' title='bbox 1861 3931 1951 3982; x_wconf 88' lang='lat' dir='ltr'><strong>nia</strong></span> <span class='ocrx_word' id='word_1_717' title='bbox 1977 3930 2238 3997; x_wconf 83' lang='lat' dir='ltr'><strong>subjecisti</strong></span> <span class='ocrx_word' id='word_1_718' title='bbox 2267 3929 2358 3981; x_wconf 87' lang='lat' dir='ltr'><strong>sub</strong></span> <span class='ocrx_word' id='word_1_719' title='bbox 2387 3928 2598 3997; x_wconf 78' lang='lat' dir='ltr'><strong>pedibus</strong></span> <span class='ocrx_word' id='word_1_720' title='bbox 2629 3930 2762 3997; x_wconf 82' lang='lat' dir='ltr'><strong>ejus,</strong></span> <span class='ocrx_word' id='word_1_721' title='bbox 2785 3946 2898 3983; x_wconf 82' lang='lat' dir='ltr'><strong>oves</strong></span> <span class='ocrx_word' id='word_1_722' title='bbox 2927 3940 2974 3984; x_wconf 84' lang='lat' dir='ltr'><strong>et</strong></span> <span class='ocrx_word' id='word_1_723' title='bbox 3019 3933 3160 3986; x_wconf 87' lang='lat' dir='ltr'><strong>boves</strong></span> <span class='ocrx_word' id='word_1_724' title='bbox 3191 3936 3391 3987; x_wconf 73' lang='lat' dir='ltr'><strong>univer-</strong></span> 
     </span>
    </p>
   </div>
   <div class='ocr_carea' id='block_1_99' title="bbox 1863 4021 3390 4090">
    <p class='ocr_par' dir='ltr' id='par_1_99' title="bbox 1863 4021 3390 4090">
     <span class='ocr_line' id='line_1_99' title="bbox 1863 4021 3390 4090; baseline 0.003 -17"><span class='ocrx_word' id='word_1_725' title='bbox 1863 4037 1970 4083; x_wconf 89' lang='lat' dir='ltr'><strong>sas,</strong></span> <span class='ocrx_word' id='word_1_726' title='bbox 2004 4021 2212 4088; x_wconf 85' lang='lat' dir='ltr'><strong>insuper</strong></span> <span class='ocrx_word' id='word_1_727' title='bbox 2236 4029 2284 4072; x_wconf 86' lang='lat' dir='ltr'><strong>et</strong></span> <span class='ocrx_word' id='word_1_728' title='bbox 2311 4035 2495 4087; x_wconf 87' lang='lat' dir='ltr'><strong>pecora</strong></span> <span class='ocrx_word' id='word_1_729' title='bbox 2519 4023 2708 4088; x_wconf 88' lang='lat' dir='ltr'><strong>campi,</strong></span> <span class='ocrx_word' id='word_1_730' title='bbox 2732 4021 2958 4074; x_wconf 84' lang='lat' dir='ltr'><strong>volucres</strong></span> <span class='ocrx_word' id='word_1_731' title='bbox 2991 4023 3105 4075; x_wconf 74' lang='lat' dir='ltr'><strong>caeli</strong></span> <span class='ocrx_word' id='word_1_732' title='bbox 3140 4033 3186 4075; x_wconf 81' lang='lat' dir='ltr'><strong>et</strong></span> <span class='ocrx_word' id='word_1_733' title='bbox 3227 4029 3390 4090; x_wconf 85' lang='lat' dir='ltr'><strong>pisces</strong></span> 
     </span>
    </p>
   </div>
   <div class='ocr_carea' id='block_1_100' title="bbox 1863 4107 3391 4178">
    <p class='ocr_par' dir='ltr' id='par_1_100' title="bbox 1863 4107 3391 4178">
     <span class='ocr_line' id='line_1_100' title="bbox 1863 4107 3391 4178; baseline 0.003 -15"><span class='ocrx_word' id='word_1_734' title='bbox 1863 4113 2046 4173; x_wconf 88' lang='lat' dir='ltr'><strong>maris,</strong></span> <span class='ocrx_word' id='word_1_735' title='bbox 2077 4112 2163 4178; x_wconf 88' lang='lat' dir='ltr'><strong>qui</strong></span> <span class='ocrx_word' id='word_1_736' title='bbox 2202 4111 2559 4178; x_wconf 83' lang='lat' dir='ltr'><strong>perambulant</strong></span> <span class='ocrx_word' id='word_1_737' title='bbox 2593 4113 2803 4166; x_wconf 87' lang='lat' dir='ltr'><strong>semitas</strong></span> <span class='ocrx_word' id='word_1_738' title='bbox 2852 4113 3028 4164; x_wconf 84' lang='lat' dir='ltr'><strong>muris.</strong></span> <span class='ocrx_word' id='word_1_739' title='bbox 3067 4107 3391 4168; x_wconf 76' lang='lat' dir='ltr'><strong>Rationabili</strong></span> 
     </span>
    </p>
   </div>
   <div class='ocr_carea' id='block_1_101' title="bbox 1863 4199 3385 4270">
    <p class='ocr_par' dir='ltr' id='par_1_101' title="bbox 1863 4199 3385 4270">
     <span class='ocr_line' id='line_1_101' title="bbox 1863 4199 3385 4270; baseline 0.002 -16"><span class='ocrx_word' id='word_1_740' title='bbox 1863 4202 2006 4255; x_wconf 89' lang='lat' dir='ltr'><strong>enim</strong></span> <span class='ocrx_word' id='word_1_741' title='bbox 2037 4208 2258 4262; x_wconf 68' lang='lat' dir='ltr'><strong>naturae,</strong></span> <span class='ocrx_word' id='word_1_742' title='bbox 2293 4209 2477 4270; x_wconf 88' lang='lat' dir='ltr'><strong>utpote</strong></span> <span class='ocrx_word' id='word_1_743' title='bbox 2518 4199 2583 4253; x_wconf 89' lang='lat' dir='ltr'><strong>ad</strong></span> <span class='ocrx_word' id='word_1_744' title='bbox 2634 4201 3036 4255; x_wconf 87' lang='lat' dir='ltr'><strong>similitudinem</strong></span> <span class='ocrx_word' id='word_1_745' title='bbox 3071 4201 3164 4255; x_wconf 89' lang='lat' dir='ltr'><strong>Dei</strong></span> <span class='ocrx_word' id='word_1_746' title='bbox 3212 4204 3385 4268; x_wconf 58' lang='lat' dir='ltr'><strong>facta).</strong></span> 
     </span>
    </p>
   </div>
   <div class='ocr_carea' id='block_1_102' title="bbox 1863 4291 3394 4360">
    <p class='ocr_par' dir='ltr' id='par_1_102' title="bbox 1863 4291 3394 4360">
     <span class='ocr_line' id='line_1_102' title="bbox 1863 4291 3394 4360; baseline 0.001 -15"><span class='ocrx_word' id='word_1_747' title='bbox 1863 4291 2192 4345; x_wconf 89' lang='lat' dir='ltr'><strong>dominatum</strong></span> <span class='ocrx_word' id='word_1_748' title='bbox 2236 4297 2657 4360; x_wconf 88' lang='lat' dir='ltr'><strong>potestatemque</strong></span> <span class='ocrx_word' id='word_1_749' title='bbox 2687 4291 2739 4343; x_wconf 92' lang='lat' dir='ltr'><strong>in</strong></span> <span class='ocrx_word' id='word_1_750' title='bbox 2773 4292 2949 4344; x_wconf 91' lang='lat' dir='ltr'><strong>omnia</strong></span> <span class='ocrx_word' id='word_1_751' title='bbox 2981 4292 3183 4345; x_wconf 90' lang='lat' dir='ltr'><strong>tribuit.</strong></span> <span class='ocrx_word' id='word_1_752' title='bbox 3222 4291 3394 4347; x_wconf 86' lang='lat' dir='ltr'><strong>Homo</strong></span> 
     </span>
    </p>
   </div>
   <div class='ocr_carea' id='block_1_103' title="bbox 1865 4383 3392 4452">
    <p class='ocr_par' dir='ltr' id='par_1_103' title="bbox 1865 4383 3392 4452">
     <span class='ocr_line' id='line_1_103' title="bbox 1865 4383 3392 4452; baseline 0.001 -14"><span class='ocrx_word' id='word_1_753' title='bbox 1865 4398 1992 4438; x_wconf 89' lang='lat' dir='ltr'><strong>sane</strong></span> <span class='ocrx_word' id='word_1_754' title='bbox 2022 4383 2111 4437; x_wconf 92' lang='lat' dir='ltr'><strong>Dei</strong></span> <span class='ocrx_word' id='word_1_755' title='bbox 2142 4384 2421 4450; x_wconf 82' lang='lat' dir='ltr'><strong>imaginem</strong></span> <span class='ocrx_word' id='word_1_756' title='bbox 2456 4384 2676 4452; x_wconf 91' lang='lat' dir='ltr'><strong>accepit,</strong></span> <span class='ocrx_word' id='word_1_757' title='bbox 2709 4399 2771 4436; x_wconf 88' lang='lat' dir='ltr'><strong>ac</strong></span> <span class='ocrx_word' id='word_1_758' title='bbox 2796 4391 2854 4436; x_wconf 91' lang='lat' dir='ltr'><strong>ut</strong></span> <span class='ocrx_word' id='word_1_759' title='bbox 2884 4399 2975 4438; x_wconf 79' lang='lat' dir='ltr'><strong>rex</strong></span> <span class='ocrx_word' id='word_1_760' title='bbox 2992 4385 3228 4438; x_wconf 91' lang='lat' dir='ltr'><strong>omnium</strong></span> <span class='ocrx_word' id='word_1_761' title='bbox 3251 4385 3392 4440; x_wconf 88' lang='lat' dir='ltr'><strong>Deus</strong></span> 
     </span>
    </p>
   </div>
   <div class='ocr_carea' id='block_1_104' title="bbox 1865 4474 3391 4543">
    <p class='ocr_par' dir='ltr' id='par_1_104' title="bbox 1865 4474 3391 4543">
     <span class='ocr_line' id='line_1_104' title="bbox 1865 4474 3391 4543; baseline 0 -15"><span class='ocrx_word' id='word_1_762' title='bbox 1865 4485 1967 4538; x_wconf 88' lang='lat' dir='ltr'><strong>est,</strong></span> <span class='ocrx_word' id='word_1_763' title='bbox 2009 4475 2086 4528; x_wconf 91' lang='lat' dir='ltr'><strong>sic</strong></span> <span class='ocrx_word' id='word_1_764' title='bbox 2130 4474 2242 4542; x_wconf 90' lang='lat' dir='ltr'><strong>ipse</strong></span> <span class='ocrx_word' id='word_1_765' title='bbox 2299 4475 2549 4543; x_wconf 78' lang='lat' dir='ltr'><strong>princeps</strong></span> <span class='ocrx_word' id='word_1_766' title='bbox 2578 4482 2916 4528; x_wconf 88' lang='lat' dir='ltr'><strong>terrenarum</strong></span> <span class='ocrx_word' id='word_1_767' title='bbox 2948 4477 3183 4529; x_wconf 91' lang='lat' dir='ltr'><strong>omnium</strong></span> <span class='ocrx_word' id='word_1_768' title='bbox 3213 4491 3391 4529; x_wconf 91' lang='lat' dir='ltr'><strong>rerum</strong></span> 
     </span>
    </p>
   </div>
   <div class='ocr_carea' id='block_1_105' title="bbox 1864 4563 3388 4633">
    <p class='ocr_par' dir='ltr' id='par_1_105' title="bbox 1864 4563 3388 4633">
     <span class='ocr_line' id='line_1_105' title="bbox 1864 4563 3388 4633; baseline 0.002 -16"><span class='ocrx_word' id='word_1_769' title='bbox 1864 4564 2188 4618; x_wconf 83' lang='lat' dir='ltr'><strong>constitutus</strong></span> <span class='ocrx_word' id='word_1_770' title='bbox 2216 4571 2317 4619; x_wconf 90' lang='lat' dir='ltr'><strong>est.</strong></span> <span class='ocrx_word' id='word_1_771' title='bbox 2353 4563 2504 4629; x_wconf 86' lang='lat' dir='ltr'><strong>Quod</strong></span> <span class='ocrx_word' id='word_1_772' title='bbox 2536 4564 2580 4617; x_wconf 92' lang='lat' dir='ltr'><strong>si</strong></span> <span class='ocrx_word' id='word_1_773' title='bbox 2605 4565 2896 4632; x_wconf 87' lang='lat' dir='ltr'><strong>generatim</strong></span> <span class='ocrx_word' id='word_1_774' title='bbox 2926 4565 3035 4618; x_wconf 64' lang='lat' dir='ltr'><strong>haec</strong></span> <span class='ocrx_word' id='word_1_775' title='bbox 3057 4567 3226 4633; x_wconf 89' lang='lat' dir='ltr'><strong>posita</strong></span> <span class='ocrx_word' id='word_1_776' title='bbox 3244 4575 3388 4621; x_wconf 90' lang='lat' dir='ltr'><strong>sunt.</strong></span> 
     </span>
    </p>
   </div>
   <div class='ocr_carea' id='block_1_106' title="bbox 1867 4654 3394 4720">
    <p class='ocr_par' dir='ltr' id='par_1_106' title="bbox 1867 4654 3394 4720">
     <span class='ocr_line' id='line_1_106' title="bbox 1867 4654 3394 4720; baseline 0 -14"><span class='ocrx_word' id='word_1_777' title='bbox 1867 4654 1932 4706; x_wconf 87' lang='lat' dir='ltr'><strong>Et</strong></span> <span class='ocrx_word' id='word_1_778' title='bbox 1963 4655 2276 4706; x_wconf 84' lang='lat' dir='ltr'><strong>constituisti</strong></span> <span class='ocrx_word' id='word_1_779' title='bbox 2319 4669 2431 4706; x_wconf 87' lang='lat' dir='ltr'><strong>eum</strong></span> <span class='ocrx_word' id='word_1_780' title='bbox 2474 4667 2624 4718; x_wconf 86' lang='lat' dir='ltr'><strong>super</strong></span> <span class='ocrx_word' id='word_1_781' title='bbox 2658 4669 2814 4720; x_wconf 87' lang='lat' dir='ltr'><strong>opera</strong></span> <span class='ocrx_word' id='word_1_782' title='bbox 2856 4671 3099 4707; x_wconf 87' lang='lat' dir='ltr'><strong>manuum</strong></span> <span class='ocrx_word' id='word_1_783' title='bbox 3134 4662 3340 4705; x_wconf 89' lang='lat' dir='ltr'><strong>tuarum</strong></span> <span class='ocrx_word' id='word_1_784' title='bbox 3370 4665 3394 4706; x_wconf 86' lang='lat'><strong><em>:</em></strong></span> 
     </span>
    </p>
   </div>
   <div class='ocr_carea' id='block_1_107' title="bbox 1866 4742 3390 4808">
    <p class='ocr_par' dir='ltr' id='par_1_107' title="bbox 1866 4742 3390 4808">
     <span class='ocr_line' id='line_1_107' title="bbox 1866 4742 3390 4808; baseline -0.003 -10"><span class='ocrx_word' id='word_1_785' title='bbox 1866 4760 1987 4798; x_wconf 88' lang='lat' dir='ltr'><strong>cum</strong></span> <span class='ocrx_word' id='word_1_786' title='bbox 2040 4744 2165 4797; x_wconf 87' lang='lat' dir='ltr'><strong>alibi</strong></span> <span class='ocrx_word' id='word_1_787' title='bbox 2211 4745 2440 4808; x_wconf 87' lang='lat' dir='ltr'><strong>dicatur,</strong></span> <span class='ocrx_word' id='word_1_788' title='bbox 2475 4742 2542 4795; x_wconf 81' lang='lat' dir='ltr'><strong>Et</strong></span> <span class='ocrx_word' id='word_1_789' title='bbox 2573 4757 2725 4808; x_wconf 88' lang='lat' dir='ltr'><strong>opera</strong></span> <span class='ocrx_word' id='word_1_790' title='bbox 2756 4761 3004 4798; x_wconf 87' lang='lat' dir='ltr'><strong>manuum</strong></span> <span class='ocrx_word' id='word_1_791' title='bbox 3036 4754 3239 4795; x_wconf 85' lang='lat' dir='ltr'><strong>tuarum</strong></span> <span class='ocrx_word' id='word_1_792' title='bbox 3271 4755 3390 4795; x_wconf 78' lang='lat' dir='ltr'><strong>sunt</strong></span> 
     </span>
    </p>
   </div>
   <div class='ocr_carea' id='block_1_108' title="bbox 1867 4832 3391 4901">
    <p class='ocr_par' dir='ltr' id='par_1_108' title="bbox 1867 4832 3391 4901">
     <span class='ocr_line' id='line_1_108' title="bbox 1867 4832 3391 4901; baseline -0.001 -14"><span class='ocrx_word' id='word_1_793' title='bbox 1867 4835 1979 4887; x_wconf 75' lang='lat' dir='ltr'><strong>caeli</strong></span> <span class='ocrx_word' id='word_1_794' title='bbox 2006 4833 2071 4897; x_wconf 78' lang='grc'><strong>⁸⁸,</strong></span> <span class='ocrx_word' id='word_1_795' title='bbox 2123 4834 2247 4887; x_wconf 88' lang='lat' dir='ltr'><strong>hinc</strong></span> <span class='ocrx_word' id='word_1_796' title='bbox 2277 4832 2642 4900; x_wconf 84' lang='lat' dir='ltr'><strong>consequitur,</strong></span> <span class='ocrx_word' id='word_1_797' title='bbox 2673 4834 2832 4886; x_wconf 88' lang='lat' dir='ltr'><strong>etiam</strong></span> <span class='ocrx_word' id='word_1_798' title='bbox 2884 4847 3042 4901; x_wconf 90' lang='lat' dir='ltr'><strong>super</strong></span> <span class='ocrx_word' id='word_1_799' title='bbox 3070 4833 3234 4886; x_wconf 68' lang='lat' dir='ltr'><strong>cmlos</strong></span> <span class='ocrx_word' id='word_1_800' title='bbox 3262 4847 3391 4886; x_wconf 88' lang='lat' dir='ltr'><strong>con-</strong></span> 
     </span>
    </p>
   </div>
   <div class='ocr_carea' id='block_1_109' title="bbox 1869 4921 3392 4991">
    <p class='ocr_par' dir='ltr' id='par_1_109' title="bbox 1869 4921 3392 4991">
     <span class='ocr_line' id='line_1_109' title="bbox 1869 4921 3392 4991; baseline -0.002 -12"><span class='ocrx_word' id='word_1_801' title='bbox 1869 4924 2111 4979; x_wconf 88' lang='lat' dir='ltr'><strong>stitutum</strong></span> <span class='ocrx_word' id='word_1_802' title='bbox 2137 4937 2166 4976; x_wconf 90' lang='lat' dir='ltr'><strong>a</strong></span> <span class='ocrx_word' id='word_1_803' title='bbox 2197 4921 2304 4976; x_wconf 91' lang='lat' dir='ltr'><strong>Deo</strong></span> <span class='ocrx_word' id='word_1_804' title='bbox 2335 4923 2520 4976; x_wconf 79' lang='lat' dir='ltr'><strong>fuisse.</strong></span> <span class='ocrx_word' id='word_1_805' title='bbox 2570 4922 2640 4975; x_wconf 80' lang='lat' dir='ltr'><strong>Ac</strong></span> <span class='ocrx_word' id='word_1_806' title='bbox 2671 4938 2942 4991; x_wconf 87' lang='lat' dir='ltr'><strong>nunquam</strong></span> <span class='ocrx_word' id='word_1_807' title='bbox 2973 4937 3154 4975; x_wconf 87' lang='lat' dir='ltr'><strong>eorum</strong></span> <span class='ocrx_word' id='word_1_808' title='bbox 3198 4923 3288 4990; x_wconf 89' lang='lat' dir='ltr'><strong>qui</strong></span> <span class='ocrx_word' id='word_1_809' title='bbox 3326 4924 3392 4976; x_wconf 87' lang='lat' dir='ltr'><strong>ad</strong></span> 
     </span>
    </p>
   </div>
   <div class='ocr_carea' id='block_1_110' title="bbox 1869 5009 3394 5080">
    <p class='ocr_par' dir='ltr' id='par_1_110' title="bbox 1869 5009 3394 5080">
     <span class='ocr_line' id='line_1_110' title="bbox 1869 5009 3394 5080; baseline -0.001 -14"><span class='ocrx_word' id='word_1_810' title='bbox 1869 5025 2128 5080; x_wconf 88' lang='lat' dir='ltr'><strong>supernas</strong></span> <span class='ocrx_word' id='word_1_811' title='bbox 2157 5011 2313 5065; x_wconf 88' lang='lat' dir='ltr'><strong>sedes</strong></span> <span class='ocrx_word' id='word_1_812' title='bbox 2340 5009 2746 5076; x_wconf 84' lang='lat' dir='ltr'><strong>transferentur,</strong></span> <span class='ocrx_word' id='word_1_813' title='bbox 2775 5011 3155 5064; x_wconf 88' lang='lat' dir='ltr'><strong>habitationem</strong></span> <span class='ocrx_word' id='word_1_814' title='bbox 3178 5013 3229 5064; x_wconf 89' lang='lat' dir='ltr'><strong>in</strong></span> <span class='ocrx_word' id='word_1_815' title='bbox 3257 5013 3394 5066; x_wconf 69' lang='lat' dir='ltr'><strong>coelo</strong></span> 
     </span>
    </p>
   </div>
   <div class='ocr_carea' id='block_1_111' title="bbox 1868 5099 3392 5168">
    <p class='ocr_par' dir='ltr' id='par_1_111' title="bbox 1868 5099 3392 5168">
     <span class='ocr_line' id='line_1_111' title="bbox 1868 5099 3392 5168; baseline -0.001 -14"><span class='ocrx_word' id='word_1_816' title='bbox 1868 5101 2100 5154; x_wconf 86' lang='lat' dir='ltr'><strong>futuram</strong></span> <span class='ocrx_word' id='word_1_817' title='bbox 2131 5101 2340 5154; x_wconf 88' lang='lat' dir='ltr'><strong>occulte</strong></span> <span class='ocrx_word' id='word_1_818' title='bbox 2367 5106 2769 5162; x_wconf 89' lang='lat' dir='ltr'><strong>commemorat,</strong></span> <span class='ocrx_word' id='word_1_819' title='bbox 2812 5100 2898 5152; x_wconf 92' lang='lat' dir='ltr'><strong>ubi</strong></span> <span class='ocrx_word' id='word_1_820' title='bbox 2931 5099 3250 5168; x_wconf 88' lang='lat' dir='ltr'><strong>promissum</strong></span> <span class='ocrx_word' id='word_1_821' title='bbox 3289 5101 3392 5154; x_wconf 89' lang='lat' dir='ltr'><strong>sibi</strong></span> 
     </span>
    </p>
   </div>
   <div class='ocr_carea' id='block_1_112' title="bbox 1867 5186 3394 5256">
    <p class='ocr_par' dir='ltr' id='par_1_112' title="bbox 1867 5186 3394 5256">
     <span class='ocr_line' id='line_1_112' title="bbox 1867 5186 3394 5256; baseline -0.001 -14"><span class='ocrx_word' id='word_1_822' title='bbox 1867 5189 2125 5242; x_wconf 68' lang='lat' dir='ltr'><strong>caelorum</strong></span> <span class='ocrx_word' id='word_1_823' title='bbox 2175 5202 2396 5256; x_wconf 87' lang='lat' dir='ltr'><strong>regnum</strong></span> <span class='ocrx_word' id='word_1_824' title='bbox 2431 5186 2732 5254; x_wconf 89' lang='lat' dir='ltr'><strong>possessuri</strong></span> <span class='ocrx_word' id='word_1_825' title='bbox 2777 5195 2939 5252; x_wconf 84' lang='lat' dir='ltr'><strong>sunt;</strong></span> <span class='ocrx_word' id='word_1_826' title='bbox 2975 5187 3046 5240; x_wconf 91' lang='lat' dir='ltr'><strong>ait</strong></span> <span class='ocrx_word' id='word_1_827' title='bbox 3075 5189 3215 5240; x_wconf 89' lang='lat' dir='ltr'><strong>enim</strong></span> <span class='ocrx_word' id='word_1_828' title='bbox 3253 5187 3394 5241; x_wconf 83' lang='lat' dir='ltr'><strong>Pau-</strong></span> 
     </span>
    </p>
   </div>
   <div class='ocr_carea' id='block_1_113' title="bbox 1867 5273 3393 5341">
    <p class='ocr_par' dir='ltr' id='par_1_113' title="bbox 1867 5273 3393 5341">
     <span class='ocr_line' id='line_1_113' title="bbox 1867 5273 3393 5341; baseline 0.001 -13"><span class='ocrx_word' id='word_1_829' title='bbox 1867 5277 1953 5329; x_wconf 94' lang='lat' dir='ltr'><strong>lus</strong></span> <span class='ocrx_word' id='word_1_830' title='bbox 1990 5293 2002 5328; x_wconf 92' lang='lat'><strong>:</strong></span> <span class='ocrx_word' id='word_1_831' title='bbox 2044 5273 2285 5327; x_wconf 75' lang='lat' dir='ltr'><strong>llwredes</strong></span> <span class='ocrx_word' id='word_1_832' title='bbox 2328 5274 2529 5341; x_wconf 87' lang='lat' dir='ltr'><strong>quidem</strong></span> <span class='ocrx_word' id='word_1_833' title='bbox 2566 5274 2682 5337; x_wconf 87' lang='lat' dir='ltr'><strong>Dei,</strong></span> <span class='ocrx_word' id='word_1_834' title='bbox 2725 5275 3008 5329; x_wconf 74' lang='lat' dir='ltr'><strong>cohwredes</strong></span> <span class='ocrx_word' id='word_1_835' title='bbox 3039 5285 3208 5328; x_wconf 86' lang='lat' dir='ltr'><strong>autem</strong></span> <span class='ocrx_word' id='word_1_836' title='bbox 3242 5277 3393 5329; x_wconf 81' lang='lat' dir='ltr'><strong>Chri-</strong></span> 
     </span>
    </p>
   </div>
   <div class='ocr_carea' id='block_1_114' title="bbox 1868 5361 3397 5433">
    <p class='ocr_par' dir='ltr' id='par_1_114' title="bbox 1868 5361 3397 5433">
     <span class='ocr_line' id='line_1_114' title="bbox 1868 5361 3397 5433; baseline 0.002 -15"><span class='ocrx_word' id='word_1_837' title='bbox 1868 5364 2014 5418; x_wconf 76' lang='lat' dir='ltr'><strong>sti&quot;.</strong></span> <span class='ocrx_word' id='word_1_838' title='bbox 2042 5363 2130 5418; x_wconf 91' lang='lat' dir='ltr'><strong>Sic</strong></span> <span class='ocrx_word' id='word_1_839' title='bbox 2157 5364 2308 5428; x_wconf 91' lang='lat' dir='ltr'><strong>illud,</strong></span> <span class='ocrx_word' id='word_1_840' title='bbox 2341 5367 2530 5422; x_wconf 90' lang='lat' dir='ltr'><strong>Omnia</strong></span> <span class='ocrx_word' id='word_1_841' title='bbox 2585 5364 2814 5433; x_wconf 87' lang='lat' dir='ltr'><strong>subjecit</strong></span> <span class='ocrx_word' id='word_1_842' title='bbox 2845 5366 2944 5420; x_wconf 88' lang='lat' dir='ltr'><strong>sub</strong></span> <span class='ocrx_word' id='word_1_843' title='bbox 2971 5365 3192 5433; x_wconf 86' lang='lat' dir='ltr'><strong>pedibus</strong></span> <span class='ocrx_word' id='word_1_844' title='bbox 3255 5361 3397 5428; x_wconf 62' lang='lat' dir='ltr'><strong>eius,</strong></span> 
     </span>
    </p>
   </div>
   <div class='ocr_carea' id='block_1_115' title="bbox 1866 5451 3403 5522">
    <p class='ocr_par' dir='ltr' id='par_1_115' title="bbox 1866 5451 3403 5522">
     <span class='ocr_line' id='line_1_115' title="bbox 1866 5451 3403 5522; baseline -0.001 -16"><span class='ocrx_word' id='word_1_845' title='bbox 1866 5454 1975 5522; x_wconf 88' lang='lat' dir='ltr'><strong>jam</strong></span> <span class='ocrx_word' id='word_1_846' title='bbox 2007 5451 2402 5520; x_wconf 81' lang='lat' dir='ltr'><strong>intelligendum</strong></span> <span class='ocrx_word' id='word_1_847' title='bbox 2425 5453 2492 5506; x_wconf 88' lang='lat' dir='ltr'><strong>de</strong></span> <span class='ocrx_word' id='word_1_848' title='bbox 2521 5454 2841 5509; x_wconf 89' lang='lat' dir='ltr'><strong>animalibus</strong></span> <span class='ocrx_word' id='word_1_849' title='bbox 2879 5474 2891 5509; x_wconf 90' lang='lat'><strong>:</strong></span> <span class='ocrx_word' id='word_1_850' title='bbox 2935 5462 2988 5507; x_wconf 91' lang='lat' dir='ltr'><strong>at</strong></span> <span class='ocrx_word' id='word_1_851' title='bbox 3013 5455 3139 5520; x_wconf 91' lang='lat' dir='ltr'><strong>quia</strong></span> <span class='ocrx_word' id='word_1_852' title='bbox 3171 5452 3403 5504; x_wconf 84' lang='lat' dir='ltr'><strong>homini-</strong></span> 
     </span>
    </p>
   </div>
   <div class='ocr_carea' id='block_1_116' title="bbox 1872 5541 3408 5617">
    <p class='ocr_par' dir='ltr' id='par_1_116' title="bbox 1872 5541 3408 5617">
     <span class='ocr_line' id='line_1_116' title="bbox 1872 5541 3408 5617; baseline -0.005 -17"><span class='ocrx_word' id='word_1_853' title='bbox 1872 5546 1972 5600; x_wconf 91' lang='lat' dir='ltr'><strong>bus</strong></span> <span class='ocrx_word' id='word_1_854' title='bbox 1997 5545 2048 5597; x_wconf 90' lang='lat' dir='ltr'><strong>in</strong></span> <span class='ocrx_word' id='word_1_855' title='bbox 2083 5543 2217 5596; x_wconf 71' lang='lat' dir='ltr'><strong>cmlo</strong></span> <span class='ocrx_word' id='word_1_856' title='bbox 2250 5555 2343 5608; x_wconf 89' lang='lat' dir='ltr'><strong>par</strong></span> <span class='ocrx_word' id='word_1_857' title='bbox 2369 5543 2617 5612; x_wconf 79' lang='lat' dir='ltr'><strong>angelica:</strong></span> <span class='ocrx_word' id='word_1_858' title='bbox 2647 5545 2749 5600; x_wconf 87' lang='lat' dir='ltr'><strong>vita</strong></span> <span class='ocrx_word' id='word_1_859' title='bbox 2779 5546 3014 5617; x_wconf 89' lang='lat' dir='ltr'><strong>reposita</strong></span> <span class='ocrx_word' id='word_1_860' title='bbox 3047 5550 3150 5606; x_wconf 89' lang='lat' dir='ltr'><strong>est,</strong></span> <span class='ocrx_word' id='word_1_861' title='bbox 3181 5554 3309 5594; x_wconf 57' lang='lat' dir='ltr'><strong>cum</strong></span> <span class='ocrx_word' id='word_1_862' title='bbox 3337 5541 3408 5593; x_wconf 80' lang='lat' dir='ltr'><strong>il-</strong></span> 
     </span>
    </p>
   </div>
   <div class='ocr_carea' id='block_1_117' title="bbox 875 5713 2480 5785">
    <p class='ocr_par' dir='ltr' id='par_1_117' title="bbox 875 5713 2480 5785">
     <span class='ocr_line' id='line_1_117' title="bbox 875 5713 2480 5785; baseline 0.004 -18"><span class='ocrx_word' id='word_1_863' title='bbox 875 5720 922 5752; x_wconf 70' lang='lat'>”</span> <span class='ocrx_word' id='word_1_864' title='bbox 964 5715 1169 5768; x_wconf 83' lang='lat' dir='ltr'><strong>Gcncs.</strong></span> <span class='ocrx_word' id='word_1_865' title='bbox 1204 5729 1258 5776; x_wconf 78' lang='grc' dir='ltr'><strong>ι,</strong></span> <span class='ocrx_word' id='word_1_866' title='bbox 1291 5713 1376 5766; x_wconf 79' lang='grc'><strong>26.</strong></span> <span class='ocrx_word' id='word_1_867' title='bbox 1453 5715 1496 5746; x_wconf 72' lang='grc'>⁸³</span> <span class='ocrx_word' id='word_1_868' title='bbox 1532 5713 1764 5784; x_wconf 83' lang='lat' dir='ltr'><strong>Psal.cr,</strong></span> <span class='ocrx_word' id='word_1_869' title='bbox 1800 5718 1888 5776; x_wconf 77' lang='lat'><strong>26.</strong></span> <span class='ocrx_word' id='word_1_870' title='bbox 1963 5721 2006 5752; x_wconf 84' lang='lat'><strong>’°</strong></span> <span class='ocrx_word' id='word_1_871' title='bbox 2046 5718 2199 5774; x_wconf 75' lang='lat' dir='ltr'><strong>Rom.</strong></span> <span class='ocrx_word' id='word_1_872' title='bbox 2236 5733 2359 5785; x_wconf 84' lang='lat' dir='ltr'><strong>vni,</strong></span> <span class='ocrx_word' id='word_1_873' title='bbox 2394 5719 2480 5775; x_wconf 72' lang='grc' dir='ltr'>Πζ</span> 
     </span>
    </p>
   </div>
  </div>
