3818 6326
769 403 860 456 151

1441 396 1697 451 EUSEBII
1736 383 2197 449 cmsamENSIs
2229 398 2373 453 opp.
2413 398 2588 452 PARS
2622 397 2710 452 lll.
2739 429 2807 438 -
2827 393 3109 453 EXEGETICA.

766 516 837 569 lic
864 517 1184 571 constitutus
1213 514 1371 567 fuerit
1415 527 1574 580 super
1622 526 1782 578 opera
1837 525 2090 565 manuum
2142 513 2274 581 ejus,

1991 528 2090 565 tum
2142 513 2278 581 ejus,
2310 538 2356 593 Α
2384 514 2657 582 ίσάγγελος
2689 515 2935 566 ἀπόκειται
2959 517 3032 574 τοῖς
3056 506 3276 577 ἀνθρώποις
3296 499 3499 593 ἒνμοὺξαν

767 605 933 660 caelos
961 612 1014 658 et
1059 604 1235 656 omnia
1266 615 1382 668 quae
1413 601 1464 650 in
1511 599 1589 650 eis
1634 604 1760 652 sunt
1818 600 2278 668 contemplabitur.

769 694 962 747 Beatus
989 702 1160 745 autem
1190 689 1383 741 Paulus
1416 688 1516 739 hoc
1543 688 1608 740 de
1645 686 1920 742 Salvatore
1952 692 2174 756 accepit,
2208 699 2288 743 ut-

769 789 892 849 pote
931 779 1071 848 quod
1123 776 1222 843 ipsi
1268 774 1322 824 in
1369 773 1548 825 futuro
1590 774 1783 827 saeculo
1814 774 2166 827 obventurum
2195 777 2283 832 sit.

767 869 1096 937 Quapropter
1125 865 1198 915 ait
1229 863 1304 915 illi
1331 861 1488 914 Pater
1515 878 1528 914 :
1560 860 1691 914 Sede
1719 879 1750 914 a
1796 862 1992 916 dextris
2029 866 2174 926 meis,
2202 865 2290 917 do-

768 971 855 1006 nee
880 968 1062 1018 ponam
1085 950 1316 1002 inimicos
1337 957 1451 1000 tuos
1477 948 1755 1001 scabellum
1776 950 1961 1019 pedum
1990 959 2193 1005 tuorum
2220 954 2283 1008 θί.

1181 1135 1492 1190 PSALMUS
1527 1134 1729 1188 DAVID
1765 1136 1854 1190 IX.

1069 1227 1114 1280 Ι.
1143 1227 1207 1280 In
1233 1229 1384 1295 ﬁnem
1421 1244 1512 1295 pro
1544 1226 1756 1279 occultis
1778 1226 1927 1279 Filii.

833 1316 994 1370 Multa
1029 1327 1180 1372 erant
1205 1333 1324 1385 quae
1355 1318 1466 1385 ipsc
1493 1317 1702 1370 occulte
1743 1323 2038 1384 peregerat,
2070 1332 2288 1384 genera-

764 1410 838 1461 tio
873 1408 1076 1462 scilicet
1107 1423 1170 1460 ex
1204 1407 1417 1475 Virgine
1448 1405 1740 1460 secundum
1773 1420 1986 1459 carnem
2035 1422 2128 1474 per
2171 1407 2292 1476 Spi-

764 1498 924 1548 ritum
953 1503 1215 1557 sanctum,
1239 1495 1510 1563 stupenda:
1540 1494 1640 1546 illa:
1666 1494 1886 1548 virtutes
1914 1495 2107 1562 quibus
2129 1497 2292 1548 miras

764 1585 890 1638 bilia
921 1585 1127 1648 edebat,
1157 1601 1301 1638 mors
1343 1585 1459 1652 ejus
1487 1593 1540 1638 et
1586 1583 1878 1639 descensus
1908 1585 1960 1638 in
2004 1585 2289 1648 infernum,

764 1687 826 1726 ac
857 1672 1178 1726 resurrectio
1204 1689 1267 1726 ex
1300 1674 1541 1728 mortuis.
1573 1673 1714 1739 Haec,
1747 1676 1983 1743 inquam,
2015 1675 2192 1728 omnia
2215 1675 2293 1727 la-

2385 604 2650 664 καταστὰς
2680 605 2770 654 ἐπὶ
2811 604 2872 656 τὰ
2907 603 3000 672 ἔργα
3026 600 3098 652 τῶν
3131 596 3276 666 χειρῶν
3318 586 3472 649 αὺτοῦν

2384 693 2617 762 οὐρανῶν
2649 693 2794 745 ἔσται
2829 694 2906 745 καὶ
2938 693 3011 744 τῶν
3041 693 3080 742 ὲν
3114 688 3262 747 αὐτοῖς.
3300 683 3347 735 '0
3381 680 3430 731 δὲ
3471 696 3502 747 μ

2383 784 2588 845 Παῦλος
2629 784 2720 836 καὶ
2765 784 2904 836 τοῦτο
2937 782 3025 852 περὶ
3056 780 3121 832 τοῦ
3150 777 3347 845 Σωτῆρος
3382 770 3502 835 ἐξέλω

2385 872 2533 923 αίῶνι
2563 871 2639 940 τῷ
2671 872 2898 940 μέλλοντι
2920 869 3193 940 γενησόμενον.
3225 864 3298 916 Διό
3332 878 3448 931 φησι
3483 879 3504 911 7

2385 963 2472 1014 τὸν
2504 964 2531 1014 ὁ
2574 963 2790 1031 Πατήρ·
2826 960 2977 1014 Κάθου
3007 960 3056 1011 ἐκ
3087 956 3246 1020 δεξιῶν
3267 971 3388 1022 μου,
3426 951 3504 1012 ἕω(

2384 1051 2521 1117 τοὺς
2551 1053 2794 1120 ἐχθρούς
2825 1067 2919 1104 σου
2939 1049 3183 1104 ὑποπόδιον
3201 1045 3297 1099 τῶν·
3321 1041 3500 1096 ποδῶν

2785 1141 3017 1194 ΨΑΛΜΟΣ
3040 1139 3105 1190 ΤΩ
3128 1136 3282 1188 ΔΑΥΙΔ
3304 1135 3354 1186 Θ¹
3366 1173 3379 1188 .

2488 1238 2591 1296 Εἰς
2623 1232 2688 1284 τὸ
2719 1231 2885 1295 τέλος
2907 1229 3018 1294 ὑπὲρ
3037 1225 3125 1279 τῶν
3145 1225 3366 1292 κρυφίων
3391 1221 3490 1274 τοῦ

2456 1323 2627 1375 Πολλὰ
2667 1322 2722 1372 δὲ
2759 1317 2824 1391 ἦν
2852 1318 2970 1387 αὐτῴ
2993 1318 3045 1370 τὰ
3070 1316 3262 1387 κρυφίως
3291 1328 3494 1382 πεπραγ

2388 1415 2451 1465 ὲκ
2482 1411 2752 1484 Παρθένου
2793 1409 2874 1461 διὰ
2900 1408 3139 1476 Πνεύματος
3164 1406 3291 1472 ἁγίου
3311 1403 3445 1456 κατὰ
3476 1419 3502 1452 σ

2388 1518 2556 1571 νησις,
2587 1499 2640 1551 αἳ
2677 1516 2734 1550 τε
2777 1497 3017 1566 παράδοξοι
3041 1495 3115 1548 καὶ
3143 1490 3502 1562 θαυματουργοὶ

2389 1589 2415 1640 ὃ
2443 1605 2500 1639 τε
2528 1587 2746 1647 θάνατος
2782 1585 2925 1646 αὐτὸς
2948 1585 3069 1651 καὶὴ
3097 1583 3160 1642 είς
3188 1580 3297 1650 ᾂδου
3329 1579 3506 1631 κὰθοδ(

2390 1678 2590 1746 νεκρῶν
2623 1675 2915 1737 ἀναϐίωσις.
2940 1672 3087 1726 Ταῦτα
3109 1671 3198 1741 γὰρ
3226 1669 3359 1739 αὐτῷ
3391 1669 3506 1721 πὰνι

762 1769 937 1816 tenter
977 1763 1043 1817 ab
1089 1764 1204 1832 ipso
1250 1772 1570 1832 perpetrata.
1615 1764 1746 1818 Nam
1797 1765 1910 1818 huic
1961 1765 2270 1834 principibu:

1995 1765 2292 1832 rincipibus
2391 1768 2716 1839 πέπρακται.
2759 1763 3028 1834 Ἀπέκρυψε
3055 1762 3143 1832 γὰρ
3170 1761 3290 1812 αὐτὰ
3317 1761 3411 1812 καὶ
3439 1761 3503 1811 τοῖ

763 1854 923 1922 hujus
971 1855 1155 1908 mundi
1188 1854 1497 1908 abscondita
1540 1855 1726 1910 voluit.
1783 1855 1857 1910 De
1887 1855 1973 1911 his
2008 1869 2168 1924 porro
2199 1869 2271 1908 oc

2008 1869 2168 1924 porro
2199 1869 2293 1908 oc-
2320 1877 2362 1930 Β
2389 1857 2478 1910 τοῦ
2521 1857 2718 1924 κόσμου
2749 1853 2936 1908 τούτου.
2967 1853 3108 1921 ’Υπὲρ
3131 1851 3186 1921 δὴ
3213 1849 3402 1902 τούτων
3429 1849 3505 1901 τῶ

762 1945 923 1998 cultis
956 1945 1029 1996 ait
1056 1943 1318 2012 Propheta
1347 1963 1360 1998 :

836 2033 996 2087 Vsus.
1026 2033 1078 2085 2.
1124 2033 1418 2102 Conﬁtebor
1457 2034 1571 2097 tibi,
1627 2033 1866 2095 Domine,
1911 2035 1964 2087 in
1996 2043 2102 2088 toto
2136 2033 2287 2087 corde

765 2138 894 2184 meo,
927 2123 1149 2175 narrabo
1176 2124 1348 2175 omnia
1380 2123 1642 2176 mirabilia
1673 2132 1782 2178 tua.
1827 2123 2033 2176 Similia
2062 2124 2178 2192 ipse
2213 2122 2288 2175 ait

763 2211 817 2263 in
849 2211 1150 2280 Evangeliis
1180 2214 1224 2244 ”
1246 2231 1257 2265 :
1283 2212 1579 2280 Conﬁtebor
1599 2213 1713 2277 tibi,
1736 2213 1913 2277 Pater,
1934 2213 2149 2265 Domine
2174 2211 2288 2265 caeli

758 2310 807 2354 et
838 2308 1004 2363 terrae,
1034 2303 1156 2369 quia
1199 2301 1516 2356 abscondisti
1542 2303 1650 2357 hwc
1686 2321 1718 2357 a
1748 2303 2060 2372 sapientibus
2087 2312 2137 2356 et
2162 2319 2286 2372 pru-

758 2387 1015 2452 dentibus,
1045 2399 1094 2442 et
1122 2391 1358 2443 revelasti
1391 2408 1452 2444 ea
1472 2393 1720 2460 parvulis.
1751 2392 1808 2446 In
1841 2394 2047 2462 psalmo
2076 2408 2288 2461 quoque

759 2479 824 2532 de
849 2481 1074 2535 occultis
1099 2482 1298 2549 gratias
1327 2482 1455 2550 agit,
1510 2493 1562 2537 et
1607 2491 1728 2552 post
1775 2483 2065 2552 gratiarum
2115 2485 2283 2536 actio-

760 2581 904 2630 nem,
932 2584 1090 2636 quam
1121 2585 1217 2636 pro
1245 2570 1414 2623 salute
1452 2579 1637 2624 nostra
1664 2572 1852 2636 edidit,
1884 2587 1983 2625 nos
2013 2571 2080 2625 de
2123 2572 2286 2624 mira-

759 2656 955 2709 bilibus
985 2655 1159 2711 Patris
1189 2658 1270 2711 sui
1297 2657 1609 2712 edocturum
1640 2675 1717 2722 se,
1743 2661 1808 2714 de
1826 2661 1939 2728 ipsa
1962 2660 2137 2715 Patris
2167 2677 2287 2716 con-

757 2747 1101 2814 templatione
1130 2748 1426 2811 exsultans,
1473 2751 1772 2818 pollicetur.
1811 2749 1948 2805 Sane
1988 2759 2171 2820 utpote
2199 2750 2286 2806 Fi-

759 2835 832 2887 lio
861 2836 1033 2888 inerat
1064 2836 1162 2904 ipsi
1188 2839 1421 2907 cognitio
1449 2839 1680 2894 nominis
1714 2841 1854 2908 quod
1892 2841 2078 2894 deitati
2110 2840 2287 2896 Patris

759 2925 863 2988 sui,
895 2927 1039 2978 nulla
1065 2942 1194 2982 voce
1227 2929 1477 2997 nulloque
1516 2929 1732 2983 nomine
1768 2929 2111 2998 explicanda},
2142 2945 2288 2983 com-

758 3015 992 3083 petebat.
1041 3013 1163 3068 Πιεο
1227 3016 1476 3080 maxime,
1527 3016 1720 3083 inquit,
1773 3015 1965 3071 faciam
2001 3024 2284 3085 postquam

755 3104 1027 3159 inimicam
1078 3106 1200 3160 vitae
1250 3113 1473 3180 mortem
1509 3108 1708 3169 vicero,
1755 3106 1820 3160 de
1865 3121 1969 3174 qua
2021 3107 2217 3160 dicitur
2267 3123 2282 3160 :

2391 1949 2672 2018 Προφήτης
2694 1945 2867 2012 λέγει’

2470 2031 2985 2102 Ἐξομολογήσομαι
3027 2043 3129 2095 σοι,
3173 2030 3350 2096 Κύριε,
3392 2029 3464 2081 ἐν

2384 2140 2523 2191 μου,
2552 2121 2898 2190 διηγήσομαι
2940 2119 3109 2172 πάντα
3140 2121 3204 2173 τὰ
3239 2118 3505 2187 Θαυμάσιη

2389 2211 2523 2264 αὕτα
2551 2209 2639 2262 καὶ
2666 2209 2823 2270 αὐτὸς
2845 2209 2898 2259 ὲν
2913 2206 3218 2275 Εὑαγγελίοις
3241 2208 3399 2277 φησίν
3417 2224 3432 2236 ·
3474 2209 3506 2258 Ἰ

2384 2298 2492 2366 μαι
2517 2312 2633 2360 σοι,
2672 2295 2877 2362 Πάτερ,
2905 2295 3062 2361 Κύριε
3089 2295 3184 2348 τσῦ
3208 2295 3468 2361 οὐρανοῦ

2389 2388 2477 2441 ὅτι
2522 2387 2867 2454 ἀπέκρυψας
2902 2386 3068 2439 ταῦτα
3099 2386 3207 2439 ἀπὸ
3237 2386 3447 2454 σοφῶν
3499 2409 3506 2437 τ

2388 2479 2486 2531 καὶ
2508 2475 2895 2543 ἀπεκάλυψας
2917 2475 3087 2530 ταῦτα
3113 2478 3362 2543 νηπίοις.
3386 2479 3506 2531 Καὶ

2389 2569 2494 2640 γὰρ
2526 2569 2651 2639 περὶ
2686 2567 2790 2622 τῶν
2826 2568 3054 2637 κρυφίων
3083 2569 3401 2638 εὐχαριστεῖ.
3441 2572 3505 2622 Μ

2388 2657 2685 2729 χαριστίαν,
2720 2657 2779 2728 ἢν
2809 2657 2942 2726 ὑπὲρ
2977 2658 3067 2727 τῆς
3106 2659 3378 2728 ἡμετέρας
3429 2663 3506 2712 se:

2391 2750 2526 2820 ρίας,
2559 2745 2809 2818 περὶτῶν
2842 2745 3144 2815 Θαυμασίων
3173 2749 3264 2800 τοῦ
3289 2751 3506 2821 Har-cpe.-

2389 2837 2773 2905 ἐπαγγέλλεται
2796 2840 2860 2907 τῇ
2898 2836 2988 2889 τοῦ
3018 2839 3225 2908 Πατρὸς
3251 2841 3506 2908 ὲναγαλλ

2387 2929 2442 2980 δὲ
2474 2928 2587 2997 Υίῷ
2615 2929 2704 2980 καὶ
2731 2929 2764 2998 ἡ
2793 2927 2986 2994 γνῶσις
3018 2930 3196 2999 παρῆν
3227 2931 3326 2982 τοῦ
3361 2931 3504 3002 ὁνόμ

2389 3037 2476 3082 τος
2503 3019 2592 3072 τοῦ
2625 3019 2858 3089 ἀρρήτου
2891 3020 2984 3071 καὶ
3014 3021 3482 3091 ἀκατονομάστου

2388 3110 2444 3162 δὲ
2497 3110 2741 3179 μάλιστα,
2784 3109 2936 3178 φησι,
2989 3111 3202 3180 ποιήσω
3253 3112 3354 3164 τὸν
3411 3114 3501 3184 τῆι

757 3195 1056 3250 Novissima
1088 3182 1299 3248 inimica
1338 3195 1628 3250 destruetur
1657 3213 1793 3250 mors
1817 3198 1884 3248 ³³.
1920 3196 2050 3249 Nam
2083 3207 2265 3251 τευ-οτι

1993 3213 2050 3249 _m
2083 3207 2285 3251 retror-
2311 3205 2352 3261 C
2386 3201 2572 3271 ἐχθρὸν
2601 3201 2840 3266 Θάνατον,
2874 3203 3004 3272 περὶ
3037 3197 3100 3255 οὗ
3121 3202 3386 3257 λέλεκται
3409 3222 3424 3235 ·
3465 3182 3501 3257 ’ἦ

757 3301 876 3340 sum
906 3292 1268 3348 convertetur,
1299 3287 1349 3339 id
1381 3294 1484 3348 est,
1517 3287 1570 3339 in
1602 3287 1882 3355 pristinam
1919 3303 2070 3341 suam
2101 3287 2288 3341 condi-

757 3377 976 3438 tionem,
1007 3392 1112 3445 qua
1154 3392 1259 3429 non
1289 3376 1581 3430 exsistebat
1623 3395 1637 3430 :
1691 3376 1830 3429 Deus
1877 3378 2018 3431 enim
2073 3388 2288 3432 mortem

757 3482 859 3518 non
893 3465 1010 3533 fecit
1053 3467 1120 3533 “,
1167 3466 1261 3520 sed
1308 3464 1504 3518 invidia
1555 3465 1753 3519 diaboli
1799 3483 1936 3519 mors
1987 3468 2201 3522 intravit
2233 3470 2287 3522 in

759 3556 1006 3608 mundum
1028 3557 1094 3607 “.
1125 3555 1252 3619 Qua:
1281 3571 1402 3608 cum
1429 3556 1725 3619 evenerint,
1757 3557 1946 3624 reliqui
1989 3559 2145 3611 etiam
2176 3574 2288 3612 om-

759 3660 854 3697 nes
887 3645 1033 3697 verbi
1063 3645 1138 3697 tui
1179 3644 1401 3709 inimici,
1431 3643 1623 3696 inﬁrmi
1672 3645 1896 3698 evadent
1925 3661 1988 3699 ac
2026 3647 2080 3700 in
2109 3649 2288 3716 perni-

762 3733 895 3786 ciem
930 3733 1099 3785 ibunt.

833 3901 992 3956 Vens.
1023 3903 1073 3957 9.
1121 3901 1186 3954 Et
1225 3901 1330 3970 ipse
1363 3901 1622 3968 judicabit
1659 3902 1832 3956 orbem
1863 3911 2010 3956 terra:
2041 3904 2094 3956 in
2125 3910 2287 3978 justi-

767 3994 862 4061 tia,
897 3992 1155 4061 judicabit
1175 3992 1388 4062 populos
1411 3993 1464 4046 in
1486 3992 1813 4065 wquitate.Si
1835 3995 1872 4047 ii
1899 3995 1989 4063 qui
2012 3995 2063 4047 in
2090 3997 2288 4049 mundo

758 4089 1058 4141 versantur.
1093 4097 1197 4134 non
1230 4082 1426 4135 similia
1469 4097 1632 4150 opera
1686 4084 1997 4147 edidissent,
2027 4085 2288 4152 judicium

762 4169 852 4224 Dei
886 4171 1089 4237 justum
1120 4186 1226 4225 non
1260 4179 1439 4236 esset;
1474 4173 1564 4240 qui
1596 4174 1709 4240 pari
1740 4175 1946 4228 ratione
1981 4184 2288 4243 peccatores

760 4261 1041 4328 supplicio,
1069 4262 1243 4327 justos
1276 4261 1443 4330 gloria
1466 4259 1642 4315 allicit.
1674 4261 1944 4315 Judicabit
1983 4266 2200 4333 populos
2233 4268 2288 4320 in

759 4353 1017 4419 wquitate.
1046 4350 1238 4406 Orbem
1265 4360 1418 4406 terra;
1452 4362 1604 4405 vocat
1634 4352 1946 4420 Ecclesiam,
1987 4372 2104 4424 quae
2136 4358 2288 4410 inha-

760 4443 959 4495 bitatur
986 4457 1016 4494 a
1043 4441 1220 4508 Patre,
1279 4441 1414 4497 Filio
1456 4453 1508 4497 et
1550 4441 1750 4512 Spiritu
1785 4454 1992 4506 sancto,
2038 4447 2190 4514 juxta
2224 4449 2288 4500 il-

759 4530 849 4583 lud
877 4549 890 4584 :
927 4529 1036 4598 Ego
1057 4539 1111 4584 et
1135 4531 1292 4586 Pater
1323 4533 1390 4585 ad
1419 4549 1534 4586 eum
1577 4535 1854 4598 veniemus,
1891 4545 1938 4588 et
1968 4539 2285 4592 mansionem

759 4621 895 4688 apud
913 4637 1028 4674 eum
1057 4621 1304 4689 faciemus
1327 4624 1390 4676 ⁸⁸.
1415 4623 1645 4693 Populos
1667 4633 1842 4679 autem
1870 4627 2100 4696 appellat
2128 4637 2288 4682 caete-

756 4728 848 4766 ros
879 4727 1065 4766 omnes
1097 4714 1187 4780 qui
1231 4719 1380 4766 extra
1409 4713 1703 4769 Ecclesiam
1736 4725 2040 4781 versantur,
2076 4725 2168 4770 aut
2194 4719 2285 4787 qui

758 4815 824 4853 ex
857 4800 1268 4855 circumcisione
1296 4809 1442 4856 sunt.
1480 4803 1739 4873 Quotquot
1767 4807 1903 4858 enim
1934 4807 1991 4858 in
2027 4807 2132 4876 lege
2167 4823 2286 4875 pec—

758 4901 1021 4956 carerunt,
1045 4907 1134 4960 per
1164 4893 1320 4962 legem
1341 4893 1753 4963 judicabuntur;
1782 4899 1869 4966 qui
1899 4915 2014 4952 vero
2044 4900 2153 4953 sine
2179 4900 2284 4970 lege

761 4985 1067 5049 transgressi
1089 4992 1228 5047 sunt,
1258 4986 1370 5037 sine
1404 4985 1510 5053 lege
1537 4987 1771 5053 peribunt
1807 4988 1876 5046 ⁸⁷.

831 5069 992 5124 Vens.
1036 5073 1122 5135 10,
1153 5075 1237 5128 Η.
1280 5074 1350 5127 Et
1398 5075 1568 5143 factus
1606 5088 1682 5130 est
1728 5079 1980 5134 Dominus
2028 5080 2283 5148 refugium

760 5160 990 5224 pauperi,
1021 5160 1228 5226 adjutar
1250 5164 1305 5216 in
1334 5168 1824 5234 opportunitatibus,
1849 5171 1904 5223 in
1929 5170 2282 5223 tribulatione.

763 5248 829 5300 Et
858 5259 1057 5316 sperent
1084 5251 1136 5302 in
1173 5262 1218 5304 te
1246 5258 1332 5321 qui
1361 5267 1605 5310 noverunt
1634 5275 1814 5313 nomen
1847 5269 2012 5323 tuum,
2039 5261 2282 5328 quoniam

763 5354 862 5390 non
899 5338 1215 5406 dereliquisti
1242 5356 1520 5406 quaerentes
1569 5357 1635 5411 te,
1665 5347 1902 5402 Domine.
1934 5349 2031 5403 Cui
2063 5349 2282 5416 pauperi

758 5427 920 5494 judex
949 5428 1212 5495 refugium
1237 5427 1404 5485 factus
1425 5443 1528 5494 est.
1555 5439 1658 5492 nisi
1683 5440 1736 5492 in
1764 5439 1937 5508 primo
1965 5440 2084 5492 vitae
2105 5439 2280 5492 curri-

828 5542 870 5572 "
908 5541 1048 5596 Psal.
1082 5557 1167 5594 CIX
1191 5578 1205 5596 .
1236 5541 1288 5594 1.
1360 5545 1404 5576 ⁹¹
1443 5547 1623 5604 Matth.
1660 5569 1734 5608 xu.
1765 5555 1853 5609 25.
1928 5554 1974 5586 ⁸³
2010 5552 2030 5606 1
2059 5552 2184 5608 Cor.
2217 5570 2283 5609 xv

761 5610 846 5663 25.
920 5612 961 5641 "
1002 5609 1155 5662 Rom.
1190 5624 1262 5671 ιι,
1297 5609 1378 5663 12.

835 5672 1068 5766 (ἣέῖεν.
1097 5697 1255 5754 Forte
1279 5701 1387 5755 εῖν.
1414 5703 1566 5760 Enn.

2297 5595 2312 5622 ,
2344 5555 2433 5611 26.
2507 5557 2552 5590 ⁹¹⁶
2591 5557 2716 5630 Sap.
2751 5576 2791 5626 ι,
2827 5562 2930 5615 15.

2386 3291 2809 3359 καταργήσεται
2834 3295 2867 3344 ὀ
2893 3291 3184 3360 θάνατος.
3223 3297 3497 3367 Ἀποστρ

2384 3381 2452 3432 τὰ
2491 3382 2681 3444 ὀπίσω,
2712 3381 2964 3435 τουτέστι
2995 3383 3100 3453 τὴν
3150 3384 3398 3456 πρώτην
3461 3406 3499 3439 α

2385 3473 2469 3524 ὅτε
2500 3472 2572 3542 μὴ
2593 3473 2905 3542 ὑφεστήκει.
2947 3475 3014 3526 '0
3041 3475 3160 3546 γὰρ
3203 3477 3367 3541 Θεὸς
3403 3479 3495 3532 Οά

2385 3579 2520 3615 σενο
2564 3568 2760 3631 φθόνῳ
2808 3565 2866 3617 δὲ
2915 3566 3230 3621 διαϐόλου
3281 3571 3498 3624 Oderat

2386 3653 2489 3704 τὸν
2518 3654 2745 3721 κόσμον
2765 3671 2779 3684 ο
2809 3647 2872 3707 οὗ
2917 3637 3346 3726 δὴῇεγονότος
3396 3664 3500 3714 κα)

2386 3740 2565 3810 ἐχθροὶ
2611 3741 2702 3793 τοῦ
2755 3741 2914 3808 λόγου
2979 3759 3086 3793 σου
3146 3744 3258 3796 καὶ
3319 3747 3502 3799 πολέα

2387 3828 2720 3881 ἀπολοῦνται.

2453 3919 2560 3972 Καὶ
2617 3919 2794 3984 αὐτὸς
2839 3921 3057 3987 κρινεῖ
3105 3922 3246 3989 τὴν·
3305 3927 3501 3981 obeat

2386 4009 2561 4074 σύνῃ,
2591 4008 2777 4075 κρινεῖ
2818 4010 3034 4075 λαοὺς
3078 4011 3162 4064 ἐν
3200 4014 3500 4084 εὑθύτητ

2387 4099 2617 4168 κουμένῃ
2649 4100 2746 4150 οὐκ
2769 4100 2825 4150 ὲν
2847 4100 3092 4168 ὁμοίοις
3113 4104 3286 4154 εἰσὶν
3320 4103 3502 4174 ἒργο·

2388 4188 2636 4259 καιοσύνη
2679 4191 2710 4258 ἡ
2747 4191 2939 4260 κρίσις
2980 4192 3100 4242 τοῦ
3161 4191 3337 4245 Θεοῦ
3363 4212 3381 4224 ·
3433 4200 3499 4266 ὁε

2387 4293 2568 4339 νοντας
2616 4277 2851 4344 κολάζει,
2907 4277 2950 4348 ἦ
3014 4281 3178 4344 τοὺς
3250 4283 3502 4337 δικαίον

2386 4368 2570 4432 λαοὺς
2592 4369 2660 4421 ἐν
2678 4371 2997 4436 εὐθύτητι.
3035 4373 3254 4425 Οἰκου
3268 4376 3496 4447 μένην

2388 4456 2506 4525 ἥτις
2534 4459 2753 4509 οἰκεῖται
2782 4458 2890 4510 ὑπὸ
2933 4459 3059 4511 τοῦ
3095 4462 3386 4533 Πατρδς
3433 4484 3502 4518 κε

2319 4523 2364 4580 υ
2391 4523 2542 4612 ἁγίου
2576 4547 2911 4618 Πνεύματος,
2955 4551 3151 4604 κατὰ
3192 4523 3281 4604 τά
3303 4571 3322 4583 ·
3363 4523 3502 4624 *Ἐγ

2390 4637 2609 4703 σόμεθα
2635 4639 2780 4704 πρὸς
2823 4640 3088 4705 αὑτὸν,
3153 4643 3294 4694 καὶ
3337 4662 3502 4711 μον

2388 4728 2643 4793 σόμεθα·
2685 4727 2843 4790 λαοὺς
2885 4728 2959 4780 δὲ
3014 4731 3192 4792 τοὺς
3236 4731 3504 4788 λοιποὶ,

2403 4808 2553 4872 σίαν,
2599 4809 2632 4875 ἢ
2678 4810 2799 4871 τοὺς
2844 4811 2921 4861 ὲκ
2985 4817 3454 4885 περιτομῆς-

2403 4897 2692 4964 ἥμαρτον,
2731 4897 2825 4950 διὰ
2865 4902 3129 4968 νόμου
3202 4907 3486 4971 κριθή(

2400 4986 2851 5055 ἁμαρτανόντων
2881 4990 3211 5058 ἀνόμως
3258 4995 3478 5047 ἀπ’οά

2451 5083 2557 5136 Καὶ
2579 5081 2808 5150 ἐγένετο
2833 5087 3126 5154 Κύριος
3170 5107 3457 5159 καταφ

2385 5173 2485 5238 θὸς
2521 5173 2590 5225 ἐν·
2633 5176 3026 5244 εὐκαιρίαις,
3071 5180 3174 5232 ἐν
3239 5184 3445 5249 θλίψ

2383 5261 2479 5313 ἐπὶ
2517 5261 2590 5314 σὲ
2636 5267 2688 5316 al
2732 5266 3243 5333 γινώσκοντες
3308 5271 3406 5321 τὸ

2383 5349 2758 5417 ἐγκατέλιπες
2790 5355 2958 5420 τοὺς
3018 5355 3218 5422 ἐκζη
3227 5357 3423 5410 τοῦτ

2382 5440 2438 5492 δὲ
2486 5442 2674 5511 πένητι
2721 5447 3067 5517 καταφυγὴ
3132 5446 3408 5524 γέγονε

3044 5562 3112 5594 98
3221 5571 3384 5632 δθρ
