3818 6328
181 395 313 451 ’5⁸5

1354 403 1840 461 COMMENTARIA
1876 401 1938 453 IN
1976 401 2306 456 PSALMOS.

3302 413 3400 472 154

183 503 341 560 stati
383 499 456 552 τὸν
500 495 692 566 τρίτον
740 491 856 561 βίον
923 501 1051 571 τὴν
1117 518 1334 588 στενὴν
1385 521 1633 572 ὡδευκότι
1693 536 1762 571 κα

1883 515 2024 576 culo,
2074 517 2124 569 in
2153 523 2378 585 angusta
2427 525 2478 571 et
2510 528 2655 572 arcta
2698 522 2780 575 via
2831 523 3142 591 incesserit;
3196 543 3398 584 necnoa

186 589 533 658 εεθλιμμένηνν
560 585 645 638 καὶ
777 593 1283 679 ξακαριζομένῳ
1312 610 1522 678 πτωχῷ,
1549 611 1780 679 δηλονότι

187 679 288 747 τῷ
313 675 532 745 πνεύματι
555 691 567 737 ;
594 671 758 724 Τοῦτο
781 671 843 724 δὲ
890 680 1216 754 μαθόντες
1257 697 1304 746 οἱ
1345 698 1688 764 γινώσκοντες
1724 700 1781 751 τὸ

183 766 358 833 avoid
389 779 485 826 σουν
521 762 607 814 καὶ
641 761 717 812 ὅτι
761 761 822 811 ὲν
872 766 967 835 τῷ
1014 775 1136 845 τῆς
1176 761 1568 853 δικαιοκρισίας
1612 785 1782 856 καιρῷ

181 859 324 919 τοὺς
345 853 661 924 ἐγιζητοῦντάς
690 869 747 904 σε
777 853 883 906 νῦν
911 860 1036 914 οὐκ
1066 869 1516 941 ἐγκαταλείψεις,
1542 875 1782 928 ἐντεῦθεν

180 945 530 1007 ἐλπιζέτωσαν
577 943 668 994 ἐπὶ
707 942 768 994 σὲ
799 945 1010 1004 πάντα.
1042 955 1146 1012 διὰ
1190 961 1290 1024 τὰς
1321 963 1544 1031 ἀμοιϐὰς
1585 965 1782 1034 ὑπομέ-

179 1050 393 1094 νοντες.

297 1123 747 1190 Ἀταλλιασόμεθα
778 1123 888 1178 ἐπὶ
938 1131 1036 1196 τῷ
1076 1140 1353 1204 σωτηρίῳ
1391 1154 1522 1200 σου,
1571 1140 1778 1192 gnati-

199 1229 396 1280 τησαν
417 1213 544 1279 ἔθνη
572 1213 640 1265 έν
666 1214 983 1287 διαφθορᾷ
1013 1219 1058 1293 ᾖ
1107 1228 1420 1294 ἐποίησαν.
1463 1231 1557 1280 Ἐν
1583 1230 1780 1297 παγίδι

209 1298 440 1372 tuatui]
475 1304 741 1371 ἔκρυψαν
768 1312 1163 1382 συνελήφθη
1200 1320 1233 1369 ό
1262 1319 1410 1382 ποῦς
1438 1319 1649 1372 αὐτῶν.
1684 1323 1780 1370 Γι-

221 1392 484 1445 νώσκεται
507 1396 712 1462 Κύριος
750 1398 1032 1466 κρίματα
1071 1405 1276 1459 ποιῶν.
1321 1408 1413 1457 Ἐν
1441 1407 1560 1471 τοῖς
1591 1409 1778 1476 ἔργοις

217 1481 338 1533 τῶν
364 1483 554 1550 χειρῶν
574 1486 760 1540 αὐταῦ
783 1491 1165 1560 συνελήφθη
1195 1497 1227 1546 ό
1249 1495 1602 1562 ἁμαρτωλός.
1647 1497 1774 1568 ᾨδὴ

227 1571 624 1639 διαψὰλματος.
669 1575 836 1628 Ἀλλά
871 1580 976 1630 καὶ
1009 1583 1124 1643 τοῖς
1167 1582 1438 1634 εὐσεϐέσιν
1474 1583 1777 1636 ἐπιϐουλεύ-

233 1676 416 1724 σαντες,
470 1664 696 1726 ἑαυτοὺς
751 1668 1125 1739 περιέπειραν
1191 1671 1447 1741 ἀπωλείᾳ.
1505 1674 1633 1725 Τότε
1686 1675 1776 1726 καὶ

223 1751 566 1820 γνωσθήσεται
596 1754 785 1824 δικαίᾳ
820 1757 1009 1826 κρίσει
1038 1758 1313 1828 χρώμενος
1336 1763 1362 1812 6
1389 1761 1532 1823 Θεός.
1577 1763 1694 1832 ’ῼδὴ
1719 1764 1773 1814 δὲ

1882 607 2124 659 mendico
2169 615 2221 659 et
2274 609 2512 675 pauperi,
2567 610 2756 678 spiritu
2809 615 3031 678 scilicet,
3081 619 3168 684 qui
3216 619 3401 673 beatus

1881 695 2235 758 praedicatur?
2260 693 2369 746 Hoc
2403 710 2522 748 cum
2551 698 2867 752 edidicerint
2895 705 2984 770 qui
3025 711 3284 758 noverunt
3305 721 3401 759 no-

1881 797 2000 835 men
2035 791 2204 844 tuum,
2253 784 2403 852 gnari
2445 801 2656 854 quoque
2687 797 2738 842 te
2761 789 2890 856 justi
2933 793 3118 859 jndicii
3169 806 3402 865 tempore

1880 885 1988 922 non
2018 873 2326 925 relicturum
2349 889 2442 927 eos
2466 876 2554 942 qui
2577 892 2720 930 nunc
2739 889 2984 947 quazrunt
3009 890 3092 948 te;
3125 885 3246 939 inde
3267 887 3400 941 bene

1879 969 2094 1026 sperent
2124 963 2176 1013 in
2203 968 2274 1023 te,
2306 964 2613 1030 patientiam
2657 968 2711 1020 in
2751 970 3000 1025 omnibus
3036 973 3290 1030 habentes
3331 977 3400 1030 ob

1879 1057 2115 1116 paratam
2148 1052 2572 1108 retributionem.

1949 1135 2110 1190 Vens.
2146 1138 2231 1200 -16,
2267 1140 2354 1192 17.
2402 1139 2793 1198 Exsultabimus
2833 1147 2885 1198 in
2935 1149 3158 1202 salutari
3181 1161 3288 1216 tuo,
3316 1156 3398 1206 in-

1878 1225 1998 1290 ﬁxa:
2023 1236 2141 1278 sunt
2163 1238 2330 1295 gentes
2361 1231 2413 1282 in
2443 1231 2652 1284 interitu
2679 1250 2825 1301 quem
2857 1236 3098 1294 fecerunt.
3134 1240 3198 1293 In
3220 1243 3399 1311 laqueo

1877 1312 1975 1363 isto
1999 1330 2143 1381 quem
2168 1316 2562 1379 absconderant,
2588 1323 2975 1387 comprehensus
2997 1335 3071 1378 est
3091 1343 3175 1393 pes
3198 1345 3395 1385 eorum.

1877 1401 2221 1470 Cognoscetur
2259 1406 2512 1460 Dominus
2551 1409 2756 1476 judicia
2803 1412 3014 1478 faciens.
3053 1415 3115 1467 In
3161 1421 3397 1484 operibus

1877 1509 2117 1545 manuum
2135 1512 2347 1548 suarum
2364 1500 2746 1566 comprehensus
2766 1512 2840 1554 est
2859 1514 3108 1569 peccator.
3128 1505 3397 1561 Canticum

1875 1581 2256 1648 diapsalmalis.
2287 1586 2396 1640 lmo
2429 1603 2552 1641 vero
2573 1589 2698 1642 dum
2727 1591 2830 1658 piis
2851 1592 3154 1648 hominibus
3176 1596 3398 1651 insidias

1875 1679 2163 1734 struerent,
2200 1689 2315 1728 sese
2348 1676 2400 1728 in
2437 1677 2724 1744 perniciem
2755 1687 2807 1732 et
2848 1681 3120 1734 interitum
3153 1686 3397 1753 conjece-

1874 1769 2016 1814 runt.
2061 1762 2209 1817 Tunc
2239 1773 2412 1818 antem
2447 1776 2797 1835 cognoscetur
2839 1769 2978 1825 Deus
3019 1773 3165 1838 justo
3190 1775 3396 1842 judicio

211 1837 598 1911 διαψάλματος·
647 1845 744 1907 ὡς·
773 1846 844 1899 ἂν
898 1849 1200 1918 μεταὸολῆς
1251 1852 1612 1921 γεγενημένης
1656 1855 1762 1922 ῆτοι

1871 1867 2019 1907 usus.
2068 1853 2346 1908 Canticum
2379 1858 2745 1926 diapsalmatis
2773 1861 2989 1924 dicitur,
3023 1870 3079 1916 ut
3110 1863 3248 1917 facta
3279 1881 3398 1918 mu-

215 1928 397 1994 μέλους
427 1933 570 1985 κατά
599 1934 699 2003 τὴν
742 1936 1006 2006 Ἐὅραῖδα
1035 1939 1233 2007 φωνὴν,
1261 1939 1294 2008 ἢ
1329 1940 1604 2009 μελῳδίας,
1628 1943 1659 2011 ἢ
1683 1945 1772 1994 καὶ

213 2017 305 2090 τῆς
331 2023 566 2086 διανοίας
606 2026 784 2094 αὐτῆς
829 2026 938 2078 τῶν
975 2027 1305 2097 λελεγμένων
1337 2031 1418 2098 ἐφ’
1446 2031 1625 2100 ἕτερον
1653 2032 1772 2086 νοῦν

231 2112 651 2180 μεταϐαλλόντων
686 2117 780 2168 τὸν
807 2117 989 2184 λόγον.

292 2203 876 2270 Ἀποστραρήτωσαν
907 2209 961 2258 oi
991 2207 1316 2273 ἁμαρτωλοί
1346 2210 1430 2272 εἰς
1465 2209 1568 2262 τὸν
1599 2210 1766 2276 ᾅδην,

232 2291 394 2345 πάντα
423 2295 496 2346 τὰ
528 2295 678 2361 ἔθνη
718 2298 794 2349 τὰ
826 2297 1338 2364 ἐπιλανθανόμενα
1380 2299 1482 2351 τοῦ
1518 2301 1679 2353 Θεοῦ.
1709 2303 1769 2353 El

232 2382 310 2451 γὰρ
339 2385 432 2435 καὶ⁵
467 2383 566 2435 νῦν
600 2384 1015 2453 ἀναισθητοῧσι,
1060 2384 1170 2436 ἀλλ’
1201 2385 1317 2453 ἥξει
1349 2386 1446 2452 τῆς
1487 2388 1712 2455 κρίσεως
1741 2390 1768 2440 6

233 2474 409 2542 γαιρός.
445 2473 584 2525 Θεοῦ
629 2476 687 2527 δὲ
733 2475 1038 2543 ἅνθρωπος,
1070 2473 1168 2527 κᾶν
1199 2475 1323 2544 δοκῇ
1369 2479 1771 2547 καταπεφρονῆ-

236 2560 326 2614 σθαι
351 2564 501 2632 παρὰ
527 2564 688 2626 Θεοῦ,
717 2563 798 2632 τῷ
829 2563 980 2633 παρὰ
1011 2564 1116 2614 τῶν
1150 2564 1472 2632 ἁμαρτωλῶν
1503 2567 1770 2634 ἀνήκεστα

227 2653 465 2721 πάσχειν·
506 2653 626 2706 ἀλλ’
674 2655 734 2706 οὐ
772 2653 1124 2723 παραδέδοται
1154 2654 1305 2723 λήθῃ.
1339 2655 1410 2706 Οὐ
1451 2654 1556 2724 γὰρ
1602 2658 1678 2717 είς
1710 2656 1768 2707 τὸ

217 2743 355 2804 τέλος
390 2743 821 2814 ὲπιλησθήσεται
853 2745 882 2794 ὁ
916 2744 1126 2812 πτωχὸς
1151 2743 1227 2812 τῷ
1257 2744 1517 2812 πνεύματι
1537 2761 1551 2774 ·
1586 2744 1692 2808 ’ἐξει
1713 2745 1767 2798 δὲ

219 2833 414 2901 καρπὸν
453 2835 547 2886 καὶ
578 2833 735 2895 τέλος
771 2833 974 2899 ἀγαθὸν
1008 2833 1094 2885 διά
1135 2835 1232 2903 τὴν
1261 2836 1318 2886 ὲν
1360 2837 1469 2898 τοῖς
1511 2835 1766 2906 παροῦσιν

219 2920 500 2993 ὑπομονήν.

292 3013 626 3081 Ἀνάστηθι,
658 3014 856 3079 Κύριε,
884 3013 970 3079 μὴ
1001 3015 1398 3078 κραταιούσθω
1442 3014 1762 3082 ἅνθρωπος,

217 3101 582 3164 κριθήτωαίν
612 3101 758 3166 ἔθνη
787 3099 1043 3152 ἐνώπιόν
1066 3115 1196 3152 σου.
1225 3100 1628 3170 Κατὰστησον,
1651 3107 1764 3158 Κύ-

1870 1944 2086 2007 latione,
2132 1946 2244 1999 sive
2295 1948 2473 2010 metri,
2523 1949 2814 2003 secundum
2844 1950 3160 2007 Hebraieam
3187 1971 3394 2021 vocem,

1869 2032 1979 2086 sive
2012 2035 2271 2098 melodize,
2304 2036 2416 2090 sive
2444 2039 2729 2092 verborum
2751 2043 3012 2096 sententia
3045 2045 3098 2097 in
3127 2046 3284 2100 aliam
3316 2048 3392 2102 si-

1868 2121 2254 2188 gnificationem
2279 2127 2554 2180 translata.

1939 2209 2103 2264 Vens.
2141 2213 2225 2266 18.
2268 2213 2644 2268 Convertuntur
2665 2228 2954 2283 peccatores
3003 2223 3056 2274 in
3107 2223 3387 2291 infernum,

1867 2314 2039 2352 omnes
2067 2311 2234 2368 gentes
2280 2319 2393 2371 qua:
2423 2305 2791 2360 obliviscuntur
2818 2309 2999 2364 Deum.
3032 2311 3250 2366 Etiamsi
3280 2315 3390 2381 jam

1866 2390 2013 2443 nullo
2051 2389 2209 2446 sensu
2237 2402 2532 2461 moventur,
2564 2404 2617 2449 at
2641 2399 2813 2452 ve’niet
2839 2399 3024 2466 iudicii
3049 2411 3278 2472 tempus.
3306 2404 3392 2458 ln-

1867 2481 2022 2533 terim
2057 2481 2214 2535 homo
2238 2482 2351 2546 Dei,
2374 2487 2474 2539 etsi
2503 2486 2748 2539 videatur
2787 2489 2852 2539 ab
2880 2489 2996 2556 ipso
3031 2489 3138 2544 Deo
3170 2496 3385 2564 negligi,

1866 2570 1992 2622 dum
2033 2571 2379 2626 inlolerandis
2424 2589 2453 2626 a
2504 2576 2874 2642 peccatoribus
2923 2578 3148 2634 allicitur
3190 2586 3384 2648 malis,

1867 2659 2198 2728 nequaquam
2228 2662 2282 2714 in
2311 2663 2630 2718 oblivionem
2662 2667 2824 2719 venit.
2873 2667 2988 2720 Non
3032 2669 3173 2722 enim
3220 2687 3390 2740 usque

1865 2746 1921 2799 in
1966 2749 2123 2800 tinem
2150 2764 2350 2817 pauper
2373 2752 2563 2818 spiritu
2598 2768 2626 2804 a
2657 2753 2764 2808 Deo
2791 2757 3167 2827 negligendus;
3202 2762 3291 2814 sed
3320 2760 3392 2814 ob

1865 2845 2177 2904 praesentem
2206 2840 2533 2907 patientiam,
2581 2848 2633 2896 et
2667 2843 2896 2898 fructum
2927 2862 3082 2900 suum
3111 2857 3164 2902 et
3191 2850 3387 2905 bonum

1864 2925 2022 2977 ﬁnem
2049 2935 2424 2994 consequetur.

1933 3013 2095 3069 Vens.
2126 3016 2216 3078 20,
2248 3017 2336 3072 21.
2378 3017 2633 3090 Exsurge,
2667 3021 2904 3088 Domine,
2935 3041 3034 3076 non
3067 3027 3385 3094 confortatur

1864 3101 2033 3165 homo,
2051 3105 2352 3171 judicentur
2382 3118 2550 3176 gentes
2583 3111 2636 3162 in
2667 3125 2935 3178 conspectu
2966 3122 3070 3167 tuo.
3097 3115 3382 3179 Constitue,

219 3155 315 3252 διε,
354 3155 691 3254 νομοθέτην
721 3155 814 3239 ἐπ’
843 3189 1062 3252 αὐτούς
1080 3206 1092 3218 ·
1129 3189 1440 3257 γνώτωσαν
1467 3155 1630 3258 ἐθνη,
1677 3195 1762 3246 ὅτι

2022 3155 2093 3171 ,,ν
2382 3155 2548 3176 γη---
2668 3155 2935 3178 “Mr”-..
2966 3155 3070 3167 ...η
3099 3155 3382 3179 ν-.........ι,

1868 3193 2099 3258 Domine,
2136 3196 2480 3264 legislatorem
2507 3216 2658 3267 super
2695 3218 2778 3254 eos
2803 3218 2820 3253 :
2850 3204 3017 3256 sciant
3047 3215 3216 3271 gentes
3255 3224 3384 3275 quo-

227 3270 498 3341 ἄνθρωποί
528 3279 674 3328 εισι.
723 3275 986 3344 Διεγείρει
1025 3275 1114 3326 τὸν
1157 3276 1286 3327 Θεὸν
1325 3277 1398 3338 ὼς
1445 3277 1543 3345 τῆς
1572 3279 1762 3346 ἀνοχῆς

230 3363 360 3418 αὑτοῦ
395 3367 490 3418 καὶ
515 3366 614 3417 τοῦ
646 3365 877 3417 πλούτου
911 3366 1008 3434 τῆς
1042 3365 1397 3434 χρηστότητος
1426 3367 1517 3418 καὶ
1542 3367 1635 3435 τῆς
1665 3385 1764 3435 μα-

227 3455 520 3524 κφθυμίας,
557 3455 832 3524 ἀναϐολὴν
874 3456 970 3523 μὲν
1013 3454 1337 3523 ἐμποιούσης
1369 3455 1529 3524 αὐτῷ,
1561 3456 1764 3526 ἐπιτρι-

223 3541 299 3611 ὗὴν
335 3547 389 3598 δὲ
439 3550 557 3608 τοῖς
603 3544 859 3597 ἀσεϐέσιν
903 3543 1223 3614 ἀνθρώποις.
1257 3542 1559 3611 Εὐξάμενος
1589 3544 1642 3596 δὲ
1681 3547 1764 3596 ὲν-

222 3630 361 3689 ώπιον
377 3637 469 3688 to?)
502 3635 646 3688 Θεοῦ
671 3635 922 3704 κριθῆναι
956 3633 1022 3685 τὰ
1043 3634 1188 3703 ἔθνη,
1215 3633 1307 3685 νῦν
1335 3633 1632 3695 ἀκολούθως
1659 3635 1762 3704 πρὸ

218 3723 292 3794 τῆς
317 3728 628 3797 μελλούσης
668 3726 902 3795 κρίσεως
934 3725 1069 3788 ἀξιοῖ
1099 3724 1310 3792 δοθῆναι
1343 3726 1451 3785 τοῖς
1479 3723 1651 3775 ἔθνεσι
1679 3741 1761 3776 νο-

211 3818 444 3888 μοθέτην,
480 3818 573 3869 ἵνα
621 3816 886 3878 μάθωσιν,
921 3813 994 3876 ὡς
1025 3814 1158 3864 εἰσὶν
1202 3812 1486 3880 ἄνθρωποι,
1515 3812 1626 3864 ἀλλ’
1663 3812 1760 3865 οὐκ

206 3902 356 3974 ἄλογα
390 3909 510 3971 ζῶα
536 3925 550 3937 ο
589 3924 654 3958 ου
681 3906 790 3975 γὰρ
820 3903 1028 3970 ἀλόγοις
1055 3903 1249 3954 δίδοται
1281 3902 1452 3970 νόμος.
1485 3902 1594 3954 Οὐκ
1619 3901 1682 3954 ἂν
1704 3902 1758 3954 δὲ

200 3989 332 4064 λέγοι
377 3997 632 4064 Μωῦσῆν
677 3995 767 4046 τὸν
818 3994 875 4058 ἐξ
915 3992 1208 4062 ἀνθρώπων
1253 3993 1414 4044 πάλαι
1463 3993 1757 4063 γεγενημέ-

198 4093 294 4145 νον,
325 4085 446 4135 οὐδὲ
481 4085 652 4151 νόμον
694 4081 787 4131 τὸν
830 4078 1008 4148 μόνοις
1049 4078 1264 4129 τεθέντα
1305 4080 1413 4139 τοῖς
1453 4079 1716 4141 Ἰουδαίοις
1740 4097 1754 4111 ⁸

192 4163 297 4220 ἀλλ’
323 4170 447 4222 οὐδὲ
476 4168 797 4238 προσδοκᾷν
821 4167 1003 4235 ἕτερον
1047 4161 1202 4224 εἶναι,
1233 4166 1293 4216 τὸ
1336 4164 1422 4215 διὰ
1461 4165 1634 4234 πάσης
1671 4165 1756 4216 ὲλ-

191 4251 295 4311 θεῖν
326 4265 425 4329 τῆς
455 4257 797 4326 οἰκουμένης
819 4256 916 4323 τῆς
941 4255 1142 4323 Καινῆς
1165 4254 1434 4322 Διαθήκης
1457 4255 1546 4305 τὸν
1577 4255 1751 4324 νόμον.

187 4342 420 4420 Χριστὸς
471 4350 590 4419 γὰρ
619 4350 649 4399 6
692 4345 1005 4414 νομοθέτης,
1049 4345 1139 4394 καὶ
1185 4343 1276 4394 τοῦ
1326 4343 1651 4410 Εὐαγγελίου
1699 4343 1756 4395 τὸ

1862 3285 2000 3335 niam
2018 3284 2243 3337 homines
2273 3296 2413 3340 sunt.
2439 3286 2603 3340 Deum
2630 3291 2848 3352 excitat,
2883 3299 2941 3343 ut
2974 3294 3060 3359 qui
3106 3297 3386 3349 tolerantia

1862 3386 1978 3434 sua,
2007 3380 2164 3440 atque
2191 3374 2242 3425 vi
2265 3375 2557 3428 clementia:
2609 3385 2661 3429 et
2708 3379 2991 3445 patientiae,
3040 3382 3138 3434 sibi
3170 3384 3382 3450 quidem

1859 3475 2215 3514 arumnarum
2245 3463 2664 3526 diuturnitatem,
2696 3466 2873 3534 impiis
2917 3484 3043 3522 vero
3079 3470 3385 3526 hominibus

1859 3550 2085 3604 vexandi
2109 3558 2318 3620 tempus
2339 3553 2560 3606 tribuat.
2594 3552 2879 3623 Postquam
2920 3570 3094 3612 autem
3133 3571 3382 3628 precatus

1857 3646 1962 3705 est,
1992 3646 2050 3693 ut
2078 3641 2380 3709 judicentur
2408 3647 2590 3708 gentes
2615 3641 2670 3693 in
2695 3653 2983 3711 conspectu
3006 3644 3118 3710 Dei,
3140 3648 3251 3715 jam
3294 3667 3382 3704 ro-

1857 3737 1946 3799 gat
1975 3737 2031 3782 ut
2061 3737 2186 3784 ante
2226 3730 2464 3783 futurum
2516 3731 2778 3798 judicium
2812 3737 3058 3803 gentibus
3112 3738 3382 3807 legislator

1857 3820 2237 3882 constituatur,
2261 3826 2318 3872 ut
2355 3819 2564 3873 discant
2591 3835 2649 3874 se
2675 3822 2940 3887 homines,
2964 3841 3069 3879 non
3092 3827 3246 3882 bruta
3275 3833 3384 3883 ani-

1855 3908 2036 3972 malia,
2065 3923 2374 3962 esseznam
2421 3909 2595 3964 brutis
2647 3911 2969 3966 animalibus
3027 3915 3110 3968 lex
3162 3917 3383 3972 minime

1855 3996 2030 4050 datur.
2055 3996 2314 4051 Caeterum
2341 4012 2447 4051 non
2475 3997 2564 4051 hic
2586 3998 2652 4052 de
2666 3998 2844 4068 Moyse
2860 4001 2987 4070 agit,
3009 4003 3100 4071 qui
3118 4004 3226 4070 jam
3252 4008 3380 4060 olim

1855 4085 1922 4140 de
1947 4087 2122 4140 medio
2145 4088 2417 4140 hominum
2453 4087 2699 4142 sublatus
2727 4086 2929 4154 fuerat;
2974 4105 3146 4159 neque
3169 4093 3235 4147 de
3265 4095 3381 4163 lege

1853 4191 1972 4243 quae
1998 4176 2128 4231 solis
2159 4175 2358 4230 Judaeis
2383 4177 2506 4230 data
2537 4177 2730 4239 fuerat,
2757 4193 2928 4246 neque
2959 4181 3071 4232 vult
3102 4182 3258 4235 aliam
3285 4199 3381 4238 ex-

1855 4268 2086 4332 spectari
2129 4267 2316 4334 legem,
2365 4277 2422 4319 ut
2460 4265 2592 4320 Novi
2619 4267 2944 4323 Testamenti
2979 4271 3062 4322 lex
3097 4280 3262 4324 totum
3291 4288 3380 4326 or-

1854 4357 1971 4409 bem
2012 4357 2280 4424 pervadat.
2313 4357 2556 4412 Christus
2585 4359 2726 4412 enim
2758 4361 3048 4428 legislator,
3078 4361 3380 4432 Evangelii-

189 4443 450 4511 κήρυγμα
498 4439 820 4507 κεκράτηκε
879 4435 985 4487 τῶν
1029 4433 1222 4522 ὲθνῶνι
1271 4433 1403 4502 Περὶ
1439 4428 1502 4522 οὗ
1535 4432 1620 4484 διὰ
1660 4433 1749 4522 τοῦ

1868 4459 1956 4511 [ue
2003 4445 2308 4512 przedicatio
2351 4447 2404 4498 in
2452 4448 2696 4516 gentibus
2743 4448 2991 4503 obtinuit.
3037 4449 3111 4506 De
3151 4428 3258 4521 quo
3285 4470 3378 4522 per

192 4535 472 4600 προφήτου
535 4528 707 4596 φησιν
759 4528 786 4577 6
834 4525 1057 4593 Πατήρ·
1102 4521 1241 4574 Ἰδοὺ
1285 4525 1316 4574 ό
1349 4521 1485 4586 παῖς
1523 4539 1640 4589 μου
1681 4521 1750 4573 ὃν

193 4621 456 4685 ᾑρέτισα,
513 4621 549 4671 d
591 4616 878 4678 ἐκλεκτός
920 4629 1038 4680 μου
1085 4613 1168 4674 είς
1218 4609 1288 4662 ὃν
1337 4609 1659 4676 εὐδόκησεν
1712 4611 1749 4676 ἡ

194 4710 360 4778 ψυχή
407 4726 549 4778 μου.
605 4706 825 4773 Κρίσιν
879 4702 1001 4766 τοῖς
1049 4702 1284 4753 ἔθνεσιν
1329 4699 1565 4765 ἐξοίσει.
1632 4702 1750 4752 Οὐκ

199 4798 398 4866 ἐρίσει,
453 4797 602 4852 οὐδὲ
652 4794 993 4862 κραυγάσει,
1047 4789 1186 4842 οὐδὲ
1238 4787 1667 4853 ἀκουσθήσεται
1714 4790 1751 4855 ή

207 4889 363 4954 φωνὴ
392 4886 600 4941 αὑτοῦ.
647 4883 927 4950 Κάλαμον
957 4877 1472 4944 συντεθλασμένον
1509 4878 1577 4928 οὐ
1607 4893 1752 4929 συν-

214 4980 412 5045 τρίψει,
457 4979 556 5030 καὶ
598 4976 778 5030 λίνον
825 4973 1164 5038 τυφόμενον
1217 4968 1286 5019 οὐ
1331 4965 1564 5018 σϐέσει·
1618 4966 1750 5019 ἀλλ’

225 5071 296 5131 εἰς
334 5069 615 5134 ἀλήθειαν
637 5065 860 5128 ἐξοίσει
899 5059 1120 5125 κρίσιν.
1165 5056 1533 5123 Ἀναλάμψει,
1557 5057 1651 5108 καὶ
1684 5059 1752 5110 οὐ

234 5156 658 5221 θραυσθήσεται,
683 5153 791 5216 ἕως
814 5150 891 5203 ἂν
919 5145 1116 5213 θῇέέπὶ
1156 5143 1260 5208 τῆς
1281 5144 1387 5210 γῆς
1416 5146 1630 5211 κρίσιν,
1656 5147 1751 5198 καὶ

238 5243 303 5306 τῷ
351 5247 577 5314 ὀνόματι
631 5241 818 5296 αὐτοῦ
871 5238 1018 5301 ἔθνη
1073 5233 1378 5285 ἐλπιοῦσιν
1435 5237 1529 5305 (l).
1578 5238 1648 5288 Τὸ
1694 5239 1749 5290 δὲ

251 5331 499 5402 Ἐὖραῑρκδν
529 5334 621 5386 καὶ
643 5347 694 5385 οι
719 5328 896 5382 λοιποὶ
924 5323 1130 5381 πάντες
1166 5323 1501 5389 ἑρμηνευταὶ,
1531 5325 1637 5377 Καὶ
1668 5326 1746 5390 τῷ

247 5422 375 5486 νόμῳ
407 5423 580 5476 αὐτοῦ
616 5421 756 5486 ἔθνη
782 5413 1134 5474 ἐλπιοῦσιν,
1167 5409 1443 5473 ἐξέδωκαν.

297 5537 334 5566 ’⁸
367 5538 461 5592 lsa.
497 5554 602 5592 sui
625 5577 640 5601 ,
679 5536 793 5590 1-4.

1854 4534 2168 4602 prophetam
2202 4535 2278 4587 ait
2318 4535 2476 4590 Pater
2508 4555 2519 4589 :
2555 4537 2685 4590 Ecce
2711 4553 2836 4604 puer
2864 4557 3022 4604 meus,
3045 4558 3190 4610 quem
3224 4544 3373 4613 elegi,

1853 4623 2040 4675 electus
2063 4640 2237 4686 meus;
2272 4626 2580 4693 complacuit
2601 4627 2699 4678 sibi
2718 4629 2772 4680 in
2793 4629 2883 4682 illo
2915 4632 3089 4684 anima
3112 4649 3242 4685 mea.
3277 4631 3378 4684 Ju-

1856 4712 2047 4765 dicium
2077 4713 2310 4782 gentibus
2342 4716 2582 4783 proferet.
2611 4715 2731 4770 Non
2752 4721 3037 4785 contendet,
3074 4738 3228 4789 neque
3258 4722 3372 4776 cla-

1853 4800 2034 4864 mabit,
2058 4816 2213 4869 neque
2235 4803 2472 4856 audietur
2495 4820 2590 4856 vox
2615 4807 2746 4874 ejus.
2780 4809 3051 4862 Calamum
3072 4822 3373 4878 quassatum

1854 4907 1954 4942 non
1986 4901 2230 4954 conteret,
2255 4902 2303 4946 et
2342 4895 2502 4946 linum
2535 4895 2792 4965 fumigans
2818 4916 2916 4951 non
2944 4903 3255 4967 exstinguat;
3282 4902 3372 4954 sed

1852 4981 1906 5032 in
1935 4981 2144 5032 veritate
2168 4981 2344 5034 educet
2370 4983 2645 5049 judicium.
2672 4984 3021 5053 Resplendebit
3049 4997 3097 5039 et
3132 5005 3233 5041 non
3263 4993 3371 5044 col-

1854 5067 2060 5131 lidetur,
2088 5067 2248 5122 donec
2275 5080 2432 5137 ponat
2464 5071 2516 5122 in
2559 5080 2697 5124 terra
2721 5073 2998 5139 judicium,
3028 5084 3076 5128 et
3109 5077 3161 5128 in
3191 5094 3372 5133 nomen

1850 5157 1960 5224 ejus
1987 5168 2158 5226 gentes
2188 5159 2460 5226 sperabunt
2489 5160 2555 5211 ⁸⁸.
2591 5159 2907 5214 llebraicum
2951 5173 3126 5216 autem
3156 5173 3209 5218 et
3249 5168 3373 5219 reli-

1850 5249 1939 5315 qui
1965 5263 2150 5302 omnes
2172 5250 2486 5318 interpretes
2516 5249 2798 5304 ediderunt
2825 5272 2836 5305 :
2871 5251 2938 5304 Et
2980 5253 3034 5306 in
3069 5256 3224 5324 legem
3257 5257 3372 5324 ejus

1849 5347 2017 5404 gentes
2044 5338 2333 5405 sperabunt.

294 5654 356 5721 ll)
381 5655 429 5706 ln
458 5649 710 5708 Hebraico
742 5648 948 5716 legitur
981 5622 1122 5700 +151”
1148 5648 1270 5699 Dl’N
1295 5621 1529 5710 inﬁm'ﬁ'l,
1559 5642 1608 5697 id
1632 5653 1712 5700 est
1740 5657 1797 5702 ut
1816 5645 2040 5715 Vulgata
2067 5644 2468 5710 interpretatur,
2517 5639 2583 5697 Et
2628 5643 2677 5699 in
2715 5643 2869 5711 legem
2917 5641 3032 5707 ejus
3064 5636 3249 5690 insula
3282 5649 3379 5688 ea:-

237 5725 518 5788 spectabunt.

1897 5816 1928 5826 -4
