3818 6306
944 381 1067 436 439

1018 484 1198 546 ίνιῖιε.
1242 491 1293 543 8.
1333 490 1585 554 Quoniam
1619 486 1791 551 justus
1845 481 2131 542 Dominus,
2172 487 2219 530 et
2260 479 2487 543 iustitia:
2516 483 2564 537 Α

966 581 1170 641 dilexit,
1200 580 1487 647 aequitatem
1515 574 1635 626 vidit
1668 572 1836 623 vultus
1859 570 1988 636 ejus.
2034 568 2163 620 Nam
2197 576 2375 635 utpote
2403 567 2489 635 jn-

970 678 1086 723 stus
1108 680 1390 736 pauperem
1425 662 1654 729 respicit,
1688 668 1993 725 peccatores
2020 657 2259 723 corripit.
2288 655 2489 708 Natura

962 764 1144 808 autem
1193 767 1309 811 sua,
1365 764 1467 802 non
1512 746 1917 815 participatione
1963 746 2141 810 justus
2176 752 2279 798 est.
2325 745 2492 797 Crete-

970 857 1086 893 rum
1126 854 1244 892 cum
1294 838 1364 888 ita
1411 850 1468 888 se
1518 833 1728 893 habeat,
1757 832 2015 899 justitias,
2065 848 2183 900 qua:
2214 833 2266 884 in
2308 833 2489 887 multis

972 930 1148 996 probis
1180 926 1312 980 viris
1346 924 1704 993 reperiuntur,
1730 923 1921 991 diligit,
1965 938 2026 975 ac
2070 927 2335 991 cujusque
2369 938 2491 991 pro-

970 1016 1201 1083 positum
1236 1014 1516 1083 approbat.
1560 1011 1794 1081 Singulis
1838 1028 1967 1067 sane
1995 1012 2215 1081 judiciis
2251 1013 2489 1081 quaedam

965 1104 1173 1170 justitia
1221 1103 1589 1157 inest:multa
1632 1112 1807 1155 autem
1856 1110 1980 1158 sunt
2022 1103 2221 1169 judicia
2267 1102 2380 1166 Dei,
2426 1104 2490 1156 de

967 1194 1163 1262 quibus
1193 1193 1449 1261 scriptum
1485 1203 1603 1247 est:
1641 1192 1850 1245 Judicia
1890 1193 2098 1245 Domini
2127 1209 2265 1253 vera,
2292 1192 2492 1261 justiﬁ-

966 1292 1087 1334 cata
1135 1283 1189 1334 in
1240 1282 1571 1349 semetipsa".
1637 1281 1811 1335 Multa:
1870 1284 2029 1350 igitur
2074 1283 2295 1350 justitiae
2344 1290 2486 1335 sunt.

967 1372 1294 1442 Equitatem
1328 1389 1540 1442 quoque
1596 1374 1766 1434 videt,
1820 1373 2064 1427 videlicet
2112 1389 2295 1427 sanam
2342 1372 2491 1426 verbi

968 1466 1287 1518 sententiam
1332 1472 1385 1516 et
1428 1462 1727 1516 doctrinam
1754 1482 1765 1516 :
1792 1465 1983 1531 gaudet
2023 1466 2218 1533 quippe
2267 1462 2332 1515 de
2375 1463 2492 1530 ejus

967 1558 1284 1619 cultoribus,
1324 1558 1531 1611 etiamsi
1558 1556 1732 1611 videat
1770 1572 1862 1611 eos
1904 1556 2159 1610 conviciis
2192 1562 2245 1607 et
2270 1554 2493 1607 maledi-

968 1648 1072 1702 ctis
1112 1646 1402 1716 impetitos.
1437 1646 1718 1715 Nunquam
1757 1655 1932 1699 autem
1969 1647 2146 1715 plures
2194 1645 2490 1711 mquitates,

968 1734 1190 1803 perinde
1212 1741 1372 1802 atque
1393 1734 1615 1802 justitia:
1647 1734 1698 1786 in
1729 1732 1945 1801 judiciis
1978 1733 2175 1793 multae,
2211 1730 2491 1783 habentur.

1615 374 1870 429 EUSEBH
1904 368 2371 425 CJESARIENSIS
2407 366 2553 421 Oi’P.
2592 362 2768 417 PARS
2825 363 2905 415 Ill.
2947 393 3015 403 -—
3049 360 3362 415 EXEGETIC

2660 474 2773 525 Ὀτι
2824 473 3046 537 δίκαιος
3082 475 3277 538 Κύριος
3316 489 3362 522 γε

2588 581 2717 627 aer,
2742 565 3025 627 εὐθύτητα
3063 560 3175 615 εἶδε
3200 563 3258 613 τὸ
3289 576 3362 626 πρ

2587 655 2786 714 δίκαιος
2817 653 3084 704 ὲπιὸλέπει
3118 653 3205 721 μὲν
3240 652 3323 702 τὸν
3360 675 3361 681 η

2590 740 2960 811 ἁμαρτωλούς·
3017 742 3165 809 οὐσίᾳ
3212 740 3263 790 δὲ
3306 739 3356 789 δί

2590 833 2730 901 Πλὴν
2760 832 2849 884 καὶ
2876 832 3040 892 οὕτως
3072 830 3201 898 ἔχων
3240 829 3362 893 ἀγαέ

2589 922 2757 984 καίοις
2790 920 3139 981 δικαιοσύνας,
3170 918 3259 986 τὴν
3288 918 3357 968 ἐκ

2593 1029 2763 1082 μενος.
2802 1010 2955 1062 Ἀλλὰ
2997 1010 3085 1061 mi.
3123 1007 3345 1060 ἑκάστου

2593 1103 2719 1172 σύνη
2740 1118 2752 1131 ⁸
2789 1102 2952 1155 πολλὰ
2991 1101 3046 1152 δὲ
3074 1100 3136 1151 τὰ
3166 1098 3362 1167 κρίμα-τ

2590 1209 2857 1263 γραπταιο
2899 1194 2973 1245 Τὰ
3002 1192 3238 1257 κρίματα
3284 1192 3362 1239 K1

2586 1285 2735 1351 μέγα
2767 1283 2861 1334 ἐπὶ
2906 1282 2968 1333 τό
3002 1282 3160 1333 αὑτό.
3197 1278 3362 1329 Πολλ<

2592 1373 2779 1425 Βλέπει
2806 1374 2860 1424 δὲ
2894 1374 2987 1425 καὶ
3034 1370 3286 1439 εὐθύτητα
3308 1411 3326 1434 ,

2591 1463 2806 1532 γνώμην
2826 1480 2836 1490 °
2869 1464 3042 1531 χαίρει
3075 1461 3175 1530 γὰρ
3198 1460 3284 1511 ἐπὶ
3337 1480 3362 1513 1

2592 1569 2709 1614 νους
2734 1555 2850 1622 ὁρᾷ.
2888 1555 3104 1621 Μήποτε
3133 1551 3185 1602 δὲ
3210 1550 3279 1611 ὡς
3325 1570 3362 1602 τι

2592 1642 2861 1712 κρίμασιν,
2896 1641 3061 1703 οὕτως
3103 1639 3362 1709 εὐθύτητε

2592 1733 2687 1803 τὴν
2715 1732 2994 1799 εὐθύτητα,
3030 1731 3088 1783 τὸ
3116 1731 3361 1801 πρόσωπ

968 1800 1162 1877 Vultus
1192 1800 1317 1877 vero
1336 1800 1453 1890 ejus
1487 1824 1604 1877 ideo
1633 1800 1933 1891 aequitatem
1966 1822 2127 1886 videt,
2163 1820 2284 1886 quia
2325 1820 2476 1887 ipsan

1852 1838 1933 1876 cm
1966 1822 2127 1886 videt,
2163 1820 2284 1886 quia
2325 1820 2492 1887 ipsam
2525 1800 2565 1853 Β
2592 1800 2697 1894 γάρ
2720 1822 2904 1892 παρὼν
2928 1826 2956 1875 ὁ
2994 1822 3118 1884 Θεὸς
3144 1800 3246 1883 τοῖς
3278 1824 3360 1893 ἔρ

970 1913 1248 1981 approbat.
1281 1913 1411 1966 Nam
1459 1912 1599 1966 Deus
1628 1928 1863 1982 praesens
1907 1928 2027 1967 esse
2060 1911 2494 1981 deprehenditur,

970 2015 1094 2055 cum
1122 2000 1465 2070 providentiae
1485 2003 1758 2070 operibus,
1792 2011 1906 2056 tum
1936 2002 2125 2056 ell‘ectu
2150 2001 2493 2071 judiciorum.

1394 2108 1710 2165 PSALMUS
1749 2110 1950 2165 DAVID
1988 2111 2077 2167 XI.

1382 2220 1434 2277 i.
1486 2220 1550 2274 In
1573 2223 1747 2289 ﬁnem,
1768 2238 1859 2290 pro
1888 2232 2085 2277 octava.

1042 2327 1115 2381 Ea
1149 2330 1265 2399 ipsa
1296 2340 1380 2386 est
1401 2348 1519 2401 qua:
1550 2335 1739 2403 psalmi
1768 2336 1904 2389 sexti
1932 2335 2207 2403 inscriptio
2231 2334 2325 2405 (1).
2355 2334 2499 2389 Dixi‘

970 2435 1091 2476 mus
1125 2428 1302 2475 autem
1332 2422 1463 2476 solvi
1496 2424 1662 2492 legem
1688 2424 1905 2494 Moysis,
1945 2426 1991 2479 si
2025 2441 2156 2493 puer
2186 2424 2413 2478 ducatur
2446 2426 2500 2479 in

973 2509 1207 2566 bahbato
1256 2510 1785 2583 [circumcidendus,]
1822 2514 2035 2583 quando
2090 2514 2229 2568 diem
2266 2515 2499 2569 circum-

971 2602 1193 2655 cisionis
1237 2609 1483 2655 octavam
1530 2602 1585 2654 in
1621 2604 1737 2671 ipso
1788 2601 1979 2656 cadere
2024 2603 2287 2672 contingit
2316 2609 2333 2657 ἐ
2363 2619 2503 2657 eam-

971 2692 1198 2760 demque
1231 2692 1336 2746 vim
1370 2701 1425 2745 et
1453 2693 1813 2761 praestantiam
1858 2693 2053 2746 habere
2084 2693 2222 2746 diem
2259 2691 2499 2746 Domini-

971 2796 1110 2842 eam,
1141 2798 1259 2850 qua:
1291 2781 1501 2835 Domini
1535 2783 1929 2836 resurrectione
1957 2782 2289 2846 nobilitatur,
2314 2790 2502 2852 estque

974 2882 1002 2920 a
1042 2868 1213 2937 primo
1245 2869 1352 2933 die,
1398 2877 1605 2926 octava.
1654 2869 1719 2922 Et
1749 2870 1864 2939 ipsa
1912 2885 2125 2939 quoque
2166 2879 2359 2925 natura
2404 2887 2502 2927 sua

972 2957 1142 3025 prima
1170 2958 1413 3025 habetur,
1438 2959 1563 3028 quia
1592 2960 1647 3013 in
1679 2958 1865 3013 eadem
1892 2976 2079 3015 omnes
2108 2961 2297 3015 anima:
2315 2976 2503 3025 emun—

974 3049 1188 3099 dantur.

2595 1913 2982 1983 ἀποτελέσμασι
3010 1912 3112 1964 τῶν
3140 1914 3362 1983 κριμὰτ

2970 2103 3249 2158 ΨΛΛΜΟΣ
3293 2108 3362 2159 Tt

2647 2260 2710 2298 ι..
2868 2212 2969 2280 Elr;
3000 2215 3062 2267 τύ
3097 2217 3272 2281 τέλος
3335 2237 3362 2270 .7

2678 2326 2741 2381 Ἦ
2779 2328 2909 2399 αὐτή
2943 2330 3054 2381 ἐστι
3089 2332 3150 2398 τῇ
3181 2331 3291 2383 τοῦ
3342 2353 3362 2398 ς

2596 2417 2669 2479 ὡς
2712 2417 2802 2470 καὶ
2832 2417 2920 2469 τὸν
2952 2419 3108 2487 νόμον
3139 2418 3263 2472 λύει
3320 2426 3361 2475 1V

2599 2506 2875 2575 Σαϐϐάτῳ,
2903 2507 3107 2576 ἡμέραν
3131 2509 3354 2581 ὀγδόην

2598 2597 2837 2667 νομένης.
2869 2597 2974 2666 Τὴν
3008 2598 3188 2666 ὁμοίαν
3218 2600 3358 2670 ἔχει

2600 2687 2896 2756 Κυριακὴν,
2927 2687 3021 2756 τὴν
3052 2688 3362 2762 ἀναστάσιι

2598 2774 2957 2844 τυγχάνουσαν
3000 2777 3103 2828 ἀπὸ
3152 2779 3267 2849 τῆς
3341 2803 3362 2837 1

2600 2867 2737 2921 κατὰ
2765 2865 2919 2935 φύσιν
2948 2865 3322 2935 ὑπάρχουσαν
3350 2892 3362 2906 ·

2598 2958 2789 3035 ψυχῆς.

1046 3137 1205 3193 Vsus.
1230 3137 1282 3201 2,
1308 3140 1360 3193 5.
1400 3136 1613 3193 Salvum
1632 3155 1707 3191 nte
1727 3139 1831 3206 fac,
1854 3138 2087 3202 Domine,
2111 3141 2352 3208 quoniam
2373 3142 2505 3209 defe-
2530 3131 2554 3189 ί

1854 3138 2087 3202 Domine,
2111 3141 2352 3208 quoniam
2373 3142 2505 3209 defe-
2530 3131 2570 3189 C
2670 3128 2874 3186 Σῶσόν
2913 3146 3008 3197 μεν
3053 3118 3274 3197 Κύριε,
3345 3139 3361 3190 ἐ

975 3231 1043 3281 ei:
1069 3238 1299 3292 sanctus,
1334 3231 1573 3298 quoniam
1603 3229 1872 3283 diminuta:
1902 3238 2021 3282 sunt
2049 3232 2286 3284 veritates
2319 3248 2350 3284 a
2378 3233 2503 3299 ﬁliis

973 3320 1254 3375 hominum.
1311 3319 1457 3374 Vana
1487 3320 1642 3391 locuti
1685 3329 1807 3373 sunt
1850 3321 2193 3388 unusquisque
2234 3319 2301 3373 ad
2329 3322 2506 3388 proxi-

976 3423 1115 3460 mum
1160 3424 1333 3468 suum,
1380 3408 1519 3461 labia
1557 3409 1740 3462 dofosa
1778 3410 1830 3460 in
1870 3409 2038 3475 corde,
2081 3420 2127 3463 et
2168 3412 2317 3463 corde
2350 3411 2507 3463 locuti

974 3503 1116 3545 sunt.
1152 3492 1341 3547 Totam
1371 3495 1515 3547 illam
1554 3496 1638 3549 sui
1683 3497 1941 3563 temporis
1968 3500 2362 3566 generationem
2398 3500 2506 3553 cri‘

978 3582 1215 3636 minatur
1248 3601 1263 3637 :
1293 3598 1413 3636 nam
1452 3585 1507 3637 in
1544 3586 1889 3653 sequentibus
1922 3589 2062 3643 dicet
2090 3610 2102 3643 :
2132 3590 2229 3653 Tu,
2269 3591 2503 3654 Domine,

977 3672 1204 3726 servabis
1238 3689 1329 3726 nos
1362 3683 1410 3727 et
1456 3674 1711 3729 custodies
1760 3693 1852 3731 nos
1900 3694 1931 3730 a
1974 3682 2298 3746 generatione
2326 3684 2422 3734 hac
2455 3684 2507 3735 in

978 3773 1250 3815 wtcrnum.
1300 3762 1443 3818 Talis
1491 3766 1633 3818 enim
1685 3774 1767 3820 est
1810 3767 1957 3836 prior
1984 3769 2072 3821 illa
2116 3772 2406 3838 generatio,
2444 3773 2510 3827 de

980 3869 1085 3918 qua
1124 3849 1364 3907 Salvator
1395 3854 1507 3907 haec
1538 3855 1726 3908 ellatur
1755 3873 1768 3909 :
1812 3856 1920 3909 Viri
1953 3856 2198 3912 Ninivita:
2221 3871 2425 3930 surgent
2456 3864 2509 3915 in

976 3942 1174 4011 judicio
1203 3959 1318 3996 cum
1343 3946 1666 4013 generatione
1700 3945 1814 4011 hac,
1839 3956 1887 4000 et
1917 3947 2323 4001 condemnabam
2348 3968 2460 4004 eam
2488 3965 2510 4006 :

977 4045 1028 4086 et
1072 4034 1247 4102 regina
1284 4036 1466 4088 Austri
1489 4036 1530 4099 ⁸,
1571 4044 1622 4090 et
1655 4042 1867 4103 cratera,
1911 4045 1963 4092 et
2002 4054 2213 4092 rursum
2245 4058 2257 4092 :
2288 4039 2374 4093 Sic
2412 4044 2511 4095 erit

985 4125 1302 4196 generationi
1332 4142 1546 4194 nequam
1577 4127 1695 4179 huic
1716 4127 1758 4181 ’.
1792 4126 1972 4196 Neque
2000 4128 2195 4197 injuria
2229 4130 2397 4198 ipsam
2420 4147 2510 4185 ae-

981 4230 1135 4279 cuso,
1177 4219 1251 4270 ait
1281 4215 1578 4287 Propheta;
1614 4219 1704 4273 sed
1737 4219 1860 4288 quia
1891 4235 2046 4273 nemo
2074 4231 2291 4275 sanctus
2316 4223 2366 4275 in
2399 4223 2507 4287 illa,

982 4317 1141 4357 nemo
1190 4321 1367 4359 verax.
1427 4305 1867 4375 Quandoquidem
1922 4311 2083 4377 igitur
2126 4312 2328 4364 nullum
2382 4315 2509 4366 mihi

982 4395 1172 4448 salutis
1222 4405 1493 4451 auctorem
1540 4398 1782 4464 invenio;
1835 4410 1887 4453 tu
1921 4401 2068 4459 mihi,
2107 4400 2346 4463 Domine,
2389 4405 2510 4458 talis

979 4490 1117 4537 esto.
1162 4482 1350 4551 Arguit
1391 4500 1553 4553 porro
1590 4484 1891 4540 Iudaeorum
1945 4488 2391 4553 incredulitatem,
2445 4494 2511 4546 de

982 4571 1179 4640 quibus
1227 4572 1302 4625 ait
1349 4571 1595 4642 Moyses:
1628 4573 1778 4637 Filii,
1813 4577 1866 4628 in
1894 4578 2075 4645 quibus
2121 4579 2267 4631 nulla
2295 4579 2421 4645 ﬁdes
2445 4582 2506 4632 ¹⁰.

982 4659 1137 4726 Quod
1185 4669 1361 4717 autem
1407 4678 1545 4716 vana
1592 4664 1756 4718 locuti
1804 4666 1929 4728 sint,
1979 4667 2203 4722 insidias
2248 4667 2511 4723 Salvatori

982 4759 1271 4815 struentes,
1306 4760 1464 4822 atque
1494 4754 1677 4809 dolose
1714 4756 2081 4825 aggredientes
2120 4758 2289 4821 illum,
2316 4760 2513 4813 diserte

982 4841 1301 4895 testiﬁcatur
1327 4841 1733 4913 Evangeliorum
1767 4847 2052 4916 scriptura.

1055 5013 1219 5095 Vatis.
1247 5018 1300 5079 4,
1329 5019 1378 5070 5.
1423 5018 1699 5087 Disperdat
1724 5018 1973 5073 Dominus
1997 5021 2233 5073 universa
2263 5019 2401 5073 labia
2418 5018 2513 5072 do-

989 5102 1119 5163 losa,
1163 5115 1211 5155 et
1235 5105 1461 5174 linguam
1497 5110 1897 5179 magniloquam.
1928 5110 2027 5175 Qui
2065 5110 2306 5163 dixerunt
2342 5125 2359 5160 :
2389 5109 2512 5160 Lin-

984 5205 1138 5259 guam
1165 5201 1392 5245 nostram
1433 5198 1898 5265 magnificabimus,
1929 5198 2070 5251 tabia
2093 5208 2269 5251 nostra
2307 5214 2337 5247 a
2369 5196 2512 5249 nobis

2601 3218 2977 3286 ὠλιγώθησαν
3006 3218 3063 3269 al
3102 3217 3242 3285 ἀλή
3252 3224 3355 3276 θει

2603 3308 2858 3375 θρὼπων.
2916 3304 3147 3359 Μάταια
3208 3311 3362 3370 ἐλά,

2604 3397 2863 3464 πλησίον
2906 3395 3109 3459 αὑτοῦ,
3176 3405 3362 3469 χείλη

2603 3488 2814 3555 καρδίᾳ
2838 3485 3180 3553 ἐλάλησαν.
3244 3496 3362 3551 Δια

2605 3581 2694 3633 τὸν
2718 3578 2933 3647 γενεάν
2968 3577 3106 3640 λέξει
3149 3583 3288 3656 γὰρ
3342 3609 3362 3642 π

2604 3667 2805 3731 λήξεις
2839 3665 2989 3735 ἡμᾶς
3028 3666 3142 3719 καὶ
3203 3672 3362 3731 διατ

2591 3744 2742 3821 ’νεᾶς
2783 3758 2996 3820 ταύτης
3041 3759 3155 3810 καὶ
3214 3768 3328 3831 εὶς

2607 3845 2839 3917 προτέρα
2864 3844 3041 3912 γενεὰ,
3090 3853 3253 3921 περὶ
3286 3852 3362 3929 ἧς

2606 3935 2897 3989 Νινευῗται
2933 3935 3362 4004 ἀναστήσονπ

2609 4022 2810 4094 γενεᾶς
2856 4023 3095 4088 ταύτης,
3152 4034 3284 4087 καὶ
3350 4058 3362 4091 ς

2604 4108 2935 4177 βασίλισσα
2953 4112 3190 4183 Νότου,
3235 4128 3357 4181 καὶ

2614 4208 2812 4257 Ἔσται
2848 4202 2920 4269 τῇ
2952 4207 3143 4271 γενεᾷ
3190 4214 3285 4283 τῇ
3328 4238 3362 4272 εη

2608 4295 2807 4363 ταύτης
2839 4297 3172 4363 κατηγορῶ,
3214 4314 3361 4378 φησπ

2611 4385 2718 4447 δεὶς
2741 4386 2880 4446 ὅσιος
2912 4386 2967 4434 ἐν
2997 4385 3186 4459 αὐτῇ,
3230 4404 3362 4470 μηδ

2616 4494 2701 4545 μοι
2720 4474 2980 4544 σωτηρίας
3001 4474 3211 4534 αἴτιον
3248 4493 3362 4564 εὕρ

2608 4566 2781 4632 γενοῦ.
2842 4563 3135 4634 Διελέγχει
3198 4575 3274 4629 δὲ
3347 4563 3362 4615 μ

2611 4657 2735 4725 περὶ
2760 4648 2832 4708 ὧν
2867 4670 2995 4722 φησι
3039 4661 3162 4712 καὶ
3204 4666 3362 4725 Μωί

2610 4759 2740 4807 στις
2776 4741 3107 4811 erueret}.
3162 4751 3317 4810 ηοτι
3359 4790 3362 4803 ,

2609 4850 2757 4894 οντες
2792 4831 2868 4900 τῷ
2916 4832 3161 4906 Σωτῆρι
3212 4854 3337 4903 καὶ

2620 4921 2862 4990 σαφῶς-ὴ
2906 4920 3007 4971 τῶν
3051 4925 3362 5007 Εὐαγγε)

2695 5012 3192 5102 Ἐξολοθρεύσαι
3237 5032 3362 5102 Kl;J

2611 5104 2731 5161 .lca,
2779 5098 3087 5168 γλῶσσαν
3136 5098 3362 5187 uera;

2618 5190 2735 5257 Τὴν
2780 5189 3090 5257 γλῶσσαν·
3170 5210 3362 5277 quia”

986 5292 1105 5333 sun:
1130 5296 1147 5333 :
1172 5281 1287 5349 quis
1332 5293 1503 5336 noster
1526 5286 1774 5342 Dominus
1815 5290 1929 5343 est?
1971 5287 2063 5341 Dei
2092 5288 2255 5348 enim,
2288 5300 2395 5339 non
2420 5300 2494 5336 aut

1853 5290 1929 5343 st?
1971 5287 2063 5341 Dei
2092 5288 2255 5348 enim,
2288 5300 2395 5339 non
2420 5300 2516 5336 au-
2616 5277 2779 5349 ἡμῶν
2826 5281 2957 5348 παρ’
3008 5286 3235 5354 ἡμῶν
3288 5306 3361 5359 ἐς

989 5382 1093 5423 tem
1136 5369 1390 5433 hominis,
1427 5384 1542 5427 erat
1584 5392 1771 5433 eorum
1816 5378 2200 5447 malignitatem
2258 5387 2513 5442 superare

2614 5369 2745 5423 Θεοῦ
2771 5369 2877 5441 γὰρ
2907 5367 3005 5442 ἦν.
3043 5380 3179 5436 οὐκ
3220 5389 3349 5446 ἀνθ

1057 5522 1077 5554 τ
1116 5521 1260 5577 Psal.
1291 5490 1454 5597 svnt,
1491 5525 1574 5580 10.
1647 5529 1669 5561 ⁸
1708 5530 1889 5588 Matth.
1927 5546 2020 5596 xu,
2052 5524 2254 5592 41,42.
2326 5526 2346 5557 ’
2386 5522 2514 5579 ibid.
2557 5521 2644 5577 ιδ.
2721 5522 2767 5556 ³⁸
2806 5522 2959 5579 Deut.
3006 5542 3239 5601 xxx“,
3282 5544 3362 5605 20

1058 5675 1131 5744 (ι)
1166 5670 1297 5730 Vide
1324 5688 1486 5743 supra
1510 5682 1643 5747 psal.
1677 5698 1749 5740 νι.
