3818 6328
1554 381 1815 440 EUSEBII
1851 368 2316 432 casamo-ms
2353 363 2498 420 ore.
2543 361 2719 416 PARS
2779 358 2862 412 ιιι.
2902 387 2968 397 -
3005 339 3316 408 EXEGE'I‘IC

2609 480 2755 542 Ἕως
2803 477 2963 538 τίνος
3015 471 3258 537 θήσομαι
3312 514 3316 526 ,

906 393 1009 452 145

981 509 1139 560 Vens.
1194 508 1306 560 5-5.
1367 502 1608 570 Quaudiu
1644 513 1830 567 ponam
1891 491 2110 546 consilia
2168 489 2220 540 in
2263 486 2435 538 anima
2467 490 2508 542 Λ

911 616 1045 658 mea,
1079 597 1280 650 dolores
1328 597 1376 646 in
1407 591 1558 645 corde
1593 606 1701 642 meo
1730 587 1812 639 die
1852 601 1912 637 ac
1949 582 2140 636 nocte?
2173 577 2437 646 Usquequo

909 688 1227 746 ra'aftabitur
1250 686 1485 738 inimicus
1513 697 1652 735 meus
1674 694 1824 746 super
1841 678 1958 729 me?
1981 671 2190 738 Respice
2208 679 2254 721 et
2278 683 2407 720 exau
2424 694 2438 705 -

913 782 968 833 di
999 795 1093 841 me,
1126 775 1344 829 Domine
1368 773 1504 825 Deus
1531 787 1690 824 meus.
1723 767 1747 819 Ι
1757 765 1973 819 [lumina
2002 761 2175 816 oculos
2202 775 2356 824 meos,
2381 771 2442 808 ne

911 884 1138 938 unquam
1171 864 1490 919 obdormiam
1521 861 1572 912 in
1614 867 1814 911 morte:
1851 870 1910 906 ne
1940 849 2144 922 quando
2179 848 2316 899 dicat
2346 844 2443 897 ini-

915 962 1077 1014 micus
1111 973 1249 1010 meus
1279 972 1294 1008 :
1326 951 1586 1007 Prwvalui
1621 948 1863 1001 adversus
1889 959 2022 996 eum.
2049 939 2324 992 Exaltatur
2345 935 2443 988 ini-

917 1050 1088 1100 micus
1113 1045 1162 1096 in
1195 1048 1502 1113 peccantem
1532 1045 1750 1107 peccato
1778 1033 2091 1102 depressum
2111 1045 2125 1092 ;
2143 1041 2298 1082 secus
2318 1038 2444 1077 vero

919 1137 1095 1204 agitur
1124 1148 1245 1186 cum
1277 1131 1323 1184 is
1353 1129 1518 1198 probe
1556 1140 1612 1180 se
1643 1125 1770 1194 agit.
1825 1123 1957 1174 Cum
2011 1125 2187 1171 autem
2225 1115 2358 1168 nolit
2389 1126 2444 1166 se

919 1235 1108 1296 praeter
1161 1223 1406 1276 meritum
1459 1216 1720 1280 exaudiri,
1748 1211 2020 1282 przcmittit
2051 1207 2202 1265 illud,
2233 1205 2443 1270 respice,

920 1292 1117 1387 rogans
1143 1314 1345 1368 scilicet
1379 1316 1436 1360 ιιι
1486 1317 1627 1360 recte
1659 1307 1795 1356 facta
1847 1316 1943 1356 sua
1995 1295 2304 1368 perpendat.
2345 1292 2448 1344 Ant

872 1453 876 1458 .
923 1381 1059 1460 forte
1085 1405 1203 1459 ideo
1234 1402 1312 1454 sic
1341 1398 1598 1465 loquitur,
1621 1393 1762 1462 quod
1807 1390 1948 1444 Deus
1975 1387 2188 1442 nonnisi
2217 1398 2336 1438 eum
2360 1381 2449 1450 qui

918 1495 1100 1563 justus
1130 1501 1212 1546 cst
1237 1487 1488 1541 examlire
1519 1483 1705 1537 soleat.
1736 1479 1929 1532 Vultus
1963 1491 2120 1546 porro
2151 1474 2263 1535 Dei,
2297 1471 2452 1524 lumi-

923 1558 992 1632 ne
1023 1579 1232 1647 plenus,
1265 1579 1346 1626 est
1381 1571 1549 1624 virtus
1579 1566 1820 1637 qua-dam
1873 1565 1938 1617 ad
1971 1563 2225 1618 benelicia
2272 1558 2454 1613 conle-

924 1646 1089 1720 renda
1131 1660 1480 1732 prospiciens,
1515 1657 1669 1724 cujus
1720 1653 1964 1723 quisquis
1996 1651 2264 1720 particeps
2296 1646 2455 1700 fuerit

923 1753 1337 1813 illuminabitur,
1359 1767 1420 1803 ac
1446 1749 1491 1804 si
1519 1748 1782 1802 solaribus
1805 1743 1966 1798 radiis
1997 1743 2276 1794 frueretur.
2305 1737 2452 1802 Quod

2537 570 2752 631 ὀδύνας
2777 567 2844 618 ἐν
2875 563 3078 632 καρδίᾳ
3108 576 3220 629 μου
3256 559 3315 622 ’Il!

2538 661 2678 711 πότε
2705 653 3073 722 ὑψωθήσεται
3101 653 3131 701 o'
3159 649 3315 714 ἐχθρ(

2538 753 2676 816 var,
2717 745 3072 799 εὶσάκουσόι·
3104 755 3237 806 μου,
3288 738 3316 786 Ι

2540 855 2653 894 σοι·
2678 837 2813 901 τοὺς
2839 830 3170 902 ὀφθαλμούς
3194 843 3306 894 μου

2539 944 2748 984 ναῖον·
2803 925 3030 994 μήποτε
3082 920 3228 971 εἴποι
3275 918 3304 966 ό

2543 1018 2686 1086 πρὸς
2724 1015 2922 1070 αὐτόν.
2965 1008 3213 1078 Ὑῲοῖιται
3244 1005 3297 1056 δὲ

2545 1109 2634 1178 ὲχθ
2645 1108 2730 1178 pb;
2773 1100 3185 1169 ταπεινουμένου
3231 1097 3294 1163 τῇ

2544 1194 3062 1266 δικαιοπραγοῦντος.
3105 1191 3188 1250 Ὠς
3221 1186 3316 1256 μηδ

2547 1289 2885 1358 ακουτθῆναι,
2933 1282 3211 1354 προτάττει
3251 1277 3309 1327 τὸ

2552 1382 2673 1433 ἰδεῖν
2702 1377 2860 1432 αὑτοῦ
2889 1375 2955 1427 τὰ
2978 1369 3316 1442 κατορθώμαι

2550 1469 2930 1528 εἰσακούοντος,
2958 1467 3002 1515 εἰ
3032 1463 3102 1531 μή
3129 1476 3211 1521 τις
3247 1459 3316 1509 δί)

2552 1561 2724 1629 φωτὸς
2753 1558 2927 1627 γέμει,
2974 1553 3194 1620 δύναμις
3228 1543 3316 1599 οῧο

2553 1651 2786 1722 ουμένη·
2841 1643 2898 1701 οὗ
2946 1663 3027 1708 τις
3082 1640 3315 1711 μετέχων

2555 1741 2784 1814 ἡλιακῶν
2800 1737 3079 1791 ἀπολαύων
3108 1729 3306 1797 αὐγῶν.

908 1848 972 1910 ςδῐ
1009 1852 1300 1902 avertatur,
1329 1849 1441 1893 tum
1471 1839 1648 1893 anima
1690 1852 1797 1890 non
1828 1836 2094 1888 illustrata
2138 1832 2192 1884 in
2223 1829 2416 1884 tenehri

1828 1836 2094 1888 illustrata
2138 1832 2192 1884 in
2223 1829 2456 1884 tenebris
2488 1808 2525 1860 Β
2554 1835 2632 1887 ἐτι
2674 1827 3004 1900 φωτιζομένη
3065 1819 3315 1874 σκοτοῦτα

931 1937 1072 2006 agit;
1100 1935 1223 2003 quia
1252 1931 1537 1984 interiores
1567 1927 1730 1992 o'culi,
1756 1923 2003 1978 videlicet
2029 1920 2228 1974 mentis
2256 1919 2458 1986 cogita-

931 2027 1125 2085 tiones,
1161 2023 1290 2076 nihil
1329 2030 1635 2088 operantur.
1659 2017 1790 2071 Cum
1813 2021 1987 2067 autem
2011 2011 2066 2064 in
2093 2015 2312 2079 peccato
2336 2022 2458 2075 per-

932 2121 1160 2175 severat,
1203 2111 1439 2165 tenebris
1487 2107 1657 2176 magis
1726 2103 2000 2173 magisque
2074 2098 2458 2157 obtinentibus,

931 2207 1053 2274 quia
1086 2205 1260 2257 Vultus
1279 2201 1366 2254 Dei
1400 2200 1614 2269 penitus
1637 2210 1854 2250 aversus
1880 2203 2084 2259 manet;
2116 2190 2464 2255 tum,malitia

933 2293 985 2344 id
1019 2297 1293 2359 Operante,
1319 2302 1413 2340 ceu
1448 2284 1759 2338 incurabilis
1785 2282 1961 2337 evadit
1991 2301 2002 2334 :
2031 2295 2128 2334 nec
2158 2280 2292 2332 ultra
2326 2279 2468 2329 salu-

932 2382 974 2434 ti
1027 2396 1135 2434 sua:
1194 2378 1509 2448 advigilans,
1558 2375 1624 2428 ad
1670 2381 1893 2428 mortem
1940 2386 2193 2442 peccasse
2237 2370 2356 2438 jure
2394 2367 2469 2422 di-

935 2481 1110 2526 eatur.

1117 2580 1166 2632 I.
1202 2576 1265 2630 IN
1308 2574 1506 2628 FINEM
1547 2571 1859 2628 PSALMUS
1895 2569 2097 2624 DAVID
2135 2567 2270 2624 XIII.

1006 2669 1139 2734 Quia
1168 2669 1278 2720 haec
1309 2667 1614 2734 prophetico
1645 2667 1785 2718 dicta
1809 2665 1859 2715 in
1895 2661 2350 2716 consummatione
2375 2672 2473 2712 saa-

941 2760 1181 2812 eulorum
1217 2759 1392 2810 futura
1415 2758 1585 2820 erant,
1629 2754 1965 2824 praemittitur
1997 2749 2146 2813 illud,
2174 2752 2224 2804 in
2268 2752 2420 2818 ﬁnem
2454 2763 2471 2801 :

943 2851 1181 2920 psalmus
1229 2855 1406 2901 autem
1463 2861 1570 2900 non
1617 2846 1834 2908 dicitur,
1866 2843 1992 2914 quia
2048 2844 2259 2896 incusat
2290 2855 2474 2895 omnes

944 2940 1206 2996 homines.

1015 3029 1179 3086 Vens.
1211 3030 1264 3083 2.
1297 3029 1447 3081 Dixit
1485 3029 1728 3097 insipiens
1761 3031 1814 3080 in
1863 3023 2014 3078 corde
2059 3039 2199 3078 suo:
2243 3021 2361 3076 Non
2401 3029 2476 3073 est

2555 1941 2659 1978 των
2683 1921 2787 1974 τῶν
2818 1919 2959 1970 ἔνδον
2986 1910 3290 1984 ὀφθαλμῶν,

2561 2009 2700 2084 apol.
2741 2005 3122 2079 Ἐπιμενούσης
3147 2003 3200 2054 δὲ
3229 2004 3294 2068 τῇ

2561 2105 2650 2156 ἐπὶ
2693 2102 2846 2154 πλέον
2877 2092 3308 2164 ἐπικρατοῦντος,

2567 2193 2720 2264 μένον
2747 2191 2804 2242 τὸ
2847 2189 3127 2258 πρόσωπον
3167 2180 3262 2234 τοῦ
3306 2183 3316 2227 I

2563 2299 2706 2334 νεται
2751 2278 2942 2339 κακίας
2984 2274 3316 2342 ἀθεράπευτα

2565 2371 2902 2446 γρηγοροῦσα
2925 2368 3113 2435 λέγοιτ’
3140 2365 3205 2417 ἂν
3232 2366 3311 2424 εἰς

2703 2579 2806 2630 ΕΙΣ
2842 2577 2926 2628 ΤΟ
2963 2572 3178 2626 ΤΕᾹΟΣ
3215 2570 3316 2622 ΦΑι

2649 2668 2796 2719 Ἐπεὶ
2828 2662 2993 2717 ταῦτα
3034 2673 3316 2730 προφητικι

2569 2760 2674 2812 τῶν
2703 2756 2903 2809 αἰώνων
2932 2751 3128 2823 ἠμελλε
3167 2750 3316 2816 γίνεσ

2571 2843 2636 2897 τὸ
2659 2841 2853 2906 τέλος·
2881 2837 3088 2907 ψαλμὸς
3116 2836 3190 2905 (I)
3219 2835 3276 2886 δὲ
3301 2851 3316 2885 ε

2576 2936 2684 3004 ρεῖν
2714 2929 2923 2982 πάντων
2972 2925 3064 2979 ἀνθ
3072 2923 3290 2995 ρώπων.

2643 3011 2822 3075 Εἶπεν
2848 3019 3045 3086 ἄφρων
3074 3016 3144 3067 ἐν
3169 3012 3316 3080 napo?

926 3115 1106 3175 :Deus.
1137 3119 1380 3185 Corrupti
1421 3128 1539 3172 sunt
1589 3127 1636 3170 et
1696 3116 2063 3170 abominabiles
2099 3114 2226 3182 [acti
2278 3113 2434 3165 eunti

1807 3116 2063 3168 ruinabiles
2099 3114 2226 3182 [acti
2278 3123 2394 3165 sunt
2427 3111 2478 3162 in
2507 3125 2551 3186 ρ
2581 3109 2978 3180 Διεέρθάρηοδαν
3017 3104 3114 3158 καὶ
3146 3103 3315 3156 ἐϐδελ

945 3212 1185 3266 studiis:
1224 3227 1322 3263 non
1351 3217 1426 3262 est
1471 3211 1558 3278 qui
1604 3209 1765 3276 faciat
1806 3207 2012 3260 bonum.
2043 3205 2116 3257 Ex
2173 3203 2344 3256 atheis
2387 3201 2477 3254 alii

948 3300 1162 3372 quidem
1197 3301 1641 3354 existimaverunt
1671 3296 1834 3351 Deum
1871 3297 2175 3350 nullatenus
2195 3294 2476 3355 exsistere,

951 3391 1045 3447 sed
1079 3406 1273 3444 vanum
1312 3405 1433 3444 esse
1453 3404 1678 3453 nomen;
1704 3388 1815 3450 alii,
1848 3403 1975 3442 vero
1999 3387 2106 3440 Deo
2131 3385 2321 3453 ejecto,
2348 3384 2482 3438 alios

951 3485 1043 3552 qui
1092 3483 1397 3536 nullatenus
1447 3485 1572 3534 sunt
1619 3477 2152 3542 contin:erunt;alii
2192 3490 2319 3530 vero
2365 3488 2484 3528 esse

953 3571 1167 3640 quidem
1193 3569 1358 3622 Deum
1391 3568 1661 3630 dixerunt,
1681 3567 1773 3620 sed
1790 3574 2002 3619 terrena
2028 3581 2134 3619 non
2157 3564 2480 3633 prospicere.

953 3663 1152 3717 Omnes
1193 3673 1352 3728 porro
1401 3657 1490 3724 qui
1546 3656 1805 3708 utramvis
1867 3655 2056 3707 harum
2104 3654 2485 3706 sententiarum

957 3758 1194 3813 tuentur,
1226 3751 1278 3802 in
1327 3747 1577 3808 atbeiam,
1613 3745 1725 3800 sive
1771 3745 1946 3798 omnis
1975 3744 2246 3812 religionis
2293 3743 2486 3810 despc~

957 3853 1124 3902 etum,
1147 3836 1381 3907 prolapsi
1408 3843 1551 3890 sunt.
1581 3831 1694 3888 Etsi
1730 3846 1873 3895 vero,
1902 3833 2026 3901 quia
2059 3832 2300 3885 omnibus
2335 3845 2364 3883 a
2393 3845 2488 3883 na-

959 3939 1082 3985 tura
1116 3930 1278 3986 iusita
1306 3935 1388 3982 est
1413 3925 1503 3980 Dei
1541 3924 1750 3987 notitia,
1785 3924 1836 3976 id
1863 3923 2035 3992 palam
2068 3921 2216 3977 ellari
2256 3937 2360 3974 non
2395 3938 2490 3974 au-

959 4020 1173 4082 debant,
1201 4033 1304 4072 non
1337 4033 1450 4079 ore,
1481 4016 1573 4070 sed
1593 4014 1753 4069 corde
1778 4014 1903 4067 talia
1932 4011 2288 4081 loquebantur
2323 4031 2336 4064 :
2367 4027 2489 4064 nam

962 4125 1054 4164 ore
1081 4117 1238 4163 tenus
1267 4108 1464 4161 multos
1489 4105 1618 4159 deos
1637 4103 2040 4174 proﬁtebantur.
2078 4100 2179 4155 Sed
2215 4116 2276 4154 ex
2305 4115 2490 4154 eorum

963 4199 1128 4270 gestis
1175 4199 1498 4268 arguebatur
1537 4196 1666 4266 quid
1717 4202 1893 4247 mente
1939 4199 2222 4245 tenerent:
2257 4206 2376 4243 nam
2428 4205 2493 4243 ex

964 4289 1144 4343 fructu
1175 4291 1334 4343 arbor
1359 4286 1711 4358 dignoscitur.
1757 4283 1890 4337 Cum
1935 4283 2074 4336 enim
2106 4296 2134 4333 a
2168 4282 2315 4334 nullo
2349 4279 2494 4349 ﬂagi-

962 4383 1162 4436 tiorum
1199 4397 1388 4451 genere
1433 4387 1809 4448 temperarent,
1845 4377 2096 4444 omnique
2126 4375 2282 4426 modo
2332 4372 2493 4425 vitam

2577 3219 2707 3257 σιν·
2751 3203 2858 3254 οὐκ
2902 3200 3029 3251 ἔστι
3062 3195 3248 3248 ποιῶν
3274 3212 3316 3262 χ,

2577 3297 2624 3348 οἱ
2660 3295 2754 3364 μὲν
2791 3291 2862 3360 μὴ
2893 3286 3022 3341 εἶναι
3050 3287 3180 3339 Θεὸν
3215 3302 3316 3336 παν

2577 3385 2727 3439 κενὸν
2761 3382 2956 3451 ὖνομα·
3004 3380 3050 3430 οἱ
3097 3377 3153 3428 δὲ
3197 3377 3271 3445 μὴ
3313 3400 3315 3414 ι

2579 3473 2982 3546 παρωσάμενοι·
3031 3469 3081 3521 οἱ
3113 3467 3171 3520 δὲ
3197 3462 3316 3518 εἷνα

2581 3565 2637 3618 δὲ
2663 3563 2765 3614 τῶν
2796 3561 2886 3612 ἐπὶ
2907 3559 3028 3628 γῆς.
3053 3556 3120 3610 Οἱ
3145 3555 3209 3625 δὴ
3237 3555 3315 3607 πά

2584 3671 2680 3707 σαν
2713 3650 3026 3724 φρονοῦντες
3057 3646 3229 3708 οὕτως
3251 3663 3262 3674 ·
3306 3663 3316 3695 ε

2583 3745 2648 3806 ἃς
2693 3742 2867 3811 ἔχουσι
2907 3738 3101 3797 πάντες
3159 3750 3316 3801 φυσιν

2585 3833 2774 3902 καρδίᾳ
2817 3830 3015 3894 ἔλεγον,
3051 3824 3163 3877 ἀλλ’
3207 3824 3268 3875 οὐ

2586 3924 2806 3983 πολλοὺς
2849 3919 3022 3985 λέγειν
3058 3915 3275 3967 ἐδόκουν
3309 3915 3316 3957 l

2587 4019 2783 4087 ἔδρων·
2819 4011 2923 4064 ἀπὸ
2962 4007 3069 4078 γὰρ
3093 4006 3190 4060 τοῦ
3225 4024 3316 4076 και

2586 4105 2730 4175 Μηδε
2740 4104 2863 4173 μιᾶς
2889 4099 2995 4170 γὰρ
3020 4097 3307 4165 ἀσελγείας

2587 4196 2676 4248 τὸν
2725 4195 2834 4263 βίον
2879 4189 3313 4259 διαφθειρόμενοι

2590 4303 2716 4354 γουν
2750 4285 2920 4345 θεοὺς,
2955 4281 3101 4350 δῆλοι
3137 4276 3277 4348 ἦσαν
3312 4303 3316 4324 ι

2592 4376 2742 4430 Θεοῦ.
2788 4379 3004 4444 ’Ἄφρων
3039 4368 3130 4424 οὖν
3184 4372 3316 4423 ὄντα

966 4471 1332 4541 inquinarent,
1363 4471 1574 4525 etiamsi
1604 4467 1840 4522 inﬁnitos
1866 4481 1987 4520 esse
2017 4466 2148 4518 deos
2174 4464 2474 4516 conﬁteren-

1807 4483 1840 4519 με
1866 4481 1987 4520 esse
2017 4466 2148 4518 deos
2174 4464 2493 4516 contiteren-
2523 4462 2565 4516 Ι)
2595 4465 2876 4536 ἐπιδημίας
2913 4461 3021 4532 βίος
3061 4461 3156 4529 (2).
3199 4461 3315 4512 Ei'n:

966 4571 1090 4628 tur;
1117 4563 1286 4632 palam
1307 4569 1484 4614 tamen
1508 4567 1623 4613 erat
1651 4574 1744 4613 eos
1773 4573 1960 4613 sanum
1986 4555 2118 4610 nihil
2147 4555 2211 4608 de
2244 4553 2350 4608 Deo
2371 4570 2474 4608 sen-

1807 4573 1960 4610 anum
1986 4555 2118 4610 nihil
2147 4555 2211 4608 de
2244 4553 2350 4608 Deo
2371 4570 2494 4608 sen—
2589 4559 2746 4626 ρίου,
2777 4554 2967 4608 οὐκοῦν
3007 4551 3086 4620 τῷ
3126 4551 3200 4620 μὴ
3235 4557 3315 4618 φοι

965 4653 1090 4707 tire.
1122 4652 1304 4718 Itaque
1331 4657 1452 4702 ante
1483 4648 1774 4702 Salvatoris
1805 4647 2086 4701 adventum
2123 4651 2232 4697 tota
2272 4643 2379 4696 vita
2407 4660 2495 4712 ge-
2593 4663 2680 4698 ται
2716 4647 2748 4715 ἡ
2787 4643 2960 4710 σοφία.

968 4759 1178 4814 musque
1199 4743 1473 4796 hominum
1496 4742 1756 4812 insipiens
1786 4747 1919 4796 erat.
1953 4739 2084 4793 Nam
2114 4737 2160 4792 si
2219 4737 2423 4788 initium
2445 4739 2710 4806 sapientia:
2767 4737 2922 4790 timor
2960 4734 3174 4786 Domini
3229 4733 3311 4799 ’3;

971 4834 1264 4904 despicere,
1294 4833 1595 4903 oppositum
1620 4831 1896 4900 sapientia:
1922 4831 2100 4885 fuerit.

1039 4925 1200 4980 Vens.
1239 4926 1291 4981 5.
1335 4924 1521 4980 Omnes
1573 4924 1987 4987 declinaverunt,
2055 4924 2210 4977 simul
2290 4923 2496 4976 inutiles

974 5015 1100 5082 facti
1131 5028 1247 5069 sunt
1271 5029 1290 5068 :
1317 5034 1416 5070 non
1459 5026 1534 5070 est
1562 5019 1650 5084 qui
1680 5017 1846 5085 faciat
1876 5015 2084 5077 bonum,
2119 5031 2220 5068 non
2248 5023 2319 5066 est
2345 5027 2500 5080 usque

976 5104 1044 5154 ad
1083 5120 1257 5159 unum.
1298 5106 1418 5160 Haec
1467 5107 1594 5160 mihi
1646 5107 1893 5161 videntur
1942 5104 2159 5158 tacitam
2215 5101 2499 5172 quamdam

976 5192 1181 5248 Iudaici
1211 5199 1385 5262 populi
1442 5198 1866 5253 criminationem
1921 5195 2221 5265 complecti.
2280 5191 2409 5245 Nam
2455 5191 2502 5245 si

2672 4914 2895 4980 Πάντες
2921 4912 3238 4977 ἐξέκλιναν
3271 4913 3316 4982 ἅὃ

2603 5005 2782 5061 ποιῶν
2819 5005 3192 5072 χρηστότητα
3208 5044 3221 5067 ,
3254 5007 3315 5057 οἰ

2607 5116 2692 5170 μοι
2734 5097 2798 5150 τὰ
2840 5094 3173 5168 προκείμενα
3207 5097 3298 5149 καὶ

2603 5186 2880 5257 λεληθυῖαν
2924 5187 3254 5256 κατηγορίαν
3307 5206 3316 5236 ε

1052 5347 1094 5383 ¹³
1129 5343 1275 5400 Psal.
1308 5359 1409 5404 cx.
1443 5347 1525 5400 10.

2605 5490 2800 5560 psalmi
2832 5507 2865 5544 v
2898 5491 3189 5560 accipitur,
3219 5504 3272 5551 et
3310 5497 3316 5550 i

2603 5561 2801 5613 ratione
2843 5561 3164 5630 evangelica,
3214 5568 3242 5620 ὁ
3291 5585 3316 5621 σ

2602 5631 2896 5709 universum
2927 5631 3198 5709 hominum
3227 5655 3316 5709 gen

2600 5697 2907 5766 frequenter
2941 5700 3044 5758 hoc
3084 5720 3190 5762 usu
3217 5697 3311 5764 ore

1053 5502 1126 5571 (I)
1152 5501 1210 5554 In
1237 5500 1451 5554 Eusebii
1488 5503 1776 5571 exemplari
1802 5504 1913 5560 haec
1946 5516 2048 5554 vox
2067 5496 2274 5569 ψαλμός
2303 5510 2408 5550 non
2429 5493 2501 5547 Ie-

983 5570 1225 5642 geuatur,
1253 5585 1355 5642 nec
1379 5577 1462 5642 est.
1483 5570 1536 5621 in
1553 5570 1783 5642 Πεδιαξο
1803 5582 2008 5630 nun-na.
2220 5579 2221 5582 ‘

1047 5640 1126 5721 lg)
1165 5637 1395 5721 Eusebio
1441 5637 1717 5718 (amiliaris
1757 5652 1839 5694 est
1874 5642 1966 5720 hic
2002 5653 2128 5716 usus
2173 5633 2322 5721 vocis
2362 5631 2494 5721 βίοςᾶ

983 5698 1191 5768 scilicet
1217 5720 1315 5778 pro
1337 5707 1594 5761 hominum
1615 5721 1813 5776 genere;
1843 5710 1921 5763 sic
1949 5707 2193 5775 superius
2214 5703 2279 5757 ad
2301 5698 2442 5754 vers.
2462 5698 2496 5752 Ξ).
