3818 6308
1002 464 1101 518 H7

1779 466 2043 521 EUSEBII
2084 467 2549 524 CESARIENSIS
2581 471 2726 526 OPP.
2765 471 2946 526 PARS
2983 474 3061 529 III.
3097 505 3152 518 -
3178 476 3329 530 EXEG

996 579 1258 631 timebunt
1314 579 1418 634 nisi
1449 578 1769 631 Dominum?
1797 578 1909 630 Illic
1941 585 2142 637 autem,
2171 577 2410 641 ubinam,
2435 581 2524 633 nis‘

1797 578 1909 630 Illic
1941 585 2142 637 autem,
2171 577 2410 641 ubinam,
2435 581 2537 633 nisi
2566 589 2610 644 Α
2640 591 2816 632 σονται
2853 582 2884 650 ἢ
2922 583 3011 635 τὸν
3038 585 3229 655 Κύριονς
3260 588 3330 638 ix:

996 668 1049 721 in
1096 683 1156 721 ea
1211 683 1328 736 quae
1379 676 1598 722 ventura
1639 677 1721 722 est
1768 669 2138 738 generatione?
2189 670 2527 736 quamobrem

997 757 1300 826 subiungit:

1067 847 1227 901 Vens.
1263 847 1315 900 6.
1358 847 1616 913 Quoniam
1662 847 1910 902 Dominus
1946 848 2000 901 in
2033 851 2355 917 generatione
2383 852 2532 920 justo

995 951 1091 994 est.
1125 939 1412 993 Consilium
1447 941 1612 1007 inopis
1654 940 1962 1007 confudistis
1986 979 2001 1003 ,
2056 940 2310 996 Dominus
2362 955 2531 998 autem

996 1045 1108 1096 spes
1134 1032 1245 1097 ejus
1272 1038 1369 1084 est.
1403 1029 1862 1094 Quemadmodum
1893 1031 1945 1084 in
1981 1031 2103 1084 aliis
2137 1048 2349 1102 quoque
2389 1036 2533 1103 judi-

994 1122 1115 1182 ciis,
1180 1135 1299 1190 quaa
1341 1119 1405 1174 de
1454 1119 1823 1174 contractibus
1876 1127 1930 1173 et
1981 1120 2046 1173 de
2083 1124 2403 1176 commercio
2455 1123 2531 1177 fe—

992 1215 1206 1271 runtur,
1242 1210 1385 1262 nulla
1415 1209 1656 1262 habenda
1708 1217 1790 1262 est
1828 1223 2180 1277 personarum
2232 1213 2399 1277 ratio;
2451 1214 2530 1267 sic

993 1298 1047 1350 in
1083 1297 1590 1359 consultationibus,
1611 1311 1718 1349 non
1748 1297 2052 1365 imperium,
2085 1314 2191 1352 non
2224 1299 2527 1364 facultates,

993 1387 1086 1442 sed
1119 1403 1268 1442 mens
1297 1395 1439 1441 recte
1473 1387 1714 1442 instituta
1740 1387 2015 1456 probaque
2047 1389 2376 1443 conscientia
2412 1406 2533 1460 spe-

991 1477 1182 1530 ctanda
1220 1485 1323 1532 est.
1359 1477 1482 1530 Haec
1511 1493 1671 1547 porro
1706 1492 1824 1546 quae
1873 1478 1984 1546 jam
2036 1479 2312 1547 preposita
2363 1488 2528 1545 sunt,

991 1575 1218 1636 possunt
1242 1583 1357 1622 mea
1387 1568 1599 1637 quidem
1624 1569 1889 1622 sententia
1918 1567 1983 1621 de
2007 1567 2207 1622 Iudaeis
2237 1568 2531 1625 Salvatoris

991 1659 1271 1714 consilium
1304 1659 1632 1713 confundere
1655 1659 1976 1712 conantibus
2008 1658 2199 1726 accipi,
2227 1659 2351 1726 quia
2376 1671 2532 1727 puta-

989 1757 1108 1803 rent
1131 1749 1306 1817 ipsum
1341 1763 1459 1803 esse
1491 1749 1704 1816 inopem
1733 1749 1931 1810 virum,
1966 1763 2065 1801 nec
2097 1747 2410 1801 thesaurum
2444 1749 2528 1801 di-

989 1838 1228 1890 vinitatis
1255 1845 1560 1906 pensarent.
1586 1835 1627 1888 li
1658 1837 1837 1905 itaque
1870 1836 2128 1890 doctrina:
2156 1836 2300 1889 illius
2323 1850 2530 1903 semper

2633 671 2983 739 συστήσεσθαι
3030 678 3164 744 γενεᾷ
3179 691 3190 738 ;
3242 675 3310 727 διὸ

2702 848 2817 902 Ὀτι
2862 853 2891 904 ό
2958 854 3087 916 Θεὸς
3136 851 3199 905 ἐν
3245 871 3330 921 τεν

2644 940 2754 1008 χοῦ
2800 943 3189 1009 κατῃσχύνατε
3203 982 3214 1004 ,
3259 947 3285 995 ό

2631 1028 2815 1082 ἐστιν.
2845 1023 3048 1101 Ὠσπερ
3078 1034 3128 1083 ὲν
3173 1035 3270 1093 τοῖς
3326 1059 3330 1081 ι

2632 1121 2810 1188 μένοις
2859 1137 2924 1171 πε
2932 1124 2984 1191 pi.
3031 1121 3267 1187 συναλλάγ
3275 1139 3330 1190 po

2629 1207 2890 1276 πρόσωπα
2954 1207 3154 1276 βλέπειν
3211 1209 3306 1259 δεῖ·

2634 1297 2810 1365 μένοις
2863 1298 2959 1349 οὑκ
3015 1300 3089 1360 εἰς
3139 1300 3290 1368 ἀρχὴν

2631 1385 2741 1438 ἀλλ’
2787 1389 2865 1449 εἰς
2919 1387 3039 1440 νοῦν
3093 1388 3330 1458 διηρθρωι

2630 1475 2835 1544 ἔχοντα.
2875 1478 3206 1531 Ἐπιστατὲον
3250 1478 3330 1530 ὲκλ

2643 1566 2900 1620 Ἰουδαίων
2932 1569 3000 1621 τὰ
3044 1569 3330 1639 προκεὲμενί

2629 1656 2978 1724 καταισχῦναι
3013 1659 3330 1710 σπευδόντων.

2628 1761 2746 1798 τινα
2788 1742 2954 1809 εἶναι,
3005 1749 3092 1800 καὶ
3150 1748 3217 1816 μὴ
3266 1749 3330 1798 π).

2628 1837 2719 1888 καὶ
2756 1837 3084 1904 ἀντιλέγουσι
3130 1841 3190 1906 τῇ
3230 1838 3330 1889 διδα

988 1926 1399 1991 contradicunt;
1433 1942 1494 1980 ac
1525 1915 1908 1980 miraculorum
1952 1927 2210 1988 virtutes,
2241 1928 2392 1994 quasi
2422 1941 2524 1980 non

1779 1941 1908 1980 irum
1952 1927 2210 1988 virtutes,
2241 1928 2392 1994 quasi
2422 1941 2530 1980 non
2561 1910 2599 1962 Β
2631 1926 2878 1995 ραστίους
2914 1927 3158 1997 δυνάμεις
3184 1927 3330 1980 nano)

989 2015 1171 2069 divina
1199 2016 1272 2077 vi,
1305 2016 1399 2070 sed
1443 2016 1546 2068 alia
1578 2016 1828 2085 quapiam
1859 2015 2065 2068 ratione
2091 2015 2389 2080 exhibitas,
2438 2030 2530 2069 ca-

988 2105 1341 2160 lumniantur.
1704 2104 1707 2105 ⁷

1058 2195 1220 2250 Vens.
1263 2197 1313 2250 7.
1354 2195 1482 2262 Quis
1509 2197 1652 2250 dabit
1680 2213 1743 2250 ea:
1772 2195 1895 2250 Sion
1918 2198 2150 2251 salutare
2185 2197 2527 2251 Israel?cum

986 2286 1230 2338 arerlerit
1255 2284 1504 2338 Dominus
1554 2287 1904 2355 captivitatem
1945 2286 2108 2354 plebis
2138 2303 2266 2351 sum,
2299 2287 2528 2340 exsulta—

986 2375 1058 2429 bit
1097 2375 1260 2429 Iacob
1292 2385 1341 2429 et
1379 2377 1644 2429 la’tubitur
1674 2377 1862 2430 Israel.
1909 2377 2042 2431 Cum
2077 2393 2266 2432 omnes
2313 2394 2417 2432 una
2441 2377 2529 2432 de-

983 2465 1276 2519 (‘Iinassent
1303 2472 1355 2517 et
1399 2465 1612 2519 inutiles
1645 2467 1770 2535 lacti
1797 2472 1998 2532 essent,
2026 2465 2138 2534 jam
2172 2476 2379 2534 tempus
2433 2467 2527 2520 ad-

983 2565 1119 2615 erat,
1151 2564 1207 2606 ut
1240 2556 1306 2608 ad
1340 2555 1665 2622 precandum
1709 2570 2009 2610 sermonem
2058 2562 2321 2621 verteret;
2358 2557 2428 2609 ita
2467 2564 2527 2609 ut

984 2661 1085 2697 ceu
1134 2639 1396 2713 legatione
1454 2653 1700 2713 suscepta
1743 2645 2056 2699 diceretur:
2113 2646 2241 2710 Quis
2285 2645 2429 2699 dabit
2463 2663 2526 2700 ea:

986 2736 1113 2798 Sion
1141 2735 1372 2790 sal-utare
1420 2734 1625 2788 Israel?
1653 2734 1772 2803 I-pso
1804 2736 1945 2789 enim
1981 2735 2200 2788 salutari
2229 2743 2358 2790 tunc
2391 2753 2526 2806 opus

984 2836 1123 2894 erat,
1144 2827 1284 2898 quod
1326 2836 1668 2897 peccatorum
1703 2827 2079 2880 remissionem
2130 2826 2422 2890 tribueret,
2475 2835 2526 2881 et

984 2909 1180 2986 auctor
1201 2917 1389 2972 salutis
1416 2926 1574 2972 esset.
1626 2917 1855 2987 ldipsum
1901 2919 2134 2972 salutare
2173 2918 2313 2986 quod
2335 2933 2527 2973 secun-

985 3007 1112 3060 dum
1141 3021 1357 3062 carnem
1391 3022 1454 3060 ex
1489 3008 1691 3061 semine
1721 3005 1936 3061 Davidis
1989 3006 2225 3073 prodiit,
2283 3023 2349 3061 ex
2397 3008 2524 3061 Sion

983 3097 1166 3165 datum
1199 3078 1278 3150 est
1310 3114 1324 3148 ι
1358 3094 1498 3148 Nam
1532 3097 1691 3149 veniet
1723 3111 1786 3149 ea:
1815 3097 1942 3149 Sion
1972 3097 2278 3162 redemptor,
2309 3103 2357 3147 et
2379 3111 2524 3147 aver-

981 3193 1052 3239 tet
1076 3186 1370 3258 iniquitates
1401 3201 1432 3237 a
1455 3183 1618 3236 Iacob
1645 3184 1708 3238 ιτ.
1742 3181 1938 3235 Eodem
1970 3196 2182 3251 quoque
2205 3195 2365 3236 sensu
2392 3180 2525 3234 illud

2632 2033 2739 2087 μει,
2769 2017 2880 2069 ἀλλ’
2910 2018 3120 2072 ἄλλοθέν
3146 2018 3296 2072 ποθεν
3325 2036 3330 2048 ·

2699 2182 2792 2246 Τίς
2831 2181 3005 2235 δώσει
3047 2182 3111 2234 ἐκ
3140 2181 3284 2236 Σιὼν
3320 2201 3330 2233 -.

2623 2271 2693 2324 ἐν
2727 2271 2804 2336 τῷ
2832 2271 3174 2339 ἐπιστρέψαι
3217 2274 3329 2339 Kch

2624 2362 2773 2416 λαοῦ
2817 2361 3000 2415 αὐτοῦ
3041 2362 3330 2430 ἀγαλλιάσ

2626 2451 2866 2515 θήσεται
2917 2451 3168 2518 Ἰσραήλ.
3234 2453 3329 2506 IIo'u

2624 2539 3019 2609 ἀχρειωθέντων
3046 2541 3230 2611 καιρὸς
3258 2537 3324 2610 ἦν

2625 2628 2697 2689 ὡς
2731 2628 3017 2698 πρεσϐείας
3049 2631 3230 2699 τρόπῳ
3265 2631 3330 2698 φά

2624 2719 2913 2785 σωτήριον
2951 2720 3056 2773 τοῦ
3100 2720 3329 2787 Ἰσραήλ

2623 2807 2713 2858 τοῦ
2761 2809 2951 2876 ἄφεσιν
2999 2811 3211 2880 ἁμαρτη
3222 2811 3328 2880 μάτ

2623 2901 2718 2969 τῆς
2757 2901 2970 2953 αἰωνίου
3017 2903 3302 2972 σωτηρίας.

2626 2989 2800 3058 σάρκα
2850 2991 2912 3042 ἐκ
2967 2991 3276 3061 σπέρματος
3328 3037 3329 3042 η

2623 3082 2855 3135 δέδοται·
2914 3083 3070 3144 Ἥξει
3132 3084 3242 3151 γὰρ
3300 3086 3330 3136 ἐ

2623 3174 2982 3240 ἀποστρέψει
3013 3175 3291 3239 ἀσεϐείας
3325 3201 3330 3226 t

981 3237 1215 3350 accipias
1245 3275 1368 3328 licet
1395 3292 1407 3326 :
1460 3272 1541 3326 Ea:
1570 3273 1696 3327 Sion
1747 3274 1934 3340 species
1977 3272 2174 3326 decoris
2200 3272 2310 3338 ejus
2338 3272 2381 3304 ³⁸
2400 3311 2415 3333 ,
2462 3278 2523 3325 ιιι

1779 3274 1934 3339 pecies
1977 3237 2174 3326 decoris
2200 3272 2310 3338 ejus
2338 3272 2381 3304 ³⁸
2400 3311 2415 3333 ,
2462 3278 2523 3325 ιιι
2551 3237 2595 3297 c
2626 3264 2685 3315 τό
2704 3281 2716 3293 ·
2754 3265 2842 3316 Ἐκ
2866 3263 3014 3317 Σιὼν
3045 3267 3084 3332 ἡ
3116 3267 3330 3333 εὐπρέσ

980 3367 1221 3440 apposite
1289 3365 1617 3433 intelligatur
1690 3359 1923 3417 salutare
2007 3363 2132 3416 illud
2187 3378 2250 3416 ex
2313 3361 2521 3416 caelesti

982 3457 1110 3510 Sion
1143 3456 1446 3528 advenisse,
1483 3454 1749 3522 siquidem
1797 3453 1850 3506 in
1885 3455 1998 3521 ipsa
2027 3452 2270 3507 Christus
2297 3467 2518 3523 regnum

980 3547 1228 3612 obtinere
1246 3545 1545 3617 d‘ictus‘est.
1589 3543 1947 3609 Quamobrem
1983 3559 2179 3612 scopas
2207 3551 2419 3606 noster,
2457 3558 2520 3596 ac

981 3649 1104 3702 spes
1129 3647 1372 3701 supernae
1399 3633 1696 3686 vocationis
1728 3643 1810 3686 est
1841 3649 2060 3702 regnum
2089 3635 2365 3687 cmlorum.
2408 3633 2521 3689 Sub

980 3723 1114 3784 hinc,
1143 3717 1371 3774 futuram
1392 3721 1638 3774 omnibus
1669 3720 1973 3794 hominibus
2011 3721 2077 3774 ab
2113 3722 2337 3790 ipsemet
2374 3724 2521 3778 salu-

978 3812 1082 3865 tari
1104 3812 1494 3866 conciliandam
1523 3811 1821 3866 libertatem
1848 3812 2105 3868 declarat.
2137 3811 2213 3866 Ac
2250 3816 2518 3883 perpende

980 3903 1132 3967 mihi,
1157 3918 1357 3979 quaeso,
1389 3920 1495 3973 quo
1525 3911 1678 3976 pacto
1705 3943 1719 3966 ,
1770 3917 1891 3956 cum
1921 3903 2009 3955 alii
2062 3904 2320 3978 redempti
2369 3905 2477 3958 sint
2500 3944 2514 3969 ,

979 3995 1113 4058 alios
1145 3986 1320 4050 tamen
1344 3981 1488 4047 dicat
1518 3996 1787 4048 exsultare
1815 4012 1828 4046 :
1864 4008 1986 4046 nam
2017 4009 2137 4047 cum
2163 3995 2392 4062 pOpulus
2423 3993 2519 4050 Do-

979 4083 1109 4135 mini
1147 4098 1176 4136 a
1214 4083 1522 4156 captivitate
1555 4082 1868 4136 liberabitur
1891 4121 1904 4144 ,
1936 4080 2234 4156 Exsultabit
2259 4121 2273 4146 ,
2321 4083 2513 4152 inquit,

975 4171 1160 4235 Iacob,
1191 4184 1237 4226 et
1268 4158 1529 4246 lictabitnr
1575 4171 1766 4228 Israel.
1795 4171 1926 4226 Cum
1966 4171 2128 4240 igitur
2158 4169 2398 4225 futurum
2430 4187 2516 4228 es-

978 4272 1092 4328 set,
1130 4274 1187 4329 ut
1211 4267 1400 4338 anim-.e
1439 4267 1562 4318 olim
1591 4279 1620 4333 a
1652 4264 1947 4338 daemonieo
1975 4278 2159 4334 errore
2201 4265 2254 4316 in
2287 4266 2515 4334 captivi-

977 4359 1139 4424 tatem
1179 4334 1452 4415 obductae,
1502 4367 1595 4420 per
1623 4334 1855 4406 salutare
1887 4349 1978 4404 Dei
2015 4351 2314 4405 libertatem
2365 4342 2516 4407 asse-

974 4447 1286 4522 querenlur,
1319 4448 1370 4494 et
1397 4456 1461 4511 ex
1509 4432 1759 4510 omnibus
1811 4438 2056 4508 gentibus
2110 4439 2176 4492 ad
2233 4439 2514 4494 Dominum

2627 3354 2842 3406 δυνατὸν
2883 3355 3161 3407 ἐκλαϐεῖν·
3203 3359 3280 3419 ὼς
3312 3376 3330 3415 ι

2626 3445 2844 3516 ἐλήλυθε
2877 3446 2937 3498 τὸ
2972 3448 3270 3517 σωτήριοντ
3322 3451 3330 3499 ἐ

2628 3534 2896 3603 βασιλείαν
2949 3536 3090 3605 ἔχειν
3141 3538 3172 3588 ὁ
3213 3539 3321 3608 Χρι

2627 3624 2718 3676 καὶ
2776 3626 2808 3694 ὴ
2854 3624 3005 3687 ἐλπὶς
3058 3625 3161 3695 τῆς
3223 3626 3330 3679 ἄνα

2624 3712 2862 3780 οὐρανῶν
2893 3711 3171 3781 τυγχάνει.
3229 3710 3329 3766 Εἷθ

2623 3801 2923 3873 ἀνθρώποις
2957 3803 3327 3874 προξενεῖσθα

2621 3891 2714 3944 τοῦ
2773 3893 3036 3962 σωτηρίου
3099 3911 3179 3945 πα
3186 3896 3330 3964 ρίστι

2624 3984 2817 4054 ἑτέρων
2856 3969 3050 4055 λυτρου
3059 3985 3269 4054 μένων,

2621 4076 2679 4126 ὲν
2725 4074 2801 4143 τῷ
2846 4074 2953 4144 γὰρ
3018 4075 3322 4148 ἠλευθερῶ

2620 4163 2762 4240 λαοῦ,
2785 4165 2986 4236 Κυρίου
3007 4169 3022 4229 ,
3073 4167 3326 4235 Ἀγαλλι

2620 4256 3087 4324 εὐφρανθήσεται
3133 4258 3330 4326 Ἰσραι

2619 4347 2882 4419 τισμένων
2912 4347 3013 4399 ὑπὸ
3039 4347 3145 4417 τῆς
3175 4348 3330 4418 δαιμι

2623 4439 2726 4493 σῶν
2748 4438 2834 4491 διὰ
2857 4439 2946 4490 τοῦ
2981 4440 3267 4510 σωτηρίου
3304 4460 3330 4494 τ

975 4528 1220 4582 homines
1247 4538 1721 4596 converterentur;
1757 4530 1850 4598 qui
1901 4530 2027 4583 olim
2061 4529 2113 4582 in
2144 4528 2252 4584 Deo
2278 4530 2514 4585 defuncti

1779 4530 1850 4598 [ui
1901 4530 2027 4583 olim
2061 4529 2113 4582 in
2144 4528 2252 4584 Deo
2278 4530 2514 4585 defuncti
2545 4551 2590 4604 D
2619 4531 2710 4581 καὶ
2750 4530 2824 4611 ἐξ,
2851 4529 3107 4605 απάντων
3149 4530 3269 4582 τῶν
3315 4533 3330 4582 ἐ

977 4630 1103 4684 sunt
1124 4620 1255 4687 justi
1286 4628 1445 4688 atque
1472 4620 1764 4696 prophetae,
1788 4620 1880 4690 qui
1913 4636 2039 4675 vere
2062 4620 2247 4695 Israel,
2281 4636 2404 4675 vere
2425 4620 2517 4674 Ja~

975 4711 1076 4764 cob
1106 4700 1401 4778 nuncupari
1433 4693 1684 4778 possunt,
1709 4711 2056 4779 exsultabunt
2086 4726 2148 4765 ac
2178 4693 2514 4776 laetabuntur,

975 4803 1117 4870 quod
1147 4801 1397 4865 vaticinia
1431 4801 1498 4854 ab
1527 4817 1584 4860 se
1621 4803 1687 4856 de
1714 4803 1870 4856 nobis
1903 4804 2042 4871 edita
2068 4804 2329 4873 completa
2373 4804 2477 4876 sint
2499 4843 2512 4865 ,

977 4893 1223 4960 quodque
1250 4891 1349 4960 ipsi
1393 4891 1546 4953 nobis
1594 4892 1658 4946 de
1686 4893 1873 4961 adepta
1923 4894 2094 4947 salute
2140 4894 2514 4962 congratulen-

976 4984 1084 5030 tur.
1115 4967 1448 5051 Quapropter
1483 4980 1698 5037 Simeon
1719 5022 1732 5043 ,
1771 4970 1893 5035 eum
1925 4982 1991 5035 de
2021 4981 2296 5050 Salvatore
2348 4983 2517 5036 dixis-

979 5075 1102 5122 set:
1138 5069 1328 5125 Lumen
1363 5077 1465 5128 erit
1503 5075 1570 5128 ad
1607 5074 1966 5129 reuelationem
1991 5077 2254 5152 gentium;
2288 5075 2511 5146 addidit,

976 5168 1024 5211 et
1044 5157 1266 5234 gloriam
1291 5161 1449 5243 plebis
1483 5176 1606 5230 tuae,
1635 5165 1804 5240 Israel
1833 5168 1900 5239 ".7

1202 5356 1267 5414 IN
1304 5357 1508 5411 FINEM
1545 5362 1865 5421 PSALMUS
1903 5364 2107 5419 DAVID
2142 5363 2281 5418 XIV.

1063 5481 1214 5522 νειις.
1256 5469 1308 5523 1.
1354 5468 1597 5536 Domine,
1644 5477 1758 5542 quis
1788 5477 2040 5530 habitabit
2093 5477 2146 5529 in
2185 5475 2514 5529 tabernaculo

985 5573 1070 5615 tuo
1089 5567 1115 5615 .7
1143 5569 1233 5612 aut
1265 5561 1378 5629 quis
1417 5562 1686 5629 requiescet
1715 5568 1769 5618 in
1799 5577 1964 5621 monte
1992 5576 2172 5621 sancto
2203 5568 2330 5621 tuo?-
2367 5564 2411 5617 Λ
2439 5567 2516 5618 vi-

981 5647 1276 5704 einioribus
1302 5647 1599 5718 procedens
1619 5687 1635 5714 ,
1694 5653 1984 5719 perfectum
2015 5654 2187 5709 virum
2237 5649 2511 5708 describit.

1055 5805 1096 5836 "
1138 5803 1235 5858 lsa.
1271 5816 1396 5864 ιιι,
1427 5799 1511 5854 20.
1590 5800 1630 5832 "
1666 5799 1809 5871 Ifsal.
1840 5819 1982 5872 xux,
2027 5803 2079 5860 2.
2159 5805 2199 5836 η
2238 5801 2366 5857 Luc.
2407 5817 2477 5865 ιι,
2511 5799 2596 5853 52.

2619 4619 2708 4670 ἐπὶ
2743 4619 2831 4671 τὸν
2860 4619 3087 4689 Κύριον,
3143 4620 3197 4671 οἱ
3231 4621 3330 4672 πάξ

2621 4708 2766 4777 μένοι
2810 4709 3000 4761 δίκαιοι
3049 4711 3154 4762 καὶ
3205 4727 3325 4780 προ

2615 4799 2829 4870 Ἰσραὴλ
2878 4801 2971 4852 καὶ
3021 4802 3049 4852 ὁ
3099 4800 3330 4870 ἀληθῶς

2617 4889 3096 4959 εὐφρανθήσονται,
3135 4888 3236 4944 διὰ
3284 4893 3330 4945 τί

2619 4980 2772 5048 ήμῶν
2805 4983 3170 5052 προφητείας,
3224 4985 3330 5036 καὶ

2615 5069 2748 5139 τέρᾳ
2780 5070 3035 5142 σωτηρία.
3090 5073 3193 5125 Διὸ
3231 5075 3330 5126 καἸ

2615 5160 2880 5230 Σωτῆρος,
2918 5152 3014 5213 ’ὅτι
3065 5163 3214 5230 Φῶς
3269 5164 3330 5217 ἕο

2617 5247 2882 5316 ἐπήγαγε,
2917 5250 3015 5303 καὶ
3043 5251 3262 5315 δόξαν
3293 5257 3330 5306 .1

2738 5360 2846 5412 ΕΙΣ
2883 5362 2968 5416 ΤΟ
3006 5364 3261 5418 ΤΕΔΟΣ
3304 5364 3330 5416 ‘I

2684 5471 2859 5538 Κύριε
2875 5513 2890 5536 ,
2937 5475 3030 5541 τίς
3078 5492 3329 5546 παροικ

2617 5559 2715 5611 καὶ
2751 5561 2841 5627 τίς
2867 5567 3330 5639 κατασκηνώσε

2616 5650 2748 5703 Ἀπὸ
2777 5653 2884 5710 τῶν
2919 5664 3330 5737 ¹προσεχεστέί
