3818 6342
861 395 947 449 151

1508 389 1768 446 EUSEBII
1799 386 2266 444 CASSARIENSlS
2300 382 2448 443 OPP.
2487 385 2663 440 PARS
2697 383 2785 437 III.
2818 413 2886 421 —
2923 379 3326 438 EXEGETICA

854 507 1084 572 cmlum,
1125 515 1284 575 atque
1329 505 1460 558 illud
1511 519 1542 556 a
1573 503 1848 556 Salvatore
1881 502 2252 555 annuntiatum
2309 517 2362 557 re

1771 517 1848 556 ire
1881 502 2252 555 annuntiatum
2309 517 2396 557 re-
2424 507 2468 564 Α
2497 501 2586 554 τὸν
2641 499 2779 568 ἱερὸν
2816 496 3158 558 Ἀπόστολον,
3216 494 3279 554 ὃς

852 611 1014 665 gnum
1044 593 1464 650 caelorumJiaac
1491 601 1574 648 est
1628 592 1926 648 Jerusalem
1970 593 2245 646 caelestis:
2285 592 2397 658 haec

853 685 965 754 ipsa
994 693 1076 739 est
1110 699 1264 738 mons
1294 685 1420 738 Sion
1486 689 1538 736 et
1583 683 1773 736 civitas
1831 680 1923 734 Dei
1969 681 2217 743 viventis,
2246 681 2396 748 juxta

850 790 1064 829 sacrum
1116 774 1432 844 Apostolum
1487 773 1580 841 qui
1637 771 1753 824 ait:
1801 770 2114 826 Accessistis
2161 769 2226 821 ad
2271 769 2396 823 Sion

853 876 1114 932 montem,
1158 875 1205 918 et
1262 866 1520 918 civitatem
1569 863 1667 916 Dei
1700 862 1908 920 viventis
1966 859 2260 914 Jerusalem
2299 877 2398 914 cm-

855 957 1028 1010 lestem
1057 958 1123 1010 ¹⁹.
1151 954 1252 1009 Per
1278 953 1682 1007 tabernaculum
1719 960 1894 1006 autem
1939 951 2171 1018 idipsum
2198 950 2396 1006 intelli-

853 1047 1014 1114 gitur,
1046 1044 1187 1114 quod
1225 1059 1439 1098 sursum
1472 1043 1526 1097 in
1560 1051 1741 1097 monte
1769 1043 2121 1097 constitutum
2153 1052 2263 1109 est,
2319 1044 2398 1096 uti

851 1138 1045 1190 dicitur
1074 1154 1087 1190 :
1121 1135 1359 1190 Christus
1390 1145 1561 1188 autem
1612 1136 1859 1202 assistens
1909 1135 2144 1203 pontifex
2198 1135 2399 1201 futuro-

851 1246 966 1282 rum
998 1229 1284 1290 bonorum,
1333 1240 1421 1293 per
1457 1225 1678 1291 amplius
1712 1232 1760 1277 et
1788 1224 2062 1292 perfectius
2094 1227 2398 1284 tabernacu-

853 1322 960 1373 tum
989 1335 1090 1378 non
1115 1317 1490 1384 manufactum,
1523 1314 1576 1368 id
1609 1324 1705 1381 est,
1729 1333 1831 1369 non
1857 1316 2010 1384 hujus
2035 1319 2308 1370 crcationis
2329 1317 2394 1372 '°-.

920 1409 1044 1463 Haec
1067 1423 1188 1462 cum
1221 1407 1402 1460 Davidi
1437 1407 1492 1477 in
1520 1415 1750 1460 mentem
1785 1408 2049 1472 venirent,
2090 1408 2167 1461 sic
2195 1409 2396 1462 vocife-

849 1508 1000 1553 ratus
1059 1507 1176 1553 est:
1217 1497 1450 1563 Domine,
1482 1499 1596 1566 quis
1651 1498 1908 1552 habitabit
1960 1499 2014 1551 in
2066 1498 2396 1567 tabernaculo

852 1591 983 1644 tuo?
1014 1587 1159 1641 Talis
1179 1587 1319 1641 enim
1355 1602 1537 1641 revera
1568 1589 1748 1653 homo,
1779 1589 1868 1657 qui
1915 1588 2123 1644 scilicet
2167 1605 2396 1644 ascensu

851 1675 1161 1748 hujusmodi
1189 1687 1239 1730 et
1273 1675 1604 1731 habitatione
1626 1678 1834 1741 caelesti
1860 1677 2056 1746 dignus
2096 1679 2194 1744 sit,
2241 1695 2397 1735 rarus

851 1769 1160 1834 admodum,
1196 1777 1250 1822 et
1283 1784 1384 1822 non
1417 1769 1636 1836 obvius,
1675 1778 1734 1822 ut
1771 1770 1857 1824 vix
1885 1785 2026 1824 unus
2068 1770 2122 1823 in
2162 1770 2397 1825 millibus

851 1865 1119 1928 occurrat.
1181 1857 1607 1916 Tabernaculnm
1655 1858 1833 1926 itaque
1867 1859 1995 1911 illud
2028 1859 2243 1913 cmleste
2287 1859 2397 1926 jam

850 1955 1227 2014 memoratum,
1258 1947 1590 2001 domicilium
1645 1947 1814 2015 ipsius
1872 1947 1965 2009 Dei
2012 1947 2208 2001 fuerit:
2239 1947 2398 2007 homo

851 2053 981 2093 vero
1007 2039 1098 2108 qui
1140 2053 1169 2091 a
1197 2046 1408 2093 terrena
1437 2040 1524 2091 illa
1551 2039 1991 2104 commoratione,
2026 2055 2120 2092 ceu
2161 2055 2189 2094 a
2224 2039 2397 2110 capti-

851 2129 1036 2196 vitate,
1069 2127 1122 2180 in
1153 2129 1372 2182 caeleste
1395 2128 1521 2184 illud
1555 2128 1958 2184 tabernaculum
1991 2129 2399 2184 transferendus

851 2224 968 2278 est,
1011 2219 1166 2287 quasi
1207 2218 1520 2288 peregrinus
1561 2226 1614 2272 et
1652 2219 1853 2272 advena
1901 2219 2013 2271 illic
2044 2220 2181 2281 erit,
2216 2227 2399 2289 utpote

853 2305 944 2374 qui
971 2306 1185 2359 aliunde
1215 2313 1266 2358 et
1292 2321 1356 2358 ex
1387 2306 1559 2359 aliena
1587 2307 1804 2374 regione
1831 2306 2016 2360 eodem
2048 2310 2400 2376 transmigra-

852 2395 1033 2460 verit;
1069 2404 1397 2464 quapropter
1445 2394 1648 2447 dictum
1700 2394 1838 2457 fuit,
1887 2395 2013 2458 Quis
2047 2396 2298 2464 habitabit
2346 2398 2400 2466 in

858 2484 1189 2548 tabernaculo
1223 2487 1343 2538 tuo?
1377 2483 1569 2537 Beatus
1621 2491 1797 2537 autem
1843 2485 1933 2552 qui
1968 2487 2022 2538 in
2070 2487 2185 2555 ipso
2220 2496 2400 2543 monte

855 2576 1180 2629 constitutus
1227 2591 1290 2629 ac
1321 2575 1671 2629 conﬁrmatus
1713 2577 1902 2641 fuerit;
1947 2592 2068 2630 cum
2113 2577 2401 2632 doceamur

856 2663 1190 2718 mansionem
1222 2665 1398 2730 istam,
1422 2667 1596 2734 dignis
1629 2666 1936 2728 hominibus
1964 2675 2202 2736 paratam
2224 2707 2238 2728 ,
2290 2659 2399 2724 sta;

857 2755 1018 2816 bilem
1050 2762 1467 2824 perpetuamque
1491 2756 1624 2810 fore.

929 2843 1093 2897 Vens.
1134 2844 1187 2898 2.
1237 2844 1338 2908 Qui
1383 2845 1571 2912 incedit
1617 2847 1726 2898 sine
1780 2847 2012 2910 macula,
2065 2857 2113 2900 et
2155 2856 2401 2916 operatur

855 2933 1138 3005 iustitiam.
1195 2933 1313 2987 Non
1368 2936 1508 2988 enim
1571 2938 1726 2989 unica
1787 2952 1873 2991 res
1916 2946 2063 3006 gesta
2123 2945 2399 2992 strenuum

860 3026 1130 3079 hominem
1165 3027 1230 3087 ad
1292 3027 1672 3095 perfectionem
1727 3026 1907 3093 ducit;
1960 3029 2052 3083 sed
2097 3045 2190 3098 per
2231 3037 2396 3082 totam

2495 590 2645 644 Σιὼν
2668 589 2818 654 ὄρει,
2853 587 2948 638 καὶ
2977 586 3157 637 πόλει
3210 584 3326 638 Θεο

2493 680 2837 748 ἐπουρανίῳ.
2893 677 3001 744 Τὴν
3046 675 3106 729 δὲ
3158 671 3326 739 σκηνῆ

2493 772 2584 826 τοῦ
2649 772 2803 838 ὅρους
2857 766 3152 838 ἱδρυμένην
3221 763 3326 815 ἀπὶ

2493 862 2740 931 Χριστὸς
2782 860 2848 914 δὲ
2892 855 3325 925 παραγενόμεν

2492 955 2720 1016 λόντων
2765 947 2994 1018 ἀγαθῶν
3029 946 3133 998 διὰ
3179 942 3301 1008 τῆς

2486 1059 2599 1109 ρας
2647 1039 2912 1107 σκηνῆς,
2966 1039 3037 1090 οὐ
3091 1046 3326 1104 χειροπ‹

2494 1135 2710 1202 ταύτης
2730 1131 2840 1212 τῆς
2865 1130 3138 1200 κτίσεως,

2564 1398 2777 1451 Τούτων
2821 1395 3107 1468 τοιγαροῦν
3143 1397 3244 1448 καὶ
3292 1397 3322 1447 ὁ

2495 1490 2761 1558 ἀναφωνεῖ
2808 1488 2977 1556 λέγων
2999 1505 3012 1517 ·
3068 1488 3256 1553 Κύριε
3282 1525 3298 1547 ,

2495 1579 2829 1648 σκηνώματι
2876 1594 3020 1639 σονς
3054 1577 3309 1645 Ἀληθῶς

2495 1672 2731 1744 εύρετος,
2769 1673 2859 1724 καὶ
2891 1666 2970 1732 εἷς
3002 1687 3103 1722 που
3148 1668 3261 1720 ἀπὸ
3300 1684 3326 1735 μ

2497 1764 2706 1832 ἐκείνης
2751 1763 2843 1814 καὶ
2885 1764 2984 1830 τῆς
3040 1762 3101 1812 ὲν
3163 1759 3326 1827 οὐρακ

2430 1821 2472 1878 Β
2499 1856 2570 1907 Τὸ
2607 1821 2700 1924 μέν
2733 1848 2824 1905 οὖν
2854 1821 3086 1920 δηλωθὲν
3121 1821 3326 1916 σκήνωι

2497 1948 2681 2017 τήριον
2740 1941 2900 1996 αὑτοῦ
2944 1941 3138 2009 γένοιτ’
3173 1937 3242 1990 ἂν
3285 1954 3326 1987 τι

2499 2040 2682 2109 ὥσπερ
2724 2037 2830 2090 ἀπὸ
2878 2031 3256 2104 αἰχμαλωσίας
3305 2048 3326 2083 τ

2502 2129 2706 2200 μέλλων
2735 2123 3082 2195 μεθίστασθαι
3109 2123 3205 2174 ἐπὶ
3232 2121 3326 2189 τὴν

2498 2221 2680 2290 ὥσπερ
2726 2236 2806 2280 τις
2851 2218 2993 2280 ξένος
3037 2216 3130 2267 καὶ
3171 2214 3325 2282 πάροη

2498 2309 2755 2380 ἑτέρωθεν
2783 2305 3113 2376 μετανάστης
3144 2320 3326 2370 γεγον‹

2502 2400 2655 2469 μένος
2713 2395 2889 2466 χώρας
2907 2412 2920 2424 ·
2953 2395 3030 2447 διὸ
3057 2393 3308 2444 λέλεκται

2498 2487 2832 2557 σκηνώματι
2869 2501 3015 2548 σου;
3046 2484 3326 2553 Μακάριος

2496 2580 2573 2649 τῷ
2600 2579 2741 2649 ὄρει,
2772 2576 2864 2629 καὶ
2908 2574 3138 2644 ἱδρυθεὶς
3177 2574 3236 2624 ὲν
3268 2573 3326 2624 αὖ

2497 2687 2586 2731 τος
2619 2668 2923 2737 παράμονον
2951 2663 3164 2715 ἔσεσθαι
3191 2663 3286 2715 καὶ
3319 2667 3326 2709 ἐ

2497 2761 2594 2830 τὴν
2619 2758 2781 2828 αὐτὴν
2815 2755 2998 2826 μονήν.

2566 2848 2960 2915 Πορευόμενος
2975 2843 3228 2912 ἄμωμος,
3254 2859 3326 2894 κα

2497 2956 2632 3007 νην.
2667 2937 2740 2990 Οὐ
2773 2937 2878 3006 γὰρ
2905 2935 3001 3004 μία
3026 2933 3221 3004 πρᾶξις
3249 2931 3326 2983 τε]

2499 3029 2657 3081 παντὶ
2694 3026 2932 3097 προσῆκε
2972 3024 3050 3093 τῷ
3091 3023 3188 3092 βίῳ
3219 3024 3326 3083 ταῖς

859 3117 1020 3178 vitam
1051 3117 1262 3172 virtutis
1291 3117 1547 3185 operibus
1583 3118 1974 3184 insistendum;
2015 3126 2072 3170 ut
2109 3119 2161 3171 in
2193 3119 2292 3174 hac
2318 3120 2365 3172 vi

1817 3119 1974 3184 dum;
2015 3126 2072 3170 ut
2109 3119 2161 3171 in
2193 3119 2292 3174 hac
2318 3120 2401 3172 via
2428 3133 2469 3189 ο
2503 3115 3049 3189 συμπαρατείνεσθαι,
3088 3115 3170 3167 ἵνα
3203 3112 3325 3182 ἆμω

861 3207 1119 3275 inculpati
1155 3223 1217 3261 ac
1247 3209 1472 3262 crimine
1505 3211 1663 3262 vacui
1699 3223 2036 3262 censeantur.
2066 3208 2130 3260 Et
2169 3209 2279 3264 lucc
2314 3210 2402 3262 illa

862 3295 1116 3359 salutaris
1172 3295 1404 3363 cognitio
1473 3294 1670 3363 fuerit,
1724 3308 1884 3362 quam
1947 3293 2059 3364 ipse
2115 3292 2266 3348 all‘ert
2321 3295 2406 3357 bis

861 3383 1041 3453 verbis
1069 3401 1082 3436 :
1115 3383 1225 3452 Ego
1257 3400 1372 3438 sum
1402 3385 1485 3437 via
1513 3385 1578 3436 ³¹.
1606 3383 1825 3452 Oportet
1859 3384 2000 3437 enim
2031 3392 2151 3452 post
2176 3385 2406 3453 primum

864 3475 1066 3530 editum
1111 3491 1246 3544 Opus
1285 3476 1516 3540 bonum,
1572 3477 1902 3544 singulorum
1964 3476 2405 3544 subscquentinm

772 3623 776 3627 ,
868 3573 1178 3636 gestorum,
1233 3574 1292 3618 ut
1349 3566 1553 3619 scilicet
1589 3582 1710 3619 cum
1755 3567 1965 3633 justitia
2033 3567 2404 3633 admittantur,

865 3667 1050 3714 curam
1089 3659 1140 3705 et
1178 3653 1588 3720 sollicitudinem
1618 3669 1820 3721 gerere.

937 3740 1100 3805 Vens.
1144 3741 1196 3793 '5.
1243 3741 1345 3806 Qui
1391 3741 1616 3810 loquitur.
1661 3745 1926 3795 veritatem
1979 3745 2032 3796 in
2089 3745 2245 3797 corde
2289 3761 2404 3808 suo,

867 3830 955 3899 qui
993 3845 1095 3897 non
1137 3829 1237 3897 egit
1280 3829 1456 3882 dolum
1510 3831 1560 3882 in
1599 3831 1773 3900 lingua
1814 3847 1932 3884 sua.
1981 3830 2095 3884 Non
2127 3842 2209 3886 est
2249 3833 2410 3900 igitur

868 3919 1011 3988 quod
1043 3921 1163 3990 quis
1197 3937 1260 3974 ex
1305 3921 1636 3983 rudioribns,
1673 3922 1754 3976 his
1794 3921 1976 3989 probis
2019 3923 2176 3978 editis
2206 3922 2410 3977 facino-

867 4011 1040 4071 ribus,
1068 4005 1187 4066 Sese
1212 4009 1422 4077 ell‘erat;
1457 4025 1523 4064 ne
1553 4025 1650 4064 ceu
1675 4010 1952 4079 naufragio
1977 4009 2118 4064 facto
2148 4011 2407 4066 bonorum

863 4100 1129 4169 jacturam
1165 4101 1344 4156 faciat.

938 4188 1102 4245 Vens.
1133 4192 1185 4251 4.
1248 4192 1330 4248 Ad
1385 4192 1604 4245 nihilum
1649 4191 1896 4259 deductus
1936 4201 2011 4245 est
2057 4194 2112 4246 in
2141 4203 2408 4260 conspectu

869 4278 980 4342 eius
1025 4280 1303 4348 malignus,
1351 4283 1582 4334 timentes
1619 4290 1789 4335 autem
1813 4281 2089 4336 Dominum
2127 4282 2405 4352 gloriﬁcat.

871 4368 974 4434 Qui
1010 4371 1159 4437 jurat
1199 4373 1432 4438 proximo
1472 4388 1586 4436 suo,
1631 4380 1679 4424 et
1717 4388 1817 4424 non
1859 4371 2065 4440 decipit.
2102 4372 2198 4425 Hic
2225 4389 2321 4442 pro
2353 4389 2410 4428 re

2507 3209 2671 3278 αὐτὴν
2701 3206 2982 3276 γενώμεθα
3006 3203 3101 3273 τὴν
3127 3203 3261 3256 ὁδόν.
3293 3204 3326 3254 Ε

2505 3299 2720 3368 γνῶσις,
2747 3299 2809 3367 ἣν
2833 3295 2986 3356 αὐτὸς
3010 3293 3272 3364 παριστὰς
3295 3292 3326 3342 ἕξ

2506 3391 2596 3442 Δεῖ
2641 3387 2749 3457 γὰρ
2791 3385 2924 3455 πρὸς
2955 3383 3031 3453 τῷ
3065 3381 3258 3452 πρώτῳ
3298 3399 3326 3432 κ

2508 3479 2680 3547 ἔργων
2735 3478 2827 3529 καὶ
2879 3474 3121 3546 πράξεων
3172 3473 3277 3524 τῶν

2509 3568 2788 3625 ποιεῖσθαι.

2577 3744 2786 3800 Auiti»r
2810 3742 3090 3807 ἀλήθειαν
3119 3741 3186 3792 ἐν
3211 3757 3326 3806 napi

2507 3839 2704 3889 λωσεν
2731 3833 2798 3884 ἐν
2825 3830 3069 3900 γλώσσῃ
3106 3828 3304 3881 αὐτοῦ.

2512 3923 2697 3996 ρεσθαί
2715 3940 2831 3974 τινα
2858 3919 2964 3973 τῶν
2994 3916 3326 3988 ἀτελεστέρωη

2509 4011 2785 4082 εἰρημένον
2818 4010 2902 4061 ἵνα
2939 4007 3032 4078 μὴ,
3062 4001 3165 4060 οἷόν
3198 4024 3246 4057 τι
3285 4025 3326 4059 νε

2507 4104 2573 4156 τὰ
2603 4102 2790 4159 ἑαυτοῦ
2820 4100 2975 4152 καλά.

2591 4191 2997 4257 Ἑξουδένωτιιι
3038 4187 3278 4256 ἐνώπιον
3320 4213 3326 4240 ι

2508 4285 2647 4349 τοὺς
2687 4283 2753 4335 δὲ
2809 4278 3199 4349 φοϐουμένους
3246 4279 3326 4329 tbi

2513 4377 2743 4445 ὀμνύων
2791 4373 2868 4438 τῷ
2933 4370 3185 4437 πλησίον
3243 4372 3326 4422 ab.

868 4474 976 4512 una
1033 4467 1240 4513 tantum
1288 4471 1649 4531 congruenter
1702 4463 1876 4532 jurari
1930 4479 2089 4533 posse
2143 4464 2376 4518 decernit

1817 4464 1876 4516 Iri
1930 4479 2089 4533 posse
2143 4464 2404 4528 decernit,
2441 4443 2484 4498 D
2524 4443 2783 4518 Ἐνταῦθα
2824 4463 2912 4515 ἐπὶ
2970 4463 3046 4513 ἑνὶ
3092 4460 3325 4530 πράγματ

868 4550 995 4603 dum
1026 4549 1071 4602 is
1100 4551 1189 4620 qui
1215 4551 1362 4617 jurat
1386 4553 1767 4620 jusjurandum
1802 4569 1869 4608 ne
1893 4555 2073 4610 violet.
2109 4553 2289 4624 Ecqua
2320 4556 2408 4609 illa

868 4654 957 4694 res
988 4647 1102 4706 est,
1143 4640 1248 4696 nisi
1289 4644 1520 4696 amicitia
1559 4653 1611 4697 et
1656 4646 1996 4699 necessitudo
2041 4662 2160 4700 cum
2207 4648 2405 4715 aliquo,

870 4742 1024 4800 pacto
1053 4731 1271 4795 findere,
1302 4733 1523 4800 juncta?
1560 4735 1653 4790 Est
1683 4745 1858 4790 autem
1886 4738 2247 4805 juramentum
2285 4737 2407 4791 talis

870 4820 972 4871 viri
1001 4823 1334 4894 inculpatum
1374 4831 1428 4884 et
1471 4826 1768 4899 innoxium,
1800 4843 1906 4897 quo
1941 4829 2185 4883 ﬁrmatur
2236 4828 2400 4901 illud;

871 4905 958 4962 Ita
986 4912 1079 4975 ita,
1110 4922 1181 4977 et,
1212 4914 1332 4977 Non
1363 4933 1464 4969 non
1486 4917 1549 4971 ".

939 4995 1103 5053 Vens.
1131 5003 1181 5056 5.
1227 5004 1329 5068 Qui
1357 5010 1623 5074 pecuniam
1666 5025 1814 5062 suam
1855 5024 1957 5062 non
2003 5006 2143 5059 dedit
2185 5005 2250 5059 ad
2283 5023 2409 5058 usu-

871 5101 1007 5148 ram,
1033 5095 1081 5140 et
1111 5104 1321 5145 munera
1343 5113 1494 5162 super
1534 5099 1819 5153 innocentes
1903 5114 2003 5150 non
2033 5097 2245 5163 accepit.
2271 5096 2408 5161 Quia

873 5176 1141 5232 interdum
1174 5185 1432 5253 contingit
1473 5205 1592 5242 eum
1621 5191 1713 5260 qui
1762 5191 1871 5259 jam
1923 5196 2214 5242 memorata
2260 5193 2407 5255 gesta

871 5275 1157 5323 exsecutus
1188 5276 1304 5334 est,
1346 5274 1486 5327 circa
1516 5295 1794 5334 numerum
1817 5279 2171 5348 captationem
2200 5286 2251 5330 et
2280 5292 2409 5330 usu-

873 5370 988 5408 ram
1024 5358 1326 5413 claudicare
1362 5376 1423 5414 ac
1451 5368 1762 5432 aegritudine
1794 5371 2072 5434 laborare;
2120 5367 2244 5420 huic
2275 5382 2410 5434 quo—

871 5461 978 5517 que
1034 5451 1220 5504 morbo
1273 5451 1564 5506 remedium
1615 5462 1867 5528 applicat.
1920 5460 2052 5514 Nam
2114 5457 2205 5528 qui
2258 5456 2408 5525 τριηί

872 5539 1130 5592 cmlorum
1176 5555 1359 5606 causa,
1401 5548 1453 5597 et
1489 5558 1553 5598 ex
1599 5547 1713 5616 ipsa
1751 5566 1876 5622 erga
1914 5553 2213 5622 proximum
2249 5562 2404 5603 suum

2511 4559 2617 4618 δεῖν
2667 4554 2907 4625 ὀμνύναι,
2958 4552 3047 4606 καὶ
3094 4550 3326 4619 ὀμνύοντα

2511 4652 2718 4720 ὅρκους.
2762 4647 2880 4698 Ἐπὶ
2910 4643 3041 4712 ποίῳ
3065 4642 3117 4693 δὲ
3145 4641 3322 4710 τούτῳ,

2514 4743 2630 4794 σίαν
2659 4740 2750 4792 καὶ
2783 4737 2959 4806 φιλίαν
2993 4732 3316 4794 σπένδεσθαι;

2510 4828 2748 4896 λικούτου
2779 4825 2962 4896 ἀνδρὸς
2999 4822 3326 4887 ἀκατάγνωστ

2509 4937 2597 4970 ται
2637 4919 2715 4978 τὸ,
2749 4915 2856 4969 Ναὶ
2887 4912 3003 4972 ναὶ,
3030 4913 3116 4963 καὶ
3141 4909 3212 4973 τὸ,
3236 4910 3312 4961 Οὒ

2584 5008 2654 5063 Τὸ
2687 5008 2961 5075 ἀργύριον
2999 5003 3173 5059 αὑτοῦ
3201 5004 3301 5064 οὐκ

2511 5101 2666 5168 δῶρα
2706 5098 2795 5150 ἐπ’
2832 5096 3044 5167 ,ἀθώοις
3073 5096 3172 5148 οὐκ
3216 5092 3326 5146 ἐλαι

2514 5189 2639 5242 ποτὲ
2687 5187 2819 5255 μετὰ
2862 5186 3034 5237 πάντα
3070 5183 3132 5238 τὰ
3173 5202 3326 5255 κατηρ

2513 5276 2731 5340 σκάζειν
2758 5275 2876 5328 τινὰ
2903 5274 2995 5326 καὶ
3026 5276 3182 5326 νοσεῖν
3213 5275 3325 5344 περὶ

2514 5367 2604 5420 καὶ
2633 5364 2832 5434 ταύτην
2867 5362 3268 5433 προσθεραπεύει
3315 5379 3326 5394 '

2515 5455 2782 5524 βασιλείας
2812 5455 2918 5506 τῶν
2955 5452 3178 5522 οὐρανῶν
3213 5453 3322 5504 ’ἐνεκ

2511 5544 2597 5597 τὸν
2634 5542 2854 5612 πλησίον
2883 5542 3094 5611 ἀγάπης
3126 5543 3206 5594 καὶ
3231 5539 3326 5608 φιλι

944 5716 986 5744 ⁸³
1027 5711 1186 5769 Hebr.
1219 5729 1333 5779 ιιι,
1365 5714 1451 5770 2‘3.
1527 5718 1568 5750 ⁸ο
1607 5717 1856 5792 llcbr.ix,
1898 5725 1978 5779 ll.
2057 5727 2096 5757 ³⁸
2138 5723 2290 5779 Joan.
2325 5737 2446 5786 xtv,

1527 5718 1568 5750 ⁸ο
1607 5717 1856 5792 ιΙρῠι.ιχ,
1898 5725 1978 5779 ll.
2057 5727 2096 5757 ³¹
2138 5723 2290 5779 Joan.
2325 5737 2446 5786 xtv,
2479 5721 2530 5774 6.
2606 5719 2648 5751 ³¹
2688 5716 2803 5771 lac.
2843 5735 2902 5781 ν,
2942 5719 3023 5772 1‘2.
