3818 6360
201 433 306 504 {5'5
1366 438 1872 498 COMMENTARIA
1891 437 1954 500 ibi
1995 443 2326 501 PSALMOS.
3316 449 3415 502 154

205 564 324 614 των,
346 544 513 598 δίδωσι
547 541 672 612 μὲν,
705 543 832 597 ἀλλ’
865 548 988 602 οὐκ
1029 553 1135 606 ἐπὶ
1168 555 1245 624 τῷ
1271 556 1366 626 τὴν
1399 557 1621 626 ἀμοιϐὴν
1654 576 1771 629 παρς

1898 559 2127 613 amicitia
2176 565 2228 612 et
2280 555 2667 617 benevolentia,
2724 556 2801 609 sic
2849 555 3014 624 probe
3063 572 3120 611 se
3171 559 3314 627 agit,
3368 562 3412 617 is

214 634 479 704 ἀνθρώπων
516 631 711 684 λαὸεῖν
729 651 742 663 ⁸
794 637 1002 709 ἑαυτῷ
1036 643 1100 695 δὲ
1127 646 1510 714 ταμιευόμενος
1537 647 1714 717 ὥσπερ
1740 650 1771 698 ὲ*

1892 649 2145 716 elargitur
2172 645 2418 715 quidem,
2451 644 2541 698 sed
2580 659 2685 696 non
2715 659 2774 696 ea
2803 652 2974 697 mente
3027 654 3082 697 ut
3120 647 3414 701 mercedem

219 723 463 800 θησαυρῷ,
494 724 588 776 καὶ
618 724 777 795 αὐτῷ
811 727 1130 794 φυλάττων
1165 737 1240 796 εἰς
1267 733 1361 804 τὴν
1401 735 1684 804 μέλλουσαν
1720 737 1771 805 τί

1891 737 1958 788 ab
1993 736 2297 789 hominibus
2347 733 2602 802 accipiat;
2648 734 2693 786 is
2730 733 2869 784 enim
2913 733 3011 786 sibi
3062 750 3156 788 ceu
3203 737 3255 790 in
3305 738 3413 792 the.

227 819 326 890 Θεῷ
349 817 718 872 ἀνταπόδοσινθ
758 819 880 872 Καὶ
921 820 1100 889 δῶρα
1129 825 1219 876 ἐπ’
1250 825 1453 889 ἀθώοις
1476 828 1581 877 οὐκ
1603 827 1771 878 ἔλαϐε

1891 840 2052 879 sauro
2099 823 2361 884 recondit,
2415 824 2622 891 sibique
2677 829 2911 876 reservat
2953 839 3050 890 pro
3097 825 3274 878 futura
3320 825 3412 880 Dei

229 912 388 982 τιμὴν
410 910 500 980 μὲν
520 910 626 979 γὰρ
652 908 804 978 τάχα.
833 917 1113 981 προσοῖτο
1144 913 1518 985 [προσοίσοιτο]
1544 915 1638 984 τὴν
1667 916 1771 968 ἀλυι

1889 918 2333 968 remuneratione.
2396 911 2460 965 Et
2514 926 2722 964 munera
2772 927 2920 977 super
2973 913 3259 968 innocentes
3311 932 3412 968 non

197 1014 330 1054 Δῖον
353 1004 445 1056 καὶ
465 999 668 1068 ἀϐλαϐῆ
695 1003 816 1062 τοῖς
848 1003 1123 1071 τιμῶσιν·
1162 1005 1514 1074 ὑποκειμένης
1539 1006 1590 1056 δὲ
1623 1005 1771 1058 αἰτίας

1889 1002 2205 1070 ατεερὶι.·ξΙε
2261 1001 2486 1054 fortasse
2538 1015 2733 1052 munus
2789 999 3052 1060 admittat,
3101 1003 3225 1054 dum
3279 1005 3410 1058 nihil

203 1087 323 1162 ἐφ’
355 1093 524 1163 ἐτέρου
555 1090 750 1160 βλάϐῃ,
787 1090 844 1141 εἴ
871 1109 1012 1144 ποτε
1033 1091 1240 1156 δέξαιτο
1269 1094 1432 1164 δῶρα,
1463 1095 1771 1148 παντάπασιε

1887 1091 2161 1153 molestiae,
2214 1089 2516 1142 detrimenti
2567 1087 2719 1147 nihil,
2755 1084 3098 1141 offerentibus
3131 1089 3409 1157 importet;

242 1182 482 1254 ἀνέτρεψε
500 1179 565 1235 τὰ
592 1180 1002 1250 προλεχθεεντα.

1887 1181 1968 1234 sin
2000 1195 2127 1234 casu
2153 1180 2362 1234 eveniat
2397 1189 2451 1230 ut
2484 1179 2535 1230 in
2563 1177 2780 1230 alterius
2809 1178 3176 1231 detrimentum
3209 1187 3409 1246 vergat;

1885 1280 2011 1324 tunc
2027 1274 2069 1325 si
2089 1288 2305 1326 munera
2330 1271 2572 1339 accipiat,
2596 1272 2773 1324 omnia
2796 1287 2911 1340 quae
2935 1286 3094 1340 supra
3114 1272 3253 1326 dicta
3283 1282 3409 1327 sunt

1884 1377 2109 1432 prorsus
2142 1362 2350 1414 evertit.

2006 1474 2056 1526 1.
2097 1471 2318 1526 TI'IULI
2357 1468 2734 1524 INSCRIPTIO
2773 1470 2897 1524 lPSl
2936 1470 3138 1524 DAVID
3177 1471 3287 1525 XV.

304 1570 382 1638 Τῷ
417 1569 511 1638 μὲν
557 1571 750 1623 Δαυῒδ
798 1572 1199 1643 ἐπιγέγραπται
1241 1575 1269 1626 ὁ
1310 1574 1533 1643 ψαλμός·
1577 1577 1630 1644 ἢ,
1683 1578 1771 1630 τοί

1948 1581 2155 1647 Davidi,
2184 1583 2416 1652 psalmus
2456 1581 2765 1648 inscriptus,
2808 1588 2899 1632 aut
2929 1579 3222 1634 secundum
3270 1580 3404 1635 alios

245 1659 416 1720 Δαυῒὸ,
470 1659 612 1713 κατά
662 1661 796 1722 τοὺς
842 1661 1062 1724 λοιποὺς
1099 1665 1448 1732 ὲρμηνευτάς.
1481 1667 1701 1735 Ψαλμὸν
1731 1668 1771 1720 δξ

1882 1673 2214 1743 interpretes,
2239 1671 2470 1725 Davidis.
2497 1670 2765 1724 Psalmum
2795 1670 3088 1738 improprio
3113 1678 3403 1723 consuetu-

241 1745 368 1801 εἷπον
411 1751 920 1820 καταχρησάμενος
966 1755 1031 1821 τῇ
1079 1753 1348 1823 συνηθείᾳο
1398 1755 1535 1808 κατά
1577 1757 1682 1824 γὰρ
1724 1758 1771 1809 τί

1879 1763 2019 1816 diois
2053 1778 2152 1816 usu
2181 1762 2401 1825 vocavi;
2435 1773 2556 1812 nam
2599 1775 2660 1812 ex
2711 1767 2958 1812 accurata
3003 1760 3211 1812 ratione
3248 1773 3404 1812 nemo

237 1838 435 1907 ἀκριϐὲς
459 1840 563 1890 οὐκ
585 1839 656 1891 ἄν
683 1857 772 1901 τις
803 1840 966 1892 αὐτὸν
1003 1842 1142 1893 εῑποι
1171 1842 1398 1912 ψαλμὸν,
1426 1847 1504 1896 ὅτι
1535 1847 1606 1917 μὴ
1634 1847 1771 1899 τοῦτ(

1881 1853 2140 1919 psalmum
2173 1851 2360 1904 dixerit
2393 1866 2404 1900 :
2438 1865 2610 1917 reque
2644 1849 2784 1902 enim
2816 1863 2876 1900 ea
2909 1856 2989 1901 est
3033 1848 3398 1916 inscriptionis

233 1926 396 1994 δηλοῦν
422 1926 685 1996 βούλεται
718 1931 752 1996 ἡ
785 1931 1107 1997 προγραφή·
1138 1930 1248 1981 ἀλλ’
1278 1932 1386 1984 ἐστι
1424 1935 1771 2003 στηλογραφίο

1879 1938 2224 2006 signiﬁcatio;
2268 1939 2357 1991 sed
2385 1944 2466 1990 est
2497 1936 2660 1990 veluti
2694 1936 2883 1990 titulus
2919 1936 3235 2004 inscriptus.
3271 1951 3393 2004 pro-

231 2016 545 2084 προφητείαν
579 2017 925 2085 περιέχουσα
947 2016 1274 2088 θαυμαστὴν,
1301 2021 1392 2072 καὶ
1413 2023 1623 2090 γραφῆς
1653 2025 1771 2075 alw-

1879 2028 2108 2096 phetiam
2149 2028 2450 2095 exprimens
2493 2025 2881 2088 admirandam,
2914 2034 3220 2095 aeternaque
3259 2027 3400 2080 scri-

231 2103 340 2165 νίου,
361 2104 560 2173 ὥσπερ
590 2106 652 2156 ἐν
683 2105 856 2176 στήλῃ
889 2106 1291 2176 τετυπωμένης,
1322 2109 1495 2173 ἀξίαν.

1876 2123 2054 2185 plura,
2083 2129 2179 2168 ceu
2214 2116 2267 2167 in
2297 2116 2451 2182 cippo
2483 2115 2766 2182 insculpta,
2799 2115 3031 2182 dignam.

510 1434 1009 1505 ΣΤΗΛΟΓΡΑΦῙΑ
1045 1435 1132 1489 Τῼ
1168 1440 1361 1494 ΔΑΥΙΔ
1396 1441 1495 1494 IE’.

285 2192 569 2254 φύλαξόν
600 2209 700 2260 με,
742 2195 944 2258 Κύριε,
981 2193 1067 2245 ὅτι
1105 2195 1201 2246 ἐπὶ
1227 2195 1323 2247 σοὶ
1354 2191 1596 2256 ἤλπισα.
1630 2201 1780 2252 Εἷπα

228 2280 294 2344 τῷ
324 2283 551 2348 Κυρίῳ·
585 2284 736 2347 Θεὸς
761 2301 884 2350 μου
909 2280 969 2335 εἴ
997 2285 1096 2336 σύο
1145 2283 1232 2336 ὅτι
1257 2284 1373 2336 τῶν
1404 2285 1634 2353 ἀγαθῶν
1663 2304 1780 2358 μου

226 2374 287 2424 οὐ
308 2375 521 2441 χρείαν
548 2373 737 2439 ἔχεις.
778 2375 900 2425 ’Ὁτι
947 2373 1043 2441 μὲν
1085 2370 1174 2425 οὖν
1209 2373 1295 2426 διὰ
1332 2374 1423 2427 τοῦ
1467 2375 1625 2427 Δαυῒδ
1655 2378 1780 2429 ἀνα-

228 2461 528 2531 πεφὼνηται
565 2463 638 2514 τὰ
676 2464 733 2513 ὲν
766 2465 832 2531 τῇ
870 2462 1171 2534 προφητεία
1205 2464 1587 2532 περιεχόμενα,
1622 2467 1778 2518 παντὶ

226 2549 282 2601 ἆν
309 2553 389 2621 εἴη
434 2552 632 2619 σαφές.
683 2551 1023 2621 Ζητουμένου
1053 2551 1108 2602 δὲ
1138 2554 1214 2613 είς
1239 2552 1358 2604 τίνα
1389 2552 1492 2622 ἄρα
1519 2553 1618 2623 χρὴ
1653 2555 1780 2606 ἀνα-

228 2639 392 2708 φέρειν
432 2641 503 2692 τὰ
551 2641 846 2710 λεγόμενα,
876 2641 1169 2709 ἀξιόχρεως
1199 2643 1324 2709 ἡμῖν
1363 2641 1667 2704 διδάσκαλος
1689 2644 1777 2709 γέ-

225 2732 334 2781 νοιτ’
360 2729 429 2783 ἂν
461 2731 680 2800 Πέτρος
721 2733 750 2782 ὁ
783 2730 1098 2791 ἀπόστολος,
1129 2732 1184 2781 ἐν
1231 2734 1347 2793 ταῖς
1393 2731 1624 2802 Πράξεσι
1673 2734 1776 2786 τῶν

229 2816 526 2872 ὲιτοστόλων
579 2818 963 2888 μνημονεύσας
1007 2819 1114 2869 τῶν
1166 2820 1221 2869 ἐν
1265 2820 1397 2888 αὐτῇ
1448 2821 1772 2890 φερομένων.

229 2907 441 2960 Διελθὼν
475 2908 590 2977 γὰρ
617 2909 757 2978 πρὸς
783 2908 876 2960 τὸν
899 2907 1030 2959 λαὸν
1057 2908 1124 2959 τὰ
1146 2907 1238 2960 τοῦ
1266 2908 1496 2977 ψαλμοῦ,
1531 2910 1697 2963 ταῦτά
1716 2927 1775 2963 τε

230 2995 308 3046 ἐπὶ
333 2997 425 3048 τὸν
468 2997 702 3069 Σωτῆρα
731 2996 801 3048 τὰ
833 2997 1099 3065 εἰρημένα
1126 2995 1455 3060 ἀναδιδάξας,
1494 2997 1619 3065 ἑξῆς
1653 2999 1744 3049 ἐπι

229 3084 360 3152 φέρει
391 3085 485 3138 καί
511 3101 701 3154 φησιν’
731 3084 971 3150 Ἄνδρες
988 3082 1250 3149 ἀδελφοὶ,
1272 3081 1413 3144 ἐξὸν
1430 3083 1613 3135 εἰπεῖν
1629 3083 1776 3150 μετὰ

1944 2201 2106 2255 Vens.
2135 2201 2189 2254 2.
2221 2202 2475 2255 Conserva
2505 2217 2602 2263 me,
2640 2201 2871 2262 Domine,
2913 2201 3156 2269 quoniam
3197 2202 3400 2266 speravi

1875 2294 1927 2344 in
1964 2301 2044 2354 te;
2087 2291 2197 2343 dixi
2245 2290 2661 2344 Domino:Deus
2715 2306 2856 2342 meus
2905 2306 2956 2342 es
3014 2299 3102 2352 tu,
3157 2291 3400 2358 quoniam

1875 2378 2118 2431 bonorum
2149 2393 2376 2430 meorum
2417 2395 2516 2431 non
2557 2394 2688 2446 eges.
2721 2376 2872 2441 Quod
2908 2392 3000 2445 per
3030 2377 3276 2430 Davidem
3311 2392 3395 2438 ea,

1873 2482 1992 2535 qua:
2042 2467 2093 2519 in
2147 2467 2422 2534 prophetia
2473 2467 2846 2531 continentur,
2897 2466 3118 2519 recitata
3166 2465 3394 2526 fuerint,

1874 2557 2006 2609 nulli
2041 2570 2147 2609 non
2187 2556 2524 2610 manifestum
2567 2563 2667 2610 est.
2715 2555 2771 2608 Si
2822 2563 3089 2623 quaeratur
3133 2570 3293 2623 porro
3331 2555 3398 2611 ad

1877 2663 2034 2715 quem
2086 2646 2368 2700 referenda
2418 2648 2560 2711 sint,
2605 2646 2798 2714 dignus
2849 2660 2911 2698 ac
2969 2646 3194 2699 idoneus
3243 2645 3398 2699 nobis

1873 2739 2062 2791 doctor
2113 2736 2276 2791 fuerit
2317 2736 2508 2792 Petrus
2567 2738 2870 2805 apostolus,
2924 2736 3014 2804 qui
3070 2736 3126 2789 in
3170 2735 3396 2789 Actibus

1873 2827 2235 2896 apostolorum
2279 2826 2462 2881 eadem
2505 2827 2621 2895 ipsa
2667 2827 2720 2879 in
2762 2826 3038 2894 prophetia
3089 2825 3246 2877 allata
3285 2839 3396 2878 me-

1872 2919 2065 2967 morat.
2118 2911 2246 2965 Nam
2280 2927 2400 2966 cum
2431 2914 2624 2981 populo
2649 2913 2836 2981 psalmi
2868 2912 3182 2966 sententiam
3223 2913 3394 2979 expli-

1872 3009 2048 3065 caret,
2090 3009 2142 3056 et
2180 3001 2245 3055 de
2275 3001 2546 3056 Salvatore
2600 3002 2940 3071 intelligenda
2992 3002 3238 3065 doceret,
3282 3001 3394 3054 haec

1871 3091 2062 3145 deinde
2109 3092 2382 3159 subjungit
2441 3109 2454 3144 :
2526 3090 2632 3143 Viri
2677 3091 2887 3157 fratres,
2941 3091 3090 3143 liceat
3148 3091 3394 3142 audenter

229 3176 555 3242 παρρησίας
575 3175 727 3240 πρὸς
746 3171 908 3240 ὑμᾶς
927 3173 1058 3239 περὶ
1080 3171 1182 3224 τοῦ
1201 3171 1557 3239 πατριάρχου
1575 3173 1771 3239 Δαυῖδ,

1875 3178 2037 3232 dicere
2063 3179 2134 3232 ad
2157 3196 2240 3231 vos
2265 3178 2326 3230 de
2345 3179 2639 3245 patriarcha
2654 3178 2838 3240 David,
2859 3179 3096 3244 quoniam
3121 3178 3392 3245 defunctus

227 3259 303 3318 ὅτι
330 3267 429 3318 καὶ
460 3265 826 3329 ἐτελεύτησε
859 3263 957 3315 καὶ
989 3261 1194 3329 ἐτάφηο
1225 3262 1320 3313 καὶ
1349 3262 1411 3313 τὸ
1435 3261 1638 3328 μνῆμα
1672 3265 1776 3316 αὐ-

227 3349 316 3402 τοῦ
338 3353 514 3406 ἐστιν
536 3354 608 3406 ἐν
629 3353 777 3420 ἡμῖν
810 3351 950 3419 ἄχρι
978 3349 1088 3417 τῆς
1119 3349 1339 3417 ἡμέρας
1366 3350 1600 3416 ταύτης.
1633 3351 1776 3415 Προ-

225 3437 403 3509 φήτης
432 3440 550 3497 οὖν
577 3443 884 3514 ὑπάρχων,
916 3441 1012 3493 καὶ
1039 3439 1224 3504 εἰδὼς,
1255 3440 1341 3492 ὅτι
1374 3440 1521 3506 ὅρκῳ
1546 3440 1775 3508 ὤμοσεν

223 3527 367 3593 αὐτῷ
397 3534 432 3584 ὁ
472 3530 622 3595 Θεὸς
668 3531 736 3582 ἐκ
784 3528 1018 3594 καρποῦ
1060 3527 1170 3594 τῆς
1215 3529 1441 3596 ὀσφύος
1485 3528 1664 3582 αὑτοῦ
1707 3529 1773 3582 τὸ

220 3620 356 3672 κατὰ
396 3619 599 3687 σάρκα
646 3618 1022 3683 ἀναστήσειν
1072 3619 1176 3670 τὸν
1216 3618 1485 3684 Χριστὸν,
1537 3621 1773 3672 καθίσαι

1871 3276 1979 3331 est,
2017 3276 2065 3320 et
2103 3269 2439 3334 sepultus:et
2477 3267 2763 3334 sepulcrum
2836 3266 2946 3332 ejus
2998 3276 3073 3318 est
3121 3267 3257 3334 apud
3300 3283 3390 3318 nos

1870 3372 2028 3425 usque
2079 3357 2133 3409 in
2181 3355 2478 3408 hodiernum
2531 3355 2685 3409 diem;
2760 3355 3017 3424 Propheta
3065 3357 3223 3424 igitur
3271 3371 3389 3407 cum

1869 3454 2020 3507 esset,
2060 3454 2110 3498 et
2151 3445 2300 3498 sciret
2329 3445 2451 3514 quia
2486 3443 2828 3512 jurejurando
2855 3445 3084 3512 jurasset
3124 3444 3205 3496 illi
3225 3444 3382 3506 Deus,

1870 3534 1931 3587 de
1951 3535 2121 3601 fructu
2142 3533 2298 3585 lumbi
2317 3533 2426 3601 ejus
2446 3533 2724 3585 secundum
2755 3549 2959 3586 carnem
2983 3542 3389 3586 resurrecturum

1871 3619 2130 3672 Christum
2179 3618 2244 3672 ad
2289 3619 2562 3671 sedendum
2610 3620 2662 3670 in
2706 3620 2886 3672 throno
2933 3621 3084 3685 ejus:
3121 3619 3388 3686 providens

1870 3698 2070 3762 loculus
2129 3719 2206 3762 est
2256 3710 2318 3762 de
2365 3709 2735 3762 resurrectione
2781 3708 2994 3771 Christi,
3056 3710 3177 3776 quia
3233 3725 3392 3777 neque

1867 3797 2140 3851 derelictus
2193 3806 2268 3850 est
2326 3799 2378 3850 in
2428 3797 2669 3864 inferno,
2718 3813 2875 3865 neque
2922 3813 3041 3848 caro
3097 3797 3206 3863 ejus
3259 3796 3390 3848 uidit

1867 3885 2264 3954 corruptionem.
2308 3885 2457 3939 Hunc
2483 3887 2660 3940 Jesum
2705 3888 3024 3939 resuscitauit
3049 3885 3208 3948 Deus,
3240 3887 3389 3954 cujus

1865 3994 2036 4030 omnes
2074 3993 2164 4030 nos
2195 3965 2354 4031 testes
2387 3994 2562 4030 sumus
2587 3979 2646 4029 ³³.
2711 3976 2916 4040 Quibus
2943 3976 3022 4029 sic
3069 3976 3384 4037 enuntiatis,

1867 4065 2192 4134 superﬂuum
2234 4077 2374 4121 esset
2417 4065 2908 4134 ulteriusindagare
2957 4064 3022 4116 ad
3049 4080 3205 4132 quem
3244 4063 3386 4118 refe-

216 3703 307 3757 ἐπὶ
332 3711 437 3764 τὸν
464 3712 692 3777 θρόνον
720 3706 932 3765 αὐτοῦ,
962 3705 1497 3772 προὶδὼνέλὰλησε
1513 3705 1643 3772 περὶ
1665 3706 1772 3772 τῆς

215 3793 600 3865 ἀναστάσεως
621 3800 732 3853 τοῦ
759 3798 1037 3866 Χριστοῦ,
1065 3797 1151 3848 ὅτι
1186 3797 1322 3850 οὔτε
1356 3797 1769 3864 ἐγκατελείφθη

207 3885 290 3949 θεὶς
309 3893 479 3959 ᾅδην,
496 3894 644 3945 οὔτε
662 3893 696 3957 ἡ
714 3889 873 3956 σὰρξ
885 3888 1067 3940 αὐτοῦ
1079 3886 1194 3939 εἷ’δε
1205 3885 1540 3953 διαφθοράν.
1561 3886 1770 3938 Τοῦτον

201 3974 309 4026 τόν
353 3981 601 4050 Ἰησοῦν
642 3979 991 4044 ἀνέστησεν
1019 3981 1051 4031 ό
1077 3977 1237 4041 Θεὸς,
1268 3971 1338 4030 οὗ
1367 3975 1582 4040 πάντες
1605 3975 1770 4043 ἡμεῖς

187 4057 385 4132 ἐσμεν
412 4073 745 4142 μάρτυρες.
798 4064 900 4120 τΩν
938 4067 1108 4128 οὕτως
1156 4064 1472 4136 εἰρημένων,
1523 4064 1768 4133 περιττὸν

182 4145 254 4200 ἂν
302 4164 386 4232 εἴη
429 4162 526 4216 τοῦ
575 4158 774 4212 λοιποῦ
818 4157 1017 4226 ζητεῖν,
1056 4157 1145 4208 ἐπὶ
1178 4155 1296 4206 τίνα
1332 4154 1431 4224 χρὴ
1469 4153 1647 4224 φέρειν
1673 4153 1768 4221 τὴν

1875 4157 2029 4209 renda
2066 4157 2369 4224 prophetia;
2426 4165 2703 4224 postquam
2763 4156 2892 4208 tanti
2935 4155 3032 4207 viri
3080 4153 3386 4208 testimonio

176 4251 560 4322 προφητείαν,
610 4248 768 4312 ἅπαξ
814 4249 918 4301 ὑπὸ
969 4246 1276 4315 τηλικούτου
1327 4245 1589 4314 μάρτυρος
1635 4243 1767 4294 δεδι-

1875 4245 2040 4298 cdoeti
2079 4245 2299 4298 fuimus.
2327 4243 2484 4298 Juxta
2518 4245 3002 4312 interpretationem
3039 4243 3384 4311 Septuaginta
3453 4311 3457 4317 ι

168 4325 473 4412 δαγμένοι.
512 4342 682 4396 Κατά
717 4342 816 4410 μὲν
847 4335 939 4391 οὖν
974 4339 1097 4398 τοὺς
1136 4337 1522 4405 Ἑϐδομήκοντα
1551 4337 1764 4399 στηλο-

1875 4336 2129 4399 rirorum,
2186 4323 2297 4388 haec
2347 4335 2620 4403 prOphetia
2670 4334 2808 4387 tituli
2852 4335 3114 4400 inscriptio
3163 4334 3380 4399 dicitur,
3456 4338 3458 4340 ’

166 4435 412 4503 Trivia
432 4436 694 4488 λέλεκται
717 4433 750 4498 ᾐ
775 4427 1096 4498 προφητεία,
1126 4426 1185 4477 τὸ
1216 4425 1478 4494 περιέχειν
1508 4423 1603 4492 τὴν
1628 4423 1762 4512 κατὰ

1875 4425 2004 4492 quod
2040 4425 2314 4477 victoriam
2357 4439 2385 4476 a
2419 4424 2632 4478 Christo
2670 4425 2734 4478 de
2773 4431 2963 4488 morte,
3005 4438 3098 4491 per
3140 4439 3382 4478 resurre-

163 4521 295 4574 τσῦ
328 4527 562 4578 Θανάτου
608 4522 772 4588 νίκην
804 4519 897 4570 τοῦ
939 4515 1185 4584 Σωτῆρος
1224 4514 1308 4566 διὰ
1338 4514 1434 4582 τῆς
1461 4515 1524 4566 ἐκ
1561 4510 1766 4580 νεκρῶν

1875 4517 2090 4569 stionem
2137 4530 2201 4567 ex
2238 4514 2460 4566 mortuis
2507 4524 2729 4580 partam,
2776 4512 3179 4580 complectatur.
3232 4511 3381 4566 Sicut

157 4599 543 4676 ἀναστάσεως
575 4609 749 4665 αὐτοῦ
785 4604 1234 4678 κατωρθωμένην.
1279 4605 1480 4670 ’Ὥσπερ
1523 4602 1630 4671 γὰρ
1660 4601 1764 4655 τῶν

1875 4603 2003 4658 enim
2034 4603 2350 4656 athletarum
2387 4601 2440 4654 in
2471 4601 2640 4656 stadio
2679 4601 3064 4654 decertantium
3102 4601 3377 4670 splendida

161 4687 625 4774 ἀγωνιζομένων
660 4704 722 4752 ὲν
758 4696 991 4756 σταδίοις
1019 4695 1069 4745 οἱ
1101 4693 1332 4762 μέγιστοι
1359 4693 1450 4743 καὶ
1482 4689 1763 4760 παράδοξοι

1875 4702 2018 4759 itque
2047 4691 2371 4744 mirabiliora
2408 4704 2528 4742 cum
2563 4688 2886 4742 adversariis
2923 4689 3050 4741 inita
3083 4687 3375 4741 certamina

165 4774 356 4847 ἆθλοι
391 4772 594 4866 στήλης
631 4791 936 4857 ἀξιοῦνται,
972 4787 1066 4839 καὶ
1105 4784 1210 4835 τῶν
1250 4786 1305 4836 ὲν
1341 4783 1587 4852 πολέμοις
1627 4781 1764 4834 κατὰ

1875 4780 2015 4847 :ippo
2040 4778 2323 4839 donantur,
2348 4784 2506 4846 atque
2544 4778 2595 4828 in
2623 4776 2776 4829 bellis
2814 4784 3009 4844 tropaea
3041 4775 3106 4827 de
3133 4772 3374 4827 hostibus

163 4875 314 4934 τῶν
333 4886 420 4952 ὲχθ
429 4863 535 4953 ρων
548 4863 805 4953 τρόπαια
824 4879 902 4938 εἰς
921 4874 1134 4945 μακρὰν
1154 4877 1364 4942 μνήμην
1386 4872 1756 4942 στηλιτεύεται·

1875 4869 1928 4921 ad
1969 4867 2274 4921 diuturnam
2317 4866 2622 4920 memoriam
2675 4865 2970 4932 eriguntur,
3015 4863 3087 4915 ita
3127 4875 3376 4928 magnum

171 4961 348 5026 οὕτω
473 4976 536 5027 τὸ
559 4950 709 5044 μέγα
740 4969 998 5038 τρόπαιον
1019 4963 1112 5017 τοῦ
1141 4965 1401 5032 Σωτῆρος,
1423 4964 1552 5032 ὅπερ
1577 4964 1758 5031 ἤγειρε

1879 4958 1989 5011 llud
2021 4956 2317 5011 Servatoris
2359 4963 2632 5022 tropaeum,
2670 4961 2940 5022 prostrato
2978 4967 3041 5005 eo
3081 4950 3170 5019 qui
3209 4950 3376 5017 impe-

179 5062 445 5115 κειθελὼν
475 5039 571 5116 τὸν
599 5039 662 5114 eo
701 5059 906 5130 κράτος
939 5055 1132 5123 ἔχοντα
1159 5050 1250 5102 τοῦ
1287 5050 1528 5112 θανάτου,
1560 5050 1757 5104 ἄνωθεν

1875 5047 1996 5099 ’ἰιιῐη
2036 5047 2224 5100 mortis
2267 5045 2494 5098 habebat
2538 5050 2803 5101 erectum,
2848 5040 3046 5109 jamdiu
3085 5054 3115 5092 a
3145 5039 3372 5107 praphec

191 5140 330 5202 ἀτῗδ
356 5153 454 5204 τῶν
483 5127 842 5222 προφητικῶν
875 5144 1084 5214 χρόνων
1114 5138 1469 5206 ὲστηλιτεύετο
1498 5143 1612 5202 ταῖς
1639 5143 1758 5198 satus-

1875 5136 1981 5190 .icis
2027 5135 2350 5203 temporibus
2390 5133 2445 5186 in
2483 5145 2661 5184 eorum
2721 5129 2934 5196 scriptis
2963 5127 3103 5180 velut
3132 5127 3184 5178 in
3215 5127 3373 5194 cippo

198 5214 583 5310 τιῖινγραφαές·
728 5229 1105 5309 στηλογραφία
1131 5226 1388 5280 λέλεκται.

1881 5222 2180 5290 nsculptum
2207 5220 2380 5274 fuerat
2407 5245 2419 5278 ε
2445 5232 2606 5286 quare
2629 5216 2767 5268 tituli
2791 5215 2902 5269 sive
2928 5215 3066 5282 cippi
3095 5214 3372 5282 inscriptio

1861 5312 2077 5365 dicitur.

1929 5400 2182 5464 Quoniam
2220 5398 2468 5450 bonorum
2508 5408 2731 5445 meorum
2767 5408 2865 5445 non
2885 5408 3016 5461 eges.
3067 5391 3181 5444 Non
3207 5400 3264 5443 ut
3292 5390 3372 5442 di—

1857 5501 2011 5555 gnam
2048 5501 2144 5554 pro
2187 5486 2254 5536 iis
2288 5497 2406 5549 qua:
2434 5481 2534 5549 ipsi
2568 5480 2855 5534 obtulimus
2891 5480 3183 5533 mercedem
3216 5479 3372 5532 retri-

1856 5578 1985 5630 buat
2024 5575 2118 5646 [ita
2156 5569 2435 5641 loquitur].
2471 5569 2570 5622 Alii
2601 5571 2784 5625 dicunt
2826 5586 2890 5626 ex
2932 5568 3222 5624 Salvatoris
3255 5583 3366 5636 per-

299 5411 408 5464 Ὅτι
434 5413 546 5466 τῶν
579 5411 814 5482 ἀγαθῶν
849 5423 971 5477 μου
1005 5402 1085 5455 οὐ
1115 5398 1314 5464 χρείαν
1333 5397 1504 5464 ἔχεις.
1541 5401 1648 5468 Οὐχ
1675 5401 1758 5450 ἵνα

226 5497 307 5551 τὰ
350 5506 520 5568 ἐπάξια
550 5504 834 5574 χαρίσηται
878 5493 998 5548 ἀνθ’
1033 5483 1114 5539 ὧν
1160 5484 1296 5574 αυτῷ
1324 5489 1755 5556 προσηγάγομεν.

241 5582 409 5642 Ἀλλοι
449 5594 500 5644 δέ
788 5589 859 5648 ὡς
917 5585 986 5632 ἐκ
1045 5571 1328 5642 προσώπου
1381 5575 1474 5625 τοῦ
1517 5577 1756 5648 Σωτῆρος

311 5745 350 5778 ³⁸
378 5748 481 5803 Act.
518 5763 556 5802 ιι
578 5787 591 5812 ,
626 5741 809 5798 90-52.
