3818 6308
941 429 1046 486 155

1584 417 1844 476 EUSEBll
1881 411 2346 472 CIESARIENSIS
2383 410 2529 466 OPP.
2567 408 2740 463 PARS
2778 406 2862 462 Ill.
2902 437 2969 446 —
3003 405 3330 462 EXEGETlCA

939 555 1069 598 sona
1095 537 1490 608 pronuntiatum
1519 533 1776 601 psalmum
1802 568 1815 590 ,
1848 527 2009 596 idque
2045 523 2335 579 secundum
2359 523 2447 574 hu-

1848 527 2009 596 idque
2045 523 2335 579 secundum
2359 523 2457 574 hu—
2483 527 2531 584 Α
2557 521 2764 590 εἴρηται
2797 520 2824 570 ὁ
2853 517 3056 586 ψαλμός
3075 533 3087 546 °
3125 516 3296 586 εἴρηται
3323 513 3333 563 i

939 643 1150 682 umnam
1189 634 1466 684 naturam,
1499 617 1799 686 cujusmodi
1833 616 1969 669 bene
2007 614 2174 666 multa
2209 613 2263 665 in
2295 611 2458 664 sacris

939 717 1242 787 EVangeliis
1269 711 1743 781 deprehendimus;
1791 706 1947 775 quale
1973 712 2056 758 est
2079 703 2212 756 illud
2238 719 2251 755 :
2280 701 2456 764 Pater,

939 809 984 861 si
1011 807 1123 875 ﬁeri
1147 805 1326 873 possit,
1353 808 1580 854 transeat
1610 816 1640 850 a
1673 814 1747 849 me
1779 797 1918 848 calix
1946 797 2062 849 iste.
2104 793 2460 845 Verumtamen

939 913 1040 950 non
1080 893 1214 964 quod
1256 908 1344 960 ego
1381 889 1514 950 volo,
1563 887 1650 940 sed
1701 887 1834 955 quod
1885 897 1942 936 tu
1967 885 2041 949 “;
2095 890 2186 937 et:
2222 880 2361 934 Vada
2394 880 2460 933 ad

941 987 1149 1039 Patrem
1193 997 1357 1034 meum
1401 990 1447 1032 et
1473 979 1685 1035 Patrem
1725 985 1965 1030 vestrum.
2010 972 2169 1024 Deum
2210 967 2377 1023 meum
2415 979 2462 1023 et

939 1073 1102 1125 Deum
1131 1079 1348 1123 vestrum
1377 1069 1437 1122 ³⁸.
1461 1069 1550 1130 Sic
1566 1066 1870 1134 frequenter
1906 1070 2167 1126 orantem,
2202 1075 2270 1132 ac?
2293 1073 2460 1128 genua

939 1161 1236 1213 ﬂectentem
1286 1157 1608 1212 invenimus.
1666 1137 1862 1207 Eadem
1911 1166 2132 1221 prorsus
2170 1149 2376 1202 ratione
2409 1149 2461 1200 in

939 1248 1042 1300 hoc
1077 1261 1288 1316 quoque
1324 1245 1531 1314 psalmo
1583 1239 1894 1295 conservari
1939 1255 1996 1293 se
2035 1246 2299 1306 precatur,
2336 1236 2462 1289 dum

937 1344 1116 1388 tamen
1171 1349 1200 1386 a
1233 1349 1290 1387 se
1331 1334 1448 1401 ipso
1493 1337 1859 1385 conservatur.
1907 1328 1973 1381 At
2021 1329 2162 1382 enim
2213 1336 2270 1381 ut
2306 1328 2464 1382 homo

939 1433 1113 1494 rogat,
1154 1439 1216 1476 ac
1255 1430 1436 1492 utpote
1465 1421 1603 1474 Deus
1643 1420 1910 1490 postulata
1953 1420 2225 1484 concedit;
2281 1434 2466 1472 asseu-

938 1515 1104 1567 tieute
1147 1513 1354 1566 scilicet
1397 1518 1450 1564 et
1489 1518 1808 1578 cooperante
1846 1509 2022 1565 Patre.
2079 1509 2336 1574 Quoniam
2377 1508 2465 1561 bo-

938 1619 1119 1655 norum
1151 1618 1378 1655 meorum
1411 1618 1509 1654 non
1539 1617 1672 1669 eges.
1717 1598 1840 1652 Haec
1865 1597 2213 1668 Symmachus
2244 1600 2346 1653 alia
2379 1614 2466 1652 ra-

941 1691 1083 1744 tione
1121 1691 1502 1759 interpretatus
1542 1698 1625 1742 est
1654 1704 1667 1740 :
1701 1686 1822 1740 Non
1853 1697 1928 1740 est
1964 1687 2088 1739 mihi
2131 1687 2315 1740 bonum
2345 1688 2466 1754 ﬁsine

941 1789 1006 1833 te.
1048 1779 1234 1833 Omnis
1274 1780 1425 1848 cepia
1470 1779 1754 1840 bonorum,
1802 1777 1996 1844 inquit,
2028 1791 2120 1844 per
2151 1783 2297 1828 tuam
2334 1776 2466 1828 mihi

939 1871 1165 1938 gratiam
1203 1869 1498 1923 confertur.
1541 1867 1778 1936 Utraque
1815 1882 1976 1935 porro
2025 1867 2179 1918 lectio
2215 1881 2362 1934 aeque
2403 1866 2468 1919 ad
2497 1834 2538 1887 Β

941 1960 1186 2028 pietatem
1218 1965 1532 2027 opportuna.
1566 1957 1769 2010 Etenim
1823 1970 1853 2007 a
1881 1955 1988 2011 Deo
2015 1957 2288 2010 concessis
2314 1954 2469 2010 bonis

941 2063 1039 2100 nos
1069 2047 1410 2116 perfruimur,
1448 2061 1620 2114 neque
1661 2046 1706 2099 is
1749 2051 1895 2098 recte
1940 2043 2097 2098 factis
2137 2045 2334 2114 indiget
2372 2059 2471 2098 no-

941 2137 1070 2189 stris
1119 2151 1336 2190 :verum
1389 2134 1457 2189 ad
1502 2135 1788 2188 utilitatem
1842 2132 1956 2201 ipse
1995 2141 2234 2188 nostram
2262 2134 2373 2193 haec
2412 2133 2470 2187 ut

941 2239 1162 2293 agamus
1198 2225 1313 2293 lege
1351 2224 1544 2278 sancit.

1015 2311 1174 2368 Vens.
1201 2314 1259 2371 5,
1283 2313 1332 2366 4.
1383 2312 1591 2366 Sanctis
1625 2315 1712 2382 qui
1750 2323 1867 2366 sunt
1904 2314 1958 2366 in
2013 2321 2151 2368 terra
2183 2311 2292 2379 eius
2327 2310 2472 2363 miri-

942 2405 1114 2471 ficavit
1157 2419 1330 2455 omnes
1363 2404 1648 2456 voluntates
1697 2420 1820 2456 suas
1859 2405 1910 2455 in
1942 2403 2035 2456 eis.
2068 2432 2136 2441 —
2168 2401 2265 2454 Vos
2302 2410 2473 2453 autem

941 2493 1064 2545 estis
1093 2507 1272 2557 corpus
1295 2491 1509 2553 Christi,
1531 2501 1579 2544 et
1611 2495 1837 2545 membra
1862 2493 1924 2546 de
1953 2493 2178 2545 membro
2202 2492 2263 2544 ³⁸.
2291 2491 2470 2544 Eccle-

943 2584 1037 2634 sia“.
1081 2595 1188 2634 suae
1228 2596 1513 2645 aerumnas,
1562 2582 1665 2636 sibi
1702 2583 1856 2650 quasi
1898 2582 2140 2650 proprias
2178 2580 2472 2643 ascribens,

943 2686 1008 2724 ex.
1038 2686 1263 2738 persona
1296 2671 1412 2738 ejus
1441 2671 1552 2724 haec
1579 2672 1748 2740 potuit
1779 2671 1928 2726 eil‘ari
1955 2688 1966 2722 :
2001 2669 2206 2724 Sanctis
2238 2670 2323 2738 qui
2350 2679 2472 2722 sunt

944 2761 998 2812 in
1027 2770 1163 2812 terra
1181 2761 1291 2827 ejus
1322 2762 1613 2829 miri/icavit
1637 2778 1808 2814 omnes
1838 2762 2120 2813 voluntates
2151 2777 2272 2814 suas
2303 2761 2354 2812 in
2383 2761 2474 2814 eis.

944 2847 1308 2916 Multiplicatte
1323 2859 1442 2902 sunt
1460 2851 1788 2917 inﬁrmitates
1805 2850 2108 2904 eorum.Alii
2130 2858 2323 2902 terram
2339 2848 2476 2916 ejus,

945 2935 1239 2990 Ecclesiam
1294 2939 1755 3007 interpretantur;
1805 2947 2129 3008 qnapmpter
2158 2938 2250 2992 Dei
2289 2939 2480 2995 volun-

943 3033 1082 3079 tates
1110 3027 1384 3082 mirabiles
1405 3029 1656 3082 evadunt.
1686 3028 2000 3082 Voluntates
2025 3043 2185 3097 porro
2212 3028 2326 3091 Dei,
2355 3034 2480 3081 sunt

945 3113 1170 3168 virtutes
1218 3115 1440 3184 singula:
1489 3131 1607 3184 quae
1655 3116 1770 3183 ipso
1813 3123 2020 3168 astante
2076 3114 2546 3203 opitulantequec

945 3205 1216 3268 coluntur,
1257 3204 1410 3272 juxta
1449 3205 1578 3258 illud
1614 3223 1626 3258 :
1659 3205 1837 3258 Inveni
1882 3203 2048 3256 David
2103 3203 2269 3271 filium
2309 3201 2474 3266 Jesse,

944 3296 1112 3348 virum
1154 3295 1431 3348 secundum
1468 3312 1555 3348 cor
1589 3312 1779 3359 meum,
1808 3298 1895 3364 qui
1921 3296 2076 3363 faciet
2101 3311 2272 3348 omnes
2301 3294 2480 3347 volun-

949 3393 1081 3439 tates
1111 3401 1250 3439 meas
1275 3387 1338 3449 ³⁷,
1379 3386 1586 3440 scilicet
1613 3386 1915 3440 voluntates
1963 3385 2102 3452 ejus,
2138 3399 2243 3453 qua
2273 3384 2482 3437 ratione

949 3476 1197 3544 superius
1243 3477 1520 3543 explicatae
1570 3485 1716 3529 sunt.
1767 3475 1831 3528 Et
1879 3491 2007 3530 sane
2035 3475 2176 3529 Deus
2217 3473 2484 3527 mirabilia

949 3563 1079 3617 facit
1106 3565 1159 3617 in
1191 3564 1392 3617 sanctis
1427 3564 1560 3628 suis,
1585 3565 1708 3631 quia
1741 3565 1794 3616 in
1823 3565 1940 3632 ipso
1963 3564 2177 3617 virtutis
2206 3563 2479 3625 exercitio,

950 3655 1042 3722 qui
1069 3653 1366 3707 secundum
1399 3652 1560 3706 Deum
1602 3653 1870 3720 sapientes
1901 3661 2044 3714 sunt,
2077 3653 2198 3705 aliis
2230 3658 2484 3720 prastant

953 3740 1280 3794 hominibus.
1307 3737 1423 3791 Non
1458 3739 1643 3793 eadem
1672 3739 1866 3807 quippe
1911 3739 1965 3791 in
1999 3740 2324 3808 martyribus
2346 3739 2486 3792 veri-

951 3831 1102 3892 tatis,
1136 3831 1190 3883 in
1221 3829 1477 3898 apostolis
1507 3839 1560 3883 et
1583 3829 1858 3897 prophetis
1902 3828 2159 3883 fortitudo
2183 3828 2284 3891 est,
2324 3837 2486 3898 atque

955 3919 1008 3972 in
1039 3920 1249 3974 ceteris
1276 3919 1366 3988 qui
1393 3933 1514 3974 sese
1557 3926 1775 3972 strenue
1811 3927 2092 3986 gesserunt
2118 3937 2132 3974 :
2155 3929 2326 3987 neque
2357 3934 2486 3973 vero

952 4005 1172 4077 Iosephi
1218 4022 1282 4061 ac
1326 4007 1586 4060 Snsannze
1637 4009 1990 4075 temperantia
2053 4009 2487 4077 continentiaque

956 4100 1180 4153 aliorum
1223 4098 1566 4151 continentia:
1613 4097 1804 4153 similis
1847 4105 1947 4152 est.
2007 4098 2202 4152 Eadem
2266 4114 2486 4167 prorsus

957 4188 1166 4241 ratione
1198 4187 1432 4255 reliquas
1461 4194 1770 4240 sanctorum
1797 4175 2028 4241 virtutes'
2048 4187 2187 4242 Deus
2217 4187 2487 4243 mirabiles

958 4278 1136 4339 eilicit,
1167 4279 1240 4331 ita
1269 4287 1329 4331 ut
1359 4277 1760 4346 incomparabili
1805 4279 2162 4346 praecellentia
2196 4279 2250 4334 in
2277 4295 2488 4347 quaque

959 4383 1018 4422 re
1057 4368 1195 4421 inter
1231 4375 1454 4422 caeteros
1495 4367 1708 4421 virtutis
1755 4368 2024 4422 studiosos
2063 4368 2309 4422 homines
2356 4369 2488 4422 emi-

2558 613 2737 679 ὥσπερ
2767 608 2915 662 αὐτοὶ
2941 607 3069 660 αὐτὰ
3093 606 3229 658 πολλὰ
3259 604 3334 656 καὶ

2557 701 2687 762 λῑοις
2725 698 3053 768 εὑρίσκομενο
3084 694 3280 748 τοιοῦτόν
3325 696 3334 744 ἐ

2558 789 2756 853 raedae,
2796 785 3113 854 παρελθέτω
3152 784 3206 836 τὸ
3239 799 3332 834 ποτ

2559 881 2728 946 Πλὴν
2753 881 2860 944 οὺχ
2885 878 2962 941 ὠς
2987 875 3092 944 ἐγὼ
3119 874 3264 935 θέλω,
3291 874 3334 924 ἁ.

2553 985 2656 1036 μαι
2699 967 2841 1033 πρὸς
2876 965 2979 1018 τὸν
3001 962 3204 1028 Πατέρα
3225 979 3326 1028 μου

2563 1058 2707 1110 om
2724 1073 2838 1124 μου
2866 1055 2960 1106 καὶ
2993 1053 3128 1106 Θεὸν
3149 1052 3309 1119 ὑμῶν.

2560 1150 2840 1218 εὐχόμενον
2871 1143 3113 1213 συνεχῶς,
3138 1143 3221 1194 καὶ
3249 1141 3306 1194 τὰ
3331 1159 3334 1168 ·

2561 1241 2733 1292 τοίνυν
2764 1239 2854 1289 καὶ
2883 1238 2938 1288 ἐν
2962 1234 3121 1301 τούτῳ
3139 1231 3207 1298 τῷ
3225 1231 3334 1299 ψαλι

2564 1329 2650 1396 ὑφ’
2677 1324 2862 1378 ἑαυτοῦ
2896 1321 3218 1392 φυλάττεται.
3249 1320 3333 1368 At:

2562 1417 2738 1469 δίδωσι
2770 1415 2824 1466 δὲ
2856 1412 2950 1482 τὴν
2983 1411 3178 1480 αἴτησιν
3205 1409 3271 1469 ὡς
3295 1408 3331 1458 Θ

2564 1506 2655 1559 καὶ
2679 1503 3050 1573 συνεργοῦντος
3077 1499 3160 1552 τοῦ
3183 1497 3333 1549 οἰκείο

2564 1595 2681 1648 θῶν
2698 1611 2812 1662 μου
2834 1594 2903 1644 οὐ
2927 1592 3126 1659 χρείαν
3148 1589 3334 1658 ἐχεις.⁷

2564 1684 2913 1754 ἡρμήνευσενο
2943 1681 3166 1746 Ἀγαθόν
3177 1695 3266 1746 μοι
3287 1681 3334 1730 oi

2566 1775 2715 1844 φησὶ,
2742 1772 2844 1824 τῶν
2871 1769 3078 1836 ἀγαθῶν
3105 1771 3134 1838 ἡ
3174 1768 3303 1837 φορὰ

2566 1867 2796 1939 χάριτος.
2845 1863 3140 1932 Ἀμφότερα
3182 1861 3234 1921 δὲ
3273 1860 3334 1928 τῆ

2566 1961 2722 2028 ἡμεῖς
2751 1955 2856 2025 γὰρ
2895 1953 3041 2024 παρὰ
3066 1953 3152 2004 τοῦ
3188 1951 3312 2004 Θεοῦ

2568 2048 2659 2100 καὶ
2697 2045 2854 2105 αὐτὸς
2894 2043 2992 2110 τῆς
3030 2040 3286 2116 ἡμετέρας
3329 2063 3334 2084 α

2568 2135 2723 2205 χάριν
2760 2132 2935 2202 μέντοι
2977 2129 3076 2197 τῆς
3115 2129 3334 2199 ἢμετέρο

2569 2225 2728 2277 Θετεῖ.

2645 2312 2770 2376 Τοῖς
2805 2312 2989 2380 ἁγίοις
3029 2310 3148 2376 τοῖς
3176 2309 3242 2361 ἐν·
3271 2308 3334 2376 τῇ

2570 2402 2758 2455 πάντα
2788 2401 2858 2454 τὰ
2892 2401 3183 2467 θελήματα
3201 2403 3334 2453 αὐτα

2570 2494 2705 2546 ἐστε
2731 2491 2896 2558 σῶμα
2915 2491 3184 2557 Χριστοῦ,
3209 2490 3301 2542 καὶ
3322 2519 3334 2556 j

2575 2581 2819 2635 ἱδιοποιού
2827 2597 2979 2650 μενος
3031 2581 3098 2632 τὰ
3144 2579 3288 2647 πάθη

2573 2671 2898 2742 προκείμενα
2930 2669 2987 2732 ἐξ
3017 2670 3180 2737 αὐτῆς
3210 2669 3334 2736 λέγε

2572 2761 2649 2831 τῇ
2686 2760 2865 2814 αὐτοῦ
2901 2759 3322 2827 ἐθαυμάστωσε

2574 2852 2677 2905 τοῦ
2711 2853 2780 2904 ἐν
2818 2850 3030 2915 αὐτοῖς.
3087 2851 3334 2916 Ἐπληθί

2577 2939 2712 2992 τῶν.
2750 2940 2957 3008 Ἕτεροι
3001 2938 3056 2990 δὲ
3099 2937 3204 3006 γῆν
3247 2939 3334 2990 ain

2577 3031 2694 3084 ὅθεν
2734 3030 2823 3083 καὶ
2861 3028 3132 3097 θαυμάσια
3163 3027 3334 3095 γίνοντ

2579 3121 2858 3190 Θελήματα
2909 3119 2964 3170 δὲ
3007 3116 3140 3170 Θεοῦ
3189 3119 3247 3170 αἱ
3302 3136 3334 3170 κ

2582 3209 2736 3280 μένου
2761 3206 2970 3258 τούτου·
3023 3209 3086 3258 ὲκ
3128 3206 3245 3258 τοῦ’
3291 3211 3334 3259 Ε

2578 3299 2698 3360 σαὶ,
2745 3295 2926 3362 ἄνδρα
2969 3294 3119 3348 κατὰ
3168 3296 3288 3362 τὴν

2579 3387 2766 3440 πάντα
2804 3385 2874 3438 τὰ
2915 3385 3220 3453 θελήματά
3247 3403 3329 3454 μο

2581 3478 2853 3546 θελήματα
2894 3477 3044 3528 Θεοῦ.
3097 3477 3334 3546 Θαυμασ

2581 3567 2761 3629 αὐτοῦ,
2802 3567 2958 3619 πλέον
3005 3584 3056 3618 τι
3096 3568 3334 3636 ἐχόντων

2582 3655 2749 3716 ἄλλων
2799 3654 3092 3725 ἀνθρώπων
3134 3658 3196 3707 ὲν
3228 3655 3310 3724 τῷ

2582 3744 2688 3813 γὰρ
2737 3745 2950 3814 ἀνδρεία
2998 3746 3029 3813 ἡ
3071 3745 3218 3814 αὐτὴ
3253 3745 3334 3796 τῶ

2586 3833 2870 3904 προφητῶν
2901 3850 2958 3885 τε
2989 3835 3080 3886 καὶ
3111 3836 3333 3887 ὰποστό

2588 3925 2794 3994 μένωνς
2825 3923 2936 3976 ἀλλ’
2969 3923 3114 3985 οὐδὲ,
3161 3927 3200 3994 ἡ
3249 3942 3334 3977 σω

2585 4015 2737 4084 ἔσχεν
2785 4013 2975 4083 Ἰωσὴφ
3021 4014 3121 4066 καὶ⁴
3168 4015 3334 4065 Σουσι

2588 4103 2737 4173 σύνῃ.
2767 4101 2918 4153 Οὕτω
2944 4101 2999 4152 δὲ
3029 4101 3127 4154 καὶ
3163 4102 3265 4153 ἐπὶ
3303 4121 3334 4153 τ

2589 4191 2830 4253 στοῦντος
2855 4189 2984 4242 Θεοῦ
3013 4191 3114 4254 τὰς
3148 4192 3270 4244 τῶν
3303 4195 3334 4244 ἁ

2589 4279 2866 4350 ὑπερέχειν
2905 4281 3100 4343 αὐτοὺς
3149 4282 3271 4335 τῶν
3324 4302 3334 4336 '.

2591 4370 2907 4423 σπουδαίων.
2962 4371 3130 4424 Οὕτω
3183 4373 3334 4444 Betui.

953 4464 1141 4513 .neant.
1169 4458 1305 4511 Cum
1336 4458 1498 4526 igitur
1529 4456 1666 4510 adeo
1692 4456 1963 4511 mirabiles
2005 4459 2112 4512 sint
2145 4457 2238 4514 Dei
2281 4460 2337 4512 in
2365 4475 2461 4514 san

1831 4458 1963 4511 biles
2005 4459 2112 4512 sint
2145 4457 2238 4514 Dei
2281 4460 2337 4512 in
2365 4475 2490 4514 san-
2520 4479 2563 4532 Ῑ)
2587 4459 2718 4512 Θεοῦ
2749 4460 2804 4510 ὲν
2833 4462 2943 4522 τοῖς
2973 4461 3158 4528 ἁγίοις
3201 4463 3333 4516 ὄντα

959 4548 1064 4601 ctis
1089 4547 1204 4601 suis
1227 4546 1547 4610 voluntates,
1591 4547 2011 4616 multiplicantur
2053 4557 2359 4604 sanctorum
2399 4552 2483 4604 ιιι-ε

961 4635 1267 4696 ﬁrmitates,
1297 4649 1416 4687 cum
1462 4635 1676 4688 videant
1719 4650 1780 4690 se
1802 4636 1996 4690 divinae
2029 4639 2212 4691 virtuti
2259 4654 2323 4692 ac
2369 4655 2484 4692 ma-

954 4725 1228 4797 gnitudini
1269 4724 1492 4776 multum
1535 4725 1767 4794 impares
1815 4740 1953 4780 esse.
2001 4727 2249 4781 Attamen
2276 4726 2487 4781 etiamsi

962 4828 1268 4870 memoratae
1294 4830 1478 4871 eorum
1521 4815 1858 4869 inﬁrmitates
1899 4817 2338 4886 multiplicantur,
2379 4832 2488 4870 non

966 4906 1167 4960 haerent
1209 4908 1328 4970 diu,
1359 4922 1530 4975 neque
1561 4917 1777 4962 manent
1811 4909 1864 4962 in
1899 4909 2052 4978 ipsis,
2085 4909 2175 4963 sed
2211 4909 2491 4964 confestim

970 4994 1278 5047 abscedunt.
1339 4994 1471 5047 Nam
1528 4996 1739 5049 vixdum
1799 5012 1891 5050 eas
1957 4996 2310 5057 adverterint,
2369 5009 2489 5050 cum

972 5080 1225 5133 continuo
1277 5093 1596 5136 evanescant
1640 5100 1651 5134 :
1697 5085 1822 5152 quia
1878 5085 2100 5137 multum
2160 5082 2238 5134 illi
2289 5084 2488 5147 valent,

972 5164 1189 5218 Christo
1215 5166 1344 5232 ipsis
1373 5171 1514 5223 vires
1545 5180 1852 5239 praestante,
1889 5171 2181 5226 secundum
2213 5169 2344 5222 illud
2377 5189 2389 5222 :
2425 5169 2491 5225 In

977 5255 1081 5308 Deo
1112 5254 1356 5322 faciemus
1381 5257 1614 5312 virtutem
1637 5263 1703 5312 ⁸⁸.

1043 5344 1289 5398 Arbitror
1322 5345 1449 5398 item
1480 5348 1563 5403 his
1592 5350 1875 5422 significari
1904 5351 2135 5421 priorem
2170 5349 2314 5403 illam
2348 5355 2490 5400 vete-

975 5447 1091 5489 rem
1144 5434 1538 5488 idololatrarum
1591 5443 1970 5507 conditionem,
2030 5455 2134 5510 qua
2185 5452 2304 5492 cum
2347 5436 2490 5490 athei

1046 5541 1092 5570 ἰ
1127 5538 1470 5616 Matinum,
1504 5542 1592 5600 59.
1663 5549 1705 5579 ³⁵
1742 5549 1894 5606 Joan.
1927 5566 1993 5605 xx
2017 5589 2030 5616 ,
2070 5548 2152 5609 Π.
2230 5546 2274 5578 ³⁸
2311 5543 2330 5597 1
2366 5543 2488 5600 Cor.
2524 5560 2628 5615 xu,
2659 5547 2748 5604 27.

980 5623 1067 5664 tax
1086 5646 1100 5665 .
1137 5608 1218 5660 14.

1052 5675 1122 5740 (ι)
1163 5674 1336 5730 Lectio
1363 5677 1567 5739 vitiata.

2587 4549 2752 4615 ἁγίων
2775 4547 2932 4615 λέγω,
2966 4552 3021 4603 αἱ
3051 4549 3334 4605 ἀσθένεια

2591 4653 2777 4689 πονται
2819 4637 2916 4705 τῆς
2957 4638 3093 4691 Θεοῦ
3136 4641 3334 4710 ἰσχύος

2594 4729 2799 4799 Ὅμως,
2829 4715 2890 4781 εἰ
2927 4731 3018 4782 καὶ
3067 4731 3334 4801 πληθύνο

2591 4819 2877 4884 ἀσθένειαι,
2907 4822 3004 4874 οὐκ
3039 4825 3334 4896 ἐμϐραδύι

2592 4911 2719 4971 τοῖς,
2748 4913 3086 4984 παραχρῆμα
3109 4917 3334 4987 ἀπερχέ

2595 5015 2681 5049 σαι
2710 4999 2892 5062 αὑτὰς,
2921 5004 3079 5074 ἔσχον
3117 5010 3307 5076 αὑτὰς

2593 5110 2696 5146 ναι·
2724 5091 2807 5143 διὰ
2837 5090 2896 5144 τὸ
2934 5097 3150 5170 ἰσχύειν
3189 5107 3254 5160 ἐν
3288 5126 3334 5161 τι

2593 5179 2822 5250 Χριστοῦ
2841 5181 2917 5252 (ί)
2937 5191 3212 5263 πρώτων,
3238 5199 3316 5254 ἐν

2661 5347 2823 5419 Οἶμαι
2857 5355 2917 5408 δὲ
2950 5362 3047 5422 διὰ
3077 5373 3306 5436 τούτων

2593 5439 2754 5492 πάλαι
2780 5443 3087 5516 εἰδωλολατ
3096 5466 3215 5538 ρῶν
3247 5473 3334 5547 τὴ.

2829 5557 3102 5650 ³’,ῘΡιθε.
3145 5597 3279 5657 χιιι,
3321 5593 3334 5650 -1
