3818 6350
225 474 315 532 ις
1190 496 1192 498 ⁷
1418 489 1904 544 COMMENTARIA
1941 490 2006 545 IN
2044 489 2378 546 PSALMOS.

3366 496 3466 551 158

223 591 352 652 aiam
383 586 530 651 ὅντες
576 590 673 642 καὶ
704 591 1164 671 εἰδωλολάτραι,
1205 603 1303 653 οὐκ
1344 603 1438 653 ἐπὶ
1475 603 1597 673 μίαν
1624 602 1824 666 ἐξώκει-

1936 605 2305 673 idolorumque
2340 604 2574 657 cultores
2610 611 2820 667 essent,
2864 619 2971 658 non
3008 606 3063 659 in
3095 621 3256 660 unum
3303 621 3469 676 impe-

226 689 312 739 λαν
336 681 562 751 πλάνην.
592 682 822 752 Πλῆθος
848 688 975 759 γὰρ
1011 687 1088 761 ἦν
1114 692 1290 744 αὐτῶν
1314 688 1410 762 τῆς
1433 693 1712 755 πολυθεῗας
1740 692 1832 744 καὶ

234 772 660 843 εἱδωλολατρείας
696 776 802 827 καὶ
840 777 1177 844 ἀσθενείας.
1207 782 1340 833 Ἀλλ’
1366 781 1545 851 ἐπειδὴ
1576 782 1631 846 ἐξ
1658 780 1831 833 αὐτῶν

242 865 445 916 ἐκείνων
478 862 893 933 μεταϐαλόντες
927 867 1027 921 διὰ
1061 872 1160 939 τῆς
1195 870 1457 940 σωτηρίου
1498 869 1707 939 χάριτος
1742 885 1831 935 γε·

248 955 453 1017 γόνασιν
496 954 640 1021 ἆγιοι
686 954 789 1006 τοῦ
840 956 1017 1019 Θεοῦ,
1072 960 1158 1012 διὰ
1200 960 1353 1011 τοῦτο
1393 959 1650 1013 λέλεκται·
1705 958 1831 1022 Τοῖς

258 1043 436 1115 ἁγίοις
468 1045 582 1107 τοῖς
612 1042 683 1094 ἐν
725 1043 804 1111 τῇ
845 1046 927 1113 τῇ
971 1049 1161 1101 αὐτοῦ
1192 1048 1609 1115 ἐθαυμάστωσε
1639 1047 1830 1099 πάντα

270 1136 331 1189 τὰ
356 1133 640 1202 θελήματά
668 1150 796 1200 μου
833 1135 908 1187 ἐν
941 1138 1168 1202 αὑτοῖςε
1202 1138 1291 1188 καὶ
1315 1138 1433 1189 ἐπεὶ
1465 1140 1723 1206 συνῆπται
1746 1137 1823 1188 τό·

286 1226 704 1297 Ἔπληθύνθησαν
731 1227 937 1280 εἴδωλα
968 1229 1147 1282 αὐτῶν
1172 1228 1268 1297 (1),
1304 1229 1335 1297 ἦ
1366 1227 1431 1279 τά
1461 1227 1827 1296 διαπονήματα

271 1318 449 1381 αὐτῶν,
476 1316 818 1385 ἢὰσθένειαι
849 1317 1054 1370 αὐτῶν.
1083 1316 1262 1369 Ταῦτα
1293 1318 1397 1386 γὰρ
1422 1317 1590 1369 πάντα
1622 1315 1826 1384 προσῆν

266 1413 361 1471 τοῖς
390 1408 616 1477 ὕστερον
647 1408 830 1475 ἁγίοις
864 1408 972 1477 πρὸ
994 1411 1094 1477 τῆς
1126 1409 1229 1459 ἀπὸ
1251 1407 1353 1459 τῶν
1378 1407 1627 1475 χειρόνων
1653 1407 1743 1456 ἐπὶ
1761 1405 1827 1456 τά

271 1500 485 1572 κρείττω
527 1498 867 1569 μεταϐολῆς.
928 1498 1085 1551 Ἀλλά
1118 1498 1265 1566 μετὰ
1301 1498 1480 1549 ταῦτα
1510 1495 1823 1563 ἐτάχυναν,

271 1592 358 1642 οὐκ
382 1588 786 1665 ἀμελήσαντες,
821 1589 942 1639 οὐδὲ
972 1588 1339 1657 βραδύναντες,
1370 1585 1500 1638 ἀλλὰ
1526 1586 1611 1638 διὰ
1634 1585 1825 1653 τάχους

266 1683 352 1750 τὴν
400 1680 699 1749 μετάνοιαν
752 1678 1115 1747 ὲνδειξάμενοι
1168 1676 1303 1746 μετὰ
1351 1676 1446 1745 τὴν
1501 1678 1577 1737 είς
1634 1674 1825 1735 αὐτοὺς

258 1771 549 1840 γενομένην
598 1770 789 1838 χάριν,
832 1769 897 1819 δι’
948 1764 1016 1838 ἦς
1068 1765 1455 1835 ἐθαυμαστώθη
1513 1766 1685 1818 πάντα
1731 1763 1822 1814 τοῦ

255 1865 500 1933 Σωτῆρος
552 1861 847 1930 θελήματα
902 1860 958 1910 ὲν
1015 1858 1214 1917 αὐτοῖς.
1273 1856 1431 1907 Ὅθεν
1487 1854 1821 1925 συγχώρησιν

1931 704 2119 764 gerant
2172 695 2373 749 erroris
2413 709 2600 762 genus.
2645 692 2822 747 Inerat
2851 696 3047 764 quippe
3087 697 3217 766 ipsis
3244 697 3467 751 deorum

1929 782 2118 848 turba,
2169 782 2551 849 multiplexque
2602 781 3009 835 simulacrorum
3048 794 3101 837 et
3140 784 3467 842 inﬁrmitatis

1929 875 2155 943 species.
2191 874 2259 925 At
2292 872 2415 940 quia
2445 874 2666 925 salutari
2696 874 3078 928 interveniente
3116 876 3286 943 gratia
3327 877 3463 930 resi-

1926 964 2215 1032 piscentes,
2253 961 2425 1016 sancti
2454 961 2545 1014 Dei
2579 962 2751 1015 eﬂ'ecti
2784 973 2927 1025 sunt,
2957 963 3075 1016 ideo
3105 964 3306 1017 dictum
3349 975 3460 1019 est:

1928 1052 2132 1105 Sanctis
2172 1053 2260 1120 qui
2299 1062 2417 1104 sunt
2468 1053 2520 1103 in
2565 1061 2703 1103 terra
2753 1052 2901 1119 ejus,
2944 1053 3241 1121 miriﬁcavit
3293 1070 3464 1107 omnes

1927 1141 2212 1192 voluntates
2260 1156 2398 1191 meas
2445 1140 2495 1191 in
2549 1140 2660 1201 eis;
2723 1154 2785 1192 ac
2833 1139 3026 1195 deinde
3076 1142 3317 1195 additum
3358 1152 3464 1210 est,

1930 1231 2283 1299 Mnltiplicata
2316 1238 2441 1284 sunt
2476 1230 2618 1283 idola
2655 1244 2860 1292 eorum,
2894 1232 3005 1284 sive
3040 1232 3252 1286 labores
3280 1247 3343 1285 ac
3380 1234 3466 1287 in-

1927 1319 2209 1371 ﬁrmitates
2249 1320 2511 1386 ipsorum.
2552 1317 2740 1373 lstlitee
2770 1310 2910 1372 enim
2951 1322 3152 1382 omnia,
3181 1330 3464 1391 antequam

1926 1422 1955 1459 a
2002 1407 2247 1474 pessimis
2300 1406 2405 1459 illis
2454 1407 2695 1465 moribus
2742 1406 2809 1459 ad
2852 1408 3102 1461 meliores
3148 1412 3464 1464 commutati

1924 1504 2127 1561 essent,
2175 1497 2242 1549 iis
2290 1498 2378 1565 qui
2424 1496 2765 1565 postmodum
2811 1498 2984 1550 sancti
3029 1509 3335 1563 evaserunt,
3370 1501 3464 1555 ad-

1923 1592 2096 1638 erant.
2143 1583 2341 1637 Verum
2383 1595 2562 1652 postea
2603 1585 3045 1649 acceleraverunt,
3079 1602 3251 1655 neque
3294 1589 3466 1656 negli-

1924 1675 2101 1742 gentia
2154 1674 2236 1727 vel
2288 1674 2631 1727 cunctatione
2680 1674 2796 1736 usi,
2844 1689 2937 1742 per
2987 1676 3188 1727 illatam
3238 1678 3462 1744 gratiam

1923 1764 2102 1815 statim
2145 1763 2473 1832 paenitentiae
2522 1779 2683 1830 opera
2736 1764 3056 1817 ediderunt:
3086 1779 3149 1818 ac
3184 1781 3279 1833 per
3319 1781 3465 1821 eam-

1921 1853 2041 1905 dem
2072 1853 2294 1921 gratiam
2318 1852 2589 1907 mirabiles
2614 1854 2769 1906 l‘actae
2800 1862 2924 1907 sunt
2954 1854 3246 1907 Salvatoris
3275 1855 3465 1909 volun-

253 1923 534 2024 προτέρων
569 1923 996 2020 ἁμαρτημάτων
1024 1948 1194 2008 διδοὺς
1218 1947 1394 2007 αὐτοῖς
1421 1962 1598 2014 φησιν*
1636 1923 1820 2011 μὴ

1926 1948 2059 1995 lates
2100 1943 2155 1993 in
2192 1942 2342 2009 ipsis.
2378 1941 2736 2006 Quamobrem
2777 1959 3035 1997 concessa
3076 1944 3182 1998 illis
3209 1945 3465 2012 pristino-

251 2043 573 2111 συναΓάΤω
606 2042 721 2106 τὰς
752 2039 1102 2107 συναγωγὰς
1145 2034 1338 2090 αὐτῶν
1376 2035 1444 2099 ἐξ
1488 2035 1756 2103 αίμάτων·
1791 2034 1823 2102 ἢ

252 2133 386 2186 κατὰ
420 2135 519 2185 τὸν
565 2130 827 2183 ’Λκύλανο
866 2132 946 2182 Οὐ
974 2128 1059 2196 μὴ
1095 2129 1323 2180 σπείσω
1349 2126 1611 2189 σπονδὰς
1634 2123 1826 2177 αὐτῶν

250 2225 310 2287 ἐξ
346 2222 647 2291 αἱμάτων.
681 2220 860 2272 Πάλαι
898 2218 993 2288 μὲν
1018 2216 1145 2286 γὰρ,
1180 2218 1330 2283 φησὶ,
1363 2212 1588 2276 σπονδὰς
1615 2214 1825 2265 ἐποίουν

250 2316 299 2380 ἐξ
333 2316 619 2384 αἱμάτων,
661 2311 908 2363 Ἰουδαῖοι
939 2310 1034 2377 μὲν
1067 2306 1203 2359 κατὰ
1232 2306 1387 2375 νόμον
1408 2304 1483 2373 τῷ
1503 2303 1617 2372 Θεῷ
1642 2303 1824 2365 θυσίας

251 2407 686 2478 προσφέροντες,
742 2401 1001 2469 ’Έλληνες
1042 2400 1118 2459 δὲ,
1157 2400 1243 2449 ὅτε
1283 2400 1391 2457 τοῖς
1423 2395 1663 2463 δαίμοσιν
1708 2394 1826 2445 ἐλά-

252 2512 459 2565 τρευον.
505 2491 656 2559 Ἐγὼ
680 2492 737 2543 δὲ
769 2488 962 2549 καινὰς
986 2488 1163 2547 αὐτοῖς
1186 2485 1371 2546 θυσίας
1396 2484 1681 2554 παραδοὺς,
1706 2483 1827 2533 οὐκ·

254 2586 323 2635 ἐτι
349 2584 581 2651 δέξομαι
615 2578 850 2640 σπονδάς
876 2577 1054 2629 αὐτῶν
1090 2576 1145 2640 ἐξ
1178 2573 1449 2643 αἱμάτων
1488 2572 1604 2623 οὐδὲ
1630 2570 1826 2632 ταύτας

255 2676 457 2727 σπείσω
492 2675 592 2725 ἆτε
624 2673 917 2738 ἀρχιερεὺς
956 2669 1019 2718 ὲκ
1058 2666 1165 2717 τῶν
1204 2663 1397 2733 χειρῶν
1428 2660 1601 2714 αὐτῶν
1632 2660 1822 2714 ἀποδε-

256 2764 481 2834 ξάμενος
512 2762 612 2814 ita).
647 2760 910 2812 σπένδων*
946 2755 1105 2810 καινά
1144 2755 1197 2806 δὲ
1246 2754 1510 2824 μυστήρια
1557 2751 1824 2821 παραδοὺς

254 2857 434 2917 αὐτοῖς
458 2854 558 2906 καὶ
583 2851 776 2912 καινὰς
800 2848 993 2909 θυσίας
1017 2846 1112 2907 τὰς
1138 2845 1391 2913 άναίμους
1417 2844 1507 2895 καὶ
1529 2841 1819 2903 ὰκάπνους,

257 2946 345 2998 καὶ
387 2944 642 3012 λογικάς,
688 2940 916 3001 ταύταις
959 2936 1187 3008 χρῆσθαι
1233 2933 1421 2996 διδάξω
1466 2931 1674 2993 αὐτούς·
1709 2930 1821 2984 ἀλλ’

255 3035 369 3087 οὐδὲ
401 3030 768 3103 μνημονεύσω
803 3028 891 3079 διὰ
922 3026 1029 3078 τῶν
1065 3024 1281 3093 χειλέων
1324 3040 1420 3091 μου
1452 3021 1556 3073 τῶν
1583 3020 1821 3073 παλαιῶν

253 3122 427 3174 αὐτῶν
461 3119 769 3192 ὀνομάτων.
810 3116 983 3169 Πάλαι
1032 3114 1125 3182 μὲν
1162 3111 1269 3180 γὰρ
1298 3110 1528 3175 ἐπαξίως
1554 3109 1658 3161 τῶν
1686 3109 1821 3178 πρά-

256 3211 387 3275 ξεων
412 3210 686 3278 ἐπήγοντο
720 3202 1092 3275 προσηγορίας
1122 3202 1169 3251 οἱ
1197 3201 1302 3253 άπὸ
1323 3200 1427 3251 τῶν
1447 3199 1633 3259 ἐθνῶν,
1661 3199 1819 3271 βιὲϐη⁴

253 3301 330 3354 λοι
356 3303 454 3354 καὶ
476 3298 806 3367 ἀκάθαρτοι,
838 3295 933 3347 καὶ
958 3290 1352 3361 εἰδωλολάτραι,
1382 3289 1627 3341 πολύθεοί
1652 3307 1707 3341 τε
1735 3291 1825 3350 καί⁹

254 3393 401 3444 ἄθεοι
431 3389 855 3459 ὀνομαζόμενοι·
888 3384 984 3436 νῦν
1015 3383 1071 3435 δὲ
1102 3380 1321 3433 ἐκείνων
1351 3379 1447 3449 μὲν
1473 3379 1649 3431 οὐκέτι
1693 3397 1825 3450 μνη-

257 3485 527 3552 σθήσομαι
549 3480 662 3533 τῶν
687 3477 989 3546 ὀνομάτων,
1015 3473 1173 3542 ἕτερα
1194 3472 1250 3523 δὲ
1273 3471 1449 3533 αὐτοῖς
1470 3471 1584 3522 ἀντ’
1608 3470 1825 3522 ἐκείνων

258 3574 594 3643 εωρήσομαι·
614 3568 861 3627 εὐσεϐεῖς
883 3567 1075 3627 αὐτοὺς
1098 3564 1189 3616 καὶ
1204 3560 1486 3624 θεοσεϐεῖς,
1512 3562 1603 3623 καὶ
1618 3560 1823 3630 ἁγίους,

257 3664 486 3735 κλητούς
525 3680 590 3715 τε
623 3661 721 3713 καὶ
762 3657 1085 3720 ἐκλεκτοὺς,
1124 3656 1216 3706 καὶ
1243 3652 1594 3722 Χριστιανοὺς
1633 3650 1826 3719 ὀνομάτ-

257 3757 363 3820 ζων
374 3794 388 3807 .

318 3846 542 3912 Κύριος
568 3840 745 3911 μερίς
766 3839 875 3907 τῆς
897 3835 1291 3904 κληρονομίας
1310 3850 1426 3901 μου
1451 3832 1546 3884 καὶ
1579 3830 1683 3884 τοῦ
1719 3847 1825 3883 πο-

256 3937 457 4005 τηρίου
478 3951 628 4002 μου,
684 3930 767 3983 σὺ
804 3926 865 3981 εἷ
893 3931 924 3980 ὀ
963 3922 1372 3985 ἀποκαθιστῶν
1403 3921 1513 3989 τὴν
1549 3924 1826 3988 κληρονο-

248 4026 392 4094 μίαν
408 4042 533 4093 μου
570 4021 728 4089 ἐμοί.
778 4016 1204 4086 Ἀναμνησθῆναι
1238 4012 1496 4081 προσήκει
1525 4010 1629 4063 τῶν
1667 4012 1722 4062 ὲν
1746 4009 1824 4080 τῷ

245 4116 489 4186 δευτέρῳ
510 4109 831 4182 εἰρημένων
850 4104 1065 4175 ψαλμῷ.
1090 4104 1195 4155 Καὶ
1213 4103 1320 4172 γάρ
1344 4104 1456 4153 ἐκεῖ
1482 4099 1825 4171 ἀνθρωπίνως

248 4207 410 4260 πάλιν
459 4205 605 4274 πρὸς
651 4199 815 4253 αὑτὸν
862 4197 1044 4263 ἔλεγεν
1089 4196 1117 4246 ὁ
1160 4194 1364 4261 Πατήρο
1412 4191 1659 4257 Αἵτησαι
1691 4189 1823 4256 παρ’

245 4297 414 4365 ἐμοῦ,
452 4294 561 4346 καὶ
596 4291 773 4342 δώσω
804 4302 904 4339 σοι
936 4286 1076 4351 ἔθνη
1112 4282 1223 4350 τὴν
1256 4281 1654 4349 κληρονομίαν
1688 4294 1823 4346 σου,

248 4389 343 4440 καὶ
369 4386 485 4453 τὴν
512 4378 896 4446 κατάσχεσίν
924 4391 1039 4429 σου
1073 4373 1144 4425 τὰ
1178 4371 1397 4439 πέρατα
1427 4370 1535 4437 τῆς
1563 4370 1691 4438 γῆς.
1719 4370 1827 4427 Καὶ

250 4482 303 4532 ιν
325 4482 436 4540 τοῖς
466 4475 643 4544 ἱεροῖς
667 4466 1021 4536 Εὐαγγελίοις
1047 4464 1205 4526 αὐτὸς
1232 4464 1362 4533 πρὸς
1390 4463 1478 4514 τὸν
1510 4459 1699 4514 ἑαυτοῦ
1724 4460 1822 4531 ἔφη

1922 2046 2040 2083 rum
2067 2031 2329 2083 scelerum
2364 2032 2538 2095 venia,
2568 2035 2642 2084 ait
2671 2049 2683 2084 :
2719 2033 2839 2087 Non
2864 2033 3178 2103 congregabo
3204 2036 3464 2089 conventi-

1922 2120 2040 2173 cula
2084 2136 2261 2173 eorum
2305 2120 2366 2176 de
2410 2122 2782 2190 sanguinibus:
2833 2134 2924 2177 aut
2964 2126 3119 2192 juxta
3171 2125 3457 2193 Aquilam:

1926 2206 2045 2259 Non
2073 2206 2241 2258 libabo
2266 2207 2517 2259 libamina
2542 2224 2718 2259 eorum
2747 2208 2808 2261 de
2836 2211 3196 2278 sanguinibus.
3222 2212 3278 2264 In
3311 2228 3461 2267 more

1922 2296 2023 2348 fuit
2061 2296 2221 2359 olim,
2293 2297 2500 2363 inquit,
2553 2298 2807 2350 libamina
2849 2315 2913 2351 ex
2944 2301 3206 2368 sanguine
3244 2300 3457 2365 facere;

1921 2403 2044 2441 nam
2071 2402 2190 2439 eum
2218 2385 2385 2439 Judaei
2430 2387 2634 2441 hostias
2666 2387 2773 2440 Deo
2813 2389 3109 2441 secundum
3152 2391 3319 2459 legem
3361 2394 3462 2445 im-

1922 2477 2227 2540 molabant;
2266 2486 2374 2529 tum
2408 2476 2577 2528 Graeci
2617 2476 2756 2531 idem
2798 2480 3142 2545 praestabant,
3180 2495 3304 2532 eum
3354 2480 3462 2533 da:-

1923 2583 2111 2621 monas
2164 2569 2420 2621 colerent.
2465 2566 2532 2620 At
2579 2582 2678 2636 ego
2720 2578 3003 2637 postquam
3049 2584 3249 2623 novum
3306 2572 3461 2624 attuli

1926 2656 2311 2709 sacriﬁciorum
2343 2672 2535 2725 genus,
2568 2672 2673 2709 non
2712 2658 2850 2709 ultra
2883 2657 3160 2711 admittam
3191 2659 3461 2713 sacrificia

1922 2760 2044 2798 cum
2087 2744 2348 2813 sanguine
2372 2744 2581 2809 oblata;
2626 2761 2817 2813 neque,
2864 2754 3045 2813 utpote
3082 2762 3326 2802 summus
3359 2747 3462 2801 Sa-

1922 2836 2145 2897 cerdos,
2192 2834 2377 2889 eadem
2421 2850 2485 2888 ex
2529 2850 2712 2888 eorum
2772 2836 3020 2890 manibus
3064 2838 3325 2907 accipiam
3391 2840 3458 2893 ad

1922 2924 2225 2986 libandum,
2262 2924 2355 2977 sed
2385 2926 2538 2978 novis
2576 2923 2788 2978 traditis
2817 2926 3107 2994 mysteriis,
3142 2927 3299 2980 novis
3328 2926 3459 2980 item

1923 3014 2204 3067 sacriﬁciis
2254 3015 2583 3081 incruentis,
2624 3013 2771 3066 fumo
2817 3029 2879 3067 ac
2925 3015 3112 3069 nidore
3155 3017 3463 3071 carentibus

1922 3112 1974 3159 et
2002 3105 2372 3158 rationalibus.
2410 3102 2512 3158 Sed
2546 3106 2613 3157 iis
2638 3112 2859 3161 utantur
2889 3106 3257 3170 commonebo,
3288 3122 3463 3175 neque

1924 3209 2017 3269 per
2051 3194 2188 3246 labia
2234 3210 2348 3246 mea
2374 3202 2554 3246 vetera
2607 3194 2817 3251 illorum
2865 3195 3082 3247 nomina
3128 3198 3460 3251 memorabo.

1925 3283 2062 3337 Olim
2105 3283 2366 3351 siquidem
2407 3284 2566 3351 digna
2616 3284 2781 3350 gestis
2828 3282 2941 3336 suis
2984 3284 3199 3336 nomina
3232 3286 3463 3353 gentiles

1924 3371 2205 3436 ferebant;
2274 3378 2432 3437 atque
2525 3370 2763 3438 profani,
2833 3370 3073 3438 impuri,
3142 3372 3460 3441 idololatrze,

1924 3462 2143 3515 deorum
2170 3460 2459 3513 multorum
2485 3459 2721 3513 cultores
2747 3468 2798 3512 et
2827 3446 2972 3511 atliei
2998 3459 3308 3515 audiebant.
3341 3460 3462 3517 1am

1924 3566 2052 3605 vero
2094 3549 2399 3618 lmjusmodi
2451 3548 2726 3602 nominum
2766 3563 3042 3624 nunquam
3093 3553 3459 3622 recordabor;

1925 3639 2152 3709 aliisque
2214 3638 2522 3692 substitutis
2579 3638 2889 3700 vocabulis,
2946 3638 3097 3706 pios,
3153 3641 3459 3711 religiosos,

1923 3737 2161 3789 sanctos,
2191 3734 2433 3789 vocatos,
2467 3729 2700 3790 electos,
2728 3726 3071 3783 Christianos
3106 3731 3459 3800 compellabo.

1992 3818 2157 3873 Vens.
2182 3818 2234 3871 5.
2269 3817 2525 3871 Dominus
2552 3832 2673 3884 pars
2706 3816 3028 3871 Irwreditatis
3060 3835 3182 3872 mete
3210 3828 3257 3875 et
3285 3821 3461 3875 caliois

1923 3911 2062 3973 mei,
2111 3920 2165 3961 tu
2212 3926 2265 3971 es
2318 3910 2405 3979 qui
2437 3909 2667 3963 restituis
2708 3908 3060 3961 [nereditatem
3097 3926 3263 3962 meam
3313 3910 3459 3965 mihi.

1923 4002 2022 4056 Hie
2048 4005 2304 4056 memoria
2330 4001 2619 4069 repetenda
2648 4008 2775 4054 sunt
2802 4000 3023 4054 secundi
3056 4002 3245 4068 psalmi
3276 4003 3459 4056 verba.

1922 4094 2052 4147 Nam
2076 4094 2183 4151 illic
2212 4093 2443 4146 humano
2476 4094 2601 4151 item
2638 4106 2785 4152 more
2816 4091 2893 4144 sic
2914 4107 3033 4145 eum
3056 4090 3208 4145 Pater
3233 4091 3459 4149 alimur:

1930 4184 2147 4238 Postula
2177 4201 2207 4235 a
2230 4200 2329 4260 me,
2353 4192 2401 4235 et
2430 4182 2563 4238 dabo
2596 4182 2688 4233 tibi
2714 4192 2886 4250 gentes
2916 4181 3269 4235 ha’reditatem
3297 4190 3461 4248 tuam,

1923 4286 1970 4329 et
1993 4276 2365 4345 possessionem
2394 4284 2535 4325 tuam
2560 4273 2801 4331 terminos
2825 4272 3058 4325 terrm”.
3089 4271 3263 4341 Atque
3293 4272 3345 4325 in
3374 4287 3464 4327 sa-

1924 4368 2031 4428 eris
2060 4365 2361 4433 Evangeliis
2402 4364 2480 4417 sic
2524 4363 2612 4415 ille
2637 4361 2849 4415 Patrem
2892 4361 2959 4415 de
2995 4363 3165 4416 sacris
3205 4362 3462 4430 apostolis

1927 4458 2254 4525 alloquitur:
2284 4456 2463 4519 Pater,
2520 4471 2645 4524 quos
2684 4454 2873 4507 dedisti
2909 4455 3034 4507 mihi
3086 4456 3161 4507 tui
3196 4463 3367 4517 erant,
3412 4463 3461 4507 et

252 4568 469 4636 Πατέρα
522 4562 663 4633 περὶ
716 4560 827 4611 τῶν
890 4555 1047 4626 ἱερῶν
1092 4553 1413 4606 ἀποστόλων·
1468 4550 1674 4617 Πάτερ,
1725 4550 1824 4615 οὓς

1929 4548 2053 4599 milii
2084 4563 2169 4605 eos
2213 4546 2402 4600 dedisti
2432 4563 2449 4599 :
2479 4557 2525 4597 et
2574 4560 2719 4597 nemo
2769 4560 2832 4596 ex
2872 4546 2935 4597 iis
2964 4547 3144 4612 periit,
3191 4548 3293 4598 nisi
3320 4544 3461 4613 ﬁlius

249 4662 293 4712 ἐκ
316 4659 475 4722 ωκάς
491 4673 601 4725 μοι
623 4652 726 4705 σοὶ
751 4648 934 4718 ἦσαν,
959 4646 1057 4698 καὶ
1072 4645 1197 4713 ἐμοὶ
1227 4644 1441 4708 αὐτοὺς
1460 4641 1711 4706 δέδωκας
1732 4641 1826 4693 καὶ

253 4748 451 4812 οὐδεὶς
492 4746 567 4807 ἐξ
602 4740 809 4794 αὐτῶν
838 4735 1104 4791 ἀπώλετο
1136 4738 1186 4786 εἱ
1206 4734 1288 4801 μὴ
1321 4737 1351 4785 ό
1383 4731 1509 4795 υἱὸς
1550 4730 1658 4796 τῆς
1720 4731 1827 4782 ἀπ-

255 4838 485 4901 ωλείας.
516 4831 666 4884 Ἀλλ’
694 4828 883 4896 ὥσπερ
906 4822 1136 4877 ἐνταῦθα
1164 4821 1505 4891 ἀνθρωπίνως
1533 4819 1826 4885 διαλέγεται

256 4924 434 4977 λαϐεῖν
456 4917 826 4991 παρακαλῶν,
859 4915 1031 4975 οὕτως
1053 4912 1273 4980 ἑτέρωθι
1298 4911 1558 4969 δείκνυσι,
1580 4908 1652 4970 ὡς
1673 4908 1828 4970 αὑτός

264 5018 371 5067 ἐστι
392 5017 499 5068 τῶν
525 5012 789 5066 ἁπάντων
810 5004 1093 5072 δεσπότης·
1130 5001 1202 5052 Τὰ
1227 5002 1480 5067 πρόϐατα
1500 5000 1604 5068 γὰρ
1627 4999 1697 5051 τὰ
1717 4997 1826 5065 ἐμὰ

266 5106 365 5171 τῆς
390 5103 596 5173 φωνῆς
628 5118 751 5171 μου
788 5097 1015 5151 ἀκούει·
1054 5089 1212 5157 κάγὼ
1243 5089 1501 5157 γινώσκω
1531 5089 1696 5151 αὐτὰ,
1720 5088 1825 5140 ’καὶ

272 5192 669 5247 ἀκολουθοῦσι
700 5204 822 5258 μοι·
856 5181 1024 5251 κάγὼ
1055 5178 1204 5243 ζωὴν
1233 5179 1460 5231 αἰώνιον
1494 5179 1694 5247 δίδωμι
1723 5179 1826 5230 αὺ-

276 5285 400 5349 τοῖς·
428 5287 520 5337 καὶ
543 5281 729 5335 πάλινο
765 5276 875 5330 Καὶ
909 5273 1077 5324 ἄλλα
1118 5266 1182 5317 δὲ
1212 5269 1463 5332 πρόϐατα
1492 5270 1625 5336 ἔχω,
1656 5266 1693 5319 ἂ
1716 5268 1823 5319 οὐκ

278 5367 432 5420 ἐστιν
457 5370 525 5421 ἐκ
559 5366 672 5431 τῆς
698 5360 897 5425 αὐλῆς
924 5355 1168 5417 ταύτης·
1207 5353 1442 5406 κάκεῖνά
1468 5373 1542 5423 με
1572 5354 1663 5406 δεῖ
1683 5354 1822 5421 ἀγα-

282 5457 409 5520 γεῖν,
431 5457 525 5509 καὶ
549 5454 659 5520 τῆς
683 5449 1028 5520 φωνῆςμου
1052 5441 1393 5503 ἀκούσουσι,
1411 5444 1505 5494 καὶ
1523 5442 1828 5512 γενήσεται

283 5545 373 5610 μία
415 5548 649 5613 ποίμνη,
690 5538 777 5604 εἷς
817 5529 1083 5598 ποιμήν.
1126 5529 1207 5579 Ἐν
1251 5527 1327 5596 τῷ
1377 5533 1600 5601 παρόντι
1649 5532 1824 5601 μέντοι

1927 4637 2228 4706 perditionis
2253 4637 2318 4687 ⁸ο.
2366 4634 2466 4688 Sed
2498 4633 2938 4703 quemadmodum
2982 4636 3069 4688 hic
3113 4635 3349 4688 humano
3384 4632 3464 4684 lo—

1926 4727 2111 4794 quitur
2154 4724 2332 4789 modo,
2383 4737 2577 4793 rogans
2630 4730 2688 4773 ut
2739 4726 2999 4792 accipiat;
3048 4724 3125 4776 sic
3174 4721 3297 4773 alibi
3343 4733 3463 4773 sese

1926 4816 2164 4868 omnium
2214 4815 2487 4868 dominum
2535 4811 2750 4865 exhibet
2776 4831 2788 4865 :
2816 4813 2968 4877 Nam,
3000 4828 3111 4865 oves
3141 4826 3265 4863 mea:
3292 4824 3461 4862 vacem

1925 4922 2091 4959 meam
2124 4904 2341 4959 audiunt
2383 4922 2400 4959 :
2441 4912 2488 4955 et
2529 4918 2620 4968 ego
2653 4919 2900 4971 cognosco
2942 4918 3050 4964 eas,
3095 4911 3142 4954 et
3182 4913 3463 4969 sequuntur

1927 5015 2036 5062 me,
2074 5007 2121 5051 et
2164 4999 2324 5050 vitam
2371 5006 2615 5050 wternam
2663 4995 2729 5047 do
2773 4996 2846 5047 eis
2867 4994 2939 5058 “;
2985 5008 3048 5046 ac
3102 5008 3359 5049 rursum:
3393 4996 3462 5050 Et

1928 5088 2063 5139 alias
2094 5102 2207 5138 oves
2240 5084 2399 5137 habeo
2430 5099 2543 5152 qua:
2576 5099 2677 5136 non
2719 5091 2838 5135 sunt
2866 5097 2928 5134 ex
2957 5081 3050 5133 hoc
3081 5083 3236 5136 ovili:
3257 5093 3306 5137 et
3339 5084 3460 5139 illas

1928 5185 2125 5245 oportet
2158 5192 2234 5227 me
2266 5175 2537 5238 adducere,
2562 5184 2613 5226 et
2645 5190 2812 5225 vocem
2842 5188 3005 5227 meam
3039 5172 3269 5239 audient,
3302 5183 3351 5226 et
3373 5175 3461 5241 ﬁet

1928 5284 2083 5319 unum
2116 5256 2253 5319 ovile
2274 5304 2287 5327 ,
2330 5275 2377 5318 et
2406 5280 2536 5316 unus
2569 5274 2748 5331 pastor
2772 5264 2836 5316 “.
2881 5264 2938 5316 In
2988 5264 3235 5332 prtesenti
3281 5265 3461 5332 itaque

1924 5358 2131 5426 psalmo
2164 5355 2396 5408 humane
2436 5354 2515 5407 sic
2558 5354 2793 5423 loquitur
2822 5371 2834 5407 :
2868 5352 3116 5407 Dominus
3143 5368 3265 5419 pars
3297 5353 3459 5406 luere-

1927 5446 2109 5498 ditatis
2164 5459 2289 5494 mea!
2344 5454 2390 5494 et
2449 5441 2627 5496 calicis
2689 5443 2824 5505 mei;
2867 5442 3227 5503 hereditatem
3261 5456 3462 5496 vocans

1926 5546 2149 5602 regnum
2202 5531 2254 5581 in
2295 5537 2515 5597 gentes;
2558 5530 2779 5585 calicem
2803 5545 2952 5596 vero,
2977 5544 3136 5600 quam
3170 5544 3268 5598 pro
3304 5528 3461 5585 nobis

346 5638 386 5669 19
415 5638 555 5693 Ρεειι,
594 5653 665 5697 η⁹
702 5634 754 5685 8,
834 5626 883 5655 ⁴ο
923 5621 1093 5672 Joan.
1122 5634 1243 5681 xvn,
1272 5619 1422 5682 6,l2.
1496 5622 1716 5677 uJoan.
1752 5626 1824 5686 με

1926 5629 1982 5682 :8.
2003 5622 2046 5651 δ’
2075 5618 2200 5673 ibid.
2234 5618 2323 5670 16.

338 5732 405 5799 (ί)
449 5729 678 5784 Εἴδωλα
724 5708 1309 5799 ςὺτῶιζ;-ἓὶο-ζῖἷὲἓξ
1355 5708 1728 5799 δῖππῖἶθεδυῗν
1761 5719 1819 5763 υι

280 5802 318 5869 in
340 5774 845 5857 'd'éogdggaicibug
877 5774 1082 5844 Regiis
1118 5775 1353 5829 eﬂertur.
1384 5774 1581 5850 Aquila
1615 5792 1817 5837 autem;
1864 5857 1871 5861 _

1920 5711 1987 5763 τὰ
2015 5707 2387 5841 Ἑξονήματα
2424 5708 2622 5768 αὐτῶν.
2648 5710 2963 5769 Hebraicum
2988 5708 3258 5775 exemplar
3279 5706 3461 5773 habet,

1924 5788 2028 5840 :m'
2148 5816 2159 5829 ι

1966 5788 2159 5840 nisa.
