3782 6336
813 431 911 484 159
1489 425 1746 482 EUSEBll
1781 422 2241 478 CA‘JSARIENSIS
2263 421 2304 478 Ο

1781 422 2241 478 CA‘JSARlE-NSIS
2263 421 2404 478 OPP.
2448 421 2619 476 PARS
2650 421 2730 476 ιιι.
2770 452 2839 460 -
2876 422 3271 478 ΕΧΕΟΕΤΙΟᾹ.

815 560 1005 616 passus
1035 555 1116 600 est
1144 555 1386 599 mortem.
1422 543 1508 596 Sic
1547 543 1688 595 enim
1742 543 1794 594 in
1839 541 2009 594 sacris
2035 535 2308 609 Evangelii:

1839 541 2009 594 sacris
2035 535 2330 609 Evangeliis
2361 550 2402 604 Α
2427 541 2640 610 ψαλμῷ.
2673 539 3020 609 ἀνθρωπίνως
3051 541 3206 606 λέγει·
3249 545 3296 592 Κ

815 633 1042 688 edatur:
1082 634 1260 696 Pater,
1293 635 1336 684 si
1362 631 1602 700 possibile
1627 639 1723 691 est,
1754 640 1982 683 transeat
2011 647 2041 681 a
2080 647 2157 683 me
2196 635 2308 684 cali.

1805 640 1982 683 anseat
2011 647 2041 681 a
2080 647 2157 683 me
2196 635 2331 685 cali:
2432 633 2704 698 ρονομίας
2728 647 2843 696 μου
2861 632 2956 682 καὶ
2982 631 3083 682 τοῦ
3099 647 3297 696 ποτηρι

815 723 912 777 iste
930 723 1009 776 "z
1040 737 1102 776 ac
1125 724 1168 775 si
1203 723 1437 789 apertius
1475 720 1672 772 diceret
1699 736 1709 769 :
1742 719 1992 779 Ecclesia:
2033 737 2187 782 mem,
2218 738 2308 788 qua

1804 721 1992 774 :clesite
2033 737 2187 782 mem,
2218 738 2332 788 quae
2434 722 2528 790 τὴν
2554 721 2659 771 τῶν
2691 719 2854 770 ἐθνῶν
2884 720 3149 788 βασιλείαν
3169 737 3180 748 ·
3210 737 3297 770 τ.οτ

815 825 933 864 mea
977 810 1272 869 haareditas,
1340 823 1461 876 pars
1519 807 1770 862 Dominus
1830 816 1936 873 est;
2009 817 2163 877 atque
2223 810 2308 878 ipsi

1830 816 1936 873 est;
2009 817 2163 877 atque
2223 810 2336 878 ipse
2437 813 2684 879 ὑπέμεινε
2719 810 2958 862 θάνατον.
2992 811 3141 862 Οὕτω
3175 812 3280 879 γὰρ

814 898 1000 952 calicis
1034 898 1154 957 mei,
1185 896 1234 947 id
1257 905 1337 947 est
1367 896 1574 956 intortis,
1610 911 1731 962 pars
1757 894 1973 951 ellcctus
1994 904 2096 950 est.

1804 894 1973 951 lectus
1994 904 2096 950 est.
2438 917 2531 968 γεν
2559 901 2910 967 Εὑαγγελίοις·
2946 900 3150 966 Πάτερ,
3173 904 3223 952 εί
3244 901 3297 952 δι

814 988 1086 1052 ποτήριον
1123 985 1290 1038 τοῦτο
1326 985 1425 1038 ἀπ’
1486 986 1647 1052 ἐμοῦ·
1683 985 1811 1038 ὡσεὶ
1843 986 2160 1056 σαφέστερον
2198 987 2362 1055 ἔλεγε·
2401 991 2504 1042 Καὶ
2535 994 2630 1060 τῆς
2668 994 2803 1060 ἐμῆς
2848 991 3181 1060 Ἐκκλησίας,
3212 993 3298 1061 ἥτι

818 1097 936 1149 μου,
972 1077 1124 1148 μερίς
1149 1080 1292 1148 ἐστιν
1319 1079 1346 1129 ὁ
1379 1077 1592 1146 Κύριος·
1625 1080 1652 1130 ὁ
1697 1079 1852 1140 αὐτὸς
1879 1079 1935 1131 δὲ
1962 1080 2052 1131 καὶ
2082 1079 2170 1132 τοῦ
2221 1081 2471 1153 ποτηρίου
2505 1099 2624 1152 μου,
2679 1083 2916 1135 τουτέστι
2951 1081 3042 1132 τοῦ
3073 1082 3298 1135 θανάτου

815 1169 990 1231 αὑτός.

886 1258 964 1311 Τιι
995 1275 1046 1312 es
1075 1259 1162 1326 qui
1191 1258 1418 1310 restituis
1444 1255 1791 1310 Itwreditatem
1819 1273 1982 1310 meam
2010 1258 2150 1310 mihi.
2183 1257 2296 1310 Alia
2317 1296 2331 1320 ,

815 1349 1030 1416 inquit,
1074 1348 1201 1400 mihi
1250 1348 1376 1402 olim
1421 1346 1518 1399 fuit
1555 1346 1872 1407 hzereditas,
1928 1346 2125 1413 aliique
2160 1345 2334 1400 funes.

818 1435 946 1488 Nam
975 1435 1178 1504 quando
1208 1434 1464 1496 dividebat
1495 1435 1794 1488 Altissimus
1823 1445 1990 1504 gentes
2009 1474 2022 1493 ,
2064 1450 2183 1501 pars
2236 1433 2340 1486 Do-

817 1529 945 1580 mini
974 1525 1111 1578 l'azta
1137 1535 1216 1578 est
1240 1526 1458 1592 populus
1497 1525 1608 1593 ejus
1647 1525 1807 1577 Jacol)
1829 1564 1842 1586 ,
1885 1525 2142 1591 funiculus
2177 1525 2339 1577 luere-

817 1618 1000 1670 ditatis
1027 1617 1137 1682 ejus
1165 1615 1211 1646 ⁸⁸
1258 1615 1441 1668 Israel.
1484 1614 1552 1666 At
1591 1622 1718 1666 tunc
1760 1628 1918 1683 pars.
1967 1611 2248 1666 baercditas
2287 1619 2340 1665 et

823 1706 1092 1762 funiculus
1113 1746 1127 1768 ,
1155 1713 1269 1759 erat
1310 1706 1453 1773 prior
1479 1705 1566 1756 ille
1591 1704 1836 1771 populus.
1874 1702 1990 1766 Quo
2021 1703 2214 1769 populo
2242 1701 2339 1753 im-

823 1796 1033 1864 pietatis
1061 1809 1222 1848 causa
1251 1793 1454 1862 dejerto
1481 1808 1541 1844 ac
1571 1792 1810 1859 depulso,
1841 1792 1941 1842 alia
1959 1791 2088 1843 mihi
2117 1790 2340 1842 haeredi-

822 1891 939 1944 tas,
985 1883 1072 1935 alii
1115 1881 1307 1943 funes,
1353 1882 1469 1934 alia:
1509 1890 1682 1934 sortes
1715 1882 1953 1948 priorum
1991 1879 2108 1931 loco
2137 1877 2342 1930 tradita:

823 1980 950 2027 sunt
987 1973 1038 2025 in
1067 1971 1353 2039 praeclaris.
1395 1969 1600 2022 Etenim
1633 1969 1741 2022 lucc
1773 1969 2006 2022 secunda
2038 1967 2342 2030 haereditas,

822 2061 1027 2129 inquit,
1057 2061 1303 2128 praeclara
1336 2059 1656 2126 probataque
1682 2058 1809 2110 mihi
1836 2065 1934 2111 est.

894 2149 1055 2203 Vens.
1089 2150 1141 2203 8.
1187 2147 1524 2202 Providebam
1557 2148 1830 2200 Dominum
1858 2149 1912 2199 in
1941 2154 2209 2213 conspectu
2238 2161 2344 2196 meo

822 2255 1039 2308 semper,
1067 2240 1308 2304 quoniam
1339 2255 1370 2290 a
1399 2237 1593 2290 dextris
1625 2245 1699 2290 est
1729 2235 1884 2296 mihi,
1918 2252 1979 2288 ne
2007 2250 2344 2287 commoveor.

828 2327 922 2380 Vir
957 2338 1174 2382 sanctus
1219 2343 1336 2380 cum
1379 2326 1659 2380 Dominum
1704 2327 1755 2379 in
1797 2326 1964 2378 oculis
1999 2326 2110 2378 suis
2140 2340 2347 2392 semper

826 2431 944 2469 esse
965 2431 1146 2470 secum
1179 2421 1413 2482 reputet,
1443 2428 1775 2481 nequaquam
1803 2414 2018 2465 ﬂuctuat
2043 2429 2056 2476 ;
2089 2412 2192 2464 imo
2223 2424 2346 2462 vero

825 2506 1082 2558 Dominus
1124 2521 1153 2557 a
1198 2503 1402 2558 dextris
1440 2504 1572 2572 justi
1619 2504 1717 2555 viri
1769 2504 1950 2555 lirmus
1991 2501 2258 2554 consistit.
2307 2498 2346 2550 Β

824 2609 1085 2648 converso
1116 2603 1292 2646 autem
1318 2595 1384 2647 de
1411 2592 1545 2647 Julia
1588 2594 1820 2646 dicitur:
1867 2591 1931 2643 Et
1973 2590 2210 2662 diabolus
2249 2598 2345 2642 stet

823 2704 857 2740 α
883 2686 1078 2740 dextris
1108 2686 1218 2752 ejus
1249 2685 1315 2738 ⁸⁵.

1256 2791 1506 2849 ORATIO
1540 2791 1744 2846 DAVID
1778 2790 1916 2844 XVI.

895 2923 1064 2982 VEBS.
1105 2927 1154 2980 1.
1201 2925 1439 2987 Exaudi,
1472 2924 1719 2982 Domine.
1744 2925 2009 2992 justitiam
2037 2939 2230 2980 meam.
2267 2923 2348 2976 in-

826 3017 971 3072 tende
1000 3017 1408 3085 deprecationem
1440 3032 1626 3069 meam.
1663 3014 1890 3066 Auribus
1923 3013 2118 3081 percipe
2151 3013 2346 3066 oratio-

827 3125 940 3162 nem
966 3124 1132 3161 meam
1153 3149 1166 3170 ,
1194 3123 1292 3160 non
1317 3107 1370 3160 in
1401 3106 1551 3159 labiis
1579 3105 1791 3158 dolosis.
1823 3103 2071 3158 Oratione
2098 3119 2193 3156 sua
2219 3118 2346 3170 sup—

827 3200 1018 3268 plicat,
1050 3209 1103 3250 ut
1132 3196 1266 3251 Deus
1294 3195 1574 3256 exaudiat,
1606 3210 1712 3248 non
1741 3193 1950 3262 quidem
1993 3207 2205 3253 vocem,
2236 3208 2344 3246 non

825 3289 984 3342 verba
1007 3303 1104 3342 sua
1131 3327 1144 3346 .
1172 3286 1265 3341 sed
1293 3287 1540 3339 virtutem
1567 3305 1578 3338 :
1608 3299 1669 3338 ac
1695 3285 1738 3338 si
1764 3282 2224 3350 videlicetjustitia
2249 3297 2346 3336 sua

823 3395 890 3432 ex
938 3375 1102 3445 gestis
1144 3375 1399 3442 cperibus
1438 3373 1704 3433 clamitet,
1733 3372 2046 3440 divinasque
2073 3385 2228 3425 aures
2255 3371 2347 3425 de-

828 3468 1077 3521 mulceat.
1125 3463 1305 3531 Neque
1347 3464 1489 3516 enim
1531 3462 1829 3532 quispiam,
1861 3461 2221 3530 improborum
2248 3460 2348 3514 sibi

825 3555 1074 3609 conscius
1125 3552 1418 3605 facinorum
1441 3590 1454 3612 ,
1483 3552 1654 3602 talem
1683 3551 1836 3604 facile
1861 3549 2119 3618 proferret
2143 3565 2346 3603 vocem.

828 3644 960 3698 Illud
1009 3659 1165 3712 porro
1191 3661 1203 3695 :
1241 3639 1453 3693 Intende
1473 3639 1871 3705 deprecationem
1901 3654 2097 3698 nteant,
2124 3639 2243 3704 jure
2267 3637 2350 3690 di-

828 3733 966 3787 xerit
990 3731 1072 3782 vir
1097 3731 1182 3782 ille
1208 3729 1461 3796 probatus
1488 3741 1548 3778 ac
1577 3725 1925 3786 exercitatus,
1951 3726 2040 3790 qui
2069 3724 2121 3776 in
2147 3724 2349 3778 orando

828 3822 1017 3890 dignas
1045 3819 1152 3873 Deo
1179 3818 1373 3870 emittit
1402 3814 1818 3884 supplicationes
1840 3850 1854 3873 .
1895 3817 1983 3881 qui
2033 3829 2137 3866 non
2187 3829 2349 3882 parva

828 3909 1066 3979 quaedam
1109 3908 1336 3976 viliaque
1377 3905 1643 3974 postulat.
1687 3917 1856 3971 neque
1899 3917 1996 3971 pro
2036 3903 2346 3956 mortalibus

831 3999 1183 4067 humanisque
1217 3997 1374 4050 rebus
1409 3994 1571 4049 Deum
1600 4001 1866 4062 precatur.
1904 3992 2130 4060 ldipsum
2167 3990 2349 4043 Salva-

829 4095 912 4138 tor
939 4085 1119 4138 docuit
1143 4085 1268 4136 talia
1295 4083 1434 4136 latus
1462 4101 1474 4136 :
1521 4075 1708 4144 Magna
1731 4077 1903 4142 petite,
1935 4086 1982 4127 et
2008 4093 2169 4143 parua
2209 4077 2349 4144 adji-

828 4175 1026 4226 cientur
1047 4171 1182 4225 vobis
1207 4171 1269 4226 ⁸⁸.
1296 4169 1476 4222 Tertio
1503 4177 1678 4221 autem
1710 4174 1976 4235 precatur,
2002 4174 2060 4217 ut
2087 4165 2198 4232 ipsa
2224 4179 2348 4217 ora-

827 4264 991 4316 tionis
1033 4262 1194 4314 verba
1239 4261 1459 4314 auribus
1500 4258 1794 4328 percipiat,
1827 4265 1878 4310 et
1899 4296 1912 4319 ,
1944 4262 2003 4309 ut
2031 4255 2102 4306 ita
2133 4255 2306 4308 dicam
2329 4292 2344 4315 ,

829 4351 897 4406 de
938 4353 1054 4421 ipsa
1094 4367 1226 4406 voce
1263 4350 1504 4419 iudicet,
1544 4348 1686 4418 quod
1730 4362 1836 4400 non
1867 4347 1921 4399 in
1953 4346 2106 4398 labiis
2146 4344 2350 4398 dolosis

829 4441 1036 4511 prolata
1064 4441 1154 4492 sit.
1181 4439 1499 4507 Plerumque
1525 4439 1667 4491 enim
1696 4436 1946 4503 praeclara
1975 4435 2261 4502 loquimur,
2289 4449 2350 4486 ac

829 4527 1007 4582 verbis
1041 4528 1237 4579 utimur
1264 4541 1324 4580 ex
1359 4525 1632 4593 Scriptura
1661 4524 1838 4576 divina
1865 4521 2188 4591 depromptis
2212 4538 2226 4585 ;
2255 4520 2347 4574 sed

2509 1258 2589 1310 Σὺ
2629 1253 2688 1309 εἴ
2724 1260 2754 1309 ὀ
2800 1253 3210 1309 ἀποκαθιστῶν
3258 1271 3290 1305 τ

2439 1348 2582 1414 ἐμοι.
2613 1347 2781 1398 Πάλαι
2816 1347 2910 1414 μὲν
2942 1345 3066 1413 γὰρ,
3099 1346 3282 1413 φησιν,

2447 1455 2564 1507 μου,
2595 1439 2684 1489 καὶ
2707 1437 2835 1489 ἄλλα
2860 1434 3206 1504 σχοινίσματά
3231 1450 3298 1502 μο

2443 1533 2473 1582 ό
2493 1531 2775 1595 ”-Υψιστος
2792 1527 2954 1590 ἔθνη,
2971 1523 3197 1593 ἐγενήθη
3217 1540 3298 1590 με

2453 1614 2669 1674 Ἰακὼϐ,
2702 1614 3020 1680 σχοινισμιι
3061 1616 3293 1678 κληρον

2453 1705 2605 1757 Ἀλλά
2629 1705 2746 1755 τότε
2774 1703 2868 1771 μὲν
2898 1703 3047 1770 μερὶς
3069 1701 3159 1752 καὶ
3183 1699 3285 1768 κλη

2441 1793 2692 1862 πρότερος
2715 1786 2778 1859 ἦν
2803 1789 2945 1849 λαός·
2973 1783 3029 1840 οὗ
3051 1786 3298 1838 διαπεσόκ.

2444 1885 2598 1954 μένου
2623 1883 2708 1934 διὰ
2732 1881 2826 1942 τὰς
2852 1879 3094 1940 ἀσεϐείας
3117 1877 3298 1929 αὐτῶν

2445 1973 2665 2042 σχοινία,
2683 1972 2773 2023 καὶ
2791 1972 2962 2040 ἕτεροι
2987 1969 3172 2037 κλῆροι
3196 1967 3297 2018 ἀντ

2444 2061 2695 2128 sesumam
2729 2077 2813 2130 μοι
2837 2061 2902 2111 ἐν
2922 2058 3043 2123 τοῖς
3067 2059 3298 2124 κρατίσι

2444 2155 2475 2221 ἡ
2502 2151 2719 2220 δευτέρα
2745 2151 3001 2219 κρατίστη
3033 2149 3126 2201 καὶ
3151 2150 3290 2216 άρέσ

2510 2241 2865 2309 Προωρώμην
2896 2240 3001 2292 τὸν
3028 2240 3248 2305 Κύριον
3281 2239 3298 2290 ὲ

2445 2334 2560 2394 τός’
2600 2332 2685 2383 ὅτι
2719 2332 2785 2382 ἐκ
2821 2328 3027 2392 δεξιῶν
3051 2345 3169 2395 μου
3203 2330 3298 2381 ἐσι

2455 2422 2510 2474 Ὀ
2549 2421 2716 2486 ἅγιος,
2756 2420 2838 2471 ἀεὶ
2881 2417 3218 2485 λογιζόμενος
3253 2419 3298 2469 ὲκ

2442 2511 2530 2562 τὸν
2573 2509 2788 2579 Κύριον,
2832 2510 2891 2560 οὐ
2944 2509 3244 2561 σαλεύεται·
3295 2537 3298 2556 .

2443 2601 2640 2670 Κύριος
2671 2602 2733 2651 ὲκ
2751 2599 2933 2664 δεξιῶν
2959 2599 3050 2651 τοῦ
3086 2599 3298 2651 δικαίου

2443 2691 2712 2754 διάϐολος
2739 2690 2950 2753 στήτω,
2980 2689 3163 2758 φησιν,
3189 2691 3259 2741 ἐκ
3286 2709 3298 2740 ι

2775 2797 3142 2850 ΠΡΟΣΕΥΧΗ
3181 2799 3270 2849 ΤΩ

2508 2911 2898 2971 Είσιὶκουσον,
2927 2911 3120 2976 Κύριε,
3153 2910 3290 2962 δικα

2444 2999 2517 3066 τῇ
2557 2998 2756 3062 δεήσει
2791 3014 2924 3065 μου.
2985 2997 3292 3051 Ἐνώτισαι

2445 3089 2553 3138 οὐκ
2585 3086 2652 3136 ἐν
2683 3085 2905 3150 χείλεσι
2948 3084 3197 3152 δολίοις.
3253 3088 3288 3138 'l

2446 3179 2542 3246 χῆς
2574 3175 2660 3227 τὸν
2693 3175 2820 3226 Θεὸν
2848 3174 3123 3244 ἀκροατὴν
3146 3178 3296 3244 γενέε

2372 3260 2412 3315 C
2445 3264 2550 3316 τῶν
2584 3264 2834 3335 ῥημάτων
2862 3263 3039 3326 αὑτοῦ,
3065 3265 3192 3319 ἀλλ’
3225 3268 3289 3318 αὖ

2446 3353 2628 3426 ὥσπερ
2659 3353 2862 3422 βοώσης
2888 3353 2971 3405 διά
2999 3353 3118 3408 τῶν
3157 3359 3296 3427 πράξ

2445 3445 2788 3512 δυσωπούσης
2819 3444 2914 3514 τὴν
2946 3442 3097 3496 θείαν
3129 3447 3296 3518 ἀκοήν

2447 3533 2622 3601 φαῦλα
2663 3530 2926 3594 συνειδὼς,
2960 3533 3160 3600 ῥᾳδίως
3191 3536 3256 3588 ἂν
3287 3554 3296 3568 ι

2447 3625 2517 3674 Τὸ
2544 3623 2620 3685 δὲ,
2665 3625 2930 3690 Πρόσχες
2966 3621 3039 3688 τῇ
3084 3624 3288 3690 δεήσει

2447 3712 2890 3781 βεϐασανισμένος
2927 3713 3016 3763 καὶ
3050 3717 3296 3784 πρεπούσ

2445 3803 2774 3870 ἀναπέμπων
2810 3803 3039 3870 δεήσεις,
3085 3807 3113 3856 ὁ
3161 3808 3234 3876 μὴ
3275 3810 3296 3858 ὲ

2446 3892 2624 3961 χοῦσιν
2667 3893 2942 3961 αἰτήμασι,
2990 3895 3116 3962 μηδ’
3159 3897 3296 3950 ἐπὶ(

2449 3981 2769 4050 παρακαλῶν
2795 3982 2882 4032 τὸν
2910 3981 3066 4036 Θεόν.
3096 3985 3266 4038 Τοῦτο
3293 4007 3295 4013 ε

2451 4088 2542 4124 σκε
2567 4070 2752 4136 λέγων·
2786 4067 3000 4121 Αἰτεῖτε
3028 4059 3106 4123 τὰ
3130 4073 3295 4140 μεγά.

2447 4159 2748 4225 τεθήσεται
2773 4158 2927 4226 ὑμῖν.
2953 4159 3066 4210 Καὶ
3091 4163 3272 4229 τρίτον
3294 4191 3295 4203 χ

2447 4251 2661 4319 ῥήματα
2698 4251 2794 4316 τῆς
2831 4253 3136 4317 προσευχῆς
3183 4251 3294 4302 ἐνωί

2446 4341 2633 4400 εἰπεῖν,
2667 4338 2758 4389 καὶ
2790 4335 2951 4404 αὐτὴν
2980 4338 3080 4406 τὴν
3117 4339 3294 4408 φωνὴν

2445 4427 2576 4489 λίοις
2614 4426 2954 4495 προφέρεται.
2997 4425 3265 4487 Πολλάκις

2448 4517 2538 4568 καὶ
2565 4516 2738 4580 λόγοις
2766 4511 3023 4582 χρώμεθα
3056 4517 3166 4574 τοῖς
3197 4515 3294 4564 ἀπὶ

830 4633 936 4672 non
967 4618 1206 4687 purgatis
1236 4617 1410 4670 labiis.
1442 4615 1506 4667 Et
1535 4630 1660 4668 vero
1687 4589 1979 4667 occurrunt
2008 4589 2146 4680 saepe
2175 4610 2323 4663 bomi

1800 4589 1979 4665 urrunt
2008 4589 2146 4680 saepe
2175 4610 2350 4663 homi—
2376 4589 2423 4647 Ῑ)
2448 4605 2863 4673 κεκαθαρμένοις
2877 4604 2989 4663 τοῖς
3006 4603 3256 4671 χείλεσιν.
3286 4607 3293 4620 '

832 4721 964 4767 nes,
1013 4704 1105 4774 qui
1155 4703 1622 4757 indiscriminatim
1669 4699 1966 4760 conviciis,
2021 4697 2344 4759 calumniis,

830 4794 1123 4847 mendaciis
1141 4830 1160 4856 ,
1189 4791 1540 4844 fraudulentis
1570 4791 1745 4844 verbis
1767 4827 1782 4852 ,
1814 4789 2068 4857 periuriis
2095 4829 2109 4853 ,
2136 4787 2350 4841 obscm-

831 4883 915 4936 uis
954 4883 1146 4946 dictis,
1187 4882 1412 4950 aliisque
1453 4881 1698 4934 absurdis
1736 4880 1961 4933 vocibus
2005 4881 2122 4937 usi.
2165 4876 2349 4930 conle-

835 4970 956 5022 stim
983 4978 1187 5023 mutato
1212 4985 1454 5024 sermone
1473 5009 1486 5030 ,
1529 4969 1775 5038 precibus
1819 4968 1982 5021 Deum
2009 4967 2345 5035 compellant.

837 5056 904 5108 At
945 5057 1092 5110 solus
1131 5059 1213 5109 vir
1249 5066 1500 5122 sanctus,
1527 5070 1574 5113 et
1616 5060 1848 5126 linguam
1889 5065 1942 5111 et
1983 5057 2118 5109 labia
2150 5069 2352 5108 vocem-

835 5159 939 5213 que
964 5144 1134 5212 ipsam
1163 5160 1224 5196 ac
1247 5149 1406 5200 verba
1434 5151 1517 5202 vel
1548 5166 1645 5203 usu
1672 5149 1882 5210 tritiora
1909 5154 2163 5216 expurgat
2187 5161 2201 5208 ;
2230 5157 2352 5211 gua-

837 5254 930 5291 rus
961 5238 1104 5291 illius
1129 5237 1254 5290 dicti
1283 5257 1296 5289 :
1333 5239 1401 5292 De
1431 5245 1566 5294 omni
1593 5243 1740 5296 verba
1768 5244 1931 5295 otioso
1962 5240 2210 5293 rationem
2241 5232 2351 5286 red-

835 5327 966 5381 detis
1001 5328 1057 5381 in
1095 5326 1177 5379 die
1203 5326 1390 5393 judicii
1431 5329 1492 5360 ⁸⁷·
1538 5331 1675 5386 Deus
1719 5332 1981 5400 siquidem
2021 5327 2346 5383 orationem,

840 5431 947 5472 non
973 5415 1129 5469 labiis
1153 5415 1352 5468 dolosis
1373 5455 1386 5475 ,
1421 5417 1512 5469 sed
1544 5429 1765 5488 purgata
1798 5422 1975 5489 lingua
2000 5457 2014 5479 ,
2047 5415 2349 5480 divinisque

840 5505 1175 5561 sermonibus
1216 5503 1530 5558 meditandis
1570 5519 1779 5561 assueta
1812 5510 2070 5576 prolatam
2091 5545 2105 5569 ,
2134 5505 2349 5558 auribus

841 5592 1086 5668 percipit.
1137 5591 1489 5655 Quamobrem
1545 5610 1663 5646 cum
1711 5597 1776 5649 de
1826 5598 2033 5664 justitia
2089 5594 2345 5662 loquitur,

2447 4693 2726 4764 λοιδορίαις
2768 4691 2906 4742 κατά
2943 4706 3108 4744 τινων
3159 4710 3294 4762 χρηο

2448 4778 2827 4850 ψευδολογίαις,
2861 4777 2892 4844 ἢ
2932 4777 3194 4840 ἀπάταις,
3237 4781 3269 4848 ἦ

2450 4869 2790 4942 ῥημοσύναις,
2825 4867 2856 4934 ἢ
2890 4865 3070 4929 ἄλλοις
3098 4870 3238 4920 τισὶν
3272 4871 3294 4920 ὁ

2455 4957 2864 5029 μεταϐάλλοντες
2902 4955 2959 5006 ὲν
2991 4959 3058 5025 τῇ
3103 4975 3294 5027 προσει

2453 5066 2559 5101 ται.
2595 5046 2762 5106 Μόνος
2789 5044 2843 5095 δὲ
2871 5045 2898 5095 ὁ
2929 5045 3082 5111 διγιος
3115 5049 3209 5098 καὶ
3241 5049 3294 5098 τι

2453 5137 2622 5206 χείλη,
2642 5136 2732 5188 καὶ
2752 5134 2845 5202 τὴν
2866 5135 3047 5204 φωνὴν
3072 5137 3262 5205 αὐτὴν,

2453 5228 2649 5297 θαίρει·
2690 5224 2838 5287 εἰδὼς
2863 5226 3172 5295 εἰρημένονο
3193 5231 3293 5292 ηε,

2451 5335 2550 5382 τος
2586 5314 2799 5368 δώσετε
2839 5315 3024 5384 ,λόγον
3052 5316 3122 5368 ἐν
3161 5316 3291 5383 aps,

2452 5407 2556 5476 γὰρ
2596 5409 2654 5458 οὺ
2695 5406 2778 5458 διὰ
2817 5407 3040 5475 χειλέων
3083 5407 3270 5458 δολίων

2452 5498 2689 5566 γλώττης
2731 5497 3164 5566 κεκαθαρμένης,
3208 5496 3292 5547 καὶ

2452 5589 2773 5655 εἰθισμένης,
2821 5587 3140 5652 ὲνωτίζεται
3181 5588 3209 5636 ὁ
3239 5587 3292 5635 Θί

909 5746 954 5777 ⁸⁸
981 5743 1161 5808 Matth.
1207 5757 1350 5806 xxvi,
1394 5742 1477 5796 59.
1554 5746 1592 5774 ⁸⁸
1621 5743 1774 5800 Deut.
1817 5763 1981 5810 χχχιι,
2027 5748 2078 5811 8,
2130 5748 2178 5800 9.
2256 5747 2296 5775 ⁸⁵
2330 5743 2402 5797 Ps;

1817 5763 1981 5810 χχχιι,
2027 5748 2078 5811 8,
2130 5748 2178 5800 9.
2256 5747 2296 5775 ⁸⁵
2330 5743 2467 5797 Psal.
2512 5755 2625 5803 cui,
2676 5739 2727 5792 6.
2794 5737 3161 5803 “Manium,
3190 5737 3276 5790 55.
