3782 6338
205 403 297 456 {Si

1313 387 1799 462 COMMENTARIA
1839 400 1902 455 1N
1941 398 2270 454 essurus.

3259 406 3363 460 162

209 511 460 574 καεοσύνηςι
482 499 844 588 εἷσάκοῖῗσίῖντ
875 496 1158 571 ἐλέγετο,
1189 516 1286 568 ἐπὶ
1305 518 1359 570 δὲ
1378 521 1472 588 τῆς
1494 519 1733 587 δεήσεως,

1844 511 2052 573 exaudi,
2077 510 2268 577 inquit;
2297 520 2418 559 cum
2445 504 2510 558 de
2535 504 2907 573 deprecatione
2925 546 2940 570 ,
2967 500 3166 563 intende
3189 528 3206 574 ;
3242 529 3363 568 cum

204 603 436 670 προνσχεςο
462 593 542 644 ἐπὶ
568 589 619 641 δὲ
763 583 1156 678 δια-χειλέων
1203 583 1613 678 προφερομένῆς
1643 624 1749 674 φω·

200 694 299 760 τῆς,
330 683 583 738 ἐνώτισαι.
618 674 750 746 Τρία
782 675 930 742 γοῦν
968 674 1359 757 ᾐτήσατοδιά
1530 674 1746 766 προκει-

189 779 366 848 μένων,
391 769 633 843 προτάξας
658 765 761 818 τῶν
798 765 903 820 δύο
934 773 1008 825 τὸ
1041 785 1327 849 κρεῖττον.

261 864 610 929 Ἐδοκίμασας
645 857 758 925 τὴν
803 862 1097 929 καρδίαν
1129 888 1275 938 μου,
1315 874 1620 941 ἐπεσκέψω
1647 891 1748 926 νυ-

170 956 336 1019 κτόςο
361 950 642 1019 ὲπύρωσάς
675 966 772 1016 με.
822 952 932 1004 καὶ
981 959 1106 1024 οὐχ
1138 961 1350 1027 εαξφέοη
1383 963 1449 1013 ἐν
1476 963 1599 1029 ἐμοὶ
1627 962 1748 1015 ἀδι-

167 1053 304 1102 κία.
333 1044 410 1104 Ὠς
439 1041 520 1110 τὴν
544 1041 898 1110 ἀνθρωπίνην
927 1044 1234 1102 ἀσθένειαν
1260 1051 1563 1119 ὑπερϐαίνει
1589 1054 1619 1121 ἡ
1642 1052 1745 1102 τῶν

187 1133 523 1205 προκειμένων
549 1131 755 1183 διάνοια
777 1133 792 1183 ‘.
816 1132 924 1196 Τίς
940 1136 1062 1207 γὰρ
1079 1143 1407 1210 καυχήσεται
1431 1142 1594 1211 ἁγνὴν
1609 1142 1746 1209 ἔχειν

201 1224 421 1293 καρδίανς
448 1223 533 1275 καὶ
561 1223 643 1284 τίς
673 1227 1142 1296 παρρησιάζεται
1164 1230 1335 1297 λέγων
1363 1231 1592 1299 καθαρὸς
1613 1228 1744 1282 εἷναι

202 1314 298 1364 ἀπὸ
309 1310 559 1379 ἁμαρτιῶν
579 1327 595 1374 ;
612 1311 781 1382 Move)
796 1318 1105 1388 τοιγαροῦν
1124 1321 1343 1389 ἁρμόζοι
1370 1320 1512 1388 αύτῷ
1535 1320 1744 1389 Χριστῷ

199 1399 359 1468 λέγειν
389 1402 451 1452 τὰ
494 1401 856 1471 προκείμενα.
894 1409 1131 1477 Μήποτε
1158 1410 1213 1461 δὲ
1244 1411 1338 1479 τὴν
1389 1412 1464 1471 εἰς
1506 1409 1593 1461 τὸν
1617 1409 1744 1478 ᾇδην

203 1490 416 1551 κάθοδον,
439 1491 527 1543 καὶ
549 1491 639 1542 τὸν
660 1495 718 1543 ὲν
750 1493 832 1562 τῷ
850 1494 1077 1566 Θανάτῳ
1099 1499 1288 1569 χῶρον,
1308 1498 1472 1550 νύκτα
1488 1497 1743 1567 κέκληκεν

205 1580 289 1630 ἐπὶ
313 1579 396 1630 τοῦ
423 1581 684 1650 πάροντος
705 1598 720 1643 ;
753 1584 822 1634 Εἰ
857 1584 971 1654 γὰρ
997 1588 1091 1638 καὶ
1113 1589 1170 1639 ἐν
1191 1587 1338 1639 νυκτὶ
1359 1587 1574 1654 γέγονεν
1594 1589 1648 1638 ὲν
1670 1586 1744 1654 τῷ

202 1668 358 1737 καιρῷ
369 1669 465 1719 τῶν
482 1673 864 1741 πειρατηρίων
877 1676 974 1727 καὶ
986 1676 1042 1728 ὲν
1057 1675 1134 1744 τῷ
1151 1675 1399 1745 σκοτεινῷ
1414 1675 1503 1728 καὶ
1519 1677 1745 1744 ἀφεγγεῖ

193 1754 328 1823 τόπῳ
351 1756 438 1808 τοῦ
467 1757 726 1811 Θανάτου·
760 1761 901 1814 ἀλλά
929 1763 1294 1832 δοκιμασθεὶς,
1325 1766 1617 1834 ἐπισκοπῆς
1647 1767 1740 1833 τῆς

1848 603 1914 655 de
1940 615 2069 655 voce
2100 599 2253 652 labiis
2280 598 2514 666 prolata,
2549 598 2762 649 auribus
2787 599 3009 666 percipe.
3035 598 3159 654 Tria
3187 601 3364 671 itaque

1847 692 2006 745 dictis
2031 688 2336 757 hujusmodi
2367 688 2620 754 postulat,
2645 695 2696 740 et
2724 687 2863 754 quod
2890 693 3228 756 praestantius
3254 703 3368 749 erat

1849 780 2056 832 duobus
2085 778 2204 831 aliis
2233 777 2508 844 praemisit.

1916 867 2076 922 Vens.
2115 867 2166 920 '5.
2206 866 2451 918 Probasti
2487 879 2576 917 cor
2617 882 2778 918 meum
2819 875 2866 918 et
2911 867 3138 921 visitasti
3179 880 3366 934 nocte,

1846 961 1958 1027 igne
1996 976 2076 1012 me
2119 958 2465 1021 examinasti,
2507 969 2553 1010 et
2595 975 2694 1010 non
2734 968 2810 1010 est
2849 959 3049 1010 inventa
3076 960 3128 1011 in
3158 977 3236 1013 me
3263 963 3368 1014 ini-

1844 1051 2032 1116 quitas.
2069 1049 2336 1114 Quantum
2378 1048 2658 1100 humanam
2686 1048 3042 1100 inﬁrmitatem
3083 1063 3365 1118 exsuperat

1846 1138 2147 1206 hujusmodi
2192 1137 2474 1191 verborum
2503 1137 2766 1190 sententia
2795 1138 2806 1188 !
2840 1135 2970 1199 Quis
2999 1137 3142 1188 enim
3170 1137 3236 1191 de
3275 1154 3367 1191 ca-

1845 1231 2023 1282 stitate
2063 1229 2239 1283 cordis
2273 1228 2631 1296 gloriabitur?
2660 1226 2790 1290 Quis
2818 1225 3148 1280 conﬁdenter
3176 1227 3321 1280 dicat
3347 1244 3361 1280 :

1842 1316 2016 1371 Purus
2057 1331 2174 1371 sum
2218 1331 2246 1368 a
2292 1316 2566 1384 peccatis?
2610 1315 2730 1368 lla-c
2770 1330 2899 1368 sane
2939 1331 3076 1368 unus
3120 1315 3364 1371 Christus
3402 1383 3410 1395 ⁸

1841 1421 1965 1460 vere
1994 1421 2055 1460 ac
2086 1414 2439 1474 congruenter
2466 1407 2643 1459 dicere
2668 1409 2856 1458 valeat.
2885 1407 3074 1457 Annon
3105 1420 3260 1458 suum
3292 1404 3361 1458 ad

1843 1497 2041 1549 inferos
2067 1496 2416 1558 descensum,
2447 1505 2606 1564 atque
2649 1497 2823 1548 locum
2867 1497 3015 1547 illum
3055 1496 3107 1547 in
3150 1496 3362 1564 regione

1841 1586 2047 1650 mortis,
2074 1591 2284 1638 noctem
2317 1585 2368 1636 in
2397 1587 2643 1653 praesenti
2673 1586 2877 1637 vocavit
2900 1586 2922 1637 ?
2942 1585 3196 1649 Quamvis
3222 1585 3363 1638 enim

1843 1676 1895 1728 in
1926 1685 2081 1729 nocte
2109 1675 2269 1729 fuerit
2299 1691 2361 1728 ac
2400 1675 2453 1727 in
2499 1683 2733 1744 tempore
2777 1677 3126 1729 tentationum
3149 1714 3163 1736 ,
3204 1675 3364 1742 inque

1841 1765 2140 1819 tenebrosis
2199 1765 2611 1834 caliginosisque
2659 1765 2848 1819 mortis
2889 1765 3235 1834 regionibus,
3284 1772 3364 1816 at-

191 1845 323 1914 παρά
347 1847 440 1899 τοῦ
472 1849 695 1919 Πατρὺς
739 1851 974 1919 ἠξίωται
1013 1853 1100 1904 διά
1133 1857 1232 1923 τῆς
1263 1854 1617 1916 ἀναστάσεως,
1653 1855 1733 1905 καῖ

1844 1862 2016 1907 tamen
2048 1855 2330 1921 probatus,
2363 1861 2580 1922 paterna
2611 1854 2916 1908 visitatione
2940 1854 3131 1923 dignus
3153 1853 3364 1906 habitus

186 1936 371 2006 ταύτης
410 1938 740 2010 τετύχηκεν.
800 1943 1144 2014 Ἑπειδήπερ,
1187 1939 1271 1995 οἷα
1301 1945 1494 2013 χρυσὸς
1529 1946 1585 1998 ὲν
1612 1949 1738 2016 πυρὶ¹

189 2027 408 2096 βληθεὶς,
437 2027 697 2098 λαμπρὸς
726 2032 822 2083 καὶ
853 2031 1091 2102 καθαρὸς
1110 2032 1518 2102 διαμεμένηκεν.
1568 2035 1740 2086 Ἐπει-

183 2117 238 2187 δὴ
265 2117 427 2186 μόνος
469 2119 583 2171 τῶν
616 2119 678 2184 ἐξ
711 2121 912 2184 αἰῶνος
958 2122 1248 2189 ἁμαρτίαν
1289 2124 1394 2174 οὐκ
1437 2123 1736 2189 ἐποίησεν,

183 2205 309 2260 οὐδὲ
332 2211 550 2276 εὑρέθη
584 2205 792 2276 δόλος,
833 2212 972 2263 κατὰ
1000 2213 1088 2264 τὸν
1135 2212 1373 2274 Ἡσαΐαν,
1406 2214 1473 2264 ἐν
1499 2213 1575 2278 τῷ
1607 2217 1740 2268 στό-

181 2312 304 2364 ματι
333 2301 552 2352 αὐτοῦ.

245 2389 437 2454 Ὅπως
469 2391 549 2442 ἂν
586 2391 678 2458 μὴ
727 2391 978 2458 λαλήσῃ
1023 2391 1087 2444 τὸ
1119 2392 1307 2459 στόμα
1346 2409 1461 2460 μου
1505 2393 1575 2444 τὰ
1600 2393 1738 2463 ἔργα

186 2476 281 2531 τῶν
305 2479 672 2547 ἀνθρώπων,
701 2480 800 2533 διὰ
823 2481 963 2545 τοὺς
991 2482 1205 2548 λόγους
1230 2480 1344 2533 τῶν
1366 2482 1609 2549 χειλέων
1625 2500 1737 2536 σου

184 2568 277 2636 ἰτὼ
303 2570 598 2637 ἐφύλαξα
634 2571 818 2635 ὁδοὺς
851 2570 1143 2636 σκληράς.
1185 2571 1240 2621 '0
1266 2571 1320 2622 δὲ
1348 2572 1630 2640 Σύμμαχος
1658 2575 1734 2624 εἱ-

185 2658 297 2712 πών·
361 2660 500 2728 Ἐγὼ
529 2659 936 2728 ἐφυλαξάμην
960 2659 1134 2724 ὀδοὺς
1161 2659 1514 2727 παραϐἁτου,
1550 2655 1736 2732 ἑτέραν

183 2749 482 2819 παρέστησε
511 2749 776 2802 διάνοιαν·
805 2749 880 2812 ὡς
908 2749 1000 2801 τοῦ
1035 2750 1129 2820 τὴν
1157 2751 1314 2820 εὐχὴν
1349 2751 1736 2822 διαπέμποντος

181 2840 353 2893 πάντα.
381 2840 674 2910 ἄνθρωπον
722 2841 1044 2910 παραϐάτην
1091 2841 1392 2909 φεύγοντος,
1432 2845 1522 2895 καὶ
1563 2846 1736 2908 πάσας

182 2929 260 2991 τὰς
291 2930 415 2982 τῶν
447 2930 713 2982 τοιούτων
759 2931 928 2992 ὁδοὺς,
975 2929 1062 2982 διὰ
1100 2931 1160 2982 τὸ
1205 2931 1436 2999 χαλεπὰς
1475 2928 1609 2984 εἶναι
1645 2933 1735 2984 καὶ

181 3021 554 3091 ἀποπλήρους
585 3021 767 3082 πάσας
795 3019 892 3082 τὰς
925 3021 1062 3072 κατὰ
1095 3020 1285 3073 κακίαν
1307 3020 1544 3091 πράξεις.

240 3113 607 3180 Κατιὶρτισαι
661 3111 735 3163 τὰ
785 3110 1112 3178 διαϐήματά
1133 3128 1247 3178 μου
1272 3112 1339 3163 ἐν
1364 3111 1485 3176 ταῖς
1524 3112 1734 3178 τρίϐοις

185 3217 302 3267 σου,
327 3204 436 3254 ἵνα
453 3201 544 3270 μὴ
583 3201 930 3254 σαλευθῶσι
961 3200 1030 3252 τὰ
1055 3200 1376 3267 διαϐήματὰ
1399 3219 1534 3268 μου.
1578 3202 1733 3252 Ὑπο-

192 3291 426 3358 γραμμὺν
466 3291 604 3358 ἡμῖν
638 3289 730 3340 καὶ
776 3289 861 3341 διὰ
902 3288 1100 3341 τούτων
1160 3289 1423 3358 παρέσχεν
1469 3291 1498 3341 ὁ
1526 3290 1729 3358 Σωτὴρ,

188 3379 440 3432 παιδεύων
506 3374 726 3449 μήποτε
764 3377 1154 3447 ὲπιτρίϐεσθαι,
1183 3379 1312 3447 μηδὲ
1345 3378 1482 3447 μέγα
1508 3380 1589 3446 ἐφ’
1613 3381 1734 3431 ἐαυ-

187 3468 284 3528 τοίς
307 3471 549 3538 φρονεῖν.
593 3463 673 3518 Εὖ
702 3466 759 3517 δὲ
798 3468 891 3518 καὶ
921 3466 1158 3537 ἀκριϐῶς
1183 3467 1483 3530 πεπεῖσθαι,
1519 3467 1592 3529 ὡς
1611 3468 1734 3520 πάν-

188 3570 289 3608 τοτε
311 3562 405 3628 τῆς
435 3556 598 3626 παρὰ
629 3555 719 3607 τοῦ
742 3555 876 3607 Θεοῦ
904 3555 1124 3625 δεόμεθα
1152 3556 1412 3624 βοηθείας,
1431 3557 1515 3608 ἵνα
1540 3556 1612 3626 μὴ
1643 3573 1733 3608 σα-

189 3643 327 3716 ltuit?)
381 3649 542 3718 ἡμῶν
591 3646 667 3698 τὰ
703 3645 1028 3716 διαδήματα,
1059 3645 1150 3696 καὶ
1211 3646 1290 3705 εἰς
1343 3644 1401 3694 τὺ
1433 3643 1731 3714 ἐφαρμόσαι

189 3738 288 3797 ταῖς
312 3737 506 3789 ἑαυτοῦ
535 3735 749 3806 τρίϐοις
779 3736 904 3796 τοὺς
925 3735 1214 3803 ἡμετέρους
1243 3733 1423 3795 πόδας·

249 3827 702 3896 Θαιψὰστωσον
731 3824 802 3876 τὰ
831 3824 969 3890 ἐλέη
998 3839 1110 3876 σου
1144 3825 1174 3874 ό
1195 3821 1388 3881 σώζων
1409 3821 1543 3886 τοὺς
1565 3822 1729 3876 ἑλπί-

190 3913 372 3982 ζοντας
416 3918 520 3971 ἐπὶ
560 3910 662 3966 σέ.
688 3914 881 3978 Σώζων
909 3915 964 3968 δὲ
995 3914 1202 3984 εἴρηται
1246 3913 1368 3975 τοὺς
1427 3912 1730 3976 ἐλπίζοντας

191 4005 257 4066 εἰς
286 4007 458 4071 αὐτὸν,
486 4007 551 4058 ού
597 4004 727 4065 τοὺς
772 4007 834 4056 ὲκ
864 4003 1168 4072 σπέρματος
1212 4000 1437 4070 Ἰσραὴλ,
1467 4001 1582 4052 οὐδὲ
1609 4003 1730 4064 τοὺς

191 4097 314 4147 κατά
342 4096 424 4149 τὸν
453 4095 630 4164 νόμον
660 4093 933 4154 Μωῦσέως
986 4091 1245 4160 βιοῦνταςο
1276 4090 1385 4142 ἀλλ’
1407 4089 1586 4159 ὥσπερ
1609 4107 1729 4144 και-

191 4182 274 4252 νὴν
299 4185 409 4237 ὁδον
439 4187 774 4256 εὑράμενος,
807 4181 991 4244 σώζων
1017 4180 1251 4248 ἀνεφάνη
1296 4181 1417 4242 τοὺς
1448 4183 1526 4242 είς
1572 4180 1728 4232 αὑτὸν

193 4271 488 4338 ἡλωκότας.
512 4273 702 4327 Μένει
731 4271 859 4341 γὰρ,
890 4273 1047 4341 φησὶν
1083 4271 1110 4320 ὁ
1147 4268 1472 4331 Ἀπόστολος,
1509 4275 1724 4334 πίστις,

192 4360 368 4429 ἐλπὶς,
398 4365 625 4434 ἀγάπη·
662 4363 731 4415 τὰ
765 4364 889 4433 τρία
920 4363 1084 4415 ταῦτα
1110 4363 1528 4433 συμπέπλεκται,
1547 4361 1728 4431 ὥσπερ

1838 1951 1918 1996 est
1961 1958 2054 2012 per
2097 1946 2542 1998 resurrectionem
2589 1960 2749 2011 quam
2794 1943 3045 1998 obtinuit.
3097 1942 3361 2008 Quoniam

1837 2047 1932 2085 ceu
1959 2047 2144 2086 aurum
2173 2035 2276 2103 igni
2301 2034 2551 2087 traditum
2575 2075 2588 2098 ,
2617 2033 2925 2101 splendidus
2947 2049 3218 2102 purusque
3241 2049 3360 2101 per-

1837 2124 2050 2176 mansit.
2079 2122 2236 2178 Solus
2261 2125 2400 2177 enim
2429 2139 2492 2177 ex
2521 2125 2586 2178 iis
2613 2128 2703 2192 qui
2729 2139 2757 2176 a
2781 2125 2975 2177 saeculo
3002 2124 3212 2178 fuerunt
3243 2140 3360 2192 pec-

1835 2222 2005 2264 catum
2039 2230 2138 2265 non
2187 2213 2306 2280 fecit
2327 2253 2340 2276 ,
2391 2230 2578 2282 neque,
2611 2215 2902 2268 secundum
2933 2215 3154 2279 Isaiam,
3186 2215 3361 2267 iurem

1836 2311 1917 2354 tus
1941 2312 2018 2354 est
2039 2302 2187 2355 dolus
2216 2304 2268 2355 in
2303 2319 2386 2356 ore
2415 2304 2526 2370 ejus
2542 2303 2604 2357 ⁸⁸.

1904 2390 2064 2445 Vens.
2105 2393 2156 2446 4.
2203 2392 2268 2446 Ut
2301 2405 2399 2446 non
2439 2393 2679 2461 loquatur
2713 2411 2769 2446 os
2800 2407 2967 2446 meum
3001 2409 3155 2462 Opera
3189 2394 3357 2448 Itami-

1836 2495 1989 2543 num,
2024 2491 2230 2546 propter
2261 2481 2413 2532 verba
2444 2479 2701 2531 labiorum
2735 2489 2936 2533 tuorum
2975 2497 3066 2549 ego
3106 2481 3360 2536 custodiri

1834 2573 1942 2624 vias
1992 2571 2171 2624 duras.
2227 2570 2576 2639 Symmachus
2620 2585 2742 2623 eum
2791 2571 2899 2623 ait:
2947 2569 3056 2639 Ego
3098 2571 3357 2626 observavi

1834 2663 1943 2713 t-ias
1999 2662 2457 2729 praevaricatoris,
2521 2661 2679 2712 aliam
2735 2661 2947 2729 praefert
3005 2663 3356 2725 sententiam,

1834 2753 1985 2818 quasi
2023 2752 2226 2806 scilicet
2261 2753 2306 2806 is
2338 2752 2427 2820 qui
2475 2752 2771 2805 orationem
2817 2752 3045 2815 emittit,
3095 2752 3162 2805 ab
3210 2754 3357 2806 omni

1833 2839 2046 2893 homine
2080 2843 2487 2908 praevaricatore
2523 2838 2793 2903 declinet;
2830 2847 2990 2908 atque
3037 2853 3224 2897 omnes
3276 2849 3357 2892 ta-

1835 2927 1962 2980 lium
2013 2928 2249 2981 virorum
2299 2927 2551 2989 semitas,
2604 2942 2875 2996 pravaque
2925 2942 3119 2997 opera,
3172 2937 3356 2998 utpote

1833 3019 1966 3071 (luta
2004 3027 2055 3071 et
2094 3034 2279 3087 aSpera
2321 3028 2614 3072 aversetur.

1901 3107 2061 3160 Vens.
2094 3109 2144 3160 5.
2188 3107 2383 3176 Perﬁce
2419 3122 2622 3176 gressus
2655 3123 2790 3160 meos
2819 3109 2869 3160 in
2909 3109 3104 3162 seruilis
3147 3110 3269 3170 tuis,
3293 3117 3350 3162 at

1833 3215 1930 3250 non
1962 3212 2259 3251 moveantur
2292 3199 2503 3266 vestigia
2536 3216 2664 3252 mea.
2702 3199 2980 3267 Exemplar
3012 3204 3164 3257 nobis
3207 3204 3354 3258 hisco

1832 3287 2008 3341 verbis
2051 3286 2293 3341 admovet
2329 3285 2605 3351 Salvator;
2647 3287 3019 3355 admonetque,
3048 3305 3168 3342 cum
3202 3301 3258 3344 ut
3287 3307 3355 3345 ne

1832 3380 2008 3432 animo
2044 3379 2366 3448 irangamur,
2410 3388 2522 3433 tum
2567 3395 2631 3432 ne
2659 3391 2908 3447 magnum
2938 3381 3004 3433 de
3033 3381 3185 3435 nobis
3218 3382 3350 3448 ipsis

1833 3467 2127 3534 sapiamus,
2157 3468 2417 3536 planeque
2457 3476 2784 3536 compertum
2817 3482 2880 3523 ae
2907 3485 3220 3538 persuasum
3254 3470 3354 3523 ha-

1832 3555 2072 3619 beamus,
2119 3570 2218 3610 nos
2246 3557 2428 3610 divino
2471 3571 2679 3626 semper
2709 3571 2864 3626 egere
2895 3559 3113 3622 auxilio,
3153 3567 3210 3610 ut
3243 3574 3351 3612 non

1830 3651 2145 3699 moveantur
2175 3646 2396 3715 vestigia
2425 3653 2630 3707 nostra.
2668 3654 2835 3714 utque
2865 3648 3026 3716 pedes
3054 3655 3267 3702 nostros
3294 3649 3349 3702 in

1829 3733 2032 3787 semitis
2063 3733 2178 3800 ejus
2209 3742 2352 3787 recte
2379 3717 2778 3802 componamus.

1897 3822 2056 3878 Vens.
2090 3823 2138 3876 7.
2181 3822 2409 3891 Miriﬁca
2455 3825 2831 3878 misericordias
2879 3835 3014 3887 tuas,
3059 3828 3144 3896 qui
3181 3829 3349 3881 salvos

1830 3911 1959 3978 facis
2001 3919 2259 3977 sperantes
2296 3912 2349 3961 in
2379 3919 2443 3963 te.
2475 3908 2575 3974 Qui
2608 3911 2781 3964 salvos
2808 3910 2956 3974 facit,
2995 3912 3184 3981 inquit,
3229 3930 3350 3982 spe-

1828 4008 2008 4054 rantes
2034 4000 2087 4052 in
2130 4015 2208 4063 se,
2239 4015 2347 4053 non
2376 4014 2468 4054 eos
2497 4000 2588 4068 qui
2617 4014 2678 4053 ex
2719 4000 2920 4053 semine
2951 3999 3160 4054 lsraelis
3199 4013 3346 4068 sunt,

1825 4107 1999 4162 neque
2028 4106 2121 4145 eos
2145 4092 2232 4159 qui
2257 4091 2548 4146 secundum
2573 4089 2768 4160 Moysis
2792 4090 2956 4157 legem
2980 4091 3137 4143 vitam
3163 4101 3347 4159 agunt,

1827 4182 1940 4243 sed,
1978 4182 2129 4250 quasi
2170 4196 2306 4234 nova
2351 4188 2556 4249 reperta
2601 4180 2706 4244 via,
2757 4179 2978 4233 salutem
3011 4181 3350 4247 sperantibus
3425 4235 3444 4240 _

1827 4273 1880 4325 in
1906 4286 1962 4326 se
1991 4270 2235 4325 conferre
2259 4276 2561 4338 compertus
2599 4275 2698 4322 est.
2739 4266 2948 4320 Manent
2985 4269 3148 4332 enim,
3178 4269 3354 4337 inquit

1825 4361 2130 4430 Apostolus,
2155 4361 2301 4430 ﬁdes,
2335 4372 2468 4427 spes,
2501 4360 2725 4412 charitas
2757 4359 2799 4392 "
2831 4359 2966 4412 :tria
2990 4358 3099 4412 lucc
3114 4375 3210 4413 ceu
3234 4362 3354 4415 vin-

196 4448 272 4516 ὑφ’
307 4452 385 4504 ἑνὶ
400 4452 589 4522 δεσμῷ
619 4450 1038 4519 κατεσφιγμένα.
1070 4450 1158 4501 Διὸ
1192 4451 1288 4520 τὴν
1319 4450 1492 4502 πίστιν
1545 4451 1607 4517 τῇ
1640 4449 1725 4500 ἑλ-

1840 4453 1948 4506 :ulo
1984 4453 2167 4506 eodem
2205 4452 2424 4505 astricta
2465 4455 2873 4503 connectuntur.
2915 4447 3248 4518 Quapropter
3290 4453 3351 4504 ii-

158 4551 164 4557 ‘
199 4540 296 4592 sua:
319 4543 578 4595 συνάπτει
602 4541 794 4607 λέγων’
832 4540 998 4591 Ἔστι
1028 4537 1095 4589 δὲ
1119 4539 1314 4601 πίστις
1344 4535 1726 4602 ἐλπιζομένων

198 4627 508 4696 ὑπόστασις
535 4626 911 4696 πραγμάτων,
950 4626 1190 4694 ἔλεγχος
1237 4628 1306 4678 οὐ
1325 4623 1721 4692 βλεπομένων·

197 4717 351 4771 ταῦτα
381 4721 422 4773 δ’
455 4722 513 4787 ἐξ
536 4719 763 4787 ἀγάπης
790 4718 887 4786 τῆς
920 4717 1052 4785 πρὸς
1103 4717 1190 4768 τὸν
1226 4715 1350 4766 Θεὸν
1393 4715 1598 4781 φύεταιο
1635 4715 1725 4766 καὶ

197 4803 254 4854 δι’
272 4808 438 4860 αὐτῶν
468 4808 636 4860 πάλιν
665 4807 698 4875 ἠ
725 4807 804 4867 εἰς
833 4803 960 4856 Θεὸν
990 4803 1174 4869 ἀγάπη
1218 4801 1549 4868 κρατύνεται.

269 4979 364 5034 Ἐκ
393 4982 508 5035 τῶν
541 4978 994 5043 ἀνθεστηκότων
1018 4974 1091 5041 τῇ
1112 4973 1274 5040 δεξιᾷ
1307 4989 1417 5027 σου
1453 4975 1709 5040 φύλαξόν

198 5085 280 5135 με,
310 5074 496 5138 Κύριε,
525 5072 606 5134 ὡς
628 5071 815 5136 κόρην
857 5061 1178 5132 ὀφθαλμοῦ.
1220 5065 1318 5114 Ἐν
1370 5061 1559 5128 σκέπῃ
1609 5061 1721 5114 τῶν

205 5163 485 5229 πτερύγων
539 5179 654 5214 σου
729 5154 1056 5216 σκεπάσας
1109 5168 1183 5218 με
1239 5153 1352 5205 ἀπὸ
1409 5151 1718 5218 προσώπου

206 5248 417 5304 ἀσεϐῶν
447 5252 562 5304 τῶν
603 5242 1183 5312 ταλαιπωρησάντων
1206 5257 1299 5307 με.
1358 5242 1464 5291 Καὶ
1492 5243 1593 5302 πᾶς
1631 5243 1724 5309 μὲν

207 5335 392 5401 δίκαιος
416 5339 839 5410 προσευχόμενος
893 5330 1087 5384 δείσθω
1138 5328 1226 5379 τοῦ
1285 5329 1434 5389 Θεοῦ,
1473 5331 1566 5397 τῆς
1602 5332 1722 5399 παρ’

209 5426 352 5478 αὑτοῦ
375 5427 748 5494 καταξιοῦσθαι
799 5421 1062 5490 φυλακῆς⁶
1102 5417 1373 5484 ὁμολογῶν
1428 5418 1497 5486 μὴ
1551 5420 1725 5482 ἱκανὸς

209 5508 329 5568 εἶναι
359 5518 518 5584 φύλαξ
545 5517 701 5577 αὐτὸς
723 5509 913 5566 ἑαυτοῦ
936 5504 1182 5573 γίνεσθαι
1201 5505 1288 5557 διὰ
1315 5506 1373 5556 τὸ
1405 5505 1592 5574 πλῆθος
1621 5509 1725 5558 τῶν

1827 4538 1944 4592 dem
1964 4539 2074 4606 spei
2103 4540 2344 4606 copulat,
2373 4539 2496 4590 dum
2525 4537 2598 4588 ait
2628 4553 2640 4588 :
2665 4534 2759 4588 Est
2789 4548 2954 4590 autem
2983 4539 3108 4604 ﬁdes
3137 4558 3351 4608 spera"-

1828 4628 2014 4681 darum
2047 4627 2331 4682 substantia
2354 4643 2543 4688 rerum,
2577 4639 2926 4696 argumentum
2956 4645 3054 4681 non
3093 4647 3373 4696 apparati--

1829 4718 1954 4769 tium
1989 4717 2053 4768 ³ο.
2086 4715 2206 4769 Πιεο
2244 4731 2403 4783 porro
2441 4730 2508 4768 ex
2552 4729 2660 4768 una
2705 4730 2828 4784 erga
2872 4715 3036 4769 Deum
3088 4718 3347 4771 charitate

1830 4805 2109 4869 oriuntur;
2147 4805 2318 4873 iisque
2348 4804 2582 4858 vicissim
2617 4805 2850 4858 charitas
2888 4819 3013 4871 erga
3048 4803 3212 4857 Deum
3259 4820 3348 4858 ro-

1826 4895 2064 4948 boratur.
3367 4891 3375 4906 “

1896 4982 2056 5037 Vens.
2095 4983 2147 5046 8,
2184 4983 2234 5038 9.
2274 4983 2314 5035 Α
2349 4983 2696 5036 resistentibus
2741 4981 2960 5031 dextera:
2999 4989 3102 5032 tute
3145 4983 3345 5035 custodi

1826 5087 1923 5132 me,
1951 5071 2183 5133 Domine,
2219 5081 2274 5122 ut
2311 5069 2556 5138 pupillam
2587 5069 2740 5120 oculi.
2776 5064 2879 5116 Sub
2914 5065 3097 5118 umbra
3142 5069 3345 5120 alarum

1823 5168 2024 5210 tuarum
2067 5166 2294 5225 proteges
2341 5172 2436 5216 me,
2482 5172 2513 5207 a
2549 5155 2680 5222 facie
2716 5153 2987 5218 impiorum
3023 5155 3111 5221 qui
3145 5171 3222 5208 me
3266 5157 3349 5223 af-

1821 5246 2086 5312 ﬂixerunt.
2116 5244 2299 5298 Justus
2329 5243 2572 5312 quilibet,
2607 5256 2725 5293 cum
2761 5245 3026 5306 precatur,
3057 5255 3088 5290 a
3118 5239 3226 5294 Deo
3254 5245 3347 5296 ob-

1823 5335 1946 5388 nixe
1977 5335 2207 5403 postulet
2241 5334 2316 5388 uti
2346 5349 2402 5387 se
2445 5331 2689 5386 custodia
2725 5345 2822 5383 sua
2854 5327 3142 5396 dignetur;
3176 5329 3346 5384 fatea~

1823 5434 2014 5492 turque
2047 5439 2124 5484 se,
2157 5439 2263 5492 prae
2291 5422 2719 5477 adversariorum
2746 5416 3108 5479 multitudine,
3146 5418 3214 5470 ad
3251 5435 3345 5472 cu-

1825 5511 2049 5564 stodiam
2099 5507 2180 5559 sui
2214 5507 2429 5562 minime
2460 5505 2706 5561 idoneum
2734 5518 2855 5559 esse
2882 5519 2895 5555 :
2931 5507 3080 5571 roget
3111 5503 3245 5558 item
3277 5503 3348 5557 uti

274 5687 311 5734 θ’
344 5687 572 5756 lsa.t.tn,
600 5688 694 5754 i9;
737 5683 754 5736 1
787 5683 933 5738 Petr.
975 5693 1035 5742 tt,
1061 5676 1156 5730 2?.
1231 5679 1273 5757 θ’
1306 5677 1327 5730 ι
1357 5677 1473 5732 Cor.
1495 5694 1608 5745 xm,
1641 5683 1724 5736 15.

1840 5693 1841 5704 ‘
1875 5682 2032 5740 Hebr.
2063 5694 2134 5744 st,
2174 5679 2218 5734 Ι.
