3782 6320
835 345 940 402 167

1520 341 1782 396 EUSEBll
1817 320 2285 395 amsanmtvsns
2314 320 2460 397 Opp.
2484 343 2660 396 PARS
2691 341 2776 397 ιιι.
2801 373 2868 383 -
2894 341 3078 397 EXEG
3091 339 3367 396 ETICA.

822 477 935 514 eum
957 459 1204 512 Dominus
1227 459 1287 510 de
1304 474 1454 509 manu
1477 461 1701 510 Omnium
1720 458 2046 508 inimicorum
2070 455 2200 520 ejus,
2219 465 2266 506 et
2292 467 2315 504 α

1874 471 2046 506 corum
2070 455 2200 520 ejus,
2219 465 2266 506 et
2292 455 2353 506 de
2381 466 2424 519 Α
2447 456 2516 506 ἐν
2542 454 2723 522 ἡμέρᾳ
2778 449 2816 522 ᾖ
2867 455 3180 520 ὲρῤὑσατο
3239 455 3367 504 αὐτ

824 568 981 604 manu
1011 551 1157 609 Saul,
1199 560 1245 602 et
1285 549 1439 601 dixit.
1472 548 1826 616 Symmachus
1857 566 1868 599 :
1895 545 2168 598 Canticum
2195 550 2351 597 victo-

824 641 916 694 ria:
942 641 1072 693 servi
1112 639 1320 691 Domini
1342 637 1530 690 David.

891 807 996 864 Par
1023 809 1162 862 enim
1201 807 1299 859 fuit
1331 821 1429 860 nos
1469 823 1534 860 ex
1572 808 1687 876 ipso
1728 807 1932 874 psalmo
1963 805 2220 870 ediscere,
2251 806 2353 858 Da-

821 899 1016 959 videm,
1060 895 1344 948 occasione
1381 896 1617 948 victorian
1659 897 1724 948 de
1753 895 1987 948 inimicis
2032 904 2084 946 et
2110 896 2350 949 hostibus

821 997 1000 1054 partae,
1048 985 1222 1036 omnis
1253 985 1484 1038 victoriae
1518 986 1742 1048 auctori,
1784 986 1875 1053 qui
1912 985 2032 1037 ideo
2064 987 2347 1048 νικοποιός,

818 1074 871 1129 id
905 1083 985 1128 εει
1019 1070 1246 1122 victorim
1269 1071 1496 1136 effector,
1524 1073 1742 1138 dicitur,
1789 1075 1933 1143 quod
1974 1076 2203 1129 victores
2244 1076 2351 1128 clli-

818 1163 946 1226 ciat,
975 1164 1349 1232 triumphalem
1378 1164 1520 1217 hunc
1547 1164 1798 1233 hymnum
1823 1179 2190 1219 consecrasse.
2214 1165 2349 1229 Quia

820 1253 941 1306 item
977 1254 1061 1306 hic
1091 1253 1317 1322 hymnus
1350 1253 1460 1306 sive
1501 1255 1768 1306 canticum
1808 1254 2146 1322 triumphale,
2193 1253 2351 1307 Davi-

817 1343 902 1397 dis
924 1343 1122 1396 dicitur
1155 1357 1294 1396 esse.
1345 1343 1518 1411 Atque
1558 1343 1609 1394 in
1644 1345 1796 1411 ﬁnem
1829 1344 2143 1396 inscribitur
2171 1361 2183 1396 :
2217 1359 2351 1411 quo-

818 1435 958 1487 niam
1001 1434 1202 1486 scilicet
1234 1433 1517 1500 postremis
1585 1433 1702 1485 vita:
1740 1435 1857 1500 ejus
1898 1434 2073 1495 annis,
2120 1447 2182 1485 ac
2230 1441 2349 1502 post

815 1523 994 1576 omnia
1018 1539 1135 1590 qua:
1159 1523 1214 1574 in
1239 1522 1458 1575 historia
1492 1522 1736 1575 feruntur
1759 1524 1876 1588 ejus
1905 1538 2086 1591 opera,
2112 1538 2348 1590 pronun-

817 1614 982 1666 tiatus
1013 1619 1126 1677 est;
1162 1620 1254 1665 aut
1286 1614 1408 1680 quia
1441 1613 1773 1679 prophetiam
1801 1629 1985 1665 eorum
2018 1628 2137 1681 qua:
2161 1613 2214 1664 in
2247 1613 2349 1666 ﬁne

816 1703 995 1756 saeculi
1025 1703 1318 1756 obventura
1341 1710 1466 1756 sunt
1493 1704 1771 1768 enuntiat;
1804 1704 1914 1756 sive
1943 1705 2100 1757 tertio
2128 1705 2250 1771 quia
2281 1704 2346 1757 ad

813 1807 876 1846 ea
909 1807 1026 1859 qua:
1068 1792 1121 1843 in
1170 1798 1438 1860 postrema
1479 1792 1639 1859 hujus
1671 1793 1852 1861 hymni
1899 1801 2051 1860 parte
2081 1793 2344 1856 feruntur,
2378 1781 2418 1837 Β

813 1881 980 1936 lector
1007 1883 1314 1936 remittitur.
1341 1881 1397 1934 In
1417 1896 1523 1950 quo
1547 1880 1786 1952 [triplici]
1820 1884 1942 1944 line,
1974 1883 2184 1936 vocatio
2213 1899 2342 1951 gen-

811 1971 943 2024 tium
974 1981 1025 2024 et
1049 1972 1323 2040 prophetia
1353 1972 1417 2024 de
1447 1971 1683 2024 Christo.
1715 1971 1825 2024 Hoc
1855 1979 2032 2024 autem
2069 1971 2224 2024 modo
2257 1985 2344 2023 va-

809 2061 1086 2126 ticinatur,
1112 2071 1170 2114 ut
1209 2059 1422 2115 Saulem
1459 2077 1578 2116 cum
1615 2061 1736 2114 aliis
1779 2061 2027 2114 omnibus
2066 2075 2167 2113 una
2199 2076 2343 2114 com-

809 2149 1091 2216 plectatur.
1151 2149 1268 2202 Alia
1329 2159 1542 2218 qquue
1588 2151 1792 2202 ratione
1838 2151 2010 2218 ipsum
2067 2148 2132 2202 de
2179 2165 2340 2202 manu

811 2235 940 2290 Saul
971 2237 1216 2290 liberavit
1243 2256 1256 2292 :
1291 2237 1596 2307 frequenter
1625 2240 1764 2292 enim
1787 2252 1880 2304 per
1909 2254 2116 2288 manum
2153 2238 2343 2291 intelli-

807 2326 951 2396 gitur
987 2341 1143 2395 opus.
1172 2317 1337 2396 Igitur
1369 2329 1460 2396 qui
1501 2328 1746 2381 liberavit
1776 2326 2024 2380 Davidem
2057 2342 2120 2379 ex
2168 2318 2364 2380 omni?

808 2416 910 2469 bus
941 2416 1172 2469 inimicis
1201 2417 1334 2480 suis,
1362 2418 1482 2483 jure
1505 2430 1567 2468 ac
1595 2426 1985 2482 consequenter
2013 2415 2188 2481 ipsum
2226 2429 2342 2466 nia-

802 2506 1014 2576 joribus
1057 2506 1328 2562 beneﬁciis
1356 2507 1683 2567 devinciens,
1718 2521 1784 2557 ex
1817 2505 1914 2556 hac
1949 2503 2124 2557 Saulis
2156 2520 2337 2567 manu,

808 2598 921 2651 sive
944 2611 1124 2664 Opere,
1171 2598 1371 2664 pariter
1403 2597 1635 2665 eripuit,
1681 2603 1739 2648 ut
1773 2611 1876 2647 non
1912 2595 2060 2663 paria
2094 2609 2213 2647 cum
2249 2595 2340 2649 illo

808 2670 1101 2752 pateretur.
2008 2688 2016 2697 '

877 2773 1038 2829 Vens.
1073 2775 1127 2838 2,
1161 2777 1195 2828 5
1255 2774 1482 2843 Diligam
1521 2783 1585 2833 te,
1627 2772 1862 2837 Domine,
1894 2774 2144 2840 fortitudo
2186 2792 2336 2828 mea:

806 2865 1058 2919 Dominus
1087 2869 1468 2935 ﬁrmamentum
1507 2881 1670 2917 meum
1701 2874 1749 2917 et
1773 2865 2029 2933 refugium
2069 2881 2258 2928 meum,
2286 2877 2335 2918 et

809 2958 1052 3011 liberator
1081 2973 1239 3008 meus.
1273 2955 1411 3009 Deus
1449 2971 1590 3008 meus
1620 2955 1828 3023 adjutor
1857 2970 2017 3019 meus,
2045 2963 2093 3006 et
2121 2955 2335 3021 sperabo

806 3048 861 3100 in
888 3062 1002 3100 eum
1028 3060 1044 3097 :
1066 3053 1322 3113 protector
1346 3060 1484 3097 meus
1514 3053 1561 3096 et
1596 3059 1754 3095 cornu
1787 3043 1973 3096 salutis
1993 3059 2114 3095 meae
2141 3053 2187 3095 et
2213 3060 2334 3096 sus-

2453 544 2686 596 πάντων
2711 541 2824 593 τῶν
2850 541 3083 610 ἐχθρῶν
3109 540 3366 602 αὑτοῦ,

2452 633 2546 683 καὶ
2574 631 2719 683 εἷπε.
2772 628 3080 698 Σύμμαχος·
3139 627 3368 678 Ἔπη-’ί

2442 725 2577 789 ρίου
2610 721 2713 774 τοῦ
2746 720 2938 773 Δαυΐδ.

2515 809 2652 860 Ἔδει
2677 808 2782 878 γάρ
2807 810 2948 877 ἡμᾶς
3005 806 3368 874 ἀναγκαίως

2449 915 2553 960 ναι,
2597 899 2676 949 ὅτι
2731 896 2821 948 ἐπὶ
2862 899 2978 959 ταῖς
3034 896 3239 956 νίκαις
3315 911 3368 945 τι

2449 989 2540 1038 καὶ
2579 986 2844 1055 πολεμίων
2883 987 2971 1037 τὸν
3023 984 3368 1054 προκείμεν

2450 1079 2624 1148 πάσης
2686 1079 2838 1146 νίκης
2900 1078 3106 1145 αἰτίῳ,
3168 1074 3260 1144 τῷ
3330 1091 3368 1125 κ

2451 1169 2610 1236 μένῳ,
2644 1169 2735 1220 καὶ
2775 1168 2860 1220 διὰ
2883 1167 3036 1218 τοῦτο
3062 1163 3360 1232 νικοποιῷ

2446 1260 2473 1309 ὁ
2501 1257 2677 1308 Δαυῖδ·
2713 1259 2803 1309 καὶ
2842 1258 2921 1308 ὅτι
2964 1256 3255 1316 ἐπινίκιος
3287 1249 3367 1305 οὗ

2447 1348 2654 1416 εἴρηται
2684 1346 2773 1398 τοῦ
2803 1347 2978 1398 Δαυῒδ.
3001 1347 3114 1408 Εἰς
3143 1344 3216 1396 τὸ
3256 1344 3368 1396 τέλ

2445 1440 2566 1498 τοὺς
2603 1437 2935 1498 τελευταίους
2956 1437 3058 1504 τῆς
3091 1436 3255 1503 ζωῆς
3294 1435 3368 1485 αὐ

2447 1528 2621 1587 πάσας
2647 1527 2806 1577 αὑτοῦ
2835 1526 2929 1588 τὰς
2955 1526 3193 1596 πράξεις
3230 1524 3341 1584 τὰς

2447 1619 2537 1687 ρίᾳ
2586 1617 2842 1685 λελέχθαι·
2886 1617 2919 1685 ἢ
2973 1617 3063 1668 διὰ
3110 1616 3177 1668 τὸ
3235 1633 3368 1684 πρωί

2449 1706 2738 1776 μελλόντων
2795 1706 3008 1758 ἔσεσθαι
3057 1707 3157 1757 ἐπὶ
3231 1722 3368 1756 συντ

2446 1796 2640 1865 τρίτον,
2664 1795 2749 1846 διὰ
2783 1795 2842 1846 τὸ
2878 1797 2967 1846 ἐπὶ
3002 1795 3076 1847 τά
3100 1795 3239 1864 τέλη
3301 1796 3368 1846 τι]

2445 1885 2536 1934 τοῦ
2561 1883 2906 1952 προκειμένου
2959 1881 3136 1951 ὕμνου
3162 1882 3261 1933 τὸν
3307 1883 3368 1932 ὲν

2446 1989 2581 2023 πειν·
2618 1974 2673 2023 ὲν
2700 1967 2779 2034 οἷς
2827 1971 3029 2023 τέλεσιν
3053 1974 3086 2040 ἡ
3119 1970 3332 2038 κλῆσις

2443 2061 2534 2112 τοῦ
2568 2061 2797 2128 Χριστοῦ
2835 2061 3162 2130 προφητεία.
3236 2060 3368 2112 Τοῦ·

2445 2167 2560 2211 πον,
2591 2149 3264 2219 συμπαραλαμϐανομένου
3297 2166 3364 2200 το

2450 2241 2556 2292 Καὶ
2580 2238 2746 2301 ἄλλως
2775 2238 2828 2288 δὲ
2857 2237 3011 2289 αὑτὸν
3045 2238 3112 2288 ὲκ
3160 2234 3356 2305 χειρὸς

2449 2326 2625 2396 χειρὸς
2666 2325 2915 2386 πολλάκις
2965 2325 3083 2376 ἀντὶ
3121 2324 3368 2392 πράξεως

2448 2416 2679 2475 Εἰκότως
2726 2409 2815 2464 οὖν
2862 2414 2889 2463 ὁ
2932 2412 3240 2482 ῥυσάμενος
3292 2415 3368 2464 Aa

2450 2503 2650 2572 ὲχθρῶν
2676 2501 2857 2562 αὑτοῦ,
2894 2501 3151 2571 μειζόνως
3186 2502 3357 2553 αὐτὸν

2418 2610 2543 2663 .της
2590 2592 2685 2660 τῆς
2721 2590 2894 2660 χειρὸς
2933 2589 3024 2642 τοῦ
3075 2591 3270 2654 Σαοὺλ,
3326 2610 3368 2643 τι

2448 2681 2630 2742 αὑτοῦ,
2665 2682 2943 2750 ἐρρύσατο,
2969 2680 3043 2741 ὡς
3081 2681 3158 2750 μὴ
3189 2682 3259 2733 τὰ
3284 2683 3368 2750 δμε

2519 2767 2828 2836 Ἀγαπήσω
2854 2784 2944 2829 σε,
2993 2767 3191 2833 Κύριε,
3227 2769 3368 2835 ἱσχό

2431 2854 2626 2923 ρέωμά
2645 2871 2760 2924 μου
2787 2855 2882 2907 καὶ
2909 2855 3220 2923 καταφυγή
3260 2874 3368 2923 μοι

2451 2946 2511 2998 Ὅ
2546 2946 2684 3008 Θεός
2707 2963 2843 3012 μου,
2867 2946 3090 3012 βοηθός
3114 2963 3258 3012 μου,
3284 2963 3362 2997 χιι

2438 3035 2878 3101 ὺπερασπιστής
2941 3053 3077 3102 μου,
3145 3036 3246 3088 καὶ
3292 3036 3368 3103 κέ,

803 3144 975 3204 ceptor
1022 3111 1160 3187 meus
1203 3174 1217 3188 .
1261 3170 1274 3185 .
1320 3171 1334 3188 .
1380 3173 1392 3187 .
1437 3172 1452 3186 .
1509 3175 1522 3186 .
1568 3171 1582 3185 .
1654 3133 1769 3183 Alia
1815 3146 2026 3200 quoque
2076 3132 2296 3185 sententi

1836 3146 2026 3200 [noque
2076 3111 2407 3185 sentcntiae
2434 3143 2584 3194 μου,
2637 3125 2732 3178 καὶ
2788 3127 3157 3191 ἀντιλήπτωρ
3210 3144 3329 3194 μου

803 3221 968 3278 Deum
999 3231 1155 3276 vocat
1181 3220 1566 3284 fortitudinem,
1597 3221 1880 3272 humanam
1905 3219 2164 3274 conﬁtens
2191 3221 2339 3273 inlir-

801 3313 1067 3373 mitatem,
1114 3325 1234 3380 qua:
1275 3311 1391 3364 sine
1424 3309 1531 3364 Deo
1561 3309 1694 3362 nihil
1741 3323 1900 3377 agere
1935 3309 2137 3375 valeat;
2172 3324 2338 3378 quare

803 3401 884 3455 sic
929 3401 1004 3454 ait
1040 3401 1274 3454 Paulus:
1305 3398 1494 3452 Omnia
1531 3413 1738 3465 possunt
1789 3398 1839 3449 in
1879 3395 2083 3451 Christo
2132 3399 2219 3466 qui
2258 3413 2336 3449 me

802 3489 1149 3559 confortat“.
1185 3489 1378 3557 Aquila
1412 3503 1571 3556 porro
1615 3498 1665 3541 et
1707 3486 2079 3556 Symmachus,
2125 3488 2240 3541 vice
2269 3487 2333 3540 il-

802 3578 928 3640 lius,
989 3578 1272 3646 fortitudo,
1318 3587 1520 3644 petram
1569 3577 1899 3643 interpretati
1956 3586 2120 3630 sunt:
2155 3578 2333 3645 ailtIue

801 3683 1027 3736 magnus
1073 3666 1362 3734 Apostolus
1391 3682 1405 3718 :
1433 3663 1593 3716 Petra
1632 3674 1803 3714 autem
1849 3675 1961 3715 erat
2003 3664 2237 3718 Christus
2262 3666 2326 3718 ⁵⁸.

800 3755 932 3806 Cum
965 3767 1124 3820 supra
1165 3760 1370 3820 petram
1401 3750 1560 3811 hanc,
1591 3750 1805 3802 domum
1838 3766 1985 3803 suam
2023 3752 2183 3804 David
2210 3753 2328 3806 fun-

799 3841 1002 3908 dasset,
1029 3842 1221 3896 similis
1259 3847 1372 3895 erat
1410 3841 1516 3893 viro
1537 3840 1774 3906 sapienti,
1805 3840 1892 3906 qui
1919 3839 2192 3907 wdiﬁcavit
2231 3841 2326 3893 do-

800 3947 940 3984 mum
979 3947 1128 3984 suam
1167 3945 1325 4000 supra
1369 3937 1567 3996 petram
1585 3928 1651 3981 ³⁸.
1701 3926 2035 3994 Quapropter
2078 3928 2324 3982 omnibus

797 4021 1030 4076 inimicis
1068 4021 1206 4082 suis,
1259 4020 1350 4088 qui
1385 4019 1594 4087 pluvias,
1634 4023 1912 4069 ventorum
1966 4022 2018 4068 et
2046 4013 2322 4067 ﬂuminum

795 4109 965 4164 instar
996 4110 1381 4179 impingebant,
1435 4106 1681 4174 superior
1727 4103 1947 4156 eil‘ectus
1987 4100 2320 4155 est.-Vcrum

796 4212 968 4267 neque
1006 4199 1323 4252 satellitibus
1374 4211 1438 4250 ac
1484 4191 1742 4248 exercitui
1796 4191 2033 4245 confisus
2083 4197 2183 4254 est,
2226 4189 2319 4244 sed

793 4289 902 4344 Deo
923 4303 1079 4357 quem
1110 4289 1295 4342 habuit
1321 4286 1715 4356 opitulatorem,
1742 4283 1884 4336 omni
1915 4297 2106 4351 genere
2140 4297 2317 4335 armo-

791 4393 909 4432 rum
957 4380 1276 4432 instructum
1317 4388 1369 4432 et
1415 4391 1582 4430 cornu
1628 4375 1838 4435 salutis,
1876 4373 1944 4424 ita
1988 4379 2046 4424 ut
2074 4372 2313 4427 diceret:

793 4466 858 4522 In
887 4477 934 4521 te
957 4469 1186 4521 inimicos
1220 4479 1421 4522 nostros
1451 4465 1806 4522 ventilabimus
1830 4480 1987 4517 cornu
2007 4465 2071 4516 δ’.

859 4557 1023 4612 Vens.
1085 4559 1201 4612 5-7,
1247 4559 1701 4613 Circumdederunt
1780 4571 1857 4606 me
1917 4554 2117 4606 datores
2177 4569 2316 4605 mor-

792 4650 878 4711 tis,
902 4659 949 4703 et
980 4659 1224 4703 torrentes
1252 4651 1541 4720 iniquitatis
1569 4645 1997 4701 conturbauerunt
2022 4659 2118 4696 me.
2156 4643 2317 4695 Dole-

790 4756 869 4792 res
899 4740 1085 4808 inferni
1123 4741 1571 4793 circumdederunt
1601 4754 1699 4799 me,
1730 4741 2208 4802 praeoccupaverunt
2238 4748 2315 4785 me

791 4825 958 4894 laquei
990 4829 1189 4879 mortis.
1226 4825 1288 4879 In
1339 4827 1668 4880 tribulatione
1701 4839 1812 4875 mea
1863 4821 2088 4874 invocavi
2142 4819 2317 4871 Domi-

791 4928 932 4976 num,
965 4926 1012 4966 et
1059 4916 1124 4968 ad
1163 4916 1326 4969 Deum
1381 4933 1548 4970 meum
1581 4913 1818 4981 clamavi.
1853 4911 1918 4964 Et
1954 4909 2212 4963 exaudivit
2255 4909 2315 4962 de

794 5001 974 5064 templo
1011 5014 1185 5058 sancto
1222 5023 1312 5059 suo
1345 5024 1512 5060 vocem
1558 5023 1742 5071 meam,
1774 5013 1821 5057 et
1861 5002 2056 5054 clamor
2088 5015 2228 5052 meus
2261 4999 2314 5051 in

791 5099 1054 5155 conspectu
1075 5093 1183 5157 ejus
1217 5096 1445 5149 introibit
1470 5099 1520 5150 in
1549 5111 1697 5148 aures
1725 5094 1853 5162 ejus.
1889 5088 1985 5143 llis
2015 5088 2170 5141 docet
2206 5101 2312 5154 quo

790 5185 946 5245 pacto
979 5191 1008 5230 a
1028 5184 1356 5238 torrentibus
1395 5186 1697 5254 iniquitatis
1722 5182 1986 5241 turbatus,
2009 5186 2062 5232 et
2091 5176 2312 5244 reliquis

789 5282 908 5335 quae
935 5283 1094 5336 supra
1141 5284 1500 5329 rnenmrantur
1539 5276 1694 5330 malis
1737 5272 2153 5331 circumventus,
2189 5283 2308 5320 cum

790 5372 850 5410 se
877 5357 930 5411 in
961 5359 1198 5427 periculo
1225 5366 1568 5419 constitutum
1602 5382 1719 5421 esse
1748 5364 1986 5423 sentiret,
2019 5359 2086 5412 ad
2117 5357 2307 5412 salutis

789 5459 900 5503 sua
930 5457 1138 5514 portum
1179 5449 1435 5519 confugit.
1471 5453 1826 5520 Quamobrem
1863 5453 1972 5506 ait:
2004 5449 2071 5504 In
2091 5445 2308 5500 tribula-

857 5621 903 5655 ⁸⁸
938 5619 1162 5691 Philipp.
1215 5640 1283 5692 Iv,
1324 5627 1404 5682 15.
1478 5631 1564 5686 "l
1597 5631 1717 5687 Cor.
1766 5648 1816 5695 ι,
1859 5632 1902 5684 l.

1982 5629 2023 5660 “
2051 5623 2232 5680 Matth.
2257 5628 2364 5692 ςνιι,
2392 5617 2478 5674 Ἡ.

2437 3215 2491 3266 δὲ
2519 3216 2666 3283 ἰσχὺν
2695 3214 2846 3265 καλεῖ
2868 3213 2954 3264 τὸν
2982 3213 3130 3277 Θεὸν,
3181 3215 3368 3283 ὁμο).οἿ

2436 3305 2730 3368 ἀσθένειαν,
2764 3304 2852 3357 καὶ
2875 3303 2947 3367 ὡς
2979 3303 3127 3356 οὐδὲν
3176 3303 3240 3356 ἂν
3277 3305 3366 3374 ῐσχ

2435 3393 2641 3457 Παῦλος
2690 3393 2799 3463 γὰρ
2831 3393 2952 3462 ἔφη·
2989 3389 3183 3446 Πάντα
3251 3399 3368 3463 ὶσχι

2428 3484 2639 3553 μοῦντὶ
2659 3501 2732 3552 με
2755 3483 3000 3551 Χριστῷ.
3040 3485 3261 3548 Ἀκύλας
3313 3487 3367 3538 δὲ

2431 3575 2542 3639 τοῦ,
2573 3575 2886 3640 στερέωμα,
2922 3575 3118 3641 πέτραν
3147 3577 3368 3644 ήρμήνεγ

2432 3666 2602 3735 μέγας
2619 3667 2672 3717 Ἀ
2680 3664 2943 3726 πόστολος·
2962 3664 3020 3716 Ἠ
3033 3665 3206 3731 πέτρα
3222 3665 3285 3717 δὲ
3299 3664 3368 3734 ἦν

2427 3771 2522 3825 την
2550 3756 2644 3825 τὴν
2675 3755 2873 3824 πέτραν
2891 3756 2986 3824 τὴν
3008 3755 3190 3808 ἑαυτοῦ
3218 3757 3368 3809 οἰκίαι

2427 3844 2740 3912 ἀφωμοὶωτο
2779 3842 2856 3907 τῷ
2904 3845 3154 3911 φρονίμῳ
3202 3847 3278 3911 τῷ
3349 3866 3368 3901 ί

2423 3933 2634 3986 ἑαυτοῦ
2680 3935 2871 3984 οὶκίαν
2917 3933 3010 3984 ἐπὶ
3045 3933 3151 3999 τὴν
3200 3939 3368 4003 πέτρα

2423 4024 2676 4091 κρείττων
2697 4023 2927 4088 ἐγένετο,
2971 4022 3074 4074 τῶν
3109 4025 3254 4077 ὑετοῦ
3312 4028 3367 4078 δίη

2422 4113 2514 4165 καὶ
2542 4110 2791 4180 ποταμῶν
2830 4111 3248 4181 προσϐαλλόντων
3294 4118 3368 4168 αὑ

2419 4202 2535 4254 οὐδὲ
2561 4201 2651 4252 ἐπὶ
2681 4199 3005 4270 δορυφόρους
3055 4202 3260 4270 ἤλπιζεν
3306 4208 3336 4276 ἧ

2417 4282 2562 4351 Θεὸν,
2609 4287 2792 4358 βοηθὸν
2825 4287 2981 4340 αὐτὸν
3007 4288 3154 4357 ἔχων,
3178 4297 3367 4346 πανοπλ

2418 4375 2484 4428 ἂν
2511 4377 2678 4428 εἰπεῖν
2707 4377 2799 4428 καὶ
2825 4376 3000 4427 αὐτόν·
3045 4378 3131 4430 Ἐν
3162 4381 3252 4432 σοὶ
3306 4401 3367 4436 τοι

2417 4465 2808 4532 κερατιοῦμεν.

2484 4553 2804 4620 Περιέσχον
2851 4571 2926 4621 με
2972 4553 3162 4621 ὠδῖνες
3193 4561 3367 4614 Bardi:

2416 4644 2657 4710 ἀνομίας
2677 4641 3032 4708 ἐξετάραξάν
3045 4661 3130 4711 με.
3160 4647 3358 4716 Ὡδῖνες

2417 4731 2533 4784 σάν
2553 4748 2647 4798 με,
2691 4731 3065 4798 προέφθασάν
3085 4751 3152 4801 με
3171 4741 3368 4806 uarice.

2418 4821 2496 4885 τῷ
2524 4823 2822 4875 θλίϐεσθαι
2840 4838 2914 4889 με
2937 4822 3355 4897 ἐπεκαλεσάμην

2418 4912 2562 4979 πρὸς
2588 4911 2690 4963 τὸν
2736 4912 2877 4964 Θεόν
2917 4931 3032 4981 μου
3056 4914 3329 4984 ἐκέκραξα.
3366 4939 3367 4942 ‘

2417 5003 2582 5069 ἁγίου
2615 5003 2794 5054 αὐτοῦ
2824 5002 2934 5070 τὴν
2969 5005 3156 5072 φωνήν
3174 5027 3296 5076 μου,
3332 5031 3364 5064 κ

2416 5090 2664 5142 ἐνώπιον
2691 5091 2871 5144 αὑτοῦ
2904 5095 3269 5151 εἰσελεύσεται
3315 5106 3362 5154 εὶ

2413 5180 2653 5233 Διδάσκει
2677 5180 2762 5232 διὰ
2792 5181 2990 5237 τούτων
3015 5184 3118 5238 τίνα
3145 5189 3332 5257 τρόπον,

2415 5272 2632 5339 μάῤῥων
2663 5271 2758 5339 τῆς
2779 5272 3002 5342 ἀνομίας
3022 5279 3368 5348 ταρασσόμενος

2410 5359 2768 5429 προειρημένα
2812 5362 3054 5430 πάσχων,
3080 5365 3242 5434 ᾔσθετο
3282 5373 3368 5424 αὐτ

2409 5449 2605 5501 ὲπὶτδν
2631 5448 2822 5518 λιμένα
2848 5452 2946 5521 τῆς
2965 5455 3135 5509 ἑαυτοῦ
3173 5465 3368 5534 σωτηρία

2557 5623 2598 5657 ³⁷
2621 5622 2759 5678 Psal.
2793 5639 2946 5691 mu,
2983 5627 3032 5678 6-.
