3782 6302
883 399 977 458 ΠΙ

1558 394 1819 452 EUSEBII
1857 388 2321 448 CESARIENSIS
2356 387 2502 443 OPP.
2542 382 2719 440 PARS
2750 380 2835 437 ΙΙΙ.
2865 410 2922 423 -
2973 381 3051 435 EX

1868 388 2321 448 CESARIENSIS
2356 387 2502 443 OPP.
2542 382 2719 440 PARS
2750 380 2835 437 Ill.
2865 410 2922 423 —
2973 379 3361 436 EXEGETIC!

878 515 1076 569 mittere
1100 514 1150 567 in
1169 523 1377 573 terram,
1403 522 1448 564 et
1478 510 1598 579 quid
1628 511 1739 563 vola
1769 509 1814 561 si
1825 509 1939 577 jam
1957 522 2198 561 accensus
2220 506 2287 559 sit
2311 505 2371 557 ε’,

1868 524 1939 560 rm
1957 522 2198 561 accensus
2220 506 2287 559 sit
2311 505 2392 559 “1'
2422 514 2464 568 Α
2492 498 2869 563 καυθήσεται,
2897 495 2992 548 καὶ
3041 496 3258 558 κύκλῳ
3291 492 3361 544 ai

878 602 1001 657 Haec
1030 617 1188 673 porro
1234 601 1409 655 omnia
1464 599 1599 651 facta
1657 607 1802 659 sunt,
1843 596 2093 666 quoniam
2135 594 2394 646 inclinavit

877 689 1029 743 calas
1059 697 1107 743 et
1140 687 1412 742 descendit.
1443 684 1623 753 Neque
1647 700 1811 737 unum
1844 681 2182 738 solummodo
2204 680 2397 734 caelum

879 780 1194 844 inclinavit;
1227 778 1316 832 sed
1347 791 1531 830 omnes
1577 782 1838 844 quotquot
1888 781 2015 828 sunt
2056 773 2241 825 cmlos.
2264 769 2394 823 Nam

878 870 1174 923 humiliatio
1199 867 1533 922 celsitudinis
1564 868 1679 935 ejus
1705 874 1758 920 et
1778 864 2071 921 exinanitio
2102 861 2395 916 divinitatis

876 957 1012 1026 ejus,
1048 956 1369 1026 supradictis
1414 955 1591 1010 verbis
1627 955 1950 1008 indicantur.
2001 952 2134 1006 Cum
2168 951 2395 1005 maxima

876 1044 1017 1099 enim
1034 1044 1274 1113 emphasi
1299 1043 1613 1097 descensum
1641 1042 1758 1111 ejus
1778 1040 2043 1111 signiﬁcat
2066 1040 2149 1094 his
2173 1039 2349 1094 verbis
2380 1056 2392 1090 :

878 1134 1153 1190 Inclinavit
1188 1136 1375 1197 caelos;
1400 1133 1758 1203 eumdemque
1783 1132 2099 1187 descensum
2142 1145 2398 1200 corporeo

874 1240 1096 1295 prorsus
1124 1239 1272 1278 more
1298 1223 1564 1293 exprimit.

897 1396 1100 1480 .Vsas.
1157 1398 1334 1452 11-15.
1406 1396 1474 1448 Ει
1509 1396 1673 1466 caligo
1741 1396 1833 1449 sub
1890 1394 2099 1465 pedibus
2144 1394 2274 1462 ejus.
2331 1390 2399 1445 Et

874 1488 1103 1542 ascendit
1124 1503 1276 1555 super
1296 1487 1553 1540 cherubim
1574 1496 1623 1539 et
1643 1486 1852 1550 volavit,
1878 1486 2066 1539 volavit
2094 1500 2245 1553 super
2271 1499 2398 1552 pen-

875 1595 971 1631 nas
993 1585 1274 1631 ventorum.
1294 1576 1399 1632 Per
1438 1576 1716 1646 caliginem
1738 1585 1799 1632 et
1827 1576 2075 1631 tenebras
2099 1576 2236 1640 illas,
2263 1575 2400 1628 clam

872 1675 926 1721 et
948 1682 1141 1721 arcana
1163 1668 1541 1722 ratione-suam
1565 1667 1858 1723 secundum
1880 1666 2150 1719 hominem
2187 1678 2404 1718 oecono-

872 1756 1034 1810 miam
1059 1758 1357 1811 adumbrat.
1380 1759 1704 1827 Demumque
1747 1757 1932 1811 eodem
1958 1755 2240 1811 revertitur
2262 1752 2402 1807 unde

2494 590 2659 643 Τοῦτο
2704 587 2761 639 δὲ
2787 586 2879 639 καὶ
2917 586 3072 648 αὐτὸς
3102 588 3133 637 ὁ
3166 582 3362 650 Σωτὴρ

2492 683 2616 749 Πῦρ
2659 680 2846 747 ἦλθον
2871 678 3082 741 ,ϐαλεῖν
3121 676 3229 727 ἐπὶ
3269 674 3362 736 τὴς

2495 774 2608 841 ἤδη
2665 769 2934 837 ἀνήφθω
2986 766 3173 820 Ταῦτα
3243 766 3360 816 πάν

2491 862 2728 915 ἔκλινεν
2762 858 3048 925 οὐρανοὺς
3085 854 3192 907 καὶ
3240 871 3361 905 κατ

2493 950 2714 1014 ἔκλινεν,
2743 948 2875 1001 ἀλλὰ
2906 946 3027 1007 τοὺς
3070 943 3295 1003 πάντας
3345 942 3362 992 ξ

2462 1062 2468 1071 ι
2494 1040 2812 1100 ταπείνωσις
2844 1034 2938 1088 τοῦ
2971 1034 3139 1103 ὕψους
3171 1030 3354 1084 αὑτοῦ

2491 1146 2649 1199 τητος
2684 1126 2932 1200 ἐδηλοῦτο
2967 1123 3055 1199 διὰ
3092 1122 3207 1174 τῶν
3240 1122 3362 1191 είρτ

2495 1220 2598 1293 γὰρ
2651 1218 2746 1288 τὴν
2793 1215 3086 1269 κατάϐασιν
3143 1210 3361 1274 αὑτοῦ,

2496 1305 2944 1378 σωματικώτερον
2976 1304 3075 1371 τὴν
3105 1299 3352 1354 κάθοδον

2563 1399 2675 1453 Καὶ
2715 1398 2935 1467 γνόφος
2978 1393 3095 1448 ὑπὸ
3122 1391 3278 1455 τοὺς
3315 1403 3362 1441 π

2496 1491 2591 1544 ἐπὶ
2620 1486 2953 1559 18130136“),
2980 1483 3073 1535 καὶ
3105 1479 3362 1534 eueniat

2490 1584 2687 1650 ρύγων
2721 1576 2968 1646 ἀνέμων.
3004 1575 3080 1643 Τῇ
3132 1573 3236 1642 μὲν
3285 1567 3362 1622 οὗ·

2498 1672 2558 1725 τὸ
2584 1670 2800 1740 λεληθὸς
2831 1668 2922 1720 καὶ
2952 1667 3272 1735 ἀπόκρυφον
3318 1679 3361 1711 π

2500 1763 2712 1833 θρωπον
2747 1757 2907 1812 αὑτοῦ
2947 1754 3290 1825 οἰκονομίας·
3344 1753 3362 1802 ἐ

870 1846 1144 1916 prolectus
1187 1855 1300 1901 erat
1337 1867 1349 1901 :
1381 1863 1443 1902 ac
1498 1848 1552 1901 in
1599 1848 1768 1901 caelos
1797 1845 2040 1901 ascendit
2068 1859 2189 1898 cum
2212 1843 2363 1897 chen

1841 1845 2040 1901 scendit
2068 1859 2189 1898 cum
2212 1843 2404 1897 Cllel‘u-
2431 1838 2474 1890 Β
2504 1853 2596 1906 καὶ
2624 1849 2803 1920 παρῆν
2827 1864 2841 1878 ο
2870 1849 2949 1910 είς
2980 1843 3246 1916 οὐρανούς
3275 1860 3334 1894 τε

872 1936 1001 1990 bino
1044 1943 1097 1991 et
1121 1937 1349 2001 volavit;
1398 1935 1610 1990 tametsi
1666 1950 1772 1988 non
1803 1948 1925 1987 cum
1959 1933 2075 2001 ipso
2108 1929 2401 1984 cherubino

871 2022 1213 2076 descenderat
1245 2042 1257 2077 :
1286 2023 1405 2078 sine
1455 2020 1751 2075 cherubino
1768 2020 1962 2087 quippe
1993 2016 2267 2071 inclinavit
2288 2017 2400 2084 ipse

869 2113 1036 2167 celos
1087 2120 1138 2165 et
1181 2112 1471 2166 descendit.
1525 2110 1581 2164 In
1627 2112 1799 2165 reditu
1849 2118 2025 2162 autem
2076 2105 2400 2160 dicitur:E1

870 2203 1098 2257 ascendit
1149 2219 1301 2272 super
1337 2202 1597 2255 cherubim
1651 2210 1700 2255 et
1755 2201 1962 2264 volavit,
2016 2214 2136 2253 cum
2178 2212 2401 2267 corpore

871 2295 1073 2349 scilicet
1097 2294 1237 2363 quod
1260 2301 1640 2363 assumpserat.
1679 2292 1784 2347 Illae
1807 2308 1968 2362 porro
2012 2291 2203 2345 divina:
2230 2289 2398 2341 virtu-

869 2394 953 2439 tes
978 2385 1150 2454 ipsum
1190 2385 1269 2439 sic
1327 2386 1701 2439 ascendentem
1737 2383 2105 2452 conspicatae,
2169 2380 2401 2434 circum-

868 2481 1107 2528 astantes
1136 2475 1421 2528 satellitum
1447 2490 1617 2538 more,
1651 2474 1932 2528 Dominum
1967 2471 2257 2540 stipabant,
2284 2468 2400 2537 ejus

871 2580 1151 2618 ascensum
1198 2566 1529 2619 celebrantes
1575 2565 1758 2634 sicque
1791 2563 2189 2618 vociferantes:
2232 2558 2401 2612 Attol-

871 2654 959 2707 Iite
979 2664 1179 2723 portas,
1208 2656 1481 2724 principes,
1544 2665 1759 2717 vestras,
1797 2663 1858 2706 et
1907 2651 2197 2713 elevamini,
2239 2660 2400 2717 porta

871 2741 1157 2804 wternales,
1187 2751 1235 2794 et
1263 2741 1492 2796 introibit
1520 2741 1626 2795 [lex
1672 2743 1849 2812 gloria:
1875 2741 1938 2793 ⁸³.
1980 2741 2193 2809 lmpleta
2222 2746 2399 2792 autem

870 2830 1054 2886 isthaec
1081 2840 1206 2885 sunt
1233 2848 1296 2888 eo
1324 2839 1580 2901 tempore,
1619 2847 1725 2901 quo
1780 2833 1834 2885 in
1865 2830 2225 2900 apostolorum
2254 2830 2401 2883 Acti-

869 2923 972 2979 bus
998 2930 1286 2977 narratur:
1318 2922 1385 2976 Et
1407 2939 1522 2976 cum
1552 2923 1658 2977 [nec
1685 2922 1919 2983 dixisset,
1967 2919 2251 2973 videntibus
2282 2919 2398 2972 illis

870 3012 1092 3066 elevatus
1142 3024 1238 3077 est,
1274 3024 1321 3068 et
1356 3014 1509 3068 nubes
1532 3015 1750 3082 suscepit
1781 3029 1897 3067 eum
1929 3029 1992 3066 ex
2020 3012 2179 3065 oculis
2199 3025 2394 3065 eorum.

868 3099 1099 3172 Cumque
1122 3105 1440 3158 intuerentur
1459 3121 1573 3158 eum
1600 3114 1799 3158 euntem
1821 3104 1872 3156 in
1897 3103 2077 3156 caelum
2101 3101 2165 3153 ⁸⁸.

940 3271 1215 3329 [ualentem
1248 3276 1389 3328 illam
1442 3284 1496 3331 et
1521 3275 1785 3331 occultam
1822 3274 2114 3329 Salvatoris
2144 3289 2263 3326 cum
2299 3273 2399 3325 ho-

873 3364 1128 3429 minibus,
1158 3367 1225 3421 ab
1269 3381 1495 3421 ascensu
1553 3382 1651 3421 suo
1696 3367 1762 3420 ad
1813 3366 1915 3421 hoc
1965 3379 2134 3433 usque
2168 3370 2396 3431 tempus,

872 3456 1330 3508 conversationem
1359 3455 1443 3509 his
1471 3456 1651 3510 verbis
1690 3454 1889 3509 indicat
1920 3473 1932 3507 :
1967 3453 2034 3506 Et
2073 3454 2241 3520 posuit
2274 3461 2401 3504 tene-

869 3539 996 3593 bras
1031 3541 1303 3594 latibulum
1326 3559 1496 3606 suum,
1524 3544 1575 3595 in
1601 3545 1820 3596 circuitu
1862 3544 1972 3610 ejus
2011 3541 2399 3594 tabernaculum

867 3628 1002 3696 cjus,
1029 3630 1288 3682 tenebrosa
1311 3647 1445 3697 aqua
1456 3634 1512 3683 in
1536 3632 1752 3685 nubibus
1779 3634 1933 3685 aeris.
1971 3631 2178 3685 Nemini
2207 3632 2400 3701 quippe

873 3715 1003 3770 latet
1027 3730 1132 3784 quo
1158 3724 1314 3784 pacto
1335 3718 1611 3771 nobiscum
1639 3726 1882 3774 versetur
1900 3756 1916 3781 ,
1948 3718 2241 3772 secundum
2270 3717 2399 3771 illud

875 3805 943 3859 ab
1000 3820 1066 3860 eo
1111 3805 1308 3860 dictum
1343 3826 1355 3860 :
1388 3807 1519 3862 Ecce
1565 3825 1655 3877 ego
1704 3809 1966 3862 vobiscum
1989 3824 2103 3861 sum
2164 3806 2399 3860 omnibus

872 3896 1050 3950 diebus
1076 3913 1232 3966 usque
1262 3897 1328 3949 ad
1358 3900 1844 3952 consummationem
1892 3898 2071 3953 swculi
2105 3899 2170 3953 ⁸⁸.
2200 3897 2400 3951 Taber-

874 3987 1122 4041 uaculum
1158 4002 1317 4057 porro
1349 3988 1519 4057 ipsius
1574 4003 1680 4042 non
1714 3989 1857 4041 aliud
1900 3986 2185 4057 signiﬁcat.
2237 4000 2397 4055 quam

870 4084 1111 4131 sanctam
1134 4076 1424 4132 Ecclesiam
1467 4078 1604 4147 ejus,
1660 4078 1716 4131 in
1755 4093 1861 4147 qua
1891 4092 1949 4132 se
1998 4076 2397 4130 tabernaculum

874 4165 1170 4233 positurum
1209 4168 1474 4236 pollicitus
1501 4178 1583 4222 est
1605 4183 1724 4222 cum
1751 4168 1886 4222 dixit
1917 4183 1930 4217 :
1956 4167 2053 4221 Ubi
2073 4166 2174 4220 duo
2194 4168 2277 4221 vel
2297 4177 2397 4221 tres

869 4259 1163 4326 congregati
1185 4258 1374 4326 fuerint
1405 4259 1459 4310 in
1486 4258 1688 4311 nomine
1727 4274 1857 4321 meo,
1894 4258 2004 4311 illic
2025 4274 2138 4311 sum
2160 4257 2213 4310 in
2233 4255 2398 4311 medio

869 4360 1047 4399 eorum
1097 4347 1161 4401 ".
1205 4346 1644 4415 Quandoquidem
1694 4362 1820 4402 vero
1880 4347 2168 4417 prophetia:
2224 4346 2397 4415 ipsum

872 4442 1176 4503 spectantes
1202 4436 1493 4507 caliginoso
1508 4442 1560 4490 et
1575 4435 1805 4489 obscuro
1831 4451 1978 4490 more
2006 4435 2226 4505 prolatae
2247 4440 2394 4500 sunt,

865 4525 989 4592 jure
1031 4524 1282 4593 adjicitur
1316 4543 1327 4576 :
1368 4527 1656 4581 Tenebrosa
1704 4543 1840 4596 aqua
1887 4527 1938 4578 in
1982 4525 2199 4579 nubibus
2242 4526 2397 4578 aeris.

872 4614 993 4667 Prae
1018 4614 1217 4684 fulgore
1258 4617 1312 4669 in
1360 4627 1629 4686 conspectu
1677 4617 1789 4686 ejus
1852 4616 2007 4670 nubes
2060 4616 2397 4681 transierunt,

868 4704 1067 4773 grando
1100 4714 1147 4758 et
1178 4706 1423 4760 carbones
1450 4708 1603 4777 ignis.
1654 4706 1807 4772 Quod
1843 4714 2019 4762 autem
2057 4707 2249 4769 nubes,
2275 4721 2401 4775 pro-

869 4796 1081 4862 phetas,
1108 4810 1170 4849 ac
1194 4796 1426 4865 pluviam
1458 4813 1524 4851 ex
1561 4797 1793 4851 nubibus
1849 4796 2139 4865 delapsam,
2169 4796 2400 4866 praphe-

869 4885 1006 4939 ticos
1065 4901 1339 4941 sermones
1395 4886 1624 4957 Spiritus
1653 4898 1870 4943 sanctus
1912 4888 2081 4942 soleat
2129 4887 2399 4956 appellare

870 4972 1080 5027 docebit
1105 4975 1268 5032 lsaias
1299 4979 1411 5048 qui,
1446 4979 1892 5050 quemadmodum
1923 4979 2121 5033 dictum
2152 4984 2255 5041 est,
2301 4991 2398 5045 po-

871 5065 1056 5134 pulum
1107 5071 1316 5124 vincam
1367 5075 1668 5143 compellat,
1704 5077 1884 5144 aitque
1922 5076 2092 5129 nubes
2121 5090 2226 5128 non
2261 5072 2397 5125 ultra

870 5156 1103 5224 pluviam
1131 5158 1231 5226 ipsi
1256 5163 1661 5222 subministrare
1682 5167 1747 5222 ⁸⁷.

938 5245 1102 5300 Vitas.
1128 5248 1211 5301 14.
1246 5249 1311 5302 Et
1332 5255 1558 5311 intonuit
1585 5257 1646 5312 de
1667 5259 1792 5313 cozlo
1811 5256 2081 5319 Dominus,
2119 5262 2168 5306 et
2188 5252 2394 5305 Altissi-

871 5354 985 5390 mus
1000 5336 1138 5392 dedit
1161 5354 1327 5392 vocem
1344 5359 1509 5400 suam.
1554 5349 1611 5403 ln
1641 5347 1892 5418 praesenti
1921 5346 2175 5400 docemur
2199 5354 2259 5393 ea
2274 5354 2393 5408 qua:

2506 1940 2719 2013 ρουϐὶμ,
2745 1938 2837 1991 καὶ
2859 1935 3130 2004 ὲπετάσθη
3146 1951 3159 1964 ο
3186 1933 3362 1985 καίτοι

2499 2033 2622 2100 δίχα
2661 2030 2768 2099 γὰρ
2812 2028 2905 2080 τοῦ
2947 2025 3215 2097 χερουῦὶμ
3258 2023 3362 2074 Exin

2506 2119 2726 2188 κατέϐη.
2772 2119 2858 2170 Ἐν
2908 2115 2962 2167 δὲ
3006 2117 3069 2183 τῇ
3116 2111 3360 2179 ὲπανόδῳ

2503 2208 2600 2262 ἐπὶ
2636 2207 2907 2276 χερουϐὶμ
2934 2205 3028 2257 καὶ
3057 2202 3359 2266 ἐπετάσθη

2509 2317 2690 2371 ματος.
2711 2300 2818 2352 Καὶ
2841 2297 3023 2366 ἐπειδὴ
3046 2293 3362 2348 ἀναϐαίνοντ

2505 2391 2561 2441 αἱ
2593 2387 2841 2457 δυνάμεις
2869 2386 2922 2437 αί
2957 2383 3115 2441 θεῖαι.
3144 2381 3279 2451 περὶ
3304 2380 3362 2432 αὖ

2501 2497 2629 2551 ⁴ρουν
2679 2476 2834 2529 αὑτοῦ
2892 2474 2987 2544 ⁴τὴν
3042 2472 3228 2527 ἄνοδον
3277 2474 3362 2522 ἐπι

2508 2568 2705 2633 Ἄρατε
2747 2563 2852 2627 τὰς
2879 2563 3094 2625 πύλας,
3113 2563 3169 2612 ol
3200 2559 3362 2626 ἄρχω

2504 2661 2659 2723 θητε,
2685 2656 2864 2708 πύλαι
2890 2651 3126 2714 αὶώνιοι,
3155 2649 3249 2702 καὶ
3274 2650 3362 2700 elo

2503 2742 2608 2810 τῆς
2636 2743 2833 2808 δόξης.
2884 2736 3213 2808 Ἐπληροῦτο
3236 2735 3292 2787 δὲ
3319 2750 3362 2784 τι

2502 2833 2620 2887 καθ’
2661 2834 2715 2885 ὃν
2763 2848 2921 2899 φησιν
2965 2831 2998 2899 ἡ
3030 2827 3226 2898 Γραφὴ
3255 2825 3359 2877 τῶν

2496 2919 2606 2975 λων
2625 2939 2638 2952 ⁸
2657 2921 2761 2974 Kal
2788 2920 2970 2972 ταῦτα
2990 2918 3193 2980 εἰπὼν,
3216 2917 3362 2978 ,Βλεα

2503 3013 2597 3066 καὶ
2630 3009 2849 3078 νεφέλη
2882 3007 2988 3060 ἀνέ
3000 3008 3175 3059 M681-
3205 3003 3362 3057 αὐτὸ]

2501 3102 2713 3156 αὐτῶν.
2739 3098 2843 3153 Kal
2868 3099 2947 3162 ὡς
2978 3096 3336 3159 ἀτενίζοντες

2429 3170 2470 3227 C
2501 3189 2897 3259 πορευομένου
2923 3187 3131 3241 αὑτοῦ.

2573 3282 2679 3352 Τὴν
2709 3279 2886 3353 ἀφανῆ
2922 3278 3014 3330 καὶ
3053 3276 3362 3331 λανθάνουσί

2504 3372 2621 3443 δὴν,
2650 3372 2712 3440 ἢν
2746 3370 2841 3422 σὺν
2865 3366 3172 3437 ἀνθρώποις
3224 3362 3357 3416 είσὲτ

2504 3460 2597 3531 τὴν
2621 3459 2899 3529 ἀνάληψιν,
2950 3456 3194 3509 διδάσκει
3221 3454 3362 3519 λέγω·

2505 3549 2856 3618 ἀποκρυφὴν
2874 3548 3089 3610 αὐτοῦ,
3121 3548 3312 3609 κύκλῳ
3337 3560 3362 3592 a

2505 3640 2813 3693 σκοτεινὸν
2840 3636 2991 3702 ὕδωρ
3008 3637 3091 3688 ἐν
3116 3633 3362 3701 νεφέλαις

2505 3729 2611 3798 γὰρ
2638 3729 2759 3789 τοὺς
2789 3724 2990 3784 πάντας
3022 3725 3162 3785 ὅπως
3197 3720 3362 3772 σύνεσπ

2509 3816 2662 3885 μένον
2690 3813 2777 3864 ὑπ’
2806 3809 2985 3862 αὐτοῦ·
3031 3809 3178 3864 Ἰδοὺ
3218 3807 3323 3874 ἐγὼ
3339 3824 3362 3873 ι

2506 3905 2610 3969 τὰς
2633 3902 2852 3971 ἡμέρας
2870 3899 2979 3964 ἕως
3003 3899 3113 3967 τῆς
3129 3900 3362 3951 συντελε

2507 3995 2601 4065 νὴν
2627 3993 2683 4045 δὲ
2700 3989 2859 4045 αὑτοῦ
2902 3990 3150 4057 σημαίνει
3179 3989 3269 4056 οὐχ
3311 3988 3362 4037 ὲτ

2506 4084 2725 4155 κλησίαν
2745 4080 2924 4135 αὐτοῦ’
2955 4082 3013 4132 ὲν
3121 4094 3362 4145 κατασκηκ

2506 4174 2637 4227 πῶν·
2669 4174 2847 4225 Ὅπου
2867 4169 2973 4223 δύο
3000 4170 3043 4238 ἢ
3063 4169 3204 4238 τρεῖς
3236 4181 3362 4220 συντ

2504 4264 2647 4334 ἐμὸν
2678 4263 2877 4331 ὄνομα,
2912 4261 3042 4315 ἐκεῖ
3061 4264 3166 4329 εἰμι
3199 4259 3262 4311 ἐν
3279 4257 3362 4326 μέι

2496 4356 2599 4409 καὶ
2624 4355 2678 4406 αἱ
2707 4352 2831 4422 περὶ
2858 4350 3027 4405 αὐτοῦ
3053 4351 3342 4421 προφητεῖαι

2434 4484 2475 4539 D
2504 4440 3012 4514 ὲπικεκρυμμένως,
3042 4439 3243 4499 εἰκότως
3266 4435 3362 4503 ἑξῆς

2503 4535 2657 4603 ὕδωρ
2694 4534 2764 4587 ἐν
2788 4530 3063 4599 νεφέλαις
3081 4527 3268 4595 ἀέρων.
3308 4525 3359 4576 Ἀ

2503 4623 2752 4677 ἐνώπιον
2765 4662 2769 4667 .
2781 4618 2963 4673 αὐτοῦ
2989 4621 3043 4672 al
3066 4615 3282 4683 νεφέλαι
3329 4610 3362 4661 δ

2449 4744 2457 4752 -
2504 4715 2786 4781 ἄνθρακες
2811 4713 3012 4778 πυρός.
3043 4711 3151 4761 ’Ότι
3173 4705 3269 4774 γὰρ
3296 4718 3362 4754 νε(

2504 4804 2595 4857 καὶ
2621 4803 2710 4855 τὸν
2731 4802 2787 4867 ἐξ
2811 4801 2985 4854 αὐτῶν
3014 4798 3272 4869 φερόμενον
3303 4793 3362 4843 ὐει

2502 4892 2753 4960 φητικοὺς
2770 4888 2976 4955 λόγους,
3006 4886 3059 4938 τὸ
3100 4881 3299 4950 Πνεῦμα
3324 4877 3362 4929 τέ

2496 4978 2631 5043 ζειν,
2664 4977 2856 5042 διδάξει
2892 4976 3111 5035 Ἡσαΐας,
3165 4970 3362 5036 unum

2501 5069 2638 5121 λῶνα
2659 5065 2980 5137 προσειπὼν,
3007 5062 3134 5117 καθὰ
3179 5060 3362 5130 εἴρηται

2500 5160 2579 5219 είς
2602 5157 2759 5208 αὑτὸν
2787 5155 2935 5209 ὑετὸν
2963 5151 3215 5224 φερούσας.

2568 5246 2673 5300 Kal
2722 5245 3064 5314 ἐϐρόντησεν
3112 5241 3172 5303 ἐξ
3230 5239 3362 5301 οῠρας

2500 5339 2788 5405 ’Υψιστος
2812 5336 2991 5392 ἔδωκε
3006 5329 3187 5403 φωνὴν
3211 5322 3362 5379 αὐτοί

942 5487 1131 5569 ξ’ῑιιιυ.
1173 5504 1290 5569 ξηιλ.
1344 5491 1428 5545 b9.
1505 5500 1550 5531 ⁸⁸
1573 5498 1713 5557 Psal.
1741 5464 2059 5569 xx:n,7,9..
2119 5494 2299 5550 “Act.
2338 5508 2377 5560 ι,

1868 5464 2059 5569 [,7,9..
2119 5494 2299 5550 “Act.
2338 5508 2377 5560 ι,
2438 5491 2489 5559 9,
2554 5492 2638 5547 l0.
2713 5491 2755 5524 ⁸⁸
2782 5488 2976 5569 Matth._
3005 5495 3172 5545 xxviii,
3207 5476 3282 5531 20.
3343 5472 3361 5546 p‘

870 5555 912 5585 ⁸⁷
941 5554 1040 5609 lsa.
1085 5572 1137 5619 v,
1171 5557 1218 5620 Ι,
1246 5556 1295 5610 6.

938 5709 1012 5774 (Ἰ)
1052 5707 1176 5766 Mus.
1201 5708 1264 5762 ad
1292 5723 1460 5780 marg.
1500 5715 1776 5786 χερουαμ.
