3782 6386
826 460 931 518 ns
1485 456 1754 513 EUSEBII
1787 455 2252 513 CESARIENSIS
2277 452 2423 512 ΟΡΡ.
2462 455 2636 513 PARS
2674 454 2759 511 ΠΙ.
2796 488 2865 497 -
2896 453 3436 512 EXEGETICA

824 573 1175 644 apostolorum
1195 586 1242 630 et
1266 576 1627 645 prophetarum
1646 577 1754 644 ipso
1784 591 1985 629 summo
2014 575 2317 643 augularifa

1942 591 1985 627 ιο
2014 575 2341 643 augularifa-
2365 582 2409 638 Α
2437 574 2515 641 τῷ
2542 577 2785 644 θεμελίῳ
2810 573 2923 627 τῶν
2949 575 3435 630 ἀποστόλωτ

821 667 939 739 pide
966 665 1173 721 Christo
1199 665 1323 720 Iesu
1357 669 1433 733 7';
1490 682 1827 735 nequaquam
1862 680 1894 719 a
1924 666 2163 719 veritatis
2185 680 2312 735 scop

1942 666 2163 719 reritatis
2185 680 2345 735 scopo
2441 664 2858 733 ἀκρογωνιαίου
2916 664 3136 718 αὑτοῦ
3229 663 3435 726 Ἰησ

822 756 1171 812 aberraveris.
1200 754 1323 810 Haec
1352 757 1513 826 igitur
1551 755 1697 811 orbis
1740 755 2085 809 fundamenta
2117 755 2311 809 revelat

1941 762 2085 809 lenta
2117 755 2344 809 revelata
2444 753 2594 816 ἐκτὸς
2623 751 2798 821 βάλοις
2825 752 2920 822 τῆς
2950 752 3328 821 ἀληθείας-
3364 750 3434 800 Τ

822 858 947 904 sunt
974 864 987 900 :
1016 848 1250 903 inimicis
1286 847 1395 909 Dei,
1421 848 1509 917 qui
1527 847 1650 900 olim
1696 847 1897 901 mentis
1939 854 2134 899 nostra
2163 846 2314 900 oculo

1939 854 2134 899 nostra
2163 846 2342 900 oculos
2441 844 2757 913 οἰκουμένης
2808 840 3397 910 ἀνεκαλύφοησαν·

807 938 1264 1017 ,οὺιεηεὶιιποῢοῐιῂ
1288 947 1345 992 ut
1384 953 1451 991 ne
1474 937 1651 991 divina
1681 936 1874 990 intueri
1897 944 2137 1008 possent,
2169 936 2300 990 elimi

1942 944 2137 999 Dsscnt,
2169 936 2342 990 elimi-
2440 935 2546 987 τῶν
2585 934 2746 986 πάλαι
2789 933 3293 985 ὲπισκοτούντων
3378 947 3435 980 τε

819 1028 963 1082 natis
987 1038 1037 1082 et
1065 1028 1277 1097 fugatis,
1314 1042 1374 1081 ac
1397 1043 1490 1097 per
1514 1027 1741 1081 emissas
1767 1025 1917 1080 aDeo
1945 1026 2167 1096 sagittas
2186 1024 2312 1080 dissi

1945 1026 2167 1096 sagittas
2186 1024 2345 1080 dissi-
2446 1042 2584 1095 ματα
2608 1025 2740 1094 πρὸς
2783 1024 2841 1075 τὸ
2890 1023 2963 1092 μὴ
3008 1023 3092 1076 τὰ
3134 1023 3309 1075 Oeta
3379 1021 3435 1090 β]

820 1117 980 1186 palis,
1012 1116 1317 1187 fugatisque
1341 1120 1409 1172 ab
1433 1116 1797 1186 increpatione
1827 1115 2037 1170 Domini
2078 1126 2129 1171 ct
2161 1116 2227 1171 ab
2259 1117 2313 1170 in

1942 1117 2037 1170 lini
2078 1126 2129 1171 ct
2161 1116 2227 1171 ab
2259 1117 2343 1170 in-
2444 1114 2694 1176 στάντων,
2747 1112 2838 1164 καὶ
2896 1116 3010 1174 τοῖς
3066 1112 3435 1164 dtu-0806551

824 1190 1115 1276 spiratione
1142 1210 1465 1278 spiritusirae
1488 1208 1624 1277 ejus.
1659 1208 1844 1261 Merito
1887 1207 2049 1276 igitur
2070 1221 2131 1260 ac
2158 1220 2317 1260 conse

1943 1207 2049 1261 itur
2070 1221 2131 1260 ac
2158 1220 2343 1260 conse-
2441 1202 2968 1273 διασκορπισθέντων,
3007 1202 3435 1271 πεφευγότα)

821 1308 1065 1368 quenter,
1084 1300 1151 1354 ab
1171 1300 1236 1354 iis
1264 1299 1429 1367 erepti
1459 1313 1519 1351 ac
1548 1305 1758 1367 recepto
1782 1298 2060 1352 oculorum
2079 1313 2197 1364 usu,
2229 1295 2314 1350 fon

1942 1312 2060 1351 rum
2079 1313 2197 1364 usu,
2229 1295 2346 1350 fon-
2442 1294 2660 1367 Κυρίου,
2693 1294 2786 1347 καὶ
2829 1293 2934 1345 ἀπὸ
2989 1291 3435 1362 ἐμπνεῦσεως

820 1394 903 1442 tes
934 1402 1194 1457 aquarum
1236 1387 1485 1445 vidimus.
1543 1385 1884 1440 fundamenta
1907 1385 2052 1440 orbis
2080 1393 2313 1440 terrarum

1945 1385 2052 1440 rbis
2080 1393 2343 1440 terrarum
2442 1382 2553 1437 τοῦ.
2579 1384 2810 1447 Εἰκότως
2853 1378 2944 1435 οὖν
2973 1382 3199 1434 ὲλευθε
3213 1381 3435 1452 ρωθέν

820 1479 1180 1546 suspeximus.
1214 1474 1364 1541 Quod
1409 1484 1563 1530 aetate
1607 1483 1790 1529 nostra
1828 1475 1879 1529 in
1920 1476 2161 1545 plurimis
2194 1485 2313 1530 terr:

1935 1476 2161 1544 plurimis
2194 1485 2346 1530 terra:
2440 1474 2849 1543 ἀναϐλέψαντες,
2884 1473 2980 1536 τὰς
3009 1473 3249 1542 πηγὰς
3284 1471 3428 1525 τῶν

820 1566 1060 1634 partibus
1082 1567 1276 1620 evenit.

887 1738 1049 1799 Vens.
1086 1742 1274 1798 {7-19.
1321 1741 1465 1796 Misit
1513 1742 1575 1796 de
1616 1758 1816 1796 summa
1879 1750 1928 1796 et
1989 1741 2182 1809 accepit
2245 1756 2342 1804 me,

817 1832 1097 1901 assumpsit
1119 1848 1197 1886 me
1220 1830 1282 1886 de
1330 1834 1476 1902 aquis
1505 1833 1702 1886 multis.
1760 1831 2066 1885 Demersum
2117 1844 2345 1899 namque

817 1921 1015 1990 ipsum,
1038 1928 1091 1975 et
1121 1921 1274 1990 quasi
1322 1921 1591 1990 captivum
1633 1920 1941 1981 abductum,
1974 1920 2342 1974 universorum

817 2010 957 2066 Deus
980 2017 1034 2065 et
1069 2009 1247 2075 Pater,
1303 2026 1398 2079 per
1452 2009 1643 2064 Filium
1699 2026 1855 2064 suum
1888 2010 1982 2066 abs
2025 2026 2083 2064 se
2122 2010 2343 2065 missum

816 2103 1047 2171 excepit.
1070 2101 1223 2157 Unde
1262 2112 1439 2155 autem
1489 2104 1774 2171 exceperit,
1816 2103 2039 2156 subinde
2078 2103 2346 2173 signiﬁcat

816 2191 902 2246 liis
916 2191 1116 2257 verbis,
1150 2195 1211 2246 de
1227 2193 1372 2261 aquis
1386 2192 1582 2246 multis.
1608 2193 1696 2244 Ait
1723 2192 1884 2262 igitur
1916 2193 2075 2245 etiam
2108 2195 2161 2246 in
2188 2205 2343 2247 sexao

814 2283 1018 2351 gesimo
1048 2288 1236 2335 octavo
1264 2282 1503 2351 psalmo:
1538 2281 1751 2336 Salvum
1790 2298 1867 2335 me
1896 2283 2000 2350 fac,
2040 2283 2200 2345 Deus,
2227 2298 2348 2352 quo-

819 2371 958 2422 niam
980 2370 1305 2423 intraverunt
1335 2386 1481 2439 aqua:
1505 2370 1744 2441 usquead
1772 2373 2002 2426 animam
2043 2387 2205 2424 meam
2231 2388 2249 2425 :
2274 2371 2346 2424 in-

815 2462 952 2523 ﬁxus
979 2478 1093 2515 sum
1121 2462 1174 2514 in
1208 2463 1330 2515 limo
1370 2462 1630 2530 profundi,
1664 2473 1711 2517 et
1735 2474 1925 2517 nonest
1951 2465 2244 2520 substantia
2275 2465 2341 2523 ⁷⁸.

814 2550 894 2600 Ad
913 2549 1022 2603 lucc
1041 2558 1430 2618 consequenter
1458 2565 1587 2604 sane
1608 2551 1661 2604 in
1692 2553 1936 2619 praesenti
1966 2552 2162 2620 gratias
2182 2568 2343 2623 agens

813 2638 894 2691 sic
919 2639 992 2690 ait
1017 2657 1030 2692 :
1059 2639 1348 2706 Assumpsit
1380 2656 1459 2691 me
1482 2639 1543 2692 de
1561 2641 1707 2709 aquis
1731 2641 1924 2693 multis.
1968 2640 2218 2706 Quasnam
2249 2658 2342 2695 au-

811 2733 919 2779 tem
944 2726 1051 2781 sint
1078 2741 1227 2796 aqum
1263 2727 1386 2792 illae,
1439 2743 1560 2782 mox
1611 2730 1844 2797 apertius
1901 2729 2103 2784 indicat
2133 2732 2211 2787 sic
2265 2731 2344 2786 lo-

813 2829 982 2883 quens
1006 2832 1021 2867 :
1047 2816 1122 2870 De
1175 2818 1397 2872 inimicis
1444 2820 1569 2872 meis
1612 2820 1934 2888 fortissimis,
1967 2830 2015 2875 et
2050 2821 2113 2875 ab
2151 2823 2216 2876 iis
2255 2826 2341 2892 qui

813 2903 1027 2960 oderunt
1048 2924 1143 2966 me.
1168 2909 1410 2978 quoniam
1434 2910 1739 2978 conformati
1753 2922 1870 2964 sunt
1894 2928 2043 2981 super
2069 2930 2165 2967 me.
2196 2915 2342 2968 Prte-

813 3006 1052 3052 cenerunt
1073 3015 1150 3051 me
1178 2996 1623 3069 indieaﬁiictionis
1654 3016 1795 3054 mem.
1826 3000 1947 3055 Haec
1975 3002 2089 3071 ipsa
2112 3001 2342 3070 Spiritus

808 3095 1030 3144 sanctus
1055 3088 1356 3151 annuntiat,
1379 3090 1503 3143 dum
1527 3090 1601 3142 ait
1617 3105 1737 3143 eum
1768 3098 2100 3161 assumptum
2130 3108 2250 3148 esse
2274 3093 2340 3148 de

2442 1565 2532 1617 καὶ
2561 1564 2627 1616 τὰ
2646 1564 2862 1634 θεμέλια
2892 1564 2990 1634 τῆς
3021 1562 3436 1633 οἰκουμένης

2441 1654 2594 1706 τοῦτο
2621 1656 2701 1721 ἐφ’
2734 1653 2886 1724 ἡμῶν
2915 1655 2970 1706 ὲν
2997 1653 3266 1716 πολλοῖς
3307 1670 3436 1721 γεγ

2521 1743 2968 1807 Ἐξαπέστειλεν
2997 1745 3076 1808 ἐξ
3107 1746 3391 1812 ὕψους,

2441 1833 2680 1887 ελὰϐετό
2701 1851 2776 1903 με
2794 1835 2860 1899 ἐξ
2900 1834 3162 1889 ὑδάτων
3226 1839 3436 1889 πολλα

2374 1902 2418 1956 Β
2442 1922 2598 1974 αὐτὸν
2628 1902 2719 1974 καί.
2761 1922 3033 1991 ληφθέντα
3068 1922 3304 1992 ὥσπερ
3338 1924 3436 1991 αἱ)

2442 2010 2570 2073 Θεὸς
2602 2012 2691 2063 καὶ
2706 2009 3372 2081 Πατὴρ,ὲξαποστείλας
3406 2028 3436 2062 τ

2441 2099 2607 2151 Πόθεν
2635 2098 2691 2151 δὲ
2742 2100 2899 2151 αὐτὸν
2951 2098 3186 2164 ἔλαϐεν,
3247 2100 3402 2169 ἑξῆς

2442 2188 2670 2242 ὑδάτων
2697 2187 2956 2242 πολλῶν.
2987 2190 3145 2260 Φησὶ
3177 2189 3334 2257 γοῦν
3369 2207 3436 2242 κο

2437 2280 2652 2350 ψαλμῷο
2681 2279 2875 2333 Σῶσόν
2900 2295 2994 2348 με,
3039 2282 3076 2331 ό
3109 2279 3298 2345 Θεὸς,
3342 2279 3436 2332 ὅτι

2442 2370 2546 2434 ἕως
2568 2368 2765 2439 ψυχῆς
2793 2385 2927 2436 μου·
2968 2368 3312 2438 ὲνεπὰγην
3352 2372 3436 2434 εἰς

2441 2462 2548 2514 οὐκ
2570 2461 2736 2513 ἔστιν
2763 2460 3123 2523 ὑπόστασις.
3183 2459 3433 2522 Τούτοις

2443 2549 2547 2611 θως
2579 2549 2671 2602 καὶ
2719 2551 2776 2603 ἐν
2831 2552 2939 2611 τοῖς
2989 2550 3415 2619 προκειμένοις

2441 2638 2839 2706 Προσελάϐετό
2871 2656 2945 2708 με
2968 2638 3043 2702 ἐξ
3070 2639 3335 2693 ὑδάτων
3379 2654 3436 2692 πε

2442 2724 2622 2789 ὕδατα,
2646 2726 2886 2796 ἐπιφέρει
2910 2727 3266 2797 σαφέστερον
3298 2727 3436 2780 εἶπά

2439 2813 2705 2868 δυνατῶν
2752 2814 2847 2866 καὶ
2869 2814 2935 2866 ἐκ
2980 2813 3109 2866 τῶν
3126 2816 3436 2882 μισοῦντα

2441 2906 2631 2970 θησαν
2664 2902 2813 2969 ὑπὲρ
2839 2902 2958 2970 ἐμέ.
2984 2902 3408 2971 Προέφθασάν
3432 2962 3436 2973 ,

2438 2994 2589 3060 σεώς
2619 3011 2752 3062 μου.
2789 2993 2898 3046 Καὶ
2921 2993 3101 3047 ταῦτα
3134 2994 3192 3047 δὲ
3229 2996 3293 3049 τὸ
3328 2996 3435 3048 Πνε

2439 3084 2700 3153 γελίςεται
2727 3083 2884 3136 αὐτὸν
2915 3083 3217 3137 ἀναλαϐεῖν
3277 3087 3343 3138 ὲκ
3372 3086 3436 3137 τῦ

810 3176 965 3245 aquis
990 3176 1188 3239 multis,
1213 3175 1618 3246 libertatemque
1645 3184 1860 3231 nactum
1894 3192 1956 3232 ex
1984 3179 2218 3235 inimicis
2245 3198 2303 3252 qr

1942 3196 1956 3232 ι
1984 3179 2218 3235 inimicis
2245 3183 2334 3252 qui
2362 3213 2406 3273 Ο
2442 3175 2740 3273 ἐλευθερίαν
2767 3174 2820 3226 δὲ
2858 3173 2955 3273 τὴν
2982 3174 3094 3273 anno
3133 3175 3255 3273 τιῖἓνΔ
3279 3176 3435 3247 ἐχθρά

810 3268 984 3336 ipsum
1016 3265 1142 3320 olim
1162 3266 1384 3334 imperio
1404 3267 1682 3320 subactum
1708 3282 1806 3321 suo
1841 3268 2196 3325 detinuerant.

876 3351 1040 3410 Vnus.
1085 3354 1176 3413 2‘0,
1208 3354 1295 3409 2i.
1343 3352 1412 3407 Et
1466 3353 1633 3422 factus
1655 3364 1731 3410 est
1781 3355 2029 3411 Dominus
2083 3369 2339 3428 protector

808 3460 971 3497 meus.
996 3442 1063 3497 Et
1087 3444 1262 3497 eduxit
1296 3461 1375 3498 me
1397 3445 1451 3497 in
1475 3445 1825 3510 latitudinem,
1850 3449 2049 3503 salvum
2084 3467 2162 3504 me
2183 3451 2337 3520 faciet

809 3534 1052 3602 quoniam
1079 3534 1235 3585 voluit
1260 3549 1356 3585 me.
1388 3532 1454 3585 Et
1472 3535 1717 3588 retribuet
1738 3534 1860 3587 mihi
1883 3534 2135 3591 Dominus
2159 3555 2337 3592 secun-

808 3624 933 3675 dum
943 3622 1213 3689 justitiam
1257 3639 1443 3676 meam.
1493 3622 1626 3677 Cum
1681 3624 2093 3693 confessionem,
2140 3629 2333 3697 inquit,

810 3726 997 3778 preces
1024 3718 1077 3765 et
1101 3713 1519 3781 supplicationes
1547 3729 1694 3769 meas
1712 3714 1819 3782 jam
1841 3718 2148 3773 exaudisset
2173 3719 2333 3784 Deus,

810 3798 985 3851 factus
1009 3807 1092 3852 est
1114 3805 1384 3868 protector
1433 3814 1603 3854 meus.
1646 3799 1725 3854 Me
1769 3803 1963 3871 quippe
2003 3805 2336 3861 subversioni

810 3898 864 3945 et
888 3891 1055 3945 ruinae
1078 3890 1276 3960 ingenti
1305 3891 1627 3960 proximum,
1650 3891 1694 3946 si
1717 3893 1930 3961 quidem
1970 3903 2093 3964 post
2141 3914 2334 3967 pecca-

808 3986 923 4035 tum
979 3980 1032 4033 in
1089 3978 1439 4034 defectionem
1519 3983 1730 4049 penitus
1778 3982 2058 4052 prolapsus
2106 4001 2279 4041 essem
2313 4028 2332 4053 ,

807 4075 991 4123 astans
1013 4068 1146 4137 ipse,
1183 4082 1279 4120 ceu
1322 4066 1546 4120 fulcrum
1572 4076 1624 4121 et
1647 4067 2048 4134 adminiculum,
2094 4073 2332 4140 retinuit,

807 4158 1019 4227 quando
1040 4154 1205 4213 misso
1229 4158 1293 4211 ad
1312 4173 1396 4217 me
1421 4156 1629 4210 Nathan
1678 4159 1959 4227 propheta,
2007 4162 2072 4217 de
2100 4164 2334 4222 admisso

807 4256 1025 4319 peccato
1044 4265 1130 4304 me
1154 4250 1414 4320 coarguit,
1450 4256 1500 4302 et
1531 4249 1719 4302 erexit.
1771 4248 1881 4304 lmo
1910 4252 2064 4305 etiam
2119 4253 2334 4309 deduxit

804 4355 885 4393 me
914 4340 965 4392 in
980 4338 1335 4404 latitudinem;
1366 4340 1495 4400 sive,
1520 4343 1674 4408 juxta
1734 4337 2132 4411 Symmachum,
2158 4346 2210 4399 in
2250 4347 2329 4399 Ia.

804 4429 1169 4495 tumspatium.
1201 4428 1279 4485 Ad
1324 4429 1599 4499 angustias
1653 4429 1848 4498 quippe
1905 4431 2174 4488 redactum
2225 4413 2329 4501 me,

2436 3266 2842 3337 κεκρατηκότων
2867 3264 3035 3318 αὐτοῦ
3067 3265 3345 3334 γενέσθαι.

2507 3357 2610 3410 Καὶ
2657 3356 2884 3426 ἐγένετο
2929 3358 3150 3424 Κύριος
3203 3360 3436 3412 ἀντίον-τ)

2435 3446 2680 3517 ἐξήγαγέ
2698 3464 2772 3515 με
2825 3448 2910 3512 είς
2938 3449 3321 3518 πλατυσμὸν,
3341 3451 3436 3516 put

2434 3540 2585 3606 λησέ
2600 3556 2692 3607 με.
2737 3537 2843 3591 Καὶ
2894 3538 3303 3594 ἀνταποδώσει
3325 3556 3425 3609 μοι

2434 3627 2816 3690 δικαιοσύνην
2827 3642 2964 3694 μου.
3012 3626 3145 3697 Ἤδη
3174 3627 3290 3697 μὲν,
3343 3644 3436 3696 φης

2437 3716 2569 3780 πῶς
2593 3734 2688 3787 μου
2714 3717 2803 3767 καὶ
2820 3715 2924 3767 τῶν
2953 3716 3264 3786 προσευχῶν
3287 3716 3375 3769 καὶ
3414 3733 3436 3767 τ

2436 3806 2670 3869 ακούσας
2701 3806 2728 3857 ὁ
2764 3804 2987 3875 Κύριος,
3022 3806 3203 3874 γέγονέ
3238 3824 3323 3876 μοι
3375 3808 3436 3859 ἀν

2433 3898 2585 3950 λοντα
2611 3896 2715 3967 γάρ
2747 3912 2809 3965 με
2840 3897 3267 3968 περιτρέπεσθαι,
3297 3899 3384 3950 καὶ
3408 3915 3436 3967 μ

2437 3989 2633 4059 μένειν,
2658 3990 2705 4040 εί
2739 3985 2873 4057 μετὰ
2899 3985 2997 4055 τὴν
3025 3990 3278 4060 ἁμαρτίαν
3316 3992 3389 4052 εἰς
3416 4007 3436 4041 τ

2432 4077 2776 4140 ἀποστασίαν,
2816 4077 2978 4140 αὐτὸς
3008 4079 3273 4151 παραστὰς
3290 4079 3436 4150 ἔρεισε

2434 4169 2701 4239 στήριγμα
2738 4166 2976 4233 γέγονεν,
3028 4168 3262 4238 ὁπηνίκα,
3311 4170 3392 4221 τὸν

2431 4258 2611 4311 Ναϐὰν
2639 4256 2872 4326 πέμψας,
2904 4257 3115 4327 ἔλεγχόν
3140 4277 3221 4329 μοι
3263 4261 3436 4329 ἐπήγας

2431 4348 2523 4401 καὶ
2561 4346 2893 4417 ἀνώρθωσεν.
2938 4346 3085 4400 Ἀλλὰ
3138 4350 3221 4401 καὶ
3249 4347 3435 4416 eam,

2431 4437 2673 4506 τυσμὸν,
2700 4437 2791 4489 καὶ
2818 4438 2902 4500 εὶς
2931 4440 3281 4506 εἰιουχωρίαν,
3315 4436 3436 4491 κατὰ

804 4533 867 4572 ac
888 4533 1052 4603 prope
1081 4518 1146 4573 de
1171 4520 1340 4572 salute
1367 4534 1481 4573 mea
1503 4520 1899 4589 desperantem,
1950 4526 2145 4594 eripuit
2182 4543 2245 4581 ac
2273 4528 2297 4580 ll

1950 4526 2145 4594 eripuit
2182 4543 2245 4581 ac
2273 4528 2325 4580 in
2361 4534 2400 4588 ι)
2429 4525 2891 4596 Στενοχωρηθὲντα
2918 4528 3020 4596 γάρ
3051 4544 3128 4596 με,
3156 4529 3236 4580 καὶ
3269 4523 3435 4597 μικροῦ

801 4605 1133 4661 latitudinem
1154 4605 1356 4670 eduxit,
1417 4616 1475 4660 ut
1521 4608 1575 4661 in
1624 4608 1785 4664 latius
1815 4615 2046 4681 spatium
2075 4616 2323 4681 deducto,

799 4694 1090 4762 recipiendi
1128 4697 1231 4748 mci
1274 4711 1336 4749 ac
1385 4698 1602 4754 vulnera
1653 4701 1879 4758 sollicite
1925 4706 2145 4759 curandi
2172 4708 2323 4776 copia

799 4782 979 4837 fuerit.
1007 4782 1269 4836 Caeterum
1293 4784 1336 4837 is
1360 4801 1442 4839 me
1490 4802 1710 4851 prorsus
1746 4791 2013 4855 liberabit,
2062 4808 2125 4847 ac
2147 4795 2323 4850 delicti

798 4875 1002 4928 veniam
1017 4875 1290 4939 concedet,
1313 4886 1547 4945 tempore
1577 4881 1835 4937 adventus
1862 4885 1966 4945 sui,
1999 4886 2089 4953 qui
2125 4885 2176 4939 in
2194 4890 2325 4941 vati-

797 4960 938 5013 cinio
955 4961 1142 5014 fertur.
1167 4965 1341 5033 lisque
1362 4983 1444 5020 me
1478 4969 1748 5025 beneficiis
1770 4972 2034 5026 devinciet
2047 4972 2321 5040 Dominus,

797 5050 1037 5111 quoniam
1087 5053 1384 5110 voluitme:
1416 5066 1507 5112 aut
1556 5062 1849 5115 secundum
1883 5063 2150 5132 Aquilam,
2204 5082 2325 5134 quo-

797 5135 938 5186 niam
987 5140 1142 5193 voluit
1168 5144 1346 5210 inme;
1376 5164 1550 5217 neque
1576 5152 1718 5204 enim
1742 5154 2132 5211 convertendus
2149 5171 2318 5219 eram,

797 5239 972 5293 neque
1005 5236 1371 5298 coarguendos
1419 5239 1484 5292 de
1529 5247 1768 5308 peccato,
1825 5256 1996 5309 neque
2028 5241 2317 5297 mittendus

794 5315 863 5369 ad
890 5331 976 5370 me
995 5319 1267 5386 propheta,
1295 5327 1395 5381 nisi
1442 5345 1524 5384 me
1563 5332 1764 5385 salvum
1834 5331 2006 5386 facere
2041 5333 2314 5388 voluisset.

794 5402 863 5453 Ᾱι
888 5403 1028 5456 εηίιη
1079 5406 1223 5468 "Olli.
1256 5425 1317 5463 ac
1362 5430 1674 5481 persuasum
1713 5420 1868 5487 plane
1919 5419 2107 5480 habeo,
2141 5422 2314 5490 ipsum

795 5496 1033 5560 tempore
1053 5494 1185 5560 justi
1213 5498 1400 5563 judicii
1426 5507 1530 5566 sui,
1558 5511 1756 5574 peccati
1777 5509 1876 5562 mei
1905 5517 1959 5561 et
1992 5508 2310 5573 facinorum,

794 5594 913 5647 qua:
950 5581 1003 5633 in
1046 5583 1130 5637 die
1182 5588 1402 5644 miseriae
1445 5609 1572 5647 mete
1627 5602 1943 5666 perpetravi,
1997 5600 2315 5655 mentionem

862 5757 905 5786 τ’
931 5754 1121 5820 Ephes.
1149 5777 1210 5826 ιι,
1245 5764 1329 5819 20.
1404 5768 1449 5799 ⁷⁸
1480 5766 1619 5823 Psal.
1660 5786 1841 5839 vatn,
1872 5773 1925 5840 Ξ,
1961 5774 2017 5828 '5.

2431 4613 2618 4666 ἑαυτοῦ
2647 4612 2741 4682 τὴν
2804 4615 3077 4684 σωτηρίαν,
3131 4616 3362 4685 ἐρρύσατο
3382 4631 3436 4665 κα

2431 4704 2708 4773 ἐξήγαγεν,
2741 4703 2814 4764 ὡς
2861 4704 2994 4756 κατὰ
3020 4704 3191 4768 πλάτος
3219 4704 3436 4772 δυνηθῆνα

2430 4793 2625 4855 λαϐεῖν,
2650 4794 2739 4845 καὶ
2764 4794 2857 4861 τῆς
2888 4795 3098 4861 ἐμαυτοῦ
3129 4794 3381 4865 θεραπείας
3413 4795 3433 4844 ὲ

2425 4884 2633 4935 σασθαι.
2672 4884 2810 4951 Πλὴν
2833 4882 2962 4935 ἀλλὰ
2982 4885 3061 4936 καὶ
3078 4885 3309 4946 παντελῶς
3348 4883 3435 4953 ρύση

2421 4973 2588 5037 διδοὺς
2613 4973 2800 5042 ἄφεσιν
2824 4974 2922 5043 τῆς
2949 4977 3179 5046 ἁμαρτίας
3198 4977 3318 5027 κατὰ
3362 4974 3435 5025 τὸν

2425 5082 2509 5117 νον
2543 5065 2725 5135 καιρὸν
2751 5066 2847 5135 τῆς
2880 5065 3025 5119 αὐτοῦ
3054 5066 3316 5137 παρουσίας.
3343 5063 3431 5116 Καὶ

2424 5155 2718 5224 εὐεργετῶν
2745 5173 2811 5225 με
2859 5158 2887 5208 ὁ
2940 5157 3124 5225 Κύριος,
3170 5155 3243 5207 ὅτι
3286 5151 3436 5219 sese;

2421 5244 2509 5296 τὸν
2552 5245 2795 5309 Ἀκύλαν,
2846 5247 2932 5299 ὅτι
2969 5245 3212 5310 ἐϐουλήθη
3254 5244 3312 5295 ἐν
3353 5242 3436 5309 ἐμο

2420 5336 2790 5407 ἐπεστράφην,
2839 5337 2941 5390 οὐδ’
2992 5336 3046 5387 ἂν
3096 5335 3168 5385 τὸν
3216 5332 3392 5400 ἔλεγχόν
3431 5347 3436 5396 1

2419 5440 2542 5490 γεν,
2602 5425 2707 5478 οὐδ’
2729 5426 2792 5479 ἂν
2830 5428 2919 5479 τὸν
2956 5425 3183 5494 προφήτην
3224 5417 3378 5472 ἑαυτοῦ
3424 5431 3436 5465 1

2420 5513 2682 5577 εστάλκει,
2715 5518 2760 5566 εἰ
2795 5515 2866 5585 μὴ
2899 5514 3038 5565 σῶσαί
3088 5527 3141 5580 με
3179 5507 3346 5577 ἤθελεν.
3379 5498 3436 5557 Εὖ

2422 5601 2657 5671 ἀκριϐῶς
2703 5604 2999 5674 πέπεισμαι,
3031 5602 3093 5654 ὅτι
3140 5599 3250 5654 κατὰ
3284 5598 3351 5649 τὸν
3395 5608 3436 5644 κα
