3782 6348
712 409 811 465 179

1329 395 1591 454 EUSEBII
1627 376 2091 449 CAESARIENSIS
2129 371 2273 435 OPP.

2314 374 2490 430 PARS
2527 373 2612 426 Ill.-
2654 399 2717 410 —-
2758 363 3326 424 EXEGETICA.

707 520 914 576 Christo
952 517 1060 569 meo
1082 513 1143 566 ⁷⁸.
1176 509 1412 574 Lucerna
1463 511 1639 560 autem
1683 501 1901 555 Christo
1938 500 2141 566 parata,
2165 509 2200 546 e

1938 500 2141 566 parata,
2165 508 2228 546 ex
2259 497 2299 549 Α
2330 484 2552 552 Χριστῷ
2599 497 2736 550 μου.
2770 479 2988 548 Λύχνος
3037 478 3136 529 δὲ
3237 473 3415 524 ὲτοε

713 611 912 664 semine
945 605 1110 658 David
1141 607 1282 663 orta,
1311 599 1437 668 quid
1473 594 1614 650 aliud
1655 591 1835 653 fuerit,
1871 600 2030 657 quam
2064 584 2237 654 proles

713 700 824 760 illa,
854 711 970 765 qua:
1000 693 1292 749 secundum
1317 701 1530 765 carnem
1560 700 1623 738 ex
1654 680 2001 737 successione
2028 675 2239 730 Davidis

714 759 927 855 prodiit;
946 798 1046 852 qua
1078 797 1207 836 usus
1234 759 1479 832 Christus
1509 775 1598 843 qui
1617 774 1668 825 in
1693 787 1814 826 eum
1841 767 2050 821 Davidis
2080 765 2237 819 fetum

716 853 943 933 advenit,
959 866 1354 924 radiosvirtutis
1376 878 1502 924 suze,
1525 861 1887 926 orientemque
1915 856 2054 907 iilam
2073 853 2238 906 lucem

717 960 978 1013 universis
1007 954 1312 1009 hominibus
1335 950 1618 1019 splendere
1648 944 1810 1000 fecit?
1843 943 2019 1008 Quare
2034 942 2087 994 in
2111 955 2243 1009 prae-

696 1049 871 1102 ldictis
904 1047 1080 1102 verbis
1117 1042 1426 1115 prophetice
1453 1037 1618 1092 David
1664 1037 1738 1090 ita
1783 1034 2020 1103 loquitur
2053 1049 2066 1083 :
2100 1031 2243 1096 Quo-

716 1139 854 1191 niam
887 1148 940 1190 tu
986 1133 1306 1188 illuminabis
1351 1131 1614 1183 lucernam
1661 1141 1848 1188 meam,
1881 1123 2114 1176 Domine.
2165 1119 2242 1172 Tu

715 1229 855 1281 enim
901 1227 1016 1296 ipse
1060 1224 1339 1285 Dominus,
1373 1220 1569 1290 inquit,
1613 1219 1706 1287 qui
1746 1231 1871 1270 vera
1923 1215 2012 1266 lux
2059 1229 2136 1275 es,
2169 1227 2246 1265 ar-

717 1331 849 1369 cana
893 1315 1119 1384 quadam
1148 1312 1354 1365 ratione
1396 1311 1570 1362 unitas
1603 1308 1834 1360 lucernae
1858 1319 1919 1358 ex
1955 1318 2036 1356 me
2065 1301 2243 1370 prodi-

720 1414 871 1468 turae,
907 1406 1077 1473 ipsam
1113 1399 1592 1464 illuminabis;imo
1619 1399 1777 1451 etiam
1806 1393 2075 1453 tenebras,
2096 1392 2247 1460 queis

719 1494 921 1549 offusus
954 1494 1078 1547 olim
1108 1491 1204 1553 fui,
1237 1489 1526 1558 dissipabis
1564 1487 1809 1556 penitus,
1843 1493 1902 1538 ut
1936 1498 2002 1536 ne
2033 1482 2247 1552 quidem

719 1583 976 1638 iuemOria
1006 1595 1188 1635 earum
1234 1587 1464 1632 mentem
1507 1562 1694 1630 subeat
1735 1590 1926 1628 meam.
1973 1573 2250 1640 Probeque

722 1671 865 1734 novi,
893 1685 978 1723 me
1023 1670 1072 1722 vi
1104 1678 1260 1737 athe
1307 1667 1496 1720 robore
1530 1672 1620 1718 tuo
1666 1667 2006 1726 instructum,
2037 1675 2249 1715 murum

723 1762 870 1814 illum
913 1759 1184 1818 cwlestem
1229 1767 1687 1825 transgressurum
1717 1767 1838 1807 esse
1873 1771 1884 1806 :
1923 1761 2083 1820 atque
2122 1758 2251 1804 tunc

724 1852 776 1901 in
805 1856 920 1901 tuto
950 1849 1178 1916 positus,
1210 1846 1434 1899 salutem
1469 1859 1531 1896 ex
1561 1852 1614 1896 te
1645 1856 1965 1909 consequar.
1995 1839 2118 1893 Sive
2151 1839 2250 1892 hoc

727 1945 920 2003 pacto:
955 1933 1339 2003 Transgrediar
1374 1931 1774 1998 transiliamque
1803 1929 1982 1984 omnia
2019 1929 2251 1982 hostium

727 2025 1076 2089 tumimenta,
1108 2034 1159 2079 et
1201 2034 1354 2093 sepes
1395 2033 1554 2092 atque
1596 2030 1828 2083 murum,
1863 2030 2019 2086 quem
2069 2019 2122 2070 in
2153 2019 2256 2070 cir-

727 2118 874 2171 cuitu
909 2131 1048 2179 meo,
1082 2127 1138 2169 ut
1174 2113 1519 2177 intercludar,
1549 2122 1754 2166 struere
1792 2115 2060 2180 satagunt.

793 2203 956 2258 Vens.
981 2205 1068 2267 δί,
1103 2204 1189 2257 '59..
1223 2203 1359 2257 Deus
1389 2219 1548 2266 meus,
1576 2202 1845 2269 impolluta
1876 2202 1958 2254 via
1988 2201 2098 2268 ejus
2117 2215 2133 2252 :
2152 2200 2261 2252 elo-

728 2296 847 2350 nuia
898 2293 1104 2347 Domini
1138 2295 1251 2363 igne
1281 2293 1600 2357 examinata,
1631 2298 1886 2360 protector
1927 2300 2002 2343 est
2033 2290 2258 2343 omnium

728 2389 1042 2455 sperantium
1073 2389 1127 2440 in
1158 2404 1229 2440 se.
1257 2387 1513 2451 Quoniam
1552 2386 1666 2453 quis
1706 2383 1842 2437 Deus
1869 2396 2053 2452 prwler
2081 2383 2259 2436 Domi-

729 2480 896 2532 tium?
928 2488 1018 2530 aut
1041 2478 1155 2545 quis
1185 2475 1322 2530 Deus
1356 2485 1543 2544 prater
1571 2474 1733 2528 Deum
1767 2478 2039 2528 nostrum?
2067 2472 2259 2542 lmpol-

729 2568 896 2618 lutam
928 2565 1200 2634 praedicat,
1227 2565 1280 2617 id
1331 2572 1413 2619 est
1463 2563 1810 2633 iuculpatam,
1837 2563 2258 2616 administratio-

732 2666 853 2710 nem
886 2655 1022 2720 ejus,
1053 2665 1114 2708 ac
1158 2655 1500 2722 providentiae
1545 2653 1918 2709 oeconomiam.
1957 2652 2056 2706 Sed
2100 2652 2259 2705 etiam

731 2745 942 2814 eloquia
969 2745 1085 2813 ejus
1118 2745 1238 2814 igne
1265 2745 1588 2810 ekaminata,
1622 2747 1735 2801 sive
1767 2741 1994 2800 sollicite
2042 2743 2261 2812 probata

732 2835 1123 2904 exquisitaque,
1158 2849 1329 2904 neque
1361 2837 1586 2892 ulterius
1623 2836 1947 2906 exploranda
1994 2843 2153 2898 sunt;
2180 2835 2264 2893 ni-j

735 2925 811 2978 hil
843 2925 1040 2993 quippe
1069 2925 1254 2979 aliena:
1283 2927 1517 2980 materiae
1569 2928 1700 2997 ipsis
1747 2926 2033 2981 admistum
2076 2925 2264 2994 depre-

735 3016 970 3070 hendere
997 3023 1078 3070 est
1120 3035 1132 3068 :
1169 3016 1346 3084 qualia
1375 3025 1500 3070 sunt
1534 3018 1746 3086 eloquia
1778 3018 2074 3086 sapientum
2102 3017 2262 3084 hujus

737 3108 939 3168 silendi,
976 3115 1093 3174 qua:
1122 3106 1354 3172 aliquam
1405 3106 1672 3160 interdum
1719 3108 2007 3178 praeferunt
2039 3106 2267 3176 dignitao

738 3199 809 3250 tis
835 3195 1088 3266 speciem,
1122 3194 1213 3250 sed
1241 3196 1386 3249 omni
1418 3197 1691 3266 religionis
1716 3199 1971 3268 despectu
1998 3204 2050 3251 et
2091 3196 2273 3264 impie-

737 3289 847 3341 tate
880 3288 1032 3356 plena
1063 3295 1206 3341 sunt.
1238 3287 1375 3351 Quid
1405 3296 1582 3340 autem
1609 3288 1802 3343 docent
1823 3287 2032 3358 eloquia
2054 3289 2140 3340 illa
2175 3287 2272 3340 Do-

739 3377 868 3429 mini
894 3377 1013 3446 igne
1034 3375 1367 3429 craminata?
1401 3375 1454 3429 ld
1478 3391 1625 3440 sane,
1659 3378 1834 3446 ipsum
1860 3392 1979 3432 esse
2008 3384 2271 3446 protecto-

739 3479 852 3519 rem
900 3467 1140 3520 omnium
1191 3467 1519 3534 sperantium
1573 3467 1628 3520 in
1683 3484 1760 3531 se,
1787 3479 1849 3522 ac
1903 3467 2108 3521 nullum
2153 3481 2273 3520 esse

741 3553 905 3608 Deum
957 3564 1146 3622 przeter
1193 3554 1476 3607 Dominum
1521 3564 1785 3619 nostrum,
1819 3558 2023 3610 nullum
2085 3561 2270 3611 fortem

742 3644 846 3696 nisi
886 3643 1050 3696 Deum
1104 3651 1347 3696 nostrum
1380 3661 1391 3694 :
1418 3652 1576 3710 atque
1610 3645 1728 3698 ideo
1753 3646 1875 3712 jure
1903 3647 2113 3699 dicatur
2143 3662 2268 3715 pro-

744 3738 912 3784 tector
942 3746 1062 3784 esse
1089 3731 1327 3784 onmium
1352 3732 1680 3794 spcrantium
1717 3734 1769 3785 in
1804 3749 1882 3796 se,
1927 3750 2048 3787 cum
2093 3736 2272 3788 nullus

744 3819 965 3886 reperiri
993 3820 1159 3888 possit
1186 3821 1274 3887 qui
1306 3819 1396 3874 tali
1416 3827 1670 3889 tantoque
1691 3825 1978 3889 protectori
2010 3819 2272 3878 obsistere

743 3907 936 3960 valeat.

814 3996 975 4052 Vens.
1006 3996 1091 4063 55,
1126 3999 1212 4054 54.
1248 3998 1382 4053 Deus
1416 4001 1503 4069 qui
1541 3994 1804 4070 prwcingit
1842 4018 1918 4054 me
1971 4003 2173 4061 virtute,
2223 4012 2271 4054 et

745 4090 912 4156 posuit
943 4090 1327 4142 immaculatum
1365 4091 1496 4143 viam
1527 4108 1712 4145 meam.
1744 4091 1845 4155 Qui
1873 4091 2081 4158 perfecit
2125 4091 2270 4158 pedes

746 4195 882 4232 meos
916 4190 1157 4249 tanquam
1194 4190 1478 4244 cervarum,
1509 4191 1558 4234 et
1593 4197 1742 4249 super
1767 4181 1968 4235 excelsa
2016 4198 2129 4234 mea
2157 4193 2268 4235 sla-

748 4271 893 4318 tucns
922 4284 1019 4320 me.
1059 4267 1174 4321 Non
1213 4269 1358 4322 iners
1397 4273 1448 4321 ct
1489 4269 1716 4331 otiosus,
1749 4269 1940 4337 inquit,
1975 4270 2273 4338 patrocina-

747 4358 1020 4424 tur-atquc
1066 4357 1328 4427 protegit;
1361 4357 1454 4411 sed
1510 4358 1561 4410 id
1615 4360 1854 4413 numeris
1883 4361 2009 4429 agit,
2044 4361 2168 4414 dum
2194 4361 2268 4414 illi

749 4454 939 4508 manus
964 4455 1252 4501 conserunt
1283 4464 1381 4517 pro
1409 4449 1577 4502 salute
1600 4460 1716 4510 sua,
1736 4460 1792 4502 ut
1827 4451 1956 4504 inito
1984 4447 2272 4507 certamine

752 4533 1000 4589 inimicos
1033 4535 1314 4589 debellent.
1351 4537 1440 4590 Sic
1469 4554 1551 4591 me
1585 4538 1873 4592 virtutibus
1906 4541 2021 4594 Suis
2055 4555 2150 4594 ceu
2191 4557 2276 4593 ar-

753 4623 856 4677 mis
897 4623 1132 4688 instruit,
1173 4634 1236 4678 ac
1277 4629 1553 4682 mortalem
1595 4627 1986 4697 humanamque
2018 4627 2278 4682 fortitudi-

754 4728 871 4766 nem
913 4729 1080 4767 meam
1108 4714 1278 4783 gratia
1307 4732 1402 4770 sua
1432 4717 1740 4782 conﬁrmat;
1773 4724 1830 4771 ut
1851 4718 2003 4787 quasi
2025 4720 2123 4780 'vir,
2153 4720 2280 4770 Ium-

748 4800 848 4855 bos
897 4803 1096 4856 habens
1124 4803 1319 4857 virtute
1365 4819 1462 4859 sua
1511 4806 1832 4868 succinctos,
1866 4807 2093 4861 inimicis
2137 4808 2282 4861 obsi-

756 4901 909 4942 stam.
935 4883 1039 4944 Sed
1067 4891 1519 4960 quemadmodum
1561 4909 1724 4963 supra
1769 4894 1968 4947 dictum
2003 4903 2107 4958 est,
2143 4893 2280 4947 Deus

755 4977 1022 5042 impolluta
1050 4981 1131 5032 via
1161 4981 1306 5049 ejus;
1333 4983 1406 5035 ita
1437 4993 1520 5037 me
1541 4984 1604 5036 ad
1627 4986 1708 5037 sui
1743 4985 2023 5054 imaginem
2048 4999 2110 5038 ac
2135 4986 2282 5039 simi-

758 5062 1030 5119 litudinem
1071 5085 1190 5125 esse
1242 5083 1548 5143 peroptans,
1584 5092 1753 5129 meum
1783 5092 1996 5145 quoque
2023 5076 2162 5128 viam
2195 5091 2283 5144 po-

757 5153 864 5206 suit
893 5155 1303 5226 immaculatum,
1331 5173 1383 5218 et
1411 5165 1675 5229 doctrina,
1704 5168 1920 5220 ruonitis
1952 5181 2014 5219 ac
2041 5166 2281 5233 cujusvis

758 5245 969 5310 generis
997 5245 1316 5315 disciplinis,
1345 5256 1482 5307 viam
1524 5259 1634 5310 sive
1662 5257 1824 5309 vitam
1873 5255 2281 5323 institutumque

758 5347 931 5384 meum
960 5335 1240 5402 Ρθνροιὶνίι
1289 5356 1349 5393 ac
1384 5346 1623 5410 perfecit.
1667 5343 1809 5399 Loco
1843 5345 2006 5408 illius,
2037 5344 2282 5396 immacuo

759 5418 938 5478 tatam,
969 5420 1180 5488 Aquila,
1235 5428 1538 5494 perfectura,
1575 5434 1758 5487 edidit.
1817 5433 2047 5487 Adbmc
2097 5446 2276 5500 porro.

760 5506 966 5572 pcrjecit
1007 5508 1153 5575 pedes
1197 5524 1332 5564 meos
1375 5523 1616 5586 tanquam
1654 5539 1914 5575 cervorum
1949 5538 1965 5573 :
1993 5521 2058 5575 de
2088 5522 2279 5589 quibus

826 5614 1027 5675 “Psal.
1059 5637 1236 5688 cxxxl,
1269 5627 1350 5680 Π.

2338 578 2399 626 ὲκ
2445 573 2749 642 σπέρματος
2781 569 2946 622 Δαυῒδ
2992 568 3128 628 τίς
3187 564 3304 616 ἂν
3348 577 3430 627 γι

2337 661 2474 714 κατὰ
2508 663 2684 730 σάρκα
2710 659 3022 727 γενόμενον
3076 658 3190 706 ὲκ
3259 649 3438 703 διαὶ

2337 770 2422 804 ται
2455 753 2482 802 ὁ
2511 752 2738 820 Χριστὸς
2765 750 2820 799 ὲν
2849 745 3029 814 αὐτῷ
3083 741 3440 811 γενὸμε

2342 839 2659 912 μεωςαύτοῦ
2691 835 3115 908 μαρμαρυγὰς
3159 831 3325 884 καὶ
3373 846 3444 880 τι

2340 936 2498 985 πᾶσδν
2533 930 2822 998 ἐξέλαμψεν
2853 925 3295 995 ἀνθρώποις
3323 937 3345 982 ;
3385 922 3442 970 Δ

2345 1024 2519 1092 μένοις
2553 1017 2898 1092 προφητικῶς
2932 1031 3173 1086 φησιν
3224 1015 3271 1064 ὁ
3305 1015 3444 1063 Δίκη

2340 1115 2568 1179 λύχνον·
2615 1118 2751 1176 μου,
2791 1108 3006 1172 Κύριε.
3091 1106 3206 1156 Σὺ
3292 1101 3443 1171 γὰρ

2347 1218 2473 1271 ριος,
2506 1201 2566 1251 τὸ
2599 1200 2711 1266 φῶς
2749 1198 2806 1249 τὸ
2854 1195 3190 1264 ἀληθινὸν
3260 1206 3444 1259 τυγ;

2344 1291 2657 1360 ἁπορρήτως
2683 1287 2758 1356 τῷ
2787 1286 2843 1350 ἐξ
2885 1285 3048 1354 ἐμοῦ
3100 1297 3442 1351 γενησοε.

2345 1381 2528 1433 αὐτόν’
2555 1378 2685 1432 ἀλλὰ
2711 1379 2801 1429 καὶ
2832 1378 2893 1429 τὸ
2921 1372 3437 1443 ὲγγενόμενόν

2346 1469 2610 1530 παντελῶς
2643 1467 2930 1534 περιελεῖς,
2964 1467 3062 1527 ὡς
3114 1464 3314 1534 μηδὲ
3388 1480 3440 1531 μ

2347 1560 2434 1610 ἐπὶ
2464 1559 2558 1627 τὴν
2590 1556 2722 1626 ἐμὴν
2754 1556 3028 1607 διάνοιαν.
3065 1548 3172 1604 Εὖ
3221 1551 3304 1603 δὲ
3344 1547 3444 1601 οἷξ

2351 1648 2439 1700 σοῦ
2485 1648 2756 1716 δυνάμεως
2799 1647 2891 1697 καὶ
2943 1644 3182 1713 ἰσχύος
3248 1659 3440 1694 κατα

2349 1737 2439 1789 τοῦ
2492 1740 2547 1788 ἐν
2591 1737 2829 1801 οὐρανοῖς
2877 1734 3186 1802 τείχουςο
3239 1734 3319 1783 ἐν
3390 1733 3437 1783 ὰ

2282 1803 2320 1855 Β
2349 1827 2464 1879 τότε
2497 1827 2592 1894 τῆς
2627 1824 2771 1894 παρὰ
2801 1826 2880 1876 σοὶ
2915 1823 3245 1892 τεύξομαι
3290 1839 3436 1874 cur:

2352 1935 2509 1987 σομαι
2550 1919 2639 1968 καὶ
2666 1915 3048 1985 ὑπερπηδήσω
3105 1914 3348 1966 πάντα
3412 1932 3444 1965 τ

2356 2007 2576 2078 ρώματα
2607 2008 2698 2059 καὶ
2727 2009 2849 2068 τοὺς
2912 2007 3273 2075 φραγμοὺς
3338 2023 3430 2057 κα.

2353 2097 2562 2150 ϐάλλειν
2615 2114 2701 2166 μοι
2744 2099 2820 2158 εἰς
2851 2095 2912 2147 τὸ
2946 2095 3353 2147 ἀποκλεῖσαι
3403 2112 3441 2146 σ

2437 2192 2496 2241 '0
2532 2190 2672 2254 Θεός
2699 2205 2837 2255 μου,
2857 2186 3129 2255 ἄμωμος
3176 2189 3224 2253 ή
3283 2185 3438 2251 όὸὦς

2356 2281 2569 2347 Κυρίου
2601 2277 3014 2345 πεπυρωμένα,
3056 2279 3438 2344 ὑπερασπι

2356 2369 2472 2421 τῶν
2517 2361 2866 2426 ἐλπιζόντων
2911 2365 3009 2416 ἐπ’
3051 2367 3307 2418 αὐτόν.
3359 2367 3438 2417 Ὅ

2357 2457 2460 2509 τοῦ
2511 2456 2760 2522 Κυρίου;
2798 2455 2835 2520 ἢ
2868 2454 2961 2518 τίς
3010 2454 3186 2518 Θεὸς
3231 2455 3436 2521 πλὴν

2363 2548 2617 2615 Ἀμωμον
2659 2538 2792 2596 εἶναι
2838 2543 3263 2608 ἀποφαίνεται,
3305 2560 3440 2594 τουτ

2360 2635 2453 2705 τὴν
2489 2633 2742 2700 διοίκησιν
2800 2631 2988 2692 αὑτοῦ,
3044 2632 3155 2683 καὶ
3193 2632 3309 2702 τὴν
3348 2632 3442 2700 τῆς

2364 2725 2504 2796 μίαν.
2550 2722 2702 2774 Ἀλλὰ
2757 2721 2848 2772 καὶ
2897 2721 2965 2773 τὰ
3011 2720 3191 2788 λόγια
3229 2722 3421 2774 αὑτοῦ

2358 2817 2501 2866 τέστι
2536 2811 2958 2881 βεϐασανισμένα
2987 2811 3094 2862 καὶ
3125 2811 3442 2880 δεδοκιμαε

2361 2905 2536 2965 αὐτοῖς
2585 2900 2902 2968 ἐπισκέψαιο
2963 2901 3101 2952 οὐδὲ
3161 2900 3442 2972 ἀλλοτρία

2364 2994 2620 3063 ελημένον
2670 3009 2720 3043 τι
2773 2993 2828 3043 ἐν
2882 2991 3074 3053 αὐτοῖς
3113 2992 3334 3061 εὑρεῖν,
3380 2995 3440 3044 ὀτ

2294 3106 2336 3163 c
2369 3086 2544 3152 σοφοῖς
2591 3081 2682 3133 τοῦ
2737 3080 2926 3143 αἰῶνος
2959 3081 3167 3134 τούτου
3197 3083 3444 3150 τυγχάνε

2370 3187 2508 3234 τινος
2533 3171 2640 3224 ἔσθ’
2662 3173 2745 3223 ὅτε
2771 3172 3092 3239 φαντασίας,
3129 3173 3323 3242 πάσης
3337 3173 3394 3224 δὲ
3418 3177 3442 3226 ὁ

2375 3264 2579 3325 σεϐείας
2608 3262 3022 3332 πεπληρωμένα.
3060 3262 3130 3314 Τί
3153 3259 3251 3315 οὖν
3279 3260 3350 3315 ’τὰ
3400 3281 3444 3315 π

2370 3355 2462 3407 τοῦ
2491 3355 2689 3424 Κυρίου
2715 3353 2974 3415 διδάσκει;
3013 3353 3090 3416 ὡς
3121 3354 3442 3424 ὑπερασπισ

2372 3445 2476 3498 τῶν
2510 3444 2822 3507 ἐλπιζόντων
2856 3444 2938 3494 ἐπ’
2969 3444 3168 3495 αὐτόν·
3211 3445 3309 3496 καὶ
3351 3446 3430 3497 ὅτι

2372 3535 2500 3596 Θεὸς
2547 3534 2579 3603 ἢ
2633 3533 2786 3602 μόνος
2817 3533 2844 3583 ὁ
2876 3531 3148 3601 ἡμέτερος
3207 3535 3433 3604 Κύριος,

2372 3623 2516 3684 ταιὺς
2566 3621 2717 3684 ἄλλος
2747 3619 2778 3688 ἢ
2810 3621 2838 3670 ὁ
2870 3618 2996 3681 Θεὸς
3033 3622 3190 3690 ἡμῶν
3211 3639 3224 3651 ·
3274 3624 3365 3674 καὶ
3397 3624 3443 3675 δι

2374 3710 2772 3780 ὑπερασπιστὴς
2791 3711 2901 3760 ἐστι
2929 3709 3142 3762 πάντων
3172 3712 3276 3764 τῶν
3296 3713 3443 3776 ὲλπιζ

2376 3799 2593 3869 μηδενὸς
2643 3801 2824 3868 ἐτέρου
2877 3799 3258 3870 εὑρισκομένου
3287 3801 3377 3854 τοῦ
3403 3803 3444 3854 δι

2373 3891 2504 3960 πρὸς
2533 3889 2776 3940 τοσοῦτον
2801 3889 2893 3939 καὶ
2924 3891 3174 3943 τοιοῦτον.

2463 3999 2514 4048 Ὁ
2561 3996 2699 4060 Θεὸς
2734 4009 2764 4048 ο
2809 3993 3196 4061 περιζὶυννὺων
3212 4017 3287 4067 με
3325 4000 3444 4052 δύνι

2371 4088 2605 4155 ἄμωμον
2666 4084 2778 4152 τὴν
2849 4084 2982 4136 ὁδόν
3032 4105 3176 4156 μου·
3229 4105 3444 4156 satrapa

2372 4177 2556 4240 πόδας
2594 4191 2708 4242 μου
2748 4173 2885 4226 ὡσεὶ
2927 4173 3169 4244 ἐλάφων,
3199 4177 3291 4230 καὶ
3338 4179 3427 4230 ἐπὶ

2373 4265 2554 4320 ἱστῶν
2579 4281 2672 4333 με.
2729 4264 2839 4315 Οὐκ
2884 4262 3169 4332 ἀπρακτῶν,
3209 4269 3348 4336 φησὶ,
3396 4285 3442 4321 κε

2374 4363 2587 4411 ἵσταται
2647 4353 2738 4407 καὶ
2796 4355 3161 4424 ὑπερασπίζει·
3221 4359 3342 4411 ἀλλὰ
3395 4375 3444 4412 κο

2379 4445 2711 4514 ϐαλλομένων
2776 4445 2836 4512 τῇ
2892 4439 3047 4496 αὐτῶν
3102 4449 3317 4518 σωτηρίᾳ
3372 4446 3442 4498 διὰ

2381 4535 2562 4600 ζεσοαι
2596 4535 2685 4586 καὶ
2731 4534 2853 4593 τοὺς
2882 4532 3083 4602 ἐχθροὺς
3122 4538 3444 4605 καταπολεμεῖ

2381 4623 2597 4693 καὶςὲμὲ
2640 4621 2865 4683 ὁπλίζων
2901 4626 3004 4685 ταῖς
3039 4624 3208 4676 ἑαυτοῦ
3235 4625 3438 4692 δυνάμεσ

2383 4714 2473 4766 καὶ
2505 4709 2838 4781 ἀνθρωπίνην
2865 4723 2953 4778 μου
2980 4713 3111 4780 ἰσχὺν
3139 4715 3196 4782 τῇ
3225 4713 3363 4765 αὐτοῦ
3389 4712 3444 4780 χά

2379 4803 2442 4854 ἵν’
2493 4800 2674 4870 ὥσπερ
2731 4798 2866 4866 ἀνὴρ
2917 4798 2996 4868 τὴν
3035 4802 3179 4869 ὀσφὺν
3218 4801 3440 4871 περιεζωσ

2379 4889 2539 4944 αὑτοῦ
2561 4885 2951 4958 χορηγουμένην
2972 4903 3046 4957 μοι
3065 4889 3255 4959 δύναμιν
3281 4889 3371 4940 στῶ
3386 4905 3444 4956 πρ

2385 4985 2552 5052 μίους.
2599 4979 2757 5031 Ἀλλὰ
2791 4980 2882 5030 καὶ
2909 4979 3062 5048 ὥσπερ
3081 4982 3288 5050 εἴρηται·
3329 4981 3375 5029 '0
3400 4981 3438 5028 Θ

2382 5075 2419 5138 ἡ
2453 5071 2588 5136 ὁδὸς
2631 5069 2832 5122 αὐτοῦ’
2861 5069 3007 5132 οὕτως
3030 5072 3128 5123 κατ’
3151 5070 3300 5122 εἰκόνα
3321 5068 3397 5120 καὶ
3421 5085 3444 5118 κ

2383 5153 2541 5215 αὐτοῦ
2590 5163 2681 5214 καὶ
2719 5160 2816 5231 ἐμὲ
2858 5161 3122 5230 βουλόμενος
3148 5157 3274 5220 εἶναι,
3295 5159 3366 5210 καὶ
3399 5157 3440 5207 τί

2383 5252 2529 5305 ἔθετο
2579 5252 2821 5322 ἄμωμον,
2849 5250 3151 5312 διδασιαλίαις
3199 5251 3273 5302 καὶ
3314 5263 3444 5316 mpm

2386 5341 2648 5402 παντοίοις
2683 5339 2948 5409 μαθήμασι
2965 5338 3040 5407 τὴν
3065 5337 3156 5389 ὁδόν
3179 5353 3275 5404 μου,
3299 5333 3440 5386 τουτέσ

2386 5433 2476 5483 καὶ
2508 5431 2594 5483 τὸν
2629 5431 2736 5500 βίον
2771 5431 2972 5501 ἄμωμον
3001 5424 3370 5495 καταρτιζόμενος.
3400 5421 3442 5470 Ἀ

2385 5521 2637 5592 ἄμωμον,
2682 5521 2920 5585 Ἀκύλας,
2954 5519 3132 5571 τέλειον
3173 5516 3245 5583 (l-l),
3288 5512 3436 5564 ἑκὸέδω

832 5736 906 5807 (Ι)
935 5737 992 5792 In
1023 5736 1282 5794 Hebrairo
1316 5741 1527 5808 legitur,
1567 5754 1723 5804 cum
1760 5786 1774 5814 ,
1806 5749 1945 5818 quod
1977 5753 2056 5802 cst
2085 5755 2380 5813 perfectam.
