3782 6320
143 363 321 448 ,ει

1414 395 1898 456 COMMENTARIA
1937 402 2002 457 IN
2041 403 2369 460 PSALMOS.

3354 416 3452 474 182

158 479 359 555 φορὸς
398 482 626 593 rulime,
674 491 785 545 καὶ
817 498 1011 593 ⁸ίτῗὺς
1054 506 1255 574 πόδας
1279 527 1396 578 μου
1434 513 1574 566 ὡσεὶ
1609 514 1794 582 excisae.

1940 520 2108 574 cervis
2138 522 2309 593 multa
2347 522 2401 575 in
2442 521 2637 578 divinis
2678 524 3044 582 instrumentis
3100 528 3358 587 feruntur.
3399 533 3453 591 SI

182 576 617 674 κατηρτίσωῖο
640 596 652 609 ⁸
700 586 845 652 περὶ
878 582 967 643 ὧν
1019 594 1247 666 ὲλάτρων
1272 576 1433 664 πολὺς
1460 605 1516 655 ὲν
1541 605 1649 665 τοῖς
1678 576 1838 674 ἱε-ροῖς

199 665 933 762 πράγμασιλγράμμασι]
996 685 1233 755 φέρεται
1268 688 1436 756 λόγος.
1493 692 1610 744 Ἐπὶ
1650 665 1838 762 σχολῆς

221 762 285 821 δ’
312 760 594 852 ἀντιςτῶν
624 768 1033 834 προτεθέντων
1071 777 1350 844 ἐξετάσας,
1393 781 1536 852 εὖροι
1568 783 1630 835 ἂν
1667 784 1838 837 αὐτῶν

242 852 338 906 τὸν
377 850 496 904 νοῦν
535 852 971 927 ἀναφερόμενον
1023 866 1121 919 ἐπὶ
1175 869 1297 932 τοὺς
1348 850 1529 938 ἁγίους
1571 872 1661 925 τοῦ
1709 872 1836 926 Θεοῦ

244 942 477 1014 ἄνδρας,
505 945 625 1007 τοὺς
676 948 1087 1021 ἀναιρετικοὺς
1132 958 1327 1021 παντὸς
1377 960 1697 1029 ἑρπυστικοῦ
1748 965 1837 1017 καὶ

251 1033 475 1087 Ξοῦὄλου
494 1035 641 1099 ζώου.
676 1038 843 1092 Ἑπεὶ
873 1045 978 1096 καὶ⁵
1004 1047 1109 1115 τῆς
1132 1048 1326 1116 ἐλάφου
1362 1048 1572 1123 τοιαύτη
1604 1050 1836 1123 πέφυκεν

242 1126 286 1193 ἡ
337 1124 519 1191 φύσις,
574 1127 894 1194 ὁφιοκτόνος
940 1129 1083 1186 οῦσα
1134 1136 1227 1188 καὶ
1278 1138 1585 1209 ἀναιρετικὴ
1643 1141 1837 1204 παντὸς

235 1216 520 1284 ἑρπετοῦ.
557 1220 936 1289 Ὀρεινοδατὲς
974 1224 1034 1276 δὲ
1081 1227 1141 1277 τὸ
1180 1225 1313 1288 ζῶον
1343 1228 1431 1280 καὶ
1462 1229 1728 1298 δρομικὸν,
1762 1231 1835 1294 ὡς

227 1302 349 1353 καὶ
383 1306 439 1354 οἱ
474 1304 616 1373 ἅγιοι
641 1305 735 1358 τοῦ
769 1307 913 1361 Θεοῦ
948 1310 1017 1363 τὰ
1048 1311 1160 1364 ἄνω
1188 1313 1520 1378 σκοποῦντες,
1553 1318 1643 1368 καὶ
1669 1316 1739 1386 μὴ
1768 1317 1834 1370 τὰ

219 1392 345 1443 ἐπὶ
380 1394 486 1462 τῆς
508 1395 635 1463 τῆς,
670 1399 765 1449 καὶ
791 1397 862 1450 τὰ
887 1399 1071 1469 ὑψηλὰ
1097 1400 1402 1467 διώκοντες,
1437 1404 1581 1474 πόοῳ
1604 1406 1701 1474 τῆς
1729 1406 1833 1458 τῶν

217 1479 506 1549 οὐρανῶν
562 1482 865 1551 βασιλείας.
916 1488 1030 1557 Τὴν
1064 1490 1198 1559 πρὸς
1254 1493 1375 1554 τοὺς
1423 1493 1605 1559 ἁγίους
1661 1495 1833 1546 τοίνυν

220 1571 556 1642 ὁμοιότητα
611 1575 810 1627 ἑαυτοῦ
863 1578 960 1629 καὶ
991 1580 1020 1630 ὁ
1059 1580 1217 1633 Δαυῖδ
1253 1584 1318 1651 τῇ
1350 1581 1440 1633 τοῦ
1483 1582 1609 1634 Θεοῦ
1659 1586 1832 1654 χάριτι

218 1660 582 1730 ἀνατίθησι,
621 1663 804 1732 λέγων
833 1666 981 1736 ἑξῆς
1012 1669 1121 1721 Kal
1143 1670 1238 1722 ἐπὶ
1272 1671 1341 1724 τὰ
1369 1672 1492 1740 ὕψη
1510 1691 1626 1741 μου
1654 1676 1832 1728 ἱστῶν

1938 611 2059 681 quis
2088 628 2214 667 vero
2243 629 2339 683 per
2361 617 2528 669 otium
2556 621 2880 688 propositum
2910 634 3275 692 argumentum
3296 644 3451 683 exeu-

1937 702 2050 763 tiat.
2073 703 2136 756 ad
2158 713 2371 762 sanctos
2401 707 2488 761 Dei
2519 708 2661 763 viros
2699 726 2994 767 sermonem
3040 725 3279 785 spectare
3304 733 3453 773 com-

1938 792 2122 860 periet,
2154 796 2244 862 qui
2277 804 2551 865 serpentes
2581 815 2765 856 omnes
2802 813 3159 874 venenataque
3207 809 3459 864 animalia

1935 880 2000 935 d‘e
2030 882 2203 937 medio
2232 886 2442 940 tollunt.
2465 886 2594 941 Nam
2646 891 2766 945 talis
2809 900 2890 946 est
2924 908 3201 949 cervorum
3241 906 3452 962 natura,

1937 981 1992 1026 ut
2021 983 2296 1043 serpentes
2337 992 2598 1047 omneque
2635 990 3011 1036 venenatorum
3051 999 3215 1053 genus
3250 989 3451 1043 interti-

1932 1066 2094 1119 ciant.
2137 1067 2444 1121 Montanum
2477 1070 2601 1123 item
2644 1072 2838 1124 animal
2870 1082 2950 1126 est
2975 1088 3037 1128 ac
3065 1089 3227 1130 cursu
3254 1078 3403 1132 velox
3431 1096 3447 1130 :

1931 1157 2113 1225 quales
2142 1166 2267 1213 sunt
2298 1174 2507 1228 quoque
2552 1161 2720 1213 sancti
2762 1160 2875 1228 Dei,
2902 1163 2990 1231 qui
3029 1180 3257 1232 superna
3329 1185 3459 1242 spe-1

1936 1259 2102 1313 ctant,
2122 1265 2225 1303 non
2255 1257 2484 1312 terrena,
2514 1251 2760 1305 sublimia
2785 1268 2907 1307 vero
2950 1256 3262 1324 qua’ritant;
3293 1259 3455 1327 idque

1930 1353 1994 1390 ex
2027 1353 2133 1391 uno
2165 1339 2313 1407 regni
2346 1340 2583 1394 cmlestis
2612 1356 2812 1395 amore.
2844 1341 2969 1395 Eam
3018 1345 3098 1397 sui
3133 1345 3298 1413 ipsius
3327 1363 3451 1402 cum

1930 1427 2130 1481 sanctis
2165 1427 2567 1480 similitudinem
2592 1427 2694 1481 sibi
2727 1427 2913 1490 David,
2936 1429 3105 1497 gratia
3142 1430 3233 1484 Dei
3261 1432 3449 1497 fultus,

1929 1514 2170 1577 ascribit,
2205 1514 2330 1567 dum
2354 1514 2465 1569 haec
2490 1514 2782 1584 subjungit,
2811 1524 2859 1567 et
2904 1531 3054 1583 super
3092 1518 3293 1570 excelsa
3339 1535 3451 1573 mea

1928 1612 2156 1656 statuens
2190 1620 2286 1656 me.
2314 1603 2429 1658 Etsi
2469 1619 2702 1672 namque
2732 1604 2821 1657 alii
2852 1604 2980 1667 sint,
3030 1606 3122 1673 qui
3150 1621 3247 1660 nos
3277 1608 3329 1660 in
3358 1624 3452 1661 ne-

1927 1691 2107 1762 quitia:
2150 1693 2314 1747 valles
2347 1693 2629 1747 detrahere
2676 1708 2738 1747 ac
2776 1693 3040 1747 abducere
3082 1702 3357 1764 satagant;
3396 1704 3451 1749 at

197 1766 335 1816 με.
380 1753 449 1803 Ei
480 1753 598 1822 γὰρ
647 1755 743 1807 καὶ
791 1756 863 1808 τὰ
913 1758 1144 1825 μάλιστα
1170 1760 1342 1830 ἕτεροι
1372 1762 1644 1816 καθέλκειν
1687 1767 1794 1834 mia

1929 1780 2068 1836 Deus
2106 1786 2308 1845 noster,
2344 1798 2439 1836 ceu
2479 1782 2693 1851 quidam
2750 1784 3101 1836 certaminum
3145 1783 3447 1853 praefectus,

198 1841 333 1891 καὶ
376 1842 789 1907 καταϐιϐάζειν
816 1847 909 1898 ἐπὶ
945 1847 1014 1899 τὰ
1045 1848 1177 1919 βάθη
1205 1851 1296 1902 καὶ
1327 1851 1421 1913 τὰς
1451 1831 1828 1922 κοιλάδας-τῆς
1860 1831 1899 1888 Β

192 1931 448 1994 κακίας
479 1933 824 2000 πειρῶνται·
854 1936 967 1988 ἀλλ’
988 1938 1018 1989 ὁ
1044 1938 1173 2001 Θεὸς
1205 1941 1377 2008 ἡμῶν,
1406 1937 1491 1994 οἷά
1515 1959 1597 2005 τις
1629 1944 1827 2010 ἀγωνο-

186 2017 410 2089 θέτης
443 2021 729 2075 διδάσκων
755 2025 899 2093 ἡμᾶς
931 2026 1165 2093 ἀγαθοὺς
1192 2025 1328 2083 εἶναι
1371 2031 1604 2101 δρομεῖς,
1634 2034 1723 2085 ἐπὶ
1762 2032 1829 2089 τὰ

181 2113 576 2183 κατάλληλα
618 2117 752 2185 ἡμῖν
781 2116 892 2186 ὕψη
918 2122 1191 2189 παρορμᾷ·
1219 2121 1378 2173 αὑτοῦ
1405 2139 1463 2174 τε
1492 2126 1523 2192 ή
1549 2125 1722 2194 χάρις.
1752 2127 1823 2176 Οὐ

174 2202 344 2271 γὰρ
381 2204 652 2273 ἡμετέρα
679 2204 909 2274 δύναμις
937 2207 1146 2277 ἵστησιν
1178 2210 1235 2262 ἐν
1260 2213 1369 2272 τοῖς
1389 2212 1670 2281 ἡμετέροις
1699 2213 1824 2282 ὕψει

173 2305 315 2342 σι·
394 2291 572 2359 φύσει
622 2293 734 2364 γὰρ
791 2295 1078 2365 ἀνθρώπου
1111 2297 1250 2368 ψυχῇ
1292 2300 1351 2351 τὸ
1394 2301 1635 2371 οὐράνιόν
1682 2305 1823 2356 ἐστιν

167 2381 576 2451 αῐκητήριον
596 2398 611 2412 ο
647 2384 745 2435 καὶ
771 2383 843 2435 τὰ
870 2387 985 2437 ὲκεί
1010 2383 1115 2456 ὕψη
1153 2388 1251 2438 οὐκ
1297 2387 1563 2458 ἀλλότρια,
1593 2390 1705 2443 ἀλλ’
1744 2393 1821 2443 οὶο

169 2473 359 2522 κεῖνα
379 2488 395 2500 ο
432 2471 545 2534 διὸ,
594 2472 724 2524 Ἐπὶ
751 2473 828 2525 τὰ
860 2473 988 2541 ὕψη
1014 2492 1151 2541 μου,
1184 2477 1362 2547 φησὶν,
1384 2477 1562 2530 ἱστῶν
1587 2497 1680 2548 με.

297 2559 642 2613 Διδὰσκων
691 2560 896 2628 χεῖράς
941 2581 1061 2630 μου
1105 2567 1190 2628 εἰς
1232 2568 1509 2635 πόλεμον,
1550 2569 1645 2621 καὶ
1683 2569 1821 2623 ἔθου

170 2650 426 2714 τόξον
452 2651 740 2717 χαλκοῦν
764 2651 908 2714 τοὺς
926 2653 1258 2721 βραχίονας
1280 2673 1396 2724 μου
1416 2695 1429 2708 .
1460 2656 1566 2709 Kal
1600 2657 1821 2723 ἔδωκάς

166 2760 327 2812 βλοι
350 2740 845 2809 ὑπερασπισμὸν
861 2744 1171 2809 σωτηρίας,
1197 2745 1290 2796 καὶ
1312 2746 1348 2812 ἠ
1376 2745 1539 2809 δεξιά
1558 2761 1669 2800 σου
1687 2747 1750 2801 ἀν
1763 2766 1821 2801 τ-

175 2833 494 2887 ειὰϐετό
538 2850 684 2901 μου.
745 2832 890 2901 Πρὸς
941 2832 1144 2895 τούτοις
1189 2834 1383 2887 ἅπασιν
1420 2837 1818 2908 ὑπερασπισμὸν

182 2925 527 2995 σωτηρίας
566 2940 661 2994 μοι
695 2923 953 2988 δέδωκας,
981 2924 1070 2975 τὸν
1097 2923 1186 2975 σὺν
1223 2925 1347 2977 Υἱδν
1374 2927 1726 2997 καταπέμψας
1752 2932 1815 2999 τῇ

190 3014 352 3084 Eoi;
391 3012 590 3066 ἀσπίδι
646 3011 791 3080 ὑπὲρ
830 3011 963 3080 ἐμοῦ
996 3013 1383 3082 μαχησόμενον.
1429 3015 1687 3084 Ἀκριὸὦς
1711 3016 1817 3087 γὰρ

1926 1885 2046 1923 cum
2073 1886 2171 1925 nos
2210 1871 2445 1925 instituit
2478 1879 2535 1923 ut
2563 1871 2697 1923 boni
2720 1886 2969 1925 cursores
3010 1872 3198 1934 simus,
3222 1874 3286 1926 ad
3317 1889 3448 1927 con-

1924 1958 2163 2027 gruentia
2207 1957 2363 2012 nobis
2405 1958 2612 2012 excelsa
2656 1958 2889 2012 concitat
2920 1978 2933 2010 :
2966 1960 3193 2027 idipsum
3232 1969 3451 2030 prazstat

1923 2048 2040 2116 ejus
2066 2048 2258 2117 gratia.
2289 2049 2472 2117 Neque
2499 2049 2641 2102 enim
2687 2049 2881 2103 virtute
2920 2058 3104 2103 nostra
3138 2051 3193 2104 in
3220 2053 3449 2108 excelsis

1923 2139 2123 2195 nostris
2174 2139 2552 2193 constituimur
2582 2158 2595 2192 :
2626 2138 2856 2193 hominis
2921 2140 3113 2209 quippe
3156 2142 3343 2195 anima:
3380 2158 3447 2196 ex

1923 2236 2111 2281 natura
2141 2242 2237 2283 sua
2272 2228 2488 2282 caeleste
2518 2229 2847 2281 domicilium
2882 2238 2964 2283 est
2998 2249 3009 2282 :
3041 2238 3199 2298 atque
3233 2232 3443 2285 excelsa

1923 2320 2032 2383 illa,
2063 2333 2168 2371 non
2193 2318 2384 2381 aliena,
2411 2317 2501 2371 sed
2533 2319 2746 2386 propria
2778 2320 2879 2387 ipsi
2920 2328 3072 2386 sunt;
3101 2321 3443 2389 quamobrem

1920 2409 1994 2461 ait
2028 2426 2039 2461 :
2083 2406 2247 2474 Super
2274 2406 2477 2461 excelsa
2503 2423 2614 2460 mea
2643 2416 2873 2461 statuens
2908 2424 3005 2461 me.

1987 2582 2150 2636 Vens.
2176 2583 2263 2645 35,
2294 2581 2378 2635 36.
2400 2581 2502 2647 Qui
2527 2579 2668 2633 docet
2705 2596 2887 2632 manus
2917 2596 3056 2632 meas
3085 2578 3151 2631 ad
3179 2580 3437 2647 prwlium,

1919 2682 1967 2726 et
1987 2671 2208 2741 posuisti
2234 2679 2291 2723 ut
2314 2687 2491 2723 arcum
2516 2686 2704 2723 cereum
2746 2669 2957 2721 brachia
2990 2686 3122 2723 mea.
3154 2669 3222 2722 Et
3249 2670 3436 2724 dedisti

1921 2764 2042 2816 mihi
2067 2762 2425 2831 protectionem
2453 2759 2661 2823 salutis,
2682 2768 2731 2812 et
2752 2758 2963 2812 dextera
2984 2771 3073 2811 tua
3094 2762 3315 2829 suscepit
3338 2777 3436 2816 me.

1917 2853 1996 2906 Ad
2019 2852 2129 2906 hazc
2176 2858 2321 2906 certe
2366 2849 2543 2902 omnia
2579 2849 2962 2917 protectionem
2997 2850 3186 2905 salutis
3218 2850 3440 2920 largitus

1917 2943 2045 2997 mihi
2074 2958 2152 3005 es,
2174 2956 2295 2995 cum
2311 2938 2501 2992 Filium
2526 2947 2674 2991 tuum
2706 2937 2895 2993 misisti
2930 2939 3146 3007 proprio
3171 2953 3292 2991 cum
3315 2953 3442 2992 scu-

1918 3041 1972 3086 to
1994 3048 2089 3102 pro
2118 3031 2288 3085 salute
2327 3044 2444 3084 mea
2490 3038 2868 3099 pugnaturum.
2925 3030 3187 3084 Accurate
3238 3030 3432 3084 etenim

197 3106 566 3174 ἐπιστήσεις
592 3102 649 3154 τι
680 3102 811 3154 ποτέ
828 3104 943 3180 ἐστι
961 3103 1021 3153 τὸ
1047 3102 1131 3154 διὰ
1159 3103 1335 3173 πάσης
1363 3103 1579 3175 Γραφῆς
1609 3123 1794 3176 προφη.

1919 3124 2095 3177 animo
2151 3121 2447 3192 perpendas
2478 3120 2657 3182 velim,
2709 3120 2968 3188 quodnam
3022 3120 3151 3173 illud
3207 3119 3441 3174 salutare

204 3194 538 3262 τευόμενον
572 3192 845 3261 σωτήριον
866 3190 960 3242 τοῦ
988 3190 1119 3243 Θεοῦ
1150 3191 1274 3260 περὶ
1303 3186 1362 3245 οὗ
1393 3194 1483 3245 καί
1516 3193 1730 3262 Συμεὼν
1755 3197 1794 3247 Et

1919 3210 2004 3265 Dei
2038 3208 2127 3271 sit,
2153 3186 2207 3262 in
2237 3186 2399 3262 totius
2439 3186 2731 3274 Scripturae
2764 3206 3027 3259 vaticiniis
3075 3205 3438 3273 praedicatum.

213 3285 324 3354 τῷ
354 3281 689 3351 Εὐαγγελίῳ
727 3280 936 3349 ἔλεγεν·
986 3281 1106 3334 Νῦν
1152 3282 1428 3347 ἀπολύεις
1456 3282 1558 3334 τὸν
1598 3283 1814 3337 δοῦλόν

221 3388 385 3438 σου,
418 3373 726 3435 Δέσποτα,
760 3370 910 3423 κατὰ
944 3369 1010 3421 τὸ
1032 3369 1192 3438 ῥῆμά
1222 3387 1335 3424 σου
1365 3372 1434 3423 ἐν
1459 3371 1661 3439 εἰρήνῃ
1682 3390 1693 3400 ·
1725 3372 1811 3425 ὅτι

211 3456 407 3513 εἶδον
430 3462 485 3513 oi
509 3457 818 3526 ὀφθαλμοί
840 3474 958 3524 μου
990 3456 1051 3508 τὸ
1083 3456 1370 3522 σωτήριόν
1400 3458 1739 3511 acu—Kal
1777 3460 1810 3524 ἠ

208 3546 410 3611 δεξιά
454 3562 579 3601 σου
627 3544 989 3600 ἀντελάϐετό
1020 3562 1158 3612 μου.
1201 3546 1349 3614 Τάχα
1389 3545 1531 3609 δεξιὰ
1556 3546 1647 3598 τοῦ
1679 3546 1808 3599 Θεοῦ

200 3628 380 3686 εἶναι
427 3634 661 3688 δύναται
694 3635 753 3684 ἐν
881 3633 1173 3702 ὲστερέωσε
1207 3632 1293 3685 τὸν
1320 3633 1559 3703 οὐρανὸν,
1598 3651 1810 3703 μονογε-

194 3725 338 3794 wh;
365 3727 559 3794 Λόγος.

307 3818 417 3869 Καὶ
435 3820 472 3885 ἡ
494 3815 747 3869 παιδεία
767 3828 880 3867 σου
909 3811 1220 3880 ἀνώρθωσέ
1239 3830 1313 3881 με
1331 3814 1415 3879 εἰς
1444 3814 1631 3878 τέλος,
1654 3817 1748 3869 καὶ
1771 3817 1806 3883 ὴ

186 3907 474 3961 ...παιδεία
558 3921 687 3959 σου
761 3904 913 3970 αὐτή
975 3921 1050 3972 με
1105 3903 1345 3966 διδάξει.
1418 3902 1700 3975 Σύμμαχος
1752 3908 1806 3959 δὲ

230 3992 496 4054 ἐξέδωκε
534 3995 653 4050 Kal
703 3992 773 4047 τὸ
806 3995 1128 4048 ὑπακούειν
1159 4010 1235 4060 με
1264 3993 1511 4058 αὐξήσει
1536 4012 1627 4063 με.
1667 3994 1722 4047 ’0
1752 3998 1806 4049 δὲ

274 4081 496 4152 Ἀκύλας·
551 4088 674 4142 Kal
727 4086 1059 4153 πραότητός
1108 4100 1222 4138 σου
1274 4082 1574 4152 ἐπλήθυνέ
1603 4104 1678 4154 με
1709 4085 1803 4154 (Ι).

273 4172 633 4244 Ἔπλὰτυνας
685 4178 761 4230 τὰ
811 4175 1138 4244 διαϐήματά
1192 4194 1308 4244 μου
1360 4175 1630 4230 ὑποκάτω
1667 4195 1801 4245 μου.

259 4261 317 4319 Τὰ
330 4272 679 4341 διαδήματα,
716 4266 837 4320 καθ’
871 4267 907 4320 ἃ
939 4269 1003 4318 ὲκ
1030 4266 1222 4328 κακίας
1254 4268 1331 4328 εἰς
1374 4266 1586 4337 ἀρετὴν,
1625 4269 1715 4320 καὶ
1748 4268 1805 4330 ἐξ

252 4357 503 4434 αὶσθητῶν
553 4363 656 4415 ἐπὶ
706 4360 893 4430 νοητὰ,
927 4360 1022 4411 καὶ
1067 4360 1171 4411 ἀπὸ
1197 4358 1286 4411 τοῦ
1319 4361 1575 4431 παρόντος
1610 4365 1688 4423 εἰς
1714 4361 1804 4414 τὸν

1910 3301 1975 3353 de
2006 3314 2110 3367 quo
2133 3296 2345 3351 Simeon
2368 3297 2420 3348 in
2455 3295 2739 3363 Evangelia
2761 3293 2834 3345 ait
2859 3311 2873 3347 ι
2900 3292 3052 3344 Nunc
3080 3292 3304 3344 dimittis
3328 3307 3438 3344 ser-

1910 3405 2023 3442 vum
2050 3398 2211 3448 tuum,
2245 3386 2477 3447 Domine,
2502 3383 2777 3437 secundant
2806 3381 3006 3435 verbum
3031 3389 3173 3433 tuum
3198 3382 3253 3432 in
3279 3395 3437 3447 pace:

1907 3475 2027 3544 quia
2051 3474 2279 3527 viderunt
2305 3472 2439 3524 oculi
2473 3472 2572 3524 mei
2600 3470 2827 3524 salutare
2852 3479 2993 3521 tuum
3018 3470 3090 3521 ⁷⁸.
3113 3498 3181 3508 -
3209 3467 3277 3520 Ει
3309 3467 3436 3521 dea:-

1908 3576 2015 3617 tera
2039 3574 2129 3617 tua
2159 3563 2379 3631 suscepit
2408 3577 2506 3614 me.
2542 3560 2766 3615 Dextera
2802 3557 2893 3612 Dei
2913 3575 2975 3613 ea
3002 3558 3229 3614 fortasse
3252 3558 3442 3623 fuerit.

1906 3670 2011 3724 qua
2061 3654 2287 3707 ﬁrmavit
2314 3652 2532 3715 coelum,
2559 3651 2763 3705 scilicet
2812 3651 3144 3719 unigenitum
3174 3648 3428 3705 Verbum.

1974 3821 2134 3876 Vens.
2167 3822 2254 3874 '57.
2296 3819 2363 3873 Et
2390 3821 2665 3889 disciplina
2706 3830 2795 3873 tua
2818 3822 3040 3874 correxit
3064 3838 3141 3875 me
3173 3822 3227 3874 in
3260 3823 3435 3891 linem,

1904 3919 1950 3963 et
1977 3909 2253 3976 disciplina
2285 3919 2375 3961 tua
2401 3910 2512 3974 ipsa
2538 3926 2615 3962 me
2638 3907 2853 3961 docebit.
2878 3906 3227 3977 Symmachus
3247 3909 3435 3973 edidit,

1903 4000 2111 4070 etquod
2156 4000 2399 4054 exaudiat
2443 4016 2521 4053 me
2554 4016 2842 4054 accrescere
2892 4016 2970 4052 me
3025 3999 3215 4067 faciet;
3247 4001 3435 4067 Aquila

1903 4107 2050 4154 vero,
2082 4099 2131 4144 et
2168 4090 2558 4144 mansuetudine
2585 4101 2675 4143 tua
2708 4090 2917 4158 replevit
2959 4105 3055 4141 me.
3087 4119 3154 4128 —-
3185 4087 3436 4141 Diiatasti

1902 4198 2106 4251 gressus
2152 4198 2289 4234 meos
2318 4180 2498 4234 subtus
2525 4196 2621 4233 me.
2666 4178 2894 4234 Gressus
2921 4178 3144 4241 scilicet,
3184 4178 3337 4247 queis
3365 4193 3432 4231 ex

1902 4270 2138 4339 nequitia
2162 4271 2225 4323 ad
2257 4270 2529 4331 virtutem,
2568 4285 2633 4323 ex
2664 4269 3010 4324 sensibilibus
3036 4268 3102 4322 ad
3125 4268 3435 4339 intelligibi-

1902 4360 1994 4421 lia,
2017 4374 2047 4411 a
2071 4358 2320 4428 praesenti
2348 4357 2413 4411 ad
2443 4356 2681 4410 futurum
2711 4357 2962 4411 saeculum
2993 4356 3333 4426 transmigro.
3359 4357 3436 4410 di-

249 4449 494 4511 ξιέλλοντα
521 4453 708 4506 αἰῶνα
742 4450 1025 4515 διαϐαίνω,
1064 4448 1353 4513 ὲπλάτυνας
1399 4451 1649 4503 ὑποκάτω
1678 4468 1794 4521 μου

1919 4449 2087 4502 latasti
2117 4448 2305 4502 subtus
2334 4462 2420 4502 me
2450 4466 2464 4500 :
2494 4447 2585 4515 qui
2605 4447 2735 4499 mihi
2771 4445 2837 4499 ab
2858 4446 3010 4500 initio
3042 4446 3255 4516 angusti
3279 4454 3333 4501 et
3353 4460 3436 4499 πε

245 4546 345 4595 κατ’
392 4544 580 4615 ἀρχὰς
636 4540 751 4611 γὰρ
798 4538 959 4591 στενὰ
997 4539 1088 4591 καὶ
1137 4540 1360 4593 ἐπίπονα
1408 4541 1695 4610 φαινόμενα
1727 4541 1801 4611 τῷ

240 4629 324 4701 τὴν
382 4633 770 4703 τεθλιμμένην
817 4629 1022 4681 ὁδεύειν
1051 4628 1195 4681 ὁδόνο
1235 4630 1482 4701 ὑπεράνω
1521 4632 1696 4684 αὐτῶν
1735 4636 1798 4703 τῇ

238 4730 477 4796 προχοπῇ
527 4720 928 4793 γεγενημένος,
982 4719 1340 4772 πλατυνοέντα
1388 4720 1523 4774 αὐτὰ
1577 4722 1797 4775 ἐθεασά-

240 4825 359 4885 μην.
403 4820 464 4870 '0
493 4817 611 4886 γὰρ
657 4811 923 4881 ἀνωτέρω
952 4808 1061 4861 τῶν
1110 4812 1391 4879 προκοπῶν
1428 4813 1797 4882 γεγενημένος,

236 4902 309 4971 τῷ
334 4908 424 4960 ἐπὶ
455 4907 615 4967 τέλος
643 4902 965 4970 ἐφθακέναι,
999 4900 1180 4952 οὐκέτι
1226 4900 1462 4954 αἴσθεται
1499 4902 1595 4971 τῆς
1628 4903 1799 4956 στενό-

238 5003 408 5060 τητος,
452 4996 566 5048 τῶν
606 4994 790 5046 πόνων
823 4993 918 5044 καὶ
946 4989 1182 5060 ἱδρώτων
1218 4990 1321 5042 τῶν
1351 4992 1441 5043 ἐπὶ
1468 4995 1582 5054 ταῖς
1607 5010 1800 5062 προκο-

245 5086 380 5146 παῖς,
398 5087 454 5135 ὲν
483 5081 803 5153 εὐρυχωρίᾳ
829 5077 1215 5146 γεγενημένος.
1242 5079 1347 5131 Kal
1374 5081 1480 5131 οὐκ
1507 5080 1800 5147 ἠσθένησε

250 5170 313 5222 τὰ
340 5172 476 5240 ἴχνη
527 5190 669 5240 μου.
732 5171 798 5222 Εἰ
845 5165 1116 5237 διηνεκῶς
1164 5168 1218 5217 ἐν
1248 5167 1322 5236 τῷ
1354 5171 1529 5220 πονεῖν
1571 5170 1796 5235 ἐτέλουν,

256 5236 353 5310 κᾶν
655 5261 725 5313 τὰ
757 5260 1047 5328 ἴχνη.μου,
1083 5254 1319 5307 τουτέστι
1349 5256 1440 5308 τοῦ
1465 5258 1568 5310 έσω
1594 5260 1798 5330 ἀνθρω-

263 5360 349 5399 mu
394 5350 459 5402 τὰ
507 5350 667 5419 σκέλη
690 5368 703 5378 ο
741 5346 938 5413 ἐπειδὴ
993 5343 1134 5412 μετὰ
1155 5343 1275 5405 τοὺς
1305 5345 1439 5412 ὑπὲρ
1475 5346 1669 5417 ἀρετῆς
1700 5366 1798 5401 κα..

316 5502 357 5533 ’⁵
373 5501 501 5556 Luc.
531 5519 592 5566 ll,
624 5501 717 5562 29,
749 5498 842 5552 50.

1904 4538 1995 4592 dui
2026 4538 2125 4591 visi
2155 4544 2301 4597 sunt,
2322 4537 2462 4606 quod
2490 4539 2543 4590 in
2584 4545 2729 4589 arcta
2774 4536 3074 4591 incederem
3099 4539 3215 4602 via;
3252 4536 3345 4591 sed
3378 4536 3430 4589 in

1906 4643 2189 4697 progressu
2216 4628 2462 4696 superior
2498 4627 2604 4680 illis
2639 4625 2884 4690 eii'ectus,
2908 4628 3159 4681 dilatatos
3190 4626 3433 4680 animad-

1903 4717 2059 4771 verti.
2095 4715 2227 4770 Nam
2249 4717 2340 4785 qui
2364 4716 2507 4769 omni
2546 4716 2785 4784 profectu
2820 4718 3065 4788 superior
3085 4719 3275 4780 evasit,
3297 4726 3351 4770 et
3380 4716 3432 4771 ﬂ-

1905 4822 2025 4861 nem
2054 4807 2249 4876 attigit,
2280 4808 2333 4860 in
2370 4807 2478 4859 lato
2506 4806 2680 4874 spatio
2707 4807 2990 4872 deductus,
3024 4807 3320 4875 angustiam
3362 4807 3428 4860 il—

1904 4897 2031 4959 lam,
2070 4896 2299 4958 labores,
2331 4895 2576 4955 sudores.
2614 4911 2749 4963 quos
2780 4896 2835 4950 in
2888 4897 3127 4966 profectu
3181 4904 3431 4963 expertus

1903 4994 2037 5049 erat,
2073 5003 2178 5040 non
2210 4987 2345 5039 ultra
2372 4985 2553 5041 sentit.
2589 4984 2655 5037 Et
2681 5004 2782 5039 non
2828 4998 2947 5040 sunt
2986 4988 3250 5055 inﬁrmata
3278 4990 3428 5043 vesti.

1901 5078 1990 5146 gia
2017 5093 2147 5132 mea.
2173 5076 2285 5132 Etsi
2318 5078 2372 5131 in
2401 5077 2655 5131 diuturno
2693 5076 2874 5129 labore
2918 5082 3178 5140 versatus,
3207 5079 3430 5149 vestigia

1902 5184 2042 5231 mea,
2065 5168 2117 5222 id
2138 5175 2237 5235 est,
2281 5183 2437 5222 crura
2472 5167 2744 5222 interioris
2771 5165 3024 5230 hominis,
3052 5167 3315 5221 inﬁrmata
3343 5184 3430 5223 es-

1904 5270 2054 5329 sent;
2079 5263 2205 5332 quia
2241 5268 2418 5315 tamen
2464 5261 2675 5314 labores
2700 5259 2910 5314 virtutis
2937 5275 3099 5318 causa
3147 5271 3430 5330 susceptos

1901 5354 2053 5424 quies
2071 5353 2287 5420 exeipit,
2333 5365 2439 5403 non
2492 5350 2853 5414 inﬁrmantur,
2903 5351 2997 5408 sed
3044 5347 3430 5404 conﬁrmantur

300 5659 371 5721 (tl
409 5658 462 5710 In
497 5652 771 5711 Hebraieo
814 5641 1129 5711 exemplaii
1174 5640 1552 5713 legitumum
1592 5655 1796 5725 11111371,
1829 5653 1967 5721 quod
1995 5661 2075 5708 est
2117 5658 2172 5705 ut
2213 5650 2375 5719 probe
2428 5650 2806 5724 Hieronymus,
2834 5651 2905 5703 Et
2947 5648 3288 5708 mansuetudo
3349 5658 3439 5702 tua

224 5724 584 5800 ‘vltiplicamt
621 5735 721 5773 me.
