3782 6340
679 338 781 398 183

1306 338 1566 395 EUSEBII
1605 336 2071 394 C/ESARIENSIS
2107 338 2250 394 OPP.
2296 340 2469 394 PARS
2532 339 2614 394 Ill.
2644 371 2709 380 —
2752 336 3337 395 EXEGETICA-

677 449 899 519 vestigia
933 464 1073 514 mea,
1104 451 1175 506 ita
1226 458 1284 504 ut
1318 451 1495 504 dicere
1542 452 1704 505 liceat
1740 470 1751 504 :
1791 450 1855 504 Et
1891 451 2121 504 statuisti
2151 454 2168 503 i

1912 451 2121 504 :tatuisti
2151 454 2203 505 in
2233 464 2274 514 Α
2304 456 2502 524 μάτους
2539 456 2817 509 ἀνάπαυλα
2838 455 3339 525 διαδέχεται,
3394 468 3405 490 ε

676 538 788 592 loco
832 541 1056 606 spatioso
1093 538 1240 606 pedes
1286 539 1505 591 meos".
1540 537 1652 593 lmo
1708 554 1838 593 vero
1881 540 1974 609 qui
2024 537 2202 595 Jesum

677 628 939 699 sequitur,
974 630 1210 697 vestigiis
1241 628 1358 695 ejus
1397 628 1598 682 insistit
1630 648 1642 681 :
1673 629 1926 698 quoniam
1983 630 2035 683 in
2067 630 2149 682 via
2172 647 2201 683 a

672 716 798 772 Jesu
818 718 1032 774 Christo
1052 719 1176 770 trita
1209 724 1262 771 et
1292 716 1625 785 frequentata
1659 719 2016 788 progreditur,
2053 719 2202 774 ﬁrma

674 809 932 877 imprimit
970 807 1209 875 vestigia,
1244 804 1316 857 ita
1349 813 1406 859 ut
1426 809 1506 862 vel
1542 808 1656 877 ipso
1672 823 1831 877 opere
1854 808 1966 861 haec
1999 806 2201 861 vocife-

674 905 822 951 retur
851 917 864 951 :
897 897 953 949 ln
983 898 1226 966 angustia
1249 912 1607 952 aerumnarum
1658 915 1757 952 non
1788 907 1908 952 sunt
1938 900 2202 967 inﬁrmata

674 987 882 1055 uestigia
911 1001 1042 1039 mea.

743 1074 902 1130 Vens.
930 1076 1016 1130 58.
1050 1076 1340 1152 Persequar
1369 1083 1600 1135 inimicos
1633 1098 1768 1134 meos
1794 1090 1841 1134 et
1874 1085 2201 1153 comprehen-

674 1166 793 1220 dam
829 1168 969 1231 illos,
989 1179 1039 1222 et
1061 1187 1163 1223 non
1191 1182 1456 1225 convertar
1474 1171 1631 1222 donec
1667 1169 1929 1238 deﬁciant.
1960 1172 2203 1244 Confrin—

671 1272 788 1324 gam
823 1257 962 1319 illos,
993 1274 1083 1310 nec
1127 1268 1363 1325 poterunt
1410 1269 1569 1322 stare,
1612 1259 1794 1311 cadent
1845 1260 2019 1314 subtus
2051 1263 2201 1329 pedes

672 1360 829 1399 meos.
869 1343 1008 1411 Quot
1049 1356 1384 1417 quantosque
1435 1348 1704 1413 inimicos,
1737 1349 2034 1418 opitulante
2070 1351 2198 1415 Deo,

671 1436 972 1503 superavit!
1004 1434 1070 1487 Et
1102 1435 1201 1490 hoc
1238 1436 1390 1499 mihi,
1438 1437 1633 1504 inquit,
1673 1437 1795 1491 boni
1852 1453 1943 1505 per
1976 1438 2200 1507 gratiam

671 1538 816 1578 tuam
848 1539 1161 1580 concessum
1188 1533 1290 1589 est,
1324 1534 1381 1579 ut
1411 1526 1571 1594 pedes
1597 1527 1699 1580 mei
1736 1541 1842 1580 non
1866 1536 2203 1582 coarctaren-

671 1622 779 1675 tur,
807 1629 978 1683 neque
1006 1615 1211 1669 retibus
1242 1614 1700 1677 inimicorum,vel
1733 1614 2064 1683 oﬂ‘endiculis
2086 1631 2204 1685 quze

671 1704 975 1769 obiecerant
1004 1704 1367 1775 interciperer.
1398 1707 1492 1760 His
1511 1706 1704 1780 quippe
1734 1707 1981 1761 omnibus
2008 1722 2102 1776 per
2129 1714 2201 1770 te,

672 1789 810 1844 Deus
848 1806 1019 1854 mens,
1055 1793 1268 1855 amotis,
1308 1793 1529 1845 liberam
1574 1774 1892 1862 planumque
1921 1793 2052 1846 mihi
2080 1808 2200 1845 mu-
2234 1769 2272 1821 Β

672 1878 817 1934 niisti
851 1880 1009 1934 viam.
1033 1879 1164 1934 Illud
1186 1888 1384 1944 autem,
1413 1879 1611 1935 Cadent
1640 1882 1819 1936 subtus
1855 1882 2003 1949 pedes
2043 1898 2198 1945 meas,

672 1984 907 2024 consona
936 1971 1246 2040 prophetico
1286 1972 1496 2040 spiritui
1550 1973 1989 2040 interpretatione
2033 1972 2202 2025 dona-

675 2060 778 2123 bis,
813 2060 858 2114 si
884 2062 1193 2115 memineris
1217 2062 1360 2115 illam
1394 2062 1689 2117 Salvatoris
1722 2064 1788 2116 ad
1818 2064 2090 2132 apostolos
2125 2062 2205 2116 fa-

675 2159 815 2201 ctam
855 2150 1283 2217 promission‘em,
1316 2166 1422 2220 qua
1465 2151 1597 2205 dicit
1628 2151 1734 2204 illis
1767 2169 1779 2203 :
1820 2150 1948 2204 Ecce
1970 2152 2037 2205 do
2066 2150 2206 2204 vobis

671 2245 977 2304 potestatem
1009 2238 1248 2292 calcandi
1272 2255 1431 2308 supra
1466 2254 1717 2308 serpentes
1746 2249 1793 2292 et
1819 2242 2134 2310 scorpiones,
2158 2249 2205 2293 et

671 2346 823 2397 super
846 2348 1043 2384 omnem
1072 2334 1306 2383 virtutem
1331 2331 1525 2383 inimici
1559 2332 1629 2385 ⁷⁷.

2307 547 2596 613 ροποιεῖται
2622 545 2687 598 τὰ
2719 544 2836 615 ἴχνη
2878 561 3051 614 μου,
3088 543 3327 596 ὥστ’
3394 540 3420 591 ἐ

2302 649 2416 698 σας
2457 636 2524 686 ἐν
2569 634 2881 701 εὐρυχώρῳ
2959 633 3181 697 τοὺς
3255 630 3430 681 πό(

2315 720 2482 790 Ἰησοῦ
2516 719 2767 789 ἑπόμενος
2810 716 3339 771 ἐπακολουθεῖ
3392 729 3428 763 σι

2301 810 2460 863 αὐτοῦ
2506 808 2597 861 τοῦ
2646 811 2831 861 πατεῖν
2866 809 2992 877 τὴν
3037 820 3430 877 τετριμμ

2304 901 2494 971 ισχυρὰ
2512 902 2699 952 κτᾶται
2719 900 2783 952 τὰ
2806 899 2927 951 ἴδια
2958 898 3163 967 ἴχνη,
3193 895 3323 956 ὡς
3369 893 3428 961 ἕ,

2300 987 2686 1058 νησετὰῖχνη
2703 1009 2817 1060 μου
2852 990 2917 1041 ὲν
2956 990 3039 1057 τῇ
3095 1002 3430 1052 στενοχσ

2368 1078 2711 1143 Καταδιὼξω
2753 1078 2901 1143 τοὺς
2962 1075 3349 1145 ἐχθρούς
3392 1091 3424 1139 J

2296 1186 2399 1237 μαι
2456 1169 2815 1234 αὐτοὺς-,καὶ
2889 1169 3027 1220 οὐκ
3095 1166 3430 1228 ἀποστὲ

2298 1260 2669 1313 ἐκλείπωσιν.
2715 1257 3053 1322 Ἐκϐλίψω
3104 1252 3422 1307 αὐτοὺς

2301 1367 2389 1402 ται
2413 1348 2643 1416 στῆναι,
2664 1347 3021 1400 πεσοῦνται
3072 1342 3257 1396 ὑπὸ
3312 1358 3429 1393 το.

2301 1439 2435 1489 ὅσων
2474 1435 2678 1505 ἐχθρῶν
2723 1436 2814 1488 καὶ
2866 1432 3231 1502 πολεμίων
3281 1447 3420 1499 περ

2301 1525 2432 1578 Θεοῦ
2466 1524 2744 1594 βοηθείαςῐ
2770 1523 2890 1576 Καὶ
2922 1521 3128 1574 τοῦτο
3194 1519 3279 1570 δέ
3329 1536 3428 1588 μο

2303 1617 2397 1685 σῆς
2433 1615 2645 1685 χάριτος
2668 1612 2895 1682 ὑπῆρξε,
2929 1611 3001 1662 τὸ
3035 1610 3142 1681 μὴ
3178 1627 3421 1678 ccc-svo;

2303 1706 2482 1769 πόδας,
2512 1705 2603 1756 καὶ
2651 1704 2710 1755 τὸ
2762 1703 2833 1773 μὴ
2887 1702 3191 1763 δικτύοις
3264 1700 3417 1752 τῶν

2304 1796 2610 1858 σκανδάλοις
2638 1797 2745 1856 τοῖς
2777 1794 2867 1845 ὑπ’
2899 1792 3120 1845 αὐτῶν
3176 1791 3413 1862 προϐε

2305 1880 2476 1949 ρῆναι.
2513 1878 2692 1931 Ταῦτα
2721 1878 2824 1947 γὰρ
2862 1877 3064 1930 πάντα,
3122 1876 3428 1947 περιελὰ

2305 1987 2422 2038 μου,
2456 1968 2658 2038 ὁμαλὴν
2707 1968 3037 2038 κατηρτίσω
3105 1986 3245 2038 μου
3332 1970 3418 2039 τὴ

2302 2057 2627 2112 Πεσοῦνται
2662 2057 2776 2109 ὑπὸ
2808 2056 2955 2121 τοὺς
2987 2059 3238 2123 πόδας
3280 2077 3427 2126 μοι

2304 2147 2393 2200 τοῦ
2444 2146 2772 2217 προφητικοῦ
2821 2145 3212 2215 πνεύματος,
3254 2147 3385 2216 τῆς
3424 2169 3430 2181 λ

2306 2238 2427 2299 τοὺς
2473 2235 2797 2298 ἀποστόλους
2843 2235 3237 2302 ἐπαγγελίας
3316 2254 3428 2306 μντ

2308 2327 2499 2388 αὐτοὺς
2530 2324 2735 2391 ἔλεγενσ
2773 2322 2926 2376 Ἰδοὺ
2951 2322 3212 2391 δίδωμι
3242 2324 3423 2394 ὑμῖν

669 2418 864 2472 ἐπάνω
908 2421 1095 2488 ὄφεων
1133 2421 1227 2474 καὶ
1270 2423 1587 2487 σκορπίων,
1618 2421 1715 2473 καὶ
1744 2422 1840 2472 ἐπὶ
1873 2419 2073 2473 πᾶσαν
2103 2419 2354 2485 δύναμιν
2387 2415 2491 2468 τοῦ
2521 2415 2754 2483 ἐχθροῦ.

740 2509 902 2565 Vsus.
928 2513 1015 2565 40.
1040 2511 1107 2563 Et
1126 2513 1447 2579 prarcinazisti
1470 2530 1547 2565 me
1577 2514 1762 2565 uirtute
1784 2512 1849 2564 ad
1872 2511 2081 2574 bellum,
2111 2512 2209 2563 im-

673 2600 906 2669 pedivisti
940 2617 1111 2653 omnes
1145 2604 1464 2671 insurgentes
1511 2604 1565 2655 in
1610 2618 1710 2663 me,
1764 2600 1942 2653 subtus
1999 2616 2095 2651 me.
2126 2598 2208 2652 Me

674 2690 913 2758 quidem,
965 2690 1060 2751 ait,
1093 2690 1290 2744 virtute
1329 2705 1392 2743 ac
1432 2690 1745 2743 fortitudine
1783 2689 2071 2742 roborasti.
2107 2685 2208 2752 Qui

677 2779 925 2847 superius
948 2778 1177 2840 dixerat,
1212 2777 1351 2832 Deus
1382 2782 1472 2835 aui
1493 2778 1755 2846 pra’cingit
1792 2794 1868 2829 me
1896 2776 2100 2837 virtute,
2124 2776 2209 2828 hic

681 2868 982 2923 absolutum
1015 2880 1149 2937 opus
1191 2882 1310 2922 esse
1345 2866 1547 2921 indicat
1578 2867 1660 2921 his
1690 2865 1886 2930 verbis,
1909 2873 1957 2917 et
2001 2863 2213 2932 prwcin-

679 2959 806 3011 misti
839 2974 917 3010 me
944 2956 1132 3010 uirtute
1158 2955 1225 3008 ad
1269 2956 1478 3020 bellum,
1508 2966 1555 3009 et
1597 2955 1834 3007 inimicos
1864 2970 1999 3007 meos
2023 2954 2212 3007 dedisti
2237 2978 2279 3033 α

679 3051 803 3104 mihi
832 3050 1113 3112 dorsum,ii
1136 3050 1338 3103 scilicet
1363 3049 1670 3118 poenitentia
1702 3047 1847 3100 ducti
1876 3044 2210 3098 inimicitiam

679 3141 1085 3209 deposuerunt;
1114 3135 1206 3205 qui
1232 3150 1351 3189 cum
1386 3136 1502 3196 illa,
1531 3151 1651 3205 qua:
1688 3148 1750 3188 ex
1781 3134 1979 3187 virtute
2014 3134 2208 3197 oritur,

683 3231 874 3285 ﬁducia
898 3238 1143 3298 expertes
1165 3239 1365 3289 essent,
1390 3242 1419 3279 a
1451 3226 1610 3280 Patre
1636 3226 1691 3279 in
1726 3226 1944 3279 dorsum
1966 3224 2092 3280 Jesu
2116 3240 2212 3293 po-

681 3321 772 3374 siti
821 3329 978 3382 sunt;
1006 3320 1085 3372 sic
1142 3319 1283 3372 enim
1314 3327 1457 3371 retro
1504 3315 1805 3377 constituti,
1833 3315 2006 3384 ipsum
2060 3314 2210 3384 sequi

679 3411 952 3465 valebunt.
1006 3408 1275 3464 Fortassis
1328 3417 1507 3461 autem
1561 3409 1672 3461 haec
1719 3405 1845 3458 dicti
1903 3405 2212 3473 hujusmodi

682 3499 944 3553 sententia
995 3497 1154 3552 fuerit
1180 3517 1191 3550 :
1222 3497 1316 3551 Vir
1342 3505 1595 3554 strenuus
1615 3506 1668 3550 et
1702 3498 1920 3567 probus,
1952 3497 2043 3565 qui
2074 3496 2211 3549 [idu-

682 3588 764 3641 cia
794 3603 919 3656 erga
957 3587 1122 3641 Deum
1146 3588 1439 3641 instructus
1461 3597 1560 3650 est,
1596 3588 1649 3641 in
1678 3597 1967 3656 conspectu
2002 3587 2211 3641 Domini

687 3675 930 3730 consistit
959 3693 971 3727 :
1008 3681 1062 3726 at
1082 3675 1357 3743 improbus
1393 3682 1690 3728 retrorsum
1717 3677 1930 3729 malitiae
1956 3692 2064 3729 sum
2084 3691 2213 3728 cau-

688 3780 746 3818 sa
773 3764 995 3831 cjectus,
1021 3778 1159 3832 pone
1203 3762 1482 3817 Dominum
1511 3779 1539 3816 a
1571 3765 1733 3818 dorso
1762 3775 2007 3832 ponetur.
2034 3765 2213 3830 Quan-

688 3852 970 3921 doquidem
995 3852 1135 3906 enim
1158 3852 1260 3909 ipsi
1289 3854 1538 3923 improbi,
1566 3855 1772 3922 priores
1804 3855 1880 3908 illi
1914 3862 2062 3924 terga
2091 3870 2213 3909 ver-

690 3949 822 4003 tere,
872 3955 979 3994 non
1026 3940 1232 3993 vultum
1279 3954 1465 4007 suum;
1535 3941 1648 4010 ipse
1699 3957 1912 4012 quoque
1970 3942 2212 3997 homines

690 4037 987 4091 aversatus,
1011 4044 1042 4082 a
1070 4042 1218 4098 tergo
1237 4029 1473 4084 habebit.
1502 4031 1651 4094 Quod
1684 4028 1730 4083 si
1766 4030 1949 4100 justus
1988 4030 2212 4100 quilibet

690 4119 803 4174 haec
821 4118 1078 4188 proferat,
1120 4118 1242 4187 jure
1289 4117 1457 4180 dicas,
1506 4119 1775 4187 improbas
1821 4127 2132 4190 potestates,
2166 4119 2211 4171 si

690 4205 900 4275 quidem
923 4205 976 4259 iu
1006 4214 1350 4274 conspectum
1380 4206 1616 4270 veniant,
1645 4209 1912 4261 intuentes
1942 4222 1999 4260 se
2023 4205 2092 4260 ob
2114 4205 2209 4258 de-

2382 2509 2489 2560 Καὶ
2516 2504 2864 2574 περιέζωσάς
2888 2521 2967 2573 με
3006 2504 3323 2576 δύναμιν
3353 2511 3430 2575 εἰς

2308 2597 2586 2660 επόδισας
2637 2595 2861 2658 πάντας
2909 2597 3065 2663 τοὺς
3118 2599 3430 2653 enarrari

2311 2685 2577 2738 ὑποκάτω
2603 2704 2718 2753 μου
2787 2687 2937 2756 Ἐμοὶ
2972 2688 3124 2757 μὲν,
3166 2690 3382 2759 φησὶν,
3419 2713 3430 2743 ι

2311 2776 2403 2828 καὶ
2452 2774 2655 2845 ῥώμην.
2694 2774 2870 2829 Εἰπὼν
2904 2777 3233 2849 ἀνωτέρω·
3279 2781 3347 2833 '0
3394 2786 3430 2834 6

2311 2866 2467 2917 νύων
2489 2882 2564 2933 με
2591 2864 2860 2933 δύναμιν,
2892 2867 3150 2921 ἐνταῦθα
3184 2870 3291 2923 καὶ
3329 2871 3430 2923 τοῦ

2310 2950 2481 3021 λεσμα
2506 2951 2739 3005 διδάσκει
2766 2952 2933 3020 λέγων
2954 2971 2966 2983 ο
2998 2959 3121 3010 Καὶ
3159 2958 3418 3025 περιέζω

2308 3043 2393 3104 εἰς
2419 3042 2702 3110 πόλεμον
2750 3043 2845 3095 καὶ
2888 3044 3037 3109 τοὺς
3064 3046 3346 3114 ἐχθρούς
3385 3069 3430 3117 μ

2309 3127 2520 3180 νῶτον⁹
2551 3129 2600 3179 οἱ
2627 3131 2690 3181 ὲκ
2722 3132 3008 3198 μετανοίας
3032 3135 3167 3206 ἄρτι
3204 3137 3311 3206 τῆς
3348 3139 3425 3208 εχ(

2313 3235 2479 3285 μενοι,
2505 3218 2590 3270 διὰ
2621 3218 2679 3270 τὸ
2713 3220 2931 3289 μηδέπω
2950 3223 3055 3292 τὴν
3078 3226 3171 3277 ἐπ’
3193 3227 3373 3297 ἁρετῇ
3404 3247 3430 3279 τ

2309 3305 2510 3357 τεθεῖεν
2545 3305 2636 3356 τοῦ
2673 3305 2842 3375 Ἰησοῦ
2868 3306 3036 3369 νῶτος
3067 3310 3176 3364 ὑπὸ
3195 3313 3299 3366 τοῦ
3328 3316 3417 3368 Ila

2310 3396 2401 3448 καὶ
2442 3393 2792 3464 ἀκολουθῆσαι
2825 3396 2966 3466 αὑτῷ
3012 3399 3197 3453 ὀπίσω
3233 3404 3430 3474 γενόμε

2310 3484 2459 3554 Τάχα
2486 3485 2541 3537 δὲ
2576 3485 2666 3536 καὶ
2692 3485 2846 3538 τοῦτο
2876 3487 3064 3560 ῥηθείη
3086 3507 3099 3519 ·
3152 3491 3209 3544 Ὁ
3237 3496 3424 3547 σπουδε

2311 3575 2440 3644 πρὸς
2466 3576 2552 3627 τὸν
2587 3575 2713 3627 Θεὸν
2748 3578 3094 3646 κεκτημένος,
3124 3580 3356 3635 ἐνώπιον
3383 3587 3430 3636 Κ

2308 3680 2425 3715 ται·
2453 3667 2480 3716 ὀ
2520 3664 2574 3716 δὲ
2621 3665 2836 3732 φαῦλος,
2862 3668 3030 3719 ὀπίσω
3060 3670 3422 3742 ἐκϐαλλόμενο

2309 3756 2524 3816 κακίαν,
2550 3754 2715 3817 νῶτος
2741 3755 3017 3825 τεθήσεται
3044 3760 3139 3812 τοῦ
3161 3762 3386 3833 Κυρίου.
3424 3769 3428 3777 ⁵

2309 3857 2451 3912 τεριι
2482 3844 2628 3895 αὐτοὶ
2649 3845 2697 3895 οἱ
2723 3844 2905 3912 φαῦλοι
2931 3845 3195 3917 ἔστρεψαν
3224 3853 3357 3920 πρὸς
3386 3872 3419 3906 α

2310 3934 2425 4001 οὐχὶ
2456 3931 2713 3998 πρόσωπα
2738 3932 2925 3994 αὐτῶν,
2949 3938 3039 3988 καὶ
3055 3938 3232 4003 αὐτὸς,
3251 3942 3430 4015 ἁποστι

2310 4022 2473 4084 νῶτος
2506 4021 2697 4083 αὐτοὺς
2744 4020 2827 4091 (1)
2877 4021 2998 4088 ἕξει.
3039 4026 3101 4078 Et
3127 4026 3180 4078 δὲ
3208 4031 3296 4081 καὶ
3321 4034 3419 4093 πᾶς

2311 4111 2476 4178 λέγοι,
2514 4113 2673 4181 ἐρεῖς,
2711 4113 2788 4164 ὅτι
2833 4112 2883 4164 αἱ
2938 4114 3197 4185 μοχθηραὶ
3238 4119 3428 4190 δυνὰμε

2310 4218 2453 4252 ωπον
2472 4200 2773 4269 ἐρχόμεναι,
2811 4200 3080 4269 βλάπτορσι
3113 4208 3231 4270 τοὺς
3257 4211 3428 4279 ὁρῶντε

693 4295 1009 4347 formitatem
1039 4293 1248 4353 laedere,
1280 4295 1361 4346 sin
1410 4309 1439 4347 a
1465 4303 1613 4364 tergo
1662 4296 2043 4366 projiciantur,
2075 4294 2186 4347 nihi

1936 4304 2043 4358 iur,
2075 4293 2205 4347 nihil
2241 4296 2279 4348 Ι)
2308 4289 2454 4352 ὄντες
2496 4290 2777 4358 εἰδεχθεῖς
2808 4293 2883 4352 εἰς
2910 4292 3066 4346 νῶτον
3110 4297 3163 4348 δὲ
3206 4301 3429 4368 ῥιφέντες

693 4389 915 4451 possunt
937 4381 1062 4433 mali
1092 4379 1351 4435 adversus
1398 4382 1518 4436 illos
1564 4383 1880 4445 machinari,
1921 4382 2216 4436 secundum

692 4470 822 4523 Illud
863 4488 877 4523 :
923 4468 1092 4537 Supra
1147 4470 1358 4524 dorsum
1408 4489 1570 4524 meum
1626 4472 2006 4539 fabricaverunt
2040 4488 2219 4539 pecca-

693 4571 822 4613 tores
852 4563 916 4611 ⁷⁸.

757 4647 921 4705 Vens.
982 4650 1175 4705 47-49.
1241 4652 1372 4706 Vivit
1464 4652 1735 4711 Dominus,
1808 4659 1856 4703 et
1930 4648 2220 4702 benedictus

697 4737 829 4793 Deus
859 4756 1019 4804 meus,
1069 4751 1117 4793 et
1164 4742 1421 4795 exaltetur
1467 4742 1604 4794 Deus
1656 4738 1840 4792 salutis
1885 4752 2028 4789 mete.
2074 4736 2210 4789 Deus

695 4828 779 4894 qui
818 4827 912 4883 das
948 4831 1201 4883 rindictas
1242 4831 1391 4893 mihi,
1421 4842 1469 4884 et
1507 4829 1682 4885 subdis
1729 4836 1943 4895 populos
1986 4824 2079 4877 sub
2109 4841 2208 4886 me,

697 4914 940 4969 liberator
971 4935 1111 4971 mens
1145 4920 1207 4972 de
1236 4919 1454 4973 inimicis
1485 4920 1608 4972 meis
1638 4916 1923 4969 iracundis.
1957 4913 2214 4978 Quamvis

699 5000 840 5054 enim
898 5020 1015 5059 sese
1056 5006 1414 5061 humiliaverit
1464 5024 1585 5063 cum
1633 5004 1908 5059 inclinavit
1958 5003 2129 5056 cmlos
2161 5012 2213 5056 ct

699 5092 1001 5159 descendit;
1033 5106 1087 5149 at
1121 5099 1363 5154 excelsus
1391 5107 1567 5152 tamen
1598 5107 1679 5152 est
1711 5093 2001 5149 secundum
2047 5093 2213 5146 illud:

704 5180 839 5235 Deus
882 5183 1128 5236 exultauit
1174 5187 1342 5251 illum,
1371 5197 1421 5242 et
1459 5187 1597 5241 dedit
1637 5186 1719 5238 illi
1759 5199 1939 5237 nomen
1966 5181 2099 5251 quod
2141 5192 2217 5235 est

702 5284 851 5338 super
887 5287 1033 5325 omne
1068 5287 1243 5327 nomen
1258 5276 1325 5330 "’.
1384 5276 1519 5330 Deus
1551 5276 1638 5347 qui
1670 5275 1764 5327 das
1809 5272 2061 5327 vindictas
2093 5272 2218 5323 mihi

660 5404 675 5417 .
703 5365 753 5413 et
789 5359 968 5414 subdis
997 5362 1209 5428 porulos
1247 5364 1337 5415 sub
1378 5383 1478 5428 me,
1515 5366 1760 5420 liberator
1789 5379 1928 5417 meus
1956 5362 2017 5415 de
2048 5361 2223 5414 inimi-

2316 4396 2491 4432 σονται
2521 4381 2612 4431 ἐπὶ
2652 4381 2836 4432 τούτου
2866 4385 3225 4451 τεκταίνεσθαι,
3263 4391 3390 4442 κατὰ
3418 4410 3428 4440 1

2314 4467 2499 4520 νώτου
2518 4484 2631 4535 μου
2663 4466 2984 4521 ἐτέκταινον
3009 4473 3058 4522 οἱ
3093 4472 3398 4541 ἁμαρτωλοί
3403 4516 3413 4527 .

2388 4648 2469 4715 Ζῇ
2524 4648 2750 4712 Κύριος,
2803 4645 2892 4697 καὶ
2935 4647 3224 4717 εὐλογητὸς
3269 4654 3298 4704 ό
3340 4654 3428 4703 Θεό

2318 4734 2601 4803 ὐψωθὴτω
2636 4737 2668 4787 ό
2712 4733 2850 4798 Θεὸς
2894 4733 2991 4801 τῆς
3034 4738 3295 4803 σωτηρίας
3319 4756 3424 4805 μου

2317 4826 2515 4890 διδοὺς
2538 4823 2869 4901 ξκδικήσεις
2901 4824 3031 4892 ἐμοὶ,
3068 4826 3153 4879 καὶ
3176 4828 3430 4892 ὑποτάξαι,

2316 4915 2438 4982 ἐμὲ,
2475 4918 2507 4967 ὀ
2529 4916 2756 4981 ptirent;
2795 4931 2902 4981 μου
2943 4914 3003 4977 ἐξ
3043 4915 3240 4983 ἐχθρῶν
3283 4919 3429 4983 imit

2315 5008 2406 5059 καὶ
2451 5004 2803 5056 ἐταπείνωσεν
2838 5004 3016 5066 ἑαυτὸν,
3052 5006 3207 5068 κλίνας
3239 5005 3426 5075 οὐρανοῦ

2314 5094 2430 5156 ϐὰς,
2466 5093 2573 5145 ἀλλ’
2602 5092 2797 5163 ὑψηλός
2818 5094 2935 5154 ἐστι,
2957 5096 3077 5147 κατὰ
3099 5096 3165 5147 16'
3182 5097 3228 5147 Ὁ
3248 5095 3366 5159 Θεὸς
3392 5109 3429 5145 αη

2323 5186 2565 5251 ὐψωσεν
2615 5182 2708 5236 καὶ
2739 5183 3020 5250 ἐχαρίσατο
3046 5184 3175 5248 αὐτῷ
3202 5184 3353 5250 ὄνομα
3376 5183 3428 5234 τὸ

2322 5274 2521 5339 ὄνομα.
2559 5274 2618 5325 '0
2675 5272 2815 5337 Θεὸς
2866 5275 2891 5326 ὀ
2934 5272 3099 5338 διδοὺς
3131 5272 3407 5340 ἐκδικήσεις

2322 5362 2676 5415 exortis-mor
2705 5363 2884 5427 λαοὺς
2907 5362 2990 5416 ὑπ’
3009 5361 3107 5429 ἐμὲ,
3147 5363 3174 5413 ό
3193 5362 3378 5428 {hiatus
3408 5379 3428 5429 ι

706 5493 782 5543 ."
812 5493 955 5549 Psal.
987 5511 1113 5561 xxx,
1180 5498 1232 5552 9.
1304 5500 1346 5530 ⁷⁷
1369 5500 1497 5557 Luc.
1539 5519 1592 5570 κ,
1626 5504 1707 5558 l9.
1784 5500 1989 5555 "Psal.
2028 5498 2325 5563 csmnﬁ.
2399 5500 2442 5529 τ’
2464 5499 2691 5569 Philipp.
2741 5514 2801 5563 ll,
2834 5499 2884 5551 9.

707 5611 710 5615 ’
775 5608 849 5679 (1)
871 5612 1129 5675 Νῶτος...
1149 5608 1287 5674 ἔξει.
1307 5612 1461 5670 Forte
1485 5616 1763 5685 legendum
1789 5617 1949 5672 νῶτον
1982 5631 2074 5684 pro
2108 5613 2200 5666 Vtin

990 5628 1129 5675 υς...
1149 5608 1287 5674 ἔξει.
1307 5612 1461 5670 Forte
1485 5616 1763 5685 legendum
1789 5617 1949 5672 νῶτον
1982 5631 2074 5684 pro
2108 5613 2294 5677 νῶτος.
2332 5613 2483 5667 EDIT-
