3782 6360
170 417 285 473 185

1296 405 1813 472 ΟΟΜΜΕΝΤΔΜΑ
1839 414 1907 470 IN
1943 409 2277 469 PSALMOS.

3281 407 3378 464 I86

166 529 339 599 (δρῶν
354 547 463 600 μου
498 524 743 594 ὀργίλων,
783 515 898 571 ἀπὸ
932 513 1060 567 τῶν
1096 518 1618 602 ἐπανισταμένων
1659 534 1745 587 ὲπ¹

1855 531 1922 584 cis
1951 528 2075 583 meis
2106 523 2391 580 iracundis.
2424 522 2499 575 Ab
2526 484 2905 593 insurgentibus
2941 522 2994 575 in
3017 535 3094 575 me
3119 522 3381 578 exultabis

165 617 286 684 ἐμὲ
309 617 549 685 ὑψώσεις
565 630 653 683 με,
676 610 767 664 καί
793 603 907 661 ἀπὸ
932 604 1181 676 ἀνδρὸς
1203 613 1428 674 ἀδίκου
1447 622 1633 689 ῥῦσαί
1658 638 1752 690 με.

170 706 269 775 Τῷ
297 709 399 776 μὲν
421 706 515 777 γὰρ
544 701 831 757 ἀπειθοῦντι
864 695 985 767 λαῷ
1016 700 1127 751 καὶ
1165 705 1511 779 ἁντιλέγοντι
1544 713 1756 778 ἐπάξειν

167 798 272 860 τὰς
289 800 578 869 ἑκδικήσεις
602 797 689 849 καὶ
712 794 806 857 τὰς
835 793 1127 864 τιμωρίας
1160 799 1406 873 εἴρηται·
1434 807 1466 875 ἢ
1496 806 1634 859 κατὰ
1668 806 1756 858 τὸν

167 887 491 958 Σύμμαχον,
523 889 570 939 '0
611 885 747 951 Θεὸς
779 887 809 937 ό
857 886 1221 956 παρασχὼν
1272 897 1550 963 τιμωρίας
1594 896 1751 963 ἐμοί’

164 980 246 1046 τῷ
279 978 330 1029 δ’
371 981 528 1050 ἑτέρῳ
542 978 761 1047 τάγματι
785 976 916 1046 ’περῖ¹
944 968 1010 1028 οἶ)
1057 979 1334 1049 ἀνωτέρω
1366 985 1606 1057 εἴρηταυ
1640 989 1756 1037 Κα-

165 1069 506 1135 ταστήσας
542 1085 608 1137 με
634 1071 716 1133 εὶς
757 1067 1042 1135 κεφαλὴν
1083 1070 1305 1127 ἐθνῶν.
1354 1075 1509 1139 Λαώς
1534 1076 1603 1127 ὃν
1647 1076 1755 1127 οὐκ

164 1158 387 1227 ἔγνων
409 1159 706 1213 ἐδούλευσέ
724 1176 822 1227 μοι
840 1175 853 1188 ο
887 1158 1078 1230 τούτῳ
1113 1164 1218 1233 τὴν
1253 1166 1524 1233 ὑποταγὴν
1550 1165 1644 1233 τὴν
1665 1164 1754 1215 ὑπ’

167 1249 347 1302 αὐτὸν
381 1249 662 1320 χαρίζεται.
697 1249 786 1300 Διὸ
826 1249 1081 1317 ἐπιλέγει
1116 1253 1262 1305 κατὰ
1301 1253 1390 1304 τὸν
1435 1253 1750 1322 Σύμμαχονο

167 1338 286 1390 Kal
320 1339 678 1393 ὐ.τοτάσσων
703 1340 894 1405 ,λαοὺς
915 1340 1014 1392 ἐπ’
1044 1342 1178 1410 ἐμέ.
1208 1338 1370 1406 Οὗτος
1411 1345 1507 1396 καὶ
1527 1346 1755 1411 ρύστης

166 1444 312 1498 μου,
341 1431 497 1499 φησι,
529 1432 744 1497 γέγονεν
764 1430 832 1493 ἐξ
859 1431 1100 1498 ἐχθρῶν
1119 1450 1239 1500 μου
1269 1435 1535 1501 ὀργίλων,
1557 1435 1651 1486 καὶ
1686 1434 1754 1485 ἐκ

173 1514 300 1567 τῶν
327 1516 810 1585 ἐπανισταμένων
829 1518 924 1569 ἐπ’
951 1519 1062 1587 ἐμὲ
1080 1519 1405 1589 iiut-madas.
1439 1524 1471 1573 ό
1498 1520 1549 1572 δ’
1578 1520 1756 1584 αὐτὸς

175 1607 277 1659 καὶ
303 1608 423 1660 ἀπὸ
446 1607 660 1674 ἀνδρες
687 1607 899 1660 ἀδίκου
926 1607 1231 1675 ἑρῤύσατό
1253 1625 1348 1676 με.
1376 1611 1448 1661 Δι’
1473 1602 1545 1661 ὧν
1575 1607 1755 1677 σαφῶς

176 1699 510 1768 παρίστηςιν
550 1697 778 1769 ἐχθρούς
808 1715 962 1760 τινας
994 1699 1162 1752 αὑτοῦ
1210 1702 1302 1753 καὶ
1334 1699 1716 1769 ἀνθεστηκότας
1737 1715 1751 1729 ⁸

170 1787 261 1839 καὶ
295 1788 456 1856 παρὰ
478 1786 699 1849 τούτους
727 1787 917 1857 ἕτερόν
938 1806 1063 1841 τινα
1094 1789 1279 1859 ἄνδρα,
1319 1787 1508 1857 μεστὸν
1535 1788 1608 1850 ὡς
1630 1787 1758 1857 ἀλη-

171 1876 280 1936 θῶς
334 1879 527 1947 πάσης
558 1880 795 1942 ἀδικίας.
831 1880 1098 1950 Σημαινει
1129 1880 1187 1932 δὲ
1216 1882 1244 1931 ὁ
1271 1879 1424 1946 λόγος
1447 1878 1532 1930 διὰ
1560 1878 1758 1930 τούτων
1790 1870 1827 1927 Β
1857 1869 1889 1922 Ρ

166 1968 537 2036 προφητικῶς
562 1970 691 2030 τοὺς
716 1970 985 2038 ἄρχοντας
1019 1969 1115 2021 τοῦ
1160 1968 1421 2021 Ἰουδαίων
1460 1967 1637 2029 ἔθνους
1663 1966 1754 2019 καὶ

163 2057 248 2109 τὸν
295 2059 584 2129 προδότην
632 2060 853 2122 Ἰούδαν,
902 2060 1102 2121 παντὸς
1146 2058 1329 2111 ἀδίκου
1361 2059 1571 2127 χείρονα
1611 2057 1757 2124 γενό-

165 2166 352 2216 μενον,
384 2150 478 2201 ὅτι
508 2150 597 2220 δὴ,
623 2150 880 2201 τοιούτων
913 2149 1162 2215 ἀξιωθεὶς
1194 2147 1342 2217 παρὰ
1367 2148 1456 2199 τοῦ
1488 2148 1752 2217 Σωτῆρος,

164 2242 263 2301 τοῖς
300 2240 588 2301 ἐναντίοις
619 2239 782 2291 αὐτὸν
813 2239 1099 2308 ἠμείψατο.

228 2329 341 2382 Διὰ
369 2328 557 2382 τοῦτο
598 2327 1126 2398 ἐξομολογήσομαί
1155 2342 1252 2379 σοι
1281 2327 1349 2379 ἐν
1371 2326 1568 2378 ἔθνεσι
1601 2364 1616 2387 ,
1645 2326 1756 2377 Κύ-

160 2436 266 2486 ριε,
303 2419 416 2471 καὶ
467 2418 553 2483 τῷ
585 2419 835 2486 ὀνόματί
880 2433 998 2471 σου
1040 2415 1231 2484 ψαλῶ.
1274 2417 1631 2483 Μεγαλύνων
1650 2415 1754 2479 τὰς

165 2508 478 2587 σωτηρίας
526 2505 640 2559 τοῦ
672 2504 981 2569 βασιλέως
1010 2503 1212 2563 αὑτοῦ,
1247 2502 1342 2554 καὶ
1375 2499 1555 2553 ποιῶν
1588 2500 1755 2564 ἕλεος

168 2598 240 2663 τῷ
265 2597 514 2666 χριστῷ
552 2596 745 2650 αὑτοῦ
766 2594 967 2653 Δαυῒδ,
1004 2591 1206 2653 καὶτῷ
1234 2588 1515 2658 σπέρματι
1550 2588 1750 2651 αὐτοῦ,

166 2690 267 2753 ἕως
291 2689 549 2753 αἰῶνος.
595 2687 722 2738 Ἐπὶ
753 2686 816 2738 τὸ
838 2685 1024 2755 ἕτερον
1061 2681 1385 2751 μεταὸαίνει,
1418 2680 1491 2742 ὡς
1524 2679 1588 2731 ἂν
1614 2678 1752 2731 εἴποι

166 2796 243 2841 τις
265 2780 339 2832 τὸ
364 2779 548 2845 δεξιὸν
575 2778 790 2845 τάγμα,
831 2777 926 2828 καὶ
954 2775 1098 2826 ἐστιν
1130 2772 1307 2843 ἔργοις
1342 2773 1519 2833 αὐτοῖς
1550 2770 1641 2823 καὶ
1662 2770 1753 2837 ὀφ-

169 2869 398 2939 Θαλμοίς
453 2867 804 2938 παραλαϐεῖν
825 2883 839 2897 ·
873 2865 1059 2934 ὥσπερ
1102 2865 1130 2916 ὁ
1172 2861 1327 2914 Δαυῒδ
1363 2860 1496 2930 μετὰ
1520 2859 1614 2929 τὴν
1661 2859 1751 2911 τοῦ

168 2960 423 3031 Σωτῆρος
443 2960 610 3030 ἡμῶν
648 2955 972 3028 παρουσίαν,
1007 2954 1195 3022 ὣσπερ
1225 2952 1387 3005 εἰσέτι
1415 2951 1508 3003 καὶ
1536 2950 1628 3002 νῦν
1649 2949 1752 3012 ζῶν

167 3051 256 3103 καὶ
286 3052 394 3102 σὺν
449 3048 773 3120 ἀνθρώποις
806 3045 1235 3113 πολιτευόμενος,
1283 3043 1369 3095 διὰ
1416 3042 1521 3095 τῶν
1565 3041 1751 3095 ἑαυτοῦ

171 3142 398 3212 γραφῶν
430 3139 594 3209 ᾠδῶν
627 3155 690 3191 τε
720 3138 816 3190 καὶ
845 3137 1027 3205 ὓμνων
1060 3135 1116 3185 ὲν
1144 3135 1273 3185 πᾶσι
1297 3135 1405 3195 τοῖς
1433 3132 1602 3184 ἔθνεσι
1620 3131 1753 3200 ψάλ-

171 3232 244 3283 λει
276 3230 362 3300 τῷ
391 3230 518 3299 Θεῷ
541 3228 657 3280 τῶν
694 3227 861 3279 ὄλωνο
894 3226 988 3277 καὶ
1019 3226 1047 3277 ὁ
1075 3224 1138 3275 ὲκ
1167 3223 1469 3292 σπέρματος
1504 3221 1568 3272 δι’
1593 3220 1753 3273 αὑτοῦ

174 3320 430 3387 γεγονὼς,
483 3311 550 3371 οὗ
602 3320 686 3379 εἰς
733 3317 1022 3386 πρόσωπον
1056 3311 1378 3382 ἀναφέρεται
1428 3310 1496 3363 τὰ
1539 3310 1755 3380 προκεί-

179 3426 332 3481 μενα,
364 3410 579 3478 ὁμοίως
627 3408 893 3477 κρείττων
925 3404 1206 3471 γενόμενος
1246 3402 1352 3453 τῶν
1389 3399 1755 3453 ἐπιϐεϐουλευ-

178 3499 343 3551 κότων
367 3498 546 3567 αὐτῷ,
575 3495 729 3548 εἴποι
753 3496 817 3548 ἄν
837 3511 851 3523 ·
877 3493 983 3546 Καὶ
1011 3490 1126 3544 ἀπὸ
1144 3490 1262 3543 τῶν
1280 3488 1756 3556 ἐπανισταμένων

177 3587 263 3638 ἐπ’
296 3588 402 3655 ἐμὲ
426 3583 712 3653 ὐψὼσεις
743 3599 841 3650 με.
859 3580 1128 3642 Ἐκείνους
1165 3580 1259 3648 μὲν
1287 3574 1375 3630 οὖν
1408 3577 1751 3630 καταλείπει·

184 3680 271 3747 τὴν
300 3678 355 3730 δὲ
378 3677 545 3746 χάριν
571 3676 678 3744 τὴν
709 3672 769 3736 ἐξ
788 3671 953 3724 αὑτοῦ
982 3671 1076 3724 καὶ
1106 3671 1204 3740 τὴν
1226 3666 1476 3737 ἀλήθειαν
1501 3667 1627 3720 πᾶσι
1648 3669 1756 3729 τοῖς

184 3766 378 3818 εῡνεσιν
414 3764 784 3836 μεταδίδωσιν
808 3778 820 3790 ’
848 3760 1013 3813 εἰσέτι
1036 3776 1095 3810 τε
1123 3758 1215 3809 καὶ
1235 3756 1329 3809 νῦν
1361 3753 1627 3824 πανταχοῦ
1656 3755 1755 3824 γῆς

185 3853 335 3916 «51%,;
367 3853 590 3924 παρὼν,
629 3851 724 3902 καὶ
781 3847 945 3917 μέσος
994 3846 1100 3897 τῶν
1133 3847 1212 3905 εἰς
1268 3843 1425 3895 αὐτὸν
1458 3841 1754 3910 ὴλπικὸτων

185 3940 365 4004 ἑστὼς,
395 3942 474 4011 τῷ
506 3938 694 4008 Πατρὶ
721 3936 810 3989 διὰ
843 3935 943 4003 τῆς
975 3932 1163 3986 ἑαυτοῦ
1208 3930 1524 4000 Ἐκκλησίας
1573 3929 1756 3999 ἐξομο-

185 4029 437 4096 λογεῖται·
467 4030 553 4082 διό
582 4043 721 4096 φησι
741 4042 755 4055 ⁸
794 4022 900 4076 Διὰ
926 4022 1099 4074 τοῦτο
1129 4018 1632 4087 ἐξομολογηξσομαί
1659 4032 1754 4070 σοι

185 4118 251 4171 ἐν
270 4120 485 4182 ἔθνεσι,
514 4119 723 4183 Κύριε,
749 4113 853 4167 καὶ
884 4110 962 4175 τῷ
989 4111 1230 4179 ὀνόματί
1257 4124 1369 4161 σου
1388 4107 1578 4174 ψαλῶ.

336 4229 437 4281 ΕΙΣ
471 4230 564 4280 Tt)
599 4219 1153 4285 ΤΕΛΟΣ,ΨΑΛΜΟΣ
1181 4219 1266 4269 ΤΩ
1293 4217 1490 4268 ΔΑΥΙΔ
1524 4218 1626 4270 1Η’.

256 4338 356 4389 Καὶ
382 4340 410 4389 ὁ
437 4334 637 4407 παρὼν
668 4330 887 4401 ψαλμὸς
928 4328 1034 4379 τῶν
1063 4293 1140 4389 εἰς
1173 4326 1371 4393 ἀγαθὸν
1405 4325 1551 4386 τέλος
1583 4339 1753 4393 παρα-

193 4430 498 4496 πεμπόντων
536 4424 805 4494 τυγχάνει
828 4438 840 4450 ·
876 4419 1008 4472 ἀλλὰ
1040 4419 1133 4471 καὶ
1160 4417 1604 4486 εὐχαριστήριος
1623 4417 1751 4467 ἀνα-

193 4518 361 4587 γράφῃ
388 4519 512 4589 (sic)
540 4515 662 4583 ᾠδὴ
708 4511 841 4576 τοῖς
884 4508 1024 4572 τοὺς
1060 4508 1307 4576 ἐχθροὺς
1357 4522 1749 4573 καταγωνισα-

191 4604 375 4672 peroro
399 4608 698 4669 ἐπινίκιος
730 4598 1031 4667 εἰρημένη.
1074 4597 1162 4649 Διὸ
1187 4595 1323 4647 κατὰ
1348 4596 1438 4647 τὸν
1469 4596 1752 4666 Σύμμαχον

194 4694 386 4765 εἴρηται
409 4714 421 4727 ο
467 4694 809 4754 Ἑπινίκιες
836 4688 958 4754 ᾠδὴ
996 4686 1102 4739 τοῦ
1131 4684 1324 4737 Δαυΐδ.
1366 4684 1519 4738 Ἀλλά
1550 4687 1640 4738 καὶ
1666 4684 1753 4737 διὰ

194 4784 250 4834 τὸ
278 4785 580 4838 ἀνακεῖσθαι
630 4782 714 4850 τῷ
758 4777 858 4839 τὰς
897 4777 1053 4837 νίκας
1097 4773 1416 4842 δωρουμένῳ
1447 4773 1582 4843 Θεῷ,
1617 4773 1751 4826 κατὰ

194 4872 280 4922 τὸν
323 4875 561 4935 Ἀκύλαν,
604 4870 692 4934 Τῷ
724 4864 1008 4929 νικοετοιῷ
1031 4861 1369 4931 με.,1ῴδημα,
1403 4861 1664 4916 λέλεκται.

267 5047 331 5095 Οἱ
356 5044 586 5112 οὐρανοὶ
618 5039 968 5106 διηγοῦνται
1002 5034 1191 5095 δόξαν
1231 5030 1387 5092 Θεοῦ,
1417 5032 1664 5097 ποίησιν
1686 5034 1752 5085 δὲ

202 5133 397 5197 χειρῶν
427 5133 609 5185 αὑτοῦ
645 5127 1011 5196 ἀναγγέλλει
1055 5121 1121 5173 τὸ
1156 5118 1460 5183 στερέωμα.
1489 5120 1749 5173 Διδασκα-

202 5217 317 5271 λίαν
347 5222 573 5290 περιέχει
606 5221 706 5288 τῆς
743 5216 838 5269 τοῦ
872 5212 1011 5265 Θεοῦ
1059 5206 1440 5277 μεγαλουργίας
1473 5225 1750 5278 παραστα-

205 5310 369 5378 τικήν.
412 5309 618 5377 Ἐπειδὴ
643 5309 752 5377 γὰρ
786 5306 845 5356 τὸ
870 5298 1086 5368 ἀφανὲς
1116 5294 1209 5345 καί
1240 5293 1452 5361 ἀόρατον
1484 5296 1586 5364 τῆς
1612 5300 1750 5352 ἀσω-

208 5399 369 5464 μάτου
417 5400 505 5450 καὶ
534 5399 791 5466 ἀγενήτου
841 5393 937 5444 καὶ
972 5383 1165 5450 οεῖκῆς
1202 5381 1390 5442 οὖσίας.
1422 5383 1511 5435 διὰ
1570 5387 1630 5437 τὸ
1677 5390 1748 5458 μὴ

210 5488 396 5556 σαρκὸς
431 5488 713 5556 ὀφθαλμοῖς
751 5470 1287 5544 καταλαμϐάνεσθαι,
1329 5474 1373 5521 οἱ
1402 5473 1468 5523 τὰ
1523 5474 1749 5543 ὄμματα

207 5577 299 5642 τῆς
326 5577 488 5647 ψυχῆς
507 5574 880 5644 πεπηρωμένοι
910 5568 1017 5631 τῆς
1038 5560 1149 5611 τῶν
1171 5558 1326 5610 ὄντων
1349 5560 1637 5630 ὑπάρξεως
1667 5566 1751 5618 ἐκ,

211 5666 529 5734 tamquam»,
561 5664 729 5723 ἀθέοις
762 5654 1034 5724 στόμασιν
1067 5647 1451 5717 ἀποφηνάμενοι
1488 5651 1568 5721 μὴ
1605 5650 1747 5707 εἶναι

212 5751 354 5815 Θεὸν,
388 5756 505 5825 μηδὲ
547 5751 794 5821 ὑπάρχειν
839 5761 889 5795 τι
954 5738 1204 5807 κρεῖττον
1243 5736 1339 5788 τῶν
1385 5739 1439 5789 ἐν
1485 5741 1746 5812 σώμασιν

1855 633 1965 673 me:
1996 636 2027 670 a
2053 617 2161 671 uiro
2194 615 2369 684 iniquo
2398 612 2535 679 eripe
2562 628 2660 666 me.
2709 611 3088 681 Inobseqnenti
3117 625 3181 666 ac
3214 627 3378 683 repu-

1855 708 2039 778 gnanti
2073 705 2292 775 populo,
2318 702 2606 755 vindictam
2638 700 2966 755 inferendam
2996 716 3117 755 esse
3141 702 3379 757 dicitur:

1854 804 1966 859 aut,
1998 792 2292 850 secundum
2327 788 2728 859 Symmachum,
2761 787 2922 850 Deus,
2951 790 3040 858 qui
3076 789 3269 856 praebes
3300 789 3383 842 ul-

1857 886 2017 937 tiones
2051 882 2212 942 mihi;
2251 879 2390 933 alius
2418 892 2544 932 vero
2590 886 2673 932 est
2720 876 2852 931 ordo
2884 892 3155 947 genusque
3205 877 3378 931 homi-

1853 987 2003 1034 num,
2037 972 2103 1025 de
2135 984 2241 1038 quo
2269 967 2516 1037 superius
2548 967 2711 1028 (vers.
2745 966 2834 1028 41,
2868 965 2956 1034 45)
2989 966 3215 1029 dictum,
3255 983 3381 1019 con-

1853 1062 2035 1113 stitues
2087 1075 2165 1112 me
2223 1058 2277 1109 in
2325 1064 2476 1121 caput
2517 1055 2763 1123 gentium.
2818 1052 3049 1121 Populus
3087 1070 3233 1123 quem
3276 1070 3380 1108 non

1852 1144 2060 1211 cognovi
2093 1141 2296 1195 servivit
2321 1139 2481 1200 mihi;
2514 1137 2677 1200 hunc,
2725 1137 2964 1206 inquam,
2999 1138 3380 1205 obsequentem

1852 1233 1900 1286 ei
1942 1231 2243 1286 constituit.
2278 1229 2457 1293 Quare
2500 1225 2797 1280 secundum
2847 1222 3224 1294 Symmachum
3255 1226 3380 1279 sub-

1852 1320 1951 1383 dit,
1994 1328 2042 1373 et
2084 1318 2360 1386 subjiciens
2405 1314 2619 1383 populos
2651 1329 2801 1379 super
2830 1329 2926 1367 me.
2962 1313 3054 1366 IIic
3086 1317 3211 1368 item
3256 1314 3377 1377 fuit,

1853 1410 2105 1462 liberator
2127 1424 2268 1460 mens
2294 1421 2357 1459 ex
2395 1405 2617 1457 inimicis
2660 1403 2785 1456 meis
2814 1404 3097 1465 iracundis,
3124 1414 3172 1456 et
3204 1403 3266 1456 ab
3298 1404 3380 1456 in-

1854 1494 2180 1565 surgentibus
2222 1496 2276 1546 in
2318 1508 2397 1545 me
2444 1491 2694 1544 exultavit
2724 1506 2822 1553 me,
2862 1506 2893 1541 a
2928 1490 3034 1542 riro
3073 1491 3245 1559 iniquo
3274 1492 3380 1546 eri-

1851 1586 1960 1653 puit
2009 1601 2108 1638 me.
2165 1581 2371 1648 Quibus
2419 1580 2593 1649 palam
2647 1578 2868 1642 indicat,
2901 1578 3148 1633 inimicos
3191 1580 3289 1633 sibi
3327 1590 3381 1636 et

1853 1675 2189 1729 adversarios
2217 1688 2372 1728 esse:
2424 1688 2486 1725 ac
2537 1678 2727 1740 praeter
2759 1684 2851 1723 eos
2893 1670 3053 1722 alium
3093 1669 3378 1738 quemdam

1852 1768 2025 1820 virum
2058 1765 2204 1818 omni
2244 1779 2467 1833 prorsus
2508 1763 2790 1831 iniquitate
2820 1762 3054 1830 plenum.
3093 1759 3188 1814 His
3220 1776 3381 1830 porro

1895 1853 2168 1921 rephetico
2194 1867 2340 1905 more
2382 1851 2689 1904 indicantur
2720 1849 2988 1917 principes
3035 1847 3242 1901 Iudaici
3289 1864 3383 1917 po-

1855 1942 1988 2010 puli,
2019 1956 2081 1992 ac
2113 1939 2278 1993 Judas
2319 1939 2579 2007 proditor,
2617 1940 2807 2007 quovis
2832 1939 3016 2006 iniquo
3050 1939 3264 1992 homine
3298 1937 3385 1992 de-

1853 2032 2035 2090 terior,
2066 2029 2156 2098 qui
2183 2038 2260 2082 tot
2291 2029 2561 2084 beneﬁciis
2593 2044 2622 2081 a
2668 2028 2946 2081 Salvatore
2975 2038 3219 2094 ornatus,
3251 2044 3384 2082 con-

1854 2118 2073 2171 trariam
2107 2119 2530 2186 sceleratamque
2556 2117 2725 2170 vicem
2749 2117 2946 2169 retulit.

1924 2305 2084 2361 Vens.
2103 2307 2190 2368 50,
2224 2306 2307 2360 5|.
2338 2307 2617 2375 Propterea
2645 2306 2923 2375 conﬁtebor
2950 2307 3039 2358 tibi
3070 2307 3122 2359 in
3153 2309 3377 2362 nationi-

1855 2394 1970 2458 bus,
2005 2395 2242 2456 Domine,
2280 2406 2325 2448 et
2350 2397 2546 2449 nomini
2586 2405 2674 2448 tuo
2715 2396 2973 2462 psalmum
3021 2395 3213 2448 dicam.
3261 2395 3380 2450 Ma-

1851 2486 2105 2553 gni/icans
2159 2485 2352 2538 salutes
2413 2487 2545 2552 regis
2595 2484 2730 2551 ejus,
2763 2494 2813 2536 et
2842 2484 3037 2551 faciens
3088 2486 3381 2538 misericor-

1851 2573 1992 2625 diam
2043 2573 2233 2626 cltristo
2266 2590 2359 2626 suo
2402 2573 2592 2636 David,
2635 2582 2683 2625 et
2732 2573 2915 2625 semini
2961 2573 3073 2640 ejus
3119 2588 3278 2642 usque
3326 2576 3383 2629 in

1852 2656 2119 2709 sa’culum.
2171 2656 2251 2709 Ad
2285 2657 2536 2718 alterum,
2578 2663 2649 2717 et,
2686 2667 2743 2709 ut
2787 2656 2859 2708 ita
2899 2655 3096 2718 dicam,
3129 2656 3380 2711 dextrum

1852 2746 2092 2799 ordinem
2138 2762 2436 2801 sermonem
2469 2746 2745 2811 transfert,
2797 2755 2853 2799 ut
2911 2745 2992 2797 vel
3052 2745 3182 2813 ipsis
3218 2747 3382 2802 rebus

1851 2844 2009 2903 atque
2062 2836 2232 2889 oculis
2280 2836 2703 2889 animadvertere
2755 2844 2854 2889 est.
2914 2833 3373 2898 Quemadmodum

1855 2923 2018 2977 David
2061 2934 2179 2992 post
2214 2922 2508 2979 Salvatoris
2558 2924 2730 2979 nostri
2769 2926 3082 2986 adventum,
3115 2926 3383 2984 hactenus

1851 3015 2003 3085 quasi
2039 3016 2093 3068 in
2139 3017 2272 3069 vivis
2308 3023 2449 3069 esset
2482 3030 2544 3068 ac
2573 3030 2693 3068 cum
2720 3015 3025 3070 hominibus
3055 3024 3379 3080 versaretur,

1851 3107 2060 3160 censeri
2088 3112 2281 3173 potest,
2302 3120 2363 3158 ac
2392 3121 2486 3173 per
2515 3092 2713 3173 scripta
2746 3121 2862 3167 sua,
2894 3107 3123 3170 cantica,
3155 3106 3381 3176 hymnos

1780 3180 1820 3236 (ἶ
1851 3195 1907 3250 in
1967 3195 2218 3248 omnibus
2263 3196 2512 3263 gentibus
2572 3195 2752 3262 psallit
2806 3194 3176 3248 universorum
3231 3194 3381 3261 Deo;

1853 3284 1925 3336 ita
1956 3283 2003 3338 is
2029 3283 2120 3352 qui
2145 3299 2211 3337 ex
2240 3284 2443 3337 semine
2469 3285 2588 3350 ejus
2616 3283 2790 3336 factus
2829 3294 2931 3346 est,
2976 3283 3043 3335 ad
3070 3285 3227 3352 cujus
3253 3299 3380 3352 per-

1852 3387 2037 3426 sonam
2062 3387 2122 3426 ea
2149 3387 2266 3440 quae
2287 3372 2398 3440 jam
2425 3381 2716 3425 tractamus
2740 3372 2881 3424 dicta
2899 3372 3224 3436 referuntur,
3253 3388 3378 3429 cum

1851 3462 1962 3531 pari
1995 3463 2200 3515 ratione
2227 3461 2540 3515 insidiantes
2572 3460 2673 3514 sibi
2699 3464 3050 3529 superaverit,
3063 3462 3185 3530 jure
3211 3463 3378 3529 dicat,

1849 3561 1897 3604 et
1928 3551 1992 3603 ab
2018 3550 2395 3619 insurgentibus
2426 3550 2476 3602 in
2504 3566 2581 3603 me
2613 3550 2871 3603 exaltabis
2903 3567 2998 3603 me.
3038 3551 3158 3606 Illos
3200 3553 3381 3622 itaque

1851 3638 2046 3692 missos
2078 3637 2238 3703 facit;
2268 3636 2601 3707 gratiamque
2645 3652 2708 3689 ac
2753 3639 3032 3692 veritatem
3062 3655 3215 3693 suam
3250 3643 3379 3694 uni-

1850 3728 2021 3781 versis
2064 3727 2313 3796 gentibus
2341 3727 2575 3794 impertit
2603 3745 2617 3780 :
2665 3727 2823 3780 etiam
2856 3743 2998 3781 nunc
3041 3728 3235 3798 ubique
3267 3737 3377 3784 ter-

1851 3833 2028 3871 rarum
2063 3832 2297 3886 praesens
2349 3817 2481 3885 ipse,
2518 3826 2571 3869 et
2599 3817 2652 3869 in
2688 3817 2862 3870 medio
2884 3833 3070 3871 eorum
3099 3821 3188 3889 qui
3225 3821 3278 3872 in
3321 3838 3380 3876 se

1851 3923 2131 3976 speravere
2153 3907 2476 3970 consistens,
2518 3921 2612 3974 per
2642 3905 2935 3960 Ecclesium
2963 3923 3115 3960 suam
3143 3911 3373 3964 confite-

1851 4005 1970 4061 tur;
2002 3997 2346 4065 quamobrem
2388 3996 2498 4048 ait:
2547 3994 2832 4063 Propterea
2863 3996 3147 4064 conﬁtebor
3178 3999 3275 4052 tibi
3322 4001 3378 4054 in

1849 4086 2163 4147 nationibus,
2198 4083 2435 4146 Domine,
2463 4093 2511 4135 et
2553 4084 2746 4135 nomini
2782 4092 2869 4135 tuo
2893 4083 3151 4150 psalmum
3184 4085 3373 4145 dicam.

1969 4190 2020 4245 1.
2046 4190 2111 4244 ΙΝ
2145 4189 2370 4262 FINEM,
2394 4187 2707 4243 PSALMUS
2759 4187 2960 4241 DAVID
3000 4186 3184 4242 XVIII.

1917 4300 2161 4354 Praesens
2194 4314 2408 4368 quoque
2443 4300 2682 4367 psalmus
2712 4312 2832 4351 cum
2867 4297 2935 4351 iis
2957 4299 3259 4356 censendus
3283 4303 3373 4372 qui

1849 4389 1913 4443 ad
1942 4391 2140 4444 bonum
2172 4389 2331 4442 linem
2361 4389 2770 4452 transmittunt;
2805 4388 2912 4441 imo
2939 4402 3151 4456 quoque
3176 4392 3377 4458 gratia-

1783 4491 1822 4543 ι)
1852 4497 1968 4533 rum
1997 4481 2218 4532 actionis
2257 4480 2550 4547 inscriptus
2580 4489 2682 4542 est,
2714 4479 2970 4531 canticum
2994 4479 3057 4530 iis
3090 4480 3176 4547 qui
3200 4481 3376 4534 inimi-

1850 4586 1934 4622 cos
1982 4567 2323 4630 debellarunl,
2357 4566 2664 4633 triumphale
2713 4566 2930 4622 dictum.
2978 4566 3155 4632 Quare
3182 4584 3374 4623 secun-

1849 4659 1973 4712 dum
2035 4656 2412 4727 Symmachum
2474 4655 2689 4717 dicitur,
2741 4655 3070 4724 Triumpliale
3117 4658 3372 4709 canticum

1848 4748 2090 4803 Davidis.
2130 4746 2234 4801 Sed
2262 4747 2421 4800 etiam
2468 4746 2595 4814 quia
2640 4745 2750 4801 Deo
2788 4748 3134 4800 victoriarum
3163 4747 3371 4801 auctori

1847 4846 2217 4902 consecratur,
2269 4836 2559 4893 secundum
2611 4835 2882 4906 Aquilam,
2931 4835 3176 4888 Victoria:
3209 4834 3377 4905 largi-

1850 4933 1950 4984 tori
1978 4930 2283 4994 modulatio,
2316 4927 2649 4983 inscribitur.

1918 5021 2077 5074 Vsus.
2110 5021 2162 5073 2.
2201 5019 2328 5073 ϐωίὶ
2404 5025 2649 5071 enarrant
2694 5020 2914 5088 gloriam
2955 5019 3071 5085 Dei,
3120 5030 3169 5076 et
3216 5038 3375 5091 opera

1847 5126 2093 5164 manuum
2137 5110 2248 5178 ejus
2301 5109 2573 5161 annuntiat
2612 5108 3014 5175 ﬁrmamentum.
3062 5110 3369 5166 Doctrinam

1847 5204 2238 5272 complectitur,
2289 5214 2392 5266 qua
2457 5214 2709 5269 magnum
2766 5199 2897 5253 illud
2944 5199 3038 5256 Dei
3095 5203 3366 5271 opiﬁcium

1847 5302 2146 5351 enarratur.
2218 5290 2351 5356 Quia
2415 5289 2556 5340 enim
2629 5289 2876 5343 latentem
2947 5290 3372 5360 invisibilemque

1847 5385 2080 5438 divinam
2182 5375 2554 5441 substantiam,
2653 5378 3025 5446 incorpoream
3112 5388 3165 5433 et
3261 5392 3369 5435 non

1848 5474 2061 5537 factam,
2116 5467 2254 5539 quod
2311 5464 2615 5519 carnalibus
2668 5468 2838 5522 oculis
2891 5469 3081 5539 attingi
3153 5475 3209 5522 et
3278 5481 3371 5524 oo-

1846 5563 2030 5634 gnosci
2106 5561 2356 5624 nequeat.
2424 5553 2515 5619 qui
2592 5558 2787 5611 mentis
2836 5557 3047 5612 'oculis
3120 5558 3369 5612 obcaecati

1847 5659 2020 5713 erant,
2051 5665 2080 5703 e
2105 5654 2293 5699 natura
2321 5653 2500 5692 rerum
2537 5647 2889 5714 expulerunt;
2927 5646 3052 5699 dum
3088 5647 3244 5699 atheo
3274 5645 3367 5698 im-

1849 5744 2040 5812 pioque
2073 5749 2184 5801 ore,
2220 5728 2423 5784 nullum
2452 5745 2576 5789 esse
2613 5734 2802 5801 Deum,
2834 5750 2934 5790 nec
2964 5735 3231 5804 quidpiam
3255 5745 3374 5787 cor-
