3782 6406
665 357 673 365 ’
730 379 831 433 187

1379 374 1641 432 EUSEBll
1679 368 2145 427 CAL'SARIENSIS
2184 367 2332 426 OPP.
2372 366 2549 424 PARS
2585 366 2670 419 lll.
2709 394 2777 407 --
2806 364 3356 421 EXEGETICA.

725 493 903 561 porcis
932 493 1093 548 rebus
1117 493 1218 547 sub
1256 498 1528 559 aspectum
1562 492 1882 543 cadentibus
1911 488 2217 557 praestantia

1880 488 2250 557 .przestantins
2283 501 2321 555 Α
2350 485 2632 557 ὁρωμένων
2658 499 2671 511 ⁸
2720 483 3045 552 αὐτομάτῳ
3089 482 3169 534 δὲ
3228 481 3373 533 καὶ

722 584 980 639 exsistere
1012 582 1462 651 pronuntiabant;
1494 580 1585 633 sed
1616 587 1913 648 spontaneo
1941 579 2168 648 quodam
2190 595 2252 632 ac

726 672 1016 725 temerario
1047 686 1313 725 concursu
1345 677 1396 723 et
1434 670 1663 738 partium
1695 683 2008 737 congressu,
2038 684 2168 723 casu
2193 684 2255 723 ac

725 762 871 815 nulla
919 764 1206 817 exsistente
1252 775 1437 821 causa,
1473 761 1786 814 universum
1822 758 2081 811 mundum
2123 774 2251 812 coa-

724 850 909 916 luisse,
942 849 1305 904 necessarium
1342 848 1440 902 fuit
1466 856 1523 902 ut
1553 849 1801 918 praesenti
1827 864 2093 912 sermone.
2117 849 2255 915 psal-

726 941 869 996 lendi
911 954 1078 1000 more,
1115 953 1209 1006 per
1241 937 1530 992 dilucidam
1576 937 2112 1001 demonstrationem,
2147 940 2254 991 vim

726 1027 869 1082 illam
912 1043 1092 1081 rerum
1120 1029 1433 1082 creatricem
1472 1044 1535 1081 ac
1570 1029 1662 1082 Dei
1699 1028 1976 1082 scientiam
2012 1044 2259 1099 compro-

726 1118 897 1176 baret,
934 1115 1036 1167 hoc
1060 1116 1346 1169 ratiocinio
1389 1131 1541 1170 usus.
1579 1115 1881 1169 Mortalium
1915 1127 2103 1170 natura
2141 1121 2255 1173 exi-

724 1222 827 1277 gua
854 1207 1152 1274 debilisque
1197 1214 1298 1268 est,
1339 1203 1617 1259 hominum
1647 1207 2000 1276 cogitationes
2030 1210 2250 1278 ignavae,

725 1305 1027 1366 nostraeque
1059 1296 1390 1365 cognitiones
1428 1296 1646 1349 incerta:
1675 1306 1821 1351 sunt.
1864 1296 2042 1361 Quare
2069 1298 2260 1351 divina:

723 1387 905 1457 gloriae
943 1402 1039 1455 pro
1077 1387 1266 1440 merito
1304 1386 1617 1440 enarranda:
1655 1387 1881 1439 multum
1911 1387 2142 1455 impares
2170 1405 2261 1443 su-

725 1491 870 1530 mus.
901 1474 1018 1528 Non
1047 1476 1190 1529 enim
1218 1474 1467 1528 humanis
1498 1474 1743 1542 vocibus,
1775 1491 1880 1528 non
1910 1475 2090 1545 lingua
2141 1492 2261 1530 car-

726 1566 860 1628 nali,
892 1580 999 1619 non
1028 1565 1183 1618 labiis
1214 1572 1442 1633 possunt
1474 1565 1634 1635 digna
1678 1581 1740 1619 ac
1779 1568 1943 1634 probe
1964 1569 2261 1637 excogitata

731 1655 797 1709 de
826 1655 933 1709 Deo
965 1655 1125 1710 verba
1153 1655 1443 1720 enuntiari.
1487 1654 1641 1720 Quod
1673 1657 1719 1710 si
1758 1658 1844 1710 cui
1888 1658 2122 1722 libuerit,
2151 1660 2263 1712 elli-

726 1759 910 1799 cacem
954 1744 1121 1807 illam,
1155 1744 1439 1796 maximam
1479 1753 1531 1798 et
1562 1743 1672 1798 Deo
1700 1746 1915 1815 dignam
1961 1748 2258 1802 doctrinam

2354 576 2447 629 καὶ
2474 574 2650 643 μάτην
2677 571 2733 636 ἐξ
2776 572 3078 642 οὐδεμιᾶς
3123 570 3386 631 αἰτίας

2353 664 2578 732 κόσμον·
2604 661 2905 729 ἀναγκαίως
2946 663 2984 713 ὁ
3014 659 3290 729 παρὼν
3325 659 3398 709 λ(

2353 750 2731 812 ἀποδεικτικῶς
2763 752 2854 802 καὶ¹
2885 750 3070 819 μετὰ
3110 749 3399 817 δημιου

2358 859 2499 913 μεως
2548 841 2642 910 τὴν
2690 840 2980 907 θεολογίαν
3036 839 3416 908 παρίστη(

2357 933 2491 1002 σμὸν
2518 930 2739 996 διεξιών.
2765 929 3011 999 Θνητῶν
3051 928 3193 997 μὲν
3251 926 3429 994 φύσιν

2356 1020 2581 1089 ἀσθενής
2602 1036 2615 1049 ·
2652 1017 2890 1086 λογισμοί
2922 1033 3011 1067 τε
3065 1013 3207 1067 ἀνθ
3222 1012 3438 1082 peiuro

2356 1111 2465 1173 λεῖς
2489 1112 2543 1162 αἱ
2579 1109 2804 1161 ἐπίνοιαι
2845 1106 3039 1175 ἡμῶν
3070 1123 3089 1135 ο
3123 1104 3238 1156 διὸ
3307 1102 3442 1154 πλε

2358 1201 2453 1268 τῆς
2486 1201 2601 1252 κατ’
2627 1196 2777 1261 ἀξίαν
2796 1196 2886 1248 τοῦ
2906 1195 3094 1247 Θεοῦ
3132 1192 3440 1257 δοξολογ

2360 1307 2473 1342 πων
2506 1292 2724 1358 φωναῖς,
2748 1287 2864 1339 οὐδὲ
2895 1283 3190 1356 γλώττῃ
3239 1300 3333 1334 σα
3345 1299 3441 1351 ρκ

2362 1381 2479 1434 σθαί
2508 1396 2632 1431 ποτε
2669 1375 2901 1447 νομίζειν
2944 1374 3251 1437 ἐπάξιον
3297 1389 3444 1440 περ

2359 1471 2557 1523 δοσθαι.
2587 1470 2647 1520 Ei
2671 1468 2725 1520 δὲ
2754 1468 2856 1536 χρὴ
2883 1463 3345 1525 διδασκαλίας
3382 1463 3442 1512 ἐκ

2361 1562 2504 1630 αὐτῷ
2535 1577 2592 1611 τε
2627 1557 2944 1629 πρεπούσης
2986 1554 3089 1624 τῷ
3126 1553 3284 1622 Θεῷ
3320 1554 3444 1603 ἐπε

2360 1668 2448 1703 ται
2472 1651 2565 1718 τῆς
2586 1648 2758 1717 ψυχῆς
2776 1646 2844 1699 τὰ
2883 1645 3334 1714 αἰσθητήρια,
3378 1659 3444 1693 σι

2362 1739 2669 1808 διεγειράτω
2716 1737 2847 1807 πρὸς
2882 1735 3212 1804 ἀκρόασιν
3265 1730 3444 1793 ἑπαξ

728 1832 935 1897 audire,
976 1833 1063 1886 cui
1113 1833 1321 1887 scilicet
1354 1834 1548 1887 mentis
1599 1850 1791 1890 sensus
1836 1837 2107 1905 praevalidi
2148 1837 2221 1891 fut

1950 1837 2107 1891 validi
2148 1837 2267 1892 fue—
2294 1823 2334 1876 Β
2362 1831 2455 1900 τῆς
2501 1826 2961 1898 ἀπειρομεγέθους
3022 1824 3379 1892 δυνάμεως,
3410 1839 3443 1873 τ

728 1926 856 1988 rint,
897 1924 943 1977 is
985 1929 1162 1977 animo
1213 1925 1474 1989 intendat,
1526 1941 1753 1995 seseque
1806 1929 2039 1982 concitet
2085 1929 2150 1982 ad
2202 1944 2265 1982 ea

728 2016 1075 2070 ausetitanda
1105 2032 1224 2084 quae
1276 2017 1363 2070 hic
1412 2017 1478 2071 de
1520 2018 1783 2072 immensa
1813 2018 1903 2072 illa
1938 2019 2028 2073 Dei
2066 2020 2263 2073 virtute

728 2105 1006 2161 feruntur:
1056 2122 1291 2176 quaeque
1310 2108 1411 2175 ipsi
1452 2108 1598 2174 cmli,
1651 2116 1822 2162 totum
1853 2110 1909 2163 in
1940 2125 1998 2164 se
2027 2112 2265 2181 comple-

727 2205 955 2259 ctentes,
982 2196 1290 2252 Creatorem
1327 2212 1482 2250 suum
1514 2198 1992 2268 universorumque
2022 2200 2262 2269 opiﬁcem

727 2286 941 2357 hymnis
978 2295 1030 2340 et
1076 2288 1303 2341 canticis
1364 2289 1720 2351 celebrantes,
1787 2288 2088 2358 proferunt.
2152 2288 2259 2359 lpsi

726 2391 959 2444 namque
991 2377 1113 2430 ρωιὶ
1161 2379 1252 2446 qui
1307 2379 1543 2446 supremi
1599 2379 1839 2431 omnium
1885 2387 2032 2443 sunt,
2079 2388 2132 2434 et
2164 2380 2263 2433 sibi

726 2465 1005 2534 supposito
1032 2466 1367 2519 lirmamenlo
1397 2467 1653 2529 eminent,
1691 2468 1783 2535 qui
1814 2470 2117 2523 universam
2140 2484 2261 2522 cum

730 2554 1040 2607 sensibilem
1072 2561 1185 2606 tum
1242 2554 1514 2607 intellectu
1566 2555 1843 2623 praeditam
1870 2566 2116 2611 naturam
2149 2573 2262 2610 am-

729 2642 906 2706 biunt,
966 2643 1190 2710 gloriam
1246 2642 1339 2695 Dei
1387 2659 1494 2696 non
1532 2643 1713 2698 Graeca
1763 2645 1964 2713 lingua,
2009 2662 2115 2702 non
2160 2650 2263 2702 alia

729 2732 960 2785 dialecto
990 2731 1322 2801 praedicant;
1376 2733 1469 2786 sed
1511 2733 1644 2802 ipsis
1677 2737 1950 2804 operibus.
1980 2754 2074 2806 per
2107 2755 2264 2794 suum

729 2821 977 2875 videlicet
1023 2830 1293 2886 ornatum,
1335 2837 1430 2890 per
1466 2824 1812 2888 concinnam,
1880 2827 2247 2882 barmonicam

728 2918 784 2966 et
812 2910 1263 2980 sapientissimam
1308 2915 1770 2980 constitutionem,
1804 2925 2077 2972 auctorem
2114 2919 2261 2974 illius

733 3001 807 3053 ita
840 3006 986 3053 recte
1025 2999 1492 3065 ordinati-motus,
1542 3003 1767 3073 ejusque
1809 3005 2122 3061 immensam
2155 3007 2265 3059 vir-

731 3091 899 3137 tutem
920 3085 1165 3138 edocent.
1204 3084 1286 3136 Ea:
1318 3088 1671 3157 magnitudine
1711 3091 1844 3144 enim
1891 3105 1941 3146 et
1978 3094 2265 3161 pulchritu-

731 3175 849 3228 dine
872 3184 1231 3228 creaturarum
1271 3180 1599 3245 proportione
1615 3182 1838 3249 quadam
1860 3193 2059 3238 creator
2086 3201 2266 3238 earum

731 3276 992 3335 spectatur
1011 3267 1078 3334 8°;
1106 3275 1158 3321 et
1179 3286 1190 3320 :
1213 3266 1507 3322 Invisibilia
1531 3272 1712 3338 ipsius,
1743 3289 1774 3325 a
1793 3283 2031 3328 creatura
2067 3277 2263 3341 mundi,

731 3374 821 3425 per
847 3374 909 3411 ea
931 3374 1045 3427 qua:
1073 3358 1215 3422 facta
1246 3368 1368 3412 sunt
1398 3360 1661 3414 intellecta
1691 3364 2079 3431 conspiciuntur
2100 3382 2117 3427 ;
2140 3383 2269 3419 sem-

732 3448 936 3516 piterna
967 3464 1164 3515 quoque
1218 3450 1328 3512 eius
1367 3450 1529 3503 virtus
1559 3457 1607 3503 et
1639 3450 1886 3506 divinitas
1909 3454 1972 3510 ⁸³.
2006 3453 2264 3527 Quisquis

734 3552 885 3605 ergo,
934 3537 1139 3605 absque
1186 3537 1295 3588 ulla
1329 3541 1587 3593 creatrice
1640 3542 1867 3606 ratione,
1918 3544 2034 3598 sine
2086 3545 2266 3598 divina

735 3626 1150 3694 aliqnaxvirtute,
1182 3626 1347 3677 caelos
1380 3642 1529 3680 suam
1550 3630 1857 3685 condidisse
1884 3634 2261 3697 substantiam,

736 3698 941 3766 tantam
994 3713 1141 3764 illam
1217 3715 1634 3782 magnitudinem
1708 3707 1981 3787 talemque
2039 3720 2262 3774 formam

738 3799 1031 3852 adornasse
1061 3806 1234 3866 putat,
1286 3814 1348 3853 ac
1400 3801 1471 3853 ita
1505 3804 1827 3856 concinnum
1853 3805 2264 3875 ordinatumque

739 3897 941 3955 motum
973 3888 1292 3956 corporibus
1343 3891 1475 3960 ipsis
1522 3893 1792 3961 ascripsit,
1826 3895 1874 3948 is
1905 3909 2034 3950 sane
2064 3898 2260 3952 stultus

736 3982 790 4027 et
828 3974 1024 4043 impius
1054 3982 1155 4029 est.
1206 3974 1560 4041 Quamobrem
1611 3994 1704 4034 eos
1755 3981 1845 4049 qui
1900 3997 2029 4035 sana
2085 3991 2262 4037 mente

2366 1920 2715 1989 προφέρονται
2752 1918 2799 1968 οἱ
2838 1916 2930 1968 τὸν
2993 1914 3355 1982 σύμπαντα
3401 1929 3444 1962 ~r:

2363 2009 2451 2061 τὸν
2481 2007 2679 2059 ἑαυτῶν
2707 2006 2928 2075 κτίστην
2958 2005 3072 2056 καὶ
3099 2002 3385 2071 ποιητὴν
3411 2019 3444 2052 τ

2365 2075 2455 2152 διοῆ
2489 2097 2807 2163 δοξολογίαις
2837 2092 3281 2164 ἁνυμνοῦντες.
3322 2094 3440 2144 At)‘

2366 2189 2594 2250 πάντων,
2645 2187 2734 2239 καὶ
2770 2185 2860 2238 τοῦ
2906 2183 3387 2252 ὑποϐεϐηκότος

2364 2280 2600 2347 κείμενοι
2646 2275 2885 2347 οὐρανοὶ,
2941 2275 2997 2325 οἱ
3059 2273 3409 2342 σύμπασαν

2365 2365 2620 2436 αἰσθητὴν
2639 2365 2730 2417 καὶ
2753 2361 3156 2432 πνευματικὴν
3184 2360 3419 2421 κτίσιν,

2375 2456 2648 2526 Ἑλληνικῇ
2672 2457 2816 2523 φωνῇ
2843 2452 3258 2521 φθεγγόμενοι,
3281 2453 3411 2504 οὐδ’
3434 2490 3438 2500 .

2361 2548 2643 2619 χρώμενοι,
2657 2545 2800 2615 αὐτῷ
2817 2545 2870 2597 δὲ
2889 2544 3046 2614 ἔργῳ
3065 2543 3164 2596 διὰ
3179 2544 3286 2596 τοῦ
3318 2546 3431 2596 ἐαυ

2362 2636 2628 2707 εὐρύθμου
2655 2634 2746 2686 καὶ
2776 2634 3110 2703 ἐναρμονίου
3136 2634 3233 2686 καὶ
3269 2651 3435 2685 πανσ

2364 2726 2532 2779 αἰτίου
2556 2725 2734 2785 αὐτοῖς
2754 2722 2851 2792 τῆς
2877 2722 3098 2774 τοιᾶσδε
3129 2724 3427 2792 κινήσεως

2362 2816 2582 2885 δύναμιν
2613 2813 3032 2867 ὲκδιδάσκουσιν.
3087 2814 3192 2866 Ἐκ
3222 2814 3344 2881 γὰρ
3369 2833 3438 2882 μέ

2364 2902 2550 2971 λον-ἦς
2585 2900 2914 2970 κτισμάτων
2959 2902 3283 2968 ἀναλόγως
3317 2905 3357 2954 ό
3396 2921 3438 2969 γ

2360 2996 2478 3048 τῶν
2499 2992 2783 3061 θεωρεῖται
2797 3010 2811 3022 ’
2837 2993 2951 3053 καὶ,
2987 2992 3063 3044 Τὰ
3083 2992 3313 3058 ἀόρατα
3335 2995 3438 3045 ac}:

2365 3086 2589 3152 κόσμου
2620 3083 2741 3147 τοῖς
2772 3081 3057 3149 ποιήμασι
3094 3083 3405 3149 νοούμενα

2369 3174 2553 3238 ἀΐδιος
2582 3171 2762 3226 αὑτοῦ
2794 3172 3039 3238 δύναμις
3070 3169 3169 3222 καὶ
3198 3172 3434 3237 θεότης.

2372 3266 2559 3337 ρανούς
2601 3262 2828 3331 νομίζων
2859 3261 2976 3330 δίχα
3013 3260 3154 3322 τινὸς
3182 3260 3434 3332 δημιουρ

2369 3356 2516 3418 θείας
2540 3354 2665 3407 ἄνευ
2698 3353 2969 3422 δυνάμεως
2997 3353 3214 3415 ἑαυτοὺς
3248 3354 3436 3406 ύποστι

2366 3445 2577 3499 τοσοῦδε
2609 3443 2863 3514 μεγέθους
2900 3443 2986 3494 καὶ
3013 3442 3100 3494 τοῦ
3142 3442 3340 3494 τοιοῦδε
3376 3461 3431 3512 σ)

2364 3534 2651 3597 εὐσταθοῦς
2699 3533 2791 3586 καὶ
2839 3533 3084 3585 εὐτάκτου
3116 3534 3375 3602 κινήσεως
3428 3563 3431 3569 λ

2367 3626 2604 3695 σώμασιν
2631 3623 2804 3675 αὐτῶν
2830 3623 3187 3691 προσγράφων,
3215 3623 3402 3695 ἄφρων

2363 3717 2486 3777 τούς
2517 3714 2756 3783 ἔμφρονα
2786 3712 2905 3763 νοῦν
2932 3713 3269 3781 κεκτημένους
3310 3734 3431 3787 προς

2364 3806 2478 3870 γεῖν
2513 3800 2784 3871 μονονουχὶ
2830 3800 3001 3868 φωνῆς
3029 3800 3226 3853 ἀκούειν
3263 3803 3406 3876 ἔργῳ

2366 3892 2470 3943 τῶν
2510 3888 2770 3959 οὐρανῶν,
2811 3889 2907 3959 τὴν
2941 3888 3219 3957 πρέπουσαν
3255 3895 3405 3960 δόξαν

2364 3980 2439 4050 τῷ
2470 3978 2668 4032 ἑαυτῶν
2699 3980 2886 4048 ποιητῇ
2915 3981 2995 4031 καὶ
3015 3979 3293 4055 δημιουργῷ
3319 3987 3452 4059 Θειξζ

736 4075 861 4123 sunt
896 4082 990 4136 par
1026 4075 1109 4121 est
1146 4085 1250 4122 una
1308 4070 1570 4134 conﬁteri,
1616 4089 1674 4127 se
1719 4081 1923 4128 tantum
1963 4093 2069 4130 non
2126 4078 2309 4132 audire
2344 4080 2601 4132 caelorum
2645 4089 2850 4137 vocent,
2913 4074 2985 4126 vel
3023 4073 3125 4142 ipso
3160 4090 3303 4145 opere
3336 4083 3443 4138 cla

739 4170 1120 4232 gruentemque
1160 4161 1288 4227 Deo,
1326 4164 1513 4218 [actori
1547 4174 1601 4221 et
1646 4167 1823 4236 opilici
1866 4185 1984 4233 suo,
2023 4172 2244 4240 gloriam
2280 4173 2632 4227 emittentem.

810 4250 933 4304 Pari
973 4265 1185 4319 quoque
1218 4252 1376 4306 modo
1413 4255 1824 4320 lirmamentum,
1858 4259 2000 4327 quod
2026 4262 2261 4315 secunda

2435 4260 2585 4313 Οὐτω
2619 4259 2673 4310 δὲ
2703 4261 2794 4313 καὶ
2819 4258 2878 4310 τὸ
2906 4247 3162 4331 περέωμα,
3187 4264 3211 4317 ὃ
3237 4266 3290 4336 δὴ
3316 4270 3464 4327 Mt”;

741 4339 1028 4395 creationis
1057 4338 1143 4393 die
1175 4339 1383 4410 Moyses
1421 4340 1617 4396 factum
1663 4344 1981 4413 declaravit;
2030 4348 2130 4402 hoc
2178 4350 2233 4402 in

1970 4365 1981 4413 ;
2030 4348 2130 4402 hoc
2178 4350 2262 4402 in-
2289 4372 2340 4430 Β
2365 4348 2614 4419 δευτέραν
2636 4348 2841 4418 ἡμέραν
2863 4348 2950 4417 τῆς
2967 4355 3266 4420 κοσμοποιίας
3284 4374 3463 4427 γεγεῖ1

741 4442 902 4497 quam
944 4426 1354 4491 ﬁrmamentum,
1390 4431 1530 4498 quod
1565 4432 1708 4485 aliud
1748 4442 1831 4487 est
1866 4450 1895 4487 a
1918 4435 2029 4504 jam
2063 4453 2261 4493 memo-

739 4515 1082 4578 ratisctelis,
1109 4517 1356 4572 omnibus
1386 4519 1658 4587 praedicat,
1697 4529 1750 4574 et
1775 4523 2018 4578 similiter
2045 4526 2257 4593 clamat,

744 4603 1074 4671 indicatque,
1128 4616 1186 4655 se
1222 4617 1327 4656 non
1362 4611 1653 4672 spontanea
1698 4607 1984 4663 coalitione
2014 4609 2069 4662 in
2104 4610 2261 4664 talem

743 4692 966 4746 formam
997 4690 1316 4756 deductum;
1363 4693 1454 4747 sed
1484 4708 1619 4763 Opus
1647 4711 1767 4751 esse
1810 4698 2048 4752 omnium
2085 4714 2264 4753 rerum

742 4778 1036 4834 conditoris
1066 4777 1178 4831 Dei.
1228 4777 1583 4842 Quamobrem
1611 4783 1815 4838 dictum
1852 4793 1965 4841 est:
2019 4786 2087 4838 Et
2109 4803 2263 4855 opera

742 4883 988 4920 manuum
1007 4869 1116 4937 ejus
1157 4871 1431 4923 annuntiat
1469 4873 1871 4940 firmamentum.
1901 4875 2132 4932 Noverat
2167 4894 2262 4932 au-

741 4961 851 5008 tem
891 4956 1116 5026 Moyses,
1156 4966 1278 5013 ante
1316 4960 1630 5018 ﬁrmamenti
1669 4967 2121 5021 constructionem
2147 4982 2261 5022 coe-

744 5043 875 5105 lum,
924 5045 1006 5097 vel
1039 5047 1346 5116 priusquam
1399 5050 1514 5106 dies
1553 5054 1721 5119 ﬁeret,
1753 5056 2025 5108 conditum
2057 5056 2259 5123 fuisse;

745 5144 868 5183 nam
907 5129 1062 5184 dicit:
1108 5132 1169 5186 In
1209 5138 1462 5207 principio
1493 5140 1613 5208 fecit
1660 5141 1798 5195 Deus
1844 5144 2027 5196 caelum
2074 5154 2122 5197 et
2155 5155 2261 5197 ter-

746 5236 860 5272 ram
880 5219 946 5270 δ’.
993 5219 1070 5274 Ac
1109 5223 1356 5295 deinceps
1402 5239 1521 5299 post
1562 5234 1793 5300 primum
1828 5235 2023 5287 cmlum
2071 5235 2259 5288 condi-

746 5317 877 5370 tum,
907 5309 1041 5363 lucis
1070 5311 1176 5363 vim
1204 5328 1265 5366 ac
1299 5321 1620 5376 creationem
1653 5322 1824 5388 all'ert,
1855 5325 2116 5393 docetque
2155 5325 2258 5378 luci

747 5396 853 5450 diei
900 5414 1093 5453 nomen
1138 5400 1383 5463 inditum.
1432 5409 1734 5482 facturaque
1786 5412 1953 5467 fuisse
2014 5428 2168 5467 mane
2208 5422 2261 5467 et

744 5501 962 5554 Vespere
986 5487 1124 5543 diem
1154 5490 1399 5558 Primum.
1442 5497 1628 5556 Postea
1660 5504 1750 5557 ubi
1785 5503 2074 5557 secundam
2105 5502 2256 5557 ordi-

818 5637 860 5669 "
885 5635 1007 5709 Sap.
1062 5655 1177 5709 xui,
1210 5644 1259 5699 5.
1334 5644 1376 5679 ⁸⁸
1403 5648 1554 5707 Rom.
1597 5671 1633 5723 ι,
1668 5656 1752 5710 ‘20.
1829 5656 1871 5689 ⁸³
1896 5657 2084 5714 Gcncs.
2121 5675 2162 5720 ι,
2212 5655 2244 5710 ι.

2366 4442 2456 4493 καὶ
2486 4439 2638 4491 τοῦτο
2679 4438 2949 4509 τοιγαροῦν
2979 4440 3029 4492 τὸ
3067 4447 3319 4519 στερέωμα,
3361 4454 3458 4512 Ξτ-

2363 4527 2486 4587 τοὺς
2518 4525 3006 4594 προωνομασμένους
3026 4530 3256 4600 οὐρανοὺς,
3283 4551 3456 4612 κηβύτ

2368 4615 2459 4668 καὶ
2486 4614 2715 4683 κέκραγε
2746 4613 2999 4679 διδάσκων,
3036 4619 3102 4674 ὅτι
3130 4625 3190 4698 μὴ
3210 4628 3259 4695 ἐξ
3294 4634 3452 4716 αὐτοί

2370 4703 2568 4771 ὑπέστη
2594 4718 2606 4728 ·
2631 4702 2788 4771 ἔργον
2812 4703 2868 4755 δέ
2904 4705 3090 4764 ἐστικαὶ
3126 4719 3233 4773 αὐτὸ
3258 4723 3333 4778 τοῦ
3353 4736 3437 4788 -τῶ

2365 4790 2457 4895 τοῦ
2490 4789 2654 4895 (lapidi:
2702 4791 2797 4895 διὸ.
2824 4792 3030 4895 εἴρηται·
3058 4803 3262 4875 Ποίησιν
3284 4814 3347 4873 δὲ
3380 4846 3428 4895 χί

2365 4877 2711 4969 ἀναγγέλλει
2738 4880 2804 4933 τὸ
2838 4886 3096 4959 στερέωμα.
3126 4895 3219 4954 Οἵδε
3243 4904 3287 4958 δὲ

2365 4968 2455 5021 τοῦ
2498 4967 2868 5037 στερεώματος
2903 4982 3141 5055 συστάσεως
3165 4996 3342 5069 οὐρανὸν
3376 5026 3418 5059 π(

2367 5058 2570 5165 item
2599 5066 2960 5165 rem»
2985 5074 3136 5149 λέγων·
3171 5058 3414 5165 mm

2677 5153 2927 5257 οὐρανὸν
2952 5171 3023 5224 καὶ
3046 5176 3132 5247 τὴν
3151 5182 3249 5252 γῆν.

2363 5237 2457 5307 τὴν
2484 5238 2694 5346 man
2722 5246 2820 5300 τοῦ
3039 5237 3207 5342 πραέως
3230 5237 3410 5347 at;

2368 5345 2456 5396 μιν
2475 5345 2565 5434 και
2577 5346 2815 5407 γενεσιν,
2843 5348 2878 5418 ἡ
2889 5352 3012 5426 μέραν
3025 5378 3067 5414 τε
3084 5345 3256 5423 διδάσκει
3267 5369 3314 5424 τὸ
3328 5369 3412 5434 φῶς

2365 5419 2718 5538 Ξῗγονέέναιλτε
2746 5442 2948 5538 π’ρωῖαν
2964 5455 3056 5526 φησι,
3076 5459 3141 5513 καὶ
3165 5462 3364 5538 ἑσπέραν.
3380 5461 3428 5528 ιιι,

2408 5505 2453 5533 τ..
2534 5525 2568 5538 ρ,
2974 5505 2982 5521 ι
3007 5505 3056 5526 l"
3077 5505 3141 5513 ην*-
3165 5505 3258 5518 --ινυ
3287 5505 3313 5517 v
3336 5505 3364 5517 ’ν
3388 5505 3428 5528 -ιι-

2363 5505 2422 5556 E"
2437 5506 2761 5581 “im-“1;
2777 5505 3381 5633 ἡμέραςάρκάμενοςηὴῖάοῦ
3398 5563 3439 5597 cz
