3782 6332
207 391 310 449 193

1354 415 1846 472 COMMENTARIA
1872 417 1942 471 IN
1978 415 2311 471 PSALMOS.

3315 424 3413 480 995

203 513 298 607 ἐπι
327 511 379 564 τὸ
403 510 563 607 αὐτο·
592 508 933 607 ἐπιᾲυμητὰ
968 522 1155 595 ὑπὲρ
1189 534 1445 599 χρυσίον
1481 535 1575 587 καὶ
1611 535 1762 588 ,λίθοι

1871 534 2169 602 justi/icata
2200 535 2253 586 in
2278 533 2553 601 semetipsa
2579 572 2594 596 ,
2639 533 3005 591 desiderabilia
3049 554 3197 607 super
3228 556 3409 595 aurum

203 605 369 669 τίμιον
394 600 597 692 “Fabri
632 602 731 655 καὶ
770 607 1156 683 γλυκύτερα
1191 623 1340 689 ὑπὲρ
1372 623 1505 692 μέλι
1546 624 1641 679 καὶ
1676 640 1777 690 κη-

196 693 330 759 ρίονο
363 690 459 744 καί
500 690 603 759 Ἰτῖιρ
641 694 673 744 δ
701 691 936 764 δοῦλός
978 718 1117 761 σου
1161 690 1461 777 φυλάσσει
1500 714 1665 777 αὐτὰ,
1710 715 1779 767 ἐν

200 782 273 846 τῷ
308 780 627 851 φυλάσσειν
663 786 822 839 αὐτὰ
862 790 1301 868 ἁνταπόδοσις
1341 807 1555 869 πολλή.
1597 805 1776 857 Ταῦτα

193 868 250 922 δὲ
287 871 445 923 πάντα
482 871 838 944 περιείληφεν
885 879 919 929 ὁ
964 884 1075 937 τοῦ
1112 888 1251 941 Θεοῦ
1293 891 1450 961 νόμος
1493 895 1628 964 ὑπὲρ
1660 896 1776 946 ἐπι-

194 965 423 1033 στροφῆς
463 965 552 1034 τῆς
592 964 800 1036 ψυχῆς.
852 971 1202 1047 Μαρτυρίας
1241 981 1346 1051 γὰρ
1380 982 1587 1052 πρῶτον
1634 1002 1777 1053 περι-

194 1054 308 1122 εχει
358 1056 443 1109 καὶ
479 1055 823 1128 δικαιώματα
876 1066 979 1118 καὶ
1017 1070 1263 1134 ἐντολάς.
1299 1073 1523 1126 Ἔπειτα
1569 1075 1773 1138 τούτοις

192 1143 402 1197 ἆπασιν
426 1147 746 1216 ὲπὴρτησεν,
781 1149 985 1208 ὥσπερ
1015 1155 1316 1229 βακτηρίαν
1341 1162 1771 1231 ὲπιστρεπτικὴν,

193 1236 280 1287 τὸν
311 1237 493 1303 φόδον,
531 1240 626 1291 καὶ
672 1240 769 1293 ἐπὶ
794 1244 968 1297 πᾶσιν
1008 1246 1197 1318 ὥσπερ
1246 1252 1506 1321 κορωνίδα
1547 1253 1610 1305 τὰ
1657 1254 1775 1323 κρί-

191 1342 338 1394 ματα
370 1327 598 1400 ἐπέθηκε
631 1331 726 1383 τοῦ
767 1332 932 1387 Θεοῦ.
971 1336 1218 1409 Ἐκάστῳ
1260 1340 1316 1393 δὲ
1347 1342 1451 1394 τῶν
1474 1345 1773 1413 εἰρημένων

192 1415 395 1485 ίδίωμα
435 1420 639 1490 συνῆψε
658 1438 672 1450 ·
701 1422 783 1492 τῷ
813 1425 916 1493 μὲν
947 1428 1090 1479 κατά
1131 1429 1303 1482 πάντα
1338 1432 1530 1501 γενικῷ
1566 1432 1773 1502 ὠνομα-

192 1505 379 1577 σμένῳ
413 1510 564 1579 νόμῳ
613 1512 715 1584 τὴν
755 1514 861 1583 τῆς
895 1514 1075 1586 ψυχῆς
1115 1518 1440 1590 ἐπιστροφήν
1464 1537 1478 1551 ο
1535 1522 1679 1584 ὅπως
1716 1522 1771 1574 δὲ

186 1601 514 1669 επιπρέφει
556 1603 727 1673 ψυχὴ,
770 1604 863 1659 διὰ
905 1606 1016 1660 τῶν
1054 1608 1180 1676 ἑξῆς
1225 1611 1530 1681 παρίστησι,
1573 1630 1773 1684 μαρτυ-

186 1686 308 1757 ρίαν
342 1693 550 1759 πιστὴν
584 1694 757 1747 εἰπὼν
787 1696 855 1748 δι’
878 1693 947 1769 ἧς
976 1702 1246 1770 σοφίζεται
1291 1705 1318 1753 ὁ
1352 1704 1407 1754 ὲν
1438 1705 1650 1775 Χριστῷ
1682 1708 1773 1777 νή·

185 1795 299 1843 πιος
321 1798 339 1810 ·
378 1783 581 1837 ἔπειτα
614 1786 959 1857 δικαιώματα
990 1793 1213 1861 Κυρίου,
1239 1794 1547 1847 καὶτούτων
1583 1796 1769 1866 ἰδίωμα

183 1870 451 1940 προσθεὶς
483 1874 548 1926 τὸ
583 1872 728 1929 εἶναι
766 1878 905 1930 αὑτὰ
937 1879 1118 1943 εὐθέα,
1148 1883 1353 1953 καρπόν
1385 1901 1441 1936 τε
1469 1886 1577 1947 τοῖς
1609 1901 1769 1954 μετα·
1801 1856 1842 1909 Β

180 1960 537 2032 λαμϐάνουσι
599 1969 908 2038 παρεχοντα
962 1972 1060 2042 τὴν
1110 1973 1455 2042 εὐφροσύνην.
1519 1976 1626 2028 Καὶ
1679 1978 1770 2030 ἐπὶ

177 2052 398 2117 τούτοις
429 2055 659 2126 ἐντολὴν
686 2059 913 2128 Κυρίου,
940 2056 1006 2131 ἧς
1035 2063 1126 2114 καὶ
1151 2063 1315 2132 αὐτῆς
1343 2063 1400 2115 τὸ
1430 2064 1619 2134 ίδίωμα
1642 2083 1771 2135 παρο

178 2142 446 2213 ἔστησεν,
485 2145 739 2216 τηλαυγῆ
786 2149 962 2218 φήσας
1001 2150 1166 2219 αὐτὴν
1202 2152 1291 2202 καὶ
1339 2152 1443 2204 τῶν
1488 2153 1769 2224 ὀφθαλμῶν

178 2234 266 2302 τῆς
293 2234 506 2304 ψυχῆς
538 2238 898 2306 φωτιστικήν.
926 2238 1016 2307 Τῷ
1037 2240 1093 2291 δὲ
1126 2240 1272 2309 φόϐῳ
1303 2241 1396 2294 τοῦ
1425 2243 1623 2313 Κυρίου
1651 2261 1769 2297 συν-

178 2324 311 2394 ἧψεν
365 2326 478 2396 τὴν
524 2327 774 2395 ἁγνείαν,
825 2329 920 2381 καί
966 2332 1030 2399 τῇ
1075 2331 1261 2401 ἁγνείᾳ.
1295 2333 1391 2400 τὴν
1435 2332 1626 2403 διαρκῆ
1679 2337 1769 2387 καὶ

179 2415 405 2469 αίώνιον
442 2417 619 2487 ζωήν.
663 2417 774 2471 Καὶ
811 2419 906 2471 ἐπὶ
938 2421 1069 2472 πᾶσι
1108 2421 1200 2473 καὶ
1240 2421 1373 2489 μετὰ
1404 2423 1576 2475 πάντα
1612 2441 1771 2495 προσ-

180 2507 379 2577 έθηκεν
449 2508 554 2579 τὴν
594 2508 689 2563 τοῦ
736 2510 870 2561 Θεοῦ
922 2512 1119 2580 κρίσιν,
1168 2513 1366 2583 συνῆψέ
1397 2530 1454 2565 τε
1499 2515 1631 2585 αὑτῇ
1673 2516 1769 2586 τὴν

182 2595 458 2665 ἀλήθειαν
500 2597 599 2650 καὶ
629 2598 730 2667 τὴν
757 2598 1123 2667 δικαιοσύνην.

244 2687 724 2757 Παραπτιὶψατα
778 2690 870 2754 τίς
896 2690 1185 2755 amnica;
1232 2692 1299 2745 ἐκ
1350 2692 1464 2745 τῶν
1512 2696 1771 2762 κρυφίων

179 2793 289 2844 μου
318 2780 682 2845 καθάρισόν
703 2796 801 2846 με,
846 2780 943 2832 καί
978 2780 1093 2833 ἀπὸ
1122 2782 1444 2850 ἀλλοτρίων
1464 2784 1659 2852 φεῖσαι
1692 2784 1770 2850 τῷ

182 2864 387 2934 δούλῳ
422 2883 571 2920 σου.
609 2868 755 2921 Ἀντί
790 2868 850 2921 δὲ
895 2869 1010 2931 τοῦ,
1064 2870 1193 2923 Ἀπὸ
1224 2873 1548 2939 ἀλλοτρίων
1572 2874 1768 2942 φεῖσαι

182 2953 259 3018 τῷ
300 2954 529 3019 δούλῳ
574 2968 713 3019 σου,
751 2959 781 3009 ὁ
815 2957 1042 3020 ’Δκύλας
1086 2958 1343 3023 ἐξέδωκεο
1392 2964 1499 3014 Καί
1547 2979 1610 3031 γε
1652 2962 1768 3016 ἀπὸ

184 3046 605 3113 ὑπερηφάνω
641 3046 1035 3114 συντήρησον
1071 3048 1175 3099 τὸν
1218 3048 1435 3103 δοῦλόν
1471 3065 1601 3106 σου.
1637 3054 1769 3120 2'96-

184 3136 279 3205 δρα
305 3137 645 3204 ἀναγκαίως
680 3137 775 3190 καὶ
803 3136 1002 3207 ταύτην
1032 3137 1322 3209 ἐκπέμπων
1353 3140 1448 3211 τὴν
1483 3142 1662 3211 εὐχὴν,
1695 3142 1767 3206 ὡς
1796 3160 1839 3220 c

186 3225 249 3281 ἂν
270 3228 513 3299 ρυσθεὲη
536 3227 646 3281 ἀπὸ
668 3228 1064 3298 ὑπερηφανίας.
1098 3229 1303 3299 Ἐπειδὴ
1330 3230 1436 3300 γὰρ
1456 3235 1563 3294 τοῖς
1586 3250 1771 3304 κατορ-

191 3316 338 3370 θοῢσι
370 3316 696 3386 παρέπεταί
735 3332 823 3378 τις
849 3315 1103 3384 λογισμὸς
1130 3314 1379 3380 πολλάκις
1409 3319 1765 3389 ὑπερήφανος,

188 3405 573 3479 ιπαιρομένης
624 3407 719 3459 καὶ
782 3406 1149 3476 χαυνουμένης
1196 3408 1292 3477 τῆς
1343 3408 1515 3479 ψυχῆς
1562 3409 1643 3477 ἐφ’
1690 3406 1769 3474 οἷς

191 3497 351 3568 ἑαυτῇ
387 3498 639 3551 συνοῖδεν
680 3496 932 3563 ἀγαθοῖς
977 3491 1095 3549 εἶτα
1134 3496 1211 3566 τῷ
1258 3497 1357 3566 τῆς
1402 3499 1768 3570 ὑπερηφανίας

193 3587 574 3658 περιπεσοῦσα
623 3586 813 3656 κακῷ,
855 3586 999 3657 ἄλλῳ
1037 3588 1220 3658 τρόπῳ
1264 3589 1636 3659 τραχηλίξεται
1677 3593 1767 3645 καί

194 3678 556 3731 καταπίπτει·
606 3676 685 3739 ὡς
725 3677 813 3730 διὰ
854 3676 1010 3730 τοῦτο
1048 3676 1271 3746 φάσκειν
1301 3680 1390 3732 τὸν
1430 3679 1761 3734 Ἀπόστολονο

197 3769 318 3821 "lra
340 3771 428 3837 μὴ
453 3768 756 3837 τυφωθεὶς
776 3770 863 3833 εις
889 3768 1061 3837 κρῖμα
1084 3769 1309 3838 ἐμπέσῃ
1336 3770 1436 3825 τοῦ
1461 3770 1761 3826 διαϐόλου·

196 3858 506 3925 ἀναγκαίως
549 3856 864 3928 προειπώνο
902 3858 1009 3911 Καὶ
1060 3860 1167 3926 γὰρ
1205 3862 1238 3912 ὀ
1276 3859 1489 3925 δοῦλός
1515 3875 1629 3915 σου
1659 3879 1766 3930 φυ-

196 3946 409 4002 λάσσει
456 3948 642 4010 αὐτὰ,
692 3948 790 4000 καὶ
828 3946 1040 4014 φύλακα
1080 3947 1184 3999 τῶν
1226 3948 1318 4000 τοῦ
1363 3949 1495 4001 Θεοῦ
1543 3952 1765 4005 ἐντολῶν

199 4038 380 4101 ἑαυτὸν
422 4038 628 4099 εἰπὼν,
662 4036 894 4090 ἱκετεύει
936 4036 1192 4107 ρυσθῆναι
1229 4037 1336 4090 ἀπὸ
1374 4038 1762 4109 ὑπερηφανίας,

199 4129 291 4181 καὶ
315 4129 563 4198 ἐπιλέγει
582 4144 597 4159 ·
649 4127 789 4180 Ἐὰν
812 4125 897 4194 μή
931 4143 1048 4194 μου
1083 4129 1612 4194 κατακυριεύσωσι,
1635 4130 1765 4182 τότε

202 4216 427 4288 ἄμωμος
470 4221 700 4288 ἔσομαι
719 4255 735 4279 ,
778 4217 876 4271 καί
926 4219 1056 4270 τότε
1105 4216 1600 4286 καθαρισθήσομαι
1648 4219 1764 4272 ἀπὸ

200 4308 479 4377 ἁμαρτίας
500 4308 803 4380 μεγάλης.
841 4307 990 4369 Τέως
1015 4306 1110 4376 μὲν
1135 4306 1244 4377 γὰρ
1267 4307 1358 4359 ἐπὶ
1385 4300 1477 4359 τόὗ
1510 4308 1766 4379 παρόντος

202 4399 252 4451 sl
273 4402 360 4454 καί
382 4402 611 4470 φύλακα
642 4398 883 4468 ἐμαυτὸν
914 4396 1105 4467 εἴρηκα
1145 4397 1251 4449 τῶν
1277 4397 1370 4450 τοῦ
1401 4396 1529 4449 Θεοῦ
1560 4414 1765 4468 παραγ-

204 4467 505 4558 τελμάτων,
534 4490 659 4543 ἀλλ’
682 4467 817 4539 ἐπεὶ
836 4486 1043 4539 οὐδέπω
1069 4486 1275 4540 συνοϊδα
1290 4487 1506 4556 ἐμαυτῷ
1532 4467 1762 4541 κεκαθα-
1794 4467 1838 4522 Ῑ)

217 4581 432 4651 ρισμὲνῳ
453 4583 521 4634 ἐκ
547 4580 663 4632 τῶν
694 4576 940 4648 κρυφίων
979 4593 1098 4645 μου,
1120 4576 1200 4628 ἔτι
1230 4577 1274 4629 δ’
1300 4577 1510 4645 ἀγωνιῶ
1541 4577 1632 4630 καὶ
1666 4594 1762 4631 πε-

217 4667 456 4736 φρόντικα
480 4672 559 4733 ὡς
596 4669 669 4722 ἂν
705 4666 959 4737 ρυσθείην
989 4666 1095 4719 ἀπὸ
1126 4666 1510 4737 ὑπερηφανίας,
1546 4669 1763 4731 εἰκότως

216 4756 371 4825 φημὶ,
394 4760 484 4812 az:
517 4757 753 4829 μηδέπω
771 4756 832 4807 τὸ
852 4755 1050 4806 τέλειον
1069 4754 1431 4822 καθορθώσας.
1467 4756 1595 4808 Τότε
1618 4758 1763 4827 ἀκρι-

212 4844 324 4909 ϐῶς
339 4850 615 4919 γνώσομαι
634 4844 870 4915 ἐμαυτὸν
892 4842 1135 4913 ἄμωμον,
1153 4846 1243 4896 καὶ
1261 4845 1380 4897 τότε
1398 4844 1503 4897 ἀπὸ
1527 4846 1761 4916 μεγάλης

211 4933 677 5008 καθαρισθήσομαι
705 4932 999 5004 ἁμαρτίας,
1039 4932 1252 4985 ἐπειδὰν
1289 4934 1424 5002 μήτε
1452 4934 1519 4986 τὰ
1558 4933 1763 5004 κρύφια

217 5038 318 5092 μοι)
343 5023 829 5096 κατακυριεύσωσι,
866 5022 999 5091 μήτε
1019 5021 1270 5091 λογισμὸς
1296 5022 1638 5091 ὑπερήφανος
1665 5040 1762 5076 και

214 5110 524 5167 τιδουλώσει
574 5129 679 5183 με,
726 5111 760 5182 ἢ
810 5110 1034 5181 πονηροὶ
1085 5111 1373 5179 δαίμονες.-
1417 5111 1667 5182 Μεγάλην
1705 5113 1761 5167 δὲ

221 5204 477 5272 ἁμαρτίαν
519 5205 620 5275 τὴν
661 5202 1157 5271 ἁποτελεσματικήν
1191 5201 1266 5269 (l)
1319 5215 1497 5269 φησιν.
1544 5202 1606 5254 Εἰ
1654 5203 1759 5273 γὰρ

221 5290 297 5361 μὴ
320 5295 422 5347 ἀπὸ
448 5295 554 5349 τῶν
595 5293 841 5366 κρυφίων
876 5308 976 5362 μου
1008 5288 1410 5360 καθαρισθείην,
1441 5291 1754 5360 ἐπιμένοντα

292 5470 384 5523 ιιι
409 5472 546 5529 Tim.
580 5490 663 5539 In,
692 5474 746 5527 6.

1875 636 1923 679 et
1948 625 2170 693 lapidem
2198 625 2477 692 pretiosum
2507 624 2747 689 multum,
2779 636 2827 679 et
2868 626 3103 683 dulciora
3134 646 3286 699 super
3317 637 3416 685 mrt

1875 728 1921 770 et
1952 718 2144 786 favum.
2178 715 2380 769 Etenim
2409 732 2581 769 servus
2619 726 2736 769 tuus
2767 718 2989 771 custodit
3023 736 3084 773 ea
3106 721 3204 783 ,.in
3235 730 3410 777 custo-

1875 805 2073 860 diendis
2130 805 2236 859 illis
2286 806 2557 858 retributio
2608 807 2792 861 multa.
2835 805 2959 862 Haec
3005 818 3181 863 autem
3230 809 3409 865 omnia

1874 895 2243 963 complectitur
2268 895 2352 948 lex
2392 894 2483 947 Dei
2527 909 2624 963 pro
2654 896 3012 951 conversione
3041 899 3232 952 anima:
3262 900 3406 954 dats.

1874 982 2005 1037 Nam
2042 984 2213 1052 primo
2236 983 2561 1045 testimonia,
2610 983 3023 1051 justiﬁcationes
3059 994 3112 1039 et
3152 997 3409 1057 prmcepta

1872 1070 2134 1125 continet.
2185 1068 2280 1123 His
2324 1059 2514 1123 deinde
2571 1070 2819 1126 omnibus
2849 1072 3090 1127 timorem
3121 1076 3409 1143 appendit,

1871 1161 2024 1228 quasi
2047 1161 2293 1213 baculum
2330 1161 2395 1213 ad
2418 1160 2831 1215 convertendum
2861 1171 3254 1231 opportunum:
3292 1179 3409 1219 om-

1873 1249 2136 1317 nibusque
2160 1249 2363 1317 judicia
2394 1249 2487 1304 Dei
2524 1264 2621 1304 ceu
2654 1251 2959 1305 coronidem
2992 1252 3256 1320 adjunxit.
3287 1251 3411 1307 Sin-

1871 1340 2010 1410 gulis
2036 1347 2211 1394 autem
2232 1340 2663 1409 supradictorum
2698 1355 2851 1396 suam
2887 1342 3092 1395 addidit
3120 1343 3411 1412 proprieta-

1873 1440 1997 1495 tem,
2029 1430 2081 1483 id
2120 1438 2222 1495 est,
2248 1432 2348 1501 legi
2378 1448 2496 1501 quce
2527 1432 2613 1485 bic
2654 1434 2945 1502 generatim
2988 1432 3237 1501 effertur,
3288 1449 3412 1488 con.

1870 1522 2166 1576 versionem
2215 1524 2423 1576 animm.
2472 1523 2590 1589 Quo
2641 1533 2795 1591 pacto
2845 1532 3019 1578 autem
3070 1533 3413 1579 convertatur

1871 1612 2068 1678 anima,
2106 1612 2159 1664 in
2186 1613 2533 1681 sequentibus
2564 1614 2762 1681 aperit,
2799 1613 3014 1682 quando
3043 1614 3408 1669 testimonium

1871 1701 2023 1757 fidele
2053 1711 2331 1769 memorat,
2362 1719 2469 1773 quo
2497 1704 2673 1773 quivis
2720 1702 2900 1757 infans
2944 1705 2995 1756 in
3039 1704 3285 1766 Christo,
3321 1719 3410 1759 sa-

1872 1794 2020 1861 piens
2049 1794 2299 1849 efﬁcitur.
2337 1794 2534 1848 Deinde
2564 1809 2689 1848 vero
2731 1794 3147 1863 juStiﬁcationes
3177 1794 3408 1856 Domini.

1868 1885 2063 1954 quibus
2096 1885 2219 1939 item
2252 1901 2403 1939 suam
2459 1886 2837 1955 proprietatem
2880 1885 3102 1955 adjicit,
3157 1887 3411 1940 nimirum

1868 1975 2009 2044 quod
2055 1982 2212 2029 recta!
2241 1974 2383 2037 sint,
2433 1990 2495 2028 ac
2530 1976 2610 2027 sui
2646 1975 2999 2043 participibus
3047 1975 3243 2028 latitia:
3304 1974 3414 2029 fru-

1869 2072 2011 2118 ctum
2042 2065 2271 2133 pariant.
2302 2063 2381 2117 Ad
2410 2064 2541 2127 haec,
2572 2071 2893 2133 praeceptum
2946 2064 3158 2118 Domini
3187 2104 3202 2127 ,
3252 2064 3411 2133 cujus

1869 2151 2079 2223 quoque
2107 2154 2481 2223 proprietatem
2508 2154 2827 2221 declaravit,
2860 2154 2986 2207 dum
3035 2154 3272 2208 lucidum
3319 2154 3404 2208 di-

1868 2244 1937 2297 cit
1965 2258 2103 2306 essc,
2128 2245 2423 2312 animmque
2455 2245 2641 2299 oculos
2683 2244 3008 2298 illuminare.
3040 2243 3242 2298 'I’imori
3295 2242 3405 2298 Do-

1869 2333 1997 2386 mini
2028 2334 2307 2402 subjunxit
2338 2334 2672 2397 castitatem,
2726 2343 2780 2387 et
2812 2334 3047 2388 castitati
3098 2340 3406 2401 perpetuam

1866 2434 2224 2494 tetcrnamque
2258 2426 2443 2478 vitam.
2504 2422 2725 2478 Demum
2759 2439 2920 2492 supra
2972 2418 3160 2477 omnia
3199 2430 3254 2478 et
3289 2430 3410 2492 post

1867 2515 2045 2568 omnia
2070 2514 2333 2583 judicium
2369 2513 2457 2568 Dei
2490 2513 2715 2577 addidit,
2745 2514 2832 2567 cui
2863 2513 3137 2568 veritatem
3164 2521 3218 2567 et
3249 2513 3409 2582 justi-

1870 2604 1996 2656 tiam
2030 2604 2285 2657 annectit.

1937 2692 2099 2749 Vaas.
2120 2694 2205 2755 15,
2232 2694 2314 2747 14.
2334 2691 2532 2746 Delicta
2546 2693 2658 2761 quis
2679 2692 2952 2761 intelliget?
2969 2691 3033 2745 ab
3058 2692 3268 2746 occultis
3283 2694 3408 2746 meis

1868 2784 2062 2835 munda
2091 2800 2190 2846 me,
2213 2791 2262 2836 et
2287 2782 2350 2836 cb
2372 2783 2558 2837 alienis
2585 2797 2735 2850 parce
2770 2799 2911 2836 seruo
2938 2792 3046 2836 tuo.
3085 2783 3232 2838 illius
3265 2782 3404 2847 loco,

1864 2878 1928 2928 ab
1959 2872 2143 2927 alienis
2171 2889 2323 2942 parce
2346 2891 2491 2928 servo
2517 2884 2625 2938 tuo,
2655 2873 2845 2944 Aquila
2873 2873 3060 2933 edidit.
3089 2884 3139 2927 et
3169 2891 3202 2927 a
3230 2889 3408 2941 super-

1869 2960 1946 3014 bis
1979 2963 2182 3017 custodi
2212 2980 2413 3017 servum
2443 2973 2604 3017 tuum.
2647 2961 2946 3017 Admodum
2976 2978 3199 3018 necesse
3225 2963 3326 3017 fuit
3349 2972 3405 3018 ut
3487 3026 3498 3038 .

1867 3053 2007 3107 hanc
2034 3054 2304 3109 emitteret
2331 3055 2650 3120 orationem,
2674 3067 2781 3123 quo
2816 3066 2846 3105 a
2873 3052 3125 3122 superbia
3149 3053 3404 3108 liberare-

1871 3148 1973 3193 tur.
2003 3139 2442 3210 Quandoquidem
2470 3158 2585 3208 eos,
2611 3142 2704 3211 qui
2732 3155 2853 3196 sese
2892 3143 3059 3209 probe
3087 3156 3150 3196 ac
3188 3150 3406 3196 strenue

1868 3237 2082 3299 gerunt,
2114 3232 2353 3300 quaedam
2396 3232 2707 3301 plerumque
2752 3230 2984 3298 superba
3023 3231 3271 3299 cogitatio
3317 3245 3404 3286 se—

1867 3321 2083 3389 quitur;
2113 3321 2239 3375 dum
2268 3323 2446 3375 anima
2490 3323 2752 3376 bonorum
2782 3336 3001 3390 operum
3035 3320 3137 3374 sibi
3163 3320 3399 3380 conscia.

1867 3414 2141 3469 extollitur
2167 3428 2229 3468 ac
2250 3413 2529 3484 magnifice
2560 3414 2625 3467 de
2647 3428 2704 3467 se
2734 3414 2899 3467 sentit
2923 3430 2938 3477 ;
2972 3409 3165 3466 deinde
3197 3426 3327 3466 vero
3347 3412 3403 3466 it:

1868 3504 2129 3573 superbia:
2154 3505 2352 3558 malum
2392 3504 2633 3574 delapsa,
2666 3504 2770 3557 alia
2807 3517 3021 3572 quoque
3047 3502 3253 3558 ratione
3272 3517 3401 3572 pro-

1867 3593 2123 3647 sternitur
2164 3607 2227 3647 ac
2257 3592 2490 3659 decidit;
2529 3593 2753 3661 ideoque
2784 3592 2857 3645 ait
2885 3592 3172 3661 Apostolus
3201 3592 3284 3642 ’δι
3320 3590 3399 3645 Ne

1864 3679 1917 3732 in
1941 3679 2236 3749 superbiam
2263 3679 2453 3743 elatus,
2478 3680 2533 3731 in
2552 3677 2805 3747 judicium
2829 3677 3024 3731 incidat
3047 3675 3276 3730 diaboli:
3307 3691 3401 3732 nec

1863 3770 2097 3825 cessarin
2122 3784 2252 3824 sane
2279 3778 2562 3839 postquam
2583 3769 2808 3830 dixerat,
2831 3768 3015 3821 etenim
3057 3782 3231 3820 seruus
3282 3776 3398 3820 tuus

1864 3858 2088 3912 custodit
2112 3874 2194 3920 ea,
2219 3871 2282 3911 ac
2312 3873 2432 3912 sese
2463 3856 2554 3911 Dei
2586 3866 2971 3926 praeceptorum
3003 3856 3259 3909 cultorem
3285 3869 3401 3923 pro-

1865 3949 2040 4003 fessus
2064 3956 2179 4002 erat
2199 3987 2214 4011 ,
2248 3947 2381 4017 eripi
2407 3963 2466 4003 se
2496 3954 2650 4017 rogat
2674 3961 2708 4003 a
2740 3945 2990 4013 superbia
3014 3984 3030 4008 ,
3081 3953 3240 4014 atque
3268 3946 3398 4001 sub-

1864 4032 2060 4086 infert:
2112 4031 2172 4086 Si
2215 4033 2312 4085 mei
2344 4049 2444 4086 non
2490 4033 2683 4100 fuerint
2722 4031 3014 4093 deminuti,
3061 4040 3180 4084 tunc
3213 4032 3397 4086 imma-

1863 4123 2065 4176 culatus
2092 4138 2179 4177 ero
2201 4161 2217 4186 ,
2262 4131 2312 4176 et
2341 4132 2461 4176 tunc
2488 4121 2806 4177 emundacor
2846 4137 2880 4174 a
2908 4120 3093 4174 delicto
3146 4122 3393 4176 maxime.

1864 4212 1975 4269 Etsi
2019 4215 2403 4279 hactenusvme
2445 4222 2604 4283 atque
2636 4214 2689 4267 in
2723 4216 2968 4283 praesenti
3014 4222 3396 4280 prmceptorum

1863 4303 1956 4358 Dei
1988 4305 2244 4359 cultorem
2290 4305 2434 4371 dixi;
2489 4311 2543 4357 at
2594 4319 2716 4357 cum
2770 4319 2856 4357 me
2892 4302 2960 4355 ab
3009 4302 3235 4356 occultis
3265 4300 3400 4356 meis

1863 4404 2142 4465 purgatum
2172 4394 2406 4448 nondum
2436 4396 2623 4458 sciam,
2654 4393 2829 4448 adhuc
2851 4394 2906 4447 in
2936 4397 3225 4447 certamine
3253 4391 3397 4461 posi-

1864 4492 1974 4547 tus,
2020 4499 2083 4539 ac
2128 4484 2390 4540 sollicitus
2438 4492 2561 4537 uta
2591 4483 2839 4553 superbia
2884 4486 3110 4554 eripiar,
3158 4486 3280 4555 jure
3333 4497 3395 4537 ac

1860 4574 2049 4628 merito
2069 4574 2148 4628 sic
2178 4574 2394 4643 loquor,
2429 4582 2611 4643 utpote
2640 4576 2731 4645 qui
2757 4576 2993 4630 nondum
3022 4576 3088 4631 ad
3120 4583 3312 4631 metam
3336 4580 3392 4629 et

1858 4664 1922 4717 ad
1955 4665 2333 4733 perfectionem
2362 4664 2683 4734 pertigerim.
2714 4664 2867 4720 Tunc
2895 4681 2980 4720 me
3016 4668 3170 4735 plane
3203 4666 3395 4718 imula-

1857 4755 2091 4808 culatum
2119 4770 2336 4811 noscam
2362 4793 2378 4818 ,
2407 4762 2533 4809 tunc
2559 4755 2889 4810 cmundabor
2920 4770 2951 4809 a
2980 4756 3179 4809 delicto
3223 4754 3395 4808 maxi-

1859 4860 1966 4908 mo,
1993 4861 2114 4900 cum
2144 4848 2356 4901 occulta
2388 4847 2489 4901 mei
2517 4861 2622 4900 non
2657 4845 3110 4909 dominabuntur,
3148 4860 3269 4899 cum
3297 4859 3392 4900 su-

1855 4935 2019 5003 perba
2055 4936 2309 5005 cogitatio
2332 4951 2395 4990 ac
2433 4936 2652 5005 maligni
2678 4938 2946 4991 daemones
2993 4949 3078 4988 me
3119 4934 3390 4989 subditum

1857 5041 1965 5079 non
1990 5026 2321 5081 detinel‘unt.
2366 5025 2659 5079 Maximum
2716 5039 2876 5095 porro
2920 5023 3171 5079 delictum
3199 5031 3390 5086 vocat.

1857 5116 2345 5183 apotelesmaticen,
2372 5115 2485 5169 sive
2518 5116 2856 5183 astrologiam
2876 5112 3236 5182 iudiciariam.
3257 5112 3389 5168 Nam

1856 5205 1902 5260 si
1928 5205 1994 5259 ab
2024 5205 2252 5261 occultis
2280 5207 2413 5260 meis
2441 5204 2762 5259 emundatus
2807 5219 2915 5259 non
2972 5205 3183 5269 fuerim,
3207 5198 3391 5259 isthac

1854 5295 2047 5350 delicta
2077 5295 2130 5348 in
2163 5310 2249 5351 me
2287 5295 2651 5365 permanentia
2679 5296 2733 5350 in
2762 5310 2983 5364 pravum
3011 5297 3278 5367 quoddam
3310 5293 3391 5350 ia-

299 5646 381 5715 (ι)
413 5647 538 5713 Qua:
565 5648 651 5701 hic
670 5648 735 5701 de
754 5645 1182 5720 apotclcsmatica
1210 5640 1484 5707 dicuntur,
1512 5655 1638 5700 cum
1659 5646 2001 5715 sequentibus
2036 5656 2144 5700 non
2163 5645 2478 5704 congruunt.
2519 5639 2698 5707 Quare
2757 5641 3155 5700 cubodoramur
3188 5638 3385 5714 aliqua

231 5736 460 5805 inferius
484 5741 758 5797 excidisse.
