3782 6338
757 363 855 418 125

1459 361 1714 416 EUSEBII
1755 358 2220 414 CAZSABIENSIS
2257 360 2402 416 OPP.
2436 360 2610 414 PARS
2643 358 2728 414 Ill.
2771 358 3256 415 EXEGETICA
3279 400 3297 412 .

749 476 904 529 cuius
937 491 1018 530 me
1059 457 1364 546 conjicient,
1403 490 1600 543 eroque
1633 489 1827 542 magno
1877 483 2094 540 peccato
2121 475 2242 528 obm

1879 483 2094 540 peccato
2121 475 2288 528 Obno-
2314 482 2357 537 Α
2386 473 2552 526 ταῦτα
2602 471 2667 523 τὰ
2708 470 3217 540 παραπτώματα
3293 469 3372 519 εἰ

749 580 892 618 Χιυε.

823 654 983 710 Vens.
1021 657 1104 708 15.
1149 653 1213 706 Et
1235 664 1382 706 erunt
1424 655 1475 705 in
1519 653 1894 720 beneplacitum
1940 653 2144 722 eloquia
2189 655 2293 705 oris

752 747 868 798 mei.
898 745 1030 798 Cum
1065 745 1174 798 haec
1205 744 1332 795 mihi
1366 743 1461 796 abs
1487 751 1535 796 te
1556 743 1749 796 collata
1771 742 1989 806 fuerint,
2025 753 2150 796 tunc
2179 743 2290 796 elo-

753 838 876 905 quia
904 837 1012 888 oris
1043 835 1166 896 mei,
1195 847 1310 901 qua:
1337 832 1606 900 precando
1626 873 1639 896 ,
1682 841 1735 886 te
1765 832 1976 902 hymnis
2018 831 2294 884 celebran-

751 928 840 988 do,
865 926 1063 993 gratias
1091 924 1184 976 tibi
1215 922 1419 992 agendo
1453 923 1643 985 obtuli,
1675 923 1873 990 placita
1895 923 1989 975 tibi
2011 931 2190 976 erunt.
2221 922 2292 973 Ea

751 1031 876 1070 vero
908 1015 1100 1083 placita
1147 1013 1359 1082 eloquia
1422 1020 1589 1075 sunt,
1644 1029 1763 1082 quae
1803 1013 2191 1082 approbatione
2242 1019 2295 1066 et

751 1107 906 1160 laude
935 1106 1112 1175 digna.
1165 1105 1233 1159 Et
1274 1106 1542 1159 meditatio
1581 1106 1751 1158 cordis
1793 1106 1895 1158 mei
1940 1107 1995 1157 in
2027 1113 2294 1173 conspectu

750 1205 836 1248 tuo
865 1204 940 1248 est
965 1209 1176 1259 semper.
1202 1193 1470 1248 Meditatio
1497 1194 1691 1248 mentis
1713 1208 1862 1256 meae,
1881 1207 1998 1261 quae
2019 1192 2073 1245 in
2096 1192 2296 1260 cogita-

749 1287 985 1340 tionibus
1013 1294 1064 1339 et
1091 1285 1254 1338 animi
1302 1285 1550 1340 sensibus
1593 1283 1886 1351 perﬁcitur,
1907 1297 2026 1341 cum
2061 1283 2129 1335 sit
2151 1281 2295 1334 omni

749 1378 906 1446 culpa
953 1377 1225 1440 immunis,
1255 1377 1306 1428 in
1348 1383 1638 1443 conspectu
1691 1384 1785 1428 tuo
1823 1385 1903 1429 est
1933 1389 2160 1442 semper.
2189 1373 2296 1426 Me-

751 1467 940 1522 ditatio
961 1483 1089 1522 sane
1111 1483 1214 1520 non
1244 1466 1459 1520 aliunde
1489 1481 1651 1534 quam
1683 1465 1777 1519 abs
1811 1473 1863 1519 te
1892 1465 2160 1533 inculpata
2177 1478 2296 1518 esse

753 1560 908 1621 talet,
931 1559 1020 1627 qui
1045 1574 1128 1612 me
1152 1559 1217 1611 ab
1243 1559 1468 1612 occultis
1498 1557 1631 1611 meis
1661 1555 1986 1611 emundasti.

821 1648 1060 1710 Domine,
1094 1649 1306 1717 adjutor
1337 1666 1476 1702 meus
1511 1660 1556 1702 et
1583 1648 1868 1716 redemptor
1897 1662 2058 1700 meus.
2084 1643 2158 1699 Te
2185 1645 2297 1713 opi-

749 1739 978 1801 tulante,
1016 1738 1270 1802 Domine;
1303 1755 1332 1792 a
1372 1739 1582 1794 nemine
1613 1738 1894 1791 adversum
1929 1751 2013 1790 me
2046 1735 2298 1804 spiritua-

2395 565 2564 633 φέρει,
2594 560 2685 614 xui.
2716 561 2942 629 γίνομαι
2983 559 3390 612 ὑπεύθυνος

2462 653 2563 706 Καὶ
2596 651 2830 703 ἔσονται
2857 653 2960 713 εὶς
3002 648 3397 701 εὐδοκίαι-

2392 742 2491 804 τός
2519 756 2653 807 μου.
2692 738 2852 789 Ὅταν
2898 734 3142 788 ταῦτά
3211 752 3340 803 μοι

2392 831 2543 897 λόγια
2587 827 2676 882 τοῦ
2714 826 3004 896 στόματός
3053 842 3200 894 μου
3251 825 3300 877 ἂ
3338 843 3416 894 π,

2395 921 2572 990 ὑμνῶν
2616 938 2693 983 σε,
2726 917 3122 988 εὐχαριστῶν
3198 933 3342 979 σοι,
3409 936 3418 963 ι

2393 1011 2630 1063 εὐδοκίαν
2661 1009 2716 1061 δέ
2745 1012 2890 1060 ἐστιν
2921 1009 3014 1060 τὰ
3062 1008 3277 1074 λόγια
3322 1007 3418 1058 τὰ

2385 1101 2601 1169 μελέτη
2649 1099 2756 1167 τῆς
2796 1099 3094 1166 καρδίας
3145 1115 3311 1166 μου
3381 1097 3417 1147 ἐ

2392 1192 2631 1255 παντός.
2675 1191 2736 1241 Ἡ
2773 1189 2986 1258 μελέτη
3017 1188 3143 1241 τοῦ
3176 1189 3418 1257 διανοη

2392 1280 2664 1349 λογισμοῖς
2694 1279 2786 1330 καὶ
2815 1280 3157 1347 votis-33w,
3207 1277 3418 1338 ἐκτὸς

2392 1369 2614 1423 ἐνώπιόν
2644 1386 2734 1421 σου
2762 1370 3048 1437 τυγχάνει
3094 1366 3208 1420 διὰ
3245 1385 3418 1420 παντ

2392 1463 2548 1531 λέτης
2596 1462 2878 1531 ἄμεμπτον
2914 1461 3037 1512 οὐκ
3090 1459 3375 1513 ἄλλοθεν

2397 1552 2784 1624 καθαρίσαντός
2815 1569 2884 1620 με
2921 1551 3053 1603 ἀπὸ
3091 1552 3222 1604 τῶν
3268 1567 3416 1617 κρυ

2471 1645 2666 1711 Κύριε,
2687 1642 2874 1708 ,βοηθέ
2887 1661 3025 1709 μου
3053 1642 3171 1695 καὶ
3199 1645 3416 1707 λυτρι

2395 1751 2502 1798 τος,
2528 1728 2571 1785 ὦ
2607 1734 2856 1794 δέσποτα,
2897 1733 3100 1784 οὐδενὶ
3153 1731 3416 1783 ὑποπίπ

752 1828 872 1882 liter
899 1828 1128 1881 bellante
1180 1837 1510 1896 prosternar.
1544 1825 1694 1891 Quod
1739 1827 1782 1879 si
1830 1841 1959 1879 casu
1991 1824 2245 1878 eveniarl

1927 1842 1959 1877 ιι
1991 1824 2206 1878 eveniar
2233 1830 2289 1876 ut
2322 1817 2364 1875 Β
2395 1823 2926 1894 προσπολεμούντων.
2988 1823 3062 1873 El
3108 1821 3175 1872 δὲ
3222 1821 3336 1872 καὶ
3394 1839 3415 1870 τ

753 1917 1240 1972 inconsideratione
1278 1933 1395 1970 mea
1425 1917 1492 1970 ab
1524 1915 1842 1969 adversariis
1875 1914 2198 1982 intercipiat,
2230 1921 2286 1966 tu

751 2022 836 2061 me
867 2023 896 2062 e
923 2009 1170 2063 manibus
1199 2023 1382 2061 eorum
1415 2008 1678 2069 redimas,
1712 2006 1803 2074 qui
1842 2019 1947 2058 una
1987 2003 2199 2071 adjutor
2226 2018 2288 2057 ac

751 2098 1057 2165 redemptor
1085 2113 1206 2152 esse
1235 2097 1670 2166 deprehenderis.

891 2208 942 2260 l.
993 2207 1059 2259 IN
1096 2207 1343 2271 FINEM,
1392 2204 1708 2260 PSALMUS
1755 2203 1960 2258 DAVlD
2007 2203 2148 2257 XIX.

822 2295 985 2351 Vsns.
1038 2297 1110 2349 2·
1140 2298 1193 2351 4.
1234 2297 1499 2349 Exaudiat
1531 2304 1576 2348 te
1610 2295 1862 2348 Dominus
1899 2296 1956 2347 in
1999 2295 2081 2346 die
2127 2293 2289 2346 tribu-

751 2388 994 2450 lationis,
1044 2396 1276 2456 protegat
1312 2396 1356 2440 te
1403 2403 1583 2440 nomen
1625 2386 1721 2438 Dei
1773 2385 1957 2440 Jacob.
1986 2385 2164 2437 Mittat
2199 2383 2289 2436 tibi

751 2476 1008 2528 auxilium
1027 2477 1089 2530 de
1107 2485 1307 2540 sancto,
1332 2486 1380 2529 et
1409 2476 1470 2528 de
1505 2476 1632 2528 Sion
1662 2485 1870 2528 tueatur
1901 2485 1966 2528 te.
1997 2473 2195 2527 Memor
2223 2475 2288 2527 sit

751 2568 917 2618 omnis
940 2567 1189 2635 sacriﬁcii
1223 2567 1318 2628 tui,
1338 2575 1385 2619 et
1410 2566 1768 2619 holocaustum
1799 2575 1942 2618 tuum
1970 2566 2154 2634 pingue
2173 2565 2286 2632 fiat.

751 2656 1081 2726 Diapsalma.
1117 2657 1363 2711 Psalmus
1393 2656 1607 2725 quidem
1631 2695 1644 2718 ,
1680 2663 1739 2708 ut
1786 2656 2135 2723 inscriptione
2181 2652 2288 2707 fero

751 2757 863 2811 tur,
894 2747 1080 2802 Davidi
1110 2746 1421 2800 attribuitur
1446 2765 1457 2798 :
1491 2747 1670 2799 animo
1697 2751 1875 2798 autem
1901 2751 2140 2812 reputes,
2163 2757 2289 2796 num

755 2837 802 2890 si
833 2836 1056 2890 historia
1087 2843 1377 2897 spectetur,
1409 2834 1511 2887 alia
1542 2833 1925 2901 sitcujuspiam
1959 2831 2150 2892 oratio,
2174 2845 2290 2900 quae

755 2927 973 2981 Davidis
1003 2927 1451 2995 supplicationum
1494 2923 1729 2991 adjutrix
1760 2923 1849 2976 sit.
1881 2921 1983 2985 Qui
2013 2919 2176 2974 David
2203 2935 2292 2974 ro-

759 3021 850 3084 gat
869 3014 1242 3082 obsecratque,
1276 3022 1334 3065 ut
1360 3012 1498 3076 Deus
1529 3010 1630 3064 sibi
1661 3017 1900 3064 servator
1930 3008 2178 3072 assistat,
2227 3022 2290 3063 ac

755 3115 939 3160 contra
964 3103 1211 3157 inimicos
1245 3117 1428 3157 secum
1458 3102 1715 3154 decertet.
1749 3098 2052 3152 Verisimile
2095 3098 2291 3166 quippe
2317 3137 2358 3192 ο

752 3203 856 3259 est,
887 3194 935 3249 ei
965 3193 1050 3248 his
1091 3192 1420 3247 incumbenti
1449 3192 1674 3245 chorum
1713 3197 2022 3242 sanctorum
2069 3189 2290 3258 angelo-

751 3299 893 3346 rum,
914 3284 1286 3353 religiosorum
1317 3283 1613 3342 hominum,
1642 3294 2026 3348 sacrorumque
2053 3278 2143 3332 Dei
2186 3279 2288 3331 mi-

751 3375 1046 3428 nistrorum
1093 3373 1302 3436 adesse,
1336 3388 1440 3425 una
1469 3387 1590 3425 cum
1639 3371 1730 3423 illo
1775 3369 2022 3439 precari,
2074 3375 2127 3422 et
2180 3367 2291 3421 haec

754 3464 938 3518 omnia
967 3464 1127 3518 simul
1158 3462 1398 3531 proferre
1427 3480 1440 3514 ι
1483 3458 1748 3512 Exaudiat
1778 3469 1823 3511 te
1851 3457 2100 3511 Dominus
2123 3458 2178 3510 in
2210 3457 2291 3510 die

752 3553 1417 3613 tribulationis,etc;etera;
1444 3547 1744 3615 atqueillud
1768 3547 1927 3600 item:
1955 3544 2023 3597 Et
2050 3544 2184 3597 adsit
2199 3544 2291 3596 tibi

761 3660 942 3698 nomen
973 3641 1069 3692 Dei
1094 3639 1278 3691 Iacob.
1325 3638 1419 3690 Est
1456 3638 1601 3689 enim
1633 3637 1757 3689 talis
1779 3636 2048 3689 invocatio
2069 3644 2122 3690 et
2149 3651 2290 3690 com-

753 3733 968 3804 pellatio
1001 3729 1066 3782 ad
1113 3725 1503 3798 propulsandos
1520 3739 1705 3778 omnes
1726 3724 1974 3777 inimicos
1991 3727 2142 3778 satis.
2166 3724 2288 3778 Haec

753 3835 860 3877 non
889 3820 987 3874 soli
1015 3818 1198 3870 Davidi
1227 3822 1551 3884 competunt;
1575 3816 1664 3870 sed
1695 3815 1852 3869 etiam
1872 3813 2087 3866 cuilibet
2114 3813 2286 3876 alteri,

756 3912 848 3980 qui
877 3910 929 3962 in
949 3908 1111 3963 simili
1139 3922 1266 3961 casu
1290 3922 1385 3976 per
1410 3906 1704 3962 orationem
1739 3903 2034 3972 spiritualia
2079 3910 2132 3956 et
2156 3918 2288 3970 pura

757 3999 862 4055 Deo
893 3999 1153 4054 sacriﬁcia
1187 3999 1412 4062 emittit;
1445 3997 1528 4050 cui
1551 4037 1565 4061 ,
1609 4002 1668 4048 ut
1706 4008 1803 4063 par
1836 4002 1938 4056 est,
1971 4007 2134 4046 sacra:
2186 3993 2289 4045 illa:

754 4088 1002 4149 virtutes,
1026 4097 1078 4142 ct
1099 4095 1406 4141 sanctorum
1426 4085 1733 4154 angelorum
1759 4082 1908 4135 chori
1931 4097 2036 4135 una
2072 4080 2284 4146 adsunt,

753 4177 1056 4230 orationum
1098 4192 1160 4230 ac
1202 4174 1634 4243 deprecationum
1685 4172 1814 4226 socii
1867 4179 1920 4224 et
1957 4170 2246 4239 adjutores.

828 4264 989 4320 Vens.
1049 4265 1168 4319 5-7.
1241 4263 1455 4318 Tribuat
1522 4263 1614 4314 tibi
1678 4261 1928 4314 Dominus
2009 4260 2286 4313 secundum

753 4376 843 4414 cor
882 4369 1044 4421 tuum,
1076 4365 1123 4409 et
1150 4372 1296 4408 omne
1321 4353 1590 4406 consilium
1623 4360 1766 4404 tuum
1796 4352 2081 4418 conﬁrmet.
2115 4349 2287 4404 Laeta—

2390 1914 2585 1967 ἁλῶναι
2606 1917 2715 1975 τοῖς
2739 1912 3012 1974 ἐναντίοις
3043 1911 3283 1980 συμϐῇ,
3317 1912 3396 1963 σύ

2386 2021 2490 2056 των
2517 2002 2819 2074 λυτροῦσαι,
2862 2001 2989 2070 ἅμα.
3044 2000 3268 2070 βοηθὸς
3326 2019 3409 2053 κα

2396 2110 2570 2163 μενος.

2540 2201 2650 2254 ΕΙΣ
2683 2202 2767 2252 ΤΟ
2806 2201 3058 2266 ΤΕΛΟΣ,
3103 2199 3414 2252 ΨΑΛΜΟ)

2469 2291 2819 2344 Ἐπακούσαι
2865 2308 2988 2344 σου
3041 2291 3283 2358 Κύριος
3345 2292 3413 2341 ἐι

2389 2381 2786 2447 ὑπερασπίσαι
2812 2397 2926 2433 σου
2957 2381 3026 2432 τὸ
3063 2381 3266 2448 ὄνομα
3300 2382 3412 2434 τοί

2389 2473 2732 2527 ἀποστείλαι
2774 2488 2870 2524 σοι
2915 2471 3227 2536 ,βοήθειαν
3269 2473 3348 2537 ἐξ
3385 2494 3412 2527 ο

2390 2559 2757 2613 ἀντιλάϐοιτό
2805 2575 2938 2613 σου.
2981 2564 3308 2628 Illa-110081717
3349 2579 3412 2614 πί

2387 2649 2484 2701 καὶ
2509 2649 2572 2702 τὸ
2595 2651 2975 2719 ὁλοκαύτωμά
3003 2668 3122 2705 σου
3149 2653 3411 2705 array-cita

2393 2739 2487 2808 μὲν
2509 2739 2585 2810 τῷ
2615 2740 2771 2792 Δαυῒδ
2806 2741 3164 2812 ἀνακείμενος
3202 2745 3231 2794 ὁ
3266 2744 3410 2813 alia};

2388 2833 2617 2901 γραφήν.
2661 2831 2975 2901 Ἐπίστησον
3006 2832 3061 2884 δὲ
3096 2834 3307 2902 μήποτε
3332 2834 3412 2896 ὡς

2388 2921 2515 2990 εὐχή
2547 2938 2628 2983 τις
2648 2917 2713 2990 ἦν
2737 2923 2868 2990 αὐτὴ
2899 2925 3154 2992 συνεργὸς
3187 2927 3309 2988 ταῖς
3339 2943 3402 2978 το

2389 3008 2636 3076 δεομένου
2665 3027 2723 3061 τε
2754 3011 2844 3061 καὶ
2872 3011 3272 3074 ἀντιϐολοῦντος
3307 3015 3400 3066 διὰ

2391 3101 2520 3152 Θεοῦ
2548 3102 2790 3171 Σωτῆρος
2821 3101 2952 3169 πρὸς
2982 3103 3200 3173 ἐχθροὺς
3233 3105 3326 3157 καὶ
3352 3124 3414 3158 π(

2389 3193 2631 3263 τομένου.
2663 3193 2817 3255 Εἰκὸς
2841 3193 2947 3262 γὰρ
2978 3189 3042 3262 ἦν
3075 3195 3218 3263 αὐτῷ
3251 3196 3414 3249 ταῦτα

2391 3283 2554 3350 ἁγίων
2602 3283 2839 3350 ἀγγέλων
2880 3284 2910 3353 ἢ
2951 3285 3036 3335 καὶ
3083 3285 3334 3354 θεοφιλῶν
3376 3291 3412 3341 ἀ

2387 3373 2492 3426 τῶν
2535 3374 2686 3442 ἱερῶν
2733 3375 2825 3425 καὶ
2864 3374 3167 3445 λειτουργῶν
3205 3376 3293 3429 τοῦ
3331 3379 3415 3430 Θει

2389 3465 2558 3516 πάντα
2616 3465 2955 3533 συνεύχεσθαι
2997 3466 3131 3536 αὐτῷ
3178 3469 3264 3520 καὶ
3311 3469 3413 3538 λὲγη

2389 3568 2500 3607 σου
2527 3556 2737 3621 Κύριος
2768 3557 2836 3608 ἐν
2865 3556 3036 3624 ἡμέρᾳ
3064 3558 3324 3625 θλίψεως,
3367 3578 3416 3614 xz

2387 3644 2461 3706 δὲ,
2491 3646 2594 3698 Καὶ
2618 3648 2942 3712 παρασταίη
2967 3662 3053 3700 σοι
3078 3647 3137 3699 τὸ
3166 3648 3338 3717 ὄνομα
3365 3670 3414 3705 τι

2400 3735 2656 3805 Ἀπαρκεῖ
2689 3735 2794 3805 γὰρ
2834 3736 2960 3804 αὐτὴ
2992 3738 3020 3805 ἡ
3050 3737 3308 3808 ἐπίκλησις
3349 3759 3416 3796 κα

2389 3825 2521 3894 πρὸς
2544 3826 2750 3895 ἄμυναν
2778 3826 2964 3889 παντὸς
2997 3828 3228 3882 ἐναντίου.
3258 3832 3416 3886 Ταῦτα

2385 3915 2561 3978 Δαυῒδ,
2589 3916 2720 3969 ἀλλὰ
2751 3917 2842 3968 καὶ
2879 3918 3020 3968 παντὶ
3053 3918 3118 3987 τῷ
3141 3920 3248 3972 καθ’
3270 3925 3416 3992 ὁμοία

2385 4005 2450 4058 δι’
2483 4005 2652 4075 εὐχῶν
2670 4007 3018 4075 ἀναπέμποντι
3051 4008 3117 4077 τῷ
3151 4010 3253 4080 Θεῷ
3286 4031 3418 4087 νοερι

2386 4095 2588 4158 θυσίας,
2615 4096 2863 4165 δυνάμεις
2889 4097 3039 4163 ἁγίας,
3070 4101 3147 4151 καὶ
3186 4103 3412 4170 ἀγγέλων

2385 4185 2526 4248 εἰκὸς
2549 4184 2612 4237 ἂν
2642 4184 2724 4254 εἴη
2754 4185 3061 4253 συνεύχεσθαι
3091 4190 3165 4240 καὶ
3193 4193 3418 4264 ἐπεύχεο(

2373 4294 2375 4296 ·
2452 4274 2573 4340 Δῴη
2624 4289 2719 4327 σοι
2759 4275 2955 4341 Κύριος
2995 4278 3114 4331 κατὰ
3155 4279 3252 4347 τὴν
3291 4289 3418 4354 napi!

2385 4364 2585 4420 πᾶσαν
2615 4364 2726 4431 τὴν
2764 4365 2978 4430 βουλήν
3003 4380 3097 4420 σου
3128 4374 3418 4438 πληρώσαι.

755 4449 921 4501 bimur
950 4447 1002 4498 in
1034 4446 1256 4498 salutari
1287 4455 1392 4506 tuo,
1417 4450 1464 4496 et
1501 4443 1789 4498 innomine
1816 4441 2028 4494 Domini
2069 4440 2165 4493 Dei
2192 4457 2248 4493 nc

1920 4442 2028 4494 nini
2069 4440 2176 4534 Deli
2192 4457 2285 4534 1ξο-
2316 4445 2358 4499 D
2380 4456 2614 4523 μεθαέν
2642 4453 2720 4517 τῷ
2749 4455 2991 4521 σωτηρίῳ
3014 4471 3121 4520 σου,
3147 4462 3226 4513 καὶ
3252 4464 3314 4517 ἐν
3341 4471 3413 4534 τῷ

753 4538 851 4590 stri
877 4534 1340 4605 magniﬁcabimur.
1371 4533 1590 4600 Impleat
1607 4531 1853 4584 Dominus
1879 4547 2054 4583 omnes
2077 4532 2284 4598 petilio-

752 4643 842 4680 nes
873 4635 988 4678 tuas
1014 4641 1032 4678 :
1060 4640 1192 4677 nunc
1225 4625 1429 4693 cognovi
1459 4625 1699 4692 quoniam
1724 4622 1923 4675 salvum
1954 4621 2074 4688 fecit
2105 4621 2283 4673 Domi-

756 4734 851 4770 nus
876 4715 1135 4772 Christum
1159 4731 1326 4767 suum.
1356 4716 1401 4767 A
1427 4715 1772 4783 diapsalmate
1798 4714 1907 4766 orsi
1937 4714 2030 4780 qui
2067 4726 2284 4780 precan-

755 4815 864 4872 tur,
889 4806 1220 4875 prophetiam
1259 4805 1540 4870 emittunt;
1571 4802 1714 4873 quod
1757 4803 1807 4857 ei
1826 4802 1914 4871 qui
1945 4801 2282 4854 rationabilia

754 4895 844 4947 illa
871 4894 1132 4950 sacriﬁcia
1155 4893 1378 4956 obtulit,
1425 4908 1485 4947 ea
1524 4893 1704 4946 omnia
1728 4892 2018 4961 largiturus
2043 4890 2113 4944 sit
2141 4889 2282 4943 Deus

754 4999 872 5051 qua:
898 4992 1073 5038 mente
1109 4992 1163 5038 et
1190 4985 1368 5037 animo
1406 4983 1727 5052 postulavit;
1769 4990 1822 5034 et
1848 4981 2132 5034 consilium
2163 4980 2281 5048 ejus

756 5071 1110 5142 perfecturus,
1133 5075 1177 5128 si
1198 5074 1411 5143 quidem
1433 5090 1540 5128 non
1579 5073 1738 5129 fuerit
1765 5073 1896 5142 ipsis
1923 5071 2014 5126 Dei
2038 5072 2280 5126 consiliis

757 5155 1008 5215 alienum.
1033 5159 1123 5222 lis,
1154 5163 1420 5230 inquiunt,
1447 5175 1622 5221 tecum
1661 5165 1813 5218 bonis
1850 5162 2108 5225 fruemur,
2135 5161 2282 5214 hetav

756 5239 1040 5320 bimurque
1093 5249 1149 5301 in
1197 5252 1412 5305 salutari
1459 5262 1589 5310 tuo:
1630 5254 1781 5322 gnari
1809 5253 2004 5325 quippe
2057 5265 2276 5313 sumus,

759 5337 960 5407 Spiritu
992 5343 1177 5392 sancto
1219 5340 1511 5404 revelante,
1572 5343 1771 5410 prolem
1803 5340 1945 5394 illam
1975 5353 2036 5392 ex
2071 5345 2124 5392 te
2156 5352 2280 5406 pro-

754 5426 1006 5488 dimram,
1032 5427 1398 5480 universorum
1427 5430 1700 5485 hominum
1746 5432 1977 5486 salutare
2021 5429 2276 5482 futuram.

753 5518 870 5584 Qua
916 5517 971 5569 in
999 5531 1056 5569 re
1085 5531 1182 5572 nos
1209 5533 1418 5586 quoque
1441 5520 1494 5573 in
1521 5524 1735 5578 nomine
1763 5522 1972 5578 Domini
1993 5519 2086 5575 Dei
2108 5518 2278 5574 nostri

747 5605 1233 5678 magniﬁcabimur.
1265 5605 1586 5677 lmpleantur
1613 5616 1771 5670 etiam
1815 5614 2095 5686 petitiones
2125 5619 2230 5668 tua:
2261 5631 2273 5665 :

755 5696 884 5767 ipsa:
911 5692 1109 5768 quippe
1105 5693 1453 5775 gegigng
1468 5709 1607 5756 sunt.

1181 5769 1308 5777 ...ς-ρ,
1372 5773 1453 5780 .____

2382 4543 2547 4612 ἡμῶν
2563 4545 3094 4612 μεγαλυνθησόμεθα.
3123 4551 3418 4616 Πληρώσαι,

2381 4633 2450 4686 τὰ
2480 4632 2762 4702 αἰτήματα
2800 4648 2908 4686 σου
2927 4650 2939 4662 ο
2969 4634 3058 4686 νῦν
3084 4635 3251 4704 ἔγνων,
3289 4644 3366 4699 ὅτι
3400 4654 3418 4704 ἐ

2382 4721 2485 4773 τὸν
2513 4718 2764 4788 Χριστὸν
2797 4718 2975 4771 αὐτοῦ.
3010 4721 3111 4772 Ἀπὸ
3143 4724 3216 4775 τοῦ
3255 4729 3418 4802 διαψά)

2383 4809 2596 4879 ξάμενοι
2649 4808 3054 4877 προφητεύουσιν,
3089 4813 3204 4884 αὐτῷ
3240 4819 3318 4870 τὸν
3356 4826 3415 4879 Θε

2379 4899 2472 4960 τὰς
2495 4896 2710 4964 λογικὰς
2738 4896 2916 4961 θυσίας
2948 4903 3246 4972 προσήνεγκεν,
3282 4909 3371 4966 ὅσα
3403 4935 3418 4968 >

2380 4988 2576 5056 ᾔτησε,
2609 4987 2700 5038 καὶ
2737 4987 2981 5058 πλήρωσιν
3007 4994 3054 5062 τῇ
3079 4993 3267 5067 βουλῇ,ῆ
3309 5003 3378 5056 ὅτι
3411 5053 3416 5074 θ

2379 5075 2509 5128 Θεοῦ
2537 5074 2602 5126 τὰ
2629 5075 3003 5149 βεϐουλευμένα.
3022 5083 3413 5162 Συναπολαύσομενη

2379 5165 2485 5258 ’ξῶν
2531 5165 2780 5258 ἀγαθῶν,
2809 5170 3138 5258 Αάγαλλιώμενοι
3173 5176 3229 5248 τῷ
3266 5197 3412 5258 σωτηρ

2379 5254 2615 5324 ἔγνωμεν
2642 5255 2746 5326 γὰρ
2772 5256 2830 5322 ἐξ
2852 5261 2976 5329 ἁγίου
2996 5266 3221 5338 Πνεύματος
3251 5272 3297 5325 τὸ
3331 5254 3378 5329 ei

2383 5361 2534 5413 μενον
2559 5347 2799 5416 γέννημα
2849 5353 3017 5409 πάντων
3045 5359 3260 5432 ἀνθρώπων
3293 5372 3401 5440 σωτὴ

2378 5437 2522 5530 nat-i1
2532 5440 2649 5530 μείς
2678 5443 3108 5521 μεγαλυνθησόμεθα
3131 5456 3170 5508 ἐν
3195 5455 3248 5527 τῷ
3269 5437 3406 5530 ὀνόματ-

2378 5525 2548 5620 ﬁll-:7)"-
2571 5528 2761 5620 :E‘f?w
2785 5532 2842 5593 δέ
2871 5555 2946 5599 σου
2969 5544 3032 5600 καὶ
3055 5544 3102 5599 τὰ
3119 5525 3313 5620 αἰτήματα
3330 5525 3345 5582 ’⁷
3361 5568 3404 5603 κα

2376 5615 2541 5670 ταῦτα
2559 5617 2712 5672 Θεοῦ.
3053 5625 3056 5629 ’
