3782 6318
162 389 264 443 {97

1300 389 1781 446 COMMENTARIA
1819 390 1890 444 IN
1927 386 2252 452 PSALMOS,

3257 394 3356 452 £98

248 496 614 552 Ἐπσκούσεται
646 494 831 548 αὐτοῦ
866 497 946 561 ἐξ
1005 509 1292 573 οὐρανοῦ
1335 509 1499 576 ἁγίου
1526 507 1724 571 αὐτοῦ,

1896 508 2152 560 Επαιιάίετ
2186 506 2332 558 illum
2360 504 2422 556 de
2443 504 2566 558 cacio
2593 512 2772 556 sancto
2795 521 2909 568 suo,
2940 506 2992 557 in
3015 509 3351 572 potestatibus

163 595 235 646 ἐν
258 588 586 650 δυναστείαις
617 589 890 653 σωτηρία
935 593 1072 662 τῆς
1102 599 1309 663 δεξιᾶς
1345 600 1540 651 αὑτοῦ.
1577 597 1731 661 Δεξιὰ

161 684 215 735 δὲ
244 683 358 751 χεὶρ,
380 678 465 731 καὶ
488 680 654 729 πᾶσαι
682 679 736 728 αἱ
766 681 1055 750 σωτήριοι
1097 690 1194 740 καὶ
1233 689 1397 753 δεξιαὶ
1435 687 1653 757 πράξεις
1678 689 1731 738 ὲν

159 773 477 833 δυναστείαις.
507 772 780 840 Δυνάμεσι
821 773 942 844 γὰρ
997 781 1103 832 καὶ
1160 782 1399 851 σημείοις
1429 781 1521 833 καὶ
1552 781 1730 848 τέρασι

158 863 251 925 τὰς
273 865 342 924 είς
367 859 665 930 ἀνθρώπους
697 864 1010 933 ποιήσεται
1040 869 1381 939 εὐεργεσίας.

226 950 399 1008 Οὗτοι
434 954 490 1004 ἐν
523 951 791 1020 ἅρμασιν
829 955 942 1007 καὶ
986 954 1160 1011 οὗτοι
1208 960 1276 1010 ἐν
1307 961 1523 1022 ἵπποις,
1564 958 1724 1024 ἡμεῖς

155 1043 220 1096 δὲ
254 1046 330 1095 ὲν
357 1045 566 1110 ὀνόματι
607 1045 837 1109 Κυρίου
871 1046 1029 1098 Θεοῦ
1056 1046 1226 1114 ἡμῶν
1248 1047 1722 1114 ἐπικαλεσόμεθα.

152 1136 342 1188 Αὐτοὶ
389 1133 920 1201 συνεποδίσθησαν
979 1136 1080 1187 καὶ
1137 1136 1392 1188 ἔπεσαν·
1454 1135 1618 1203 ἡμεῖς
1663 1133 1728 1184 δὲ

154 1224 485 1291 (Iret:th
515 1223 606 1274 καὶ
639 1223 1103 1292 ἁνωρϐὠθημεν.
1146 1225 1368 1286 Σῶσον,
1403 1227 1591 1292 Κύριε,
1624 1225 1728 1276 τὸν

144 1315 432 1378 βασιλέα,
463 1316 553 1367 καὶ
581 1314 942 1368 ἐπάκουσον
962 1316 1130 1385 ἡμῶν
1157 1318 1224 1368 ἐν
1249 1312 1287 1386 ᾖ
1311 1317 1384 1368 ἂν
1405 1315 1585 1383 ἡμέρᾳ
1603 1316 1729 1367 ’ἐπι-

151 1405 526 1473 καλεσόμεθά
554 1421 646 1459 σε.
693 1406 859 1460 Ἀλλὰ
887 1409 998 1477 γὰρ
1042 1412 1076 1478 ή
1123 1412 1282 1478 πεῖρα
1319 1407 1422 1460 τῶν
1474 1406 1726 1475 πραγμά-

151 1511 254 1548 των
288 1497 485 1562 γένοιτ’
514 1498 581 1549 ἂν
622 1498 844 1566 ἐλεγχος
891 1499 988 1551 τοῦ
1032 1500 1348 1569 κρείττονος.
1392 1499 1452 1550 Οἱ
1489 1499 1582 1566 μὲν
1623 1497 1727 1565 γὰρ

155 1585 235 1637 σοὶ
257 1585 448 1656 ἐχθροὶ
474 1589 557 1654 ἐφ’
592 1588 782 1649 ἵπποις
809 1588 905 1639 καὶ
937 1589 1143 1658 ἅρμασι
1176 1586 1502 1648 πεποιθότες,
1533 1603 1729 1653 συμπο-

151 1675 423 1738 ὃισθέντες
457 1676 752 1729 πεσοῦνται
777 1678 978 1747 ὁμοίως
1005 1678 1081 1746 τῷ
1110 1676 1302 1748 Φαραὼ
1329 1676 1417 1728 ἐπὶ
1444 1677 1538 1742 τῆς
1581 1677 1728 1744 Ἐρυ-

1831 598 1972 650 salus
1998 597 2220 649 dexterw
2245 595 2379 660 ejus.
2421 593 2643 648 Dextera
2670 609 2877 655 manus,
2911 610 3201 663 omnesque
3224 595 3355 648 dex~

1831 695 1953 738 terte
2004 691 2056 737 et
2115 684 2375 736 salutares
2430 682 2665 734 actiones
2716 681 2769 734 in
2803 684 3154 750 potestatibus
3209 691 3352 738 sunt.

1830 774 2125 828 Virtutibus
2157 787 2385 840 namque
2407 810 2421 834 ,
2455 771 2620 840 signis
2659 777 2711 824 et
2762 771 3016 841 prodigiis
3038 811 3051 836 ,
3102 774 3355 827 beneﬁcia

1829 878 1924 918 sua
1955 864 2258 916 hominibus
2283 861 2633 931 dispensabit.

1897 953 2060 1005 Vens.
2095 952 2248 1006 8-10.
2291 951 2364 1002 Hi
2418 953 2469 1002 in
2528 943 2762 1002 curribus
2799 959 2847 1003 et
2879 951 2931 1002 hi
2967 952 3019 1003 in
3055 954 3215 1020 equis,
3265 969 3356 1006 nos

1826 1051 1994 1095 autem
2044 1043 2094 1095 in
2147 1042 2369 1094 nomine.
2389 1039 2596 1092 Domini
2637 1039 2732 1091 Dei
2772 1041 2936 1092 nostri
2986 1040 3354 1096 invocabimus.

1827 1127 1938 1195 Ipsi
1961 1128 2190 1187 impediti
2216 1135 2333 1179 sunt
2367 1135 2415 1179 et
2450 1126 2773 1188 ceciderunt,
2811 1142 2902 1178 nos
2937 1135 3105 1177 autem
3131 1129 3358 1180 surrexi-

1824 1234 1935 1269 mus
1954 1226 2001 1269 et
2037 1218 2190 1270 erecti
2215 1233 2413 1269 sumus.
2445 1215 2660 1268 Domine
2682 1254 2696 1278 ,
2737 1215 2934 1267 salvum
2966 1216 3048 1283 fac
3077 1233 3239 1284 regem
3261 1256 3274 1280 ,
3307 1229 3358 1270 et

1823 1306 2010 1359 exaudi
2035 1324 2125 1359 nos
2156 1307 2206 1358 in
2243 1305 2326 1358 die
2355 1322 2454 1373 qua
2481 1305 2878 1357 invocaverimus
2916 1313 2980 1356 te.
3024 1304 3141 1373 Ipsa
3178 1321 3358 1358 rerum

1823 1396 2166 1465 experientia,
2202 1402 2572 1464 argumentum
2598 1410 2726 1448 sane
2761 1394 2918 1447 fuerit
2948 1395 3075 1461 quid
3120 1395 3171 1447 in
3197 1396 3358 1449 rebus

1824 1483 2158 1550 praistantius
2185 1481 2274 1534 sit.
2304 1480 2371 1532 At
2394 1480 2536 1533 enim
2565 1480 2766 1533 inimici
2795 1481 2893 1543 tui,
2922 1482 3074 1548 equis
3103 1489 3155 1534 et
3187 1484 3359 1536 curri-

1825 1571 1924 1624 bus
1952 1570 2300 1633 conlidentes,
2334 1569 2606 1637 praepediti
2652 1576 2902 1623 corruent
2931 1570 3151 1638 perinde
3202 1580 3360 1640 atque

1825 1659 2051 1722 Pharao,
2087 1652 2180 1730 qui
2209 1660 2260 1712 in
2292 1660 2426 1712 mari
2463 1659 2644 1713 Rubro
2677 1660 2955 1714 demersus
2996 1669 3097 1716 est.
3135 1660 3242 1716 Nos
3271 1677 3361 1715 au-

149 1763 274 1834 θρᾶς
307 1765 591 1835 Θαλάττης
626 1764 1097 1817 καταποντωθὲντι
1118 1781 1129 1792 ’
1162 1766 1317 1832 ἡμεῖς
1344 1763 1398 1814 δὲ
1425 1764 1470 1813 oi
1520 1761 1597 1830 τῷ
1619 1762 1728 1813 ὀνό-

1837 1756 1933 1801 [οω
1965 1749 2179 1802 nomine
2211 1748 2415 1802 Domini
2440 1749 2530 1802 Dei
2566 1748 3020 1803 nostri'instrueti
3051 1757 3102 1803 et
3132 1751 3359 1814 armati,

148 1872 267 1923 ματι
325 1855 544 1924 Κυρίου
581 1855 677 1906 τοῦ
704 1855 840 1907 Θεοῦ
869 1855 1023 1924 ἡμῶν
1053 1853 1394 1921 ὡπλισμένοι,
1419 1852 1510 1902 καὶ
1543 1853 1621 1903 σοὶ
1650 1852 1724 1921 τῷ

1837 1853 1889 1890 ac
1921 1847 2091 1890 tecum
2145 1838 2234 1905 qui
2285 1838 2546 1892 sacriﬁcia
2591 1837 2836 1892 immolas
2882 1838 3130 1906 precibus
3162 1838 3362 1891 nostris

1829 1936 2214 1990 concertantcs,
2241 1942 2582 1996 resurgemus
2622 1937 2781 1995 atque
2815 1928 3111 1996 erigemur,
3139 1943 3260 1980 cum
3303 1935 3361 1982 tu

1829 2019 1893 2072 de
1921 2019 2151 2071 inimicis
2184 2020 2458 2072 victoriam
2481 2019 2747 2071 retuleris.
2785 2017 2888 2070 Sed
2931 2018 3060 2083 haec,
3088 2020 3365 2086 inquiunt;

1828 2111 2069 2163 evenient
2115 2118 2350 2178 tempore
2393 2109 2652 2162 Salutaris
2686 2109 2827 2162 illius
2874 2110 3149 2163 adventus.
3205 2109 3358 2162 Tunc

1829 2199 1967 2252 enim
2017 2199 2245 2252 maxime
2293 2207 2477 2252 omnes
2517 2199 2835 2251 adversariae
2867 2207 3158 2266 potestates
3193 2213 3255 2252 ae
3283 2200 3363 2250 la-

1830 2296 2002 2342 tentes
2046 2289 2121 2341 illi
2146 2297 2198 2342 et
2227 2289 2420 2341 occulti
2474 2287 2568 2340 Dei
2623 2288 2845 2348 inimici,
2879 2289 2946 2341 ab
2978 2289 3094 2355 ipso
3120 2286 3357 2342 Salutari

1830 2380 1882 2431 in
1932 2378 2106 2448 fugam
2140 2379 2300 2441 versi,
2337 2385 2758 2446 prosternentur.
2811 2376 3008 2431 Omnes
3061 2392 3220 2445 porro
3268 2379 3362 2446 qui

1829 2468 2074 2522 Salutare
2098 2468 2402 2536 hujusmodi
2433 2469 2751 2534 receperint,
2785 2483 2813 2520 a
2835 2467 3060 2534 pristino
3100 2467 3247 2534 lapsu
3276 2482 3362 2520 re-

1831 2566 2067 2624 surgent.
2099 2557 2303 2611 Idcirco
2331 2558 2403 2610 ita
2445 2557 2659 2611 Simeon
2685 2557 2751 2610 de
2774 2557 2890 2625 ipso
2919 2557 3153 2624 loquitur
3185 2576 3197 2609 :
3235 2556 3361 2609 Ecce

1828 2651 2022 2717 positus
2050 2657 2124 2701 est
2166 2648 2246 2700 hic
2279 2650 2331 2700 in
2381 2650 2584 2700 ruinam
2629 2658 2678 2700 et
2719 2649 3137 2700 resurrectionem
3164 2646 3350 2698 multo-

1831 2755 1944 2790 rum
1973 2740 2049 2790 πε
2084 2737 2293 2790 ruinam
2346 2735 2592 2789 videlicet
2639 2734 2976 2786 inimicorum
3030 2741 3082 2785 et
3129 2731 3362 2786 hostium

1829 2827 1979 2896 ejus;
2015 2826 2462 2880 resurrectionem
2493 2839 2618 2877 vero
2647 2838 2832 2877 eorum
2858 2825 2949 2891 qui
2971 2822 3096 2874 olim
3130 2821 3264 2887 lapsi
3295 2821 3363 2873 ab

143 1945 232 2006 τὰς
263 1944 482 2007 Θυσίας
523 1946 902 2014 ἀναπέμποντι
943 1947 1061 2005 ταῖς
1097 1945 1275 2011 εὐχαῖς
1307 1942 1723 2010 συναγωνιζόμεο

143 2053 234 2097 νοι,
285 2035 768 2104 ἁναστησὸμεθα,
817 2037 909 2086 καὶ
954 2031 1465 2105 ἀνορθωθησόμεθα,
1512 2031 1600 2082 σοῦ
1631 2031 1724 2092 τὰς

143 2126 274 2177 κατὰ
317 2126 437 2178 τῶν
471 2126 684 2195 ἐχθρῶν
719 2125 871 2186 νίκας
898 2124 1189 2192 ἀραμένου.
1234 2121 1387 2172 Ἀλλὰ
1425 2119 1591 2171 ταῦτα
1632 2119 1725 2187 μὲν

146 2216 324 2280 ἔσται,
344 2217 511 2284 φασὶ,
533 2217 626 2267 καὶ
638 2216 732 2266 νῦν
752 2215 892 2267 κατὰ
903 2214 990 2266 τὸν
1015 2214 1199 2282 καιρὸν
1221 2214 1313 2280 τῆς
1335 2210 1425 2261 τοῦ
1447 2209 1725 2261 ἀποδοθέν-

145 2326 225 2370 τος
245 2307 542 2377 σωτηρίου
572 2306 910 2373 ἐπιφανείας.
938 2304 1068 2355 Τότε
1098 2302 1203 2370 γὰρ
1233 2300 1458 2369 μάλιστα
1484 2301 1645 2351 πᾶσαι
1671 2299 1724 2349 αἱ

147 2395 540 2464 ἀντικείμεναι
580 2394 865 2461 δυνάμεις,
899 2395 991 2443 καὶ
1028 2393 1075 2441 οἱ
1118 2390 1334 2456 ἀφανεῖς
1382 2388 1473 2438 καὶ
1513 2387 1725 2456 ἀόρατοι

149 2485 231 2538 τοῦ
257 2485 414 2537 Θεοῦ
447 2483 724 2551 πολέμιοι.
751 2483 814 2533 δι’
851 2479 1013 2533 αὐτοῦ
1037 2478 1125 2531 τοῦ
1159 2477 1416 2546 σωτηρίου
1443 2476 1729 2545 τροπούμε-

150 2591 242 2635 vet,
271 2573 612 2626 πεσοῦνται.
641 2571 846 2631 Πάντες
873 2570 931 2621 δὲ
963 2569 1010 2620 οἱ
1041 2569 1102 2618 τὸ
1141 2567 1396 2636 σωτήριον
1429 2562 1724 2633 παραδεξά-

156 2681 319 2732 μενοι,
369 2661 474 2715 τοῦ
521 2661 690 2714 πάλαι
731 2658 908 2711 αὐτῶν
951 2656 1231 2724 πτώματος
1274 2655 1724 2722 διαναστήσονται.

152 2752 235 2804 Διὸ
263 2753 410 2822 περὶ
449 2749 619 2802 αὐτοῦ
661 2747 882 2817 Συμεὼν
925 2746 1134 2811 ἔλεγεν⁸
1182 2743 1322 2794 Ἰδοὺ
1350 2739 1520 2805 οὗτος
1549 2741 1727 2792 κεῖται

152 2845 232 2907 εις
265 2842 524 2894 πτῶσιν
557 2839 655 2891 καὶ
705 2836 1040 2890 ἀνάστασιν
1076 2833 1342 2886 πολλῶν-ο
1389 2831 1586 2882 πτῶσιν
1633 2829 1726 2898 μὲν

154 2933 348 3002 δηλαδὴ
398 2930 515 2982 τῶν
553 2927 762 2997 ἐχθρῶν
803 2924 964 2979 αὑτοῦ
1004 2925 1095 2975 καὶ
1136 2923 1238 2974 τῶν
1270 2921 1561 2990 πολεμίωνο
1597 2918 1726 2970 ἀνά-

1837 2917 1948 2984 ipso
1999 2916 2243 2972 suscitati
2294 2922 2437 2969 sunt.
2493 2913 2614 2967 Haec
2663 2913 2879 2982 quidem
2934 2919 3062 2964 tunc
3107 2920 3364 2965 eventura

159 3001 340 3072 στασιν
381 3019 442 3069 δὲ
476 3016 587 3068 τῶν
621 3015 789 3066 πάλαι
822 3010 1200 3070 πεπτωκότων,
1230 3010 1293 3060 δι’
1321 3005 1478 3058 αὑτοῦ
1512 3006 1566 3057 δὲ
1599 3007 1724 3074 ἐγη-

1837 3013 1989 3070 ειιηε;
2015 3006 2125 3074 jam
2143 3021 2292 3067 vero,
2318 3011 2376 3057 tu
2399 3005 2638 3068 Domine,
2671 3003 2875 3056 salvum
2906 3001 2989 3054 fac
3009 3001 3165 3055 nobis
3183 3015 3362 3068 regem

158 3111 469 3180 γερμένων.
533 3107 641 3158 Καὶ
678 3105 847 3156 ταῦτα
884 3102 980 3171 μὲν
1025 3100 1140 3150 τότε
1179 3099 1491 3167 γενήσεται·
1527 3095 1618 3146 νῦν
1649 3095 1724 3156 δὲ,

1837 3095 2103 3160 Davidem,
2128 3103 2181 3149 et
2212 3097 2265 3147 in
2295 3095 2437 3147 omni
2467 3108 2687 3161 prorsus
2708 3100 2964 3159 tempore,
2992 3099 3044 3144 et
3066 3091 3120 3143 in
3149 3090 3234 3143 die
3257 3104 3363 3157 qua

160 3201 350 3271 Κύριε,
389 3196 540 3258 σῶζε
579 3199 707 3265 ἡμῖν
746 3193 838 3244 τὸν
886 3191 1106 3259 βασιλέα
1147 3186 1320 3248 Δαυῖδ,
1352 3188 1444 3238 καὶ
1478 3187 1533 3236 ὲν
1575 3184 1732 3235 παντὶ

160 3292 230 3360 τῷ
245 3294 364 3343 δντι
397 3286 605 3356 καιρῷ,
633 3287 728 3337 καὶ
749 3286 806 3334 ὲν
890 3281 952 3333 ἂν
981 3280 1157 3348 ἡμέρᾳ
1182 3272 1617 3342 ὲπικαλεσὼμεθά
1649 3287 1726 3321 σε.

170 3359 430 3452 ’Ᾰρμόζει
476 3378 534 3428 δὲ
573 3375 779 3435 ταῦτα,
820 3372 893 3432 ὡς
931 3369 1084 3431 ἄλλος
1126 3369 1280 3437 φησὶ,
1328 3366 1420 3416 καὶ
1461 3363 1550 3414 ἐπὶ
1588 3359 1732 3422 Ἐζε-

322 3471 571 3536 Νοήσεις
604 3465 661 3516 δὲ
697 3462 867 3514 ταῦτα
912 3460 1002 3512 καὶ
1037 3457 1171 3510 κατὰ
1204 3456 1292 3507 τὸν
1319 3455 1415 3522 τῆς
1454 3449 1734 3517 ἀναγωγῆς

165 3565 347 3632 νόμον.

265 3673 378 3724 ΕΙΣ
412 3671 506 3721 ΤΟ
545 3663 804 3724 ΤΕΔΟΣ,
841 3659 1126 3712 ΨΑΛΜΟΣ
1175 3657 1261 3706 ΤΩ
1300 3654 1493 3704 ΔᾹΥΙΔ
1531 3652 1610 3702 K'.

235 3786 327 3844 Εἰς
353 3783 534 3835 αἴσιον
558 3776 667 3846 γὰρ
693 3770 1072 3839 ἀναπέμπεται
1093 3767 1157 3818 τὰ
1179 3765 1439 3833 λεγόμενα
1460 3763 1624 3825 τέλος,
1645 3766 1736 3820 καὶ

177 3873 273 3927 τῶν
299 3872 509 3942 ἐχθρῶν
536 3867 636 3919 τοῦ
664 3861 800 3915 Θεοῦ
830 3859 1076 3927 σημαίνει
1101 3857 1187 3907 τὸν
1216 3854 1449 3924 ὄλεθρον.
1482 3853 1571 3904 Διὸ
1597 3855 1736 3906 κατὰ

181 3965 272 4032 μὲν
301 3964 624 4032 Σύμμαχον,
679 3951 1000 4012 Ἐπινίκιός
1023 3949 1190 3999 ἐστιν
1217 3943 1334 4010 ᾠδή
1356 3961 1368 3974 ·
1402 3945 1538 3997 κατὰ
1567 3943 1620 3996 δὲ
1648 3944 1735 3996 τὸν

192 4055 406 4108 Ἀκύλαν
425 4094 441 4118 ,
485 4049 572 4113 Τῷ
600 4041 887 4105 νικοποιῴ
913 4036 1245 4108 μελῴδημα.

250 4231 434 4296 Κύριε,
451 4229 524 4280 ἐν
537 4223 615 4290 τῇ
632 4218 882 4285 δυνάμει
901 4230 1014 4266 σου
1034 4209 1491 4278 εὐφρανθήσεται
1516 4211 1547 4261 ὀ
1561 4209 1738 4271 βασι-

358 4319 530 4391 Οἷμαι
555 4317 656 4368 καὶ
682 4310 853 4363 ταῦτα
867 4305 1113 4372 λέγεσθαι
1128 4302 1194 4355 τὰ
1213 4300 1542 4391 προκείμενα
1555 4300 1617 4349 ὲκ
1631 4295 1736 4391 τῶν

190 4412 278 4462 καὶ
292 4383 350 4464 τὰ
373 4383 478 4480 πρὸ
492 4408 693 4460 τούτου
714 4399 790 4468 τῷ
807 4395 965 4449 Δαυῒδ
984 4389 1372 4460 ἐπευξαμένων.
1396 4385 1592 4439 Μαθὼν
1612 4383 1737 4451 γοῦν

193 4498 281 4549 νῦν
307 4501 333 4549 ὁ
353 4471 515 4551 siste
541 4491 658 4546 ἀπὸ
686 4487 795 4539 τῶν
822 4483 954 4552 πρὸς
987 4480 1141 4532 αὐτὸν
1162 4476 1457 4546 γενομένων
1482 4471 1738 4542 χρησμῶν

201 4586 266 4636 τὰ
285 4589 391 4655 περὶ
411 4585 505 4638 τοῦ
541 4586 610 4634 ἐκ
638 4576 951 4644 σπέρματος
976 4569 1133 4620 αὑτοῦ
1163 4564 1606 4637 προελευσομένου
1641 4579 1741 4614 σω-

202 4653 372 4741 mpm,
393 4717 407 4740 θ
434 4676 530 4726 καὶ
556 4671 664 4738 τῆς
696 4669 753 4718 ὲν
785 4661 862 4731 τῷ
892 4659 1134 4731 σωτηρίῳ
1162 4656 1435 4723 δυνάμεως
1454 4694 1467 4716 ,
1501 4653 1590 4708 ἐπὶ
1616 4653 1738 4704 τού-

203 4781 314 4824 τοις
341 4763 767 4834 εὐφρανθήσεται
800 4753 892 4805 καὶ
925 4749 1299 4816 ἁγαλλιάσεται
1333 4744 1550 4814 σφόδρα.
1634 4743 1740 4794 Καὶ

202 4854 394 4918 τούτοις
421 4871 482 4921 γε
508 4848 755 4922 θαρσῶν,
788 4841 896 4894 τῶν
922 4856 979 4890 τε
1007 4839 1207 4908 ἐχθρῶν
1239 4837 1325 4889 διὰ
1358 4834 1556 4886 τούτων
1585 4850 1738 4902 περι-

204 4944 472 5012 γενόμενος
490 4982 505 5005 ,
528 4941 614 4993 σοὶ
635 4936 714 5006 τῷ
739 4927 990 4998 νικοποιῷ
1010 4927 1124 4996 Θεῷ
1147 4928 1210 4979 τὰ
1235 4924 1453 4996 βραδεῖα
1471 4921 1565 4990 τῆς
1584 4921 1735 4988 νίκης

209 5009 491 5103 ἀνατίθησι,
540 5030 736 5100 Χαίρει
768 5043 827 5077 τε
856 5027 946 5079 καὶ
979 5009 1732 5103 ὑπερϐαλλόντωςὰγάλλεται,

214 5124 309 5190 τῆς
328 5097 421 5174 τῶν
440 5122 527 5192 ὲχθ
537 5122 642 5192 ρῶν
656 5097 952 5184 ⁷ἐπιϐουλῖινγς
972 5111 1072 5164 ὑπὸ
1097 5108 1185 5159 σοῦ
1208 5101 1589 5169 διασωζόμενος
1607 5114 1620 5128 ·
1647 5097 1738 5192 διαὶ

216 5212 318 5280 οὐχ
340 5213 486 5274 οὓτως
515 5213 606 5263 ἐπὶ
638 5212 704 5278 τῇ
736 5203 924 5259 ἑαυτοῦ
954 5198 1190 5268 σωτηρίᾳ
1222 5193 1450 5260 ἀγαλλιᾷ
1471 5230 1486 5252 ν
1515 5192 1633 5241 ὅσον
1658 5190 1738 5240 δτι

217 5277 370 5372 παρὰ
398 5303 476 5354 σοῦ
507 5303 567 5353 τὸ
597 5277 856 5368 σωτήριον
888 5290 1047 5346 αὐτοῦ
1082 5283 1444 5372 προσγίνεται.
1505 5279 1610 5372 βα).
1633 5277 1742 5372 γὰρ

218 5390 543 5461 ἐπιθυμήσας
574 5390 636 5440 τὸ
669 5386 818 5456 παρὰ
845 5381 936 5434 σοῦ
968 5378 1244 5444 σωτήριον,
1280 5369 1374 5421 καὶ
1407 5366 1529 5436 περὶ
1560 5367 1742 5417 τούτου

217 5483 330 5541 τοῖς
379 5469 596 5548 χείλεσιν
634 5475 821 5528 ἑαυτοῦ
874 5476 929 5524 ἐν
975 5471 1089 5528 ταῖς
1127 5461 1257 5532 πρὸς
1286 5457 1374 5507 τδν
1408 5454 1533 5505 Θεδν
1567 5456 1744 5522 εὐχαξ

224 5567 492 5635 ἱκετηρίαν
520 5535 837 5632 abnuant/:1;
866 5601 879 5624 ,
932 5558 1028 5609 οὐκ
1058 5548 1360 5605 ἐκπεσεῖται
1388 5543 1482 5610 τῆς
1514 5541 1742 5605 ἐλπίδος,

292 5720 339 5750 ’⁵
365 5717 492 5772 Luc.
534 5733 594 5783 ιι,
641 5715 728 5768 54.

1831 3186 2253 3240 invocaverimus
2280 3196 2328 3238 te
2356 3203 2368 3237 :
2405 3198 2523 3250 quae
2551 3182 2696 3243 item,
2723 3189 2780 3234 ut
2812 3182 2948 3235 alius
2977 3180 3170 3248 inquit,
3200 3179 3360 3231 etiam

1831 3275 2069 3328 Ezechiae
2097 3275 2205 3342 regi
2232 3280 2548 3341 congruunt.
2582 3270 2702 3322 Haec
2728 3284 2887 3337 porro
2912 3266 3223 3336 auagogico,
3250 3265 3362 3319 sive

1832 3361 2142 3426 reductitio,
2175 3375 2321 3413 more
2351 3358 2601 3426 accipias.

1997 3635 2046 3686 1.
2088 3631 2153 3684 IN
2194 3630 2432 3694 FINEM,
2470 3628 2788 3682 PSALMUS
2828 3628 3030 3680 DAVID
3067 3628 3184 3682 XX.

1902 3741 2028 3806 Qua:
2060 3742 2145 3795 hic
2178 3740 2449 3803 dicuntur,
2482 3741 2546 3792 ad
2581 3739 2814 3792 faustum
2847 3737 3125 3792 referenda
3161 3738 3318 3792 ﬁnem
3345 3756 3357 3790 :

1835 3848 1957 3886 nam
1987 3833 2321 3885 inimicorum
2351 3831 2440 3885 Dei
2470 3831 2689 3884 exitium
2719 3829 3037 3898 signiﬁcant.
3069 3829 3244 3891 Quare
3271 3845 3360 3884 se-

1836 3921 2068 3973 cundum
2110 3919 2486 3989 Symmachum
2515 3958 2529 3982 ,
2565 3915 2895 3982 Trium-pirate
2933 3916 3232 3974 canticum;
3274 3929 3362 3966 se-

1835 4013 2070 4064 cundmn
2100 4009 2346 4078 Aquilam
2374 4022 2521 4070 vero,
2561 4005 2798 4058 Victoria:
2824 4005 3023 4055 auctori
3051 4003 3360 4064 modulatio,

1838 4101 2174 4154 inscribitur.

1905 4187 2066 4242 Vens.
2106 4187 2160 4241 2.
2198 4187 2449 4248 Domine,
2498 4185 2550 4236 in
2593 4184 2780 4236 virtute
2824 4189 2913 4232 tua
2954 4179 3215 4232 lwtabitur
3249 4194 3358 4231 rex.

1837 4281 2082 4334 Arbitror
2110 4278 2176 4330 ab
2206 4276 2433 4341 iisdem,
2459 4276 2547 4342 qui
2578 4274 2824 4342 superius
2853 4270 3044 4322 Davidi
3074 4271 3207 4323 bene
3235 4285 3359 4338 pre-

1838 4369 1944 4422 cati
1993 4368 2237 4428 fuerant,
2284 4365 2396 4418 haac
2447 4364 2609 4417 etiam
2659 4361 2864 4430 prolata
2907 4358 3091 4414 fuisse.
3128 4357 3261 4411 Cum
3296 4359 3362 4411 ab

1770 4445 1811 4496 D
1841 4458 2071 4512 oraculis
2111 4457 2212 4510 sibi
2252 4455 2408 4509 editis
2469 4452 2775 4506 edidicisset
2818 4448 2979 4501 David
3031 4463 3092 4502 ea
3130 4463 3248 4516 quae
3279 4461 3364 4498 sa-

1837 4550 2010 4601 lutare
2052 4547 2180 4599 illud
2225 4561 2288 4598 ex
2337 4545 2538 4598 semine
2583 4555 2680 4594 suo
2728 4538 3104 4607 proditurum,
3155 4549 3362 4589 necnon

1835 4637 2086 4692 salutaris
2111 4635 2350 4704 ejusdem
2376 4634 2628 4685 virtutem
2660 4630 3006 4698 spectabant,
3035 4627 3099 4681 de
3132 4627 3198 4678 iis
3219 4665 3232 4687 ,
3262 4624 3361 4686 ait,

1835 4730 2096 4782 lmtabitur
2119 4736 2171 4781 et
2193 4725 2483 4780 exsultabit
2505 4721 2864 4775 vehementer.
2897 4720 3073 4786 lisque
3097 4713 3360 4773 conﬁsus,

1838 4821 2182 4888 iuimicisque
2215 4833 2399 4872 eorum
2432 4829 2532 4882 ope
2565 4814 2787 4867 devictis
2807 4853 2820 4875 ,
2856 4811 2950 4863 tibi
2989 4808 3094 4860 Deo
3126 4804 3365 4858 victoria:

1841 4909 2076 4973 auctori,
2119 4909 2360 4977 ejusdem
2402 4904 2640 4959 victoriae
2685 4901 2870 4956 brabia
2913 4894 3173 4950 attribuit.
3221 4893 3365 4946 Gau-

1841 5001 2032 5068 detque
2069 4999 2357 5053 admodum
2396 5004 2449 5049 et
2486 4993 2758 5053 exsultat,
2806 4988 3142 5042 inimicorum
3182 4984 3276 5037 abs
3315 4993 3366 5038 te
3423 4978 3426 4981 ”

1840 5099 2061 5160 ereptus
2100 5089 2317 5144 insidiis
2339 5127 2353 5151 ,
2393 5099 2565 5153 neque
2602 5090 2810 5134 tantum
2839 5078 2905 5132 de
2934 5078 3105 5131 salute
3138 5089 3233 5129 sua
3270 5074 3361 5127 la:-

1843 5190 2003 5244 tatur,
2034 5189 2290 5248 quantum
2320 5175 2386 5227 de
2418 5174 2584 5227 misso
2613 5171 2708 5224 abs
2737 5177 2788 5222 te
2818 5165 3040 5221 salutari
3071 5179 3190 5218 suo.
3230 5163 3365 5216 Cum

1841 5272 1981 5325 enim
2017 5271 2156 5324 idem
2186 5267 2418 5322 salutare
2443 5270 2594 5315 tuum
2627 5259 2852 5314 summis
2877 5257 3014 5310 votis
3048 5251 3326 5322 expetierit
3346 5287 3362 5312 ,

1842 5370 2000 5431 atque
2027 5359 2181 5413 labiis
2215 5359 2326 5424 ipse
2356 5353 2470 5406 suis
2490 5391 2504 5414 ,
2531 5351 2725 5404 emissa
2759 5349 3063 5417 frequenter
3091 5342 3363 5402 oratione,

1841 5428 1940 5521 pro
1993 5445 2239 5502 salutaris
2285 5440 2523 5509 ejusdem
2564 5439 2792 5492 adventu
2820 5436 2916 5488 tibi
2959 5428 3368 5521 supplicaverit,

1845 5514 2176 5609 nequaquam
2201 5545 2293 5599 spe
2317 5529 2546 5594 labetur,
2572 5541 2742 5596 neque
2766 5525 2915 5612 irrita
2938 5518 3223 5592 postulatio
3249 5514 3368 5584 ejus
