3782 6336
472 349 572 404 ηε)

467 559 590 600 rum
614 545 845 599 emittet.

543 636 609 688 Et
659 650 812 701 super
857 632 1089 686 salutare
1143 638 1287 680 tuum
1335 624 1615 680 exsultabit
1667 625 1998 678 vehementer.

470 722 620 778 Illum
652 724 846 792 quippe
876 720 1016 774 Deus
1043 731 1253 771 summo
1283 715 1477 782 gaudio
1505 714 1730 784 replebit
1751 752 1765 777 ,
1790 711 2001 781 quando

469 812 608 870 facie
646 812 713 865 ad
753 811 942 863 faciem
977 808 1203 876 gloriam
1237 807 1353 874 ejus
1391 803 1742 873 contemplari
1781 816 2002 856 conces-

467 904 618 959 serit.
641 900 994 967 Quamobrem
1024 899 1097 950 ait
1121 896 1511 967 Symmachus:
1543 892 1857 962 Licti/icabis
1887 909 2002 945 eum

466 996 520 1046 in
560 990 745 1064 gaudio
784 1006 817 1043 a
856 988 1001 1041 vultu
1043 997 1151 1040 tuo.
1185 985 1317 1038 Nam
1358 986 1409 1039 in
1454 992 1695 1053 tempore
1736 983 2002 1053 iustiﬁca-

465 1083 661 1147 tionis,
693 1079 908 1150 quando
941 1077 1107 1131 David
1144 1078 1284 1131 inter
1319 1090 1413 1130 eos
1454 1074 1545 1144 qui
1591 1074 1818 1127 salutem
1858 1072 2001 1127 nacti

367 1233 371 1236 ,
462 1172 592 1228 sunt
632 1170 840 1224 medius
884 1167 1221 1229 consistens,
1269 1165 1446 1232 magni
1490 1161 1651 1233 Regis
1682 1165 1887 1217 vultum
1918 1164 2003 1216 in-

461 1263 725 1325 tuebitur,
754 1267 807 1314 et
839 1271 1039 1311 corona
1086 1255 1152 1309 de
1192 1254 1368 1323 lapide
1409 1255 1644 1323 pretioso
1687 1262 1846 1323 caput
1883 1254 2000 1321 ejus

460 1352 782 1415 ornabitur;
817 1348 989 1418 gloria
1030 1344 1533 1415 magniﬁcentiaquc
1563 1343 1880 1408 decoratus,
1918 1345 2002 1398 di-

461 1443 587 1496 vino
610 1440 807 1509 gaudio
832 1444 884 1491 et
915 1435 1121 1490 coalesti
1149 1434 1332 1488 laetitia
1362 1433 1684 1503 replebitur.

529 1616 691 1672 Vens.
722 1617 834 1670 3-7.
870 1617 1193 1671 Desiderium
1221 1617 1389 1670 cordis
1418 1618 1529 1686 ejus
1573 1619 1799 1673 tribuisti
1831 1619 1900 1680 ei,
1938 1626 1988 1671 et

460 1708 716 1762 uoluntate
739 1708 990 1761 lubiorum
1020 1708 1129 1776 ejus
1158 1725 1259 1761 non
1284 1708 1545 1776 fraudasti
1576 1725 1710 1760 eum.
1737 1707 1989 1777 Diapsal-

1152 342 1414 400 EUSEBII
1451 337 1923 397 CESARIENSIS
1961 339 2108 397 OPP.
2150 342 2326 395 PARS
2358 342 2448 396 Ill.
2486 372 2549 382 --
2590 342 3023 397 EXEGETICA.

466 463 612 528 erit;
641 444 759 515 imo
775 460 934 514 etiam
967 465 1146 527 optata
1176 461 1534 518 consecutus,
1562 451 1865 507 orationem
1895 450 1989 505 ite-

2142 453 2207 505 οδὲ
2240 453 2622 523 στερηθήσεται
2652 453 2743 505 τοῦ
2779 455 3113 523 αἱτήματος
3142 486 3159 509 ν

3225 441 3385 496 ἀλλὰ
3456 441 3660 493 κατ’

2102 546 2261 614 εῢχὰς
2289 546 2512 615 παρέξει
2539 546 2857 615 τευξόμενος
2882 544 2997 611 τῆς
3030 537 3398 606 ἐπιθυμίας.

2166 637 2273 690 Καὶ
2301 638 2394 689 ἐπὶ
2415 636 2491 701 τῷ
2505 639 2766 704 σωτηρίῳ
2796 652 2917 689 σου
2949 628 3483 703 ἀγαλλιάσεται
3536 640 3670 693 0'5:

2099 728 2384 796 Εὑιρραίνει
2404 726 2509 797 γὰρ
2531 727 2684 779 αὑτὸν
2704 767 2719 791 ,
2746 727 2941 795 φησὶν,
2967 727 2997 776 ὁ
3023 722 3174 783 Θεὸς
3200 722 3265 771 ἓν
3298 718 3516 786 χαιρᾷ
3544 756 3567 777 ο
3607 719 3670 768 ἔτ

2101 818 2381 886 πρόσωπον
2433 818 2564 887 πρὸς
2595 818 2881 887 πρόσωπον
2916 815 3024 884 τῆς
3055 810 3245 866 αὐτοῦ
3284 806 3527 877 δόξης
3571 809 3670 860 ἐτι

2099 909 2254 960 αὐτὸν
2281 910 2697 980 καταστήσηται.
2728 908 2821 960 Διό
2852 924 3031 976 φησιν
3064 905 3098 956 ὁ
3133 902 3555 971 Σύμμαχος
3586 919 3604 929 ·
3667 947 3669 952 .

2098 997 2364 1064 ποιήσεις
2395 998 2577 1052 αὐτὸν
2601 998 2670 1049 ἐν
2712 995 3078 1063 εὐφροσύνῃ
3123 991 3319 1057 παρὰ
3356 988 3543 1041 τοῦ
3609 1004 3670 1055 ἐζ

2099 1106 2213 1141 που
2251 1105 2381 1141 σου.
2441 1087 2529 1157 Τῷ
2562 1086 2668 1156 γὰρ
2700 1084 2875 1155 καιρῷ
2900 1083 3010 1135 ’τοῦ
3040 1079 3570 1146 δικαιωτηρίου
3616 1120 3639 1144 ,

2097 1178 2189 1230 δὰν
2213 1178 2272 1230 τὸ
2306 1178 2589 1248 πρόσωπον
2615 1175 2708 1229 τοῦ
2742 1175 2983 1245 μεγάλου
3019 1171 3335 1240 βασιλέως
3384 1174 3656 1247 μέσος

2097 1270 2126 1320 ὁ
2151 1269 2186 1319 Δ
2254 1267 2306 1286 ’⁸⁸
2338 1268 2405 1301 τ’
2551 1267 2579 1297 ⁷
2656 1267 2677 1297 λ
2813 1265 2840 1318 θ
2877 1266 2913 1318 ά
3008 1281 3042 1295 ’-
3232 1262 3252 1300 “’
3355 1259 3409 1277 ’⁵
3602 1265 3632 1314 ί

2191 1285 2307 1320 αυιο
2349 1285 2444 1320 ιων
2469 1284 2785 1336 σωςομενων
2847 1283 2871 1317 ε
2918 1280 3074 1317 cono
3104 1302 3120 1325 ,
3149 1279 3259 1314 κα.
3297 1276 3418 1333 τις.)
3450 1282 3595 1333 τιμ
3627 1281 3670 1331 ᾳ

2096 1359 2192 1429 τὴν
2223 1358 2456 1427 κεφαλὴν
2480 1356 2830 1426 ἐστεμμένος,
2861 1354 2993 1427 δόξῃ
3018 1370 3083 1405 τε
3120 1352 3228 1405 καὶ
3260 1353 3670 1421 μεγαλοπρε

2098 1448 2528 1517 κεκοσμημένος,
2564 1447 2745 1499 ἐνθέου
2770 1448 2947 1518 χαρᾶς
3007 1444 3113 1497 καὶ
3141 1443 3458 1513 οὐρανίου
3504 1442 3670 1512 εὑφι

2098 1554 2191 1607 νης
2230 1538 2662 1610 πληρωθήσεται.

2171 1627 2284 1695 Τὴν
2300 1630 2612 1697 ἐπιθυμίαν
2632 1628 2743 1696 τῆς
2763 1628 3015 1696 καρδίας
3043 1625 3259 1681 αὐτοῦ
3282 1625 3593 1690 ἔδωκας
3617 1644 3669 1679 a

2099 1720 2193 1772 καὶ
2220 1719 2332 1787 τὴν
2356 1718 2566 1787 δέησιν
2584 1719 2702 1771 τῶν
2721 1719 2975 1787 χειλέων
2999 1717 3213 1771 αὑτοῦ
3236 1716 3670 1784 οὐκ.ἐστέ[Λ

460 1815 565 1851 ma.
597 1797 851 1861 Quoniam
872 1799 1164 1865 prwvenisti
1191 1813 1305 1850 eum
1334 1798 1388 1849 in
1413 1796 1846 1851 benedictionibus
1870 1795 1989 1848 dul-

2142 1785 2292 1863 bto’r.
2311 1785 2638 1878 Διάψλαλμα.
2656 1785 2781 1863 Ὅτι
2802 1810 3223 1878 προέφθασας
3245 1806 3492 1862 αὐτὸν
3517 1809 3611 1862 ἐν
3628 1827 3669 1862 ε

459 1886 688 1951 reclinis,
730 1884 951 1954 posuisti
990 1882 1044 1935 in
1086 1885 1252 1950 capite
1292 1882 1403 1950 ejus
1445 1896 1688 1935 coronam
1717 1880 1780 1933 de
1823 1880 1994 1947 lapide

457 1976 698 2035 pretioso.
743 1974 912 2027 Vitam
942 1973 1085 2041 petiit
1117 1989 1149 2024 a
1181 1982 1227 2025 te
1249 2012 1262 2035 ,
1309 1982 1355 2025 et
1383 1971 1613 2024 tribuisti
1641 1971 1687 2023 ei
1713 1970 1996 2039 longitudi-

458 2084 575 2122 nem
612 2068 811 2120 dierum
848 2066 903 2117 in
946 2064 1191 2118 sarculum
1234 2064 1434 2117 swculi.
1486 2061 1683 2130 Magna
1722 2070 1796 2114 est
1826 2061 1994 2130 gloria

455 2157 567 2224 ejus
603 2157 659 2209 in
696 2154 922 2208 salutari
960 2165 1082 2216 tuo,
1120 2153 1340 2220 gloriam
1373 2161 1422 2205 et
1477 2168 1721 2220 magnum
1761 2151 1993 2205 decorem

458 2251 684 2317 impones
724 2263 876 2315 super
911 2263 1047 2299 eum.
1093 2244 1351 2309 Quoniam
1379 2244 1529 2296 dabis
1558 2260 1674 2297 eum
1706 2245 1761 2297 in
1792 2243 1994 2299 benedi-

455 2340 677 2393 ctionem
702 2376 717 2402 ,
751 2347 856 2392 etc.
892 2335 1204 2390 Praunissas
1239 2334 1425 2388 Davidi
1456 2334 1873 2402 pollicitationes
1901 2352 1996 2410 γε·

456 2430 709 2484 ticinatus
728 2467 744 2494 ,
773 2431 1166 2496 consequenter
1192 2440 1407 2480 causam
1437 2426 1587 2479 allert
1611 2440 1707 2480 cur
1731 2427 1845 2482 haec
1872 2443 1996 2483 con-

456 2526 742 2576 secuturus
782 2520 872 2574 sit.
921 2516 1240 2586 Ecqutenam
1288 2517 1378 2570 illa
1415 2530 1610 2581 causa,
1640 2517 1744 2571 nisi
1779 2533 1903 2586 spes
1934 2519 1990 2571 in

457 2606 775 2672 Dominum,
808 2622 912 2677 qua
943 2603 1366 2661 misericordiam
1398 2613 1587 2660 nactus
1608 2646 1622 2671 ,
1656 2621 1751 2675 spe
1778 2607 1868 2658 illa
1895 2621 1994 2661 sua

458 2713 491 2752 a
517 2697 625 2753 Deo
654 2699 918 2755 altissimo
945 2699 1068 2753 data
1096 2713 1204 2752 non
1245 2696 1487 2762 decidet,
1529 2712 1703 2767 neque
1740 2700 1794 2750 in
1840 2698 1994 2753 ﬁrmo

458 2787 550 2841 illo
575 2802 639 2843 ac
664 2788 839 2842 solido
865 2797 1009 2844 statu
1036 2787 1358 2842 ﬂuctuabit?
1403 2786 1540 2840 Nam
1570 2801 1681 2854 spes
1725 2803 1826 2841 non
1871 2802 1993 2839 con-

459 2878 632 2947 fundit
661 2882 728 2936 ἀ.

528 2973 693 3028 Vens.
731 2971 799 3037 9,
838 2972 923 3026 10.
966 2970 1271 3025 Inveniatur
1299 2984 1485 3023 manus
1516 2978 1607 3023 tua
1637 2968 1874 3023 omnibus
1900 2969 1995 3021 ini-

2091 1900 2243 1968 γίαις
2269 1901 2705 1968 χρηστότητος,
2735 1903 2959 1967 ἔθηκας
2994 1900 3108 1952 ἐπὶ
3137 1899 3273 1967 τὴν
3303 1899 3670 1969 κεφαλὴν

2089 1989 2194 2043 τοῦ
2217 1989 2515 2057 στέφανον
2534 1992 2601 2043 ἐκ
2626 1993 2799 2046 λίθου
2820 1992 3045 2053 τιμίου.
3097 1991 3304 2054 Ζωὴν
3328 1992 3670 2057 ᾐτήσατε

2091 2078 2190 2130 καὶ
2243 2078 2467 2145 ἔδωκας
2514 2073 2672 2144 αὺτῷ
2712 2083 3071 2149 ιιακρότητα
3105 2079 3398 2150 ἡμερῶν
3445 2084 3555 2147 εις
3605 2085 3670 2135 ai

2089 2163 2320 2230 αἰῶνος.
2347 2166 2584 2234 Μεγάλη
2606 2170 2644 2235 ἡ
2665 2167 2813 2231 δόξα
2834 2170 3028 2223 αὑτοῦ
3049 2171 3131 2222 ἐν
3154 2170 3251 2235 τῷ
3274 2173 3626 2240 σωτηρίῳ
3648 2190 3670 2226 ί

2089 2257 2273 2321 δόξαν
2301 2259 2395 2310 καὶ
2439 2259 2956 2328 μεγαλοπρέπειαν
2980 2256 3360 2328 ἐπιθήσεις
3400 2264 3518 2316 ἐπ’
3561 2266 3670 2317 αὐτ

2095 2348 2211 2401 Ὅτι
2265 2347 2475 2413 δώσεις
2523 2348 2681 2412 αὐτῷ
2733 2351 3055 2418 εὐλογίαν.
3132 2352 3267 2415 Τὰς
3337 2354 3669 2424 προλεχθεχ

2090 2436 2417 2503 ἐπαγγελίας
2449 2435 2704 2498 Θεσπίσας
2734 2439 2763 2489 ὁ
2795 2437 2957 2504 λόγος
2994 2438 3079 2509 τῷ
3122 2440 3327 2493 Δαυῖδ
3361 2483 3382 2505 ,
3443 2442 3670 2496 ἀκολού

2090 2525 2184 2596 τὴν
2213 2526 2387 2578 αἰτίαν
2435 2525 2670 2578 διδάσκει
2723 2527 2793 2579 δι’
2824 2528 2892 2597 ἢν
2920 2529 3035 2582 τῶν
3089 2533 3427 2587 τοσούτων
3486 2531 3665 2599 τεύξε

2091 2616 2185 2679 Τίς
2214 2616 2270 2668 δὲ
2306 2612 2372 2686 ἧν
2403 2617 2435 2685 ἡ
2473 2617 2619 2669 αἰτία
2649 2617 2763 2671 ἀλλ’
2792 2618 2950 2681 ἐλπὶς
2990 2624 3024 2690 ἡ
3063 2622 3173 2675 ἐπὶ
3216 2624 3335 2678 τὸν
3384 2626 3628 2697 Κύριον
3656 2666 3670 2689 ,

2090 2707 2155 2777 ἢν
2186 2706 2330 2760 ἐλέου
2366 2706 2559 2777 τυχὼν,
2599 2708 2698 2776 τῆς
2727 2708 2882 2777 παρὰ
2907 2709 3047 2762 Θεοῦ
3084 2712 3195 2765 τοῦ
3234 2715 3519 2784 ὑψίστου
3551 2718 3669 2770 ὲλπ

2090 2798 2189 2851 οὐκ
2220 2800 2596 2860 ἁποπεσεῖται,
2636 2797 2753 2851 οὐδὲ
2783 2799 3212 2871 σαλευθήσεται
3243 2806 3375 2877 τῆς
3421 2808 3670 2878 ὲρῤωμέ

2089 2888 2288 2957 ταύτης
2318 2888 2592 2951 στάσεωςς
2635 2890 2703 2941 Ἡ
2729 2889 2837 2961 γὰρ
2867 2891 3052 2958 ἐλπὶς
3089 2897 3174 2948 οὐ
3217 2900 3670 2967 καταισχύνει

2161 2980 2434 3046 Εὐρεθείη
2459 2981 2497 3046 ἡ
2527 2979 2654 3047 χείρ
2689 2995 2804 3034 σου
2835 2981 2990 3037 πᾶσι
3021 2985 3165 3052 τοῖς
3207 2988 3499 3058 ἐχθροῖς
3528 3008 3654 3044 σου

456 3064 604 3117 micis
648 3064 786 3128 tuis,
827 3060 1042 3115 «(extera
1086 3070 1173 3113 tua
1202 3059 1425 3113 inveniat
1467 3075 1642 3113 omnes
1672 3059 1760 3129 qui
1793 3068 1839 3111 te
1867 3059 1991 3111 ode-

2142 3071 2260 3135 εξιά
2290 3087 2402 3124 σου
2421 3070 2578 3139 εὕροι
2604 3071 2832 3138 πάντας
2857 3073 3008 3139 τοὺς
3035 3079 3448 3146 μισοῦντάς
3475 3096 3577 3136 σε.
3647 3084 3670 3135 ε

455 3161 596 3206 runt.
626 3151 791 3206 Panes
814 3143 898 3204 e'os
928 3164 984 3203 ut
1013 3151 1276 3204 clibauum
1304 3150 1458 3219 ignis,
1492 3150 1544 3202 in
1571 3159 1793 3218 tempore
1821 3149 1992 3202 vultus

456 3242 535 3297 tui
558 3226 576 3296 .'
607 3242 858 3296 Dominus
888 3242 938 3294 in
967 3242 1048 3294 ira
1079 3256 1177 3294 sua
1201 3239 1532 3293 conturbabit
1559 3257 1645 3295 eos
1665 3279 1680 3302 ,
1708 3249 1757 3293 et
1784 3240 1994 3295 desera-

457 3331 530 3387 bit
563 3348 649 3387 eos
690 3331 842 3402 ignis.
887 3329 977 3385 Sic
1016 3330 1180 3385 Deum
1210 3330 1559 3398 alloquuntur
1580 3330 1673 3400 qui
1703 3345 1888 3400 preces
1914 3331 1994 3385 ei-

460 3423 728 3486 rundunt,
760 3437 823 3477 ac
853 3423 897 3477 si
928 3421 1209 3476 dicerent:
1256 3419 1481 3476 Etiamsi
1525 3422 1560 3474 ii
1598 3424 1692 3491 qui
1738 3438 1859 3477 sese.
1897 3423 1993 3477 tibi

455 3512 567 3568 Deo
595 3513 840 3567 inimicos
871 3514 1302 3576 constituerunt,
1333 3514 1538 3567 animas
1567 3514 1662 3568 tibi
1709 3513 1954 3568 addictas
1974 3554 1989 3579 ,

458 3617 665 3657 necnon
716 3610 933 3655 sanctos
987 3615 1173 3654 omnes
1224 3602 1279 3653 in
1331 3601 1530 3655 familia
1583 3611 1674 3657 tua
1728 3605 1991 3672 ascriptos

453 3689 802 3759 oppugnandi
859 3690 1016 3743 tinem
1064 3704 1172 3743 non
1230 3688 1478 3756 faciunt;
1529 3702 1581 3745 at
1631 3694 1990 3749 inevitabilem

455 3793 675 3832 manum
716 3787 770 3834 et
810 3779 1067 3832 invictam
1107 3779 1361 3832 virtutem
1409 3787 1553 3833 tuam
1583 3795 1689 3833 non
1716 3781 1988 3851 eﬂugient.

456 3868 728 3925 Hactenus
766 3870 908 3925 enim
950 3869 1076 3923 dum
1124 3870 1508 3938 permittuntur
1547 3872 1752 3925 inimici
1797 3873 1875 3926 illi
1912 3874 1990 3926 tui

454 3958 683 4014 athletas
721 3966 844 4014 tuos
887 3959 1217 4021 exercitare,
1248 3958 1384 4013 altos
1422 3968 1703 4014 assumunt
1744 3962 1985 4029 spiritus.

454 4045 719 4103 Caeterum
771 4064 895 4103 cum
938 4049 974 4102 ii
1022 4048 1085 4102 ad
1129 4048 1289 4101 breve
1338 4055 1550 4116 tempus
1592 4050 1986 4118 superbierint,

456 4152 568 4191 non
595 4137 685 4191 ditt
713 4144 898 4207 postea
926 4151 1118 4191 manus
1148 4144 1237 4189 tua
1268 4135 1630 4205 deprehendet
1658 4153 1751 4191 eos
1772 4178 1787 4204 ,
1813 4154 1876 4193 ac
1905 4139 1990 4193 fu~

453 4225 662 4295 gientes
704 4227 919 4281 dextera
967 4234 1058 4280 tua
1107 4226 1426 4295 intercipiet.
1475 4227 1612 4292 Quid
1663 4242 1823 4297 porro
1870 4239 1989 4299 aget

454 4331 575 4374 cum
603 4319 1054 4387 apprehenderit?
1080 4318 1247 4372 Penes
1273 4334 1358 4371 eos
1387 4327 1443 4370 ut
1471 4319 1735 4372 clibanum
1768 4321 1898 4388 ignis
1930 4303 1983 4374 in

2096 3176 2226 3226 σεις
2273 3160 2487 3225 αὐτοὺς
2528 3161 2607 3223 ὠς
2654 3162 2953 3215 κλίϐανον
2982 3165 3200 3232 πυρὸς
3231 3172 3352 3236 εις
3390 3172 3620 3239 καιρὸν
3653 3189 3670 3224 ι

2096 3250 2410 3318 προσώπου
2428 3266 2562 3303 σου.
2593 3250 2806 3318 Κύριος
2824 3252 2894 3304 ἑν
2914 3254 3073 3323 ὀργῇ
3100 3259 3341 3314 αὑτοῦ
3370 3261 3669 3330 συν-ταρὰ

2096 3342 2342 3407 αὐτοὺς,
2373 3342 2468 3395 καὶ
2500 3341 2888 3410 καταφάγεται
2922 3347 3167 3413 αὐτοὺς
3204 3354 3244 3403 ὁ
3302 3353 3463 3421 πῦρ.
3517 3355 3670 3422 Λέγε.⁸

2095 3432 2262 3486 ταῦτα
2291 3431 2422 3502 πρὸς
2447 3431 2535 3485 τὸν
2562 3431 2689 3483 Θεὸν
2721 3432 2827 3483 ὑπὸ
2850 3432 2961 3485 τῶν
2984 3435 3094 3505 τὴν
3131 3439 3347 3514 εὐχὴν
3380 3446 3670 3513 ἀναπεμπ.

2096 3541 2220 3587 των,
2241 3523 2288 3575 οἳ
2305 3525 2396 3577 καὶ
2412 3521 2571 3592 φασιν
2592 3539 2603 3550 ·
2621 3523 2668 3573 ει
2686 3524 2778 3575 καὶ
2795 3522 2861 3575 τὰ
2880 3524 3130 3593 μάλιστα
3147 3533 3204 3583 οἱ
3225 3532 3503 3598 ἑαυτοὺς
3519 3536 3670 3605 ὲχθρη

2098 3613 2180 3665 σοὶ
2192 3612 2266 3683 τῷ
2282 3613 2396 3682 Θεῷ
2411 3613 2863 3682 καταστήσαντες,
2883 3615 2984 3678 τὰς
3004 3618 3447 3693 ἀνακειμένας
3468 3643 3555 3678 σοι
3571 3626 3670 3694 ψυ)

2096 3703 2188 3755 καὶ
2236 3703 2359 3765 τοὺς
2415 3703 2596 3769 ἁγίους
2628 3702 2831 3765 πάντας
2862 3705 2992 3768 τούς
3023 3724 3115 3760 σοι
3158 3718 3670 3787 προσῳκειωμένα

2095 3792 2510 3861 ὲκπολεμοῦντες
2531 3792 2590 3843 οὐ
2613 3791 2874 3846 παύονται
2895 3811 2909 3825 ·
2935 3795 3057 3848 ἀλλ’
3080 3800 3150 3851 οὐ
3177 3802 3611 3875 διαφεύξονται
3641 3824 3669 3857 τ

2094 3883 2328 3952 ἄφυκτον
2376 3898 2465 3933 σου
2510 3882 2663 3950 χεῖρα
2708 3883 2803 3934 καὶ
2840 3884 2940 3954 τὴν
2975 3887 3296 3959 ἀήττητόν
3345 3913 3446 3951 σου
3480 3897 3670 3965 δύναμι

2095 3970 2239 4033 Τέως
2273 3970 2368 4038 μὲν
2396 3968 2502 4036 γὰρ
2537 3969 2614 4031 εἰς
2644 3968 2764 4022 ὅσον
2792 3973 3102 4041 γυμνάζειν
3135 3984 3301 4048 τοὺς
3336 3987 3474 4049 σοὺς
3500 3984 3669 4038 οῐκείο

2092 4059 2274 4127 ὥσπερ
2301 4056 2532 4126 ἀθλητὰς
2555 4058 2941 4129 ἐπετράπησαν
2968 4063 3021 4114 οἱ
3047 4065 3280 4139 ἐχθροί
3308 4090 3412 4127 σου
3433 4113 3449 4136 ,
3482 4073 3670 4142 tantm

2091 4162 2210 4199 ταιο
2265 4144 2400 4214 πλὴν
2452 4144 2583 4214 πρὸς
2630 4144 2807 4213 ὀλίγον
2854 4149 3236 4222 ἐπαρθέντας
3275 4164 3489 4224 αὐτοὺς
3518 4163 3617 4215 οὐκ
3647 4175 3670 4211 ε

2095 4233 2304 4307 μακρὰν
2330 4236 2362 4303 ἡ
2395 4234 2460 4303 σὴ
2494 4234 2613 4303 χεὶρ
2638 4235 3036 4306 καταλήψεται,
3064 4245 3175 4297 καὶ
3219 4251 3267 4322 ἡ
3307 4251 3379 4321 σὴ
3407 4250 3561 4315 δεξιᾶ
3592 4265 3670 4317 es:

2091 4343 2280 4395 γοντας
2302 4323 2570 4395 Θηρεύσει.
2597 4324 2661 4376 Τί
2681 4324 2737 4376 δὲ
2758 4329 2972 4396 ποιήσει
3003 4337 3481 4407 καταλαϐοῦσα;
3508 4340 3670 4406 Θήσει

455 4416 678 4475 tempore
702 4407 871 4461 vultus
907 4410 1002 4464 tui.
1031 4408 1239 4463 Etenim
1275 4423 1382 4478 quo
1410 4417 1649 4478 tempore
1680 4413 1984 4479 resplende»

2142 4416 2302 4480 'Jwt'rc
2323 4414 2399 4479 ὠς
2426 4415 2708 4467 κλίϐανον
2731 4418 2920 4483 πυρὸς
2942 4422 3036 4486 εὶς
3064 4432 3321 4495 καιρὸν
3343 4424 3457 4487 τοῦ
3483 4427 3670 4500 προσιί

451 4495 532 4551 bit
555 4496 734 4550 vultus
766 4496 854 4551 ille
883 4504 1007 4552 tuus
1028 4537 1043 4562 ,
1073 4514 1181 4567 quo
1213 4498 1417 4554 scilicet
1445 4512 1664 4567 regnum
1696 4507 1844 4551 tuum
1876 4515 1987 4551 ma-

452 4584 733 4641 nifestabis
757 4627 773 4653 ,
801 4588 1017 4642 eosdem
1047 4590 1138 4658 qui
1190 4589 1291 4643 sibi
1332 4588 1466 4657 ipsis
1505 4588 1760 4657 nequitia:
1807 4591 1982 4657 ignem

451 4675 816 4742 advexerunt,
854 4678 1110 4731 meritum
1155 4679 1259 4734 sibi
1298 4677 1618 4748 supplicium
1661 4679 1986 4734 succendere

453 4763 620 4821 facies
641 4806 656 4831 ,
679 4767 754 4820 ita
799 4774 859 4821 ut
889 4768 1101 4824 libanus
1127 4769 1264 4840 ignis
1292 4769 1638 4838 sibimetipsis
1665 4767 1980 4825 elﬁciantur.

451 4852 639 4920 Qualia
672 4857 795 4912 item
822 4858 1099 4927 patiuntur
1125 4860 1217 4929 qui
1249 4860 1302 4914 in
1329 4859 1676 4930 aegritudine,
1722 4874 1981 4929 corporea

455 4940 591 4995 febri
619 4944 902 5002 laborant:
935 4950 1148 5005 nemine
1185 4951 1383 5021 quippe
1421 4950 1757 5005 extrinsecus
1802 4952 1981 5022 ignem

455 5026 798 5097 admovente,
828 5035 882 5089 in
910 5051 968 5091 se
996 5039 1131 5107 ipsis
1161 5041 1337 5110 ignem
1368 5037 1566 5093 fovent.
1601 5038 1798 5093 Eodem
1832 5054 1984 5109 pror-

455 5127 553 5169 sus
578 5118 735 5171 modo
763 5118 1009 5182 inimicos
1039 5137 1160 5185 tuos
1183 5169 1196 5191 ,
1227 5129 1438 5201 inquit,
1471 5137 1631 5199 atque
1659 5144 1753 5184 eos
1790 5130 1884 5200 qui
1932 5138 1984 5185 te

455 5204 715 5271 Oderunt,
737 5224 902 5279 pones
927 5225 986 5270 ut
1024 5221 1296 5278 clibanum
1322 5221 1482 5293 ignis.
1527 5220 1885 5288 Quamobrem
1917 5223 1983 5277 iis

454 5292 705 5386 (licetur:
754 5300 1019 5360 Proc'edite
1065 5311 1131 5363 ad
1183 5292 1361 5370 lumen,
1397 5315 1531 5386 ignis
1590 5314 1773 5383 vestri,
1820 5324 1870 5367 et
1910 5314 1981 5367 ad

454 5381 725 5454 ﬂammam
748 5405 902 5459 quam
932 5400 1261 5458 succendistis
1289 5406 1354 5459 ⁸⁷.

502 5470 691 5542 Νῆις.
730 5477 814 5531 ﬂ.
855 5477 1106 5539 Fructum
1133 5505 1308 5546 eorum
1336 5493 1398 5549 de
1424 5504 1561 5549 terra
1587 5492 1763 5564 perdes
1784 5533 1799 5562 ,
1827 5504 1873 5549 et
1900 5510 1981 5549 se-

526 5645 574 5681 ”
600 5644 758 5709 Rom.
808 5666 861 5716 ν,
896 5652 947 5707 5.
1021 5657 1075 5730 "'_
1104 5660 1204 5713 lsa.
1242 5680 1304 5729 ι,
1345 5667 1428 5725 il.

2087 4523 2202 4560 που
2240 4520 2372 4558 σου·
2425 4503 2512 4555 Ἐν
2552 4502 2629 4574 τῷ
2677 4506 2853 4593 animi»
2890 4509 3003 4581 γὰρ
3045 4515 3157 4586 τῆς
3206 4522 3589 4593 ἐπιλάμψεως
3618 4536 3670 4570 το

2086 4593 2372 4669 προσώπου
2423 4610 2545 4658 σου,
2598 4596 2654 4647 ὲν
2680 4588 2724 4662 ᾧ
2756 4596 2854 4667 τὴν
2900 4603 3115 4657 σαυτοῦ
3146 4607 3383 4677 δείξεις
3402 4588 3670 4683 βάσιλείαη

2086 4686 2279 4745 αὐτοὺς
2312 4685 2515 4746 ἑαυτοῖς
2545 4685 2605 4737 τὸ
2634 4686 2732 4757 τῆς
2767 4688 2965 4752 κακίας
2992 4692 3118 4763 πῦρ
3154 4702 3529 4769 συνάξαντας
3549 4738 3563 4757 ,
3612 4698 3669 4766 τὴ

2086 4775 2202 4830 καθ’
2250 4773 2451 4827 ἑαυτῶν
2504 4775 2719 4830 κόλασιν
2748 4776 2944 4847 ἐξάψαι
2983 4788 3309 4858 ποιήσεις-

2083 4865 2291 4925 ἑαυτοῖς
2313 4862 2556 4928 κλίϐανος
2585 4866 2749 4938 πυρὸς
2774 4868 3035 4937 γένοιντο.
3077 4876 3300 4936 Ὀποῖα
3327 4884 3625 4951 πάσχουσιν
3647 4890 3670 4926 ο

2083 4955 2139 5007 ὲν
2170 4956 2287 5015 ταῖς
2325 4952 2498 5017 νόσοις
2528 4955 2589 5009 τὸ
2641 4957 2797 5028 σῶμα
2836 4963 3231 5038 πυρέττοντες
3255 4991 3269 5004 ·
3326 4972 3560 5046 μηδενὸς
3591 4966 3670 5036 γέῑέ

2083 5044 2276 5110 ἔξωθεν
2304 5045 2657 5116 ὑωκαίοντος
2678 5091 2692 5115 ,
2719 5052 2863 5107 ἔνδον
2889 5053 2951 5106 τὸ
2977 5055 3099 5129 πῦρ
3128 5062 3199 5128 ἐξ
3228 5044 3448 5120 ἑαυτῶν
3475 5062 3670 5127 ἐπάγον

2083 5152 2189 5188 ται.
2217 5133 2402 5198 Οὕτως
2423 5133 2515 5193 οὖν
2540 5144 2636 5199 καὶ
2658 5145 2781 5210 τοὺς
2800 5145 3029 5218 ἐχθρούς
3056 5169 3161 5208 σου
3196 5158 3301 5213 καὶ
3328 5158 3460 5220 τοὺς
3481 5147 3670 5225 μισοῦνε

2085 5230 2180 5322 τας
2207 5245 2265 5281 σε
2284 5267 2299 5291 ,
2341 5231 2474 5301 φησὶ
2500 5274 2515 5298 ,
2552 5237 2735 5311 esset;
2763 5240 2837 5303 ὡς
2867 5238 3130 5299 κλίϐανον
3163 5251 3372 5322 πυρός.
3439 5244 3530 5300 Διὸ
3558 5242 3666 5306 λεΓ

2081 5318 2303 5413 (ﬁcii-7°“
2330 5322 2469 5413 πρὸς
2490 5330 2688 5399 αὐτούς
2703 5352 2715 5364 ·
2730 5333 3067 5402 Πορεύεσθε
3082 5339 3168 5406 τῷ
3188 5318 3345 5413 eum
3364 5339 3473 5395 τοῦ
3491 5329 3664 5400 πυρὸς

2083 5408 2265 5503 ὕμῷγο
2294 5411 2393 5464 καὶ
2428 5432 2461 5468 τ
2471 5418 2505 5489 ἦ
2530 5429 2707 5499 φλογὶ
2727 5420 2768 5503 ᾖ
2791 5425 3189 5491 ἑξεκαύσατε.

2159 5498 2266 5553 Τὸν
2293 5509 2530 5573 καρπὸν
2562 5498 2883 5579 aeneum
2904 5517 3016 5588 τῆς
3041 5520 3302 5589 ἀπολεῖς
3320 5561 3337 5589 ,
3369 5517 3469 5577 καὶ
3489 5509 3653 5577 (πτέρ’

3377 4795 3530 4854 ὅπως
3555 4792 3670 4844 αὐτο
