3782 6302
189 376 290 434 209

1317 394 1805 452 COMMENTARIA
1844 396 1911 450 IN
1947 399 2270 457 PSALMOS.

3262 410 3362 460 210

195 487 330 582 αἱμα
359 488 524 582 αὐτῇὗ
564 489 662 582 ἐφ’
692 490 857 582 ἡμᾶς
910 504 1031 556 καὶ
1084 506 1187 559 ἐπὶ
1238 507 1308 560 τὰ
1349 508 1522 561 τέκνα
1570 507 1749 576 ἡμῶν.

1853 531 1941 582 per
1972 514 2156 567 liberos
2182 523 2383 567 nostros
2406 515 2463 564 “.
2488 514 2672 581 Aquila
2704 529 2848 575 vero,
2875 515 3018 567 Sicut
3051 516 3145 576 leo,
3172 514 3361 582 inquit,

211 578 402 639 ’Δκύλας
439 577 518 630 δέ·
563 579 656 644 Ὠς
686 580 877 650 λέων,
917 594 1133 661 φησὶν,
1177 597 1440 650 (Utamur
1479 598 1572 649 καὶ
1610 598 1755 663 ,Βρυ-

196 666 425 736 χώμενος
442 682 457 697 ⁸
490 666 627 718 κατὰ
642 667 698 719 δὲ
718 669 815 722 τὸν
835 673 919 726 Σύ
930 670 1168 751 μμάχον
1184 700 1196 712 ⁸
1227 684 1317 748 Ὡς
1334 683 1484 736 λέων

187 755 553 823 βρυχώμενος.
578 757 643 809 Οἱ
670 758 785 829 γὰρ
813 763 1073 834 αἵματος
1096 771 1370 838 διψῶντες,
1396 774 1612 836 καὶτοῖς
1637 776 1755 826 ἐαυ-

190 846 285 898 τῶν
311 847 501 909 τέκνοις
535 848 931 921 ἐπισπώμενοι
961 858 1027 910 τὸ
1050 861 1145 913 τοῦ
1173 861 1415 932 Σωτῆρος
1448 858 1601 932 αἷμα,
1629 864 1753 932 βρυ-

191 936 423 1006 χωμένου
443 936 646 999 λέοντος
679 940 842 993 οὐδὲν
877 943 1160 1018 διέφερον.

268 1027 381 1077 Ὅτι
418 1024 766 1080 ἐκύκλωσιίν
815 1048 896 1097 με
943 1036 1133 1101 κύνες
1176 1038 1406 1101 πολλοὶ,
1442 1039 1751 1107 συναγωγὴ

187 1111 664 1179 ποννωευομένων
684 1118 1028 1186 περιέσχον
1049 1141 1145 1192 με.
1168 1125 1314 1177 Μετὰ
1334 1126 1455 1187 τοὺς
1481 1127 1753 1189 Ἰουδαίους

187 1202 309 1255 τῶν
343 1202 395 1266 ἐξ
430 1202 590 1255 ἐθνῶν
627 1209 973 1275 μνημονεύει
1024 1214 1380 1281 στρατιωτῶν.
1409 1214 1623 1276 Τούτοις
1648 1216 1753 1286 γὰρ

185 1289 382 1341 ἐκεῖνοι
433 1291 754 1360 παρέδοσαν.
793 1296 888 1347 Διὸ
935 1299 1028 1350 καὶ
1075 1300 1172 1367 τὴν
1221 1300 1367 1363 τάξιν
1401 1303 1753 1371 ὴπροφητεία

181 1377 294 1430 τῶν
341 1382 677 1448 πραγμάτων
729 1384 1017 1451 ἐφύλαξεν.
1056 1390 1286 1451 Εἰκότως
1311 1391 1364 1441 δὲ
1393 1391 1617 1460 ταύρους
1657 1392 1750 1460 μὲν

184 1468 451 1532 ἐκείνους,
483 1471 646 1534 κύνας
677 1473 735 1525 δὲ
758 1475 984 1539 τούτους
1004 1476 1304 1547 ὠνόμασεν·
1332 1482 1377 1531 οἱ
1401 1482 1496 1549 μὲν
1522 1482 1626 1550 γὰρ
1651 1482 1752 1533 ὑπὸ

184 1556 277 1608 τὸν
323 1557 415 1609 τοῦ
452 1560 619 1627 νόμου
648 1557 791 1630 ἦσαν
826 1562 1019 1629 ζυγὸν,
1050 1568 1099 1616 εἱ
1132 1569 1224 1618 καὶ
1250 1568 1528 1637 προφανῶς
1555 1569 1641 1621 τὸν
1665 1570 1749 1621 νό-

183 1662 287 1713 μον
339 1647 669 1717 παρέϐαινον
690 1667 703 1678 ·
744 1653 793 1702 οἱ
830 1652 887 1704 δὲ
926 1653 1066 1705 κατὰ
1091 1655 1249 1723 νόμον
1276 1652 1411 1724 ἦσαν
1440 1658 1746 1726 ἀκάθαρτοι.

177 1733 338 1786 οὕτω
362 1736 422 1787 δὲ
457 1737 554 1788 καὶ
580 1739 609 1788 ὁ
642 1739 847 1808 Κύριος
879 1742 975 1809 τὴν
1005 1744 1305 1796 Χαναναίαν
1334 1745 1749 1813 ὠνόμασεν.οὺκ

1851 606 2050 671 capiens
2104 614 2151 657 et
2197 605 2429 672 rugiens;
2488 602 2857 671 Symmachus,
2903 604 3045 657 Sicut
3077 604 3152 657 leo
3179 620 3364 656 certans

1851 696 2167 763 rugiensque.
2193 693 2325 745 Nam
2354 692 2443 760 qui
2479 692 2789 761 sanguinem
2819 692 3085 755 sitiebant,
3136 708 3375 761 suosque

1849 785 2048 839 liberos
2084 783 2377 837 Salvatoris
2413 782 2670 851 sanguine
2694 796 2816 836 reos
2843 796 2959 835 esse
2986 784 3368 853 procurabant,

1849 888 1878 925 a
1899 874 2051 927 leone
2075 873 2311 942 rugiente
2341 870 2473 924 nihil
2502 869 2832 925 diﬂ‘erebant.

1918 1041 2081 1096 Vens.
2125 1040 2310 1095 17-19.
2363 1041 2619 1106 Quoniam
2673 1042 3114 1095 circumdederunt
3158 1058 3237 1096 nte
3281 1061 3370 1096 ca-

1850 1148 1933 1183 nes
1984 1131 2154 1191 multi,
2222 1132 2492 1183 concilium
2565 1132 2957 1199 malignantium
3017 1131 3214 1185 obsedit
3264 1150 3366 1186 me.

1846 1219 1973 1275 Post
2010 1219 2241 1276 Iudaeos.
2270 1220 2543 1289 gentilium
2581 1220 2778 1274 milites
2811 1230 3209 1275 commemorat.
3235 1221 3368 1291 lpsis

1846 1308 1987 1362 enim
2039 1307 2207 1360 Judaei
2257 1307 2527 1362 Christum
2574 1308 2927 1362 tradiderunt.
2969 1308 3144 1373 Quare
3189 1326 3366 1364 rerum

1847 1397 2087 1452 ordinem
2145 1397 2416 1464 prophetia
2470 1399 2719 1451 servavit.
2790 1397 2917 1452 Jure
2967 1406 3140 1452 autem
3185 1408 3370 1453 tauros

1848 1487 1987 1548 illos,
2020 1486 2180 1539 hosce
2223 1500 2383 1540 canes
2428 1488 2671 1551 vocavit;
2705 1488 2779 1539 illi
2830 1503 3057 1556 namque
3098 1490 3196 1542 sub
3242 1491 3370 1559 iugo

1848 1579 1977 1647 legis
2006 1587 2177 1643 erant,
2221 1578 2429 1632 etiamsi
2478 1577 2760 1632 manifeste
2812 1579 2979 1646 legem
3034 1581 3370 1649 transgredeo

1846 1677 2066 1733 rentur;
2097 1669 2150 1720 hi
2182 1682 2308 1722 vero
2335 1668 2628 1722 secundum
2658 1670 2820 1738 legem
2850 1669 3045 1737 impuri
3075 1678 3245 1724 erant.
3282 1671 3370 1723 Sic

1848 1758 1960 1825 ipse
2015 1757 2269 1811 Dominus
2313 1758 2665 1811 Chananteam
2707 1759 3009 1826 appellavit.
3085 1757 3205 1811 Non
3257 1761 3369 1812 licet

170 1824 305 1876 ἐστι
341 1824 479 1893 γὰρ,
510 1828 889 1895 φησὶ,λα6εῖν
916 1831 1022 1882 τὸν
1046 1832 1223 1897 ἄρτον
1252 1833 1366 1886 τῶν
1391 1835 1629 1898 τέκνων,
1654 1836 1749 1887 καὶ

1851 1848 1998 1907 enim,
2032 1848 2222 1914 inquit,
2255 1848 2479 1913 accipere
2500 1864 2683 1915 panem
2708 1848 2956 1915 ﬁliorum,
2991 1857 3039 1900 et
3076 1849 3201 1901 dare
3229 1851 3374 1904 cani-

167 1913 392 1966 δοῦναι
428 1916 554 1980 τοῖς
585 1918 911 1983 κυναρίοις.
932 1919 1066 1970 Ἀλλ’
1089 1922 1233 1990 ὅμως
1264 1923 1394 1990 μετὰ
1428 1924 1486 1974 τὸ
1518 1923 1681 1985 πάθος
1701 1927 1749 1976 οἱ

166 2001 558 2067 πάλαι⁶κύνες
590 2006 676 2058 διὰ
703 2007 803 2074 τῆς
827 2008 1057 2070 πίστεως
1078 2012 1157 2072 εἱς
1184 2013 1278 2079 τὴν
1307 2012 1433 2063 υἱῶν
1463 2014 1751 2083 μεταϐεϐή-

167 2109 303 2144 ius:
330 2092 494 2155 τάξιν
514 2112 528 2123 ο
565 2097 613 2146 οἱ
640 2095 697 2146 δὲ
726 2096 889 2147 πάλαι
921 2096 1017 2166 τὴν
1046 2098 1152 2149 τῶν
1182 2098 1309 2150 υἱῶν
1335 2101 1619 2168 ἐσχηκότες
1651 2118 1749 2170 κη-

165 2180 465 2249 δεμονίαν,
494 2181 595 2251 τὴν
642 2183 820 2234 κυνῶν
869 2186 1228 2254 προσηγορίαν
1266 2186 1524 2248 ἐδέξαντο,
1553 2188 1644 2239 ἆτε
1687 2188 1749 2253 δὴ

168 2270 359 2322 κυνῶν
414 2271 576 2341 δίκην
628 2271 768 2324 κατὰ
798 2272 889 2324 τοῦ
923 2276 1186 2325 Δεσπότου
1218 2273 1584 2343 λυττήσαντες.
1621 2277 1751 2345 Περὶ

169 2361 389 2413 τούτων
411 2362 440 2411 ὁ
464 2360 738 2430 μακάριος
767 2362 976 2423 Παῦλος
1011 2361 1138 2430 βοᾷ·
1169 2362 1358 2414 Βλέπε
1386 2363 1524 2427 τοὺς
1545 2366 1744 2429 κύνας·

164 2451 447 2514 ,βλέπετε
481 2450 629 2515 τοὺς
660 2450 883 2514 κακοὺς
914 2450 1158 2518 ἐργάτας
1177 2467 1189 2480 ·
1233 2451 1484 2513 βλέπετε
1516 2453 1627 2519 τὴν
1651 2470 1751 2504 κα-

169 2539 471 2607 τατομήν.
495 2541 556 2591 ’Θ
590 2540 771 2608 μέντοι
816 2541 1143 2609 προφητικδς
1181 2541 1332 2609 λόγος
1388 2543 1552 2605 κύνας
1589 2561 1750 2614 προσ-

170 2629 497 2699 αγορεύσας
531 2628 634 2697 ἔφη
655 2643 668 2656 °
712 2628 1028 2695 Συναγωγὴ
1072 2630 1547 2696 ποτιηηρευομένων
1592 2648 1746 2698 περι-

168 2719 486 2786 έσχονμεο
516 2716 756 2783 ὤρυξαν
778 2716 978 2783 χεῖράς
997 2735 1113 2784 μου
1144 2719 1236 2771 καὶ
1264 2720 1445 2784 πόδας
1460 2738 1595 2788 μου,
1616 2722 1749 2789 ἐξηο

162 2811 491 2877 ρίθμησαν
526 2808 722 2860 πάντα
756 2808 827 2860 τὰ
860 2807 1009 2860 ὀστᾶ
1031 2825 1164 2876 μου.
1196 2810 1299 2861 Καὶ
1327 2809 1479 2863 τοῦτο
1513 2812 1567 2863 δὲ
1598 2812 1748 2882 δῆλόν

170 2902 278 2951 ἐστι
319 2898 431 2951 καὶ
459 2898 634 2964 σαφὲς
656 2898 751 2949 καὶ
773 2900 883 2957 τοῖς
910 2897 1027 2948 λίαν
1055 2898 1462 2964 φιλονεικοῦσιν·
1489 2899 1747 2969 ἀκούομεν

171 2989 272 3059 γὰρ
301 2992 369 3041 ὲν
395 2991 516 3050 τοῖς
539 2989 702 3055 ἱεροῖς
729 2986 1075 3052 Εύαγγελίοις
1104 2987 1265 3038 αὑτοῦ
1286 2988 1373 3039 τοῦ
1398 2990 1594 3057 Κυρίου
1618 2990 1749 3061 πρὸς

173 3079 293 3139 τοὺς
325 3076 535 3142 ἁγίους
572 3073 737 3125 αὑτοῦ
778 3073 1022 3140 λέγοντος
1056 3073 1326 3143 μαθητάς·
1356 3076 1608 3129 Βλέπετε
1647 3080 1749 3143 τὰς

173 3164 383 3233 χεῖράς
422 3182 567 3231 μου,
598 3163 695 3215 καὶ
724 3161 868 3226 τοὺς
893 3161 1097 3226 πόδας,
1129 3161 1213 3213 ὅτι
1242 3164 1419 3227 αὐτὸς
1460 3164 1571 3233 ἐγώ
1611 3168 1743 3232 εἰμι.
1775 3158 1815 3214 C

176 3254 279 3305 Καὶ
319 3251 520 3322 μέντοι
542 3251 636 3302 καὶ¹
667 3249 746 3313 τῷ
770 3249 937 3317 Θωμᾷ
957 3248 1062 3299 τῶν
1087 3248 1225 3317 ἥλων
1248 3252 1367 3305 τοὺς
1401 3250 1599 3313 τύπους
1642 3253 1743 3304 ὑπ-

171 3340 368 3406 έδειξε,
409 3339 508 3392 καὶ
541 3338 639 3407 τὴν
670 3337 781 3389 ἀπὸ
803 3337 899 3405 τῆς
916 3336 1110 3405 λόγχης
1135 3337 1360 3407 πληγήν·
1390 3339 1506 3390 τότε
1536 3340 1591 3390 δὲ
1617 3339 1748 3405 ἐξη-

167 3431 492 3498 ρίθμησαν
530 3424 729 3478 πάντα
772 3424 843 3476 τὰ
890 3423 1039 3475 ὀστᾶ
1077 3442 1193 3491 μου
1218 3441 1231 3454 ⁸
1283 3427 1570 3492 τουτέστιν,
1610 3426 1748 3478 οὕτω

174 3519 446 3570 διέτειναν
478 3513 902 3585 προσηλοῦντες,
935 3511 1071 3565 ὥστε
1101 3512 1273 3583 ῥᾴδιον
1301 3508 1433 3565 εἶναι
1465 3514 1540 3583 τῷ
1571 3516 1747 3584 βουλο-

181 3608 328 3676 μένῳ
367 3608 465 3659 καὶ
502 3605 594 3656 τὸν
637 3602 748 3656 τῶν
778 3601 946 3653 ὀστῶν
982 3602 1205 3671 ἀριθμὸν
1245 3602 1548 3668 διαγνῶναι.
1576 3604 1747 3656 Αὐτοὶ

181 3696 247 3747 δὲ
271 3696 665 3760 κατενόησαν
691 3691 789 3743 καὶ
813 3689 1048 3742 ἐπεῖδον
1069 3708 1143 3757 με
1162 3708 1174 3719 ·
1215 3692 1330 3743 ἀντὶ
1371 3691 1459 3743 τοῦ
1489 3692 1743 3744 ἐπιτωθά-

185 3786 365 3848 ζοντες
418 3785 519 3837 καὶ
572 3782 873 3850 γελῶντες·
918 3779 1258 3847 Διεμέρισαν
1305 3782 1374 3833 τὰ
1415 3780 1607 3849 ἱμάτιὰ
1632 3800 1747 3849 μου

185 3876 434 3941 ἑαυτοῖς,
464 3873 569 3927 καὶ
616 3872 718 3925 ἐπὶ
766 3872 872 3924 τὸν
907 3870 1216 3937 Ιματισμὸν
1251 3870 1464 3923 ἔϐαλον
1505 3872 1744 3938 κλῆρον’

187 3965 279 4015 καὶ
324 3965 483 4016 τοῦτο
533 3962 594 4014 δὲ
647 3960 974 4028 σαφέστερον
1013 3960 1044 4028 ἡ
1085 3958 1188 4011 τῶν
1236 3959 1391 4027 ἱερῶν
1417 3960 1748 4027 Εὐαγγελίων

189 4053 390 4123 ἱστορία
419 4053 697 4105 διδάσκει.

258 4148 322 4195 οι
346 4145 715 4212 φοϐούμενοι
743 4139 848 4191 τὸν
883 4128 1328 4200 Θεὸι·,ὰὶνέσατε
1354 4139 1561 4190 αὐτόν’
1593 4138 1750 4191 ἅπαν

190 4231 256 4283 to
300 4234 533 4301 σπέρμα
572 4230 796 4291 Ἰακὼϐ,
819 4228 1111 4291 δοξάσατε
1154 4230 1363 4281 αὐτόν·
1414 4227 1746 4295 φοϐηθήτω-

191 4338 310 4375 σαν
343 4324 529 4377 αὐτὸν
569 4321 740 4374 ἅπαν
781 4318 847 4369 τὸ
879 4315 1110 4383 σπέρμα
1150 4315 1395 4381 Ἰσραήλ.
1425 4314 1527 4367 Τοῦ
1559 4317 1749 4379 παντὸς

204 4413 461 4467 Ἰουδαίων
489 4412 687 4471 ἔθνους
712 4409 794 4471 εἱς
820 4408 946 4478 τρία
973 4408 1219 4475 τάγματα
1245 4407 1583 4477 διῃρημένου,
1608 4407 1751 4473 πρῶ-

1848 1936 1938 1987 bus
1976 1938 2036 1988 ".
2080 1936 2323 1989 Attamen
2375 1944 2493 2003 post
2549 1938 2870 2004 passionem,
2901 1942 2990 2004 qui
3043 1938 3169 1990 olim
3210 1952 3379 1990 canes

1849 2025 2075 2087 fuerant,
2100 2038 2193 2092 per
2218 2024 2371 2078 ﬁdem
2404 2026 2457 2077 in
2484 2025 2708 2078 ﬁliorum
2736 2026 3093 2079 conditionem
3125 2027 3370 2080 translati

1847 2121 2009 2166 sunt:
2043 2127 2103 2165 ac
2125 2112 2215 2180 qui
2246 2113 2370 2165 olim
2417 2112 2644 2166 ﬁliorum
2687 2115 2804 2167 loco
2843 2114 3009 2182 probe
3048 2115 3227 2168 educti
3259 2116 3371 2167 tue-

1845 2209 1985 2263 rant,
2010 2216 2200 2253 canum
2227 2216 2415 2254 nomen
2450 2202 2624 2269 adepti
2663 2211 2805 2265 sunt,
2834 2210 3015 2269 utpote
3036 2203 3149 2270 qui,
3178 2216 3368 2255 canum

1848 2292 2034 2353 instar,
2066 2298 2253 2343 contra
2292 2290 2573 2343 Dominum
2622 2292 2795 2345 rabidi
2841 2291 3058 2345 fuerint.
3095 2290 3170 2343 De
3202 2290 3267 2344 iis
3297 2290 3368 2341 ita

1848 2378 2039 2431 clamat
2063 2377 2295 2431 Paulus:
2336 2378 2461 2430 Vide
2493 2395 2662 2439 canes,
2696 2378 2856 2431 videte
2885 2380 3046 2431 malos
3086 2379 3367 2445 operarios,

1848 2466 2006 2518 videte
2056 2467 2398 2518 concisionem
2437 2466 2499 2518 ⁸³.
2546 2465 2896 2534 Propheticus
2955 2468 3133 2535 itaque
3192 2480 3369 2519 sermo

1847 2564 2125 2625 postquam
2147 2568 2307 2608 canes
2329 2557 2555 2619 vocavit,
2585 2556 2655 2607 ita
2686 2557 2940 2623 loquitur,
2961 2554 3233 2624 Synagoga
3259 2571 3369 2606 ma-

1847 2645 2155 2713 lignantium
2206 2644 2399 2697 obsedit
2448 2661 2565 2697 me:
2623 2644 2863 2712 foderunt
2916 2660 3099 2697 manus
3142 2661 3281 2697 meas
3321 2656 3370 2697 ct

1846 2735 1994 2801 pedes
2025 2751 2182 2797 meos,
2212 2735 2658 2788 dinumeraverunt
2687 2737 2863 2788 omnia
2897 2752 3016 2789 ossa
3053 2752 3183 2789 mea.
3219 2734 3369 2799 Quoi

1847 2823 2061 2891 quidem
2100 2824 2303 2876 clarum
2354 2831 2407 2876 et
2460 2831 2701 2893 apertum
2733 2824 2819 2876 vel
2864 2824 3372 2878 contentiosioribus

1848 2912 2026 2966 fuerit.
2054 2913 2183 2965 Nam
2232 2914 2286 2965 in
2335 2914 2504 2967 sacris
2548 2911 2848 2981 Evangeliis
2883 2914 3055 2981 ipsum
3086 2912 3381 2966 Dominum.

1847 3002 2094 3058 audimus
2128 3012 2342 3057 sanctos
2371 3003 2663 3071 discipulos
2699 3017 2827 3056 suos
2868 3003 2946 3057 sic
2977 3005 3367 3072 alloquentem:

1858 3093 2031 3147 Videte
2074 3109 2255 3147 manus
2304 3110 2443 3147 meas
2475 3104 2519 3145 et
2553 3093 2699 3157 pedes
2733 3108 2904 3155 meos,
2947 3095 3068 3161 quia
3119 3110 3208 3162 ego
3265 3094 3369 3160 ipso

1847 3199 1959 3235 sum
1990 3184 2053 3233 ν’.
2090 3183 2298 3235 Atcnim
2333 3183 2433 3249 ipsi
2485 3181 2700 3234 Thomas
2729 3182 2998 3234 clavorum
3031 3183 3251 3250 vestigia
3282 3199 3365 3233 os-

1846 3272 2035 3335 tendit,
2094 3286 2301 3324 necnon
2352 3268 2606 3321 inﬂ'ictum
2653 3285 2681 3321 a
2733 3270 2918 3323 lancea
2956 3271 3170 3322 vulnus.
3219 3267 3371 3321 Tunc

1846 3376 2022 3430 porro,
2040 3360 2485 3412 dinumeraverunt
2512 3360 2681 3410 omnia
2707 3374 2823 3411 ossa
2853 3375 2982 3424 mea,
3004 3357 3270 3417 videlicet,
3297 3356 3377 3407 ita

1844 3451 2219 3511 extenderunt,
2253 3448 2377 3501 dum
2422 3463 2505 3500 me
2536 3449 2701 3501 clavis
2731 3448 3032 3516 ailigercut,
3065 3453 3123 3498 ut
3155 3445 3374 3498 cuilibet

1846 3541 2043 3594 volenti
2077 3540 2282 3594 ossium
2338 3553 2617 3591 numerum
2658 3546 2966 3606 computare
3010 3539 3212 3591 liceret.
3260 3534 3368 3603 Ipsi

1845 3644 1958 3681 vero
1993 3627 2440 3682 eonsideraverunt
2463 3638 2510 3679 et
2533 3629 2859 3693 inspexerunt
2892 3642 2987 3687 me,
3020 3625 3070 3677 id
3101 3635 3202 3691 est,
3244 3625 3370 3677 illu-

1846 3727 2033 3772 serunt
2058 3728 2218 3788 atque
2254 3719 2572 3782 irriserunt;
2601 3717 2886 3769 diviserunt
2927 3715 3025 3767 sibi
3074 3716 3370 3768 vestimenta

1845 3825 1977 3871 mea,
2008 3818 2056 3861 et
2096 3823 2246 3874 super
2273 3816 2455 3859 vestem
2504 3824 2667 3859 meam
2697 3807 2940 3858 miserunt
2980 3815 3189 3871 sortem,
3227 3804 3366 3874 quod

1846 3897 2083 3965 apertius
2142 3903 2356 3950 enarrat
2413 3910 2688 3950 sacrorum
2750 3894 3152 3962 Evangeliorum
3205 3893 3369 3947 histo-

1847 4002 1944 4039 ιἰει.

1916 4139 2075 4192 Vens.
2100 4138 2187 4202 24,
2216 4137 2304 4191 25.
2331 4137 2432 4202 Qui
2457 4137 2641 4189 timetis
2666 4136 2961 4199 Dominum,
2993 4132 3200 4185 laudate
3224 4148 3365 4185 eum:

1847 4232 2132 4281 universum
2165 4244 2331 4280 semen
2351 4226 2535 4290 Iacob,
2567 4227 2851 4294 gloriﬁcate
2878 4240 3020 4276 eum:
3054 4225 3229 4275 timeat
3256 4238 3369 4275 eum

1848 4338 1993 4373 omne
2020 4336 2187 4373 semen
2233 4318 2421 4371 Israel.
2457 4318 2589 4370 Cum
2633 4316 2936 4368 Iudaeorum
2986 4314 3132 4366 natio
3163 4321 3272 4365 tres
3317 4314 3369 4363 in

1848 4409 2064 4463 ordines
2109 4407 2393 4461 distributa
2438 4407 2529 4465 sit.
2580 4406 2750 4473 primo
2793 4403 2995 4457 scilicet
3040 4404 3093 4455 in
3138 4400 3368 4454 inﬁmam

196 4517 284 4553 τον
317 4506 402 4571 μὲν
438 4506 521 4566 εἰς
551 4502 616 4553 τὸ
643 4498 826 4551 κοινὸν
859 4496 1054 4565 πλῆθος
1087 4496 1176 4547 τοῦ
1231 4496 1429 4559 ἔθνους,
1455 4497 1587 4565 ὅπερ
1625 4497 1749 4547 ὲκαο

1853 4501 2023 4571 gentis
2053 4499 2279 4567 plebem,
2322 4512 2439 4566 quae
2476 4496 2765 4549 vocabatur
2804 4492 2998 4560 lsrael;
3047 4494 3279 4548 secundo
3317 4493 3369 4543 in

203 4586 340 4640 λεῐτο
378 4588 625 4664 Ἰσραήλο
662 4587 855 4638 ἔπειτα
888 4587 966 4647 είς
1004 4584 1064 4636 τὸ
1095 4583 1373 4654 ἱερατικὸν,
1407 4585 1540 4654 ὅπερ
1574 4580 1640 4653 ἦν
1671 4582 1749 4636 οἷ-

206 4696 301 4741 κος
340 4683 554 4753 Ἀαρὼν,
588 4680 688 4732 καὶ
730 4677 908 4746 τρίτον
952 4676 1029 4736 εἱς
1064 4674 1121 4725 τὸ
1146 4673 1250 4726 τῶν
1285 4673 1471 4742 ἱερέων
1500 4675 1751 4744 ὑπηρετι-

202 4769 322 4831 κὸν,
352 4774 472 4842 ὅπερ
499 4769 569 4841 ἦν
596 4766 751 4828 οἶκος
780 4766 930 4820 Λευῖ.
958 4764 1034 4816 Τά
1070 4764 1190 4834 τρία
1214 4762 1747 4833 καταριθμησάμενος

197 4856 379 4927 ἔτερος
401 4862 637 4931 ψαλμὸς,
669 4858 856 4925 ἕτερον
885 4854 1068 4923 τάγμα
1090 4853 1341 4922 τέταρτον
1368 4852 1515 4921 παρὰ
1536 4852 1600 4903 τὰ
1625 4870 1747 4922 πρου

201 4949 454 5015 ειρημὲνα
484 4949 723 5014 εἰσάγει,
756 4944 817 4995 τὸ
873 4942 976 4994 τῶν
1025 4940 1362 5010 φοϐουμένων
1400 4940 1486 4991 τὸν
1531 4939 1743 5010 Κύριον.

204 5038 375 5089 Τοῦτο
406 5040 456 5091 δὲ
499 5036 566 5109 ἦν
609 5036 672 5089 τὸ
705 5034 767 5097 ἐξ
798 5033 965 5086 ἐθνῶν
995 5033 1084 5084 ἐπὶ
1114 5032 1200 5083 τὸν
1242 5031 1371 5081 Θεὸν
1406 5032 1748 5100 ἐπιστρεφόν-

202 5128 475 5198 tu;vaqu
498 5129 630 5197 γάρ’
650 5122 827 5187 Οἶκος
855 5124 1003 5189 Ἰσρα
1014 5121 1106 5189 ὴλ,
1128 5118 1490 5186 εὐλογήσατε
1516 5121 1619 5171 τὸν
1642 5122 1747 5173 Κύ-

195 5230 366 5280 ριον·
397 5220 589 5285 ὁμοίως
627 5216 684 5268 δὲ
727 5214 822 5266 καὶ
863 5209 1007 5271 οἶκος
1047 5207 1265 5278 Ἀαρὼν,
1296 5207 1389 5258 καὶ
1417 5203 1557 5267 οἶκος
1588 5210 1715 5260 Λευῖ
1734 5226 1746 5239 ·

206 5304 302 5355 ἐπὶ
337 5305 468 5357 τέλει
496 5307 553 5357 δὲ
579 5307 629 5357 οἱ
656 5303 819 5372 φοϐού
829 5318 975 5371 μενοι
1001 5298 1089 5351 τὸν
1115 5296 1332 5365 Κύριον.
1350 5295 1481 5349 Ἀλλ’
1505 5298 1560 5346 ὲν
1587 5297 1752 5367 τούτῳ

208 5393 312 5459 μὲν
350 5396 722 5461 προετάττοντο
749 5392 854 5445 τῶν
895 5387 1234 5457 φοϐουμένων
1267 5382 1355 5434 τὸν
1388 5381 1580 5450 Κύριον
1616 5386 1662 5436 οἱ
1691 5387 1752 5439 ἐκ

202 5481 302 5532 τοῦ
342 5481 549 5552 Ἰσραήλ
568 5498 578 5511 ·
604 5481 830 5534 ἐνταῦθα
851 5480 907 5533 δὲ
939 5476 1076 5547 μετὰ
1098 5476 1193 5543 τὴν
1221 5471 1507 5540 ἀνάστασιν
1532 5472 1622 5524 τοῦ
1654 5475 1754 5526 Σω-

288 5658 333 5685 “
382 5656 558 5710 Matth.
599 5673 773 5724 xxv",
805 5659 894 5711 25.

1851 4569 2232 4643 sacci-dotalem
2286 4585 2557 4647 ordinem',
2589 4600 2707 4652 qua:
2764 4593 2878 4637 erat
2930 4582 3119 4635 domus
3166 4581 3369 4641 Aaron;

1851 4678 2005 4731 tertio
2040 4679 2093 4730 in
2145 4676 2479 4730 sacerdotum
2511 4674 2809 4733 ministros.
2860 4687 2976 4739 qum
3021 4678 3134 4725 erat
3182 4669 3372 4722 domus

1852 4767 1975 4820 Levi
2002 4787 2013 4819 :
2040 4774 2317 4835 postquam
2337 4765 2440 4817 tria
2473 4764 2559 4816 illa
2588 4779 2781 4832 genera
2812 4764 2945 4814 alius
2968 4762 3204 4828 psalmus
3233 4772 3367 4811 enu-

1850 4858 2101 4919 meravit,
2152 4858 2315 4909 alium
2372 4855 2457 4907 hic
2514 4853 2783 4923 praedictis
2837 4858 3082 4919 quartum
3131 4848 3371 4917 ordinem

1850 4946 2077 5013 adjecit,
2117 4944 2360 4998 videlicet
2429 4941 2729 4994 timentium
2779 4939 3080 4991 Dominum.
3143 4935 3375 5003 Eratque

1850 5034 1938 5087 ille
1965 5049 2030 5087 ex
2081 5032 2367 5102 gentilibus
2394 5028 2460 5081 ad
2505 5028 2671 5081 Deum
2727 5026 3000 5081 conversis
3029 5025 3374 5078 constitutus.

1850 5123 1936 5176 Ait
1958 5123 2189 5191 quippe:
2235 5121 2422 5172 Domus
2459 5118 2651 5180 Israel,
2693 5116 2968 5169 benedicite
3004 5114 3375 5178 Dominum”;

1854 5213 2225 5279 similiterque,
2252 5209 2439 5261 domus
2466 5208 2645 5258 Aaron
2676 5215 2729 5259 et
2759 5206 2949 5260 domus
2982 5205 3101 5259 Levi
3128 5223 3141 5258 :
3183 5206 3235 5257 in
3276 5204 3377 5256 tim:

1854 5301 2067 5355 tandem
2109 5300 2352 5351 timentes
2402 5295 2684 5347 Dominum
2723 5296 2976 5348 annectit.
3034 5293 3137 5346 Sed
3182 5294 3237 5345 in
3288 5293 3377 5345 illa

1855 5388 2065 5457 quidem
2098 5385 2321 5455 psalmo,
2354 5383 2443 5449 qui
2478 5398 2542 5435 ex
2571 5383 2728 5437 domo
2762 5382 2970 5437 lsraelis
3007 5391 3152 5446 sunt,
3186 5384 3377 5435 timena

1855 5478 1997 5531 tibus
2052 5475 2328 5528 Dominum
2383 5473 2805 5540 praemittuntur;
2857 5474 2943 5527 hic
2992 5480 3214 5535 contra,
3257 5480 3375 5540 post

974 5658 1015 5688 "
1057 5653 1235 5708 Matth.
1278 5666 1371 5715 xv,
1406 5650 1487 5704 26.
1568 5655 1609 5684 ⁸³
1649 5654 1743 5710 Phi

1851 5679 1872 5710 ›.
1912 5671 2005 5719 ιιι,
2036 5652 2086 5709 2.
2165 5651 2205 5683 “
2240 5649 2369 5703 Luc.
2406 5665 2565 5717 Χιιν,
2599 5650 2686 5708 59.
2764 5653 2803 5686 ¹⁹
2846 5652 2985 5708 Psal.
3026 5665 3252 5712 csum,
3291 5646 3372 5705 i9.
