  <div class='ocr_page' id='page_1' title='image "/cluster/home/n/w/nwhite01/storage/ocr_20150623/23 (Eusebius, pt. 5)/nyp.33433081862363/116.png"; bbox 0 0 3782 6336; ppageno 0'>
   <div class='ocr_carea' id='block_1_1' title="bbox 236 357 332 411">
    <p class='ocr_par' dir='ltr' id='par_1_1' title="bbox 236 357 332 411">
     <span class='ocr_line' id='line_1_1' title="bbox 236 357 332 411; baseline 0 0"><span class='ocrx_word' id='word_1_1' title='bbox 236 357 332 411; x_wconf 73' lang='grc'><strong>315</strong></span> 
     </span>
    </p>
   </div>
   <div class='ocr_carea' id='block_1_2' title="bbox 1334 373 2291 432">
    <p class='ocr_par' dir='ltr' id='par_1_2' title="bbox 1334 373 2291 432">
     <span class='ocr_line' id='line_1_2' title="bbox 1334 373 2291 432; baseline 0.002 -3"><span class='ocrx_word' id='word_1_2' title='bbox 1334 373 1811 429; x_wconf 70' lang='lat' dir='ltr'><strong>COMMENTARIA</strong></span> <span class='ocrx_word' id='word_1_3' title='bbox 1849 377 1914 430; x_wconf 86' lang='lat' dir='ltr'><strong>lN</strong></span> <span class='ocrx_word' id='word_1_4' title='bbox 1964 376 2291 432; x_wconf 80' lang='lat' dir='ltr'><strong>PSALMOS.</strong></span> 
     </span>
    </p>
   </div>
   <div class='ocr_carea' id='block_1_3' title="bbox 3321 389 3419 442">
    <p class='ocr_par' dir='ltr' id='par_1_3' title="bbox 3321 389 3419 442">
     <span class='ocr_line' id='line_1_3' title="bbox 3321 389 3419 442; baseline -0.01 0"><span class='ocrx_word' id='word_1_5' title='bbox 3321 389 3419 442; x_wconf 74' lang='lat' dir='ltr'><strong>2H</strong></span> 
     </span>
    </p>
   </div>
   <div class='ocr_carea' id='block_1_4' title="bbox 241 463 1776 568">
    <p class='ocr_par' dir='ltr' id='par_1_4' title="bbox 241 463 1776 568">
     <span class='ocr_line' id='line_1_4' title="bbox 241 463 1776 568; baseline 0.011 -39"><span class='ocrx_word' id='word_1_6' title='bbox 449 468 564 566; x_wconf 59' lang='grc' dir='ltr'><strong>Ὅτξ</strong></span> <span class='ocrx_word' id='word_1_7' title='bbox 600 466 701 568; x_wconf 49' lang='grc' dir='ltr'><strong>τιξπξ</strong></span> <span class='ocrx_word' id='word_1_8' title='bbox 729 472 974 568; x_wconf 54' lang='grc' dir='ltr'><strong>Ῑξυρίὲυ</strong></span> <span class='ocrx_word' id='word_1_9' title='bbox 1025 483 1075 551; x_wconf 80' lang='grc' dir='ltr'><strong>ἠ</strong></span> <span class='ocrx_word' id='word_1_10' title='bbox 1097 463 1438 552; x_wconf 47' lang='grc' dir='ltr'>-ξβασιλεία,</span> <span class='ocrx_word' id='word_1_11' title='bbox 1481 492 1574 544; x_wconf 76' lang='grc' dir='ltr'>καὶ</span> <span class='ocrx_word' id='word_1_12' title='bbox 1617 493 1776 557; x_wconf 66' lang='grc' dir='ltr'>αὐτὸς</span> 
     </span>
    </p>
   </div>
   <div class='ocr_carea' id='block_1_5' title="bbox 1878 463 3417 568">
    <p class='ocr_par' dir='ltr' id='par_1_5' title="bbox 1895 494 3417 568">
     <span class='ocr_line' id='line_1_5' title="bbox 1895 494 3417 568; baseline 0.007 -25"><span class='ocrx_word' id='word_1_13' title='bbox 1895 494 2019 545; x_wconf 87' lang='lat' dir='ltr'><strong>mini</strong></span> <span class='ocrx_word' id='word_1_14' title='bbox 2060 503 2136 545; x_wconf 85' lang='lat' dir='ltr'><strong>est</strong></span> <span class='ocrx_word' id='word_1_15' title='bbox 2175 508 2400 561; x_wconf 82' lang='lat' dir='ltr'><strong>regnum,</strong></span> <span class='ocrx_word' id='word_1_16' title='bbox 2435 500 2483 546; x_wconf 84' lang='lat' dir='ltr'><strong>et</strong></span> <span class='ocrx_word' id='word_1_17' title='bbox 2536 494 2638 560; x_wconf 84' lang='lat' dir='ltr'><strong>ipse</strong></span> <span class='ocrx_word' id='word_1_18' title='bbox 2681 495 2978 552; x_wconf 84' lang='lat' dir='ltr'><strong>dominatur</strong></span> <span class='ocrx_word' id='word_1_19' title='bbox 3016 500 3257 568; x_wconf 70' lang='lat' dir='ltr'><strong>gentiiim.</strong></span> <span class='ocrx_word' id='word_1_20' title='bbox 3290 500 3417 554; x_wconf 79' lang='lat' dir='ltr'><strong>Nam</strong></span> 
     </span>
    </p>
   </div>
   <div class='ocr_carea' id='block_1_6' title="bbox 241 556 1791 650">
    <p class='ocr_par' dir='ltr' id='par_1_6' title="bbox 241 556 1791 650">
     <span class='ocr_line' id='line_1_6' title="bbox 241 556 1791 650; baseline 0.012 -34"><span class='ocrx_word' id='word_1_21' title='bbox 241 556 470 650; x_wconf 74' lang='grc' dir='ltr'>δεσπόζει</span> <span class='ocrx_word' id='word_1_22' title='bbox 489 557 610 650; x_wconf 15' lang='grc' dir='ltr'>*τῷν</span> <span class='ocrx_word' id='word_1_23' title='bbox 635 557 846 615; x_wconf 77' lang='grc' dir='ltr'>ἐθνῶν.</span> <span class='ocrx_word' id='word_1_24' title='bbox 887 563 1016 622; x_wconf 73' lang='grc' dir='ltr'>Τοῦ</span> <span class='ocrx_word' id='word_1_25' title='bbox 1060 575 1180 646; x_wconf 80' lang='grc' dir='ltr'>γὰρ</span> <span class='ocrx_word' id='word_1_26' title='bbox 1212 582 1471 650; x_wconf 73' lang='grc' dir='ltr'><strong>σωτηρίου</strong></span> <span class='ocrx_word' id='word_1_27' title='bbox 1505 582 1673 649; x_wconf 87' lang='grc' dir='ltr'>φωτὸς</span> <span class='ocrx_word' id='word_1_28' title='bbox 1698 556 1791 634; x_wconf 47' lang='grc' dir='ltr'><strong>αὐέ</strong></span> 
     </span>
    </p>
   </div>
   <div class='ocr_carea' id='block_1_7' title="bbox 239 648 1793 741">
    <p class='ocr_par' dir='ltr' id='par_1_7' title="bbox 239 648 1793 741">
     <span class='ocr_line' id='line_1_7' title="bbox 239 648 1793 741; baseline 0.008 -27"><span class='ocrx_word' id='word_1_29' title='bbox 239 654 332 714; x_wconf 80' lang='grc' dir='ltr'><strong>τοῖς</strong></span> <span class='ocrx_word' id='word_1_30' title='bbox 360 648 770 716; x_wconf 51' lang='grc' dir='ltr'><strong>ἐπιλάμψαντος,</strong></span> <span class='ocrx_word' id='word_1_31' title='bbox 796 648 1369 736; x_wconf 74' lang='grc' dir='ltr'>ἀναμνησθήσονται,</span> <span class='ocrx_word' id='word_1_32' title='bbox 1390 671 1463 732; x_wconf 83' lang='grc' dir='ltr'>ὠς</span> <span class='ocrx_word' id='word_1_33' title='bbox 1496 648 1599 740; x_wconf 66' lang='grc' dir='ltr'>ἄρα</span> <span class='ocrx_word' id='word_1_34' title='bbox 1618 667 1682 741; x_wconf 85' lang='grc' dir='ltr'><strong>ῆν</strong></span> <span class='ocrx_word' id='word_1_35' title='bbox 1713 691 1793 736; x_wconf 89' lang='grc' dir='ltr'><strong>τις</strong></span> 
     </span>
    </p>
   </div>
   <div class='ocr_carea' id='block_1_8' title="bbox 235 737 1792 830">
    <p class='ocr_par' dir='ltr' id='par_1_8' title="bbox 235 737 1792 830">
     <span class='ocr_line' id='line_1_8' title="bbox 235 737 1792 830; baseline 0.013 -36"><span class='ocrx_word' id='word_1_36' title='bbox 235 741 393 800; x_wconf 74' lang='grc' dir='ltr'>αὐτοῖς</span> <span class='ocrx_word' id='word_1_37' title='bbox 423 737 636 808; x_wconf 80' lang='grc' dir='ltr'>Κύριος,</span> <span class='ocrx_word' id='word_1_38' title='bbox 660 739 689 790; x_wconf 80' lang='grc' dir='ltr'>ὃ</span> <span class='ocrx_word' id='word_1_39' title='bbox 711 756 778 806; x_wconf 85' lang='grc' dir='ltr'><strong>γε</strong></span> <span class='ocrx_word' id='word_1_40' title='bbox 829 743 1077 816; x_wconf 81' lang='grc' dir='ltr'>ἀληθῶς</span> <span class='ocrx_word' id='word_1_41' title='bbox 1112 760 1223 808; x_wconf 89' lang='grc' dir='ltr'><strong>τῶν</strong></span> <span class='ocrx_word' id='word_1_42' title='bbox 1251 757 1382 810; x_wconf 83' lang='grc' dir='ltr'>ὅλων</span> <span class='ocrx_word' id='word_1_43' title='bbox 1429 737 1714 830; x_wconf 67' lang='grc' dir='ltr'>δεσπότης·</span> <span class='ocrx_word' id='word_1_44' title='bbox 1746 765 1792 815; x_wconf 85' lang='grc' dir='ltr'>οἰ</span> 
     </span>
    </p>
   </div>
   <div class='ocr_carea' id='block_1_9' title="bbox 233 830 1792 922">
    <p class='ocr_par' dir='ltr' id='par_1_9' title="bbox 233 830 1792 922">
     <span class='ocr_line' id='line_1_9' title="bbox 233 830 1792 922; baseline 0.007 -28"><span class='ocrx_word' id='word_1_45' title='bbox 233 830 709 922; x_wconf 10' lang='grc' dir='ltr'>γὰρξνῖεήιομισμέγοι</span> <span class='ocrx_word' id='word_1_46' title='bbox 741 833 937 900; x_wconf 62' lang='grc' dir='ltr'>αὐτοῖς</span> <span class='ocrx_word' id='word_1_47' title='bbox 956 835 1112 910; x_wconf 78' lang='grc' dir='ltr'>ἦσαν</span> <span class='ocrx_word' id='word_1_48' title='bbox 1147 847 1347 916; x_wconf 84' lang='grc' dir='ltr'>Κυρίου</span> <span class='ocrx_word' id='word_1_49' title='bbox 1366 866 1379 878; x_wconf 91' lang='grc'><strong>·</strong></span> <span class='ocrx_word' id='word_1_50' title='bbox 1407 853 1484 912; x_wconf 80' lang='grc' dir='ltr'>εἰς</span> <span class='ocrx_word' id='word_1_51' title='bbox 1502 853 1792 922; x_wconf 76' lang='grc' dir='ltr'>ἀνάμνησιν</span> 
     </span>
    </p>
   </div>
   <div class='ocr_carea' id='block_1_10' title="bbox 225 919 1789 1009">
    <p class='ocr_par' dir='ltr' id='par_1_10' title="bbox 225 919 1789 1009">
     <span class='ocr_line' id='line_1_10' title="bbox 225 919 1789 1009; baseline 0.017 -40"><span class='ocrx_word' id='word_1_52' title='bbox 225 920 282 972; x_wconf 77' lang='grc' dir='ltr'>δὲ</span> <span class='ocrx_word' id='word_1_53' title='bbox 309 919 532 982; x_wconf 66' lang='grc' dir='ltr'>ἐλθόντες</span> <span class='ocrx_word' id='word_1_54' title='bbox 561 920 656 972; x_wconf 77' lang='grc' dir='ltr'>τοῦ</span> <span class='ocrx_word' id='word_1_55' title='bbox 694 923 853 991; x_wconf 81' lang='grc' dir='ltr'>σφῶν</span> <span class='ocrx_word' id='word_1_56' title='bbox 881 926 1183 998; x_wconf 80' lang='grc' dir='ltr'><strong>δεσπότου,</strong></span> <span class='ocrx_word' id='word_1_57' title='bbox 1220 939 1304 990; x_wconf 79' lang='grc' dir='ltr'>ἐπ’</span> <span class='ocrx_word' id='word_1_58' title='bbox 1337 941 1494 992; x_wconf 83' lang='grc' dir='ltr'>αὐτὸν</span> <span class='ocrx_word' id='word_1_59' title='bbox 1524 942 1789 1009; x_wconf 85' lang='grc' dir='ltr'>καταφεύ-</span> 
     </span>
    </p>
   </div>
   <div class='ocr_carea' id='block_1_11' title="bbox 233 1011 1790 1097">
    <p class='ocr_par' dir='ltr' id='par_1_11' title="bbox 233 1011 1790 1097">
     <span class='ocr_line' id='line_1_11' title="bbox 233 1011 1790 1097; baseline 0.013 -33"><span class='ocrx_word' id='word_1_60' title='bbox 233 1011 439 1086; x_wconf 78' lang='grc' dir='ltr'>ξυνται·</span> <span class='ocrx_word' id='word_1_61' title='bbox 493 1012 575 1063; x_wconf 73' lang='grc' dir='ltr'><strong>καὶ</strong></span> <span class='ocrx_word' id='word_1_62' title='bbox 625 1013 687 1064; x_wconf 82' lang='grc' dir='ltr'>ὃν</span> <span class='ocrx_word' id='word_1_63' title='bbox 743 1016 927 1070; x_wconf 80' lang='grc' dir='ltr'>πάλαι</span> <span class='ocrx_word' id='word_1_64' title='bbox 979 1023 1443 1097; x_wconf 84' lang='grc' dir='ltr'>ἀπεστράφησαν,</span> <span class='ocrx_word' id='word_1_65' title='bbox 1501 1031 1635 1082; x_wconf 85' lang='grc' dir='ltr'>κατά</span> <span class='ocrx_word' id='word_1_66' title='bbox 1675 1049 1790 1083; x_wconf 89' lang='grc' dir='ltr'>τινα</span> 
     </span>
    </p>
   </div>
   <div class='ocr_carea' id='block_1_12' title="bbox 228 1104 1787 1186">
    <p class='ocr_par' dir='ltr' id='par_1_12' title="bbox 228 1104 1787 1186">
     <span class='ocr_line' id='line_1_12' title="bbox 228 1104 1787 1186; baseline 0.012 -30"><span class='ocrx_word' id='word_1_67' title='bbox 228 1105 436 1176; x_wconf 78' lang='grc' dir='ltr'><strong>ἐχθρῶν</strong></span> <span class='ocrx_word' id='word_1_68' title='bbox 465 1104 744 1177; x_wconf 73' lang='grc' dir='ltr'>ἐπιϐουλὴν</span> <span class='ocrx_word' id='word_1_69' title='bbox 766 1147 781 1170; x_wconf 97' lang='grc'><strong>,</strong></span> <span class='ocrx_word' id='word_1_70' title='bbox 818 1109 1019 1164; x_wconf 80' lang='grc' dir='ltr'>τοῦτον</span> <span class='ocrx_word' id='word_1_71' title='bbox 1057 1116 1259 1186; x_wconf 84' lang='grc' dir='ltr'><strong>Κύριον</strong></span> <span class='ocrx_word' id='word_1_72' title='bbox 1291 1119 1463 1170; x_wconf 81' lang='grc' dir='ltr'>αὐτῶν</span> <span class='ocrx_word' id='word_1_73' title='bbox 1500 1120 1624 1173; x_wconf 74' lang='grc' dir='ltr'>ὄντα</span> <span class='ocrx_word' id='word_1_74' title='bbox 1671 1124 1787 1173; x_wconf 66' lang='grc' dir='ltr'>ὲπιι</span> 
     </span>
    </p>
   </div>
   <div class='ocr_carea' id='block_1_13' title="bbox 223 1194 1789 1284">
    <p class='ocr_par' dir='ltr' id='par_1_13' title="bbox 223 1194 1789 1284">
     <span class='ocr_line' id='line_1_13' title="bbox 223 1194 1789 1284; baseline 0.01 -37"><span class='ocrx_word' id='word_1_75' title='bbox 223 1194 536 1262; x_wconf 73' lang='grc' dir='ltr'><strong>γνώσονται,</strong></span> <span class='ocrx_word' id='word_1_76' title='bbox 568 1196 664 1248; x_wconf 69' lang='grc' dir='ltr'><strong>καὶ</strong></span> <span class='ocrx_word' id='word_1_77' title='bbox 701 1199 1222 1284; x_wconf 54' lang='grc' dir='ltr'>ἐπιστραφήσονται</span> <span class='ocrx_word' id='word_1_78' title='bbox 1266 1208 1398 1275; x_wconf 83' lang='grc' dir='ltr'>πρὸς</span> <span class='ocrx_word' id='word_1_79' title='bbox 1437 1210 1610 1261; x_wconf 74' lang='grc' dir='ltr'>αὐτόν.</span> <span class='ocrx_word' id='word_1_80' title='bbox 1657 1210 1789 1261; x_wconf 83' lang='grc' dir='ltr'>Ἀλλ’</span> 
     </span>
    </p>
   </div>
   <div class='ocr_carea' id='block_1_14' title="bbox 221 1285 1789 1372">
    <p class='ocr_par' dir='ltr' id='par_1_14' title="bbox 221 1285 1789 1372">
     <span class='ocr_line' id='line_1_14' title="bbox 221 1285 1789 1372; baseline 0.01 -38"><span class='ocrx_word' id='word_1_81' title='bbox 221 1285 317 1336; x_wconf 72' lang='grc' dir='ltr'>ἵνα</span> <span class='ocrx_word' id='word_1_82' title='bbox 355 1287 423 1354; x_wconf 84' lang='grc' dir='ltr'><strong>μή</strong></span> <span class='ocrx_word' id='word_1_83' title='bbox 455 1302 532 1348; x_wconf 83' lang='grc' dir='ltr'><strong>τις</strong></span> <span class='ocrx_word' id='word_1_84' title='bbox 569 1286 819 1355; x_wconf 74' lang='grc' dir='ltr'>νομίσειε</span> <span class='ocrx_word' id='word_1_85' title='bbox 860 1291 1044 1345; x_wconf 79' lang='grc' dir='ltr'>ταῦτα</span> <span class='ocrx_word' id='word_1_86' title='bbox 1090 1293 1334 1372; x_wconf 82' lang='grc' dir='ltr'>λέγεσθαι</span> <span class='ocrx_word' id='word_1_87' title='bbox 1368 1297 1490 1365; x_wconf 80' lang='grc' dir='ltr'>περὶ</span> <span class='ocrx_word' id='word_1_88' title='bbox 1527 1296 1617 1348; x_wconf 84' lang='grc' dir='ltr'>τοῦ</span> <span class='ocrx_word' id='word_1_89' title='bbox 1666 1298 1789 1349; x_wconf 86' lang='grc' dir='ltr'>Ἰου-</span> 
     </span>
    </p>
   </div>
   <div class='ocr_carea' id='block_1_15' title="bbox 214 1375 1787 1456">
    <p class='ocr_par' dir='ltr' id='par_1_15' title="bbox 214 1375 1787 1456">
     <span class='ocr_line' id='line_1_15' title="bbox 214 1375 1787 1456; baseline 0.008 -30"><span class='ocrx_word' id='word_1_90' title='bbox 214 1375 388 1428; x_wconf 83' lang='grc' dir='ltr'>δαίων</span> <span class='ocrx_word' id='word_1_91' title='bbox 413 1375 615 1440; x_wconf 72' lang='grc' dir='ltr'>ἔθνους,</span> <span class='ocrx_word' id='word_1_92' title='bbox 642 1379 894 1448; x_wconf 77' lang='grc' dir='ltr'>ἀκριϐῶς</span> <span class='ocrx_word' id='word_1_93' title='bbox 921 1383 951 1432; x_wconf 83' lang='grc' dir='ltr'>ὁ</span> <span class='ocrx_word' id='word_1_94' title='bbox 982 1382 1138 1448; x_wconf 85' lang='grc' dir='ltr'>λόγος</span> <span class='ocrx_word' id='word_1_95' title='bbox 1180 1386 1543 1456; x_wconf 83' lang='grc' dir='ltr'>προστίθησιν,</span> <span class='ocrx_word' id='word_1_96' title='bbox 1576 1388 1649 1449; x_wconf 82' lang='grc' dir='ltr'>ὡς</span> <span class='ocrx_word' id='word_1_97' title='bbox 1685 1388 1787 1456; x_wconf 82' lang='grc' dir='ltr'>ἄρα</span> 
     </span>
    </p>
   </div>
   <div class='ocr_carea' id='block_1_16' title="bbox 214 1463 1786 1545">
    <p class='ocr_par' dir='ltr' id='par_1_16' title="bbox 214 1463 1786 1545">
     <span class='ocr_line' id='line_1_16' title="bbox 214 1463 1786 1545; baseline 0.01 -31"><span class='ocrx_word' id='word_1_98' title='bbox 214 1463 398 1516; x_wconf 74' lang='grc' dir='ltr'>ταῦτα</span> <span class='ocrx_word' id='word_1_99' title='bbox 431 1464 854 1535; x_wconf 79' lang='grc' dir='ltr'><strong>πληρωθήσεται</strong></span> <span class='ocrx_word' id='word_1_100' title='bbox 904 1471 998 1521; x_wconf 71' lang='grc' dir='ltr'>ἐπὶ</span> <span class='ocrx_word' id='word_1_101' title='bbox 1034 1471 1212 1524; x_wconf 84' lang='grc' dir='ltr'>πάντα</span> <span class='ocrx_word' id='word_1_102' title='bbox 1252 1474 1318 1526; x_wconf 81' lang='grc' dir='ltr'>τὰ</span> <span class='ocrx_word' id='word_1_103' title='bbox 1367 1474 1482 1526; x_wconf 86' lang='grc' dir='ltr'>καθ’</span> <span class='ocrx_word' id='word_1_104' title='bbox 1527 1475 1652 1545; x_wconf 84' lang='grc' dir='ltr'>ὅλης</span> <span class='ocrx_word' id='word_1_105' title='bbox 1691 1477 1786 1544; x_wconf 86' lang='grc' dir='ltr'><strong>τῆς</strong></span> 
     </span>
    </p>
   </div>
   <div class='ocr_carea' id='block_1_17' title="bbox 215 1554 1786 1634">
    <p class='ocr_par' dir='ltr' id='par_1_17' title="bbox 215 1554 1786 1634">
     <span class='ocr_line' id='line_1_17' title="bbox 215 1554 1786 1634; baseline 0.01 -31"><span class='ocrx_word' id='word_1_106' title='bbox 215 1554 551 1625; x_wconf 78' lang='grc' dir='ltr'>οἰκουμένης</span> <span class='ocrx_word' id='word_1_107' title='bbox 590 1555 751 1625; x_wconf 80' lang='grc' dir='ltr'>ἔθνη·</span> <span class='ocrx_word' id='word_1_108' title='bbox 800 1554 901 1610; x_wconf 81' lang='grc' dir='ltr'>εἴτ’</span> <span class='ocrx_word' id='word_1_109' title='bbox 943 1561 1359 1632; x_wconf 80' lang='grc' dir='ltr'>ἐπιστραφέντες</span> <span class='ocrx_word' id='word_1_110' title='bbox 1401 1565 1452 1616; x_wconf 88' lang='grc' dir='ltr'><strong>τί</strong></span> <span class='ocrx_word' id='word_1_111' title='bbox 1486 1566 1786 1634; x_wconf 86' lang='grc' dir='ltr'>ποιήσουσιν</span> 
     </span>
    </p>
   </div>
   <div class='ocr_carea' id='block_1_18' title="bbox 215 1643 1784 1721">
    <p class='ocr_par' dir='ltr' id='par_1_18' title="bbox 215 1643 1784 1721">
     <span class='ocr_line' id='line_1_18' title="bbox 215 1643 1784 1721; baseline 0.006 -26"><span class='ocrx_word' id='word_1_112' title='bbox 215 1643 454 1696; x_wconf 68' lang='grc' dir='ltr'>ινὼπιον</span> <span class='ocrx_word' id='word_1_113' title='bbox 485 1645 653 1697; x_wconf 79' lang='grc' dir='ltr'>αὐτοῦ</span> <span class='ocrx_word' id='word_1_114' title='bbox 683 1649 856 1700; x_wconf 75' lang='grc' dir='ltr'>πᾶσαι</span> <span class='ocrx_word' id='word_1_115' title='bbox 881 1650 937 1702; x_wconf 75' lang='grc' dir='ltr'>αἱ</span> <span class='ocrx_word' id='word_1_116' title='bbox 968 1654 1191 1721; x_wconf 80' lang='grc' dir='ltr'>πατριαὶ</span> <span class='ocrx_word' id='word_1_117' title='bbox 1230 1652 1334 1705; x_wconf 85' lang='grc' dir='ltr'><strong>τῶν</strong></span> <span class='ocrx_word' id='word_1_118' title='bbox 1365 1653 1556 1706; x_wconf 75' lang='grc' dir='ltr'>ἐθνῶνο</span> <span class='ocrx_word' id='word_1_119' title='bbox 1581 1654 1692 1707; x_wconf 84' lang='grc' dir='ltr'>ἀνθ’</span> <span class='ocrx_word' id='word_1_120' title='bbox 1725 1650 1784 1706; x_wconf 70' lang='grc' dir='ltr'><strong>οὗ</strong></span> 
     </span>
    </p>
   </div>
   <div class='ocr_carea' id='block_1_19' title="bbox 211 1733 1787 1811">
    <p class='ocr_par' dir='ltr' id='par_1_19' title="bbox 211 1733 1787 1811">
     <span class='ocr_line' id='line_1_19' title="bbox 211 1733 1787 1811; baseline 0.008 -26"><span class='ocrx_word' id='word_1_121' title='bbox 211 1733 520 1805; x_wconf 74' lang='grc' dir='ltr'><strong>Σύμμαχος</strong></span> <span class='ocrx_word' id='word_1_122' title='bbox 550 1738 649 1789; x_wconf 78' lang='grc' dir='ltr'><strong>καὶ</strong></span> <span class='ocrx_word' id='word_1_123' title='bbox 691 1739 941 1802; x_wconf 79' lang='grc' dir='ltr'><strong>Ἀκύλας,</strong></span> <span class='ocrx_word' id='word_1_124' title='bbox 980 1741 1166 1794; x_wconf 86' lang='grc' dir='ltr'>πᾶσαι</span> <span class='ocrx_word' id='word_1_125' title='bbox 1208 1746 1266 1795; x_wconf 80' lang='grc' dir='ltr'><strong>αι</strong></span> <span class='ocrx_word' id='word_1_126' title='bbox 1303 1749 1633 1811; x_wconf 70' lang='grc' dir='ltr'>συγγένειαι</span> <span class='ocrx_word' id='word_1_127' title='bbox 1674 1744 1787 1796; x_wconf 77' lang='grc' dir='ltr'>τῶν</span> 
     </span>
    </p>
   </div>
   <div class='ocr_carea' id='block_1_20' title="bbox 1894 582 3420 650">
    <p class='ocr_par' dir='ltr' id='par_1_20' title="bbox 1894 582 3420 650">
     <span class='ocr_line' id='line_1_20' title="bbox 1894 582 3420 650; baseline 0.004 -13"><span class='ocrx_word' id='word_1_128' title='bbox 1894 582 2112 637; x_wconf 88' lang='lat' dir='ltr'><strong>salutari</strong></span> <span class='ocrx_word' id='word_1_129' title='bbox 2164 583 2362 636; x_wconf 82' lang='lat' dir='ltr'><strong>lumine</strong></span> <span class='ocrx_word' id='word_1_130' title='bbox 2404 583 2549 650; x_wconf 86' lang='lat' dir='ltr'><strong>ipsos</strong></span> <span class='ocrx_word' id='word_1_131' title='bbox 2588 585 2966 650; x_wconf 89' lang='lat' dir='ltr'><strong>collustrante,</strong></span> <span class='ocrx_word' id='word_1_132' title='bbox 3016 589 3420 644; x_wconf 87' lang='lat' dir='ltr'><strong>reminiscentur</strong></span> 
     </span>
    </p>
   </div>
   <div class='ocr_carea' id='block_1_21' title="bbox 1893 671 3422 736">
    <p class='ocr_par' dir='ltr' id='par_1_21' title="bbox 1893 671 3422 736">
     <span class='ocr_line' id='line_1_21' title="bbox 1893 671 3422 736; baseline 0.006 -11"><span class='ocrx_word' id='word_1_133' title='bbox 1893 672 1991 725; x_wconf 86' lang='lat' dir='ltr'><strong>sibi</strong></span> <span class='ocrx_word' id='word_1_134' title='bbox 2018 671 2295 725; x_wconf 89' lang='lat' dir='ltr'><strong>Dominum</strong></span> <span class='ocrx_word' id='word_1_135' title='bbox 2327 690 2464 736; x_wconf 90' lang='lat' dir='ltr'><strong>esse,</strong></span> <span class='ocrx_word' id='word_1_136' title='bbox 2503 675 2872 731; x_wconf 89' lang='lat' dir='ltr'><strong>universorum</strong></span> <span class='ocrx_word' id='word_1_137' title='bbox 2915 695 3095 733; x_wconf 83' lang='lat' dir='ltr'><strong>revera</strong></span> <span class='ocrx_word' id='word_1_138' title='bbox 3125 681 3422 734; x_wconf 80' lang='lat' dir='ltr'><strong>dominato-</strong></span> 
     </span>
    </p>
   </div>
   <div class='ocr_carea' id='block_1_22' title="bbox 1891 761 3420 836">
    <p class='ocr_par' dir='ltr' id='par_1_22' title="bbox 1891 761 3420 836">
     <span class='ocr_line' id='line_1_22' title="bbox 1891 761 3420 836; baseline 0.007 -26"><span class='ocrx_word' id='word_1_139' title='bbox 1891 774 2002 814; x_wconf 86' lang='lat' dir='ltr'><strong>rem</strong></span> <span class='ocrx_word' id='word_1_140' title='bbox 2035 777 2046 810; x_wconf 92' lang='lat'><strong>:</strong></span> <span class='ocrx_word' id='word_1_141' title='bbox 2074 761 2158 813; x_wconf 90' lang='lat' dir='ltr'><strong>cui</strong></span> <span class='ocrx_word' id='word_1_142' title='bbox 2188 761 2345 813; x_wconf 91' lang='lat' dir='ltr'><strong>etiam</strong></span> <span class='ocrx_word' id='word_1_143' title='bbox 2383 761 2610 830; x_wconf 91' lang='lat' dir='ltr'><strong>subjecti</strong></span> <span class='ocrx_word' id='word_1_144' title='bbox 2647 774 2800 820; x_wconf 87' lang='lat' dir='ltr'><strong>erant</strong></span> <span class='ocrx_word' id='word_1_145' title='bbox 2848 766 2880 817; x_wconf 89' lang='lat' dir='ltr'><strong>ii</strong></span> <span class='ocrx_word' id='word_1_146' title='bbox 2933 767 3022 834; x_wconf 82' lang='lat' dir='ltr'><strong>qui</strong></span> <span class='ocrx_word' id='word_1_147' title='bbox 3064 767 3129 821; x_wconf 86' lang='lat' dir='ltr'><strong>ab</strong></span> <span class='ocrx_word' id='word_1_148' title='bbox 3171 769 3299 836; x_wconf 89' lang='lat' dir='ltr'><strong>ipsis</strong></span> <span class='ocrx_word' id='word_1_149' title='bbox 3325 769 3420 822; x_wconf 86' lang='lat' dir='ltr'><strong>do-</strong></span> 
     </span>
    </p>
   </div>
   <div class='ocr_carea' id='block_1_23' title="bbox 1891 849 3420 922">
    <p class='ocr_par' dir='ltr' id='par_1_23' title="bbox 1891 849 3420 922">
     <span class='ocr_line' id='line_1_23' title="bbox 1891 849 3420 922; baseline 0.009 -22"><span class='ocrx_word' id='word_1_150' title='bbox 1891 849 2019 902; x_wconf 90' lang='lat' dir='ltr'><strong>mini</strong></span> <span class='ocrx_word' id='word_1_151' title='bbox 2049 849 2451 917; x_wconf 86' lang='lat' dir='ltr'><strong>reputabantur.</strong></span> <span class='ocrx_word' id='word_1_152' title='bbox 2474 852 2604 905; x_wconf 88' lang='lat' dir='ltr'><strong>Cum</strong></span> <span class='ocrx_word' id='word_1_153' title='bbox 2632 869 2791 922; x_wconf 87' lang='lat' dir='ltr'><strong>porro</strong></span> <span class='ocrx_word' id='word_1_154' title='bbox 2817 853 3022 908; x_wconf 89' lang='lat' dir='ltr'><strong>Domini</strong></span> <span class='ocrx_word' id='word_1_155' title='bbox 3049 856 3131 909; x_wconf 92' lang='lat' dir='ltr'><strong>sui</strong></span> <span class='ocrx_word' id='word_1_156' title='bbox 3163 858 3420 912; x_wconf 84' lang='lat' dir='ltr'><strong>memine-</strong></span> 
     </span>
    </p>
   </div>
   <div class='ocr_carea' id='block_1_24' title="bbox 1889 938 3418 1014">
    <p class='ocr_par' dir='ltr' id='par_1_24' title="bbox 1889 938 3418 1014">
     <span class='ocr_line' id='line_1_24' title="bbox 1889 938 3418 1014; baseline 0.007 -24"><span class='ocrx_word' id='word_1_157' title='bbox 1889 938 2014 1000; x_wconf 89' lang='lat' dir='ltr'><strong>rint,</strong></span> <span class='ocrx_word' id='word_1_158' title='bbox 2045 939 2109 990; x_wconf 90' lang='lat' dir='ltr'><strong>ad</strong></span> <span class='ocrx_word' id='word_1_159' title='bbox 2143 938 2316 1006; x_wconf 89' lang='lat' dir='ltr'><strong>ipsum</strong></span> <span class='ocrx_word' id='word_1_160' title='bbox 2345 940 2687 1010; x_wconf 74' lang='lat' dir='ltr'><strong>confugient:</strong></span> <span class='ocrx_word' id='word_1_161' title='bbox 2718 958 2779 996; x_wconf 87' lang='lat' dir='ltr'><strong>ac</strong></span> <span class='ocrx_word' id='word_1_162' title='bbox 2808 961 2963 1014; x_wconf 90' lang='lat' dir='ltr'><strong>quem</strong></span> <span class='ocrx_word' id='word_1_163' title='bbox 2995 948 3142 1009; x_wconf 91' lang='lat' dir='ltr'><strong>olim,</strong></span> <span class='ocrx_word' id='word_1_164' title='bbox 3176 948 3418 1002; x_wconf 84' lang='lat' dir='ltr'><strong>inimico-</strong></span> 
     </span>
    </p>
   </div>
   <div class='ocr_carea' id='block_1_25' title="bbox 1888 1027 3414 1104">
    <p class='ocr_par' dir='ltr' id='par_1_25' title="bbox 1888 1027 3414 1104">
     <span class='ocr_line' id='line_1_25' title="bbox 1888 1027 3414 1104; baseline 0.005 -23"><span class='ocrx_word' id='word_1_165' title='bbox 1888 1043 2004 1081; x_wconf 87' lang='lat' dir='ltr'><strong>rum</strong></span> <span class='ocrx_word' id='word_1_166' title='bbox 2053 1027 2262 1081; x_wconf 86' lang='lat' dir='ltr'><strong>insidiis</strong></span> <span class='ocrx_word' id='word_1_167' title='bbox 2315 1029 2703 1095; x_wconf 74' lang='lat' dir='ltr'><strong>circumventi,</strong></span> <span class='ocrx_word' id='word_1_168' title='bbox 2755 1035 2981 1088; x_wconf 85' lang='lat' dir='ltr'><strong>aversati</strong></span> <span class='ocrx_word' id='word_1_169' title='bbox 3033 1045 3189 1099; x_wconf 90' lang='lat' dir='ltr'><strong>sunt,</strong></span> <span class='ocrx_word' id='word_1_170' title='bbox 3243 1037 3414 1104; x_wconf 88' lang='lat' dir='ltr'><strong>ipsum</strong></span> 
     </span>
    </p>
   </div>
   <div class='ocr_carea' id='block_1_26' title="bbox 1887 1117 3413 1194">
    <p class='ocr_par' dir='ltr' id='par_1_26' title="bbox 1887 1117 3413 1194">
     <span class='ocr_line' id='line_1_26' title="bbox 1887 1117 3413 1194; baseline 0.007 -27"><span class='ocrx_word' id='word_1_171' title='bbox 1887 1124 2178 1185; x_wconf 80' lang='lat' dir='ltr'><strong>agnoscent</strong></span> <span class='ocrx_word' id='word_1_172' title='bbox 2206 1131 2325 1170; x_wconf 89' lang='lat' dir='ltr'><strong>esse</strong></span> <span class='ocrx_word' id='word_1_173' title='bbox 2353 1118 2457 1172; x_wconf 83' lang='lat' dir='ltr'><strong>sibi</strong></span> <span class='ocrx_word' id='word_1_174' title='bbox 2481 1117 2780 1186; x_wconf 84' lang='lat' dir='ltr'><strong>Dominum,</strong></span> <span class='ocrx_word' id='word_1_175' title='bbox 2813 1133 2971 1192; x_wconf 83' lang='lat' dir='ltr'><strong>atque</strong></span> <span class='ocrx_word' id='word_1_176' title='bbox 2995 1125 3058 1178; x_wconf 90' lang='lat' dir='ltr'><strong>ad</strong></span> <span class='ocrx_word' id='word_1_177' title='bbox 3090 1125 3263 1194; x_wconf 90' lang='lat' dir='ltr'><strong>ipsum</strong></span> <span class='ocrx_word' id='word_1_178' title='bbox 3289 1141 3413 1178; x_wconf 82' lang='lat' dir='ltr'><strong>con-</strong></span> 
     </span>
    </p>
   </div>
   <div class='ocr_carea' id='block_1_27' title="bbox 1885 1208 3417 1287">
    <p class='ocr_par' dir='ltr' id='par_1_27' title="bbox 1885 1208 3417 1287">
     <span class='ocr_line' id='line_1_27' title="bbox 1885 1208 3417 1287; baseline 0.006 -30"><span class='ocrx_word' id='word_1_179' title='bbox 1885 1215 2175 1264; x_wconf 78' lang='lat' dir='ltr'><strong>vertentur.</strong></span> <span class='ocrx_word' id='word_1_180' title='bbox 2210 1208 2276 1287; x_wconf 66' lang='lat' dir='ltr'><strong>At</strong></span> <span class='ocrx_word' id='word_1_181' title='bbox 2312 1223 2378 1261; x_wconf 92' lang='lat' dir='ltr'><strong>ne</strong></span> <span class='ocrx_word' id='word_1_182' title='bbox 2403 1209 2522 1276; x_wconf 84' lang='lat' dir='ltr'><strong>quis</strong></span> <span class='ocrx_word' id='word_1_183' title='bbox 2563 1210 2849 1264; x_wconf 83' lang='lat' dir='ltr'><strong>arbitretur</strong></span> <span class='ocrx_word' id='word_1_184' title='bbox 2885 1213 2936 1266; x_wconf 90' lang='lat' dir='ltr'><strong>id</strong></span> <span class='ocrx_word' id='word_1_185' title='bbox 2975 1215 3039 1268; x_wconf 87' lang='lat' dir='ltr'><strong>de</strong></span> <span class='ocrx_word' id='word_1_186' title='bbox 3067 1213 3289 1268; x_wconf 87' lang='lat' dir='ltr'><strong>Judaico</strong></span> <span class='ocrx_word' id='word_1_187' title='bbox 3326 1231 3417 1282; x_wconf 81' lang='lat' dir='ltr'><strong>po-</strong></span> 
     </span>
    </p>
   </div>
   <div class='ocr_carea' id='block_1_28' title="bbox 1886 1298 3412 1372">
    <p class='ocr_par' dir='ltr' id='par_1_28' title="bbox 1886 1298 3412 1372">
     <span class='ocr_line' id='line_1_28' title="bbox 1886 1298 3412 1372; baseline 0.004 -23"><span class='ocrx_word' id='word_1_188' title='bbox 1886 1298 2010 1366; x_wconf 92' lang='lat' dir='ltr'><strong>pulo</strong></span> <span class='ocrx_word' id='word_1_189' title='bbox 2038 1299 2236 1353; x_wconf 89' lang='lat' dir='ltr'><strong>dictum</strong></span> <span class='ocrx_word' id='word_1_190' title='bbox 2257 1341 2272 1365; x_wconf 91' lang='lat'><strong>,</strong></span> <span class='ocrx_word' id='word_1_191' title='bbox 2299 1299 2538 1368; x_wconf 89' lang='lat' dir='ltr'><strong>apposite</strong></span> <span class='ocrx_word' id='word_1_192' title='bbox 2570 1299 2818 1367; x_wconf 75' lang='lat' dir='ltr'><strong>adjicitur</strong></span> <span class='ocrx_word' id='word_1_193' title='bbox 2851 1303 2961 1356; x_wconf 77' lang='lat' dir='ltr'><strong>haec</strong></span> <span class='ocrx_word' id='word_1_194' title='bbox 2995 1305 3134 1372; x_wconf 87' lang='lat' dir='ltr'><strong>apud</strong></span> <span class='ocrx_word' id='word_1_195' title='bbox 3179 1304 3412 1359; x_wconf 83' lang='lat' dir='ltr'><strong>universi</strong></span> 
     </span>
    </p>
   </div>
   <div class='ocr_carea' id='block_1_29' title="bbox 1884 1387 3416 1455">
    <p class='ocr_par' dir='ltr' id='par_1_29' title="bbox 1884 1387 3416 1455">
     <span class='ocr_line' id='line_1_29' title="bbox 1884 1387 3416 1455; baseline 0.003 -14"><span class='ocrx_word' id='word_1_196' title='bbox 1884 1388 2030 1442; x_wconf 86' lang='lat' dir='ltr'><strong>orbis</strong></span> <span class='ocrx_word' id='word_1_197' title='bbox 2080 1390 2323 1443; x_wconf 89' lang='lat' dir='ltr'><strong>nationes</strong></span> <span class='ocrx_word' id='word_1_198' title='bbox 2355 1387 2619 1455; x_wconf 87' lang='lat' dir='ltr'><strong>implenda</strong></span> <span class='ocrx_word' id='word_1_199' title='bbox 2667 1405 2804 1444; x_wconf 89' lang='lat' dir='ltr'><strong>csse.</strong></span> <span class='ocrx_word' id='word_1_200' title='bbox 2837 1390 2909 1443; x_wconf 85' lang='lat' dir='ltr'><strong>Ac</strong></span> <span class='ocrx_word' id='word_1_201' title='bbox 2941 1391 3131 1446; x_wconf 88' lang='lat' dir='ltr'><strong>deinde</strong></span> <span class='ocrx_word' id='word_1_202' title='bbox 3172 1395 3416 1448; x_wconf 87' lang='lat' dir='ltr'><strong>enuntia-</strong></span> 
     </span>
    </p>
   </div>
   <div class='ocr_carea' id='block_1_30' title="bbox 1885 1478 3416 1552">
    <p class='ocr_par' dir='ltr' id='par_1_30' title="bbox 1885 1478 3416 1552">
     <span class='ocr_line' id='line_1_30' title="bbox 1885 1478 3416 1552; baseline 0.004 -22"><span class='ocrx_word' id='word_1_203' title='bbox 1885 1486 1990 1539; x_wconf 90' lang='lat' dir='ltr'><strong>tur,</strong></span> <span class='ocrx_word' id='word_1_204' title='bbox 2025 1478 2153 1547; x_wconf 90' lang='lat' dir='ltr'><strong>quid</strong></span> <span class='ocrx_word' id='word_1_205' title='bbox 2186 1479 2238 1531; x_wconf 91' lang='lat' dir='ltr'><strong>in</strong></span> <span class='ocrx_word' id='word_1_206' title='bbox 2268 1487 2556 1548; x_wconf 86' lang='lat' dir='ltr'><strong>conspectu</strong></span> <span class='ocrx_word' id='word_1_207' title='bbox 2586 1481 2702 1550; x_wconf 86' lang='lat' dir='ltr'><strong>ejus</strong></span> <span class='ocrx_word' id='word_1_208' title='bbox 2738 1481 2954 1534; x_wconf 66' lang='lat' dir='ltr'><strong>facturae</strong></span> <span class='ocrx_word' id='word_1_209' title='bbox 2997 1483 3105 1536; x_wconf 85' lang='lat' dir='ltr'><strong>sint</strong></span> <span class='ocrx_word' id='word_1_210' title='bbox 3143 1493 3262 1552; x_wconf 89' lang='lat' dir='ltr'><strong>post</strong></span> <span class='ocrx_word' id='word_1_211' title='bbox 3287 1500 3416 1538; x_wconf 84' lang='lat' dir='ltr'><strong>cou—</strong></span> 
     </span>
    </p>
   </div>
   <div class='ocr_carea' id='block_1_31' title="bbox 1883 1570 3414 1643">
    <p class='ocr_par' dir='ltr' id='par_1_31' title="bbox 1883 1570 3414 1643">
     <span class='ocr_line' id='line_1_31' title="bbox 1883 1570 3414 1643; baseline 0.004 -21"><span class='ocrx_word' id='word_1_212' title='bbox 1883 1571 2186 1624; x_wconf 86' lang='lat' dir='ltr'><strong>versionem</strong></span> <span class='ocrx_word' id='word_1_213' title='bbox 2237 1570 2497 1624; x_wconf 64' lang='lat' dir='ltr'><strong>universae</strong></span> <span class='ocrx_word' id='word_1_214' title='bbox 2554 1571 2765 1624; x_wconf 67' lang='lat' dir='ltr'><strong>familiae</strong></span> <span class='ocrx_word' id='word_1_215' title='bbox 2823 1573 3057 1640; x_wconf 81' lang='lat' dir='ltr'><strong>gentium</strong></span> <span class='ocrx_word' id='word_1_216' title='bbox 3099 1591 3112 1625; x_wconf 87' lang='lat'>:</span> <span class='ocrx_word' id='word_1_217' title='bbox 3160 1588 3256 1641; x_wconf 88' lang='lat' dir='ltr'><strong>pro</strong></span> <span class='ocrx_word' id='word_1_218' title='bbox 3307 1590 3414 1643; x_wconf 83' lang='lat' dir='ltr'><strong>quo</strong></span> 
     </span>
    </p>
   </div>
   <div class='ocr_carea' id='block_1_32' title="bbox 1887 1658 3411 1733">
    <p class='ocr_par' dir='ltr' id='par_1_32' title="bbox 1887 1658 3411 1733">
     <span class='ocr_line' id='line_1_32' title="bbox 1887 1658 3411 1733; baseline 0.005 -22"><span class='ocrx_word' id='word_1_219' title='bbox 1887 1658 2242 1728; x_wconf 80' lang='lat' dir='ltr'><strong>Symmachus</strong></span> <span class='ocrx_word' id='word_1_220' title='bbox 2256 1671 2306 1714; x_wconf 89' lang='lat' dir='ltr'><strong>et</strong></span> <span class='ocrx_word' id='word_1_221' title='bbox 2327 1661 2535 1730; x_wconf 87' lang='lat' dir='ltr'><strong>Aquila,</strong></span> <span class='ocrx_word' id='word_1_222' title='bbox 2557 1663 2802 1716; x_wconf 77' lang='lat' dir='ltr'><strong>universa:</strong></span> <span class='ocrx_word' id='word_1_223' title='bbox 2823 1667 3146 1732; x_wconf 73' lang='lat' dir='ltr'><strong>cognationes</strong></span> <span class='ocrx_word' id='word_1_224' title='bbox 3165 1667 3411 1733; x_wconf 77' lang='lat' dir='ltr'><strong>gentium,</strong></span> 
     </span>
    </p>
   </div>
   <div class='ocr_carea' id='block_1_33' title="bbox 1883 1749 3416 1821">
    <p class='ocr_par' dir='ltr' id='par_1_33' title="bbox 1883 1749 3416 1821">
     <span class='ocr_line' id='line_1_33' title="bbox 1883 1749 3416 1821; baseline 0.005 -18"><span class='ocrx_word' id='word_1_225' title='bbox 1883 1749 2197 1815; x_wconf 88' lang='lat' dir='ltr'><strong>ediderunt,</strong></span> <span class='ocrx_word' id='word_1_226' title='bbox 2245 1759 2298 1804; x_wconf 90' lang='lat' dir='ltr'><strong>et</strong></span> <span class='ocrx_word' id='word_1_227' title='bbox 2353 1753 2565 1820; x_wconf 84' lang='lat' dir='ltr'><strong>quidem</strong></span> <span class='ocrx_word' id='word_1_228' title='bbox 2623 1753 2904 1807; x_wconf 86' lang='lat' dir='ltr'><strong>admodum</strong></span> <span class='ocrx_word' id='word_1_229' title='bbox 2963 1765 3229 1810; x_wconf 84' lang='lat' dir='ltr'><strong>accurate.</strong></span> <span class='ocrx_word' id='word_1_230' title='bbox 3288 1756 3416 1821; x_wconf 60' lang='lat' dir='ltr'><strong>Quae</strong></span> 
     </span>
    </p>
   </div>
   <div class='ocr_carea' id='block_1_34' title="bbox 203 1822 1776 1911">
    <p class='ocr_par' dir='ltr' id='par_1_34' title="bbox 203 1824 1776 1904">
     <span class='ocr_line' id='line_1_34' title="bbox 203 1824 1776 1904; baseline 0.006 -27"><span class='ocrx_word' id='word_1_231' title='bbox 203 1824 433 1887; x_wconf 74' lang='grc' dir='ltr'>ἐθνῶν,</span> <span class='ocrx_word' id='word_1_232' title='bbox 462 1828 722 1897; x_wconf 75' lang='grc' dir='ltr'>εἰρήκασι</span> <span class='ocrx_word' id='word_1_233' title='bbox 769 1829 973 1899; x_wconf 87' lang='grc' dir='ltr'>σφόδρα</span> <span class='ocrx_word' id='word_1_234' title='bbox 1021 1831 1276 1902; x_wconf 79' lang='grc' dir='ltr'>ἀκριδῶς.</span> <span class='ocrx_word' id='word_1_235' title='bbox 1307 1834 1458 1885; x_wconf 89' lang='grc' dir='ltr'>Ποῖον</span> <span class='ocrx_word' id='word_1_236' title='bbox 1503 1835 1606 1904; x_wconf 84' lang='grc' dir='ltr'><strong>γὰρ</strong></span> <span class='ocrx_word' id='word_1_237' title='bbox 1636 1834 1776 1897; x_wconf 77' lang='grc' dir='ltr'>ἔθνος</span> 
     </span>
    </p>
   </div>
   <div class='ocr_carea' id='block_1_35' title="bbox 1878 1822 3414 1911">
    <p class='ocr_par' dir='ltr' id='par_1_35' title="bbox 1879 1838 3414 1911">
     <span class='ocr_line' id='line_1_35' title="bbox 1879 1838 3414 1911; baseline 0.002 -19"><span class='ocrx_word' id='word_1_238' title='bbox 1879 1838 2070 1892; x_wconf 88' lang='lat' dir='ltr'><strong>etenim</strong></span> <span class='ocrx_word' id='word_1_239' title='bbox 2126 1840 2270 1893; x_wconf 83' lang='lat' dir='ltr'><strong>natio</strong></span> <span class='ocrx_word' id='word_1_240' title='bbox 2317 1855 2426 1893; x_wconf 89' lang='lat' dir='ltr'><strong>non</strong></span> <span class='ocrx_word' id='word_1_241' title='bbox 2476 1841 2682 1908; x_wconf 87' lang='lat' dir='ltr'><strong>aliquas</strong></span> <span class='ocrx_word' id='word_1_242' title='bbox 2731 1843 3076 1911; x_wconf 76' lang='lat' dir='ltr'><strong>cognationes</strong></span> <span class='ocrx_word' id='word_1_243' title='bbox 3122 1842 3312 1897; x_wconf 85' lang='lat' dir='ltr'><strong>habeat</strong></span> <span class='ocrx_word' id='word_1_244' title='bbox 3349 1843 3414 1896; x_wconf 85' lang='lat' dir='ltr'><strong>ad</strong></span> 
     </span>
    </p>
   </div>
   <div class='ocr_carea' id='block_1_36' title="bbox 199 1912 1776 2001">
    <p class='ocr_par' dir='ltr' id='par_1_36' title="bbox 199 1912 1776 1990">
     <span class='ocr_line' id='line_1_36' title="bbox 199 1912 1776 1990; baseline 0.008 -27"><span class='ocrx_word' id='word_1_245' title='bbox 199 1912 330 1980; x_wconf 70' lang='grc' dir='ltr'><strong>οὐχὶ</strong></span> <span class='ocrx_word' id='word_1_246' title='bbox 377 1916 710 1980; x_wconf 80' lang='grc' dir='ltr'>συγγενείας</span> <span class='ocrx_word' id='word_1_247' title='bbox 753 1916 867 1985; x_wconf 84' lang='grc' dir='ltr'>ἔχει</span> <span class='ocrx_word' id='word_1_248' title='bbox 903 1917 1324 1987; x_wconf 82' lang='grc' dir='ltr'>ἐπιστραφείσας</span> <span class='ocrx_word' id='word_1_249' title='bbox 1370 1922 1501 1990; x_wconf 81' lang='grc' dir='ltr'>πρὸς</span> <span class='ocrx_word' id='word_1_250' title='bbox 1543 1923 1629 1975; x_wconf 89' lang='grc' dir='ltr'><strong>τὸν</strong></span> <span class='ocrx_word' id='word_1_251' title='bbox 1673 1923 1776 1975; x_wconf 80' lang='grc' dir='ltr'><strong>τῶν</strong></span> 
     </span>
    </p>
   </div>
   <div class='ocr_carea' id='block_1_37' title="bbox 1878 1912 3415 2001">
    <p class='ocr_par' dir='ltr' id='par_1_37' title="bbox 1881 1927 3415 2001">
     <span class='ocr_line' id='line_1_37' title="bbox 1881 1927 3415 2001; baseline 0.005 -23"><span class='ocrx_word' id='word_1_252' title='bbox 1881 1927 2046 1981; x_wconf 85' lang='lat' dir='ltr'><strong>Deum</strong></span> <span class='ocrx_word' id='word_1_253' title='bbox 2098 1930 2465 1984; x_wconf 89' lang='lat' dir='ltr'><strong>universorum</strong></span> <span class='ocrx_word' id='word_1_254' title='bbox 2517 1932 2837 1986; x_wconf 85' lang='lat' dir='ltr'><strong>conversas?</strong></span> <span class='ocrx_word' id='word_1_255' title='bbox 2869 1931 2996 1996; x_wconf 79' lang='lat' dir='ltr'><strong>Qua:</strong></span> <span class='ocrx_word' id='word_1_256' title='bbox 3049 1932 3257 1994; x_wconf 84' lang='lat' dir='ltr'><strong>civitas,</strong></span> <span class='ocrx_word' id='word_1_257' title='bbox 3296 1934 3415 2001; x_wconf 81' lang='lat' dir='ltr'><strong>quis</strong></span> 
     </span>
    </p>
   </div>
   <div class='ocr_carea' id='block_1_38' title="bbox 196 2001 1776 2088">
    <p class='ocr_par' dir='ltr' id='par_1_38' title="bbox 196 2001 1776 2080">
     <span class='ocr_line' id='line_1_38' title="bbox 196 2001 1776 2080; baseline 0.006 -26"><span class='ocrx_word' id='word_1_258' title='bbox 196 2001 348 2055; x_wconf 79' lang='grc' dir='ltr'>ὅλων</span> <span class='ocrx_word' id='word_1_259' title='bbox 375 2003 554 2066; x_wconf 86' lang='grc' dir='ltr'>Θεόν;</span> <span class='ocrx_word' id='word_1_260' title='bbox 590 2005 727 2056; x_wconf 81' lang='grc' dir='ltr'>Ποία</span> <span class='ocrx_word' id='word_1_261' title='bbox 752 2006 810 2057; x_wconf 83' lang='grc' dir='ltr'>δὲ</span> <span class='ocrx_word' id='word_1_262' title='bbox 860 2005 1032 2071; x_wconf 85' lang='grc' dir='ltr'><strong>πόλις,</strong></span> <span class='ocrx_word' id='word_1_263' title='bbox 1067 2006 1098 2076; x_wconf 81' lang='grc' dir='ltr'>ἢ</span> <span class='ocrx_word' id='word_1_264' title='bbox 1152 2008 1278 2061; x_wconf 80' lang='grc' dir='ltr'>ποία</span> <span class='ocrx_word' id='word_1_265' title='bbox 1322 2009 1498 2079; x_wconf 80' lang='grc' dir='ltr'>χώρα,</span> <span class='ocrx_word' id='word_1_266' title='bbox 1557 2011 1588 2080; x_wconf 82' lang='grc' dir='ltr'>ἢ</span> <span class='ocrx_word' id='word_1_267' title='bbox 1633 2015 1776 2073; x_wconf 86' lang='grc' dir='ltr'>ποῖος</span> 
     </span>
    </p>
   </div>
   <div class='ocr_carea' id='block_1_39' title="bbox 1878 2001 3414 2088">
    <p class='ocr_par' dir='ltr' id='par_1_39' title="bbox 1880 2016 3414 2088">
     <span class='ocr_line' id='line_1_39' title="bbox 1880 2016 3414 2088; baseline 0.003 -20"><span class='ocrx_word' id='word_1_268' title='bbox 1880 2016 2052 2082; x_wconf 89' lang='lat' dir='ltr'><strong>locus,</strong></span> <span class='ocrx_word' id='word_1_269' title='bbox 2103 2032 2219 2085; x_wconf 73' lang='lat' dir='ltr'><strong>qua:</strong></span> <span class='ocrx_word' id='word_1_270' title='bbox 2267 2018 2458 2072; x_wconf 90' lang='lat' dir='ltr'><strong>domus</strong></span> <span class='ocrx_word' id='word_1_271' title='bbox 2505 2034 2610 2072; x_wconf 90' lang='lat' dir='ltr'><strong>non</strong></span> <span class='ocrx_word' id='word_1_272' title='bbox 2657 2022 2932 2088; x_wconf 84' lang='lat' dir='ltr'><strong>quospiam</strong></span> <span class='ocrx_word' id='word_1_273' title='bbox 2984 2021 3169 2074; x_wconf 85' lang='lat' dir='ltr'><strong>saltem</strong></span> <span class='ocrx_word' id='word_1_274' title='bbox 3220 2022 3414 2074; x_wconf 85' lang='lat' dir='ltr'><strong>habent</strong></span> 
     </span>
    </p>
   </div>
   <div class='ocr_carea' id='block_1_40' title="bbox 195 2091 1776 2175">
    <p class='ocr_par' dir='ltr' id='par_1_40' title="bbox 195 2091 1776 2171">
     <span class='ocr_line' id='line_1_40' title="bbox 195 2091 1776 2171; baseline 0.006 -26"><span class='ocrx_word' id='word_1_275' title='bbox 195 2091 359 2155; x_wconf 76' lang='grc' dir='ltr'>οἶκος</span> <span class='ocrx_word' id='word_1_276' title='bbox 383 2095 492 2146; x_wconf 75' lang='grc' dir='ltr'><strong>οὐκ</strong></span> <span class='ocrx_word' id='word_1_277' title='bbox 518 2095 634 2163; x_wconf 71' lang='grc' dir='ltr'>ἔχει</span> <span class='ocrx_word' id='word_1_278' title='bbox 656 2096 807 2158; x_wconf 78' lang='grc' dir='ltr'>τινὰς</span> <span class='ocrx_word' id='word_1_279' title='bbox 833 2099 1240 2168; x_wconf 83' lang='grc' dir='ltr'>ἀφωρισμένους</span> <span class='ocrx_word' id='word_1_280' title='bbox 1271 2100 1361 2152; x_wconf 74' lang='grc' dir='ltr'><strong>καὶ</strong></span> <span class='ocrx_word' id='word_1_281' title='bbox 1392 2101 1776 2171; x_wconf 79' lang='grc' dir='ltr'>ἐξειλεγμένους</span> 
     </span>
    </p>
   </div>
   <div class='ocr_carea' id='block_1_41' title="bbox 1878 2091 3413 2175">
    <p class='ocr_par' dir='ltr' id='par_1_41' title="bbox 1879 2103 3413 2175">
     <span class='ocr_line' id='line_1_41' title="bbox 1879 2103 3413 2175; baseline 0.003 -20"><span class='ocrx_word' id='word_1_282' title='bbox 1879 2103 1986 2157; x_wconf 86' lang='lat' dir='ltr'><strong>Deo</strong></span> <span class='ocrx_word' id='word_1_283' title='bbox 2037 2111 2340 2173; x_wconf 71' lang='lat' dir='ltr'><strong>segregatos</strong></span> <span class='ocrx_word' id='word_1_284' title='bbox 2380 2115 2431 2159; x_wconf 88' lang='lat' dir='ltr'><strong>et</strong></span> <span class='ocrx_word' id='word_1_285' title='bbox 2467 2107 2697 2161; x_wconf 85' lang='lat' dir='ltr'><strong>electos?</strong></span> <span class='ocrx_word' id='word_1_286' title='bbox 2739 2109 2856 2172; x_wconf 79' lang='lat' dir='ltr'><strong>Quo</strong></span> <span class='ocrx_word' id='word_1_287' title='bbox 2896 2115 3051 2175; x_wconf 87' lang='lat' dir='ltr'><strong>pacto</strong></span> <span class='ocrx_word' id='word_1_288' title='bbox 3091 2116 3266 2161; x_wconf 89' lang='lat' dir='ltr'><strong>autem</strong></span> <span class='ocrx_word' id='word_1_289' title='bbox 3311 2109 3413 2160; x_wconf 78' lang='lat' dir='ltr'><strong>illa:</strong></span> 
     </span>
    </p>
   </div>
   <div class='ocr_carea' id='block_1_42' title="bbox 194 2183 1776 2266">
    <p class='ocr_par' dir='ltr' id='par_1_42' title="bbox 194 2183 1776 2260">
     <span class='ocr_line' id='line_1_42' title="bbox 194 2183 1776 2260; baseline 0.005 -25"><span class='ocrx_word' id='word_1_290' title='bbox 194 2183 269 2253; x_wconf 66' lang='grc' dir='ltr'>τῷ</span> <span class='ocrx_word' id='word_1_291' title='bbox 315 2184 487 2253; x_wconf 84' lang='grc' dir='ltr'><strong>Θεῷ;</strong></span> <span class='ocrx_word' id='word_1_292' title='bbox 524 2185 652 2247; x_wconf 86' lang='grc' dir='ltr'><strong>Πῶς</strong></span> <span class='ocrx_word' id='word_1_293' title='bbox 696 2186 741 2238; x_wconf 84' lang='grc' dir='ltr'>δ’</span> <span class='ocrx_word' id='word_1_294' title='bbox 775 2187 996 2255; x_wconf 77' lang='grc' dir='ltr'>ἔμελλον</span> <span class='ocrx_word' id='word_1_295' title='bbox 1029 2189 1371 2242; x_wconf 82' lang='grc' dir='ltr'>ἀποτίθεσθαι</span> <span class='ocrx_word' id='word_1_296' title='bbox 1409 2191 1502 2258; x_wconf 81' lang='grc' dir='ltr'><strong>μὲν</strong></span> <span class='ocrx_word' id='word_1_297' title='bbox 1535 2192 1629 2260; x_wconf 82' lang='grc' dir='ltr'><strong>τὴν</strong></span> <span class='ocrx_word' id='word_1_298' title='bbox 1661 2193 1776 2243; x_wconf 83' lang='grc' dir='ltr'>ἐαυ-</span> 
     </span>
    </p>
   </div>
   <div class='ocr_carea' id='block_1_43' title="bbox 1878 2183 3412 2266">
    <p class='ocr_par' dir='ltr' id='par_1_43' title="bbox 1879 2195 3412 2266">
     <span class='ocr_line' id='line_1_43' title="bbox 1879 2195 3412 2266; baseline 0.002 -20"><span class='ocrx_word' id='word_1_299' title='bbox 1879 2195 2220 2262; x_wconf 80' lang='lat' dir='ltr'><strong>cognationes</strong></span> <span class='ocrx_word' id='word_1_300' title='bbox 2241 2197 2473 2263; x_wconf 84' lang='lat' dir='ltr'><strong>gentium</strong></span> <span class='ocrx_word' id='word_1_301' title='bbox 2505 2197 2824 2251; x_wconf 85' lang='lat' dir='ltr'><strong>oblivionem</strong></span> <span class='ocrx_word' id='word_1_302' title='bbox 2853 2199 2996 2250; x_wconf 87' lang='lat' dir='ltr'><strong>illam</strong></span> <span class='ocrx_word' id='word_1_303' title='bbox 3025 2213 3175 2252; x_wconf 86' lang='lat' dir='ltr'><strong>suam</strong></span> <span class='ocrx_word' id='word_1_304' title='bbox 3203 2198 3412 2266; x_wconf 88' lang='lat' dir='ltr'><strong>deposi-</strong></span> 
     </span>
    </p>
   </div>
   <div class='ocr_carea' id='block_1_44' title="bbox 193 2275 1776 2356">
    <p class='ocr_par' dir='ltr' id='par_1_44' title="bbox 193 2275 1776 2347">
     <span class='ocr_line' id='line_1_44' title="bbox 193 2275 1776 2347; baseline 0.004 -19"><span class='ocrx_word' id='word_1_305' title='bbox 193 2277 312 2329; x_wconf 81' lang='grc' dir='ltr'>τῶν</span> <span class='ocrx_word' id='word_1_306' title='bbox 358 2275 562 2346; x_wconf 85' lang='grc' dir='ltr'>λήθην,</span> <span class='ocrx_word' id='word_1_307' title='bbox 599 2277 905 2347; x_wconf 83' lang='grc' dir='ltr'>ἀνάμνησιν</span> <span class='ocrx_word' id='word_1_308' title='bbox 947 2278 1003 2331; x_wconf 85' lang='grc' dir='ltr'>δὲ</span> <span class='ocrx_word' id='word_1_309' title='bbox 1063 2279 1326 2332; x_wconf 79' lang='grc' dir='ltr'>ποιεῖσθαι</span> <span class='ocrx_word' id='word_1_310' title='bbox 1377 2281 1468 2333; x_wconf 84' lang='grc' dir='ltr'>τοῦ</span> <span class='ocrx_word' id='word_1_311' title='bbox 1499 2281 1604 2334; x_wconf 81' lang='grc' dir='ltr'>τῶν</span> <span class='ocrx_word' id='word_1_312' title='bbox 1647 2284 1776 2336; x_wconf 82' lang='grc' dir='ltr'>ὅλων</span> 
     </span>
    </p>
   </div>
   <div class='ocr_carea' id='block_1_45' title="bbox 1878 2275 3414 2356">
    <p class='ocr_par' dir='ltr' id='par_1_45' title="bbox 1878 2286 3414 2356">
     <span class='ocr_line' id='line_1_45' title="bbox 1878 2286 3414 2356; baseline 0.004 -20"><span class='ocrx_word' id='word_1_313' title='bbox 1878 2291 2010 2339; x_wconf 72' lang='lat' dir='ltr'><strong>turae</strong></span> <span class='ocrx_word' id='word_1_314' title='bbox 2039 2286 2166 2348; x_wconf 88' lang='lat' dir='ltr'><strong>sint,</strong></span> <span class='ocrx_word' id='word_1_315' title='bbox 2195 2296 2246 2340; x_wconf 93' lang='lat' dir='ltr'><strong>et</strong></span> <span class='ocrx_word' id='word_1_316' title='bbox 2269 2287 2624 2341; x_wconf 70' lang='lat' dir='ltr'><strong>recordatum:</strong></span> <span class='ocrx_word' id='word_1_317' title='bbox 2654 2287 2818 2341; x_wconf 88' lang='lat' dir='ltr'><strong>Deum</strong></span> <span class='ocrx_word' id='word_1_318' title='bbox 2850 2289 3249 2354; x_wconf 85' lang='lat' dir='ltr'><strong>universorum;</strong></span> <span class='ocrx_word' id='word_1_319' title='bbox 3279 2302 3414 2356; x_wconf 87' lang='lat' dir='ltr'><strong>quo-</strong></span> 
     </span>
    </p>
   </div>
   <div class='ocr_carea' id='block_1_46' title="bbox 197 2365 1776 2442">
    <p class='ocr_par' dir='ltr' id='par_1_46' title="bbox 197 2365 1776 2442">
     <span class='ocr_line' id='line_1_46' title="bbox 197 2365 1776 2442; baseline 0.006 -24"><span class='ocrx_word' id='word_1_320' title='bbox 197 2365 343 2419; x_wconf 79' lang='grc' dir='ltr'>Θεοῦ</span> <span class='ocrx_word' id='word_1_321' title='bbox 383 2367 448 2418; x_wconf 75' lang='grc' dir='ltr'>αἱ</span> <span class='ocrx_word' id='word_1_322' title='bbox 492 2367 805 2434; x_wconf 80' lang='grc' dir='ltr'>συγγένειαι</span> <span class='ocrx_word' id='word_1_323' title='bbox 832 2367 939 2419; x_wconf 85' lang='grc' dir='ltr'><strong>τῶν</strong></span> <span class='ocrx_word' id='word_1_324' title='bbox 978 2369 1176 2422; x_wconf 74' lang='grc' dir='ltr'>ὲθνῶνο</span> <span class='ocrx_word' id='word_1_325' title='bbox 1209 2370 1322 2432; x_wconf 85' lang='grc' dir='ltr'><strong>πῶς</strong></span> <span class='ocrx_word' id='word_1_326' title='bbox 1342 2371 1398 2422; x_wconf 81' lang='grc' dir='ltr'>δὲ</span> <span class='ocrx_word' id='word_1_327' title='bbox 1439 2373 1776 2442; x_wconf 76' lang='grc' dir='ltr'>ἐπιστρέφειν</span> 
     </span>
    </p>
   </div>
   <div class='ocr_carea' id='block_1_47' title="bbox 1878 2365 3410 2442">
    <p class='ocr_par' dir='ltr' id='par_1_47' title="bbox 1878 2375 3410 2434">
     <span class='ocr_line' id='line_1_47' title="bbox 1878 2375 3410 2434; baseline 0.004 -6"><span class='ocrx_word' id='word_1_328' title='bbox 1878 2375 2036 2429; x_wconf 92' lang='lat' dir='ltr'><strong>modo</strong></span> <span class='ocrx_word' id='word_1_329' title='bbox 2062 2376 2186 2430; x_wconf 89' lang='lat' dir='ltr'><strong>item</strong></span> <span class='ocrx_word' id='word_1_330' title='bbox 2210 2377 2551 2432; x_wconf 86' lang='lat' dir='ltr'><strong>convertendi</strong></span> <span class='ocrx_word' id='word_1_331' title='bbox 2590 2377 2656 2430; x_wconf 86' lang='lat' dir='ltr'><strong>ad</strong></span> <span class='ocrx_word' id='word_1_332' title='bbox 2699 2394 2822 2432; x_wconf 89' lang='lat' dir='ltr'><strong>cum</strong></span> <span class='ocrx_word' id='word_1_333' title='bbox 2863 2379 2970 2434; x_wconf 91' lang='lat' dir='ltr'><strong>sint</strong></span> <span class='ocrx_word' id='word_1_334' title='bbox 3010 2379 3242 2434; x_wconf 86' lang='lat' dir='ltr'><strong>universi</strong></span> <span class='ocrx_word' id='word_1_335' title='bbox 3277 2379 3410 2434; x_wconf 84' lang='lat' dir='ltr'><strong>lines</strong></span> 
     </span>
    </p>
   </div>
   <div class='ocr_carea' id='block_1_48' title="bbox 200 2454 1776 2539">
    <p class='ocr_par' dir='ltr' id='par_1_48' title="bbox 200 2454 1774 2533">
     <span class='ocr_line' id='line_1_48' title="bbox 200 2454 1774 2533; baseline 0.008 -29"><span class='ocrx_word' id='word_1_336' title='bbox 200 2454 340 2522; x_wconf 80' lang='grc' dir='ltr'>πρὸς</span> <span class='ocrx_word' id='word_1_337' title='bbox 368 2454 547 2506; x_wconf 80' lang='grc' dir='ltr'>αὑτὸν</span> <span class='ocrx_word' id='word_1_338' title='bbox 575 2455 755 2508; x_wconf 83' lang='grc' dir='ltr'>πάντα</span> <span class='ocrx_word' id='word_1_339' title='bbox 775 2455 841 2508; x_wconf 75' lang='grc' dir='ltr'>τὰ</span> <span class='ocrx_word' id='word_1_340' title='bbox 874 2456 1080 2527; x_wconf 85' lang='grc' dir='ltr'>πέρατα</span> <span class='ocrx_word' id='word_1_341' title='bbox 1098 2459 1192 2528; x_wconf 86' lang='grc' dir='ltr'><strong>τῆς</strong></span> <span class='ocrx_word' id='word_1_342' title='bbox 1219 2460 1337 2528; x_wconf 87' lang='grc' dir='ltr'>γῆς,</span> <span class='ocrx_word' id='word_1_343' title='bbox 1365 2461 1598 2529; x_wconf 77' lang='grc' dir='ltr'>ἐπιλέγει</span> <span class='ocrx_word' id='word_1_344' title='bbox 1619 2464 1742 2533; x_wconf 79' lang='grc' dir='ltr'>ἑξῆς</span> <span class='ocrx_word' id='word_1_345' title='bbox 1761 2482 1774 2495; x_wconf 83' lang='grc'><em>’</em></span> 
     </span>
    </p>
   </div>
   <div class='ocr_carea' id='block_1_49' title="bbox 1878 2454 3410 2539">
    <p class='ocr_par' dir='ltr' id='par_1_49' title="bbox 1878 2468 3410 2539">
     <span class='ocr_line' id='line_1_49' title="bbox 1878 2468 3410 2539; baseline 0.005 -20"><span class='ocrx_word' id='word_1_346' title='bbox 1878 2473 2065 2533; x_wconf 66' lang='lat' dir='ltr'><strong>terrae;</strong></span> <span class='ocrx_word' id='word_1_347' title='bbox 2095 2468 2194 2520; x_wconf 90' lang='lat' dir='ltr'><strong>sub</strong></span> <span class='ocrx_word' id='word_1_348' title='bbox 2237 2468 2349 2521; x_wconf 66' lang='lat' dir='ltr'><strong>haec</strong></span> <span class='ocrx_word' id='word_1_349' title='bbox 2395 2470 2621 2537; x_wconf 84' lang='lat' dir='ltr'><strong>explicat</strong></span> <span class='ocrx_word' id='word_1_350' title='bbox 2652 2469 2736 2524; x_wconf 85' lang='lat' dir='ltr'><strong>bis</strong></span> <span class='ocrx_word' id='word_1_351' title='bbox 2773 2470 2948 2523; x_wconf 82' lang='lat' dir='ltr'><strong>verbis</strong></span> <span class='ocrx_word' id='word_1_352' title='bbox 2978 2488 2991 2522; x_wconf 91' lang='lat'>:</span> <span class='ocrx_word' id='word_1_353' title='bbox 3022 2472 3262 2539; x_wconf 82' lang='lat' dir='ltr'><strong>quoniam</strong></span> <span class='ocrx_word' id='word_1_354' title='bbox 3301 2471 3410 2526; x_wconf 72' lang='lat' dir='ltr'><strong>Dc-</strong></span> 
     </span>
    </p>
   </div>
   <div class='ocr_carea' id='block_1_50' title="bbox 201 2542 1776 2628">
    <p class='ocr_par' dir='ltr' id='par_1_50' title="bbox 201 2542 1776 2615">
     <span class='ocr_line' id='line_1_50' title="bbox 201 2542 1776 2615; baseline 0.007 -19"><span class='ocrx_word' id='word_1_355' title='bbox 201 2544 328 2596; x_wconf 85' lang='grc' dir='ltr'><strong>ὀτι</strong></span> <span class='ocrx_word' id='word_1_356' title='bbox 356 2542 479 2596; x_wconf 90' lang='grc' dir='ltr'>τοῦ</span> <span class='ocrx_word' id='word_1_357' title='bbox 499 2544 728 2611; x_wconf 61' lang='grc' dir='ltr'>Κυρίου</span> <span class='ocrx_word' id='word_1_358' title='bbox 766 2546 806 2612; x_wconf 78' lang='grc' dir='ltr'><strong><em>ἠ</em></strong></span> <span class='ocrx_word' id='word_1_359' title='bbox 836 2546 1141 2611; x_wconf 74' lang='grc' dir='ltr'>βασιλεία,</span> <span class='ocrx_word' id='word_1_360' title='bbox 1176 2547 1270 2600; x_wconf 77' lang='grc' dir='ltr'><strong>καί</strong></span> <span class='ocrx_word' id='word_1_361' title='bbox 1312 2551 1488 2615; x_wconf 83' lang='grc' dir='ltr'>αὐτὸς</span> <span class='ocrx_word' id='word_1_362' title='bbox 1513 2551 1776 2612; x_wconf 79' lang='grc' dir='ltr'>δεσπόζει</span> 
     </span>
    </p>
   </div>
   <div class='ocr_carea' id='block_1_51' title="bbox 1878 2542 3408 2628">
    <p class='ocr_par' dir='ltr' id='par_1_51' title="bbox 1879 2557 3408 2628">
     <span class='ocr_line' id='line_1_51' title="bbox 1879 2557 3408 2628; baseline 0.003 -20"><span class='ocrx_word' id='word_1_363' title='bbox 1879 2557 2003 2608; x_wconf 90' lang='lat' dir='ltr'><strong>mini</strong></span> <span class='ocrx_word' id='word_1_364' title='bbox 2041 2566 2116 2611; x_wconf 86' lang='lat' dir='ltr'><strong>est</strong></span> <span class='ocrx_word' id='word_1_365' title='bbox 2153 2574 2380 2626; x_wconf 87' lang='lat' dir='ltr'><strong>regnum,</strong></span> <span class='ocrx_word' id='word_1_366' title='bbox 2423 2569 2472 2612; x_wconf 84' lang='lat' dir='ltr'><strong>et</strong></span> <span class='ocrx_word' id='word_1_367' title='bbox 2515 2560 2620 2625; x_wconf 87' lang='lat' dir='ltr'><strong>ipse</strong></span> <span class='ocrx_word' id='word_1_368' title='bbox 2664 2561 2962 2614; x_wconf 83' lang='lat' dir='ltr'><strong>dominatur</strong></span> <span class='ocrx_word' id='word_1_369' title='bbox 2989 2561 3234 2628; x_wconf 86' lang='lat' dir='ltr'><strong>gentium.</strong></span> <span class='ocrx_word' id='word_1_370' title='bbox 3276 2560 3408 2614; x_wconf 87' lang='lat' dir='ltr'><strong>Nam</strong></span> 
     </span>
    </p>
   </div>
   <div class='ocr_carea' id='block_1_52' title="bbox 201 2630 1776 2718">
    <p class='ocr_par' dir='ltr' id='par_1_52' title="bbox 201 2630 1776 2709">
     <span class='ocr_line' id='line_1_52' title="bbox 201 2630 1776 2709; baseline 0.008 -26"><span class='ocrx_word' id='word_1_371' title='bbox 201 2630 313 2684; x_wconf 83' lang='grc' dir='ltr'><strong>τῶν</strong></span> <span class='ocrx_word' id='word_1_372' title='bbox 343 2631 579 2686; x_wconf 81' lang='grc' dir='ltr'>ἐθνῶν.</span> <span class='ocrx_word' id='word_1_373' title='bbox 611 2633 674 2685; x_wconf 81' lang='lat' dir='ltr'><strong>Oi</strong></span> <span class='ocrx_word' id='word_1_374' title='bbox 706 2632 813 2701; x_wconf 78' lang='grc' dir='ltr'><strong>γὰρ</strong></span> <span class='ocrx_word' id='word_1_375' title='bbox 842 2633 1006 2687; x_wconf 75' lang='grc' dir='ltr'>πάλαι</span> <span class='ocrx_word' id='word_1_376' title='bbox 1026 2637 1389 2706; x_wconf 83' lang='grc' dir='ltr'>κρατήσαντες</span> <span class='ocrx_word' id='word_1_377' title='bbox 1414 2639 1656 2709; x_wconf 85' lang='grc' dir='ltr'>δαίμονες</span> <span class='ocrx_word' id='word_1_378' title='bbox 1686 2644 1776 2696; x_wconf 78' lang='grc' dir='ltr'><strong>καὶ</strong></span> 
     </span>
    </p>
   </div>
   <div class='ocr_carea' id='block_1_53' title="bbox 1878 2630 3409 2718">
    <p class='ocr_par' dir='ltr' id='par_1_53' title="bbox 1878 2646 3409 2718">
     <span class='ocr_line' id='line_1_53' title="bbox 1878 2646 3409 2718; baseline 0.003 -20"><span class='ocrx_word' id='word_1_379' title='bbox 1878 2646 1966 2714; x_wconf 90' lang='lat' dir='ltr'><strong>qui</strong></span> <span class='ocrx_word' id='word_1_380' title='bbox 1999 2646 2124 2700; x_wconf 89' lang='lat' dir='ltr'><strong>olim</strong></span> <span class='ocrx_word' id='word_1_381' title='bbox 2159 2647 2449 2701; x_wconf 89' lang='lat' dir='ltr'><strong>dominium</strong></span> <span class='ocrx_word' id='word_1_382' title='bbox 2482 2649 2790 2704; x_wconf 84' lang='lat' dir='ltr'><strong>obtinebant</strong></span> <span class='ocrx_word' id='word_1_383' title='bbox 2815 2649 3082 2704; x_wconf 63' lang='lat' dir='ltr'><strong>damones</strong></span> <span class='ocrx_word' id='word_1_384' title='bbox 3109 2656 3267 2718; x_wconf 85' lang='lat' dir='ltr'><strong>atque</strong></span> <span class='ocrx_word' id='word_1_385' title='bbox 3296 2650 3409 2702; x_wconf 82' lang='lat' dir='ltr'><strong>dia-</strong></span> 
     </span>
    </p>
   </div>
   <div class='ocr_carea' id='block_1_54' title="bbox 193 2721 1776 2808">
    <p class='ocr_par' dir='ltr' id='par_1_54' title="bbox 193 2721 1776 2794">
     <span class='ocr_line' id='line_1_54' title="bbox 193 2721 1776 2794; baseline 0.005 -21"><span class='ocrx_word' id='word_1_386' title='bbox 193 2721 460 2783; x_wconf 74' lang='grc' dir='ltr'>διάϐολος</span> <span class='ocrx_word' id='word_1_387' title='bbox 492 2721 892 2791; x_wconf 77' lang='grc' dir='ltr'>κατελύθησαν,</span> <span class='ocrx_word' id='word_1_388' title='bbox 929 2723 1022 2774; x_wconf 74' lang='grc' dir='ltr'>καὶ</span> <span class='ocrx_word' id='word_1_389' title='bbox 1063 2725 1195 2793; x_wconf 87' lang='grc' dir='ltr'>μόνη</span> <span class='ocrx_word' id='word_1_390' title='bbox 1229 2727 1260 2794; x_wconf 87' lang='grc' dir='ltr'><strong>ἡ</strong></span> <span class='ocrx_word' id='word_1_391' title='bbox 1307 2726 1396 2778; x_wconf 78' lang='grc' dir='ltr'>τοῦ</span> <span class='ocrx_word' id='word_1_392' title='bbox 1437 2728 1525 2780; x_wconf 75' lang='grc' dir='ltr'>ἐπὶ</span> <span class='ocrx_word' id='word_1_393' title='bbox 1567 2729 1776 2781; x_wconf 83' lang='grc' dir='ltr'>πάντων</span> 
     </span>
    </p>
   </div>
   <div class='ocr_carea' id='block_1_55' title="bbox 1878 2721 3408 2808">
    <p class='ocr_par' dir='ltr' id='par_1_55' title="bbox 1878 2737 3408 2808">
     <span class='ocr_line' id='line_1_55' title="bbox 1878 2737 3408 2808; baseline 0.004 -19"><span class='ocrx_word' id='word_1_394' title='bbox 1878 2737 2052 2801; x_wconf 87' lang='lat' dir='ltr'><strong>bolus,</strong></span> <span class='ocrx_word' id='word_1_395' title='bbox 2079 2738 2190 2805; x_wconf 89' lang='lat' dir='ltr'><strong>jam</strong></span> <span class='ocrx_word' id='word_1_396' title='bbox 2223 2739 2460 2808; x_wconf 84' lang='lat' dir='ltr'><strong>abrogati</strong></span> <span class='ocrx_word' id='word_1_397' title='bbox 2508 2748 2665 2804; x_wconf 90' lang='lat' dir='ltr'><strong>sunt;</strong></span> <span class='ocrx_word' id='word_1_398' title='bbox 2706 2755 2769 2794; x_wconf 89' lang='lat' dir='ltr'><strong>ac</strong></span> <span class='ocrx_word' id='word_1_399' title='bbox 2819 2741 2986 2795; x_wconf 89' lang='lat' dir='ltr'><strong>solum</strong></span> <span class='ocrx_word' id='word_1_400' title='bbox 3024 2739 3261 2795; x_wconf 87' lang='lat' dir='ltr'><strong>omnium</strong></span> <span class='ocrx_word' id='word_1_401' title='bbox 3301 2739 3408 2795; x_wconf 86' lang='lat' dir='ltr'><strong>Do-</strong></span> 
     </span>
    </p>
   </div>
   <div class='ocr_carea' id='block_1_56' title="bbox 196 2809 1776 2900">
    <p class='ocr_par' dir='ltr' id='par_1_56' title="bbox 196 2809 1776 2884">
     <span class='ocr_line' id='line_1_56' title="bbox 196 2809 1776 2884; baseline 0.006 -22"><span class='ocrx_word' id='word_1_402' title='bbox 196 2810 336 2864; x_wconf 79' lang='grc' dir='ltr'><strong>θεοῦ</strong></span> <span class='ocrx_word' id='word_1_403' title='bbox 376 2809 638 2880; x_wconf 83' lang='grc' dir='ltr'>βασιλεία</span> <span class='ocrx_word' id='word_1_404' title='bbox 685 2811 1048 2881; x_wconf 71' lang='grc' dir='ltr'>ἐπεκράτησε.</span> <span class='ocrx_word' id='word_1_405' title='bbox 1099 2813 1258 2878; x_wconf 81' lang='grc' dir='ltr'>Τάξει</span> <span class='ocrx_word' id='word_1_406' title='bbox 1301 2811 1391 2867; x_wconf 78' lang='grc' dir='ltr'><strong>οὖν</strong></span> <span class='ocrx_word' id='word_1_407' title='bbox 1433 2818 1460 2868; x_wconf 86' lang='grc' dir='ltr'><strong>ό</strong></span> <span class='ocrx_word' id='word_1_408' title='bbox 1492 2815 1642 2884; x_wconf 86' lang='grc' dir='ltr'>λόγος</span> <span class='ocrx_word' id='word_1_409' title='bbox 1688 2821 1776 2872; x_wconf 69' lang='grc' dir='ltr'><strong>καί</strong></span> 
     </span>
    </p>
   </div>
   <div class='ocr_carea' id='block_1_57' title="bbox 1878 2809 3410 2900">
    <p class='ocr_par' dir='ltr' id='par_1_57' title="bbox 1878 2827 3410 2900">
     <span class='ocr_line' id='line_1_57' title="bbox 1878 2827 3410 2900; baseline 0.003 -20"><span class='ocrx_word' id='word_1_410' title='bbox 1878 2828 2006 2880; x_wconf 90' lang='lat' dir='ltr'><strong>mini</strong></span> <span class='ocrx_word' id='word_1_411' title='bbox 2031 2827 2120 2882; x_wconf 91' lang='lat' dir='ltr'><strong>Dei</strong></span> <span class='ocrx_word' id='word_1_412' title='bbox 2146 2843 2367 2898; x_wconf 76' lang='lat' dir='ltr'><strong>regnum</strong></span> <span class='ocrx_word' id='word_1_413' title='bbox 2390 2830 2548 2898; x_wconf 82' lang='lat' dir='ltr'><strong>viget.</strong></span> <span class='ocrx_word' id='word_1_414' title='bbox 2579 2829 2777 2885; x_wconf 89' lang='lat' dir='ltr'><strong>Ordine</strong></span> <span class='ocrx_word' id='word_1_415' title='bbox 2808 2831 2970 2900; x_wconf 77' lang='lat' dir='ltr'><strong>igitur</strong></span> <span class='ocrx_word' id='word_1_416' title='bbox 2994 2845 3055 2884; x_wconf 88' lang='lat' dir='ltr'><strong>ac</strong></span> <span class='ocrx_word' id='word_1_417' title='bbox 3076 2845 3410 2900; x_wconf 84' lang='lat' dir='ltr'><strong>consequen-</strong></span> 
     </span>
    </p>
   </div>
   <div class='ocr_carea' id='block_1_58' title="bbox 198 2900 1776 2988">
    <p class='ocr_par' dir='ltr' id='par_1_58' title="bbox 198 2900 1776 2972">
     <span class='ocr_line' id='line_1_58' title="bbox 198 2900 1776 2972; baseline 0.004 -19"><span class='ocrx_word' id='word_1_418' title='bbox 198 2900 508 2970; x_wconf 78' lang='grc' dir='ltr'>ἀκολουθίᾳ</span> <span class='ocrx_word' id='word_1_419' title='bbox 544 2900 828 2970; x_wconf 74' lang='grc' dir='ltr'>κέχρηται,</span> <span class='ocrx_word' id='word_1_420' title='bbox 867 2901 1080 2970; x_wconf 82' lang='grc' dir='ltr'>πρῶτον</span> <span class='ocrx_word' id='word_1_421' title='bbox 1132 2904 1334 2972; x_wconf 83' lang='grc' dir='ltr'>φήσας’</span> <span class='ocrx_word' id='word_1_422' title='bbox 1389 2907 1776 2972; x_wconf 80' lang='grc' dir='ltr'>Μνησθήσον-</span> 
     </span>
    </p>
   </div>
   <div class='ocr_carea' id='block_1_59' title="bbox 1878 2900 3406 2988">
    <p class='ocr_par' dir='ltr' id='par_1_59' title="bbox 1878 2915 3406 2988">
     <span class='ocr_line' id='line_1_59' title="bbox 1878 2915 3406 2988; baseline 0.005 -21"><span class='ocrx_word' id='word_1_423' title='bbox 1878 2915 1951 2968; x_wconf 85' lang='lat' dir='ltr'><strong>tia</strong></span> <span class='ocrx_word' id='word_1_424' title='bbox 1980 2931 2154 2971; x_wconf 90' lang='lat' dir='ltr'><strong>sermo</strong></span> <span class='ocrx_word' id='word_1_425' title='bbox 2195 2925 2430 2983; x_wconf 90' lang='lat' dir='ltr'><strong>constat;</strong></span> <span class='ocrx_word' id='word_1_426' title='bbox 2462 2933 2585 2972; x_wconf 86' lang='lat' dir='ltr'><strong>nam</strong></span> <span class='ocrx_word' id='word_1_427' title='bbox 2617 2936 2736 2974; x_wconf 89' lang='lat' dir='ltr'><strong>cum</strong></span> <span class='ocrx_word' id='word_1_428' title='bbox 2771 2921 2940 2988; x_wconf 88' lang='lat' dir='ltr'><strong>primo</strong></span> <span class='ocrx_word' id='word_1_429' title='bbox 2970 2921 3211 2984; x_wconf 80' lang='lat' dir='ltr'><strong>dixisset,</strong></span> <span class='ocrx_word' id='word_1_430' title='bbox 3247 2921 3406 2974; x_wconf 82' lang='lat' dir='ltr'><strong>remi-</strong></span> 
     </span>
    </p>
   </div>
   <div class='ocr_carea' id='block_1_60' title="bbox 201 2987 1776 3074">
    <p class='ocr_par' dir='ltr' id='par_1_60' title="bbox 201 2987 1775 3066">
     <span class='ocr_line' id='line_1_60' title="bbox 201 2987 1775 3066; baseline 0.004 -24"><span class='ocrx_word' id='word_1_431' title='bbox 201 3010 311 3054; x_wconf 82' lang='grc' dir='ltr'>ται,</span> <span class='ocrx_word' id='word_1_432' title='bbox 341 2987 476 3045; x_wconf 74' lang='grc' dir='ltr'>εἶτα</span> <span class='ocrx_word' id='word_1_433' title='bbox 503 2990 787 3060; x_wconf 84' lang='grc' dir='ltr'>δεύτερον,</span> <span class='ocrx_word' id='word_1_434' title='bbox 819 2992 1389 3059; x_wconf 71' lang='grc' dir='ltr'>ἐπιστραφήσονται,</span> <span class='ocrx_word' id='word_1_435' title='bbox 1437 2996 1528 3048; x_wconf 77' lang='grc' dir='ltr'><strong>καὶ</strong></span> <span class='ocrx_word' id='word_1_436' title='bbox 1565 2997 1775 3066; x_wconf 86' lang='grc' dir='ltr'>τρίτον,</span> 
     </span>
    </p>
   </div>
   <div class='ocr_carea' id='block_1_61' title="bbox 1878 2987 3407 3074">
    <p class='ocr_par' dir='ltr' id='par_1_61' title="bbox 1878 3006 3407 3074">
     <span class='ocr_line' id='line_1_61' title="bbox 1878 3006 3407 3074; baseline 0.003 -17"><span class='ocrx_word' id='word_1_437' title='bbox 1878 3006 2164 3069; x_wconf 82' lang='lat' dir='ltr'><strong>niscentur;</strong></span> <span class='ocrx_word' id='word_1_438' title='bbox 2218 3007 2487 3073; x_wconf 87' lang='lat' dir='ltr'><strong>secundo,</strong></span> <span class='ocrx_word' id='word_1_439' title='bbox 2539 3019 2928 3074; x_wconf 78' lang='lat' dir='ltr'><strong>convertentur;</strong></span> <span class='ocrx_word' id='word_1_440' title='bbox 2985 3011 3140 3064; x_wconf 86' lang='lat' dir='ltr'><strong>tertio</strong></span> <span class='ocrx_word' id='word_1_441' title='bbox 3193 3010 3407 3064; x_wconf 87' lang='lat' dir='ltr'><strong>demum</strong></span> 
     </span>
    </p>
   </div>
   <div class='ocr_carea' id='block_1_62' title="bbox 203 3081 1776 3149">
    <p class='ocr_par' dir='ltr' id='par_1_62' title="bbox 203 3081 1776 3149">
     <span class='ocr_line' id='line_1_62' title="bbox 203 3081 1776 3149; baseline 0.005 -16"><span class='ocrx_word' id='word_1_442' title='bbox 203 3081 744 3149; x_wconf 70' lang='grc' dir='ltr'>προσκυνήσουσι.</span> <span class='ocrx_word' id='word_1_443' title='bbox 798 3081 979 3135; x_wconf 80' lang='grc' dir='ltr'>Ταῦτα</span> <span class='ocrx_word' id='word_1_444' title='bbox 1011 3082 1066 3134; x_wconf 84' lang='grc' dir='ltr'>δὲ</span> <span class='ocrx_word' id='word_1_445' title='bbox 1104 3083 1274 3136; x_wconf 77' lang='grc' dir='ltr'>πάντα</span> <span class='ocrx_word' id='word_1_446' title='bbox 1307 3084 1475 3148; x_wconf 74' lang='grc' dir='ltr'>ἔσται,</span> <span class='ocrx_word' id='word_1_447' title='bbox 1506 3089 1630 3146; x_wconf 84' lang='grc' dir='ltr'>Ὅτι</span> <span class='ocrx_word' id='word_1_448' title='bbox 1672 3089 1776 3141; x_wconf 86' lang='grc' dir='ltr'>τοῦ</span> 
     </span>
    </p>
   </div>
   <div class='ocr_carea' id='block_1_63' title="bbox 204 3172 1775 3240">
    <p class='ocr_par' dir='ltr' id='par_1_63' title="bbox 204 3172 1775 3240">
     <span class='ocr_line' id='line_1_63' title="bbox 204 3172 1775 3240; baseline 0.004 -16"><span class='ocrx_word' id='word_1_449' title='bbox 204 3174 437 3240; x_wconf 79' lang='grc' dir='ltr'>Κυρίου</span> <span class='ocrx_word' id='word_1_450' title='bbox 493 3173 535 3240; x_wconf 80' lang='grc' dir='ltr'><strong><em>ἠ</em></strong></span> <span class='ocrx_word' id='word_1_451' title='bbox 581 3172 874 3234; x_wconf 76' lang='grc' dir='ltr'>,βασιλεία</span> <span class='ocrx_word' id='word_1_452' title='bbox 899 3208 912 3231; x_wconf 88' lang='grc'><strong>,</strong></span> <span class='ocrx_word' id='word_1_453' title='bbox 961 3173 1062 3225; x_wconf 73' lang='grc' dir='ltr'>καὶ</span> <span class='ocrx_word' id='word_1_454' title='bbox 1114 3174 1288 3240; x_wconf 81' lang='grc' dir='ltr'>αὐτὸς</span> <span class='ocrx_word' id='word_1_455' title='bbox 1344 3175 1606 3237; x_wconf 80' lang='grc' dir='ltr'>δεσπόζει</span> <span class='ocrx_word' id='word_1_456' title='bbox 1660 3177 1775 3231; x_wconf 84' lang='grc' dir='ltr'>τῶν</span> 
     </span>
    </p>
   </div>
   <div class='ocr_carea' id='block_1_64' title="bbox 202 3262 422 3316">
    <p class='ocr_par' dir='ltr' id='par_1_64' title="bbox 202 3262 422 3316">
     <span class='ocr_line' id='line_1_64' title="bbox 202 3262 422 3316; baseline 0 -2"><span class='ocrx_word' id='word_1_457' title='bbox 202 3262 422 3316; x_wconf 72' lang='grc' dir='ltr'>ἐθνῶν.</span> 
     </span>
    </p>
   </div>
   <div class='ocr_carea' id='block_1_65' title="bbox 269 3352 1775 3424">
    <p class='ocr_par' dir='ltr' id='par_1_65' title="bbox 269 3352 1775 3424">
     <span class='ocr_line' id='line_1_65' title="bbox 269 3352 1775 3424; baseline 0.005 -21"><span class='ocrx_word' id='word_1_458' title='bbox 269 3353 556 3421; x_wconf 65' lang='grc' dir='ltr'>Ἐ’ςραγον</span> <span class='ocrx_word' id='word_1_459' title='bbox 579 3352 678 3405; x_wconf 81' lang='grc' dir='ltr'>καὶ</span> <span class='ocrx_word' id='word_1_460' title='bbox 719 3355 1179 3421; x_wconf 78' lang='grc' dir='ltr'>προσεκύνησαν</span> <span class='ocrx_word' id='word_1_461' title='bbox 1223 3355 1438 3422; x_wconf 80' lang='grc' dir='ltr'>πάντες</span> <span class='ocrx_word' id='word_1_462' title='bbox 1481 3361 1534 3410; x_wconf 84' lang='lat' dir='ltr'><strong>oi</strong></span> <span class='ocrx_word' id='word_1_463' title='bbox 1577 3357 1775 3424; x_wconf 82' lang='grc' dir='ltr'>πίονες</span> 
     </span>
    </p>
   </div>
   <div class='ocr_carea' id='block_1_66' title="bbox 203 3438 1775 3509">
    <p class='ocr_par' dir='ltr' id='par_1_66' title="bbox 203 3438 1775 3509">
     <span class='ocr_line' id='line_1_66' title="bbox 203 3438 1775 3509; baseline 0.001 -16"><span class='ocrx_word' id='word_1_464' title='bbox 203 3438 307 3506; x_wconf 83' lang='grc' dir='ltr'><strong>τῆς</strong></span> <span class='ocrx_word' id='word_1_465' title='bbox 330 3440 454 3509; x_wconf 66' lang='lat' dir='ltr'><strong>m’q</strong></span> <span class='ocrx_word' id='word_1_466' title='bbox 476 3459 495 3474; x_wconf 67' lang='grc' dir='ltr'>ι</span> <span class='ocrx_word' id='word_1_467' title='bbox 541 3440 1012 3494; x_wconf 62' lang='lat' dir='ltr'><strong>Maior-aurai}</strong></span> <span class='ocrx_word' id='word_1_468' title='bbox 1050 3441 1521 3506; x_wconf 79' lang='grc' dir='ltr'>προσπεσοῦνται</span> <span class='ocrx_word' id='word_1_469' title='bbox 1562 3441 1775 3506; x_wconf 82' lang='grc' dir='ltr'>πάντες</span> 
     </span>
    </p>
   </div>
   <div class='ocr_carea' id='block_1_67' title="bbox 205 3529 1773 3600">
    <p class='ocr_par' dir='ltr' id='par_1_67' title="bbox 205 3529 1773 3600">
     <span class='ocr_line' id='line_1_67' title="bbox 205 3529 1773 3600; baseline 0 -15"><span class='ocrx_word' id='word_1_470' title='bbox 205 3535 257 3585; x_wconf 81' lang='grc' dir='ltr'>οι</span> <span class='ocrx_word' id='word_1_471' title='bbox 285 3532 765 3595; x_wconf 77' lang='grc' dir='ltr'>καταϐαίνοντες</span> <span class='ocrx_word' id='word_1_472' title='bbox 800 3533 886 3594; x_wconf 81' lang='grc' dir='ltr'>εἰς</span> <span class='ocrx_word' id='word_1_473' title='bbox 923 3531 1034 3597; x_wconf 78' lang='grc' dir='ltr'>τὴν</span> <span class='ocrx_word' id='word_1_474' title='bbox 1058 3529 1188 3599; x_wconf 78' lang='grc' dir='ltr'>γῆν.</span> <span class='ocrx_word' id='word_1_475' title='bbox 1228 3533 1336 3584; x_wconf 73' lang='lat' dir='ltr'><strong>Kal</strong></span> <span class='ocrx_word' id='word_1_476' title='bbox 1383 3535 1418 3599; x_wconf 75' lang='grc' dir='ltr'>ἡ</span> <span class='ocrx_word' id='word_1_477' title='bbox 1458 3533 1622 3600; x_wconf 68' lang='grc' dir='ltr'>ψυχή</span> <span class='ocrx_word' id='word_1_478' title='bbox 1659 3550 1773 3600; x_wconf 84' lang='grc' dir='ltr'><strong>μου</strong></span> 
     </span>
    </p>
   </div>
   <div class='ocr_carea' id='block_1_68' title="bbox 208 3620 1768 3689">
    <p class='ocr_par' dir='ltr' id='par_1_68' title="bbox 208 3620 1768 3689">
     <span class='ocr_line' id='line_1_68' title="bbox 208 3620 1768 3689; baseline 0.001 -16"><span class='ocrx_word' id='word_1_479' title='bbox 208 3621 366 3686; x_wconf 75' lang='grc' dir='ltr'>αὐτῷ</span> <span class='ocrx_word' id='word_1_480' title='bbox 400 3620 494 3688; x_wconf 75' lang='grc' dir='ltr'><strong>ζῇ,</strong></span> <span class='ocrx_word' id='word_1_481' title='bbox 545 3620 644 3672; x_wconf 75' lang='grc' dir='ltr'>καὶ</span> <span class='ocrx_word' id='word_1_482' title='bbox 680 3620 746 3672; x_wconf 83' lang='grc' dir='ltr'>τὸ</span> <span class='ocrx_word' id='word_1_483' title='bbox 794 3621 1029 3688; x_wconf 81' lang='grc' dir='ltr'>σπέρμα</span> <span class='ocrx_word' id='word_1_484' title='bbox 1075 3640 1192 3689; x_wconf 85' lang='grc' dir='ltr'><strong>μου</strong></span> <span class='ocrx_word' id='word_1_485' title='bbox 1243 3621 1550 3675; x_wconf 83' lang='grc' dir='ltr'>δουλεύσει</span> <span class='ocrx_word' id='word_1_486' title='bbox 1597 3623 1768 3686; x_wconf 84' lang='grc' dir='ltr'>αὐτῷ.</span> 
     </span>
    </p>
   </div>
   <div class='ocr_carea' id='block_1_69' title="bbox 213 3709 1773 3780">
    <p class='ocr_par' dir='ltr' id='par_1_69' title="bbox 213 3709 1773 3780">
     <span class='ocr_line' id='line_1_69' title="bbox 213 3709 1773 3780; baseline 0 -18"><span class='ocrx_word' id='word_1_487' title='bbox 213 3710 364 3763; x_wconf 85' lang='grc' dir='ltr'>Ἔστι</span> <span class='ocrx_word' id='word_1_488' title='bbox 389 3711 449 3764; x_wconf 84' lang='grc' dir='ltr'>δὲ</span> <span class='ocrx_word' id='word_1_489' title='bbox 489 3710 617 3763; x_wconf 82' lang='grc' dir='ltr'>καθ’</span> <span class='ocrx_word' id='word_1_490' title='bbox 659 3709 896 3778; x_wconf 78' lang='grc' dir='ltr'>ἑκάστην</span> <span class='ocrx_word' id='word_1_491' title='bbox 928 3710 1285 3778; x_wconf 66' lang='grc' dir='ltr'>ἀναπάσιμον</span> <span class='ocrx_word' id='word_1_492' title='bbox 1322 3710 1524 3780; x_wconf 79' lang='grc' dir='ltr'>ἡμέραν</span> <span class='ocrx_word' id='word_1_493' title='bbox 1551 3711 1640 3762; x_wconf 75' lang='grc' dir='ltr'>τοῦ</span> <span class='ocrx_word' id='word_1_494' title='bbox 1664 3712 1773 3762; x_wconf 90' lang='grc' dir='ltr'><strong>Σω-</strong></span> 
     </span>
    </p>
   </div>
   <div class='ocr_carea' id='block_1_70' title="bbox 212 3800 1772 3873">
    <p class='ocr_par' dir='ltr' id='par_1_70' title="bbox 212 3800 1772 3873">
     <span class='ocr_line' id='line_1_70' title="bbox 212 3800 1772 3873; baseline 0.003 -22"><span class='ocrx_word' id='word_1_495' title='bbox 212 3801 369 3870; x_wconf 84' lang='grc' dir='ltr'>τῆρος</span> <span class='ocrx_word' id='word_1_496' title='bbox 406 3803 438 3870; x_wconf 79' lang='grc' dir='ltr'><strong>ἡ</strong></span> <span class='ocrx_word' id='word_1_497' title='bbox 450 3800 597 3872; x_wconf 81' lang='grc' dir='ltr'>μῶν,</span> <span class='ocrx_word' id='word_1_498' title='bbox 629 3801 728 3869; x_wconf 81' lang='grc' dir='ltr'><strong>τὴν</strong></span> <span class='ocrx_word' id='word_1_499' title='bbox 759 3801 1094 3870; x_wconf 78' lang='grc' dir='ltr'>καλουμένην</span> <span class='ocrx_word' id='word_1_500' title='bbox 1131 3803 1390 3873; x_wconf 82' lang='grc' dir='ltr'>κυριακὴν</span> <span class='ocrx_word' id='word_1_501' title='bbox 1409 3843 1423 3866; x_wconf 94' lang='grc'><strong>,</strong></span> <span class='ocrx_word' id='word_1_502' title='bbox 1454 3803 1572 3873; x_wconf 72' lang='grc' dir='ltr'>ὄψει</span> <span class='ocrx_word' id='word_1_503' title='bbox 1603 3820 1772 3873; x_wconf 85' lang='grc' dir='ltr'>παρα-</span> 
     </span>
    </p>
   </div>
   <div class='ocr_carea' id='block_1_71' title="bbox 212 3887 1769 3961">
    <p class='ocr_par' dir='ltr' id='par_1_71' title="bbox 212 3887 1769 3961">
     <span class='ocr_line' id='line_1_71' title="bbox 212 3887 1769 3961; baseline 0.003 -22"><span class='ocrx_word' id='word_1_504' title='bbox 212 3887 389 3941; x_wconf 73' lang='grc' dir='ltr'>λαϐεῖν</span> <span class='ocrx_word' id='word_1_505' title='bbox 416 3891 551 3952; x_wconf 79' lang='grc' dir='ltr'>τοὺς</span> <span class='ocrx_word' id='word_1_506' title='bbox 573 3889 677 3957; x_wconf 90' lang='grc' dir='ltr'><strong>τῆς</strong></span> <span class='ocrx_word' id='word_1_507' title='bbox 708 3889 914 3957; x_wconf 85' lang='grc' dir='ltr'>τροφῆς</span> <span class='ocrx_word' id='word_1_508' title='bbox 939 3891 1034 3958; x_wconf 82' lang='grc' dir='ltr'><strong>τῆς</strong></span> <span class='ocrx_word' id='word_1_509' title='bbox 1075 3891 1231 3956; x_wconf 83' lang='grc' dir='ltr'>ἁγίας</span> <span class='ocrx_word' id='word_1_510' title='bbox 1269 3892 1361 3943; x_wconf 73' lang='grc' dir='ltr'><strong>καὶ</strong></span> <span class='ocrx_word' id='word_1_511' title='bbox 1398 3893 1486 3944; x_wconf 79' lang='grc' dir='ltr'>τοῦ</span> <span class='ocrx_word' id='word_1_512' title='bbox 1531 3891 1769 3961; x_wconf 62' lang='grc' dir='ltr'>σώματος</span> 
     </span>
    </p>
   </div>
   <div class='ocr_carea' id='block_1_72' title="bbox 215 3978 1771 4050">
    <p class='ocr_par' dir='ltr' id='par_1_72' title="bbox 215 3978 1771 4050">
     <span class='ocr_line' id='line_1_72' title="bbox 215 3978 1771 4050; baseline 0.003 -21"><span class='ocrx_word' id='word_1_513' title='bbox 215 3978 302 4029; x_wconf 77' lang='grc' dir='ltr'>τοῦ</span> <span class='ocrx_word' id='word_1_514' title='bbox 328 3979 604 4049; x_wconf 82' lang='grc' dir='ltr'>σωτηρίου</span> <span class='ocrx_word' id='word_1_515' title='bbox 643 3978 1172 4047; x_wconf 77' lang='grc' dir='ltr'>μεταλαμϐάνοντας,</span> <span class='ocrx_word' id='word_1_516' title='bbox 1207 3983 1296 4034; x_wconf 80' lang='grc' dir='ltr'><strong>καὶ</strong></span> <span class='ocrx_word' id='word_1_517' title='bbox 1334 3983 1466 4050; x_wconf 84' lang='grc' dir='ltr'>μετὰ</span> <span class='ocrx_word' id='word_1_518' title='bbox 1498 3983 1556 4034; x_wconf 84' lang='grc' dir='ltr'>τὸ</span> <span class='ocrx_word' id='word_1_519' title='bbox 1585 3985 1771 4050; x_wconf 79' lang='grc' dir='ltr'>φαγεῖν</span> 
     </span>
    </p>
   </div>
   <div class='ocr_carea' id='block_1_73' title="bbox 216 4068 1768 4141">
    <p class='ocr_par' dir='ltr' id='par_1_73' title="bbox 216 4068 1768 4141">
     <span class='ocr_line' id='line_1_73' title="bbox 216 4068 1768 4141; baseline 0.006 -23"><span class='ocrx_word' id='word_1_520' title='bbox 216 4070 656 4137; x_wconf 75' lang='grc' dir='ltr'>προσκυνοῦντας</span> <span class='ocrx_word' id='word_1_521' title='bbox 685 4069 777 4120; x_wconf 83' lang='grc' dir='ltr'><strong>τὸν</strong></span> <span class='ocrx_word' id='word_1_522' title='bbox 803 4068 1000 4138; x_wconf 80' lang='grc' dir='ltr'>δοτῆρα</span> <span class='ocrx_word' id='word_1_523' title='bbox 1019 4071 1107 4122; x_wconf 63' lang='grc' dir='ltr'>καὶ</span> <span class='ocrx_word' id='word_1_524' title='bbox 1136 4072 1360 4141; x_wconf 72' lang='grc' dir='ltr'>χορηγὸν</span> <span class='ocrx_word' id='word_1_525' title='bbox 1383 4073 1478 4141; x_wconf 85' lang='grc' dir='ltr'><strong>τῆς</strong></span> <span class='ocrx_word' id='word_1_526' title='bbox 1515 4071 1768 4134; x_wconf 78' lang='grc' dir='ltr'>ζωοποιοῦ</span> 
     </span>
    </p>
   </div>
   <div class='ocr_carea' id='block_1_74' title="bbox 216 4159 1770 4232">
    <p class='ocr_par' dir='ltr' id='par_1_74' title="bbox 216 4159 1770 4232">
     <span class='ocr_line' id='line_1_74' title="bbox 216 4159 1770 4232; baseline 0.01 -30"><span class='ocrx_word' id='word_1_527' title='bbox 216 4161 430 4228; x_wconf 77' lang='grc' dir='ltr'>τροφῆς,</span> <span class='ocrx_word' id='word_1_528' title='bbox 464 4159 756 4228; x_wconf 81' lang='grc' dir='ltr'>θαυμάσαι</span> <span class='ocrx_word' id='word_1_529' title='bbox 782 4175 840 4209; x_wconf 85' lang='grc' dir='ltr'><strong>τε</strong></span> <span class='ocrx_word' id='word_1_530' title='bbox 869 4159 974 4211; x_wconf 79' lang='grc' dir='ltr'><strong>τῶν</strong></span> <span class='ocrx_word' id='word_1_531' title='bbox 1001 4159 1168 4227; x_wconf 86' lang='grc' dir='ltr'>λόγων</span> <span class='ocrx_word' id='word_1_532' title='bbox 1199 4161 1258 4212; x_wconf 85' lang='grc' dir='ltr'><strong>τὸ</strong></span> <span class='ocrx_word' id='word_1_533' title='bbox 1289 4161 1640 4232; x_wconf 82' lang='grc' dir='ltr'>ἀποτέλεσμα,</span> <span class='ocrx_word' id='word_1_534' title='bbox 1681 4166 1770 4218; x_wconf 71' lang='grc' dir='ltr'><strong>καὶ</strong></span> 
     </span>
    </p>
   </div>
   <div class='ocr_carea' id='block_1_75' title="bbox 220 4247 1770 4321">
    <p class='ocr_par' dir='ltr' id='par_1_75' title="bbox 220 4247 1770 4321">
     <span class='ocr_line' id='line_1_75' title="bbox 220 4247 1770 4321; baseline 0.005 -26"><span class='ocrx_word' id='word_1_535' title='bbox 220 4248 333 4297; x_wconf 80' lang='grc' dir='ltr'>κατ’</span> <span class='ocrx_word' id='word_1_536' title='bbox 359 4249 531 4318; x_wconf 81' lang='grc' dir='ltr'>αὐτὴν</span> <span class='ocrx_word' id='word_1_537' title='bbox 564 4247 674 4316; x_wconf 80' lang='grc' dir='ltr'>τὴν</span> <span class='ocrx_word' id='word_1_538' title='bbox 721 4247 1007 4316; x_wconf 80' lang='grc' dir='ltr'>πρόχειρον</span> <span class='ocrx_word' id='word_1_539' title='bbox 1056 4248 1194 4312; x_wconf 81' lang='grc' dir='ltr'>λέξιν</span> <span class='ocrx_word' id='word_1_540' title='bbox 1238 4249 1303 4300; x_wconf 79' lang='grc' dir='ltr'>δι’</span> <span class='ocrx_word' id='word_1_541' title='bbox 1345 4249 1513 4317; x_wconf 80' lang='grc' dir='ltr'>ἔργων</span> <span class='ocrx_word' id='word_1_542' title='bbox 1545 4251 1770 4321; x_wconf 79' lang='grc' dir='ltr'>πληρού-</span> 
     </span>
    </p>
   </div>
   <div class='ocr_carea' id='block_1_76' title="bbox 223 4335 1770 4407">
    <p class='ocr_par' dir='ltr' id='par_1_76' title="bbox 223 4335 1770 4407">
     <span class='ocr_line' id='line_1_76' title="bbox 223 4335 1770 4407; baseline 0.004 -23"><span class='ocrx_word' id='word_1_543' title='bbox 223 4350 390 4399; x_wconf 82' lang='grc' dir='ltr'>μενον.</span> <span class='ocrx_word' id='word_1_544' title='bbox 427 4335 582 4388; x_wconf 77' lang='grc' dir='ltr'>Ἀντὶ</span> <span class='ocrx_word' id='word_1_545' title='bbox 607 4335 668 4386; x_wconf 80' lang='grc' dir='ltr'>δὲ</span> <span class='ocrx_word' id='word_1_546' title='bbox 698 4335 793 4387; x_wconf 78' lang='grc' dir='ltr'><strong>τοῦ</strong></span> <span class='ocrx_word' id='word_1_547' title='bbox 815 4352 829 4364; x_wconf 91' lang='grc'><strong>·</strong></span> <span class='ocrx_word' id='word_1_548' title='bbox 855 4338 907 4387; x_wconf 79' lang='grc' dir='ltr'>οἱ</span> <span class='ocrx_word' id='word_1_549' title='bbox 939 4336 1139 4400; x_wconf 79' lang='grc' dir='ltr'>πίονες</span> <span class='ocrx_word' id='word_1_550' title='bbox 1157 4335 1263 4401; x_wconf 80' lang='grc' dir='ltr'><strong>τῆς</strong></span> <span class='ocrx_word' id='word_1_551' title='bbox 1289 4336 1414 4404; x_wconf 72' lang='grc' dir='ltr'>γῆς,</span> <span class='ocrx_word' id='word_1_552' title='bbox 1438 4337 1770 4407; x_wconf 77' lang='grc' dir='ltr'>ἡρμήνευσεν</span> 
     </span>
    </p>
   </div>
   <div class='ocr_carea' id='block_1_77' title="bbox 1876 3095 3408 3167">
    <p class='ocr_par' dir='ltr' id='par_1_77' title="bbox 1876 3095 3408 3167">
     <span class='ocr_line' id='line_1_77' title="bbox 1876 3095 3408 3167; baseline 0.003 -21"><span class='ocrx_word' id='word_1_553' title='bbox 1876 3095 2078 3163; x_wconf 86' lang='lat' dir='ltr'><strong>adjicit,</strong></span> <span class='ocrx_word' id='word_1_554' title='bbox 2110 3095 2416 3151; x_wconf 89' lang='lat' dir='ltr'><strong>adorabunt.</strong></span> <span class='ocrx_word' id='word_1_555' title='bbox 2451 3097 2572 3151; x_wconf 62' lang='lat' dir='ltr'><strong>Haec</strong></span> <span class='ocrx_word' id='word_1_556' title='bbox 2603 3114 2762 3167; x_wconf 87' lang='lat' dir='ltr'><strong>porro</strong></span> <span class='ocrx_word' id='word_1_557' title='bbox 2795 3099 2971 3152; x_wconf 88' lang='lat' dir='ltr'><strong>omnia</strong></span> <span class='ocrx_word' id='word_1_558' title='bbox 2997 3100 3258 3165; x_wconf 87' lang='lat' dir='ltr'><strong>evenient,</strong></span> <span class='ocrx_word' id='word_1_559' title='bbox 3288 3115 3408 3166; x_wconf 84' lang='lat' dir='ltr'><strong>quo-</strong></span> 
     </span>
    </p>
   </div>
   <div class='ocr_carea' id='block_1_78' title="bbox 1875 3184 3403 3256">
    <p class='ocr_par' dir='ltr' id='par_1_78' title="bbox 1875 3184 3403 3256">
     <span class='ocr_line' id='line_1_78' title="bbox 1875 3184 3403 3256; baseline 0 -18"><span class='ocrx_word' id='word_1_560' title='bbox 1875 3185 2018 3239; x_wconf 89' lang='lat' dir='ltr'><strong>niam</strong></span> <span class='ocrx_word' id='word_1_561' title='bbox 2049 3184 2253 3241; x_wconf 82' lang='lat' dir='ltr'><strong>Domini</strong></span> <span class='ocrx_word' id='word_1_562' title='bbox 2283 3195 2357 3240; x_wconf 84' lang='lat' dir='ltr'><strong>est</strong></span> <span class='ocrx_word' id='word_1_563' title='bbox 2386 3202 2614 3255; x_wconf 81' lang='lat' dir='ltr'><strong>regnum,</strong></span> <span class='ocrx_word' id='word_1_564' title='bbox 2641 3195 2689 3240; x_wconf 87' lang='lat' dir='ltr'><strong>et</strong></span> <span class='ocrx_word' id='word_1_565' title='bbox 2716 3188 2819 3253; x_wconf 83' lang='lat' dir='ltr'><strong>ipse</strong></span> <span class='ocrx_word' id='word_1_566' title='bbox 2842 3186 3137 3240; x_wconf 85' lang='lat' dir='ltr'><strong>dominatur</strong></span> <span class='ocrx_word' id='word_1_567' title='bbox 3158 3187 3403 3256; x_wconf 83' lang='lat' dir='ltr'><strong>gentium.</strong></span> 
     </span>
    </p>
   </div>
   <div class='ocr_carea' id='block_1_79' title="bbox 1941 3355 3404 3420">
    <p class='ocr_par' dir='ltr' id='par_1_79' title="bbox 1941 3355 3404 3420">
     <span class='ocr_line' id='line_1_79' title="bbox 1941 3355 3404 3420; baseline 0.003 -14"><span class='ocrx_word' id='word_1_568' title='bbox 1941 3355 2101 3411; x_wconf 73' lang='lat' dir='ltr'><strong>Vens.</strong></span> <span class='ocrx_word' id='word_1_569' title='bbox 2138 3357 2225 3420; x_wconf 77' lang='grc'><strong>50,</strong></span> <span class='ocrx_word' id='word_1_570' title='bbox 2262 3359 2346 3410; x_wconf 83' lang='grc'><strong>51.</strong></span> <span class='ocrx_word' id='word_1_571' title='bbox 2386 3357 2820 3418; x_wconf 78' lang='lat' dir='ltr'><strong>Manducarcrunt</strong></span> <span class='ocrx_word' id='word_1_572' title='bbox 2845 3369 2890 3410; x_wconf 80' lang='lat' dir='ltr'><strong>et</strong></span> <span class='ocrx_word' id='word_1_573' title='bbox 2928 3358 3265 3410; x_wconf 87' lang='lat' dir='ltr'><strong>adoraverunt</strong></span> <span class='ocrx_word' id='word_1_574' title='bbox 3295 3375 3404 3412; x_wconf 88' lang='lat' dir='ltr'><strong>om-</strong></span> 
     </span>
    </p>
   </div>
   <div class='ocr_carea' id='block_1_80' title="bbox 1872 3445 3402 3514">
    <p class='ocr_par' dir='ltr' id='par_1_80' title="bbox 1872 3445 3402 3514">
     <span class='ocr_line' id='line_1_80' title="bbox 1872 3445 3402 3514; baseline 0.002 -17"><span class='ocrx_word' id='word_1_575' title='bbox 1872 3461 1957 3497; x_wconf 89' lang='lat' dir='ltr'><strong>nes</strong></span> <span class='ocrx_word' id='word_1_576' title='bbox 1988 3446 2194 3514; x_wconf 82' lang='lat' dir='ltr'><strong>pingues</strong></span> <span class='ocrx_word' id='word_1_577' title='bbox 2228 3454 2408 3508; x_wconf 80' lang='lat' dir='ltr'><strong>terrte;</strong></span> <span class='ocrx_word' id='word_1_578' title='bbox 2444 3447 2496 3498; x_wconf 89' lang='lat' dir='ltr'><strong>in</strong></span> <span class='ocrx_word' id='word_1_579' title='bbox 2542 3454 2808 3513; x_wconf 80' lang='lat' dir='ltr'><strong>conspectu</strong></span> <span class='ocrx_word' id='word_1_580' title='bbox 2855 3446 2963 3510; x_wconf 85' lang='lat' dir='ltr'><strong>eius</strong></span> <span class='ocrx_word' id='word_1_581' title='bbox 3006 3445 3186 3497; x_wconf 85' lang='lat' dir='ltr'><strong>cadent</strong></span> <span class='ocrx_word' id='word_1_582' title='bbox 3232 3463 3402 3500; x_wconf 76' lang='lat' dir='ltr'><strong>omnes</strong></span> 
     </span>
    </p>
   </div>
   <div class='ocr_carea' id='block_1_81' title="bbox 1869 3533 3403 3603">
    <p class='ocr_par' dir='ltr' id='par_1_81' title="bbox 1869 3533 3403 3603">
     <span class='ocr_line' id='line_1_81' title="bbox 1869 3533 3403 3603; baseline 0.003 -19"><span class='ocrx_word' id='word_1_583' title='bbox 1869 3535 1955 3603; x_wconf 85' lang='lat' dir='ltr'><strong>qui</strong></span> <span class='ocrx_word' id='word_1_584' title='bbox 1979 3533 2286 3587; x_wconf 85' lang='lat' dir='ltr'><strong>descendunt</strong></span> <span class='ocrx_word' id='word_1_585' title='bbox 2315 3535 2365 3587; x_wconf 90' lang='lat' dir='ltr'><strong>in</strong></span> <span class='ocrx_word' id='word_1_586' title='bbox 2398 3542 2604 3587; x_wconf 83' lang='lat' dir='ltr'><strong>terram.</strong></span> <span class='ocrx_word' id='word_1_587' title='bbox 2636 3533 2701 3586; x_wconf 84' lang='lat' dir='ltr'><strong>Et</strong></span> <span class='ocrx_word' id='word_1_588' title='bbox 2729 3536 2902 3587; x_wconf 86' lang='lat' dir='ltr'><strong>anima</strong></span> <span class='ocrx_word' id='word_1_589' title='bbox 2934 3551 3042 3586; x_wconf 86' lang='lat' dir='ltr'><strong>mea</strong></span> <span class='ocrx_word' id='word_1_590' title='bbox 3073 3535 3154 3586; x_wconf 84' lang='lat' dir='ltr'><strong>illi</strong></span> <span class='ocrx_word' id='word_1_591' title='bbox 3185 3535 3323 3598; x_wconf 84' lang='lat' dir='ltr'><strong>vivit,</strong></span> <span class='ocrx_word' id='word_1_592' title='bbox 3355 3547 3403 3589; x_wconf 88' lang='lat' dir='ltr'><strong>ct</strong></span> 
     </span>
    </p>
   </div>
   <div class='ocr_carea' id='block_1_82' title="bbox 1868 3622 3404 3692">
    <p class='ocr_par' dir='ltr' id='par_1_82' title="bbox 1868 3622 3404 3692">
     <span class='ocr_line' id='line_1_82' title="bbox 1868 3622 3404 3692; baseline 0.003 -17"><span class='ocrx_word' id='word_1_593' title='bbox 1868 3639 2034 3676; x_wconf 80' lang='lat' dir='ltr'><strong>semen</strong></span> <span class='ocrx_word' id='word_1_594' title='bbox 2086 3639 2251 3674; x_wconf 87' lang='lat' dir='ltr'><strong>meum</strong></span> <span class='ocrx_word' id='word_1_595' title='bbox 2304 3625 2482 3676; x_wconf 84' lang='lat' dir='ltr'><strong>serviet</strong></span> <span class='ocrx_word' id='word_1_596' title='bbox 2522 3625 2638 3692; x_wconf 85' lang='lat' dir='ltr'><strong>ipsi.</strong></span> <span class='ocrx_word' id='word_1_597' title='bbox 2707 3622 2940 3691; x_wconf 79' lang='lat' dir='ltr'><strong>Singulis</strong></span> <span class='ocrx_word' id='word_1_598' title='bbox 2997 3625 3404 3679; x_wconf 69' lang='lat' dir='ltr'><strong>resurrectionis</strong></span> 
     </span>
    </p>
   </div>
   <div class='ocr_carea' id='block_1_83' title="bbox 1872 3709 3396 3778">
    <p class='ocr_par' dir='ltr' id='par_1_83' title="bbox 1872 3709 3396 3778">
     <span class='ocr_line' id='line_1_83' title="bbox 1872 3709 3396 3778; baseline 0.001 -16"><span class='ocrx_word' id='word_1_599' title='bbox 1872 3709 2162 3764; x_wconf 86' lang='lat' dir='ltr'><strong>Salvatoris</strong></span> <span class='ocrx_word' id='word_1_600' title='bbox 2195 3712 2362 3764; x_wconf 89' lang='lat' dir='ltr'><strong>nostri</strong></span> <span class='ocrx_word' id='word_1_601' title='bbox 2400 3711 2605 3771; x_wconf 88' lang='lat' dir='ltr'><strong>diebus,</strong></span> <span class='ocrx_word' id='word_1_602' title='bbox 2640 3725 2757 3778; x_wconf 63' lang='lat' dir='ltr'><strong>quae</strong></span> <span class='ocrx_word' id='word_1_603' title='bbox 2800 3710 3085 3763; x_wconf 68' lang='lat' dir='ltr'><strong>Domiuieaa</strong></span> <span class='ocrx_word' id='word_1_604' title='bbox 3117 3720 3396 3771; x_wconf 67' lang='lat' dir='ltr'><strong>vocantur,</strong></span> 
     </span>
    </p>
   </div>
   <div class='ocr_carea' id='block_1_84' title="bbox 1869 3800 3398 3871">
    <p class='ocr_par' dir='ltr' id='par_1_84' title="bbox 1869 3800 3398 3871">
     <span class='ocr_line' id='line_1_84' title="bbox 1869 3800 3398 3871; baseline 0.003 -20"><span class='ocrx_word' id='word_1_605' title='bbox 1869 3800 1999 3871; x_wconf 88' lang='lat' dir='ltr'><strong>ipsis</strong></span> <span class='ocrx_word' id='word_1_606' title='bbox 2031 3804 2198 3857; x_wconf 89' lang='lat' dir='ltr'><strong>oculis</strong></span> <span class='ocrx_word' id='word_1_607' title='bbox 2244 3819 2459 3858; x_wconf 88' lang='lat' dir='ltr'><strong>cernere</strong></span> <span class='ocrx_word' id='word_1_608' title='bbox 2504 3810 2586 3856; x_wconf 89' lang='lat' dir='ltr'><strong>est</strong></span> <span class='ocrx_word' id='word_1_609' title='bbox 2635 3818 2727 3856; x_wconf 85' lang='lat' dir='ltr'><strong>eos</strong></span> <span class='ocrx_word' id='word_1_610' title='bbox 2771 3801 2862 3870; x_wconf 91' lang='lat' dir='ltr'><strong>qui</strong></span> <span class='ocrx_word' id='word_1_611' title='bbox 2903 3817 3113 3854; x_wconf 87' lang='lat' dir='ltr'><strong>sacrum</strong></span> <span class='ocrx_word' id='word_1_612' title='bbox 3146 3801 3322 3855; x_wconf 88' lang='lat' dir='ltr'><strong>cibum</strong></span> <span class='ocrx_word' id='word_1_613' title='bbox 3347 3812 3398 3856; x_wconf 80' lang='lat' dir='ltr'><strong>et</strong></span> 
     </span>
    </p>
   </div>
   <div class='ocr_carea' id='block_1_85' title="bbox 1869 3891 3398 3961">
    <p class='ocr_par' dir='ltr' id='par_1_85' title="bbox 1869 3891 3398 3961">
     <span class='ocr_line' id='line_1_85' title="bbox 1869 3891 3398 3961; baseline 0 -16"><span class='ocrx_word' id='word_1_614' title='bbox 1869 3893 2097 3946; x_wconf 88' lang='lat' dir='ltr'><strong>salutare</strong></span> <span class='ocrx_word' id='word_1_615' title='bbox 2120 3909 2312 3961; x_wconf 90' lang='lat' dir='ltr'><strong>corpus</strong></span> <span class='ocrx_word' id='word_1_616' title='bbox 2338 3892 2623 3961; x_wconf 88' lang='lat' dir='ltr'><strong>accipiunt,</strong></span> <span class='ocrx_word' id='word_1_617' title='bbox 2657 3899 2775 3960; x_wconf 89' lang='lat' dir='ltr'><strong>post</strong></span> <span class='ocrx_word' id='word_1_618' title='bbox 2805 3891 2976 3959; x_wconf 85' lang='lat' dir='ltr'><strong>ipsum</strong></span> <span class='ocrx_word' id='word_1_619' title='bbox 3018 3906 3188 3954; x_wconf 82' lang='lat' dir='ltr'><strong>esum,</strong></span> <span class='ocrx_word' id='word_1_620' title='bbox 3205 3891 3398 3947; x_wconf 76' lang='lat' dir='ltr'><strong>viviﬁci</strong></span> 
     </span>
    </p>
   </div>
   <div class='ocr_carea' id='block_1_86' title="bbox 1869 3981 3400 4051">
    <p class='ocr_par' dir='ltr' id='par_1_86' title="bbox 1869 3981 3400 4051">
     <span class='ocr_line' id='line_1_86' title="bbox 1869 3981 3400 4051; baseline 0.001 -18"><span class='ocrx_word' id='word_1_621' title='bbox 1869 3982 2103 4036; x_wconf 86' lang='lat' dir='ltr'><strong>alimenti</strong></span> <span class='ocrx_word' id='word_1_622' title='bbox 2143 3984 2444 4051; x_wconf 81' lang='lat' dir='ltr'><strong>largitorem</strong></span> <span class='ocrx_word' id='word_1_623' title='bbox 2479 3990 2530 4035; x_wconf 91' lang='lat' dir='ltr'><strong>et</strong></span> <span class='ocrx_word' id='word_1_624' title='bbox 2569 3996 2807 4050; x_wconf 88' lang='lat' dir='ltr'><strong>promum</strong></span> <span class='ocrx_word' id='word_1_625' title='bbox 2845 3981 3086 4042; x_wconf 84' lang='lat' dir='ltr'><strong>adorare,</strong></span> <span class='ocrx_word' id='word_1_626' title='bbox 3119 3989 3277 4050; x_wconf 88' lang='lat' dir='ltr'><strong>atque</strong></span> <span class='ocrx_word' id='word_1_627' title='bbox 3303 3985 3400 4035; x_wconf 76' lang='lat' dir='ltr'><strong>mi~</strong></span> 
     </span>
    </p>
   </div>
   <div class='ocr_carea' id='block_1_87' title="bbox 1869 4069 3401 4136">
    <p class='ocr_par' dir='ltr' id='par_1_87' title="bbox 1869 4069 3401 4136">
     <span class='ocr_line' id='line_1_87' title="bbox 1869 4069 3401 4136; baseline 0.001 -16"><span class='ocrx_word' id='word_1_628' title='bbox 1869 4069 1974 4120; x_wconf 89' lang='lat' dir='ltr'><strong>rari</strong></span> <span class='ocrx_word' id='word_1_629' title='bbox 1994 4069 2274 4122; x_wconf 85' lang='lat' dir='ltr'><strong>verborum</strong></span> <span class='ocrx_word' id='word_1_630' title='bbox 2295 4069 2596 4136; x_wconf 87' lang='lat' dir='ltr'><strong>hujusmodi</strong></span> <span class='ocrx_word' id='word_1_631' title='bbox 2618 4081 2882 4130; x_wconf 87' lang='lat' dir='ltr'><strong>eventum,</strong></span> <span class='ocrx_word' id='word_1_632' title='bbox 2901 4075 2953 4121; x_wconf 89' lang='lat' dir='ltr'><strong>et</strong></span> <span class='ocrx_word' id='word_1_633' title='bbox 2975 4082 3030 4120; x_wconf 87' lang='lat' dir='ltr'><strong>re</strong></span> <span class='ocrx_word' id='word_1_634' title='bbox 3049 4077 3214 4135; x_wconf 79' lang='lat' dir='ltr'><strong>gesta,</strong></span> <span class='ocrx_word' id='word_1_635' title='bbox 3229 4071 3401 4136; x_wconf 81' lang='lat' dir='ltr'><strong>quoad</strong></span> 
     </span>
    </p>
   </div>
   <div class='ocr_carea' id='block_1_88' title="bbox 1867 4156 3399 4225">
    <p class='ocr_par' dir='ltr' id='par_1_88' title="bbox 1867 4156 3399 4225">
     <span class='ocr_line' id='line_1_88' title="bbox 1867 4156 3399 4225; baseline 0.002 -18"><span class='ocrx_word' id='word_1_636' title='bbox 1867 4158 2156 4225; x_wconf 86' lang='lat' dir='ltr'><strong>planiorem</strong></span> <span class='ocrx_word' id='word_1_637' title='bbox 2203 4158 2330 4210; x_wconf 83' lang='lat' dir='ltr'><strong>dicti</strong></span> <span class='ocrx_word' id='word_1_638' title='bbox 2370 4157 2714 4219; x_wconf 87' lang='lat' dir='ltr'><strong>sententiam,</strong></span> <span class='ocrx_word' id='word_1_639' title='bbox 2754 4157 3024 4224; x_wconf 88' lang='lat' dir='ltr'><strong>impletum</strong></span> <span class='ocrx_word' id='word_1_640' title='bbox 3071 4156 3399 4210; x_wconf 77' lang='lat' dir='ltr'><strong>vaticinium.</strong></span> 
     </span>
    </p>
   </div>
   <div class='ocr_carea' id='block_1_89' title="bbox 1867 4243 3401 4315">
    <p class='ocr_par' dir='ltr' id='par_1_89' title="bbox 1867 4243 3401 4315">
     <span class='ocr_line' id='line_1_89' title="bbox 1867 4243 3401 4315; baseline 0 -17"><span class='ocrx_word' id='word_1_641' title='bbox 1867 4243 1996 4315; x_wconf 86' lang='lat' dir='ltr'><strong>Ejus</strong></span> <span class='ocrx_word' id='word_1_642' title='bbox 2024 4255 2198 4301; x_wconf 88' lang='lat' dir='ltr'><strong>autem</strong></span> <span class='ocrx_word' id='word_1_643' title='bbox 2217 4249 2354 4312; x_wconf 87' lang='lat' dir='ltr'><strong>loco,</strong></span> <span class='ocrx_word' id='word_1_644' title='bbox 2383 4249 2592 4315; x_wconf 84' lang='lat' dir='ltr'><strong>pingues</strong></span> <span class='ocrx_word' id='word_1_645' title='bbox 2624 4257 2792 4310; x_wconf 68' lang='lat' dir='ltr'><strong>terrae,</strong></span> <span class='ocrx_word' id='word_1_646' title='bbox 2821 4245 3401 4315; x_wconf 74' lang='lat' dir='ltr'><strong>Symrnachus,sagina-</strong></span> 
     </span>
    </p>
   </div>
   <div class='ocr_carea' id='block_1_90' title="bbox 1870 4335 3399 4405">
    <p class='ocr_par' dir='ltr' id='par_1_90' title="bbox 1870 4335 3399 4405">
     <span class='ocr_line' id='line_1_90' title="bbox 1870 4335 3399 4405; baseline -0.001 -15"><span class='ocrx_word' id='word_1_647' title='bbox 1870 4347 1948 4390; x_wconf 86' lang='lat' dir='ltr'><strong>tos</strong></span> <span class='ocrx_word' id='word_1_648' title='bbox 1980 4347 2162 4401; x_wconf 70' lang='lat' dir='ltr'><strong>terr-az,</strong></span> <span class='ocrx_word' id='word_1_649' title='bbox 2219 4338 2599 4405; x_wconf 83' lang='lat' dir='ltr'><strong>interpretatus</strong></span> <span class='ocrx_word' id='word_1_650' title='bbox 2640 4345 2741 4391; x_wconf 88' lang='lat' dir='ltr'><strong>est.</strong></span> <span class='ocrx_word' id='word_1_651' title='bbox 2786 4335 2982 4404; x_wconf 79' lang='lat' dir='ltr'><strong>[lisque</strong></span> <span class='ocrx_word' id='word_1_652' title='bbox 3034 4336 3333 4389; x_wconf 88' lang='lat' dir='ltr'><strong>indicantur</strong></span> <span class='ocrx_word' id='word_1_653' title='bbox 3365 4337 3399 4388; x_wconf 87' lang='lat' dir='ltr'><strong>ii</strong></span> 
     </span>
    </p>
   </div>
   <div class='ocr_carea' id='block_1_91' title="bbox 218 4423 1776 4524">
    <p class='ocr_par' dir='ltr' id='par_1_91' title="bbox 218 4423 1768 4498">
     <span class='ocr_line' id='line_1_91' title="bbox 218 4423 1768 4498; baseline 0.005 -26"><span class='ocrx_word' id='word_1_654' title='bbox 218 4424 246 4472; x_wconf 84' lang='grc' dir='ltr'><strong>ό</strong></span> <span class='ocrx_word' id='word_1_655' title='bbox 277 4423 584 4495; x_wconf 74' lang='grc' dir='ltr'>Σύμμαχος,</span> <span class='ocrx_word' id='word_1_656' title='bbox 628 4425 687 4477; x_wconf 81' lang='grc' dir='ltr'>οἱ</span> <span class='ocrx_word' id='word_1_657' title='bbox 732 4423 968 4490; x_wconf 76' lang='grc' dir='ltr'>λιπαροί</span> <span class='ocrx_word' id='word_1_658' title='bbox 1005 4424 1112 4490; x_wconf 83' lang='grc' dir='ltr'><strong>τῆς</strong></span> <span class='ocrx_word' id='word_1_659' title='bbox 1151 4425 1277 4492; x_wconf 79' lang='grc' dir='ltr'>γῆς.</span> <span class='ocrx_word' id='word_1_660' title='bbox 1327 4427 1674 4498; x_wconf 81' lang='grc' dir='ltr'>Σημαίνονται</span> <span class='ocrx_word' id='word_1_661' title='bbox 1715 4428 1768 4479; x_wconf 83' lang='grc' dir='ltr'>δὲ</span> 
     </span>
    </p>
   </div>
   <div class='ocr_carea' id='block_1_92' title="bbox 1878 4423 3400 4524">
    <p class='ocr_par' dir='ltr' id='par_1_92' title="bbox 1878 4425 3400 4494">
     <span class='ocr_line' id='line_1_92' title="bbox 1878 4425 3400 4494; baseline -0.001 -15"><span class='ocrx_word' id='word_1_662' title='bbox 1878 4427 1958 4494; x_wconf 81' lang='lat' dir='ltr'><strong>qui</strong></span> <span class='ocrx_word' id='word_1_663' title='bbox 1979 4442 2039 4480; x_wconf 83' lang='lat' dir='ltr'><strong>ex</strong></span> <span class='ocrx_word' id='word_1_664' title='bbox 2058 4427 2258 4481; x_wconf 83' lang='lat' dir='ltr'><strong>ccelesti</strong></span> <span class='ocrx_word' id='word_1_665' title='bbox 2282 4427 2422 4486; x_wconf 90' lang='lat' dir='ltr'><strong>cibo,</strong></span> <span class='ocrx_word' id='word_1_666' title='bbox 2441 4428 2613 4494; x_wconf 85' lang='lat' dir='ltr'><strong>opima</strong></span> <span class='ocrx_word' id='word_1_667' title='bbox 2638 4427 2828 4480; x_wconf 90' lang='lat' dir='ltr'><strong>mentis</strong></span> <span class='ocrx_word' id='word_1_668' title='bbox 2851 4425 3158 4480; x_wconf 83' lang='lat' dir='ltr'><strong>habitudine</strong></span> <span class='ocrx_word' id='word_1_669' title='bbox 3188 4441 3249 4480; x_wconf 88' lang='lat' dir='ltr'><strong>ac</strong></span> <span class='ocrx_word' id='word_1_670' title='bbox 3273 4427 3400 4479; x_wconf 86' lang='lat' dir='ltr'><strong>viri-</strong></span> 
     </span>
    </p>
   </div>
   <div class='ocr_carea' id='block_1_93' title="bbox 224 4507 1771 4584">
    <p class='ocr_par' dir='ltr' id='par_1_93' title="bbox 224 4507 1771 4584">
     <span class='ocr_line' id='line_1_93' title="bbox 224 4507 1771 4584; baseline 0.007 -28"><span class='ocrx_word' id='word_1_671' title='bbox 224 4507 306 4560; x_wconf 68' lang='grc' dir='ltr'>διὰ</span> <span class='ocrx_word' id='word_1_672' title='bbox 334 4513 531 4565; x_wconf 76' lang='grc' dir='ltr'>τούτων</span> <span class='ocrx_word' id='word_1_673' title='bbox 588 4513 642 4564; x_wconf 86' lang='grc' dir='ltr'>οἱ</span> <span class='ocrx_word' id='word_1_674' title='bbox 694 4513 761 4564; x_wconf 80' lang='grc' dir='ltr'>ὲκ</span> <span class='ocrx_word' id='word_1_675' title='bbox 805 4511 903 4579; x_wconf 79' lang='grc' dir='ltr'><strong>τῆς</strong></span> <span class='ocrx_word' id='word_1_676' title='bbox 933 4512 1174 4580; x_wconf 82' lang='grc' dir='ltr'>οὐρανίου</span> <span class='ocrx_word' id='word_1_677' title='bbox 1226 4515 1428 4584; x_wconf 78' lang='grc' dir='ltr'>τροφῆς</span> <span class='ocrx_word' id='word_1_678' title='bbox 1478 4515 1574 4576; x_wconf 74' lang='grc' dir='ltr'><strong>τὰς</strong></span> <span class='ocrx_word' id='word_1_679' title='bbox 1604 4515 1771 4584; x_wconf 76' lang='grc' dir='ltr'>ψυχὰς</span> 
     </span>
    </p>
   </div>
   <div class='ocr_carea' id='block_1_94' title="bbox 233 4595 1770 4671">
    <p class='ocr_par' dir='ltr' id='par_1_94' title="bbox 233 4595 1770 4671">
     <span class='ocr_line' id='line_1_94' title="bbox 233 4595 1770 4671; baseline 0.007 -28"><span class='ocrx_word' id='word_1_680' title='bbox 233 4595 495 4668; x_wconf 69' lang='grc' dir='ltr'>εὐτραφεῖς</span> <span class='ocrx_word' id='word_1_681' title='bbox 523 4601 626 4654; x_wconf 71' lang='grc' dir='ltr'><strong>καὶ</strong></span> <span class='ocrx_word' id='word_1_682' title='bbox 653 4599 946 4667; x_wconf 79' lang='grc' dir='ltr'>ῥωμαλέοι.</span> <span class='ocrx_word' id='word_1_683' title='bbox 987 4597 1123 4652; x_wconf 83' lang='grc' dir='ltr'>Ἀλλ’</span> <span class='ocrx_word' id='word_1_684' title='bbox 1148 4595 1286 4653; x_wconf 69' lang='grc' dir='ltr'>οὗτοι</span> <span class='ocrx_word' id='word_1_685' title='bbox 1317 4603 1411 4671; x_wconf 81' lang='grc' dir='ltr'><strong>μὲν</strong></span> <span class='ocrx_word' id='word_1_686' title='bbox 1437 4603 1770 4670; x_wconf 63' lang='grc' dir='ltr'>ἔφαγονκαὶ</span> 
     </span>
    </p>
   </div>
   <div class='ocr_carea' id='block_1_95' title="bbox 235 4688 1767 4762">
    <p class='ocr_par' dir='ltr' id='par_1_95' title="bbox 235 4688 1767 4762">
     <span class='ocr_line' id='line_1_95' title="bbox 235 4688 1767 4762; baseline 0.001 -22"><span class='ocrx_word' id='word_1_687' title='bbox 235 4695 712 4757; x_wconf 70' lang='grc' dir='ltr'>προσεκύνησαν.</span> <span class='ocrx_word' id='word_1_688' title='bbox 779 4688 991 4758; x_wconf 80' lang='grc' dir='ltr'>Ἐπειδὴ</span> <span class='ocrx_word' id='word_1_689' title='bbox 1041 4691 1096 4742; x_wconf 84' lang='grc' dir='ltr'><strong>δὲ</strong></span> <span class='ocrx_word' id='word_1_690' title='bbox 1148 4691 1224 4742; x_wconf 85' lang='grc' dir='ltr'><strong>δεῖ</strong></span> <span class='ocrx_word' id='word_1_691' title='bbox 1267 4691 1408 4760; x_wconf 72' lang='grc' dir='ltr'>αὐτῷ</span> <span class='ocrx_word' id='word_1_692' title='bbox 1454 4692 1572 4745; x_wconf 79' lang='grc' dir='ltr'><strong>πᾶν</strong></span> <span class='ocrx_word' id='word_1_693' title='bbox 1624 4695 1767 4762; x_wconf 77' lang='grc' dir='ltr'>γόνυ</span> 
     </span>
    </p>
   </div>
   <div class='ocr_carea' id='block_1_96' title="bbox 234 4775 1767 4853">
    <p class='ocr_par' dir='ltr' id='par_1_96' title="bbox 234 4775 1767 4853">
     <span class='ocr_line' id='line_1_96' title="bbox 234 4775 1767 4853; baseline 0.01 -27"><span class='ocrx_word' id='word_1_694' title='bbox 234 4775 442 4847; x_wconf 60' lang='grc' dir='ltr'>κάμψαι</span> <span class='ocrx_word' id='word_1_695' title='bbox 474 4780 862 4848; x_wconf 80' lang='grc' dir='ltr'>ἐπουρανίων</span> <span class='ocrx_word' id='word_1_696' title='bbox 903 4781 999 4833; x_wconf 79' lang='grc' dir='ltr'>καὶ</span> <span class='ocrx_word' id='word_1_697' title='bbox 1045 4783 1311 4851; x_wconf 78' lang='grc' dir='ltr'>ἐπιγείων</span> <span class='ocrx_word' id='word_1_698' title='bbox 1348 4785 1442 4836; x_wconf 78' lang='grc' dir='ltr'><strong>καὶ</strong></span> <span class='ocrx_word' id='word_1_699' title='bbox 1491 4791 1767 4853; x_wconf 82' lang='grc' dir='ltr'>καταχθο-</span> 
     </span>
    </p>
   </div>
   <div class='ocr_carea' id='block_1_97' title="bbox 229 4866 1766 4940">
    <p class='ocr_par' dir='ltr' id='par_1_97' title="bbox 229 4866 1766 4940">
     <span class='ocr_line' id='line_1_97' title="bbox 229 4866 1766 4940; baseline 0.007 -24"><span class='ocrx_word' id='word_1_700' title='bbox 229 4866 383 4930; x_wconf 74' lang='grc' dir='ltr'>νίων,</span> <span class='ocrx_word' id='word_1_701' title='bbox 432 4873 664 4932; x_wconf 86' lang='grc' dir='ltr'>εἰκότως</span> <span class='ocrx_word' id='word_1_702' title='bbox 700 4871 832 4939; x_wconf 78' lang='grc' dir='ltr'>ἑξῆς</span> <span class='ocrx_word' id='word_1_703' title='bbox 873 4872 1217 4925; x_wconf 79' lang='grc' dir='ltr'>ἐπισυνάπτει</span> <span class='ocrx_word' id='word_1_704' title='bbox 1262 4875 1454 4940; x_wconf 80' lang='grc' dir='ltr'>λέγων-</span> <span class='ocrx_word' id='word_1_705' title='bbox 1498 4873 1766 4928; x_wconf 81' lang='grc' dir='ltr'>Ἐνὼπιον</span> 
     </span>
    </p>
   </div>
   <div class='ocr_carea' id='block_1_98' title="bbox 228 4956 1766 5029">
    <p class='ocr_par' dir='ltr' id='par_1_98' title="bbox 228 4956 1766 5029">
     <span class='ocr_line' id='line_1_98' title="bbox 228 4956 1766 5029; baseline 0.007 -23"><span class='ocrx_word' id='word_1_706' title='bbox 228 4956 405 5008; x_wconf 77' lang='grc' dir='ltr'>αὐτοῦ</span> <span class='ocrx_word' id='word_1_707' title='bbox 437 4958 932 5027; x_wconf 79' lang='grc' dir='ltr'>προσπεσοῦνται</span> <span class='ocrx_word' id='word_1_708' title='bbox 970 4959 1185 5024; x_wconf 79' lang='grc' dir='ltr'>πάντες</span> <span class='ocrx_word' id='word_1_709' title='bbox 1231 4965 1284 5013; x_wconf 84' lang='grc' dir='ltr'>οἱ</span> <span class='ocrx_word' id='word_1_710' title='bbox 1324 4964 1766 5029; x_wconf 74' lang='grc' dir='ltr'>καταϐαίνοντες</span> 
     </span>
    </p>
   </div>
   <div class='ocr_carea' id='block_1_99' title="bbox 231 5041 1769 5119">
    <p class='ocr_par' dir='ltr' id='par_1_99' title="bbox 231 5041 1769 5119">
     <span class='ocr_line' id='line_1_99' title="bbox 231 5041 1769 5119; baseline 0.008 -24"><span class='ocrx_word' id='word_1_711' title='bbox 231 5046 316 5109; x_wconf 73' lang='grc' dir='ltr'><strong>εἰς</strong></span> <span class='ocrx_word' id='word_1_712' title='bbox 345 5047 479 5113; x_wconf 81' lang='grc' dir='ltr'>γῆν·</span> <span class='ocrx_word' id='word_1_713' title='bbox 521 5051 641 5104; x_wconf 80' lang='grc' dir='ltr'>ἀνθ’</span> <span class='ocrx_word' id='word_1_714' title='bbox 688 5041 751 5102; x_wconf 76' lang='grc' dir='ltr'>οὗ</span> <span class='ocrx_word' id='word_1_715' title='bbox 786 5050 816 5101; x_wconf 85' lang='grc' dir='ltr'><strong>ὁ</strong></span> <span class='ocrx_word' id='word_1_716' title='bbox 865 5049 961 5119; x_wconf 80' lang='grc' dir='ltr'>μὲν</span> <span class='ocrx_word' id='word_1_717' title='bbox 1003 5049 1259 5113; x_wconf 82' lang='grc' dir='ltr'>Ἀκύλας·</span> <span class='ocrx_word' id='word_1_718' title='bbox 1313 5056 1416 5116; x_wconf 83' lang='grc' dir='ltr'><strong>Εἰς</strong></span> <span class='ocrx_word' id='word_1_719' title='bbox 1459 5056 1769 5119; x_wconf 78' lang='grc' dir='ltr'>πρόσωπον</span> 
     </span>
    </p>
   </div>
   <div class='ocr_carea' id='block_1_100' title="bbox 233 5136 1801 5209">
    <p class='ocr_par' dir='ltr' id='par_1_100' title="bbox 233 5136 1801 5209">
     <span class='ocr_line' id='line_1_100' title="bbox 233 5136 1801 5209; baseline 0.008 -25"><span class='ocrx_word' id='word_1_720' title='bbox 233 5136 408 5189; x_wconf 80' lang='grc' dir='ltr'>αὑτοῦ</span> <span class='ocrx_word' id='word_1_721' title='bbox 457 5141 771 5208; x_wconf 70' lang='grc' dir='ltr'>κάμψουσι</span> <span class='ocrx_word' id='word_1_722' title='bbox 819 5138 1039 5202; x_wconf 79' lang='grc' dir='ltr'>πάντες</span> <span class='ocrx_word' id='word_1_723' title='bbox 1081 5141 1131 5190; x_wconf 79' lang='lat' dir='ltr'><strong>oi</strong></span> <span class='ocrx_word' id='word_1_724' title='bbox 1187 5142 1635 5207; x_wconf 75' lang='grc' dir='ltr'>καταϐαίνοντες</span> <span class='ocrx_word' id='word_1_725' title='bbox 1685 5147 1801 5209; x_wconf 80' lang='grc' dir='ltr'>εἰς’</span> 
     </span>
    </p>
   </div>
   <div class='ocr_carea' id='block_1_101' title="bbox 237 5226 1770 5304">
    <p class='ocr_par' dir='ltr' id='par_1_101' title="bbox 237 5226 1770 5304">
     <span class='ocr_line' id='line_1_101' title="bbox 237 5226 1770 5304; baseline 0.005 -26"><span class='ocrx_word' id='word_1_726' title='bbox 237 5226 402 5290; x_wconf 78' lang='grc' dir='ltr'>χοῦν,</span> <span class='ocrx_word' id='word_1_727' title='bbox 430 5231 708 5283; x_wconf 70' lang='grc' dir='ltr'>ἐκδέδωκε.</span> <span class='ocrx_word' id='word_1_728' title='bbox 740 5230 930 5297; x_wconf 81' lang='grc' dir='ltr'>Σαφῶς</span> <span class='ocrx_word' id='word_1_729' title='bbox 959 5230 1012 5281; x_wconf 82' lang='grc' dir='ltr'>δὲ</span> <span class='ocrx_word' id='word_1_730' title='bbox 1044 5229 1126 5281; x_wconf 75' lang='grc' dir='ltr'>διὰ</span> <span class='ocrx_word' id='word_1_731' title='bbox 1157 5230 1355 5282; x_wconf 74' lang='grc' dir='ltr'>τούτων</span> <span class='ocrx_word' id='word_1_732' title='bbox 1383 5233 1473 5282; x_wconf 68' lang='grc' dir='ltr'><strong>καὶ</strong></span> <span class='ocrx_word' id='word_1_733' title='bbox 1507 5234 1564 5288; x_wconf 81' lang='grc' dir='ltr'>τὸ</span> <span class='ocrx_word' id='word_1_734' title='bbox 1592 5235 1770 5304; x_wconf 85' lang='grc' dir='ltr'>σχῆμα</span> 
     </span>
    </p>
   </div>
   <div class='ocr_carea' id='block_1_102' title="bbox 234 5317 1772 5395">
    <p class='ocr_par' dir='ltr' id='par_1_102' title="bbox 234 5317 1772 5395">
     <span class='ocr_line' id='line_1_102' title="bbox 234 5317 1772 5395; baseline 0.007 -29"><span class='ocrx_word' id='word_1_735' title='bbox 234 5317 342 5367; x_wconf 83' lang='grc' dir='ltr'>τῶν</span> <span class='ocrx_word' id='word_1_736' title='bbox 366 5319 481 5383; x_wconf 87' lang='grc' dir='ltr'>γόνυ</span> <span class='ocrx_word' id='word_1_737' title='bbox 506 5320 794 5373; x_wconf 80' lang='grc' dir='ltr'>κλινόντων</span> <span class='ocrx_word' id='word_1_738' title='bbox 831 5321 887 5372; x_wconf 81' lang='grc' dir='ltr'>ὲν</span> <span class='ocrx_word' id='word_1_739' title='bbox 912 5323 975 5387; x_wconf 83' lang='grc' dir='ltr'>τῇ</span> <span class='ocrx_word' id='word_1_740' title='bbox 1018 5319 1304 5387; x_wconf 75' lang='grc' dir='ltr'>Ἐκκλησία</span> <span class='ocrx_word' id='word_1_741' title='bbox 1342 5318 1431 5368; x_wconf 73' lang='grc' dir='ltr'>τοῦ</span> <span class='ocrx_word' id='word_1_742' title='bbox 1475 5320 1605 5372; x_wconf 81' lang='grc' dir='ltr'>Θεοῦ</span> <span class='ocrx_word' id='word_1_743' title='bbox 1641 5341 1772 5395; x_wconf 84' lang='grc' dir='ltr'>παρ-</span> 
     </span>
    </p>
   </div>
   <div class='ocr_carea' id='block_1_103' title="bbox 240 5403 1772 5481">
    <p class='ocr_par' dir='ltr' id='par_1_103' title="bbox 240 5403 1772 5481">
     <span class='ocr_line' id='line_1_103' title="bbox 240 5403 1772 5481; baseline 0.008 -27"><span class='ocrx_word' id='word_1_744' title='bbox 240 5403 464 5470; x_wconf 81' lang='grc' dir='ltr'>ίσταται,</span> <span class='ocrx_word' id='word_1_745' title='bbox 488 5405 819 5481; x_wconf 77' lang='grc' dir='ltr'>ὲνῇγόνατα</span> <span class='ocrx_word' id='word_1_746' title='bbox 873 5409 1161 5470; x_wconf 82' lang='grc' dir='ltr'>κλίναντες,</span> <span class='ocrx_word' id='word_1_747' title='bbox 1203 5409 1293 5460; x_wconf 77' lang='grc' dir='ltr'><strong>καὶ</strong></span> <span class='ocrx_word' id='word_1_748' title='bbox 1326 5408 1393 5458; x_wconf 78' lang='grc' dir='ltr'>τὰ</span> <span class='ocrx_word' id='word_1_749' title='bbox 1437 5410 1652 5476; x_wconf 84' lang='grc' dir='ltr'>μέτωπα</span> <span class='ocrx_word' id='word_1_750' title='bbox 1697 5417 1772 5476; x_wconf 82' lang='grc' dir='ltr'><strong>είς</strong></span> 
     </span>
    </p>
   </div>
   <div class='ocr_carea' id='block_1_104' title="bbox 239 5492 1772 5570">
    <p class='ocr_par' dir='ltr' id='par_1_104' title="bbox 239 5492 1772 5570">
     <span class='ocr_line' id='line_1_104' title="bbox 239 5492 1772 5570; baseline 0.007 -25"><span class='ocrx_word' id='word_1_751' title='bbox 239 5492 348 5559; x_wconf 71' lang='grc' dir='ltr'><strong>γῆν</strong></span> <span class='ocrx_word' id='word_1_752' title='bbox 376 5497 690 5564; x_wconf 73' lang='grc' dir='ltr'>ἐρείσαντες,</span> <span class='ocrx_word' id='word_1_753' title='bbox 714 5500 895 5552; x_wconf 77' lang='grc' dir='ltr'>τοῦτον</span> <span class='ocrx_word' id='word_1_754' title='bbox 941 5501 1254 5569; x_wconf 85' lang='grc' dir='ltr'>προσκυνεῖν</span> <span class='ocrx_word' id='word_1_755' title='bbox 1288 5497 1503 5550; x_wconf 72' lang='grc' dir='ltr'>εἰώθασι</span> <span class='ocrx_word' id='word_1_756' title='bbox 1539 5501 1624 5554; x_wconf 82' lang='grc' dir='ltr'><strong>τὸν</strong></span> <span class='ocrx_word' id='word_1_757' title='bbox 1653 5505 1772 5570; x_wconf 78' lang='grc' dir='ltr'>τρό-</span> 
     </span>
    </p>
   </div>
   <div class='ocr_carea' id='block_1_105' title="bbox 316 5670 843 5738">
    <p class='ocr_par' dir='ltr' id='par_1_105' title="bbox 316 5670 843 5738">
     <span class='ocr_line' id='line_1_105' title="bbox 316 5670 843 5738; baseline 0.008 -18"><span class='ocrx_word' id='word_1_758' title='bbox 316 5671 358 5701; x_wconf 75' lang='grc'>¹⁶</span> <span class='ocrx_word' id='word_1_759' title='bbox 400 5670 619 5738; x_wconf 82' lang='lat' dir='ltr'><strong>Philipp.</strong></span> <span class='ocrx_word' id='word_1_760' title='bbox 660 5688 725 5733; x_wconf 81' lang='grc' dir='ltr'><strong>ιι,</strong></span> <span class='ocrx_word' id='word_1_761' title='bbox 767 5672 843 5724; x_wconf 89' lang='lat' dir='ltr'><strong>l0.</strong></span> 
     </span>
    </p>
   </div>
   <div class='ocr_carea' id='block_1_106' title="bbox 1875 4517 3402 4585">
    <p class='ocr_par' dir='ltr' id='par_1_106' title="bbox 1875 4517 3402 4585">
     <span class='ocr_line' id='line_1_106' title="bbox 1875 4517 3402 4585; baseline -0.001 -14"><span class='ocrx_word' id='word_1_762' title='bbox 1875 4518 1975 4572; x_wconf 90' lang='lat' dir='ltr'><strong>bus</strong></span> <span class='ocrx_word' id='word_1_763' title='bbox 2004 4519 2195 4572; x_wconf 89' lang='lat' dir='ltr'><strong>valent.</strong></span> <span class='ocrx_word' id='word_1_764' title='bbox 2222 4517 2323 4572; x_wconf 90' lang='lat' dir='ltr'><strong>Sed</strong></span> <span class='ocrx_word' id='word_1_765' title='bbox 2356 4519 2408 4570; x_wconf 86' lang='lat' dir='ltr'><strong>hi</strong></span> <span class='ocrx_word' id='word_1_766' title='bbox 2436 4517 2647 4585; x_wconf 87' lang='lat' dir='ltr'><strong>quidem</strong></span> <span class='ocrx_word' id='word_1_767' title='bbox 2677 4517 3109 4570; x_wconf 82' lang='lat' dir='ltr'><strong>manducaveruut</strong></span> <span class='ocrx_word' id='word_1_768' title='bbox 3133 4527 3180 4569; x_wconf 88' lang='lat' dir='ltr'><strong>et</strong></span> <span class='ocrx_word' id='word_1_769' title='bbox 3211 4517 3402 4570; x_wconf 84' lang='lat' dir='ltr'><strong>adorn-</strong></span> 
     </span>
    </p>
   </div>
   <div class='ocr_carea' id='block_1_107' title="bbox 1873 4607 3400 4675">
    <p class='ocr_par' dir='ltr' id='par_1_107' title="bbox 1873 4607 3400 4675">
     <span class='ocr_line' id='line_1_107' title="bbox 1873 4607 3400 4675; baseline -0.002 -14"><span class='ocrx_word' id='word_1_770' title='bbox 1873 4617 2067 4661; x_wconf 76' lang='lat' dir='ltr'><strong>uerunt.</strong></span> <span class='ocrx_word' id='word_1_771' title='bbox 2093 4607 2351 4672; x_wconf 87' lang='lat' dir='ltr'><strong>Quoniam</strong></span> <span class='ocrx_word' id='word_1_772' title='bbox 2383 4623 2508 4662; x_wconf 86' lang='lat' dir='ltr'><strong>vero</strong></span> <span class='ocrx_word' id='word_1_773' title='bbox 2554 4621 2687 4675; x_wconf 89' lang='lat' dir='ltr'><strong>opus</strong></span> <span class='ocrx_word' id='word_1_774' title='bbox 2727 4616 2810 4660; x_wconf 89' lang='lat' dir='ltr'><strong>est</strong></span> <span class='ocrx_word' id='word_1_775' title='bbox 2854 4615 2911 4659; x_wconf 91' lang='lat' dir='ltr'><strong>ut</strong></span> <span class='ocrx_word' id='word_1_776' title='bbox 2951 4608 3052 4674; x_wconf 88' lang='lat' dir='ltr'><strong>ipsi</strong></span> <span class='ocrx_word' id='word_1_777' title='bbox 3098 4623 3242 4659; x_wconf 89' lang='lat' dir='ltr'><strong>omne</strong></span> <span class='ocrx_word' id='word_1_778' title='bbox 3272 4623 3400 4674; x_wconf 87' lang='lat' dir='ltr'><strong>genu</strong></span> 
     </span>
    </p>
   </div>
   <div class='ocr_carea' id='block_1_108' title="bbox 1869 4685 3401 4765">
    <p class='ocr_par' dir='ltr' id='par_1_108' title="bbox 1869 4685 3401 4765">
     <span class='ocr_line' id='line_1_108' title="bbox 1869 4685 3401 4765; baseline -0.003 -15"><span class='ocrx_word' id='word_1_779' title='bbox 1869 4699 2107 4765; x_wconf 81' lang='lat' dir='ltr'><strong>ﬂectatur</strong></span> <span class='ocrx_word' id='word_1_780' title='bbox 2129 4698 2422 4758; x_wconf 68' lang='lat' dir='ltr'><strong>caelestium,</strong></span> <span class='ocrx_word' id='word_1_781' title='bbox 2449 4697 2764 4748; x_wconf 83' lang='lat' dir='ltr'><strong>terrestrium</strong></span> <span class='ocrx_word' id='word_1_782' title='bbox 2786 4685 3172 4762; x_wconf 29' lang='lat' dir='ltr'><strong>etiiufernorum</strong></span> <span class='ocrx_word' id='word_1_783' title='bbox 3195 4696 3260 4756; x_wconf 77' lang='grc' dir='ltr'>ὀ,</span> <span class='ocrx_word' id='word_1_784' title='bbox 3281 4696 3401 4762; x_wconf 79' lang='lat' dir='ltr'><strong>jure</strong></span> 
     </span>
    </p>
   </div>
   <div class='ocr_carea' id='block_1_109' title="bbox 1868 4783 3399 4855">
    <p class='ocr_par' dir='ltr' id='par_1_109' title="bbox 1868 4783 3399 4855">
     <span class='ocr_line' id='line_1_109' title="bbox 1868 4783 3399 4855; baseline -0.001 -17"><span class='ocrx_word' id='word_1_785' title='bbox 1868 4795 2045 4855; x_wconf 86' lang='lat' dir='ltr'><strong>postea</strong></span> <span class='ocrx_word' id='word_1_786' title='bbox 2074 4786 2303 4849; x_wconf 88' lang='lat' dir='ltr'><strong>additur,</strong></span> <span class='ocrx_word' id='word_1_787' title='bbox 2349 4786 2401 4836; x_wconf 84' lang='lat' dir='ltr'><strong>in</strong></span> <span class='ocrx_word' id='word_1_788' title='bbox 2435 4795 2705 4851; x_wconf 82' lang='lat' dir='ltr'><strong>conspectu</strong></span> <span class='ocrx_word' id='word_1_789' title='bbox 2753 4785 2863 4852; x_wconf 84' lang='lat' dir='ltr'><strong>ejus</strong></span> <span class='ocrx_word' id='word_1_790' title='bbox 2899 4783 3080 4836; x_wconf 85' lang='lat' dir='ltr'><strong>cadent</strong></span> <span class='ocrx_word' id='word_1_791' title='bbox 3113 4800 3284 4835; x_wconf 86' lang='lat' dir='ltr'><strong>omnes</strong></span> <span class='ocrx_word' id='word_1_792' title='bbox 3314 4789 3399 4852; x_wconf 85' lang='lat' dir='ltr'><strong>qui</strong></span> 
     </span>
    </p>
   </div>
   <div class='ocr_carea' id='block_1_110' title="bbox 1869 4873 3465 4944">
    <p class='ocr_par' dir='ltr' id='par_1_110' title="bbox 1869 4873 3465 4944">
     <span class='ocr_line' id='line_1_110' title="bbox 1869 4873 3465 4944; baseline -0.001 -16"><span class='ocrx_word' id='word_1_793' title='bbox 1869 4877 2176 4930; x_wconf 85' lang='lat' dir='ltr'><strong>descendunt</strong></span> <span class='ocrx_word' id='word_1_794' title='bbox 2207 4879 2260 4929; x_wconf 88' lang='lat' dir='ltr'><strong>in</strong></span> <span class='ocrx_word' id='word_1_795' title='bbox 2290 4889 2476 4929; x_wconf 84' lang='lat' dir='ltr'><strong>terram</strong></span> <span class='ocrx_word' id='word_1_796' title='bbox 2518 4890 2536 4926; x_wconf 89' lang='lat'><em>:</em></span> <span class='ocrx_word' id='word_1_797' title='bbox 2578 4890 2674 4942; x_wconf 86' lang='lat' dir='ltr'><strong>pro</strong></span> <span class='ocrx_word' id='word_1_798' title='bbox 2718 4889 2824 4943; x_wconf 90' lang='lat' dir='ltr'><strong>quo</strong></span> <span class='ocrx_word' id='word_1_799' title='bbox 2871 4875 3082 4941; x_wconf 82' lang='lat' dir='ltr'><strong>Aquila,</strong></span> <span class='ocrx_word' id='word_1_800' title='bbox 3113 4873 3165 4925; x_wconf 89' lang='lat' dir='ltr'><strong>in</strong></span> <span class='ocrx_word' id='word_1_801' title='bbox 3209 4873 3398 4926; x_wconf 81' lang='lat' dir='ltr'><strong>vultum</strong></span> <span class='ocrx_word' id='word_1_802' title='bbox 3462 4942 3465 4944; x_wconf 95' lang='lat'><em>_</em></span> 
     </span>
    </p>
   </div>
   <div class='ocr_carea' id='block_1_111' title="bbox 1869 4958 3396 5033">
    <p class='ocr_par' dir='ltr' id='par_1_111' title="bbox 1869 4958 3396 5033">
     <span class='ocr_line' id='line_1_111' title="bbox 1869 4958 3396 5033; baseline -0.007 -15"><span class='ocrx_word' id='word_1_803' title='bbox 1869 4966 1976 5033; x_wconf 82' lang='lat' dir='ltr'><strong>ejus</strong></span> <span class='ocrx_word' id='word_1_804' title='bbox 2006 4966 2205 5032; x_wconf 82' lang='lat' dir='ltr'><strong>ﬂectent</strong></span> <span class='ocrx_word' id='word_1_805' title='bbox 2242 4981 2295 5018; x_wconf 83' lang='lat' dir='ltr'><strong>se</strong></span> <span class='ocrx_word' id='word_1_806' title='bbox 2341 4979 2511 5015; x_wconf 84' lang='lat' dir='ltr'><strong>omnes</strong></span> <span class='ocrx_word' id='word_1_807' title='bbox 2547 4962 2634 5029; x_wconf 87' lang='lat' dir='ltr'><strong>qui</strong></span> <span class='ocrx_word' id='word_1_808' title='bbox 2681 4960 2987 5014; x_wconf 82' lang='lat' dir='ltr'><strong>descendunt</strong></span> <span class='ocrx_word' id='word_1_809' title='bbox 3027 4961 3080 5010; x_wconf 88' lang='lat' dir='ltr'><strong>in</strong></span> <span class='ocrx_word' id='word_1_810' title='bbox 3123 4958 3396 5024; x_wconf 80' lang='lat' dir='ltr'><strong>pulverem.</strong></span> 
     </span>
    </p>
   </div>
   <div class='ocr_carea' id='block_1_112' title="bbox 1872 5047 3397 5119">
    <p class='ocr_par' dir='ltr' id='par_1_112' title="bbox 1872 5047 3397 5119">
     <span class='ocr_line' id='line_1_112' title="bbox 1872 5047 3397 5119; baseline -0.008 -11"><span class='ocrx_word' id='word_1_811' title='bbox 1872 5055 2032 5119; x_wconf 84' lang='lat' dir='ltr'><strong>Queis</strong></span> <span class='ocrx_word' id='word_1_812' title='bbox 2063 5054 2346 5108; x_wconf 84' lang='lat' dir='ltr'><strong>manifeste</strong></span> <span class='ocrx_word' id='word_1_813' title='bbox 2378 5067 2561 5106; x_wconf 87' lang='lat' dir='ltr'><strong>eorum</strong></span> <span class='ocrx_word' id='word_1_814' title='bbox 2599 5051 2688 5118; x_wconf 91' lang='lat' dir='ltr'><strong>qui</strong></span> <span class='ocrx_word' id='word_1_815' title='bbox 2732 5051 2785 5102; x_wconf 89' lang='lat' dir='ltr'><strong>in</strong></span> <span class='ocrx_word' id='word_1_816' title='bbox 2835 5047 3070 5101; x_wconf 87' lang='lat' dir='ltr'><strong>Ecclesia</strong></span> <span class='ocrx_word' id='word_1_817' title='bbox 3108 5047 3200 5101; x_wconf 89' lang='lat' dir='ltr'><strong>Dei</strong></span> <span class='ocrx_word' id='word_1_818' title='bbox 3228 5063 3397 5116; x_wconf 80' lang='lat' dir='ltr'><strong>genua</strong></span> 
     </span>
    </p>
   </div>
   <div class='ocr_carea' id='block_1_113' title="bbox 1873 5133 3400 5204">
    <p class='ocr_par' dir='ltr' id='par_1_113' title="bbox 1873 5133 3400 5204">
     <span class='ocr_line' id='line_1_113' title="bbox 1873 5133 3400 5204; baseline -0.008 -9"><span class='ocrx_word' id='word_1_819' title='bbox 1873 5143 2091 5196; x_wconf 83' lang='lat' dir='ltr'><strong>ﬂectunt</strong></span> <span class='ocrx_word' id='word_1_820' title='bbox 2120 5156 2318 5195; x_wconf 87' lang='lat' dir='ltr'><strong>morem</strong></span> <span class='ocrx_word' id='word_1_821' title='bbox 2347 5139 2584 5192; x_wconf 87' lang='lat' dir='ltr'><strong>declarat</strong></span> <span class='ocrx_word' id='word_1_822' title='bbox 2613 5157 2624 5188; x_wconf 91' lang='lat'>:</span> <span class='ocrx_word' id='word_1_823' title='bbox 2660 5137 2728 5188; x_wconf 92' lang='lat' dir='ltr'><strong>ibi</strong></span> <span class='ocrx_word' id='word_1_824' title='bbox 2776 5137 2916 5189; x_wconf 89' lang='lat' dir='ltr'><strong>enim</strong></span> <span class='ocrx_word' id='word_1_825' title='bbox 2963 5151 3134 5204; x_wconf 84' lang='lat' dir='ltr'><strong>genua</strong></span> <span class='ocrx_word' id='word_1_826' title='bbox 3182 5133 3400 5187; x_wconf 82' lang='lat' dir='ltr'><strong>ﬂecten-</strong></span> 
     </span>
    </p>
   </div>
   <div class='ocr_carea' id='block_1_114' title="bbox 1873 5222 3402 5300">
    <p class='ocr_par' dir='ltr' id='par_1_114' title="bbox 1873 5222 3402 5300">
     <span class='ocr_line' id='line_1_114' title="bbox 1873 5222 3402 5300; baseline -0.007 -15"><span class='ocrx_word' id='word_1_827' title='bbox 1873 5241 1972 5294; x_wconf 88' lang='lat' dir='ltr'><strong>tes,</strong></span> <span class='ocrx_word' id='word_1_828' title='bbox 2004 5239 2162 5300; x_wconf 86' lang='lat' dir='ltr'><strong>atque</strong></span> <span class='ocrx_word' id='word_1_829' title='bbox 2203 5228 2465 5282; x_wconf 79' lang='lat' dir='ltr'><strong>frontibus</strong></span> <span class='ocrx_word' id='word_1_830' title='bbox 2500 5228 2611 5280; x_wconf 81' lang='lat' dir='ltr'><strong>suis</strong></span> <span class='ocrx_word' id='word_1_831' title='bbox 2649 5233 2803 5278; x_wconf 78' lang='lat' dir='ltr'><strong>terra:</strong></span> <span class='ocrx_word' id='word_1_832' title='bbox 2841 5226 3230 5285; x_wconf 86' lang='lat' dir='ltr'><strong>incumbentes,</strong></span> <span class='ocrx_word' id='word_1_833' title='bbox 3262 5222 3402 5275; x_wconf 85' lang='lat' dir='ltr'><strong>hunc</strong></span> 
     </span>
    </p>
   </div>
   <div class='ocr_carea' id='block_1_115' title="bbox 1873 5313 3400 5381">
    <p class='ocr_par' dir='ltr' id='par_1_115' title="bbox 1873 5313 3400 5381">
     <span class='ocr_line' id='line_1_115' title="bbox 1873 5313 3400 5381; baseline -0.009 -5"><span class='ocrx_word' id='word_1_834' title='bbox 1873 5323 2126 5376; x_wconf 88' lang='lat' dir='ltr'><strong>adorandi</strong></span> <span class='ocrx_word' id='word_1_835' title='bbox 2159 5321 2314 5372; x_wconf 88' lang='lat' dir='ltr'><strong>ritum</strong></span> <span class='ocrx_word' id='word_1_836' title='bbox 2345 5326 2575 5370; x_wconf 88' lang='lat' dir='ltr'><strong>servant.</strong></span> <span class='ocrx_word' id='word_1_837' title='bbox 2606 5313 2802 5368; x_wconf 86' lang='lat' dir='ltr'><strong>Deinde</strong></span> <span class='ocrx_word' id='word_1_838' title='bbox 2845 5314 3112 5381; x_wconf 89' lang='lat' dir='ltr'><strong>adjicitur,</strong></span> <span class='ocrx_word' id='word_1_839' title='bbox 3145 5323 3194 5366; x_wconf 82' lang='lat' dir='ltr'><strong>et</strong></span> <span class='ocrx_word' id='word_1_840' title='bbox 3224 5313 3400 5364; x_wconf 81' lang='lat' dir='ltr'><strong>anima</strong></span> 
     </span>
    </p>
   </div>
   <div class='ocr_carea' id='block_1_116' title="bbox 1873 5403 3401 5471">
    <p class='ocr_par' dir='ltr' id='par_1_116' title="bbox 1873 5403 3401 5471">
     <span class='ocr_line' id='line_1_116' title="bbox 1873 5403 3401 5471; baseline -0.004 -7"><span class='ocrx_word' id='word_1_841' title='bbox 1873 5430 1984 5467; x_wconf 82' lang='lat' dir='ltr'><strong>mea</strong></span> <span class='ocrx_word' id='word_1_842' title='bbox 2013 5412 2089 5463; x_wconf 73' lang='lat' dir='ltr'><strong>iiii</strong></span> <span class='ocrx_word' id='word_1_843' title='bbox 2120 5409 2259 5468; x_wconf 82' lang='lat' dir='ltr'><strong>vivit,</strong></span> <span class='ocrx_word' id='word_1_844' title='bbox 2296 5415 2342 5457; x_wconf 83' lang='lat' dir='ltr'><strong>ct</strong></span> <span class='ocrx_word' id='word_1_845' title='bbox 2372 5421 2539 5457; x_wconf 84' lang='lat' dir='ltr'><strong>semen</strong></span> <span class='ocrx_word' id='word_1_846' title='bbox 2574 5419 2736 5456; x_wconf 83' lang='lat' dir='ltr'><strong>meum</strong></span> <span class='ocrx_word' id='word_1_847' title='bbox 2776 5405 2954 5457; x_wconf 80' lang='lat' dir='ltr'><strong>serviet</strong></span> <span class='ocrx_word' id='word_1_848' title='bbox 2988 5407 3101 5471; x_wconf 81' lang='lat' dir='ltr'><strong>ipsi.</strong></span> <span class='ocrx_word' id='word_1_849' title='bbox 3135 5403 3263 5470; x_wconf 69' lang='grc' dir='ltr'><strong>ρυω</strong></span> <span class='ocrx_word' id='word_1_850' title='bbox 3290 5405 3401 5458; x_wconf 84' lang='lat' dir='ltr'><strong>cla-</strong></span> 
     </span>
    </p>
   </div>
   <div class='ocr_carea' id='block_1_117' title="bbox 1873 5494 3386 5570">
    <p class='ocr_par' dir='ltr' id='par_1_117' title="bbox 1873 5494 3386 5570">
     <span class='ocr_line' id='line_1_117' title="bbox 1873 5494 3386 5570; baseline -0.007 -12"><span class='ocrx_word' id='word_1_851' title='bbox 1873 5505 1986 5558; x_wconf 88' lang='lat' dir='ltr'><strong>rius</strong></span> <span class='ocrx_word' id='word_1_852' title='bbox 2053 5494 2397 5570; x_wconf 80' lang='lat' dir='ltr'><strong>Symmachus</strong></span> <span class='ocrx_word' id='word_1_853' title='bbox 2447 5495 2557 5548; x_wconf 73' lang='lat' dir='ltr'><strong>htce</strong></span> <span class='ocrx_word' id='word_1_854' title='bbox 2613 5511 2714 5548; x_wconf 86' lang='lat' dir='ltr'><strong>una</strong></span> <span class='ocrx_word' id='word_1_855' title='bbox 2771 5498 3024 5564; x_wconf 84' lang='lat' dir='ltr'><strong>copulans</strong></span> <span class='ocrx_word' id='word_1_856' title='bbox 3082 5497 3386 5566; x_wconf 75' lang='lat' dir='ltr'><strong>interpreta-</strong></span> 
     </span>
    </p>
   </div>
  </div>
