3782 6326
161 367 261 421 217

1334 375 1827 432 COMMENTARIA
1866 379 1931 434 IN
1969 379 2306 438 PSALMOS.

3266 394 3392 449 218'

164 483 474 578 τελειότερον,
513 479 782 578 ἄνθρωποι
807 493 1334 578 χρηματίζουσιν.
1379 495 1503 549 Ὅτε
1530 512 1591 564 γε
1635 495 1737 567 μὴν

1841 510 2017 555 autem
2077 502 2358 570 provecti,
2419 501 2663 558 homines
2719 514 3000 562 vocantur.
3072 509 3154 562 illi
3209 524 3371 578 porro

170 573 386 645 πρόϐατα
409 570 774 638 τυγχάνουσιν.
798 571 919 626 ὑπὸ
964 584 1213 652 ποιμένι
1241 584 1317 654 τῷ
1355 585 1442 638 διὰ
1488 585 1739 656 Ἰεζεκιὴλ

170 661 423 734 δηλωθέντι
463 658 641 722 Δαυῖδ,
689 661 959 718 τουτέστι
996 671 1088 741 τῷ
1142 675 1207 726 ὲκ
1249 675 1552 744 σπέρματος
1581 677 1740 730 Δαυῒδ

115 799 128 825 ,
169 754 356 823 Σωτῆρι
388 750 534 822 ἡμῶν
577 751 673 803 καὶ
704 753 988 826 Χριστῷ,
1058 764 1358 834 ἀγόμενοι,
1405 765 1740 818 διδάσκονται

168 847 326 914 λέγειν
348 865 359 874 ·
385 844 583 910 Κύριος
622 847 941 912 ποιμαίνει
983 869 1091 919 με,
1119 855 1219 906 καί
1250 854 1425 908 οὐδέν
1461 872 1532 923 με
1568 857 1741 909 ὑστε-

157 936 351 1004 ρήσει.
369 937 428 988 Ut
453 934 502 986 δὲ
526 934 680 987 αὐτοὶ
706 937 813 1007 τῆς
843 943 1059 1011 νοερᾶς
1088 945 1185 996 καὶ
1210 945 1397 1015 καινῆς
1419 946 1622 1016 τροφῆς
1651 949 1742 999 καὶ

165 1025 305 1087 πόας
348 1023 852 1095 ἀντιλαμϐανόμενοι
887 1029 997 1098 τῆς
1043 1034 1104 1084 ὲν
1144 1036 1255 1096 τοῖς
1301 1034 1459 1104 ἱεροῖς
1503 1035 1743 1104 Εὑαγγε-

164 1115 302 1179 λίοις
340 1115 557 1186 ἐροῦσιν·
588 1113 696 1180 Εἰς
734 1118 938 1171 τόποι·
961 1123 1159 1188 χλόης
1187 1123 1313 1175 ἐκεῖ
1340 1140 1416 1191 με
1456 1125 1744 1192 κατεσκή-

163 1225 386 1262 νωσεν.
401 1209 560 1261 Πίνων
579 1207 630 1259 δὲ
656 1207 755 1261 τοῦ
784 1209 984 1274 ὓδατος
1012 1214 1040 1264 ό
1063 1214 1406 1283 εἰσαγόμενος
1427 1216 1484 1267 ὲν
1505 1216 1740 1287 Χριστῷ,

165 1297 324 1350 οὔπω
345 1299 396 1350 δὲ
425 1298 514 1350 τοῦ
538 1298 680 1350 οἴνου
707 1298 807 1350 τοῦ
846 1301 953 1370 τῆς
981 1302 1234 1373 ἀληθινῆς
1271 1305 1508 1373 ἀμπέλου
1551 1303 1657 1370 οἶός
1685 1326 1742 1360 τε

165 1387 233 1439 ὣν
259 1387 728 1458 μεταλαμϐάνειν,
758 1390 851 1442 διὰ
884 1391 950 1443 τὸ
987 1390 1068 1443 ἔτι
1109 1392 1375 1461 πρόϐατον
1409 1389 1565 1460 εἶναι,
1608 1396 1742 1458 τέως

164 1479 217 1530 δὲ
246 1478 339 1547 τῷ
361 1479 610 1549 σωτηρίῳ
657 1480 998 1551 τρεφόμενος
1055 1480 1224 1545 ὕδατι,
1269 1484 1392 1552 περὶ
1439 1477 1499 1536 οὗ
1550 1485 1674 1536 ὲὸόα
1715 1487 1744 1536 ὁ

168 1567 363 1637 Σωτὴρ
387 1568 558 1634 λέγων
577 1585 591 1598 °
637 1569 712 1622 ΕΖ
741 1587 832 1634 τις
865 1569 1036 1637 διψᾷ,
1061 1570 1321 1638 ἐρχέσθω
1347 1575 1498 1641 πρός
1524 1591 1598 1641 με
1646 1574 1742 1626 καὶ

163 1647 415 1710 πινέτω·
445 1661 542 1711 καὶ
583 1658 780 1712 πάλιν·
819 1661 884 1711 Ὃ
915 1660 1105 1712 πίνων
1156 1661 1223 1712 ἐκ
1269 1660 1372 1714 τοῦ
1414 1661 1628 1727 ὕδατος
1672 1659 1742 1717 οὗ

163 1745 268 1814 ἐγὼ
312 1746 494 1800 δώσω
526 1749 712 1814 αὐτῷ,
751 1737 1003 1816 ,ποταμοὶ
1035 1749 1104 1801 ἐκ
1153 1749 1260 1815 τῆς
1292 1751 1521 1817 κοιλίας
1565 1751 1744 1806 αὐτοῦ

1839 591 2051 658 quando
2077 606 2206 646 oves
2233 599 2391 656 sunt,
2435 607 2465 645 a
2496 601 2709 662 pastore
2753 613 2910 666 quem
2936 598 3178 655 Ezechiel
3213 600 3373 654 Davi-

1838 677 1922 732 dis
1972 679 2190 734 nomine
2243 679 2446 734 indicat
2479 683 2546 747 ",
2579 683 2629 736 id
2674 691 2755 738 est
2807 685 3137 744 aSalvatore
3186 697 3371 744 nostro

1838 765 2053 822 Christo
2078 769 2247 832 ducti,
2277 770 2344 824 ad
2374 771 2487 825 haec
2511 772 2733 828 dicenda
2774 775 3152 841 instituuntur,
3188 778 3372 832 Domi-

1839 872 1933 908 nus
1958 859 2122 924 pascit
2157 875 2256 923 me,
2280 868 2329 912 et
2356 861 2487 913 nihil
2510 863 2634 914 mihi
2653 863 2836 919 deerit.
2887 865 2965 920 llli
3000 883 3124 922 vero
3151 870 3253 938 ipsi
3288 869 3371 923 in-

1839 943 2095 1014 tclligibili
2127 961 2188 1001 ac
2213 962 2354 1000 novo
2386 948 2636 1004 alimento
2667 959 2826 1020 atque
2851 954 3066 1021 pascuis
3093 971 3368 1010 sacrorum

1838 1035 2246 1106 Evangeliorum
2301 1041 2554 1104 enutriti,
2599 1041 2799 1107 dicent,
2836 1045 2889 1098 in
2925 1045 3035 1097 loco
3064 1061 3272 1113 passure
3299 1049 3370 1101 ibi

1839 1142 1918 1179 me
1951 1126 2238 1181 collocavit.
2274 1127 2376 1193 Qui
2415 1137 2590 1184 autem
2631 1131 2682 1183 in
2713 1131 2928 1187 Christo
2958 1134 3219 1199 initiatur,
3251 1138 3370 1205 qui-

1839 1230 1944 1282 que
1975 1229 2165 1284 aquam
2194 1223 2363 1284 potat,
2391 1219 2531 1285 quod
2561 1219 2796 1272 nondum
2829 1222 2998 1276 valeat
3025 1225 3202 1278 vinum
3234 1242 3371 1280 verae

1841 1305 1964 1358 vitis
2003 1305 2206 1369 bibere,
2242 1307 2368 1375 quia
2405 1307 2578 1361 adhuc
2630 1309 2685 1361 in
2729 1310 2907 1362 ovium
2960 1327 3187 1367 numero
3223 1315 3371 1368 com-

1840 1398 2081 1462 putatur,
2127 1396 2219 1448 sed
2265 1403 2446 1450 tamen
2490 1398 2714 1451 salutari
2761 1399 2852 1451 illa
2890 1415 3028 1468 aqua
3073 1409 3367 1465 recreatur,

1840 1484 1906 1537 de
1931 1499 2034 1552 qua
2061 1481 2306 1538 Salvator
2349 1486 2462 1540 haec
2492 1488 2722 1540 clamat:
2756 1487 2815 1541 Si
2859 1490 2973 1557 quis
3019 1491 3167 1553 sitit,
3204 1495 3370 1547 veniat

1842 1572 1909 1625 ad
1939 1589 2016 1626 me
2046 1584 2093 1626 et
2126 1574 2266 1626 bibat
2318 1577 2397 1637 ";
2436 1587 2490 1630 et
2521 1578 2711 1630 iterum
2749 1595 2761 1630 :
2809 1578 2916 1642 Qui
2957 1579 3136 1632 biberit
3183 1598 3369 1651 aquam

1840 1678 1992 1732 quam
2039 1680 2128 1732 ego
2175 1664 2311 1719 dabo
2360 1667 2427 1729 ei,
2481 1667 2702 1733 ﬂumina
2748 1668 2811 1720 de
2857 1680 3026 1724 uentre
3071 1672 3182 1739 ejus
3211 1672 3371 1740 ﬂuent

1844 1771 1989 1825 aqua:
2017 1757 2200 1808 vim“
2223 1775 2238 1822 ;
2263 1772 2325 1811 ac
2358 1773 2604 1814 rursum:
2638 1761 2740 1825 Qui
2770 1761 2952 1815 biberit
2973 1778 3035 1816 ea:
3057 1781 3192 1832 aqua
3216 1781 3371 1834 quant

155 1833 507 1899 ῥεύσουσιν
528 1835 752 1901 ὓδατος
779 1835 990 1900 ζῶντος
1008 1852 1021 1864 ·
1052 1836 1144 1888 καὶ
1166 1833 1346 1900 αὖθις·
1382 1838 1442 1890 Ὀ
1468 1839 1653 1891 πίνων
1677 1839 1737 1890 ἐκ

1842 1859 1932 1911 ego
1961 1842 2093 1897 dabo
2128 1846 2195 1908 ei,
2224 1862 2326 1899 non
2364 1847 2501 1901 sitiet
2522 1850 2586 1901 .in
2617 1858 2866 1903 retentum
2892 1851 2970 1919 ἰς
3003 1853 3050 1906 is
3075 1854 3196 1922 jure
3223 1833 3373 1909 dixe-

163 1923 256 1978 τοῦ
320 1927 558 1992 ὕδατος
581 1925 656 1982 οὗ
703 1928 818 1997 ἐγὼ
859 1927 1028 1980 δώσω
1058 1927 1246 1992 αὐτῷ,
1281 1931 1354 1984 οὺ
1395 1931 1478 1998 μὴ
1512 1930 1738 1998 διψήσῃ

159 2019 235 2082 είς
273 2017 407 2069 τὸν
452 2018 673 2071 αἰῶνα·
724 2019 866 2072 εἴποι
904 2018 967 2072 ἄν
988 2037 1000 2048 ·
1065 2020 1186 2071 Ἐπὶ
1233 2018 1448 2084 ὕδατος
1482 2021 1741 2073 ἀναπαύ-

156 2120 316 2172 σεως
343 2107 650 2174 ἐξέθρεψέ
675 2106 772 2176 με.
799 2109 956 2160 Ἀλλὰ
975 2110 1067 2161 καὶ
1093 2110 1202 2161 πᾶν
1231 2108 1394 2178 ἄχθος
1421 2107 1741 2178 ἀποθέμενος

159 2198 254 2252 τῶν
268 2198 548 2252 παλαιῶν
568 2200 979 2269 ἁμαρτημάτων
997 2201 1083 2253 διὰ
1095 2199 1320 2269 λουτροῦ
1339 2200 1741 2267 παλιγγενεσίας

160 2289 242 2342 καὶ
268 2289 724 2351 ἀνακαινώσεως
771 2289 1081 2360 Πνεύματος
1108 2289 1286 2356 ἁγίου,
1321 2291 1458 2342 είποι
1495 2289 1576 2342 ἄν·
1621 2289 1743 2342 Ἐπί

161 2379 384 2445 ὕδατος
443 2381 849 2446 ἀναπαύσεως
893 2380 1172 2448 ἐξέθρεψέ
1215 2396 1312 2448 με.
1375 2380 1742 2444 Ἀναπαύσεως

162 2470 256 2540 γὰρ
275 2471 367 2533 ὡς
397 2470 629 2540 ἀληθῶς
657 2472 833 2523 ἐκεῖνο
866 2472 928 2523 τὸ
953 2471 1113 2540 ὕδωρ,
1138 2471 1202 2523 δι’
1245 2465 1306 2524 οὗ
1350 2471 1411 2524 τὸ
1463 2471 1597 2541 βαρὺ
1651 2473 1740 2525 καὶ

163 2561 470 2630 ὲπίμοχθον
521 2562 742 2633 φορτίον
795 2561 902 2613 τῶν
941 2560 1219 2632 ἁμαρτιῶν
1274 2562 1337 2613 τὸ
1397 2561 1610 2625 πιεζοῦν
1644 2563 1742 2633 τὴν

162 2652 332 2722 ψυχὴν
361 2652 697 2722 ἀπορρίψας
728 2669 781 2704 τι
793 2671 834 2715 ς,
865 2653 958 2705 καὶ
1003 2653 1176 2704 πάντα
1221 2650 1388 2720 ῥύπον
1418 2652 1509 2704 καὶ
1561 2651 1741 2707 σπίλον

163 2742 246 2794 καὶ
270 2742 487 2813 κηλίδα
511 2742 882 2812 σμηξὰμενος,
919 2741 1131 2810 δεσμῶν
1155 2758 1216 2792 τε
1247 2741 1453 2803 ἀνεθεὶς
1487 2740 1742 2794 πολυπλό-

164 2853 296 2900 κων,
365 2836 792 2906 συνῃσθημένος
837 2835 1040 2887 τούτων
1110 2834 1360 2887 ἁπάντων
1416 2835 1556 2904 ἐρεῖ·
1621 2833 1742 2886 Ἐπί

167 2924 386 2990 ὕδατος
421 2925 828 2989 ἀναπαύσεως
856 2921 1136 2991 ἐξέθρεψέ
1163 2939 1258 2990 με.
1293 2919 1406 2975 Εἶθ’
1440 2923 1622 2992 ὥσπερ
1655 2924 1743 2974 ὲκ-

167 3013 366 3066 λείπων
398 3012 578 3065 πάλαι
603 3013 702 3082 τὴν
724 3011 925 3081 ψυχὴν,
962 3011 1148 3063 ἔπειτα
1168 3011 1252 3064 διὰ
1276 3012 1372 3080 τῆς
1397 3009 1744 3080 ἀποδοθείσης

169 3104 318 3175 χλόης
345 3105 455 3158 καὶ
483 3103 582 3155 τοῦ
615 3101 881 3172 σωτηρίου
910 3101 1098 3163 ὓδατος
1121 3099 1394 3153 ἀναλαϐὼν
1419 3100 1624 3163 ἑαυτὸν,
1652 3099 1742 3152 καὶ

1841 1931 1932 1997 rit,
1974 1947 2126 2000 super
2163 1949 2352 2001 aquam
2390 1936 2580 2003 requiei
2627 1937 2862 1991 educavit
2917 1955 3015 1992 me.
3065 1939 3167 1994 Sed
3213 1941 3369 1995 etiam

1843 2022 2015 2088 posita
2044 2038 2138 2091 per
2167 2024 2438 2077 lavacrum
2474 2027 2896 2094 regenerationis
2928 2036 2982 2082 et
3007 2031 3374 2086 renovationis

1845 2108 2077 2179 Spiritus
2122 2112 2294 2166 sancti
2338 2119 2573 2166 veterum
2614 2122 2954 2182 peccatorum
3003 2118 3236 2184 sarcina,
3279 2133 3373 2187 ap.

1843 2199 2015 2266 posite
2069 2198 2236 2264 dicat,
2293 2214 2444 2266 super
2497 2216 2684 2268 aquam
2743 2202 2936 2270 requiei
2983 2203 3218 2256 educavit
3272 2222 3370 2260 me.

1843 2286 2062 2356 Requiei
2119 2287 2312 2341 etenim
2368 2303 2492 2342 vere
2540 2296 2624 2343 est
2679 2304 2818 2358 aqua
2876 2290 3217 2359 hujusmodi,
3267 2299 3373 2362 qua

1843 2378 1984 2447 quis,
2008 2377 2216 2445 abiecto
2240 2385 2578 2446 peccatorum
2604 2381 2751 2448 gravi
2778 2395 3112 2448 onerosoque
3142 2383 3376 2451 pondere

1845 2466 2072 2520 animam
2094 2468 2445 2535 opprimente,
2469 2469 2612 2521 omni
2649 2471 2853 2523 macula
2885 2479 2938 2524 et
2965 2471 3084 2524 labe
3109 2473 3372 2536 abstersa,

1845 2557 2138 2626 solutisque
2159 2557 2386 2613 vinculis
2429 2558 2536 2612 illis
2565 2561 2915 2628 complicatis,
2949 2562 3128 2614 laetitia
3151 2563 3374 2630 hujusce

1845 2663 2021 2703 rerum
2051 2662 2334 2702 successus
2364 2647 2588 2702 aﬂ'cctus
2618 2649 2777 2711 dicet,
2796 2665 2946 2716 super
2969 2666 3156 2718 aquam
3187 2651 3375 2718 requiei

1843 2738 2075 2791 educavit
2121 2753 2218 2789 me.
2271 2736 2474 2791 Deinde
2518 2753 2663 2801 vero,
2714 2747 2896 2808 utpote
2941 2739 3034 2808 qui
3082 2754 3203 2793 cum
3245 2740 3372 2794 olim

1845 2830 2023 2883 animo
2064 2829 2345 2890 deﬁceret,
2391 2843 2485 2896 per
2535 2830 2759 2897 gratiam
2811 2831 2914 2884 sibi
2961 2830 3138 2883 datam
3177 2845 3241 2884 ac
3280 2846 3375 2900 per

1845 2919 2133 2974 salutarem
2177 2932 2369 2986 aquam
2413 2917 2467 2970 in
2507 2919 2780 2972 meliorem
2823 2934 2944 2974 sese
2985 2926 3184 2974 statum
3225 2933 3374 2973 rece-

1845 3009 2000 3074 perit,
2033 3005 2185 3074 quasi
2235 3019 2266 3056 a
2295 3011 2465 3057 morte
2506 2989 2784 3061 revocatus
2829 3007 2899 3061 sit
2935 3007 3104 3070 dicet,
3145 3007 3372 3059 animum

1845 3111 2012 3148 meam
2052 3095 2315 3148 convertit.
2363 3092 2482 3146 Hzec
2528 3096 2708 3148 omnia
2751 3099 2995 3151 evenient
3033 3099 3233 3152 homini
3280 3097 3373 3166 qui

169 3194 348 3267 ὥσπερ
391 3195 462 3246 ἐκ
493 3191 727 3244 θανάτου
753 3191 1213 3260 παλινδρομήσας,
1255 3192 1446 3261 φήσει·
1485 3189 1600 3256 Τὴν
1634 3191 1737 3256 ψυ-

1847 3201 1939 3253 per
1971 3192 2322 3238 memoratum
2352 3184 2606 3239 Davidem
2637 3201 2667 3237 a
2691 3184 2916 3240 Domino
2943 3187 3200 3255 pascitur.

171 3283 280 3353 χήν
308 3301 445 3354 μου
487 3280 850 3349 ἐπέστρεψε.
891 3279 1073 3332 Ταῦτα
1112 3279 1286 3332 πάντα
1317 3279 1542 3350 ὑπάρξει
1579 3277 1656 3348 τῷ
1713 3275 1800 3331 διὰ
1835 3275 1924 3328 τοῦ
1961 3274 2282 3345 δηλωθέντος
2332 3275 2490 3328 Δαυῒδ
2526 3277 2628 3328 ὑπὸ
2675 3275 2768 3328 τοῦ
2835 3276 3036 3345 Κυρίου
3093 3293 3371 3347 ποιμαινοσ-

175 3373 551 3529 μέῗέδήγησέ
590 3477 669 3528 με
711 3459 813 3511 ἐπὶ
852 3460 1084 3526 τρίϐους
1131 3457 1509 3525 δικαιοσύνης
1543 3458 1744 3511 ἕνεκεν

176 3554 270 3606 τοῦ
309 3555 617 3621 ὀνόματος
640 3551 850 3604 αὐτοῦ.
879 3548 1082 3609 Ταῦτα,
1114 3549 1272 3618 φησὶ,
1303 3549 1548 3619 πράττει,
1576 3549 1648 3611 ὡς
1679 3548 1743 3601 ἂν

180 3646 247 3714 μὴ
281 3644 684 3714 βλασφημῆται
723 3639 888 3693 αὐτοῦ
929 3640 988 3692 τὸ
1029 3639 1213 3708 ὃνομα,
1262 3637 1368 3691 τῶν
1411 3640 1570 3691 αὑτοῦ
1617 3657 1745 3710 προ-

179 3733 347 3787 ϐάτων
380 3731 804 3801 ἀπολλυμένων,
839 3730 870 3799 ἢ
920 3728 1102 3790 κακῶς
1133 3727 1425 3797 ἀγομένων.
1478 3729 1608 3781 Ἐὰν
1635 3730 1742 3797 γὰρ

181 3825 270 3877 καὶ
299 3823 574 3892 πορευθῶ
605 3823 678 3875 ἐν
723 3819 892 3889 μέσῳ
920 3819 1095 3882 σκιᾶς
1129 3817 1400 3879 θανάτου,
1446 3821 1517 3871 οὐ
1566 3820 1742 3886 φοϐη-

183 3914 424 3982 θήσομαι
452 3911 638 3974 κακὰ,
662 3910 756 3964 ὅτι
789 3909 870 3962 σὺ
903 3909 1028 3976 μετ’
1057 3908 1198 3975 ἐμοῦ
1219 3904 1287 3960 εἷ.
1316 3907 1544 3978 Μακρὰν
1571 3908 1675 3979 γὰρ
1707 3911 1739 3978 ὴ

188 4005 415 4073 ἁμαρτία
459 4001 673 4062 παντὺς
702 3999 952 4060 συνόντος
991 3996 1126 4066 Θεῷ.
1179 3996 1340 4050 Σκιάν
1392 3997 1614 4051 θανάτου
1652 3998 1740 4050 τὸν

189 4092 348 4143 κοινόν
371 4109 509 4163 φησι
567 4091 826 4150 θάνατον,
875 4087 968 4138 καὶ
1024 4087 1120 4156 τὴν
1170 4087 1265 4156 τῆς
1289 4086 1462 4156 ψυχῆς
1508 4087 1612 4140 ἀπὸ
1647 4088 1738 4140 τοῦ

189 4181 419 4249 σώματος
443 4183 627 4242 λύσιν,
668 4178 808 4248 πρὸς
836 4176 1230 4246 ἀντιδιαστολὴν
1265 4175 1356 4228 τοῦ
1395 4177 1615 4230 θανάτου
1641 4177 1740 4246 τῆς

186 4269 365 4339 ψυχῆς,
392 4273 516 4327 καθ’
551 4272 582 4323 ὃ
624 4269 875 4339 εἴρηται·
909 4265 1082 4334 Ψυχὴ
1127 4267 1557 4335 ἁμαρτάνουσα,
1592 4268 1738 4334 αὕτη

187 4361 552 4416 ἀποθανεῖται
574 4379 588 4392 ’
629 4361 748 4421 καὶ,
780 4358 983 4409 Ἔστιν
1025 4357 1270 4425 ἁμαρτία
1295 4357 1440 4425 πρὸς
1469 4357 1737 4412 θάνατον.

189 4452 295 4505 Οὐκ
313 4453 413 4507 ἐστι
443 4455 559 4523 γὰρ
597 4449 733 4504 σκιὰ
769 4447 996 4500 θανάτου
1016 4462 1029 4476 ·
1059 4447 1169 4499 ἀλλ’
1192 4447 1434 4516 ἀληθινὸς
1458 4447 1680 4510 θάνατος
1702 4450 1734 4518 ἡ

193 4540 287 4608 τῆς
307 4543 468 4614 ψυχῆς
487 4541 750 4597 ἀπώλεια
773 4537 1048 4605 τυγχάνει.
1068 4538 1213 4590 Ἐπεὶ
1234 4534 1320 4590 οὖν
1343 4538 1734 4608 μεμαθήκασιν,

198 4627 271 4690 ὡς
312 4633 398 4701 ἄρα
426 4638 453 4687 ὀ
487 4629 773 4686 πιστεύων
822 4628 900 4689 είς
943 4627 1033 4680 τὸν
1075 4628 1198 4680 Υίὺν
1239 4627 1326 4682 τοῦ
1375 4627 1505 4681 Θεοῦ
1556 4629 1615 4680 οὐ
1662 4628 1734 4698 μὴ

1912 3448 2073 3504 Vens.
2113 3450 2167 3513 5,
2209 3449 2260 3501 4.
2310 3448 2532 3501 Deda-xit
2574 3463 2652 3500 me
2701 3462 2854 3514 super
2900 3450 3110 3503 semitas
3143 3451 3372 3518 justitia:

1840 3549 2044 3607 propter
2091 3555 2270 3591 nomen
2307 3554 2478 3591 suum.
2527 3537 2670 3600 llaec,
2714 3538 2906 3606 inquit,
2965 3539 3085 3594 ideo
3130 3543 3259 3612 agit,
3309 3552 3370 3597 ut

1840 3645 1926 3692 ne,
1962 3628 2178 3682 amissis
2209 3643 2271 3682 ac
2301 3627 2543 3696 perditis,
2573 3635 2664 3679 aut
2695 3628 2836 3681 male
2865 3629 3109 3683 deductis
3154 3633 3368 3698 ovibus,

1839 3734 2030 3773 nomen
2075 3735 2228 3772 suum
2259 3717 2674 3786 blasphemetur.
2723 3716 2861 3771 Nam
2895 3729 2942 3771 et
2969 3721 3015 3772 si
3043 3721 3372 3776 ambulavero

1838 3812 1891 3863 in
1922 3810 2086 3864 medio
2118 3809 2312 3862 umbrw
2340 3809 2545 3868 mortis,
2584 3825 2684 3861 non
2726 3808 2910 3862 timebo
2941 3812 3102 3874 mala,
3128 3815 3369 3882 quoniam

1839 3908 1893 3951 tu
1928 3916 2119 3952 mecum
2146 3915 2219 3953 es.
2253 3897 2446 3951 Procul
2470 3897 2613 3951 enim
2651 3905 2928 3966 peccatum
2972 3907 3055 3954 est
3083 3901 3150 3954 ab
3187 3916 3252 3955 eo
3279 3902 3370 3970 qui

1836 3987 1929 4041 Dei
1976 3989 2248 4042 consortio
2278 3987 2485 4040 fruitur.
2532 3985 2784 4040 Umbram
2817 3987 3008 4041 mortis
3038 3997 3194 4042 vocat
3225 4006 3372 4043 rnor-

1837 4084 1940 4133 tem
1982 4077 2122 4131 illam
2164 4090 2520 4137 communem,
2555 4081 2714 4141 atque
2750 4075 3142 4142 separationem
3180 4077 3371 4132 animae

1836 4183 1866 4220 a
1892 4183 2148 4237 corpore,
2196 4167 2262 4220 ad
2288 4158 2638 4220 dichrentiam
2677 4167 2866 4218 mortis
2907 4165 3117 4228 animai,
3166 4165 3232 4220 de
3263 4181 3366 4236 qua

1835 4259 2032 4314 dicitur
2067 4275 2079 4310 :
2112 4259 2302 4311 Anima
2347 4273 2460 4327 qua’
2512 4256 2824 4323 peccaverit.
2875 4256 2989 4321 ipsa
3019 4257 3264 4309 morietur
3291 4259 3367 4324 ²⁵;

1835 4357 1886 4404 et
1925 4364 1938 4399 ε
1978 4348 2070 4402 Est
2116 4357 2380 4416 peccatum
2428 4345 2495 4397 ad
2548 4357 2762 4396 mortem
2807 4344 2869 4394 ".
2938 4342 3209 4412 Siquidem
3262 4361 3368 4398 non

1837 4446 2022 4501 umbra
2069 4441 2294 4501 mortis,
2346 4439 2438 4493 sed
2492 4454 2617 4493 vera
2669 4449 2812 4489 mors
2870 4439 2986 4495 est,
3033 4433 3121 4485 illa
3179 4434 3369 4489 anima.-
3447 4487 3452 4496 ,

1833 4531 2114 4604 pernicies.
2157 4526 2594 4596 Quandoquidem
2651 4524 2813 4592 igitur
2864 4519 3195 4585 didicerunt,
3247 4535 3356 4572 cre-

1833 4623 2042 4678 dentem
2099 4619 2154 4671 in
2197 4616 2388 4671 Filium
2448 4615 2538 4668 Dei
2585 4629 2693 4666 non
2747 4610 3065 4664 moriturum
3131 4625 3251 4664 esse
3313 4610 3365 4662 in

194 4697 418 4794 ἀποθάνῃ
446 4727 524 4788 εἰς
558 4723 657 4775 τὸν
693 4721 886 4783 αἰῶνα,
919 4717 1249 4788 μεταϐέϐηκε
1289 4717 1344 4769 δὲ
1375 4717 1481 4769 ἀπὸ
1525 4716 1617 4769 τοῦ
1645 4697 1737 4769 θαὲ

1841 4720 2116 4775 aeternum,
2152 4709 2244 4763 sed
2277 4707 2592 4760 translatum
2629 4718 2749 4756 esse
2779 4701 2844 4755 de
2876 4705 3045 4752 morte
3077 4697 3143 4750 ad
3168 4697 3365 4762 vitam,

195 4808 353 4862 νάτου
378 4817 448 4877 εἰς
478 4815 579 4885 τὴν
613 4813 784 4882 ζωὴν,
819 4812 1020 4881 σφόδρα
1054 4808 1286 4880 ἀκριϐῶς
1314 4809 1374 4860 οὐ
1414 4809 1544 4874 φασὶ
1583 4807 1735 4860 θάνα-

192 4917 282 4951 τον
309 4903 500 4956 ἐπιέναι
543 4905 737 4965 αὐτοῖς
764 4903 876 4955 ἀλλ’
899 4904 931 4972 ἢ
966 4904 1071 4972 ἄρα
1107 4902 1255 4954 σκιὰν
1280 4898 1504 4951 θανάτου
1525 4914 1539 4928 θ
1569 4898 1734 4970 ταύτῃ

196 4989 460 5058 δηλοῦντες
505 4995 637 5056 τοὺς
681 4991 826 5044 κατὰ
872 4990 1150 5059 ἄνθρωπον
1195 4987 1463 5049 κινδύνους
1509 4986 1601 5038 καὶ
1647 4986 1735 5038 τὸν

201 5085 485 5149 σωματικὸν
531 5084 764 5136 θάνατον
806 5081 954 5132 οὐδὲν
1003 5079 1181 5147 ἕτερον
1227 5075 1418 5144 ὅνταῆ
1467 5074 1733 5144 χωρισμὸν

201 5168 370 5240 Ψυχῆς
394 5175 491 5228 ἀπὸ
519 5175 790 5244 σώματος.

277 5260 339 5314 Ἠ
364 5263 570 5329 ῥάϐδος
603 5279 719 5316 σου
747 5261 842 5314 καὶ
885 5261 922 5326 ἠ
963 5257 1254 5324 βακτηρία
1291 5267 1428 5314 σου,
1457 5249 1628 5307 αὗταί
1663 5271 1736 5321 με

199 5351 628 5416 παρεκάλεσαν.
647 5350 832 5403 Ταῦτα
861 5344 951 5401 οὖν
972 5346 1271 5416 παρακαλεῖ
1301 5342 1390 5396 τὸν
1416 5344 1736 5411 τυπτόμενον

203 5442 295 5491 καὶ
335 5441 420 5492 τὸν
460 5441 832 5509 κολαζόμενον,
882 5435 1258 5505 πεπεισμένον,
1290 5432 1371 5482 ὅτι
1423 5434 1666 5498 μαστιγοῖ
1710 5435 1738 5485 ό

205 5530 333 5589 θεὸς
360 5531 526 5582 πάντα
556 5531 669 5582 υἱὸν
694 5529 751 5582 ὃν
775 5527 1156 5598 παραδέχεται.

311 5669 353 5696 ἰ
397 5666 582 5718 Ezct-h.
616 5682 810 5731 xxxxv,
847 5667 938 5719 23.
1015 5666 1058 5731 ﬁ”
1096 5660 1248 5714 Joan.
1289 5670 1400 5720 vu,
1436 5655 1520 5708 57.
1599 5657 1642 5688 ³³
1683 5657 1736 5710 ib

1850 5655 1935 5712 39.
2012 5649 2054 5682 ³⁵
2092 5646 2245 5699 Joan.
2290 5654 2371 5703 tv,
2413 5639 2493 5691 ιδ.

212 5733 366 5787 Joan.
397 5752 426 5787 v
445 5773 459 5794 .
494 5735 578 5788 l7.

1826 4803 2110 4859 admodum
2161 4804 2516 4868 congruenter
2556 4809 2661 4846 non
2694 4800 2939 4854 mortem,
2995 4788 3086 4842 sed
3119 4787 3362 4840 umbram

1825 4895 2018 4948 mortis
2056 4890 2156 4946 sibi
2192 4889 2454 4943 accidisse
2500 4893 2829 4947 memorant;
2882 4893 2988 4950 quo
3021 4877 3364 4930 declarantur

1827 4982 2060 5053 pcricu'la
2095 4994 2212 5048 qua:
2245 4977 2538 5031 secundum
2601 4972 2866 5024 hominem
2919 4966 3271 5035 contingunt,
3310 4970 3363 5015 et

1828 5071 2096 5124 indicatur
2150 5077 2461 5134 corpoream
2513 5066 2739 5113 mortem
2799 5057 2930 5110 nihil
3001 5054 3147 5109 aliud
3203 5068 3362 5114 esse,

1827 5174 1985 5228 quam
2030 5155 2416 5224 separationem
2472 5149 2660 5201 anima:
2690 5162 2718 5198 a
2745 5159 2988 5213 corpore.

1907 5251 2064 5319 Virga
2100 5257 2187 5299 tua
2214 5254 2262 5297 et
2287 5241 2498 5295 baculus
2528 5249 2664 5298 tuus,
2690 5238 2801 5300 ipsa
2831 5252 2908 5289 me
2931 5236 3197 5289 consolata
3216 5243 3357 5287 sunt.

1831 5341 1953 5394 Hanc
1997 5339 2159 5408 igitur
2186 5330 2534 5386 consolantur
2572 5342 2692 5379 cum
2727 5326 2816 5393 qui
2851 5326 3161 5380 verberibus
3190 5333 3243 5378 et
3270 5339 3360 5378 ca—

1833 5426 2205 5498 stigationibus
2236 5416 2481 5478 allicitur,
2521 5421 2702 5482 utpote
2731 5416 2824 5483 qui
2856 5430 3055 5484 gnarus
3095 5415 3163 5469 sit
3193 5412 3360 5467 Deum

1835 5519 2115 5572 verberare
2147 5508 2311 5561 (ilium
2337 5518 2492 5570 quem
2526 5504 2878 5570 coopla‘vcrit.

2609 5641 2651 5671 ’⁵
2695 5639 2888 5693 Ezccb.
2929 5655 3100 5706 xvm,
3134 5640 3182 5694 ὣ.
3261 5641 3304 5668 ’⁸
3339 5634 3368 5691 ἓ
