3782 6340
755 378 855 430 219

1399 374 1660 430 EUSEBll
1698 370 2160 427 CESARIENSIS
2194 370 2339 425 OPP.
2383 367 2559 423 PARS
2600 369 2684 423 ΙΙΙ.
2722 401 2790 412 -
2818 375 3139 432 EXEGETICA.

825 489 986 546 Vens.
1017 493 1069 548 5.
1118 493 1336 546 Parasti
1379 493 1432 544 in
1475 499 1746 559 conspectu
1775 505 1886 542 meo
1911 505 2156 550 mensam.
2200 487 2294 540 ad-

1974 505 2156 550 ?nsam.
2200 487 2265 540 ad
2275 519 2294 528 -
2321 496 2364 549 Α
2477 488 2816 556 Ἠτοίμασας
2849 492 3056 545 ἐνώπιόν
3072 511 3156 561 μου
3180 493 3385 559 τράπεζαν
3413 496 3467 560 ὲξι

757 596 932 636 unus
983 600 1067 636 eos
1110 585 1196 652 qui
1243 581 1493 634 tribulant
1535 597 1632 633 me.
1688 579 2040 648 Intpinguasti
2089 580 2139 631 in
2180 579 2287 632 oleo

759 683 909 740 caput
941 689 1106 726 meum
1126 712 1139 734 ,
1171 680 1218 724 et
1246 671 1385 722 calix
1437 680 1554 722 tuus
1590 669 1850 722 inebrians
1883 685 2036 737 quam
2073 671 2288 736 pra'cla-

759 779 850 816 rus
877 763 993 815 est!
1031 762 1237 815 Norunt
1273 760 1415 814 enim
1455 760 1628 812 oleum
1671 759 1970 827 spirituale,
1995 774 2100 827 quo
2129 768 2287 828 caput

759 868 914 906 suum
965 853 1361 920 impinguatur,
1411 858 1570 919 atque
1621 850 1932 903 ebrietatem
1983 850 2128 902 illam
2171 865 2287 918 quae

757 940 973 992 roborat
1018 953 1124 991 non
1170 938 1421 1002 resolvit,
1453 951 1662 990 necnon
1700 937 1992 1006 spiritalem
2027 937 2171 989 illum
2210 938 2287 989 ci-

756 1027 878 1079 bum
908 1042 1064 1095 quem
1110 1029 1326 1095 apponit
1348 1028 1503 1081 nobis
1551 1027 1638 1080 ille
1671 1026 1760 1095 qui
1796 1027 1860 1078 ad
1895 1027 2127 1094 pastoris
2166 1042 2284 1078 mu-

755 1133 855 1172 nus
891 1119 1072 1186 sponsi
1110 1117 1469 1172 conditionem
1513 1117 1718 1186 adjicit.
1755 1116 1871 1178 llis,
1910 1117 2100 1184 inquit,
2138 1117 2283 1170 frua-

753 1221 875 1260 mur
908 1207 1101 1271 bonis,
1150 1217 1202 1262 et
1242 1206 1591 1276 gaudeamus,
1641 1207 1769 1260 dum
1823 1207 2034 1260 interim
2083 1207 2283 1259 inimici

753 1291 922 1343 nostri
949 1291 1130 1345 dolent
1169 1307 1232 1345 ac
1257 1302 1616 1356 macerantur,
1643 1294 1767 1361 quia
1801 1294 1837 1345 ii
1869 1295 1958 1361 qui
1992 1294 2116 1347 olim
2148 1295 2283 1347 servi

751 1390 930 1444 erant,
961 1383 1312 1436 mutationem
1343 1390 1546 1436 tantam
1576 1384 1778 1452 experti
1811 1390 1958 1446 sunt,
1998 1384 2284 1450 impingun-

753 1475 823 1524 sti
860 1473 911 1524 in
941 1471 1050 1526 oleo
1087 1482 1237 1539 caput
1267 1489 1456 1525 meum.

819 1559 982 1614 Vnus.
1023 1561 1077 1615 6.
1139 1561 1208 1616 Et
1264 1561 1619 1614 misericordia
1678 1570 1767 1613 tua
1828 1561 2160 1629 subsequatur
2207 1578 2285 1614 me

751 1649 985 1702 omnibus
1017 1649 1194 1702 diebus
1223 1650 1339 1702 vita:
1370 1666 1526 1714 metu,
1569 1659 1617 1702 et
1643 1659 1698 1701 ut
1731 1650 2009 1703 inhabitem
2051 1652 2104 1703 in
2131 1649 2282 1702 domo

756 1737 994 1800 Domini,
1036 1739 1087 1790 in
1129 1737 1500 1806 longitudinem
1542 1739 1762 1792 dierum.
1809 1739 2282 1795 Misericordiaet

2393 573 2509 627 τῶν
2537 579 2964 648 θλιϐόντωνομε.
2992 583 3226 648 Ἑλίπανας
3249 584 3298 636 ἐν
3325 586 3449 648 ἐλαίῳ

2391 665 2596 731 φαλήν
2621 681 2758 731 μου,
2778 667 2890 718 ’καὶ
2935 668 2986 719 τὸ
3017 667 3225 734 ποτήριόν
3250 683 3331 721 σου
3365 672 3465 737 μεθὺ

2391 756 2748 823 κράτιστον]
2781 759 2947 810 Ἵσασι
2975 759 3054 826 γὰρ
3074 759 3142 809 καὶ
3167 759 3212 810 τὸ
3233 760 3468 828 πνευματικὺ

2389 853 2416 904 ὃ
2443 854 2540 924 τὴν
2587 847 2822 917 κεφαλὴν
2873 847 3166 916 ὲπιάνθηοανς
3199 849 3270 900 καὶ
3291 851 3363 918 τὴν
3398 866 3468 918 apo

2390 947 2502 998 ἀλλ’
2535 944 2594 995 ού
2619 939 2930 994 διαλύουσαν
2958 938 3106 1009 μέθην⁸
3133 940 3202 991 καὶ
3224 940 3298 1009 τὴν
3318 957 3467 1009 μυστικε

2389 1035 2452 1103 ἢν
2473 1031 2784 1101 προτίθησιν
2809 1032 2932 1098 ἡμῖν
2962 1031 2983 1080 ὁ
3005 1028 3108 1099 πρὸς
3125 1029 3172 1080 τὸ
3197 1031 3426 1098 ποιμαίνειν
3443 1047 3467 1080 νι

2387 1121 2908 1192 γενόμενος.Τούτοις
2921 1119 3134 1188 δὲ,φησὶν,
3150 1119 3418 1188 ὲντρυφῶμεν
3434 1137 3468 1171 τ(

2387 1209 2490 1261 τῶν
2515 1207 2790 1278 δυσμενῶν
2814 1209 3086 1276 ἀνιωμένων
3108 1208 3180 1260 καὶ
3197 1209 3460 1276 τρυχομένων

2386 1299 2490 1363 λαι,
2517 1299 2664 1370 φησὶ,
2688 1299 3003 1360 δουλεύοντες
3022 1300 3233 1368 τοσαύτης
3258 1300 3466 1367 μεταϐολῆ

2390 1405 2490 1452 σιν,
2519 1391 2806 1454 edictas-ac;
2825 1389 2892 1441 ἐν
2913 1389 3062 1450 ἐλαίῳ
3085 1388 3176 1454 τὴν
3202 1387 3418 1456 κεφαλήν
3436 1407 3465 1457 μ

2452 1557 2558 1608 Καὶ
2586 1555 2648 1607 τὸ
2681 1557 2851 1619 ἔλεός
2878 1569 2983 1609 σου
3013 1553 3442 1626 καταδιώξεταίμε

2387 1646 2602 1712 ἡμέρας
2653 1645 2758 1712 τῆς
2807 1646 2950 1712 ζωῆς
2980 1663 3096 1713 μου,
3137 1647 3220 1698 καὶ
3258 1646 3313 1698 τὸ
3349 1664 3465 1698 κατο

2385 1735 2523 1798 οἴκῳ
2553 1736 2770 1800 Κυρίου
2801 1737 2886 1799 εἰς
2907 1737 3201 1802 μακρότητα
3223 1734 3434 1803 ἡμερῶν.
3463 1737 3468 1785 ἶ

751 1829 934 1897 gratia:
989 1828 1226 1882 confisus
1281 1836 1423 1890 tum,
1479 1829 1601 1880 novi
1652 1843 1780 1881 sane
1831 1843 1934 1888 me,
1983 1828 2244 1882 institutul

1983 1828 2286 1882 institutum
2321 1830 2358 1883 Β
2390 1825 2464 1894 σῷ
2495 1825 2648 1887 ὲλέει,
2690 1825 2783 1877 καὶ
2810 1828 2872 1893 τῇ
2903 1828 2962 1894 σῇ
2987 1825 3160 1895 χάριτι,
3189 1821 3269 1877 οἷδ’
3295 1827 3365 1877 ὃτι
3395 1828 3467 1878 ob)

751 1934 783 1970 a
816 1918 1185 1973 misericordia
1217 1927 1305 1971 tua
1348 1918 1597 1972 omnibus
1646 1917 1835 1972 diebus
1862 1919 1983 1970 vita;
2015 1934 2162 1982 meae,
2192 1934 2285 1986 spe

751 2007 840 2060 illa
882 2010 934 2061 in
979 2015 1032 2061 te
1062 2010 1232 2077 posita
1284 2021 1554 2076 nunquam
1603 2008 1895 2075 lapsurum.
1943 2007 2064 2061 Haec
2109 2009 2287 2077 itaque

750 2098 1148 2161 misericordia,
1193 2099 1304 2151 haec
1338 2098 1509 2166 gratia
1545 2106 1635 2150 tua
1684 2097 1814 2150 mihi
1848 2097 1900 2151 id
1931 2098 2057 2151 boni
2097 2106 2288 2151 contu-

751 2187 889 2254 lere,
925 2195 984 2241 ut
1014 2187 1230 2241 domum
1273 2197 1326 2242 et
1355 2187 1648 2242 Ecclesiam
1689 2197 1833 2240 tuam
1874 2189 1927 2241 in
1957 2187 2284 2243 domicilium

749 2277 1112 2347 possiderem;
1153 2278 1242 2331 ubi
1269 2286 1658 2342 commoratus,
1694 2286 1878 2346 utpote
1902 2279 1956 2331 in
1991 2279 2162 2332 sacris
2193 2277 2287 2332 Dei

749 2367 953 2422 aedibus
979 2375 1032 2422 et
1068 2369 1121 2421 in
1153 2374 1340 2421 sancto
1385 2369 1604 2437 templo,
1655 2368 2039 2437 longitudinem
2079 2367 2286 2420 dierum

751 2456 891 2526 apud
931 2467 984 2510 te
1018 2466 1070 2510 et
1097 2461 1260 2510 vitam
1310 2465 1559 2511 aeternam
1616 2472 1934 2526 consequar.
1983 2456 2114 2509 Nam
2144 2457 2285 2524 quod

751 2548 966 2599 domum
1015 2554 1160 2598 tuam
1209 2547 1464 2608 incolam,
1513 2562 1785 2614 nunquam
1829 2547 1953 2600 inde
1981 2547 2284 2614 egrediens,

751 2649 922 2702 neque
951 2634 1226 2691 declinans
1259 2635 1534 2696 aliorsum,
1567 2635 1665 2688 hoc
1703 2636 1833 2687 mihi
1882 2637 1935 2688 in
1965 2651 2129 2691 causa
2172 2637 2286 2691 fore

750 2721 986 2775 arbitror
1014 2731 1071 2774 ut
1100 2721 1485 2791 longitudinem
1525 2723 1754 2786 dierum,
1783 2725 1901 2793 ipso
1948 2726 2147 2780 lumine
2184 2736 2274 2780 tuo

750 2812 979 2874 lucente,
1003 2812 1306 2865 nanciscar.
1340 2811 1443 2866 Pro
1478 2812 1568 2866 illo
1601 2821 1800 2876 autem,
1829 2814 1882 2866 in
1916 2813 2283 2882 longitudinem

747 2900 986 2964 dierum,
1043 2900 1425 2972 Symmachus,
1478 2903 1531 2954 in
1577 2901 1969 2956 diuturnitatem
2019 2905 2282 2972 temporis,

750 2990 1128 3059 interpretatus
1165 3000 1266 3054 est,
1299 2992 1419 3045 vita:
1467 2993 1612 3046 illius
1663 2994 1961 3048 secundum
1995 2993 2160 3048 Deum
2203 2996 2284 3048 in-

747 3079 1084 3134 terminabile
1145 3081 1376 3150 spatium
1439 3089 1597 3151 atque
1662 3082 2116 3136 immortalitatem
2188 3084 2283 3138 de-

749 3176 964 3224 notans.

1114 3280 1431 3336 PSALMUS
1471 3281 1674 3364 DAVID
1706 3282 1890 3340 XXIII.

750 3391 814 3446 In
841 3391 1148 3463 quibusdam
1203 3392 1578 3514 exempt‘aribus
1614 3395 1779 3448 inveni
1801 3409 1820 3447 .'
1857 3411 1877 3445 ‹
1913 3394 2026 3447 Una
2081 3391 2282 3447 Subba-

1420 3479 1584 3514 orum.
1626 3481 1644 3514 ι

1420 3479 1584 3515 orum.
1626 3481 1644 3514 ³

818 3573 975 3624 Vens.
1009 3573 1061 3633 1,
1083 3570 1134 3623 2.
1161 3570 1364 3623 Domini
1384 3583 1457 3623 est
1481 3580 1617 3624 terra
1645 3582 1690 3624 et
1709 3572 1970 3640 plenitudo
1995 3572 2126 3640 ejus,
2145 3570 2281 3623 orbis

753 3671 1006 3714 terrarum
1030 3668 1078 3711 et
1110 3661 1332 3711 universi
1355 3660 1441 3726 qui
1467 3659 1701 3713 habitant
1720 3663 1771 3712 in
1797 3677 1875 3715 eo.
1893 3660 2008 3726 Ipse
2024 3678 2173 3730 super
2189 3677 2295 3714 ma-

756 3750 836 3802 ria
859 3747 1095 3816 [undavit
1125 3763 1262 3810 eum,
1311 3757 1524 3814 etsuper
1545 3749 1762 3815 [Iumina
1809 3753 2117 3816 praeparavit
2144 3767 2280 3805 eum.

751 3835 863 3890 Nisi
901 3835 1067 3898 enim,
1101 3835 1294 3903 inquit,
1345 3834 1584 3887 divinum
1619 3834 1852 3889 Verbum
1899 3838 1999 3904 ipsi
2037 3838 2280 3905 prtefuis-

752 3935 852 3990 aet,
891 3941 956 3980 ac
1001 3926 1102 3979 nisi
1149 3924 1419 3994 Sapientia
1469 3925 1559 3978 Dei
1618 3926 1790 3994 ipsum
1852 3928 1953 3980 hoc
2005 3928 2280 3983 fundasset

750 4014 928 4082 modo,
949 4015 1058 4082 jam
1085 4017 1235 4080 olim,
1276 4016 1354 4068 vel
1387 4015 1619 4068 naturali
1659 4015 1993 4083 deprimente
2020 4017 2277 4084 pondere,

751 4108 807 4161 in
860 4105 1182 4176 profundum
1245 4107 1526 4161 demersus
1587 4106 1796 4159 fuisset.
1866 4105 2061 4160 Verum
2113 4109 2279 4161 multo

751 4198 1091 4264 praestantior
1121 4198 1212 4250 illo
1261 4206 1376 4250 erat
1425 4198 1593 4249 virtus
1625 4197 1712 4248 illa
1745 4195 1954 4250 Domini
1987 4197 2276 4250 miraculo-

751 4301 868 4339 rum
909 4301 970 4339 ac
1012 4286 1378 4354 prodigiorum
1411 4285 1673 4349 eﬂcctrix,
1703 4301 1820 4353 qua:
1849 4293 2049 4338 tantam
2082 4288 2274 4340 molem

751 4385 1060 4445 tantamque
1089 4386 1242 4430 terra:
1280 4377 1687 4444 plenitudinem,
1725 4393 1786 4432 ac
1815 4379 1996 4430 orbem
2028 4393 2150 4430 cum
2183 4379 2277 4431 lia-

2383 1917 2479 1983 τῆς
2506 1915 2650 1983 παρὰ
2680 1916 2770 1966 σοὶ.
2807 1914 3005 1976 ἐλπίδος
3046 1914 3463 1985 παιδαγωγούμενο

2384 2004 2590 2072 ἡμέρας
2632 2003 2729 2072 τῆς
2777 2002 2922 2072 ζωῆς
2964 2021 3049 2073 μου
3078 2005 3172 2057 ὑπὸ
3213 2004 3296 2059 τοῦ
3337 2006 3419 2058 eoi)
3455 2009 3468 2057 ἒ

2385 2092 2510 2160 γοῦν
2539 2093 2598 2144 τὸ
2634 2094 2722 2144 σὸν
2749 2093 2894 2156 ἔλεος
2916 2096 3003 2146 καὶ⁹
3037 2096 3160 2164 αὐτή
3197 2113 3282 2148 σου
3309 2098 3339 2165 ή
3383 2098 3466 2167 χάε

2389 2198 2454 2250 με
2484 2184 2788 2252 οἰκητήριον
2827 2184 3108 2252 κτήσασθαι
3134 2186 3217 2238 τὸν
3251 2187 3332 2240 σον
3357 2184 3464 2239 dum

2397 2271 2740 2340 Ἐκκλησίαν·
2784 2272 2908 2324 ἔνθα
2950 2274 3041 2336 τὰς
3083 2276 3340 2346 διατριὸὰς
3379 2295 3466 2329 ποιλ

2383 2359 2512 2429 οἴκῳ
2532 2359 2685 2422 Θεοῦ,
2713 2363 2840 2432 ἱερῷ
2867 2365 2957 2415 καὶ
2981 2362 3114 2434 aifth
3135 2365 3263 2435 ναῷ,
3283 2368 3468 2437 paxpax

2385 2451 2466 2501 σοὶ
2493 2451 2707 2520 ἡμερῶν
2735 2452 2826 2504 καὶ
2856 2452 2993 2521 ζωῆς
3021 2455 3228 2507 αἰωνίου
3256 2456 3462 2525 τεύξομο

2383 2542 2549 2590 οικεῖν
2593 2557 2658 2608 με
2690 2543 2745 2592 ἐν
2788 2541 2866 2609 τῷ
2896 2541 2969 2611 σῷ
2996 2542 3153 2613 οἴκῳ,
3180 2546 3274 2598 καὶ
3329 2547 3459 2617 μηδὲ

2387 2629 2624 2683 ίστασοαι
2652 2632 2782 2700 μηδὲ
2810 2632 3102 2698 ἀπονεύειν,
3129 2637 3212 2688 ἀεὶ
3233 2636 3287 2688 δὲ
3311 2637 3464 2690 εἴσωτ

2381 2720 2479 2783 τὰς
2507 2720 2779 2790 διατριϐὰς
2811 2723 3095 2780 ποιεῖσθαι,
3119 2725 3292 2778 ταῦτὰ
3321 2743 3412 2796 μοι
3437 2745 3459 2780 ο

2385 2811 2617 2863 πιστεύω
2647 2811 2979 2881 μακρότητος
3020 2817 3243 2886 ἡμερῶν
3273 2818 3380 2870 τῶν
3413 2821 3462 2872 ὲ)

2383 2902 2774 2971 ὑφισταμένων.
2810 2904 2951 2956 ’Λντὶ
2979 2905 3037 2957 δὲ
3071 2907 3191 2970 τοῦ,
3219 2911 3306 2974 εις
3337 2926 3461 2978 μακε

2381 2993 2467 3055 εὶς
2515 2989 2704 3058 μῆκος
2745 2995 2967 3060 χρόνου
3024 2997 3054 3047 ὁ
3101 2997 3403 3068 Σύμμαχος
3451 3019 3461 3045 -.

2384 3079 2521 3132 κατὰ
2547 3081 2636 3133 τὸν
2667 3081 2796 3133 Θεὸν
2822 3081 2966 3152 ζωῆς
3005 3085 3069 3137 τὸ
3113 3087 3346 3160 ἄπειρον
3376 3093 3456 3143 κεί

2382 3188 2476 3232 νας
2483 3211 2497 3224 ο

2731 3282 3034 3336 ΨΔΛΜΟΣ
3080 3286 3177 3341 ΤΩ
3243 3292 3455 3346 ΔᾹἪᾹ

2397 3391 2496 3444 Ἔν
2523 3391 2704 3458 ἐνίοις
2741 3393 3148 3470 ἀντιγρςὶροις
3200 3399 3417 3470 εὗρον·

2911 3467 3406 3544 Σαϐϐάτωνᾮῆ.
3421 3496 3441 3526 ι

2458 3571 2562 3624 Τοῦ
2587 3575 2802 3640 Κιιοίου
2848 3575 2884 3640 ἠ
2939 3576 3032 3645 γῆ
3066 3585 3179 3634 καὶ
3244 3584 3320 3636 τὸ
3366 3591 3459 3639 πλ

2382 3663 2689 3731 οἰκουμένη
2719 3664 2814 3717 καὶ
2848 3664 3093 3734 πάντες
3129 3676 3192 3726 οἱ
3264 3693 3455 3730 καίτοι

2382 3753 2569 3817 Αὐτὸς
2596 3754 2694 3805 ἐπὶ
2725 3757 3080 3811 θαλασσῶν
3106 3763 3454 3832 ἐθεμελίωι

2381 3844 2654 3908 ποταμῶν
2675 3846 3012 3913 ἡτοίμασεν
3035 3852 3296 3919 αὐτὴν.
3313 3857 3400 3910 Ἑλ
3420 3876 3453 3928 υ

2382 3937 2560 4002 φησὶν,
2596 3937 2870 3988 ἐπεστάτει
2902 3938 3097 4006 θεῖος,
3140 3947 3254 3998 καὶ
3312 3953 3372 4002 εἰ
3425 3971 3451 4021 p

2379 4043 2467 4077 τον
2497 4026 2660 4096 αὐτὴν
2683 4027 3104 4096 τεθεμελιώκει.
3153 4037 3268 4091 τὸν
3326 4045 3449 4112 πρὸ

2382 4117 2513 4186 σικῷ
2542 4117 2692 4187 βάρει
2725 4119 2870 4171 κάτω
2901 4139 3032 4176 που
3067 4133 3420 4204 φερομένη

2385 4209 2554 4276 ρήκει.
2603 4208 2738 4259 Ἀλλ’
2761 4205 2826 4276 ἦν
2848 4209 2971 4279 ἄρα.
2998 4218 3342 4284 κρείττων
3386 4227 3451 4276 ad

2381 4296 2470 4346 καὶ
2497 4296 2922 4365 παραδοξοποιὸς
2951 4302 3073 4353 τοῦ
3115 4307 3256 4360 τῶν
3323 4313 3452 4366 ὃλυ.

2381 4387 2468 4439 τὸν
2493 4385 2738 4438 τοσοῦτον
2763 4386 2932 4453 ὄγκον
3009 4395 3136 4446 καὶ
3193 4397 3277 4450 τὸ
3336 4419 3453 4454 πως.

748 4462 1071 4516 bitatoribus
1098 4464 1236 4531 ejus,
1269 4465 1552 4517 sublimem
1595 4465 1698 4532 agi,
1743 4475 1794 4518 et
1826 4481 2087 4534 aquarum
2117 4468 2241 4521 dors

1921 4481 2087 4561 larum
2117 4468 2279 4521 dorso
2313 4459 2353 4511 Ῑ)
2387 4493 2560 4544 ρωμα,
2584 4477 2710 4546 ὃλην
2733 4493 2789 4527 τε
2815 4476 2925 4545 τὴν
2968 4483 3414 4561 οἰκουμένην

749 4552 950 4620 imponi
979 4552 1309 4608 decreverat.
1369 4553 1705 4622 Quapropter
1741 4557 1866 4622 ipse,
1901 4557 2094 4625 inquit,
2126 4573 2278 4625 super

747 4640 918 4692 maria
945 4639 1179 4706 fundavit
1209 4657 1343 4693 eum.
1397 4640 1578 4710 Neque
1606 4643 1744 4695 enim
1783 4646 1896 4712 ipsa
1931 4654 2071 4699 terra
2100 4647 2277 4716 gravis

745 4736 798 4782 et
826 4728 1139 4792 inanimata,
1172 4747 1290 4785 sese
1313 4747 1474 4800 supra
1495 4735 1717 4804 abyssos
1749 4738 2133 4803 consolidavit;
2184 4739 2275 4792 sed

746 4818 981 4871 omnium
1015 4819 1191 4887 opifex
1224 4819 1315 4874 Dei
1360 4821 1550 4888 Filius,
1602 4826 1694 4893 qui
1743 4826 1970 4880 solidum
2008 4843 2274 4896 graveque

745 4911 902 4958 terra:
939 4907 1282 4972 elementum,
1318 4910 1498 4966 divina
1546 4914 1839 4978 creatione,
1895 4932 2057 4983 supra
2111 4918 2274 4970 maris

745 4990 906 5046 dorsa
959 4993 1086 5048 ferri
1125 4999 1315 5062 voluit,
1377 5017 1439 5054 ac
1496 5017 1660 5072 supra
1713 5004 1987 5058 humidam
2029 5013 2273 5058 naturam

746 5081 1027 5145 constitui,
1078 5094 1235 5155 atque
1261 5089 1432 5158 ipsatn
1483 5091 1585 5144 hoc
1634 5093 1790 5146 modo
1829 5092 2090 5147 fundavit.
2123 5094 2273 5147 Alio-

748 5184 851 5236 que
879 5171 1232 5229 ratiocinandi
1266 5180 1392 5244 ritu,
1423 5190 1619 5236 terram
1657 5199 1763 5236 non
1795 5198 1892 5236 sua
1924 5192 2114 5251 sponte
2143 5185 2276 5238 sub-

749 5261 950 5315 stitisse
984 5261 1157 5324 docet,
1203 5283 1372 5337 neque
1427 5283 1571 5328 sorte
1608 5276 1837 5343 quadam
1893 5276 2177 5329 temeraria
2210 5291 2271 5328 ac

749 5350 1118 5416 irrationabili,
1152 5357 1240 5408 tali
1273 5361 1504 5431 undique
1531 5366 1700 5419 forma
1731 5367 2070 5421 instructam.
2094 5365 2272 5430 Quare

750 5440 984 5508 SUbjiC“.
1015 5452 1062 5496 εί
1088 5460 1238 5512 super
1262 5448 1475 5514 ﬂumina
1502 5459 1809 5526 praeparavit
1859 5473 1994 5511 eum.
2031 5454 2086 5509 Si
2121 5471 2240 5508 nam
2258 5489 2271 5495 —

2383 4567 2547 4636 αὐτὴν
2580 4567 2689 4619 ἄνω
2743 4568 3048 4636 φέρεσθαι
3119 4581 3454 4655 μετέωρς

2384 4657 2583 4710 ὑδάτων
2646 4657 3024 4726 βεϐούληται.
3107 4671 3270 4736 Διὸ,
3351 4681 3456 4730 aii

2381 4749 2764 4814 ἑθεμελίωσεν
2794 4747 3068 4816 αὐτὴν,
3110 4758 3454 4831 εἴρτιίζαδιη

2370 4840 2402 4905 ὴ
2441 4835 2745 4905 βαρεῖακαι
2776 4835 3037 4906 ἄψυχος
3085 4849 3194 4916 γῆ
3248 4851 3387 4905 ἐπὶ
3435 4874 3456 4906 η

2372 4924 2484 4977 ἀλλ’
2517 4926 2543 4974 ὁ
2567 4923 2778 4976 πάντων
2833 4923 3318 5004 δημιουργὸς
3404 4947 3449 4996 ὁ

2373 5013 2682 5082 στερέμνιον
2714 5013 2817 5104 καὶ
2847 5012 3059 5086 βαρὺ
3108 5025 3264 5094 τῆς
3346 5035 3454 5104 γῆ

2379 5103 2630 5174 μιουργίᾳ
2683 5103 2757 5170 (2)
2813 5106 3013 5178 ὑπὲρ
3085 5115 3378 5175 νώτων
3447 5103 3454 5164 ν.

2375 5187 2621 5257 ὑπεράνω
2644 5190 2740 5258 τῆς
2784 5191 3030 5262 ὑγρᾶς
3080 5203 3194 5269 φύ
3210 5223 3430 5276 σεως

2371 5277 2552 5332 τοῦτον
2585 5281 2749 5350 αὐτὴν
2779 5281 3291 5361 θεμελιώσας
3341 5304 3452 5356 τὸ.

2375 5385 2460 5438 ρον
2484 5369 2539 5420 δὲ
2558 5360 2820 5441 Ἇογισμὺν
2868 5383 3347 5450 παρίστησι
3397 5414 3451 5448 τ.

2372 5475 2454 5511 ναι
2481 5459 2577 5528 τὴν
2607 5459 2728 5528 γῆν,
2755 5463 2927 5532 μηδὲ
3003 5449 3126 5535 ὡς
3198 5449 3251 5529 εἰ

3198 5479 3444 5553 ἔτυχε

821 5591 1144 5681 mldipsum
1169 5615 1342 5681 monet
1363 5606 1743 5681 Theodoretus.
1778 5612 1832 5666 lu
1867 5612 2128 5666 chraico
2147 5626 2314 5680 exeml

1603 5621 1743 5667 'ctus.
1778 5612 1832 5666 lu
1867 5612 2128 5666 Hebraico
2147 5611 2434 5680 exemplari
2467 5613 2598 5667 nihil
2632 5615 2694 5669 dc
2731 5614 3096 5681 Sab‘natn,

817 5661 890 5730 t2)
927 5661 1092 5730 Alius,
1127 5673 1424 5746 μεγαλουργ
1435 5679 1501 5745 ig.
