3782 6328
148 377 249 432 Sil

1303 386 1811 451 COMMENTARIA
1847 398 1913 451 IN
1952 397 2286 453 PSALMOS.

3220 408 3330 462 229.

144 491 385 545 τοιοῦτον
417 491 528 560 αὐτῇ
575 481 990 590 περιϐεϐλῆσθαι
1028 491 1254 565 σχῆμαο
1314 503 1398 558 διδ
1449 511 1684 579 ἐπιλέγει

1810 528 1912 581 que
1944 521 2050 567 tota
2081 523 2134 567 et
2167 515 2219 567 in
2275 514 2526 570 omnibus
2551 517 2633 570 sui
2667 517 2929 584 partibus,
2971 509 3086 573 laevi
3107 523 3332 590 aequabi-

148 583 262 634 Kal
301 585 386 636 ἐπὶ
425 579 670 650 ποταμῶν
718 575 1064 671 ἡτοίμασεν
1115 589 1342 659 αὐτήν.
1385 599 1448 650 Εἰ
1485 575 1710 671 μὲνγὰρ

144 673 246 741 ὅλη
277 675 345 726 δι’
369 673 470 727 ὅλου
492 671 599 723 λεία
621 669 707 722 καὶ
733 666 912 759 όμαλὴ
980 674 1141 728 κατὰ
1192 680 1296 753 τὴν
1355 666 1585 759 war—pay
1605 666 1709 742 «εδ-,λθ

156 761 415 832 Ἑλλήνων
433 761 666 831 ὑπῆρχεν,
698 757 794 811 οὐκ
844 757 911 812 ἄν
947 778 1095 817 ποτε
1143 770 1248 842 τῆς
1294 775 1400 828 τῶν
1459 757 1708 848 ποταμῶν

144 857 450 920 συστάσεως
482 855 679 926 δεκτικὴ
712 854 986 926 ἐγεγόνειο
1045 862 1166 916 οὐδ’
1198 867 1264 922 ἂν
1316 874 1394 934 είς
1442 875 1707 942 γεωργίαν

137 947 448 1019 ἐπιτηδεία,
485 947 752 1017 ἐκρεόντων
805 947 1209 1022 ἁπανταχόθεν
1259 961 1368 1014 τῶν
1419 968 1497 1026 εἰς
1543 965 1704 1035 αὐτὴν

135 1039 461 1106 φερομένων
486 1037 700 1108 όμὸρων·
726 1037 800 1100 ὡς
853 1037 924 1091 αὖ
954 1043 1133 1098 πάλιν
1165 1049 1231 1102 ὲκ
1253 1051 1346 1102 τοῦ
1369 1055 1624 1117 ἐναντίου,
1656 1057 1704 1107 εἰ

137 1123 296 1192 πλάξ
334 1123 398 1197 ἦν
427 1129 506 1197 μία
544 1127 832 1199 ἠπλωμὲνη
881 1133 980 1185 καὶ
1038 1137 1300 1211 ἀνειμένη
1337 1145 1413 1204 εἰς
1459 1145 1704 1207 πεδιάδας

133 1214 358 1286 χώρας,
391 1218 484 1270 οὐδ’
514 1216 675 1280 οὕτως
724 1220 1074 1292 συνέστησαν
1117 1228 1176 1281 ὲν
1212 1231 1343 1301 αὐτῇ
1377 1233 1620 1301 ποταμοί·
1655 1235 1706 1285 οἵ

134 1307 185 1356 τ’
211 1307 281 1372 ἐξ
307 1308 532 1360 ἀεννάων
559 1309 744 1378 πηγῶν
791 1314 1116 1383 φερόμενοι,
1149 1319 1201 1370 οἵ
1229 1337 1286 1372 τε
1307 1321 1368 1371 ὲκ
1397 1319 1499 1373 τῶν
1524 1338 1703 1390 χειμε-

137 1397 306 1466 ρινῶν
328 1399 538 1467 ὄμϐρων
587 1401 990 1470 συνιστάμενοι·
1021 1408 1188 1460 πάλαι
1224 1409 1268 1460 δ’
1297 1409 1360 1462 ἂν
1388 1410 1702 1464 ὲπικλύσαν-

135 1505 226 1550 τες
254 1491 454 1554 πᾶσαν,
481 1488 600 1542 οὔτε
640 1493 977 1564 σπέρμασιν,
1010 1497 1134 1551 οὔτε
1158 1504 1359 1568 φυτοῖς,
1389 1500 1507 1554 οὔτε
1533 1520 1701 1573 γεωρ-

135 1579 293 1645 γίαις
315 1582 616 1651 ἐπιτηδείαν
647 1584 814 1655 αὐτὴν
864 1592 1148 1658 παρεῖχον·
1206 1590 1317 1642 ἀλλ’
1364 1592 1479 1644 οὐδὲ
1525 1595 1701 1656 αὐτοῖς

134 1671 252 1730 τοῖς
290 1671 596 1742 οἰκήτορσιν
640 1676 853 1741 γεγόνει
907 1677 974 1730 ἂν
1006 1681 1288 1749 χρήσιμος,
1349 1683 1557 1735 πάντων
1586 1687 1700 1736 ἐπι-

132 1759 482 1830 κλυζομὲνων
527 1765 622 1815 καὶ
659 1769 1120 1837 κατασυρομένων
1176 1771 1278 1822 ὑπὸ
1318 1773 1414 1842 τῆς
1443 1773 1546 1826 τῶν
1575 1775 1697 1827 ὑδά-

127 1867 228 1902 των
260 1850 630 1926 πλημμύρας.
669 1854 854 1908 Ταῦτα
885 1858 983 1926 μὲν
1012 1855 1104 1911 οὖν
1140 1855 1227 1928 ἦν,
1262 1864 1308 1912 εἰ
1335 1862 1406 1932 μὴ
1440 1863 1590 1931 λόγος
1621 1881 1699 1926 τις

125 1938 525 2010 δημιουργικὺς
559 1944 653 1995 καὶ
679 1943 814 1995 Θεοῦ
843 1946 1005 2012 σοφία
1041 1949 1294 2016 τεχνικῶς
1345 1951 1477 2019 αὐτῇ
1507 1952 1698 2003 τοιόνδε

126 2030 316 2098 σχῆμα
357 2031 774 2102 τ’..εριδεῦλήκει⁵
820 2036 938 2087 νυνὶ
971 2036 1028 2088 δὲ
1080 2037 1248 2100 οὔτως
1279 2041 1696 2108 κατεσκευάσθη,

119 2120 186 2182 ib;
217 2122 308 2182 εἰς
341 2120 450 2191 ὅρη
483 2121 577 2175 καὶ
631 2123 830 2189 νάπας,
888 2124 1106 2192 βουνούς
1169 2143 1226 2177 τε
1280 2128 1371 2179 καὶ
1420 2128 1698 2198 φάραγγας

122 2211 248 2280 ἑσχη
260 2211 556 2280 ματίσθαι·
575 2213 650 2274 ὡς
676 2213 771 2264 καὶ
797 2217 1071 2283 ποταμοὺς
1098 2215 1194 2277 τὰς
1223 2217 1425 2271 ἑαυτῶν
1445 2219 1698 2284 διεξόδους

122 2300 427 2363 ἀκωλύτως
454 2302 747 2354 ποιεῖσθαι·
781 2303 882 2372 ὅρη
909 2320 966 2354 τε
994 2304 1085 2355 καὶ
1115 2304 1248 2374 ἄλση
1269 2307 1358 2358 καὶ
1387 2308 1522 2375 φυτὰ
1545 2308 1698 2374 ζώοις

124 2391 523 2461 ἁπονέμεσθαι·
567 2392 749 2463 χώρας
783 2410 843 2444 τε
874 2394 966 2445 καὶ
989 2394 1238 2457 πεδιάδας
1256 2397 1333 2459 εἰς
1350 2399 1584 2468 οἰκήσεις
1607 2401 1697 2453 καὶ

124 2485 397 2553 γεωργίας
426 2482 742 2553 ἀνθρώποις
790 2483 1112 2553 ἀφωρίσθαι.
1155 2484 1249 2548 Τίς
1290 2487 1463 2541 τοίνυν
1511 2492 1607 2542 οὐκ
1633 2491 1696 2543 ἂν

123 2574 519 2643 ὁμολογήσειεν
540 2573 760 2642 άληθῶς
784 2573 952 2642 σοφῆς
970 2570 1106 2626 εἶναι
1131 2578 1462 2646 προμηθείας
1494 2579 1659 2632 ταῦτα
1679 2598 1693 2645 ;

121 2665 171 2734 ἥ,
211 2665 577 2734 προλαϐοῦσα
607 2666 668 2718 τὸ
718 2667 908 2735 μέλλον
955 2669 1059 2738 πρὸ
1108 2667 1198 2720 τοῦ
1226 2668 1578 2738 πληρώματος
1603 2673 1696 2740 τῆς

120 2756 236 2824 γῆς,
282 2757 380 2808 καὶ
414 2756 528 2828 πρὸ
556 2757 654 2809 τοῦ
686 2757 949 2827 συστῆναι
982 2759 1047 2810 τὰ
1075 2760 1131 2809 ὲν
1177 2758 1333 2827 αὐτῇ,
1376 2758 1576 2812 τοιάνδε
1604 2760 1696 2812 αύ-

120 2846 206 2915 τὴν
232 2849 612 2916 ἐσχημάτισε,
641 2848 962 2917 καταλλήλῳ
991 2847 1378 2900 διαπλάττουσα
1406 2848 1577 2918 τύπῳ,
1621 2849 1696 2911 ὼς

123 2939 179 2990 ἂν
202 2941 325 3001 τοῖς
350 2941 491 2991 πᾶσι
512 2939 728 3006 γένοιτο
753 2937 1049 3007 ἐπιτηδεία.
1073 2937 1478 3008 Μυστικώτερον
1502 2938 1556 2991 δὲ
1603 2938 1696 2992 τοῦ

124 3028 325 3096 Κυρίου
349 3029 587 3096 γέγονεν
611 3029 644 3097 ἡ
674 3027 770 3096 γῆ.

187 3123 288 3186 Τίς
318 3120 700 3186 ἀναϐήσεται
757 3121 846 3184 εἰς
882 3117 949 3170 τὸ
993 3117 1128 3185 ὄρος
1191 3118 1295 3171 τοῦ
1354 3120 1610 3186 Kvpt'ov;
1654 3119 1692 3188 ἢ
1721 3149 1761 3205 C

125 3211 202 3275 τίς
226 3211 538 3280 στήσεται
597 3211 668 3263 ἐν
717 3211 875 3275 τόπῳ
932 3210 1076 3277 ἁγίῳ
1124 3208 1335 3270 αὐτοῦς
1381 3209 1440 3261 τὺ
1484 3209 1689 3263 τελικὸν

126 3303 318 3369 ἀγαθὸν
359 3302 461 3354 καὶ
491 3302 589 3354 τὸν
620 3301 753 3352 Θεὸν
787 3299 956 3366 Λόγον
986 3298 1219 3361 λεκτέον,
1252 3297 1334 3366 ἐφ’
1365 3298 1392 3349 ὃ
1419 3298 1688 3352 ἀναϐαίνει

122 3393 253 3445 ὁδιὰ
286 3392 585 3462 προκοπῆς
636 3391 728 3442 ἐπὶ
781 3391 878 3460 τὴν
930 3389 1230 3459 ἀκρώρειαν
1285 3389 1441 3440 αὑτοῦ
1492 3389 1687 3456 φθάσαι

122 3483 462 3554 γλιχόμενος.
502 3483 741 3543 Σπάνιος
769 3481 826 3533 δὲ
857 3481 884 3530 ό
935 3477 1192 3541 τοιοῦτος⁹
1227 3477 1305 3528 διὸ
1326 3478 1551 3548 εἴρηται·
1597 3481 1688 3544 Τίς

123 3574 484 3638 ἀναϐήσεται
505 3573 599 3635 εἰς
627 3571 690 3623 τὸ
728 3569 865 3636 ὄρος
886 3567 990 3619 τοῦ
1027 3566 1277 3632 Κυρίου;
1299 3564 1334 3630 ἣ
1363 3565 1450 3630 τις
1471 3568 1688 3631 στήσε-

129 3683 212 3718 ται
242 3668 312 3719 ἐν
348 3668 518 3730 τόπῳ
537 3663 688 3731 ἁγίῳ
719 3660 940 3724 αὑτοῦ;

202 3754 404 3821 Ἁθῶος
451 3755 636 3824 χερσὶ
681 3752 780 3805 καὶ
824 3753 1076 3820 καθαρὸς
1109 3753 1183 3820 τῇ
1231 3755 1457 3821 καρδίᾳ,
1491 3754 1556 3819 ὃς
1578 3755 1685 3806 οὐκ

130 3847 330 3900 ἔλασεν
355 3847 458 3898 ἐπὶ
508 3844 747 3912 ματαίῳ
779 3842 895 3908 τὴν
953 3843 1386 3911 ¹εβνυχὴναῠτοῦ,
1437 3843 1531 3895 καὶ
1576 3846 1684 3896 οὐκ

132 3935 352 4002 ὠμοσεν
378 3936 480 3988 ἐπὶ
515 3933 684 3994 δόλῳ
718 3931 798 3996 τῷ
826 3933 1091 3998 πλησίον
1110 3933 1312 3986 αὐτοῦ.
1345 3930 1526 3999 Οὗτος
1573 3933 1681 4000 λή-

136 4025 296 4088 ψεται
335 4023 634 4090 εὐλογίαν
662 4019 822 4086 παρὰ
854 4020 1088 4086 Κυρίου,
1134 4021 1233 4072 καὶ
1281 4019 1684 4088 ἐλεημοσύνην

135 4114 282 4180 παρὰ
324 4115 474 4168 Θεοῦ
544 4109 822 4176 σωτῆρος
869 4108 1069 4162 αὑτοῦ.
1121 4109 1277 4176 Αὕτη
1315 4113 1352 4176 τι,
1397 4110 1564 4178 γενεὰ
1590 4110 1682 4176 ζη-

135 4201 380 4254 τούντων
421 4199 616 4255 αὐτόν
639 4237 654 4259 ,
720 4195 1046 4263 ζητούντων
1108 4197 1174 4250 τὸ
1219 4199 1527 4263 πρόσωπον
1581 4200 1682 4251 τοῦ

143 4289 277 4341 Θεοῦ
326 4289 555 4345 Ἰακώϐ.
630 4286 966 4352 Διάψαλμα.
1018 4287 1217 4352 Ἄρατε
1254 4287 1466 4351 πύλας,
1514 4290 1565 4339 οἱ
1592 4287 1683 4354 ἄρ-

143 4393 351 4443 χοντες,
374 4373 567 4447 ὑμῶν,
607 4375 711 4427 καὶ
744 4372 1058 4439 ἐπάρθητε,
1091 4374 1275 4425 πύλαι
1320 4374 1559 4437 αὶώνιοι,
1587 4375 1682 4427 καὶ

141 4469 524 4523 εἰσελεύσεται
567 4471 601 4520 ό
647 4465 952 4529 βασιλεὺς
981 4464 1090 4530 τῆς
1127 4464 1326 4529 δόξης.
1383 4468 1472 4530 Τίς
1521 4468 1687 4521 ἐστιν
1714 4472 1758 4524 1)

147 4548 356 4620 οὖτοςό
381 4555 690 4622 βασιλεὺς
739 4552 848 4618 τῆς
898 4552 1115 4617 δόξης;
1163 4553 1373 4617 Κύριος
1419 4555 1683 4620 κραταιὸς

151 4642 252 4694 καὶ
271 4644 514 4713 δυνατὸς,
546 4647 774 4712 Κύριος
814 4641 1068 4705 δυνατὸς
1119 4641 1188 4692 ἐν
1235 4643 1486 4710 πολέμῳ.
1531 4646 1684 4706 Ἴσως

148 4728 208 4780 δὲ
233 4731 311 4784 διὰ
329 4739 414 4805 τῆς
439 4735 696 4794 πεύσεως
726 4731 820 4783 καὶ
855 4730 1194 4798 ἀποκρίσεως
1221 4729 1517 4782 διδάσκουσι
1551 4733 1683 4784 πάν-

147 4835 248 4882 τας
297 4825 594 4897 ἀνθρώπους
635 4822 736 4892 τὴν
786 4819 1099 4872 δεσποτείαν
1150 4817 1244 4868 τοῦ
1304 4819 1501 4889 Κυρίου
1530 4821 1683 4890 ἡμῶν

158 4909 318 4978 Ἰησοῦ
343 4913 594 4984 Χριστοῦ·
627 4911 684 4963 εἴ
712 4927 775 4976 γε
805 4910 888 4970 τίς
919 4909 964 4960 δ’
992 4909 1078 4975 οἴῃ
1124 4905 1320 4966 ταύτας
1350 4908 1421 4975 μὴ
1457 4908 1681 4975 ἀγνοεῖν.

145 4998 292 5063 Τινὲς
311 5003 360 5055 δὲ
380 5005 471 5074 τὴν
491 5002 754 5072 δευτέραν
799 4999 992 5052 πεῦσιν
1027 4997 1121 5048 καί
1151 4994 1445 5063 ἀπόκρισιν,
1481 5000 1538 5050 ού
1569 5004 1684 5063 ταῖς

148 5088 226 5142 ἔτι
259 5093 492 5164 ἀνωτέρω
537 5094 834 5161 δυνάμεσιν
867 5084 1122 5156 εἰρῆσθαι
1175 5082 1343 5147 φασὶν,
1384 5085 1518 5138 ἀλλὰ
1569 5092 1683 5152 ταῖς

150 5179 342 5242 αὐταῖς.
377 5183 446 5235 Τό
473 5200 530 5234 τε
563 5180 843 5249 διάψαλμα
865 5176 976 5244 πρὸ
995 5172 1113 5224 τοῦ·
1148 5171 1338 5235 Ἄρατε
1365 5174 1581 5240 πύλας,
1632 5182 1683 5231 οἱ

149 5266 433 5336 ἄρχοντες,
469 5269 653 5339 ὑμῶν,
679 5269 956 5336 κείμενον,
983 5261 1086 5326 τῆς
1121 5255 1364 5324 μελῳδίας
1415 5259 1558 5313 ἔοικε
1589 5282 1682 5332 με-

85 5345 105 5364 .
148 5357 363 5428 manu“
383 5359 719 5428 πεποιῆσθαι.
750 5354 874 5408 ἐπεὶ
931 5349 1032 5401 καὶ
1089 5344 1186 5410 τῆς
1237 5343 1462 5409 διανοίας
1491 5352 1679 5414 αὐτῆς.

162 5445 244 5500 ‘Ev
267 5447 319 5505 δὲ
339 5448 411 5518 τῷ
432 5449 602 5516 λέγειν
626 5437 1034 5500 εἰσελεύσεσθαι
1055 5431 1229 5518 αὐτὸν,
1266 5431 1558 5502 λεληθότως
1593 5444 1681 5493 καὶ

153 5533 316 5602 ἐξώον
344 5517 493 5591 αὑτοῦ
549 5535 776 5605 ᾐνίξατοο
805 5525 921 5580 Εἶτ’
971 5519 1099 5574 ἐπεὶ
1133 5517 1204 5586 μὴ
1254 5519 1400 5584 μόνος
1444 5524 1681 5592 ἤμελλεν

158 5623 356 5675 εἰσιέναι
381 5629 452 5686 εἰς
494 5626 586 5693 τὴν
610 5619 766 5674 αὐτοῦ
830 5610 1141 5683 βασιλείαν,
1193 5607 1353 5670 πάσας
1397 5611 1680 5669 ἀναπετα-

161 5711 442 5779 σηῆνπιτὰς
467 5714 676 5776 πύλας.)
722 5708 881 5773 λόγος
931 5696 1337 5765 παρακελεύεται
1395 5701 1484 5754 διὰ
1551 5708 1678 5772 τοὺς

1730 1833 1770 1885 Β

1810 603 1951 671 lique
1984 605 2283 672 superficie,
2315 605 2606 660 secundum
2637 606 2782 659 illam
2814 606 3120 662 ercorum
3153 611 3328 678 sphae-

1807 709 1942 755 ram,
1979 693 2188 757 fuisset,
2231 711 2498 764 nunquam
2545 695 2820 750 ﬂuminum
2858 701 3326 771 congregationem

1805 783 2140 846 admisisset;
2171 800 2340 852 neque
2368 787 2708 854 agriculturae
2745 798 2867 856 apta
2895 788 3053 853 foret,
3087 791 3328 847 difﬂuen-

1804 873 1952 927 tibus
1992 874 2344 942 undequaque
2383 875 2608 942 pluviis:
2650 885 2706 928 ut
2751 893 2781 931 e
2812 893 3073 934 converso
3107 883 3324 946 iterum,

1804 961 1849 1015 si
1871 963 2026 1030 plana
2056 972 2219 1026 esset,
2246 979 2458 1034 unaque
2487 966 2816 1033 superficies,
2861 976 3082 1023 extensa
3120 972 3176 1024 in
3212 973 3325 1038 pla-

1802 1051 1961 1105 nities
2021 1063 2074 1106 et
2107 1068 2302 1122 agros;
2345 1070 2678 1122 nequaquam
2729 1055 2946 1109 ﬂumina
2983 1072 3046 1111 ex
3079 1061 3326 1127 perenni-

1801 1141 1902 1195 bus
1956 1141 2192 1196 fontibus
2253 1145 2520 1196 manantia
2581 1145 2689 1197 illic
2742 1146 3091 1212 exsisterent;
3150 1163 3328 1216 neque

1800 1229 1945 1284 ﬂuvii
1973 1233 2062 1300 qui
2081 1248 2144 1286 ex
2170 1233 2409 1287 hibernis
2439 1234 2697 1288 imbribus
2717 1236 3058 1302 coalescunt;
3085 1238 3176 1292 sed
3192 1238 3326 1306 jam-

1800 1321 1888 1374 diu
1925 1329 2087 1375 totam
2109 1332 2306 1376 terram
2332 1326 2700 1389 innndassent,
2730 1327 2802 1378 ita
2833 1334 2888 1378 ut
2916 1341 3087 1394 neque
3107 1327 3324 1390 sationi,

1799 1425 1972 1478 neque
2003 1411 2201 1478 plantis
2231 1420 2284 1465 et
2311 1414 2612 1476 arboribus,
2647 1429 2818 1482 neque
2849 1415 3188 1482 agricultura:
3209 1416 3317 1470 ido»

1799 1510 1954 1548 neam
2007 1498 2323 1564 praeberent.
2378 1500 2558 1568 Neque
2616 1502 2729 1568 ipsa
2794 1502 2983 1554 incolis
3033 1504 3144 1556 suis
3200 1511 3324 1572 apta

1799 1585 2052 1653 utilisque
2101 1586 2312 1650 fuisset,
2363 1605 2483 1642 cum
2547 1605 2805 1658 aquarum
2857 1591 3087 1644 colluvie
3145 1593 3325 1644 omnia

1798 1679 2188 1732 inundarentur
2213 1695 2275 1733 ac
2299 1680 2614 1735 difﬂuerent.
2673 1681 2796 1735 Haec
2823 1682 2953 1736 sa'ne
2979 1682 3322 1746 accidissent,

1801 1768 1906 1821 nisi
1952 1769 2172 1821 verbum
2222 1771 2508 1838 quodpiam
2561 1771 2734 1839 opifex
2782 1787 2984 1836 rerum,
3015 1787 3078 1825 ac
3105 1771 3199 1826 Dei
3231 1787 3321 1826 sa-

1796 1856 2017 1926 pientia,
2045 1858 2270 1910 artilicio
2298 1873 2488 1927 magno
2513 1860 2668 1912 talem
2700 1859 2801 1926 ipsi
2829 1860 3064 1929 undique
3095 1859 3322 1913 formam

1799 1943 2099 1998 indidisset.
2129 1944 2243 1996 Jam
2268 1960 2395 1998 vero
2419 1947 2496 2000 sic
2529 1949 2824 2016 composita
2852 1956 2955 2012 est,
2990 1956 3049 2001 ut
3079 1947 3134 2002 in
3167 1963 3325 2002 mon-

1799 2041 1877 2086 tes
1906 2041 1958 2086 et
1991 2034 2177 2096 clivos,
2225 2028 2390 2089 colles
2419 2043 2471 2087 et
2517 2037 2680 2090 valles
2727 2038 3107 2100 distribuatur,
3157 2047 3329 2108 utque

1798 2123 2036 2186 ﬂumina,
2065 2126 2213 2178 nullo
2246 2127 2416 2189 obice,
2445 2142 2572 2182 suos
2593 2129 2692 2182 sibi
2716 2129 2892 2182 exitus
2920 2137 3143 2197 parent;
3175 2145 3323 2184 mon-

1796 2223 1896 2275 tes,
1932 2215 2078 2266 silvae
2128 2220 2180 2268 et
2219 2215 2438 2269 arbores
2463 2217 2782 2271 animalibus
2814 2218 3170 2286 deputentur;
3207 2219 3319 2287 agri

1796 2309 1847 2356 et
1879 2303 2128 2370 planities
2155 2296 2464 2358 hominibus
2486 2304 2551 2357 ad
2581 2305 2909 2358 domicilium
2936 2314 2988 2359 et
3025 2307 3322 2375 agricultu-

1795 2407 1906 2444 ram
1941 2390 2208 2444 destinata
2239 2393 2366 2446 sint.
2403 2393 2534 2458 Quis
2565 2409 2694 2462 ergo
2727 2409 2833 2447 non
2861 2395 3180 2448 conﬁteatur
3207 2395 3321 2449 lmc

1794 2494 1822 2531 a
1871 2481 2094 2548 sapienti
2154 2482 2381 2550 quadam
2422 2483 2756 2551 providentia
2828 2484 3144 2552 proﬁcisci?
3191 2483 3325 2549 Qua:

1796 2569 1972 2622 futura
2033 2573 2366 2640 prospiciens
2412 2581 2696 2642 antequam
2752 2575 3027 2642 plenitudo
3070 2584 3222 2629 terra:
3267 2583 3322 2629 et

1793 2675 1911 2728 qua:
1954 2660 2005 2712 in
2037 2676 2098 2714 ea
2131 2669 2253 2714 sunt
2283 2662 2659 2722 consisterent.
2690 2663 2783 2715 tali
2815 2678 2930 2716 eam
2957 2664 3126 2717 fowna
3156 2679 3318 2718 exor-

1794 2749 1958 2812 navit,
1988 2749 2408 2818 congruentibus
2430 2749 2737 2818 mutuisque
2773 2751 2916 2802 illam
2959 2751 3134 2805 modis
3165 2750 3321 2805 επον-

1793 2849 1966 2900 mans,
2029 2844 2088 2890 ut
2144 2837 2394 2892 omnibus
2434 2837 2715 2892 commoda
2765 2839 3033 2892 evaderet.
3095 2839 3321 2909 Mystico

1795 2932 1970 2978 autem
1999 2940 2150 2979 more
2179 2926 2290 2981 haec
2318 2934 2461 2980 terra
2491 2927 2700 2980 Domini
2738 2927 2898 2982 fuerit
2950 2928 3035 2999 [ea
3061 2930 3318 2984 nimirum

1794 3029 1910 3082 quae
1939 3030 2057 3067 mox
2094 3014 2411 3086 indicatur].

1863 3102 2026 3158 Vens.
2056 3105 2107 3158 '5.
2151 3104 2277 3169 Quis
2307 3104 2544 3158 ascendet
2573 3107 2626 3157 in
2666 3115 2884 3160 montem
2926 3106 3180 3163 Domini?
3227 3118 3320 3162 aut

1793 3193 1905 3260 quis
1938 3193 2098 3245 stabit
2128 3194 2181 3244 in
2209 3192 2321 3244 loco
2348 3202 2526 3246 sancto
2550 3194 2698 3259 ejus?
2728 3191 2781 3246 ld
2825 3193 2890 3247 de
2920 3195 3155 3262 perfecto
3174 3196 3317 3250 bono

1794 3295 1856 3334 ae
1883 3280 1948 3335 de
1977 3279 2086 3333 Deo
2116 3278 2288 3333 Verbo
2342 3281 2734 3347 explicandum,
2787 3282 2854 3334 ad
2897 3283 3039 3350 quod
3078 3286 3317 3338 ascendit

1793 3367 2040 3436 quisquis
2071 3382 2390 3436 progressus
2431 3382 2689 3420 cacumen
2717 3369 2832 3436 ejus
2869 3371 3129 3437 attingere
3153 3385 3314 3440 expe-

1791 3459 1874 3510 tit.
1920 3455 2024 3510 Sed
2055 3457 2161 3510 rari
2203 3456 2505 3524 hujusmodi
2539 3465 2700 3520 sunt;
2735 3472 2902 3525 quare
2927 3457 3156 3512 dicitur:
3185 3459 3314 3524 Quis

1790 3547 2023 3600 ascendet
2051 3548 2106 3599 in
2135 3557 2352 3600 montem
2387 3546 2588 3599 Domini
2615 3549 2638 3600 ?
2674 3561 2763 3599 aut
2791 3549 2903 3616 quis
2932 3547 3088 3601 stabit
3127 3549 3313 3603 inloco

1789 3646 1966 3691 sancto
1992 3637 2102 3705 ejus
2119 3640 2146 3691 ἵ
2721 3686 2723 3688 .

1881 3725 2044 3782 Vens.
2091 3727 2205 3780 4-8.
2254 3726 2507 3779 Innocens
2550 3726 2786 3779 manibus
2863 3735 2911 3779 et
2961 3727 3149 3780 mund'o
3197 3743 3314 3779 eor-

1786 3817 1867 3880 de,
1898 3818 1984 3887 qui
2013 3834 2111 3870 non
2141 3819 2328 3883 accepit
2370 3818 2419 3869 in
2451 3833 2578 3869 vano
2607 3817 2830 3868 animum
2861 3833 3029 3882 suam,
3056 3833 3144 3870 nec
3159 3817 3313 3885 jura-

1787 3909 1856 3958 vit
1895 3908 1947 3958 in
1990 3906 2107 3959 dolo
2159 3921 2392 3973 proximo
2431 3922 2543 3958 suo.
2590 3904 2688 3957 Hic
2742 3907 2953 3971 accipiet
3004 3905 3313 3959 benedictio-

1787 4013 1898 4050 nem
1940 4013 1972 4049 a
2020 3995 2260 4059 Domino,
2320 4005 2367 4049 et
2397 3995 2803 4049 misericordiam
2865 4012 2896 4047 a
2933 3995 3040 4047 Deo
3086 3997 3312 4048 salutari

1787 4101 1902 4138 suo.
1937 4083 2062 4137 Ha'c
2111 4094 2186 4138 est
2217 4086 2478 4153 generatio
2520 4086 2853 4153 quwrentium
2898 4100 3033 4144 eum,
3079 4101 3310 4152 qua'ren-

1787 4179 1912 4229 tium
1945 4178 2129 4244 facient
2160 4176 2255 4228 Dei
2303 4174 2486 4230 Iacob.
2545 4174 2868 4240 Diapsalma.
2916 4173 3150 4225 Attollite
3187 4189 3308 4242 por-

1787 4276 1888 4328 tas,
1947 4267 2220 4334 principes,
2257 4275 2492 4329 vestras;
2523 4275 2570 4316 et
2616 4265 2903 4326 elevamini,
2928 4274 3092 4330 porta:
3157 4274 3309 4318 aiter-

1785 4358 1949 4420 nales,
2013 4367 2060 4409 et
2141 4357 2375 4408 introibit
2433 4355 2538 4408 Rea:
2599 4357 2796 4424 gloria’.
2891 4354 3019 4418 Quis
3081 4365 3158 4408 est
3214 4356 3306 4408 iste

1788 4446 1892 4500 Rea:
1941 4447 2164 4516 ρίονὶίυῖ
2237 4446 2487 4497 Dominus
2540 4445 2689 4511 fortis
2753 4453 2801 4495 et
2868 4452 3065 4510 potens,
3125 4444 3307 4497 Domi-

1786 4555 1881 4590 nus
1923 4547 2098 4606 potens
2156 4538 2206 4588 in
2257 4538 2456 4604 prwlio.
2498 4535 2747 4587 Fortasse
2781 4535 2816 4585 ii
2868 4549 2960 4601 per
3008 4535 3306 4602 interroga-

1781 4627 1978 4680 tionem
2036 4633 2088 4678 et
2134 4625 2536 4693 responsionem
2585 4635 2771 4674 omnes
2812 4621 3054 4674 homines
3105 4620 3170 4673 de
3211 4620 3306 4672 do-

1783 4715 1985 4766 minatu
2041 4713 2250 4766 Domini
2308 4711 2477 4764 nostri
2548 4709 2674 4762 Jesn
2727 4708 2926 4762 Christi
2976 4710 3300 4765 instituunt:

1784 4804 1829 4856 si
1863 4812 2078 4871 putetur
2126 4811 2305 4855 tamen
2343 4816 2434 4854 eas
2474 4801 2618 4867 ipsas
2663 4797 2931 4868 [crelestes
2986 4795 3300 4866 potestates]

1783 4893 1835 4946 id
1857 4877 1970 4945 non
2017 4892 2286 4960 ignorare.
2347 4889 2482 4942 Sunt
2529 4887 2618 4955 qui
2655 4889 2984 4940 arbitrentur
3015 4885 3302 4939 secundam

1782 4983 2256 5051 interrogationem
2294 4987 2348 5033 et
2384 4977 2789 5046 responsionem
2833 4989 2940 5027 non
2972 4975 3302 5028 sublimiori~

1781 5083 1881 5137 bus
1909 5080 2261 5150 potestatibus
2293 5077 2506 5140 factam,
2537 5077 2628 5128 sed
2660 5073 2847 5127 iisdem
2869 5078 3027 5141 atque
3049 5071 3299 5140 priorem.

1782 5172 2082 5240 Diapsalma
2122 5185 2244 5224 vero
2273 5178 2394 5221 ante
2427 5167 2578 5227 illud,
2615 5164 2850 5218 Attollite
2873 5174 3073 5227 portas,
3113 5163 3298 5231 princi-

1781 5279 1886 5332 pes,
1922 5272 2138 5321 vestras,
2176 5259 2428 5328 positum,
2477 5256 2688 5309 videtur
2726 5254 2968 5308 inelodize
2997 5255 3170 5310 solum
3204 5252 3304 5304 im-

1782 5352 2128 5406 mutationem
2158 5349 2427 5406 inducere,
2483 5346 2608 5412 quia
2639 5345 2822 5398 eadein
2865 5345 2917 5397 in
2957 5343 3303 5413 sequentibus

1781 5443 2064 5496 sententia.
2109 5441 2240 5492 Cum
2275 5443 2448 5488 autem
2484 5435 3033 5500 introiturum-ipsum
3093 5433 3185 5498 ait,
3218 5448 3303 5484 ex-

1781 5533 1914 5585 itum
1947 5532 2106 5585 etiam
2141 5528 2255 5594 ejus
2283 5525 2509 5576 latenter
2543 5525 2897 5581 adumbravit.
2947 5523 3144 5577 Deinde
3176 5535 3303 5574 vero

1780 5623 1903 5688 quia
1938 5634 2043 5672 non
2075 5619 2188 5684 ipse
2235 5613 2380 5666 solus
2429 5613 2730 5668 intraturus
2783 5613 2835 5664 in
2883 5627 3104 5680 regnum
3147 5625 3301 5664 suum

1781 5719 1914 5775 erat,
1950 5717 2128 5781 portas
2160 5717 2342 5760 omnes
2370 5705 2535 5772 pandi
2561 5715 2612 5760 et
2637 5702 2830 5774 aperiri
2859 5702 3098 5787 iubetur,
3119 5710 3309 5757 eorum
