3782 6340
686 393 790 448 225

1285 391 1545 448 susum:
1584 364 2054 444 CAiSAltlENSlS
2088 386 2231 442 orn.
2275 384 2450 440 mas
2486 383 2572 438 ιιι.
2613 413 2681 424 -
2718 383 3035 440 EXEGETICA.
3443 391 3480 442 ιι

689 505 893 561 scilicet
922 521 1084 561 causa
1115 506 1206 575 qui
1242 519 1363 556 cum
1401 502 1492 554 Dei
1533 500 1671 555 Filio
1700 515 1924 570 regnum
1961 501 2180 554 ccelorut

1994 501 2216 554 telorum
2248 511 2290 563 Α
2321 498 2609 569 μέλλοντας
2662 497 2956 570 κληρονομεῖν
2987 499 3055 566 τὴν
3076 494 3259 565 βασιλείαν
3285 495 3355 548 τῶν
3373 496 3483 568 οὓριινι

687 599 1034 652 consecuturi
1080 601 1250 649 erant.
1306 591 1500 645 Multas
1540 590 1738 660 quippe
1774 605 1836 643 ac
1864 588 2105 644 diversas
2151 590 2216 642 ad

687 689 836 758 regni
888 689 1145 741 caelorum
1194 682 1396 736 aditum
1435 690 1620 750 portas
1646 682 1884 750 aperuit:
1922 697 2042 734 nam
2080 680 2216 748 apud

691 777 897 830 Patrem
955 775 1259 828 mansiones
1304 775 1484 827 multae
1534 775 1741 827 sunt".
1803 773 1880 847 Alc
1930 771 2214 840 perpende,

692 881 891 937 quaeso,
949 879 1074 917 num
1135 864 1221 916 hic
1286 865 1525 918 solvatur
1581 864 1806 932 quaestio
1858 864 2071 933 psalmi,
2125 861 2217 930 qui

691 958 770 1011 sic
827 955 1015 1007 habet:
1071 953 1316 1007 Ascendit
1369 955 1503 1006 Deus
1557 955 1610 1007 in
1652 953 1991 1022 jubilatione,
2037 952 2219 1004 Domi-

689 1063 782 1099 nus
807 1046 858 1097 in
890 1061 1006 1097 voce
1035 1044 1171 1098 tuba:
1191 1047 1254 1098 ’⁸.
1325 1043 1422 1097 ilic
1463 1042 1694 1111 Spiritus
1758 1053 1976 1097 sanctus
2023 1041 2218 1110 jubila-

686 1137 885 1189 tionem
946 1149 1007 1188 ac
1046 1150 1226 1188 vocem
1281 1135 1424 1189 tubae
1479 1134 1645 1189 dedit.
1703 1134 1836 1187 Nam
1883 1134 1936 1186 in
1980 1147 2210 1186 ascensu

689 1223 806 1277 Filii
840 1224 932 1278 Dei
967 1226 1018 1276 in
1046 1225 1235 1287 cmlos,
1283 1241 1374 1294 par
1403 1224 1504 1278 fuit
1543 1225 1644 1293 ipsi
1675 1225 1882 1277 obviam
1915 1223 2022 1277 isse
2058 1237 2218 1291 ange-

689 1315 792 1376 los,
848 1329 957 1368 sua:
1000 1328 1096 1380 pro
1147 1313 1454 1367 hominibus
1507 1313 1823 1366 (nconomiae
1849 1313 2216 1373 administros,

689 1415 848 1474 atque
895 1405 1194 1457 caelestium
1229 1415 1502 1472 portarum
1559 1403 1700 1457 l'ores
1754 1403 1856 1471 ipsi
1921 1402 2217 1470 aperuisse,

686 1511 844 1550 voces
873 1495 1250 1563 angelicosqne
1280 1495 1561 1558 clamores,
1596 1496 1686 1562 qui
1717 1493 1769 1546 in
1788 1493 1995 1562 psalmo
2032 1491 2217 1545 ferun—

687 1596 793 1649 tur,
845 1587 1125 1640 emisisse:
1158 1600 1293 1654 quos
1324 1585 1694 1654 jnbilationem
1745 1590 1798 1638 et
1833 1598 2015 1636 vocem
2071 1581 2214 1635 tuba:

686 1681 960 1742 nuncupat
994 1673 1178 1728 dicens
1207 1691 1220 1726 :
1251 1673 1490 1726 Ascendit
1512 1673 1649 1725 Deus
1681 1672 1734 1723 in
1753 1671 2088 1738 jubitatione,
2124 1670 2220 1723 Do-

688 1765 860 1816 minus
887 1765 939 1816 in
967 1779 1082 1816 voce
1109 1762 1264 1815 tubw.

1219 1953 1444 2006 DAVIDI
1483 1952 1670 2007 XXIV.

755 2047 887 2100 Cum
909 2062 1079 2114 neque
1109 2045 1364 2114 psalmus,
1389 2060 1560 2113 neque
1588 2043 1877 2109 canticum,
1902 2057 2074 2110 neque
2093 2041 2218 2110 quid

689 2137 863 2190 simile
898 2135 1242 2197 inscribatur,
1272 2148 1444 2201 neque
1475 2133 1528 2184 in
1565 2134 1723 2185 linem
1753 2131 1862 2183 lucc
1892 2130 2218 2194 referantur;

689 2243 750 2280 ac
775 2226 989 2294 quidam
1011 2240 1284 2280 sermones
1310 2225 1417 2279 sint
1444 2223 1496 2276 in
1520 2221 1722 2293 Spiritu
1748 2230 1935 2276 sancto
1965 2237 1992 2272 a
2026 2217 2222 2273 Davide

689 2316 1004 2384 conscripti,
1036 2315 1155 2369 ideo
1183 2329 1211 2367 a
1243 2315 1462 2383 reliquis
1491 2313 1873 2382 interpretibus
1896 2311 2108 2364 Davidis
2140 2311 2223 2364 in-

688 2406 962 2462 scribitur.
984 2404 1113 2458 Jnre
1141 2405 1384 2457 dicamus
1414 2405 1587 2472 ipsum
1612 2403 1908 2455 doctrinam
1943 2400 2221 2469 complecti

688 2495 1044 2550 confessionis
1076 2493 1183 2546 Deo
1216 2493 1458 2557 emissae;
1491 2506 1595 2560 qua
1633 2491 1778 2560 prior
1808 2491 2020 2559 quidem
2059 2489 2222 2542 David

692 2601 823 2640 usus
857 2586 947 2648 sit,
979 2581 1171 2636 deinde
1200 2582 1355 2635 nobis
1380 2582 1618 2634 eamdem
1645 2580 1814 2648 ipsam
1837 2579 2138 2643 tradiderit,
2167 2587 2226 2632 ut

689 2659 905 2728 doceret
935 2687 1042 2742 quo
1070 2681 1225 2739 pacto
1267 2671 1535 2722 inﬁrmum
1566 2685 1832 2737 quemque
1864 2670 2095 2722 animam
2131 2685 2225 2722 cu-

688 2780 807 2818 rare
841 2779 991 2818 suam
1023 2777 1117 2831 per
1145 2760 1540 2816 confessionem
1567 2767 1830 2828 oporteat.

764 2936 922 2992 Vens.
951 2927 1005 3000 2,
1035 2937 1087 2990 3.
1126 2935 1204 2987 Ad
1226 2945 1292 2998 te,
1325 2935 1557 2998 Domine,
1589 2935 1748 2988 levavi
1787 2935 2014 2988 animam
2040 2950 2225 2998 meam;

2317 591 2410 642 σὺν
2439 587 2512 657 τῷ
2535 586 2646 656 Υίῷ
2675 589 2767 640 τοῦ
2798 589 2920 641 Θεοῦ.
2943 586 3086 647 Πολλὰς
3104 585 3177 654 γὰρ
3191 584 3323 652 ἀνέῳξε
3340 587 3477 639 καὶδιαι

2318 697 2442 752 ρους
2475 679 2644 741 πύλας
2663 680 2757 748 τῆς
2793 681 2861 741 εἰς
2887 679 2972 740 τοὺς
2987 678 3168 745 οὐρανοὺς
3185 675 3340 728 εὶσὸδου·
3375 679 3456 730 ἔπει

2316 769 2500 822 πολλαὶ
2536 767 2692 839 μοναὶ
2725 769 2862 840 παρὰ
2881 767 3090 837 τῷΠατρί.
3109 767 3207 834 Ὅρα
3223 765 3262 816 δὲ
3283 766 3316 816 εἰ
3343 765 3392 835 μὴ
3411 769 3480 819 ivi

2313 877 2424 922 τοις
2449 859 2628 928 λυθείη
2658 857 2722 910 ἂν
2748 857 2806 910 τὸ
2837 855 3077 926 ζητούμενον
3100 856 3142 906 ὲν
3156 852 3212 923 τῷ
3227 852 3482 924 etiamalch

2327 951 2518 1016 Ἀνέϐη
2550 953 2582 1002 ό
2609 948 2748 1012 Θεὸς
2810 948 2870 1000 ἐν
2907 943 3156 1013 ἀλαλαγμῷ,
3193 945 3346 1010 Κύριος
3385 944 3431 996 ἐν
3460 965 3483 1014 ρ

2314 1038 2659 1106 σάλπιγγος.
2712 1035 2942 1089 Ἐνταῦθα
2963 1034 3041 1104 γὰρ
3076 1033 3122 1085 τὸ
3150 1033 3316 1103 Πνεῦμα
3334 1034 3379 1085 τι)
3392 1033 3484 1102 ivno

2314 1129 2401 1180 τὸν
2424 1127 2730 1198 ἀλαλαγμὸν
2755 1126 2844 1180 καὶ
2871 1124 2946 1194 τὴν
2968 1123 3104 1193 φωνὴν
3143 1123 3217 1190 τῆς
3238 1123 3488 1190 σάλπιγγοςά

2314 1219 2489 1270 δωσιν.
2538 1219 2624 1270 Ἐν
2643 1217 2748 1286 γὰρ
2772 1219 2835 1286 τῇ
2873 1215 2934 1276 εἰς
2949 1213 3148 1282 οὐρανοὺς
3180 1211 3373 1264 ἀναϐάσει
3406 1212 3472 1263 τοῦ

2312 1304 2403 1357 τοῦ
2433 1303 2586 1366 Θεοῦ,
2616 1305 2738 1366 τοὺς
2766 1299 3166 1370 διακονησαμένους
3200 1298 3311 1367 αὐτῷ
3333 1299 3490 1365 ἀγγέλοι

2314 1395 2390 1454 είς
2420 1392 2731 1462 ἀνθρώπους
2786 1388 3044 1458 οἰκονομίαν
3083 1386 3329 1456 προτρέχειν
3367 1386 3472 1454 αὐτῷ

2315 1479 2406 1532 καὶ
2433 1479 2528 1537 τὰς
2557 1479 2834 1549 οὐρανίους
2867 1475 3004 1538 πύλας
3033 1473 3151 1542 αὐτῷ
3188 1468 3490 1542 παρασκευάζει

2315 1569 2409 1631 νὰς
2436 1585 2494 1620 τε
2520 1568 2732 1636 ἀφιέναι
2758 1569 2848 1619 καὶ
2875 1565 2976 1634 βοὰς
2998 1563 3247 1632 ὰγγελικὰς,
3264 1562 3341 1624 τὰς
3356 1565 3400 1614 ὲν
3420 1563 3477 1631 τῷ

2316 1659 2630 1727 φερομέναςο
2659 1657 2723 1718 ἃς
2741 1656 2804 1726 δὴ
2834 1654 3091 1724 ἀλαλαγμὸν
3137 1653 3212 1705 καὶ
3256 1653 3400 1722 φωνὴν
3441 1653 3488 1704 σὰ

2315 1748 2558 1817 ὠνόμασε
2581 1747 2774 1816 φήσας-ο
2816 1745 2982 1812 Ἀνέϐη
3007 1749 3032 1798 ὀ
3060 1742 3178 1808 Θεὸς
3206 1743 3261 1794 ἐν
3283 1743 3482 1812 Malam

2251 1877 2293 1931 Β
2311 1857 2439 1906 ριος
2469 1837 2536 1890 ἐν
2563 1835 2729 1905 φωνῇ
2755 1835 3060 1904 σάλπιγγος,

2847 1949 2923 2000 ΤΩ
2953 1948 3120 1999 ΔΑΥΙΔ
3151 1948 3234 1998 KA'
3253 1984 3265 1999 .

2398 2037 2548 2090 Ἐπεὶ
2578 2037 2714 2107 μήτε
2737 2034 2930 2105 ψαλμδς
2951 2033 3312 2104 ἐπιγέγραπται,
3336 2036 3448 2106 μήτε
3471 2033 3487 2085 ί

2317 2143 2369 2178 τι
2400 2125 2506 2178 τῶν
2550 2124 2945 2194 παραπλησίων,
2993 2122 3093 2174 ἀλλ’
3141 2123 3234 2175 οὐδ’
3277 2124 3344 2185 είς
3393 2123 3443 2175 τὸ
3470 2140 3482 2154 ν

2320 2217 2588 2286 πέμπεται
2617 2215 2684 2266 τὰ
2703 2213 3027 2284 προκείμενα·
3053 2212 3185 2280 λόγοι
3201 2212 3250 2264 δέ
3265 2214 3382 2265 εἰσιν
3402 2214 3486 2266 ἒνὲ

2323 2325 2448 2378 ματι
2471 2305 2548 2376 τῷ
2571 2303 2728 2357 Δαυῒδ
2751 2303 3205 2374 συγγεγραμμένοι·
3223 2305 3292 2355 διὸ
3318 2303 3447 2373 παρὰ
3466 2321 3482 2350 π

2321 2398 2668 2468 ὲρμηνευταῖς
2702 2395 2804 2447 τοῦ
2829 2394 2993 2446 Aac-2’6
3039 2395 3434 2466 προγέγραπται*
3467 2412 3487 2445 ε

2323 2503 2482 2556 σομεν
2505 2479 2840 2538 διδασκαλίαν
2871 2485 3127 2555 περιέχειν
3150 2485 3242 2554 τῆς
3286 2486 3407 2555 πρὸς
3436 2485 3481 2536 τὲ

2325 2577 2681 2647 μολογὴσεως,
2778 2573 2982 2643 πρῶτος
3019 2575 3110 2644 μὲν
3135 2575 3285 2638 αὐτὸς
3313 2577 3338 2627 ὺ
3365 2575 3482 2627 Δαεσῖ

2323 2663 2507 2715 ἔπειτα
2562 2662 2617 2713 δὲ
2668 2663 2759 2714 καὶ
2818 2663 2945 2730 ἡμῖν
3005 2663 3358 2733 παραδέδωκε,
3413 2682 3480 2714 πα

2322 2753 2424 2823 χρὴ
2458 2753 2750 2821 νοσήσαντα
2778 2751 2871 2822 τὴν
2897 2753 3104 2805 ἑαυτῶν
3127 2753 3487 2823 θεραπευεινὲ,

2328 2843 2681 2913 μολογήσεως.

2393 2931 2545 2999 Πρὸς
2573 2931 2664 2994 σὲ’
2695 2931 2884 2998 Κύρων
2922 2927 3045 3003 ’ἦρα
3087 2933 3198 3002 τὴν·
3240 2935 3446 3003 ’Ψυχὴν-

691 3025 831 3079 Deus
861 3043 1022 3088 meus,
1051 3026 1102 3078 in
1131 3035 1176 3078 te
1199 3024 1423 3092 conﬁdo,
1450 3041 1548 3076 non
1573 3024 1864 3076 erubescam
1889 3040 1906 3076 :
1929 3039 2083 3092 neque
2106 3024 2181 3074 irr

1992 3024 2228 3092 queirri-
2321 3039 2457 3089 μου,
2497 3020 2591 3072 ἐπὶ
2621 3020 2717 3072 σοὶ
2762 3021 3044 3086 πέποιθα,
3065 3024 3150 3093 μὴ
3201 3041 3485 3095 κατασχυν

689 3115 840 3166 deant
869 3131 945 3167 me
971 3115 1166 3167 inimici
1191 3114 1310 3176 mei,
1334 3114 1518 3164 etenim
1546 3114 1770 3166 universi
1797 3114 1886 3182 qui
1905 3113 2156 3165 sustinent

1989 3113 2156 3165 :tinent
2182 3121 2230 3165 te
2266 3185 2284 3187 ᾖ
2327 3102 2897 3177 καὲαγενιασάτωσὰν
2926 3132 3008 3182 με
3037 3118 3091 3168 oi.
3126 3116 3329 3185 ἐχθροί
3354 3134 3482 3187 μου·

691 3222 789 3258 non
827 3203 1223 3272 confundantur.
1257 3202 1378 3257 Haec
1408 3204 1501 3267 ait,
1535 3205 1689 3271 quasi
1731 3203 1784 3256 in
1810 3205 1976 3256 altum
2006 3212 2184 3257 evectu

2006 3212 2222 3258 evectus
2251 3185 2291 3241 Ο
2325 3217 2420 3265 τες
2447 3203 2500 3253 οἱ
2546 3200 2957 3268 ὐπομένοντές
3005 3222 3083 3258 σε
3127 3209 3202 3259 οὺ
3249 3185 3366 3275 μὴή
3411 3225 3483 3260 κα

689 3311 740 3350 ct
771 3297 1098 3359 translatus;
1143 3303 1200 3348 ιιι
1234 3296 1322 3364 qui
1361 3297 1592 3349 animam
1626 3310 1776 3350 suam
1817 3295 1882 3348 ab
1911 3294 2109 3349 inﬁmis
2136 3310 2222 3348 re-

692 3388 792 3442 bus
820 3387 1141 3441 abstractam
1172 3385 1451 3440 sublimem
1482 3385 1670 3455 egerit,
1701 3394 1858 3452 atque
1885 3383 2077 3438 aﬁ‘ectu
2104 3399 2221 3439 eam

689 3492 904 3534 sursum
943 3492 1005 3530 ac
1046 3475 1154 3530 Deo
1185 3476 1416 3529 vicinam
1467 3475 1827 3540 constituerit,
1878 3481 1932 3528 et
1977 3474 2221 3527 mortalia

691 3569 1031 3635 humanaque
1061 3573 1362 3628 aversatus,
1411 3564 1479 3616 ad
1520 3563 1683 3618 Deum
1725 3579 1783 3618 se
1813 3564 2025 3618 sincero
2063 3564 2224 3618 corde

691 3657 1033 3710 converterit.
1065 3654 1369 3722 Deindeque
1403 3655 1511 3706 ait:
1537 3651 1652 3706 Non
1684 3655 1835 3715 mihi,
1871 3653 1964 3709 sed
1995 3654 2092 3708 tibi
2117 3653 2224 3708 Deo

692 3761 810 3799 meo
829 3745 1084 3807 conlisus,
1113 3744 1384 3810 multaque
1403 3757 1532 3796 usus
1562 3742 1775 3803 ﬁducia,
1804 3743 1962 3795 talem
1997 3758 2106 3796 rem
2140 3757 2226 3811 ag-

693 3849 910 3903 gressus
947 3848 1084 3887 sum.
1119 3831 1216 3897 Qui
1247 3832 1424 3886 omnia
1459 3846 1576 3900 qua:
1604 3831 1702 3885 sub
1723 3840 1992 3899 aspectum
2022 3839 2074 3884 ct
2103 3847 2225 3885 scn-

697 3939 816 3978 sum
844 3923 1043 3976 cadunt
1074 3923 1414 3990 contempsit,
1444 3929 1495 3976 et
1521 3923 1583 3975 ad
1616 3922 1987 3988 incorporeum
2025 3921 2226 3974 invisi—

695 4015 958 4084 bilcmque
991 4014 1156 4068 Deum
1191 4013 1421 4066 animam
1452 4012 1642 4074 erexit,
1687 4012 1871 4077 Deum,
1917 4021 1973 4065 ut
2011 4028 2224 4081 posses-

695 4122 816 4161 sum
847 4106 944 4160 abs
981 4120 1038 4159 se
1080 4105 1299 4166 bonum,
1343 4102 1564 4157 ﬁdenter
1604 4103 1854 4169 invocat;
1902 4112 2224 4174 quapropter

693 4196 824 4249 dicit
865 4218 877 4249 :
910 4196 1046 4248 Deus
1079 4211 1240 4257 meus,
1291 4196 1344 4247 in
1379 4204 1423 4246 te
1453 4194 1673 4262 conﬁdo.
1723 4194 1850 4259 Qua:
1886 4195 1951 4247 ad
1986 4211 2068 4249 me
2095 4197 2222 4248 atti-

695 4291 842 4346 nent,
874 4284 1066 4351 inquit,
1102 4284 1174 4337 ita
1203 4298 1261 4337 se
1293 4284 1509 4336 habent.
1536 4284 1794 4337 Caeterum
1820 4285 2068 4352 precibus
2094 4286 2223 4338 mihi

695 4362 979 4442 divinaque
1012 4382 1104 4427 tuo
1134 4373 1333 4426 auxilio
1363 4388 1498 4442 opus
1519 4380 1622 4436 est,
1649 4381 1792 4427 utne
1815 4388 1844 4425 a
1878 4389 2040 4442 scopo
2071 4375 2222 4428 aber-

696 4478 828 4526 rem,
871 4478 1003 4517 neve
1043 4478 1141 4517 ccu
1173 4478 1202 4515 a
1230 4463 1448 4532 prmalto
1483 4464 1758 4517 cacumine
1789 4464 1969 4534 lapsus
2002 4472 2215 4519 atterar.

695 4553 871 4617 Quare
901 4551 1125 4605 obsecro
1152 4568 1406 4620 rogoque,
1435 4568 1501 4607 ne
1523 4553 1590 4607 ab
1611 4553 1843 4607 inimicis
1869 4555 2000 4609 meis
2024 4555 2223 4624 pudore

612 4632 617 4637 ’
696 4642 974 4698 sull'undar
1001 4649 1054 4695 et
1085 4641 1310 4696 irridear
1342 4662 1354 4696 :
1384 4643 1525 4711 quod
1555 4659 1682 4698 sane
1706 4652 1798 4697 tuo
1828 4645 1916 4698 Dei
1948 4647 2047 4699 mei
2073 4648 2224 4700 anxi-

696 4734 766 4786 lio
793 4731 1066 4786 obtinebo.
1103 4729 1234 4783 Nam
1258 4733 1483 4800 pristina
1513 4733 1725 4801 quidem
1766 4751 1830 4788 ex
1874 4736 2087 4804 proprio
2131 4753 2226 4788 vo-

697 4823 915 4876 luntatis
941 4821 1147 4875 delectu
1170 4821 1664 4890 proﬁciscebantur,
1689 4832 1746 4876 ut
1767 4825 1970 4878 scilicet
1992 4825 2222 4878 animum

695 4925 863 4964 meam
906 4910 1168 4963 arbitratu
1217 4925 1334 4965 meo
1379 4927 1471 4966 sus
1515 4911 1685 4980 deque
1714 4927 1962 4984 agerem:
1995 4913 2229 4968 secunda

698 4997 995 5063 patrocinio
1024 5005 1078 5052 et
1109 4998 1350 5054 subsidio
1383 5007 1541 5070 egent
1581 5008 1695 5055 tuo.

775 5250 931 5306 Vsus.
964 5252 1014 5306 4.
1051 5253 1448 5323 Confundantur
1468 5263 1644 5332 iniqua
1669 5270 1869 5332 agentes
1897 5275 2221 5328 supervacue.

705 5339 982 5412 Proposito
1011 5344 1258 5402 insistere
1287 5353 1457 5405 solum
1499 5356 1769 5418 convenit,
1816 5369 1988 5422 neque
2019 5362 2226 5407 mutare

705 5433 1042 5500 sententiam,
1072 5435 1154 5486 vel
1183 5451 1213 5489 a
1252 5437 1352 5494 ﬁde
1378 5443 1624 5501 deﬁcere.
1656 5445 1788 5500 Nam
1817 5447 1910 5515 qui
1947 5446 2228 5500 instabiles

706 5521 1029 5590 mobilesque
1060 5532 1204 5590 sunt,
1253 5542 1312 5581 ac
1339 5535 1481 5585 omni
1513 5545 1666 5590 vento
1693 5536 2160 5600 circumferuntur,
2193 5537 2224 5589 ii

775 5675 815 5706 ⁸⁷
855 5673 1004 5730 loan.
1042 5681 1238 5750 x1v,_2.
1314 5684 1355 5715 ³⁵
1393 5682 1532 5739 Psal.
1573 5704 1726 5755 ιιινί,
1763 5691 1814 5742 ﬁ.

2327 3287 2507 3340 Ταῦτά
2532 3305 2712 3359 φησιν,
2768 3289 2978 3344 ὡσανεὶ
3030 3295 3258 3366 ἐπάρας
3293 3299 3382 3361 εὶς,
3420 3297 3482 3349 ἲ)νὶ

2326 3379 2416 3430 καὶ
2449 3377 2774 3450 μετεωρίσας
2799 3379 2916 3434 τῶν
2953 3384 3092 3454 τῇδε
3119 3389 3484 3458 πραγμάτων

2327 3469 2443 3539 χήψ
2479 3467 2591 3522 ἄνω
2607 3486 2666 3520 τε
2697 3470 2930 3540 πλησίον
2957 3474 3144 3545 αὐτὴν
3175 3477 3281 3529 ποῦ
3309 3479 3462 3532 θεοῦ

2326 3563 2593 3632 ταστήσας
2618 3562 2685 3613 δι’
2725 3563 3105 3636 ἀποστροφῆς
3152 3570 3261 3638 μὲν
3298 3570 3418 3623 τῶν
3476 3574 3486 3616 ι

2329 3651 2626 3722 θρωπίνων,
2655 3654 3008 3726 ἐπιστροφῆς
3061 3659 3130 3712 δὲ.
3159 3662 3426 3733 γνησίας
3455 3682 3482 3714 ’τ

2331 3743 2561 3796 Ἔπειτά
2584 3761 2733 3813 φησι·
2753 3744 2938 3798 Τοῦτο
2972 3750 3322 3821 πεποίηκα,
3355 3753 3471 3806 οὐκ

2327 3833 2438 3886 ἀλλ’
2464 3833 2553 3884 ἐπὶ
2587 3834 2668 3884 σοὶ
2696 3832 2770 3903 τῷ
2792 3833 2926 3905 Θεῷ
2957 3853 3076 3906 μου
3107 3842 3468 3906 πεπδκῦὼςὶ

2327 3923 2616 3994 χρώμενος.
2665 3922 2722 3974 Ὀ
2746 3924 2989 3978 πάντων
3028 3929 3149 3998 μὲν
3212 3932 3346 3985 τῶν
3409 3937 3473 3988 αἱ

2331 4011 2500 4080 μένων
2530 4012 2993 4082 καταφρονήσας,
3031 4017 3149 4071 ἐπὶ
3168 4019 3242 4071 δὲ.
3268 4022 3382 4074 ἐδει
3413 4025 3480 4076 ἐκ

2325 4116 2414 4151 τον
2441 4098 2568 4151 Θεὸν
2604 4098 2697 4169 τὴν
2721 4101 2937 4156 ἑαυτοῦ
2963 4105 3191 4179 ψυχὴν
3225 4112 3490 4183 ἐπάρας

2326 4190 2416 4242 τοῦ
2453 4191 2634 4260 κτῆμα
2677 4193 3004 4262 γενόμενον
3055 4199 3172 4252 τὸν
3214 4203 3383 4258 Θεὸν
3420 4207 3482 4257 ἐκ.

2327 4280 2404 4332 διὸ
2428 4280 2589 4348 λέγει·
2650 4281 2710 4334 '0
2762 4283 2936 4350 Θεός
2967 4305 3159 4355 μου,
3193 4292 3322 4347 ἐπὶ
3365 4298 3490 4349 σοὶ

2329 4372 2452 4441 παρ’
2476 4370 2605 4440 ἐμοῦ
2640 4372 2755 4440 μὲν,
2779 4376 2977 4443 φησὶ,
3017 4381 3279 4436 ταῦτα..
3330 4387 3483 4441 Aona

2329 4461 2420 4512 καὶ
2450 4461 2545 4528 τῆς
2578 4463 2726 4530 παρὰ
2748 4461 2858 4513 σοὖ
2915 4467 3046 4520 τοῦ
3123 4471 3312 4526 Θεοῦ
3354 4494 3485 4529 συν

2327 4550 2578 4602 ἐκπεσεῖν
2629 4548 2720 4600 τοῦ
2746 4555 3046 4620 σκοποῦ,
3095 4561 3262 4631 μηδ’
3303 4564 3490 4619 dicm

2331 4639 2478 4709 ρείας
2511 4637 2739 4690 πεσόντα
2768 4639 3350 4719 ἀπορραγῆναι..
3398 4659 3494 4709 At:

2333 4731 2404 4800 μὴ
2436 4729 2966 4801 καταισχυνθῆναι,
3035 4741 3227 4810 μηδὲ
3287 4763 3494 4801 κατα

2329 4821 2531 4892 ἐχθρῶν
2555 4837 2674 4891 μου·
2711 4821 2936 4876 ταῦτα.
2968 4827 3054 4880 δέ
3105 4848 3241 4900 μοι
3291 4836 3488 4891 ἔσται

2333 4929 2429 4982 μου
2463 4909 2725 4980 βοηθείας.
2757 4911 2876 4965 Τὰ
2919 4917 3065 4984 μὲν
3111 4922 3278 4994 γὰρ
3320 4930 3494 5000 πρᾶ

2331 5002 2547 5071 ρέσεως,
2573 5002 2632 5054 τὸ
2669 5001 2856 5068 ἄγειν
2894 5009 3042 5061 xa‘t
3106 5015 3393 5086 φέρειν
3434 5023 3494 5073 τι

2327 5093 2418 5144 καὶ
2445 5091 2718 5163 βούλομαι’
2744 5093 2852 5147 τὰ.
2890 5096 2980 5150 δὲ
3018 5101 3370 5178 δεύτερα
3424 5117 3494 5165 τέ

2327 5182 2634 5255 συνεργείας
2655 5181 2868 5237 δεῖται
2882 5227 2902 5239 .

2394 5268 3000 5337 Αἰσχυνθήτωσαν
3039 5285 3121 5335 οἱ
3165 5285 3476 5358 ἀνομοτ

2330 5358 2608 5449 ὑπομένειν
2633 5363 2696 5430 τῇ
2738 5367 3098 5433 προῦἐσε
3113 5391 3135 5424 ι.
3150 5414 3168 5438 ,
3223 5381 3428 5449 μηδὲ

2333 5448 2553 5502 στασθαι
2598 5452 2690 5520 τῆς
2723 5454 3118 5525 πίστεως.
3160 5467 3258 5518 Οἱ
3324 5448 3443 5538 Ῠγὰ

2332 5538 2512 5609 ἀνέμῳ
2540 5558 2740 5610 περιερε
2757 5545 2846 5612 ρῶ
2862 5564 3092 5616 μενοι
3140 5557 3440 5616 πάθοιε.
