  <div class='ocr_page' id='page_1' title='image "/cluster/home/n/w/nwhite01/storage/ocr_20150623/23 (Eusebius, pt. 5)/nyp.33433081862363/123.png"; bbox 0 0 3782 6342; ppageno 0'>
   <div class='ocr_carea' id='block_1_1' title="bbox 648 403 745 457">
    <p class='ocr_par' dir='ltr' id='par_1_1' title="bbox 648 403 745 457">
     <span class='ocr_line' id='line_1_1' title="bbox 648 403 745 457; baseline -0.021 0"><span class='ocrx_word' id='word_1_1' title='bbox 648 403 745 457; x_wconf 72' lang='grc'><strong>227</strong></span> 
     </span>
    </p>
   </div>
   <div class='ocr_carea' id='block_1_2' title="bbox 1361 379 3517 454">
    <p class='ocr_par' dir='ltr' id='par_1_2' title="bbox 1361 379 3517 454">
     <span class='ocr_line' id='line_1_2' title="bbox 1361 379 3517 454; baseline -0.005 1"><span class='ocrx_word' id='word_1_2' title='bbox 1361 398 1615 454; x_wconf 84' lang='lat' dir='ltr'><strong>EUSEBII</strong></span> <span class='ocrx_word' id='word_1_3' title='bbox 1653 394 2112 450; x_wconf 59' lang='lat' dir='ltr'><strong>CESARIENSIS</strong></span> <span class='ocrx_word' id='word_1_4' title='bbox 2147 395 2290 452; x_wconf 75' lang='lat' dir='ltr'><strong>opp.</strong></span> <span class='ocrx_word' id='word_1_5' title='bbox 2317 395 2490 449; x_wconf 79' lang='lat' dir='ltr'><strong>PARS</strong></span> <span class='ocrx_word' id='word_1_6' title='bbox 2527 395 2614 451; x_wconf 86' lang='grc' dir='ltr'>ιιι.</span> <span class='ocrx_word' id='word_1_7' title='bbox 2655 427 2722 436; x_wconf 89' lang='grc'><strong>-</strong></span> <span class='ocrx_word' id='word_1_8' title='bbox 2757 399 3014 454; x_wconf 78' lang='lat' dir='ltr'><strong>EXECETICA.</strong></span> <span class='ocrx_word' id='word_1_9' title='bbox 3434 379 3517 431; x_wconf 58' lang='lat'><strong>228</strong></span> 
     </span>
    </p>
   </div>
   <div class='ocr_carea' id='block_1_3' title="bbox 648 493 2141 582">
    <p class='ocr_par' dir='ltr' id='par_1_3' title="bbox 648 512 2141 582">
     <span class='ocr_line' id='line_1_3' title="bbox 648 512 2141 582; baseline -0.008 -6"><span class='ocrx_word' id='word_1_10' title='bbox 648 529 698 576; x_wconf 86' lang='lat' dir='ltr'><strong>ct</strong></span> <span class='ocrx_word' id='word_1_11' title='bbox 729 529 904 574; x_wconf 90' lang='lat' dir='ltr'><strong>rectus</strong></span> <span class='ocrx_word' id='word_1_12' title='bbox 937 519 1188 573; x_wconf 88' lang='lat' dir='ltr'><strong>Dominus</strong></span> <span class='ocrx_word' id='word_1_13' title='bbox 1221 523 1322 578; x_wconf 85' lang='lat' dir='ltr'><strong>est,</strong></span> <span class='ocrx_word' id='word_1_14' title='bbox 1353 515 1442 582; x_wconf 88' lang='lat' dir='ltr'><strong>qui</strong></span> <span class='ocrx_word' id='word_1_15' title='bbox 1469 513 1632 580; x_wconf 89' lang='lat' dir='ltr'><strong>probo</strong></span> <span class='ocrx_word' id='word_1_16' title='bbox 1670 512 1849 566; x_wconf 85' lang='lat' dir='ltr'><strong>omnia</strong></span> <span class='ocrx_word' id='word_1_17' title='bbox 1873 512 2141 580; x_wconf 76' lang='lat' dir='ltr'><strong>dispensat</strong></span> 
     </span>
    </p>
   </div>
   <div class='ocr_carea' id='block_1_4' title="bbox 2044 493 3537 582">
    <p class='ocr_par' dir='ltr' id='par_1_4' title="bbox 2044 493 3537 581">
     <span class='ocr_line' id='line_1_4' title="bbox 2044 493 3537 581; baseline -0.015 -17"><span class='ocrx_word' id='word_1_18' title='bbox 2044 518 2162 573; x_wconf 88' lang='lat' dir='ltr'><strong>tsat,</strong></span> <span class='ocrx_word' id='word_1_19' title='bbox 2192 519 2235 569; x_wconf 78' lang='grc' dir='ltr'><strong>Α</strong></span> <span class='ocrx_word' id='word_1_20' title='bbox 2263 511 2383 572; x_wconf 86' lang='grc' dir='ltr'>στός</span> <span class='ocrx_word' id='word_1_21' title='bbox 2412 510 2554 561; x_wconf 81' lang='grc' dir='ltr'>ἐστιν</span> <span class='ocrx_word' id='word_1_22' title='bbox 2595 512 2684 563; x_wconf 76' lang='grc' dir='ltr'><strong>καὶ</strong></span> <span class='ocrx_word' id='word_1_23' title='bbox 2747 513 2872 577; x_wconf 70' lang='grc' dir='ltr'>εὐθὶς,</span> <span class='ocrx_word' id='word_1_24' title='bbox 2894 513 3045 581; x_wconf 65' lang='grc' dir='ltr'>φησὶν,ὀ</span> <span class='ocrx_word' id='word_1_25' title='bbox 3074 507 3237 574; x_wconf 76' lang='grc' dir='ltr'>Κύριος,</span> <span class='ocrx_word' id='word_1_26' title='bbox 3262 493 3315 552; x_wconf 71' lang='grc' dir='ltr'><strong>εὖ</strong></span> <span class='ocrx_word' id='word_1_27' title='bbox 3344 493 3537 549; x_wconf 81' lang='grc' dir='ltr'>διατιθέ-</span> 
     </span>
    </p>
   </div>
   <div class='ocr_carea' id='block_1_5' title="bbox 648 599 2162 676">
    <p class='ocr_par' dir='ltr' id='par_1_5' title="bbox 648 599 2162 676">
     <span class='ocr_line' id='line_1_5' title="bbox 648 599 2162 676; baseline -0.006 -16"><span class='ocrx_word' id='word_1_28' title='bbox 648 616 953 676; x_wconf 89' lang='lat' dir='ltr'><strong>rectamque</strong></span> <span class='ocrx_word' id='word_1_29' title='bbox 983 606 1153 674; x_wconf 77' lang='lat' dir='ltr'><strong>diligit</strong></span> <span class='ocrx_word' id='word_1_30' title='bbox 1180 604 1338 664; x_wconf 90' lang='lat' dir='ltr'><strong>viam,</strong></span> <span class='ocrx_word' id='word_1_31' title='bbox 1368 614 1430 653; x_wconf 91' lang='lat' dir='ltr'><strong>ac</strong></span> <span class='ocrx_word' id='word_1_32' title='bbox 1459 608 1701 652; x_wconf 76' lang='lat' dir='ltr'><strong>tortuosa</strong></span> <span class='ocrx_word' id='word_1_33' title='bbox 1733 600 1787 651; x_wconf 91' lang='lat' dir='ltr'><strong>in</strong></span> <span class='ocrx_word' id='word_1_34' title='bbox 1828 605 2028 652; x_wconf 90' lang='lat' dir='ltr'><strong>rectum</strong></span> <span class='ocrx_word' id='word_1_35' title='bbox 2053 599 2162 652; x_wconf 85' lang='lat' dir='ltr'><strong>cal-</strong></span> 
     </span>
    </p>
   </div>
   <div class='ocr_carea' id='block_1_6' title="bbox 649 693 2157 758">
    <p class='ocr_par' dir='ltr' id='par_1_6' title="bbox 649 693 2157 758">
     <span class='ocr_line' id='line_1_6' title="bbox 649 693 2157 758; baseline -0.008 -10"><span class='ocrx_word' id='word_1_36' title='bbox 649 697 748 750; x_wconf 87' lang='lat' dir='ltr'><strong>lem</strong></span> <span class='ocrx_word' id='word_1_37' title='bbox 775 695 1008 749; x_wconf 87' lang='lat' dir='ltr'><strong>deducit.</strong></span> <span class='ocrx_word' id='word_1_38' title='bbox 1037 693 1367 758; x_wconf 80' lang='lat' dir='ltr'><strong>Quapropter</strong></span> <span class='ocrx_word' id='word_1_39' title='bbox 1392 694 1700 753; x_wconf 89' lang='lat' dir='ltr'><strong>peccatores</strong></span> <span class='ocrx_word' id='word_1_40' title='bbox 1731 699 1838 738; x_wconf 84' lang='lat' dir='ltr'><strong>non</strong></span> <span class='ocrx_word' id='word_1_41' title='bbox 1864 693 2157 748; x_wconf 79' lang='lat' dir='ltr'><strong>aversatur,</strong></span> 
     </span>
    </p>
   </div>
   <div class='ocr_carea' id='block_1_7' title="bbox 648 775 2156 854">
    <p class='ocr_par' dir='ltr' id='par_1_7' title="bbox 648 775 2156 854">
     <span class='ocr_line' id='line_1_7' title="bbox 648 775 2156 854; baseline -0.009 -14"><span class='ocrx_word' id='word_1_42' title='bbox 648 802 819 854; x_wconf 89' lang='lat' dir='ltr'><strong>neque</strong></span> <span class='ocrx_word' id='word_1_43' title='bbox 843 782 1058 850; x_wconf 87' lang='lat' dir='ltr'><strong>negligit</strong></span> <span class='ocrx_word' id='word_1_44' title='bbox 1088 779 1279 833; x_wconf 88' lang='lat' dir='ltr'><strong>sinitve</strong></span> <span class='ocrx_word' id='word_1_45' title='bbox 1317 791 1409 828; x_wconf 91' lang='lat' dir='ltr'><strong>eos</strong></span> <span class='ocrx_word' id='word_1_46' title='bbox 1446 775 1679 840; x_wconf 76' lang='lat' dir='ltr'><strong>peccatis</strong></span> <span class='ocrx_word' id='word_1_47' title='bbox 1707 775 1974 842; x_wconf 85' lang='lat' dir='ltr'><strong>corrumpi</strong></span> <span class='ocrx_word' id='word_1_48' title='bbox 2009 776 2119 829; x_wconf 92' lang='lat' dir='ltr'><strong>suis</strong></span> <span class='ocrx_word' id='word_1_49' title='bbox 2145 794 2156 826; x_wconf 91' lang='lat'><strong>:</strong></span> 
     </span>
    </p>
   </div>
   <div class='ocr_carea' id='block_1_8' title="bbox 649 863 2160 940">
    <p class='ocr_par' dir='ltr' id='par_1_8' title="bbox 649 863 2160 940">
     <span class='ocr_line' id='line_1_8' title="bbox 649 863 2160 940; baseline -0.007 -12"><span class='ocrx_word' id='word_1_50' title='bbox 649 875 738 928; x_wconf 87' lang='lat' dir='ltr'><strong>sed</strong></span> <span class='ocrx_word' id='word_1_51' title='bbox 768 873 918 940; x_wconf 75' lang='lat' dir='ltr'><strong>quasi</strong></span> <span class='ocrx_word' id='word_1_52' title='bbox 944 869 1303 938; x_wconf 84' lang='lat' dir='ltr'><strong>perhumanus</strong></span> <span class='ocrx_word' id='word_1_53' title='bbox 1333 866 1608 930; x_wconf 85' lang='lat' dir='ltr'><strong>bonusque</strong></span> <span class='ocrx_word' id='word_1_54' title='bbox 1649 863 1898 918; x_wconf 88' lang='lat' dir='ltr'><strong>Servator</strong></span> <span class='ocrx_word' id='word_1_55' title='bbox 1927 865 2160 918; x_wconf 90' lang='lat' dir='ltr'><strong>infirmo-</strong></span> 
     </span>
    </p>
   </div>
   <div class='ocr_carea' id='block_1_9' title="bbox 648 954 2156 1029">
    <p class='ocr_par' dir='ltr' id='par_1_9' title="bbox 648 954 2156 1029">
     <span class='ocr_line' id='line_1_9' title="bbox 648 954 2156 1029; baseline -0.007 -14"><span class='ocrx_word' id='word_1_56' title='bbox 648 977 760 1015; x_wconf 88' lang='lat' dir='ltr'><strong>rum</strong></span> <span class='ocrx_word' id='word_1_57' title='bbox 825 962 943 1029; x_wconf 89' lang='lat' dir='ltr'><strong>plus</strong></span> <span class='ocrx_word' id='word_1_58' title='bbox 1004 971 1162 1026; x_wconf 85' lang='lat' dir='ltr'><strong>quam</strong></span> <span class='ocrx_word' id='word_1_59' title='bbox 1213 957 1347 1009; x_wconf 85' lang='lat' dir='ltr'><strong>bene</strong></span> <span class='ocrx_word' id='word_1_60' title='bbox 1401 954 1708 1007; x_wconf 85' lang='lat' dir='ltr'><strong>habentium</strong></span> <span class='ocrx_word' id='word_1_61' title='bbox 1754 967 1936 1005; x_wconf 86' lang='lat' dir='ltr'><strong>curam</strong></span> <span class='ocrx_word' id='word_1_62' title='bbox 1991 955 2156 1020; x_wconf 87' lang='lat' dir='ltr'><strong>gerit,</strong></span> 
     </span>
    </p>
   </div>
   <div class='ocr_carea' id='block_1_10' title="bbox 646 1042 2155 1119">
    <p class='ocr_par' dir='ltr' id='par_1_10' title="bbox 646 1042 2155 1119">
     <span class='ocr_line' id='line_1_10' title="bbox 646 1042 2155 1119; baseline -0.005 -15"><span class='ocrx_word' id='word_1_63' title='bbox 646 1061 799 1119; x_wconf 89' lang='lat' dir='ltr'><strong>atque</strong></span> <span class='ocrx_word' id='word_1_64' title='bbox 840 1051 969 1117; x_wconf 90' lang='lat' dir='ltr'><strong>ipsis</strong></span> <span class='ocrx_word' id='word_1_65' title='bbox 998 1049 1162 1116; x_wconf 91' lang='lat' dir='ltr'><strong>legem</strong></span> <span class='ocrx_word' id='word_1_66' title='bbox 1217 1047 1339 1107; x_wconf 84' lang='lat' dir='ltr'><strong>dat.</strong></span> <span class='ocrx_word' id='word_1_67' title='bbox 1393 1043 1716 1113; x_wconf 62' lang='lat' dir='ltr'><strong>paenitentia:</strong></span> <span class='ocrx_word' id='word_1_68' title='bbox 1736 1042 1849 1097; x_wconf 83' lang='lat' dir='ltr'><strong>vias</strong></span> <span class='ocrx_word' id='word_1_69' title='bbox 1896 1042 2155 1106; x_wconf 86' lang='lat' dir='ltr'><strong>indicans,</strong></span> 
     </span>
    </p>
   </div>
   <div class='ocr_carea' id='block_1_11' title="bbox 644 1136 2158 1212">
    <p class='ocr_par' dir='ltr' id='par_1_11' title="bbox 644 1136 2158 1212">
     <span class='ocr_line' id='line_1_11' title="bbox 644 1136 2158 1212; baseline -0.005 -18"><span class='ocrx_word' id='word_1_70' title='bbox 644 1148 886 1212; x_wconf 87' lang='lat' dir='ltr'><strong>legesque</strong></span> <span class='ocrx_word' id='word_1_71' title='bbox 907 1155 1107 1202; x_wconf 87' lang='lat' dir='ltr'><strong>ponens</strong></span> <span class='ocrx_word' id='word_1_72' title='bbox 1142 1138 1272 1206; x_wconf 88' lang='lat' dir='ltr'><strong>ipsis</strong></span> <span class='ocrx_word' id='word_1_73' title='bbox 1294 1139 1360 1190; x_wconf 86' lang='lat' dir='ltr'><strong>ad</strong></span> <span class='ocrx_word' id='word_1_74' title='bbox 1390 1138 1612 1190; x_wconf 82' lang='lat' dir='ltr'><strong>salutem</strong></span> <span class='ocrx_word' id='word_1_75' title='bbox 1637 1143 2008 1203; x_wconf 80' lang='lat' dir='ltr'><strong>congruentes.</strong></span> <span class='ocrx_word' id='word_1_76' title='bbox 2027 1136 2158 1188; x_wconf 79' lang='lat' dir='ltr'><strong>Nam</strong></span> 
     </span>
    </p>
   </div>
   <div class='ocr_carea' id='block_1_12' title="bbox 643 1226 2154 1298">
    <p class='ocr_par' dir='ltr' id='par_1_12' title="bbox 643 1226 2154 1298">
     <span class='ocr_line' id='line_1_12' title="bbox 643 1226 2154 1298; baseline -0.002 -18"><span class='ocrx_word' id='word_1_77' title='bbox 643 1232 721 1286; x_wconf 83' lang='lat' dir='ltr'><strong>vel</strong></span> <span class='ocrx_word' id='word_1_78' title='bbox 757 1231 822 1284; x_wconf 92' lang='lat' dir='ltr'><strong>iis</strong></span> <span class='ocrx_word' id='word_1_79' title='bbox 848 1231 936 1298; x_wconf 88' lang='lat' dir='ltr'><strong>qui</strong></span> <span class='ocrx_word' id='word_1_80' title='bbox 980 1237 1202 1298; x_wconf 84' lang='lat' dir='ltr'><strong>peccant</strong></span> <span class='ocrx_word' id='word_1_81' title='bbox 1230 1228 1311 1279; x_wconf 74' lang='lat' dir='ltr'><strong>via</strong></span> <span class='ocrx_word' id='word_1_82' title='bbox 1342 1227 1579 1296; x_wconf 66' lang='lat' dir='ltr'><strong>quazdam</strong></span> <span class='ocrx_word' id='word_1_83' title='bbox 1628 1226 1815 1280; x_wconf 77' lang='lat' dir='ltr'><strong>salutis</strong></span> <span class='ocrx_word' id='word_1_84' title='bbox 1841 1226 2154 1289; x_wconf 85' lang='lat' dir='ltr'><strong>ostenditur,</strong></span> 
     </span>
    </p>
   </div>
   <div class='ocr_carea' id='block_1_13' title="bbox 644 1315 2154 1384">
    <p class='ocr_par' dir='ltr' id='par_1_13' title="bbox 644 1315 2154 1384">
     <span class='ocr_line' id='line_1_13' title="bbox 644 1315 2154 1384; baseline -0.001 -14"><span class='ocrx_word' id='word_1_85' title='bbox 644 1319 883 1373; x_wconf 81' lang='lat' dir='ltr'><strong>videlicet</strong></span> <span class='ocrx_word' id='word_1_86' title='bbox 917 1317 1316 1380; x_wconf 89' lang='lat' dir='ltr'><strong>conversionis,</strong></span> <span class='ocrx_word' id='word_1_87' title='bbox 1366 1317 1687 1384; x_wconf 61' lang='lat' dir='ltr'><strong>paenitentia:</strong></span> <span class='ocrx_word' id='word_1_88' title='bbox 1711 1354 1725 1377; x_wconf 90' lang='lat'><strong>,</strong></span> <span class='ocrx_word' id='word_1_89' title='bbox 1775 1315 2154 1379; x_wconf 89' lang='lat' dir='ltr'><strong>confessionis,</strong></span> 
     </span>
    </p>
   </div>
   <div class='ocr_carea' id='block_1_14' title="bbox 642 1405 2152 1478">
    <p class='ocr_par' dir='ltr' id='par_1_14' title="bbox 642 1405 2152 1478">
     <span class='ocr_line' id='line_1_14' title="bbox 642 1405 2152 1478; baseline -0.003 -18"><span class='ocrx_word' id='word_1_90' title='bbox 642 1425 755 1478; x_wconf 61' lang='lat' dir='ltr'><strong>quae</strong></span> <span class='ocrx_word' id='word_1_91' title='bbox 790 1410 999 1477; x_wconf 78' lang='lat' dir='ltr'><strong>quidem</strong></span> <span class='ocrx_word' id='word_1_92' title='bbox 1045 1408 1144 1459; x_wconf 89' lang='lat' dir='ltr'><strong>alia</strong></span> <span class='ocrx_word' id='word_1_93' title='bbox 1177 1415 1258 1460; x_wconf 90' lang='lat' dir='ltr'><strong>est</strong></span> <span class='ocrx_word' id='word_1_94' title='bbox 1288 1421 1316 1457; x_wconf 89' lang='lat' dir='ltr'><strong>a</strong></span> <span class='ocrx_word' id='word_1_95' title='bbox 1360 1407 1443 1458; x_wconf 85' lang='lat' dir='ltr'><strong>via</strong></span> <span class='ocrx_word' id='word_1_96' title='bbox 1483 1405 1731 1474; x_wconf 79' lang='lat' dir='ltr'><strong>perfectis</strong></span> <span class='ocrx_word' id='word_1_97' title='bbox 1767 1405 1897 1458; x_wconf 87' lang='lat' dir='ltr'><strong>viris</strong></span> <span class='ocrx_word' id='word_1_98' title='bbox 1941 1405 2152 1457; x_wconf 89' lang='lat' dir='ltr'><strong>tradita.</strong></span> 
     </span>
    </p>
   </div>
   <div class='ocr_carea' id='block_1_15' title="bbox 641 1496 2153 1566">
    <p class='ocr_par' dir='ltr' id='par_1_15' title="bbox 641 1496 2153 1566">
     <span class='ocr_line' id='line_1_15' title="bbox 641 1496 2153 1566; baseline -0.005 -13"><span class='ocrx_word' id='word_1_99' title='bbox 641 1501 768 1553; x_wconf 76' lang='lat' dir='ltr'><strong>Nam</strong></span> <span class='ocrx_word' id='word_1_100' title='bbox 791 1515 910 1552; x_wconf 91' lang='lat' dir='ltr'><strong>cum</strong></span> <span class='ocrx_word' id='word_1_101' title='bbox 945 1500 1111 1566; x_wconf 84' lang='lat' dir='ltr'><strong>legem</strong></span> <span class='ocrx_word' id='word_1_102' title='bbox 1135 1498 1225 1550; x_wconf 93' lang='lat' dir='ltr'><strong>dat</strong></span> <span class='ocrx_word' id='word_1_103' title='bbox 1255 1497 1409 1558; x_wconf 90' lang='lat' dir='ltr'><strong>Deus,</strong></span> <span class='ocrx_word' id='word_1_104' title='bbox 1445 1498 1580 1548; x_wconf 87' lang='lat' dir='ltr'><strong>viam</strong></span> <span class='ocrx_word' id='word_1_105' title='bbox 1611 1496 1954 1562; x_wconf 81' lang='lat' dir='ltr'><strong>peccantibus</strong></span> <span class='ocrx_word' id='word_1_106' title='bbox 1977 1496 2153 1555; x_wconf 92' lang='lat' dir='ltr'><strong>aliam,</strong></span> 
     </span>
    </p>
   </div>
   <div class='ocr_carea' id='block_1_16' title="bbox 641 1585 2156 1658">
    <p class='ocr_par' dir='ltr' id='par_1_16' title="bbox 641 1585 2156 1658">
     <span class='ocr_line' id='line_1_16' title="bbox 641 1585 2156 1658; baseline -0.003 -16"><span class='ocrx_word' id='word_1_107' title='bbox 641 1592 793 1644; x_wconf 86' lang='lat' dir='ltr'><strong>aliam</strong></span> <span class='ocrx_word' id='word_1_108' title='bbox 823 1605 852 1642; x_wconf 92' lang='lat' dir='ltr'><strong>a</strong></span> <span class='ocrx_word' id='word_1_109' title='bbox 881 1596 1097 1658; x_wconf 89' lang='lat' dir='ltr'><strong>peccato</strong></span> <span class='ocrx_word' id='word_1_110' title='bbox 1132 1604 1188 1642; x_wconf 90' lang='lat' dir='ltr'><strong>se</strong></span> <span class='ocrx_word' id='word_1_111' title='bbox 1227 1589 1674 1650; x_wconf 89' lang='lat' dir='ltr'><strong>convertentibus,</strong></span> <span class='ocrx_word' id='word_1_112' title='bbox 1707 1588 1862 1639; x_wconf 90' lang='lat' dir='ltr'><strong>aliam</strong></span> <span class='ocrx_word' id='word_1_113' title='bbox 1892 1587 1956 1638; x_wconf 92' lang='lat' dir='ltr'><strong>iis</strong></span> <span class='ocrx_word' id='word_1_114' title='bbox 1979 1585 2068 1654; x_wconf 92' lang='lat' dir='ltr'><strong>qui</strong></span> <span class='ocrx_word' id='word_1_115' title='bbox 2102 1585 2156 1637; x_wconf 91' lang='lat' dir='ltr'><strong>in</strong></span> 
     </span>
    </p>
   </div>
   <div class='ocr_carea' id='block_1_17' title="bbox 639 1678 2157 1749">
    <p class='ocr_par' dir='ltr' id='par_1_17' title="bbox 639 1678 2157 1749">
     <span class='ocr_line' id='line_1_17' title="bbox 639 1678 2157 1749; baseline -0.006 -13"><span class='ocrx_word' id='word_1_116' title='bbox 639 1683 833 1736; x_wconf 85' lang='lat' dir='ltr'><strong>virtute</strong></span> <span class='ocrx_word' id='word_1_117' title='bbox 857 1681 1158 1749; x_wconf 87' lang='lat' dir='ltr'><strong>proficiunt,</strong></span> <span class='ocrx_word' id='word_1_118' title='bbox 1188 1681 1342 1733; x_wconf 90' lang='lat' dir='ltr'><strong>aliam</strong></span> <span class='ocrx_word' id='word_1_119' title='bbox 1373 1681 1581 1733; x_wconf 89' lang='lat' dir='ltr'><strong>demum</strong></span> <span class='ocrx_word' id='word_1_120' title='bbox 1613 1678 2014 1748; x_wconf 88' lang='lat' dir='ltr'><strong>perfectioribus</strong></span> <span class='ocrx_word' id='word_1_121' title='bbox 2049 1685 2157 1728; x_wconf 90' lang='lat' dir='ltr'><strong>tra-</strong></span> 
     </span>
    </p>
   </div>
   <div class='ocr_carea' id='block_1_18' title="bbox 639 1766 2155 1836">
    <p class='ocr_par' dir='ltr' id='par_1_18' title="bbox 639 1766 2155 1836">
     <span class='ocr_line' id='line_1_18' title="bbox 639 1766 2155 1836; baseline -0.005 -13"><span class='ocrx_word' id='word_1_122' title='bbox 639 1771 732 1824; x_wconf 86' lang='lat' dir='ltr'><strong>dit.</strong></span> <span class='ocrx_word' id='word_1_123' title='bbox 763 1769 1116 1834; x_wconf 80' lang='lat' dir='ltr'><strong>Quamobrem</strong></span> <span class='ocrx_word' id='word_1_124' title='bbox 1160 1769 1503 1836; x_wconf 83' lang='lat' dir='ltr'><strong>peccantibus</strong></span> <span class='ocrx_word' id='word_1_125' title='bbox 1547 1768 1759 1836; x_wconf 79' lang='lat' dir='ltr'><strong>quidem</strong></span> <span class='ocrx_word' id='word_1_126' title='bbox 1801 1766 1938 1818; x_wconf 86' lang='lat' dir='ltr'><strong>viam</strong></span> <span class='ocrx_word' id='word_1_127' title='bbox 1977 1772 2155 1818; x_wconf 89' lang='lat' dir='ltr'><strong>osten-</strong></span> 
     </span>
    </p>
   </div>
   <div class='ocr_carea' id='block_1_19' title="bbox 2264 583 3544 671">
    <p class='ocr_par' dir='ltr' id='par_1_19' title="bbox 2264 583 3544 671">
     <span class='ocr_line' id='line_1_19' title="bbox 2264 583 3544 671; baseline -0.009 -17"><span class='ocrx_word' id='word_1_128' title='bbox 2264 618 2418 670; x_wconf 88' lang='grc' dir='ltr'>μενος</span> <span class='ocrx_word' id='word_1_129' title='bbox 2442 600 2507 653; x_wconf 81' lang='grc' dir='ltr'>τὰ</span> <span class='ocrx_word' id='word_1_130' title='bbox 2539 600 2730 664; x_wconf 83' lang='grc' dir='ltr'>πάντα,</span> <span class='ocrx_word' id='word_1_131' title='bbox 2777 605 2838 655; x_wconf 69' lang='grc' dir='ltr'><strong>καὶ</strong></span> <span class='ocrx_word' id='word_1_132' title='bbox 2861 603 2922 671; x_wconf 82' lang='grc' dir='ltr'>τὴν</span> <span class='ocrx_word' id='word_1_133' title='bbox 2953 602 3096 653; x_wconf 73' lang='grc' dir='ltr'>εὐθεῖαν</span> <span class='ocrx_word' id='word_1_134' title='bbox 3118 596 3202 650; x_wconf 69' lang='grc' dir='ltr'>ὁδον</span> <span class='ocrx_word' id='word_1_135' title='bbox 3239 584 3455 656; x_wconf 77' lang='grc' dir='ltr'>ἀγαπῶν,</span> <span class='ocrx_word' id='word_1_136' title='bbox 3488 583 3544 635; x_wconf 61' lang='grc' dir='ltr'><strong>τά</strong></span> 
     </span>
    </p>
   </div>
   <div class='ocr_carea' id='block_1_20' title="bbox 2259 675 3543 757">
    <p class='ocr_par' dir='ltr' id='par_1_20' title="bbox 2259 675 3543 757">
     <span class='ocr_line' id='line_1_20' title="bbox 2259 675 3543 757; baseline -0.008 -15"><span class='ocrx_word' id='word_1_137' title='bbox 2259 707 2314 742; x_wconf 92' lang='grc' dir='ltr'><strong>τε</strong></span> <span class='ocrx_word' id='word_1_138' title='bbox 2338 689 2520 742; x_wconf 85' lang='grc' dir='ltr'>σκολιὰ</span> <span class='ocrx_word' id='word_1_139' title='bbox 2546 692 2622 752; x_wconf 79' lang='grc' dir='ltr'>εἰς</span> <span class='ocrx_word' id='word_1_140' title='bbox 2656 689 2834 744; x_wconf 75' lang='grc' dir='ltr'>εὐθεῖαν</span> <span class='ocrx_word' id='word_1_141' title='bbox 2854 692 2962 757; x_wconf 78' lang='grc' dir='ltr'>ἄγων.</span> <span class='ocrx_word' id='word_1_142' title='bbox 2991 690 3060 742; x_wconf 76' lang='grc' dir='ltr'><strong>Διὰ</strong></span> <span class='ocrx_word' id='word_1_143' title='bbox 3079 687 3194 741; x_wconf 82' lang='grc' dir='ltr'>τοῦτο</span> <span class='ocrx_word' id='word_1_144' title='bbox 3215 684 3304 735; x_wconf 75' lang='grc' dir='ltr'><strong>οὐκ</strong></span> <span class='ocrx_word' id='word_1_145' title='bbox 3324 675 3543 746; x_wconf 76' lang='grc' dir='ltr'>ἀποστρέ-</span> 
     </span>
    </p>
   </div>
   <div class='ocr_carea' id='block_1_21' title="bbox 2259 765 3545 852">
    <p class='ocr_par' dir='ltr' id='par_1_21' title="bbox 2259 765 3545 852">
     <span class='ocr_line' id='line_1_21' title="bbox 2259 765 3545 852; baseline -0.01 -21"><span class='ocrx_word' id='word_1_146' title='bbox 2259 798 2431 848; x_wconf 85' lang='grc' dir='ltr'>φεται,</span> <span class='ocrx_word' id='word_1_147' title='bbox 2465 781 2580 832; x_wconf 84' lang='grc' dir='ltr'>οὐδὲ</span> <span class='ocrx_word' id='word_1_148' title='bbox 2609 783 2806 852; x_wconf 76' lang='grc' dir='ltr'>παρορᾷ</span> <span class='ocrx_word' id='word_1_149' title='bbox 2824 782 3104 849; x_wconf 76' lang='grc' dir='ltr'>λιταλιμπάνων</span> <span class='ocrx_word' id='word_1_150' title='bbox 3119 775 3275 834; x_wconf 71' lang='grc' dir='ltr'>αὐτοὺς</span> <span class='ocrx_word' id='word_1_151' title='bbox 3290 765 3545 838; x_wconf 71' lang='grc' dir='ltr'>φθείρεσθα</span> 
     </span>
    </p>
   </div>
   <div class='ocr_carea' id='block_1_22' title="bbox 2257 861 3552 940">
    <p class='ocr_par' dir='ltr' id='par_1_22' title="bbox 2257 861 3552 940">
     <span class='ocr_line' id='line_1_22' title="bbox 2257 861 3552 940; baseline -0.002 -18"><span class='ocrx_word' id='word_1_152' title='bbox 2257 875 2372 933; x_wconf 84' lang='grc' dir='ltr'>ταῖς</span> <span class='ocrx_word' id='word_1_153' title='bbox 2417 871 2616 922; x_wconf 81' lang='grc' dir='ltr'>ἑαυτῶν</span> <span class='ocrx_word' id='word_1_154' title='bbox 2647 871 2908 940; x_wconf 79' lang='grc' dir='ltr'>ἁμαρτ¹αις·</span> <span class='ocrx_word' id='word_1_155' title='bbox 2944 872 3018 922; x_wconf 78' lang='grc' dir='ltr'><strong>ἀλλ’</strong></span> <span class='ocrx_word' id='word_1_156' title='bbox 3045 865 3107 922; x_wconf 79' lang='grc' dir='ltr'>οἷα</span> <span class='ocrx_word' id='word_1_157' title='bbox 3140 861 3468 934; x_wconf 76' lang='grc' dir='ltr'>φιλάνθρωπος</span> <span class='ocrx_word' id='word_1_158' title='bbox 3498 874 3552 909; x_wconf 77' lang='grc' dir='ltr'><strong>κα</strong></span> 
     </span>
    </p>
   </div>
   <div class='ocr_carea' id='block_1_23' title="bbox 2256 947 3548 1034">
    <p class='ocr_par' dir='ltr' id='par_1_23' title="bbox 2256 947 3548 1034">
     <span class='ocr_line' id='line_1_23' title="bbox 2256 947 3548 1034; baseline -0.024 -7"><span class='ocrx_word' id='word_1_159' title='bbox 2256 959 2450 1027; x_wconf 80' lang='grc' dir='ltr'>ἀγαθὸς</span> <span class='ocrx_word' id='word_1_160' title='bbox 2487 959 2670 1029; x_wconf 77' lang='grc' dir='ltr'>Σωτὴρ</span> <span class='ocrx_word' id='word_1_161' title='bbox 2713 960 2932 1012; x_wconf 76' lang='grc' dir='ltr'>νοσούντων</span> <span class='ocrx_word' id='word_1_162' title='bbox 2957 958 3092 1027; x_wconf 80' lang='grc' dir='ltr'>μᾶλλον</span> <span class='ocrx_word' id='word_1_163' title='bbox 3110 956 3142 1034; x_wconf 40' lang='grc' dir='ltr'><strong>,ἢ</strong></span> <span class='ocrx_word' id='word_1_164' title='bbox 3166 950 3474 1021; x_wconf 74' lang='grc' dir='ltr'><strong>ὑγιαινόντων</strong></span> <span class='ocrx_word' id='word_1_165' title='bbox 3501 947 3548 998; x_wconf 75' lang='lat' dir='ltr'><strong>1i</strong></span> 
     </span>
    </p>
   </div>
   <div class='ocr_carea' id='block_1_24' title="bbox 2257 1037 3551 1119">
    <p class='ocr_par' dir='ltr' id='par_1_24' title="bbox 2257 1037 3551 1119">
     <span class='ocr_line' id='line_1_24' title="bbox 2257 1037 3551 1119; baseline -0.011 -17"><span class='ocrx_word' id='word_1_166' title='bbox 2257 1050 2502 1119; x_wconf 82' lang='grc' dir='ltr'>φροντίδα</span> <span class='ocrx_word' id='word_1_167' title='bbox 2535 1053 2787 1102; x_wconf 85' lang='grc' dir='ltr'>ποιεῖται·</span> <span class='ocrx_word' id='word_1_168' title='bbox 2812 1050 2878 1100; x_wconf 73' lang='grc' dir='ltr'><strong>καὶ</strong></span> <span class='ocrx_word' id='word_1_169' title='bbox 2894 1049 3038 1110; x_wconf 76' lang='grc' dir='ltr'>τούτοις</span> <span class='ocrx_word' id='word_1_170' title='bbox 3066 1045 3312 1115; x_wconf 86' lang='grc' dir='ltr'>νομοθετεῖ,</span> <span class='ocrx_word' id='word_1_171' title='bbox 3347 1037 3551 1108; x_wconf 67' lang='grc' dir='ltr'>μετανοὶι</span> 
     </span>
    </p>
   </div>
   <div class='ocr_carea' id='block_1_25' title="bbox 2254 1128 3548 1204">
    <p class='ocr_par' dir='ltr' id='par_1_25' title="bbox 2254 1128 3548 1204">
     <span class='ocr_line' id='line_1_25' title="bbox 2254 1128 3548 1204; baseline 0.001 -14"><span class='ocrx_word' id='word_1_172' title='bbox 2254 1141 2402 1201; x_wconf 81' lang='grc' dir='ltr'>ὁδοὺς</span> <span class='ocrx_word' id='word_1_173' title='bbox 2434 1140 2741 1201; x_wconf 81' lang='grc' dir='ltr'>ὑποδεικνὺς</span> <span class='ocrx_word' id='word_1_174' title='bbox 2769 1140 2913 1202; x_wconf 79' lang='grc' dir='ltr'>αὐτοῖς,</span> <span class='ocrx_word' id='word_1_175' title='bbox 2931 1139 2994 1190; x_wconf 77' lang='grc' dir='ltr'><strong>καὶ</strong></span> <span class='ocrx_word' id='word_1_176' title='bbox 3015 1135 3160 1204; x_wconf 83' lang='grc' dir='ltr'>νόμους</span> <span class='ocrx_word' id='word_1_177' title='bbox 3173 1136 3281 1194; x_wconf 68' lang='grc' dir='ltr'>τοὺς</span> <span class='ocrx_word' id='word_1_178' title='bbox 3306 1128 3548 1200; x_wconf 77' lang='grc' dir='ltr'>ἁρμόζοντ</span> 
     </span>
    </p>
   </div>
   <div class='ocr_carea' id='block_1_26' title="bbox 2255 1217 3549 1298">
    <p class='ocr_par' dir='ltr' id='par_1_26' title="bbox 2255 1217 3549 1298">
     <span class='ocr_line' id='line_1_26' title="bbox 2255 1217 3549 1298; baseline -0.009 -18"><span class='ocrx_word' id='word_1_179' title='bbox 2255 1229 2431 1290; x_wconf 85' lang='grc' dir='ltr'>αὐτοῖς</span> <span class='ocrx_word' id='word_1_180' title='bbox 2459 1231 2591 1298; x_wconf 74' lang='grc' dir='ltr'>πρὸς</span> <span class='ocrx_word' id='word_1_181' title='bbox 2618 1229 2852 1298; x_wconf 74' lang='grc' dir='ltr'><strong>σωτηρίαν</strong></span> <span class='ocrx_word' id='word_1_182' title='bbox 2886 1226 3222 1296; x_wconf 80' lang='grc' dir='ltr'>παρατιθέμενος.</span> <span class='ocrx_word' id='word_1_183' title='bbox 3255 1222 3409 1272; x_wconf 84' lang='grc' dir='ltr'>Ἔστι</span> <span class='ocrx_word' id='word_1_184' title='bbox 3431 1217 3549 1287; x_wconf 70' lang='grc' dir='ltr'><strong>’γάρ</strong></span> 
     </span>
    </p>
   </div>
   <div class='ocr_carea' id='block_1_27' title="bbox 2255 1307 3550 1387">
    <p class='ocr_par' dir='ltr' id='par_1_27' title="bbox 2255 1307 3550 1387">
     <span class='ocr_line' id='line_1_27' title="bbox 2255 1307 3550 1387; baseline -0.008 -18"><span class='ocrx_word' id='word_1_185' title='bbox 2255 1318 2344 1369; x_wconf 72' lang='grc' dir='ltr'>καὶ</span> <span class='ocrx_word' id='word_1_186' title='bbox 2368 1318 2481 1379; x_wconf 83' lang='grc' dir='ltr'>ὁδὸς</span> <span class='ocrx_word' id='word_1_187' title='bbox 2501 1321 2609 1379; x_wconf 85' lang='grc' dir='ltr'>τοῖς</span> <span class='ocrx_word' id='word_1_188' title='bbox 2647 1318 2968 1387; x_wconf 82' lang='grc' dir='ltr'>ἁμαρτάνουσιν</span> <span class='ocrx_word' id='word_1_189' title='bbox 2993 1313 3328 1382; x_wconf 81' lang='grc' dir='ltr'>ὲπιδεδειγμὲνη</span> <span class='ocrx_word' id='word_1_190' title='bbox 3367 1307 3550 1377; x_wconf 79' lang='grc' dir='ltr'>σωτηρξ</span> 
     </span>
    </p>
   </div>
   <div class='ocr_carea' id='block_1_28' title="bbox 2253 1396 3552 1474">
    <p class='ocr_par' dir='ltr' id='par_1_28' title="bbox 2253 1396 3552 1474">
     <span class='ocr_line' id='line_1_28' title="bbox 2253 1396 3552 1474; baseline -0.009 -17"><span class='ocrx_word' id='word_1_191' title='bbox 2253 1406 2284 1474; x_wconf 84' lang='grc' dir='ltr'>ἡ</span> <span class='ocrx_word' id='word_1_192' title='bbox 2314 1404 2413 1472; x_wconf 80' lang='grc' dir='ltr'>τῆς</span> <span class='ocrx_word' id='word_1_193' title='bbox 2439 1405 2761 1474; x_wconf 79' lang='grc' dir='ltr'>ἐπιστροφῆς</span> <span class='ocrx_word' id='word_1_194' title='bbox 2791 1405 2861 1456; x_wconf 68' lang='grc' dir='ltr'><strong>καὶ</strong></span> <span class='ocrx_word' id='word_1_195' title='bbox 2885 1402 3095 1471; x_wconf 83' lang='grc' dir='ltr'>μετανοίας</span> <span class='ocrx_word' id='word_1_196' title='bbox 3118 1400 3195 1452; x_wconf 67' lang='grc' dir='ltr'><strong>καὶ</strong></span> <span class='ocrx_word' id='word_1_197' title='bbox 3213 1396 3552 1466; x_wconf 70' lang='grc' dir='ltr'>ἐξομολογὴσε</span> 
     </span>
    </p>
   </div>
   <div class='ocr_carea' id='block_1_29' title="bbox 2254 1486 3551 1564">
    <p class='ocr_par' dir='ltr' id='par_1_29' title="bbox 2254 1486 3551 1564">
     <span class='ocr_line' id='line_1_29' title="bbox 2254 1486 3551 1564; baseline -0.006 -19"><span class='ocrx_word' id='word_1_198' title='bbox 2254 1496 2327 1554; x_wconf 86' lang='grc' dir='ltr'>ὡς</span> <span class='ocrx_word' id='word_1_199' title='bbox 2362 1494 2519 1564; x_wconf 77' lang='grc' dir='ltr'>ἑτέρα</span> <span class='ocrx_word' id='word_1_200' title='bbox 2573 1493 2702 1547; x_wconf 79' lang='grc' dir='ltr'>οὖσα</span> <span class='ocrx_word' id='word_1_201' title='bbox 2752 1497 2869 1563; x_wconf 81' lang='grc' dir='ltr'>παρὰ</span> <span class='ocrx_word' id='word_1_202' title='bbox 2901 1493 2973 1563; x_wconf 80' lang='grc' dir='ltr'>τὴν</span> <span class='ocrx_word' id='word_1_203' title='bbox 3006 1494 3091 1552; x_wconf 85' lang='grc' dir='ltr'>τοῖς</span> <span class='ocrx_word' id='word_1_204' title='bbox 3124 1489 3322 1550; x_wconf 73' lang='grc' dir='ltr'>τελείοις</span> <span class='ocrx_word' id='word_1_205' title='bbox 3367 1486 3551 1554; x_wconf 84' lang='grc' dir='ltr'>δεδομὲ</span> 
     </span>
    </p>
   </div>
   <div class='ocr_carea' id='block_1_30' title="bbox 2253 1577 3550 1654">
    <p class='ocr_par' dir='ltr' id='par_1_30' title="bbox 2253 1577 3550 1654">
     <span class='ocr_line' id='line_1_30' title="bbox 2253 1577 3550 1654; baseline -0.006 -18"><span class='ocrx_word' id='word_1_206' title='bbox 2253 1585 2568 1654; x_wconf 82' lang='grc' dir='ltr'>Νομοθετῶν</span> <span class='ocrx_word' id='word_1_207' title='bbox 2631 1585 2737 1654; x_wconf 85' lang='grc' dir='ltr'>γὰρ</span> <span class='ocrx_word' id='word_1_208' title='bbox 2778 1588 2800 1636; x_wconf 89' lang='lat'><strong>6</strong></span> <span class='ocrx_word' id='word_1_209' title='bbox 2838 1584 2953 1645; x_wconf 78' lang='grc' dir='ltr'>Θεὸς,</span> <span class='ocrx_word' id='word_1_210' title='bbox 2985 1582 3115 1651; x_wconf 75' lang='grc' dir='ltr'><strong>ἄλλην</strong></span> <span class='ocrx_word' id='word_1_211' title='bbox 3155 1580 3236 1650; x_wconf 74' lang='grc' dir='ltr'><strong>μὲν</strong></span> <span class='ocrx_word' id='word_1_212' title='bbox 3280 1577 3550 1649; x_wconf 74' lang='grc' dir='ltr'>ἁμαρτάνι</span> 
     </span>
    </p>
   </div>
   <div class='ocr_carea' id='block_1_31' title="bbox 2252 1668 3552 1742">
    <p class='ocr_par' dir='ltr' id='par_1_31' title="bbox 2252 1668 3552 1742">
     <span class='ocr_line' id='line_1_31' title="bbox 2252 1668 3552 1742; baseline -0.005 -18"><span class='ocrx_word' id='word_1_213' title='bbox 2252 1673 2365 1724; x_wconf 84' lang='grc' dir='ltr'>ὁδὸν</span> <span class='ocrx_word' id='word_1_214' title='bbox 2392 1673 2669 1735; x_wconf 85' lang='grc' dir='ltr'>δείκνυσιν,</span> <span class='ocrx_word' id='word_1_215' title='bbox 2701 1674 2866 1742; x_wconf 77' lang='grc' dir='ltr'>ἑτέραν</span> <span class='ocrx_word' id='word_1_216' title='bbox 2877 1672 2919 1723; x_wconf 81' lang='grc' dir='ltr'>δὲ</span> <span class='ocrx_word' id='word_1_217' title='bbox 2939 1674 3026 1735; x_wconf 88' lang='grc' dir='ltr'>τοῖς</span> <span class='ocrx_word' id='word_1_218' title='bbox 3048 1669 3428 1739; x_wconf 73' lang='grc' dir='ltr'>ἐπιστρέφουσιν</span> <span class='ocrx_word' id='word_1_219' title='bbox 3445 1668 3504 1731; x_wconf 74' lang='grc' dir='ltr'>ἐξ</span> <span class='ocrx_word' id='word_1_220' title='bbox 3523 1670 3552 1719; x_wconf 83' lang='grc' dir='ltr'>ἁ</span> 
     </span>
    </p>
   </div>
   <div class='ocr_carea' id='block_1_32' title="bbox 2253 1759 3552 1831">
    <p class='ocr_par' dir='ltr' id='par_1_32' title="bbox 2253 1759 3552 1831">
     <span class='ocr_line' id='line_1_32' title="bbox 2253 1759 3552 1831; baseline -0.003 -18"><span class='ocrx_word' id='word_1_221' title='bbox 2253 1763 2389 1824; x_wconf 83' lang='grc' dir='ltr'>τίας,</span> <span class='ocrx_word' id='word_1_222' title='bbox 2442 1763 2532 1815; x_wconf 77' lang='grc' dir='ltr'>καὶ</span> <span class='ocrx_word' id='word_1_223' title='bbox 2583 1763 2742 1831; x_wconf 81' lang='grc' dir='ltr'>ἄλλην</span> <span class='ocrx_word' id='word_1_224' title='bbox 2774 1763 2901 1814; x_wconf 81' lang='grc' dir='ltr'>πάλιν</span> <span class='ocrx_word' id='word_1_225' title='bbox 2926 1765 3014 1823; x_wconf 88' lang='grc' dir='ltr'>τοῖς</span> <span class='ocrx_word' id='word_1_226' title='bbox 3038 1763 3084 1813; x_wconf 83' lang='grc' dir='ltr'>ὲν</span> <span class='ocrx_word' id='word_1_227' title='bbox 3124 1762 3272 1830; x_wconf 80' lang='grc' dir='ltr'>ἀρετῇ</span> <span class='ocrx_word' id='word_1_228' title='bbox 3307 1759 3552 1829; x_wconf 79' lang='grc' dir='ltr'>προκόπτ</span> 
     </span>
    </p>
   </div>
   <div class='ocr_carea' id='block_1_33' title="bbox 639 1836 2132 1926">
    <p class='ocr_par' dir='ltr' id='par_1_33' title="bbox 639 1853 2116 1926">
     <span class='ocr_line' id='line_1_33' title="bbox 639 1853 2116 1926; baseline -0.005 -13"><span class='ocrx_word' id='word_1_229' title='bbox 639 1863 744 1925; x_wconf 82' lang='lat' dir='ltr'><strong>dit;</strong></span> <span class='ocrx_word' id='word_1_230' title='bbox 780 1853 1090 1912; x_wconf 77' lang='lat' dir='ltr'><strong>mansuetos</strong></span> <span class='ocrx_word' id='word_1_231' title='bbox 1141 1873 1259 1910; x_wconf 91' lang='lat' dir='ltr'><strong>cum</strong></span> <span class='ocrx_word' id='word_1_232' title='bbox 1295 1859 1497 1926; x_wconf 89' lang='lat' dir='ltr'><strong>judicio</strong></span> <span class='ocrx_word' id='word_1_233' title='bbox 1559 1858 1783 1925; x_wconf 81' lang='lat' dir='ltr'><strong>diriget,</strong></span> <span class='ocrx_word' id='word_1_234' title='bbox 1829 1869 2116 1922; x_wconf 92' lang='lat' dir='ltr'><strong>eorumque</strong></span> 
     </span>
    </p>
   </div>
   <div class='ocr_carea' id='block_1_34' title="bbox 2058 1836 3551 1926">
    <p class='ocr_par' dir='ltr' id='par_1_34' title="bbox 2058 1836 3551 1922">
     <span class='ocr_line' id='line_1_34' title="bbox 2058 1836 3551 1922; baseline -0.003 -17"><span class='ocrx_word' id='word_1_235' title='bbox 2058 1869 2116 1906; x_wconf 89' lang='lat' dir='ltr'><strong>ue</strong></span> <span class='ocrx_word' id='word_1_236' title='bbox 2137 1890 2156 1918; x_wconf 87' lang='lat'><strong>,</strong></span> <span class='ocrx_word' id='word_1_237' title='bbox 2187 1836 2228 1892; x_wconf 75' lang='grc' dir='ltr'><strong><em>Β</em></strong></span> <span class='ocrx_word' id='word_1_238' title='bbox 2256 1852 2346 1903; x_wconf 71' lang='grc' dir='ltr'><strong>καὶ</strong></span> <span class='ocrx_word' id='word_1_239' title='bbox 2387 1852 2573 1920; x_wconf 76' lang='grc' dir='ltr'>ἑτέραν</span> <span class='ocrx_word' id='word_1_240' title='bbox 2610 1855 2718 1914; x_wconf 86' lang='grc' dir='ltr'>τοῖς</span> <span class='ocrx_word' id='word_1_241' title='bbox 2771 1851 3070 1922; x_wconf 82' lang='grc' dir='ltr'>τελειοτέροις.</span> <span class='ocrx_word' id='word_1_242' title='bbox 3097 1851 3174 1902; x_wconf 76' lang='grc' dir='ltr'>Διὸ</span> <span class='ocrx_word' id='word_1_243' title='bbox 3200 1853 3304 1912; x_wconf 81' lang='grc' dir='ltr'>τοῖς</span> <span class='ocrx_word' id='word_1_244' title='bbox 3341 1849 3444 1919; x_wconf 78' lang='grc' dir='ltr'><strong>μὲν</strong></span> <span class='ocrx_word' id='word_1_245' title='bbox 3478 1851 3551 1918; x_wconf 76' lang='grc' dir='ltr'><strong>ἀμ</strong></span> 
     </span>
    </p>
   </div>
   <div class='ocr_carea' id='block_1_35' title="bbox 638 1949 2156 2021">
    <p class='ocr_par' dir='ltr' id='par_1_35' title="bbox 638 1949 2156 2021">
     <span class='ocr_line' id='line_1_35' title="bbox 638 1949 2156 2021; baseline -0.002 -19"><span class='ocrx_word' id='word_1_246' title='bbox 638 1960 818 2021; x_wconf 78' lang='lat' dir='ltr'><strong>utpote</strong></span> <span class='ocrx_word' id='word_1_247' title='bbox 851 1951 1261 2021; x_wconf 87' lang='lat' dir='ltr'><strong>perfectiorum,</strong></span> <span class='ocrx_word' id='word_1_248' title='bbox 1306 1965 1486 2003; x_wconf 87' lang='lat' dir='ltr'><strong>curam</strong></span> <span class='ocrx_word' id='word_1_249' title='bbox 1542 1957 1719 2017; x_wconf 83' lang='lat' dir='ltr'><strong>geret:</strong></span> <span class='ocrx_word' id='word_1_250' title='bbox 1764 1963 1928 2016; x_wconf 90' lang='lat' dir='ltr'><strong>quare</strong></span> <span class='ocrx_word' id='word_1_251' title='bbox 1968 1949 2156 2015; x_wconf 84' lang='lat' dir='ltr'><strong>dignos</strong></span> 
     </span>
    </p>
   </div>
   <div class='ocr_carea' id='block_1_36' title="bbox 639 2034 2153 2107">
    <p class='ocr_par' dir='ltr' id='par_1_36' title="bbox 639 2034 2153 2107">
     <span class='ocr_line' id='line_1_36' title="bbox 639 2034 2153 2107; baseline -0.006 -13"><span class='ocrx_word' id='word_1_252' title='bbox 639 2055 728 2094; x_wconf 84' lang='lat' dir='ltr'><strong>eos</strong></span> <span class='ocrx_word' id='word_1_253' title='bbox 762 2040 851 2107; x_wconf 91' lang='lat' dir='ltr'><strong>qui</strong></span> <span class='ocrx_word' id='word_1_254' title='bbox 883 2039 1020 2091; x_wconf 88' lang='lat' dir='ltr'><strong>beati</strong></span> <span class='ocrx_word' id='word_1_255' title='bbox 1071 2037 1487 2106; x_wconf 67' lang='lat' dir='ltr'><strong>praedicarentur</strong></span> <span class='ocrx_word' id='word_1_256' title='bbox 1526 2035 1827 2095; x_wconf 64' lang='lat' dir='ltr'><strong>aestimavit,</strong></span> <span class='ocrx_word' id='word_1_257' title='bbox 1864 2034 2153 2087; x_wconf 86' lang='lat' dir='ltr'><strong>secundum</strong></span> 
     </span>
    </p>
   </div>
   <div class='ocr_carea' id='block_1_37' title="bbox 639 2125 2154 2195">
    <p class='ocr_par' dir='ltr' id='par_1_37' title="bbox 639 2125 2154 2195">
     <span class='ocr_line' id='line_1_37' title="bbox 639 2125 2154 2195; baseline -0.005 -14"><span class='ocrx_word' id='word_1_258' title='bbox 639 2129 802 2183; x_wconf 84' lang='lat' dir='ltr'><strong>Illud:</strong></span> <span class='ocrx_word' id='word_1_259' title='bbox 854 2128 1001 2181; x_wconf 80' lang='lat' dir='ltr'><strong>Beati</strong></span> <span class='ocrx_word' id='word_1_260' title='bbox 1059 2129 1240 2188; x_wconf 87' lang='lat' dir='ltr'><strong>mites,</strong></span> <span class='ocrx_word' id='word_1_261' title='bbox 1270 2126 1508 2195; x_wconf 83' lang='lat' dir='ltr'><strong>quoniam</strong></span> <span class='ocrx_word' id='word_1_262' title='bbox 1554 2126 1651 2191; x_wconf 85' lang='lat' dir='ltr'><strong>ipsi</strong></span> <span class='ocrx_word' id='word_1_263' title='bbox 1688 2125 2013 2191; x_wconf 83' lang='lat' dir='ltr'><strong>possidebunt</strong></span> <span class='ocrx_word' id='word_1_264' title='bbox 2053 2131 2154 2175; x_wconf 89' lang='lat' dir='ltr'><strong>ter—</strong></span> 
     </span>
    </p>
   </div>
   <div class='ocr_carea' id='block_1_38' title="bbox 637 2213 2152 2270">
    <p class='ocr_par' dir='ltr' id='par_1_38' title="bbox 637 2213 2152 2270">
     <span class='ocr_line' id='line_1_38' title="bbox 637 2213 2152 2270; baseline -0.002 -1"><span class='ocrx_word' id='word_1_265' title='bbox 637 2235 746 2270; x_wconf 89' lang='lat' dir='ltr'><strong>ram</strong></span> <span class='ocrx_word' id='word_1_266' title='bbox 790 2218 853 2270; x_wconf 85' lang='grc'><strong>³¹.</strong></span> <span class='ocrx_word' id='word_1_267' title='bbox 894 2216 1002 2270; x_wconf 83' lang='lat' dir='ltr'><strong>Hos</strong></span> <span class='ocrx_word' id='word_1_268' title='bbox 1049 2217 1206 2270; x_wconf 89' lang='lat' dir='ltr'><strong>etiam</strong></span> <span class='ocrx_word' id='word_1_269' title='bbox 1258 2215 1414 2267; x_wconf 87' lang='lat' dir='ltr'><strong>docet</strong></span> <span class='ocrx_word' id='word_1_270' title='bbox 1438 2215 1551 2268; x_wconf 87' lang='lat' dir='ltr'><strong>vias</strong></span> <span class='ocrx_word' id='word_1_271' title='bbox 1595 2228 1738 2267; x_wconf 90' lang='lat' dir='ltr'><strong>suas.</strong></span> <span class='ocrx_word' id='word_1_272' title='bbox 1791 2213 1929 2267; x_wconf 87' lang='lat' dir='ltr'><strong>Loco</strong></span> <span class='ocrx_word' id='word_1_273' title='bbox 1978 2222 2152 2267; x_wconf 89' lang='lat' dir='ltr'><strong>autem</strong></span> 
     </span>
    </p>
   </div>
   <div class='ocr_carea' id='block_1_39' title="bbox 638 2304 2154 2374">
    <p class='ocr_par' dir='ltr' id='par_1_39' title="bbox 638 2304 2154 2374">
     <span class='ocr_line' id='line_1_39' title="bbox 638 2304 2154 2374; baseline -0.004 -14"><span class='ocrx_word' id='word_1_274' title='bbox 638 2309 800 2372; x_wconf 92' lang='lat' dir='ltr'><strong>illius,</strong></span> <span class='ocrx_word' id='word_1_275' title='bbox 833 2308 938 2360; x_wconf 84' lang='lat' dir='ltr'><strong>vias</strong></span> <span class='ocrx_word' id='word_1_276' title='bbox 969 2321 1089 2359; x_wconf 85' lang='lat' dir='ltr'><strong>suas</strong></span> <span class='ocrx_word' id='word_1_277' title='bbox 1116 2321 1134 2357; x_wconf 90' lang='lat'><strong><em>:</em></strong></span> <span class='ocrx_word' id='word_1_278' title='bbox 1161 2305 1348 2374; x_wconf 81' lang='lat' dir='ltr'><strong>Aquila</strong></span> <span class='ocrx_word' id='word_1_279' title='bbox 1375 2313 1426 2358; x_wconf 89' lang='lat' dir='ltr'><strong>et</strong></span> <span class='ocrx_word' id='word_1_280' title='bbox 1456 2304 1826 2373; x_wconf 75' lang='lat' dir='ltr'><strong>Symmachus,</strong></span> <span class='ocrx_word' id='word_1_281' title='bbox 1851 2305 1983 2356; x_wconf 81' lang='lat' dir='ltr'><strong>viam</strong></span> <span class='ocrx_word' id='word_1_282' title='bbox 2007 2320 2154 2356; x_wconf 88' lang='lat' dir='ltr'><strong>suam</strong></span> 
     </span>
    </p>
   </div>
   <div class='ocr_carea' id='block_1_40' title="bbox 636 2395 2154 2463">
    <p class='ocr_par' dir='ltr' id='par_1_40' title="bbox 636 2395 2154 2463">
     <span class='ocr_line' id='line_1_40' title="bbox 636 2395 2154 2463; baseline -0.003 -12"><span class='ocrx_word' id='word_1_283' title='bbox 636 2398 905 2452; x_wconf 79' lang='lat' dir='ltr'><strong>dixerunt.</strong></span> <span class='ocrx_word' id='word_1_284' title='bbox 942 2396 1072 2448; x_wconf 86' lang='lat' dir='ltr'><strong>Nam</strong></span> <span class='ocrx_word' id='word_1_285' title='bbox 1101 2411 1160 2450; x_wconf 89' lang='lat' dir='ltr'><strong>ea</strong></span> <span class='ocrx_word' id='word_1_286' title='bbox 1195 2397 1306 2463; x_wconf 89' lang='lat' dir='ltr'><strong>ipsa</strong></span> <span class='ocrx_word' id='word_1_287' title='bbox 1329 2395 1413 2446; x_wconf 80' lang='lat' dir='ltr'><strong>via</strong></span> <span class='ocrx_word' id='word_1_288' title='bbox 1455 2395 1700 2446; x_wconf 85' lang='lat' dir='ltr'><strong>Salvator</strong></span> <span class='ocrx_word' id='word_1_289' title='bbox 1730 2395 1968 2455; x_wconf 86' lang='lat' dir='ltr'><strong>incessit,</strong></span> <span class='ocrx_word' id='word_1_290' title='bbox 1998 2403 2154 2462; x_wconf 88' lang='lat' dir='ltr'><strong>prout</strong></span> 
     </span>
    </p>
   </div>
   <div class='ocr_carea' id='block_1_41' title="bbox 637 2482 2153 2550">
    <p class='ocr_par' dir='ltr' id='par_1_41' title="bbox 637 2482 2153 2550">
     <span class='ocr_line' id='line_1_41' title="bbox 637 2482 2153 2550; baseline -0.003 -12"><span class='ocrx_word' id='word_1_291' title='bbox 637 2487 868 2538; x_wconf 85' lang='lat' dir='ltr'><strong>dicitur:</strong></span> <span class='ocrx_word' id='word_1_292' title='bbox 915 2484 1108 2536; x_wconf 76' lang='lat' dir='ltr'><strong>Discite</strong></span> <span class='ocrx_word' id='word_1_293' title='bbox 1153 2500 1183 2534; x_wconf 90' lang='lat' dir='ltr'><strong>a</strong></span> <span class='ocrx_word' id='word_1_294' title='bbox 1226 2499 1303 2534; x_wconf 87' lang='lat' dir='ltr'><strong>me</strong></span> <span class='ocrx_word' id='word_1_295' title='bbox 1346 2483 1468 2550; x_wconf 85' lang='lat' dir='ltr'><strong>quia</strong></span> <span class='ocrx_word' id='word_1_296' title='bbox 1506 2483 1645 2534; x_wconf 84' lang='lat' dir='ltr'><strong>mitis</strong></span> <span class='ocrx_word' id='word_1_297' title='bbox 1694 2499 1807 2535; x_wconf 87' lang='lat' dir='ltr'><strong>sum</strong></span> <span class='ocrx_word' id='word_1_298' title='bbox 1847 2492 1896 2536; x_wconf 89' lang='lat' dir='ltr'><strong>et</strong></span> <span class='ocrx_word' id='word_1_299' title='bbox 1945 2482 2153 2535; x_wconf 84' lang='lat' dir='ltr'><strong>humilis</strong></span> 
     </span>
    </p>
   </div>
   <div class='ocr_carea' id='block_1_42' title="bbox 636 2571 2154 2639">
    <p class='ocr_par' dir='ltr' id='par_1_42' title="bbox 636 2571 2154 2639">
     <span class='ocr_line' id='line_1_42' title="bbox 636 2571 2154 2639; baseline -0.002 -13"><span class='ocrx_word' id='word_1_300' title='bbox 636 2572 782 2626; x_wconf 87' lang='lat' dir='ltr'><strong>corde</strong></span> <span class='ocrx_word' id='word_1_301' title='bbox 805 2574 868 2625; x_wconf 83' lang='grc'><strong>³².</strong></span> <span class='ocrx_word' id='word_1_302' title='bbox 916 2571 1106 2624; x_wconf 87' lang='lat' dir='ltr'><strong>Eadem</strong></span> <span class='ocrx_word' id='word_1_303' title='bbox 1162 2572 1322 2639; x_wconf 87' lang='lat' dir='ltr'><strong>igitur</strong></span> <span class='ocrx_word' id='word_1_304' title='bbox 1380 2573 1492 2637; x_wconf 89' lang='lat' dir='ltr'><strong>ipsa</strong></span> <span class='ocrx_word' id='word_1_305' title='bbox 1547 2571 1630 2622; x_wconf 87' lang='lat' dir='ltr'><strong>via</strong></span> <span class='ocrx_word' id='word_1_306' title='bbox 1688 2571 1805 2623; x_wconf 93' lang='lat' dir='ltr'><strong>illos</strong></span> <span class='ocrx_word' id='word_1_307' title='bbox 1847 2571 2060 2624; x_wconf 88' lang='lat' dir='ltr'><strong>deducit</strong></span> <span class='ocrx_word' id='word_1_308' title='bbox 2101 2579 2154 2624; x_wconf 90' lang='lat' dir='ltr'><strong>et</strong></span> 
     </span>
    </p>
   </div>
   <div class='ocr_carea' id='block_1_43' title="bbox 635 2657 2146 2730">
    <p class='ocr_par' dir='ltr' id='par_1_43' title="bbox 635 2657 2146 2730">
     <span class='ocr_line' id='line_1_43' title="bbox 635 2657 2146 2730; baseline 0.001 -19"><span class='ocrx_word' id='word_1_309' title='bbox 635 2662 785 2730; x_wconf 84' lang='lat' dir='ltr'><strong>quasi</strong></span> <span class='ocrx_word' id='word_1_310' title='bbox 825 2675 981 2713; x_wconf 86' lang='lat' dir='ltr'><strong>manu</strong></span> <span class='ocrx_word' id='word_1_311' title='bbox 1015 2659 1216 2727; x_wconf 80' lang='lat' dir='ltr'><strong>dirigit.</strong></span> <span class='ocrx_word' id='word_1_312' title='bbox 1265 2657 1468 2711; x_wconf 85' lang='lat' dir='ltr'><strong>Idcirco</strong></span> <span class='ocrx_word' id='word_1_313' title='bbox 1501 2666 1560 2710; x_wconf 88' lang='lat' dir='ltr'><strong>ut</strong></span> <span class='ocrx_word' id='word_1_314' title='bbox 1603 2661 1815 2727; x_wconf 88' lang='lat' dir='ltr'><strong>sapiens</strong></span> <span class='ocrx_word' id='word_1_315' title='bbox 1863 2660 2146 2729; x_wconf 85' lang='lat' dir='ltr'><strong>legislator,</strong></span> 
     </span>
    </p>
   </div>
   <div class='ocr_carea' id='block_1_44' title="bbox 636 2749 2153 2816">
    <p class='ocr_par' dir='ltr' id='par_1_44' title="bbox 636 2749 2153 2816">
     <span class='ocr_line' id='line_1_44' title="bbox 636 2749 2153 2816; baseline -0.001 -13"><span class='ocrx_word' id='word_1_316' title='bbox 636 2753 789 2805; x_wconf 80' lang='lat' dir='ltr'><strong>aliam</strong></span> <span class='ocrx_word' id='word_1_317' title='bbox 822 2750 1224 2816; x_wconf 89' lang='lat' dir='ltr'><strong>peccatoribus,</strong></span> <span class='ocrx_word' id='word_1_318' title='bbox 1268 2749 1486 2802; x_wconf 89' lang='lat' dir='ltr'><strong>mitibus</strong></span> <span class='ocrx_word' id='word_1_319' title='bbox 1533 2753 1750 2801; x_wconf 89' lang='lat' dir='ltr'><strong>alteram</strong></span> <span class='ocrx_word' id='word_1_320' title='bbox 1792 2749 1931 2801; x_wconf 88' lang='lat' dir='ltr'><strong>viam</strong></span> <span class='ocrx_word' id='word_1_321' title='bbox 1973 2758 2153 2803; x_wconf 86' lang='lat' dir='ltr'><strong>osten-</strong></span> 
     </span>
    </p>
   </div>
   <div class='ocr_carea' id='block_1_45' title="bbox 635 2841 730 2894">
    <p class='ocr_par' dir='ltr' id='par_1_45' title="bbox 635 2841 730 2894">
     <span class='ocr_line' id='line_1_45' title="bbox 635 2841 730 2894; baseline 0.021 -2"><span class='ocrx_word' id='word_1_322' title='bbox 635 2841 730 2894; x_wconf 74' lang='lat' dir='ltr'><strong>dit.</strong></span> 
     </span>
    </p>
   </div>
   <div class='ocr_carea' id='block_1_46' title="bbox 698 3093 2148 3154">
    <p class='ocr_par' dir='ltr' id='par_1_46' title="bbox 698 3093 2148 3154">
     <span class='ocr_line' id='line_1_46' title="bbox 698 3093 2148 3154; baseline -0.001 -7"><span class='ocrx_word' id='word_1_323' title='bbox 698 3094 860 3149; x_wconf 68' lang='lat' dir='ltr'><strong>Vens.</strong></span> <span class='ocrx_word' id='word_1_324' title='bbox 898 3094 982 3148; x_wconf 77' lang='grc'><strong>10.</strong></span> <span class='ocrx_word' id='word_1_325' title='bbox 1029 3093 1284 3147; x_wconf 67' lang='lat' dir='ltr'><strong>Universae</strong></span> <span class='ocrx_word' id='word_1_326' title='bbox 1321 3094 1414 3147; x_wconf 77' lang='lat' dir='ltr'><strong>via:</strong></span> <span class='ocrx_word' id='word_1_327' title='bbox 1449 3093 1678 3154; x_wconf 82' lang='lat' dir='ltr'><strong>Domini,</strong></span> <span class='ocrx_word' id='word_1_328' title='bbox 1703 3093 2062 3146; x_wconf 78' lang='lat' dir='ltr'><strong>misericordia</strong></span> <span class='ocrx_word' id='word_1_329' title='bbox 2102 3102 2148 3146; x_wconf 88' lang='lat' dir='ltr'><strong>et</strong></span> 
     </span>
    </p>
   </div>
   <div class='ocr_carea' id='block_1_47' title="bbox 633 3185 2149 3254">
    <p class='ocr_par' dir='ltr' id='par_1_47' title="bbox 633 3185 2149 3254">
     <span class='ocr_line' id='line_1_47' title="bbox 633 3185 2149 3254; baseline -0.001 -15"><span class='ocrx_word' id='word_1_330' title='bbox 633 3187 816 3241; x_wconf 68' lang='lat' dir='ltr'><strong>veritas</strong></span> <span class='ocrx_word' id='word_1_331' title='bbox 859 3186 1230 3254; x_wconf 81' lang='lat' dir='ltr'><strong>requirentibus</strong></span> <span class='ocrx_word' id='word_1_332' title='bbox 1259 3193 1613 3238; x_wconf 78' lang='lat' dir='ltr'><strong>testamentum</strong></span> <span class='ocrx_word' id='word_1_333' title='bbox 1642 3185 1752 3252; x_wconf 85' lang='lat' dir='ltr'><strong>ejus</strong></span> <span class='ocrx_word' id='word_1_334' title='bbox 1773 3194 1820 3237; x_wconf 90' lang='lat' dir='ltr'><strong>et</strong></span> <span class='ocrx_word' id='word_1_335' title='bbox 1857 3185 2149 3237; x_wconf 72' lang='lat' dir='ltr'><strong>testimonia</strong></span> 
     </span>
    </p>
   </div>
   <div class='ocr_carea' id='block_1_48' title="bbox 631 3273 2150 3344">
    <p class='ocr_par' dir='ltr' id='par_1_48' title="bbox 631 3273 2150 3344">
     <span class='ocr_line' id='line_1_48' title="bbox 631 3273 2150 3344; baseline -0.002 -15"><span class='ocrx_word' id='word_1_336' title='bbox 631 3277 756 3344; x_wconf 73' lang='lat' dir='ltr'><strong>eius.</strong></span> <span class='ocrx_word' id='word_1_337' title='bbox 787 3275 982 3338; x_wconf 61' lang='lat' dir='ltr'><strong>Multae,</strong></span> <span class='ocrx_word' id='word_1_338' title='bbox 1014 3275 1205 3343; x_wconf 90' lang='lat' dir='ltr'><strong>inquit,</strong></span> <span class='ocrx_word' id='word_1_339' title='bbox 1226 3275 1323 3328; x_wconf 71' lang='lat' dir='ltr'><strong>via:</strong></span> <span class='ocrx_word' id='word_1_340' title='bbox 1353 3273 1561 3327; x_wconf 90' lang='lat' dir='ltr'><strong>Domini</strong></span> <span class='ocrx_word' id='word_1_341' title='bbox 1596 3281 1740 3334; x_wconf 91' lang='lat' dir='ltr'><strong>sunt,</strong></span> <span class='ocrx_word' id='word_1_342' title='bbox 1770 3289 1950 3327; x_wconf 87' lang='lat' dir='ltr'><strong>verum</strong></span> <span class='ocrx_word' id='word_1_343' title='bbox 1978 3275 2150 3328; x_wconf 87' lang='lat' dir='ltr'><strong>omni-</strong></span> 
     </span>
    </p>
   </div>
   <div class='ocr_carea' id='block_1_49' title="bbox 633 3363 2148 3435">
    <p class='ocr_par' dir='ltr' id='par_1_49' title="bbox 633 3363 2148 3435">
     <span class='ocr_line' id='line_1_49' title="bbox 633 3363 2148 3435; baseline -0.003 -16"><span class='ocrx_word' id='word_1_344' title='bbox 633 3368 730 3420; x_wconf 87' lang='lat' dir='ltr'><strong>bus</strong></span> <span class='ocrx_word' id='word_1_345' title='bbox 762 3366 1038 3435; x_wconf 59' lang='lat' dir='ltr'><strong>praecurrit</strong></span> <span class='ocrx_word' id='word_1_346' title='bbox 1065 3363 1433 3418; x_wconf 87' lang='lat' dir='ltr'><strong>misericordia</strong></span> <span class='ocrx_word' id='word_1_347' title='bbox 1456 3363 1605 3432; x_wconf 88' lang='lat' dir='ltr'><strong>ejus:</strong></span> <span class='ocrx_word' id='word_1_348' title='bbox 1642 3379 1761 3417; x_wconf 92' lang='lat' dir='ltr'><strong>cum</strong></span> <span class='ocrx_word' id='word_1_349' title='bbox 1783 3363 2148 3418; x_wconf 87' lang='lat' dir='ltr'><strong>misericordia</strong></span> 
     </span>
    </p>
   </div>
   <div class='ocr_carea' id='block_1_50' title="bbox 631 3455 2148 3524">
    <p class='ocr_par' dir='ltr' id='par_1_50' title="bbox 631 3455 2148 3524">
     <span class='ocr_line' id='line_1_50' title="bbox 631 3455 2148 3524; baseline -0.001 -17"><span class='ocrx_word' id='word_1_350' title='bbox 631 3471 789 3524; x_wconf 93' lang='lat' dir='ltr'><strong>porro</strong></span> <span class='ocrx_word' id='word_1_351' title='bbox 826 3456 1023 3510; x_wconf 88' lang='lat' dir='ltr'><strong>veritas</strong></span> <span class='ocrx_word' id='word_1_352' title='bbox 1060 3471 1164 3507; x_wconf 86' lang='lat' dir='ltr'><strong>una</strong></span> <span class='ocrx_word' id='word_1_353' title='bbox 1193 3455 1468 3523; x_wconf 90' lang='lat' dir='ltr'><strong>procedit,</strong></span> <span class='ocrx_word' id='word_1_354' title='bbox 1495 3455 1778 3508; x_wconf 89' lang='lat' dir='ltr'><strong>miseretur</strong></span> <span class='ocrx_word' id='word_1_355' title='bbox 1814 3456 2008 3523; x_wconf 90' lang='lat' dir='ltr'><strong>quippe</strong></span> <span class='ocrx_word' id='word_1_356' title='bbox 2033 3469 2148 3506; x_wconf 87' lang='lat' dir='ltr'><strong>om-</strong></span> 
     </span>
    </p>
   </div>
   <div class='ocr_carea' id='block_1_51' title="bbox 630 3539 2146 3610">
    <p class='ocr_par' dir='ltr' id='par_1_51' title="bbox 630 3539 2146 3610">
     <span class='ocr_line' id='line_1_51' title="bbox 630 3539 2146 3610; baseline 0 -17"><span class='ocrx_word' id='word_1_357' title='bbox 630 3541 773 3593; x_wconf 89' lang='lat' dir='ltr'><strong>nium</strong></span> <span class='ocrx_word' id='word_1_358' title='bbox 801 3549 856 3593; x_wconf 90' lang='lat' dir='ltr'><strong>et</strong></span> <span class='ocrx_word' id='word_1_359' title='bbox 892 3540 1022 3592; x_wconf 83' lang='lat' dir='ltr'><strong>nihil</strong></span> <span class='ocrx_word' id='word_1_360' title='bbox 1060 3539 1171 3592; x_wconf 92' lang='lat' dir='ltr'><strong>odit</strong></span> <span class='ocrx_word' id='word_1_361' title='bbox 1191 3555 1374 3592; x_wconf 88' lang='lat' dir='ltr'><strong>eorum</strong></span> <span class='ocrx_word' id='word_1_362' title='bbox 1400 3556 1516 3608; x_wconf 77' lang='lat' dir='ltr'><strong>qua:</strong></span> <span class='ocrx_word' id='word_1_363' title='bbox 1545 3541 1667 3594; x_wconf 92' lang='lat' dir='ltr'><strong>fecit</strong></span> <span class='ocrx_word' id='word_1_364' title='bbox 1689 3541 1732 3572; x_wconf 80' lang='grc'>³³</span> <span class='ocrx_word' id='word_1_365' title='bbox 1759 3560 1770 3594; x_wconf 93' lang='lat'>:</span> <span class='ocrx_word' id='word_1_366' title='bbox 1805 3557 1975 3610; x_wconf 89' lang='lat' dir='ltr'><strong>neque</strong></span> <span class='ocrx_word' id='word_1_367' title='bbox 2005 3543 2146 3594; x_wconf 89' lang='lat' dir='ltr'><strong>enim</strong></span> 
     </span>
    </p>
   </div>
   <div class='ocr_carea' id='block_1_52' title="bbox 630 3629 2148 3699">
    <p class='ocr_par' dir='ltr' id='par_1_52' title="bbox 630 3629 2148 3699">
     <span class='ocr_line' id='line_1_52' title="bbox 630 3629 2148 3699; baseline 0 -17"><span class='ocrx_word' id='word_1_368' title='bbox 630 3629 826 3697; x_wconf 81' lang='lat' dir='ltr'><strong>aliquid</strong></span> <span class='ocrx_word' id='word_1_369' title='bbox 858 3629 1096 3682; x_wconf 86' lang='lat' dir='ltr'><strong>condidit</strong></span> <span class='ocrx_word' id='word_1_370' title='bbox 1117 3629 1256 3694; x_wconf 92' lang='lat' dir='ltr'><strong>quod</strong></span> <span class='ocrx_word' id='word_1_371' title='bbox 1285 3629 1406 3682; x_wconf 89' lang='lat' dir='ltr'><strong>odio</strong></span> <span class='ocrx_word' id='word_1_372' title='bbox 1443 3630 1678 3683; x_wconf 87' lang='lat' dir='ltr'><strong>haberet.</strong></span> <span class='ocrx_word' id='word_1_373' title='bbox 1714 3629 1946 3699; x_wconf 75' lang='lat' dir='ltr'><strong>Singulis</strong></span> <span class='ocrx_word' id='word_1_374' title='bbox 1987 3631 2148 3698; x_wconf 80' lang='lat' dir='ltr'><strong>igitur</strong></span> 
     </span>
    </p>
   </div>
   <div class='ocr_carea' id='block_1_53' title="bbox 629 3716 2146 3782">
    <p class='ocr_par' dir='ltr' id='par_1_53' title="bbox 629 3716 2146 3782">
     <span class='ocr_line' id='line_1_53' title="bbox 629 3716 2146 3782; baseline 0.002 -13"><span class='ocrx_word' id='word_1_375' title='bbox 629 3718 820 3770; x_wconf 71' lang='lat' dir='ltr'><strong>divina:</strong></span> <span class='ocrx_word' id='word_1_376' title='bbox 856 3716 1334 3769; x_wconf 86' lang='lat' dir='ltr'><strong>administrationis</strong></span> <span class='ocrx_word' id='word_1_377' title='bbox 1375 3726 1426 3768; x_wconf 86' lang='lat' dir='ltr'><strong>et</strong></span> <span class='ocrx_word' id='word_1_378' title='bbox 1462 3717 1805 3782; x_wconf 65' lang='lat' dir='ltr'><strong>providentia:</strong></span> <span class='ocrx_word' id='word_1_379' title='bbox 1843 3719 1944 3771; x_wconf 91' lang='lat' dir='ltr'><strong>viis</strong></span> <span class='ocrx_word' id='word_1_380' title='bbox 1988 3721 2146 3772; x_wconf 88' lang='lat' dir='ltr'><strong>mise-</strong></span> 
     </span>
    </p>
   </div>
   <div class='ocr_carea' id='block_1_54' title="bbox 631 3804 2144 3872">
    <p class='ocr_par' dir='ltr' id='par_1_54' title="bbox 631 3804 2144 3872">
     <span class='ocr_line' id='line_1_54' title="bbox 631 3804 2144 3872; baseline 0.002 -15"><span class='ocrx_word' id='word_1_381' title='bbox 631 3805 860 3858; x_wconf 78' lang='lat' dir='ltr'><strong>ricordia</strong></span> <span class='ocrx_word' id='word_1_382' title='bbox 892 3804 1200 3872; x_wconf 64' lang='lat' dir='ltr'><strong>praecurrit.</strong></span> <span class='ocrx_word' id='word_1_383' title='bbox 1249 3805 1669 3858; x_wconf 87' lang='lat' dir='ltr'><strong>misericordiam</strong></span> <span class='ocrx_word' id='word_1_384' title='bbox 1703 3807 1897 3859; x_wconf 79' lang='lat' dir='ltr'><strong>veritas</strong></span> <span class='ocrx_word' id='word_1_385' title='bbox 1955 3808 2144 3861; x_wconf 86' lang='lat' dir='ltr'><strong>subse-</strong></span> 
     </span>
    </p>
   </div>
   <div class='ocr_carea' id='block_1_55' title="bbox 629 3890 2146 3962">
    <p class='ocr_par' dir='ltr' id='par_1_55' title="bbox 629 3890 2146 3962">
     <span class='ocr_line' id='line_1_55' title="bbox 629 3890 2146 3962; baseline 0.005 -21"><span class='ocrx_word' id='word_1_386' title='bbox 629 3890 826 3958; x_wconf 88' lang='lat' dir='ltr'><strong>quitur.</strong></span> <span class='ocrx_word' id='word_1_387' title='bbox 859 3890 928 3943; x_wconf 83' lang='lat' dir='ltr'><strong>lis</strong></span> <span class='ocrx_word' id='word_1_388' title='bbox 959 3899 1134 3943; x_wconf 88' lang='lat' dir='ltr'><strong>autem</strong></span> <span class='ocrx_word' id='word_1_389' title='bbox 1166 3891 1255 3958; x_wconf 93' lang='lat' dir='ltr'><strong>qui</strong></span> <span class='ocrx_word' id='word_1_390' title='bbox 1299 3891 1521 3944; x_wconf 88' lang='lat' dir='ltr'><strong>sollicite</strong></span> <span class='ocrx_word' id='word_1_391' title='bbox 1561 3894 1858 3960; x_wconf 89' lang='lat' dir='ltr'><strong>requirunt,</strong></span> <span class='ocrx_word' id='word_1_392' title='bbox 1896 3895 2146 3962; x_wconf 67' lang='lat' dir='ltr'><strong>quaestio-</strong></span> 
     </span>
    </p>
   </div>
   <div class='ocr_carea' id='block_1_56' title="bbox 630 3981 2142 4050">
    <p class='ocr_par' dir='ltr' id='par_1_56' title="bbox 630 3981 2142 4050">
     <span class='ocr_line' id='line_1_56' title="bbox 630 3981 2142 4050; baseline 0.003 -18"><span class='ocrx_word' id='word_1_393' title='bbox 630 3994 754 4032; x_wconf 91' lang='lat' dir='ltr'><strong>num</strong></span> <span class='ocrx_word' id='word_1_394' title='bbox 786 3995 962 4034; x_wconf 88' lang='lat' dir='ltr'><strong>veram</strong></span> <span class='ocrx_word' id='word_1_395' title='bbox 994 3981 1235 4033; x_wconf 88' lang='lat' dir='ltr'><strong>notitiam</strong></span> <span class='ocrx_word' id='word_1_396' title='bbox 1267 3981 1636 4036; x_wconf 87' lang='lat' dir='ltr'><strong>subministrat</strong></span> <span class='ocrx_word' id='word_1_397' title='bbox 1654 3983 1831 4050; x_wconf 90' lang='lat' dir='ltr'><strong>quiait</strong></span> <span class='ocrx_word' id='word_1_398' title='bbox 1865 3983 2142 4045; x_wconf 74' lang='lat' dir='ltr'><strong>:Quwrite,</strong></span> 
     </span>
    </p>
   </div>
   <div class='ocr_carea' id='block_1_57' title="bbox 627 4071 2146 4138">
    <p class='ocr_par' dir='ltr' id='par_1_57' title="bbox 627 4071 2146 4138">
     <span class='ocr_line' id='line_1_57' title="bbox 627 4071 2146 4138; baseline 0.003 -16"><span class='ocrx_word' id='word_1_399' title='bbox 627 4077 674 4122; x_wconf 82' lang='lat' dir='ltr'><strong>et</strong></span> <span class='ocrx_word' id='word_1_400' title='bbox 702 4071 985 4132; x_wconf 74' lang='lat' dir='ltr'><strong>invenietis,</strong></span> <span class='ocrx_word' id='word_1_401' title='bbox 1002 4071 1224 4138; x_wconf 81' lang='lat' dir='ltr'><strong>pulsate,</strong></span> <span class='ocrx_word' id='word_1_402' title='bbox 1243 4079 1290 4122; x_wconf 91' lang='lat' dir='ltr'><strong>et</strong></span> <span class='ocrx_word' id='word_1_403' title='bbox 1306 4071 1564 4137; x_wconf 82' lang='lat' dir='ltr'><strong>aperietur</strong></span> <span class='ocrx_word' id='word_1_404' title='bbox 1586 4071 1724 4123; x_wconf 82' lang='lat' dir='ltr'><strong>vobis</strong></span> <span class='ocrx_word' id='word_1_405' title='bbox 1747 4072 1809 4122; x_wconf 66' lang='lat'><strong>“.</strong></span> <span class='ocrx_word' id='word_1_406' title='bbox 1837 4071 2146 4126; x_wconf 82' lang='lat' dir='ltr'><strong>Testamen-</strong></span> 
     </span>
    </p>
   </div>
   <div class='ocr_carea' id='block_1_58' title="bbox 627 4161 2144 4229">
    <p class='ocr_par' dir='ltr' id='par_1_58' title="bbox 627 4161 2144 4229">
     <span class='ocr_line' id='line_1_58' title="bbox 627 4161 2144 4229; baseline 0.003 -17"><span class='ocrx_word' id='word_1_407' title='bbox 627 4169 737 4213; x_wconf 90' lang='lat' dir='ltr'><strong>tum</strong></span> <span class='ocrx_word' id='word_1_408' title='bbox 773 4175 898 4214; x_wconf 87' lang='lat' dir='ltr'><strong>vero</strong></span> <span class='ocrx_word' id='word_1_409' title='bbox 930 4161 1045 4228; x_wconf 88' lang='lat' dir='ltr'><strong>ejus</strong></span> <span class='ocrx_word' id='word_1_410' title='bbox 1083 4161 1135 4212; x_wconf 94' lang='lat' dir='ltr'><strong>in</strong></span> <span class='ocrx_word' id='word_1_411' title='bbox 1169 4175 1360 4229; x_wconf 77' lang='lat' dir='ltr'><strong>genere</strong></span> <span class='ocrx_word' id='word_1_412' title='bbox 1399 4169 1692 4229; x_wconf 88' lang='lat' dir='ltr'><strong>acceptum,</strong></span> <span class='ocrx_word' id='word_1_413' title='bbox 1728 4170 1946 4215; x_wconf 88' lang='lat' dir='ltr'><strong>vocatur</strong></span> <span class='ocrx_word' id='word_1_414' title='bbox 1971 4164 2144 4216; x_wconf 81' lang='lat' dir='ltr'><strong>omnis</strong></span> 
     </span>
    </p>
   </div>
   <div class='ocr_carea' id='block_1_59' title="bbox 626 4248 2139 4319">
    <p class='ocr_par' dir='ltr' id='par_1_59' title="bbox 626 4248 2139 4319">
     <span class='ocr_line' id='line_1_59' title="bbox 626 4248 2139 4319; baseline 0.003 -18"><span class='ocrx_word' id='word_1_415' title='bbox 626 4248 881 4302; x_wconf 86' lang='lat' dir='ltr'><strong>divinitus</strong></span> <span class='ocrx_word' id='word_1_416' title='bbox 922 4250 1182 4319; x_wconf 87' lang='lat' dir='ltr'><strong>inspirata</strong></span> <span class='ocrx_word' id='word_1_417' title='bbox 1232 4249 1506 4318; x_wconf 89' lang='lat' dir='ltr'><strong>Scriptura</strong></span> <span class='ocrx_word' id='word_1_418' title='bbox 1565 4251 1868 4305; x_wconf 86' lang='lat' dir='ltr'><strong>hominibus</strong></span> <span class='ocrx_word' id='word_1_419' title='bbox 1925 4253 2139 4305; x_wconf 90' lang='lat' dir='ltr'><strong>tradita.</strong></span> 
     </span>
    </p>
   </div>
   <div class='ocr_carea' id='block_1_60' title="bbox 625 4338 2142 4408">
    <p class='ocr_par' dir='ltr' id='par_1_60' title="bbox 625 4338 2142 4408">
     <span class='ocr_line' id='line_1_60' title="bbox 625 4338 2142 4408; baseline 0.003 -16"><span class='ocrx_word' id='word_1_420' title='bbox 625 4338 947 4393; x_wconf 88' lang='lat' dir='ltr'><strong>Testimonia</strong></span> <span class='ocrx_word' id='word_1_421' title='bbox 975 4349 1098 4394; x_wconf 92' lang='lat' dir='ltr'><strong>sunt</strong></span> <span class='ocrx_word' id='word_1_422' title='bbox 1131 4347 1389 4408; x_wconf 89' lang='lat' dir='ltr'><strong>quotquot</strong></span> <span class='ocrx_word' id='word_1_423' title='bbox 1417 4341 1469 4393; x_wconf 93' lang='lat' dir='ltr'><strong>in</strong></span> <span class='ocrx_word' id='word_1_424' title='bbox 1508 4339 1799 4408; x_wconf 90' lang='lat' dir='ltr'><strong>Scripturis</strong></span> <span class='ocrx_word' id='word_1_425' title='bbox 1850 4342 2044 4396; x_wconf 90' lang='lat' dir='ltr'><strong>divinis</strong></span> <span class='ocrx_word' id='word_1_426' title='bbox 2076 4345 2142 4398; x_wconf 84' lang='lat' dir='ltr'><strong>de</strong></span> 
     </span>
    </p>
   </div>
   <div class='ocr_carea' id='block_1_61' title="bbox 2253 1939 3550 2009">
    <p class='ocr_par' dir='ltr' id='par_1_61' title="bbox 2253 1939 3550 2009">
     <span class='ocr_line' id='line_1_61' title="bbox 2253 1939 3550 2009; baseline -0.002 -17"><span class='ocrx_word' id='word_1_427' title='bbox 2253 1958 2427 1993; x_wconf 85' lang='grc' dir='ltr'>νουσιν</span> <span class='ocrx_word' id='word_1_428' title='bbox 2453 1942 2809 1993; x_wconf 79' lang='grc' dir='ltr'>ὑποδείκνυσιν</span> <span class='ocrx_word' id='word_1_429' title='bbox 2829 1942 2951 1993; x_wconf 63' lang='grc' dir='ltr'>όδόνυ</span> <span class='ocrx_word' id='word_1_430' title='bbox 2976 1941 3078 2002; x_wconf 72' lang='grc' dir='ltr'>τοὺς</span> <span class='ocrx_word' id='word_1_431' title='bbox 3105 1940 3153 1992; x_wconf 77' lang='grc' dir='ltr'><strong>δὲ</strong></span> <span class='ocrx_word' id='word_1_432' title='bbox 3176 1943 3365 2009; x_wconf 83' lang='grc' dir='ltr'>πραεῖς</span> <span class='ocrx_word' id='word_1_433' title='bbox 3388 1939 3550 2007; x_wconf 60' lang='grc' dir='ltr'>ὁδηγτ</span> 
     </span>
    </p>
   </div>
   <div class='ocr_carea' id='block_1_62' title="bbox 2253 2030 3552 2103">
    <p class='ocr_par' dir='ltr' id='par_1_62' title="bbox 2253 2030 3552 2103">
     <span class='ocr_line' id='line_1_62' title="bbox 2253 2030 3552 2103; baseline -0.003 -19"><span class='ocrx_word' id='word_1_434' title='bbox 2253 2033 2422 2103; x_wconf 78' lang='grc' dir='ltr'>κρίσει</span> <span class='ocrx_word' id='word_1_435' title='bbox 2465 2032 2805 2101; x_wconf 81' lang='grc' dir='ltr'>κεκριμένως,</span> <span class='ocrx_word' id='word_1_436' title='bbox 2844 2030 2920 2083; x_wconf 71' lang='grc' dir='ltr'><strong>καὶ</strong></span> <span class='ocrx_word' id='word_1_437' title='bbox 2963 2031 3110 2083; x_wconf 76' lang='grc' dir='ltr'>αὐτῶν</span> <span class='ocrx_word' id='word_1_438' title='bbox 3140 2030 3389 2098; x_wconf 84' lang='grc' dir='ltr'>πρόνοιαν</span> <span class='ocrx_word' id='word_1_439' title='bbox 3419 2046 3552 2081; x_wconf 63' lang='grc' dir='ltr'>ποιόν</span> 
     </span>
    </p>
   </div>
   <div class='ocr_carea' id='block_1_63' title="bbox 2253 2120 3546 2190">
    <p class='ocr_par' dir='ltr' id='par_1_63' title="bbox 2253 2120 3546 2190">
     <span class='ocr_line' id='line_1_63' title="bbox 2253 2120 3546 2190; baseline -0.003 -16"><span class='ocrx_word' id='word_1_440' title='bbox 2253 2122 2324 2184; x_wconf 84' lang='grc' dir='ltr'><strong>ῶς</strong></span> <span class='ocrx_word' id='word_1_441' title='bbox 2355 2122 2658 2190; x_wconf 84' lang='grc' dir='ltr'>βελτιόνων·</span> <span class='ocrx_word' id='word_1_442' title='bbox 2726 2121 2799 2173; x_wconf 85' lang='grc' dir='ltr'><strong>διὸ</strong></span> <span class='ocrx_word' id='word_1_443' title='bbox 2845 2121 2922 2172; x_wconf 69' lang='grc' dir='ltr'><strong>καὶ</strong></span> <span class='ocrx_word' id='word_1_444' title='bbox 2969 2121 3290 2190; x_wconf 82' lang='grc' dir='ltr'>μακαρισμῶν</span> <span class='ocrx_word' id='word_1_445' title='bbox 3333 2120 3546 2183; x_wconf 73' lang='grc' dir='ltr'>αὐτοὺς</span> 
     </span>
    </p>
   </div>
   <div class='ocr_carea' id='block_1_64' title="bbox 2252 2210 3552 2279">
    <p class='ocr_par' dir='ltr' id='par_1_64' title="bbox 2252 2210 3552 2279">
     <span class='ocr_line' id='line_1_64' title="bbox 2252 2210 3552 2279; baseline -0.002 -15"><span class='ocrx_word' id='word_1_446' title='bbox 2252 2213 2484 2275; x_wconf 86' lang='grc' dir='ltr'>κατὰτὸ,</span> <span class='ocrx_word' id='word_1_447' title='bbox 2520 2212 2796 2279; x_wconf 81' lang='grc' dir='ltr'>Μακάριοι</span> <span class='ocrx_word' id='word_1_448' title='bbox 2837 2214 2883 2264; x_wconf 78' lang='grc' dir='ltr'>οἱ</span> <span class='ocrx_word' id='word_1_449' title='bbox 2915 2211 3110 2276; x_wconf 77' lang='grc' dir='ltr'>πραεῖς,</span> <span class='ocrx_word' id='word_1_450' title='bbox 3143 2210 3224 2263; x_wconf 83' lang='grc' dir='ltr'><strong>ὅτι</strong></span> <span class='ocrx_word' id='word_1_451' title='bbox 3259 2211 3443 2264; x_wconf 79' lang='grc' dir='ltr'>αὐτοὶ</span> <span class='ocrx_word' id='word_1_452' title='bbox 3474 2214 3552 2263; x_wconf 66' lang='lat' dir='ltr'><strong>ecl</strong></span> 
     </span>
    </p>
   </div>
   <div class='ocr_carea' id='block_1_65' title="bbox 2246 2301 3552 2370">
    <p class='ocr_par' dir='ltr' id='par_1_65' title="bbox 2246 2301 3552 2370">
     <span class='ocr_line' id='line_1_65' title="bbox 2246 2301 3552 2370; baseline -0.002 -16"><span class='ocrx_word' id='word_1_453' title='bbox 2246 2302 2510 2370; x_wconf 78' lang='grc' dir='ltr'><strong>μήσουσι</strong></span> <span class='ocrx_word' id='word_1_454' title='bbox 2554 2303 2666 2368; x_wconf 75' lang='grc' dir='ltr'><strong>τὴν</strong></span> <span class='ocrx_word' id='word_1_455' title='bbox 2709 2302 2833 2370; x_wconf 73' lang='grc' dir='ltr'><strong>γῆν.</strong></span> <span class='ocrx_word' id='word_1_456' title='bbox 2863 2301 3066 2363; x_wconf 80' lang='grc' dir='ltr'>Τούτους</span> <span class='ocrx_word' id='word_1_457' title='bbox 3104 2301 3156 2353; x_wconf 78' lang='grc' dir='ltr'>δὲ</span> <span class='ocrx_word' id='word_1_458' title='bbox 3198 2302 3292 2354; x_wconf 64' lang='grc' dir='ltr'><strong>καὶ</strong></span> <span class='ocrx_word' id='word_1_459' title='bbox 3321 2301 3552 2354; x_wconf 80' lang='grc' dir='ltr'>διδάσκε</span> 
     </span>
    </p>
   </div>
   <div class='ocr_carea' id='block_1_66' title="bbox 2252 2389 3552 2456">
    <p class='ocr_par' dir='ltr' id='par_1_66' title="bbox 2252 2389 3552 2456">
     <span class='ocr_line' id='line_1_66' title="bbox 2252 2389 3552 2456; baseline -0.002 -12"><span class='ocrx_word' id='word_1_460' title='bbox 2252 2392 2432 2444; x_wconf 80' lang='grc' dir='ltr'>αὐτοῦ.</span> <span class='ocrx_word' id='word_1_461' title='bbox 2479 2391 2619 2444; x_wconf 75' lang='grc' dir='ltr'>Ἀντὶ</span> <span class='ocrx_word' id='word_1_462' title='bbox 2662 2391 2717 2443; x_wconf 83' lang='grc' dir='ltr'><strong>δὲ</strong></span> <span class='ocrx_word' id='word_1_463' title='bbox 2760 2389 2861 2454; x_wconf 77' lang='grc' dir='ltr'>τοῦ,</span> <span class='ocrx_word' id='word_1_464' title='bbox 2892 2389 3050 2455; x_wconf 83' lang='grc' dir='ltr'>ὁδοὺς</span> <span class='ocrx_word' id='word_1_465' title='bbox 3079 2391 3278 2452; x_wconf 78' lang='grc' dir='ltr'>αὑτοῦ,</span> <span class='ocrx_word' id='word_1_466' title='bbox 3322 2392 3351 2442; x_wconf 89' lang='lat'><strong>6</strong></span> <span class='ocrx_word' id='word_1_467' title='bbox 3403 2391 3552 2456; x_wconf 67' lang='grc' dir='ltr'><strong>’Δκὺ</strong></span> 
     </span>
    </p>
   </div>
   <div class='ocr_carea' id='block_1_67' title="bbox 2251 2479 3545 2550">
    <p class='ocr_par' dir='ltr' id='par_1_67' title="bbox 2251 2479 3545 2550">
     <span class='ocr_line' id='line_1_67' title="bbox 2251 2479 3545 2550; baseline 0.001 -17"><span class='ocrx_word' id='word_1_468' title='bbox 2251 2483 2278 2533; x_wconf 97' lang='lat'><strong>6</strong></span> <span class='ocrx_word' id='word_1_469' title='bbox 2303 2481 2607 2550; x_wconf 80' lang='grc' dir='ltr'><strong>Σύμμαχος,</strong></span> <span class='ocrx_word' id='word_1_470' title='bbox 2635 2479 2998 2542; x_wconf 77' lang='grc' dir='ltr'>ὀδύνὲαυτοῦ,</span> <span class='ocrx_word' id='word_1_471' title='bbox 3019 2481 3225 2550; x_wconf 76' lang='grc' dir='ltr'>ἔφησεν.</span> <span class='ocrx_word' id='word_1_472' title='bbox 3247 2481 3488 2550; x_wconf 75' lang='grc' dir='ltr'>Ταύτην</span> <span class='ocrx_word' id='word_1_473' title='bbox 3507 2500 3545 2549; x_wconf 74' lang='grc' dir='ltr'>γ</span> 
     </span>
    </p>
   </div>
   <div class='ocr_carea' id='block_1_68' title="bbox 2250 2570 3550 2642">
    <p class='ocr_par' dir='ltr' id='par_1_68' title="bbox 2250 2570 3550 2642">
     <span class='ocr_line' id='line_1_68' title="bbox 2250 2570 3550 2642; baseline 0.002 -20"><span class='ocrx_word' id='word_1_474' title='bbox 2250 2573 2277 2623; x_wconf 89' lang='lat'><strong>6</strong></span> <span class='ocrx_word' id='word_1_475' title='bbox 2305 2571 2490 2640; x_wconf 82' lang='grc' dir='ltr'>Σωτὴρ</span> <span class='ocrx_word' id='word_1_476' title='bbox 2535 2570 2731 2622; x_wconf 81' lang='grc' dir='ltr'>ὥδευσε</span> <span class='ocrx_word' id='word_1_477' title='bbox 2763 2571 2852 2640; x_wconf 81' lang='grc' dir='ltr'>τὴν</span> <span class='ocrx_word' id='word_1_478' title='bbox 2889 2570 2995 2622; x_wconf 80' lang='grc' dir='ltr'>ὁδὸν</span> <span class='ocrx_word' id='word_1_479' title='bbox 3024 2570 3158 2622; x_wconf 82' lang='grc' dir='ltr'>κατὰ</span> <span class='ocrx_word' id='word_1_480' title='bbox 3183 2571 3245 2623; x_wconf 77' lang='grc' dir='ltr'><strong>τὸ</strong></span> <span class='ocrx_word' id='word_1_481' title='bbox 3276 2571 3458 2639; x_wconf 76' lang='grc' dir='ltr'>λελεγ</span> <span class='ocrx_word' id='word_1_482' title='bbox 3469 2573 3550 2642; x_wconf 75' lang='grc' dir='ltr'><strong>μὲ-</strong></span> 
     </span>
    </p>
   </div>
   <div class='ocr_carea' id='block_1_69' title="bbox 2251 2658 3550 2729">
    <p class='ocr_par' dir='ltr' id='par_1_69' title="bbox 2251 2658 3550 2729">
     <span class='ocr_line' id='line_1_69' title="bbox 2251 2658 3550 2729; baseline 0.004 -18"><span class='ocrx_word' id='word_1_483' title='bbox 2251 2661 2376 2711; x_wconf 85' lang='grc' dir='ltr'>θετε</span> <span class='ocrx_word' id='word_1_484' title='bbox 2403 2659 2500 2711; x_wconf 79' lang='grc' dir='ltr'><strong>ἀπ’</strong></span> <span class='ocrx_word' id='word_1_485' title='bbox 2522 2659 2662 2726; x_wconf 84' lang='grc' dir='ltr'><strong>ἐμοῦ</strong></span> <span class='ocrx_word' id='word_1_486' title='bbox 2696 2658 2781 2710; x_wconf 86' lang='grc' dir='ltr'>ὅτι</span> <span class='ocrx_word' id='word_1_487' title='bbox 2800 2659 2975 2726; x_wconf 80' lang='grc' dir='ltr'>πρᾶός</span> <span class='ocrx_word' id='word_1_488' title='bbox 2998 2663 3107 2728; x_wconf 78' lang='grc' dir='ltr'>ειμι</span> <span class='ocrx_word' id='word_1_489' title='bbox 3129 2661 3227 2714; x_wconf 81' lang='grc' dir='ltr'>καὶ</span> <span class='ocrx_word' id='word_1_490' title='bbox 3242 2664 3550 2729; x_wconf 78' lang='grc' dir='ltr'>ταπεινὸς</span> 
     </span>
    </p>
   </div>
   <div class='ocr_carea' id='block_1_70' title="bbox 2250 2742 3548 2822">
    <p class='ocr_par' dir='ltr' id='par_1_70' title="bbox 2250 2742 3548 2822">
     <span class='ocr_line' id='line_1_70' title="bbox 2250 2742 3548 2822; baseline 0.009 -29"><span class='ocrx_word' id='word_1_491' title='bbox 2250 2742 2364 2809; x_wconf 80' lang='grc' dir='ltr'><strong>δίᾳ.</strong></span> <span class='ocrx_word' id='word_1_492' title='bbox 2391 2744 2543 2795; x_wconf 83' lang='grc' dir='ltr'>Κατὰ</span> <span class='ocrx_word' id='word_1_493' title='bbox 2572 2743 2774 2814; x_wconf 78' lang='grc' dir='ltr'>ταύτην</span> <span class='ocrx_word' id='word_1_494' title='bbox 2795 2742 2882 2798; x_wconf 82' lang='grc' dir='ltr'><strong>οὖν</strong></span> <span class='ocrx_word' id='word_1_495' title='bbox 2929 2746 3067 2813; x_wconf 79' lang='grc' dir='ltr'><strong>ἄγων</strong></span> <span class='ocrx_word' id='word_1_496' title='bbox 3109 2749 3334 2813; x_wconf 73' lang='grc' dir='ltr'>αὐτοὺς,</span> <span class='ocrx_word' id='word_1_497' title='bbox 3392 2752 3548 2822; x_wconf 76' lang='grc' dir='ltr'>ὁδηγ</span> 
     </span>
    </p>
   </div>
   <div class='ocr_carea' id='block_1_71' title="bbox 2251 2832 3552 2910">
    <p class='ocr_par' dir='ltr' id='par_1_71' title="bbox 2251 2832 3552 2910">
     <span class='ocr_line' id='line_1_71' title="bbox 2251 2832 3552 2910; baseline 0.011 -28"><span class='ocrx_word' id='word_1_498' title='bbox 2251 2832 2341 2884; x_wconf 73' lang='grc' dir='ltr'><strong>καὶ</strong></span> <span class='ocrx_word' id='word_1_499' title='bbox 2364 2835 2690 2902; x_wconf 77' lang='grc' dir='ltr'>χειραγωγὸς</span> <span class='ocrx_word' id='word_1_500' title='bbox 2713 2836 2911 2903; x_wconf 75' lang='grc' dir='ltr'>γίνεται</span> <span class='ocrx_word' id='word_1_501' title='bbox 2930 2853 2942 2865; x_wconf 91' lang='grc'><strong>·</strong></span> <span class='ocrx_word' id='word_1_502' title='bbox 2980 2837 3163 2908; x_wconf 84' lang='grc' dir='ltr'>διόπερ</span> <span class='ocrx_word' id='word_1_503' title='bbox 3189 2838 3268 2901; x_wconf 83' lang='grc' dir='ltr'>ὡς</span> <span class='ocrx_word' id='word_1_504' title='bbox 3299 2841 3492 2910; x_wconf 70' lang='grc' dir='ltr'>σοφὸς</span> <span class='ocrx_word' id='word_1_505' title='bbox 3522 2864 3552 2897; x_wconf 75' lang='grc' dir='ltr'><strong>ν</strong></span> 
     </span>
    </p>
   </div>
   <div class='ocr_carea' id='block_1_72' title="bbox 2250 2923 3552 3001">
    <p class='ocr_par' dir='ltr' id='par_1_72' title="bbox 2250 2923 3552 3001">
     <span class='ocr_line' id='line_1_72' title="bbox 2250 2923 3552 3001; baseline 0.008 -27"><span class='ocrx_word' id='word_1_506' title='bbox 2250 2923 2410 2991; x_wconf 81' lang='grc' dir='ltr'>ἄλλην</span> <span class='ocrx_word' id='word_1_507' title='bbox 2440 2925 2536 2993; x_wconf 83' lang='grc' dir='ltr'>μὲν</span> <span class='ocrx_word' id='word_1_508' title='bbox 2579 2926 2692 2977; x_wconf 83' lang='grc' dir='ltr'>ὁδὸν</span> <span class='ocrx_word' id='word_1_509' title='bbox 2743 2927 3068 2979; x_wconf 75' lang='grc' dir='ltr'>ἐπιδείκνυσι</span> <span class='ocrx_word' id='word_1_510' title='bbox 3093 2931 3206 2991; x_wconf 74' lang='grc' dir='ltr'>τοῖς</span> <span class='ocrx_word' id='word_1_511' title='bbox 3226 2929 3552 3001; x_wconf 75' lang='grc' dir='ltr'>ἁμαρτὰνε</span> 
     </span>
    </p>
   </div>
   <div class='ocr_carea' id='block_1_73' title="bbox 2254 3011 2783 3083">
    <p class='ocr_par' dir='ltr' id='par_1_73' title="bbox 2254 3011 2783 3083">
     <span class='ocr_line' id='line_1_73' title="bbox 2254 3011 2783 3083; baseline 0.009 -21"><span class='ocrx_word' id='word_1_512' title='bbox 2254 3027 2348 3079; x_wconf 86' lang='grc' dir='ltr'><strong>ραν</strong></span> <span class='ocrx_word' id='word_1_513' title='bbox 2371 3011 2426 3063; x_wconf 86' lang='grc' dir='ltr'>δὲ</span> <span class='ocrx_word' id='word_1_514' title='bbox 2450 3015 2558 3075; x_wconf 84' lang='grc' dir='ltr'>τοῖς</span> <span class='ocrx_word' id='word_1_515' title='bbox 2575 3015 2783 3083; x_wconf 84' lang='grc' dir='ltr'>πράοις.</span> 
     </span>
    </p>
   </div>
   <div class='ocr_carea' id='block_1_74' title="bbox 2316 3099 3550 3172">
    <p class='ocr_par' dir='ltr' id='par_1_74' title="bbox 2316 3099 3550 3172">
     <span class='ocr_line' id='line_1_74' title="bbox 2316 3099 3550 3172; baseline 0.01 -20"><span class='ocrx_word' id='word_1_516' title='bbox 2316 3099 2508 3154; x_wconf 79' lang='grc' dir='ltr'>Πᾶσαι</span> <span class='ocrx_word' id='word_1_517' title='bbox 2553 3105 2611 3155; x_wconf 80' lang='grc' dir='ltr'>αἱ</span> <span class='ocrx_word' id='word_1_518' title='bbox 2652 3103 2775 3155; x_wconf 80' lang='grc' dir='ltr'>ὁδοὶ</span> <span class='ocrx_word' id='word_1_519' title='bbox 2807 3105 3030 3171; x_wconf 79' lang='grc' dir='ltr'>Κυρίου</span> <span class='ocrx_word' id='word_1_520' title='bbox 3069 3105 3252 3172; x_wconf 72' lang='grc' dir='ltr'>ἕλεος</span> <span class='ocrx_word' id='word_1_521' title='bbox 3288 3109 3405 3162; x_wconf 81' lang='grc' dir='ltr'>καὶ</span> <span class='ocrx_word' id='word_1_522' title='bbox 3457 3112 3550 3164; x_wconf 59' lang='grc' dir='ltr'><strong>ἀλ</strong></span> 
     </span>
    </p>
   </div>
   <div class='ocr_carea' id='block_1_75' title="bbox 2245 3186 3550 3260">
    <p class='ocr_par' dir='ltr' id='par_1_75' title="bbox 2245 3186 3550 3260">
     <span class='ocr_line' id='line_1_75' title="bbox 2245 3186 3550 3260; baseline 0.011 -21"><span class='ocrx_word' id='word_1_523' title='bbox 2245 3186 2546 3256; x_wconf 81' lang='grc' dir='ltr'>ἐκζητοῦσι</span> <span class='ocrx_word' id='word_1_524' title='bbox 2593 3190 2705 3257; x_wconf 81' lang='grc' dir='ltr'><strong>τὴν</strong></span> <span class='ocrx_word' id='word_1_525' title='bbox 2738 3193 3038 3260; x_wconf 74' lang='grc' dir='ltr'>Διαθήκηγ</span> <span class='ocrx_word' id='word_1_526' title='bbox 3085 3197 3288 3249; x_wconf 78' lang='grc' dir='ltr'>αὑτοῦ</span> <span class='ocrx_word' id='word_1_527' title='bbox 3325 3199 3446 3251; x_wconf 80' lang='grc' dir='ltr'>καὶ</span> <span class='ocrx_word' id='word_1_528' title='bbox 3493 3219 3550 3253; x_wconf 79' lang='grc' dir='ltr'><strong>τι</strong></span> 
     </span>
    </p>
   </div>
   <div class='ocr_carea' id='block_1_76' title="bbox 2245 3278 3547 3351">
    <p class='ocr_par' dir='ltr' id='par_1_76' title="bbox 2245 3278 3547 3351">
     <span class='ocr_line' id='line_1_76' title="bbox 2245 3278 3547 3351; baseline 0.012 -23"><span class='ocrx_word' id='word_1_529' title='bbox 2245 3278 2443 3330; x_wconf 83' lang='grc' dir='ltr'>αὐτοῦ.</span> <span class='ocrx_word' id='word_1_530' title='bbox 2468 3279 2662 3331; x_wconf 65' lang='grc' dir='ltr'><strong>Πολλαὶ⁴</strong></span> <span class='ocrx_word' id='word_1_531' title='bbox 2691 3281 2808 3350; x_wconf 82' lang='grc' dir='ltr'>μὲν,</span> <span class='ocrx_word' id='word_1_532' title='bbox 2847 3283 3040 3351; x_wconf 62' lang='grc' dir='ltr'>φησιν,</span> <span class='ocrx_word' id='word_1_533' title='bbox 3074 3287 3131 3336; x_wconf 81' lang='grc' dir='ltr'><strong>αἱ</strong></span> <span class='ocrx_word' id='word_1_534' title='bbox 3167 3286 3290 3338; x_wconf 63' lang='lat' dir='ltr'>660i.</span> <span class='ocrx_word' id='word_1_535' title='bbox 3318 3289 3435 3341; x_wconf 66' lang='grc' dir='ltr'><strong>τοῦ</strong></span> <span class='ocrx_word' id='word_1_536' title='bbox 3471 3293 3547 3343; x_wconf 54' lang='grc' dir='ltr'>Κπ</span> 
     </span>
    </p>
   </div>
   <div class='ocr_carea' id='block_1_77' title="bbox 2246 3365 3546 3446">
    <p class='ocr_par' dir='ltr' id='par_1_77' title="bbox 2246 3365 3546 3446">
     <span class='ocr_line' id='line_1_77' title="bbox 2246 3365 3546 3446; baseline 0.012 -30"><span class='ocrx_word' id='word_1_537' title='bbox 2246 3365 2356 3417; x_wconf 83' lang='grc' dir='ltr'>ἀλλ’</span> <span class='ocrx_word' id='word_1_538' title='bbox 2376 3368 2431 3417; x_wconf 85' lang='grc' dir='ltr'>ὲν</span> <span class='ocrx_word' id='word_1_539' title='bbox 2459 3368 2654 3430; x_wconf 87' lang='grc' dir='ltr'>πάσαις</span> <span class='ocrx_word' id='word_1_540' title='bbox 2679 3368 2737 3421; x_wconf 86' lang='lat'><strong>16</strong></span> <span class='ocrx_word' id='word_1_541' title='bbox 2765 3369 2918 3433; x_wconf 77' lang='grc' dir='ltr'>ἕλεος</span> <span class='ocrx_word' id='word_1_542' title='bbox 2950 3371 3130 3424; x_wconf 77' lang='grc' dir='ltr'>αὑτοῦ</span> <span class='ocrx_word' id='word_1_543' title='bbox 3161 3378 3546 3446; x_wconf 71' lang='grc' dir='ltr'>προτρέχειι</span> 
     </span>
    </p>
   </div>
   <div class='ocr_carea' id='block_1_78' title="bbox 2247 3455 3546 3533">
    <p class='ocr_par' dir='ltr' id='par_1_78' title="bbox 2247 3455 3546 3533">
     <span class='ocr_line' id='line_1_78' title="bbox 2247 3455 3546 3533; baseline 0.015 -34"><span class='ocrx_word' id='word_1_544' title='bbox 2247 3455 2607 3522; x_wconf 80' lang='grc' dir='ltr'>συμπαρορμᾷ</span> <span class='ocrx_word' id='word_1_545' title='bbox 2627 3456 2659 3522; x_wconf 87' lang='grc' dir='ltr'><strong>ή</strong></span> <span class='ocrx_word' id='word_1_546' title='bbox 2683 3455 2914 3525; x_wconf 82' lang='grc' dir='ltr'>ἀλήθεια</span> <span class='ocrx_word' id='word_1_547' title='bbox 2939 3474 2953 3487; x_wconf 87' lang='grc'><strong>·</strong></span> <span class='ocrx_word' id='word_1_548' title='bbox 3001 3458 3157 3510; x_wconf 73' lang='grc' dir='ltr'>ἐλεεῖ</span> <span class='ocrx_word' id='word_1_549' title='bbox 3195 3461 3324 3533; x_wconf 84' lang='grc' dir='ltr'><strong>γὰρ</strong></span> <span class='ocrx_word' id='word_1_550' title='bbox 3354 3465 3446 3516; x_wconf 76' lang='grc' dir='ltr'><strong>τὰ</strong></span> <span class='ocrx_word' id='word_1_551' title='bbox 3479 3467 3546 3518; x_wconf 63' lang='lat' dir='ltr'>6x</span> 
     </span>
    </p>
   </div>
   <div class='ocr_carea' id='block_1_79' title="bbox 2247 3537 3546 3624">
    <p class='ocr_par' dir='ltr' id='par_1_79' title="bbox 2247 3537 3546 3624">
     <span class='ocr_line' id='line_1_79' title="bbox 2247 3537 3546 3624; baseline 0.012 -35"><span class='ocrx_word' id='word_1_552' title='bbox 2247 3537 2575 3606; x_wconf 78' lang='grc' dir='ltr'>βδελύσσεται</span> <span class='ocrx_word' id='word_1_553' title='bbox 2633 3537 2704 3594; x_wconf 85' lang='grc' dir='ltr'>ὧν</span> <span class='ocrx_word' id='word_1_554' title='bbox 2737 3545 3042 3613; x_wconf 79' lang='grc' dir='ltr'>ἐποίησεν·</span> <span class='ocrx_word' id='word_1_555' title='bbox 3101 3548 3239 3600; x_wconf 76' lang='grc' dir='ltr'>οὐδὲ</span> <span class='ocrx_word' id='word_1_556' title='bbox 3289 3550 3430 3623; x_wconf 81' lang='grc' dir='ltr'>γὰρ</span> <span class='ocrx_word' id='word_1_557' title='bbox 3513 3572 3546 3624; x_wconf 63' lang='grc' dir='ltr'><strong>μ</strong></span> 
     </span>
    </p>
   </div>
   <div class='ocr_carea' id='block_1_80' title="bbox 2245 3631 3546 3714">
    <p class='ocr_par' dir='ltr' id='par_1_80' title="bbox 2245 3631 3546 3714">
     <span class='ocr_line' id='line_1_80' title="bbox 2245 3631 3546 3714; baseline 0.013 -33"><span class='ocrx_word' id='word_1_558' title='bbox 2245 3631 2515 3684; x_wconf 80' lang='grc' dir='ltr'>εσκεύασε.</span> <span class='ocrx_word' id='word_1_559' title='bbox 2535 3633 2666 3685; x_wconf 82' lang='grc' dir='ltr'>Καθ’</span> <span class='ocrx_word' id='word_1_560' title='bbox 2690 3636 2940 3704; x_wconf 80' lang='grc' dir='ltr'>ἑκάστην</span> <span class='ocrx_word' id='word_1_561' title='bbox 2957 3637 3160 3691; x_wconf 79' lang='grc' dir='ltr'>τοίνυν</span> <span class='ocrx_word' id='word_1_562' title='bbox 3196 3641 3337 3693; x_wconf 75' lang='grc' dir='ltr'>ὁδὸν</span> <span class='ocrx_word' id='word_1_563' title='bbox 3363 3645 3497 3714; x_wconf 65' lang='grc' dir='ltr'>τῆς</span> <span class='ocrx_word' id='word_1_564' title='bbox 3527 3665 3546 3677; x_wconf 83' lang='grc'><strong>·</strong></span> 
     </span>
    </p>
   </div>
   <div class='ocr_carea' id='block_1_81' title="bbox 2245 3725 3546 3796">
    <p class='ocr_par' dir='ltr' id='par_1_81' title="bbox 2245 3725 3546 3796">
     <span class='ocr_line' id='line_1_81' title="bbox 2245 3725 3546 3796; baseline 0.013 -22"><span class='ocrx_word' id='word_1_565' title='bbox 2245 3725 2450 3792; x_wconf 78' lang='grc' dir='ltr'>κήσεὼς</span> <span class='ocrx_word' id='word_1_566' title='bbox 2485 3743 2543 3776; x_wconf 92' lang='grc' dir='ltr'><strong>τε</strong></span> <span class='ocrx_word' id='word_1_567' title='bbox 2583 3727 2672 3777; x_wconf 69' lang='grc' dir='ltr'><strong>καὶ</strong></span> <span class='ocrx_word' id='word_1_568' title='bbox 2717 3728 2998 3796; x_wconf 78' lang='grc' dir='ltr'>προνοίας</span> <span class='ocrx_word' id='word_1_569' title='bbox 3035 3730 3103 3781; x_wconf 84' lang='grc' dir='ltr'><strong>τὸ</strong></span> <span class='ocrx_word' id='word_1_570' title='bbox 3150 3729 3330 3796; x_wconf 81' lang='grc' dir='ltr'>ἕλεος</span> <span class='ocrx_word' id='word_1_571' title='bbox 3392 3739 3546 3790; x_wconf 62' lang='grc' dir='ltr'>αὕτη</span> 
     </span>
    </p>
   </div>
   <div class='ocr_carea' id='block_1_82' title="bbox 2243 3813 3546 3891">
    <p class='ocr_par' dir='ltr' id='par_1_82' title="bbox 2243 3813 3546 3891">
     <span class='ocr_line' id='line_1_82' title="bbox 2243 3813 3546 3891; baseline 0.012 -28"><span class='ocrx_word' id='word_1_572' title='bbox 2243 3813 2426 3866; x_wconf 72' lang='grc' dir='ltr'>ἕπεται</span> <span class='ocrx_word' id='word_1_573' title='bbox 2473 3814 2528 3864; x_wconf 84' lang='grc' dir='ltr'>δὲ</span> <span class='ocrx_word' id='word_1_574' title='bbox 2574 3816 2647 3884; x_wconf 82' lang='grc' dir='ltr'><strong>τῷ</strong></span> <span class='ocrx_word' id='word_1_575' title='bbox 2679 3816 2814 3885; x_wconf 82' lang='grc' dir='ltr'><strong>ἐλέῳ</strong></span> <span class='ocrx_word' id='word_1_576' title='bbox 2852 3819 2890 3886; x_wconf 85' lang='grc' dir='ltr'>ἡ</span> <span class='ocrx_word' id='word_1_577' title='bbox 2946 3819 3242 3886; x_wconf 73' lang='grc' dir='ltr'>ἀλήθεια..</span> <span class='ocrx_word' id='word_1_578' title='bbox 3291 3827 3466 3891; x_wconf 82' lang='grc' dir='ltr'>Τοῖς</span> <span class='ocrx_word' id='word_1_579' title='bbox 3535 3831 3546 3870; x_wconf 75' lang='lat' dir='ltr'><strong>i</strong></span> 
     </span>
    </p>
   </div>
   <div class='ocr_carea' id='block_1_83' title="bbox 2243 3901 3546 3980">
    <p class='ocr_par' dir='ltr' id='par_1_83' title="bbox 2243 3901 3546 3980">
     <span class='ocr_line' id='line_1_83' title="bbox 2243 3901 3546 3980; baseline 0.015 -29"><span class='ocrx_word' id='word_1_580' title='bbox 2243 3901 2665 3971; x_wconf 79' lang='grc' dir='ltr'>ἀσχολουμένοις,</span> <span class='ocrx_word' id='word_1_581' title='bbox 2711 3906 2737 3956; x_wconf 88' lang='grc' dir='ltr'>ὁ</span> <span class='ocrx_word' id='word_1_582' title='bbox 2779 3905 2978 3957; x_wconf 84' lang='grc' dir='ltr'>εἰπών</span> <span class='ocrx_word' id='word_1_583' title='bbox 3003 3924 3018 3937; x_wconf 81' lang='grc'><em>’</em></span> <span class='ocrx_word' id='word_1_584' title='bbox 3075 3913 3416 3980; x_wconf 80' lang='grc' dir='ltr'>Ζητεῖτε,</span> <span class='ocrx_word' id='word_1_585' title='bbox 3459 3935 3546 3970; x_wconf 76' lang='grc' dir='ltr'>κε</span> 
     </span>
    </p>
   </div>
   <div class='ocr_carea' id='block_1_84' title="bbox 2243 3995 3545 4082">
    <p class='ocr_par' dir='ltr' id='par_1_84' title="bbox 2243 3995 3545 4082">
     <span class='ocr_line' id='line_1_84' title="bbox 2243 3995 3545 4082; baseline 0.015 -40"><span class='ocrx_word' id='word_1_586' title='bbox 2243 3995 2494 4058; x_wconf 79' lang='grc' dir='ltr'>κρούετε,</span> <span class='ocrx_word' id='word_1_587' title='bbox 2557 3996 2651 4047; x_wconf 79' lang='grc' dir='ltr'>καὶ</span> <span class='ocrx_word' id='word_1_588' title='bbox 2679 3997 3126 4066; x_wconf 71' lang='grc' dir='ltr'>ἀνοιγήσεται</span> <span class='ocrx_word' id='word_1_589' title='bbox 3149 4005 3367 4072; x_wconf 72' lang='grc' dir='ltr'><strong>ὑμῖν,</strong></span> <span class='ocrx_word' id='word_1_590' title='bbox 3417 4010 3545 4082; x_wconf 52' lang='lat' dir='ltr'><strong>rip</strong></span> 
     </span>
    </p>
   </div>
   <div class='ocr_carea' id='block_1_85' title="bbox 2241 4082 3548 4160">
    <p class='ocr_par' dir='ltr' id='par_1_85' title="bbox 2241 4082 3548 4160">
     <span class='ocr_line' id='line_1_85' title="bbox 2241 4082 3548 4160; baseline 0.017 -28"><span class='ocrx_word' id='word_1_591' title='bbox 2241 4082 2509 4150; x_wconf 84' lang='grc' dir='ltr'>τουμένων</span> <span class='ocrx_word' id='word_1_592' title='bbox 2558 4084 2813 4155; x_wconf 78' lang='grc' dir='ltr'>ἀλήθειαν</span> <span class='ocrx_word' id='word_1_593' title='bbox 2885 4093 3394 4160; x_wconf 75' lang='grc' dir='ltr'>παραδίδωσιν.</span> <span class='ocrx_word' id='word_1_594' title='bbox 3437 4102 3548 4154; x_wconf 75' lang='grc' dir='ltr'>Δις</span> 
     </span>
    </p>
   </div>
   <div class='ocr_carea' id='block_1_86' title="bbox 2242 4171 3550 4248">
    <p class='ocr_par' dir='ltr' id='par_1_86' title="bbox 2242 4171 3550 4248">
     <span class='ocr_line' id='line_1_86' title="bbox 2242 4171 3550 4248; baseline 0.016 -28"><span class='ocrx_word' id='word_1_595' title='bbox 2242 4171 2463 4236; x_wconf 82' lang='grc' dir='ltr'>γενικῶς</span> <span class='ocrx_word' id='word_1_596' title='bbox 2492 4175 2580 4225; x_wconf 73' lang='grc' dir='ltr'><strong>καὶ</strong></span> <span class='ocrx_word' id='word_1_597' title='bbox 2610 4175 2725 4226; x_wconf 86' lang='grc' dir='ltr'>καθ’</span> <span class='ocrx_word' id='word_1_598' title='bbox 2747 4177 2889 4229; x_wconf 81' lang='grc' dir='ltr'>ὅλου</span> <span class='ocrx_word' id='word_1_599' title='bbox 2939 4178 3359 4248; x_wconf 78' lang='grc' dir='ltr'>ὠνόμασται</span> <span class='ocrx_word' id='word_1_600' title='bbox 3405 4191 3550 4240; x_wconf 74' lang='grc' dir='ltr'><strong>πᾶ(</strong></span> 
     </span>
    </p>
   </div>
   <div class='ocr_carea' id='block_1_87' title="bbox 2242 4260 3552 4342">
    <p class='ocr_par' dir='ltr' id='par_1_87' title="bbox 2242 4260 3552 4342">
     <span class='ocr_line' id='line_1_87' title="bbox 2242 4260 3552 4342; baseline 0.011 -31"><span class='ocrx_word' id='word_1_601' title='bbox 2242 4260 2592 4329; x_wconf 82' lang='grc' dir='ltr'>παραδοθεῖσα</span> <span class='ocrx_word' id='word_1_602' title='bbox 2622 4263 3027 4329; x_wconf 74' lang='grc' dir='ltr'>θεόπνευστος</span> <span class='ocrx_word' id='word_1_603' title='bbox 3055 4269 3350 4342; x_wconf 70' lang='grc' dir='ltr'>Γραφή.</span> <span class='ocrx_word' id='word_1_604' title='bbox 3383 4276 3552 4342; x_wconf 58' lang='grc' dir='ltr'><strong>Μαι</strong></span> 
     </span>
    </p>
   </div>
   <div class='ocr_carea' id='block_1_88' title="bbox 2239 4349 3550 4433">
    <p class='ocr_par' dir='ltr' id='par_1_88' title="bbox 2239 4349 3550 4433">
     <span class='ocr_line' id='line_1_88' title="bbox 2239 4349 3550 4433; baseline 0.031 -34"><span class='ocrx_word' id='word_1_605' title='bbox 2239 4349 2487 4417; x_wconf 80' lang='grc' dir='ltr'>τυγχάνει</span> <span class='ocrx_word' id='word_1_606' title='bbox 2523 4353 2636 4422; x_wconf 70' lang='grc' dir='ltr'>ἦτοι</span> <span class='ocrx_word' id='word_1_607' title='bbox 2656 4352 2722 4405; x_wconf 82' lang='grc' dir='ltr'>τὰ</span> <span class='ocrx_word' id='word_1_608' title='bbox 2745 4359 3210 4426; x_wconf 69' lang='grc' dir='ltr'>προφητικῶς</span> <span class='ocrx_word' id='word_1_609' title='bbox 3250 4365 3442 4433; x_wconf 46' lang='grc' dir='ltr'>περὶ</span> <span class='ocrx_word' id='word_1_610' title='bbox 3498 4386 3550 4419; x_wconf 74' lang='grc' dir='ltr'>α</span> 
     </span>
    </p>
   </div>
   <div class='ocr_carea' id='block_1_89' title="bbox 629 4429 2122 4517">
    <p class='ocr_par' dir='ltr' id='par_1_89' title="bbox 629 4429 2116 4503">
     <span class='ocr_line' id='line_1_89' title="bbox 629 4429 2116 4503; baseline 0.005 -22"><span class='ocrx_word' id='word_1_611' title='bbox 629 4430 718 4482; x_wconf 90' lang='lat' dir='ltr'><strong>illo</strong></span> <span class='ocrx_word' id='word_1_612' title='bbox 752 4430 1058 4498; x_wconf 90' lang='lat' dir='ltr'><strong>prophetice</strong></span> <span class='ocrx_word' id='word_1_613' title='bbox 1107 4429 1383 4491; x_wconf 86' lang='lat' dir='ltr'><strong>feruntur.</strong></span> <span class='ocrx_word' id='word_1_614' title='bbox 1434 4439 1526 4484; x_wconf 91' lang='lat' dir='ltr'><strong>aut</strong></span> <span class='ocrx_word' id='word_1_615' title='bbox 1556 4448 1672 4500; x_wconf 71' lang='lat' dir='ltr'><strong>quze</strong></span> <span class='ocrx_word' id='word_1_616' title='bbox 1700 4433 1767 4486; x_wconf 90' lang='lat' dir='ltr'><strong>ab</strong></span> <span class='ocrx_word' id='word_1_617' title='bbox 1813 4432 1926 4500; x_wconf 87' lang='lat' dir='ltr'><strong>ipso</strong></span> <span class='ocrx_word' id='word_1_618' title='bbox 1955 4435 2020 4487; x_wconf 91' lang='lat' dir='ltr'><strong>iis</strong></span> <span class='ocrx_word' id='word_1_619' title='bbox 2049 4453 2116 4503; x_wconf 88' lang='lat' dir='ltr'><strong>qu</strong></span> 
     </span>
    </p>
   </div>
   <div class='ocr_carea' id='block_1_90' title="bbox 2058 4429 3551 4517">
    <p class='ocr_par' dir='ltr' id='par_1_90' title="bbox 2058 4429 3551 4517">
     <span class='ocr_line' id='line_1_90' title="bbox 2058 4429 3551 4517; baseline 0.013 -28"><span class='ocrx_word' id='word_1_620' title='bbox 2058 4436 2137 4503; x_wconf 68' lang='lat' dir='ltr'><strong>qui</strong></span> <span class='ocrx_word' id='word_1_621' title='bbox 2173 4443 2423 4511; x_wconf 72' lang='grc' dir='ltr'>υΓραφῇ</span> <span class='ocrx_word' id='word_1_622' title='bbox 2479 4444 3023 4513; x_wconf 74' lang='grc' dir='ltr'>μεμαρτυρημένα,</span> <span class='ocrx_word' id='word_1_623' title='bbox 3107 4448 3154 4517; x_wconf 81' lang='grc' dir='ltr'><strong>ἢ</strong></span> <span class='ocrx_word' id='word_1_624' title='bbox 3230 4449 3332 4502; x_wconf 80' lang='grc' dir='ltr'>τὰ</span> <span class='ocrx_word' id='word_1_625' title='bbox 3365 4429 3551 4508; x_wconf 28' lang='grc' dir='ltr'>*κατ</span> 
     </span>
    </p>
   </div>
   <div class='ocr_carea' id='block_1_91' title="bbox 628 4519 2137 4587">
    <p class='ocr_par' dir='ltr' id='par_1_91' title="bbox 628 4519 2137 4587">
     <span class='ocr_line' id='line_1_91' title="bbox 628 4519 2137 4587; baseline 0.003 -14"><span class='ocrx_word' id='word_1_626' title='bbox 628 4519 680 4573; x_wconf 83' lang='grc' dir='ltr'><strong>ἰη</strong></span> <span class='ocrx_word' id='word_1_627' title='bbox 698 4519 856 4574; x_wconf 85' lang='lat' dir='ltr'><strong>rebus</strong></span> <span class='ocrx_word' id='word_1_628' title='bbox 871 4521 1063 4573; x_wconf 86' lang='lat' dir='ltr'><strong>divinis</strong></span> <span class='ocrx_word' id='word_1_629' title='bbox 1095 4521 1462 4583; x_wconf 86' lang='lat' dir='ltr'><strong>instituuntur,</strong></span> <span class='ocrx_word' id='word_1_630' title='bbox 1481 4522 1850 4576; x_wconf 77' lang='lat' dir='ltr'><strong>testificatione</strong></span> <span class='ocrx_word' id='word_1_631' title='bbox 1880 4523 2137 4587; x_wconf 88' lang='lat' dir='ltr'><strong>adhibita,</strong></span> 
     </span>
    </p>
   </div>
   <div class='ocr_carea' id='block_1_92' title="bbox 624 4618 1054 4680">
    <p class='ocr_par' dir='ltr' id='par_1_92' title="bbox 624 4618 1054 4680">
     <span class='ocr_line' id='line_1_92' title="bbox 624 4618 1054 4680; baseline 0 -15"><span class='ocrx_word' id='word_1_632' title='bbox 624 4618 882 4680; x_wconf 71' lang='lat' dir='ltr'><strong>pmcepta</strong></span> <span class='ocrx_word' id='word_1_633' title='bbox 913 4619 1054 4665; x_wconf 90' lang='lat' dir='ltr'><strong>sunt.</strong></span> 
     </span>
    </p>
   </div>
   <div class='ocr_carea' id='block_1_93' title="bbox 688 4717 2140 4791">
    <p class='ocr_par' dir='ltr' id='par_1_93' title="bbox 688 4717 2140 4791">
     <span class='ocr_line' id='line_1_93' title="bbox 688 4717 2140 4791; baseline 0.002 -19"><span class='ocrx_word' id='word_1_634' title='bbox 688 4717 849 4774; x_wconf 67' lang='lat' dir='ltr'><strong>Vens.</strong></span> <span class='ocrx_word' id='word_1_635' title='bbox 877 4719 962 4782; x_wconf 75' lang='grc'><strong>12,</strong></span> <span class='ocrx_word' id='word_1_636' title='bbox 997 4721 1079 4773; x_wconf 80' lang='grc'><strong>15.</strong></span> <span class='ocrx_word' id='word_1_637' title='bbox 1123 4721 1250 4786; x_wconf 83' lang='lat' dir='ltr'><strong>Quis</strong></span> <span class='ocrx_word' id='word_1_638' title='bbox 1281 4733 1355 4774; x_wconf 87' lang='lat' dir='ltr'><strong>est</strong></span> <span class='ocrx_word' id='word_1_639' title='bbox 1381 4721 1526 4774; x_wconf 84' lang='lat' dir='ltr'><strong>homo</strong></span> <span class='ocrx_word' id='word_1_640' title='bbox 1551 4724 1637 4791; x_wconf 81' lang='lat' dir='ltr'><strong>qui</strong></span> <span class='ocrx_word' id='word_1_641' title='bbox 1667 4725 1807 4776; x_wconf 86' lang='lat' dir='ltr'><strong>timet</strong></span> <span class='ocrx_word' id='word_1_642' title='bbox 1830 4723 2140 4777; x_wconf 84' lang='lat' dir='ltr'><strong>Dominum?</strong></span> 
     </span>
    </p>
   </div>
   <div class='ocr_carea' id='block_1_94' title="bbox 621 4809 2137 4881">
    <p class='ocr_par' dir='ltr' id='par_1_94' title="bbox 621 4809 2137 4881">
     <span class='ocr_line' id='line_1_94' title="bbox 621 4809 2137 4881; baseline 0.002 -19"><span class='ocrx_word' id='word_1_643' title='bbox 621 4809 775 4878; x_wconf 81' lang='lat' dir='ltr'><strong>legem</strong></span> <span class='ocrx_word' id='word_1_644' title='bbox 805 4817 991 4861; x_wconf 76' lang='lat' dir='ltr'><strong>statuet</strong></span> <span class='ocrx_word' id='word_1_645' title='bbox 1020 4809 1066 4860; x_wconf 92' lang='lat' dir='ltr'><strong>ei</strong></span> <span class='ocrx_word' id='word_1_646' title='bbox 1089 4809 1139 4861; x_wconf 89' lang='lat' dir='ltr'><strong>in</strong></span> <span class='ocrx_word' id='word_1_647' title='bbox 1169 4810 1278 4866; x_wconf 84' lang='lat' dir='ltr'><strong>via.</strong></span> <span class='ocrx_word' id='word_1_648' title='bbox 1305 4827 1457 4878; x_wconf 86' lang='lat' dir='ltr'><strong>quam</strong></span> <span class='ocrx_word' id='word_1_649' title='bbox 1493 4813 1657 4881; x_wconf 85' lang='lat' dir='ltr'><strong>elegit.</strong></span> <span class='ocrx_word' id='word_1_650' title='bbox 1709 4814 1897 4865; x_wconf 80' lang='lat' dir='ltr'><strong>Anima</strong></span> <span class='ocrx_word' id='word_1_651' title='bbox 1932 4815 2039 4880; x_wconf 88' lang='lat' dir='ltr'><strong>ejus</strong></span> <span class='ocrx_word' id='word_1_652' title='bbox 2086 4815 2137 4865; x_wconf 84' lang='lat' dir='ltr'><strong>in</strong></span> 
     </span>
    </p>
   </div>
   <div class='ocr_carea' id='block_1_95' title="bbox 620 4897 2134 4969">
    <p class='ocr_par' dir='ltr' id='par_1_95' title="bbox 620 4897 2134 4969">
     <span class='ocr_line' id='line_1_95' title="bbox 620 4897 2134 4969; baseline 0.005 -20"><span class='ocrx_word' id='word_1_653' title='bbox 620 4900 760 4951; x_wconf 82' lang='lat' dir='ltr'><strong>bonis</strong></span> <span class='ocrx_word' id='word_1_654' title='bbox 793 4897 1160 4962; x_wconf 83' lang='lat' dir='ltr'><strong>demorabitur,</strong></span> <span class='ocrx_word' id='word_1_655' title='bbox 1181 4910 1227 4952; x_wconf 90' lang='lat' dir='ltr'><strong>et</strong></span> <span class='ocrx_word' id='word_1_656' title='bbox 1251 4916 1418 4953; x_wconf 83' lang='lat' dir='ltr'><strong>semen</strong></span> <span class='ocrx_word' id='word_1_657' title='bbox 1446 4902 1554 4969; x_wconf 84' lang='lat' dir='ltr'><strong>ejus</strong></span> <span class='ocrx_word' id='word_1_658' title='bbox 1582 4903 1902 4955; x_wconf 76' lang='lat' dir='ltr'><strong>hwreditabit</strong></span> <span class='ocrx_word' id='word_1_659' title='bbox 1924 4912 2134 4956; x_wconf 89' lang='lat' dir='ltr'><strong>terram.</strong></span> 
     </span>
    </p>
   </div>
   <div class='ocr_carea' id='block_1_96' title="bbox 621 4988 2134 5060">
    <p class='ocr_par' dir='ltr' id='par_1_96' title="bbox 621 4988 2134 5060">
     <span class='ocr_line' id='line_1_96' title="bbox 621 4988 2134 5060; baseline 0.005 -23"><span class='ocrx_word' id='word_1_660' title='bbox 621 4988 833 5052; x_wconf 83' lang='lat' dir='ltr'><strong>Audiat,</strong></span> <span class='ocrx_word' id='word_1_661' title='bbox 866 4990 1066 5056; x_wconf 90' lang='lat' dir='ltr'><strong>inquit.</strong></span> <span class='ocrx_word' id='word_1_662' title='bbox 1096 4991 1337 5058; x_wconf 91' lang='lat' dir='ltr'><strong>quisquis</strong></span> <span class='ocrx_word' id='word_1_663' title='bbox 1368 4992 1514 5045; x_wconf 89' lang='lat' dir='ltr'><strong>timet</strong></span> <span class='ocrx_word' id='word_1_664' title='bbox 1545 4991 1842 5056; x_wconf 89' lang='lat' dir='ltr'><strong>Dominum,</strong></span> <span class='ocrx_word' id='word_1_665' title='bbox 1875 5005 2031 5060; x_wconf 76' lang='lat' dir='ltr'><strong>atque</strong></span> <span class='ocrx_word' id='word_1_666' title='bbox 2083 4993 2134 5045; x_wconf 91' lang='lat' dir='ltr'><strong>in</strong></span> 
     </span>
    </p>
   </div>
   <div class='ocr_carea' id='block_1_97' title="bbox 622 5077 2136 5147">
    <p class='ocr_par' dir='ltr' id='par_1_97' title="bbox 622 5077 2136 5147">
     <span class='ocr_line' id='line_1_97' title="bbox 622 5077 2136 5147; baseline 0.005 -24"><span class='ocrx_word' id='word_1_667' title='bbox 622 5087 747 5132; x_wconf 86' lang='lat' dir='ltr'><strong>una,</strong></span> <span class='ocrx_word' id='word_1_668' title='bbox 783 5088 938 5140; x_wconf 92' lang='lat' dir='ltr'><strong>quam</strong></span> <span class='ocrx_word' id='word_1_669' title='bbox 965 5077 1138 5144; x_wconf 79' lang='lat' dir='ltr'><strong>elegit,</strong></span> <span class='ocrx_word' id='word_1_670' title='bbox 1175 5079 1259 5130; x_wconf 84' lang='lat' dir='ltr'><strong>via</strong></span> <span class='ocrx_word' id='word_1_671' title='bbox 1300 5080 1517 5140; x_wconf 91' lang='lat' dir='ltr'><strong>incedit,</strong></span> <span class='ocrx_word' id='word_1_672' title='bbox 1559 5079 1809 5147; x_wconf 87' lang='lat' dir='ltr'><strong>quidnam</strong></span> <span class='ocrx_word' id='word_1_673' title='bbox 1845 5081 1943 5147; x_wconf 86' lang='lat' dir='ltr'><strong>ipsi</strong></span> <span class='ocrx_word' id='word_1_674' title='bbox 1979 5095 2136 5133; x_wconf 82' lang='lat' dir='ltr'><strong>even-</strong></span> 
     </span>
    </p>
   </div>
   <div class='ocr_carea' id='block_1_98' title="bbox 2245 4531 3548 4612">
    <p class='ocr_par' dir='ltr' id='par_1_98' title="bbox 2245 4531 3548 4612">
     <span class='ocr_line' id='line_1_98' title="bbox 2245 4531 3548 4612; baseline 0.01 -28"><span class='ocrx_word' id='word_1_675' title='bbox 2245 4533 2332 4584; x_wconf 83' lang='grc' dir='ltr'>ὑπ’</span> <span class='ocrx_word' id='word_1_676' title='bbox 2378 4531 2537 4584; x_wconf 77' lang='grc' dir='ltr'>αὑτοῦ</span> <span class='ocrx_word' id='word_1_677' title='bbox 2587 4535 2694 4593; x_wconf 80' lang='grc' dir='ltr'>τοῖς</span> <span class='ocrx_word' id='word_1_678' title='bbox 2729 4532 2804 4585; x_wconf 80' lang='grc' dir='ltr'>τὰ</span> <span class='ocrx_word' id='word_1_679' title='bbox 2866 4532 3036 4586; x_wconf 82' lang='grc' dir='ltr'>θεῖοι</span> <span class='ocrx_word' id='word_1_680' title='bbox 3110 4539 3548 4612; x_wconf 74' lang='grc' dir='ltr'>παιδευομέ</span> 
     </span>
    </p>
   </div>
   <div class='ocr_carea' id='block_1_99' title="bbox 2246 4621 2396 4690">
    <p class='ocr_par' dir='ltr' id='par_1_99' title="bbox 2246 4621 2396 4690">
     <span class='ocr_line' id='line_1_99' title="bbox 2246 4621 2396 4690; baseline -0.013 -18"><span class='ocrx_word' id='word_1_681' title='bbox 2246 4621 2396 4690; x_wconf 86' lang='grc' dir='ltr'>μένα.</span> 
     </span>
    </p>
   </div>
   <div class='ocr_carea' id='block_1_100' title="bbox 2315 4730 3518 4810">
    <p class='ocr_par' dir='ltr' id='par_1_100' title="bbox 2315 4730 3518 4810">
     <span class='ocr_line' id='line_1_100' title="bbox 2315 4730 3518 4810; baseline 0.012 -28"><span class='ocrx_word' id='word_1_682' title='bbox 2315 4730 2406 4793; x_wconf 84' lang='grc' dir='ltr'><strong>Τίς</strong></span> <span class='ocrx_word' id='word_1_683' title='bbox 2435 4731 2600 4782; x_wconf 80' lang='grc' dir='ltr'>ἐστιν</span> <span class='ocrx_word' id='word_1_684' title='bbox 2625 4730 2993 4798; x_wconf 83' lang='grc' dir='ltr'>ἄνθρωπος</span> <span class='ocrx_word' id='word_1_685' title='bbox 3036 4738 3084 4788; x_wconf 83' lang='grc' dir='ltr'><em>ὀ</em></span> <span class='ocrx_word' id='word_1_686' title='bbox 3121 4741 3518 4810; x_wconf 51' lang='grc' dir='ltr'><strong>φοϐοὐιιε</strong></span> 
     </span>
    </p>
   </div>
   <div class='ocr_carea' id='block_1_101' title="bbox 2240 4819 3498 4896">
    <p class='ocr_par' dir='ltr' id='par_1_101' title="bbox 2240 4819 3498 4896">
     <span class='ocr_line' id='line_1_101' title="bbox 2240 4819 3498 4896; baseline 0.008 -27"><span class='ocrx_word' id='word_1_687' title='bbox 2240 4819 2612 4885; x_wconf 74' lang='grc' dir='ltr'>νομοθετήσει</span> <span class='ocrx_word' id='word_1_688' title='bbox 2641 4819 2805 4884; x_wconf 84' lang='grc' dir='ltr'>αὐτῷ</span> <span class='ocrx_word' id='word_1_689' title='bbox 2829 4821 2928 4872; x_wconf 74' lang='grc' dir='ltr'><strong>ἐν</strong></span> <span class='ocrx_word' id='word_1_690' title='bbox 2960 4822 3161 4888; x_wconf 75' lang='grc' dir='ltr'>ὀδῷ,</span> <span class='ocrx_word' id='word_1_691' title='bbox 3196 4821 3254 4895; x_wconf 79' lang='grc' dir='ltr'><strong><em>ᾖ</em></strong></span> <span class='ocrx_word' id='word_1_692' title='bbox 3300 4831 3498 4896; x_wconf 63' lang='grc' dir='ltr'>αῄρετ</span> 
     </span>
    </p>
   </div>
   <div class='ocr_carea' id='block_1_102' title="bbox 2235 4907 3468 4981">
    <p class='ocr_par' dir='ltr' id='par_1_102' title="bbox 2235 4907 3468 4981">
     <span class='ocr_line' id='line_1_102' title="bbox 2235 4907 3468 4981; baseline 0.011 -23"><span class='ocrx_word' id='word_1_693' title='bbox 2235 4907 2417 4958; x_wconf 83' lang='grc' dir='ltr'>αὑτοῦ</span> <span class='ocrx_word' id='word_1_694' title='bbox 2447 4907 2515 4958; x_wconf 73' lang='grc' dir='ltr'>ἐν</span> <span class='ocrx_word' id='word_1_695' title='bbox 2547 4907 2782 4974; x_wconf 79' lang='grc' dir='ltr'>ἀγαθοῖς</span> <span class='ocrx_word' id='word_1_696' title='bbox 2851 4913 3468 4981; x_wconf 74' lang='grc' dir='ltr'><strong>αὐλισθήσετα</strong></span> 
     </span>
    </p>
   </div>
   <div class='ocr_carea' id='block_1_103' title="bbox 2235 4995 3459 5070">
    <p class='ocr_par' dir='ltr' id='par_1_103' title="bbox 2235 4995 3459 5070">
     <span class='ocr_line' id='line_1_103' title="bbox 2235 4995 3459 5070; baseline 0.011 -22"><span class='ocrx_word' id='word_1_697' title='bbox 2235 4995 2416 5048; x_wconf 84' lang='grc' dir='ltr'>αὑτοῦ</span> <span class='ocrx_word' id='word_1_698' title='bbox 2459 4998 2941 5065; x_wconf 77' lang='grc' dir='ltr'>κληρονομήσει</span> <span class='ocrx_word' id='word_1_699' title='bbox 2985 5002 3187 5070; x_wconf 71' lang='grc' dir='ltr'><strong>γῆν.</strong></span> <span class='ocrx_word' id='word_1_700' title='bbox 3277 5007 3459 5061; x_wconf 80' lang='grc' dir='ltr'><strong>Ἀκς</strong></span> 
     </span>
    </p>
   </div>
   <div class='ocr_carea' id='block_1_104' title="bbox 2237 5083 3435 5162">
    <p class='ocr_par' dir='ltr' id='par_1_104' title="bbox 2237 5083 3435 5162">
     <span class='ocr_line' id='line_1_104' title="bbox 2237 5083 3435 5162; baseline 0.014 -29"><span class='ocrx_word' id='word_1_701' title='bbox 2237 5083 2561 5154; x_wconf 77' lang='grc' dir='ltr'>φοϐούμενος</span> <span class='ocrx_word' id='word_1_702' title='bbox 2606 5087 2694 5138; x_wconf 85' lang='grc' dir='ltr'><strong>τὸν</strong></span> <span class='ocrx_word' id='word_1_703' title='bbox 2737 5089 3040 5159; x_wconf 79' lang='grc' dir='ltr'>Κύριον,</span> <span class='ocrx_word' id='word_1_704' title='bbox 3113 5094 3301 5162; x_wconf 82' lang='grc' dir='ltr'>μίαν</span> <span class='ocrx_word' id='word_1_705' title='bbox 3344 5115 3435 5150; x_wconf 82' lang='grc' dir='ltr'><strong>τε</strong></span> 
     </span>
    </p>
   </div>
   <div class='ocr_carea' id='block_1_105' title="bbox 623 5162 2116 5253">
    <p class='ocr_par' dir='ltr' id='par_1_105' title="bbox 623 5162 2108 5235">
     <span class='ocr_line' id='line_1_105' title="bbox 623 5162 2108 5235; baseline 0.005 -23"><span class='ocrx_word' id='word_1_706' title='bbox 623 5171 799 5213; x_wconf 91' lang='lat' dir='ltr'><strong>turum</strong></span> <span class='ocrx_word' id='word_1_707' title='bbox 831 5162 918 5214; x_wconf 91' lang='lat' dir='ltr'><strong>sit.</strong></span> <span class='ocrx_word' id='word_1_708' title='bbox 951 5162 1015 5214; x_wconf 85' lang='lat' dir='ltr'><strong>Et</strong></span> <span class='ocrx_word' id='word_1_709' title='bbox 1046 5181 1187 5220; x_wconf 91' lang='lat' dir='ltr'><strong>nunc</strong></span> <span class='ocrx_word' id='word_1_710' title='bbox 1219 5167 1430 5235; x_wconf 87' lang='lat' dir='ltr'><strong>quidem</strong></span> <span class='ocrx_word' id='word_1_711' title='bbox 1461 5168 1548 5220; x_wconf 91' lang='lat' dir='ltr'><strong>ille</strong></span> <span class='ocrx_word' id='word_1_712' title='bbox 1581 5167 1734 5220; x_wconf 88' lang='lat' dir='ltr'><strong>malis</strong></span> <span class='ocrx_word' id='word_1_713' title='bbox 1768 5166 2042 5228; x_wconf 81' lang='lat' dir='ltr'><strong>allicietur,</strong></span> <span class='ocrx_word' id='word_1_714' title='bbox 2078 5183 2108 5219; x_wconf 94' lang='lat' dir='ltr'><strong>u</strong></span> 
     </span>
    </p>
   </div>
   <div class='ocr_carea' id='block_1_106' title="bbox 1928 5162 3421 5253">
    <p class='ocr_par' dir='ltr' id='par_1_106' title="bbox 1928 5173 3421 5253">
     <span class='ocr_line' id='line_1_106' title="bbox 1928 5173 3421 5253; baseline 0.013 -36"><span class='ocrx_word' id='word_1_715' title='bbox 1928 5175 2042 5228; x_wconf 64' lang='lat' dir='ltr'><strong>stur,</strong></span> <span class='ocrx_word' id='word_1_716' title='bbox 2078 5175 2136 5219; x_wconf 92' lang='lat' dir='ltr'><strong>ut</strong></span> <span class='ocrx_word' id='word_1_717' title='bbox 2231 5173 2690 5243; x_wconf 82' lang='grc' dir='ltr'>διαπορευόμενος,</span> <span class='ocrx_word' id='word_1_718' title='bbox 2724 5177 2777 5227; x_wconf 82' lang='grc' dir='ltr'><strong>τί</strong></span> <span class='ocrx_word' id='word_1_719' title='bbox 2824 5179 3058 5231; x_wconf 82' lang='grc' dir='ltr'>αὐτὸν</span> <span class='ocrx_word' id='word_1_720' title='bbox 3117 5185 3421 5253; x_wconf 77' lang='grc' dir='ltr'>περιμέ</span> 
     </span>
    </p>
   </div>
   <div class='ocr_carea' id='block_1_107' title="bbox 621 5252 2135 5325">
    <p class='ocr_par' dir='ltr' id='par_1_107' title="bbox 621 5252 2135 5325">
     <span class='ocr_line' id='line_1_107' title="bbox 621 5252 2135 5325; baseline 0.003 -24"><span class='ocrx_word' id='word_1_721' title='bbox 621 5264 717 5318; x_wconf 86' lang='lat' dir='ltr'><strong>par</strong></span> <span class='ocrx_word' id='word_1_722' title='bbox 741 5258 842 5312; x_wconf 88' lang='lat' dir='ltr'><strong>est,</strong></span> <span class='ocrx_word' id='word_1_723' title='bbox 873 5252 1067 5320; x_wconf 86' lang='lat' dir='ltr'><strong>quippe</strong></span> <span class='ocrx_word' id='word_1_724' title='bbox 1096 5256 1186 5323; x_wconf 91' lang='lat' dir='ltr'><strong>qui</strong></span> <span class='ocrx_word' id='word_1_725' title='bbox 1230 5255 1503 5325; x_wconf 88' lang='lat' dir='ltr'><strong>religionis</strong></span> <span class='ocrx_word' id='word_1_726' title='bbox 1546 5269 1607 5308; x_wconf 89' lang='lat' dir='ltr'><strong>ac</strong></span> <span class='ocrx_word' id='word_1_727' title='bbox 1633 5255 1846 5323; x_wconf 87' lang='lat' dir='ltr'><strong>pietatis</strong></span> <span class='ocrx_word' id='word_1_728' title='bbox 1887 5254 2135 5307; x_wconf 84' lang='lat' dir='ltr'><strong>certami-</strong></span> 
     </span>
    </p>
   </div>
   <div class='ocr_carea' id='block_1_108' title="bbox 622 5338 2132 5414">
    <p class='ocr_par' dir='ltr' id='par_1_108' title="bbox 622 5338 2132 5414">
     <span class='ocr_line' id='line_1_108' title="bbox 622 5338 2132 5414; baseline 0.003 -24"><span class='ocrx_word' id='word_1_729' title='bbox 622 5338 778 5392; x_wconf 86' lang='lat' dir='ltr'><strong>nibus</strong></span> <span class='ocrx_word' id='word_1_730' title='bbox 807 5349 1134 5396; x_wconf 81' lang='lat' dir='ltr'><strong>exerceatur.</strong></span> <span class='ocrx_word' id='word_1_731' title='bbox 1181 5347 1248 5399; x_wconf 79' lang='lat' dir='ltr'><strong>At</strong></span> <span class='ocrx_word' id='word_1_732' title='bbox 1277 5347 1379 5400; x_wconf 86' lang='lat' dir='ltr'><strong>erit</strong></span> <span class='ocrx_word' id='word_1_733' title='bbox 1406 5354 1612 5413; x_wconf 89' lang='lat' dir='ltr'><strong>tempus</strong></span> <span class='ocrx_word' id='word_1_734' title='bbox 1653 5359 1756 5414; x_wconf 89' lang='lat' dir='ltr'><strong>quo</strong></span> <span class='ocrx_word' id='word_1_735' title='bbox 1802 5344 1976 5396; x_wconf 85' lang='lat' dir='ltr'><strong>anima</strong></span> <span class='ocrx_word' id='word_1_736' title='bbox 2016 5344 2132 5410; x_wconf 89' lang='lat' dir='ltr'><strong>ejus</strong></span> 
     </span>
    </p>
   </div>
   <div class='ocr_carea' id='block_1_109' title="bbox 623 5429 2131 5504">
    <p class='ocr_par' dir='ltr' id='par_1_109' title="bbox 623 5429 2131 5504">
     <span class='ocr_line' id='line_1_109' title="bbox 623 5429 2131 5504; baseline 0.003 -23"><span class='ocrx_word' id='word_1_737' title='bbox 623 5430 676 5481; x_wconf 88' lang='lat' dir='ltr'><strong>in</strong></span> <span class='ocrx_word' id='word_1_738' title='bbox 706 5429 858 5483; x_wconf 91' lang='lat' dir='ltr'><strong>bonis</strong></span> <span class='ocrx_word' id='word_1_739' title='bbox 897 5431 1288 5488; x_wconf 80' lang='lat' dir='ltr'><strong>demorabitur:</strong></span> <span class='ocrx_word' id='word_1_740' title='bbox 1335 5437 1650 5504; x_wconf 91' lang='lat' dir='ltr'><strong>quibusnam</strong></span> <span class='ocrx_word' id='word_1_741' title='bbox 1709 5436 1761 5487; x_wconf 92' lang='lat' dir='ltr'><strong>in</strong></span> <span class='ocrx_word' id='word_1_742' title='bbox 1819 5433 1992 5495; x_wconf 88' lang='lat' dir='ltr'><strong>bonis,</strong></span> <span class='ocrx_word' id='word_1_743' title='bbox 2029 5434 2131 5487; x_wconf 90' lang='lat' dir='ltr'><strong>nisi</strong></span> 
     </span>
    </p>
   </div>
   <div class='ocr_carea' id='block_1_110' title="bbox 621 5517 2130 5590">
    <p class='ocr_par' dir='ltr' id='par_1_110' title="bbox 621 5517 2130 5590">
     <span class='ocr_line' id='line_1_110' title="bbox 621 5517 2130 5590; baseline 0.002 -20"><span class='ocrx_word' id='word_1_744' title='bbox 621 5517 685 5572; x_wconf 90' lang='lat' dir='ltr'><strong>de</strong></span> <span class='ocrx_word' id='word_1_745' title='bbox 710 5519 901 5587; x_wconf 91' lang='lat' dir='ltr'><strong>quibus</strong></span> <span class='ocrx_word' id='word_1_746' title='bbox 937 5522 1138 5576; x_wconf 91' lang='lat' dir='ltr'><strong>dictum</strong></span> <span class='ocrx_word' id='word_1_747' title='bbox 1174 5533 1290 5577; x_wconf 89' lang='lat' dir='ltr'><strong>est:</strong></span> <span class='ocrx_word' id='word_1_748' title='bbox 1325 5525 1452 5590; x_wconf 77' lang='lat' dir='ltr'><strong>Qua:</strong></span> <span class='ocrx_word' id='word_1_749' title='bbox 1485 5527 1659 5578; x_wconf 69' lang='lat' dir='ltr'><strong>oculus</strong></span> <span class='ocrx_word' id='word_1_750' title='bbox 1696 5541 1793 5577; x_wconf 87' lang='lat' dir='ltr'><strong>non</strong></span> <span class='ocrx_word' id='word_1_751' title='bbox 1827 5522 1949 5576; x_wconf 81' lang='lat' dir='ltr'><strong>vidit</strong></span> <span class='ocrx_word' id='word_1_752' title='bbox 1982 5523 2044 5586; x_wconf 78' lang='grc'>⁸⁵,</span> <span class='ocrx_word' id='word_1_753' title='bbox 2078 5531 2130 5576; x_wconf 91' lang='lat' dir='ltr'><strong>ct</strong></span> 
     </span>
    </p>
   </div>
   <div class='ocr_carea' id='block_1_111' title="bbox 690 5667 1711 5739">
    <p class='ocr_par' dir='ltr' id='par_1_111' title="bbox 690 5667 1711 5739">
     <span class='ocr_line' id='line_1_111' title="bbox 690 5667 1711 5739; baseline 0.01 -21"><span class='ocrx_word' id='word_1_754' title='bbox 690 5669 728 5699; x_wconf 79' lang='lat'>“</span> <span class='ocrx_word' id='word_1_755' title='bbox 762 5667 943 5725; x_wconf 77' lang='lat' dir='ltr'><strong>Matth.</strong></span> <span class='ocrx_word' id='word_1_756' title='bbox 980 5687 1008 5723; x_wconf 89' lang='lat' dir='ltr'><strong>v</strong></span> <span class='ocrx_word' id='word_1_757' title='bbox 1034 5711 1046 5730; x_wconf 88' lang='lat'><strong>,</strong></span> <span class='ocrx_word' id='word_1_758' title='bbox 1083 5673 1133 5724; x_wconf 74' lang='grc'><strong>4.</strong></span> <span class='ocrx_word' id='word_1_759' title='bbox 1209 5674 1248 5704; x_wconf 65' lang='grc'><strong>³⁵</strong></span> <span class='ocrx_word' id='word_1_760' title='bbox 1290 5674 1471 5729; x_wconf 75' lang='lat' dir='ltr'><strong>Matth.</strong></span> <span class='ocrx_word' id='word_1_761' title='bbox 1512 5693 1559 5728; x_wconf 72' lang='lat' dir='ltr'><strong>xu</strong></span> <span class='ocrx_word' id='word_1_762' title='bbox 1583 5717 1594 5739; x_wconf 90' lang='lat'><strong>,</strong></span> <span class='ocrx_word' id='word_1_763' title='bbox 1626 5677 1711 5729; x_wconf 65' lang='lat'><strong>29.</strong></span> 
     </span>
    </p>
   </div>
   <div class='ocr_carea' id='block_1_112' title="bbox 1791 5676 3002 5747">
    <p class='ocr_par' dir='ltr' id='par_1_112' title="bbox 1791 5676 3002 5747">
     <span class='ocr_line' id='line_1_112' title="bbox 1791 5676 3002 5747; baseline 0.019 -24"><span class='ocrx_word' id='word_1_764' title='bbox 1791 5677 1832 5708; x_wconf 60' lang='lat'><strong>3”</strong></span> <span class='ocrx_word' id='word_1_765' title='bbox 1874 5676 1998 5740; x_wconf 82' lang='lat' dir='ltr'><strong>Sap.</strong></span> <span class='ocrx_word' id='word_1_766' title='bbox 2034 5692 2118 5739; x_wconf 74' lang='lat' dir='ltr'><strong>XI,</strong></span> <span class='ocrx_word' id='word_1_767' title='bbox 2156 5676 2242 5731; x_wconf 70' lang='grc'><strong>25.</strong></span> <span class='ocrx_word' id='word_1_768' title='bbox 2319 5679 2362 5708; x_wconf 59' lang='grc' dir='ltr'><strong>δι</strong></span> <span class='ocrx_word' id='word_1_769' title='bbox 2401 5678 2584 5736; x_wconf 75' lang='lat' dir='ltr'><strong>Matth.</strong></span> <span class='ocrx_word' id='word_1_770' title='bbox 2621 5699 2717 5747; x_wconf 78' lang='lat' dir='ltr'><strong>vn,</strong></span> <span class='ocrx_word' id='word_1_771' title='bbox 2760 5686 2827 5742; x_wconf 90' lang='lat'><strong>7.</strong></span> <span class='ocrx_word' id='word_1_772' title='bbox 2939 5689 3002 5721; x_wconf 79' lang='grc'>³³</span> 
     </span>
    </p>
   </div>
   <div class='ocr_carea' id='block_1_113' title="bbox 2239 5261 3410 5344">
    <p class='ocr_par' dir='ltr' id='par_1_113' title="bbox 2239 5261 3410 5344">
     <span class='ocr_line' id='line_1_113' title="bbox 2239 5261 3410 5344; baseline 0.011 -32"><span class='ocrx_word' id='word_1_773' title='bbox 2239 5262 2483 5332; x_wconf 77' lang='grc' dir='ltr'>παθήσει,</span> <span class='ocrx_word' id='word_1_774' title='bbox 2515 5261 2601 5316; x_wconf 73' lang='grc' dir='ltr'>οἷα</span> <span class='ocrx_word' id='word_1_775' title='bbox 2644 5266 2820 5329; x_wconf 81' lang='grc' dir='ltr'>εἰκὸς,</span> <span class='ocrx_word' id='word_1_776' title='bbox 2892 5269 3410 5344; x_wconf 75' lang='grc' dir='ltr'>ἐγγυμναζόμ</span> 
     </span>
    </p>
   </div>
   <div class='ocr_carea' id='block_1_114' title="bbox 2237 5350 3398 5429">
    <p class='ocr_par' dir='ltr' id='par_1_114' title="bbox 2237 5350 3398 5429">
     <span class='ocr_line' id='line_1_114' title="bbox 2237 5350 3398 5429; baseline 0.012 -28"><span class='ocrx_word' id='word_1_777' title='bbox 2237 5350 2381 5414; x_wconf 79' lang='grc' dir='ltr'>ὄείας</span> <span class='ocrx_word' id='word_1_778' title='bbox 2405 5352 2612 5414; x_wconf 82' lang='grc' dir='ltr'>ἄθλοις·</span> <span class='ocrx_word' id='word_1_779' title='bbox 2644 5353 2801 5408; x_wconf 76' lang='grc' dir='ltr'>ἔσται</span> <span class='ocrx_word' id='word_1_780' title='bbox 2841 5356 2920 5408; x_wconf 84' lang='grc' dir='ltr'>δὲ</span> <span class='ocrx_word' id='word_1_781' title='bbox 2973 5360 3255 5429; x_wconf 79' lang='grc' dir='ltr'>καιρὸς</span> <span class='ocrx_word' id='word_1_782' title='bbox 3296 5365 3398 5416; x_wconf 79' lang='grc' dir='ltr'>ὁπ</span> 
     </span>
    </p>
   </div>
   <div class='ocr_carea' id='block_1_115' title="bbox 2235 5439 3382 5514">
    <p class='ocr_par' dir='ltr' id='par_1_115' title="bbox 2235 5439 3382 5514">
     <span class='ocr_line' id='line_1_115' title="bbox 2235 5439 3382 5514; baseline 0.01 -24"><span class='ocrx_word' id='word_1_783' title='bbox 2235 5439 2290 5491; x_wconf 81' lang='grc' dir='ltr'>ἐν</span> <span class='ocrx_word' id='word_1_784' title='bbox 2327 5439 2540 5506; x_wconf 86' lang='grc' dir='ltr'>ἀγαθοῖς</span> <span class='ocrx_word' id='word_1_785' title='bbox 2576 5442 3027 5514; x_wconf 78' lang='grc' dir='ltr'>αὑλισθήσεται</span> <span class='ocrx_word' id='word_1_786' title='bbox 3064 5462 3081 5474; x_wconf 75' lang='grc'><strong>⁸</strong></span> <span class='ocrx_word' id='word_1_787' title='bbox 3164 5449 3382 5503; x_wconf 73' lang='grc' dir='ltr'>ποῖοι</span> 
     </span>
    </p>
   </div>
   <div class='ocr_carea' id='block_1_116' title="bbox 2234 5520 3347 5602">
    <p class='ocr_par' dir='ltr' id='par_1_116' title="bbox 2234 5520 3347 5602">
     <span class='ocr_line' id='line_1_116' title="bbox 2234 5520 3347 5602; baseline 0.014 -23"><span class='ocrx_word' id='word_1_788' title='bbox 2234 5520 2305 5579; x_wconf 80' lang='grc' dir='ltr'>ὧν</span> <span class='ocrx_word' id='word_1_789' title='bbox 2325 5527 2566 5598; x_wconf 72' lang='grc' dir='ltr'>εἴρηται·</span> <span class='ocrx_word' id='word_1_790' title='bbox 2615 5533 2670 5582; x_wconf 84' lang='grc' dir='ltr'><strong><em>Ἃ</em></strong></span> <span class='ocrx_word' id='word_1_791' title='bbox 2720 5533 3137 5602; x_wconf 62' lang='grc' dir='ltr'><strong>ὀφθαλμὸς</strong></span> <span class='ocrx_word' id='word_1_792' title='bbox 3177 5541 3347 5595; x_wconf 77' lang='grc' dir='ltr'>οὐκ</span> 
     </span>
    </p>
   </div>
   <div class='ocr_carea' id='block_1_117' title="bbox 3067 5690 3339 5752">
    <p class='ocr_par' dir='ltr' id='par_1_117' title="bbox 3067 5690 3339 5752">
     <span class='ocr_line' id='line_1_117' title="bbox 3067 5690 3339 5752; baseline 0.029 -9"><span class='ocrx_word' id='word_1_793' title='bbox 3067 5690 3093 5743; x_wconf 87' lang='grc' dir='ltr'><strong>ι</strong></span> <span class='ocrx_word' id='word_1_794' title='bbox 3145 5692 3339 5752; x_wconf 81' lang='lat' dir='ltr'><strong>Cor.</strong></span> 
     </span>
    </p>
   </div>
  </div>
