3782 6336
155 385 265 438 Ξῗθ

1285 387 1770 443 (ΣΟΜΜΕΝΤΑΒΙΑ
1806 386 1871 439 ΙΝ
1915 383 2240 439 PSALMOS.

3235 388 3336 444 250

144 500 223 552 τό
251 513 302 564 γε
321 494 405 562 μὲν
429 489 628 558 σπέρμα
653 527 668 552 ,
713 487 852 558 ὅπερ
892 499 1265 554 κατεϐάλετο
1313 506 1367 555 ἐν
1394 508 1458 574 τῇ
1489 507 1556 574 γῇ
1589 505 1705 557 καθ’

1815 501 2036 556 caetera?
2081 499 2278 554 Semen
2309 513 2474 567 porro
2504 501 2649 567 ejus,
2694 503 2833 570 quod
2876 503 2928 555 in
2974 512 3170 556 terram
3213 504 3338 571 iecit

145 589 208 639 ὃν
238 579 530 638 ἐπολιτεύετο
559 578 650 629 ἐπὶ
687 578 790 647 γῆς
836 582 1089 650 χρόνον,
1126 591 1350 654 πολλοὺς
1380 593 1710 663 κληρονομή-

151 693 253 738 σει,
276 668 511 740 σωτηρίας
546 668 714 719 αἴτιον
769 670 1096 742 γινόμενον
1135 680 1363 742 πολλοῖς.
1408 682 1628 751 Σπέρμα
1655 683 1711 734 δὲ

145 766 198 816 τί
224 763 282 816 ἂν
308 761 464 821 εἴποις
499 758 532 827 ἦ
572 757 670 826 τὴν
712 758 1100 818 διδασκαλίαν
1135 770 1228 821 καὶ
1258 772 1382 830 τοὺς
1413 769 1596 836 λόγους
1623 769 1712 821 καὶ

145 855 211 908 τά
261 852 662 923 συγγράμματα,
724 851 762 921 ἢ
820 855 959 920 τοὺς
997 859 1148 912 κατὰ
1193 861 1321 913 Θεὸν
1362 862 1504 931 αὐτῷ
1528 878 1711 930 γεννη-

142 945 335 1006 θέντας
371 943 461 996 καὶ
503 939 953 1011 μαθητευθέντας
984 949 1192 1020 ἄνδρας
1217 967 1231 1014 ;
1271 950 1335 1001 δι’
1359 947 1430 1006 ὧν
1461 953 1550 1003 καὶ
1580 951 1711 1020 μετά

137 1035 245 1106 τὴν
261 1038 322 1088 ὲν
345 1035 540 1098 ἀγαθοῖς
566 1035 886 1088 ἀνάπαυσιν
935 1040 1110 1093 αὐτοῦ
1147 1044 1323 1114 μυρίοι
1347 1045 1440 1112 τῆς
1469 1044 1612 1114 παρὰ
1636 1045 1710 1113 τῷ

137 1125 263 1195 Θεῷ
331 1125 666 1196 κληρονομίας
737 1126 1072 1194 τεύξονται,
1137 1133 1230 1184 ἆτε
1284 1133 1495 1200 ἀγαθῶν
1545 1151 1709 1204 σπερ-

141 1217 344 1286 μάτων
369 1218 596 1288 τυχόντες
651 1219 747 1270 καὶ
805 1219 1154 1292 ὠφελημένοι
1187 1223 1280 1292 τὴν
1308 1223 1480 1275 ἔνθεον
1512 1241 1711 1294 καρπο-

139 1308 361 1378 φορίαν.

207 1397 561 1465 Κραταίωμα
592 1399 808 1464 Κύριος
840 1398 961 1451 τῶν
985 1401 1360 1467 φοϐουμένων
1389 1401 1588 1464 αὐτὸν,
1615 1403 1710 1456 καὶ

140 1485 176 1548 ἡ
224 1485 490 1551 Διαθιὶκη
538 1485 725 1538 αὑτοῦ
783 1487 894 1540 τοῦ
943 1488 1208 1554 δηλῶσαι
1251 1491 1465 1555 αὐτοῖς.
1519 1492 1572 1542 Ὀ
1615 1492 1709 1559 μὲν

152 1575 411 1638 Ἀκύλας,
433 1577 774 1644 ἀπόρῤητον
797 1581 1018 1646 Κυρίου
1045 1581 1119 1650 (1)
1140 1580 1408 1646 ἐξέδωκεν·
1441 1583 1469 1633 ό
1489 1583 1542 1634 δὲ
1565 1586 1707 1654 Σύμ-

139 1681 340 1733 μαχος,
377 1668 583 1734 ὁμιλία
597 1669 841 1734 Κυρίου·
873 1672 902 1721 ό
920 1670 975 1721 δὲ
1005 1670 1287 1723 Θεοδοτίων
1307 1673 1398 1724 καὶ
1425 1675 1456 1741 ἡ
1490 1674 1706 1743 πέμπτη

131 1753 369 1818 ἔκδυσις,
399 1755 747 1824 μυστήριον
770 1760 1008 1824 Κυρίου.
1044 1759 1313 1812 Ἐντεῦθεν
1345 1761 1448 1830 γὰρ
1480 1763 1556 1823 εἰς
1589 1779 1707 1814 τοσ-

1814 597 1940 648 dum
1975 593 2029 645 in
2058 607 2121 645 ea
2163 599 2498 652 versaretur,
2533 591 2728 644 multos
2765 593 3070 647 hatreditate
3094 595 3334 662 accipiet,

1813 681 2006 750 quibus
2037 692 2200 733 causa
2226 678 2415 732 salutis
2448 677 2656 731 evadet.
2695 676 2884 732 Semen
2909 695 3032 734 vero
3070 679 3335 749 quodnam

1812 785 1931 824 esse
1961 769 2182 828 dixeris.
2209 768 2313 822 nisi
2341 768 2671 830 doctrinam,
2708 783 2979 822 sermones
2999 810 3012 832 ,
3058 772 3255 839 scripta
3285 779 3338 824 et

1814 860 2058 914 homines
2095 861 2189 929 qui
2238 857 2532 913 secundum
2582 857 2746 912 Deum
2783 858 2883 925 ipsi
2930 860 3040 911 nati
3080 867 3239 928 atque
3270 862 3338 914 ab

1813 963 1877 1002 eo
1904 950 2135 1004 instituti
2181 950 2340 1003 sunt?
2371 947 2475 1013 Qui
2508 964 2732 1002 numero
2777 963 2924 1016 paene
2970 948 3184 1010 inﬁniti,
3217 959 3337 1018 post

1813 1041 1980 1110 ipsius
2011 1041 2050 1094 ir
2117 1041 2270 1093 bonis
2298 1038 2540 1106 adeptam
2581 1039 2836 1106 requiem,
2885 1046 3066 1106 utpote
3103 1054 3168 1092 ex
3199 1040 3338 1092 bono

1812 1133 1913 1184 orti
1967 1133 2167 1186 semine
2191 1172 2204 1193 ,
2241 1145 2302 1183 ac
2327 1130 2504 1182 divina
2555 1129 2643 1181 illa
2685 1130 2904 1198 utilique
2943 1129 3044 1182 sibi
3088 1128 3336 1198 prosapia

1812 1222 2094 1290 progeniti,
2125 1219 2482 1275 hmreditatem
2507 1235 2535 1272 a
2568 1219 2672 1273 Deo
2701 1229 3111 1287 consequentur.

1879 1393 2040 1446 Vens.
2076 1394 2156 1446 i4.
2203 1393 2615 1446 Firmamentum
2647 1400 2721 1444 est
2755 1391 3005 1443 Dominus
3042 1391 3334 1444 timentibus

1811 1499 1944 1546 eum,
1981 1493 2028 1536 et
2085 1490 2443 1535 testamentum
2487 1483 2645 1549 ipsius
2691 1492 2747 1532 ut
2792 1481 3146 1547 manifestetur
3205 1480 3332 1534 illis.

1811 1574 2022 1641 Aquila,
2049 1581 2297 1626 secretum
2314 1571 2543 1633 Domini,
2569 1570 2764 1634 edidit;
2791 1569 3158 1638 Symmachus,
3176 1570 3336 1622 collo-

1810 1664 1984 1731 quium
2021 1662 2258 1723 Domini;
2293 1661 2586 1716 Theodotio
2616 1669 2668 1714 et
2693 1659 2887 1724 Quinta
2919 1659 3101 1722 editio,
3141 1669 3324 1727 myste-

1811 1756 1944 1806 rium
1976 1754 2223 1806 Domini:
2255 1754 2377 1807 inde
2419 1738 2560 1806 enim
2599 1753 2686 1806 ille
2724 1753 2968 1819 superius
3004 1760 3330 1807 memoratus

133 1843 306 1916 αὐτην
383 1846 560 1916 ἤλασε
608 1848 980 1917 μακαριότητα
1027 1849 1054 1899 ό
1097 1849 1343 1919 ἀνωτέρω
1407 1851 1705 1919 προλεχθεὶς

1815 1844 1900 1912 qui
1929 1844 2078 1897 timet
2101 1844 2398 1906 Dominum,
2427 1843 2492 1896 ad
2522 1853 2720 1896 tantam
2749 1843 3047 1897 felicitatem
3075 1843 3332 1911 pervenit,

132 1935 298 2003 ,γοὸού
311 1953 487 2004 μενος
517 1935 727 2006 Κύριον
772 1937 836 1988 ὲκ
868 1935 959 1988 τοῦ
1003 1936 1213 2005 ὁμιλίαν
1249 1937 1338 1988 τοῦ
1373 1937 1590 2008 Κυρίου,
1622 1941 1711 1990 καὶ

129 2024 465 2094 ἀτεόρρητον
499 2023 700 2088 αὑτοῦ,
741 2025 833 2076 καὶ
875 2024 936 2075 τὸ
968 2027 1255 2094 μυστήριον
1286 2025 1441 2077 αὐτοῦ
1479 2026 1710 2092 γνωστὸν

131 2110 274 2180 αὐτῷ
301 2112 629 2178 γεγονέναι,
679 2113 774 2163 καὶ
802 2110 870 2162 τὰ
897 2112 953 2162 ὲν
991 2114 1057 2181 τῇ
1101 2112 1337 2183 Διαθήκῃ
1366 2113 1543 2175 αὐτοῦ,
1572 2115 1710 2165 τοῦτ’

130 2202 269 2255 ἔστιν
315 2205 381 2253 ἐν
408 2205 478 2272 τῇ
515 2202 637 2272 Θείᾳ
661 2203 872 2272 Γραφῇ,
904 2200 1259 2271 περιεχόμενα
1288 2203 1572 2271 μυστήρια.

197 2296 257 2344 οι
299 2291 621 2359 ὀφθαλμοί
641 2308 761 2358 μου
788 2288 884 2341 διὰ
928 2287 1149 2352 παντὸς
1176 2289 1321 2354 πρὸς
1354 2287 1456 2340 τὸν
1478 2289 1708 2355 Κύριον,

133 2383 214 2436 ὅτι
245 2383 462 2447 αὐτὸς
495 2380 798 2434 ἐκσπάσει
829 2381 896 2432 ἐκ
928 2379 1176 2447 παγίδος
1207 2378 1343 2443 τοὺς
1369 2379 1553 2443 πόδας
1572 2397 1707 2446 μου.

146 2477 534 2542 Ἑπίὸλεψον
570 2473 664 2524 ἐπ’
691 2471 796 2540 ἐμὲ
820 2472 916 2524 καὶ
963 2469 1218 2536 ἐλέησόν
1239 2487 1332 2537 με,
1363 2470 1449 2522 ὅτι
1473 2487 1712 2539 μονογε-

132 2567 237 2634 νὴς
258 2566 374 2619 καὶ
403 2565 652 2632 πτωχός
678 2566 793 2631 ειμι
823 2562 953 2629 ἐγώ.
995 2564 1063 2614 Al
1088 2561 1316 2628 θλίψεις
1339 2560 1443 2627 τῆς
1471 2561 1712 2628 καρδίας

127 2674 238 2725 μου
263 2656 796 2722 ἑπληθύνθησαγ,
825 2654 893 2704 ἐκ
914 2651 1029 2704 τῶν
1042 2649 1312 2718 ἀναγκῶν
1327 2667 1442 2717 μου
1467 2649 1712 2720 ἐξάγαγέ

129 2764 214 2814 με.
252 2748 335 2800 Οὐ
375 2744 476 2798 διὰ
499 2745 570 2796 τὰ
593 2741 988 2812 κατορθώματα
1031 2741 1213 2809 ὥσπερ
1243 2739 1584 2809 ὀφειλομένην
1615 2742 1711 2810 τὴν

139 2837 429 2906 σωτηρίαν
479 2833 632 2901 αὐτῷ
656 2850 668 2861 ο
701 2829 818 2884 οῖδα
869 2830 996 2898 γὰρ,
1037 2831 1138 2893 ὅτι,
1188 2829 1358 2881 πάντα
1396 2832 1619 2899 ποιήσας
1646 2829 1712 2882 τὰ

139 2929 257 2998 παρ’
317 2923 604 2995 ἐμαυτοῦ,
664 2922 743 2974 έτι
776 2920 868 2973 τοῦ
901 2920 991 2972 σοῦ
1030 2920 1205 2981 ἐλέους
1238 2919 1440 2987 δέομαι.
1475 2919 1560 2971 Διὸ
1589 2919 1712 2971 ἐπί-

140 3021 375 3085 ϐλεψον
434 3015 534 3067 ἐπ’
581 3013 707 3080 ἐμὲ,
745 3011 844 3064 καὶ
902 3010 1158 3075 ἐλέησόν
1201 3026 1292 3076 με.
1353 3009 1570 3062 Σύνοιδα
1607 3009 1712 3079 γὰρ

142 3106 365 3176 ἐμαυτῷ
421 3103 630 3172 πτωχῷ
664 3102 759 3154 καὶ¹
811 3099 1092 3167 ἀδοηθήτῳ
1131 3100 1220 3150 καὶ
1271 3097 1343 3167 μὴ
1393 3099 1712 3167 ἐπαρχοῦντι
1739 3139 1778 3192 c

145 3215 265 3272 qn;
293 3195 617 3266 σωτηρίαν.
664 3191 824 3244 Ἶδιόν
850 3192 906 3242 τέ
947 3191 1062 3240 ἐστι
1104 3188 1310 3240 πάντων
1332 3187 1434 3239 τῶν
1460 3187 1711 3256 θεοφιλῶν

145 3291 196 3340 τι
221 3287 468 3347 ἑαυτοὺς
510 3282 716 3336 κακοῦν
757 3283 815 3332 ὲν
841 3279 1097 3346 θλίψεσιν,
1120 3279 1175 3329 ὲν
1209 3277 1485 3344 ἀνάγκαις,
1517 3279 1571 3328 ἐν
1601 3293 1714 3328 στε-

143 3380 460 3448 νοχωρίαις,
493 3374 590 3425 καὶ
615 3372 874 3440 διωγμοῖς
892 3386 906 3400 ο
935 3368 1044 3420 ἀλλ’
1060 3368 1118 3418 οὐ
1142 3367 1230 3418 καὶ
1253 3365 1494 3433 ἀγνοοῦσι
1525 3365 1581 3417 τὸ
1594 3365 1712 3416 τού-

144 3486 246 3520 των
273 3469 440 3529 τέλος
465 3483 478 3494 ·
519 3463 603 3515 διὸ
650 3463 834 3529 τυχεῖν
889 3456 1049 3509 αὐτοῦ
1114 3455 1258 3524 παρὰ
1311 3453 1399 3506 τοῦ
1443 3453 1572 3504 Θεοῦ
1609 3454 1714 3504 ἱκε-

145 3558 358 3611 τεύουσι
385 3555 650 3622 λέγοντες
676 3569 690 3581 ·
732 3551 827 3601 Ἐκ
878 3547 995 3599 τῶν
1037 3543 1306 3613 ἀναγκῶν
1331 3561 1445 3611 μου
1470 3541 1714 3610 ἐξάγαγέ

145 3663 244 3712 με’
275 3646 353 3708 ὼς
383 3645 455 3696 ἂν
485 3639 794 3699 διελθόντες
822 3636 918 3697 τὰς
953 3633 1046 3686 τοῦ
1086 3633 1194 3702 βίου
1237 3633 1492 3698 ἀνάγκας,
1518 3631 1613 3692 τὰς
1656 3630 1711 3681 δὲ

155 3735 436 3806 συμφορὰς
493 3732 594 3784 καὶ
651 3729 751 3788 τὰς
811 3723 1168 3794 περιστάσεις,
1209 3723 1373 3773 εἰπεῖν
1403 3737 1525 3772 ποτε
1556 3719 1711 3788 δυνη-

154 3823 286 3875 θεῖεν
309 3841 323 3852 ·
359 3821 708 3888 Διήλθομεν
735 3814 831 3866 διὰ
858 3811 1038 3879 πυρὸς
1061 3811 1156 3863 καὶ
1187 3811 1414 3874 ὕδατος,
1451 3809 1543 3861 καὶ
1576 3808 1710 3874 ἐξή-

155 3924 325 3975 ταγες
355 3905 524 3973 ἡμᾶς
557 3905 650 3966 εις
684 3897 1027 3966 ἀναψυχήν.

227 3997 336 4050 Ἴδε
364 3996 488 4062 τὴν
514 3990 890 4044 ταπείνωσιν
919 4004 1033 4056 μου
1073 3986 1168 4039 καὶ
1222 3986 1324 4039 τὸν
1370 3987 1552 4038 κόπον
1573 4002 1708 4053 μου,

157 4088 247 4139 καὶ
309 4087 455 4154 ἄφερ
513 4081 728 4143 πάσας
777 4077 880 4141 τὰς
919 4076 1197 4143 ἁμαρτίας
1240 4093 1374 4144 μου.
1417 4076 1525 4128 Ἴδε
1577 4074 1712 4138 τοὺς

157 4177 393 4244 ἐχθρούς
413 4192 562 4244 μου,
587 4171 682 4222 ὅτι
701 4167 1182 4232 ἐπληθύνθησαν,
1205 4165 1298 4217 καὶ
1315 4165 1490 4232 μῖσος
1510 4166 1712 4218 ἄδικον

157 4264 448 4331 ἐμίσησάν
481 4277 579 4329 με.
617 4256 902 4317 Φύλαξον
949 4253 1059 4318 τὴν
1084 4252 1290 4320 ψυχήν
1326 4271 1440 4320 ⁶ιιου
1484 4256 1578 4308 καὶ
1604 4255 1712 4321 ρῡ-

159 4353 259 4406 σαί
282 4369 382 4420 με·
419 4351 511 4422 μὴ
564 4343 1092 4412 καταισχυνθείην,
1128 4342 1214 4394 ὅτι
1241 4342 1465 4408 ἤλπισα
1491 4343 1584 4394 ἐπὶ
1618 4343 1707 4397 σέ.

1812 1935 1934 2002 quia
1978 1935 2297 2002 colloquium
2346 1933 2572 1997 Domini,
2605 1941 2867 1987 secretum
2922 1948 2984 1986 ac
3029 1934 3337 2003 mysterium

1811 2022 1948 2090 ejus,
1977 2033 2160 2075 notum
2190 2022 2288 2090 ipsi
2319 2032 2451 2084 erat,
2484 2030 2609 2076 nota
2651 2023 2776 2076 item
2809 2039 2870 2075 ea
2903 2038 3020 2091 quae
3062 2024 3113 2076 in
3145 2023 3337 2077 Testa-

1813 2120 1989 2165 mento
2018 2112 2153 2178 ejus,
2173 2111 2223 2164 id
2248 2119 2355 2175 est,
2380 2112 2432 2164 in
2459 2112 2652 2166 divinis
2680 2111 2972 2180 Scripturis
2995 2114 3338 2167 continentur

1811 2202 2080 2270 mysteria.

1886 2288 2045 2344 Vens.
2085 2290 2259 2344 15--17,
2315 2289 2465 2343 Oculi
2492 2291 2588 2342 mei
2657 2306 2850 2357 semper
2915 2289 2981 2341 ad
3037 2289 3332 2354 Dominum,

1811 2381 2051 2447 quoniam
2079 2381 2185 2448 ipse
2217 2381 2390 2434 evellet
2426 2381 2487 2433 de
2528 2381 2706 2449 laqueo
2739 2381 2886 2448 pedes
2929 2397 3085 2434 meos.
3127 2379 3338 2448 Respice

1812 2469 1862 2519 in
1893 2485 1970 2521 me
2007 2480 2052 2521 et
2100 2471 2336 2522 miserere
2384 2471 2502 2531 mei,
2546 2470 2666 2537 quia
2714 2471 2894 2522 unicus
2915 2478 2964 2522 et
2998 2485 3189 2537 pauper
3222 2486 3336 2522 sum

1810 2575 1918 2627 ego.
1959 2559 2338 2613 Tribnlationes
2368 2560 2536 2613 cordis
2584 2561 2684 2614 mei
2723 2562 3079 2628 multiplicata:
3109 2571 3247 2625 sunt,
3273 2562 3336 2614 de

1811 2648 2196 2702 necessitatibus
2244 2649 2366 2702 meis
2409 2665 2528 2702 erue
2573 2666 2670 2702 me.
2726 2649 2840 2703 Non
2884 2652 2952 2705 ob
3002 2658 3147 2704 recte
3197 2651 3336 2704 facta

1809 2751 1968 2803 opera
2006 2740 2158 2806 quasi
2193 2739 2423 2793 debitam
2481 2741 2708 2795 salutem
2755 2742 2882 2794 mihi
2935 2743 3180 2811 postulo;
3215 2743 3335 2796 novi

1809 2826 1950 2879 enim
1979 2841 2082 2890 me,
2117 2828 2359 2894 quamvis
2384 2829 2562 2881 omnia
2593 2844 2687 2899 pro
2722 2828 2972 2884 facultate
3001 2832 3218 2899 egerim,
3243 2839 3336 2886 tuo

1811 2923 1988 2968 tamen
2033 2931 2190 2983 egere
2220 2918 2439 2972 auxilio.
2471 2918 2825 2981 Quamobrem
2852 2921 3038 2986 respice
3074 2922 3127 2974 in
3160 2938 3256 2984 me,
3287 2932 3337 2976 et

1811 3006 2048 3058 miserere
2063 3009 2177 3058 mei.
2197 3006 2323 3058 Nam
2344 3022 2425 3060 me
2441 3021 2742 3075 pauperem,
2767 3010 2911 3061 nulla
2928 3010 3114 3062 fultum
3129 3025 3248 3079 ope,
3271 3027 3333 3065 ac

1812 3096 1966 3149 saluti
1989 3095 2116 3147 mihi
2141 3095 2488 3164 procuranda:
2512 3095 2763 3163 imparem
2783 3098 2914 3150 scio.
2933 3096 3207 3166 Proprium
3240 3114 3335 3152 au-

1812 3191 1918 3236 tem
1961 3184 2211 3237 omnibus
2260 3183 2364 3250 piis
2411 3198 2473 3236 ac
2505 3183 2611 3237 Deo
2660 3184 2848 3237 amicis
2890 3185 3020 3240 viris
3071 3197 3172 3247 est,
3217 3203 3336 3242 sese

1809 3274 2059 3327 tui-munis
2089 3273 2336 3341 alﬂigere,
2375 3275 2427 3326 in
2475 3273 2911 3336 necessitatibus,
2953 3277 3009 3328 in
3047 3279 3330 3343 angusuis,

1811 3364 1864 3416 in
1895 3363 2356 3432 persecutionibus
2380 3364 2617 3425 versari;
2650 3363 2742 3415 sed
2776 3363 2867 3434 qui
2895 3368 2965 3417 sit
2993 3380 3176 3420 eorum
3210 3368 3331 3423 ﬁnis

1811 3467 1915 3505 non
1961 3454 2204 3520 ignorant
2247 3465 2456 3518 :quare
2506 3451 2648 3504 illius
2688 3455 3006 3522 assequendi
3055 3470 3180 3524 ergo
3225 3456 3332 3510 Deo

1811 3543 2107 3611 supplicant
2152 3542 2233 3595 his
2265 3541 2470 3602 verbis,
2511 3540 2572 3594 de
2612 3543 2997 3596 necessitatibus
3040 3547 3163 3598 meis
3211 3563 3332 3599 erue

1810 3649 1922 3698 me;
1955 3640 2027 3692 ut,
2053 3633 2316 3700 superatis
2348 3633 2460 3684 vitae
2480 3632 2904 3696 necessitatibus,
2919 3633 3329 3697 calamitatibus,

1809 3723 2092 3785 aerumnis,
2135 3722 2314 3775 dicere
2365 3721 2649 3789 aliquando
2693 3722 2937 3790 possint:
2982 3727 3330 3779 Trausivimus

1806 3827 1895 3878 per
1941 3814 2104 3880 ignem
2144 3821 2192 3864 et
2239 3827 2457 3879 aquam,
2503 3820 2550 3863 et
2596 3810 2820 3865 eduxisti
2874 3829 2964 3866 nos
3017 3817 3066 3867 in
3117 3816 3329 3885 refrigeo

1809 3903 1942 3954 rium
1969 3904 2033 3956 ³⁸.

1881 3991 2035 4046 Vnus.
2085 3991 2263 4045 18-20.
2340 3993 2462 4045 Vide
2525 3994 2862 4046 humilitatem
2921 4010 3085 4046 meam
3139 4006 3187 4047 et
3247 3998 3329 4049 la-

1810 4081 1978 4133 borem
2008 4097 2192 4144 meum,
2210 4092 2256 4133 et
2278 4081 2478 4133 dimitte
2507 4082 2743 4133 universa
2765 4081 2951 4132 delicta
2975 4097 3105 4134 mea.
3123 4081 3332 4149 Respice

1809 4169 2041 4222 inimicos
2074 4185 2209 4222 meos
2261 4170 2502 4236 quoniam
2552 4168 2880 4235 multiplicati
2923 4179 3069 4231 sunt,
3113 4179 3162 4220 et
3211 4170 3330 4222 odio

1809 4261 1981 4328 iniquo
2013 4259 2228 4311 oderunt
2266 4275 2361 4311 me.
2406 4257 2621 4311 Custodi
2662 4259 2885 4310 animam
2922 4273 3083 4309 meam
3133 4269 3179 4310 et
3210 4275 3331 4313 erue

1809 4364 1923 4402 me:
1957 4364 2056 4401 non
2090 4350 2383 4400 erubescam
2407 4348 2648 4414 quoniam
2677 4347 2874 4411 speravi
2901 4346 2954 4396 in
2986 4355 3052 4398 te.
3079 4345 3228 4411 Quod
3260 4347 3328 4400 ad

160 4441 237 4493 Τὰ
261 4444 348 4512 μὲν
378 4443 516 4512 παρ’
552 4436 697 4508 ἐμοῦ
731 4431 1098 4494 σπουδάζεται,
1130 4431 1196 4482 τὰ
1223 4432 1277 4482 δὲ
1313 4431 1460 4502 παρὰ
1502 4430 1592 4483 σοῦ
1616 4449 1705 4483 τυ-

1815 4451 1895 4489 me
1947 4442 2170 4504 spectat,
2223 4437 2636 4490 sollicitudinem
2682 4436 2783 4489 mei
2816 4451 2976 4504 gero;
3027 4436 3120 4489 sed
3173 4452 3325 4504 opem

162 4535 269 4597 «ζεῖν
291 4532 436 4596 ἀξιῶ,
482 4527 636 4595 Ἐγὼ
660 4525 759 4595 μὲν
780 4519 872 4574 οὖν
902 4519 1127 4589 ἐμαυτόν
1157 4520 1380 4583 κολάζω,
1414 4521 1503 4572 καὶ
1527 4520 1670 4572 ὥσπε
1680 4538 1709 4590 ρ

166 4619 310 4686 δίκην
345 4615 855 4688 εἰσπρατττόμενος
902 4604 976 4661 ὧν
1008 4610 1262 4678 πρότερον
1304 4609 1708 4679 ὲπλημμέλησα,

168 4710 193 4758 ὲ
201 4711 379 4776 pem)»,
395 4705 782 4779 τιμωρῶμαι,
812 4699 1074 4752 ταπεινῶν
1101 4701 1125 4750 ἐ
1135 4699 1328 4766 μαυτὸν
1342 4701 1396 4751 ἐν
1409 4700 1589 4760 κόποις
1621 4702 1712 4752 καὶ

168 4800 434 4861 πόνοις-σὺ
474 4800 563 4860 δὲ,
596 4797 628 4847 ό
653 4792 809 4854 Θεὸς,
837 4785 923 4843 οἷά
955 4806 1036 4850 τις
1077 4788 1423 4856 ἀγωνοθέτης,
1458 4788 1544 4840 τὸν
1585 4789 1711 4858 ὲμὸν

167 4886 573 4957 ἀγῶναθεωρῶν
595 4882 831 4940 καὶτοὺς
847 4878 1008 4946 ἐμοὺς
1020 4876 1307 4944 καμάτους,
1323 4875 1459 4927 δίδου
1475 4875 1568 4944 τὴν
1587 4877 1712 4943 ἄφε-

173 4991 253 5025 σιν
278 4975 383 5026 τῶν
410 4977 632 5044 ἀμαρτη
642 4966 955 5039 μάτων,κα”ι
993 4961 1366 5031 συγχώρειὸσα
1384 4960 1594 5014 πώποτε
1610 4963 1712 5014 διε-

174 5063 450 5134 πραξάμην
483 5067 542 5115 ὲν
573 5057 892 5131 ἁμαρτίαις.
933 5053 1088 5104 Ἀλλὰ
1119 5051 1209 5103 καὶ
1236 5049 1558 5117 θεασάμενος
1589 5053 1711 5114 τοὺς

175 5155 337 5220 ἐμοὺς
362 5155 581 5224 ἐχθροὺς
625 5149 815 5202 ὁπόσοι
839 5145 987 5205 ὄντες
1018 5140 1380 5200 ἐπεϐούλευον,
1410 5141 1500 5191 καὶ
1527 5141 1599 5203 ὡς
1627 5146 1712 5210 μῖ-

177 5259 264 5304 σος
290 5243 463 5296 ἄδικον
486 5237 758 5312 ἐμίσησῶ)
786 5252 873 5306 με,
891 5231 1061 5301 φύλαξ
1081 5228 1233 5297 γενοῦ
1248 5227 1345 5294 τῆς
1373 5228 1504 5295 ὲμῆς
1522 5229 1718 5300 ψυχῆς,

245 5394 292 5423 ³⁸
344 5390 479 5447 Psal.
510 5407 616 5444 va
639 5429 656 5452 ,
696 5388 781 5440 12.

250 5543 329 5610 (ι)
371 5542 625 5610 llebraica
657 5543 804 5610 sunt_
829 5541 1121 5610 furti-rip,
1161 5541 1190 5579 a
1225 5522 1558 5610 Theodpreto
1593 5541 1707 5610 ¹ξηι-

183 5594 293 5663 ιπὶι
312 5594 490 5663 ἰω-ιιι)
539 5605 844 5677 Symmachi
875 5601 1227 5677 sicrall'ertur,
1257 5594 1699 5677 μυστηριοχ--Ιςυ-

188 5658 489 5748 isi-imus
518 5658 716 5746 paiiter
735 5667 1112 5724 Theodotionis
1140 5658 1268 5717 esse
1289 5658 1481 5712 ibidem
1516 5658 1704 5715 fertur,

1810 4526 2033 4594 imploro
2060 4533 2223 4578 tuam.
2253 4525 2362 4593 Ego
2389 4526 2600 4592 quidem
2624 4527 2992 4594 memetipsum
3024 4529 3243 4596 castigo,
3275 4536 3329 4580 et

1811 4614 1960 4682 quasi
2015 4615 2332 4683 supplicium
2394 4615 2460 4668 de
2515 4616 2752 4682 pristinis
2804 4616 3012 4669 delictis
3074 4633 3325 4677 sumens,

1813 4705 2042 4758 ulciscor
2074 4705 2368 4772 meipsurn,
2421 4719 2504 4757 me
2543 4705 2806 4770 abjectum
2855 4706 3125 4758 laboribus
3170 4713 3328 4772 atque

1811 4792 2062 4844 aerumnis
2097 4793 2383 4846 constituo.
2411 4791 2490 4844 Tu
2511 4807 2656 4854 vero,
2681 4792 2839 4851 Deus.
2870 4808 2967 4847 ceu
3003 4794 3124 4860 quis
3156 4801 3328 4845 certa-

1815 4881 2014 4934 minum
2043 4882 2346 4950 praefectus,
2379 4888 2430 4936 et
2459 4897 2688 4950 pugnam
2717 4890 2770 4936 et
2793 4883 2999 4937 labores
3025 4897 3170 4934 meos
3199 4896 3330 4933 con-

1809 4968 2123 5035 templatus,
2155 4971 2362 5022 veniam
2393 4983 2604 5035 quaeso,
2646 4970 2903 5022 scelerum
2951 4967 3248 5031 concedite,
3276 4977 3328 5021 et

1809 5069 2139 5122 quaecunque
2165 5055 2220 5107 in
2258 5055 2492 5122 peccatis
2535 5054 2674 5106 edidi
2718 5053 2990 5106 remittilo.
3023 5052 3126 5106 Sed
3165 5054 3324 5106 etiam

1812 5144 2057 5197 inimicos
2106 5157 2250 5197 meos
2283 5142 2644 5209 conspicatus,
2676 5149 2804 5208 quot
2839 5139 3079 5194 videlicet
3106 5157 3326 5195 numero

1810 5232 2031 5286 insidias
2055 5232 2185 5285 mihi
2215 5237 2420 5300 parent,
2454 5237 2506 5282 et
2541 5229 2680 5298 quod
2716 5244 2798 5282 me
2828 5229 2952 5282 odio
2987 5230 3167 5301 iniquo
3209 5245 3324 5299 per-

1808 5527 1914 5581 Nos
1937 5529 2196 5582 saniorem
2223 5524 2497 5579 lectionem
2525 5541 2588 5580 ex
2616 5545 2746 5586 mss.
2778 5535 3045 5600 omnibus,
3105 5551 3212 5590 uno
3235 5552 3330 5592 ex-

1809 5606 1985 5664 cepto,
2026 5602 2345 5648 mutuamur.
