3782 6336
638 360 735 412 ΞΞΙ

1329 343 1586 402 EUSEBII
1619 335 2084 395 CAESARlENSlS
2116 333 2267 391 ‘OPP.
2307 334 2484 408 PARS
2521 332 2682 387 |ll.——
2718 331 3053 386 EXEGETICL

656 479 974 538 sequantur,
1004 472 1186 522 custos
1215 471 1327 517 esto
1359 460 1547 512 anima:
1593 469 1742 516 mese,
1784 459 1837 506 et
1884 451 1952 504 ab
1998 451 2149 504 inimi

1998 451 2181 504 inimi-
2209 467 2253 522 Α
2280 451 2372 503 καὶ
2398 449 2553 519 ῥῦσαί
2585 464 2650 516 με
2684 448 2783 516 τῆς
2802 449 2906 499 τῶν
2933 446 3118 515 πολεμίων
3140 431 3368 501 ἐπιϐουλῆς.
3391 428 3465 479 To:

649 576 837 615 eorum
891 558 1100 614 insidiis
1142 569 1267 609 erue
1315 564 1416 604 me.
1457 547 1550 601 llis
1595 560 1756 614 porro
1802 547 1999 611 gestis,
2048 542 2174 595 tali-

653 653 860 718 busque
892 647 1137 718 precibus
1175 639 1418 700 emissis,
1463 651 1531 690 ne
1579 633 1877 688 confundar
1923 630 2173 700 emugito.

649 741 784 795 Cum
817 740 954 794 enim
986 745 1036 790 te
1065 747 1209 802 spem
1242 743 1413 783 meam
1445 724 1834 786 constituerim,
1867 724 2032 789 probe
2064 721 2175 773 scio

655 848 717 884 ac
745 842 1054 900 persuasum
1084 825 1272 880 habeo,
1307 819 1447 888 quod
1487 833 1608 888 spes
1632 833 1736 870 non
1800 815 2116 868 confundat.

724 920 884 972 Vens.
935 918 1041 977 21,
1087 913 1175 976 22.
1228 911 1526 963 lnnocentes
1582 917 1629 960 et
1678 906 1803 958 recti
1854 905 2179 957 adtraxerunt

659 1011 800 1072 mihi,
832 1009 951 1075 quia
986 1005 1206 1058 sustinui
1252 1012 1314 1054 te.
1352 1000 1558 1061 Libera,
1593 998 1750 1061 Deus,
1785 994 1958 1048 Israel
1987 1009 2048 1047 ex
2076 1009 2186 1046 om-

659 1099 805 1152 nibus
835 1093 1256 1148 tribulationibus
1288 1092 1416 1144 suis.
1449 1089 1559 1142 lloc
1592 1102 1620 1140 a
1653 1102 1736 1140 me
1777 1094 1986 1154 gestum
2029 1098 2184 1152 opus,

659 1203 778 1242 cum
823 1186 1026 1239 caeteris
1081 1183 1352 1241 collatum,
1405 1190 1751 1248 permagnum
1802 1174 1926 1237 fuit,
1986 1173 2189 1241 tibique

661 1279 767 1333 Deo
799 1283 1072 1344 acceptum
1098 1291 1112 1338 ;
1146 1271 1326 1324 multis
1355 1269 1497 1322 enim
1525 1267 1828 1334 exemplum
1873 1263 2186 1326 tolerantiae,

662 1370 781 1422 vitae
821 1365 1021 1435 probae,
1069 1359 1396 1431 pmnitentia:
1447 1366 1500 1411 et
1554 1354 1914 1409 confessionis
1968 1352 2187 1406 exstiti:

664 1461 985 1524 quapmpter
1027 1451 1338 1502 innocentes
1371 1454 1422 1498 et
1466 1445 1596 1498 recti
1645 1442 1746 1496 viri
1780 1441 1911 1494 mihi
1945 1455 2040 1494 ceu
2072 1440 2192 1509 glu-

663 1544 776 1596 tine
825 1538 1098 1607 conjuncti
1137 1527 1496 1595 adhaeserunt,
1541 1546 1826 1599 meumque
1868 1529 2193 1582 consortium

667 1629 1070 1698 expetiverunt;
1096 1626 1242 1678 nulla
1271 1638 1400 1677 sane
1428 1622 1528 1674 alia
1559 1620 1623 1673 de
1656 1633 1840 1682 causa,
1885 1632 2041 1686 quam
2071 1615 2195 1684 quia

677 1717 1068 1790 perseverando
1097 1713 1350 1777 sustinui,
1381 1721 1434 1765 et
1464 1707 1591 1762 niliil
1615 1724 1720 1762 non
1743 1720 2030 1775 perpessus
2057 1718 2195 1765 sum,

2277 542 2332 593 δὲ
2364 539 2580 609 πράξας.
2625 539 2715 590 καί⁸
2755 537 2964 589 τοσαῦτα
2981 535 3144 603 δεηθεὶς,
3165 528 3219 597 μὴ
3243 532 3462 609 καταισχυν

2279 607 2429 696 ἀξιῶν.
2462 630 2527 680 Σὲ
2554 629 2658 697 γὰρ
2681 628 2861 678 ἐλπίδα
2902 625 3071 695 ἐμαυτοῦ
3089 622 3272 690 θέμενος,
3297 607 3463 680 ἀκριϐῶ

2281 721 2372 773 καὶ
2393 719 2707 786 πέπεισμαι,
2730 718 2809 769 ὅτι
2842 719 2874 786 ἠ
2907 716 3018 776 sisi;
3037 714 3081 766 οὐ
3105 702 3389 774 καταισχύνει.

2356 901 2583 952 "Arcano:
2607 895 2700 948 καὶ
2718 893 2904 958 εὑθεῖς
2930 887 3184 944 ἐκολλῶντό
3196 902 3293 954 μοι,
3310 883 3382 935 ὅτι
3401 882 3470 934 ὑπ

2284 1005 2374 1043 σε.
2428 990 2748 1054 Λύτρωσαι,
2794 987 2826 1037 ό
2868 983 3000 1047 Θεὸς,
3030 980 3108 1032 τὸν
3149 974 3341 1042 Ἰσραὴλ
3379 972 3439 1023 ἐκ

2286 1079 2400 1134 τῶν
2420 1079 2677 1145 θλίψεων
2695 1075 2894 1129 αὐτοῦ.
2918 1073 3006 1125 Καὶ
3025 1071 3146 1123 τοῦτό
3169 1086 3241 1139 μοι
3264 1067 3375 1138 πρὸς
3400 1067 3471 1116 τοῐ

2288 1167 2660 1238 κατορθώμασι
2714 1165 2856 1234 μέγα
2901 1161 3080 1230 ὑπῆρξε,
3109 1159 3185 1212 καὶ
3211 1157 3282 1209 σοὶ
3304 1155 3368 1224 τῷ
3389 1153 3478 1222 oet,

2293 1260 2501 1320 πολλοῖς
2539 1257 2644 1326 γὰρ
2697 1254 2944 1322 ἐγινόμην
2972 1247 3261 1320 ὑπογραμμὸς
3291 1261 3474 1314 καρτερ

2259 1341 2349 1404 τε
2413 1347 2602 1418 σεμνοῦ
2651 1347 2743 1398 καὶ
2783 1343 3032 1414 μετανοίας
3074 1341 3149 1392 καὶ
3189 1336 3480 1406 ὲξομολογὴσ

2293 1443 2481 1495 ἄκακοι
2511 1439 2692 1508 ἄνδρες
2717 1438 2807 1488 καὶ
2833 1436 2989 1497 εὐθεῖς
3010 1429 3286 1501 συνήπτοντό
3308 1444 3386 1497 μοι
3407 1426 3482 1479 κο)

2294 1531 2386 1583 καὶ
2413 1527 2664 1598 συμϐιοῦν
2688 1525 2966 1588 ἀξιοῦντες,
2987 1523 3036 1575 δι’
3059 1521 3183 1574 οὐδὲν
3208 1519 3376 1587 ἕτερον
3396 1516 3430 1585 ἢ

2297 1639 2383 1674 νον
2407 1619 2700 1689 καρτερῶν,
2740 1619 2830 1670 καὶ
2862 1616 3015 1668 πάντα
3033 1613 3288 1681 ὑπέφερον,
3319 1609 3372 1660 σὲ
3409 1608 3482 1677 τὴπ

2258 1700 2480 1764 ’ἐλπίδα
2531 1706 2967 1778 προϐεϐλημένος.
3021 1703 3210 1764 Τούτοις
3268 1699 3460 1752 ἅπασιν

671 1809 810 1878 quod
840 1816 892 1860 te
924 1821 1067 1874 spem
1099 1819 1269 1857 meam
1301 1800 1690 1854 constituerim.
1723 1795 1817 1850 llis
1853 1797 1964 1848 haec
1997 1794 2164 1848 subne

1997 1794 2195 1848 ευιηιθι
2227 1788 2266 1841 Β
2293 1804 2611 1869 Λύτρωσαι,
2657 1802 2687 1851 ό
2748 1797 2904 1862 Θεὸς,
2945 1796 3034 1848 τὸν
3071 1791 3285 1860 Ἰσραὴλ
3323 1791 3387 1842 ἐκ
3431 1805 3481 1841 πε

673 1895 1006 1961 ctit,Libera,
1044 1895 1196 1958 Deus,
1231 1891 1400 1945 Israel
1426 1905 1489 1942 ex
1517 1887 1751 1942 omnibus
1782 1881 2195 1938 tribulationibus

673 1990 810 2042 suis:
841 2001 958 2039 sese
991 1984 1194 2038 scilicet
1237 1980 1483 2034 Israelem
1515 1977 1584 2030 ob
1616 1977 1863 2042 superius
1909 1977 2200 2027 memorata

684 2083 833 2144 gesta
859 2078 1154 2138 nuncupat.
1184 2067 1330 2121 Talis
1368 2067 1509 2120 enim
1535 2071 1618 2119 est
1644 2063 1888 2132 quisquis
1914 2061 1980 2114 ab
2013 2061 2202 2112 animae

676 2181 784 2220 SILB
829 2161 1134 2216 conditione
1185 2157 1393 2212 lsraelis
1425 2168 1620 2207 nomen
1679 2153 1901 2204 obtinet.
1947 2148 2053 2202 Aut
2099 2147 2202 2199 alia

677 2251 899 2315 ratione,
933 2263 1053 2300 cum
1102 2248 1174 2298 ita
1204 2245 1482 2297 institutus
1515 2242 1606 2304 sit,
1661 2246 1719 2292 ut
1761 2254 1868 2291 non
1913 2237 1996 2290 sui
2036 2235 2204 2290 solius

677 2341 973 2396 custodiam
1003 2343 1172 2407 gerat,
1204 2343 1294 2387 aut
1339 2333 1422 2388 sui
1459 2340 1670 2385 tantum
1702 2330 1982 2391 sollicitus,
2024 2342 2121 2396 pro
2149 2341 2207 2380 se

679 2433 792 2487 solo
823 2430 985 2483 Deum
1017 2434 1296 2496 precetur;
1322 2432 1441 2490 post
1483 2435 1594 2474 rem
1626 2420 1759 2473 bene
1787 2428 2012 2486 gestam,
2058 2422 2208 2483 post-

679 2534 836 2589 quam
886 2530 981 2571 sua
1025 2520 1170 2568 recte
1223 2509 1544 2579 composuit,
1585 2524 1682 2576 pro
1726 2507 1974 2560 universo
2012 2504 2208 2574 pOpulo

681 2606 772 2661 Dei
807 2603 1221 2673 supplicationes
1259 2599 1474 2662 emittit,
1515 2604 1795 2664 rogatque,
1839 2604 1919 2657 ut,
1955 2592 2210 2662 quemad-

682 2697 899 2751 modum
945 2709 1003 2748 se
1036 2691 1260 2745 antehac
1308 2705 1372 2742 ex
1407 2688 1660 2741 :erumnis
1701 2694 1756 2740 et
1801 2685 2060 2754 angustiis
2103 2684 2205 2738 eri-

684 2801 808 2856 pere
855 2783 1102 2853 dignatus
1149 2789 1250 2840 est,
1299 2777 1351 2829 id
1392 2776 1566 2843 ipsum
1604 2783 1725 2843 agat
1752 2789 1878 2843 erga
1909 2781 2084 2826 totum
2119 2771 2211 2826 Dei

686 2877 961 2950 populum,
1009 2873 1103 2942 qui
1148 2867 1477 2938 intelligendi
1525 2865 1757 2936 quadam
1808 2865 2015 2920 ratione
2051 2863 2213 2919 Israel

690 2972 1049 3034 nuncupatur.

1080 3067 1398 3124 PSALMUS
1428 3064 1630 3118 DAVID
1653 3061 1815 3117 XXV.

757 3163 921 3217 Vnus.
940 3160 989 3212 1.
1013 3157 1204 3210 Judica
1250 3171 1349 3218 me,
1398 3153 1630 3216 Domine,
1669 3150 1910 3219 quoniam
1940 3163 2030 3218 ego
2056 3148 2109 3201 in
2139 3149 2220 3201 in-

690 3251 925 3306 nocentia
951 3262 1064 3301 mea
1100 3258 1399 3314 progressus
1431 3255 1566 3302 sum,
1597 3247 1643 3290 et
1671 3237 1724 3289 in
1765 3235 1984 3288 Domino
2013 3249 2220 3301 sperans

694 3360 796 3398 non
811 3337 1176 3396 commovebar.
1199 3335 1448 3388 Fortasse
1473 3329 1738 3399 quispiam
1761 3327 1873 3380 base
1885 3325 2026 3378 dicta
2039 3324 2223 3377 Daridi

693 3434 932 3489 referens
963 3429 1202 3499 apposite
1230 3424 1444 3485 dixerit,
1473 3423 1650 3490 ipsum
1675 3417 1943 3486 supplices
1968 3414 2077 3469 Deo
2100 3429 2222 3484 pre-

695 3539 786 3578 ces
808 3520 1076 3576 effundere
1106 3531 1202 3584 pro
1229 3516 1337 3567 vita
1364 3527 1479 3566 sua.
1519 3508 1652 3562 Nam
1680 3523 1802 3562 cum
1839 3514 2060 3562 sanctus
2083 3505 2226 3574 Apo-

699 3612 869 3666 stolus
897 3608 1040 3660 dicat
1067 3623 1080 3657 :
1108 3603 1317 3669 Oportet
1339 3601 1563 3666 primum
1591 3597 1819 3650 omnium
1847 3596 1962 3664 ﬁeri
1991 3595 2226 3647 obsecra-

701 3700 881 3756 tiones,
903 3693 1181 3752 orationes,
1197 3687 1587 3756 postulationes,
1609 3685 1896 3751 gratiarum
1909 3684 2134 3735 actiones
2149 3684 2188 3714 ³⁷
2207 3700 2222 3747 ;

702 3800 766 3838 ac
815 3781 1066 3852 praedicta
1114 3779 1167 3831 in
1215 3782 1444 3844 quatuor
1479 3773 1686 3840 species
1729 3770 2082 3834 distribuerit,
2133 3784 2228 3837 par

703 3883 786 3930 est
812 3887 910 3926 nos
943 3885 1003 3923 ea
1026 3882 1142 3937 qua:
1169 3866 1221 3918 in
1247 3863 1571 3933 psalmorum
1609 3859 1747 3912 libro
1784 3858 2029 3912 feruntur
2052 3867 2228 3912 mente

705 3960 1058 4034 perpendere.
1108 3964 1266 4024 atque
1307 3952 1545 4007 indicare
1569 3950 1789 4018 quinam
1840 3963 2026 4003 eorum
2072 3949 2227 4003 obse-

705 4054 993 4112 crationes,
1025 4049 1115 4119 qui
1157 4046 1449 4104 orationes,
1480 4041 1569 4111 qui
1615 4040 2023 4118 postulationes,
2055 4043 2228 4094 maxi-

705 4158 895 4212 meque
935 4141 1026 4209 qui
1073 4139 1364 4208 gratiarum
1398 4133 1635 4186 actiones
1682 4129 2006 4199 praal'erant:
2037 4129 2229 4197 quidve

708 4235 852 4289 aliud
889 4234 954 4285 ab
989 4231 1094 4284 alio
1125 4227 1356 4289 diﬂ'erat,
1384 4232 1541 4292 atque
1570 4238 1632 4276 ex
1670 4228 1780 4275 toto
1810 4219 2132 4289 psalmorum
2168 4219 2231 4272 li—

707 4325 807 4378 bro
835 4335 994 4390 supra
1022 4319 1288 4373 dictorum
1320 4313 1668 4384 proprietates
1697 4310 1950 4380 seligere;
1977 4316 2058 4371 ut,
2083 4309 2230 4363 verbi

710 4427 891 4477 causa,
921 4409 1339 4471 obsecrationes,
1365 4421 1434 4458 ex
1463 4403 1528 4457 iis
1555 4402 1779 4472 psalmis
1807 4401 1898 4470 qui
1937 4399 2231 4454 invocatio-

2297 1894 2554 1960 θλίψεων
2573 1890 2752 1943 αὐτοῦ
2771 1906 2783 1918 ·
2812 1890 2924 1958 ⁸Ιῖτοι
2956 1885 3092 1946 αὐτὸς
3107 1883 3285 1936 ἑαυτὸν
3316 1880 3482 1950 ὲξομό

2305 1983 2513 2053 Ἰσραὴλ
2539 1980 2808 2050 ὀνομάζων
2839 1979 2923 2031 διὰ
2944 1977 3003 2028 τὰ
3029 1964 3371 2044 προλεχθέντα
3409 1973 3476 2025 αὑ

2299 2070 2520 2140 θώματα
2540 2086 2553 2100 ’
2579 2069 2812 2130 τοιοῦτος
2832 2067 2935 2135 γάρ
2969 2068 3094 2118 ἐστιν
3127 2065 3154 2116 ὁ
3195 2062 3336 2114 κατὰ
3375 2061 3482 2130 ψυχ

2303 2160 2375 2211 Ἢ
2405 2159 2594 2220 ἄλλως,
2621 2155 2987 2224 διδασκόμενος
3023 2152 3088 2223 μὴ
3117 2151 3300 2204 ἑαυτὸν
3335 2151 3482 2218 μόνοι

2305 2249 2434 2320 μηδὲ
2470 2246 2614 2316 αὐτῷ
2643 2246 2782 2315 μόνῳ
2827 2242 3138 2304 σπουδάζειν,
3163 2243 3257 2293 καὶ
3286 2240 3422 2309 περὶ
3467 2257 3482 2309 ι

2302 2343 2390 2394 τὸν
2437 2339 2563 2391 Θεὸν
2615 2335 2867 2388 ἱκετεύειν
2892 2351 2903 2363 ’
2939 2333 3062 2403 μετὰ
3093 2332 3147 2384 δὲ
3182 2331 3244 2383 τὸ
3272 2329 3482 2400 κατορθ

2303 2428 2369 2481 τὰ
2397 2427 2514 2480 καθ’
2537 2425 2722 2478 ἑαυτὸν
2763 2421 3040 2484 διαθέσθαι,
3073 2420 3207 2488 ὑπὲρ
3235 2417 3334 2470 τοῦ
3374 2435 3482 2469 παν

2304 2515 2436 2568 Θεοῦ
2485 2514 2580 2575 τὰς
2624 2510 2980 2581 παρακλήσεις
3008 2507 3312 2576 ἀναπέμπει
3337 2524 3351 2537 ·
3413 2509 3476 2559 ἰκ

2306 2606 2449 2660 ὥσπε
2459 2623 2488 2677 ρ
2513 2604 2759 2674 ἀνωτέρω
2790 2601 2973 2655 ἑαυτὸν
2992 2599 3136 2668 ἠξίου
3170 2599 3449 2670 ρυσθῆναι

2307 2705 2398 2756 τοῦ
2449 2702 2709 2771 θλίψεων,
2753 2701 2890 2752 οὕτω
2941 2699 3033 2752 καὶ¹
3089 2699 3265 2751 πάντα
3311 2700 3416 2751 τὸν
3451 2718 3478 2752 τ

2310 2791 2450 2846 κατὰ
2478 2791 2709 2844 διάνοιαν
2752 2776 2961 2859 Ἰσραὴλ
2989 2789 3430 2859 ὀνομαζόμενον.

2689 3034 2978 3088 ΨΑΛΜΟΣ
3001 3033 3090 3085 ΤΩ
3125 3033 3345 3085 ΔΑΥΙΔ
3377 3035 3476 3086 ΚΕ

2246 3159 2289 3218 c
2384 3128 2596 3196 Κρῖνόν
2615 3143 2710 3194 με,
2742 3126 2934 3191 Κύριε,
2963 3123 3052 3176 ὅτι
3078 3123 3197 3190 ἐγὼ
3233 3125 3312 3176 ἐν
3355 3125 3474 3178 dm

2312 3220 2550 3286 ρεύθην,
2573 3216 2670 3268 καὶ
2689 3215 2783 3266 ἐπὶ
2803 3213 2880 3278 τῷ
2895 3213 3093 3279 Kvplq)
3108 3211 3398 3272 ἐλπίζων·
3421 3232 3473 3266 oi

2332 3309 2492 3369 Ἰδίως
2528 3307 2589 3359 ἄν
2615 3323 2696 3367 τις
2735 3304 2826 3356 ἐπὶ
2867 3302 2957 3354 τὸν
2985 3301 3160 3353 Δαυῖδ
3212 3303 3472 3372 ἀναφέρι

2324 3398 2510 3467 μένους
2537 3395 2740 3461 λόγους,
2763 3393 2899 3444 εἴποι
2921 3390 2989 3442 ἂν
3012 3391 3290 3459 ἐντυχίαν
3307 3392 3470 3444 αὐτὸ

2319 3485 2407 3538 τὸν
2432 3482 2558 3535 Θεὸν
2589 3481 2713 3552 περὶ
2738 3480 2827 3532 τοῦ
2856 3479 2984 3531 ἰδίου
3022 3478 3172 3546 βίου.
3205 3479 3334 3531 Τοῦ
3356 3481 3471 3552 τὰς

2321 3572 2411 3624 λου
2441 3573 2729 3641 φήσαντος·
2775 3567 3017 3635 Πρῶτον
3061 3568 3338 3620 πάντων
3373 3571 3470 3624 δέ

2322 3677 2470 3726 σεις,
2519 3659 2883 3728 προσευχὰς,
2919 3658 3269 3724 ἐντεύξεις
3294 3699 3313 3723 9
3362 3664 3472 3729 εὺ;

2321 3751 2576 3812 διελόντος
2619 3750 2686 3801 τὰ
2730 3747 3118 3819 προλεχθέντα
3176 3751 3269 3812 εἰς
3339 3753 3470 3804 εἴδτ

2324 3843 2581 3912 προσήκει
2606 3841 2703 3910 τὴν
2733 3839 2969 3891 διάνοιαν
3000 3842 3136 3902 τοῖς
3180 3842 3251 3894 ὲν
3282 3845 3372 3912 τῇ
3406 3845 3470 3912 βξ

2325 3929 2706 4000 ἐμφερομένοις
2752 3929 2983 3998 ὲφιστᾷν
3036 3929 3149 3981 τὸν
3208 3930 3399 3996 νοῦν,

2324 4021 2462 4082 τίνες
2489 4020 2580 4089 μὲν
2605 4018 2775 4072 αὐτῶν
2815 4018 3184 4087 περιέχουσι
3214 4019 3460 4091 δεήσει

2326 4109 2502 4178 ευχὰς,
2552 4109 2642 4160 καὶ
2677 4108 2817 4170 τίνες
2859 4108 3214 4172 ἐντεύξεις,
3252 4112 3380 4162 καὶ
3418 4115 3469 4164 ελ

2327 4199 2632 4271 χαριστίας·
2667 4197 2717 4248 τί
2742 4214 2799 4248 τε
2842 4197 3139 4268 διαφέρει
3213 4200 3470 4273 ϐάτερι

2327 4289 2512 4358 γεσθαί
2566 4305 2624 4340 τε
2675 4287 2778 4339 ἀπὸ
2818 4288 3016 4357 πάσης
3079 4290 3214 4359 τῆς
3273 4292 3471 4359 βίὅλι

2333 4381 2589 4451 ἰδιώματα
2618 4379 2723 4430 τῶν
2749 4380 3094 4448 εἰρημένων
3132 4398 3150 4410 ·
3200 4377 3356 4434 οἷον
3427 4401 3470 4435 τ

708 4521 805 4560 nes
847 4511 900 4558 et
955 4469 1368 4569 supplicationes
1425 4469 1871 4564 complectuntur,
1932 4492 1985 4544 in
2039 4491 2199 4560 quibu

1975 4508 1985 4544 ι
2039 4491 2231 4560 quibus
2264 4469 2304 4522 D
2469 4469 2818 4569 περιεχόντων
2847 4471 3380 4541 παρακλήσεις,
3421 4493 3468 4528 κ

709 4603 921 4650 exstant
957 4593 1115 4646 etiam
1156 4587 1554 4648 confessiones;
1602 4583 1776 4653 qualis
1825 4593 1908 4638 est
1944 4582 2231 4650 vigesimus

709 4690 933 4754 quartus
971 4679 1227 4749 psalmus,
1259 4677 1348 4746 qui
1377 4689 1547 4743 neque
1588 4672 1876 4732 canticum.
1901 4684 2072 4736 neque
2092 4669 2234 4736 psal-

711 4789 851 4836 mus,
887 4785 1058 4839 neque
1087 4769 1336 4838 hymnus.
1377 4778 1549 4834 neque
1591 4762 1764 4817 simile
1801 4759 2094 4830 quidpiam,
2133 4757 2228 4811 sed

712 4861 895 4916 Davidi
923 4862 1098 4916 solum
1125 4859 1452 4912 inscribitur.
1481 4854 1762 4910 Orationes
1791 4858 1937 4914 sunt,
1973 4855 2233 4918 quotquot

715 4952 903 5019 psalmi
935 4953 987 5003 in
1016 4949 1171 5002 titulo
1200 4947 1470 5000 orationes
1499 4945 1782 5005 dicuntur;
1815 4938 2116 5009 cujusmodi
2155 4945 2236 4991 est

717 5038 954 5092 decimus
982 5047 1187 5101 sextus,
1219 5036 1572 5105 octogesimus
1603 5034 1846 5102 quintus,
1876 5027 2236 5096 octogesimus

720 5142 915 5188 nonus,
961 5127 1282 5181 centesimus
1322 5126 1548 5195 primus,
1591 5122 1914 5178 centesimus
1943 5120 2236 5187 quadrage-

723 5218 890 5274 simus
927 5214 1152 5283 primus.
1196 5216 1499 5269 Gratiarum
1539 5213 1776 5266 actiones
1821 5217 1966 5273 sunt,
1996 5208 2086 5274 qui
2119 5205 2234 5274 parj

723 5307 929 5358 ratione
957 5317 1018 5355 ac
1048 5303 1367 5356 centesimus
1397 5301 1663 5358 secundus
1685 5295 1971 5364 conscripti
2007 5302 2152 5355 sunt,
2181 5294 2235 5345 in

725 5410 828 5459 quo
867 5394 945 5446 sic
987 5390 1218 5458 legitur:
1243 5389 1479 5451 Benedic,
1527 5390 1702 5442 anima
1733 5402 1866 5450 mea,
1916 5383 2160 5440 Domino.
2187 5389 2236 5434 et

725 5483 830 5534 noli
885 5479 1114 5533 oblivisci
1154 5493 1324 5531 omnes
1364 5479 1720 5534 retributiones
1752 5477 1896 5545 ejus,
1939 5480 1994 5526 et
2023 5477 2232 5525 caetera.

794 5633 836 5667 'i
877 5631 896 5684 Ι
929 5630 1066 5683 Tim.
1102 5645 1175 5687 ll.
1212 5630 1261 5682 l.
1303 5629 1431 5685 Vide
1461 5645 1617 5696 supra
1649 5630 1837 5698 psalm.
1873 5641 1981 5690 vn,
2015 5624 2075 5690 1,
2111 5620 2161 5676 5.
2253 5677 2261 5686 ,

2333 4560 2501 4613 δὲςκαὶ
2523 4556 2927 4628 ἐξομολογήσεις
2977 4561 3349 4629 φέρονται
3384 4580 3404 4593 ·
3457 4585 3469 4612 ι

2336 4650 2456 4711 στὺς
2473 4647 2735 4716 τέταρτος
2779 4647 3046 4720 ψαλμὸς,
3098 4651 3278 4703 οὔτε
3317 4653 3465 4723 ᾠδὶ

2336 4743 2516 4812 ὕμνος,
2548 4739 2667 4792 οὔτε
2693 4757 2745 4794 τι
2784 4743 3062 4797 τοιοῦτον
3083 4759 3106 4774 ο
3177 4744 3348 4797 ἀλλ’
3403 4749 3453 4798 ἁ

2334 4834 2726 4906 γεγραμμένος.
2794 4839 3178 4911 Προσευχαὶ
3230 4839 3314 4892 δέ
3391 4859 3429 4892 ε

2334 4928 2513 4995 γραφῇ
2566 4929 2880 4999 προσευχῶν
2931 4933 3432 5005 ἐπιγράφουσ

2334 5029 2512 5074 κατος,
2543 5012 2637 5064 καὶ
2661 5016 2690 5066 ὁ
2721 5017 3142 5094 ὀγδοηκοστδς
3200 5021 3299 5078 πέ
3313 5041 3424 5096 μνη

2332 5101 2560 5161 ἔννατοςν
2601 5103 2698 5156 καὶ
2744 5109 3079 5180 ὲκατοστδς
3127 5117 3418 5191 πρῶτος

2334 5196 2664 5264 σαρακοστδς
2710 5207 2957 5278 πρῶτος.
3001 5211 3401 5287 Εὑχαριστ

2337 5289 2636 5383 έχοντεςτῷ
2652 5295 2944 5381 ἑκατοστῷ
2963 5310 3133 5364 δευτ
3144 5311 3178 5364 ἑ
3193 5330 3300 5383 ρῳ
3313 5356 3332 5379 ,
3359 5319 3408 5371 ὲ-

2337 5381 2376 5446 ή
2394 5380 2558 5483 ψυχή
2578 5401 2734 5483 “fw.
2787 5404 2894 5458 τὸν·
2915 5368 2929 5381 ⁶
2959 5368 3332 5474 Κύριένίυ
3369 5368 3401 5465 ⁷ς

2339 5476 2535 5534 πάσας
2585 5476 2703 5546 τὰς
2741 5490 3290 5570 ἀνταποδόσεις
3379 5526 3398 5560 ε
