3782 6292
720 311 822 366 255

1435 316 1691 370 EUSEBll
1729 311 2190 368 CAESARIENSIS
2226 313 2374 366 OPP.
2417 312 2590 364 rans
2624 311 2780 360 ttl.—
2813 280 2928 359 ιλιι

1998 311 2190 365 ENSIS
2226 313 2374 366 OPP.
2417 312 2590 364 rans
2624 311 2780 360 ttl.—
2813 280 3082 359 ωοιιιω.
3482 300 3491 346 ε

719 430 997 494 auderent.
1025 436 1192 488 multo
1223 435 1390 504 magis
1439 437 1505 487 ab
1553 435 1619 487 iis
1651 433 2002 493 declinabam,
2030 434 2212 486 errori:

1996 473 2002 492 .
2030 434 2229 487 erroris
2259 449 2300 500 Α
2328 433 2416 485 καὶ
2439 431 2582 499 παρὰ
2608 427 2694 480 τον
2721 428 2841 479 θεῖον
2857 429 2961 496 νόμον
2984 426 3121 493 τολμᾷν
3139 417 3226 473 τινὰ
3243 418 3362 487 ὃρᾷψ
3390 415 3489 468 7.3.11

719 537 829 576 una
858 538 976 576 cum
999 526 1063 579 iis
1097 524 1474 578 adeundiviam
1497 523 1784 592 refugiens.
1819 523 1968 586 Quod
1995 525 2041 576 si
2063 539 2229 591 quan-

721 611 792 664 do
814 611 1044 666 viderem
1067 615 1270 681 aliquos
1295 620 1486 666 emtum
1509 621 1746 682 agentes,
1771 613 1861 681 qui
1886 628 1987 665 non
2024 629 2118 680 pro
2143 630 2230 666 va-

722 703 887 756 nitate
927 718 1023 756 nec
1049 719 1142 770 pro
1175 703 1428 770 improbis
1460 705 1710 772 operibus
1734 704 2102 766 convenirent,
2138 705 2230 758 sed

725 806 818 859 pro
847 797 1022 859 pravis
1041 800 1091 844 et
1119 793 1293 859 impiis
1313 793 1646 861 dogmatibus
1675 795 1726 846 in
1766 794 1993 847 ecclesia
2018 809 2233 862 congre-

724 888 992 946 garenlur,
1027 881 1124 934 hos
1158 881 1436 950 plusquam
1487 897 1646 950 supra
1673 883 1846 937 dictos
1879 882 2002 936 odio
2043 883 2231 951 dignos

725 970 895 1022 rebar.
926 969 1082 1022 Aliud
1109 985 1234 1023 vero
1259 987 1288 1022 a
1311 985 1470 1040 supra
1497 973 1801 1026 memoratis
1838 971 2112 1025 hominum
2143 988 2232 1041 ge-

720 1072 820 1110 nus
852 1059 1213 1125 conspicatus,
1256 1059 1538 1127 impiorum
1579 1061 1843 1121 videlicet,
1873 1068 1926 1114 et
1951 1063 2040 1128 qui
2066 1061 2230 1114 Deum

718 1161 823 1198 non
851 1155 1094 1209 nossent,
1125 1163 1186 1199 ac
1218 1149 1308 1216 qui
1339 1150 1391 1201 in
1414 1164 1594 1203 errore
1621 1158 1674 1203 et
1697 1150 1994 1204 idololatria
2026 1152 2230 1203 voluta-

719 1243 920 1298 rentur,
953 1237 1020 1288 ab
1050 1237 1113 1291 iis
1139 1237 1476 1303 secedebam;
1516 1240 1589 1291 ita
1616 1249 1672 1292 ut
1704 1256 1770 1293 ne
1801 1241 1986 1294 sedere
2017 1241 2231 1310 quidem

716 1339 837 1378 cum
867 1325 933 1380 iis
963 1326 1177 1389 vellem,
1208 1341 1302 1380 nec
1331 1327 1421 1380 diu
1470 1344 1590 1381 cum
1624 1329 1689 1382 iis
1741 1331 1957 1390 morari,
2006 1345 2072 1384 ne
2129 1347 2232 1398 qua

717 1413 845 1465 mihi
875 1428 938 1467 ex
968 1427 1154 1466 eorum
1203 1429 1491 1484 congressu
1535 1417 1822 1484 impietatis
1850 1419 2098 1488 contagio
2126 1420 2226 1474 ha:-

719 1509 875 1556 reret.
908 1501 1082 1566 Quare
1105 1503 1226 1555 dico
1261 1522 1274 1556 :
1302 1511 1351 1555 et
1372 1519 1485 1555 cum
1517 1505 1688 1572 impiis
1715 1522 1817 1558 non
1837 1505 2037 1560 sedebo.

786 1798 941 1852 Vens.
1011 1799 1130 1862 6-8.
1213 1799 1414 1853 Lavabo
1481 1801 1615 1853 inter
1687 1803 1974 1854 innocentes
2049 1817 2232 1855 manus

719 1904 876 1952 meas,
927 1899 977 1941 et
1005 1888 1332 1941 circumdabo
1366 1893 1530 1942 altare
1559 1900 1721 1951 tuum,
1760 1890 1974 1943 Domine
2004 1907 2021 1944 :
2051 1901 2106 1943 ut
2141 1907 2234 1942 au-

720 1980 857 2031 diam
884 1995 1048 2032 uocem
1098 1980 1290 2041 laudis,
1344 1989 1392 2033 et
1445 1997 1676 2034 enarrem
1709 1983 1941 2034 universa
1969 1980 2232 2033 mirabilia

719 2076 826 2120 tua.
854 2065 1098 2130 Domine,
1127 2068 1286 2120 dilexi
1319 2067 1550 2120 decorem
1575 2068 1754 2122 domus
1799 2078 1918 2130 ture,
1965 2078 2014 2122 et
2067 2069 2232 2121 locum

719 2136 1061 2209 habitationis.
1085 2157 1264 2224 gioriw
1291 2167 1410 2210 tum.
1443 2156 1499 2210 ln
1535 2159 1761 2211 circuitu
1798 2157 2127 2212 tabernaculi
2152 2159 2232 2212 tui

718 2243 1124 2304 obambulando,
1160 2244 1383 2313 hymnos
1431 2246 1736 2299 emittebam
1785 2261 1882 2315 pro
1933 2246 2230 2309 sacrificiis,

719 2339 774 2383 ut
806 2331 872 2384 ab
895 2331 1201 2387 hominibus
1235 2349 1264 2387 e
1314 2334 1498 2387 vicino
1531 2336 1721 2403 positis
1757 2335 2109 2402 audirentur,
2161 2336 2233 2389 ita

719 2426 776 2470 ut
807 2434 990 2475 omnes
1040 2436 1226 2475 vocem
1274 2437 1442 2475 meam
1473 2431 1524 2477 te
1553 2424 1930 2487 celebrantem,
1987 2439 2050 2478 ac
2075 2439 2234 2479 enar-

720 2515 921 2562 rantcm
954 2509 1200 2563 universa
1233 2510 1494 2563 mirabilia
1551 2521 1639 2563 tua
1688 2511 2067 2565 auscuitarent.
2101 2510 2232 2564 Nam

719 2597 771 2650 in
799 2597 1010 2666 hymnis
1061 2597 1126 2650 ad
1175 2597 1253 2650 tui
1283 2597 1487 2651 laudem
1535 2601 1887 2664 concinnatis,
1923 2600 2233 2654 admiranda

719 2698 862 2756 gesta
893 2695 982 2741 tua
1015 2703 1120 2740 una
1149 2689 1556 2755 complectebar,
1610 2705 1728 2757 qum
1773 2691 1985 2758 proavis
2035 2691 2233 2744 nostris

720 2777 1023 2830 exhibuisti.
1055 2776 1237 2845 Neque
1264 2777 1517 2831 duntaxat
1548 2778 1712 2832 altare
1734 2789 1882 2832 tuum
1916 2780 2230 2844 circuiham,

720 2865 808 2919 sed
837 2873 1004 2918 totam
1035 2882 1244 2935 quoque
1288 2867 1500 2920 domum
1550 2877 1700 2920 tuam
1749 2867 1931 2934 dilexi,
1989 2867 2229 2931 Domine,

722 2953 1050 3022 maximeque
1077 2954 1320 3011 decorem
1358 2955 1496 3022 ejus,
1533 2957 1622 3023 qui
1666 2957 1720 3009 in
1763 2956 1868 3025 piis
1896 2957 2233 3026 dogmatibus
2265 2990 2268 2992 -

2259 3081 2301 3136 Ο
2337 3041 2497 3111 μένην
2525 3043 2579 3092 ὲν
2604 3040 2843 3092 εὐσεϐέσι
2865 3040 3092 3109 δόγμασι
3114 3043 3210 3092 καὶ
3231 3042 3461 3110 λόγοις,

722 3049 771 3094 et
806 3043 1158 3106 sermonibus,
1189 3057 1398 3098 necnon
1431 3045 1484 3097 in
1509 3043 1764 3099 divinitus
1795 3045 2003 3100 traditis
2048 3047 2234 3100 lectio-

722 3131 877 3184 nibus
908 3139 1195 3200 spectatur.
1229 3132 1397 3187 Decor
1445 3142 1620 3187 autem
1661 3134 1855 3189 domus
1904 3134 1997 3188 Dei
2052 3135 2232 3199 fuerit,

721 3221 1146 3274 convenientium
1176 3231 1419 3285 ornatus,
1457 3223 1725 3292 inculpata
1761 3225 1889 3290 vita,
1941 3225 2236 3278 multitudi-

721 3308 803 3361 nis
833 3308 1102 3372 honestas,
1151 3319 1442 3365 concentus
1492 3319 1544 3365 et
1590 3311 1871 3366 concordia
1911 3327 2236 3366 concurren-

721 3399 873 3452 tium.
903 3396 1003 3452 Sed
1037 3400 1287 3467 quoniam
1323 3401 1406 3454 vel
1433 3402 1559 3468 ipsa:
1588 3401 1777 3456 domus
1804 3402 1977 3465 sedes,
2004 3403 2072 3456 ob
2092 3418 2239 3456 amo-

721 3487 793 3540 ris
823 3502 946 3556 erga
971 3487 1140 3541 Deum
1167 3490 1548 3556 praestantiam,
1578 3491 1841 3558 religiosis
1868 3492 2060 3544 animis
2091 3506 2241 3544 ama-

721 3574 855 3627 biles
908 3581 1054 3636 sunt,
1100 3576 1304 3626 etiamsi
1347 3575 1568 3628 diversa:
1613 3577 1720 3630 sint
1765 3591 1794 3628 a
1826 3577 2020 3631 tradito
2048 3578 2238 3632 domus

723 3660 813 3712 Dei
845 3661 1054 3722 decore,
1096 3662 1284 3715 merito
1329 3663 1541 3730 adjecit,
1592 3672 1641 3716 et
1693 3664 1862 3717 {acum
1905 3666 2238 3721 habitationis

721 3750 898 3818 gloria!
927 3759 1047 3802 tuw.

791 3858 951 3913 Vens.
982 3860 1067 3924 Η,
1115 3860 1200 3914 12.
1242 3859 1349 3931 Ego
1392 3873 1562 3916 autem
1608 3864 1662 3916 in
1691 3865 1982 3918 innocentia
2014 3882 2126 3918 mea
2158 3867 2240 3919 in-

723 3964 924 4016 gressus
953 3964 1066 4000 sum
1106 3964 1123 4001 :
1166 3950 1358 4004 redime
1386 3968 1482 4016 me,
1515 3949 1749 4017 Domine,
1780 3963 1828 4006 et
1856 3954 2092 4007 miserere
2122 3956 2238 4007 mei.

724 4037 819 4091 l’es
846 4055 984 4092 meus
1015 4041 1151 4093 stetit
1180 4041 1234 4092 in
1268 4039 1478 4104 directo,
1507 4041 1558 4093 in
1587 4042 1814 4096 ecclesiis
1849 4042 2139 4097 benediram
2172 4055 2238 4109 te,

724 4127 955 4182 Domine.
991 4130 1428 4198 Quandoquidem
1470 4132 1632 4200 igitur
1663 4147 1765 4200 qua
1808 4148 2058 4188 mensura
2087 4136 2242 4187 meti-

723 4234 859 4280 mur,
887 4222 1179 4274 remetietur
1205 4222 1369 4281 nobis.
1401 4229 1453 4275 et
1486 4223 1538 4274 in
1565 4238 1670 4290 quo
1688 4223 1892 4291 judicio
1913 4223 2238 4291 iudicamus,

722 4310 774 4362 in
804 4310 985 4364 eodem
1005 4311 1366 4380 judicabimur
1389 4313 1466 4378 3°;
1499 4312 1617 4365 ideo
1656 4312 1958 4382 frequenter
1984 4314 2240 4367 innocen-

2329 539 2446 583 τους
2510 520 2585 570 ἔτι
2641 517 2826 585 μᾶλλον
2863 517 3009 584 ἔφυγον,
3046 509 3354 582 παραιτούμενος
3387 505 3459 574 τὴν

2329 613 2502 670 αὐτοῖς
2543 610 2618 669 είς
2663 608 2758 675 τὴν
2791 609 2936 675 πλάνην
2969 593 3121 657 εἴίῖοδον.
3152 601 3233 653 Καὶ
3255 598 3289 650 εἴ
3317 613 3416 648 ποτε
3444 596 3487 646 δὲ

2331 717 2434 768 ρων
2489 696 2893 763 ἐκκλησιάζοντας
2931 711 3059 754 τινας,
3099 693 3164 743 καὶ
3205 690 3278 741 οὒκ
3309 687 3381 738 ἐπὶ
3425 703 3492 752 μοι·

2327 803 2482 854 τητος
2519 787 2913 852 συνερχομένους,
2932 783 3012 834 ἀλλ’
3037 781 3109 833 οὐδ’
3143 781 3210 831 ἐπὶ
3250 776 3490 845 παρανόμοι

2329 893 2441 943 γοις
2461 916 2476 939 ,
2515 874 2624 927 ἀλλ’
2671 875 2762 925 ἐπὶ
2796 877 2981 943 πονηροῖς
3013 873 3080 924 καὶ
3111 870 3277 925 ἀσεϐέσι
3310 869 3492 936 δόγμασι

2329 962 2580 1032 ἐκκλησίᾳ
2623 961 2779 1030 δῆθεν
2821 961 3194 1030 συγκροτουμένους,
3246 956 3423 1016 τούτους
3464 956 3492 1005 δέ

2331 1051 2479 1102 λιστα
2511 1050 2655 1120 παρὰ
2698 1051 2818 1110 τοὺς
2848 1048 3132 1119 προλεχθὲντιις
3167 1047 3316 1116 μίσους
3340 1043 3492 1107 ἀξίους

2334 1157 2455 1209 μην.
2483 1142 2589 1192 Καὶ
2627 1139 2808 1210 ἕτερον
2839 1139 2881 1190 δὲ
2913 1139 3048 1208 τάγμα
3084 1138 3200 1207 παρὰ
3229 1137 3288 1187 τὰ
3321 1135 3491 1204 προλελλ

2331 1228 2497 1292 εἰδὼς,
2530 1231 2588 1281 τὸ
2619 1229 2723 1280 τῶν
2771 1229 2950 1290 ἀσεϐῶν,
2987 1228 3065 1280 τῶν
3096 1229 3164 1280 τὸν
3202 1226 3311 1277 Θεὸν
3363 1223 3428 1292 μὴ
3469 1241 3490 1274 ε

2331 1319 2779 1389 εἰδωλολατρείαις
2803 1320 2875 1371 καὶ
2893 1319 3024 1389 πλάνῃ
3039 1317 3405 1384 καλινδουμένων,
3423 1315 3492 1366 ὰνε

2331 1409 2522 1471 αὐτῶν,
2572 1409 2646 1471 ὡς
2695 1409 2822 1479 μηδὲ
2857 1409 3070 1478 βούλεσθαι
3109 1409 3254 1469 αὐτοῖς
3303 1405 3492 1471 ownan

2290 1564 2294 1571 .
2335 1498 2452 1567 μηδ’
2494 1499 2583 1549 ἐπὶ
2632 1498 2760 1550 πολὺ
2798 1499 3098 1570 συγχρονίζειν,
3132 1497 3192 1567 μὴ
3229 1497 3323 1566 ἄρα.
3353 1513 3427 1558 τις
3467 1497 3490 1547 ὲ

2331 1589 2532 1656 γένοιτό
2563 1607 2650 1659 μοι
2680 1589 2924 1658 μετάδοσις
2941 1589 3164 1651 ἀσεόείας·
3191 1588 3260 1640 διὸ
3283 1587 3440 1657 φημί·
3467 1591 3492 1640 Ιι

2332 1679 2564 1733 ἀσεϐῶν
2589 1682 2659 1733 οὐ
2689 1679 2773 1748 μὴ
2807 1680 2998 1734 καθίσω.

2263 1764 2308 1822 Β
2399 1792 2653 1858 Νίψομαι
2679 1791 2747 1843 ἐν
2793 1789 2965 1854 ἀθώοις
3002 1789 3088 1854 τὰς
3128 1789 3304 1858 χεῖράς
3347 1808 3478 1858 μου,

2331 1878 2539 1932 κλώσω
2567 1879 2633 1932 τὸ
2655 1879 3030 1946 θυσιαστήριόν
3063 1897 3178 1942 σου,
3202 1882 3385 1946 Κύριε,
3404 1880 3492 1933 toi

2330 1968 2527 2037 φωνῆς
2550 1969 2840 2034 αἰνέσεως,
2870 1970 2947 2022 καὶ
2971 1969 3316 2038 διηγήσασθαι
3343 1969 3489 2023 πάντ

2323 2058 2510 2126 μὰσιά
2555 2075 2685 2112 σου.
2735 2061 2910 2126 Κύριε,
2953 2060 3196 2128 ἠγάπησα
3238 2061 3488 2128 εὺπρέπε

2330 2165 2461 2211 σου,
2505 2150 2601 2203 καὶ
2631 2152 2811 2204 τόπον
2834 2149 3165 2219 σκηνιῶματος
3189 2152 3365 2219 δόξης
3409 2171 3492 2206 σθ’

2333 2254 2423 2290 σου
2455 2238 2516 2290 τὸ
2539 2239 2913 2310 Θυσιαστήριον,
2935 2239 3109 2309 ὕμνους
3137 2242 3440 2311 ἀνέπεμπον
3474 2245 3492 2296 ὀ

2329 2328 2420 2380 καὶ
2441 2329 2537 2396 τὴν
2559 2328 2692 2397 ἐμὴν
2717 2328 2881 2399 φωνὴν
2902 2329 3135 2398 ἀκουστὴν
3159 2331 3368 2383 ἐποίουν
3385 2335 3492 2395 τοῖς

2332 2431 2433 2478 σιν,
2467 2413 2603 2467 ὥστε
2636 2415 2831 2478 πάντας
2857 2415 3046 2468 ἀκούειν
3081 2417 3168 2484 τῆς
3197 2416 3332 2484 ἐμῆς
3377 2434 3492 2484 quin

2333 2520 2388 2556 σε
2435 2505 2522 2556 τὸν
2565 2505 2688 2556 Θεὸν
2731 2506 2821 2558 καὶ
2862 2505 3185 2574 διηγουμένης
3231 2507 3418 2559 πάντα
3463 2526 3492 2559 τ

2332 2611 2438 2647 σου.
2497 2594 2578 2645 Ἐν
2609 2594 2713 2663 γὰρ
2745 2597 2850 2656 τοῖς
2902 2597 2971 2656 εἰς
3002 2595 3057 2646 σὲ
3095 2594 3274 2663 ὕμνοις
3326 2613 3492 2667 συμπ

2328 2683 2426 2746 τὰς
2452 2682 2749 2752 Θαυμασίοις
2781 2701 2868 2735 σου
2899 2684 3126 2752 πράξεις,
3151 2685 3212 2744 a;
3241 2687 3491 2753 ἐνεδείξω

2337 2789 2445 2842 ροις
2478 2773 2852 2843 προπάτορσιν.
2887 2775 2952 2825 Οὐ
3003 2774 3152 2843 μόνον
3177 2777 3232 2827 δε
3259 2777 3323 2828 τὸ
3372 2779 3489 2831 Ουσ

2334 2861 2607 2923 ὲκύκλουν,
2653 2861 2782 2912 ἀλλὰ
2821 2863 2909 2912 καὶ
2951 2862 3122 2913 πάντα
3153 2864 3241 2914 τὸν
3274 2860 3440 2919 οἶκόν

2331 2951 2497 3020 Κύριε
2520 2967 2532 2980 ·
2569 2951 2661 3003 καὶ
2690 2950 2870 3002 τούτου
2912 2951 3137 3019 μάλιστα
3163 2952 3261 3022 τὴν
3289 2955 3488 3026 εὐπρέ

2334 3129 2610 3191 πνεύστοις
2635 3128 3064 3198 ἀναγνώσμασιν.
3090 3130 3439 3202 Εέῦπρέπεια
3468 3136 3492 3186 ξ

2332 3219 2424 3270 τοῦ
2449 3219 2577 3270 Θεοῦ
2612 3219 2701 3270 καὶ
2722 3221 2750 3270 ὁ
2769 3219 2875 3271 τῶν
2903 3220 3324 3288 συνερχομένων
3351 3225 3492 3293 κόσι

2335 3308 2686 3377 ἀνεπίληπτος
2709 3308 2801 3359 καὶ
2828 3308 2890 3358 τὸ
2921 3307 3155 3376 κόσμιον
3185 3310 3288 3362 τοῦ
3318 3312 3492 3384 πλὴΘ

2334 3397 2567 3466 φροσύνη
2621 3397 2728 3450 τῶν
2769 3399 3216 3468 συνερχομένων.
3277 3402 3438 3454 Ἀλλ’

2335 3490 2522 3558 ἔδαφος
2553 3491 2616 3542 δι’
2642 3491 2948 3561 ὑπερϐολὴν
2976 3491 3084 3560 τῆς
3116 3493 3266 3560 πρὸς
3297 3493 3458 3546 Θεδν

2333 3577 2424 3630 τὸν
2445 3578 2690 3646 τυγχάνει
2710 3579 2827 3639 ταῖς
2862 3576 3154 3643 φιλοθέοις
3195 3578 3461 3648 ψυχαῖς,

2335 3667 2429 3737 τὴν
2458 3667 2797 3720 ἀποδοθεῖσαν
2822 3667 2964 3735 ἡμῖν
2991 3667 3368 3736 εὐπρέπειαν
3397 3672 3486 3722 τοί

2334 3755 2550 3818 εἰκότως
2567 3755 2819 3822 ἐπιλέγει·
2844 3754 2968 3807 Καὶ
2987 3756 3201 3808 τόπον·
3213 3758 3486 3826 σκηνὼλ

2419 3864 2558 3932 Ἐγὼ
2592 3863 2656 3916 δὲ
2694 3864 2760 3916 ἐν
2789 3865 3037 3930 ἀκακία
3079 3883 3220 3932 μου
3271 3866 3487 3935 ἐπορε

2335 3973 2427 4024 με,
2461 3955 2652 4020 Κύριε,
2681 3955 2775 4006 καὶ
2807 3953 3110 4018 ἐλέησόν·
3151 3971 3269 4022 με.
3321 3957 3392 4009 Ὁ
3443 3977 3488 4010 :n

2337 4047 2624 4110 εὐθύτητι,
2677 4044 2744 4094 ἐν
2786 4043 3212 4109 ἐκκλησίαις
3268 4049 3486 4114 εὐλοιτ

2350 4136 2499 4189 Ἐπεὶ
2522 4135 2694 4187 τοίνυν
2730 4127 2772 4200 ᾧ
2808 4133 3028 4202 μέτρῳ
3060 4130 3315 4199 μετρεῖ)
3328 4149 3488 4200 μενε

2343 4219 2497 4286 ἡμῖν,
2524 4219 2613 4271 καὶ
2657 4221 2712 4271 ὲν
2750 4214 2794 4286 ᾧ
2827 4219 3115 4289 κρίματι
3153 4220 3485 4290 κρίνομεκ

2337 4310 2490 4363 τοῦτο
2533 4308 2762 4378 συνεχῶς
2805 4310 2924 4377 τὴν
2979 4310 3288 4362 ἀκακίαν
3350 4329 3486 4384 πρ(

721 4397 847 4449 tiam
879 4401 1141 4466 proponit,
1174 4399 1223 4452 id
1250 4407 1350 4462 est,
1383 4399 1640 4453 malorum
1671 4381 2010 4464 oblivionem,
2036 4402 2212 4454 cttoie

1996 4440 2010 4464 ,
2036 4408 2090 4454 c‘.‘
2107 4402 2239 4454 tole~
2272 4381 2313 4432 D
2343 4401 2436 4470 τὴν
2462 4400 2754 4470 ἀμνηστίαν
2793 4399 3059 4462 κακῶν,
3116 4401 3246 4452 καὶ
3286 4401 3426 4471 τὴν
3475 4423 3485 4438 ι

722 4489 949 4541 rantiam
995 4491 1562 4560 mansuetudinemque
1592 4487 1716 4560 erga
1748 4507 1840 4545 eos
1872 4493 1961 4560 qui
2016 4492 2069 4544 in
2135 4491 2242 4545 sei-

721 4591 872 4646 psum
908 4588 1290 4645 peccaverant,
1348 4588 1407 4632 ut
1431 4595 1607 4648 parem
1643 4589 1696 4634 ct
1741 4581 1853 4649 ipse
1884 4596 1979 4650 pro
2009 4580 2240 4634 admisso

719 4675 896 4718 errato
928 4664 1306 4734 indulgentiam
1356 4667 1449 4721 Dei
1502 4670 1867 4722 nanciscatur.
1921 4667 2010 4721 Sic
2050 4684 2238 4737 preca-

719 4763 828 4814 tus,
874 4754 1056 4808 divino
1105 4749 1276 4809 sancti
1310 4764 1364 4810 et
1414 4758 1706 4826 prophetici
1747 4757 1977 4826 Spiritus
2021 4758 2240 4812 numine

719 4842 945 4906 aﬂlatus,
988 4846 1060 4898 ita
1111 4847 1298 4916 pergit,
1333 4863 1417 4916 pes
1444 4866 1582 4902 meus
1621 4852 1760 4903 stetit
1802 4853 1854 4904 in
1889 4851 2081 4904 directo
2123 4868 2141 4904 :
2188 4852 2240 4904 in

720 4933 941 4988 ecclesiis
972 4935 1260 4990 benedicam
1285 4948 1351 5000 te,
1375 4939 1610 4994 Domine.
1633 4941 1968 4995 Vaticinatur
1988 4943 2129 4996 enim
2159 4957 2238 5004 se,

721 5023 821 5074 ctsi
878 5023 1102 5089 pedibus
1157 5042 1538 5098 nonnunquam
1588 5032 1934 5093 vacillaverit,
1967 5045 2029 5084 ac
2062 5039 2240 5085 motus

723 5125 1115 5179 succussusque
1148 5116 1328 5179 fuerit,
1352 5135 1621 5188 nunquam
1652 5123 1826 5173 ta'men
1856 5121 1908 5172 in
1945 5119 2027 5173 his
2058 5120 2240 5186 lapsu-

723 5210 860 5264 rum,
909 5197 1001 5251 sed
1031 5205 1381 5260 constiturum
1430 5211 1482 5261 in
1516 5210 1741 5271 directo,
1789 5216 1948 5275 atque
1997 5206 2237 5259 futurum

723 5299 839 5338 esse
866 5293 923 5338 ut
946 5287 1000 5338 in
1029 5289 1270 5345 ecclesiis
1289 5296 1562 5351 benedicat
1591 5297 1846 5361 Domino;
1882 5296 1964 5349 his
1991 5309 2240 5364 praenun-

722 5373 858 5430 tians
905 5375 1138 5430 futuram
1188 5381 1273 5434 sui
1323 5385 1378 5439 in
1425 5389 1666 5444 ecclesiis
1715 5388 1808 5444 Dei
1862 5386 2172 5440 memoriam
2223 5404 2235 5438 :

790 5573 835 5603 ³⁹
874 5573 1055 5627 Matth.
1081 5556 1158 5630 ¹νιι
1180 5619 1197 5647 ,
1226 5579 1280 5634 2.

2339 4492 2711 4562 ἡμαρτηκότας
2739 4489 3182 4554 ἀνεξικακίαν
3208 4507 3228 4520 δ
3279 4492 3385 4556 ὡς
3419 4494 3486 4546 ὂ.-

2340 4585 2486 4655 παρὰ
2510 4585 2601 4636 τοῦ
2645 4584 2775 4636 Θεοῦ
2804 4583 3006 4652 τύχοι
3046 4586 3485 4655 ἀμνηστίας

2340 4674 2482 4743 αὐτῷ
2517 4674 2802 4742 σφάλματι.
2831 4674 2990 4725 Καὶ
3048 4675 3296 4728 ταῦτα
3349 4679 3483 4730 ἱκεν

2339 4762 2476 4830 ἁγίῳ
2507 4761 2598 4812 καὶ
2624 4759 2999 4830 προφητικῷ
3023 4761 3232 4812 ΙΙνεὺ
3248 4780 3440 4831 ματι

2339 4868 2454 4918 μου
2481 4849 2624 4914 ἔστη
2658 4850 2727 4900 ἐν
2761 4852 3167 4918 εὑθύτητι,
3234 4853 3341 4904 ἐν
3384 4855 3468 4907 ἑ).

2342 4955 2436 5002 σε,
2474 4939 2662 5004 Κύριε.
2695 4939 3136 5010 Προφητεύει
3197 4940 3392 5012 γὰρ,

2343 5045 2428 5080 νεν
2453 5031 2509 5080 ἐν
2539 5030 2649 5089 τοῖς
2686 5030 2854 5082 ποσὶν
2907 5032 3147 5085 αὑτοῦ
3200 5031 3442 5096 σάλος

2344 5134 2458 5180 σις’
2501 5116 2612 5168 ἀλλ’
2643 5117 2701 5168 οὐ
2747 5127 3081 5176 πεσεῖται
3144 5121 3277 5173 ἐπὶ
3343 5139 3427 5174 το

2343 5207 2607 5277 εὐθύτητι,
2654 5207 2884 5278 μέλλων
2953 5217 3037 5268 ὲν
3087 5211 3418 5280 ὲκκλησί

2342 5296 2437 5367 τὴν
2466 5295 2551 5348 διὰ
2582 5298 2770 5353 πασῶν
2799 5303 2950 5358 τῶν
2985 5303 3402 5374 ὲκκλησιῶ·

2341 5384 2434 5438 τοῦ
2465 5395 2987 5466 προαναφωνήσας
3023 5415 3042 5429 -
3106 5395 3219 5460 εἰς
3257 5392 3377 5449 ἔτι
