3782 6340
253 324 346 379 237

1371 338 1850 395 COMMENTARM
1884 339 1949 393 IN
1983 334 2305 392 PSALMOS.

3318 338 3419 393 258

256 436 475 523 ὅλης-τῆς
511 432 824 523 οἰκουμένης
872 436 941 491 ὲν
982 448 1125 511 ταῖς
1178 451 1405 520 Χριστοῦ
1443 454 1747 523 ἐκκλησίαις
1784 457 1807 507 ό

1915 468 2031 506 nam
2085 452 2152 505 ad
2201 448 2515 503 hodiernum
2576 463 2742 515 usque
2801 446 2933 502 diem
2992 462 3082 517 per
3120 448 3417 523 universam

261 520 395 581 Δαυῖδ
414 522 604 589 εὐλογεί
623 522 711 574 τὸν
748 522 832 574 Κὺ
843 540 1003 593 ριον.

748 733 841 785 το
884 740 1110 795 ΔΑΥιΔ
1156 747 1297 811 KG".

313 822 508 887 Κύριος
550 826 861 890 φωτισμός
916 846 1074 895 μου,
1128 835 1226 886 καὶ
1271 836 1463 901 σωτήρ
1508 852 1643 902 μου,
1682 836 1808 887 τίνα

251 910 675 978 φοϐηθήσομαις
723 912 958 982 Κύριος
1014 920 1468 988 ὑπερασπιστὴς
1514 922 1620 990 τῆς
1667 922 1807 989 ζωῆς

258 1018 390 1067 μου,
415 1000 517 1053 ἀπὸ
552 1000 720 1067 τινος
766 1002 1069 1062 δειλιάσω
1087 1027 1105 1073 ;
1138 1014 1245 1064 Καὶ
1283 1014 1365 1065 διὰ
1396 1014 1547 1064 τοῦτο
1592 1014 1642 1065 τί
1672 1014 1808 1066 διδά-

261 1107 382 1145 σκει
402 1091 458 1143 τὺ
483 1090 703 1161 Πνεῦμα
725 1094 789 1147 τὸ
816 1101 1167 1168 προφητικόν
1190 1118 1203 1165 ;
1234 1103 1412 1164 ’Ὅπως
1444 1103 1697 1171 προσήκει
1722 1102 1809 1153 τὸν

250 1180 344 1249 τῷ
384 1180 488 1249 Θεῷ
533 1181 905 1251 ἀνακείμενον
949 1187 1286 1257 εὐχαριστεῖν
1327 1190 1487 1258 αὐτῷ,
1520 1192 1611 1243 καὶ
1656 1193 1808 1242 ὁποῖα

1908 549 2102 593 terram
2158 539 2210 591 in
2254 536 2491 591 ecclesiis
2536 534 2734 589 Christi
2794 533 2957 589 David
3007 536 3265 590 benedici:
3314 536 3420 591 D0-

1908 630 2071 682 mino.

2446 739 2647 793 DAVID
2674 736 2859 791 XXVI.

1978 831 2140 884 Vens.
2176 830 2229 891 i,
2256 830 2308 882 2.
2352 829 2599 881 Dominus
2629 828 2938 880 illuminatio
2966 843 3096 885 mea.
3124 837 3170 878 et
3194 828 3420 880 salvator

1909 939 2068 978 meus.
2090 937 2233 989 quem
2259 919 2481 971 timebo?
2519 918 2763 970 Dominus
2790 926 3042 982 protector
3072 918 3186 969 vita
3218 933 3422 975 incana

1906 1028 2003 1077 quo
2028 1008 2325 1075 trepidabo?
2357 1006 2451 1060 His
2481 1020 2637 1073 porro
2665 1005 2791 1073 quid
2824 1004 3053 1072 Spiritus
3083 1004 3420 1072 propheticus

1906 1103 2094 1154 docet?
2126 1101 2400 1166 Quomodo
2427 1106 2665 1168 Oporteat
2700 1098 2963 1151 hominem
3010 1097 3118 1151 Deo
3154 1096 3418 1149 addictum

1909 1190 2005 1257 ipsi
2045 1191 2243 1256 gratias
2295 1203 2472 1257 agere,
2500 1196 2554 1242 et
2582 1187 2756 1255 qualia
2782 1203 2875 1255 par
2902 1187 2970 1240 sit
2997 1188 3064 1240 ab
3092 1186 3207 1255 ipso
3238 1193 3422 1255 postu-

252 1268 409 1337 παρὰ
444 1268 529 1321 τοῦ
561 1269 696 1323 Θεοῦ
747 1273 949 1326 αἰτεῖν.
994 1275 1239 1345 Περιέχει
1274 1278 1328 1330 δὲ
1352 1280 1380 1329 ό
1416 1278 1565 1344 λόγος
1596 1280 1800 1347 εὐχαριο

249 1359 430 1411 στίαν.
462 1358 698 1423 Εἰκότως
740 1363 926 1415 τοίνυν
954 1364 1078 1417 οὔτε
1118 1365 1341 1435 ψαλμδς,
1371 1367 1488 1419 οὗτε
1518 1368 1643 1438 ᾠδὴ,
1686 1368 1804 1420 οὔτε

245 1463 308 1499 τι
342 1449 449 1509 τῶν
492 1450 891 1520 παραπλησίων
936 1455 1357 1525 ὲπιγὲγραιϊιται⁸
1399 1457 1605 1523 Κύριος
1635 1475 1804 1525 φωτι-

249 1540 415 1605 σμός
439 1555 557 1606 μου
585 1541 683 1592 καὶ
721 1541 925 1609 σωτήρ
952 1560 1089 1610 μου,
1123 1545 1253 1595 τίνα
1278 1545 1707 1612 φοϐηθήσομαις
1749 1546 1805 1597 Ὁ

251 1628 362 1695 μὲν
404 1628 502 1695 τὴν
532 1626 709 1698 ψυχὴν
753 1631 812 1681 ἐν
862 1633 1016 1684 νυκτὶ
1048 1633 1141 1684 καὶ
1178 1635 1345 1703 σκότῳ
1388 1634 1801 1703 καλινδούμενος,

243 1716 354 1767 οὐκ
375 1718 533 1781 εἰδὼς
566 1721 690 1772 ὅποι
724 1720 952 1791 φέρεται
986 1724 1078 1774 καὶ⁸
1102 1723 1245 1783 ὅπως
1270 1725 1610 1791 προσκόπτει,
1644 1726 1804 1794 μυρία

1915 1738 2015 1792 quo
2037 1726 2253 1787 feratur,
2278 1723 2416 1777 etin
2463 1719 2603 1790 quod
2643 1720 2931 1789 impingat,
2990 1729 3237 1774 sexcenta
3286 1719 3423 1773 mala

238 1806 403 1857 κακὰ
444 1775 834 1879 φοϐηθήσεται,
879 1810 953 1873 ὡς
991 1811 1055 1862 ἂν
1095 1775 1361 1875 παντελῶς
1409 1775 1804 1883 ἐπισπώμενος·

1915 1775 2255 1881 pertimescit,
2284 1819 2467 1881 utpote
2481 1775 2585 1880 'qui
2619 1775 2733 1863 huc.
2755 1775 2878 1863 illuc
2904 1809 3111 1878 penitus
3141 1808 3421 1874 trahatur;

232 1893 374 1945 ὅθεν
404 1896 585 1947 πάντα
630 1898 791 1964 φόϐον
832 1899 1144 1968 ὑπιδόμενος
1180 1903 1562 1971 καταπτήσσει.
1593 1905 1682 1954 καὶ
1716 1904 1807 1972 τῆς

1915 1918 2069 1971 quare
2123 1903 2324 1955 nullum
2377 1916 2483 1954 non
2537 1898 2832 1953 formidinis
2885 1914 3050 1968 genus
3100 1899 3420 1968 suspicatus.

232 1984 330 2045 εἰς
355 1982 456 2035 τὸν
481 1984 615 2037 Θεὸν
641 1987 926 2055 ὁμολογίας
949 1987 1163 2053 ἔξαρνος
1184 1990 1399 2055 γίνεται.
1431 1991 1485 2041 '0
1506 1991 1561 2042 δὲ
1587 1992 1682 2059 τῆς
1709 1992 1803 2059 ψυ-

1915 1990 2253 2051 exhorrescit,
2282 1996 2438 2057 atque
2490 1987 2877 2041 confessionem
2924 1986 3031 2041 Deo
3082 1988 3322 2057 abnegat.
3356 1988 3426 2041 At

232 2072 359 2140 χῆς
384 2074 517 2135 τοὺς
550 2074 862 2145 ὀφθαλμοὺς
886 2077 990 2127 ὑπὸ
1018 2077 1114 2145 τῆς
1138 2078 1333 2147 Κυρίου
1365 2078 1670 2147 ὲλλάμψεως
1703 2098 1807 2147 φω-

1915 2078 1996 2146 qui
2031 2077 2221 2130 mentis
2250 2078 2418 2129 oculis
2449 2092 2477 2129 a
2505 2075 2709 2128 Domini
2754 2076 3031 2144 splendore
3066 2077 3421 2139 illuminatur,

235 2163 470 2226 σεισθεὶς
504 2165 723 2235 πρῶτον
766 2169 861 2234 μὲν
890 2169 1135 2220 ἁπάντων
1178 2168 1333 2220 αὐτὸν
1370 2169 1456 2219 τὸν
1488 2169 1645 2221 αὐτοῦ
1685 2171 1807 2239 πρό-

1915 2164 2078 2232 primo
2109 2164 2319 2231 quidem
2350 2179 2411 2216 ac
2443 2179 2549 2230 pra:
2592 2165 2837 2219 omnibus
2881 2173 3322 2234 propugnatorem
3362 2181 3424 2218 ac

240 2272 439 2323 μαχον
467 2257 563 2308 καὶ
587 2257 809 2326 σωτῆρα
837 2257 1027 2319 ὁπόσος
1049 2258 1130 2319 τίς
1164 2259 1273 2308 ἐστι
1298 2258 1513 2325 θεωρεῖ·
1552 2253 1645 2308 εἶτ’
1671 2258 1807 2327 ἔργῳ

1915 2254 2238 2310 Servatorem
2271 2271 2424 2310 suum
2448 2294 2462 2316 ,
2518 2263 2749 2324 quantus
2775 2257 3015 2310 videlicet
3051 2258 3156 2319 sit,
3187 2267 3425 2309 contem-

239 2344 623 2413 παραλαϐὼν,
647 2345 721 2407 ὡς
747 2348 775 2397 ὁ
805 2346 909 2397 τῶν
928 2347 1176 2398 ἁπάντων
1199 2345 1454 2413 δεσπότης
1482 2347 1572 2397 καὶ
1591 2346 1807 2415 Κύριος,

1915 2348 2107 2414 piatur;
2159 2344 2348 2397 deinde
2380 2360 2503 2399 vero
2538 2354 2814 2414 postquam
2866 2345 2945 2399 vel
2975 2360 3037 2398 ex
3082 2345 3212 2411 ipsis
3258 2345 3421 2411 gestis

240 2432 457 2500 θυρεὸς
497 2433 664 2485 αὑτοῦ
711 2435 805 2486 καὶ
843 2435 1002 2487 ὅπλον
1042 2435 1245 2503 ἄμαχον
1278 2435 1366 2486 καὶ
1415 2435 1807 2505 ὑπερασπιστὴς

1915 2435 2067 2488 rebus
2099 2432 2353 2495 edidicit,
2400 2433 2767 2487 universorum
2816 2433 3092 2487 Dominum
3138 2442 3191 2486 et
3242 2441 3423 2502 patro»

241 2523 627 2593 καθέστηκεν,
662 2525 902 2593 ἀτρεμὴς
946 2523 1167 2590 γίνεται,
1209 2526 1299 2576 καὶ
1340 2526 1430 2576 ἆτε
1467 2526 1587 2587 τοὺς
1618 2525 1807 2591 ὀφθαλ-

1915 2538 2055 2585 num,
2085 2522 2326 2592 clypeum
2357 2522 2483 2586 sibi,
2528 2530 2847 2575 armaturam
2882 2521 3334 2591 inexpugnabilem
3358 2535 3423 2577 ac

249 2612 402 2679 μοὺς
431 2613 533 2679 τῆς
557 2612 732 2679 ψυχῆς
763 2614 1016 2681 ἀτρεμεῖς
1042 2611 1194 2681 ἔχων,
1238 2615 1329 2664 καὶ
1361 2614 1807 2682 πεφωτισμένους,

1915 2621 2258 2680 protectorem
2286 2627 2435 2675 esse;
2463 2619 2592 2665 tunc
2643 2611 2945 2666 formidinis
2984 2627 3206 2680 expers,
3237 2626 3299 2665 ac
3337 2618 3425 2667 ut-

248 2701 479 2761 πάντας
502 2701 630 2763 τοὺς
654 2700 843 2753 ἑαυτοῦ
871 2700 1112 2771 ἐχθροὺς,
1141 2701 1243 2752 εἴτε
1264 2702 1384 2764 τοὺς
1405 2702 1492 2754 τὸν
1517 2702 1643 2754 Θεὸν
1666 2703 1807 2769 ἀγνο-

1915 2710 2031 2771 pote
2080 2702 2268 2756 mentis
2294 2702 2477 2755 oculos
2525 2702 2819 2770 intrepidos
2873 2701 3298 2770 illuminatosque
3328 2701 3423 2755 ha-

242 2789 460 2851 οῦντας
502 2789 838 2859 ἀνθρώπους,
871 2789 979 2841 εἴτε
1027 2790 1123 2851 τὰς
1153 2791 1406 2859 ἀοράτους
1446 2792 1536 2843 καὶ
1578 2792 1807 2861 πονηρὰς

1915 2791 2058 2847 bens.
2093 2805 2275 2843 omnes
2305 2789 2549 2844 inimicos
2602 2804 2760 2853 suos,
2808 2790 2920 2844 sive
2970 2789 3212 2843 homines
3258 2788 3420 2843 Deum

242 2880 547 2946 δυνάμεις,
590 2881 827 2948 ἐρήμους
865 2880 966 2950 ὁρᾷ
1003 2879 1095 2931 τοῦ
1141 2880 1387 2932 τοσούτου
1434 2881 1668 2952 σωτῆρος
1719 2882 1807 2934 καὶ

1915 2879 2230 2947 ignorantes,
2268 2880 2377 2933 sive
2406 2879 2697 2933 invisibiles
2728 2880 3087 2949 malignasque
3116 2887 3420 2947 potestates.

246 2963 487 3033 βοηθοῦ,
520 2964 615 3015 καὶ
646 2965 719 3026 ὡς
753 2964 854 3032 ἤδη
890 2966 1234 3027 πεπτωκότας
1268 2966 1455 3036 θεωρεῖ
1476 2985 1488 2996 σ
1522 2968 1599 3019 διὸ
1636 2969 1807 3037 πάσης

1915 2968 2209 3036 hujusmodi
2238 2977 2506 3021 servatore
2555 2969 2896 3037 adjutoreque
2946 2982 3162 3029 vacuos,
3192 2970 3419 3038 aspicit,

246 3053 447 3107 αὐτῶν
498 3052 599 3120 τῆς
637 3053 924 3122 ἐπιϐουλῆς
963 3054 1227 3124 καταγελᾷ
1259 3054 1466 3125 θαρσῶν
1506 3056 1580 3124 τῷ
1623 3057 1807 3110 ἑαυτοῦ

1915 3070 1961 3110 et
1988 3058 2139 3126 quasi
2160 3058 2267 3125 jam
2291 3058 2467 3125 lapsos
2498 3058 2763 3119 intuetur;
2796 3073 2961 3127 quare
3002 3056 3265 3112 defensori
3296 3074 3424 3111 con-

246 3142 614 3211 ὑπερμάχῳ’
659 3141 739 3192 διό
795 3158 984 3209 φησιν’
1026 3143 1087 3192 Ei
1127 3142 1221 3211 μὲν
1262 3144 1331 3212 μή
1370 3161 1457 3212 μοι
1496 3147 1523 3196 ό
1568 3144 1807 3207 τοσοῦτος

1915 3146 2039 3199 lisus
2065 3162 2162 3200 suo
2196 3147 2456 3214 quaslibet
2486 3147 2719 3215 ipsorum
2749 3146 2953 3199 deridet
2984 3147 3220 3208 insidias.
3278 3146 3426 3201 ideo-

249 3231 451 3300 παρῆν
508 3230 719 3299 βοηθὸς.
767 3230 1012 3296 φωτίζων
1063 3249 1160 3299 μου
1195 3233 1291 3300 τὴν
1320 3233 1488 3302 ψυχὴν
1520 3235 1610 3287 καὶ
1649 3236 1807 3305 ὑπερ-

1915 3252 2011 3304 que
2033 3238 2106 3289 ait
2132 3257 2144 3289 :
2193 3237 2303 3290 Nisi
2338 3238 2465 3289 mihi
2496 3238 2619 3290 talis
2659 3236 2868 3302 adjutor
2896 3237 3124 3297 adesset,
3151 3237 3419 3289 illumina-

250 3318 517 3382 ασπεζων
555 3336 655 3387 μου
678 3319 777 3387 τῆς
792 3318 953 3387 ζωῆς,
980 3320 1196 3382 εἰκότως
1211 3321 1475 3391 ἐφοϐήθην
1490 3322 1553 3374 ἂν
1580 3323 1682 3388 τὰς
1710 3325 1807 3390 ἀρ-

1915 3334 1993 3379 tor
2025 3327 2229 3383 animat.
2262 3341 2323 3377 ac
2357 3335 2623 3394 protector
2649 3326 2787 3384 vitae,
2810 3325 2994 3377 merito
3023 3322 3420 3376 reformidarem

252 3410 376 3474 χὰς
424 3408 528 3460 καὶ
578 3408 684 3472 τὰς
721 3407 1003 3474 ἐξουσίας
1041 3409 1135 3461 καὶ
1171 3411 1309 3474 τοὺς
1348 3412 1807 3480 κοσμοκράτορας

1915 3416 2220 3480 principatus
2265 3424 2313 3465 et
2350 3422 2619 3478 potestates
2674 3422 2720 3464 et
2747 3410 2923 3463 mundi
2945 3420 3161 3463 rectores
3192 3409 3413 3463 tenebra-
3482 3466 3483 3475 γ

192 3512 193 3515 ‘
251 3496 367 3548 τοῦ
421 3497 690 3559 σκότους
744 3497 974 3556 τούτου,
1038 3498 1131 3549 καὶ
1185 3496 1253 3549 τὰ
1301 3501 1657 3565 πνευματικὰ
1704 3501 1807 3567 τῆς

1915 3521 2024 3556 rum
2052 3504 2253 3563 harum,
2275 3512 2323 3554 et
2349 3503 2641 3564 spiritualia
2689 3501 2925 3569 nequitia:
2970 3501 3014 3534 δ’
3036 3540 3050 3562 ,
3094 3515 3300 3553 necnon
3331 3515 3427 3555 eos

256 3587 583 3649 πονηρίας,
623 3582 749 3644 τούς
792 3601 849 3635 τε
894 3584 994 3635 ὑπὸ
1026 3585 1223 3637 τούτων
1261 3588 1687 3657 ἐνεργουμένους,
1721 3592 1807 3643 καὶ

1915 3593 1999 3660 qui
2032 3593 2178 3646 hisce
2203 3593 2422 3645 interius
2469 3592 2753 3659 agitantur.
2782 3598 2836 3643 et
2868 3598 3053 3643 contra
3081 3589 3177 3645 Dei
3201 3590 3426 3644 athletas

257 3674 401 3726 κατὰ
425 3672 539 3724 τῶν
564 3671 660 3724 τοῦ
686 3672 821 3724 Θεοῦ
851 3673 1089 3741 ἀθλητῶν
1115 3676 1577 3746 ἐπανισταμένους.
1624 3680 1807 3733 Ἰκανοὶ

1915 3684 2209 3751 insurgunt.
2240 3680 2374 3734 Nam
2400 3681 2433 3733 ii
2478 3681 2609 3734 tales
2652 3688 2803 3733 erant
2834 3679 2923 3748 qui
2973 3680 3202 3732 animam
3254 3695 3421 3733 meam

260 3764 368 3833 γὰρ
400 3758 547 3832 ἦσαν
575 3755 723 3814 οὗτοι
758 3762 1047 3832 θορυϐῆσαι
1077 3763 1171 3832 τὴν
1195 3764 1365 3833 ψυχήν
1402 3784 1499 3835 μου
1531 3769 1602 3838 μὴ
1632 3787 1807 3837 πεφω-

1915 3772 2225 3824 conturbare
2255 3777 2490 3839 possent,
2521 3770 2565 3821 si
2615 3784 2719 3821 non
2770 3769 3061 3823 illuminata
3105 3768 3327 3831 fuisset;
3375 3778 3427 3820 at

261 3853 525 3921 τισμένην
550 3868 566 3882 σ
604 3852 729 3903 ἐπεὶ
751 3851 807 3902 δὲ
830 3852 987 3913 αὐτὸς
1017 3854 1044 3903 ὁ
1071 3853 1174 3905 τῶν
1203 3854 1334 3906 ὅλων
1360 3855 1637 3927 δεσπότης,
1668 3861 1695 3911 ὀ
1722 3860 1807 3911 τοῦ

1915 3862 2157 3929 quoniam
2192 3861 2302 3927 ipse
2330 3860 2696 3912 universorum
2721 3857 2973 3913 Dominus
2998 3858 3089 3912 Dei
3118 3858 3281 3911 Filius
3307 3858 3427 3911 illu-

260 3942 392 3994 Θεοῦ
417 3943 573 4004 Υἱὸς,
602 3940 880 4009 φωτισμδς
906 3943 1170 4010 τυγχάνει,
1195 3946 1223 3995 ό
1254 3944 1409 4006 αὐτὸς
1433 3946 1487 3997 δὲ
1524 3948 1612 3999 καὶ
1636 3952 1807 4018 σωτήρ

1915 3952 2130 4004 minatio
2163 3965 2275 4003 mea
2298 3958 2400 4009 est,
2431 3951 2648 4018 ipseque
2680 3947 2927 4002 Servator
2945 3963 3113 4009 meus,
3133 3950 3253 4015 jure
3278 3949 3427 4002 dixe-

268 4049 362 4100 μω
400 4032 579 4092 ἐστὶν,
609 4028 836 4090 εἰκότως
862 4032 1083 4098 φήσαιμ’
1109 4030 1189 4092 ἄν,
1226 4033 1360 4084 Τίνα
1384 4034 1807 4101 φοϐηθήσομαις

1915 4040 2033 4101 rim,
2059 4039 2220 4104 Quem
2250 4039 2472 4093 timebo?
2502 4037 2577 4090 Ex
2607 4045 2683 4090 tot
2701 4038 2893 4105 quippe
2922 4037 3152 4090 inimicis
3175 4052 3241 4090 ne
3263 4053 3426 4092 unum

266 4122 465 4174 υύδένα
510 4119 626 4189 γὰρ
671 4120 1133 4188 ὲπιστραφήσομαι
1162 4118 1267 4171 τῶν
1288 4121 1544 4174 τοσούτων
1590 4125 1807 4193 ἐχθρῶν,

1915 4128 2121 4195 quidem
2153 4127 2540 4193 pertimescam,
2571 4141 2742 4194 neque
2788 4125 3013 4192 aliquem
3044 4140 3226 4177 eorum
3257 4126 3429 4179 refor-

268 4211 379 4263 οὐδὲ
430 4210 542 4262 ἀπὸ
586 4225 733 4269 τινος
764 4206 963 4259 τούτων
992 4208 1255 4270 δειλιάσω,
1303 4209 1509 4281 θαρσῶν
1545 4212 1621 4281 τῷ
1652 4214 1807 4285 incep-

1915 4214 2143 4275 midabo,
2168 4216 2447 4280 protectori
2478 4215 2598 4265 vitae
2628 4228 2755 4266 mea:
2780 4212 3031 4265 conﬁsus.
3087 4210 3183 4265 Hic
3237 4213 3427 4267 iterum

271 4298 503 4365 ασπιστῇ
535 4296 640 4363 τῆς
678 4291 824 4362 ζωῆς
856 4310 975 4361 μου.
1012 4294 1185 4346 ’Πάλιν
1216 4296 1257 4346 δ’
1286 4296 1511 4350 ἐνταῦθα
1539 4302 1807 4369 τηρήσεις.

1915 4306 2162 4357 observes
2192 4304 2366 4363 velim,
2399 4304 2550 4364 illud,
2583 4303 2820 4356 Salvator
2851 4319 3021 4365 meus,
3077 4302 3129 4356 in
3170 4301 3429 4357 Hebraico

268 4384 337 4446 ὡς
385 4386 469 4445 τὸ,
526 4382 735 4449 Σωτήρ
777 4399 915 4449 μου,
970 4384 1027 4434 ὲν
1079 4383 1155 4452 τῷ
1206 4385 1485 4455 Ἐϐραῖκῷ,
1537 4389 1596 4441 τὸ
1645 4391 1807 4460 ὄνομα

1915 4395 2217 4461 exemplari,
2247 4393 2534 4446 Salvatoris
2586 4394 2755 4446 nostri
2803 4392 2925 4446 .lesu
2968 4392 3163 4447 Christi
3205 4408 3428 4456 nomen,

276 4474 352 4525 τος
384 4474 648 4543 Σωτῆρος
671 4471 827 4539 ἡμῶν
859 4471 1025 4539 Ἰησοῦ
1049 4474 1273 4541 Χριστοῦ
1307 4476 1480 4539 αὐτοῖς
1508 4482 1807 4550 χαρακτῆρ-

1915 4484 2191 4551 ipsissimis
2235 4482 2592 4536 caracteribus
2624 4479 2896 4534 Hebraicis
2946 4482 3260 4548 exprimere,
3278 4480 3429 4548 queis

280 4580 349 4614 σιν
388 4567 704 4637 Ἑϐραϊκοῖς
749 4564 1003 4633 περιέχει,
1037 4566 1092 4615 ὲν
1132 4560 1209 4627 οἷς
1251 4566 1314 4617 ἄν
1345 4578 1422 4621 τις
1464 4563 1552 4614 τὸν
1586 4567 1807 4632 Ἰησοῦν

1915 4586 2101 4624 nomen
2130 4570 2278 4624 Iesus
2312 4569 2645 4624 describitur.
2684 4636 2687 4637 ν

287 4656 543 4722 γράψειεν.

357 4746 408 4799 ’0
434 4746 489 4798 δὲ
526 4744 705 4798 ταῦτα
746 4743 914 4809 λέγων
951 4744 1176 4796 διδάσκει
1212 4746 1388 4797 ὁποίου
1424 4748 1693 4818 πειραοεὶς
1718 4749 1809 4801 τοῦ

288 4830 458 4888 ἑαυτοῦ
494 4836 763 4905 σωτῆμ,
797 4833 895 4900 τῆς
928 4832 1031 4883 τῶν
1054 4833 1255 4901 ἐχθρῶν
1280 4835 1557 4905 ἐπιϐουλῆς
1584 4839 1807 4905 κατεγέω

1908 1279 2035 1332 lare.
2067 1278 2163 1331 Hic
2190 1293 2317 1332 sane
2344 1292 2518 1331 sermo
2546 1278 2831 1345 gratiarum
2868 1276 3126 1329 actionem
3165 1275 3418 1329 continet.

1904 1367 2080 1431 Quare
2101 1368 2220 1434 jure
2242 1380 2305 1417 ac
2346 1366 2535 1418 merito
2562 1380 2731 1432 neque
2756 1365 2992 1433 psalmus
3010 1405 3024 1426 ,
3055 1379 3223 1433 neque
3249 1364 3421 1417 canti-

1905 1472 2047 1517 cum.
2072 1472 2242 1525 neque
2267 1456 2534 1525 quidpiam
2578 1456 2749 1509 simile
2795 1453 3103 1508 inscribitur
3133 1472 3147 1506 :
3174 1454 3419 1507 Dominus

1906 1547 2215 1599 illuminatio
2244 1562 2355 1598 mea
2406 1553 2453 1597 et
2506 1544 2735 1597 salvator
2781 1559 2953 1602 meus,
3003 1559 3148 1611 quem
3200 1542 3423 1596 timebo?

1906 1636 2007 1701 Qui
2029 1639 2080 1688 in
2100 1645 2252 1690 nocte
2278 1649 2341 1688 ac
2378 1635 2613 1688 tenebris
2656 1633 2833 1686 animo
2855 1632 3121 1685 volutatur
3147 1670 3163 1693 ,
3212 1632 3423 1686 nescius

1983 4742 2083 4808 Qui
2121 4743 2231 4796 bzec
2281 4741 2547 4809 loquitur,
2594 4746 2807 4791 enarrat
2848 4737 3053 4805 qualem
3107 4742 3430 4789 servatorem

1908 4842 2156 4901 expertus
2178 4832 2513 4886 inimicorum
2541 4829 2763 4883 insidias
2800 4827 3064 4887 deriserit,
3089 4826 3430 4894 quamobrem

286 4930 429 4974 Ᾱασε·
452 4924 533 4976 διὸ
567 4940 733 4991 φησιν
758 4939 770 4951 ο
810 4924 908 4975 Ἐν
936 4922 1014 4985 τῷ
1039 4924 1276 4991 ἐγγίζειν
1303 4925 1393 4975 ἐπ’
1424 4924 1526 4988 ἐμὲ
1565 4927 1809 4980 κακοῦν-

288 5027 402 5075 τας,
438 5013 541 5065 τοῦ
584 5012 799 5079 φαγεῖν
838 5013 941 5076 τὰς
984 5013 1208 5078 σάρκας
1251 5032 1387 5080 μου,
1427 5018 1478 5066 οι
1517 5017 1809 5082 θλίϐοντες

288 5100 380 5149 καὶ
410 5103 460 5153 οι
499 5102 704 5167 ἐχθροί
718 5117 856 5167 μου,
883 5101 1045 5153 αὐτοὶ
1072 5100 1408 5166 ἠσθένησαν
1446 5102 1540 5152 καὶ
1570 5105 1807 5157 ἔπεσαν.

290 5188 351 5236 οἱ
381 5190 470 5255 μὲν
498 5190 720 5242 ἐπίεσαν
755 5207 841 5258 μοι
868 5190 1066 5257 θηρίων
1092 5188 1390 5240 ἁτιθὰσσων
1415 5190 1582 5258 δίκην,
1631 5210 1780 5261 μονον
1802 5224 1814 5235 ο

292 5275 402 5341 ουχὶ
432 5281 707 5329 καταπιεῖν
756 5295 821 5344 με
860 5277 1159 5345 βουλόμενοι
1186 5278 1277 5328 καὶ
1310 5277 1471 5338 αὐτάς
1513 5297 1607 5346 μου
1651 5299 1810 5335 κατα-

296 5366 623 5432 μασησασθαι
642 5366 739 5427 τὰς
761 5367 980 5435 σάρκας.
1010 5367 1095 5417 Διὸ
1126 5366 1367 5416 λέλεκται
1409 5366 1552 5433 παρὰ
1572 5369 1645 5437 τῷ
1676 5372 1812 5439 Συμ-

298 5452 473 5519 μὰχῳο
522 5452 621 5505 Ἐν
666 5454 740 5517 τῷ
784 5452 1024 5521 ἐγγίζειν
1062 5455 1151 5506 ἐπ’
1184 5453 1288 5519 ἐμὲ
1333 5456 1684 5523 κακούργους
1729 5464 1810 5524 εἰς

405 5602 445 5630 ⁸⁸
488 5600 679 5664 Enbes.
712 5620 795 5661 vi.
836 5604 917 5654 12.

1908 4923 2015 4975 ait:
2051 4922 2185 4974 Dum
2215 4921 2517 4988 appropiant
2538 4933 2688 4984 super
2715 4934 2790 4970 me
2831 4926 3061 4968 nocentes
3089 4954 3102 4975 ,
3160 4924 3215 4966 ut
3276 4915 3431 4968 edant

1908 5025 2086 5062 carnes
2116 5023 2286 5069 meas;
2314 5008 2399 5073 qui
2431 5004 2681 5057 tribulam
2714 5019 2792 5055 me
2833 5002 3026 5054 inimici
3057 5002 3175 5066 mei,
3202 5001 3302 5068 ipsi
3352 5003 3431 5052 in-

1912 5100 2104 5162 ﬁrmati
2133 5107 2251 5150 sunt
2290 5107 2336 5150 et
2380 5097 2684 5149 ceciderunt.
2729 5092 2807 5145 illi
2836 5091 3047 5160 quidem
3094 5092 3262 5147 instar
3294 5092 3432 5146 fera-

1911 5208 2026 5244 rum
2067 5189 2479 5243 intractabilium
2521 5200 2603 5238 me
2635 5182 2839 5237 adorati
2870 5189 3035 5244 sunt,
3076 5190 3281 5235 tantum
3327 5197 3432 5234 non

1915 5281 2146 5349 aggressi
2177 5287 2233 5329 ut
2251 5277 2564 5329 devorarent
2593 5282 2644 5325 et
2675 5272 2819 5340 ipsas
2846 5288 3034 5326 carnes
3071 5271 3431 5325 comederent.

1915 5370 2086 5435 Quare
2138 5367 2274 5435 apud
2322 5363 2694 5431 Symmachum
2724 5362 2917 5417 dicitur
2946 5383 2961 5417 :
2994 5364 3128 5415 Dum
3168 5364 3435 5431 appropin-

1914 5471 2070 5528 quant
2124 5457 2245 5511 mihi
2290 5455 2606 5518 facinerosi,
2667 5462 2721 5505 ut
2782 5455 3013 5507 devorent
3063 5469 3238 5506 carm
3270 5469 3436 5514 meas.
