3782 6336
563 307 669 363 359

1268 301 1540 357 .EUSEBH
1576 292 2037 353 CAESARIENSIS
2073 291 2220 346 OPP.
2254 291 2435 345 PARS
2473 291 2556 343 ill.
2596 322 2662 331 —
2696 287 3085 345 EXEGETICA.

3486 284 3519 332 ,Α

566 421 761 477 Verum
800 421 892 491 qui
946 419 1072 473 talia
1105 426 1286 472 contra
1339 430 1422 467 me
1453 408 1740 466 machinati
1776 414 1933 470 sunt,
1973 420 2059 458 cur

2017 420 2093 457 Lmt
2123 407 2166 462 Δ
2193 406 2257 456 τὸ
2304 404 2653 473 καταφαγεῖν
2691 406 2791 469 τὰς
2835 404 3057 471 σάρκας
3090 412 3196 465 μθυι
3229 388 3337 491 Ἀλλ’
3382 395 3415 446 Ol
3447 394 3510 444 ταῦ

563 511 672 579 jam
703 509 932 580 proximi
971 508 1219 562 carnibus
1250 505 1382 558 meis
1416 503 1675 556 instarent
1702 539 1718 563 ,
1772 497 1954 552 nescio
1983 511 2087 566 quo

567 610 724 670 pacto
750 618 867 671 qua:
896 603 949 655 in
985 615 1068 653 me
1104 603 1405 667 perpetrare
1447 591 1683 646 meditati
1726 590 1972 652 fuerant,
2026 602 2086 641 ea

567 692 682 760 ipsa
704 691 939 761 perpessi
966 696 1105 744 sunt.
1134 685 1264 738 Nam
1311 698 1413 746 me,
1443 682 1634 751 inquit,
1661 693 1845 736 contra
1879 695 1973 734 eos
1999 681 2085 733 ni-

567 782 643 835 hil
672 780 1037 851 aggrediente,
1069 776 1167 844 ipsi
1204 774 1455 842 inﬁrmati
1486 782 1633 836 sunt,
1684 781 1733 825 et
1777 770 2083 824 ceciderunt.

567 870 869 931 Enimvero,
910 877 967 921 ut
997 872 1175 935 aperte
1204 866 1397 935 liquet,
1432 865 1566 920 lucis
1587 879 1722 918 meae
1774 862 2086 917 servatoris-

564 976 665 1027 que
693 960 793 1013 mei
834 973 1027 1013 arcana
1066 957 1349 1027 divinaque
1389 957 1583 1010 virtute
1623 954 1870 1008 debellati
1902 960 1955 1007 et
1994 952 2087 1007 de-

563 1048 699 1116 pulsi
731 1056 886 1111 sunt,
918 1056 976 1101 ut
1006 1064 1109 1102 una
1138 1063 1235 1119 ego
1273 1048 1338 1102 ab
1369 1046 1576 1101 insidiis
1605 1058 1789 1099 eorum
1816 1045 2083 1111 eriperer;

562 1140 796 1209 nihilque
824 1140 1003 1194 damni
1033 1139 1348 1209 aeprerem,
1378 1147 1429 1193 et
1461 1139 1567 1193 illis
1596 1152 1808 1207 quoque
1839 1135 2085 1189 utilitatis

550 1228 828 1297 quidpiam
851 1229 1153 1294 obveniret;
1187 1243 1248 1281 ac
1278 1227 1550 1281 debilitata
1570 1227 1873 1281 eorumdem
1903 1225 2087 1293 nequi-

564 1318 657 1379 tia,
683 1317 736 1369 id
760 1317 948 1371 saltem
978 1316 1111 1371 lucri
1158 1317 1522 1386 perciperent,
1570 1323 1628 1369 ut
1674 1329 1742 1369 ne
1782 1315 1851 1369 ob
1880 1314 2082 1367 illatum

559 1407 689 1460 mihi
742 1407 1149 1471 detrimentum,
1200 1423 1386 1462 eorum
1440 1407 1748 1476 improbitas
1810 1418 2084 1459 accresce-

559 1501 659 1548 ret.
692 1492 749 1547 ln
778 1495 1095 1563 quibusdam
1117 1495 1509 1564 exemplaribus
1542 1495 1889 1549 inscribitur:
1923 1493 2084 1546 Psal-

560 1602 671 1637 mus
700 1585 912 1639 Davidis
941 1588 1238 1656 priusquam
1271 1588 1525 1640 liniretur.

615 1674 786 1729 Vnus.
825 1677 877 1731 4.
926 1675 1092 1730 Unam
1120 1678 1242 1745 petii
1261 1695 1293 1730 a
1318 1677 1538 1729 Domino
1559 1715 1574 1738 ,
1609 1678 1741 1729 hanc
1787 1674 2043 1744 requiram
2066 1714 2079 1738 ,

544 1775 612 1817 ut
644 1766 917 1819 inhabilem
945 1768 997 1819 in
1027 1767 1177 1821 domo
1225 1767 1434 1820 Domini
1471 1766 1704 1820 omnibus
1736 1764 1911 1818 diebus
1965 1765 2080 1817 vita:

556 1871 714 1917 meaz,
754 1864 817 1907 ut
856 1855 1056 1909 videam
1113 1856 1418 1924 voluptatem
1471 1855 1717 1919 Domini,
1779 1863 1827 1907 et
1882 1854 2079 1907 visitem

556 1943 799 2012 templum
842 1944 974 2012 ejus.
1010 1942 1217 1997 Domini
1262 1943 1619 2012 pulchritudo,
1654 1958 1714 1996 ac
1732 1942 1900 1996 decor
1924 1941 2078 1993 volu-

544 2041 811 2102 ptasque,
863 2034 917 2086 in
969 2034 1126 2088 domo
1176 2032 1270 2087 Dei
1301 2033 1665 2101 conspicitur,
1728 2030 1970 2085 videlicet
2024 2029 2076 2082 in

555 2120 788 2177 Ecclesia
819 2122 966 2190 ejus;
1025 2122 1182 2191 idque
1212 2130 1427 2191 propter
1457 2121 1709 2175 divinitus
1738 2120 1960 2173 traditas
1978 2134 2077 2203 .sa—

551 2224 778 2279 crasque
826 2207 1173 2278 disciplinas,
1227 2208 1418 2276 quibus
1448 2221 1572 2260 vera
1625 2206 1762 2259 inest
1814 2202 2077 2258 sermOnis

552 2299 1094 2369 pulchritudo,'verus
1124 2299 1303 2362 decor,
1329 2298 1382 2351 in
1412 2313 1525 2367 quo
1552 2297 1634 2350 vel
1673 2301 1787 2365 ipse
1815 2293 1955 2348 Deus
1984 2292 2076 2346 de-

550 2390 776 2443 lectatur
814 2404 877 2442 ac
923 2387 1397 2456 versatur.‘Neque
1429 2402 1458 2439 a
1489 2400 1613 2440 vero
1644 2383 2002 2446 aberraveris,
2027 2381 2072 2435 si

549 2476 794 2531 decorem
826 2476 975 2529 illum
1005 2475 1205 2529 dixeris
1226 2490 1345 2529 esse
1376 2481 1718 2542 temperatam
1745 2472 2073 2540 probamque

550 2565 831 2629 vitam,vac
864 2570 1105 2619 sanctum
1154 2565 1454 2619 institutum
1482 2562 1761 2618 hominum
1814 2561 1902 2631 qui
1950 2560 2073 2613 reli-

548 2656 705 2726 gione
735 2669 799 2710 ac
827 2656 1023 2725 pietate
1047 2663 1392 2711 exornantur.

604 2826 779 2882 Vens.
812 2828 870 2891 Β,
904 2828 959 2883 6.
1000 2827 1253 2895 Quoniam
1304 2827 1570 2881 abscondit
1614 2842 1692 2880 me
1730 2827 1788 2879 in
1834 2825 2073 2879 taberna-

549 2919 662 2973 culo
687 2935 707 2973 :
736 2919 891 2973 indie
913 2919 1163 2972 malorum
1204 2919 1425 2987 protexit
1464 2934 1540 2970 me
1571 2918 1623 2970 in
1648 2916 1954 2970 abscondito
1989 2926 2071 2969 ta-

550 3007 812 3061 bernaculi
839 3009 940 3061 sui.
986 3006 1050 3061 1η
1082 3018 1228 3076 petra
1279 3006 1526 3059 exultavit
1575 3021 1671 3059 me.
1723 3003 1846 3058 Haec
1891 3003 2071 3056 omnia
2099 3045 2141 3102 C

548 3097 675 3152 mihi
723 3097 964 3153 Salvator
996 3112 1146 3153 meus
1185 3097 1403 3168 largitus
1434 3103 1551 3159 est,
1592 3096 1717 3148 dum
1768 3096 2071 3162 appropiant

548 3202 698 3255 super
724 3202 802 3240 me
826 3194 1076 3252 nocentes,
1098 3197 1160 3240 ut
1199 3187 1355 3239 edant
1383 3201 1561 3237 carnes
1589 3200 1751 3237 meas.
1790 3181 1893 3251 Ipsi
1925 3196 2075 3234 nam-

545 3292 651 3346 que
670 3277 922 3331 inﬁrmati
952 3284 1079 3332 sunt
1114 3286 1167 3332 et
1194 3276 1499 3332 ceciderunt
1531 3294 1544 3327 :
1579 3289 1676 3343 ego
1706 3280 1880 3326 autem
1913 3272 1965 3324 in
1992 3278 2073 3323 ta-

547 3368 836 3423 bernaculo
866 3368 1112 3423 habitans
1138 3367 1357 3421 dextera
1402 3366 1520 3435 ejus
1558 3363 1880 3434 contegebar
1902 3402 1915 3425 ,
1947 3363 2072 3430 quia

547 3458 751 3514 scilicet
796 3459 853 3512 in
895 3458 1122 3513 desertis
1174 3457 1306 3511 locis
1337 3463 1465 3509 tunc
1498 3455 1752 3524 temporis
1783 3452 2068 3514 versabar,

526 3549 688 3617 quod
720 3548 955 3602 nondum
984 3548 1210 3602 excitata
1237 3545 1428 3599 domus
1460 3544 1667 3599 Domini
1693 3551 1872 3605 esset,
1901 3556 2074 3610 neque

526 3638 802 3705 templum
821 3636 938 3704 ejus
966 3642 1217 3690 exstaret.
1247 3632 1350 3688 Sed
1389 3634 1505 3702 ipse
1542 3634 1772 3703 protexit
1796 3649 1880 3687 me
1904 3633 1963 3685 in
1987 3631 2072 3685 die

526 3725 827 3789 malorum,
870 3724 923 3778 id
952 3734 1051 3789 est,
1087 3730 1326 3793 tempore
1354 3723 1785 3792 persecutionum
1817 3732 1870 3776 et
1898 3728 2071 3775 tenta-

546 3816 780 3880 tionum;
835 3828 941 3868 non
982 3814 1088 3867 alio
1135 3814 1187 3869 in
1215 3814 1352 3878 loco,
1386 3826 1541 3881 quam
1574 3813 1627 3865 in
1650 3811 1965 3866 abscondito
1993 3819 2073 3864 ta-

547 3903 818 3958 bernaculi
848 3904 951 3960 sui.
985 3902 1218 3973 Hujusce
1247 3918 1407 3973 porro
1425 3903 1552 3957 dicti
1581 3902 2067 3971 interpretationem

524 3988 877 4048 "mutuaberis
927 4008 993 4049 ex
1054 3992 1121 4047 iis
1173 4007 1291 4062 quas
1330 3991 1549 4061 Moyses
1607 3991 1672 4045 de
1728 3991 2070 4045 tabernaculo

544 4081 900 4152 conscripsit,
954 4096 1166 4137 necnon
1213 4082 1279 4137 de
1332 4081 1662 4136 tabernaculi
1714 4080 1913 4135 intimis
1954 4096 2070 4149 par-

520 4171 714 4234 "tibus,
746 4187 862 4241 quae
897 4173 1146 4227 omnibus
1172 4172 1707 4237 iuaccessae,Sancta
1762 4178 2067 4226 sanctorum

518 4260 888 4316 'vocabantur.
956 4262 1082 4318 Haec
1141 4270 1294 4318 erant
1351 4263 1657 4319 abscondita
1717 4259 2062 4315 tabernaculi.

541 4348 635 4407 Sic
674 4352 863 4424 itaque
915 4354 970 4407 in
1036 4362 1274 4424 tempore
1320 4353 1674 4409 tentationum
1706 4392 1721 4416 ,
1792 4352 1908 4420 ipse
1961 4351 2065 4405 Do-
2095 4355 2138 4409 D

515 4439 720 4500 "minus
771 4452 825 4500 et
862 4444 1110 4500 Servator
1172 4461 1325 4501 meus
1391 4444 1623 4515 protexit
1682 4458 1767 4497 me
1823 4450 1876 4497 et
1942 4443 2066 4498 abs-

541 4534 725 4589 condit
795 4535 852 4588 in
905 4536 1105 4591 intimis
1178 4536 1508 4591 tabernaculi
1569 4535 1651 4590 sui
1696 4554 1709 4589 :
1760 4550 1869 4589 non
1914 4534 2066 4604 quod

520 4640 726 4701 revera
767 4625 841 4695 ibi
885 4641 968 4680 me
1020 4626 1400 4691 collocaverit,
1453 4625 1547 4681 sed
1595 4626 1650 4680 in
1689 4626 1879 4680 anima:
1922 4634 2063 4679 statu

540 4712 895 4779 sanctificato,
938 4722 992 4770 et
1034 4731 1064 4768 a
1115 4717 1284 4770 turbae
1320 4716 1622 4786 frequentia
1666 4722 1962 4786 segregata.
2000 4714 2065 4767 Et

540 4803 673 4867 haec,
706 4806 899 4876 inquit,
929 4806 1061 4859 mihi
1087 4806 1370 4871 obvenere,
1404 4808 1703 4877 usquedum
1733 4808 1848 4861 dies
1890 4809 2061 4859 malov

539 4909 657 4946 rum
686 4905 1106 4964 perseverarcnt,
1138 4899 1427 4953 secundum
1462 4898 1590 4952 illud
1620 4900 1723 4952 alio
1751 4899 1805 4951 in
1839 4899 1958 4951 loco
1982 4897 2063 4950 di-

538 4989 683 5035 ctum
720 5000 733 5035 :
772 4983 931 5050 Vade,
960 4987 1174 5053 populus
1207 5005 1367 5053 meus,
1400 4990 1538 5041 intra
1585 4989 1639 5039 in
1680 4987 1915 5039 cubicula
1950 4995 2060 5049 tua,

512 5146 515 5153 ί
539 5070 720 5123 claude
739 5070 959 5139 januam
998 5085 1159 5142 tuam,
1186 5079 1440 5134 absconde
1470 5079 1722 5131 modicum
1749 5077 1814 5129 ad
1844 5094 2064 5130 momen-

542 5178 669 5223 ιδιηι,
702 5161 862 5215 donec
896 5176 1210 5229 pertranseat
1238 5172 1320 5223 ira
1360 5171 1564 5224 Domini
1596 5170 1661 5224 “.
1690 5168 1791 5222 Sed
1821 5184 1940 5221 cum
1979 5183 2061 5221 me

542 5264 644 5300 non
676 5265 884 5319 semper
911 5254 1188 5321 occultari,
1226 5274 1399 5329 neque
1442 5260 1496 5313 in
1534 5257 1845 5313 abscondito
1879 5257 2058 5310 taber—

542 5338 715 5389 naculi
751 5339 831 5389 sui
875 5338 1085 5395 latitare
1112 5345 1286 5410 vellet,
1316 5362 1378 5400 ac
1425 5338 1596 5404 solum
1645 5363 1728 5400 me
1779 5346 2059 5399 utilitatem
2128 5356 2131 5359 ‘

538 5438 759 5492 “apere;
789 5439 1017 5481 cumaue
1058 5430 1379 5491 decrevisset
1420 5453 1505 5493 me
1538 5439 1655 5493 aliis
1688 5450 1898 5509 quoque
1942 5434 2058 5488 fru-
2129 5438 2136 5445 '

610 5599 650 5629 δι
690 5597 794 5651 lsa.
831 5612 971 5663 xxvi,
1004 5599 1091 5655 9.0.

2185 498 2302 547 κατ’
2337 494 2464 563 ἐμοῦ
2507 493 2882 561 διανοηθέντες,
2914 491 3008 543 καὶ
3045 485 3126 556 ἠδη
3160 479 3339 549 πλησίον
3375 483 3518 550 γενόμε

2182 582 2285 634 τῶν
2318 582 2460 651 ἐμῶν
2495 582 2722 650 σαρκῶν,
2759 582 2855 632 οὐκ
2894 576 2987 631 οἷδ’
3016 578 3136 635 ὅπως
3169 570 3285 637 ἅπερ
3310 571 3466 638 πρᾶξαι
3488 589 3515 621 κη

2184 673 2315 742 ἐμοῦ
2362 673 2706 742 διανενόηντο,
2751 671 2920 724 ταῦτα
2964 666 3271 720 πεπόνθασιν’
3319 661 3459 714 Αὐτοὶ
3486 678 3517 727 γς

2180 762 2361 831 φησὶν,
2406 762 2774 828 ἠσθένησαν,
2804 760 2901 813 καὶ
2940 759 3158 817 ἔπεσαν,
3203 751 3325 804 οὐδὲν
3365 752 3464 820 ἐμοῦ
3495 770 3514 802 κ

2180 852 2351 906 αὐτῶν
2392 852 2741 923 ἐνηργηκότος
2764 869 2777 882 ’
2819 850 2952 903 ἀλλὰ
2992 846 3163 917 δηλαδὴ
3202 842 3279 895 τοῦ
3320 843 3428 909 ἐμοῦ
3463 861 3513 910 φα

2181 945 2271 996 καὶ
2306 942 2398 995 τοῦ
2440 942 2570 1012 ἐμοῦ
2614 942 2846 1012 σωτῆρος
2873 940 3143 1009 ἀπορρήτῳ
3165 935 3244 988 καὶ
3270 934 3399 1003 Θεῖκῇ
3429 934 3512 985 iuvi

2181 1034 2298 1084 κατ’
2340 1031 2514 1083 αὐτῶν
2562 1030 3019 1100 στρατευσαμένου
3066 1027 3143 1079 καὶ
3180 1021 3501 1083 καταϐαλόντος

2180 1119 2320 1180 τοὺς,
2357 1120 2419 1170 ἵν’
2443 1118 2549 1187 ἐγώ
2580 1136 2636 1169 τε
2663 1118 2908 1187 ρυσθείην
2934 1116 3028 1185 τῆς
3067 1113 3220 1166 αὐτῶν
3259 1110 3506 1179 ἐπιϐουλῆς,

2185 1207 2344 1277 μηδὲν
2387 1207 2650 1277 βλαϐείην,
2694 1207 2844 1259 αὐτοί
2888 1223 2947 1257 τε
2994 1202 3302 1273 ὼφεληθεῖεν,
3334 1201 3415 1269 τῆς
3451 1202 3509 1252 ὲαη

2181 1297 2370 1358 κακίας
2398 1296 2858 1365 ἐξασθενήσαντες,
2894 1294 3219 1363 κερδάναντες
3240 1289 3310 1357 τῷ
3340 1289 3400 1358 μὴ
3421 1288 3495 1357 τὴν

2179 1387 2283 1439 τῶν
2316 1386 2540 1456 αὐξῆσαι
2581 1386 2870 1457 μοχθηρίαν
2899 1383 2985 1436 διὰ
3027 1383 3116 1451 τῆς
3143 1382 3250 1433 κατ’
3295 1377 3407 1448 ἐμοῦ
3443 1378 3508 1445 βλὲ

2185 1478 2278 1529 Ἕν
2320 1494 2455 1528 τισιν
2496 1476 2907 1545 ἐπιγέγραπται,
2959 1471 3185 1540 Ψαλμὸς
3219 1470 3315 1523 τοῦ
3357 1467 3497 1519 Δαυῒδ

2182 1567 2283 1619 τοῦ
2308 1567 2641 1634 χρισθῆναι.

2252 1655 2406 1708 Μίαν
2450 1655 2760 1723 ᾐτησάμην
2797 1652 2952 1721 παρὰ
3000 1653 3223 1719 Kvplov,
3272 1651 3483 1714 ταύτην
3521 1672 3524 1693 ε

2181 1745 2371 1810 τήσω·
2408 1746 2512 1799 τοῦ
2555 1746 2845 1799 κατοικεῖν
2881 1761 2956 1813 με
2981 1745 3048 1796 ἐν
3081 1743 3215 1805 οἴκῳ
3260 1740 3477 1808 Κυρίου
3505 1754 3526 1787 ο

2180 1835 2284 1901 τὰς
2323 1836 2539 1904 ἡμέρας
2583 1836 2689 1903 τῆς
2731 1836 2875 1903 ζωῆς
2910 1853 3046 1903 μου,
3093 1836 3191 1888 τοῦ
3220 1830 3470 1901 θεωρεῖν
3507 1849 3526 1897 ι

2181 1928 2538 1995 τερπνότητα
2566 1925 2804 1993 Kvplov,
2835 1926 2931 1977 καὶ
2964 1925 3453 1977 ἐπισκέπτεσθαι
3470 1920 3525 1970 τὸ

2179 2017 2377 2070 αὑτοῦ.
2404 2017 2607 2078 nemo;
2636 2017 2834 2085 Κυρίου
2856 2016 2949 2068 καὶ
2978 2014 3266 2084 εὐπρέπεια
3297 2014 3409 2066 καὶ¹
3462 2029 3526 2087 τες

2181 2109 2236 2159 ἐν
2265 2106 2340 2176 τῷ
2380 2109 2509 2176 οἴκῳ
2539 2106 2627 2158 τοῦ
2674 2106 2803 2160 Θεοῦ
2834 2105 3132 2175 Θεωρεῖται,
3160 2103 3371 2173 δηλαδὴ
3416 2104 3497 2163 ἒν
3523 2128 3526 2143 ι

2179 2197 2371 2267 κλησίᾳ
2402 2196 2582 2259 αὑτοῦ,
2626 2194 2710 2247 διὰ
2747 2194 2852 2246 τῶν
2892 2194 3252 2247 θεοπνεύστων
3298 2194 3410 2245 καὶ
3466 2205 3526 2269 is;

2178 2284 2447 2354 θημάτων,
2480 2288 2534 2337 ἐν
2565 2278 2643 2346 οἷς
2673 2282 2731 2335 τὸ
2766 2282 3008 2352 ἀληθινὸν
3040 2281 3128 2334 τοῦ
3161 2282 3329 2349 λόγου
3379 2287 3526 2336 man

2158 2378 2208 2445 ίή
2253 2374 2451 2444 ἀληθὴς
2499 2375 2811 2444 εὐπρέπεια,
2939 2374 3031 2425 καὶ
3084 2373 3244 2435 αὐτὸς
3296 2375 3513 2443 ἐπιτέρτ

2177 2465 2304 2527 Θεὸς
2331 2465 2421 2516 καί
2446 2462 2864 2533 ἐμπολιτεύεται,
2909 2463 3021 2513 Οὐκ
3047 2462 3109 2514 ἂν
3139 2462 3195 2514 δὲ
3243 2463 3504 2533 ἁμάρτοις

2176 2574 2331 2609 πειαν
2378 2555 2545 2622 λέγων
2590 2556 2680 2606 καὶ
2724 2554 2813 2606 τὸν
2853 2552 3103 2623 σώφρονα
3140 2554 3238 2606 καὶ
3272 2554 3469 2624 σεμνὸν
3500 2554 3512 2622 ί

2177 2649 2349 2699 πᾶσαν
2386 2646 2479 2716 τὴν
2513 2647 2756 2716 ἐνάρετον
2780 2643 3046 2696 πολιτείαν
3073 2644 3181 2696 τῶν
3220 2646 3285 2696 ἐν
3308 2645 3512 2700 θεοσεὸτ

2176 2740 2499 2808 πρεπόντων.

2246 2834 2361 2884 Ὅτι
2401 2830 2622 2899 ἔκρυψέ
2665 2846 2739 2897 με
2776 2830 2844 2881 ἐν
2892 2827 3127 2896 σκηνῇ·
3176 2828 3253 2881 ἐν
3305 2829 3500 2898 ἡμέρᾳ

2173 2922 2467 2976 ἐσκέπασέ
2506 2938 2580 2989 με
2619 2922 2687 2974 ὲν
2727 2921 3047 2987 ἀποκρύφῳ
3093 2917 3207 2985 τῆς
3249 2919 3503 2987 σκηνῆς

2186 3017 2280 3067 Ἐν
2303 3014 2481 3081 πέτρᾳ
2512 3012 2715 3081 ὕψωσέ
2736 3030 2828 3081 με.
2858 3011 3040 3064 Ταῦτά
3071 3029 3161 3080 μοι
3200 3012 3410 3066 πάντα
3439 3030 3510 3064 πα

2173 3102 2356 3171 Σωτήρ
2390 3118 2487 3170 μου
2509 3102 2578 3153 ἐν
2600 3100 2678 3164 τῷ
2706 3098 2946 3167 ἐγγίζειν
2971 3095 3063 3151 ἐπ’
3102 3099 3217 3166 ἐμὲ
3248 3101 3509 3155 κακοῦν

2171 3192 2377 3259 φαγεῖν
2403 3190 2506 3255 τὰς
2547 3190 2772 3255 σάρκας
2805 3206 2943 3256 μου.
2976 3192 3038 3241 Οἱ
3077 3190 3180 3259 μὲν
3215 3192 3342 3259 γὰρ
3379 3192 3512 3262 ἡσθέ

2171 3280 2420 3331 ἔπιπτον*
2468 3277 2577 3345 ἐγὼ
2602 3278 2658 3329 δὲ
2698 3278 2799 3328 ὑπὸ
2840 3278 2939 3345 τῆς
2975 3278 3144 3330 αὐτοῦ
3176 3278 3388 3344 δεξιᾶς,
3427 3282 3512 3349 ἐκε

2169 3369 2225 3421 ἐν
2252 3370 2416 3436 σκηνῇ
2441 3366 2719 3428 κατοικῶν,
2740 3366 2828 3418 διὰ
2857 3365 2917 3417 τὸ
2943 3368 3000 3418 ἐν
3028 3367 3313 3436 ἐρημίαις
3357 3373 3476 3434 τὰς
3506 3374 3513 3415 ἑ

2171 3457 2449 3518 ποιεῖσθαι,
2477 3458 2565 3508 καὶ
2591 3456 2663 3525 μὴ
2689 3455 2824 3524 ἔχειν
2850 3455 2965 3506 τότε
2993 3454 3084 3507 τὸν
3114 3451 3285 3509 οἷκον
3316 3460 3441 3513 τοῦ
3470 3460 3511 3512 Θ

2160 3549 2254 3600 ’τὸν
2286 3547 2407 3600 ναὸν
2440 3546 2623 3599 αὐτοῦ.
2660 3544 2811 3596 Ἀλλὰ
2856 3545 2947 3597 καὶ
2986 3546 3294 3600 ἐσκέπασέ
3354 3568 3449 3619 με
3497 3551 3514 3601 ἒ

2169 3639 2348 3691 κακῶν
2378 3638 2574 3708 ἡμέρᾳ,
2607 3636 2873 3689 τουτέστιν
2907 3637 2965 3688 ἐν
2992 3637 3182 3706 καιρῷ
3230 3640 3363 3691 τῶν
3410 3644 3512 3695 διω

2167 3728 2271 3780 τῶν
2302 3728 2688 3798 πειρατηρίων
2715 3727 2813 3779 οὐκ
2839 3726 3073 3795 ἀλλαχοῦ
3107 3744 3255 3792 που,
3282 3731 3446 3786 ἀλλ’
3486 3736 3512 3785 ἐ

2170 3818 2356 3888 κρύφῳ
2382 3818 2479 3886 τῆς
2506 3816 2705 3885 σκηνῆς
2741 3815 2923 3866 αὐτοῦ.
2958 3817 3213 3886 Νοήσεις
3252 3820 3325 3871 δὲ
3361 3824 3456 3876 τὸ
3488 3824 3516 3873 λ

2167 3909 2273 3960 ἀπὸ
2296 3907 2400 3960 τῶν
2434 3906 2579 3976 παρὰ
2602 3907 2818 3958 Μωῦσεῖ
2842 3906 2967 3975 περὶ
2998 3905 3107 3975 τῆς
3142 3911 3413 3980 σκηνῆς
3464 3916 3515 3966 ἀ.

2171 3998 2360 4067 μένων,
2396 3996 2634 4067 καὶπερὶ
2673 3995 2777 4047 τῶν
2816 3995 3073 4047 ἐσωτάτω
3118 3997 3244 4067 τῆς
3286 4006 3517 4073 σκηνῆ

2169 4090 2328 4140 πᾶσιν
2371 4087 2600 4149 ἀϐάτων,
2635 4086 2775 4155 ἅπερ
2817 4086 3043 4138 ἐκάλουν
3092 4087 3299 4155 Ἅγια
3359 4094 3518 4163 ἁγία

2164 4180 2272 4249 γὰρ
2296 4174 2361 4246 ἦν
2399 4175 2467 4228 τὰ
2512 4174 2797 4243 ἀπόκρυφα
2832 4174 2928 4243 τῆς
2963 4174 3223 4244 σκηνῆς.
3268 4179 3500 4236 οὕτω

2166 4271 2223 4321 ἐν
2269 4267 2345 4336 τῷ
2384 4264 2553 4335 καιρῷ
2595 4263 2700 4317 τῶν
2744 4264 3119 4333 πειρατηρίων
3162 4267 3395 4333 αὐτὸς
3474 4278 3521 4343 ἐι

2166 4361 2257 4413 καὶ
2285 4357 2470 4427 Σωτὴρ
2500 4354 2763 4407 ἐσκέπασε
2785 4353 2878 4405 καὶ
2898 4353 3219 4425 ἀπέκρυψέ
3239 4373 3334 4426 με
3365 4360 3478 4417 ὲν
3501 4379 3522 4412 υτ

2166 4449 2261 4517 τῆς
2288 4446 2445 4500 αὑτοῦ
2478 4444 2705 4512 σκηνῆς⁶
2740 4443 2798 4495 οὐ
2830 4445 3044 4507 πάντως
3077 4447 3149 4498 ἐν
3194 4450 3421 4521 τόπιρ
3476 4475 3523 4509 τι

2163 4538 2449 4605 ταστήσας,
2478 4531 2588 4583 ἀλλ’
2634 4532 2690 4585 ἐν
2722 4531 2895 4601 ψυχῆς
2920 4537 3317 4591 καταστάσει
3370 4545 3522 4615 ἣ-γι

2161 4630 2258 4698 τῆς
2300 4626 2405 4679 τῶν
2449 4624 2652 4677 πολλῶν
2699 4625 2998 4695 κοινότητος
3042 4628 3521 4709 ἀποκεχωρις

2161 4719 2349 4781 ταῦτα,
2369 4716 2663 4787 φησὶ,περὶ
2693 4717 2789 4787 ἐμὲ
2818 4717 3044 4783 ἐγίνετο,
3082 4708 3303 4793 μέχρι
3339 4708 3522 4784 sed“

2163 4807 2345 4862 κακῶν
2373 4808 2601 4876 ἡμέρας,
2634 4809 2774 4862 κατὰ
2795 4808 2855 4861 τὸ
2889 4808 3271 4878 λελεγμένον
3318 4819 3405 4870 ὲν
3486 4826 3521 4875 ὲ

2159 4901 2291 4963 δίζε,
2322 4903 2354 4951 ό
2371 4900 2514 4963 λαός
2536 4918 2678 4967 μου,
2707 4905 2937 4958 εἴσελθε
2966 4907 3055 4969 εἰς
3086 4906 3183 4957 τὰ
3226 4918 3520 4977 ταμεῐ

2161 4996 2404 5044 κλεισον
2421 4990 2533 5057 τὴν
2560 4997 2748 5064 θύραν
2771 5013 2905 5063 σου,
2926 4997 3391 5067 ἀποκρύϐηθι
3426 5027 3519 5073 ,ιι

2158 5082 2267 5145 ἕως
2292 5079 2367 5131 ἂν·
2408 5082 2677 5158 παρέλθῃ
2711 5093 2748 5161 ἡ
2778 5092 2917 5163 ὀργὴ
2956 5089 3249 5155 Κυρίου.
3317 5092 3520 5151 HK);

2160 5170 2411 5233 παντελὲς
2442 5174 2783 5245 κρύπτεσθαι
2812 5205 2879 5259 με
2922 5179 3279 5257 βουληθεὶς,
3320 5183 3519 5243 οὖδ“

2159 5263 2347 5353 κρύφῳ
2376 5264 2475 5335 τῆς
2510 5280 2723 5353 σκηνῆς
2750 5282 2906 5338 αὑτοῦ
2944 5274 3323 5333 λανθάνειν.
3363 5294 3517 5335 κει

2157 5352 2380 5447 Ῡιεῖσθοξξ»
2412 5361 2697 5441 χρήσιμον
2725 5376 2777 5431 δὲ
2816 5378 2906 5433 και
2934 5375 3139 5447 ἕτερον
3176 5380 3520 5426 καταστ

2158 5442 2248 5494 ἐπὶ
2283 5443 2426 5499 τέλει
2469 5453 2579 5523 “Cic:
2612 5468 2724 5525 τῶν
2746 5474 2925 5531 κακῶν
2957 5442 3211 5549 ἡμέρας
3256 5471 3360 5532 ἐν
3424 5486 3520 5524 ε’·ει
