3782 6330
145 448 303 524 ιε*

1393 464 1881 520 COMMENTARiA
1915 466 1979 520 IN
2030 464 2366 520 PSALMOS.

3300 476 3404 529 9ιῖ

150 586 287 648 με-
323 548 553 651 ﬁfth?“
580 548 647 651 (ἷὲ
802 554 983 651 φησὶν
1015 561 1053 614 ὁ
1086 566 1451 637 Ἀπόστολος,
1471 578 1501 627 ὀ
1519 576 1759 642 Χριστός

1886 586 2027 631 ctum
2060 579 2344 631 allaturum
2378 593 2516 641 esse,
2545 585 2729 631 exacta
2756 579 2840 633 die
2862 577 3141 645 malorum,
3178 583 3231 634 in
3262 595 3403 651 petra

160 660 302 720 ςεν
328 639 417 705 γὰρ
443 638 516 707 τῷ
562 639 723 692 αὑτοῦ
765 640 944 713 λόγῳ,
998 655 1113 706 καὶ
1151 663 1225 730 τῇ
1262 662 1424 714 αὑτοῦ
1475 638 1649 731 σοῷίᾳν
1692 638 1782 714 κάλ

302 730 495 828 δῗνίξεξει
525 732 588 799 τῇ
629 733 891 828 Sunii“?
926 736 1149 808 ὕψωσέ
1199 768 1270 819 με
1298 754 1325 803 ὁ
1358 752 1517 804 πάλαι
1552 730 1785 821 ἀποκρύ-

156 823 299 913 ita;
324 823 461 890 “ﬁ
499 824 673 913 σκηνῇ
700 824 897 890 αὗτῡῦ,
931 832 1043 885 καὶ
1088 843 1379 904 σκεπάσας
1418 845 1472 895 ἐν
1494 842 1783 912 ἀποκρύφῳ

162 912 292 997 ,ἧς
324 913 507 982 σκηνῆς
529 912 694 965 αὑτοῦ
731 916 789 966 ὲν
818 918 1021 992 ἡμέρᾳ
1064 931 1287 984 κακῶν.
1315 932 1648 1002 Παραγαγὼν
1678 932 1783 1001 γὰρ

172 1024 258 1075 τὰ
313 1004 445 1055 κακὰ
482 1004 563 1055 καὶ
591 1004 683 1057 τὸν
734 1010 943 1081 καιρὸν
987 1015 1111 1069 τῶν
1154 1020 1364 1090 ἐχθρῶν
1410 1023 1634 1073 καὶτῶν
1675 1021 1784 1073 θλι-

189 1107 406 1161 δόντων
431 1113 487 1164 με
510 1095 811 1166 πολεμίων,
839 1104 925 1165 είς
972 1105 1163 1162 εὖδιον
1192 1114 1282 1165 καὶ
1308 1116 1567 1183 είρηναϊον
1594 1113 1781 1182 λιμένα

204 1184 539 1252 κατέστησεν,
578 1185 810 1253 ἀγαγών
862 1208 925 1243 τε
973 1196 1061 1258 εἰς
1116 1198 1181 1250 τὸ
1217 1200 1448 1269 ἐμφανὲς
1486 1200 1572 1252 τὸν
1622 1201 1779 1252 πάλαι

222 1275 658 1349 χρυπταζόμενον,
690 1280 984 1352 μετέωρον
1007 1287 1184 1357 ἐπῆρε
1206 1290 1295 1339 καὶ
1319 1270 1510 1358 ὑψηλὸν
1540 1288 1777 1358 ἔστησεν,

237 1371 308 1429 ὼς
334 1369 478 1419 πᾶσιν
519 1368 749 1438 ὁρᾶσθαι
778 1373 879 1423 καὶ¹
920 1375 1082 1446 παρὰ
1120 1380 1232 1439 τοῖς
1274 1380 1402 1430 πᾶσι
1450 1376 1775 1441 δοξάζεσθαι,

246 1458 546 1528 ἡδρασμένον
584 1460 681 1512 καὶ
720 1460 1199 1535 τεθεμελιωμένον
1238 1468 1294 1518 ἐν
1320 1470 1385 1537 τῇ
1418 1468 1648 1537 ἀῤῥαγεῖ
1688 1468 1778 1520 καὶ

244 1548 584 1619 ἀσφαλεστάτη
616 1546 786 1602 αὐτοῦ
815 1552 1022 1623 πέτρᾳ.

292 1763 391 1815 Kal
415 1764 529 1817 νῦν
552 1764 772 1843 ﬁgi-mae
801 1768 1077 1835 κεφαλήν
1098 1786 1215 1836 μου
1250 1769 1338 1821 ἐπ’
1365 1770 1608 1838 ἐχθρούς
1631 1788 1766 1838 μου.

218 1855 322 1924 Nor,
332 1872 437 1917 σεις
463 1858 772 1928 ἐπιστήσας
792 1860 943 1921 ὅπως
966 1860 1173 1929 εἴρηται
1198 1861 1342 1929 παρὰ
1363 1861 1437 1930 τῷ
1476 1861 1774 1929 ’Διποστόλῳ

213 1946 290 1996 τό·
330 1947 473 2011 Ἕως
504 1943 578 2000 οὗ
611 1948 677 1999 τὸ
710 1949 981 2016 σήμερον
1008 1949 1285 2002 καλεῖται.
1324 1948 1474 2002 Οὕτω
1502 1950 1606 2021 γὰρ
1635 1953 1774 2019 ἐρεῖς
1802 1975 1843 2027 Β

208 2038 303 2089 καὶ
341 2038 431 2088 ἐπὶ
465 2038 561 2090 τοῦ
602 2040 873 2107 παρόντος
910 2041 969 2091 τὸ
999 2040 1213 2113 διαρκὲς
1239 2039 1328 2092 τοῦ
1360 2041 1547 2110 χρόνου
1577 2040 1771 2111 σημαίο

206 2125 410 2178 νεσθαι.
473 2127 531 2178 '0
573 2126 689 2197 γὰρ
741 2127 839 2205 τού
877 2128 1008 2184 Θεοῦ
1052 2128 1348 2198 ἄνθρωπος,
1394 2129 1460 2181 τὰ
1494 2132 1771 2199 νικητήρια

206 2215 347 2267 κατὰ
378 2216 484 2267 τῶν
517 2215 737 2286 ἐχθρῶν
767 2215 1020 2285 εἰληφὼς,
1067 2218 1152 2269 ἀεὶ
1182 2220 1277 2288 τῆς
1314 2217 1417 2270 τῶν
1451 2218 1652 2288 ἐχθρῶν
1684 2236 1773 2270 κε-

205 2306 379 2375 φαλῆς
429 2308 711 2376 ἀνώτερος
755 2307 978 2375 γίνεται⁹
1015 2307 1183 2370 οὕτως
1227 2308 1316 2360 καὶ
1361 2307 1515 2370 αὐτὸς
1554 2311 1581 2359 ὁ
1620 2307 1772 2360 Δαυῖδ

210 2397 369 2468 μέχρι
408 2398 505 2449 τοῦ
542 2398 814 2468 παρόντος
852 2398 1041 2467 χρόνου
1076 2398 1354 2465 ἐπαίρεται
1400 2398 1490 2449 καὶ
1527 2397 1766 2465 ὑψοῦται,

208 2485 326 2536 καθ’
373 2485 504 2554 ὅλης
559 2486 661 2554 τῆς
714 2472 1039 2555 οἰκουμένης
1088 2486 1335 2555 ᾁδόμενος
1386 2487 1475 2538 καὶ
1508 2486 1768 2555 βοώμενος

208 2572 357 2642 παρὰ
390 2576 524 2626 πᾶσι
558 2576 675 2635 τοῖς
706 2573 903 2635 ἔθνεσι,
940 2575 1031 2627 καὶ
1060 2574 1259 2642 ὒψωταί
1289 2592 1349 2643 γε
1375 2576 1582 2644 ἀληθῶς
1614 2580 1645 2646 ἡ
1678 2595 1768 2629 κε-

209 2659 353 2728 φαλὴ
373 2660 537 2712 αὑτοῦ
558 2660 656 2712 ἐπὶ
670 2661 799 2722 τοὺς
818 2660 982 2712 πάλαι
1008 2660 1320 2729 γενομένους
1341 2661 1499 2713 αὐτοῦ
1525 2663 1765 2731 ἐχθροὺς,

210 2747 309 2809 τὰς
347 2750 614 2819 ἁοράτους
652 2750 931 2819 δυνάμεις.
988 2750 1046 2802 '0
1091 2749 1146 2801 δὲ
1188 2749 1275 2801 τοῦ
1310 2750 1439 2802 Θεοῦ
1472 2752 1764 2823 ἄνθρωπος,

207 2838 392 2892 τοῦτον
426 2839 667 2909 ὑψωθεὶς
699 2840 789 2893 τὸν
816 2840 1031 2911 τρόπον,
1065 2841 1162 2892 οὐκ
1193 2841 1356 2911 ἀργίᾳ
1397 2842 1580 2893 ἑαυτὸν
1604 2843 1766 2910 [δίδω-

211 2944 313 2992 σιν,
343 2932 463 2983 οὐδὲ
497 2931 767 3001 ἀπραξίᾳ,
800 2931 1015 2983 πλείονα
1038 2931 1093 2983 δὲ
1116 2931 1342 3000 σπουδὴν
1382 2932 1504 3001 περὶ
1541 2931 1635 3002 τὴν
1674 2933 1764 2985 τοῦ

206 3016 338 3073 Θεοῦ
381 3022 647 3090 λατρείαν
698 3021 957 3091 εἰσφέρει.
1003 3021 1093 3073 Διὸ
1141 3020 1396 3086 ἐπιλέγω
1436 3021 1766 3074 Ἐκύκλωσα

208 3110 300 3161 καὶ
323 3111 517 3163 ἔθυσα
540 3111 606 3162 ἐν
640 3109 717 3177 τῇ
738 3109 939 3177 σκηνῇ
962 3110 1141 3162 αὐτοῦ
1164 3110 1378 3163 θυσίαν
1401 3109 1760 3179 ἀλαλαγμοῦ.

203 3192 367 3253 Abeat
394 3202 453 3253 δὲ
482 3198 629 3271 ἦσαν
666 3202 723 3252 αἱ
748 3201 832 3252 διὰ
866 3200 1046 3268 φωνῆς
1078 3202 1168 3252 καὶ
1197 3200 1466 3268 θεολογίας
1494 3200 1673 3270 ὓμνων
1703 3218 1761 3254 τε

1886 666 2129 718 exultavit
2160 682 2256 719 me.
2304 664 2463 717 Petra
2502 676 2692 728 autent,
2740 667 2911 735 inquit
2948 669 3254 736 Apostolus,
3293 678 3417 727 erat

1883 753 2118 806 Christus
2150 754 2216 808 δ’.
2252 752 2383 805 Nam
2419 756 2579 808 verbo
2625 770 2742 816 suo,
2788 757 3044 823 sapientia
3091 765 3143 812 et
3186 760 3425 817 salutari’

1881 841 2076 896 virtute
2120 857 2216 897 sua
2258 845 2509 898 exaltavit
2539 861 2640 906 me,
2674 847 2762 914 qui
2809 847 2933 899 olim
2964 849 3318 907 absconderat
3349 854 3401 907 in

1880 933 2225 986 tabernaculo
2252 949 2369 995 suo,
2404 943 2454 987 et
2486 936 2575 1003 qui
2609 937 2660 988 in
2689 937 2774 990 die
2817 936 3075 990 malorum
3108 950 3403 1007 protexerat

1881 1019 1933 1073 in
1964 1022 2275 1077 abscondito
2302 1024 2629 1077 tabernaculi
2654 1024 2757 1077 sui.
2789 1025 2921 1078 Cum
2954 1030 3091 1081 enim
3119 1022 3421 1084 amovisset

1879 1113 2037 1177 mala,
2074 1121 2127 1167 et
2157 1128 2219 1167 ea
2244 1128 2361 1182 qua:
2394 1122 2630 1182 tempore
2680 1115 3016 1169 inimicorum
3065 1125 3119 1171 et
3168 1118 3401 1174 hostium

1878 1215 1961 1253 me
1987 1201 2379 1254 molestantium
2406 1201 2731 1265 acciderant,
2776 1203 2829 1256 in
2867 1205 3157 1274 tranquillo
3195 1213 3247 1260 et
3285 1208 3402 1276 pla-

1876 1288 1995 1342 cido
2029 1301 2187 1355 portu
2215 1305 2299 1345 me
2330 1293 2605 1346 constituit
2642 1311 2656 1347 :
2689 1309 2875 1362 meque
2907 1294 3029 1347 olim
3081 1296 3398 1359 latitantem,

1876 1375 1930 1429 in
1964 1378 2311 1445 conspicuum
2349 1380 2523 1434 locum
2566 1381 2873 1449 deductum,
2907 1384 3186 1438 sublimem
3209 1386 3396 1449 erexit,

1875 1473 1925 1518 et
1954 1467 2224 1519 excelsum
2258 1469 2463 1527 statuit,
2505 1476 2562 1521 ut
2600 1471 2839 1523 omnium
2892 1474 3201 1541 conspectui
3251 1481 3399 1542 pate-

1874 1568 2006 1616 rem,
2043 1555 2109 1608 ab
2137 1555 2386 1610 omnibus
2416 1557 2683 1620 laudarer,
2720 1564 2900 1628 utpote
2928 1560 2982 1613 in
3015 1561 3319 1617 ﬁrmissima
3346 1573 3398 1619 et

1874 1643 2098 1697 infracta
2128 1645 2298 1714 ipsius
2325 1655 2473 1714 petra
2502 1649 2709 1716 positus
2737 1656 2791 1702 et
2820 1648 3093 1705 fundatus.

1943 1754 2008 1808 Et
2028 1773 2159 1809 nunc
2182 1758 2431 1810 exaltavit
2451 1768 2602 1827 caput
2626 1776 2789 1813 meum
2813 1777 2961 1828 super
2982 1762 3213 1816 inimicos
3236 1779 3392 1817 meos.

1872 1847 2174 1917 Perpendas
2199 1850 2354 1903 velim
2380 1865 2484 1919 qua
2515 1853 2777 1905 sententia
2808 1854 2875 1907 ab
2902 1853 3157 1922 Apostolo
3185 1855 3397 1911 dicatur

1873 1937 2003 1990 illud
2033 1957 2045 1991 :
2075 1937 2246 1991 Donec
2290 1938 2436 1991 hodie
2486 1942 2875 2009 cognominatur
2904 1943 2970 1998 “.
3024 1941 3155 1996 Nam
3210 1945 3396 2000 eadem

1872 2044 2091 2097 prorsus
2111 2030 2323 2084 ratione
2351 2030 2403 2083 in
2434 2032 2680 2099 praesenti
2725 2032 2979 2101 temporis
3020 2034 3392 2091 assiduitatem

1870 2118 2159 2188 signiﬁcari
2191 2119 2461 2175 fateberis.
2494 2120 2764 2188 Siquidem
2794 2120 2885 2174 Dei
2915 2122 3074 2176 homo
3102 2124 3195 2192 qui
3224 2125 3395 2180 victo-

1868 2208 1958 2263 ria:
1981 2209 2046 2264 de
2069 2209 2299 2263 inimicis
2331 2217 2496 2278 partae
2535 2211 2749 2279 praemia
2777 2212 3001 2280 accepit,
3033 2228 3242 2282 semper
3284 2216 3387 2269 ini-

1867 2299 2128 2355 micorum
2158 2300 2317 2368 capiti
2352 2301 2597 2369 superior
2625 2301 2841 2364 eminet,
2877 2301 2955 2355 sic
2983 2308 3035 2356 et
3068 2302 3182 2373 ipse
3222 2307 3391 2361 David

1866 2403 2036 2455 usque
2066 2388 2132 2442 ad
2181 2402 2419 2456 praesens
2448 2395 2659 2456 tempus
2692 2389 2963 2442 extollitur
3007 2401 3061 2444 et
3103 2391 3386 2456 exaltatur,

1866 2492 1960 2545 per
1992 2476 2515 2530 universamterram
2546 2476 2862 2532 decantatus
2890 2480 3232 2549 omniumque
3256 2496 3387 2550 gen-

1866 2566 1997 2618 tium
2032 2565 2252 2619 vocibus
2284 2564 2603 2627 celebratus,
2632 2572 2684 2619 ct
2706 2576 2861 2634 caput
2881 2566 2998 2633 ejus
3026 2583 3209 2622 revera
3237 2571 3389 2623 exul-

1865 2660 2029 2707 tatum
2079 2661 2161 2708 est
2198 2668 2360 2722 super
2390 2668 2576 2707 omnes
2615 2655 2704 2723 qui
2734 2655 2999 2723 quondam
3038 2656 3239 2712 inimici
3268 2659 3387 2728 ejus

1864 2745 2092 2812 fuerant,
2128 2746 2458 2800 adversarias
2494 2746 2747 2799 nimirum
2789 2756 3102 2816 potestates.
3128 2749 3197 2804 At
3225 2750 3390 2805 homo

1862 2836 1954 2890 Dei
1980 2852 2043 2891 ea
2071 2838 2276 2891 ratione
2301 2837 2595 2901 exaltatus,
2624 2852 2741 2890 non.
2760 2852 2818 2890 se
2848 2837 3070 2907 ignaviae
3098 2851 3189 2895 aut
3218 2844 3386 2912 segni-

1862 2925 1951 2978 tiei
1974 2924 2154 2987 tradit,
2180 2924 2270 2979 sed
2297 2924 2487 2992 majori
2512 2922 2687 2977 studio
2706 2923 2885 2980 divino
2908 2926 3073 2980 cultui
3102 2928 3382 2989 incumbit.

1860 3012 2036 3078 Quare
2067 3012 2361 3082 subjungit,
2394 3010 2618 3065 Circuivi
2661 3019 2709 3063 et
2743 2998 3007 3066 immolavi
3049 3016 3104 3067 in
3142 3016 3383 3071 taberna-

1859 3105 1975 3159 culo
2008 3104 2119 3172 ejus
2150 3105 2369 3159 hostiam
2409 3107 2760 3174 jubilationis.
2813 3107 2903 3163 Hm
2934 3123 3065 3163 sane
3095 3114 3263 3163 erant.
3283 3108 3380 3161 lto-

1860 3195 1974 3249 stiae
2004 3195 2242 3258 vocibus,
2267 3196 2461 3250 divinis
2511 3197 2758 3266 eloquiis,
2809 3197 3040 3267 hymnis,
3085 3198 3378 3266 gratiarum

202 3291 294 3342 καὶ
330 3290 692 3361 εὐχαριστίας
718 3290 1182 3359 ἁναπεμπόμεναι.
1227 3292 1312 3343 Ἐν
1339 3291 1433 3360 μὲν
1454 3286 1546 3343 οὖν
1565 3291 1639 3360 τῷ
1660 3292 1759 3360 πρὸ

1864 3288 2161 3343 actionibus
2188 3290 2417 3342 emissae.
2448 3290 2507 3343 ln
2533 3290 2846 3357 prmcedenti
2882 3291 3108 3358 psalmo,
3137 3290 3219 3343 vir
3244 3290 3377 3343 divi-

196 3380 385 3433 τούτου
423 3378 633 3449 ψαλμῷ
674 3380 1017 3453 μελλητικῶς
1066 3380 1364 3432 ἐδιδάσκετο
1414 3380 1585 3447 λέγειν
1624 3380 1652 3430 ὁ
1693 3380 1760 3434 τὰ

193 3463 313 3523 θεῖα
342 3472 757 3539 παιδευόμενος·
803 3471 1053 3538 Νίψομαι
1088 3470 1158 3522 ἐν
1192 3469 1395 3534 ἀθώοις
1429 3469 1531 3533 τὰς
1567 3468 1761 3536 χεῖράς

185 3571 330 3624 μου,
375 3563 475 3614 καὶ
519 3560 817 3613 κυκλώσω
849 3558 915 3611 τὸ
956 3558 1377 3626 θυσιαστήριόν
1409 3574 1542 3622 σου,
1566 3558 1755 3624 Κύριε·

191 3644 428 3704 ἐνταῦθα
460 3652 518 3703 δὲ
551 3651 631 3711 ὡς
652 3650 752 3719 ἤδη
785 3649 1061 3718 προκύψας
1091 3649 1182 3701 καὶ
1203 3646 1374 3717 τυχὼν
1393 3647 1490 3716 τῆς
1518 3649 1675 3717 εύχῆς
1700 3648 1756 3699 τὸ

190 3733 550 3810 ἀποτέλεσμα
601 3740 704 3808 τῆς
755 3739 1097 3806 ἐπαγγελίας,
1139 3738 1329 3805 ἐπάγει
1373 3737 1558 3804 λέγων·
1599 3738 1757 3789 Ὲκύ-

187 3832 401 3885 κλωσα
451 3833 553 3885 καὶ
600 3832 795 3883 ἔθυσα
830 3832 898 3882 ἐν
945 3829 1017 3897 τῇ
1068 3828 1267 3895 σκηνῇ
1317 3828 1498 3881 αὐτοῦ
1541 3830 1756 3880 θυσίαν

182 3913 578 3990 ἀλαλαγμοῦο
630 3920 728 3972 καὶ
776 3922 832 3971 ἐν
886 3921 982 3989 μὲν
1025 3922 1137 3981 τοῖς
1184 3918 1482 3988 ἔμπροσθεν
1521 3916 1748 3985 ἐλέγετοο

187 4001 303 4063 Τοῦ
332 4012 602 4065 ἀκοῦσαι
640 4008 853 4077 φωνὴν
887 4008 1183 4073 αἰνέσεως·
1228 4006 1453 4060 ἐνταῦθα
1483 4004 1558 4056 δέ·
1595 4008 1751 4075 ’ᾼσω

179 4098 284 4150 και
314 4099 497 4167 ψαλῶ
536 4098 621 4163 τῷ
648 4098 859 4164 Κυρίῳ.

256 4233 675 4291 Εἱσάκουσον,
721 4230 914 4301 Κύριε,
956 4225 1059 4293 τῆς
1091 4226 1291 4294 φωνῆς
1329 4244 1463 4294 μου,
1510 4222 1583 4295 ἧς
1624 4224 1748 4278 ἐκέ-

172 4323 396 4386 κραξαο
441 4320 745 4387 Ἐλέησόν
767 4336 843 4386 με
877 4316 975 4369 καί
1002 4315 1360 4389 εἰσάκουσόν
1386 4332 1523 4383 μου.
1549 4316 1647 4367 Σοὶ
1676 4312 1748 4367 εἷ-

166 4413 297 4462 πεν
316 4414 356 4477 ἡ
379 4410 601 4478 καρδία
629 4405 1045 4477 μου-Ἐζήτησέ
1075 4422 1146 4458 σε
1177 4404 1242 4457 τὸ
1270 4407 1584 4471 πρόσωπόν
1604 4423 1743 4471 μου·

163 4497 247 4546 τὸ
274 4499 613 4567 πρόσωπόν
651 4511 790 4558 σου,
826 4496 1016 4560 Κύριε,
1056 4493 1295 4562 ζητήσω.
1352 4494 1491 4545 Ἀντὶ
1532 4493 1587 4545 δὲ
1630 4493 1739 4545 τοῦ·

1862 3378 1945 3431 nis
1976 3377 2027 3429 in
2060 3378 2217 3433 rebus
2245 3379 2522 3433 institutus
2548 3380 2659 3431 haec
2682 3378 2747 3431 de
2779 3379 2956 3431 futuro
2982 3378 3160 3432 dicere
3186 3376 3395 3433 edoce-i

1857 3462 2379 3521 baturzLavabointer
2399 3469 2686 3520 innocentes
2709 3483 2888 3520 manus
2913 3483 3072 3530 meas,
3094 3476 3141 3519 et
3162 3467 3379 3520 circum-

1856 3556 1986 3608 dabo
2012 3557 2176 3609 altare
2202 3566 2364 3621 tuum,
2403 3557 2619 3611 Domine
2648 3558 2691 3589 “
2722 3575 2733 3608 :
2772 3558 2859 3611 hic
2884 3572 3029 3618 vero,
3066 3564 3125 3611 ut
3151 3556 3242 3626 qui
3265 3556 3376 3625 jam

1856 3647 2139 3715 profecerit
2161 3658 2212 3702 et
2243 3650 2490 3717 precibus
2513 3651 2772 3719 promissa
2802 3656 3126 3704 consecutus
3147 3650 3236 3716 sit,
3264 3650 3387 3704 limo

1854 3735 2361 3805 loquiturzCircuivi
2406 3724 2452 3791 et
2494 3738 2755 3792 immolavi
2801 3740 2854 3791 in
2902 3738 3229 3793 tabernaculo
3264 3741 3381 3806 eju

1852 3825 2073 3878 hostiam
2098 3827 2426 3895 jubilativnis
2458 3844 2475 3880 :
2504 3836 2556 3882 et
2598 3828 2651 3882 in
2683 3829 2946 3896 superiori
2979 3829 3138 3883 etiam
3170 3829 3378 3898 psalmo

1852 3916 2049 3969 dictum
2078 3924 2178 3982 est,
2208 3916 2274 3971 Ut
2302 3918 2513 3970 audiam
2542 3935 2710 3971 vocem
2742 3918 2914 3971 laudis
2944 3919 3023 3981 “;
3068 3918 3157 3972 hic
3194 3926 3372 3972 autem

1849 4005 2062 4073 dicitur,
2078 4002 2304 4060 Cantabo
2326 4019 2374 4062 et
2403 4009 2661 4077 psalmum
2682 4008 2853 4061 dicam
2883 4008 3122 4061 Domino.

1914 4222 2074 4279 Vens.
2127 4225 2276 4279 7-10.
2320 4223 2545 4290 Exaudi,
2591 4224 2823 4284 Domine,
2865 4239 3033 4276 vocem
3060 4239 3244 4284 meam,
3268 4240 3369 4294 qua

1844 4309 2059 4364 clamavi
2074 4311 2139 4363 ad
2160 4320 2205 4365 te
2224 4328 2241 4363 :
2259 4312 2495 4381 miserere
2511 4315 2605 4365 mei
2620 4324 2667 4366 et
2681 4312 2870 4365 exaudi
2888 4327 2983 4364 me.
3006 4311 3122 4364 Tibi
3137 4313 3267 4364 dixit
3283 4328 3371 4364 cor

1842 4416 2027 4462 meum,
2049 4399 2335 4468 Exquisivit
2359 4411 2404 4454 te
2414 4403 2569 4469 facies
2588 4417 2731 4453 mea:
2751 4401 2933 4469 faciem
2953 4398 3365 4461 tuam,Domine,

1842 4492 2114 4558 requiram.
2134 4490 2260 4558 Ejus
2283 4492 2417 4553 loco,
2436 4492 2526 4543 tibi
2545 4491 2674 4543 dixit
2698 4507 2785 4542 cor
2814 4504 3001 4553 meum,
3024 4489 3297 4557 exquisivit
3321 4497 3369 4539 te

168 4579 287 4640 Σοὶ
306 4587 469 4643 εἶπεν
487 4591 529 4656 ἡ
559 4586 778 4653 καρδία
801 4602 941 4651 μου,
976 4582 1247 4651 Ἐζιῆτησέ
1268 4601 1338 4637 σε
1355 4584 1417 4636 τὸ
1430 4587 1745 4652 πρόσωπόν

1864 4581 1999 4634 'acies
2036 4597 2167 4644 mea,
2198 4583 2431 4649 apertius
2460 4579 2812 4650 Symmachus
2851 4582 2929 4635 sic
2968 4578 3366 4646 interpretatur.

159 4687 324 4741 μου,
359 4683 386 4731 ὁ
421 4681 727 4750 Σύμμαχος
763 4675 1084 4743 σαφέστερον
1126 4674 1378 4738 ἐξέδωκεν
1414 4674 1594 4728 εἰπών’
1643 4675 1743 4727 Σοὶ

1866 4671 1934 4723 ibi
1962 4671 2257 4739 loquebatur
2301 4688 2387 4723 cor
2415 4686 2601 4731 meum,
2637 4678 2681 4721 te
2706 4670 2966 4739 qurerebat
2995 4670 3164 4722 vultus
3205 4681 3366 4719 meus.

167 4770 545 4834 προσελάλει
576 4770 617 4835 ἡ
646 4765 865 4832 καρδία
887 4780 1023 4830 μου’
1044 4764 1115 4815 σὲ
1132 4762 1311 4828 ἐζήτει
1334 4764 1397 4816 τὸ
1427 4766 1742 4830 πρόσωπόν

1836 4762 2038 4814 Anima:
2065 4761 2257 4829 quippe
2297 4760 2470 4813 vultus
2500 4768 2881 4827 congruentem
2925 4757 3027 4812 sibi
3077 4754 3365 4824 inspectio—

156 4864 310 4911 μου.
348 4860 416 4911 Τὸ
442 4860 555 4926 γὰρ
584 4853 899 4924 τῆςςψυχῆς
934 4854 1214 4920 πρόσωπον
1246 4854 1340 4922 τὴν
1382 4854 1739 4923 ἁρμόττουσαν

1864 4866 1954 4905 lem
1987 4851 2346 4905 desiderabat.
2379 4851 2486 4902 Hoc
2536 4850 2709 4918 ipsum
2739 4849 2946 4919 Moyses
2983 4847 3062 4901 sic
3091 4846 3257 4899 Deum
3291 4844 3369 4897 al-

168 4938 305 5001 θέαν
335 4950 539 5002 ἐπόθει.
574 4945 785 4998 Τούτου
805 4944 863 4995 δὲ
883 4942 976 4993 καὶ
994 4943 1221 5010 Μωῦσῆς
1244 4958 1369 4993 ποτε
1389 4946 1564 5011 τυχεῖν
1587 4941 1733 5011 ὴξίου

1864 4957 2051 5010 ιῳιοιιδ
2073 4940 2325 5010 consequi
2356 4940 2657 5010 postulabat
2700 4959 2711 4993 :
2755 4938 2885 4993 Ecce
2930 4939 3096 4991 inveni
3142 4937 3356 5005 gratiae

168 5024 342 5103 λέγων
369 5037 448 5105 τῷ
477 5035 621 5103 θεῷ·
673 5032 822 5085 Ἰδοὺ
860 5030 1085 5097 εὕρηκα
1114 5031 1282 5098 χάριν
1312 5031 1559 5084 ἐνώπιόν
1587 5050 1720 5087 σου·

1828 5022 1893 5084 in
1921 5041 2191 5098 conspectu
2238 5040 2324 5083 tuo
2359 5046 2374 5080 :
2405 5029 2610 5082 ostende
2643 5028 2766 5081 mihi
2802 5029 3039 5094 teipsum,
3078 5036 3124 5078 te
3152 5025 3359 5078 scienttt

175 5119 503 5191 ἑμξεάνισόν
524 5140 633 5191 μοι
676 5120 966 5174 σεαυτόν·
1007 5120 1272 5186 γνωστῶς
1309 5120 1409 5172 ἴδω
1449 5136 1537 5174 σε·
1583 5124 1725 5186 ὅπως

1864 5119 2027 5173 ideam
2059 5120 2137 5185 “;
2170 5127 2226 5174 ut
2258 5120 2484 5173 revelata
2515 5117 2649 5170 facie
2687 5119 2911 5185 gloriam
2944 5114 3150 5169 Domini
3189 5116 3337 5168 intuc

180 5210 681 5283 ἀνακεκαλυμμένῳ
708 5207 995 5278 προσώπῳ
1033 5209 1149 5276 τὴν
1172 5209 1321 5271 δόξαν
1376 5211 1573 5278 Κυρίου
1606 5229 1731 5263 κατ-

179 5305 493 5375 οπτρίζοιτο.
520 5303 617 5355 Διό
650 5315 811 5368 φησι·
836 5297 909 5348 Τὸ
938 5298 1250 5362 πρόσωπόν
1278 5314 1410 5359 σου,
1432 5301 1619 5365 Κύριε.
1647 5301 1735 5366 ζη-

182 5391 349 5453 τήσω.
370 5394 456 5460 μὴ
480 5389 893 5453 ἀποστρέψῃς
912 5385 975 5435 τὸ
999 5386 1307 5450 πρόσωπόν
1326 5401 1435 5437 σου
1451 5387 1546 5439 ἀπ’
1570 5389 1743 5453 ἐμοῦ..

185 5471 248 5532 Εἰ
268 5482 365 5550 γὰρ
387 5486 468 5543 εὶς
495 5482 667 5545 ἄκρον
691 5474 1003 5539 τελειότης,
1036 5476 1126 5525 καὶ
1154 5476 1186 5543 ὴ
1221 5472 1504 5527 κατὰιΘεὸν
1534 5476 1728 5549 ὑστάτη

250 5778 285 5807 u
335 5774 505 5829 ισοτ.
543 5786 596 5831 x,
628 5768 682 5821 4.
764 5764 814 5795 ⁸⁸
870 5760 1042 5820 Hebr.
1078 5783 1159 5829 ut,
1206 5768 1282 5819 15.

1389 5767 1430 5799 δ’
1468 5767 1607 5823 Psal.
1640 5787 1764 5838 xxv,
1795 5774 1845 5827 6.

1835 5221 1997 5267 retur.
2033 5209 2387 5274 Quamobrem
2436 5208 2530 5271 ait,
2571 5208 2757 5274 faciem
2798 5217 2962 5271 tuam,
2996 5206 3237 5268 Domine,
3276 5222 3358 5258 re-

1837 5302 2073 5369 quiram;
2109 5316 2169 5352 ne
2200 5308 2396 5352 avertas
2448 5297 2630 5364 [aciem
2674 5307 2813 5349 tuam
2846 5316 2878 5351 a
2908 5314 3005 5351 me.
3037 5295 3093 5351 Si
3119 5298 3263 5350 enim
3296 5298 3361 5351 ad

1836 5405 2139 5459 supremum
2165 5388 2417 5458 perfectio
2445 5387 2734 5449 devenerit,
2770 5404 2898 5443 sane
2918 5389 3137 5442 ultimus
3169 5401 3361 5441 secun-

1835 5481 1959 5535 dum
1987 5480 2147 5534 Deum
2176 5475 2443 5547 profectus
2469 5476 2556 5529 ille
2590 5474 2769 5543 fuerit,
2800 5480 2892 5549 qui
2925 5477 3128 5532 scilicet
3167 5476 3234 5530 ad
3266 5475 3359 5530 Del

1953 5774 1995 5807 "
2037 5772 2162 5829 ibid.
2208 5771 2254 5824 7.
2308 5772 2375 5843 ,⁸⁸
2407 5769 2573 5827 Exod.
2605 5787 2797 5841 χχχιιι,
2842 5776 2923 5829 l5.
