3782 6330
141 425 306 509 καί»
1392 442 1878 500 connexum
1912 445 1976 500 IN
2013 440 2346 500 PSALMOS.
3307 441 3417 495 etc

150 582 192 634 γ
211 537 363 638 19.6
391 531 1016 638 ξίωῦαῆσὲνομοθὲςεξι,
1038 550 1213 604 κατὰ
1243 555 1342 624 τὴν
1377 556 1792 627 σκληροκαρδίαν

1903 568 1942 614 et
1969 557 2336 629 peccatoribus
2362 554 2532 624 iisque
2561 556 2824 612 similibus
2852 557 2971 611 data
2991 563 3096 614 est.
3121 557 3241 612 Istis
3260 563 3414 629 quip-

152 625 364 709 gtgmiw
402 625 848 718 διαταττόμενος.
874 628 1047 718 ΪΕγὼ
1097 639 1190 706 δὲ,
1239 648 1420 715 φησὶν,
1453 625 1603 717 οὖίτῇ
1634 625 1795 702 Muri-

1903 625 2193 718 pe—Moyses
2216 649 2382 716 legem
2413 646 2632 710 ferebat,
2657 645 2722 698 ad
2753 645 2998 700 duritiem
3031 647 3208 700 cordis
3231 625 3415 701 eorum

159 736 331 796 ζτέως
364 714 631 786 νομοθεσίᾳ
677 714 1067 791 ὑποδέδλτικα
1121 714 1385 801 ἐμαυτόν.
1429 737 1516 788 Διὸ
1552 714 1670 788 ούδὲ
1701 738 1796 807 τὴν

157 821 280 887 διὰ
316 807 452 873 ζώων
474 807 684 876 σφαγῆς
724 807 929 862 θυσίαν
964 817 1431 896 ἐπηγγειλάμην,
1461 826 1592 879 ἀλλὰ
1611 826 1795 880 θυσίαν

166 897 518 975 ἀλαλαγμοῦ,
547 899 872 971 καινότερον
920 907 1156 976 τρόπον
1189 915 1223 983 ῆ
1252 915 1390 967 κατὰ
1427 916 1494 968 τὰ
1528 917 1795 979 Μωῦσὲως

174 1004 425 1065 νὀμιμα.
469 989 656 1060 Διόπερ
708 991 856 1058 ἀξιῶ
892 1000 1116 1070 καινῆς
1163 1005 1478 1073 νομοθεσίας
1521 1007 1665 1075 παρὰ
1703 1007 1794 1058 σοῦ

193 1085 408 1154 τυχεῖνο
440 1081 595 1145 Αὐτὸς
629 1077 727 1136 οὖν
753 1083 859 1155 τὴν
893 1087 1003 1158 σὴν
1037 1092 1166 1144 ὁδὸν
1201 1095 1458 1160 ὲπίδειξόν
1495 1112 1598 1164 μοι·
1629 1096 1815 1165 ῆφὼο·

1895 737 2364 790 accommodatam.
2397 734 2464 787 At
2489 749 2606 804 ego,
2642 734 2831 802 inquit,
2863 747 2968 786 non
2997 749 3080 788 me
3113 733 3309 804 ﬂoysis
3337 736 3420 788 le-

1893 823 2045 892 gibus
2092 823 2324 878 subdidi.
2369 821 2544 887 Quare
2589 837 2697 875 non
2750 829 3031 875 cruentum
3075 823 3418 888 sacriﬁcium,

1893 910 1985 964 sed
2034 911 2262 964 hostiam
2303 909 2635 977 jubilationis
2674 908 2944 977 pollicitus
2989 925 3128 974 sum,
3175 925 3314 964 novo
3357 926 3420 964 ac

1892 998 2043 1066 longe
2087 998 2298 1051 diverso
2327 1011 2356 1048 a
2391 997 2585 1067 Moysis
2631 998 2888 1066 legalibus
2936 998 3065 1052 ritu.
3091 997 3216 1052 ldeo
3259 1013 3421 1052 novas

1893 1089 1985 1141 abs
2010 1096 2062 1141 te
2093 1088 2305 1155 postulo
2335 1087 2495 1156 leges.
2525 1086 2603 1139 Tu
2651 1088 2786 1155 ipse,
2815 1102 3017 1155 quaero,
3047 1087 3187 1140 viam
3237 1096 3422 1141 osten-

207 1191 408 1242 τισον,
441 1173 569 1227 κατὰ
597 1174 689 1228 τὸν
752 1177 1030 1234 Ἀκύλαν.
1081 1185 1179 1254 Μὴ
1228 1186 1382 1255 μόνον
1427 1185 1480 1237 δὲ
1522 1186 1795 1255 ὑποδείξῃς

232 1266 360 1344 μηδὲ
387 1265 746 1339 νομοθετήσῃς
781 1285 898 1338 μοι,
936 1264 986 1323 ὧ
1023 1272 1221 1342 Κύριε,
1253 1273 1384 1326 ἀλλὰ
1415 1275 1504 1326 καὶ
1537 1275 1795 1343 όδήγησόν

247 1373 310 1426 με
332 1358 382 1408 ἐν
398 1355 556 1425 τρίϐῳ
575 1353 787 1427 εὐθείᾳ,
815 1357 962 1428 πρὸς
985 1359 1052 1411 τὸ
1077 1360 1151 1430 μὴ
1180 1359 1476 1430 προσκόψαι
1497 1359 1629 1428 πρὸς
1650 1358 1792 1410 λίθον

255 1449 330 1500 τὸν
358 1447 476 1499 πόδα
507 1463 627 1516 μου,
663 1445 882 1500 ἕνεκεν
915 1449 1042 1501 τῶν
1071 1448 1296 1517 ἐχθρῶν
1319 1465 1456 1516 μου.
1487 1449 1581 1514 Μὴ
1614 1462 1793 1513 παρα-

253 1537 352 1602 δῷς
371 1552 438 1604 με
469 1539 554 1600 εις
599 1536 809 1604 ψυχὰς
857 1539 1192 1590 θλιϐόντων
1215 1553 1307 1604 με.
1338 1538 1412 1588 Δι’
1444 1535 1644 1604 ὁμαλῆς
1686 1533 1790 1602 γὰρ

247 1632 352 1683 ὁδοῦ
386 1632 470 1682 καὶ
504 1630 796 1700 εἰρηνικῆς
835 1631 988 1692 ὅπως
1025 1631 1287 1700 διαγάγῃς
1328 1645 1390 1698 με
1427 1627 1558 1690 ἀξιῶ
1582 1625 1668 1677 τὸν
1695 1625 1793 1693 τῆς

244 1720 372 1788 ζωῆς
405 1735 503 1789 μου
530 1720 751 1789 χρόνον.
783 1720 860 1771 Ού
899 1719 1012 1790 γὰρ
1051 1719 1203 1788 μόνον
1238 1717 1477 1786 πολέμιοι
1503 1714 1789 1783 τυγχάνου-

237 1827 331 1868 σιν,
365 1808 498 1860 ἀλλὰ
529 1809 629 1860 καὶ
658 1809 996 1876 συκοφάνται
1025 1807 1194 1861 ἄδικοι
1224 1808 1314 1858 καὶ
1339 1805 1785 1873 ψευδομάρτυρες,

230 1899 315 1949 καὶ
345 1899 525 1950 πάντα
557 1897 632 1950 τὰ
664 1897 880 1968 ἐχθρῶν
923 1897 1266 1967 πράττοντες.
1312 1895 1440 1946 Τότε
1487 1895 1541 1945 δὲ
1582 1892 1792 1962 ἀληθῶς
1825 1880 1863 1932 Β

224 1992 388 2059 ἑαυτῇ
423 1989 681 2057 ψεύδεται
726 1991 760 2057 ἠ
789 1986 992 2049 ἀδικία,
1021 1987 1148 2038 ὅταν
1196 1985 1268 2054 μὴ
1295 1983 1431 2036 κατὰ
1462 1983 1791 2052 πραγμάτων

228 2081 480 2150 φέρηται,
527 2079 667 2148 μηδὲ
693 2076 964 2147 κατισχύῃ
991 2075 1098 2126 τῶν
1129 2070 1757 2142 ψευδομαρτυρουμένων.

294 2168 571 2222 Πιστεύω
601 2165 712 2218 τοῦ
747 2164 897 2217 ἰδεῖν
924 2165 996 2216 τὰ
1026 2163 1212 2231 ἀγαθὰ
1236 2161 1448 2227 Κυρίου
1471 2161 1537 2211 ἐν
1555 2159 1631 2228 γῇ
1661 2158 1794 2218 ζών-

225 2267 361 2305 των.
405 2252 642 2322 Μήποτε
675 2250 734 2302 δὲ
777 2250 870 2302 καὶ
913 2249 1003 2300 ἐπὶ
1043 2249 1138 2319 τὴν
1164 2247 1414 2316 ἀνωτέρω
1440 2249 1646 2316 αἴτησιν
1669 2248 1795 2298 ἀνα-

227 2344 456 2414 πέμπει·
487 2342 681 2410 ἁγαθὰ
703 2342 909 2411 Κυρίου
947 2341 1118 2407 λέγων
1149 2339 1206 2391 τὸ
1239 2339 1486 2408 ἀνωτέρω
1518 2339 1796 2407 εἰρημένον

228 2434 528 2503 πρόσωπον
578 2432 772 2494 αὑτοῦ,
823 2431 951 2501 περὶ
995 2425 1054 2483 οὗ
1101 2429 1321 2498 ἔφασκε·
1369 2428 1438 2480 Τὸ
1484 2429 1798 2495 πρόσωπόν

228 2539 366 2588 σου,
403 2524 612 2590 Κύριε,
660 2520 916 2588 ζητήσω.
953 2519 1048 2585 Μὴ
1082 2517 1464 2585 ἀποστρέψῃς
1489 2517 1553 2569 τὸ
1575 2519 1802 2584 πρόσω-

231 2614 346 2664 πόν
375 2629 496 2666 σου
540 2611 648 2664 ἀπ’
683 2608 850 2677 ἐμοῦ.
892 2608 980 2660 Διὸ
1014 2607 1154 2659 κατὰ
1189 2607 1278 2660 τὸν
1319 2606 1541 2658 Ἀκύλαν
1569 2605 1798 2674 εἴρηται·

244 2701 622 2755 Ἐπίστευσα
649 2699 757 2752 τοῦ
802 2697 950 2751 ἰδεῖν
984 2699 1052 2750 ἐν
1083 2693 1274 2764 ἀγαθῷ
1311 2697 1544 2764 Κυπρίου·
1576 2697 1708 2750 κατὰ
1744 2697 1798 2749 δὲ

233 2791 324 2844 τὸν
349 2792 675 2862 Σύμμαχονο
716 2789 1058 2840 Ἐπίστευον
1084 2785 1229 2839 ἰδεῖν
1257 2786 1370 2853 τὴν
1419 2787 1796 2853 ἀγαθοσύνην

235 2883 481 2950 Κυρίου.
529 2880 673 2932 Ἀλλ’
704 2879 890 2947 ὄψεταί
905 2895 968 2946 γε
995 2877 1086 2929 τοῦ
1105 2877 1300 2946 Κυρίου
1324 2875 1382 2928 τὸ
1406 2876 1685 2946 πρόσωπον
1708 2879 1800 2928 καὶ

233 2971 303 3024 τὰ
334 2969 520 3038 ἀγαθὰ
566 2966 924 3037 Κυρίου,οὐκ
969 2966 1026 3016 ἐν
1065 2964 1142 3033 τῷ
1183 2963 1436 3033 περιγείῳ
1478 2964 1641 3032 τόπῳ,
1687 2963 1800 3018 ἀλλ’

233 3061 353 3114 οὐδὲ
388 3064 448 3113 ὲν
492 3057 575 3128 τῷ
616 3057 728 3108 τῶν
763 3056 968 3124 θνητῶν
1001 3053 1200 3123 χωρίῳ,
1233 3053 1342 3104 ἀλλ’
1370 3053 1425 3103 ὲν
1465 3054 1532 3121 γῇ
1570 3051 1799 3116 ζώντων,

233 3149 298 3217 ἢν
336 3151 434 3203 καὶ
483 3151 514 3200 ό
559 3147 754 3216 Σωτὴρ
797 3143 1150 3214 ἐπηγγείλατο
1191 3141 1375 3209 λέγων·
1430 3141 1708 3207 Μακάριοι
1747 3148 1800 3196 οι

233 3240 466 3306 πραεῖς,
498 3237 594 3290 ὅτι
628 3235 798 3289 αὐτοὶ
830 3229 1349 3301 κληρονομήσουσι
1381 3229 1490 3296 τὴν
1512 3229 1641 3298 γῆν.

796 3343 882 3395 ΤΩ
921 3341 1116 3393 ΔΑΥΙΔ
1148 3341 1270 3392 KZ’.

305 3439 469 3505 Πρὸς
520 3435 621 3499 σὲ,
652 3435 850 3500 Κύριε,
880 3430 1249 3498 κεκράξομαι,
1294 3432 1325 3481 ό
1371 3430 1511 3493 Θεός
1549 3444 1682 3495 μου,
1717 3425 1802 3494 μὴ

234 3522 732 3593 παρασιωπήσῃς
761 3521 861 3572 ἀπ’
891 3518 1052 3585 ἐμοῦ,
1085 3517 1313 3586 μήποτε
1344 3515 1804 3584 ara-patrimniqu

229 3612 329 3664 ἐπ’
367 3613 523 3681 ἐμοὶ,
573 3609 676 3662 καὶ
723 3605 1149 3676 ὀμοιωθήσομαι
1194 3601 1313 3665 τοῖς
1353 3601 1805 3654 καταϐαίνουσι-ν

234 3707 324 3767 εις
351 3701 614 3755 λάκκον.
647 3698 763 3750 Οὐκ
797 3691 1201 3763 ἐπιλελησμένοι
1228 3689 1334 3740 τῶν
1362 3688 1658 3760 ἔμπροσθεν
1679 3691 1804 3758 ἡμῖν

239 3790 592 3860 λελεγμένων
637 3785 770 3854 περὶ
803 3783 908 3834 τῶν
945 3781 1070 3834 ἄνευ
1110 3778 1251 3840 τινὸς
1291 3778 1598 3848 προσθήκης
1625 3781 1804 3844 ἐπιγε-

235 3879 588 3951 γραμμένων
618 3871 701 3937 τῷ
748 3869 944 3934 Δαυῒδ,
991 3868 1158 3940 ἢτοῦ
1199 3865 1395 3928 Δαυῒδ,
1440 3866 1805 3935 προσθήσομεν

234 3970 472 4030 ἐκείνοις
520 3967 620 4018 ἐπὶ
663 3962 758 4015 τοῦ
803 3960 1062 4030 παρόντος
1108 3957 1205 4029 τὴν
1249 3958 1327 4018 είς
1367 3957 1511 4026 ἡμᾶς
1555 3954 1805 4007 ἐλθοῦσαν

236 4058 571 4129 παράδοσιν.
619 4051 760 4104 Φασὶ
805 4049 979 4101 τοίνυν
1038 4045 1300 4116 Ἐϐραίων
1344 4045 1524 4106 παῖδες
1566 4043 1655 4095 ἐπὶ
1701 4042 1804 4094 τῶν

234 4148 500 4216 τοιαύτην
532 4143 774 4212 ἐχόντων
800 4139 1034 4209 γραφὴν,
1073 4137 1182 4189 δεῖν
1219 4134 1526 4204 ἀνατρέχειν
1564 4133 1652 4183 ἐπὶ
1684 4132 1804 4193 τοὺς

238 4238 525 4307 ἀνωτέρω,
576 4232 674 4285 καὶ
715 4231 933 4281 σκοπεῖν
972 4229 1149 4287 ὁποῖος
1185 4220 1251 4294 ἦν
1291 4227 1318 4276 6
1357 4226 1411 4275 ἐν
1451 4225 1588 4292 ἀρχῇ
1621 4239 1806 4292 προτε-

240 4326 518 4395 ταγμένος
562 4320 781 4390 came;
819 4316 925 4368 τῶν
969 4314 1101 4385 μετὰ
1144 4312 1333 4375 ταῦτα,
1375 4313 1488 4380 ἤτοι
1536 4311 1806 4373 παντελῶς

239 4415 665 4485 ἁνεπιγράτιςων,
697 4409 729 4478 ἦ
758 4405 836 4470 τῷ
855 4405 1032 4458 Δαυῒδ
1066 4404 1560 4474 ἐπιγεγραμμένων·
1593 4405 1683 4456 καὶ
1709 4421 1808 4474 μα-

1892 1177 1987 1231 das
2019 1179 2178 1242 mihi;
2206 1185 2297 1230 aut
2327 1177 2585 1239 illumina,
2625 1177 2916 1231 secundum
2945 1177 3210 1246 Aquilam.
3243 1176 3424 1244 Neque

1892 1267 2062 1320 solum
2095 1267 2348 1320 ostendas
2387 1280 2449 1317 ac
2478 1266 2642 1334 legem
2672 1280 2841 1334 ponas
2873 1267 3024 1330 mihi,
3054 1266 3293 1328 Domine,
3327 1267 3420 1321 sed

1889 1358 2046 1412 etiam
2075 1360 2242 1428 dirige
2272 1374 2354 1412 me
2389 1359 2439 1411 in
2474 1358 2660 1412 semita
2690 1365 2857 1420 recta,
2893 1366 2950 1410 ut
2977 1373 3042 1411 ne
3069 1358 3420 1412 oﬂendamad

1891 1451 2112 1521 lapidem
2143 1451 2276 1520 pede
2305 1465 2442 1513 meo,
2473 1460 2674 1516 propter
2701 1451 2935 1503 inimicos
2962 1467 3096 1504 meos
3122 1467 3138 1502 :
3171 1467 3231 1504 ne
3254 1452 3422 1504 tradi-

1889 1540 2024 1592 deris
2069 1557 2145 1592 me
2174 1541 2227 1592 in
2256 1541 2458 1592 animas
2490 1538 2845 1591 tribulantium
2864 1555 2960 1592 me.
2993 1537 3093 1592 Per
3120 1541 3327 1608 planam
3359 1555 3422 1592 ac

1888 1631 2158 1697 pacilicam
2186 1631 2323 1684 viam
2358 1645 2441 1683 me
2482 1637 2719 1698 tempore
2747 1629 2867 1682 vitze
2896 1645 3025 1682 mea:
3065 1629 3299 1683 deducas
3329 1645 3424 1699 po-

1889 1719 2046 1773 stulo.
2073 1717 2187 1771 Non
2219 1719 2387 1772 solum
2417 1719 2557 1772 enim
2591 1718 2821 1776 inimici.'
2837 1719 2926 1773 sed
2954 1719 3112 1771 etiam
3145 1719 3310 1787 iniqui
3338 1735 3426 1788 sy-

1887 1809 2163 1877 cophanta:
2207 1815 2258 1862 et
2305 1808 2422 1862 falsi
2459 1815 2620 1862 testes
2647 1810 2870 1872 instant,
2902 1808 2992 1876 qui
3016 1810 3197 1862 omnia
3239 1806 3418 1862 hostili

1890 1914 2033 1952 more
2065 1914 2270 1952 mecum
2305 1909 2484 1967 agunt.
2514 1898 2664 1952 Tunc
2694 1914 2853 1968 porro
2889 1900 2988 1953 sibi
3020 1915 3143 1953 vere
3170 1900 3428 1952 mentitur

1888 1987 2162 2055 iniquitas,
2195 1987 2408 2056 quando
2440 2002 2528 2041 res
2562 1987 2660 2055 ipsi
2707 2003 2814 2041 non
2858 1989 2988 2041 bene
3012 1989 3224 2052 cedunt,
3252 2003 3425 2056 neque

1891 2077 2024 2129 falsa
2054 2077 2361 2130 testimonia
2390 2079 2700 2147 praevalent.

1960 2165 2121 2219 Vens.
2155 2167 2242 2220 1'5.
2284 2165 2447 2220 Credo
2477 2166 2642 2220 uidere
2679 2167 2811 2219 bona
2842 2165 3050 2218 Domini
3083 2167 3134 2219 in
3177 2177 3312 2219 terra
3351 2168 3426 2219 ui-

1892 2257 2132 2308 uentium.
2167 2255 2302 2308 Num
2347 2256 2410 2309 ad
2441 2256 2769 2324 superiorem
2801 2255 3210 2324 postulationem
3240 2256 3428 2310 remit:

1892 2347 1974 2407 tit,
2007 2361 2066 2398 ac
2113 2347 2252 2399 bona
2299 2345 2505 2399 Domini
2549 2347 2744 2400 vocitat
2773 2346 2976 2398 vultum
3020 2344 3230 2399 Domini
3261 2359 3428 2413 supra

1894 2441 2261 2495 memoratum,
2295 2434 2361 2487 de
2407 2449 2512 2502 quo
2563 2434 2678 2486 ait:
2723 2434 2929 2486 Vultum
2973 2443 3151 2496 tuum,
3185 2433 3422 2495 Domine.

1895 2524 2168 2590 requiram.
2199 2519 2278 2574 Ne
2303 2531 2503 2574 avertas
2534 2522 2716 2590 facient
2747 2532 2889 2574 tuam
2912 2539 2944 2575 a
2976 2522 3090 2574 me?
3126 2521 3304 2586 Quare
3339 2538 3426 2576 se—

1894 2612 2124 2664 cundum
2171 2611 2416 2679 Aquilam
2462 2610 2657 2664 dicitur
2685 2629 2698 2663 :
2731 2609 2938 2664 Credidi
2992 2627 3070 2663 me
3118 2611 3429 2664 visurum-la

1897 2697 2024 2750 bono
2051 2695 2293 2758 Domini;
2324 2697 2613 2751 secundum
2639 2712 2764 2750 vero
2795 2697 3171 2767 Symmachum
3201 2716 3212 2750 :
3242 2696 3430 2751 Crede-

1897 2788 2012 2840 bam
2043 2787 2209 2840 videre
2255 2787 2529 2840 bonitatem
2580 2788 2804 2841 Domini.
2841 2786 2944 2841 Sed
2986 2789 3185 2842 videbit
3216 2788 3430 2841 Domini

1903 2891 2104 2943 vultum
2146 2899 2199 2942 et
2232 2889 2366 2942 bona
2411 2887 2648 2951 Domini,
2677 2902 2781 2940 non
2827 2887 2879 2939 in
2917 2895 3122 2940 terreno
3149 2885 3297 2946 loco,
3329 2885 3422 2938 sed

1904 2993 2074 3047 neque
2115 2978 2165 3030 in
2207 2989 2535 3030 mortuorum
2569 2978 2798 3046 regione,
2831 2977 2921 3030 sed
2965 2977 3016 3029 in
3058 2986 3196 3029 terra
3239 2977 3420 3029 viven-

1902 3068 2035 3120 tium
2064 3105 2078 3130 ,
2128 3082 2285 3134 quam
2333 3068 2598 3135 pollicitus
2652 3077 2732 3121 est
2781 3066 3022 3120 Salvator
3067 3066 3149 3119 his
3198 3065 3418 3125 verbis;

1905 3155 2049 3209 Beati
2079 3158 2246 3222 mites,
2279 3157 2517 3224 quoniam
2549 3157 2644 3224 ipsi
2671 3156 2998 3222 possidebunt
3029 3164 3216 3208 terram
3235 3155 3302 3212 ⁸².

2347 3339 2471 3392 IPSI
2506 3337 2706 3392 DAV’ID
2765 3337 2973 3391 XXVII.

1970 3430 2128 3486 Vens.
2165 3433 2214 3496 1,
2238 3431 2290 3484 2.
2333 3430 2411 3482 Ad
2447 3439 2512 3493 te,
2536 3429 2767 3489 Domine,
2811 3426 3067 3489 clamabo,
3104 3424 3242 3478 Deus
3267 3442 3425 3489 meus,

1904 3539 1964 3574 ne
1991 3521 2143 3574 sileas
2169 3539 2198 3572 a
2228 3537 2324 3582 me,
2350 3536 2410 3573 ne
2429 3519 2633 3588 quando
2662 3528 2831 3571 taceas
2862 3535 2893 3569 α
2918 3535 3015 3580 me,
3030 3527 3076 3570 et
3104 3516 3433 3570 assimilabor

1903 3606 2315 3660 descendentibus
2340 3608 2393 3658 in
2417 3607 2606 3657 lacum.
2641 3605 2832 3658 Eorum
2864 3619 2980 3674 quae
3025 3605 3268 3671 superius
3297 3603 3434 3656 dixi-

1904 3714 2021 3752 mus
2066 3698 2130 3751 de
2179 3699 2397 3767 psalmis
2420 3697 2508 3765 qui
2550 3696 2664 3750 sine
2689 3696 3051 3748 additamento
3084 3694 3294 3758 Davidi,
3323 3694 3436 3748 sive

1904 3781 2117 3835 Davidis
2157 3783 2541 3846 inscribuntur,
2569 3797 2673 3835 non
2708 3783 3066 3844 immemores,
3096 3783 3198 3836 illis
3230 3784 3280 3836 in
3303 3798 3437 3851 pra:-

1903 3872 2036 3924 senti
2065 3872 2426 3936 traditionem,
2464 3887 2581 3941 qua:
2616 3871 2680 3925 ad
2719 3887 2817 3925 nos
2851 3887 3021 3940 usque
3048 3872 3308 3940 pervenit,
3341 3871 3436 3924 ad-

1899 3962 2266 4031 jiciemns(l).
2298 3962 2386 4016 Sic
2434 3964 2582 4016 aiunt
2625 3964 2802 4032 itaque
2852 3961 3054 4016 Hebraei
3101 3963 3166 4016 de
3216 3964 3433 4030 psalmis

1903 4051 1991 4119 qui
2027 4052 2182 4105 talem
2205 4051 2489 4120 praeferunt
2517 4051 2915 4120 inscriptionem
2938 4091 2950 4113 ,
2980 4060 3226 4121 Oportere
3250 4052 3313 4104 ad
3341 4068 3433 4105 su-

1904 4143 2142 4210 periores
2175 4157 2470 4204 recurrere,
2509 4150 2667 4211 atque
2717 4144 3018 4202 observare,
3045 4143 3261 4211 quinam
3297 4153 3436 4197 esset

1904 4231 2140 4298 psalmus
2171 4231 2259 4299 qui
2292 4231 2501 4300 praeiret
2531 4232 2651 4286 aliis
2673 4231 3146 4301 subsequentibus,
3179 4231 3289 4284 sive
3313 4231 3435 4283 nul-

1905 4319 2008 4372 lam
2049 4335 2268 4388 prorsus
2313 4321 2712 4390 inscriptionem
2755 4321 3065 4384 ferentibus,
3104 4322 3215 4376 sive
3250 4319 3437 4372 Daridi

1904 4409 2174 4475 inscriptis
2190 4448 2204 4472 ,
2229 4420 2384 4478 atque
2405 4423 2618 4479 accepta
2642 4413 2707 4463 ab
2727 4412 2817 4464 illo
2839 4411 3042 4479 psalmo
3069 4410 3435 4478 inscriptione,

241 4505 426 4565 δόντες
455 4502 519 4564 ἐξ
551 4498 768 4550 ἐκείνου
806 4495 904 4562 τὴν
941 4491 1273 4562 προγραφὴν,
1315 4489 1634 4560 ἐφαρμόζειν
1673 4493 1799 4561 αὐτῇ

1909 4501 2224 4554 sententiam
2257 4502 2695 4568 subsequentium
2726 4501 3051 4569 psalmorum
3088 4502 3188 4570 ipsi
3223 4515 3437 4554 accom-

250 4591 343 4645 καὶ
361 4591 468 4641 τῶν
494 4587 642 4658 μετὰ
664 4583 834 4635 ταῦτα
857 4581 1206 4650 συνημμένων
1229 4579 1324 4648 τὴν
1347 4579 1596 4634 διάνοιαν.
1631 4580 1685 4630 '0
1712 4580 1806 4648 μὲν

254 4674 344 4732 οὖν
372 4679 505 4747 μετὰ
537 4678 758 4747 χεῖρας,
781 4671 862 4733 κζ’
883 4669 976 4729 ὢν,
1005 4669 1202 4738 ταύτην
1224 4669 1333 4737 ἕχει
1356 4668 1449 4737 τὴν
1475 4669 1807 4739 προγραφὴν,

255 4769 346 4820 καὶ
377 4769 404 4818 6
437 4775 528 4830 κς¹
557 4765 659 4817 καὶ
691 4764 720 4813 ό
757 4767 834 4814 κε’
866 4759 959 4811 καὶ
992 4761 1018 4810 ό
1045 4757 1148 4810 κδ’·
1180 4759 1289 4811 ἀλλ’
1322 4760 1348 4810 ό
1376 4765 1458 4825 κγ’
1481 4760 1712 4826 ψαλμὸς
1743 4755 1812 4830 ἦν

255 4853 332 4919 τῷ
351 4855 554 4915 Δαυῒδ,
608 4850 817 4919 ὁμοίως
855 4849 912 4899 δὲ
953 4849 1041 4898 καὶ
1084 4849 1110 4897 ό
1151 4847 1250 4899 κδ’.
1299 4847 1502 4899 Οὐκοῦν
1533 4848 1814 4900 ἀκόλουθόν

250 4947 382 5007 ἐστι,
414 4943 563 4996 κατὰ
583 4943 684 5011 τὴν
719 4937 1014 5006 Ἐϐραῖκὴν
1035 4938 1342 5008 παράδοσιν,
1369 4937 1595 4999 καὶτοὺς
1619 4937 1808 5008 ἐφεξῆς

250 5036 453 5096 πάντας
483 5032 745 5101 ψαλμοὺς
770 5025 915 5079 εἶναι
945 5027 1350 5097 ὑπολαμϐάνειν,
1384 5027 1477 5089 ὼς,
1519 5029 1653 5081 κατά
1692 5029 1808 5081 τοῦ,

253 5138 333 5172 τον
364 5123 456 5173 τὸν
486 5120 673 5184 λόγον,
717 5115 816 5167 καὶ
864 5114 956 5164 τὸν
1001 5114 1130 5181 μετὰ
1168 5118 1346 5182 χεῖρας
1393 5115 1629 5182 ἡγεῖσθαι
1678 5113 1808 5168 εἶναι

257 5210 476 5279 ψαλμὸν,
512 5207 851 5276 περιέχοντα
891 5201 1088 5270 δέησιν.

317 5300 482 5350 Τοῦτο
521 5296 636 5364 γὰρ
680 5291 1019 5360 παρίστησιν
1061 5291 1216 5351 αὐτὸς
1257 5290 1452 5358 προῖὼν
1493 5295 1580 5344 καὶ
1619 5294 1804 5362 λέγων·

256 5388 634 5440 Εὶσάκουσον
667 5378 779 5444 τῆς
824 5376 1032 5443 φωνῆς
1075 5378 1180 5444 τῆς
1225 5377 1478 5440 ὃεήσεώς
1504 5399 1615 5448 μευ
1645 5384 1710 5435 ἐν
1738 5387 1814 5452 τῷ

317 5541 360 5570 ⁸⁸
401 5535 595 5589 Matth.
627 5548 680 5593 v,
719 5530 779 5581 4.

1908 4589 2111 4642 modari
2143 4598 2406 4658 oportere.
2439 4589 2679 4643 Praesens
2706 4591 2884 4660 itaque
2915 4592 3149 4659 psahnus
3177 4590 3264 4658 qui
3295 4604 3439 4642 χχιιι

1908 4683 2010 4738 est,
2043 4677 2196 4730 istam
2243 4677 2400 4730 habet
2444 4677 2866 4744 inscriptionem,
2919 4679 3220 4745 pariterque
3275 4693 3396 4730 xxv:
3425 4718 3439 4740 ,

1910 4779 2011 4816 xxv
2039 4772 2092 4817 et
2121 4780 2246 4816 xxw
2279 4784 2290 4818 :
2325 4766 2415 4818 sed
2450 4781 2577 4817 xxln
2610 4765 2843 4833 psalmus
2873 4774 2987 4818 erat
3021 4764 3209 4817 Daridi
3253 4764 3444 4818 inscri-

1913 4859 2054 4924 ptus.
2087 4854 2437 4923 similiterque
2462 4871 2598 4917 χχιι,
2629 4856 2767 4908 unde
2804 4855 3096 4910 secundum
3127 4853 3441 4908 Hebraicam

1911 4941 2247 4994 traditionem
2298 4956 2629 5010 consequens
2675 4950 2786 5004 est,
2837 4942 3070 5010 reliquos
3117 4957 3300 4997 omnes
3348 4958 3442 5011 pro

1911 5032 2132 5100 psalmis
2180 5030 2244 5083 ad
2300 5029 2537 5084 eamdem
2568 5031 2825 5084 ratimem
2863 5029 3183 5098 reputandos
3215 5045 3351 5091 esse,
3383 5047 3445 5084 ac

1915 5129 2226 5189 praesentem
2257 5121 2502 5174 similiter
2530 5123 2791 5190 psalmum
2839 5121 3257 5190 supplicationes
3300 5137 3446 5175 com-

1913 5211 2251 5279 plectcutem.

1983 5301 2117 5354 Illud
2159 5318 2253 5370 per
2298 5317 2355 5354 se
2402 5301 2634 5354 declarat
2668 5303 2746 5355 vel
2787 5302 2898 5369 ipse
2942 5304 3201 5370 psalmus,
3232 5302 3356 5355 dum
3393 5303 3445 5354 in

1917 5391 2258 5459 sequentibus
2289 5390 2366 5443 sic
2394 5389 2550 5443 habet
2577 5408 2591 5442 :
2620 5389 2827 5444 Exaudi
2863 5409 3031 5446 vocem
3076 5392 3448 5457 deprecationis

315 5692 387 5756 (Ι)
429 5690 482 5740 1η
502 5675 1082 5763 opuscglqlqt'igcnis
1107 5699 1135 5734 a
1161 5682 1310 5740 nobis
1334 5684 1631 5750 propediem
1655 5689 1881 5760 edendo,
1917 5693 2056 5763 quod
2123 5691 2187 5746 ab
2217 5689 2537 5759 Hieronymo
2573 5692 2842 5759 laudatur,
2881 5695 2993 5749 haec
3036 5691 3149 5759 ipsa
3201 5688 3448 5744 Hebraea

259 5747 618 5811 ruin'lraditio
649 5747 913 5798 alTertur.
