3782 6326
78 421 156 476 εις,
1305 410 1790 468 connexum
1827 413 1891 466 IN
1929 412 2258 469 PSALMOS.

3235 423 3336 480 250

81 533 164 584 καὶ
223 497 554 568 ἐϐοηθήθην-
583 497 696 590 ,Καὶ
727 498 1062 562 ἀνέθαλεν
1102 516 1148 583 ή
1185 521 1348 588 σάρξ
1369 539 1504 590 μου,
1533 520 1625 574 καί
1645 521 1691 572 ἐι

1813 530 1892 575 tus
1929 538 2063 575 sum.
2104 520 2171 574 Et
2202 521 2434 587 reﬂoruit
2463 539 2585 577 caro
2616 543 2746 589 mea,
2777 536 2827 581 et
2849 544 2913 582 ea:
2941 530 3198 584 voluntate
3225 547 3334 586 mea

83 627 178 677 θελ
189 591 416 667 ἤματός
434 607 544 657 μου
568 588 1142 668 ἐξομολογήσομαι
1173 609 1356 674 αὐτῷ,
1372 588 1449 662 "o
1479 609 1702 678 ἀψευδὴς

85 713 271 764 θεδςη
309 680 638 770 πιστορμνοῖ
687 681 894 735 ἑαυτοῦ
953 688 1075 754 τὰς
1132 681 1492 770 ὑποσχέσεις,
1537 699 1602 751 δι’
1632 693 1703 750 ὧν

92 771 426 866 ὲπίῖταίελτιιι
455 769 641 866 λέγων·
673 771 803 866 ίΈτι
843 777 1232 852 λαλοῦντός
1257 769 1370 841 σου
1394 786 1518 855 ἐρῶ·
1556 787 1704 840 Ἰδοὺ

93 860 360 951 mit-95W"
389 860 457 922 ὼς
481 860 641 951 ὲγγῷς
672 860 853 926 ἑστὼς
885 867 1010 921 τῶν
1044 874 1319 946 καθαρῶς
1346 877 1499 929 αὐτὸν
1519 878 1704 928 ἐπικα-

96 949 409 1039 λνᾲμένωνν
444 950 526 1004 καὶ
563 949 639 1013 ὡς
679 953 744 1004 0'5
785 955 998 1026 πόῤῥω
1041 967 1334 1035 τυγχάνων
1356 967 1446 1018 τοῦ
1472 965 1538 1016 τὰ
1567 983 1704 1036 πρα-

100 1057 318 1125 Ὶβένρτα
361 1040 762 1114 [προλεχθὲνταἸ
827 1045 1174 1117 δεηθέντος,
1235 1057 1463 1126 ἐπήκοον
1521 1055 1704 1108 ἑαυτὸν

118 1136 365 1214 παρέσχε
393 1134 497 1194 ταῖς
537 1132 977 1204 προλεχθεξσαις
1015 1144 1340 1214 ἱκετηρίαις.
1385 1140 1493 1196 Εἶθ’
1523 1144 1703 1212 ὥσπερ

137 1227 351 1302 σημεῖον
390 1223 559 1276 δίδωσι
607 1225 702 1279 διὰ
752 1227 852 1280 τοῦ
906 1234 1258 1304 προφητικοῦ
1300 1234 1597 1303 πνεύματος
1636 1237 1698 1302 τῇ

149 1326 240 1374 τοῦ
260 1317 509 1387 δεηθέντος
526 1317 699 1388 ψυχῇ,
735 1321 876 1391 περὶ
914 1323 1015 1375 τοῦ
1049 1323 1393 1393 είσηκοῦσθαι
1421 1323 1604 1392 αὑτήν.
1640 1322 1703 1374 Ἦ

167 1409 242 1471 δε,
286 1407 674 1478 συναισθομένη,
729 1412 1072 1479 μεταϐάλλει
1127 1413 1223 1483 μὲν
1267 1412 1363 1474 τὰς
1408 1411 1702 1482 ἱκετηρίους

165 1502 329 1568 φωνὰς
366 1501 439 1562 είς
474 1499 854 1572 εὐχαριστίαν,
904 1503 1204 1570 ἐγνωκέναι
1245 1501 1298 1554 δὲ
1336 1501 1578 1570 ὁμολογεῖ
1605 1501 1702 1572 τὴν

158 1588 431 1657 γενομένην
473 1588 613 1658 αὐτῇ
664 1589 1015 1659 εὐεργεσίανσ
1051 1590 1130 1642 διό
1162 1606 1336 1660 φησιν·
1365 1589 1700 1658 Εὐλογητὸς

151 1679 367 1744 Κύριος,
409 1677 496 1729 ὅτι
529 1677 868 1745 είσήκουσε
910 1677 1023 1746 τῆς
1060 1677 1258 1747 φωνῆς
1299 1678 1406 1747 τῆς
1444 1679 1700 1744 δεήσεως

142 1784 273 1834 μυυ·
320 1769 532 1834 Κύριος
582 1770 820 1835 βοηθός
838 1787 960 1837 μου
1009 1771 1104 1822 καί
1150 1769 1528 1835 ὑπασπιστής
1560 1787 1696 1838 μου,

1803 610 2080 678 conﬁtebor
2121 611 2188 663 ei.
2239 608 2378 663 Deus
2419 613 2682 666 mendacii
2726 631 2936 685 expers,
2974 626 3032 671 ut
3072 620 3335 687 promissa

1804 712 1899 750 sua
1920 699 2196 752 conﬁrmet
2213 697 2298 750 his
2318 699 2496 754 verbis
2519 716 2794 769 expressa,
2828 705 3006 758 Adhuc
3029 716 3074 760 te
3104 707 3336 776 loquente

1802 784 1996 840 dicam:
2027 784 2157 838 Ecce
2185 785 2367 838 adsum
2397 787 2466 851 '°,
2496 795 2676 856 utpote
2697 791 2786 858 qui
2817 807 2978 862 prope
2999 794 3069 847 sit
3091 796 3335 850 omnibus

1802 874 1894 940 qui
1917 887 1972 926 se
1998 889 2132 941 puro
2154 873 2314 928 corde
2338 875 2611 940 invocant,
2639 885 2692 930 et
2711 893 2818 931 non
2847 883 3034 948 procul
3058 883 3128 936 sit
3156 898 3220 936 eo
3240 885 3331 951 qui

1803 978 1963 1030 supra
1995 963 2136 1018 dicto
2170 967 2274 1017 ritu
2307 966 2602 1034 supplicat;
2627 969 2916 1035 przemissis
2947 972 3332 1040 deprecationi-

1801 1053 1901 1108 bus
1949 1069 2006 1108 se
2051 1056 2350 1124 pr0pitium.
2393 1057 2652 1109 exhibuit.
2685 1057 2884 1114 Deinde
2927 1077 3054 1115 vero
3085 1078 3178 1130 per
3201 1079 3328 1132 pro-

1800 1142 2065 1210 pheticum
2113 1145 2366 1212 spiritum.
2408 1147 2731 1215 supplicanti
2773 1148 2962 1202 animae
2993 1164 3088 1203 ceu
3121 1151 3328 1220 signum

1800 1231 1912 1295 dat,
1940 1248 2045 1301 quo
2075 1248 2133 1287 se
2161 1234 2464 1288 exauditam
2494 1236 2662 1290 fuisse
2693 1239 2917 1293 noverit.
2951 1237 3042 1291 Illa
3071 1255 3196 1294 vero
3217 1241 3328 1295 haec

1801 1321 2251 1388 animadvertens,
2282 1324 2547 1392 supplices
2575 1339 2732 1378 voces
2761 1325 2814 1378 in
2839 1326 3128 1394 gratiarum
3161 1330 3326 1382 actio-

1799 1425 1919 1462 nem
1948 1411 2230 1474 convertit,
2273 1426 2335 1464 ac
2381 1413 2696 1467 beneﬁcium
2749 1413 2850 1468 sibi
2882 1415 3132 1468 collatum
3166 1431 3322 1486 agno-

1799 1513 1948 1552 scere
1973 1513 2029 1552 se
2051 1499 2352 1552 conﬁtetur.
2384 1499 2738 1565 Quamobrem
2771 1502 2866 1564 ait,
2893 1501 3198 1556 Benedictus
3220 1505 3325 1560 Do-

1799 1587 1990 1652 minus,
2036 1588 2278 1656 quoniam
2308 1589 2568 1642 exaudivit
2601 1605 2766 1642 vocem
2783 1589 3148 1658 deprecationis
3183 1609 3324 1648 mete.

1799 1676 2048 1730 Dominus
2096 1677 2306 1746 adjutor
2335 1693 2476 1730 meus
2526 1688 2573 1732 et
2616 1687 2874 1745 protector
2915 1696 3054 1733 meus
3087 1695 3104 1731 :
3135 1681 3189 1732 in
3220 1682 3327 1748 ipso

1799 1770 2016 1834 sperauit
2051 1784 2139 1820 cor
2167 1785 2353 1829 meum,
2383 1777 2431 1821 et
2457 1769 2667 1836 adjutus
2707 1786 2839 1822 sum.
2878 1767 3149 1824 Sentiebat
3185 1773 3325 1825 enim

137 1856 231 1908 ἐπ’
263 1855 420 1924 αὐτῷ
469 1857 748 1924 ἤλπισεν
800 1861 840 1926 ἡ
899 1859 1113 1925 καρδία
1151 1876 1291 1926 μου,
1329 1859 1424 1910 καὶ
1459 1857 1691 1925 ἐϐοηθή-

1796 1856 2064 1910 dexteram
2097 1855 2186 1911 Dei
2212 1865 2508 1925 porrectam
2537 1859 2658 1922 sibi,
2681 1859 2976 1927 patrocinio
3008 1875 3148 1923 esse,
3179 1867 3236 1913 ut
3263 1874 3326 1914 ne

133 1948 258 2009 θην.
293 1945 604 2016 Συνῄσθετο
633 1947 743 2018 γὰρ
776 1947 876 2016 τῆς
909 1946 1084 2011 δεξιᾶς
1111 1945 1202 1997 τοῦ
1226 1945 1354 1998 Θεοῦ
1385 1947 1695 2018 ὲκταθείσης

128 2033 319 2104 μέχρις
352 2034 528 2103 αὐτῆς
562 2036 660 2087 καὶ
699 2035 1236 2104 ἀντιλαμϐανομένης
1275 2035 1438 2104 αὐτῆς
1471 2036 1602 2105 πρὸς
1638 2037 1697 2088 τὸ

127 2122 203 2192 μὴ
243 2123 690 2194 καθελκυσθῆναι
740 2126 822 2186 είς
869 2123 961 2175 τὸν
1001 2124 1303 2192 δηλωθέντα
1341 2123 1554 2178 λάκκον.
1611 2125 1697 2189 Ἐξ

122 2212 581 2283 ὑπερϐαλλούσης
624 2214 684 2266 δὲ
729 2216 905 2284 χαρᾶς
947 2215 975 2266 6
1011 2214 1288 2283 προφήτης
1317 2214 1374 2265 οὐ
1405 2215 1497 2284 τὴν
1525 2215 1694 2284 ψυχὴν

123 2302 305 2369 μόνον,
339 2303 480 2356 ἀλλὰ
511 2306 612 2356 καὶ
636 2305 738 2374 τὴν
757 2304 933 2373 σάρκα
955 2303 1116 2356 αὐτοῦ
1146 2304 1276 2371 φησὶ
1298 2304 1580 2372 γεγηθέναι
1603 2303 1695 2356 καὶ

120 2393 464 2448 Μνεῶώαι
496 2394 590 2446 διὰ
618 2395 721 2464 τὴν
755 2394 847 2446 καὶ
886 2392 1033 2462 αὐτῷ
1059 2391 1264 2462 σώματι
1294 2393 1695 2462 ἐπηγγελμένην

122 2483 329 2554 άγαθὴν
366 2485 569 2538 ἐλπίδα
604 2484 750 2537 κατὰ
779 2483 875 2553 τὴν
901 2482 1008 2534 τῶν
1042 2482 1246 2553 νεκρῶν
1283 2482 1588 2535 ἀνάστασιν·
1617 2481 1694 2534 διὸ

123 2573 379 2641 ἐπιλέγει·
419 2575 534 2627 Kal
602 2573 903 2628 ἁνέθαλεν
927 2573 965 2638 ἡ
992 2571 1146 2638 σάρξ
1173 2588 1320 2639 μουσ
1361 2566 1440 2633 οἷς
1475 2573 1694 2623 ἐπισυν-

122 2658 298 2713 inter
319 2663 426 2715 Kal
444 2663 515 2714 ἐκ
531 2661 991 2728 θελήματόςμου
1001 2658 1493 2726 ἐξομολογήσομαι
1518 2657 1691 2722 αὐτῷ·

125 2750 259 2821 ὅπερ
277 2754 464 2822 ὅμοιον
492 2749 637 2804 εἷναί
659 2769 750 2820 μοι
767 2751 914 2803 δοκεῖ
937 2749 1033 2818 τῷο
1075 2749 1384 2812 Ἑκουσίως
1401 2750 1559 2800 θύσω
1575 2762 1689 2800 σοι.

132 2839 276 2893 Ἀντί
315 2843 375 2894 δὲ
417 2841 539 2905 τοῦ,
589 2840 691 2894 καὶ
732 2839 1024 2892 ἀνέϐαλον
1066 2839 1104 2906 ἡ
1150 2836 1304 2903 σάρξ
1353 2853 1490 2904 μου,
1528 2837 1556 2889 6
1595 2837 1704 2904 μὲν·

125 2927 439 3001 Σύμμαχος,
508 2933 798 2996 ἄνθησαι,
848 2930 1029 2998 φησὶν,
1075 2929 1112 2994 ἡ
1155 2927 1360 2994 καρδία
1403 2941 1546 2993 μου·
1577 2927 1604 2978 6
1633 2925 1690 2979 δὲ

132 3015 377 3084 Ἀκύλας,
414 3019 820 3091 ἐταυριάσατο
851 3021 888 3085 ή
930 3018 1144 3085 καρδία·
1190 3033 1339 3084 μουο
1367 3017 1395 3066 ὁ
1420 3015 1475 3067 δὲ
1505 3015 1689 3068 Θεοδο-

129 3105 280 3174 tim,
307 3113 410 3166 καὶ
457 3111 763 3165 ἀνέθαλεν
801 3111 840 3176 ὴ
887 3108 1096 3175 καρδία
1130 3123 1278 3175 μου·
1313 3108 1346 3176 ἡ
1379 3106 1435 3158 δὲ
1467 3105 1698 3175 πέμπτη.

1796 1946 1849 2000 in
1879 1953 2226 2000 memoratum
2254 1948 2425 2000 lacum
2452 1946 2843 2000 detruderetur.
2870 1947 2941 2000 Ex
2967 1949 3145 2016 gaudii
3167 1964 3327 2018 porro

1796 2035 2123 2089 vehementia
2140 2034 2403 2102 Propheta
2425 2051 2530 2089 non
2553 2037 2780 2089 animam
2801 2044 3028 2103 tantum,
3054 2037 3145 2091 sed
3166 2039 3324 2092 etiam

1793 2137 2004 2175 carnem
2035 2137 2184 2176 suam
2214 2125 2449 2191 gavisam
2488 2132 2542 2178 et
2570 2131 2875 2177 renovatam
2916 2140 3036 2180 esse
3072 2127 3324 2182 testifica-

1793 2223 1900 2275 tur,
1931 2213 2000 2266 ob
2036 2228 2184 2281 spem
2223 2213 2367 2265 illam
2408 2214 2600 2268 bonam
2633 2214 2713 2267 vel
2761 2214 2860 2282 ipsi
2909 2216 3120 2284 corpori
3155 2216 3209 2269 in
3239 2231 3321 2270 re-

1793 2304 2126 2356 surrectione
2177 2311 2508 2356 mortuorum
2562 2303 2761 2358 factam
2787 2321 2802 2369 ;
2833 2320 2999 2373 quare
3028 2305 3230 2366 subdit,
3270 2317 3322 2360 et

1791 2392 2022 2458 reﬂoruit
2057 2408 2177 2444 raro
2206 2410 2316 2446 mea
2346 2409 2363 2445 :
2397 2394 2588 2462 quibus
2621 2403 2673 2449 et
2696 2394 2960 2462 adjunxit,
2981 2404 3031 2448 et
3052 2411 3116 2449 ea:
3142 2396 3322 2448 volun-

1793 2491 1895 2534 tate
1929 2499 2038 2536 mea
2075 2483 2352 2551 conﬁtebor
2383 2484 2450 2537 ei.
2487 2483 2640 2548 Quod
2684 2485 2813 2538 mihi
2862 2501 3114 2554 perquam
3149 2487 3322 2541 simile

1791 2571 2001 2623 videtur
2037 2571 2208 2625 huic:
2249 2572 2547 2626 Voluntaria
2593 2573 2898 2642 sacrificabo
2951 2575 3042 2626 tibi
3061 2575 3127 2628 ³⁷.
3181 2575 3322 2630 Loco

1791 2670 1968 2714 autem
2001 2659 2128 2715 dicti
2169 2663 2334 2726 illius,
2383 2672 2429 2715 et
2465 2664 2697 2731 reﬂoruit
2742 2681 2876 2716 caro-
2910 2681 3040 2730 mea,
3082 2665 3322 2738 Symma-

1789 2751 1943 2813 chus,
1971 2752 2238 2820 e/ﬂoresce,
2267 2752 2459 2822 inquit,
2491 2770 2579 2807 cor
2603 2770 2796 2818 meum;
2821 2756 3006 2824 Aquila
3041 2770 3186 2820 vero,
3210 2754 3321 2824 glo-

1789 2841 1980 2893 riatum
2000 2851 2075 2894 est
2123 2858 2210 2894 cor
2260 2859 2454 2905 meum;
2505 2842 2818 2907 Theodmio,
2859 2854 2907 2896 et
2949 2844 3180 2912 reﬂoruit
3228 2861 3317 2896 cor

1789 2947 1990 2992 meum;
2020 2931 2205 2999 quinta
2238 2931 2420 2994 editio,
2445 2932 2744 2986 roboratam
2767 2943 2841 2986 est
2862 2950 2950 2986 cor
2973 2950 3157 2986 meum.
3186 2933 3320 2986 Rur-

1788 3034 2012 3088 sumque
2041 3020 2184 3074 illius
2214 3021 2349 3084 loco,
2389 3038 2452 3074 ex
2482 3022 2740 3075 voluntate
2780 3039 2890 3075 mea
2928 3022 3204 3091 conﬁtebor
3230 3023 3311 3086 ei,

1790 3107 2160 3177 Symmachus,
2195 3111 2249 3162 in
2276 3112 2492 3163 canticis
2526 3113 2648 3164 meis
2680 3111 2942 3165 celebrabo
2973 3115 3160 3180 ipsum,
3200 3113 3315 3165 edi—

125 3169 344 3266 ἐκὸοέις,
387 3203 731 3270 ἐκρατύνθη
787 3169 838 3266 ἡ.
858 3169 1065 3265 καρδία
1085 3169 1224 3265 μου.
1253 3169 1362 3248 καὶ
1392 3169 1552 3248 πάλιν
1573 3169 1689 3248 ἀντι

1793 3169 1898 3261 dit;
1927 3197 2118 3264 Aquila
2151 3213 2295 3260 vero,
2328 3207 2376 3250 et
2407 3215 2438 3250 a
2462 3202 2663 3251 cantico
2701 3215 2808 3252 meo
2837 3200 3117 3268 conﬁtebor
3143 3201 3208 3252 ei.

124 3287 230 3349 τοῦ,
278 3295 350 3347 ἐκ
394 3293 742 3361 θελήματός
778 3309 895 3359 μου
933 3287 1442 3358 ἐξομολογήσομαι
1506 3288 1680 3353 αὐτῷ,
1736 3289 1764 3340 6
1799 3291 1894 3358 μὲν
1922 3291 2225 3359 Σύμμαχοςο
2257 3290 2362 3344 Kal
2390 3292 2459 3342 ἐν
2490 3292 2662 3356 ᾠδαῖς
2696 3309 2813 3359 μου
2837 3293 3082 3360 ὑμνήσω
3111 3293 3313 3356 αὐτὸν,

120 3375 402 3438 ὲεῗέδωκενο
431 3386 461 3436 ὀ
485 3385 545 3436 δὲ
590 3381 824 3444 Ἀκύλας
839 3392 867 3443 ,.'
877 3382 973 3435 καί
999 3379 1115 3434 ἀπὸ
1144 3379 1402 3445 ᾅσματές
1421 3396 1536 3446 μου
1559 3379 2058 3449 ἐξομολογήσομαι
2086 3379 2258 3443 αὐτῷ.

177 3471 404 3541 Κύριος
441 3473 790 3541 κραταίωμα
821 3471 925 3524 τοῦ
961 3468 1113 3523 λαοῦ
1144 3470 1346 3532 αὐτοῦ,
1378 3469 1476 3520 καὶ
1511 3471 1686 3534 ὑπερ-

115 3565 426 3632 ασπιστὴς
446 3564 572 3617 τῶν
599 3563 906 3629 σωτηρίων
931 3564 1033 3615 τοῦ
1062 3561 1312 3628 Χριστοῦ
1339 3561 1519 3613 αὐτοῦ
1537 3561 1683 3613 ἐστι.

116 3645 310 3719 Σαφῶς
337 3653 435 3710 οὖν
458 3659 520 3708 ὲν
545 3654 766 3714 τούτοις
784 3653 875 3704 τοῦ
905 3653 1135 3723 Χριστοῦ
1169 3652 1262 3704 καὶ
1285 3651 1389 3702 τῶν
1419 3651 1507 3703 ὑπ’
1527 3651 1686 3703 αὑτοῦ

118 3741 445 3818 σωζομένων
478 3743 894 3814 ἐμνημόνευσεν
923 3745 954 3812 ὴ
987 3741 1305 3812 προφητεία,
1339 3741 1604 3811 εὐκαίρως
1630 3740 1687 3803 ἐξ

116 3823 231 3892 ἑν’δς
255 3838 354 3890 τοῦ
385 3836 554 3889 Δαυῖδ
586 3834 717 3895 τοὺς
747 3832 952 3894 πάντας
991 3830 1451 3902 χαρακτηρίσασα.
1483 3831 1686 3900 Ὥσπερ

113 3913 242 3987 γάρ,
283 3929 474 3996 φησὶν,
516 3928 732 3978 ἐκεῖνον
763 3921 1016 3990 δεηθέντα
1041 3921 1259 3982 ἔσωσεν,
1286 3919 1472 3982 οὕτως,
1506 3906 1684 3988 φησὶν,

114 4007 202 4058 καὶ
235 4018 442 4080 παντὸς
467 4016 570 4068 τοῦ
609 4014 744 4066 ἰδίου
774 4011 904 4064 λαοῦ
933 4010 1253 4081 κραταίωμα
1275 4009 1441 4060 ἔσται.

174 4097 400 4158 Σῶσον
426 4105 538 4158 τὸν
570 4105 730 4156 λαόν
757 4117 891 4162 σου,
923 4100 1018 4152 καὶ
1046 4099 1380 4166 εὐλόγησωκ·
1408 4096 1520 4164 τὴν
1545 4101 1688 4164 κλη-

105 4191 122 4229 ‘
135 4193 401 4261 ονομίαν
421 4210 567 4254 σου,
593 4190 690 4242 καί
711 4189 814 4240 ποί
810 4203 1001 4255 μανον
1013 4186 1229 4249 αὐτοὺς
1243 4185 1337 4237 καί
1353 4185 1572 4252 ἔπειρον
1587 4187 1661 4238 αὐ
1671 4217 1696 4231 -

102 4271 255 4346 τοὺς
275 4283 387 4347 ἕως
403 4281 515 4334 τοῦ
541 4277 786 4341 αίῶνος.
808 4275 938 4326 Ποία
953 4275 1010 4328 δὲ
1025 4272 1114 4326 τοῦ
1132 4273 1364 4343 Χριστοῦ
1383 4275 1414 4343 ή
1438 4274 1534 4343 κλη
1545 4290 1688 4343 ρονο-

102 4356 208 4414 μίαν
257 4373 536 4424 δείκνυται
580 4371 642 4419 ἐν
675 4365 756 4434 τῷ
782 4365 1016 4434 δευτέρῳ
1029 4363 1254 4433 ψαλμῷ·
1289 4364 1536 4429 Αἵτησιιι
1560 4363 1684 4433 γὰρ,

94 4454 176 4513 φη
185 4461 296 4523 τὴν,
311 4463 411 4514 καὶ
431 4459 615 4512 δώσω
633 4471 735 4508 σοι
748 4454 890 4520 ἔθνη
907 4453 1018 4520 τὴν
1037 4454 1434 4521 κληρονομίαν
1453 4453 1687 4517 σου,καὶ

92 4534 233 4619 ῖδιν
252 4550 638 4619 κατάσχεσίν
669 4561 788 4598 σου
822 4545 892 4597 τὰ
923 4545 1145 4610 πέρατα
1164 4543 1271 4610 τῆς
1282 4543 1410 4611 τῆς.
1433 4544 1542 4595 Οὐκ
1555 4542 1618 4595 ἂν
1633 4543 1687 4593 δὲ

90 4615 382 4709 ἁμάρτοις
410 4615 507 4694 καὶ
542 4638 678 4698 τοὺς
712 4637 770 4686 ἐν
801 4633 880 4702 τῷ
910 4633 1153 4704 προτέρῳ
1181 4633 1292 4702 λαῷ
1321 4632 1576 4700 θεοφιλεῖς
1596 4633 1686 4684 καὶ

1858 3469 2018 3524 Vens.
2049 3469 2100 3523 8.
2135 3471 2380 3523 Dominus
2411 3469 2662 3538 fortitudo
2691 3471 2851 3538 plebis
2887 3488 3016 3534 sua,
3054 3485 3103 3525 et
3139 3485 3313 3541 prote'

1787 3569 1898 3612 ctor
1925 3560 2269 3613 salvationum
2306 3559 2500 3613 Christi
2527 3561 2610 3613 sui
2637 3571 2732 3613 est.
2761 3560 2858 3614 llic
2882 3573 3062 3630 apento
3087 3565 3314 3632 prophe-

1788 3651 1857 3702 tia
1889 3650 2159 3703 Christum
2188 3657 2240 3703 et
2275 3665 2367 3704 eos
2394 3650 2485 3718 qui
2515 3650 2662 3704 illius
2689 3665 2788 3718 ope
2817 3651 3045 3705 salutem
3073 3653 3315 3708 obtinent

1787 3742 2118 3802 memoravit,
2149 3749 2551 3810 opportuneque
2589 3756 2682 3810 per
2722 3741 3164 3796 unumDavidem
3195 3745 3315 3798 uni-

1785 3847 1970 3886 versos
2017 3832 2282 3899 exprimit.
2331 3831 2481 3884 Sicut
2517 3831 2678 3889 enim,
2720 3831 2911 3899 inquit,
2941 3832 3312 3900 deprecantem

1785 3925 1956 3990 ipsum
2003 3923 2251 3984 servavit,
2286 3921 2360 3973 ita
2397 3925 2558 3974 totius
2589 3921 2701 3973 sibi.
2724 3922 2919 3988 pr0prii
2949 3923 3130 3990 populi
3163 3923 3315 3977 forti-

1787 4013 1914 4065 tudo
1941 4011 2064 4066 erit.

1853 4101 2013 4157 Vens.
2045 4101 2094 4155 9.
2143 4099 2354 4155 Salvum
2397 4100 2480 4166 [ac
2525 4099 2765 4167 populum
2802 4109 2966 4160 tuum,
3018 4109 3074 4151 et.
3100 4100 3308 4154 benedio

1786 4190 2072 4240 Iiwreditati
2102 4193 2222 4249 ture,
2253 4198 2301 4240 et
2325 4203 2474 4256 pasce
2501 4204 2585 4240 eos
2618 4197 2666 4240 et
2689 4187 2876 4240 extolle
2906 4188 3026 4240 illos
3053 4203 3212 4257 usque
3253 4191 3309 4243 in

1785 4293 2049 4334 teternum.
2075 4278 2325 4344 Quamam
2357 4281 2428 4330 sit
2453 4276 2650 4332 Christi
2683 4277 2962 4331 hereditas
2991 4277 3042 4330 in
3071 4278 3309 4332 secundo

1786 4370 1988 4438 psalmo
2027 4369 2356 4431 declaratur;
2389 4382 2534 4429 nam,
2579 4367 2796 4419 Postulo
2837 4383 2876 4419 αι
2901 4383 2996 4424 me,
3042 4367 3232 4436 inquit,
3257 4378 3307 4422 et

1784 4460 1916 4512 dabo
1947 4459 2036 4511 tibi
2081 4467 2249 4527 gentes
2281 4457 2628 4510 htereditatem
2665 4465 2826 4517 tuam,
2861 4466 2909 4509 et
2940 4459 3308 4522 possessionem

1787 4560 1928 4602 tuam
1977 4550 2216 4602 terminos
2263 4557 2415 4601 terra;
2434 4548 2496 4599 ⁸⁸.
2536 4545 2715 4613 Neque
2741 4560 2922 4599 avem
2951 4547 3304 4608 aberraveris,

1786 4639 1831 4692 si
1864 4639 2139 4707 religiosos
2169 4638 2290 4691 illos
2316 4639 2368 4690 in
2401 4636 2562 4705 priori
2594 4635 2974 4702 populo-Viros,
3000 4637 3305 4704 prophetas,

88 4717 399 4798 πρςφήτας
433 4729 531 4782 καὶ
567 4725 820 4785 δικαίους
857 4722 1051 4790 ἄνδρας
1087 4723 1185 4792 τῆς
1216 4723 1308 4774 τοῦ
1340 4723 1568 4793 Χριστοῦ
1594 4741 1686 4790 γε-

1793 4736 1837 4780 et
1865 4729 2060 4794 justos,
2092 4725 2156 4778 ad
2189 4726 2386 4779 Christi
2424 4723 2779 4777 haereditatem
2811 4712 3131 4792 pertinuisse
3159 4723 3308 4785 dixe.

87 4804 333 4870 Τθνέναι
371 4814 749 4889 κληρονομίας
785 4811 974 4873 εἰπὼν,
1010 4813 1100 4864 καὶ
1133 4812 1236 4866 τῶν
1265 4815 1562 4880 σωτηρίων
1592 4815 1688 4866 αὐ-

86 4893 212 4975 ’ξδῧ
266 4904 690 4975 μετεσχηκέναι.
722 4899 859 4951 Οὐδὲ
883 4899 990 4969 γὰρ
1017 4901 1081 4952 τὰ
1116 4900 1287 4971 πλήθη
1312 4903 1542 4964 καὶτοὺς
1562 4905 1689 4954 ἁνα-

267 4968 702 5068 ’παραέαλόντας
732 4994 811 5060 τῇ,
841 4968 1132 5060 Ἐκκλησία
1157 4968 1248 5042 τοῦ
1272 4968 1405 5042 Θεοῦ
1431 4995 1688 5063 προσήκει

97 5057 252 5137 liba
279 5057 606 5156 ἀποφαίνειν
638 5057 834 5142 αὐτο-ὗ,
870 5077 986 5131 ἀλλ’
1085 5057 1255 5147 μόνως
1285 5080 1408 5141 τοὺς
1437 5057 1689 5150 apsqu/3v-

107 5167 241 5236 τως
265 5177 398 5245 αὐτῷ
431 5174 716 5244 βιοῦντας,
758 5169 895 5236 περὶ
927 5160 1008 5218 ὧν.
1037 5167 1174 5219 εἴποι
1213 5168 1304 5220 ἄν·
1333 5169 1440 5220 Kal
1478 5171 1686 5239 ἔσομαι

118 5255 319 5313 αὐτῶν
348 5263 512 5328 Θεὸς,
559 5258 660 5312 καί
693 5254 870 5309 αὐτοὶ
909 5253 1148 5305 ἔσονταί
1169 5271 1264 5320 μοι
1294 5257 1456 5318 λαός.
1479 5282 1544 5293 -—
1579 5260 1684 5310 Kal

127 5347 412 5417 ποίμανον
454 5347 706 5411 αὐτοὺς,
768 5342 872 5394 καί
919 5341 1142 5408 ἕπαρσν
1181 5342 1286 5406 ἓως
1320 5343 1421 5394 τοῦ
1457 5343 1681 5410 αἰῶνος.

135 5419 398 5506 Ποιμαίνει
417 5440 476 5491 δὲ
497 5435 698 5494 αὐτοὺς
725 5427 995 5490 ἐνταῦθα,
1018 5431 1110 5500 τὴν
1139 5429 1306 5498 ψυχὴν
1342 5429 1500 5481 αὑτοῦ
1520 5431 1682 5495 τιθεὶς

138 5510 273 5596 ὑπὲρ
296 5527 486 5590 αὐτῶν,
517 5526 594 5585 ὥς
624 5535 796 5589 φησιν
833 5518 1286 5586 ὲνἘὺαγγελίοις·
1331 5518 1382 5568 '0
1412 5520 1623 5588 ποιμὴν
1651 5525 1682 5573 ό

1783 4818 1877 4880 ris,
1905 4824 2060 4883 atque
2090 4815 2431 4870 salvationum
2461 4813 2576 4880 ejus
2600 4813 2886 4882 participes
2912 4811 3095 4867 fuisse.
3125 4811 3308 4882 Neque

1782 4905 2175 4958 multitudinem
2218 4905 2416 4973 populi,
2464 4918 2526 4956 ac
2555 4917 2648 4956 eos
2683 4904 2771 4970 qui
2805 4903 3022 4971 indigne
3055 4901 3308 4958 Ecclesiae

1780 4995 1873 5050 Dei
1924 5002 2287 5057 accesserunt,
2341 4993 2593 5062 populum
2646 4993 2766 5060 ejus
2817 4992 3165 5061 pronuntiare
3213 5009 3310 5061 par

1780 5087 1908 5149 fuit;
1939 5085 2029 5140 sed
2061 5085 2230 5140 solum
2265 5099 2358 5138 eos
2398 5081 2486 5150 qui
2536 5083 2634 5152 ipsi
2670 5082 2957 5151 probatam.
2977 5089 3029 5134 et
3059 5082 3306 5149 placitam

1780 5175 1942 5228 vitam
1982 5173 2268 5234 dux-erunt,
2293 5173 2358 5227 de
2385 5172 2581 5240 quibus
2613 5171 2728 5238 ipse
2759 5169 2952 5224 dixerit
2982 5187 2996 5224 :
3031 5169 3140 5222 Ero
3185 5171 3306 5223 illo-

1785 5284 1898 5319 rum
1914 5266 2070 5328 Deus,
2090 5275 2135 5317 et
2160 5265 2256 5330 ipsi
2276 5271 2424 5317 erunt
2436 5261 2558 5314 mihi
2571 5261 2788 5329 populus
2807 5262 2946 5316 ”.-
2962 5260 3028 5314 Et
3048 5277 3200 5328 pasce
3219 5277 3301 5314 eos

1786 5365 1833 5408 et
1855 5355 2042 5409 extolle
2072 5354 2189 5406 illos
2221 5367 2375 5420 usque
2411 5352 2463 5402 in
2493 5359 2754 5404 azternum.
2789 5350 2886 5405 llic
2917 5359 3092 5404 autem
3133 5350 3313 5417 pascit.

1785 5443 1924 5507 illos,
1945 5442 2034 5511 qui
2061 5441 2292 5494 animam
2324 5452 2472 5492 suam
2508 5452 2602 5507 pro
2627 5437 2694 5492 iis
2720 5440 2916 5508 posuit,
2959 5447 3015 5492 ut
3042 5437 3097 5490 in
3129 5436 3308 5491 Evan-

1784 5528 1932 5593 geliis
1972 5525 2044 5578 ait
2074 5544 2086 5576 :
2116 5524 2287 5577 Bonus
2335 5532 2513 5591 pastor
2559 5525 2787 5578 animam
2825 5542 2971 5580 suam
3023 5524 3164 5592 ponit
3211 5539 3308 5592 pro

243 5676 280 5708 "
301 5676 396 5731 lsa.
429 5687 586 5733 LVIII,
615 5670 666 5722 9.
735 5668 780 5697 "
812 5664 969 5717 Psal.
997 5683 1108 5733 LIII,
1136 5669 1186 5721 8.
1261 5669 1303 5699 ⁸⁸
1326 5666 1460 5723 Psal.
1500 5686 1554 5736 ll,
1585 5675 1635 5726 8.
1711 5675 1752 5705 ⁵ο
1781 5674 1971 5730 Jcrem.
2005 5691 2097 5743 vn,
2124 5675 2212 5727 25.
