3782 6330
87 468 182 522 253
1287 456 1769 511 COMMENTARIA
1809 457 1872 510 IN
1911 458 2231 513 PSALMOS.
3215 461 3326 518 εει

93 587 145 636 δι·
169 561 302 632 ὧν
326 556 352 623 ἡ
377 550 542 656 ξλῆῗις
731 549 907 606 ἐθνῶν
944 560 1240 625 φαίνεται
1274 573 1586 643 κατωρθωμέ

1836 573 2028 625 entium
2068 579 2416 626 Vocationem.
2469 567 2574 623 Eos
2611 568 2813 623 scilicet
2844 567 2934 622 hic
2983 575 3219 638 psalmus
3242 574 3329 638 Ju-

91 671 159 735 οἷς
183 663 238 717 ὁ
289 641 593 748 μετὰὶχείραξ
619 639 778 707 λόγος
799 648 1183 748 ἶτροστὰττει
1219 661 1401 731 φέρειν
1526 639 1584 714 Kl

1834 671 1891 715 ret
1916 662 2122 722 afferre,
2155 661 2328 730 primo
2352 657 2561 726 quidem
2594 665 2646 712 et
2667 666 2789 712 ante
2808 659 2984 711 omnia
3028 659 3165 713 ﬁlios
3186 661 3327 713 arie-

98 755 332 834 πρῶτον
369 735 455 805 μὲν
486 734 734 786 ἁπάντων
777 737 940 800 υἱοὺς
980 748 1212 813 κριῶν,
1247 752 1361 804 ἀλλ’
1391 753 1450 804 οὐ
1496 769 1591 822 κρυ

1832 766 1938 811 um,
1966 765 2072 804 non
2131 751 2348 810 arietes,
2377 748 2629 815 quoniam
2682 748 2736 800 in
2772 748 2976 816 psalmo
3031 749 3325 816 quadrage-

100 824 404 905 ἐπειδήπερ
428 824 549 892 πρδς
577 824 674 926 ’ξῆν
715 824 778 926 ἐξ
808 825 998 926 ἔθνίῖξν
1041 834 1386 911 Ἐκκλησίαν
1427 840 1593 906 ὲλέγειι

1835 840 1939 892 imo
1971 849 2161 907 quarto
2193 836 2444 890 Ecclesia:
2469 853 2533 891 ex
2587 837 2834 905 gentibus
2871 847 3068 890 coactae
3093 837 3324 890 dicitur:

104 943 169 1010 τῷ
195 916 618 988 τεσσαρακοστῷ
641 916 902 989 τετάρτῳ
930 919 1160 997 ψαλμῷ
1180 945 1194 959 ο
1243 930 1388 983 Ἀντί
1407 929 1520 981 τῶν
1538 945 1597 980 ,ττι

1835 924 1908 976 ’ro
1923 925 2152 991 patribus
2171 924 2270 975 tuis
2285 923 2393 974 nati
2424 932 2541 975 sunt
2570 921 2661 974 tibi
2694 923 2869 990 ﬁlii“.
2891 922 3177 992 Eidemque
3196 940 3328 992 pra-

103 1006 229 1094 ρέιιγ
271 1025 386 1065 σου
421 1006 784 1076 ἐγενήθησαν
821 1013 952 1065 υἱοί
1004 1031 1158 1071 σου.
1210 1020 1329 1071 Τῶν
1365 1019 1418 1071 δὲ
1463 1018 1594 1070 πατέ

1836 1012 1996 1080 ipitur
2030 1019 2088 1064 ut
2119 1019 2330 1080 patrum
2355 1026 2572 1064 suorum
2598 1010 2948 1064 obliviscatur
2978 1011 3061 1064 his
3102 1013 3279 1066 verbis
3312 1030 3327 1065 :

118 1121 220 1188 λης)
229 1124 309 1179 ην
325 1101 618 1173 ποιήσασθαι
637 1103 1114 1172 παρεκελεύσατο
1128 1110 1266 1179 αὐτῇ
1286 1111 1313 1160 6
1335 1110 1484 1176 λόγος
1502 1110 1611 1159 εἰπε

1837 1099 1956 1163 ludi,
1984 1099 2119 1168 ﬁlia,
2149 1110 2196 1152 et
2226 1099 2356 1163 vide,
2391 1107 2440 1151 et
2479 1098 2674 1151 inclina
2707 1115 2883 1152 aurem
2942 1108 3103 1164 tuam,
3127 1109 3175 1152 et
3199 1101 3330 1154 obli-

144 1187 443 1262 Ἄκουσον,
492 1195 762 1262 θύγατερ,
828 1196 937 1248 καὶ
970 1198 1091 1263 ἴδε,
1122 1200 1221 1253 καὶ
1262 1199 1466 1253 κλῖνον
1511 1198 1575 1250 τὸ
1601 1215 1631 1250 ο

1837 1190 1986 1242 iscere
2015 1190 2259 1258 populum
2288 1197 2452 1251 tuum,
2475 1195 2523 1240 et
2543 1187 2750 1241 domum
2778 1189 2939 1254 patris
2974 1189 3087 1242 tui:
3123 1195 3171 1237 et
3212 1204 3330 1242 cort-

162 1314 296 1353 σου,
316 1288 399 1340 καὶ
439 1285 720 1340 ἐπιλάθου
764 1288 877 1340 τοῦ
905 1289 1069 1342 λαοῦ
1109 1307 1247 1353 σου,
1282 1289 1376 1342 καὶ
1406 1289 1508 1341 τοῦ
1539 1289 1655 1340 οἶκε

1836 1279 2020 1345 upiscet
2049 1278 2156 1332 Rea:
2199 1278 2431 1332 decorem
2479 1287 2641 1340 tuum,
2691 1279 2812 1346 quia
2840 1279 2947 1345 ipse
2975 1287 3050 1332 est
3079 1278 3329 1334 Dominus

178 1385 279 1436 τοῦ
300 1381 492 1448 πατρός
509 1393 622 1432 σου
641 1396 654 1407 ο
689 1377 794 1432 καὶ
816 1378 1189 1448 ἐπιθυμήσει
1223 1383 1254 1432 ό
1275 1377 1566 1442 βασιλεὺς
1600 1393 1665 1429 το

1837 1385 1918 1420 ινδ
1946 1369 2011 1422 ’⁵.
2044 1367 2165 1421 Haec
2217 1369 2356 1421 enim
2399 1382 2501 1420 non
2532 1367 2620 1419 alii
2646 1381 2804 1434 quam
2851 1365 3050 1420 Christi
3082 1367 3330 1422 Ecclesia:

181 1473 417 1535 κάλλους
463 1483 600 1521 σου’
632 1468 723 1520 ὅτι
754 1469 941 1534 αὑτός
971 1470 1106 1521 ἐστι
1132 1470 1340 1536 Κύριός
1366 1483 1497 1520 σου.
1527 1463 1674 1518 Ταῦτα

1838 1463 1940 1512 icta
1971 1466 2116 1520 sunt,
2142 1459 2455 1513 cobortante
2481 1458 2623 1510 illam
2650 1455 2851 1526 Spiritu
2887 1457 3089 1521 divino,
3113 1459 3328 1513 ut’obli-

176 1559 282 1630 γὰρ
305 1559 408 1611 οὐδὲ
440 1559 568 1627 πρὸς
603 1556 772 1627 ἀλλην
816 1555 854 1625 ἢ
880 1557 1022 1625 πρὸς
1052 1556 1216 1626 μόνην
1245 1553 1339 1623 τὴν
1390 1550 1669 1622 Ἐκκλησία

1837 1549 2036 1604 iscatur
2067 1549 2298 1617 priorem
2329 1548 2581 1616 pOpulum
2607 1562 2762 1601 suum
2810 1555 2862 1600 et
2900 1545 3115 1600 domum
3164 1548 3329 1616 patris

167 1653 265 1704 τοῦ
306 1647 524 1717 Χριστοῦ
567 1649 821 1717 ἐλέγετο·
859 1646 1248 1716 παραινοῦντος
1278 1645 1407 1712 αὐτῇ
1445 1641 1536 1694 τοῦ
1564 1642 1660 1694 Θείι

1837 1638 1884 1690 ui
1911 1654 1926 1702 ;
1965 1637 2216 1689 nimirum
2243 1637 2309 1690 ob
2335 1636 2704 1704 multiplicium
2735 1634 2956 1690 deorum
2989 1650 3248 1702 errorem,
3269 1651 3330 1690 ac

163 1740 457 1810 Πνεύματος
495 1739 669 1809 λήθην
727 1737 1058 1809 ποιήσασθαι
1101 1735 1193 1788 τοῦ
1242 1734 1498 1805 προτέρου
1539 1731 1656 1785 αὺτῐ

1831 1733 2010 1778 μοιτιιπι
2042 1739 2259 1778 suorum
2294 1724 2743 1792 superstitionem.
2796 1723 2998 1777 Deinde
3027 1726 3153 1793 quia
3181 1724 3324 1778 illam

154 1829 314 1891 λαοῦ,
383 1829 475 1882 καὶ
542 1827 642 1880 τοῦ
676 1826 830 1881 οἴκου
866 1827 962 1880 τοῦ
1027 1823 1230 1895 πατρὸς
1279 1824 1446 1892 αὐτῆς
1479 1823 1564 1875 διὰ
1611 1839 1647 1873 τ¹

1839 1822 1978 1866 atres
2006 1813 2247 1866 oblivisci
2279 1813 2675 1880 suosjusserat,
2706 1813 3012 1867 necessario
3053 1813 3213 1867 infert
3244 1815 3329 1870 his

155 1886 398 1974 πολύθεον
423 1920 657 1988 πλάνην,
695 1919 792 1972 καὶ
823 1919 923 1988 τὴν
952 1916 1059 1968 τῶν
1102 1886 1342 1984 πατέρων
1359 1886 1523 1980 αύτῆς
1543 1912 1648 1964 δεισ

1838 1905 2020 1958 erbis:
2057 1903 2163 1955 Pro
2204 1903 2441 1972 patribus
2492 1905 2591 1956 tuis
2627 1905 2738 1956 nati
2759 1912 2878 1955 sunt
2931 1903 3022 1955 tibi
3072 1905 3188 1972 ﬁlii.
3225 1903 3331 1960 Hos

146 2008 447 2078 δαιμονίαν.
513 2004 632 2060 Εἶτ’
664 2006 855 2076 ἐπειδὴ
890 2005 997 2057 τῶν
1055 2004 1299 2074 πατέρων
1358 1999 1639 2054 ὲπιλαθέσθ

1843 1993 1939 2047 lios
1963 1994 2185 2046 arietum
2212 2001 2366 2046 vocat
2405 1993 2473 2047 ob
2528 1993 2752 2046 rationis
2814 1992 3099 2046 defectum.
3142 1994 3332 2050 Postea

143 2071 282 2169 αὐτῇ
342 2071 855 2168 παρεκελεύσατο,⁷
891 2071 1206 2162 ἀναγκαίως*
1255 2091 1442 2158 ἐπάγει
1499 2089 1636 2156 λέγω

1837 2079 2129 2148 υὺῙιιηείιςε
2177 2080 2371 2147 Aﬂ‘erte
2431 2071 2652 2133 Domino
2698 2084 2917 2152 gloriam
2972 2093 3021 2137 et
3071 2087 3328 2138 honorent.

154 2168 303 2242 Ἁντι
333 2188 454 2241 τῶν
511 2186 790 2254 πατέρων
817 2200 932 2238 σου
952 2181 1318 2251 ἐγενήθησαν
1342 2180 1393 2230 al
1425 2176 1539 2230 υἱοί
1573 2190 1646 2228 σο

1840 2169 1969 2235 .ujus
1995 2168 2309 2221 sententiam
2340 2184 2400 2221 ex
2427 2169 2527 2223 hoc
2560 2169 2850 2228 Salvatoris
2881 2175 3052 2228 nostri
3075 2175 3138 2228 ad
3170 2174 3333 2228 disci»-

137 2281 379 2344 Τούτους
432 2282 586 2343 υἱοὺς
625 2277 799 2350 κριῶν
845 2275 935 2327 διὰ
969 2274 1030 2326 τὸ
1062 2272 1248 2337 ἄλογον
1275 2265 1546 2320 ἀποκαλεῖ.
1598 2264 1630 2314 Ε

1838 2258 1957 2310 ιυιοε
1984 2258 2183 2309 monito
2208 2256 2472 2325 intelligas
2497 2277 2508 2311 :
2540 2259 2763 2314 Luceant
2792 2279 2945 2330 opera
2969 2273 3133 2315 vestra
3157 2279 3331 2315 coram

141 2371 380 2438 ἐπιλέγει
401 2387 415 2399 ·
462 2344 787 2436 Ἐνέγκατε
829 2363 910 2429 τῷ
939 2362 1128 2428 Κυρίῳ
1160 2359 1342 2421 δόξαν
1371 2355 1464 2407 καὶ
1504 2350 1633 2420 τιμή

1841 2344 2112 2410 ominibus,
2141 2357 2195 2398 ut
2219 2345 2437 2400 videntes
2473 2348 2603 2401 bona
2631 2367 2782 2418 opera
2828 2361 3010 2415 vestra,
3045 2353 3331 2422 gloriﬁcent

141 2457 174 2510 ὃ
202 2460 266 2529 δὴ
307 2434 534 2528 νοήσεις
575 2434 688 2510 ἀπὸ
735 2455 836 2524 τῆς
877 2451 968 2506 τοῦ
991 2451 1232 2519 Σωτῆρος
1255 2445 1404 2517 ἡμῶν
1436 2443 1567 2512 πρὸς
1589 2440 1710 2501 τοὺς
1812 2434 2018 2520 Patrem
2039 2445 2258 2488 vestrum
2285 2437 2372 2504 qui
2388 2437 2440 2489 in
2465 2439 2605 2492 caelis
2633 2449 2706 2493 est
2739 2441 2801 2492 “.

148 2523 408 2621 ruinae
420 2523 900 2616 παρακελεύσεως,
933 2539 999 2593 δι’
1027 2534 1094 2609 ἦς
1123 2537 1369 2606 παραινεῖ
1408 2533 1575 2599 λέγων
1608 2523 2139 2621 αὐτοῖςῂοιΛαμψάτω
2168 2526 2237 2578 τὰ
2297 2528 2436 2596 ἔργα
2467 2527 2627 2594 ὑμῶν
2684 2529 3016 2596 ἔμπροσθεν
3069 2529 3185 2582 τῶν
3232 2531 3336 2582 ἀνι

445 2612 634 2700 ὅπως.
667 2631 1003 2696 ,ϐλέποντες
1028 2629 1100 2680 τὰ
1123 2625 1274 2679 καλὰ
1313 2623 1473 2692 ὑμῶν
1501 2621 1660 2689 ἔργα,
1698 2612 1995 2680 δοξάσωσι
2047 2615 2150 2668 τὸν
2177 2616 2402 2682 Πατέρα
2427 2615 2590 2684 ὑμῶν
2626 2615 2730 2668 τὸν
2781 2617 2850 2688 ἐν
2881 2617 3010 2682 τοῖς
3043 2617 3330 2683 οὐρανοῖς.

224 2729 332 2780 Καὶ
373 2727 576 2796 τρίτον
608 2724 691 2776 ἔτι
747 2722 879 2793 πρὸς
917 2722 1141 2782 τούτοις,
1174 2715 1350 2785 φέρειν
1403 2711 1477 2782 τῷ
1521 2710 1706 2782 Κυρίῳ

1879 2708 1957 2762 Ad
1993 2709 2104 2761 haec
2135 2706 2312 2770 tertio,
2355 2721 2588 2773 praesens
2645 2707 2904 2775 psalmus,
2959 2711 3047 2760 cui
3076 2714 3333 2761 consonat

154 2816 478 2883 προστάττει
534 2813 844 2883 συμφώνως
881 2813 909 2862 ὁ
950 2808 1083 2878 μετᾶ
1113 2809 1291 2876 χεῖρας
1310 2803 1535 2872 ψαλμδςι
1565 2801 1647 2852 καλ

1841 2805 2180 2876 onagesimus
2204 2803 2442 2871 quintus,
2476 2802 2715 2869 principit
2740 2801 2928 2855 all‘erre
2961 2801 3186 2854 Domino
3217 2801 3331 2869 glo-

153 2882 502 2973 ἒνενηκοστὺς
554 2882 827 2968 πέμπτος,
874 2895 1024 2957 δόξαν
1070 2891 1286 2960 ὀνόματι
1325 2887 1502 2939 αὐτοῦ.
1554 2885 1646 2937 A61

1838 2900 1938 2951 iam
1981 2895 2182 2950 nomini
2235 2894 2370 2963 ejus.
2425 2891 2528 2961 Ipsi
2594 2906 2843 2960 namque,
2899 2907 2994 2960 per
3041 2891 3331 2944 doctrinam

157 2987 253 3054 μὲν
280 2971 389 3061 γὰρ
451 2987 843 3060 προσφέρομεν
867 2982 1022 3045 δόξαν
1049 2980 1132 3032 διὰ
1167 2977 1440 3046 δογμάτων
1471 2976 1650 3044 ὲρρωμ

1840 3002 2014 3049 anam,
2051 2984 2272 3054 gloriam
2330 2981 2636 3045 allerimus;
2675 2979 2767 3032 sed
2822 2987 2876 3033 et
2918 2980 3172 3033 honorem
3232 2977 3333 3046 ipsi

153 3095 287 3130 νων·
328 3081 468 3134 ἀλλὰ
512 3079 613 3131 καί
663 3077 827 3144 τιμὴν
865 3072 1010 3142 αὐτῷ
1056 3067 1442 3141 προσφέρομεν,
1487 3061 1641 3114 πειθα

1842 3076 2099 3135 (ferimus,
2128 3072 2173 3126 si
2197 3071 2322 3124 huic
2346 3070 2462 3137 ejus
2484 3075 2749 3137 praecepto
2768 3082 3046 3136 pareamus
3077 3085 3090 3119 :
3127 3065 3335 3118 Honora

157 3169 372 3235 γοῦντες
433 3169 822 3240 προστάγματι
859 3163 1103 3230 λέγοντι·
1159 3160 1296 3226 Τίμα
1345 3155 1447 3208 τὸν
1497 3153 1650 3218 Κύριε

1842 3165 2084 3219 Dominum
2114 3163 2175 3216 de
2209 3151 2310 3212 tuis
2338 3159 2494 3226 iustis
2531 3157 2815 3219 laboribus,
2861 3166 2907 3210 et
2931 3157 3189 3224 primitias
3211 3156 3335 3223 offer

155 3257 269 3314 ἀπὸ
312 3260 444 3316 σῶν
489 3259 742 3312 δικαίων
769 3257 984 3314 πόνων,
1012 3249 1107 3303 καὶ
1125 3247 1387 3315 ἀπάρχου
1415 3242 1567 3308 αὐτῷ
1593 3242 1648 3294 ἀι

1842 3258 1902 3309 isi
1929 3254 1991 3308 de
2023 3254 2122 3305 tuis
2142 3250 2365 3319 justitia:
2386 3247 2636 3314 fructibus
2661 3247 2732 3298 "’.
2785 3244 2996 3298 Nomini
3023 3254 3197 3298 autem
3219 3245 3335 3311 ejus

151 3348 277 3401 σῶν
313 3350 572 3420 καρπῶν
604 3346 1007 3409 δικαιοσύνης.
1055 3339 1145 3408 Τῷ
1191 3338 1248 3391 δὲ
1296 3336 1512 3404 ὀνόματι
1548 3331 1644 3384 αύτ

1842 3343 2028 3396 loriam
2051 3340 2416 3395 conciliamus,
2432 3335 2477 3388 si
2493 3334 2707 3402 quando
2735 3333 2946 3386 luceant
2966 3349 3127 3400 opera
3155 3340 3335 3386 nostra

148 3431 304 3500 δόξαν
345 3419 753 3510 περιάπτομεν,
815 3430 1026 3482 ἐπειδὰν
1055 3427 1242 3496 λάμπῃ
1293 3423 1442 3492 ἡμῶν
1471 3420 1536 3472 τὰ
1578 3419 1641 3488 Ep

1843 3446 1986 3486 oram
2018 3428 2320 3482 hominibus
2342 3467 2354 3490 ,
2387 3425 2460 3476 ita
2514 3431 2573 3475 ut
2621 3421 2860 3474 videntes
2893 3421 2993 3488 ipsi
3043 3420 3336 3488 gloriﬁcent

147 3523 462 3602 εμιττροσοεν
528 3529 642 3581 τῶν
696 3523 1023 3593 ἀνθρώπων
1059 3520 1194 3572 ὥστε
1246 3515 1480 3585 ὁρῶντας
1521 3511 1640 3564 αὐτο

1842 3525 2016 3571 'atrem
2047 3523 2288 3569 nostrum
2310 3513 2399 3581 qui
2423 3513 2475 3564 in
2505 3511 2656 3565 coslis
2689 3516 2790 3561 est.
2822 3507 2940 3572 Quo
2972 3518 3126 3576 pacto
3161 3517 3335 3562 autem

147 3602 393 3680 δοξάζειν
447 3617 544 3668 τὸν
597 3611 818 3680 Πατέρα
872 3608 1021 3678 ἡμῶν
1074 3607 1161 3658 τὸν
1200 3607 1256 3656 ἐν
1301 3603 1409 3662 τοῖς
1450 3601 1640 3669 ούρανο

1840 3607 1966 3659 tiam
1998 3605 2135 3673 apud
2189 3612 2374 3672 gentes
2401 3601 2603 3654 nomini
2665 3598 2783 3665 ejus
2833 3598 3003 3666 gloria
3052 3596 3333 3660 referatur,

153 3697 343 3770 Ὅπως
357 3707 417 3758 δὲ
435 3704 595 3775 παρὰ
622 3703 736 3763 τοῖς
766 3699 936 3751 ἔθνεσι
961 3696 1020 3748 τὸ
1039 3695 1205 3763 ὄνομα
1232 3690 1391 3746 αὐτοῦ
1417 3687 1646 3753 δοξάζετι

1849 3696 1895 3747 ic
1925 3693 2189 3762 propheta:
2220 3707 2391 3746 sermo
2425 3690 2675 3752 declarat,
2710 3688 2800 3756 qui
2828 3686 3101 3740 Iudaicam
3130 3696 3336 3757 gentem

149 3791 241 3842 καὶ
270 3799 300 3848 6
349 3795 440 3849 διὰ
485 3792 587 3846 τοῦ
623 3791 898 3861 προφήτου
945 3785 1234 3856 παρίστησι
1297 3781 1447 3846 λόγος
1493 3778 1622 3847 πρὸς

1844 3784 2046 3852 aspicit,
2084 3790 2133 3836 et
2169 3784 2245 3834 sic
2275 3781 2432 3833 habet
2464 3795 2478 3829 :
2511 3777 2631 3850 illan
2663 3786 2740 3830 est
2760 3776 2994 3830 voluntas
3030 3790 3142 3827 mea
3168 3776 3222 3827 in
3251 3791 3337 3826 vo-

158 3869 432 3934 Ἰουδαίων
499 3879 657 3938 ἔθνος
731 3874 1135 3941 ἀποτεινόμενος
1187 3870 1278 3922 καὶ
1351 3867 1548 3934 λέγων·
1595 3869 1651 3917 01

1846 3873 1909 3932 is,
1942 3870 2066 3922 dicit
2132 3869 2375 3920 Dominus
2423 3868 2765 3932 omnipotens,
2809 3873 2856 3918 et
2888 3865 3205 3932 sacriﬁcium
3239 3879 3339 3916 non

145 3955 283 4021 ἔστι
323 3988 447 4037 μου
489 3967 728 4034 θέλημα
780 3963 848 4015 ἐν
892 3962 1050 4030 ὑμῖν.
1089 3960 1247 4028 λέγει
1312 3959 1520 4024 Κύριος
1565 3969 1638 4008 πα

1848 3961 2056 4028 ccipiam
2081 3959 2141 4012 de
2160 3958 2394 4011 manibus
2422 3959 2631 4017 vestris;
2652 3955 2714 4008 ab
2742 3963 2856 4008 ortu
2874 3953 3007 4007 enim
3039 3953 3163 4006 solis
3185 3969 3341 4022 usque

144 4059 470 4126 τοκράτωρ,
521 4057 623 4109 καὶ
685 4053 902 4108 θυσίαν
940 4053 1011 4104 οὑ
1053 4047 1443 4116 προσδέξομαι
1492 4047 1558 4098 ἐκ
1600 4063 1637 4099 τι

1847 4051 1878 4102 d
1913 4067 2149 4103 occasum
2185 4049 2534 4119 gloriﬁcalum
2559 4054 2635 4099 est
2685 4059 2866 4096 nomen
2893 4057 3059 4094 meum
3093 4042 3148 4093 in
3174 4041 3339 4108 genti-

141 4150 367 4216 χειρῶν
409 4147 615 4216 ὑμῶν·
653 4145 801 4198 διότι
857 4141 969 4196 ἀπὸ
1021 4137 1322 4195 ἀνατολῶν
1354 4139 1525 4204 ἡλίου
1543 4136 1634 4204 μέ)

1847 4160 1934 4202 us,
1967 4151 2014 4192 et
2046 4142 2095 4191 in
2119 4141 2260 4191 omni
2288 4139 2398 4190 loco
2437 4137 2725 4206 thymiama
2741 4132 2951 4200 oﬂ'erlur
2979 4130 3177 4182 nomini
3204 4142 3336 4190 meo,

136 4220 403 4306 δυσμῶν
421 4235 793 4299 δεδόξασται
818 4231 882 4284 τὸ
905 4228 1088 4298 ὄνομά
1101 4245 1218 4297 μου
1247 4227 1314 4279 ἐν
1339 4225 1458 4290 τοῖς
1481 4225 1629 4278 ἔθνει

1846 4241 1858 4282 t
1900 4230 2211 4298 sacriﬁcium
2267 4227 2530 4280 mundum.
2571 4225 2707 4289 Quia
2747 4235 2990 4290 magnum
3043 4228 3119 4272 est
3158 4232 3339 4270 nomen

137 4329 250 4382 καὶ
271 4305 540 4382 ἐνπαντὶ
569 4327 733 4390 τόπῳ
777 4323 1034 4390 θυμίαμα
1075 4315 1462 4386 προσφέρεται
1484 4313 1561 4378 τῷ
1585 4316 1630 4366 dt

1849 4335 1979 4371 tcum
2009 4318 2059 4368 in
2090 4315 2317 4385 gentibus
2344 4331 2361 4367 :
2389 4324 2436 4366 et
2467 4329 2550 4366 vos
2575 4311 2833 4380 polluistis
2867 4305 2997 4360 illud
3017 4307 3082 4358 ⁸⁸.
3124 4305 3202 4358 Ad
3229 4305 3342 4358 haec

125 4419 290 4471 ματι
311 4437 432 4488 μου
463 4417 568 4470 καὶ
595 4413 780 4468 θυσία
811 4409 1052 4478 καθαρά·
1082 4409 1225 4461 διότι
1255 4407 1406 4476 μέγα
1439 4405 1502 4458 τὸ
1537 4403 1618 4456 ὄνι

1849 4407 1990 4460 mnia
2021 4407 2077 4470 ii,
2102 4406 2188 4472 qui
2228 4404 2315 4456 lilii
2353 4401 2443 4455 Dei
2473 4417 2592 4455 esse
2623 4400 2979 4458 declarantur,
3009 4396 3214 4448 scilicet
3249 4393 3339 4446 lilii

124 4510 266 4562 “Ov
375 4509 502 4574 τοῖς
526 4507 778 4560 ἔθνεσιν
798 4520 810 4532 ·
841 4501 1002 4569 ὑμεῖς
1032 4498 1097 4551 δὲ
1122 4497 1522 4564 βεϐηλοῦντες
1552 4497 1617 4546 αἱ

1852 4496 2060 4556 rietum,
2092 4493 2345 4558 jubentur
2372 4491 2594 4542 adorare
2616 4486 2898 4540 Dominum
2921 4483 2974 4535 in
3001 4483 3121 4535 aula
3157 4487 3343 4534 sancta

135 4582 304 4667 Πρδς
334 4572 544 4659 τούτοις
595 4597 802 4648 ἆπασιν
834 4591 884 4642 οἱ
914 4588 1235 4658 δηλωθέντες
1276 4587 1380 4638 υίοὶ
1422 4585 1512 4637 τοῦ
1563 4583 1628 4636 Θε

1852 4587 1952 4654 ius.
1987 4583 2059 4653 (l)
2084 4581 2198 4635 Non
2233 4581 2342 4633 vult
2374 4579 2516 4633 enim
2570 4584 2719 4630 extra
2757 4575 2953 4634 aulam,
2988 4587 3160 4642 neque
3187 4572 3238 4624 in
3261 4585 3345 4623 se-

137 4674 185 4746 ἢ
234 4688 336 4740 υίοὶ
369 4690 471 4740 τῶν
501 4683 680 4756 κριῶν
728 4680 1036 4734 κελεύονται
1093 4680 1406 4748 προσκυνεῖν
1434 4675 1510 4744 τῷ
1535 4676 1630 4744 Κυι

1852 4687 1994 4733 essu,
2024 4677 2115 4722 aut
2155 4675 2389 4722 semotos
2443 4665 2667 4716 adorare
2709 4661 2920 4729 ipsum;
2951 4660 3042 4713 sed
3095 4657 3345 4711 accedere

137 4744 221 4821 ἐν
255 4775 385 4845 αὐλῇ
407 4744 761 4843 exigas—.06.
793 4769 866 4820 oo
890 4768 996 4836 γὰρ
1021 4767 1121 4832 ξξω
1138 4744 1235 4836 τῆς
1261 4764 1424 4832 αὐλῆς
1459 4763 1630 4831 βούλετ

1852 4764 1964 4816 abet
1986 4759 2049 4813 ad
2085 4757 2372 4811 Ecclesiam
2391 4769 2560 4810 suam.
2599 4749 2740 4805 Loco
2763 4761 2937 4803 autem
2958 4749 3121 4808 illius,
3147 4747 3200 4797 in
3223 4744 3345 4798 aula

136 4860 280 4916 ’δὺδὲ
304 4834 820 4932 ἀνακεχωρημὲνως
865 4853 1154 4914 ἰδιάζοντας
1194 4834 1512 4920 προσκυνεῖν
1556 4849 1629 4902 αύΔ

1853 4859 2001 4904 ancta
2029 4849 2138 4917 ejus
2158 4889 2172 4910 ,
2213 4847 2422 4914 Aquila,
2451 4845 2503 4896 in
2519 4842 2698 4894 decore
2725 4839 3080 4906 sanctiﬁcato;
3105 4834 3346 4904 Symma-

149 4939 273 5004 ἀλλ’
299 4952 658 5008 ἀπαντῶντας
679 4947 761 5007 είς
795 4943 896 5012 τὴν
938 4941 1250 5011 Ἐκκλησίαν
1280 4938 1458 4992 αὐτοῦ.
1501 4939 1641 4990 Ἀντὶ

1853 4942 1960 4993 ,hus
1992 4954 2138 5000 vero,
2165 4936 2416 4989 indecore
2465 4941 2664 4993 sancto,
2699 4930 2887 4983 edidit.
2921 4926 3042 4977 Vult
3067 4925 3206 4978 enim
3246 4938 3346 4977 nos

147 5043 273 5103 tua.
319 5043 388 5094 ἐν
416 5039 582 5107 αὺλῇ
609 5038 756 5106 ἁγίᾳ
785 5011 995 5092 αὐτοῦ,
1031 5035 1058 5084 6
1099 5033 1192 5100 μὲν
1225 5029 1467 5091 Ἀκύλας,
1492 5030 1558 5081 ἐν
1599 5028 1640 5079 δ.

1864 5045 1948 5084 um
1993 5029 2172 5082 debito
2213 5032 2426 5087 ornatu,
2462 5037 2524 5075 ac
2555 5019 2663 5074 Deo
2713 5019 2904 5071 dilecta
2933 5013 3138 5082 iustitia
3169 5011 3350 5065 adora-

160 5135 402 5197 δρεπείᾳ
445 5128 819 5198 ἡγιασμένη,
864 5121 1120 5184 ἐξέδωκεν
1138 5137 1149 5149 ·
1174 5124 1200 5171 ὁ
1222 5120 1276 5172 δὲ
1307 5119 1610 5187 Σύμμαχος,

1856 5121 2026 5172 ionem
2061 5130 2331 5185 peragere,
2368 5109 2635 5164 sanctitati
2663 5119 2884 5175 prorsus
2931 5101 3136 5156 deditos
3167 5115 3229 5153 ac
3256 5099 3349 5153 de-

163 5214 502 5289 διαπρεπείᾳ
527 5219 692 5286 ἁγίᾳ.
736 5212 999 5265 Βούλεται
1019 5211 1120 5279 γὰρ
1160 5212 1300 5278 ἡμᾶς
1332 5213 1358 5261 6
1406 5210 1552 5274 λόγος
1588 5209 1719 5276 μετὰ
1823 5209 1953 5262 cori.

167 5318 263 5368 τοῦ
293 5319 587 5387 πρέποντος
628 5311 865 5377 κόσμου,
903 5306 996 5357 καὶ
1033 5305 1126 5372 τῆς
1147 5303 1219 5372 τῷ
1241 5301 1356 5368 Θεῷ
1399 5299 1712 5369 προσφιλοῦς
1781 5301 2114 5368 δικαιοσύνης
2176 5299 2270 5367 τὴν
2325 5292 2682 5363 προσκύνησιν
2747 5287 3028 5348 ποιεῖσθαι,
3069 5285 3218 5344 ὅλους
3257 5282 3351 5335 αὖ·

172 5408 289 5467 τοὺς
316 5409 368 5458 ἐν
395 5401 660 5472 ἁγιασμῷ
686 5394 1020 5464 γενομένους
1048 5394 1139 5445 καὶ
1165 5396 1217 5443 ὲν
1246 5389 1554 5459 εὐπρεπείᾳ.

272 5616 308 5644 σι
360 5613 503 5668 psal,
563 5619 710 5662 χιιν,
760 5599 849 5650 17.
933 5597 979 5625 ⁸⁸
1016 5555 1143 5650 ibid:
1175 5595 1251 5646 ll.
1328 5590 1654 5654 “Malthw,
1709 5593 1765 5645 16

1488 5591 1578 5644 lth.
1605 5609 1654 5654 v,
1709 5593 1791 5649 16.
1867 5597 1906 5623 ⁸⁷
1948 5592 2105 5646 Prov.
2143 5587 2300 5648 m,9.
2377 5582 2418 5614 ⁵³
2457 5580 2680 5635 Malach.
2711 5596 2746 5646 ι,
2779 5577 2981 5633 ιο-ιε.

243 5791 301 5860 (I)
325 5787 556 5856 ldipsum
581 5781 693 5832 fere
726 5771 980 5825 Basilius
1015 5773 1161 5830 dixit,
1189 5785 1285 5837 qua
1311 5767 1371 5820 de
1420 5783 1470 5820 re
1505 5767 1552 5818 in
1581 5767 1888 5835 prall‘atione
1917 5767 2121 5822 videsis.
