3782 6298
711 369 818 425 255
1425 366 1687 420 EUSEBII
1725 363 2190 420 CAESARIENSIS
2225 366 2370 422 OPP.
2411 365 2582 419 PARS
2620 366 2706 420 ΙΙΙ.
2742 398 2811 407 -
2849 367 3182 422 EXEGETICA.

775 476 938 531 Vens.
977 479 1027 532 5.
1073 477 1182 530 Vox
1220 476 1424 527 Domini
1466 491 1616 542 super
1665 490 1858 542 aquas,
1901 475 2037 528 Deus
2071 479 2230 546 maje-
2258 517 2268 542 λ

2071 479 2230 546 maje-
2258 489 2302 542 Α
2397 477 2563 544 Φωνὴ
2593 478 2803 544 Κυρίου
2832 480 2928 531 ἐπὶ
2963 479 3060 532 τῶν
3088 477 3287 535 ὑδάτων,
3312 476 3338 526 ό
3365 473 3477 536 Θεὸς
3499 469 3552 537 τῆ

705 569 858 620 statis
892 567 1147 626 intonuit;
1188 564 1436 615 Dominus
1472 579 1621 630 super
1658 579 1817 632 aquas
1850 564 2059 618 multas.
2092 565 2198 630 Qui:

2092 565 2224 630 Quia
2326 570 2435 635 ξης
2498 570 2840 635 ἐϐρόντησε·
2894 573 3076 636 Κύριος
3118 566 3199 620 ἐπὶ
3247 562 3436 618 ὑδάτων
3477 567 3556 614 πολ

705 674 827 712 cum
861 659 915 710 in
942 657 1137 709 vertice
1162 651 1387 707 Carmeli
1422 668 1512 706 aer
1540 668 1760 707 serenus
1789 660 1950 716 esset,
1981 655 2198 708 audieba

2066 655 2225 708 liebat
2325 663 2462 722 Ὅτι,
2494 659 2701 729 αἰθρίας
2749 659 2908 730 οὔσης
2973 661 3048 712 ἐπὶ
3076 660 3150 730 τὴν
3177 656 3379 727 κορυφὴν
3414 653 3487 705 τοῦ
3511 655 3559 704 Kr

704 764 886 803 vocem
927 759 1181 815 aquarum
1216 743 1520 795 multarum.
1564 742 1640 795 Ac
1677 743 1721 796 si
1759 744 1878 812 quis
1924 745 2197 798 summatin

2064 745 2221 797 natim
2322 751 2430 813 λου,
2464 751 2622 819 ἤκουε
2664 751 2838 820 φωνὴν
2899 751 3077 803 ὑδάτων
3105 747 3292 801 πολλῶν.
3319 744 3411 796 Καὶ
3441 743 3557 806 ὅλως,

706 837 881 890 omnia
913 835 1124 902 colligat
1154 849 1270 901 quae
1301 833 1354 884 in
1394 831 1573 885 Veteri
1615 831 1955 888 Testamento
1979 833 2044 887 de
2073 835 2199 902 aqui

2073 835 2223 902 aquis
2321 839 2535 907 αγαγών
2559 857 2638 902 τις
2666 840 2732 892 τὰ
2748 841 2802 892 ὲν
2817 842 2880 910 τῇ
2907 840 3088 908 Παλαιᾷ
3108 837 3212 909 περὶ
3239 835 3412 888 ὑδάτων
3440 834 3559 900 ἁναγε

705 927 966 986 feruntur,
1001 925 1048 977 is
1081 937 1211 976 sane
1247 921 1446 976 videbit
1488 920 1649 976 illud:
1683 923 1908 989 Spiritus
1949 923 2044 975 Dei
2093 924 2196 991 fere

2093 924 2224 991 [ιι-θ·
2325 929 2476 998 μένα,
2531 930 2621 980 καὶ
2666 930 2739 992 ὡς
2786 930 2866 992 τὸ,
2915 928 3122 996 Πνεῦμα
3151 925 3242 979 τοῦ
3286 923 3412 977 Θεοῦ
3457 922 3555 989 ἐπεε

700 1018 851 1069 batur
873 1029 1024 1081 super
1053 1028 1242 1082 aquam
1265 1013 1344 1078 ⁶⁹;
1375 1020 1427 1066 et
1448 1013 1576 1065 illud
1603 1032 1614 1065 :
1643 1012 1878 1065 Educant
1905 1029 2051 1083 aquae
2069 1015 2193 1082 repli

2069 1015 2223 1082 τεριὶ-
2319 1019 2510 1071 ἐπάνω
2537 1020 2639 1072 τοῦ
2671 1019 2910 1084 ὕδατος·
2953 1019 3037 1072 καὶ
3060 1014 3460 1083 τό·Ἐξαγαγέτω
3493 1012 3548 1065 τὰ

699 1105 770 1158 lia
801 1104 1094 1156 animarum
1123 1102 1418 1164 viventium,
1440 1111 1488 1153 et
1521 1101 1755 1154 volatilia
1775 1103 1849 1165 7°;
1879 1117 1941 1157 ca
1982 1103 2105 1156 item
2132 1102 2192 1156 de

2062 1117 2105 1155 m
2132 1102 2222 1156 dc-
2319 1108 2527 1174 ἑρπετὰ
2556 1108 2767 1177 ψυχῶν
2808 1107 3004 1168 ζωσῶν
3027 1107 3104 1160 καὶ
3131 1105 3336 1158 πετεινὰ
3376 1103 3555 1170 πετόμε

689 1193 994 1264 prehendet—
1031 1207 1148 1262 qua:
1195 1193 1251 1244 in
1302 1191 1502 1246 diluvio
1547 1201 1693 1260 gesta
1749 1198 1906 1252 sunt.
1955 1191 2182 1260 quomod

2066 1191 2220 1245 modo
2318 1213 2374 1247 τε
2409 1198 2464 1249 ἐν
2489 1197 2564 1265 τῷ
2594 1198 2972 1268 κατακλυσμῷ,
3001 1197 3076 1259 ὠς,
3114 1198 3332 1249 ἁπάντων
3356 1193 3559 1264 ύποῦρυ)

689 1281 960 1344 videlicet,
995 1294 1116 1333 cum
1146 1279 1328 1334 omnia
1352 1279 1506 1346 aquis
1538 1278 1816 1332 submersa
1842 1283 2038 1340 essent,
2075 1277 2182 1331 solu

2075 1277 2220 1331 SOIUS
2318 1287 2565 1354 νομένων,
2596 1287 2747 1356 μόνος
2778 1289 2804 1339 ὁ
2844 1288 2963 1338 Νῶε
3008 1288 3083 1339 καὶ
3117 1288 3155 1338 οἰ
3201 1287 3287 1336 σὺν
3325 1283 3555 1351 0.0159613

685 1369 797 1425 Noe
835 1385 958 1424 cum
985 1369 1053 1423 iis
1083 1369 1173 1438 qui
1208 1369 1264 1422 in
1293 1383 1416 1422 arca
1447 1374 1602 1421 erant
1633 1367 1811 1421 salvus
1854 1367 2116 1428 evaserit,
2157 1381 2178 1418 ε

2066 1373 2116 1428 ι,
2157 1381 2219 1418 ea
2318 1373 2372 1422 ἐν
2400 1375 2462 1441 τῇ
2491 1372 2704 1442 ⁸κιϐωτῷ
2723 1391 2734 1402 ·
2766 1376 2858 1426 καὶ
2886 1374 2952 1426 τὰ
2993 1374 3070 1425 ἐπὶ
3094 1373 3173 1442 τῆς
3203 1370 3473 1438 Αἰγύπτου,
3497 1387 3559 1422 κα

686 1459 855 1512 etiam
881 1473 1000 1527 quae
1030 1458 1083 1511 in
1109 1457 1359 1527 Egypto,
1395 1466 1447 1510 et
1477 1457 1529 1509 in
1564 1457 1698 1508 mari
1725 1456 1927 1518 Rubro,
1949 1463 2002 1509 et
2025 1470 2141 1522 quae
2165 1455 2178 1506 i

2063 1470 2141 1508 uae
2165 1455 2218 1507 in
2316 1463 2379 1529 τῇ
2418 1461 2644 1531 Ἐρυθρᾷ
2685 1462 2941 1534 θαλάσσῃ,
2969 1464 3051 1514 καὶ
3090 1462 3145 1513 τὰ
3181 1464 3234 1512 ὲν
3272 1459 3344 1529 τῷ
3377 1460 3556 1530 Ἰορδὰν

683 1545 959 1612 Iordane,
1004 1563 1107 1616 qua
1141 1548 1346 1601 ratione
1380 1546 1470 1600 ﬁlii
1514 1545 1676 1600 Israel
1709 1545 1853 1599 sicco
1885 1545 2016 1613 pede
2043 1551 2176 1598 trans

2062 1559 2220 1600 ,rans-
2317 1549 2526 1620 ἀϐρόχῳ
2560 1549 2675 1602 ποδὶ
2700 1550 3002 1603 διεϐίϐασαν
3024 1551 3066 1601 οἱ
3091 1550 3179 1602 uici.
3218 1546 3435 1617 Ἰσραὴλ,
3459 1547 3555 1615 δύνει

690 1638 869 1692 ὶθτὶηι.

763 1725 927 1782 Vens.
963 1726 1014 1779 4.
1063 1727 1174 1780 Vox
1197 1725 1407 1778 Domini
1441 1727 1492 1778 in
1526 1726 1730 1779 virtute.
1757 1723 1888 1777 Nam
1919 1725 2010 1793 qui
2040 1724 2216 1777 omnia

2062 1724 2216 1777 lmnia
2385 1722 2550 1790 Φωνὴ
2578 1723 2790 1788 Κυρίου
2827 1724 2895 1774 ἐν
2920 1723 3088 1790 ἰσχύϊ.
3122 1723 3173 1772 '0
3201 1720 3304 1791 γὰρ
3339 1719 3504 1772 πάντα
3530 1721 3555 1771 ἰι

690 1821 866 1883 potest
908 1815 960 1867 in
1009 1813 1224 1867 Christo
1272 1815 1361 1881 qui
1411 1827 1468 1866 se
1516 1809 1818 1873 eonfortat,
1871 1810 1917 1862 is
1956 1817 2182 1878 praecepl

2067 1817 2217 1878 cepta
2249 1805 2288 1855 Β
2315 1813 2391 1882 τῷ
2435 1813 2804 1883 ὲνδυναμοῦντι
2845 1813 3000 1865 αὑτὸν
3039 1812 3257 1882 Χριστῷ,
3311 1807 3458 1875 οὗτος
3502 1814 3557 1864 an

692 1905 902 1958 Domini
933 1905 1101 1965 audit,
1142 1912 1196 1958 et
1219 1919 1278 1956 ea
1315 1903 1645 1969 exsequitur.
1687 1899 1802 1953 Vox
1840 1914 1967 1968 ergo
2009 1897 2185 1952 Domin

2062 1897 2217 1952 omini
2317 1903 2535 1956 ὲντολῶν
2564 1904 2781 1972 Κυρίου,
2812 1903 2905 1955 καὶ
2933 1906 3082 1955 ποιεῖ.
3112 1902 3259 1972 Φωνὴ
3295 1899 3383 1955 οὖν
3411 1903 3555 1972 κυρίη

687 2010 795 2048 non
824 1995 875 2046 in
900 1993 1058 2046 debili
1088 2007 1149 2046 ac
1173 1993 1348 2046 soluta
1384 1991 1581 2054 anima,
1615 1990 1708 2044 sed
1748 1989 1800 2042 in
1840 1989 2056 2042 robusta
2102 2002 2180 2056 qu:

2102 2002 2218 2056 qua:
2315 1998 2380 2064 τῇ
2431 1994 2641 2046 ἀσθενεῖ
2679 1995 2769 2046 καὶ
2814 1993 3066 2065 λελυμένῃ
3105 1995 3265 2063 ψυχῇ,
3291 1993 3401 2046 ἀλλ’
3443 1996 3498 2045 ὲν
3525 2003 3559 2045 τ²

684 2085 891 2138 naviter
942 2084 1138 2136 bonum
1177 2089 1443 2150 operatur.
1510 2080 1621 2133 Vox
1669 2079 1878 2131 Domini
1923 2079 1976 2130 in
2020 2093 2177 2146 magna

2062 2077 2219 2146 mgni—
2319 2086 2543 2158 ἰσχυρῶς
2585 2086 3013 2156 κατεργαζομένη
3051 2085 3105 2137 τὸ
3137 2084 3356 2151 ἀγαθόν.
3403 2084 3555 2136 Φωννὶ

687 2174 913 2242 ﬁcentia.
943 2171 1059 2224 Non
1105 2186 1199 2239 per
1225 2185 1286 2224 ea
1319 2170 1526 2232 solum,
1578 2168 1772 2235 inquit,
1807 2181 1924 2234 quae
1953 2165 2017 2220 de
2065 2165 2180 2232 aqui

2065 2165 2216 2232 atlllis
2314 2176 2381 2228 ἐν
2415 2175 2902 2244 μεγαλοπρεπείᾳ.
2934 2176 3004 2226 Οὐ
3045 2174 3122 2226 διὰ
3150 2175 3349 2244 μόνων,
3385 2175 3537 2242 φησί,

685 2259 828 2312 dicta
854 2260 1009 2313 nobis
1042 2268 1186 2321 sunt,
1208 2273 1309 2312 vox
1340 2256 1548 2309 Domini
1582 2255 1912 2320 declaratur,
1936 2253 2026 2308 sed
2055 2253 2178 2306 etiai

2062 2253 2214 2306 Etiam
2317 2265 2485 2334 μένων
2507 2266 2631 2332 ἡμῖν
2658 2281 2722 2315 πε
2734 2265 2783 2332 ρὶ
2811 2263 3010 2315 ὑδάτων
3039 2264 3068 2332 ἡ
3098 2263 3249 2333 φωνὴ
3274 2265 3555 2334 παρίστατε

687 2367 782 2421 per
813 2353 1059 2404 virtutem
1098 2358 1151 2402 et
1200 2348 1649 2418 magniﬁcentiam
1683 2347 1821 2415 eius,
1856 2361 2013 2414 quam
2044 2345 2180 2398 oculi

2044 2345 2214 2399 oculis
2315 2355 2456 2424 ρίου·
2494 2352 2624 2405 ἀλλὰ
2655 2353 2746 2404 καὶ
2778 2352 2864 2404 διὰ
2891 2352 2988 2421 τῆς
3016 2351 3185 2421 ἰσχύος
3224 2353 3396 2406 αὑτοῦ
3433 2357 3527 2406 καὶ

689 2439 1081 2510 deprehendere
1115 2446 1309 2507 potest,
1340 2436 1588 2506 quisquis
1633 2435 1914 2490 confertim
1958 2435 2182 2488 mundun

2063 2435 2210 2488 udum
2311 2443 2649 2513 λοπρεπείας,
2678 2443 2744 2511 ἢν
2777 2442 2918 2514 ἔστιν
2957 2442 3248 2512 ὀφθαλμοῖς
3281 2445 3556 2514 κατανοῆσ

688 2542 854 2586 totum
880 2544 1328 2600 quaquaversum,
1348 2537 1400 2581 et
1430 2537 1609 2596 partes
1641 2527 1757 2595 ejus
1788 2526 2056 2595 sigillatim
2086 2541 2181 2578 con

2086 2541 2213 2578 con-
2309 2531 2395 2584 τὸν
2425 2531 2704 2601 σύμπαντα
2733 2511 2930 2600 κύαμον
2963 2532 3253 2602 ἀπείρατοι,
3298 2533 3453 2597 ἰδίως
3497 2554 3556 2588 τε

681 2621 996 2688 temptatur,
1031 2632 1239 2671 necnon
1298 2615 1714 2669 inenarrabilcm
1767 2614 2174 2682 magnitudinem

2066 2630 2206 2677 nem,
2313 2622 2447 2690 μέρη
2489 2621 2832 2691 θεασάμενον,
2857 2623 2925 2675 τά
2947 2639 3004 2673 τε
3035 2622 3242 2693 μεγέθη
3291 2625 3363 2677 τὰ
3389 2627 3555 2678 ἁνεκδ

684 2709 1002 2764 inell'abilem
1032 2705 1504 2776 pulchritudinem.
1532 2718 1593 2758 ac
1623 2703 1788 2756 multa
1813 2703 2067 2757 varietate
2091 2718 2177 2772 spe

2066 2718 2210 2772 :Spe-
2308 2710 2374 2763 τὰ
2416 2712 2754 2781 ἀνέκφραστα
2795 2712 2983 2781 κάλλη,
3029 2713 3126 2780 τήν
3169 2729 3240 2764 τε
3282 2716 3342 2766 ὲν
3387 2717 3559 2769 αὺτοῖς

682 2797 952 2860 ctabilem,
977 2812 1094 2866 qua:
1117 2795 1247 2858 ipsis
1271 2795 1430 2858 inest,
1457 2793 1794 2862 sapientiam.
1813 2791 1939 2857 Quae
1960 2794 2175 2845 nimirur

2060 2794 2206 2845 uirum
2307 2800 2672 2853 πολυποίκιλον
2728 2802 2947 2869 σοφίαν·
2991 2801 3026 2854 ἃ
3071 2802 3135 2872 δὴ
3173 2805 3459 2874 τυγχάνει
3513 2825 3553 2858 π

681 2894 998 2958 potestatem
1020 2886 1377 2953 virtutemque
1404 2884 1772 2936 universorum
1795 2882 2000 2950 opiﬁcis
2029 2889 2174 2950 apert

2066 2889 2209 2950 perte
2305 2889 2401 2958 τῆς
2431 2890 2520 2942 τοῦ
2567 2891 2965 2960 συστησαμένου
3009 2890 3074 2942 τὰ
3121 2892 3319 2947 πάντα
3366 2895 3559 2967 δυνὰμ

680 2983 1122 3032 commonstrant.
1154 2974 1288 3028 illnc
1319 2981 1400 3028 est
1426 2973 1566 3042 quod
1609 2987 1881 3027 sermones
1914 2973 2173 3042 prophetit

2062 2973 2206 3027 leliCi
2308 2974 2500 3044 ἰσχύος.
2529 2975 2714 3028 Ἔνθεν
2741 2978 2788 3028 οἱ
2815 2979 3136 3047 προφητικοὶ
3162 2977 3332 3047 λόγοι
3356 2983 3465 3054 τὴν
3499 2985 3555 3037 θε

683 3067 774 3121 Dei
808 3067 1087 3120 scientiam
1123 3079 1152 3117 a
1185 3064 1548 3134 magnitudine
1579 3078 1813 3131 operum:-
1835 3062 1950 3130 ejus
1979 3071 2176 3116 mutual

686 3157 720 3173 γ·
766 3163 782 3173 Α
845 3154 884 3173 Λ
913 3154 1193 3173 ,-,__-l,___._
1224 3151 1359 3173 -__-.l
1399 3150 1671 3173 I,._--...:.-...
1713 3150 1906 3173 12-.....“
1945 3156 2056 3173 -_c-
2107 3150 2174 3173 n-

2036 3062 2204 3116 utuati
2231 3112 2274 3173 Ο
2303 3064 2397 3132 τῆς
2423 3063 2812 3134 μεγαλουργίας
2841 3065 3003 3118 αὑτοῦ
3038 3069 3528 3142 παρελάμϐανον.

679 3157 806 3210 sint.
843 3154 1197 3220 Quamobrem
1223 3151 1360 3221 apud
1391 3150 1673 3205 Jercmiam
1709 3150 1909 3203 dictum
1941 3156 2056 3204 cst:
2098 3150 2172 3203 Do

2043 3168 2056 3203 :
2098 3150 2204 3203 Do-
2231 3150 2274 3173 υ
2304 3153 2450 3223 παρὰ
2477 3155 2551 3223 τῷ
2585 3153 2846 3225 Ἱερεμίᾳ·
2884 3157 3098 3224 Κύριος
3141 3161 3175 3212 ό
3221 3163 3527 3231 ποιήσας

681 3247 848 3299 minus
874 3245 962 3314 qui
1002 3244 1123 3313 fecit
1154 3251 1342 3296 terram
1374 3243 1427 3294 in
1461 3240 1761 3309 fortitudine
1790 3257 1887 3294 sua
1910 3242 1976 3307 ⁷⁸,
2011 3252 2063 3295 et
2102 3255 2174 3294 cae

1725 3257 1761 3293 Le
1790 3257 1887 3294 sua
1910 3242 1976 3307 ⁷³,
2011 3252 2063 3295 et
2102 3255 2204 3294 caa-
2302 3241 2573 3311 zﬁja'zvt‘
2596 3245 2799 3308 αὐτοῦ,
2839 3245 2930 3296 καί.
2963 3245 3031 3298 τὰ
3061 3245 3218 3316 ἑξῆς.

679 3344 792 3391 tera
801 3377 814 3390 .
3297 3387 3300 3390 .

747 3423 908 3477 Vens.
943 3422 997 3484 5,
1025 3421 1075 3475 6.
1120 3421 1231 3474 V0.1:
1273 3419 1483 3472 Domini
1515 3416 1882 3486 confringentis
1911 3417 2087 3470 cedros
2111 3431 2128 3468 :
2154 3423 2202 3467 et

2064 3433 2087 3469 s
2111 3431 2128 3468 :
2154 3423 2202 3467 et
2367 3418 2533 3486 Φωνὴ
2575 3420 2788 3486 Κυρίου
2821 3422 3281 3490 συντρίϐοντος
3333 3428 3553 3496 κέδροτ

677 3513 959 3581 confringet
987 3511 1234 3564 Dominus
1269 3509 1442 3563 cedros
1469 3508 1674 3572 Libani,
1705 3519 1752 3562 et
1782 3509 2084 3562 comminuet
2115 3525 2170 3560 ea

2062 3519 2084 3559 't
2115 3525 2201 3562 eas
2298 3509 2396 3573 ψει
2445 3508 2655 3573 Κύριος
2692 3507 2796 3572 τὰς
2833 3508 3089 3575 κέδρους
3146 3512 3278 3565 τοῦ
3337 3518 3555 3570 Attici-1"

680 3615 924 3668 tanquam
977 3600 1193 3653 vitulum
1242 3598 1458 3662 Libani,
1510 3609 1567 3652 et.
1609 3599 1822 3652 dilectus
1877 3599 2173 3667 quemadmo

2059 3599 2202 3650 dmo—
2298 3595 2508 3647 πτυνεῐ
2543 3594 2725 3660 αὑτὰς
2751 3596 2828 3660 ὡς
2861 3597 2965 3648 τὸν
2997 3600 3274 3667 μόσχον
3330 3607 3460 3659 τοῦ
3514 3613 3551 3660 Λ

677 3707 800 3744 ωιτη
841 3691 980 3758 ﬁlius
1025 3690 1372 3742 unicornium.
1417 3688 1528 3741 Hoc
1575 3690 1701 3744 item
1752 3689 1906 3742 modo
1941 3691 2170 3758 interpre

2066 3705 2202 3758 Ῥω-
2299 3684 2393 3736 καὶ
2432 3687 2464 3736 ό
2500 3685 2874 3752 ἡγαπημένος
2904 3688 2984 3752 ὡς
3018 3689 3163 3755 υἱός
3192 3703 3559 3766 μονοκερο

679 3780 809 3832 teris
834 3797 848 3832 :
881 3793 974 3846 per
1002 3778 1225 3832 vitulum
1250 3777 1459 3839 Libani,
1485 3777 1647 3830 ﬁlium
1679 3779 2030 3841 unicornium,
2058 3779 2172 3831 vidc

2059 3779 2201 3831 vidc—
2297 3772 2491 3832 οὕτως’
2521 3772 2728 3840 Μόσχον
2771 3773 2910 3826 ἔοικε
2955 3776 3242 3844 Λιϐάνου,
3304 3785 3420 3838 τὸν
3479 3791 3552 3840 ut?

678 3873 768 3919 tur
789 3864 1206 3934 Hierosolymam
1240 3862 1502 3927 indicare,
1534 3872 1693 3932 atque
1714 3865 1860 3917 illum
1887 3865 2088 3932 pridem
2117 3865 2168 3917 di

2064 3880 2088 3917 [ι
2117 3865 2200 3917 di-
2296 3875 2420 3924 των,
2450 3858 2544 3928 τὴν
2579 3860 2923 3932 Ἰερουσαλὴμ
2949 3864 3172 3933 λέγειν,
3215 3874 3348 3925 καὶ
3398 3876 3516 3929 τὸν
3552 3901 3557 3911 ,

677 3957 870 4010 lectum
901 3955 1065 4008 ﬁlium
1091 3954 1450 4008 unicornium.
1475 3953 1606 4007 Nam
1638 3969 1702 4008 ex
1733 3955 1934 4008 sanctis
1957 3955 2170 4022 patribu

2062 3955 2194 4009 qbus
2299 3945 2450 4014 μένον
2484 3945 2591 3998 υἱὸν
2635 3950 3035 4018 μονοκεριίηων.
3095 3955 3288 4008 Ἐπεὶ
3360 3966 3555 4034 πατέρ

675 4047 780 4100 or-ti
816 4053 960 4109 sunt,
1007 4047 1098 4115 qui
1141 4045 1267 4098 olim
1317 4043 1603 4097 unicornes
1642 4043 2028 4106 vocitabantur,
2072 4045 2168 4111 qui;

2072 4045 2195 4111 quia
2295 4037 2479 4104 ἁγίων,
2522 4037 2712 4100 οἵτινες
2758 4038 3002 4106 ἐλέγοντο
3057 4048 3543 4118 μονοκέρωτες

673 4151 781 4189 uno
807 4135 914 4188 Deo
945 4133 1110 4188 veluti
1139 4148 1304 4186 cornu
1337 4141 1462 4185 sunt
1495 4131 1578 4184 usi
1607 4151 1618 4184 :
1656 4145 1758 4198 qua
1791 4131 1856 4184 de
1903 4146 1960 4184 re
1997 4131 2163 4199 gloria

2063 4131 2193 4183 aria-
2293 4124 2408 4193 Θεῷ
2443 4125 2626 4196 κέρατι
2652 4128 2966 4197 κεχρῆσθαι,
2995 4131 3080 4194 ὡς
3112 4135 3217 4186 ἐπ’
3252 4140 3461 4212 αὐτῷ
3495 4162 3556 4196 σε

674 4223 868 4276 bantur
907 4222 992 4276 his
1028 4220 1240 4276 verbis:
1291 4218 1353 4271 In
1397 4228 1441 4272 te
1464 4219 1695 4270 inimicos
1749 4227 1948 4271 nostros
1980 4219 2162 4270 ventila

2048 4219 2194 4270 itila-
2292 4216 2484 4284 λέγειν’
2529 4218 2621 4268 Ἐν
2652 4217 2751 4270 σοὶ
2778 4219 2916 4283 τοὺς
2953 4221 3258 4290 ἐχθροὺς
3303 4232 3541 4299 ἡμῶν

673 4311 837 4362 birnus
867 4325 1023 4362 cornu
1046 4310 1114 4361 τ’.
1138 4308 1374 4372 Quorum
1405 4307 1495 4359 ﬁlii
1531 4308 1700 4371 fuere,
1719 4306 1880 4360 duces
1909 4304 2094 4359 Sarion
2127 4324 2166 4360 cz

2044 4323 2094 4359 ῃ]
2127 4324 2193 4360 ex
2292 4299 2388 4356 Ὧν
2420 4307 2521 4358 υἱοί
2566 4307 2842 4374 γεγόνασιν
2872 4310 2921 4359 οἱ
2956 4311 3109 4378 ήγού
3123 4330 3325 4381 μενοι.
3387 4323 3537 4375 τῶν

671 4399 1098 4460 circumcisione,
1133 4399 1211 4452 sic
1235 4401 1375 4451 enim
1409 4397 1460 4449 in
1499 4397 1618 4450 aliis
1646 4396 1968 4451 cditionibus
1997 4413 2162 4450 vocan

2066 4413 2192 4450 can-
2223 4429 2265 4481 Ι)
2294 4398 2497 4467 Σαρίων
2523 4398 2594 4466 (l)
2622 4397 2847 4450 ἐνταῦθα
2868 4401 3243 4472 κεκλημένοι
3275 4416 3491 4467 κατὰ
3531 4435 3559 4467 π

671 4496 778 4551 tur,
812 4505 926 4557 qua.
954 4503 1082 4542 voce
1124 4490 1372 4556 principes
1404 4489 1790 4554 signiﬁcantur.
1837 4489 1939 4544 Eos
1971 4491 2162 4543 commi

2066 4491 2192 4543 nmi—
2298 4503 2425 4548 σεις,
2456 4487 2483 4537 ὃ
2517 4488 2871 4555 ἑρμηνεύεται
2895 4488 3266 4559 ἄρχοντες,
3299 4499 3447 4565 οὒς
3482 4506 3559 4557 ἀς

671 4579 886 4634 natione
919 4579 1170 4632 contrivit
1203 4593 1318 4641 sua,
1351 4593 1457 4632 una
1489 4595 1610 4632 cum
1636 4579 1995 4648 Hierosolyma
2030 4597 2164 4649 quan

2069 4597 2185 4633 nam
2297 4573 2428 4643 μετὰ
2456 4574 2552 4641 τῆς
2595 4575 2960 4646 Ἰερουσαλὴμ,
2990 4580 3068 4649 ἢν
3109 4583 3394 4656 μόσχον
3451 4593 3559 4661 ξφ

667 4669 892 4722 vitulum
924 4675 978 4721 et
1033 4667 1293 4720 Libanum
1345 4675 1634 4736 nuncupat.
1697 4667 1749 4721 id
1812 4670 1951 4721 enim
2010 4678 2160 4736 apert

2066 4678 2188 4721 pene
2293 4664 2479 4731 Σαφῶς
2509 4664 2613 4734 γὰρ
2649 4666 2902 4735 Ἰεζεκιὴλ
2939 4669 2968 4718 ὁ
3004 4676 3408 4746 προφήτης
3481 4703 3559 4738 τε

670 4756 910 4811 Ezechiel
932 4757 1187 4825 propheta
1213 4756 1529 4826 signiﬁcavit
1552 4758 1633 4810 his
1656 4757 1861 4811 verbis:
1883 4756 2008 4809 Htt’c
2027 4758 2151 4808 dicit

2066 4758 2185 4808 icit:
2291 4755 2492 4844 φήσαςο
2538 4753 2678 4806 Τάδε
2721 4755 2912 4821 λέγει’
2971 4759 3030 4810 Ὁ
3081 4763 3332 4831 ἀετὸς
3413 4777 3468 4825 ό
3537 4799 3559 4844 Α

667 4847 855 4916 Aquila
874 4846 1085 4916 grandis
1108 4864 1411 4916 magnarum
1433 4849 1656 4911 alarum,
1680 4849 1826 4916 longo
1848 4847 2160 4900 membrorun

2072 4864 2185 4899 rum
2287 4841 2662 4910 λοπτέρυγος,
2703 4848 2736 4897 ό
2758 4846 2990 4913 μακρὸς
3027 4850 3128 4918 τῇ
3190 4841 3559 4916 ἐκτάσεί

667 4934 844 4999 ductu,
883 4937 1033 5002 plena
1081 4936 1359 5006 unguibus,
1403 4938 1706 5004 ductumque
1750 4936 1896 4988 habet
1940 4945 1991 4987 ut
2023 4938 2160 5003 ingre

2065 4951 2186 5003 rgre-
2289 4949 2407 4998 κων
2433 4931 2498 4996 ὃς
2521 4933 2641 4999 ἔχει
2672 4933 2736 4985 τὸ
2766 4934 2963 5004 ἢγημα
2999 4942 3439 5000 εἰσελθεῖν
3484 4958 3558 5006 εξ

667 5023 843 5077 diatur
865 5027 918 5077 in
947 5025 1219 5090 Libanum,
1244 5036 1292 5080 et
1319 5029 1434 5080 tulit
1456 5027 1644 5080 selecto
1675 5026 1832 5090 cedri,
1862 5026 2160 5078 summitate.

2062 5033 2181 5075 lates
2287 5022 2381 5074 καὶ
2414 5021 2584 5074 ἔλαϐε
2620 5021 2692 5074 τὰ
2714 5023 3001 5080 ἐπίλεκτοι
3054 5029 3214 5097 τῆς
3263 5036 3555 5107 κέδρο

669 5113 925 5182 frondium
956 5124 1274 5180 tenerorum,
1318 5127 1365 5170 et
1393 5116 1576 5168 detulit
1609 5132 1670 5168 ea
1702 5116 1753 5166 in
1793 5125 1981 5166 terram
2025 5111 2162 5164 Chal

2025 5111 2184 5164 Chal-
2286 5113 2671 5178 ἁπαλότητος,
2714 5117 2810 5169 καὶ
2866 5118 3180 5187 ἤνεγκεν
3261 5128 3515 5185 αὐτὰ

665 5202 895 5256 deorum
937 5201 1228 5278 [Chanaan]
1271 5208 1334 5260 ⁷³.
1392 5206 1519 5272 Qua:
1571 5207 1682 5273 ipse
1729 5204 1780 5256 in
1843 5201 2158 5270 sequentibu:

2051 5201 2180 5255 Libus
2284 5199 2485 5251 δαίων*
2513 5199 2547 5253 ἂ
2573 5204 2665 5255 καὶ
2686 5203 2773 5256 διὰ
2798 5206 2904 5259 τῶν
2933 5208 3085 5278 ἑξῆς
3125 5213 3529 5286 ἡρμήνευ

666 5290 1043 5359 interpretatur
1089 5291 1311 5348 dicens:
1358 5295 1487 5349 Cum
1528 5293 1716 5348 venerit
1761 5291 1868 5343 Rea:
1902 5289 2159 5358 Babyloni.

2042 5290 2179 5341 Ilonis
2283 5289 2425 5358 ἔλθῃ
2451 5293 2746 5361 ,βασιλεὺς
2772 5299 3190 5368 Βαϐυλῶνος
3229 5305 3394 5360 ἐπὶ
3477 5315 3535 5368 ἰ

733 5439 776 5470 ⁸⁸
801 5439 992 5494 Gcnes.
1023 5454 1062 5504 ι,
1087 5439 1141 5492 ‘2.
1237 5443 1280 5472 "‘-'
1311 5441 1437 5497 ibid.
1467 5444 1555 5496 20.
1631 5445 1672 5474 ⁷⁸
1724 5441 1916 5497 Jerem.
1944 5456 1996 5504 x,
2022 5439 2104 5492 19..
2178 5440 2224 5470 τ’

1890 5460 1916 5494 ι.
1944 5456 1996 5504 x,
2022 5439 2104 5492 19..
2178 5440 2224 5470 ⁷³
2251 5438 2392 5493 Psal.
2424 5458 2581 5508 XLIII,
2602 5447 2654 5500 6.
2733 5451 2777 5481 "
2806 5448 3010 5507 Ezech.
3042 5469 3245 5520 xvn,
3293 5459 3383 5516 5.

734 5589 808 5673 _(|)
841 5587 955 5673 Volt
976 5590 1482 5673 Scaptiumareliquis
1509 5599 1898 5673 interpretibus
1928 5614 2200 5667 expressa,
2241 5612 2298 5650 ex
2336 5599 2597 5658 llebraico
2654 5607 2833 5670 Sirion
2884 5611 3193 5671 confecta
3251 5625 3384 5673 est
3425 5636 3445 5673 ;

597 5697 614 5724 ,
662 5661 984 5727 ιιῐιιετρῐρῑεε
1015 5660 2014 5732 ἠγαπημένον,’άὶίετιιιηιξῑτιιιιδιιιῖυΐρί

1954 5685 1964 5694 .
1982 5660 2011 5701 ἰ
2188 5660 2192 5661 ⁷
2654 5660 2684 5663 ν-
2700 5660 2729 5665 ν·
2750 5660 2833 5670 ’νιν
2885 5660 3096 5671 'v-c-v-
3114 5660 3193 5668 σν*
3255 5660 3384 5673 ‘1'"-
3425 5660 3447 5686 ’

1968 5688 2014 5722 ι.
