3782 6346
162 373 251 425 ἳὲἱἾ

171 485 391 554 λήψεται
412 481 508 534 τὸν
539 478 820 540 ,ϐασιλέα
851 485 1053 557 αὐτῆς
1087 493 1181 545 καὶ
1207 493 1308 546 τὸν
1335 495 1588 563 ἄρχοντα
1609 498 1708 549 αὺ-

175 576 289 643 τῆς.
329 572 542 634 Τούτους
581 572 696 642 γὰρ
737 573 1042 630 ἐπίλεπτα
1092 579 1182 630 καὶ
1226 581 1374 649 ἄκρα
1420 585 1709 651 κέκληκεν

170 665 534 729 ἁπαλότητος.
577 665 803 734 Μόσχον
837 666 900 720 δὲ
943 670 1112 739 αὐτῆς
1156 687 1283 740 φησι
1327 674 1385 725 τὸ
1427 675 1710 744 θυσιαστή-

172 770 287 823 ριον,
310 755 363 805 ὲν
387 749 429 820 ᾧ
459 754 692 824 μόσχους
723 757 824 809 καὶ
857 757 1052 821 θυσίας
1077 760 1333 830 ἀνέφερον
1353 782 1365 793 ο
1391 764 1425 816 ἃ
1453 764 1512 835 δὴ
1540 766 1710 818 πάντα

168 844 523 915 συντέτριπται
563 845 707 914 μετὰ
721 847 970 916 Σαρίων,
989 850 1016 901 ὅ
1049 850 1190 904 ἐστιν
1220 852 1506 922 ἀρχόντων.
1527 855 1706 919 Οὕτως

158 927 248 982 οἷν
269 949 392 1001 φησι
426 933 704 1003 συντρίψει
736 936 836 987 καὶ
879 937 1007 1000 τοὺς
1041 939 1097 989 ὲν
1142 943 1251 1002 τοῖς
1277 941 1477 1003 λοιποῖς
1509 942 1707 996 ἔθνεσιν

151 1021 377 1084 ἀσεϐεῖς,
415 1024 538 1083 τοὺς
564 1023 970 1093 ἐπαιρομένους
996 1026 1070 1088 ὡς
1096 1027 1191 1090 τὰς
1235 1030 1452 1099 κέδρους
1482 1030 1572 1083 τοῦ
1606 1033 1698 1083 Λι-

149 1113 324 1165 δάνον.

218 1199 376 1266 Φωνὴ
407 1200 630 1265 Kvplov
677 1203 1086 1270 συσσείοντος
1113 1205 1348 1274 ἔρημον,
1389 1209 1704 1262 συσσείσει

145 1292 347 1356 Κύριος
388 1291 504 1354 τὴν
541 1292 776 1360 ἔρημον
824 1291 1041 1358 Κάδης.
1087 1296 1317 1365 Ἀληθῶς
1358 1298 1460 1367 γὰρ
1503 1301 1534 1369 ή
1570 1299 1706 1369 σύμκ-

148 1399 282 1434 πασα
307 1379 414 1432 τῶν
447 1381 548 1433 ἀνθ
561 1383 768 1452 ρώπων
801 1386 1110 1455 οἰκουμένη,
1141 1386 1337 1456 ἕρημος
1363 1385 1493 1440 οὖσα
1516 1390 1701 1459 πρότε-

150 1490 242 1541 ρον
266 1472 386 1524 Θεοῦ
414 1475 681 1539 γνώσεως
708 1476 803 1527 καὶ
827 1475 1122 1539 εὐσεϐείας,
1160 1478 1464 1548 συνεσείσθη
1500 1478 1582 1531 διὰ
1608 1478 1698 1530 τοῦ

145 1564 480 1631 εὐαγγελικοῦ
518 1568 903 1635 κηρύγματος,
947 1567 1020 1629 ὡς
1053 1567 1366 1636 μεταϐαλεῖν
1403 1570 1565 1639 αὐτὴν
1595 1571 1698 1622 ἀπὸ

143 1655 329 1716 κακίας
372 1656 451 1715 εἰς
484 1655 716 1725 ἀρετὴν,
768 1657 863 1709 καὶ
891 1658 996 1710 ἀπὸ
1029 1657 1243 1724 ἀγνοίας
1281 1660 1356 1720 είς
1397 1659 1698 1730 ἐπιστήμην

143 1740 296 1794 θείαν.
325 1743 558 1810 Γέγονεν
595 1740 692 1796 οὖν
719 1745 780 1810 ἐξ
811 1747 1015 1814 ἐρήμου
1048 1747 1349 1817 οἰκουμένη.

205 1919 364 1986 Φωνὴ
422 1922 657 1989 Κυρίου
722 1920 1205 1988 καταρτιζομένου
1259 1920 1535 1989 ἐλάφους,
1596 1921 1692 1973 καὶ

139 2007 510 2074 ἀποκαλύψει
553 2007 842 2075 δρυμοὺς,
873 2008 969 2059 καὶ
1007 2008 1074 2059 ἐν
1113 2007 1190 2072 τῷ
1219 2009 1340 2073 ναῷ
1370 2009 1548 2062 αὐτοῦ
1578 2010 1692 2074 πᾶς

139 2114 225 2162 τις
267 2098 424 2166 λέγει
476 2099 690 2162 δόξαν.
745 2099 1002 2165 Ἑλάφους
1032 2099 1160 2169 γὰρ,
1201 2101 1379 2170 φησὶν,
1426 2103 1453 2152 ό
1496 2099 1692 2169 Κύριος

141 2189 603 2256 καταρτισὰμενος
629 2205 641 2216 ·
675 2187 814 2251 ζῶον
861 2187 1154 2258 φιλέρημον
1185 2189 1486 2255 ὀφιοκτόνον
1512 2207 1569 2240 τε
1602 2191 1692 2242 καὶ

142 2278 492 2348 κερασφόρον,
530 2279 628 2330 καὶ
673 2277 818 2330 κατὰ
852 2279 940 2330 τὸν
987 2279 1146 2347 νόμον
1206 2278 1461 2349 καθαρὸν,
1507 2279 1564 2331 ὃν
1611 2279 1693 2345 ἐξ·

146 2363 381 2432 ἐπεμψεν
397 2366 476 2428 είς
495 2366 595 2434 τὴν
616 2365 1052 2434 προδηλωθεῖσαν
1083 2366 1301 2436 ἔρημον.
1330 2369 1390 2419 Οἱ
1415 2368 1469 2419 δὲ
1495 2368 1690 2438 ταύτην

146 2451 512 2523 διαδραμόντες
542 2455 673 2516 τοὺς
705 2455 764 2504 ὲν
795 2455 929 2523 αὐτῇ
964 2455 1113 2522 ὄφεις
1144 2459 1254 2519 τοῖς
1295 2457 1495 2510 ἑαυτῶν
1535 2477 1690 2511 κατε-

149 2541 381 2611 πάτησαν
411 2544 555 2604 ποσὶ,
584 2543 770 2596 πάντα
817 2560 874 2594 τε
906 2543 972 2596 τὰ
1002 2546 1057 2595 ὲν
1084 2547 1146 2613 τῇ
1175 2547 1359 2616 ἐρήμῳ
1398 2548 1568 2600 Ξοϐόλα
1600 2549 1692 2620 θη-

152 2629 231 2697 ρία
261 2632 468 2701 μακρὰν
506 2631 798 2702 ἀπήλασαν
821 2650 834 2661 ο
864 2626 936 2686 ὧν
975 2633 1287 2696 ἐλαθέντων,
1322 2637 1690 2708 ἀπεκαλύφθη-

148 2733 239 2770 σαν
269 2724 311 2772 οξ
343 2722 532 2791 δρυμοί
558 2740 572 2752 ·
605 2723 717 2777 Καὶ
758 2723 828 2774 ἐν
867 2722 946 2787 τῷ
981 2721 1102 2786 ναῷ
1136 2721 1250 2788 πᾶς
1281 2743 1367 2790 τις
1403 2727 1559 2795 λέγει
1591 2728 1688 2780 δό-

149 2806 273 2866 ξαν.
315 2811 519 2882 Σφόδρα
544 2813 793 2882 ἀκριϐῶς
821 2812 1062 2882 εἴρηται·
1095 2814 1195 2865 Καὶ
1227 2813 1295 2865 ἐν
1323 2814 1400 2878 τῷ
1441 2816 1560 2880 ναῷ
1590 2820 1690 2870 αὐ-

151 2896 248 2947 τοῦ
290 2897 402 2963 πᾶς
435 2917 523 2965 τις
563 2904 733 2968 λέγει
786 2900 1004 2963 δόξαν·
1049 2901 1227 2952 οὐκέτι
1276 2900 1380 2971 γὰρ
1432 2903 1686 2966 Ἰουδαῖοι,

153 2983 303 3038 ὠδὲό
327 2990 389 3040 ὲκ
419 2989 726 3059 περιτομῆς
763 2989 910 3052 λαὸς,
949 2989 1080 3040 ἀλλὰ
1109 2991 1212 3051 πᾶς
1234 3007 1316 3052 τις
1358 2993 1385 3043 ό
1416 2990 1472 3054 ἐξ
1516 2993 1687 3045 ἁπάν-

156 3086 248 3124 των
274 3077 370 3128 τῶν
403 3078 570 3131 ἐθνῶν
594 3078 966 3149 ἐπιστραφείς.
998 3079 1208 3143 Κύριος
1249 3078 1424 3146 ἰσχὺν
1452 3080 1529 3145 τῷ
1560 3081 1685 3146 λαῷ

156 3166 317 3217 αὑτοῦ
352 3165 557 3220 δώσει·
593 3169 810 3234 Κύριος
853 3166 1169 3234 εὐλογήσει
1201 3166 1302 3219 τὸν
1326 3165 1476 3218 λαὸν
1504 3169 1684 3221 αὐτοῦ

158 3251 216 3299 ἐν
239 3255 450 3324 εἰρήνῃ.

655 3345 948 3396 ΨΑΛΜΟΣ
983 3343 1154 3395 ΩΔΠΣ

153 3425 278 3480 τΟΥ
293 3433 759 3488 ΕΓΚΑΙΜΣΜΟΥ
783 3435 916 3487 ΤΟΥ
941 3434 1148 3488 ΟιΚΟΥ
1173 3434 1309 3489 ΤΟΥ
1337 3435 1531 3487 ΔΑΥΙΔ
1555 3436 1679 3490 KB'.

209 3556 340 3612 Ἀλλ’
372 3562 513 3616 εἴποι
547 3564 635 3626 τίς
677 3564 744 3617 ἂν
781 3563 919 3633 πρὸς
957 3564 1132 3629 τοῦτο,
1162 3563 1235 3626 ὡς
1267 3564 1514 3634 οὐδεμίαν
1547 3567 1685 3618 οἰκο-

142 3639 298 3714 δομῆς
324 3652 468 3703 οἴκου
497 3653 530 3722 ἢ
555 3652 685 3705 ναοῦ
719 3655 951 3705 ποιεῖται
985 3653 1201 3722 μνήμην
1225 3669 1238 3682 ο
1272 3651 1388 3704 οὗδέ
1418 3670 1500 3715 τις
1533 3653 1682 3721 λόγος

139 3727 279 3784 ἐστὶν
315 3741 372 3791 ὲν
404 3742 480 3810 τῷ
521 3741 725 3811 ψαλμῷ
764 3742 1055 3811 δυνάμενος
1093 3742 1349 3812 ἁρμόζειν
1393 3744 1680 3808 ὲγκαινίοις

132 3817 297 3891 οἴκου,
355 3831 429 3894 ὡς
480 3833 699 3902 νομίσαι
764 3831 883 3885 τινὰ
948 3833 1039 3884 ἐπὶ
1105 3833 1433 3902 ὲγκαινισμῷ
1479 3832 1571 3885 τοῦ
1623 3837 1678 3886 ὲν

134 3902 521 3988 Ἰεροσολύμοις
544 3919 654 3972 νεὼ
678 3921 771 3972 τὺν
797 3919 1149 3990 προκείμενον
1175 3919 1382 3988 ψαλμὸν
1411 3922 1674 3990 εἰρῆσθαι.

129 3990 277 4050 Ἀλλ’
311 4008 433 4060 ἐπεὶ
463 4008 918 4078 προγέγραπται,
953 4006 1123 4078 ’ῼδῆς
1166 4008 1544 4076 ἐγκαινισμοῦ
1574 4010 1676 4063 τοῦ

108 4082 293 4170 ξ’ῖκοψ
313 4113 327 4126 ·
385 4100 578 4151 σκόπει
627 4101 838 4168 μήποτε
891 4098 1036 4150 οἷκον
1077 4098 1302 4151 ἐνταῦθα
1344 4101 1441 4170 τὴν
1487 4101 1673 4153 ἑαυτοῦ

102 4166 297 4250 Ψυχὴν
322 4166 650 4238 αἱνίττεταιή·
693 4166 754 4237 ἓν
849 4185 910 4237 τὸ
940 4185 1077 4237 θεῖον
1106 4185 1341 4255 Πνεῦμα,
1372 4166 1447 4249 ῶς
1481 4190 1536 4239 ὲν
1565 4188 1673 4258 ναῷ

95 4258 347 4330 δίκῆςάν
391 4290 538 4338 ποτε,
579 4273 764 4344 καιρῷ
793 4291 896 4326 τινι
935 4273 1134 4343 ἔρημον
1163 4275 1328 4344 αὐτὴν
1367 4276 1670 4329 καταλέλοι-

91 4359 194 4412 πεν,
305 4363 664 4435 ἀναχωρῆσαν
716 4362 804 4416 διὰ
861 4361 958 4432 τὴν
1016 4362 1482 4433 πλημμεληθεῖσαν
1529 4366 1670 4435 αὐτῷ

309 4451 398 4504 τὸν
433 4453 638 4522 Οὐρίαν
681 4452 778 4504 καὶ
823 4451 920 4520 τὴν
963 4451 1147 4504 τούτου
1188 4455 1415 4519 γυναῖκα
1454 4453 1677 4524 πρᾶξιν·

80 4519 138 4610 ξιῗ
164 4523 292 4599 ἷδν
321 4537 411 4586 καὶ
441 4519 600 4606 μέχρι
633 4536 728 4589 τοῦ
775 4519 1004 4589 θανάτου
1055 4537 1410 4608 κατελήλυθε,
1455 4519 1521 4593 τά
1571 4543 1672 4610 πρὸ

75 4601 359 4696 ματος)
394 4601 746 4696 ἀμαρίέήσαςσ
794 4625 1019 4694 δυνάμει
1065 4625 1119 4676 δὲ
1163 4601 1279 4678 τότε
1331 4601 1424 4680 καὶ
1466 4630 1544 4690 είς
1585 4601 1672 4682 τόν

357 4748 372 4770 ,
414 4690 515 4766 ,ξαι-
544 4690 627 4777 είς
669 4713 766 4766 τὸν
808 4690 942 4783 ᾅδην
987 4714 1280 4785 κατηνέχθη
1302 4756 1316 4781 ,
1372 4717 1566 4786 κατέϐη
1613 4735 1671 4770 τε

74 4783 348 4861 ϋηέὦς
369 4803 445 4864 είς
465 4803 762 4872 διαφθοράν
779 4820 792 4832 ·
839 4801 918 4863 ὡς
947 4801 1034 4854 διὰ
1078 4802 1245 4856 ταῦτα
1271 4783 1488 4873 θρήνοις
1513 4783 1671 4856 αὺτὸν

79 4875 415 4954 τιμᾶται,
464 4894 670 4946 σάκκον
721 4909 782 4945 τε
839 4893 962 4944 ἀντὶ
991 4891 1089 4959 τῆς
1133 4893 1405 4961 βασιλικῆς
1454 4893 1672 4961 ἐσθῆτος

123 4973 524 5034 τειῆῗδαλέσθαι,
570 4981 715 5032 Ἀλλ’
761 4979 950 5048 ἐπειδὴ
1001 4979 1267 5048 ἀξιόλογον
1317 4979 1674 5050 ἐνδειξάμενος

161 5055 425 5144 inﬁrmati,
459 5071 650 5122 ἑαυτόν
696 5085 758 5121 τε
794 5067 1034 5125 κολάσας
1078 5069 1168 5118 καὶ
1212 5069 1670 5136 τιμωρησάμενος,

347 5173 398 5208 τε
423 5158 840 5228 ἐγκαρτερήσας
868 5155 992 5214 ταῖς
1024 5152 1474 5222 ὲξομολογήσεσιν,
1506 5158 1672 5225 ἐπαγ-

163 5220 315 5313 tilia»
345 5220 582 5312 ἀφέξεωξ
776 5239 1056 5311 ἁμαρτίας
1106 5220 1320 5308 εἴληφε,
1364 5240 1448 5291 διὰ
1488 5244 1578 5294 τοῦ
1609 5220 1671 5296 ἐκ

163 5309 424 5402 στῖέρματός
447 5333 614 5387 αὐτοῦ
643 5309 1109 5402 προελευσομένου
1126 5325 1371 5396 Χριστοῦ,
1400 5328 1670 5395 μέλλοντος

243 5393 422 5492 μέχριξ
467 5423 596 5492 ᾅδου
643 5393 1085 5486 καταϐήσεσθαι·
1129 5393 1342 5475 εἰκότως
1373 5393 1466 5482 τῆς
1507 5393 1668 5488 κατηέ

306 5479 643 5581 μεταϐαλὼν,
678 5509 774 5560 καὶ
806 5479 914 5571 ei};
945 5505 1032 5569 ἐφ’
1058 5498 1134 5564 οἷς
1167 5479 1450 5570 ἐτόλμησεν
1480 5479 1662 5575 ἐξομό-

215 5570 225 5584 Ι

139 5570 404 5662 λογήσεὼς,
443 5570 801 5667 εὐχαριστίαν
847 5570 1162 5658 ἀναπέμπει
1203 5591 1274 5658 τῷ
1313 5591 1430 5659 Θεῷ
1459 5570 1654 5660 λὲγῶν·

177 5707 289 5774 δ’δ’
315 5749 500 5804 Ezeclt.
537 5760 671 5803 xvn,
705 5742 792 5793 1⁸2.

1278 354 1766 434 COMMENTARIA
1806 381 1871 436 1N
1907 378 2235 436 rsawos.

3221 390 3327 446 εει

1734 498 1860 558 Ain
1902 497 2230 562 Jerusatem,
2304 505 2528 550 assumet
2583 513 2747 567 regem
2809 517 2918 566 ejus
2948 510 2995 554 et
3049 504 3325 573 principem

1808 587 1918 655 ejus
1941 587 2077 640 "-53.
2094 586 2201 640 Hos
2226 587 2411 640 selecta
2434 595 2603 653 vocat,
2631 598 2678 642 et
2702 593 3018 644 summitates
3063 593 3326 660 frondium

1809 686 2097 730 tenerorum
2147 678 2282 746 ejus.
2313 677 2549 730 Vitulum
2587 685 2760 732 autem
2786 680 2924 749 ejus,
2952 682 3116 737 altare
3147 694 3323 748 vocat,

1808 766 1861 819 in
1889 783 1992 836 quo
2014 769 2207 822 vitulos
2238 775 2290 822 et
2329 767 2588 821 sacrificia
2617 767 2925 824 oderebant.
2961 771 3088 836 Quae
3124 775 3322 837 omnia,

1806 874 1909 912 una
1938 875 2056 912 cum
2093 857 2294 920 Sariis,
2327 857 2378 910 id
2418 867 2499 911 est
2545 858 2877 926 principibus
2921 860 3057 928 ejus,
3094 863 3324 916 contrita

1805 962 1948 1002 sunt.
1982 948 2075 1012 lta,
2113 948 2304 1016 inquit,
2349 954 2658 1000 caeterarum
2695 950 2925 1016 gentium
2963 951 3153 1020 impios
3195 966 3323 1006 con-

1804 1042 1957 1099 teret,
1990 1037 2078 1105 qui
2109 1037 2277 1090 instar
2307 1035 2589 1090 cedrorum
2622 1033 2806 1090 Libani
2842 1037 3199 1107 erigebantur.

1870 1210 2030 1265 Vens.
2060 1210 2111 1264 8.
2169 1209 2280 1262 Vox
2326 1209 2536 1262 Domini
2581 1209 2913 1264 concutientis
2951 1211 3226 1275 desertum,
3272 1221 3321 1266 et

1801 1301 2127 1354 commovebit
2174 1299 2425 1353 Dominus
2469 1301 2724 1354 desertum
2777 1301 2960 1376 Gades.
2998 1300 3133 1355 Vere
3177 1311 3320 1358 totus

1799 1393 1944 1446 orbis
1976 1392 2269 1453 hominum,
2291 1407 2411 1443 cum
2439 1400 2560 1444 ante
2589 1390 2680 1444 Dei
2710 1392 3008 1460 cognitione
3043 1407 3103 1445 ac
3129 1393 3320 1461 pietate

1797 1492 1996 1530 vacuus
2025 1485 2073 1530 et
2118 1476 2359 1532 desertus
2393 1486 2565 1539 esset,
2599 1493 2693 1545 per
2731 1479 3087 1547 evangelicam
3129 1481 3318 1548 pradi-

1797 1568 2059 1619 eationem
2094 1575 2395 1620 commotus
2428 1573 2544 1629 est,
2595 1566 2666 1618 ita
2701 1577 2755 1620 ut
2784 1583 2812 1620 a
2853 1568 3087 1636 nequitia
3115 1569 3179 1621 ad
3209 1569 3318 1624 vir-

1796 1665 1961 1709 tutem
1983 1697 1996 1720 ,
2033 1655 2100 1707 ab
2141 1656 2439 1724 ignorantia
2474 1654 2538 1707 ad
2561 1657 2835 1709 scientiam
2873 1657 3103 1709 divinam
3137 1663 3315 1711 trans-

1797 1754 2014 1797 mearet.
2059 1743 2136 1796 Ex
2169 1729 2379 1798 deserto
2424 1745 2584 1815 igitur
2615 1745 2885 1800 habitatus
2912 1746 3056 1799 orbis
3097 1746 3316 1802 etlectus

1722 1831 1763 1885 Β
1791 1841 1889 1886 εει.

1861 1920 2021 1975 Vens.
2055 1921 2128 1974 9-
2149 1922 2231 1974 Η.
2284 1921 2393 1974 Vox
2418 1920 2624 1974 Damini
2654 1923 2996 1989 pra'parantis
3037 1939 3226 1986 cervos,
3267 1935 3316 1978 et

1789 2008 2028 2062 reuelabit
2069 2010 2344 2071 condensa,
2376 2018 2422 2061 et
2457 2010 2508 2060 in
2559 2010 2746 2078 templo
2787 2010 2897 2076 ejus
2939 2027 3111 2064 omnes
3148 2013 3315 2065 dicent

1788 2101 2028 2168 gloriam.
2063 2098 2192 2151 Nam
2240 2098 2525 2163 Dominus,
2561 2100 2765 2169 inquit,
2801 2116 2986 2155 cervos
3031 2111 3310 2169 praaparat.

1789 2187 1882 2241 Est
1909 2188 2105 2242 animal
2137 2189 2439 2242 solitudinis
2468 2203 2676 2251 amans,
2717 2191 3051 2257 serpentibus
3079 2191 3311 2252 exitiale,

1789 2285 1840 2330 et
1869 2286 2171 2340 cornutum,
2206 2287 2362 2346 atque
2405 2276 2695 2331 secundum
2729 2278 2893 2348 legem
2923 2280 3176 2332 mundum
3209 2288 3309 2340 est,

1789 2379 1850 2416 ac
1883 2364 1935 2415 in
1960 2363 2269 2432 praedictum
2297 2365 2564 2417 desertum
2590 2365 2843 2419 emissum
2879 2365 2996 2419 fuit.
3021 2365 3122 2431 Qui
3154 2383 3314 2435 porro

1787 2451 2055 2506 desertum
2087 2453 2392 2520 hujusmodi
2420 2460 2762 2522 percurrunt,
2795 2463 3068 2522 serpentes
3089 2455 3318 2524 pedibus

1789 2543 1900 2596 suis
1930 2550 2229 2610 proterunt,
2254 2543 2540 2610 omniaque
2587 2551 2848 2596 venenata
2888 2545 2940 2595 in
2989 2559 3166 2598 eremo
3193 2545 3310 2597 ani-

1789 2633 1947 2686 malia
2006 2633 2191 2701 procul
2241 2631 2478 2701 abigunt.
2534 2631 2738 2696 Quibus
2786 2632 3021 2700 depulsis
3080 2633 3314 2687 revelata

1789 2733 1913 2776 sunt
1945 2732 2195 2790 querceta
2215 2761 2227 2783 ,
2259 2730 2307 2774 et
2335 2723 2387 2773 in
2431 2723 2616 2786 templo
2651 2722 2763 2789 ejus
2802 2739 2973 2775 omnes
3009 2722 3176 2775 dicent
3197 2722 3314 2792 glo-

1788 2812 1938 2863 riam.
1976 2809 2191 2862 Snmma
2225 2817 2369 2863 certe
2418 2812 2762 2864 accuratione
2805 2811 3004 2864 dictum
3031 2819 3132 2874 est,
3180 2821 3227 2866 et
3257 2815 3311 2866 in

1789 2901 1970 2967 templo
1997 2901 2107 2968 ejus
2141 2915 2312 2952 omnes
2347 2898 2514 2952 dicent
2542 2899 2796 2968 gloriam;
2827 2917 2930 2954 non
2957 2903 3096 2956 enim
3119 2901 3308 2967 Judaei,

1786 3005 1956 3058 neque
2000 2990 2226 3057 populus
2255 3004 2319 3042 ex
2355 2989 2794 3054 circumcisione,
2836 2991 2929 3045 sed
2967 2992 3206 3061 quisquis
3244 3009 3308 3048 ex

1786 3079 2034 3133 omnibus
2063 3078 2309 3148 gentibus
2343 3092 2637 3134 conversus
2666 3087 2766 3134 est.
2796 3078 3043 3133 Dominus
3073 3083 3308 3136 virtutem

1786 3167 1968 3234 populo
2003 3183 2096 3220 suo
2127 3165 2306 3228 dabit;
2338 3165 2592 3220 Dominus
2622 3166 2874 3220 benedicet
2919 3172 3102 3237 populo
3130 3187 3221 3225 suo
3252 3171 3306 3223 in

1786 3273 1926 3324 pm.
2225 3343 2542 3398 PSALMUS
2579 3343 2845 3398 omne!

1885 3436 1936 3489 1.
1963 3435 2027 3488 ΙΝ
2052 3433 2497 3488 DEDICATIONE
2533 3433 2762 3488 DOMUS
2795 3432 2997 3488 DAVID
3021 3433 3203 3488 XXIX.

1851 3565 1954 3618 Sed
1988 3564 2214 3618 fortasse
2235 3563 2500 3632 quispiam
2522 3562 2588 3616 ad
2611 3563 2722 3617 haec
2749 3562 2964 3627 dixerit,
2999 3565 3142 3634 quod
3179 3565 3302 3618 nul-

1780 3657 1884 3708 lam
1910 3655 1996 3708 hic
2025 3660 2307 3708 structura:
2344 3654 2534 3707 domus
2564 3654 2691 3708 sive
2733 3655 2915 3724 templi
2958 3654 3118 3709 faciat
3147 3670 3300 3709 men-

1777 3744 1974 3798 tionem
2011 3762 2024 3796 :
2081 3757 2178 3796 nec
2209 3743 2482 3810 quidpiam
2514 3741 2567 3794 in
2601 3743 2806 3810 psalmo
2834 3744 3128 3812 reperiatur
3157 3743 3302 3813 quod

1775 3833 1942 3903 possit
1970 3832 2291 3887 dedicationi
2321 3831 2512 3886 domus
2541 3842 2862 3900 competere,
2895 3841 2954 3886 ut
3001 3834 3122 3901 quis
3152 3842 3305 3902 puta-

1774 3918 1910 3971 verit
1953 3915 2017 3969 de
2055 3917 2232 3986 templi
2277 3915 2742 3986 llierosolymitani
2797 3918 3130 3972 dedicatione
3161 3921 3307 3974 hunc

1753 4004 2033 4072 psalmum
2059 4003 2457 4070 pronuntiatum
2487 4002 2672 4057 fuisse.
2706 4001 2900 4057 Verum
2929 4006 3182 4072 quoniam
3217 4007 3297 4060 in-

1761 4091 2336 4146 -scribitur:Psalmus
2380 4093 2569 4144 cantici
2623 4092 2676 4144 in
2728 4090 3046 4144 dedicatione
3076 4093 3292 4158 domus,

1771 4181 1920 4246 mihi,
1945 4196 2148 4250 quaeso,
2167 4180 2494 4244 consideres,
2517 4196 2644 4234 num
2664 4181 2752 4234 hic
2775 4195 2869 4249 per
2889 4181 3123 4242 domum.
3147 4197 3300 4236 suam

1770 4273 1938 4341 ipsam
1979 4270 2212 4322 animam
2240 4269 2525 4323 .adumbret
2565 4288 2578 4322 :
2633 4269 2686 4321 in
2739 4282 2843 4336 qua
2891 4283 3011 4322 cum
3065 4267 3300 4338 Spiritus

1784 4365 1997 4412 sanctus
2026 4373 2123 4412 ceu
2151 4358 2202 4409 in
2233 4356 2429 4424 templo
2479 4353 2766 4423 aliquando
2795 4354 3106 4415 habitasset,
3160 4371 3299 4423 quo-

1712 4442 1753 4495 D
1781 4446 1900 4500 dam
1923 4453 2160 4513 tempore
2186 4445 2449 4497 desertam
2479 4457 2593 4496 eam
2626 4441 2857 4510 reliquit,
2891 4451 3049 4509 atque
3072 4444 3294 4497 recessit

1775 4538 1843 4590 ob
1871 4543 2135 4607 patratum
2165 4535 2220 4588 in
2246 4533 2426 4588 Utinm
2455 4539 2507 4586 et
2530 4546 2746 4585 uxorem
2771 4530 2888 4598 ejus
2910 4530 3150 4598 facinus;
3175 4533 3296 4588 ideo

1775 4629 1839 4682 ad
1873 4635 2094 4681 mortem
2128 4641 2296 4695 usque
2343 4624 2591 4693 delapsus
2639 4631 2740 4686 est,
2783 4622 2908 4690 quia
2962 4623 3029 4677 ad
3070 4634 3293 4678 mortem

1775 4726 2118 4786 peccaverat;
2171 4716 2276 4768 imo
2321 4716 2526 4768 ratione
2567 4713 2795 4782 quadam
2827 4727 2994 4780 usque
3023 4714 3088 4766 ad
3120 4715 3293 4767 lacum

1775 4814 1826 4860 et
1859 4807 1924 4860 ad
1969 4806 2230 4859 infernum
2259 4804 2524 4858 deductus
2549 4808 2654 4863 est,
2694 4815 2756 4851 ac
2804 4801 2977 4867 reipsa
3019 4801 3294 4854 descendit

1777 4898 1829 4948 in
1864 4895 2256 4962 corruptionem
2279 4893 2400 4959 ;,ita
2435 4900 2490 4944 ut
2521 4905 2582 4944 ea
2607 4888 2672 4943 de
2700 4901 2858 4941 causa
2886 4887 3092 4940 fletibus
3121 4903 3179 4941 se
3202 4889 3294 4942 de-

1771 4983 1928 5045 derit,
1955 4997 2016 5035 ac
2043 4997 2141 5050 pro
2177 4983 2317 5050 regia
2349 4989 2494 5034 veste
2528 4993 2740 5032 saccum
2788 4975 3035 5030 induerit.
3069 4979 3137 5029 At
3172 4982 3297 5048 quia

1773 5081 2055 5141 postquam
2085 5073 2300 5140 dignam
2342 5070 2597 5124 .exhi-buit
2647 5064 3035 5136 pwnitentiam,
3083 5082 3147 5120 ac
3180 5083 3298 5123 sese

1771 5161 2047 5229 castigavit
2076 5168 2233 5228 atque
2264 5159 2491 5228 punivit,
2524 5153 2945 5224 congruentique
2973 5160 3217 5221 tempore
3246 5156 3296 5209 in

1771 5252 2198 5306 confessionibus
2225 5248 2604 5319 perseveravit,
2653 5240 2956 5298 remittendi
3016 5241 3124 5294 sibi
3172 5258 3295 5311 pec-

1770 5342 1874 5394 cati
1903 5341 2308 5410 promissionem
2358 5345 2548 5389 nactus
2587 5341 2688 5395 est,
2720 5347 2812 5399 per
2845 5329 3121 5382 Christum
3155 5330 3296 5383 εοίιὶέ

1769 5436 1854 5482 εει
1907 5445 1970 5484 ex
2020 5428 2137 5496 ejus
2188 5425 2389 5479 semine
2436 5423 2800 5491 proditurum,
2831 5425 2884 5468 et
2924 5415 2987 5468 ad
3019 5414 3304 5470 infernum

1770 5531 1940 5585 usque
1971 5516 2385 5575 descensurum;
2413 5511 2536 5578 jure
2579 5525 2609 5562 a
2643 5505 2864 5559 tristitia
2897 5511 2947 5556 et
2971 5517 2999 5553 a
3030 5502 3310 5558 scelerum

1767 5605 2102 5660 confessione
2154 5600 2468 5664 translatus,
2499 5598 2704 5670 gratias
2741 5593 2850 5662 agit
2902 5590 3026 5650 Deo.
3063 5589 3266 5642 dicens.
3292 5607 3321 5641 τ
