3782 6338
709 349 810 404 259

1220 342 1473 401 EUSEBII
1513 339 1976 394 CESARIENSIS
2013 340 2156 392 OPP.
2214 340 2388 393 PARS
2449 338 2620 393 Ill.-
2657 337 3038 393 EXEGE’I'ICA.

710 456 950 522 Domine,
990 456 1211 509 eduxisti
1239 454 1299 505 ab
1326 452 1522 518 inferno
1554 451 1781 502 animam
1804 463 1986 512 meam,
2017 450 2203 501 salvast

2017 450 2226 501 salvasti
2255 474 2296 523 Α
2325 451 2513 515 Κύριε,
2533 447 2815 514 ἀνήγαγες
2841 446 2906 510 ἐξ
2946 448 3053 514 ᾅδου
3068 449 3150 514 τὴν
3167 449 3318 516 ψυχήν
3337 468 3435 517 μου,
3453 455 3499 507 ia

713 563 794 603 me
813 564 848 601 a
876 544 1283 600 descendentibus
1312 543 1364 593 in
1400 541 1565 592 lacum
1592 556 1608 591 :
1645 541 1949 606 luctumque
1981 555 2136 592 suum
2168 541 2224 592 in

715 638 949 690 latitiam
976 649 1185 688 versum
1224 632 1306 683 his
1330 630 1508 683 verbis
1539 628 1889 682 testiﬁcatur:
1921 627 2224 681 Convertisti

712 727 968 792 planctum
993 737 1153 774 meum
1183 721 1233 770 in
1261 717 1508 786 gaudium
1538 717 1683 779 mihi,
1709 716 2001 769 conscidisti
2023 734 2225 769 saccum

714 830 876 866 meum
905 823 952 865 et
993 809 1370 862 circumdedisti
1415 823 1493 859 me
1541 807 1743 860 lwtitia.
1787 806 1920 860 Cum
1950 807 2110 875 igitur
2137 806 2224 860 hic

713 900 945 963 domum,
989 897 1204 949 Davidis
1230 896 1458 948 animam
1488 895 1724 948 indicare
1753 902 2224 948 commonstratum

712 989 814 1050 sit,
849 986 1072 1053 hujusce
1115 984 1308 1039 domus
1340 981 1664 1037 dedicationi
1701 996 1818 1049 quae
1852 981 1938 1034 hic
1977 980 2226 1034 dicuntur

711 1076 938 1143 aptanda
965 1079 1109 1127 sunt.

784 1246 939 1302 Vens.
970 1248 1024 1309 2,
1054 1248 1106 1300 5.
1149 1245 1406 1299 Exattabo
1439 1255 1504 1310 te,
1530 1244 1763 1310 Domine,
1787 1246 2028 1314 quoniam
2053 1262 2226 1300 susceo

707 1335 831 1404 pisti
855 1351 952 1396 me,
980 1350 1068 1386 nec
1096 1332 1359 1386 delectasti
1389 1333 1626 1384 inimicos
1663 1348 1797 1384 meos
1821 1348 1969 1399 super
1996 1349 2094 1386 me.
2118 1333 2227 1385 Dn.

709 1426 845 1478 mine
887 1425 1018 1476 Deus
1043 1440 1203 1485 meus,
1237 1424 1456 1475 clamavi
1486 1421 1551 1474 ad
1586 1431 1650 1484 te,
1683 1431 1730 1474 et
1757 1424 1958 1474 sanasti
1991 1439 2087 1476 me.
2122 1422 2228 1474 Du-

711 1515 864 1576 mine,
890 1513 1113 1565 eduxisti
1145 1513 1205 1564 ab
1237 1513 1433 1578 inferno
1459 1513 1682 1563 animam
1709 1527 1893 1575 meam,
1923 1511 2229 1564 salvastime

710 1601 1178 1655 adescendentibus
1207 1603 1260 1654 in
1291 1603 1478 1654 lacum.
1529 1598 1650 1653 Haec
1695 1599 1859 1652 David
1893 1601 1945 1653 in
1981 1602 2229 1669 praesenti

711 1693 917 1762 psalmo
949 1693 1110 1754 dicit;
1147 1693 1200 1744 in
1229 1693 1485 1760 vigesimo
1532 1692 1759 1760 septimo
1791 1698 1989 1753 autem,
2019 1692 2090 1743 ita
2119 1695 2229 1744 cta-

2317 556 2393 606 με
2419 537 2532 590 ἀπὸ
2569 535 2682 587 τῶν
2711 537 3132 589 καταϐαινόντων
3160 540 3224 601 εἰς
3253 539 3435 600 λάκκον,
3468 560 3504 610 tu

2324 625 2542 696 ϐλῆσθαι
2593 643 2650 677 τε
2696 626 2838 694 αὑτῷ
2881 626 2959 678 τά
2991 626 3060 678 τοῦ
3097 627 3266 690 πένθους
3300 631 3358 690 ei;
3394 631 3500 701 saw

2327 715 2569 786 σημαίνει
2600 714 2689 766 καὶ
2719 715 2781 766 δι’
2804 709 2875 766 ὧν
2908 717 3072 784 φησὶνο
3096 717 3345 782 Ἕστρεψας
3370 718 3446 768 τὸν
3459 737 3504 771 κ(

2323 810 2408 871 εἰς
2461 805 2646 874 χαρὰν
2698 805 2856 871 ἐμοί’
2905 803 3155 870 δώρῤηξας
3197 806 3277 856 τὸν
3320 804 3490 858 σάκκον

2324 896 2417 948 καὶ
2452 892 2795 962 περιέζωσάς
2829 909 2903 960 με
2936 894 3256 959 εὐφροσύνην.
3287 893 3496 964 Δεόειγμέι

2323 1002 2416 1038 νυν
2449 983 2538 1036 τοῦ
2579 983 2722 1035 οἴκου
2750 971 2846 1050 τῆς
2883 981 2961 1033 τοῦ
2989 980 3116 1032 Δαυῒδ
3141 980 3293 1050 ψυχῆς,
3322 981 3405 1052 ἄρα
3434 984 3490 1052 τῷ

2325 1073 2495 1143 νισμῷ
2545 1069 2635 1124 τοῦ
2683 1069 2910 1122 τοιούτου
2950 1068 3073 1120 οἷκον
3119 1069 3382 1138 ἐφαρμόζειν
3421 1070 3474 1120 τὰ

2329 1179 2480 1232 μενα.

2403 1248 2648 1318 ’Υψώσω
2678 1266 2768 1312 σε,
2810 1249 2987 1314 Κύριε,
3021 1247 3095 1298 ὅτι
3120 1244 3363 1309 ὑπέλαϐές
3387 1261 3471 1313 με,

2325 1340 2624 1407 ηὔφρανας
2671 1338 2806 1401 τοὺς
2855 1337 3074 1403 ἐχθρούς
3114 1352 3212 1401 μου
3258 1335 3333 1385 ἐπ’
3369 1335 3485 1396 ἐμοί.

2329 1430 2467 1494 Θεός
2491 1446 2626 1497 μου,
2659 1425 2941 1492 ἐκέκραξα
2980 1423 3106 1490 πρὸς
3133 1423 3225 1481 σὲ.
3252 1424 3335 1476 καὶ
3369 1422 3486 1475 ἰάσω

2320 1537 2428 1587 pte,
2471 1519 2757 1589 ἀνήγαγες
2786 1518 2853 1581 ἐξ
2891 1515 3020 1582 ᾅδου
3053 1514 3152 1580 τὴν
3179 1513 3356 1580 ψυχήν
3376 1531 3488 1580 μου,

2322 1626 2398 1678 με·
2431 1608 2542 1661 ἀπὸ
2588 1607 2704 1659 τῶν
2744 1605 3174 1658 καταϐαινόντων
3213 1605 3286 1666 εἰς
3325 1602 3494 1655 ,λάκκον

2335 1698 2428 1768 μὲν
2459 1699 2486 1748 ὁ
2509 1696 2664 1750 Δαυῒὸ
2699 1696 2782 1748 διὰ
2819 1695 2910 1748 τοῦ
2955 1691 3076 1764 μετὰ
3110 1694 3272 1762 χεῖρας
3307 1691 3485 1760 ψαλμοῦ

711 1782 889 1833 mabat
919 1782 1030 1848 ipse
1055 1800 1066 1834 :
1096 1781 1180 1832 Ad
1210 1792 1274 1842 te,
1303 1780 1532 1844 Domine,
1554 1780 1807 1843 clamabo,
1835 1780 1970 1833 Deus
1995 1796 2154 1842 meus,
2175 1798 2197 1829 t.

1998 1796 2154 1842 mena,
2175 1797 2234 1831 ’.ιτ
2266 1783 2303 1835 Β
2331 1789 2384 1840 δὲ
2428 1787 2501 1856 τῷ
2538 1787 2760 1855 εἰκοστῷ
2793 1784 2991 1854 ἑϐδόμῳ
3024 1781 3200 1853 ψαλμῷ
3238 1783 3264 1833 ὁ
3292 1781 3430 1842 αὐτος
3453 1781 3491 1832 ιε

711 1871 865 1924 sileas
903 1889 935 1923 a
975 1888 1070 1933 me,
1099 1888 1158 1923 ne
1189 1870 1390 1940 quando
1423 1880 1592 1925 taceas
1634 1889 1666 1924 a
1695 1888 1791 1934 me,
1821 1881 1868 1923 et
1902 1869 2230 1924 assimitabor

711 1960 1125 2014 descendentibus
1170 1963 1224 2014 in
1253 1963 1442 2015 locant.
1477 1962 1579 2015 Sed
1611 1963 1735 2031 quia
1765 1962 1836 2016 ibi
1867 1963 1945 2016 sic
1975 1965 2232 2030 precaba-

712 2059 820 2114 tur,
849 2051 936 2103 hic
964 2051 1166 2119 gratias
1196 2051 1304 2119 agit
1350 2059 1408 2103 ut
1450 2051 1704 2106 detrusus
1740 2061 1864 2104 ante
1894 2059 1946 2104 et
1983 2051 2232 2120 delapsus

712 2141 766 2192 in
793 2141 986 2203 lacum,
1022 2141 1112 2192 sed
1141 2139 1250 2205 jam
1281 2141 1531 2193 reductus
1553 2148 1604 2194 et
1637 2147 1822 2195 erutus
1851 2156 1914 2194 ex
1947 2156 2030 2203 eo,
2060 2156 2232 2209 neque

712 2229 905 2283 similia
940 2243 1130 2296 passus
1159 2229 1225 2283 iis
1254 2229 1344 2297 qui
1379 2245 1497 2283 cum
1525 2230 1576 2282 in
1609 2229 1780 2298 ipsum
1810 2230 2229 2292 descendissent,

711 2332 984 2386 nunquam
1013 2317 1133 2371 inde
1169 2327 1353 2386 postea
1405 2326 1759 2372 emerserunt.
1794 2317 1924 2370 Nam
1954 2334 2073 2372 cum
2122 2319 2233 2386 pri-

711 2410 814 2463 mis
847 2409 1058 2461 beatum
1083 2417 1164 2462 est
1193 2424 1297 2461 non
1322 2423 1576 2476 peccare;
1613 2416 1666 2460 at
1696 2410 1820 2476 quia
1857 2407 2101 2472 humanae
2133 2423 2230 2462 na-

711 2508 847 2552 tura:
875 2498 1156 2551 inﬁrmitas
1182 2499 1417 2568 peccatis
1456 2498 1729 2566 subjacet;
1785 2497 2074 2553 secundam
2113 2499 2233 2566 quis

713 2591 1102 2658 navigationem
1131 2604 1249 2643 esse
1279 2588 1497 2651 dixerit,
1536 2589 1602 2642 ad
1644 2589 1840 2641 bonum
1874 2605 1932 2643 se
1959 2604 2231 2651 revocare,

715 2693 778 2733 ac
801 2687 919 2748 post
944 2679 1188 2732 morbum
1218 2693 1335 2734 sese
1357 2679 1644 2733 restituere
1673 2693 1734 2732 ac
1765 2679 2060 2734 naturalem
2092 2680 2233 2733 reci-

714 2785 840 2840 pere
862 2771 1159 2826 sanitatem.

782 3028 942 3084 Vsus.
971 3030 1021 3094 5,
1056 3029 1108 3082 6.
1151 3029 1368 3083 Psallite
1398 3029 1635 3091 Domino,
1666 3028 1831 3080 sancti
1876 3025 2006 3094 ejus,
2046 3034 2093 3079 et
2122 3043 2237 3079 con-

721 3117 930 3170 ﬁtemini
985 3117 1243 3169 memoria:
1300 3116 1596 3169 sanctitatis
1648 3114 1781 3182 ejus.
1843 3113 2098 3178 Quoniam
2152 3089 2306 3164 iraC

715 3207 770 3258 in
820 3206 1168 3274 indignatione
1216 3205 1349 3274 ejus,
1416 3214 1464 3258 et
1522 3206 1627 3257 vita
1681 3205 1737 3255 in
1783 3201 2044 3256 voluntate
2101 3201 2231 3269 ejus.

721 3293 894 3365 Rogat
938 3303 996 3348 ut
1045 3295 1147 3350 sibi
1199 3294 1476 3363 pasnitenti
1531 3292 1988 3361 congratulantur.
2027 3298 2079 3344 et
2113 3305 2237 3343 con-

717 3384 987 3448 ﬁteantur,
1030 3385 1081 3438 id
1127 3392 1230 3445 est,
1275 3383 1474 3452 gratias
1519 3390 1679 3449 agant
1707 3379 1973 3433 memoriae
2033 3378 2235 3432 sancti-

715 3475 843 3527 tatis
869 3473 1026 3539 ejus;
1076 3486 1140 3524 ac
1189 3471 1234 3524 si
1266 3471 1487 3530 diceret,
1533 3477 1590 3520 ut
1624 3467 1931 3521 memoriam
1962 3466 2234 3526 refricem,

715 3576 889 3630 neque
929 3561 1316 3613 obliviscantur
1347 3560 1606 3611 bonorum
1651 3573 1768 3626 qua:
1798 3555 2104 3609 hominibus
2135 3554 2235 3607 Do-

717 3653 896 3703 minus
935 3648 1375 3700 subministravit.
1407 3647 1540 3700 Cum
1581 3647 1766 3715 primis
1817 3655 1991 3698 autem
2025 3659 2121 3712 par
2157 3652 2240 3697 est

718 3737 1008 3806 gratiarum
1067 3735 1366 3786 actionibus
1415 3735 1686 3795 insistere,
1741 3747 2002 3786 memores
2047 3731 2238 3784 divina:

719 3823 1082 3893 benignitatis,
1117 3837 1234 3890 qua:
1271 3829 1416 3874 tanta
1449 3830 1550 3883 est,
1585 3831 1641 3874 ut
1667 3835 1936 3888 nunquam
1978 3821 2101 3873 velit
2131 3835 2238 3872 ma-

720 3915 828 3968 lum
855 3913 1160 3966 hominibus
1187 3911 1461 3964 obvenire.
1501 3909 1654 3974 Quod
1682 3910 1728 3964 si
1753 3911 2026 3978 contingat
2054 3923 2239 3977 quem-

718 4005 859 4074 piam
881 4003 949 4056 ob
971 4002 1239 4070 propriam
1270 3999 1662 4068 improbitatem
1689 4000 2039 4068 castigatione
2063 4013 2237 4068 egere,

719 4095 832 4163 ipsc
861 4094 964 4147 sibi
987 4094 1116 4145 iram
1143 4090 1525 4159 indignationis
1552 4096 1825 4158 procurat.
1849 4089 2005 4143 Certe
2045 4090 2237 4143 volun-

724 4193 809 4236 tas
834 4181 925 4236 Dei
958 4198 1065 4236 non
1097 4190 1322 4236 mortem
1344 4179 1669 4242 hominibus,
1692 4177 1785 4232 sed
1817 4178 1978 4230 vitam
2019 4179 2236 4246 expetit.

723 4272 899 4340 Quare
929 4275 1033 4328 alio
1057 4275 1109 4327 in
1139 4275 1256 4328 loco
1290 4273 1484 4326 dicitur
1515 4289 1529 4323 :
1570 4269 1692 4322 Vivo
1731 4284 1843 4338 ego,
1889 4268 2013 4320 dicit
2064 4269 2239 4321 Domi-

718 4379 834 4427 nus,
868 4365 984 4416 nolo
1011 4373 1222 4416 mortem
1249 4361 1554 4430 peccatoris,
1585 4357 1671 4411 sed
1696 4358 1865 4425 potius
1887 4356 2211 4423 paenitentian

1638 4357 1671 4453 {1
1696 4358 1865 4453 potius
1887 4356 2234 4453 imitentjfm
2266 4393 2308 4447 ι)
2334 4379 2572 4447 λέγεται·
2607 4378 2696 4430 Ζῶ
2725 4356 2898 4446 ἐγὼ-,⁷
2921 4356 3131 4453 λέγει

715 4451 826 4518 ejus
849 4451 914 4506 “.
942 4452 1136 4506 Eodem
1168 4466 1381 4521 quoque
1423 4449 1580 4503 modo
1610 4449 1696 4502 hic
1741 4448 1943 4502 dictum
1978 4456 2079 4512 est,
2120 4447 2237 4500 Vita

717 4541 772 4594 in
795 4541 1053 4594 voluntate
1079 4543 1224 4610 ejus;
1257 4558 1363 4595 non
1390 4542 1531 4595 enim
1575 4542 1657 4593 ira
1699 4541 1752 4592 in
1801 4540 2062 4592 uoluntate
2103 4540 2234 4606 ejus.

719 4628 859 4684 Sane
893 4639 1084 4699 praeter
1112 4631 1202 4685 Dei
1233 4631 1566 4700 propositum
1597 4645 1659 4683 ac
1692 4640 1883 4698 prazter
1912 4632 2234 4684 voluntatem

716 4721 834 4788 ejus
885 4722 1226 4789 peccantibus
1273 4720 1568 4790 indignatio
1613 4730 1666 4774 et
1701 4722 1779 4772 ira
1819 4728 2230 4789 praeparantur:

716 4811 858 4880 quod
893 4812 963 4863 ita
993 4811 1226 4864 declarat
1269 4811 1555 4878 Apostolus
1594 4829 1606 4863 :
1644 4811 1722 4861 An
1750 4809 1956 4862 divitias
1991 4809 2233 4863 bonitatis

715 4902 848 4968 ejus,
879 4910 926 4953 et
954 4902 1213 4968 patientia:
1233 4911 1280 4953 et
1309 4901 1717 4969 Ionganimitatis
1745 4901 2061 4952 contemnis?
2089 4901 2235 4968 igno-

717 5005 839 5042 rans
871 4992 1110 5058 quoniam
1140 4991 1422 5059 benignitas
1453 4990 1547 5043 Dei
1581 4990 1648 5041 ad
1673 4989 2020 5058 paenitentiam
2066 4998 2112 5040 te
2142 4987 2236 5039 ad-

716 5078 880 5131 ducit.
912 5079 1197 5132 Secundum
1219 5091 1388 5133 autem
1411 5081 1660 5134 duritiam
1689 5090 1830 5132 tuam
1851 5088 1896 5131 et
1919 5079 2232 5142 impaenitens

719 5179 827 5226 cor,
845 5166 1164 5222 thesaurizas
1178 5169 1268 5220 tibi
1284 5171 1416 5221 iram
1428 5172 1478 5222 in
1497 5171 1578 5223 die
1595 5170 1688 5221 ira:
1704 5178 1750 5221 et
1772 5167 2090 5220 reuelationis
2098 5167 2233 5233 justi

719 5253 901 5315 iudicii
912 5253 1024 5314 Dei,
1037 5257 1120 5321 qui
1134 5257 1304 5310 reddet
1321 5259 1588 5326 unicuique
1599 5257 1871 5311 secundum
1883 5271 2035 5322 opera
2052 5254 2230 5321 eius“.

2327 1875 2476 1940 Πρὸς
2524 1874 2631 1934 σὲ.
2673 1874 2865 1940 Κύριε,
2902 1869 3250 1938 κεκράξομαι,
3299 1872 3327 1920 ὁ
3365 1869 3489 1932 Θεός

2328 1962 2792 2030 παρασιωπήσῃς
2823 1962 2920 2015 ἀπ’
2951 1960 3102 2030 ἐμοῦ,
3127 1959 3333 2028 μήποτε
3364 1973 3492 2024 napo

2327 2055 2424 2106 ἀπ’
2457 2053 2598 2121 ἐμοῦ
2617 2093 2632 2115 ,
2667 2055 2764 2105 καὶ
2798 2050 3211 2119 ὁμοιωθήσομαι
3239 2048 3349 2112 τοῖς
3379 2063 3496 2099 κατι

2328 2149 2411 2210 εις
2439 2144 2677 2197 λάκκον.
2723 2143 2860 2195 Ἀλλ’
2893 2143 3010 2193 ἐπεὶ
3044 2142 3135 2211 μὲν
3164 2139 3324 2191 ταῦτα
3354 2136 3490 2206 ηὒχε

2328 2236 2382 2286 δὲ
2400 2236 2696 2304 εὐχαριστεί
2718 2233 2790 2295 ὡς
2814 2230 3146 2299 κατενεχθεὶς
3163 2230 3404 2301 πρότερον
3423 2229 3496 2278 xui

2331 2326 2406 2386 εἰς
2436 2324 2525 2375 τὸν
2556 2322 2768 2383 λάκδων,
2789 2321 3087 2390 ἀνενεχθεὶς
3112 2320 3167 2371 δὲ
3189 2319 3339 2372 πάλιν
3363 2315 3490 2370 καὶὸ

2331 2411 2508 2473 αὐτοῦ,
2538 2411 2628 2463 καὶ
2658 2411 2729 2480 μὴ
2756 2408 2928 2476 ταῦτα
2961 2407 3145 2460 παθὼν
3176 2410 3282 2469 τοῖς
3315 2405 3496 2459 καταϐε

2331 2502 2406 2562 εἰς
2441 2499 2617 2561 αὐτὸν,
2667 2498 2739 2567 μὴ
2783 2496 3144 2564 ἀναϐεϐηκόσι
3189 2495 3271 2547 δέ’
3309 2509 3490 2564 προηγ‹

2334 2587 2592 2657 μακάριον
2630 2587 2688 2638 τὸ
2730 2586 2802 2654 μὴ
2843 2587 3147 2656 ἁμαρτεῖν*
3199 2583 3385 2653 ἐπειδὴ
3423 2585 3456 2652 ὴ
3492 2605 3500 2632 ι

2331 2677 2666 2746 ἀνθρωπίνης
2693 2677 2910 2744 φύσεως
2938 2675 3146 2737 τούτοις
3192 2673 3488 2734 ὑπόκειται,

2330 2764 2394 2816 ἂν
2419 2763 2557 2814 εἴποι
2583 2780 2682 2824 τις,
2712 2762 2885 2824 πλοῦς
2910 2763 2972 2814 τὸ
3003 2761 3342 2815 ἀναπαλὲσαι
3369 2760 3489 2829 (sic)

2331 2853 2608 2906 ἀναλαϐεῖν
2633 2851 2821 2903 ταύτὸν
2845 2851 3001 2921 μετὰ
3027 2852 3126 2922 τὴν
3152 2851 3329 2912 νόσον,
3357 2851 3450 2903 καὶ
3473 2867 3498 2900 τ

2332 2942 2612 2995 ἀπολαϐεῖν
2635 2941 2834 3008 ὑγείαν.

2408 3034 2638 3088 Ψάλατε
2667 3033 2745 3098 τῷ
2773 3035 2985 3101 Κυρίῳ
3027 3039 3084 3089 οἱ
3123 3035 3285 3089 ὅσιοι
3333 3035 3500 3089 αὐτοι

2333 3127 2601 3197 λογιεῖσθε
2632 3125 2702 3192 τῇ
2737 3125 2962 3196 μνήμῃ
2999 3127 3122 3196 τῆς
3182 3129 3503 3197 ἀτιωσύνη

2333 3217 2472 3286 ὀργὴ
2504 3218 2571 3269 ἐν
2600 3215 2677 3281 τῷ
2701 3214 2875 3284 θυμῴ
2907 3219 3134 3283 αὑτοῦ,
3172 3219 3277 3271 καὶ
3311 3217 3425 3285 ζωὴ
3459 3219 3504 3270 ἐς

2332 3307 2533 3363 αὐτοῦ.
2577 3306 2908 3376 Συγχαῑρειν
2943 3308 3109 3378 αὑτῷ
3148 3312 3508 3380 μετανοῆσαν

2333 3395 2596 3464 λογεῖσθαι
2624 3434 2638 3457 ,
2695 3394 2994 3448 τουτέστιν
3064 3398 3438 3469 εὐχαριστεῖν
3493 3416 3504 3431 ο

2334 3483 2632 3552 ἁγιωσύνης
2663 3481 2849 3535 αὑτοῦ·
2923 3485 3062 3537 ἀντὶ⁸
3107 3487 3245 3551 τοῦ,
3279 3487 3392 3558 τὴν
3431 3505 3504 3558 μν

2338 3574 2569 3645 ροῦντες,
2603 3571 2718 3642 μηδ’
2750 3571 3294 3645 ἐπιλανθανόμενοι
3325 3577 3446 3629 τῶν
3481 3596 3508 3629 7

2335 3667 2739 3736 χορηγουμένων
2771 3665 3130 3736 ἀνθρώποις
3157 3670 3511 3738 ἀγαθῶν.Μ

2335 3760 2455 3823 ήκει
2517 3756 2611 3825 τὴν
2643 3757 3026 3826 εὐχαριστίαν
3080 3761 3440 3826 ἐπιτείνειν,
3488 3783 3506 3833 ι

2334 3840 2423 3892 τοῦ
2453 3841 2583 3893 Θεοῦ
2610 3842 3088 3912 φιλανθρωπίας,
3136 3848 3288 3917 ἥτις
3333 3866 3514 3903 τοοαι

2339 3930 2598 4000 μηδέποτε
2644 3930 2956 3998 βούλεσθαί
2996 3953 3058 3988 τι
3110 3940 3315 3992 κακὸν
3360 3943 3512 4011 ἀνθρ

2335 4020 2464 4072 ποτε
2518 4037 2599 4082 τις
2645 4020 2732 4072 διά
2789 4021 2912 4093 τὴν
2969 4027 3223 4082 οἰκείαν
3297 4031 3518 4102 μοχθηη

2333 4107 2544 4179 δεηθείη
2571 4148 2585 4172 ,
2647 4111 2806 4174 αὐτὸς
2898 4114 3022 4183 μὲν
3097 4119 3318 4189 ἑαυτῷ
3392 4139 3518 4174 κατ

2334 4198 2500 4268 ὀργῆς
2519 4215 2531 4227 '
2569 4199 2628 4251 τό
2659 4216 2720 4266 γε
2752 4200 2876 4269 μὴν
2921 4203 3190 4277 θέλημα
3223 4209 3345 4263 τοῦ
3384 4212 3518 4265 Geo

2334 4289 2451 4341 σθαι
2495 4288 2714 4342 θάνατον
2758 4291 3128 4366 ἀνθρώπῳ,
3190 4300 3367 4354 ἀλλὰ
3425 4304 3522 4366 ξω

3173 4391 3456 4458 Κύριος
3479 4409 3497 4421 ·

2341 4467 2591 4521 θάνατον
2629 4468 2730 4520 τοῦ
2763 4469 3229 4538 ἀμαρτωλσῦ
3289 4482 3399 4547 ὡς
3458 4485 3528 4536 τέ

2340 4555 2462 4609 τοῦ.
2515 4553 2665 4608 οὕτω
2691 4557 2820 4624 γοῦν
2865 4563 2993 4614 καὶ
3039 4567 3360 4624 ἐνταῦθα.
3399 4573 3515 4625 hs.)

2339 4644 2611 4711 θελήματι
2658 4647 2888 4700 αὐτοῦ’
2967 4655 3052 4706 οὐ
3121 4659 3276 4729 γὰρ
3355 4665 3530 4732 ὀργαί

2338 4732 2534 4785 αὐτοῦ.
2603 4733 2756 4802 Παρά
2820 4744 3268 4813 προαίρεσιν
3347 4751 3430 4803 δὲ.
3500 4757 3518 4798 1

2340 4822 2578 4911 βούλημα
2624 4824 2791 4911 αὑτοῦ
2855 4834 3024 4894 τοῖς
3094 4837 3528 4911 ἁμαρτάνοι

2339 4909 2504 5004 θιξμὺς
2555 4909 2649 5004 κεῖ
2700 4911 2884 5004 ὀργήδ
2976 4920 3017 4971 ὃ
3087 4924 3182 4995 δὴ
3255 4909 3522 5004 ἑταρίσμ

2341 4999 2544 5093 mag“:
2581 5000 2650 5093 "ti
2674 5001 2796 5093 toi)—
2811 5009 3215 5070 πλούτου
3470 5043 3534 5092 χ

2341 5083 2436 5177 καέ
2474 5083 2582 5177 τῆς
2607 5086 2842 5177 ἀνοχῆς
2911 5099 3062 5151 καὶ
3123 5103 3288 5171 τῆς

2337 5169 2492 5267 reici
2553 5174 2809 5267 ἀγονοῶνῖ
2879 5181 3022 5236 ὅτι
3109 5167 3224 5243 τὸ*
3251 5167 3272 5170 ⁷

2330 5257 2646 5324 μετάνοιάν
2675 5279 2746 5316 σε
2773 5263 2975 5332 ἄγει.
3023 5277 3283 5332 Κατὰ
3300 5257 3438 5336 ’δὲ
3458 5257 3533 5340 ’τ

721 5349 816 5401 καὶ
863 5348 1251 5437 ductas-(incor-
1296 5351 1568 5417 καρδίαν,
1630 5347 1995 5415 θησαυρίζεις
2042 5347 2270 5410 σεαυτῷ
2320 5350 2504 5416 ὁρτὴν
2549 5353 2620 5404 έν
2669 5356 2883 5424 ἠμέρςι
2970 5365 3274 5437 ὁρτῆς
3369 5383 3533 5434 καὶ

721 5435 1139 5500 δικαιοκρισίας
1182 5438 1282 5489 τοῦ
1335 5441 1478 5493 Θεοῦ
1497 5480 1512 5505 ,
1558 5441 1624 5506 ὃς
1668 5439 1957 5496 ἀποδώσει
2011 5438 2236 5502 ἑκάστῳ
2271 5441 2415 5492 κατὰ
2452 5442 2522 5495 τὰ
2552 5443 2692 5513 ἔργα
2714 5449 2982 5505 αὐτοῦ.

789 5607 837 5639 ⁸⁸
874 5605 1062 5660 Ezecb.
1103 5623 1262 5674 xvut,
1287 5610 1374 5664 ‘25.
1449 5613 1492 5645 ⁸⁸
1533 5610 1682 5667 Rom.
1720 5628 1756 5666 tl
1780 5653 1793 5678 ,
1829 5610 1943 5666 4-6.
