3782 6342
661 376 766 433 9.63

1341 360 1598 418 EUSEBII
1635 349 2098 410 CASSARIENSl-S
2135 349 2278 405 OPP.
2321 342 2496 398 PARS
2531 341 2614 394 lll.
2655 372 2721 380 —
2751 334 3122 393 EXEGETICA.

729 482 891 538 Vsus.
951 481 1132 535 11-15.
1163 477 1367 530 Audiuit
1409 472 1675 531 Dominus,
1733 476 1780 520 et
1840 467 2075 518 misertus
2117 473 2192 517 est

2060 481 2075 517 ς
2117 473 2192 517 εει
2222 473 2264 527 Α
2364 462 2612 511 Ἤκουσε
2643 456 2887 520 Κύριος,
2919 449 3010 502 καὶ
3036 435 3211 511 ἠλέησέ
3237 446 3324 502 με·
3379 427 3553 538 Κύριῗι

659 576 780 637 mei,
822 573 1068 625 Dominus
1112 568 1277 634 factus
1330 571 1403 614 est
1445 561 1652 626 adjutor
1692 572 1852 610 meus.
1922 553 2180 608 Converti-

661 664 729 716 sti
785 662 1042 730 planctum
1106 669 1270 706 meum
1328 651 1378 701 in
1421 647 1663 716 gaudium
1695 644 1866 696 mihi:
1892 642 2183 696 conscidisti

663 767 867 806 saccum
895 763 1079 808 meum,
1108 753 1156 796 ει
1187 739 1564 794 circumdedisti
1591 753 1668 789 me
1695 736 1898 788 laetitia.
1925 734 2056 787 Cum
2086 734 2182 794 sic,

665 841 855 908 inquit,
893 837 1222 903 deprecarer,
1253 828 1344 897 qui
1388 841 1495 879 non
1546 824 1728 892 procul
1773 829 1855 875 est
1897 821 1962 873 ab
2002 820 2067 874 iis
2096 819 2186 888 qui

665 944 795 1001 pure
834 942 894 980 ac
938 923 1161 978 ﬁdeliter
1187 921 1432 973 invocant
1462 919 1655 985 ipsum,
1687 912 1940 965 Dominus
1971 911 2182 971 audivit,

665 993 729 1071 de
758 1028 861 1082 quo
893 1011 1090 1064 dictum
1119 1018 1199 1062 est
1223 1005 1434 1070 :Prope
1459 1011 1532 1055 est
1564 1000 1817 1053 Dominus
1847 993 2078 1048 omnibus
2106 994 2186 1045 in-

663 1101 954 1156 vocantibus
978 1114 1090 1151 eum
1135 1097 1188 1148 in
1213 1093 1504 1148 -υεινίιαιειδ9
1529 1109 1544 1145 :
1575 1098 1626 1144 et
1655 1097 1932 1158 postquam
1967 1083 2187 1143 audivit,

662 1194 896 1244 misertus
928 1198 1002 1240 est
1031 1186 1149 1245 mei,
1184 1199 1246 1236 ac
1291 1196 1442 1237 suam
1484 1195 1606 1246 erga
1648 1193 1732 1230 me
1773 1173 2187 1228 misericordiam

662 1274 1248 1350 opere-comprobavit:
1281 1271 1449 1339 factus
1483 1276 1558 1321 est
1596 1261 1735 1317 enim
1771 1263 1980 1330 adjutor
2013 1276 2185 1313 meus.

661 1371 946 1438 Postquam
1001 1378 1099 1417 nos
1151 1363 1298 1416 hisce
1350 1361 1608 1412 allocutus
1647 1366 1728 1408 est
1756 1354 1952 1414 verbis,
1990 1359 2043 1405 et
2073 1363 2190 1418 quae

665 1461 764 1515 sibi
800 1455 1101 1511 acciderant
1141 1450 1427 1508 enarravit.
1461 1460 1650 1500 rursus
1697 1444 1984 1512 gratiarum
2027 1439 2190 1491 actio-

664 1565 785 1605 nem
809 1547 873 1600 ad
907 1546 1077 1614 ipsum
1111 1542 1274 1595 Deum
1317 1537 1594 1598 convertit,
1629 1533 1882 1588 beneﬁcia
1931 1531 2033 1584 sibi
2076 1529 2188 1582 col-

665 1641 772 1691 lata
799 1647 1136 1690 enumerans.
1174 1628 1328 1690 Nam,
1358 1627 1548 1694 inquit,
1577 1634 1631 1676 tu
1673 1622 1775 1675 mei
1821 1620 2070 1673 misertus
2107 1632 2188 1678 es,

663 1737 717 1780 et
745 1726 916 1778 factus
951 1737 1010 1775 es
1033 1720 1241 1787 adjutor
1268 1731 1448 1781 meus;
1484 1722 1640 1782 atque
1682 1711 1759 1765 sic
1785 1717 1986 1762 veteres
2019 1708 2191 1775 lacry-

2280 550 2428 613 νήθη
2470 545 2688 611 βοηθός
2721 517 2855 610 ξιιου.
2902 535 3189 601 Tarpeii-ac
3225 525 3311 613 rer
3349 517 3554 573 κοπετότ

2281 612 2366 705 eli;
2404 641 2592 706 χαρὰν
2621 633 2764 702 ἐμοὶ,
2811 625 3098 696 διέρῤηξας
3129 619 3215 672 τὸν
3250 612 3456 706 σάκκον
3485 621 3550 706 po

2282 698 2626 797 περιέζωσάς
2645 698 2718 793 ξιλε
2739 721 3111 789 εὐφροσύνην.
3127 709 3296 766 Ταῦτα,
3314 700 3460 797 φησι,
3483 698 3552 797 δεῖ

2286 839 2404 890 μου,
2432 823 2460 872 ὁ
2487 818 2558 888 μὴ
2591 815 2796 886 μακρὰν
2823 808 3060 878 ἀφεστὼς
3081 803 3164 856 τῶν
3191 792 3418 863 καθαρῶς
3444 789 3527 840 καὶ

2282 905 2714 973 ἐπικαλουμένων
2750 899 2911 954 αὑτὸν
2936 896 3113 964 Κύριος
3130 889 3350 956 ἤκουσε,
3382 876 3502 946 περὶ
3529 877 3553 925 ο

2283 1015 2400 1051 ται’
2464 996 2665 1063 Ἐγγὺς
2713 993 2924 1056 Κύριος
2969 984 3098 1038 πᾶσι
3133 979 3239 1042 τοῖς
3293 970 3549 1024 ἐπικαλοι

2284 1088 2464 1141 αὑτὸν
2507 1059 2574 1136 έιέ
2615 1081 2878 1148 ἀληθείᾳ·
2928 1075 3020 1128 καὶ
3060 1069 3257 1128 ἀκούσας
3295 1059 3520 1129 ἠλέησὲ

2285 1177 2438 1246 ἔργον
2482 1173 2780 1236 ἐπεδείξατο
2827 1166 2918 1218 τοῦ
2972 1166 3045 1225 είς
3067 1162 3146 1230 ἐμὲ
3175 1158 3362 1209 οἴκτσυ.
3387 1147 3552 1218 ἐγεννὶ

2281 1239 2501 1329 βοῆθός
2519 1281 2654 1330 μου.
2679 1261 2859 1312 Ταῦτα
2889 1258 2964 1318 ὼς
2991 1253 3107 1322 πρὸς
3133 1251 3260 1319 ἡμᾶς
3279 1239 3554 1309 διαλεχθεὶς

2290 1352 2661 1422 συμϐεϐηκότα
2701 1348 2845 1417 αύτῷ
2882 1344 3085 1405 διδάξας
3105 1340 3250 1409 ἡμᾶς,
3282 1330 3554 1400 ἁποστρέςς

2287 1443 2381 1511 τὴν
2407 1439 2744 1510 εὐχαριστίαν
2779 1436 2864 1488 ἐπ’
2894 1433 3048 1486 αὑτὸν
3076 1430 3205 1490 Θεὸν,
3232 1425 3328 1486 τὰς
3358 1423 3437 1482 είς
3466 1419 3554 1472 air.

2287 1533 2469 1598 γεσίας
2499 1528 2720 1592 διεξιὼν.
2762 1526 3022 1594 Ἠλέησας
3053 1521 3146 1590 γάρ
3178 1535 3238 1588 με
3277 1517 3368 1577 σὺ,
3399 1511 3554 1580 φησι,

2287 1635 2446 1685 γονας
2493 1615 2678 1684 βοηθός
2722 1628 2854 1682 μου·
2897 1610 3036 1662 οὕτω
3077 1625 3130 1658 τε
3175 1600 3469 1674 μετέϐαλες
3521 1617 3549 1649 τ

2296 1725 2392 1778 μου
2431 1707 2652 1776 δάκρυα,
2686 1704 2778 1756 καὶ
2808 1703 2933 1763 τοὺς
2973 1699 3180 1770 θρήνους
3217 1693 3314 1746 καὶ
3357 1697 3450 1743 τὸν
3492 1707 3554 1740 κο

666 1829 802 1879 mas,
833 1809 1257 1868 lamentationes,
1304 1805 1572 1872 planctum
1621 1800 1675 1853 in
1723 1799 1910 1860 risum,
1943 1793 2159 1861 gaudii"

2060 1793 2191 1845 Ῐὶιιηι
2226 1811 2262 1862 Β
2290 1799 2493 1866 γέλωτα
2515 1797 2605 1849 καὶ
2634 1795 2823 1864 χαρὰν,
2858 1793 2950 1844 καὶ
2985 1788 3301 1857 ἀγαλλίασιν,
3339 1779 3553 1849 ἐπαληθ

666 1911 720 1957 et
767 1900 1170 1956 exsultationem
1207 1893 1566 1948 commutasti.
1612 1888 1688 1941 lta
1735 1901 1911 1940 veram
1949 1894 2194 1949 compro-

667 1993 803 2046 bast':
849 1992 990 2044 illam
1042 1985 1441 2044 beatitudinem,
1476 1996 1592 2049 qum
1630 1979 1720 2032 diu
1769 1983 1951 2045 postea
1981 1974 2052 2026 de
2067 1971 2195 2024 flen-

665 2085 807 2136 tibus
835 2095 895 2134 ac
919 2079 1220 2148 lugentibus
1247 2073 1439 2126 tradita
1467 2079 1547 2125 est
1578 2089 1589 2123 :
1619 2068 1768 2121 Beati
1791 2066 1876 2130 qui
1898 2065 2040 2131 flent,
2070 2077 2197 2129 quo-

668 2176 809 2227 niam
838 2171 1068 2224 ridebunt
1089 2169 1164 2228 ’°;
1195 2167 1329 2219 beati
1355 2165 1438 2233 qui
1469 2163 1654 2230 lugent,
1685 2157 1924 2226 quoniam
1951 2154 2045 2221 ipsi
2073 2168 2196 2205 con-

668 2263 972 2318 solabuntur
1001 2261 1068 2310 οι.
1104 2257 1183 2310 Me
1225 2269 1380 2308 sacco
1405 2251 1620 2315 exuisti,
1655 2249 1743 2317 qui
1771 2248 1946 2299 luctus
1986 2244 2194 2310 signum

668 2360 802 2413 erat,
838 2350 891 2402 in
921 2362 1024 2417 quo
1056 2361 1140 2399 me
1186 2342 1494 2410 allligebam,
1527 2347 1578 2392 et
1619 2336 1831 2405 cingulo
1864 2333 2055 2386 laetitia:
2096 2331 2195 2382 cir-

669 2437 1009 2494 cumcinxisti
1047 2450 1148 2487 me.
1181 2432 1300 2484 Hinc
1331 2443 1486 2497 porro
1508 2427 1681 2479 omnia
1734 2424 1861 2476 mihi
1904 2419 2192 2490 priebuisti,

670 2537 728 2583 ut
761 2527 923 2589 ne..si
953 2525 1051 2578 tibi
1095 2537 1202 2575 non
1231 2518 1507 2571 confessus
1539 2530 1733 2574 essem,
1763 2523 1900 2566 terra
1939 2521 1987 2564 et
2025 2510 2196 2579 pulvis

669 2631 1019 2677 remanerem,
1046 2622 1103 2665 ut
1149 2618 1316 2663 cantet
1353 2607 1442 2659 tibi
1487 2606 1652 2674 gloria
1700 2619 1829 2654 mea.
1867 2599 1998 2652 Nam
2034 2600 2078 2653 si
2109 2599 2200 2650 de-

670 2706 994 2762 scendissem
1051 2703 1107 2755 in
1159 2698 1587 2765 corruptionem,
1634 2693 1778 2746 nulla
1820 2691 1944 2742 hinc
1999 2689 2198 2742 utilitas

671 2799 754 2853 vel
785 2795 914 2849 mihi
943 2793 1023 2848 vel
1049 2792 1167 2846 aliis
1216 2795 1468 2842 eventura
1513 2793 1645 2838 erat.
1672 2782 1794 2850 Ego
1835 2793 2062 2846 namque
2094 2778 2198 2830 vita

672 2890 760 2944 illa
799 2902 915 2956 qua:
956 2901 1021 2939 ex
1067 2893 1117 2938 te
1151 2879 1386 2951 procedit
1432 2875 1721 2948 privandus
1763 2887 1928 2937 eram,
1959 2870 2046 2922 alii
2075 2883 2200 2922 vero

673 2995 766 3049 per
793 2993 874 3030 me
899 2977 1120 3030 salutem
1147 2971 1364 3024 minime
1393 2967 1533 3021 nacti
1561 2972 1755 3019 essent.

741 3068 810 3120 At
837 3065 1050 3135 quando
1084 3071 1140 3115 tu
1171 3058 1463 3113 convertisti
1498 3054 1757 3123 planctum
1784 3065 1950 3102 meum
1983 3049 2034 3099 in
2073 3063 2200 3116 gau-

2292 1883 2510 1952 ὒστερόν
2541 1898 2667 1932 ποτε
2691 1878 2944 1948 λεχθέντα
2978 1873 3303 1946 μακαρισμὸν
3342 1871 3479 1939 περὶ
3502 1869 3554 1920 τί

2289 1987 2392 2023 των
2416 1969 2506 2021 καὶ
2531 1966 2881 2027 πενθούντων,
2913 1962 3050 2016 κατὰ
3069 1963 3150 2013 τόο
3191 1958 3497 2026 Μακάριοι
3537 1974 3552 2007 (

2288 2078 2404 2125 τες,
2435 2059 2522 2110 ὅτι
2553 2055 2905 2126 γελάσονται
2925 2072 2939 2085 ·
2962 2053 3054 2104 καὶ
3077 2051 3354 2120 μακάριοι
3387 2053 3443 2102 οὶ
3479 2065 3554 2100 πε

2291 2151 2376 2201 ὅτι
2412 2145 2989 2213 παρακληθήσονται.
3040 2141 3113 2193 Τὰ
3143 2139 3401 2210 σύμϐολα
3443 2138 3549 2205 γοῦ

2291 2238 2413 2299 θους
2460 2235 2727 2296 ἀπέδυσας
2761 2250 2856 2303 με,
2907 2232 2998 2285 τὸν
3047 2231 3271 2291 σάκκον,
3331 2233 3399 2282 ἐν
3455 2223 3504 2296 ᾧ
3548 2248 3553 2278 τ

2294 2329 2520 2399 ἐμαυτὸν
2545 2326 2936 2397 ἐτιμωρούμην,
2973 2325 3062 2377 καὶ
3092 2321 3344 2393 ζώσματι
3405 2325 3553 2391 εὐφρ

2297 2420 2551 2490 ριέζωσὰς
2596 2435 2679 2488 με.
2732 2416 2839 2468 Καὶ
2862 2414 3034 2467 ταῦτα
3060 2414 3230 2466 πάντα
3281 2431 3394 2483 μοι
3445 2431 3554 2484 παε

2298 2511 2369 2581 μὴ
2409 2509 2680 2578 ἀπομείνω
2723 2507 2865 2568 κόνις
2899 2506 2992 2557 καὶ
3023 2499 3145 2574 χοῦς
3191 2507 3220 2557 ὁ
3266 2506 3348 2575 μὴ
3396 2506 3554 2575 ἐξομ‹

2297 2616 2396 2663 σοι,
2437 2599 2544 2651 ἀλλ’
2574 2599 2671 2649 ἵνα
2701 2595 2908 2663 caua
2948 2611 3044 2647 σοι
3072 2596 3107 2661 ἡ
3139 2594 3296 2657 δόξα
3319 2613 3492 2663 μου.
3544 2598 3554 2617 ‘

2294 2688 2370 2757 τῷ
2402 2685 2696 2756 καταϐῆναί
2733 2702 2797 2754 με
2829 2686 2906 2746 είς
2935 2683 3230 2754 διαφθορὰν
3270 2685 3542 2756 οὐδεμία

2294 2777 2412 2829 λεια
2435 2775 2540 2827 οὒτ’
2570 2774 2690 2844 ἐμοὶ
2716 2773 2836 2824 οὔτε
2857 2774 3079 2843 ἑτέροις.
3126 2772 3279 2841 Ἐγώ
3312 2786 3407 2826 τε·
3435 2777 3554 2847 γὰρ

2300 2883 2402 2935 μην
2426 2866 2521 2934 τῆς
2545 2864 2691 2934 παρὰ
2724 2863 2816 2915 σοῦ
2839 2863 3003 2931 ζωῆς,
3033 2863 3184 2916 ἄλλοι
3212 2882 3277 2916 τε
3308 2866 3554 2937 οὐδαμῦ

2296 2955 2394 3023 τῆς
2423 2954 2486 3005 δι’
2517 2953 2645 3023 ἐμοῦ
2679 2954 2962 3023 σωτηρίας.

2377 3044 2461 3094 Ἐν
2491 3042 2544 3093 δὲ
2572 3041 2646 3111 τῷ
2665 3041 3058 3109 μεταϐάλλειν
3090 3057 3168 3095 σε
3199 3044 3324 3096 τὸν
3358 3063 3548 3101 κοπε

673 3156 816 3209 dium
861 3152 1005 3216 mihi,
1036 3158 1088 3206 et
1115 3147 1327 3219 quando
1371 3141 1668 3196 conscidisti
1711 3152 1915 3190 saccum
1946 3149 2111 3186 nteant
2154 3151 2166 3184 t

2037 3149 2111 3184 itm
2154 3123 2266 3184 etC
2300 3133 2486 3200 χαρὰν
2518 3130 2664 3198 ἐμοὶ,
2699 3131 2792 3182 καὶ
2833 3132 2889 3182 ἐν
2920 3131 2996 3200 τῷ
3037 3131 3396 3199 διαρῤυῆξαί
3440 3154 3530 3190 σε

674 3241 1055 3298 circumdedisti
1102 3255 1179 3291 me
1221 3235 1424 3295 laztitia,
1449 3246 1556 3285 non
1602 3228 1809 3282 modica
1855 3224 1976 3276 inde
2004 3222 2202 3275 utilitas

675 3333 902 3388 accessit
932 3351 943 3384 :
977 3345 1100 3384 nam
1128 3327 1352 3398 pristina
1386 3329 1600 3388 recepta
1628 3317 1816 3386 gloria,
1840 3330 1932 3384 per
1961 3328 2076 3366 eam
2109 3309 2204 3363 tibi

675 3423 902 3477 cantabo
926 3434 978 3475 et
999 3420 1219 3490 psallam
1239 3457 1253 3480 ,
1281 3430 1385 3469 non
1421 3427 1581 3482 prava
1609 3410 1818 3479 quidem
1857 3403 2201 3463 conscientia,

678 3515 769 3566 sed
802 3512 979 3564 ﬁdenti
1019 3525 1080 3562 ac
1117 3521 1248 3577 pura
1299 3511 1492 3558 mente.
1539 3502 1658 3554 Ideo
1687 3501 1779 3560 ait,
1815 3495 1878 3549 Ut
1921 3503 2084 3547 cantet
2117 3491 2207 3543 tibi

676 3603 843 3671 gloria
873 3615 1003 3659 mea,
1043 3607 1090 3650 et
1135 3611 1234 3648 non
1279 3603 1604 3660 compungar.
1637 3589 1727 3640 'lta
1777 3600 1935 3655 porro
1965 3597 2207 3652 perseve-

679 3691 810 3742 rabo
842 3702 934 3756 per
961 3699 1117 3739 omne
1166 3682 1436 3744 saaculum,
1466 3678 1756 3733 conﬁtebor
1807 3674 1926 3737 tibi,
1976 3681 2030 3726 et
2077 3685 2108 3722 a
2159 3677 2208 3722 te

682 3776 810 3829 mihi
843 3789 1050 3841 semper
1091 3772 1281 3824 collata
1312 3767 1567 3822 beneﬁcia
1611 3762 2056 3818 commemorabo.
2103 3758 2207 3809 Do-

680 3867 847 3919 minus
876 3865 1044 3933 {actus
1070 3869 1147 3914 est
1180 3859 1387 3927 adjutor
1412 3873 1570 3909 meus.
1613 3852 1908 3907 Notandum
1942 3864 2100 3917 porro
2128 3854 2209 3901 est

682 3955 830 4014 illud,
856 3953 1024 4021 {actus
1045 3958 1140 4014 est,
1170 3962 1276 4001 non
1314 3959 1522 4012 semper
1554 3948 1822 4009 acceptam
1857 3935 2208 3990 substantiam

681 4043 1018 4115 signiﬁcare;
1065 4040 1154 4094 sed
1191 4036 1506 4107 quandoque
1545 4033 1704 4086 etiam
1758 4028 1995 4082 habitum
2023 4039 2210 4094 quem-

682 4113 824 4189 dam.
855 4131 1038 4186 Sicubi
1072 4130 1234 4199 igitur
1275 4125 1325 4179 id
1361 4124 1427 4178 de
1474 4121 1747 4175 Salvatore
1787 4118 2014 4179 dicatur,
2060 4113 2204 4166 habi-

683 4233 794 4276 tum
823 4223 888 4276 ad
917 4233 1028 4275 rem
1056 4219 1311 4286 aliquam,
1342 4229 1447 4268 non
1483 4208 1834 4266 substantiam
1871 4205 2092 4268 factam,
2136 4202 2210 4256 si-

682 4311 912 4382 gniﬁcat.
967 4305 1273 4364 Convertisti
1332 4303 1594 4371 planctum
1648 4313 1816 4351 meum
1862 4296 1915 4348 in
1965 4293 2209 4363 gaudium

684 4402 827 4454 mihi.
857 4400 967 4454 Vox
997 4401 1106 4462 illa,
1138 4398 1373 4467 planctus
1409 4392 1542 4464 [sive
1584 4391 1753 4443 tunsio
1796 4385 2058 4456 pectoris],
2086 4399 2209 4438 sen-

686 4508 803 4548 sum
835 4490 1096 4560 signiﬁcat
1125 4508 1138 4542 :
1165 4487 1306 4557 quod
1328 4485 1410 4539 vel
1432 4485 1546 4552 ipsa
1575 4496 1631 4535 re
1661 4479 1983 4537 declaratur,
2022 4489 2212 4528 manus

687 4583 880 4651 quippe
923 4587 1104 4649 pectus
1147 4577 1397 4630 tundunt.
1443 4571 1542 4649 Qui
1586 4570 1745 4638 igitur
1781 4569 1834 4620 in
1879 4566 2214 4636 propriorum

690 4678 1026 4742 peccatorum
1056 4682 1216 4720 sensu
1246 4647 1509 4725 versatur,
1546 4675 1608 4713 ac
1641 4673 1733 4728 per
1777 4656 2076 4726 spirituales
2109 4667 2216 4705 ma-

691 4777 790 4815 nus
819 4775 940 4814 cum
985 4757 1216 4811 elﬁcacia
1262 4769 1476 4808 sensum
1517 4750 1712 4806 excitat
1750 4764 1932 4808 suum,
1967 4746 2011 4799 is
2040 4753 2214 4797 trans-

690 4851 825 4904 latus
874 4865 902 4902 a
952 4850 1118 4910 luctu,
1151 4844 1420 4914 gaudium,
1476 4841 1706 4910 Spiritus
1750 4837 1920 4893 sancti
1957 4835 2211 4895 fructum,

689 4941 925 5007 accipiet.
961 4936 1092 4991 Illud
1130 4949 1310 5003 porro.
1348 4932 1661 4991 convertisti,
1691 4928 2036 4982 mutationem
2067 4924 2210 4975 illam

691 5044 752 5082 es
782 5029 993 5095 planctu
1017 5034 1068 5080 et
1092 5026 1238 5077 luctu
1269 5024 1324 5076 in
1365 5023 1597 5076 laetitiam
1628 5019 1860 5072 declarat
1888 5035 1902 5080 ;
1946 5013 2076 5068 illud
2120 5013 2212 5066 de-

693 5130 857 5176 mum,
889 5131 985 5166 non
1013 5130 1338 5183 compungar,
1371 5113 1422 5165 id
1450 5120 1550 5177 est,
1589 5125 1694 5163 non
1727 5107 1941 5160 mutabo
1975 5102 2216 5172 proposi-

695 5211 827 5256 tum.
855 5201 1029 5255 Gloria
1070 5203 1159 5254 illa
1188 5202 1454 5255 cantatrix
1487 5201 1602 5270 ejus
1630 5197 1720 5266 qui
1763 5196 1840 5250 sic
1879 5193 2044 5247 Deum
2088 5190 2216 5243 alfa-

695 5298 802 5354 tur,
839 5298 1042 5344 rectum
1071 5291 1190 5342 vitae
1238 5291 1534 5344 institutum
1575 5296 1656 5342 est
1702 5291 1754 5339 et
1793 5280 2024 5351 cognitio
2060 5294 2212 5348 pura.

699 5375 910 5429 Domine
949 5374 1084 5427 Deus
1131 5391 1291 5439 meus,
1330 5379 1383 5429 in
1430 5386 1672 5430 wternum
1713 5369 1991 5440 conﬁtebor
2018 5368 2124 5420 tibi.
2157 5367 2213 5420 ιιι

699 5471 799 5524 cst,
821 5477 916 5529 pro
941 5461 1189 5516 omnibus
1216 5477 1331 5530 quae
1351 5465 1687 5534 contigerint,
1711 5476 1817 5516 non
1846 5458 2001 5513 modo
2027 5457 2214 5525 jucun.

2295 3240 2410 3290 μου
2443 3221 2538 3272 καὶ
2567 3220 2870 3287 περιζῶσαι
2895 3223 3335 3290 εὐφροσύνην,
3385 3231 3513 3299 οὐχ
3547 3252 3549 3257 ⁴

2300 3312 2515 3379 γένηται
2534 3311 2763 3378 ὠφέλεια
2781 3328 2793 3340 -
2820 3311 3114 3366 ἀπολαϐὼν
3145 3314 3270 3386 γὰρ
3299 3317 3432 3388 τὴν
3472 3339 3551 3389 πε

2299 3401 2389 3453 τοῦ
2415 3401 2586 3466 δόξαν,
2617 3400 2702 3452 διὰ
2719 3400 2921 3470 ταύτης
2951 3419 3031 3454 σοι
3058 3403 3257 3471 ψαλῶ,
3275 3409 3403 3461 καὶ
3439 3410 3551 3477 ψαῖ

2301 3507 2439 3552 τινος
2469 3490 2672 3559 φαύλης
2707 3491 3085 3560 συνειδήσεως,
3120 3493 3280 3548 ἀλλὰ
3356 3503 3544 3568 μετὰ

2304 3580 2502 3648 σμένης
2533 3579 2623 3630 καὶ
2656 3579 2898 3648 καθαρᾶς
2944 3580 3225 3644 διανοίας.
3265 3587 3386 3639 Διό
3424 3607 3551 3659 φης

2302 3670 2508 3737 ψάλλει]
2559 3686 2655 3721 σοι
2699 3671 2736 3735 ἡ
2779 3668 2927 3731 δόξα
2975 3687 3128 3736 μου,
3182 3674 3303 3725 καὶ
3361 3681 3463 3730 οὺ
3519 3699 3549 3747 ι

2305 3759 2455 3810 Οὕτω
2480 3777 2537 3810 τε
2561 3757 2846 3810 διατελέσω
2879 3760 2958 3820 εἰς
2985 3759 3084 3811 τὸν
3126 3760 3200 3812 σύ
3215 3780 3516 3830 μτταντα

2303 3846 2614 3915 λογούμενός
2646 3863 2756 3908 σοι,
2797 3845 2891 3896 καὶ
2927 3847 3027 3908 τὰς
3066 3847 3182 3909 σὰς
3230 3849 3346 3902 διὰ
3399 3871 3550 3908 παν

2304 3938 2400 3998 τὰς
2430 3938 2506 3994 εἰς
2534 3934 2630 4002 ἐμὲ
2657 3933 2882 3995 διεξιών.
2917 3936 3153 4001 Κύριος
3207 3939 3554 4008 ἐγενήθη

2307 4023 2658 4094 Σημειωτέον,
2716 4023 2796 4073 ὅτι
2844 4021 2922 4084 τὸ,
2979 4023 3314 4092 ἐγενήθη,
3391 4033 3542 4085 οὐκ

2309 4112 2573 4181 σημαίνει·
2593 4110 2702 4161 ἀλλ’
2733 4109 2840 4160 ἐσθ’
2868 4110 2954 4160 ὅτε
2986 4111 3091 4162 καὶ
3124 4113 3301 4181 πρός
3336 4133 3521 4170 τινα.

2305 4199 2396 4253 οὖν
2449 4202 2542 4254 καὶ
2587 4200 2676 4251 ἐπὶ
2720 4199 2810 4250 τοῦ
2852 4199 3121 4270 Σωτῆρος
3193 4206 3520 4280 τοιαύτη

2312 4291 2489 4359 σχέσιν
2514 4291 2644 4360 πρός
2675 4307 2725 4340 τι
2762 4289 2854 4340 καὶ
2884 4289 3006 4358 οὐχὶ
3041 4291 3385 4348 οὐσίωσιν
3441 4317 3548 4370 ση

2310 4385 2430 4449 ψας
2461 4379 2564 4431 τὸν
2599 4382 2850 4429 κυπετόν
2883 4395 3003 4444 μου
3037 4381 3149 4444 εὶς
3205 4385 3498 4451 χαρὰν

2312 4473 2438 4536 τὸς,
2467 4470 2613 4537 φωνὴ
2631 4508 2644 4528 ,
2675 4469 2771 4538 τὴν
2807 4467 3195 4540 συναίσθησιν
3262 4490 3499 4545 σημα,
3511 4481 3554 4531 επ

2313 4563 2347 4630 ἠ
2382 4558 2572 4630 πρᾶξις
2601 4557 2920 4627 παρίστησι,
2948 4558 3065 4611 τῶν
3110 4564 3396 4632 χειρῶν
3451 4571 3554 4622 τὸ

2315 4651 2439 4702 σῶν.
2515 4648 2570 4699 'O
2626 4643 2716 4698 οὖν
2765 4647 2821 4697 ὲν
2873 4649 3301 4720 συναισθήσει.
3379 4657 3554 4713 ἰδία

2313 4737 2565 4806 γεγονὼς,
2608 4736 2700 4787 καὶ
2732 4737 3078 4805 ὲνεργητικῶ
3090 4757 3124 4800 ς
3187 4741 3227 4792 δ
3239 4743 3319 4795 ιὰ
3363 4764 3466 4815 χε
3480 4768 3506 4800 ι
3522 4770 3554 4821 F

2315 4829 2407 4897 τὴν
2442 4825 2684 4893 αἴσθησιν
2731 4825 2893 4876 αὑτοῦ
2927 4826 3276 4899 διεγείρας
3309 4873 3332 4894 ,
3408 4855 3554 4905 μετ

2309 4911 2682 4982 ὀλοφύρεσθαι,
2719 4911 2888 4981 χαρὰν
2914 4914 3007 4966 τὸν
3036 4922 3350 4988 καρπὸν
3409 4929 3554 4980 «eo:

2309 5004 2546 5073 λήψεται.
2579 4999 2673 5062 Τὸ,
2707 5000 3045 5070 ἓστρεψας,
3125 5008 3356 5078 δηλοῖ
3412 5017 3553 5078 τὴκι

2318 5067 2436 5146 σθαι
2483 5094 2574 5146 καὶ
2621 5067 2904 5146 λυπεῖσθαι
2929 5067 3039 5158 εἰς⁷
3083 5067 3358 5171 xei-pan;

2314 5189 2383 5239 οὐ
2403 5185 2486 5254 μὴ
2516 5185 2821 5254 natam)qu
2841 5227 2855 5250 ,
2890 5189 2948 5240 οὐ
2998 5190 3093 5260 μὴ
3183 5201 3548 5266 μεταγνί

2316 5277 2582 5344 ψάλλουσα
2606 5274 2699 5327 τοῦ
2730 5276 2902 5329 ταῦτα
2929 5278 3267 5347 λέγοντος
3311 5288 3439 5339 τῶ
3483 5291 3540 5343 Ε

2317 5341 2408 5418 καὶ
2432 5364 2624 5433 γνῶσίς
2655 5367 2800 5419 ἐστιν
2832 5341 3215 5442 εἰλικρινής.
3236 5341 3526 5445 ⁷Κύὶπε

2319 5457 2421 5508 τὸν
2447 5455 2625 5510 αἰῶνα
2647 5457 3246 5530 ἐξομολογήσομαι
3283 5481 3439 5522 σοι
3475 5489 3496 5502 ο

776 5633 819 5666 ⁸⁸
857 5631 995 5688 Psal.
1028 5648 1199 5701 asuv,
1234 5637 1321 5693 18.
1393 5641 1438 5671 ⁸ο
1475 5639 1601 5694 Luc.
1641 5656 1710 5705 γι,
1744 5639 1832 5694 21.
1905 5637 1950 5671 ’ί
1989 5633 2176 5690 Matth.
2217 5648 2276 5698 γ,
2308 5634 2357 5686 5.
