3782 6350
602 383 703 443 167

1274 382 1539 437 EUSEBll
1580 376 2040 436 CASSARIENSIS
2079 378 2223 433 OPP.
2255 378 2429 431 PARS
2486 377 2654 433 lll.——
2692 379 3082 434 EXEGETICA.

608 502 823 555 letabor
860 502 914 553 in
948 495 1300 553 misericordia
1344 503 1450 545 tua.
1491 491 1680 545 Merito
1728 491 1925 544 laetaris
1950 491 2016 543 de
2039 506 2100 543 ve

2039 506 2125 543 ve-
2159 500 2206 552 Α
2233 495 2507 558 λιάσομαι
2555 491 2650 543 καὶ
2692 491 3153 559 εὐφρανθήσομαι
3188 490 3269 542 ἐπὶ
3298 491 3365 555 τῷ
3396 492 3518 547 ἐλέει

606 594 781 648 sitatis
828 588 1172 643 amatoribus.
1203 583 1429 650 illosque
1481 580 1748 644 admittis;
1780 578 1898 631 ideo
1928 578 2127 631 dictum

604 692 706 745 est,
752 682 996 734 Veritates
1028 675 1237 741 requirit
1259 672 1552 736 Dominus;
1596 670 1715 725 illos
1753 685 1878 724 vero
1907 671 1995 739 qui
2038 686 2129 722 va-

603 775 819 829 nitatem
878 772 1165 827 sectantur,
1213 769 1396 832 utpote
1447 762 1537 830 qui
1569 759 1905 814 mendacium
1940 775 2128 815 conse-

601 868 827 919 ctentur,
866 854 1163 926 adversaris
1206 859 1259 906 et
1299 851 1483 905 odisti.
1542 849 1763 904 Vanitas
1801 851 1997 919 quippe
2045 858 2128 904 est

599 950 735 1018 quod
767 946 1037 1001 mendacio
1066 945 1278 1012 plenum
1306 957 1320 994 :
1359 956 1526 1011 quare
1566 943 1645 995 sic
1674 943 1927 996 admones
1958 960 1969 994 :
2000 940 2127 994 Filii

597 1039 857 1092 hominum
886 1052 1142 1105 usquequo
1169 1035 1313 1104 gravi
1345 1035 1515 1096 corde,
1547 1042 1604 1085 ut
1631 1032 1752 1102 quid
1781 1031 1999 1100 diligitis
2037 1048 2127 1084 va-

594 1132 807 1185 nitatem
836 1140 882 1181 et
908 1127 1140 1195 quaeritis
1166 1126 1485 1179 mendacium
1504 1125 1589 1176 9’?
1622 1124 1729 1194 Ego
1753 1139 1880 1178 vero
1917 1139 1945 1175 a
1973 1124 2124 1177 vanis

593 1218 757 1272 rebus
785 1231 1026 1277 aversus,
1066 1216 1121 1268 in
1160 1222 1211 1269 te
1249 1216 1364 1267 solo
1387 1213 1612 1267 Domino
1639 1228 1757 1267 meo
1786 1229 1932 1281 spem
1970 1228 2127 1281 repo-

595 1308 701 1372 sui,
734 1316 898 1376 quare
932 1304 1144 1359 conﬁdo
1175 1320 1282 1357 non
1331 1303 1531 1357 frustra
1560 1302 1655 1356 tibi
1690 1304 1948 1371 meipsum
1976 1318 2121 1354 com-

594 1398 827 1452 misisse.
870 1395 1003 1449 Nam
1038 1395 1157 1449 linis
1197 1393 1309 1463 spei
1345 1395 1397 1447 in
1437 1401 1488 1447 te
1533 1392 1706 1462 posita
1759 1402 1835 1446 est
1875 1391 2149 1463 gaudium,

596 1493 647 1538 et
688 1484 887 1536 laetitia.

665 1572 826 1626 νέης.
858 1572 910 1625 9.
947 1572 1205 1637 Quoniam
1255 1572 1521 1639 respexisti
1559 1570 1897 1624 humilitatem
1934 1585 2118 1635 meam,

591 1663 808 1715 salvasti
849 1665 911 1715 de
942 1662 1328 1715 necessitatibus
1372 1663 1599 1714 animam
1641 1676 1843 1721 meam;
1878 1675 1965 1713 nec
1996 1675 2120 1712 con-

589 1753 794 1805 clusisti
837 1769 914 1805 me
960 1754 1013 1805 in
1057 1752 1292 1805 manibus
1344 1752 1583 1813 inimici;
1629 1751 1859 1804 statuisti
1907 1751 1958 1800 in
2010 1749 2118 1801 loco

589 1842 815 1909 spatioso
844 1841 991 1909 pedes
1037 1859 1193 1895 meos.
1250 1840 1364 1894 Jam
1408 1841 1542 1894 alias
1575 1839 1853 1908 respexisti
1899 1837 2114 1890 humili—

586 1940 751 1985 tatem
795 1946 963 1984 meam
995 1950 1008 1984 :
1046 1946 1107 1983 ac
1140 1930 1455 1999 plerumque
1485 1930 1659 1982 anima
1691 1941 1808 1980 mea
1832 1928 1899 1978 in
1930 1940 2112 1978 neces-

586 2021 772 2074 sitates
809 2019 875 2072 ab
919 2020 1148 2072 inimicis
1192 2018 1293 2072 sibi
1343 2018 1587 2072 inductas
1631 2017 1876 2085 delapsa,
1923 2029 2111 2082 meque

584 2110 716 2163 nihil
742 2108 883 2162 aliud
910 2117 1096 2178 agente
1118 2123 1275 2177 quam
1306 2118 1363 2161 ut
1386 2108 1717 2161 humiliarem
1750 2116 1802 2159 et
1828 2106 2108 2175 alﬂigerem

582 2215 687 2264 me,
717 2200 784 2254 ob
811 2199 1036 2253 emissas
1068 2198 1133 2251 ad
1172 2206 1224 2252 te
1249 2197 1409 2250 Deum
1445 2214 1618 2251 meum
1652 2212 1856 2266 preces,
1901 2204 1956 2249 tu
1997 2198 2108 2265 ipse

582 2304 732 2344 meus
781 2296 1142 2358 propugnator
1192 2303 1255 2340 ac
1303 2297 1589 2355 preteetor,
1640 2301 1723 2339 me
1773 2300 2106 2354 nequaquam

580 2380 898 2449 despiciens,
930 2380 1022 2433 sed
1056 2378 1404 2432 humilitatem
1428 2378 1731 2448 approbans
1767 2393 1960 2440 meam,
1997 2378 2105 2430 sal-

580 2468 711 2521 uasti
741 2467 803 2520 de
830 2465 1214 2519 necessitatibus
1256 2467 1483 2518 animam
1514 2481 1700 2527 meam,
1735 2480 1823 2517 nec
1848 2465 2102 2518 conclusi-

577 2560 647 2611 sti
672 2574 748 2610 me
776 2558 828 2610 in
854 2556 1090 2608 manibus
1143 2556 1371 2617 inimici;
1415 2570 1476 2608 ac
1522 2564 1711 2624 prater
1750 2556 2104 2623 exspectatio-

576 2662 698 2702 ncm
728 2662 812 2701 me
845 2648 899 2699 in
931 2646 1132 2700 retibus
1182 2645 1289 2713 jam
1329 2646 1658 2709 devolutum,
1689 2654 1740 2698 et
1766 2645 2101 2697 inimicorum

575 2735 825 2789 manibus
867 2734 1143 2798 traditum,
1168 2733 1420 2802 eripuisti
1451 2732 1811 2800 remisistiqUe
1854 2733 2097 2795 liberum,

575 2824 737 2895 pedes
774 2839 920 2877 meos
962 2825 1015 2876 in
1055 2824 1338 2877 latitudine
1378 2837 1440 2875 ac
1479 2824 1533 2875 in
1560 2823 1679 2875 loco
1709 2823 1942 2891 spatioso
1973 2837 2101 2875 con-

575 2913 795 2969 stituisti
822 2953 836 2977 ,
890 2914 1170 2980 soluteque
1220 2911 1347 2964 mihi
1403 2912 1760 2974 concessisti,
1793 2913 2100 2980 ubicunque

571 3006 757 3059 vellem
786 3005 1101 3058 incederem.
1127 3002 1182 3056 In
1208 3003 1429 3057 historia
1454 3016 1612 3070 porro
1634 3013 1900 3063 narratur,
1928 3002 2096 3071 ipsum

2229 583 2469 644 Εἰκότως
2496 581 2697 652 χαίρεις
2726 584 2817 651 μὲν
2846 584 2957 643 τοῖς
2984 582 3074 650 τῆς
3099 580 3321 649 ἀληθείας
3343 582 3536 649 ἐρασταῖς

2231 674 2450 736 τούτους
2484 672 2785 744 προσίεσαν
2817 673 2893 725 διὸ
2917 672 3177 723 λέλεκται·
3213 671 3467 737 Ἀληθείας
3490 676 3541 725 ὲκ

2228 766 2437 831 Κύριος
2457 782 2469 793 ο
2513 764 2635 825 τοὺς
2668 763 2722 814 δὲ
2755 764 2847 832 τὴν
2885 761 3195 831 ματαιότητα
3231 762 3531 830 περιέποντας

2230 871 2335 917 τως
2368 853 2644 923 ἀποτρέπῃ
2676 853 2764 904 καὶ
2794 854 2985 921 μισεῖς,
3019 849 3087 910 ὼς
3113 847 3172 900 ἂν
3197 850 3251 900 τδ
3275 848 3445 916 ψεῦδος
3468 869 3543 919 μετ

2228 959 2440 1005 κοντας.
2469 942 2774 1010 Ματαιότης
2793 940 2900 1009 γὰρ
2920 939 2983 989 τὸ
3010 938 3217 1006 ψεύδους
3240 938 3418 1007 γέμον·
3443 939 3506 990 διὸ
3529 960 3548 991 τ

2227 1035 2335 1093 νεῖς
2368 1031 2561 1097 λέγων·
2602 1029 2717 1083 Υἱοὶ
2755 1026 3095 1093 ἀνθρώπων,
3138 1027 3237 1090 ἕως
3281 1028 3409 1079 πότε
3446 1028 3545 1093 βαρ

2222 1122 2369 1183 deos;
2409 1122 2507 1173 ἵνα
2550 1121 2605 1172 τί
2656 1116 2917 1186 ἀγαπᾶτε
2951 1117 3311 1183 ματαιότητα,
3349 1116 3436 1167 καὶ
3479 1114 3549 1181 (ni

2224 1208 2479 1276 ψεῦδος;
2517 1209 2653 1277 Ἐγὼ
2696 1208 2772 1271 δὲ,
2804 1206 3158 1276 ἀποστραφεὶς
3198 1204 3263 1256 τὰ
3312 1205 3543 1273 parato”:

2230 1300 2385 1367 μόνον
2436 1299 2523 1351 τὸν
2569 1298 2799 1369 ἐμαυτοῦ
2834 1297 3030 1366 Κύριον
3062 1296 3285 1365 ἤλπισα·
3315 1295 3388 1347 διὸ
3430 1297 3549 1347 πέπε

2222 1388 2316 1439 οὐκ
2369 1390 2486 1457 είκῇ
2529 1405 2608 1439 σοι
2660 1387 2895 1456 ἐμαυτὸν
2923 1383 3347 1455 παρατεθεῖσθαι.
3378 1385 3445 1436 Τὸ
3466 1384 3547 1454 γὰε

2220 1478 2318 1546 τῆς
2344 1481 2422 1539 εἰς
2448 1478 2504 1528 σὲ
2532 1477 2741 1540 ἐλπίδος
2772 1475 2912 1546 χαρὰ
2940 1477 3032 1527 καὶ
3071 1475 3379 1545 εὐφροσύνη.

2291 1568 2408 1619 Ὅτι
2442 1567 2667 1632 ἐπεῖδες
2706 1566 2821 1633 τὴν·
2862 1565 3219 1618 ταπείνωσίν
3256 1582 3387 1632 μου,
3414 1564 3546 1617 ἔσω(

2220 1658 2338 1712 τῶν
2364 1657 2633 1725 ἀναγκῶν
2659 1657 2772 1723 τὴν
2797 1655 3008 1723 ψυχήν·
3030 1673 3172 1723 μου.
3196 1655 3308 1707 ’Καὶ
3352 1657 3421 1708 οὐ
3460 1670 3553 1708 συν

2218 1748 2331 1812 σάς
2354 1764 2428 1816 με
2454 1750 2538 1812 εἰς
2568 1747 2761 1815 χεῖρας
2784 1745 3039 1813 ἐχθρῶν·
3075 1745 3336 1811 ἐστησας
3362 1745 3429 1797 ἐν
3450 1748 3544 1811 εὺρ

2216 1838 2354 1902 τοὺς
2384 1837 2567 1901 πόδας
2590 1836 2873 1905 μου.“Ἠδη
2904 1836 2999 1888 καί
3029 1834 3215 1887 ἄλλοτε
3241 1835 3443 1897 ἐπεῖδες
3465 1836 3553 1905 τὴν

2214 1928 2374 1980 νωσίν
2409 1946 2505 1996 μου
2526 1945 2537 1957 ·
2575 1927 2828 1988 πολλάκις
2859 1943 2918 1977 τε
2955 1925 3351 1995 περιπεσούσης
3377 1925 3471 1994 τῆς
3499 1927 3551 1993 ἐρ

2214 2019 2311 2087 χῆς
2344 2018 2602 2084 ἀνάγκαις
2632 2019 2748 2078 ταῖς
2780 2015 2882 2068 ὑπὸ
2918 2015 3027 2066 τῶν
3059 2014 3269 2084 ἐχθρῶν
3300 2014 3555 2067 ἐπιτεθείσ

2212 2112 2296 2177 τῇ,
2323 2107 2452 2176 ἐμοῦ
2494 2123 2551 2157 τε
2589 2106 2749 2175 μηδὲν
2776 2104 2939 2157 πλέον
2976 2104 3308 2174 πράττοντος
3336 2104 3369 2174 ἢ
3396 2121 3551 2157 ταπει

2212 2198 2439 2268 ἐμαυτὸν
2465 2197 2556 2249 καὶ
2580 2195 2867 2257 κακοῦντος
2892 2195 2982 2247 διὰ
3014 2196 3127 2248 τῶν
3162 2194 3299 2267 πρὸς
3322 2194 3381 2247 σὲ
3401 2195 3489 2246 τὸν
3514 2195 3553 2245 Θ

2210 2288 2427 2359 τηρίων,
2459 2289 2519 2338 σὺ
2553 2286 2708 2346 αὐτὸς
2748 2287 2775 2336 6
2808 2285 2943 2352 ἐμὸς
2976 2287 3297 2355 ὑπέρμαχος
3337 2286 3430 2337 καὶ
3474 2286 3556 2337 om

2211 2378 2355 2447 στὴς,
2381 2378 2451 2446 μὴ
2475 2373 2876 2446 ἀντιπαρελθών
2907 2393 3000 2445 με,
3025 2376 3432 2446 ἀποδεξάμενος
3452 2376 3507 2428 δέ
3532 2395 3557 2427 τ

2207 2468 2542 2530 ταπείνωσιν,
2572 2467 2807 2529 ἔσωσας
2831 2466 2904 2518 ἐκ
2936 2466 3059 2519 τῶν
3092 2467 3379 2535 ἀναγκῶν
3423 2467 3538 2534 τὴν

2200 2576 2335 2625 μου,
2371 2558 2465 2609 καὶ
2507 2559 2574 2609 οὐ
2620 2556 3035 2622 συνέκλεισάς
3064 2575 3144 2625 με
3184 2561 3274 2623 εἰς
3308 2557 3559 2626 χεῖραςὲ

2205 2646 2513 2716 παραδόξως
2560 2645 2616 2695 δέ
2670 2661 2734 2713 με
2780 2644 2922 2696 εἴσω
2957 2646 3197 2698 δικτύων
3229 2647 3331 2716 ἤδη
3363 2647 3559 2713 γενόμε

2203 2738 2318 2797 ταῖς
2345 2735 2496 2804 χερσὶ
2524 2732 2627 2785 τῶν
2655 2733 2871 2802 ἐχθρῶν
2898 2735 3353 2805 παραδεδομένον
3385 2735 3562 2807 apices

2205 2826 2354 2896 θερον
2388 2826 2607 2893 ἀνῆκας,
2641 2825 2733 2877 καὶ
2762 2826 2899 2887 τοὺς
2937 2827 3115 2890 πόδας
3154 2845 3259 2896 μου
3296 2829 3355 2879 ἐν
3387 2828 3561 2879 πλατύ

2203 2914 2502 2985 εὐρυχωρίᾳ
2532 2914 2903 2983 κατέστησας,
2945 2918 3326 2988 συγχωρήσας
3358 2918 3557 2986 ἄφετόν

2200 3006 2358 3068 δίζειν
2393 3007 2511 3057 ὅποι
2538 3006 2631 3057 καὶ
2662 3004 2964 3076 βούλομαι.
2999 3009 3270 3061 Διδάσκει
3301 3009 3359 3061 δὲ
3395 3011 3495 3061 καὶ
3526 3012 3559 3078 ἠ

571 3109 710 3164 stupe
735 3111 764 3149 a
783 3095 940 3150 Saule
960 3095 1369 3164 deprehensum,
1390 3101 1441 3146 et
1466 3094 1750 3161 aliquando
1773 3093 1825 3145 in
1847 3094 2064 3161 spelunc

2060 3108 2097 3144 *a
2128 3126 2172 3187 ε
2201 3097 2300 3158 ὅτι,
2337 3095 2590 3156 πολλάκις
2620 3094 3013 3165 καταληφθεὶς
3045 3099 3161 3152 ὑπὸ
3208 3100 3308 3153 τοῦ
3351 3100 3553 3163 Σαοὺλ,

572 3184 861 3245 inclusum,
909 3196 1099 3235 manus
1138 3182 1255 3249 ejus
1300 3180 1550 3249 eﬂ‘ugisse
1596 3199 1609 3235 :
1655 3189 1709 3235 et
1742 3182 1875 3234 alias
1922 3180 2099 3234 aGet-

569 3273 722 3327 thseis
763 3286 820 3327 se
854 3279 1029 3326 mente
1058 3278 1271 3341 captum
1313 3270 1617 3325 simulando
1663 3272 1901 3339 elapsum
1959 3287 2097 3326 esse.

638 3446 796 3501 Vens.
842 3447 927 3499 10.
972 3444 1215 3500 Miserere
1260 3449 1379 3510 mei,
1430 3447 1662 3509 Domine,
1716 3447 1957 3515 quoniam
2007 3448 2101 3499 tri-

570 3537 760 3591 bulor:
801 3537 1132 3591 conturbatus
1164 3548 1241 3592 est
1274 3539 1330 3590 in
1378 3541 1459 3591 ira
1504 3538 1681 3591 oculus
1727 3553 1890 3599 meus,
1926 3539 2099 3589 anima

568 3643 681 3680 mea
725 3637 774 3680 et
816 3638 985 3681 venter
1027 3644 1184 3681 meus.
1232 3627 1413 3697 Rogo,
1452 3628 1658 3694 inquit,
1723 3641 1785 3680 ac
1841 3627 2100 3696 deprecor

566 3719 669 3770 mei
719 3725 776 3771 ut
820 3718 1143 3780 miserearis,
1197 3719 1439 3787 quoniam
1483 3718 1734 3781 tribulor;
1774 3719 1929 3787 cujus
1979 3720 2098 3773 loco

567 3806 779 3875 Aquila,
822 3807 1079 3873 Quoniam
1110 3818 1382 3877 angustum
1415 3808 1558 3860 mihi.
1596 3806 1695 3860 Tui
1725 3810 1863 3862 enim
1893 3818 1945 3861 et
1971 3823 2095 3877 pro-

565 3897 851 3951 missorum
889 3907 1101 3953 tuorum
1143 3913 1304 3953 causa
1359 3898 1412 3951 in
1455 3906 1679 3967 angusta
1721 3906 1773 3951 et
1821 3905 1968 3951 arcta
2010 3900 2094 3951 via

563 3986 775 4042 incedo.
824 3989 890 4042 At
929 3990 1119 4043 animae
1160 4005 1290 4044 mea:
1327 3990 1534 4051 oculus,
1579 3988 1801 4057 ipsaque
1841 4004 1991 4043 mens
2031 4004 2094 4043 ac

567 4076 648 4130 vis
677 4078 1032 4133 ratiocinandi
1072 4079 1284 4132 turbata
1312 4086 1392 4132 est
1422 4078 1476 4131 in
1507 4078 1605 4131 ira.
1639 4076 1742 4131 Pro
1774 4092 1879 4146 quo
1903 4077 2093 4147 Aquila

570 4166 986 4237 dicit:Squaluit
1019 4170 1072 4222 in
1105 4169 1457 4238 indignatione
1500 4168 1679 4222 oculus
1725 4183 1901 4230 meus;
1940 4167 2091 4238 Sym-

563 4256 785 4312 machus
816 4274 961 4325 vero,
995 4260 1252 4313 Turbatus
1294 4268 1369 4314 est
1401 4274 1508 4326 pra:
1532 4257 1882 4327 indignatione
1914 4259 2089 4312 oculus

563 4362 725 4401 meus.
761 4346 892 4401 Nam
941 4364 1062 4404 cum
1114 4349 1562 4420 indignationem,
1610 4349 1818 4417 inquit,
1865 4357 1918 4402 et
1956 4349 2089 4402 iram

2207 3201 2285 3236 τοι
2317 3184 2409 3236 καὶ
2436 3186 2489 3235 ἐν
2518 3182 2591 3252 τῷ
2623 3183 2886 3253 σπηλαίῳ
2922 3186 3313 3256 καθειρχθεὶς,
3350 3189 3454 3249 τὰς
3483 3189 3571 3239 ἐκε

2212 3283 2305 3345 ρας
2332 3275 2570 3341 διέφυγε,
2606 3274 2699 3325 καὶ
2729 3274 2934 3327 ἄλλοτε
2958 3278 3096 3339 τοὺς
3118 3278 3428 3343 Γετθαίους
3446 3296 3563 3349 παρ

2208 3381 2304 3435 σχη
2315 3364 2689 3434 ματισάμενοςλ

2286 3455 2563 3520 Ἐλέησόν
2588 3472 2681 3521 με,
2715 3458 2934 3525 Κύριε,
2965 3460 3065 3514 ὅτι
3095 3462 3410 3531 θλίϐομαι·
3456 3463 3570 3529 ista.

2203 3543 2362 3611 θυμῷ
2388 3547 2418 3596 ὁ
2445 3545 2750 3611 ὀφθαλμός
2779 3563 2938 3613 μου,
2966 3550 3009 3616 ἡ
3044 3552 3234 3619 ψυχή
3256 3571 3409 3620 μου,
3432 3555 3533 3607 καὶ
3563 3573 3573 3587 ’

2194 3653 2331 3705 μου.
2350 3635 2614 3697 Ἰκετεύω,
2646 3638 2815 3704 φησὶ,
2850 3641 2960 3693 καὶ
2985 3642 3200 3712 δέομαι
3233 3645 3567 3716 ἐλεηθῆναι,

2204 3731 2367 3794 ὄομαι
2390 3740 2405 3756 ·
2434 3725 2545 3778 ἀνθ’
2576 3721 2634 3778 οὗ
2657 3727 2685 3777 6
2738 3729 3002 3794 Ἀκύλας
3035 3736 3220 3803 φησιν
3244 3751 3257 3765 ⁸
3287 3738 3418 3788 ’Ότι
3454 3752 3575 3789 σ’τιεΔ

2201 3819 2306 3888 Τὴν
2354 3819 2459 3888 γὰρ
2506 3819 2692 3888 στενὴν
2731 3824 2839 3874 καὶ
2885 3826 3299 3901 τεθλιμμένην
3329 3830 3515 3885 ὁδεύω
3542 3831 3571 3883 δ

2196 3908 2293 3971 τὰς
2332 3909 2427 3971 σὰς
2466 3908 2839 3975 ἐπαγγελίας.
2860 3916 3045 3970 Ἀλλὰ
3077 3920 3185 3973 καὶ
3218 3924 3251 3974 6
3284 3924 3396 3993 τῆς
3421 3922 3577 3992 ψυχῆ

2199 3998 2415 4069 θαλμὸς,
2444 3999 2600 4061 αὐτὸς
2625 4001 2652 4051 6
2679 4002 2835 4068 νοῦς
2870 4008 2981 4061 καὶ
3006 4009 3078 4063 τὸ
3110 4013 3175 4065 ἐν
3216 4013 3356 4083 ἐμοὶ
3382 4014 3582 4082 λογιστ

2201 4089 2372 4160 ράχθη
2429 4090 2485 4141 ἐν
2543 4088 2706 4159 Θυμῷ
2738 4111 2752 4123 ’
2818 4096 2955 4151 ἀνθ’
2995 4094 3068 4153 οὗ
3123 4106 3155 4156 ὁ
3221 4106 3335 4175 μὲν
3382 4107 3584 4159 Ἀκύλσ

2188 4177 2476 4246 Ηὺχμώθη
2504 4177 2587 4230 Ἂν
2630 4190 3073 4257 παροργισμῷ
3135 4195 3171 4245 ό
3204 4194 3547 4265 ὀφθαλμός
3577 4254 3579 4261 ,

2196 4269 2513 4337 Σύμμαχος·
2560 4269 2881 4341 Ἐθολώθη
2922 4277 3038 4332 διὰ
3079 4288 3552 4357 παροργισμὸν

2188 4362 2457 4427 μου.⁹⁷οτε
2501 4358 2604 4449 γὰρ
2651 4363 3061 4435 παρώργισα,
3099 4375 3280 4444 φησὶ,
3313 4377 3421 4430 καὶ
3465 4378 3584 4449 θυμ

562 4432 691 4485 mihi
746 4436 1042 4503 concitavi,
1093 4453 1258 4493 ausus
1302 4452 1365 4493 ea
1407 4449 1712 4508 perpetrare
1744 4453 1862 4507 quae
1910 4438 2055 4492 furor

2122 4459 2167 4514 ῃ
2196 4452 2475 4541 ἐπήγειρα,
2506 4432 2807 4541 τολμήσας
2836 4432 3312 4530 διαπράξασθαι
3342 4469 3423 4523 τὰ
3457 4432 3580 4541 θυμ-

562 4534 614 4574 et
657 4522 734 4575 ira
775 4523 935 4594 digna
978 4536 1130 4594 sunt,
1176 4537 1308 4585 tunc
1343 4529 1619 4595 confusio,
1663 4531 2000 4585 conturbatio
2036 4538 2089 4584 et

561 4614 777 4681 squalor
832 4618 1201 4675 rationabilem
1255 4622 1445 4677 anima:
1487 4624 1593 4677 vim
1632 4625 1933 4693 occupavit.
1983 4622 2086 4678 Sed

560 4704 721 4757 etiam
758 4704 931 4760 anima
958 4723 1071 4762 mea
1100 4718 1153 4764 et
1178 4720 1363 4767 venter
1395 4728 1547 4769 meus
1584 4715 1697 4783 ipse
1737 4712 2085 4768 conturbatus

561 4810 622 4847 ac
669 4797 925 4855 confusus
978 4809 1060 4856 est
1122 4804 1177 4858 in
1218 4812 1457 4876 tempore
1504 4806 1886 4877 indignationis
1933 4821 2080 4861 meae.

561 4883 1013 4945 Quemadmodum
1043 4908 1169 4949 vero
1200 4896 1391 4951 anima:
1418 4897 1631 4951 oculum
1662 4912 1758 4967 per
1780 4898 2086 4951 translatio-

562 4986 681 5023 nem
716 4990 743 5025 a
766 4980 946 5033 sensili
989 4983 1145 5037 oculo
1175 4986 1518 5057 intelligimus
1539 5026 1553 5051 ,
1598 4988 1675 5042 sic
1706 4994 1942 5042 ventrem
1970 4988 2087 5055 ejus

560 5076 895 5132 nequaquam
938 5072 1118 5128 labare
1174 5076 1217 5131 si
1260 5079 1365 5131 vim
1413 5079 1684 5134 memoriae
1719 5080 1983 5148 accipias;
2031 5081 2085 5134 in

560 5163 661 5215 qua
694 5165 789 5204 ceu
825 5154 877 5206 in
903 5168 1105 5228 ventre,
1133 5164 1283 5221 cibos
1315 5181 1501 5221 omnes
1542 5183 1572 5220 a
1602 5169 1944 5223 sermonibus
1968 5184 2087 5237 per-

560 5252 742 5328 Ψὲβιοδ
771 5257 1027 5311 reponere
1070 5259 1465 5317 consuevimus.
1504 5260 1860 5328 Quamobrem
1889 5262 2084 5315 alicubi

557 5327 756 5384 dicitur
781 5353 791 5383 :
820 5333 1055 5399 Benedic,
1090 5345 1262 5399 anima
1280 5364 1411 5414 mea,
1440 5350 1674 5413 Domino,
1703 5360 1752 5403 et
1772 5352 1949 5403 omnia
1974 5367 2086 5419 qua:

559 5426 699 5478 intra
747 5442 823 5477 me
863 5438 1000 5491 sunt,
1025 5434 1219 5486 nomini
1269 5450 1449 5493 sancto
1494 5443 1605 5510 ejus
1628 5442 1712 5495 ⁹³⁹.
1756 5440 1822 5492 Et
1844 5439 2086 5494 Salvator

558 5518 632 5574 ait
659 5533 672 5569 :
708 5514 809 5578 Qui
850 5515 1025 5569 biberit
1059 5534 1121 5571 ex
1151 5538 1283 5590 aqua
1309 5542 1460 5593 quam
1483 5547 1572 5600 ego
1597 5530 1731 5586 dabo
1775 5531 1841 5596 ei,
1872 5530 2086 5598 ﬂumina

619 5690 665 5722 ιο
706 5685 849 5740 Psal.
884 5700 968 5758 tv,
1005 5689 1056 5745 5.
1132 5694 1200 5726 "'
1229 5693 1373 5756 Psal.
1413 5715 1522 5772 cu,
1558 5706 1607 5759 l.

2192 4539 2292 4607 γῆς
2322 4536 2465 4599 ἀξίαν
2493 4535 2553 4586 τὸ
2595 4544 2946 4606 τηνικαῦτα
3002 4552 3312 4625 σύγχυσις
3368 4560 3480 4613 καὶ
3538 4535 3584 4613 θι

2438 4626 2893 4723 Ιεἰκλογιστιινιδν
2944 4642 3061 4712 τῆς
3114 4649 3283 4718 ἐμῆς
3320 4652 3527 4723 ψυχῆς
3565 4673 3584 4707 τι

2203 4716 2540 4814 ’ᾼλλδξήκξιῖᾑ
2564 4716 2727 4814 ψυχή
2779 4741 2923 4793 μου,
2958 4737 3146 4806 φησι,
3180 4716 3295 4795 κώ.
3312 4716 3354 4814 ἡ
3390 4716 3584 4813 ista

2186 4809 2318 4909 αὐτὴ
2342 4806 2569 4908 ἐθολώθη
2600 4812 3067 4909 καὶὲταράχθη
3102 4833 3269 4887 κατὰ
3286 4806 3584 4909 τδν-καιρὶ

2192 4897 2451 4999 ὀργισμοῦ
2508 4902 2911 4999 μίὶυοἾΩο-περ
2941 4914 3008 4968 δέ
3037 4920 3365 4995 ὀφθαλμὸν
3402 4897 3584 4999 ψυχίἠς

2192 4990 2426 5094 ταξροράν
2476 4990 2569 5041 τοῦ
2613 4995 2937 5094 αἰσθητοῦ
3000 4990 3332 5085 ὀφθαλμοῦ
3366 4990 3584 5094 νενοινίλκ

2192 5082 2283 5183 ἰιῗιὶ
2329 5079 2424 5150 τὴν
2459 5080 2723 5183 χαστέρα
2763 5092 2971 5166 αὐτῆς
3003 5102 3125 5155 οὐκ
3155 5079 3232 5158 ἂν
3267 5079 3575 5183 ἁμάρτοίς

2190 5171 2410 5278 δύναμιν
2448 5170 2544 5278 ’ξῆν
2592 5188 3033 5278 μνημονικὴν,
3070 5195 3139 5247 ἐν
3284 5170 3505 5278 ὥσπερ

2189 5262 2381 5366 γαστρὶ
2407 5261 2617 5366 erasae“
2641 5270 2762 5333 τὰς
2821 5275 2927 5331 διὰ
2961 5257 3268 5353 ⁷λόγωνιῖιι·
3280 5257 3494 5366 ροφάςΓ
3512 5257 3583 5353 ὲῦι

2190 5350 2371 5461 είωθεί
2388 5348 2486 5460 ’Διὸ
2535 5352 2837 5461 λέλεκταί.
2895 5387 3020 5425 που
3041 5348 3075 5407 ο-
3111 5348 3568 5461 Εῠλὲςγεῖίῗήὴ

2589 5453 2708 5554 καὶ
2742 5458 2983 5554 στάντα
3015 5470 3104 5525 τὰ
3351 5433 3523 5554 ᾝού
3553 5505 3584 5540 τ

2191 5536 2358 5600 ἅγιον
2380 5536 2595 5590 αὑτοῦ.
2639 5542 2779 5599 Καὶ
2810 5553 2844 5602 6
2873 5554 3109 5635 Σωτὴρ
3140 5568 3207 5621 δέ
3229 5590 3243 5603 .
