3782 6300
1271 437 1410 492 COM
1419 434 1764 490 ΜΕΝΤΑΒΙΑ
1799 434 1864 490 ΙΝ
1901 433 2229 491 PSALMOS.

3216 439 3314 495 270

149 544 349 604 ὓδατος,
369 530 546 630 υῦᾲέτξῖ)
567 529 731 630 ζῶσε)
762 529 990 630 αὐξξῖ),
1029 554 1317 620 ποταμοὶ
1357 555 1423 607 ἐκ
1453 553 1560 620 τῆς
1586 570 1691 608 κοι-

1804 555 1865 608 de
1902 563 2074 607 ventre
2117 553 2228 619 ejus
2261 556 2418 616 [ment
2460 565 2604 618 aqua
2639 548 2779 612 vim,
2821 548 3052 604 salientis
3083 552 3134 604 in
3165 555 3314 605 vitam

165 635 281 697 liae
313 625 452 681 αὐτοῦ
486 623 808 712 ῥεύσουσίτξ
847 623 1135 702 ὕδατος
1179 639 1410 710 (tortae,
1459 644 1691 712 ἁλλομέ-

1800 652 2044 696 ιειενηαηι
2080 641 2144 694 ⁸⁸.
2199 638 2295 691 llic
2358 639 2535 705 itaque
2597 638 2965 692 reminiscendi
3015 639 3149 703 vim,
3205 641 3315 694 sive

154 739 261 775 νου
282 724 347 784 εἰς
365 715 489 783 Mr
503 711 738 803 αἰώνιον.
767 711 1142 803 Κάνταῦθα
1177 732 1354 786 τοίνυν
1380 733 1474 802 τὴν
1504 711 1702 803 μνημο-

152 813 290 882 νικὴν
313 811 515 871 δύναμιν,
543 805 575 876 ἢ
605 802 696 856 καὶ
722 801 866 856 αὒτδ
898 810 979 862 τὸ
1015 815 1365 888 ἡγεμονικὸν
1388 801 1485 890 τῆς
1507 801 1698 892 ψυχῆς,

149 904 334 955 κοιλίαν
358 902 587 970 ὠνόμασεν
616 897 643 949 ὁ
667 895 892 966 Σωτῆρι
935 901 1246 974 Θολωθεὶς
1281 914 1451 965 τοίνυν
1477 913 1564 964 τὸν
1603 915 1698 982 ὀφ-

143 993 341 1063 θαλμὸν
364 993 449 1062 τῆς
467 988 637 1059 ψυχῆς,
656 985 747 1038 καὶ
773 985 886 1058 τὴν
920 999 1204 1068 γαστέρα
1231 1000 1326 1069 τὴν
1352 1001 1701 1071 παραδεδομέ-

141 1101 269 1154 νην,
301 1084 476 1153 ἰατρεία
496 1082 577 1134 καὶ
605 1077 873 1149 θεραπείᾳ
924 1083 1196 1152 ἐμαυτὸν
1236 1094 1504 1160 παρεῖχον,
1544 1091 1698 1161 ὀδύνῃ

135 1174 235 1226 καὶ
271 1171 660 1244 στεναγμοῖςμαὶ
685 1170 949 1242 πτωχείᾳ
980 1178 1321 1248 παραδιδοὺς
1347 1180 1434 1231 τὸν
1465 1180 1696 1248 ἐμαυτοῦ

139 1262 277 1331 βίον,
303 1264 474 1334 ὥσπερ
499 1261 580 1316 διά.
602 1276 754 1314 τινων
782 1260 1027 1316 κύκλων
1063 1269 1456 1338 ἰατρευόμενος.
1476 1271 1614 1322 Ἀντὶ
1639 1270 1695 1321 δὲ

134 1351 249 1413 τοῦ,
268 1355 354 1406 ἐν
382 1354 626 1422 πτωχείᾳ
664 1353 701 1417 ἠ
747 1352 939 1418 ἰσχύς
983 1373 1136 1422 μου,
1174 1357 1268 1408 καὶ
1300 1358 1370 1410 τὰ
1399 1358 1544 1412 ὀστᾶ
1579 1377 1693 1426 μου

134 1444 572 1512 ἐταράχθησαν·
605 1443 936 1512 σαφέστερον
967 1448 998 1497 ὁ
1034 1448 1324 1518 Σύμμαχος
1364 1451 1693 1518 ἡρμήνευσεν

137 1533 301 1585 εἰπών
320 1551 332 1564 ·
360 1537 463 1588 Διὰ
490 1534 894 1602 τὴν⁶κάκωσίν
923 1553 1052 1603 μου
1077 1539 1116 1603 ἡ
1151 1540 1323 1607 ἰσχύς
1353 1556 1467 1605 μου
1501 1538 1596 1590 καὶ
1623 1539 1694 1590 τὰ

135 1621 281 1675 ὀστᾶ
304 1641 418 1689 μου
446 1625 841 1690 ηὐρωτίασαν.
877 1625 1045 1678 Οὕτω
1077 1627 1202 1696 γὰρ,
1255 1629 1430 1696 φησὶν,
1466 1628 1691 1697 ἐμαυτὸν

128 1707 369 1771 ἐκάκουν,
399 1711 479 1772 ὠς
504 1711 594 1764 διὰ
612 1714 708 1782 τὴν
736 1713 1054 1784 ὑπερϐολὴν
1079 1716 1178 1783 τῆς
1207 1715 1492 1777 κακώσεως
1515 1717 1691 1782 ἐξατο-

125 1797 281 1864 νῆσαί
331 1816 438 1868 μου
491 1801 589 1852 καὶ
632 1801 991 1872 ἐξασθενῆσαι
1025 1804 1122 1873 τὴν
1153 1805 1317 1872 ἰσχὺν,
1341 1806 1432 1855 καὶ
1466 1806 1601 1857 αὐτὰ
1625 1806 1690 1858 τὰ

1799 730 1955 782 etiam
1990 727 2281 796 principem
2316 725 2507 777 anima:
2545 733 2765 792 partem,
2800 732 3032 779 ventrem
3069 725 3316 778 Servator

1799 816 2146 884 nuncupavit.
2179 817 2311 866 Cum
2348 828 2473 882 ergo
2517 822 2570 865 et
2603 813 2800 866 mentis
2834 814 3003 868 oculis
3033 822 3086 867 et
3111 823 3312 878 ventre,

1798 907 1862 957 de
1891 920 1996 972 quo
2037 904 2143 970 jam
2177 901 2435 961 diximus,
2471 901 2819 954 conturbatus
2862 917 3065 967 essem,
3100 902 3315 956 medela:

1797 1011 1880 1049 me
1934 1003 2091 1062 atque
2143 989 2412 1045 curationi
2467 988 2699 1054 tradidi;
2754 990 2956 1052 dolori,
3009 990 3314 1058 gemitibus,

1795 1083 2015 1151 egestati
2044 1083 2206 1134 vitam
2253 1079 2431 1133 addixi
2489 1093 2685 1140 meam,
2717 1092 2814 1132 ceu
2858 1079 3083 1147 quadam
3127 1079 3317 1132 circui-

1799 1175 1941 1228 tione
1977 1188 2106 1225 usus
2138 1172 2203 1224 ad
2238 1171 2462 1223 salutem
2498 1168 2932 1236 recuperandam.
2963 1169 3066 1222 Pro
3099 1171 3190 1224 illo
3220 1185 3316 1223 au-

1793 1273 1917 1323 tem,
1977 1260 2040 1313 In
2078 1267 2374 1327 paupertate
2416 1259 2574 1310 virtus
2619 1274 2750 1323 mea,
2793 1266 2840 1310 et
2890 1275 3007 1310 ossa
3042 1275 3153 1312 mea
3191 1275 3313 1311 ιω(-

1795 1351 2006 1402 turbata
2055 1359 2204 1410 sunt,
2252 1349 2487 1415 apertius
2537 1346 2885 1415 Symmachus
2938 1348 3312 1415 interpretatus

1791 1446 1873 1492 est
1913 1438 1994 1490 his
2043 1436 2255 1499 verbis,
2296 1434 2508 1500 Propter
2561 1433 2880 1501 aﬂiictionem
2922 1450 3116 1496 meam,
3151 1436 3312 1489 virtus

1791 1544 1904 1580 mea
1950 1534 1997 1578 et
2041 1541 2157 1576 ossa
2202 1540 2314 1575 mea
2359 1530 2683 1588 putruerunt.
2732 1513 2807 1573 Ita
2843 1537 2924 1574 me
2958 1521 3312 1585 macerabant,

1792 1615 1983 1683 inquit,
2013 1621 2070 1666 ut
2099 1626 2313 1682 propter
2340 1611 2638 1664 aﬂlictionis
2663 1611 2768 1664 vim
2788 1650 2802 1672 ,
2832 1610 3004 1663 virtus
3034 1626 3152 1664 mea
3183 1610 3316 1665 defi-

1790 1714 1933 1758 ceret
1965 1718 2025 1756 ac
2055 1703 2428 1760 infirmaretur,
2460 1709 2617 1768 atque
2640 1701 2753 1768 ipsa
2782 1703 2970 1752 animae
3013 1715 3154 1764 ossa,
3189 1701 3317 1768 ipsa:

1791 1793 2089 1856 facultates,
2135 1792 2328 1858 quibus
2363 1791 2486 1843 olim
2536 1790 2759 1842 viriliter
2805 1790 3053 1858 agebam,
3097 1805 3317 1858 compu-

119 1886 210 1954 τῆς
230 1887 412 1956 ψυχῆς
451 1906 557 1958 μου
585 1891 766 1953 ὀστέα,
796 1893 890 1945 καὶ⁹
912 1892 1014 1955 τὰς
1043 1893 1292 1962 δυνάμεις
1320 1895 1375 1944 ἐν
1408 1889 1492 1955 αἷς
1525 1895 1684 1946 πάλαι

1787 1888 2100 1944 trescerent;
2153 1880 2264 1932 sive
2291 1877 2585 1933 secundum
2633 1878 2900 1945 Aquilam,
2941 1877 3004 1929 Et
3050 1894 3170 1930 ossa
3203 1893 3316 1930 meo

115 1975 447 2047 ἠνδριζόμην
479 1981 864 2050 ηὐρωτίασανο
908 1983 942 2051 ἢ
985 1982 1126 2034 κατὰ
1170 1985 1257 2036 τὸν
1294 1985 1541 2036 Ἀκύλαν
1580 1985 1684 2037 Καὶ

112 2065 181 2116 τὰ
205 2066 364 2119 ὀστᾶ
387 2084 510 2135 μου
544 2069 852 2137 ηὺχμώθη.
880 2071 1068 2124 Ταῦτα
1089 2073 1144 2124 δὲ
1174 2075 1433 2141 ἀναγκαῖα
1465 2075 1595 2143 πρὸς
1616 2074 1690 2124 δι-

110 2152 408 2209 δασκαλίαν
436 2159 534 2210 καὶ
562 2160 928 2228 ὑπογραμμὸν
956 2162 1064 2214 τῶν
1092 2164 1332 2230 ἀφέσεως
1362 2166 1537 2232 τυχεῖν
1572 2163 1690 2232 βου-

111 2242 363 2312 λομένων
391 2246 496 2298 τῶν
525 2248 748 2299 οίκείων
778 2248 1278 2321 πλημμελημάτων.

173 2331 352 2397 Παρὰ
388 2332 625 2398 πάντας
652 2333 796 2398 τοὺς
828 2335 1078 2402 ἐχθρούς
1104 2355 1219 2404 μου
1242 2338 1528 2406 ἐγενήθην
1548 2340 1690 2391 ὄνει-

112 2416 228 2484 δος,
252 2421 365 2472 καὶ
392 2422 521 2487 τοῖς
543 2425 778 2492 γείτοσι
806 2444 926 2494 μου
956 2427 1210 2495 σφόδρα,
1248 2428 1342 2480 καὶ
1374 2430 1550 2495 φόϐος
1571 2431 1691 2496 τοῖς

110 2511 406 2576 γνωστοῖς
442 2530 581 2580 μουι
634 2519 700 2568 Οἱ
729 2515 1087 2582 θεωροῦντές
1106 2534 1180 2584 με
1208 2518 1319 2581 ἔξω
1352 2519 1571 2586 ἔφυγον
1591 2521 1689 2572 ἀπ’

107 2596 242 2662 ἐμοῦ
259 2615 273 2628 ·
309 2601 692 2670 ἑπελήσθην
715 2604 861 2656 ὡσεὶ
891 2604 1101 2671 νεκρὸς
1129 2605 1243 2657 ἀπὸ
1281 2606 1521 2672 καρδίας
1541 2623 1553 2635 ·
1577 2607 1695 2673 ἐγε-

107 2687 292 2755 νήθην
309 2691 470 2744 ὡσεὶ
523 2695 754 2759 σκεῦος
780 2696 1114 2759 ἀπολωλός.
1146 2695 1325 2748 Ταῦτα
1356 2697 1690 2766 ἁναφέρομεν

109 2776 192 2827 ἐπὶ
233 2779 326 2830 τὸν
378 2780 585 2850 καιρὸν
614 2781 712 2832 τοῦ
746 2781 951 2844 πάθους
981 2782 1074 2834 τοῦ
1106 2783 1348 2852 Σωτῆρος
1390 2783 1560 2852 ἡμῶν,
1594 2785 1690 2855 ἁρ-

111 2867 253 2932 μόζοι
280 2867 351 2921 ἂν
385 2870 489 2921 ὑπ’
521 2869 692 2921 αὑτοῦ
718 2870 991 2938 λέγεσθαι,
1019 2872 1104 2922 ὅτε
1148 2874 1195 2922 οἱ
1233 2871 1411 2940 ἐχθροὶ
1457 2873 1688 2943 ἀνηρτη-

110 2955 257 3022 μένον
302 2958 562 3029 ὸρῶντες
608 2959 772 3011 αὑτὸν
802 2958 1137 3021 ἐπετώθαζον
1167 2959 1523 3022 ὀνειδίζοντες,
1551 2960 1690 3012 κατὰ

107 3044 169 3095 τὰ
196 3046 580 3116 γεγραμμένα
627 3048 686 3097 ἐν
730 3049 842 3108 τοῖς
873 3047 1244 3113 Εὐαγγελίοις·
1279 3047 1411 3098 οἵτε
1441 3048 1686 3114 γνωστοὶ,

109 3137 193 3188 καὶ
220 3139 268 3189 οἱ
308 3137 596 3207 μαθηταὶ,
617 3137 712 3189 καὶ
740 3137 900 3205 φίλοι,
924 3137 1070 3206 φόϐῳ
1099 3139 1471 3201 ὑποπεσόντες,
1499 3140 1689 3208 ἀνεχώ-

1788 1976 2121 2024 exaruerunt.
2164 1967 2287 2018 Haec
2323 1979 2483 2032 porro
2518 1973 2642 2017 sunt
2676 1965 2760 2026 iis,
2795 1964 2884 2031 qui
2919 1963 3178 2016 scelerum
3223 1979 3314 2016 su-

1787 2057 1941 2112 orum
1997 2056 2210 2109 veniam
2257 2053 2520 2120 consequi
2548 2059 2852 2121 peroptant,
2885 2052 2947 2104 ad
2978 2050 3314 2117 disciplinam

1787 2160 1836 2203 et
1867 2145 2158 2214 exemplum
2192 2143 2510 2196 necessaria.

1856 2340 2020 2395 Vens.
2074 2340 2259 2393 12-14.
2294 2339 2461 2407 Super
2492 2355 2665 2392 omnes
2729 2339 2966 2393 inimicos
3029 2357 3167 2392 meos
3227 2341 3310 2407 Ia-

1788 2438 1898 2480 ctus
1935 2445 2047 2480 sum
2089 2427 2412 2496 opprobrium
2442 2437 2488 2480 et
2517 2427 2692 2480 vicinis
2734 2429 2857 2479 meis
2891 2426 3053 2490 ualde,
3080 2437 3128 2480 et
3157 2429 3312 2481 timor

1789 2520 1922 2572 notis
1953 2519 2096 2569 meis.
2149 2518 2250 2582 Qui
2289 2517 2522 2569 videbant
2556 2534 2650 2579 me,
2683 2517 2824 2584 foras
2857 2516 3096 2584 fugerunt
3139 2533 3170 2568 a
3196 2530 3310 2570 me:

1789 2610 2028 2662 oblivioni
2066 2609 2219 2660 datus
2250 2623 2364 2660 sum
2398 2617 2640 2675 tanquam
2668 2615 2897 2659 mortuus
2941 2622 2972 2658 a
2999 2605 3167 2659 corde.
3199 2604 3311 2660 Fa-

1789 2709 1899 2752 ctus
1942 2714 2055 2751 sum
2098 2708 2341 2766 tanquam
2382 2713 2470 2749 uas
2513 2697 2788 2762 perditum.
2837 2695 2959 2749 Haec
2999 2695 3064 2748 ad
3101 2703 3310 2764 tempus

1789 2790 2052 2858 passionis
2086 2788 2378 2840 Salvatoris
2408 2788 2577 2841 nostri
2621 2786 2918 2847 referimus,
2953 2801 3069 2854 quae
3096 2787 3162 2839 ab
3193 2789 3310 2854 ipso

1788 2884 2144 2944 congruenter
2167 2874 2310 2928 dicta
2356 2873 2572 2935 fuerint,
2604 2872 2816 2941 quando
2846 2873 3044 2926 inimici
3085 2887 3311 2940 suspen-

1789 2983 1906 3020 sum
1937 2965 2175 3020 videntes
2208 2964 2500 3018 irridebant
2527 2977 2669 3026 eum,
2704 2962 3004 3030 opprobriis
3037 2961 3310 3015 incessen-

1789 3064 1898 3118 tes,
1944 3062 2002 3109 ut
2041 3057 2092 3108 in
2122 3054 2422 3122 Evangeliis
2468 3053 2721 3120 scriptum
2763 3059 2845 3105 est
2880 3070 2891 3103 :
2936 3066 2998 3104 ac
3027 3050 3135 3103 noti
3168 3050 3307 3117 ejus.

1765 3146 2036 3214 discipuli
2067 3156 2119 3199 et
2148 3144 2324 3209 amici,
2356 3151 2496 3196 metu
2545 3142 2775 3208 correpti
2820 3140 3158 3202 recedebant,
3190 3141 3310 3208 ipso

111 3241 224 3294 pouv
268 3227 720 3287 καταλείποντες
757 3227 914 3278 αὐτόν
936 3245 948 3256 ·
985 3227 1071 3278 ὅτε
1102 3228 1194 3279 καὶ
1241 3229 1268 3278 ὁ
1309 3230 1682 3300 πρωτοστάτης

1787 3236 2002 3299 relicto;
2048 3234 2260 3302 quando
2319 3233 2365 3284 is
2418 3231 2509 3299 qui
2558 3229 2942 3296 discipulorum
2987 3227 3102 3294 ejus
3145 3227 3308 3280 choro

106 3315 189 3367 τοῦ
217 3318 391 3387 χοροῦ
437 3316 554 3369 τῶν
587 3315 756 3382 αὐτοῦ
783 3316 1032 3386 μαθητῶν
1057 3319 1282 3388 ἤρνηται
1307 3319 1462 3371 αὑτὸν
1487 3320 1678 3388 τρίτον.

104 3405 227 3458 Τότε
255 3408 314 3460 δὲ
338 3409 449 3460 καὶ
475 3407 767 3476 ἀπελήσθη
791 3407 919 3459 ὡσεὶ
946 3408 1133 3477 νεκρὸς
1152 3408 1258 3460 ἀπὸ
1279 3409 1499 3478 καρδίας
1514 3428 1527 3440 ο
1553 3409 1684 3463 ἀλλὰ

103 3495 190 3545 καὶ
233 3497 516 3567 ἐνομίσθη
564 3497 851 3563 γεγονέναι
880 3496 954 3558 ὡς
997 3497 1188 3560 σκεῦος
1221 3498 1507 3561 ἀπολωλός.
1541 3499 1683 3568 Πλὴν

103 3583 232 3636 ἀλλὰ
256 3587 360 3639 καὶ
399 3584 586 3637 ταῦτα
611 3585 708 3636 ἐπὶ
739 3585 829 3636 τὸν
854 3587 911 3636 ἐν
937 3584 1013 3653 τῷ
1039 3585 1236 3655 ψαλμῷ
1266 3585 1681 3656 ἐξομολογούμε-

105 3683 186 3722 νον
213 3675 623 3746 ἀναφερόμενα
646 3675 1084 3745 ὑπερϐάλλουσαν
1105 3676 1266 3729 αὐτοῦ
1293 3677 1578 3747 παρίστησι
1597 3678 1685 3729 κά-

104 3777 284 3815 κωσιν.
315 3763 489 3816 Οὕτω
543 3762 659 3832 γὰρ
684 3763 1171 3832 ἐαυτὸνέξέτηκεν,
1200 3763 1274 3826 ὡς
1297 3764 1556 3816 ἐκλείπειν
1589 3765 1684 3833 μὲν

105 3850 258 3902 αὐτοῦ
313 3855 374 3904 ὲν
429 3851 597 3920 ὀδύνῃ
634 3851 734 3921 τὴν
765 3849 929 3921 ζωὴν,
961 3853 1052 3904 καὶ
1100 3852 1192 3922 ἐτη
1241 3854 1298 3905 ἐν
1349 3857 1680 3923 στεναγμοῖς,

106 3937 398 4010 ἀσθενῆσαι
429 3940 490 3992 δὲ
524 3942 584 3992 ἐν
610 3940 854 4010 πτωχείᾳ
883 3942 979 4011 τὴν
1005 3943 1177 4010 ἰσχὺν,
1201 3943 1291 3994 καὶ
1319 3943 1384 3994 τὰ
1405 3944 1561 3995 ὀστέα
1587 3944 1683 4012 τῆς

105 4024 272 4096 ψδχῆς
325 4027 502 4080 αὑτοῦ
551 4029 925 4098 ταραχθῆναιο
969 4031 1052 4098 ἐφ’
1083 4027 1163 4092 οἷς
1207 4031 1296 4082 καὶ
1342 4032 1557 4098 ἐγελᾶτο
1585 4033 1685 4084 ὑπὸ

103 4116 205 4168 τῶν
231 4118 473 4189 ἐχθρῶν,
506 4119 586 4180 ὡς
615 4119 738 4186 είκῆ
771 4120 865 4170 καὶ
893 4120 1068 4188 μάτην
1101 4118 1289 4173 ἑαυτὸν
1315 4123 1682 4175 κατακόπτων.

105 4203 176 4253 οὐ
208 4204 371 4271 μόνον
394 4205 454 4256 δὲ
492 4205 649 4272 παρὰ
675 4207 795 4266 τοῖς
830 4205 1043 4275 ἐχθροῖς
1077 4207 1281 4273 ἐγίνετο
1311 4208 1524 4270 ὄνειδος,
1555 4208 1686 4260 ἀλλὰ

106 4293 196 4344 καὶ
228 4293 390 4363 παρὰ
414 4298 530 4355 τοῖς
557 4294 802 4359 γείτοσιν
830 4293 995 4344 αὐτοῦ
1030 4296 1142 4355 τοῖς
1176 4294 1402 4362 μάλιστα
1430 4297 1585 4348 αὐτὸν
1614 4299 1686 4348 εἰ-

101 4377 229 4444 δόσι,
262 4382 360 4433 διὰ
392 4383 453 4433 τὸ
484 4380 722 4447 ἔγγιστα
758 4381 944 4432 οἰκεῖν.
997 4373 1153 4430 Οὗτοι
1181 4379 1306 4450 γὰρ,
1333 4382 1558 4452 ὁρῶντες
1589 4384 1685 4434 αύ-

101 4466 188 4519 τὸν
220 4471 644 4540 κατατρύχοντα
671 4470 732 4521 ἐν
759 4472 824 4537 τῇ
855 4468 992 4537 πρὸς
1014 4468 1106 4518 τὸν
1135 4468 1265 4520 Θεὸν
1297 4469 1683 4542 ἐξομολογήσει,

1779 3332 2031 3392 praeerat,
2068 3331 2147 3375 ter
2179 3322 2351 3389 ipsum
2401 3318 2631 3387 negavit.
2676 3316 2828 3368 Tunc
2873 3331 3001 3370 sane
3047 3315 3306 3368 oblivioni

1779 3414 1936 3466 datus
1967 3420 2050 3465 est
2082 3421 2335 3479 tanquam
2390 3417 2633 3460 mortuus
2678 3420 2706 3457 a
2740 3403 2937 3466 corde;
2993 3404 3099 3456 imo
3143 3404 3306 3457 etiam

1780 3508 2034 3569 tanquam
2085 3513 2181 3552 vas
2233 3495 2497 3565 perditum
2559 3500 2836 3562 reputatus
2883 3499 2985 3545 est.
3043 3491 3308 3544 Caeterum

1779 3589 1890 3642 haec
1921 3589 1966 3642 si
1999 3587 2063 3640 ad
2095 3601 2215 3640 eum
2239 3586 2328 3654 qui
2363 3583 2413 3636 in
2441 3584 2644 3652 psalmo
2675 3583 2958 3635 confitetur
2990 3579 3306 3644 referantur,

1779 3687 2069 3732 extremam
2102 3677 2216 3745 ejus
2245 3675 2514 3729 miseriam
2552 3683 2603 3726 et
2629 3671 2966 3726 aﬂlictionem
3011 3670 3306 3724 declarant.

1780 3768 1856 3821 Ita
1887 3770 2026 3821 enim
2062 3781 2180 3820 sese
2210 3763 2515 3824 maceravit,
2545 3772 2603 3816 ut
2630 3761 2880 3816 deﬁceret
2910 3761 2965 3814 in
2991 3760 3176 3814 dolore
3198 3760 3308 3813 vita

1781 3857 1931 3924 eius,
1971 3864 2023 3910 et
2069 3856 2191 3908 anni
2237 3855 2354 3922 ejus
2399 3854 2449 3906 in
2507 3852 2824 3921 gemitibus,
2871 3851 3042 3904 virtus
3086 3849 3204 3917 ejus
3251 3849 3306 3901 in

1783 3953 2088 4014 paupertate
2132 3943 2510 4003 infirmaretur,
2549 3949 2603 3995 et
2633 3957 2752 3995 ossa
2799 3941 2990 3992 anima:
3029 3937 3148 4005 ejus
3177 3953 3309 3992 con-

1784 4036 2153 4099 turbarentur;
2193 4048 2297 4101 qua
2343 4033 2398 4084 in
2439 4048 2496 4084 re
2561 4031 2626 4083 ab
2656 4029 2885 4083 inimicis
2923 4041 3136 4095 quoque
3164 4027 3310 4080 deri-

1783 4126 2025 4186 debatur,
2053 4124 2208 4192 quasi
2248 4125 2301 4176 in
2324 4137 2516 4175 vanum
2547 4135 2610 4173 ac
2645 4119 2841 4172 frustra
2871 4133 2988 4172 sese
3029 4116 3303 4184 atlligeret.

1784 4215 1894 4267 Non
1926 4215 2082 4266 modo
2113 4223 2286 4266 autem
2316 4209 2547 4264 inimicis
2590 4209 2641 4260 in
2675 4207 3016 4276 Opprobrium
3063 4203 3185 4266 fuit,
3212 4202 3306 4256 sed

1783 4304 1944 4357 etiam
1975 4303 2186 4365 vicinis,
2215 4303 2305 4371 qui
2333 4301 2474 4369 quod
2505 4298 2744 4368 proxime
2775 4298 3093 4356 habitarent,
3129 4296 3306 4364 ipsum

1783 4393 1947 4459 probe
1991 4399 2267 4444 noverant.
2328 4389 2433 4459 lpsi
2476 4402 2704 4456 namque
2750 4385 2988 4439 videntes
3042 4385 3190 4438 illum
3251 4385 3304 4435 in

1785 4481 2120 4535 confessione
2169 4479 2232 4532 ad
2265 4478 2427 4532 Deum
2481 4478 2676 4531 emissa
2739 4488 2858 4527 sese
2917 4478 3296 4534 macerantem,

99 4558 414 4622 κατεγέλων
457 4558 628 4611 αὐτοῦ
682 4557 778 4609 καὶ
816 4556 1112 4619 ὠνείδιζον.
1145 4557 1204 4608 Οἱ
1235 4556 1290 4608 δὲ
1329 4560 1684 4628 προσήκοντες

1787 4567 2076 4626 irridebant
2120 4582 2241 4620 eum
2261 4574 2313 4620 et
2359 4563 2658 4633 opprobriis
2707 4561 3019 4615 onerabant.
3080 4560 3302 4631 Cognati

97 4645 256 4714 αὐτῷ
301 4653 579 4716 συγγενεῖς
624 4647 724 4699 καὶ
767 4645 910 4711 φίλοι
942 4645 1040 4697 καὶ
1068 4644 1372 4710 ἐφοϐοῦντο,
1404 4647 1477 4709 ὡς
1507 4666 1681 4719 μεμη-

98 4735 233 4786 νότα
282 4739 380 4788 καὶ
425 4740 514 4802 τὰς
561 4737 774 4807 φρένας
822 4734 1156 4804 ἐξεστηκότα
1179 4751 1191 4762 ·
1226 4734 1360 4787 ὥστε
1387 4737 1679 4807 ἀναχωρεῖν

101 4824 190 4876 καὶ
215 4828 440 4894 φεύγειν
467 4830 521 4895 ἐξ
549 4827 746 4888 αὑτοῦ,
769 4822 1251 4888 ἀπογινώσκοντας
1273 4825 1430 4876 αὑτοῦ
1453 4827 1548 4895 τὴν
1575 4845 1679 4879 σω-

104 4915 312 4984 τηρίαν,
360 4915 526 4987 λήθην
559 4934 621 4968 τε
658 4913 830 4967 αὑτοῦ
866 4913 1146 4963 ποιεῖσθαι
1191 4910 1319 4965 ὡσεὶ
1358 4914 1444 4963 καὶ
1487 4916 1676 4985 νεκροῦ

101 5002 196 5072 ήδη
223 5005 533 5074 γενομένου,
565 5005 669 5058 καὶ
699 5003 780 5064 ὡς
803 5001 937 5070 περὶ⁴
971 4999 1202 5062 σκεύους
1226 4999 1548 5066 ἀπολωλότος
1567 5005 1680 5056 δια-

107 5086 321 5138 κεῖσθαι.
358 5089 538 5142 Ταῦτα
595 5089 785 5141 πάντα
839 5084 1172 5137 πεπονθέναι
1222 5085 1455 5152 ἔφασκεν,
1486 5090 1680 5144 ἑαυτὸν

102 5173 278 5224 κακῶν
302 5175 690 5245 ἐξομολογήσει
720 5175 822 5226 καὶ
857 5174 1142 5242 μετανοίᾳ;
1163 5174 1289 5225 Ἀλλ’
1308 5175 1402 5225 οἶδε
1431 5179 1550 5244 μὲν,
1571 5197 1678 5250 φη-

109 5259 178 5320 σὶ,
212 5263 424 5316 τοιοῦτοι
446 5267 717 5334 γεγόνασι
750 5264 885 5331 περὶ
914 5262 1043 5329 ἐμέ.
1063 5260 1200 5327 Ἐγὼ
1229 5262 1278 5313 δὲ
1308 5263 1394 5315 οὐκ
1426 5266 1553 5317 ἄνευ
1586 5268 1681 5320 λό-

103 5363 192 5413 γου
216 5351 379 5415 οὕτως
392 5355 637 5424 ἐμαυτὸν
662 5349 831 5420 ἦγον,
857 5351 974 5402 ἀλλ’
995 5351 1278 5419 ἐπειδήπερ
1299 5351 1474 5419 ἤκουον
1501 5356 1679 5424 ψόγον

113 5438 296 5492 πολλῶν
323 5443 746 5518 παροικούντων
777 5439 1069 5497 κυκλόθεν,
1097 5439 1144 5490 oi
1163 5438 1267 5488 τότε
1299 5444 1669 5512 συναιρόμενον,

109 5521 184 5575 ἰπὶ
203 5528 258 5576 τὸ
278 5529 404 5580 αὐτὸ
423 5529 623 5582 λαϐεῖν
649 5525 760 5592 τὴν
779 5525 966 5591 ψυχήν
991 5539 1092 5590 μου
1115 5524 1424 5592 ἐνεθυμοῦντο
1444 5544 1455 5560 ·
1472 5535 1518 5583 οι
1543 5535 1666 5604 γὰρ

171 5701 212 5732 ’⁸
241 5703 386 5762 Joan.
420 5721 500 5759 vn
525 5743 541 5768 ,
577 5701 676 5754 38.

1782 4672 1906 4709 vero
1939 4663 1990 4708 et
2017 4656 2203 4718 amici,
2237 4655 2327 4724 qui
2353 4657 2525 4724 ipsum
2551 4653 2837 4706 convenire
2874 4652 3134 4712 solebant,
3163 4658 3303 4704 metu

1785 4744 2048 4812 perterriti
2081 4751 2252 4805 erant,
2293 4757 2353 4795 ac
2385 4742 2430 4795 si
2459 4755 2580 4794 eum
2633 4739 2990 4796 insanientem
3037 4751 3098 4790 ac
3129 4745 3305 4790 mente

1782 4834 2066 4886 alienatum
2109 4831 2404 4894 vidissent;
2441 4831 2509 4882 ita
2545 4837 2600 4880 ut
2631 4828 2699 4881 de
2741 4829 2913 4881 salute
2952 4827 3069 4893 ejus
3112 4825 3307 4893 despe-

1783 4929 1963 4975 rantes
1994 4920 2306 4974 secederent
2346 4927 2397 4972 et
2426 4916 2738 4983 aufugerent
2759 4954 2773 4977 ,
2836 4916 3112 4983 ipsumque
3139 4913 3303 4966 veluti

1775 5012 1883 5080 jam
1933 5018 2197 5064 mortuum
2239 5008 2491 5064 oblivioni
2537 5007 2750 5066 darent,
2803 5019 2866 5057 ac
2913 5003 3165 5070 tanquam
3209 5019 3304 5057 vas

1779 5101 2041 5170 perditum
2067 5100 2342 5153 haberent.
2373 5097 2495 5149 Haec
2522 5095 2699 5149 omnia
2727 5106 3034 5161 perpessum
3066 5105 3124 5144 se
3153 5094 3306 5146 testi-

1783 5190 1969 5242 ﬁcatur
1993 5227 2006 5250 ,
2039 5190 2163 5242 dum
2197 5203 2254 5240 se
2289 5189 2340 5238 in
2375 5185 2708 5238 confessione
2741 5191 2792 5236 et
2819 5182 3128 5250 poenitentia
3175 5182 3308 5238 ami-

1784 5286 1946 5346 geret.
1986 5275 2088 5329 Sed
2122 5276 2198 5327 illi
2227 5273 2459 5342 quidem,
2497 5271 2591 5332 ait,
2630 5271 2709 5324 sic
2747 5284 2872 5338 erga
2911 5283 2995 5322 me
3039 5283 3096 5321 se
3123 5283 3313 5336 gesse-

1785 5377 1926 5422 runt.
1966 5367 2072 5436 Ego
2099 5381 2225 5420 vero
2256 5376 2359 5415 non
2390 5361 2510 5414 sine
2538 5359 2763 5413 consilio
2793 5369 2845 5412 et
2872 5359 3077 5412 ratione
3111 5372 3200 5410 me
3234 5359 3316 5414 sic

1784 5471 1937 5526 agere
1958 5453 2205 5526 pu'tabam
2236 5467 2248 5500 :
2279 5447 2369 5503 sed
2397 5449 2524 5514 quia
2555 5448 2828 5502 audiebam
2860 5445 3319 5514 vituperationem

1785 5547 2068 5602 multorum
2095 5536 2540 5599 commorantium
2574 5538 2628 5590 in
2657 5536 2904 5598 circuitu,
2928 5535 3018 5604 qui
3047 5542 3177 5587 tunc
3208 5547 3334 5586 una
