3782 6310
628 420 729 482 '27”!

1300 419 1556 472 EUSEBII
1594 414 2057 471 CESARIENSIS
2091 415 2238 472 OPP.
2276 413 2451 468 PARS
2487 411 2572 466 111.
2601 440 2668 450 --
2699 410 3030 466 EXEGE'I‘lCA.
3482 408 3561 458 ΞΗ.

637 537 1021 596 conveniebant
1063 553 1124 592 eo
1153 533 1393 594 consilio,
1425 543 1481 586 ut
1507 533 1738 586 animam
1790 547 1962 586 meam
2014 533 2130 586 acci

2078 533 2153 586 ci-
2179 536 2224 590 Δ
2248 532 2468 601 ἀφανεῖς
2515 527 2606 580 καὶ
2651 528 2861 596 ἀόρατοι
2904 525 3046 595 ἐχθροὶ,
3073 511 3368 587 περιπεσόντος
3405 528 3486 583 μου
3521 516 3570 582 τῇ

641 640 852 702 percut;
901 643 1020 684 nam
1057 626 1251 680 occulti
1296 629 1347 677 ct
1387 621 1679 677 invisibiles
1724 623 1944 684 inimici,
1985 638 2066 677 me
2096 622 2150 676 in

641 731 910 792 peccatum
942 717 1181 786 iapso.iu
1220 730 1383 769 unum
1429 715 1734 784 congregati
1779 723 1903 769 sunt
1947 721 2004 767 ut
2036 713 2152 766 ani-

640 827 777 865 mam
820 821 986 860 meam
1022 812 1306 872 raperem;
1355 804 1472 858 ideo
1519 818 1705 857 eorum
1753 803 1976 856 insidias
2026 803 2151 857 sub-

639 900 908 956 odoratus,
938 894 1037 947 tale
1071 893 1135 945 de
1166 907 1248 946 me
1281 893 1598 961 supplicium
1633 892 1874 960 sumpsi;
1912 891 2151 960 cogitans

639 1001 764 1038 num
815 983 948 1036 forte
978 981 1133 1044 Deus,
1180 991 1462 1050 conspecta
1506 981 1813 1049 hujusmodi
1859 980 2153 1048 abjectione

636 1089 774 1135 mea,
801 1070 1163 1126 misericordia
1192 1079 1367 1123 motus
1395 1085 1478 1124 me
1505 1070 1829 1124 liberaturus
1855 1077 2014 1124 esset.

703 1157 866 1215 Vens.
897 1160 980 1222 15,
1009 1158 1092 1211 16.
1138 1157 1244 1227 Ego
1276 1167 1446 1211 autent
1487 1158 1543 1210 in
1584 1167 1629 1211 te
1660 1158 1878 1225 speravi,
1916 1156 2154 1220 Domine;

639 1249 748 1305 dixi
768 1269 786 1307 :
810 1250 944 1304 Deus
977 1265 1114 1302 meus
1147 1265 1199 1301 es
1231 1258 1305 1311 tu,
1339 1249 1392 1300 in
1421 1248 1655 1301 manibus
1695 1250 1796 1301 tuis
1827 1259 1986 1301 sortes
2011 1265 2150 1302 mete.

640 1341 762 1395 llaec
795 1338 1041 1400 inimicis,
1076 1337 1265 1405 inquit,
1298 1345 1482 1390 contra
1514 1353 1597 1390 me
1629 1337 1990 1400 molientibus,
2019 1338 2070 1391 in
2103 1345 2156 1390 te

637 1428 1130 1500 speravi,Domine;
1161 1427 1393 1495 dixique,
1423 1435 1474 1481 te
1506 1427 1677 1481 solum
1700 1428 1828 1481 mihi
1862 1424 2154 1495 adjutorem

638 1515 875 1572 sullicere
905 1534 917 1570 :
948 1531 1089 1577 nam,
1125 1515 1257 1567 Deus
1304 1530 1442 1568 meus
1475 1532 1527 1569 es
1574 1524 1650 1578 tu,
1688 1518 1740 1570 in
1771 1518 2012 1572 manilius
2056 1522 2155 1574 tuis

638 1619 800 1658 sortes
823 1603 1083 1658 mete.Pro
1109 1618 1213 1672 quo
1233 1611 1344 1656 tum
1362 1602 1616 1658 llebraica
1639 1606 1815 1669 lectio,
1835 1616 1943 1659 tum
1968 1609 2156 1677 reliqui

639 1693 978 1760 interpreles,
1009 1701 1236 1758 tempora
1280 1708 1409 1752 mea,
1429 1693 1728 1749 ediderunt.
1775 1695 1990 1750 Etiamsi
2017 1699 2156 1762 enim

638 1783 837 1837 inimici
870 1783 979 1851 jam
1018 1783 1247 1835 maxime
1278 1783 1483 1838 viribus
1515 1785 1744 1848 valeant,
1791 1786 1942 1854 quasi
1974 1788 2158 1842 adver-

2253 619 2508 691 ἁμαρτίᾳ,
2538 618 2906 670 συνετάσσοντο
2940 612 3035 682 πρὸς
3070 606 3288 676 ἀλλήλους,
3310 605 3426 664 ὅπως
3461 601 3579 691 stag.

2251 690 2459 763 πάσωσι
2503 706 2600 777 τὴν
2647 706 2778 775 ἐμὴν
2828 704 2991 773 ψυχήν.
3029 699 3182 765 Διόπερ
3203 691 3302 760 ἐγὼ,
3322 693 3404 762 τῆς
3433 690 3590 744 τούτων

2251 797 2531 866 ἐπιϐουλῆς
2560 793 2962 862 συναισθόμενος,
2980 792 3026 858 τῇ
3046 784 3237 854 τοσαύτῃ
3255 780 3435 850 ἐμαυτὸν
3456 778 3588 831 ἐπεδί-

2252 886 2369 938 δουν
2407 881 2656 953 τιμωρίᾳ,
2685 880 2736 932 εἰ
2771 895 2883 940 πως
2909 878 2988 946 ἄρα
3015 872 3161 933 ὁΘεὸς
3187 867 3260 922 διὰ
3288 867 3362 936 τὴν
3397 865 3592 936 τοσαύτην

2257 991 2356 1044 μου
2396 972 2709 1026 ταπείνωσιν
2759 965 2972 1036 ἐλεήσειέ
3007 980 3057 1033 με
3099 961 3176 1013 καὶ
3216 956 3393 1028 ῥύσαιτο
3425 955 3505 1022 τῆς
3527 956 3588 1006 τῶ

2255 1062 2458 1133 ἐχθρῶν
2486 1059 2785 1130 ἐπιϐουλῆς.

2336 1129 2470 1220 ’ἐγὼ
2500 1149 2565 1202 δὲ
2597 1149 2690 1201 ἐπὶ
2733 1150 2829 1200 σοι
2860 1147 3066 1214 ἤλπισα,
3088 1142 3259 1206 Κύριε·
3295 1137 3432 1190 ειπαο
3457 1135 3525 1190 Σὺ
3545 1129 3588 1188 ει

2259 1240 2398 1306 Θεός
2417 1257 2551 1307 μου,
2581 1240 2649 1292 ὲν
2675 1238 2798 1302 ταῖς
2824 1237 2977 1304 χερσί
2992 1248 3081 1286 σου
3102 1235 3148 1285 ot
3169 1228 3342 1296 κλῆροι
3361 1226 3592 1297 μου.’1“αῦ

2255 1331 2358 1382 τῶν
2384 1329 2588 1400 ἐχθρῶν
2622 1345 2739 1397 μου,
2767 1328 2912 1396 φησι,
2941 1322 3268 1395 βουλευομένων
3295 1320 3391 1373 κατ’
3428 1320 3592 1389 ἐμοῦ,ἰ

2257 1419 2316 1470 σὲ
2348 1419 2561 1488 ἤλπισα,
2592 1415 2790 1486 Κύριεο
2833 1413 2992 1480 ἔλεγόν
3025 1412 3074 1463 τέ
3114 1427 3164 1461 σε
3212 1409 3343 1478 μόνον
3381 1406 3555 1477 βοηθὸν

2257 1509 2546 1578 ἀπαρκεῖνο
2581 1507 2719 1571 Θεὸς
2750 1505 2863 1570 γάρ
2895 1520 2991 1571 μου
3011 1496 3058 1554 εἴ
3073 1501 3160 1562 σὺ,
3181 1499 3244 1550 ὲν
3266 1497 3371 1562 ταῖς
3401 1498 3554 1565 χερσί
3583 1516 3592 1547 ι

2259 1601 2310 1649 ol
2339 1595 2546 1662 κλῆροι
2564 1612 2679 1662 μου
2699 1611 2711 1624 ·
2753 1592 2867 1647 ἀνθ’
2893 1584 2964 1652 οῦ,
2990 1593 3032 1643 οὶ
3060 1586 3227 1654 καιροί
3254 1603 3373 1654 μου,
3397 1587 3432 1654 ἡ
3461 1584 3592 1655 Ἐὗρε

2259 1687 2552 1754 ἀνάγνωσις
2589 1685 2678 1737 καὶ
2705 1685 2752 1736 oi
2781 1683 2946 1736 λοιποί
2969 1678 3257 1750 ἐρμηνευταὶ
3281 1674 3592 1730 ἐκδεδώκασιι

2258 1776 2364 1848 γὰρ
2413 1777 2502 1829 καὶ
2546 1775 2612 1827 τὰ
2666 1774 2891 1844 μάλιστα
2928 1771 3007 1823 νῦν
3047 1771 3088 1822 oi
3131 1769 3305 1839 ἐχθροὶ
3347 1766 3592 1836 κατισχύει

640 1886 756 1924 sum
803 1886 886 1924 me
918 1872 1059 1923 nacti
1092 1879 1444 1939 opportunum
1487 1879 1730 1940 tempus;
1775 1880 1829 1925 at
1866 1874 1992 1926 mihi
2026 1882 2133 1928 tem

2098 1890 2158 1927 η-
2188 1863 2227 1916 Β
2254 1865 2438 1935 ὥσπερ
2463 1864 2644 1934 καιρὸν
2671 1863 2877 1933 ἔχοντες
2903 1863 3003 1914 κατ’
3030 1859 3168 1930 ἐμοῦ,
3201 1857 3311 1911 ἀλλ’
3342 1859 3384 1910 οἱ
3415 1857 3536 1927 ἐμοὶ⁵
3569 1875 3591 1909 ν

638 1975 766 2028 pora
813 1973 929 2013 mea
979 1959 1032 2012 in
1077 1960 1319 2014 manibus
1371 1960 1478 2014 tuis
1523 1968 1795 2015 reservata
1851 1970 1976 2016 sunt
2007 1978 2019 2013 :
2051 1978 2158 2032 quo

637 2055 875 2116 tempore
937 2056 1108 2103 sortes
1158 2064 1304 2103 meas
1361 2063 1522 2116 penes
1581 2055 1633 2103 te
1691 2051 1954 2118 repositas
2003 2051 2152 2105 novi.

637 2136 989 2202 Quamobrem
1015 2138 1138 2206 jure
1168 2138 1414 2207 supplico
1446 2131 1781 2207 postuloque,
1817 2155 1899 2194 me
1941 2140 1994 2193 in
2025 2155 2157 2208 pra:-

640 2227 776 2280 seuti
835 2227 901 2280 ab
955 2227 1187 2280 inimicis
1238 2236 1289 2282 et
1343 2241 1373 2279 a
1416 2228 1852 2296 persequentibus
1898 2242 1983 2283 me
2029 2229 2158 2282 libe«

639 2316 768 2368 rari.

725 2402 881 2456 Vens.
962 2399 1145 2455 17-19.
1220 2401 1437 2455 Illustra
1513 2403 1695 2468 faciem
1775 2411 1914 2454 tuam
2003 2409 2156 2468 super

638 2508 834 2546 servum
869 2499 1030 2556 tuum,
1061 2492 1256 2544 salvum
1291 2508 1369 2544 me
1411 2491 1494 2559 {ac
1539 2491 1590 2543 in
1632 2491 1986 2545 misericordia
2033 2500 2157 2543 tua:

641 2581 894 2641 Domine,
956 2597 1056 2632 non
1103 2581 1431 2648 confundor,
1503 2583 1747 2650 quoniam
1805 2581 2031 2635 invocavi
2087 2590 2152 2634 te.

639 2670 1093 2736 Quemadmodum
1130 2673 1338 2725 oriente
1377 2671 1488 2725 sole
1522 2673 1753 2726 tenebrat
1789 2673 2155 2740 dissipantur,

641 2761 742 2816 6th
774 2770 915 2813 terra
965 2761 1244 2823 absconso,
1293 2761 1468 2813 omnia
1501 2775 1606 2814 nox
1642 2768 1896 2828 occupat,
1927 2767 2158 2829 tuncque

638 2865 703 2900 ex
733 2848 965 2900 latibulis
1007 2848 1116 2901 suis
1158 2847 1424 2916 prodeunt
1468 2848 1592 2902 ferae
1629 2857 1896 2917 agrestes,
1950 2849 2157 2916 virique

638 2937 866 3006 operarii
919 2936 1246 3005 iniquitatis;
1301 2938 1405 3001 ita,
1456 2937 1562 2992 Deo
1610 2952 1815 3001 averso,
1877 2938 2157 3006 insurgunt

641 3026 829 3078 animae
857 3025 1066 3087 hostes,
1097 3026 1369 3094 ipsamque
1413 3025 1805 3080 incursionibus
1845 3026 2154 3089 molestam;

640 3113 757 3181 ipso
805 3121 978 3166 autem
1015 3111 1236 3167 Deitatis
1277 3129 1385 3167 sua:
1435 3114 1612 3167 lumen
1661 3115 1962 3177 emittente,
2016 3113 2156 3182 quod

641 3204 842 3254 vuttum
869 3201 956 3255 Dei
981 3201 1255 3270 Scriptura
1283 3217 1473 3256 vocare
1514 3205 1807 3268 consuevit,
1843 3211 1972 3257 tunc
2003 3219 2156 3258 avera
2182 3177 2221 3233 ε

640 3299 826 3344 tttntur
849 3300 900 3345 et
929 3291 1106 3362 fugam
1154 3291 1356 3344 faciunt
1383 3307 1568 3347 omnes
1601 3295 1690 3361 qui
1721 3295 1893 3347 amica
1925 3295 2158 3348 tenebris

642 3393 802 3448 opera
831 3388 1158 3449 perpetrant,
1196 3393 1256 3432 ac
1284 3380 1537 3448 quidquid
1567 3381 1673 3435 Deo
1718 3383 2044 3435 contrarium
2077 3391 2161 3436 est

644 3469 956 3536 dtssipatur.
1005 3468 1180 3532 Quare
1217 3485 1304 3537 qut
1350 3472 1522 3539 primo
1555 3470 1906 3525 confitebatur
1943 3472 2156 3527 dicens:

649 3554 868 3609 Illustra
923 3556 1107 3622 faciem
1159 3566 1300 3607 tuam
1355 3574 1508 3625 super
1558 3576 1757 3612 servum
1821 3569 2006 3625 tuum,
2051 3561 2161 3628 jam

647 3656 887 3704 rursum,
919 3641 1034 3695 Non
1059 3652 1274 3711 propter
1316 3660 1474 3713 opera
1521 3663 1656 3708 mea,
1695 3648 1887 3716 inquit,
1912 3649 2003 3704 sed
2040 3664 2162 3718 pro-

646 3739 764 3797 pter
807 3730 1225 3784 misericordiam
1270 3743 1412 3785 tuam
1445 3735 1666 3788 salutem
1723 3737 1961 3794 nancisci
2011 3752 2158 3807 rogo;

647 3827 805 3888 atque
855 3819 1043 3872 iterum
1077 3838 1091 3874 :
1123 3820 1382 3884 Quoniam
1437 3830 1488 3875 te
1538 3823 1807 3886 invocavi,
1857 3826 2047 3893 inquit,
2095 3841 2162 3880 ne

648 3907 947 3962 confundar
973 3909 1096 3978 quia
1129 3910 1336 3977 speravi
1371 3909 1420 3961 in
1450 3917 1520 3963 te.
1549 3909 1753 3963 Etenim
1783 3913 1962 3980 impiis
1990 3914 2078 3981 qui
2113 3923 2163 3967 te

649 3996 812 4052 Deum
845 4013 948 4051 non
981 3999 1538 4067 norunt‘opprohrium
1565 4000 1804 4054 debetur.
1836 4000 2164 4070 Quapropter

646 4087 738 4150 ait,
761 4087 1076 4141 Erubescant
1107 4090 1251 4156 impii
1281 4100 1328 4141 et
1355 4089 1674 4142 deducantur
1694 4092 1744 4142 in
1768 4091 2052 4158 infernum;
2082 4094 2164 4147 vel

645 4177 936 4231 secundum
973 4179 1215 4246 Aquilam
1263 4186 1316 4232 et
1355 4177 1746 4248 Symmachum,
1778 4180 1976 4234 Sileant
2004 4182 2055 4234 in
2083 4183 2165 4234 in-

646 4267 808 4332 ferno.
847 4265 909 4319 Et
936 4267 1044 4335 jam
1067 4267 1281 4336 quidem
1311 4269 1385 4320 illi
1419 4269 1706 4336 loquuntur
1737 4271 1898 4322 multa
1931 4271 2077 4336 ausi;
2110 4279 2165 4324 at

643 4368 766 4406 cum
808 4353 860 4406 in
889 4363 1266 4423 congruentem
1317 4357 1419 4410 sibi
1466 4357 1639 4410 locum
1685 4359 1893 4414 deducti
1945 4360 2160 4425 fuerint,

2255 1954 2644 2024 πεφυλαγμένοι
2688 1953 2818 2004 εἰσιν
2842 1953 2898 2003 ἐν
2928 1953 3031 2012 ταῖς
3063 1952 3171 2011 σαῖς
3202 1948 3377 2018 χερσίν
3396 1964 3410 1978 ’
3442 1949 3499 1999 ἐν
3525 1945 3592 2010 οἷς

2257 2047 2367 2116 ροῖς
2394 2044 2484 2096 καὶ
2511 2043 2630 2104 τοὺς
2655 2041 2884 2110 ἐμαυτοῦ
2912 2040 3122 2109 κλήρους
3147 2034 3266 2091 οἶδα
3295 2037 3436 2109 παρὰ
3469 2038 3592 2106 σοὶη

2253 2133 2454 2186 τεσθαι.
2483 2133 2570 2184 Διδ
2594 2130 2811 2194 εἰκότως
2848 2128 3052 2182 ἱκετεύω
3092 2128 3183 2181 καὶ
3217 2127 3400 2196 δέομαι
3429 2126 3522 2179 ἐπὶ
3549 2144 3592 2180 τι

2258 2223 2433 2294 ρόντος
2451 2221 2700 2291 ῥυσθῆναι
2715 2221 2778 2271 ὲκ
2800 2218 2904 2270 τῶν
2925 2216 3112 2287 ἐχθρῶν
3140 2233 3243 2285 μου
3276 2215 3372 2270 καλ,
3395 2217 3461 2268 ἐκ
3485 2216 3592 2269 τῶν

2253 2312 2549 2364 διωκόντων
2578 2325 2660 2379 με.

2337 2399 2646 2465 Ἐπίφανον
2678 2396 2743 2449 τὸ
2788 2397 3093 2462 πρόσωπόν
3124 2412 3244 2449 σου
3294 2398 3391 2451 ἐπὶ
3440 2400 3551 2452 τὸν
3587 2423 3592 2446 ι

2255 2502 2366 2541 σου
2429 2485 2630 2538 σῶσόν
2669 2500 2744 2552 με
2779 2485 2848 2536 ἐν
2886 2484 3028 2537 ἐλέει
3063 2501 3176 2538 σου
3199 2502 3214 2515 ⁶
3255 2489 3462 2555 Κύριε,
3490 2489 3577 2557 μὴ

2255 2576 2604 2644 σχυνθείην,
2654 2575 2740 2626 ὅτι
2782 2574 3233 2642 ἐπεκαλεσάμην
3284 2594 3384 2630 σε.
3410 2579 3592 2632 Ὣσπε

2255 2667 2621 2727 ἀνατείλαντος
2652 2663 2832 2716 λύεται
2880 2665 2938 2716 τὸ
2983 2666 3166 2727 σκότος
3188 2683 3203 2696 ο
3239 2668 3362 2720 ὑπὸ
3387 2669 3495 2738 γῆν
3525 2671 3586 2722 δὲ

2253 2769 2364 2820 νου,
2397 2759 2490 2822 νὺξ
2525 2757 2866 2827 διαλαμσάνει
2900 2757 2958 2808 τὸ
2989 2759 3126 2810 πᾶν
3161 2759 3412 2828 προῖασί
3441 2778 3509 2813 τε
3542 2765 3592 2814 ὲ)

2255 2848 2414 2900 κείων
2441 2846 2778 2900 καταδύσεων
2816 2846 2978 2917 θῆρες
3013 2847 3200 2918 ἄγριοι
3237 2851 3352 2902 καλ.
3388 2851 3591 2921 ἄνδρες

2254 2937 2373 3003 γίας
2405 2936 2623 3006 ἐργάται
2643 2950 2657 2965 ·
2683 2937 2869 2999 οὔτως,
2901 2939 3415 3007 ἀποστρεφομένου
3449 2942 3562 3010 μὲν

2255 3027 2301 3076 οἱ
2329 3026 2422 3094 τῆς
2448 3025 2622 3094 ψυχῆς
2647 3024 2824 3094 ἐχθροὶ
2859 3024 3263 3078 ἐπανίστανται
3298 3031 3416 3082 καλ.
3442 3047 3592 3084 κατα

2255 3115 2448 3184 αὐτῆς·
2473 3113 2865 3183 ἐπιλάμψαντος
2891 3115 2946 3166 δὲ
2969 3113 3140 3166 αὑτοῦ
3163 3116 3234 3168 τὸ
3260 3118 3407 3184 φῶς
3436 3121 3548 3190 τῆς
3583 3141 3592 3173 ι

2255 3219 2430 3272 τητος,
2459 3204 2591 3273 ὅπερ
2616 3204 2899 3274 πρόσωπον
2914 3203 3050 3255 Θεοῦ
3083 3203 3430 3274 ὀνομάζειν
3455 3211 3592 3264 εῐωε

2257 3293 2350 3362 φὴ,
2382 3291 2769 3362 ἀποτρέπονται
2799 3293 2893 3361 μὲν
2917 3292 3015 3344 καὶ
3045 3295 3487 3366 ἀποφεύγουσι
3527 3319 3590 3353 τις

2259 3383 2385 3450 φίλα
2409 3380 2500 3432 τοῦ
2531 3379 2746 3442 σκότους
2782 3378 2916 3450 ἔργα
2961 3381 3526 3456 διαπραττόμενοι,
3555 3392 3589 3444 δ

2258 3474 2364 3526 πᾶν
2392 3471 2448 3523 τὸ
2476 3470 2711 3523 ἐναντίον
2741 3471 2816 3540 τῷ
2846 3469 2988 3540 Θεῷ.
3023 3473 3123 3525 Διὸ
3164 3482 3546 3547 παρακαλεῖ
3578 3504 3588 3528 ο

2258 3559 2774 3629 ἐξομολογησάμενος
2806 3561 3075 3626 φάσκων⁶
3133 3563 3556 3634 Ἐπίφανον

2257 3649 2418 3700 ωπόν
2439 3662 2550 3700 σου
2581 3650 2664 3712 εἰς
2692 3649 2796 3700 τὸν
2820 3648 3057 3702 δοῦλόν
3106 3667 3249 3706 σου
3269 3671 3284 3682 ο
3356 3661 3476 3712 καὶ
3516 3680 3587 3713 ττι

2257 3746 2352 3800 τας
2381 3737 2516 3805 ἐμὰς
2549 3737 2788 3807 πράξεις,
2821 3741 2982 3808 φησὶ,
3013 3741 3118 3794 διὰ
3169 3744 3244 3796 δὲ
3286 3748 3368 3800 τὸ
3417 3753 3534 3804 σδν
3583 3758 3588 3786 -‘

2259 3844 2344 3878 ναι
2377 3827 2543 3890 ἀξιῶσ
2595 3829 2685 3879 καὶ
2732 3824 2918 3891 αὖθιςο
2967 3831 3149 3885 Ἐπεὶ
3205 3834 3286 3888 δέ
3360 3856 3440 3892 σε
3507 3845 3586 3895 ετ

2260 3917 2410 3984 φησι,
2442 3915 2513 3985 μὴ
2559 3917 3040 3989 καταισχυνθείην,
3081 3922 3183 3974 ὃτι
3237 3927 3370 3981 ἐπὶ
3434 3934 3546 3986 σοὶ

2263 4003 2357 4070 μὲν
2385 4002 2490 4072 γὰρ
2523 4002 2755 4068 ἀσεϐέσι,
2782 4007 2894 4067 τοῖς
2920 4008 2991 4058 σὲ
3027 4007 3141 4061 τὸν
3180 4011 3365 4069 Θεὸν
3398 4019 3535 4073 οὐκ
3574 4023 3586 4071 i

2262 4090 2482 4160 αἰσχύνη
2528 4092 2756 4159 πρέπει·
2805 4093 2882 4145 διό
2933 4112 3140 4164 φησιν
3173 4115 3189 4128 ·
3232 4105 3586 4176 Αἰσχυνι

2262 4179 2380 4244 ϐεἷς
2405 4179 2498 4230 καὶ
2527 4181 2970 4247 καταχθείησαν
3001 4187 3110 4249 εὶς
3148 4187 3359 4252 ᾅδου
3386 4212 3408 4226 ο
3457 4198 3508 4266 ἦ
3552 4217 3585 4250 ν

2262 4266 2358 4319 λαν
2378 4269 2468 4319 καὶ
2495 4269 2580 4319 τὸν
2608 4268 2894 4338 Σύμμαχον
2914 4289 2929 4300 ·
2974 4276 3550 4340 Σιωπὰτωσαγ

2271 4355 2369 4424 μὲν
2395 4355 2500 4425 γὰρ
2529 4354 2740 4406 λαλοῦσι
2779 4356 2958 4408 πολλὰ
3000 4360 3446 4433 τολμῶντες
3472 4389 3493 4403 -
3546 4377 3582 4426 ὲ

644 4448 770 4494 tunc
819 4442 1132 4512 arrogantia:
1191 4445 1344 4499 linem
1401 4445 1629 4513 facient,
1673 4457 1798 4503 tunc
1852 4451 1990 4504 labia
2042 4453 2130 4506 illa

2092 4455 2162 4516 la,
2196 4481 2237 4534 Β
2266 4444 2525 4512 ταχθῶσιν
2553 4446 2642 4534 ,είς
2683 4444 2741 4495 τὸ
2778 4447 3174 4517 κατάλληλον
3211 4453 3497 4523 αὐτοῖς
3539 4481 3585 4532 χ

642 4545 761 4600 qua
787 4531 839 4585 in
869 4535 1113 4602 praesenti
1144 4549 1262 4587 cum
1290 4535 1535 4604 superbia
1560 4547 1742 4591 contra
1765 4539 1968 4607 justum
1993 4541 2163 4595 virum

643 4622 808 4674 multa
853 4622 1152 4690 proferunt,
1205 4632 1352 4678 muta
1395 4635 1584 4692 erunt;
1637 4637 1764 4682 tunc
1803 4629 1867 4683 de
1894 4629 2162 4698 justorum

643 4710 915 4765 hominum
947 4711 1197 4781 despectu
1229 4715 1360 4767 ultio
1391 4724 1648 4769 sumetur.

714 4963 872 5024 Vsus:
901 4968 990 5032 20,
1021 4970 1108 5024 21.
1136 4970 1302 5034 Quam
1336 4989 1520 5041 magna
1553 4973 1828 5026 multitudo
1872 4974 2154 5026 dulcedinis

2267 4534 2436 4586 καῦτα
2458 4533 2745 4585 παύσονται
2765 4535 2862 4603 τῆς
2886 4539 3413 4612 μεγαλαυχίας
3441 4570 3465 4584 ο
3505 4555 3588 4606 τε

2261 4623 2543 4691 γενήσεται
2578 4621 2646 4673 τὰ
2676 4623 2766 4674 ἐπὶ
2803 4625 2895 4676 τοῦ
2928 4630 3319 4698 παρόντος
3376 4643 3586 4695 πολ),

2261 4709 2410 4802 καίοι)
2453 4709 2788 4802 φθεγγόμενα
2821 4713 2994 4785 χείλη
3049 4719 3222 4785 μεθ’
3271 4725 3590 4802 ὑπερ-ηε

2264 4801 2355 4852 καὶ
2382 4799 2785 4869 ἐκδικηθήσεται
2815 4805 2984 4856 πᾶσα.
3027 4809 3075 4876 ὴ
3123 4813 3357 4866 κατὰ
3417 4799 3592 4874 τῶν

2259 4907 2431 4951 νωσις.

2339 4976 2427 5062 Ὡς
2451 4976 2604 5028 πολὺ
2637 4976 2700 5030 τὸ
2728 4979 2981 5046 πλῆθος
3016 4983 3186 5052 τῆς
3230 5008 3579 5062 χρηστ-

644 5060 766 5118 tute,
797 5055 1027 5119 Domine,
1059 5075 1212 5128 quam
1240 5063 1554 5116 abscondisti
1585 5065 1875 5116 timentibus
1905 5076 1950 5117 te
1967 5065 1987 5115 .'
2037 5064 2137 5117 Per

2069 5067 2158 5157 ιη.
2251 5082 2363 5157 ιριεῖ,
2382 5061 2454 5133 ἧς
2485 5067 2746 5157 ἔκρυψας
2768 5070 2891 5135 τοῖς
2915 5055 3562 5157 φοϐουμὲνξις

643 5143 810 5210 fecisti
833 5145 905 5196 eis
937 5148 1023 5213 qui
1055 5161 1261 5214 sperant
1287 5153 1408 5206 inte
1438 5153 1488 5204 in
1515 5163 1783 5218 conspectu
1809 5153 2035 5218 ﬁliorum
2065 5154 2155 5207 Ito-

644 5237 857 5288 minam.
892 5237 1180 5294 Abscondes
1225 5259 1309 5296 eos
1359 5246 1412 5296 in
1461 5243 1756 5296 abscondito
1789 5242 1940 5310 [aciei
1981 5253 2084 5296 tute
2123 5263 2155 5298 α

650 5323 1035 5376 contnrbatione
1066 5326 1343 5385 hominum.
1401 5333 1641 5401 Proteges
1680 5349 1764 5385 eos
1816 5332 1869 5383 iu
1917 5331 2156 5386 taberna-

644 5411 814 5461 cutoa
849 5413 1250 5470 contradictione
1297 5421 1614 5492 linguarum.
1672 5419 1880 5482 lstha-tc,
1927 5421 2019 5484 ait,
2061 5420 2154 5473 de-

649 5505 892 5564 precatus
925 5515 1062 5561 sum.
1103 5513 1159 5557 ut
1186 5507 1420 5567 illustres
1455 5511 1641 5564 faciem
1671 5519 1814 5563 tuam
1846 5525 2006 5578 super
2039 5527 2154 5564 ser-

647 5600 772 5638 νιιιιι
826 5595 994 5650 “lum.
1045 5599 1096 5645 ct
1125 5605 1199 5648 'ut
1246 5601 1467 5654 salutem
1504 5599 1865 5652 misericordia
1898 5607 1987 5652 tua
2029 5615 2158 5652 nan-
2208 5615 2218 5622 ·

649 5675 841 5740 εἰδείη,
867 5684 917 5730 ει
949 5695 1012 5733 ne
1040 5687 1334 5746 confundar
1355 5689 1612 5760 quoniam
1646 5691 1883 5744 invocavi
1929 5700 1997 5754 te,
2022 5704 2152 5744 con-

2257 5154 2377 5219 τοῖς
2408 5155 2747 5215 ἐλπίζουσιν
2784 5161 2880 5213 ἐπὶ
2935 5162 3044 5216 σὲ
3084 5154 3551 5234 ἐναντίῷ

2259 5234 2591 5311 ἀνθρώπων.
2653 5251 3156 5319 Κατακρύψεις
3229 5266 3529 5324 α.)τοῖ

2259 5333 2360 5386 τοῦ
2415 5335 2730 5402 προσώπου
2792 5355 2906 5394 σου
2991 5343 3178 5400 ἀπὸ
3283 5372 3516 5427 rapa

2258 5423 2582 5517 Enexdcretc
2633 5430 2848 5495 αὐτοὺς
2906 5431 3006 5484 ἐν
3091 5423 3457 5517 caena—1:5.

2257 5514 2766 5585 τλωσσῶν.Ταῦτα,
2783 5520 2990 5590 φησὶν,
3021 5526 3304 5587 ἱκέτευ
3319 5514 3464 5604 τά,

2263 5605 2404 5658 ωπόν
2435 5622 2523 5657 σου
2579 5611 2668 5662 ἐπὶ
2700 5612 2788 5667 τὸν
2821 5610 3052 5668 δοῦλόν
3098 5637 3286 5690 σου,
3342 5636 3472 5685 καὶ

2266 5709 2354 5744 σου
2381 5694 2453 5766 μὴ
2478 5701 2845 5773 καταισχῦναι,
2871 5705 2973 5758 ὅτι
3014 5707 3453 5778 ὲπεκαλεσ
