3782 6306
115 403 219 462 28!

1254 419 1744 487 COMMENTARIA
1780 427 1850 482 IN
1885 427 2216 487 PSALMOS.

3203 441 3310 497 282

134 515 358 618 Ἀκύλαν,
375 509 482 618 ,Τοῖς
522 503 768 618 ίεὶὶθέστινι
785 503 1187 618 ἀιραξοῦται
1231 532 1504 602 ὕμνησις.
1545 537 1667 590 Ἐπε

1793 558 1894 598 nus
1919 553 2002 600 est
2029 545 2084 598 in
2107 559 2200 599 ore
2226 545 2540 614 peccatoris,
2577 547 2700 615 jure
2729 563 2841 609 eos,
2868 547 3105 618 quipura
3133 562 3308 606 mente

131 608 249 676 γὰρ
271 604 342 672 οὐχ
363 601 538 704 ὼρξιῖοςὶ
563 595 718 704 ὓιξνος
746 593 811 704 ξίν
852 603 1151 704 στόματι
1187 593 1529 693 ἁμαρτωλοῦ,
1556 627 1667 681 είκό

1792 640 1846 688 et
1876 649 2010 704 puro
2033 634 2196 690 corde
2227 593 2374 700 sunt,
2407 634 2558 692 decet
2577 593 2680 691 Dei
2709 593 3047 694 collaudatio.

131 712 248 758 τως
270 698 352 756 τοῖς
369 688 585 788 καθαρὰς.
605 685 844 788 mimi“
863 697 1002 788 δαὶ
1040 685 1283 781 καθαρἀ
1312 685 1461 785 Ξιείλη
1505 685 1694 788 έεκττν

136 786 305 854 μένας
328 781 596 853 εὓπρέπειὴ
626 776 715 830 τοῦ
741 777 900 834 Θεοῦ
947 789 1214 862 αἴνεσις.

215 872 638 966 νεεομολοτεῑσθε
666 869 746 966 et?)
790 876 1037 945 Κυρίῳ
1082 889 1162 940 ἐν
1190 892 1412 961 κιθάρᾳ,
1439 895 1506 948 ἐν
1533 901 1690 966 ψαλ-

125 969 306 1034 τηρίῳ
328 964 612 1034 δεκαχόρδῳ
633 962 878 1032 gadium
911 976 1131 1042 αὐτῷ.
1168 983 1323 1036 Κατὰ
1354 962 1569 1058 πρώτην
1597 990 1688 1042 τοῦ

121 1059 302 1127 νόμου
322 1059 566 1130 παράδοσιν
580 1058 1122 1127 γεγραμμένα.Καὶ
1143 1074 1172 1124 6
1190 1073 1285 1135 τὰς
1301 1074 1403 1126 ἔσω
1416 1075 1469 1126 δὲ
1486 1077 1576 1128 καὶ
1596 1076 1690 1138 τὰς

119 1146 237 1210 ἔξω
257 1149 502 1217 αἰσθήσεις
516 1144 740 1216 καθαρὰς
756 1147 860 1202 καὶ
885 1150 1240 1226 ἀμέμπτους
1257 1160 1526 1228 φυλάττων
1541 1165 1596 1215 έν
1614 1165 1692 1215 δε-

119 1237 374 1306 καχόρδῳ
391 1237 640 1308 ψαλτηρίῳ
649 1234 838 1304 ψάλλει
857 1240 951 1310 τῷ
964 1243 1117 1316 Θεῷ.
1129 1249 1342 1316 ’ᾼσατε
1362 1249 1515 1314 αὐτῷ
1530 1246 1688 1319 ᾆσμα

121 1327 348 1382 καινόν.
382 1327 454 1379 T6
488 1328 576 1396 μὲν
617 1325 840 1382 παλαιὸν
874 1325 1053 1401 ᾇσμα
1084 1337 1173 1388 διὰ
1203 1339 1429 1401 παλαιᾶς
1459 1341 1686 1412 κιθάρας

121 1416 218 1466 καὶ
237 1415 462 1468 παλαιοῦ
481 1418 786 1489 ψαλτηρίου,
811 1419 930 1472 τῶν
967 1424 1196 1494 ἀψύχων
1227 1429 1482 1498 ὀργάνων,
1504 1429 1685 1502 ὥσπερ

122 1503 213 1555 διὰ
236 1506 507 1574 συμϐόλων
537 1510 624 1561 καὶ
666 1509 892 1562 εἰκόνων
931 1514 1304 1578 ἐσπουδάζετο
1340 1518 1416 1587 τῷ
1439 1521 1683 1590 προτέρῳ

120 1591 272 1662 λαῷ·
302 1595 355 1647 τὸ
397 1597 456 1648 δὲ
486 1599 664 1652 καινὸν
702 1597 853 1671 ᾆσμα
904 1605 1402 1677 μεγαλοφυέστερον
1438 1611 1532 1661 καὶ
1572 1610 1684 1661 θεο-

116 1685 488 1756 aperis-seponi
521 1688 608 1741 διὰ
638 1689 866 1759 κιθάρας
903 1691 1110 1763 ζώσης,
1146 1697 1237 1747 καὶ
1256 1696 1341 1748 διὰ
1381 1697 1472 1748 τοῦ
1496 1699 1682 1750 ἀποδο-

114 1769 295 1835 θέντος
319 1774 651 1846 δεκαχόρδου
689 1778 995 1850 ψαλτηρίου
1028 1785 1398 1852 ἀναπέμπεται
1442 1785 1517 1854 τῷ
1543 1786 1675 1855 Θεῷ.

1854 885 2019 941 Vens.
2060 886 2116 951 2,
2163 887 2217 943 5.
2255 886 2579 956 Conﬁtemini
2622 887 2843 942 Domino
2889 890 2943 942 in
2993 891 3212 958 cithara,
3249 892 3305 949 in

1785 976 2029 1042 psalterio
2053 976 2222 1037 decem
2243 977 2548 1032 chordarum
2571 980 2776 1046 psallite
2802 980 2896 1031 illi.
2926 978 3302 1049 [Instrumenta

1785 1067 2008 1138 scilicet]
2039 1067 2330 1129 secundum
2367 1070 2586 1136 primam
2634 1070 2763 1137 legis
2797 1071 3128 1124 traditionem
3163 1072 3302 1127 scrio

1785 1163 1890 1225 pta.
1923 1155 2175 1226 Quisquis
2215 1172 2336 1211 cum
2383 1151 2683 1222 interiores,
2715 1169 2823 1212 tum
2853 1163 3143 1217 exteriores
3174 1178 3298 1223 sen-

1784 1260 1896 1310 sus,
1930 1261 2090 1315 puros
2133 1248 2537 1316 inculpatosque
2586 1257 2782 1311 servat,
2831 1250 2883 1302 in
2919 1252 3169 1317 psalterio
3207 1252 3299 1307 de-

1783 1347 1898 1387 cem
1945 1334 2260 1388 chordarum
2307 1338 2486 1405 psallit
2525 1335 2652 1401 Deo,
2698 1336 2916 1392 Cantate
2951 1341 2997 1392 ei
3043 1342 3297 1396 canticum

1779 1435 1985 1482 novum.
2015 1421 2293 1478 Canticum
2332 1431 2484 1478 vetus
2510 1426 2724 1494 antiqua
2755 1428 2958 1480 cithara
2998 1436 3050 1481 et
3080 1431 3297 1500 antiquo

1779 1511 2031 1578 psalterio
2052 1520 2321 1576 cantatur,
2342 1514 2713 1569 instrumentis
2737 1517 2942 1576 scilicet
2968 1519 3294 1586 inaniniatis,

1779 1601 1932 1669 quasi
1963 1603 2218 1671 Symbolis
2241 1611 2293 1657 et
2331 1605 2649 1673 imaginibus
2679 1607 3056 1676 quibus-prior
3084 1609 3169 1663 ille
3200 1624 3296 1677 po-

1777 1691 1934 1758 pulus
1959 1691 2223 1747 studebat.
2255 1693 2323 1744 At
2351 1709 2544 1747 novum
2573 1697 2836 1751 canticum
2869 1696 3294 1765 magniﬁcentius

1778 1794 1837 1831 ac
1869 1779 1973 1832 Deo
2005 1780 2235 1849 dignius,
2276 1783 2481 1836 cithara
2522 1786 2728 1840 vivente
2757 1802 2818 1840 ac
2867 1797 3162 1841 memorato
3202 1789 3296 1843 illo

109 1861 319 1926 Καλῶς
359 1864 598 1931 similent:
626 1867 694 1918 ἐν
721 1869 1075 1938 ἀλαλαγμῷ.
1119 1868 1282 1935 Οὗτος
1322 1876 1350 1926 ὁ
1377 1875 1667 1943 ἀλαλαγμός

1777 1867 2105 1922 decachordo
2135 1867 2410 1937 psalterio,
2458 1872 2566 1926 Deo
2602 1875 2875 1928 emittitur.
2913 1875 3049 1937 Bene
3088 1876 3296 1942 psallite

105 1952 215 2002 ἐστι
250 1954 558 2019 μυστικάς·
590 1954 668 2007 διὸ
707 1957 924 2027 εἴρηταί
965 1977 1103 2012 πουο
1135 1963 1426 2030 Μακάριος
1466 1967 1498 2016 ὁ
1533 1965 1678 2028 λαὸς

105 2041 135 2090 ὀ
157 2039 480 2105 γινώσκων
529 2045 904 2115 ἀλαλαγμόν.
947 2051 1104 2105 Ἀλλὰ
1135 2055 1225 2105 καὶ
1264 2055 1381 2106 ἀντὶ
1425 2055 1555 2122 βοῶν
1587 2057 1677 2109 καὶ

106 2127 353 2196 μόσχων,
393 2134 492 2195 καὶ
557 2134 665 2186 τῶν
715 2136 781 2188 δι’
816 2139 1046 2207 αἵματος
1078 2141 1292 2205 Θυσιῶν,
1325 2143 1510 2206 Θυσίας
1551 2144 1678 2197 ἀλα-

103 2215 328 2287 λαγμοῦ
369 2222 800 2277 κατατεθυκέναι
845 2228 1010 2296 φησὶν
1042 2231 1070 2280 6
1103 2228 1296 2281 εἰπών’
1337 2232 1678 2286 Ἐκύκλωσα

101 2307 196 2357 καὶ
237 2308 437 2362 ἔθυσα
483 2312 557 2364 ἐν
577 2311 654 2379 τῇ
697 2315 901 2382 σκηνῇ
944 2317 1126 2369 αὐτοῦ
1159 2319 1373 2371 θυσίαν
1421 2321 1675 2389 ἀλαλαγ-

95 2415 228 2464 μου.

168 2486 295 2539 Ὀτι
342 2488 530 2560 εὐθὺς
560 2493 594 2543 ὁ
625 2493 811 2560 λόγος
836 2493 942 2546 τοῦ
981 2496 1215 2561 Κυρίου,
1249 2497 1344 2550 καὶ
1375 2497 1564 2551 πάντα
1604 2499 1675 2552 τὰ

98 2575 229 2643 ἔργα
261 2579 468 2630 αὑτοῦ
506 2580 579 2630 ἐν
617 2581 842 2634 πίστει.
894 2583 1106 2649 Ἄγαπᾷ
1135 2585 1544 2654 ἐλεημοσύνην
1575 2589 1669 2640 καὶ

1774 1957 1826 2008 in
1867 1957 2194 2023 jubitatione.
2255 1958 2374 2012 Haec
2413 1961 2662 2027 jubilatio
2705 1965 2928 2033 mystica
2974 1972 3056 2019 est
3087 1983 3099 2019 :
3127 1980 3294 2034 quare

1774 2047 1971 2099 dictum
2003 2049 2195 2102 alicubi
2227 2051 2360 2104 fuit:
2395 2051 2582 2103 Beatus
2611 2053 2826 2119 populus
2858 2054 2944 2121 qui
2975 2057 3070 2107 scit
3101 2054 3293 2116 iubila-

1775 2135 2020 2190 tionem'.
2054 2134 2163 2190 lmo
2204 2153 2328 2192 vero
2364 2138 2546 2200 boum,
2589 2141 2896 2201 vitulorum,
2921 2150 3291 2195 cruentorum-

1772 2237 1875 2290 que
1909 2224 2292 2278 sacriﬁciorum
2321 2227 2456 2290 loco,
2484 2227 2710 2280 hostiam
2738 2229 3074 2296 jubilationis
3099 2230 3291 2284 immo-

1771 2315 1909 2368 lasse
1945 2315 2018 2368 ait
2065 2316 2152 2370 ille
2177 2336 2190 2370 :
2215 2317 2437 2370 Circuivi
2476 2328 2524 2371 et
2570 2320 2829 2372 immolavi
2862 2321 2914 2373 in
2958 2321 3287 2377 tabernaculo

1769 2400 1880 2468 ejus
1912 2401 2129 2454 hostiam
2151 2403 2477 2470 jubilationis
2495 2405 2535 2459 ³.

1839 2488 2000 2545 Vens.
2027 2493 2079 2554 4,
2120 2492 2171 2546 5.
2214 2491 2349 2555 Quia
2377 2505 2566 2546 rectum
2613 2505 2689 2550 est
2728 2497 2931 2550 verbum
2964 2497 3192 2563 Domini,
3235 2507 3289 2554 et

1770 2579 1942 2630 omnia
1983 2595 2135 2646 opera
2162 2579 2271 2646 ejus
2308 2581 2360 2632 in
2397 2580 2516 2647 ﬁde.
2565 2581 2748 2652 Diligit
2793 2585 3200 2639 misericordiam
3237 2596 3288 2640 et

97 2665 292 2727 κρίσιν
319 2682 333 2694 ·
361 2666 478 2718 τοῦ
503 2666 722 2732 ἐλέους
750 2670 969 2735 Κυρίου
1002 2672 1235 2739 πλήρης
1263 2677 1300 2741 ἡ
1458 2678 1535 2730 Τὰ
1577 2680 1667 2748 μὲν

1773 2664 2015 2730 iudicium
2040 2682 2058 2718 :
2091 2667 2444 2721 misericordia
2467 2668 2671 2721 Domini
2697 2671 2848 2736 plena
2873 2682 2945 2724 est
2979 2683 3133 2728 terra.
3162 2675 3289 2738 Qua

95 2752 186 2820 τῆς
235 2754 351 2806 τῶν
392 2755 570 2808 ὄντων
615 2758 976 2828 καταλήψεως
1017 2761 1102 2812 διὰ
1139 2763 1370 2827 πίστεως
1409 2768 1534 2835 ἡμῖν
1564 2786 1670 2836 χω-

99 2845 270 2912 ρείτω,
307 2846 384 2898 τὰ
429 2846 487 2898 δὲ
547 2847 640 2899 τοῦ
686 2850 989 2919 πρακτικοῦ
1025 2851 1136 2920 βίου
1181 2854 1268 2906 διὰ
1317 2855 1670 2927 ὲλεημοσύνης

98 2935 184 2986 καὶ
215 2937 488 3006 κρίσεως.
519 2939 710 2991 Ταῦτα
738 2942 848 3010 γὰρ
879 2941 1064 3012 ἀγαπᾷ
1090 2945 1117 2993 6
1154 2944 1311 3007 εὐθὺς
1344 2945 1434 2996 τοῦ
1469 2948 1667 3017 Κυρίου

98 3020 242 3089 λόγος
269 3041 282 3054 ·
315 3026 425 3078 ac:
476 3031 765 3097 κριτικοὺς
802 3033 950 3100 ἡμᾶς
994 3034 1394 3098 κατασκευάσας
1422 3037 1512 3087 καὶ
1557 3037 1668 3090 δια-

99 3115 375 3180 κριτικοὺς
406 3115 508 3176 τοῦ
541 3133 603 3168 τε
631 3118 800 3170 καλοῦ
850 3120 1062 3172 καὶτοῦ
1109 3123 1366 3175 ἐναντίου.
1412 3125 1500 3176 Διὸ
1549 3125 1668 3194 βού-

1767 2756 2142 2824 cogitationem
2169 2772 2232 2809 ac
2257 2761 2784 2827 comprehensionem
2811 2777 2989 2814 rerum
3023 2771 3286 2830 spectant,

1765 2859 1861 2914 per
1886 2845 2039 2899 ﬁdem
2081 2848 2236 2901 nobis
2269 2849 2577 2916 tradantur;
2629 2865 2748 2915 quae
2788 2859 2962 2906 autem
2997 2854 3287 2920 practicam

1765 2938 1948 3000 vitam,
1991 2952 2085 3004 per
2130 2938 2547 2992 misericordiam
2591 2941 2949 3008 etjudicium.
2982 2941 3104 2996 Haec
3145 2943 3286 2996 cnim

1765 3024 1936 3092 diligit
1981 3033 2182 3078 rectum
2224 3026 2352 3079 illud
2386 3028 2603 3080 verbum
2627 3027 2865 3091 Domini,
2915 3038 3095 3098 utpote
3141 3031 3285 3101 quod

1763 3114 1918 3168 nobis
1966 3114 2358 3169 internoscendi
2390 3117 2495 3168 vim
2534 3118 2803 3182 indiderit,
2837 3134 2899 3172 ac
2947 3121 3285 3179 discernendi

97 3199 231 3254 λεῖαι
262 3205 429 3274 ἡμᾶς
480 3206 654 3276 μηδὲν
689 3208 929 3278 ἀκρίτως
973 3212 1244 3280 πράττειν,
1290 3213 1418 3282 μηδὲ
1463 3214 1664 3282 ἀλόγως

1773 3203 1901 3256 inter
1923 3203 2119 3256 bonum
2148 3211 2201 3256 et
2229 3206 2529 3275 oppositum
2570 3206 2732 3260 illius.
2771 3207 3125 3270 Quamobrem
3172 3212 3286 3266 vult

99 3292 349 3361 φέρεσθαι
406 3298 534 3357 ταῖς
577 3295 636 3361 ἐξ
680 3297 857 3349 αὐτῶν
896 3302 1116 3370 ὁρμαῖς,
1167 3303 1495 3371 κεκριμένως,
1542 3305 1666 3373 περὶ

96 3381 191 3432 τῶν
223 3385 537 3453 πρακτέων
591 3385 979 3454 βουλεύεσθαι,
1033 3389 1126 3441 καὶ
1163 3392 1294 3458 πρός
1345 3407 1405 3457 γε
1454 3391 1666 3446 πάντων

94 3470 488 3540 ἐλεημονικοὺς
549 3469 691 3526 εἶναι
718 3513 732 3537 ,
787 3477 1216 3546 συγνωμονικοὺς
1265 3478 1319 3528 δὲ
1370 3479 1502 3548 πρὸς
1544 3480 1667 3545 τοὺς

95 3560 518 3629 ἁμαρτάνοντας
547 3565 921 3632 γιγνομένους,
951 3566 1248 3636 συμπαθεῖς
1284 3566 1337 3618 δὲ
1367 3566 1456 3618 καὶ
1485 3567 1666 3634 φιλαν-

96 3649 338 3718 Optabam);
379 3655 526 3724 πρὸς
555 3654 687 3715 τοὺς
713 3654 859 3715 ἐλέου
885 3656 1190 3727 δεομένους.

167 3741 249 3803 Ίῖἷι
273 3746 448 3812 λόγῳ
472 3743 586 3795 τοῦ
617 3746 841 3810 Kvplov
867 3749 918 3798 οἱ
946 3745 1182 3813 οὐρανοὶ
1210 3745 1662 3812 ἐστερεώθησαν,

96 3832 185 3882 καὶ
212 3833 292 3898 τῷ
320 3837 631 3904 πνεύματι
658 3836 764 3888 τοῦ
788 3838 1082 3902 στόματος
1102 3835 1284 3888 αὑτοῦ
1310 3833 1472 3888 πᾶσα
1502 3837 1538 3902 ἠ
1561 3834 1664 3886 δύ-

94 3935 260 3986 ναμις
316 3923 550 3976 αὐτῶν.
604 3921 696 3991 Τῷ
750 3920 842 3976 οὖν
898 3922 1072 3993 Πατρὶ
1111 3925 1259 3986 πᾶσα
1302 3923 1584 3993 ἡδύναμις
1627 3925 1661 3991 ἡ

95 4007 490 4084 ὺπερουράνιος
544 4009 885 4080 ὲστερεὼθτιο
931 4011 1172 4062 τουτέστι
1217 4010 1277 4062 τὸ
1321 4009 1527 4062 εὔτονον
1573 4011 1664 4062 καὶ

97 4095 305 4163 βέϐαιον
340 4103 439 4156 καὶ
471 4100 672 4166 πάγιον
699 4101 756 4150 ὲν
784 4100 1058 4169 ἁγιασμῷ,
1093 4101 1184 4152 καὶ
1217 4101 1363 4172 πάσῃ
1387 4101 1663 4173 πρεπούσῃ

92 4197 204 4256 ταῖς
239 4196 414 4264 ἱεραῖς
452 4189 754 4258 δυνάμεσιν
781 4189 971 4257 ἀρετῇ,
1016 4189 1080 4239 ὲκ
1111 4188 1210 4256 τῆς
1233 4187 1322 4240 τοῦ
1361 4189 1662 4258 Πνεύματος

95 4283 410 4351 ἐπικουρίας
438 4281 682 4349 ἔχουσιν.
738 4275 954 4328 Ἐνθάδε
997 4277 1093 4344 μὲν
1125 4272 1215 4328 οὖν
1257 4278 1485 4345 πνεῦμα
1535 4281 1664 4332 στόο

88 4387 268 4436 ματος
294 4370 488 4423 αὐτοῦ
513 4367 955 4435 ἀναγέγραπται.
990 4365 1304 4433 Εὐρήσομεν
1341 4365 1395 4418 δὲ
1435 4367 1659 4436 ἀλλαχοῦ

92 4460 178 4509 καὶ
217 4459 380 4527 λόγον
427 4459 703 4528 στόματος
735 4453 901 4505 αὐτοῦ
951 4451 1258 4521 εἰρημένον,
1313 4453 1398 4504 ἶνα
1436 4455 1596 4524 νοηθῇ
1631 4458 1658 4508 ὁ

89 4545 276 4616 Σωτὴρ
314 4550 410 4600 καὶ
439 4548 501 4600 τὸ
548 4547 710 4612 ἅγιον
746 4541 912 4595 αὑτοῦ
967 4539 1208 4607 Πνεῦμα.
1266 4541 1567 4611 Ἀμφότερᾳ
1603 4545 1659 4596 δὲ

91 4637 427 4701 συνήργησεν
461 4636 520 4702 έν
570 4634 640 4702 τῇ
678 4629 854 4681 κτίσει
891 4626 1002 4678 τῶν
1040 4624 1282 4692 οὐρανῶν
1311 4627 1405 4678 καὶ
1447 4628 1554 4680 τῶν
1603 4631 1659 4688 ἐν

91 4722 278 4781 αὐτοῖς
302 4721 573 4791 δυνάμεων
595 4735 611 4750 ⁸
644 4717 738 4769 διὰ
770 4713 930 4766 τοῦτο
973 4713 1220 4782 εἴρηται·
1259 4713 1342 4778 Τῷ
1363 4717 1519 4784 λόγῳ
1551 4721 1661 4770 κυ.

89 4806 220 4872 ρίου
259 4810 317 4859 οι
344 4808 580 4875 οὐρανοὶ
619 4802 1112 4870 ἐστερεώθησαν,
1147 4800 1242 4852 καί
1270 4801 1347 4865 τῷ
1377 4805 1662 4871 πνεύματι

95 4894 192 4945 τοῦ
238 4898 528 4964 στόματος
579 4893 778 4948 αὐτοῦ
839 4889 1016 4944 πᾶσα
1072 4892 1112 4957 ἡ
1160 4889 1396 4959 δύναμις
1445 4891 1657 4960 αὐτῶν,

93 4983 244 5036 Οὐδὲν
270 4985 379 5055 γᾴρ
400 4985 689 5052 ἁγιάζεται
730 4980 806 5050 μὴ
831 4981 899 5048 τῇ
931 4979 1203 5049 παρουσία
1223 4979 1308 5031 τοῦ
1327 4981 1650 5055 Πνεύματος.

109 5071 360 5137 ’Δγγέλων
385 5075 510 5141 γοῦν
555 5073 663 5140 τὴν
697 5069 802 5137 μέν
836 5069 918 5128 εἰς
946 5066 1013 5118 τὸ
1057 5063 1191 5128 εἶναι
1227 5067 1442 5136 πάροδον
1487 5071 1518 5120 6
1557 5073 1653 5144 δη-

99 5161 338 5229 pio-apro;
359 5163 546 5229 Λόγος,
575 5163 607 5212 6
633 5157 876 5226 ποιητὴς
904 5155 1021 5208 τῶν
1043 5155 1198 5216 ὅλων,
1224 5157 1490 5225 παρείχετο
1507 5177 1523 5190 ο
1558 5163 1652 5216 τὸν

101 5235 345 5317 ἇγιασμὸν
360 5252 408 5303 δὲ
427 5252 626 5311 αὐτοῖς
648 5248 713 5298 τὸ
742 5246 980 5314 Πνεῦμα
1005 5245 1070 5296 τὸ
1101 5244 1240 5310 ἅγιον
1257 5247 1612 5317 συνεπέφερεν
1630 5269 1644 5281 ·

95 5335 149 5388 οὐ
174 5334 275 5404 γὰρ
299 5339 468 5406 νήπιοι
507 5333 844 5398 κτισθέντες
871 5332 926 5383 oi
949 5329 1193 5396 ἄγγελοι.

160 5425 440 5490 Φοϐηθήτω
485 5423 606 5476 τὸν
657 5421 892 5484 Κύριον
908 5416 1084 5471 πᾶσα
1117 5418 1152 5482 ἠ
1198 5415 1284 5483 γῆο
1311 5417 1403 5470 ἀπ’
1441 5423 1645 5478 αὐτοῦ

100 5509 154 5560 δὲ
173 5515 411 5582 vacuari
419 5525 642 5567 τωσαν
706 5505 945 5570 πάντες
991 5508 1046 5556 οι
1099 5505 1478 5570 κατοικοῦντες
1510 5511 1643 5580 τὴν

157 5684 176 5724 t
205 5682 330 5746 [in],
363 5691 671 5748 uxxvm,
708 5672 808 5726 16.
883 5673 904 5702 ³
945 5671 1085 5727 Psal.
1119 5687 1258 5736 xm,
1288 5672 1333 5740 ϐ.

1764 3306 1862 3346 nos
1895 3293 2026 3344 nihil
2057 3295 2172 3346 sine
2193 3294 2398 3360 judicio
2441 3309 2615 3363 agere,
2647 3311 2819 3362 neque
2850 3297 3285 3355 irrationabiliter

1763 3380 2070 3449 impetuque
2097 3382 2310 3450 proprio
2345 3382 2491 3444 ferri,
2521 3384 2587 3437 de
2609 3384 2824 3451 agendis
2853 3385 3140 3452 prudenter
3157 3401 3286 3442 con-

1763 3471 1957 3536 sulere,
1999 3486 2062 3525 ac
2109 3487 2216 3540 prae
2246 3473 2514 3533 omnibus,
2561 3473 2936 3529 misericordes
2971 3491 3111 3539 esse,
3154 3491 3284 3546 pec-

1763 3568 1879 3614 cata
1911 3562 1963 3614 in
1993 3575 2092 3615 nos
2121 3561 2356 3615 admissa
2389 3562 2544 3616 facile
2574 3565 2894 3626 condonare,
2918 3565 3199 3622 condolere
3219 3582 3283 3622 ac

1761 3645 1917 3706 mites
1945 3667 2064 3706 esse
2087 3667 2209 3722 erga
2240 3666 2337 3706 eos
2363 3653 2455 3720 qui
2481 3651 2844 3714 misericordia
2884 3663 3060 3723 egent.

1829 3739 1989 3802 Vens.
2020 3740 2071 3794 6.
2121 3740 2281 3794 Verbo
2305 3739 2513 3793 Domini
2553 3741 2667 3794 coeli
2695 3743 2895 3809 ﬁrmati
2926 3754 3068 3804 sunt,
3098 3754 3146 3799 et
3175 3747 3284 3814 spi-

1760 3831 1866 3886 ritu
1893 3831 1996 3882 oris
2017 3831 2126 3898 ejus
2147 3831 2312 3884 omnis
2335 3830 2495 3882 virtus
2515 3846 2713 3886 eorum.
2739 3832 2783 3884 A
2808 3830 2964 3889 Patre
2988 3834 3152 3901 igitur
3171 3851 3282 3891 om-

1759 3921 1844 3974 nis
1870 3921 2042 3974 virtus
2063 3919 2300 3973 caelestis
2334 3917 2545 3977 ﬁrmata
2585 3929 2688 3981 est.
2721 3921 2774 3973 id
2801 3929 2884 3976 est
2909 3921 3154 3988 ﬁrmitas,
3185 3939 3278 3980 so-

1758 4010 1958 4073 liditas,
1985 4011 2352 4079 stabilitasque
2383 4010 2438 4063 in
2471 4010 2890 4066 sanctiﬁcatione
2923 4026 2986 4064 ac
3009 4016 3155 4068 omni
3187 4029 3278 4070 sa.

1759 4098 1868 4151 cris
1912 4098 2262 4165 potestatibus
2305 4099 2642 4153 convenienti
2692 4101 2888 4154 virtute
2938 4114 3002 4154 ex
3044 4100 3277 4170 Spiritus

1759 4186 1958 4242 auxilio
1989 4185 2113 4240 data
2152 4194 2253 4240 est.
2286 4185 2382 4240 llic
2415 4202 2575 4255 porro
2599 4188 2814 4254 spiritus
2858 4189 2960 4242 oris
2986 4191 3099 4256 ejus
3138 4191 3274 4246 scri-

1757 4281 1903 4346 ptum
1938 4280 2040 4328 est.
2080 4273 2219 4327 Alibi
2245 4289 2458 4342 quoque
2506 4277 2740 4342 reperire
2785 4283 2866 4330 est
2894 4275 3116 4329 verbum
3163 4277 3274 4333 oris

1758 4362 1892 4429 ejus,
1923 4369 1981 4415 ut
2025 4361 2108 4415 his
2156 4361 2482 4431 intelligatur
2529 4362 2772 4420 Salvator
2813 4371 2865 4416 et
2911 4371 3132 4420 sanctus
3157 4365 3275 4434 ejus

1760 4449 1986 4516 Spiritus
2023 4459 2278 4518 :uterque
2315 4463 2474 4518 porro
2519 4449 2573 4502 in
2619 4448 2888 4502 creatione
2921 4449 3176 4503 cmlorum
3220 4458 3277 4504 et

1755 4546 2076 4612 potestatum
2104 4554 2289 4594 eorum
2313 4545 2630 4608 c00peratus
2654 4545 2754 4591 cst.
2789 4537 2910 4591 Ideo
2944 4538 3144 4592 dictum
3170 4546 3272 4602 est,

1768 4628 1927 4681 Verbo
1959 4629 2165 4695 Domini
2201 4630 2312 4682 caeli
2339 4629 2535 4698 ﬁrmati
2561 4637 2700 4689 sunt,
2738 4636 2787 4680 et
2821 4627 3010 4695 spiritu
3032 4628 3136 4680 oris
3162 4628 3272 4694 ejus

1757 4720 1920 4773 omnis
1947 4719 2108 4775 uirtus
2137 4735 2334 4774 eorum.
2369 4717 2512 4770 Nihil
2543 4715 2686 4769 enim
2719 4716 2836 4771 sine
2871 4714 3100 4785 Spiritus
3137 4729 3275 4782 pra:-

1757 4811 1930 4863 sentia
1981 4809 2361 4865 sanctiﬁcatur.
2406 4807 2620 4874 Angelis
2661 4806 2823 4874 igitur
2870 4806 3152 4859 transitum
3202 4803 3270 4857 ad

1759 4900 2092 4955 existentiam
2131 4907 2340 4952 creator
2367 4896 2599 4957 Verbum
2625 4895 2868 4964 praebuit,
2899 4893 3268 4946 universorum

1753 4990 1931 5059 cpifex
1957 5008 1970 5042 :
2008 4987 2478 5044 sanctiﬁcationem
2507 4999 2633 5038 vero
2663 4983 2848 5038 eodem
2885 4989 3122 5049 tempore
3149 4977 3270 5049 8ρί-

1755 5079 1891 5134 ritus
1917 5087 2134 5133 sanctus
2161 5075 2379 5140 indidit;
2407 5089 2516 5129 non
2543 5074 2685 5128 enim
2706 5071 2936 5126 infantes
2970 5069 3138 5125 creati
3173 5084 3272 5125 an-

1753 5170 1853 5243 geli
1888 5177 2030 5224 sunt.

1822 5428 1982 5483 Vens.
2014 5428 2067 5490 8,
2097 5425 2146 5479 9.
2189 5421 2386 5475 Timent
2407 5418 2683 5472 Dominum
2719 5417 2882 5468 omnis
2913 5427 3052 5465 terra
3076 5425 3095 5464 .'
3123 5409 3195 5463 ab
3215 5425 3276 5463 ca

1755 5530 1925 5576 autem
1947 5517 2353 5574 commoveantur
2371 5525 2548 5562 omnes
2571 5505 2906 5561 inhabitantes
2937 5500 3130 5555 orbem.
3164 5498 3280 5554 Ad-
