3782 6336
635 388 738 443 283

1270 386 1533 442 EUSEBII
1569 385 2034 442 CESABIENSIS
2070 386 2213 449 OPP.
2254 388 2428 443 PARS
2463 387 2547 443 ιιι.
2587 419 2653 430 --
2680 390 3000 449 EXEGETICA.
3454 383 3526 439 ω

635 503 846 559 modum
871 513 1276 573 consequenter,
1304 512 1583 573 postquam
1611 518 1800 572 magna
1825 503 1915 557 Dei
1941 504 2128 573 opifici:

2045 504 2146 557 icia
2174 508 2220 565 Α
2244 507 2611 573 οἰκουμένην.
2643 506 2841 578 Σφόδρα
2858 509 2897 560 δὲ
2915 505 3135 565 ἀκολούθως
3159 500 3238 562 τὰς
3259 498 3333 552 τοῦ
3354 498 3455 550 Θεοῦ
3477 517 3538 567 με·

632 594 934 653 declaravit,
962 609 1023 647 ac
1052 601 1255 647 tantum
1280 609 1385 647 non
1406 594 1475 647 ob
1495 592 1679 647 o'culos
1700 595 1895 663 posuit,
1921 604 2145 663 quantus

634 684 704 737 sit
732 683 817 736 ille
848 684 1031 735 talium
1076 699 1250 737 rerum
1296 684 1539 737 conditor
1588 684 1880 751 Dominus;
1930 701 2046 738 eum
2076 688 2144 739 ti-

633 787 776 826 mere
818 772 1083 839 praecepit.
1130 772 1524 841 Annuntiatque
1555 789 1662 826 non
1696 774 1831 827 ultra
1864 775 2017 828 idolis
2048 776 2143 828 ad-

631 848 917 915 hibendum
968 862 1221 925 animum,
1258 879 1363 916 non
1414 864 1681 918 daemonas
1709 866 1960 919 colendos
2006 882 2140 929 esse,

633 953 726 1006 sed
769 960 1033 1023 tantarum
1069 969 1245 1006 rerum
1279 971 1444 1007 unum
1484 957 1743 1023 opiﬁcem.
1794 956 1936 1011 Illius
1970 967 2142 1012 autem

630 1039 763 1102 loco,
783 1015 1209 1102 co‘mmoveantur,
1238 1040 1584 1110 Symmachus
1614 1056 1936 1098 revereantur
1957 1048 2139 1100 edidit.

628 1126 725 1181 Hic
769 1129 1052 1198 intelligas,
1102 1145 1207 1199 quo
1237 1140 1392 1199 pacto
1423 1132 1656 1185 futurum
1699 1143 1811 1188 erat
1862 1144 1919 1188 ut
1965 1136 2031 1190 ab
2079 1151 2142 1190 eo

626 1229 1085 1274 commoverentur
1153 1236 1335 1276 omnes
1398 1224 1754 1279 inhabitantes
1819 1226 2037 1289 orbem,
2095 1226 2140 1281 si

626 1308 803 1360 animo
830 1309 1125 1377 perpendas
1170 1326 1273 1378 qua
1323 1313 1529 1367 ratione
1577 1330 1671 1382 per
1716 1314 2138 1383 prazdicationem

622 1397 977 1465 evangelicam
1000 1404 1051 1450 et
1096 1399 1381 1453 salutarem
1425 1402 1723 1456 doctrinam
1772 1405 1825 1457 in
1873 1411 1985 1458 toto
2012 1406 2138 1458 orbe

623 1481 871 1538 Ecclesiae
899 1484 1007 1538 Deo
1039 1488 1338 1543 constitutae
1369 1490 1497 1553 sint,
1530 1506 1685 1547 aures
1714 1495 1950 1546 omnium
1978 1497 2137 1548 verbo

621 1573 873 1641 repletae,
923 1575 1262 1645 universique
1319 1578 1559 1633 homines
1606 1582 1695 1633 illa
1746 1589 1893 1634 tanta
1944 1583 2136 1637 virtute

620 1662 890 1725 commoti,
928 1678 991 1715 ac
1022 1665 1209 1717 mutati
1239 1680 1269 1718 a
1297 1668 1523 1735 pristino
1549 1669 1806 1722 idolorum
1841 1686 2037 1733 errore,
2070 1670 2133 1722 ad

618 1766 753 1804 vera:
779 1754 989 1819 pietatis
1013 1757 1473 1810 commonitionem
1499 1758 1851 1811 accesserint:
1880 1759 2133 1823 Quoniam

2246 594 2565 662 γαλουργίας
2622 598 2938 665 παραστήσας,
2965 597 3032 651 καὶ
3061 588 3281 663 μονονουχὶ
3328 586 3549 655 ﬁtted-limi;

2243 682 2503 747 ἐπιδείξας
2534 683 2781 752 ὁπηλίκος
2803 686 2912 736 ἐστὶν
2932 684 3045 735 ὁτῶν
3062 680 3268 733 τοιούτων
3308 675 3558 745 δημιουργὸς

2240 772 2456 844 Κύριος,
2492 773 2888 842 παρακελεύεται
2923 772 3055 831 τοῦτον
3098 765 3346 836 φοϐεῖσθαι.
3385 766 3560 833 Etiams-

2240 859 2438 922 λίζεται
2463 862 2517 913 δὲ
2550 860 2775 925 εἰδώλοις
2811 863 2958 931 μηκέτι
2981 860 3205 930 προσέχειν
3219 858 3296 910 τὸν
3322 856 3440 920 νοῦν,
3472 860 3566 927 μήτε

2238 949 2487 1018 δαίμονας
2516 950 2775 1014 σέϐεσθαι,
2806 952 2912 1003 ἀλλὰ
2930 952 2994 1002 τὸν
3012 950 3222 1002 τοσούτων
3243 948 3445 1015 ποιητήν.
3468 947 3563 998 ’Λντ

2238 1039 2291 1090 δὲ
2317 1039 2428 1101 τοῦ,
2462 1040 2952 1105 σαλευθήτωσαν,ὁ
2983 1040 3236 1108 Σύμμαχος,
3274 1035 3566 1091 εὺλαϐείσθιι

2238 1143 2374 1189 σαν,
2429 1127 2667 1191 ἐξέδωκε.
2708 1130 2913 1198 Νοήσεις
2942 1129 3051 1190 ὅπως
3099 1127 3292 1196 ἔμελλον
3338 1125 3564 1177 σαλεύεσθι

2236 1218 2329 1268 ἀπ’
2358 1216 2516 1269 αὐτοῦ
2545 1218 2737 1279 πάντες
2769 1219 2815 1269 οἱ
2857 1218 3146 1279 κατοικοῦντες
3200 1216 3287 1285 τὴν
3326 1216 3566 1287 οἰκουμένη

2236 1304 2523 1372 ἐπιστήσας
2542 1304 2637 1373 τὴν
2676 1304 2906 1368 διάνοιαν,
2941 1303 2998 1365 ὼς
3039 1302 3110 1354 ἐπὶ
3144 1300 3216 1369 τῷ
3270 1300 3566 1369 κηρύγματιο

2235 1391 2557 1461 εύαγγελικῷ
2585 1393 2675 1444 καὶ
2697 1396 2759 1462 τῇ
2791 1393 2995 1461 σωτηρίῳ
3013 1390 3279 1459 διδασκαλία
3302 1388 3407 1441 καθ’
3424 1388 3534 1458 ’όλης
3552 1406 3566 1435 σι

2233 1482 2543 1551 οἰκουμένης
2575 1483 2873 1551 Ἐκκλησίαι
2898 1482 2957 1550 τῷ
2971 1480 3065 1549 Θεῷ
3087 1479 3405 1548 συνέστησαν·
3433 1480 3562 1530 πᾶσά

2232 1572 2363 1641 ἀκοὴ
2392 1571 2668 1642 ἐπληρώθη
2690 1572 2780 1624 τοῦ
2814 1571 2964 1638 λόγον,
2992 1573 3068 1623 καὶ
3097 1570 3281 1631 πάντες
3305 1569 3553 1639 ἂνθρωποι

2229 1664 2293 1730 τῇ
2321 1662 2548 1732 τοσαύτῃ
2576 1662 2794 1731 δυνάμει
2849 1660 3118 1729 κεκίνηνται,
3157 1659 3545 1729 μεταϐάλλοντες

2232 1754 2325 1819 τῆς
2381 1751 2640 1820 προτέρας
2704 1751 2825 1819 περὶ
2882 1749 2937 1802 τά
2986 1750 3153 1802 εἶδωλα
3201 1750 3416 1820 πλάνης,
3478 1751 3566 1804 καλ

618 1841 723 1906 ipse
749 1841 899 1907 dixit,
933 1852 979 1895 et
1028 1844 1168 1910 facta
1200 1856 1354 1910 sunt;
1403 1848 1508 1913 ipse
1554 1847 1837 1912 mandavit,
1882 1857 2111 1901 etcreatc

2076 1859 2127 1900 ια
2160 1848 2199 1901 Β
2227 1840 2521 1908 ὑπόμνησιν
2548 1840 2780 1903 ἐλθόντες
2799 1840 2886 1909 τῆς
2904 1840 3096 1907 ἀληθοῦς
3126 1839 3417 1902 εὐσεϐείαςο
3448 1842 3563 1897 Ὅτι

615 1939 751 1983 sunt.

673 2106 832 2162 Vens.
864 2108 942 2161 10.
973 2108 1219 2162 Dominus
1247 2110 1465 2177 dissipat
1520 2112 1736 2164 consilia
1769 2115 2010 2181 gentium,
2047 2131 2129 2166 re—

609 2197 792 2264 probat
840 2207 1008 2249 autem
1063 2200 1391 2267 cogitationes
1424 2201 1742 2267 populorum,
1793 2210 1840 2254 et
1892 2203 2127 2268 reprobat

609 2288 826 2339 consilia
863 2288 1168 2354 principum.
1210 2288 1342 2353 Quia
1389 2289 1601 2343 videbat
1638 2292 1855 2359 spiritus
1902 2293 2127 2359 prophe-

608 2379 748 2432 ticus
773 2378 1007 2431 futurum
1031 2393 1166 2441 esse,
1194 2386 1253 2431 ut
1274 2380 1725 2447 persecutionibus
1751 2380 2125 2433 afllictarentur

608 2468 644 2521 ii
676 2468 767 2535 qui
797 2483 826 2519 a
859 2469 1035 2535 prisca
1096 2468 1182 2520 illa
1245 2470 1617 2535 superstitione
1657 2471 1916 2524 recessuri
1950 2479 2120 2535 erant,

606 2563 661 2609 et
687 2557 973 2609 multorum
1005 2558 1223 2610 deorum
1255 2572 1491 2609 errorem
1540 2561 1849 2623 aversaturi,
1902 2568 1957 2612 ut
2007 2576 2123 2614 sese

606 2646 671 2698 ad
705 2647 1073 2698 universorum
1101 2646 1375 2697 Dominum
1399 2654 1797 2713 converterent;
1822 2650 2121 2703 necessario

605 2734 843 2801 prmcipit
867 2735 965 2795 eis,
999 2733 1087 2802 qui
1127 2748 1303 2786 rerum
1330 2735 1563 2787 omnium
1592 2736 1829 2803 opiﬁcem
1859 2740 2118 2802 noverint,

604 2834 663 2876 ut
690 2823 959 2876 immissos
993 2836 1023 2873 a
1062 2823 1306 2891 gentibus
1337 2823 1391 2875 in
1434 2823 1739 2879 inﬁdelitate
1780 2840 2125 2894 perseveran-

604 2914 747 2967 tibus
782 2922 1030 2975 terrores,
1080 2929 1368 2982 eorumque
1412 2916 1581 2968 minas
1610 2931 1714 2968 non
1753 2916 2115 2971 reformident.

603 3002 751 3056 Licet
778 3002 918 3056 enim
952 3002 1155 3055 inﬁnita
1185 3010 1367 3055 contra
1400 3018 1494 3057 vos
1535 3006 1858 3070 moliantur;
1895 3016 1947 3059 at
1988 3009 2119 3061 nihil

602 3092 659 3144 in
703 3092 866 3145 vestri
894 3093 1179 3158 perniciem
1204 3094 1420 3160 exsequi
1444 3094 1710 3148 valebunt.
1748 3097 1864 3165 lpse
1893 3112 2119 3165 namque

2229 1929 2329 1993 τὸς
2358 1927 2500 1992 εἷπε,
2524 1930 2619 1982 καὶ
2651 1928 3003 1997 ἐγενήθησαν·
3042 1929 3217 1995 αὐτὸς
3248 1929 3561 1983 ἐνετείλατο

2229 2017 2601 2084 ἐκτίσθησαν.

2295 2109 2502 2173 Κύριος
2526 2107 2875 2169 διασκεδάζει
2904 2109 3109 2174 βουλὰς
3160 2110 3350 2163 ἐθνῶν
3368 2150 3382 2175 ,
3449 2112 3562 2163 ἀθει

2228 2197 2546 2264 λογισμοὺς
2590 2199 2770 2261 λαῶν,
2834 2200 2921 2252 καὶ
2980 2200 3164 2253 ἀθετεῖ
3230 2199 3467 2265 βουλὰς
3530 2202 3565 2265 ἀ

2226 2304 2358 2338 των.
2405 2289 2547 2341 Ἐπεὶ
2600 2288 2835 2358 συνεώρα
2880 2289 2934 2339 τὸ
2985 2291 3318 2359 προφητικὸν
3372 2290 3562 2359 πνεῦμι

2210 2374 2406 2436 ολοντας
2434 2376 2744 2440 ἐξάπτεσθαι
2803 2378 3047 2445 διωγμοὺς
3094 2379 3245 2431 κατὰ
3276 2379 3388 2431 τῖον
3421 2381 3566 2449 avexi

2224 2481 2328 2516 των
2356 2465 2450 2533 μὲν
2468 2466 2562 2534 τῆς
2589 2465 2849 2535 προτέρας
2866 2466 3275 2535 δεισιδαιμονίας
3305 2470 3405 2522 καλ.
3430 2472 3562 2537 dii-to:

2228 2547 2397 2615 μένων
2417 2550 2511 2618 τὴν
2554 2550 2801 2601 πολύθεον
2851 2550 3061 2621 πλάνην,
3093 2554 3204 2606 ἐπὶ
3253 2556 3317 2607 δὲ
3358 2558 3453 2610 τον
3504 2560 3563 2611 τῦ

2223 2638 2419 2706 Κύριον
2446 2640 2880 2706 ἐπιστρεφόντων,
2927 2643 3243 2709 ἀναγκαίως
3292 2647 3409 2707 τῶν
3456 2651 3511 2700 ἐν

2226 2728 2509 2795 μεινάντων
2547 2728 2707 2781 ἐθνῶν
2765 2731 2884 2792 τοὺς
2912 2731 3099 2797 φόϐους
3130 2737 3242 2788 καὶ
3297 2735 3407 2799 τὰς
3461 2738 3564 2790 om:

2221 2816 2438 2868 δεδιέναι
2470 2817 2880 2885 παρακελεύεται
2912 2823 3018 2882 τοῖς
3052 2821 3164 2873 τῶν
3236 2824 3386 2879 ὅλων
3422 2846 3556 2897 ποιη

2221 2906 2496 2973 γνωκόσιν.
2528 2906 2639 2958 Κᾶν
2674 2906 2778 2977 γὰρ
2812 2908 2975 2979 μυρία
3002 2909 3125 2963 καθ’
3168 2912 3347 2982 ὑμῶν
3382 2917 3560 2969 ἐπιϐοε

2220 3012 2323 3047 ται·
2353 2995 2460 3047 ἀλλ’
2490 2996 2657 3059 οὐδὲν,
2693 2997 2869 3065 φησὶν,
2904 2998 3191 3066 ἱσχύσουσι
3226 3005 3363 3056 καθ’
3395 3007 3560 3076 ὑμῶν

2223 3100 2329 3136 σαι.
2360 3084 2524 3146 Αὐτὸς
2556 3084 2660 3153 γὰρ
2691 3086 2718 3135 ὁ
2762 3086 2978 3149 πάντων
3006 3087 3384 3161 δημιουργὸς
3417 3099 3526 3149 καλ.
3554 3104 3555 3109 ‘

602 3182 841 3234 omnium
873 3180 1047 3250 opifex
1088 3189 1140 3235 et
1186 3182 1460 3245 Dominus,
1495 3185 1559 3237 ad
1586 3200 1739 3252 quem
1783 3186 2095 3255 confugistis

2071 3204 2115 3250 δ’
2146 3165 2186 3221 C
2218 3174 2595 3242 προσεφύγετε,
2651 3173 2747 3236 τὰς
2778 3175 2897 3227 καθ’
2926 3177 3082 3244 ὑμῶν
3134 3181 3482 3249 ἐπιϐουλὰς
3548 3207 3559 3222 ε

601 3270 826 3325 insidias
858 3286 887 3322 a
915 3271 1162 3339 gentibus
1189 3287 1251 3325 ac
1285 3272 1584 3329 inﬁdelibus
1616 3277 1822 3343 populis
1849 3279 1997 3333 vobis
2028 3295 2120 3347 pa-

598 3364 761 3421 ratas,
815 3366 869 3411 et
919 3359 1267 3428 cogitationes
1315 3376 1498 3414 eorum
1542 3364 1694 3417 vobis
1742 3366 1992 3421 adversas
2038 3368 2116 3421 vel

598 3456 731 3500 nutu
783 3448 898 3501 solo
952 3448 1265 3515 dissipabit:
1315 3456 1367 3503 et
1422 3450 1706 3519 siquando
1764 3455 2022 3522 principes
2054 3470 2116 3508 ac

596 3554 747 3609 reges
800 3539 952 3593 vobis
1006 3550 1371 3605 succenseant,
1423 3550 1476 3594 at
1524 3543 1569 3595 is
1608 3544 1828 3597 consilia
1880 3545 2113 3612 ipsorum

598 3627 749 3681 irrita
796 3625 973 3687 faciet,
1007 3627 1286 3694 solumque
1313 3629 1429 3694 ejus
1464 3631 1741 3683 consilium
1774 3633 1828 3683 in
1859 3640 2111 3686 aeternum

597 3715 848 3768 manebit.
880 3713 1160 3768 Enimvero
1187 3717 1531 3785 cogitationes
1572 3721 1840 3787 sapientia:
1868 3725 1981 3791 ejus
2008 3740 2111 3777 non

596 3804 814 3874 perinde
852 3812 1010 3873 atque
1038 3806 1385 3875 cogitationes
1414 3808 1684 3862 hominum
1730 3811 1890 3865 irritm
1917 3821 2071 3866 erunt
2095 3833 2108 3867 :

595 3890 687 3946 sed
709 3891 909 3961 judicia
939 3893 1055 3960 ejus
1089 3903 1395 3962 permanent
1425 3897 1480 3949 in
1513 3899 1901 3965 generationem
1945 3909 1995 3954 et
2023 3918 2114 3970 ge-

594 3983 939 4036 nerationem.
971 3982 1330 4052 Cogitationes
1362 3988 1554 4055 quippe
1586 4004 1711 4043 suas
1750 3999 1986 4044 reservat
2020 3993 2112 4045 ho-

593 4072 825 4127 minibus
851 4088 908 4127 se
935 4074 1146 4142 dignis;
1177 4085 1227 4128 et
1254 4076 1377 4143 quia
1409 4077 1464 4128 in
1497 4078 1716 4146 singulis
1756 4082 2111 4147 generationi-

592 4163 693 4217 bus
747 4172 798 4217 et
851 4163 1127 4215 hominum
1182 4165 1651 4227 successionibus,
1705 4167 1917 4236 quidam
1963 4171 2107 4239 digni

592 4252 970 4320 reperiuntur,
1032 4253 1151 4321 jure
1197 4269 1259 4307 ac
1311 4255 1499 4308 merito
1561 4257 1757 4311 eisdem
1830 4262 2105 4325 cogitatio-

591 4356 684 4397 nes
737 4356 953 4396 servans
1014 4358 1170 4407 suas,
1230 4345 1375 4413 ipsas
1435 4345 1487 4399 in
1564 4346 1933 4416 generationes
1987 4365 2103 4403 om~

591 4443 687 4482 nes
717 4429 980 4493 producit.
1014 4431 1076 4484 Et
1131 4433 1243 4486 haec
1272 4447 1400 4487 sane
1459 4434 1583 4487 olim
1642 4436 1942 4505 pr0phetice
1968 4454 2104 4506 prae-

2130 4477 2178 4536 D

2218 3262 2438 3315 καὶτῶν
2489 3264 2724 3315 ἀπίστων
2755 3264 2918 3329 λαῶν,
2967 3268 3099 3328 τοὺς
3143 3272 3300 3323 καθ’
3337 3274 3513 3344 ὑμῶν

2214 3351 2291 3402 ἐνὶ
2322 3351 2540 3418 νεύματι
2568 3350 2919 3411 διασκεδάσει.
2956 3354 3023 3405 Ei
3081 3355 3144 3409 δὲ
3214 3363 3336 3413 καὶ
3401 3365 3561 3434 ἆρχο

2214 3441 2305 3490 καὶ
2337 3438 2565 3507 βασιλεῖς
2600 3440 2835 3510 μέλλοιεν
2883 3442 3011 3494 καθ’
3053 3444 3238 3512 ὑμῶν
3304 3450 3555 3515 seems

2212 3530 2300 3581 καὶ
2329 3528 2522 3579 τούτων
2553 3528 2795 3601 ἀθετήσει
2820 3530 3046 3598 βουλάς·
3089 3541 3426 3610 κρατήσει
3465 3544 3534 3597 δὲ

2209 3618 2298 3668 τοῦ
2330 3618 2485 3685 βουλὴ
2509 3620 2584 3679 εἰς
2627 3618 2713 3669 τὸν
2745 3620 2942 3681 αἰῶνα.
3010 3621 3201 3675 Ἀλλὰ
3276 3630 3400 3680 καὶ
3454 3634 3557 3701 τῆς

2209 3706 2449 3776 λογισμοὶ
2470 3705 2628 3759 αὐτοῦ
2657 3707 2751 3775 οὐχ
2787 3709 3004 3775 ὁμοίως
3066 3716 3207 3775 τοῖς
3278 3717 3561 3790 λογιςμ(

2210 3797 2433 3868 θρώπων
2462 3798 2819 3867 ἀθετήσονται·
2848 3803 3319 3872 παραμένουσι
3353 3812 3426 3863 δὲ
3454 3816 3558 3865 iam

2208 3892 2286 3951 είς
2315 3890 2499 3961 γενεὰν
2530 3889 2619 3941 καὶ
2653 3890 2862 3961 γενεάν.
2892 3892 3218 3949 Φυλόιττει.
3252 3902 3407 3973 γὰρ
3450 3908 3562 3957 τοὶ

2206 3979 2429 4047 γισμοὺς
2456 3981 2562 4039 τοῖς
2588 3979 2774 4030 ἑαυτοῦ
2800 3979 3019 4054 ἀξίοις
3066 3987 3189 4037 καὶ
3226 3990 3559 4064 ὲπειδήπι

2208 4085 2331 4136 στην
2354 4068 2537 4134 γενεὰν
2563 4070 2654 4121 καὶ
2676 4070 2934 4151 διαδοχὴν
2962 4074 3083 4126 ἀνθ
3097 4075 3377 4144 ρώπων
3410 4086 3493 4135 ei)
3508 4088 3564 4155 ρὶ

2204 4158 2360 4222 ἄξιοι,
2395 4159 2611 4221 εἰκότως
2657 4160 2866 4225 τούτοις
2925 4163 3166 4229 αὐτοῖς
3230 4170 3559 4245 διατηρεῖ

2202 4247 2503 4316 λογισμοὺς,
2530 4250 2605 4311 εἰς
2621 4248 2805 4315 γενεὰν
2823 4251 2933 4303 καὶ
2967 4254 3231 4319 γενεὰν
3283 4262 3566 4326 αὐτοὺς

2201 4336 2307 4393 Καὶ
2331 4336 2492 4389 ταῦτα
2521 4338 2612 4405 μὲν
2646 4337 2805 4401 πάλαι
2834 4340 3272 4409 προελέγετο
3318 4366 3564 4421 προφιτ

2200 4427 2254 4479 δὲ
2285 4427 2460 4487 αὐτοῖς
2489 4426 2582 4495 τὴν
2612 4426 2832 4479 ἔκϐασιν
2864 4429 3005 4482 τῶν
3045 4432 3307 4499 λόγων
3380 4444 3565 4511 in“;

589 4518 729 4570 dicta
780 4525 930 4583 sunt,
964 4520 1201 4589 ipsisque
1254 4523 1413 4577 rebus
1458 4525 1618 4592 gestis
1673 4541 1769 4580 nos
1816 4527 2082 4583 verborun

2064 4545 2097 4583 η
2130 4517 2175 4536 ν
2203 4533 2318 4585 μεν.
2352 4517 2483 4569 Ὅσα
2516 4517 2619 4585 γὰρ
2652 4520 3151 4589 ἐμηχανήσαντο
3207 4531 3440 4585 κατὰ
3514 4551 3557 4584 τ

588 4615 835 4660 eventum
861 4609 1187 4676 excepimus.
1219 4611 1429 4675 Quanta
1451 4615 1592 4667 enim
1623 4616 1876 4672 adversus
1916 4619 2099 4676 Eccle-

588 4697 720 4750 siam
770 4697 888 4766 ejus
935 4684 1223 4754 machinati
1281 4703 1424 4765 sint,
1476 4706 1660 4773 quales
1705 4711 2099 4776 persecutiones

587 4787 951 4851 excitaverint,
988 4789 1284 4857 cujusmodi
1304 4792 1525 4847 consilia
1548 4803 1730 4848 contra
1762 4812 1858 4850 nos
1886 4800 2099 4853 inierint

588 4875 850 4943 principes
885 4877 1042 4946 hujus
1072 4882 1271 4945 saeculi,
1320 4898 1416 4951 pro
1448 4885 1523 4937 rei
1570 4887 1824 4952 gravitate
1862 4891 2096 4942 enarrari

588 4964 805 5028 nequit:
839 4981 1008 5034 neque
1038 4972 1297 5023 reccnseri
1329 4986 1434 5039 quo
1475 4982 1629 5040 pacto
1663 4974 1771 5027 haec
1800 4978 1974 5028 omnia
2005 4994 2096 5044 per

587 5047 838 5102 virtutem
868 5051 958 5105 Dei
989 5055 1244 5124 dissipata
1281 5059 1474 5113 fuerint
1499 5079 1513 5126 ;
1539 5077 1711 5130 neque
1734 5072 1889 5117 aetate
1913 5076 2094 5119 nostra

588 5137 939 5202 solummodo,
975 5146 1063 5196 sed
1094 5161 1187 5212 per
1230 5149 1465 5216 singulas
1493 5153 1857 5219 generationes
1899 5168 1929 5205 a
1960 5164 2094 5207 tem-

586 5239 710 5292 pore
733 5227 897 5280 divini
927 5228 1211 5289 Salvatoris
1240 5239 1409 5290 nostri
1433 5239 1690 5313 adventus
1728 5242 1943 5310 impleta
1963 5245 2087 5297 sint.

652 5313 811 5370 Vsus.
848 5316 913 5369 12
943 5318 1074 5371 -15.
1136 5322 1297 5378 Beata
1358 5345 1477 5396 gens
1524 5329 1667 5398 cujus
1719 5340 1793 5384 est
1842 5332 2089 5386 Dominus

586 5400 721 5455 Deus
778 5406 906 5472 eius,
971 5410 1183 5476 populus
1232 5432 1377 5484 quem
1434 5420 1585 5489 elegit
1641 5424 1694 5475 in
1737 5423 2087 5479 hwreditatem

584 5488 703 5581 sibi.
731 5492 871 5581 ‘Olim
904 5496 1115 5563 quidem
1142 5515 1263 5567 pars
1310 5514 1467 5575 atque
1496 5488 1772 5566 haereditas
1812 5512 1926 5581 ejus
1974 5522 2090 5568 erat

585 5576 745 5670 Israel
779 5596 791 5629 :
839 5596 1019 5635 verum
1046 5587 1167 5654 quia
1198 5590 1248 5643 id
1287 5593 1373 5647 ille
1403 5600 1748 5668 contempsit,
1795 5576 1858 5654 ad
1905 5611 2086 5670 gentes

580 5668 750 5747 gratia
787 5673 1091 5727 transmissa
1138 5686 1236 5732 est.
1270 5680 1342 5734 De
1391 5686 1511 5739 caelo
1558 5690 1772 5757 respexit
1814 5668 2083 5762 Dominus,

2198 4606 2376 4667 αὐτοῦ,
2411 4606 2500 4663 καὶ
2527 4606 2734 4669 ὁποίους
2764 4609 2893 4661 καθ’
2945 4611 3177 4680 ἡμῶν
3251 4618 3566 4690 ἐπῆγεν,

2195 4696 2377 4758 ὁποίας
2398 4713 2454 4747 τε
2488 4695 2673 4764 βουλὰς
2700 4699 3199 4758 ἐϐουλεύσαντο
3295 4713 3379 4762 οἱ
3468 4716 3558 4785 ἄ(

2194 4788 2325 4848 ῶνος
2342 4785 2522 4839 τούτου
2547 4785 2664 4846 καθ’
2694 4789 2874 4856 ἡμῶν.
2914 4792 3064 4845 οὐκ
3145 4795 3381 4851 ἐστιν
3437 4805 3548 4857 ὲπ

2196 4876 2332 4929 σθαιε
2371 4876 2458 4926 καὶ⁹
2483 4875 2555 4937 ώς
2588 4876 2757 4929 ταῦτα
2788 4880 3019 4933 πάντα
3075 4885 3287 4940 Θεοῦ
3360 4893 3531 4947 δυνι

2192 4981 2360 5018 νυντο’
2396 4965 2483 5015 καὶ
2508 4966 2580 5027 ὡς
2601 4968 2699 5027 οὐκ
2740 4972 2824 5037 ἐφ’
2860 4972 2901 5041 ὴ
2914 4972 3086 5041 μῶν
3145 4978 3432 5047 μόνον,

2192 5070 2319 5121 στην
2343 5054 2526 5119 γενεὰν
2551 5055 2728 5125 ἔργοις
2751 5060 2956 5115 ταῦτα
2994 5066 3467 5139 ἐπληροῦτο

2188 5146 2284 5212 τῆς
2308 5142 2399 5200 τοῦ
2426 5144 2669 5216 Σωτῆρος
2699 5151 3090 5221 θηεοφᾳνείας
3137 5160 3470 5233 ἁρξάμε

2254 5338 2551 5408 Μακάρων
2577 5343 2644 5398 τὸ
2680 5350 2860 5417 ἔθνος
2897 5347 3003 5406 οὗ
3083 5353 3353 5411 ἐστιν
3393 5365 3441 5414 ὀ

2186 5429 2395 5492 αὐτοῦ,
2450 5434 2598 5500 λαὸς
2670 5440 2748 5496 ὃν
2811 5440 3266 5505 ἐξελέξατο
3359 5453 3424 5502 ε)

2185 5515 2385 5609 ἐαυτῷ.
2426 5520 2599 5575 Πάλαι
2624 5529 2730 5596 μὲν
2762 5534 2875 5604 γὰρ
2911 5527 3010 5602 ἦν
3068 5534 3395 5609 Ἰσραὴλ

2186 5606 2404 5699 ρονομία
2432 5612 2615 5665 αὐτοῦ·
2671 5622 2790 5677 ἀλλ’
2823 5625 2980 5677 ἐπεὶ
3056 5606 3396 5699 ἡθέτηέςε

2183 5694 2337 5765 χάρις
2369 5699 2457 5749 ἐπὶ
2480 5701 2546 5754 τὰ
2575 5703 2736 5785 ἔθνη,
2782 5717 2893 5782 Ἐξ
2949 5694 3331 5786 οὺρανοῧ
