3782 6306
124 402 234 462 ess

126 530 276 584 ρως,
295 510 382 565 etas
404 501 596 565 πάντας
615 493 749 559 τοὺς
775 495 989 567 υἱοὺς
1028 512 1180 567 τῶν·
1229 519 1559 586 ἀνθρώπων.
1596 516 1689 579 Ἐξ
1718 519 1763 575 Α

137 605 346 673 ἑτοίμου
392 586 794 657 κατοικητηρίου
888 595 1132 655 αὐτοῦ
1212 608 1537 675 ἐπέϐλεψεν
1594 606 1688 658 ἐπὶ

139 694 343 755 πάντας
359 688 472 751 τοὺς
492 678 916 747 κατοικοῦντας
954 688 1107 757 τὴν
1169 698 1308 765 γῆν.
1343 700 1404 751 '0
1457 696 1691 760 πλάσας

140 784 431 854 καταμόνας
462 777 553 841 τὰς
588 770 830 839 καρδίας
912 781 1185 851 αὐτῶν,
1224 792 1256 841 ό
1311 790 1535 852 συνιεὶς
1594 787 1691 839 ἐπὶ

136 875 321 927 πάντα
344 873 404 925 τὰ
425 870 541 937 ἔργα
571 862 774 919 αὐτῶν·
821 862 968 919 Ἵνα.
1033 876 1273 947 ’γνῶμεν
1327 878 1439 939 πῶς
1487 876 1689 945 ὑπέστη

132 960 591 1032 τὺμοκαριζόμενον
620 953 787 1015 ἔθνος,
828 955 946 1007 καὶ
1012 963 1199 1016 πόθεν
1255 964 1437 1035 annm
1470 964 1565 1031 τὴν
1595 963 1688 1019 σύή

131 1067 326 1103 στασιν
355 1050 500 1109 ὀλοὸς
520 1046 567 1097 ὃν
606 1039 890 1109 ἐξελέξατο
942 1051 1041 1113 εἰς
1092 1054 1453 1126 κληρονομίαν
1496 1060 1686 1129 ἐαυτῷ,

126 1138 428 1202 ἀκολούθως
448 1138 670 1197 διδάσκει,
696 1134 767 1195 ὼς
798 1134 921 1205 ἄρα
961 1142 1148 1206 αὐτὸς
1196 1149 1223 1198 ὁ
1273 1147 1468 1217 Κύριος
1488 1150 1689 1212 πάντας

126 1229 259 1289 τοὺς
295 1230 431 1289 υἱοὺς
448 1227 537 1279 τῶν
561 1223 848 1295 ἀνθρώπων
875 1229 1025 1291 τοὺς
1058 1237 1439 1299 κατοικοῦντας
1466 1238 1559 1308 τὴν
1587 1240 1687 1308 γῆν

128 1318 563 1387 ἐπισκεψάμενος,
604 1315 659 1379 εξ
684 1314 951 1370 ἁπάντων
980 1322 1200 1375 τούτων
1247 1328 1600 1396 συνεστήσατο
1629 1331 1687 1381 τὸ

128 1407 412 1477 προλεχθὲν
461 1408 622 1471 ἔθνος,
675 1408 765 1459 καὶ
811 1407 909 1460 τὸν
963 1415 1364 1483 προειρημένον
1415 1417 1570 1480 λαὸν,
1625 1420 1684 1470 οὐ

127 1498 380 1560 διακόνοις
401 1501 600 1571 ἑτέροις
620 1499 983 1570 κεχρημένος.
1024 1504 1170 1556 Ἀντὶ
1196 1506 1249 1556 δὲ
1272 1506 1381 1557 τοῦθ
1408 1506 1505 1570 Ἐξ
1536 1509 1680 1560 ἑτοί-

120 1603 242 1653 μου
290 1587 727 1654 κατοικητηρίου
772 1587 996 1650 αὐτοῦ,
1047 1592 1075 1641 ὁ
1129 1591 1223 1658 μὲν
1266 1590 1509 1654 Ἀκύλας,
1568 1592 1683 1643 ἀπὸ

122 1673 492 1741 ἐδράσματος
548 1676 829 1742 καθέδρας
896 1679 1113 1740 αὑτοῦ,
1160 1681 1516 1749 ἡρμήνευσεν·
1562 1683 1590 1732 ὁ
1628 1681 1686 1732 δὲ

122 1763 429 1832 Σύμμαχος,
464 1765 583 1819 ἀπὸ
609 1766 780 1833 ἕδρας
800 1770 1116 1833 κατοικίας
1137 1771 1317 1822 αὑτοῦ
1339 1769 1681 1837 ἐπέϐλεψεν.

132 1852 184 1902 ὐ
214 1852 268 1903 δὲ
290 1852 467 1920 Λόγος
494 1853 659 1906 αὐτοῦ
708 1855 802 1923 τὴν
838 1856 1115 1924 σωτηρίαν
1138 1855 1413 1907 διεκονεῖτο
1442 1833 1677 1917 τοῖς-σω·
1714 1833 1756 1885 Β

117 1939 377 2008 ζομένοις·
451 1943 799 1995 Ἀπέστειλε
846 1944 959 2013 γὰρ
988 1944 1095 1996 τὸν
1130 1947 1313 2012 λόγον
1352 1944 1532 1997 αὑτοῦ
1584 1946 1679 1997 καὶ

116 2027 322 2083 ἰάσατο
355 2032 605 2097 αὐτοὺς,
638 2034 733 2085 καὶ
759 2035 1051 2100 ἐρρύσατο
1079 2035 1290 2099 αὐτοὺς
1312 2035 1377 2086 ἐκ
1406 2034 1518 2086 τῶν
1557 2034 1679 2085 δια-

112 2118 351 2184 ςθορῶν
375 2120 595 2172 αὐτῶν.
631 2120 729 2173 Διὰ
760 2122 811 2173 τί
838 2120 896 2172 δὲ
926 2120 985 2183 ἐξ
1015 2121 1238 2190 οὐρανοῦ
1272 2120 1524 2188 ἐπέϐλεψε
1565 2120 1677 2171 Κύ-

115 2227 248 2277 ριος,
280 2212 383 2261 καὶ
409 2211 459 2262 τί
480 2211 545 2262 τὸ
566 2211 740 2263 αἴτιον
760 2210 852 2261 τοῦ
881 2207 1211 2275 καταξιῶσαι
1238 2212 1334 2280 τῆς
1353 2210 1538 2263 ἑαυτοῦ
1562 2212 1680 2262 ἐπι-ι

112 2302 320 2367 σκοπῆς
357 2302 565 2363 πάντας
594 2302 723 2362 τοὺς
747 2302 897 2363 υἱοὺς
936 2301 1042 2352 τῶν
1075 2301 1386 2371 ἀνθρώπων,
1420 2303 1678 2372 παρίστη-

115 2401 189 2436 σιν
217 2385 355 2454 ἑξῆς
395 2386 589 2452 λέγων·
641 2386 704 2437 '0
754 2386 999 2450 πλάσας
1046 2390 1375 2454 καταμόνας
1408 2389 1511 2453 τὰς
1541 2406 1678 2455 καρ-

112 2474 232 2538 δίας
252 2474 486 2527 αὐτῶνθ
520 2474 639 2527 ἀνθ’
667 2470 727 2528 οὗ
757 2476 785 2525 ό
842 2475 1131 2543 Σύμμαχός
1176 2493 1351 2544 φησιν·
1397 2477 1456 2527 ’0
1484 2477 1675 2529 πλάσ-

110 2578 223 2614 σων
255 2566 617 2631 καταμόνας
639 2563 911 2629 ἑκάστην
944 2563 1187 2629 καρδίαν
1226 2563 1436 2617 αὐτῶν.
1480 2566 1541 2616 Εἰ
1582 2567 1675 2634 μὲν

110 2653 203 2722 γὰρ
223 2654 439 2722 ὁμοίως
463 2656 579 2715 τοῖς
640 2654 857 2721 ἀλόγοις
917 2651 1071 2715 ζώοις
1100 2654 1190 2705 καὶ
1232 2654 1319 2704 τὸν
1348 2653 1675 2723 ἀνθρώπινον

109 2741 219 2794 νοῦν
247 2744 485 2812 inpiam,
522 2743 675 2795 οὐδὲν
726 2740 795 2812 ἦν
848 2744 1137 2808 ἀναγκαῖον
1182 2742 1485 2794 ἐπιϐλέπειν
1518 2745 1674 2801 αὐτὸν

110 2831 189 2884 ἰπὶ
216 2850 343 2895 τους
365 2834 527 2895 υἱοὺς
576 2831 688 2883 τῶν
746 2830 1064 2901 ἀνθρώπων·
1120 2834 1229 2901 ἀπή
1238 2849 1353 2902 ρκει
1378 2832 1481 2903 γὰρ
1504 2835 1535 2902 ἡ
1557 2835 1672 2886 καθ’

110 2922 214 2974 δλου
244 2926 483 2995 πρόνοια
516 2924 737 2977 πάντων
768 2921 827 2985 ἐξ
889 2921 1000 2974 ἴσου
1050 2924 1433 2993 προνοουμένη
1463 2926 1576 2977 νυνὶ
1596 2926 1671 2987 δὲ,

109 3014 396 3085 ἐπειδήπερ
422 3011 712 3083 ἐξαίρετός
738 3029 821 3074 τις
850 3012 1004 3069 οὐσία
1044 3011 1324 3081 ἀνθρώπου
1353 3012 1514 3081 ψυχὴ,
1558 3014 1674 3065 ἐπεὶ

110 3104 220 3171 περὶ
300 3104 479 3172 μόνου
568 3100 858 3170 ἀνθρώπου
936 3101 1339 3170 μεμαρτύρηται
1404 3099 1668 3169 εἰρηκώς’

110 3156 457 3263 Πόιήσωμεν
496 3156 817 3258 ἄνθρωπον·
859 3156 982 3241 κατ’
1008 3156 1210 3240 eludi-(.2
1240 3156 1541 3257 ’ἡμετέραις
1578 3156 1673 3240 καὶ
1702 3156 1747 3216 C

109 3285 222 3333 καθ’
270 3284 600 3351 ὁμοίωσιν
654 3278 753 3338 καὶ
808 3278 1089 3342 ἐποίησεν
1132 3280 1163 3328 ὁ
1196 3277 1405 3341 Κύριος
1451 3276 1553 3327 τὸν
1578 3276 1676 3328 ἄν·

106 3374 340 3436 θρωπον
364 3369 505 3423 κατ’
530 3367 739 3420 εἰκόνα
756 3364 899 3418 Θεοῦ
914 3364 1196 3428 ἐποίησεν
1219 3366 1417 3415 αὐτόν’
1435 3364 1672 3427 εἰκότως,

102 3460 165 3521 ὡς
190 3461 254 3513 ἂν
280 3464 389 3531 τῆς
428 3456 629 3512 ἑαυτοῦ
664 3456 867 3517 εἰκόνος
897 3455 1157 3525 προνοῶν,
1184 3454 1250 3516 ἐξ
1268 3454 1517 3521 οὐρανοῦ
1547 3454 1676 3505 ἐπέ-

103 3550 277 3615 ϐλεψε
310 3549 421 3601 καὶ
465 3543 593 3599 εἶδε
644 3543 875 3608 πάντας
914 3543 1052 3607 τοὺς
1100 3543 1267 3606 υἱοὺς
1296 3541 1412 3595 τῶν
1460 3543 1674 3608 ἀνθρὼ-

103 3650 240 3689 πων.
282 3639 351 3693 ὐ
416 3635 483 3704 δὴ
535 3631 812 3701 παριστὰς
857 3634 884 3683 ὁ
936 3630 1123 3701 παρὼν
1166 3631 1318 3696 λόγος
1368 3630 1544 3699 φησίν
1614 3631 1674 3681 '0

104 3723 400 3778 πλάσσων
437 3724 788 3789 καταμόνας
815 3721 919 3785 τὰς
971 3720 1215 3787 καρδίας
1259 3718 1470 3772 αὐτῶνθ
1515 3736 1676 3770 κατα-

111 3815 264 3880 μόνας
294 3816 353 3867 δὲ
402 3815 626 3883 εἴρηται
670 3812 791 3873 ἀντὶ
841 3810 964 3876 τοῦ,
1019 3810 1406 3879 ἀφωρισμένως
1443 3809 1587 3879 παρὰ
1609 3810 1673 3863 τὰ

108 3902 257 3955 λοιπὰ
278 3905 421 3968 ζῶα.
446 3903 703 3971 Καρδίας
728 3901 783 3952 δὲ
806 3901 975 3968 λέγων
1007 3903 1129 3961 τοὺς
1157 3900 1439 3969 λογισμοὺς
1466 3900 1669 3970 ἐδήλου,

106 3994 193 4044 καὶ
217 3996 297 4047 ὅτι
323 3992 739 4063 ἀφωρισμένως
763 3991 989 4055 ἕκαστος
1038 3989 1316 4058 ἄνθρωπος
1357 3989 1538 4058 ὥσπερ
1578 4006 1673 4042 τα-

109 4087 267 4151 μιεῖον
296 4082 810 4150 ἁποκεκλεισμένον
840 4077 1068 4147 ἕχειξτὴν
1095 4078 1282 4141 ἑαυτοῦ
1315 4078 1563 4141 διάνοιαν,
1598 4076 1671 4141 ὡς

110 4176 303 4245 μηδένα
329 4178 597 4231 δύνασθαι
628 4174 847 4242 ἑτέρους
899 4168 1329 4239 καταλαμϐάνειν
1365 4167 1666 4236 λογισμούς.

109 4266 309 4331 Οὐδεὶς
340 4267 492 4335 γοῦν
548 4263 717 4316 οἶδεν
744 4260 1070 4327 ἀνθρώπων
1108 4258 1179 4310 τὰ
1207 4258 1309 4310 τοῦ
1343 4255 1668 4324 ἀνθρώπου,

108 4357 151 4406 si
170 4357 255 4423 μὴ
274 4358 344 4409 τὸ
371 4357 613 4422 πνεῦμα
650 4351 759 4404 τοῦ
790 4349 1104 4416 ἀνθρώπου
1160 4347 1223 4399 τὸ
1260 4348 1328 4399 ἐν
1354 4347 1526 4411 αὐτῷ.
1582 4348 1671 4399 Διὸ

106 4446 227 4514 ’περὶ
257 4448 420 4515 μόνου
449 4445 545 4498 τοῦ
583 4444 837 4510 Σωτῆρος
876 4439 1034 4509 ἡμῶν
1076 4438 1155 4499 εἰς
1201 4437 1533 4506 παράστασιν
1573 4438 1671 4519 τῆς

103 4532 264 4583 αὑτοῦ
310 4534 564 4602 θεότητος
594 4529 835 4593 ἐλέγετο·
866 4523 1062 4586 Αὐτὸς
1099 4522 1208 4589 γὰρ
1259 4523 1387 4590 ᾔδει
1425 4527 1479 4576 τί
1509 4521 1584 4593 ἦν
1606 4526 1673 4578 ἐν

102 4617 185 4681 τῷ
220 4619 516 4685 ἀνθρώπῳ·
574 4616 675 4670 καὶ
730 4613 915 4665 πάλιν·
978 4609 1257 4673 Εἰδὼςδὲ
1298 4610 1438 4675 τοὺς
1473 4612 1670 4665 διαλο-

105 4691 599 4777 γισμοὺςαὺτῶν.
632 4705 808 4758 Τοῦτο
834 4704 892 4763 δὲ
924 4702 1023 4753 καὶ
1057 4702 1113 4750 ὲν
1139 4701 1247 4761 τοῖς
1299 4704 1673 4771 προκειμένοις

109 4799 444 4868 παρίσταται·
479 4800 625 4870 μετὰ
674 4795 784 4864 γὰρ
830 4793 911 4844 τό⁹
962 4790 1027 4841 Ὃ
1075 4788 1310 4853 πλάσας
1344 4794 1673 4859 καταμόνας

111 4887 201 4950 τὰς
224 4887 464 4955 καρδίας
482 4886 713 4947 αὐτῶν,
745 4882 1022 4949 συνῆπται
1050 4878 1128 4929 τόδ
1161 4879 1220 4929 '0
1248 4880 1468 4943 συνιεὶς
1482 4881 1673 4936 πάντα

1250 397 1734 459 COMMENTARIA
1772 398 1839 453 ΙΝ
1874 399 2202 456 PSALMOS.

3209 406 3310 463 286

1789 518 1915 570 vidit
1959 535 2130 572 omnes
2174 519 2310 585 ﬁlios
2343 518 2625 572 hominum.
2688 520 2765 573 De
2793 530 3081 589 prwparato
3110 522 3309 576 habita-

1789 607 1904 657 culo
1943 622 2035 659 suo
2069 607 2287 672 respexit
2321 621 2471 672 super
2497 623 2668 659 omnes
2700 609 2787 675 qui
2823 608 3055 662 habitant
3097 620 3309 664 terram.

1791 693 1892 757 Qui
1938 695 2089 762 ﬁnxit
2133 696 2404 763 sigillatim
2458 696 2617 748 corda
2666 712 2843 749 eorum
2872 738 2886 763 ,
2940 699 3027 766 qui
3072 699 3311 768 intelligit

1790 780 1962 836 omnia
2002 795 2157 847 opera
2208 797 2404 833 eorum.
2452 779 2520 836 Ut
2567 782 2798 836 sciamus
2827 799 2933 853 quo
2963 793 3116 853 pacto
3159 801 3311 855 gens,

1788 881 1905 935 quas
1951 868 2104 930 beata
2149 871 2488 939 prtedicatur,
2525 873 2811 925 constituta
2853 873 3031 937 fuerit,
3078 883 3131 928 et
3175 877 3315 931 unde

1787 958 2042 1014 collectus
2072 960 2233 1013 fuerit
2256 960 2484 1028 populus
2517 960 2606 1014 ille
2635 976 2791 1029 quem
2828 961 2985 1029 elegit
3012 963 3065 1014 in
3088 962 3313 1016 haeredi-

1790 1053 1954 1100 tatem
1986 1049 2127 1114 sibi;
2159 1057 2551 1118 consequenter
2578 1049 2753 1114 docet,
2794 1051 2884 1118 qui
2912 1051 3023 1118 ipse
3060 1051 3314 1105 Dominus

1786 1151 1908 1189 cum
1957 1152 2143 1191 omnes
2194 1139 2333 1192 ﬁlios
2390 1139 2661 1191 hominum
2709 1139 2798 1207 qui
2844 1139 3085 1192 habitant
3116 1146 3313 1192 terram

1786 1228 2096 1295 respiceret,
2125 1243 2189 1281 ex
2236 1230 2302 1287 iis
2346 1229 2594 1285 omnibus
2637 1229 2942 1297 praedictam
2970 1239 3178 1300 gentem
3211 1228 3313 1284 sibi

1772 1313 2054 1381 .selegerit,
2090 1329 2300 1368 necnon
2329 1326 2679 1369 memoratum
2718 1317 3003 1383 populum,
3041 1331 3147 1369 non
3195 1318 3314 1370 aliis

1785 1418 1944 1471 quam
1982 1405 2228 1471 superius
2253 1420 2383 1459 usus
2416 1406 2703 1477 ministris.
2744 1405 2847 1473 Pro
2881 1407 2972 1459 illo
3004 1414 3202 1473 autem,
3236 1407 3313 1462 De

1782 1503 2074 1559 praeparato
2118 1494 2412 1548 habitacqu
2462 1512 2591 1559 suo,
2635 1498 2847 1565 Aquila,
2894 1515 2927 1550 a
2967 1499 3313 1559 stabilimenta

1783 1582 1917 1636 sedis
1952 1600 2079 1645 suae,
2107 1584 2486 1654 interpretatus
2515 1594 2597 1641 est
2624 1604 2638 1652 ;
2688 1587 3037 1657 Symmachus
3060 1598 3256 1658 autem,
3280 1611 3315 1647 a

1783 1671 1898 1723 sede
1926 1671 2261 1725 habitationis
2297 1690 2405 1727 sua:
2437 1676 2675 1741 respexit.
2713 1674 2943 1741 Verbum
2973 1687 3151 1735 autem
3197 1680 3318 1749 ejus~

1786 1760 2010 1819 salutem
2034 1760 2101 1811 iis
2130 1761 2219 1827 qui
2248 1763 2519 1829 accepturi
2542 1770 2693 1831 erant
2724 1764 3159 1820 administrabat:
3189 1783 3314 1825 nam

1783 1844 1922 1895 misit
1948 1844 2150 1896 verbum
2182 1862 2333 1897 suum
2375 1856 2421 1899 et
2451 1851 2652 1901 sanavit
2683 1868 2787 1915 eos,
2834 1860 2881 1909 et
2908 1854 3093 1919 eripuit
3135 1871 3220 1908 eos
3251 1854 3315 1922 de

1784 1934 2162 1988 interition‘ibus
2190 1952 2366 1988 eorum
2392 1938 2433 1991 ⁸.
2468 1937 2577 1991 Cur
2612 1951 2788 1994 autem
2819 1940 2884 1995 de
2916 1945 3053 1997 uelo
3078 1946 3314 2013 respexit

1783 2022 2060 2088 Dominus,
2094 2034 2147 2081 et
2178 2042 2295 2094 quae
2328 2042 2492 2081 causa
2567 2028 2728 2083 fuerit
2759 2032 2899 2098 quod
2944 2049 3130 2089 omnes
3175 2036 3313 2090 ﬁlios

1784 2113 2057 2167 hominum
2083 2115 2392 2170 visitatione
2420 2133 2516 2170 sua
2537 2120 2867 2187 dignaretur,
2896 2122 3129 2177 declarat
3160 2126 3312 2177 dein-

1781 2218 1906 2272 ceps
1942 2206 2023 2257 his
2066 2206 2277 2259 verbis:
2322 2208 2424 2270 Qui
2449 2209 2601 2275 ﬁnxit
2629 2210 2897 2278 sigillatim
2930 2213 3088 2267 corda
3110 2230 3308 2280 eorum;

1780 2310 1875 2363 pro
1886 2310 1991 2363 quo
2007 2295 2355 2365 Symmachus
2370 2299 2544 2361 habet,
2563 2300 2664 2367 Qui
2675 2302 2820 2369 ﬁngit
2839 2304 3104 2370 sigillatim
3126 2321 3311 2367 unum-

1778 2382 2007 2450 quodque
2034 2399 2120 2434 cor
2143 2400 2340 2439 eorum.
2366 2386 2420 2437 Si
2448 2386 2591 2449 enim
2614 2388 2903 2455 humanam
2932 2402 3158 2446 mentem
3187 2391 3305 2461 pari

1780 2480 1936 2539 atque
1967 2475 2214 2529 animalia
2246 2477 2401 2529 bruta
2428 2478 2633 2532 ratione
2663 2480 3049 2546 constituisset,
3088 2498 3311 2549 necesse

1779 2561 2016 2629 profecto
2038 2579 2144 2616 non
2163 2574 2279 2618 erat
2297 2567 2467 2634 ipsum
2500 2569 2763 2636 reSpicere
2792 2584 2949 2638 super
2979 2572 3114 2627 tilios
3135 2573 3310 2637 homi-

1778 2667 1940 2715 num;
1992 2652 2253 2706 sulliceret
2290 2654 2430 2706 enim
2477 2656 2793 2710 universalis
2823 2658 2907 2709 illa
2958 2660 3308 2727 providentia,

1779 2740 2024 2793 omnibus
2073 2741 2350 2808 :equaliter
2387 2744 2741 2810 prospiciens.
2781 2746 2934 2799 Nunc
2977 2757 3151 2801 autem
3185 2751 3315 2817 quia

1778 2828 2083 2895 prazcellens
2107 2830 2349 2897 quaedam
2386 2831 2684 2885 substantia
2718 2841 2800 2887 est
2834 2836 3010 2888 anima
3057 2837 3309 2902 hominis,

1777 2918 2203 2986 quandoquidem
2224 2920 2288 2972 de
2310 2920 2423 2972 solo
2438 2921 2649 2974 homine
2668 2921 2992 2977 declaratum
3013 2927 3311 2989 est,Facia-

1777 3022 1889 3060 mus
1916 3007 2166 3061 hominem
2186 3011 2252 3061 ad
2275 3011 2547 3079 imaginem
2565 3021 2612 3063 et
2633 3013 3020 3067 similitudinem
3048 3026 3275 3070 nostram
3296 3032 3314 3067 :

1777 3104 1823 3146 et
1855 3095 1975 3162 fecit
2006 3097 2141 3150 Deus
2166 3098 2413 3151 hominem
2434 3116 2451 3151 :
2478 3100 2544 3151 ad
2564 3101 2935 3170 imaginemDei
2958 3105 3075 3171 fecit
3093 3106 3239 3159 illum
3257 3109 3312 3165 ';

1776 3184 1897 3252 jure
1947 3187 2195 3255 imaginis
2243 3189 2331 3241 ille
2397 3204 2506 3241 suae
2546 3191 2927 3258 providentiam
2977 3208 3206 3262 gerens,
3249 3196 3313 3250 de

1780 3279 1903 3328 caelo
1938 3278 2154 3343 respexit
2200 3286 2248 3330 et
2291 3276 2415 3329 vidit
2454 3294 2624 3330 omnes
2657 3280 2794 3345 ﬁlios
2843 3280 3125 3337 hominum.
3159 3284 3310 3347 Quod

1780 3364 1866 3418 his
1924 3366 2101 3419 verbis
2158 3365 2214 3417 in
2269 3368 2519 3433 praesenti
2564 3370 2959 3434 pronuntiatur,
3016 3370 3116 3433 Qui
3160 3374 3311 3441 ﬁngit

1779 3454 2048 3521 sigillatim
2093 3454 2249 3507 corda
2284 3472 2496 3520 eorum;
2543 3456 2805 3524 sigillatim
2830 3458 3029 3512 dictum
3058 3468 3137 3514 est
3157 3462 3310 3529 quasi

1780 3542 2063 3610 separatim
2105 3550 2157 3595 et
2196 3558 2437 3595 seorsum
2476 3558 2505 3595 a
2544 3544 2765 3612 reliquis
2794 3546 3129 3602 animalibus.
3174 3548 3309 3602 Dum

1779 3636 1952 3683 autem
1985 3629 2145 3680 corda
2181 3638 2516 3694 memoraret,
2560 3632 2908 3699 cogitationes
2956 3636 3307 3702 signiﬁcavit:

1779 3718 1902 3787 quia
1967 3718 2188 3786 quilibet
2234 3718 2391 3770 homo
2436 3734 2677 3779 seorsum
2723 3729 2952 3774 mentem
3011 3740 3162 3778 suam
3211 3741 3311 3781 ceu

1776 3807 2170 3874 receptaculum
2228 3807 2499 3862 occlusam
2554 3808 2747 3872 habet,
2793 3818 2851 3861 ut
2888 3827 3043 3865 nemo
3092 3815 3311 3869 alterius

1776 3898 2129 3965 cogitationes
2196 3897 2591 3967 deprehendere
2654 3900 2844 3954 valeat.
2906 3901 3099 3956 Nullus
3153 3907 3309 3973 igitur

1776 3985 2037 4038 hominum
2064 3987 2202 4039 novit
2229 4003 2342 4055 qua:
2369 3997 2489 4039 sunt
2514 3987 2756 4049 hominis,
2778 3991 2880 4043 nisi
2911 3992 3123 4057 spiritus
3150 3994 3312 4047 homi-

1776 4078 1856 4130 nis
1886 4077 1972 4145 qui
1995 4088 2067 4129 est
2095 4080 2145 4129 in
2172 4080 2277 4145 ipso
2302 4082 2341 4131 °.
2360 4077 2534 4143 Quare
2559 4077 2623 4131 de
2655 4079 2768 4133 solo
2803 4079 3075 4135 Salvatore
3101 4092 3306 4149 nostro,

1776 4169 1842 4230 ad
1874 4170 2283 4223 declarationem
2304 4170 2420 4237 ejus
2437 4169 2679 4234 Deitatis,
2708 4171 3002 4235 dicebatur,
3026 4173 3147 4241 Ipse
3172 4178 3307 4230 enim

1776 4260 1967 4311 sciebat
1996 4259 2116 4327 quid
2156 4269 2283 4311 esset
2328 4260 2381 4310 in
2417 4261 2695 4325 homine";
2734 4276 2794 4314 ac
2822 4277 3034 4314 rursum
3069 4282 3081 4316 :
3127 4263 3306 4319 Sciens

1774 4349 2106 4417 cogitationes
2154 4348 2361 4409 illorum
2382 4350 2420 4401 ⁸.
2452 4347 2563 4401 Hoc
2595 4350 2716 4402 item
2748 4351 2801 4403 in
2828 4353 3076 4418 praesenti
3129 4355 3308 4408 decla-

1774 4447 1886 4492 rat:
1915 4445 2031 4507 post
2067 4437 2197 4491 illud
2230 4439 2395 4505 enim,
2419 4438 2521 4502 Qui
2543 4439 2695 4505 ﬁnxit
2725 4440 2994 4508 sigillatim
3026 4443 3184 4496 corda
3220 4459 3307 4498 eo-

1774 4541 1889 4584 rum
1908 4565 1922 4588 ,
1959 4524 2171 4577 additur
2193 4524 2312 4588 hoc,
2345 4524 2445 4588 Qui
2470 4525 2708 4593 intelligit
2725 4527 2899 4579 omnia
2928 4542 3081 4594 opera
3107 4547 3301 4586 eorum.

1776 4615 1893 4682 Ipse
1919 4628 2149 4681 namque
2178 4613 2322 4667 solus
2353 4613 2597 4681 intelligit
2622 4629 2685 4667 ex
2719 4615 3017 4683 cujusmodi
3046 4620 3306 4675 electione

1774 4701 2070 4763 voluntatis
2115 4702 2391 4755 hominum
2450 4716 2609 4779 opera
2665 4703 2914 4769 edantur,
2964 4718 3085 4758 cum
3127 4708 3305 4761 nullus

1776 4793 1915 4857 alius
1953 4793 2245 4861 intelligere
2281 4799 2440 4861 queat
2468 4807 2532 4844 ex
2566 4792 2865 4859 cujusmodi
2906 4794 3200 4864 proposito,
3240 4810 3306 4849 ex

1776 4901 1883 4954 quo
1908 4892 2051 4936 motu
2074 4880 2365 4933 voluntatis
2386 4880 2562 4946 quivis
2593 4880 2865 4934 hominum
2894 4891 3011 4951 agat
3029 4896 3146 4948 quae
3173 4882 3310 4951 agit,

108 4974 169 5025 τά
185 4974 324 5041 ἔργα
350 4976 565 5033 αὐτῶν,
596 4972 783 5031 Μόνος
810 4967 922 5035 γὰρ
952 4966 1117 5027 αὐτὸς
1147 4966 1374 5034 συνίησιν
1403 4969 1461 5033 ἐξ
1492 4973 1680 5039 ὁποίας
1714 4972 2075 5048 προαιρέσεως
2103 4967 2170 5022 τὰ
2197 4968 2301 5019 τῶν
2325 4966 2619 5035 ἀνθρώπων
2644 4968 2777 5037 ἔργα
2822 4969 3161 5034 ἐπιτελεῖται,
3201 4989 3307 5043 μη.

111 5058 243 5121 δενὸς
264 5062 418 5114 ἄλλου
442 5060 756 5130 δυναμένου
789 5055 1035 5106 συνιέναι
1069 5054 1194 5121 ποίᾳ
1217 5054 1450 5123 προθέσει
1476 5062 1572 5110 καὶ
1600 5066 1760 5138 ὁποίᾳ
1788 5066 1927 5134 ὁρμῇ
1951 5061 2169 5120 ἕκαστος
2194 5056 2297 5108 τῶν
2324 5054 2616 5125 ἀνθρώπων
2645 5058 2918 5125 πράττειᾶ
2952 5058 3197 5129 πράττει.

174 5155 253 5204 Οὐ
281 5154 510 5214 σώζεται
551 5148 873 5216 ,βασιλεὺς
897 5146 1003 5198 διὰ
1029 5145 1262 5212 πολλὴν
1280 5147 1540 5217 δύναμιν,
1566 5156 1667 5209 καὶ

116 5242 268 5308 γίγας
316 5247 382 5297 οὐ
416 5242 775 5306 σωθήσεται
832 5238 905 5288 ἐν
942 5234 1161 5301 πλήθει
1208 5236 1398 5300 ἰσχύος
1447 5245 1663 5299 αὐτοῦ.

117 5330 329 5397 Ψευδὴς
351 5334 532 5398 ἵππος
566 5332 664 5394 εἰς
697 5325 1036 5390 σωτηρίαν·
1079 5324 1144 5375 ἐν
1174 5322 1234 5373 δὲ
1251 5324 1443 5390 πλήθει
1469 5332 1667 5385 δυνά-

115 5432 243 5481 μεως
279 5422 449 5475 αὐτοῦ
509 5420 592 5470 οὐ
656 5410 1036 5474 σωθήσεται.
1101 5408 1230 5461 Ἰδοὺ
1275 5415 1321 5463 οἱ
1364 5414 1669 5486 ὀφθαλμοὶ

112 5508 299 5572 Κυρίου
341 5512 429 5563 ἐπὶ
454 5506 615 5569 τοὺς
639 5500 1075 5570 φοϐουμένους
1105 5498 1284 5561 αὑτὸν,
1316 5502 1442 5568 τοὺς
1474 5509 1666 5562 ἐλπί.

183 5702 341 5761 ‘i’sal.
369 5722 499 5775 cu,
529 5701 633 5755 20.
723 5698 747 5727 ⁸
790 5693 991 5748 Genes.
1031 5707 1069 5756 ι,
1102 5693 1180 5760 26,
1213 5695 1286 5749 27.
1359 5699 1376 5729 ⁶
1412 5699 1450 5753 ll
1491 5702 1651 5759 Cor.
1696 5722 1739 5761 ιι

1838 5156 2002 5210 Vsus.
2034 5150 2146 5206 l6—
2179 5150 2263 5203 19.
2295 5148 2415 5201 Non
2460 5150 2744 5203 salvabitur
2786 5167 2877 5203 rea:
2935 5167 3027 5221 per
3082 5154 3307 5208 multam

1770 5252 2037 5307 virtutem,
2088 5252 2135 5296 et
2165 5242 2305 5309 gigas
2380 5254 2481 5290 non
2530 5238 2816 5291 salvabitur
2865 5241 2915 5292 in
2974 5240 3308 5296 multitudine

1774 5339 1974 5394 virtutis
1998 5350 2123 5388 suae.
2151 5328 2343 5383 Fallax
2366 5343 2524 5393 equus
2548 5326 2613 5378 ad
2635 5327 2853 5379 salutem
2870 5368 2884 5391 ,
2909 5331 2961 5380 in
2983 5327 3312 5386 abundantia

1777 5438 1946 5481 autem
1969 5422 2168 5478 virtutis
2193 5431 2298 5471 sua:
2320 5430 2418 5466 non
2444 5414 2748 5468 salvabitur.
2775 5414 2904 5472 Ecce
2929 5415 3066 5469 oculi
3093 5414 3314 5473 Domini

1779 5533 1926 5585 super
1958 5518 2230 5567 metuentes
2254 5519 2396 5569 eum,
2430 5514 2479 5557 et
2510 5506 2561 5559 in
2588 5506 2660 5559 eis
2688 5508 2773 5575 qui
2798 5515 3005 5576 sperant
3026 5522 3184 5575 super
3216 5511 3319 5565 mi-

1764 5751 1778 5777 ,
1817 5710 1901 5765 ll.
1976 5710 1995 5739 ⁷
2032 5706 2183 5762 Joan.
2220 5716 2297 5761 ιι,
2333 5699 2424 5754 25.
2506 5706 2526 5736 ⁸
2567 5703 2697 5759 Luc.
2725 5717 2813 5769 vi,
2847 5702 2902 5760 8.
