3782 6354
93 394 307 512 ,δή

105 590 357 711 ξζλξοῦ
379 603 463 711 ὲιξι
490 603 582 656 τδν
604 604 861 711 ξώγωνα
882 590 1110 711 eamai-
1134 590 1273 680 ea
1290 590 1573 683 assis
1591 590 1819 699 ἒλῆξᾷἑξ

128 695 340 813 ςπάλς
363 697 479 804 τοὺς
527 695 729 813 mitis:
793 703 1010 813 aha?-
1064 714 1287 788 Ἀνδρα
1336 721 1623 791 ἐπίληπτον
1656 695 1738 773 ΐνᾷ
1768 719 1821 773 τί

149 789 516 883 ear/375‘?”
566 789 714 883 F923;
767 793 888 863 μ’έῖ
950 800 1117 856 Ἀλλ’
1172 810 1256 862 δτι
1309 811 1405 881 μὲν
1456 789 1709 880 ἧλλοίωσε
1763 801 1822 862 τὸ

164 880 494 970 ἒῷσωπον
528 880 711 946 αὐτοῦ,
764 883 1042 954 ἥκουσαν
1075 897 1130 947 οἱ
1195 880 1437 951 τοιοῦτοι·
1488 901 1568 952 ὅτι
1627 900 1670 952 δ’
1699 899 1822 970 ἑξῆς

190 969 509 1046 αλιαῆπται,
539 971 821 1027 ἐναντίον
865 979 1229 1054 ’Λειμέλεχ,
1259 987 1468 1040 δοκοῦσί
1496 1006 1582 1057 μοι
1612 969 1823 1061 παριεωά

211 1063 482 1146 moti-Nat.
523 1063 580 1116 '0
610 1063 704 1132 μὲν
732 1061 834 1118 οὖν
882 1068 1136 1142 ’Δγχοῦς
1163 1076 1272 1129 τῶν
1299 1077 1600 1145 ἀλλοφύλων
1625 1075 1692 1148 ἦν
1722 1079 1820 1147 βα-

232 1155 426 1217 σιλεὺς
473 1153 572 1205 τῶν
615 1156 1040 1214 κατοικούντων
1073 1162 1174 1232 τὴν
1222 1164 1340 1217 Γέθ·
1371 1166 1399 1217 ὁ
1447 1165 1502 1216 δὲ
1544 1166 1821 1237 Ἀϐιμέλεχ

250 1246 432 1317 ἱερεὺς
466 1243 552 1296 τοῦ
586 1243 724 1297 Θεοῦ
783 1251 1224 1319 μνι-χμονεύεται⁸
1281 1254 1413 1324 πρὸς
1441 1254 1497 1306 ὃν
1544 1256 1634 1308 καὶ
1663 1253 1821 1311 αὑτὸν

251 1335 517 1407 ἐληλυθὼς
563 1339 592 1390 ὁ
623 1337 789 1392 Δαυῖδ
837 1341 952 1412 πρὸ
983 1342 1088 1413 τῆς
1130 1347 1422 1415 παρουσίας
1448 1347 1544 1416 τῆς
1571 1347 1703 1418 πρὸς
1732 1348 1820 1400 τὸν

269 1426 489 1496 Ἀγχοῦς
520 1427 836 1497 ἱστορεῖταιο
874 1431 1030 1500 λέγει
1057 1434 1166 1506 γὰρ
1194 1438 1227 1506 ἡ
1261 1437 1442 1506 Γραφή
1465 1453 1478 1467 ·
1512 1437 1619 1492 Καὶ
1658 1437 1821 1506 ἔρχε-

251 1530 361 1568 ται
387 1520 417 1569 d
439 1517 615 1569 Δαυῒδ
645 1521 734 1583 εις
759 1521 922 1572 Νοϐὰ
950 1525 1102 1589 πρὸς
1159 1525 1462 1594 Ἀχιμέλεχ
1492 1527 1596 1580 τὸν
1647 1518 1818 1593 lapsa,

249 1605 363 1657 καί
385 1603 597 1672 ἐξέστη
655 1606 976 1678 Ἀχιμέλεχ
1003 1611 1077 1679 τῇ
1100 1613 1426 1678 ἀπαντήσει
1463 1614 1662 1668 αὐτοῦ·
1725 1615 1821 1668 καί

241 1695 420 1748 εἶπεν
442 1695 627 1761 αὐτῷ’
655 1699 718 1750 Τί
745 1699 838 1752 ὅτι
869 1701 952 1754 σὺ
979 1702 1166 1769 μόνος
1185 1703 1278 1755 καί
1307 1703 1499 1769 οὐδεὶς
1517 1705 1662 1773 μετὰ
1685 1704 1820 1769 σοῦ;

238 1787 364 1839 Καὶ
409 1783 540 1840 εἷπε
560 1789 754 1842 Δαυῒδ
790 1789 871 1855 τῷ
905 1792 1064 1859 ἱερεῖο
1136 1791 1199 1845 Ὅ
1232 1795 1524 1860 ,βασιλεὺς
1554 1796 1822 1850 ἐντέταλ-

1391 405 1878 477 οοΜΜΕΝτΑιιιΑ
1912 403 1978 473 ta
2010 402 2343 474 PSALiio's.

237 517 304 588 Α
323 510 679 611 τξῆρειφέξθετοχ
700 516 807 570 καὶ
833 519 1095 595 ἔπιπτε,
1155 528 1262 592 καὶ
1291 541 1540 611 κατέρρει
1577 539 1644 594 τὰ
1673 540 1819 594 σιελα

1921 545 1974 592 et
2005 537 2316 602 decidebat,
2352 541 2405 590 et
2437 523 2744 590 defluebant
2775 536 2956 592 salivae
2985 522 3102 606 eius
3135 536 3190 592 in
3222 536 3446 595 barbam

3342 423 3445 480 290

1918 627 2088 696 ipsius
2117 645 2131 693 ;
2165 628 2237 680 ita
2276 633 2335 680 ut
2367 625 2569 680 diceret
2601 625 2824 680 Auchus
2857 628 3036 694 pueris
3069 627 3183 684 suis
3217 646 3230 681 :
3269 627 3445 692 Quare

1918 717 2087 770 virum
2117 715 2371 786 epilepsia
2398 723 2700 784 correptum
2725 715 2791 768 ad
2811 730 2892 769 me
2910 716 3283 773 introduxistis
3303 719 3324 771 ἲ
3345 717 3446 772 Ve-

1916 820 2035 859 rum
2060 806 2136 859 illi
2163 805 2230 858 ad
2258 805 2314 859 id
2342 806 2514 859 solum
2543 805 2887 860 attenderunt
2912 806 3055 875 quod
3084 808 3445 862 immutaverit

1915 897 2118 950 Vultum
2143 911 2298 950 suum
2324 913 2339 961 ;
2366 895 2457 949 sed
2484 893 2730 948 videntur
2752 895 2880 948 mihi
2905 895 2958 948 id
2984 896 3280 965 neglexisse
3302 897 3445 966 quod

1917 1003 2040 1041 mox
2083 987 2347 1056 sequitur,
2393 1001 2569 1039 coram
2614 983 2927 1039 Abimeleclt.
2952 987 3018 1040 At
3041 986 3182 1038 enim
3226 986 3443 1040 Auchus

1918 1076 2339 1146 alienigenarum
2363 1074 2584 1129 Getham
2630 1074 2973 1128 incolentium
3023 1090 3117 1129 rex
3142 1081 3293 1140 erat;
3319 1074 3447 1129 Abi-

1917 1167 2119 1221 melech
2148 1181 2273 1220 vero
2303 1165 2555 1220 sacerdos
2575 1163 2667 1218 Dei
2701 1164 2864 1218 fuisse
2891 1172 3214 1217 memoratur
3242 1180 3256 1217 ε
3285 1179 3445 1232 quem

1916 1254 2044 1309 item
2078 1254 2242 1309 David
2273 1254 2501 1317 adiisse,
2537 1263 2819 1322 antequam
2848 1253 2959 1323 regi
3001 1251 3219 1308 Auchus
3267 1268 3326 1307 se
3374 1252 3448 1305 si-

1916 1351 2114 1407 steret,
2166 1352 2486 1410 enarratur;
2539 1345 2614 1397 ait
2640 1344 2836 1412 quippe
2867 1342 3184 1412 Scriptura:
3217 1341 3284 1396 Et
3312 1344 3447 1396 venit
3482 1395 3492 1412 .

1916 1432 2084 1486 David
2117 1433 2169 1486 in
2201 1433 2404 1485 Nobam
2440 1432 2506 1485 ad
2531 1431 2852 1484 Acltimelech
2890 1431 3242 1493 sacerdotem,
3275 1441 3323 1484 et
3357 1432 3448 1485 ob-

1918 1521 2112 1590 stupuit
2159 1520 2477 1574 Achimelech
2521 1520 2584 1574 de
2635 1537 2851 1574 occursu
2893 1521 3047 1588 ejus;
3081 1531 3128 1574 et
3175 1521 3308 1574 dixit
3355 1523 3446 1575 ei:

1921 1615 2096 1681 Quare
2122 1622 2176 1667 tu
2200 1615 2342 1668 solus
2371 1624 2420 1667 et
2447 1614 2621 1668 nullus
2649 1625 2721 1668 est
2752 1623 2913 1667 tecum
2940 1618 2963 1669 .9
2993 1614 3057 1666 Et
3085 1616 3159 1667 ait
3183 1614 3350 1668 David
3377 1615 3444 1667 ad

1919 1706 2236 1760 sacerdotem
2262 1721 2280 1758 :
2312 1702 2421 1757 Rex
2457 1705 2696 1771 prwcepit
2731 1703 2857 1754 mihi
2892 1719 3176 1756 sermonem
3215 1701 3362 1755 hodie
3397 1711 3446 1754 et

1920 1795 2054 1850 dixit
2079 1796 2205 1848 mihi
2232 1812 2250 1848 :
2282 1794 2447 1848 Nemo
2475 1796 2607 1848 sciat
2635 1810 2742 1848 rem
2768 1803 2973 1862 propter
2997 1810 3150 1862 quam
3175 1810 3264 1862 ego
3297 1797 3445 1846 mitto

233 1877 351 1929 ta!
368 1893 465 1944 μοι
487 1877 667 1944 ρἧα
689 1878 961 1947 σήμερον
979 1881 1076 1935 καί
1102 1877 1230 1934 εἷπέ
1250 1900 1366 1950 μοι’
1383 1884 1602 1951 Μηδεὶς
1627 1885 1820 1953 γνώτω

1921 1897 1997 1950 ιε,
2022 1897 2070 1940 et
2093 1886 2154 1940 de
2179 1903 2281 1956 qua
2308 1886 2522 1954 pracepi
2565 1885 2656 1938 tibi
2678 1901 2697 1947 ;
2724 1893 2773 1938 et
2797 1884 2969 1952 pueris
2999 1885 3303 1952 testiﬁcatus
3331 1898 3444 1935 sum

230 1965 311 2018 τὸ
347 1965 511 2034 ῥῆμα
547 1967 691 2034 περὶ
741 1964 816 2022 οὗ
874 1968 990 2038 ἐγὼ
1044 1971 1394 2025 ἀποστέλλω
1418 1988 1508 2037 σε,
1543 1974 1637 2028 καί
1670 1975 1818 2043 ὑπὲρ

229 2052 320 2112 οὗ
359 2057 725 2126 ἐντέταλμαί
785 2074 906 2123 σοι,
968 2062 1064 2114 καὶ
1096 2061 1217 2126 τοῖς
1272 2062 1594 2130 παιδαρίοις
1629 2063 1820 2132 διαμε-

225 2150 627 2217 μαρτύρημαι
681 2151 758 2203 ἐν
804 2150 886 2215 τῷ
914 2149 1073 2217 τόπῳ
1102 2152 1182 2217 τῷ
1237 2153 1530 2222 λεγομένῳ
1559 2154 1700 2207 Θεοῦ
1729 2155 1822 2208 πί-

199 2243 208 2250 ’
231 2255 410 2305 (rrec.
433 2241 544 2292 Kal
571 2241 696 2294 νῦν
722 2241 782 2294 ετ
803 2244 964 2294 είσιν
985 2241 1103 2295 ὑπὸ
1157 2242 1269 2310 τὴν
1319 2241 1482 2311 χεῖρά
1505 2260 1616 2297 σου
1640 2243 1817 2311 ἄρτοι,

234 2326 363 2393 δὸς
387 2331 471 2394 εις
491 2329 707 2398 χεῖράς
733 2348 858 2399 μου
900 2331 967 2384 τὸ
1007 2331 1266 2400 εὑρεθέν.
1307 2334 1412 2386 Καὶ
1451 2334 1734 2402 ἀπεκρίθη
1788 2337 1821 2388 ὁ

238 2417 444 2483 ἱερεὺς
465 2417 549 2483 τῷ
591 2418 804 2485 Δαυῒδ,
835 2420 934 2472 καὶ
965 2416 1154 2473 εἶπεν·
1189 2424 1306 2474 οὐκ
1334 2423 1490 2475 είσὶν
1514 2422 1672 2490 ἄρτοι
1714 2421 1821 2486 βέ-

239 2506 418 2570 011.101
441 2508 558 2561 ὑπὸ
595 2508 720 2576 τὴν
746 2508 918 2577 χεῖρά
934 2527 1074 2578 μου,
1107 2510 1193 2563 ὅτι
1223 2511 1356 2565 ἀλλ’
1391 2511 1428 2579 ἢ
1470 2513 1632 2579 ἄρτοι
1672 2513 1823 2582 ἅγιοι

236 2597 427 2648 εισιν-
467 2600 526 2650 εὶ
568 2600 1014 2668 «tegula-mera
1071 2600 1142 2652 τὰ
1188 2599 1459 2668 παιδάριά
1501 2603 1667 2656 ἐστιν
1705 2603 1822 2656 ἀπὸ

233 2687 558 2753 γυναικὸς,
605 2688 712 2740 καὶ
780 2686 1016 2756 φάγετε.
1052 2689 1159 2742 Kal
1210 2691 1489 2758 ἀπεκρίθη
1515 2692 1690 2745 Δαυῒδ
1745 2692 1824 2758 τῷ

231 2775 409 2843 ἱερεῖ,
433 2775 534 2828 καί
555 2773 738 2829 εἶπεν
757 2775 937 2840 αὐτῷ·
969 2778 1117 2830 Ἀλλ’
1139 2779 1251 2831 ἀπὸ
1267 2780 1541 2848 γυναικὸς
1562 2782 1823 2852 ἀπεσχη-

227 2867 397 2929 μεθα
418 2864 603 2932 ἐχθὲς
631 2865 732 2917 καί
761 2865 968 2931 τρίτην
993 2864 1234 2932 ἡμέραν
1258 2867 1327 2919 ἐν
1370 2866 1446 2931 τῷ
1471 2867 1728 2932 ἐξελθεῖν
1749 2887 1825 2938 με

235 2957 338 3020 εις
362 2954 503 3007 ὁδὸν
521 2954 746 3023 γέγονε
778 2953 850 3006 τὰ
875 2953 1149 3020 παιδάρια
1176 2955 1516 3024 ἡγνισμένα·
1552 2959 1646 3011 καί
1676 2959 1822 3026 αὕτη

237 3045 283 3110 ἠ
318 3043 460 3110 ὁδὸς
484 3043 788 3110 ,βέϐηλοςο
826 3043 977 3095 διότι
1006 3041 1268 3110 σήμερον
1287 3044 1704 3112 ἁγιασθήσεται
1731 3045 1826 3099 διὰ

239 3131 322 3182 τὰ
346 3134 539 3199 σκεύη
590 3148 740 3200 μου.
789 3131 898 3184 Καὶ
966 3130 1183 3183 ἔδωκεν
1230 3129 1385 3195 αὐτῷ
1439 3131 1743 3200 Ἀχιμέλεχ
1793 3135 1824 3184 ὀ

1915 1978 1969 2031 in
2004 1977 2112 2030 loco
2142 1977 2229 2046 qui
2256 1975 2468 2039 dicitur,
2502 1975 2596 2027 Dei
2628 1972 2777 2042 ﬁdes.
2804 1972 2960 2025 Nunc
2983 1989 3101 2042 ergo
3135 1973 3182 2025 si
3212 1972 3322 2025 sint
3351 1972 3444 2025 sub

1917 2083 2071 2120 manu
2107 2075 2195 2118 tua
2221 2079 2376 2132 panes
2402 2104 2414 2124 .
2444 2063 2512 2116 da
2542 2065 2597 2116 in
2630 2077 2813 2115 manus
2846 2077 2986 2115 meas
3017 2061 3153 2131 quod
3187 2075 3443 2129 repertum

1917 2156 2093 2220 fuerit.
2132 2155 2199 2208 Et
2233 2152 2536 2221 respondens
2568 2151 2809 2206 sacerdos
2838 2150 3029 2204 Davidi
3057 2152 3130 2204 ait
3164 2151 3243 2203 illi
3269 2166 3288 2204 :
3321 2148 3442 2203 Non

1916 2252 2036 2296 sunt
2073 2257 2227 2310 panes
2267 2243 2390 2294 laici
2428 2240 2520 2293 sub
2559 2255 2715 2292 manu
2753 2255 2897 2306 mea,
2936 2239 3024 2292 sed
3057 2247 3256 2291 tantum
3285 2255 3442 2306 panes

1916 2333 2117 2398 sancti,
2157 2333 2204 2386 si
2241 2333 2596 2384 abstinuerunt
2642 2331 2787 2396 pueri
2834 2345 2868 2382 a
2908 2329 3244 2392 mulieribus,
3274 2343 3442 2380 come-

1916 2421 2042 2474 dite.
2071 2420 2134 2472 Et
2162 2421 2420 2487 respondit
2450 2418 2615 2472 David
2638 2419 2926 2482 sacerdoti,
2952 2427 3000 2471 et
3025 2419 3155 2471 dixit
3181 2419 3265 2470 ei:
3296 2415 3443 2470 Certe

1918 2527 1952 2563 a
1981 2509 2278 2563 mulieribus
2311 2509 2656 2562 continuimus
2687 2525 2780 2563 nos
2815 2507 2877 2560 ab
2908 2509 3017 2560 lteri
3046 2517 3092 2560 et
3123 2506 3310 2559 nudius
3343 2515 3446 2558 ter-

1919 2600 2052 2662 tius,
2076 2598 2278 2667 quando
2304 2598 2491 2667 egressi
2517 2613 2694 2650 sumus
2723 2599 2774 2648 in
2799 2598 2934 2650 viam
2956 2639 2969 2659 ,
2997 2606 3044 2650 et
3072 2597 3278 2665 fuerunt
3299 2595 3446 2662 pueri

1919 2689 2231 2755 sanctiﬁcati
2254 2703 2270 2740 :
2300 2703 2452 2754 porro
2482 2688 2561 2740 via
2588 2687 2696 2740 hac
2724 2687 2921 2754 polluta
2952 2696 3068 2748 est;
3095 2686 3183 2740 sed
3213 2687 3325 2754 ipsa
3351 2687 3444 2739 Iro-

1918 2776 2001 2830 die
2015 2774 2631 2844 sanctiﬁcabiturpmpter
2657 2792 2778 2828 vasa
2805 2791 2935 2828 mea.
2962 2774 3025 2827 Et
3054 2775 3192 2827 dedit
3217 2776 3264 2828 ei
3291 2774 3447 2826 Arhi-

1921 2865 2110 2919 melech
2137 2866 2374 2920 sacerdos
2399 2883 2552 2936 panes
2578 2866 2940 2933 propositionis
2961 2905 2975 2929 ,
3001 2882 3156 2935 neque
3175 2866 3306 2918 enim
3335 2871 3448 2918 erat

1921 2957 1993 3009 ibi
2019 2959 2198 3025 panis,
2231 2959 2331 3010 nisi
2363 2967 2560 3010 tantum
2590 2971 2746 3022 panes
2776 2956 2959 3022 faciei,
2989 2955 3077 3024 qui
3113 2954 3301 3008 sublati
3335 2956 3454 3024 [uc-

1923 3053 2040 3094 rant
2066 3060 2097 3094 a
2127 3043 2258 3110 facie
2282 3043 2487 3096 Domini
2509 3081 2522 3105 ,
2549 3051 2603 3094 ut
2632 3051 2902 3109 poneretur
2923 3043 3072 3110 panis
3099 3041 3319 3105 calidus,
3348 3053 3449 3106 qua

1923 3134 2005 3186 die
2036 3135 2228 3201 accepit
2257 3150 2341 3186 eos
2373 3136 2414 3185 θ.

238 3221 440 3287 ἱερεὺς
467 3221 625 3286 τοὺς
673 3220 899 3287 ἄρτους
935 3218 1044 3286 τῆς
1077 3222 1423 3285 προθέσεως*
1475 3220 1562 3273 ὅτι
1615 3223 1724 3274 οὐκ
1763 3217 1839 3290 ἦν
1875 3221 2068 3289 ἄρτος,
2099 3223 2232 3275 ἀλλ’
2256 3223 2292 3289 ἢ
2319 3222 2476 3288 ἄρτοι
2503 3223 2606 3276 τοῦ
2629 3225 2943 3291 προσώπου
2976 3225 3027 3274 οί
3091 3223 3448 3292 ἀφῃρημένοι

232 3315 316 3367 ἐκ
342 3317 682 3385 προσώπου
709 3315 930 3383 Kvplov
955 3315 1061 3368 τοῦ
1101 3316 1489 3383 παρατεθῆναι
1519 3317 1695 3384 ἄρτον
1731 3319 1960 3386 θερμὸν,
1985 3313 2023 3388 ᾖ
2065 3317 2249 3386 ἡμέρᾳ
2273 3319 2481 3373 ἐλαϐεν
2499 3321 2733 3383 αὐτούς.

318 3408 513 3461 Ταῦτα
560 3407 667 3481 μὲν
716 3401 812 3456 οὖν
851 3405 884 3473 ἠ
923 3405 1050 3473 περὶ⁵
1093 3404 1186 3457 τοῦ
1255 3406 1531 3476 Ἀχιμέλεχ
1579 3408 1822 3478 διήγησις

1991 3409 2112 3462 llaec
2149 3408 2306 3462 habet
2345 3407 2580 3460 narratio
2618 3407 2706 3459 illa
2743 3405 2808 3460 de
2844 3404 3205 3458 Achimelech.
3247 3403 3448 3463 Deinde

231 3498 519 3569 περιέχει·
580 3495 718 3563 ἑξῆς
769 3493 826 3546 δὲ
875 3495 1139 3562 συνῆπται
1183 3494 1257 3557 ὡς
1287 3497 1480 3564 ἀνέστη
1530 3497 1688 3549 Δαυῒδ
1733 3501 1823 3552 καὶ

228 3588 450 3656 ἔφυγεν
473 3591 536 3642 ὲν
565 3590 640 3656 τῇ
673 3584 864 3655 ἡμέρᾳ
897 3585 1095 3654 ἐκείνῃο
1156 3584 1248 3637 τοῦ
1274 3602 1332 3637 τε
1373 3581 1649 3656 ’Ᾱχιμέλεχ
1701 3588 1826 3641 ἀνα-

225 3683 526 3751 χωρήσας,
555 3675 698 3748 ἦλθε
747 3674 884 3744 πρὸς
922 3673 1142 3743 Ἀγχοῦς
1187 3674 1405 3744 βασιλέα
1464 3675 1501 3726 Γ
1505 3675 1582 3726 έθ.
1641 3676 1696 3728 'O
1731 3677 1825 3745 μὲν

220 3763 338 3817 οὖν
366 3788 453 3833 τις
484 3769 630 3840 ἐρεῖ,
664 3765 793 3818 ἐπεὶ
857 3764 929 3834 μὴ
997 3764 1285 3834 ἐμφέρεται
1318 3765 1376 3816 ὲν
1402 3766 1464 3833 τῇ
1528 3764 1730 3835 ἱστορίᾳ
1759 3768 1822 3834 τῇ

211 3858 390 3911 κατὰ
407 3859 502 3911 τὸν
567 3851 870 3922 Ἀχιμέλεχ
911 3868 930 3900 ι
963 3851 1253 3914 ἀλλοιώσας
1293 3851 1355 3903 τὸ
1403 3849 1682 3922 πρόσωπον
1734 3854 1827 3906 αὖε

194 3941 316 3994 τοῦ
370 3952 399 4002 ὀ
429 3947 628 4011 Δαυῒδ,
673 3965 692 3996 ι
735 3946 876 3998 κατὰ
910 3941 1126 4010 σφάλμα
1171 3941 1377 3996 κεῖσθαι
1421 3943 1480 3995 τὸ
1511 3944 1676 4012 ὄνομα
1732 3944 1824 3996 τοῦ

201 4027 324 4082 Ἀσ
343 4039 554 4110 ιμέλεχ
594 4036 726 4089 ἀντὶ
774 4033 868 4086 τοῦ
917 4032 1173 4101 ὀνόματος
1219 4019 1457 4100 Ἀγχούςέ
1513 4032 1692 4099 σαφῶς
1721 4032 1826 4102 γὰρ

167 4117 281 4173 ἐπὶ
355 4130 454 4181 τοῦ
484 4124 733 4196 Ἀγχοῦς
764 4124 994 4195 εἴρηται·
1014 4120 1336 4184 ιὰλλοιώσας
1354 4121 1412 4173 τὸ
1436 4129 1716 4191 πρόσωπον
1742 4122 1825 4174 αὑ-

153 4215 275 4267 τοῦ
325 4259 354 4283 .,
386 4238 406 4269 ι
433 4221 530 4272 ὅτε
563 4217 666 4270 καὶ
701 4213 772 4266 τὰ
805 4211 956 4265 σίελα
975 4211 1134 4264 αὐτοῦ
1159 4211 1407 4282 κατέρρει
1428 4211 1518 4264 καὶ
1543 4211 1828 4281 ὲτυμπάνι-

157 4302 276 4366 ne.»
305 4349 358 4360 _.
393 4312 617 4379 ’Ἔργον
640 4305 704 4356 δὲ
737 4302 966 4372 θρασὺν,
993 4301 1086 4354 καὶ
1124 4300 1385 4370 προπετὲς
1415 4297 1549 4354 εἶναι
1598 4303 1826 4372 ἠγοῦμαι

205 4390 289 4441 οὐ.
313 4390 740 4463 Ξποῳήνασοαι
797 4385 999 4454 τολμᾷν
1029 4384 1127 4454 τὴν
1161 4383 1304 4436 θείαν
1346 4385 1559 4454 Γραφὴν
1589 4387 1828 4456 ἡμαρτῆ-

256 4481 413 4545 σθαι,
433 4485 526 4536 καὶ
553 4476 823 4533 τοσοῦτον
852 4473 1121 4544 περιέχειν
1149 4473 1388 4543 σφάλμα,
1430 4473 1503 4536 ὡς
1529 4474 1647 4527 ἀντὶ
1681 4475 1831 4528 ἁλλο-

260 4566 430 4632 apriles
453 4570 658 4640 ἀνδρὸς
692 4564 845 4636 ἱερέα
911 4562 1042 4616 Θεοῦ
1076 4561 1431 4632 παρενθεῐναι·
1491 4563 1718 4632 μάλιστα
1743 4565 1830 4617 ὅτε

257 4657 424 4729 παὶὴ
454 4658 731 4731 Ἐὃραῑκὴ
765 4653 1066 4720 ἀνάγνωσις
1101 4653 1194 4703 καὶ
1223 4654 1267 4704 οἱ
1309 4653 1479 4704 λοιποὶ
1509 4651 1830 4722 ἑρμηνευταὶ

1923 3498 2175 3566 adjicitur
2225 3512 2331 3564 quo
2374 3504 2530 3565 pacto
2568 3495 2732 3550 David
2785 3496 3079 3551 surrexerit
3125 3502 3179 3548 et
3207 3495 3450 3566 effugerit

1921 3589 2013 3642 illa
2046 3587 2164 3651 die,
2210 3601 2439 3654 cumque
2482 3587 2548 3640 ab
2602 3585 2940 3640 Achimelech
2994 3585 3351 3652 discessisset,
3381 3589 3448 3643 ad

1922 3677 2138 3730 Auchus
2150 3691 2326 3744 regem
2348 3675 2481 3729 Geth
2505 3676 2812 3731 accesserit.
2833 3675 2979 3730 Dicet
2996 3675 3128 3730 forte
3145 3678 3408 3747 quispiam
3428 3693 3446 3730 :

1925 3770 2056 3824 Cum
2086 3770 2139 3822 in
2167 3767 2387 3820 historia
2415 3767 2480 3820 de
2511 3766 2849 3822 Achimelech
2875 3781 2981 3820 non
3007 3765 3210 3821 feratur
3239 3787 3256 3819 ι
3285 3768 3442 3821 Dari-

1923 3859 2040 3914 dem
2068 3859 2375 3912 immutasse
2407 3857 2608 3909 vultum
2635 3872 2812 3919 suum,
2839 3876 2858 3908 ›
2880 3857 3031 3924 lapsu
3069 3857 3321 3926 graphice
3351 3873 3453 3913 no-

1923 3964 2044 4003 men
2073 3946 2413 4002 Achimelech
2443 3961 2542 4014 pro
2569 3947 2784 4000 nomine
2821 3945 3040 4000 Auchus
3068 3948 3298 4013 positum
3320 3957 3402 4003 est
3427 3967 3442 4003 :

1923 4039 2066 4093 clare
2095 4039 2236 4092 enirn
2284 4037 2339 4090 in
2384 4036 2608 4090 historia
2644 4036 2860 4090 Auchus
2907 4036 3104 4090 dicitur
3140 4039 3450 4092 immutasse

1922 4129 2127 4182 Vultum
2174 4142 2352 4193 suum,
2399 4126 2613 4196 quando
2653 4127 2832 4180 salivaa
2880 4126 2994 4194 ejus
3043 4126 3367 4190 difﬂuebant,
3399 4135 3453 4182 et

1923 4217 2077 4286 quasi
2105 4224 2358 4286 tympano
2384 4216 2648 4285 pulsabat.
2680 4217 2748 4267 At
2770 4229 2868 4284 ego
2888 4214 3061 4268 audax
3083 4216 3450 4270 temerarium-

1925 4322 2030 4376 que
2060 4305 2264 4360 facinus
2291 4307 2525 4360 arbitror
2555 4321 2694 4368 esse.
2726 4307 3073 4374 pronuntiare
3123 4307 3455 4362 confidenter

1925 4397 2158 4452 divinam
2185 4396 2512 4465 Scripturam
2536 4397 2737 4464 lapsam
2756 4409 2894 4458 esse,
2914 4402 2966 4448 et
2986 4395 3089 4449 tale
3109 4396 3292 4450 vitium
3318 4411 3452 4466 prie-

1928 4485 2084 4548 ferre,
2117 4492 2175 4538 ut
2211 4501 2306 4553 pro
2335 4486 2450 4539 viro
2494 4485 2789 4552 alienigena
2831 4485 3080 4540 sacerdos
3114 4485 3322 4541 Domini
3356 4503 3454 4556 po-

1927 4584 2123 4639 natur;
2160 4589 2280 4628 cum
2326 4573 2555 4627 maxime
2586 4571 2843 4626 Hebraica
2877 4573 3111 4628 lectio.et
3139 4575 3327 4645 reliqui
3371 4577 3453 4630 in-

1927 4671 2190 4733 terpretes
2234 4678 2418 4718 omnes
2457 4663 2774 4716 Arhimelech
2833 4664 3231 4721 circumferant.
3271 4665 3454 4720 Restat

265 4745 467 4814 πάντες
488 4752 578 4813 τὸν
617 4743 914 4816 Ἀχιμέλεχ
933 4741 1286 4812 περιέχουσιν.
1320 4739 1521 4794 Οὐκοῦν
1546 4743 1826 4798 ἀκόλουθον

1928 4752 2113 4823 igitur,
2141 4754 2354 4823 quando
2404 4753 2682 4822 inscriptio
2707 4766 2833 4806 vera
2864 4754 3082 4823 profert,
3116 4764 3172 4808 ut
3205 4755 3453 4824 exquira-

263 4834 348 4887 ἂν
375 4841 459 4911 ειη,
485 4834 869 4909 ἀληθευούσης
901 4832 1000 4900 τῆς
1031 4830 1366 4899 προγραφῆς,
1398 4830 1668 4899 ἐπιζητεῖν
1716 4832 1840 4925 πῶςΓ

270 4926 377 4976 καὶ
397 4933 516 4984 ποτε
562 4924 874 4992 ἡλλοίωσε
935 4920 999 4973 τὸ
1058 4920 1373 4985 πρόσωπον
1417 4921 1597 4974 αὐτοῦ
1657 4920 1838 4986 Δαυΐᾶ

268 5011 544 5074 ἐναντίον
609 5015 942 5083 Ἀϐιμέλεχ,
991 5010 1093 5063 καὶ
1157 5009 1454 5063 ἀπέλυσεν
1498 5013 1696 5076 αὐτὸν,
1735 5015 1838 5070 καί

282 5102 520 5172 ἀπῆλθε,
548 5108 716 5162 Δοκεῖ
737 5105 798 5172 δή
824 5120 913 5173 μοι
941 5103 1006 5153 ἐκ
1031 5100 1135 5168 τῆς
1166 5097 1504 5168 παραθέσεως
1518 5102 1620 5155 τῶν
1640 5102 1836 5160 λοιπῶν

287 5189 624 5265 ἑρμηνευτῶν
650 5193 834 5256 λύσεις
876 5185 1234 5260 εὑρίσκεσθαι
1258 5186 1348 5237 τοῦ
1389 5185 1732 5257 ζητουμένου.
1775 5193 1833 5245 '0

298 5280 391 5347 μὲν
411 5288 510 5358 γὰρ
550 5284 784 5347 amna;
819 5280 916 5334 καὶ
945 5279 981 5346 ἡ
1015 5275 1243 5342 πέμπτη
1273 5273 1473 5336 ἐκδοσις
1514 5277 1694 5330 τοῦτον
1728 5282 1847 5358 ήρις

299 5340 542 5439 ίιήνενσαν
562 5340 654 5431 τον
680 5340 906 5446 τρέπου·
1100 5340 1284 5414 ῨΔαυίδ
1313 5361 1409 5414 ὅτε
1454 5340 1850 5442 ἡλλοίωσέξᾶξ

292 5460 446 5528 ﬂia“
473 5469 665 5528 αὐτοῦ
709 5467 803 5526 εις
851 5455 1198 5521 πρόσωπον
1232 5450 1546 5519 Ἀϐιμέλεχ.
1578 5454 1673 5507 καὶ
1702 5453 1847 5520 ἐξέέ

267 5540 651 5625 ὄαζθναύτόνι
722 5549 828 5605 καὶ
877 5539 1155 5610 ἀπῆλθε.
1203 5541 1420 5610 Μήποτε
1445 5540 1547 5611 γὰρ
1587 5543 1672 5598 διὰ
1705 5549 1832 5612 τοὺς

275 5698 297 5727 ο

348 5757 370 5814 ι
400 5753 541 5820 Reg.
585 5744 715 5794 XXI:
734 5717 863 5774 i'a'

1925 4857 2050 4896 mus
2071 4843 2335 4912 quomodo
2361 4851 2414 4897 et
2442 4841 2654 4911 quando
2675 4840 2841 4898 David
2871 4845 3065 4897 vultum
3087 4858 3236 4896 suum
3261 4845 3451 4896 immu-
3483 4911 3492 4922 '

1929 4933 2054 4986 tavit
2082 4949 2256 4985 coram
2301 4931 2612 4996 Abimelech,
2646 4941 2693 4984 et
2729 4933 2926 4987 dimisit
2953 4951 3087 4994 eum,
3111 4944 3159 4987 et
3183 4935 3328 4990 abiit.
3361 4934 3454 4991 Vl-

1931 5021 2087 5076 detur
2107 5037 2236 5076 sane
2268 5022 2402 5075 mihi
2433 5037 2500 5075 ex
2523 5029 2834 5076 cazterorum
2865 5025 3206 5091 interpretum
3237 5041 3453 5096 compa-

1932 5111 2136 5165 ratione
2189 5109 2397 5178 (ιιιωείιί
2428 5111 2718 5164 solutiones
2743 5110 3234 5179 suppeditari.Nam
3261 5115 3453 5186 Aquila

1933 5209 1982 5254 et
2012 5201 2195 5269 quinta
2223 5201 2386 5255 editio
2411 5199 2511 5254 hoc
2536 5208 2690 5268 pacto
2723 5201 3052 5270 interpretati
3093 5211 3217 5259 sum
3247 5221 3260 5257 :
3296 5207 3456 5260 Dario

1930 5286 2010 5340 dis
2037 5287 2241 5357 quando
2289 5288 2577 5340 immutavit
2602 5296 2806 5356 gustum
2846 5305 2995 5343 suum
3027 5291 3094 5344 ad
3121 5292 3306 5359 faciem
3324 5296 3455 5347 Abi-

1930 5376 2140 5438 melech,
2200 5385 2248 5428 et
2307 5375 2451 5442 ejecit
2492 5389 2628 5435 eum,
2685 5383 2732 5428 et
2806 5375 2955 5433 abiit.
3030 5378 3189 5434 Forte
3236 5395 3458 5450 propter

1931 5481 2096 5536 panes
2127 5461 2525 5534 propositionis,
2552 5477 2689 5532 quos
2737 5477 2858 5519 cum
2899 5469 3195 5538 accepisset
3223 5471 3300 5524 ab
3338 5472 3466 5526 Abi-

1931 5553 2156 5615 melech,
2187 5548 2414 5605 comedit
2448 5549 2561 5618 ipse
2611 5557 2664 5603 et
2705 5553 2852 5618 pueri
2885 5556 2978 5622 qui
3020 5571 3145 5610 cum
3176 5571 3241 5612 eo
3289 5564 3467 5619 erant,
