3782 6348
47 442 189 539 ιθθ

1360 410 1843 473 COMMENTARIA
1875 419 1937 474 IN
1975 421 2303 478 PSALMOS.

178 554 217 599 Ι
250 509 387 615 lat:
422 509 628 615 ἐκεῖνο
650 524 908 615 καιροῦ
946 531 1154 601 φῆσαι.
1178 534 1430 600 Εἰσῆλθες
1459 532 1583 604 γὰρ,
1616 536 1774 603 φησὶν

1896 537 1960 590 de
1997 540 2251 606 principis
2282 537 2611 592 sacerdotum
2634 552 2762 593 nece
2798 542 3047 595 narravit.
3072 540 3134 595 Et
3161 543 3271 598 haec
3297 549 3413 615 qui-

3312 433 3437 487 29h

59 598 311 697 νῖδ
455 603 580 656 τὸν
622 606 836 667 οἷκον
874 598 1201 677 τοῦ-Θεοῦ
1249 598 1346 676 exi
1406 598 1778 691 ‘Ad’tdﬂapvtoi

1899 598 2016 679 dem
2045 598 2199 680 nobis
2228 627 2292 680 de
2317 628 2505 695 psalmi
2536 628 2691 680 mqu
2734 630 2873 682 dicta
2906 632 3033 684 sint.

72 678 147 729 Διί

90 733 277 861 δρα

112 833 277 893 ςιῦν
321 833 419 839 ﬂ"
467 833 561 842 ἠ
646 833 816 849 “NW”

130 884 485 995 wax-pacat?
521 889 820 995 εἰρήσθω.

196 979 583 1059 εὐλογήσω
635 982 763 1036 τὸν
840 990 1085 1057 Κύριον
1128 994 1195 1046 ἐν
1258 994 1428 1045 παντὶ
1468 993 1663 1060 καιρῷ,
1707 993 1802 1045 διὰ

173 1070 414 1144 παντὸς
444 1073 484 1139 ἠ
511 1074 760 1139 alveo“;
820 1077 1029 1135 αὐτοῦ
1057 1082 1219 1146 ἐντῷ
1263 1085 1507 1149 στόματί
1531 1100 1663 1150 μου.
1699 1084 1800 1136 Εὐ-

190 1160 468 1243 .¹.αριστῶν
494 1161 522 1212 ὁ
554 1158 730 1217 Δαυῖδ
771 1168 870 1235 ἐφ’
917 1165 1003 1232 οἷς
1030 1169 1229 1238 ἠξιώθη
1280 1172 1476 1240 τροφῆς
1506 1171 1799 1240 ἱερατικῆς,

204 1267 316 1316 οὒκ
346 1253 437 1304 ἐπὶ
466 1252 561 1306 τοῦ
622 1258 946 1327 παρόντος,
1008 1264 1157 1330 φησὶ,
1200 1262 1372 1331 μόνον,
1421 1262 1551 1315 ἀλλὰ
1601 1262 1691 1315 καὶ¹
1717 1263 1802 1316 διὰ

222 1352 386 1412 πάσης
419 1343 515 1412 τῆς
542 1344 697 1415 ζωῆς
725 1347 977 1415 χάριτας
1006 1348 1276 1416 ὁμολογῶν
1322 1349 1411 1401 καὶ
1450 1349 1677 1417 εὐλογῶν
1706 1352 1799 1402 αὐ-

230 1434 318 1485 τὸν
345 1430 651 1483 διατελέσωο
691 1433 827 1485 οὐδὲ
862 1434 1316 1504 ἀπολειφθήσεταί
1341 1450 1465 1488 ποτε
1515 1437 1574 1489 τὸ
1629 1438 1797 1507 στόμα

238 1541 334 1591 μου
379 1526 470 1591 τῆς
501 1526 583 1585 εἰς
614 1524 790 1576 αὐτὸν
828 1525 1108 1587 αἰνέσεως.
1152 1526 1290 1576 Ἀντὶ
1339 1524 1441 1594 γὰρ
1488 1525 1668 1587 θυσίας
1707 1527 1797 1577 καὶ

229 1611 693 1679 ὁλοκαυτωμάτων
729 1613 1108 1682 πεπαίδευμαι
1128 1615 1222 1680 τὴν
1249 1614 1333 1666 διὰ
1365 1613 1577 1681 χειλέων
1608 1615 1795 1683 προσά-

224 1716 342 1765 γειν
366 1700 510 1767 αὐτῷ
544 1699 770 1753 Θυσίαν.

310 1786 517 1855 Ἐπειδὴ
548 1786 665 1856 γάρ
700 1788 965 1855 φεύγοντι
999 1794 1086 1857 μοι
1113 1788 1278 1851 οὐδεὶς
1308 1788 1491 1858 βοηθὸς
1520 1790 1788 1857 πάρεστιν,
1821 1812 1861 1865 Β

210 1874 335 1926 οὐδέ
360 1892 444 1937 τις
473 1877 783 1947 καταφυγὴ
805 1916 821 1941 ,
855 1878 976 1930 οὐδὲ
1002 1878 1261 1946 ἀσφάλεια
1279 1888 1291 1909 ⁴
1323 1879 1475 1948 μόνον
1504 1879 1558 1930 δέ
1578 1880 1663 1931 τὸν
1687 1878 1793 1929 Κύ-

205 1981 330 2033 ριον
362 1966 752 2035 φυλακτήριον
782 1967 1059 2034 ἐπάγομαι
1088 1968 1183 2035 τῆς
1215 1966 1443 2036 ἐμαυτοῦ
1475 1968 1666 2035 ψυχῆς,
1701 1967 1792 2019 καὶ

194 2055 299 2103 ἐπ’
334 2052 508 2121 αὐτῷ,
552 2054 674 2105 ἀλλ’
714 2054 820 2105 οὐκ
850 2056 942 2106 ἐπὶ
967 2058 1084 2116 ταῖς
1128 2056 1282 2123 ἐμαῖς
1309 2055 1730 2123 δικαιοπραγίαις
1759 2056 1789 2123 ἡ

241 692 473 796 ιεέξέιιξς-
516 700 662 796 ἱξαὶ-
698 708 1013 773 φαίνεται
1044 718 1080 785 ἡ
1110 716 1214 767 τῶν
1239 716 1481 787 ἱστοριῶν
1516 717 1713 787 γραφὴ,
1769 718 1857 770 τὸν
1907 720 2185 789 ’Λχιμέλεχ
2216 692 2461 781 καὶ-τοὺς
2499 720 2657 788 ἱερεῖς
2687 721 2776 772 τοῦ
2807 722 2935 773 Θεοῦ
2993 724 3284 794 ἀνῃρῆσθαι
3314 729 3413 796 φή-

312 786 423 887 '57:):-
453 790 562 842 τοῦ
640 794 886 865 Σαοὺλ,
963 806 1232 876 ἀρχιερέα
1268 786 1598 880 ἀνῃρημένον
1629 786 1723 878 οὔχ
1782 786 2117 879 ἱστορήσασα.
2154 786 2334 864 Ϋαῦτα
2393 812 2484 880 μὲν
2533 786 2622 864 οὖν
2653 814 2777 882 ἡμῖν
2821 816 2897 875 εἰς
2946 786 3160 884 τὴν
3204 786 3412 887 ψαλμοῦ

1962 988 2117 1043 Vens.
2150 989 2202 1041 2.
2245 990 2549 1044 Benedicam
2579 992 2852 1046 Dominum
2904 997 2953 1047 in
2982 999 3121 1050 omni
3168 1009 3408 1069 tempore,

1894 1095 2088 1146 semper
2140 1080 2254 1133 laus
2304 1082 2415 1150 ejus
2453 1083 2505 1134 in
2545 1099 2630 1134 ore
2682 1100 2811 1136 meo.
2852 1084 3061 1139 Gratias
3110 1090 3217 1157 agit
3248 1091 3411 1147 David

1894 1170 2033 1235 quod
2064 1168 2378 1222 sacerdotali
2421 1170 2540 1222 cibo
2582 1170 2828 1238 dignatus
2857 1172 2961 1225 sit:
2987 1174 3093 1227 Nec
3130 1177 3301 1230 solum
3352 1181 3406 1232 in

1894 1258 2163 1326 praesenti,
2186 1258 2279 1320 ait,
2307 1258 2396 1312 sed
2421 1274 2513 1327 per
2540 1266 2705 1311 totum
2727 1261 2847 1313 vita:
2870 1264 3189 1316 curriculum
3212 1268 3410 1335 gratias

1895 1346 2177 1399 conﬁtendi
2204 1361 2265 1398 ac
2290 1348 2633 1400 benedicendi
2658 1348 2813 1401 ﬁnem
2842 1364 2946 1402 non
2977 1350 3166 1403 faciam
3197 1372 3209 1405 :
3238 1370 3411 1423 neque
3451 1410 3457 1422 ,

1892 1452 1952 1490 os
1999 1451 2175 1489 meum
2227 1436 2379 1489 laude
2412 1437 2527 1504 ejus
2588 1453 2813 1491 vacuum
2866 1456 3093 1508 unquam
3126 1444 3243 1495 erit.
3278 1444 3409 1499 Nam

1890 1525 2163 1578 institutus
2186 1526 2254 1577 ita
2284 1525 2379 1587 fui,
2404 1535 2461 1579 ut
2488 1528 2868 1581 sacriﬁciorum
2903 1538 2954 1582 et
2982 1530 3410 1587 holocaustorum

1889 1615 2023 1679 vice,
2053 1616 2209 1670 labiis
2239 1616 2337 1685 ipsi
2369 1617 2596 1672 hostiam
2629 1619 2865 1676 offeram.

1958 1785 2391 1854 Quandoquidem
2442 1787 2660 1855 fugienti
2709 1790 2838 1842 mihi
2894 1792 3072 1846 nullus
3126 1795 3409 1863 opitulator

1892 1872 2059 1933 adest,
2095 1872 2298 1924 nullum
2329 1872 2598 1941 eﬁ‘ugium,
2638 1878 2897 1931 securitas
2930 1880 3410 1950 nulla;solumque

1890 1957 2168 2011 Dominum
2193 1958 2380 2011 animae
2413 1975 2539 2012 meae
2568 1962 2869 2028 praesidium
2896 1966 3097 2031 paravi,
3123 1976 3279 2035 atque
3308 1970 3409 2037 ipsi

1891 2047 2010 2112 soli,
2041 2062 2147 2100 non
2190 2055 2332 2100 recte
2367 2047 2521 2101 factis
2554 2051 2721 2113 meis,
2764 2053 2982 2105 conﬁdit
3027 2056 3204 2109 anima
3256 2073 3406 2124 mea;

193 2142 363 2210 ψυχή
390 2159 488 2211 μου
510 2142 732 2211 Θαρῤεῖο
777 2143 1017 2203 εἰκότως,
1038 2143 1134 2193 ἐπὶ
1176 2142 1252 2206 τῷ
1268 2144 1452 2208 Κυρίῳ
1502 2141 1778 2208 καυχήσε-

1893 2134 2004 2201 iure
2042 2150 2170 2189 sane
2231 2136 2285 2187 in
2323 2136 2538 2188 Domino
2593 2138 2889 2190 laudabitur
2926 2142 3099 2193 anima
3134 2159 3279 2195 mea:
3310 2162 3405 2196 au-

190 2248 311 2283 tat
332 2234 371 2297 ἡ
396 2232 565 2299 ψυχή
582 2248 710 2299 μου
733 2247 746 2260 ·
776 2231 1206 2283 ἀκουσάτωσαν
1222 2230 1422 2296 πραεῖς
1444 2232 1535 2282 καὶ
1553 2232 1792 2297 εὐφραν-

193 2324 521 2387 θήτωσαν.
599 2324 739 2391 Ἐμὲ
789 2323 846 2373 δὲ
888 2321 1137 2382 λαϐόντες
1174 2322 1465 2389 ὑπόδειγμα
1509 2322 1699 2383 πάντες
1742 2322 1789 2371 oi

194 2415 383 2481 πρᾶοι
423 2414 519 2464 κα)⁵
553 2412 814 2464 ταπεινοὶ
846 2410 940 2462 καὶ
965 2411 1218 2471 ἐπιεικεῖς
1238 2410 1322 2461 διὰ
1342 2409 1435 2479 τὴν
1457 2412 1533 2471 εἰς
1557 2410 1642 2461 τὸν
1664 2410 1789 2461 Θεὸν

195 2503 506 2557 εὐλάϐειαν
528 2545 545 2568 ,
576 2502 967 2572 θαρῤείτωσαν
985 2501 1076 2551 καὶ
1103 2498 1512 2569 πληρούσθωσαν
1538 2498 1791 2568 εὐφροσύ-

190 2608 311 2659 νης
334 2632 349 2652 ,
385 2593 455 2643 τὰ
496 2593 595 2643 ἴσα
632 2608 724 2660 μοι
761 2590 1258 2660 προσδοκήσαντες,
1302 2589 1392 2640 καὶ
1419 2588 1573 2639 αὐτὸν
1606 2587 1788 2640 ἐλπίδα

188 2681 298 2732 τὸν
328 2682 541 2751 Κύριον
558 2681 808 2749 θέμενοι.
854 2680 1002 2730 Ἐπεὶ
1018 2680 1073 2730 δὲ
1096 2678 1185 2730 καὶ
1209 2679 1302 2747 τὴν
1326 2678 1584 2747 ῥομφαίαν
1604 2676 1641 2727 Γ
1644 2676 1786 2729 ολιὰθ

186 2770 303 2821 τοῦ
328 2770 644 2837 ἀλλο-ξύλου
665 2768 820 2838 παρὰ
836 2768 913 2836 τῷ
943 2767 1222 2835 Ἀὅιμέλεχ
1236 2765 1409 2818 λαϐὼν
1432 2767 1590 2835 ἀπῄει
1609 2782 1621 2794 °
1656 2764 1786 2816 Ἀλλ’

184 2862 315 2912 οὐδ’
345 2862 442 2914 ἐπὶ
454 2862 661 2931 τούτῳ,
688 2859 843 2929 φησὶ,
876 2860 1232 2927 καυχήσομαι,
1260 2858 1371 2909 ἀλλ’
1390 2859 1477 2909 ἐπὶ
1490 2857 1565 2925 τῷ
1586 2858 1785 2926 Κυρίῳ,

188 2950 271 3002 δι’
310 2951 374 3003 ὃν
406 2951 624 3020 ταύτην
655 2950 977 3017 ἐκτησάμην
1006 2948 1102 3016 τὴν
1142 2946 1437 3015 ῥομφαίαν·
1468 2946 1540 3007 ὡς
1575 2947 1664 2997 καὶ
1700 2945 1787 2997 τὸν

196 3044 368 3115 ἱερέα
391 3046 573 3097 εἰπεῖν
598 3042 755 3111 αὑτῷ
778 3058 791 3071 ·
826 3040 969 3093 Ἰδοὺ
994 3041 1031 3105 ἡ
1053 3040 1312 3106 ῥομφαία
1332 3038 1547 3091 Γολιὰθ
1571 3037 1673 3089 τοῦ
1696 3040 1788 3088 Φι-

1888 2222 2031 2275 diant
2055 2227 2305 2277 mansueti
2335 2236 2383 2277 et
2414 2226 2665 2281 la'tentur.
2691 2227 2875 2296 Meque
2904 2230 2955 2281 in
2980 2233 3275 2300 exemplum
3304 2236 3406 2288 sibi

1888 2320 2242 2379 proponentes
2285 2315 2545 2367 mansueti
2588 2330 2789 2379 omnes,
2827 2318 3050 2372 humiles
3079 2334 3140 2372 ac
3182 2323 3406 2377 modesti

1886 2401 2020 2463 viri,
2059 2403 2127 2454 ob
2171 2403 2417 2469 pietatem
2466 2419 2589 2473 erga
2628 2404 2791 2459 Deum
2824 2422 3015 2473 suam,
3058 2410 3325 2464 conﬁdant
3354 2420 3406 2466 et

1889 2490 2081 2558 gaudio
2126 2494 2498 2557 cumulentur,
2546 2497 2695 2560 paria
2746 2512 2953 2551 mecum
3014 2508 3401 2568 exspectantes,

1888 2579 2168 2648 ipsumque
2222 2581 2504 2635 Dominum
2561 2584 2661 2636 sibi
2724 2585 2774 2637 in
2838 2602 2981 2655 spem
3028 2597 3402 2655 proponentes.

1889 2664 2149 2729 Quoniam
2197 2682 2322 2720 vero
2365 2675 2644 2737 postquam
2688 2671 2919 2738 gladium
2963 2675 3265 2744 alienigena:
3302 2676 3406 2730 Cio—-

1887 2754 2015 2805 liath
2059 2754 2125 2807 ab
2151 2755 2493 2809 Abimelecho
2550 2769 2856 2826 acceperat,
2900 2761 3146 2816 discessit
3184 2780 3400 2834 :neque

1887 2842 1939 2894 in
1964 2842 2279 2911 hoc,inquit,
2301 2844 2585 2912 gloriabor,
2608 2847 2700 2899 sed
2727 2848 2779 2899 in
2798 2847 3036 2912 Domino,
3062 2852 3213 2919 cujus
3246 2854 3406 2908 bene-

1888 2931 2007 2984 ﬁcio
2045 2932 2187 2985 hunc
2236 2934 2466 3001 gladium
2508 2942 2698 2988 nactus
2749 2952 2905 3000 sum;
2943 2938 3011 2991 ita
3062 2948 3118 2992 ut
3166 2943 3245 2995 vel
3294 2944 3405 3011 ipse

1887 3022 2136 3075 sacerdos
2184 3023 2261 3075 sic
2306 3038 2424 3075 eum
2459 3025 2840 3092 compellaret:
2892 3026 3022 3080 Ecce
3061 3029 3265 3096 gladius
3305 3031 3406 3085 Go-

196 3110 497 3187 λίσταίου
521 3176 537 3201 ,
583 3133 661 3185 ὃν
688 3130 992 3193 ἐπάταξας
1022 3129 1091 3181 ὲν
1118 3127 1189 3195 τῇ
1216 3126 1441 3179 κοιλάδι
1480 3126 1622 3191 Ἠλᾷ
1645 3166 1659 3189 ,
1691 3127 1778 3178 καί

1893 3111 2013 3162 liath
2035 3110 2347 3173 Pliilistluei,
2372 3128 2517 3179 quem
2559 3117 2859 3180 percussisti
2884 3118 2935 3168 in
2964 3121 3094 3172 valle
3115 3119 3233 3182 Ela,
3267 3123 3407 3175 inuo-

196 3224 362 3290 αὐτὴ
387 3220 809 3289 ἐνειλημμένη
838 3216 1059 3286 ἱματίῳ.
1092 3219 1159 3269 El
1182 3216 1402 3280 ταύτην
1424 3213 1615 3280 λήψῃ,
1644 3230 1785 3267 σαυ-

196 3310 291 3374 τῷ
309 3312 462 3364 ,λάϐε
482 3350 497 3373 ,
532 3311 628 3363 ὅτι
657 3312 774 3361 οὐκ
802 3308 972 3360 ἐστιν
990 3304 1156 3371 ἑτέρα
1181 3303 1363 3371 παρὲξ
1388 3302 1589 3369 αὐτῆς.
1631 3301 1784 3353 Ὥστε

197 3400 415 3453 τούτων
447 3400 777 3454 ἀκούσαντα
804 3396 892 3448 τὸν
924 3393 1083 3447 Δαυῖδ
1113 3396 1309 3445 είπεῖν’
1365 3394 1464 3443 Ἐν
1490 3390 1567 3454 τῷ
1596 3391 1786 3456 Κυρίῳ

193 3491 691 3558 ἐπαινεθήσεται
722 3490 761 3555 ἡ
798 3486 967 3554 ψυχή
984 3496 1119 3553 μου.
1153 3483 1402 3550 Μεγάλην
1429 3482 1578 3545 δόξαν
1601 3480 1784 3550 ἔφερεν

200 3582 385 3637 ἐκεῖνο
412 3585 479 3636 τὸ
507 3584 647 3653 δόρυ
670 3580 752 3649 τῷ
773 3577 964 3641 Δαυῒδ,
995 3576 1256 3646 παιδαρίῳ
1286 3574 1378 3643 μὲν
1402 3572 1508 3624 δντι
1529 3610 1543 3636 ,
1576 3571 1666 3623 καὶ
1693 3588 1787 3640 μη-

200 3671 268 3724 δὲ
301 3675 492 3746 φέρειν
541 3672 695 3725 ὅπλα.
725 3668 991 3737 πολεμικὰ
1021 3664 1354 3733 ἐπισταμένῳ
1374 3703 1388 3726 ,
1419 3661 1593 3712 πίστει
1635 3660 1691 3711 δὲ
1718 3662 1781 3728 τῇ

206 3763 294 3823 ιίς
318 3765 456 3817 Θεὸν
492 3758 1008 3827 καταγωνισαμένῳ
1033 3756 1121 3807 τὸν
1157 3751 1342 3805 Γολιὰθ
1369 3791 1382 3815 ,
1416 3750 1488 3811 ὡς
1518 3749 1601 3801 διὰ
1632 3748 1783 3800 τοῦτο

207 3850 325 3904 ἀντὶ
370 3854 743 3921 ἀναθήματος
780 3848 878 3916 τὴν
907 3843 1171 3914 ῥομφαίαν
1213 3841 1373 3911 μόνην
1416 3838 1624 3906 ἐκείνην
1653 3839 1781 3889 ἀνα-

211 3945 423 3996 κεῖσθαι
455 3945 515 3994 ἐν
544 3939 629 4008 τῷ
666 3935 801 4007 ἱερῷ
821 3951 834 3964 ·
886 3934 914 3985 ὃ
937 3933 999 4002 δὴ
1031 3933 1123 3983 καὶ
1154 3930 1523 3998 ἐπεσημήνατο
1550 3928 1720 3996 φήσας
1755 3926 1783 3976 ὁ

215 4030 423 4093 ἱερεύς’
458 4028 577 4083 Καὶ
620 4028 737 4078 οὐκ
771 4026 940 4076 ἐστιν
967 4020 1141 4086 ἄλλη.
1203 4019 1334 4070 Οὐδέ
1356 4019 1461 4087 γὰρ
1487 4017 1610 4085 ἐξῆν
1638 4018 1691 4067 ἐν
1716 4018 1779 4084 τῇ

214 4122 383 4188 σκηνῇ
438 4115 540 4168 τοῦ
590 4112 734 4166 Θεοῦ
769 4110 909 4163 ὅπλα
939 4107 1202 4176 πολεμικὰ
1240 4106 1611 4157 ἀποτίθεσθαι·
1653 4104 1782 4173 μόνη

211 4203 271 4255 δὲ
295 4207 479 4276 ἐκείνη
516 4207 601 4266 εἰς
641 4204 864 4272 μνήμην
908 4196 998 4249 τοῦ
1038 4195 1197 4248 Δαυῖδ
1223 4196 1318 4263 τῆς
1348 4195 1484 4247 κατὰ
1511 4194 1602 4245 τοῦ
1629 4193 1783 4245 uno-

213 4294 377 4360 φύλου
412 4296 579 4362 νίκης
609 4292 864 4344 ἀνέκειτο
883 4325 897 4350 ,
929 4284 1127 4336 ὡσανεὶ
1148 4285 1545 4354 εὐχαριστήριον
1570 4284 1782 4334 ἀποκει-

214 4384 348 4457 μένη
376 4386 457 4455 τῷ
483 4385 589 4454 τὴν
620 4382 782 4449 νίκην
808 4376 955 4445 αὐτῷ
981 4373 1332 4445 δεδωρημένῳ
1361 4371 1436 4440 τῷ
1462 4371 1592 4439 Θεῷ.

1890 3200 2025 3251 lutus
2058 3209 2207 3253 veste.
2238 3198 2295 3252 Si
2323 3200 2454 3251 hunc
2480 3202 2551 3253 vis
2584 3202 2780 3263 tollere,
2814 3205 2934 3256 tolle
2962 3206 3071 3271 tibi,
3098 3210 3217 3275 quia
3231 3212 3404 3265 nullus

1889 3287 2021 3337 alius
2045 3286 2124 3337 llic
2149 3295 2223 3338 est
2251 3294 2436 3349 prmter
2452 3288 2617 3352 ipsum
2640 3288 2701 3341 ¹².
2735 3287 2827 3341 His
2853 3289 3030 3357 itaque
3056 3294 3271 3356 auditis,
3304 3294 3405 3346 Da-

1885 3374 1973 3429 vid
2002 3376 2104 3429 ait:
2133 3374 2196 3427 In
2229 3374 2445 3428 Domino
2474 3375 2770 3426 laudabitur
2803 3378 2977 3429 anima
3008 3396 3138 3434 mea.
3164 3381 3403 3451 Magnam

1887 3472 2030 3517 certe
2063 3463 2245 3516 Davidi
2292 3465 2511 3532 gloriam
2542 3465 2759 3532 parabat
2808 3466 2896 3519 ille
2936 3468 3171 3535 gladius;
3203 3473 3401 3541 quippe

1888 3552 1979 3621 qui
2017 3553 2272 3620 puerulus
2302 3567 2422 3606 cum
2456 3559 2618 3614 esset,
2664 3552 3082 3623 bellicorumque
3132 3573 3403 3613 armorum

1887 3642 2185 3709 imperitus,
2222 3640 2322 3693 ﬁde
2359 3641 2412 3693 in
2447 3632 2610 3694 Deum
2658 3641 2894 3695 munitus
2934 3642 3139 3697 Golith
3175 3647 3401 3710 devicit;

1886 3733 1958 3783 ita
1981 3738 2037 3783 ut
2060 3746 2123 3784 ea
2148 3731 2212 3784 de
2242 3745 2403 3783 causa
2438 3729 2644 3782 donarii
2670 3730 2786 3783 loco
2815 3731 2961 3786 solus
2990 3734 3077 3788 ille
3107 3736 3310 3803 gladius
3349 3736 3403 3789 in

1886 3834 2040 3874 sacro
2078 3820 2344 3888 repositus
2392 3827 2578 3872 esset:
2624 3820 2764 3888 quod
2810 3821 2982 3889 ipsum
3031 3823 3279 3876 sacerdos
3321 3823 3404 3877 his

1885 3910 2061 3963 verbis
2090 3908 2361 3969 indicavit,
2396 3921 2444 3959 et
2478 3909 2649 3962 nullus
2686 3910 2821 3962 alius
2848 3919 2943 3963 est.
2972 3909 3151 3978 Neque
3184 3914 3322 3966 enim
3351 3915 3403 3968 in

1884 3999 2226 4052 tabernaculo
2257 3998 2347 4051 Dei
2384 3999 2573 4052 licebat
2605 4014 2752 4051 arma
2778 4001 2965 4053 bellica
2998 4000 3275 4067 deponere.
3308 4002 3404 4057 ilic

1886 4098 2061 4142 autem
2096 4090 2243 4142 solus
2282 4088 2335 4140 in
2373 4091 2680 4142 memoriam
2725 4097 3000 4157 reportatae
3030 4103 3056 4139 a
3098 4088 3293 4143 Davide
3338 4091 3403 4145 de

1885 4179 2181 4247 alienigena
2212 4180 2447 4231 victoriae
2482 4181 2747 4247 repositus
2779 4186 2913 4241 erat,
2945 4179 3096 4247 quasi
3134 4178 3186 4230 in
3208 4181 3403 4247 gratia-

1886 4284 2003 4321 rum
2037 4269 2297 4322 actionem
2332 4268 2440 4322 Deo
2468 4272 2558 4337 qui
2583 4270 2856 4323 victoriam
2885 4270 2981 4337 ipsi
3010 4267 3243 4324 dederat.

282 4439 686 4542 Μὲτιὲλύὶ-ατε
714 4439 825 4520 ἑὸν
846 4439 1060 4532 Κύριον
1089 4439 1207 4516 άὺᾷἔ
1229 4439 1386 4529 ἐμοὶ,
1411 4439 1511 4513 ίκαι
1538 4460 1778 4527 ὑψώσω-

1955 4441 2115 4494 VEns.
2149 4443 2200 4494 3.
2228 4441 2559 4509 Magniﬁcate
2590 4439 2864 4491 Dominum
2895 4454 3106 4502 mecum,
3132 4448 3179 4490 et
3214 4439 3405 4492 exalte‘

196 4577 327 4625 μετ’
353 4566 419 4618 τὸ
453 4564 653 4630 ὄνομα
681 4557 873 4610 αὐτοῦ
905 4555 1001 4606 ἐπὶ
1025 4554 1089 4606 τὸ
1112 4554 1273 4605 αὑτό.
1313 4552 1374 4603 0i.
1401 4551 1505 4619 γὰρ
1533 4550 1595 4601 δι’
1615 4549 1785 4619 ἔργων

200 4657 318 4706 καὶ
350 4654 466 4723 βίου
493 4651 589 4704 τοῦ
633 4649 759 4701 κατ’
793 4644 990 4715 ἀρετὴν
1027 4643 1121 4712 τὴν
1154 4644 1209 4694 ἐν
1257 4643 1460 4701 ἑαυτοῖς
1491 4641 1667 4693 εἰκόνα
1693 4640 1783 4692 τοῦ

193 4733 357 4795 Θεοῦ
385 4740 743 4811 κοσμοῦντες,
775 4734 937 4787 αὑτὸν
962 4732 1235 4797 δοξάζουσι
1259 4730 1351 4781 καὶ
1378 4729 1611 4798 ὑψοῦσιν.
1641 4729 1788 4792 Ἐξε-

185 4822 446 4898 ὗξτησα
474 4832 582 4883 τὸν
608 4829 834 4894 Κύριον
862 4823 960 4876 καὶ
984 4818 1286 4889 ἐπήκουσέ
1317 4835 1451 4886 μου.
1515 4818 1660 4868 Ἐπεὶ
1689 4817 1782 4886 τῷ,

179 4908 550 4989 ἐξεᾷᾕτησα
572 4962 587 4986 ,
624 4919 688 4970 τὸ
706 4955 722 4980 ,
763 4911 1067 4978 ἐπήκουσέ
1088 4927 1204 4979 μου
1225 4947 1240 4972 ,
1268 4905 1611 4975 ἀνταπεδόθη.

284 5093 474 5159 οὗτος
508 5095 541 5145 ό
569 5086 813 5155 πτωχὸς
844 5081 1155 5148 ἐκέκραξε,
1192 5076 1292 5129 καὶ
1324 5078 1357 5127 ό
1390 5077 1594 5141 Κύριος
1619 5077 1783 5142 εισή-

175 5190 223 5225 κ
265 5197 448 5238 ουσεν
471 5179 668 5235 αὐτοῦ
685 5216 700 5239 ,
728 5176 823 5227 καὶ
846 5175 913 5225 ἐκ
934 5169 1143 5224 πασῶν
1162 5166 1284 5218 τῶν
1308 5164 1561 5229 θλίψεων
1604 5166 1787 5217 αὑτοῦ

183 5262 458 5326 εἴ-ισῳυνειιθ
475 5269 689 5323 αὐτόν.
724 5262 885 5316 Πάλιν
904 5260 1089 5313 ἐαυτὸν
1107 5293 1121 5316 ,
1137 5255 1213 5312 ὼς
1233 5250 1331 5329 καὶ
1352 5251 1405 5300 ἐν
1424 5253 1529 5310 τοῖς
1550 5250 1789 5323 ἔμπροσ-

214 5352 361 5422 Wo),
397 5353 765 5427 ὑπογραμμὸν
804 5350 1022 5421 παρέχει
1057 5344 1153 5410 τῆς
1185 5334 1397 5427 Δἐτέρων
1418 5337 1785 5427 διδασκαλίας.

246 5446 443 5518 Πτωχὺν
616 5423 804 5496 ἐαυτὸν
835 5438 995 5491 εἰπὼν
1030 5432 1114 5518 διά
1142 5425 1246 5492 τὴν
1393 5424 1572 5518 ’ψυχῆς
1593 5426 1789 5518 ἑαυτοῦ

252 5510 663 5591 ταπείνωσινάαὶ
685 5526 1021 5599 μετριοσύνην
1039 5557 1052 5582 ,
1070 5517 1145 5576 ὡς
1167 5526 1239 5562 πε
1247 5510 1303 5577 ρὶ
1322 5511 1497 5579 ἑτέρω)
1520 5513 1648 5582 περὶ
1667 5514 1790 5567 ἐαυ-

322 5714 348 5746 ¹¹
382 5715 398 5767 Ι
436 5715 575 5781 Reg.
614 5721 730 5769 ιν,
767 5703 813 5757 9-

1889 4549 2001 4586 mus
2022 4548 2202 4585 nomen
2235 4532 2345 4598 ejus
2378 4533 2429 4583 in
2474 4530 2715 4597 idipsum.
2759 4521 2887 4579 Nam
2918 4526 3006 4595 qui
3056 4530 3305 4595 operibus
3341 4542 3404 4582 ac

1888 4625 1994 4677 vita
2022 4638 2141 4675 cum
2178 4622 2367 4675 virtute
2411 4631 2527 4673 acta
2559 4618 2839 4686 imaginem
2892 4617 2985 4670 Dei
3011 4618 3064 4670 in
3095 4634 3151 4672 se
3174 4619 3400 4686 positam

1889 4721 2167 4777 exornant,
2190 4712 2226 4764 ii
2255 4726 2382 4765 sane
2411 4712 2581 4778 ipsum
2610 4707 2776 4776 gloria
2817 4706 3050 4760 alliciunt
3068 4715 3119 4760 et
3149 4706 3399 4760 exaltant.

1892 4804 2157 4874 Exquisivi
2191 4802 2458 4854 Dominum
2481 4808 2527 4851 et
2558 4795 2818 4849 exaudivit
2850 4813 2946 4849 me.
2979 4794 3244 4863 Siquidem
3278 4793 3402 4845 huic

1888 4892 2040 4954 voci,
2078 4890 2360 4958 exquisivi,
2423 4887 2511 4938 illa
2567 4884 2803 4937 vicissim
2853 4883 3088 4945 additur,
3144 4882 3402 4935 exaudivit

1889 4999 1985 5034 me.

1964 5067 2122 5121 Vens.
2160 5065 2271 5118 6-8.
2324 5053 2429 5116 Iste
2473 5071 2666 5127 pauper
2721 5058 2994 5121 clamavit,
3048 5065 3096 5109 et
3154 5057 3402 5110 Dominus

1885 5157 2139 5213 exaudivit
2186 5170 2320 5212 eum,
2366 5161 2413 5204 et
2451 5148 2511 5201 de
2550 5147 2783 5200 omnibus
2836 5145 3250 5199 tribulationibus
3290 5147 3400 5212 ejus

1887 5246 2101 5300 salvavil
2130 5259 2261 5295 eum.
2295 5239 2388 5291 Hic
2421 5251 2656 5297 rursum,
2698 5235 2771 5286 uti
2806 5235 3070 5301 superius,
3102 5235 3399 5300 exemplum

1889 5334 2182 5405 disciplinae
2210 5345 2325 5384 sese
2350 5327 2467 5379 aliis
2494 5323 2751 5390 perhibet.
2774 5322 2906 5375 Cum
2937 5337 2993 5375 se
3022 5337 3246 5390 namque
3272 5336 3400 5389 pau-

1890 5440 2067 5494 perem
2113 5422 2182 5475 ob
2223 5418 2410 5470 animae
2447 5426 2554 5466 suae
2598 5411 2948 5464 humilitatem
2994 5425 3057 5463 ac
3088 5410 3397 5465 modestiam

1892 5516 2146 5575 declarat,
2182 5508 2247 5562 de
2278 5504 2471 5575 seipse
2509 5502 2665 5568 quasi
2703 5500 2767 5556 de
2795 5500 2896 5554 alio
2924 5501 3060 5553 hanc
3102 5499 3399 5555 doctrinam
