3782 6306
630 360 740 420 nos
1281 358 1543 416 unseen
1575 353 2039 413 casammsrs
2074 342 2221 411 opp.
2260 336 2437 408 mas
2473 350 2559 406 Ill.
2596 381 2666 392 —
2698 336 3095 411 EXECETICA.
3535 358 3601 411 ne

630 482 836 537 tradit:
876 480 982 534 Iste
1002 488 1193 548 pauper
1228 476 1489 536 clamavit,
1525 482 1573 526 et
1612 472 1863 524 Dominus
1898 469 2148 524 exaudivit

2188 477 2231 534 Α
2258 469 2349 522 τοῦ
2385 466 2621 521 διδάσκει
2642 463 2809 536 λέγων
2827 486 2840 498 θ
2870 465 3055 532 Οὗτος
3081 468 3113 518 ὀ
3140 463 3322 532 πτωχὸς
3346 464 3534 533 ἐνιέκραξε
3550 475 3609 525 καὶ

629 589 769 628 eum.
804 572 868 625 At
896 586 982 633 ne,
1030 567 1219 635 inquit,
1268 563 1641 624 arbitremini,
1681 577 1765 615 me
1809 560 2022 629 quidem
2067 561 2148 629 qui

2259 561 2292 611 ὀ
2328 560 2538 623 Κύριος
2565 557 2917 621 εὶσήκουσεν
2946 556 3151 609 αὑτοῦ.
3194 554 3312 605 Ἀλλὰ
3337 555 3388 625 μὴ
3407 556 3486 625 ἐμὲ,
3513 561 3610 628 φησὶ,

630 680 729 733 pro
759 677 879 730 rege.
920 674 981 712 ac
1014 656 1249 711 universi
1303 654 1479 723 populi
1520 653 1760 722 principe
1798 652 2031 715 habeor,
2066 649 2148 704 sed

2262 648 2415 718 μόνον
2437 647 2780 717 τετυχηκέναι
2801 646 3156 716 νομίζετε,τὸν
3174 642 3437 713 νομιζόμενον
3453 645 3518 714 μὲν
3533 644 3616 701 εἶναι

632 730 809 808 animo
839 752 907 803 ob
970 748 1059 801 Dei
1115 755 1311 799 metum
1361 760 1564 814 pauper
1604 758 1760 804 sum,
1809 742 1982 796 solum
2036 741 2148 795 talia

2260 734 2475 805 βασιλέα
2506 737 2597 787 καὶ
2625 736 2853 804 ἄρχοντα
2877 733 2968 786 τοῦ
3002 732 3196 794 παντὸς
3223 730 3382 794 ἔθνους,
3400 734 3447 800 τῇ
3468 733 3505 785 δὲ
3526 735 3614 807 ψυχῇ

630 848 1003 901 consecutum;
1029 838 1300 890 enimvero
1323 837 1486 904 probe
1508 840 1837 902 compertum
1859 841 1959 894 est,
1986 832 2158 901 ipsum

631 933 908 985 Dominum
943 928 1032 995 qui
1079 941 1316 995 praesens
1372 925 1623 977 omnibus
1666 931 1768 983 est,
1814 922 2017 976 similes
2054 921 2158 975 mei

627 1032 916 1091 pauperes.
948 1017 1195 1070 videlicet
1229 1015 1475 1067 timentes
1522 1013 1709 1076 Deum,
1759 1011 2155 1065 exauditurum.

627 1108 840 1163 Gustata
895 1117 944 1161 et
994 1106 1156 1159 videte
1213 1104 1456 1174 quoniam
1507 1103 1680 1155 suavis
1737 1109 1813 1154 est
1866 1099 2156 1153 Dominus:

627 1201 802 1253 beatus
836 1199 911 1250 vir
942 1197 1029 1267 qui
1060 1203 1231 1262 sperat
1274 1196 1328 1245 in
1356 1210 1435 1246 eo.
1474 1192 1731 1261 Quisquis
1758 1191 1825 1244 ob
1870 1189 2156 1259 perfectam

624 1298 677 1344 et
706 1287 1092 1341 indelicientem
1125 1286 1177 1336 in
1229 1283 1393 1337 Deum
1428 1298 1573 1351 spem
1604 1284 1683 1336 vir
1703 1282 1935 1346 exsistit,
1970 1281 2156 1335 beatus

622 1387 725 1434 est.
761 1376 940 1445 Neque
983 1376 1078 1428 abs
1117 1390 1175 1427 re
1216 1373 1420 1441 Aquilae
1450 1369 1876 1439 interpretationi
1923 1384 2155 1437 praesens

622 1468 822 1522 dictum
858 1466 978 1534 quis
1024 1463 1305 1533 optaverit.
1341 1461 1398 1514 In
1431 1461 1586 1512 titulo
1616 1459 1812 1528 quippe
1861 1458 2155 1512 secundum

620 1556 867 1624 Aquilam
898 1556 1096 1606 dictum
1148 1558 1271 1604 est:
1326 1549 1561 1611 Davidis,
1620 1548 1825 1617 quando
1866 1548 2156 1599 immutavit

621 1658 826 1717 gustum
856 1659 1005 1697 suum
1052 1650 1169 1693 ante
1213 1639 1396 1707 faciem
1455 1636 1762 1691 Abimelech.
1812 1634 1947 1701 Quia
1998 1637 2156 1705 igitur

622 1734 756 1802 ipse,
791 1748 909 1786 cum
957 1741 1120 1799 panes
1168 1726 1548 1795 propositionis
1587 1725 1927 1787 comedisset,
1965 1723 2155 1776 immu-

2258 824 2595 892 πτωχεύοντα
2630 823 2713 875 διὰ
2740 823 2826 874 τὸν
2846 822 2937 873 τοῦ
2973 821 3108 873 Θεοῦ
3146 820 3301 887 φόϐον·
3329 820 3496 889 ἀκριϐῶς
3515 823 3553 876 δὲ
3574 842 3618 891 γιι

2257 913 2517 966 νώσκεται
2540 953 2552 973 ,
2578 914 2657 965 ὅτι
2684 914 2712 964 6
2744 913 2901 973 αὐτὸς
2922 908 3125 981 Κύριος
3149 910 3230 962 καὶ
3255 908 3395 980 παρὼν
3412 911 3482 963 τῶν
3497 914 3612 982 ὁμοίω

2256 1004 2375 1072 ἐμοὶ
2400 1003 2624 1072 πτωχῶν
2649 1043 2662 1066 ,
2696 1002 2835 1069 λέγω
2861 1002 2916 1053 δὲ
2940 1001 3048 1054 τῶν
3076 1000 3367 1068 φοϐουμένων
3389 999 3521 1062 αὐτον,
3541 1006 3618 1054 tios

2255 1092 2517 1145 κούσεται.
2547 1093 2854 1143 Γεύσασθε
2879 1091 2976 1144 καὶ
3022 1089 3170 1141 ἴδετε
3214 1087 3287 1139 ὅτι
3310 1088 3505 1155 χρηστὸς
3525 1094 3547 1143 ό
3571 1096 3615 1143 Κι

2247 1200 2392 1250 ριος·
2420 1180 2703 1250 μακάριος
2726 1180 2879 1247 ἀνὴρ
2898 1181 2964 1245 ὃς
2984 1179 3196 1238 ἐλπίζει
3219 1178 3463 1256 ἐπίαὺτόν·
3487 1176 3618 1233 nam

2253 1274 2463 1336 τελείως
2487 1274 2576 1325 καὶ
2603 1273 2893 1333 ἀνελλιπῶς
2924 1269 3160 1333 ἐλπίζειν
3187 1272 3271 1322 ἐπὶ
3295 1268 3395 1321 Θεὸν
3420 1270 3523 1339 ἀνὴρ
3540 1273 3612 1324 imi

2254 1382 2360 1434 χων
2393 1364 2654 1435 μακάριός
2685 1366 2847 1417 ἐστιν,
2897 1363 3009 1415 Ούκ
3038 1360 3316 1422 ἀπεικότως
3337 1360 3385 1412 ἄν
3409 1377 3472 1421 τις
3494 1363 3618 1431 saepe

2255 1470 2392 1507 σειεν
2414 1458 2479 1525 τῇ
2504 1454 2640 1507 κατὰ
2664 1454 2753 1506 τὸν
2788 1453 3017 1506 Ἀκύλαν
3045 1451 3297 1522 ἑρμηνείᾳ
3313 1450 3388 1520 τὴν
3408 1452 3618 1521 προκειμὲν

2253 1544 2417 1610 λέξιν·
2442 1546 2662 1614 ἐπείπερ
2688 1546 2743 1597 ἐν
2768 1546 2832 1613 τῇ
2858 1544 3146 1612 προγραφῇ
3168 1541 3301 1593 κατὰ
3317 1537 3387 1592 τὸν
3411 1538 3616 1592 Ἀκύλανέ

2253 1651 2374 1701 γετο
2388 1651 2400 1663 ο
2439 1634 2547 1687 Τοῦ
2566 1634 2760 1697 Δαυῒδ,
2786 1633 2882 1685 ὅτε
2905 1633 3202 1699 ἠλλοίωσε
3223 1630 3287 1683 τὸ
3308 1630 3457 1701 γεῦμα
3473 1630 3606 1683 αὑτοῦ

2253 1726 2567 1792 πρόσωπον
2606 1723 2926 1791 Ἀϐιμέλεχ.
2965 1721 3120 1773 Ἐπεὶ
3149 1722 3319 1775 τοίνυν
3346 1722 3490 1787 αὐτὸς,
3514 1722 3618 1772 uiri»

623 1796 753 1875 tavit
791 1796 1005 1889 gustum
1056 1834 1235 1880 suum,
1270 1833 1331 1871 ac
1379 1832 1441 1871 ex
1491 1823 1650 1884 gustu
1680 1815 1871 1869 deinde
1921 1813 2148 1867 divinam

2186 1796 2226 1849 Β
2256 1834 2359 1868 των
2389 1817 2483 1885 τῆς
2510 1815 2813 1885 προθέσεως
2855 1811 3171 1883 μεταλαϐὼν
3189 1853 3205 1879 ,
3261 1813 3481 1881 ὴλλσξωσε
3502 1814 3547 1865 τὸ
3568 1814 3618 1881 γεέ

624 1913 725 1967 sibi
768 1914 1018 1963 virtutem
1070 1909 1315 1961 collatam
1363 1905 1529 1958 fuisse
1556 1905 1758 1968 sensit;
1808 1903 2028 1965 idcirco,
2073 1918 2157 1956 se-

622 2001 854 2056 cundum
885 1998 1031 2059 illud,
1058 1998 1258 2066 Absque
1284 1997 1405 2051 dolo
1444 1997 1633 2064 accepi,
1659 1996 1769 2048 sine
1799 1994 1992 2048 invidia
2016 2010 2157 2047 com-

621 2080 923 2153 munico“,
973 2088 1039 2140 ad
1088 2087 1421 2140 consimilem
1484 2094 1698 2154 gustum
1753 2082 2155 2155 percipiendum

622 2182 755 2233 alios
799 2178 1052 2233 festinare
1091 2177 1423 2239 cohortatur,
1458 2187 1618 2245 atque
1668 2177 1877 2244 precari
1907 2182 1965 2228 ut
2018 2190 2155 2244 pane

619 2271 739 2325 vita!
785 2270 1033 2322 alantur:
1096 2268 1253 2336 cujus
1304 2267 1605 2337 symbolum
1657 2281 1720 2318 ac
1785 2265 1959 2334 imago
2002 2272 2154 2317 erant

621 2366 787 2429 panes
819 2360 892 2413 illi
924 2358 1306 2427 propositionis
1358 2372 1451 2425 per
1499 2355 1697 2425 Moysis
1727 2356 1892 2425 legem
1945 2356 2151 2409 statuti.

622 2450 798 2514 Quare
830 2449 994 2500 David
1044 2462 1165 2500 cum
1207 2447 1528 2516 intelligeret
1581 2444 1735 2513 cujus
1792 2446 1966 2513 imago
2012 2451 2155 2497 esset

624 2538 777 2606 panis
811 2536 896 2587 ille
944 2533 1346 2602 propositionis,
1381 2548 1484 2584 non
1511 2531 1576 2584 ad
1618 2545 1933 2598 corporeum
1963 2545 2151 2598 panem

622 2632 681 2678 ut
720 2624 1070 2687 accedamus;
1104 2620 1195 2675 sed
1244 2622 1307 2673 ad
1348 2636 1537 2688 panem
1589 2620 1679 2687 qui
1722 2634 1979 2686 corporeo
2026 2618 2153 2673 sub-

622 2714 909 2775 indicatur,
959 2726 1058 2764 nos
1115 2718 1389 2779 provocat.
1424 2709 1531 2761 Nos
1564 2710 1725 2778 igitur
1774 2710 1865 2777 qui
1898 2710 1949 2761 in
1997 2710 2151 2764 terris

620 2816 920 2864 versamur,
957 2801 1108 2868 panis
1154 2809 1206 2853 et
1238 2799 1394 2852 Verbi
1432 2800 1521 2867 qui
1552 2798 1616 2852 de
1670 2799 1807 2851 cmlo
1855 2798 2149 2864 descendit,

620 2904 682 2942 ac
719 2890 1062 2957 semetipsum
1119 2887 1413 2943 exinanivit
1445 2896 1497 2939 et
1528 2887 1825 2954 depressit,
1864 2887 2150 2956 participes

621 2977 892 3031 elIicimur.
935 2978 1035 3043 Qui
1073 2993 1199 3031 vero
1228 2984 1352 3031 sunt
1385 2977 1439 3029 in
1467 2991 1631 3044 regno
1681 2976 1960 3038 caelorum,
1995 2978 2151 3044 pleno

622 3067 714 3119 illo
742 3081 803 3121 ac
831 3066 1066 3135 perfecto
1088 3074 1330 3128 utuntur,
1360 3064 1475 3132 ejus
1510 3064 1791 3117 divinitate
1830 3065 2066 3129 enutriti,
2098 3072 2150 3118 et

620 3155 895 3224 sapientia:
944 3155 1487 3222 contemplationibus
1532 3153 1788 3206 fruentes.
1823 3152 1944 3207 Haec
1989 3155 2147 3207 etiam

620 3256 721 3300 nos
766 3247 1053 3315 aliquando
1102 3243 1378 3299 obtinendi
1425 3258 1572 3311 spem
1632 3243 1830 3297 habere
1880 3244 2146 3307 convenit,

617 3337 963 3407 quamobrem
1011 3334 1211 3387 dictum
1261 3340 1386 3387 est:
1450 3331 1635 3385 Beatus
1705 3333 1782 3384 vir
1843 3332 1931 3401 qui
1980 3342 2149 3401 sperat

617 3427 670 3481 εἰ
700 3442 779 3479 eo.

689 3514 851 3568 Vens.
888 3513 941 3566 9.
992 3510 1183 3565 Timete
1230 3511 1526 3575 Dominum,
1570 3529 1740 3566 omnes
1789 3515 1956 3567 sancti
2006 3513 2145 3581 ejus,

618 3605 863 3673 quoniam
895 3619 995 3654 non
1022 3612 1096 3653 est
1124 3602 1295 3667 inopia
1328 3604 1623 3655 timentibus
1652 3619 1786 3655 eum.
1813 3603 1935 3657 Hinc
1970 3604 2149 3657 omnia

622 3694 784 3746 DaVid
830 3694 896 3744 ad
946 3692 1170 3744 aliorum
1220 3692 1504 3745 utilitatem
1569 3695 1950 3747 sententiarum
1999 3709 2147 3748 more

621 3781 844 3851 profert,
879 3794 1105 3848 quorum
1163 3779 1309 3847 prior
1350 3780 1463 3848 ipse
1497 3781 1697 3847 potitus
1742 3790 1875 3846 erat,
1934 3782 2146 3850 quando

621 3870 908 3939 exquisivit
977 3868 1285 3930 Dominum,
1350 3883 1412 3921 ac
1458 3870 1743 3938 propitium
1804 3881 1992 3925 nactus
2042 3880 2142 3926 est.

618 3957 865 4026 Praecipit
894 3958 1071 4026 itaque
1122 3957 1324 4011 sanctis
1358 3956 1470 4019 Dei,
1516 3966 1573 4010 ut
1619 3959 1859 4013 timorem
1891 3962 2007 4027 ejus
2038 3976 2147 4029 pra‘.

617 4050 788 4104 oculis
816 4049 1045 4103 habeant
1077 4067 1089 4102 :
1128 4049 1195 4101 ab
1250 4048 1341 4101 illo
1372 4050 1567 4116 quippe
1600 4052 1787 4102 timore
1825 4050 1994 4102 sancti
2034 4050 2144 4103 elli-

617 4138 866 4204 ciuntur;
898 4138 1016 4191 ideo
1046 4136 1151 4189 alio
1180 4136 1234 4189 in
1266 4137 1468 4204 psalmo
1490 4136 1710 4200 dictum,
1737 4135 1913 4189 Timor
1936 4137 2145 4191 Domini

617 4239 789 4282 castus
832 4229 903 4294 “,
949 4230 1220 4288 videlicet.
1273 4237 1449 4283 castos
1497 4228 1747 4283 elliciens.
1810 4228 2143 4298 QuaprOpter

617 4318 795 4371 divina
828 4319 913 4373 lex
946 4320 1019 4372 ait
1045 4337 1058 4374 :
1100 4319 1279 4372 Sancti
1310 4320 1472 4383 eritis,
1500 4319 1740 4387 quoniam
1769 4334 1857 4387 ego
1897 4318 2139 4371 Dominus

616 4406 752 4459 Deus
786 4417 944 4459 vester
969 4417 1176 4460 sanctus
1207 4424 1320 4460 sum
1346 4408 1407 4460 ’⁵.
1438 4410 1609 4475 Atque
1632 4407 1839 4476 signum
1866 4406 1994 4460 illud
2029 4407 2139 4461 evi-

2175 4427 2213 4481 l)
2237 4418 2444 4483 Κύριος
2477 4418 2508 4468 ὀ
2548 4416 2688 4481 Θεὸς
2722 4416 2887 4485 ὑμῶν
2923 4422 3119 4490 ἅγιος.

616 4496 749 4550 dens
781 4495 939 4550 fuerit
981 4499 1190 4550 timoris
1224 4496 1455 4559 Domini,
1499 4497 1543 4550 si
1585 4497 1706 4565 quis
1742 4510 1771 4549 a
1810 4497 2058 4550 sordibus
2091 4504 2143 4551 et

615 4586 794 4657 pravis
835 4587 1085 4657 operibus
1116 4602 1284 4655 purus
1334 4594 1388 4640 ct
1423 4601 1620 4641 vacuus
1674 4586 1871 4651 luerit,
1920 4601 2143 4654 seseque

616 4685 861 4731 sanctum
899 4690 1122 4745 corpore
1155 4692 1216 4730 ac
1249 4677 1441 4745 spiritu
1467 4676 1776 4730 servaverit.
1809 4674 2141 4729 Timentibus

615 4781 775 4834 porro
799 4765 984 4831 Deum,
1017 4766 1109 4835 qui
1140 4782 1229 4835 per
1250 4768 1365 4835 ejus
1393 4774 1589 4820 metum
1625 4766 1795 4820 sancti
1822 4764 2138 4828 elﬁciuntur,

617 4855 748 4908 nihil
779 4870 1010 4924 unquam
1035 4855 1224 4917 deerit,
1246 4863 1428 4923 utpote
1456 4856 1545 4923 qui
1573 4855 1787 4908 divitias
1824 4868 2042 4923 magnas
2074 4868 2137 4906 ac

617 4943 923 4999 thesaurum
951 4945 1206 5015 optimum
1249 4945 1302 4997 in
1354 4946 1471 5013 ipso
1514 4945 1701 4999 timore
1740 4943 1953 4998 Domini
1985 4958 2133 5012 repe.

617 5032 800 5086 rerint.

1100 5142 1368 5198 DAVIDIS
1403 5142 1636 5199 XXXIV.

686 5227 846 5283 Vsus.
890 5228 1002 5283 1-5.
1037 5230 1247 5298 Judica,
1277 5233 1506 5297 Domine,
1553 5240 1786 5286 nocentes
1834 5246 1931 5295 me,
1967 5244 2130 5298 expu-

618 5336 717 5387 gna
739 5323 1088 5390 impugnantes
1116 5342 1210 5380 me.
1240 5326 1564 5395 Apprehende
1609 5342 1758 5379 arma
1794 5335 1843 5378 et
1880 5333 2083 5376 scutum
2108 5338 2127 5375 ε

620 5418 668 5460 ct
691 5425 905 5479 exsurge
928 5412 982 5463 in
1012 5411 1326 5478 adjutorium
1374 5419 1519 5471 mihi.
1551 5415 1768 5485 Eﬂ'unde
1797 5415 2050 5483 frameam
2077 5421 2126 5465 et

2255 1906 2415 1959 αὐτοῦ
2437 1945 2450 1969 ,
2484 1902 2580 1958 εἶτ’
2614 1906 2717 1957 ἀπὸ
2736 1906 2835 1974 τῆς
2860 1904 3102 1972 γεύσεως
3130 1904 3325 1974 ᾔσθετο
3347 1906 3566 1975 δυνάμεως
3593 1906 3613 1957 θ

2253 1995 2638 2067 χορηγηθείσης
2663 1994 2809 2064 αὐτῷ
2828 2012 2839 2024 ·
2868 1995 3057 2048 τούτου
3088 1998 3250 2066 χάριν
3281 1997 3492 2051 κατὰτόο
3522 1996 3618 2049 Ἀδό

2252 2090 2484 2149 ἔλαϐον,
2512 2088 2777 2155 ἀφθόνως
2800 2088 3208 2159 μεταδίδομαι,
3248 2089 3515 2161 παρακαλεῖ
3538 2090 3608 2141 καὶ

2255 2193 2379 2246 ρους
2402 2176 2645 2229 σπεύδειν
2676 2178 2765 2229 ἐπὶ
2784 2178 2881 2248 τὴν
2909 2179 3103 2247 ὁμοίαν
3127 2180 3289 2249 αὐτῷ
3317 2180 3475 2247 γεῦσιν
3492 2217 3504 2241 ,
3529 2178 3618 2241 εΰξο

2251 2282 2309 2316 τε
2337 2266 2599 2336 τραφῆναι
2631 2265 2707 2334 τῷ
2731 2266 2878 2336 ἄρτῳ
2902 2268 2997 2336 τῆς
3026 2268 3177 2338 ζωῆς
3195 2286 3211 2300 ο
3246 2266 3317 2324 οἶ)
3339 2258 3553 2340 σύμϐολον
3576 2286 3618 2320 κο

2251 2353 2360 2406 κὼν
2378 2355 2660 2424 ἐτύγχανον
2681 2357 2727 2407 οἱ
2751 2356 2835 2408 διὰ
2858 2359 3139 2421 Μωῦσέως
3160 2361 3601 2432 νενομοθετημένα

2251 2447 2347 2515 τῆς
2377 2446 2693 2515 προθέσεως.
2728 2447 2925 2518 Διόπερ
2952 2451 2979 2499 6
3006 2450 3174 2503 Δαυῖδ
3199 2491 3215 2515 ,
3254 2455 3445 2523 νοήσας
3473 2446 3618 2512 τίνοςῗ

2251 2535 2359 2587 κὼν
2396 2538 2422 2587 6
2452 2538 2546 2606 τῆς
2576 2538 2877 2607 προθέσεως
2905 2541 3068 2609 ἄρτος
3088 2582 3102 2605 ,
3136 2545 3245 2596 οὐκ
3276 2545 3373 2597 ἐπὶ
3399 2544 3476 2596 τὸν
3506 2559 3618 2611 σωμο

2252 2626 2493 2677 σπεύδειν
2526 2628 2835 2697 προτρέπει,
2867 2629 2980 2681 ἀλλ’
3004 2632 3099 2682 ἐπὶ
3124 2632 3221 2684 τὸν
3251 2634 3329 2687 δι’
3348 2633 3490 2688 αὐτοῦ
3509 2632 3616 2697 νοούε

2262 2717 2443 2786 Ἡμεῖς
2469 2718 2564 2785 μὲν
2590 2714 2679 2770 οὖν
2708 2721 2755 2770 οἱ
2780 2719 2871 2771 ἐπὶ
2904 2721 3005 2790 γῆς
3038 2724 3104 2774 ὲκ
3134 2724 3237 2776 τοῦ
3267 2725 3492 2798 οὐρανοῦ
3516 2741 3618 2777 κατι

2251 2805 2399 2866 κότος
2444 2805 2534 2856 τοῦ
2579 2807 2738 2876 ἄρτου
2782 2809 2873 2860 καὶ
2917 2808 3011 2861 τοῦ
3052 2810 3242 2878 Λόγου
3288 2815 3593 2874 κενώσαντος

2249 2896 2341 2948 καὶ
2372 2896 2752 2966 σμικρύναντος
2781 2899 3295 2972 μεταλαμϐάνομεν
3314 2924 3332 2937 ο
3364 2908 3413 2958 οἱ
3438 2906 3488 2958 δι
3508 2907 3557 2956 ὲν
3575 2906 3616 2971 τῆ

2247 2984 2364 3055 λείᾳ
2398 2986 2504 3037 τῶν
2534 2988 2769 3057 οὐρανῶν
2798 2989 3038 3060 πλήρους
3072 2993 3260 3048 αὑτοῦ
3302 2999 3404 3051 καὶ
3441 2996 3613 3049 τελείου

2175 3100 2216 3156 C
2248 3075 2570 3145 λαμϐάνουσι
2593 3117 2608 3141 ,
2650 3080 2970 3148 τρεφόμενοι
3004 3083 3179 3136 αὑτοῦ
3216 3090 3296 3158 τῇ
3341 3090 3615 3158 θεὸτητι,δ

2246 3165 2344 3233 τῆς
2374 3166 2557 3232 σοφίας
2588 3166 2952 3237 θεωρημάτων
2985 3172 3398 3243 ἀπολαύοντες
3417 3220 3431 3243 ,
3477 3173 3542 3232 ὧν
3571 3196 3615 3231 xc

2245 3253 2415 3323 καιρῷ
2433 3271 2555 3306 ποτε
2572 3262 2848 3326 μετασχεῖν
2870 3259 3117 3323 ἐλπίζειν
3144 3283 3269 3335 προ
3279 3274 3469 3341 σὴκει,
3485 3269 3556 3322 διδ
3567 3268 3616 3319 λέ

2241 3342 2535 3410 Μακάριος
2565 3345 2717 3412 ἀνὴρ
2741 3346 2808 3411 ὃς
2830 3348 3055 3409 ἐλπίζει
3080 3354 3187 3407 ἐπ’
3217 3362 3458 3416 αὐτόν.

2313 3517 2603 3584 Φοϐήθητε
2628 3518 2731 3572 τὸν
2757 3520 2976 3587 Κύριον
2995 3556 3012 3586 ,
3058 3524 3327 3596 πάντες
3387 3535 3441 3586 οἱ
3470 3532 3611 3601 ἅγιοι

2244 3608 2331 3660 ὅτι
2355 3611 2462 3661 οὐκ
2490 3608 2658 3661 ἔστιν
2682 3609 2988 3678 ὑστέρημα
3025 3614 3161 3680 τοῖς
3197 3622 3612 3692 φοϐουμένοις

2246 3697 2421 3749 Πάντα
2445 3697 2613 3750 ταῦτα
2641 3699 2927 3767 γνωμικῶς
2955 3703 2983 3753 6
3010 3703 3190 3758 Δαυῒδ
3231 3712 3334 3774 εἰς
3377 3713 3480 3784 τὴν
3508 3712 3615 3780 ὲτέε

2242 3787 2386 3839 λειαν
2418 3788 2761 3857 προφέρεται,
2797 3790 2954 3853 αὐτὸς
2984 3795 3291 3867 πρότερον
3326 3804 3614 3859 ἀπολαύω

2242 3878 2328 3930 ὅτε
2346 3917 2360 3940 ,
2400 3879 2697 3948 ἐκζητήσας
2723 3880 2811 3931 τὸν
2840 3879 3044 3951 Κύριον
3067 3923 3083 3948 ,
3131 3889 3440 3960 ἐπηκόου
3468 3894 3616 3949 αὐτοί

2243 3983 2323 4018 κε.
2348 3965 2775 4034 Παρακελεύεται
2806 3971 2984 4023 τοίνυν
3018 3975 3116 4028 τὸν
3154 3981 3375 4046 φόϐον
3420 3987 3516 4040 τοῦ
3546 3988 3614 4037 K2

2240 4056 2524 4125 ὀφθαλμῶν
2546 4056 2779 4109 τίθεσθαι
2802 4062 2927 4120 τοὺς
2952 4063 3158 4130 ἁγίους
3191 4072 3419 4128 αὑτοῦ
3441 4095 3454 4107 ·
3481 4076 3588 4128 ὑπὸ
3611 4091 3618 4102 ·

2241 4146 2332 4198 τοῦ
2362 4146 2522 4215 φόϐου
2550 4146 2691 4213 ἅγιοι
2719 4150 3106 4207 ἀνατελοῦνται
3126 4173 3145 4187 ’
3188 4159 3299 4214 διὸ
3329 4166 3616 4220 λέλεκται

2239 4236 2449 4306 ψαλμῷ
2484 4237 2543 4289 '0
2561 4238 2739 4304 φόϐος
2756 4241 2977 4304 Κυρίου
2996 4245 3241 4315 ἁγνὸς,
3271 4256 3443 4311 ἀντὶ
3464 4258 3587 4318 τοῦ,
3612 4281 3618 4306 l

2240 4328 2326 4378 Διὸ
2353 4327 2441 4379 καὶ
2465 4329 2491 4378 6
2518 4326 2655 4387 θεῖος
2679 4327 2837 4396 νόμος
2868 4332 3033 4400 φησίν
3052 4351 3065 4364 ·
3097 4329 3365 4407 *Ατιοι
3409 4351 3614 4403 ἐσεσθ

3204 4433 3365 4489 Καὶ
3427 4442 3618 4510 σημεῖ·

2241 4500 2445 4552 6εἰσθαι
2476 4500 2565 4551 τὸν
2594 4501 2794 4571 Κύριον
2826 4506 2971 4558 τοῦτ’
3008 4509 3078 4563 ἂν
3113 4516 3415 4580 γένοιτο
3447 4567 3466 4589 ν
3496 4500 3577 4579 ’,ξδ
3614 4548 3615 4553 η

2243 4587 2337 4681 μὲν
2363 4586 2821 4681 πάσηςᾷρυπαρίας
2842 4593 2935 4644 καὶ
2962 4598 3237 4670 αἰσχρᾶς
3270 4586 3603 4681 πράξεως

2237 4677 2292 4729 δὲ
2318 4678 2507 4752 αύτοοὺς
2536 4677 2721 4743 ἁγίους
2755 4682 2847 4732 καὶ
2884 4682 3107 4753 σώματι
3150 4696 3286 4749 καὶ
3334 4677 3615 4773 ττνεύμα

2236 4766 2323 4819 τὸν
2374 4764 2571 4835 Κύριον
2604 4767 2989 4837 φοϐουμένοις,
3044 4780 3159 4832 καὶ
3200 4783 3333 4841 διὰ
3409 4764 3548 4846 τὸν.
3587 4809 3616 4845 α

2239 4858 2616 4956 ἡγιασμένοις,
2660 4861 2819 4956 ,οὐδεν
2860 4864 2926 4956 ᾂν
2958 4866 3144 4943 δεήσῃ
3210 4877 3324 4943 ὡς
3370 4883 3471 4936 ἂν
3523 4885 3618 4956 μέ,

2238 4949 2328 5048 καὶ
2361 4947 2621 5018 θησαυρὸν
2650 4950 2849 5018 ἀγαθὸν
2872 4955 2930 5008 ἐν
2954 4958 3114 5031 αὐτῷ
3154 4966 3269 5036 τῷ
3312 4947 3537 5048 φόϐαις
3568 4976 3616 5027 Κ

2238 5037 2404 5089 κόσιν.

2737 5146 2875 5205 ΤΟΥ
2913 5153 3128 5211 ΔΑΥΙΔ
3177 5162 3363 5217 AA"

2302 5235 2582 5333 Alxao’or,
2616 5240 2813 5333 Κύριε,
2847 5246 2991 5313 τοὺς
3020 5250 3550 5332 ἀδικοῦντάς
3587 5283 3616 5333 ι

2232 5339 2343 5378 σον
2372 5326 2508 5393 τοὺς
2539 5332 2950 5403 πολεμοῦντάς
2977 5358 3077 5408 με.
3131 5326 3615 5410 Ἐπιλαέοτξ

2229 5417 2471 5517 ϐυρεοῦς
2509 5420 2605 5473 καὶ
2629 5422 2925 5517 circio-mm
2964 5434 3057 5499 εις
3090 5438 3547 5508 βοήθειάν
3571 5466 3612 5517 ρ

622 5498 860 5549 eonclude
880 5498 1117 5552 adversus
1139 5517 1221 5553 eos
1243 5507 1328 5571 qui
1354 5516 1719 5575 persequuntur
1744 5521 1839 5557 me.
1860 5502 2123 5568 Quoniam

2222 5505 2538 5573 ῥομφαίαν,
2562 5508 2657 5562 καὶ
2688 5498 3068 5582 σύγκλεισοοα
3092 5498 3602 5592 έξᾶ

698 5645 740 5677 ⁸³
776 5644 899 5714 Sep.
937 5661 1040 5713 vn,
1080 5649 1164 5705 t5.
1318 5650 1458 5710 Psal.
1490 5672 1617 5712 xvni
1642 5696 1656 5722 ,
1692 5657 1777 5710 10.
1853 5654 1896 5685 "
1936 5652 2106 5707 chit.
2147 5666 2220 5719 xl,
2263 5653 2352 5710 45.
