3782 6332
118 389 297 448 Αθτ
1284 424 1288 427 ·
1374 397 1860 468 COMMENTARIA
1900 407 1966 467 ιη
2002 406 2330 464 PSALMOS.
3319 406 3425 469 ινδ

527 521 631 572 με.
672 504 854 563 Ἐπεὶ
885 517 1004 570 καὶ
1025 519 1087 572 ἐν
1115 520 1192 590 τῷ
1221 521 1472 592 Ἰεζεκιὴλ
1487 523 1650 575 πολλά

1929 540 1960 578 ιι
2003 520 2282 577 Ezechiele
2331 518 2493 573 multa
2538 517 2601 573 de
2628 515 2830 573 framea
2864 518 3008 574 dicta
3055 524 3221 585 sunt;
3273 536 3422 585 nam,

188 591 443 665 Mla;
464 590 690 662 εἴρηται
710 611 725 625 ·
780 597 1116 671 Ῥομςοαία
1137 608 1242 677 γὰρ
1261 648 1275 671 ,
1304 590 1439 679 φησί
1457 649 1472 672 ,
1513 611 1681 677 pouse:

1929 611 2148 675 "ramea,
2180 610 2371 678 inquit,
2406 608 2607 677 framea
2655 609 2930 671 suscitare,
2975 618 3024 663 et
3057 610 3263 664 comede
3296 625 3422 664 san-

122 681 509 757 λξηέρθητι
523 722 539 746 ,
557 684 663 737 καὶ
681 686 855 756 φάγε
872 688 1040 761 αἷμα
1068 697 1432 764 τραυματιῶν
1449 716 1462 729 ·
1490 699 1580 751 καὶ
1603 719 1615 751 1

1929 703 2096 755 uinem
2142 699 2524 753 vulneratorum
2556 697 2628 762 ¹⁸;
2680 711 2744 750 ac
2791 711 3040 752 rursum:
3098 700 3258 753 Terra
3305 712 3421 753 cum

125 771 284 855 βῆ
315 773 416 827 ἐὰν
446 772 682 843 ἁμάρτῃ
714 795 856 845 μοι,
899 784 1015 837 καὶ
1046 785 1358 839 ἀποστελῶ
1377 789 1618 855 ῥομφαία

1930 793 2173 845 eccaverit
2203 791 2350 852 mihi,
2378 790 2534 842 etiam
2561 789 2840 841 immittam
2873 789 3125 857 frameam
3153 799 3337 844 contra
3351 790 3420 842 ita

140 864 407 939 θύτήν·
433 865 604 919 πάντα
626 866 689 919 δὲ
710 868 909 925 ταῦτα
924 875 1080 928 κατά
1093 876 1190 946 τῆς
1210 880 1266 930 ἐν
1286 877 1583 946 ἀνθρώποις
1600 895 1633 929 κ

1928 898 2000 933 2m
2021 882 2095 944 ¹⁷;
2128 881 2241 933 haec
2271 887 2448 933 autem
2481 880 2655 932 omnia
2681 880 2939 934 adversus
2968 880 3222 932 malitiam
3248 880 3421 933 homi-

157 958 495 1032 επαφιτισιν
512 998 527 1022 ν
547 957 619 1022 ὡς
640 961 866 1030 ἀγαθὸς
888 1003 907 1028 ,
942 966 1088 1037 πρὸς
1106 966 1365 1035 ὠφέλειαν
1392 966 1496 1020 τῶν
1518 968 1606 1020 ὑπ’
1626 984 1650 1018 α

1934 986 2043 1035 um,
2074 978 2258 1040 utpote
2285 971 2480 1032 bonus,
2512 970 2578 1023 ad
2608 970 2890 1024 utilitatem
2928 984 3113 1024 eorum
3145 969 3288 1039 quia
3310 970 3420 1024 fra-

180 1049 653 1122 κεκρατημένων
688 1050 821 1104 ἐπεὶ
855 1055 959 1107 καὶ
990 1055 1244 1126 πολέμων
1275 1053 1430 1118 σώζει
1478 1056 1576 1125 (l),
1606 1056 1673 1109 ὥσ

1926 1070 2008 1110 tea
2042 1057 2131 1109 illa
2153 1064 2504 1125 occupantur,
2537 1056 2732 1110 emittit
2764 1074 2779 1111 :
2814 1058 3063 1127 Quoniam
3092 1058 3217 1111 item
3247 1072 3278 1110 a
3305 1058 3419 1112 bel-

190 1143 403 1212 εατρδς
420 1180 435 1205 ,
460 1141 663 1211 τέμνων
700 1143 803 1197 καὶ
837 1145 1022 1200 καίων
1053 1146 1121 1200 τὰ
1137 1145 1429 1200 πεπονθότα
1441 1146 1530 1199 τοῦ
1544 1146 1683 1217 σῶμα

1925 1161 1958 1199 ιε
1985 1153 2160 1200 servat
2190 1152 2243 1199 et
2270 1153 2448 1200 tuetur
2483 1144 2639 1214 quasi
2689 1145 2949 1211 medicus,
2974 1146 3216 1215 corporis
3249 1162 3418 1201 mem-

188 1230 361 1300 πρὸς
373 1232 654 1303 θεραπείαν
683 1233 928 1298 παντόςδ
954 1235 1164 1298 τούτοις
1179 1235 1420 1306 ἐπιφέρει
1443 1234 1610 1303 λέγων
1633 1235 1681 1300 ἐξ

1929 1246 1984 1283 ra
2017 1232 2157 1285 male
2184 1228 2393 1294 allecta,
2430 1232 2496 1285 ad
2520 1233 2687 1287 totius
2714 1233 3132 1287 incolumitatem
3161 1247 3417 1290 resecari!

169 1312 401 1386 Εἶπον
432 1320 507 1389 τῇ
532 1322 710 1391 ψυχῇ
738 1339 896 1392 μουο
941 1326 1206 1393 Σωτηρία
1233 1326 1345 1379 σίου
1372 1325 1483 1393 ἐγώ
1510 1329 1651 1395 εἰμι·

1922 1326 1941 1371 t
1968 1321 2235 1386 adurens;
2267 1321 2385 1375 ideo
2414 1321 2468 1374 in
2503 1321 2851 1390 sequentibus
2880 1320 3042 1375 infert
3065 1321 3195 1376 tDic
3226 1323 3415 1376 anima:

160 1411 414 1477 auom
444 1412 544 1466 καὶ
570 1414 823 1485 ἀκριϐῶς
853 1414 1218 1485 πεπεισμένος
1241 1448 1256 1479 ,
1290 1414 1370 1468 ὅτι
1415 1402 1475 1469 τὸ
1505 1416 1653 1487 λεγόμ

1923 1416 2014 1465 tea:
2040 1425 2058 1462 :
2089 1408 2246 1464 Salus
2284 1421 2375 1465 tua
2413 1427 2503 1481 ego
2541 1423 2676 1477 sunt,
2707 1413 2934 1467 credens
2964 1413 3169 1469 scilicet
3199 1429 3263 1468 ac
3294 1428 3416 1483 per-

191 1499 320 1561 sub
341 1503 428 1555 τοῦ
452 1503 596 1557 Θεοῦ
623 1505 729 1581 οὐκ
753 1505 944 1576 ἀργῶς
971 1506 1215 1576 πρόεισιν
1233 1545 1246 1569 ,
1281 1505 1391 1560 ἀλλ’
1413 1510 1492 1569 είς
1516 1507 1672 1578 ἔργον

1921 1514 2105 1554 nasum
2139 1500 2297 1569 plane
2324 1503 2548 1565 habens.
2577 1502 2793 1560 eli‘atum
2828 1504 2956 1557 illud
3004 1502 3098 1558 Dei
3133 1516 3242 1558 non
3299 1505 3414 1558 fru-

222 1589 378 1643 ϐαίνει
404 1592 635 1657 πάντως
652 1592 716 1646 τὸ
737 1590 1055 1665 λεγόμενον.
1086 1594 1191 1648 Καὶ
1215 1597 1271 1648 ἐν
1297 1594 1467 1665 τούτῳ
1483 1596 1541 1649 δὲ
1566 1596 1659 1667 τὴν
1689 1614 1715 1666 μ

1923 1595 2000 1641 ira
2023 1588 2286 1656 prolatum
2320 1605 2459 1656 esse,
2487 1590 2581 1646 sed
2599 1607 2761 1661 opere
2787 1607 2851 1647 ac
2886 1608 2944 1648 re
2981 1601 3130 1663 gesta
3174 1610 3416 1664 compro-

222 1679 397 1733 ἑαυτοῦ
429 1683 663 1751 ἠρνεῖτο
696 1683 974 1754 σωτηρίαν
993 1721 1007 1746 ,
1032 1684 1124 1737 καὶ
1154 1685 1249 1754 τὴν
1280 1683 1469 1737 ἐαυτοῦ
1501 1688 1715 1756 παρῃτεῖ

1923 1680 2021 1731 ari;
2052 1679 2225 1748 Atque
2253 1695 2315 1734 ea
2347 1682 2561 1751 quidem
2601 1683 2655 1736 in
2700 1698 2760 1738 re
2807 1684 3033 1739 salutem
3070 1700 3228 1752 quam
3259 1700 3325 1739 ex
3356 1701 3416 1742 se

216 1768 378 1840 ζωὴν,
412 1771 518 1842 τὴν
558 1773 620 1826 δὲ
653 1773 752 1827 τοῦ
782 1775 989 1843 Κυρίου
1022 1770 1288 1845 σωτηρίαν
1415 1765 1605 1827 ἐαυτοῦ
1639 1776 1709 1843 ψυ

1918 1769 2045 1823 abet
2091 1769 2405 1839 abnegabat,
2448 1774 2721 1843 vitamque
2760 1776 3027 1844 prapriam
3075 1775 3411 1843 repudiabat,

210 1859 534 1930 χαρισθῆναι
565 1862 772 1933 ηὔχετο
791 1902 807 1926 ,
840 1865 992 1928 ὅπως
1022 1865 1112 1917 καὶ
1140 1860 1298 1927 αὐτὸς
1331 1864 1439 1934 ἔχοι
1465 1862 1667 1931 λέγειν·
1695 1894 1703 1912 ι

1917 1872 1947 1910 c
1974 1850 2187 1911 Domini
2214 1861 2439 1914 salutem
2464 1863 2655 1916 anima:
2675 1864 2906 1919 conferri
2928 1880 3039 1919 suae
3060 1867 3409 1934 precabatur;

206 1949 273 2003 δὲ
294 1951 497 2006 οὐκέτι
525 1953 650 2022 ἐγὼ
667 1993 683 2017 ,
719 1953 789 2021 ζῇ
814 1953 882 2006 δὲ
908 1955 979 2007 ἐν
1007 1952 1135 2021 ἐμοὶ
1157 1955 1425 2019 Χριστός.
1477 1953 1643 2015 Αὐτὸς
1673 1970 1699 2019 γ

1923 1951 1942 1997 t
1982 1945 2097 2014 ipse
2148 1962 2359 2014 quoque
2390 1949 2567 2003 dicere
2609 1961 2790 2019 posset
2844 1971 2857 2006 :
2923 1952 3045 2006 Vivo
3080 1963 3271 2013 autem,
3294 1953 3413 2021 jam

204 2036 348 2092 ἐστιν
372 2044 404 2108 ἡ
436 2043 692 2124 σωτηρία
726 2042 916 2111 ἡμῶν·
941 2041 1094 2094 τοῦτο
1117 2041 1243 2108 γοῦν
1268 2040 1394 2092 αὐτὸ
1419 2042 1661 2111 σημαίνει
1686 2059 1697 2093 ι

1919 2048 1983 2084 οη
2012 2047 2137 2102 ego;
2195 2035 2312 2086 vivit
2345 2052 2460 2089 vero
2484 2037 2534 2087 in
2565 2052 2642 2089 me
2671 2036 2908 2093 Christus
2937 2041 2998 2092 ¹⁸.
3031 2041 3148 2109 Ipse
3180 2057 3412 2110 namque

203 2129 244 2198 ἡ
267 2129 361 2182 τοῦ
395 2122 575 2200 Ἰησοῦ
612 2130 887 2200 ὀνόματος
915 2124 1193 2201 ἑρμηνεία.

1916 2128 1961 2176 st
1996 2122 2142 2177 salus
2179 2133 2365 2178 nostra
2399 2143 2412 2178 :
2448 2125 2680 2194 idipsum
2724 2144 2884 2197 porro
2915 2130 2994 2183 vel
3027 2131 3144 2198 ipsa
3176 2132 3409 2185 nominis

1880 2207 2005 2263 Iesu
2028 2210 2417 2279 signiﬁcatione
2451 2212 2737 2267 indicatur.

272 2298 807 2369 Αἰσχυνθήτωσαν
823 2300 922 2352 καὶ
937 2300 1395 2367 ἐντραπήτωσαν
1408 2305 1460 2354 οί
1476 2296 1765 2367 ζητοῦντες

1949 2296 2111 2353 Vens.
2164 2300 2279 2354 4-8.
2342 2300 2737 2369 Confundantur
2788 2314 2838 2357 et
2886 2317 3209 2360 rerereantur
3261 2324 3404 2377 qua:-

195 2385 317 2453 τὴν
356 2387 577 2455 ψυχήν
616 2406 764 2457 μου.
822 2388 1021 2440 Τούτου
1055 2389 1192 2459 γὰρ,
1232 2390 1393 2460 φησὶ,
1438 2389 1638 2459 Κύριε,
1674 2389 1688 2439 ί

1912 2400 2043 2443 entes
2083 2392 2309 2443 animam
2344 2408 2528 2447 meam.
2576 2393 2669 2448 His
2722 2395 2902 2459 rebus,
2949 2397 3189 2460 Domine,
3242 2399 3322 2453 sic
3373 2414 3405 2453 ε

198 2475 295 2527 σοῦ
331 2475 639 2546 γενομένου
664 2516 680 2541 ,
738 2475 831 2529 καὶ
878 2475 1276 2539 ἐπακούσαντος
1315 2491 1414 2546 μου
1460 2478 1555 2546 τῆς
1592 2478 1691 2546 εύχλ

1911 2494 1932 2531 e
1959 2480 2145 2549 gestis,
2187 2488 2462 2549 postquam
2496 2483 2921 2550 deprecationem
2955 2501 3122 2539 meam
3153 2488 3404 2542 exaudie-

192 2567 663 2637 αίσχυνθήσονται
681 2567 779 2618 καὶ
799 2568 1222 2637 ἐντραπήσονται
1238 2569 1310 2629 ὡς
1330 2566 1499 2637 μάτην
1514 2569 1683 2635 ἐπίχει

1911 2568 1974 2632 is,
2009 2569 2403 2624 confundentur
2433 2571 2508 2623 illi
2541 2586 2604 2624 ac
2634 2572 2835 2640 pudore
2863 2574 3177 2637 adicientur,
3212 2583 3269 2628 ut
3293 2577 3404 2631 frti-

193 2671 392 2719 σαντες
411 2673 425 2686 ⁸
445 2656 533 2708 διὸ
562 2652 665 2709 καὶ¹
698 2656 971 2725 ἀπέτυχον
997 2655 1087 2707 τοῦ
1116 2656 1558 2725 σπουδαζομένου.
1607 2657 1686 2707 ’A:

1908 2661 1987 2707 tra
2022 2671 2132 2709 rem
2164 2658 2399 2726 aggressi
2432 2675 2446 2711 :
2480 2661 2823 2727 quamobrem
2853 2676 2881 2713 a
2912 2677 3075 2730 scopo
3102 2664 3231 2731 lapsi
3255 2673 3401 2720 sunt.

186 2741 753 2810 στραφῆτωσανεὶς
773 2742 847 2794 τὰ
862 2744 1052 2794 ὀπίσω
1073 2742 1679 2810 καίκαταισχυνθήτωε

1913 2754 2189 2798 λτενεαηιιιν
2220 2757 2501 2800 retrorsum
2529 2758 2577 2803 et
2611 2749 2912 2803 erubescant
2953 2754 3236 2820 cogitantes
3280 2754 3406 2809 mihi

187 2836 248 2884 οι
274 2832 662 2901 λογιζόμενοί
684 2849 788 2900 μοι
812 2833 986 2885 κακά.
1019 2832 1208 2885 Οὐκέτι
1232 2833 1336 2903 γὰρ
1367 2834 1680 2902 στήσονταιτ

1908 2834 2037 2888 tata.
2068 2834 2182 2889 Non
2203 2837 2338 2889 ultra
2360 2838 2498 2891 enim
2524 2839 2820 2893 consistent
2837 2848 2958 2896 ante
2988 2841 3173 2897 faciem
3197 2859 3365 2897 meam
3388 2864 3401 2899 :

187 2921 490 2992 προσώπου
527 2936 676 2993 μουο
719 2920 863 2973 νῶτα
893 2921 948 2972 δὲ
985 2921 1162 2999 δόντες
1199 2922 1642 2993 παραχωρήσουσί
1679 2981 1680 2986 η

1911 2923 1968 2975 ed
1998 2929 2145 2991 terga
2176 2924 2386 2984 dantes.
2420 2926 2608 2979 cedent
2641 2928 2767 2979 mihi
2798 2928 3094 2984 victoriam.
3139 2930 3242 2999 ipsi
3283 2947 3404 2986 vero

183 3011 260 3065 τὰ
287 3014 612 3084 νικητήρια.
652 3007 959 3077 Φεύγουτας
984 2998 1039 3063 δὲ
1069 3008 1259 3073 αὐτοὺς
1285 3014 1377 3064 καὶ
1404 3015 1483 3074 εἰς
1510 3011 1575 3064 τὰ
1604 3012 1674 3064 ὀπ

1909 3011 2139 3079 ugientes
2184 3027 2248 3065 ac
2290 3021 2433 3066 retro
2483 3012 2734 3069 cedentes
2766 2998 3192 3084 dissipabuntur.
3240 3018 3402 3072 Fiant

184 3102 507 3173 χωροῦντας
520 3099 965 3171 διασκορπισμὸς
980 3101 1652 3171 λήψεται.Γενηθὴτωσαν
1666 3119 1677 3132 ·

1907 3115 2122 3168 unquam
2149 3100 2316 3168 pulvis
2366 3110 2481 3154 ante
2514 3101 2702 3169 {aciem
2748 3105 2901 3166 venti,
2939 3114 2987 3157 et
3035 3107 3244 3174 angelus
3297 3107 3400 3162 Do-

183 3191 329 3245 (ἕπει
374 3192 539 3261 χοῦς
578 3189 741 3243 κατὰ
784 3192 1106 3257 πρόσωπον
1137 3190 1353 3259 ἀνέμου
1386 3192 1480 3244 καί
1525 3191 1676 3260 ἄγγε.

1906 3189 1999 3240 tini
2025 3201 2295 3243 coarctans
2339 3207 2445 3252 eos,
2497 3207 2562 3245 ne
2603 3194 2743 3246 ultra
2797 3194 2916 3247 illos
2965 3197 3277 3265 congregari
3309 3207 3399 3250 aut

178 3283 411 3347 Κυρίου
439 3282 753 3335 ἐκθλίϐων
782 3281 1034 3345 αὐτοὺς,
1087 3282 1217 3350 μηδὲ
1251 3282 1605 3351 συναχθῆναι,
1641 3299 1671 3351 μ

1906 3275 2064 3328 everti
2100 3277 2258 3336 sinat,
2289 3277 2379 3330 sed
2418 3277 2577 3330 instet
2607 3278 2719 3345 ipse
2752 3291 3053 3340 coarctans.
3087 3282 3139 3333 id
3168 3292 3250 3335 est
3298 3299 3399 3351 pu-

177 3372 643 3443 παλινδρομῆσαι
684 3371 1008 3441 συγχωρῶν,
1039 3373 1067 3424 ὀ
1103 3372 1147 3424 δ’
1179 3368 1335 3433 αὐτὸς
1360 3369 1656 3440 ἐπιμενέτω

1904 3364 2027 3417 tiens
2049 3364 2187 3418 illos.
2220 3363 2343 3417 Fiat
2374 3368 2453 3418 via
2478 3366 2690 3419 illorum
2718 3368 2936 3420 tenebrae
2962 3378 3013 3421 et
3043 3369 3317 3435 lubricum,
3347 3381 3397 3427 et

176 3459 387 3516 θλίϐων
413 3464 658 3525 αὐτοὺς,
690 3461 934 3514 τουτέστι
955 3460 1213 3525 κολάζων.
1247 3459 1608 3528 Γενηθήτωή
1635 3464 1669 3513 ό

1902 3454 2083 3522 ‘ngelus
2120 3453 2332 3506 Domini
2351 3471 2651 3525 persequens
2684 3473 2788 3510 eos.
2825 3456 2975 3510 Viam
3006 3458 3291 3526 impiorum
3321 3462 3395 3515 vi.

176 3552 388 3606 αὐτῶν
419 3555 660 3617 σκότος
686 3552 787 3605 καί
819 3552 1134 3619 ὀλίσθημα,
1162 3551 1259 3603 καὶ
1288 3550 1533 3619 ἅγγελος
1554 3554 1669 3615 Kvp

1871 3550 1978 3594 tam
2014 3558 2228 3611 pravam
2256 3553 2548 3613 nuncupat,
2583 3560 2685 3614 qua
2716 3546 2791 3597 illi
2823 3547 2906 3599 via
2938 3546 3271 3602 incedebant.

177 3643 583 3697 καταδιώκων
602 3643 849 3707 αὐτούς.
882 3640 1026 3694 Ὁδὸν
1041 3640 1247 3694 ἀσεϐῶν
1261 3640 1349 3693 τὸν
1367 3627 1631 3710 μοχθηρὸν
1654 3640 1763 3707 βίον
1795 3632 2074 3703 ὀνομάζει,
2106 3633 2223 3686 καθ’
2252 3635 2309 3687 ὃν
2338 3635 2433 3705 τὴν
2468 3637 2683 3706 πορείαν
2714 3638 3048 3706 ἐποιήσαντο.

260 3734 391 3785 ὀτι
442 3728 689 3799 δωρεὰν
737 3727 1010 3795 ἔκρυψαν
1035 3746 1133 3796 μοι
1169 3727 1488 3795 διαφθορὰν
1524 3725 1753 3795 παγίδος

1942 3720 2198 3783 Quoniam
2242 3723 2405 3790 gratis
2444 3723 2820 3776 absconderant
2868 3725 2994 3776 mihi
3034 3725 3296 3777 interitum
3327 3725 3395 3779 la-

184 3821 405 3875 αὐτῶν.
468 3820 623 3874 Ἀνθ’
654 3813 719 3872 οὗ
744 3821 773 3871 ὁ
802 3818 1091 3888 Σύμμαχος
1120 3810 1373 3881 ἐξέδωκεν
1402 3814 1571 3877 οὕτως
1592 3832 1605 3845 ·
1641 3816 1677 3862 "t

1906 3811 1985 3862 nei
2010 3811 2110 3864 sui.
2138 3809 2240 3863 Pro
2271 3828 2377 3879 quo
2427 3809 2780 3881 Symmachus
2810 3815 2889 3865 sic
2920 3813 3107 3875 edidit,
3138 3816 3398 3876 Quoniam

185 3912 468 3979 ἀναιτίως
497 3906 900 3977 κατέκρυψάν
917 3926 1016 3976 μοι
1049 3906 1370 3975 διαφθορὰν
1391 3896 1678 3976 δικτύων-ι

1904 3905 1978 3951 ine
2011 3915 2170 3951 causa
2203 3898 2577 3953 absconderant
2609 3900 2731 3951 mihi
2757 3901 3022 3955 interitum
3058 3902 3241 3954 retium
3273 3919 3397 3957 suo-

184 4000 323 4056 τῶν.
350 4003 544 4071 Μηδὲν
579 4000 696 4068 γὰρ
727 3999 817 4050 ὑπ’
843 3996 974 4068 ἐμοῦ
996 3994 1423 4067 προπεπονθότες
1449 3996 1650 4067 δωρεὰν
1676 4017 1677 4022 η

1903 4003 2003 4039 um.
2035 3986 2190 4040 Nullo
2229 3989 2425 4057 quippe
2457 4004 2486 4040 a
2529 4004 2612 4041 me
2660 3988 2832 4042 ali'ecti
2877 3988 3094 4051 damno,
3144 3992 3310 4057 gratis
3341 4000 3396 4045 et

186 4092 446 4156 ἀναιτίως
473 4082 849 4144 ἐπεϐούλευον
880 4105 966 4156 μοι
1001 4083 1325 4156 κρύπτοντες
1355 4084 1584 4151 παγίδα,
1618 4086 1679 4138 δι“

1901 4077 1985 4131 ine
2028 4092 2191 4131 causa
2244 4077 2637 4133 abscondentes
2683 4079 2951 4147 laqueum,
3002 4078 3394 4135 insidiabantur

189 4179 313 4249 ἐμοὶ
331 4179 645 4252 διαςρθορὰν
671 4175 1086 4239 κατεσκεύαζον.
1111 4177 1174 4227 El
1197 4175 1285 4227 καὶ
1309 4174 1375 4227 τὰ
1407 4174 1634 4243 μάλιστα
1659 4192 1682 4241 γ

1901 4165 2019 4228 tibi,
2061 4182 2168 4235 quo
2209 4168 2334 4219 mihi
2376 4167 2648 4220 interitum
2682 4175 2952 4236 pararent.
2995 4166 3216 4222 Etiamsi
3250 4171 3394 4224 enim

189 4271 402 4327 ἐδόκουν
422 4275 493 4327 δι’
517 4270 625 4325 ἀνθ
634 4266 833 4340 ρώπων
852 4283 918 4337 με
942 4265 1190 4336 πολεμεῖν
1210 4306 1224 4329 ,
1243 4264 1356 4334 ἤτοι
1375 4265 1458 4317 διὰ
1472 4264 1561 4317 τοῦ
1577 4265 1679 4317 Σαο

1904 4255 2207 4319 idebantur,
2260 4258 2372 4310 sive
2428 4255 2623 4316 Saulis,
2680 4257 2791 4310 sive
2836 4255 3060 4309 aliorum
3119 4257 3394 4312 hominum

190 4360 228 4432 ἢ
259 4364 344 4415 καὶ
364 4363 432 4415 δι’
456 4361 676 4429 ἐτέρων
697 4396 712 4419 ,
745 4354 858 4409 ἀλλ’
881 4352 979 4408 οὐκ
1002 4350 1223 4423 ἠγνόουν
1244 4352 1352 4420 ἐγὼ
1370 4353 1465 4420 τῆς
1484 4352 1574 4403 τοῦ
1599 4353 1683 4405 Σαι

1906 4359 2027 4411 pera
2058 4344 2371 4413 impugnare
2410 4359 2522 4408 me;
2583 4353 2630 4396 at
2676 4359 2781 4396 non
2838 4345 3147 4412 ignorabam
3175 4362 3273 4417 ego
3300 4348 3394 4417 qui

191 4448 526 4518 ζηλοτυπίας
552 4448 688 4509 τοὺς
714 4443 918 4507 αἰτίους
950 4444 1041 4496 καὶ
1068 4441 1172 4493 τῶν
1200 4440 1393 4492 λοιπῶν
1424 4439 1623 4510 ἐχθρῶν
1642 4454 1684 4495 τι

1901 4433 2014 4485 ’ἱὶῑΙΙί
2050 4433 2262 4486 invidiae
2294 4440 2563 4496 auctores,
2591 4443 2644 4487 et
2671 4433 2761 4502 qui
2789 4435 3118 4503 reliquorum
3158 4437 3394 4492 hostium

198 4535 494 4600 ὑποϐολεῐς.
524 4528 543 4548 ⁸
564 4533 757 4587 Ἀλλοι
790 4531 898 4601 γὰρ
929 4527 1065 4601 ἦσαν
1094 4530 1141 4583 οί
1174 4529 1268 4591 τὰς
1302 4527 1500 4581 ἐαυτῶν
1539 4520 1691 4594 παγίὲ

1903 4523 2064 4573 cculti
2094 4523 2416 4590 impulsores
2447 4530 2649 4578 essent.
2682 4523 2787 4576 Alii
2832 4539 3064 4587 namque
3104 4536 3258 4581 erant
3302 4528 3393 4596 qui

202 4625 530 4695 κρύπτοντες
570 4624 673 4678 καὶ
700 4622 799 4690 τὴν
836 4620 1011 4689 ψυχήν
1045 4636 1144 4688 μου
1171 4616 1469 4687 διαφθεῖραι
1502 4615 1695 4686 πειρώι,

1899 4624 2085 4677 lqueos
2128 4611 2538 4677 absconderem,
2592 4619 2647 4663 et
2693 4612 2924 4667 animam
2971 4618 3192 4687 perdere
3219 4628 3392 4683 meam

201 4727 320 4777 νοι,
337 4715 382 4767 οἳ
413 4715 506 4768 καὶ
527 4710 745 4782 μάτην
773 4707 1091 4761 ὠνείδισαν
1114 4704 1223 4772 τὴν
1246 4704 1451 4773 ψυχήν
1469 4717 1613 4773 μου⁶
1648 4706 1694 4757 ἁε

1897 4699 2198 4763 iolircntur,
2244 4703 2337 4771 qui
2381 4701 2539 4756 etiam
2591 4717 2900 4769 supervacue
2954 4708 3390 4771 exprobrauerunt

194 4793 265 4858 οὗ
285 4802 310 4853 ὁ
326 4803 627 4873 Σύμμαχος
660 4796 923 4863 ἐξέδωκεν
942 4812 955 4824 ·
991 4794 1285 4857 Ἀναιτίως
1310 4790 1627 4858 ὑπώρυξαν
1651 4805 1679 4843 τ

1898 4789 2087 4841 nimam
2121 4807 2284 4843 meam
2313 4807 2331 4843 :
2365 4806 2460 4859 pro
2491 4806 2596 4859 quo
2638 4790 2995 4861 Symmachus
3042 4793 3229 4852 edidit.
3281 4793 3391 4846 sine

196 4892 399 4959 ψυχήν
423 4909 572 4960 μου.
628 4887 818 4939 Πάντα
844 4883 954 4953 γὰρ
985 4882 1265 4953 ἔπραττον,
1290 4881 1551 4950 ἐκστῆσαι
1578 4880 1689 4948 βου)

1898 4893 2020 4929 ausa
2044 4878 2363 4945 su/i'oderunt
2406 4881 2634 4932 animant
2667 4897 2851 4933 meam.
2886 4880 3026 4945 Nihil
3054 4882 3251 4950 quippe
3285 4895 3391 4935 non

204 4993 339 5047 μενοι
365 4979 540 5035 αὑτοῦ
563 4979 671 5048 τὴν
699 4975 879 5055 ψυχὴν
903 4972 1000 5041 τῆς
1024 4972 1423 5038 ἐνυπαρχούσης
1446 4969 1579 5038 αὐτῇ
1600 4980 1697 5055 ,προ

1899 4968 2106 5036 gebant,
2145 4977 2199 5021 ut
2246 4970 2475 5022 animam
2508 4969 2625 5036 ejus
2660 4971 2727 5025 ab
2758 4971 2919 5025 insita
2958 4970 3048 5022 illa
3080 4978 3392 5024 mansuetu—

201 5078 345 5134 τητος
376 5070 476 5121 καὶ
503 5054 897 5130 ἀνεξικακίας,
926 5060 1016 5111 καὶ
1044 5058 1191 5117 ὅπως
1210 5094 1223 5117 ,
1256 5056 1552 5127 πληρωθεὶς
1588 5054 1694 5124 θυμ

1900 5058 1985 5109 ine
2021 5061 2075 5110 et
2127 5057 2443 5124 injuriarum
2476 5056 2746 5111 oblivione
2775 5057 3143 5121 deturbarent,
3172 5074 3278 5128 quo
3310 5060 3391 5112 ira

204 5154 298 5206 καὶ
320 5158 517 5228 ὀργῆς,
553 5156 653 5207 ἐπὶ
680 5151 780 5221 τὴν
808 5151 1018 5219 ἄμυναν
1049 5144 1190 5197 ἔλθοι
1209 5181 1223 5199 .
1258 5145 1348 5196 καὶ
1383 5145 1548 5214 δράσῃ
1581 5156 1631 5196 τι
1657 5161 1697 5196 κι

1898 5160 2141 5214 troreque
2161 5148 2349 5214 plenus
2373 5145 2436 5198 ad
2470 5146 2760 5200 vindictam
2794 5162 2850 5200 se
2883 5154 3138 5211 verteret,
3160 5159 3212 5202 et
3238 5146 3387 5202 Sauli

207 5242 303 5296 κδν
320 5248 404 5299 τὸν
431 5242 634 5300 Σαούλ.
688 5239 877 5294 Ταῦτα
912 5238 1010 5306 μὲν
1032 5231 1124 5288 οὖν
1151 5233 1273 5301 περὶ
1303 5232 1407 5285 τῶν
1440 5232 1644 5286 πολλῶν
1674 5235 1697 5284 ἐ

1898 5237 2125 5306 uidpiam
2158 5239 2284 5290 mali
2306 5235 2543 5290 inferret.
2591 5235 2719 5291 Haec
2747 5238 2812 5291 de
2836 5237 3016 5290 multis
3048 5238 3279 5291 inimicis
3308 5237 3391 5290 di-

206 5334 335 5403 θρῶν
358 5353 372 5367 ⁸
430 5332 656 5405 περὶδὲ
700 5328 795 5383 τοῦ
843 5330 902 5379 ὲν
941 5325 1124 5384 αὐτοῖς
1162 5324 1451 5391 κορυφαίου
1491 5321 1699 5387 ὲπιλὲγε

1898 5332 1939 5377 ta
1973 5343 1987 5378 :
2023 5325 2090 5379 de
2121 5325 2330 5378 illorum
2374 5331 2551 5376 autem
2588 5326 2828 5394 principe
2874 5325 2987 5377 haec
3033 5324 3256 5392 adjicit:
3298 5324 3391 5377 Ve-

218 5422 449 5479 Ἐλθέτω
472 5418 644 5485 αὐτῷ
675 5416 861 5485 παγίς
884 5412 964 5478 ἣν
988 5413 1058 5464 οὐ
1086 5406 1361 5475 γινώσκει
1379 5449 1394 5472 9
1422 5408 1516 5461 καὶ
1547 5409 1585 5474 ἡ
1614 5408 1711 5473 θήρ

1901 5414 1964 5465 iat
1991 5413 2072 5465 illi
2104 5412 2312 5481 laqueus
2343 5425 2490 5478 quem
2520 5410 2750 5478 ignorat,
2802 5421 2851 5466 et
2880 5412 3054 5477 captio
3084 5430 3239 5479 quam
3273 5411 3394 5465 abs-

205 5508 520 5582 ἣνὲκρυψε
540 5503 903 5563 συλλαϐἐτω
921 5498 1116 5560 αὐτὸν,
1141 5497 1233 5548 καὶ
1259 5500 1334 5551 ἐν
1357 5494 1429 5565 τῇ
1450 5497 1644 5565 arm-[6t
1662 5514 1698 5550 π

1901 5503 2026 5556 indit
2057 5500 2400 5570 apprehendat
2434 5515 2571 5565 eum,
2601 5513 2651 5555 et
2682 5506 2735 5557 in
2768 5505 3011 5572 laqueum
3051 5514 3212 5558 caaat
3242 5505 3294 5559 in
3315 5508 3394 5571 ip.

275 5649 308 5680 ιι
337 5646 544 5703 such,
578 5654 700 5703 xxi,
735 5638 791 5690 9.
871 5633 913 5664 ¹⁷
950 5629 1101 5682 Zacb.
1140 5641 1272 5696 xm,
1310 5633 1359 5686 7.
1434 5626 1475 5664 ¹⁶
1511 5632 1624 5687 Gal.
1662 5649 1724 5699 ll,
1750 5635 1844 5690 20.

273 5736 333 5810 (l)
358 5738 498 5806 Quis
525 5747 644 5789 non
668 5727 822 5791 videt
844 5719 1271 5810 legendumant:
1304 5725 1561 5795 πολεμῶν,
1574 5724 1865 5799 Latineque
1894 5729 2222 5786 reddendum
2256 5745 2269 5782 :
2303 5724 2462 5781 etiam
2499 5724 2816 5797 impugnans
2850 5728 3027 5782 salvat
3049 5730 3080 5780 1

508 5826 795 5886 Panos.
843 5811 949 5869 Gn.
993 5806 1225 5874 XXIII.
1994 5872 1999 5875 μ

1994 5872 1999 5875 μ
3014 5818 3106 5875 10
