3782 6312
105 433 260 529 ,ιρι

1344 447 1830 516 COMMENTARIA
1863 461 1925 515 IN
1956 451 2283 516 PSALMOS.

3304 455 3406 516 303

135 561 277 646 τδρ
304 546 363 598 τὸ
387 547 460 649 ei)
480 551 844 649 lumbo-erat
871 606 887 630 ,
922 564 983 618 οὗ
1017 566 1301 640 πεποίηται
1329 575 1447 627 οὐδὲ
1483 577 1767 648 ἀνακέκρα·

1884 576 1936 631 id
1953 585 2056 639 est,
2086 590 2191 630 non
2219 573 2558 643 perpetravit,
2590 588 2760 643 neque
2785 588 2948 642 pravo
2971 568 3117 642 operi
3147 570 3406 632 admistus

287 638 427 735 κατῖξ
461 640 629 735 ῥῆμῗα
664 654 934 723 πονηρόν
958 673 972 684 ⁸
1006 638 1328 732 ψεῦδοςήγὰρ
1363 664 1422 716 τὺ
1446 638 1767 735 νομίζεινμί

1880 675 1962 722 est
1992 685 2005 719 :
2042 638 2387 719 haliucinatio
2416 664 2612 733 quippe
2632 638 2714 718 est
2742 638 3023 726 arbitrari,
3058 678 3179 718 eum
3205 666 3296 734 qui
3324 666 3408 718 di-

169 729 500 823 ὶςεῐσῖᾴσθαι
543 734 713 806 ῥῆμα
751 746 1006 815 πονηρὸν
1043 748 1131 800 τὸν
1159 729 1481 818 φυλάττοντα
1511 729 1612 823 τὴν
1640 729 1781 809 θείαν

190 820 445 912 ἒντολὴνι-
501 823 811 897 Διάκρισιν
841 834 958 906 γὰρ
996 837 1131 908 ἔχων
1168 843 1397 911 πονηροῦ
1428 840 1519 895 καὶ
1550 820 1778 911 ἀγαθοῦ,

200 912 358 971 τᾶλλα
382 910 562 1004 πάντα
589 912 991 993 ἀποστραφεὶς
1019 930 1258 999 ῥήματα,
1285 924 1552 1004 ἐπιτηρεῖν
1576 935 1670 1004 τὴν
1697 938 1781 988 ὲν-

211 1003 365 1073 τολὴν
381 1000 563 1074 ἢλθεν.
596 1008 668 1060 ’Ὀ
694 1005 798 1063 οῦν
821 1012 977 1081 λέγει
1005 1017 1235 1070 τοιοῦτόν
1260 1020 1404 1073 ἐστιν
1426 1000 1659 1093 ΪΠεῖραν
1684 1025 1779 1077 οὐκ

223 1094 403 1166 ἔχοντα
425 1095 539 1149 οὐδὲ
567 1099 784 1167 γνῶσιν
808 1105 844 1174 ἢ
869 1104 1077 1160 ἔννοιαν
1103 1108 1209 1161 τῶν
1236 1110 1415 1163 κακῶν
1431 1151 1445 1175 ,
1474 1109 1780 1183 διερεθίζονη

221 1186 306 1249 τές
327 1186 393 1254 με
422 1188 718 1258 ἑπερώτων
756 1210 828 1262 με
864 1197 990 1266 περί
1016 1198 1187 1250 αὐτῶν
1204 1238 1219 1262 ,
1248 1194 1430 1270 ὥσπερ
1456 1205 1487 1272 ἡ
1513 1201 1779 1273 Αἰγυπτία

218 1274 305 1329 τὸν
335 1276 528 1347 Ἰωσὴφ
549 1322 564 1343 ,
597 1282 698 1333 καὶ
725 1285 776 1335 οἱ
810 1287 1165 1359 πρεσϐύτεροι
1191 1292 1287 1360 τὴν
1314 1293 1627 1348 Σουσάνναν.

297 1367 818 1424 Ἀνταπεδίδοσάν
863 1393 973 1442 yet
1006 1380 1233 1446 πονηρὰ
1267 1382 1398 1435 ἀντὶ
1440 1373 1636 1437 καλῶν
1680 1387 1775 1440 καὶ

220 1456 489 1512 ἀτεκνίαν
517 1459 597 1528 τῇ
635 1463 817 1531 ψυχῇ
848 1483 976 1532 μου.
1058 1467 1216 1539 Ἐμοῦ
1247 1472 1680 1544 φιλοτιμουμένου
1711 1475 1776 1529 τὰ

224 1546 339 1617 πρὸς
391 1549 612 1613 πάντας
669 1552 982 1623 καθήκοντα
1035 1558 1330 1627 ἀμέμπτως
1366 1560 1622 1616 ἐπιτελεῖν
1655 1564 1776 1633 βοῦ-

214 1629 408 1702 λεσθαι,
430 1642 482 1692 εἰ
507 1640 742 1694 δυνατὸν
766 1642 904 1712 μετὰ
924 1642 1134 1699 πάντων
1154 1648 1248 1700 ἀνθ
1257 1648 1446 1718 ρώπων
1462 1653 1773 1723 εἰρηνεύειν,

210 1731 350 1782 αὐτοὶ
395 1731 528 1783 ἀντὶ
574 1732 786 1785 τούτων
817 1734 924 1787 τῶν
957 1731 1133 1789 καλῶν
1164 1739 1371 1808 πονηρά
1401 1736 1776 1811 ἀνταπεδίδουν

205 1836 318 1887 μοι,
348 1820 549 1892 ἐχθροὶ
575 1822 674 1873 καὶ
694 1821 979 1892 δυσμενεῖς
996 1824 1081 1877 διὰ
1104 1822 1316 1880 πάντων
1334 1826 1738 1900 ἁναφαινόμενοι
1756 1848 1770 1861 ·

1879 758 2059 810 vinum
2083 763 2260 810 servat
2286 754 2614 819 mandatum,
2663 755 2854 807 malam
2890 770 2997 808 non
3023 755 3240 810 novisse
3270 773 3403 811 rem.

1877 841 2009 896 Nam
2063 843 2443 899 discretionem
2470 843 2593 896 boni
2635 850 2688 895 et
2721 841 2849 895 mali
2895 852 3110 906 nactus,
3140 859 3171 898 a
3197 845 3404 900 caeteris

1878 933 2117 1006 aversus,
2144 932 2210 986 ad
2237 931 2558 1003 praeceptum
2603 931 2922 1005 servandum
2951 932 3174 986 aCCcdit.
3205 932 3406 1000 Ilujus-

1876 1022 2018 1076 modi
2042 1019 2202 1093 igitur
2247 1026 2328 1078 est
2375 1007 2515 1090 quod
2554 1020 2643 1073 hic
2677 1020 2867 1075 eﬂ‘atur
2892 1040 2904 1075 :
2929 1020 3009 1074 Me
3028 1022 3229 1075 nullum
3253 1022 3404 1077 malae

1876 1110 1951 1163 rei
1974 1125 2035 1163 ex
2045 1107 2391 1178 perimentum
2424 1115 2512 1161 aut
2527 1104 2766 1161 notitiam
2783 1107 2894 1162 sive
2920 1107 3291 1175 cogitationem
3311 1107 3404 1159 ha-

1868 1198 2085 1252 bentem
2114 1199 2466 1261 concitantes,
2505 1198 2570 1251 de
2590 1197 2657 1251 iis
2698 1186 3116 1268 interrogabant,
3146 1196 3403 1266 quemad~

1874 1289 2090 1342 modum
2134 1286 2380 1359 Egyptia
2418 1286 2730 1357 Iesephum,
2760 1296 2813 1341 et
2837 1303 2990 1342 senes
3011 1286 3329 1342 Susannam.

1943 1377 2108 1432 Vens.
2145 1377 2229 1432 ’12.
2259 1377 2623 1431 Retribuebant
2652 1377 2777 1431 mihi
2806 1377 2944 1429 mala
2960 1392 3051 1439 pro
3065 1374 3207 1429 bonis
3227 1386 3274 1430 et
3297 1385 3375 1430 ste

1873 1469 2119 1522 rilitatem
2147 1467 2335 1522 anima:
2366 1483 2509 1521 mete.
2533 1466 2664 1521 Cum
2701 1467 2801 1521 ho’c
2832 1478 2995 1519 unum
3029 1465 3315 1527 studerem,
3343 1469 3403 1519 ut

1873 1561 2222 1631 congruentia
2244 1560 2495 1614 omnibus
2523 1559 2639 1614 sine
2657 1558 3070 1628 reprehensione
3098 1570 3405 1627 peragerem

1874 1649 2155 1718 siquidem
2186 1650 2355 1717 possit
2404 1654 2526 1703 eum
2559 1648 2809 1702 omnibus
2859 1645 3165 1700 hominibus
3216 1653 3404 1714 pacato

1874 1735 1989 1808 agi;
2028 1755 2123 1808 pro
2176 1739 2243 1793 iis
2291 1737 2367 1793 illi
2398 1738 2556 1793 bonis
2602 1738 2742 1791 mala
2774 1736 3137 1807 rependebant
3169 1737 3320 1798 mihi,
3348 1737 3406 1791 in

1873 1828 2122 1883 omnibus
2158 1843 2277 1882 sese
2309 1828 2552 1883 inimicos
2598 1837 2757 1897 atque
2796 1827 3020 1883 infestos
3044 1828 3356 1883 exhibentes
3384 1839 3400 1879 :

198 1909 269 1961 τὸ
306 1911 434 1963 ὅσον
486 1911 548 1963 δὲ
600 1913 693 1963 ἐπ’
726 1912 910 1976 αὐτοῖς
943 1915 1040 1984 τὴν
1071 1918 1127 1969 ἐν
1161 1917 1339 1981 καλοῖς
1380 1921 1651 1974 εὐτεκνίαν
1678 1923 1767 1991 τῆς

1872 1931 1936 1971 ac
1961 1918 2219 1986 quantum
2256 1906 2311 1969 in
2336 1915 2468 1985 ipsis
2483 1922 2619 1978 erat,
2654 1917 2845 1971 animae
2888 1930 3020 1972 mea:
3065 1912 3119 1971 in
3148 1917 3302 1971 bonis
3328 1916 3406 1983 fe,-

195 2002 375 2074 ψυχῆς
414 2022 520 2085 μου
552 2006 803 2075 ἀναιρεῖν
831 2006 1155 2078 ἐπεχείρουν.
1234 2011 1294 2062 Et
1334 2011 1489 2078 γοῦν,
1539 2013 1775 2076 πεισθεὶς

197 2094 383 2146 αὐτῶν
405 2098 532 2157 ταῖς
557 2092 869 2165 ἐρωτήσεσι
893 2096 1129 2175 τοιοῦτος
1156 2097 1420 2166 ἐγεγόνειν
1457 2095 1564 2153 οἷον
1591 2102 1773 2171 ἦθελόν

207 2202 280 2255 με
304 2186 530 2255 ποιῆσαι
553 2225 569 2247 ,
601 2181 980 2272 ἡτεκνῴθηᾶν
1004 2186 1037 2257 ἡ
1061 2187 1202 2257 ψυχή
1237 2206 1336 2259 μου
1362 2231 1375 2255 ,
1412 2192 1600 2261 μηκέτι
1621 2193 1771 2263 δεχο-

200 2273 342 2343 μένη
372 2274 473 2337 τὰς
500 2274 661 2338 θείας
689 2272 786 2327 τοῦ
819 2277 1051 2345 νυμφίου
1084 2277 1260 2344 γονάς.
1331 2276 1394 2331 Εἰ
1422 2280 1478 2332 δὲ
1502 2280 1663 2333 τέκνα
1688 2281 1773 2334 λέ-

195 2382 379 2432 γοιντο
398 2367 451 2418 οί
475 2367 730 2437 μαθηταὶ
749 2366 844 2419 τοῦ
862 2368 1165 2433 διδάξαντος
1180 2409 1194 2431 ,
1226 2369 1315 2422 καὶ
1337 2370 1500 2434 ὄντως
1524 2373 1772 2426 ἀτεκνοῦ-

195 2457 344 2526 ταιή
376 2456 530 2525 ψυχὴ
565 2453 667 2508 τοῦ
698 2454 1015 2510 διδασκάλου
1035 2498 1050 2522 ,
1104 2458 1373 2528 σφάλμασι
1407 2461 1770 2530 περιπεσοῦσα

195 2544 281 2613 τῷ
302 2546 504 2615 eam;
534 2546 823 2615 σκανδάλιρ
840 2583 855 2608 ,
884 2546 1179 2621 ἀναιροῦσα
1206 2549 1330 2611 τοὺς
1354 2548 1411 2614 ἐξ
1435 2549 1599 2620 αὐτῆς
1622 2568 1772 2617 γενο-

196 2636 397 2713 μένους
425 2637 520 2690 διὰ
576 2637 902 2707 μαθητείας.
964 2639 1106 2717 ’ᾼντὶ
1216 2638 1307 2690 τοῦ
1326 2679 1341 2702 ,
1392 2641 1666 2694 ἀτεκνίαν
1696 2641 1769 2710 τῇ

188 2727 372 2795 ψυχῇ
398 2744 523 2797 μου
544 2767 562 2792 ,
608 2726 1090 2797 ’Δνεστραμμένα
1117 2728 1265 2782 κατὰ
1293 2728 1398 2796 τῆς
1416 2730 1615 2799 ψυχῆς
1628 2750 1765 2800 μου,

186 2817 222 2868 ὁ
259 2816 562 2888 Σύμμαχος
576 2816 864 2881 ἐξέδωκεν.

279 2986 498 3057 Ἐπειδὴ
529 2988 603 3040 τὰ
636 2988 973 3057 προκείμενα
1003 2987 1264 3057 συνῆπται
1293 2991 1400 3051 τοῖς
1430 2986 1487 3041 ὲν
1514 2990 1590 3059 τῷ
1615 2996 1765 3061 τρία·

189 3077 374 3149 κοστῷ
405 3079 584 3148 τρίτῳ
622 3076 825 3147 ψαλμῷ
857 3075 1296 3147 προλελεγμένοις
1317 3092 1331 3110 ο
1381 3076 1560 3130 ἐκεῖνα
1586 3078 1641 3131 δὲ
1670 3080 1766 3148 τῆς

193 3162 438 3237 ἱστορίας
469 3166 825 3237 ὲμνημόνευε
850 3167 946 3235 τῆς
976 3164 1114 3219 κατὰ
1142 3164 1229 3218 τὸν
1267 3160 1543 3236 Ἀϐιμέλεχ
1561 3207 1574 3230 ,
1599 3170 1680 3236 ἐφ’
1704 3163 1764 3221 οὗ

187 3257 456 3325 ἠλλοίωσε
488 3258 554 3309 τὸ
590 3257 883 3327 πρόσωπον
906 3249 1065 3310 αὑτοῦ
1085 3295 1099 3319 ,
1132 3256 1268 3310 κατὰ
1291 3256 1358 3309 τὰ
1382 3255 1762 3326 ἀποδεδομένα·
1792 3245 1837 3306 C

184 3347 331 3417 τάχα
357 3364 466 3399 που
499 3346 736 3400 δύναται
762 3346 943 3398 καὶτὰ
969 3345 1103 3416 μετὰ
1131 3339 1313 3416 χεῖρας
1343 3347 1427 3399 ἐπ’
1453 3349 1630 3401 ἐκεῖνα
1648 3349 1768 3401 ἀνα-

183 3420 479 3507 φέρεσθαι.
500 3435 716 3490 Μαθὼν
735 3436 843 3507 γὰρ
862 3437 890 3487 ὁ
908 3435 1078 3488 Σαοὺλ
1094 3436 1241 3504 παρὰ
1261 3435 1414 3507 Δωὴκ
1430 3476 1444 3499 ,
1461 3437 1535 3499 ὡς
1549 3438 1766 3506 ἀφῖκται

183 3527 354 3580 Δαυῒδ
385 3512 531 3603 πρδς
575 3520 867 3595 Ἆὸιμέλεχ
890 3565 904 3584 .
944 3510 1136 3596 ἄρτους
1165 3544 1223 3578 τε
1261 3516 1490 3596 εἰληφὼς
1514 3526 1767 3579 διασέσω-

188 3631 349 3680 σται,
382 3617 606 3677 πάντας
639 3611 816 3667 ἀνεῖλε
842 3616 963 3678 τοὺς
990 3617 1148 3685 ἱερεῖς
1172 3614 1263 3666 τοῦ
1291 3615 1511 3684 Κυρίου,
1529 3615 1685 3668 αὐτόν
1708 3634 1767 3668 τε

186 3707 286 3759 τὸν
328 3704 636 3775 ’Δὸιμέλεχ
671 3703 950 3771 παγγενεί.
988 3704 1215 3757 Δύναται
1240 3701 1329 3757 οὖν
1357 3705 1525 3758 ταῦτα
1555 3698 1582 3759 δ
1610 3707 1767 3761 Δαυῖδ

190 3798 276 3859 εἰς
302 3798 611 3867 πρόσωπον
636 3789 734 3846 τοῦ
760 3785 931 3845 Σαοὺλ
956 3792 1246 3865 εἰρηκέναι,
1276 3792 1347 3856 ὡς
1375 3794 1466 3847 καὶ
1489 3796 1658 3848 πάντα
1678 3796 1766 3851 τὸν

187 3887 402 3958 ψαλμὸν
434 3889 523 3949 εἰς
560 3882 773 3937 ἐκεῖνον
799 3882 1157 3955 ἀναφέρεσθαι
1190 3883 1279 3937 τὸν
1316 3875 1526 3954 καιρδν,
1557 3884 1676 3937 καθ’
1707 3886 1765 3939 ὃν

188 3977 349 4048 Δωὴκ
405 3973 935 4045 ὲψευδομαρτύρησε
993 3970 1085 4026 τοῦ
1144 3964 1421 4043 ’Ᾱόιμέλεχ
1478 3964 1623 4043 παρὰ
1672 3964 1763 4028 τοῦ

188 4065 362 4119 Σαούλ
381 4083 395 4095 σ
435 4064 537 4117 καὶ
576 4062 723 4132 τάχα
756 4061 815 4113 τὸ
843 4058 1064 4130 Πνεῦμα
1090 4061 1149 4113 τὸ
1183 4060 1361 4128 ἆγιον,
1389 4060 1455 4113 τὰ
1487 4062 1628 4131 πάθη
1659 4063 1764 4115 τῶν

190 4154 381 4226 ἱερέων
409 4144 743 4222 ὗπογραφον
771 4190 785 4214 ,
817 4148 886 4202 τὰ
922 4146 1247 4220 προκείμενα
1279 4150 1532 4218 ἀνεφώνει
1561 4151 1728 4217 λέγων
1747 4169 1760 4182 ο

188 4248 475 4309 Δίκασον,
503 4246 711 4310 Κύριε,
746 4241 887 4306 τοὺς
925 4240 1272 4305 ἀδικοῦντάς
1289 4259 1383 4309 με,
1413 4244 1589 4296 καὶτὰ
1618 4244 1762 4313 ἑξῆς.

188 4335 271 4388 Τὰ
300 4336 358 4388 δὲ
394 4332 760 4406 μονοτρόπως
792 4330 1053 4401 εἰρημένα
1084 4331 1207 4399 περὶ
1240 4332 1353 4395 ἑνός
1389 4349 1528 4396 τινος
1565 4334 1621 4385 ἐν
1652 4334 1726 4404 τῷ
1745 4375 1760 4399 ,

202 4425 455 4482 Ἐλθέτω
480 4422 653 4487 αὑτῷ
681 4422 864 4489 παγίς·
886 4419 966 4486 ἣν
995 4422 1066 4472 οὐ
1092 4419 1392 4488 γινώσκει,
1425 4423 1518 4475 καὶ
1549 4424 1585 4490 ἡ
1617 4423 1764 4491 θήρα

191 4512 273 4579 ἢν
292 4516 526 4583 ἔκρυψε
546 4510 913 4567 συλλαϐεὲτω
932 4509 1132 4573 αὑτὸν,
1157 4511 1249 4562 καί
1273 4511 1342 4563 ἐν
1361 4511 1433 4579 τῇ
1454 4513 1649 4581 παγίδι
1671 4527 1762 4566 στε-

196 4604 384 4657 σεῖται
411 4606 481 4658 ἐν
506 4600 703 4669 αὐτῇ,
744 4599 966 4651 δύναται
993 4597 1068 4667 τῷ
1097 4597 1249 4668 Δωὴκ
1275 4597 1615 4670 ἐφαρμόζειν.
1651 4590 1757 4655 Καὶ

194 4691 260 4744 τὸ
272 4731 287 4755 ,
314 4692 720 4756 Ἀναστάντες
730 4689 1031 4758 μάρτυρες
1044 4689 1249 4752 ἄδικοι,
1264 4689 1301 4742 ἂ
1317 4692 1424 4743 οὐκ
1437 4691 1759 4759 ἐγίνωσκον

190 4780 431 4850 ἠρώτων
442 4800 522 4851 με
542 4798 557 4812 ·
592 4776 1085 4835 ἀνταπεδίδοσάν
1107 4796 1207 4845 μοι
1236 4778 1461 4845 πονηρὰ
1478 4778 1609 4832 ἀντὶ
1627 4779 1760 4847 ἀτα-

188 4873 307 4926 θῶν
329 4914 348 4939 ,
383 4873 485 4926 καὶ
524 4870 823 4926 ἀτεκνίαν
848 4865 927 4932 τῇ
950 4866 1119 4934 ψυχῇ
1153 4885 1268 4935 μου
1289 4907 1303 4931 ,
1365 4872 1426 4921 ἐκ
1476 4870 1758 4940 προσώπου

189 4964 401 5033 λεχθείη
430 4963 499 5015 ἂν
531 4960 631 5014 τοῦ
675 4956 990 5026 Ἀϐιμέλεχ.
1023 4958 1127 5007 Καὶ
1154 4958 1319 5010 ταῦτα
1348 4959 1403 5011 δὲ
1434 4959 1577 5021 εἰκὸς
1607 4962 1755 5030 είρη-

192 5054 333 5105 κέναι
358 5054 454 5105 τὸν
485 5048 657 5107 Δαυτδ
680 5065 694 5078 ⁸
727 5044 901 5100 αὑτοῦ
933 5044 1039 5114 γὰρ
1065 5046 1451 5117 ἐπιγέγραπται
1481 5051 1509 5101 ὁ
1528 5049 1757 5118 ψαλμδς,

194 5141 514 5210 ἀποστολικῇ
551 5136 799 5192 διαθέσει
832 5134 1077 5197 λέξοντος
1103 5134 1194 5185 ἄν’
1251 5137 1344 5202 Τίς
1367 5129 1629 5205 ἀσθενεῖ,
1663 5141 1758 5195 καί

194 5229 299 5281 οὐκ
325 5226 602 5288 deﬁeri);
630 5225 726 5287 τίς
750 5217 1240 5282 σκανδαλίζεται,
1268 5221 1363 5273 καὶ
1392 5225 1499 5276 οὐκ
1518 5224 1630 5293 ἐγὼ
1649 5241 1758 5279 πυ-

190 5317 430 5386 ροῦμαι;
467 5317 566 5369 καὶ
586 5353 605 5376 ,
639 5309 964 5369 Παθόντος
994 5298 1124 5371 ἑνὸς
1143 5307 1390 5375 μέλους,
1419 5311 1758 5379 συμπάσχει

189 5408 375 5460 πάντα
407 5406 478 5459 τὰ
501 5402 692 5472 μέλη.
733 5396 853 5448 Καὶ
879 5393 1037 5454 ἄλλος
1051 5394 1106 5447 δὲ
1130 5397 1276 5466 παρὰ
1296 5398 1460 5450 ταῦτα
1485 5402 1758 5470 μάρτυρας

187 5496 274 5563 μὲν
296 5496 526 5556 ἀδίκους
559 5492 713 5542 εἴποι
741 5484 812 5537 ἄν
847 5499 936 5543 τις
970 5483 1165 5546 πάντας
1188 5488 1312 5549 τοὺς
1333 5488 1758 5555 ἐνδιαϐάλλοντας

191 5562 261 5639 thy
287 5585 452 5638 Δαυῒδ
485 5579 645 5649 παρὰ
678 5573 780 5626 τοῦ
815 5562 997 5621 Σαούλ
1017 5586 1030 5601 ο
1060 5566 1175 5625 τότε
1208 5571 1305 5644 μὲν
1335 5578 1439 5648 γὰρ
1471 5581 1517 5634 οἰ
1549 5574 1755 5649 Ζιφαῖοι

1791 4554 1835 4609 D

239 5757 273 5789 ιι
309 5756 357 5811 η
388 5754 523 5809 σοι,
567 5760 665 5809 ιι,
703 5739 805 5794 29.
891 5730 936 5768 ’ί
976 5730 1149 5797 iCor.
1183 5760 1299 5810 xtl,
1326 5744 1415 5802 26.

1875 2006 2199 2060 cunditatem
2243 2004 2309 2059 de
2357 2005 2532 2059 medio
2587 2006 2776 2060 tollere
2833 2007 3115 2061 curabant.
3155 2004 3296 2061 Sane
3354 1994 3403 2062 si

1872 2093 2056 2150 eorum
2075 2080 2454 2165 quaestionibus
2476 2095 2953 2162 obtemperassem,
2989 2096 3110 2150 talis
3161 2095 3404 2164 profecto

1870 2180 2081 2253 qualem
2109 2184 2209 2254 ipsi
2234 2183 2481 2238 volebant
2509 2182 2732 2239 effectus
2769 2193 2965 2250 essem,
2997 2185 3235 2254 orbaque
3251 2184 3403 2252 prole

1868 2273 2058 2329 fuisset
2080 2274 2256 2327 anima
2285 2288 2421 2337 mea,
2445 2272 2626 2327 divina
2666 2268 2847 2341 Sponsi
2890 2272 3094 2329 semina
3126 2289 3234 2327 non
3261 2273 3402 2326 ulte-

1868 2364 1982 2417 rius
2008 2363 2298 2432 eXcipiens.
2322 2359 2474 2428 Quod
2518 2361 2564 2416 si
2613 2361 2861 2431 discipuli
2890 2362 3126 2416 doctoris
3173 2361 3257 2416 sui
3303 2361 3400 2414 lilii

1868 2466 1987 2505 esse
2034 2450 2311 2515 dicantur:
2358 2465 2421 2503 ea
2476 2466 2689 2519 quoque
2740 2450 2948 2503 ratione
2983 2450 3130 2519 prole
3180 2447 3400 2503 orbatur

1867 2541 2041 2594 anima
2060 2540 2312 2603 doctoris,
2333 2532 2573 2608 ejusdem
2592 2540 2785 2594 erratis
2813 2539 2867 2593 in
2895 2536 3273 2594 oiiendiculum
3301 2538 3399 2594 abs

1867 2646 1926 2684 se
1964 2630 2205 2698 paratum
2256 2625 2494 2698 delapsa,
2533 2629 2659 2682 dum
2700 2644 2799 2698 per
2846 2624 3144 2683 doctrinam
3174 2643 3268 2684 eos
3304 2626 3397 2697 qui

1865 2714 1961 2771 abs
1989 2733 2046 2772 se
2066 2719 2175 2771 nati
2206 2727 2331 2772 sunt
2361 2716 2640 2771 interimit.
2662 2714 2766 2771 Pro
2791 2717 2883 2771 illo
2917 2725 3115 2779 autem,
3145 2716 3399 2770 sterilita-

1866 2808 1964 2862 tem
1989 2809 2174 2862 animus
2192 2822 2354 2873 meae,
2405 2810 2643 2876 perversa
2694 2810 2877 2862 eontra
2936 2804 3165 2861 animam
3210 2822 3397 2875 meam,

1863 2900 2024 2953 vertit
2055 2892 2426 2968 Symmachus.

1930 2975 2189 3055 Quoniam
2224 2988 2337 3042 haec
2366 3004 2484 3058 quae
2535 2983 2645 3058 jam
2681 2991 2976 3043 tractamus
3018 2998 3140 3043 eum
3182 2988 3248 3044 iis
3281 3002 3400 3058 quae

1863 3076 1920 3132 in
1960 3078 2229 3133 tricesimo
2261 3078 2421 3132 tertio
2461 3076 2670 3145 psalmo
2704 3077 2979 3145 praemissa
3032 3084 3161 3130 sunt
3193 3091 3399 3131 conne-

1865 3175 2114 3234 etuntur;
2151 3169 2240 3221 illa
2268 3182 2395 3223 vero
2414 3168 2479 3222 de
2500 3167 2723 3221 historia
2740 3166 3046 3220 Abimelech
3072 3167 3398 3221 mentionem

1869 3255 2060 3320 iecere,
2089 3257 2230 3326 apud
2255 3272 2433 3327 quem,
2471 3257 2549 3308 uti
2588 3255 2837 3324 superius
2872 3251 3126 3308 traditum
3156 3262 3257 3318 est,
3296 3256 3397 3308 im-

1864 3348 2087 3401 mutavit
2114 3344 2314 3401 vultum
2328 3344 2517 3411 suum;
2555 3343 2781 3421 fortasse
2809 3346 3016 3414 possint
3045 3344 3160 3399 haec
3186 3360 3306 3413 qua:
3340 3345 3396 3399 in

1865 3432 2389 3511 prmsentiagunlur
2417 3434 2482 3488 ad
2528 3434 2617 3487 illa
2642 3434 2848 3489 referri.
2873 3433 3004 3487 Nam
3036 3449 3156 3488 cum
3192 3432 3315 3487 Saul
3363 3445 3397 3488 a

1864 3527 2005 3582 Doec
2026 3514 2336 3582 edidicisset
2375 3522 2628 3579 Davidem
2653 3525 2716 3578 ad
2740 3524 3047 3579 Abimeleeh
3075 3524 3392 3601 accessisse,

1864 3626 2041 3687 atque,
2067 3618 2299 3687 acceptis
2318 3617 2567 3686 panibus,
2610 3618 2832 3672 salutem
2877 3625 3094 3672 nactum
3127 3632 3247 3672 esse
3294 3616 3393 3688 [ne

1867 3705 2002 3761 fame
2029 3706 2271 3777 periret],
2302 3721 2487 3761 omnes
2543 3702 2848 3760 sacerdotes
2871 3701 3083 3759 Domini
3114 3704 3395 3775 ipsumque

1861 3790 2165 3854 Abimeiech
2194 3812 2314 3850 eum
2336 3812 2528 3864 genere
2566 3812 2663 3850 suo
2693 3795 3047 3850 internecioni
3092 3794 3257 3850 dedit.
3291 3790 3396 3849 Ροι

1863 3882 2103 3956 tuitergo
2122 3869 2287 3939 David
2320 3886 2432 3940 haec
2447 3885 2513 3941 de
2537 3901 2764 3956 persona
2793 3884 2970 3939 Saulis
2993 3884 3190 3947 dicere,
3229 3885 3301 3939 ita
3336 3891 3395 3939 ut

1863 3982 2006 4030 totus
2034 3976 2270 4045 psalmus
2321 3976 2387 4029 ad
2431 3976 2486 4029 id
2507 3976 2764 4045 temporis
2807 3975 3094 4036 referatur,
3120 3989 3226 4042 quo
3252 3973 3394 4029 Doec

1863 4075 2048 4121 contra
2104 4064 2409 4121 Abimelech
2452 4068 2591 4136 apud
2645 4066 2858 4121 Saulem
2918 4066 3110 4119 falsum
3153 4066 3395 4119 testimo-

1861 4158 2008 4211 nium
2037 4157 2205 4211 dixit:
2233 4166 2285 4212 et
2302 4154 2530 4213 fortasse
2555 4152 2789 4227 Spiritus
2806 4163 3026 4210 sanctus
3055 4153 3392 4213 sacerdotum

1861 4248 2065 4303 cladem
2119 4248 2428 4304 deseribens
2458 4249 2571 4303 haec
2611 4248 2806 4302 dixerit
2836 4265 2849 4300 :
2904 4241 3118 4306 Indica,
3152 4236 3392 4305 Domine,

1862 4347 2092 4391 nocentes
2122 4354 2218 4398 me,
2245 4338 2298 4391 et
2334 4346 2544 4392 caetera.
2577 4336 2704 4403 Qua:
2747 4350 2906 4404 porro
2936 4333 2999 4387 de
3028 4345 3137 4386 duo
3163 4332 3277 4387 solo
3320 4328 3395 4386 di-

1861 4432 2073 4490 cuntur,
2109 4434 2167 4480 ut
2206 4416 2333 4482 illud
2362 4438 2445 4483 est
2476 4448 2489 4483 :
2528 4427 2705 4480 Veniat
2731 4424 2812 4478 illi
2832 4423 3044 4494 laqueus
3069 4433 3216 4502 quem
3242 4422 3392 4493 igno-

1864 4524 1967 4581 rat,
1993 4526 2041 4570 et
2068 4519 2235 4585 captio
2252 4534 2405 4585 quam
2428 4515 2691 4570 abscondit
2719 4508 3062 4581 apprehendat
3104 4523 3240 4578 eum,
3262 4520 3310 4564 et
3337 4510 3394 4563 in

1862 4609 2097 4677 laqueum
2135 4608 2285 4661 cadat
2314 4609 2368 4661 in
2395 4610 2579 4676 ipsum,
2602 4605 2738 4660 Doec
2763 4604 2959 4660 ascribi
2993 4608 3236 4673 possunt.
3260 4599 3395 4654 illud

1861 4705 2057 4761 autem,
2095 4694 2366 4761 Surgentes
2388 4704 2534 4748 testes
2555 4694 2740 4762 iniqui,
2768 4709 2881 4762 qua:
2911 4692 3214 4763 ignorabam
3235 4688 3394 4740 inter-

1863 4786 2113 4853 rogabant
2153 4799 2263 4837 me:
2296 4783 2641 4837 retribuebant
2681 4776 2808 4845 mihi
2854 4781 2996 4833 mala
3025 4790 3118 4846 pro
3149 4776 3315 4841 bonis,
3342 4781 3393 4829 et

1862 4873 2186 4927 sterilitatem
2208 4875 2393 4927 animle
2418 4887 2562 4935 metu,
2585 4885 2648 4925 ex
2670 4868 2997 4925 Abimeiechi
3021 4880 3247 4936 persona
3268 4879 3393 4934 pro-

1858 4963 2102 5016 nuntiata
2142 4962 2338 5016 fuerint
2373 4980 2385 5015 :
2418 4976 2535 5030 qua:
2579 4976 2677 5030 par
2725 4969 2808 5015 est
2858 4959 3058 5011 dixisse
3111 4950 3387 5015 Davidem,

1855 5053 2092 5122 psalmus
2131 5052 2328 5121 quippe
2382 5050 2497 5117 ejus
2546 5036 2667 5105 eese
2710 5047 3021 5103 inscribitur
3052 5060 3067 5097 :
3104 5046 3151 5099 is
3178 5056 3390 5114 aposto-

1855 5140 1958 5194 lico
1996 5154 2144 5194 more
2169 5141 2247 5193 sic
2277 5137 2465 5193 ellatus
2513 5130 2795 5191 credatur:
2829 5132 2957 5201 Quis
2989 5132 3308 5201 infirmatur.
3334 5141 3387 5186 et

1854 5248 1943 5302 ego
1974 5248 2075 5284 non
2106 5231 2377 5299 inﬁrmor?
2403 5218 2514 5295 quis
2568 5226 2979 5289 scandalizatur,
3044 5232 3092 5276 et
3145 5240 3236 5292 ego
3283 5238 3386 5278 non

1859 5335 1982 5372 uror
2000 5320 2042 5350 ’ί
2064 5314 2160 5371 ?Et
2190 5333 2203 5368 :
2240 5311 2297 5368 Si
2322 5306 2442 5382 quid
2469 5315 2703 5379 patiatur
2724 5331 2884 5367 unum
2912 5313 3213 5381 membrum,
3245 5329 3388 5365 com-

1858 5409 2127 5473 patiuntur
2154 5406 2323 5458 omnia
2354 5402 2581 5459 membra
2610 5404 2675 5455 ".
2726 5401 2789 5455 Et
2830 5402 3054 5458 forsitan
3084 5399 3222 5453 alius
3251 5416 3389 5469 prae-

1859 5505 2004 5551 terea
2033 5494 2195 5552 dicat.
2246 5492 2456 5558 iniquos
2503 5478 2669 5547 testes
2689 5507 2809 5547 esse
2847 5495 3109 5560 quotquot
3133 5486 3389 5540 Davidem

1860 5584 1998 5655 apud
2020 5583 2229 5642 Saulem
2254 5579 2565 5636 calumniati
2595 5592 2747 5650 sunt;
2780 5582 2935 5636 modo
2962 5580 3156 5649 quippe
3187 5568 3392 5643 Ziplzaai
