3782 6336
551 400 645 455 511

1230 375 1504 453 'Eusenu
1544 397 2008 452 CIESARIENSIS
2045 401 2191 455 ore.
2231 401 2408 456 rans
2443 400 2529 455 tu.
2568 431 2635 440 -
2696 403 3043 458 exessum.
3467 417 3541 469 δη

549 517 673 574 Haec
710 527 883 573 autem
914 521 1104 572 ibidem
1138 519 1269 571 dixit
1319 525 1438 586 post
1468 518 1627 570 illud:
1657 517 1796 570 Erue
1820 535 1851 570 a
1877 518 2038 585 frame

2054 537 2072 572 ι
2104 545 2147 600 Α
2187 522 2540 588 Ἐκκλησίας
2555 520 2796 589 ὑμνήσω
2810 537 2896 575 σε.
2919 522 3053 574 Ταῦτα
3072 519 3114 571 δὲ
3135 518 3219 568 ἐκεῖ
3234 513 3432 585 ἐλέγετο
3450 535 3547 600 μετά

551 612 784 666 animam
810 627 992 671 meam,
1022 618 1069 662 et
1097 609 1159 661 de
1180 623 1335 660 manu
1363 609 1504 660 canis
1535 609 1848 677 unigenitum
1886 627 2069 666 meam.

549 700 704 754 Salva
739 718 814 753 me
845 715 908 752 ea:
945 716 1031 752 ore
1058 700 1216 753 leonis
1239 709 1337 752 eta
1369 699 1607 752 cornibus
1631 700 1953 753 unicornium
1978 703 2072 756 Itu-

549 791 818 842 militatem
872 804 1055 842 meam.
1109 788 1202 842 His
1258 790 1419 858 igitur
1474 790 1712 842 additum
1770 790 1901 844 illud
1953 802 2070 848 est:

549 878 794 931 Narrabo
830 894 1010 930 nomen
1057 887 1198 930 tuum
1234 877 1486 945 fratribus
1528 879 1675 939 meis,
1707 878 1759 930 in
1801 881 1966 933 medio
1993 898 2073 936 ec-

546 969 718 1026 clesia:
766 967 990 1019 laudabo
1040 977 1105 1022 te.
1149 967 1204 1020 In
1252 971 1501 1036 praesenti
1550 970 1798 1023 similiter
1844 973 2070 1039 psalmo,

558 1066 841 1124 postquam
877 1049 1118 1109 dixerat:
1146 1055 1373 1108 Restitue
1410 1057 1634 1108 animam
1669 1074 1832 1110 meam
1861 1076 1890 1111 a
1920 1060 2065 1112 mali-

544 1148 736 1216 gnitate
761 1161 957 1211 eorum,
991 1162 1022 1198 a
1046 1145 1272 1197 leonibus
1302 1146 1613 1213 unigenitum
1639 1163 1823 1209 meam,
1846 1148 2068 1216 adjecit:

545 1237 840 1305 Conﬁtebor
876 1237 970 1288 tibi
1007 1237 1059 1288 in
1109 1235 1322 1288 ecclesia
1374 1236 1558 1302 multa,
1598 1238 1651 1290 in
1698 1238 1883 1304 populo
1931 1239 2076 1306 gravi

546 1327 769 1392 laudabo
800 1337 846 1380 te
869 1327 931 1380 ⁵⁵.
968 1325 1071 1380 Pro
1119 1327 1209 1380 illo
1239 1334 1433 1392 autem,
1465 1328 1627 1394 gravi,
1663 1327 1874 1395 Aquila,
1903 1345 2069 1388 osseo,

546 1417 733 1479 edidit,
761 1417 813 1469 id
847 1425 950 1478 est,
997 1416 1155 1469 forti:
1189 1431 1310 1470 ossa
1358 1417 1553 1484 quippe
1591 1417 1827 1469 omnium
1861 1434 1978 1486 quae
2016 1419 2071 1471 in

546 1522 775 1574 corpore
813 1514 1048 1568 exstant,
1083 1506 1375 1559 fortissima
1418 1514 1471 1558 et
1515 1505 1891 1560 robustissima
1922 1514 2068 1562 sunt.

546 1593 734 1646 Gravis
766 1593 931 1660 igitur
961 1601 1061 1654 est,
1094 1593 1186 1662 qui
1214 1592 1467 1645 fundatus
1497 1593 1550 1645 in
1578 1601 1748 1660 petra,
1778 1592 2068 1645 immobilis

545 1689 599 1736 et
627 1682 886 1737 infractus
911 1690 1108 1736 manet.
1157 1681 1302 1734 Patri
1338 1683 1518 1750 itaque
1547 1683 1848 1747 conﬁtetur,
1870 1684 2070 1752 gratias

546 1771 647 1838 ipsi
678 1786 839 1840 agens
879 1771 932 1824 in
956 1771 1182 1825 ecclesia
1214 1786 1307 1823 sua
1332 1772 1522 1825 multa.
1565 1769 1728 1822 Multa
1759 1771 1953 1838 quippe
1987 1785 2070 1824 re-

2174 613 2264 665 τό.
2306 611 2501 664 Ῥῦσαι
2550 611 2662 663 ἀπὸ
2702 611 2970 678 ῥομφαίας
3005 609 3089 675 τὴν
3121 604 3279 674 ψυχήν
3323 631 3454 683 μου,
3484 623 3558 673 καὶ

2174 705 2240 757 ἐκ
2285 703 2477 772 χειρὸς
2515 702 2696 766 κυνὸς
2723 703 2833 768 τὴν
2845 698 3078 770 μονογενῆ
3097 716 3203 766 μου.
3225 695 3418 757 Σῶνόν
3433 726 3489 773 με
3512 712 3560 762 ἐκ

2178 796 2462 859 στόματος
2482 791 2743 854 λέοντος,
2767 791 2860 844 καὶ
2886 789 2977 842 ἀπὸ
3003 787 3203 855 κεράτων
3217 795 3566 859 μονοκερὼτων

2175 883 2286 949 τὴν
2326 881 2681 934 ταπείνωσίν
2716 898 2850 948 μου.
2897 880 3088 948 Συνῆπτο
3126 875 3228 942 γοῦν
3263 873 3454 943 τοῦτοις
3499 886 3574 938 τό·

2175 969 2528 1038 Διηγήσομαι
2561 967 2624 1020 τὸ
2664 968 2844 1036 ὄνομά
2871 985 2967 1021 σου
2993 967 3088 1031 τοῖς
3113 962 3358 1030 ἀδελφοῖς
3401 987 3511 1037 μου,
3532 974 3580 1026 ὲν

2169 1061 2330 1127 μέσῳ
2363 1059 2719 1124 Ἑκκλησιάς
2750 1057 2976 1126 ὑμνήσω
3003 1072 3074 1110 σε.
3100 1057 3189 1109 Καὶ
3209 1057 3253 1106 ὲν
3279 1056 3402 1124 τοῖς
3427 1079 3582 1134 προχει

2179 1145 2354 1212 μένοις
2397 1143 2785 1214 παραπλησίως
2840 1143 3088 1214 προειπών·
3142 1143 3582 1221 Ἀποκατκάστησσ

2174 1233 2286 1300 τὴν
2311 1233 2515 1301 ψυχήν
2547 1252 2662 1300 μου
2695 1232 2809 1285 ἀπὸ
2848 1231 2947 1299 τῆς
2969 1231 3260 1298 κακουργίας
3283 1230 3343 1280 αὑ
3363 1242 3492 1301 τῶν,
3519 1244 3582 1292 ἀπ

2172 1322 2429 1372 λεόντων
2454 1320 2565 1386 τὴν
2596 1319 2888 1388 μονογενῆ
2921 1337 3032 1387 μου,
3066 1317 3295 1385 ἐπιλέγει*
3329 1317 3562 1387 Ἐξεγίολι

2173 1408 2431 1476 γήσομαι
2479 1424 2575 1469 σοι
2614 1408 2682 1459 ἐν
2710 1408 2987 1475 ἐκκλησίᾳ
3015 1405 3206 1473 πολλῇ,
3249 1407 3304 1458 ἐν
3320 1406 3428 1470 ,1αῷ
3462 1408 3555 1472 βας

2171 1497 2382 1550 αἰνέσω
2410 1513 2500 1552 σε.
2539 1500 2679 1550 Ἀντὶ
2705 1498 2758 1549 δὲ
2787 1499 2896 1562 τοῦ,
2921 1499 3082 1565 βαρεῖ,
3111 1500 3136 1550 ὁ
3169 1496 3366 1558 Ἀκύλας
3392 1496 3558 1562 ὲξέδων

2173 1588 2434 1651 ὀστεΐνῳ,
2469 1588 2758 1651 τουτέστιν,
2797 1587 3008 1658 ἰσχυρῷ,
3033 1588 3140 1639 ἐπεὶ
3176 1586 3263 1639 τοῦ
3315 1588 3492 1648 παντὸς
3546 1604 3564 1638 ι

2175 1693 2337 1746 ματος
2373 1677 2438 1729 τὰ
2466 1677 2807 1732 δυνατώτατα
2835 1679 2923 1730 καὶ
2948 1679 3235 1749 ἰσχυρότατα
3255 1677 3370 1729 ὀστᾶ.
3393 1680 3562 1745 tuna

2171 1769 2348 1839 Βαρὺς
2378 1766 2468 1822 οὖν
2497 1772 2524 1822 ὁ
2549 1771 2638 1822 ἐπὶ
2665 1771 2760 1840 τὴν
2782 1770 2975 1843 πέτραν
2996 1769 3437 1841 τεθεμελιωμένος,
3477 1771 3505 1822 ὸ
3546 1771 3568 1823 ὸ

545 1873 669 1912 vera
719 1866 802 1911 est
844 1859 955 1912 haec
1001 1859 1248 1921 ecclesia,
1283 1873 1440 1925 quam
1479 1858 1530 1909 in
1564 1856 1768 1924 psalmo
1808 1872 1898 1907 xx:
1960 1869 2038 1907 ma

2103 1879 2142 1932 Β
2169 1860 2348 1923 λευτος
2385 1860 2475 1913 καὶ
2516 1862 2778 1931 ἀρραγὴς.
2833 1863 2919 1931 Τῷ
2955 1863 3109 1915 τοίνυν
3156 1861 3333 1930 Πατρὶ
3360 1859 3568 1928 ὲξομολο

547 1963 705 2019 gnam
739 1948 970 2010 vocavit,
1006 1949 1222 2001 dicens:
1257 1947 1404 2013 Apud
1435 1955 1481 1998 te
1503 1947 1616 1999 laus
1648 1963 1760 1999 mea
1778 1947 1827 1998 in
1857 1946 2072 1997 ecclesia

547 2056 757 2108 magna.
804 2038 960 2092 Pater
993 2039 1153 2107 igitur
1175 2039 1396 2106 gloriam
1432 2036 1572 2089 Filio
1602 2037 1656 2089 in
1700 2036 1931 2089 ecclesia
1956 2049 2071 2086 ma-

547 2145 648 2198 gna
682 2130 962 2193 conciliat;
997 2128 1166 2182 Filius
1197 2136 1372 2180 autem
1401 2127 1544 2180 Patri
1577 2127 1865 2180 confitetur
1898 2127 1950 2178 in
1986 2140 2073 2178 ec—

547 2221 708 2275 clesia
757 2214 948 2283 multa,
1001 2236 1118 2289 qua:
1179 2220 1387 2275 scilicet
1439 2219 1495 2278 in
1545 2220 1794 2275 universa
1837 2216 2074 2272 Ecclesia

547 2311 835 2366 stalnilitur.

2168 1965 2275 2009 ται,
2308 1947 2635 2018 εὐχαριστῶν
2668 1950 2757 2000 ἐπὶ
2776 1951 2842 2019 τῇ
2898 1948 3162 2016 Ἐκκλησία
3209 1943 3370 1998 αὐτοῦ
3403 1946 3474 2014 τῇ
3510 1962 3570 1996 πε

2170 2036 2339 2105 Πολλὴ
2361 2037 2466 2107 γὰρ
2495 2037 2568 2100 ὼς
2598 2037 2803 2106 ἀληθῶς
2852 2037 2979 2105 αὕτη
3009 2039 3038 2106 ἡ
3072 2035 3394 2106 Ἐκκλησίσ.”
3449 2034 3515 2103 ἢν
3551 2036 3574 2085 ὲ

2171 2125 2394 2195 εἰκοστῷ
2437 2125 2634 2197 πρώτῳ
2682 2127 2916 2196 μεγάλην
2961 2127 3232 2196 ὠνόμασεν
3298 2123 3500 2178 εἰπὼν·
3560 2127 3576 2176 l

2171 2217 2284 2269 σοῦ
2328 2220 2360 2269 ό
2396 2217 2636 2281 ἔπαινός
2671 2235 2787 2285 μου
2828 2219 2896 2270 ἐν
2928 2217 3215 2283 ἐκκλησίᾳ
3247 2215 3510 2286 μεγάλῃ.
3548 2217 3579 2262 ’4

2170 2301 2258 2358 οὖν
2288 2305 2470 2375 Πατὴρ
2491 2305 2704 2359 ἔπαινον
2740 2306 2814 2376 τῷ
2844 2305 2967 2375 Υἰῷζ
2988 2305 3397 2376 κατεργάζεται
3429 2305 3491 2358 ἐν
3521 2307 3578 2357 Ἒ

549 2404 636 2474 cla
671 2405 898 2476 μεγάλῃο
941 2404 968 2455 ὁ
1007 2405 1063 2457 δὲ
1083 2405 1207 2466 Υἰδς
1241 2403 1630 2474 ὲξομολογεῖται
1657 2402 1732 2472 τῷ
1773 2401 1942 2470 Harp}.
1982 2402 2038 2452 ὲν
2087 2399 2374 2477 Ἐκκλησία
2416 2399 2601 2473 πολλῇ⁹
2630 2402 2692 2469 τῇ
2733 2399 2860 2467 καθ’⁵
2884 2400 3006 2469 ὅλης
3031 2400 3127 2470 τῆς
3201 2399 3554 2471 Ἐκκλησίας

551 2494 702 2566 μένῃ.

618 2582 780 2636 Vens.
815 2583 996 2637 19-21.
1054 2583 1174 2639 Non
1220 2583 1629 2650 supergaudeant
1675 2583 1801 2635 mihi
1849 2582 1937 2652 qui
1981 2580 2076 2639 ad-

548 2683 816 2729 versantur
844 2676 968 2728 mihi
1000 2677 1190 2745 inique,
1218 2677 1301 2744 qui
1346 2674 1563 2727 oderunt
1608 2691 1684 2726 me
1713 2674 1873 2742 gratis
1911 2681 1956 2726 et
1981 2689 2076 2725 an-

549 2773 713 2816 nuunt
744 2765 923 2816 oculis.
955 2766 1210 2830 Quoniam
1256 2765 1377 2817 mihi
1415 2765 1616 2833 quidem
1648 2766 1861 2832 paci/ioc
1904 2764 2076 2831 loque-

551 2851 756 2914 bantur,
781 2863 827 2905 et
854 2855 904 2906 in
953 2855 1224 2906 iracundia
1261 2854 1406 2906 dolos
1433 2854 1746 2922 cogitabant.
1789 2852 1854 2904 Et
1883 2853 2077 2904 dilata-

549 2949 723 2991 verunt
757 2955 905 3006 super
938 2958 1015 2993 me
1040 2959 1094 2995 os
1118 2959 1286 3004 suum,
1323 2943 1561 2994 dixerunt
1584 2957 1601 2992 :
1634 2939 1792 3008 Euge,
1824 2956 1967 3005 euge,
2013 2940 2080 2991 vi-

549 3023 730 3078 derunt
769 3028 904 3079 oculi
937 3031 1117 3082 nostri.
1173 3029 1226 3082 Si
1263 3037 1381 3098 post
1438 3030 1738 3097 passionem
1788 3027 2076 3080 Salvatoris

550 3115 724 3168 nostri
759 3130 862 3168 non
900 3115 1109 3174 faustus
1158 3135 1333 3171 rerum
1365 3119 1541 3171 exitus
1580 3119 1724 3172 visus
1784 3124 1921 3171 esset
1946 3155 1958 3178 ,
1988 3116 2080 3185 qui

551 3200 602 3254 in
629 3217 746 3261 eum
769 3207 1221 3272 conspiraverant,
1242 3208 1287 3260 ei
1315 3207 1718 3275 supergaudendi
1740 3222 1798 3258 ac
1833 3205 2081 3265 deriden-

551 3288 601 3342 di
637 3306 756 3344 cum
787 3292 918 3345 forte
939 3295 1110 3346 locum
1140 3295 1469 3356 habuissent,
1494 3302 1675 3362 utpote
1700 3294 1787 3361 qui
1813 3294 1877 3347 de
1907 3292 2080 3346 medio

553 3377 793 3434 Sublatus
843 3382 975 3434 nihil
1025 3383 1322 3437 valuisSct:
1366 3391 1418 3435 at
1448 3383 1662 3450 quando
1699 3381 1933 3436 Ecclesia
1965 3381 2081 3448 ejus

551 3469 713 3524 multa
747 3477 798 3522 et
831 3486 1017 3539 magna
1062 3487 1154 3538 per
1178 3480 1344 3524 totqu
1372 3474 1552 3525 orbem
1591 3470 1908 3539 resplendet,
1943 3471 2084 3538 ipsc-

553 3573 657 3625 que
690 3558 948 3620 hactenus
1002 3560 1055 3610 in
1088 3559 1260 3612 medio
1299 3561 1618 3622 consistens,
1644 3561 1895 3628 pupulum
1927 3574 2082 3613 suum

553 3660 766 3716 gravem
802 3653 1177 3713 potentemque
1203 3656 1510 3716 congregat,
1537 3663 1598 3700 ac
1635 3663 1728 3715 per
1775 3663 1894 3702 eum
1939 3647 2084 3700 Patri

517 3792 527 3802 ε
554 3747 654 3786 suo
682 3733 966 3785 confitetur
989 3750 1002 3793 ;
1027 3748 1147 3785 nam
1182 3733 1271 3802 ubi
1301 3735 1401 3786 duo
1423 3736 1498 3788 cel
1527 3720 1626 3788 tres
1651 3737 1940 3804 congregati
1973 3737 2084 3804 fue-

555 3817 660 3871 rint
690 3819 742 3892 in
768 3820 968 3872 nomine
981 3820 1113 3888 ejus,
1137 3820 1245 3892 illic
1269 3838 1382 3875 sum
1406 3823 1457 3894 in
1479 3824 1643 3884 medio
1661 3840 1836 3877 eorum
1859 3825 1902 3856 ⁸⁵
1925 3843 1938 3890 ;
1963 3825 2084 3893 jure

558 3903 655 3971 illi,
689 3909 779 3978 qui
811 3909 1002 3966 alienis
1039 3911 1287 3982 laetantur
1325 3914 1500 3978 malis,
1533 3895 1734 3983 pudore
1759 3915 1966 3979 suﬂ‘usi,
1999 3932 2084 3982 re-

557 4002 648 4064 tro
701 3995 1094 4071 abscesserunt.
1147 3999 1287 4066 Quid
1339 4003 1481 4073 enim
1527 4002 1804 4056 inimicitia
1863 4003 2085 4072 dignum

554 4084 792 4154 perpessi
819 4093 1024 4140 tantum
1053 4077 1178 4158 ejus:
1190 4092 1374 4146 odium
1403 4091 1693 4159 ceperunt?
1718 4089 1893 4156 Quare
1919 4075 2086 4161 Aqui-

553 4171 626 4236 la,
665 4173 774 4244 sine
801 4190 983 4239 causa,
1016 4176 1397 4247 interpresatus
1431 4186 1531 4234 est.
1560 4163 1884 4250 minuebant
1910 4190 2084 4234 autem

555 4265 725 4320 oculis
748 4282 830 4321 me
859 4267 1184 4336 deridentes,
1213 4254 1690 4344 institutionesque
1723 4285 1870 4345 meas
1896 4269 1962 4323 ad
1995 4285 2084 4339 sa-

555 4354 806 4426 pientiam
829 4357 984 4416 datas
1013 4360 1372 4417 traducentes.
1393 4358 1672 4430 Deinceps,
1700 4359 1829 4412 Mihi
1857 4359 2081 4428 quidem,

555 4445 748 4516 inquit,
777 4451 986 4522 paciﬁca
1016 4451 1370 4521 loquebamur,
1413 4449 1508 4510 sed
1555 4451 1608 4504 in
1639 4452 1800 4505 corde
1838 4466 1936 4506 suo
1985 4449 2082 4504 do-

555 4535 636 4590 los
664 4545 717 4590 et
745 4538 1075 4592 iracundiam
1117 4542 1533 4617 meditabantur.
1572 4541 1696 4614 Hinc
1739 4549 1916 4595 autem
1953 4549 2080 4596 tunc

555 4627 768 4696 impleta
789 4636 934 4694 sunt,
957 4645 1080 4682 cum
1102 4631 1357 4686 Pharisaei
1405 4634 1742 4688 occasionem
1801 4640 2080 4702 captantes

555 4713 804 4768 dicebant
835 4717 910 4770 illi
941 4735 955 4770 :
981 4715 1250 4786 Magister,
1280 4720 1471 4772 scimus
1492 4722 1614 4789 quia
1631 4736 1784 4774 verax
1810 4738 1882 4785 es,
1906 4731 1952 4773 et
1974 4736 2084 4773 ver-

561 4801 678 4861 bum
701 4803 798 4866 Dei
828 4806 879 4857 in
901 4807 1112 4883 veritate
1126 4808 1295 4872 doces,
1329 4820 1377 4864 et
1402 4827 1502 4864 non
1533 4820 1609 4864 est
1641 4812 1732 4876 tibi
1753 4827 1878 4864 cura
1899 4811 1958 4864 de
1989 4810 2088 4864 ali-

556 4909 654 4962 quo
675 4911 696 4959 ;
727 4912 828 4950 non
852 4898 986 4974 enim
1021 4901 1230 4967 respicis
1249 4917 1518 4969 personam
1539 4919 1558 4966 ;
1582 4902 1664 4954 dic
1681 4919 1796 4971 ergo
1820 4903 1984 4965 nobis,
2018 4904 2084 4955 li-

557 4994 635 5036 cet
682 5001 888 5056 censum
933 4989 1059 5063 dare
1097 4990 1296 5044 Cresari
1324 5008 1392 5044 an
1442 5009 1543 5046 non
1563 4992 1654 5046 “‘i
1684 4979 1854 5047 Hasce
1887 4993 2084 5068 quippe

558 5088 717 5129 voces
747 5092 866 5129 cum
907 5079 1029 5150 dolo
1056 5081 1398 5148 proferebant
1434 5099 1449 5137 :
1479 5097 1645 5152 quare
1663 5084 1774 5136 haec
1808 5073 1958 5151 prius
1987 5080 2084 5134 ad-

561 5163 840 5218 umbrabat
874 5166 957 5232 his
988 5155 1162 5224 verbis
1189 5189 1202 5224 :
1233 5170 1364 5224 Mihi
1417 5172 1620 5242 quidem
1667 5173 1879 5242 paciﬁca
1908 5170 2085 5239 loque-

561 5249 764 5316 bantur,
787 5254 909 5324 etin
937 5245 1203 5332 iracundia
1224 5262 1368 5315 dolos
1398 5263 1713 5332 cogitabant.
1740 5259 1842 5314 Sed
1859 5259 1946 5312 hic
1971 5258 2089 5328 qui-

561 5333 681 5388 dem
703 5338 884 5393 doiose
917 5356 1037 5395 cum
1061 5358 1125 5418 eo
1151 5349 1414 5417 colloquia
1447 5351 1847 5416 miscebant;at
1873 5347 1928 5400 in
1959 5341 2082 5409 ﬁne,

563 5430 800 5493 tempore
822 5431 1105 5498 passionis,
1129 5434 1284 5502 pleno
1305 5452 1397 5492 ore
1421 5440 1745 5506 clamabant,
1773 5438 2086 5508 sanguinem

563 5510 680 5578 ejus
710 5525 1014 5588 expetentes
1043 5535 1201 5589 super
1229 5538 1286 5578 se
1312 5535 1364 5578 et
1390 5542 1550 5597 super
1578 5529 1716 5584 ﬁlios
1746 5543 1873 5584 suos
1900 5549 1911 5582 :
1943 5526 2086 5598 quod

2246 2574 2340 2642 Μὴ
2369 2571 2792 2642 ἐπιχαρείησάν
2817 2590 2918 2640 μοι
2954 2575 3004 2626 οἱ
3045 2573 3506 2641 ἐχθραίνογτές
3531 2597 3581 2646 μη

2178 2683 2326 2730 κως,
2368 2665 2421 2716 οἱ
2464 2661 2780 2731 μισοῦντές
2819 2679 2895 2729 με
2944 2661 3172 2729 δωρεὰν·
3223 2664 3344 2717 καὶ
3405 2665 3581 2720 διαιέ

2180 2752 2518 2820 ὀφθαλμοῖς.
2550 2753 2674 2804 Ὅτι
2715 2750 2840 2819 ἐμοὶ
2879 2750 2995 2818 μὲν
3025 2753 3331 2819 εἰρηνικὰ
3374 2755 3582 2809 ἐλά.λο

2179 2842 2268 2893 ἐπ’
2322 2839 2465 2908 ὀργῇ
2511 2840 2725 2904 δόλους
2772 2837 3195 2907 διελογίζοντο.
3254 2843 3391 2895 Καὶ
3455 2843 3582 2898 ἐπ]

2179 2931 2268 2982 ἐπ’
2294 2931 2395 2998 ἐμὲ
2425 2929 2489 2981 τὸ
2525 2930 2712 2996 στόμα
2747 2928 2975 2980 αὐτῶν·
3009 2926 3196 2982 εἷπον
3218 2947 3234 2960 °
3287 2929 3503 3002 Εὖγε,
3551 2953 3582 2988 ε

2181 3021 2287 3072 δον
2311 3023 2364 3073 ol
2383 3018 2664 3086 ὀφθαλμοὶ
2694 3017 2876 3085 ἡμῶν.
2895 3019 2958 3069 Εἰ
2993 3019 3071 3089 μὴ
3093 3018 3170 3071 τὰ
3189 3021 3353 3093 τέλη
3395 3024 3572 3078 αἴσια.

2180 3109 2271 3162 τοῦ
2293 3108 2490 3170 πάθους
2508 3107 2598 3160 τοῦ
2619 3107 2866 3176 Σωτῆρος
2895 3107 3058 3178 ἡμῶν
3093 3111 3375 3180 ἑωρᾶτοθ
3409 3115 3577 3186 τάχα

2187 3215 2280 3272 ραν
2308 3193 2448 3266 εἶχον
2490 3195 2857 3263 καταχαρῆναι
2895 3195 3067 3248 αὑτοῦ
3111 3198 3168 3248 οἱ
3200 3198 3326 3269 τὴν
3359 3206 3502 3256 κατ’
3548 3223 3576 3256 ο

2184 3287 2380 3356 σκευὴν
2414 3284 2870 3356 μεμηχανημένοι,
2903 3285 2983 3347 ὡς
3030 3287 3496 3359 ἀφανισθέντος
3541 3315 3568 3348 ν

2181 3377 2528 3447 δεδυνημένου
2552 3392 2565 3405 °
2601 3376 2720 3428 ἐπεὶ
2741 3375 2794 3427 δὲ
2820 3377 2853 3445 ἡ
2892 3377 3230 3448 Ἐκκλησία.
3262 3384 3466 3437 αὐτοῦ
3495 3389 3541 3457 ἡ

2187 3469 2389 3541 μεγάλη
2424 3467 2710 3536 διαλάμπει
2757 3467 2875 3518 καθ’
2914 3467 3054 3539 ὅλης
3099 3472 3216 3540 τῆς
3245 3476 3568 3547 οἰκουμέη

2181 3575 2239 3613 τε
2267 3559 2429 3609 εἰσέτι
2451 3558 2542 3610 καὶ
2564 3554 2740 3610 νῦν’ὲν
2770 3555 2919 3627 μέσῳ
2948 3557 3146 3622 ἑστὼς
3178 3572 3558 3638 συγκροτεῖ

2182 3650 2276 3700 καὶ
2300 3648 2514 3701 δυνατὸν
2549 3647 2708 3699 αὑτοῦ
2749 3647 2895 3712 λαὸν,
2929 3650 3035 3702 καὶ
3070 3651 3567 3726 ὲξομολογεῖτα

2183 3737 2258 3808 τῷ
2308 3737 2496 3793 ἑαυτοῦ
2543 3736 2740 3808 Πατρίο
2781 3738 2970 3790 Ὅπου
3031 3738 3165 3811 γὰρ
3221 3741 3375 3797 δύο
3431 3748 3483 3816 ἢ
3548 3768 3570 3802 1

2183 3826 2423 3896 ηγμένοι
2449 3828 2535 3891 εἰς
2559 3826 2622 3879 τὸ
2639 3826 2820 3879 αὐτοῦ
2837 3826 3075 3901 ὅνομᾳ,
3100 3830 3267 3885 ἐκεῖ
3288 3839 3455 3906 et“),
3493 3843 3570 3895 ἐν

2183 3918 2326 3989 τῶν·
2350 3918 2568 3993 εἰκότως
2595 3918 2643 3970 οἱ
2674 3918 3230 3989 ἐπιχαιρεσίκακοι,
3276 3929 3574 4008 σίὶσχύνπ

2187 4024 2356 4080 μενοι2
2380 4005 2799 4086 ἀπεστράφησαν
2825 4006 2906 4068 εἰς
2933 4006 3019 4080 τὰ
3043 4009 3278 4064 ὀπίσω
3290 4005 3316 4069 ,ν
3356 4005 3457 4087 Ti.
3497 4022 3572 4088 γὲ

2185 4095 2379 4171 ἔχθρας
2415 4095 2671 4157 παθόντες
2706 4095 2765 4148 τὸ
2797 4095 2936 4166 πρὸς
2990 4099 3202 4155 αὐτὸν
3246 4105 3545 4175 ἤραντο

2185 4203 2290 4256 περ
2340 4186 2368 4239 ὁ
2402 4183 2646 4262 Ἀκύλας,
2695 4184 3012 4252 ἀναιτίως,
3051 4188 3541 4261 ἡρμήνευσε.

2185 4273 2474 4348 ὀφθαλμοῖς
2521 4273 2863 4344 χλευάζοντες
2912 4277 3124 4342 αὐτὸν
3154 4319 3176 4344 ,
3244 4287 3393 4340 καὶ
3451 4289 3575 4343 δια

2184 4365 2281 4435 τῆς
2319 4363 2506 4432 σοφίας
2540 4380 2635 4433 μου
2679 4364 3084 4434 παιδεύματα.
3146 4361 3574 4448 Εἷτα,’-Ὲ⁴

2185 4455 2287 4519 σὶν,
2315 4452 2576 4521 εἰρηνικὰ
2615 4452 2901 4524 ἐλάλουν,
2942 4456 3016 4508 ὲν
3064 4457 3146 4511 δὲ
3189 4465 3293 4532 τῇ
3343 4470 3568 4538 καρδ

2183 4545 2305 4606 λους
2361 4543 2454 4594 καὶ
2503 4541 2667 4611 ὀργῆν
2735 4541 3196 4616 διελογίζοντο,
3229 4552 3574 4630 ”Επληί

2181 4633 2371 4698 ταῦτα,
2403 4632 2490 4683 ὅτε
2535 4630 2703 4692 λαϐὰς
2745 4631 3114 4704 θηρώμενοι
3201 4639 3501 4713 ἔλεγον
3563 4671 3572 4684 ι

2181 4721 2471 4791 Φαρισαῖον
2524 4717 2890 4783 Διδάσκαλε,
2967 4725 3385 4796 οἴδαμεν,
3466 4737 3570 4791 ὅτ

2183 4810 2279 4862 καὶ
2317 4809 2422 4862 τὸν
2458 4811 2639 4877 λόγον
2665 4809 2770 4862 τοῦ
2806 4813 2971 4866 Θεοῦ
3018 4815 3162 4868 ἐπ’
3217 4821 3567 4892 άληθεί

2183 4901 2279 4952 καὶ
2308 4901 2377 4952 οὐ
2424 4897 2592 4968 μέλει
2635 4917 2733 4952 σοι
2770 4905 2910 4970 περὶ
2953 4907 3345 4978 οὐδενός
3377 4933 3400 4945 ο
3466 4923 3558 4973 oi

2183 4992 2268 5054 εἰς
2302 4989 2648 5056 πρόσωπον·
2701 4991 2830 5062 εἰπὲ
2885 4991 3038 5050 οὖν
3115 5001 3348 5068 ἡμῖν
3379 5022 3404 5036 ο
3462 5011 3538 5063 ν]

2185 5076 2413 5142 κῆνσον
2453 5077 2703 5146 Καίσαρι
2746 5079 2785 5150 ἢ
2818 5083 2936 5147 οὕ;
3005 5087 3353 5156 Ταύτας
3414 5099 3524 5164 γὸ

2187 5165 2374 5235 ἐφερον
2405 5164 2502 5228 τὰς
2529 5168 2743 5234 φωνάς’
2781 5171 2861 5226 διὸ
2895 5176 3331 5246 προλαϐὼν
3386 5203 3516 5240 τα·

2189 5269 2362 5307 σκων’
2410 5253 2569 5331 Ἐμοὶ
2595 5257 2710 5325 μὲν
2739 5249 3051 5331 εἰρηνικὰ
3112 5269 3499 5332 ἐλάλου

2189 5343 2404 5410 δόλους
2429 5345 2839 5419 διελογίζοντο.
2882 5355 3072 5408 Ἀλλ’
3113 5341 3484 5424 ὲνταιῦθα

2190 5437 2322 5501 πρὸς
2354 5437 2512 5490 αὑτὸν
2536 5440 2816 5522 ἐποιοῦντο
2848 5448 3135 5518 ὁμιλίας
3165 5471 3188 5484 ·
3247 5457 3341 5511 ὲν
3383 5463 3472 5514 τέ

2190 5527 2278 5580 τὸν
2310 5529 2496 5598 καιρὸν
2514 5531 2608 5585 τοῦ
2639 5536 2845 5606 πάθους
2871 5541 3004 5614 ὅλῳ
3042 5537 3164 5617 τῷ
3213 5550 3444 5624 στόμα

653 5690 1142 5760 “Psal.xxt.2‘2,23.
1188 5695 1230 5729 "
1269 5698 1450 5771 Matth.
1485 5720 1615 5766 xvut
1638 5745 1653 5773 ,
1682 5706 1770 5762 20.
1839 5707 1890 5761 .“
1927 5705 2110 5760 Matth.
2147 5720 2291 5771 xm,
2330 5705 2523 5771 16,17.
