3782 6334
62 453 129 504 ω)

1283 418 1773 503 (ΣΟΜΜΕΝΤΑΒΙᾼ
1812 420 1878 475 ΙΝ
1918 419 2250 476 PSALMOS.

3277 428 3381 485 5M

76 574 141 614 τις
157 502 391 614 Iino?
510 502 665 614 αἷμα
694 514 835 568 καθ’
864 519 1091 576 ἑαυτῶν
1120 525 1220 579 καὶ
1238 527 1374 580 κατὰ
1405 528 1510 581 τῶν
1551 530 1733 583 τέκνωη

1850 531 2022 598 ipsum
2050 529 2137 583 hic
2166 527 2424 593 declarat,
2453 536 2525 581 ita
2557 529 2779 599 loquens
2812 548 2825 584 :
2853 530 3210 584 Ditataverunt
3231 548 3382 600 super

104 598 335 689 $41044“
364 598 391 651 δ
416 598 602 689 δηκαὶ
638 606 813 677 αὐτῷ
851 614 1165 685 παρίστησι
1206 617 1291 670 διὰ
1326 619 1431 671 τῶν
1457 621 1742 689 προκειμέ-

109 686 456 770 γέγωνο
488 688 915 751 Ἐπιὶὰτυναν
949 702 1046 753 ἐπ’
1068 703 1170 770 ἐμὲ
1200 704 1263 756 τὸ
1293 708 1483 773 στόμα
1502 686 1736 767 αὐτῶν.

133 800 218 851 .δέ
266 778 473 846 ἐπειδὴ
515 782 808 854 παρεδόθη
846 788 1044 853 αὐτοῖς
1087 791 1160 854 ῶς
1191 793 1452 861 πρόϐατον
1484 797 1572 847 ἐπὶ
1605 814 1740 863 σφα-

148 887 259 953 γὴν,
304 873 407 927 καὶ
440 871 519 936 ῶς
557 874 737 943 ἀμνὸς
786 878 1008 943 ἄκακος
1049 882 1283 934 ἐναντίον
1334 886 1424 936 τοῦ
1468 889 1740 957 κείραντος

171 976 391 1037 meum,
421 966 646 1036 ὁρῶντες
680 968 858 1021 αύτοῦ
896 970 960 1022 τὸ
998 973 1167 1035 πάθος
1201 974 1537 1042 ἐπεφώνουν·
1564 974 1736 1046 Εὖγε,

166 1057 336 1128 εὖγε,
365 1055 519 1111 εἶδον
544 1061 591 1109 οι
622 1058 937 1129 ὀφθαλμοὶ
969 1064 1153 1131 ἡμῶν,

234 1144 423 1211 Εἶδες,
460 1149 661 1213 Κύριε,
699 1149 791 1215 μὴ
843 1154 1336 1221 παρασιωπήσῃς.
1392 1155 1498 1205 Καὶ
1539 1154 1738 1206 ἄνωθεν

150 1235 320 1291 εἶπε·
366 1239 515 1289 Πότε
570 1238 815 1307 ὲπόψςμ
873 1242 970 1294 καὶ
1029 1243 1116 1295 διὰ
1169 1243 1275 1295 τῶν
1327 1244 1732 1314 προκειμένων·

152 1328 352 1391 Εἷὸες,
382 1328 579 1393 Κύριε.
605 1329 674 1379 Τί
705 1328 763 1381 δὲ
814 1328 984 1395 εἷδεν;
1025 1332 1108 1394 Ὠς
1150 1332 1334 1395 δολίως
1385 1333 1527 1402 αύτῷ
1560 1346 1735 1405 ’προσ-

147 1420 343 1489 ᾔεσαν,
375 1419 469 1471 καὶ
511 1419 589 1481 ὡς
631 1420 946 1475 ἐπλάτυναν
993 1424 1110 1473 κατ’
1146 1423 1307 1474 αὑτοῦ
1343 1424 1401 1475 τὸ
1435 1424 1603 1493 στόμα
1644 1427 1737 1477 αύ-

142 1509 292 1573 τῶν,
324 1511 412 1561 καὶ
440 1509 519 1571 ὡς
554 1510 679 1561 κατ’
715 1510 885 1579 εύχάς
926 1511 1227 1583 πράξαντες
1269 1513 1531 1565 ἐπεϐόων·
1559 1510 1732 1582 Εὖγε,

135 1594 325 1665 εὖγε,
369 1593 543 1648 εἶδον
591 1601 649 1650 oi
704 1599 1001 1666 ὀφθαλμοὶ
1052 1599 1235 1666 ἡμῶν.
1288 1602 1357 1653 Σὺ
1406 1602 1493 1664 δὲ,
1544 1602 1731 1670 Κύριε,

128 1686 323 1737 ταῦτα
356 1685 729 1755 θεασάμενος,
778 1688 1143 1757 ἀνασχόμενος
1175 1706 1231 1741 τε
1265 1691 1355 1741 καὶ
1390 1692 1733 1765 μακροθυμή-

133 1794 273 1839 σας,
299 1776 378 1843 μὴ
402 1778 934 1845 παρασιωπήσῃς·
970 1778 1082 1830 ἀλλ’
1108 1779 1384 1833 ἀναλαϐὼν
1424 1782 1483 1833 τὸ
1528 1782 1625 1850 τῆς
1660 1782 1733 1833 δι-

1839 636 1919 673 me
1964 638 2017 673 os
2068 637 2239 673 suum.
2272 617 2469 672 Deinde
2517 620 2643 689 quia
2677 621 2812 689 ipsis
2850 622 3080 676 traditus
3114 622 3214 675 fuit
3241 624 3381 677 sicut

1838 710 1956 763 ovis
1988 711 2052 763 ad
2088 710 2496 779 jugulationem,
2534 718 2587 763 et
2625 711 2764 763 sicut
2796 726 2966 779 agnus
3003 712 3120 764 sine
3152 712 3376 777 malitia,

1840 814 2017 853 coram
2053 800 2307 853 tondente
2336 799 2453 853 sine
2476 815 2626 863 voce,
2646 801 2889 853 videntes
2922 800 3040 868 ejus
3071 804 3375 869 passionem

1840 888 1919 941 sic
1964 888 2396 941 vociferabantur
2446 903 2460 943 :
2525 887 2687 957 Euge,
2743 888 2917 957 Euge!
2958 888 3194 942 viderunt
3241 892 3379 944 oculi

1837 978 2022 1030 nostri.

1907 1148 2276 1205 Vens.23-26.
2342 1148 2547 1212 Vidisti,
2590 1150 2829 1208 Domine.
2879 1167 2941 1204 ne
2990 1151 3165 1206 sileas.
3204 1151 3374 1221 Supe-

1835 1240 1948 1294 rius
1980 1240 2113 1292 dixit
2165 1259 2177 1293 :
2219 1240 2438 1305 Quando
2486 1243 2763 1308 respicies?
2810 1242 2863 1292 in
2905 1241 3154 1309 praesenti
3198 1256 3372 1295 vero:

1845 1328 2051 1393 Vidisti,
2074 1330 2338 1384 Domine?
2366 1331 2563 1401 Ecquid
2584 1333 2752 1386 vidit?
2772 1332 2923 1397 Quod
2956 1332 3139 1387 dolose
3165 1349 3222 1387 sc
3245 1349 3377 1388 con-

1834 1421 2098 1484 venerint,
2138 1428 2193 1473 ct
2249 1421 2391 1489 quod
2446 1422 2790 1477 dilataverint
2849 1431 3037 1476 contra
3092 1426 3264 1492 ipsum
3312 1439 3374 1478 os

1835 1526 2012 1570 suum,
2042 1518 2095 1563 et
2139 1512 2305 1579 quod,
2347 1526 2403 1564 re
2456 1527 2553 1581 pro
2610 1520 2734 1565 voto
2788 1522 2957 1582 gesta,
2984 1514 3370 1567 clamaverint:

1835 1599 1998 1669 Euge,
2019 1599 2196 1667 Euge!
2228 1600 2459 1653 viderunt
2481 1603 2617 1654 oculi
2649 1604 2832 1655 nostri.
2854 1601 2933 1655 Tu
2966 1609 3165 1665 autem,
3197 1601 3377 1655 Domi-

1833 1704 1919 1757 ne,
1954 1691 2045 1759 qui
2083 1691 2195 1743 hacc
2217 1692 2425 1755 vidisti,
2463 1692 2555 1747 sed
2593 1693 2861 1761 patienter
2893 1708 2956 1747 ac
2984 1693 3255 1747 moderate
3290 1703 3377 1747 tu-

1833 1778 1965 1843 listi,
2000 1795 2060 1831 ne
2082 1780 2235 1833 sileas
2263 1796 2281 1833 :
2313 1782 2404 1835 sed
2436 1784 2954 1852 assumptojustitiaa
2986 1792 3088 1837 ttue
3118 1784 3374 1837 tribunali

124 1868 443 1938 καιοσύνης
473 1884 573 1919 σου
604 1870 893 1938 κριτήριον
913 1870 1035 1936 λέγε
1054 1888 1066 1900 ·
1102 1871 1286 1923 Ταῦτα
1306 1872 1609 1938 ἐποίησας,
1636 1873 1729 1925 καὶ

1834 1868 1919 1919 dic
1957 1887 1969 1919 :
2002 1868 2129 1921 ch
2172 1871 2358 1936 fecisti,
2385 1880 2433 1922 et
2481 1873 2617 1923 tacui
2657 1873 2739 1937 ‘7;
2786 1887 2847 1925 ae
2878 1888 3092 1926 rursum
3126 1890 3139 1927 :
3186 1870 3370 1934 Tacui,

122 1957 408 2023 ἐσίγησα
428 1974 441 1987 ·
478 1959 582 2010 καὶ
614 1959 778 2011 πάλιν
802 1976 816 1989 ·
860 1959 1218 2026 Ἐσιώπησα,
1241 1962 1324 2029 μὴ
1356 1964 1451 2015 καὶ
1476 1963 1563 2015 ἀεὶ
1595 1979 1730 2016 σιω-

118 2045 453 2114 πήσομαι;
503 2044 900 2115 Ἀνθρωπίνως
918 2040 974 2092 δὲ
1024 2046 1250 2098 ἱκετεύει
1290 2046 1456 2113 λέγων
1484 2048 1617 2117 πρὸς
1643 2048 1731 2099 τὸν

115 2135 346 2186 ἑαυτοῦ
384 2136 615 2204 Πατέρα
635 2150 651 2164 ⁸
695 2135 796 2202 Μὴ
829 2135 1100 2203 ἀποστῇς
1124 2137 1222 2188 ἀπ’
1252 2136 1392 2204 ἐμοῦ
1412 2153 1424 2165 ·
1455 2136 1566 2199 καὶ,
1604 2137 1729 2199 Ἐξ-

115 2224 424 2292 εγέρθητι
458 2227 557 2283 καὶ
601 2227 875 2292 πρόσχες
900 2224 975 2292 τῇ
1001 2226 1212 2292 κρίσει,
1244 2229 1276 2278 ὀ
1314 2227 1453 2291 Θεός
1473 2243 1588 2293 μου
1631 2228 1727 2279 καὶ

116 2316 153 2365 ό
185 2315 425 2379 Κυριός
462 2330 586 2380 μου
635 2316 728 2377 εὶς
777 2312 892 2379 τὴν
938 2313 1113 2380 δίκην
1144 2330 1280 2381 μου.
1318 2314 1470 2366 Κατὰ
1504 2314 1610 2383 γὰρ
1642 2314 1728 2365 τὸν

122 2402 341 2470 καιρὸν
371 2402 465 2454 τοῦ
496 2403 646 2475 ὑπὲρ
678 2400 837 2471 ἡμῶν
864 2402 1066 2464 πάθους
1089 2403 1333 2465 τοιαύτας
1354 2403 1499 2470 ἠφίει
1526 2402 1724 2470 φωνὰς,

123 2492 225 2543 ἵνα.
282 2492 553 2562 πιστευθῇ
608 2491 901 2563 ἄνθρωπος
953 2493 1223 2561 ἀτρεκέως
1291 2492 1427 2544 κατὰ
1475 2493 1725 2562 ἀλήθειαν

127 2582 406 2650 γεγονὼς,
434 2584 531 2635 καί
558 2584 657 2635 τὸν
681 2583 823 2652 ὑπὲρ
856 2582 1011 2651 ἡμῶν
1040 2582 1261 2635 θάνατον
1283 2584 1535 2645 ἑκουσίως
1567 2601 1728 2635 κατα-

121 2672 453 2742 δεῖόμενος.
509 2672 630 2725 Καὶ
672 2671 760 2739 μὴ
808 2671 1236 2738 ἐπιχαρήσειάν
1265 2689 1385 2739 μοι,
1418 2672 1502 2739 μὴ
1550 2674 1727 2724 εἴποι-

120 2778 254 2814 σαι·
318 2762 390 2813 ἐν
438 2761 726 2828 καρδίαις
765 2759 992 2813 αὐτῶν·
1045 2757 1216 2828 Εὖγε,
1264 2757 1419 2829 εὖγε,
1466 2763 1503 2828 ἡ
1558 2762 1724 2829 ψυχὴ

124 2853 351 2919 ήμῶν-Ι
391 2853 552 2921 μηδὲ
600 2852 917 2904 εἴπασαν·
966 2852 1324 2919 Κατεπίομεν
1365 2854 1572 2906 αὐτόν.
1626 2853 1723 2904 Σοῦ

124 2946 265 3014 γὰρ,
284 2945 483 3012 φησὶν,
505 2942 893 3005 ἐπεξελθόντος
916 2944 1026 3001 τοῖς
1045 2941 1473 3012 τετολμημένοις,
1502 2942 1590 2993 καὶ
1613 2942 1725 3012 κρί-

130 3052 337 3096 ναντος
370 3032 513 3085 κατὰ
542 3033 651 3101 τὴν
684 3030 1030 3098 δικαιοσύνην
1081 3045 1191 3092 σου,
1234 3030 1331 3080 ούκ
1376 3031 1723 3100 ὲπιχαρήσον-

128 3140 250 3183 ται,
321 3122 427 3173 οὐδ’
477 3118 706 3190 ἐροῦσιν
755 3119 812 3170 ὲν
852 3122 969 3181 ταῖς
1016 3118 1263 3188 καρδίαις
1294 3120 1498 3170 αὐτῶν·
1549 3116 1720 3189 Εὖγε,

1836 1976 1901 2013 an
1922 1976 2117 2027 semper
2139 1960 2311 2013 tacebo
2330 1962 2409 2013 ⁸⁸⁸3
2441 1962 2683 2016 Humano
2713 1972 2889 2016 autem
2914 1978 3065 2016 more
3097 1962 3243 2015 Patri
3273 1975 3374 2016 suo

1834 2049 2101 2117 supplicat
2133 2050 2217 2102 bis
2248 2050 2426 2103 verbis
2466 2066 2477 2104 :
2515 2050 2596 2105 Ne
2643 2052 2879 2105 discedas
2910 2070 2941 2104 a
2985 2067 3105 2115 me;
3131 2058 3183 2104 et
3218 2070 3231 2105 :
3265 2050 3374 2104 Ea:-

1832 2154 1981 2205 surge
2008 2148 2055 2191 et
2083 2140 2284 2192 intende
2318 2140 2520 2207 judicio
2545 2152 2676 2203 meo,
2704 2141 2843 2193 Deus
2866 2156 3005 2193 meus
3038 2150 3085 2192 et
3115 2139 3370 2193 Dominus

1833 2243 1974 2279 meus
1995 2229 2046 2279 in
2063 2244 2274 2279 causam
2308 2246 2490 2282 meam.
2521 2229 2782 2296 Tempore
2812 2243 3042 2297 namque
3078 2242 3175 2296 pro
3214 2228 3370 2281 nobis

1832 2324 2091 2385 suscepta:
2123 2317 2389 2383 passionis
2421 2318 2554 2370 tales
2576 2317 2848 2369 emittebat
2878 2331 3058 2380 voces,
3095 2326 3153 2367 ut
3179 2315 3365 2369 crede-

1830 2413 1978 2459 retur
2005 2407 2162 2461 homo
2181 2407 2352 2463 factus
2375 2408 2667 2461 secundum
2696 2409 2773 2462 rei
2806 2407 3101 2468 veritatem,
3119 2421 3180 2458 ac
3208 2420 3368 2473 spon-

1830 2498 1881 2544 te
1906 2507 2002 2560 pro
2040 2494 2195 2548 nobis
2219 2502 2445 2548 mortem
2500 2495 2828 2564 suscepisse.
2862 2494 2927 2547 Et
2952 2511 3051 2546 non
3080 2510 3367 2561 supergau-

1828 2579 1981 2633 deant
2012 2582 2153 2645 mihi,
2180 2600 2240 2637 ne
2274 2583 2451 2635 dicant
2486 2584 2537 2635 in
2580 2582 2820 2636 cordibus
2863 2584 2970 2635 suis
3000 2581 3201 2651 :Euge,
3229 2582 3369 2650 Euge

1830 2673 2017 2727 anima:
2054 2676 2267 2727 nostrw!
2298 2691 2386 2727 nec
2407 2674 2584 2726 dicant
2617 2691 2634 2726 :
2658 2673 3023 2735 Devorauimus
3057 2691 3193 2727 eum.
3234 2673 3289 2726 Si
3311 2682 3369 2729 tu

1828 2763 1991 2824 enim,
2020 2762 2213 2831 inquit,
2242 2764 2351 2816 lucc
2383 2763 2621 2816 facinora
2646 2764 2948 2826 ulciscaris,
2979 2773 3031 2818 et
3053 2764 3263 2832 judices
3284 2778 3369 2818 se-

1829 2850 2343 2919 cundumjustitiam
2378 2861 2898 2921 tuatn,nequaquam
2922 2853 2998 2904 illi
3029 2854 3365 2921 gaudebunt:

1828 2955 2000 3008 neque
2028 2942 2211 2993 dicent
2241 2942 2295 2993 in
2327 2942 2583 2996 cordibus
2616 2943 2731 2996 suis
2764 2961 2776 2995 τ
2814 2942 2976 3011 Euge,
3022 2939 3201 3011 Euge!
3232 2958 3361 3010 pra:-

1827 3030 1993 3081 valuit
2021 3031 2195 3082 anima
2230 3038 2432 3091 nostra.
2460 3031 2680 3085 Etiamsi
2713 3032 2854 3085 enim
2883 3033 2935 3084 id
2960 3047 3052 3085 ore
3080 3032 3367 3101 aliquando

1829 3118 2180 3185 protulerint,
2226 3130 2275 3173 at
2308 3119 2469 3175 corde
2504 3136 2610 3173 non
2646 3121 2717 3173 ita
2746 3122 3051 3188 loquentur,
3081 3137 3254 3190 neque
3284 3122 3367 3175 di-

128 3208 303 3279 εὖτε,
328 3212 551 3281 ἴσχυσεν
584 3212 619 3279 ἡ
650 3209 798 3283 ψυχὴ
832 3209 1004 3278 ήμῶν.
1045 3211 1106 3260 Εἰ
1134 3208 1242 3277 γὰρ
1280 3210 1371 3260 καὶ
1399 3208 1475 3278 τῷ
1508 3211 1725 3279 στόματι

1831 3217 1993 3262 cent:
2028 3208 2395 3261 Devoravimus
2449 3226 2585 3273 eum,
2632 3210 2850 3279 quando
2916 3212 3364 3264 resurrectionem

130 3304 326 3353 αὐτῶν
354 3317 486 3352 ποτε
517 3301 687 3352 τοῦτο
718 3300 1019 3369 εἰρήκασιν,
1049 3298 1161 3349 ἀλλ’
1202 3299 1261 3351 ού
1308 3300 1398 3351 καὶ
1442 3303 1560 3361 ταῖς
1592 3318 1725 3371 καρ-

129 3390 273 3453 δίαις
309 3390 490 3442 αὐτῶν
533 3387 758 3460 ἐροῦσιν
782 3404 794 3416 ·
828 3386 946 3438 οὐδὲ
976 3390 1234 3456 φήσουσι·
1258 3389 1615 3457 Κατεπίομεν
1633 3394 1729 3443 αὺ-

126 3483 257 3545 τὸν,
327 3482 427 3551 τὴν
478 3480 791 3532 ἀνάστασίν
853 3494 952 3547 μου
997 3478 1089 3530 καὶ
1138 3478 1234 3547 τῆς
1274 3479 1587 3547 Ἐκκλησίας
1631 3482 1725 3550 τῆς

129 3571 277 3639 ἐμῆς
306 3569 405 3639 τὴν
435 3568 565 3620 καθ’
593 3567 727 3635 ὅλης
752 3564 850 3635 τῆς
875 3564 1193 3634 οἰκουμένης
1216 3563 1419 3633 ἵδρυσιν
1448 3563 1731 3643 θεώμενοιτ

130 3658 518 3713 Καταπίνεται
549 3656 654 3725 μὲν
676 3654 786 3726 γὰρ
812 3656 840 3705 ὀ
870 3652 1013 3716 ἅπαξ
1043 3653 1120 3714 είς
1163 3652 1316 3721 βυθὸν
1347 3653 1594 3721 χωρήσας
1636 3655 1726 3704 καὶ

137 3748 337 3817 μηκέτ’
366 3742 775 3814 ἀναϐεϐηκώς·
809 3743 949 3796 οὕτω
980 3742 1085 3812 γάρ
1118 3758 1242 3813 ποτε
1273 3742 1525 3794 κατέπιεν
1567 3745 1595 3794 ὁ
1633 3743 1726 3795 θά-

135 3854 297 3899 νατος
330 3838 592 3907 ἰσχύσας.
635 3833 795 3886 Ἀλλὰ
820 3833 979 3885 κάκεῖ
1014 3835 1061 3884 οἱ
1104 3831 1488 3905 καταποθέντες
1512 3833 1725 3886 ἐπαλιν-

136 3928 447 3997 δρόμησαν,
480 3925 571 3979 διὸ
606 3923 880 3977 λέλεκται·
913 3922 1020 3975 Καὶ
1057 3920 1236 3974 πάλιν
1260 3920 1552 3991 ἀφεῖλενό
1584 3923 1725 3991 Θεὸς

138 4013 260 4069 πᾶν
291 4014 578 4081 δάκρυον
610 4009 730 4065 ἀπὸ
757 4007 982 4072 παντὸς
1013 4004 1348 4074 προσώπου.
1710 4002 1715 4007 ’

204 4107 317 4157 Καὶ
358 4101 614 4158 ἐνταῦθα
656 4100 856 4163 τοίνυν,
881 4101 929 4151 εἰ
967 4098 1060 4150 καὶ
1087 4100 1220 4169 πρὸς
1255 4099 1439 4171 καιρόν
1469 4116 1586 4152 τινα
1617 4099 1725 4157 ἔδω

138 4194 234 4260 ξαν
275 4195 445 4248 αὑτὸν
492 4190 826 4247 καταπίνειν
850 4228 866 4253 ,
929 4186 1041 4241 ἀλλ’
1068 4189 1165 4240 οὐκ
1201 4190 1278 4252 είς
1320 4190 1497 4251 τέλος,
1541 4189 1720 4258 φησὶν,

138 4283 355 4352 ἐροῦσι,
407 4277 781 4356 προφητικῶς
818 4276 937 4329 κατ’
979 4276 1115 4329 αὐτὰ
1149 4276 1442 4341 θεσπίζων·
1478 4279 1724 4343 Αἰσχυν-

140 4374 392 4439 θείησαν
436 4370 543 4445 καὶ
589 4368 1036 4434 ἐντραπζείησαν
1075 4364 1193 4433 ἅμα
1233 4367 1285 4416 οι
1325 4364 1723 4445 ἐπιχαίροντες

138 4465 261 4529 τοῖς
296 4439 519 4529 κακοῖςῖ
563 4475 724 4530 μου·
775 4456 1244 4510 ἐνδυσάσθωσαν
1290 4456 1585 4523 αἰσχύνην
1626 4440 1722 4507 καί

138 4556 444 4621 ἐντροπὴν
497 4556 555 4605 οἱ
612 4545 1278 4620 μεγαλορῤημονοῦντες
1327 4547 1416 4597 ἐπ’
1458 4545 1576 4613 ἐμέ.
1616 4545 1722 4596 Καὶ

142 4645 324 4697 ταῦτα
346 4646 402 4697 δὲ
427 4646 579 4705 ὅπως
606 4641 805 4700 τέλους
825 4638 1011 4704 ἔτυχεν
1039 4637 1404 4706 ἀναφερόμενα
1429 4635 1519 4686 ἐπὶ
1545 4634 1605 4685 τὸ
1629 4633 1719 4685 τοῦ

143 4716 399 4804 Σῶτῆρος
421 4734 581 4805 ἡμῶν
632 4731 951 4799 πρόσωπον,
986 4726 1156 4795 ῥᾴδιον
1181 4726 1242 4795 δὴ
1278 4727 1420 4778 ἰδεῖν.
1463 4725 1548 4789 Ἐξ
1586 4724 1723 4776 ὲκεί-

143 4842 234 4876 vso
260 4826 386 4895 γὰρ,
420 4826 513 4877 καὶ
555 4825 640 4884 είς
674 4822 840 4887 δεῦρο
872 4814 966 4866 τοῦ
998 4816 1179 4883 χρόνου
1214 4815 1599 4886 ἀπερριμμένοι
1628 4813 1721 4864 καὶ

134 4914 431 4984 ἀπόϐλητοι
464 4910 811 4981 τυγχάνουσι
866 4903 1031 4955 πάλαι
1078 4905 1343 4974 κομῶντες
1392 4907 1480 4957 ἐπὶ
1515 4904 1721 4965 πολλοῖς

104 5006 491 5075 χακρίσμασιν.
532 5002 597 5052 Οἱ
643 4998 691 5047 δ’
736 4994 799 5057 ἐξ
851 4991 1096 5045 ἁπάντων
1141 4994 1245 5046 τῶν
1294 4995 1457 5046 ἐθνῶν
1497 4994 1585 5046 τὸν
1628 4994 1716 5044 ὑπ’

108 5086 177 5138 ab
197 5097 313 5146 τῶν
336 5092 696 5165 ἀνῃρημένον
732 5083 1191 5153 παραδεδεγμένοι
1215 5086 1308 5154 τῆς
1344 5086 1439 5154 μὲν
1465 5084 1716 5137 πολυθέου

129 5178 342 5250 πλάνης
366 5180 821 5250 ἠλευθέρωνται,
855 5172 948 5221 τὸν
985 5171 1025 5222 δ’
1058 5173 1146 5223 ἐπὶ
1176 5174 1383 5225 πάντων
1405 5174 1533 5225 Θεὸν
1570 5174 1719 5226 εὐσε-

147 5270 350 5334 ϐοῦντες
371 5268 749 5324 διατελοῦσιν.
783 5256 907 5312 Εἶθ’
944 5263 988 5311 οἱ
1031 5262 1123 5329 μὲν
1160 5263 1413 5332 αἰσχύνην
1453 5266 1717 5332 καταχεά-

148 5379 279 5430 μενοι
303 5360 487 5432 έφόἶς
520 5360 808 5429 ἔδρασαν,
847 5352 1233 5421 ὲνετράπησαν,
1275 5355 1320 5404 οἱ
1363 5353 1417 5404 δὲ
1452 5356 1588 5422 χαρᾷ
1630 5356 1720 5406 καὶ

147 5456 414 5527 παρρησίας
445 5446 752 5517 ὁσημέραι
812 5438 1141 5527 ⁸λξληροῖὶνειται
1160 5458 1171 5469 ·
1207 5441 1278 5503 ὡς
1310 5441 1631 5527 πληροῦσθαι
1663 5444 1720 5494 τὸ

143 5524 505 5609 “ﬁlim?an
541 5532 750 5597 λόγιον
788 5524 981 5592 φῆσαν
1010 5526 1136 5594 πρὸς
1162 5527 1250 5579 τὸν
1286 5526 1540 5580 Ἰουδαίων
1563 5526 1713 5581 λαόν·

190 5719 219 5750 ⁸*
236 5726 561 5784 PsalJLtX:
600 5702 704 5757 2"

797 5696 849 5727 ⁵⁸
896 5694 1002 5758 lsa.
1038 5714 1177 5767 seu,
1218 5701 1297 5755 14.
1370 5700 1413 5733 δ’
1452 5701 1551 5757 lsa.
1587 5719 1722 5771 xxv,
1756 5704 1809 5757 8.

1828 3313 2022 3361 meam,
2049 3307 2102 3352 et
2149 3299 2442 3353 Ecclesiam
2494 3300 2620 3353 item
2682 3315 2853 3354 meam
2892 3302 2998 3355 late
3032 3318 3124 3370 per
3178 3300 3363 3355 orbem

1827 3400 2170 3458 propagatam
2199 3389 2555 3456 conspicient.
2592 3387 2640 3449 Is
2670 3404 2899 3457 namque
2931 3391 3241 3456 devoratur,
3270 3395 3361 3463 qui

1826 3479 1989 3533 semel
2014 3478 2066 3531 in
2091 3478 2413 3546 profundum
2446 3478 2717 3548 delapsus,
2738 3478 2862 3532 inde
2897 3495 3169 3548 nunquam
3198 3498 3368 3537 emer-

1826 3568 1900 3636 git
1929 3588 1942 3620 :
1976 3569 2055 3622 sic
2079 3568 2218 3621 enim
2253 3583 2397 3621 mors
2426 3569 2573 3632 olim,
2604 3584 2725 3621 cum
2780 3570 3109 3637 praevaleret,
3139 3570 3359 3626 devora-

1823 3655 1934 3707 bat.
1984 3656 2178 3708 Veruln
2225 3656 2314 3725 qui
2352 3656 2589 3710 devorati
2640 3664 2787 3721 sunt,
2826 3657 2935 3726 jam
2986 3667 3358 3722 revertuntur.

1823 3760 1989 3814 quare
2006 3746 2209 3799 dictum
2233 3753 2316 3801 est
2351 3764 2365 3800 :
2401 3745 2466 3799 Et
2494 3763 2699 3800 rursum
2723 3749 2936 3801 abstulit
2968 3749 3222 3804 Dominus
3250 3769 3363 3806 om-

1823 3851 1939 3903 nem
1971 3836 2253 3905 lacrymam
2279 3835 2342 3887 ab
2379 3837 2518 3889 omni
2540 3837 2686 3890 uultu
2714 3838 2782 3903 δ’,

1890 4092 1989 4148 Hic
2036 4094 2199 4162 igitur
2228 4092 2440 4158 etiamsi
2492 4094 2558 4148 ad
2596 4102 2807 4165 tempus
2846 4095 3021 4162 ipsum
3074 4095 3360 4154 devorasse

1820 4183 1921 4239 visi
1952 4192 2109 4249 sunt;
2133 4193 2188 4237 at
2215 4200 2322 4238 non
2356 4186 2409 4238 in
2436 4184 2593 4237 linem
2617 4200 2807 4253 usque,
2840 4186 3031 4252 inquit,
3057 4184 3127 4238 ita
3153 4187 3355 4255 dicent,

1822 4276 2235 4346 propheticeque
2261 4279 2441 4331 statim
2467 4276 2826 4329 vaticinatur:
2858 4274 3178 4328 Erubescant
3210 4287 3257 4330 et
3280 4294 3359 4332 re-

1822 4376 2090 4419 uereantur
2113 4367 2289 4428 simul,
2319 4366 2408 4434 qui
2427 4365 2763 4434 gratulantur
2789 4364 2943 4417 malis
2963 4365 3109 4419 meis.
3129 4364 3359 4419 Induan-

1824 4463 1909 4505 tur
1959 4452 2255 4520 confusione
2289 4462 2335 4507 ct
2386 4454 2668 4506 reverentia
2716 4452 2805 4519 qui
2858 4467 3046 4521 magna
3080 4454 3357 4523 loquuntur

1822 4558 1973 4611 super
2005 4559 2100 4595 me.
2150 4541 2272 4595 Haec
2326 4557 2488 4610 porro
2520 4556 2676 4610 quem
2718 4542 2877 4594 tinem
2918 4543 3107 4596 sortita
3153 4544 3260 4597 sint
3288 4543 3356 4596 ad

1825 4647 2108 4699 personam
2149 4631 2446 4684 Salvatoris
2478 4630 2650 4683 nostri
2682 4628 2926 4696 reducta,
2954 4631 3251 4699 intelligere
3277 4631 3357 4683 fa-

1824 4719 1924 4772 cile
1947 4727 2046 4772 est.
2081 4716 2157 4771 Ex
2177 4733 2241 4772 eo
2269 4718 2465 4786 quippe
2494 4718 2558 4769 ad
2591 4716 2693 4770 hoc
2725 4733 2898 4786 usque
2925 4727 3134 4786 tempus
3160 4717 3355 4787 abjecti

1825 4822 1886 4861 ac
1919 4808 2123 4876 depulsi
2156 4814 2301 4871 sunt,
2346 4806 2434 4876 qui
2468 4806 2595 4858 olim
2639 4807 2813 4874 gratia
2855 4808 3120 4876 donisque
3168 4807 3354 4861 multis

1823 4898 2172 4953 ornabantur.
2231 4898 2299 4951 At
2351 4904 2612 4967 quotquot
2669 4913 2736 4951 ex
2795 4898 3044 4967 gentibus
3089 4897 3354 4954 universis

1821 5001 1963 5049 eum,
1991 4987 2083 5054 qui
2128 4987 2197 5040 ab
2240 4987 2345 5041 illis
2395 4985 2711 5060 inteﬂectus
2752 4993 2855 5052 est,
2884 4995 3218 5055 receperunt,
3254 4986 3294 5042 ii
3320 5004 3353 5044 a

1821 5078 2110 5130 multorum
2155 5077 2376 5130 deorum
2424 5091 2609 5130 errore
2645 5077 2853 5130 liberati
2888 5084 3033 5141 sunt,
3081 5076 3354 5149 Deumque

1822 5166 2195 5220 universorum
2252 5173 2561 5219 constanter
2619 5181 2681 5219 ac
2727 5166 2814 5233 pie
2879 5167 3084 5222 colunt.
3143 5166 3351 5224 Exhinc

1822 5270 1984 5326 porro
2010 5255 2085 5307 illi
2106 5256 2341 5325 quidem,
2365 5254 2435 5307 ob
2463 5253 2673 5308 facinus
2694 5261 2923 5319 tantum,
2949 5257 3154 5324 pudore
3175 5254 3351 5312 allecti

1825 5361 1887 5400 ac
1944 5346 2154 5401 confusi
2204 5351 2356 5407 sunt;
2388 5343 2465 5395 illi
2497 5350 2673 5397 autem
2714 5344 2909 5414 gaudio
2963 5344 3265 5415 ﬁduciaque
3292 5344 3347 5400 in

1823 5439 1937 5491 dies
1964 5438 2273 5507 replentur;
2302 5433 2375 5485 ita
2435 5440 2493 5485 ut
2540 5434 2672 5487 illud
2722 5433 2917 5504 Moysis
2954 5436 3229 5491 oraculum
3279 5435 3348 5492 ad

1822 5528 2123 5585 Iudaeorum
2157 5523 2407 5595 populum
2452 5533 2702 5594 spectans
2737 5526 3021 5596 impleatur
3056 5546 3070 5585 :
3103 5526 3347 5599 Prosrty-
