3782 6324
32 471 454 584 lue/31*?"
520 482 616 584 ῖῷ
672 488 880 584 τέλες’

126 538 142 543 '
210 538 227 547 ί
361 538 376 549 ·
433 538 449 543 ⁷
581 538 597 553 ⁸
692 538 880 561 ""“rr
944 538 1094 553 υσνυυ
1135 538 1347 555 uacua:
1415 538 1623 573 υιμιιω,
1680 538 1727 555 υι

73 538 444 660 ww“
482 570 617 639 τὴν
655 578 992 655 ἀνομίαν,
1022 589 1377 660 ἐξώσθησαν
1403 596 1499 654 καί
1526 598 1595 648 οὐ
1628 596 1727 648 δυ·

55 661 675 765 τω“στῇ⁹ἀξο
703 670 900 765 Κίξτᾲ
942 678 1005 731 δὲ
1039 680 1108 734 τὰ
1144 682 1281 751 μέσα
1326 682 1593 750 θεολογίαν
1632 700 1726 753 πε-

299 749 585 851 χαὶητῶν-
609 755 927 851 θερξιλῶν
978 749 1190 840 ἀνδρῶν
1236 771 1438 837 ἀγαθὰς
1490 749 1723 845 ἐλπίδας,

98 840 358 917 ,εἰειάαι
383 840 444 895 δὲ
482 844 677 915 ταῦτα
698 848 795 919 τῷ
824 852 1017 924 δούλῳ
1044 856 1245 926 Κυρίου
1269 857 1345 927 τῷ
1360 858 1547 911 Δαυῗδ.
1562 840 1728 912 Τοῦτο

122 951 265 1016 χχρὴ
321 935 630 1007 ’προγραφὴ
670 945 993 1010 σημαίνειο
1022 944 1101 1007 ὃς,
1125 946 1384 1017 ἀφορίσας
1418 947 1603 1000 ἑαυτὸν
1629 948 1726 1017 τῆς

137 1033 235 1084 τῶν
262 1025 597 1098 ’παρανόμων
618 1026 875 1093 τάξεως,
892 1032 1100 1103 συνῆψε
1132 1037 1196 1102 τῇ
1229 1034 1321 1087 τοῦ
1346 1034 1477 1087 Θεοῦ
1504 1036 1721 1106 ἱκετείᾳ,

141 1121 215 1189 τῷ
234 1123 384 1189 νόμῳ
416 1118 507 1186 καὶ
534 1118 654 1189 ταῖς
690 1119 801 1172 τοῦ
840 1121 984 1174 Θεοῦ
1024 1122 1299 1191 διαταγαῖς
1325 1124 1511 1177 ἑαυτὸν
1536 1141 1724 1187 Δκοιτα-

143 1210 426 1270 εουλώσας.
467 1208 725 1271 Διδάσκει
883 1212 1136 1277 καὶτοὺς
1174 1212 1387 1274 λοιποὺς
1412 1211 1725 1283 ἀνθρώπους

142 1302 205 1353 τὰ
234 1301 391 1370 ὅμοια
425 1298 579 1369 αὑτῴ
616 1300 924 1371 πράττειν,
952 1304 1046 1377 ᾳαὶ
1084 1304 1157 1373 μὴ
1191 1302 1584 1371 συναπάγεσθαι
1614 1306 1725 1366 τοῖς

147 1392 491 1461 παρανόμοις.

204 1480 396 1547 φησιν
418 1483 455 1534 ό
491 1481 859 1553 παράνομος
886 1483 994 1537 τοῦ
1016 1483 1375 1553 ἁμαρτάνειν
1410 1484 1478 1536 ἐν
1504 1481 1720 1547 ἐαυτῷο

137 1572 248 1624 οὐκ
295 1570 423 1623 ἐστι
463 1573 663 1638 φόϐος
716 1572 870 1626 Θεοῦ
912 1572 1195 1626 ἀπέναντι
1241 1572 1357 1625 τῶν
1411 1572 1724 1641 ὀφθαλμῶν

128 1658 334 1713 αὐτοῦ.
363 1660 489 1712 Ὀτι
521 1660 844 1713 ἑδόλωσεν
874 1660 1130 1715 ἐνώπιον
1164 1660 1369 1723 αὐτοῦ,
1400 1660 1502 1714 τοῦ
1530 1661 1724 1727 εὑρεῖν

127 1751 245 1818 τὴν
259 1752 527 1823 ἀνομίαν
553 1751 754 1804 αὑτοῦ
782 1751 886 1806 καὶ
913 1751 1191 1821 μισῆσαι.
1213 1752 1544 1829 Σαφέστερον
1570 1752 1625 1805 δὲ
1656 1753 1723 1805 τὰ

1276 388 1765 461 COMMENTARIA
1801 390 1866 445 IN
1899 391 2229 452 PSALMOS.

934 498 1102 553 Ἐκεῖ
1135 502 1361 555 ἔπεσαν
1415 502 1630 573 πάντες
1680 520 1717 555 οι

1834 504 2005 560 fuerat
2038 524 2053 560 :
2084 506 2232 559 Dixit
2254 505 2479 574 injustas
2523 511 2578 557 ut
2600 504 2864 576 delinquat
2897 509 2949 562 in
2979 510 3278 578 sentetipso;
3310 513 3367 565 in

3262 399 3366 455 318

1826 594 1931 648 line
1963 598 2035 648 ait
2065 611 2079 647 :
2113 595 2194 648 Ibi
2221 595 2509 648 ceciderunt
2538 612 2711 648 omnes
2754 598 2842 664 qui
2872 610 3152 665 operantur
3180 600 3370 669 iniqui-

1827 693 2003 746 tatem,
2031 685 2230 751 expulsi
2263 694 2383 737 sunt
2415 700 2503 736 nec
2531 694 2767 751 poterunt
2791 696 2950 740 stare.
2976 689 3036 742 ln
3064 689 3240 744 medio
3270 705 3368 744 au-

1824 782 1935 828 tem
2005 775 2323 844 theologiam
2352 787 2414 826 ac
2446 773 2639 827 bonam
2672 775 2881 844 piorum
2920 777 3194 832 hominum
3218 793 3365 849 spem

1824 866 2213 934 complectitur.
2236 864 2358 919 llaec
2386 879 2547 938 porro
2574 864 2756 920 Davidi
2782 884 2937 923 servo
2968 868 3181 923 Domini
3215 870 3366 925 dicta

1825 960 1980 1018 sunt;
2018 954 2068 1008 id
2097 956 2237 1009 enim
2267 956 2546 1026 inscriptio
2578 958 2845 1028 signiﬁcat
2871 974 2884 1009 :
2913 959 3007 1028 qui
3040 958 3207 1013 David
3238 975 3363 1014 cum

1823 1056 1881 1097 se
1919 1044 1986 1097 ab
2009 1044 2368 1114 improborum
2399 1047 2587 1105 ordine
2624 1048 2959 1110 semovisset,
2990 1047 3101 1102 Deo
3136 1064 3195 1102 se
3228 1063 3362 1117 sup-

1823 1134 2014 1202 plicem
2042 1135 2305 1199 exhibuit,
2334 1150 2397 1189 ac
2443 1137 2546 1205 legi
2576 1136 2883 1206 divinisque
2914 1138 3130 1192 statutis
3179 1138 3364 1207 subje-

1823 1225 1897 1277 cit
1928 1243 1941 1277 :
1972 1226 2285 1295 cmterisque
2317 1226 2626 1282 hominibus
2661 1241 2849 1281 anetor
2879 1236 2981 1290 est,
3017 1235 3077 1280 ut
3113 1226 3366 1282 similiter

1823 1320 2004 1388 agant,
2052 1328 2223 1391 neque
2278 1312 2345 1368 ad
2380 1314 2747 1387 improborum
2801 1314 3134 1368 consortium
3180 1313 3364 1369 detra-

1824 1400 2051 1460 bantur.

1889 1489 2051 1544 Vens.
2080 1491 2198 1545 2-5.
2234 1489 2381 1552 Dixit
2426 1493 2650 1561 injustas
2694 1502 2752 1547 ut
2791 1492 3054 1563 delinquat
3093 1494 3146 1546 in
3178 1502 3364 1547 semet-

1821 1580 1951 1648 ipso,
1988 1599 2089 1636 non
2117 1592 2192 1636 est
2225 1585 2379 1637 timor
2416 1584 2511 1645 Dei
2564 1594 2683 1643 ante
2722 1585 2893 1637 oculos
2936 1585 3069 1652 ejus.
3106 1584 3364 1650 Quoniam

1823 1670 1998 1724 dolose
2013 1674 2110 1740 egit
2124 1674 2178 1726 in
2197 1683 2465 1741 conspectu
2478 1674 2610 1742 ejus,
2624 1684 2679 1727 ut
2694 1675 3237 1744 inveniaturiniquitas
3253 1674 3365 1743 ejus

1825 1760 1892 1812 ad
1916 1761 2109 1814 odium.
2134 1761 2256 1817 Haec
2280 1766 2517 1832 apertius
2539 1764 2985 1834 Symmachushis
3000 1766 3174 1820 verbis
3198 1766 3364 1820 inter-

120 1844 470 1914 προκείμενα
501 1844 864 1914 ἡρμήνευσεν
892 1845 920 1895 ὁ
960 1842 1267 1913 Σύμμαχος,
1289 1842 1469 1897 τοῦτον
1496 1842 1717 1903 ἀποδοὺς

1823 1854 2062 1915 pretatus
2101 1858 2223 1903 est:
2266 1825 2415 1902 Dixit
2463 1850 2526 1904 de
2573 1825 2854 1919 defectione
2901 1853 3045 1921 impii
3083 1853 3222 1907 intus
3274 1869 3363 1907 cor

119 1937 474 2007 τὺντρὰποψ
501 1919 715 2003 Φηδνίν
754 1935 889 2003 περὶ
924 1934 1292 1997 ἀσυνθεσίας
1327 1934 1432 1986 τοῦ
1467 1933 1722 2000 ἀσεϐοῦς

117 2025 435 2093 ἔνδοθενή
449 2024 679 2093 καρδία
688 2042 811 2093 μου
830 2041 843 2053 ·
872 2025 956 2076 Οὐ
985 2023 1280 2089 πρόκειται
1312 2025 1344 2075 ό
1370 2018 1559 2089 5566οᾷ
1576 2020 1722 2079 Θεοῦ

117 2114 420 2184 ἄντικρυς
448 2114 575 2169 τῶν
614 2114 945 2183 ὀφθαλμῶν
985 2110 1188 2167 αὑτοῦ.
1221 2113 1347 2165 Ὅτι
1390 2112 1721 2175 ἐξολισθαί-

114 2221 263 2257 retr
313 2206 389 2259 τὰ
424 2206 557 2273 περὶ
622 2204 816 2259 αὑτοῦ
863 2202 1043 2265 δοκεῖ,
1090 2202 1195 2255 τοῦ
1246 2200 1550 2269 εὑρεθῆναι
1611 2199 1724 2268 τὴν

119 2295 386 2349 ἀδικίαν
406 2295 598 2350 αὑτοῦ
626 2296 720 2359 εὶς
747 2294 816 2347 τὸ
833 2290 1161 2362 μισηθῆναι
1188 2290 1395 2356 αὐτήν.
1410 2291 1505 2344 Διά
1526 2290 1723 2344 τούτων

118 2384 238 2454 γὰρ
287 2386 456 2448 αὐτὸς
487 2388 517 2439 ὁ
552 2384 746 2447 Δαυῒδ,
791 2380 979 2452 Ἑμοῦ,
1024 2381 1207 2453 φησὶν,
1252 2382 1286 2450 ἡ
1326 2380 1517 2453 καρδία
1567 2381 1659 2434 καὶ
1695 2382 1723 2433 ὀ

121 2473 265 2541 ἐμὸς
293 2474 561 2545 λογισμὸς
595 2471 775 2526 ταῦτα
806 2472 935 2541 περὶ
959 2468 1053 2522 τοῦ
1078 2468 1303 2531 ἀσεϐοῦς
1327 2469 1513 2540 ἀνδρὸς
1550 2469 1721 2521 ὲνενό-

122 2576 255 2630 ησε.
280 2562 392 2634 Τὴν
418 2561 531 2634 γάρ
594 2557 940 2631 θεωρητικὴν
970 2556 1133 2610 αὐτοῦ
1166 2556 1408 2627 δύναμιν,
1432 2557 1498 2609 δι’
1517 2552 1583 2629 ἦς
1608 2557 1723 2610 ὲδύ-

126 2666 264 2704 m
277 2652 487 2720 γνῶναι
500 2651 598 2705 τὸν
614 2649 783 2718 φόϐον
796 2647 888 2700 τοῦ
904 2646 1061 2710 Θεοῦ,
1083 2646 1333 2699 ὲδόλωσεν
1374 2644 1593 2718 αὐτοὺς(
1608 2656 1634 2703 s
1648 2647 1719 2718 ie)

127 2738 456 2813 ὶωτδντῆς
487 2740 734 2804 διανοίας
771 2738 936 2806 witqu
972 2740 1098 2801 τοὺς
1134 2736 1437 2807 ὀφθαλμοὺς
1478 2736 1721 2807 διαστρέ-

129 2829 265 2897 ψσις.
289 2834 384 2887 Διὸ
401 2833 549 2892 κατά
570 2832 675 2905 τὴν
703 2828 1000 2902 Ἐϐραῖκὴν
1023 2828 1322 2898 ἀνάγνωσιν
1340 2844 1353 2857 ·
1384 2828 1485 2897 Ἐν
1504 2828 1721 2894 ὀφθαλ-

136 2922 275 2986 μοῖς
319 2924 503 2979 αὐτοῦ
559 2923 783 2993 εἴρηται
820 2916 1230 2997 δεδολωκέναι,
1258 2915 1363 2969 τοῦ
1392 2916 1585 2983 εὑρεῖν
1609 2915 1721 2983 τὴν

142 3007 402 3076 ἀνομίαν
422 3009 637 3071 αὑτοῦ,
671 3008 773 3062 καὶ
792 3006 1086 3075 μισῆσαιο
1119 3003 1291 3066 Οὕτω,
1324 3005 1503 3075 φησὶν,
1534 3004 1718 3056 ἑαυτὸν

145 3094 445 3175 ξέστρεψε,
471 3100 571 3152 καὶ
598 3097 694 3151 τὸν
725 3096 889 3165 φόϐον
913 3095 1008 3175 τοῦ
1037 3094 1171 3147 Θεοῦ
1202 3094 1308 3147 τῶν
1335 3093 1523 3147 ἑαυτοῦ
1557 3095 1720 3165 ἀπέρ-

1819 1951 1985 1986 meum
2002 1952 2019 1987 :
2036 1933 2155 1988 Non
2184 1938 2474 2003 propositus
2497 1945 2572 1990 est
2590 1939 2745 1991 timor
2769 1938 2862 1992 Dei
2888 1949 3006 1993 ante
3027 1940 3200 1993 oculos
3226 1940 3359 2007 ejus.

1821 2025 1957 2090 Quia
1992 2043 2139 2080 ruere
2158 2026 2390 2080 videntur
2409 2043 2488 2080 res
2523 2030 2656 2094 ejus,
2687 2037 2744 2089 ut
2793 2029 3084 2081 inveniatur
3109 2030 3359 2099 iniquitas

1818 2113 1929 2181 ejus
1956 2113 2023 2166 ad
2055 2114 2328 2168 adiendum
2348 2132 2481 2168 eam.
2501 2114 2597 2169 llis
2630 2116 2826 2186 quippe
2848 2116 3015 2171 David
3046 2117 3159 2171 haec
3187 2133 3363 2173 enun-

1818 2204 1917 2256 tiat
1947 2223 1960 2257 :
1985 2202 2091 2258 Cor
2116 2219 2292 2257 meum
2320 2213 2372 2259 et
2403 2205 2658 2274 cogitatio
2682 2220 2799 2264 mea
2829 2206 2943 2260 haec
2970 2206 3036 2260 de
3054 2207 3219 2276 impio
3245 2208 3362 2263 viro

1820 2293 2217 2348 intellexerunt.
2245 2293 2378 2347 Nam
2421 2310 2515 2364 per
2562 2294 2877 2363 speculandi
2924 2296 3055 2360 vim,
3110 2312 3217 2366 qua
3265 2296 3360 2353 Dei

1821 2382 2064 2436 timorem
2095 2397 2257 2438 nosse
2287 2390 2518 2452 poterat,
2550 2384 2810 2439 intellexit
2837 2400 2960 2439 eum
2984 2386 3100 2439 suis
3123 2401 3181 2440 se
3222 2385 3362 2442 dolis

1820 2469 2118 2543 decepisse,
2166 2476 2471 2542 mentisque
2498 2489 2608 2527 suae
2652 2474 2838 2528 oculos
2866 2474 3145 2528 evertisse.
3181 2474 3360 2539 Quare

1820 2562 2115 2631 secundum
2156 2561 2473 2617 llebraicam
2512 2563 2796 2629 lectionem
2836 2562 3035 2616 dicitur
3062 2578 3075 2614 :
3102 2560 3167 2616 In
3196 2564 3361 2617 oculis

1819 2650 1931 2719 ejus
1960 2650 2136 2722 dolose
2179 2653 2361 2721 egisse,
2406 2661 2462 2705 ut
2509 2653 2735 2735 invenit“
2770 2653 3095 2722 iniquitatem
3142 2652 3275 2721 ejus,
3310 2662 3361 2708 et

1818 2741 1937 2794 odio
1966 2741 2172 2809 habeat.
2192 2740 2290 2808 Ita,
2321 2741 2515 2811 inquit,
2535 2757 2654 2797 sese
2684 2742 2967 2809 subvertit,
3000 2742 3357 2813 timoremque

1817 2828 1911 2883 Dei
1940 2829 2006 2883 ab
2042 2829 2215 2885 oculis
2245 2829 2361 2885 suis
2404 2829 2621 2899 abjecit,
2654 2837 2712 2884 ut
2760 2829 3019 2899 iniquitas
3046 2830 3165 2898 ejus
3188 2831 3359 2886 mani-

1820 2918 1954 2974 festa
1997 2920 2267 2993 evaderet,
2309 2920 2548 2989 ipsisque
2579 2920 2752 2974 oculis
2783 2927 2988 2989 pateret
3019 2934 3082 2974 ac
3111 2922 3354 2975 invenire-

1820 3020 1904 3064 tur
1930 3053 1944 3077 ,
1997 3025 2166 3085 eoque
2198 3010 2356 3065 modo
2403 3011 2561 3080 digna
2611 3011 2737 3065 odio
2762 3022 2927 3065 esset.
2957 3009 3140 3064 Palam
3178 3017 3357 3065 autem

1820 3098 1908 3153 ille
1934 3114 1993 3154 se
2031 3106 2249 3165 peccato
2281 3098 2501 3161 dedidit,
2550 3099 2620 3150 ita
2655 3105 2713 3151 ut
2749 3098 2910 3153 verba
2954 3097 3065 3153 oris
3094 3098 3213 3167 ejus
3253 3098 3359 3153 ini-

356 3163 670 3259 bipOalptbv,
710 3163 789 3250 ὧς
835 3171 943 3256 τὴν
987 3172 1210 3255 ἀνομίαν
1257 3185 1417 3238 αὐτοῦ
1472 3163 1715 3257 προφανῆ

1823 3192 1996 3257 quitas
2027 3163 2081 3243 et
2119 3188 2275 3243 dolus
2304 3195 2507 3242 essent.
2555 3186 2677 3241 llaec
2716 3194 2894 3257 autem
2926 3188 3039 3256 ipsa
3070 3163 3354 3242 admodum

150 3278 454 3345 τυγχάνειν,
493 3280 591 3331 καὶ
639 3276 803 3329 πάλιν
831 3273 1060 3343 ὁρᾶσθαι
1090 3274 1181 3327 καὶ
1199 3274 1602 3342 εὐρίσκεσθαι’
1625 3276 1717 3328 καὶ

150 3360 247 3415 διὰ
269 3367 412 3421 τοῦτο
435 3368 634 3440 μίσους
660 3366 823 3432 ἀξίαν
848 3361 1007 3418 εἶναι.
1043 3362 1385 3426 Ἀκαλύπτως
1415 3364 1470 3416 δὲ
1500 3366 1528 3417 ὁ
1549 3364 1717 3417 τοιοῦ-

143 3464 238 3514 τος
276 3455 531 3521 ἐξέδωκεν
563 3456 760 3510 ἑαυτὸν
784 3457 853 3525 τῇ
884 3452 1144 3524 ἁμαρτίᾳ,
1174 3452 1248 3516 ὡς
1273 3453 1367 3505 καὶ
1398 3453 1465 3505 τὰ
1500 3453 1715 3531 ῥήματα

130 3540 233 3592 τθῦ
253 3550 533 3620 στόματος
560 3546 734 3601 αὐτοῦ
767 3543 998 3614 ἀνομίαν
1030 3539 1164 3597 εἶναι
1192 3542 1286 3595 καὶ
1308 3542 1468 3595 δόλον.
1490 3543 1634 3595 Πάνυ
1662 3543 1717 3595 δὲ

120 3631 303 3686 ταῦτα
341 3641 482 3695 ἑκὼν
509 3640 712 3703 εἵλετο,
740 3636 837 3690 ἆτε
865 3635 928 3705 δὴ
954 3632 1294 3697 αὐτεξούαος
1330 3632 1423 3695 ὢν,
1451 3634 1543 3685 καὶ
1564 3633 1716 3686 δυνά-

112 3735 287 3787 μενος
348 3733 446 3802 μὲν
477 3732 581 3803 τὴν
612 3726 829 3797 ἀγαθὴν
869 3722 1140 3797 μετελθεῖν
1161 3724 1297 3788 ὁδὸν,
1335 3723 1411 3793 μὴ
1447 3723 1718 3805 βουληθεὶς

250 3812 366 3873 Et?)
406 3822 698 3875 λέλεκται·
762 3820 883 3871 Οὐκ
941 3814 1235 3881 ἐϐουλήθη
1290 3808 1557 3879 συνιέναι
1614 3812 1717 3869 τοῦ

95 3895 461 3964 ἀΐαθῗινναι·
500 3894 771 3980 ἀνομίαν
814 3906 871 3977 δὲ.
914 3904 1286 3973 διελογίσατο
1325 3903 1422 3956 ἐπὶ
1455 3888 1564 3970 τῆς
1591 3906 1708 3957 κοί-

85 4000 195 4071 της
224 4002 485 4056 αὐτοῦ.
513 4000 657 4055 Οὐδὲ
686 3998 819 4068 γὰρ,
845 3997 987 4065 κατὰ
1026 3994 1115 4071 τὸν
1150 3995 1334 4066 καιρὸν
1370 3995 1466 4071 τῆς
1492 3995 1713 4065 ἡσυχίας

1819 3277 1985 3331 libere
2024 3276 2204 3345 elegit,
2258 3283 2442 3345 utpote
2490 3275 2645 3329 liberi
2706 3276 2934 3350 arbitrii,
2985 3290 3148 3345 penes
3196 3292 3355 3348 quem

1818 3374 1933 3422 erat
1954 3365 2096 3418 viam
2144 3364 2291 3420 adire
2319 3366 2535 3427 bonam,
2567 3365 2707 3434 quod
2740 3366 2826 3437 ille
2857 3366 3057 3432 noluit;
3094 3368 3357 3435 quamob-

1825 3470 1938 3508 rem
1999 3453 2201 3508 dictum
2235 3461 2355 3508 est:
2390 3451 2572 3505 Noluit
2608 3453 2891 3522 intelligere
2920 3464 2977 3506 ut
3006 3453 3127 3508 bene
3162 3466 3356 3525 ageret;

1818 3544 1932 3606 sed,
1962 3545 2285 3614 iniquitatem
2307 3543 2581 3597 meditatus
2603 3553 2678 3619 est
2703 3545 2755 3596 in
2774 3543 3008 3597 cubiculo
3036 3562 3152 3602 suo.
3176 3546 3358 3617 Neque

1817 3637 1958 3692 enim
1989 3635 2185 3705 quietis
2235 3642 2491 3704 tempore,
2531 3648 2636 3704 quo
2680 3643 2801 3704 post
2830 3634 3024 3690 diurna
3072 3650 3233 3705 Opera
3262 3638 3358 3692 ho-

1817 3726 1989 3781 mines
2012 3716 2143 3789 otio,
2192 3712 2573 3801 tranquillitati
2608 3732 2663 3780 et
2711 3740 2900 3781 somno
2940 3742 3001 3781 se
3041 3726 3237 3782 dedere
3277 3743 3360 3783 so-

1817 3815 1946 3880 lent,
1981 3815 2103 3871 talis
2138 3815 2299 3870 homo
2342 3804 2400 3869 in
2440 3815 2729 3885 tranquillo
2776 3823 2918 3871 statu
2964 3816 3227 3886 degebat;
3262 3814 3358 3874 sed

1818 3890 1885 3962 eo
1912 3922 2125 3977 quoque
2154 3914 2393 3978 tempore
2420 3907 2745 3977 iniquitatem
2782 3907 3061 3963 meditatus
3084 3908 3233 3960 estin
3265 3921 3354 3961 su-

1820 3996 1909 4049 bili
1939 4014 2052 4053 suo.

78 4070 202 4142 ένῷ
298 4092 441 4163 μετά
469 4093 573 4155 τάς
610 4085 989 4160 μεθημερινὰς
1032 4082 1255 4153 πράξεις
1287 4070 1507 4145 ἑαυτοὺς
1542 4083 1864 4137 ἐπιδιδόασιν
1923 4084 2189 4154 ἄνθρωποι
2222 4085 2423 4155 ἠρεμίᾳ
2482 4084 2573 4137 καὶ
2614 4082 2896 4155 εὐσταθείᾳ
2923 4082 3015 4135 καὶ
3076 4081 3241 4153 ὕπνῳ,
3296 4084 3355 4136 ἐν

74 4180 473 4233 unctius:
506 4180 730 4248 γαλήνῃ
766 4175 989 4243 γέγονεν
1044 4167 1084 4222 ὀ’
1106 4172 1364 4234 τοιοῦτος·
1406 4170 1539 4243 ἀλλὰ
1570 4174 1659 4226 καὶ
1693 4174 1750 4226 ὲν
1786 4172 1955 4253 τούτῳ
1981 4176 2056 4247 τῷ
2114 4172 2284 4251 καιρῷ
2314 4174 2566 4243 ἀνομίαν
2581 4173 2950 4261 διελογίσατο
2975 4173 3071 4225 ἐπὶ
3098 4172 3205 4241 τῆς
3231 4175 3352 4228 κοί-

68 4270 175 4323 της
214 4273 495 4327 αὑτοῦ.

137 4350 412 4429 Rapta,
437 4365 509 4416 ἐν
537 4362 621 4426 τῷ
655 4356 895 4425 οἱφανῷ
922 4356 989 4409 τὸ
1010 4357 1176 4433 ἔλεός
1202 4372 1335 4411 σου.
1360 4356 1566 4429 Σφόδρα
1591 4358 1715 4420 ἀκο-

1885 4354 2048 4433 Ῡειιε.
2077 4356 2130 4420 6,
2163 4356 2214 4425 '1.
2234 4356 2469 4431 Domine,
2490 4355 2545 4407 in
2564 4352 2688 4407 caelo
2711 4353 3063 4406 misericordia
3086 4362 3193 4409 tua.
3225 4354 3356 4413 Post

69 4428 347 4513 λούθῳς
378 4451 515 4521 μετά
546 4451 653 4521 τὴν
694 4444 1017 4517 ὑπογραφὴν
1040 4446 1135 4515 τῆς
1158 4428 1249 4498 τοῦ
1284 4428 1591 4516 παρανόμου
1620 4464 1715 4499 κα-

1823 4428 2141 4516 descriptam
2156 4428 2384 4516 improbi
2407 4443 2641 4498 hominis
2660 4440 2973 4509 nequitiam,
2990 4443 3353 4511 praecellentes

97 4534 237 4592 15.1;
308 4539 393 4591 τὶν
422 4539 837 4612 ὑπερϐάλλοντα
869 4534 1092 4588 πλοῦτον
1118 4535 1214 4605 τῆς
1244 4535 1334 4587 τοῦ
1358 4535 1486 4588 Θεοῦ
1518 4553 1718 4606 μακρο-

140 4618 368 4687 “retia;
397 4634 746 4704 παρίστησιν,
785 4627 854 4678 δι’
890 4621 961 4697 ἧς
994 4626 1085 4677 καὶ
1129 4624 1234 4676 τῶν
1275 4626 1597 4697 παρανόμων
1623 4625 1715 4678 καὶ

168 4707 377 4769 ἀσεδῶν
405 4721 599 4792 ἀνδρῶν
651 4715 943 4786 ἀνέχεται·
977 4712 1256 4776 διδάσκων,
1283 4714 1362 4766 ὅτι
1388 4717 1420 4767 ὁ
1457 4713 1714 4779 πλοῦτος

172 4794 285 4861 τῆς
306 4813 697 4878 χρηστότητος
731 4804 921 4860 αὑτοῦ
962 4802 1060 4856 καὶ
1100 4801 1203 4868 τῆς
1234 4798 1456 4872 ἀνοχῆς
1482 4803 1579 4857 καὶ
1606 4804 1713 4871 τῆς

169 4899 552 4970 μακροθυμίας
584 4900 744 4952 ὲλέου
780 4894 1131 4964 πεπλήρωται
1159 4882 1406 4963 μεγάλου.
1431 4895 1538 4947 Καὶ
1558 4888 1716 4946 τοῦτο

170 4973 231 5023 τὸ
258 4974 390 5055 ἔλεος
422 4993 511 5046 τοῦ
538 4988 680 5044 Θεοῦ
726 4988 901 5039 αἴτιον
928 4983 1177 5053 τυγχάνει
1206 4985 1300 5053 τῆς
1324 4983 1427 5036 τῶν
1457 4986 1717 5056 ἀμαρτω-

170 5058 277 5114 λῶν
319 5083 403 5133 καὶ
432 5081 646 5135 ἀσεϐῶν
679 5076 893 5149 ἀνδρῶν
926 5073 1069 5143 ζωῆς
1098 5089 1156 5125 τε
1196 5072 1287 5123 καὶ
1314 5073 1587 5142 εὐθυμίας.
1618 5072 1718 5125 Τὸν

173 5151 272 5233 μὲν
308 5159 391 5222 οὖν
427 5171 702 5244 θησαυρὸν
758 5165 855 5220 τοῦ
905 5164 1084 5224 ἐλέους
1115 5160 1292 5230 ξαύτοῦ
1341 5161 1719 5233 τεταμιεῦσθαί

174 5254 329 5341 ῗησιν
372 5263 424 5313 ὲν
585 5242 809 5330 οὖρανῷ
857 5252 993 5306 ἀλλὰ
1027 5251 1119 5304 καὶ
1153 5248 1247 5317 τὴν
1282 5248 1531 5320 ἀλήθειαν
1559 5252 1719 5303 αὐτοῦ

170 5336 297 5426 εἰναι
328 5353 450 5419 παρ’
476 5350 650 5419 αὐτῷ,
681 5344 1017 5416 πληροῦντες
1036 5345 1053 5363 ⁸
1071 5338 1241 5419 πάντα
1258 5336 1325 5389 τά
1341 5339 1716 5411 ὑπερουράνια·

335 5436 391 5492 δὲ
439 5442 532 5494 καὶ
561 5438 754 5508 μέχρι
804 5431 926 5485 τῶν
975 5425 1257 5496 νεφελῶν,
1288 5425 1341 5495 ἢ,
1384 5429 1557 5497 μέχρι
1608 5428 1722 5483 τῶν

167 5502 412 5596 “Patr,
436 5502 579 5583 κατά
732 5522 1049 5589 Σύμμαχον,
1069 5516 1286 5585 διήκειν.
1302 5516 1455 5572 Οὕτω
1477 5518 1605 5589 γοῦν
1628 5521 1714 5573 καὶ

220 5674 260 5721 ⁸⁸
297 5691 457 5772 “om
492 5722 569 5771 η,
603 5703 663 5760 ι,
748 5699 796 5730 ⁸⁸
837 5693 984 5749 Psal.
1018 5706 1283 5757 Lxxxvm,
1316 5692 1372 5747 2.

1821 4538 1941 4593 illas
1988 4538 2180 4591 divinae
2226 4535 2523 4590 tolerantia:
2576 4531 2790 4598 divitias
2832 4531 3117 4587 admodum
3166 4548 3356 4592 conse-

1819 4636 2046 4698 quenter
2081 4633 2319 4689 enarrat,
2362 4639 2469 4694 qua
2509 4623 2719 4693 iniquos
2771 4620 3070 4692 impiosque
3109 4622 3352 4678 homines

1817 4718 1958 4773 ferre
1981 4715 2346 4778 solet,docens
2361 4713 2571 4768 divitias
2605 4709 2847 4764 bonitatis
2874 4712 2985 4780 ejus
3013 4721 3061 4764 et
3091 4711 3351 4779 patientia

1819 4818 1869 4862 et
1894 4806 2305 4876 longanimitatis
2325 4805 2404 4869 ⁸⁵,
2452 4798 2826 4866 misericordia
2878 4814 3069 4869 magna
3120 4799 3349 4867 repletas

1820 4913 1959 4954 esse.
1991 4899 2165 4968 Atque
2201 4898 2387 4952 isthmc
2432 4892 2805 4965 misericordia
2836 4892 2929 4947 Dei
2965 4892 3022 4945 in
3053 4902 3214 4944 causa
3241 4895 3345 4954 est,

1820 4987 1963 5057 quod
1992 4995 2299 5056 peccatores
2325 4992 2378 5054 et
2407 4983 2555 5053 impii
2586 4982 2766 5037 vivant
2804 4988 2857 5037 et
2892 4980 3140 5034 alacriter
3167 4986 3345 5049 agant.

1820 5074 2152 5133 Tbesaurum
2206 5076 2384 5144 itaque
2436 5072 2821 5127 misericordiae
2867 5070 2984 5139 ejus
3026 5069 3082 5124 in
3103 5068 3240 5123 caelo
3264 5084 3349 5124 re-

1821 5167 2096 5223 conditum
2122 5166 2219 5228 ait,
2257 5162 2350 5219 sed
2380 5161 2661 5216 veritatem
2697 5174 2909 5230 quoque
2934 5157 3050 5227 ejus
3075 5172 3237 5226 penes
3267 5157 3349 5227 ip-

1822 5250 1941 5309 sum
1969 5269 2115 5319 esse;
2144 5253 2256 5306 haec
2303 5254 2482 5303 autem
2526 5248 2767 5303 caelestia
2813 5262 2995 5301 omnia
3043 5245 3346 5315 complent;

1823 5353 2055 5399 attamen
2086 5358 2244 5413 usque
2270 5340 2336 5392 ad
2372 5338 2551 5403 nubes,
2576 5339 2680 5401 vel,
2713 5345 2771 5392 ut
2794 5336 3143 5409 Symmachus
3164 5334 3346 5400 habet,

1822 5450 1978 5505 usque
2009 5432 2075 5487 ad
2098 5432 2287 5486 azthera
2316 5434 2617 5496 penetrant.
2656 5426 2744 5483 Sic
2768 5429 2822 5482 in
2842 5428 2946 5481 alio
2974 5439 3183 5494 quoque
3210 5424 3348 5492 psal-

1817 5539 1906 5580 mo
1934 5525 2133 5580 dictum
2153 5527 2235 5575 est
2259 5534 2273 5570 :
2310 5515 2371 5570 In
2396 5516 2521 5570 caelo
2546 5519 2923 5588 prwparabitur
2952 5518 3139 5572 veritas
3166 5522 3258 5571 tua
3276 5514 3347 5570 ".
