3782 6340
649 405 747 458 519

1326 384 1586 442 EUSEBll
1623 377 2088 437 CAESARIENSIS
2123 374 2270 430 OPP.
2310 369 2486 426 PARS
2522 366 2608 423 ill.
2630 399 2698 408 —
2733 359 3080 421 EXEGETICA.
3459 355 3512 410 52(

649 517 860 573 Veritas
891 516 1065 582 itaque
1099 510 1189 562 Dei
1222 507 1274 559 in
1308 504 1444 557 coelo
1468 511 1551 556 est
1581 519 1595 553 :
1623 500 1745 553 inde
1770 511 1894 551 vero
1926 511 2022 549 ceu
2059 495 2142 563 plu

2018 512 2022 547 ι
2059 495 2170 563 plu-
2200 501 2237 552 Α
2267 493 2328 544 ὲν
2359 489 2528 558 ἑτέρῳ
2550 484 2816 538 λέλεκται·
2859 483 2956 534 Ἐν
2971 476 3028 541 τῷ
3043 471 3511 582 οιῖραγᾷἒχὲτξιμασθησειι

639 610 723 663 via
753 609 806 660 in
841 605 1072 659 nubibus
1103 601 1209 652 lata
1242 595 1406 650 stillat
1437 593 1491 644 in
1525 598 1743 644 terram.
1797 586 1917 640 Ideo
1951 585 2164 645 dicitur,

641 698 708 750 Et
742 697 924 750 veritas
949 700 1036 743 tua
1060 704 1215 756 usque
1244 684 1309 736 ad
1333 682 1511 735 nubes.
1547 679 1622 743 Ex
1651 678 1884 734 nubibus
1916 685 2088 727 autem
2114 675 2167 725 in

640 787 883 841 homines
922 781 1123 835 veritas
1169 776 1261 829 Dei
1309 772 1600 828 eﬂunditur
1629 787 1643 834 ;
1675 767 1844 826 nubes
1891 780 2018 821 vero
2051 777 2171 832 pro-

640 879 827 946 phetas
869 878 922 926 et
975 868 1241 938 angelicas
1272 864 1514 921 virtutes.
1550 876 1579 913 a
1610 854 2043 939 iquibusveritas
2077 851 2170 946 Dei

641 937 944 1016 hominibus
976 937 1135 1009 allata
1163 963 1264 1016 est,
1295 949 1573 1017 Scriptura
1599 946 1735 1000 solet
1755 937 2038 1011 appellare.
2081 937 2170 991 Sic

640 1055 692 1106 iu
753 1050 890 1104 Isaia
934 1048 1132 1100 dictum
1156 1050 1237 1096 est
1262 1059 1274 1092 ε
1300 1040 1366 1107 Et
1390 1037 1608 1092 nubibus
1631 1033 1886 1097 mandabo
1908 1047 1969 1085 ne
1991 1029 2175 1098 pluant

638 1157 788 1209 super
806 1155 916 1192 eam
934 1136 1147 1189 imbrem
1167 1134 1234 1196 ",
1256 1131 1462 1186 scilicet
1489 1142 1650 1196 super
1671 1124 1976 1179 Judaaorum
2008 1135 2177 1190 popu-

641 1232 768 1289 lum,
800 1231 882 1298 quj
916 1225 1120 1295 tropice
1153 1223 1308 1276 vinea
1351 1227 1594 1274 vocatur.

2275 582 2316 647 ej
2345 575 2592 642 ἀλήθειά
2628 591 2758 628 σου.
2795 573 2943 623 Ἐστι
2969 568 3038 637 μὲν
3057 560 3122 616 οὖν
3144 565 3167 632 ἡ
3192 562 3343 630 ἀλήθεια
3370 562 3429 614 τοῦ
3455 565 3508 615 Θει

2275 671 2334 720 ἐν
2367 666 2444 736 τῷ
2477 663 2702 735 ούρανῷ,
2735 663 2885 729 δίκην
2935 659 2981 710 δὲ
3004 653 3115 709 ὑετοῦ
3143 652 3349 721 φερομένου
3365 651 3425 703 διὰ
3439 655 3512 720 mi

2275 759 2370 812 καὶ
2428 757 2583 828 μέχρι
2626 755 2721 824 τῆς
2774 753 2874 820 γῆς
2929 744 3156 807 ἐπιστάζει.
3177 742 3241 793 Διὸ
3262 741 3510 810 εἴρηταιοιιαὶ

2275 845 2526 915 ἀλήθειά
2552 861 2665 896 σου
2687 843 2796 906 ἕως
2819 838 2934 891 τῶν
2953 832 3171 902 νεφελῶν.
3193 831 3265 882 Ἑν.
3281 829 3324 881 δὲ
3341 829 3409 880 τῶν
3422 830 3508 896 im

2279 939 2383 993 νῶν
2403 935 2633 1004 νεφελῶν
2654 933 2748 985 καὶ
2774 933 2850 992 εἱς
2877 924 3136 996 ἀνθρώπους
3151 921 3358 992 προχὲεται
3373 922 3396 989 ἡ
3410 920 3471 971 τού
3487 920 3514 972 θ

2280 1027 2504 1099 ἀλήθεια
2523 1043 2536 1055 ο
2569 1023 2793 1092 νεφέλας
2831 1019 2887 1072 δὲ
2909 1017 3016 1078 τοὺς
3044 1015 3254 1086 προφήτας
3271 1012 3382 1082 ﬁsi;
3397 1010 3516 1076 me.»

2280 1116 2556 1185 δυνάμεις,
2581 1113 2645 1165 δι’
2673 1105 2747 1163 ὧν
2772 1112 2805 1179 ἡ
2833 1104 3036 1176 ἀλήθεια
3060 1103 3132 1155 τοῦ
3155 1100 3254 1153 Θεοῦ
3281 1101 3348 1152 καὶ
3376 1101 3431 1159 εἰς
3461 1099 3517 1148 ἀν(

2284 1224 2416 1267 πους
2454 1201 2832 1272 κατελήλυθεν,
2862 1195 3026 1250 εἴωθεν
3057 1197 3079 1246 ὁ
3111 1192 3230 1258 λόγος
3256 1188 3508 1258 ὀνομάζειν(

910 1277 1223 1385 liliumq-
1247 1311 1356 1367 Καὶ
1387 1309 1512 1375 ταῖς
1563 1307 1839 1377 νεφέλαις
1874 1302 2218 1370 ἐντελοῦμαι
2255 1298 2359 1355 τοῦ
2401 1297 2486 1367 μὴ
2525 1295 2734 1363 βρέξαι
2777 1293 2864 1356 εἰς
2908 1286 3066 1345 αὐτὸν
3103 1282 3257 1345 ὑετὸν,
3288 1277 3436 1349 δηλαδὴ
3467 1280 3514 1337 εἱς

651 1411 913 1465 Ἰουδαίων
967 1408 1112 1470 λαὸν,
1156 1402 1448 1474 ἀμπελῶνα
1488 1399 1758 1469 τροπικῶς
1783 1393 2177 1464 ὠνομασμένον.

707 1506 786 1558 Ad
809 1505 921 1556 haec
951 1508 1150 1562 autem,
1177 1496 1386 1566 justitia
1411 1501 1523 1556 tua,
1555 1491 1746 1560 inquit,
1777 1489 2019 1549 Domine,
2053 1500 2169 1538 ma-

641 1611 743 1667 gna
774 1595 1112 1661 excelsaque,
1147 1587 1441 1650 montibus,
1473 1586 1579 1638 imo
1611 1582 1882 1636 montibus
1907 1579 1997 1632 Dei
2026 1591 2172 1630 com-

643 1650 883 1756 paratur,
919 1698 982 1736 ac
1011 1683 1230 1747 insuper
1250 1678 1450 1747 judicia
1482 1683 1574 1727 tua
1597 1667 2136 1740 incomprehensibilis

1338 1678 1450 1731 licia
1482 1683 1574 1727 tua
1597 1667 2172 1740 incomprehensibilia.
2207 1693 2250 1747 Β
2285 1657 2443 1756 μένη,
2468 1654 2729 1756 uatis-pes:
2764 1650 2831 1702 Θε

644 1757 1100 1838 Quemadmodum
1124 1768 1265 1822 enim
1300 1767 1548 1836 abyssus,
1580 1770 1638 1817 ut
1666 1767 1879 1821 vocant,
1918 1759 2178 1811 immensa

643 1871 698 1916 et
719 1859 1028 1914 hominibus
1055 1853 1612 1925 incomprehensibilis
1635 1859 1746 1916 est;
1775 1849 1916 1918 quod
1949 1862 2077 1901 sane
2097 1847 2179 1901 his

647 1951 995 2022 significatur,
1021 1964 1210 2017 ponens
1238 1963 1288 1998 in
1314 1944 1565 1998 thesauris
1587 1943 1798 2010 abyssos
1817 1956 1834 1991 :
1861 1938 1938 1993 sic
1955 1937 2178 2005 judicia,

649 2044 888 2100 Domine,
919 2056 1035 2108 qua:
1063 2055 1122 2092 ex
1152 2035 1361 2104 justitia
1409 2034 1668 2102 prodeunt
1698 2039 1807 2092 tua,
1835 2045 1930 2083 ceu
1961 2029 2175 2098 abyssus

649 2133 809 2187 multa
828 2133 870 2162 ⁸⁷
894 2138 1036 2184 sunt.
1066 2128 1169 2182 Pro
1200 2128 1289 2179 illo
1319 2133 1515 2187 autem,
1534 2122 1745 2191 justitia
1773 2131 1859 2172 tua
1882 2121 2012 2173 sicut
2032 2136 2175 2172 mon-

649 2234 722 2276 tes
761 2221 886 2282 Dei;
929 2218 1140 2287 Aquila,
1181 2216 1394 2284 justitia
1443 2223 1534 2266 tua
1577 2213 1710 2266 sicut
1734 2219 1928 2264 montes
1959 2210 2176 2272 robusti,

647 2311 1029 2378 interpretatus
1067 2313 1166 2360 est.
1202 2303 1323 2357 Haec
1352 2317 1511 2372 porro
1539 2300 1716 2354 omnia
1743 2306 2042 2368 Opportune
2076 2313 2180 2350 me-

647 2404 969 2451 morantur:
1003 2394 1434 2459 declaraturque,
1488 2404 1583 2458 per
1631 2388 2047 2440 misericordiam
2090 2386 2177 2438 Dei

649 2503 771 2556 quae
803 2488 857 2539 in
887 2486 1027 2539 coelo
1068 2493 1172 2545 est,
1216 2498 1310 2551 per
1341 2481 1617 2534 veritatem
1647 2486 1699 2531 et
1739 2478 2000 2545 justitiam
2039 2478 2179 2544 ejus,

656 2592 718 2629 ac
741 2590 834 2644 per
863 2574 1012 2634 illud,
1051 2572 1267 2624 Iudicia
1303 2571 1412 2638 ejus
1435 2577 1492 2622 ut
1538 2567 1752 2635 abyssus
1781 2566 1942 2620 multa
1986 2569 2180 2620 incom-

648 2663 1012 2732 prehensibilia
1063 2671 1216 2720 sunt,
1269 2659 1480 2728 impios,
1548 2659 1730 2711 atheos
1779 2666 1831 2711 et
1880 2666 2182 2725 peccatores

652 2770 758 2808 non
787 2753 895 2806 vita
924 2753 1117 2811 solum,
1150 2750 1241 2804 sed
1277 2749 1498 2818 reliquis
1530 2749 1689 2802 etiam
1721 2746 1824 2800 l‘rui
1849 2749 2002 2802 bonis
2031 2763 2058 2799 a
2084 2749 2181 2802 bo-

652 2844 821 2898 nitate
849 2842 1017 2911 ipsius
1041 2839 1484 2894 subministratis.

2354 1479 2472 1530 Ἔτι
2524 1475 2656 1546 πρὸς
2697 1472 2904 1532 τούτοις
2951 1471 2979 1538 ἠ
3021 1463 3273 1530 δικαιοσύνη
3309 1477 3397 1523 σου,
3437 1476 3514 1527 φης

2281 1568 2469 1636 Κύριε,
2489 1562 2691 1634 μεγάλη
2718 1558 2968 1629 τυγχάνει
2986 1556 3062 1608 καὶ
3086 1551 3246 1621 ὑψηλὴ,
3259 1550 3374 1619 ὖρεσι
3396 1562 3508 1616 παρα

2837 1649 2917 1710 οὗ,
2949 1647 3030 1700 καὶ
3070 1644 3182 1715 πρὸς
3215 1641 3384 1703 τούτοις
3407 1638 3461 1691 τὰ
3485 1656 3509 1690 κ

2281 1764 2374 1800 σου
2421 1744 2795 1812 ἀκατάληπτα.
2861 1739 2948 1799 Ὠς
2994 1737 3088 1806 γὰρ
3124 1735 3153 1804 ἡ
3199 1730 3451 1799 καλουμένη
3493 1731 3508 1781 ἐ

2278 1837 2498 1907 ἄπειρός
2544 1839 2688 1888 ἐστιν
2745 1827 3036 1900 ἀνθρώποις
3079 1823 3160 1876 καὶ
3195 1819 3514 1886 ἀκατάληπτος

2280 1902 2531 1998 σημαίνει
2555 1927 2582 1976 ὁ
2603 1925 2775 1993 φήσας
2799 1919 2971 1985 λόγος·
2995 1912 3152 1976 Τιθεὶς
3183 1905 3508 1998 tiu-Gnaeum?

2279 2031 2428 2081 σους
2449 2033 2461 2045 ο
2488 2014 2655 2073 οὕτως
2683 2009 2774 2062 καὶ
2801 2007 2867 2058 τὰ
2898 2004 2964 2058 σὰ
2991 2001 3226 2073 κρίματα,
3249 1990 3289 2048 ὖ)
3313 1993 3514 2065 Rupis":

2284 2109 2378 2177 σῆς
2454 2104 2788 2171 δικαιοσύνης
2870 2095 3142 2166 φερόμενα,
3185 2088 3251 2151 ὡς
3315 2086 3505 2153 nam

2282 2196 2497 2260 πολλή.
2541 2195 2683 2246 ’Λντὶ
2715 2193 2770 2245 δὲ
2801 2189 2918 2249 τοῦ,
2962 2189 3028 2239 Ἡ
3052 2181 3372 2245 δικαιοσύνη
3411 2193 3506 2229 σου

2285 2286 2449 2350 Θεοῦ,
2481 2287 2508 2337 ὁ
2547 2281 2789 2343 Ἀκύλας,
2819 2275 3163 2340 Δικαιοσύνη
3195 2287 3301 2324 σου
3323 2269 3393 2332 ὡς
3425 2266 3510 2332 ὅρπ

2283 2376 2607 2445 ἡρμήνευσε.
2649 2369 2862 2420 Τούτων
2887 2367 2947 2418 δὲ
2973 2364 3180 2417 πάντων
3206 2357 3454 2428 simulme
3473 2356 3516 2422 ti

2285 2479 2371 2514 σεν
2399 2464 2426 2512 ὁ
2465 2460 2644 2526 λόγος·
2680 2455 2916 2517 δεικνὺς,
2946 2454 3025 2506 ὅτι
3062 2451 3147 2504 διὰ
3187 2451 3243 2502 τὸ
3268 2447 3404 2509 ἔλεός
3434 2461 3512 2496 σου

2285 2548 2346 2601 τὸ
2384 2549 2439 2600 ὲν
2470 2544 2546 2614 τῷ
2579 2543 2806 2613 οὐρανῷ,
2839 2543 2938 2594 καὶ
2971 2540 3059 2593 διὰ
3100 2541 3196 2609 τὴν
3247 2535 3484 2608 ὰλὴθειαν

2286 2634 2373 2688 διὰ
2414 2635 2510 2704 τὴν
2535 2632 2872 2702 δικαιοσύνην
2905 2629 3094 2693 αὑτοῦ,
3123 2630 3215 2681 καὶ
3240 2627 3326 2680 διὰ
3357 2626 3445 2678 τό·
3483 2625 3514 2675 'l

2285 2725 2448 2793 πολλὴ
2490 2723 2845 2792 ἀκατάληπτα
2882 2720 2960 2774 τά
2999 2720 3246 2790 κρίμα-το.
3276 2715 3459 2781 αὺτοῦ,
3497 2733 3512 2767 ι

2289 2816 2380 2869 καὶ
2406 2814 2550 2867 ἄθεοι
2571 2801 2664 2865 καὶ
2696 2811 3015 2882 ἁμαρτωλοὶ
3047 2795 3114 2864 οὗ
3137 2811 3295 2881 μόνον
3319 2808 3460 2879 ζωῆς
3481 2808 3512 2859 ἀ

652 2933 785 2986 ἀλλὰ
819 2934 912 2986 καὶ
957 2933 1064 2985 τῶν
1105 2931 1303 2984 λοιπῶν
1361 2932 1464 2984 τῶν
1519 2933 1623 2985 ἀπὸ
1662 2933 1757 3002 τῆς
1799 2929 2192 3001 φιλανθρωπίας
2228 2929 2386 2983 αὑτοῦ
2410 2927 2839 3000 χορηγουμένων.

722 3044 884 3099 Vens.
917 3047 968 3099 8.
1001 3046 1356 3111 Quamobrem
1410 3047 1662 3115 adjicitur
1694 3065 1708 3101 :
1746 3046 1990 3100 Homines
2014 3056 2063 3100 et
2093 3047 2180 3116 ju-

2357 3045 2446 3097 Διὸ
2477 3043 2778 3110 ἐπιλέγεται
2803 3060 2816 3072 ·
2867 3043 3254 3110 Ἀνθρώπους
3291 3043 3392 3096 καὶ
3420 3059 3506 3096 κτλ

653 3145 823 3190 menta
848 3135 1096 3198 salvabis,
1115 3135 1363 3197 Domine;
1385 3135 1811 3204 quemadmodum
1825 3136 2146 3204 multiplicasi

1997 3137 2180 3190 ilicasti
2206 3119 2246 3175 C
2279 3136 2470 3201 Κύριε,
2500 3133 2579 3198 ὡς
2609 3131 2963 3198 ὲπλήθυνας
2999 3137 3072 3187 τὸ
3111 3137 3300 3201 ἔλεός
3345 3149 3490 3200 σου,

653 3220 1066 3274 misericordiam
1098 3232 1262 3284 tuam,
1294 3222 1454 3276 Deus.
1484 3221 1614 3274 Nam
1645 3223 2070 3292 propterjudicia
2096 3231 2186 3276 tua

653 3326 772 3381 quae
803 3318 861 3364 ut
913 3312 1144 3381 abyssus
1188 3312 1355 3365 multa
1403 3319 1547 3373 sunt,
1599 3321 1816 3380 propter
1841 3312 2102 3380 justitiam
2134 3320 2188 3366 et

650 3401 930 3455 veritatem
954 3409 1099 3454 tuam
1123 3416 1240 3470 quae
1263 3401 1316 3453 in
1343 3402 1480 3455 cmlo
1495 3408 1596 3464 est,
1623 3401 1866 3456 homines
1882 3402 2187 3470 etjumenta

652 3491 815 3548 simul
850 3493 1076 3546 salutem
1109 3492 1370 3546 obtinent.
1398 3491 1487 3547 Sic
1513 3492 1869 3560 multiplicasti
1898 3492 2188 3549 misericor-

596 3591 613 3613 ι
656 3579 798 3632 diam
829 3587 994 3638 tuam,
1019 3577 1244 3640 Deus,ut
1274 3593 1381 3631 non
1406 3579 1564 3632 modo
1593 3581 1683 3648 qui
1716 3578 1882 3647 digni,
1913 3579 2006 3633 sed
2028 3579 2186 3632 etiam

659 3667 751 3736 qui
806 3667 983 3722 brutis
1017 3668 1259 3721 moribus
1302 3674 1356 3722 et
1401 3667 1714 3736 insipientes
1757 3676 1879 3722 sunt
1919 3669 2184 3729 homines.

657 3757 766 3810 vita
814 3757 910 3810 abs
958 3763 1011 3810 te
1059 3755 1183 3810 data
1236 3757 1500 3811 fruantur.
1558 3757 1996 3826 Quandoquidem
2045 3757 2186 3811 enim

659 3845 813 3900 multi
843 3854 1247 3915 conqueruntur
1266 3856 1320 3901 et
1347 3850 1684 3918 expostulant
1704 3863 1822 3904 cum
1851 3849 1941 3901 illo
1963 3847 2048 3904 his
2079 3863 2192 3902 ver-

659 3938 742 3993 bis
761 3951 774 3987 :
798 3935 975 4003 Quare
998 3936 1148 4006 impii
1166 3951 1420 4006 prospere
1439 3944 1623 4005 agunt,
1639 3952 1700 3990 ac
1722 3936 1810 3990 Dei
1829 3936 1984 3990 bonis
2008 3937 2188 3990 fruun-

658 4027 784 4083 tur?
809 4024 1119 4083 necessario
1158 4025 1315 4081 docet
1347 4027 1566 4080 multam
1603 4026 1720 4096 ejus
1761 4025 2185 4080 misericordiam

659 4131 797 4171 esse.
823 4115 890 4169 At
916 4116 964 4171 si
988 4115 1357 4180 misericordia
1386 4122 1593 4170 tantum
1625 4131 1686 4170 ac
1707 4116 1985 4170 clementia
2012 4115 2187 4172 exsis-

659 4213 814 4268 teret,
846 4203 978 4256 nihil
1005 4218 1036 4256 a
1063 4211 1406 4272 peccatorum
1440 4205 1551 4258 vita
1575 4203 1810 4287 ineunda
1831 4213 2054 4260 arceret.
2079 4204 2183 4259 Ve-

661 4307 782 4345 rum
827 4291 1014 4347 edocet
1042 4292 1131 4346 ille
1157 4294 1434 4356 veritatem
1463 4301 1518 4347 et
1571 4292 1834 4360 justitiam
1871 4309 1991 4346 cum
2025 4296 2187 4354 mise—

659 4378 888 4432 ricordia
920 4378 1156 4442 misceri,
1182 4379 1257 4432 ita
1290 4386 1347 4433 ut
1379 4386 1501 4458 post
1535 4379 1955 4434 misericordiam
1977 4381 2184 4450 justitia

2287 3223 2393 3293 γὰρ
2448 3222 2513 3274 τὰ
2556 3223 2796 3291 κρίματά
2832 3239 2932 3274 σου
2971 3224 3045 3276 τὰ
3077 3226 3158 3289 ὡς
3189 3225 3438 3287 ἄϐυσσος
3484 3244 3508 3277 τ

2283 3312 2378 3382 τὴν
2407 3310 2742 3380 δικαιοσύνην
2769 3327 2863 3361 σου
2902 3313 3006 3364 καὶ
3046 3314 3152 3384 τὴν
3192 3314 3471 3384 ἀλήθειαν
3508 3334 3518 3363 ι

2284 3401 2510 3472 οὐρανῷ,
2533 3400 2803 3470 ἄνθρωποι
2835 3403 2941 3454 καὶ
2983 3405 3175 3473 κτήνη
3209 3405 3366 3458 κατὰ
3383 3405 3448 3457 τὸ
3472 3423 3506 3456 α

2283 3492 2450 3554 οὓτως
2471 3489 2813 3558 ἐπλήθυνας
2833 3490 2911 3543 τὸ
2937 3489 3141 3558 ἔλεός
3175 3509 3336 3562 σου,
3365 3495 3518 3560 Θεὸς

2282 3583 2404 3643 τοὺς
2434 3580 2613 3647 ἀξίους
2641 3580 2737 3648 τῆς
2770 3582 2865 3657 ὲκς
2898 3583 3007 3636 σοῦ
3051 3586 3221 3655 ζωῆς
3281 3587 3511 3656 μεταλα

2285 3671 2375 3724 καὶ
2418 3672 2539 3732 τοὺς
2583 3669 2884 3740 κτηνώδεις
2941 3674 3056 3727 καλ.
3118 3677 3424 3748 ἀνοήτους
3484 3695 3519 3730 ’τ

2297 3758 2504 3828 Ἐπειδὴ
2556 3759 2660 3828 γὰρ
2708 3757 2910 3812 πολλοὶ
2973 3763 3338 3833 μέμφονται
3388 3769 3500 3820 καὶ

2286 3847 2400 3898 ’Ὶνα
2427 3847 2479 3908 τί
2509 3846 2719 3907 ἀσεϐεῖς
2743 3845 3114 3917 εύθηνοῦσι.
3159 3853 3279 3906 καὶ
3306 3854 3438 3907 τῶν
3476 3871 3526 3907 ’τε

2285 3935 2674 4001 ἀπολαύουσιν;
2734 3938 3111 4006 ἀναγκαίως
3184 3943 3502 4008 διδάσκει,

2285 4029 2448 4079 ἐστιν.
2487 4026 2620 4078 Ἀλλ’
2646 4027 2694 4078 εἰ
2731 4026 2835 4095 μὲν
2871 4025 2960 4101 ’ἠν
3005 4032 3194 4099 ’ἔλεος
3232 4036 3433 4107 plano»
3473 4056 3525 4092 γε

2283 4113 2433 4165 οὐδὲν
2456 4112 2685 4165 ἐκώλυεν
2712 4114 2804 4166 τὸν
2838 4117 2980 4178 τῶν
3009 4122 3442 4195 ἁμαρτωλῶν
3483 4147 3521 4198 μ

2280 4203 2516 4256 διδάσκει
2563 4202 2638 4266 δὲ,
2677 4202 2756 4254 ὅτι
2814 4208 2944 4261 σὺν
2982 4211 3088 4281 ’τῷ
3131 4213 3314 4286 ὲλὲῳ
3367 4217 3531 4272 ἅνω

2283 4293 2376 4344 καὶ
2400 4289 2728 4360 δικαιοσύνη,
2756 4292 2844 4355 ὡς
2873 4297 3004 4366 τῆς
3026 4301 3494 4378 δικαιοσύνης
3524 4327 3530 4336 ·

2282 4377 2668 4448 διαληψομὲνης
2694 4380 2830 4443 τοὺς
2861 4383 3356 4458 ἁμαρτωλοὺς
3388 4377 3536 4467 μετ-,κ

658 4473 714 4520 et
755 4466 952 4521 veritas
989 4476 1300 4535 peccatores
1340 4475 1641 4539 excepturae
1682 4477 1826 4523 sunt.
1857 4469 1989 4523 Nam
2040 4471 2086 4526 si
2117 4487 2151 4526 e:

2042 4471 2086 4526 si
2117 4487 2182 4528 ex
2211 4473 2257 4528 D
2289 4474 2361 4543 μὴ
2391 4473 2673 4540 ὠφελοῖντο
2693 4470 2771 4540 τῷ
2809 4475 2996 4548 ἐλέῳ
3034 4483 3166 4535 καὶ
3206 4489 3298 4556 τῇ
3354 4466 3535 4559 Fax":

658 4555 1029 4611 misericordia
1074 4566 1128 4611 et
1166 4557 1423 4626 patientia
1454 4557 1547 4612 Dei
1579 4558 1708 4612 nihil
1735 4560 1978 4614 utilitatis
2008 4562 2174 4632 perci-

659 4645 829 4716 piant,
855 4645 1063 4713 justitia
1092 4654 1144 4700 et
1174 4646 1373 4701 veritas
1397 4647 1512 4715 ejus
1543 4647 1756 4702 invadet
1789 4650 1907 4704 illos
1944 4669 1956 4704 :
1977 4651 2182 4719 judicio

659 4736 851 4804 quippe
867 4738 1016 4806 justo
1040 4735 1408 4803 subjicientur.
1442 4736 1576 4790 Sunt
1611 4737 1752 4792 enim
1789 4755 1993 4803 revera,
2034 4747 2180 4806 sunt,

661 4824 895 4894 inquam,
941 4823 1138 4892 judicia
1187 4823 1278 4878 Dei
1319 4828 1561 4893 occulta;
1601 4829 1768 4882 multa
1823 4829 2183 4898 immensaque

663 4915 1016 4983 profunditas,
1051 4915 1153 4978 vel,
1184 4923 1244 4969 ut
1274 4918 1347 4969 ait
1374 4915 1669 4988 Scriptura,
1694 4919 1908 4988 abyssus
1933 4920 2098 4973 multa
2130 4923 2182 4973 in

660 5003 976 5071 iudiciorum
1011 5006 1128 5074 ejus
1159 5007 1367 5062 ratione
1398 5009 1882 5078 comprehenditur.
1919 5008 2038 5063 Haec
2081 5010 2182 5079 igi-

659 5097 750 5144 tur
779 5095 966 5161 impios
993 5105 1227 5151 manent.

733 5173 895 5232 Vens.
921 5179 973 5241 9,
998 5181 1081 5234 ll).
1109 5180 1237 5235 Filii
1260 5191 1431 5237 autem
1461 5185 1722 5240 hominum
1747 5186 1798 5238 in
1830 5187 2041 5254 tegmine
2064 5185 2177 5239 ala-

663 5280 776 5319 rum
821 5279 1024 5320 tuarum
1072 5273 1362 5336 sperabunt.
1407 5274 1808 5329 Inebriabuntur
1837 5274 1900 5327 ab
1950 5273 2179 5328 ubertate

664 5357 842 5410 domus
870 5370 990 5422 tum,
1022 5369 1070 5413 et
1104 5371 1323 5418 torrente
1377 5367 1648 5435 voluptatis
1673 5375 1775 5420 tua:
1823 5365 2022 5434 potabis
2071 5382 2174 5418 eos.

666 5444 918 5508 Quoniam
952 5449 1086 5514 apud
1105 5459 1153 5502 te
1175 5461 1250 5504 est
1278 5453 1391 5521 fons
1417 5458 1548 5520 uiue,
1576 5459 1630 5511 in
1661 5459 1852 5511 lumine
1891 5464 1976 5509 tuo
2002 5456 2181 5509 videbi-

667 5549 777 5586 mus
804 5535 990 5587 lumen.
1031 5537 1290 5601 Quoniam
1325 5543 1524 5609 judicia
1579 5555 1668 5600 tua
1718 5549 1942 5618 abyssus
1991 5547 2174 5611 multa.

657 5754 663 5763 ⁸
738 5682 781 5714 ³⁸
819 5680 919 5744 lsa.
953 5699 1016 5750 v,
1047 5684 1097 5742 6.
1173 5691 1212 5723 ⁸⁷
1252 5691 1392 5747 Psal.
1433 5710 1591 5762 xxxt,
1629 5698 1680 5761 '1.

2282 4567 2316 4634 ἠ
2351 4562 2655 4632 δικαιοσύνη
2695 4564 2898 4619 αὐτοῦ
2939 4572 3082 4625 καλ
3109 4574 3169 4645 ἢ
3210 4575 3531 4650 δλὴῇεωι

2286 4653 2436 4716 τούς·
2473 4652 3007 4724 ὑποδληθήσονται
3044 4665 3204 4736 γὰρ
3245 4671 3502 4740 κρίσει
3539 4677 3546 4714 έ

2291 4744 2436 4796 ἔστιν
2463 4742 2746 4812 ἀπόρρητα
2795 4747 2899 4801 τὰ
2941 4754 3317 4824 κρίμα-το.
3344 4762 3488 4818 ’τδῦ
3523 4765 3546 4811 ι

2287 4833 2799 4926 ἄπειροςνβυθδς,γῆ
2831 4877 2851 4901 ,
2905 4844 3179 4911 καθὼς
3243 4855 3292 4922 ἡ
3343 4855 3546 4926 Γρας

2287 4923 2482 5016 aia-1.151
2512 4923 2668 5016 eum?)
2691 4925 2876 5016 λόγῳ
2920 4935 3090 4991 ’τῶν
3141 4923 3546 5016 κριμὸξτωξ

2288 5011 2464 5064 Ταῦτα
2498 5011 2672 5064 τοίνυν
2705 5015 2918 5082 μένει
2961 5028 3155 5092 τοὺς
3208 5011 3537 5101 ἇσνεϐεῖς

2355 5187 2417 5238 Ol
2441 5184 2507 5237 δὲ
2527 5185 2642 5240 υἱοὶ
2667 5188 2817 5242 τῶν
2859 5196 3374 5268 ἀνθρώπων·
3427 5214 3535 5267 ἐν

2283 5291 2401 5368 των
2426 5287 2540 5329 σου
2567 5277 2950 5339 ἐλπιοῦσι.
2990 5291 3546 5368 Μεθυσθήσε

2283 5367 2613 5468 οἷκουησου,
2653 5370 2776 5424 καὶ
2822 5377 2994 5430 τὸν
3041 5367 3542 5460 χειμάῤῥου

2282 5461 2500 5522 ποτιεῐς
2536 5461 2818 5526 αὐτούς.
2875 5467 3083 5525 "Ott.
3123 5483 3376 5549 παρὰ
3433 5502 3533 5542 σε

2282 5547 2426 5614 φωτί
2462 5562 2576 5603 σου
2622 5551 3007 5619 ὀψόμεθα
3079 5547 3306 5634 φῶξ.
3360 5575 3522 5636 Ἐπ
