3782 6338
93 431 191 486 δῖὶ

1224 435 1721 494 COMMENTARIA
1754 441 1821 495 IN
1860 441 2194 499 PSALMOS.

3227 451 3330 506 5‘12

94 543 341 598 ιευσσος
375 531 549 602 πολλὴ,
575 529 781 589 εἰκότως
823 525 902 632 fi:
971 538 1166 605 μόνον
1222 548 1538 619 ἀνθρώπων,
1569 549 1674 601 mi

1800 551 1920 620 jure
1949 569 2051 606 non
2077 552 2384 607 hominibus
2406 553 2586 618 modo,
2614 554 2706 609 sed
2738 556 2898 611 etiam
2926 559 3182 628 jumentis
3218 580 3337 633 pro-

96 635 196 686 καὶ
246 625 452 696 κτηνῶν
500 626 764 698 προνοεῖς·
796 615 993 690 οὕτως
1043 615 1406 704 ἐπλήθυνας
1436 640 1500 691 τὸ
1531 639 1703 707 ἔλεός

96 739 243 784 σου,
284 721 317 772 ὀ
358 717 520 782 Bede.
569 717 724 768 Ἔστι
762 713 800 765 δ’
831 709 922 766 ἔτι
991 725 1168 799 παρὰ
1221 728 1390 782 ταῦτα
1436 728 1703 800 ἐξαίρετον

95 813 290 882 τάγμα
317 807 430 860 τῶν
461 807 599 877 μετὰ
631 806 698 859 τὰ
732 802 966 877 προλεχο
977 810 1120 866 ἐντα
1148 817 1551 888 ὀνομαζομένων
1575 819 1702 872 ulth

91 903 442 972 ἀνθρώπων·
476 899 692 962 οἵτινες,
730 897 882 950 πλέον
915 917 974 951 τι
1007 902 1233 973 ἔχοντες
1263 908 1372 960 τῶν
1410 907 1702 978 ἀνθρώπων

91 995 190 1045 καὶ
209 993 325 1044 τῶν
348 989 573 1061 κτηνῶν
599 990 704 1043 τῶν
728 990 830 1043 ὑπὸ
857 991 957 1042 σοὖ
980 996 1329 1066 σωζομένων,
1351 999 1701 1068 κατηξίωνται

86 1087 153 1134 ὲν
199 1082 396 1154 σκέπῃ
437 1081 552 1134 τῶν
593 1081 877 1153 πτερύγων
909 1096 1008 1135 σου
1043 1085 1319 1150 ἐλπίζειν·
1367 1088 1398 1157 ἢ
1446 1089 1582 1141 κατὰ
1611 1091 1700 1144 τὸν

83 1172 437 1241 Σύμμαχον,
488 1171 622 1223 Ὑπὸ
663 1170 847 1225 σκιὰν
887 1171 1013 1224 τῶν
1041 1177 1344 1243 πτερύγων
1371 1191 1484 1230 σου
1512 1179 1702 1247 ἀμερι-

82 1260 341 1329 proflat.
380 1262 527 1324 Τοὺς
557 1262 670 1332 γὰρ
703 1262 796 1314 ἐπὶ
825 1261 887 1314 σὲ
927 1262 1250 1332 ἠλπικότας,
1275 1266 1365 1318 καὶ
1390 1268 1699 1338 ἀφωρισμέ-

88 1371 224 1416 vos);
270 1351 364 1404 τοῦ
419 1353 718 1424 τάγματος
748 1355 857 1408 τῶν
891 1356 1350 1428 διαϐεϐλημένων,
1385 1360 1447 1412 σὺ
1486 1360 1643 1424 αὐτὸς
1671 1364 1700 1414 ό

90 1442 237 1506 Θεὸς
266 1445 387 1505 ταῖς
416 1443 626 1496 ἑαυτοῦ
657 1445 883 1516 πτέρυξι
917 1447 1200 1517 περιέπεις
1219 1448 1310 1501 καὶ
1335 1449 1568 1512 σκέπεις.
1593 1452 1699 1503 Kal.

99 1533 235 1585 ἐπεὶ
264 1532 504 1603 ἤλπισαν
550 1527 702 1588 οὗτοι
739 1535 952 1607 ἀγαθὴν
985 1537 1195 1602 ἐλπίδα,
1239 1537 1304 1589 Ἠ
1336 1537 1402 1589 δὲ
1427 1539 1602 1604 ἐλπὶς
1628 1542 1698 1593 οὔ

103 1625 511 1691 καταισχύνει
528 1641 542 1654 ο
572 1625 1068 1692 μεθυσθήσονται
1090 1627 1204 1680 ἀπὸ
1235 1629 1507 1694 πιότητος
1533 1629 1698 1688 οἴκου

101 1727 252 1774 σου,
289 1713 380 1766 καί
408 1713 527 1766 τὸν
555 1713 922 1784 χειμάρῤουν
945 1714 1054 1782 τῆς
1089 1715 1314 1783 τρυφῆς
1345 1733 1458 1771 σου
1483 1718 1698 1784 ποτιεῖςέ

101 1805 353 1869 αὐτούς.
383 1801 558 1868 Οἶκος
585 1807 686 1874 μὲν
708 1805 804 1859 τοῦ
826 1805 960 1858 Θεοῦ
987 1809 1130 1859 ἐστιν
1155 1808 1489 1878 ὴἘκκλησία
1512 1809 1692 1862 αὐτοῦ·

99 1896 308 1966 πιότης
345 1896 403 1949 δὲ
435 1896 542 1949 τοῦ
594 1897 746 1950 οἴκου
799 1896 868 1949 τὰ
918 1897 1243 1950 θεόπνευστα
1278 1899 1691 1969 ἀναγνώσματαδ
1728 1885 1767 1937 Β

102 1985 247 2057 μέθη
298 1987 355 2040 δὲ
401 1987 648 2058 σώφρων
684 1987 780 2040 καὶ
815 1987 1072 2057 νηφάλιος
1110 1990 1143 2059 ἡ
1189 1989 1294 2041 ἀπὸ
1319 1988 1425 2041 τῶν
1454 1990 1693 2058 ἀναγνω-

101 2077 338 2144 σμάτων
364 2078 614 2146 ὠφέλεια
638 2094 652 2107 ·
691 2078 994 2148 χείμαρῤος
1017 2078 1074 2130 δὲ
1104 2079 1336 2149 τρυφῆς,
1364 2079 1421 2142 ἐξ
1449 2075 1509 2131 οὗ
1547 2081 1694 2132 ποτί-

99 2166 304 2230 ζονται
336 2171 385 2221 οἱ
410 2170 504 2221 ἐπὶ
539 2169 723 2238 σκέπῃ
769 2167 877 2221 τῶν
911 2170 1192 2239 πτερύγων
1214 2170 1372 2222 αὐτοῦ
1388 2171 1690 2240 ἠλπικότες,

99 2259 127 2308 ὁ
158 2258 228 2310 ἐν
272 2259 567 2329 Ἐκκλησία
597 2258 693 2311 τοῦ
721 2259 856 2312 Θεοῦ
891 2259 1149 2329 ποταμὸς,
1177 2259 1302 2328 περὶ
1327 2255 1385 2313 οὗ
1415 2260 1688 2314 λέλεκται·

106 2346 226 2400 Τοῦ
267 2348 540 2417 ποταμοῦ
580 2347 656 2400 τὰ
689 2349 1000 2416 ὁρμήματα
1030 2349 1413 2417 εὐφραίνουσι
1439 2349 1551 2416 τὴν
1582 2351 1690 2403 πό-

106 2439 210 2486 λιν
245 2437 352 2489 τοῦ
375 2437 530 2491 Θεοῦ
548 2456 562 2468 ’
600 2437 718 2500 καὶ,
761 2439 814 2490 Ὁ
851 2439 1113 2508 ποταμὸς
1134 2439 1238 2492 τοῦ
1265 2439 1408 2491 Θεοῦ
1434 2439 1691 2505 ἐπληρώ-

112 2526 184 2589 θη
219 2526 476 2579 ὑδάτων.
508 2528 832 2598 Χείμαῤῥος
871 2528 928 2580 δὲ
969 2529 1179 2599 τρυφῆς
1213 2531 1240 2580 ό
1270 2529 1496 2598 Χριστὸς
1519 2527 1604 2580 διὰ
1633 2529 1690 2580 τὸ

111 2617 450 2688 πρόσκαιρον
479 2619 583 2687 τῆς
612 2620 670 2670 ὲν
697 2617 1003 2688 ἀνθρώποις
1032 2618 1345 2685 ἐπιφανείας
1367 2618 1545 2670 αὑτοῦ.
1566 2619 1691 2670 Ὅτι

109 2704 276 2770 παρὰ
321 2706 419 2758 σοὶ
469 2703 638 2774 πηγὴ
687 2703 859 2771 ζωῆς.
893 2705 1044 2774 Ζωὴν
1070 2705 1126 2758 δὲ
1155 2705 1276 2762 ὄντα
1308 2704 1548 2774 ἔγνωμεν
1598 2706 1688 2757 τὸν

114 2791 349 2860 Χριστὸν
409 2797 472 2848 ὲκ
534 2795 638 2865 τῆς
694 2795 1052 2863 εύαγγελικῆς
1095 2794 1453 2858 διδασκαλίας,
1509 2794 1574 2846 δι’
1622 2786 1689 2865 ἦς

117 2882 282 2945 αὐτὸς
321 2884 350 2935 ὁ
401 2885 598 2955 Σωτὴρ
642 2880 886 2937 διδάσκει
919 2880 1089 2950 λέγων
1112 2899 1124 2913 ·
1167 2883 1302 2952 Ἐγώ
1327 2886 1439 2952 ειμι
1468 2885 1531 2936 τὸ
1565 2884 1688 2952 φῶς

121 2971 216 3021 καὶ
257 2974 298 3039 ἡ
328 2973 579 3040 ἀλήθεια
609 2974 712 3027 καὶ
734 2976 774 3041 ὴ
811 2972 942 3040 ζωή.
984 2972 1140 3025 Ἀλλὰ
1161 2974 1272 3036 καὶ,
1293 2972 1322 3024 ὃ
1355 2973 1594 3040 γέγονεν
1619 2974 1687 3024 ἐν

121 3061 282 3125 αὐτῷ
314 3063 416 3130 ζωὴ
453 3065 556 3129 ἦν,
595 3065 701 3116 καὶ
751 3065 791 3130 ἡ
829 3059 940 3129 ζωὴ
966 3059 1044 3131 ἦν
1076 3062 1141 3114 τὸ
1167 3059 1290 3130 φῶς
1322 3060 1438 3113 τῶν
1472 3060 1686 3127 ἀνθρώ-

1804 643 1987 710 Spiris,
2028 646 2106 698 sic
2141 643 2504 710 multiplicasti
2536 647 2944 701 misericordiam
2977 662 3140 720 tuam,
3170 655 3330 711 Deus.

1805 727 2000 785 Prteter
2049 731 2160 785 haec
2194 740 2369 786 autem
2405 733 2542 786 alius
2579 736 2806 790 eximius
2833 745 2916 791 est
2959 743 3088 793 ordo
3126 758 3332 810 eorum,

1803 821 1894 887 qui
1923 829 2043 888 post
2079 821 2330 890 prmdicta
2362 821 2452 875 ﬁlii
2495 823 2770 878 hominum
2800 837 3078 882 vocantur.
3122 830 3186 884 Hi
3216 834 3336 901 plu-

1803 909 1878 962 ris
1905 909 2105 978 aliquid
2139 911 2396 965 habentes
2428 927 2584 979 quam
2618 914 2862 970 homines
2882 925 2934 970 et
2954 918 3194 985 jumenta
3215 923 3336 991 qui-

1801 996 1903 1050 bus
1931 1000 2154 1054 salutem
2179 1015 2358 1068 paras,
2385 1001 2530 1070 digni
2561 1003 2728 1057 habiti
2757 1014 2882 1059 sunt
2911 1009 3000 1076 qui
3029 1011 3083 1061 in
3105 1012 3335 1078 tegmine

1802 1090 2002 1142 alarum
2035 1096 2243 1144 tuarum
2279 1107 2426 1161 spem
2473 1093 2729 1162 habeant;
2759 1103 2849 1150 aut
2874 1105 2931 1149 ut
2961 1097 3332 1167 Symmachus,

1800 1177 1906 1232 Sub
1940 1180 2122 1233 umbra
2148 1181 2355 1235 alarum
2388 1193 2594 1236 tuarum
2620 1188 2785 1239 securi
2810 1201 2947 1242 sunt.
2967 1188 3070 1244 Eos
3085 1191 3224 1244 enim
3241 1195 3335 1262 qui

1799 1268 1854 1322 in
1889 1276 1940 1323 te
1964 1285 2113 1339 spem
2141 1271 2358 1336 habent,
2381 1274 2579 1343 quique
2607 1276 2674 1328 ab
2695 1275 2882 1330 ordine
2907 1277 3185 1334 iniamium
3215 1281 3331 1336 illo-

1799 1375 1916 1413 rum
1967 1370 2338 1431 segregantur,
2373 1372 2432 1417 tu
2463 1365 2596 1433 ipse,
2634 1364 2797 1429 Deus,
2825 1367 2926 1420 alis
2959 1366 3106 1423 foves
3153 1371 3262 1426 tuis
3281 1381 3334 1426 et

1798 1445 2056 1521 contegis.
2088 1451 2291 1521 thuia
2326 1469 2473 1522 spem
2505 1470 2692 1524 cepere
2715 1444 2982 1526 magnam,
3011 1457 3136 1526 Spes
3165 1470 3335 1516 autem
3370 1443 3378 1454 ’

1797 1554 1899 1592 non
1940 1541 2290 1608 confundit".
2334 1543 2740 1598 Inebriabuntur
2783 1547 2846 1598 ab
2875 1547 3107 1602 ubertate
3151 1550 3335 1608 domus

1799 1639 1922 1694 ture,
1949 1642 1998 1684 et
2038 1642 2262 1687 torrente
2292 1635 2565 1702 voluptatis
2608 1645 2711 1688 ture
2743 1637 2947 1704 potabis
2993 1655 3098 1693 eos.
3135 1639 3336 1696 Domus

1795 1718 1888 1774 Dei
1912 1728 1994 1776 est
2025 1720 2261 1777 Ecclesia
2289 1724 2406 1792 ejus
2433 1740 2445 1775 :
2479 1725 2696 1781 ubertas
2717 1726 2929 1792 domus,
2964 1728 3220 1786 divinitus
3251 1730 3335 1784 in-

1797 1809 2013 1876 spirata:
2041 1811 2336 1867 lectiones:
2369 1814 2599 1870 ebrietas
2626 1816 2713 1869 illa
2745 1823 3037 1886 temperata
3059 1825 3111 1873 et
3131 1818 3332 1886 sobria,

1795 1897 1994 1952 utilitas
2013 1913 2078 1952 ex
2108 1900 2431 1955 lectionibus
2466 1905 2786 1971 proveniens
2815 1919 2827 1954 :
2863 1913 3072 1960 torrens
3100 1907 3336 1976 volupta-

1793 1987 1883 2052 tis,
1917 2004 2024 2056 quo
2061 1997 2310 2059 potantur
2345 1992 2380 2045 ii
2423 1994 2514 2061 qui
2547 1995 2648 2048 sub
2689 1997 2918 2064 tegmine
2965 1997 3167 2050 alarum
3215 1998 3334 2068 ejus

1793 2087 2029 2158 sperant,
2076 2080 2270 2137 ﬂuvius
2318 2083 2371 2136 in
2421 2083 2661 2139 Ecclesia
2703 2085 2796 2139 Dei
2833 2101 3080 2152 manans,
3118 2087 3185 2142 de
3227 2103 3335 2158 quo

1791 2150 1992 2220 dictum
2047 2177 2168 2224 est:
2201 2169 2460 2224 Fluminis
2514 2172 2732 2238 impetus
2785 2173 3024 2242 laetiﬁcat
3068 2150 3333 2229 civitatem

1790 2255 1943 2310 Dei”
1959 2272 1979 2320 ;
2005 2266 2089 2312 et:
2114 2259 2332 2313 Flumen
2352 2261 2705 2331 Deirepletum
2733 2272 2810 2316 est
2839 2266 2988 2332 aquis
3013 2265 3077 2319 ‘°.
3098 2267 3334 2322 Torrens

1789 2345 2088 2414 voluptatis
2129 2349 2377 2403 Christus
2421 2360 2524 2415 cst,
2567 2353 2637 2406 ob
2672 2360 3070 2422 temporaneam
3109 2355 3228 2424 ejus
3278 2358 3330 2410 in

1788 2433 2096 2489 hominibus
2137 2440 2496 2504 praesentiam.
2532 2441 2794 2505 Quoniam
2833 2442 2970 2509 apud
3017 2451 3063 2495 te
3107 2453 3184 2496 est
3214 2445 3329 2509 [ous

1787 2521 1922 2572 vita’.
1972 2521 2048 2574 Ex
2082 2526 2386 2594 evangelica
2413 2526 2658 2581 doctrina
2705 2529 2976 2583 Christum
3007 2545 3126 2584 esse
3165 2533 3328 2586 vitam

1785 2609 2096 2674 ediscimus,
2143 2619 2201 2664 ut
2256 2613 2502 2668 Salvator
2535 2617 2647 2685 ipse
2685 2619 2840 2673 docet
2879 2619 2964 2674 his
2991 2620 3188 2683 verbis,
3221 2621 3330 2691 Ego

1785 2717 1901 2752 sum
1942 2701 2054 2764 lux,
2088 2705 2276 2757 veritas
2307 2715 2355 2756 et
2387 2706 2569 2759 vita“.
2600 2705 2703 2760 Sed
2737 2709 2919 2770 etiam,
2951 2707 3086 2776 quod
3133 2709 3331 2777 factum

1784 2799 1861 2843 est
1901 2791 1953 2843 in
1995 2793 2104 2859 ipso
2149 2795 2252 2848 vita
2288 2805 2420 2858 erat,
2462 2807 2512 2849 et
2547 2798 2650 2849 vita
2693 2807 2805 2850 erat
2853 2798 2943 2850 lux
2985 2798 3246 2851 hominum
3262 2800 3328 2854 ".

1785 2879 1962 2944 Quare
1987 2883 2074 2936 hic
2101 2885 2324 2952 pariter,
2358 2894 2415 2939 ut
2441 2888 2494 2940 in
2521 2886 2826 2956 Evangelio,
2856 2890 2975 2942 vita:
3027 2890 3114 2941 lux
3145 2889 3330 2943 subdi-

1785 2977 1912 3024 tur:
1950 2987 2071 3026 nam
2107 2983 2389 3044 postquam
2423 2978 2652 3039 dixerat,
2687 2978 2951 3042 Quoniam
2993 2979 3128 3046 apud
3169 2991 3216 3032 te
3249 2989 3327 3032 est

1785 3059 1900 3126 foris
1925 3064 2060 3127 vitw,
2093 3065 2363 3133 adjicitur,
2391 3065 2454 3119 In
2487 3067 2676 3120 lumine
2708 3079 2794 3122 tuo
2823 3069 3103 3123 videbimus
3131 3070 3323 3124 lumen.

123 3164 265 3202 πων.
299 3155 381 3206 Διὸ
409 3157 505 3208 καὶ
529 3153 772 3207 ἐνταῦθα
800 3156 867 3224 τῇ
893 3153 1003 3222 ζωῇ
1029 3153 1288 3221 συνῆπται
1314 3152 1371 3203 τὸ
1403 3151 1513 3220 φῶς
1551 3168 1674 3250 συμῖ

1789 3148 1909 3203 Haec
1940 3153 2136 3221 quippe
2173 3156 2278 3208 vita
2320 3156 2689 3210 rationabilem
2726 3157 2898 3210 lucem
2930 3158 3320 3211 subministrat.

107 3237 304 3306 φώνως
343 3245 424 3314 τῷ
472 3243 824 3311 Εύαγγελίῳ·
857 3243 994 3312 μετὰ
1035 3241 1142 3311 γὰρ
1173 3241 1353 3308 φάναι·
1386 3241 1502 3292 Ὅτι
1532 3239 1674 3304 παρά

1792 3239 2148 3302 Quamobrem
2196 3244 2415 3307 dicitur,
2467 3244 2534 3297 Et
2577 3247 2680 3298 vita
2727 3257 2836 3300 erat
2886 3249 2978 3301 lux
3029 3249 3320 3302 hominum.

91 3328 187 3378 σοὶ
244 3335 422 3404 πηγὴ
495 3332 676 3400 ζωῆς,
740 3333 1080 3401 ὲπιλέγεται·
1123 3334 1216 3383 Ἐν
1257 3331 1334 3396 τῷ
1397 3329 1540 3398 φωτί
1571 3345 1684 3380 σου

78 3416 363 3486 difﬁdebat
385 3423 541 3493 φῶς.
585 3424 772 3485 Φωτὺς
809 3421 916 3493 γὰρ
949 3420 1162 3489 λογικοῦ
1193 3418 1522 3489 χορηγητικὴ
1555 3432 1685 3483 τυγ-

1791 3328 1890 3393 Qui
1927 3347 2086 3399 porro
2120 3335 2231 3388 haec
2278 3336 2600 3404 acceperint,
2631 3353 2726 3404 pro
2762 3337 2883 3400 line,
2920 3338 3056 3392 lucis
3083 3345 3323 3392 contem.-

1790 3419 2075 3486 plationem
2103 3425 2440 3480 obtinebunt.

63 3505 210 3575 χάνει
273 3513 414 3585 αὕτη
446 3517 482 3584 ἡ
526 3513 650 3582 ζωή
671 3529 684 3542 ο
716 3512 796 3564 διὸ
833 3511 1073 3578 λέγεται’
1130 3510 1232 3563 Kal
1275 3509 1313 3575 ἠ
1358 3506 1467 3574 ζωὴ
1508 3505 1586 3578 ἦν
1611 3508 1676 3562 τὸ
1700 3508 1822 3576 φῶς
1846 3511 1958 3564 τῶν
1991 3514 2325 3582 ἀνθρώπων.
2355 3519 2415 3570 Oi
2443 3510 2498 3569 δὲ
2528 3518 2726 3570 τούτων
2760 3517 3142 3587 μεταλαϐόντες
3169 3518 3320 3582 τέλος

72 3593 284 3660 ἶξτιυσιιι
315 3605 404 3658 τοῦ
441 3604 639 3673 φωτὸς
666 3602 765 3673 τὴν
791 3602 938 3656 θέαν.

181 3691 552 3756 Παράτεινον
593 3693 660 3745 τὸ
693 3693 866 3757 ἔλεός
904 3707 1016 3745 σου
1046 3691 1168 3757 τοῖς
1201 3689 1558 3759 γινώσκουσί
1585 3703 1677 3751 σε,

116 3775 214 3826 καὶ
242 3779 338 3846 τὴν
358 3784 784 3847 δικαιοσύνην
825 3796 937 3833 σου
969 3781 1090 3845 τοῖς
1126 3780 1325 3834 εὺθέσι
1353 3779 1426 3846 τῇ
1449 3778 1675 3846 καρδίᾳ.

114 3862 239 3926 Τοῖς
256 3870 316 3942 μὴ
330 3877 712 3944 γινώσκουσιν
733 3871 895 3923 αύτὸν
917 3870 1245 3940 πρόσκαιρον
1261 3870 1408 3922 ἔσται
1428 3870 1486 3921 τὸ
1505 3869 1647 3930 ἔλεος
1661 3885 1673 3898 ·

108 3957 219 4017 τοῖς
255 3958 300 4013 δὲ
323 3962 683 4035 γινώσκουσί
718 3979 798 4025 σε,
835 3961 1034 4030 Σῶτερ,
1073 3959 1392 4030 παρὰτεινον
1435 3959 1495 4011 τὸ
1534 3957 1678 4021 ἔλεός

107 4057 195 4094 σου
223 4052 307 4105 καὶ
325 4060 433 4127 τὴν
465 4053 831 4121 δικαιοσύνην
857 4068 948 4103 σου
969 4067 980 4078 ·
1007 4053 1063 4102 ἐν
1149 4050 1266 4103 κατ’
1293 4050 1445 4115 ἀξίαν
1478 4049 1673 4119 κρίνων

99 4136 207 4196 τθῖς
236 4141 324 4206 μὲν
356 4143 686 4204 ἀποδώσεις
712 4140 855 4194 κατὰ
885 4139 952 4192 τὰ
983 4139 1116 4209 ἔργα
1142 4139 1335 4202 αὐτῶν,
1367 4141 1475 4200 τοῖς
1501 4137 1556 4190 δὲ
1586 4157 1674 4190 πι-

99 4219 315 4293 στώσεις
341 4233 452 4295 τὰς
485 4231 595 4292 σὰς
631 4227 984 4294 ἐπαγγελίας.
1029 4227 1170 4279 ’Λντὶ
1204 4227 1258 4279 δὲ
1292 4226 1404 4289 τοῦ,
1430 4227 1536 4278 Kal
1563 4225 1675 4293 τὴν

95 4305 494 4389 δικαιοσύνην
513 4337 640 4374 σου
675 4319 801 4382 τοῖς
831 4315 1030 4370 εὐθέσι
1062 4315 1136 4383 τῇ
1160 4316 1383 4384 καρδίᾳ,
1405 4319 1432 4370 ὁ
1457 4312 1524 4368 Σύ
1533 4334 1675 4386 μμα-

1856 3684 2014 3742 Vsus.
2087 3689 2310 3744 11-15.
2381 3689 2650 3745 Prwtende
2707 3691 3115 3745 misericordiam
3175 3703 3317 3746 tuam

1783 3779 2056 3832 scientibus
2107 3789 2172 3842 te,
2201 3789 2249 3833 et
2290 3781 2552 3848 justitiam
2605 3789 2746 3832 tuam
2793 3782 2858 3834 iis
2903 3784 2990 3850 qui
3032 3792 3169 3838 recto
3196 3793 3318 3839 sunt

1784 3869 1950 3922 corde.
1984 3867 2354 3924 Nescientibus
2379 3871 2541 3924 Deum
2570 3879 2909 3939 temporanea
2948 3873 3316 3930 misericordia

1782 3961 1915 4025 erit;
1945 3968 1996 4012 at
2029 3961 2303 4015 scientibus
2335 3972 2400 4026 te,
2441 3949 2702 4025 Salvator,
2736 3963 2993 4030 praztende
3019 3965 3316 4021 misericor-

1780 4047 1922 4100 diam
1952 4058 2093 4100 tuam
2121 4058 2169 4102 et
2193 4050 2456 4117 justitiam
2488 4059 2650 4113 tuam,
2683 4065 2786 4118 qua
2809 4065 2906 4118 pro
2937 4066 3113 4106 rerum
3144 4054 3317 4123 digni-

1776 4145 1885 4190 tate
1902 4137 2169 4205 judicans,
2188 4139 2306 4193 aliis
2328 4140 2618 4193 secundum
2638 4154 2796 4209 opera
2821 4154 3002 4194 eorum
3027 4143 3310 4206 rctrihues,

1777 4228 1896 4283 aliis
1926 4229 2185 4297 promissa
2212 4239 2304 4283 tua
2329 4230 2690 4284 conﬁrmabis.
2733 4229 2838 4284 Pro
2863 4230 2953 4282 illo
2984 4236 3160 4284 autem
3193 4248 3206 4284 :
3243 4231 3313 4286 Et

1769 4317 2032 4386 justitiam
2083 4328 2225 4371 tuam
2265 4320 2331 4372 iis
2379 4315 2466 4388 q‘ui
2514 4329 2649 4373 recto
2698 4330 2815 4373 sunt
2846 4318 3029 4378 corde;
3063 4318 3310 4389 Symma-

96 4414 206 4465 κος.
237 4408 340 4466 Kal
399 4413 525 4479 τὴν
597 4408 1022 4476 ἐλεημοσύνην
1045 4422 1158 4458 σου
1183 4406 1303 4471 τοῖς
1329 4407 1540 4471 ἁπλοῖς
1563 4406 1674 4474 τὴν

1788 4410 1911 4464 chus
1942 4428 1954 4463 :
1988 4403 2056 4462 Et
2094 4410 2504 4463 misericordiam
2552 4409 2869 4477 simplicibus
2919 4409 3091 4472 corde,
3122 4409 3306 4467 edidit.

96 4493 376 4566 καρδίαν,
431 4478 700 4568 ἐξέδωκε.
758 4497 855 4573 Μὴ
895 4497 1112 4552 ἐλθέτω
1153 4515 1252 4564 μοι
1299 4498 1446 4562 ποῦς
1496 4500 1674 4566 ὑπερ-

1788 4497 1901 4552 Non
1931 4501 2100 4553 ueniat
2129 4501 2255 4554 mihi
2276 4516 2362 4568 pes
2400 4499 2671 4567 superbire,
2706 4509 2753 4552 et
2800 4515 2983 4552 manus
3026 4511 3309 4568 peccatoris

100 4590 381 4656 ηραν-ιρις,
420 4591 523 4644 καὶ
564 4590 700 4658 χεὶρ
738 4578 1093 4656 ἁμαρτωλῶν
1121 4585 1205 4654 μὴ
1249 4589 1538 4640 σαλεῦσαι
1577 4605 1670 4656 με.

120 4670 290 4726 Ἐκεῖ
314 4681 530 4735 ἔπεσον
562 4683 620 4733 οἱ
655 4677 1027 4747 ἐργαζόμενοι
1054 4676 1166 4743 τὴν
1193 4679 1458 4746 ἀνομίαν.
1508 4679 1693 4742 Ἐξώ-.

114 4762 357 4824 σθησαν
405 4773 500 4824 καὶ
557 4773 636 4824 οὐ
684 4767 772 4837 μὴ
824 4767 1188 4834 δυνήσονται
1241 4766 1472 4833 στῆναι.
1525 4769 1673 4838 Μηδὲ

117 4858 415 4930 κτησαίμην
437 4866 599 4932 χεῖρα
622 4860 722 4912 καὶ
742 4857 967 4929 πράξεις
988 4856 1320 4927 ἁμαρτωλῶν
1337 4874 1352 4888 σ
1384 4857 1550 4911 ταῦτα
1568 4860 1672 4930 γὰρ

127 4937 352 5002 σαλεύειν
417 4951 576 5003 εἴωθε
619 4950 718 5002 καὶ
773 4949 1079 5018 μετακινεῖν
1123 4947 1222 5015 τῆς
1275 4946 1419 5015 παρὰ
1465 4949 1546 5000 σοὶ
1595 4949 1672 5019 τῷ

121 5024 234 5096 Θεῷ
277 5044 509 5106 στάσεως
560 5043 692 5103 τοὺς
738 5041 820 5100 είς
864 5037 926 5088 τὸ
955 5035 1142 5098 σκότος
1176 5035 1234 5086 τὸ
1262 5033 1516 5106 ἐξώτερον
1547 5037 1672 5101 ὲξω-

129 5117 484 5197 σθησομένους.
515 5131 669 5185 Ἀντι
706 5129 765 5181 δὲ
799 5127 922 5179 τοῦ·
963 5124 1121 5178 Ἐκεῖ
1138 5125 1374 5186 ἔπεσον,
1401 5127 1427 5177 ό
1457 5127 1679 5198 Eappa.-

123 5218 231 5268 κος.
276 5214 414 5276 ὅπου
441 5225 779 5276 πίπτουσιν
803 5221 855 5269 ol
883 5211 1246 5284 ἐργαζόμενοι
1279 5211 1388 5278 τὴν
1423 5215 1675 5281 ἀδικίαν,

130 5289 357 5381 ἐξέδωκε,
380 5312 466 5381 Μὴ
494 5310 609 5380 γὰρ
636 5303 924 5374 γενοίμην,
957 5300 1140 5371 φησιν,
1168 5300 1296 5359 ἐκεῖ,
1327 5295 1446 5352 ἔνθα
1487 5303 1536 5352 οἱ
1580 5321 1671 5354 σα-

126 5376 383 5462 λευθέντες
421 5376 713 5455 πίπτουσι,
763 5394 860 5446 καὶ
912 5390 1164 5449 πεσόντες
1198 5386 1528 5453 ὲξωθοῦνται,
1578 5392 1668 5445 καὶ

130 5463 420 5552 ⁸ξίιθσθιιεντες
438 5481 627 5541 οὐκέτι
656 5479 978 5535 ἐπανελθεῖν
1003 5477 1317 5544 δυνήσονται.
1348 5475 1667 5544 Ἀκολούθως

1778 4606 1878 4643 non
1907 4599 2104 4644 moveat
2133 4608 2228 4644 me.
2262 4590 2343 4643 Ibi
2373 4590 2659 4644 ceciderunt
2688 4589 2775 4657 qui
2798 4598 3077 4655 operantur
3121 4591 3309 4659 iniqui-

1779 4690 1954 4743 tatem,
1985 4681 2188 4751 expulsi
2232 4690 2371 4747 sunt,
2398 4698 2487 4734 nec
2531 4686 2771 4747 poterunt
2819 4688 2977 4734 stare.
3006 4679 3082 4734 Ne
3118 4695 3308 4736 manus

1774 4779 1826 4826 et
1875 4779 2019 4839 gesta
2070 4779 2408 4840 peccatorum
2437 4769 2704 4824 obtineam
2737 4787 2749 4821 :
2783 4768 2896 4822 haec
2923 4768 3119 4837 quippe
3144 4782 3306 4821 excu-

1776 4867 1887 4915 tere
1919 4861 2090 4914 solent
2116 4868 2168 4914 et
2202 4875 2472 4914 removere
2521 4859 2615 4911 abs
2643 4865 2692 4911 te
2722 4871 2814 4912 eos
2842 4856 2930 4926 qui
2968 4857 3022 4909 in
3056 4855 3308 4910 tenebras

1772 4953 2066 5006 exteriores
2107 4951 2464 5019 depelluntur.
2493 4947 2598 5001 Pro
2626 4948 2718 5001 illo
2748 4954 2923 4999 autem
2953 4958 2964 4997 :
2999 4943 3082 4997 Ibi
3113 4944 3304 4998 cecide-
3335 4948 3344 4962 ‘

1771 5051 1910 5104 runt,
1949 5041 2298 5112 Symmachus
2318 5041 2503 5101 edidit,
2545 5039 2636 5091 ubi
2683 5037 2875 5092 cadunt
2913 5035 3000 5104 qui
3026 5045 3305 5103 operantur

1773 5133 2115 5201 iniquitatem.
2141 5129 2234 5192 Ne,
2263 5131 2455 5202 inquit,
2486 5143 2549 5182 eo
2594 5129 2648 5180 in
2697 5129 2815 5180 loco
2865 5125 2987 5188 sim,
3017 5141 3125 5194 quo
3153 5141 3302 5179 com-

1773 5219 1904 5272 moti
1932 5219 2149 5280 cadunt,
2177 5218 2312 5286 lapsi
2344 5215 2702 5284 expelluntur,
2729 5212 2937 5281 expulsi
2967 5212 3171 5280 regredi
3195 5229 3300 5267 non

1774 5315 2040 5375 poterunt.
2074 5307 2195 5359 Haac
2239 5313 2412 5357 autem
2462 5309 2851 5370 consequenter
2903 5299 3113 5362 effatur,
3151 5309 3297 5367 post-

1771 5413 1930 5467 quam
1961 5398 2052 5467 qui
2082 5396 2202 5449 llnis
2229 5394 2329 5447 erit
2357 5405 2562 5452 eorum,
2592 5392 2685 5459 qui
2709 5389 2765 5443 in
2803 5390 3018 5458 tegmine
3049 5387 3139 5440 Det
3175 5403 3297 5457 spe-

1771 5485 2028 5548 raverint,
2062 5480 2363 5549 descripsit,
2393 5484 2670 5548 resumpta
2698 5477 2868 5547 impii,
2902 5475 2991 5545 qui
3025 5473 3182 5531 initio
3212 5475 3300 5532 di.

161 5718 196 5749 σε
231 5730 395 5809 “om.
433 5763 498 5810 ν’
535 5742 590 5796 5‘
673 5736 724 5768 ν
765 5730 923 5786 Psal.
961 5741 1090 5792 va,
1122 5727 1174 5782 5.
1245 5727 1286 5760 ⁸ο
1318 5728 1454 5786 Psal.
1491 5747 1656 5801 utv,

1854 5741 1894 5773 “
1933 5737 2088 5792 Joan.
2139 5746 2257 5798 xw,
2290 5735 2346 5789 6.
2424 5732 2466 5764 “
2502 5730 2657 5789 Joan.
2695 5749 2744 5798 ι,
2784 5730 2899 5795 5,4.
