3782 6336
616 423 719 493 ses

1297 431 1557 487 EUSEBll
1595 429 2058 487 CESARIENSIS
2094 432 2132 485 0

2233 472 2240 483 .
2277 430 2453 485 PARS
2488 427 2576 484 Ill.
2614 460 2681 471 -—-
2718 431 3121 487 EXEGETICA.
3638 433 3680 485 ’ὁὶ

613 534 766 606 cebat
793 554 844 605 in
868 544 1130 616 semetipso
1164 544 1217 599 ut
1249 535 1582 617 delinqueret,
1615 540 1999 616 hominumque
2041 542 2132 616 ipsi

2242 544 2297 598 δὲ
2344 534 2477 598 αὑτά
2522 545 2643 616 ἔφη,
2702 534 2838 616 μετὰ
2886 535 2946 599 τὸ
2978 541 3285 617 ὑπογράψαι.
3322 542 3485 593 ὁποῖον
3528 541 3679 593 ἔσταιι

613 643 884 704 similium,
918 638 1191 693 memoria.

2241 634 2389 697 τέλος
2440 635 2543 687 τῶν
2596 637 2650 686 ὲν
2669 639 2732 705 τῇ
2774 637 2951 704 σκέπῃ
2986 618 3077 687 τοῢ
3111 630 3239 684 Θεοῦ
3266 628 3543 700 ἠλπικότων
3567 631 3676 683 ὲπαν

609 734 889 805 λαμϐάνων
918 730 1011 800 τὴν
1047 729 1259 800 μνήμην
1291 729 1381 782 τοῦ
1414 720 1529 783 κατ’
1557 720 1727 799 ἀρχὰς
1755 724 2092 800 παρανόμου,
2116 728 2173 793 ὃς
2208 719 2439 799 ἔφαᾶκεν
2465 728 2533 782 ἐν
2565 726 2750 793 ἐαυτῷ
2777 720 2881 781 τοῦ
2917 718 3287 795 ἁμαρτάνειν,
3325 714 3413 775 καὶ
3444 720 3538 776 τῶν
3577 725 3680 777 ὲκείι

613 822 1011 896 παραπλησίων.

1082 940 1134 992 1.
1164 937 1429 991 DAVIDIS
1463 932 1696 993 XXXVI.

680 1046 807 1100 Noli
852 1046 1091 1101 cumulari
1130 1047 1183 1099 in
1234 1047 1661 1117 malignantibus,
1694 1064 1851 1119 neque
1897 1049 2140 1103 zelaveris

604 1135 846 1197 facientes
892 1136 1235 1205 iniquitatem.
1275 1135 1411 1200 Quia
1460 1136 1515 1189 in
1567 1137 1885 1207 praecedenti
1939 1139 2141 1207 psalmo

606 1234 936 1289 peecatorem
960 1225 1243 1279 induxerat
1274 1242 1391 1280 sese
1422 1226 1487 1279 ad
1519 1238 1733 1296 peccata
1760 1230 2138 1292 concitantem,

602 1320 871 1386 vitamque
916 1317 1055 1387 ejus,
1092 1332 1302 1371 necnon
1332 1317 1489 1371 ﬁnem
1519 1318 1850 1387 exitiumque
1875 1320 2020 1372 illius
2046 1319 2137 1372 de-

603 1406 911 1473 scripserat,
942 1412 1331 1473 consequenter
1358 1405 1412 1457 in
1437 1404 1536 1458 hoc
1565 1406 1768 1475 psalmo
1810 1406 2049 1459 hortatur
2071 1406 2138 1460 ad

601 1495 949 1550 declinandos
989 1494 1352 1564 improborum
1396 1509 1593 1560 mores,
1623 1506 1675 1549 et
1706 1511 1813 1550 non
1841 1498 2137 1551 aemulanda

601 1598 786 1639 eorum
831 1599 1012 1653 Opera.
1068 1584 1329 1649 Quoniam
1376 1600 1503 1639 vero
1552 1586 1694 1640 aliud
1746 1594 1827 1641 est
1873 1588 2131 1652 aemulari,

599 1673 745 1727 aliud
786 1675 987 1739 zelare;
1019 1673 1166 1727 dicas
1213 1674 1484 1727 concitare
1514 1683 1568 1728 et
1593 1674 1660 1728 ad
1696 1676 2011 1745 zelotypiam
2057 1677 2139 1729 in-

599 1764 851 1827 cendere,
886 1764 939 1817 id
978 1779 1097 1820 esse
1137 1765 1395 1818 aemulari.
1427 1764 1605 1830 Quare
1641 1765 1834 1835 Aquila
1862 1767 1941 1822 sic
1968 1768 2134 1821 inter-

600 1860 841 1920 pretatur
866 1870 878 1904 :
906 1850 987 1904 Ne
1027 1852 1220 1905 dimica
1265 1869 1382 1904 cum
1426 1853 1860 1922 malignanlibus;
1896 1852 2136 1924 Symma-

599 1942 736 1998 chus
762 1957 927 1998 vero:
958 1942 1038 1996 Ne
1071 1943 1322 1996 altercare
1365 1959 1481 1995 cum
1518 1945 1791 2013 maleﬁcis.
1825 1944 1937 1998 Hoc
1978 1960 2139 2013 porro

598 2030 801 2085 dictum
845 2046 908 2086 ex
959 2032 1043 2085 his
1083 2032 1387 2102 intelligas:
1416 2032 1527 2100 Ipsi
1555 2050 1633 2086 me
1656 2043 2059 2101 prouocauerunt
2085 2035 2138 2086 in

597 2138 657 2176 eo
687 2123 776 2193 qui
807 2140 908 2176 non
932 2132 1045 2176 erat
1080 2123 1240 2187 Deus,
1268 2134 1318 2177 et
1344 2125 1681 2178 irritaverant
1710 2126 1763 2177 in
1793 2125 1945 2179 idolis
1975 2127 2084 2179 suis
2118 2140 2137 2178 :

596 2220 648 2267 et
670 2228 759 2282 ego
778 2214 1066 2282 provocabo
1094 2231 1179 2268 eos
1208 2215 1262 2268 in
1288 2231 1347 2268 eo
1372 2217 1461 2284 qui
1487 2232 1588 2268 non
1617 2224 1693 2269 est
1734 2218 1974 2284 populus,
2008 2226 2055 2269 et
2084 2217 2138 2268 in

595 2315 742 2375 gente
768 2306 1037 2374 insipiente
1066 2306 1289 2360 irritabo
1348 2307 1469 2360 illos
1488 2308 1550 2358 ⁸³.
1577 2307 1864 2376 Apostolus
1882 2310 2007 2363 item
2035 2308 2139 2362 Co-

598 2394 813 2449 rinthiis
847 2395 1087 2449 scribens
1112 2396 1184 2449 ita
1210 2397 1483 2464 loquitur:
1511 2397 1592 2450 An
1621 2397 1931 2451 aemulemur
1960 2398 2139 2452 Domi-

597 2498 719 2537 num
750 2482 1037 2554 ?Nunquid
1066 2485 1305 2552 fortiores
1345 2486 1438 2540 illo
1469 2503 1646 2539 sumus
1669 2487 1749 2539 ⁸δῖ
1774 2488 1931 2542 Zelus
1961 2496 2137 2541 autem

2734 924 2870 985 ΤΟΥ
2914 930 3114 982 ΑΑΥιΔ
3155 928 3289 995 Λςν.

2302 1046 2413 1113 Μὴ,
2434 1041 2768 1111 παραζήλου
2801 1041 2872 1093 ἐν
2903 1036 3419 1107 πονηρευομένοις,
3444 1040 3577 1108 μηδὲ
3595 1042 3679 1107 ζὴ]

2239 1137 2377 1201 τοὺς
2434 1134 2751 1197 ποιοῦντας
2801 1130 2921 1197 τὴν
2972 1130 3247 1198 ἀνομίαν.
3313 1129 3517 1200 Ἐπειδὴ
3563 1133 3650 1204 γὰρ

2237 1229 2429 1297 ἐκείνῳ
2470 1227 2655 1297 εἰσῆγε
2694 1226 2785 1279 τὸν
2832 1225 3155 1294 παράνομον
3206 1221 3553 1293 παρορμῶντα
3593 1224 3680 1276 iw

2240 1320 2318 1379 είς
2350 1317 2637 1386 ἁμαρτίας,
2670 1315 2763 1367 τόν
2788 1331 2849 1366 τε
2880 1315 2994 1383 βίον
3024 1312 3304 1382 ὑπέγραφε
3330 1312 3420 1363 τοῦ
3450 1312 3680 1367 τοιούτουι

2240 1407 2299 1458 τὸ
2333 1406 2482 1467 τέλος
2508 1405 2607 1473 τῆς
2631 1403 3014 1473 καταστροφῆς
3042 1400 3227 1453 αὐτοῦ·
3269 1399 3553 1464 ἀκολούθως
3580 1405 3680 1457 ὲπὶτ

2242 1497 2502 1567 παρόντος
2554 1496 2807 1565 παραινεῖ
2871 1492 3096 1561 φεύγειν
3145 1492 3271 1553 τοὺς
3327 1490 3432 1543 τῶν
3473 1494 3680 1561 παρανόμ

2241 1587 2488 1657 τρόπους,
2528 1586 2659 1655 μηδὲ
2700 1584 2797 1645 τὰς
2827 1582 3050 1653 ὁμοίους
3099 1580 3278 1633 αὐτῶν
3320 1580 3531 1649 πράξεις
3573 1582 3680 1652 ζηλοί

2255 1677 2403 1728 Ἐπεὶ
2426 1676 2469 1728 δ’
2495 1674 2678 1745 ἔτερόν
2701 1675 2813 1725 ἐστι
2837 1672 2932 1725 τοῦ
2969 1669 3166 1740 ζηλοῦν
3183 1671 3243 1723 τὸ
3263 1669 3598 1739 πραζηλοῦν,
3616 1674 3680 1740 ips

2236 1767 2315 1818 ὅτι
2351 1764 2411 1816 τὸ
2450 1761 2708 1833 ἐρεθίζειν
2746 1762 2840 1813 καὶ
2870 1762 2951 1822 είς
2987 1758 3314 1829 ζηλοτυπίαν
3358 1759 3589 1830 ἐγείρειν,
3623 1760 3680 1812 τοί

2240 1857 2352 1907 ἐστι
2375 1854 2435 1907 τὸ
2464 1849 2998 1922 παραζηλοῖΝίΌθεν
3025 1851 3054 1901 6
3083 1848 3419 1918 μὲνἋκύλας
3440 1851 3679 1920 ἡρμήνευσ

2171 1910 2209 1963 Β
2237 1943 2332 2012 Μὴ
2363 1910 2741 2012 (mydia—1'63»
2772 1910 3315 2007 πονηρευοξιιένοιςο
3342 1940 3370 1991 6
3401 1910 3680 2009 δὲ’ξόμμαχι

2236 2034 2330 2101 Μὴ
2365 2033 2685 2101 φιλονείκει
2733 2031 3119 2097 κακούργοις.
3164 2030 3392 2099 Νοήσεις
3418 2028 3472 2081 δὲ
3495 2029 3549 2082 τὸ
3572 2031 3680 2099 sim

2236 2140 2323 2175 vov
2370 2122 2463 2174 καὶ
2502 2122 2606 2173 ἀπὸ
2644 2114 2768 2173 τοϋ’
2795 2120 2978 2173 Αὐτοὶ
3028 2117 3454 2186 παρεζήλωσάν
3475 2136 3544 2188 με
3584 2122 3651 2172 ἐπ’

2238 2210 2384 2276 Θεῷ,
2414 2210 2792 2279 παρώργισὰν
2838 2227 2917 2278 με
2971 2210 3042 2262 ἐν
3095 2209 3221 2274 τοῖς
3271 2209 3526 2289 εὶδῴλοις
3565 2212 3680 2265 αὐτῶ

2236 2303 2395 2371 κάγὼ
2435 2299 2837 2369 παραζηλώσω
2882 2301 3112 2366 αὐτοὺς
3170 2301 3262 2352 ἐπ’
3314 2303 3421 2354 οὐκ
3470 2302 3631 2356 ἔθνει·
3668 2306 3680 2356 ι

2235 2395 2388 2447 ἔθνει
2419 2391 2686 2455 ἀσυνέτῳ
2709 2390 3013 2458 παροργιῶ
3041 2393 3285 2457 αὐτούς.
3309 2392 3457 2445 Οὕτω
3486 2395 3566 2447 καὶ
3587 2394 3680 2446 ὁἊπ

2238 2480 2416 2540 στολος
2456 2479 2678 2549 γράφων
2722 2479 3038 2548 Κορινθίοις
3083 2479 3302 2548 ἔλεγεν’
3352 2482 3421 2536 Ἦ
3444 2481 3679 2549 παραζηλι

590 2575 693 2630 'seu
747 2575 996 2629 voluntas
1055 2575 1356 2645 eujuspiam
1406 2577 1739 2647 adipiscendi
1786 2578 1838 2631 id
1886 2579 2027 2647 quod
2082 2580 2132 2632 in

2233 2590 2343 2640 μετ’
2376 2573 2480 2625 τὸν
2530 2574 2783 2639 Κύριον;
2837 2574 2937 2641 Μὴ
2972 2577 3343 2644 ἰσχυρότεροι
3374 2576 3541 2630 αὑτοῦ
3571 2577 3679 2645 ἐσμε

596 2663 843 2732 proximo
866 2679 988 2720 esse
1012 2666 1326 2726 arbitratur,
1352 2665 1492 2719 bona
1518 2674 1623 2721 est.
1653 2666 1745 2721 Est
1770 2668 1906 2721 alius
1930 2668 2137 2723 medius

598 2754 768 2818 zelus,
805 2754 1124 2824 plerumque
1156 2756 1280 2809 talis
1305 2757 1516 2824 qualem
1543 2757 1802 2811 describit
1833 2758 1971 2812 idem
2006 2774 2135 2828 apo-

596 2845 770 2899 stolus
823 2844 907 2900 bis
940 2844 1117 2899 verbis
1151 2864 1164 2898 :
1197 2844 1542 2898 xEmulantur
1594 2864 1681 2901 vos
1728 2860 1830 2901 non
1878 2848 2018 2912 bene,
2049 2850 2136 2903 sed

596 2932 864 2988 excindere
890 2951 976 2988 vos
1010 2935 1266 2988 volunt".
1303 2934 1505 2989 Invidia
1537 2952 1665 2992 sane
1694 2953 1964 3007 nunquam
1997 2940 2137 2994 bona

598 3038 721 3079 esse
746 3034 938 3093 queat;
968 3039 1089 3078 nam
1122 3025 1275 3079 dolor
1291 3033 1374 3079 est
1399 3026 1465 3079 de
1492 3018 1763 3095 prosperis
1795 3029 2021 3096 proximi
2051 3046 2136 3084 re-

600 3114 912 3170 buszzelus
960 3130 1088 3169 vero
1134 3115 1402 3169 interdum
1454 3116 1649 3181 bonus,
1684 3117 1760 3170 uti
1797 3119 2131 3174 tradidimus.

2236 2664 2309 2715 Τὸ
2349 2662 2405 2714 δὲ
2445 2660 2637 2731 ζηλοῦν
2687 2663 2785 2714 τοῦ
2845 2663 3134 2732 βούλεσθαι
3166 2667 3260 2718 καὶ
3291 2666 3459 2737 ἑαυτῷ
3483 2667 3680 2737 ὑπάρχει

2235 2752 2439 2822 νομίζει
2469 2751 2545 2821 τῷ
2576 2751 2745 2815 πέλας
2779 2757 3066 2824 παρεῖναι,
3095 2757 3318 2824 ἀγαθόν.
3354 2757 3454 2812 Καὶ
3478 2757 3571 2810 ἔστι
3598 2755 3680 2818 τὺζ

2233 2841 2353 2897 λοῦν
2382 2841 2566 2910 μέσοψ
2599 2841 2861 2906 πολλάκις
2903 2845 3017 2916 γὰρ
3068 2848 3097 2899 6
3144 2845 3304 2917 ζῆλος
3340 2850 3462 2917 περὶ
3491 2840 3543 2900 οὗ
3571 2847 3680 2899 ὁαΰπ

2235 2946 2424 3000 φησιν’
2457 2930 2767 2995 Ζηλοῦσιν
2795 2932 2957 3001 ὖμᾶζ·
2988 2938 3063 2989 οὐ
3096 2936 3315 3003 καλῶς,
3345 2940 3471 2993 ἀλλ’
3500 2936 3680 2991 exmia

2235 3017 2383 3086 ὑμᾶς
2416 3018 2937 3087 θέλουσιν.Φθόνος
2979 3025 3080 3094 μὲν
3112 3022 3204 3079 οὖν
3233 3028 3331 3080 οὐκ
3363 3028 3425 3081 ἂν
3446 3027 3680 3094 γένοιτόπι

2233 3107 2460 3176 ἀγαθός·
2495 3108 2635 3179 λύπη
2662 3109 2776 3180 γάρ
2807 3114 2959 3166 ἐστιν
3016 3114 3112 3168 ἐπὶ
3164 3119 3229 3187 τῇ
3281 3116 3372 3170 τοῦ
3408 3118 3557 3181 πέλας
3581 3116 3680 3184 εὐπρ

600 3200 699 3258 Hic
745 3218 927 3273 porro,
957 3203 1250 3258 secundum
1301 3203 1571 3272 Aquilam,
1613 3220 1724 3258 non
1769 3206 2132 3261 dimicandum

2233 3191 2356 3263 γίᾳ·
2386 3192 2541 3263 ζῆλος
2580 3194 2637 3246 δέ
2671 3197 2828 3252 ἐστιν
2861 3200 2954 3253 ὅτε
2987 3202 3200 3269 γίνεται
3236 3206 3432 3274 ἀγαθὸς
3461 3203 3613 3266 καθὼς
3635 3205 3678 3254 ἀι

594 3305 717 3346 esse
738 3306 859 3345 cum
892 3292 1303 3361 malignantibus
1323 3301 1535 3361 monet;
1563 3295 1854 3350 secundum
1888 3295 2131 3366 Symma-

594 3380 779 3444 chum,
811 3397 917 3435 non
952 3382 1321 3437 altercandum
1371 3399 1491 3437 eum
1524 3386 1814 3452 maleticis;
1839 3386 2131 3441 secundum

594 3470 838 3538 quintam
871 3468 1181 3533 editionem,
1210 3486 1319 3525 non
1366 3472 1564 3525 irritari
1594 3479 1842 3542 oportere
1871 3490 1991 3529 cum
2019 3491 2133 3530 ma-

595 3559 919 3629 lignantibus
938 3577 952 3624 ;
971 3561 1261 3614 secundum
1281 3578 1409 3615 vero
1431 3562 1572 3615 LXX
1596 3584 1608 3616 :
1634 3563 1752 3618 Noli
1777 3566 2015 3619 aemulari
2039 3582 2133 3621 ne—

594 3661 701 3715 que
747 3647 1031 3710 concitari,
1062 3648 1108 3701 si
1150 3649 1283 3703 alios
1315 3652 1453 3704 male
1484 3653 1698 3720 agentes
1725 3655 1930 3719 videas,
1959 3672 2133 3726 neque

594 3744 650 3790 te
673 3736 943 3789 concitent
976 3736 1203 3804 improbi
1238 3753 1492 3807 prospere
1520 3750 1757 3809 agentes,
1796 3752 1853 3797 ut
1897 3754 1957 3798 tu
1996 3761 2133 3815 quo-

595 3840 702 3895 que
753 3825 886 3879 velis
936 3840 1051 3878 rem
1098 3826 1235 3880 bene
1279 3843 1483 3896 gerere.
1526 3830 1817 3900 linamque
1842 3833 1896 3887 in
1924 3850 1982 3888 re
2010 3849 2132 3904 pro-

594 3928 753 3983 spera
802 3920 855 3967 et
896 3913 951 3966 in
1000 3913 1210 3968 deliciis
1257 3925 1475 3982 agentes
1505 3923 1557 3971 te
1581 3917 1873 3988 instigant;
1898 3929 1951 3974 at
1976 3933 2034 3975 tu
2064 3938 2131 3977 ne

593 4002 862 4056 temuleris
896 4016 1069 4070 neque
1099 4002 1404 4066 conciteris,
1437 4005 1529 4059 sed
1562 4020 1735 4074 neque
1759 4008 2014 4063 zelaveris
2049 4009 2131 4062 la-

592 4093 798 4147 cientes
839 4092 1207 4162 iniquitatem;
1247 4108 1316 4148 ne
1351 4094 1536 4149 beatos
1566 4097 1822 4165 praedices
1854 4099 1995 4163 illos,
2027 4116 2131 4155 neu

595 4194 751 4253 putes
777 4184 831 4237 in
858 4183 1015 4238 bonis
1040 4184 1244 4238 versari
1270 4203 1283 4237 :
1308 4199 1408 4239 nec
1445 4186 1562 4254 pari
1603 4187 1762 4241 modo
1797 4203 1909 4242 rem
1946 4206 2131 4260 gerere

594 4281 837 4343 exoptes.

664 4444 827 4500 Vens.
858 4446 1016 4500 2-9.
1068 4447 1324 4512 Quoniam
1379 4456 1625 4517 tanquam
1670 4450 1843 4516 fenum
1895 4451 2131 4506 velociter

2234 3279 2557 3350 δεδώκαμεν.
2602 3284 2872 3340 Ἐνταῦοα
2901 3289 2960 3343 δὲ
2987 3294 3016 3344 6
3042 3292 3201 3362 λόγος
3230 3296 3368 3349 κατὰ
3406 3296 3496 3367 μὲν
3517 3295 3594 3348 τὸν
3619 3295 3678 3346 ’Δι

2234 3372 2329 3425 λαν
2378 3372 2450 3443 μὴ
2512 3374 2885 3445 διαμάχεσθαι
2943 3384 3003 3434 ἐν
3058 3367 3500 3458 πονηρευομένοις
3529 3402 3678 3455 παραυ

2234 3462 2370 3515 κατὰ
2414 3464 2471 3516 δὲ
2518 3465 2842 3538 Σύμμαχον,
2882 3471 2959 3543 μὴ
2992 3475 3317 3543 φιλονεικεῖν
3363 3479 3419 3531 ἐν
3463 3476 3676 3545 κακούργι

2235 3554 2373 3607 κατὰ
2411 3553 2465 3606 δὲ
2511 3554 2606 3625 τὴν
2649 3558 2919 3632 πέμπτην
2970 3565 3205 3629 ἔκδοσιν,
3260 3569 3333 3638 μὴ
3379 3567 3665 3639 ἐρεθίζεσθαι

2234 3642 2706 3712 πονηρευομένοις·
2763 3649 2908 3703 κατὰ
2965 3651 3023 3703 δὲ
3073 3656 3202 3719 τοὺς
3262 3653 3676 3727 ἘόδομήκονταἸ

2235 3730 2550 3801 παροξύνων
2586 3734 2747 3801 φησὶ,
2781 3738 2919 3807 μηδὲ
2967 3742 3215 3812 ὲρεθίζου
3245 3746 3381 3816 ὁρῶν
3409 3746 3599 3815 ἑτέρους
3618 3758 3675 3794 πσ

2238 3822 2579 3891 ρευομένους·
2610 3825 2751 3893 μηδέ
2780 3844 2839 3880 σε
2870 3831 3237 3902 ὲγειρέτωσαν
3261 3836 3673 3909 εὐθηνούμενοικα

2233 3912 2323 3963 ἐπὶ
2347 3911 2420 3998 τὸν
2436 3911 2528 3962 καὶ
2552 3910 2763 3966 ἐθέλειν
2796 3919 3002 3987 ὁμοίως
3032 3926 3220 3987 αὐτοῖς
3241 3928 3537 3998 εὐπραγεῖν.
3566 3924 3674 3977 Ἐκεῖ

2237 3999 2330 4067 μὲν
2368 3997 2473 4069 γὰρ
2504 3998 2893 4072 εὐθηνούμενοι
2944 4010 3039 4062 καὶ
3093 3997 3402 4083 τρυφῶντες
3444 4010 3673 4084 παραζηλο

2236 4103 2323 4139 σε·
2361 4088 2422 4138 σὺ
2452 4086 2507 4138 δὲ
2539 4087 2611 4158 μὴ
2644 4094 2977 4166 παραξήλου
3007 4101 3145 4170 μηδὲ
3171 4092 3491 4173 παροξύνουο
3512 4099 3623 4155 ἀλλὰ
3639 4114 3672 4168 μ’

2234 4175 2391 4246 ζήλου
2407 4177 2527 4237 τοὺς
2544 4178 2837 4246 ποιοῦντας
2864 4186 3119 4259 ἀνομίαν,
3146 4192 3280 4262 μηδὲ
3306 4193 3556 4264 μακάριζε
3577 4190 3672 4243 αὐτο

2233 4267 2322 4319 κα)⁵
2348 4268 2402 4317 ἐν
2427 4265 2646 4333 ἀγαθοῖς
2696 4266 2840 4326 εἶναι
2884 4278 3107 4348 νόμιζε·
3152 4283 3274 4354 μηδ’
3305 4283 3457 4354 εὔχου
3488 4282 3569 4336 καὶ
3596 4296 3671 4332 σαν

2232 4355 2425 4426 ὁμοίως
2455 4356 2632 4419 αὐτοῖς
2670 4363 2956 4432 πράττειν.

2306 4448 2436 4538 Ὅτι
2474 4446 2624 4538 ebori
2687 4454 2901 4523 χιξρτος
2986 4464 3137 4538 ταχὺ
3195 4464 3670 4535 ἀποξτιρανθήο-οη

594 4544 846 4589 arescent.
916 4534 1115 4591 Deinde
1184 4552 1403 4592 causam
1462 4541 1666 4609 aperit,
1744 4542 1958 4608 dicens,
2011 4545 2132 4613 quia

2234 4534 2365 4588 Εἶτα
2390 4535 2486 4604 τὴν
2517 4536 2698 4590 αἰτίαν
2726 4541 2992 4612 διδάσκει,
3019 4534 3213 4619 λέγων,
3242 4555 3323 4607 ὅτι
3352 4534 3411 4607 τὸ
3436 4555 3571 4615 τέλος
3605 4550 3670 4603 ain

593 4624 717 4680 ﬁnis
762 4626 973 4680 illorum
1017 4628 1159 4693 talis,
1213 4628 1387 4698 qualis
1439 4629 1547 4685 feni
1601 4632 1776 4687 exitus
1813 4642 1929 4699 est;
1986 4633 2130 4702 quod

2233 4626 2460 4679 τοιοῦτόν
2485 4627 2653 4692 ἐστιν,
2681 4633 2869 4689 ὁποῖον
2897 4638 2959 4691 τὸ
2995 4643 3091 4695 τοῦ
3120 4645 3311 4716 χόρτου
3328 4664 3340 4676 ·
3378 4648 3433 4710 ὃς
3461 4646 3579 4717 πρὸς
3607 4638 3667 4695 ὀλί

591 4727 717 4767 cum
762 4713 1146 4783 aliquantisper
1184 4715 1441 4779 ﬂoruerit,
1471 4716 1724 4771 velociter
1748 4718 1959 4771 arescit.
1992 4715 2127 4770 Nam

2233 4718 2481 4787 ἀνθήσας,
2527 4721 2665 4789 ταχὺ
2728 4713 3197 4801 ἀποξηραίνεται..
3245 4737 3415 4792 Πᾶσα
3478 4713 3573 4807 γὰρ
3620 4731 3668 4786 σε

592 4805 761 4857 omnis
788 4820 913 4857 caro
937 4804 1131 4872 fenum,
1161 4816 1209 4859 et
1234 4808 1400 4860 omnis
1425 4808 1595 4876 gloria
1623 4808 1733 4876 ejus
1755 4809 1905 4876 quasi
1929 4808 2025 4875 [los
2051 4807 2126 4875 {e-

594 4894 667 4946 ni.
705 4894 1041 4949 Exsiccatum
1088 4907 1162 4949 est
1216 4897 1409 4961 fenum,
1455 4906 1503 4951 et
1553 4898 1649 4965 ﬂos
1702 4897 1967 4953 decidit".
2020 4897 2125 4953 Sed

592 4982 777 5046 etiam,
808 4985 1237 5053 quemadmodum
1269 4986 1413 5039 olera
1440 4985 1714 5040 herbarum
1741 4987 1843 5039 cito
1872 4986 2122 5041 decident.

595 5068 675 5124 Ne
721 5073 934 5139 quidem
976 5074 1121 5143 digni
1164 5083 1290 5129 sunt
1336 5076 1426 5145 qui
1465 5076 1700 5130 oleribus
1727 5076 1780 5128 in
1811 5090 1940 5144 agro
1967 5076 2126 5130 cultis

596 5169 988 5228 comparentur.
1017 5163 1145 5229 Quae
1174 5180 1335 5221 causa
1363 5166 1525 5235 igitur
1559 5172 1643 5219 est
1672 5180 1768 5219 cur
1790 5180 1881 5219 eos
1907 5165 2126 5219 temule-

595 5265 739 5315 ωιιτ,
771 5251 863 5320 Qui
891 5265 1013 5305 cum
1043 5254 1189 5310 brevi
1214 5265 1450 5327 tempore
1473 5256 1769 5315 ﬂoruerint,
1801 5270 1921 5307 cras
1949 5256 2001 5307 in
2024 5255 2123 5308 cli-

597 5335 795 5389 banum
842 5337 1137 5402 mittentur,
1168 5350 1226 5395 ut
1271 5345 1427 5398 docet
1472 5344 1715 5397 Salvator
1732 5342 1813 5393 "?
1864 5340 2024 5410 Spera
2068 5344 2124 5397 in

605 5423 839 5489 Domino,
871 5436 918 5479 et
947 5428 1031 5495 fac
1052 5427 1348 5497 bonitatem,
1374 5445 1421 5488 et
1449 5435 1681 5488 inhabila
1709 5443 1920 5496 terram,
1948 5441 1995 5486 et
2028 5449 2123 5501 pa-

597 5515 754 5567 sceris
779 5516 833 5567 in
859 5515 1049 5570 diuitiis
1077 5518 1207 5586 ejus.
1242 5522 1507 5578 Delectare
1532 5526 1585 5578 in
1619 5525 1856 5589 Domino,
1885 5533 1934 5577 et
1976 5522 2122 5577 dabit

2226 4808 2453 4877 χόρτος,
2485 4807 2582 4859 καὶ
2621 4808 2793 4868 πᾶσα
2822 4816 2977 4885 δόξα
3019 4827 3212 4894 αὐτῆς
3242 4830 3323 4895 ὠς
3345 4828 3518 4892 ἄνθος
3551 4825 3668 4892 κόρτι

2240 4894 2559 4964 Ἐξηράνθη
2576 4900 2609 4951 ό
2630 4902 2872 4973 χόρτος,
2887 4912 2987 4965 καὶ
3015 4913 3081 4967 τὸ
3110 4894 3591 4982 ἅνθοςνὲξέπεσεν.
3615 4908 3668 4964 ’ΔῙ

2228 4985 2338 5049 καὶ,
2359 4985 2501 5039 ὡσεὶ
2517 4985 2762 5057 λάχανα
2781 5001 2975 5068 χλόης
3004 5005 3158 5075 ταχὺ
3185 5009 3599 5063 ἀποπεσοῦνται
3616 5020 3628 5033 ·
3644 5018 3666 5054 ο

2227 5075 2653 5170 γεωργουμένοις
2697 5081 2955 5155 λαχάνοις
2994 5092 3135 5159 ἄξιοί
3184 5099 3289 5151 sict
3339 5088 3666 5170 παραϐάλλεσθ

2229 5164 2291 5215 Τί
2311 5160 2402 5217 οὖν
2425 5165 2575 5260 άξιον
2601 5168 2800 5240 ζηλοῦν
2826 5181 3071 5249 τούτους,
3095 5188 3144 5239 οἳ
3172 5189 3307 5260 πρὸς
3334 5160 3499 5258 ὀλίγον
3522 5184 3666 5253 ἀνθῆω

2225 5271 2333 5346 τες,
2385 5255 2568 5327 αὔριον
2623 5264 2706 5327 είς
2763 5268 3017 5327 κλίϐανον
3067 5255 3457 5346 ﬂauo-war..th
3499 5273 3664 5339 ἐδίδαξε

2226 5345 2442 5441 Σωτηρ;
2476 5349 2772 5408 Ἕλπισον
2798 5359 2902 5414 ἐπὶ
2946 5345 3190 5435 Κύριον,
3231 5373 3326 5426 καί
3358 5372 3500 5424 ποίει
3526 5378 3664 5438 mm

2224 5440 2387 5531 τητα,
2409 5440 2525 5531 aea)
2569 5450 2958 5518 κατασκήνου
2996 5457 3113 5526 τὴν
3144 5460 3279 5531 γῆν,
3297 5462 3390 5516 καί
3414 5451 3663 5529 ποιμανθή

2223 5526 2318 5580 ἐπὶ
2363 5526 2441 5595 τῷ
2490 5534 2730 5603 πλούτῳ
2771 5542 2981 5613 αὐτῆς.
3028 5526 3608 5623 Κατατρύερῃσονντοῦ
3642 5547 3662 5598 ε

668 5686 717 5719 ⁸⁸
748 5686 901 5743 De'ut.
932 5704 1076 5745 nm
1096 5732 1110 5757 ,
1139 5693 1228 5747 2t.
1303 5699 1347 5731 εδ
1384 5697 1403 5749 l
1431 5699 1554 5755 Cor.
1586 5717 1617 5754 x
1637 5743 1652 5769 ,
1687 5701 1774 5753 22.
1850 5697 2083 5756 "Galat.
2115 5717 2132 5757 ι

2237 5701 2323 5756 17.
2400 5706 2444 5737 ⁸⁸
2481 5704 2586 5763 lsa.
2619 5722 2724 5775 ιι,
2759 5713 2814 5769 6.
2894 5718 2937 5751 ⁸⁷
2976 5721 3165 5783 Matth.
3199 5743 3282 5794 vl,
3310 5728 3394 5784 30.
