3782 6320
84 384 178 478 ag},
1228 410 1723 475 COMMENTARIA
1760 417 1825 472 1N
1866 409 2214 477 rSALMos.‘
2702 384 2706 386 Ὗ
3198 434 3306 490 326

83 526 341 608 ρίου,και
366 523 476 590 δῴη
496 536 594 575 σοι
614 515 808 614 ﬁdi“:
827 515 915 614 ξὰ
952 526 1279 599 αἰτήματα
1301 534 1410 601 τῆς
1438 531 1673 599 καρδίας

1781 533 1873 587 tibi
1910 551 2081 588 omnes
2108 535 2387 601 petitiones
2412 534 2586 588 cordis
2621 538 2717 591 tui.
2751 538 3033 610 Postquam
3062 548 3308 614 superio-

84 604 216 682 οου.
258 613 615 685 Ἀποστρέψας
646 607 732 664 τοῦ
759 604 945 677 ζήλου
997 617 1126 672 τῶν
1168 622 1419 692 πονηρῶν
1449 620 1534 673 διὰ
1568 622 1673 675 τῶν

1775 624 1925 677 ribus
1969 623 2127 677 dictis
2162 624 2230 678 ab
2271 624 2610 679 aemulatione
2642 604 3005 694 improborum
3051 604 3310 690 θνατογε-

89 714 327 785 πρώτων,
357 704 517 767 εὐθὺς
548 707 612 757 ἐκ
640 696 1004 792 παραλλήλου
1058 710 1166 780 τὴν
1211 712 1374 783 ὀρθὴν
1404 712 1495 764 καὶ
1529 710 1673 781 βασι-

1775 713 2073 776 rat,statim
2101 728 2166 767 ex
2198 713 2446 782 opposito
2475 720 2674 767 rectam
2700 715 3003 789 regiamque
3018 722 3159 775 viam
3184 740 3309 792 pro-

91 804 235 872 λικὴν
259 796 378 851 ὁδὸν
413 793 620 864 τίθησι,
650 788 869 880 δειξνὺξ
895 793 1116 852 ὁποίαν
1151 800 1256 870 χρὴ
1298 799 1555 869 βαδίζειν.
1590 803 1673 854 Διό

1776 800 1944 869 ponit,
1996 799 2245 854 indicans
2293 815 2399 869 qua
2441 800 2511 854 sit
2555 788 2933 857 incedendum;
2973 788 3308 880 Quapropter

90 906 269 961 φησιν’
306 887 461 939 ¹Ἀινω
499 884 686 953 βλέπε,
730 875 774 934 ἆ)
815 874 1010 948 οὗτος,
1050 887 1270 957 ἀφορῶν
1310 890 1387 950 είς
1439 889 1527 941 τὸν
1573 889 1673 943 τῶν

1775 888 1848 940 ait
1874 906 1887 941 :
1911 887 2051 943 Heus
2082 896 2160 954 tu,
2183 903 2395 943 sursum
2445 890 2643 958 aspice,
2673 905 2737 945 ae
2786 874 3160 951 universorum
3191 874 3308 955 ino-

85 984 213 1036 ὅλων
241 978 614 1049 κυϐερνήτην,
659 976 754 1027 καὶ
802 973 977 1027 αὑτὸν
1015 979 1245 1030 σεαυτοῦ
1297 980 1479 1032 ἐλπίδα
1520 979 1673 1050 θέμε-

1775 977 2072 1030 deratorem
2117 976 2348 1038 intuere,
2406 984 2565 1045 atque
2612 978 2786 1047 ipsum
2840 996 2990 1049 spem
3041 988 3310 1044 constitue

80 1084 188 1132 νος⁸
209 1068 410 1137 θάρσει
430 1065 510 1128 ὡς
532 1065 623 1117 ἐπὶ
657 1063 900 1134 μεγάλην
929 1065 1187 1137 ἄγκυραν
1208 1068 1552 1138 ἡδρασμένος.
1570 1070 1673 1122 Καὶ

1775 1075 1921 1118 tuam
1948 1082 1961 1117 :
1987 1064 2130 1119 bono
2161 1064 2342 1118 animo
2369 1072 2507 1127 esto,
2540 1074 2600 1119 ut
2629 1082 2820 1138 magna
2849 1073 3084 1126 anchora
3128 1075 3310 1131 ﬁrma-

80 1160 145 1211 τὰ
182 1160 286 1229 μὲν
315 1157 424 1226 τῆς
449 1157 695 1217 διανοίας
750 1171 845 1207 σου
891 1154 1104 1226 ταύτην
1132 1157 1299 1225 ὲχὲτω
1338 1157 1433 1226 τὴν
1460 1157 1673 1209 ἐλπίδαο

1775 1161 1879 1208 tus.
1912 1153 1977 1206 Et
2007 1162 2183 1208 mente
2210 1152 2422 1222 quidem
2451 1168 2599 1222 spem
2627 1155 2785 1210 talem
2815 1158 3028 1227 capias;
3053 1163 3308 1231 operibus

80 1252 197 1312 ταῖς
241 1248 296 1300 δὲ
353 1246 631 1316 πράξεσιν
668 1243 904 1316 ἐργάζου
956 1246 1058 1299 καὶ
1102 1248 1254 1300 ποίει
1285 1250 1673 1315 χρηστότητα,

1775 1250 1948 1298 autem
1971 1258 2261 1312 exsequere
2298 1252 2347 1296 et
2376 1243 2460 1310 [ac
2489 1243 2800 1310 bonitatem;
2828 1256 2886 1300 ut
2924 1249 2991 1304 iis
3021 1265 3120 1305 ceu
3145 1252 3309 1321 jactis

86 1338 275 1392 ὡσανεὶ
326 1336 583 1406 σπόρους
616 1335 799 1405 σαυτῷ
832 1333 1165 1405 βαλλόμενος
1192 1336 1276 1388 ἐπ’
1318 1335 1490 1405 ἀγαθῇ
1544 1353 1673 1407 καρ-

1775 1334 1869 1387 tibi
1895 1334 2208 1396 seminibus,
2237 1335 2469 1403 opimam
2499 1335 2769 1390 fructuum
2791 1338 2995 1406 copiam
3019 1342 3304 1411 percipias.
3343 1402 3352 1419 .

88 1426 203 1480 πῶν
233 1423 572 1493 συγκομιδῇ.
611 1424 799 1477 Ταῦτα
844 1422 902 1475 δὲ
944 1423 1016 1476 τὰ
1047 1422 1139 1475 δύο
1179 1423 1531 1493 κτησάμενος,
1569 1441 1673 1493 μη-

1775 1422 2039 1476 Horumce
2068 1438 2229 1492 porro
2257 1423 2483 1477 duorum
2530 1425 2754 1494 potitus,
2787 1442 2855 1481 ne
2903 1428 3039 1481 ultra
3069 1430 3136 1484 de
3173 1447 3308 1500 quo-

96 1516 210 1568 κέτι
234 1515 358 1585 περί
372 1531 529 1576 τινος
551 1513 784 1580 ἀγωνία.
806 1510 1207 1578 Κατασκήινου
1230 1510 1341 1578 τὴν
1363 1510 1477 1578 γῆν
1489 1512 1673 1582 ἀμερί-

1775 1516 1912 1583 piam
1939 1513 2131 1568 anxius
2151 1522 2290 1579 esto,
2311 1514 2547 1567 inhabita
2569 1525 2757 1569 terram
2781 1518 2897 1571 sine
2924 1518 3302 1585 sollicitudine,

103 1624 266 1676 μνως,
291 1607 381 1659 καὶ
419 1606 531 1676 τὴν
567 1605 908 1676 πρόσκαιρον
946 1603 1171 1671 ταυτηνὶ
1214 1601 1373 1671 ζωὴν,
1405 1601 1587 1673 ὥσπερ
1618 1604 1673 1656 ὲν

1775 1618 1834 1656 ac
1861 1613 2259 1672 temporaneam
2287 1603 2490 1659 hancce
2513 1605 2697 1668 vitam,
2722 1607 2877 1676 quasi
2905 1608 2961 1661 iu
2995 1609 3307 1664 tabernacu-

103 1701 288 1768 σκηνῇ,
319 1698 458 1769 πρὸς
502 1697 690 1763 ὀλίγον
748 1694 924 1756 ἑστὼς
978 1693 1149 1761 δίαγε.
1186 1692 1533 1763 Ποιμανθήσῃ
1568 1692 1673 1763 γὰρ

1775 1694 1843 1759 lo,
1871 1694 2020 1747 brevi
2052 1694 2237 1763 exigas
2271 1713 2290 1746 ε
2313 1694 2511 1749 etenim
2558 1695 2728 1750 instar
2776 1697 2927 1751 bonae
2965 1698 3186 1766 pecudis
3210 1715 3307 1754 cu-

98 1789 248 1858 δίκην
276 1789 605 1860 θρέμματος
648 1782 855 1853 ἀγαθοῦ
892 1783 996 1834 ὑπὸ
1040 1780 1254 1850 ποιμένι
1286 1778 1429 1847 καλῷ
1459 1796 1673 1850 ποιμαιε

1775 1791 1921 1838 rante
1951 1784 2092 1838 bono
2119 1793 2334 1853 pastore
2363 1785 2619 1852 pasceris.
2640 1785 2772 1839 Nam
2806 1788 2850 1842 si
2873 1803 2992 1856 qua:
3010 1790 3191 1843 insunt
3208 1790 3308 1843 lio-

97 1879 331 1949 νόμενος.
359 1880 428 1930 Ei
470 1876 591 1946 γάρ
640 1875 725 1937 τίς
778 1875 925 1925 ἐστιν
974 1874 1030 1924 ὲν
1072 1868 1373 1938 ἀνθρώποις
1423 1867 1668 1937 ἀληθινὸς

1775 1868 1999 1928 minibus
2017 1877 2165 1929 uera:
2192 1874 2354 1927 animi
2380 1875 2597 1941 divitiae,-
2624 1891 2742 1945 quas
2775 1877 2831 1930 in
2859 1878 3055 1933 divinis
3086 1880 3306 1949 dogma-

94 1970 261 2040 ψυχῆς
316 1967 579 2029 πλοῦτος,
626 1966 654 2016 ὁ
699 1966 757 2015 ὲν
800 1961 962 2023 θείοις
1016 1959 1245 2028 δόγμασι
1285 1958 1377 2008 καὶ
1414 1959 1521 2019 τοῖς
1563 1957 1669 2009 τῶν

1775 1963 1913 2017 tibus
1961 1970 2014 2017 et
2060 1962 2257 2028 divinis
2289 1962 2608 2017 lectionibus
2642 1972 2975 2031 spectantur,
3001 1966 3066 2021 iis
3110 1966 3306 2023 frueris

96 2059 255 2111 θείων
284 2055 742 2126 ἀναγνωσμάτων
780 2052 1087 2122 μαθήμασι,
1108 2046 1305 2100 τούτων
1333 2046 1669 2108 ἀπολαύσεις,

1775 2055 1841 2106 ita
1868 2058 1928 2105 ut
1955 2052 2104 2108 dicas
2129 2071 2143 2107 :
2168 2052 2421 2108 Dominus
2450 2054 2617 2120 pascit
2646 2069 2726 2106 me
2763 2062 2811 2106 et
2842 2056 2972 2108 nihil
3013 2058 3138 2110 mihi
3186 2058 3305 2113 dee-

101 2142 242 2194 ῶστε
290 2143 497 2211 λέγειν⁹
534 2142 759 2208 Κύριος
787 2136 1081 2205 ποιμαίνει
1114 2150 1210 2203 με,
1245 2133 1340 2185 καὶ
1386 2131 1561 2185 οὐδέν
1598 2149 1673 2200 με

1775 2144 1838 2195 rit
1860 2144 1923 2197 ⁸⁸.
1949 2141 2091 2195 Nihil
2132 2144 2329 2213 quippe
2377 2141 2547 2197 deerit
2579 2143 2695 2206 tibi,
2728 2145 2774 2197 si
2807 2146 2859 2197 in
2893 2146 3021 2199 boni
3071 2150 3305 2215 pastoris

103 2232 446 2300 ὑστερήσει.
469 2231 642 2285 Οὐδὲν
673 2229 784 2300 γάρ
808 2245 867 2280 σε
891 2227 1174 2296 ὑστερήσει
1194 2224 1602 2293 ποιμαινόμενω
1616 2225 1672 2276 ὲν

1775 2233 1968 2287 divitiis
1995 2234 2255 2303 pascaris,
2288 2249 2408 2304 qua:
2429 2240 2719 2302 erogantur
2743 2235 3045 2290 hominibus
3077 2237 3129 2290 in
3160 2247 3301 2293 terra

104 2322 179 2391 τῷ
192 2323 408 2392 πλούτῳ
434 2321 532 2374 τοῦ
561 2319 733 2373 καλοῦ
782 2317 1055 2387 ποιμένος,
1083 2314 1160 2384 τῷ
1188 2314 1537 2385 δεδωρημένῳ
1562 2316 1672 2376 τοῖς

106 2414 181 2465 ἔτι
209 2414 303 2465 ἐπὶ
331 2414 431 2483 γῆς
466 2410 918 2481 ποιμαινομένοις
944 2407 1264 2478 ἀνθρώποις.
1305 2406 1446 2458 Ἀντὶ
1479 2405 1533 2457 δὲ
1556 2404 1670 2467 τοῦ,

106 2504 213 2556 Καὶ
235 2501 617 2572 ποιμανθήσῃ
632 2500 734 2553 ἐπὶ
749 2498 829 2564 τῷ
842 2498 1080 2560 πλούτῳ
1103 2495 1306 2563 αὐτῆς,
1323 2497 1349 2546 ὁ
1364 2496 1673 2564 Σύμμαχος,

108 2594 212 2646 Kal
258 2593 576 2662 ποιμαίνου
605 2587 921 2658 διηνεκῶς,
953 2585 1237 2651 ἐξέδωκεν·
1270 2586 1298 2636 ὁ
1335 2584 1392 2636 δὲ
1426 2583 1669 2648 Ἀκύλας,

106 2683 211 2735 Καὶ
242 2683 423 2752 νέμον
456 2683 690 2734 πίστιν.
724 2675 838 2731 Εἶθ’
875 2676 1061 2747 ὥσπερ
1099 2675 1203 2730 τῶν
1238 2674 1672 2745 πονηρευομὲνων

111 2775 198 2826 καὶ
213 2775 325 2827 τῶν
336 2773 636 2827 ποιούντων
656 2769 758 2840 τὴν
779 2769 1007 2838 ἀνομίαν
1026 2765 1303 2837 ὑπέγραψε
1322 2765 1379 2817 τὸ
1397 2764 1564 2829 τέλος,
1579 2764 1671 2817 οὖ-

116 2877 212 2923 sta;
229 2864 325 2915 καὶ
353 2863 434 2915 σοὶ
447 2862 528 2932 τῷ
548 2858 827 2922 ἐλπίζοντι
856 2859 948 2909 ἐπὶ
975 2855 1063 2908 τὸν
1095 2855 1294 2924 Κύριον
1325 2854 1416 2906 καὶ
1437 2853 1673 2906 ποιοῦντι

122 2954 440 3023 χρηστότητα
453 2951 633 3004 ὁπόσα
654 2948 887 3017 ὑπάρξει
903 2945 1078 3013 ἀγαθά
1089 2944 1309 3014 καταριθ
1319 2946 1510 3012 μεῖται.
1527 2944 1572 2994 Π
1581 2943 1675 3012 ρῶ-

120 3058 201 3094 τον
235 3045 328 3112 μὲν
358 3044 462 3113 γὰρ
493 3040 849 3112 ποιμανθήσῃ
879 3038 969 3091 ἐπὶ
1002 3036 1078 3106 τῷ
1111 3035 1318 3104 πλούτῳ
1344 3034 1420 3105 τῷ
1444 3034 1673 3105 ἀληθινῷ

120 3131 207 3183 τοῦ
256 3134 407 3186 καλοῦ
462 3132 763 3202 ποιμένοςο
793 3129 1074 3198 δεύτερον,
1106 3127 1530 3197 κατατρυφήσεις
1579 3124 1671 3177 τοῦ

1768 2324 2132 2391 pascentibus.
2163 2321 2269 2376 Pro
2303 2324 2394 2377 illo
2423 2332 2597 2378 autem
2632 2341 2645 2376 :
2675 2322 2743 2375 Et
2770 2327 2997 2392 pasceris
3026 2328 3082 2379 in
3107 2326 3301 2381 diuitiis

1768 2412 1901 2480 ejus,
1934 2412 2285 2482 Symmachus
2321 2432 2341 2466 τ
2366 2412 2433 2465 Ει
2458 2428 2667 2481 pascere
2711 2415 2945 2478 assidue;
2973 2416 3164 2484 Aquila
3192 2435 3204 2470 :
3235 2416 3303 2469 Et

1765 2518 1974 2570 pascere
2011 2502 2130 2572 ﬁde,
2163 2504 2464 2559 ediderunt.
2499 2503 2612 2559 Sub
2660 2505 2772 2560 hare
2819 2514 3017 2571 autem,
3045 2508 3303 2575 quemad-

1769 2595 1985 2648 modum
2012 2595 2374 2662 improborum
2418 2602 2472 2650 et
2513 2597 2850 2664 operantium
2881 2596 3214 2667 iniquitatem
3243 2599 3306 2653 ti-

1769 2701 1889 2740 nem
1939 2685 2254 2754 descripsit;
2306 2686 2384 2740 sic
2431 2695 2628 2755 quanta
2656 2687 2754 2741 tibi
2786 2688 2838 2740 in
2873 2687 3153 2742 Dominum
3185 2704 3306 2759 spe-

1769 2773 1932 2837 ranti,
1971 2788 2034 2827 ac
2080 2774 2374 2829 bonitatem
2418 2773 2635 2828 facienti
2682 2784 2941 2830 eventura
2991 2777 3130 2830 bona
3174 2777 3303 2842 sint,

1771 2873 2066 2920 enumerat.
2091 2864 2223 2919 Nam
2254 2866 2428 2934 primo
2455 2865 2510 2919 in
2532 2866 2675 2920 veris
2698 2866 2825 2919 boni
2854 2869 3086 2934 pastoris
3105 2867 3307 2922 divitiis

1773 2957 2044 3024 pasceris;
2082 2956 2338 3018 secundo,
2374 2955 2723 3010 delectaberis
2746 2956 2799 3007 in
2830 2948 3086 3022 Domino;
3126 2952 3303 3021 teitio,

1772 3047 1918 3099 dabit
1964 3047 2056 3099 tibi
2100 3046 2382 3114 petitiones
2415 3044 2595 3100 cordis
2623 3045 2719 3098 tui.
2751 3043 3011 3099 Delectari
3043 3053 3219 3100 autem
3250 3047 3305 3101 in

1774 3132 1998 3187 Domino
2048 3134 2264 3197 valebit,
2315 3132 2560 3203 quisquis
2618 3133 2807 3186 animae
2861 3133 3108 3186 sensibus
3156 3134 3307 3200 puris

102 3219 324 3287 Καρίαν
352 3226 446 3277 καὶ
481 3223 700 3293 τρίτον,
720 3220 880 3271 δώσει
908 3235 988 3270 σοι
1017 3216 1086 3268 τὰ
1117 3217 1388 3285 αἰτήματα
1419 3215 1514 3283 τῆς
1539 3231 1670 3284 καρ-

1775 3222 2115 3290 purgatisque
2147 3220 2327 3285 fuerit,-
2353 3221 2426 3273 ita
2451 3230 2508 3273 ut
2537 3235 2728 3288 panem
2768 3219 2948 3273 vivum
2978 3233 3040 3273 ac
3067 3219 3308 3273 viviﬁcas

86 3307 207 3370 δίας
233 3326 353 3369 που.
381 3312 771 3383 Κατατρυφᾷν
792 3310 850 3361 δὲ
875 3307 969 3359 τοῦ
993 3307 1193 3375 Κυρίου
1222 3305 1501 3375 δυνήσεται
1522 3304 1550 3353 ὁ
1573 3303 1671 3372 τῆς

77 3397 277 3469 φυχῆς
321 3406 386 3458 τὰ
442 3402 793 3473 αἰσθητήρια
857 3394 1336 3465 κεκαθαρισμένος,
1385 3393 1458 3455 ὠς
1518 3391 1672 3443 δύνα-

64 3487 183 3542 σθαι
201 3492 431 3548 ἐΞσΘίειν
462 3495 561 3547 τὸν
586 3490 769 3555 ζῶντα
790 3488 949 3558 ἄρτον
973 3486 1064 3538 καὶ
1088 3484 1185 3546 τὰς
1210 3483 1492 3547 ζωοποιοῦς
1511 3480 1669 3532 αὑτοῦ

78 3581 332 3649 ϐάριες,
353 3587 536 3639 πίνειν
578 3597 643 3634 τε
687 3579 749 3631 τὸ
792 3578 1051 3646 σωτήριον
1077 3572 1240 3627 αὐτοῦ
1273 3567 1427 3641 αἷμα.
1454 3571 1671 3632 Τούτοις

103 3672 420 3741 nimiusve;
462 3674 568 3727 καὶ
614 3667 978 3736 πιαινόμενος,
1003 3666 1099 3734 τῆς
1135 3663 1313 3716 ἐνθέου
1352 3660 1516 3730 μέθης
1541 3661 1671 3713 ἁπο-

113 3753 301 3807 λαύων·
314 3760 802 3827 Κατατρύξσησον
816 3753 918 3806 τοῦ
930 3753 1168 3819 Kvplov,
1197 3749 1291 3801 καὶ
1304 3747 1476 3800 δώσει
1491 3764 1585 3799 σοι
1601 3749 1671 3803 τὰ

106 3844 371 3911 αἰτήματα
399 3852 525 3919 τῆς
553 3845 810 3914 καρδίας
841 3859 973 3896 σου.
1007 3842 1146 3910 Ἴὶδη
1175 3840 1271 3908 μὲν
1298 3838 1404 3908 γὰρ
1428 3837 1671 3889 ἐντεῦθεν

103 3945 526 4014 κατατρυφήσει,
565 3936 835 4003 ἐθελήσας
882 3949 939 3983 σε
986 3930 1145 3983 αὑτὸν
1197 3927 1463 3981 ἐπιδοῦναι
1505 3926 1666 3995 αὐτῷ.

98 4018 246 4072 At?“
288 4011 345 4083 δὲν
389 4011 576 4083 αὑτὸν
616 4025 715 4077 καὶ
741 4022 811 4074 τὰ
843 4020 1120 4091 μέλλοντα,
1154 4011 1228 4071 ὧν
1254 4018 1550 4089 προσδοκᾷς
1574 4016 1670 4083 τὴν

1770 3327 1962 3366 carnes
1991 3312 2108 3380 ejus
2139 3311 2297 3365 edere
2324 3309 2515 3378 possit,
2545 3325 2608 3363 ac
2650 3310 2939 3363 salutarem
2979 3308 3095 3376 ejus
3124 3309 3309 3363 bibere

1772 3398 2102 3467 sanguinem.
2134 3397 2229 3452 llis
2271 3398 2540 3451 enutritus
2587 3403 2640 3450 et
2691 3395 3075 3464 impinguatus,
3126 3396 3306 3450 divina

1770 3488 1953 3540 fruens
1980 3487 2236 3539 ebrietate
2270 3505 2282 3539 :
2314 3486 2580 3538 Delectare
2606 3486 2661 3537 in
2692 3483 2934 3547 Domino,
2964 3494 3013 3537 et
3038 3483 3184 3537 dabit
3213 3483 3308 3537 tibi

1770 3576 2035 3644 petitiones
2060 3572 2232 3627 cordis
2267 3574 2362 3629 tui.
2393 3571 2510 3626 Jam
2536 3572 2678 3627 enim
2720 3572 2809 3626 ille
2843 3586 3055 3641 quoque
3079 3572 3308 3626 delecta-

1771 3666 1933 3728 bitur,
1958 3663 2101 3733 quod
2125 3664 2399 3733 percupiat
2430 3671 2489 3716 ut
2515 3662 2615 3731 ipsi
2639 3669 2695 3716 te
2717 3661 2901 3716 dedas.
2930 3662 3147 3716 Postula
3179 3663 3307 3715 item

1772 3754 1840 3808 ab
1883 3768 1947 3808 eo
2000 3760 2057 3806 ut
2102 3767 2165 3807 ea
2208 3768 2327 3822 qua:
2355 3752 2534 3806 futura
2567 3758 2850 3820 exspectas
2878 3751 3017 3804 dona
3052 3752 3303 3820 :ccipias.

1770 3841 1901 3895 Nam
1938 3843 2029 3911 qui
2058 3844 2339 3912 praasentia
2371 3841 2568 3895 allatim
2592 3841 2848 3910 clargitus
2879 3848 2981 3903 est,
3010 3854 3072 3893 ea
3096 3840 3310 3895 obtine-

1770 3931 1847 3985 bit
1886 3947 2004 4000 qua:
2047 3949 2136 3985 nec
2183 3932 2361 3985 oculus
2389 3931 2537 3994 vidit,
2570 3946 2658 3983 nec
2707 3931 2852 3983 auris
2884 3928 3101 3992 audivit,
3135 3945 3225 3982 nec
3252 3930 3311 3983 in

1773 4037 1861 4075 cor
1887 4021 2176 4075 hominibus
2207 4022 2518 4075 ascendit”.

94 4108 271 4179 λῆψιν,
308 4125 365 4178 ου
418 4120 541 4191 γὰρ
582 4118 657 4170 τὰ
682 4115 924 4185 παρόντα
955 4112 1195 4172 δεδωκὼς
1227 4110 1466 4178 ἀφθόνως
1525 4109 1818 4179 δωρήσεται
1885 4115 1977 4166 καὶ
2015 4113 2049 4167 ἂ
2091 4113 2387 4182 ὀφθαλμός
2422 4114 2529 4163 οὐκ
2591 4107 2764 4175 εἷδεν,
2792 4109 2929 4163 οὐδὲ
2961 4104 3067 4172 οὖς
3127 4108 3308 4175 ἦκουι

92 4217 223 4267 σεν,
254 4212 494 4267 οὐδ’ὲπι
522 4205 789 4273 καρδίαν
812 4201 1121 4268 ἀνθρώπου
1154 4201 1347 4267 ἀνέϐη.

174 4292 313 4353 ’Λντὶ
329 4304 389 4356 δὲ
421 4297 549 4361 τοῦ,
592 4291 941 4359 Ὺποτιὶγηθι
970 4290 1048 4354 τῷ
1089 4292 1296 4355 Κιτίῳ.
1327 4291 1423 4342 καὶ
1454 4287 1670 4340 ίκέι-ευ-³

94 4398 210 4437 σον
240 4393 451 4455 αὑτὸν,
500 4390 533 4440 ὁ
580 4383 818 4443 Ἀκύλας
850 4379 1010 4450 φησί·
1045 4378 1305 4445 Σίγησον
1342 4379 1419 4440 τῷ
1463 4379 1669 4442 Κιρίῳ,

1844 4288 1946 4341 Pro
1975 4304 2038 4341 eo
2069 4298 2266 4352 autem,
2296 4288 2545 4343 Subditus
2575 4296 2682 4342 esto
2711 4287 2954 4349 Domino,
2977 4300 3022 4339 et
3055 4303 3148 4340 ora
3168 4305 3304 4352 eum,

1777 4378 1966 4445 Aquila
1990 4379 2083 4441 ait,
2109 4377 2216 4431 Sile
2252 4378 2494 4440 Domino,
2528 4388 2574 4431 et
2606 4385 2842 4444 exspecta
2878 4391 3029 4440 eum;
3061 4375 3307 4448 Symma-

98 4473 196 4524 καί
231 4474 683 4545 ἀποκαραδόκει
715 4469 929 4522 αὐτόν·
984 4468 1011 4518 ὁ
1045 4464 1100 4517 δὲ
1141 4465 1423 4533 Σύμμαχος
1444 4482 1461 4495 θ
1508 4464 1673 4516 Ἠσύ-⁸

1775 4469 1908 4520 chus
1939 4483 2081 4532 vero,
2116 4467 2328 4532 Quiesce
2350 4465 2592 4527 Domino,
2623 4475 2669 4517 et
2699 4464 2927 4531 supplico
2951 4467 3069 4532 ipsi.
3126 4465 3312 4519 Enim-

102 4561 248 4628 καξε
275 4569 349 4632 τῷ
378 4567 599 4633 Κυρίῳ,
631 4560 733 4614 καὶ
769 4558 991 4611 ἱκέτευε
1016 4554 1192 4620 αὐτῷ.
1233 4554 1311 4606 Τὰ
1342 4555 1448 4624 γὰρ
1484 4554 1675 4623 προλε-

106 4651 313 4719 χθέντα
335 4660 667 4727 πραττοντα,
691 4651 786 4704 καὶ
806 4650 897 4702 ἐπὶ
919 4652 1027 4709 τοῖς
1048 4644 1350 4715 εἰρημένοις
1376 4643 1674 4709 ἐλπίζοντα,

111 4740 400 4808 ἡσυχάζειν
428 4748 705 4818 προσήκει
741 4740 878 4801 τέως
922 4741 978 4790 ἐν
1020 4736 1094 4805 τῷ
1143 4736 1383 4804 παρόντι,
1420 4736 1509 4786 καὶ
1546 4736 1678 4804 μετά

120 4829 325 4898 σιωπῆς
347 4836 653 4906 προσδοκᾷν
680 4829 753 4882 τὰ
791 4825 1189 4895 ἐπηγγελμένα.
1221 4823 1316 4889 Μὴ
1345 4823 1677 4889 παρσᾷὶλου

122 4910 190 4965 ἂν
226 4916 305 4980 τῷ
342 4920 834 4990 κατευοδουμένῳ
862 4920 931 4970 ἐν·
962 4912 1034 4982 τῇ
1084 4913 1197 4976 ὁδῷ
1231 4914 1431 4974 αὐτοῦ,
1464 4913 1531 4964 ἐν
1574 4916 1677 4967 ἀν-

1778 4569 1906 4608 vero
1935 4570 2029 4624 p‘ar
2054 4564 2136 4610 est
2166 4571 2285 4611 eum
2324 4556 2414 4624 qui
2464 4553 2714 4623 superius
2759 4562 3051 4607 memorata
3084 4554 3307 4624 peragit,

1778 4644 1907 4698 etin
1943 4646 2209 4714 praedictis
2240 4660 2386 4714 spem
2433 4643 2614 4705 habet,
2653 4642 2930 4710 quiescere
2970 4642 3096 4697 dum
3127 4643 3179 4695 in
3208 4643 3310 4695 hac

1778 4734 1887 4787 vita
1922 4743 2186 4798 versatur,
2211 4740 2264 4787 et
2289 4747 2409 4785 cum
2444 4731 2658 4785 silentio
2683 4730 2946 4797 promissa
2974 4738 3306 4798 exspectare.
3343 4752 3351 4798 ε

1783 4822 1910 4875 Noli
1942 4824 2178 4876 wmulari
2205 4824 2258 4874 in
2297 4839 2354 4875 eo
2390 4823 2477 4891 qui
2509 4828 2845 4887 prosperatur
2877 4819 2930 4870 in
2977 4820 3061 4870 ria
3106 4835 3223 4881 sua,
3254 4819 3310 4871 in

1781 4912 1981 4965 homine
2012 4912 2230 4971 faciente
2263 4911 2571 4979 injustitias.
2626 4907 2814 4960 Desine
2853 4906 2917 4958 ab
2958 4907 3037 4958 ira
3070 4917 3119 4959 et
3163 4905 3348 4961 dere-‘

1780 5001 1947 5069 linque
1985 5001 2244 5066 furorem,
2276 5000 2381 5051 noli
2423 4998 2661 5051 azmulori
2710 5005 2767 5047 ut
2821 4994 3143 5063 malignam.
3169 4996 3311 5062 Quo.

1780 5096 1918 5146 niam
1946 5094 2033 5162 qui
2064 5091 2419 5160 malignantur
2458 5086 2937 5140 exterminabuntur
2963 5095 3310 5140 :sustmentes

1780 5192 1951 5235 autem
1975 5180 2276 5241 Dominum,
2305 5178 2403 5245 ipsi
2437 5173 2811 5228 liazreditabunt
2844 5181 3054 5225 terram.
3089 5171 3311 5227 Sermo-

1780 5288 1899 5327 nem
1928 5270 2235 5326 necessario
2278 5266 2489 5335 repetit.
2529 5264 2687 5329 Quia,
2734 5262 2929 5333 inquit,
2962 5262 3106 5315 nosti
3135 5264 3315 5331 qualis

1780 5363 1876 5416 tibi
1908 5362 2193 5416 thesaurus
2221 5355 2528 5412 reconditus
2580 5355 2671 5418 sit,
2703 5354 2814 5408 noli
2858 5351 3095 5405 aemulari
3138 5352 3314 5405 homi-

1752 5468 1901 5507 onem
1949 5448 2215 5520 iniquitati
2240 5445 2506 5507 deditum,
2544 5445 2636 5513 qui
2681 5446 2737 5499 in
2764 5440 3013 5515 prmsenti
3056 5440 3164 5493 vita
3200 5455 3316 5495 rem

1783 5557 2036 5612 prospere
2073 5552 2230 5609 agere
2257 5542 2508 5606 putatur;
2545 5549 2615 5591 ne
2652 5536 2950 5597 stimulere,
2986 5545 3091 5585 neu
3120 5529 3320 5599 hujus-

125 5003 326 5074 Θρώο-ιφ
349 5015 617 5068 ποιοῦντι
666 5004 1058 5074 παρανομίας.
1106 5000 1336 5052 Παῦσαι
1360 4999 1472 5051 ἀπὸ
1506 5000 1680 5069 ὀργῆς

40 5150 43 5153 -
128 5094 225 5142 "az
246 5094 619 5163 ἐγκαταλείπει
642 5098 856 5167 θυμὸν,
878 5093 963 5162 μὴ
987 5088 1319 5158 παραζιξμίου
1339 5089 1487 5140 ὥστε
1503 5107 1680 5158 πονη-

124 5182 410 5250 ρεύεσθαι,
451 5200 573 5250 ὀτι
634 5196 690 5246 οι
756 5186 1220 5252 ποηαιρευόμενοι
1267 5180 1679 5247 ἐξολοθρευθιξο

133 5285 358 5350 cornu,
407 5292 456 5341 οι
498 5288 569 5341 δὲ
623 5280 1040 5349 ὑπομένοντες
1090 5272 1196 5325 τὸν
1237 5271 1463 5335 Κύριον,
1514 5273 1679 5324 αὐτοὶ

134 5364 641 5446 κληρονομήσουσι
691 5370 835 5440 γῆν.
886 5359 1349 5429 Ἐπαναλαμὸἀνει
1394 5358 1479 5409 τὸν
1523 5359 1678 5427 λόγον

136 5446 442 5529 ἀναγκαίως.
473 5465 633 5521 Ἐπεὶ
655 5461 769 5528 γὰρ
795 5456 994 5522 ἔγνως,
1024 5450 1201 5519 φησιν,
1227 5446 1394 5508 ὁποῖός
1420 5462 1498 5498 σοι
1526 5448 1680 5501 πλοῦ-

129 5546 206 5594 τος
228 5552 603 5627 temptem“,
641 5551 720 5620 μὴ
774 5540 1094 5612 παραζηλου
1134 5539 1188 5588 ὲν
1228 5534 1302 5603 τῷ
1344 5536 1677 5608 νομιζομένῳ

172 5705 208 5734 ⁸.
241 5715 395 5794 liSal.
439 5746 558 5787 χχιι
585 5768 601 5793 ,
644 5727 694 5780 l.
783 5720 831 5749 δ’
878 5715 895 5764 Ι
932 5714 1057 5766 Cor.
1098 5727 1165 5777 tt,
1194 5708 1244 5765 9.
