  <div class='ocr_page' id='page_1' title='image "/cluster/home/n/w/nwhite01/storage/ocr_20150623/23 (Eusebius, pt. 5)/nyp.33433081862363/174.png"; bbox 0 0 3782 6318; ppageno 0'>
   <div class='ocr_carea' id='block_1_1' title="bbox 181 339 2224 410">
    <p class='ocr_par' dir='ltr' id='par_1_1' title="bbox 181 339 2224 410">
     <span class='ocr_line' id='line_1_1' title="bbox 181 339 2224 410; baseline 0.005 -14"><span class='ocrx_word' id='word_1_1' title='bbox 181 339 270 397; x_wconf 66' lang='lat'><strong>3‘13</strong></span> <span class='ocrx_word' id='word_1_2' title='bbox 1268 351 1751 410; x_wconf 80' lang='lat' dir='ltr'><strong>COMMENTARIA</strong></span> <span class='ocrx_word' id='word_1_3' title='bbox 1794 352 1856 406; x_wconf 81' lang='lat' dir='ltr'><strong>IN</strong></span> <span class='ocrx_word' id='word_1_4' title='bbox 1894 351 2224 408; x_wconf 79' lang='lat' dir='ltr'><strong>PSALMOS.</strong></span> 
     </span>
    </p>
   </div>
   <div class='ocr_carea' id='block_1_2' title="bbox 3205 349 3307 407">
    <p class='ocr_par' dir='ltr' id='par_1_2' title="bbox 3205 349 3307 407">
     <span class='ocr_line' id='line_1_2' title="bbox 3205 349 3307 407; baseline 0.02 -2"><span class='ocrx_word' id='word_1_5' title='bbox 3205 349 3307 407; x_wconf 70' lang='lat'><strong>330</strong></span> 
     </span>
    </p>
   </div>
   <div class='ocr_carea' id='block_1_3' title="bbox 185 455 1686 539">
    <p class='ocr_par' dir='ltr' id='par_1_3' title="bbox 185 455 1686 539">
     <span class='ocr_line' id='line_1_3' title="bbox 185 455 1686 539; baseline 0.007 -30"><span class='ocrx_word' id='word_1_6' title='bbox 185 456 314 526; x_wconf 71' lang='grc' dir='ltr'>κείαν</span> <span class='ocrx_word' id='word_1_7' title='bbox 337 455 417 510; x_wconf 78' lang='grc' dir='ltr'>καὶ</span> <span class='ocrx_word' id='word_1_8' title='bbox 458 455 639 511; x_wconf 85' lang='grc' dir='ltr'>πενίαν</span> <span class='ocrx_word' id='word_1_9' title='bbox 680 460 1023 532; x_wconf 65' lang='grc' dir='ltr'>ἀνειληφᾴτι,</span> <span class='ocrx_word' id='word_1_10' title='bbox 1057 465 1146 518; x_wconf 79' lang='grc' dir='ltr'>καὶ</span> <span class='ocrx_word' id='word_1_11' title='bbox 1177 467 1272 536; x_wconf 76' lang='grc' dir='ltr'>τὴν</span> <span class='ocrx_word' id='word_1_12' title='bbox 1307 469 1475 539; x_wconf 81' lang='grc' dir='ltr'>ἄκραν</span> <span class='ocrx_word' id='word_1_13' title='bbox 1504 485 1686 538; x_wconf 88' lang='grc' dir='ltr'>κατορ-</span> 
     </span>
    </p>
   </div>
   <div class='ocr_carea' id='block_1_4' title="bbox 1787 455 3306 539">
    <p class='ocr_par' dir='ltr' id='par_1_4' title="bbox 1796 465 3306 537">
     <span class='ocr_line' id='line_1_4' title="bbox 1796 465 3306 537; baseline -0.001 -17"><span class='ocrx_word' id='word_1_14' title='bbox 1796 469 2096 536; x_wconf 89' lang='lat' dir='ltr'><strong>periemque</strong></span> <span class='ocrx_word' id='word_1_15' title='bbox 2125 467 2398 535; x_wconf 76' lang='lat' dir='ltr'><strong>amplexus</strong></span> <span class='ocrx_word' id='word_1_16' title='bbox 2443 482 2502 520; x_wconf 88' lang='lat' dir='ltr'><strong>ac</strong></span> <span class='ocrx_word' id='word_1_17' title='bbox 2538 483 2757 524; x_wconf 65' lang='lat' dir='ltr'><strong>summa:</strong></span> <span class='ocrx_word' id='word_1_18' title='bbox 2778 465 3122 537; x_wconf 58' lang='lat' dir='ltr'><strong>philosophia</strong></span> <span class='ocrx_word' id='word_1_19' title='bbox 3161 466 3306 519; x_wconf 85' lang='lat' dir='ltr'><strong>dedi-</strong></span> 
     </span>
    </p>
   </div>
   <div class='ocr_carea' id='block_1_5' title="bbox 187 545 1693 628">
    <p class='ocr_par' dir='ltr' id='par_1_5' title="bbox 187 545 1693 628">
     <span class='ocr_line' id='line_1_5' title="bbox 187 545 1693 628; baseline 0.009 -33"><span class='ocrx_word' id='word_1_20' title='bbox 187 545 337 596; x_wconf 78' lang='grc' dir='ltr'>θοῦντι</span> <span class='ocrx_word' id='word_1_21' title='bbox 365 545 679 614; x_wconf 79' lang='grc' dir='ltr'>φιλοσοφίαν,</span> <span class='ocrx_word' id='word_1_22' title='bbox 723 551 788 602; x_wconf 83' lang='grc' dir='ltr'>τὸ</span> <span class='ocrx_word' id='word_1_23' title='bbox 816 552 1112 620; x_wconf 81' lang='grc' dir='ltr'>τηνικαῦτα</span> <span class='ocrx_word' id='word_1_24' title='bbox 1150 555 1364 625; x_wconf 69' lang='grc' dir='ltr'>στρέφει</span> <span class='ocrx_word' id='word_1_25' title='bbox 1390 558 1483 628; x_wconf 75' lang='grc' dir='ltr'>τὴν</span> <span class='ocrx_word' id='word_1_26' title='bbox 1523 557 1693 609; x_wconf 78' lang='grc' dir='ltr'>αὐτῶν</span> 
     </span>
    </p>
   </div>
   <div class='ocr_carea' id='block_1_6' title="bbox 185 630 1693 710">
    <p class='ocr_par' dir='ltr' id='par_1_6' title="bbox 185 630 1693 710">
     <span class='ocr_line' id='line_1_6' title="bbox 185 630 1693 710; baseline 0.005 -24"><span class='ocrx_word' id='word_1_27' title='bbox 185 636 412 704; x_wconf 66' lang='grc' dir='ltr'>ῥομφαίαν</span> <span class='ocrx_word' id='word_1_28' title='bbox 441 636 573 688; x_wconf 77' lang='grc' dir='ltr'>κατὰ</span> <span class='ocrx_word' id='word_1_29' title='bbox 603 638 703 707; x_wconf 81' lang='grc' dir='ltr'>τῆς</span> <span class='ocrx_word' id='word_1_30' title='bbox 747 641 935 692; x_wconf 80' lang='grc' dir='ltr'>αὐτῶν</span> <span class='ocrx_word' id='word_1_31' title='bbox 966 642 1185 710; x_wconf 80' lang='grc' dir='ltr'><strong>καρδίας</strong></span> <span class='ocrx_word' id='word_1_32' title='bbox 1221 646 1248 694; x_wconf 99' lang='lat'><strong>6</strong></span> <span class='ocrx_word' id='word_1_33' title='bbox 1277 630 1444 696; x_wconf 70' lang='grc' dir='ltr'>πάλαι</span> <span class='ocrx_word' id='word_1_34' title='bbox 1475 660 1693 710; x_wconf 85' lang='grc' dir='ltr'>καταγε-</span> 
     </span>
    </p>
   </div>
   <div class='ocr_carea' id='block_1_7' title="bbox 182 724 1692 796">
    <p class='ocr_par' dir='ltr' id='par_1_7' title="bbox 182 724 1692 796">
     <span class='ocr_line' id='line_1_7' title="bbox 182 724 1692 796; baseline 0.006 -23"><span class='ocrx_word' id='word_1_35' title='bbox 182 724 270 774; x_wconf 82' lang='grc' dir='ltr'>λῶν</span> <span class='ocrx_word' id='word_1_36' title='bbox 290 725 444 775; x_wconf 83' lang='grc' dir='ltr'>αὐτῶν</span> <span class='ocrx_word' id='word_1_37' title='bbox 476 726 694 794; x_wconf 81' lang='grc' dir='ltr'>Κύριος,</span> <span class='ocrx_word' id='word_1_38' title='bbox 721 729 821 780; x_wconf 74' lang='grc' dir='ltr'>καὶ</span> <span class='ocrx_word' id='word_1_39' title='bbox 844 730 914 782; x_wconf 74' lang='grc' dir='ltr'><strong>τὰ</strong></span> <span class='ocrx_word' id='word_1_40' title='bbox 942 733 1074 784; x_wconf 82' lang='grc' dir='ltr'>κατὰ</span> <span class='ocrx_word' id='word_1_41' title='bbox 1101 733 1192 784; x_wconf 77' lang='grc' dir='ltr'>τοῦ</span> <span class='ocrx_word' id='word_1_42' title='bbox 1213 734 1412 785; x_wconf 81' lang='grc' dir='ltr'>δικαίου</span> <span class='ocrx_word' id='word_1_43' title='bbox 1439 734 1562 796; x_wconf 79' lang='grc' dir='ltr'>τόξα</span> <span class='ocrx_word' id='word_1_44' title='bbox 1589 733 1692 784; x_wconf 81' lang='grc' dir='ltr'>τῶν</span> 
     </span>
    </p>
   </div>
   <div class='ocr_carea' id='block_1_8' title="bbox 178 813 1692 891">
    <p class='ocr_par' dir='ltr' id='par_1_8' title="bbox 178 813 1692 891">
     <span class='ocr_line' id='line_1_8' title="bbox 178 813 1692 891; baseline 0.005 -24"><span class='ocrx_word' id='word_1_45' title='bbox 178 813 357 867; x_wconf 79' lang='grc' dir='ltr'>ἀσεϐῶν</span> <span class='ocrx_word' id='word_1_46' title='bbox 395 815 680 886; x_wconf 85' lang='grc' dir='ltr'>συντρίϐει.</span> <span class='ocrx_word' id='word_1_47' title='bbox 723 819 1127 872; x_wconf 86' lang='grc' dir='ltr'>Μετελεύσεται</span> <span class='ocrx_word' id='word_1_48' title='bbox 1174 823 1278 891; x_wconf 79' lang='grc' dir='ltr'><strong>γὰρ</strong></span> <span class='ocrx_word' id='word_1_49' title='bbox 1321 823 1541 885; x_wconf 84' lang='grc' dir='ltr'>αύτούς·</span> <span class='ocrx_word' id='word_1_50' title='bbox 1576 823 1692 877; x_wconf 73' lang='grc' dir='ltr'>οὐδὲ</span> 
     </span>
    </p>
   </div>
   <div class='ocr_carea' id='block_1_9' title="bbox 175 901 1692 983">
    <p class='ocr_par' dir='ltr' id='par_1_9' title="bbox 175 901 1692 983">
     <span class='ocr_line' id='line_1_9' title="bbox 175 901 1692 983; baseline 0.007 -29"><span class='ocrx_word' id='word_1_51' title='bbox 175 904 238 954; x_wconf 75' lang='grc' dir='ltr'>ἔτι</span> <span class='ocrx_word' id='word_1_52' title='bbox 261 904 415 970; x_wconf 84' lang='grc' dir='ltr'>γελῶν</span> <span class='ocrx_word' id='word_1_53' title='bbox 436 907 512 972; x_wconf 59' lang='grc' dir='ltr'>ἐφ’</span> <span class='ocrx_word' id='word_1_54' title='bbox 540 901 622 966; x_wconf 74' lang='grc' dir='ltr'>οἷς</span> <span class='ocrx_word' id='word_1_55' title='bbox 647 907 1030 972; x_wconf 75' lang='grc' dir='ltr'>διανοοῦνται,</span> <span class='ocrx_word' id='word_1_56' title='bbox 1059 911 1190 964; x_wconf 78' lang='grc' dir='ltr'>ἀλλὰ</span> <span class='ocrx_word' id='word_1_57' title='bbox 1211 917 1274 982; x_wconf 81' lang='grc' dir='ltr'><strong>τῇ</strong></span> <span class='ocrx_word' id='word_1_58' title='bbox 1297 914 1414 983; x_wconf 84' lang='grc' dir='ltr'>δίκῃ</span> <span class='ocrx_word' id='word_1_59' title='bbox 1441 917 1502 982; x_wconf 83' lang='grc' dir='ltr'><strong>τῇ</strong></span> <span class='ocrx_word' id='word_1_60' title='bbox 1532 929 1692 982; x_wconf 85' lang='grc' dir='ltr'>προσ-</span> 
     </span>
    </p>
   </div>
   <div class='ocr_carea' id='block_1_10' title="bbox 169 991 1690 1070">
    <p class='ocr_par' dir='ltr' id='par_1_10' title="bbox 169 991 1690 1070">
     <span class='ocr_line' id='line_1_10' title="bbox 169 991 1690 1070; baseline 0.005 -27"><span class='ocrx_word' id='word_1_61' title='bbox 169 991 347 1062; x_wconf 66' lang='grc' dir='ltr'><strong>ηκούσῖΙ</strong></span> <span class='ocrx_word' id='word_1_62' title='bbox 370 995 478 1045; x_wconf 79' lang='grc' dir='ltr'>κατ’</span> <span class='ocrx_word' id='word_1_63' title='bbox 497 994 675 1047; x_wconf 76' lang='grc' dir='ltr'>αὐτῶν</span> <span class='ocrx_word' id='word_1_64' title='bbox 706 997 1015 1066; x_wconf 83' lang='grc' dir='ltr'>χρώμενος.</span> <span class='ocrx_word' id='word_1_65' title='bbox 1047 999 1223 1051; x_wconf 80' lang='grc' dir='ltr'>Ταῦτα</span> <span class='ocrx_word' id='word_1_66' title='bbox 1251 1001 1324 1060; x_wconf 77' lang='grc' dir='ltr'>δὲ,</span> <span class='ocrx_word' id='word_1_67' title='bbox 1352 1001 1430 1052; x_wconf 81' lang='grc' dir='ltr'>ὅτι</span> <span class='ocrx_word' id='word_1_68' title='bbox 1455 1002 1524 1070; x_wconf 81' lang='grc' dir='ltr'>μὴ</span> <span class='ocrx_word' id='word_1_69' title='bbox 1551 1001 1690 1066; x_wconf 79' lang='grc' dir='ltr'>λόγοι</span> 
     </span>
    </p>
   </div>
   <div class='ocr_carea' id='block_1_11' title="bbox 174 1083 1693 1158">
    <p class='ocr_par' dir='ltr' id='par_1_11' title="bbox 174 1083 1693 1158">
     <span class='ocr_line' id='line_1_11' title="bbox 174 1083 1693 1158; baseline 0.005 -26"><span class='ocrx_word' id='word_1_70' title='bbox 174 1083 496 1150; x_wconf 75' lang='grc' dir='ltr'><strong>τυγχάνουσιν,</strong></span> <span class='ocrx_word' id='word_1_71' title='bbox 525 1083 639 1133; x_wconf 82' lang='grc' dir='ltr'>ἀλλ’</span> <span class='ocrx_word' id='word_1_72' title='bbox 671 1083 818 1153; x_wconf 75' lang='grc' dir='ltr'>ἔργα</span> <span class='ocrx_word' id='word_1_73' title='bbox 859 1085 1027 1156; x_wconf 82' lang='grc' dir='ltr'>ἀληθῆ</span> <span class='ocrx_word' id='word_1_74' title='bbox 1060 1089 1461 1158; x_wconf 83' lang='grc' dir='ltr'>μαρτυρούμενα</span> <span class='ocrx_word' id='word_1_75' title='bbox 1488 1091 1572 1140; x_wconf 80' lang='grc' dir='ltr'><strong>ὑπ’</strong></span> <span class='ocrx_word' id='word_1_76' title='bbox 1607 1090 1693 1140; x_wconf 86' lang='grc' dir='ltr'>αύ-</span> 
     </span>
    </p>
   </div>
   <div class='ocr_carea' id='block_1_12' title="bbox 168 1168 1690 1241">
    <p class='ocr_par' dir='ltr' id='par_1_12' title="bbox 168 1168 1690 1241">
     <span class='ocr_line' id='line_1_12' title="bbox 168 1168 1690 1241; baseline 0.004 -21"><span class='ocrx_word' id='word_1_77' title='bbox 168 1168 257 1238; x_wconf 83' lang='grc' dir='ltr'>τῆς</span> <span class='ocrx_word' id='word_1_78' title='bbox 283 1170 547 1240; x_wconf 76' lang='grc' dir='ltr'><strong>ἐνεργείας,</strong></span> <span class='ocrx_word' id='word_1_79' title='bbox 575 1171 672 1223; x_wconf 80' lang='grc' dir='ltr'>καὶ</span> <span class='ocrx_word' id='word_1_80' title='bbox 707 1174 853 1241; x_wconf 80' lang='grc' dir='ltr'>ἡμῖν</span> <span class='ocrx_word' id='word_1_81' title='bbox 905 1175 1082 1236; x_wconf 76' lang='grc' dir='ltr'>αὐτοῖς</span> <span class='ocrx_word' id='word_1_82' title='bbox 1121 1178 1230 1237; x_wconf 84' lang='grc' dir='ltr'>τοῖς</span> <span class='ocrx_word' id='word_1_83' title='bbox 1263 1175 1429 1228; x_wconf 82' lang='grc' dir='ltr'>ταῦτα</span> <span class='ocrx_word' id='word_1_84' title='bbox 1472 1176 1585 1227; x_wconf 72' lang='grc' dir='ltr'>νυνὶ</span> <span class='ocrx_word' id='word_1_85' title='bbox 1618 1176 1690 1226; x_wconf 88' lang='grc' dir='ltr'>δι-</span> 
     </span>
    </p>
   </div>
   <div class='ocr_carea' id='block_1_13' title="bbox 168 1261 1691 1335">
    <p class='ocr_par' dir='ltr' id='par_1_13' title="bbox 168 1261 1691 1335">
     <span class='ocr_line' id='line_1_13' title="bbox 168 1261 1691 1335; baseline 0.003 -22"><span class='ocrx_word' id='word_1_86' title='bbox 168 1261 364 1324; x_wconf 79' lang='grc' dir='ltr'>εξιοῦσιν</span> <span class='ocrx_word' id='word_1_87' title='bbox 389 1265 416 1331; x_wconf 66' lang='grc' dir='ltr'>ἡ</span> <span class='ocrx_word' id='word_1_88' title='bbox 443 1267 600 1332; x_wconf 80' lang='grc' dir='ltr'>πεῖρα</span> <span class='ocrx_word' id='word_1_89' title='bbox 626 1264 742 1316; x_wconf 85' lang='grc' dir='ltr'>τῶν</span> <span class='ocrx_word' id='word_1_90' title='bbox 774 1265 960 1332; x_wconf 79' lang='grc' dir='ltr'>ἔργων</span> <span class='ocrx_word' id='word_1_91' title='bbox 989 1266 1334 1318; x_wconf 80' lang='grc' dir='ltr'>ἐπιστώσατο.</span> <span class='ocrx_word' id='word_1_92' title='bbox 1378 1267 1691 1335; x_wconf 73' lang='grc' dir='ltr'>Ὀφθαλμοῖς</span> 
     </span>
    </p>
   </div>
   <div class='ocr_carea' id='block_1_14' title="bbox 169 1349 1688 1423">
    <p class='ocr_par' dir='ltr' id='par_1_14' title="bbox 169 1349 1688 1423">
     <span class='ocr_line' id='line_1_14' title="bbox 169 1349 1688 1423; baseline 0.003 -21"><span class='ocrx_word' id='word_1_93' title='bbox 169 1349 273 1416; x_wconf 78' lang='grc' dir='ltr'>γοῦν</span> <span class='ocrx_word' id='word_1_94' title='bbox 313 1350 739 1418; x_wconf 73' lang='grc' dir='ltr'>παρειλήφαμεν,</span> <span class='ocrx_word' id='word_1_95' title='bbox 781 1351 868 1416; x_wconf 79' lang='grc' dir='ltr'>ὡς</span> <span class='ocrx_word' id='word_1_96' title='bbox 904 1355 952 1406; x_wconf 78' lang='lat' dir='ltr'><strong>oi</strong></span> <span class='ocrx_word' id='word_1_97' title='bbox 987 1355 1292 1423; x_wconf 55' lang='grc' dir='ltr'><strong>ἁμαρτωλοὶ⁸</strong></span> <span class='ocrx_word' id='word_1_98' title='bbox 1324 1357 1381 1406; x_wconf 84' lang='grc' dir='ltr'><strong>ἐν</strong></span> <span class='ocrx_word' id='word_1_99' title='bbox 1421 1358 1529 1416; x_wconf 84' lang='grc' dir='ltr'>τοῖς</span> <span class='ocrx_word' id='word_1_100' title='bbox 1573 1355 1688 1406; x_wconf 85' lang='grc' dir='ltr'>καθ’</span> 
     </span>
    </p>
   </div>
   <div class='ocr_carea' id='block_1_15' title="bbox 169 1436 1691 1507">
    <p class='ocr_par' dir='ltr' id='par_1_15' title="bbox 169 1436 1691 1507">
     <span class='ocr_line' id='line_1_15' title="bbox 169 1436 1691 1507; baseline -0.007 -5"><span class='ocrx_word' id='word_1_101' title='bbox 169 1439 294 1506; x_wconf 66' lang='grc' dir='ltr'>ἡμῶν</span> <span class='ocrx_word' id='word_1_102' title='bbox 324 1436 567 1506; x_wconf 79' lang='grc' dir='ltr'><strong>διωγμοῖς</strong></span> <span class='ocrx_word' id='word_1_103' title='bbox 616 1440 907 1507; x_wconf 72' lang='grc' dir='ltr'><strong>ῥομφαίαν</strong></span> <span class='ocrx_word' id='word_1_104' title='bbox 954 1442 1250 1493; x_wconf 79' lang='grc' dir='ltr'><strong>ἐσπάσαντο</strong></span> <span class='ocrx_word' id='word_1_105' title='bbox 1295 1443 1430 1494; x_wconf 85' lang='grc' dir='ltr'>κατὰ</span> <span class='ocrx_word' id='word_1_106' title='bbox 1471 1442 1577 1492; x_wconf 82' lang='grc' dir='ltr'><strong>τῶν</strong></span> <span class='ocrx_word' id='word_1_107' title='bbox 1614 1442 1691 1492; x_wconf 87' lang='grc' dir='ltr'>δι-</span> 
     </span>
    </p>
   </div>
   <div class='ocr_carea' id='block_1_16' title="bbox 172 1525 1690 1592">
    <p class='ocr_par' dir='ltr' id='par_1_16' title="bbox 172 1525 1690 1592">
     <span class='ocr_line' id='line_1_16' title="bbox 172 1525 1690 1592; baseline 0.003 -16"><span class='ocrx_word' id='word_1_108' title='bbox 172 1525 321 1584; x_wconf 79' lang='grc' dir='ltr'>καίων,</span> <span class='ocrx_word' id='word_1_109' title='bbox 352 1526 439 1576; x_wconf 76' lang='grc' dir='ltr'>καὶ</span> <span class='ocrx_word' id='word_1_110' title='bbox 475 1525 548 1586; x_wconf 83' lang='grc' dir='ltr'>ὡς</span> <span class='ocrx_word' id='word_1_111' title='bbox 593 1527 882 1581; x_wconf 80' lang='grc' dir='ltr'>ἐνέτειναν</span> <span class='ocrx_word' id='word_1_112' title='bbox 927 1529 994 1580; x_wconf 75' lang='grc' dir='ltr'><strong>τὰ</strong></span> <span class='ocrx_word' id='word_1_113' title='bbox 1027 1531 1149 1592; x_wconf 80' lang='grc' dir='ltr'>τόξα</span> <span class='ocrx_word' id='word_1_114' title='bbox 1193 1529 1364 1581; x_wconf 73' lang='grc' dir='ltr'>αὐτῶν</span> <span class='ocrx_word' id='word_1_115' title='bbox 1394 1529 1484 1582; x_wconf 83' lang='grc' dir='ltr'>τοῦ</span> <span class='ocrx_word' id='word_1_116' title='bbox 1527 1547 1690 1582; x_wconf 90' lang='grc' dir='ltr'>κατα-</span> 
     </span>
    </p>
   </div>
   <div class='ocr_carea' id='block_1_17' title="bbox 170 1614 1690 1686">
    <p class='ocr_par' dir='ltr' id='par_1_17' title="bbox 170 1614 1690 1686">
     <span class='ocr_line' id='line_1_17' title="bbox 170 1614 1690 1686; baseline 0.002 -21"><span class='ocrx_word' id='word_1_117' title='bbox 170 1615 311 1666; x_wconf 77' lang='grc' dir='ltr'>ϐαλεῖν</span> <span class='ocrx_word' id='word_1_118' title='bbox 338 1614 535 1684; x_wconf 71' lang='grc' dir='ltr'>πένητα</span> <span class='ocrx_word' id='word_1_119' title='bbox 569 1616 664 1666; x_wconf 82' lang='grc' dir='ltr'>καὶ</span> <span class='ocrx_word' id='word_1_120' title='bbox 700 1617 947 1685; x_wconf 81' lang='grc' dir='ltr'>πτωχὸν,</span> <span class='ocrx_word' id='word_1_121' title='bbox 982 1619 1073 1668; x_wconf 73' lang='grc' dir='ltr'>καὶ</span> <span class='ocrx_word' id='word_1_122' title='bbox 1109 1618 1200 1670; x_wconf 80' lang='grc' dir='ltr'>τοῦ</span> <span class='ocrx_word' id='word_1_123' title='bbox 1233 1617 1423 1686; x_wconf 80' lang='grc' dir='ltr'>σφάξαι</span> <span class='ocrx_word' id='word_1_124' title='bbox 1454 1619 1576 1680; x_wconf 73' lang='grc' dir='ltr'>τοὺς</span> <span class='ocrx_word' id='word_1_125' title='bbox 1605 1619 1690 1668; x_wconf 78' lang='grc' dir='ltr'>εύ-</span> 
     </span>
    </p>
   </div>
   <div class='ocr_carea' id='block_1_18' title="bbox 170 1703 1688 1776">
    <p class='ocr_par' dir='ltr' id='par_1_18' title="bbox 170 1703 1688 1776">
     <span class='ocr_line' id='line_1_18' title="bbox 170 1703 1688 1776; baseline 0.003 -21"><span class='ocrx_word' id='word_1_126' title='bbox 170 1703 254 1767; x_wconf 73' lang='lat' dir='ltr'><strong>05i;</strong></span> <span class='ocrx_word' id='word_1_127' title='bbox 274 1708 330 1774; x_wconf 80' lang='grc' dir='ltr'>τῇ</span> <span class='ocrx_word' id='word_1_128' title='bbox 363 1706 572 1774; x_wconf 76' lang='grc' dir='ltr'>καρδίᾳ,</span> <span class='ocrx_word' id='word_1_129' title='bbox 620 1705 720 1758; x_wconf 73' lang='grc' dir='ltr'>καὶ</span> <span class='ocrx_word' id='word_1_130' title='bbox 763 1706 849 1767; x_wconf 83' lang='grc' dir='ltr'>ὡς</span> <span class='ocrx_word' id='word_1_131' title='bbox 882 1706 1116 1776; x_wconf 78' lang='grc' dir='ltr'>ἔπραξαν</span> <span class='ocrx_word' id='word_1_132' title='bbox 1146 1707 1236 1758; x_wconf 75' lang='grc' dir='ltr'><strong>καὶ</strong></span> <span class='ocrx_word' id='word_1_133' title='bbox 1282 1707 1566 1760; x_wconf 82' lang='grc' dir='ltr'>κατέϐαλον</span> <span class='ocrx_word' id='word_1_134' title='bbox 1599 1709 1688 1760; x_wconf 77' lang='grc' dir='ltr'><strong>καὶ</strong></span> 
     </span>
    </p>
   </div>
   <div class='ocr_carea' id='block_1_19' title="bbox 1791 549 3307 624">
    <p class='ocr_par' dir='ltr' id='par_1_19' title="bbox 1791 549 3307 624">
     <span class='ocr_line' id='line_1_19' title="bbox 1791 549 3307 624; baseline 0.001 -17"><span class='ocrx_word' id='word_1_135' title='bbox 1791 566 1876 610; x_wconf 91' lang='lat' dir='ltr'><strong>tus</strong></span> <span class='ocrx_word' id='word_1_136' title='bbox 1901 567 2002 616; x_wconf 85' lang='lat' dir='ltr'><strong>est,</strong></span> <span class='ocrx_word' id='word_1_137' title='bbox 2039 556 2398 617; x_wconf 80' lang='lat' dir='ltr'><strong>inferendam;</strong></span> <span class='ocrx_word' id='word_1_138' title='bbox 2451 564 2560 621; x_wconf 89' lang='lat' dir='ltr'><strong>tum</strong></span> <span class='ocrx_word' id='word_1_139' title='bbox 2588 557 2857 618; x_wconf 88' lang='lat' dir='ltr'><strong>Dominus,</strong></span> <span class='ocrx_word' id='word_1_140' title='bbox 2893 557 2982 624; x_wconf 91' lang='lat' dir='ltr'><strong>qui</strong></span> <span class='ocrx_word' id='word_1_141' title='bbox 3012 549 3138 609; x_wconf 84' lang='lat' dir='ltr'><strong>olim</strong></span> <span class='ocrx_word' id='word_1_142' title='bbox 3164 555 3307 609; x_wconf 81' lang='lat' dir='ltr'><strong>deri-</strong></span> 
     </span>
    </p>
   </div>
   <div class='ocr_carea' id='block_1_20' title="bbox 1789 643 3306 714">
    <p class='ocr_par' dir='ltr' id='par_1_20' title="bbox 1789 643 3306 714">
     <span class='ocr_line' id='line_1_20' title="bbox 1789 643 3306 714; baseline 0.002 -19"><span class='ocrx_word' id='word_1_143' title='bbox 1789 643 1946 696; x_wconf 88' lang='lat' dir='ltr'><strong>debat</strong></span> <span class='ocrx_word' id='word_1_144' title='bbox 1977 661 2098 708; x_wconf 89' lang='lat' dir='ltr'><strong>eos,</strong></span> <span class='ocrx_word' id='word_1_145' title='bbox 2154 645 2385 714; x_wconf 79' lang='lat' dir='ltr'><strong>gladium</strong></span> <span class='ocrx_word' id='word_1_146' title='bbox 2434 647 2588 699; x_wconf 85' lang='lat' dir='ltr'><strong>vertit</strong></span> <span class='ocrx_word' id='word_1_147' title='bbox 2646 647 2696 698; x_wconf 92' lang='lat' dir='ltr'><strong>in</strong></span> <span class='ocrx_word' id='word_1_148' title='bbox 2743 645 2904 698; x_wconf 83' lang='lat' dir='ltr'><strong>corda</strong></span> <span class='ocrx_word' id='word_1_149' title='bbox 2939 647 3207 713; x_wconf 84' lang='lat' dir='ltr'><strong>ipsorum,</strong></span> <span class='ocrx_word' id='word_1_150' title='bbox 3254 652 3306 698; x_wconf 84' lang='lat' dir='ltr'><strong>et</strong></span> 
     </span>
    </p>
   </div>
   <div class='ocr_carea' id='block_1_21' title="bbox 1789 734 3304 802">
    <p class='ocr_par' dir='ltr' id='par_1_21' title="bbox 1789 734 3304 802">
     <span class='ocr_line' id='line_1_21' title="bbox 1789 734 3304 802; baseline 0.003 -21"><span class='ocrx_word' id='word_1_151' title='bbox 1789 745 1944 786; x_wconf 88' lang='lat' dir='ltr'><strong>arcus</strong></span> <span class='ocrx_word' id='word_1_152' title='bbox 1979 734 2258 802; x_wconf 89' lang='lat' dir='ltr'><strong>impiorum</strong></span> <span class='ocrx_word' id='word_1_153' title='bbox 2309 742 2490 788; x_wconf 87' lang='lat' dir='ltr'><strong>contra</strong></span> <span class='ocrx_word' id='word_1_154' title='bbox 2517 734 2721 802; x_wconf 90' lang='lat' dir='ltr'><strong>justum</strong></span> <span class='ocrx_word' id='word_1_155' title='bbox 2751 742 2964 802; x_wconf 88' lang='lat' dir='ltr'><strong>paratos</strong></span> <span class='ocrx_word' id='word_1_156' title='bbox 2996 734 3304 801; x_wconf 70' lang='lat' dir='ltr'><strong>confringit.</strong></span> 
     </span>
    </p>
   </div>
   <div class='ocr_carea' id='block_1_22' title="bbox 1789 819 3304 890">
    <p class='ocr_par' dir='ltr' id='par_1_22' title="bbox 1789 819 3304 890">
     <span class='ocr_line' id='line_1_22' title="bbox 1789 819 3304 890; baseline 0.002 -19"><span class='ocrx_word' id='word_1_157' title='bbox 1789 819 1901 872; x_wconf 84' lang='lat' dir='ltr'><strong>Non</strong></span> <span class='ocrx_word' id='word_1_158' title='bbox 1934 822 2042 889; x_wconf 85' lang='lat' dir='ltr'><strong>jam</strong></span> <span class='ocrx_word' id='word_1_159' title='bbox 2083 823 2434 890; x_wconf 74' lang='lat' dir='ltr'><strong>cogitationes</strong></span> <span class='ocrx_word' id='word_1_160' title='bbox 2463 836 2644 875; x_wconf 91' lang='lat' dir='ltr'><strong>eorum</strong></span> <span class='ocrx_word' id='word_1_161' title='bbox 2677 823 2926 874; x_wconf 87' lang='lat' dir='ltr'><strong>deridens</strong></span> <span class='ocrx_word' id='word_1_162' title='bbox 2959 821 3167 874; x_wconf 83' lang='lat' dir='ltr'><strong>invadet</strong></span> <span class='ocrx_word' id='word_1_163' title='bbox 3191 836 3304 882; x_wconf 85' lang='lat' dir='ltr'><strong>eos,</strong></span> 
     </span>
    </p>
   </div>
   <div class='ocr_carea' id='block_1_23' title="bbox 1790 910 3304 979">
    <p class='ocr_par' dir='ltr' id='par_1_23' title="bbox 1790 910 3304 979">
     <span class='ocr_line' id='line_1_23' title="bbox 1790 910 3304 979; baseline 0 -16"><span class='ocrx_word' id='word_1_164' title='bbox 1790 910 1880 963; x_wconf 85' lang='lat' dir='ltr'><strong>sed</strong></span> <span class='ocrx_word' id='word_1_165' title='bbox 1911 913 2198 979; x_wconf 88' lang='lat' dir='ltr'><strong>promerita</strong></span> <span class='ocrx_word' id='word_1_166' title='bbox 2232 912 2333 965; x_wconf 86' lang='lat' dir='ltr'><strong>illis</strong></span> <span class='ocrx_word' id='word_1_167' title='bbox 2365 912 2562 964; x_wconf 89' lang='lat' dir='ltr'><strong>ultione</strong></span> <span class='ocrx_word' id='word_1_168' title='bbox 2593 919 2789 965; x_wconf 90' lang='lat' dir='ltr'><strong>utetur.</strong></span> <span class='ocrx_word' id='word_1_169' title='bbox 2816 911 2964 976; x_wconf 82' lang='lat' dir='ltr'><strong>Quod</strong></span> <span class='ocrx_word' id='word_1_170' title='bbox 3000 919 3172 963; x_wconf 83' lang='lat' dir='ltr'><strong>autem</strong></span> <span class='ocrx_word' id='word_1_171' title='bbox 3195 911 3304 963; x_wconf 77' lang='lat' dir='ltr'><strong>lucc</strong></span> 
     </span>
    </p>
   </div>
   <div class='ocr_carea' id='block_1_24' title="bbox 1789 999 3306 1068">
    <p class='ocr_par' dir='ltr' id='par_1_24' title="bbox 1789 999 3306 1068">
     <span class='ocr_line' id='line_1_24' title="bbox 1789 999 3306 1068; baseline 0.001 -20"><span class='ocrx_word' id='word_1_172' title='bbox 1789 1013 1893 1049; x_wconf 87' lang='lat' dir='ltr'><strong>non</strong></span> <span class='ocrx_word' id='word_1_173' title='bbox 1938 1015 2080 1051; x_wconf 88' lang='lat' dir='ltr'><strong>mera</strong></span> <span class='ocrx_word' id='word_1_174' title='bbox 2112 1000 2270 1052; x_wconf 84' lang='lat' dir='ltr'><strong>verba</strong></span> <span class='ocrx_word' id='word_1_175' title='bbox 2305 1000 2432 1063; x_wconf 88' lang='lat' dir='ltr'><strong>sint,</strong></span> <span class='ocrx_word' id='word_1_176' title='bbox 2467 1000 2557 1052; x_wconf 90' lang='lat' dir='ltr'><strong>sed</strong></span> <span class='ocrx_word' id='word_1_177' title='bbox 2605 1015 2688 1052; x_wconf 82' lang='lat' dir='ltr'><strong>res</strong></span> <span class='ocrx_word' id='word_1_178' title='bbox 2717 1008 2876 1068; x_wconf 64' lang='lat' dir='ltr'><strong>gesta;</strong></span> <span class='ocrx_word' id='word_1_179' title='bbox 2905 1013 2965 1051; x_wconf 88' lang='lat' dir='ltr'><strong>ac</strong></span> <span class='ocrx_word' id='word_1_180' title='bbox 3004 999 3306 1067; x_wconf 86' lang='lat' dir='ltr'><strong>ipsoopere</strong></span> 
     </span>
    </p>
   </div>
   <div class='ocr_carea' id='block_1_25' title="bbox 1787 1087 3305 1156">
    <p class='ocr_par' dir='ltr' id='par_1_25' title="bbox 1787 1087 3305 1156">
     <span class='ocr_line' id='line_1_25' title="bbox 1787 1087 3305 1156; baseline 0 -18"><span class='ocrx_word' id='word_1_181' title='bbox 1787 1090 2176 1155; x_wconf 73' lang='lat' dir='ltr'><strong>comprobatae,</strong></span> <span class='ocrx_word' id='word_1_182' title='bbox 2223 1090 2375 1142; x_wconf 86' lang='lat' dir='ltr'><strong>nobis</strong></span> <span class='ocrx_word' id='word_1_183' title='bbox 2418 1090 2505 1156; x_wconf 87' lang='lat' dir='ltr'><strong>qui</strong></span> <span class='ocrx_word' id='word_1_184' title='bbox 2560 1089 2669 1141; x_wconf 64' lang='lat' dir='ltr'><strong>hare</strong></span> <span class='ocrx_word' id='word_1_185' title='bbox 2698 1102 3004 1140; x_wconf 86' lang='lat' dir='ltr'><strong>enarramus</strong></span> <span class='ocrx_word' id='word_1_186' title='bbox 3052 1087 3131 1140; x_wconf 74' lang='lat' dir='ltr'><strong>vel</strong></span> <span class='ocrx_word' id='word_1_187' title='bbox 3191 1087 3305 1153; x_wconf 84' lang='lat' dir='ltr'><strong>ipsa</strong></span> 
     </span>
    </p>
   </div>
   <div class='ocr_carea' id='block_1_26' title="bbox 1787 1174 3305 1243">
    <p class='ocr_par' dir='ltr' id='par_1_26' title="bbox 1787 1174 3305 1243">
     <span class='ocr_line' id='line_1_26' title="bbox 1787 1174 3305 1243; baseline -0.001 -17"><span class='ocrx_word' id='word_1_188' title='bbox 1787 1175 2111 1242; x_wconf 80' lang='lat' dir='ltr'><strong>experientia</strong></span> <span class='ocrx_word' id='word_1_189' title='bbox 2143 1178 2601 1229; x_wconf 86' lang='lat' dir='ltr'><strong>commonstravit.</strong></span> <span class='ocrx_word' id='word_1_190' title='bbox 2641 1175 2771 1242; x_wconf 86' lang='lat' dir='ltr'><strong>Ipsis</strong></span> <span class='ocrx_word' id='word_1_191' title='bbox 2805 1176 2964 1243; x_wconf 80' lang='lat' dir='ltr'><strong>igitur</strong></span> <span class='ocrx_word' id='word_1_192' title='bbox 2994 1174 3162 1227; x_wconf 87' lang='lat' dir='ltr'><strong>oculis</strong></span> <span class='ocrx_word' id='word_1_193' title='bbox 3187 1189 3305 1240; x_wconf 41' lang='lat' dir='ltr'><strong>pere</strong></span> 
     </span>
    </p>
   </div>
   <div class='ocr_carea' id='block_1_27' title="bbox 1787 1263 3305 1333">
    <p class='ocr_par' dir='ltr' id='par_1_27' title="bbox 1787 1263 3305 1333">
     <span class='ocr_line' id='line_1_27' title="bbox 1787 1263 3305 1333; baseline 0.002 -21"><span class='ocrx_word' id='word_1_194' title='bbox 1787 1263 2046 1329; x_wconf 82' lang='lat' dir='ltr'><strong>cepimus,</strong></span> <span class='ocrx_word' id='word_1_195' title='bbox 2074 1272 2379 1331; x_wconf 86' lang='lat' dir='ltr'><strong>peccatores</strong></span> <span class='ocrx_word' id='word_1_196' title='bbox 2409 1265 2461 1318; x_wconf 86' lang='lat' dir='ltr'><strong>in</strong></span> <span class='ocrx_word' id='word_1_197' title='bbox 2507 1265 2967 1333; x_wconf 86' lang='lat' dir='ltr'><strong>persecutionibus</strong></span> <span class='ocrx_word' id='word_1_198' title='bbox 3005 1265 3057 1315; x_wconf 93' lang='lat' dir='ltr'><strong>in</strong></span> <span class='ocrx_word' id='word_1_199' title='bbox 3090 1278 3188 1327; x_wconf 77' lang='lat' dir='ltr'><strong>nos</strong></span> <span class='ocrx_word' id='word_1_200' title='bbox 3213 1278 3305 1315; x_wconf 38' lang='lat' dir='ltr'><strong>exi-</strong></span> 
     </span>
    </p>
   </div>
   <div class='ocr_carea' id='block_1_28' title="bbox 1787 1352 3306 1420">
    <p class='ocr_par' dir='ltr' id='par_1_28' title="bbox 1787 1352 3306 1420">
     <span class='ocr_line' id='line_1_28' title="bbox 1787 1352 3306 1420; baseline -0.001 -17"><span class='ocrx_word' id='word_1_201' title='bbox 1787 1353 1962 1406; x_wconf 88' lang='lat' dir='ltr'><strong>citatis</strong></span> <span class='ocrx_word' id='word_1_202' title='bbox 1987 1352 2244 1406; x_wconf 85' lang='lat' dir='ltr'><strong>adversus</strong></span> <span class='ocrx_word' id='word_1_203' title='bbox 2270 1353 2443 1419; x_wconf 85' lang='lat' dir='ltr'><strong>justos</strong></span> <span class='ocrx_word' id='word_1_204' title='bbox 2475 1353 2702 1420; x_wconf 82' lang='lat' dir='ltr'><strong>gladium</strong></span> <span class='ocrx_word' id='word_1_205' title='bbox 2735 1353 2981 1405; x_wconf 82' lang='lat' dir='ltr'><strong>eduxisse</strong></span> <span class='ocrx_word' id='word_1_206' title='bbox 3005 1390 3018 1412; x_wconf 91' lang='lat'><strong>,</strong></span> <span class='ocrx_word' id='word_1_207' title='bbox 3044 1364 3306 1418; x_wconf 80' lang='lat' dir='ltr'><strong>arcusque</strong></span> 
     </span>
    </p>
   </div>
   <div class='ocr_carea' id='block_1_29' title="bbox 1787 1445 3301 1513">
    <p class='ocr_par' dir='ltr' id='par_1_29' title="bbox 1787 1445 3301 1513">
     <span class='ocr_line' id='line_1_29' title="bbox 1787 1445 3301 1513; baseline -0.001 -18"><span class='ocrx_word' id='word_1_208' title='bbox 1787 1457 1914 1496; x_wconf 88' lang='lat' dir='ltr'><strong>suos</strong></span> <span class='ocrx_word' id='word_1_209' title='bbox 1946 1445 2239 1498; x_wconf 82' lang='lat' dir='ltr'><strong>intendisse</strong></span> <span class='ocrx_word' id='word_1_210' title='bbox 2266 1453 2323 1496; x_wconf 91' lang='lat' dir='ltr'><strong>ut</strong></span> <span class='ocrx_word' id='word_1_211' title='bbox 2352 1445 2641 1512; x_wconf 86' lang='lat' dir='ltr'><strong>dejicerent</strong></span> <span class='ocrx_word' id='word_1_212' title='bbox 2670 1459 2951 1513; x_wconf 86' lang='lat' dir='ltr'><strong>pauperem</strong></span> <span class='ocrx_word' id='word_1_213' title='bbox 2977 1452 3028 1497; x_wconf 86' lang='lat' dir='ltr'><strong>et</strong></span> <span class='ocrx_word' id='word_1_214' title='bbox 3071 1445 3301 1512; x_wconf 84' lang='lat' dir='ltr'><strong>inopem,</strong></span> 
     </span>
    </p>
   </div>
   <div class='ocr_carea' id='block_1_30' title="bbox 1785 1531 3306 1601">
    <p class='ocr_par' dir='ltr' id='par_1_30' title="bbox 1785 1531 3306 1601">
     <span class='ocr_line' id='line_1_30' title="bbox 1785 1531 3306 1601; baseline -0.001 -17"><span class='ocrx_word' id='word_1_215' title='bbox 1785 1539 1838 1584; x_wconf 88' lang='lat' dir='ltr'><strong>et</strong></span> <span class='ocrx_word' id='word_1_216' title='bbox 1869 1538 1925 1584; x_wconf 91' lang='lat' dir='ltr'><strong>ut</strong></span> <span class='ocrx_word' id='word_1_217' title='bbox 1959 1532 2290 1586; x_wconf 83' lang='lat' dir='ltr'><strong>trucidarent</strong></span> <span class='ocrx_word' id='word_1_218' title='bbox 2342 1543 2517 1586; x_wconf 90' lang='lat' dir='ltr'><strong>rectos</strong></span> <span class='ocrx_word' id='word_1_219' title='bbox 2565 1531 2751 1594; x_wconf 90' lang='lat' dir='ltr'><strong>corde;</strong></span> <span class='ocrx_word' id='word_1_220' title='bbox 2803 1533 3139 1601; x_wconf 91' lang='lat' dir='ltr'><strong>idipsumque</strong></span> <span class='ocrx_word' id='word_1_221' title='bbox 3169 1545 3306 1599; x_wconf 54' lang='lat' dir='ltr'><strong>prae.</strong></span> 
     </span>
    </p>
   </div>
   <div class='ocr_carea' id='block_1_31' title="bbox 1787 1620 3306 1690">
    <p class='ocr_par' dir='ltr' id='par_1_31' title="bbox 1787 1620 3306 1690">
     <span class='ocr_line' id='line_1_31' title="bbox 1787 1620 3306 1690; baseline 0.003 -20"><span class='ocrx_word' id='word_1_222' title='bbox 1787 1620 2015 1672; x_wconf 86' lang='lat' dir='ltr'><strong>stitisse:</strong></span> <span class='ocrx_word' id='word_1_223' title='bbox 2048 1630 2262 1674; x_wconf 89' lang='lat' dir='ltr'><strong>sanctos</strong></span> <span class='ocrx_word' id='word_1_224' title='bbox 2297 1630 2554 1690; x_wconf 82' lang='lat' dir='ltr'><strong>martyres</strong></span> <span class='ocrx_word' id='word_1_225' title='bbox 2585 1637 2680 1688; x_wconf 92' lang='lat' dir='ltr'><strong>pro</strong></span> <span class='ocrx_word' id='word_1_226' title='bbox 2707 1620 2815 1674; x_wconf 88' lang='lat' dir='ltr'><strong>Deo</strong></span> <span class='ocrx_word' id='word_1_227' title='bbox 2847 1620 3053 1674; x_wconf 77' lang='lat' dir='ltr'><strong>fortiter</strong></span> <span class='ocrx_word' id='word_1_228' title='bbox 3091 1628 3306 1688; x_wconf 78' lang='lat' dir='ltr'><strong>agentes</strong></span> 
     </span>
    </p>
   </div>
   <div class='ocr_carea' id='block_1_32' title="bbox 1786 1705 3302 1778">
    <p class='ocr_par' dir='ltr' id='par_1_32' title="bbox 1786 1705 3302 1778">
     <span class='ocr_line' id='line_1_32' title="bbox 1786 1705 3302 1778; baseline 0 -20"><span class='ocrx_word' id='word_1_229' title='bbox 1786 1705 2043 1774; x_wconf 86' lang='lat' dir='ltr'><strong>dejecisse</strong></span> <span class='ocrx_word' id='word_1_230' title='bbox 2101 1718 2153 1762; x_wconf 90' lang='lat' dir='ltr'><strong>et</strong></span> <span class='ocrx_word' id='word_1_231' title='bbox 2204 1709 2482 1776; x_wconf 85' lang='lat' dir='ltr'><strong>multiplici</strong></span> <span class='ocrx_word' id='word_1_232' title='bbox 2535 1710 2722 1762; x_wconf 91' lang='lat' dir='ltr'><strong>mortis</strong></span> <span class='ocrx_word' id='word_1_233' title='bbox 2764 1724 2956 1778; x_wconf 77' lang='lat' dir='ltr'><strong>genere</strong></span> <span class='ocrx_word' id='word_1_234' title='bbox 3005 1709 3302 1761; x_wconf 80' lang='lat' dir='ltr'><strong>sustulisse.</strong></span> 
     </span>
    </p>
   </div>
   <div class='ocr_carea' id='block_1_33' title="bbox 167 1782 1686 1864">
    <p class='ocr_par' dir='ltr' id='par_1_33' title="bbox 167 1793 1686 1864">
     <span class='ocr_line' id='line_1_33' title="bbox 167 1793 1686 1864; baseline 0.001 -19"><span class='ocrx_word' id='word_1_235' title='bbox 167 1794 336 1845; x_wconf 72' lang='grc' dir='ltr'>άνεΰιον</span> <span class='ocrx_word' id='word_1_236' title='bbox 367 1795 624 1857; x_wconf 82' lang='grc' dir='ltr'>ποικίλοις</span> <span class='ocrx_word' id='word_1_237' title='bbox 664 1794 904 1864; x_wconf 82' lang='grc' dir='ltr'>τρόποις</span> <span class='ocrx_word' id='word_1_238' title='bbox 948 1793 1184 1848; x_wconf 87' lang='grc' dir='ltr'>θανάτων</span> <span class='ocrx_word' id='word_1_239' title='bbox 1227 1797 1348 1858; x_wconf 77' lang='grc' dir='ltr'>τοὺς</span> <span class='ocrx_word' id='word_1_240' title='bbox 1387 1797 1520 1848; x_wconf 87' lang='grc' dir='ltr'>κατὰ</span> <span class='ocrx_word' id='word_1_241' title='bbox 1560 1796 1686 1847; x_wconf 79' lang='grc' dir='ltr'>Θεὸν</span> 
     </span>
    </p>
   </div>
   <div class='ocr_carea' id='block_1_34' title="bbox 1787 1782 3305 1864">
    <p class='ocr_par' dir='ltr' id='par_1_34' title="bbox 1793 1793 3305 1863">
     <span class='ocr_line' id='line_1_34' title="bbox 1793 1793 3305 1863; baseline 0.003 -18"><span class='ocrx_word' id='word_1_242' title='bbox 1793 1793 1855 1845; x_wconf 87' lang='lat' dir='ltr'><strong>Ut</strong></span> <span class='ocrx_word' id='word_1_243' title='bbox 1886 1803 2060 1847; x_wconf 88' lang='lat' dir='ltr'><strong>autem</strong></span> <span class='ocrx_word' id='word_1_244' title='bbox 2095 1796 2206 1849; x_wconf 66' lang='lat' dir='ltr'><strong>haec</strong></span> <span class='ocrx_word' id='word_1_245' title='bbox 2253 1797 2506 1862; x_wconf 84' lang='lat' dir='ltr'><strong>vidimus,</strong></span> <span class='ocrx_word' id='word_1_246' title='bbox 2534 1798 2604 1848; x_wconf 91' lang='lat' dir='ltr'><strong>ita</strong></span> <span class='ocrx_word' id='word_1_247' title='bbox 2648 1805 2701 1851; x_wconf 87' lang='lat' dir='ltr'><strong>et</strong></span> <span class='ocrx_word' id='word_1_248' title='bbox 2731 1797 2983 1850; x_wconf 88' lang='lat' dir='ltr'><strong>ultionem</strong></span> <span class='ocrx_word' id='word_1_249' title='bbox 3024 1795 3114 1850; x_wconf 82' lang='lat' dir='ltr'><strong>Dei</strong></span> <span class='ocrx_word' id='word_1_250' title='bbox 3162 1796 3305 1863; x_wconf 88' lang='lat' dir='ltr'><strong>ipsos</strong></span> 
     </span>
    </p>
   </div>
   <div class='ocr_carea' id='block_1_35' title="bbox 164 1881 1687 1953">
    <p class='ocr_par' dir='ltr' id='par_1_35' title="bbox 164 1881 1687 1953">
     <span class='ocr_line' id='line_1_35' title="bbox 164 1881 1687 1953; baseline 0.004 -22"><span class='ocrx_word' id='word_1_251' title='bbox 164 1881 539 1950; x_wconf 79' lang='grc' dir='ltr'>ἀνδρισαμένους</span> <span class='ocrx_word' id='word_1_252' title='bbox 587 1883 790 1949; x_wconf 81' lang='grc' dir='ltr'>ἁγίους</span> <span class='ocrx_word' id='word_1_253' title='bbox 841 1883 1134 1952; x_wconf 86' lang='grc' dir='ltr'>μάρτυρας.</span> <span class='ocrx_word' id='word_1_254' title='bbox 1180 1884 1381 1953; x_wconf 83' lang='grc' dir='ltr'>’Ὠσπερ</span> <span class='ocrx_word' id='word_1_255' title='bbox 1431 1884 1483 1936; x_wconf 87' lang='grc' dir='ltr'>δὲ</span> <span class='ocrx_word' id='word_1_256' title='bbox 1523 1886 1687 1937; x_wconf 81' lang='grc' dir='ltr'>ταῦτα</span> 
     </span>
    </p>
   </div>
   <div class='ocr_carea' id='block_1_36' title="bbox 164 1969 1689 2040">
    <p class='ocr_par' dir='ltr' id='par_1_36' title="bbox 164 1969 1689 2040">
     <span class='ocr_line' id='line_1_36' title="bbox 164 1969 1689 2040; baseline 0.003 -20"><span class='ocrx_word' id='word_1_257' title='bbox 164 1971 556 2039; x_wconf 77' lang='grc' dir='ltr'>ίστορησάμενοι,</span> <span class='ocrx_word' id='word_1_258' title='bbox 605 1969 757 2022; x_wconf 70' lang='grc' dir='ltr'>οὕτω</span> <span class='ocrx_word' id='word_1_259' title='bbox 813 1971 910 2021; x_wconf 68' lang='grc' dir='ltr'>καὶ</span> <span class='ocrx_word' id='word_1_260' title='bbox 959 1971 1056 2040; x_wconf 80' lang='grc' dir='ltr'><strong>τὴν</strong></span> <span class='ocrx_word' id='word_1_261' title='bbox 1107 1971 1455 2040; x_wconf 79' lang='grc' dir='ltr'>μετελθοῦσαν</span> <span class='ocrx_word' id='word_1_262' title='bbox 1500 1974 1689 2035; x_wconf 81' lang='grc' dir='ltr'>αὐτοὺς</span> 
     </span>
    </p>
   </div>
   <div class='ocr_carea' id='block_1_37' title="bbox 159 2057 1688 2130">
    <p class='ocr_par' dir='ltr' id='par_1_37' title="bbox 159 2057 1688 2130">
     <span class='ocr_line' id='line_1_37' title="bbox 159 2057 1688 2130; baseline 0.003 -22"><span class='ocrx_word' id='word_1_263' title='bbox 159 2057 234 2108; x_wconf 77' lang='grc' dir='ltr'>τοῦ</span> <span class='ocrx_word' id='word_1_264' title='bbox 267 2058 387 2109; x_wconf 86' lang='grc' dir='ltr'><strong>Θεοῦ</strong></span> <span class='ocrx_word' id='word_1_265' title='bbox 429 2059 584 2127; x_wconf 83' lang='grc' dir='ltr'>δίκην</span> <span class='ocrx_word' id='word_1_266' title='bbox 624 2058 964 2128; x_wconf 80' lang='grc' dir='ltr'><strong>τεθεάμεθα,</strong></span> <span class='ocrx_word' id='word_1_267' title='bbox 993 2058 1240 2128; x_wconf 78' lang='grc' dir='ltr'>τοιαύτην</span> <span class='ocrx_word' id='word_1_268' title='bbox 1269 2061 1573 2130; x_wconf 81' lang='grc' dir='ltr'>γενομένην,</span> <span class='ocrx_word' id='word_1_269' title='bbox 1616 2062 1688 2125; x_wconf 83' lang='grc' dir='ltr'>ὼς</span> 
     </span>
    </p>
   </div>
   <div class='ocr_carea' id='block_1_38' title="bbox 163 2146 1689 2216">
    <p class='ocr_par' dir='ltr' id='par_1_38' title="bbox 163 2146 1689 2216">
     <span class='ocr_line' id='line_1_38' title="bbox 163 2146 1689 2216; baseline 0.002 -19"><span class='ocrx_word' id='word_1_270' title='bbox 163 2146 227 2212; x_wconf 78' lang='grc' dir='ltr'>μὴ</span> <span class='ocrx_word' id='word_1_271' title='bbox 253 2147 488 2214; x_wconf 76' lang='grc' dir='ltr'>ἁμαρτεῖν</span> <span class='ocrx_word' id='word_1_272' title='bbox 521 2146 616 2198; x_wconf 83' lang='grc' dir='ltr'>τὸν</span> <span class='ocrx_word' id='word_1_273' title='bbox 647 2147 908 2216; x_wconf 74' lang='grc' dir='ltr'>φήσαντα</span> <span class='ocrx_word' id='word_1_274' title='bbox 936 2146 1164 2214; x_wconf 81' lang='grc' dir='ltr'>ἀληθῶς,</span> <span class='ocrx_word' id='word_1_275' title='bbox 1191 2147 1284 2214; x_wconf 73' lang='grc' dir='ltr'>τὴν</span> <span class='ocrx_word' id='word_1_276' title='bbox 1313 2149 1576 2216; x_wconf 73' lang='grc' dir='ltr'>ῥομφαίαν</span> <span class='ocrx_word' id='word_1_277' title='bbox 1595 2149 1689 2200; x_wconf 81' lang='grc' dir='ltr'>αύ-</span> 
     </span>
    </p>
   </div>
   <div class='ocr_carea' id='block_1_39' title="bbox 164 2233 1687 2304">
    <p class='ocr_par' dir='ltr' id='par_1_39' title="bbox 164 2233 1687 2304">
     <span class='ocr_line' id='line_1_39' title="bbox 164 2233 1687 2304; baseline 0.003 -21"><span class='ocrx_word' id='word_1_278' title='bbox 164 2233 253 2283; x_wconf 76' lang='grc' dir='ltr'>τῶν</span> <span class='ocrx_word' id='word_1_279' title='bbox 277 2234 656 2304; x_wconf 70' lang='grc' dir='ltr'>είσεληλυθέναι</span> <span class='ocrx_word' id='word_1_280' title='bbox 688 2238 773 2297; x_wconf 86' lang='grc' dir='ltr'><strong>είς</strong></span> <span class='ocrx_word' id='word_1_281' title='bbox 802 2235 904 2304; x_wconf 83' lang='grc' dir='ltr'>τὴν</span> <span class='ocrx_word' id='word_1_282' title='bbox 927 2235 1146 2303; x_wconf 83' lang='grc' dir='ltr'>καρδίαν</span> <span class='ocrx_word' id='word_1_283' title='bbox 1173 2235 1344 2286; x_wconf 84' lang='grc' dir='ltr'>αὐτῶν</span> <span class='ocrx_word' id='word_1_284' title='bbox 1366 2237 1458 2287; x_wconf 74' lang='grc' dir='ltr'>καὶ</span> <span class='ocrx_word' id='word_1_285' title='bbox 1478 2237 1543 2287; x_wconf 79' lang='grc' dir='ltr'>τὰ</span> <span class='ocrx_word' id='word_1_286' title='bbox 1563 2236 1687 2302; x_wconf 78' lang='grc' dir='ltr'>τόξα</span> 
     </span>
    </p>
   </div>
   <div class='ocr_carea' id='block_1_40' title="bbox 163 2323 729 2394">
    <p class='ocr_par' dir='ltr' id='par_1_40' title="bbox 163 2323 729 2394">
     <span class='ocr_line' id='line_1_40' title="bbox 163 2323 729 2394; baseline 0.002 -18"><span class='ocrx_word' id='word_1_287' title='bbox 163 2323 313 2376; x_wconf 80' lang='grc' dir='ltr'>αὐτῶν</span> <span class='ocrx_word' id='word_1_288' title='bbox 335 2325 729 2394; x_wconf 75' lang='grc' dir='ltr'>συντετρῖφθαι.</span> 
     </span>
    </p>
   </div>
   <div class='ocr_carea' id='block_1_41' title="bbox 218 2411 1684 2483">
    <p class='ocr_par' dir='ltr' id='par_1_41' title="bbox 218 2411 1684 2483">
     <span class='ocr_line' id='line_1_41' title="bbox 218 2411 1684 2483; baseline 0 -19"><span class='ocrx_word' id='word_1_289' title='bbox 218 2413 484 2478; x_wconf 64' lang='grc' dir='ltr'>Λρεῖσσον</span> <span class='ocrx_word' id='word_1_290' title='bbox 507 2417 727 2482; x_wconf 70' lang='grc' dir='ltr'>ὀλίγον</span> <span class='ocrx_word' id='word_1_291' title='bbox 769 2413 856 2478; x_wconf 80' lang='grc' dir='ltr'>τῷ</span> <span class='ocrx_word' id='word_1_292' title='bbox 880 2414 1097 2480; x_wconf 80' lang='grc' dir='ltr'>δικαίῳ.</span> <span class='ocrx_word' id='word_1_293' title='bbox 1144 2414 1216 2468; x_wconf 86' lang='grc' dir='ltr'>Ού</span> <span class='ocrx_word' id='word_1_294' title='bbox 1245 2414 1551 2483; x_wconf 82' lang='grc' dir='ltr'>προείρηται</span> <span class='ocrx_word' id='word_1_295' title='bbox 1589 2411 1684 2483; x_wconf 79' lang='grc' dir='ltr'><strong>μό-</strong></span> 
     </span>
    </p>
   </div>
   <div class='ocr_carea' id='block_1_42' title="bbox 165 2501 1686 2572">
    <p class='ocr_par' dir='ltr' id='par_1_42' title="bbox 165 2501 1686 2572">
     <span class='ocr_line' id='line_1_42' title="bbox 165 2501 1686 2572; baseline 0.001 -22"><span class='ocrx_word' id='word_1_296' title='bbox 165 2516 251 2560; x_wconf 86' lang='grc' dir='ltr'>νον,</span> <span class='ocrx_word' id='word_1_297' title='bbox 276 2501 393 2552; x_wconf 77' lang='grc' dir='ltr'>ἀλλὰ</span> <span class='ocrx_word' id='word_1_298' title='bbox 433 2501 497 2552; x_wconf 80' lang='grc' dir='ltr'><strong>δι’</strong></span> <span class='ocrx_word' id='word_1_299' title='bbox 538 2501 722 2571; x_wconf 77' lang='grc' dir='ltr'>ἔργων</span> <span class='ocrx_word' id='word_1_300' title='bbox 768 2501 1252 2572; x_wconf 76' lang='grc' dir='ltr'>ἀποπεπλήρωται,</span> <span class='ocrx_word' id='word_1_301' title='bbox 1290 2503 1381 2553; x_wconf 75' lang='grc' dir='ltr'>καὶ</span> <span class='ocrx_word' id='word_1_302' title='bbox 1418 2502 1504 2553; x_wconf 84' lang='grc' dir='ltr'>τὸν</span> <span class='ocrx_word' id='word_1_303' title='bbox 1534 2502 1686 2554; x_wconf 80' lang='grc' dir='ltr'>ἄλλον</span> 
     </span>
    </p>
   </div>
   <div class='ocr_carea' id='block_1_43' title="bbox 165 2585 1687 2660">
    <p class='ocr_par' dir='ltr' id='par_1_43' title="bbox 165 2585 1687 2660">
     <span class='ocr_line' id='line_1_43' title="bbox 165 2585 1687 2660; baseline 0.003 -23"><span class='ocrx_word' id='word_1_304' title='bbox 165 2585 206 2637; x_wconf 57' lang='grc' dir='ltr'><strong>ἃ</strong></span> <span class='ocrx_word' id='word_1_305' title='bbox 246 2589 433 2655; x_wconf 79' lang='grc' dir='ltr'>χρόνον.</span> <span class='ocrx_word' id='word_1_306' title='bbox 477 2591 534 2640; x_wconf 88' lang='lat'><strong>&#39;0</strong></span> <span class='ocrx_word' id='word_1_307' title='bbox 577 2591 679 2658; x_wconf 84' lang='grc' dir='ltr'>μὲν</span> <span class='ocrx_word' id='word_1_308' title='bbox 724 2590 938 2651; x_wconf 84' lang='grc' dir='ltr'>δίκαιος</span> <span class='ocrx_word' id='word_1_309' title='bbox 972 2589 1278 2658; x_wconf 82' lang='grc' dir='ltr'>πτωχεύων,</span> <span class='ocrx_word' id='word_1_310' title='bbox 1321 2591 1562 2660; x_wconf 80' lang='grc' dir='ltr'>ἀρκεῖται</span> <span class='ocrx_word' id='word_1_311' title='bbox 1613 2591 1687 2660; x_wconf 78' lang='grc' dir='ltr'><strong>τῷ</strong></span> 
     </span>
    </p>
   </div>
   <div class='ocr_carea' id='block_1_44' title="bbox 161 2674 1683 2748">
    <p class='ocr_par' dir='ltr' id='par_1_44' title="bbox 161 2674 1683 2748">
     <span class='ocr_line' id='line_1_44' title="bbox 161 2674 1683 2748; baseline 0.006 -24"><span class='ocrx_word' id='word_1_312' title='bbox 161 2674 314 2744; x_wconf 73' lang='grc' dir='ltr'>ὀλίγῳ,</span> <span class='ocrx_word' id='word_1_313' title='bbox 357 2677 737 2747; x_wconf 77' lang='grc' dir='ltr'>δεδιδαγμένος</span> <span class='ocrx_word' id='word_1_314' title='bbox 781 2681 842 2731; x_wconf 76' lang='grc' dir='ltr'><strong>ἐν</strong></span> <span class='ocrx_word' id='word_1_315' title='bbox 873 2683 1137 2748; x_wconf 82' lang='grc' dir='ltr'>προσευχῇ</span> <span class='ocrx_word' id='word_1_316' title='bbox 1184 2680 1355 2747; x_wconf 84' lang='grc' dir='ltr'>λέγειν</span> <span class='ocrx_word' id='word_1_317' title='bbox 1381 2698 1392 2710; x_wconf 90' lang='grc'><strong>·</strong></span> <span class='ocrx_word' id='word_1_318' title='bbox 1443 2682 1548 2733; x_wconf 82' lang='grc' dir='ltr'><strong>Τὸν</strong></span> <span class='ocrx_word' id='word_1_319' title='bbox 1585 2682 1683 2747; x_wconf 83' lang='grc' dir='ltr'><strong>ἆρ-</strong></span> 
     </span>
    </p>
   </div>
   <div class='ocr_carea' id='block_1_45' title="bbox 163 2765 1685 2835">
    <p class='ocr_par' dir='ltr' id='par_1_45' title="bbox 163 2765 1685 2835">
     <span class='ocr_line' id='line_1_45' title="bbox 163 2765 1685 2835; baseline 0.007 -22"><span class='ocrx_word' id='word_1_320' title='bbox 163 2765 420 2830; x_wconf 71' lang='grc' dir='ltr'>τω·ᾐμῶν</span> <span class='ocrx_word' id='word_1_321' title='bbox 453 2771 559 2818; x_wconf 67' lang='grc' dir='ltr'><strong>τὸν</strong></span> <span class='ocrx_word' id='word_1_322' title='bbox 592 2768 920 2818; x_wconf 75' lang='grc' dir='ltr'>ἐπιούσιον</span> <span class='ocrx_word' id='word_1_323' title='bbox 954 2767 1058 2830; x_wconf 76' lang='grc' dir='ltr'>δὸς</span> <span class='ocrx_word' id='word_1_324' title='bbox 1087 2767 1224 2834; x_wconf 71' lang='grc' dir='ltr'><strong>ἡμῖν</strong></span> <span class='ocrx_word' id='word_1_325' title='bbox 1256 2766 1535 2835; x_wconf 81' lang='grc' dir='ltr'>σήμερον·</span> <span class='ocrx_word' id='word_1_326' title='bbox 1571 2773 1599 2822; x_wconf 89' lang='lat'><strong>6</strong></span> <span class='ocrx_word' id='word_1_327' title='bbox 1631 2771 1685 2822; x_wconf 81' lang='grc' dir='ltr'>δὲ</span> 
     </span>
    </p>
   </div>
   <div class='ocr_carea' id='block_1_46' title="bbox 167 2853 1684 2926">
    <p class='ocr_par' dir='ltr' id='par_1_46' title="bbox 167 2853 1684 2926">
     <span class='ocr_line' id='line_1_46' title="bbox 167 2853 1684 2926; baseline 0.005 -23"><span class='ocrx_word' id='word_1_328' title='bbox 167 2853 462 2921; x_wconf 65' lang='grc' dir='ltr'>ἁμαρτωλὸς,</span> <span class='ocrx_word' id='word_1_329' title='bbox 509 2855 733 2925; x_wconf 76' lang='grc' dir='ltr'>πλούτῳ</span> <span class='ocrx_word' id='word_1_330' title='bbox 787 2857 1226 2926; x_wconf 74' lang='grc' dir='ltr'>περιρῤεόμενος,</span> <span class='ocrx_word' id='word_1_331' title='bbox 1289 2857 1487 2923; x_wconf 79' lang='grc' dir='ltr'>ἀγαθοῦ</span> <span class='ocrx_word' id='word_1_332' title='bbox 1545 2875 1684 2918; x_wconf 85' lang='grc' dir='ltr'>τινος</span> 
     </span>
    </p>
   </div>
   <div class='ocr_carea' id='block_1_47' title="bbox 164 2940 1683 3014">
    <p class='ocr_par' dir='ltr' id='par_1_47' title="bbox 164 2940 1683 3014">
     <span class='ocr_line' id='line_1_47' title="bbox 164 2940 1683 3014; baseline 0.005 -23"><span class='ocrx_word' id='word_1_333' title='bbox 164 2941 418 2994; x_wconf 64' lang='grc' dir='ltr'>ἀπόλαυσιν</span> <span class='ocrx_word' id='word_1_334' title='bbox 453 2945 690 3012; x_wconf 77' lang='grc' dir='ltr'>νομίζει.</span> <span class='ocrx_word' id='word_1_335' title='bbox 738 2943 881 3002; x_wconf 74' lang='grc' dir='ltr'>Ἀλλ’</span> <span class='ocrx_word' id='word_1_336' title='bbox 915 2943 1041 3011; x_wconf 82' lang='grc' dir='ltr'>ἐγὼ,</span> <span class='ocrx_word' id='word_1_337' title='bbox 1074 2945 1252 3014; x_wconf 69' lang='grc' dir='ltr'>φησὶν,</span> <span class='ocrx_word' id='word_1_338' title='bbox 1279 2941 1336 2994; x_wconf 65' lang='grc' dir='ltr'>εὖ</span> <span class='ocrx_word' id='word_1_339' title='bbox 1378 2940 1509 3010; x_wconf 79' lang='grc' dir='ltr'>οἴδα,</span> <span class='ocrx_word' id='word_1_340' title='bbox 1541 2947 1683 3000; x_wconf 68' lang='grc' dir='ltr'>διδάι</span> 
     </span>
    </p>
   </div>
   <div class='ocr_carea' id='block_1_48' title="bbox 167 3029 1684 3101">
    <p class='ocr_par' dir='ltr' id='par_1_48' title="bbox 167 3029 1684 3101">
     <span class='ocr_line' id='line_1_48' title="bbox 167 3029 1684 3101; baseline 0.007 -24"><span class='ocrx_word' id='word_1_341' title='bbox 167 3043 257 3078; x_wconf 85' lang='grc' dir='ltr'><strong>σκω</strong></span> <span class='ocrx_word' id='word_1_342' title='bbox 281 3029 329 3081; x_wconf 80' lang='grc' dir='ltr'>δὲ</span> <span class='ocrx_word' id='word_1_343' title='bbox 362 3033 453 3082; x_wconf 73' lang='grc' dir='ltr'>καὶ</span> <span class='ocrx_word' id='word_1_344' title='bbox 488 3032 718 3100; x_wconf 75' lang='grc' dir='ltr'>ἑτέρους</span> <span class='ocrx_word' id='word_1_345' title='bbox 736 3048 750 3061; x_wconf 73' lang='grc' dir='ltr'><strong>ο</strong></span> <span class='ocrx_word' id='word_1_346' title='bbox 800 3033 881 3083; x_wconf 84' lang='grc' dir='ltr'>ὅτι</span> <span class='ocrx_word' id='word_1_347' title='bbox 941 3032 1111 3101; x_wconf 81' lang='grc' dir='ltr'>πολλῷ</span> <span class='ocrx_word' id='word_1_348' title='bbox 1139 3033 1352 3100; x_wconf 83' lang='grc' dir='ltr'>βελτιων</span> <span class='ocrx_word' id='word_1_349' title='bbox 1389 3035 1530 3086; x_wconf 79' lang='grc' dir='ltr'>ἐστὶν</span> <span class='ocrx_word' id='word_1_350' title='bbox 1559 3037 1586 3087; x_wconf 92' lang='lat'><strong>6</strong></span> <span class='ocrx_word' id='word_1_351' title='bbox 1609 3035 1684 3087; x_wconf 87' lang='grc' dir='ltr'>δί-</span> 
     </span>
    </p>
   </div>
   <div class='ocr_carea' id='block_1_49' title="bbox 165 3118 1682 3192">
    <p class='ocr_par' dir='ltr' id='par_1_49' title="bbox 165 3118 1682 3192">
     <span class='ocr_line' id='line_1_49' title="bbox 165 3118 1682 3192; baseline 0.009 -28"><span class='ocrx_word' id='word_1_352' title='bbox 165 3131 285 3177; x_wconf 77' lang='grc' dir='ltr'>καιος</span> <span class='ocrx_word' id='word_1_353' title='bbox 309 3118 391 3170; x_wconf 75' lang='grc' dir='ltr'><strong>τὸν</strong></span> <span class='ocrx_word' id='word_1_354' title='bbox 423 3121 707 3190; x_wconf 78' lang='grc' dir='ltr'>ἐφήμερον</span> <span class='ocrx_word' id='word_1_355' title='bbox 748 3121 911 3190; x_wconf 81' lang='grc' dir='ltr'>ἄρτον</span> <span class='ocrx_word' id='word_1_356' title='bbox 943 3121 1088 3190; x_wconf 75' lang='grc' dir='ltr'>παρὰ</span> <span class='ocrx_word' id='word_1_357' title='bbox 1131 3121 1222 3173; x_wconf 74' lang='grc' dir='ltr'>τοῦ</span> <span class='ocrx_word' id='word_1_358' title='bbox 1251 3122 1378 3174; x_wconf 84' lang='grc' dir='ltr'>Θεοῦ</span> <span class='ocrx_word' id='word_1_359' title='bbox 1404 3123 1682 3192; x_wconf 86' lang='grc' dir='ltr'>λαμϐάνων</span> 
     </span>
    </p>
   </div>
   <div class='ocr_carea' id='block_1_50' title="bbox 166 3193 1686 3282">
    <p class='ocr_par' dir='ltr' id='par_1_50' title="bbox 166 3193 1686 3282">
     <span class='ocr_line' id='line_1_50' title="bbox 166 3193 1686 3282; baseline 0.009 -30"><span class='ocrx_word' id='word_1_360' title='bbox 166 3202 236 3253; x_wconf 76' lang='grc' dir='ltr'>τοῦ</span> <span class='ocrx_word' id='word_1_361' title='bbox 258 3206 350 3256; x_wconf 88' lang='grc' dir='ltr'>τῶν</span> <span class='ocrx_word' id='word_1_362' title='bbox 396 3209 747 3278; x_wconf 81' lang='grc' dir='ltr'>ἁμαρτωλῶν</span> <span class='ocrx_word' id='word_1_363' title='bbox 774 3193 1027 3261; x_wconf 65' lang='grc' dir='ltr'>πλούτου.</span> <span class='ocrx_word' id='word_1_364' title='bbox 1060 3211 1118 3262; x_wconf 84' lang='grc' dir='ltr'><strong>Εἰ</strong></span> <span class='ocrx_word' id='word_1_365' title='bbox 1145 3210 1186 3262; x_wconf 84' lang='grc' dir='ltr'>δ’</span> <span class='ocrx_word' id='word_1_366' title='bbox 1225 3212 1447 3282; x_wconf 83' lang='grc' dir='ltr'>ἐρωτᾷς,</span> <span class='ocrx_word' id='word_1_367' title='bbox 1481 3213 1576 3282; x_wconf 82' lang='grc' dir='ltr'>τὴν</span> <span class='ocrx_word' id='word_1_368' title='bbox 1607 3216 1686 3265; x_wconf 76' lang='lat' dir='ltr'><strong>al—</strong></span> 
     </span>
    </p>
   </div>
   <div class='ocr_carea' id='block_1_51' title="bbox 161 3293 1686 3371">
    <p class='ocr_par' dir='ltr' id='par_1_51' title="bbox 161 3293 1686 3371">
     <span class='ocr_line' id='line_1_51' title="bbox 161 3293 1686 3371; baseline 0.01 -31"><span class='ocrx_word' id='word_1_369' title='bbox 161 3293 253 3343; x_wconf 81' lang='grc' dir='ltr'>τίαν</span> <span class='ocrx_word' id='word_1_370' title='bbox 286 3298 516 3361; x_wconf 85' lang='grc' dir='ltr'>μάνθανε</span> <span class='ocrx_word' id='word_1_371' title='bbox 537 3316 550 3327; x_wconf 91' lang='grc'><strong>·</strong></span> <span class='ocrx_word' id='word_1_372' title='bbox 584 3300 671 3350; x_wconf 81' lang='grc' dir='ltr'>ὅτι</span> <span class='ocrx_word' id='word_1_373' title='bbox 704 3301 734 3350; x_wconf 91' lang='lat'><strong>6</strong></span> <span class='ocrx_word' id='word_1_374' title='bbox 772 3299 870 3368; x_wconf 86' lang='grc' dir='ltr'>μὲν</span> <span class='ocrx_word' id='word_1_375' title='bbox 911 3299 1070 3367; x_wconf 80' lang='grc' dir='ltr'>ὀλίγῳ</span> <span class='ocrx_word' id='word_1_376' title='bbox 1104 3301 1433 3369; x_wconf 79' lang='grc' dir='ltr'>ἀρκούμενος</span> <span class='ocrx_word' id='word_1_377' title='bbox 1471 3303 1686 3371; x_wconf 81' lang='grc' dir='ltr'>ἔχειτὸν</span> 
     </span>
    </p>
   </div>
   <div class='ocr_carea' id='block_1_52' title="bbox 172 3380 1687 3460">
    <p class='ocr_par' dir='ltr' id='par_1_52' title="bbox 172 3380 1687 3460">
     <span class='ocr_line' id='line_1_52' title="bbox 172 3380 1687 3460; baseline 0.005 -25"><span class='ocrx_word' id='word_1_378' title='bbox 172 3380 328 3450; x_wconf 66' lang='grc' dir='ltr'>Κύριον</span> <span class='ocrx_word' id='word_1_379' title='bbox 356 3387 805 3456; x_wconf 75' lang='grc' dir='ltr'>ὑποστηρίξαντα</span> <span class='ocrx_word' id='word_1_380' title='bbox 833 3387 989 3439; x_wconf 76' lang='grc' dir='ltr'>αὐτοῦ</span> <span class='ocrx_word' id='word_1_381' title='bbox 1011 3387 1106 3453; x_wconf 85' lang='grc' dir='ltr'>τὴν</span> <span class='ocrx_word' id='word_1_382' title='bbox 1125 3388 1296 3458; x_wconf 75' lang='grc' dir='ltr'>ψυχὴν</span> <span class='ocrx_word' id='word_1_383' title='bbox 1323 3389 1414 3441; x_wconf 71' lang='grc' dir='ltr'><strong>καὶ</strong></span> <span class='ocrx_word' id='word_1_384' title='bbox 1433 3390 1527 3458; x_wconf 79' lang='grc' dir='ltr'>τὴν</span> <span class='ocrx_word' id='word_1_385' title='bbox 1549 3390 1687 3460; x_wconf 78' lang='grc' dir='ltr'>ζωὴν</span> 
     </span>
    </p>
   </div>
   <div class='ocr_carea' id='block_1_53' title="bbox 168 3468 1686 3547">
    <p class='ocr_par' dir='ltr' id='par_1_53' title="bbox 168 3468 1686 3547">
     <span class='ocr_line' id='line_1_53' title="bbox 168 3468 1686 3547; baseline 0.011 -33"><span class='ocrx_word' id='word_1_386' title='bbox 168 3468 236 3516; x_wconf 62' lang='grc' dir='ltr'>καὶ</span> <span class='ocrx_word' id='word_1_387' title='bbox 258 3472 334 3522; x_wconf 82' lang='grc' dir='ltr'><strong>τὸν</strong></span> <span class='ocrx_word' id='word_1_388' title='bbox 381 3472 518 3540; x_wconf 78' lang='grc' dir='ltr'>βίον,</span> <span class='ocrx_word' id='word_1_389' title='bbox 571 3475 723 3544; x_wconf 79' lang='grc' dir='ltr'>ὑπὲρ</span> <span class='ocrx_word' id='word_1_390' title='bbox 767 3474 940 3526; x_wconf 84' lang='grc' dir='ltr'>πάντα</span> <span class='ocrx_word' id='word_1_391' title='bbox 978 3492 1036 3527; x_wconf 86' lang='grc' dir='ltr'><strong>τε</strong></span> <span class='ocrx_word' id='word_1_392' title='bbox 1087 3475 1308 3528; x_wconf 79' lang='grc' dir='ltr'>πλοῦτον</span> <span class='ocrx_word' id='word_1_393' title='bbox 1354 3477 1686 3547; x_wconf 77' lang='grc' dir='ltr'>ἐπαρκοῦντα</span> 
     </span>
    </p>
   </div>
   <div class='ocr_carea' id='block_1_54' title="bbox 163 3556 1689 3635">
    <p class='ocr_par' dir='ltr' id='par_1_54' title="bbox 163 3556 1689 3635">
     <span class='ocr_line' id='line_1_54' title="bbox 163 3556 1689 3635; baseline 0.005 -24"><span class='ocrx_word' id='word_1_394' title='bbox 163 3556 304 3626; x_wconf 73' lang='grc' dir='ltr'><strong>αὖτῷ⁰</strong></span> <span class='ocrx_word' id='word_1_395' title='bbox 332 3564 381 3612; x_wconf 81' lang='lat' dir='ltr'><strong>ol</strong></span> <span class='ocrx_word' id='word_1_396' title='bbox 426 3563 482 3614; x_wconf 82' lang='grc' dir='ltr'>δὲ</span> <span class='ocrx_word' id='word_1_397' title='bbox 524 3563 639 3615; x_wconf 82' lang='grc' dir='ltr'><strong>τῶν</strong></span> <span class='ocrx_word' id='word_1_398' title='bbox 671 3563 1011 3632; x_wconf 81' lang='grc' dir='ltr'>ἁμαρτωλῶν</span> <span class='ocrx_word' id='word_1_399' title='bbox 1038 3564 1310 3635; x_wconf 76' lang='grc' dir='ltr'>βραχίονες</span> <span class='ocrx_word' id='word_1_400' title='bbox 1338 3567 1397 3616; x_wconf 83' lang='grc' dir='ltr'>οὐ</span> <span class='ocrx_word' id='word_1_401' title='bbox 1422 3567 1689 3634; x_wconf 70' lang='grc' dir='ltr'>διαμένου-</span> 
     </span>
    </p>
   </div>
   <div class='ocr_carea' id='block_1_55' title="bbox 154 3651 1686 3722">
    <p class='ocr_par' dir='ltr' id='par_1_55' title="bbox 154 3651 1686 3722">
     <span class='ocr_line' id='line_1_55' title="bbox 154 3651 1686 3722; baseline 0.008 -28"><span class='ocrx_word' id='word_1_402' title='bbox 154 3660 222 3696; x_wconf 85' lang='grc' dir='ltr'><strong>σιν</strong></span> <span class='ocrx_word' id='word_1_403' title='bbox 251 3651 470 3720; x_wconf 76' lang='grc' dir='ltr'>ἰσχυροὶ,</span> <span class='ocrx_word' id='word_1_404' title='bbox 512 3653 644 3706; x_wconf 81' lang='grc' dir='ltr'>οὐδὲ</span> <span class='ocrx_word' id='word_1_405' title='bbox 686 3655 716 3704; x_wconf 83' lang='grc' dir='ltr'>ὁ</span> <span class='ocrx_word' id='word_1_406' title='bbox 759 3652 982 3715; x_wconf 82' lang='grc' dir='ltr'>πλοῦτος</span> <span class='ocrx_word' id='word_1_407' title='bbox 1012 3654 1184 3705; x_wconf 81' lang='grc' dir='ltr'>αὐτῶν</span> <span class='ocrx_word' id='word_1_408' title='bbox 1215 3652 1422 3721; x_wconf 82' lang='grc' dir='ltr'>βέϐαιος</span> <span class='ocrx_word' id='word_1_409' title='bbox 1442 3671 1453 3682; x_wconf 95' lang='grc'><strong>·</strong></span> <span class='ocrx_word' id='word_1_410' title='bbox 1489 3671 1686 3722; x_wconf 80' lang='grc' dir='ltr'>συντρι-</span> 
     </span>
    </p>
   </div>
   <div class='ocr_carea' id='block_1_56' title="bbox 155 3733 1686 3811">
    <p class='ocr_par' dir='ltr' id='par_1_56' title="bbox 155 3733 1686 3811">
     <span class='ocr_line' id='line_1_56' title="bbox 155 3733 1686 3811; baseline 0.006 -25"><span class='ocrx_word' id='word_1_411' title='bbox 155 3733 375 3800; x_wconf 74' lang='grc' dir='ltr'>εήσονται</span> <span class='ocrx_word' id='word_1_412' title='bbox 426 3742 539 3811; x_wconf 81' lang='grc' dir='ltr'>γὰρ</span> <span class='ocrx_word' id='word_1_413' title='bbox 587 3742 724 3794; x_wconf 81' lang='grc' dir='ltr'>ὅσον</span> <span class='ocrx_word' id='word_1_414' title='bbox 760 3741 966 3792; x_wconf 70' lang='grc' dir='ltr'>οὐδέπω</span> <span class='ocrx_word' id='word_1_415' title='bbox 1013 3742 1285 3810; x_wconf 88' lang='grc' dir='ltr'>γενόμενοι</span> <span class='ocrx_word' id='word_1_416' title='bbox 1324 3742 1451 3794; x_wconf 71' lang='grc' dir='ltr'><strong>ιῦσε)⁸</strong></span> <span class='ocrx_word' id='word_1_417' title='bbox 1487 3742 1686 3811; x_wconf 82' lang='grc' dir='ltr'>λάχανα</span> 
     </span>
    </p>
   </div>
   <div class='ocr_carea' id='block_1_57' title="bbox 150 3819 1325 3898">
    <p class='ocr_par' dir='ltr' id='par_1_57' title="bbox 150 3819 1325 3898">
     <span class='ocr_line' id='line_1_57' title="bbox 150 3819 1325 3898; baseline 0.002 -20"><span class='ocrx_word' id='word_1_418' title='bbox 150 3819 286 3889; x_wconf 69' lang='grc' dir='ltr'>χλόης</span> <span class='ocrx_word' id='word_1_419' title='bbox 310 3826 397 3877; x_wconf 82' lang='grc' dir='ltr'><strong>καὶ</strong></span> <span class='ocrx_word' id='word_1_420' title='bbox 425 3827 564 3880; x_wconf 79' lang='grc' dir='ltr'>ὡσεὶ</span> <span class='ocrx_word' id='word_1_421' title='bbox 599 3828 806 3897; x_wconf 79' lang='grc' dir='ltr'>χόρτος</span> <span class='ocrx_word' id='word_1_422' title='bbox 836 3828 1325 3898; x_wconf 77' lang='grc' dir='ltr'>ἀποξηραινόμενοι.</span> 
     </span>
    </p>
   </div>
   <div class='ocr_carea' id='block_1_58' title="bbox 204 3912 1688 3984">
    <p class='ocr_par' dir='ltr' id='par_1_58' title="bbox 204 3912 1688 3984">
     <span class='ocr_line' id='line_1_58' title="bbox 204 3912 1688 3984; baseline 0.009 -25"><span class='ocrx_word' id='word_1_423' title='bbox 204 3912 479 3967; x_wconf 79' lang='grc' dir='ltr'>Γινώσκει</span> <span class='ocrx_word' id='word_1_424' title='bbox 528 3918 762 3981; x_wconf 81' lang='grc' dir='ltr'>Κύριος</span> <span class='ocrx_word' id='word_1_425' title='bbox 810 3916 912 3980; x_wconf 85' lang='grc' dir='ltr'>τὰς</span> <span class='ocrx_word' id='word_1_426' title='bbox 943 3916 1116 3980; x_wconf 84' lang='grc' dir='ltr'>ὀδοὺς</span> <span class='ocrx_word' id='word_1_427' title='bbox 1145 3916 1260 3968; x_wconf 83' lang='grc' dir='ltr'><strong>τῶν</strong></span> <span class='ocrx_word' id='word_1_428' title='bbox 1299 3915 1563 3984; x_wconf 79' lang='grc' dir='ltr'>ἀμώμων,</span> <span class='ocrx_word' id='word_1_429' title='bbox 1591 3920 1688 3972; x_wconf 75' lang='grc' dir='ltr'>καὶ</span> 
     </span>
    </p>
   </div>
   <div class='ocr_carea' id='block_1_59' title="bbox 147 3998 1670 4072">
    <p class='ocr_par' dir='ltr' id='par_1_59' title="bbox 147 3998 1670 4072">
     <span class='ocr_line' id='line_1_59' title="bbox 147 3998 1670 4072; baseline 0.006 -20"><span class='ocrx_word' id='word_1_430' title='bbox 147 3998 176 4061; x_wconf 79' lang='grc' dir='ltr'><em>ὴ</em></span> <span class='ocrx_word' id='word_1_431' title='bbox 200 4004 555 4072; x_wconf 74' lang='grc' dir='ltr'>κληρονομία</span> <span class='ocrx_word' id='word_1_432' title='bbox 579 4004 794 4061; x_wconf 82' lang='grc' dir='ltr'>αὐτῶν</span> <span class='ocrx_word' id='word_1_433' title='bbox 810 4009 895 4070; x_wconf 73' lang='grc' dir='ltr'>εἰς</span> <span class='ocrx_word' id='word_1_434' title='bbox 917 4009 1021 4057; x_wconf 81' lang='grc' dir='ltr'><strong>τὸν</strong></span> <span class='ocrx_word' id='word_1_435' title='bbox 1039 4005 1218 4059; x_wconf 76' lang='grc' dir='ltr'>αἰῶνα</span> <span class='ocrx_word' id='word_1_436' title='bbox 1237 4006 1421 4058; x_wconf 78' lang='grc' dir='ltr'>ἔσται.</span> <span class='ocrx_word' id='word_1_437' title='bbox 1450 4010 1528 4060; x_wconf 85' lang='grc' dir='ltr'><strong>Οὐ</strong></span> <span class='ocrx_word' id='word_1_438' title='bbox 1553 4025 1670 4061; x_wconf 76' lang='grc' dir='ltr'>κατ-</span> 
     </span>
    </p>
   </div>
   <div class='ocr_carea' id='block_1_60' title="bbox 140 4094 1684 4167">
    <p class='ocr_par' dir='ltr' id='par_1_60' title="bbox 140 4094 1684 4167">
     <span class='ocr_line' id='line_1_60' title="bbox 140 4094 1684 4167; baseline 0.01 -33"><span class='ocrx_word' id='word_1_439' title='bbox 140 4094 640 4158; x_wconf 77' lang='grc' dir='ltr'>ιιισχυνθήσονται</span> <span class='ocrx_word' id='word_1_440' title='bbox 695 4096 768 4146; x_wconf 81' lang='grc' dir='ltr'><strong>ἐν</strong></span> <span class='ocrx_word' id='word_1_441' title='bbox 805 4095 981 4162; x_wconf 82' lang='grc' dir='ltr'>καιρῷ</span> <span class='ocrx_word' id='word_1_442' title='bbox 1024 4095 1276 4162; x_wconf 81' lang='grc' dir='ltr'>πονηρῷ,</span> <span class='ocrx_word' id='word_1_443' title='bbox 1316 4097 1411 4148; x_wconf 76' lang='grc' dir='ltr'>καὶ</span> <span class='ocrx_word' id='word_1_444' title='bbox 1441 4098 1509 4150; x_wconf 73' lang='grc' dir='ltr'>ἐν</span> <span class='ocrx_word' id='word_1_445' title='bbox 1545 4099 1684 4167; x_wconf 71' lang='grc' dir='ltr'><strong>ἡμέιο</strong></span> 
     </span>
    </p>
   </div>
   <div class='ocr_carea' id='block_1_61' title="bbox 134 4183 1684 4253">
    <p class='ocr_par' dir='ltr' id='par_1_61' title="bbox 134 4183 1684 4253">
     <span class='ocr_line' id='line_1_61' title="bbox 134 4183 1684 4253; baseline 0.01 -28"><span class='ocrx_word' id='word_1_446' title='bbox 134 4190 250 4240; x_wconf 78' lang='grc' dir='ltr'>ραις</span> <span class='ocrx_word' id='word_1_447' title='bbox 288 4183 463 4248; x_wconf 81' lang='grc' dir='ltr'>,ιιμοῦ</span> <span class='ocrx_word' id='word_1_448' title='bbox 522 4183 1074 4251; x_wconf 81' lang='grc' dir='ltr'>χορτασθήσονται,</span> <span class='ocrx_word' id='word_1_449' title='bbox 1124 4185 1210 4236; x_wconf 83' lang='grc' dir='ltr'>ὅτι</span> <span class='ocrx_word' id='word_1_450' title='bbox 1267 4189 1318 4236; x_wconf 77' lang='grc' dir='ltr'>οἱ</span> <span class='ocrx_word' id='word_1_451' title='bbox 1363 4187 1684 4253; x_wconf 66' lang='grc' dir='ltr'>ἁμαρτωλοὶ</span> 
     </span>
    </p>
   </div>
   <div class='ocr_carea' id='block_1_62' title="bbox 140 4264 1687 4343">
    <p class='ocr_par' dir='ltr' id='par_1_62' title="bbox 140 4264 1687 4343">
     <span class='ocr_line' id='line_1_62' title="bbox 140 4264 1687 4343; baseline 0.011 -31"><span class='ocrx_word' id='word_1_452' title='bbox 140 4264 505 4324; x_wconf 73' lang='grc' dir='ltr'>ἀπολοῦνται.</span> <span class='ocrx_word' id='word_1_453' title='bbox 565 4276 703 4325; x_wconf 78' lang='grc' dir='ltr'><strong>Ὅτι</strong></span> <span class='ocrx_word' id='word_1_454' title='bbox 746 4273 842 4324; x_wconf 83' lang='grc' dir='ltr'>τοῦ</span> <span class='ocrx_word' id='word_1_455' title='bbox 887 4273 1055 4339; x_wconf 78' lang='grc' dir='ltr'>δεξιοῦ</span> <span class='ocrx_word' id='word_1_456' title='bbox 1100 4275 1390 4343; x_wconf 87' lang='grc' dir='ltr'>τάγματος,</span> <span class='ocrx_word' id='word_1_457' title='bbox 1446 4275 1584 4342; x_wconf 85' lang='grc' dir='ltr'>λέγω</span> <span class='ocrx_word' id='word_1_458' title='bbox 1631 4277 1687 4328; x_wconf 74' lang='grc' dir='ltr'>δὲ</span> 
     </span>
    </p>
   </div>
   <div class='ocr_carea' id='block_1_63' title="bbox 1789 1883 3306 1955">
    <p class='ocr_par' dir='ltr' id='par_1_63' title="bbox 1789 1883 3306 1955">
     <span class='ocr_line' id='line_1_63' title="bbox 1789 1883 3306 1955; baseline 0.001 -21"><span class='ocrx_word' id='word_1_459' title='bbox 1789 1883 2125 1938; x_wconf 83' lang='lat' dir='ltr'><strong>invadentem</strong></span> <span class='ocrx_word' id='word_1_460' title='bbox 2153 1888 2511 1954; x_wconf 72' lang='lat' dir='ltr'><strong>suspeximus,</strong></span> <span class='ocrx_word' id='word_1_461' title='bbox 2548 1902 2663 1955; x_wconf 68' lang='lat' dir='ltr'><strong>quae</strong></span> <span class='ocrx_word' id='word_1_462' title='bbox 2697 1889 2818 1940; x_wconf 89' lang='lat' dir='ltr'><strong>talis</strong></span> <span class='ocrx_word' id='word_1_463' title='bbox 2857 1888 3039 1955; x_wconf 89' lang='lat' dir='ltr'><strong>utique</strong></span> <span class='ocrx_word' id='word_1_464' title='bbox 3081 1886 3198 1949; x_wconf 75' lang='lat' dir='ltr'><strong>fuit,</strong></span> <span class='ocrx_word' id='word_1_465' title='bbox 3249 1891 3306 1936; x_wconf 90' lang='lat' dir='ltr'><strong>ut</strong></span> 
     </span>
    </p>
   </div>
   <div class='ocr_carea' id='block_1_64' title="bbox 1789 1974 3306 2045">
    <p class='ocr_par' dir='ltr' id='par_1_64' title="bbox 1789 1974 3306 2045">
     <span class='ocr_line' id='line_1_64' title="bbox 1789 1974 3306 2045; baseline 0.001 -19"><span class='ocrx_word' id='word_1_466' title='bbox 1789 1975 1921 2027; x_wconf 91' lang='lat' dir='ltr'><strong>nihil</strong></span> <span class='ocrx_word' id='word_1_467' title='bbox 1945 1976 2271 2028; x_wconf 86' lang='lat' dir='ltr'><strong>aberraverit</strong></span> <span class='ocrx_word' id='word_1_468' title='bbox 2314 1977 2358 2029; x_wconf 91' lang='lat' dir='ltr'><strong>is</strong></span> <span class='ocrx_word' id='word_1_469' title='bbox 2399 1978 2489 2042; x_wconf 92' lang='lat' dir='ltr'><strong>qui</strong></span> <span class='ocrx_word' id='word_1_470' title='bbox 2519 1979 2652 2030; x_wconf 85' lang='lat' dir='ltr'><strong>dixit</strong></span> <span class='ocrx_word' id='word_1_471' title='bbox 2681 1979 2911 2045; x_wconf 81' lang='lat' dir='ltr'><strong>gladium</strong></span> <span class='ocrx_word' id='word_1_472' title='bbox 2959 1992 3141 2030; x_wconf 89' lang='lat' dir='ltr'><strong>eorum</strong></span> <span class='ocrx_word' id='word_1_473' title='bbox 3189 1974 3306 2028; x_wconf 84' lang='lat' dir='ltr'><strong>inil-</strong></span> 
     </span>
    </p>
   </div>
   <div class='ocr_carea' id='block_1_65' title="bbox 1789 2063 3304 2132">
    <p class='ocr_par' dir='ltr' id='par_1_65' title="bbox 1789 2063 3304 2132">
     <span class='ocr_line' id='line_1_65' title="bbox 1789 2063 3304 2132; baseline 0.001 -16"><span class='ocrx_word' id='word_1_474' title='bbox 1789 2079 1911 2116; x_wconf 76' lang='lat' dir='ltr'><strong>xum</strong></span> <span class='ocrx_word' id='word_1_475' title='bbox 1943 2063 1994 2115; x_wconf 91' lang='lat' dir='ltr'><strong>in</strong></span> <span class='ocrx_word' id='word_1_476' title='bbox 2025 2063 2185 2115; x_wconf 88' lang='lat' dir='ltr'><strong>corda</strong></span> <span class='ocrx_word' id='word_1_477' title='bbox 2223 2063 2480 2132; x_wconf 88' lang='lat' dir='ltr'><strong>ipsorum,</strong></span> <span class='ocrx_word' id='word_1_478' title='bbox 2509 2073 2563 2119; x_wconf 90' lang='lat' dir='ltr'><strong>et</strong></span> <span class='ocrx_word' id='word_1_479' title='bbox 2590 2081 2747 2120; x_wconf 88' lang='lat' dir='ltr'><strong>arcus</strong></span> <span class='ocrx_word' id='word_1_480' title='bbox 2775 2080 2958 2120; x_wconf 89' lang='lat' dir='ltr'><strong>eorum</strong></span> <span class='ocrx_word' id='word_1_481' title='bbox 3001 2065 3304 2118; x_wconf 86' lang='lat' dir='ltr'><strong>confractos</strong></span> 
     </span>
    </p>
   </div>
   <div class='ocr_carea' id='block_1_66' title="bbox 1785 2169 1922 2209">
    <p class='ocr_par' dir='ltr' id='par_1_66' title="bbox 1785 2169 1922 2209">
     <span class='ocr_line' id='line_1_66' title="bbox 1785 2169 1922 2209; baseline 0.022 -3"><span class='ocrx_word' id='word_1_482' title='bbox 1785 2169 1922 2209; x_wconf 86' lang='lat' dir='ltr'><strong>esse.</strong></span> 
     </span>
    </p>
   </div>
   <div class='ocr_carea' id='block_1_67' title="bbox 1853 2407 3301 2479">
    <p class='ocr_par' dir='ltr' id='par_1_67' title="bbox 1853 2407 3301 2479">
     <span class='ocr_line' id='line_1_67' title="bbox 1853 2407 3301 2479; baseline 0.003 -19"><span class='ocrx_word' id='word_1_483' title='bbox 1853 2407 2017 2462; x_wconf 68' lang='lat' dir='ltr'><strong>Vatis.</strong></span> <span class='ocrx_word' id='word_1_484' title='bbox 2067 2409 2151 2463; x_wconf 79' lang='grc'><strong>16.</strong></span> <span class='ocrx_word' id='word_1_485' title='bbox 2195 2408 2381 2462; x_wconf 75' lang='lat' dir='ltr'><strong>Melius</strong></span> <span class='ocrx_word' id='word_1_486' title='bbox 2426 2419 2501 2463; x_wconf 68' lang='lat' dir='ltr'><strong>est</strong></span> <span class='ocrx_word' id='word_1_487' title='bbox 2550 2410 2802 2464; x_wconf 79' lang='lat' dir='ltr'><strong>modicum</strong></span> <span class='ocrx_word' id='word_1_488' title='bbox 2824 2411 2990 2479; x_wconf 82' lang='lat' dir='ltr'><strong>justo,</strong></span> <span class='ocrx_word' id='word_1_489' title='bbox 3027 2419 3129 2465; x_wconf 84' lang='lat' dir='ltr'><strong>etc.</strong></span> <span class='ocrx_word' id='word_1_490' title='bbox 3182 2409 3301 2466; x_wconf 70' lang='lat' dir='ltr'><strong>Haec</strong></span> 
     </span>
    </p>
   </div>
   <div class='ocr_carea' id='block_1_68' title="bbox 1785 2499 3302 2570">
    <p class='ocr_par' dir='ltr' id='par_1_68' title="bbox 1785 2499 3302 2570">
     <span class='ocr_line' id='line_1_68' title="bbox 1785 2499 3302 2570; baseline 0.004 -20"><span class='ocrx_word' id='word_1_491' title='bbox 1785 2513 1889 2550; x_wconf 85' lang='lat' dir='ltr'><strong>non</strong></span> <span class='ocrx_word' id='word_1_492' title='bbox 1922 2499 2078 2552; x_wconf 90' lang='lat' dir='ltr'><strong>modo</strong></span> <span class='ocrx_word' id='word_1_493' title='bbox 2108 2501 2457 2567; x_wconf 67' lang='lat' dir='ltr'><strong>praenuntiata</strong></span> <span class='ocrx_word' id='word_1_494' title='bbox 2487 2499 2661 2562; x_wconf 90' lang='lat' dir='ltr'><strong>fuere,</strong></span> <span class='ocrx_word' id='word_1_495' title='bbox 2690 2501 2780 2554; x_wconf 89' lang='lat' dir='ltr'><strong>sed</strong></span> <span class='ocrx_word' id='word_1_496' title='bbox 2811 2511 2864 2553; x_wconf 90' lang='lat' dir='ltr'><strong>et</strong></span> <span class='ocrx_word' id='word_1_497' title='bbox 2895 2503 3013 2554; x_wconf 80' lang='lat' dir='ltr'><strong>aliis</strong></span> <span class='ocrx_word' id='word_1_498' title='bbox 3053 2504 3302 2570; x_wconf 67' lang='lat' dir='ltr'><strong>tempori«</strong></span> 
     </span>
    </p>
   </div>
   <div class='ocr_carea' id='block_1_69' title="bbox 1785 2585 3302 2658">
    <p class='ocr_par' dir='ltr' id='par_1_69' title="bbox 1785 2585 3302 2658">
     <span class='ocr_line' id='line_1_69' title="bbox 1785 2585 3302 2658; baseline 0.005 -20"><span class='ocrx_word' id='word_1_499' title='bbox 1785 2585 1884 2639; x_wconf 88' lang='lat' dir='ltr'><strong>bus</strong></span> <span class='ocrx_word' id='word_1_500' title='bbox 1916 2600 2075 2654; x_wconf 87' lang='lat' dir='ltr'><strong>opere</strong></span> <span class='ocrx_word' id='word_1_501' title='bbox 2099 2588 2376 2656; x_wconf 86' lang='lat' dir='ltr'><strong>completa.</strong></span> <span class='ocrx_word' id='word_1_502' title='bbox 2401 2586 2584 2641; x_wconf 82' lang='lat' dir='ltr'><strong>Justus</strong></span> <span class='ocrx_word' id='word_1_503' title='bbox 2605 2588 2815 2655; x_wconf 89' lang='lat' dir='ltr'><strong>quidem</strong></span> <span class='ocrx_word' id='word_1_504' title='bbox 2840 2604 3117 2656; x_wconf 82' lang='lat' dir='ltr'><strong>pauperem</strong></span> <span class='ocrx_word' id='word_1_505' title='bbox 3144 2602 3302 2658; x_wconf 76' lang='lat' dir='ltr'><strong>agens</strong></span> 
     </span>
    </p>
   </div>
   <div class='ocr_carea' id='block_1_70' title="bbox 1783 2675 3303 2743">
    <p class='ocr_par' dir='ltr' id='par_1_70' title="bbox 1783 2675 3303 2743">
     <span class='ocr_line' id='line_1_70' title="bbox 1783 2675 3303 2743; baseline 0.007 -18"><span class='ocrx_word' id='word_1_506' title='bbox 1783 2675 1944 2726; x_wconf 90' lang='lat' dir='ltr'><strong>vitam</strong></span> <span class='ocrx_word' id='word_1_507' title='bbox 1995 2676 2180 2743; x_wconf 86' lang='lat' dir='ltr'><strong>paucis</strong></span> <span class='ocrx_word' id='word_1_508' title='bbox 2225 2684 2508 2730; x_wconf 90' lang='lat' dir='ltr'><strong>contentus</strong></span> <span class='ocrx_word' id='word_1_509' title='bbox 2556 2685 2656 2742; x_wconf 84' lang='lat' dir='ltr'><strong>est,</strong></span> <span class='ocrx_word' id='word_1_510' title='bbox 2711 2678 2774 2730; x_wconf 89' lang='lat' dir='ltr'><strong>ad</strong></span> <span class='ocrx_word' id='word_1_511' title='bbox 2830 2679 2939 2731; x_wconf 76' lang='lat' dir='ltr'><strong>lucc</strong></span> <span class='ocrx_word' id='word_1_512' title='bbox 2980 2681 3030 2731; x_wconf 91' lang='lat' dir='ltr'><strong>in</strong></span> <span class='ocrx_word' id='word_1_513' title='bbox 3064 2684 3303 2737; x_wconf 86' lang='lat' dir='ltr'><strong>oratione</strong></span> 
     </span>
    </p>
   </div>
   <div class='ocr_carea' id='block_1_71' title="bbox 1785 2755 3301 2830">
    <p class='ocr_par' dir='ltr' id='par_1_71' title="bbox 1785 2755 3301 2830">
     <span class='ocr_line' id='line_1_71' title="bbox 1785 2755 3301 2830; baseline 0.007 -23"><span class='ocrx_word' id='word_1_514' title='bbox 1785 2755 2097 2824; x_wconf 88' lang='lat' dir='ltr'><strong>proferenda</strong></span> <span class='ocrx_word' id='word_1_515' title='bbox 2133 2759 2426 2818; x_wconf 89' lang='lat' dir='ltr'><strong>institutus,</strong></span> <span class='ocrx_word' id='word_1_516' title='bbox 2460 2758 2654 2811; x_wconf 84' lang='lat' dir='ltr'><strong>Panem</strong></span> <span class='ocrx_word' id='word_1_517' title='bbox 2688 2770 2918 2812; x_wconf 78' lang='lat' dir='ltr'><strong>nostrum</strong></span> <span class='ocrx_word' id='word_1_518' title='bbox 2948 2764 3301 2830; x_wconf 76' lang='lat' dir='ltr'><strong>quotidianum</strong></span> 
     </span>
    </p>
   </div>
   <div class='ocr_carea' id='block_1_72' title="bbox 1781 2843 3299 2916">
    <p class='ocr_par' dir='ltr' id='par_1_72' title="bbox 1781 2843 3299 2916">
     <span class='ocr_line' id='line_1_72' title="bbox 1781 2843 3299 2916; baseline 0.009 -22"><span class='ocrx_word' id='word_1_519' title='bbox 1781 2843 1850 2897; x_wconf 84' lang='lat' dir='ltr'><strong>da</strong></span> <span class='ocrx_word' id='word_1_520' title='bbox 1879 2845 2024 2897; x_wconf 81' lang='lat' dir='ltr'><strong>nobis</strong></span> <span class='ocrx_word' id='word_1_521' title='bbox 2051 2845 2202 2899; x_wconf 80' lang='lat' dir='ltr'><strong>hodie</strong></span> <span class='ocrx_word' id='word_1_522' title='bbox 2228 2847 2294 2898; x_wconf 74' lang='grc' dir='ltr'><strong>⁷ο.</strong></span> <span class='ocrx_word' id='word_1_523' title='bbox 2337 2845 2594 2901; x_wconf 84' lang='lat' dir='ltr'><strong>Peccator</strong></span> <span class='ocrx_word' id='word_1_524' title='bbox 2627 2858 2800 2901; x_wconf 90' lang='lat' dir='ltr'><strong>autem</strong></span> <span class='ocrx_word' id='word_1_525' title='bbox 2832 2849 3031 2903; x_wconf 78' lang='lat' dir='ltr'><strong>divitiis</strong></span> <span class='ocrx_word' id='word_1_526' title='bbox 3060 2853 3299 2916; x_wconf 75' lang='lat' dir='ltr'><strong>afﬂuens,</strong></span> 
     </span>
    </p>
   </div>
   <div class='ocr_carea' id='block_1_73' title="bbox 1781 2933 3303 3009">
    <p class='ocr_par' dir='ltr' id='par_1_73' title="bbox 1781 2933 3303 3009">
     <span class='ocr_line' id='line_1_73' title="bbox 1781 2933 3303 3009; baseline 0.006 -25"><span class='ocrx_word' id='word_1_527' title='bbox 1781 2945 1841 2985; x_wconf 85' lang='lat' dir='ltr'><strong>se</strong></span> <span class='ocrx_word' id='word_1_528' title='bbox 1869 2933 2006 2987; x_wconf 88' lang='lat' dir='ltr'><strong>bono</strong></span> <span class='ocrx_word' id='word_1_529' title='bbox 2037 2933 2136 2987; x_wconf 90' lang='lat' dir='ltr'><strong>frui</strong></span> <span class='ocrx_word' id='word_1_530' title='bbox 2169 2936 2477 2988; x_wconf 85' lang='lat' dir='ltr'><strong>arbitratur.</strong></span> <span class='ocrx_word' id='word_1_531' title='bbox 2511 2937 2576 2987; x_wconf 82' lang='lat' dir='ltr'><strong>At</strong></span> <span class='ocrx_word' id='word_1_532' title='bbox 2602 2937 2764 3004; x_wconf 87' lang='lat' dir='ltr'><strong>probe</strong></span> <span class='ocrx_word' id='word_1_533' title='bbox 2794 2939 2934 3001; x_wconf 76' lang='lat' dir='ltr'><strong>novi,</strong></span> <span class='ocrx_word' id='word_1_534' title='bbox 2989 2941 3181 3009; x_wconf 85' lang='lat' dir='ltr'><strong>inquit,</strong></span> <span class='ocrx_word' id='word_1_535' title='bbox 3224 2944 3303 2995; x_wconf 81' lang='lat' dir='ltr'><strong>id-</strong></span> 
     </span>
    </p>
   </div>
   <div class='ocr_carea' id='block_1_74' title="bbox 1783 3023 3302 3097">
    <p class='ocr_par' dir='ltr' id='par_1_74' title="bbox 1783 3023 3302 3097">
     <span class='ocr_line' id='line_1_74' title="bbox 1783 3023 3302 3097; baseline 0.007 -26"><span class='ocrx_word' id='word_1_536' title='bbox 1783 3035 1884 3088; x_wconf 87' lang='lat' dir='ltr'><strong>que</strong></span> <span class='ocrx_word' id='word_1_537' title='bbox 1930 3029 2150 3076; x_wconf 56' lang='lat' dir='ltr'><strong>cateros</strong></span> <span class='ocrx_word' id='word_1_538' title='bbox 2195 3023 2380 3084; x_wconf 86' lang='lat' dir='ltr'><strong>doceo.</strong></span> <span class='ocrx_word' id='word_1_539' title='bbox 2419 3026 2582 3077; x_wconf 89' lang='lat' dir='ltr'><strong>multo</strong></span> <span class='ocrx_word' id='word_1_540' title='bbox 2624 3028 3039 3093; x_wconf 61' lang='lat' dir='ltr'><strong>praestantiorem</strong></span> <span class='ocrx_word' id='word_1_541' title='bbox 3077 3031 3302 3097; x_wconf 79' lang='lat' dir='ltr'><strong>justum.</strong></span> 
     </span>
    </p>
   </div>
   <div class='ocr_carea' id='block_1_75' title="bbox 1781 3113 3302 3188">
    <p class='ocr_par' dir='ltr' id='par_1_75' title="bbox 1781 3113 3302 3188">
     <span class='ocr_line' id='line_1_75' title="bbox 1781 3113 3302 3188; baseline 0.007 -23"><span class='ocrx_word' id='word_1_542' title='bbox 1781 3113 1870 3181; x_wconf 92' lang='lat' dir='ltr'><strong>qui</strong></span> <span class='ocrx_word' id='word_1_543' title='bbox 1901 3115 2268 3181; x_wconf 86' lang='lat' dir='ltr'><strong>quotidianum</strong></span> <span class='ocrx_word' id='word_1_544' title='bbox 2300 3131 2328 3168; x_wconf 90' lang='lat' dir='ltr'><strong>a</strong></span> <span class='ocrx_word' id='word_1_545' title='bbox 2372 3115 2476 3170; x_wconf 91' lang='lat' dir='ltr'><strong>Deo</strong></span> <span class='ocrx_word' id='word_1_546' title='bbox 2507 3131 2693 3186; x_wconf 88' lang='lat' dir='ltr'><strong>panem</strong></span> <span class='ocrx_word' id='word_1_547' title='bbox 2724 3121 2932 3188; x_wconf 89' lang='lat' dir='ltr'><strong>accipit,</strong></span> <span class='ocrx_word' id='word_1_548' title='bbox 2962 3131 3302 3188; x_wconf 81' lang='lat' dir='ltr'><strong>peccatorum</strong></span> 
     </span>
    </p>
   </div>
   <div class='ocr_carea' id='block_1_76' title="bbox 1782 3203 3302 3274">
    <p class='ocr_par' dir='ltr' id='par_1_76' title="bbox 1782 3203 3302 3274">
     <span class='ocr_line' id='line_1_76' title="bbox 1782 3203 3302 3274; baseline 0.007 -20"><span class='ocrx_word' id='word_1_549' title='bbox 1782 3203 1984 3256; x_wconf 85' lang='lat' dir='ltr'><strong>divitiis</strong></span> <span class='ocrx_word' id='word_1_550' title='bbox 2010 3219 2148 3256; x_wconf 88' lang='lat' dir='ltr'><strong>esse.</strong></span> <span class='ocrx_word' id='word_1_551' title='bbox 2181 3203 2331 3268; x_wconf 83' lang='lat' dir='ltr'><strong>Quod</strong></span> <span class='ocrx_word' id='word_1_552' title='bbox 2365 3205 2409 3258; x_wconf 91' lang='lat' dir='ltr'><strong>si</strong></span> <span class='ocrx_word' id='word_1_553' title='bbox 2458 3221 2672 3259; x_wconf 83' lang='lat' dir='ltr'><strong>causam</strong></span> <span class='ocrx_word' id='word_1_554' title='bbox 2702 3210 3050 3274; x_wconf 85' lang='lat' dir='ltr'><strong>perconteris,</strong></span> <span class='ocrx_word' id='word_1_555' title='bbox 3095 3211 3302 3264; x_wconf 82' lang='lat' dir='ltr'><strong>ediscat</strong></span> 
     </span>
    </p>
   </div>
   <div class='ocr_carea' id='block_1_77' title="bbox 1783 3291 3300 3362">
    <p class='ocr_par' dir='ltr' id='par_1_77' title="bbox 1783 3291 3300 3362">
     <span class='ocr_line' id='line_1_77' title="bbox 1783 3291 3300 3362; baseline 0.007 -20"><span class='ocrx_word' id='word_1_556' title='bbox 1783 3291 1928 3353; x_wconf 88' lang='lat' dir='ltr'><strong>licet,</strong></span> <span class='ocrx_word' id='word_1_557' title='bbox 1959 3293 2081 3358; x_wconf 88' lang='lat' dir='ltr'><strong>quia</strong></span> <span class='ocrx_word' id='word_1_558' title='bbox 2117 3293 2204 3345; x_wconf 92' lang='lat' dir='ltr'><strong>ille</strong></span> <span class='ocrx_word' id='word_1_559' title='bbox 2234 3295 2448 3360; x_wconf 85' lang='lat' dir='ltr'><strong>quidem</strong></span> <span class='ocrx_word' id='word_1_560' title='bbox 2481 3297 2662 3362; x_wconf 85' lang='lat' dir='ltr'><strong>paucis</strong></span> <span class='ocrx_word' id='word_1_561' title='bbox 2687 3305 2990 3356; x_wconf 86' lang='lat' dir='ltr'><strong>contentus,</strong></span> <span class='ocrx_word' id='word_1_562' title='bbox 3023 3295 3300 3352; x_wconf 79' lang='lat' dir='ltr'><strong>Dominum</strong></span> 
     </span>
    </p>
   </div>
   <div class='ocr_carea' id='block_1_78' title="bbox 1784 3380 3300 3456">
    <p class='ocr_par' dir='ltr' id='par_1_78' title="bbox 1784 3380 3300 3456">
     <span class='ocr_line' id='line_1_78' title="bbox 1784 3380 3300 3456; baseline 0.008 -26"><span class='ocrx_word' id='word_1_563' title='bbox 1784 3380 1940 3433; x_wconf 85' lang='lat' dir='ltr'><strong>habet</strong></span> <span class='ocrx_word' id='word_1_564' title='bbox 1981 3383 2070 3448; x_wconf 89' lang='lat' dir='ltr'><strong>qui</strong></span> <span class='ocrx_word' id='word_1_565' title='bbox 2106 3382 2336 3434; x_wconf 86' lang='lat' dir='ltr'><strong>animam</strong></span> <span class='ocrx_word' id='word_1_566' title='bbox 2383 3391 2435 3435; x_wconf 84' lang='lat' dir='ltr'><strong>et</strong></span> <span class='ocrx_word' id='word_1_567' title='bbox 2465 3383 2625 3434; x_wconf 84' lang='lat' dir='ltr'><strong>vitam</strong></span> <span class='ocrx_word' id='word_1_568' title='bbox 2672 3385 2787 3449; x_wconf 81' lang='lat' dir='ltr'><strong>ejus</strong></span> <span class='ocrx_word' id='word_1_569' title='bbox 2838 3386 3038 3446; x_wconf 86' lang='lat' dir='ltr'><strong>fulciat.</strong></span> <span class='ocrx_word' id='word_1_570' title='bbox 3095 3387 3300 3456; x_wconf 86' lang='lat' dir='ltr'><strong>ipsique</strong></span> 
     </span>
    </p>
   </div>
   <div class='ocr_carea' id='block_1_79' title="bbox 1782 3469 3299 3543">
    <p class='ocr_par' dir='ltr' id='par_1_79' title="bbox 1782 3469 3299 3543">
     <span class='ocr_line' id='line_1_79' title="bbox 1782 3469 3299 3543; baseline 0.006 -23"><span class='ocrx_word' id='word_1_571' title='bbox 1782 3469 2062 3537; x_wconf 90' lang='lat' dir='ltr'><strong>plusquam</strong></span> <span class='ocrx_word' id='word_1_572' title='bbox 2113 3485 2297 3524; x_wconf 85' lang='lat' dir='ltr'><strong>omnes</strong></span> <span class='ocrx_word' id='word_1_573' title='bbox 2335 3471 2532 3525; x_wconf 71' lang='lat' dir='ltr'><strong>divitia:</strong></span> <span class='ocrx_word' id='word_1_574' title='bbox 2565 3471 2788 3526; x_wconf 86' lang='lat' dir='ltr'><strong>sufliciat</strong></span> <span class='ocrx_word' id='word_1_575' title='bbox 2816 3492 2828 3526; x_wconf 92' lang='lat'><strong>:</strong></span> <span class='ocrx_word' id='word_1_576' title='bbox 2881 3484 2933 3527; x_wconf 90' lang='lat' dir='ltr'><strong>at</strong></span> <span class='ocrx_word' id='word_1_577' title='bbox 2965 3485 3299 3543; x_wconf 87' lang='lat' dir='ltr'><strong>peccatorum</strong></span> 
     </span>
    </p>
   </div>
   <div class='ocr_carea' id='block_1_80' title="bbox 1783 3559 3299 3632">
    <p class='ocr_par' dir='ltr' id='par_1_80' title="bbox 1783 3559 3299 3632">
     <span class='ocr_line' id='line_1_80' title="bbox 1783 3559 3299 3632; baseline 0.005 -22"><span class='ocrx_word' id='word_1_578' title='bbox 1783 3559 2000 3612; x_wconf 87' lang='lat' dir='ltr'><strong>brachia</strong></span> <span class='ocrx_word' id='word_1_579' title='bbox 2031 3575 2135 3612; x_wconf 90' lang='lat' dir='ltr'><strong>non</strong></span> <span class='ocrx_word' id='word_1_580' title='bbox 2165 3561 2382 3614; x_wconf 86' lang='lat' dir='ltr'><strong>robusta</strong></span> <span class='ocrx_word' id='word_1_581' title='bbox 2428 3570 2662 3626; x_wconf 88' lang='lat' dir='ltr'><strong>manent,</strong></span> <span class='ocrx_word' id='word_1_582' title='bbox 2693 3579 2867 3632; x_wconf 81' lang='lat' dir='ltr'><strong>neque</strong></span> <span class='ocrx_word' id='word_1_583' title='bbox 2897 3566 3092 3620; x_wconf 74' lang='lat' dir='ltr'><strong>divitia:</strong></span> <span class='ocrx_word' id='word_1_584' title='bbox 3119 3581 3299 3620; x_wconf 89' lang='lat' dir='ltr'><strong>eorum</strong></span> 
     </span>
    </p>
   </div>
   <div class='ocr_carea' id='block_1_81' title="bbox 1786 3647 3300 3723">
    <p class='ocr_par' dir='ltr' id='par_1_81' title="bbox 1786 3647 3300 3723">
     <span class='ocr_line' id='line_1_81' title="bbox 1786 3647 3300 3723; baseline 0.007 -24"><span class='ocrx_word' id='word_1_585' title='bbox 1786 3647 1948 3700; x_wconf 66' lang='lat' dir='ltr'><strong>firmae</strong></span> <span class='ocrx_word' id='word_1_586' title='bbox 1997 3655 2157 3711; x_wconf 89' lang='lat' dir='ltr'><strong>sunt;</strong></span> <span class='ocrx_word' id='word_1_587' title='bbox 2216 3664 2378 3717; x_wconf 89' lang='lat' dir='ltr'><strong>prope</strong></span> <span class='ocrx_word' id='word_1_588' title='bbox 2406 3650 2543 3704; x_wconf 83' lang='lat' dir='ltr'><strong>dicm</strong></span> <span class='ocrx_word' id='word_1_589' title='bbox 2569 3653 2708 3704; x_wconf 89' lang='lat' dir='ltr'><strong>enim</strong></span> <span class='ocrx_word' id='word_1_590' title='bbox 2761 3661 3102 3706; x_wconf 86' lang='lat' dir='ltr'><strong>conterentur</strong></span> <span class='ocrx_word' id='word_1_591' title='bbox 3149 3654 3300 3723; x_wconf 80' lang='lat' dir='ltr'><strong>quasi</strong></span> 
     </span>
    </p>
   </div>
   <div class='ocr_carea' id='block_1_82' title="bbox 1783 3733 3119 3807">
    <p class='ocr_par' dir='ltr' id='par_1_82' title="bbox 1783 3733 3119 3807">
     <span class='ocr_line' id='line_1_82' title="bbox 1783 3733 3119 3807; baseline 0.007 -21"><span class='ocrx_word' id='word_1_592' title='bbox 1783 3733 1925 3788; x_wconf 87' lang='lat' dir='ltr'><strong>olera</strong></span> <span class='ocrx_word' id='word_1_593' title='bbox 1956 3736 2261 3798; x_wconf 88' lang='lat' dir='ltr'><strong>herbarum,</strong></span> <span class='ocrx_word' id='word_1_594' title='bbox 2294 3747 2344 3790; x_wconf 88' lang='lat' dir='ltr'><strong>et</strong></span> <span class='ocrx_word' id='word_1_595' title='bbox 2371 3745 2620 3807; x_wconf 85' lang='lat' dir='ltr'><strong>tanquam</strong></span> <span class='ocrx_word' id='word_1_596' title='bbox 2652 3737 2830 3792; x_wconf 85' lang='lat' dir='ltr'><strong>fenum</strong></span> <span class='ocrx_word' id='word_1_597' title='bbox 2857 3749 3119 3796; x_wconf 88' lang='lat' dir='ltr'><strong>arescent.</strong></span> 
     </span>
    </p>
   </div>
   <div class='ocr_carea' id='block_1_83' title="bbox 1851 3903 3300 3967">
    <p class='ocr_par' dir='ltr' id='par_1_83' title="bbox 1851 3903 3300 3967">
     <span class='ocr_line' id='line_1_83' title="bbox 1851 3903 3300 3967; baseline 0.006 -10"><span class='ocrx_word' id='word_1_598' title='bbox 1851 3903 2013 3963; x_wconf 78' lang='lat' dir='ltr'><strong>Vens.</strong></span> <span class='ocrx_word' id='word_1_599' title='bbox 2060 3909 2174 3960; x_wconf 71' lang='lat'><strong>18-</strong></span> <span class='ocrx_word' id='word_1_600' title='bbox 2203 3906 2289 3960; x_wconf 68' lang='lat'><strong>20.</strong></span> <span class='ocrx_word' id='word_1_601' title='bbox 2340 3906 2495 3962; x_wconf 73' lang='lat' dir='ltr'><strong>Novit</strong></span> <span class='ocrx_word' id='word_1_602' title='bbox 2551 3909 2797 3962; x_wconf 78' lang='lat' dir='ltr'><strong>Dominus</strong></span> <span class='ocrx_word' id='word_1_603' title='bbox 2847 3911 2955 3962; x_wconf 81' lang='lat' dir='ltr'><strong>vias</strong></span> <span class='ocrx_word' id='word_1_604' title='bbox 3006 3911 3300 3967; x_wconf 79' lang='lat' dir='ltr'><strong>immacula-</strong></span> 
     </span>
    </p>
   </div>
   <div class='ocr_carea' id='block_1_84' title="bbox 1784 3998 3304 4059">
    <p class='ocr_par' dir='ltr' id='par_1_84' title="bbox 1784 3998 3304 4059">
     <span class='ocr_line' id='line_1_84' title="bbox 1784 3998 3304 4059; baseline 0.001 -9"><span class='ocrx_word' id='word_1_605' title='bbox 1784 4007 1972 4059; x_wconf 84' lang='lat' dir='ltr'><strong>torum,</strong></span> <span class='ocrx_word' id='word_1_606' title='bbox 2009 4008 2056 4050; x_wconf 82' lang='lat' dir='ltr'><strong>et</strong></span> <span class='ocrx_word' id='word_1_607' title='bbox 2102 3998 2376 4050; x_wconf 71' lang='lat' dir='ltr'><strong>ha&#39;reditas</strong></span> <span class='ocrx_word' id='word_1_608' title='bbox 2418 4013 2592 4049; x_wconf 86' lang='lat' dir='ltr'><strong>eorum</strong></span> <span class='ocrx_word' id='word_1_609' title='bbox 2641 3999 2692 4048; x_wconf 78' lang='lat' dir='ltr'><strong>in</strong></span> <span class='ocrx_word' id='word_1_610' title='bbox 2741 4005 2985 4050; x_wconf 74' lang='lat' dir='ltr'><strong>wternum</strong></span> <span class='ocrx_word' id='word_1_611' title='bbox 3035 4000 3150 4050; x_wconf 79' lang='lat' dir='ltr'><strong>erit.</strong></span> <span class='ocrx_word' id='word_1_612' title='bbox 3185 3998 3304 4052; x_wconf 69' lang='lat' dir='ltr'><strong>Non</strong></span> 
     </span>
    </p>
   </div>
   <div class='ocr_carea' id='block_1_85' title="bbox 1783 4085 3302 4155">
    <p class='ocr_par' dir='ltr' id='par_1_85' title="bbox 1783 4085 3302 4155">
     <span class='ocr_line' id='line_1_85' title="bbox 1783 4085 3302 4155; baseline 0.001 -16"><span class='ocrx_word' id='word_1_613' title='bbox 1783 4086 2158 4155; x_wconf 71' lang='lat' dir='ltr'><strong>confundantur</strong></span> <span class='ocrx_word' id='word_1_614' title='bbox 2197 4088 2248 4139; x_wconf 78' lang='lat' dir='ltr'><strong>in</strong></span> <span class='ocrx_word' id='word_1_615' title='bbox 2282 4097 2499 4152; x_wconf 81' lang='lat' dir='ltr'><strong>tempore</strong></span> <span class='ocrx_word' id='word_1_616' title='bbox 2529 4087 2685 4148; x_wconf 81' lang='lat' dir='ltr'><strong>malo,</strong></span> <span class='ocrx_word' id='word_1_617' title='bbox 2737 4094 2783 4138; x_wconf 85' lang='lat' dir='ltr'><strong>et</strong></span> <span class='ocrx_word' id='word_1_618' title='bbox 2829 4087 2882 4137; x_wconf 82' lang='lat' dir='ltr'><strong>in</strong></span> <span class='ocrx_word' id='word_1_619' title='bbox 2927 4085 3103 4138; x_wconf 81' lang='lat' dir='ltr'><strong>diebus</strong></span> <span class='ocrx_word' id='word_1_620' title='bbox 3145 4087 3302 4154; x_wconf 75' lang='lat' dir='ltr'><strong>[amis</strong></span> 
     </span>
    </p>
   </div>
   <div class='ocr_carea' id='block_1_86' title="bbox 1784 4173 3302 4243">
    <p class='ocr_par' dir='ltr' id='par_1_86' title="bbox 1784 4173 3302 4243">
     <span class='ocr_line' id='line_1_86' title="bbox 1784 4173 3302 4243; baseline -0.003 -14"><span class='ocrx_word' id='word_1_621' title='bbox 1784 4179 2175 4238; x_wconf 83' lang='lat' dir='ltr'><strong>saturabunlur,</strong></span> <span class='ocrx_word' id='word_1_622' title='bbox 2205 4176 2324 4243; x_wconf 77' lang='lat' dir='ltr'><strong>quin</strong></span> <span class='ocrx_word' id='word_1_623' title='bbox 2354 4184 2641 4241; x_wconf 82' lang='lat' dir='ltr'><strong>peccatores</strong></span> <span class='ocrx_word' id='word_1_624' title='bbox 2667 4173 2920 4242; x_wconf 83' lang='lat' dir='ltr'><strong>peribunt.</strong></span> <span class='ocrx_word' id='word_1_625' title='bbox 2952 4173 3086 4238; x_wconf 89' lang='lat' dir='ltr'><strong>Quia</strong></span> <span class='ocrx_word' id='word_1_626' title='bbox 3118 4189 3302 4227; x_wconf 90' lang='lat' dir='ltr'><strong>eorum</strong></span> 
     </span>
    </p>
   </div>
   <div class='ocr_carea' id='block_1_87' title="bbox 1783 4265 3306 4335">
    <p class='ocr_par' dir='ltr' id='par_1_87' title="bbox 1783 4265 3306 4335">
     <span class='ocr_line' id='line_1_87' title="bbox 1783 4265 3306 4335; baseline 0 -17"><span class='ocrx_word' id='word_1_627' title='bbox 1783 4267 1873 4335; x_wconf 88' lang='lat' dir='ltr'><strong>qui</strong></span> <span class='ocrx_word' id='word_1_628' title='bbox 1907 4267 1957 4318; x_wconf 91' lang='lat' dir='ltr'><strong>in</strong></span> <span class='ocrx_word' id='word_1_629' title='bbox 1993 4265 2180 4318; x_wconf 79' lang='lat' dir='ltr'><strong>dextro</strong></span> <span class='ocrx_word' id='word_1_630' title='bbox 2229 4265 2416 4316; x_wconf 87' lang='lat' dir='ltr'><strong>ordine</strong></span> <span class='ocrx_word' id='word_1_631' title='bbox 2460 4272 2603 4328; x_wconf 92' lang='lat' dir='ltr'><strong>sunt,</strong></span> <span class='ocrx_word' id='word_1_632' title='bbox 2634 4265 2684 4317; x_wconf 94' lang='lat' dir='ltr'><strong>id</strong></span> <span class='ocrx_word' id='word_1_633' title='bbox 2733 4272 2816 4318; x_wconf 83' lang='lat' dir='ltr'><strong>est</strong></span> <span class='ocrx_word' id='word_1_634' title='bbox 2858 4265 3143 4331; x_wconf 87' lang='lat' dir='ltr'><strong>justorum,</strong></span> <span class='ocrx_word' id='word_1_635' title='bbox 3196 4279 3306 4318; x_wconf 86' lang='lat' dir='ltr'><strong>non</strong></span> 
     </span>
    </p>
   </div>
   <div class='ocr_carea' id='block_1_88' title="bbox 138 4350 1686 4444">
    <p class='ocr_par' dir='ltr' id='par_1_88' title="bbox 138 4350 1682 4434">
     <span class='ocr_line' id='line_1_88' title="bbox 138 4350 1682 4434; baseline 0.01 -32"><span class='ocrx_word' id='word_1_636' title='bbox 138 4350 232 4403; x_wconf 81' lang='grc' dir='ltr'>τῶν</span> <span class='ocrx_word' id='word_1_637' title='bbox 255 4355 493 4424; x_wconf 84' lang='grc' dir='ltr'>δικαίων,</span> <span class='ocrx_word' id='word_1_638' title='bbox 529 4364 598 4414; x_wconf 81' lang='grc' dir='ltr'>οὐ</span> <span class='ocrx_word' id='word_1_639' title='bbox 633 4364 798 4431; x_wconf 85' lang='grc' dir='ltr'>μόνον</span> <span class='ocrx_word' id='word_1_640' title='bbox 824 4363 1164 4432; x_wconf 76' lang='grc' dir='ltr'>ὑποστηρίζει</span> <span class='ocrx_word' id='word_1_641' title='bbox 1190 4367 1217 4416; x_wconf 90' lang='lat'><strong>6</strong></span> <span class='ocrx_word' id='word_1_642' title='bbox 1244 4365 1372 4426; x_wconf 82' lang='grc' dir='ltr'>Θεὸς</span> <span class='ocrx_word' id='word_1_643' title='bbox 1401 4365 1495 4434; x_wconf 84' lang='grc' dir='ltr'>τὴν</span> <span class='ocrx_word' id='word_1_644' title='bbox 1521 4365 1682 4434; x_wconf 75' lang='grc' dir='ltr'>ζωὴν,</span> 
     </span>
    </p>
   </div>
   <div class='ocr_carea' id='block_1_89' title="bbox 1787 4350 3302 4444">
    <p class='ocr_par' dir='ltr' id='par_1_89' title="bbox 1788 4351 3302 4422">
     <span class='ocr_line' id='line_1_89' title="bbox 1788 4351 3302 4422; baseline -0.001 -16"><span class='ocrx_word' id='word_1_645' title='bbox 1788 4355 1942 4407; x_wconf 87' lang='lat' dir='ltr'><strong>modo</strong></span> <span class='ocrx_word' id='word_1_646' title='bbox 1989 4356 2149 4406; x_wconf 77' lang='lat' dir='ltr'><strong>vitam</strong></span> <span class='ocrx_word' id='word_1_647' title='bbox 2186 4352 2335 4405; x_wconf 90' lang='lat' dir='ltr'><strong>fulcit</strong></span> <span class='ocrx_word' id='word_1_648' title='bbox 2376 4351 2667 4418; x_wconf 84' lang='lat' dir='ltr'><strong>Dominus;</strong></span> <span class='ocrx_word' id='word_1_649' title='bbox 2717 4353 2806 4406; x_wconf 88' lang='lat' dir='ltr'><strong>sed</strong></span> <span class='ocrx_word' id='word_1_650' title='bbox 2841 4353 2998 4404; x_wconf 87' lang='lat' dir='ltr'><strong>etiam</strong></span> <span class='ocrx_word' id='word_1_651' title='bbox 3032 4352 3166 4415; x_wconf 82' lang='lat' dir='ltr'><strong>dies,</strong></span> <span class='ocrx_word' id='word_1_652' title='bbox 3211 4354 3302 4422; x_wconf 91' lang='lat' dir='ltr'><strong>qui</strong></span> 
     </span>
    </p>
   </div>
   <div class='ocr_carea' id='block_1_90' title="bbox 140 4439 1685 4522">
    <p class='ocr_par' dir='ltr' id='par_1_90' title="bbox 140 4439 1685 4522">
     <span class='ocr_line' id='line_1_90' title="bbox 140 4439 1685 4522; baseline 0.009 -31"><span class='ocrx_word' id='word_1_653' title='bbox 140 4439 256 4492; x_wconf 77' lang='grc' dir='ltr'>ἀλλὰ</span> <span class='ocrx_word' id='word_1_654' title='bbox 285 4450 377 4498; x_wconf 78' lang='grc' dir='ltr'>καὶ</span> <span class='ocrx_word' id='word_1_655' title='bbox 413 4450 516 4511; x_wconf 77' lang='grc' dir='ltr'><strong>τάς</strong></span> <span class='ocrx_word' id='word_1_656' title='bbox 559 4451 968 4519; x_wconf 73' lang='grc' dir='ltr'>περιμενούσας</span> <span class='ocrx_word' id='word_1_657' title='bbox 1015 4453 1205 4512; x_wconf 75' lang='grc' dir='ltr'>αὐτοὺς</span> <span class='ocrx_word' id='word_1_658' title='bbox 1240 4453 1295 4503; x_wconf 85' lang='grc' dir='ltr'><strong>ἐν</strong></span> <span class='ocrx_word' id='word_1_659' title='bbox 1333 4453 1408 4522; x_wconf 79' lang='grc' dir='ltr'>τῷ</span> <span class='ocrx_word' id='word_1_660' title='bbox 1450 4453 1685 4521; x_wconf 83' lang='grc' dir='ltr'>μέλλοντι</span> 
     </span>
    </p>
   </div>
   <div class='ocr_carea' id='block_1_91' title="bbox 141 4529 1688 4613">
    <p class='ocr_par' dir='ltr' id='par_1_91' title="bbox 141 4529 1688 4613">
     <span class='ocr_line' id='line_1_91' title="bbox 141 4529 1688 4613; baseline 0.016 -37"><span class='ocrx_word' id='word_1_661' title='bbox 141 4529 278 4581; x_wconf 74' lang='grc' dir='ltr'>αἰῶνι</span> <span class='ocrx_word' id='word_1_662' title='bbox 316 4537 529 4608; x_wconf 72' lang='grc' dir='ltr'>ἡμέρας</span> <span class='ocrx_word' id='word_1_663' title='bbox 591 4539 845 4609; x_wconf 81' lang='grc' dir='ltr'>ἀκριϐῶς</span> <span class='ocrx_word' id='word_1_664' title='bbox 882 4537 1005 4600; x_wconf 80' lang='grc' dir='ltr'>οἶδε,</span> <span class='ocrx_word' id='word_1_665' title='bbox 1061 4544 1158 4610; x_wconf 76' lang='grc' dir='ltr'>τήν</span> <span class='ocrx_word' id='word_1_666' title='bbox 1202 4559 1257 4593; x_wconf 88' lang='grc' dir='ltr'><strong>τε</strong></span> <span class='ocrx_word' id='word_1_667' title='bbox 1297 4543 1688 4613; x_wconf 77' lang='grc' dir='ltr'>ἡτοιμασμένην</span> 
     </span>
    </p>
   </div>
   <div class='ocr_carea' id='block_1_92' title="bbox 144 4617 1688 4701">
    <p class='ocr_par' dir='ltr' id='par_1_92' title="bbox 144 4617 1688 4701">
     <span class='ocr_line' id='line_1_92' title="bbox 144 4617 1688 4701; baseline 0.012 -35"><span class='ocrx_word' id='word_1_668' title='bbox 144 4617 308 4681; x_wconf 75' lang='grc' dir='ltr'>αὐτοῖς</span> <span class='ocrx_word' id='word_1_669' title='bbox 349 4626 750 4697; x_wconf 77' lang='grc' dir='ltr'>κληρονομίαν,</span> <span class='ocrx_word' id='word_1_670' title='bbox 799 4631 923 4698; x_wconf 79' lang='grc' dir='ltr'>περὶ</span> <span class='ocrx_word' id='word_1_671' title='bbox 962 4626 1028 4700; x_wconf 80' lang='grc' dir='ltr'>ἧς</span> <span class='ocrx_word' id='word_1_672' title='bbox 1071 4631 1319 4700; x_wconf 76' lang='grc' dir='ltr'>ἀνωτέρω</span> <span class='ocrx_word' id='word_1_673' title='bbox 1352 4632 1558 4701; x_wconf 78' lang='grc' dir='ltr'><strong>ἐλέχθη.</strong></span> <span class='ocrx_word' id='word_1_674' title='bbox 1600 4632 1688 4684; x_wconf 86' lang='grc' dir='ltr'><strong>Διὸ</strong></span> 
     </span>
    </p>
   </div>
   <div class='ocr_carea' id='block_1_93' title="bbox 141 4706 1685 4790">
    <p class='ocr_par' dir='ltr' id='par_1_93' title="bbox 141 4706 1685 4790">
     <span class='ocr_line' id='line_1_93' title="bbox 141 4706 1685 4790; baseline 0.014 -36"><span class='ocrx_word' id='word_1_675' title='bbox 141 4706 282 4759; x_wconf 79' lang='grc' dir='ltr'>οὐδὲν</span> <span class='ocrx_word' id='word_1_676' title='bbox 307 4714 489 4779; x_wconf 76' lang='grc' dir='ltr'>αὐτοὺς</span> <span class='ocrx_word' id='word_1_677' title='bbox 521 4717 870 4786; x_wconf 77' lang='grc' dir='ltr'>καταϐλάψει</span> <span class='ocrx_word' id='word_1_678' title='bbox 900 4719 959 4769; x_wconf 83' lang='grc' dir='ltr'>τὸ</span> <span class='ocrx_word' id='word_1_679' title='bbox 986 4719 1178 4787; x_wconf 78' lang='grc' dir='ltr'>βραχὺ,</span> <span class='ocrx_word' id='word_1_680' title='bbox 1213 4721 1302 4772; x_wconf 75' lang='grc' dir='ltr'>καὶ</span> <span class='ocrx_word' id='word_1_681' title='bbox 1329 4721 1561 4790; x_wconf 78' lang='grc' dir='ltr'>λυπηρὸν</span> <span class='ocrx_word' id='word_1_682' title='bbox 1595 4723 1685 4775; x_wconf 77' lang='grc' dir='ltr'>τοῦ</span> 
     </span>
    </p>
   </div>
   <div class='ocr_carea' id='block_1_94' title="bbox 148 4799 1684 4880">
    <p class='ocr_par' dir='ltr' id='par_1_94' title="bbox 148 4799 1684 4880">
     <span class='ocr_line' id='line_1_94' title="bbox 148 4799 1684 4880; baseline 0.01 -31"><span class='ocrx_word' id='word_1_683' title='bbox 148 4799 388 4867; x_wconf 77' lang='grc' dir='ltr'>παρόντος</span> <span class='ocrx_word' id='word_1_684' title='bbox 426 4807 571 4873; x_wconf 83' lang='grc' dir='ltr'>βίου,</span> <span class='ocrx_word' id='word_1_685' title='bbox 620 4809 716 4859; x_wconf 75' lang='grc' dir='ltr'>καὶ</span> <span class='ocrx_word' id='word_1_686' title='bbox 747 4808 809 4858; x_wconf 80' lang='grc' dir='ltr'>τὸ</span> <span class='ocrx_word' id='word_1_687' title='bbox 848 4807 1098 4858; x_wconf 85' lang='grc' dir='ltr'>πένεσθαι</span> <span class='ocrx_word' id='word_1_688' title='bbox 1137 4810 1226 4859; x_wconf 77' lang='grc' dir='ltr'>καὶ</span> <span class='ocrx_word' id='word_1_689' title='bbox 1271 4811 1559 4880; x_wconf 81' lang='grc' dir='ltr'>πτωχεύειν</span> <span class='ocrx_word' id='word_1_690' title='bbox 1602 4812 1684 4864; x_wconf 82' lang='grc' dir='ltr'>διὰ</span> 
     </span>
    </p>
   </div>
   <div class='ocr_carea' id='block_1_95' title="bbox 145 4884 1686 4971">
    <p class='ocr_par' dir='ltr' id='par_1_95' title="bbox 145 4884 1686 4971">
     <span class='ocr_line' id='line_1_95' title="bbox 145 4884 1686 4971; baseline 0.015 -41"><span class='ocrx_word' id='word_1_691' title='bbox 145 4884 224 4934; x_wconf 80' lang='grc' dir='ltr'>τὸν</span> <span class='ocrx_word' id='word_1_692' title='bbox 246 4888 457 4959; x_wconf 78' lang='grc' dir='ltr'>Κύριον,</span> <span class='ocrx_word' id='word_1_693' title='bbox 498 4896 816 4964; x_wconf 83' lang='grc' dir='ltr'>Γυμνάσιον</span> <span class='ocrx_word' id='word_1_694' title='bbox 845 4894 952 4964; x_wconf 84' lang='grc' dir='ltr'><strong>γὰρ</strong></span> <span class='ocrx_word' id='word_1_695' title='bbox 984 4895 1155 4946; x_wconf 78' lang='grc' dir='ltr'>αὐτῶν</span> <span class='ocrx_word' id='word_1_696' title='bbox 1179 4899 1289 4950; x_wconf 76' lang='grc' dir='ltr'>ἐστι</span> <span class='ocrx_word' id='word_1_697' title='bbox 1317 4901 1412 4968; x_wconf 85' lang='grc' dir='ltr'><strong>τῆς</strong></span> <span class='ocrx_word' id='word_1_698' title='bbox 1439 4901 1686 4971; x_wconf 85' lang='grc' dir='ltr'>προαιρέ-</span> 
     </span>
    </p>
   </div>
   <div class='ocr_carea' id='block_1_96' title="bbox 157 4979 1684 5059">
    <p class='ocr_par' dir='ltr' id='par_1_96' title="bbox 157 4979 1684 5059">
     <span class='ocr_line' id='line_1_96' title="bbox 157 4979 1684 5059; baseline 0.012 -36"><span class='ocrx_word' id='word_1_699' title='bbox 157 4985 273 5059; x_wconf 56' lang='lat' dir='ltr'><strong>esui;</strong></span> <span class='ocrx_word' id='word_1_700' title='bbox 301 4980 330 5045; x_wconf 72' lang='grc' dir='ltr'><strong>ἡ</strong></span> <span class='ocrx_word' id='word_1_701' title='bbox 354 4986 647 5053; x_wconf 74' lang='grc' dir='ltr'>καρτερία,</span> <span class='ocrx_word' id='word_1_702' title='bbox 681 4985 746 5036; x_wconf 85' lang='grc' dir='ltr'>δι’</span> <span class='ocrx_word' id='word_1_703' title='bbox 776 4979 844 5052; x_wconf 80' lang='grc' dir='ltr'>ἦς</span> <span class='ocrx_word' id='word_1_704' title='bbox 872 4983 970 5051; x_wconf 78' lang='grc' dir='ltr'>τὴν</span> <span class='ocrx_word' id='word_1_705' title='bbox 1011 4985 1192 5053; x_wconf 81' lang='grc' dir='ltr'>στενὴν</span> <span class='ocrx_word' id='word_1_706' title='bbox 1215 4989 1304 5039; x_wconf 71' lang='grc' dir='ltr'>καὶ</span> <span class='ocrx_word' id='word_1_707' title='bbox 1334 4989 1684 5059; x_wconf 84' lang='grc' dir='ltr'>τεθλιμμένην</span> 
     </span>
    </p>
   </div>
   <div class='ocr_carea' id='block_1_97' title="bbox 155 5058 1682 5142">
    <p class='ocr_par' dir='ltr' id='par_1_97' title="bbox 155 5058 1682 5142">
     <span class='ocr_line' id='line_1_97' title="bbox 155 5058 1682 5142; baseline 0.014 -35"><span class='ocrx_word' id='word_1_708' title='bbox 155 5058 416 5133; x_wconf 79' lang='grc' dir='ltr'>ὁδεύοντες,</span> <span class='ocrx_word' id='word_1_709' title='bbox 461 5073 750 5137; x_wconf 78' lang='grc' dir='ltr'>τεύξονται</span> <span class='ocrx_word' id='word_1_710' title='bbox 797 5072 907 5122; x_wconf 82' lang='grc' dir='ltr'><strong>τῶν</strong></span> <span class='ocrx_word' id='word_1_711' title='bbox 957 5073 1365 5142; x_wconf 75' lang='grc' dir='ltr'>ἐπηγγελμένων</span> <span class='ocrx_word' id='word_1_712' title='bbox 1444 5079 1582 5129; x_wconf 72' lang='grc' dir='ltr'>’Λντὶ</span> <span class='ocrx_word' id='word_1_713' title='bbox 1628 5079 1682 5129; x_wconf 78' lang='grc' dir='ltr'>δὲ</span> 
     </span>
    </p>
   </div>
   <div class='ocr_carea' id='block_1_98' title="bbox 163 5144 1682 5229">
    <p class='ocr_par' dir='ltr' id='par_1_98' title="bbox 163 5144 1682 5229">
     <span class='ocr_line' id='line_1_98' title="bbox 163 5144 1682 5229; baseline 0.016 -38"><span class='ocrx_word' id='word_1_714' title='bbox 163 5144 266 5203; x_wconf 56' lang='lat' dir='ltr'><strong>tu}.</strong></span> <span class='ocrx_word' id='word_1_715' title='bbox 283 5153 560 5217; x_wconf 61' lang='grc' dir='ltr'>γινώσκει,</span> <span class='ocrx_word' id='word_1_716' title='bbox 584 5161 614 5209; x_wconf 81' lang='grc' dir='ltr'>ὁ</span> <span class='ocrx_word' id='word_1_717' title='bbox 640 5157 959 5226; x_wconf 80' lang='grc' dir='ltr'>Σύμμαχος,</span> <span class='ocrx_word' id='word_1_718' title='bbox 989 5157 1260 5223; x_wconf 71' lang='grc' dir='ltr'>Προοῖδεν</span> <span class='ocrx_word' id='word_1_719' title='bbox 1285 5167 1318 5214; x_wconf 86' lang='grc' dir='ltr'><strong><em>ό</em></strong></span> <span class='ocrx_word' id='word_1_720' title='bbox 1348 5165 1554 5229; x_wconf 83' lang='grc' dir='ltr'>Κύριος</span> <span class='ocrx_word' id='word_1_721' title='bbox 1579 5166 1682 5229; x_wconf 80' lang='grc' dir='ltr'>τὰς</span> 
     </span>
    </p>
   </div>
   <div class='ocr_carea' id='block_1_99' title="bbox 166 5231 1680 5322">
    <p class='ocr_par' dir='ltr' id='par_1_99' title="bbox 166 5231 1680 5322">
     <span class='ocr_line' id='line_1_99' title="bbox 166 5231 1680 5322; baseline 0.012 -33"><span class='ocrx_word' id='word_1_722' title='bbox 166 5231 356 5322; x_wconf 54' lang='grc' dir='ltr'>ἡμέρας</span> <span class='ocrx_word' id='word_1_723' title='bbox 383 5245 494 5294; x_wconf 81' lang='grc' dir='ltr'><strong>τῶν</strong></span> <span class='ocrx_word' id='word_1_724' title='bbox 525 5247 803 5313; x_wconf 78' lang='grc' dir='ltr'><strong>ἁμώμων,</strong></span> <span class='ocrx_word' id='word_1_725' title='bbox 837 5247 1110 5308; x_wconf 78' lang='grc' dir='ltr'>ἐξέδωκεν.</span> <span class='ocrx_word' id='word_1_726' title='bbox 1143 5249 1250 5299; x_wconf 77' lang='grc' dir='ltr'>Καὶ</span> <span class='ocrx_word' id='word_1_727' title='bbox 1297 5251 1420 5304; x_wconf 81' lang='grc' dir='ltr'>ἄλλο</span> <span class='ocrx_word' id='word_1_728' title='bbox 1451 5254 1504 5303; x_wconf 79' lang='grc' dir='ltr'>δὲ</span> <span class='ocrx_word' id='word_1_729' title='bbox 1548 5255 1680 5322; x_wconf 82' lang='grc' dir='ltr'>μέγα</span> 
     </span>
    </p>
   </div>
   <div class='ocr_carea' id='block_1_100' title="bbox 171 5319 1684 5405">
    <p class='ocr_par' dir='ltr' id='par_1_100' title="bbox 171 5319 1684 5405">
     <span class='ocr_line' id='line_1_100' title="bbox 171 5319 1684 5405; baseline 0.017 -36"><span class='ocrx_word' id='word_1_730' title='bbox 171 5319 369 5393; x_wconf 68' lang='grc' dir='ltr'>ὒπάρξει</span> <span class='ocrx_word' id='word_1_731' title='bbox 391 5334 600 5395; x_wconf 71' lang='grc' dir='ltr'>τούτοις</span> <span class='ocrx_word' id='word_1_732' title='bbox 623 5352 637 5364; x_wconf 77' lang='grc' dir='ltr'><strong><em>ο</em></strong></span> <span class='ocrx_word' id='word_1_733' title='bbox 686 5337 758 5385; x_wconf 81' lang='grc' dir='ltr'>ἐν</span> <span class='ocrx_word' id='word_1_734' title='bbox 802 5335 914 5401; x_wconf 89' lang='grc' dir='ltr'><strong>γὰρ</strong></span> <span class='ocrx_word' id='word_1_735' title='bbox 962 5335 1128 5400; x_wconf 77' lang='grc' dir='ltr'>καιρῷ</span> <span class='ocrx_word' id='word_1_736' title='bbox 1174 5340 1423 5405; x_wconf 71' lang='grc' dir='ltr'>πονηρῷ</span> <span class='ocrx_word' id='word_1_737' title='bbox 1459 5345 1528 5393; x_wconf 86' lang='grc' dir='ltr'>οὺ</span> <span class='ocrx_word' id='word_1_738' title='bbox 1552 5319 1684 5396; x_wconf 36' lang='grc' dir='ltr'>’κατ-</span> 
     </span>
    </p>
   </div>
   <div class='ocr_carea' id='block_1_101' title="bbox 171 5421 1683 5499">
    <p class='ocr_par' dir='ltr' id='par_1_101' title="bbox 171 5421 1683 5499">
     <span class='ocr_line' id='line_1_101' title="bbox 171 5421 1683 5499; baseline 0.015 -39"><span class='ocrx_word' id='word_1_739' title='bbox 171 5421 652 5484; x_wconf 77' lang='grc' dir='ltr'>αισχυνθήσονται,</span> <span class='ocrx_word' id='word_1_740' title='bbox 678 5422 778 5473; x_wconf 74' lang='grc' dir='ltr'>καὶ</span> <span class='ocrx_word' id='word_1_741' title='bbox 802 5422 872 5471; x_wconf 84' lang='grc' dir='ltr'>ἐν</span> <span class='ocrx_word' id='word_1_742' title='bbox 899 5423 1126 5489; x_wconf 76' lang='grc' dir='ltr'>ἡμέραις</span> <span class='ocrx_word' id='word_1_743' title='bbox 1145 5427 1343 5492; x_wconf 74' lang='grc' dir='ltr'>λιμοῦ</span> <span class='ocrx_word' id='word_1_744' title='bbox 1367 5434 1683 5499; x_wconf 73' lang='grc' dir='ltr'>χορτασθή-</span> 
     </span>
    </p>
   </div>
   <div class='ocr_carea' id='block_1_102' title="bbox 233 5584 590 5654">
    <p class='ocr_par' dir='ltr' id='par_1_102' title="bbox 233 5584 590 5654">
     <span class='ocr_line' id='line_1_102' title="bbox 233 5584 590 5654; baseline 0.028 -17"><span class='ocrx_word' id='word_1_745' title='bbox 233 5584 268 5614; x_wconf 81' lang='grc'><strong>¹⁰</strong></span> <span class='ocrx_word' id='word_1_746' title='bbox 295 5587 405 5644; x_wconf 81' lang='lat' dir='ltr'><strong>Luc.</strong></span> <span class='ocrx_word' id='word_1_747' title='bbox 441 5608 511 5654; x_wconf 75' lang='lat' dir='ltr'><strong>xl,</strong></span> <span class='ocrx_word' id='word_1_748' title='bbox 544 5596 590 5648; x_wconf 80' lang='grc'><strong>5.</strong></span> 
     </span>
    </p>
   </div>
   <div class='ocr_carea' id='block_1_103' title="bbox 437 5678 1127 5744">
    <p class='ocr_par' dir='ltr' id='par_1_103' title="bbox 437 5678 1127 5744">
     <span class='ocr_line' id='line_1_103' title="bbox 437 5678 1127 5744; baseline 0.009 -5"><span class='ocrx_word' id='word_1_749' title='bbox 437 5682 699 5741; x_wconf 68' lang='grc' dir='ltr'>Ριτιιοι.</span> <span class='ocrx_word' id='word_1_750' title='bbox 749 5678 863 5736; x_wconf 77' lang='lat' dir='ltr'><strong>Gn.</strong></span> <span class='ocrx_word' id='word_1_751' title='bbox 915 5678 1127 5744; x_wconf 77' lang='lat' dir='ltr'><strong>XXIII.</strong></span> 
     </span>
    </p>
   </div>
   <div class='ocr_carea' id='block_1_104' title="bbox 1787 4442 3302 4512">
    <p class='ocr_par' dir='ltr' id='par_1_104' title="bbox 1787 4442 3302 4512">
     <span class='ocr_line' id='line_1_104' title="bbox 1787 4442 3302 4512; baseline -0.002 -16"><span class='ocrx_word' id='word_1_752' title='bbox 1787 4444 1932 4512; x_wconf 78' lang='lat' dir='ltr'><strong>ipsos</strong></span> <span class='ocrx_word' id='word_1_753' title='bbox 1963 4444 2016 4497; x_wconf 88' lang='lat' dir='ltr'><strong>in</strong></span> <span class='ocrx_word' id='word_1_754' title='bbox 2052 4442 2229 4496; x_wconf 87' lang='lat' dir='ltr'><strong>futuro</strong></span> <span class='ocrx_word' id='word_1_755' title='bbox 2259 4443 2454 4496; x_wconf 74' lang='lat' dir='ltr'><strong>saeculo</strong></span> <span class='ocrx_word' id='word_1_756' title='bbox 2493 4449 2823 4508; x_wconf 66' lang='lat' dir='ltr'><strong>exspectant.</strong></span> <span class='ocrx_word' id='word_1_757' title='bbox 2853 4452 3101 4494; x_wconf 86' lang='lat' dir='ltr'><strong>accurate</strong></span> <span class='ocrx_word' id='word_1_758' title='bbox 3133 4445 3302 4503; x_wconf 85' lang='lat' dir='ltr'><strong>novit,</strong></span> 
     </span>
    </p>
   </div>
   <div class='ocr_carea' id='block_1_105' title="bbox 1785 4529 3305 4601">
    <p class='ocr_par' dir='ltr' id='par_1_105' title="bbox 1785 4529 3305 4601">
     <span class='ocr_line' id='line_1_105' title="bbox 1785 4529 3305 4601; baseline 0 -15"><span class='ocrx_word' id='word_1_759' title='bbox 1785 4541 1943 4601; x_wconf 89' lang='lat' dir='ltr'><strong>atque</strong></span> <span class='ocrx_word' id='word_1_760' title='bbox 1993 4541 2230 4601; x_wconf 88' lang='lat' dir='ltr'><strong>paratam</strong></span> <span class='ocrx_word' id='word_1_761' title='bbox 2267 4533 2371 4584; x_wconf 82' lang='lat' dir='ltr'><strong>ilLs</strong></span> <span class='ocrx_word' id='word_1_762' title='bbox 2401 4529 2779 4590; x_wconf 64' lang='lat' dir='ltr'><strong>haereditatem,</strong></span> <span class='ocrx_word' id='word_1_763' title='bbox 2814 4530 2880 4583; x_wconf 88' lang='lat' dir='ltr'><strong>de</strong></span> <span class='ocrx_word' id='word_1_764' title='bbox 2921 4546 3025 4598; x_wconf 85' lang='lat' dir='ltr'><strong>qua</strong></span> <span class='ocrx_word' id='word_1_765' title='bbox 3060 4533 3305 4599; x_wconf 81' lang='lat' dir='ltr'><strong>superius</strong></span> 
     </span>
    </p>
   </div>
   <div class='ocr_carea' id='block_1_106' title="bbox 1784 4619 3306 4687">
    <p class='ocr_par' dir='ltr' id='par_1_106' title="bbox 1784 4619 3306 4687">
     <span class='ocr_line' id='line_1_106' title="bbox 1784 4619 3306 4687; baseline -0.006 -9"><span class='ocrx_word' id='word_1_766' title='bbox 1784 4625 1984 4678; x_wconf 90' lang='lat' dir='ltr'><strong>dictum</strong></span> <span class='ocrx_word' id='word_1_767' title='bbox 2033 4631 2134 4677; x_wconf 91' lang='lat' dir='ltr'><strong>est.</strong></span> <span class='ocrx_word' id='word_1_768' title='bbox 2187 4621 2361 4687; x_wconf 82' lang='lat' dir='ltr'><strong>Quare</strong></span> <span class='ocrx_word' id='word_1_769' title='bbox 2412 4621 2714 4674; x_wconf 89' lang='lat' dir='ltr'><strong>nocumenti</strong></span> <span class='ocrx_word' id='word_1_770' title='bbox 2763 4621 2896 4672; x_wconf 90' lang='lat' dir='ltr'><strong>nihil</strong></span> <span class='ocrx_word' id='word_1_771' title='bbox 2943 4619 3126 4672; x_wconf 75' lang='lat' dir='ltr'><strong>afferet</strong></span> <span class='ocrx_word' id='word_1_772' title='bbox 3177 4621 3306 4687; x_wconf 82' lang='lat' dir='ltr'><strong>ipsis</strong></span> 
     </span>
    </p>
   </div>
   <div class='ocr_carea' id='block_1_107' title="bbox 1784 4707 3306 4784">
    <p class='ocr_par' dir='ltr' id='par_1_107' title="bbox 1784 4707 3306 4784">
     <span class='ocr_line' id='line_1_107' title="bbox 1784 4707 3306 4784; baseline -0.005 -17"><span class='ocrx_word' id='word_1_773' title='bbox 1784 4713 2068 4784; x_wconf 66' lang='lat' dir='ltr'><strong>praesentis</strong></span> <span class='ocrx_word' id='word_1_774' title='bbox 2100 4713 2219 4765; x_wconf 70' lang='lat' dir='ltr'><strong>vitae</strong></span> <span class='ocrx_word' id='word_1_775' title='bbox 2265 4711 2498 4764; x_wconf 81' lang='lat' dir='ltr'><strong>brevitas</strong></span> <span class='ocrx_word' id='word_1_776' title='bbox 2549 4722 2611 4759; x_wconf 83' lang='lat' dir='ltr'><strong>ac</strong></span> <span class='ocrx_word' id='word_1_777' title='bbox 2654 4709 2900 4768; x_wconf 88' lang='lat' dir='ltr'><strong>tristitia,</strong></span> <span class='ocrx_word' id='word_1_778' title='bbox 2929 4715 2981 4760; x_wconf 90' lang='lat' dir='ltr'><strong>et</strong></span> <span class='ocrx_word' id='word_1_779' title='bbox 3027 4707 3306 4774; x_wconf 84' lang='lat' dir='ltr'><strong>pauperies</strong></span> 
     </span>
    </p>
   </div>
   <div class='ocr_carea' id='block_1_108' title="bbox 1783 4794 3304 4870">
    <p class='ocr_par' dir='ltr' id='par_1_108' title="bbox 1783 4794 3304 4870">
     <span class='ocr_line' id='line_1_108' title="bbox 1783 4794 3304 4870; baseline -0.007 -15"><span class='ocrx_word' id='word_1_780' title='bbox 1783 4803 2068 4870; x_wconf 74' lang='lat' dir='ltr'><strong>inapiaque</strong></span> <span class='ocrx_word' id='word_1_781' title='bbox 2107 4815 2264 4869; x_wconf 87' lang='lat' dir='ltr'><strong>quam</strong></span> <span class='ocrx_word' id='word_1_782' title='bbox 2316 4813 2410 4867; x_wconf 90' lang='lat' dir='ltr'><strong>pro</strong></span> <span class='ocrx_word' id='word_1_783' title='bbox 2456 4797 2679 4849; x_wconf 89' lang='lat' dir='ltr'><strong>Domino</strong></span> <span class='ocrx_word' id='word_1_784' title='bbox 2724 4797 2948 4865; x_wconf 75' lang='lat' dir='ltr'><strong>amplexi</strong></span> <span class='ocrx_word' id='word_1_785' title='bbox 2997 4803 3140 4848; x_wconf 90' lang='lat' dir='ltr'><strong>sunt.</strong></span> <span class='ocrx_word' id='word_1_786' title='bbox 3174 4794 3304 4848; x_wconf 78' lang='lat' dir='ltr'><strong>Nam</strong></span> 
     </span>
    </p>
   </div>
   <div class='ocr_carea' id='block_1_109' title="bbox 1783 4882 3310 4960">
    <p class='ocr_par' dir='ltr' id='par_1_109' title="bbox 1783 4882 3310 4960">
     <span class='ocr_line' id='line_1_109' title="bbox 1783 4882 3310 4960; baseline -0.008 -15"><span class='ocrx_word' id='word_1_787' title='bbox 1783 4908 1968 4946; x_wconf 87' lang='lat' dir='ltr'><strong>eorum</strong></span> <span class='ocrx_word' id='word_1_788' title='bbox 1998 4890 2252 4960; x_wconf 89' lang='lat' dir='ltr'><strong>propositi</strong></span> <span class='ocrx_word' id='word_1_789' title='bbox 2288 4897 2342 4941; x_wconf 90' lang='lat' dir='ltr'><strong>et</strong></span> <span class='ocrx_word' id='word_1_790' title='bbox 2370 4888 2661 4939; x_wconf 85' lang='lat' dir='ltr'><strong>voluntatis</strong></span> <span class='ocrx_word' id='word_1_791' title='bbox 2695 4882 3004 4937; x_wconf 84' lang='lat' dir='ltr'><strong>exercitatio</strong></span> <span class='ocrx_word' id='word_1_792' title='bbox 3047 4882 3146 4934; x_wconf 89' lang='lat' dir='ltr'><strong>fuit</strong></span> <span class='ocrx_word' id='word_1_793' title='bbox 3177 4883 3310 4935; x_wconf 84' lang='lat' dir='ltr'><strong>tole-</strong></span> 
     </span>
    </p>
   </div>
   <div class='ocr_carea' id='block_1_110' title="bbox 1784 4969 3312 5050">
    <p class='ocr_par' dir='ltr' id='par_1_110' title="bbox 1784 4969 3312 5050">
     <span class='ocr_line' id='line_1_110' title="bbox 1784 4969 3312 5050; baseline -0.008 -15"><span class='ocrx_word' id='word_1_794' title='bbox 1784 4982 1977 5044; x_wconf 86' lang='lat' dir='ltr'><strong>rautia,</strong></span> <span class='ocrx_word' id='word_1_795' title='bbox 2011 4996 2117 5050; x_wconf 90' lang='lat' dir='ltr'><strong>qua</strong></span> <span class='ocrx_word' id='word_1_796' title='bbox 2162 4982 2214 5032; x_wconf 90' lang='lat' dir='ltr'><strong>in</strong></span> <span class='ocrx_word' id='word_1_797' title='bbox 2265 4985 2486 5045; x_wconf 75' lang='lat' dir='ltr'><strong>angusta</strong></span> <span class='ocrx_word' id='word_1_798' title='bbox 2541 4983 2795 5042; x_wconf 82' lang='lat' dir='ltr'><strong>arctaque</strong></span> <span class='ocrx_word' id='word_1_799' title='bbox 2840 4971 2923 5023; x_wconf 80' lang='lat' dir='ltr'><strong>via</strong></span> <span class='ocrx_word' id='word_1_800' title='bbox 2977 4969 3312 5034; x_wconf 84' lang='lat' dir='ltr'><strong>incedentes,</strong></span> 
     </span>
    </p>
   </div>
   <div class='ocr_carea' id='block_1_111' title="bbox 1783 5059 3322 5140">
    <p class='ocr_par' dir='ltr' id='par_1_111' title="bbox 1783 5059 3322 5140">
     <span class='ocr_line' id='line_1_111' title="bbox 1783 5059 3322 5140; baseline -0.008 -16"><span class='ocrx_word' id='word_1_801' title='bbox 1783 5071 2044 5140; x_wconf 86' lang='lat' dir='ltr'><strong>promissa</strong></span> <span class='ocrx_word' id='word_1_802' title='bbox 2071 5075 2480 5134; x_wconf 87' lang='lat' dir='ltr'><strong>consequentur.</strong></span> <span class='ocrx_word' id='word_1_803' title='bbox 2503 5061 2609 5116; x_wconf 84' lang='lat' dir='ltr'><strong>Pro</strong></span> <span class='ocrx_word' id='word_1_804' title='bbox 2631 5065 2722 5116; x_wconf 91' lang='lat' dir='ltr'><strong>illo</strong></span> <span class='ocrx_word' id='word_1_805' title='bbox 2753 5071 2950 5120; x_wconf 89' lang='lat' dir='ltr'><strong>autem,</strong></span> <span class='ocrx_word' id='word_1_806' title='bbox 2977 5061 3145 5123; x_wconf 75' lang='lat' dir='ltr'><strong>novit,</strong></span> <span class='ocrx_word' id='word_1_807' title='bbox 3172 5059 3322 5128; x_wconf 75' lang='lat' dir='ltr'><strong>Sym-</strong></span> 
     </span>
    </p>
   </div>
   <div class='ocr_carea' id='block_1_112' title="bbox 1782 5146 3328 5224">
    <p class='ocr_par' dir='ltr' id='par_1_112' title="bbox 1782 5146 3328 5224">
     <span class='ocr_line' id='line_1_112' title="bbox 1782 5146 3328 5224; baseline -0.008 -11"><span class='ocrx_word' id='word_1_808' title='bbox 1782 5161 2024 5220; x_wconf 84' lang='lat' dir='ltr'><strong>machus,</strong></span> <span class='ocrx_word' id='word_1_809' title='bbox 2048 5156 2282 5224; x_wconf 70' lang='lat' dir='ltr'><strong>pra‘vidit</strong></span> <span class='ocrx_word' id='word_1_810' title='bbox 2311 5155 2556 5206; x_wconf 83' lang='lat' dir='ltr'><strong>Dominus</strong></span> <span class='ocrx_word' id='word_1_811' title='bbox 2585 5153 2692 5206; x_wconf 84' lang='lat' dir='ltr'><strong>dies</strong></span> <span class='ocrx_word' id='word_1_812' title='bbox 2725 5146 3219 5208; x_wconf 81' lang='lat' dir='ltr'><strong>innuaculatorum,</strong></span> <span class='ocrx_word' id='word_1_813' title='bbox 3247 5150 3328 5201; x_wconf 84' lang='lat' dir='ltr'><strong>in-</strong></span> 
     </span>
    </p>
   </div>
   <div class='ocr_carea' id='block_1_113' title="bbox 1785 5235 3336 5318">
    <p class='ocr_par' dir='ltr' id='par_1_113' title="bbox 1785 5235 3336 5318">
     <span class='ocr_line' id='line_1_113' title="bbox 1785 5235 3336 5318; baseline -0.013 -15"><span class='ocrx_word' id='word_1_814' title='bbox 1785 5257 2105 5318; x_wconf 74' lang='lat' dir='ltr'><strong>terpretatus</strong></span> <span class='ocrx_word' id='word_1_815' title='bbox 2161 5255 2262 5299; x_wconf 86' lang='lat' dir='ltr'><strong>est.</strong></span> <span class='ocrx_word' id='word_1_816' title='bbox 2320 5242 2582 5310; x_wconf 82' lang='lat' dir='ltr'><strong>Aliudque</strong></span> <span class='ocrx_word' id='word_1_817' title='bbox 2639 5252 2895 5309; x_wconf 82' lang='lat' dir='ltr'><strong>magnum</strong></span> <span class='ocrx_word' id='word_1_818' title='bbox 2944 5236 3162 5287; x_wconf 84' lang='lat' dir='ltr'><strong>bonum</strong></span> <span class='ocrx_word' id='word_1_819' title='bbox 3204 5235 3336 5301; x_wconf 83' lang='lat' dir='ltr'><strong>ipsis</strong></span> 
     </span>
    </p>
   </div>
   <div class='ocr_carea' id='block_1_114' title="bbox 1783 5325 3344 5402">
    <p class='ocr_par' dir='ltr' id='par_1_114' title="bbox 1783 5325 3344 5402">
     <span class='ocr_line' id='line_1_114' title="bbox 1783 5325 3344 5402; baseline -0.014 -9"><span class='ocrx_word' id='word_1_820' title='bbox 1783 5340 2066 5402; x_wconf 81' lang='lat' dir='ltr'><strong>Obveniet;</strong></span> <span class='ocrx_word' id='word_1_821' title='bbox 2096 5351 2211 5388; x_wconf 89' lang='lat' dir='ltr'><strong>nam</strong></span> <span class='ocrx_word' id='word_1_822' title='bbox 2244 5335 2294 5385; x_wconf 80' lang='lat' dir='ltr'><strong>in</strong></span> <span class='ocrx_word' id='word_1_823' title='bbox 2316 5344 2533 5399; x_wconf 81' lang='lat' dir='ltr'><strong>tempore</strong></span> <span class='ocrx_word' id='word_1_824' title='bbox 2554 5334 2690 5385; x_wconf 87' lang='lat' dir='ltr'><strong>malo</strong></span> <span class='ocrx_word' id='word_1_825' title='bbox 2711 5347 2816 5384; x_wconf 86' lang='lat' dir='ltr'><strong>non</strong></span> <span class='ocrx_word' id='word_1_826' title='bbox 2849 5325 3344 5391; x_wconf 70' lang='lat' dir='ltr'><strong>con!undcntur,ct</strong></span> 
     </span>
    </p>
   </div>
   <div class='ocr_carea' id='block_1_115' title="bbox 1788 5414 3358 5494">
    <p class='ocr_par' dir='ltr' id='par_1_115' title="bbox 1788 5414 3358 5494">
     <span class='ocr_line' id='line_1_115' title="bbox 1788 5414 3358 5494; baseline -0.013 -11"><span class='ocrx_word' id='word_1_827' title='bbox 1788 5431 1837 5483; x_wconf 78' lang='lat' dir='ltr'><strong>in</strong></span> <span class='ocrx_word' id='word_1_828' title='bbox 1859 5429 2035 5483; x_wconf 78' lang='lat' dir='ltr'><strong>diebus</strong></span> <span class='ocrx_word' id='word_1_829' title='bbox 2063 5425 2216 5494; x_wconf 64' lang='lat' dir='ltr'><strong>{unus</strong></span> <span class='ocrx_word' id='word_1_830' title='bbox 2239 5423 2629 5476; x_wconf 81' lang='lat' dir='ltr'><strong>saturabunlur.</strong></span> <span class='ocrx_word' id='word_1_831' title='bbox 2659 5420 2865 5476; x_wconf 77' lang='lat' dir='ltr'><strong>Malum</strong></span> <span class='ocrx_word' id='word_1_832' title='bbox 2898 5425 3165 5481; x_wconf 82' lang='lat' dir='ltr'><strong>tempus.</strong></span> <span class='ocrx_word' id='word_1_833' title='bbox 3195 5414 3250 5466; x_wconf 83' lang='lat' dir='ltr'><strong>id</strong></span> <span class='ocrx_word' id='word_1_834' title='bbox 3276 5422 3358 5464; x_wconf 78' lang='lat' dir='ltr'><strong>est</strong></span> 
     </span>
    </p>
   </div>
   <div class='ocr_carea' id='block_1_116' title="bbox 2995 5682 3066 5742">
    <p class='ocr_par' dir='ltr' id='par_1_116' title="bbox 2995 5682 3066 5742">
     <span class='ocr_line' id='line_1_116' title="bbox 2995 5682 3066 5742; baseline -0.014 0"><span class='ocrx_word' id='word_1_835' title='bbox 2995 5682 3066 5742; x_wconf 84' lang='grc'><strong>11</strong></span> 
     </span>
    </p>
   </div>
  </div>
