3782 6350
390 355 396 360 ’
491 363 589 412 331

1177 353 1436 411 unseen
1466 348 1930 404 C/ESAltlENSIS
1967 349 2112 402 per.
2154 346 2330 400 ritus
2365 344 2448 400 ιιι.
2489 377 2551 383 —
2585 343 2983 399 EXEGETICA.
3036 364 3073 382 ιμ
3525 344 3607 398 5:2

494 488 707 548 tempus
730 479 821 534 irae
841 477 1093 531 adversus
1115 474 1324 541 impios,
1349 485 1454 540 quo
1478 469 1552 522 illi
1581 469 1794 538 quidem
1813 469 2018 538 justum

2123 481 2344 519 συντιιι.
2392 465 2590 535 Καιρδς
2626 465 2680 517 δὲ
2710 463 2950 532 πονηρός
2996 462 3137 513 ἐστιν
3179 461 3205 514 ὁ
3233 461 3325 528 τῆς
3367 459 3491 512 κατᾶ
3526 462 3614 514 τῶν

497 568 872 638 Deijudicium
900 565 1278 635 experientur;
1325 562 1416 630 qui
1449 575 1575 614 vero
1613 561 1668 613 in
1716 558 1903 613 dextro
1943 574 2024 612 or-

497 658 621 713 dine
665 666 808 720 sunt,
861 656 1104 725 gloriam,
1158 651 1412 704 honorem
1462 659 1516 705 et
1571 649 2022 718 incorruptionem

497 748 832 808 obtinebunt,
869 752 924 797 ut
951 742 1040 812 qui
1079 742 1242 794 vitam
1274 747 1524 795 aeternam
1553 740 1880 809 quaasierint.
1915 738 2025 793 Imo

497 852 622 888 vero
648 843 848 888 statuto
880 843 1119 902 tempore
1151 831 1307 901 justi,
1338 831 1520 884 divino
1567 831 1820 883 alimento
1850 830 2022 898 potiti,

495 924 919 985 saturalmntur;
955 928 1260 990 peccatores
1301 925 1478 972 autem
1510 918 1648 972 fame
1696 926 1747 971 et
1792 925 2025 987 egestate

495 1011 826 1064 rationabilis
857 1011 961 1063 cibi
1003 1011 1270 1079 peribunt.
1302 1007 1432 1072 Quis
1472 1015 1647 1060 autem
1677 1008 1842 1061 oculis
1892 1022 2022 1060 con-

495 1101 782 1170 templatus
810 1102 1003 1170 impios
1033 1104 1122 1170 qui
1153 1114 1265 1154 aevo
1298 1106 1484 1151 nostro
1515 1113 1577 1150 ex
1609 1097 1833 1161 divitiis,
1861 1097 2024 1166 gloria

491 1201 542 1245 et
574 1192 920 1262 dignitatibus
955 1192 1007 1244 in
1041 1188 1395 1243 admiratione
1435 1187 1602 1248 fuere,
1639 1187 1692 1240 in
1726 1189 2024 1255 multasque

490 1285 674 1348 gentes
704 1278 986 1346 imperium
1015 1277 1317 1339 obtinuere,
1347 1284 1566 1343 repente
1587 1275 1652 1326 ab
1683 1274 1780 1327 hac
1809 1274 2024 1327 celsitu-

490 1369 615 1422 dine
668 1368 866 1436 lapsos,
913 1381 1018 1419 non
1065 1364 1291 1420 lateatur
1341 1379 1523 1420 verum
1578 1378 1697 1417 esse
1748 1363 2022 1416 oraculum

491 1459 797 1526 hujusmodi
833 1478 844 1512 :
878 1457 1085 1511 Inimici
1121 1473 1235 1510 vero
1265 1455 1496 1517 Domini,
1529 1470 1647 1507 mox
1680 1463 1735 1506 ut
1774 1454 2024 1521 honori/i-

489 1550 594 1600 εαῑὶ
631 1551 837 1615 [uerunt
879 1557 927 1600 et
969 1547 1210 1609 exaltati,
1259 1546 1550 1614 deficientes
1596 1542 2023 1616 quemadmodum

490 1637 663 1704 fumus
703 1637 1038 1706 defecerunt?
1084 1634 1284 1689 Fumus
1329 1635 1579 1689 exstincti
1629 1633 1766 1703 ignis
1813 1633 2021 1702 signum

488 1737 571 1781 est
595 1747 606 1780 :
637 1741 803 1795 quare
823 1727 876 1780 hi
898 1726 991 1795 qui
1013 1735 1246 1795 tempore
1267 1740 1366 1778 suo
1390 1725 1639 1778 ardentes
1664 1725 1801 1793 ignis
1827 1723 2016 1786 instar,

2124 555 2331 608 ἀσεϐῶν
2365 555 2550 625 ὀργῆς,
2591 556 2646 606 ὲν
2686 548 2728 620 ᾧ
2771 556 2819 605 οἱ
2869 553 2966 622 μὲν
3012 551 3110 618 τῆς
3151 551 3506 619 δικαιοκρισίας
3536 551 3612 603 τοῦ

2124 644 2255 696 Θεοῦ
2284 644 2751 714 πειρασθήσονται,
2777 644 2823 694 οἱ
2852 642 2909 693 δὲ
2931 639 3024 692 τοῦ
3047 637 3214 703 δεξιοῦ
3247 641 3494 710 τάγματος
3515 642 3618 694 ἁπο-

2123 735 2389 804 λείψονται
2416 734 2566 798 δόξαν
2606 733 2698 785 καὶ
2725 731 2888 801 τιμὴν
2920 731 3014 782 καὶ
3042 730 3351 800 ἀφθαρσίαν,
3377 730 3618 800 ζητοῦντες

2124 823 2264 894 ζωὴν
2313 824 2544 877 αἰώνιον.
2599 825 2670 875 Οὐ
2709 823 2811 893 μὴν
2845 821 2977 874 ἀλλὰ
3024 822 3118 872 καὶ
3158 820 3295 874 κατὰ
3332 820 3412 873 τὸν
3446 822 3621 875 ἑστῶτα

2126 913 2328 984 καιρὸν,
2357 915 2402 965 οἱ
2450 914 2547 982 μὲν
2578 914 2772 966 δίκαιοι
2805 913 2902 982 τῆς
2932 912 3110 965 ὲνθέου
3141 911 3339 981 τροφῆς
3373 911 3622 964 ἀπολαῦον⁹

2123 1021 2211 1066 τες
2240 1003 2729 1074 χορτασθήσονται·
2771 1006 2819 1055 οἱ
2859 1004 2914 1055 δὲ
2945 1001 3249 1073 ἁμαρτωλοὶ
3282 1000 3412 1070 λιμῷ
3441 1003 3522 1054 καὶ
3553 1005 3627 1054 ὲν-

2121 1092 2234 1162 δείᾳ
2262 1092 2478 1161 λογικῆς
2516 1093 2720 1163 τροφῆς
2767 1092 3110 1144 ἀπολοῦνται.
3146 1092 3238 1153 Τίς
3277 1091 3331 1143 δὲ
3376 1091 3630 1160 ὀφθαλμοῖς

2124 1181 2444 1251 παραλαϐὼν
2474 1185 2598 1244 τοὺς
2629 1181 2751 1234 καθ’
2781 1183 2925 1252 ἡμᾶς
2949 1181 3163 1244 ἀσεϐεῖς
3195 1180 3396 1250 πλούτῳ
3428 1182 3511 1234 καὶ
3530 1183 3630 1254 δόξῃ

2124 1273 2215 1325 καὶ
2246 1270 2511 1341 ἀξιώμασι
2545 1272 2981 1342 θαυμασθέντας,
3019 1273 3262 1344 μεγάλων
3291 1289 3344 1324 τε
3376 1272 3525 1324 ἐθνῶν
3553 1273 3632 1343 ἄρ-

2123 1361 2330 1428 ξαντας,
2363 1363 2569 1433 ἀθρόως
2614 1365 2947 1426 ἐκπεσόντας
2988 1364 3082 1416 τοῦ
3127 1362 3425 1434 ύψώματος,
3463 1363 3548 1414 οῦκ
3583 1363 3631 1415 ἂν

2121 1454 2496 1523 ὁμολογήσειεν
2540 1455 2714 1526 ἀληθῆ
2753 1456 3045 1524 τυγχάνειν
3080 1453 3140 1506 τὸ
3169 1455 3340 1524 φῆσαν
3372 1454 3556 1521 λόγιον·
3586 1458 3633 1506 Ol

2121 1543 2172 1594 δ’
2212 1543 2406 1610 ἐχθροὶ
2446 1544 2551 1596 τοῦ
2592 1545 2739 1597 Θεοῦ
2778 1545 2898 1612 ἅμα
2945 1543 3024 1608 τῷ
3068 1543 3424 1610 δοξασθῆναι
3455 1544 3634 1608 αὐτοὺς

2122 1631 2218 1684 καὶ
2237 1631 2556 1699 ἐπαρθῆναι
2582 1635 2936 1698 ἐκλιπόντες
2966 1633 3105 1686 ὡσεί
3137 1634 3359 1697 καπνὸς
3381 1631 3632 1694 ἐξέλιπον.

2123 1724 2338 1786 Καπνὲς
2364 1724 2420 1776 δὲ
2464 1724 2630 1794 πυρὸς
2662 1723 2984 1787 σϐεσθέντος
3015 1727 3235 1793 σημεῖον
3258 1739 3271 1751 ·
3314 1723 3390 1774 διὸ
3428 1724 3512 1774 καὶ
3548 1724 3637 1775 wi-

487 1819 682 1872 deindc
699 1817 945 1873 exstincti
971 1824 1117 1879 sunt,
1143 1815 1387 1870 similiter
1419 1817 1470 1868 in
1502 1817 1798 1884 exemplum
1822 1815 2018 1868 haben-

2123 1830 2242 1876 τους
2268 1814 2438 1887 καιρῷ
2465 1813 2761 1882 φλέξαντας
2792 1816 2966 1884 πυρὸς
2999 1815 3176 1884 δίκην,
3205 1814 3428 1868 κᾶπειτα
3456 1815 3640 1867 ἀποσϐε-

485 1914 594 1960 tur.

561 1996 717 2051 Vens.
753 1997 840 2060 2|,
865 1996 951 2049 22.
995 1995 1268 2049 Mutuatur
1310 2005 1563 2062 peccator,
1597 2005 1643 2048 et
1687 2011 1786 2048 non
1813 1995 1969 2048 solvet
2000 2011 2017 2046 :

485 2096 656 2140 iustus
706 2096 878 2140 autem
930 2087 1200 2140 miseretur
1226 2097 1273 2140 et
1327 2088 1532 2141 tribuet.
1584 2085 1679 2141 Ille
1717 2101 1838 2138 cum
1887 2086 2020 2138 nihil

486 2175 806 2242 possideret,
841 2177 1144 2244 multosque
1167 2190 1194 2228 a
1222 2176 1339 2229 viro
1362 2177 1510 2242 justo
1543 2175 1698 2228 utiles
1727 2175 2019 2230 salutares-

485 2281 589 2333 que
615 2281 891 2320 sermones
922 2274 1108 2318 mutuo
1140 2269 1422 2333 acciperet,
1456 2274 1546 2317 aut
1569 2281 1599 2318 a
1624 2263 1728 2318 Deo
1745 2264 2019 2318 beneﬁciis

484 2365 788 2417 ornaretur,
813 2354 1051 2408 debitum
1074 2370 1178 2408 non
1206 2355 1384 2408 solvit.
1415 2352 1547 2406 Nam
1572 2353 1835 2422 adjutum,
1860 2369 2020 2423 opor-

482 2445 587 2496 tuit
633 2458 795 2512 opera
842 2457 905 2496 ac
951 2451 1100 2514 gesta
1139 2443 1376 2510 acceptis
1421 2442 1581 2510 digna
1636 2442 1907 2496 exhibere.
1953 2441 2020 2494 At

484 2534 574 2588 ille
603 2549 709 2586 non
740 2533 918 2594 solvit,
955 2542 1238 2599 manetque
1261 2531 1482 2598 iustitia:
1510 2532 1758 2600 operibus
1796 2546 2015 2585 vacuus.

483 2621 668 2677 Justus
699 2637 825 2676 vero
855 2621 1057 2675 divitiis
1083 2636 1200 2689 (una;
1248 2620 1540 2673 secundum
1585 2619 1748 2674 Deum
1779 2629 1903 2674 sunt
1935 2620 2012 2673 af-

483 2713 678 2776 ﬂuens,
715 2711 1002 2766 miseretur
1037 2721 1090 2764 et
1139 2710 1326 2763 tribuit
1371 2710 1666 2778 egentibus.
1721 2708 1822 2764 Sed
1861 2712 2020 2764 etiant

483 2801 576 2868 qui
620 2800 767 2868 justo
798 2799 1139 2862 benedicuut,
1185 2797 1302 2865 ejus
1348 2795 1652 2850 cohaeredes
1682 2806 1856 2851 erunt.
1890 2796 2019 2850 Eam

481 2891 626 2942 enim
652 2889 822 2956 ipsam
851 2901 1138 2955 supernam
1170 2885 1550 2946 hazreditatem,
1586 2886 1866 2953 quatjusto
1894 2901 2019 2954 pro-

482 2978 652 3032 missa
677 2977 798 3040 fuit,
833 2975 1496 3042 benedicentibusjustum
1526 2974 1684 3027 etiam
1716 2976 2016 3044 pollicetur.

485 3071 614 3135 Quae
640 3075 942 3122 consonant
969 3067 1189 3120 oraculo
1231 3065 1496 3119 Abraham
1534 3067 1795 3134 spectanti
1845 3080 1908 3119 ac
1934 3066 2017 3119 di-
2046 3097 2086 3152 ε

481 3157 624 3214 centi
652 3175 663 3209 :
697 3155 763 3208 Et
794 3155 1088 3208 benedicam
1120 3154 1466 3207 benedicentes
1495 3162 1540 3206 te
1562 3154 1626 3207 ⁷¹.
1655 3153 1786 3207 Illud
1819 3165 2017 3221 autem,

483 3246 852 3300 Maledicentes
902 3255 1073 3298 autem
1122 3246 1169 3297 ei
1215 3243 1557 3313 disperibunt,
1599 3244 1751 3298 aliine
1787 3253 1869 3298 est
1898 3246 2021 3300 huic

485 3333 550 3387 ad
579 3334 943 3387 Abrahamum
993 3333 1156 3395 dicto,
1192 3342 1240 3385 et
1270 3331 1689 3386 maledicentibus
1719 3334 1809 3386 tibi
1853 3336 2019 3388 male»

481 3425 735 3477 dicam“.
770 3421 1226 3488 Quemadmodum
1252 3422 1394 3476 enim
1423 3424 1513 3494 qui
1548 3425 1774 3494 lapidem
1803 3439 2016 3478 sursum

481 3515 629 3581 jncit,
675 3513 752 3566 sic
799 3512 890 3580 qui
938 3511 1236 3566 maledictis
1262 3513 1467 3581 justum
1502 3516 1724 3584 impetit,
1759 3517 1882 3584 quia
1912 3531 2018 3570 non

485 3608 661 3667 potest
709 3600 858 3667 justo
896 3599 1240 3653 maledictum
1288 3602 1510 3666 haerere,
1559 3613 1818 3657 retortum
1865 3604 1920 3656 in
1963 3619 2020 3658 se

485 3688 778 3740 maledicus
815 3689 1067 3756 excipiet.

552 3935 714 3992 Vsus.
762 3939 852 4005 25,
888 3940 976 3994 24.
1014 3939 1158 4008 Apud
1224 3939 1501 3994 Dominum
1542 3959 1746 4011 gressus
1796 3943 2016 3998 hominis

481 4027 788 4098 dirigentur.
818 4030 1018 4084 Practer
1045 4045 1211 4099 supra
1246 4039 1556 4093 memorata,
1592 4033 1702 4085 haec
1733 4035 1891 4088 etiam
1924 4035 2017 4088 ho-

484 4119 612 4171 mini
646 4117 737 4172 Dci
771 4119 1004 4175 adsunt:
1039 4121 1153 4174 vias
1181 4121 1298 4189 ejus
1329 4120 1467 4176 Deus
1500 4125 1822 4191 complanat,
1861 4127 1931 4180 ita
1963 4137 2018 4181 ut

481 4210 591 4266 vita
639 4213 756 4281 ejus
808 4213 1035 4267 feliciter
1074 4215 1317 4268 elabatur
1346 4233 1358 4266 :
1392 4229 1453 4267 ac
1501 4217 1616 4268 sine
1648 4217 1755 4269 ullo
1791 4219 1942 4273 obice
1973 4222 2016 4275 is

482 4303 731 4370 religiose
765 4304 893 4372 agit,
943 4320 972 4356 ιι
1006 4305 1326 4374 nemincque
1365 4307 1761 4374 supplantatur,
1798 4319 2014 4380 prOpter

2121 1903 2354 1965 οθέντας,
2382 1904 2574 1973 ὁμοίως
2603 1907 2658 1956 ὲν
2681 1905 2759 1974 τῷ
2790 1905 3195 1975 παραδείγματι
3221 1904 3316 1973 (1).

2187 1993 2503 2052 Δανείζεται
2530 1997 2561 2046 ό
2609 1995 2983 2062 ἁμαρτωλὸς.
3030 1995 3128 2048 καὶ
3176 1997 3287 2047 οὐκ
3322 1995 3589 2048 ἀποτίσειν
3615 1996 3640 2048 ὀ

2117 2080 2182 2132 δὲ
2213 2079 2436 2145 δίκαιος
2469 2083 2732 2148 σίκτείρει
2770 2083 2870 2134 καὶ
2918 2081 3092 2134 διδοῖ.
3128 2083 3306 2152 Μηδὲν
3338 2083 3634 2153 κεκτημένος,

2118 2171 2261 2242 παρὰ
2293 2169 2384 2222 τοῦ
2418 2170 2617 2222 δικαίου
2649 2172 2911 2234 πολλάκις
2939 2171 3320 2242 δανειζόμενος
3342 2173 3516 2240 λόγους
3535 2174 3637 2240 ὠφε-

2116 2261 2301 2330 λίμους
2344 2261 2435 2313 καὶ
2478 2260 2796 2332 σωτηρίους,
2836 2264 2870 2332 ἢ
2908 2263 3062 2334 παρὰ
3092 2262 3188 2315 τοῦ
3216 2264 3348 2316 Θεοῦ
3377 2264 3640 2331 εὐεργεσίας

2117 2353 2410 2420 τυγχάνων,
2457 2353 2554 2403 οὐκ
2603 2352 2924 2406 ἁποτίννυσι
2965 2354 3066 2425 τὴν
3116 2355 3355 2425 ὀφειλὴν.
3399 2355 3510 2407 Δέον
3559 2354 3641 2424 γὰρ

2117 2439 2480 2508 ὠφεληθέντα,
2503 2439 2636 2510 ἔργα
2677 2442 2772 2492 καὶ
2820 2443 3056 2512 πράξεις
3089 2447 3386 2514 παρασχεῖν
3425 2444 3556 2509 ἀξίας
3586 2437 3641 2493 ὧν

2116 2529 2354 2597 εἶληφεν.
2397 2529 2452 2580 '0
2486 2529 2541 2581 δὲ
2568 2530 2665 2582 ούκ
2712 2531 3096 2595 ἁποτίννυσιν,
3145 2535 3298 2604 μένει
3339 2533 3393 2586 δὲ
3441 2534 3642 2604 ἄκαρπος

2114 2618 2222 2671 τῶν
2253 2619 2349 2689 τῆς
2377 2618 2716 2690 δικαιοσύνης
2757 2621 2961 2692 ἔργων.
3013 2625 3074 2676 Ὀ
3107 2624 3163 2677 δὲ
3199 2625 3418 2688 δίκαιος,
3447 2623 3643 2676 πλουτῶν

2117 2711 2173 2761 ὲν
2199 2708 2275 2778 τῷ
2312 2709 2448 2762 κατὰ
2476 2709 2605 2762 Θεὸν
2635 2711 2876 2782 πλούτῳ,
2911 2715 3180 2786 οἱκτείρει
3214 2716 3306 2768 καὶ
3333 2715 3534 2786 παρέχει
3555 2715 3644 2775 τοῖς

2116 2798 2402 2868 δεομένοις.
2445 2799 2600 2851 Ἀλλὰ
2623 2802 2718 2853 καὶ
2753 2805 2809 2854 οἱ
2835 2805 2928 2855 τὸν
2961 2805 3173 2858 δίκαιον
3199 2805 3517 2873 εὐλογοῦντες
3541 2818 3643 2868 συγ-

2117 2886 2433 2957 κληρονόμοι
2463 2887 2624 2940 αὐτοῦ
2666 2891 3020 2960 γενήσονται.
3059 2894 3165 2946 Ἢν
3196 2893 3303 2964 γὰρ
3341 2890 3643 2964 ἐπηγγείλατο

2117 2977 2388 3048 ἁνωτέραν
2418 2981 2526 3040 τοῖς
2554 2978 2786 3042 δικαίοις
2814 2981 3188 3053 κληρονομίαν
3231 2988 3256 3038 ὁ
3289 2985 3452 3052 λόγος,
3487 2983 3643 3051 ταύτην

2119 3065 2281 3136 αὐτὴν
2325 3066 2416 3118 καὶ
2462 3069 2572 3129 τοῖς
2617 3067 2911 3135 εύλογοῦσι
2955 3071 3049 3125 τὸν
3096 3073 3305 3128 δίκαιον
3341 3076 3642 3144 ὑπισχνεῖται,

2120 3155 2422 3219 ἀκολούθως
2451 3156 2526 3226 τῷ
2565 3159 2698 3226 πρὸς
2728 3159 2833 3213 τὸν
2875 3163 3136 3235 ’Λϐραὰμ
3169 3167 3397 3238 χρησμῷ
3433 3169 3642 3236 φήσαντι·

2120 3247 2225 3301 Καὶ
2257 3246 2562 3315 εὐλογήσω
2594 3247 2735 3312 τοὺς
2787 3253 3209 3323 εὐλογοῦντάς
3255 3272 3345 3310 σε.
3378 3258 3445 3309 Τὸ
3474 3258 3540 3320 δὲ,
3568 3255 3645 3308 Καὶ

2119 3339 2173 3388 οἱ
2210 3335 2597 3404 καταρώμενοι
2628 3339 2825 3391 αὐτὸν
2855 3342 3486 3413 ἐξολοθρευθήσονται,
3509 3349 3651 3416 ὅμοιον

2119 3424 2184 3477 ἂν
2217 3423 2300 3492 εἴη
2342 3422 2415 3492 τῷ
2442 3423 2756 3494 λελεγμένῳ
2787 3429 2930 3498 πρὸς
2962 3432 3054 3484 τὸν
3100 3433 3349 3506 Ἀϐραάμ
3369 3452 3381 3463 ·
3425 3433 3520 3488 Καὶ
3545 3432 3652 3495 τοὺς

2119 3511 2557 3578 καταρωμένους
2581 3529 2652 3564 σε
2677 3517 3124 3588 καταράσομαι.
3155 3525 3365 3596 "(laneo
3390 3524 3488 3595 γὰρ
3514 3526 3539 3576 ὁ
3563 3522 3653 3590 βάλ-

2117 3599 2222 3651 λων
2258 3598 2400 3651 λίθον
2439 3601 2516 3662 εἰς
2551 3599 2678 3668 ὕψος
2712 3603 2808 3656 ἐπὶ
2840 3609 2942 3678 τὴν
2983 3612 3231 3683 κεφαλὴν
3275 3614 3460 3667 ἑαυτοῦ
3489 3613 3649 3684 βάλλει,

2116 3687 2284 3750 οὕτως
2320 3691 2347 3741 ὁ
2378 3690 2640 3758 κατάραις
2670 3691 2889 3760 βάλλων
2916 3699 3011 3751 τὸν
3038 3701 3274 3767 δίκαιον,
3303 3705 3388 3757 διὰ
3410 3706 3466 3757 τὸ
3495 3703 3556 3774 μὴ
3582 3703 3650 3754 δύ-

2117 3778 2308 3830 νασθαι
2336 3780 2574 3850 κατάραν
2602 3780 2860 3838 ἵστασθαι
2884 3791 3010 3842 κατ’
3037 3793 3230 3858 αὑτοῦ,
3254 3795 3653 3865 ἀντιστρέφοντα)

2115 3866 2281 3938 αὐτὴν
2309 3869 2386 3931 εἰς
2407 3870 2593 3921 ἑαυτὸν
2625 3869 2886 3941 λήψεται.

2183 3956 2344 4022 Παρὰ
2371 3957 2588 4022 Ki'plov
2633 3959 2708 4012 τὰ
2759 3962 3104 4035 διαϐήματα
3154 3973 3462 4041 ἀνθρώπου
3497 3986 3653 4026 κατευ-

2117 4047 2366 4098 θύνεται.
2407 4047 2548 4118 Πρὸς
2593 4053 2708 4115 τοῖς
2757 4058 3084 4127 εἰρημένοις
3129 4067 3225 4118 καὶ
3266 4066 3432 4119 ταῦτα
3472 4065 3654 4135 ὑπάρχει

2113 4135 2190 4205 τῷ
2214 4136 2306 4187 τοῦ
2339 4137 2469 4190 Θεοῦ
2513 4139 2792 4212 ἀνθρώπῳ
2813 4163 2825 4174 °
2864 4148 2967 4211 τὰς
3007 4155 3165 4218 ὀδοὺς
3193 4157 3358 4208 αὐτοῦ
3403 4155 3654 4227 ἐξομαλίζει

2113 4227 2140 4277 ὁ
2173 4225 2318 4288 Θεὸς,
2347 4225 2486 4279 ὥστε
2534 4229 2748 4298 εύροείν
2785 4238 2959 4292 αὐτοῦ
2992 4243 3088 4293 τὸν
3119 4244 3257 4312 βίον,
3299 4249 3392 4300 καὶ
3421 4225 3655 4315 ἀπαραπο-

2113 4313 2302 4376 δίστως
2351 4314 2637 4382 θεοσεϐεῖν,
2689 4324 2932 4393 μηδενὸς
2991 4332 3438 4400 ύποσκελίζοντος
3482 4313 3556 4388 διὰ
3592 4331 3657 4382 τὸν

480 4409 600 4447 cum
626 4396 716 4463 qui
739 4412 956 4465 gressus
977 4397 1096 4466 ejus
1119 4397 1321 4468 dirigit,
1347 4408 1399 4450 et
1423 4400 1556 4452 viam
1584 4403 1694 4468 ejus
1718 4403 1865 4470 volet,
1891 4406 2012 4473 quia

2123 4403 2507 4456 κατευθύνοντα
2551 4408 2720 4462 αὑτοῦ
2774 4415 2847 4468 τὰ
2886 4417 3233 4493 διαδήματα,
3280 4428 3375 4480 καὶ
3418 4426 3520 4492 τὴν
3552 4420 3659 4477 ὁδὸν

481 4485 626 4538 illam
650 4486 1040 4554 approbatione
1067 4489 1281 4559 dignam
1315 4498 1466 4558 parat
1491 4507 1505 4554 ;
1540 4493 1610 4542 ita
1639 4499 1696 4544 ut
1725 4492 1842 4547 ideo
1868 4494 2012 4548 dica-

482 4580 588 4638 tur,
614 4584 662 4626 et
692 4575 823 4627 riam
851 4577 963 4644 ejus
991 4579 1139 4632 volet.
1166 4577 1295 4632 Cum
1322 4580 1559 4633 ceciderit
1581 4599 1683 4635 non
1719 4585 2010 4651 collidetur,

479 4666 600 4732 quia
653 4664 902 4720 Dominus
944 4671 1180 4738 supponit
1220 4687 1429 4724 manum
1472 4689 1640 4727 suam.
1691 4672 1750 4728 Si
1802 4677 2015 4745 quando

479 4753 755 4824 contingat
789 4771 908 4809 eum
939 4759 1044 4812 labi
1079 4769 1131 4812 ct
1159 4761 1212 4814 in
1244 4763 1539 4817 tentatione
1563 4765 1776 4830 cadere,
1806 4782 1869 4820 ac
1917 4768 2016 4820 im-

480 4842 780 4912 pingentem
810 4845 864 4899 in
900 4857 1174 4916 peccatum
1200 4851 1489 4920 quodpiam
1519 4870 1691 4916 ruere,
1724 4871 1832 4909 non
1863 4857 2014 4910 colli-

482 4930 636 4984 detur
681 4941 898 5001 tamen;
929 4938 1022 4992 sed
1055 4947 1114 4992 ut
1151 4956 1445 5010 generosus
1483 4944 1700 5006 athleta,
1746 4962 1869 4998 cum
1905 4947 2012 5000 vim

483 5033 768 5118 perpessus
795 5025 1130 5096 aliquantum
1159 5034 1405 5098 cesserit,
1443 5033 1726 5089 confestim
1775 5050 1893 5090 sesc
1929 5053 2016 5092 re-

481 5109 662 5178 cipiet.
762 5112 764 5114 ’

552 5276 714 5334 Vens.
743 5279 834 5343 25,
869 5281 960 5338 26.
1010 5285 1199 5341 Iunior
1239 5289 1336 5354 fui,
1381 5293 1567 5344 etenim
1613 5292 1778 5356 senui,
1827 5303 1875 5346 et
1911 5311 2011 5348 non

483 5367 585 5420 vidi
613 5369 822 5444 justum
843 5372 1160 5441 derelictum,
1191 5397 1281 5434 nec
1307 5398 1473 5437 semen
1505 5382 1618 5452 ejus
1647 5398 1880 5453 querens
1919 5401 2013 5454 pa-

552 5518 594 5550 "
633 5515 765 5572 Gen.
798 5535 897 5586 xu,
931 5523 985 5579 5.
1056 5528 1100 5558 τ’
1139 5531 1266 5588 ibid,

550 5657 627 5728 (Ι)
666 5655 863 5733 Toxlus
889 5661 1111 5724 del-icere
1137 5675 1358 5733 videtur.

2118 4492 2300 4545 αὐτοῦ
2329 4495 2517 4559 θελῖξσ
2519 4511 2569 4547 ει
2589 4535 2603 4559 ν
2633 4499 2922 4574 ἀποδοχῆς
2953 4492 3116 4575 ἀξίαν
3149 4514 3431 4567 ποιοῦντα·
3463 4515 3582 4566 ὥστε
3600 4509 3660 4560 λὲο

2119 4581 2326 4650 γεσθαι,
2357 4585 2463 4636 Καὶ
2497 4583 2609 4650 τὴν
2632 4588 2786 4643 ὁδὸν
2816 4599 3014 4651 αὐτοῦ
3054 4603 3321 4672 θελήσει.
3357 4601 3660 4663 Ὅτανπὰγῃ

2118 4675 2188 4726 οὐ
2242 4675 2832 4748 καταρῤαχθήσεται,
2899 4687 2987 4741 ὅτι
3022 4694 3247 4760 Κύριος
3322 4689 3660 4760 ἁντιστηρίᾰῖι

2119 4760 2284 4828 χεῖρα
2322 4763 2525 4815 αὑτοῦ.
2553 4765 2616 4816 Εἰ
2659 4767 2718 4820 δὲ
2766 4774 2866 4826 καὶ
2919 4784 3115 4833 πεσεῖν
3145 4784 3307 4837 αὐτόν
3337 4801 3461 4838 ποτε
3487 4780 3660 4847 ὀλισθή-

2121 4863 2284 4900 σαντα
2331 4853 2528 4946 συμϐῇ,
2573 4855 2668 4908 καὶ
2706 4859 2767 4912 ὲν
2826 4872 3128 4942 πειρασμῴ
3179 4877 3463 4946 γενόμενος
3493 4870 3662 4937 suaet;

2121 4956 2276 5005 σειεν,
2321 4941 2552 5006 ὀκλάσας
2582 4962 2641 4998 τε
2698 4950 2979 5012 ύποπέσοι
3018 4941 3128 5016 τινίι
3183 4941 3541 5038 ἁμαρτήματι,
3576 4958 3661 5015 ἀλλ’

2117 5030 2176 5124 οὐ
2213 5032 2722 5124 καταρῤαχθήσεται
2747 5058 2760 5071 ·
2815 5041 2908 5100 οἷα
2955 5050 3014 5104 δὲ
3047 5030 3310 5120 γενναίοςΙ
3345 5030 3564 5124 ἀθλητὴς
3590 5053 3661 5102 ἐκ·

2119 5118 2354 5218 magiis};
2392 5122 2485 5174 καὶ
2513 5124 2646 5194 πρὸς
2676 5128 2863 5200 ὀλίγον
2897 5118 3110 5206 ἐνδοὺς,
3148 5118 3484 5218 παραχρῆμα
3509 5118 3661 5195 ἑαυτὸν

2117 5210 2460 5280 ἀναλήψεται.

2185 5299 2474 5399 Νεώτερος
2530 5305 2857 5380 ἐγενόμην,
2924 5321 3026 5375 καὶ
3087 5325 3201 5395 γὰρ
3253 5327 3528 5399 ἐγήρασα,
3586 5317 3658 5372 καὶ

2117 5391 2226 5446 οὐκ
2249 5387 2407 5446 εἷσον
2435 5393 2668 5450 amator
2719 5387 3418 5486 eruatmtexeqipérorv,”
3440 5387 3566 5472 οὐδὲ
3612 5410 3660 5460 τὸ
