3782 6344
131 419 208 467 33's

1331 401 1812 456 COMMENTARIA
1854 405 1917 458 IN
1957 401 2287 472 PSALMOS.

3294 405 3393 458 ’.ἔτι

3295 439 3369 458 ιιι)-

3295 439 3369 459 IIU'

160 520 406 579 σπέρμα
434 503 871 573 αὖτθυτιήίοῧν
935 514 1194 585 ἄρτους.
1263 521 1395 573 Ἀλλ’
1458 525 1518 575 ἐκ
1573 523 1758 575 παίδωε.

1867 540 1973 578 nes.
2014 525 2054 576 Α
2083 537 2286 593 puero,
2331 521 2534 590 inquit,
2586 521 2650 575 ad
2704 530 3026 579 senectutem
3057 538 3225 592 usque
3263 524 3396 591 justi

174 613 346 680 μέχρι
403 597 584 667 γήρως
655 597 754 650 τὸν
822 600 926 654 τοῦ
994 605 1211 663 δικαῖου
1275 613 1762 682 περιεργασάμενος

187 699 326 765 βίον.
358 688 472 741 Ὀτι
496 686 618 740 οὖδέ
645 682 732 751 εἷς
767 691 968 759 γέγονε
997 699 1191 768 καιρὸς
1223 699 1340 752 καθ’
1364 701 1420 752 ὃν
1451 702 1647 772 ἔρημος
1673 720 1764 754 κα-

204 780 531 836 ταλέλειπται
571 781 601 831 ὁ
650 777 887 844 δίκαιος,
919 784 1015 836 ἀεὶ
1065 787 1122 840 δὲ
1156 788 1414 859 πάρεδρον
1457 791 1545 844 καὶ
1579 791 1765 861 βοηθὸν

200 874 457 940 κέκτηται
498 869 586 921 τὸν
616 869 821 922 ἑαυτοῦ
862 872 1093 942 Κύριον.
1125 875 1212 926 Διό
1245 892 1432 944 φησιν·
1479 878 1764 945 Νεώτερος

193 962 505 1030 ἐγενόμην,
535 959 570 1029 ἦ
611 960 760 1012 κατὰ
799 961 892 1014 τὸν
926 963 1241 1034 Σύμμαχον,
1288 967 1422 1031 νέος
1460 967 1761 1036 ἐγενόμην,

184 1053 355 1108 om
402 1052 499 1104 καὶ
525 1049 823 1120 ἐγήρασα,
859 1053 958 1105 καὶ
989 1057 1101 1107 οὐκ
1138 1052 1298 1109 εἶδον
1337 1055 1562 1109 δίκαιον
1598 1059 1765 1124 ἐγκα-

185 1141 684 1211 ταλελειμμένον,
734 1143 882 1196 οὐδὲ
934 1146 1000 1197 τὸ
1055 1146 1288 1214 σπέρμα
1332 1147 1512 1200 αὐτοῦ
1559 1147 1764 1214 ζητοῦν

171 1235 430 1300 ἄρτους.
463 1233 574 1283 Καὶ
605 1231 728 1294 πῶς
768 1231 880 1302 γὰρ
909 1229 1021 1286 οἷόν
1052 1252 1108 1287 τε
1139 1231 1204 1304 ἦν
1232 1235 1290 1288 τὸ
1334 1237 1547 1307 σπέρμα
1573 1238 1664 1289 τοῦ
1691 1239 1764 1290 δι-

186 1322 350 1374 καίου
397 1320 581 1383 ἐνδεὲς
627 1322 815 1389 ἄρτων
864 1321 1133 1388 γενέσθαι,
1167 1324 1323 1376 ὁπότε
1367 1325 1523 1385 αὐτὸς
1564 1325 1648 1377 διὰ
1677 1326 1763 1378 τὶν

188 1413 347 1482 παρὰ
390 1411 480 1464 τοῦ
534 1411 680 1464 Θεοῦ
731 1413 1133 1483 χορηγούμενον
1183 1415 1325 1483 αὐτῷ
1352 1415 1572 1468 πλοῦτον
1615 1416 1764 1480 ὅλην

188 1505 310 1570 τὴν
349 1503 582 1572 ἡμέραν
622 1504 792 1556 ἐλεεῖ
822 1505 919 1556 καὶ
953 1503 1233 1566 δανείζει;
1265 1507 1490 1576 Νοήσεις
1531 1505 1585 1558 δὲ
1612 1507 1764 1558 τοῦτο

184 1597 336 1647 κατὰ
377 1595 478 1663 μὲν
508 1594 616 1664 τὴν
649 1595 893 1647 διάνοιαν
946 1594 1148 1664 μαθὼν,
1182 1596 1282 1658 ὅτι,
1322 1595 1552 1649 τάλαντα
1589 1595 1762 1648 λαϐὼν

180 1684 343 1754 παρὰ
370 1685 465 1737 τοῦ
502 1685 898 1738 οἰκοδεσπότου
937 1686 1029 1738 καὶ
1072 1685 1169 1754 τὴν
1203 1687 1334 1754 μνᾶν
1366 1687 1464 1756 τὴν
1497 1686 1640 1756 παρὰ
1671 1687 1761 1739 τοῦ

174 1777 412 1846 Κυρίου,
457 1779 531 1846 τῇ
581 1777 796 1829 τούτων
841 1776 1036 1848 χρῆται
1077 1778 1423 1847 πραγματείᾳ
1461 1778 1763 1849 πειθαρχῶν

169 1865 254 1934 τῷ
285 1867 528 1934 φήσαντι
550 1883 565 1896 ’
603 1867 765 1918 Ἔδει
796 1881 870 1918 σε
898 1866 962 1919 τὸ
994 1867 1271 1934 ἀργύριόν
1301 1885 1417 1934 μου
1437 1869 1652 1930 βαλεῖν
1681 1872 1764 1933 εις

164 1955 500 2022 τράπεζαν.
558 1956 640 2008 Τὰ
689 1957 865 2024 λόγια
906 1958 1121 2023 Κυρίου
1157 1959 1330 2025 λόγια
1373 1958 1540 2025 ἁγνὰ,
1588 1958 1764 2026 ἀργύ-

160 2063 319 2110 ριον
369 2045 840 2113 πεπυρωμένον,
888 2044 1156 2114 δοκίμιον
1196 2045 1270 2113 τῇ
1322 2046 1416 2113 τῇ.
1471 2048 1525 2097 Ὀ
1591 2049 1764 2100 τοίνυν

160 2137 552 2206 ἀνακείμενος
585 2140 657 2206 τῇ
689 2137 800 2188 τῶν
829 2136 986 2189 θείων
1017 2139 1241 2207 ἀσκήσει
1267 2138 1454 2204 λόγων,
1482 2140 1571 2191 καὶ
1601 2139 1764 2192 πολλὰ

166 2228 382 2295 λογικὰ
407 2230 679 2298 χρήματα
711 2211 1050 2294 συναγαγὼν,
1075 2228 1224 2280 οὐδὲν
1255 2227 1436 2298 ἕτερον
1463 2225 1566 2282 οἶδε
1598 2231 1764 2300 πράτ-

163 2335 320 2379 τειν,
350 2319 381 2387 ῆ
411 2318 502 2369 διὰ
526 2317 718 2386 πάσης
750 2317 960 2388 ἡμέρας
1002 2317 1167 2369 ὲλεεῐν
1195 2318 1286 2370 καὶ
1312 2318 1589 2381 δανείζειν.
1611 2320 1764 2371 Κατὰ

167 2410 230 2461 δὲ
279 2410 377 2460 τὸν
428 2407 699 2468 Ἀκύλαν,
738 2407 892 2473 ὅλην
934 2405 1048 2472 τὴν
1095 2407 1319 2475 ἡμέραν
1363 2407 1620 2474 δωρεῖται
1667 2409 1763 2461 καὶ

169 2499 464 2557 δανείζειο
509 2502 632 2560 τοῖς
682 2498 781 2567 μὲν
822 2498 1092 2566 δωρεῖται,
1135 2499 1244 2559 τοῖς
1289 2497 1343 2548 δὲ
1382 2497 1643 2561 δανείζει·
1697 2499 1762 2552 τὰ

172 2590 282 2658 μὲν
306 2589 564 2658 δόγματα
607 2587 946 2656 θεωρήματα
983 2586 1229 2655 δωρεῖται
1252 2587 1367 2649 ταῖς
1399 2585 1504 2638 τῶν
1532 2587 1763 2658 χωρούν-

165 2695 286 2730 των
318 2681 556 2747 ψυχαῖς·
597 2678 671 2730 τὰ
711 2677 756 2728 δ’
785 2680 844 2730 ὲν
887 2676 1101 2746 ἠθικαῖς
1129 2677 1364 2737 ἐντολαῖς
1404 2676 1648 2740 δανείζει,
1674 2679 1763 2731 ἐπὶ

169 2768 252 2838 τῷ
302 2770 431 2830 τοὺς
471 2767 778 2837 εἰληφότας
809 2765 874 2818 δι’
919 2765 1092 2837 ἔργων
1119 2765 1208 2817 τὸν
1238 2766 1442 2832 καρπὸν
1483 2767 1762 2820 ἀποδοῦναι

169 2859 270 2912 τοῦ
300 2859 521 2920 δάνους.
571 2857 771 2919 Οὕτως
798 2855 1000 2926 ἀκούσῃ
1026 2857 1120 2908 καὶ
1143 2857 1274 2908 Μωῢ
1284 2857 1414 2918 σέως
1443 2857 1764 2925 ἐπαγγελλο-

177 2950 342 3018 μένου
387 2951 506 3011 τοῖς
549 2947 668 3000 τῶν
714 2945 872 2999 θείων
921 2946 1096 3015 νόμων
1139 2944 1386 3012 φύλαξιν⁹
1425 2945 1504 3008 τὸ,
1545 2947 1764 3010 Δανιεῖς

174 3038 379 3092 ἔθνεσι
426 3037 728 3102 πολλοῖς,
771 3036 852 3089 σὺ
885 3034 953 3086 δὲ
984 3037 1054 3088 οὐ
1087 3035 1290 3087 darici.
1321 3037 1429 3087 Kal.
1468 3035 1650 3088 τοῦτόν
1699 3053 1761 3102 γε

178 3131 267 3182 τὸν
308 3133 516 3202 τρόπον
554 3131 611 3181 οἱ
651 3128 786 3180 θεῖοι
822 3125 1104 3179 ἀπόστολοι
1141 3124 1403 3188 ὲδὰνειζον
1431 3125 1604 3178 ἔθνεσι
1634 3126 1760 3178 πολ·
1787 3157 1830 3214 C

178 3222 309 3288 λοῖς,
337 3224 431 3276 καὶ
465 3219 731 3292 μάλιστά
755 3234 818 3284 γε
849 3219 878 3269 ὁ
908 3215 1137 3277 Παῦλοςο
1174 3217 1264 3267 καὶ
1293 3215 1376 3267 διὰ
1405 3214 1556 3267 τοῦτο
1589 3216 1638 3268 οἱ
1665 3234 1764 3283 μα-

182 3311 541 3383 θητευόμενοι
572 3310 786 3371 αὐτοῖς,
811 3307 1027 3377 σπέρμα
1045 3306 1193 3368 ὄντες
1212 3304 1407 3368 αὐτῶν,
1433 3305 1762 3358 οὐδεπώποτε

190 3400 366 3463 ἐνδεεῖς
390 3397 561 3470 ἦσαν
599 3397 785 3465 ἄρτων
808 3411 822 3426 ⁸
859 3394 953 3447 ἆτε
985 3393 1048 3463 δὴ
1087 3393 1296 3462 ἔχοντες
1325 3393 1448 3455 τοὺς
1474 3394 1764 3462 χορηγοῦν-

191 3505 282 3551 τας
313 3493 506 3552 αὐτοῖς
560 3485 668 3556 τὴν
719 3483 939 3552 λογικὴν
977 3481 1196 3552 τροφὴν,
1230 3475 1296 3551 ἦς
1338 3481 1764 3550 μεταλαμϐάνον-

183 3595 289 3642 τες,
333 3579 643 3646 εὐλογίαις
690 3573 1038 3644 ἐπληροῦντο.
1091 3572 1179 3624 Διδ
1225 3571 1498 3623 λέλεκταιο
1545 3572 1650 3623 Καὶ
1698 3571 1763 3624 τό

178 3669 405 3740 σπέρμα
449 3666 666 3722 αὐτοῦ
695 3666 785 3729 είς
821 3663 1098 3732 εὐλογίαν
1139 3661 1328 3714 ἔσται.
1358 3661 1464 3713 Καὶ
1508 3661 1642 3713 κατὰ
1678 3661 1764 3729 ψι-

177 3759 275 3830 λὴν
305 3761 351 3814 δὲ
385 3761 506 3830 τὴν
537 3755 716 3819 λέξιν.
751 3753 804 3805 ei
830 3769 913 3815 τις
951 3752 1221 3820 λογίσαιτο
1256 3753 1402 3812 ὅπως
1444 3750 1652 3822 εἴρηται
1689 3751 1763 3820 τῷ

179 3851 380 3921 Σωτῆρι
420 3851 522 3910 τὸ,
556 3847 675 3899 Καὶ
713 3845 783 3896 ἐν
810 3842 888 3907 τῷ
912 3841 1073 3895 αἰῶνι
1104 3843 1289 3907 τούτῳ
1333 3841 1764 3893 ἑκατονταπλα-

177 3941 349 3992 σιονα
370 3939 688 4006 λήψεται,
720 3933 899 4002 ἔργοις
941 3949 999 3984 τε
1043 3933 1223 3993 αὐτοῖς
1255 3931 1503 3984 θεάσαιτο
1533 3932 1762 4003 πληρού-

183 4046 336 4098 μενον
364 4031 470 4082 τὸν
520 4027 692 4092 λόγον
744 4023 832 4076 διὰ
879 4021 984 4074 τῶν
1036 4021 1198 4074 αὐτοῦ
1265 4021 1534 4090 μαθητῶν,
1578 4023 1762 4091 ὄψεται

179 4118 301 4180 πῶς
318 4121 343 4171 ὁ
361 4119 600 4176 δίκαιος
625 4113 757 4181 ὅλην
791 4110 885 4181 τὴν
910 4111 1116 4181 ἡμέραν
1140 4111 1278 4163 ἐλεεῖ
1304 4111 1394 4162 καὶ
1420 4110 1664 4173 δανείζει.
1700 4112 1761 4162 Ei

179 4206 291 4275 γὰρ
316 4207 551 4260 πάντων
581 4201 700 4253 τῶν
729 4199 1087 4252 πιστευόντων
1111 4194 1179 4267 ἦν
1205 4199 1237 4265 ή
1281 4197 1422 4267 ψυχὴ
1455 4199 1546 4251 καὶ
1571 4200 1603 4268 ἡ
1632 4217 1763 4268 καρ-

177 4292 268 4346 δία
321 4296 439 4364 μία,
504 4291 608 4345 καὶ
652 4289 830 4350 οὐδεὶς
879 4286 1060 4354 ἔλεγεν
1103 4285 1231 4339 ίδιόν
1267 4303 1318 4338 τι
1369 4287 1558 4339 ἑαυτοῦ
1604 4285 1758 4346 εἶναι.

178 4384 298 4436 ἀλλ’
328 4382 396 4456 ἦν
423 4383 619 4437 πάντα
662 4382 838 4437 κοινά,
865 4379 978 4430 ὅσοι
1011 4395 1068 4430 τε
1099 4374 1237 4448 ἦσαν
1267 4377 1442 4448 κύριοι
1471 4379 1760 4447 κτημάτων

1862 614 2022 666 vitam
2049 613 2286 668 studiose
2311 611 2564 681 perpendi
2592 630 2604 666 :
2649 612 2794 665 nullo
2825 612 3024 682 quippe
3048 621 3286 682 tempore
3307 613 3396 682 ju-

1863 711 1980 756 stus
2005 701 2285 760 deseritur,
2316 702 2406 755 sed
2440 699 2719 754 Dominum
2769 716 2923 754 suum
2965 717 3176 771 semper
3217 714 3399 756 astan-

1861 799 1966 844 tem
1994 794 2474 860 epitulatoremque
2502 790 2681 846 habet.
2713 789 2888 856 Quare
2929 793 3036 855 ait,
3069 793 3252 860 junior
3288 793 3395 861 fui,

1863 882 1974 935 sive
2001 882 2295 936 secundum
2329 880 2725 952 Symmachum,
2751 881 2955 949 juvenis
2975 881 3074 951 fui,
3101 883 3188 936 sed
3214 885 3397 949 senui,

1859 980 2030 1026 etnon
2060 973 2162 1025 vidi
2183 971 2389 1039 justum
2415 969 2748 1032 derelictum,
2779 987 2868 1022 nec
2910 986 3079 1023 semen
3108 970 3223 1038 ejus
3257 987 3399 1040 quie-

1861 1075 1976 1112 rens
2001 1076 2179 1124 panes.
2212 1059 2276 1112 Et
2301 1057 2415 1127 qui,
2447 1072 2648 1126 quaeso.
2673 1065 2849 1126 potest
2872 1057 3004 1125 justi
3034 1073 3214 1113 semen
3243 1073 3398 1128 egere

1861 1151 2108 1219 panibus,
2141 1149 2355 1220 quando
2391 1149 2525 1217 ipse,
2579 1147 2686 1202 Deo
2727 1148 2941 1201 divitias
2983 1149 3084 1203 sibi
3137 1149 3399 1204 submini-

1860 1249 2083 1303 strante,
2118 1250 2226 1292 tota
2250 1238 2332 1291 die
2357 1239 2627 1290 miseretur
2655 1245 2703 1290 et
2732 1239 3066 1293 commodat?
3095 1237 3217 1292 Haec
3238 1253 3399 1307 porro

1860 1331 2126 1400 intelligas
2173 1345 2234 1382 ac
2267 1337 2444 1383 mente
2491 1327 2774 1397 percipias,
2808 1328 2852 1383 si
2884 1328 3168 1383 edidiceris
3223 1330 3398 1398 ipsum

1859 1435 1980 1473 cum
2002 1420 2198 1474 talenta
2225 1434 2254 1470 a
2278 1417 2677 1487 patrel‘amilias,
2707 1424 2760 1471 et
2791 1433 2967 1471 mnam
2998 1433 3027 1470 a
3061 1417 3284 1472 Domino
3309 1433 3402 1471 ac-

1859 1509 2114 1577 cepisset,
2148 1508 2214 1562 iis
2241 1508 2308 1561 ad
2339 1507 2758 1576 negotiationem
2793 1522 2948 1561 usum
2981 1522 3132 1568 esse,
3177 1507 3400 1560 Domino

1859 1598 2311 1666 obtemperantem
2353 1597 2427 1649 ita
2455 1597 2694 1665 loquenti
2722 1617 2734 1650 :
2773 1597 3014 1666 Oportuit
3047 1606 3093 1650 te
3131 1598 3400 1664 pecuniam

1861 1704 2024 1741 meam
2039 1687 2228 1754 jecisse
2255 1686 2322 1738 ad
2351 1701 2580 1738 mensam
2602 1687 2666 1739 ⁷³.
2701 1685 2920 1755 Eloquia
2944 1685 3171 1750 Domini,
3199 1687 3400 1755 eloquia

1860 1787 2027 1838 casta,
2047 1785 2312 1845 argentum
2333 1777 2447 1843 igne
2475 1777 2850 1838 examinatum,
2874 1776 3146 1844 probatum
3167 1786 3317 1830 terra:
3333 1778 3400 1832 ⁷⁸.

1796 1846 1836 1902 Β
1863 1866 2118 1933 Quisquis
2148 1865 2310 1934 igitur
2331 1865 2497 1919 divini
2532 1867 2794 1920 sermonis
2818 1869 3075 1922 exercitio
3106 1869 3398 1929 incumbit,

1863 1957 2163 2022 multasque
2216 1952 2558 2007 rationabiles
2599 1953 2814 2010 divitias
2870 1956 3109 2024 colligit,
3165 1956 3210 2010 is
3262 1957 3396 2010 nihil

1863 2045 2006 2098 aliud
2037 2059 2194 2113 agere
2227 2045 2401 2105 novit,
2441 2059 2599 2113 quam
2630 2051 2688 2096 ut
2717 2052 2830 2098 tota
2855 2046 2940 2099 die
2987 2048 3306 2101 misereatur
3348 2057 3401 2102 et

1862 2133 2182 2187 commodet.
2212 2131 2515 2186 Secundum
2561 2131 2808 2201 Aquilam
2844 2150 2972 2187 vero
2996 2174 3010 2197 ,
3057 2145 3164 2188 tota
3195 2137 3276 2189 die
3307 2137 3399 2190 dat

1860 2232 1908 2276 et
1940 2221 2265 2276 commodat:
2293 2223 2412 2276 aliis
2449 2221 2663 2290 quidem
2716 2223 2846 2286 dat,
2895 2225 3013 2278 aliis
3046 2233 3222 2279 autem
3253 2241 3402 2279 com-

1861 2313 2078 2378 modat;
2110 2313 2354 2382 dogmata
2385 2312 2448 2365 ad
2497 2314 2912 2382 speculationem
2959 2314 3050 2368 dat
3079 2317 3145 2369 iis
3171 2331 3398 2385 quorum

1861 2416 2084 2470 capaces
2117 2401 2306 2454 animae
2335 2410 2487 2466 sunt;
2525 2404 2745 2456 moralia
2781 2412 3042 2473 pmcepta
3071 2406 3396 2466 commodat.

1862 2503 1920 2544 ut
1952 2493 2041 2561 qui
2076 2493 2418 2561 acceperint,
2480 2501 2666 2546 mutuo
2703 2495 2908 2562 accepti
2964 2495 3193 2548 fructum
3225 2497 3402 2564 operi-

1861 2583 1961 2638 bus
1989 2583 2230 2638 reddant.
2270 2583 2359 2637 Sic
2387 2584 2575 2638 audias
2608 2583 2840 2653 Moysem
2880 2584 3178 2637 divinarum
3226 2587 3399 2654 legum

1859 2674 2155 2728 cultoribus
2217 2674 2320 2728 hoc
2377 2674 2714 2742 pollicentem
2754 2693 2767 2728 :
2817 2673 3118 2726 Faenerabis
3165 2673 3399 2741 gentibus

1862 2767 2059 2827 multis,
2091 2773 2140 2818 et
2170 2775 2224 2817 tu
2273 2782 2372 2818 non
2426 2766 2572 2833 fenus
2621 2767 2838 2833 accipies
2875 2767 2943 2818 ⁷⁸.
3009 2765 3071 2817 Et
3115 2780 3182 2819 eo
3217 2766 3402 2834 utique

1860 2855 2018 2909 modo
2053 2855 2218 2908 divini
2253 2857 2480 2924 apostoli
2513 2857 2849 2911 fmnerabant
2880 2857 3131 2926 gentibus
3174 2859 3357 2911 multis
3383 2898 3400 2923 ,

1861 2944 2195 3013 maximeque
2228 2943 2423 2997 Paulus
2463 2963 2476 2997 :
2522 2961 2690 3014 quare
2734 2946 2986 3016 discipuli
3031 2962 3260 3010 eorum,
3303 2949 3395 3014 qui

1863 3050 2045 3090 semen
2082 3036 2317 3104 ipsorum
2359 3044 2534 3097 erant,
2564 3052 2838 3106 nunquam
2873 3038 3096 3106 egebant
3129 3038 3358 3107 panibus
3383 3080 3399 3101 ,

1861 3133 2044 3193 utpote
2070 3126 2266 3194 quibus
2288 3127 2538 3180 adessent
2557 3128 2647 3196 qui
2672 3129 3037 3182 rationabilem
3067 3130 3245 3181 cibum
3269 3145 3369 3197 sup
3387 3158 3400 3168 -

1862 3213 2157 3282 peditarent
2186 3232 2198 3266 :
2236 3214 2390 3281 cujus
2425 3214 2714 3282 participes
2741 3230 2864 3268 cum
2916 3223 3129 3277 essent,
3184 3215 3401 3268 benedi-

1862 3304 2128 3358 ctionibus
2157 3305 2519 3372 replebantur.
2548 3303 2905 3368 Quamobrem
2934 3305 3134 3356 dictum
3168 3315 3250 3357 est
3268 3342 3282 3364 ,
3333 3303 3401 3356 Et

1862 3409 2029 3445 semen
2051 3394 2160 3461 ejus
2181 3395 2235 3447 in
2259 3393 2604 3446 benedictione
2637 3395 2756 3447 erit.
2807 3392 2863 3446 Si
2895 3393 3017 3462 quis
3050 3408 3176 3446 vero
3202 3409 3398 3446 secun—

1861 3483 1985 3536 dum
2026 3485 2218 3537 nudam
2268 3485 2544 3538 lectionem
2593 3499 2772 3538 secum
2821 3484 3145 3551 reputaverit
3173 3500 3276 3551 qua
3309 3499 3398 3534 ra—

1862 3573 2005 3626 tione
2044 3587 2073 3624 a
2103 3571 2375 3626 Salvatore
2407 3574 2608 3627 dictum
2641 3575 2742 3635 sit,
2781 3571 2843 3626 In
2883 3573 2976 3626 hoc
3001 3573 3192 3626 siccato
3225 3582 3401 3626 centu—

1860 3661 2002 3729 plum
2031 3663 2233 3729 recipiet
2260 3662 2326 3722 ",
2354 3678 2571 3731 remque
2619 3679 2780 3732 opere
2815 3678 2912 3732 per
2957 3663 3076 3729 ejus
3105 3663 3401 3732 discipulos

1861 3752 2254 3819 comprobatam
2309 3752 2539 3814 viderit.
2609 3753 2658 3806 is
2711 3767 2841 3806 sane
2889 3751 3250 3820 deprehendet
3296 3770 3402 3821 quo

1861 3849 2019 3908 pacto
2040 3841 2221 3908 justus
2248 3847 2357 3893 tota
2379 3841 2468 3894 die
2497 3841 2814 3893 misereatur
2843 3848 2898 3894 et
2924 3841 3247 3896 commodet.
3269 3841 3400 3895 Nam

1861 3929 1904 3982 si
1933 3929 2168 3983 omnium
2204 3929 2434 3983 lidelium
2464 3944 2558 3983 cor
2584 3945 2748 3982 unum
2786 3937 2840 3983 et
2891 3931 3068 3983 anima
3102 3946 3206 3983 una
3242 3941 3399 3994 erat,

1859 4019 2147 4089 nullusque
2177 4020 2387 4072 dicebat
2415 4020 2515 4072 sibi
2549 4021 2675 4088 quid
2705 4020 2977 4088 proprium
3009 4034 3151 4079 esse,
3187 4020 3274 4072 sed
3297 4037 3402 4072 0m-

1861 4103 1948 4155 nia
1975 4112 2122 4155 erant
2169 4105 2483 4165 communia,
2515 4111 2570 4156 et
2599 4111 2861 4172 quotquot
2888 4116 3230 4171 possessores
3261 4117 3401 4171 prae-

1860 4193 2069 4247 diorum
2099 4201 2272 4254 erant.
2302 4194 2592 4247 vendentes
2623 4195 2892 4261 ponebant
2935 4200 3058 4245 ante
3085 4193 3248 4260 pedes
3274 4208 3403 4262 ape-

1861 4289 2142 4352 stolorum,
2173 4287 2590 4356 dividebantque
2633 4288 2860 4356 singulis
2891 4295 3043 4354 prout
3070 4289 3250 4356 cuique
3274 4304 3400 4351 opus

1859 4387 1969 4430 erat
1997 4377 2074 4438 ⁷⁷ς
2110 4376 2450 4431 manifestum
2478 4393 2606 4430 sane.
2639 4385 2720 4429 est
2756 4378 2902 4446 ipsos
2935 4385 3045 4428 tota
3074 4377 3160 4430 die
3207 4379 3402 4432 miser-

178 4477 602 4543 πιπράσκοντες
635 4468 886 4522 ἐτίθεσαν
913 4468 1059 4536 παρὰ
1074 4469 1198 4530 τοὺς
1221 4467 1383 4530 πόδας
1411 4467 1514 4519 τῶν
1534 4468 1758 4520 ἀποστό-

1862 4476 1944 4520 tos
1976 4481 2095 4520 esse
2119 4474 2172 4518 et
2200 4468 2585 4520 commodasse.

176 4562 316 4623 λων,
340 4559 662 4632 διεμέριζον
680 4575 740 4610 τε
762 4557 995 4626 ἑκάστῳ,
1029 4555 1210 4609 καθότι
1239 4556 1302 4609 ἄν
1321 4573 1403 4615 τις
1427 4557 1608 4626 χρείαν
1631 4554 1761 4627 εἶχε·
1781 4557 1932 4627 δῆλον
1959 4558 2106 4618 ὅπως
2128 4556 2252 4626 ὃλην
2272 4558 2368 4627 τὴν
2400 4559 2604 4627 ἡμέραν
2629 4550 2769 4608 οὗτοι
2798 4556 2985 4626 ἠλέουν
3005 4559 3096 4610 καὶ
3119 4558 3400 4621 ἐδάνειζον.

269 4681 592 4732 Ἐκκλινον
635 4673 759 4729 ἀπὸ
809 4672 1018 4734 κακοῦ,
1067 4673 1161 4726 καὶ
1212 4674 1465 4741 ποίησον
1515 4675 1752 4744 ἀγαθόν.

194 4767 609 4836 Ἐλευθερὼσας
661 4761 887 4815 σεαυτὸν
936 4762 1110 4832 πάσης
1154 4762 1364 4826 κακίας,
1392 4764 1481 4814 ἐπὶ
1527 4765 1606 4815 σοὶ
1653 4764 1758 4834 γάρ

181 4858 304 4910 ἐστι
330 4860 508 4920 τοῦτο,
547 4857 647 4909 καὶ
687 4851 969 4922 βουληθεὶς
1011 4851 1242 4922 δυνήσῃ·
1285 4853 1345 4904 οὐ
1391 4853 1493 4922 μὴν
1539 4853 1637 4923 ἤδη
1671 4855 1757 4906 τέ-

181 4946 327 5010 lato;
355 4950 453 5018 ἔσῃ
499 4945 670 4998 τοῦτο
699 4939 939 5013 πράξας,
965 4942 1010 4991 εί
1062 4942 1132 5010 μὴ
1165 4943 1255 4994 καὶ
1297 4942 1355 4994 τὸ
1386 4943 1629 5013 δεύτερόν
1681 4961 1758 4997 σοι

191 5038 382 5108 παρείη
410 5057 423 5068 ·
457 5035 624 5089 τοῦτο
651 5033 696 5084 δ’
726 5032 850 5082 ἐστὶ
876 5029 938 5080 τὸ
960 5029 1272 5098 ἐργάζεσθαι
1297 5030 1356 5082 τὸ
1381 5031 1595 5098 ἀγαθόν.
1621 5032 1760 5102 Πρὸς

186 5123 303 5191 γὰρ
325 5126 379 5178 τὸ
413 5125 492 5194 μὴ
526 5122 792 5175 κλέπτειν
821 5117 1085 5186 προσήκει
1113 5133 1170 5168 σε
1207 5118 1297 5169 καὶ
1325 5117 1429 5169 τῶν
1462 5119 1564 5171 σῶν
1594 5121 1762 5190 ὓπαρ-

185 5214 383 5284 χόντων
429 5219 548 5278 τοῖς
600 5209 891 5279 δεομένοις
936 5211 1202 5260 κοινωνεῖν
1223 5224 1235 5236 ο
1281 5209 1371 5260 καὶ
1417 5211 1547 5280 πρὸς
1585 5211 1644 5262 τὸ
1687 5212 1760 5282 μὴ

188 5303 550 5366 πλεονεκτεῖν,
584 5303 804 5370 ἕτερον,
839 5295 902 5347 τὸ
945 5295 1037 5347 καὶ
1081 5297 1376 5365 εὐεργετεῖν
1415 5303 1538 5362 τοὺς
1571 5300 1756 5370 δεομέ-

183 5411 338 5457 νους·
368 5399 458 5450 καί
487 5394 632 5464 πρὸς
657 5390 724 5442 τὸ
754 5385 964 5445 κακίας
995 5384 1302 5454 ἀπέχεσθαι,
1330 5387 1388 5440 τὸ
1436 5390 1518 5441 καὶ
1546 5390 1758 5459 ἐτέρους

186 5484 294 5537 ἀπὸ
322 5489 520 5548 κακίας
557 5479 826 5554 ῥύεσθαι.
879 5473 1044 5524 Ἐπαν
1079 5473 1132 5525 δὲ
1172 5475 1338 5527 ταῦτα
1384 5479 1621 5547 ποιήσῃς,
1655 5495 1754 5533 κα-

184 5578 503 5643 τασκήνου,
555 5568 760 5639 φησὶν,
803 5562 896 5623 εὶς
937 5559 1114 5614 αἰῶνα
1155 5563 1380 5629 αἰῶνος.
1441 5565 1578 5618 ’Δνθ’
1625 5559 1683 5618 οὗ
1730 5573 1759 5622 ὀ

1930 4673 2091 4728 Vens.
2125 4673 2190 4728 97
2215 4674 2348 4729 -Ξθ,
2403 4673 2616 4726 Declina
2667 4689 2699 4724 a
2741 4672 2910 4738 malo,
2949 4683 2996 4726 et
3049 4673 3134 4741 [ac
3193 4673 3398 4730 bonmn.

1863 4765 1995 4820 Cum
2031 4774 2082 4820 te
2117 4767 2182 4820 ab
2207 4765 2351 4820 omni
2392 4765 2590 4818 malitia
2621 4765 2916 4828 exemeris,
2969 4780 3132 4833 penes
3176 4771 3227 4818 te
3260 4765 3400 4818 enim

1860 4856 1989 4910 illud
2021 4864 2134 4917 est.
2165 4864 2217 4911 et
2251 4856 2294 4909 si
2327 4856 2456 4910 velis
2485 4856 2681 4924 poteris
2707 4873 2721 4920 ;
2766 4871 2876 4908 non
2906 4854 3117 4917 statim,
3149 4855 3250 4909 hoc
3283 4871 3403 4924 pcr-

1863 4956 2002 5009 acto,
2040 4945 2306 5016 perfectus
2339 4947 2464 5010 eris,
2493 4944 2592 4998 nisi
2622 4945 2766 4998 aliud
2798 4944 3092 5000 secundum
3137 4935 3400 5008 adfuerit,

1866 5040 2053 5098 idest.
2101 5045 2158 5091 ut
2193 5037 2358 5091 facias
2387 5037 2608 5090 bonum.
2661 5035 2791 5088 Nam
2853 5043 3206 5107 praeterquam
3260 5039 3401 5107 quod

1866 5125 2032 5179 furari
2089 5139 2194 5178 non
2243 5125 2395 5186 licet,
2441 5123 2690 5176 convenit
2727 5124 2884 5177 etiam
2934 5138 3055 5176 cum
3119 5128 3402 5202 egentibus

1864 5215 1999 5269 bona
2029 5228 2122 5268 sua
2151 5213 2582 5276 communicare;
2614 5227 2677 5264 ac
2709 5219 3062 5280 praeterquam
3095 5215 3238 5283 quod
3274 5231 3401 5269 ava-

1862 5319 1977 5356 rum
2012 5318 2131 5357 esse
2165 5317 2266 5355 non
2293 5307 2530 5369 oportet,
2572 5301 2716 5353 aliud
2765 5303 3089 5370 requiritur,
3134 5313 3190 5358 ut
3219 5307 3402 5374 egenis

1864 5394 2120 5447 beneﬁcia
2174 5397 2525 5460 praestentur;
2578 5403 2641 5443 ac
2701 5401 2893 5460 prteter
2943 5393 3320 5448 abstinentiam
3369 5412 3399 5449 a

1864 5484 2039 5544 malis,
2065 5497 2199 5550 Opus
2221 5487 2303 5534 est
2330 5488 2380 5532 et
2411 5479 2544 5533 alios
2573 5493 2603 5531 a
2625 5481 2780 5536 malis
2808 5497 3018 5537 eruere.
3047 5483 3180 5536 Cum
3222 5491 3402 5539 autem

1863 5573 1975 5628 haec
2001 5571 2194 5642 egeris,
2225 5558 2487 5633 inhabita,
2543 5568 2746 5639 inquit,
2799 5573 2851 5626 in
2907 5575 3151 5630 swculum
3203 5578 3402 5630 steculi.

274 5723 305 5758 η
339 5728 478 5783 ινα,
518 5734 617 5776 xix
642 5755 658 5777 ,
699 5712 800 5766 25.
887 5708 937 5739 ’⁷⁸
973 5707 1109 5768 Psal.
1146 5730 1198 5767 xl
1222 5755 1234 5779 ,
1269 5715 1316 5770 7.
1389 5717 1432 5748 "'
1470 5715 1617 5773 Deut.
1650 5733 1754 5793 av,

1915 5725 1960 5758 ⁷⁸
1989 5722 2172 5778 Matth.
2205 5735 2325 5789 nx,
2353 5719 2442 5776 29.
2517 5725 2564 5758 τ’
2599 5725 2717 5782 Act.
2754 5743 2827 5794 Iv,
2860 5729 3044 5784 32-55.
