3782 6328
108 408 194 465 557
1329 401 1462 456 (ΣΟ-Μ
1469 401 1514 454 Μ
1522 399 1740 454 ENTAII

1849 400 1912 453 ΙΝ
1953 398 2281 453 PSALMOS.

3278 403 3390 456 338

158 498 398 578 Εἶδον
414 495 504 547 τὸν
535 487 713 580 ἀσεᾷῆ
752 488 992 562 ὑπερυ
1002 505 1366 578 Ψούμενον,
1408 515 1502 567 καὶ
1529 513 1744 580 ἐπαιρό-

1927 511 2086 568 νειιε.
2116 510 2299 566 5557.
2349 507 2465 561 Vidi
2503 511 2712 576 impium
2740 511 3174 579 superexaltatum
3202 522 3260 565 et,
3279 516 3381 566 elc-

87 603 342 685 ﬂtrq”
841 684 848 685 7
866 588 1332 685 30:3.At6drov.
1354 577 1534 664 Οὕτως
1558 577 1753 653 ἐπὶτοῦ

427 666 724 770 διὰιξείρίξς
758 666 1145 770 ὲλξὶλςυθέναι
1178 688 1275 740 τοῦ
1303 690 1480 750 τέλους
1501 688 1605 741 τῶν
1635 691 1756 742 ἀσε-

97 757 188 844 ϐῶν
267 771 468 832 4mm”.
503 758 576 810 Οὐ
627 757 740 828 γὰρ
779 757 844 826 ἐξ
879 764 1090 842 ἀκοῆς
1135 778 1301 830 πάλαι
1341 780 1468 831 ποτὲ
1501 779 1755 847 γενόμενα

99 868 356 946 ἑτέραν
381 847 630 946 λεγόνῖωξ
683 848 922 946 addixi?“-
950 872 966 884 '
1055 862 1180 916 ἀλλ’
1211 866 1366 928 αὐτὸς
1411 864 1564 927 εἶδον,
1604 865 1752 934 φησὶ,

111 937 498 1031 ᾈλέσεῖήμως
534 937 734 1008 ἀνδραῖ
784 941 892 995 καὶ
934 946 1152 1015 ἀθέους
1195 953 1624 1024 θαυμαζομένους
1660 954 1754 1024 μὲν

131 1056 228 1105 ξιτ-ιδ
303 1031 525 1090 “Mil”.
562 1031 998 1101 ἐπαιρομένους
1036 1041 1100 1093 δὲ
1139 1045 1231 1096 καὶ
1264 1044 1613 1112 γαυριῶντας,
1647 1046 1745 1095 oio-

154 1141 372 1206 “hanc
408 1139 458 1174 τε
490 1121 823 1185 διαιωνίζειν
860 1126 926 1179 ὲν
966 1131 1055 1200 τῷ
1090 1132 1207 1202 βίῳ.
1250 1133 1382 1185 Ἀλλ’
1412 1134 1485 1196 ὼς
1517 1133 1595 1186 ἔτι
1625 1133 1752 1202 παρ’

165 1216 398 1294 ἐμαυτῷ
421 1214 793 1286 διελογιζόμην
821 1218 952 1282 πῶς
985 1223 1121 1286 οἵδε,
1139 1225 1332 1294 καίπερ
1353 1225 1558 1286 ἀσεϐεῖς
1585 1225 1750 1289 ὄντες,

187 1307 442 1364 τοσούτων
484 1306 858 1377 τετυχήκασι,
917 1310 1177 1382 δεύτερον
1229 1314 1419 1376 αὐτοὺς
1467 1314 1751 1367 θεάσασθαι

202 1394 488 1465 βωληθεὶς,
539 1397 722 1466 ὲπῇρα
766 1399 902 1461 τοὺς
941 1400 1281 1471 ὀφθαλμούς·
1316 1403 1364 1454 οἱ
1407 1402 1462 1454 δὲ
1493 1404 1590 1455 οὐκ
1615 1399 1753 1473 ἦσαν

199 1485 440 1553 οὐδαμοῦ,
471 1487 699 1553 ἀφανεῖς
722 1487 767 1538 δ’
809 1487 880 1541 ἀθ
891 1490 1033 1559 ρόως
1073 1490 1331 1561 ὑπῆρχον.
1366 1487 1493 1542 Εἶτα
1528 1492 1582 1543 δὲ
1612 1492 1752 1561 ἴχνος

195 1576 360 1629 αὐτῶν
398 1577 494 1629 καὶ
533 1577 855 1647 ὑπόλειμμα
902 1577 1182 1648 βουληθεὶς
1231 1580 1540 1632 καταλασείν
1561 1621 1575 1644 ,
1634 1582 1752 1634 οὐδὲ

188 1669 276 1719 τὸν
313 1665 472 1719 τόπον
503 1668 564 1719 ὲν
602 1660 650 1733 ᾧ
693 1668 920 1722 ἑστάναι
979 1669 1193 1721 ἐδόκουν
1235 1670 1409 1739 εὑρεῖν
1444 1669 1747 1740 δεδύνημαι.

184 1757 375 1824 Διόπερ
407 1757 609 1827 ἐπειδὴ
653 1756 867 1808 τοιοῦτο
923 1767 988 1809 το
1028 1757 1226 1809 τούτων
1273 1758 1438 1820 τέλος,
1486 1757 1650 1825 φεῦγε
1687 1758 1748 1809 σὺ

1857 612 2030 656 vatum
2084 603 2218 655 sicut
2253 598 2430 652 cedros
2473 598 2680 663 Libani,
2728 609 2835 654 etc.
2882 600 2973 654 Sic
3023 603 3076 656 in
3133 605 3386 671 praesenti

1857 693 2012 746 linem
2049 706 2109 745 se
2147 690 2433 758 impiorum
2481 690 2808 757 experientia
2855 691 3138 746 edidicisse
3179 707 3380 747 memo-

1856 787 1958 833 rat.
2008 778 2188 848 Neque
2224 780 2364 833 enim
2389 779 2504 832 haec
2533 780 2660 832 olim
2704 791 2850 848 gesta
2889 795 2954 832 ex
2999 781 3220 834 aliorum
3252 797 3380 834 nar.-

1857 880 1974 922 ratu
2021 868 2240 922 auribus
2286 868 2505 936 excepi:
2561 868 2653 922 sed
2694 868 2826 935 ipse,
2857 868 3054 936 inquit,
3083 869 3189 922 vidi
3234 870 3383 925 vinos

1855 961 2159 1028 blasphema
2190 958 2516 1028 proferentes
2551 967 2601 1014 et
2638 959 2824 1012 atheos
2849 959 3096 1013 omnibus
3126 959 3178 1011 in
3211 957 3380 1011 admi-

1855 1051 2058 1104 ratione
2100 1050 2345 1111 habitos,
2393 1050 2560 1104 elatos
2610 1057 2661 1103 et
2717 1048 3079 1111 exsultantes,
3132 1055 3389 1116 putantes

1855 1140 1954 1194 sibi
2005 1148 2314 1209 perpetuam
2369 1139 2480 1191 fore
2511 1139 2695 1190 vitam.
2743 1135 2845 1192 Sed
2878 1137 3003 1190 dum
3050 1151 3256 1190 mecum
3288 1150 3377 1189 re-

1854 1237 2119 1298 putarem.
2163 1228 2430 1296 quomodo
2473 1227 2545 1278 illi
2589 1227 2835 1295 quamvis
2893 1226 3060 1294 impii,
3112 1233 3190 1278 tot
3235 1227 3378 1280 nacti

1855 1320 1992 1373 bona
2027 1328 2240 1381 essent,
2286 1319 2468 1372 oculos
2502 1318 2738 1372 secundo
2769 1318 2992 1380 sustuli,
3025 1327 3082 1370 ut
3135 1323 3376 1370 contem-

1854 1408 2029 1475 plarer
2066 1407 2247 1476 ipsos:
2283 1415 2337 1460 at
2367 1409 2442 1460 illi
2473 1421 2738 1475 nusquam
2772 1415 2943 1468 erant,
2973 1406 3066 1460 scd
3096 1405 3374 1459 confestim

1853 1505 2197 1549 evanuerant.
2257 1495 2453 1550 Deinde
2508 1497 2788 1566 vestigium
2841 1511 2906 1549 ac
2978 1505 3382 1549 monumentum

1853 1596 2036 1636 eorum
2063 1583 2459 1653 deprehendere
2492 1586 2694 1645 volens,
2735 1599 2802 1638 ne
2851 1585 3024 1636 locum
3065 1583 3275 1652 quidem
3322 1583 3377 1642 in

1852 1685 1959 1740 quo
1981 1673 2192 1726 stetisse
2221 1673 2536 1725 videbantur
2577 1674 2809 1740 reperire
2838 1673 3002 1740 potui.
3050 1671 3378 1739 Quapropter

1852 1764 1975 1828 quia
2002 1761 2123 1816 talis
2147 1776 2328 1814 eorum
2363 1761 2482 1816 linis
2515 1773 2617 1825 est,
2664 1760 2786 1830 fuge
2817 1769 2896 1825 tu,
2924 1761 3205 1830 discipule,
3243 1761 3384 1814 tales

180 1850 209 1900 ὸ
240 1843 697 1915 μαθητευόμενος
723 1846 915 1898 τοῦτον
939 1845 1045 1897 τῶν
1073 1845 1278 1900 ἀσεϐῶν
1310 1847 1398 1898 τὸν
1418 1847 1631 1917 τρόπον,
1660 1847 1744 1899 καὶ

1853 1850 2132 1918 impiorum
2182 1866 2391 1912 mores,
2434 1853 2589 1906 ablue
2632 1867 2842 1906 omnem
2897 1852 3177 1913 malitiam,
3217 1851 3386 1919 dilige

184 1933 444 2001 ἀπόνιψον
493 1935 598 2003 μὲν
640 1933 842 1986 ἑαυτοῦ
904 1935 1084 1986 πᾶσαν
1123 1935 1336 1996 κακίαν,
1389 1936 1666 2004 ἀγάπησον
1698 1935 1754 1986 δὲ

180 2025 290 2094 τὴν
322 2025 526 2077 εὐθεῖαν
552 2024 701 2077 ὁδόν.
736 2024 902 2076 Μένει
930 2023 1036 2093 γάρ
1061 2025 1461 2093 ἐγκατάλειμμα
1489 2025 1580 2076 καὶ
1604 2024 1753 2087 ἐλπὶς

179 2114 389 2184 ἀγαθὴ,
414 2115 490 2184 τῷ
527 2115 633 2184 τὴν
677 2116 904 2184 εἰρήνην
931 2115 1022 2166 καὶ
1051 2113 1144 2183 τὴν
1173 2114 1350 2182 φιλίαν
1387 2116 1482 2184 τὴν
1514 2115 1644 2185 πρὸς
1665 2114 1752 2166 τὸν

180 2206 329 2258 Θεὸν
355 2206 773 2274 μεταδιώξαντι,
806 2207 896 2259 καὶ
919 2205 1007 2258 διὰ
1031 2205 1185 2257 τοῦτο
1211 2205 1462 2274 εἰρηνικῷ
1489 2205 1752 2275 ἀνθρώπῳ

179 2298 479 2366 γενομένῳ.
521 2297 693 2349 Κατά
712 2296 770 2348 δὲ
801 2295 892 2347 τὸν
922 2295 1231 2364 Σύμμαχον,
1258 2295 1555 2358 Φύλασσε,
1574 2296 1750 2364 φησὶν,

176 2386 526 2454 ἁπλότητα,
562 2385 671 2439 καὶ
707 2386 819 2453 ὅρα
845 2384 1008 2448 εὐθὺ,
1037 2383 1124 2437 ὅτι
1143 2384 1269 2438 ἐστι
1303 2385 1602 2453 μέλλοντα
1651 2385 1753 2438 ἁν-

179 2475 390 2542 θρύπῳ
434 2473 752 2543 εὶρηνικῷ.

573 2584 876 2636 ΨΑΛΜΟΣ
916 2583 1002 2634 ΤΩ
1041 2583 1232 2634 ΔΑΥΙΔ
1260 2583 1376 2634 ΛΖ’.

732 2676 834 2737 Εἰς
881 2672 1236 2740 ἀνάμνησιν.

239 2762 444 2828 Κύριε,
485 2759 580 2830 μὴ
634 2759 718 2824 τῷ
753 2759 915 2826 θυμῷ
952 2773 1066 2810 σου
1104 2757 1352 2827 ἐλέγξῃς
1381 2775 1475 2826 με,
1500 2758 1650 2826 μηδὲ
1677 2758 1749 2826 τῇ

163 2849 326 2918 ὀργῇ
356 2867 474 2904 σου
520 2849 866 2914 παιδεύσῃς
883 2863 978 2915 με.
1009 2847 1195 2909 Αὐτοῖς
1226 2849 1425 2916 ῥήμασι
1458 2847 1546 2898 καὶ
1565 2848 1750 2909 αὐταῖς

165 2940 471 3004 συλλαϐαῖς
513 2940 618 2992 καὶ
650 2941 679 2992 ὁ
723 2945 775 3002 ς’
796 2937 1007 3007 ψαλμὸς
1035 2937 1203 3006 τούτῳ
1246 2936 1628 3006 παραπλησίως
1654 2937 1748 3006 ἀρ-

162 3048 344 3098 χεται,
372 3032 469 3084 καὶ
507 3030 586 3082 τὰ
628 3027 793 3080 λοιπά
822 3029 878 3080 δὲ
899 3027 990 3079 τοῦ
1029 3027 1180 3079 ἕκτου
1209 3030 1318 3090 τοῖς
1350 3030 1405 3079 ὲν
1430 3027 1504 3097 τῷ
1530 3045 1746 3097 προκει-

167 3120 322 3190 μένῳ
349 3119 698 3189 φερομένοις
733 3117 964 3184 συγγενῆ
994 3117 1260 3186 τυγχάνει.
1303 3117 1435 3168 Ἀλλ’
1458 3121 1513 3170 ἐν
1547 3119 1640 3187 μὲν
1673 3117 1749 3186 τῷ
1773 3155 1812 3210 C

163 3209 355 3281 ἶκτῳὴ
383 3209 711 3279 προγραφὴ
729 3210 995 3277 περιεῖχεν
1013 3223 1025 3236 ⁸
1059 3210 1159 3271 Εἰς
1180 3207 1244 3259 τὸ
1267 3206 1436 3272 τέλος
1450 3208 1512 3259 ἐν
1543 3208 1747 3276 ὕμνοις

166 3300 320 3366 ὑπὲρ
359 3301 484 3368 τῆς
545 3297 772 3367 ὀγδόης
801 3295 1039 3364 git-aclyde
1087 3296 1165 3360 τῷ
1211 3297 1417 3352 Δαυΐδ·
1481 3302 1536 3351 ἐν
1581 3299 1635 3350 δὲ
1671 3299 1748 3369 τῷ

176 3392 389 3460 παρόντι
422 3389 662 3444 τούτων
693 3388 790 3456 μὲν
810 3386 980 3448 οὐδὲν,
1009 3387 1164 3455 μόνον
1189 3387 1242 3440 δὲ
1270 3387 1371 3440 τὸν
1392 3389 1633 3456 ψαλμὸν
1672 3390 1750 3454 τῷ

173 3481 342 3534 Δουῒῦ
378 3485 488 3545 εις
541 3474 897 3543 ἀνάμνησιν
940 3474 1218 3528 δέδεικται.
1257 3477 1326 3527 Ἥ
1361 3493 1420 3544 γε
1458 3478 1560 3547 μὴν
1590 3495 1750 3547 προσ-

167 3569 308 3642 θήκη
338 3575 392 3642 ἡ,
463 3573 568 3633 εὶς
602 3566 967 3634 ἀνάμνησιν,
1010 3564 1179 3617 ἔοικεν
1227 3566 1558 3635 ἀναπέμπειν
1606 3569 1749 3636 ἡμᾶς

161 3663 248 3723 εἰς
276 3665 362 3732 τὴν
391 3664 461 3714 ὲν
484 3659 575 3727 τῷ
602 3657 750 3724 ἕκτῳ
773 3655 1109 3725 προγραφὴν,
1131 3654 1259 3706 ὥστ’
1280 3651 1414 3707 εἶναι
1438 3655 1503 3708 τὰ
1515 3657 1749 3725 παρόντα

162 3753 256 3815 εις
279 3753 335 3802 τὸ
361 3751 588 3812 τέλος,
617 3746 732 3804 καὶ.
751 3746 820 3797 ἐν
841 3745 1065 3813 ὕμνοις,
1087 3746 1178 3797 καὶ
1201 3744 1346 3810 ὑπὲρ
1379 3743 1482 3810 τῆς
1503 3746 1712 3814 ὀγδόης
1730 3763 1742 3776 ο

163 3840 379 3892 πάντων
405 3838 534 3907 γὰρ
555 3836 629 3888 ἂν
656 3833 740 3902 εἴη
759 3831 956 3884 τούτων
979 3833 1378 3901 παραστατικὸν
1395 3833 1472 3894 τὸ,
1505 3839 1590 3897 εἰς
1605 3834 1745 3886 ἀνά-

157 3945 416 3996 μνησιν.
479 3923 636 3978 Ἀλλ’
691 3923 814 3974 ἐπεὶ
863 3920 1144 3984 διεξιόντες
1199 3921 1266 3972 τὰ
1297 3923 1352 3973 ὲν
1391 3921 1466 3991 τῷ
1504 3923 1746 3992 ἕκτῳ,τά

165 4016 531 4070 ὑποπεσόντα
565 4014 650 4073 εἰς
678 4011 778 4079 τὴν
819 4010 1136 4080 προγραφὴν
1173 4011 1482 4079 εἰρήκαμεν,
1522 4014 1606 4076 εἰς
1634 4011 1746 4078 τὴν

166 4106 387 4158 ἐκείνων
446 4101 812 4169 ἀνάμνησιν
869 4099 961 4150 καὶ
1013 4100 1174 4168 ἡμεῖς
1219 4099 1599 4168 ἀναπέμψομεν
1657 4101 1744 4152 τὸν

164 4197 606 4264 ἐντυγχάνοντα.
632 4192 791 4242 Δοκεῖ
813 4187 868 4240 δέ
891 4205 978 4258 μοι
1003 4191 1030 4240 ὁ
1051 4188 1227 4249 Δαυῒδ,
1251 4183 1513 4259 διαφόρως
1535 4193 1592 4242 ἐν
1622 4191 1745 4243 πολ-

164 4281 282 4346 λοίς
314 4286 448 4354 περὶ
477 4281 583 4334 τοῦ
617 4278 952 4350 πραχθέντος
987 4278 1132 4346 αὐτῷ
1161 4279 1615 4349 πλημμελήματος
1657 4281 1742 4346 ἐξ-

165 4371 685 4441 ομολογησάμενος,
725 4367 867 4429 ἰδίως
901 4367 990 4418 τὸν
1036 4367 1273 4436 παρόντα
1316 4367 1522 4436 ψαλμὸν
1549 4369 1745 4438 ἀφωρι-

1851 1941 1990 1992 viam
2021 1949 2242 1994 rectam.
2285 1940 2495 1994 Manent
2523 1941 2662 1994 enim
2704 1940 2942 2008 reliquiae
2971 1955 3197 2009 spesque
3241 1940 3385 1994 bonas

1850 2045 1968 2083 eum
1996 2031 2085 2098 qui
2125 2045 2305 2098 pacem
2337 2030 2735 2098 amicitiamque
2783 2030 2877 2084 Dei
2921 2031 3280 2099 persequitur,
3323 2036 3376 2082 et

1851 2117 1968 2169 ideo
2007 2117 2164 2170 homo
2191 2119 2445 2186 pacilicus
2475 2117 2695 2171 eﬂ'ectus
2721 2125 2822 2170 est.
2865 2115 3177 2170 Secundum
3218 2116 3374 2184 Sym-

1849 2205 2094 2258 machum
2139 2214 2311 2259 autem
2335 2245 2348 2268 ,
2387 2204 2601 2259 Custodi
2637 2205 3053 2272 simplicitatem,
3101 2205 3299 2273 inquit,
3330 2214 3373 2259 et

1848 2294 1960 2346 vide
2004 2297 2324 2365 aequitatem,
2367 2296 2608 2363 quoniam
2655 2297 2834 2361 futura
2886 2305 3004 2348 sunt
3052 2295 3244 2349 homini
3280 2307 3374 2360 pa-

1848 2383 2014 2449 ciﬁco.

2120 2578 2174 2631 1.
2213 2576 2532 2630 PSALMUS
2580 2577 2803 2631 DAVIDI
2841 2577 3097 2631 XXXVIL

2146 2665 2206 2720 In
2235 2671 2709 2722 rememorationem
2739 2669 2801 2721 de
2825 2668 3074 2722 Sabbato.

1916 2756 2080 2811 Vens.
2125 2757 2179 2811 2.
2221 2757 2471 2821 Domine,
2504 2776 2565 2812 ne
2616 2760 2669 2812 in
2699 2760 2874 2827 furore
2915 2767 3003 2811 tuo
3039 2775 3228 2829 arguas
3272 2774 3371 2821 me,

1845 2865 2001 2918 neque
2029 2850 2081 2902 in
2114 2851 2196 2902 ira
2219 2858 2308 2903 tua
2338 2851 2589 2918 corripias
2622 2867 2718 2903 me.
2751 2851 2888 2918 Ipsis
2914 2852 3095 2906 verbis
3138 2851 3375 2920 ipsisque

1845 2939 2068 3008 syllabis
2093 2948 2273 2994 sextus
2301 2955 2514 3008 quoque
2559 2941 2797 3008 psalmus
2834 2943 3034 3009 pariter
3071 2941 3371 3004 inchoatur,

1843 3034 1896 3079 τι
1921 3028 2125 3096 reliqua
2158 3042 2276 3095 quae
2305 3028 2358 3080 in
2404 3035 2554 3081 sexto
2597 3036 2935 3097 comparent,
2978 3029 3138 3096 hujus
3183 3029 3371 3098 psalmi

1845 3115 2001 3170 dictis
2035 3115 2207 3168 alﬁnia
2239 3125 2381 3169 sunt.
2409 3115 2475 3168 At
2511 3117 2564 3168 in
2602 3124 2753 3170 sexto
2785 3118 2990 3185 psalmo
3024 3119 3104 3171 sic
3144 3117 3372 3171 habebat

1846 3205 2124 3274 inscriptio
2157 3225 2168 3258 :
2210 3205 2268 3258 In
2299 3207 2450 3272 ﬁnem
2483 3207 2535 3258 in
2563 3205 2764 3273 hymnis
2793 3215 2886 3272 pro
2927 3216 3106 3260 octava
3139 3208 3372 3275 psalmus

1845 3290 2050 3343 Davidi.
2094 3291 2149 3344 ln
2199 3295 2442 3360 praesenti
2477 3304 2652 3346 autem
2705 3295 2840 3346 nihil
2883 3295 3072 3347 horum
3123 3295 3370 3359 habetur,

1845 3381 1935 3434 sed
1969 3380 2246 3443 duntaxat,
2279 3382 2507 3449 psalmus
2542 3381 2762 3443 Doridi,
2796 3383 2850 3435 in
2876 3385 3369 3440 rcmemorationem.

1846 3468 1954 3522 Hoc
1995 3485 2155 3539 porro
2185 3471 2603 3524 additamentum
2623 3509 2637 3534 ,
2672 3472 2726 3524 in
2757 3474 3228 3526 rememorationcm
3248 3513 3262 3536 ,
3291 3475 3372 3526 vi-

1845 3560 2000 3613 detur
2025 3576 2121 3614 nos
2150 3561 2216 3613 ad
2253 3561 2442 3629 psalmi
2477 3562 2612 3615 sexti
2648 3562 3048 3632 inscriptionem
3079 3563 3368 3628 remittere,

1845 3649 1918 3701 ita
1955 3656 2010 3700 ut
2041 3663 2158 3716 qua:
2185 3649 2294 3715 jam
2324 3647 2376 3701 in
2405 3649 2652 3703 manibus
2686 3658 2830 3714 sunt,
2861 3651 2913 3704 in
2945 3650 3118 3718 finem,
3151 3651 3204 3703 in
3231 3650 3373 3719 Itym-

1843 3737 1944 3803 nis,
1969 3751 2018 3791 et
2043 3752 2134 3805 pro
2165 3748 2343 3791 octava
2369 3737 2510 3791 dicta
2550 3739 2690 3804 sint;
2721 3755 2842 3794 nam
2881 3740 2993 3794 haec
3016 3741 3194 3794 omnia
3224 3756 3373 3810 repe-

1843 3837 1955 3881 tere
1987 3838 2039 3881 et
2065 3829 2342 3884 declarare
2367 3830 2575 3883 videtur
2605 3830 2756 3892 illud,
2796 3831 2849 3882 in
2876 3832 3368 3884 rememorationem.

1843 3915 2036 3970 Verum
2064 3919 2188 3986 quia
2222 3934 2340 3971 cum
2375 3927 2580 3972 sextum
2623 3919 2883 3988 psalmum
2939 3922 3370 3988 explanaremus,

1841 4021 1960 4074 quae
2003 4007 2403 4076 inscriptionem
2443 4010 2755 4078 spectabant
2803 4009 3186 4077 explicavimus
3211 4050 3224 4073 ,
3273 4027 3372 4065 nos

1843 4111 2053 4165 quoque
2085 4097 2136 4149 in
2176 4100 2650 4151 rememorationem
2694 4113 2877 4152 eorum
2906 4098 3156 4150 lectorem
3192 4101 3371 4153 remit-

1842 4193 2036 4240 temus.
2060 4186 2284 4241 Videtur
2312 4204 2473 4258 porro
2506 4189 2635 4241 mihi
2661 4187 2931 4250 Davidem,
2959 4203 3080 4240 cum
3109 4189 3163 4241 in
3190 4190 3370 4245 multis

1842 4276 1938 4329 abs
1971 4292 2029 4330 se
2058 4286 2424 4346 perpetratum
2457 4277 2667 4330 facinus
2699 4278 2844 4330 varie
2894 4276 3174 4331 confessus
3207 4287 3368 4340 esset,

1842 4363 1983 4418 hunc
2037 4365 2138 4419 sibi
2201 4367 2463 4434 psalmum
2513 4366 2725 4435 proprie
2790 4367 2841 4418 in
2897 4368 3371 4420 rememorationem

166 4460 324 4512 κέναι
357 4457 551 4528 ἑαυτῷ
599 4459 692 4521 εις
719 4455 1173 4523 ἀνάμνησιν,·ὼς
1205 4455 1288 4506 ἀεὶ
1312 4457 1404 4509 καὶ
1431 4456 1517 4510 διά
1550 4458 1742 4520 παντὸς

1848 4455 2168 4522 seposuisse,
2208 4457 2279 4508 ita
2320 4464 2378 4508 ut
2426 4472 2547 4509 eum
2602 4470 2814 4524 semper
2845 4455 2897 4508 in
2932 4469 3025 4509 ore
3082 4453 3264 4518 ferret,
3306 4471 3371 4510 eo

170 4549 357 4617 φέρειν
392 4547 531 4602 αὐτὸ
574 4545 686 4597 ἀνά
715 4545 911 4612 στόμα.
967 4542 1274 4611 Κεχρῆσθαι
1333 4542 1387 4595 δὲ
1438 4544 1584 4613 αὑτῷ
1624 4547 1742 4598 ἀντὶ

174 4637 388 4707 ἐπῳδῆς
415 4639 510 4690 ἐπὶ
545 4633 820 4704 θεραπείᾳ
867 4633 962 4699 τῆς
1001 4631 1162 4682 αὑτοῦ
1202 4631 1396 4701 ψυχῆς.
1450 4634 1742 4704 ’Ῑκετηρίαν

173 4726 310 4794 γοῦν
337 4729 659 4796 ἀναπέμπει
705 4723 784 4792 τῷ
818 4721 954 4790 Θεῷ,
982 4721 1046 4773 δι’
1079 4718 1144 4792 ἧς
1175 4723 1500 4793 ἀποστρέφει
1531 4725 1624 4794 μὲν
1647 4727 1744 4794 τὴν

169 4818 340 4889 ὀργὴν
363 4819 460 4888 τὴν
491 4816 635 4868 πᾶσι
658 4815 774 4874 τοῖς
801 4813 1198 4881 ἁμαρτάνουσιν
1218 4815 1421 4884 ἐπηρτη
1429 4816 1609 4884 μένην,
1634 4815 1743 4867 ἱλά-

173 4919 357 4960 exstat
388 4907 446 4958 δὲ
486 4905 587 4956 τὸν
621 4900 833 4968 ἀγαθὸν
867 4899 1068 4966 Κύριον
1096 4905 1208 4963 ταῖς
1239 4903 1351 4971 μεθ’
1384 4905 1739 4976 ὑπερϐαλλού-

172 5006 274 5061 σης
310 4992 768 5063 ἐξομολογήσεως
819 4990 1044 5054 φωναῖς.
1086 4990 1265 5055 Λὲγων
1308 4992 1394 5043 εὲο
1427 4995 1619 5060 Κύριε,
1654 4994 1738 5062 μὴ

177 5080 254 5143 τῷ
286 5083 446 5150 θυμῷ
494 5094 621 5133 σου
663 5077 937 5143 ἐλέγξῃς
957 5093 1052 5142 με,
1083 5077 1141 5126 οὐ
1177 5079 1263 5130 τὸν
1291 5079 1500 5150 ἔλεγχον
1543 5100 1739 5153 παραι-

177 5172 354 5226 τεῖται,
413 5170 556 5223 ἀλλὰ
605 5168 703 5219 τὸν
741 5165 890 5233 μετά
933 5163 1095 5232 θυμοῦ
1119 5180 1132 5194 ⁶
1163 5166 1278 5218 οὐδὲ
1311 5169 1370 5219 τὸ
1400 5171 1739 5240 παιδευθῆναι

179 5258 370 5324 φεύγει,
407 5258 550 5312 ἀλλά
571 5256 637 5308 τὸ
672 5252 827 5322 μετά
856 5251 1029 5319 ὀργῆς
1049 5268 1062 5281 ·
1091 5251 1217 5302 ὡσεὶ
1247 5256 1337 5304 καὶ
1378 5258 1538 5326 ἰατρῷ
1563 5275 1643 5321 τις
1674 5263 1740 5314 τά

173 5345 254 5396 διὰ
295 5349 570 5417 καυτῆρος
632 5341 737 5392 καὶ
809 5337 1038 5406 σιδήρου
1085 5343 1176 5391 καὶ
1217 5345 1420 5412 πικρῶν
1463 5349 1739 5404 ἀντιδὸτων

176 5439 510 5507 προφέροντι
545 5427 915 5499 βοηθήματα
936 5426 1026 5478 ἐπὶ
1049 5429 1305 5500 Θεραπεία
1327 5433 1519 5497 πάθους
1540 5438 1742 5494 ὑποκεί-

162 5533 292 5590 μενος
322 5527 514 5592 λέγω.
552 5515 656 5581 Μὴ
688 5510 790 5562 διὰ
822 5512 1003 5576 πυρός
1030 5531 1090 5582 με
1120 5517 1468 5590 θεραπεύσῃς,
1501 5525 1624 5591 μηδὲ
1653 5527 1737 5582 διὰ

155 5603 340 5685 σιδηρηυ
372 5611 479 5664 καὶ
513 5599 751 5668 τομῶν,
820 5597 970 5648 ἀλλά
1003 5602 1084 5654 διὰ
1110 5605 1278 5670 ἠπίων
1318 5609 1408 5660 καὶ
1437 5613 1736 5682 πραοτέρων

151 5684 452 5773 φαρμάκων.
504 5695 567 5744 Ὁ
601 5688 726 5754 γὰρ
762 5684 1032 5752 τοιοῦτος
1068 5692 1124 5743 οὐ
1184 5694 1276 5760 τὴν
1323 5696 1596 5762 θεραπξὶαν
1631 5704 1731 5768 ἀρ-

1845 4561 1974 4601 usus
2003 4547 2155 4614 quasi
2189 4545 2537 4600 delinimento
2585 4545 2652 4597 ad
2700 4544 2955 4598 medelam
3009 4546 3201 4600 anima:
3239 4563 3367 4602 suae.

1844 4633 2293 4703 Supplicationem
2328 4635 2505 4702 itaque
2547 4632 2652 4686 Deo
2685 4633 2900 4696 emittit,
2927 4649 3029 4701 qua
3074 4635 3207 4689 iram
3248 4636 3370 4704 qui-

1840 4722 1959 4777 dem
2003 4725 2350 4792 peccantibus
2402 4723 2653 4777 omnibus
2709 4723 3098 4792 imprudentem
3143 4725 3370 4787 avertit,

1841 4813 2166 4882 vocibusque
2193 4815 2401 4867 eximia:
2439 4812 2797 4868 confessionis
2842 4814 3038 4867 bonum
3087 4812 3374 4867 Domimun

1839 4908 2127 4976 propitium
2160 4908 2260 4962 sibi
2304 4907 2450 4960 facit.
2489 4907 2622 4960 Cum
2657 4922 2784 4960 vero
2817 4906 2910 4965 ait,
2950 4904 3202 4970 Domine,
3234 4923 3296 4959 ne
3325 4907 3378 4959 in

1837 4997 2012 5064 furore
2049 5004 2136 5047 tuo
2183 5011 2374 5062 arguas
2427 5010 2537 5056 me,
2593 5009 2701 5046 non
2755 4991 3232 5061 reprehensionem
3289 4995 3384 5047 de-

1837 5091 2062 5147 trectat,
2096 5083 2192 5138 sed
2238 5099 2360 5137 cum
2399 5083 2580 5136 furore
2624 5081 3001 5149 conjunctam;
3044 5096 3230 5149 neque
3266 5096 3389 5134 cor-

1838 5173 2134 5244 reptionem
2163 5172 2322 5241 fugit,
2357 5173 2604 5227 sed-cum
2653 5173 2732 5225 ira
2779 5170 3020 5226 editam:
3058 5182 3130 5220 ac
3183 5171 3232 5223 si
3274 5183 3396 5236 quis

1839 5265 2046 5318 medico
2078 5279 2172 5332 per
2200 5261 2560 5325 adustionem,
2595 5260 2795 5314 ferrum
2827 5269 2883 5313 et
2914 5256 3125 5310 acerba
3160 5257 3401 5309 remedia

1840 5349 2075 5404 levamen
2105 5347 2274 5400 morbi
2310 5345 2552 5400 offerenti
2600 5347 2884 5414 subjectus
2912 5345 3106 5398 dicat:
3167 5341 3258 5394 Ne
3281 5335 3409 5394 milii

1839 5439 2034 5508 ignem,
2063 5453 2130 5492 ne
2160 5436 2379 5495 ferrum,
2408 5451 2478 5489 ne
2501 5438 2770 5492 sectiones
2796 5434 2869 5488 ad
2909 5431 3205 5487 medelam
3236 5430 3422 5482 admo-

1838 5542 1983 5591 veas,
2028 5527 2120 5582 sed
2169 5523 2344 5577 dulcia
2399 5525 2720 5596 mitioraque
2757 5524 3050 5581 remedia:
3102 5519 3262 5572 talis
3289 5519 3429 5571 enim

1837 5618 1997 5671 homo
2022 5632 2125 5671 non
2155 5615 2489 5670 curationem
2519 5621 2720 5682 abnuit,
2762 5618 2868 5674 sed
2910 5615 3213 5670 duriorem
3252 5609 3430 5675 cpitu-

1842 5711 1980 5768 landi
2014 5711 2293 5767 rationem.
2345 5705 2674 5782 Plerumque
2719 5719 2924 5767 autem
2957 5708 3243 5764 diximus,
3311 5701 3447 5752 iram
