3782 6346
111 435 183 484 ’δχχ
1335 412 1786 470 εοιιιιεΝτΑιιι.

1885 416 1917 469 Ν
1956 416 2287 472 PSALMOS.

3306 425 3409 478 διε

147 558 236 605 m9
249 508 597 606 βιωναυτοῦ
619 514 726 606 καὶ
749 517 883 572 τῶν
907 525 1150 583 ὀστέων
1165 534 1368 588 αὐτοῦ.
1385 533 1518 586 Ἀλλ’
1533 536 1690 604 ἑτέρα
1701 552 1781 598 τις

1885 549 1925 590 ει
1956 556 2075 592 ossa
2101 539 2210 606 ejus
2240 535 2508 590 “.V’erum
2535 536 2639 588 alia
2673 550 2863 590 manus
2889 544 3026 600 erat,
3042 542 3094 590 et
3113 535 3408 605 aliaesagit-

171 605 382 692 ιὶηεὶρ
392 602 658 676 καὶέτεριι
672 605 810 678 βέλη
831 615 952 667 τῶν
972 621 1192 689 σαρκῶν
1203 622 1362 675 αὑτοῦ
1379 624 1443 676 τὰ
1456 624 1777 694 καθικόμενα

185 697 394 761 κελτῶν
410 697 736 768 σωματικῶν
768 703 1167 776 ὑπαρχόντων·
1183 713 1409 765 ἐνταῦθα
1424 714 1465 765 δ’
1488 714 1778 784 ἐπειδήπερ

206 796 289 863 τὴν
306 788 488 859 ψυχὴν
503 787 668 859 αὐτὴν
685 792 996 865 νενόσηκεν
1015 801 1042 851 ὁ
1057 800 1237 864 Δαυῖδ,
1252 802 1334 855 ἓτε
1342 820 1406 874 ρα
1423 804 1549 874 βέλη
1565 805 1779 857 καθικέ-

198 882 317 935 σθαι
348 881 510 933 αὑτοῦ
529 881 814 952 σημαίνει,
846 887 946 939 καὶ
964 890 1159 960 ἑτέραν
1179 895 1332 962 χεῖρα
1352 895 1442 946 τοῦ
1467 895 1595 947 Θεοῦ
1616 892 1781 965 ἧφθαι

192 970 388 1034 αὑτοῦ,
428 971 574 1025 καθὰ
624 971 883 1043 ἔφθημεν
943 979 1211 1043 εἰπόντες,
1269 981 1336 1033 τὰ
1387 983 1574 1049 λογικὰ
1621 985 1777 1055 βέλη,

185 1063 407 1134 μᾶλλον
428 1062 484 1114 δὲ
511 1063 706 1126 αὐτοὺς
741 1065 842 1117 τοῦ
895 1065 1033 1118 Θεοῦ
1083 1068 1268 1136 λόγους
1311 1070 1591 1134 νύττοντας
1621 1074 1779 1126 αὑτοῦ

179 1155 297 1224 τὴν
334 1153 532 1223 ψυχὴν,
583 1155 681 1206 καὶ
731 1154 834 1224 τὴν
897 1159 1199 1227 συνείδησιν
1233 1162 1398 1230 αὐτὴν
1445 1163 1782 1232 τιμωρουμέ-

161 1262 340 1306 νους.
372 1246 606 1313 Μήποτε
636 1246 695 1298 δὲ
755 1246 853 1297 καὶ
886 1248 1048 1300 αὐτὸν
1077 1250 1162 1302 τὸν
1194 1251 1429 1304 διάϐολον
1461 1254 1551 1304 καὶ
1583 1253 1647 1305 τὰ
1689 1253 1780 1305 τοῦ

167 1333 442 1390 διαϐόλου
473 1337 864 1406 πεπυρωμένα
892 1337 1018 1408 βέλη
1052 1340 1120 1391 τὰ
1136 1340 1405 1409 παθητικὰ
1425 1343 1520 1394 καὶ
1551 1343 1784 1411 ἐρωτικὰ

161 1429 241 1482 τὰ.
309 1427 393 1488 εἰς
447 1426 762 1496 ἐπιθυμίαν
798 1429 961 1480 αὐτὸν
1001 1428 1271 1498 ἐξάψαντα
1314 1433 1411 1500 τῆς
1454 1431 1546 1484 τοῦ
1593 1427 1782 1502 Θὺρίου

175 1516 451 1585 γυναικὸς
517 1518 823 1586 σημαίνει;
857 1512 932 1570 ὧν
967 1519 1058 1570 καὶ
1105 1523 1131 1572 ὁ
1190 1521 1499 1584 Ἀπόστολος
1553 1522 1783 1574 διδάσκει

181 1609 373 1674 λέγων
391 1623 403 1634 ·
434 1605 814 1658 ’Λναλὰϐετε
846 1605 960 1674 τὴν
975 1610 1314 1661 πανοπλίαν
1337 1610 1439 1662 τοῦ
1457 1611 1622 1673 Θεοῦ,
1641 1611 1786 1676 πρὸς

178 1698 252 1748 τὸ
315 1695 619 1748 δύνασθαι
669 1695 871 1748 πάντα
935 1697 1004 1748 τὰ
1047 1698 1432 1765 πεπυρωμένα
1476 1699 1631 1764 βέλη
1681 1699 1783 1752 τοῦ

168 1786 463 1852 πονηροῦ
519 1785 771 1839 σϐέσαι.
829 1787 1036 1856 Ὥσπερ
1081 1787 1138 1838 δὲ
1176 1787 1291 1839 Ἰὼϐ
1325 1789 1390 1840 τὰ
1417 1788 1500 1840 τοῦ
1541 1788 1781 1840 διαϐόλου

1882 637 1947 682 ta:
1974 645 2092 699 qua:
2126 643 2343 682 carnem
2381 635 2434 681 et
2461 643 2719 696 corporea
2748 627 2866 696 ejus
2910 628 3244 697 attingebant
3276 647 3287 681 :
3323 628 3410 681 hic

1879 727 2054 772 autem
2099 719 2224 788 quia
2282 716 2448 770 David
2501 717 2676 769 anima
2705 716 3016 785 aegrotabat.
3048 734 3106 771 sc
3137 718 3257 772 aliis
3284 732 3411 771 eon-

1878 808 2080 863 fossum
2141 809 2285 875 telis,
2343 808 2610 877 aliamque
2662 823 2878 860 manum
2936 807 3028 861 Dei
3073 824 3132 862 se
3172 809 3410 878 tetigisse

1877 899 2160 968 signiﬁcat,
2184 901 2258 952 uti
2292 899 2538 968 superius
2558 898 2812 962 diximus,
2843 898 3094 951 nimirum
3127 897 3412 951 rationabi-

1878 988 1956 1041 les
1989 987 2232 1055 sagittas,
2262 987 2367 1039 imo
2390 1001 2514 1039 vero
2545 986 2659 1052 ipsa
2697 984 2788 1039 Dei
2822 985 3004 1048 verba,
3027 1001 3146 1053 quae
3178 983 3408 1037 anim’am

1881 1075 2199 1142 pungebant,
2229 1080 2281 1126 et
2313 1072 2380 1126 de
2417 1073 2748 1126 conscientia
2787 1074 2904 1140 ejus
2952 1075 3276 1150 supplicium
3319 1090 3411 1128 su-

1877 1163 2110 1216 mebant.
2140 1162 2276 1215 Num
2305 1162 2440 1215 forte
2471 1163 2642 1230 ipsum
2676 1162 2945 1216 diabolum
2967 1171 3018 1217 et
3043 1165 3204 1232 ignita
3227 1163 3413 1218 diabo-

1880 1251 1914 1304 li
1955 1252 2059 1305 tela
2090 1250 2336 1304 aﬂ'ectum
2363 1251 2652 1304 excitantia
2681 1258 2734 1304 et
2775 1252 3054 1316 amatoria,
3085 1268 3203 1321 qua:
3236 1253 3411 1322 ipsum

1880 1339 1945 1391 ad
1978 1338 2464 1406 concupiscentiam
2509 1339 2691 1392 uxoris
2729 1337 2870 1391 Uriae
2915 1338 3297 1401 accendebant,
3328 1340 3414 1394 his;

1880 1429 2082 1480 indicat
2107 1427 2128 1478 ?
2160 1427 2226 1480 de
2255 1427 2449 1495 quibus
2475 1430 2585 1480 hanc
2614 1429 2814 1480 monita
2840 1429 2930 1482 dat
2957 1429 3245 1496 Apostolus
3273 1448 3286 1484 :
3310 1431 3415 1482 Ac-

1880 1518 2030 1586 cipite
2056 1525 2381 1568 armaturam
2406 1515 2520 1581 Dei,
2537 1525 2592 1568 ut
2611 1519 2819 1584 possitis
2843 1520 3016 1572 omnia
3043 1518 3145 1570 tela
3167 1521 3417 1588 nequissi-

1881 1608 1951 1659 mi
1974 1609 2295 1676 exstinguere
2323 1609 2386 1661 ⁸⁸.
2414 1606 2872 1671 Quemadmodum
2901 1615 3076 1660 autem
3107 1605 3208 1659 Job
3229 1607 3414 1660 diabo-

1881 1697 1917 1750 li
1953 1697 2178 1766 sagittas
2207 1706 2257 1751 et
2285 1696 2528 1750 immissa
2556 1701 2766 1764 corpori
2798 1711 2896 1750 suo
2934 1698 3138 1757 ulcera,
3171 1696 3296 1765 quia
3326 1695 3416 1748 Dei

1883 1788 2145 1856 permissu
2184 1787 2515 1849 acciderant,
2547 1788 2770 1854 sagittas
2823 1786 3030 1839 Domini
3095 1787 3301 1839 vocavit
3345 1787 3420 1840 di-

163 1877 329 1945 βέλη
359 1878 450 1929 καὶ
476 1876 552 1928 τὰ
600 1877 738 1946 ἕλκη
769 1877 838 1929 τὰ
858 1877 1170 1930 ἐπιτεθέντα
1209 1877 1355 1947 αὐτῷ
1399 1878 1538 1932 κατὰ
1565 1880 1656 1932 τοῦ
1685 1879 1786 1931 σώ-

1885 1893 2010 1930 cens
2044 1895 2056 1929 :
2102 1873 2242 1928 Nunt
2277 1877 2483 1944 sagith
2523 1874 2733 1927 Domini
2778 1878 2831 1926 in
2876 1890 3086 1941 corpore
3121 1889 3228 1926 meo
3278 1886 3420 1936 sunt,

160 1982 367 2034 ματος
389 2004 404 2027 ,
455 1965 661 2034 ἐπειδὴ
693 1964 838 2017 κατὰ
871 1963 1215 2035 συγχώρησιν
1251 1967 1455 2033 ἐγίνετο
1500 1968 1590 2019 τοῦ
1628 1967 1780 2030 Θεοῦ,

156 2055 329 2123 βέλη
357 2054 571 2124 Κυρίου
603 2054 895 2123 ὠνόμασεν
917 2054 1082 2106 εἰπών
1103 2071 1115 2084 °
1151 2055 1304 2121 Βέλη
1339 2055 1446 2124 γὰρ
1477 2057 1689 2123 Κυρίου
1717 2057 1785 2108 ἐν

153 2142 263 2206 τῷ
301 2144 569 2211 στόματί
577 2159 705 2210 μου
741 2143 932 2204 ἐστὶν,
960 2136 1035 2195 ὧν
1066 2147 1096 2196 ό
1123 2145 1305 2211 θυμὸς
1335 2143 1528 2197 αὐτῶν
1561 2147 1782 2198 ἐκπίνει

154 2251 313 2302 μου
375 2235 436 2286 τὸ
482 2229 668 2302 αἷμα·
731 2233 905 2296 οὕτως
939 2233 1082 2297 εἰκὸς
1126 2236 1218 2286 καὶ
1251 2235 1337 2286 τὸν
1373 2235 1531 2288 Δαυῒδ
1557 2237 1784 2290 ἐνταῦθα

161 2324 332 2392 βέλη
368 2325 576 2395 Κυρίου
636 2323 943 2393 εἰρηκέναι,
979 2325 1095 2376 ἐπεὶ
1136 2323 1276 2376 κατὰ
1310 2325 1646 2396 συγχώρησιν
1690 2327 1782 2379 τοῦ
1831 2327 1844 2339 ⁶

166 2417 404 2484 Κυρίου
430 2413 950 2483 κατεστρατεύσατο
966 2413 1127 2466 αὑτοῦ
1151 2416 1178 2466 ὁ
1204 2415 1509 2478 ἀντίπαλος,
1534 2417 1618 2469 ἵνα
1643 2417 1784 2489 μάθῃ

171 2504 262 2573 μὴ
291 2505 511 2572 λέγειν·
537 2508 626 2558 Οὐ
665 2505 754 2571 μὴ
793 2503 1068 2557 σαλευθῶ
1109 2507 1194 2568 εὶς
1243 2504 1346 2556 τὸν
1380 2505 1577 2558 αἰῶνα.
1638 2507 1784 2558 Ἐπεὶ

168 2595 303 2664 γὰρ
359 2599 425 2664 τῇ
472 2595 673 2664 χάριτι
719 2593 816 2644 τοῦ
863 2592 996 2644 Θεοῦ
1053 2593 1451 2662 δυναμούμενος
1517 2594 1654 2664 μέγα
1701 2593 1781 2662 ἐφ’

165 2685 373 2754 ἐαυτῷ
403 2685 688 2756 έφρόνησέ
708 2700 864 2748 ποτε,
879 2683 952 2745 ώς
983 2683 1440 2737 ἀπαυθαδίσασθαι
1465 2687 1556 2737 καὶ
1577 2687 1747 2739 εἰπεῖν
1765 2700 1780 2715 ⁸

181 2773 347 2841 Ἐγὼ
377 2773 449 2827 δὲ
481 2771 632 2826 εἶπα
663 2774 735 2826 ἐν
758 2771 832 2838 τῇ
853 2773 1093 2838 coam-ia
1119 2789 1265 2839 μου·
1296 2775 1374 2826 Οὐ
1400 2773 1484 2842 μὴ
1516 2773 1784 2827 σα..ίευθῶ

166 2866 269 2927 εις
327 2863 437 2915 τὸν
484 2863 687 2915 αἰῶνα
707 2877 720 2890 ο
756 2860 946 2912 τούτου
976 2861 1130 2929 χάριν
1155 2862 1375 2932 εἰκότως
1406 2862 1669 2932 παρεδόθη
1709 2863 1785 2932 τῷ

176 2953 540 3025 πειρὰζοντι,
566 2954 655 3014 ὃς,
679 2952 781 3020 τῆς
827 2951 1004 3019 ψυχῆς
1040 2952 1200 3004 αὐτοῦ
1235 2951 1629 3022 καθαψάμενος,
1667 2970 1785 3022 μει-

176 3044 362 3107 ζόνως
411 3044 590 3097 αὑτὸν
627 3044 663 3112 ἢ
695 3043 788 3094 τὸν
827 3040 946 3093 Ἰὼϐ
1000 3041 1322 3111 ἐζημίωσεν.
1363 3043 1424 3094 Εἰ
1457 3043 1512 3094 δὲ
1553 3045 1602 3095 οἱ
1639 3043 1782 3111 λόγοι

178 3134 281 3186 τοῦ
311 3133 473 3197 Θεοῦ,
513 3135 569 3186 οἱ
623 3133 728 3202 τῆς
764 3132 1156 3200 δικαιοκρισίας
1188 3131 1347 3183 αὐτοῦ
1401 3133 1784 3202 ὑπομνηστικοὶ

180 3225 285 3276 καὶ
320 3225 410 3293 τῆς
476 3223 669 3294 ὀργῆς
698 3222 796 3292 τῆς
834 3226 945 3284 τοῖς
973 3223 1372 3292 ἁμαρτάνουσιν
1405 3222 1782 3292 ἐπηρτημένης

183 3315 600 3374 διδασκαλικοὶ,
654 3312 826 3381 βελῶν
865 3314 999 3370 εἰσιν
1047 3311 1308 3382 ὀξύτεροι,
1351 3311 1448 3380 τὴν
1487 3312 1780 3381 συνείδησιν

193 3403 476 3468 νύττοντες
503 3422 519 3434 ·
549 3404 656 3456 καὶ
677 3401 852 3465 οὕτως
875 3403 1047 3464 εἴποις
1072 3401 1136 3454 ἂν
1168 3401 1255 3454 τὸν
1284 3400 1461 3461 Δαυῖδ,
1485 3405 1594 3465 τοῖς
1621 3402 1783 3471 ἱεροῖς

193 3495 390 3560 τούτοις
404 3496 520 3548 καὶ
544 3493 724 3554 θείοις
742 3491 916 3560 βέλεσι
943 3491 1125 3545 κεντού
1135 3508 1314 3561 μενον,
1341 3490 1571 3557 εὐλόγως
1591 3507 1782 3559 παραιο

189 3588 391 3641 τείσθαι
422 3587 533 3640 τὸν
557 3583 658 3637 διὰ
682 3582 774 3635 τοῦ
801 3583 970 3652 θυμοῦ
996 3582 1229 3650 ἔλεγχον.
1262 3579 1632 3650 Προσλαϐόντα
1656 3580 1781 3649 γὰρ,

181 3679 344 3744 ςησὶ,
374 3679 490 3747 τὴν
523 3674 709 3744 ὀργὴν
736 3673 828 3724 καλ⁸
854 3672 942 3723 τὸν
975 3670 1140 3739 θυμὸν
1174 3669 1241 3722 τὰ
1277 3668 1424 3738 παρὰ
1447 3668 1538 3720 σοῦ
1569 3668 1785 3720 καθικό-

1879 1983 2097 2036 quarum
2114 1966 2264 2034 furor
2290 1967 2443 2019 ebibit
2470 1982 2636 2018 meum
2671 1967 2972 2033 sanguinem
3000 1967 3079 2029 ‘7;
3108 1967 3177 2018 ita
3228 1966 3420 2022 verisi-

1880 2057 2002 2109 mile
2040 2065 2122 2110 est
2152 2056 2272 2110 ideo
2308 2055 2558 2110 Davidem
2589 2055 2676 2108 hic
2703 2057 2928 2124 sagittas
2961 2055 3169 2109 Domini
3198 2056 3420 2116 dixisse,

1880 2148 2002 2216 quia
2045 2163 2110 2200 ex
2149 2147 2240 2200 Dei
2277 2163 2538 2202 concessu
2589 2148 2842 2201 inimicus
2877 2163 2998 2201 eum
3059 2147 3421 2216 oppugnabat,

1882 2247 1938 2290 ut
1961 2236 2222 2292 edisceret
2252 2255 2359 2291 non
2390 2239 2462 2290 ita
2488 2238 2809 2305 loquendum
2843 2253 2962 2292 esse
2992 2256 3005 2291 :
3045 2236 3167 2289 Non
3184 2239 3422 2290 movebar

1881 2328 1931 2378 in
1955 2336 2202 2380 a'teruum
2231 2328 2298 2380 ⁸⁸.
2324 2327 2460 2392 Quia
2489 2328 2630 2382 enim
2661 2327 2951 2395 aliquando
2981 2325 3075 2380 Dei
3114 2326 3281 2395 gratia
3313 2326 3423 2379 ful-

1882 2424 1968 2469 tus
1996 2431 2186 2484 magna
2213 2417 2280 2470 de
2309 2433 2366 2471 se
2397 2424 2662 2477 senserat,
2701 2417 2773 2468 ita
2823 2425 2880 2470 ut
2929 2424 3242 2485 arroganter
3271 2415 3424 2469 dice-

1881 2516 1960 2559 ret
1990 2525 2002 2559 :
2041 2505 2151 2575 Ego
2188 2518 2356 2560 autem
2391 2507 2502 2559 dixi
2536 2508 2588 2559 in
2613 2506 2939 2560 abundantia
2976 2523 3089 2559 mea
3118 2522 3136 2558 :
3167 2505 3288 2560 Non
3312 2523 3426 2560 mo-

1881 2595 2027 2648 rebor
2084 2601 2134 2648 iu
2175 2607 2424 2649 wteruum
2471 2598 2546 2661 '9;
2582 2597 2702 2649 idco
2744 2598 2868 2665 jure
2909 2597 3160 2650 tentatori
3193 2596 3424 2650 traditus

1881 2695 1980 2740 est.
2013 2687 2102 2754 qui
2161 2687 2395 2739 animam
2443 2687 2563 2755 ejus
2602 2687 2859 2758 adortus,
2900 2686 3074 2756 majus
3122 2686 3224 2754 ipsi
3261 2701 3420 2754 quam

1879 2776 2012 2830 Jobo
2031 2777 2281 2830 damnum
2310 2779 2506 2832 intulit.
2539 2777 2690 2843 Quod
2719 2781 2763 2832 si
2787 2793 3065 2833 sermones
3087 2775 3204 2839 Dei,
3235 2777 3327 2846 qui
3358 2776 3424 2830 de

1877 2867 2024 2936 justo
2049 2868 2166 2934 ejus
2187 2868 2395 2936 judicio
2419 2869 2735 2932 admonent.
2758 2877 2812 2922 et
2855 2867 3248 2936 imprudentem
3299 2881 3424 2933 pec-

1881 2959 2128 3012 cantibus
2160 2959 2291 3010 iram
2324 2959 2440 3025 ejus
2472 2959 2717 3021 edocent,
2745 2958 2956 3027 sagittis
2982 2957 3253 3010 acutiores
3276 2962 3420 3017 sunt,

1884 3058 2231 3118 punguntque
2279 3049 2695 3114 conscientiam;
2740 3063 2870 3103 sane
2923 3048 3125 3101 dixeris
3172 3045 3422 3098 Dax‘idem

1885 3138 2054 3192 sacris
2093 3139 2241 3193 hisce
2274 3153 2337 3192 ac
2378 3139 2577 3192 divinis
2621 3139 2834 3206 sagittis
2877 3141 3210 3204 confossum,
3242 3153 3423 3206 repre-

1885 3229 2196 3283 hensionem
2217 3244 2338 3282 cum
2373 3228 2552 3281 furore
2584 3230 2780 3280 illatam
2807 3230 2930 3296 jure
2959 3243 3260 3282 recusasse.
3291 3226 3422 3280 Nam

1885 3319 1987 3372 tela
2011 3319 2106 3372 abs
2138 3325 2189 3372 te
2219 3318 2346 3371 mihi
2387 3319 2648 3378 immissa,
2671 3320 2763 3382 ait,
2784 3334 2903 3387 quae
2926 3319 3058 3371 iram
3095 3327 3147 3372 et
3188 3317 3424 3370 furorem

1883 3413 2034 3458 tuum
2079 3414 2484 3474 prmverterunt.
2519 3405 2842 3459 snﬂieicnter
2886 3405 2953 3458 de
2985 3420 3070 3458 me
3105 3404 3425 3474 supplicium

1887 3503 2128 3557 sumunt,
2163 3510 2224 3547 ac
2251 3495 2384 3549 satis
2432 3511 2517 3549 me
2545 3495 2810 3564 castigant
2846 3514 2857 3548 :
2891 3495 2984 3549 sed
3015 3496 3182 3548 etiam
3235 3507 3427 3546 manus

1888 3591 1980 3636 tua
2031 3600 2126 3653 per
2166 3585 2342 3638 illatas
2382 3583 2688 3653 frequenter
2739 3585 3075 3638 calamitates
3125 3598 3212 3636 me
3251 3582 3426 3636 conti.-

1889 3675 1983 3739 git.

188 3771 333 3838 μενά
360 3788 454 3839 μοι
498 3767 665 3838 βέλη,
727 3765 923 3827 ἱκανῶς
959 3781 1026 3831 με
1060 3766 1398 3834 τιμωρεῖται,
1448 3763 1538 3814 καὶ
1577 3763 1858 3832 αὐτάρκως
1895 3783 1960 3836 με
1995 3768 2206 3833 κολάζει
2229 3785 2241 3798 ο
2277 3769 2409 3821 ἀλλὰ
2433 3769 2523 3822 καὶ
2554 3771 2586 3838 ἡ
2616 3769 2734 3838 χείρ
2774 3786 2863 3822 σου
2897 3769 3175 3840 καθήψατο
3205 3767 3291 3820 διὰ
3324 3765 3430 3820 τῶν

186 3861 428 3933 ἑπαλλήλ
439 3878 526 3913 ων
561 3875 633 3910 συ
643 3856 885 3926 μφορῷν.

266 3976 386 4027 Οὐκ
438 3974 632 4025 ἔστιν
675 3969 841 4032 ἴασις
892 3967 960 4019 ἐν
995 3965 1064 4033 τῇ
1097 3966 1279 4031 σαρκὶ
1303 3983 1417 4033 μου
1451 3967 1567 4019 ἀπὸ
1611 3981 1786 4033 προσ-

183 4068 354 4120 ώπου
389 4067 515 4134 τῆς
565 4061 759 4130 ὀργῆς
809 4077 944 4124 σου,
990 4062 1098 4112 οὐκ
1134 4059 1303 4111 ἔστιν
1337 4057 1538 4126 εἰρήνη
1566 4059 1633 4110 ἐν
1662 4058 1784 4124 τοῖς

187 4158 434 4221 ὀστέοις
464 4173 597 4224 μου
643 4151 765 4206 ἀπὸ
804 4148 1121 4217 προσώπου
1174 4146 1292 4200 τῶν
1329 4147 1620 4215 ἁμαρτιῶν
1643 4165 1780 4216 μου.

186 4248 310 4316 Τὴν
338 4248 451 4317 γὰρ
487 4245 680 4313 σάρκα
708 4256 832 4309 μου,
863 4239 928 4290 δι’
953 4235 1019 4309 ἧς
1043 4237 1350 4307 πέπρακταί
1377 4255 1463 4306 μοι
1499 4239 1558 4289 τὸ
1605 4239 1783 4306 ἁμάρ-

188 4355 370 4406 τημα,
413 4336 689 4390 κολάσεσι
745 4329 1037 4396 παρέδωκα
1078 4328 1480 4398 τιμωρούμενος
1533 4330 1782 4398 ἐμαυτόν.

189 4427 371 4480 Τοῦτο
393 4427 510 4496 γὰρ
538 4424 641 4476 καὶ
673 4420 861 4489 ἐδήλου
888 4419 952 4471 δι’
977 4419 1175 4489 ἑτέρων
1196 4418 1392 4486 λέγων·
1429 4421 1534 4472 Καὶ
1564 4421 1786 4473 ἐταπεί-

1958 3965 2122 4020 Vsus.
2162 3966 2216 4021 4.
2258 3965 2374 4018 Νοη
2415 3974 2490 4018 est
2541 3963 2744 4016 curatio
2785 3964 2839 4016 in
2877 3979 3031 4015 carne
3076 3979 3191 4018 mea
3231 3983 3264 4019 α
3297 3966 3432 4034 facie

1886 4059 1980 4111 ira
2021 4067 2141 4120 tum,
2171 4067 2220 4110 et
2262 4073 2361 4109 non
2389 4066 2464 4109 est
2500 4069 2603 4122 pax
2629 4054 2834 4108 ossibus
2871 4055 2996 4107 meis
3026 4069 3057 4104 a
3087 4054 3224 4120 facie
3250 4072 3431 4122 pecca-

1888 4157 2058 4201 torum
2102 4163 2350 4201 meorum.
2391 4147 2619 4198 Carnem
2657 4144 2855 4213 quippe
2892 4158 3084 4206 meam,
3108 4159 3212 4213 qua
3240 4159 3431 4214 pecca-

1889 4245 1998 4290 tum
2031 4236 2245 4299 admisi,
2275 4233 2552 4302 snppliciis
2585 4233 2800 4297 tradidi,
2833 4232 3087 4284 ultionem
3127 4232 3194 4284 de
3222 4247 3308 4286 me
3338 4249 3430 4285 sn-

1891 4341 2058 4379 mens.
2093 4324 2205 4378 Hoc
2234 4327 2375 4379 enim
2429 4327 2481 4379 in
2531 4325 2651 4378 aliis
2697 4337 2912 4393 quoque
2942 4321 3074 4374 locis
3108 4321 3429 4390 signiﬁcavit

1890 4415 2074 4468 dicens
2111 4433 2122 4466 :
2155 4413 2223 4466 Et
2249 4413 2588 4466 humiliabam
2619 4413 2670 4464 in
2693 4411 2895 4480 jejunio
2927 4412 3339 4462 auimammeam
3357 4411 3425 4475 ⁹⁰;

189 4536 353 4570 γουν
372 4519 443 4569 ἐν
464 4512 731 4580 νηστείᾳ
757 4508 872 4574 τὴν
892 4507 1099 4574 ψυχήν
1115 4525 1250 4575 μου·
1281 4510 1390 4571 καὶ,
1407 4511 1476 4562 Ἦ
1497 4509 1652 4575 σάρξ
1672 4529 1786 4579 μου

1891 4511 1944 4555 ει
1976 4523 1987 4555 :
2033 4503 2169 4556 Caro
2226 4519 2338 4555 mea
2372 4503 2646 4554 immutata
2684 4510 2762 4552 est
2801 4508 3006 4567 propter
3035 4499 3200 4551 oleum
3235 4500 3424 4563 ";et:

193 4608 503 4674 ἠλλοιώθη
520 4604 601 4657 δι’
625 4602 858 4654 ἔλαιον
887 4600 1001 4662 καὶ,
1023 4601 1419 4668 Ἐπελαθόμην
1449 4601 1552 4653 τοῦ
1585 4601 1791 4671 φαγεῖν

197 4696 503 4762 τὸν-ἄρτον
519 4711 650 4764 μου
677 4690 797 4744 ἀπὸ
824 4688 1146 4755 προσώπου
1175 4689 1280 4742 τοῦ
1308 4691 1636 4759 στεναγμοῦ
1651 4710 1788 4759 μου,

194 4785 307 4837 καὶ
351 4786 448 4837 ὅσα
500 4779 762 4836 τοιαῦτα.
819 4777 965 4828 Ἀντὶ
1006 4777 1062 4828 δὲ
1113 4777 1218 4842 τῆς
1254 4776 1447 4846 ὀργῆς,
1495 4779 1792 4856 συμφώνως

209 4875 448 4938 Ἀκύλας
500 4871 603 4925 καὶ
656 4872 688 4922 ὁ
745 4866 1062 4936 Σύμμαχος,
1140 4867 1267 4919 Ἀπὸ
1317 4868 1636 4933 προσώπου
1682 4870 1790 4937 τῆς

197 4961 620 5032 ἐμϐριμήσεώς
673 4975 814 5021 σου,
865 4955 1234 5025 ἡρμήνευσαν.
1275 4957 1532 5027 Ἀπήρκει
1560 4959 1666 5027 γάρ
1701 4976 1788 5028 μοι

201 5055 240 5122 ἡ
273 5055 375 5106 ἀπὺ
394 5055 508 5107 τῶν
542 5049 658 5103 σῶν
693 5047 857 5100 θείων
889 5043 1121 5114 Γραφῶν
1152 5046 1494 5114 ὲμὸρίμησις,
1523 5048 1615 5099 καὶ
1643 5050 1674 5116 ή
1701 5048 1788 5102 διὰ

201 5141 308 5192 τοῦ
341 5142 644 5212 προσώπου
702 5134 900 5189 Ναϐὰν
952 5133 1166 5201 ἀπειλή.
1211 5134 1350 5185 Ἀντὶ
1377 5135 1432 5186 δὲ
1459 5135 1550 5187 τοῦ
1581 5152 1593 5164 ·
1657 5137 1787 5190 Ἀπὸ

207 5230 529 5294 προσώπου
565 5225 687 5279 τῶν
724 5219 1038 5289 ἁμαρτιῶν
1073 5237 1206 5286 μους
1236 5223 1263 5272 ὁ
1288 5223 1573 5293 Σύμμαχος
1609 5227 1786 5294 ἡρμήο

205 5331 376 5381 νευσε,
436 5317 546 5370 Διὰ
578 5316 691 5377 τὰς
747 5307 1046 5376 ἁμαρτίας
1097 5325 1224 5372 μου.
1283 5312 1507 5364 ’Ἄτοπον
1553 5311 1608 5362 δὲ
1642 5313 1791 5365 οὐδὲν

205 5407 333 5459 ὀστᾶ
351 5410 477 5470 τοὺς
502 5404 755 5461 οίκείους
780 5396 1103 5449 ἀποκαλεῖν.
1135 5399 1195 5449 Εἰ
1225 5399 1330 5469 γάρ
1355 5402 1518 5470 ἐσμεν
1553 5401 1789 5470 ἀλλήλων

208 5494 347 5569 μέλη,
377 5499 472 5552 καὶ
507 5497 590 5557 ὡς
623 5491 712 5542 ἐνὶ
761 5485 984 5544 πάντες
1018 5485 1461 5558 κατελογίσθημεν
1503 5487 1706 5556 σώματι
1730 5491 1788 5541 τὸ

264 5672 293 5703 ⁸⁸
325 5681 434 5736 Job
471 5691 548 5735 η.
592 5670 649 5719 εί·

188 5732 230 5762 "
258 5725 586 5807 balare-ii"
616 5776 628 5794 .
673 5731 774 5785 25.
865 5729 915 5757 ’³
961 5725 1098 5780 Psal.
1127 5745 1209 5792 Cl,

764 5662 815 5692 ³⁸
865 5658 1076 5740 “E‘ph‘em
1121 5675 1202 5720 ιι.
1430 5669 1469 5700 ⁸⁷
1509 5665 1606 5719 Job
1640 5684 1720 5730 Vt,
1778 5665 1850 5725 i.‘
1903 5676 1946 5706 ⁸⁸
1983 5672 2123 5728 Psal.
2181 5683 2340 5732 XXIX.
2398 5668 2450 5723 7-

1894 4590 2098 4645 Oblitus
2127 4607 2240 4644 sum
2283 4590 2544 4643 comedere
2573 4603 2756 4656 panem
2787 4603 2952 4640 meum
2981 4604 3016 4638 ιι
3040 4587 3172 4655 facie
3209 4589 3428 4655 gemitus

1891 4683 1989 4735 mei
2014 4684 2080 4746 θ’,
2108 4690 2160 4735 et
2189 4682 2403 4736 similia.
2434 4680 2536 4733 Pro
2575 4687 2752 4732 autem
2804 4679 2920 4740 ine,
2949 4678 3138 4747 Aquila
3187 4686 3240 4731 et
3269 4674 3428 4745 Sym-

1890 4772 2134 4835 machus,
2169 4789 2201 4824 a
2239 4772 2371 4840 facie
2399 4771 2632 4838 fremitus
2689 4767 2784 4830 tui,
2817 4769 3067 4822 similiter
3094 4766 3428 4836 interpretati

1890 4873 2036 4916 Sunt.
2071 4862 2215 4916 Satis
2240 4863 2435 4930 quippe
2461 4860 2592 4912 mihi
2627 4864 2744 4912 erat
2779 4857 3029 4911 fremitus
3062 4856 3150 4908 ille
3175 4856 3266 4923 qui
3287 4854 3427 4908 divi-

1889 4951 1975 5005 nis
2007 4951 2300 5017 Scripturis
2326 4951 2432 5001 tuis
2476 4945 2808 5006 enuntiatur,
2835 4952 2889 4998 et
2939 4943 3306 4996 interminatio
3335 4958 3430 5010 per

1889 5041 2098 5094 Nathan
2131 5041 2446 5110 prophetam
2503 5038 2664 5091 facta.
2717 5035 2828 5088 Pro
2861 5035 2953 5087 illo
3002 5040 3203 5097 autem,
3235 5050 3267 5085 a
3295 5033 3429 5100 facie

1888 5139 2213 5199 peccatorum
2255 5143 2515 5188 meorum,
2567 5125 2942 5195 Symmachus,
2978 5131 3187 5190 propter
3221 5133 3430 5191 peccata

1889 5238 2021 5284 mea,
2058 5221 2436 5289 interpretatus
2492 5223 2593 5270 est.
2646 5215 2789 5268 Nihil
2822 5229 2984 5284 porro
3031 5212 3323 5266 absurdum
3349 5221 3433 5265 est

1887 5327 2010 5366 ossa
2033 5310 2358 5365 domesticos
2379 5322 2592 5361 vocare.
2620 5305 2752 5359 Nam
2775 5307 2821 5360 si
2853 5307 2987 5359 alter
3007 5304 3234 5357 alterius
3264 5317 3437 5356 mem-

1892 5402 1984 5455 bra
2011 5416 2220 5462 smnus,
2255 5409 2310 5452 et
2336 5397 2490 5465 quasi
2525 5397 2580 5449 in
2623 5411 2789 5450 unum
2826 5409 3031 5464 corpus
3060 5409 3254 5448 omnes
3292 5408 3440 5447 com-

1894 5495 2188 5562 pingimur,
2217 5499 2362 5544 certe
2393 5503 2517 5544 ossa
2552 5490 2795 5560 singulos
2827 5489 2984 5542 nobis
3037 5485 3324 5554 proximos
3353 5499 3448 5550 ap-

2526 5668 2568 5699 ”
2609 5667 2734 5724 ibid.
2831 5666 2874 5696 ⁹⁰
2911 5661 3068 5718 Psal.
3110 5672 3311 5717 χχχιιι,
3374 5654 3459 5705 l3.
