3782 6340
411 431 514 484 ωδ

1077 422 1336 478 EL'SEBII
1375 415 1844 475 CxES‘ARlENSIS
1877 413 2021 468 OI‘P.
2063 409 2237 464 PARS
2269 409 2355 462 ΙΙΙ.
2391 439 2453 448 -—
2492 401 2897 462 EXLGETICA.

3566 386 3666 434 5-H

413 543 609 612 pellare
637 540 902 594 convenit.
929 539 1185 591 Caeterum
1214 536 1326 589 haec
1361 550 1468 588 non
1504 533 1594 586 uni
1633 537 1818 586 sancto
1839 527 1941 580 Da-
1968 580 1972 588 ,

2089 528 2312 595 πεῖργον,
2341 521 2431 573 καὶ
2451 521 2579 572 ὀστᾶ
2607 519 2730 578 τοὺς
2755 511 2900 566 κατὰ
2937 507 3130 579 μέρος
3169 499 3276 554 καὶ
3307 494 3665 612 χρειιυδεσιξά’

2258 608 2286 612 η
2457 606 2469 612 -
2500 606 2510 612 .
2699 602 2762 612 ..ι
2785 601 2797 612 ι
2910 598 2921 612 1
2973 595 2992 612 \
3045 591 3204 612 ηιμ--
3244 583 3429 612 -..3--
3459 599 3562 612 an...
3606 581 3665 612 3,

412 631 521 687 vidi
555 631 840 698 contigisse
867 627 1115 686 dicimus,
1147 625 1239 678 sed
1271 625 1430 678 etiam
1456 622 1636 676 multis
1663 621 1818 685 aliis;
1842 620 1947 672 imo

413 733 540 775 vero
569 717 829 785 hodieque
857 714 1060 770 sanctis
1093 714 1224 767 viris
1279 712 1511 780 idipsum
1563 709 1614 762 in
1655 708 1949 762 tentatione

412 809 626 863 accidit.
656 806 786 858 Nam
837 805 1211 872 inexspectata:
1267 802 1580 870 plermnque
1611 797 1948 850 calamitates

412 897 744 957 oboriuntur,
777 902 834 948 ut
868 894 1196 947 tolerabilius
1245 892 1316 946 sit
1356 892 1552 944 bellum
1610 889 1676 941 ab
1720 885 1951 940 inimicis

413 987 615 1041 illatum
643 983 1064 1052 propinquorum
1115 980 1335 1048 impetu,
1361 993 1497 1047 quos
1557 976 1792 1030 diximus
1830 987 1952 1027 ossa

411 1075 614 1144 trapice
661 1083 875 1127 vocatos
912 1088 1051 1126 esse.
1081 1069 1235 1136 Quod
1287 1070 1331 1123 si
1369 1069 1481 1122 hinc
1526 1067 1778 1120 omnibus
1809 1077 1954 1116 com-

411 1164 616 1226 munia,
648 1163 952 1216 communis
999 1159 1251 1213 omnibus
1311 1174 1440 1211 sane
1501 1155 1661 1208 fuerit
1691 1150 1955 1205 orationis

411 1255 626 1309 modus.
663 1253 896 1308 Cuilibet
918 1265 1150 1318 namque
1180 1247 1567 1303 tentationihus
1599 1243 1861 1312 impetito,
1894 1255 1956 1292 ac

410 1344 646 1407 defesso,
678 1341 1022 1412 cupientique
1065 1337 1506 1408 tranquillitatem
1540 1349 1570 1387 a
1617 1332 1722 1385 Deo
1748 1331 1957 1384 obtine—

414 1450 491 1496 re,
528 1434 641 1487 haec
676 1432 916 1500 precatio
940 1428 1214 1491 convenit.

481 1523 643 1578 Vens.
693 1522 727 1574 5
760 1551 786 1562 -
833 1522 920 1574 12.
974 1520 1233 1586 Quoniam
1275 1515 1569 1584 iniquitates
1615 1526 1738 1564 mea!
1779 1523 1958 1574 super-

411 1629 600 1686 gressa:
653 1621 771 1666 sunt
808 1621 959 1678 caput
999 1625 1186 1671 meum,
1223 1608 1355 1661 sicut
1409 1622 1536 1658 onus
1579 1618 1730 1672 grave
1762 1616 1951 1670 grava-

414 1717 480 1760 ta:
535 1714 654 1758 sunt
708 1717 860 1770 super
916 1717 1014 1754 me.
1076 1699 1394 1752 Putruerunt
1455 1709 1502 1748 et
1553 1700 1805 1758 corrupta:
1843 1696 1960 1741 sunt

413 1796 680 1850 cicatrices
725 1808 867 1848 mere.
909 1790 1003 1844 llis
1034 1790 1309 1844 docemur.
1340 1802 1406 1839 ne
1447 1784 1582 1838 mala
1622 1781 1956 1834 occultemus

2045 580 2182 672 τους⁸
2202 580 2428 679 μάλιστα
2457 606 2650 672 λέγειν.
2699 601 2848 669 Πλὴν
2871 595 3002 664 οὐχὶ
3040 591 3208 662 μόνῳ
3244 583 3432 679 ταῦτα
3459 580 3669 679 συμβῆ-

2045 671 2340 768 ναίφαμεν
2378 695 2456 765 τῷ
2488 671 2756 758 θεσπεσίῳ
2790 686 2980 746 Δαυῒδ,
3029 679 3186 734 ἀλλὰ
3228 675 3351 744 γὰρ
3390 673 3484 724 καί
3521 671 3670 722 πλεί-

2050 765 2187 854 στοις
2213 765 2439 859 ἑτέροις-
2465 785 2658 856 μᾶλλον
2679 781 2736 834 δέ
2758 780 2855 832 καὶ
2884 778 2964 838 είς
2988 771 3173 841 δεῦρο
3204 765 3522 859 πράττεται
3551 777 3673 812 πει-

2053 854 2356 951 ραζομένων
2385 854 2566 943 ἁγίων.
2626 870 2904 937 Ἀδόκητοι
2953 862 3080 933 γὰρ
3128 854 3503 951 περιστάσεις
3541 854 3676 949 ἅναξ

2052 971 2266 1040 φύονται
2313 967 2587 1026 πολλάκις,
2643 961 2781 1014 ὥστε
2831 950 3344 1024 δυσφορητότερον
3393 940 3533 996 εἶναι
3576 940 3676 993 τοῦ

2051 1060 2176 1128 παρ’
2203 1055 2407 1128 ἐχθρῶν
2437 1053 2668 1122 πολέμου
2692 1049 2790 1110 τὰς
2816 1046 2924 1100 τῶν
2956 1040 3210 1094 οἰκείων
3240 1033 3677 1091 ἐπαναστάσεις,

2051 1147 2141 1210 οὓς
2165 1148 2257 1199 καὶ
2281 1146 2411 1196 ὀστᾶ
2427 1159 2604 1212 φαμεν
2624 1136 2940 1208 ὠνομάσθαι
2962 1125 3306 1204 τροπικῶς.
3330 1123 3400 1174 Εἰ
3421 1120 3480 1172 δὲ
3511 1118 3678 1171 ἅπασι

2051 1238 2218 1292 ταῦτα
2249 1236 2418 1297 κοινὰ,
2446 1232 2618 1293 κοινὸς
2648 1229 2713 1282 ἂν
2750 1229 2836 1296 εἴη
2874 1224 3111 1278 πάντων
3152 1217 3264 1286 τῆς
3301 1210 3622 1282 προσευχῆς
3652 1210 3680 1259 ὁ

2052 1329 2263 1397 τρόπος.
2278 1325 2441 1378 Παντὶ
2455 1323 2560 1393 γὰρ
2577 1319 2806 1392 ἁρμόζει
2827 1308 3247 1384 πειραζομένῳ
3274 1305 3379 1357 καὶ
3394 1302 3676 1397 κάμνοντι,

2053 1415 2350 1485 γλιχομένῳ
2375 1431 2430 1466 τε
2464 1413 2642 1480 τυχεῖν
2677 1407 3028 1478 ἡμερότητος
3060 1400 3175 1468 τῆς
3203 1394 3373 1466 παρὰ
3400 1390 3563 1444 Θεοῦ.

2125 1508 2250 1560 Ὅτι
2299 1508 2356 1556 αἱ
2405 1502 2639 1570 ἀνομίαι
2683 1515 2802 1568 μου
2839 1491 3186 1561 ὑπερῆραν
3241 1488 3370 1548 τὴν
3411 1481 3679 1550 κεφαλήν

2049 1617 2200 1668 μου,
2256 1595 2396 1650 ὡσεὶ
2451 1593 2695 1662 φορτίον
2719 1586 2883 1654 ,βαρὺ
2924 1582 3401 1650 ἐϐαρύνθησαν
3426 1575 3524 1627 ἐπ’
3563 1571 3673 1640 ἐμὲ,

2055 1662 2439 1757 Προσὼζεσαν
2466 1684 2562 1736 καὶ
2599 1679 2928 1744 ἐσάπησαν
2975 1677 3034 1727 ol
3059 1667 3390 1741 μώλωπές
3419 1682 3564 1733 μου.
3593 1662 3678 1714 Διά

2057 1754 2259 1834 τούτων
2319 1776 2553 1831 διδάσκει
2607 1773 2754 1842 ἡμᾶς
2810 1771 2838 1821 ὁ
2881 1766 3081 1833 λόγος,
3139 1760 3225 1831 μὴ
3293 1758 3573 1828 κρύπτειν
3618 1754 3676 1806 τὰ

415 1893 737 1945 nostra,neu
765 1888 976 1952 peccata
996 1894 1092 1940 ceu
1109 1878 1388 1946 quemdam
1413 1875 1675 1943 nigrorem
1705 1881 1754 1923 et
1777 1883 1957 1922 corru-

2091 1871 2264 1924 αυτῶν
2296 1865 2458 1931 κακὰ,
2505 1865 2622 1936 μηδ’
2661 1862 2852 1930 ὥσπερ
2894 1857 3029 1910 τινὰ
3091 1852 3380 1925 μελανίαν
3408 1849 3507 1902 καὶ
3535 1846 3680 1914 σῆψιν

416 1981 648 2051 ptionem
671 1975 927 2030 inintimo
943 1972 1133 2024 aninne
1162 1965 1563 2020 concludamus.
1589 1962 1718 2016 Tota
1737 1961 1818 2013 die
1839 1976 1961 2012 con-

418 2074 654 2126 tristatus
688 2065 1034 2135 ingrediebar,
1063 2063 1305 2133 quoniam
1323 2062 1496 2113 anima
1522 2075 1633 2110 mea
1663 2058 1872 2122 impleta
1886 2062 1960 2108 est

416 2157 750 2215 illusionibus
775 2153 1121 2208 illudentium.
1156 2150 1245 2203 Sic
1267 2163 1428 2218 porro
1457 2145 1885 2212 intelligas:cum
1910 2143 1961 2195 in

417 2249 573 2303 titulo
600 2244 953 2317 significasset
969 2243 1229 2311 psalmum
1251 2240 1302 2291 in
1320 2237 1795 2291 rememorationem
1821 2248 1960 2296 esse,
1989 2302 1997 2310 _

415 2336 536 2406 jure
565 2335 690 2388 illuc
721 2332 1031 2389 remittitur,
1069 2336 1122 2382 et
1151 2343 1271 2396 quae
1302 2327 1404 2380 sibi
1428 2327 1536 2394 jam
1566 2325 1690 2377 olim
1723 2322 1954 2389 contige-

420 2434 542 2480 rant
570 2422 782 2493 repetit.
809 2421 971 2475 Docet
997 2421 1122 2472 item
1145 2418 1357 2486 qualem
1387 2417 1439 2468 in
1461 2415 1819 2469 conditionem
1845 2419 1966 2482 post

423 2514 632 2580 lapsum
661 2507 882 2578 peccati'
895 2507 1167 2560 devenerit
1194 2523 1206 2556 ε
1233 2519 1336 2574 qua
1359 2505 1424 2557 de
1446 2518 1609 2556 causa
1634 2510 1796 2556 totam
1826 2502 1965 2554 hanc

422 2600 817 2670 confessionem
862 2596 992 2650 edit.
1035 2594 1089 2648 In
1128 2595 1239 2648 hac
1285 2594 1485 2655 omnia,
1529 2593 1722 2660 inquit,
1776 2590 1962 2652 incidi,

424 2687 550 2756 quia
581 2683 811 2753 quodam
841 2689 1102 2750 tempore,
1134 2679 1237 2735 Cor
1269 2696 1436 2733 meum
1464 2679 1826 2732 conturbatum
1863 2687 1962 2740 est,

423 2787 472 2830 et
523 2773 793 2841 dereliquit
840 2787 919 2824 me
964 2773 1126 2823 virtus
1176 2785 1323 2830 mea,
1378 2777 1427 2822 et
1479 2769 1648 2821 lumen
1697 2767 1963 2821 oculorum

427 2879 654 2919 meorum
699 2871 748 2916 et
789 2861 958 2930 ipsum
1000 2877 1099 2912 non
1138 2869 1250 2915 erat
1310 2875 1524 2912 mecum.
1587 2857 1718 2911 Nam
1762 2857 1966 2926 peccati

428 2967 666 3024 tempore
693 2953 775 3005 vis
813 2965 928 3004 mea
960 2948 1288 3014 intelligendi
1331 2963 1432 3001 non
1470 2963 1682 3016 parvam
1717 2959 1968 3016 perpessa

430 3054 516 3101 est
543 3041 938 3102 confusionem,
971 3040 1222 3108 perplexa
1266 3045 1317 3090 et
1349 3040 1636 3093 obscurata
1681 3039 1747 3091 ab
1777 3053 1840 3091 co
1877 3039 1970 3106 qui

431 3136 637 3210 peccati
676 3133 805 3187 mihi
857 3139 1046 3184 auctor
1092 3131 1282 3183 fuerat.
1341 3127 1491 3182 Tunc
1545 3129 1740 3199 quippe
1775 3130 1968 3183 dereli-

2061 1960 2199 2012 κατὰ
2241 1957 2432 2027 βάθους
2469 1955 2568 2024 τῆς
2618 1951 2794 2020 ψυχῆς
2838 1947 3112 2017 συνέχειν
3179 1943 3256 1995 τὰ
3285 1938 3678 2011 ἁμαρτήματα.

2063 2053 2254 2116 Ὅλην
2300 2047 2411 2113 τὴν
2455 2043 2680 2112 ἡμέραν
2731 2034 3213 2104 σκυθρωπάζων
3271 2029 3674 2097 ἐπορευόμην,

2061 2139 2148 2192 ὅτι
2239 2135 2404 2206 ψυχή
2432 2151 2549 2203 μου
2581 2128 2932 2193 ἐνεπλήσθη
2969 2119 3369 2192 ἐμπαιγμῶν
3387 2114 3677 2187 ἐμπαιζόν-

2061 2245 2195 2282 των.
2229 2227 2456 2296 Νοήσεις
2483 2223 2537 2274 δὲ
2583 2221 2676 2274 καὶ
2709 2218 2906 2278 οὕτως,
2946 2209 3594 2285 προεπισημηνάμενος
3630 2205 3680 2253 ἐν

2059 2319 2125 2387 τῇ
2160 2295 2465 2384 προγραφῇ,
2497 2310 2568 2372 ὡς
2619 2309 2725 2377 ἄρα
2767 2307 2851 2374 εἴη
2887 2306 2985 2367 εὶς
3023 2301 3431 2370 ἀνάμνησιν,
3475 2295 3681 2355 εἰκότως

2062 2382 2528 2470 ἀναπ-εμπάζεται,
2591 2397 2683 2447 καὶ
2725 2395 2793 2447 τὰ
2823 2392 3011 2446 πάλαι
3065 2387 3238 2456 αὐτῷ
3303 2382 3680 2455 συμϐεϐηκότα

2063 2487 2514 2558 ἐπαναλαμϐάνει.
2571 2483 2820 2537 Διδάσκει
2857 2497 2921 2532 τε
2971 2481 3042 2530 ὲν
3097 2473 3192 2539 οἷς
3222 2475 3452 2544 γέγονε,
3496 2467 3683 2540 τῷτῆς

2065 2580 2328 2650 ἁμαρτίας
2353 2577 2543 2645 ὀλίσθῳ
2573 2565 2996 2645 περιπεσὼν,οὗ
3038 2569 3222 2640 χάριν
3261 2567 3366 2620 καλ⁸
3393 2565 3492 2634 τὴν
3522 2564 3682 2614 πᾶσαν

2065 2673 2291 2722 ποιεῖται
2312 2666 2708 2735 ἐξομολόγησιν.
2735 2664 2827 2725 Εἰς
2855 2660 3054 2712 ταῦτα
3079 2660 3204 2730 γὰρ
3223 2659 3416 2711 πάντα
3448 2651 3682 2725 ἐλήλυθα,

2066 2760 2246 2828 φησὶν,
2282 2757 2574 2825 ἐπειδήπερ
2622 2752 2798 2821 καιρῴ
2844 2769 2956 2804 τινι
3031 2752 3101 2806 Ἡ
3139 2749 3381 2817 καρδία
3414 2763 3530 2816 μου
3565 2745 3687 2795 ἐτα-

2059 2850 2270 2917 ράχθη,
2309 2847 2404 2899 καὶ
2448 2840 2826 2913 ὲγκατέλειπέ
2862 2857 2944 2909 με
2982 2843 3032 2909 ἡ
3075 2843 3277 2909 ἰσχύς
3320 2856 3468 2908 μου,
3501 2835 3586 2887 καὶ
3620 2831 3681 2884 τὸ

2066 2938 2188 3008 φῶς
2207 2938 2322 2992 τῶν
2337 2932 2654 3003 ὀφθαλμῶν
2667 2951 2808 3001 μου,
2837 2933 2935 2984 καὶ
2953 2933 3129 2985 αὐτὸ
3155 2934 3280 2984 οὐκ
3298 2928 3384 3001 ἦν
3391 2928 3516 2998 μετ’
3531 2923 3679 2994 ἐμοῦ.

2068 3030 2221 3084 Κατὰ
2258 3029 2364 3098 γὰρ
2394 3027 2481 3078 τὸν
2513 3027 2610 3095 τῆς
2646 3023 2925 3094 ἁμαρτίας
2987 3023 3212 3094 καιρὸν
3255 3024 3321 3076 οὐ
3356 3018 3559 3092 μικρὰν
3597 3018 3684 3069 ὑπ-

2071 3121 2278 3190 έμεινεν
2307 3115 2468 3170 αὑτοῦ
2495 3114 2733 3184 ταραχὴν
2755 3114 2817 3164 τὸ
2846 3114 3262 3184 διανοητικόν,
3305 3110 3575 3182 συγχυθὲν
3605 3108 3684 3160 καὶ

432 3179 637 3210 νων...
857 3179 1035 3184 νη---
1094 3179 1281 3183 ---νη
1549 3179 1737 3199 ,νην
1780 3179 1939 3183 _-__-_

431 3227 550 3295 quit
578 3239 700 3278 eum
730 3223 900 3276 virtus
939 3221 1060 3289 ejus
1086 3239 1097 3273 :
1125 3235 1232 3274 non
1266 3220 1404 3272 ultra
1430 3219 1572 3271 enim
1607 3219 1785 3272 dicere
1821 3227 1970 3288 pote-

2089 3209 2338 3266 ςκοτωθέν
2364 3207 2468 3259 ὑπὸ
2487 3205 2579 3258 τοῦ
2610 3205 2706 3274 τὴν
2739 3203 3036 3274 ἁμαρτίαν
3074 3204 3479 3276 ἐνεργοῦντος,
3513 3201 3584 3261 ὡς
3607 3203 3686 3250 καὶ

431 3322 536 3376 rat,
572 3313 761 3368 Omnia
793 3326 1000 3379 possum
1033 3311 1086 3363 in
1124 3325 1181 3364 eo
1201 3311 1287 3379 qui
1322 3325 1399 3361 me
1427 3307 1772 3376 confortat”,
1803 3307 1975 3361 victus

434 3406 640 3461 scilicet
687 3418 716 3456 a
768 3412 914 3456 motu
958 3401 1142 3463 animi,
1198 3415 1260 3453 ac
1304 3400 1510 3453 viribus
1555 3398 1865 3452 destitutus.
1911 3394 1977 3450 Et

432 3508 562 3547 vero
591 3490 734 3544 aliud
781 3489 1055 3558 quidpiam
1107 3486 1234 3543 mihi
1264 3501 1518 3555 pergrave
1567 3486 1804 3539 oblatum
1849 3492 1972 3538 est:

435 3599 560 3640 nam
591 3582 760 3637 lumen
800 3581 1066 3633 acutorum
1108 3594 1354 3638 meorum,
1382 3576 1454 3643 (id
1484 3583 1600 3629 erat
1637 3575 1980 3644 propheticus

437 3675 678 3744 spiritus,
697 3671 788 3739 qui
818 3670 1008 3722 anima:
1026 3668 1143 3734 ejus
1170 3668 1340 3720 visum
1372 3665 1716 3724 illustrabat),
1740 3675 1785 3716 et
1813 3665 1980 3730 ipsum

438 3777 543 3817 non
589 3767 699 3812 erat
743 3771 980 3810 mecum:
1013 3771 1098 3808 me
1122 3754 1317 3822 quippe
1360 3754 1668 3821 reliquerat,
1714 3768 1776 3805 ac
1804 3768 1980 3806 reces-

441 3859 614 3914 serat;
645 3850 769 3919 quia
810 3851 864 3901 in
898 3847 1202 3901 malevolam
1236 3845 1464 3897 animam
1497 3860 1596 3896 non
1626 3845 1862 3896 introibit
1895 3859 1983 3896 sa-

440 3943 653 4010 pientia,
712 3957 801 3994 nec
835 3937 1087 3991 habitabit
1130 3936 1177 3988 in
1232 3949 1442 4001 corpore
1496 3933 1700 3986 subdito
1737 3934 1979 3999 peccatis.

443 4034 670 4102 Spiritus
714 4032 848 4086 enim
891 4038 1102 4084 sanctus
1140 4025 1426 4092 disciplina:
1469 4023 1676 4091 eﬂ'ugiet
1706 4021 1903 4084 dolum,
1935 4031 1984 4075 et

421 4127 642 4194 auferet
669 4141 721 4178 se
748 4142 778 4176 a
805 4119 1202 4192 cogitationibus
1229 4133 1343 4186 quia
1364 4124 1483 4168 sunt
1509 4115 1618 4167 sine
1639 4113 1901 4166 intellectu
1917 4114 1984 4166 9⁵.

445 4220 558 4272 lmo
585 4217 745 4272 etiam
783 4216 874 4283 qui
907 4221 1063 4266 antea
1103 4209 1261 4263 amici
1289 4214 1342 4262 et
1385 4207 1614 4275 proximi
1659 4205 1776 4273 ejus
1807 4213 1983 4264 erant,

446 4309 540 4380 qui
567 4322 689 4361 cum
716 4305 833 4374 ipso
855 4303 1000 4356 omni
1029 4309 1272 4368 tempore
1302 4297 1586 4365 degebant,
1619 4310 1682 4348 eo
1711 4295 1898 4347 relicto
1925 4298 1988 4346 de

446 4399 596 4467 longe
637 4403 910 4458 steterunt,
961 4407 1079 4446 cum
1113 4387 1396 4458 nequircht
1442 4386 1580 4438 ultra
1631 4383 1730 4452 ipsi
1762 4382 1982 4446 adesse;

2074 3306 2151 3366 εἰς
2173 3299 2474 3371 ἀφροσύνην
2513 3298 2694 3348 πεσεῖν
2728 3296 2825 3346 καὶ
2865 3295 3166 3363 πράττειν
3185 3294 3517 3365 ἀφροσύνης
3550 3292 3683 3360 ἔργα.

2076 3394 2206 3446 Τότε
2234 3391 2288 3442 δὲ
2313 3389 2405 3441 καὶ
2430 3384 2813 3454 ἐγκατέλειπεν
2847 3385 3031 3436 αὐτὸν
3062 3388 3100 3458 ἡ
3140 3388 3311 3456 ἰσχὺς
3350 3383 3551 3436 αὐτοῦ’
3581 3383 3689 3434 οὑκ-

2076 3482 2153 3533 ἑτι
2175 3479 2280 3549 γὰρ
2315 3473 2422 3539 οἶός
2447 3493 2504 3552 τε
2520 3471 2585 3544 ἦν
2614 3474 2792 3540 λέγειν
2811 3490 2824 3502 ·
2853 3473 3087 3528 Πάντα
3112 3477 3324 3544 ἰσχύω
3345 3475 3419 3528 ἐν
3434 3474 3514 3539 τῷ
3539 3472 3692 3526 ἐνδυ-

2076 3568 2356 3639 ναμοῦντί
2376 3584 2472 3635 με,
2503 3563 2741 3634 νικηθεὶς
2773 3563 2880 3617 ὑπὸ
2910 3564 3018 3617 τοῦ
3055 3566 3287 3630 πάθους
3330 3567 3428 3619 καὶ
3460 3562 3690 3628 ἐξατονή-

2079 3675 2193 3720 σας.
2217 3658 2323 3709 Καὶ
2353 3655 2476 3708 ἄλλο
2501 3653 2556 3704 δέ
2589 3669 2664 3712 τι,
2689 3652 2842 3719 φησὶ.
2871 3652 3145 3723 χαλεπὸν
3177 3655 3317 3726 περὶ
3351 3654 3454 3724 ἐμέ
3487 3652 3687 3720 γέγονε’

2084 3749 2153 3802 Τὸ
2205 3747 2310 3816 γὰρ
2367 3743 2488 3812 φῶς
2517 3742 2630 3795 τῶν
2663 3741 3004 3809 ὀφθαλμῶν
3035 3763 3176 3812 μου
3233 3745 3426 3812 (τοῦτο
3461 3743 3518 3795 δέ
3553 3738 3615 3810 ἦν
3643 3737 3693 3789 τὸ

2080 3836 2407 3911 προφητικὸν
2431 3834 2662 3903 πνεῦμα,
2689 3832 2752 3884 τὸ
2773 3832 3028 3901 φωτίζον
3055 3837 3240 3890 αὑτοῦ
3267 3836 3378 3906 τῆς
3410 3835 3585 3906 ψυχῆς
3613 3831 3691 3898 τὴν

2079 3932 2280 4000 ὅρασιν)
2316 3927 2408 3980 καὶ
2451 3924 2590 3978 αὐτὸ
2642 3926 2752 3976 οὐκ
2789 3920 2871 3993 ἦν
2889 3929 3035 3992 μετ’
3066 3928 3258 3996 ἐμοῦ,
3287 3926 3619 3994 καταλεῖψάν
3639 3937 3690 3990 με

2081 4023 2173 4077 καὶ
2197 4017 2578 4086 ἀναχωρῆσανο
2607 4014 2726 4066 ἐπεὶ
2752 4016 2843 4080 εὶς
2872 4021 3301 4089 κακότεχνον
3343 4018 3562 4089 ψυχὴν
3603 4017 3693 4068 οὐκ

2081 4112 2478 4166 εἰσελεύσεται
2513 4107 2730 4174 σοφίαο
2763 4105 2912 4159 οὐδὲ
2949 4112 3352 4178 κατοικήσει
3401 4114 3474 4166 ἐν
3497 4109 3696 4176 σώματι

2083 4200 2376 4268 κατάκρεφ
2409 4196 2715 4264 ἁμαρτίαις
2733 4210 2745 4220 “
2782 4195 2959 4263 ἅγιον
2993 4205 3126 4268 γάρ
3157 4203 3424 4271 Πνεῦμα
3455 4198 3698 4260 παιδείας

2083 4292 2356 4362 φεύξεται
2387 4289 2588 4351 δόλον,
2630 4287 2729 4341 καὶ
2772 4288 3333 4360 daturae-triverat
3381 4296 3505 4350 ἀπὸ
3562 4297 3698 4357 λογι-

2084 4380 2250 4450 σμῶν
2282 4375 2606 4431 ἀσυνέτων.
2649 4375 2811 4428 Ἀλλὰ
2839 4378 2940 4428 καί
2967 4380 3020 4430 οἱ
3050 4384 3359 4455 πρότερον
3383 4382 3554 4438 αὑτοῦ
3581 4380 3700 4449 φίλοι

449 4489 542 4544 sed
581 4487 788 4556 procul,
826 4485 968 4539 illam
1012 4481 1167 4535 amici
1221 4479 1302 4532 sui
1349 4476 1704 4531 calamitatem
1737 4475 1972 4543 deplorat

2089 4473 2177 4525 καὶ
2236 4465 2455 4537 πλησίον
2493 4465 2678 4526 αὐτοῦ,
2727 4468 2778 4517 οἱ
2824 4466 2919 4518 τὸν
2957 4468 3299 4538 σύμπαντα
3345 4477 3543 4545 χρόνον
3577 4467 3701 4533 αὐτῷ

447 4578 596 4632 bant.
623 4575 852 4640 Quinam
876 4573 972 4633 illi,
1011 4572 1116 4626 nisi
1147 4571 1238 4638 qui
1275 4582 1443 4636 nuper
1469 4565 1536 4618 de
1568 4564 1724 4617 bonis
1755 4563 1873 4631 ejus
1898 4566 1984 4616 Iaz-

449 4667 726 4728 tabantur,
754 4663 1002 4717 videlicet
1034 4661 1207 4731 angeli
1229 4659 1353 4714 boni
1392 4667 1454 4709 ac
1483 4654 1714 4708 ministri
1756 4653 1869 4715 Dei,
1895 4655 1984 4722 qui

451 4758 517 4811 de
557 4755 833 4824 hominum
884 4755 1055 4808 salute
1094 4767 1199 4806 una
1243 4748 1472 4820 gaudere
1523 4743 1737 4798 solent?
1783 4744 1990 4806 Quibus

455 4846 640 4916 procul
686 4860 771 4899 me
818 4844 1032 4913 pasitis,
1087 4843 1176 4895 alii
1219 4840 1436 4910 quidam
1468 4836 1671 4906 peccati
1719 4843 1988 4898 auctores,

455 4951 624 5005 prope
661 4943 867 4988 stantes
907 4937 1012 4988 vim
1052 4933 1317 4987 faciebant
1358 4937 1412 4983 et
1465 4927 1654 4981 animus
1702 4926 1993 4982 illudcbant

459 5039 606 5078 mete.
641 5023 704 5076 lli
733 5040 964 5094 namque
991 5025 1118 5077 olim
1168 5022 1412 5077 sitientes
1445 5018 1756 5086 sanguinem
1794 5033 1992 5080 meum,

462 5123 618 5182 atque
662 5129 692 5166 a
733 5114 906 5183 longis
953 5124 1099 5170 retro
1124 5113 1456 5182 temporibus
1495 5116 1840 5178 peroptantes
1887 5111 1998 5163 rui-

460 5218 584 5256 nam
605 5203 784 5256 videre
815 5219 1009 5265 meam,
1038 5204 1192 5273 quasi
1216 5199 1666 5271 opportunitatem
1689 5198 1854 5255 nacti.
1875 5212 1996 5249 cum

463 5294 704 5351 viderent
743 5294 993 5347 virtutem
1037 5308 1208 5348 meam
1262 5308 1346 5347 me
1397 5289 1772 5357 dereliquisse,
1815 5295 1868 5341 et
1917 5287 1999 5340 lu-

461 5396 586 5434 men
633 5381 908 5433 oculorum
958 5395 1196 5436 meorum
1239 5397 1268 5434 a
1317 5395 1400 5435 me
1438 5377 1745 5436 recessisse.
1791 5374 1993 5429 amicos

466 5484 680 5538 quoque
715 5477 769 5522 et
799 5471 1071 5538 proximos
1120 5473 1274 5538 longe
1318 5479 1575 5532 remotos,
1604 5465 1886 5521 confestim
1932 5464 2004 5515 ir-

471 5565 691 5617 ruentes
718 5560 823 5613 vim
858 5560 1123 5615 faciebant
1153 5563 1344 5617 animm
1386 5577 1552 5624 mete;
1589 5573 1649 5612 ac
1682 5562 1863 5625 utpote
1903 5569 2008 5608 ma-

545 5739 588 5768 "
626 5733 856 5802 Philipp.
891 5750 960 5799 tv,
999 5733 1080 5792 1'5.
1153 5737 1196 5769 "
1237 5735 1358 5810 δίῳ.
1400 5755 1450 5804 ι,
1483 5736 1534 5802 4,
1568 5735 1620 5790 5.

2091 4561 2354 4620 συνόντες,
2384 4556 2636 4616 ἐάσαντες
2659 4555 2820 4606 αὐτὸν
2844 4562 3188 4625 μακρόθεν
3211 4566 3527 4631 ἔστησαν,
3549 4555 3700 4615 οὐκέτ’

2091 4651 2236 4720 αὐτῷ
2268 4649 2498 4701 συνεῖναι
2523 4645 2829 4714 δυνάμενοι,
2874 4651 3193 4721 πόρρωθεν
3225 4657 3289 4709 δὲ
3319 4655 3703 4723 ἀποκλᾳόμενοι

2093 4743 2166 4804 ὡς
2189 4739 2384 4792 οἰκείου
2410 4735 2560 4804 φίλου
2591 4737 2902 4806 συμφοράν.
2942 4738 3124 4806 Τίνες
3148 4746 3197 4798 δ’
3227 4742 3380 4816 ἦσαν
3421 4742 3568 4800 οὗτοι
3610 4740 3704 4795 ἀλλ’

2095 4832 2127 4901 ἦ
2175 4832 2222 4881 οἱ
2262 4829 2352 4880 ἐπὶ¹
2400 4830 2509 4890 τοῖς
2565 4826 2848 4897 προτέροις
2879 4830 3134 4898 ἀγαθοῖς
3181 4839 3366 4891 αὑτοῦ
3421 4838 3704 4908 χαίροντες.

2097 4920 2310 4987 ἄγγελοι
2347 4918 2544 4988 δηλαδὴ
2573 4918 2767 4986 ἀγαθοὶ
2800 4915 2898 4972 καὶ
2933 4921 3276 4998 λειτουργοὶ
3313 4929 3484 4994 Θεοῦ,
3520 4931 3585 4998 τῇ
3616 4924 3708 4978 τῶν

2099 5009 2394 5080 ἀνθρώπων
2446 5010 2758 5081 συγχαίρειν
2806 5012 3075 5078 εἰωθότες
3123 5023 3440 5091 σωτηρία;
3493 5016 3592 5071 Ὧν
3619 5033 3709 5085 μα-

2103 5101 2236 5172 κράν
2267 5117 2363 5170 μου
2393 5103 2714 5171 γενομένων,
2743 5101 2895 5156 ἄλλοι
2924 5107 3082 5170 τινὲς
3112 5111 3225 5181 τὴν
3269 5111 3560 5183 ἁμαρτίαν
3585 5110 3711 5175 ἐνερι

2103 5191 2342 5260 γοῦντες,
2369 5191 2593 5263 πλησίον
2623 5209 2720 5263 μου
2751 5194 3069 5264 γενόμενοι,
3111 5183 3489 5266 ἐξεϐιάζοντο
3521 5197 3712 5263 καὶτῆς

2103 5283 2236 5352 ἐμῆς
2264 5281 2438 5352 ψυχῆς
2487 5281 2832 5346 κατέπαιζον.
2877 5285 3059 5341 Πάλαι
3090 5289 3213 5359 γὰρ
3257 5283 3416 5343 οῦτοι
3471 5287 3711 5358 διψῶντες

2103 5373 2194 5427 τοῦ
2217 5373 2348 5444 ἐμοῦ
2369 5375 2612 5444 αἵματος,
2653 5374 2744 5426 καὶ
2778 5375 2842 5425 ἐκ
2890 5377 3130 5448 μακρῶν
3179 5382 3411 5452 χρόνων
3447 5379 3714 5448 εὐχόμενοι

2108 5462 2399 5516 θεάσασθαί
2435 5483 2533 5535 μου
2559 5465 2654 5536 τὴν
2685 5462 2913 5528 πτῶσιν,
2931 5467 3141 5520 ὡσανεὶ
3171 5470 3390 5540 καιροῦ
3415 5468 3713 5538 λαϐόμενοι,

2112 5553 2198 5605 ὅτε
2241 5551 2379 5608 εἶδον
2433 5556 2866 5612 καταλείπουσαν
2908 5575 2977 5628 με
3008 5559 3112 5632 τὴν
3148 5562 3347 5632 ἰσχὺν,
3387 5563 3490 5616 καὶ
3529 5560 3590 5613 τὸ
3617 5553 3717 5623 φῶς
