3782 6290
180 389 272 444 3νὶ5

1276 393 1761 450 communem
1802 396 1866 450 IN
1906 358 2236 452 PSALMOS.

3240 405 3340 458 3.36

180 503 550 573 τῶνόρθύμῶν
603 523 708 576 μου
739 507 1104 580 ἀναχωρῆσὰν
1136 527 1259 580 μου,
1281 511 1403 574 τούς
1438 529 1494 564 τε
1527 511 1698 580 φίλους

1807 513 1980 575 levoli,
2017 514 2174 566 locuti
2202 521 2321 566 sunt
2351 511 2478 566 mihi
2512 513 2783 574 vanitates,
2813 515 2982 569 malas
3031 515 3159 568 mihi
3197 517 3341 570 intus

182 595 261 647 καὶ
297 593 405 654 τοὺς
437 593 661 661 πλησίον
712 598 942 668 μακρὰν
987 599 1335 668 γενομένους,
1376 600 1706 669 παραχρῆμα

177 684 562 752 ἐπιπηδήσαντες
588 684 948 748 ἐξεόιάζοντο
973 690 1070 758 τὴν
1102 689 1276 759 ψυχήν
1314 706 1411 758 μου
1442 706 1456 720 ⁸
1505 689 1596 740 καὶ
1633 687 1707 750 ὡς

175 774 227 826 ἂν
252 774 531 827 ἐθελόκακοι
573 775 908 844 extunch
949 796 1050 846 μοι
1099 781 1512 847 ματαιότητας,
1566 777 1708 830 ἔνδον

1808 603 2154 671 cogitationes
2189 611 2566 670 suggerentes;
2597 603 2704 655 imo
2729 604 2891 656 etiam
2921 604 3103 659 dolose.
3136 605 3344 659 demul-

1810 701 1992 747 centes
2042 706 2104 745 ac
2141 692 2495 759 decipientes,
2546 693 2703 760 quasi
2749 691 2816 744 ad
2851 692 2989 746 bona
3032 694 3343 750 inescabant

1813 795 1918 843 me,
1947 779 2072 832 dum
2105 779 2158 832 in
2192 789 2465 847 peccatum
2499 781 2859 836 detraherent.

173 864 516 925 ὑποὸἆλλοντές
548 881 652 933 μου
681 866 768 928 είς
784 866 888 936 τὴν
911 867 1085 937 ψυχὴν
1109 868 1369 939 ματαίους
1394 866 1703 935 λογισμούς·
1746 867 1878 920 ἀλλὰ
1905 870 1993 921 καὶ
2021 871 2115 921 σὺν
2142 869 2275 938 δόλῳ
2302 869 2568 936 θέλγοντες
2603 871 2694 922 καὶ
2733 872 3062 937 ἀπατῶντες,
3123 874 3197 938 ὡς
3251 875 3342 930 ιπὶ

170 953 362 1018 ἀγαθοῖς
385 951 654 1014 ὲδελέαζον
689 958 1054 1022 καθέλκοντές
1097 976 1161 1028 με
1189 962 1266 1022 είς
1289 961 1383 1030 τὴν
1415 960 1700 1030 ἁμαρτίαν.

241 1046 369 1114 Ἐγὼ
403 1045 465 1098 δὲ
503 1046 649 1100 ὡσεί
717 1049 930 1117 κωφὸς
974 1053 1085 1104 οὐκ
1136 1051 1374 1118 ἤκουον,
1416 1044 1510 1104 kal
1558 1051 1700 1103 ὡσεὶ

165 1138 370 1200 «italae
411 1137 513 1188 οὐκ
559 1137 839 1208 ἀνοίγων
887 1141 949 1193 τὸ
979 1142 1169 1208 στόμα
1217 1142 1417 1195 αὐτοῦ.
1455 1142 1559 1194 Καὶ
1580 1143 1701 1209 ἐγε-

164 1229 333 1292 νόμην
354 1226 486 1278 ὡσεὶ
529 1226 862 1294 ἄνθρωπος
899 1232 1006 1282 οὐκ
1033 1231 1282 1292 ἀκούων,
1307 1231 1399 1282 καὶ
1423 1232 1530 1283 οὐκ
1550 1231 1703 1298 ἔχων

166 1319 221 1368 ἐν
263 1315 333 1380 τῷ
379 1318 626 1384 στόματι
686 1317 886 1372 αὑτοῦ
934 1320 1238 1387 ἐλεγμούς.
1291 1320 1438 1370 Ἐπεὶ
1478 1319 1700 1382 τούτοις,

169 1406 316 1472 φησὶν,
349 1405 494 1457 οὐδὲν
557 1402 708 1476 εἶχον
734 1407 923 1475 λέγειν
968 1408 1221 1477 αἰσχύνης
1252 1409 1698 1478 πεπληρωμένοςο

165 1497 286 1548 οὐδὲν
316 1495 415 1564 γάρ
451 1513 541 1564 μοι
575 1496 742 1564 λόγος
800 1493 868 1567 ἦν
918 1497 1048 1567 πρὸς
1092 1497 1396 1564 ἀπολογίαν,
1424 1497 1529 1548 οὐδ’
1562 1493 1700 1565 εἶχόν

167 1597 258 1632 τινα
283 1583 380 1642 τοῖς
426 1579 643 1651 ἐχθροῖς
694 1581 1172 1652 προσφθέγγεσθαι
1205 1583 1349 1647 ἅπαξ
1389 1585 1479 1635 ὑπ’
1526 1583 1700 1636 αὐτῶν

164 1670 500 1736 νενικημένος·
530 1672 634 1723 ούκ
681 1671 918 1741 ἐμαυτῷ
963 1672 1195 1744 θαρρῶν,
1230 1673 1334 1724 οὐδ’
1383 1672 1544 1743 ἄλλην
1582 1675 1700 1725 τινὰ

163 1757 538 1828 πρὺόςθαλμῶν
576 1757 820 1830 θέμενος
866 1763 1051 1816 ἐλπίδα
1097 1763 1129 1832 ἢ
1187 1765 1264 1827 σὲ,
1293 1764 1360 1817 τὰ
1390 1765 1486 1834 τῆς
1511 1765 1702 1827 ἰάσεως

161 1843 434 1911 ὑπέγραφον
459 1845 710 1915 ἐμαυτῷ.
759 1849 919 1901 Ἐπεὶ
968 1845 1057 1902 οὖν
1079 1851 1173 1902 ἐπὶ
1208 1851 1282 1902 σὲ
1318 1850 1564 1918 ἤλπισα,
1590 1855 1701 1906 Κύ-

155 1949 252 1997 ριε,
281 1934 314 1999 ἠ
365 1933 418 1986 δὲ
452 1935 634 2001 ἐλπίς
675 1939 753 1989 οὐ
807 1941 1224 2007 καταισχύνειο
1265 1940 1351 1992 διὰ
1403 1941 1554 1994 τοῦτο
1590 1943 1700 1993 εἰσο-

155 2019 352 2091 ακούσῃ,
369 2022 446 2072 ὅτι
473 2022 713 2094 θελητὴς
744 2025 933 2088 ἐλέους
958 2022 1026 2089 εἴ,
1049 2028 1142 2080 καὶ
1165 2028 1223 2080 οὐ
1255 2028 1420 2092 Θέλεις
1442 2029 1530 2081 τὸν
1552 2030 1702 2082 θάνα-

157 2127 232 2162 τον
266 2110 347 2163 τοῦ
394 2113 759 2180 ἁμαρτωλοῦ,
816 2115 891 2178 ὠς
929 2118 1026 2191 τὴν
1068 2117 1349 2187 μετάνοιαν
1380 2117 1557 2172 αὑτοῦ.
1591 2120 1700 2182 Διὸ,

158 2198 354 2262 ἐλπίσας
394 2203 483 2253 ἐπὶ
535 2201 622 2264 σὲ,
659 2203 904 2256 ἱκετεύω
950 2207 1046 2274 τῆς
1091 2205 1236 2276 παρὰ
1271 2206 1362 2258 σοῦ
1413 2206 1701 2276 θεραπείας

156 2290 342 2356 τυχείνο
383 2289 628 2355 Μήποτε
688 2293 1028 2360 ἐπιχαρῶσί
1074 2313 1174 2362 μοι
1213 2298 1265 2348 ol
1319 2296 1514 2362 ἐχθροί
1560 2316 1697 2365 μου,

158 2379 284 2432 οὕτω
322 2382 414 2449 μὲν
461 2383 572 2450 γὰρ
629 2383 922 2444 παντελῶς
964 2385 1256 2454 ἐχάρησαν.
1292 2385 1698 2454 Ἐπιχαροῧνται

159 2468 229 2531 δὲ,
251 2471 292 2520 εἰ
326 2471 396 2540 μὴ
423 2472 646 2542 τύχοιμι
673 2473 775 2524 τοῦ
809 2473 902 2525 σοῦ
952 2475 1151 2536 ἐλέους.
1196 2474 1334 2526 Ἀλλ’
1360 2476 1446 2527 ἵνα
1487 2474 1557 2545 μὴ
1585 2477 1700 2526 ἐπι-

157 2561 340 2628 χαρεῖέν
373 2579 460 2630 μοι
486 2564 536 2614 οἱ
563 2563 761 2634 ἐχθροί
801 2581 923 2633 μου,
949 2565 997 2614 oi
1026 2563 1122 2633 ἤδη
1147 2565 1237 2615 καὶ
1261 2564 1518 2634 πρότερον
1544 2567 1600 2616 ὲν
1621 2562 1696 2633 τῷ

157 2646 444 2716 σαλευθῆναι
474 2649 646 2712 πόδας
679 2667 788 2719 μου
837 2653 1488 2721 μεγαλορῤημονήσαντες,
1515 2652 1605 2704 ἐπὶ
1641 2653 1698 2704 σὲ

155 2737 445 2804 κατέφυγον,
470 2739 562 2790 καί
589 2757 740 2808 φημι
767 2755 780 2768 ·
820 2738 915 2805 Μὴ
949 2742 1440 2808 καταισχυνθείην
1474 2744 1558 2808 εἰς
1596 2742 1699 2795 τὸν

154 2825 328 2879 αἰῶνα.
347 2828 418 2878 Ού
436 2829 544 2898 γὰρ
566 2829 753 2898 πάντη
780 2829 1170 2899 περιετράπην,
1202 2830 1319 2882 οὐδὲ
1348 2829 1544 2900 πτῶμα
1572 2831 1696 2884 ἕπε-

157 2933 230 2968 σον
250 2917 494 2981 τοιοῦτον,
524 2914 640 2972 οἷον
668 2920 719 2970 oi
750 2918 1054 2973 ἀποστάται
1084 2935 1174 2970 σου
1205 2919 1497 2988 γενόμενοι.

158 3109 244 3160 ΕΙΣ
259 3111 338 3164 T0
368 3113 590 3165 ΤΕΛΟΣ
621 3113 714 3164 ΤΩ
740 3111 1037 3177 ΙΔΙΘΟΥΜ,
1063 3113 1190 3164 ΩΔΗ
1226 3114 1309 3164 ΤΩ
1339 3115 1534 3166 ΔΑΥΙΔ
1563 3117 1690 3168 AII'.

212 3277 395 3349 Πολλὴν
427 3280 485 3332 δὲ
542 3278 856 3349 ἐμφέρειαν
901 3277 1013 3347 ἔχει
1049 3279 1116 3331 τὰ
1162 3279 1220 3330 ὲν
1259 3282 1322 3348 τῇ
1370 3281 1698 3353 προκειμένῃ

273 3369 535 3436 λεγόμενα
577 3375 699 3432 τοῖς
743 3371 804 3421 ἐν
835 3368 912 3438 τῷ
954 3369 1057 3439 πρὸ
1086 3369 1270 3421 τούτου
1304 3369 1516 3440 ψαλμῷ.
1561 3371 1696 3422 Ἀλλ’

163 3457 326 3510 ίκείνον
359 3460 458 3528 μὲν
483 3462 513 3512 ὁ
551 3458 726 3510 Δαυῖδ
757 3457 994 3526 ψάλλων,
1037 3459 1121 3522 εἰς
1156 3457 1490 3526 ἀνάμνησιν
1523 3458 1697 3529 ἑαυτῷ

160 3547 474 3600 συνέταττενο
543 3545 703 3610 οὗτος
732 3547 790 3598 δὲ
835 3546 931 3616 ἤδη
977 3548 1068 3601 καὶ
1112 3547 1327 3617 ἐτέρους
1370 3547 1696 3618 παραδίδωσι

152 3633 255 3695 τοὺς
274 3635 334 3686 τὰ
362 3637 526 3706 ὃμοια
555 3634 902 3694 πεπονθότας
933 3634 1097 3703 αύτῷ,
1127 3634 1214 3686 διὰ
1250 3636 1345 3703 τῆς
1369 3635 1485 3705 ἴσης
1511 3636 1696 3706 ἐξομο-

154 3720 392 3792 λογήσεως
416 3725 622 3794 ζηλοῦν
645 3725 812 3776 αὑτὸν
862 3724 955 3775 καὶ
995 3724 1270 3794 μιμεῖσθαι
1311 3724 1572 3777 παιδεύων
1597 3743 1610 3754 ·
1647 3727 1697 3778 εί

154 3812 215 3880 μὴ
229 3813 322 3880 ἄρα
350 3816 410 3868 τὸ
438 3815 678 3884 Πνεῦμα
719 3815 777 3866 τὸ
805 3815 955 3882 ἅγιον
983 3815 1069 3868 διὰ
1108 3815 1198 3866 τοῦ
1252 3814 1480 3884 Ἰδιθοὺμ
1527 3814 1696 3867 ταῦτα

151 3899 225 3950 τὸν
248 3904 394 3957 Asia-“:6
417 3905 679 3957 ἐδίδασκε
711 3904 908 3970 λέγειν.
954 3903 1172 3967 Ἦξίωτο
1202 3903 1305 3974 γὰρ
1347 3906 1439 3956 καὶ
1483 3905 1640 3967 αὐτὸς
1670 3907 1698 3958 ὁ

163 3987 364 4060 Ἰδιθοὺμ
394 3993 721 4060 πνεύματος
758 3992 1109 4063 προφητικοῦ.
1160 3991 1507 4060 Μανθὰνομεν
1535 3993 1589 4044 δὲ
1612 3991 1698 4044 διὰ

151 4079 242 4130 τῶν
272 4085 678 4154 προκειμένων,
707 4084 782 4146 ὼς
829 4083 935 4153 ἄρα
968 4083 1225 4151 προσήκει
1271 4083 1492 4134 ἕκαστον
1527 4081 1698 4152 ἑαυτῷ

151 4167 481 4240 διαλέγεσθαι,
534 4175 680 4245 μηδὲ
735 4174 1042 4243 περιμένειν
1080 4175 1200 4234 τοὺς
1228 4171 1419 4235 ἔξωθεν
1454 4171 1699 4224 διδασκά-

152 4259 273 4324 λους,
322 4267 483 4319 αὑτὸν
512 4267 585 4318 δι’
635 4263 835 4316 ἑαυτοῦ
893 4262 1316 4334 προσομιλοῦντα
1359 4261 1435 4330 τῷ
1461 4259 1698 4330 λογισμῷ

152 4351 230 4404 καὶ
255 4357 313 4420 τῇ
348 4355 582 4425 διανοίᾳ.

1875 1045 2034 1100 Vens.
2098 1048 2179 1100 Π.
2235 1045 2342 1115 Ego
2404 1056 2575 1100 autem
2660 1056 2902 1116 tanquam
2963 1050 3154 1105 surdus
3233 1071 3337 1110 non

1805 1135 2093 1196 audiebam,
2147 1144 2191 1188 et
2237 1129 2384 1186 sicut
2411 1144 2582 1187 mulus
2635 1149 2734 1186 non
2785 1137 3016 1202 aperiens
3063 1155 3118 1191 os
3163 1157 3332 1196 suum.

1808 1223 1873 1276 Et
1893 1224 2061 1292 factus
2093 1241 2205 1277 sum
2229 1225 2361 1277 sicut
2391 1224 2540 1276 homo
2571 1241 2669 1276 non
2695 1225 2928 1292 audiens,
2951 1239 2998 1279 et
3021 1245 3122 1282 non
3148 1229 3336 1288 habens

1805 1313 1964 1366 inore
2013 1331 2106 1366 suo
2148 1313 2554 1382 redargutioues.
2600 1313 2862 1378 Quoniam
2888 1353 2903 1377 ,
2955 1315 3166 1385 inquit,
3209 1320 3336 1377 mihi
3372 1336 3374 1338 '

1807 1401 2010 1470 pudore
2065 1402 2288 1462 sull‘uso,
2337 1402 2471 1454 nihil
2526 1403 2840 1470 suppetebat
2876 1405 3017 1471 quod
3063 1406 3334 1476 dicerem;

1806 1492 1986 1546 nullus
2014 1493 2209 1560 quippe
2253 1490 2318 1543 ad
2348 1490 2712 1544 defensionem
2749 1505 2925 1543 sermo
2964 1496 3335 1560 succurrebat,

1804 1597 1976 1651 neque
2024 1583 2291 1642 inimicos,
2327 1581 2488 1635 semel
2531 1580 2597 1632 ab
2627 1580 2692 1633 iis
2720 1581 2915 1641 victus,
2950 1582 3146 1652 alloqui
3194 1586 3336 1640 vale-

1802 1671 1944 1731 bam,
1975 1671 2103 1722 mihi
2137 1686 2240 1724 non
2280 1669 2466 1731 ﬁdens,
2503 1684 2675 1740 neque
2701 1669 2856 1720 aliam
2889 1679 3079 1738 praeter
3108 1681 3156 1725 te
3189 1689 3336 1742 spem

1801 1775 1910 1828 prae
1953 1760 2126 1814 oculis
2163 1761 2384 1824 habens,
2436 1760 2578 1812 hunc
2608 1757 2738 1810 mihi
2773 1759 3068 1814 curationis
3119 1763 3336 1816 modum

1801 1849 2125 1918 prmscripsi.
2167 1849 2424 1914 Quoniam
2461 1850 2622 1916 igitur
2663 1850 2716 1902 in
2750 1859 2796 1902 te
2828 1849 3046 1918 speravi.
3099 1851 3334 1918 Domine,

1797 1953 1910 2005 spes
1959 1945 2134 1991 autem
2175 1955 2273 1990 non
2319 1939 2586 2006 confundit
2613 1939 2694 2002 ";
2729 1938 2848 1991 ideo
2895 1940 3169 2003 exaudies,
3211 1945 3335 2010 quia

1801 2025 2227 2078 misericordiam
2277 2027 2377 2088 vis,
2424 2040 2596 2094 neque
2631 2025 2710 2079 vis
2742 2033 2965 2078 mortem
3000 2030 3321 2094 peccatoris,

1799 2115 1892 2170 sed
1931 2115 2292 2184 pmnitentiam
2330 2115 2463 2181 ejus.
2501 2114 2675 2178 Quare
2734 2128 2856 2166 cum
2913 2115 2966 2167 in
3000 2123 3050 2169 te
3088 2131 3335 2186 sperave-

1799 2203 1922 2267 rim,
1958 2203 2182 2257 obsecro
2234 2215 2378 2256 tuam
2430 2203 2557 2256 mihi
2609 2206 2938 2256 curationem
2987 2205 3228 2258 obtinere
3270 2207 3333 2258 li-

1797 2293 2268 2363 ceatzNequaudo
2321 2293 2732 2361 supergaudeaut
2789 2294 2914 2345 mihi
2965 2294 3162 2346 inimici
3209 2297 3329 2358 mei,

1797 2387 2034 2439 nondum
2063 2386 2204 2438 enim
2235 2386 2448 2453 penitus
2481 2386 2649 2453 gavisi
2673 2391 2816 2438 sunt.
2856 2383 3332 2454 Supergaudebunt

1797 2482 1994 2538 autem,
2025 2473 2129 2526 nisi
2156 2473 2575 2537 misericordiam
2601 2487 2900 2540 consequar
2924 2482 3068 2526 tuam
3095 2493 3108 2526 :
3144 2475 3234 2528 sed
3263 2491 3332 2530 ne

1795 2563 2221 2633 supergaudeant
2275 2564 2404 2616 mihi
2456 2562 2656 2616 inimici
2709 2565 2832 2624 mei,
2884 2563 2974 2632 qui
3019 2563 3127 2632 jam
3175 2576 3330 2620 antea

1795 2669 1916 2707 cum
1958 2661 2423 2706 commoverentur
2457 2651 2616 2720 pedes
2659 2651 2759 2704 mei
2801 2666 2990 2718 magna
3041 2653 3332 2721 loqueban-

1795 2751 1902 2808 tnr,
1926 2743 1992 2795 ad
2019 2750 2071 2796 te
2103 2742 2340 2811 confugi,
2376 2756 2438 2794 ac
2466 2741 2609 2803 dico,
2636 2739 2756 2794 Non
2785 2741 3076 2809 confundor
3105 2743 3158 2794 in
3183 2753 3334 2797 ωιτν-

1796 2851 1939 2888 uum.
1980 2833 2163 2902 Neque
2206 2833 2346 2886 enim
2388 2831 2601 2900 penitus
2637 2846 2856 2884 eversus
2886 2847 3026 2894 sum,
3069 2847 3239 2901 neque
3277 2833 3332 2886 in

1796 2923 1954 2975 talem
1982 2921 2190 2974 ruinam
2233 2921 2487 2990 delapsus
2525 2920 2734 2988 qualem
2767 2918 2801 2972 ii
2826 2919 2918 2988 qui
2951 2919 3044 2974 abs
3089 2927 3142 2974 te
3179 2935 3332 2989 pror-

1719 3022 1762 3082 (ζ
1795 3027 1887 3066 sus
1924 3010 2254 3065 defecerunt.

1866 3117 1917 3172 1.
1953 3117 2016 3170 ΙΝ
2055 3116 2261 3170 FINEM
2303 3113 2991 3235 lDl’illl‘RimCANTlCUM
3032 3114 3258 3171 DAVID.

1863 3274 1992 3338 Quae
2021 3273 2074 3326 in
2107 3275 2208 3325 hoc
2252 3272 2462 3325 cantico
2508 3279 2718 3326 exstant
2758 3271 2976 3323 multam
3024 3270 3328 3324 afﬁnitatem

1795 3362 1991 3416 habent
2019 3377 2140 3416 cum
2187 3363 2252 3416 iis
2285 3376 2403 3430 quae
2447 3361 2498 3414 in
2549 3361 2860 3428 praecedenti
2897 3360 3098 3427 psalmo
3144 3360 3329 3427 legun-

1797 3459 1902 3504 tur.
1938 3449 2040 3505 Sed
2086 3451 2232 3503 iIluni
2282 3449 2494 3518 quidem
2535 3449 2766 3517 psallens
2792 3448 2952 3501 David
2989 3449 3042 3501 in
3091 3465 3330 3501 rememo-

1797 3544 2049 3594 rat.’onem
2094 3540 2194 3594 sibi
2237 3539 2566 3608 composuit;
2599 3539 2684 3590 hic
2710 3554 2834 3591 vero
2873 3546 3054 3592 narrat
3082 3539 3216 3593 alios
3252 3540 3328 3594 si-

1796 3633 1942 3685 milia
1974 3646 2280 3701 perpessos,
2314 3645 2449 3699 quos
2471 3630 2534 3683 ad
2565 3629 2647 3682 sui
2675 3629 3022 3683 imitationem
3058 3645 3120 3683 ac
3150 3646 3328 3684 exem-

1796 3722 1940 3790 plum
1967 3719 2032 3776 de
2070 3736 2129 3775 se
2170 3720 2486 3774 sumendum
2515 3719 2771 3773 instituit.
2804 3718 2914 3772 Nisi
2945 3718 3174 3774 fortasse
3206 3718 3327 3788 Spi-

1797 3813 1931 3865 ritus
1970 3818 2188 3866 sanctus
2228 3809 2474 3862 ldithumi
2502 3809 2800 3862 ministerio
2837 3806 3086 3862 Davidem
3120 3809 3184 3863 ad
3216 3810 3327 3863 haec

1795 3901 2020 3955 dicenda
2053 3900 2333 3955 erudierit.
2385 3898 2514 3951 Nam
2566 3899 2678 3967 ipse
2712 3913 2925 3968 quoque
2953 3896 3180 3952 ldithum
3223 3901 3327 3969 spi-

1795 3991 1898 4043 ritu
1931 3990 2242 4058 prophetico
2285 3987 2532 4055 dignatus
2567 3986 2754 4039 fuerat.
2796 3983 2889 4037 llis
2919 3999 3080 4052 porro
3126 3985 3322 4038 edisci-

1797 4096 1916 4134 mus
1956 4094 2052 4149 par
2083 4094 2201 4133 esse
2235 4077 2474 4144 singulos
2521 4089 2700 4128 secum
2729 4072 2982 4140 colloqui,
3015 4087 3188 4140 neque
3231 4088 3326 4126 ex-

1795 4171 2063 4224 trinsecus
2105 4167 2392 4238 magistros
2433 4171 2763 4234 exspectare,
2812 4161 2904 4216 sed
2950 4162 3233 4216 ratiocinio
3269 4173 3324 4217 et

1795 4260 2116 4330 cogitatione
2142 4271 2416 4313 sermones
2445 4269 2625 4310 secum
2649 4251 2910 4306 conferre.

213 4439 352 4494 εἶπα
369 4462 381 4474 '
412 4445 682 4507 Φυλιὶξω
707 4443 811 4508 τὰς
843 4443 1018 4507 ὁδούς
1031 4460 1166 4510 μου.
1191 4443 1320 4496 Κατ’
1345 4441 1521 4504 αὑτὸν,
1541 4443 1690 4512 φησὶ,

1866 4435 2026 4488 Vens.
2056 4433 2168 4498 2,3.
2209 4433 2333 4485 Dixi
2360 4448 2376 4484 :
2410 4427 2708 4484 Custodiam
2733 4427 2840 4480 vias
2875 4443 3032 4481 meas.
3068 4427 3210 4496 Ipso,
3242 4427 3326 4481 iu-

156 4527 234 4578 τὴν
256 4534 433 4600 καιρὸν
492 4533 594 4585 τοῦ
646 4531 973 4600 πειρασμοῦ,
1008 4530 1446 4592 ἐπαναϐαίνοντός
1487 4547 1574 4599 μοι
1604 4529 1698 4582 τοῦ

161 4616 246 4684 τὴν
292 4622 558 4692 ἁμαρτίαν
606 4619 978 4691 ἐνεργοῦντος,
1007 4617 1118 4686 ἐγὼ
1158 4619 1399 4686 Ederae“
1457 4617 1698 4682 Φυλάξω

162 4707 255 4771 τὰς
286 4710 450 4774 ὁδούς
483 4729 612 4778 μου
657 4708 761 4762 τοῦ
791 4707 876 4776 μὴ
929 4706 1281 4775 ἁμαρτάνειν
1326 4707 1394 4758 ἐν
1451 4706 1696 4775 γλώσσῃ

153 4813 276 4862 μου.
313 4803 442 4854 Τότε
485 4804 546 4855 δὲ
595 4801 694 4854 καί
722 4799 941 4867 ἐθέμην
975 4797 1053 4861 τῷ
1084 4799 1328 4865 στόματί
1351 4814 1467 4866 μου
1510 4801 1698 4864 φυλασ-

160 4884 284 4950 κήν·
322 4892 415 4942 καὶ
473 4890 804 4958 ἐκωρὼθην
858 4887 954 4939 καὶ
995 4887 1404 4951 ἐταπεινώθην,
1439 4886 1530 4938 καὶ
1577 4887 1700 4939 ἐσί-

161 4990 301 5040 τησα
328 4980 392 5042 ἐξ
430 4979 693 5044 ἀγαθῶν.
735 4980 792 5029 Ὀ
815 4977 869 5028 δὲ
910 4977 1197 5045 Σύμμαχος
1232 4975 1401 5038 οὕτως
1439 4977 1700 5046 ἡρμήνευ-

168 5075 271 5112 σεν’
300 5064 516 5120 £7.10)“
555 5066 814 5128 Φινλάξω
843 5064 943 5129 τὰς
963 5064 1136 5129 όδούς
1150 5083 1285 5132 μου,
1311 5066 1394 5132 μὴ
1423 5065 1700 5132 ἁμαρτεῖν

171 5148 255 5203 διὰ
285 5154 383 5222 τῆς
418 5159 716 5227 γλώσσης
768 5172 905 5222 μου.
965 5153 1212 5214 Φυλὰξω
1249 5153 1312 5206 τὸ
1353 5155 1541 5220 στόμα
1581 5171 1696 5221 μου

169 5243 320 5307 φιμῷ,
344 5248 427 5298 ἐτι
458 5247 639 5311 ὄντος
666 5243 928 5308 ἀσεϐοῦς
963 5243 1029 5304 ἐξ
1066 5243 1338 5306 ἐναντίας
1362 5259 1496 5308 μου.
1530 5244 1696 5294 Ἀλα-

171 5336 263 5397 λος
287 5335 570 5404 ἐγενόμην
609 5332 778 5404 σιγῇ,
809 5331 1145 5396 ἐσιωπήθην
1169 5331 1252 5398 μὴ
1284 5329 1367 5381 ὢν
1395 5332 1461 5381 ἐν
1484 5331 1694 5398 ἀγαθῷ.

180 5421 318 5491 Ὁρᾷς
344 5427 462 5478 τίνα
486 5425 692 5495 τρόπον
730 5423 828 5490 τὴν
847 5421 1016 5473 αἰτίαν
1040 5420 1130 5474 τοῦ
1161 5421 1233 5490 μὴ
1256 5419 1452 5488 τολμᾷν
1480 5419 1699 5490 διαίρειν

172 5509 222 5558 tl:
250 5513 411 5580 στόμα
440 5513 683 5574 ἐδίδαξεν
738 5508 904 5560 εἰπών
926 5527 937 5538 ο
963 5509 1068 5560 Καὶ
1115 5506 1419 5568 ἐσιώπησα
1462 5505 1528 5568 ἐξ
1559 5507 1698 5574 ἀγα-

1794 4527 1936 4596 quit,
1963 4524 2544 4589 tentationislempore,
2580 4517 2860 4571 invadente
2887 4533 2969 4571 me
2999 4519 3200 4586 peccati
3235 4532 3325 4569 au-

1794 4625 1962 4676 ctore,
1993 4629 2082 4682 ego
2110 4611 2221 4663 dixi
2253 4608 2593 4664 :Custodiam
2618 4607 2728 4659 vias
2759 4623 2919 4664 meas.
2946 4616 3001 4658 ut
3031 4623 3131 4659 non
3161 4605 3320 4658 delino

1793 4718 1947 4772 quam
1981 4703 2034 4753 in
2064 4700 2236 4767 lingua
2270 4713 2400 4750 mea.
2436 4695 2589 4748 Tunc
2620 4709 2767 4757 vero,
2797 4695 2950 4760 posui
2986 4695 3065 4746 ori
3094 4711 3202 4745 meo
3234 4710 3323 4746 cu-

1794 4791 2018 4844 stodiam
2043 4806 2060 4842 :
2089 4788 2318 4842 obmutui
2360 4795 2408 4839 et
2442 4785 2744 4836 humiliatus
2774 4801 2910 4846 sum,
2941 4793 2988 4836 et
3019 4785 3142 4837 silui
3172 4803 3202 4837 a
3233 4785 3324 4838 bo-

1795 4883 1895 4934 nis.
1925 4879 2275 4951 Symmachus
2307 4883 2481 4929 autem
2506 4875 2584 4930 sic
2617 4875 2998 4943 interpretatus
3027 4883 3126 4936 est,
3160 4874 3320 4928 Dixi:

1793 4968 2098 5023 Custodiam
2150 4968 2254 5020 vias
2306 4981 2466 5026 meas,
2498 4973 2552 5015 ut
2604 4980 2705 5015 non
2752 4963 3046 5027 delinqunm
3090 4979 3180 5030 per
3221 4964 3322 5016 lin—

1792 5075 1946 5128 guam
1975 5074 2161 5110 meam.
2201 5052 2502 5108 Custodiam
2535 5069 2590 5105 os
2621 5068 2785 5105 meum
2821 5052 2985 5119 freno,
3017 5067 3132 5103 cum
3156 5052 3322 5106 adhuc

1793 5151 1859 5204 sit
1884 5149 2072 5216 impius
2099 5145 2365 5199 adversum
2402 5159 2499 5195 me.
2541 5141 2717 5194 Mutus
2740 5142 2909 5208 factus
2951 5157 3061 5193 sum
3093 5143 3317 5204 silentio,

1795 5239 1936 5292 tacui
1966 5239 2017 5290 in
2045 5237 2174 5288 bona
2205 5251 2302 5286 non
2342 5233 2588 5285 existens.
2629 5229 2815 5283 Viden'
2856 5245 2964 5299 quo
3007 5237 3162 5298 pacto
3199 5245 3321 5283 eau-

1792 5344 1905 5384 sam
1939 5328 2142 5388 afferat,
2191 5340 2287 5377 cur
2327 5338 2433 5374 non
2479 5321 2672 5374 audeat
2697 5337 2758 5375 os
2805 5322 3013 5389 aperire
3061 5335 3182 5372 cum
3222 5320 3318 5383 ait,

1793 5428 1840 5471 et
1875 5417 1996 5469 silui
2023 5432 2054 5467 a
2088 5415 2266 5472 bonis;
2297 5410 2377 5462 vel
2407 5408 2699 5462 secundum
2733 5409 3126 5479 Symmachum,
3158 5411 3318 5470 tacui,

1796 5508 1850 5560 in
1890 5505 2018 5558 bona
2061 5519 2162 5556 non
2197 5500 2463 5552 existens?
2487 5499 2620 5552 Cum
2649 5500 2790 5554 enim
2818 5498 2872 5552 in
2907 5499 3063 5553 bonis
3091 5512 3199 5551 non
3229 5513 3321 5550 ex-

172 5594 290 5660 θῶι·,
342 5601 394 5667 ἦ,
435 5597 795 5662 ὲσιωπήθην
827 5593 908 5660 μὴ
952 5594 1032 5647 ὢν
1075 5595 1142 5648 ἑν
1191 5591 1402 5662 ἀγαθῷ,
1445 5591 1576 5645 κατὰ
1603 5593 1698 5664 ,τὸν

1800 5596 2037 5658 istercm,
2080 5601 2253 5660 neque
2289 5585 2538 5642 fiduciam
2573 5587 2839 5654 haberem,
2862 5586 3172 5644 recordatus
3201 5599 3320 5642 sum

235 5749 272 5779 "
306 5749 452 5805 Rom.
489 5767 539 5815 ν,
