3812 6364
189 365 296 426 εἷ’ιὸ

1335 368 1824 425 COMMENTARIA
1860 372 1923 427 IN
1961 369 2290 428 PSALMOS.

3307 380 3410 435 εει

198 480 370 551 βάσεις
396 465 668 539 στηρίξας.
695 468 954 540 εὒλόγως
995 478 1154 547 ἐρεῖ”
1192 483 1298 534 Καὶ
1331 481 1585 549 ἀνήγαγέ
1609 483 1770 566 me):

1877 486 2068 538 merito
2093 485 2239 537 dicat
2274 501 2286 535 :
2321 479 2386 534 Et
2431 480 2606 534 eduxit
2653 501 2729 537 me
2754 487 2818 539 de
2845 488 2961 540 lacu
2991 488 3212 540 miseria:
3261 498 3309 541 et
3343 489 3408 542 de

200 567 409 624 λάκκου
435 561 842 627 ταλαιπωρίας
891 567 1004 619 καὶ
1053 570 1174 622 ἀπὸ
1218 573 1412 638 πηλοῦ
1453 574 1646 637 ίλύοςο
1677 561 1772 626 καί

202 660 440 720 ἔστησεν
456 650 550 702 ἐπὶ
593 648 832 717 πέτραν
855 656 1014 723 τοὺς
1051 661 1241 726 πόδας
1267 679 1404 728 μου,
1431 663 1526 714 καὶ
1563 666 1774 731 κατηύ-

203 753 331 803 θυνρ
359 741 425 794 τὰ
461 739 806 810 διαδήματά
847 764 998 814 μου.
1037 750 1246 820 Πέτραν
1287 751 1342 803 δὲ
1387 753 1519 821 πρὸς
1548 754 1774 806 ἀντιδια-

207 833 375 902 στολὴν
409 831 498 884 τοῦ
526 832 760 902 στερεοῦ
785 833 958 904 λόγου
985 839 1231 909 θεμέλιον
1261 842 1532 911 ὀνομάζει,
1561 845 1642 911 ἐφ’
1667 844 1722 896 ὂν
1745 845 1772 896 6

204 919 428 993 βεὸηκὼς
449 922 645 990 φήσει·
674 922 777 986 Τίς
809 923 977 992 ἡμᾶς
1005 927 1240 993 χωρίσει
1269 929 1384 981 ἀπὸ
1412 929 1518 996 τῆς
1542 928 1774 999 ἀγάπης

205 1011 303 1066 τοῦ
327 1009 610 1078 Χριστοῦ,
654 1013 902 1079 θλίψις,
953 1015 992 1081 ἢ
1027 1019 1405 1084 στενοχωρία,
1439 1018 1475 1085 ἧ
1505 1019 1770 1086 διωγμὸς,

211 1106 255 1171 ἢ
277 1104 459 1171 λιμός;
493 1103 590 1156 καὶ
616 1101 692 1155 τὰ
725 1103 878 1175 ὲξῆς.
903 1107 978 1158 Οὐ
1015 1107 1172 1176 μόνον
1194 1109 1236 1160 δ’
1264 1109 1447 1179 ἔστησε
1469 1111 1592 1172 τοὺς
1616 1111 1774 1175 πόδας

203 1197 294 1249 ἐπὶ
314 1195 404 1263 τὴν
424 1195 658 1265 πέτραν,
687 1195 833 1249 ἀλλὰ
857 1198 953 1250 καὶ
983 1198 1212 1267 βαδίζειν
1235 1201 1324 1252 καὶ
1345 1200 1554 1270 τρέχειν
1576 1202 1660 1253 ἐπ’
1678 1203 1773 1254 αὖ·

201 1286 293 1354 τῆς
319 1283 404 1336 διὰ
433 1283 534 1351 τῆς
568 1283 685 1338 τῶν
724 1286 908 1338 καλῶν
943 1288 1338 1358 εὐδοκιμήσεως
1363 1291 1535 1341 ποιεῖ·
1557 1291 1636 1342 διὸ
1663 1292 1774 1343 ἐπι-

202 1375 363 1441 λέγει⁸
411 1374 528 1426 Καὶ
592 1377 943 1443 κατηύθυνε
990 1377 1062 1430 τὰ
1117 1377 1435 1446 διαδήματά
1477 1398 1613 1447 μου.
1645 1377 1774 1434 Εἶτα

202 1463 519 1528 ἀκολούθως,
556 1464 639 1528 ὡς
670 1465 738 1519 ἂν
773 1467 1127 1537 μεταϐληθεὶς
1153 1469 1258 1520 ἀπὸ
1282 1469 1388 1521 τῶν
1413 1471 1662 1539 χειρόνων
1681 1473 1774 1524 ἐπὶ⁹

198 1554 265 1605 τὰ
281 1554 537 1622 κρείττω,
560 1555 627 1606 τὸ
656 1556 759 1624 μὲν
786 1556 1011 1608 ¹παλαιὸν
1038 1553 1204 1626 ᾆσμα,
1226 1557 1290 1609 δι’
1315 1555 1373 1613 οὗ
1401 1560 1772 1614 α’πεκλαύσατο

198 1643 267 1694 τὰ
289 1644 338 1693 ἐν
371 1646 491 1704 τοῖς
528 1644 644 1713 πρὸ
673 1643 866 1696 τούτου
915 1643 1146 1714 ψαλμοῖς
1183 1646 1495 1716 λελέγμένα,
1531 1649 1774 1702 ἀποτίθε-

198 1749 308 1784 ταισ
339 1731 731 1800 ἀναλαμϐάνει
761 1733 818 1785 δέ
846 1729 998 1803 ᾆσμα
1028 1735 1208 1788 καινὸν
1250 1737 1341 1789 τοῦ
1380 1736 1645 1801 σώσαντος
1672 1740 1774 1791 αὐ-

1876 573 1985 624 luto
2016 573 2183 638 famis.
2246 569 2314 624 Et
2346 570 2531 624 statuit
2566 589 2718 641 super
2753 585 2950 642 petram
2989 578 3140 645 pedes
3170 594 3329 641 meos,
3356 589 3405 632 et

1873 660 2061 713 direxit
2111 676 2317 728 gressus
2368 675 2526 712 meas.
2581 659 2786 716 Petram
2823 673 2997 716 autem
3033 665 3098 715 ad
3129 679 3408 733 compara-

1874 752 2071 805 tionem
2105 750 2242 804 tirmi
2275 751 2562 812 sermonis,
2600 751 3003 806 fundamentum
3027 756 3274 816 vocat,in
3297 770 3405 823 quo

1874 841 2118 910 quisquis
2149 841 2480 908 processerit
2513 842 2654 893 dicet
2695 861 2708 895 :
2749 842 2880 907 Quis
2926 859 3017 896 nos
3062 843 3325 911 separabit
3373 861 3405 896 a

1873 929 2124 982 charitate
2157 928 2395 982 Christi?
2431 928 2722 992 tribulatio,
2753 947 2818 982 an
2849 932 3113 998 angustia,
3164 948 3231 984 an
3283 947 3400 999 per-

1873 1019 2086 1080 secutio,
2115 1036 2182 1072 an
2214 1018 2379 1086 [antes
2403 1018 2462 1070 ‘?
2488 1026 2593 1073 etc.
2651 1018 2768 1072 Non
2817 1021 2978 1073 modo
3033 1032 3207 1074 autem
3242 1022 3404 1090 pedes

1874 1108 2060 1161 statuit
2092 1123 2255 1176 super
2282 1117 2521 1176 petram;
2557 1107 2646 1162 sed
2680 1109 2840 1162 etiam
2871 1110 2922 1163 id
2952 1119 3189 1178 praestat,
3225 1120 3285 1164 ut
3309 1126 3406 1180 per

1871 1198 2134 1252 bonorum
2165 1198 2478 1267 dignitatem
2514 1197 2566 1250 in
2596 1212 2658 1250 ea
2689 1197 2936 1252 incedere
2981 1214 3044 1253 ac
3088 1201 3402 1269 curret-eli-

1872 1295 2022 1353 ceat;
2055 1303 2221 1356 quare
2253 1288 2456 1356 adjicit,
2484 1295 2530 1339 et
2563 1286 2750 1339 direxit
2782 1303 2986 1356 gressus
3017 1305 3172 1342 meos.
3203 1288 3403 1342 Dehinc

1872 1393 2001 1431 vero
2029 1387 2444 1446 consequenter,
2477 1384 2661 1444 utpote
2691 1392 2720 1428 a
2764 1378 3036 1446 pejoribus
3068 1381 3135 1434 ad
3179 1381 3401 1436 meliora

1872 1467 2189 1529 translatus,
2222 1469 2434 1521 cantico
2468 1469 2658 1531 veleri,
2717 1484 2824 1538 quo
2872 1470 2925 1522 in
2981 1472 3403 1538 praecedentibus

1861 1557 2091 1626 .psalmis
2116 1557 2350 1625 lugebat,
2379 1557 2642 1626 deposito,
2691 1573 2888 1612 novum
2939 1560 3207 1613 canticum
3257 1575 3405 1615 assu-

1871 1645 1986 1707 mit,
2020 1644 2138 1713 ejus
2167 1647 2373 1701 scilicet
2403 1648 2492 1715 qui
2545 1647 2778 1702 servavit
2831 1662 2975 1710 eum,
3029 1648 3404 1700 etcanticum

1871 1734 2235 1803 hymnumque
2280 1751 2475 1789 novum
2512 1737 2564 1790 in
2597 1751 2659 1790 os
2707 1736 2827 1803 ejus
2858 1736 3113 1800 inmisit;
3153 1737 3406 1805 exuitque

194 1823 297 1882 τὸν,
317 1821 414 1873 καὶ
438 1822 820 1891 ὲμδάλλοντος
843 1825 923 1885 είς
952 1823 1010 1875 τὸ
1035 1825 1204 1895 στόμα
1229 1826 1389 1879 αὐτοῦ
1418 1828 1597 1880 καινὸν
1624 1824 1770 1898 ᾆσμα

1871 1831 2098 1878 veterem
2125 1825 2392 1880 hominem
2422 1843 2543 1880 cum
2571 1828 2827 1896 Operibus
2849 1827 2988 1894 ejus,
3022 1839 3076 1881 et
3103 1827 3276 1880 induit
3309 1843 3401 1880 no-

191 1911 284 1962 καὶ
297 1909 490 1979 ὕμνον,
512 1911 934 1981 ἀποδυσαμένου
969 1913 1058 1965 τὸν
1092 1914 1313 1966 παλαιὸν
1352 1914 1629 1982 ἄνθρωπον
1674 1917 1768 1968 σὺν

1871 1929 2016 1976 vum,
2046 1915 2158 1968 sive
2181 1923 2492 1968 renovatum
2535 1931 2630 1984 per
2675 1916 2956 1969 scientiam
3005 1915 3120 1969 Dei.
3155 1917 3265 1969 Sub
3295 1917 3405 1970 haec

189 2006 305 2064 ταῖς
356 2001 638 2072 πράξεσιν
695 2001 883 2065 αὑτοῦ,
921 2003 1274 2073 ἐνδυσαμένου
1305 2004 1362 2056 δὲ
1401 2004 1490 2056 τὸν
1534 2005 1648 2056 νέον
1681 2004 1769 2057 τὸν

1872 2014 2046 2058 autem
2077 2003 2277 2066 omnia,
2307 2005 2359 2058 in
2393 2005 2692 2074 exemplum
2726 2006 2908 2059 multis
2940 2007 3175 2072 ponitur,
3228 2009 3300 2061 ita
3348 2015 3406 2060 ut

195 2092 668 2161 ἀνακαινούμενον
704 2095 824 2146 κατ’
852 2093 1141 2160 ἐπίγνωσιν
1171 2094 1261 2145 τοῦ
1288 2092 1438 2145 Θεοῦ.
1472 2088 1601 2147 Εἶτα
1635 2095 1769 2164 μετὰ

1873 2092 1963 2146 alii
1997 2108 2234 2162 quoque,
2267 2102 2553 2163 conspecta
2586 2094 2704 2162 ejus
2733 2095 3050 2156 mutatione,
3105 2111 3253 2164 spem
3307 2111 3404 2150 su-

204 2183 378 2236 πὰντα
405 2183 589 2237 ταῦτα
625 2184 930 2254 ὑπόδειγμα
973 2183 1181 2245 πολλοῖς
1218 2185 1442 2250 γίνεται,
1479 2184 1553 2246 ὡς
1582 2183 1644 2236 ἂν
1677 2185 1770 2238 καὶ

202 2271 393 2341 ἕτεροι,
418 2273 520 2342 τὴν
552 2271 864 2342 μεταϐολὴν
891 2271 1052 2324 αὑτοῦ
1087 2271 1364 2339 θεώμενοι,
1392 2272 1607 2335 ἐλπίδας
1633 2274 1769 2340 ἀγα-

202 2364 306 2425 θὰς
330 2364 676 2424 ἀναλὰὕοιεν,
713 2362 808 2414 καὶ
851 2361 952 2430 τὴν
993 2359 1099 2413 ἀπὸ
1141 2359 1246 2411 τῶν
1293 2360 1542 2429 χειρόνων
1574 2361 1662 2413 ἐπὶ
1701 2362 1768 2414 τὰ

203 2452 424 2524 κρείττω
458 2453 792 2521 ποιήσαιντο
815 2449 1112 2520 μεταϐολήν
1131 2466 1144 2480 ⁸
1171 2449 1246 2501 διό
1275 2466 1431 2519 φησιν
1451 2466 1464 2480 ·
1494 2452 1767 2517 Ὄψονται

201 2542 407 2594 ,πολλοὶ
442 2542 550 2594 καὶ
582 2540 1052 2608 φοϐηθήσονται,
1078 2538 1173 2590 καὶ
1202 2538 1514 2591 ἐλπιοῦσιν
1535 2538 1630 2590 ἐπὶ
1654 2540 1767 2592 Κύ-

191 2651 343 2702 ριον.
368 2634 431 2686 Τί
465 2633 528 2684 δὲ
563 2631 830 2700 ὅψονταις
864 2629 1003 2681 Αὐτὸ
1049 2628 1220 2691 τοῦτο,
1249 2629 1428 2698 φησὶν,
1459 2629 1533 2691 ὡς
1561 2631 1639 2692 είς
1671 2629 1764 2698 βά-

199 2724 293 2786 Θος
316 2723 547 2794 ἐλήλυθα
574 2721 786 2783 κακῶν,
813 2720 907 2773 καὶ
935 2721 1013 2781 εἰς
1041 2718 1130 2771 τὸν
1151 2718 1346 2770 λάκκον
1374 2719 1465 2770 καὶ
1489 2719 1578 2772 τὸν
1602 2719 1767 2788 πηλὸν

197 2815 299 2882 τῆς
321 2816 458 2877 ἰλύος
480 2832 494 2844 ·
519 2811 783 2866 κάκεῖθεν
807 2809 940 2862 Θεοῦ
973 2809 1149 2878 χάριτι
1177 2807 1536 2871 ἀνελκυσθεὶς,
1561 2810 1650 2862 ἐπὶ
1672 2809 1768 2879 τὴν

200 2906 396 2974 πέτραν
448 2906 624 2974 ἔστην
671 2903 768 2954 καὶ
817 2898 1156 2968 κατηυθ,ύνθη
1199 2897 1266 2949 τὰ
1311 2897 1616 2968 διαδήματά
1649 2916 1768 2968 μου,

203 2997 294 3046 καὶ
319 2995 565 3064 ᾅσματος
599 2988 948 3058 κατηξιώθην
981 2985 1186 3040 καινοῦ.
1223 2984 1405 3038 Ταῦτα
1442 2985 1546 3056 γὰρ
1571 2987 1618 3038 οἱ
1648 2987 1772 3041 πολ-

1871 2189 2020 2234 mant
2049 2184 2260 2246 bonam,
2290 2191 2342 2236 et
2371 2198 2400 2235 a
2431 2184 2702 2251 pejoribus
2741 2185 2807 2238 ad
2835 2185 3054 2238 meliora
3086 2200 3203 2239 sese
3225 2186 3407 2240 tradu-

1873 2279 2034 2325 cant:
2067 2289 2232 2341 quare
2263 2274 2357 2337 ait,
2382 2274 2620 2327 videbunt
2645 2274 2796 2327 multi
2829 2285 2878 2328 et
2914 2275 3182 2340 timebunt,
3215 2284 3263 2328 et
3294 2289 3406 2342 spe-

1874 2359 2061 2415 rabunt
2115 2363 2169 2415 in
2215 2362 2460 2416 Domino.
2505 2363 2768 2428 Quidnam
2803 2363 3095 2418 videbunt?
3143 2363 3399 2433 ldipsum,

1871 2449 2062 2519 inquit,
2087 2467 2193 2521 quo
2215 2462 2371 2521 pacto
2392 2456 2445 2507 in
2469 2453 2790 2523 profundum
2825 2456 3108 2517 malorum,
3134 2455 3187 2507 in
3224 2455 3398 2508 lacum

1869 2540 2094 2595 miseriae
2123 2550 2175 2596 et
2202 2544 2255 2596 in
2289 2543 2460 2597 lutum
2500 2543 2646 2598 faecis
2689 2545 2967 2599 demersus
3008 2559 3128 2598 cum
3169 2543 3358 2597 fuerim
3382 2579 3402 2606 ,

1870 2628 1994 2684 inde
2023 2629 2115 2685 Dei
2145 2632 2314 2700 gratia
2335 2633 2582 2696 eductus,
2627 2649 2786 2702 super
2817 2643 3018 2702 petram
3046 2633 3316 2694 steterim,
3345 2641 3400 2686 et

1871 2735 2089 2789 gressus
2119 2722 2221 2776 mei
2247 2722 2436 2776 directi
2470 2723 2694 2786 fuerint,
2727 2739 2789 2778 ac
2823 2739 2962 2776 novo
2991 2725 3202 2777 cantico
3231 2723 3401 2776 dona-

1873 2819 1960 2865 tus
1989 2812 2110 2865 sim.
2139 2811 2233 2867 liis
2263 2814 2586 2883 conspectis,
2617 2814 2811 2883 inquit.
2843 2814 2991 2866 multi
3022 2814 3264 2866 timorem
3289 2811 3404 2874 Dei,

1873 2901 1940 2955 de
1963 2916 2068 2970 quo
2095 2902 2296 2956 dictum
2328 2901 2655 2967 est,Initium
2679 2905 2947 2971 sapientiae
2973 2905 3130 2956 timor
3149 2901 3405 2967 Domini,‘

1875 2991 2158 3059 accipient,
2189 2993 2528 3064 similemque
2561 2996 2664 3048 sibi
2699 3010 2844 3063 spem
2875 2993 3164 3048 ascribent.

203 3083 280 3134 λοὶ
309 3083 643 3152 θεασάμενοι
700 3079 864 3147 φόϐον
892 3076 1048 3140 Θεοῦ,
1093 3077 1218 3145 περὶ
1249 3070 1307 3129 οὗ
1343 3075 1602 3139 λέλεκται,
1653 3077 1821 3147 Ἀρχὴ
1859 3083 2074 3150 σοφίας
2117 3086 2298 3152 φόϐος
2342 3085 2507 3148 Θεοῦ,
2551 3085 2920 3156 ἀναλήψονται,
2955 3084 3047 3136 καὶ
3091 3081 3188 3134 τὴν
3219 3080 3406 3151 ὁμοίαν

202 3174 399 3236 ἑαυτοῖς
428 3169 855 3240 ὑπογράφουσιν
882 3167 1091 3221 ἐλπίδα.

266 3263 580 3330 Μακάριος
607 3261 788 3328 ἀνὴρ,
818 3256 889 3314 οὗ
917 3259 1046 3311 ἐστι
1073 3259 1137 3310 τὸ
1159 3258 1341 3327 ὄνομα
1362 3258 1577 3325 Κυρίου
1604 3258 1770 3324 ἐλπὶς

1945 3255 2106 3310 Vsus.
2138 3256 2189 3310 5.
2221 3256 2413 3309 Beatus
2451 3256 2529 3308 vir
2562 3255 2709 3322 cujus
2736 3264 2811 3306 est
2840 3271 3020 3309 nomen
3050 3255 3259 3311 Domini
3290 3277 3404 3326 spes

209 3355 392 3418 αὑτοῦ,
433 3354 542 3406 καὶ
605 3354 718 3404 οὐκ
763 3349 1092 3415 ἐπέϐλεψεν
1131 3352 1216 3413 εὶς
1247 3349 1635 3416 ματαιότητας
1672 3349 1767 3401 καὶ

211 3447 404 3511 μανίας
441 3441 802 3512 ψευδεῖς.’0
830 3439 918 3492 διὰ
957 3440 1148 3510 πείρας
1193 3438 1358 3491 ἐλθὼν
1384 3439 1480 3507 τῆς
1511 3438 1601 3489 τοῦ
1636 3438 1768 3491 Θεοῦ

210 3535 412 3605 χάριτος
448 3537 575 3596 τοῖς
619 3534 757 3584 πᾶσι
782 3529 1038 3599 κηρύττει
1069 3529 1164 3591 τὰς
1195 3531 1272 3590 εἰς
1299 3527 1456 3580 αὑτὸν
1481 3529 1770 3597 γενομένας

205 3626 540 3695 εὐεργεσίας,
579 3622 847 3692 προφέρει
877 3637 936 3672 τε
968 3619 1252 3689 καθολικὴν
1283 3618 1546 3685 ἀπόφασιν
1577 3620 1639 3670 ἐκ
1663 3618 1769 3671 τῶν

205 3717 330 3786 περὶ
367 3716 548 3770 αὑτὸν
587 3712 932 3784 συμϐάντων,
962 3710 1240 3772 διδάσκων,
1270 3709 1350 3761 ότι
1391 3709 1520 3760 πᾶσι
1550 3708 1769 3760 δυνατὸν

204 3805 504 3874 ἀνθρώποις
538 3803 658 3854 τῶν
707 3799 908 3869 ὁμοίων
956 3798 1101 3866 αὐτῷ
1144 3799 1342 3866 τυχεῖν.
1375 3795 1594 3866 Οὑ·γὰρ
1637 3793 1766 3862 ἐγὼ,

207 3897 350 3963 φησὶ,
375 3897 570 3962 μόνος,
597 3889 858 3944 τοιούτων
902 3887 1167 3951 ἀξιωθεὶς,
1202 3886 1317 3955 εῖην
1361 3884 1426 3938 ἂν
1473 3885 1728 3954 μακάριος
1751 3901 1764 3913 ο

208 3984 438 4039 ἔκκειται
463 3985 525 4037 δὲ
557 3984 680 4044 τοῖς
703 3982 868 4032 πᾶσιν
896 3981 929 4048 ἡ
953 3977 1086 4046 αὐτὴ
1116 3977 1251 4038 666;,
1285 3975 1376 4028 καὶ
1409 3975 1468 4028 οὐ
1506 3976 1614 4028 τισὶ
1651 3975 1766 4044 μὲν,

206 4077 383 4128 mret
415 4074 502 4128 οὔ.
533 4073 656 4134 Πᾶς
696 4066 790 4122 οὖν
819 4072 848 4121 6
875 4067 972 4136 τὴν
1009 4066 1192 4117 ἐλπίδα
1217 4063 1376 4117 αὐτοῦ
1402 4063 1490 4116 ἐπὶ
1517 4063 1605 4114 τὸν
1641 4063 1768 4114 Θεὸν

206 4163 476 4237 ἀναθήσας
507 4163 618 4216 οὐκ
648 4160 1003 4212 ἀποπεσεῖται
1047 4155 1138 4206 τοῦ
1181 4151 1544 4223 μακαρισμοῦ,
1573 4146 1631 4204 οὗ
1678 4151 1770 4202 καὶ

204 4255 352 4320 αὐτὸς
381 4250 766 4324 κατηξιώθην.
798 4246 1106 4315 Ματαιότης
1138 4244 1191 4296 δὲ
1221 4243 1314 4296 καὶ
1342 4243 1523 4312 μανίαι
1561 4241 1770 4310 ψευδεῖς

203 4346 365 4401 πᾶσαι
390 4349 448 4401 αἱ
485 4344 626 4414 περὶ
651 4342 723 4393 τὰ
754 4339 1062 4408 πρόσκαιρα
1100 4336 1190 4387 καὶ
1226 4334 1422 4404 μάταια
1453 4333 1768 4401 τυγχάνουσι

199 4439 441 4492 σπουδαί·
468 4435 718 4504 ἐπείπερ
735 4430 1068 4493 Ματαιότης
1089 4424 1510 4494 ματαιοτήτων,
1542 4423 1613 4475 τὰ
1627 4421 1770 4474 πάν-

196 4539 266 4575 τα
307 4529 690 4596 ματαιότης·
744 4521 838 4574 καὶ
883 4518 969 4571 διὰ
1014 4517 1119 4568 τῶν
1170 4514 1472 4585 ἔμπροσθεν
1518 4513 1728 4579 ἐλέγετο
1752 4530 1765 4542 ·

193 4615 369 4686 Πλὴν
407 4622 485 4672 τὰ
537 4614 748 4668 πάντα
783 4609 1120 4679 ματαιότης,
1151 4606 1267 4669 πᾶς
1293 4603 1591 4669 ἄνθρωπος
1623 4600 1730 4660 ζῶν
1749 4616 1764 4629 ’

1867 3347 2000 3414 ejus,
2032 3357 2078 3400 et
2106 3363 2206 3399 non
2246 3346 2466 3412 respexit
2497 3346 2552 3396 in
2595 3346 2848 3397 vanitates
2877 3356 2924 3398 et
2954 3346 3188 3400 insanias
3213 3349 3402 3415 falsas.

1865 3433 1969 3498 Qui
2007 3435 2200 3488 divinae
2234 3434 2420 3502 gratia:
2445 3433 2867 3500 experimentum
2907 3436 3110 3499 habuit,
3152 3438 3254 3490 sibi
3291 3441 3405 3492 col-

1869 3525 1971 3577 lata
2004 3524 2259 3578 beneﬁcia
2302 3522 2552 3576 omnibus
2592 3522 2865 3590 praedicat,
2896 3531 3054 3592 atque
3081 3540 3143 3579 ex
3184 3526 3250 3581 iis
3283 3544 3404 3598 qua:

1868 3614 1969 3668 sibi
2014 3615 2356 3683 contigerunt
2405 3611 2758 3666 universalem
2809 3612 3013 3680 profert
3061 3618 3402 3686 sententiam,

1866 3701 2065 3754 docens
2091 3715 2276 3753 oumes
2302 3699 2544 3753 homines
2575 3700 2720 3767 paria
2743 3715 2924 3754 secum
2955 3702 3194 3759 obtinere
3222 3721 3401 3775 posse.

1861 3791 2048 3860 Neque
2069 3790 2210 3844 extim
2233 3805 2331 3858 ego
2356 3790 2523 3851 solus,
2544 3791 2637 3849 ait,
2671 3792 2795 3844 talia
2825 3800 3036 3855 nactus,
3069 3796 3258 3851 beatus
3286 3799 3404 3853 fue-

1867 3881 2007 3944 rim;
2061 3879 2156 3934 sed
2189 3880 2439 3936 omnibus
2482 3896 2544 3934 ea
2581 3881 2694 3950 ipsa
2731 3881 2816 3933 via
2848 3891 3012 3950 patet,
3043 3901 3141 3940 nec
3182 3888 3406 3956 quibus-

1862 3968 1988 4023 dam
2023 3979 2203 4040 aperta
2234 3978 2338 4035 est,
2379 3971 2500 4024 aliis
2539 3985 2666 4024 vero
2696 3971 2936 4026 minime.
2979 3975 3240 4043 Quisquis
3276 3992 3405 4046 ergo

1863 4077 2014 4132 spem
2045 4062 2098 4114 in
2134 4061 2238 4115 Deo
2274 4063 2537 4130 reposuit,
2585 4075 2613 4112 a
2645 4061 2974 4116 beatitudine
3014 4064 3125 4126 illa,
3159 4081 3262 4133 qua
3305 4082 3405 4135 ego

1866 4155 2119 4221 dignatus
2152 4168 2293 4216 sum,
2329 4168 2434 4206 non
2471 4153 2699 4207 labetur.
2730 4152 2950 4206 Vanitas
2978 4161 3155 4206 autem
3180 4163 3233 4209 et
3260 4156 3404 4210 insa-

1866 4243 1970 4296 niae
1995 4242 2139 4296 falsae
2168 4249 2313 4305 sunt,
2351 4257 2536 4294 omnes
2576 4248 3042 4310 temporanearum
3073 4250 3128 4294 et
3175 4241 3402 4296 [utilium

1864 4349 2044 4388 rerum
2097 4349 2257 4388 curae.
2319 4330 2759 4399 Quandoquidem
2821 4333 3020 4384 vanitas
3082 4334 3401 4396 vanitatum,

1869 4425 2042 4477 omnia
2072 4425 2272 4476 vanitas
2308 4424 2327 4454 ⁶
2359 4439 2374 4486 ;
2408 4436 2471 4474 ac
2501 4423 2748 4489 superius
2795 4421 2998 4474 dictum
3025 4433 3109 4475 est
3141 4439 3155 4473 :
3197 4423 3406 4478 Verum-

1870 4525 2039 4568 tamen
2079 4514 2314 4565 universa
2345 4512 2567 4572 uanitas,
2597 4511 2762 4563 omnis
2793 4511 2942 4562 homo
2977 4511 3177 4574 vivens;
3208 4521 3262 4566 et
3293 4514 3402 4566 ite-

1871 4620 1987 4658 rum
2019 4621 2030 4654 :
2064 4603 2422 4656 Verumtamen
2451 4617 2579 4654 uane
2616 4600 3010 4654 conturbantur.
3063 4601 3403 4656 Thesaurth

1867 4707 1917 4749 et
1946 4697 2148 4765 ignorat
2177 4694 2260 4746 cui
2291 4691 2615 4761 congregabit
2643 4707 2722 4742 ea.
2767 4690 3042 4745 Vanitates
3076 4691 3240 4758 falsae,
3277 4703 3402 4746 sunt

1872 4787 2034 4838 irritae
2066 4799 2128 4837 ac
2163 4784 2377 4836 inutiles
2413 4797 2444 4833 a
2477 4779 2658 4832 multis
2700 4787 2960 4848 suscepta:
2990 4780 3399 4834 sollicitudines.

1870 4873 2036 4942 Igitur
2074 4871 2282 4924 vanitas
2330 4868 2563 4937 prudens
2593 4873 2677 4919 est
2705 4867 2859 4934 quasi
2898 4866 3226 4919 renuntiatio
3269 4883 3405 4936 pra:-

1872 4964 2038 5019 sentis
2066 4963 2206 5026 vita},
2245 4962 2314 5015 ob
2351 4975 2510 5029 quam
2553 4959 2828 5027 prophetae
2862 4957 2951 5009 Dei
2992 4954 3175 5007 multis
3213 4969 3404 5010 exces-

1872 5057 2011 5108 sisse
2037 5060 2211 5106 mente
2233 5050 2564 5105 videbantur.
2598 5047 2670 5102 De
2699 5049 2802 5102 hoc
2833 5052 3007 5100 autem
3035 5056 3263 5097 excessu
3291 5045 3405 5112 glo-

1873 5145 2042 5198 riatur
2092 5143 2271 5212 justus
2310 5140 2493 5193 dicens
2535 5156 2548 5189 :
2601 5137 2710 5206 Ego
2741 5147 2912 5190 autem
2950 5130 3064 5182 dixi
3106 5130 3163 5181 in
3195 5145 3411 5184 excessu

1873 5251 2003 5296 meo,
2033 5233 2199 5286 omnis
2228 5232 2378 5284 homo
2410 5226 2632 5280 mendax
2660 5229 2700 5280 ⁷.
2734 5221 3130 5294 Apostolusque
3172 5218 3416 5286 idipsum

1875 5340 2065 5392 passus
2096 5322 2304 5376 dicebat
2344 5338 2357 5371 :
2391 5318 2506 5371 Sive
2536 5318 2674 5370 enim
2716 5324 2881 5369 mente
2923 5307 3260 5369 excutimus,
3293 5306 3424 5369 Deo,

1875 5414 1979 5468 sive
2007 5411 2164 5466 sobrii
2206 5424 2401 5470 smnus,
2434 5406 2572 5458 vobis
2605 5406 2645 5458 ⁸.

187 4701 280 4754 καὶ
323 4710 483 4763 πάλιν
504 4726 518 4739 ο
547 4704 732 4770 Πλὴν
750 4699 948 4769 μάτην
974 4695 1389 4763 ταράσσονται.
1412 4691 1768 4758 Θησαυρίζει,

173 4794 271 4846 καὶ
348 4806 423 4856 οὐ
476 4796 773 4869 γινώσκει
818 4791 931 4842 τίνι
978 4786 1223 4848 συνάξει
1257 4783 1458 4835 ταῦτα.
1494 4782 1685 4835 Μανίαι
1717 4783 1771 4834 δὲ

172 4884 413 4954 iri-“Bai;
441 4893 501 4944 ai
533 4890 618 4948 είς
652 4881 810 4935 κενὸν
840 4878 934 4932 καὶ
963 4878 1186 4946 μάταιον
1217 4871 1634 4940 σπουδαζόμεναι
1663 4875 1772 4934 τοῖς

206 4979 414 5045 πολλοῖς
440 4972 974 5050 φροντίδες.Ὧσπερ
1023 4963 1113 5018 οὖν
1165 4963 1325 5032 μανία
1360 4958 1586 5030 σώφρων
1619 4964 1652 5031 ἡ
1682 4962 1771 5014 τοῦ

229 5074 464 5141 παρόντος
505 5069 628 5140 βίου
663 5060 1136 5125 κατεξανάστασις,
1162 5055 1225 5107 δι’
1256 5054 1320 5119 ἣν
1347 5050 1442 5101 καὶ
1484 5051 1772 5115 ἐξεστῶτες

229 5137 516 5228 ἐνομίζοντο
565 5157 684 5218 τοῖς
730 5149 940 5210 πολλοῖς
969 5148 1016 5197 oi
1048 5142 1138 5195 τοῦ
1171 5137 1321 5228 Θεοῦ-
1343 5137 1635 5228 τεροφῖπαι.
1680 5139 1772 5190 Σεο

234 5223 459 5314 μνόνεέαι
487 5250 538 5300 δ’
563 5245 664 5297 ἐπὶ
693 5244 760 5312 τῇ
787 5237 1010 5306 τοιαύτῃ
1032 5230 1278 5284 ἐκστάσει
1308 5223 1478 5290 λέγων
1499 5228 1526 5278 6
1547 5227 1769 5290 δίκαιοςο

241 5337 364 5405 Ἐγὼ
390 5342 459 5395 δὲ
493 5334 644 5391 εῖπα
685 5333 755 5384 ἐν
800 5328 871 5396 τῇ
896 5322 1172 5379 ἐκστάσει
1197 5331 1318 5405 μου
1337 5329 1352 5344 ·
1374 5313 1512 5405 ῌΠᾶς
1556 5315 1778 5382 ἅνθρω-

229 5401 329 5490 “Os
350 5433 657 5496 ψεύστης
690 5423 779 5475 καὶ
820 5421 847 5472 6
891 5402 1273 5496 Ἀπόστολος-δὲ
1300 5401 1458 5496 τοῦτο
1488 5405 1778 5496 πεπονθςυς

225 5488 403 5583 ιλεὲεζ-
442 5488 729 5582 gnaro»
759 5508 1078 5574 ἐξέστημεν
1100 5491 1233 5554 θεῶν
1262 5488 1321 5540 ε’
1322 5505 1385 5541 τε
1413 5493 1770 5560 σωφρονοῦ-

229 5623 320 5684 μτεν
347 5615 505 5682 ὑμῖν.

288 5723 308 5754 ⁸
341 5724 494 5784 Rom.
529 5740 642 5788 vm,
677 5720 760 5776 55.
837 5715 857 5746 '
892 5705 1030 5764 Psal.
1065 5713 1156 5761 Ci.
1190 5691 1274 5747 1οο
1355 5694 1375 5725 ⁶
1408 5696 1618 5754 Eccle.
1664 5711 1720 5766 ι,
1749 5697 1770 5751 ς

1876 5699 1897 5733 "
1933 5696 2076 5753 Psal.
2108 5704 2240 5756 CIV,
2281 5688 2362 5743 ll.
2439 5686 2460 5718 ⁸
2497 5685 2539 5741 ll
2571 5685 2695 5743 Cor.
2729 5703 2795 5752 v,
2833 5682 2928 5735 15.
