  <div class='ocr_page' id='page_1' title='image "/cluster/home/n/w/nwhite01/storage/ocr_20150623/23 (Eusebius, pt. 5)/nyp.33433081862363/188.png"; bbox 0 0 3812 6358; ppageno 0'>
   <div class='ocr_carea' id='block_1_1' title="bbox 159 382 253 440">
    <p class='ocr_par' dir='ltr' id='par_1_1' title="bbox 159 382 253 440">
     <span class='ocr_line' id='line_1_1' title="bbox 159 382 253 440; baseline -0.032 -1"><span class='ocrx_word' id='word_1_1' title='bbox 159 382 253 440; x_wconf 73' lang='grc'><strong>557</strong></span> 
     </span>
    </p>
   </div>
   <div class='ocr_carea' id='block_1_2' title="bbox 1325 377 2294 436">
    <p class='ocr_par' dir='ltr' id='par_1_2' title="bbox 1325 377 2294 436">
     <span class='ocr_line' id='line_1_2' title="bbox 1325 377 2294 436; baseline 0 -1"><span class='ocrx_word' id='word_1_2' title='bbox 1325 377 1811 435; x_wconf 73' lang='lat' dir='ltr'><strong>COMMENTARIA</strong></span> <span class='ocrx_word' id='word_1_3' title='bbox 1849 381 1911 434; x_wconf 82' lang='grc' dir='ltr'><strong>ΙΝ</strong></span> <span class='ocrx_word' id='word_1_4' title='bbox 1962 382 2294 436; x_wconf 67' lang='lat' dir='ltr'><strong>PSALMUS.</strong></span> 
     </span>
    </p>
   </div>
   <div class='ocr_carea' id='block_1_3' title="bbox 3288 388 3389 445">
    <p class='ocr_par' dir='ltr' id='par_1_3' title="bbox 3288 388 3389 445">
     <span class='ocr_line' id='line_1_3' title="bbox 3288 388 3389 445; baseline 0.02 -2"><span class='ocrx_word' id='word_1_5' title='bbox 3288 388 3389 445; x_wconf 69' lang='grc'><strong>558</strong></span> 
     </span>
    </p>
   </div>
   <div class='ocr_carea' id='block_1_4' title="bbox 154 475 1772 569">
    <p class='ocr_par' dir='ltr' id='par_1_4' title="bbox 154 475 1753 569">
     <span class='ocr_line' id='line_1_4' title="bbox 154 475 1753 569; baseline -0.003 -17"><span class='ocrx_word' id='word_1_6' title='bbox 154 485 505 557; x_wconf 65' lang='lat' dir='ltr'><strong>nustth</strong></span> <span class='ocrx_word' id='word_1_7' title='bbox 522 475 726 569; x_wconf 63' lang='grc' dir='ltr'>ἐντολὰς</span> <span class='ocrx_word' id='word_1_8' title='bbox 749 492 915 569; x_wconf 58' lang='grc' dir='ltr'>τενευ</span> <span class='ocrx_word' id='word_1_9' title='bbox 927 493 1217 556; x_wconf 80' lang='grc' dir='ltr'>ματικῶς</span> <span class='ocrx_word' id='word_1_10' title='bbox 1245 495 1338 547; x_wconf 77' lang='grc' dir='ltr'><strong>καὶ</strong></span> <span class='ocrx_word' id='word_1_11' title='bbox 1363 493 1501 547; x_wconf 74' lang='grc' dir='ltr'>κατὰ</span> <span class='ocrx_word' id='word_1_12' title='bbox 1522 493 1753 547; x_wconf 81' lang='grc' dir='ltr'>διάνοιαν</span> 
     </span>
    </p>
   </div>
   <div class='ocr_carea' id='block_1_5' title="bbox 1879 475 3396 569">
    <p class='ocr_par' dir='ltr' id='par_1_5' title="bbox 1879 489 3396 569">
     <span class='ocr_line' id='line_1_5' title="bbox 1879 489 3396 569; baseline 0.004 -20"><span class='ocrx_word' id='word_1_13' title='bbox 1879 498 2113 551; x_wconf 67' lang='lat' dir='ltr'><strong>terchara</strong></span> <span class='ocrx_word' id='word_1_14' title='bbox 2146 513 2266 551; x_wconf 91' lang='lat' dir='ltr'><strong>esse</strong></span> <span class='ocrx_word' id='word_1_15' title='bbox 2302 496 2445 558; x_wconf 88' lang='lat' dir='ltr'><strong>novi,</strong></span> <span class='ocrx_word' id='word_1_16' title='bbox 2480 511 2539 550; x_wconf 90' lang='lat' dir='ltr'><strong>ac</strong></span> <span class='ocrx_word' id='word_1_17' title='bbox 2564 489 2730 551; x_wconf 85' lang='lat' dir='ltr'><strong>multo</strong></span> <span class='ocrx_word' id='word_1_18' title='bbox 2761 499 3129 567; x_wconf 61' lang='lat' dir='ltr'><strong>pratstantiora</strong></span> <span class='ocrx_word' id='word_1_19' title='bbox 3164 499 3252 563; x_wconf 85' lang='lat' dir='ltr'><strong>iis,</strong></span> <span class='ocrx_word' id='word_1_20' title='bbox 3277 515 3396 569; x_wconf 66' lang='lat' dir='ltr'><strong>qua:</strong></span> 
     </span>
    </p>
   </div>
   <div class='ocr_carea' id='block_1_6' title="bbox 157 562 1767 654">
    <p class='ocr_par' dir='ltr' id='par_1_6' title="bbox 157 562 1767 654">
     <span class='ocr_line' id='line_1_6' title="bbox 157 562 1767 654; baseline -0.002 -15"><span class='ocrx_word' id='word_1_21' title='bbox 157 576 470 639; x_wconf 54' lang='grc' dir='ltr'>ὲπιτλλέσαι·</span> <span class='ocrx_word' id='word_1_22' title='bbox 500 568 671 622; x_wconf 63' lang='grc' dir='ltr'>Ταῦτα</span> <span class='ocrx_word' id='word_1_23' title='bbox 709 562 825 634; x_wconf 76' lang='grc' dir='ltr'><strong>γὰρ</strong></span> <span class='ocrx_word' id='word_1_24' title='bbox 880 570 1102 641; x_wconf 68' lang='grc' dir='ltr'><strong>ἔ-γνων</strong></span> <span class='ocrx_word' id='word_1_25' title='bbox 1162 599 1245 634; x_wconf 89' lang='grc' dir='ltr'><strong>σοι</strong></span> <span class='ocrx_word' id='word_1_26' title='bbox 1293 583 1439 651; x_wconf 87' lang='grc' dir='ltr'>φίλα,</span> <span class='ocrx_word' id='word_1_27' title='bbox 1468 583 1557 635; x_wconf 75' lang='grc' dir='ltr'><strong>καὶ</strong></span> <span class='ocrx_word' id='word_1_28' title='bbox 1590 583 1767 654; x_wconf 80' lang='grc' dir='ltr'>πολλῷ</span> 
     </span>
    </p>
   </div>
   <div class='ocr_carea' id='block_1_7' title="bbox 156 658 1765 747">
    <p class='ocr_par' dir='ltr' id='par_1_7' title="bbox 156 658 1765 747">
     <span class='ocr_line' id='line_1_7' title="bbox 156 658 1765 747; baseline 0.004 -27"><span class='ocrx_word' id='word_1_29' title='bbox 156 660 541 747; x_wconf 52' lang='grc' dir='ltr'>χρείαπτονατῶν</span> <span class='ocrx_word' id='word_1_30' title='bbox 576 658 921 747; x_wconf 55' lang='grc' dir='ltr'>σωμαῖικῶς</span> <span class='ocrx_word' id='word_1_31' title='bbox 979 668 1278 735; x_wconf 77' lang='grc' dir='ltr'><strong>Ἰουδαίοις</strong></span> <span class='ocrx_word' id='word_1_32' title='bbox 1306 674 1765 745; x_wconf 85' lang='grc' dir='ltr'>παραδεδομένων.</span> 
     </span>
    </p>
   </div>
   <div class='ocr_carea' id='block_1_8' title="bbox 225 746 1767 830">
    <p class='ocr_par' dir='ltr' id='par_1_8' title="bbox 225 746 1767 830">
     <span class='ocr_line' id='line_1_8' title="bbox 225 746 1767 830; baseline -0.001 -14"><span class='ocrx_word' id='word_1_33' title='bbox 225 749 702 824; x_wconf 60' lang='grc' dir='ltr'>Εὗηηνελισάμην</span> <span class='ocrx_word' id='word_1_34' title='bbox 732 746 1185 828; x_wconf 73' lang='grc' dir='ltr'>δικαιοσύνην</span> <span class='ocrx_word' id='word_1_35' title='bbox 1221 763 1290 815; x_wconf 84' lang='grc' dir='ltr'><strong>ἐν</strong></span> <span class='ocrx_word' id='word_1_36' title='bbox 1330 763 1647 829; x_wconf 77' lang='grc' dir='ltr'>Ἐκκλησία</span> <span class='ocrx_word' id='word_1_37' title='bbox 1663 779 1767 830; x_wconf 84' lang='grc' dir='ltr'>με-</span> 
     </span>
    </p>
   </div>
   <div class='ocr_carea' id='block_1_9' title="bbox 180 841 1766 921">
    <p class='ocr_par' dir='ltr' id='par_1_9' title="bbox 180 841 1766 921">
     <span class='ocr_line' id='line_1_9' title="bbox 180 841 1766 921; baseline 0.003 -21"><span class='ocrx_word' id='word_1_38' title='bbox 180 854 353 921; x_wconf 63' lang='grc' dir='ltr'>γάλῃ,</span> <span class='ocrx_word' id='word_1_39' title='bbox 382 844 497 900; x_wconf 87' lang='grc' dir='ltr'>ίδοὺ</span> <span class='ocrx_word' id='word_1_40' title='bbox 526 845 594 895; x_wconf 87' lang='grc' dir='ltr'>τὰ</span> <span class='ocrx_word' id='word_1_41' title='bbox 621 841 795 910; x_wconf 77' lang='grc' dir='ltr'>χείλη</span> <span class='ocrx_word' id='word_1_42' title='bbox 827 862 967 911; x_wconf 82' lang='grc' dir='ltr'>μου</span> <span class='ocrx_word' id='word_1_43' title='bbox 1008 854 1090 905; x_wconf 84' lang='grc' dir='ltr'>οὺ</span> <span class='ocrx_word' id='word_1_44' title='bbox 1131 853 1216 921; x_wconf 76' lang='grc' dir='ltr'>μὴ</span> <span class='ocrx_word' id='word_1_45' title='bbox 1253 855 1531 906; x_wconf 79' lang='grc' dir='ltr'><em>κωλύσω·</em></span> <span class='ocrx_word' id='word_1_46' title='bbox 1574 855 1766 920; x_wconf 83' lang='grc' dir='ltr'>Κύριε,</span> 
     </span>
    </p>
   </div>
   <div class='ocr_carea' id='block_1_10' title="bbox 195 932 1770 1010">
    <p class='ocr_par' dir='ltr' id='par_1_10' title="bbox 195 932 1770 1010">
     <span class='ocr_line' id='line_1_10' title="bbox 195 932 1770 1010; baseline 0.002 -17"><span class='ocrx_word' id='word_1_47' title='bbox 195 945 262 995; x_wconf 81' lang='grc' dir='ltr'>σὺ</span> <span class='ocrx_word' id='word_1_48' title='bbox 292 940 486 1007; x_wconf 69' lang='grc' dir='ltr'>ἔγνως.</span> <span class='ocrx_word' id='word_1_49' title='bbox 520 932 635 1002; x_wconf 70' lang='grc' dir='ltr'><strong>Τὴν·</strong></span> <span class='ocrx_word' id='word_1_50' title='bbox 674 932 1110 1007; x_wconf 76' lang='grc' dir='ltr'>δικαιοσύνην</span> <span class='ocrx_word' id='word_1_51' title='bbox 1140 960 1257 1010; x_wconf 83' lang='grc' dir='ltr'><strong>μου</strong></span> <span class='ocrx_word' id='word_1_52' title='bbox 1302 944 1409 995; x_wconf 82' lang='grc' dir='ltr'>οὐκ</span> <span class='ocrx_word' id='word_1_53' title='bbox 1443 943 1675 1009; x_wconf 69' lang='grc' dir='ltr'>ἔκρυψα</span> <span class='ocrx_word' id='word_1_54' title='bbox 1701 944 1770 995; x_wconf 80' lang='grc' dir='ltr'><strong>ἐν</strong></span> 
     </span>
    </p>
   </div>
   <div class='ocr_carea' id='block_1_11' title="bbox 205 1024 1768 1099">
    <p class='ocr_par' dir='ltr' id='par_1_11' title="bbox 205 1024 1768 1099">
     <span class='ocr_line' id='line_1_11' title="bbox 205 1024 1768 1099; baseline 0.001 -16"><span class='ocrx_word' id='word_1_55' title='bbox 205 1030 274 1098; x_wconf 76' lang='grc' dir='ltr'>τῇ</span> <span class='ocrx_word' id='word_1_56' title='bbox 304 1028 488 1097; x_wconf 77' lang='grc' dir='ltr'>καρδίᾳ</span> <span class='ocrx_word' id='word_1_57' title='bbox 512 1044 625 1094; x_wconf 81' lang='grc' dir='ltr'><strong>μου</strong></span> <span class='ocrx_word' id='word_1_58' title='bbox 644 1044 657 1057; x_wconf 84' lang='grc'><em>’</em></span> <span class='ocrx_word' id='word_1_59' title='bbox 704 1024 830 1093; x_wconf 79' lang='grc' dir='ltr'><strong>τὴν</strong></span> <span class='ocrx_word' id='word_1_60' title='bbox 863 1028 1181 1096; x_wconf 76' lang='grc' dir='ltr'><strong>ἀλήθειάν</strong></span> <span class='ocrx_word' id='word_1_61' title='bbox 1202 1049 1316 1084; x_wconf 92' lang='grc' dir='ltr'><strong>σου</strong></span> <span class='ocrx_word' id='word_1_62' title='bbox 1358 1032 1452 1084; x_wconf 80' lang='grc' dir='ltr'>καὶ</span> <span class='ocrx_word' id='word_1_63' title='bbox 1488 1032 1553 1084; x_wconf 82' lang='grc' dir='ltr'>τὸ</span> <span class='ocrx_word' id='word_1_64' title='bbox 1581 1034 1768 1099; x_wconf 81' lang='grc' dir='ltr'>σωτή-</span> 
     </span>
    </p>
   </div>
   <div class='ocr_carea' id='block_1_12' title="bbox 199 1115 1767 1191">
    <p class='ocr_par' dir='ltr' id='par_1_12' title="bbox 199 1115 1767 1191">
     <span class='ocr_line' id='line_1_12' title="bbox 199 1115 1767 1191; baseline 0.001 -19"><span class='ocrx_word' id='word_1_65' title='bbox 199 1122 331 1186; x_wconf 70' lang='grc' dir='ltr'>ριόν</span> <span class='ocrx_word' id='word_1_66' title='bbox 355 1136 454 1172; x_wconf 88' lang='grc' dir='ltr'><strong>σου</strong></span> <span class='ocrx_word' id='word_1_67' title='bbox 476 1115 629 1171; x_wconf 77' lang='grc' dir='ltr'>εἶπα.</span> <span class='ocrx_word' id='word_1_68' title='bbox 647 1116 945 1189; x_wconf 71' lang='grc' dir='ltr'>Ἀλήθειαν</span> <span class='ocrx_word' id='word_1_69' title='bbox 974 1120 1037 1173; x_wconf 78' lang='grc' dir='ltr'><strong>δὲ</strong></span> <span class='ocrx_word' id='word_1_70' title='bbox 1082 1122 1181 1191; x_wconf 81' lang='grc' dir='ltr'>τὴν</span> <span class='ocrx_word' id='word_1_71' title='bbox 1213 1122 1767 1191; x_wconf 85' lang='grc' dir='ltr'>ἀντιδιαστελλομένην</span> 
     </span>
    </p>
   </div>
   <div class='ocr_carea' id='block_1_13' title="bbox 202 1209 1769 1282">
    <p class='ocr_par' dir='ltr' id='par_1_13' title="bbox 202 1209 1769 1282">
     <span class='ocr_line' id='line_1_13' title="bbox 202 1209 1769 1282; baseline -0.001 -18"><span class='ocrx_word' id='word_1_72' title='bbox 202 1215 262 1281; x_wconf 80' lang='grc' dir='ltr'>τῇ</span> <span class='ocrx_word' id='word_1_73' title='bbox 299 1213 432 1281; x_wconf 70' lang='grc' dir='ltr'>σκιᾷ.</span> <span class='ocrx_word' id='word_1_74' title='bbox 455 1211 687 1281; x_wconf 75' lang='grc' dir='ltr'>Νοήσεις</span> <span class='ocrx_word' id='word_1_75' title='bbox 713 1209 773 1262; x_wconf 79' lang='grc' dir='ltr'>δὲ</span> <span class='ocrx_word' id='word_1_76' title='bbox 796 1209 896 1263; x_wconf 67' lang='grc' dir='ltr'><strong>καὶ</strong></span> <span class='ocrx_word' id='word_1_77' title='bbox 920 1210 1102 1272; x_wconf 71' lang='grc' dir='ltr'>οὕτως</span> <span class='ocrx_word' id='word_1_78' title='bbox 1121 1228 1134 1241; x_wconf 76' lang='grc' dir='ltr'><strong>ο</strong></span> <span class='ocrx_word' id='word_1_79' title='bbox 1175 1211 1259 1273; x_wconf 83' lang='grc' dir='ltr'>Ὠς</span> <span class='ocrx_word' id='word_1_80' title='bbox 1280 1213 1307 1263; x_wconf 99' lang='lat'><strong>6</strong></span> <span class='ocrx_word' id='word_1_81' title='bbox 1334 1213 1593 1282; x_wconf 84' lang='grc' dir='ltr'>μακάριος</span> <span class='ocrx_word' id='word_1_82' title='bbox 1613 1212 1769 1264; x_wconf 80' lang='grc' dir='ltr'><strong>Δαυῖδ</strong></span> 
     </span>
    </p>
   </div>
   <div class='ocr_carea' id='block_1_14' title="bbox 203 1298 1767 1372">
    <p class='ocr_par' dir='ltr' id='par_1_14' title="bbox 203 1298 1767 1372">
     <span class='ocr_line' id='line_1_14' title="bbox 203 1298 1767 1372; baseline 0.001 -21"><span class='ocrx_word' id='word_1_83' title='bbox 203 1301 522 1371; x_wconf 75' lang='grc' dir='ltr'>ὑπισχνεῖται</span> <span class='ocrx_word' id='word_1_84' title='bbox 548 1300 605 1352; x_wconf 82' lang='grc' dir='ltr'><strong>ὲν</strong></span> <span class='ocrx_word' id='word_1_85' title='bbox 650 1298 960 1371; x_wconf 72' lang='grc' dir='ltr'>Ἐκκλησία</span> <span class='ocrx_word' id='word_1_86' title='bbox 987 1301 1198 1372; x_wconf 78' lang='grc' dir='ltr'><strong>μεγάλῃ</strong></span> <span class='ocrx_word' id='word_1_87' title='bbox 1222 1303 1286 1370; x_wconf 80' lang='grc' dir='ltr'>τῇ</span> <span class='ocrx_word' id='word_1_88' title='bbox 1314 1300 1451 1353; x_wconf 77' lang='grc' dir='ltr'>κατὰ</span> <span class='ocrx_word' id='word_1_89' title='bbox 1478 1302 1654 1352; x_wconf 73' lang='grc' dir='ltr'>πᾶσαν</span> <span class='ocrx_word' id='word_1_90' title='bbox 1672 1300 1767 1370; x_wconf 81' lang='grc' dir='ltr'><strong>τὴν</strong></span> 
     </span>
    </p>
   </div>
   <div class='ocr_carea' id='block_1_15' title="bbox 202 1389 1766 1461">
    <p class='ocr_par' dir='ltr' id='par_1_15' title="bbox 202 1389 1766 1461">
     <span class='ocr_line' id='line_1_15' title="bbox 202 1389 1766 1461; baseline 0 -20"><span class='ocrx_word' id='word_1_91' title='bbox 202 1392 508 1460; x_wconf 73' lang='grc' dir='ltr'><strong>οἰκουμένην</strong></span> <span class='ocrx_word' id='word_1_92' title='bbox 537 1390 645 1442; x_wconf 77' lang='grc' dir='ltr'>ὑπὸ</span> <span class='ocrx_word' id='word_1_93' title='bbox 666 1391 768 1460; x_wconf 75' lang='grc' dir='ltr'>τῆς</span> <span class='ocrx_word' id='word_1_94' title='bbox 795 1389 950 1451; x_wconf 86' lang='grc' dir='ltr'>θείας</span> <span class='ocrx_word' id='word_1_95' title='bbox 978 1390 1198 1460; x_wconf 82' lang='grc' dir='ltr'>χάριτος</span> <span class='ocrx_word' id='word_1_96' title='bbox 1231 1390 1539 1461; x_wconf 79' lang='grc' dir='ltr'>συλλεγείση</span> <span class='ocrx_word' id='word_1_97' title='bbox 1558 1391 1655 1459; x_wconf 79' lang='grc' dir='ltr'><strong>τὴν</strong></span> <span class='ocrx_word' id='word_1_98' title='bbox 1676 1390 1766 1441; x_wconf 85' lang='grc' dir='ltr'><strong>τοῦ</strong></span> 
     </span>
    </p>
   </div>
   <div class='ocr_carea' id='block_1_16' title="bbox 200 1478 1767 1551">
    <p class='ocr_par' dir='ltr' id='par_1_16' title="bbox 200 1478 1767 1551">
     <span class='ocr_line' id='line_1_16' title="bbox 200 1478 1767 1551; baseline 0 -20"><span class='ocrx_word' id='word_1_99' title='bbox 200 1480 321 1532; x_wconf 82' lang='grc' dir='ltr'>Θεοῦ</span> <span class='ocrx_word' id='word_1_100' title='bbox 350 1480 703 1551; x_wconf 72' lang='grc' dir='ltr'>δικαιοσύνην</span> <span class='ocrx_word' id='word_1_101' title='bbox 731 1483 1049 1551; x_wconf 81' lang='grc' dir='ltr'>κηρύττειν,</span> <span class='ocrx_word' id='word_1_102' title='bbox 1075 1480 1166 1532; x_wconf 75' lang='grc' dir='ltr'><strong>καὶ</strong></span> <span class='ocrx_word' id='word_1_103' title='bbox 1194 1478 1287 1549; x_wconf 78' lang='grc' dir='ltr'><strong>τὴν</strong></span> <span class='ocrx_word' id='word_1_104' title='bbox 1316 1480 1412 1549; x_wconf 82' lang='grc' dir='ltr'>τῆς</span> <span class='ocrx_word' id='word_1_105' title='bbox 1442 1481 1767 1550; x_wconf 79' lang='grc' dir='ltr'><strong>προφητείας</strong></span> 
     </span>
    </p>
   </div>
   <div class='ocr_carea' id='block_1_17' title="bbox 198 1570 1767 1642">
    <p class='ocr_par' dir='ltr' id='par_1_17' title="bbox 198 1570 1767 1642">
     <span class='ocr_line' id='line_1_17' title="bbox 198 1570 1767 1642; baseline -0.001 -19"><span class='ocrx_word' id='word_1_106' title='bbox 198 1571 461 1640; x_wconf 77' lang='grc' dir='ltr'>ἀλήθειαν,</span> <span class='ocrx_word' id='word_1_107' title='bbox 491 1572 591 1624; x_wconf 68' lang='grc' dir='ltr'><strong>καὶ</strong></span> <span class='ocrx_word' id='word_1_108' title='bbox 612 1572 716 1642; x_wconf 76' lang='grc' dir='ltr'><strong>τὴν</strong></span> <span class='ocrx_word' id='word_1_109' title='bbox 736 1571 1065 1638; x_wconf 81' lang='grc' dir='ltr'>ἁξιάγαστον</span> <span class='ocrx_word' id='word_1_110' title='bbox 1099 1570 1384 1639; x_wconf 80' lang='grc' dir='ltr'><strong>σωτηρίαν,</strong></span> <span class='ocrx_word' id='word_1_111' title='bbox 1409 1572 1498 1621; x_wconf 75' lang='grc' dir='ltr'><strong>καὶ</strong></span> <span class='ocrx_word' id='word_1_112' title='bbox 1522 1570 1610 1622; x_wconf 82' lang='grc' dir='ltr'>τὸν</span> <span class='ocrx_word' id='word_1_113' title='bbox 1632 1571 1767 1639; x_wconf 83' lang='grc' dir='ltr'>ἀμέ-</span> 
     </span>
    </p>
   </div>
   <div class='ocr_carea' id='block_1_18' title="bbox 194 1658 1769 1731">
    <p class='ocr_par' dir='ltr' id='par_1_18' title="bbox 194 1658 1769 1731">
     <span class='ocr_line' id='line_1_18' title="bbox 194 1658 1769 1731; baseline 0 -20"><span class='ocrx_word' id='word_1_114' title='bbox 194 1676 375 1731; x_wconf 83' lang='grc' dir='ltr'>τρητον</span> <span class='ocrx_word' id='word_1_115' title='bbox 410 1660 566 1713; x_wconf 78' lang='grc' dir='ltr'>ἔλεον</span> <span class='ocrx_word' id='word_1_116' title='bbox 616 1662 713 1712; x_wconf 74' lang='grc' dir='ltr'><strong>καὶ</strong></span> <span class='ocrx_word' id='word_1_117' title='bbox 760 1659 941 1712; x_wconf 74' lang='grc' dir='ltr'>αὐτῶν</span> <span class='ocrx_word' id='word_1_118' title='bbox 983 1660 1039 1711; x_wconf 82' lang='grc' dir='ltr'>δὲ</span> <span class='ocrx_word' id='word_1_119' title='bbox 1072 1658 1190 1726; x_wconf 48' lang='grc' dir='ltr'>,τῶν</span> <span class='ocrx_word' id='word_1_120' title='bbox 1235 1658 1435 1711; x_wconf 78' lang='grc' dir='ltr'>πιστῶν</span> <span class='ocrx_word' id='word_1_121' title='bbox 1466 1659 1493 1709; x_wconf 86' lang='grc' dir='ltr'>ὁ</span> <span class='ocrx_word' id='word_1_122' title='bbox 1521 1659 1769 1727; x_wconf 73' lang='grc' dir='ltr'>σύλλογος</span> 
     </span>
    </p>
   </div>
   <div class='ocr_carea' id='block_1_19' title="bbox 194 1748 1766 1820">
    <p class='ocr_par' dir='ltr' id='par_1_19' title="bbox 194 1748 1766 1820">
     <span class='ocr_line' id='line_1_19' title="bbox 194 1748 1766 1820; baseline 0 -20"><span class='ocrx_word' id='word_1_123' title='bbox 194 1750 327 1803; x_wconf 67' lang='grc' dir='ltr'>εῖτ-»οι</span> <span class='ocrx_word' id='word_1_124' title='bbox 372 1751 440 1803; x_wconf 83' lang='grc' dir='ltr'>ἂν</span> <span class='ocrx_word' id='word_1_125' title='bbox 489 1749 671 1802; x_wconf 89' lang='grc' dir='ltr'>ταῦτα</span> <span class='ocrx_word' id='word_1_126' title='bbox 722 1748 1147 1818; x_wconf 80' lang='grc' dir='ltr'>ὑπισχνούμενος</span> <span class='ocrx_word' id='word_1_127' title='bbox 1171 1750 1270 1819; x_wconf 80' lang='grc' dir='ltr'><strong>τὴν</strong></span> <span class='ocrx_word' id='word_1_128' title='bbox 1303 1750 1437 1819; x_wconf 81' lang='grc' dir='ltr'>ὑπὲρ</span> <span class='ocrx_word' id='word_1_129' title='bbox 1462 1750 1559 1817; x_wconf 79' lang='grc' dir='ltr'><strong>τῆς</strong></span> <span class='ocrx_word' id='word_1_130' title='bbox 1593 1766 1766 1820; x_wconf 91' lang='grc' dir='ltr'>σωτη-</span> 
     </span>
    </p>
   </div>
   <div class='ocr_carea' id='block_1_20' title="bbox 1869 584 2922 655">
    <p class='ocr_par' dir='ltr' id='par_1_20' title="bbox 1869 584 2922 655">
     <span class='ocr_line' id='line_1_20' title="bbox 1869 584 2922 655; baseline -0.001 -16"><span class='ocrx_word' id='word_1_131' title='bbox 1869 601 2128 655; x_wconf 89' lang='lat' dir='ltr'><strong>corporeo</strong></span> <span class='ocrx_word' id='word_1_132' title='bbox 2155 600 2304 640; x_wconf 88' lang='lat' dir='ltr'><strong>more</strong></span> <span class='ocrx_word' id='word_1_133' title='bbox 2333 584 2531 640; x_wconf 67' lang='lat' dir='ltr'><strong>Iudicis</strong></span> <span class='ocrx_word' id='word_1_134' title='bbox 2566 585 2758 638; x_wconf 87' lang='lat' dir='ltr'><strong>tradita</strong></span> <span class='ocrx_word' id='word_1_135' title='bbox 2799 595 2922 641; x_wconf 87' lang='lat' dir='ltr'><strong>sunt</strong></span> 
     </span>
    </p>
   </div>
   <div class='ocr_carea' id='block_1_21' title="bbox 1939 759 3395 829">
    <p class='ocr_par' dir='ltr' id='par_1_21' title="bbox 1939 759 3395 829">
     <span class='ocr_line' id='line_1_21' title="bbox 1939 759 3395 829; baseline 0.002 -16"><span class='ocrx_word' id='word_1_136' title='bbox 1939 759 2101 814; x_wconf 73' lang='lat' dir='ltr'><strong>Vens.</strong></span> <span class='ocrx_word' id='word_1_137' title='bbox 2157 760 2335 815; x_wconf 68' lang='lat'><strong>10-16.</strong></span> <span class='ocrx_word' id='word_1_138' title='bbox 2395 761 2707 814; x_wconf 77' lang='lat' dir='ltr'><strong>Annuntiavi</strong></span> <span class='ocrx_word' id='word_1_139' title='bbox 2753 762 3015 829; x_wconf 72' lang='lat' dir='ltr'><strong>justitiam</strong></span> <span class='ocrx_word' id='word_1_140' title='bbox 3078 764 3131 815; x_wconf 88' lang='lat' dir='ltr'><strong>in</strong></span> <span class='ocrx_word' id='word_1_141' title='bbox 3180 763 3395 816; x_wconf 77' lang='lat' dir='ltr'><strong>ecclesia</strong></span> 
     </span>
    </p>
   </div>
   <div class='ocr_carea' id='block_1_22' title="bbox 1867 850 3396 919">
    <p class='ocr_par' dir='ltr' id='par_1_22' title="bbox 1867 850 3396 919">
     <span class='ocr_line' id='line_1_22' title="bbox 1867 850 3396 919; baseline 0.005 -18"><span class='ocrx_word' id='word_1_142' title='bbox 1867 866 2073 919; x_wconf 86' lang='lat' dir='ltr'><strong>magna,</strong></span> <span class='ocrx_word' id='word_1_143' title='bbox 2130 866 2241 903; x_wconf 86' lang='lat' dir='ltr'><strong>ecce</strong></span> <span class='ocrx_word' id='word_1_144' title='bbox 2274 850 2413 902; x_wconf 84' lang='lat' dir='ltr'><strong>labia</strong></span> <span class='ocrx_word' id='word_1_145' title='bbox 2457 868 2569 903; x_wconf 86' lang='lat' dir='ltr'><strong>mea</strong></span> <span class='ocrx_word' id='word_1_146' title='bbox 2606 868 2704 905; x_wconf 86' lang='lat' dir='ltr'><strong>non</strong></span> <span class='ocrx_word' id='word_1_147' title='bbox 2760 850 3031 919; x_wconf 74' lang='lat' dir='ltr'><strong>prohibebo</strong></span> <span class='ocrx_word' id='word_1_148' title='bbox 3088 866 3106 901; x_wconf 77' lang='lat'><strong>.&#39;</strong></span> <span class='ocrx_word' id='word_1_149' title='bbox 3167 852 3396 919; x_wconf 78' lang='lat' dir='ltr'><strong>Domine,</strong></span> 
     </span>
    </p>
   </div>
   <div class='ocr_carea' id='block_1_23' title="bbox 1870 940 3401 997">
    <p class='ocr_par' dir='ltr' id='par_1_23' title="bbox 1870 940 3401 997">
     <span class='ocr_line' id='line_1_23' title="bbox 1870 940 3401 997; baseline 0.003 -4"><span class='ocrx_word' id='word_1_150' title='bbox 1870 952 1923 994; x_wconf 87' lang='lat' dir='ltr'><strong>tu</strong></span> <span class='ocrx_word' id='word_1_151' title='bbox 1975 943 2136 994; x_wconf 89' lang='lat' dir='ltr'><strong>scisti.</strong></span> <span class='ocrx_word' id='word_1_152' title='bbox 2167 940 2440 993; x_wconf 83' lang='lat' dir='ltr'><strong>Justitiam</strong></span> <span class='ocrx_word' id='word_1_153' title='bbox 2482 958 2644 995; x_wconf 85' lang='lat' dir='ltr'><strong>meam</strong></span> <span class='ocrx_word' id='word_1_154' title='bbox 2700 959 2799 994; x_wconf 87' lang='lat' dir='ltr'><strong>non</strong></span> <span class='ocrx_word' id='word_1_155' title='bbox 2848 941 3090 995; x_wconf 82' lang='lat' dir='ltr'><strong>abscondi</strong></span> <span class='ocrx_word' id='word_1_156' title='bbox 3141 944 3195 994; x_wconf 86' lang='lat' dir='ltr'><strong>in</strong></span> <span class='ocrx_word' id='word_1_157' title='bbox 3250 945 3401 997; x_wconf 86' lang='lat' dir='ltr'><strong>corde</strong></span> 
     </span>
    </p>
   </div>
   <div class='ocr_carea' id='block_1_24' title="bbox 1868 1032 3401 1088">
    <p class='ocr_par' dir='ltr' id='par_1_24' title="bbox 1868 1032 3401 1088">
     <span class='ocr_line' id='line_1_24' title="bbox 1868 1032 3401 1088; baseline 0.003 -5"><span class='ocrx_word' id='word_1_158' title='bbox 1868 1048 1977 1084; x_wconf 89' lang='lat' dir='ltr'><strong>meo</strong></span> <span class='ocrx_word' id='word_1_159' title='bbox 2013 1049 2031 1083; x_wconf 88' lang='lat'><em>:</em></span> <span class='ocrx_word' id='word_1_160' title='bbox 2061 1033 2323 1084; x_wconf 77' lang='lat' dir='ltr'><strong>veritatem</strong></span> <span class='ocrx_word' id='word_1_161' title='bbox 2373 1039 2515 1082; x_wconf 89' lang='lat' dir='ltr'><strong>tuam</strong></span> <span class='ocrx_word' id='word_1_162' title='bbox 2557 1041 2603 1083; x_wconf 85' lang='lat' dir='ltr'><strong>et</strong></span> <span class='ocrx_word' id='word_1_163' title='bbox 2651 1032 2879 1084; x_wconf 82' lang='lat' dir='ltr'><strong>salutare</strong></span> <span class='ocrx_word' id='word_1_164' title='bbox 2938 1042 3078 1084; x_wconf 89' lang='lat' dir='ltr'><strong>tuum</strong></span> <span class='ocrx_word' id='word_1_165' title='bbox 3114 1032 3244 1085; x_wconf 73' lang='lat' dir='ltr'><strong>dixi.</strong></span> <span class='ocrx_word' id='word_1_166' title='bbox 3297 1033 3401 1088; x_wconf 77' lang='lat' dir='ltr'><strong>Ve-</strong></span> 
     </span>
    </p>
   </div>
   <div class='ocr_carea' id='block_1_25' title="bbox 1866 1119 3400 1188">
    <p class='ocr_par' dir='ltr' id='par_1_25' title="bbox 1866 1119 3400 1188">
     <span class='ocr_line' id='line_1_25' title="bbox 1866 1119 3400 1188; baseline 0.003 -18"><span class='ocrx_word' id='word_1_167' title='bbox 1866 1120 2076 1172; x_wconf 86' lang='lat' dir='ltr'><strong>ritatem</strong></span> <span class='ocrx_word' id='word_1_168' title='bbox 2127 1119 2329 1171; x_wconf 75' lang='lat' dir='ltr'><strong>Scilicet</strong></span> <span class='ocrx_word' id='word_1_169' title='bbox 2383 1119 2584 1172; x_wconf 62' lang='lat' dir='ltr'><strong>umbrat</strong></span> <span class='ocrx_word' id='word_1_170' title='bbox 2629 1120 2943 1188; x_wconf 89' lang='lat' dir='ltr'><strong>oppositam.</strong></span> <span class='ocrx_word' id='word_1_171' title='bbox 2976 1120 3087 1174; x_wconf 87' lang='lat' dir='ltr'><strong>Hoc</strong></span> <span class='ocrx_word' id='word_1_172' title='bbox 3129 1122 3253 1174; x_wconf 88' lang='lat' dir='ltr'><strong>item</strong></span> <span class='ocrx_word' id='word_1_173' title='bbox 3285 1138 3400 1175; x_wconf 86' lang='lat' dir='ltr'><strong>mo-</strong></span> 
     </span>
    </p>
   </div>
   <div class='ocr_carea' id='block_1_26' title="bbox 1866 1209 3397 1279">
    <p class='ocr_par' dir='ltr' id='par_1_26' title="bbox 1866 1209 3397 1279">
     <span class='ocr_line' id='line_1_26' title="bbox 1866 1209 3397 1279; baseline 0.004 -18"><span class='ocrx_word' id='word_1_174' title='bbox 1866 1210 1934 1261; x_wconf 91' lang='lat' dir='ltr'><strong>do</strong></span> <span class='ocrx_word' id='word_1_175' title='bbox 1991 1209 2275 1277; x_wconf 75' lang='lat' dir='ltr'><strong>intelligas,</strong></span> <span class='ocrx_word' id='word_1_176' title='bbox 2330 1217 2385 1261; x_wconf 90' lang='lat' dir='ltr'><strong>ut</strong></span> <span class='ocrx_word' id='word_1_177' title='bbox 2452 1209 2639 1264; x_wconf 89' lang='lat' dir='ltr'><strong>beatus</strong></span> <span class='ocrx_word' id='word_1_178' title='bbox 2688 1209 2851 1263; x_wconf 93' lang='lat' dir='ltr'><strong>David</strong></span> <span class='ocrx_word' id='word_1_179' title='bbox 2905 1212 3181 1279; x_wconf 92' lang='lat' dir='ltr'><strong>pollicetur</strong></span> <span class='ocrx_word' id='word_1_180' title='bbox 3236 1229 3293 1267; x_wconf 88' lang='lat' dir='ltr'><strong>se</strong></span> <span class='ocrx_word' id='word_1_181' title='bbox 3344 1215 3397 1266; x_wconf 92' lang='lat' dir='ltr'><strong>in</strong></span> 
     </span>
    </p>
   </div>
   <div class='ocr_carea' id='block_1_27' title="bbox 1864 1297 3397 1372">
    <p class='ocr_par' dir='ltr' id='par_1_27' title="bbox 1864 1297 3397 1372">
     <span class='ocr_line' id='line_1_27' title="bbox 1864 1297 3397 1372; baseline 0.003 -22"><span class='ocrx_word' id='word_1_182' title='bbox 1864 1297 2103 1351; x_wconf 86' lang='lat' dir='ltr'><strong>Ecclesia</strong></span> <span class='ocrx_word' id='word_1_183' title='bbox 2134 1314 2344 1367; x_wconf 84' lang='lat' dir='ltr'><strong>magna,</strong></span> <span class='ocrx_word' id='word_1_184' title='bbox 2376 1315 2469 1367; x_wconf 86' lang='lat' dir='ltr'><strong>per</strong></span> <span class='ocrx_word' id='word_1_185' title='bbox 2494 1307 2659 1352; x_wconf 89' lang='lat' dir='ltr'><strong>totum</strong></span> <span class='ocrx_word' id='word_1_186' title='bbox 2715 1302 2895 1354; x_wconf 89' lang='lat' dir='ltr'><strong>orbem</strong></span> <span class='ocrx_word' id='word_1_187' title='bbox 2937 1317 2965 1353; x_wconf 86' lang='lat' dir='ltr'><strong>a</strong></span> <span class='ocrx_word' id='word_1_188' title='bbox 3003 1304 3179 1356; x_wconf 77' lang='lat' dir='ltr'><strong>divina</strong></span> <span class='ocrx_word' id='word_1_189' title='bbox 3228 1305 3397 1372; x_wconf 81' lang='lat' dir='ltr'><strong>gratia</strong></span> 
     </span>
    </p>
   </div>
   <div class='ocr_carea' id='block_1_28' title="bbox 1866 1387 3400 1460">
    <p class='ocr_par' dir='ltr' id='par_1_28' title="bbox 1866 1387 3400 1460">
     <span class='ocr_line' id='line_1_28' title="bbox 1866 1387 3400 1460; baseline 0.005 -20"><span class='ocrx_word' id='word_1_190' title='bbox 1866 1398 2187 1457; x_wconf 84' lang='lat' dir='ltr'><strong>congregata</strong></span> <span class='ocrx_word' id='word_1_191' title='bbox 2226 1428 2239 1446; x_wconf 87' lang='lat'><strong>,</strong></span> <span class='ocrx_word' id='word_1_192' title='bbox 2302 1387 2393 1441; x_wconf 88' lang='lat' dir='ltr'><strong>Dei</strong></span> <span class='ocrx_word' id='word_1_193' title='bbox 2436 1390 2696 1456; x_wconf 89' lang='lat' dir='ltr'><strong>justitiam</strong></span> <span class='ocrx_word' id='word_1_194' title='bbox 2750 1400 2801 1443; x_wconf 92' lang='lat' dir='ltr'><strong>et</strong></span> <span class='ocrx_word' id='word_1_195' title='bbox 2858 1392 3146 1460; x_wconf 79' lang='lat' dir='ltr'><strong>prophetia:</strong></span> <span class='ocrx_word' id='word_1_196' title='bbox 3202 1396 3400 1447; x_wconf 88' lang='lat' dir='ltr'><strong>verita-</strong></span> 
     </span>
    </p>
   </div>
   <div class='ocr_carea' id='block_1_29' title="bbox 1868 1478 3399 1547">
    <p class='ocr_par' dir='ltr' id='par_1_29' title="bbox 1868 1478 3399 1547">
     <span class='ocr_line' id='line_1_29' title="bbox 1868 1478 3399 1547; baseline 0.006 -18"><span class='ocrx_word' id='word_1_197' title='bbox 1868 1485 1971 1531; x_wconf 89' lang='lat' dir='ltr'><strong>tem</strong></span> <span class='ocrx_word' id='word_1_198' title='bbox 2005 1478 2434 1547; x_wconf 70' lang='lat' dir='ltr'><strong>prtedicaturum,</strong></span> <span class='ocrx_word' id='word_1_199' title='bbox 2469 1494 2567 1532; x_wconf 93' lang='lat' dir='ltr'><strong>nec</strong></span> <span class='ocrx_word' id='word_1_200' title='bbox 2617 1494 2722 1533; x_wconf 89' lang='lat' dir='ltr'><strong>non</strong></span> <span class='ocrx_word' id='word_1_201' title='bbox 2765 1482 2988 1535; x_wconf 77' lang='lat' dir='ltr'><strong>salutem</strong></span> <span class='ocrx_word' id='word_1_202' title='bbox 3047 1483 3399 1538; x_wconf 77' lang='lat' dir='ltr'><strong>admiratione</strong></span> 
     </span>
    </p>
   </div>
   <div class='ocr_carea' id='block_1_30' title="bbox 1867 1568 3396 1637">
    <p class='ocr_par' dir='ltr' id='par_1_30' title="bbox 1867 1568 3396 1637">
     <span class='ocr_line' id='line_1_30' title="bbox 1867 1568 3396 1637; baseline 0.004 -16"><span class='ocrx_word' id='word_1_203' title='bbox 1867 1568 2081 1637; x_wconf 76' lang='lat' dir='ltr'><strong>dignam</strong></span> <span class='ocrx_word' id='word_1_204' title='bbox 2120 1578 2172 1621; x_wconf 91' lang='lat' dir='ltr'><strong>et</strong></span> <span class='ocrx_word' id='word_1_205' title='bbox 2205 1568 2516 1623; x_wconf 81' lang='lat' dir='ltr'><strong>immensam</strong></span> <span class='ocrx_word' id='word_1_206' title='bbox 2549 1569 2967 1623; x_wconf 88' lang='lat' dir='ltr'><strong>misericordiam</strong></span> <span class='ocrx_word' id='word_1_207' title='bbox 2997 1588 3011 1636; x_wconf 92' lang='lat'><strong>;</strong></span> <span class='ocrx_word' id='word_1_208' title='bbox 3057 1572 3303 1627; x_wconf 80' lang='lat' dir='ltr'><strong>similiter</strong></span> <span class='ocrx_word' id='word_1_209' title='bbox 3334 1573 3396 1627; x_wconf 84' lang='lat' dir='ltr'><strong>ii-</strong></span> 
     </span>
    </p>
   </div>
   <div class='ocr_carea' id='block_1_31' title="bbox 1867 1656 3403 1729">
    <p class='ocr_par' dir='ltr' id='par_1_31' title="bbox 1867 1656 3403 1729">
     <span class='ocr_line' id='line_1_31' title="bbox 1867 1656 3403 1729; baseline 0.003 -19"><span class='ocrx_word' id='word_1_210' title='bbox 1867 1656 2063 1710; x_wconf 86' lang='lat' dir='ltr'><strong>delium</strong></span> <span class='ocrx_word' id='word_1_211' title='bbox 2099 1664 2291 1716; x_wconf 58' lang='lat' dir='ltr'><strong>castus,</strong></span> <span class='ocrx_word' id='word_1_212' title='bbox 2336 1673 2431 1709; x_wconf 86' lang='lat' dir='ltr'><strong>ceu</strong></span> <span class='ocrx_word' id='word_1_213' title='bbox 2464 1657 2528 1709; x_wconf 87' lang='lat' dir='ltr'><strong>ad</strong></span> <span class='ocrx_word' id='word_1_214' title='bbox 2564 1657 2753 1709; x_wconf 65' lang='lat' dir='ltr'><strong>oblatae</strong></span> <span class='ocrx_word' id='word_1_215' title='bbox 2782 1657 2972 1711; x_wconf 89' lang='lat' dir='ltr'><strong>salutis</strong></span> <span class='ocrx_word' id='word_1_216' title='bbox 3011 1664 3403 1729; x_wconf 84' lang='lat' dir='ltr'><strong>compensatio-</strong></span> 
     </span>
    </p>
   </div>
   <div class='ocr_carea' id='block_1_32' title="bbox 1870 1744 3400 1816">
    <p class='ocr_par' dir='ltr' id='par_1_32' title="bbox 1870 1744 3400 1816">
     <span class='ocr_line' id='line_1_32' title="bbox 1870 1744 3400 1816; baseline 0.003 -19"><span class='ocrx_word' id='word_1_217' title='bbox 1870 1761 1991 1797; x_wconf 80' lang='lat' dir='ltr'><strong>nem</strong></span> <span class='ocrx_word' id='word_1_218' title='bbox 2030 1746 2296 1813; x_wconf 84' lang='lat' dir='ltr'><strong>pollicitus</strong></span> <span class='ocrx_word' id='word_1_219' title='bbox 2318 1744 2534 1804; x_wconf 79' lang='lat' dir='ltr'><strong>dixerit,</strong></span> <span class='ocrx_word' id='word_1_220' title='bbox 2578 1761 2636 1799; x_wconf 91' lang='lat' dir='ltr'><strong>se</strong></span> <span class='ocrx_word' id='word_1_221' title='bbox 2666 1746 2900 1799; x_wconf 84' lang='lat' dir='ltr'><strong>vicissim</strong></span> <span class='ocrx_word' id='word_1_222' title='bbox 2935 1747 2984 1800; x_wconf 87' lang='lat' dir='ltr'><strong>id</strong></span> <span class='ocrx_word' id='word_1_223' title='bbox 3017 1752 3400 1816; x_wconf 64' lang='lat' dir='ltr'><strong>praistiturum,</strong></span> 
     </span>
    </p>
   </div>
   <div class='ocr_carea' id='block_1_33' title="bbox 193 1836 1772 1910">
    <p class='ocr_par' dir='ltr' id='par_1_33' title="bbox 193 1838 1768 1910">
     <span class='ocr_line' id='line_1_33' title="bbox 193 1838 1768 1910; baseline 0 -19"><span class='ocrx_word' id='word_1_224' title='bbox 193 1841 305 1910; x_wconf 81' lang='grc' dir='ltr'>ρίας</span> <span class='ocrx_word' id='word_1_225' title='bbox 326 1840 616 1910; x_wconf 79' lang='grc' dir='ltr'><strong>ἀντίδοσιν¹</strong></span> <span class='ocrx_word' id='word_1_226' title='bbox 640 1839 857 1901; x_wconf 81' lang='grc' dir='ltr'>δώσειν,</span> <span class='ocrx_word' id='word_1_227' title='bbox 888 1839 963 1909; x_wconf 81' lang='grc' dir='ltr'><strong>τῷ</strong></span> <span class='ocrx_word' id='word_1_228' title='bbox 991 1839 1296 1908; x_wconf 81' lang='grc' dir='ltr'>συντρέχειν</span> <span class='ocrx_word' id='word_1_229' title='bbox 1328 1841 1404 1900; x_wconf 86' lang='grc' dir='ltr'><strong>είς</strong></span> <span class='ocrx_word' id='word_1_230' title='bbox 1452 1838 1768 1908; x_wconf 84' lang='grc' dir='ltr'>Ἐκκλησίαν</span> 
     </span>
    </p>
   </div>
   <div class='ocr_carea' id='block_1_34' title="bbox 1879 1836 3403 1910">
    <p class='ocr_par' dir='ltr' id='par_1_34' title="bbox 1879 1837 3403 1909">
     <span class='ocr_line' id='line_1_34' title="bbox 1879 1837 3403 1909; baseline 0.003 -20"><span class='ocrx_word' id='word_1_231' title='bbox 1879 1844 1927 1889; x_wconf 88' lang='lat' dir='ltr'><strong>ut</strong></span> <span class='ocrx_word' id='word_1_232' title='bbox 1957 1837 2241 1889; x_wconf 88' lang='lat' dir='ltr'><strong>conveniat</strong></span> <span class='ocrx_word' id='word_1_233' title='bbox 2271 1837 2323 1889; x_wconf 91' lang='lat' dir='ltr'><strong>in</strong></span> <span class='ocrx_word' id='word_1_234' title='bbox 2352 1837 2655 1898; x_wconf 81' lang='lat' dir='ltr'><strong>ecclesiam,</strong></span> <span class='ocrx_word' id='word_1_235' title='bbox 2685 1837 2824 1890; x_wconf 84' lang='lat' dir='ltr'><strong>labia</strong></span> <span class='ocrx_word' id='word_1_236' title='bbox 2851 1839 3056 1906; x_wconf 85' lang='lat' dir='ltr'><strong>aperiat</strong></span> <span class='ocrx_word' id='word_1_237' title='bbox 3084 1840 3148 1893; x_wconf 91' lang='lat' dir='ltr'><strong>ad</strong></span> <span class='ocrx_word' id='word_1_238' title='bbox 3177 1840 3403 1909; x_wconf 84' lang='lat' dir='ltr'><strong>hymnos</strong></span> 
     </span>
    </p>
   </div>
   <div class='ocr_carea' id='block_1_35' title="bbox 186 1928 1770 2001">
    <p class='ocr_par' dir='ltr' id='par_1_35' title="bbox 186 1928 1770 2001">
     <span class='ocr_line' id='line_1_35' title="bbox 186 1928 1770 2001; baseline -0.003 -18"><span class='ocrx_word' id='word_1_239' title='bbox 186 1932 274 1983; x_wconf 68' lang='grc' dir='ltr'><strong>καὶ</strong></span> <span class='ocrx_word' id='word_1_240' title='bbox 315 1932 385 1983; x_wconf 82' lang='grc' dir='ltr'>τὰ</span> <span class='ocrx_word' id='word_1_241' title='bbox 433 1932 597 2001; x_wconf 76' lang='grc' dir='ltr'>χείλη</span> <span class='ocrx_word' id='word_1_242' title='bbox 634 1933 807 1982; x_wconf 81' lang='grc' dir='ltr'>κινεῖν</span> <span class='ocrx_word' id='word_1_243' title='bbox 841 1931 920 1992; x_wconf 84' lang='grc' dir='ltr'>εἰς</span> <span class='ocrx_word' id='word_1_244' title='bbox 948 1929 1241 1998; x_wconf 74' lang='grc' dir='ltr'><strong>ὑμνῳδίαν,</strong></span> <span class='ocrx_word' id='word_1_245' title='bbox 1275 1928 1366 1980; x_wconf 73' lang='grc' dir='ltr'><strong>καὶ</strong></span> <span class='ocrx_word' id='word_1_246' title='bbox 1399 1928 1488 1979; x_wconf 84' lang='grc' dir='ltr'><strong>τοῦ</strong></span> <span class='ocrx_word' id='word_1_247' title='bbox 1518 1928 1649 1980; x_wconf 93' lang='grc' dir='ltr'>Θεοῦ</span> <span class='ocrx_word' id='word_1_248' title='bbox 1675 1928 1770 1998; x_wconf 78' lang='grc' dir='ltr'>τὴν</span> 
     </span>
    </p>
   </div>
   <div class='ocr_carea' id='block_1_36' title="bbox 182 2018 1773 2092">
    <p class='ocr_par' dir='ltr' id='par_1_36' title="bbox 182 2018 1773 2092">
     <span class='ocr_line' id='line_1_36' title="bbox 182 2018 1773 2092; baseline -0.003 -19"><span class='ocrx_word' id='word_1_249' title='bbox 182 2022 398 2077; x_wconf 74' lang='grc' dir='ltr'>δικαίαν</span> <span class='ocrx_word' id='word_1_250' title='bbox 432 2022 625 2092; x_wconf 80' lang='grc' dir='ltr'>κρίσιν</span> <span class='ocrx_word' id='word_1_251' title='bbox 654 2021 1071 2089; x_wconf 75' lang='grc' dir='ltr'>ἀνακηρύττειν,</span> <span class='ocrx_word' id='word_1_252' title='bbox 1093 2021 1187 2073; x_wconf 67' lang='grc' dir='ltr'>καὶ</span> <span class='ocrx_word' id='word_1_253' title='bbox 1215 2019 1311 2087; x_wconf 67' lang='grc' dir='ltr'><strong>τὴν</strong></span> <span class='ocrx_word' id='word_1_254' title='bbox 1336 2020 1567 2089; x_wconf 71' lang='grc' dir='ltr'>ἄρρητον</span> <span class='ocrx_word' id='word_1_255' title='bbox 1590 2018 1773 2083; x_wconf 83' lang='grc' dir='ltr'>διεξιέ-</span> 
     </span>
    </p>
   </div>
   <div class='ocr_carea' id='block_1_37' title="bbox 184 2107 1772 2184">
    <p class='ocr_par' dir='ltr' id='par_1_37' title="bbox 184 2107 1772 2184">
     <span class='ocr_line' id='line_1_37' title="bbox 184 2107 1772 2184; baseline -0.005 -19"><span class='ocrx_word' id='word_1_256' title='bbox 184 2130 270 2165; x_wconf 87' lang='grc' dir='ltr'><strong>ναι</strong></span> <span class='ocrx_word' id='word_1_257' title='bbox 314 2113 683 2184; x_wconf 72' lang='grc' dir='ltr'><strong>κηδεμονίαν,</strong></span> <span class='ocrx_word' id='word_1_258' title='bbox 737 2112 832 2163; x_wconf 75' lang='grc' dir='ltr'><strong>καὶ</strong></span> <span class='ocrx_word' id='word_1_259' title='bbox 879 2110 985 2162; x_wconf 85' lang='grc' dir='ltr'><strong>τῶν</strong></span> <span class='ocrx_word' id='word_1_260' title='bbox 1035 2107 1384 2179; x_wconf 82' lang='grc' dir='ltr'>προφητικῶν</span> <span class='ocrx_word' id='word_1_261' title='bbox 1435 2107 1772 2176; x_wconf 79' lang='grc' dir='ltr'>ὑποσχέσεων</span> 
     </span>
    </p>
   </div>
   <div class='ocr_carea' id='block_1_38' title="bbox 188 2197 1775 2271">
    <p class='ocr_par' dir='ltr' id='par_1_38' title="bbox 188 2197 1775 2271">
     <span class='ocr_line' id='line_1_38' title="bbox 188 2197 1775 2271; baseline -0.004 -16"><span class='ocrx_word' id='word_1_262' title='bbox 188 2202 578 2256; x_wconf 76' lang='grc' dir='ltr'>ὑποδεικνύναι</span> <span class='ocrx_word' id='word_1_263' title='bbox 622 2203 686 2254; x_wconf 77' lang='grc' dir='ltr'>τὸ</span> <span class='ocrx_word' id='word_1_264' title='bbox 732 2200 945 2271; x_wconf 80' lang='grc' dir='ltr'>ἀληθές,</span> <span class='ocrx_word' id='word_1_265' title='bbox 981 2199 1063 2252; x_wconf 85' lang='grc' dir='ltr'><strong>Σὺ</strong></span> <span class='ocrx_word' id='word_1_266' title='bbox 1090 2199 1176 2260; x_wconf 88' lang='grc' dir='ltr'>δὲ,</span> <span class='ocrx_word' id='word_1_267' title='bbox 1204 2199 1397 2263; x_wconf 79' lang='grc' dir='ltr'>Κύριε,</span> <span class='ocrx_word' id='word_1_268' title='bbox 1426 2197 1508 2265; x_wconf 77' lang='grc' dir='ltr'>μὴ</span> <span class='ocrx_word' id='word_1_269' title='bbox 1553 2199 1775 2265; x_wconf 69' lang='grc' dir='ltr'>μακρύα</span> 
     </span>
    </p>
   </div>
   <div class='ocr_carea' id='block_1_39' title="bbox 188 2288 1772 2360">
    <p class='ocr_par' dir='ltr' id='par_1_39' title="bbox 188 2288 1772 2360">
     <span class='ocr_line' id='line_1_39' title="bbox 188 2288 1772 2360; baseline -0.003 -15"><span class='ocrx_word' id='word_1_270' title='bbox 188 2312 305 2360; x_wconf 77' lang='grc' dir='ltr'><strong>νῃς</strong></span> <span class='ocrx_word' id='word_1_271' title='bbox 334 2294 476 2360; x_wconf 85' lang='grc' dir='ltr'>τσὺς</span> <span class='ocrx_word' id='word_1_272' title='bbox 495 2292 853 2360; x_wconf 81' lang='grc' dir='ltr'>οίκτιρμούς</span> <span class='ocrx_word' id='word_1_273' title='bbox 885 2306 998 2343; x_wconf 90' lang='grc' dir='ltr'>σου</span> <span class='ocrx_word' id='word_1_274' title='bbox 1029 2291 1127 2342; x_wconf 82' lang='grc' dir='ltr'><strong>ἀπ’</strong></span> <span class='ocrx_word' id='word_1_275' title='bbox 1153 2288 1296 2357; x_wconf 85' lang='grc' dir='ltr'><strong>ἐμοῦ</strong></span> <span class='ocrx_word' id='word_1_276' title='bbox 1322 2305 1335 2318; x_wconf 89' lang='grc'><strong>·</strong></span> <span class='ocrx_word' id='word_1_277' title='bbox 1372 2288 1436 2340; x_wconf 82' lang='grc' dir='ltr'>τὸ</span> <span class='ocrx_word' id='word_1_278' title='bbox 1465 2288 1631 2352; x_wconf 72' lang='grc' dir='ltr'>ἔλεός</span> <span class='ocrx_word' id='word_1_279' title='bbox 1661 2303 1772 2340; x_wconf 89' lang='grc' dir='ltr'><strong>σου</strong></span> 
     </span>
    </p>
   </div>
   <div class='ocr_carea' id='block_1_40' title="bbox 193 2377 1770 2451">
    <p class='ocr_par' dir='ltr' id='par_1_40' title="bbox 193 2377 1770 2451">
     <span class='ocr_line' id='line_1_40' title="bbox 193 2377 1770 2451; baseline -0.003 -15"><span class='ocrx_word' id='word_1_280' title='bbox 193 2386 286 2436; x_wconf 79' lang='grc' dir='ltr'><strong>καί</strong></span> <span class='ocrx_word' id='word_1_281' title='bbox 316 2387 355 2451; x_wconf 84' lang='grc' dir='ltr'><em>ἠ</em></span> <span class='ocrx_word' id='word_1_282' title='bbox 382 2382 652 2449; x_wconf 81' lang='grc' dir='ltr'>ἀλήθειά</span> <span class='ocrx_word' id='word_1_283' title='bbox 681 2398 801 2434; x_wconf 90' lang='grc' dir='ltr'><strong>σου</strong></span> <span class='ocrx_word' id='word_1_284' title='bbox 840 2379 935 2432; x_wconf 88' lang='grc' dir='ltr'>διὰ</span> <span class='ocrx_word' id='word_1_285' title='bbox 967 2378 1190 2443; x_wconf 76' lang='grc' dir='ltr'>παντὸς</span> <span class='ocrx_word' id='word_1_286' title='bbox 1221 2377 1613 2436; x_wconf 75' lang='grc' dir='ltr'><strong>ἀντελὰϐοντό</strong></span> <span class='ocrx_word' id='word_1_287' title='bbox 1640 2396 1770 2436; x_wconf 79' lang='grc' dir='ltr'>μου.</span> 
     </span>
    </p>
   </div>
   <div class='ocr_carea' id='block_1_41' title="bbox 194 2461 1770 2540">
    <p class='ocr_par' dir='ltr' id='par_1_41' title="bbox 194 2461 1770 2540">
     <span class='ocr_line' id='line_1_41' title="bbox 194 2461 1770 2540; baseline -0.006 -17"><span class='ocrx_word' id='word_1_288' title='bbox 194 2473 296 2524; x_wconf 70' lang='grc' dir='ltr'><strong>Καὶ</strong></span> <span class='ocrx_word' id='word_1_289' title='bbox 337 2470 590 2540; x_wconf 75' lang='grc' dir='ltr'>τυχοῦσα</span> <span class='ocrx_word' id='word_1_290' title='bbox 643 2470 745 2537; x_wconf 85' lang='grc' dir='ltr'>τῆς</span> <span class='ocrx_word' id='word_1_291' title='bbox 793 2466 1065 2535; x_wconf 78' lang='grc' dir='ltr'><strong>σωτηρίας</strong></span> <span class='ocrx_word' id='word_1_292' title='bbox 1092 2466 1124 2533; x_wconf 81' lang='grc' dir='ltr'>ὴ</span> <span class='ocrx_word' id='word_1_293' title='bbox 1152 2462 1243 2515; x_wconf 88' lang='grc' dir='ltr'><strong>τοῦ</strong></span> <span class='ocrx_word' id='word_1_294' title='bbox 1274 2463 1409 2514; x_wconf 82' lang='grc' dir='ltr'>Θεοῦ</span> <span class='ocrx_word' id='word_1_295' title='bbox 1460 2461 1770 2531; x_wconf 85' lang='grc' dir='ltr'>Ἐκκλησία,</span> 
     </span>
    </p>
   </div>
   <div class='ocr_carea' id='block_1_42' title="bbox 195 2552 1776 2628">
    <p class='ocr_par' dir='ltr' id='par_1_42' title="bbox 195 2552 1776 2628">
     <span class='ocr_line' id='line_1_42' title="bbox 195 2552 1776 2628; baseline -0.006 -16"><span class='ocrx_word' id='word_1_296' title='bbox 195 2560 359 2615; x_wconf 76' lang='grc' dir='ltr'>δεῖται</span> <span class='ocrx_word' id='word_1_297' title='bbox 391 2562 562 2615; x_wconf 76' lang='grc' dir='ltr'>πάλιν</span> <span class='ocrx_word' id='word_1_298' title='bbox 591 2560 695 2628; x_wconf 84' lang='grc' dir='ltr'>τῆς</span> <span class='ocrx_word' id='word_1_299' title='bbox 723 2557 896 2625; x_wconf 79' lang='grc' dir='ltr'>αὐτῆς</span> <span class='ocrx_word' id='word_1_300' title='bbox 928 2553 1264 2624; x_wconf 83' lang='grc' dir='ltr'>προμηθείας</span> <span class='ocrx_word' id='word_1_301' title='bbox 1284 2553 1369 2605; x_wconf 79' lang='grc' dir='ltr'>διὰ</span> <span class='ocrx_word' id='word_1_302' title='bbox 1398 2552 1495 2615; x_wconf 81' lang='grc' dir='ltr'>τὰς</span> <span class='ocrx_word' id='word_1_303' title='bbox 1517 2556 1776 2604; x_wconf 86' lang='grc' dir='ltr'>παντοδα-</span> 
     </span>
    </p>
   </div>
   <div class='ocr_carea' id='block_1_43' title="bbox 195 2635 1775 2719">
    <p class='ocr_par' dir='ltr' id='par_1_43' title="bbox 195 2635 1775 2719">
     <span class='ocr_line' id='line_1_43' title="bbox 195 2635 1775 2719; baseline -0.008 -14"><span class='ocrx_word' id='word_1_304' title='bbox 195 2653 298 2715; x_wconf 75' lang='grc' dir='ltr'>πὰς</span> <span class='ocrx_word' id='word_1_305' title='bbox 326 2651 437 2703; x_wconf 83' lang='grc' dir='ltr'>τῶν</span> <span class='ocrx_word' id='word_1_306' title='bbox 465 2646 788 2719; x_wconf 80' lang='grc' dir='ltr'>ἀνθρώπων</span> <span class='ocrx_word' id='word_1_307' title='bbox 824 2645 919 2697; x_wconf 72' lang='grc' dir='ltr'>καὶ</span> <span class='ocrx_word' id='word_1_308' title='bbox 966 2642 1232 2712; x_wconf 80' lang='grc' dir='ltr'><strong>δαιμόνων</strong></span> <span class='ocrx_word' id='word_1_309' title='bbox 1265 2642 1669 2704; x_wconf 77' lang='grc' dir='ltr'>ἐπαναστάσεις,</span> <span class='ocrx_word' id='word_1_310' title='bbox 1700 2635 1775 2694; x_wconf 84' lang='grc' dir='ltr'><strong>ὧν</strong></span> 
     </span>
    </p>
   </div>
   <div class='ocr_carea' id='block_1_44' title="bbox 195 2731 1776 2808">
    <p class='ocr_par' dir='ltr' id='par_1_44' title="bbox 195 2731 1776 2808">
     <span class='ocr_line' id='line_1_44' title="bbox 195 2731 1776 2808; baseline -0.006 -14"><span class='ocrx_word' id='word_1_311' title='bbox 195 2742 252 2793; x_wconf 77' lang='grc' dir='ltr'><strong>ὲν</strong></span> <span class='ocrx_word' id='word_1_312' title='bbox 287 2744 399 2803; x_wconf 82' lang='grc' dir='ltr'>τοῖς</span> <span class='ocrx_word' id='word_1_313' title='bbox 448 2740 584 2808; x_wconf 78' lang='grc' dir='ltr'>ἑξῆς</span> <span class='ocrx_word' id='word_1_314' title='bbox 616 2737 719 2806; x_wconf 81' lang='grc' dir='ltr'><strong>τὴν</strong></span> <span class='ocrx_word' id='word_1_315' title='bbox 758 2736 978 2804; x_wconf 84' lang='grc' dir='ltr'>μνήμην</span> <span class='ocrx_word' id='word_1_316' title='bbox 1002 2733 1433 2802; x_wconf 85' lang='grc' dir='ltr'>πεποίηται.Ὅτι</span> <span class='ocrx_word' id='word_1_317' title='bbox 1461 2731 1776 2800; x_wconf 78' lang='grc' dir='ltr'>περιέσχον</span> 
     </span>
    </p>
   </div>
   <div class='ocr_carea' id='block_1_45' title="bbox 194 2822 1775 2898">
    <p class='ocr_par' dir='ltr' id='par_1_45' title="bbox 194 2822 1775 2898">
     <span class='ocr_line' id='line_1_45' title="bbox 194 2822 1775 2898; baseline -0.008 -12"><span class='ocrx_word' id='word_1_318' title='bbox 194 2849 264 2898; x_wconf 80' lang='grc' dir='ltr'><strong>με</strong></span> <span class='ocrx_word' id='word_1_319' title='bbox 294 2832 453 2885; x_wconf 82' lang='grc' dir='ltr'>κακὰ</span> <span class='ocrx_word' id='word_1_320' title='bbox 490 2824 583 2882; x_wconf 81' lang='grc' dir='ltr'><strong>ὧν</strong></span> <span class='ocrx_word' id='word_1_321' title='bbox 614 2830 729 2880; x_wconf 80' lang='grc' dir='ltr'>οὐκ</span> <span class='ocrx_word' id='word_1_322' title='bbox 756 2826 928 2879; x_wconf 79' lang='grc' dir='ltr'>ἐστιν</span> <span class='ocrx_word' id='word_1_323' title='bbox 954 2824 1194 2890; x_wconf 81' lang='grc' dir='ltr'>ἀριθμός</span> <span class='ocrx_word' id='word_1_324' title='bbox 1219 2840 1231 2852; x_wconf 90' lang='grc'><strong>·</strong></span> <span class='ocrx_word' id='word_1_325' title='bbox 1265 2822 1586 2875; x_wconf 81' lang='grc' dir='ltr'>κατέλαϐόν</span> <span class='ocrx_word' id='word_1_326' title='bbox 1614 2839 1690 2890; x_wconf 81' lang='grc' dir='ltr'><strong>με</strong></span> <span class='ocrx_word' id='word_1_327' title='bbox 1718 2825 1775 2875; x_wconf 88' lang='grc' dir='ltr'>αἱ</span> 
     </span>
    </p>
   </div>
   <div class='ocr_carea' id='block_1_46' title="bbox 199 2909 1773 2990">
    <p class='ocr_par' dir='ltr' id='par_1_46' title="bbox 199 2909 1773 2990">
     <span class='ocr_line' id='line_1_46' title="bbox 199 2909 1773 2990; baseline -0.006 -16"><span class='ocrx_word' id='word_1_328' title='bbox 199 2921 434 2990; x_wconf 81' lang='grc' dir='ltr'>ἀνομίαι</span> <span class='ocrx_word' id='word_1_329' title='bbox 480 2936 610 2987; x_wconf 83' lang='grc' dir='ltr'>μου</span> <span class='ocrx_word' id='word_1_330' title='bbox 635 2955 650 2978; x_wconf 94' lang='grc'><strong>,</strong></span> <span class='ocrx_word' id='word_1_331' title='bbox 705 2914 803 2967; x_wconf 75' lang='grc' dir='ltr'>καὶ</span> <span class='ocrx_word' id='word_1_332' title='bbox 845 2914 956 2966; x_wconf 84' lang='grc' dir='ltr'>οὐκ</span> <span class='ocrx_word' id='word_1_333' title='bbox 1003 2911 1306 2977; x_wconf 67' lang='grc' dir='ltr'><strong>ἠδυνήθην</strong></span> <span class='ocrx_word' id='word_1_334' title='bbox 1353 2909 1457 2963; x_wconf 88' lang='grc' dir='ltr'><strong>τοῦ</strong></span> <span class='ocrx_word' id='word_1_335' title='bbox 1504 2909 1773 2974; x_wconf 77' lang='grc' dir='ltr'><strong>βλέπειν.</strong></span> 
     </span>
    </p>
   </div>
   <div class='ocr_carea' id='block_1_47' title="bbox 213 2999 1776 3076">
    <p class='ocr_par' dir='ltr' id='par_1_47' title="bbox 213 2999 1776 3076">
     <span class='ocr_line' id='line_1_47' title="bbox 213 2999 1776 3076; baseline -0.006 -14"><span class='ocrx_word' id='word_1_336' title='bbox 213 3010 726 3076; x_wconf 72' lang='grc' dir='ltr'><strong>Ἐπληθύνθησαν</strong></span> <span class='ocrx_word' id='word_1_337' title='bbox 771 3003 925 3069; x_wconf 80' lang='grc' dir='ltr'>ὑπὲρ</span> <span class='ocrx_word' id='word_1_338' title='bbox 971 3001 1077 3066; x_wconf 82' lang='grc' dir='ltr'>τὰς</span> <span class='ocrx_word' id='word_1_339' title='bbox 1126 3001 1328 3069; x_wconf 81' lang='grc' dir='ltr'>τρίχας</span> <span class='ocrx_word' id='word_1_340' title='bbox 1368 2999 1473 3067; x_wconf 83' lang='grc' dir='ltr'>τῆς</span> <span class='ocrx_word' id='word_1_341' title='bbox 1514 2999 1776 3067; x_wconf 69' lang='grc' dir='ltr'>κεφαλῆς</span> 
     </span>
    </p>
   </div>
   <div class='ocr_carea' id='block_1_48' title="bbox 204 3089 1774 3167">
    <p class='ocr_par' dir='ltr' id='par_1_48' title="bbox 204 3089 1774 3167">
     <span class='ocr_line' id='line_1_48' title="bbox 204 3089 1774 3167; baseline -0.007 -15"><span class='ocrx_word' id='word_1_342' title='bbox 204 3118 328 3167; x_wconf 72' lang='grc' dir='ltr'>μου,</span> <span class='ocrx_word' id='word_1_343' title='bbox 359 3099 467 3152; x_wconf 77' lang='grc' dir='ltr'>καὶ</span> <span class='ocrx_word' id='word_1_344' title='bbox 520 3098 564 3163; x_wconf 79' lang='grc' dir='ltr'><em>ἠ</em></span> <span class='ocrx_word' id='word_1_345' title='bbox 620 3093 837 3160; x_wconf 81' lang='grc' dir='ltr'>καρδία</span> <span class='ocrx_word' id='word_1_346' title='bbox 859 3109 973 3160; x_wconf 84' lang='grc' dir='ltr'><strong>μου</strong></span> <span class='ocrx_word' id='word_1_347' title='bbox 1003 3089 1346 3159; x_wconf 76' lang='grc' dir='ltr'>ἐγκατέλιπέ</span> <span class='ocrx_word' id='word_1_348' title='bbox 1365 3107 1459 3157; x_wconf 82' lang='grc' dir='ltr'><strong>με.</strong></span> <span class='ocrx_word' id='word_1_349' title='bbox 1493 3091 1693 3160; x_wconf 75' lang='grc' dir='ltr'>Μηδεὶς</span> <span class='ocrx_word' id='word_1_350' title='bbox 1720 3090 1774 3141; x_wconf 78' lang='grc' dir='ltr'><strong>δὲ</strong></span> 
     </span>
    </p>
   </div>
   <div class='ocr_carea' id='block_1_49' title="bbox 1870 1924 3401 1997">
    <p class='ocr_par' dir='ltr' id='par_1_49' title="bbox 1870 1924 3401 1997">
     <span class='ocr_line' id='line_1_49' title="bbox 1870 1924 3401 1997; baseline 0.005 -22"><span class='ocrx_word' id='word_1_351' title='bbox 1870 1924 2140 1976; x_wconf 79' lang='lat' dir='ltr'><strong>canendos</strong></span> <span class='ocrx_word' id='word_1_352' title='bbox 2169 1933 2221 1976; x_wconf 90' lang='lat' dir='ltr'><strong>et</strong></span> <span class='ocrx_word' id='word_1_353' title='bbox 2251 1924 2316 1977; x_wconf 91' lang='lat' dir='ltr'><strong>ad</strong></span> <span class='ocrx_word' id='word_1_354' title='bbox 2342 1926 2545 1992; x_wconf 88' lang='lat' dir='ltr'><strong>justum</strong></span> <span class='ocrx_word' id='word_1_355' title='bbox 2578 1925 2667 1979; x_wconf 91' lang='lat' dir='ltr'><strong>Dei</strong></span> <span class='ocrx_word' id='word_1_356' title='bbox 2692 1926 2954 1994; x_wconf 88' lang='lat' dir='ltr'><strong>judicium</strong></span> <span class='ocrx_word' id='word_1_357' title='bbox 2986 1929 3401 1997; x_wconf 65' lang='lat' dir='ltr'><strong>praedicandum,</strong></span> 
     </span>
    </p>
   </div>
   <div class='ocr_carea' id='block_1_50' title="bbox 1870 2014 3401 2086">
    <p class='ocr_par' dir='ltr' id='par_1_50' title="bbox 1870 2014 3401 2086">
     <span class='ocr_line' id='line_1_50' title="bbox 1870 2014 3401 2086; baseline 0.005 -20"><span class='ocrx_word' id='word_1_358' title='bbox 1870 2015 1933 2067; x_wconf 88' lang='lat' dir='ltr'><strong>ad</strong></span> <span class='ocrx_word' id='word_1_359' title='bbox 1971 2014 2290 2068; x_wconf 77' lang='lat' dir='ltr'><strong>ineﬂ‘abilem</strong></span> <span class='ocrx_word' id='word_1_360' title='bbox 2332 2016 2687 2069; x_wconf 85' lang='lat' dir='ltr'><strong>enarrandam</strong></span> <span class='ocrx_word' id='word_1_361' title='bbox 2739 2018 2856 2086; x_wconf 88' lang='lat' dir='ltr'><strong>ejus</strong></span> <span class='ocrx_word' id='word_1_362' title='bbox 2897 2020 3305 2086; x_wconf 85' lang='lat' dir='ltr'><strong>providentiam,</strong></span> <span class='ocrx_word' id='word_1_363' title='bbox 3338 2022 3401 2075; x_wconf 79' lang='lat' dir='ltr'><strong>ad</strong></span> 
     </span>
    </p>
   </div>
   <div class='ocr_carea' id='block_1_51' title="bbox 1871 2103 3404 2171">
    <p class='ocr_par' dir='ltr' id='par_1_51' title="bbox 1871 2103 3404 2171">
     <span class='ocr_line' id='line_1_51' title="bbox 1871 2103 3404 2171; baseline 0.006 -18"><span class='ocrx_word' id='word_1_364' title='bbox 1871 2103 2299 2171; x_wconf 67' lang='lat' dir='ltr'><strong>propheticarum</strong></span> <span class='ocrx_word' id='word_1_365' title='bbox 2346 2105 2759 2171; x_wconf 85' lang='lat' dir='ltr'><strong>promissionum</strong></span> <span class='ocrx_word' id='word_1_366' title='bbox 2809 2108 3081 2159; x_wconf 76' lang='lat' dir='ltr'><strong>veritatem</strong></span> <span class='ocrx_word' id='word_1_367' title='bbox 3125 2108 3404 2161; x_wconf 85' lang='lat' dir='ltr'><strong>declaran-</strong></span> 
     </span>
    </p>
   </div>
   <div class='ocr_carea' id='block_1_52' title="bbox 1870 2193 3404 2265">
    <p class='ocr_par' dir='ltr' id='par_1_52' title="bbox 1870 2193 3404 2265">
     <span class='ocr_line' id='line_1_52' title="bbox 1870 2193 3404 2265; baseline 0.004 -20"><span class='ocrx_word' id='word_1_368' title='bbox 1870 2193 2012 2245; x_wconf 87' lang='lat' dir='ltr'><strong>dam.</strong></span> <span class='ocrx_word' id='word_1_369' title='bbox 2045 2193 2120 2245; x_wconf 91' lang='lat' dir='ltr'><strong>Tu</strong></span> <span class='ocrx_word' id='word_1_370' title='bbox 2159 2204 2350 2255; x_wconf 87' lang='lat' dir='ltr'><strong>autem,</strong></span> <span class='ocrx_word' id='word_1_371' title='bbox 2385 2194 2622 2257; x_wconf 84' lang='lat' dir='ltr'><strong>Domine,</strong></span> <span class='ocrx_word' id='word_1_372' title='bbox 2648 2212 2707 2247; x_wconf 90' lang='lat' dir='ltr'><strong>ne</strong></span> <span class='ocrx_word' id='word_1_373' title='bbox 2738 2195 2884 2265; x_wconf 90' lang='lat' dir='ltr'><strong>longe</strong></span> <span class='ocrx_word' id='word_1_374' title='bbox 2919 2197 3084 2263; x_wconf 78' lang='lat' dir='ltr'><strong>facias</strong></span> <span class='ocrx_word' id='word_1_375' title='bbox 3118 2199 3404 2251; x_wconf 84' lang='lat' dir='ltr'><strong>miseratio-</strong></span> 
     </span>
    </p>
   </div>
   <div class='ocr_carea' id='block_1_53' title="bbox 1871 2285 3403 2341">
    <p class='ocr_par' dir='ltr' id='par_1_53' title="bbox 1871 2285 3403 2341">
     <span class='ocr_line' id='line_1_53' title="bbox 1871 2285 3403 2341; baseline 0.004 -6"><span class='ocrx_word' id='word_1_376' title='bbox 1871 2300 1956 2336; x_wconf 88' lang='lat' dir='ltr'><strong>nes</strong></span> <span class='ocrx_word' id='word_1_377' title='bbox 1988 2294 2103 2337; x_wconf 84' lang='lat' dir='ltr'><strong>tuas</strong></span> <span class='ocrx_word' id='word_1_378' title='bbox 2131 2302 2161 2337; x_wconf 88' lang='lat' dir='ltr'><strong>a</strong></span> <span class='ocrx_word' id='word_1_379' title='bbox 2200 2299 2318 2337; x_wconf 89' lang='lat' dir='ltr'><strong>me:</strong></span> <span class='ocrx_word' id='word_1_380' title='bbox 2350 2285 2701 2338; x_wconf 79' lang='lat' dir='ltr'><strong>misericordia</strong></span> <span class='ocrx_word' id='word_1_381' title='bbox 2729 2296 2818 2338; x_wconf 87' lang='lat' dir='ltr'><strong>tua</strong></span> <span class='ocrx_word' id='word_1_382' title='bbox 2852 2296 2897 2339; x_wconf 88' lang='lat' dir='ltr'><strong>et</strong></span> <span class='ocrx_word' id='word_1_383' title='bbox 2928 2288 3114 2341; x_wconf 82' lang='lat' dir='ltr'><strong>veritas</strong></span> <span class='ocrx_word' id='word_1_384' title='bbox 3150 2297 3238 2340; x_wconf 89' lang='lat' dir='ltr'><strong>tua</strong></span> <span class='ocrx_word' id='word_1_385' title='bbox 3272 2305 3403 2341; x_wconf 83' lang='lat' dir='ltr'><strong>sem-</strong></span> 
     </span>
    </p>
   </div>
   <div class='ocr_carea' id='block_1_54' title="bbox 1871 2374 3404 2442">
    <p class='ocr_par' dir='ltr' id='par_1_54' title="bbox 1871 2374 3404 2442">
     <span class='ocr_line' id='line_1_54' title="bbox 1871 2374 3404 2442; baseline 0.005 -18"><span class='ocrx_word' id='word_1_386' title='bbox 1871 2388 1960 2439; x_wconf 89' lang='lat' dir='ltr'><strong>per</strong></span> <span class='ocrx_word' id='word_1_387' title='bbox 1987 2382 2316 2439; x_wconf 88' lang='lat' dir='ltr'><strong>susceperunt</strong></span> <span class='ocrx_word' id='word_1_388' title='bbox 2342 2390 2438 2427; x_wconf 90' lang='lat' dir='ltr'><strong>me.</strong></span> <span class='ocrx_word' id='word_1_389' title='bbox 2468 2374 2639 2442; x_wconf 83' lang='lat' dir='ltr'><strong>Atque</strong></span> <span class='ocrx_word' id='word_1_390' title='bbox 2665 2375 2889 2429; x_wconf 87' lang='lat' dir='ltr'><strong>salutem</strong></span> <span class='ocrx_word' id='word_1_391' title='bbox 2921 2385 3076 2429; x_wconf 87' lang='lat' dir='ltr'><strong>nacta</strong></span> <span class='ocrx_word' id='word_1_392' title='bbox 3108 2376 3196 2430; x_wconf 88' lang='lat' dir='ltr'><strong>Dei</strong></span> <span class='ocrx_word' id='word_1_393' title='bbox 3223 2376 3404 2432; x_wconf 84' lang='lat' dir='ltr'><strong>Eccle-</strong></span> 
     </span>
    </p>
   </div>
   <div class='ocr_carea' id='block_1_55' title="bbox 1872 2462 3405 2533">
    <p class='ocr_par' dir='ltr' id='par_1_55' title="bbox 1872 2462 3405 2533">
     <span class='ocr_line' id='line_1_55' title="bbox 1872 2462 3405 2533; baseline 0.003 -19"><span class='ocrx_word' id='word_1_394' title='bbox 1872 2462 1973 2522; x_wconf 89' lang='lat' dir='ltr'><strong>sia,</strong></span> <span class='ocrx_word' id='word_1_395' title='bbox 2010 2463 2201 2515; x_wconf 86' lang='lat' dir='ltr'><strong>iterum</strong></span> <span class='ocrx_word' id='word_1_396' title='bbox 2232 2465 2414 2517; x_wconf 87' lang='lat' dir='ltr'><strong>eadem</strong></span> <span class='ocrx_word' id='word_1_397' title='bbox 2444 2478 2543 2532; x_wconf 89' lang='lat' dir='ltr'><strong>ope</strong></span> <span class='ocrx_word' id='word_1_398' title='bbox 2572 2464 2791 2533; x_wconf 80' lang='lat' dir='ltr'><strong>indiget,</strong></span> <span class='ocrx_word' id='word_1_399' title='bbox 2821 2466 2983 2517; x_wconf 85' lang='lat' dir='ltr'><strong>variis</strong></span> <span class='ocrx_word' id='word_1_400' title='bbox 3012 2464 3405 2533; x_wconf 79' lang='lat' dir='ltr'><strong>frequentibus-</strong></span> 
     </span>
    </p>
   </div>
   <div class='ocr_carea' id='block_1_56' title="bbox 1872 2550 3400 2623">
    <p class='ocr_par' dir='ltr' id='par_1_56' title="bbox 1872 2550 3400 2623">
     <span class='ocr_line' id='line_1_56' title="bbox 1872 2550 3400 2623; baseline 0.004 -22"><span class='ocrx_word' id='word_1_401' title='bbox 1872 2564 1977 2617; x_wconf 87' lang='lat' dir='ltr'><strong>que</strong></span> <span class='ocrx_word' id='word_1_402' title='bbox 2023 2550 2297 2603; x_wconf 88' lang='lat' dir='ltr'><strong>hominum</strong></span> <span class='ocrx_word' id='word_1_403' title='bbox 2336 2552 2744 2621; x_wconf 67' lang='lat' dir='ltr'><strong>diemonumque</strong></span> <span class='ocrx_word' id='word_1_404' title='bbox 2790 2555 3076 2606; x_wconf 88' lang='lat' dir='ltr'><strong>insultibus</strong></span> <span class='ocrx_word' id='word_1_405' title='bbox 3128 2555 3400 2623; x_wconf 90' lang='lat' dir='ltr'><strong>impetita,</strong></span> 
     </span>
    </p>
   </div>
   <div class='ocr_carea' id='block_1_57' title="bbox 1872 2642 3402 2710">
    <p class='ocr_par' dir='ltr' id='par_1_57' title="bbox 1872 2642 3402 2710">
     <span class='ocr_line' id='line_1_57' title="bbox 1872 2642 3402 2710; baseline 0.003 -18"><span class='ocrx_word' id='word_1_406' title='bbox 1872 2654 2099 2710; x_wconf 89' lang='lat' dir='ltr'><strong>quorum</strong></span> <span class='ocrx_word' id='word_1_407' title='bbox 2128 2642 2181 2694; x_wconf 91' lang='lat' dir='ltr'><strong>in</strong></span> <span class='ocrx_word' id='word_1_408' title='bbox 2218 2642 2565 2709; x_wconf 82' lang='lat' dir='ltr'><strong>sequentibus</strong></span> <span class='ocrx_word' id='word_1_409' title='bbox 2599 2644 2920 2696; x_wconf 89' lang='lat' dir='ltr'><strong>mentionem</strong></span> <span class='ocrx_word' id='word_1_410' title='bbox 2956 2642 3102 2695; x_wconf 79' lang='lat' dir='ltr'><strong>facit.</strong></span> <span class='ocrx_word' id='word_1_411' title='bbox 3148 2644 3402 2708; x_wconf 82' lang='lat' dir='ltr'><strong>Quoniam</strong></span> 
     </span>
    </p>
   </div>
   <div class='ocr_carea' id='block_1_58' title="bbox 1873 2731 3401 2801">
    <p class='ocr_par' dir='ltr' id='par_1_58' title="bbox 1873 2731 3401 2801">
     <span class='ocr_line' id='line_1_58' title="bbox 1873 2731 3401 2801; baseline 0.002 -17"><span class='ocrx_word' id='word_1_412' title='bbox 1873 2731 2318 2785; x_wconf 85' lang='lat' dir='ltr'><strong>circumdederunt</strong></span> <span class='ocrx_word' id='word_1_413' title='bbox 2349 2749 2428 2785; x_wconf 91' lang='lat' dir='ltr'><strong>me</strong></span> <span class='ocrx_word' id='word_1_414' title='bbox 2464 2733 2603 2784; x_wconf 89' lang='lat' dir='ltr'><strong>mala</strong></span> <span class='ocrx_word' id='word_1_415' title='bbox 2633 2749 2849 2801; x_wconf 90' lang='lat' dir='ltr'><strong>quorum</strong></span> <span class='ocrx_word' id='word_1_416' title='bbox 2888 2751 2986 2787; x_wconf 88' lang='lat' dir='ltr'><strong>non</strong></span> <span class='ocrx_word' id='word_1_417' title='bbox 3016 2743 3093 2787; x_wconf 89' lang='lat' dir='ltr'><strong>est</strong></span> <span class='ocrx_word' id='word_1_418' title='bbox 3120 2751 3361 2787; x_wconf 86' lang='lat' dir='ltr'><strong>numerus</strong></span> <span class='ocrx_word' id='word_1_419' title='bbox 3388 2754 3401 2787; x_wconf 91' lang='lat'><strong>:</strong></span> 
     </span>
    </p>
   </div>
   <div class='ocr_carea' id='block_1_59' title="bbox 1873 2819 3407 2890">
    <p class='ocr_par' dir='ltr' id='par_1_59' title="bbox 1873 2819 3407 2890">
     <span class='ocr_line' id='line_1_59' title="bbox 1873 2819 3407 2890; baseline 0.003 -19"><span class='ocrx_word' id='word_1_420' title='bbox 1873 2819 2355 2887; x_wconf 80' lang='lat' dir='ltr'><strong>comprehenderunt</strong></span> <span class='ocrx_word' id='word_1_421' title='bbox 2391 2836 2467 2873; x_wconf 86' lang='lat' dir='ltr'><strong>me</strong></span> <span class='ocrx_word' id='word_1_422' title='bbox 2506 2821 2803 2889; x_wconf 80' lang='lat' dir='ltr'><strong>iniquitates</strong></span> <span class='ocrx_word' id='word_1_423' title='bbox 2847 2837 2991 2883; x_wconf 69' lang='lat' dir='ltr'><strong>metu,</strong></span> <span class='ocrx_word' id='word_1_424' title='bbox 3042 2832 3089 2875; x_wconf 89' lang='lat' dir='ltr'><strong>et</strong></span> <span class='ocrx_word' id='word_1_425' title='bbox 3132 2839 3233 2875; x_wconf 90' lang='lat' dir='ltr'><strong>non</strong></span> <span class='ocrx_word' id='word_1_426' title='bbox 3263 2824 3407 2890; x_wconf 80' lang='lat' dir='ltr'><strong>potui</strong></span> 
     </span>
    </p>
   </div>
   <div class='ocr_carea' id='block_1_60' title="bbox 1874 2910 3405 2983">
    <p class='ocr_par' dir='ltr' id='par_1_60' title="bbox 1874 2910 3405 2983">
     <span class='ocr_line' id='line_1_60' title="bbox 1874 2910 3405 2983; baseline 0.004 -23"><span class='ocrx_word' id='word_1_427' title='bbox 1874 2920 1930 2961; x_wconf 83' lang='lat' dir='ltr'><strong>ut</strong></span> <span class='ocrx_word' id='word_1_428' title='bbox 1960 2911 2197 2964; x_wconf 87' lang='lat' dir='ltr'><strong>viderem.</strong></span> <span class='ocrx_word' id='word_1_429' title='bbox 2243 2910 2603 2977; x_wconf 76' lang='lat' dir='ltr'><strong>Multiplicata:</strong></span> <span class='ocrx_word' id='word_1_430' title='bbox 2642 2922 2761 2965; x_wconf 89' lang='lat' dir='ltr'><strong>sunt</strong></span> <span class='ocrx_word' id='word_1_431' title='bbox 2794 2928 2942 2979; x_wconf 85' lang='lat' dir='ltr'><strong>super</strong></span> <span class='ocrx_word' id='word_1_432' title='bbox 2972 2914 3186 2981; x_wconf 83' lang='lat' dir='ltr'><strong>capillos</strong></span> <span class='ocrx_word' id='word_1_433' title='bbox 3222 2915 3405 2983; x_wconf 84' lang='lat' dir='ltr'><strong>capitis</strong></span> 
     </span>
    </p>
   </div>
   <div class='ocr_carea' id='block_1_61' title="bbox 1875 3000 3408 3071">
    <p class='ocr_par' dir='ltr' id='par_1_61' title="bbox 1875 3000 3408 3071">
     <span class='ocr_line' id='line_1_61' title="bbox 1875 3000 3408 3071; baseline 0.004 -21"><span class='ocrx_word' id='word_1_434' title='bbox 1875 3000 1991 3062; x_wconf 87' lang='lat' dir='ltr'><strong>mei,</strong></span> <span class='ocrx_word' id='word_1_435' title='bbox 2022 3009 2071 3052; x_wconf 88' lang='lat' dir='ltr'><strong>et</strong></span> <span class='ocrx_word' id='word_1_436' title='bbox 2114 3016 2201 3052; x_wconf 89' lang='lat' dir='ltr'><strong>cor</strong></span> <span class='ocrx_word' id='word_1_437' title='bbox 2248 3017 2413 3053; x_wconf 90' lang='lat' dir='ltr'><strong>meum</strong></span> <span class='ocrx_word' id='word_1_438' title='bbox 2464 3001 2735 3071; x_wconf 84' lang='lat' dir='ltr'><strong>dereliquit</strong></span> <span class='ocrx_word' id='word_1_439' title='bbox 2778 3019 2878 3055; x_wconf 89' lang='lat' dir='ltr'><strong>me.</strong></span> <span class='ocrx_word' id='word_1_440' title='bbox 2910 3001 3077 3057; x_wconf 86' lang='lat' dir='ltr'><strong>Nemo</strong></span> <span class='ocrx_word' id='word_1_441' title='bbox 3121 3004 3408 3057; x_wconf 83' lang='lat' dir='ltr'><strong>arbitretur</strong></span> 
     </span>
    </p>
   </div>
   <div class='ocr_carea' id='block_1_62' title="bbox 1876 3088 3406 3161">
    <p class='ocr_par' dir='ltr' id='par_1_62' title="bbox 1876 3088 3406 3161">
     <span class='ocr_line' id='line_1_62' title="bbox 1876 3088 3406 3161; baseline 0.003 -21"><span class='ocrx_word' id='word_1_442' title='bbox 1876 3088 2019 3141; x_wconf 76' lang='lat' dir='ltr'><strong>dicta</strong></span> <span class='ocrx_word' id='word_1_443' title='bbox 2056 3089 2363 3156; x_wconf 73' lang='lat' dir='ltr'><strong>huiusmodi</strong></span> <span class='ocrx_word' id='word_1_444' title='bbox 2409 3106 2513 3143; x_wconf 90' lang='lat' dir='ltr'><strong>non</strong></span> <span class='ocrx_word' id='word_1_445' title='bbox 2553 3092 2860 3145; x_wconf 85' lang='lat' dir='ltr'><strong>consentire</strong></span> <span class='ocrx_word' id='word_1_446' title='bbox 2893 3092 2959 3147; x_wconf 91' lang='lat' dir='ltr'><strong>iis</strong></span> <span class='ocrx_word' id='word_1_447' title='bbox 2986 3108 3104 3161; x_wconf 66' lang='lat' dir='ltr'><strong>qua:</strong></span> <span class='ocrx_word' id='word_1_448' title='bbox 3146 3095 3406 3161; x_wconf 77' lang='lat' dir='ltr'><strong>explicata</strong></span> 
     </span>
    </p>
   </div>
   <div class='ocr_carea' id='block_1_63' title="bbox 208 3169 1772 3254">
    <p class='ocr_par' dir='ltr' id='par_1_63' title="bbox 208 3177 1770 3254">
     <span class='ocr_line' id='line_1_63' title="bbox 208 3177 1770 3254; baseline -0.003 -19"><span class='ocrx_word' id='word_1_449' title='bbox 208 3185 519 3254; x_wconf 76' lang='grc' dir='ltr'>ἀνάρμοστα</span> <span class='ocrx_word' id='word_1_450' title='bbox 548 3179 798 3250; x_wconf 85' lang='grc' dir='ltr'>ἡγείσθω</span> <span class='ocrx_word' id='word_1_451' title='bbox 821 3178 890 3231; x_wconf 82' lang='grc' dir='ltr'><strong>τὰ</strong></span> <span class='ocrx_word' id='word_1_452' title='bbox 916 3179 1033 3247; x_wconf 88' lang='grc' dir='ltr'>είρη</span> <span class='ocrx_word' id='word_1_453' title='bbox 1043 3177 1178 3247; x_wconf 90' lang='grc' dir='ltr'>μένα</span> <span class='ocrx_word' id='word_1_454' title='bbox 1199 3179 1308 3238; x_wconf 88' lang='grc' dir='ltr'>τοῖς</span> <span class='ocrx_word' id='word_1_455' title='bbox 1328 3178 1770 3248; x_wconf 76' lang='grc' dir='ltr'>ἡρμηνευμένοις.</span> 
     </span>
    </p>
   </div>
   <div class='ocr_carea' id='block_1_64' title="bbox 1879 3169 3405 3254">
    <p class='ocr_par' dir='ltr' id='par_1_64' title="bbox 1879 3178 3405 3251">
     <span class='ocr_line' id='line_1_64' title="bbox 1879 3178 3405 3251; baseline 0.003 -21"><span class='ocrx_word' id='word_1_456' title='bbox 1879 3187 2023 3231; x_wconf 76' lang='lat' dir='ltr'><strong>sunt.</strong></span> <span class='ocrx_word' id='word_1_457' title='bbox 2062 3178 2269 3232; x_wconf 88' lang='lat' dir='ltr'><strong>Etenim</strong></span> <span class='ocrx_word' id='word_1_458' title='bbox 2314 3189 2437 3243; x_wconf 12' lang='lat' dir='ltr'><strong>tres,</strong></span> <span class='ocrx_word' id='word_1_459' title='bbox 2474 3181 2647 3248; x_wconf 89' lang='lat' dir='ltr'><strong>pueri,</strong></span> <span class='ocrx_word' id='word_1_460' title='bbox 2686 3196 2895 3235; x_wconf 89' lang='lat' dir='ltr'><strong>summa</strong></span> <span class='ocrx_word' id='word_1_461' title='bbox 2946 3184 3142 3236; x_wconf 87' lang='lat' dir='ltr'><strong>virtute</strong></span> <span class='ocrx_word' id='word_1_462' title='bbox 3175 3183 3405 3251; x_wconf 68' lang='lat' dir='ltr'><strong>praediti,</strong></span> 
     </span>
    </p>
   </div>
   <div class='ocr_carea' id='block_1_65' title="bbox 211 3266 1773 3345">
    <p class='ocr_par' dir='ltr' id='par_1_65' title="bbox 211 3266 1773 3345">
     <span class='ocr_line' id='line_1_65' title="bbox 211 3266 1773 3345; baseline -0.006 -19"><span class='ocrx_word' id='word_1_463' title='bbox 211 3275 306 3326; x_wconf 74' lang='grc' dir='ltr'><strong>Καὶ</strong></span> <span class='ocrx_word' id='word_1_464' title='bbox 332 3274 438 3345; x_wconf 77' lang='grc' dir='ltr'>γὰρ</span> <span class='ocrx_word' id='word_1_465' title='bbox 472 3274 528 3324; x_wconf 86' lang='grc' dir='ltr'><strong>οί</strong></span> <span class='ocrx_word' id='word_1_466' title='bbox 557 3272 715 3339; x_wconf 81' lang='grc' dir='ltr'>τρεῖς</span> <span class='ocrx_word' id='word_1_467' title='bbox 744 3269 949 3330; x_wconf 84' lang='grc' dir='ltr'>παῖδες,</span> <span class='ocrx_word' id='word_1_468' title='bbox 975 3269 1071 3337; x_wconf 82' lang='grc' dir='ltr'>τῆς</span> <span class='ocrx_word' id='word_1_469' title='bbox 1093 3268 1265 3337; x_wconf 83' lang='grc' dir='ltr'>ἄκρας</span> <span class='ocrx_word' id='word_1_470' title='bbox 1293 3266 1489 3336; x_wconf 81' lang='grc' dir='ltr'>ἀρετῆς</span> <span class='ocrx_word' id='word_1_471' title='bbox 1518 3267 1773 3335; x_wconf 76' lang='grc' dir='ltr'>ἐπειλημ-</span> 
     </span>
    </p>
   </div>
   <div class='ocr_carea' id='block_1_66' title="bbox 212 3352 1774 3426">
    <p class='ocr_par' dir='ltr' id='par_1_66' title="bbox 212 3352 1774 3426">
     <span class='ocr_line' id='line_1_66' title="bbox 212 3352 1774 3426; baseline -0.008 -11"><span class='ocrx_word' id='word_1_472' title='bbox 212 3362 359 3426; x_wconf 77' lang='grc' dir='ltr'>μένοι,</span> <span class='ocrx_word' id='word_1_473' title='bbox 399 3360 509 3413; x_wconf 75' lang='grc' dir='ltr'>καὶ</span> <span class='ocrx_word' id='word_1_474' title='bbox 542 3357 641 3409; x_wconf 84' lang='grc' dir='ltr'><strong>τὸν</strong></span> <span class='ocrx_word' id='word_1_475' title='bbox 673 3355 967 3425; x_wconf 80' lang='grc' dir='ltr'>νικηφόρον</span> <span class='ocrx_word' id='word_1_476' title='bbox 997 3354 1385 3424; x_wconf 77' lang='grc' dir='ltr'>ἀναδησάμενοι</span> <span class='ocrx_word' id='word_1_477' title='bbox 1412 3352 1684 3420; x_wconf 82' lang='grc' dir='ltr'>στέφανον,</span> <span class='ocrx_word' id='word_1_478' title='bbox 1718 3354 1774 3403; x_wconf 83' lang='grc' dir='ltr'><strong>ὲν</strong></span> 
     </span>
    </p>
   </div>
   <div class='ocr_carea' id='block_1_67' title="bbox 200 3442 1775 3523">
    <p class='ocr_par' dir='ltr' id='par_1_67' title="bbox 200 3442 1775 3523">
     <span class='ocr_line' id='line_1_67' title="bbox 200 3442 1775 3523; baseline -0.004 -23"><span class='ocrx_word' id='word_1_479' title='bbox 200 3453 257 3516; x_wconf 71' lang='grc' dir='ltr'>τῇ</span> <span class='ocrx_word' id='word_1_480' title='bbox 277 3452 504 3523; x_wconf 79' lang='grc' dir='ltr'>καμίνῳ</span> <span class='ocrx_word' id='word_1_481' title='bbox 531 3447 961 3517; x_wconf 77' lang='grc' dir='ltr'>προσευχόμενοι</span> <span class='ocrx_word' id='word_1_482' title='bbox 989 3443 1168 3511; x_wconf 82' lang='grc' dir='ltr'>ἔλεγον</span> <span class='ocrx_word' id='word_1_483' title='bbox 1187 3461 1200 3474; x_wconf 75' lang='grc' dir='ltr'><strong>ο</strong></span> <span class='ocrx_word' id='word_1_484' title='bbox 1239 3442 1604 3511; x_wconf 77' lang='grc' dir='ltr'>Ἠμὰρτομεν,</span> <span class='ocrx_word' id='word_1_485' title='bbox 1634 3442 1775 3507; x_wconf 75' lang='grc' dir='ltr'><strong>ἠνο-</strong></span> 
     </span>
    </p>
   </div>
   <div class='ocr_carea' id='block_1_68' title="bbox 179 3530 1778 3609">
    <p class='ocr_par' dir='ltr' id='par_1_68' title="bbox 179 3530 1778 3609">
     <span class='ocr_line' id='line_1_68' title="bbox 179 3530 1778 3609; baseline -0.009 -13"><span class='ocrx_word' id='word_1_486' title='bbox 179 3544 499 3609; x_wconf 67' lang='grc' dir='ltr'>μῆσαμεν,</span> <span class='ocrx_word' id='word_1_487' title='bbox 526 3535 931 3604; x_wconf 76' lang='grc' dir='ltr'>ἠδικήσαμεν,</span> <span class='ocrx_word' id='word_1_488' title='bbox 966 3534 1061 3587; x_wconf 76' lang='grc' dir='ltr'><strong>καί</strong></span> <span class='ocrx_word' id='word_1_489' title='bbox 1125 3532 1463 3599; x_wconf 78' lang='grc' dir='ltr'>ἀπέστημεν</span> <span class='ocrx_word' id='word_1_490' title='bbox 1517 3531 1633 3585; x_wconf 80' lang='grc' dir='ltr'><strong>ἀπὸ</strong></span> <span class='ocrx_word' id='word_1_491' title='bbox 1662 3530 1778 3583; x_wconf 82' lang='grc' dir='ltr'>τῶν</span> 
     </span>
    </p>
   </div>
   <div class='ocr_carea' id='block_1_69' title="bbox 178 3621 1778 3691">
    <p class='ocr_par' dir='ltr' id='par_1_69' title="bbox 178 3621 1778 3691">
     <span class='ocr_line' id='line_1_69' title="bbox 178 3621 1778 3691; baseline -0.004 -12"><span class='ocrx_word' id='word_1_492' title='bbox 178 3627 465 3684; x_wconf 52' lang='grc' dir='ltr'>ἐντολῶν</span> <span class='ocrx_word' id='word_1_493' title='bbox 496 3642 645 3688; x_wconf 88' lang='grc' dir='ltr'>σου,</span> <span class='ocrx_word' id='word_1_494' title='bbox 680 3625 779 3677; x_wconf 78' lang='grc' dir='ltr'><strong>καί</strong></span> <span class='ocrx_word' id='word_1_495' title='bbox 810 3627 919 3677; x_wconf 82' lang='grc' dir='ltr'>οὐκ</span> <span class='ocrx_word' id='word_1_496' title='bbox 940 3623 1318 3691; x_wconf 65' lang='grc' dir='ltr'><strong>ἐφυλάξαμεν</strong></span> <span class='ocrx_word' id='word_1_497' title='bbox 1339 3623 1411 3675; x_wconf 78' lang='grc' dir='ltr'>τὰ</span> <span class='ocrx_word' id='word_1_498' title='bbox 1429 3621 1778 3689; x_wconf 82' lang='grc' dir='ltr'>δικαιώματά</span> 
     </span>
    </p>
   </div>
   <div class='ocr_carea' id='block_1_70' title="bbox 178 3712 1778 3784">
    <p class='ocr_par' dir='ltr' id='par_1_70' title="bbox 178 3712 1778 3784">
     <span class='ocr_line' id='line_1_70' title="bbox 178 3712 1778 3784; baseline -0.005 -14"><span class='ocrx_word' id='word_1_499' title='bbox 178 3734 330 3776; x_wconf 74' lang='grc' dir='ltr'>σου.</span> <span class='ocrx_word' id='word_1_500' title='bbox 355 3720 558 3780; x_wconf 75' lang='grc' dir='ltr'>Οὕτως</span> <span class='ocrx_word' id='word_1_501' title='bbox 603 3718 634 3768; x_wconf 89' lang='lat'><strong>6</strong></span> <span class='ocrx_word' id='word_1_502' title='bbox 671 3715 972 3784; x_wconf 85' lang='grc' dir='ltr'>θαυμάσιος</span> <span class='ocrx_word' id='word_1_503' title='bbox 1004 3712 1216 3783; x_wconf 79' lang='grc' dir='ltr'>Δανιὴλ,</span> <span class='ocrx_word' id='word_1_504' title='bbox 1250 3712 1419 3774; x_wconf 72' lang='grc' dir='ltr'>οὕτως</span> <span class='ocrx_word' id='word_1_505' title='bbox 1442 3714 1470 3764; x_wconf 91' lang='lat'><strong>6</strong></span> <span class='ocrx_word' id='word_1_506' title='bbox 1500 3712 1778 3773; x_wconf 79' lang='grc' dir='ltr'>θεσπέσιος</span> 
     </span>
    </p>
   </div>
   <div class='ocr_carea' id='block_1_71' title="bbox 1878 3268 3407 3336">
    <p class='ocr_par' dir='ltr' id='par_1_71' title="bbox 1878 3268 3407 3336">
     <span class='ocr_line' id='line_1_71' title="bbox 1878 3268 3407 3336; baseline 0.007 -19"><span class='ocrx_word' id='word_1_507' title='bbox 1878 3274 2039 3335; x_wconf 77' lang='lat' dir='ltr'><strong>atque</strong></span> <span class='ocrx_word' id='word_1_508' title='bbox 2069 3268 2375 3336; x_wconf 83' lang='lat' dir='ltr'><strong>triumphali</strong></span> <span class='ocrx_word' id='word_1_509' title='bbox 2418 3284 2616 3321; x_wconf 88' lang='lat' dir='ltr'><strong>corona</strong></span> <span class='ocrx_word' id='word_1_510' title='bbox 2647 3273 2843 3333; x_wconf 84' lang='lat' dir='ltr'><strong>ornati,</strong></span> <span class='ocrx_word' id='word_1_511' title='bbox 2877 3273 2930 3324; x_wconf 90' lang='lat' dir='ltr'><strong>in</strong></span> <span class='ocrx_word' id='word_1_512' title='bbox 2961 3273 3171 3325; x_wconf 89' lang='lat' dir='ltr'><strong>camino</strong></span> <span class='ocrx_word' id='word_1_513' title='bbox 3193 3282 3407 3327; x_wconf 88' lang='lat' dir='ltr'><strong>orantes</strong></span> 
     </span>
    </p>
   </div>
   <div class='ocr_carea' id='block_1_72' title="bbox 1878 3355 3406 3429">
    <p class='ocr_par' dir='ltr' id='par_1_72' title="bbox 1878 3355 3406 3429">
     <span class='ocr_line' id='line_1_72' title="bbox 1878 3355 3406 3429; baseline 0.004 -21"><span class='ocrx_word' id='word_1_514' title='bbox 1878 3355 2128 3411; x_wconf 81' lang='lat' dir='ltr'><strong>dicebant</strong></span> <span class='ocrx_word' id='word_1_515' title='bbox 2163 3376 2176 3411; x_wconf 88' lang='lat'><strong>:</strong></span> <span class='ocrx_word' id='word_1_516' title='bbox 2211 3357 2564 3419; x_wconf 86' lang='lat' dir='ltr'><strong>Peccavimus,</strong></span> <span class='ocrx_word' id='word_1_517' title='bbox 2604 3358 2931 3428; x_wconf 84' lang='lat' dir='ltr'><strong>deliquimus,</strong></span> <span class='ocrx_word' id='word_1_518' title='bbox 2966 3361 3156 3427; x_wconf 84' lang='lat' dir='ltr'><strong>injuste</strong></span> <span class='ocrx_word' id='word_1_519' title='bbox 3190 3364 3406 3429; x_wconf 72' lang='lat' dir='ltr'><strong>egimus,</strong></span> 
     </span>
    </p>
   </div>
   <div class='ocr_carea' id='block_1_73' title="bbox 1877 3449 3410 3515">
    <p class='ocr_par' dir='ltr' id='par_1_73' title="bbox 1877 3449 3410 3515">
     <span class='ocr_line' id='line_1_73' title="bbox 1877 3449 3410 3515; baseline 0.003 -15"><span class='ocrx_word' id='word_1_520' title='bbox 1877 3457 1925 3500; x_wconf 87' lang='lat' dir='ltr'><strong>et</strong></span> <span class='ocrx_word' id='word_1_521' title='bbox 1960 3449 2260 3500; x_wconf 88' lang='lat' dir='ltr'><strong>recessimus</strong></span> <span class='ocrx_word' id='word_1_522' title='bbox 2295 3464 2325 3499; x_wconf 93' lang='lat' dir='ltr'><strong><em>a</em></strong></span> <span class='ocrx_word' id='word_1_523' title='bbox 2351 3450 2613 3515; x_wconf 73' lang='lat' dir='ltr'><strong>praceptis</strong></span> <span class='ocrx_word' id='word_1_524' title='bbox 2655 3451 2777 3513; x_wconf 89' lang='lat' dir='ltr'><strong>tuis,</strong></span> <span class='ocrx_word' id='word_1_525' title='bbox 2808 3459 2855 3502; x_wconf 87' lang='lat' dir='ltr'><strong>et</strong></span> <span class='ocrx_word' id='word_1_526' title='bbox 2901 3466 3002 3502; x_wconf 86' lang='lat' dir='ltr'><strong>non</strong></span> <span class='ocrx_word' id='word_1_527' title='bbox 3045 3452 3410 3504; x_wconf 76' lang='lat' dir='ltr'><strong>custodirimus</strong></span> 
     </span>
    </p>
   </div>
   <div class='ocr_carea' id='block_1_74' title="bbox 1875 3539 3411 3611">
    <p class='ocr_par' dir='ltr' id='par_1_74' title="bbox 1875 3539 3411 3611">
     <span class='ocr_line' id='line_1_74' title="bbox 1875 3539 3411 3611; baseline 0.003 -20"><span class='ocrx_word' id='word_1_528' title='bbox 1875 3540 2273 3611; x_wconf 72' lang='lat' dir='ltr'><strong>iustiﬁcationes</strong></span> <span class='ocrx_word' id='word_1_529' title='bbox 2305 3547 2421 3592; x_wconf 88' lang='lat' dir='ltr'><strong>tuas</strong></span> <span class='ocrx_word' id='word_1_530' title='bbox 2467 3539 2528 3592; x_wconf 81' lang='grc'>¹¹.</span> <span class='ocrx_word' id='word_1_531' title='bbox 2569 3539 2655 3591; x_wconf 90' lang='lat' dir='ltr'><strong>Sic</strong></span> <span class='ocrx_word' id='word_1_532' title='bbox 2700 3539 3031 3593; x_wconf 83' lang='lat' dir='ltr'><strong>admirabilis</strong></span> <span class='ocrx_word' id='word_1_533' title='bbox 3081 3540 3287 3603; x_wconf 88' lang='lat' dir='ltr'><strong>Daniel,</strong></span> <span class='ocrx_word' id='word_1_534' title='bbox 3333 3544 3411 3595; x_wconf 84' lang='lat' dir='ltr'><strong>sic</strong></span> 
     </span>
    </p>
   </div>
   <div class='ocr_carea' id='block_1_75' title="bbox 1882 3627 3410 3700">
    <p class='ocr_par' dir='ltr' id='par_1_75' title="bbox 1882 3627 3410 3700">
     <span class='ocr_line' id='line_1_75' title="bbox 1882 3627 3410 3700; baseline 0.001 -16"><span class='ocrx_word' id='word_1_535' title='bbox 1882 3646 2105 3699; x_wconf 82' lang='lat' dir='ltr'><strong>magnus</strong></span> <span class='ocrx_word' id='word_1_536' title='bbox 2129 3629 2216 3683; x_wconf 87' lang='lat' dir='ltr'><strong>ille</strong></span> <span class='ocrx_word' id='word_1_537' title='bbox 2241 3627 2522 3690; x_wconf 86' lang='lat' dir='ltr'><strong>Jcremias,</strong></span> <span class='ocrx_word' id='word_1_538' title='bbox 2545 3628 2623 3681; x_wconf 90' lang='lat' dir='ltr'><strong>sic</strong></span> <span class='ocrx_word' id='word_1_539' title='bbox 2647 3628 2862 3683; x_wconf 88' lang='lat' dir='ltr'><strong>divinus</strong></span> <span class='ocrx_word' id='word_1_540' title='bbox 2885 3629 3068 3693; x_wconf 88' lang='lat' dir='ltr'><strong>Isaias,</strong></span> <span class='ocrx_word' id='word_1_541' title='bbox 3095 3630 3175 3684; x_wconf 87' lang='lat' dir='ltr'><strong>sic</strong></span> <span class='ocrx_word' id='word_1_542' title='bbox 3200 3632 3410 3700; x_wconf 86' lang='lat' dir='ltr'><strong>sapien—</strong></span> 
     </span>
    </p>
   </div>
   <div class='ocr_carea' id='block_1_76' title="bbox 1880 3717 3414 3789">
    <p class='ocr_par' dir='ltr' id='par_1_76' title="bbox 1880 3717 3414 3789">
     <span class='ocr_line' id='line_1_76' title="bbox 1880 3717 3414 3789; baseline 0 -15"><span class='ocrx_word' id='word_1_543' title='bbox 1880 3722 2121 3775; x_wconf 83' lang='lat' dir='ltr'><strong>tissimus</strong></span> <span class='ocrx_word' id='word_1_544' title='bbox 2152 3718 2347 3772; x_wconf 87' lang='lat' dir='ltr'><strong>Paulus</strong></span> <span class='ocrx_word' id='word_1_545' title='bbox 2382 3736 2394 3771; x_wconf 91' lang='lat'><strong>:</strong></span> <span class='ocrx_word' id='word_1_546' title='bbox 2426 3717 2662 3772; x_wconf 87' lang='lat' dir='ltr'><strong>Christus</strong></span> <span class='ocrx_word' id='word_1_547' title='bbox 2695 3720 2859 3782; x_wconf 91' lang='lat' dir='ltr'><strong>enim,</strong></span> <span class='ocrx_word' id='word_1_548' title='bbox 2890 3720 3080 3789; x_wconf 77' lang='lat' dir='ltr'><strong>inquit,</strong></span> <span class='ocrx_word' id='word_1_549' title='bbox 3112 3722 3320 3773; x_wconf 84' lang='lat' dir='ltr'><strong>intravit</strong></span> <span class='ocrx_word' id='word_1_550' title='bbox 3360 3722 3414 3774; x_wconf 91' lang='lat' dir='ltr'><strong>in</strong></span> 
     </span>
    </p>
   </div>
   <div class='ocr_carea' id='block_1_77' title="bbox 189 3800 1772 3882">
    <p class='ocr_par' dir='ltr' id='par_1_77' title="bbox 189 3800 1772 3882">
     <span class='ocr_line' id='line_1_77' title="bbox 189 3800 1772 3882; baseline -0.002 -22"><span class='ocrx_word' id='word_1_551' title='bbox 189 3807 501 3882; x_wconf 71' lang='grc' dir='ltr'>Ἱερεμίας,</span> <span class='ocrx_word' id='word_1_552' title='bbox 536 3807 721 3868; x_wconf 72' lang='grc' dir='ltr'>οὕτως</span> <span class='ocrx_word' id='word_1_553' title='bbox 764 3808 793 3857; x_wconf 93' lang='lat'><strong>6</strong></span> <span class='ocrx_word' id='word_1_554' title='bbox 833 3803 973 3866; x_wconf 86' lang='grc' dir='ltr'>θεῖος</span> <span class='ocrx_word' id='word_1_555' title='bbox 1017 3804 1258 3865; x_wconf 66' lang='grc' dir='ltr'>Ἡσαΐας,</span> <span class='ocrx_word' id='word_1_556' title='bbox 1284 3802 1452 3864; x_wconf 77' lang='grc' dir='ltr'>οὕτως</span> <span class='ocrx_word' id='word_1_557' title='bbox 1483 3803 1510 3854; x_wconf 89' lang='lat'><strong>6</strong></span> <span class='ocrx_word' id='word_1_558' title='bbox 1543 3800 1772 3870; x_wconf 82' lang='grc' dir='ltr'>σοφώτα-</span> 
     </span>
    </p>
   </div>
   <div class='ocr_carea' id='block_1_78' title="bbox 1879 3800 3415 3882">
    <p class='ocr_par' dir='ltr' id='par_1_78' title="bbox 1881 3808 3415 3879">
     <span class='ocr_line' id='line_1_78' title="bbox 1881 3808 3415 3879; baseline 0.003 -18"><span class='ocrx_word' id='word_1_559' title='bbox 1881 3809 2129 3862; x_wconf 86' lang='lat' dir='ltr'><strong>mundum</strong></span> <span class='ocrx_word' id='word_1_560' title='bbox 2176 3818 2463 3877; x_wconf 88' lang='lat' dir='ltr'><strong>peccatores</strong></span> <span class='ocrx_word' id='word_1_561' title='bbox 2513 3808 2681 3861; x_wconf 87' lang='lat' dir='ltr'><strong>salvos</strong></span> <span class='ocrx_word' id='word_1_562' title='bbox 2733 3809 2921 3875; x_wconf 78' lang='lat' dir='ltr'><strong>facere,</strong></span> <span class='ocrx_word' id='word_1_563' title='bbox 2968 3828 3187 3878; x_wconf 88' lang='lat' dir='ltr'><strong>quorum</strong></span> <span class='ocrx_word' id='word_1_564' title='bbox 3219 3813 3415 3879; x_wconf 85' lang='lat' dir='ltr'><strong>primus</strong></span> 
     </span>
    </p>
   </div>
   <div class='ocr_carea' id='block_1_79' title="bbox 185 3891 1772 3968">
    <p class='ocr_par' dir='ltr' id='par_1_79' title="bbox 185 3891 1772 3964">
     <span class='ocr_line' id='line_1_79' title="bbox 185 3891 1772 3964; baseline -0.003 -16"><span class='ocrx_word' id='word_1_565' title='bbox 185 3913 287 3964; x_wconf 68' lang='grc' dir='ltr'><strong>τως</strong></span> <span class='ocrx_word' id='word_1_566' title='bbox 318 3900 537 3961; x_wconf 82' lang='grc' dir='ltr'>Παῦλος</span> <span class='ocrx_word' id='word_1_567' title='bbox 559 3915 575 3928; x_wconf 78' lang='grc' dir='ltr'><strong><em>ο</em></strong></span> <span class='ocrx_word' id='word_1_568' title='bbox 610 3893 869 3962; x_wconf 77' lang='grc' dir='ltr'>Χριστὸς</span> <span class='ocrx_word' id='word_1_569' title='bbox 896 3900 1024 3961; x_wconf 70' lang='grc' dir='ltr'>γὰρ,</span> <span class='ocrx_word' id='word_1_570' title='bbox 1055 3894 1233 3963; x_wconf 79' lang='grc' dir='ltr'>φησὶν,</span> <span class='ocrx_word' id='word_1_571' title='bbox 1263 3891 1542 3959; x_wconf 75' lang='grc' dir='ltr'>εἰσῆλθεν</span> <span class='ocrx_word' id='word_1_572' title='bbox 1575 3894 1660 3956; x_wconf 82' lang='grc' dir='ltr'>εὶς</span> <span class='ocrx_word' id='word_1_573' title='bbox 1679 3892 1772 3943; x_wconf 77' lang='grc' dir='ltr'>τὸν</span> 
     </span>
    </p>
   </div>
   <div class='ocr_carea' id='block_1_80' title="bbox 1879 3891 3417 3968">
    <p class='ocr_par' dir='ltr' id='par_1_80' title="bbox 1881 3897 3417 3968">
     <span class='ocr_line' id='line_1_80' title="bbox 1881 3897 3417 3968; baseline 0.001 -17"><span class='ocrx_word' id='word_1_574' title='bbox 1881 3915 1969 3967; x_wconf 87' lang='lat' dir='ltr'><strong>ego</strong></span> <span class='ocrx_word' id='word_1_575' title='bbox 1997 3914 2109 3951; x_wconf 87' lang='lat' dir='ltr'><strong>sum</strong></span> <span class='ocrx_word' id='word_1_576' title='bbox 2138 3898 2213 3961; x_wconf 84' lang='grc'><strong>¹³;</strong></span> <span class='ocrx_word' id='word_1_577' title='bbox 2245 3913 2307 3951; x_wconf 88' lang='lat' dir='ltr'><strong>ac</strong></span> <span class='ocrx_word' id='word_1_578' title='bbox 2339 3914 2574 3953; x_wconf 87' lang='lat' dir='ltr'><strong>rursum:</strong></span> <span class='ocrx_word' id='word_1_579' title='bbox 2603 3897 2721 3951; x_wconf 74' lang='lat' dir='ltr'><strong>Non</strong></span> <span class='ocrx_word' id='word_1_580' title='bbox 2744 3915 2858 3951; x_wconf 86' lang='lat' dir='ltr'><strong>sum</strong></span> <span class='ocrx_word' id='word_1_581' title='bbox 2881 3899 3064 3967; x_wconf 85' lang='lat' dir='ltr'><strong>dignus</strong></span> <span class='ocrx_word' id='word_1_582' title='bbox 3092 3903 3263 3953; x_wconf 77' lang='lat' dir='ltr'><strong>vocari</strong></span> <span class='ocrx_word' id='word_1_583' title='bbox 3293 3917 3417 3968; x_wconf 87' lang='lat' dir='ltr'><strong>apo-</strong></span> 
     </span>
    </p>
   </div>
   <div class='ocr_carea' id='block_1_81' title="bbox 185 3977 1774 4057">
    <p class='ocr_par' dir='ltr' id='par_1_81' title="bbox 185 3977 1774 4057">
     <span class='ocr_line' id='line_1_81' title="bbox 185 3977 1774 4057; baseline -0.008 -13"><span class='ocrx_word' id='word_1_584' title='bbox 185 3990 429 4057; x_wconf 72' lang='grc' dir='ltr'>κόσμον</span> <span class='ocrx_word' id='word_1_585' title='bbox 460 3983 872 4056; x_wconf 79' lang='grc' dir='ltr'>ἁμαρτωλοὺς</span> <span class='ocrx_word' id='word_1_586' title='bbox 898 3982 1110 4044; x_wconf 85' lang='grc' dir='ltr'>σῶσαι,</span> <span class='ocrx_word' id='word_1_587' title='bbox 1141 3977 1227 4035; x_wconf 80' lang='grc' dir='ltr'><strong>ὧν</strong></span> <span class='ocrx_word' id='word_1_588' title='bbox 1266 3980 1489 4048; x_wconf 81' lang='grc' dir='ltr'>πρῶτός</span> <span class='ocrx_word' id='word_1_589' title='bbox 1516 3983 1627 4048; x_wconf 77' lang='grc' dir='ltr'>είμι</span> <span class='ocrx_word' id='word_1_590' title='bbox 1647 3979 1774 4049; x_wconf 63' lang='grc' dir='ltr'><strong>ἐγώ·</strong></span> 
     </span>
    </p>
   </div>
   <div class='ocr_carea' id='block_1_82' title="bbox 187 4071 1776 4140">
    <p class='ocr_par' dir='ltr' id='par_1_82' title="bbox 187 4071 1776 4140">
     <span class='ocr_line' id='line_1_82' title="bbox 187 4071 1776 4140; baseline -0.005 -8"><span class='ocrx_word' id='word_1_591' title='bbox 187 4082 293 4132; x_wconf 59' lang='grc' dir='ltr'><strong>καὶ</strong></span> <span class='ocrx_word' id='word_1_592' title='bbox 318 4081 485 4134; x_wconf 69' lang='grc' dir='ltr'>πάλιν</span> <span class='ocrx_word' id='word_1_593' title='bbox 508 4095 524 4108; x_wconf 67' lang='grc' dir='ltr'><strong>θ</strong></span> <span class='ocrx_word' id='word_1_594' title='bbox 580 4078 709 4129; x_wconf 83' lang='grc' dir='ltr'><strong>Οὐκ</strong></span> <span class='ocrx_word' id='word_1_595' title='bbox 748 4074 863 4140; x_wconf 76' lang='grc' dir='ltr'>εἰμί</span> <span class='ocrx_word' id='word_1_596' title='bbox 895 4072 1059 4136; x_wconf 79' lang='grc' dir='ltr'>ἄξιος</span> <span class='ocrx_word' id='word_1_597' title='bbox 1092 4071 1394 4125; x_wconf 82' lang='grc' dir='ltr'>καλεῖσθαι</span> <span class='ocrx_word' id='word_1_598' title='bbox 1424 4073 1776 4136; x_wconf 81' lang='grc' dir='ltr'>ἀπόστολος.</span> 
     </span>
    </p>
   </div>
   <div class='ocr_carea' id='block_1_83' title="bbox 178 4160 1781 4231">
    <p class='ocr_par' dir='ltr' id='par_1_83' title="bbox 178 4160 1781 4231">
     <span class='ocr_line' id='line_1_83' title="bbox 178 4160 1781 4231; baseline -0.007 -9"><span class='ocrx_word' id='word_1_599' title='bbox 178 4164 213 4212; x_wconf 66' lang='lat'><strong>3</strong></span> <span class='ocrx_word' id='word_1_600' title='bbox 240 4170 352 4223; x_wconf 71' lang='grc' dir='ltr'><strong>ῦτω</strong></span> <span class='ocrx_word' id='word_1_601' title='bbox 387 4171 581 4224; x_wconf 85' lang='grc' dir='ltr'>τοίνυν</span> <span class='ocrx_word' id='word_1_602' title='bbox 607 4161 895 4218; x_wconf 84' lang='grc' dir='ltr'>κάνταῦθα</span> <span class='ocrx_word' id='word_1_603' title='bbox 920 4165 1036 4224; x_wconf 89' lang='grc' dir='ltr'>ταῖς</span> <span class='ocrx_word' id='word_1_604' title='bbox 1067 4162 1214 4231; x_wconf 74' lang='grc' dir='ltr'>παρὰ</span> <span class='ocrx_word' id='word_1_605' title='bbox 1241 4161 1346 4212; x_wconf 83' lang='grc' dir='ltr'>τῶν</span> <span class='ocrx_word' id='word_1_606' title='bbox 1369 4160 1636 4212; x_wconf 79' lang='grc' dir='ltr'>δυσσεϐὦν</span> <span class='ocrx_word' id='word_1_607' title='bbox 1668 4178 1781 4231; x_wconf 85' lang='grc' dir='ltr'>τρι-</span> 
     </span>
    </p>
   </div>
   <div class='ocr_carea' id='block_1_84' title="bbox 171 4250 1782 4332">
    <p class='ocr_par' dir='ltr' id='par_1_84' title="bbox 171 4250 1782 4332">
     <span class='ocr_line' id='line_1_84' title="bbox 171 4250 1782 4332; baseline -0.002 -28"><span class='ocrx_word' id='word_1_608' title='bbox 171 4264 423 4332; x_wconf 43' lang='lat' dir='ltr'><strong>nuptm;</strong></span> <span class='ocrx_word' id='word_1_609' title='bbox 452 4257 774 4331; x_wconf 69' lang='grc' dir='ltr'>βηὶλομένη</span> <span class='ocrx_word' id='word_1_610' title='bbox 821 4255 855 4322; x_wconf 82' lang='grc' dir='ltr'>ἡ</span> <span class='ocrx_word' id='word_1_611' title='bbox 908 4252 999 4303; x_wconf 82' lang='grc' dir='ltr'><strong>τοῦ</strong></span> <span class='ocrx_word' id='word_1_612' title='bbox 1047 4252 1178 4303; x_wconf 85' lang='grc' dir='ltr'>Θεοῦ</span> <span class='ocrx_word' id='word_1_613' title='bbox 1223 4250 1508 4319; x_wconf 76' lang='grc' dir='ltr'>Ἐκκλησία</span> <span class='ocrx_word' id='word_1_614' title='bbox 1536 4251 1592 4301; x_wconf 84' lang='grc' dir='ltr'><strong>οὐ</strong></span> <span class='ocrx_word' id='word_1_615' title='bbox 1641 4250 1782 4319; x_wconf 88' lang='grc' dir='ltr'>μέγα</span> 
     </span>
    </p>
   </div>
   <div class='ocr_carea' id='block_1_85' title="bbox 162 4339 1785 4426">
    <p class='ocr_par' dir='ltr' id='par_1_85' title="bbox 162 4339 1785 4426">
     <span class='ocr_line' id='line_1_85' title="bbox 162 4339 1785 4426; baseline -0.013 -17"><span class='ocrx_word' id='word_1_616' title='bbox 162 4360 401 4426; x_wconf 47' lang='grc' dir='ltr'>φρονεῖ,</span> <span class='ocrx_word' id='word_1_617' title='bbox 420 4355 503 4416; x_wconf 80' lang='grc' dir='ltr'>ὡς</span> <span class='ocrx_word' id='word_1_618' title='bbox 542 4344 949 4416; x_wconf 78' lang='grc' dir='ltr'>ἀγωνιζομένη,</span> <span class='ocrx_word' id='word_1_619' title='bbox 975 4343 1086 4394; x_wconf 76' lang='grc' dir='ltr'>ἀλλ’</span> <span class='ocrx_word' id='word_1_620' title='bbox 1113 4342 1398 4411; x_wconf 83' lang='grc' dir='ltr'>ἁμαρτίαις</span> <span class='ocrx_word' id='word_1_621' title='bbox 1428 4340 1518 4391; x_wconf 73' lang='grc' dir='ltr'><strong>καὶ</strong></span> <span class='ocrx_word' id='word_1_622' title='bbox 1543 4339 1642 4407; x_wconf 83' lang='grc' dir='ltr'><strong>πλη</strong></span> <span class='ocrx_word' id='word_1_623' title='bbox 1652 4358 1785 4409; x_wconf 87' lang='grc' dir='ltr'>μμε-</span> 
     </span>
    </p>
   </div>
   <div class='ocr_carea' id='block_1_86' title="bbox 156 4427 1785 4508">
    <p class='ocr_par' dir='ltr' id='par_1_86' title="bbox 156 4427 1785 4508">
     <span class='ocr_line' id='line_1_86' title="bbox 156 4427 1785 4508; baseline -0.014 -8"><span class='ocrx_word' id='word_1_624' title='bbox 156 4435 363 4508; x_wconf 51' lang='grc' dir='ltr'>λκείαις</span> <span class='ocrx_word' id='word_1_625' title='bbox 398 4440 709 4507; x_wconf 84' lang='grc' dir='ltr'>ἀνατίθησι</span> <span class='ocrx_word' id='word_1_626' title='bbox 746 4433 816 4486; x_wconf 83' lang='grc' dir='ltr'><strong>τὰ</strong></span> <span class='ocrx_word' id='word_1_627' title='bbox 844 4433 1124 4500; x_wconf 86' lang='grc' dir='ltr'>γενόμενα,</span> <span class='ocrx_word' id='word_1_628' title='bbox 1153 4430 1243 4482; x_wconf 75' lang='grc' dir='ltr'>καὶ</span> <span class='ocrx_word' id='word_1_629' title='bbox 1272 4429 1368 4498; x_wconf 80' lang='grc' dir='ltr'><strong>τῆς</strong></span> <span class='ocrx_word' id='word_1_630' title='bbox 1392 4427 1539 4497; x_wconf 81' lang='grc' dir='ltr'>παρὰ</span> <span class='ocrx_word' id='word_1_631' title='bbox 1558 4427 1648 4479; x_wconf 89' lang='grc' dir='ltr'><strong>τοῦ</strong></span> <span class='ocrx_word' id='word_1_632' title='bbox 1672 4429 1785 4479; x_wconf 89' lang='grc' dir='ltr'><strong>Σω-</strong></span> 
     </span>
    </p>
   </div>
   <div class='ocr_carea' id='block_1_87' title="bbox 1882 3986 3414 4056">
    <p class='ocr_par' dir='ltr' id='par_1_87' title="bbox 1882 3986 3414 4056">
     <span class='ocr_line' id='line_1_87' title="bbox 1882 3986 3414 4056; baseline 0.002 -17"><span class='ocrx_word' id='word_1_633' title='bbox 1882 3988 2044 4040; x_wconf 87' lang='lat' dir='ltr'><strong>stolus</strong></span> <span class='ocrx_word' id='word_1_634' title='bbox 2082 3989 2143 4040; x_wconf 61' lang='grc' dir='ltr'><strong>νδ.</strong></span> <span class='ocrx_word' id='word_1_635' title='bbox 2174 3986 2262 4041; x_wconf 90' lang='lat' dir='ltr'><strong>Sic</strong></span> <span class='ocrx_word' id='word_1_636' title='bbox 2308 3989 2471 4056; x_wconf 84' lang='lat' dir='ltr'><strong>igitur</strong></span> <span class='ocrx_word' id='word_1_637' title='bbox 2515 3989 2616 4040; x_wconf 92' lang='lat' dir='ltr'><strong>hoc</strong></span> <span class='ocrx_word' id='word_1_638' title='bbox 2665 3990 2715 4040; x_wconf 92' lang='lat' dir='ltr'><strong>in</strong></span> <span class='ocrx_word' id='word_1_639' title='bbox 2751 3988 2867 4040; x_wconf 91' lang='lat' dir='ltr'><strong>loco</strong></span> <span class='ocrx_word' id='word_1_640' title='bbox 2894 3986 2984 4041; x_wconf 91' lang='lat' dir='ltr'><strong>Dei</strong></span> <span class='ocrx_word' id='word_1_641' title='bbox 3013 3988 3272 4052; x_wconf 84' lang='lat' dir='ltr'><strong>Ecclesia,</strong></span> <span class='ocrx_word' id='word_1_642' title='bbox 3312 3991 3414 4042; x_wconf 84' lang='lat' dir='ltr'><strong>im-</strong></span> 
     </span>
    </p>
   </div>
   <div class='ocr_carea' id='block_1_88' title="bbox 1882 4078 3417 4148">
    <p class='ocr_par' dir='ltr' id='par_1_88' title="bbox 1882 4078 3417 4148">
     <span class='ocr_line' id='line_1_88' title="bbox 1882 4078 3417 4148; baseline 0.001 -17"><span class='ocrx_word' id='word_1_643' title='bbox 1882 4080 2091 4148; x_wconf 80' lang='lat' dir='ltr'><strong>piorum</strong></span> <span class='ocrx_word' id='word_1_644' title='bbox 2128 4078 2530 4145; x_wconf 88' lang='lat' dir='ltr'><strong>tempestatibus</strong></span> <span class='ocrx_word' id='word_1_645' title='bbox 2573 4080 2792 4146; x_wconf 84' lang='lat' dir='ltr'><strong>agitata,</strong></span> <span class='ocrx_word' id='word_1_646' title='bbox 2840 4091 2944 4130; x_wconf 92' lang='lat' dir='ltr'><strong>non</strong></span> <span class='ocrx_word' id='word_1_647' title='bbox 2982 4078 3258 4146; x_wconf 81' lang='lat' dir='ltr'><strong>magniﬁce</strong></span> <span class='ocrx_word' id='word_1_648' title='bbox 3294 4094 3417 4133; x_wconf 88' lang='lat' dir='ltr'><strong>sen-</strong></span> 
     </span>
    </p>
   </div>
   <div class='ocr_carea' id='block_1_89' title="bbox 1886 4168 3414 4237">
    <p class='ocr_par' dir='ltr' id='par_1_89' title="bbox 1886 4168 3414 4237">
     <span class='ocr_line' id='line_1_89' title="bbox 1886 4168 3414 4237; baseline 0 -15"><span class='ocrx_word' id='word_1_649' title='bbox 1886 4171 1950 4223; x_wconf 89' lang='lat' dir='ltr'><strong>tit</strong></span> <span class='ocrx_word' id='word_1_650' title='bbox 1981 4178 2037 4222; x_wconf 91' lang='lat' dir='ltr'><strong>ut</strong></span> <span class='ocrx_word' id='word_1_651' title='bbox 2065 4170 2406 4237; x_wconf 78' lang='lat' dir='ltr'><strong>impugnata;</strong></span> <span class='ocrx_word' id='word_1_652' title='bbox 2444 4168 2535 4221; x_wconf 91' lang='lat' dir='ltr'><strong>sed</strong></span> <span class='ocrx_word' id='word_1_653' title='bbox 2566 4182 2625 4221; x_wconf 88' lang='lat' dir='ltr'><strong>ea</strong></span> <span class='ocrx_word' id='word_1_654' title='bbox 2660 4182 2779 4235; x_wconf 70' lang='lat' dir='ltr'><strong>quae</strong></span> <span class='ocrx_word' id='word_1_655' title='bbox 2811 4168 3147 4236; x_wconf 85' lang='lat' dir='ltr'><strong>contingunt,</strong></span> <span class='ocrx_word' id='word_1_656' title='bbox 3181 4172 3414 4236; x_wconf 83' lang='lat' dir='ltr'><strong>peccatis</strong></span> 
     </span>
    </p>
   </div>
   <div class='ocr_carea' id='block_1_90' title="bbox 1887 4255 3419 4325">
    <p class='ocr_par' dir='ltr' id='par_1_90' title="bbox 1887 4255 3419 4325">
     <span class='ocr_line' id='line_1_90' title="bbox 1887 4255 3419 4325; baseline 0.001 -15"><span class='ocrx_word' id='word_1_657' title='bbox 1887 4273 1949 4311; x_wconf 89' lang='lat' dir='ltr'><strong>ac</strong></span> <span class='ocrx_word' id='word_1_658' title='bbox 1977 4258 2267 4313; x_wconf 86' lang='lat' dir='ltr'><strong>sceleribus</strong></span> <span class='ocrx_word' id='word_1_659' title='bbox 2299 4257 2560 4317; x_wconf 88' lang='lat' dir='ltr'><strong>attribuit,</strong></span> <span class='ocrx_word' id='word_1_660' title='bbox 2594 4265 2647 4310; x_wconf 92' lang='lat' dir='ltr'><strong>et</strong></span> <span class='ocrx_word' id='word_1_661' title='bbox 2678 4272 2706 4309; x_wconf 93' lang='lat' dir='ltr'><strong>a</strong></span> <span class='ocrx_word' id='word_1_662' title='bbox 2749 4255 3023 4308; x_wconf 88' lang='lat' dir='ltr'><strong>Salvatore</strong></span> <span class='ocrx_word' id='word_1_663' title='bbox 3050 4271 3201 4325; x_wconf 89' lang='lat' dir='ltr'><strong>opem</strong></span> <span class='ocrx_word' id='word_1_664' title='bbox 3227 4272 3419 4311; x_wconf 89' lang='lat' dir='ltr'><strong>conse-</strong></span> 
     </span>
    </p>
   </div>
   <div class='ocr_carea' id='block_1_91' title="bbox 1888 4344 3421 4415">
    <p class='ocr_par' dir='ltr' id='par_1_91' title="bbox 1888 4344 3421 4415">
     <span class='ocr_line' id='line_1_91' title="bbox 1888 4344 3421 4415; baseline -0.001 -16"><span class='ocrx_word' id='word_1_665' title='bbox 1888 4348 1979 4415; x_wconf 75' lang='lat' dir='ltr'><strong>qui</strong></span> <span class='ocrx_word' id='word_1_666' title='bbox 2011 4355 2179 4415; x_wconf 85' lang='lat' dir='ltr'><strong>rogat.</strong></span> <span class='ocrx_word' id='word_1_667' title='bbox 2212 4345 2277 4397; x_wconf 86' lang='lat' dir='ltr'><strong>Et</strong></span> <span class='ocrx_word' id='word_1_668' title='bbox 2305 4345 2499 4413; x_wconf 89' lang='lat' dir='ltr'><strong>alioqui</strong></span> <span class='ocrx_word' id='word_1_669' title='bbox 2531 4344 2619 4397; x_wconf 91' lang='lat' dir='ltr'><strong>Dei</strong></span> <span class='ocrx_word' id='word_1_670' title='bbox 2656 4344 2891 4398; x_wconf 83' lang='lat' dir='ltr'><strong>Ecclesia</strong></span> <span class='ocrx_word' id='word_1_671' title='bbox 2930 4360 3035 4397; x_wconf 92' lang='lat' dir='ltr'><strong>non</strong></span> <span class='ocrx_word' id='word_1_672' title='bbox 3075 4360 3138 4397; x_wconf 83' lang='lat' dir='ltr'><strong>ex</strong></span> <span class='ocrx_word' id='word_1_673' title='bbox 3170 4344 3421 4413; x_wconf 81' lang='lat' dir='ltr'><strong>perfectis</strong></span> 
     </span>
    </p>
   </div>
   <div class='ocr_carea' id='block_1_92' title="bbox 1889 4433 3420 4503">
    <p class='ocr_par' dir='ltr' id='par_1_92' title="bbox 1889 4433 3420 4503">
     <span class='ocr_line' id='line_1_92' title="bbox 1889 4433 3420 4503; baseline -0.004 -12"><span class='ocrx_word' id='word_1_674' title='bbox 1889 4447 1998 4491; x_wconf 88' lang='lat' dir='ltr'><strong>tota</strong></span> <span class='ocrx_word' id='word_1_675' title='bbox 2033 4436 2398 4499; x_wconf 78' lang='lat' dir='ltr'><strong>constituitur,</strong></span> <span class='ocrx_word' id='word_1_676' title='bbox 2433 4434 2524 4488; x_wconf 85' lang='lat' dir='ltr'><strong>sed</strong></span> <span class='ocrx_word' id='word_1_677' title='bbox 2570 4433 2728 4486; x_wconf 86' lang='lat' dir='ltr'><strong>habet</strong></span> <span class='ocrx_word' id='word_1_678' title='bbox 2771 4436 2929 4485; x_wconf 90' lang='lat' dir='ltr'><strong>etiam</strong></span> <span class='ocrx_word' id='word_1_679' title='bbox 2966 4433 3053 4502; x_wconf 91' lang='lat' dir='ltr'><strong>qui</strong></span> <span class='ocrx_word' id='word_1_680' title='bbox 3106 4433 3159 4486; x_wconf 90' lang='lat' dir='ltr'><strong>in</strong></span> <span class='ocrx_word' id='word_1_681' title='bbox 3211 4435 3420 4503; x_wconf 83' lang='lat' dir='ltr'><strong>ignavia</strong></span> 
     </span>
    </p>
   </div>
   <div class='ocr_carea' id='block_1_93' title="bbox 170 4497 1772 4600">
    <p class='ocr_par' dir='ltr' id='par_1_93' title="bbox 170 4497 1772 4600">
     <span class='ocr_line' id='line_1_93' title="bbox 170 4497 1772 4600; baseline -0.012 -14"><span class='ocrx_word' id='word_1_682' title='bbox 170 4497 360 4600; x_wconf 58' lang='grc' dir='ltr'>’ξῖχρος</span> <span class='ocrx_word' id='word_1_683' title='bbox 404 4497 753 4597; x_wconf 76' lang='grc' dir='ltr'>ἐπικουρίας</span> <span class='ocrx_word' id='word_1_684' title='bbox 799 4497 1100 4574; x_wconf 84' lang='grc' dir='ltr'>ἀπολαῦσαι</span> <span class='ocrx_word' id='word_1_685' title='bbox 1143 4516 1671 4587; x_wconf 84' lang='grc' dir='ltr'>παρακαλεί.“Ἀλλως</span> <span class='ocrx_word' id='word_1_686' title='bbox 1698 4533 1772 4579; x_wconf 79' lang='grc' dir='ltr'><strong>τε,</strong></span> 
     </span>
    </p>
   </div>
   <div class='ocr_carea' id='block_1_94' title="bbox 1879 4497 3424 4600">
    <p class='ocr_par' dir='ltr' id='par_1_94' title="bbox 1886 4497 3424 4596">
     <span class='ocr_line' id='line_1_94' title="bbox 1886 4497 3424 4596; baseline -0.007 -16"><span class='ocrx_word' id='word_1_687' title='bbox 1886 4528 2098 4596; x_wconf 87' lang='lat' dir='ltr'><strong>degant,</strong></span> <span class='ocrx_word' id='word_1_688' title='bbox 2126 4535 2178 4580; x_wconf 90' lang='lat' dir='ltr'><strong>et</strong></span> <span class='ocrx_word' id='word_1_689' title='bbox 2208 4497 2430 4578; x_wconf 88' lang='lat' dir='ltr'><strong>inertem</strong></span> <span class='ocrx_word' id='word_1_690' title='bbox 2473 4524 2635 4576; x_wconf 89' lang='lat' dir='ltr'><strong>vitam</strong></span> <span class='ocrx_word' id='word_1_691' title='bbox 2674 4522 2901 4590; x_wconf 79' lang='lat' dir='ltr'><strong>amplexi</strong></span> <span class='ocrx_word' id='word_1_692' title='bbox 2942 4522 3069 4583; x_wconf 89' lang='lat' dir='ltr'><strong>sint,</strong></span> <span class='ocrx_word' id='word_1_693' title='bbox 3109 4531 3161 4574; x_wconf 91' lang='lat' dir='ltr'><strong>et</strong></span> <span class='ocrx_word' id='word_1_694' title='bbox 3197 4523 3288 4591; x_wconf 91' lang='lat' dir='ltr'><strong>qui</strong></span> <span class='ocrx_word' id='word_1_695' title='bbox 3330 4536 3424 4574; x_wconf 62' lang='grc' dir='ltr'>νο.-</span> 
     </span>
    </p>
   </div>
   <div class='ocr_carea' id='block_1_95' title="bbox 216 4606 1784 4678">
    <p class='ocr_par' dir='ltr' id='par_1_95' title="bbox 216 4606 1784 4678">
     <span class='ocr_line' id='line_1_95' title="bbox 216 4606 1784 4678; baseline -0.01 -7"><span class='ocrx_word' id='word_1_696' title='bbox 216 4619 315 4671; x_wconf 54' lang='grc' dir='ltr'>πεδ’</span> <span class='ocrx_word' id='word_1_697' title='bbox 336 4627 399 4676; x_wconf 77' lang='grc' dir='ltr'><strong>εκ</strong></span> <span class='ocrx_word' id='word_1_698' title='bbox 446 4618 692 4673; x_wconf 81' lang='grc' dir='ltr'>τελείων</span> <span class='ocrx_word' id='word_1_699' title='bbox 736 4612 925 4666; x_wconf 75' lang='grc' dir='ltr'>ἅπασα</span> <span class='ocrx_word' id='word_1_700' title='bbox 957 4609 1277 4678; x_wconf 82' lang='grc' dir='ltr'>συνέστηκεν</span> <span class='ocrx_word' id='word_1_701' title='bbox 1306 4608 1338 4677; x_wconf 78' lang='grc' dir='ltr'><strong>ἠ</strong></span> <span class='ocrx_word' id='word_1_702' title='bbox 1367 4606 1459 4659; x_wconf 87' lang='grc' dir='ltr'><strong>τοῦ</strong></span> <span class='ocrx_word' id='word_1_703' title='bbox 1493 4606 1624 4659; x_wconf 85' lang='grc' dir='ltr'>Θεοῦ</span> <span class='ocrx_word' id='word_1_704' title='bbox 1665 4608 1784 4658; x_wconf 84' lang='grc' dir='ltr'><strong>Ἐκ-</strong></span> 
     </span>
    </p>
   </div>
   <div class='ocr_carea' id='block_1_96' title="bbox 240 4692 1783 4775">
    <p class='ocr_par' dir='ltr' id='par_1_96' title="bbox 240 4692 1783 4775">
     <span class='ocr_line' id='line_1_96' title="bbox 240 4692 1783 4775; baseline -0.006 -20"><span class='ocrx_word' id='word_1_705' title='bbox 240 4702 416 4775; x_wconf 75' lang='grc' dir='ltr'>κλησία,</span> <span class='ocrx_word' id='word_1_706' title='bbox 452 4705 579 4760; x_wconf 83' lang='grc' dir='ltr'>ἀλλ’</span> <span class='ocrx_word' id='word_1_707' title='bbox 610 4702 732 4770; x_wconf 76' lang='grc' dir='ltr'>ἔχει</span> <span class='ocrx_word' id='word_1_708' title='bbox 782 4698 877 4749; x_wconf 80' lang='grc' dir='ltr'>καὶ</span> <span class='ocrx_word' id='word_1_709' title='bbox 926 4696 1047 4757; x_wconf 78' lang='grc' dir='ltr'>τοὺς</span> <span class='ocrx_word' id='word_1_710' title='bbox 1080 4692 1327 4764; x_wconf 71' lang='grc' dir='ltr'>ῥᾳστώνῃ</span> <span class='ocrx_word' id='word_1_711' title='bbox 1367 4692 1657 4755; x_wconf 75' lang='grc' dir='ltr'>συζῶντας,</span> <span class='ocrx_word' id='word_1_712' title='bbox 1693 4694 1783 4745; x_wconf 73' lang='grc' dir='ltr'>καὶ</span> 
     </span>
    </p>
   </div>
   <div class='ocr_carea' id='block_1_97' title="bbox 234 4782 1784 4866">
    <p class='ocr_par' dir='ltr' id='par_1_97' title="bbox 234 4782 1784 4866">
     <span class='ocr_line' id='line_1_97' title="bbox 234 4782 1784 4866; baseline -0.006 -21"><span class='ocrx_word' id='word_1_713' title='bbox 234 4792 302 4845; x_wconf 72' lang='grc' dir='ltr'>τὸν</span> <span class='ocrx_word' id='word_1_714' title='bbox 325 4798 622 4866; x_wconf 72' lang='grc' dir='ltr'>ἀνειμένον</span> <span class='ocrx_word' id='word_1_715' title='bbox 672 4789 789 4858; x_wconf 79' lang='grc' dir='ltr'>βίον</span> <span class='ocrx_word' id='word_1_716' title='bbox 828 4784 1251 4853; x_wconf 76' lang='grc' dir='ltr'>ἀσπαζομένους,</span> <span class='ocrx_word' id='word_1_717' title='bbox 1292 4783 1385 4834; x_wconf 51' lang='grc' dir='ltr'><strong>καὶ⁵</strong></span> <span class='ocrx_word' id='word_1_718' title='bbox 1412 4782 1621 4850; x_wconf 79' lang='grc' dir='ltr'>ἡδοναῖς</span> <span class='ocrx_word' id='word_1_719' title='bbox 1666 4783 1784 4835; x_wconf 90' lang='grc' dir='ltr'>δου-</span> 
     </span>
    </p>
   </div>
   <div class='ocr_carea' id='block_1_98' title="bbox 222 4871 1786 4955">
    <p class='ocr_par' dir='ltr' id='par_1_98' title="bbox 222 4871 1786 4955">
     <span class='ocr_line' id='line_1_98' title="bbox 222 4871 1786 4955; baseline -0.006 -21"><span class='ocrx_word' id='word_1_720' title='bbox 222 4880 376 4941; x_wconf 67' lang='grc' dir='ltr'>λεύειν</span> <span class='ocrx_word' id='word_1_721' title='bbox 405 4881 806 4955; x_wconf 80' lang='grc' dir='ltr'>αἱρουμένους.</span> <span class='ocrx_word' id='word_1_722' title='bbox 848 4876 957 4927; x_wconf 76' lang='grc' dir='ltr'><strong>Καὶ</strong></span> <span class='ocrx_word' id='word_1_723' title='bbox 986 4873 1167 4941; x_wconf 80' lang='grc' dir='ltr'>ἐπειδὴ</span> <span class='ocrx_word' id='word_1_724' title='bbox 1197 4874 1253 4924; x_wconf 86' lang='grc' dir='ltr'><strong>’ἐν</strong></span> <span class='ocrx_word' id='word_1_725' title='bbox 1282 4873 1396 4923; x_wconf 81' lang='grc' dir='ltr'>ἐστι</span> <span class='ocrx_word' id='word_1_726' title='bbox 1425 4871 1599 4940; x_wconf 84' lang='grc' dir='ltr'>σῶμα,</span> <span class='ocrx_word' id='word_1_727' title='bbox 1632 4871 1705 4934; x_wconf 81' lang='grc' dir='ltr'>ὡς</span> <span class='ocrx_word' id='word_1_728' title='bbox 1731 4871 1786 4937; x_wconf 73' lang='grc' dir='ltr'>ἐξ</span> 
     </span>
    </p>
   </div>
   <div class='ocr_carea' id='block_1_99' title="bbox 188 4962 1660 5048">
    <p class='ocr_par' dir='ltr' id='par_1_99' title="bbox 188 4962 1660 5048">
     <span class='ocr_line' id='line_1_99' title="bbox 188 4962 1660 5048; baseline -0.008 -22"><span class='ocrx_word' id='word_1_729' title='bbox 188 4964 319 5042; x_wconf 48' lang='lat' dir='ltr'><strong>Qui;</strong></span> <span class='ocrx_word' id='word_1_730' title='bbox 350 4974 664 5048; x_wconf 79' lang='grc' dir='ltr'>προσώπου</span> <span class='ocrx_word' id='word_1_731' title='bbox 703 4968 795 5021; x_wconf 77' lang='grc' dir='ltr'><strong>καὶ</strong></span> <span class='ocrx_word' id='word_1_732' title='bbox 826 4964 1000 5018; x_wconf 87' lang='grc' dir='ltr'>ταῦτα</span> <span class='ocrx_word' id='word_1_733' title='bbox 1028 4966 1249 5016; x_wconf 83' lang='grc' dir='ltr'>κάκεῖνα</span> <span class='ocrx_word' id='word_1_734' title='bbox 1279 4962 1660 5031; x_wconf 77' lang='grc' dir='ltr'>προσφέρεται.</span> 
     </span>
    </p>
   </div>
   <div class='ocr_carea' id='block_1_100' title="bbox 278 5071 1790 5157">
    <p class='ocr_par' dir='ltr' id='par_1_100' title="bbox 278 5071 1790 5157">
     <span class='ocr_line' id='line_1_100' title="bbox 278 5071 1790 5157; baseline -0.013 -17"><span class='ocrx_word' id='word_1_735' title='bbox 278 5090 511 5157; x_wconf 73' lang='grc' dir='ltr'>Νοήσεις</span> <span class='ocrx_word' id='word_1_736' title='bbox 532 5083 635 5135; x_wconf 70' lang='grc' dir='ltr'><strong>καὶ</strong></span> <span class='ocrx_word' id='word_1_737' title='bbox 672 5078 877 5138; x_wconf 72' lang='grc' dir='ltr'>οὕτως’</span> <span class='ocrx_word' id='word_1_738' title='bbox 932 5076 1081 5127; x_wconf 80' lang='grc' dir='ltr'>Ἐπεὶ</span> <span class='ocrx_word' id='word_1_739' title='bbox 1131 5075 1190 5126; x_wconf 77' lang='grc' dir='ltr'><strong>οὐ</strong></span> <span class='ocrx_word' id='word_1_740' title='bbox 1231 5074 1312 5123; x_wconf 89' lang='grc' dir='ltr'><strong>δεῖ</strong></span> <span class='ocrx_word' id='word_1_741' title='bbox 1347 5071 1663 5141; x_wconf 79' lang='grc' dir='ltr'>μακαρίζειν</span> <span class='ocrx_word' id='word_1_742' title='bbox 1698 5074 1790 5127; x_wconf 74' lang='grc' dir='ltr'><strong>ἄν.</strong></span> 
     </span>
    </p>
   </div>
   <div class='ocr_carea' id='block_1_101' title="bbox 228 5160 1789 5246">
    <p class='ocr_par' dir='ltr' id='par_1_101' title="bbox 228 5160 1789 5246">
     <span class='ocr_line' id='line_1_101' title="bbox 228 5160 1789 5246; baseline -0.01 -17"><span class='ocrx_word' id='word_1_743' title='bbox 228 5179 427 5246; x_wconf 65' lang='grc' dir='ltr'>θρωπω</span> <span class='ocrx_word' id='word_1_744' title='bbox 466 5174 577 5243; x_wconf 84' lang='grc' dir='ltr'><strong>πρὸ</strong></span> <span class='ocrx_word' id='word_1_745' title='bbox 621 5168 883 5236; x_wconf 83' lang='grc' dir='ltr'>τελευτῆς</span> <span class='ocrx_word' id='word_1_746' title='bbox 922 5165 1105 5224; x_wconf 76' lang='grc' dir='ltr'>αὐτοῦ,</span> <span class='ocrx_word' id='word_1_747' title='bbox 1133 5162 1351 5220; x_wconf 67' lang='grc' dir='ltr'>εἰκότως</span> <span class='ocrx_word' id='word_1_748' title='bbox 1387 5161 1414 5209; x_wconf 87' lang='grc' dir='ltr'>ὁ</span> <span class='ocrx_word' id='word_1_749' title='bbox 1436 5160 1530 5228; x_wconf 84' lang='grc' dir='ltr'>μὲν</span> <span class='ocrx_word' id='word_1_750' title='bbox 1558 5162 1789 5216; x_wconf 86' lang='grc' dir='ltr'>ἀπόστο-</span> 
     </span>
    </p>
   </div>
   <div class='ocr_carea' id='block_1_102' title="bbox 1887 4614 3422 4688">
    <p class='ocr_par' dir='ltr' id='par_1_102' title="bbox 1887 4614 3422 4688">
     <span class='ocr_line' id='line_1_102' title="bbox 1887 4614 3422 4688; baseline -0.006 -17"><span class='ocrx_word' id='word_1_751' title='bbox 1887 4619 2179 4688; x_wconf 89' lang='lat' dir='ltr'><strong>luptatibus</strong></span> <span class='ocrx_word' id='word_1_752' title='bbox 2215 4618 2415 4670; x_wconf 83' lang='lat' dir='ltr'><strong>servire</strong></span> <span class='ocrx_word' id='word_1_753' title='bbox 2443 4621 2741 4682; x_wconf 89' lang='lat' dir='ltr'><strong>peroptent.</strong></span> <span class='ocrx_word' id='word_1_754' title='bbox 2778 4614 2840 4665; x_wconf 85' lang='lat' dir='ltr'><strong>Et</strong></span> <span class='ocrx_word' id='word_1_755' title='bbox 2871 4615 3119 4683; x_wconf 89' lang='lat' dir='ltr'><strong>quoniam</strong></span> <span class='ocrx_word' id='word_1_756' title='bbox 3145 4628 3310 4665; x_wconf 89' lang='lat' dir='ltr'><strong>unum</strong></span> <span class='ocrx_word' id='word_1_757' title='bbox 3339 4619 3422 4664; x_wconf 87' lang='lat' dir='ltr'><strong>est</strong></span> 
     </span>
    </p>
   </div>
   <div class='ocr_carea' id='block_1_103' title="bbox 1888 4702 3421 4779">
    <p class='ocr_par' dir='ltr' id='par_1_103' title="bbox 1888 4702 3421 4779">
     <span class='ocr_line' id='line_1_103' title="bbox 1888 4702 3421 4779; baseline -0.008 -15"><span class='ocrx_word' id='word_1_758' title='bbox 1888 4726 2104 4779; x_wconf 90' lang='lat' dir='ltr'><strong>corpus,</strong></span> <span class='ocrx_word' id='word_1_759' title='bbox 2146 4719 2399 4776; x_wconf 87' lang='lat' dir='ltr'><strong>tanquam</strong></span> <span class='ocrx_word' id='word_1_760' title='bbox 2442 4720 2506 4759; x_wconf 80' lang='lat' dir='ltr'><strong>ex</strong></span> <span class='ocrx_word' id='word_1_761' title='bbox 2556 4718 2661 4757; x_wconf 90' lang='lat' dir='ltr'><strong>una</strong></span> <span class='ocrx_word' id='word_1_762' title='bbox 2711 4720 2939 4772; x_wconf 83' lang='lat' dir='ltr'><strong>persona</strong></span> <span class='ocrx_word' id='word_1_763' title='bbox 2986 4713 3039 4758; x_wconf 87' lang='lat' dir='ltr'><strong>et</strong></span> <span class='ocrx_word' id='word_1_764' title='bbox 3090 4702 3203 4755; x_wconf 64' lang='lat' dir='ltr'><strong>haec</strong></span> <span class='ocrx_word' id='word_1_765' title='bbox 3246 4709 3299 4755; x_wconf 90' lang='lat' dir='ltr'><strong>et</strong></span> <span class='ocrx_word' id='word_1_766' title='bbox 3334 4702 3421 4754; x_wconf 84' lang='lat' dir='ltr'><strong>illa</strong></span> 
     </span>
    </p>
   </div>
   <div class='ocr_carea' id='block_1_104' title="bbox 1889 4800 2253 4870">
    <p class='ocr_par' dir='ltr' id='par_1_104' title="bbox 1889 4800 2253 4870">
     <span class='ocr_line' id='line_1_104' title="bbox 1889 4800 2253 4870; baseline 0.003 -14"><span class='ocrx_word' id='word_1_767' title='bbox 1889 4800 2253 4870; x_wconf 83' lang='lat' dir='ltr'><strong>proferuntur.</strong></span> 
     </span>
    </p>
   </div>
   <div class='ocr_carea' id='block_1_105' title="bbox 1962 5049 3434 5130">
    <p class='ocr_par' dir='ltr' id='par_1_105' title="bbox 1962 5049 3434 5130">
     <span class='ocr_line' id='line_1_105' title="bbox 1962 5049 3434 5130; baseline -0.012 -16"><span class='ocrx_word' id='word_1_768' title='bbox 1962 5061 2074 5116; x_wconf 84' lang='lat' dir='ltr'><strong>Hoc</strong></span> <span class='ocrx_word' id='word_1_769' title='bbox 2104 5074 2314 5130; x_wconf 89' lang='lat' dir='ltr'><strong>quoque</strong></span> <span class='ocrx_word' id='word_1_770' title='bbox 2344 5056 2504 5112; x_wconf 90' lang='lat' dir='ltr'><strong>modo</strong></span> <span class='ocrx_word' id='word_1_771' title='bbox 2551 5055 2818 5125; x_wconf 83' lang='lat' dir='ltr'><strong>intelligas</strong></span> <span class='ocrx_word' id='word_1_772' title='bbox 2857 5072 2870 5107; x_wconf 90' lang='lat'><strong>:</strong></span> <span class='ocrx_word' id='word_1_773' title='bbox 2896 5049 3031 5116; x_wconf 86' lang='lat' dir='ltr'><strong>Quia</strong></span> <span class='ocrx_word' id='word_1_774' title='bbox 3060 5060 3167 5099; x_wconf 87' lang='lat' dir='ltr'><strong>non</strong></span> <span class='ocrx_word' id='word_1_775' title='bbox 3217 5053 3434 5114; x_wconf 69' lang='lat' dir='ltr'><strong>oportet.</strong></span> 
     </span>
    </p>
   </div>
   <div class='ocr_carea' id='block_1_106' title="bbox 1894 5136 3438 5212">
    <p class='ocr_par' dir='ltr' id='par_1_106' title="bbox 1894 5136 3438 5212">
     <span class='ocr_line' id='line_1_106' title="bbox 1894 5136 3438 5212; baseline -0.015 -5"><span class='ocrx_word' id='word_1_776' title='bbox 1894 5160 2017 5207; x_wconf 86' lang='lat' dir='ltr'><strong>ante</strong></span> <span class='ocrx_word' id='word_1_777' title='bbox 2044 5152 2246 5206; x_wconf 89' lang='lat' dir='ltr'><strong>obitum</strong></span> <span class='ocrx_word' id='word_1_778' title='bbox 2270 5148 2539 5202; x_wconf 88' lang='lat' dir='ltr'><strong>hominem</strong></span> <span class='ocrx_word' id='word_1_779' title='bbox 2586 5146 2800 5200; x_wconf 87' lang='lat' dir='ltr'><strong>beatum</strong></span> <span class='ocrx_word' id='word_1_780' title='bbox 2854 5138 3147 5212; x_wconf 54' lang='lat' dir='ltr'><strong>pradicare</strong></span> <span class='ocrx_word' id='word_1_781' title='bbox 3190 5136 3289 5196; x_wconf 70' lang='grc'>¹⁵·,</span> <span class='ocrx_word' id='word_1_782' title='bbox 3320 5138 3438 5203; x_wconf 85' lang='lat' dir='ltr'><strong>jure</strong></span> 
     </span>
    </p>
   </div>
   <div class='ocr_carea' id='block_1_107' title="bbox 216 5227 1772 5332">
    <p class='ocr_par' dir='ltr' id='par_1_107' title="bbox 216 5227 1772 5332">
     <span class='ocr_line' id='line_1_107' title="bbox 216 5227 1772 5332; baseline -0.008 -15"><span class='ocrx_word' id='word_1_783' title='bbox 216 5227 332 5325; x_wconf 57' lang='grc' dir='ltr'>λθς,</span> <span class='ocrx_word' id='word_1_784' title='bbox 352 5227 556 5332; x_wconf 60' lang='grc' dir='ltr'>καίπερ</span> <span class='ocrx_word' id='word_1_785' title='bbox 605 5227 903 5317; x_wconf 66' lang='grc' dir='ltr'>ἀπόστολος</span> <span class='ocrx_word' id='word_1_786' title='bbox 950 5254 1024 5305; x_wconf 83' lang='grc' dir='ltr'>ὢν</span> <span class='ocrx_word' id='word_1_787' title='bbox 1063 5254 1153 5306; x_wconf 78' lang='grc' dir='ltr'>καὶ</span> <span class='ocrx_word' id='word_1_788' title='bbox 1198 5247 1392 5316; x_wconf 81' lang='grc' dir='ltr'>κλητὸς</span> <span class='ocrx_word' id='word_1_789' title='bbox 1423 5227 1511 5299; x_wconf 74' lang='grc' dir='ltr'>καὶ</span> <span class='ocrx_word' id='word_1_790' title='bbox 1535 5250 1772 5305; x_wconf 74' lang='grc' dir='ltr'>ἐκλεκτὺ‹</span> 
     </span>
    </p>
   </div>
   <div class='ocr_carea' id='block_1_108' title="bbox 1879 5227 3447 5332">
    <p class='ocr_par' dir='ltr' id='par_1_108' title="bbox 1894 5227 3447 5332">
     <span class='ocr_line' id='line_1_108' title="bbox 1894 5227 3447 5332; baseline -0.015 -34"><span class='ocrx_word' id='word_1_791' title='bbox 1894 5242 2200 5313; x_wconf 87' lang='lat' dir='ltr'><strong>Apostolus,</strong></span> <span class='ocrx_word' id='word_1_792' title='bbox 2234 5238 2357 5291; x_wconf 89' lang='lat' dir='ltr'><strong>licet</strong></span> <span class='ocrx_word' id='word_1_793' title='bbox 2387 5236 2664 5305; x_wconf 88' lang='lat' dir='ltr'><strong>apostolus</strong></span> <span class='ocrx_word' id='word_1_794' title='bbox 2702 5235 2768 5288; x_wconf 89' lang='lat' dir='ltr'><strong>sit</strong></span> <span class='ocrx_word' id='word_1_795' title='bbox 2804 5250 2864 5287; x_wconf 84' lang='lat' dir='ltr'><strong>ac</strong></span> <span class='ocrx_word' id='word_1_796' title='bbox 2893 5236 3120 5284; x_wconf 82' lang='lat' dir='ltr'><strong>vocatus</strong></span> <span class='ocrx_word' id='word_1_797' title='bbox 3149 5232 3206 5277; x_wconf 88' lang='lat' dir='ltr'><strong>et</strong></span> <span class='ocrx_word' id='word_1_798' title='bbox 3235 5227 3447 5332; x_wconf 52' lang='lat' dir='ltr'><strong>electus</strong></span> 
     </span>
    </p>
   </div>
   <div class='ocr_carea' id='block_1_109' title="bbox 238 5337 1794 5424">
    <p class='ocr_par' dir='ltr' id='par_1_109' title="bbox 238 5337 1794 5424">
     <span class='ocr_line' id='line_1_109' title="bbox 238 5337 1794 5424; baseline -0.012 -15"><span class='ocrx_word' id='word_1_799' title='bbox 238 5356 456 5424; x_wconf 79' lang='grc' dir='ltr'>Χριστοῦ</span> <span class='ocrx_word' id='word_1_800' title='bbox 495 5349 698 5421; x_wconf 83' lang='grc' dir='ltr'>Ἰησοῦ,</span> <span class='ocrx_word' id='word_1_801' title='bbox 736 5351 884 5417; x_wconf 81' lang='grc' dir='ltr'>ὅμως</span> <span class='ocrx_word' id='word_1_802' title='bbox 912 5346 1009 5397; x_wconf 78' lang='grc' dir='ltr'><strong>οὐκ</strong></span> <span class='ocrx_word' id='word_1_803' title='bbox 1049 5342 1193 5394; x_wconf 88' lang='grc' dir='ltr'>ὀκνεῖ</span> <span class='ocrx_word' id='word_1_804' title='bbox 1238 5337 1445 5402; x_wconf 84' lang='grc' dir='ltr'>λέγειν·</span> <span class='ocrx_word' id='word_1_805' title='bbox 1485 5338 1794 5400; x_wconf 80' lang='grc' dir='ltr'><strong>Ὺποπιέζω</strong></span> 
     </span>
    </p>
   </div>
   <div class='ocr_carea' id='block_1_110' title="bbox 244 5424 1791 5510">
    <p class='ocr_par' dir='ltr' id='par_1_110' title="bbox 244 5424 1791 5510">
     <span class='ocr_line' id='line_1_110' title="bbox 244 5424 1791 5510; baseline -0.019 -11"><span class='ocrx_word' id='word_1_806' title='bbox 244 5464 344 5510; x_wconf 70' lang='grc' dir='ltr'><strong>μου</strong></span> <span class='ocrx_word' id='word_1_807' title='bbox 369 5445 432 5497; x_wconf 83' lang='grc' dir='ltr'>τὸ</span> <span class='ocrx_word' id='word_1_808' title='bbox 460 5443 657 5509; x_wconf 81' lang='grc' dir='ltr'>σῶμα,</span> <span class='ocrx_word' id='word_1_809' title='bbox 688 5439 784 5490; x_wconf 77' lang='grc' dir='ltr'>καὶ</span> <span class='ocrx_word' id='word_1_810' title='bbox 815 5429 1180 5498; x_wconf 78' lang='grc' dir='ltr'>δουλαγωγῶ,</span> <span class='ocrx_word' id='word_1_811' title='bbox 1197 5424 1430 5493; x_wconf 78' lang='grc' dir='ltr'>μήπως,</span> <span class='ocrx_word' id='word_1_812' title='bbox 1450 5426 1655 5491; x_wconf 76' lang='grc' dir='ltr'>ἄλλοις</span> <span class='ocrx_word' id='word_1_813' title='bbox 1679 5446 1791 5495; x_wconf 84' lang='grc' dir='ltr'>κη-</span> 
     </span>
    </p>
   </div>
   <div class='ocr_carea' id='block_1_111' title="bbox 254 5510 1795 5598">
    <p class='ocr_par' dir='ltr' id='par_1_111' title="bbox 254 5510 1795 5598">
     <span class='ocr_line' id='line_1_111' title="bbox 254 5510 1795 5598; baseline 0.012 -48"><span class='ocrx_word' id='word_1_814' title='bbox 254 5534 435 5598; x_wconf 47' lang='lat' dir='ltr'><strong>Neue,</strong></span> <span class='ocrx_word' id='word_1_815' title='bbox 472 5529 655 5591; x_wconf 55' lang='grc' dir='ltr'><em>αὐτὸς</em></span> <span class='ocrx_word' id='word_1_816' title='bbox 687 5524 963 5589; x_wconf 63' lang='grc' dir='ltr'><strong>ἀδόκιμος</strong></span> <span class='ocrx_word' id='word_1_817' title='bbox 992 5519 1253 5585; x_wconf 76' lang='grc' dir='ltr'>γένωμαι,</span> <span class='ocrx_word' id='word_1_818' title='bbox 1295 5510 1369 5561; x_wconf 83' lang='grc' dir='ltr'><strong>Τὸ</strong></span> <span class='ocrx_word' id='word_1_819' title='bbox 1390 5510 1509 5563; x_wconf 82' lang='grc' dir='ltr'>αὐτὸ</span> <span class='ocrx_word' id='word_1_820' title='bbox 1538 5512 1593 5563; x_wconf 80' lang='grc' dir='ltr'><strong>δὲ</strong></span> <span class='ocrx_word' id='word_1_821' title='bbox 1627 5516 1731 5566; x_wconf 78' lang='grc' dir='ltr'><strong>καὶ</strong></span> <span class='ocrx_word' id='word_1_822' title='bbox 1766 5521 1795 5570; x_wconf 86' lang='grc' dir='ltr'>ὁ</span> 
     </span>
    </p>
   </div>
   <div class='ocr_carea' id='block_1_112' title="bbox 1896 5312 3453 5388">
    <p class='ocr_par' dir='ltr' id='par_1_112' title="bbox 1896 5312 3453 5388">
     <span class='ocr_line' id='line_1_112' title="bbox 1896 5312 3453 5388; baseline -0.017 0"><span class='ocrx_word' id='word_1_823' title='bbox 1896 5312 2096 5387; x_wconf 83' lang='lat' dir='ltr'><strong>Christi</strong></span> <span class='ocrx_word' id='word_1_824' title='bbox 2118 5330 2268 5388; x_wconf 82' lang='lat' dir='ltr'><strong>Jesu,</strong></span> <span class='ocrx_word' id='word_1_825' title='bbox 2302 5333 2535 5379; x_wconf 86' lang='lat' dir='ltr'><strong>attamen</strong></span> <span class='ocrx_word' id='word_1_826' title='bbox 2564 5339 2672 5377; x_wconf 91' lang='lat' dir='ltr'><strong>non</strong></span> <span class='ocrx_word' id='word_1_827' title='bbox 2719 5331 2937 5377; x_wconf 81' lang='lat' dir='ltr'><strong>veretur</strong></span> <span class='ocrx_word' id='word_1_828' title='bbox 2968 5318 3151 5371; x_wconf 88' lang='lat' dir='ltr'><strong>dicere</strong></span> <span class='ocrx_word' id='word_1_829' title='bbox 3187 5329 3201 5363; x_wconf 88' lang='lat'><strong>:</strong></span> <span class='ocrx_word' id='word_1_830' title='bbox 3232 5312 3453 5380; x_wconf 72' lang='lat' dir='ltr'><strong>Castigo</strong></span> 
     </span>
    </p>
   </div>
   <div class='ocr_carea' id='block_1_113' title="bbox 1898 5402 3463 5494">
    <p class='ocr_par' dir='ltr' id='par_1_113' title="bbox 1898 5402 3463 5494">
     <span class='ocr_line' id='line_1_113' title="bbox 1898 5402 3463 5494; baseline -0.018 -15"><span class='ocrx_word' id='word_1_831' title='bbox 1898 5441 2078 5494; x_wconf 87' lang='lat' dir='ltr'><strong>corpus</strong></span> <span class='ocrx_word' id='word_1_832' title='bbox 2104 5437 2286 5479; x_wconf 86' lang='lat' dir='ltr'><strong>meum,</strong></span> <span class='ocrx_word' id='word_1_833' title='bbox 2317 5427 2364 5470; x_wconf 84' lang='lat' dir='ltr'><strong>ct</strong></span> <span class='ocrx_word' id='word_1_834' title='bbox 2392 5418 2447 5469; x_wconf 85' lang='lat' dir='ltr'><strong>in</strong></span> <span class='ocrx_word' id='word_1_835' title='bbox 2472 5419 2765 5470; x_wconf 86' lang='lat' dir='ltr'><strong>servitutem</strong></span> <span class='ocrx_word' id='word_1_836' title='bbox 2784 5414 2985 5481; x_wconf 79' lang='lat' dir='ltr'><strong>redigo,</strong></span> <span class='ocrx_word' id='word_1_837' title='bbox 3013 5423 3076 5459; x_wconf 90' lang='lat' dir='ltr'><strong>ne</strong></span> <span class='ocrx_word' id='word_1_838' title='bbox 3100 5403 3225 5455; x_wconf 85' lang='lat' dir='ltr'><strong>aliis</strong></span> <span class='ocrx_word' id='word_1_839' title='bbox 3263 5402 3463 5494; x_wconf 32' lang='grc' dir='ltr'>ρι’ωάᾼῆ</span> 
     </span>
    </p>
   </div>
   <div class='ocr_carea' id='block_1_114' title="bbox 1899 5486 3471 5582">
    <p class='ocr_par' dir='ltr' id='par_1_114' title="bbox 1899 5486 3471 5582">
     <span class='ocr_line' id='line_1_114' title="bbox 1899 5486 3471 5582; baseline -0.02 -10"><span class='ocrx_word' id='word_1_840' title='bbox 1899 5486 2021 5571; x_wconf 76' lang='lat' dir='ltr'><strong>cans</strong></span> <span class='ocrx_word' id='word_1_841' title='bbox 2044 5516 2149 5582; x_wconf 84' lang='lat' dir='ltr'><strong>ipse</strong></span> <span class='ocrx_word' id='word_1_842' title='bbox 2176 5507 2418 5576; x_wconf 88' lang='lat' dir='ltr'><strong>reprobus</strong></span> <span class='ocrx_word' id='word_1_843' title='bbox 2435 5509 2623 5577; x_wconf 79' lang='lat' dir='ltr'><strong>elﬁciar</strong></span> <span class='ocrx_word' id='word_1_844' title='bbox 2652 5509 2714 5559; x_wconf 79' lang='lat'><strong>&quot;.</strong></span> <span class='ocrx_word' id='word_1_845' title='bbox 2752 5505 2997 5574; x_wconf 89' lang='lat' dir='ltr'><strong>ldipsum</strong></span> <span class='ocrx_word' id='word_1_846' title='bbox 3032 5508 3260 5567; x_wconf 87' lang='lat' dir='ltr'><strong>quoque</strong></span> <span class='ocrx_word' id='word_1_847' title='bbox 3302 5486 3471 5545; x_wconf 82' lang='lat' dir='ltr'><strong>David</strong></span> 
     </span>
    </p>
   </div>
   <div class='ocr_carea' id='block_1_115' title="bbox 328 5652 1772 5743">
    <p class='ocr_par' dir='ltr' id='par_1_115' title="bbox 328 5660 1772 5743">
     <span class='ocr_line' id='line_1_115' title="bbox 328 5660 1772 5743; baseline -0.012 -10"><span class='ocrx_word' id='word_1_848' title='bbox 328 5683 365 5711; x_wconf 81' lang='lat'>“</span> <span class='ocrx_word' id='word_1_849' title='bbox 398 5682 524 5733; x_wconf 72' lang='lat' dir='ltr'><strong>Dan.</strong></span> <span class='ocrx_word' id='word_1_850' title='bbox 561 5695 653 5740; x_wconf 85' lang='lat' dir='ltr'><strong>Ill,</strong></span> <span class='ocrx_word' id='word_1_851' title='bbox 686 5676 772 5729; x_wconf 74' lang='lat'><strong>29.</strong></span> <span class='ocrx_word' id='word_1_852' title='bbox 853 5671 894 5702; x_wconf 82' lang='lat'>&quot;</span> <span class='ocrx_word' id='word_1_853' title='bbox 934 5669 949 5721; x_wconf 99' lang='lat' dir='ltr'>I</span> <span class='ocrx_word' id='word_1_854' title='bbox 986 5666 1107 5718; x_wconf 85' lang='lat' dir='ltr'><strong>Tim.</strong></span> <span class='ocrx_word' id='word_1_855' title='bbox 1145 5679 1195 5743; x_wconf 85' lang='grc' dir='ltr'><strong>ι,</strong></span> <span class='ocrx_word' id='word_1_856' title='bbox 1240 5660 1325 5715; x_wconf 74' lang='grc'><strong>15.</strong></span> <span class='ocrx_word' id='word_1_857' title='bbox 1402 5662 1441 5694; x_wconf 73' lang='grc'><strong>’⁸</strong></span> <span class='ocrx_word' id='word_1_858' title='bbox 1474 5661 1491 5714; x_wconf 88' lang='grc'><strong>1</strong></span> <span class='ocrx_word' id='word_1_859' title='bbox 1520 5662 1653 5718; x_wconf 85' lang='lat' dir='ltr'><strong>Cor.</strong></span> <span class='ocrx_word' id='word_1_860' title='bbox 1697 5682 1772 5721; x_wconf 74' lang='lat' dir='ltr'><strong>xv</strong></span> 
     </span>
    </p>
   </div>
   <div class='ocr_carea' id='block_1_116' title="bbox 1879 5652 3039 5743">
    <p class='ocr_par' dir='ltr' id='par_1_116' title="bbox 1879 5652 3039 5724">
     <span class='ocr_line' id='line_1_116' title="bbox 1879 5652 3039 5724; baseline -0.018 0"><span class='ocrx_word' id='word_1_861' title='bbox 1879 5710 1884 5724; x_wconf 91' lang='lat'><strong>.</strong></span> <span class='ocrx_word' id='word_1_862' title='bbox 1962 5662 2203 5718; x_wconf 71' lang='lat' dir='ltr'><strong>“‘Eccli.</strong></span> <span class='ocrx_word' id='word_1_863' title='bbox 2244 5674 2323 5723; x_wconf 69' lang='grc' dir='ltr'>χι,</span> <span class='ocrx_word' id='word_1_864' title='bbox 2359 5661 2448 5715; x_wconf 83' lang='lat'><strong>&#39;50.</strong></span> <span class='ocrx_word' id='word_1_865' title='bbox 2528 5664 2568 5695; x_wconf 74' lang='lat'><strong>&quot;</strong></span> <span class='ocrx_word' id='word_1_866' title='bbox 2607 5661 2625 5714; x_wconf 90' lang='lat' dir='ltr'><strong>l</strong></span> <span class='ocrx_word' id='word_1_867' title='bbox 2659 5660 2781 5715; x_wconf 89' lang='lat' dir='ltr'><strong>Cor.</strong></span> <span class='ocrx_word' id='word_1_868' title='bbox 2813 5673 2900 5721; x_wconf 78' lang='lat' dir='ltr'><strong>Ix,</strong></span> <span class='ocrx_word' id='word_1_869' title='bbox 2935 5652 3039 5706; x_wconf 75' lang='lat'><strong>27.</strong></span> 
     </span>
    </p>
   </div>
  </div>
