3812 6358
61 0 311 109 __”/Y
342 10 373 17 ’ν
493 13 633 35 ﬁam
666 30 785 45 H7"
814 44 829 45 ί

156 422 265 474 τῶν

1384 390 1869 451 εοιιΜΕΝτΑιιιΑ
1905 387 1971 447 IN
2005 380 2320 445 PSALMOS
2334 419 2347 432 .

3326 386 3429 443 362

180 497 491 582 ὶΊῗι6ου).ὰς
511 499 889 570 επινοοῦντες
930 512 1066 564 κατ’
1087 510 1276 578 αὐτοῦ,
1298 513 1378 581 ἐφ’
1409 510 1607 581 ἑκάστῃ
1627 506 2020 580 προσδοκῶντες
2051 497 2514 575 περιγενήσεσθαι,
2547 500 2741 571 ελεγον.
2760 496 2930 569 Εὖγε,
2953 498 3106 571 εὖγε.
3124 503 3278 557 Ἀλλὰ
3306 504 3429 557 πο).-

198 614 373 670 γάιις
389 593 560 656 τοῦτο,
576 594 779 664 φησὶν,
799 588 1221 671 εἱρηδιότεςβιὰ
1235 602 1330 673 τὴν
1350 602 1444 673 σὴν
1472 603 1626 674 χάριν
1645 594 2152 654 ἀπαλλαττέσθωσαν
2170 592 2268 663 ἤδη
2288 589 2432 649 ποτὲ.
2452 588 2546 660 τὴν
2569 590 2766 644 ἑαυτῶν
2790 593 3132 661 κομισάμενοι
3157 592 3428 662 αἰσχύνην.

353 689 458 744 ιειΣ
490 687 581 740 T0
618 687 1202 754 ΤΕΛΟΣ,ΨΑΛΜΟΣ
1238 693 1322 746 TD
1359 693 1552 745 ΔΑΥῐΔ
1585 691 1673 745 Μ’.

293 764 592 851 Μακάριος
618 783 651 833 ὀ
674 782 927 836 συνιὼν
955 785 1059 838 ἐπὶ
1080 784 1312 854 πτωχὸν
1336 783 1431 834 καὶ
1459 781 1679 849 πένητα
1697 800 1709 810 ·
1738 783 1806 834 ἐν

226 877 420 947 ἡμέρᾳ
462 868 696 938 πονηρᾷ
734 872 1006 938 ῥύσεται
1042 875 1224 924 αὐτὸν
1250 873 1283 923 ό
1322 872 1544 938 Κύριος.
1596 873 1806 939 Κύριος

220 962 600 1035 διαφυλάξαι
625 962 819 1015 αὑτὸν
853 960 960 1013 καὶ
998 958 1215 1021 («ubam
1249 961 1451 1022 αὐτὸν,
1491 961 1588 1013 καὶ
1622 977 1805 1029 μακα-

200 1059 395 1124 ρίσαι
420 1053 608 1107 αὑτὸν
635 1052 706 1102 ἐν
740 1048 819 1117 τῇ
850 1047 951 1119 τῇ,
983 1050 1081 1103 καὶ
1108 1049 1192 1118 μὴ
1218 1047 1453 1116 παραδῷ
1499 1050 1682 1102 αὑτὸν
1720 1050 1804 1113 εἰς

208 1143 446 1214 ψυχὴν
462 1137 695 1208 ἐχθρῶν
717 1138 936 1192 αὐτοῦ.
960 1139 1169 1213 Κύριος
1182 1136 1478 1205 βοηθῆσαι
1518 1137 1674 1202 αὐτῷ
1706 1136 1803 1190 ἐπὶ

192 1235 446 1294 κλίνης
491 1229 726 1295 ὀδύνης
766 1227 979 1291 αὑτοῦ,
1032 1227 1182 1293 ὅλην
1219 1226 1329 1293 τὴν
1370 1227 1572 1294 κοίτην
1620 1225 1802 1280 αὐτοῦ

192 1323 527 1389 ἔστρεψας
558 1320 634 1372 ἐν
662 1318 742 1387 τῇ
788 1318 1087 1386 ἀρρωστίᾳ
1124 1316 1325 1370 αὑτοῦ.
1369 1316 1575 1387 Προιὼν
1625 1316 1747 1387 ἑξῆς
1772 1319 1801 1369 6

196 1412 379 1479 λόγος
411 1408 679 1479 ἐπιφέρει
703 1424 717 1437 °
753 1406 867 1461 Kal
892 1406 1001 1475 γὰρ
1026 1408 1059 1458 ό
1100 1405 1400 1473 ἅνθρωπος
1426 1404 1532 1473 τῆς
1564 1406 1801 1475 εἰρήνης

182 1516 361 1567 μου,
398 1496 494 1563 ἐφ’
528 1495 608 1546 ὃν
637 1493 899 1559 ἤλπισα,
939 1495 970 1545 ό
1001 1491 1216 1545 ἐσθίων
1247 1490 1460 1557 ἄρτους
1491 1510 1638 1560 μου,
1669 1494 1796 1561 ἐμε-

185 1587 492 1658 γάλυνεν
518 1584 621 1635 ἐπ’
655 1582 767 1652 ἐμὲ
792 1582 1170 1649 πτερνισμόν.
1202 1579 1382 1635 Ταῦτα
1409 1581 1463 1634 δὲ
1501 1582 1800 1654 ἀναγέγρα-

177 1694 354 1730 πται
385 1675 415 1726 6
452 1674 660 1744 Σωτὴρ
713 1674 811 1726 καὶ
839 1672 1039 1742 Κύριος
1066 1671 1218 1741 ἡμῶν
1249 1674 1305 1724 ὲν
1330 1672 1405 1742 τῷ
1432 1675 1568 1727 κατὰ
1625 1674 1798 1728 Ἰωάν-

177 1786 299 1839 νην
342 1764 686 1834 Εὐαγγελίῳ
716 1765 794 1827 ὡς
827 1761 886 1826 ἐξ
907 1761 1101 1815 οἰκείου
1151 1761 1433 1832 προσώπου
1478 1763 1709 1835 εἰρηκὼς
1740 1766 1796 1818 ἐν

175 1861 265 1929 τῇ
318 1856 470 1926 πρὸς
527 1856 665 1916 τοὺς
724 1853 971 1923 μαθητὰς
1030 1854 1242 1925 ὁμιλίᾳ·
1297 1855 1360 1906 δι’
1409 1847 1481 1908 ὧν
1530 1855 1790 1923 ἔφασκεν⁵

200 1945 437 2014 Ἀμὴν,
458 1943 656 2013 ἀμὴν,
680 1944 840 2013 λέγω
864 1944 1003 2012 ὑμῖν
1021 1960 1035 1974 ·
1072 1947 1189 1997 Οὐκ
1215 1945 1341 1998 ἐστι
1365 1944 1581 2009 δοῦλος
1588 1943 1795 2013 μείζων

1833 692 1880 747 Α

2220 681 2271 734 l.
2309 676 2376 731 IN
2404 676 2625 745 FINEM,
2646 676 2960 732 PSALMUS
2997 677 3105 733 XL.

1981 773 2143 828 Vens.
2163 772 2286 827 2-4.
2307 770 2500 825 Beatus
2528 772 2619 839 qui
2645 770 2885 840 intelligit
2932 787 3084 840 super
3136 787 3347 843 egenum
3381 787 3428 829 et

1873 854 1876 857 ’
1909 879 2181 933 pauperem
2217 865 2309 916 :in
2337 860 2420 914 die
2442 860 2583 913 mala
2612 861 2850 915 liberabit
2879 877 2993 914 eum
3019 861 3292 919 Dominus.
3320 864 3429 920 Do-

1907 955 2079 1008 minus
2109 962 2369 1008 conservet
2397 968 2512 1006 eum
2539 963 2589 1007 et
2620 954 2837 1022 viviﬁcet
2878 971 3014 1019 eum,
3043 965 3091 1008 et
3116 959 3317 1010 beatum
3349 958 3431 1024 fa-

1906 1044 2011 1095 ciat
2031 1059 2147 1097 eum
2179 1042 2231 1095 in
2250 1051 2405 1101 terra,
2437 1048 2485 1093 et
2515 1055 2617 1093 non
2655 1039 2827 1092 tradat
2850 1057 2965 1093 eum
2991 1042 3045 1094 in
3069 1041 3296 1094 animam
3325 1043 3429 1095 ini-

1905 1133 2155 1185 micorum
2192 1132 2323 1201 ejus.
2362 1130 2609 1184 Dominus
2639 1146 2782 1199 opem
2805 1130 2938 1198 ferat
2980 1130 3060 1183 illi
3078 1145 3228 1199 super
3246 1132 3431 1186 lectum

1904 1218 2097 1273 doloris
2125 1219 2252 1287 ejus,
2282 1220 2573 1272 universum
2592 1227 2813 1272 stratum
2842 1218 2953 1286 ejus
2978 1220 3193 1274 versasli
3208 1222 3260 1274 in
3284 1221 3433 1289 inﬁr-

1907 1311 2082 1362 mitate
2118 1324 2251 1376 ejus.
2283 1307 2396 1362 Sub
2421 1308 2533 1362 haec
2585 1315 2759 1362 autem
2809 1307 2882 1360 ita
2928 1323 3101 1363 sermo
3151 1311 3427 1379 procedit:

1904 1396 2107 1451 Etenim
2123 1397 2273 1450 homo
2294 1397 2438 1463 pacis
2463 1413 2611 1462 mete,
2643 1398 2696 1449 in
2746 1413 2845 1465 quo
2891 1398 3110 1464 sperari,
3135 1400 3220 1467 qui
3251 1398 3431 1453 edebat

1900 1502 2055 1553 panes
2076 1503 2236 1549 meos,
2261 1487 2610 1555 magniﬁcavit
2648 1501 2801 1554 super
2837 1502 2916 1539 me
2941 1487 3427 1555 supplantationem.

1901 1576 2024 1631 Haec
2059 1592 2217 1647 porro
2262 1575 2464 1631 dixisse
2509 1577 2763 1631 scribitur
2802 1575 3046 1630 Salvator
3075 1586 3129 1631 et
3173 1577 3429 1636 Dominus

1901 1676 2082 1722 noster
2117 1667 2170 1719 in
2203 1666 2492 1736 Evangelia
2548 1666 2842 1721 secundum
2872 1665 3153 1731 Joannem,
3186 1670 3336 1737 quasi
3362 1687 3428 1725 ex

1899 1760 2114 1828 propria
2167 1772 2394 1827 persona
2453 1759 2531 1813 sic
2590 1758 2883 1827 discipulos
2926 1758 3422 1822 allocutuszAmen,

1898 1835 2065 1912 amen,
2117 1846 2232 1901 dico
2270 1847 2454 1900 vobis:
2490 1846 2613 1900 Non
2655 1856 2730 1901 est
2779 1864 2952 1902 servus
3007 1850 3179 1917 major
3219 1850 3426 1903 domino

1897 1954 2008 2001 suo,
2040 1954 2196 2008 neque
2219 1939 2482 2006 apostolus
2514 1939 2681 2006 major
2707 1949 2781 1992 est
2803 1955 2862 1992 eo
2880 1941 2969 2008 qui
3000 1940 3142 1994 misit
3168 1940 3337 1996 illum.
3369 1940 3429 1996 Si

196 2035 344 2088 τοῦ
384 2036 596 2102 κυρίου
635 2033 853 2097 αὑτοῦ,
892 2033 1033 2087 οὐδὲ
1069 2035 1406 2099 ἀπόστολος
1438 2033 1645 2102 μείζων
1690 2034 1783 2086 τοί

1891 2028 1998 2081 lucc
2023 2030 2184 2091 scitis,
2225 2028 2361 2081 beati
2396 2029 2542 2081 eritis
2591 2045 2707 2081 cum
2723 2028 2945 2096 feceritis
2968 2046 3049 2086 ea.
3082 2029 3206 2085 Non
3233 2031 3296 2084 de
3323 2047 3434 2084 om-

196 2123 580 2192 πέμψαντος
600 2124 816 2175 αὐτόν.
838 2124 908 2174 El
931 2123 1115 2176 ταῦτα
1138 2122 1352 2186 οἴδατε,
1370 2121 1642 2190 μακάριοί
1657 2123 1792 2177 ἐστε

200 2212 386 2265 ὅταν
404 2211 618 2264 ποιεῖτε
648 2211 729 2282 (1)
781 2210 951 2266 αὐτά.
1000 2213 1081 2265 Οὐ
1113 2212 1241 2279 περὶ
1280 2210 1513 2265 πάντων
1546 2211 1681 2281 ὑμῖν
1699 2213 1796 2267 λέ·

198 2320 313 2371 τω
334 2320 353 2331 ο
384 2301 485 2372 ἐγὼ
510 2299 656 2355 οῖδα
687 2301 798 2367 οὓς
819 2301 1185 2369 ἐξελεξάμην
1203 2317 1217 2332 ’
1245 2302 1380 2356 ἀλλ’
1408 2303 1505 2355 ἵνα
1528 2303 1566 2369 ἠ
1587 2303 1792 2371 Γραρὴ

202 2389 542 2457 πληρωθῇ
582 2391 640 2442 Ὁ
671 2389 911 2458 τρώγων
928 2407 1045 2458 μου
1077 2389 1183 2442 τὸν
1222 2389 1400 2457 ἄρτον
1447 2389 1664 2458 ἐπῆρεν
1701 2392 1793 2444 ἐπ’

204 2477 340 2545 ἐμὲ
360 2477 623 2545 πτέρναν
668 2476 877 2531 αὑτοῦ.
917 2478 1081 2548 Ἀλλη
1107 2478 1163 2529 δὲ
1183 2478 1368 2548 Γραφὴ
1396 2477 1549 2530 τοῦτο
1578 2480 1793 2549 φήσασα

204 2570 331 2638 οὐχ
368 2571 706 2641 εὑρίσκεται,
754 2568 889 2639 μόνη
914 2569 970 2621 δὲ
994 2570 1026 2639 ἡ
1068 2567 1330 2639 παροῦσα,
1360 2569 1423 2621 δι’
1449 2561 1515 2639 ἦς
1542 2567 1749 2638 εἴρηται
1773 2584 1788 2598 ο

216 2659 286 2711 '0
323 2660 544 2715 ἐσθίων
574 2659 768 2728 ἄρτον
793 2675 912 2727 μου
959 2648 1321 2728 ἐμεγάλυνεν
1346 2658 1436 2711 ἐπ’
1481 2658 1584 2728 ἐμὲ
1621 2671 1790 2726 πτερ-

196 2752 457 2818 νισμόν.
502 2751 654 2820 ’Ὥρα
680 2749 967 2818 τοιγαροῦν
996 2750 1075 2810 εἰς
1104 2748 1165 2800 τὸ
1209 2747 1369 2801 αὐτοῦ
1412 2749 1692 2816 πρόσωπον
1722 2750 1791 2803 τὰ

204 2841 582 2910 ὲμφερόμενα
617 2838 698 2907 τῷ
727 2838 925 2907 ψαλμῷ
951 2839 1025 2902 ὡς
1055 2837 1118 2890 ἂν
1145 2838 1486 2909 προφητικῶς
1532 2842 1789 2911 εἰρημένα

203 2926 491 2980 ἐκλαϐεῖν.
530 2927 631 2979 Διὸ
659 2926 757 2981 καὶ
782 2929 870 2991 είς
898 2926 965 2977 τὸ
986 2925 1161 2990 τέλος
1201 2926 1624 2997 ἐπιγέγραπται,
1656 2930 1787 2981 ἀνα-

209 3014 512 3081 πέμποντα
546 3016 705 3084 ἡμᾶς
736 3014 854 3083 ἦτοι
877 3011 968 3064 ἐπὶ
999 3013 1095 3081 τὴν
1136 3014 1434 3067 συντέλειαν
1473 3014 1564 3068 τοῦ
1599 3016 1787 3080 αἰῶνος

209 3100 350 3154 καθ’
371 3105 426 3172 ἣν
461 3103 786 3174 ἐπληροῦτο
817 3102 886 3157 τὰ
913 3104 1385 3174 ἀναγεγραμμένα,
1420 3105 1452 3174 ἦ
1486 3106 1576 3158 ἐπὶ
1606 3107 1673 3160 τὰ
1703 3123 1788 3158 τε·

213 3191 437 3248 λευταῑα
476 3195 597 3247 τῶν
632 3194 725 3247 διὰ
746 3194 839 3247 τοῦ
864 3194 1078 3265 ψαλμοῦ
1104 3195 1455 3265 δηλουμένων.
1481 3199 1544 3250 El
1578 3199 1673 3268 μὲν
1695 3195 1785 3251 οὖν

216 3282 317 3334 ἐπὶ
354 3284 436 3336 τοῦ
488 3284 759 3354 Σωτῆρος
801 3285 1117 3356 ἀναφέροιτο
1151 3287 1220 3340 τὰ
1245 3288 1785 3365 προκείμεναιεῖποις

224 3367 291 3421 ἂν
320 3371 730 3443 μακαρίζεσθαι
747 3372 837 3424 τὸν
853 3372 1144 3443 δυνάμενον
1169 3375 1403 3429 συνιέναι
1428 3374 1493 3427 δι’
1516 3376 1579 3445 ἢν
1610 3375 1783 3429 αἰτίαν

229 3460 469 3535 ἀνείληφε
501 3463 576 3515 δι’
611 3464 765 3532 ἡμᾶς
796 3464 1086 3533 πτωχείαν.
1109 3466 1225 3516 Ἔτι
1241 3465 1349 3534 γὰρ
1373 3467 1660 3531 πλούσιος
1679 3465 1781 3527 ὢν,

228 3547 297 3601 δι’
319 3553 469 3620 me
504 3550 924 3618 ἐπτώχευσεν,
961 3554 1059 3605 ἵνα
1085 3552 1252 3621 ἡμεῖς
1293 3553 1365 3622 τῇ
1409 3556 1588 3608 αὐτοῦ
1637 3569 1784 3608 πτω-

220 3638 355 3705 χείᾳ
369 3639 852 3707 πλουτήσωμεν·
888 3640 983 3691 Ἐν
996 3639 1195 3709 μορφῇ
1216 3658 1273 3693 τε
1318 3641 1461 3695 Θεοῦ
1503 3641 1783 3710 ὑπάρχων

221 3727 517 3784 ἐκένωσεν
538 3729 789 3791 ἑαυτὸν,
812 3728 1051 3798 μορφὴν
1080 3730 1298 3784 δούλου
1334 3730 1530 3784 λαϐὼν
1550 3771 1564 3795 ,
1601 3732 1782 3799 σαφῶς

225 3814 451 3882 ἐδίδαξεν
474 3821 506 3871 6
534 3817 688 3879 θεῖος
706 3816 1041 3880 Ἀπόστολος.
1076 3819 1182 3870 Καὶ
1212 3818 1364 3881 ἄλλος
1387 3819 1429 3871 δ’
1458 3819 1521 3872 ἄν
1553 3837 1634 3882 τις
1663 3836 1782 3872 συν-

224 3904 347 3975 ήσει
373 3910 464 3961 ἐπὶ
494 3906 722 3976 πτωχὸν
757 3906 852 3958 καὶ
883 3906 1105 3976 πένητα,
1127 3907 1334 3961 ἀκούων
1354 3908 1516 3961 αὐτοῦ
1542 3908 1781 3976 λέγοντος

227 3998 286 4051 ὲν
310 4000 663 4072 Εὐαγγελίοις
683 4016 697 4028 θ
733 3997 932 4066 Δεῦτε,
959 4001 1011 4050 ol
1032 3997 1412 4068 εὐλογημένοι
1432 3999 1537 4051 τοῦ
1557 3999 1781 4065 Πατρός

224 4103 356 4153 μου,
433 4087 948 4159 κληρονομήσατε
1004 4085 1117 4154 τὴν
1164 4086 1599 4155 ἡτοιμασμένην
1643 4087 1782 4155 ὑμῖν

219 4174 543 4237 βασιλείαν
597 4179 720 4234 άπὸ
771 4175 1104 4244 καταϐολῆς
1144 4178 1390 4245 κόσμου.
1462 4178 1781 4233 Ἐπείνασα

222 4264 347 4331 γὰρ.
375 4271 477 4325 καὶ
497 4265 778 4323 ἐδώκατέ
816 4283 918 4334 μοι
948 4262 1185 4334 ερατ-εἶν’
1220 4265 1497 4333 ἐδίψησα,
1526 4267 1623 4320 καὶ
1646 4268 1780 4323 ἐπο-

220 4355 417 4416 τίσατέ
471 4376 595 4431 με·
667 4358 842 4423 ξένος
873 4356 1071 4424 ἤμην,
1124 4357 1219 4409 καὶ
1267 4357 1636 4427 συνηγάγετέ
1669 4377 1776 4428 με·

214 4451 456 4517 γυμνὸς,
494 4450 606 4504 καὶ
636 4444 1017 4515 περιεϐάλετέ
1036 4462 1112 4514 με
1129 4462 1143 4476 ·
1173 4447 1484 4513 ἠσθένουν,
1513 4449 1609 4501 καὶ
1641 4448 1717 4502 ἐπ
1750 4480 1777 4490 -

210 4543 584 4614 1θῑτνιέψοασθε·
609 4543 683 4595 ἐν
708 4537 955 4608 φυλακῇ
978 4536 1155 4605 ἤμην,
1177 4538 1272 4592 καὶ
1294 4537 1501 4606 ἤλθετε
1523 4542 1667 4607 πρὸς
1680 4542 1779 4609 μέο

1894 2118 2042 2171 nibus
2059 2118 2197 2171 vobis
2220 2116 2335 2171 dico
2355 2134 2373 2171 :
2394 2134 2483 2187 ego
2503 2119 2608 2170 scio
2636 2134 2760 2187 quos
2783 2118 3058 2188 elegerim;
3081 2119 3169 2173 sed
3182 2130 3239 2173 ut
3260 2122 3424 2174 adim-

1891 2209 2095 2276 pleatur
2114 2207 2385 2275 Scriptura
2414 2222 2431 2259 :
2466 2206 2569 2272 Qui
2598 2208 2877 2260 manducat
2930 2223 3099 2262 meum
3119 2225 3324 2275 panem,
3351 2210 3424 2263 le-

1892 2301 2025 2351 vavit
2045 2305 2225 2349 contra
2250 2311 2329 2349 me
2357 2295 2653 2348 calcaneum
2677 2311 2828 2348 suum
2853 2296 2917 2348 “.
2952 2294 3108 2349 Nulla
3129 2311 3288 2366 porro
3320 2299 3424 2351 alia

1894 2385 2165 2455 Scriptura
2195 2400 2314 2453 quae
2360 2385 2464 2439 hoc
2519 2385 2663 2438 dicat
2711 2388 3000 2454 reperitur,
3052 2394 3247 2456 praeter
3286 2388 3424 2441 hanc

1889 2490 2050 2528 unam
2067 2490 2172 2547 qua
2189 2474 2390 2528 dictum
2412 2482 2515 2539 est,
2544 2475 2633 2543 qui
2655 2474 2836 2528 edebat
2877 2491 3063 2544 panem
3099 2493 3285 2541 meum,-
3314 2493 3423 2531 ma.

1889 2565 2152 2634 gniﬁcavit
2194 2580 2345 2633 super
2366 2581 2445 2619 me
2485 2564 2974 2633 supplantationem.
3019 2566 3125 2620 Par
3151 2576 3234 2623 est
3263 2568 3425 2637 igitur

1889 2654 1957 2709 ad
1989 2654 2105 2724 ejus
2130 2669 2436 2724 personam,
2470 2669 2588 2723 qua;
2612 2656 2665 2708 in
2694 2656 2798 2710 hoc
2826 2656 3035 2726 psalmo
3062 2655 3323 2720 feruntur,
3366 2664 3425 2711 ut

1887 2745 2196 2814 prophetice
2251 2743 2395 2798 dicta
2451 2743 2711 2814 accipere.
2761 2744 3119 2810 Quamobrem
3168 2747 3225 2800 in
3271 2748 3425 2815 ﬁnem

1886 2835 2217 2897 inscribitur,
2236 2833 2379 2903 quod
2416 2834 2528 2888 haec
2556 2849 2656 2890 nos
2687 2836 2963 2890 remittant
2986 2837 3053 2892 ad
3082 2852 3428 2893 consumma-

1887 2931 2085 2985 tionem
2120 2930 2321 2994 saeculi,
2356 2945 2463 3000 quo
2504 2938 2745 3000 tempore
2787 2946 2849 2986 ea
2901 2947 3019 3001 quae
3049 2933 3248 3002 scripta
3297 2942 3422 2988 sunt

1886 3019 2277 3089 implebantur;
2310 3019 2423 3073 sive
2451 3020 2608 3073 etiam
2638 3019 2704 3073 ad
2742 3028 3011 3090 postrema
3041 3020 3231 3090 psalmi
3260 3019 3422 3075 dicta.

1886 3110 2037 3175 Quod
2067 3111 2112 3165 si
2143 3110 2256 3162 haec
2283 3109 2347 3162 ad
2375 3108 2699 3163 Salvatorem
2727 3110 3047 3177 referantur,
3073 3112 3196 3180 jure
3224 3111 3424 3167 dixeris

1884 3203 2096 3256 beatum
2129 3203 2410 3271 praedicari
2437 3217 2580 3267 eum,
2608 3202 3012 3273 quiintelligere
3044 3203 3333 3273 possitqua
3354 3203 3422 3259 de

1884 3307 2049 3348 causa
2089 3300 2307 3362 propter
2344 3307 2443 3346 nos
2471 3301 2763 3363 egestatem
2827 3297 3139 3364 susceperit.
3176 3294 3419 3364 Insuper,-

1883 3396 1998 3433 cum
2045 3390 2175 3435 esset
2224 3381 2385 3445 dives,
2415 3391 2622 3450 propter
2664 3399 2757 3436 nos
2783 3399 2970 3452 egenus
2991 3384 3160 3452 factus
3214 3395 3308 3448 est,
3361 3395 3421 3439 ut

1881 3486 1972 3523 nos
2000 3470 2110 3538 ejus
2140 3472 2317 3539 inopia
2337 3469 2516 3523 divites
2542 3486 2765 3526 essemus
2784 3474 2851 3536 ‘7;
2876 3480 2930 3526 el.
2965 3490 2979 3527 :
3013 3473 3144 3527 Cum
3169 3474 3223 3527 in
3248 3475 3417 3543 forma

1878 3558 1976 3612 Dei
1997 3568 2148 3625 esset,
2196 3561 2522 3627 semetipsum
2575 3561 2859 3615 exinanivit
2899 3562 3068 3630 forma
3106 3564 3239 3617 servi
3273 3580 3417 3618 accc--

1877 3658 1967 3715 pta
1997 3649 2062 3713 η,
2085 3657 2143 3703 ιιι
2163 3649 2306 3704 clare
2332 3664 2433 3703 nos
2475 3648 2658 3704 docuit
2707 3650 2925 3706 divinus
2956 3650 3265 3721 Apostolus.
3296 3653 3416 3708 Alio

1880 3754 2091 3810 quoque
2121 3741 2277 3796 modo
2306 3742 2427 3812 quis
2481 3743 2776 3812 intelligere
2812 3743 2982 3811 possit
3012 3758 3172 3813 super
3190 3758 3416 3814 egenum

1877 3836 1930 3883 et
1951 3843 2254 3898 pauperem,
2282 3831 2504 3885 audiens
2525 3831 2797 3885 Christum
2831 3833 2885 3884 in
2913 3831 3212 3902 Evangeliis
3234 3833 3418 3890 dicen-

1877 3922 1981 3971 tem
2013 3935 2025 3970 :
2066 3916 2260 3982 Venite,
2296 3919 2549 3973 benedicti
2583 3919 2764 3974 Patris
2811 3920 2931 3983 mei,
2975 3920 3232 3988 possidete
3257 3918 3434 3990 para-'

1880 4014 1987 4057 tum
2034 4006 2173 4060 vobis
2230 4023 2438 4077 regnum
2480 4026 2512 4061 a
2560 4009 2920 4061 constitutione
2962 4007 3161 4061 mundi.
3209 4008 3416 4063 Esurivi

1876 4097 2033 4161 enim,
2058 4107 2106 4151 et
2125 4098 2339 4152 dedistis
2372 4098 2499 4152 mihi
2528 4096 2876 4159 manducare;
2908 4096 3069 4158 sitivi,
3122 4106 3173 4149 et
3195 4096 3412 4151 dedistis

1878 4187 2003 4240 milii
2045 4185 2245 4249 bibere;
2276 4187 2458 4255 hospes
2493 4202 2657 4250 eram,
2687 4193 2735 4238 et
2763 4184 3039 4253 collegistis
3078 4198 3197 4244 me;
3219 4182 3407 4246 nudus,

1875 4286 1923 4331 et
1969 4278 2303 4346 cooperuistis
2354 4293 2462 4340 me;
2505 4277 2769 4345 inﬁrmus,
2811 4285 2857 4329 et
2896 4274 3143 4328 visitastis
3191 4288 3307 4334 me;
3356 4275 3411 4326 in

1875 4383 2078 4420 carcere
2105 4383 2270 4429 eram,
2320 4378 2369 4420 et
2396 4367 2601 4420 venistis
2631 4365 2698 4418 ad
2732 4382 2810 4419 me
2829 4365 2900 4432 ¹⁹;
2951 4365 3149 4435 quibus
3181 4362 3408 4432 subjun-

1876 4458 1952 4526 εει
1982 4475 1994 4510 :
2032 4456 2295 4522 Quantum
2320 4458 2515 4525 fecistis
2549 4458 2638 4510 uni
2683 4471 2748 4509 ea:
2777 4456 2857 4509 his
2888 4455 3139 4524 fratribus
3163 4455 3286 4508 meis
3319 4453 3410 4506 mi-

1879 4547 2055 4613 nimis,
2088 4548 2214 4600 mihi
2272 4547 2467 4617 fecistis
2498 4547 2564 4602 ὀ.
2615 4546 2790 4616 Atque
2825 4547 2899 4599 ita
2954 4562 3077 4601 vere
3109 4547 3297 4601 beatus
3324 4550 3410 4599 est

210 4621 288 4688 οἷς
307 4632 582 4703 ἐπιλέγειν
634 4630 758 4698 Ἐφ’
797 4629 947 4681 ὅσον
963 4627 1277 4692 ἐποιήσατε
1302 4628 1390 4681 ἐνὶ
1411 4627 1525 4682 τῶν
1556 4631 1778 4684 τούτων

1887 4635 1968 4702 [ιιιὶ
2001 4635 2245 4706 intelligit
2290 4651 2452 4705 super
2481 4649 2702 4704 egenum
2730 4642 2782 4688 et
2810 4649 3096 4703 pauperem
3143 4634 3221 4689 sic
3254 4648 3407 4687 acce-

207 4712 330 4765 τῶν
351 4725 708 4793 ἐλαχίστων
721 4717 843 4771 τῶν
861 4715 1277 4797 ἀδελξῶνμου,
1294 4717 1418 4782 ἐμοὶ
1441 4718 1772 4785 ἐποιήσατε.

187 4804 295 4855 Καὶ
342 4817 522 4878 οὕτως
553 4809 654 4865 οὖν
714 4810 977 4879 μακάριος
1003 4807 1212 4878 ἀληθῶς
1253 4811 1281 4862 6
1338 4809 1529 4864 συνιὼν
1571 4812 1662 4863 ἐπὶ
1688 4811 1776 4864 τὸν

174 4890 373 4971 οὕτως
400 4902 755 4959 amoena
783 4900 992 4968 πτωχὸν
1035 4898 1125 4952 καὶ
1152 4899 1371 4969 πένητα.
1404 4900 1466 4952 El
1491 4900 1547 4953 δὲ
1564 4900 1655 4954 καὶ
1687 4903 1777 4954 ἐπὶ

167 4977 258 5046 τὸν.
294 4997 491 5051 «Δαυῒδ
527 4992 865 5061 ἀναφέροιτο
893 4991 960 5044 τὰ
991 4989 1302 5059 λελεγμένα,
1346 4990 1514 5054 εἴποις
1556 4991 1622 5044 ἂν
1651 4992 1779 5043 ἁκο-

158 5064 406 5151 λθῦἣως
439 5085 526 5155 τῷ
556 5084 667 5154 πρὸ
684 5080 874 5134 τούτου
904 5080 1100 5150 ψαλμῷ
1126 5078 1292 5132 ταῦτα
1317 5081 1596 5150 συνῆφθαι.
1626 5081 1776 5134 Ἐπεὶ

337 5154 501 5249 πρὸς
520 5177 643 5236 τοῖς
672 5171 1001 5232 τελευταίοις
1028 5169 1119 5223 τοῦ
1151 5167 1225 5223 λθ¹
1253 5168 1462 5237 ἐλέγετο
1509 5173 1573 5224 ὲκ
1602 5188 1767 5241 προσο

137 5243 351 5322 ‘itm
373 5243 476 5321 τοῦ
503 5264 716 5319 Δαυῖδ·
757 5261 904 5331 ἐγὼ
935 5261 1003 5314 δὲ
1023 5260 1205 5326 πένης
1235 5260 1349 5328 εἰμὶ
1390 5262 1484 5313 καὶ
1510 5263 1767 5330 πτωχός·

179 5338 278 5393 κίκι
292 5371 386 5405 ητα
407 5357 449 5409 δ’
488 5355 688 5418 ἔλεγεν
723 5352 754 5402 6
788 5348 1035 5412 τοσοῦτος
1057 5347 1303 5417 βασιλεὺς
1325 5387 1341 5412 ,
1378 5351 1407 5400 6
1451 5348 1541 5400 τὸν
1573 5349 1771 5417 ἄφατον

233 5432 430 5500 ﬁniam
476 5440 843 5510 συναγηοχὼς
889 5441 967 5502 εἰς
1010 5440 1108 5510 τὴν
1145 5438 1485 5510 παρασκευὴν
1515 5437 1606 5490 τοῦ
1641 5439 1771 5507 μετὰ

236 5527 383 5584 ταῦτα
406 5530 805 5603 ἐγηγερμένου
831 5527 918 5580 διὰ
950 5527 1251 5598 Σολομῶνος
1289 5525 1428 5590 ναοῦ,
1472 5528 1772 5597 σμικρύνων

1876 4732 2043 4789 ptum.
2080 4721 2232 4786 Quod
2264 4723 2307 4775 si
2339 4723 2405 4775 ad
2434 4721 2683 4774 Davidem
2724 4736 2885 4789 supra
2911 4722 3056 4775 dicta
3084 4722 3399 4784 referantur,

1875 4812 2023 4865 dicas
2044 4812 2156 4866 haec
2177 4812 2418 4881 apposite
2438 4808 2751 4880 praecedenti
2783 4812 2988 4879 psalmo
3007 4812 3241 4866 subnexa
3261 4825 3400 4874 esse,

1877 4900 2139 4969 siquidem
2165 4902 2265 4955 sub
2288 4900 2441 4954 linem
2465 4900 2651 4969 psalmi
2682 4916 2865 4961 χχχιι,
2899 4916 2964 4954 cx
2994 4914 3219 4970 persona
3244 4899 3401 4953 Davi-

1874 4990 1959 5046 dis
1979 4990 2272 5050 dicebatur,
2293 5005 2383 5057 ego
2412 4997 2582 5042 autem
2626 4988 2889 5042 mendicus
2936 5004 3051 5041 sum
3096 4997 3147 5041 et
3184 5004 3399 5057 pauper.

1875 5079 1998 5134 Ηεεε
2023 5095 2183 5150 porro
2222 5087 2402 5149 tantus
2444 5094 2537 5134 rex
2567 5078 2798 5143 dicebat,
2852 5079 2945 5148 qui
2998 5079 3399 5135 inaestimabiles

1868 5171 2082 5225 divitias
2106 5169 2172 5223 ad
2196 5176 2510 5238 apparatum
2553 5169 2755 5237 templi,
2781 5169 2882 5225 sub
2920 5169 3031 5223 hac
3050 5184 3080 5223 a
3113 5169 3397 5228 Salomone

1869 5262 2078 5327 structi,
2108 5262 2426 5330 collegerat;
2462 5261 2553 5330 qui
2603 5276 2721 5315 sese
2763 5276 2985 5330 parvum
3032 5268 3086 5316 et
3117 5262 3393 5326 humilem,

1869 5352 2233 5420 moderatique
2267 5349 2453 5411 animi,
2480 5364 2542 5402 ac
2575 5349 2766 5404 affectu
2815 5366 2937 5405 vere
2987 5366 3272 5420 pauperem
3302 5367 3395 5406 ει·
3472 5388 3473 5391 η

1868 5442 2103 5497 bibebat.
2124 5440 2247 5493 Ideo
2267 5437 2583 5504 subiunctus
2613 5447 2696 5496 est
2725 5456 2959 5511 prasens
2981 5446 3238 5511 psalmus,
3265 5442 3395 5497 bea-

1870 5539 1983 5585 tum
2009 5530 2302 5600 praedicans
2325 5542 2453 5581 eum
2483 5530 2575 5599 qui
2595 5547 2756 5601 super
2775 5532 3075 5605 huiusmodi
3109 5548 3393 5603 pauperem

300 5622 340 5651 "
364 5627 528 5685 Joan.
565 5640 696 5685 xm,
730 5622 820 5675 16.
898 5622 938 5651 ⁸⁷
975 5619 1020 5672 ll
1050 5620 1170 5674 Cor.
1198 5634 1327 5678 vm.
1361 5618 1416 5672 9.
1490 5619 1534 5650 ‘°
1573 5618 1783 5691 Philipp.

1887 5664 1902 5689 ,
1945 5625 1995 5678 7.
2070 5623 2113 5654 "
2144 5618 2328 5673 blatth.
2365 5636 2497 5685 xxv,
2527 5624 2615 5687 56,
2649 5625 2735 5679 55.
2811 5624 2855 5657 ²⁶
2893 5625 3021 5680 ibid.
3052 5626 3139 5680 40.

294 5710 577 5781 (Iro—(ar
620 5711 868 5765 ποιεῖτε.
903 5710 1057 5780 Vulg.
1102 5712 1196 5765 ἐὰν
1227 5708 1449 5783 ποιῆτες
1498 5720 1553 5783 et
1584 5726 1707 5778 mox
1739 5728 1783 5782 p1

1887 5733 1996 5785 μου.
2016 5712 2169 5781 Vulg.
2191 5711 2305 5779 μετ’
2354 5712 2517 5781 ἐμοῦ,
2545 5724 2605 5769 ιιι
2648 5726 2701 5771 et
2728 5716 2989 5785 interpres
3024 5716 3205 5772 vertit.
3235 5715 3389 5769 Eutr.

537 5807 825 5865 Ριτιιοι.
856 5801 973 5861 Gn.
1002 5802 1225 5864 XXIII.

3052 5804 3127 5862 12
