3812 6366
436 300 543 359 563

1121 294 1379 351 EUSEBII
1419 288 1884 347 CAESARIENSIS
1915 290 2060 348 OPP.
2101 291 2275 346 PARS
2305 289 2388 346 Ill.
2416 321 2484 331 —
2514 285 2927 343 EXEGETICA.

3568 274 3667 326 561

437 420 708 492 intelligit.
739 419 870 475 illud
892 433 1069 489 porro,
1099 430 1390 483 pauperem,
1420 427 1592 482 neque
1622 411 1675 464 in
1703 411 1959 466 Hebraico

2131 412 2249 464 υτον
2275 411 2367 463 καὶ
2388 407 2773 472 ταπεινῶν,καὶ
2804 407 2875 475 τῇ
2911 401 3071 471 ψυχῇ
3112 390 3668 492 μετριοφρονῶνὶκαὶ

438 512 751 581 exemplari,
773 525 943 579 neque
974 506 1112 576 apud
1160 504 1395 571 reliquos
1436 504 1757 571 interpretes
1776 502 1962 556 fertur.

441 597 745 652 Secundum
787 604 1035 664 quartum
1082 606 1297 646 sensum
1318 590 1423 643 dici
1455 591 1644 658 possit,
1665 604 1963 644 sermonem

438 703 560 741 esse
603 684 982 740 sententiosum
1036 688 1101 737 et.
1121 679 1213 748 qui
1240 679 1307 732 ad
1346 678 1725 747 benignitatem
1760 686 1811 732 et
1835 694 1966 747 pau~

440 792 621 845 perum
646 788 876 827 amorem
930 771 1257 825 cobortetur.
1304 768 1437 822 Nam
1490 783 1613 837 erga
1637 783 1731 823 eos
1756 784 1965 837 quoque

437 867 529 935 qui
552 864 836 927 vulgariori
866 876 1030 915 sensu
1058 874 1317 929 pauperes
1347 859 1620 923 dicuntur,
1664 858 1965 912 misericor-

435 957 532 1011 des
561 970 679 1009 esse
707 953 878 1016 decet,
920 952 1106 1022 eisque
1138 966 1359 1020 erogare
1387 950 1635 1013 libenter,
1671 949 1967 1018 intelligen—

435 1052 516 1102 tes
546 1043 936 1099 scilicet-Deum
966 1058 1086 1097 esse
1113 1042 1204 1111 qui
1233 1041 1350 1095 illos
1374 1039 1681 1094 mendicare
1709 1038 1963 1102 decrevit,

431 1140 484 1185 et
533 1134 598 1188 ad
628 1148 743 1187 eam
782 1132 1142 1186 conditionem
1181 1130 1433 1195 deduxit;
1472 1136 1632 1198 atque
1682 1142 1787 1181 una
1819 1128 1965 1196 ipsos

432 1237 527 1293 per
558 1222 862 1293 pauperiem
881 1229 1112 1288 exercet,
1138 1229 1189 1274 et
1221 1236 1314 1275 eos
1345 1220 1437 1289 qui
1480 1233 1659 1272 rerum
1684 1217 1837 1285 copia
1860 1218 1966 1285 pol-

429 1318 560 1382 lent,
608 1315 777 1371 bonos
832 1313 1087 1382 propositi
1142 1312 1453 1367 snifructus
1500 1325 1598 1378 per
1632 1310 1964 1380 largitionem

430 1407 615 1476 egenis
638 1405 834 1458 factam
872 1404 1117 1473 prabere
1140 1403 1428 1458 desiderat.
1479 1400 1740 1455 Tentatur
1785 1402 1965 1470 itaque

430 1513 525 1567 per
544 1511 833 1566 pauperem
862 1493 1034 1558 dives,
1069 1509 1198 1547 num
1257 1493 1464 1547 scilicet
1513 1491 1683 1546 durus
1704 1498 1758 1546 et
1792 1491 1967 1545 immi-

430 1589 683 1649 sericors,
710 1602 778 1640 an
818 1586 1081 1641 humanus
1126 1592 1180 1639 et
1232 1585 1558 1639 misericors.
1608 1582 1964 1648 Quamobrem

430 1678 571 1734 inter
590 1677 771 1731 divina
806 1682 1089 1747 pta-cepta,
1134 1675 1302 1728 multa
1330 1675 1396 1728 de
1419 1674 1746 1744 pauperibus
1774 1680 1826 1727 et
1844 1688 1964 1741 ege-

431 1770 518 1824 nis
566 1768 832 1823 feruntur.
882 1764 1184 1820 Secundum
1238 1766 1477 1835 quintam
1521 1773 1697 1819 autem
1728 1765 1961 1832 explica-

430 1860 652 1918 tionem.
687 1859 848 1911 alium
888 1872 1178 1926 pauperum
1229 1857 1470 1910 ordinem
1517 1858 1775 1925 reperias,
1805 1856 1898 1924 qui
1931 1869 1962 1907 a

434 1944 715 2001 Salvatore
739 1946 928 1999 beatus
946 1944 1282 2014 praedicatur,
1315 1944 1609 1998 secundum
1631 1945 1761 1998 illud
1784 1944 1962 1997 :Beati

429 2050 675 2105 pauperes
695 2035 905 2102 spiritu,
932 2034 1172 2102 quoniam
1198 2035 1426 2101 ipsarum
1457 2044 1533 2087 est
1556 2050 1770 2103 regnum
1804 2034 1965 2087 caelo-

429 2144 545 2179 rum
580 2129 646 2175 ²¹.
705 2125 911 2191 Quibus
935 2124 1110 2179 verbis
1163 2138 1255 2177 eos
1305 2124 1397 2192 qui
1448 2123 1738 2179 secundum
1798 2123 1961 2177 Deum

426 2210 896 2282 philosophantur,
923 2218 975 2265 et
999 2217 1213 2280 propter
1249 2209 1483 2263 divinam
1524 2211 1959 2265 exercitationem

424 2316 686 2370 pauperes
713 2309 895 2369 agunt,
925 2300 1016 2369 qui
1047 2306 1199 2353 erant
1226 2299 1342 2368 ejus
1362 2299 1607 2368 discipuli
1630 2309 1680 2353 et
1710 2302 1958 2370 apostoli,

429 2389 674 2445 Salvator
710 2392 896 2446 beatos
925 2390 1253 2460 praedicavit.
1287 2390 1478 2442 Beatus
1503 2390 1667 2459 igitur
1691 2392 1777 2459 qui
1804 2391 1958 2444 intel-

414 2480 540 2547 tligit
565 2494 718 2547 super
744 2494 973 2547 egenum,
1007 2492 1170 2545 super
1190 2491 1309 2530 eum
1342 2477 1432 2545 qui
1469 2475 1559 2528 illo
1583 2476 1740 2530 modo
1761 2490 1960 2544 egenus

407 2576 479 2620 vet
500 2583 698 2636 pauper
725 2578 835 2633 est;
863 2583 984 2621 nam
1004 2567 1157 2620 bona!
1187 2566 1331 2621 illius
1355 2580 1418 2619 ac
1437 2564 1760 2619 felicissimae
1802 2565 1959 2619 intel-

426 2656 656 2723 ligentia:
676 2654 906 2709 fructum
931 2655 1174 2723 accipiet,
1230 2652 1321 2721 qui
1371 2653 1621 2719 deinceps
1652 2651 1956 2706 indicatur:

426 2744 495 2798 ’1η
520 2746 601 2799 die
627 2746 767 2800 enim
800 2744 941 2798 mala
968 2743 1207 2797 liberabit
1244 2759 1358 2796 eum
1396 2742 1678 2805 Dominus;
1725 2743 1857 2805 sive,
1882 2757 1961 2796 se-

424 2833 661 2888 cundum
692 2832 1090 2904 Symmachum,
1110 2833 1162 2885 in
1181 2833 1263 2886 die
1297 2833 1605 2903 a/ﬂictionis.
1630 2832 1761 2887 Nam
1779 2834 1824 2888 si
1854 2848 1958 2904 qua

427 2925 651 2977 tentatio
673 2924 976 2994 contingat,
1008 2932 1059 2979 et
1102 2923 1157 2978 in
1186 2925 1539 2978 calamitatem
1564 2940 1958 2993 aerumnamque

429 3012 650 3075 incidat,
701 3013 1148 3081 quemadmodum
1208 3014 1321 3083 ipse
1367 3013 1626 3067 intellexit
1651 3029 1810 3083 super
1834 3029 2025 3090 cgc-C

426 3118 553 3156 num
573 3110 625 3156 et
655 3118 960 3172 pauperem,
994 3104 1073 3158 sic
1118 3112 1418 3174 opportune
1444 3118 1534 3158 res
1562 3104 1679 3172 ejus
1704 3104 1961 3172 intelliget

426 3192 705 3260 Dominus,
759 3194 873 3262 pari
927 3208 1176 3249 mensura
1226 3194 1374 3248 illum
1426 3192 1674 3258 metiens,
1717 3210 1822 3264 qua
1874 3194 1962 3248 ille

422 3303 472 3341 m
481 3302 545 3340 εη
554 3300 644 3341 SUS
676 3296 807 3340 erat.

498 3541 746 3595 Dominus
772 3553 1029 3596 conservet
1054 3560 1170 3597 eum
1198 3555 1247 3598 et
1269 3545 1482 3613 viuiﬁcet
1501 3561 1632 3599 eum.
1666 3543 1769 3598 Sed
1800 3546 1958 3598 etiam

417 3630 692 3683 custodiet
747 3645 867 3682 eum
889 3637 952 3683 .et
979 3631 1160 3685 vivere
1215 3632 1374 3687 faciet
1431 3649 1588 3699 eum;
1623 3641 1736 3697 aut,
1770 3648 1962 3687 secun-

425 3719 552 3769 dum
615 3714 1017 3784 Symmachum,
1074 3719 1311 3771 custodiet
1362 3738 1493 3787 eum,
1547 3730 1594 3773 et
1644 3723 1960 3776 conservabit

426 3817 559 3856 eum.
603 3803 841 3858 Tertium
878 3807 1223 3877 quoqueipsi
1279 3809 1538 3873 conferet,
1575 3810 1777 3865 beatum
1808 3813 1962 3881 faciet

425 3909 540 3945 eum
558 3894 607 3945 in
623 3903 760 3946 terra
766 3903 908 3963 ;aut,
923 3896 1213 3951 secundum
1229 3897 1807 3967 Symmachum,beatus
1823 3917 1959 3969 pra:-

427 3981 681 4036 dicandus
704 3985 800 4038 erit
827 3986 881 4039 in
910 3996 1069 4041 terra.
1093 3985 1225 4040 Nam
1256 3987 1383 4040 dum
1402 3986 1589 4042 adhuc
1615 3989 1671 4042 in
1697 3989 1797 4043 hac
1817 3998 1961 4046 terra

426 4078 691 4137 versatur,
714 4072 1091 4130 beatitudinem
1127 4090 1158 4128 a
1190 4076 1298 4131 Deo
1334 4086 1710 4146 consequetur,
1742 4094 1962 4135 manen-

425 4160 571 4215 tibus
619 4170 795 4217 tamen
828 4179 948 4218 eum
988 4165 1298 4220 caelestibus
1321 4166 1498 4231 bonis,
1523 4167 1815 4222 secundum
1847 4169 1961 4224 haec

423 4252 725 4320 promissis.
762 4252 856 4309 His
906 4255 1215 4324 subjungit:
1251 4253 1321 4307 Et
1374 4272 1476 4309 non
1539 4256 1711 4310 tradat
1749 4273 1863 4310 eum
1900 4260 1959 4312 in

2067 502 2278 573 ἀληθῶς
2303 504 2367 571 τῇ
2415 499 2646 553 διαθέσει
2696 495 3046 564 πτωχεύων·
3086 488 3294 539 τούτου
3347 485 3513 573 χάριν
3542 483 3673 573 Δὲιιτι-

2067 569 2378 661 συνῆπται
2402 589 2587 660 παρὼν
2620 587 2853 656 ψαλμὸς,
2890 575 3245 652 μακαρίζων
3272 572 3372 626 τοῦ
3408 569 3673 634 συνιέντος

2066 684 2157 734 ἐπὶ
2186 682 2273 733 τὸν
2305 678 2443 730 οὕτω
2490 678 2722 746 πτωχόν.
2762 674 2837 725 Τὸ
2867 673 2928 725 δὲ
2949 710 2965 735 ,
3010 668 3267 732 πένητα
3290 704 3307 729 ,
3360 661 3486 713 οὔτε
3513 664 3568 713 ὲν
3598 661 3674 729 τῷ

2073 771 2355 842 Ἐὁραῖκῴ,
2384 768 2501 821 οὔτε
2534 768 2682 836 παρὰ
2713 768 2825 828 τοῖς
2842 764 3067 823 λοιποῖς
3104 756 3485 829 ἑρμηνευταῐς
3513 753 3676 823 ἐμφέ-

2065 879 2231 933 ρεται.
2263 860 2369 913 Καὶ
2402 858 2539 911 κατὰ
2562 857 2829 924 τετάρτην
2854 852 3115 903 διάνοιαν
3146 848 3304 900 εἴποι
3328 864 3415 907 τις
3443 845 3504 897 ἂν
3534 862 3674 912 γνω-

2066 952 2277 1021 μονικὸν
2332 946 2467 1001 εἶναι
2493 948 2583 999 τὸν
2612 947 2768 1013 λόγον
2799 943 2896 995 καὶ
2926 937 3354 1010 παραινετικδν
3377 936 3673 1005 φιλανῦρω-

2064 1042 2191 1104 πίας
2222 1040 2315 1093 καὶ
2347 1038 2733 1107 φιλοπτωχίας.
2769 1032 3061 1103 Προσήκει
3100 1027 3222 1097 γὰρ
3251 1026 3353 1078 ἐπὶ
3381 1026 3487 1076 τῶν
3520 1027 3680 1078 κοινό-

2063 1148 2213 1201 τερον
2242 1130 2541 1200 λεγομένων
2579 1124 2813 1194 πτωχῶν
2862 1116 3361 1189 συμπαθητικοὺς
3409 1110 3549 1166 εἶναι
3589 1113 3678 1167 καὶ

2067 1221 2458 1290 μεταδοτικοὺς,
2495 1217 2792 1277 συνιέντας,
2827 1212 2905 1274 ὡς
2949 1212 2979 1262 6
3028 1207 3259 1279 κρίνων
3290 1206 3500 1267 αὐτοὺς
3543 1222 3679 1257 πτω-

2062 1308 2236 1379 χεύειν
2258 1308 2384 1370 Θεὸς
2404 1308 2481 1369 εἰς
2504 1305 2708 1374 ταύτην
2734 1303 2937 1365 αὐτοὺς
2962 1301 3165 1370 ἤγαγε
3196 1295 3304 1365 τὴν
3329 1295 3677 1348 κατάστασινο

2061 1400 2193 1471 ὁμοῦ
2251 1401 2344 1470 μὲν
2396 1400 2486 1452 καὶ
2537 1399 2734 1459 αὐτοὺς
2777 1394 3093 1464 γυμνάζων
3122 1388 3225 1442 διὰ
3250 1389 3361 1457 τῆς
3390 1388 3680 1457 πτωχείας,

2061 1492 2192 1563 ὁμοῦ
2214 1494 2269 1546 δὲ
2293 1492 2382 1545 καὶ
2412 1492 2536 1553 τοὺς
2568 1492 2625 1543 ὲν
2651 1485 2947 1558 περιουσίᾳ
2979 1482 3115 1553 βίου
3143 1480 3417 1549 καρποὺς
3446 1480 3546 1548 τῆς
3568 1482 3682 1531 tau.

2061 1579 2168 1632 τῶν
2190 1578 2549 1649 προαιρέσεως
2592 1574 2854 1643 παρέχειν
2887 1571 2981 1624 διὰ
3010 1570 3127 1640 τῆς
3178 1569 3268 1632 εἰς
3318 1568 3455 1630 τοὺς
3501 1566 3683 1629 ἐνδεεῖς

2064 1668 2339 1730 κοινωνίας
2371 1662 2781 1735 βεϐουλημένος.
2811 1657 3177 1730 Πειράζεται
3209 1655 3355 1724 γοῦν
3388 1656 3419 1706 6
3441 1653 3685 1716 πλούσιος

1993 1729 2033 1783 Β
2061 1758 2144 1811 διὰ
2165 1758 2254 1810 τοῦ
2289 1729 2533 1825 πένητος,
2557 1729 2665 1807 sive
2692 1771 2777 1815 τις
2809 1750 3056 1821 ἁνηλεὴς
3108 1747 3223 1801 καὶ
3267 1745 3687 1816 ἁσυμπάθητος,

2062 1850 2154 1901 καὶ
2186 1848 2519 1915 ἄσπλαγχνος
2551 1845 2635 1914 εἴη
2656 1884 2670 1908 ,
2699 1842 2811 1895 εἴτε
2848 1840 3277 1911 φιλάνθρωπος
3325 1838 3425 1888 καὶ
3471 1836 3687 1905 ἐλεημο-

2062 1939 2226 2001 νικός.
2255 1938 2344 1988 Διὸ
2374 1936 2534 1997 πολὺς
2561 1936 2589 1986 6
2636 1932 2765 2004 περὶ
2812 1930 2925 1983 τῶν
2961 1931 3252 1999 πενήτων
3312 1926 3413 1979 καὶ
3465 1924 3687 1995 πτωχῶν

2060 2026 2214 2093 λόγος
2242 2026 2296 2076 ὲν
2321 2026 2428 2085 τοῖς
2456 2019 2617 2083 Θείοις
2658 2017 3129 2089 παραγγέλμασι.
3197 2016 3322 2067 Καὶ
3368 2012 3517 2067 κατὰ
3554 2013 3685 2081 πέμ-

2062 2133 2199 2185 πτην
2238 2113 2290 2165 δὲ
2312 2112 2542 2165 διάνοιαν
2572 2109 2698 2163 ἄλλο
2727 2108 2917 2176 τάγμα
2949 2104 3225 2175 πτωχῶν
3261 2103 3458 2174 εὕροις
3504 2102 3571 2155 ἂν
3591 2142 3605 2166 ,
3631 2100 3683 2154 τὸ

2062 2204 2165 2257 ὑπὸ
2192 2204 2281 2256 τοῦ
2305 2200 2549 2270 Σωτῆρος
2585 2198 3030 2269 μακαριζόμενον
3059 2195 3233 2248 κατὰ
3271 2195 3369 2246 τό’
3402 2194 3684 2260 Μακάριοι

2060 2296 2112 2346 οὶ
2142 2290 2359 2357 πτωχοὶ
2388 2287 2466 2352 τῷ
2497 2289 2808 2354 πνεύματι,
2841 2285 2931 2336 ὅτι
2967 2283 3207 2337 αὐτῶν
3238 2283 3429 2335 ἐστιν
3455 2283 3495 2349 ἡ
3516 2282 3686 2345 ,βασι-

2059 2384 2191 2436 λεία
2218 2380 2331 2433 τῶν
2357 2377 2622 2444 οὐρανῶν
2643 2392 2657 2405 ο
2704 2376 2765 2426 ὲν
2790 2368 2872 2436 οἷς
2897 2376 3033 2435 τοὺς
3076 2374 3253 2426 κατὰ
3291 2373 3440 2425 Θεὸν
3488 2372 3689 2439 φιλοσο·

2061 2473 2307 2537 φοῦντας.
2341 2469 2432 2522 καὶ
2454 2467 2548 2537 τὴν
2574 2466 2751 2518 ἔνθεον
2780 2467 3025 2534 ἄσκησιν
3052 2464 3487 2535 πτωχεύοντας
3520 2463 3547 2513 6
3587 2463 3687 2513 Σω-

2058 2565 2159 2631 τὴρ
2196 2558 2517 2631 ἐμακάριζεν
2537 2575 2550 2587 ’
2582 2557 2631 2608 οἳ
2663 2552 2805 2626 ἦσαν
2824 2557 2872 2607 οἱ
2896 2554 3078 2607 αὐτοῦ
3130 2555 3406 2626 μαθηταὶ
3438 2555 3535 2607 καὶ
3566 2552 3690 2606 ἁπὸο

2061 2650 2248 2703 στολοι.
2274 2646 2569 2712 Μακάριος
2587 2641 2676 2697 οὖν
2700 2648 2731 2696 ό
2761 2643 3000 2696 συνιὼν·
3022 2643 3139 2695 ἐπὶ
3171 2644 3465 2711 πτωχὸν,
3493 2642 3584 2694 ἐπὶ
3606 2643 3691 2693 τὸν

2058 2741 2197 2794 οὕτω
2244 2737 2450 2806 πτωχὸν
2498 2735 2591 2786 καὶ
2633 2734 2874 2803 πένητα’
2904 2732 3014 2801 τῆς
3050 2733 3305 2803 ἀγαθῆς
3348 2735 3563 2805 ταύτης
3605 2729 3690 2785 καὶ

2057 2826 2447 2902 τρισμακαρίας
2504 2821 2766 2885 συνέσεως
2816 2823 3042 2894 καρπὸν
3088 2824 3360 2895 λήψεται
3420 2825 3514 2876 τὸν
3570 2823 3689 2890 ἑξῆς

2059 2918 2337 2990 εἰρημένον
2360 2933 2372 2945 ·
2430 2916 2530 2968 Ἐν
2557 2908 2747 2980 ἡμέρᾳ
2769 2912 2880 2983 γὰρ
2911 2914 3187 2981 πονηρᾷ
3200 2918 3485 2982 ,ῥύσεται
3516 2917 3691 2969 αὐτὸν

2059 3013 2091 3062 ὀ
2116 3010 2323 3076 Κύριος
2342 3023 2355 3037 ’
2390 3005 2423 3075 ἢ
2447 3004 2585 3058 κατὰ
2606 3004 2696 3055 τὸν
2726 3003 3061 3072 Σύμμαχον,
3111 3006 3229 3059 Ἐν
3258 3008 3473 3075 ἡμέρῃ
3502 3006 3683 3059 κακὼ-

2061 3114 2229 3162 σεως.
2275 3098 2337 3148 Ei
2384 3094 2489 3165 γὰρ
2521 3093 2728 3161 γένοιτό
2757 3110 2841 3155 τις
2873 3095 3247 3164 πειρασμὸς,
3307 3098 3345 3167 ἢ
3407 3098 3690 3168 περιπέσοι

2060 3189 2186 3241 ποτὲ
2218 3187 2463 3256 συμφορᾷ
2483 3185 2576 3237 καὶ
2602 3183 2922 3256 περιστάσει
2943 3222 2959 3247 ,
2990 3183 3215 3257 ὥσπερ
3249 3188 3431 3251 αὐτὸς
3468 3187 3688 3258 συνῆκεν

2058 3279 2148 3330 ἐπὶ
2176 3274 2380 3345 πτωχὸν
2415 3275 2504 3326 καὶ
2557 3273 2781 3343 πένητα,
2830 3271 2983 3325 οὕτω
3043 3278 3159 3329 καὶ
3196 3276 3387 3331 αὐτοῦ
3426 3277 3693 3350 εὐκαίρως

2059 3369 2274 3437 συνήσει
2315 3368 2344 3418 6
2385 3363 2617 3434 Κύριος,
2663 3360 2879 3433 μετρῶν
2913 3363 3084 3435 αὐτῷ
3115 3362 3191 3419 τὸ
3246 3368 3374 3422 ἴσον
3408 3369 3613 3441 μέτρον
3656 3361 3695 3434 ᾧ

2059 3458 2373 3527 ἐμέτρησεν.

2127 3546 2335 3611 Κύριος
2364 3539 2623 3610 φυλάξαι
2659 3538 2845 3591 αὑτὸν
2874 3541 2979 3594 καὶ
3016 3539 3221 3608 ζήσαι
3262 3548 3495 3601 αὐτόν.
3544 3549 3697 3600 Ἀ).λὰ

2058 3636 2150 3690 καὶ
2173 3631 2390 3703 φυλάξει
2422 3629 2579 3681 αὑτὸν
2610 3628 2703 3680 καὶ
2735 3626 2898 3697 ζῆσαι
2930 3633 3179 3701 ποιήσει
3218 3637 3404 3690 αὐτόν
3430 3655 3445 3669 ο
3490 3636 3527 3710 ἢ
3561 3639 3698 3693 κατὰ

2056 3726 2144 3779 τὸν
2169 3723 2455 3791 Σύμμαχον
2479 3736 2492 3748 ·
2526 3716 2783 3779 Φυλείξει
2807 3720 3032 3785 αὐτὸν,
3063 3724 3179 3776 καὶ
3216 3725 3573 3793 περισώσει
3596 3732 3699 3782 αὺ-

2055 3817 2177 3869 τόν.
2206 3812 2314 3865 Καὶ
2334 3810 2510 3879 τρίτον
2532 3808 2587 3859 δὲ
2611 3809 2757 3877 αὐτῷ
2781 3810 3040 3880 παρέξει,
3075 3819 3456 3884 μακαρίσει
3514 3821 3700 3873 αὑτὸν

2057 3905 2125 3956 ὲν
2154 3900 2226 3968 τῇ
2335 3916 2348 3928 ⁸
2376 3896 2568 3967 ἢκατὰ
2595 3897 2683 3949 τὸν
2704 3897 3034 3968 Σύμμαχον,
3060 3904 3501 3974 Μακαριστὸς
3529 3910 3696 3963 ἔσται

2056 3994 2124 4046 ἐν
2150 3989 2222 4058 τῇ
2389 3988 2474 4048 Ὠς
2495 3986 2573 4037 ἔτι
2595 3986 2702 4056 γὰρ
2735 3988 2794 4039 ὲν
2827 3991 2895 4057 τῇ
2930 3988 3007 4059 τῇ
3040 3993 3242 4066 ταύτῃ
3268 4000 3576 4068 τυῐαάνειν
3601 3999 3697 4069 τῆς

2057 4080 2205 4152 παρὰ
2227 4077 2318 4130 τοῦ
2343 4075 2474 4128 Θεοῦ
2506 4077 2905 4146 μακαριότητος
2932 4080 3241 4151 τεύξεται,
3283 4090 3586 4158 μενόντων
3610 4091 3676 4142 αὐ

2055 4170 2144 4222 τὸν
2172 4168 2276 4220 τῶν
2312 4164 2447 4236 μετὰ
2489 4164 2660 4217 ταῦτα
2708 4167 3166 4238 ἐπηγγελμένων
3209 4178 3519 4248 οὐρανίων
3569 4182 3695 4247 ἁγα-

2059 4258 2184 4310 Θῶν.
2216 4252 2431 4314 Τούτοις
2463 4250 2701 4318 ἐπιλέγει
2723 4269 2737 4282 ’
2772 4255 2884 4307 Καὶ
2904 4255 2996 4323 μὴ
3050 4263 3338 4329 παραδῷ
3384 4269 3593 4321 αὐτὸν
3624 4271 3706 4331 εἰς

425 4357 609 4395 manus
630 4343 954 4396 inimicorum
980 4345 1112 4413 ejus.
1149 4343 1252 4399 Pro
1305 4361 1410 4414 quo
1450 4345 1799 4416 Symmachus
1826 4349 1900 4402 ait
1938 4365 1952 4400 :

2131 4346 2255 4412 φας
2284 4340 2505 4409 ἐχθρῶν
2535 4342 2747 4395 αὐτοῦ·
2783 4345 2903 4397 ἀνθ’
2933 4340 3000 4398 οὗ
3054 4350 3086 4401 6
3129 4352 3478 4426 Σύμμαχός
3533 4372 3701 4429 φησι’

426 4428 493 4483 Et
514 4446 614 4482 non
638 4430 803 4485 tradet
822 4448 938 4484 eum
965 4433 1019 4484 in
1050 4434 1253 4486 animas
1281 4433 1627 4486 inimicorum.

495 4514 781 4571 Sciendum
815 4526 993 4574 autem
1028 4528 1129 4583 est,
1172 4519 1325 4583 illud,
1377 4516 1484 4589 Ego
1528 4521 1677 4574 dixi:
1712 4520 1952 4588 Domine,

427 4606 670 4660 miserere
704 4607 822 4673 mei,
852 4622 883 4660 a
920 4610 1239 4678 quibusdam
1267 4625 1331 4664 cs
1359 4608 1576 4665 Davidis
1608 4628 1836 4682 persona
1865 4614 1951 4667 di-

429 4703 572 4750 ctum
590 4694 845 4750 sstimari
870 4712 887 4754 :
914 4712 1036 4751 nam
1069 4699 1185 4753 sive
1220 4698 1276 4752 in
1319 4700 1493 4754 medio
1544 4700 1802 4756 insertum
1854 4719 1956 4771 pu-

426 4790 562 4846 tant,
593 4784 705 4840 sive
734 4784 801 4838 ad
842 4770 986 4838 hunc
1016 4801 1185 4856 usque
1210 4802 1421 4841 versum
1452 4803 1570 4857 qua:
1620 4788 1761 4842 dicta
1785 4805 1813 4842 a
1851 4770 1953 4841 Da-

427 4871 548 4927 vidc
578 4880 702 4926 sunt
723 4874 1193 4930 circumscribunt.

497 4979 659 5035 Vrsas.
734 4984 936 5041 10-14.
1008 4985 1207 5040 Etenim
1264 4988 1413 5040 homo
1469 4987 1611 5055 pacis
1664 5002 1827 5052 meae,
1900 4988 1954 5040 in

430 5083 529 5135 (1⁸⁸0
551 5074 766 5135 Sperat-1'.
811 5075 898 5142 qui
948 5075 1129 5129 edebat
1177 5093 1333 5145 panes
1386 5093 1544 5143 meos,
1599 5077 1952 5146 magniﬁcavit

429 5175 579 5226 super
605 5178 682 5215 me
704 5168 1190 5232 supplantationem.
1220 5169 1525 5225 Secundum
1559 5184 1680 5226 vero
1705 5168 1952 5238 Symma-

430 5250 610 5310 clmm.
639 5250 741 5305 Sed
766 5264 814 5305 et
849 5255 995 5310 homo
1037 5261 1124 5328 qui
1166 5277 1361 5314 mecum
1390 5277 1567 5331 pacem
1594 5258 1836 5321 habebat,
1866 5259 1953 5311 cui

432 5337 654 5401 conﬁsus
688 5354 850 5404 eram,
882 5345 969 5409 qui
1000 5362 1101 5399 una
1126 5364 1321 5403 mecum
1343 5366 1527 5419 panem
1560 5364 1726 5403 meum
1750 5346 1949 5409 edebat,

432 5424 613 5477 ωιιιιίι
632 5441 684 5477 se
713 5442 788 5479 me
806 5446 1047 5499 sequens;
1079 5447 1169 5491 aut
1196 5442 1489 5496 secundum
1517 5438 1783 5509 Aquilam,
1816 5452 1953 5504 mag'

502 5580 547 5616 ιι
588 5577 769 5631 Matth.
809 5597 869 5645 ν,
906 5585 958 5638 3.

2056 4435 2161 4490 Καὶ
2184 4435 2288 4486 οὐκ
2311 4429 2553 4483 ἐκδώσει
2574 4432 2761 4483 αὐτὸν
2792 4436 2882 4499 εὶς
2907 4438 3135 4505 ψυχὰς
3164 4442 3461 4511 ἐχθρῶν.

2135 4520 2323 4575 Ἰστὲον
2348 4518 2425 4583 δὲ,
2455 4517 2529 4580 ὡς
2554 4518 2641 4570 τό⁶
2691 4519 2832 4588 Ἐγὼ
2877 4519 3052 4589 εἶπα,
3104 4531 3310 4596 Κύριε
3341 4575 3359 4598 ,
3424 4536 3709 4602 ἐλέησόν

2051 4631 2143 4684 με,
2166 4611 2306 4673 τινὲς
2336 4612 2398 4662 ἐκ
2426 4608 2711 4677 προσώπου
2735 4611 2829 4663 τοῦ
2867 4615 3043 4669 Δαυῖδ
3078 4621 3368 4690 εἰρῆσθαί
3402 4644 3590 4695 φασιν
3615 4646 3630 4660 ’
3674 4629 3709 4699 ἢ

2058 4698 2567 4773 παρεμϐεϐλημένον
2607 4700 2662 4751 ὲν
2697 4700 2774 4770 τῷ
2812 4701 2994 4773 μέσῳ,
3034 4706 3071 4777 ἦ
3106 4709 3223 4773 ἕως
3249 4714 3391 4766 ἐκεῖ
3414 4698 3708 4788 περιγράέ

2059 4808 2245 4862 φοντες
2275 4789 2342 4840 τὰ
2366 4788 2629 4857 λεγόμενα
2666 4790 2756 4840 ὑπ’
2786 4791 2982 4844 αὑτοῦ.

2124 4982 2231 5039 Καὶ
2258 4981 2364 5052 γὰρ
2405 4983 2438 5033 ὁ
2486 4980 2792 5049 ἄνθρωπος
2821 4982 2933 5051 τῆς
2983 4989 3251 5059 εἰρήνης
3277 5013 3450 5061 μου,
3502 4996 3604 5066 ἐφ’
3635 4996 3709 5050 ὃν·

2054 5072 2304 5141 ἤλπισα,
2349 5073 2380 5122 ό
2419 5070 2636 5125 ἐσθίων
2688 5071 2911 5139 ἄρτους
2944 5094 3099 5143 μου,
3136 5081 3563 5151 ἐμεγάλυνεν
3611 5087 3707 5139 ἐπ,

2056 5162 2157 5231 ἐμὲ
2201 5161 2575 5228 πτερνισμόν.
2618 5161 2775 5213 Κατὰ
2814 5162 2873 5214 δὲ
2920 5165 3020 5219 τὸν
3070 5169 3439 5243 Σύμμαχον·
3518 5176 3708 5231 Ἀλλὰ

2056 5253 2150 5305 καὶ
2179 5250 2480 5318 ἄνθρωπος
2507 5249 2573 5315 ὃς
2597 5250 2871 5319 εὶρήνευέ
2888 5271 3021 5322 μοι,
3073 5261 3250 5331 φησὶν
3268 5301 3282 5325 ,
3331 5257 3392 5328 ᾧ
3435 5266 3705 5319 ἐπεποί-

2056 5346 2197 5408 θειν,
2222 5340 2556 5395 συνεσθίων
2576 5358 2678 5409 μοι
2702 5342 2890 5409 ἄρτον
2916 5344 3107 5414 ἐμὸν,
3154 5360 3703 5427 κατεμεγτιλύγθη

2051 5451 2166 5503 μου
2195 5430 2570 5486 ἀκολουθῶν·
2614 5432 2647 5502 ἢ
2676 5433 2818 5485 κατὰ
2851 5435 2946 5488 τὸν
2998 5438 3243 5496 Ἀκύλαν
3263 5460 3278 5475 ·
3323 5449 3701 5520 Κατεμενα-
