3812 6354
232 400 350 459 365
1384 401 1871 460 COMMENTARIA
1909 403 1973 455 IN
2009 397 2337 455 PSALMOS.
3340 402 3438 457 566

232 514 428 579 ,λύνθη
451 525 549 578 μου
571 504 796 571 πτέρναι
822 500 943 572 Τῆς
983 508 1062 563 δὲ
1097 516 1206 569 τοῦ
1236 518 1479 590 Σωτῆρος
1508 518 1720 589 εἰρήνης
1740 513 1793 587 ἧι

1908 518 2152 586 niﬁcatus
2195 523 2271 567 est
2304 510 2516 564 contra
2544 520 2623 561 me
2650 515 2905 569 calcaneo.
2935 516 3059 569 Erat
3089 531 3247 585 porro
3274 515 3435 569 Judas

232 604 507 672 ἄνθρωπος
548 598 574 649 ὁ
622 593 810 656 Ἰούδας
835 633 850 656 ν
881 594 1170 669 ἀκούσας
1205 610 1301 660 καὶ
1345 608 1501 670 αὐτὸς
1537 607 1669 677 μετά
1701 606 1793 657 τῶι

1906 608 2063 661 homo
2099 605 2246 675 pacis
2277 598 2604 662 Salvatoris,
2630 604 2857 670 quicum
2887 605 3003 659 aliis
3024 606 3297 674 discipulis
3323 606 3432 658 haec

228 693 437 750 λοιπῶν
473 685 703 760 μαθητῶν
748 684 839 737 τοῦ
894 686 1194 767 Σωτῆρος
1230 698 1499 765 λέγοντος·
1549 695 1793 763 Εἰρήνην

1904 697 2163 750 dicentem
2217 692 2559 747 Salvatorem
2593 692 2861 745 audierat:
2910 693 3097 746 Pacem
3147 710 3311 747 meam
3366 694 3429 744 do

222 787 351 853 τὴν
374 782 526 851 ἐμὴν
542 778 735 847 δίδωμι
767 776 932 846 ὑμῖν,
956 784 1238 853 εἰρήνην
1266 787 1378 854 τὴν
1414 787 1564 855 ἐμὴν
1603 786 1793 854 ἀφίημι

1904 786 2066 851 vobis,
2098 800 2275 854 pacem
2330 793 2507 834 meam
2559 780 2787 849 relinquo
2833 781 2972 834 vobis
2990 784 3052 837 ".
3097 780 3221 847 Scd,
3252 785 3305 836 in
3332 798 3429 853 quo

218 875 396 945 ὑμῖν.
442 872 589 925 Ἀλλὰ
629 870 755 923 καί·
798 871 917 937 Ἐφ’
974 871 1064 925 ὃν
1111 876 1348 943 ἤλπισα
1372 918 1387 943 ,
1419 878 1579 948 φησί·
1614 876 1793 946 ἦκατά

1905 877 2121 942 speravi,
2153 875 2263 938 ait;
2286 872 2389 935 vel,
2429 870 2718 924 secundum
2739 871 3007 939 Aquilam,
3038 872 3263 940 conﬁsus
3283 888 3429 935 sum;

212 969 318 1020 τὸν
358 965 591 1016 Ἀκύλαν
612 1002 626 1025 ,
659 960 1047 1028 ὲπεποίθησα
1070 1005 1086 1029 ,
1117 966 1151 1036 ἢ
1180 968 1318 1022 κατά
1362 968 1449 1020 τὸν
1491 968 1793 1037 Σύμμαχον

1906 973 2018 1028 aut,
2071 972 2130 1017 ut
2184 958 2563 1033 Symmachus,
2612 962 2835 1029 conﬁsus
2876 975 3053 1022 eram;
3097 961 3430 1029 quandoqui-

218 1057 576 1113 ἐπεποίθειν
595 1070 608 1083 ·
636 1052 937 1123 ἐπειδήπερ
962 1056 1067 1108 καὶ
1093 1059 1243 1127 αὐτῷ
1262 1059 1456 1128 ὁμοίως
1481 1061 1592 1121 τοῖς
1612 1058 1793 1117 λοιποῖς

1904 1055 2021 1105 dem
2050 1040 2222 1121 ipsum
2263 1049 2485 1119 paribus
2519 1057 2677 1116 atque
2714 1055 2933 1102 caeteros
2973 1049 3246 1117 apostolos
3274 1048 3429 1102 donis

222 1146 557 1207 ἀποστόλοις
594 1142 701 1197 τῶν
734 1144 865 1196 ἴσων
907 1148 1186 1215 μετεδίδου
1233 1150 1604 1219 χαρισμάτων.
1664 1148 1793 1200 Ἐπ-

1905 1141 2171 1217 alfecerat.
2210 1138 2524 1192 Conlidebat
2550 1145 2724 1191 autem
2757 1136 2805 1189 ei
2855 1135 3121 1204 Salvator,
3147 1147 3198 1191 et
3232 1138 3426 1191 bonam

218 1234 450 1287 εποίθει
478 1234 536 1285 δὲ
573 1234 657 1285 ἐπ’
686 1232 836 1301 αὐτῷ
865 1235 893 1285 ὁ
925 1234 1142 1305 Σωτὴρ,
1164 1238 1256 1290 καὶ
1275 1236 1479 1304 ἀγαθὰς
1500 1232 1639 1305 εἶχεν
1664 1234 1793 1286 ἐλπί-

1904 1232 1970 1286 de
2000 1231 2116 1299 ipso
2145 1244 2290 1298 spem
2315 1229 2564 1291 habebat,
2588 1227 2711 1296 quia
2739 1227 2794 1280 in
2815 1241 2880 1282 eo
2900 1228 3123 1282 liberum
3147 1229 3426 1283 arbitrium

225 1324 330 1384 δας
363 1322 452 1373 ἐπ’
477 1320 655 1391 αὐτῷ,
685 1320 772 1373 διὰ
812 1321 873 1372 τὸ
905 1322 1000 1373 καὶ¹
1049 1324 1135 1375 ἐπ’
1169 1323 1313 1392 αὐτῷ
1344 1321 1693 1386 αὐτεξούσιον.
1734 1323 1807 1373 Οὐ

230 1408 346 1477 γὰρ
367 1402 437 1476 ἦν
488 1406 711 1475 φύσεως
753 1407 1018 1460 ἀδυνάτου
1077 1407 1335 1471 σώζεσθαι
1376 1411 1404 1461 ό
1444 1410 1666 1472 Ἰούδας·
1697 1410 1806 1461 ἀλλ’

228 1494 347 1559 οἶός
367 1514 427 1548 τε
452 1494 554 1566 ἦν,
591 1497 859 1566 Θελήσας,
896 1498 1097 1567 ὁμοίως
1121 1500 1231 1561 τοῖς
1273 1499 1473 1560 λοιποῖς
1503 1499 1808 1561 ἀποστόλοις

230 1585 663 1658 μαθητευθῆναι
699 1586 780 1655 τῷ
802 1585 920 1655 Υἱῷ
952 1586 1044 1638 τοῦ
1066 1586 1219 1648 Θεοῦ,
1260 1586 1351 1638 καὶ
1378 1585 1534 1647 καλὸς
1560 1587 1650 1639 καὶ
1678 1587 1809 1652 ἀγα-

231 1680 332 1739 θὸς
359 1676 619 1746 μαθητὴς
655 1676 1057 1728 ἀποτελεῖσθαι·
1094 1676 1363 1737 συνέστιος
1387 1675 1442 1726 δὲ
1468 1674 1540 1728 ὢν
1566 1677 1641 1744 τῷ
1668 1676 1809 1727 Διδα-

1905 1330 2068 1375 esset.
2126 1319 2310 1388 Neque
2357 1320 2499 1373 enim
2548 1317 2711 1372 Judas
2763 1333 2828 1371 ex
2884 1316 3189 1385 hujusmodi
3238 1326 3428 1371 natura

1904 1418 2020 1465 erat
2052 1424 2172 1479 quae
2226 1423 2331 1462 non
2370 1414 2552 1477 posset
2596 1408 2823 1461 salutem
2860 1408 3151 1475 consequi;
3205 1408 3295 1462 sed
3333 1424 3431 1476 po-

1904 1507 2065 1563 terat,
2100 1502 2146 1555 si
2190 1501 2404 1570 quidem
2452 1500 2732 1564 voluisset,
2768 1508 2828 1554 ut
2870 1510 2923 1555 et
2960 1502 3139 1555 caeteri
3172 1504 3422 1571 apostoli,

1903 1606 1934 1644 a
1967 1590 2102 1645 Filio
2140 1591 2232 1645 Dei
2258 1591 2478 1653 erudiri,
2510 1605 2573 1643 ac
2601 1591 2777 1646 bonus
2796 1590 3103 1661 probusque
3133 1591 3428 1661 discipulus

1903 1679 2057 1734 eilici.
2092 1681 2224 1734 Nam
2255 1695 2376 1735 cum
2406 1678 2660 1751 Magistro
2700 1681 3099 1736 contubernalis
3129 1689 3289 1745 esset,
3322 1698 3429 1737 non

242 1768 441 1837 σκάλῳ,
476 1768 543 1819 οὐ
570 1768 668 1819 τὸν
713 1767 892 1819 κοινὸν
930 1766 1088 1837 ἄρτον
1134 1765 1278 1835 αύτῷ
1324 1766 1476 1835 μόνον
1512 1765 1793 1835 συνήσθιεν.

1904 1784 2239 1824 communem
2286 1769 2444 1823 modo
2489 1783 2611 1823 cum
2643 1785 2709 1824 eo
2739 1784 2931 1840 panem
2963 1770 3303 1838 comedebat,
3335 1774 3428 1827 sed

239 1858 379 1911 ἀλλά
406 1859 501 1910 καὶ
535 1856 637 1909 τοῦ
690 1856 794 1924 τῆς
840 1856 1019 1925 ψυχῆς
1049 1852 1336 1925 Θρεπτικοῦ
1382 1854 1793 1924 μεταλαμϐάνεις.

1905 1859 2050 1913 illius
2098 1859 2259 1912 etiam
2303 1852 2407 1927 qui
2445 1858 2681 1912 animam
2742 1862 2914 1913 nutrit
2964 1860 3232 1929 particeps
3281 1868 3426 1915 erat:

234 1947 482 2017 ἠξιοῦτο·
522 1946 661 2016 περὶ
691 1940 755 1998 οὒ
776 1944 958 2011 ἔλεγεν
984 1946 1012 1996 ό
1040 1944 1256 2012 Σωτήρ·
1292 1942 1429 2012 Ἐγὼ
1441 1946 1551 2012 ειμι
1579 1946 1611 1995 ό
1637 1942 1793 2010 ἄρτος

1906 1949 1972 2003 de
2007 1963 2112 2017 quo
2156 1947 2371 2001 dicebat
2428 1945 2700 2001 Salvator:
2756 1947 2867 2017 Ego
2905 1964 3018 2001 sum
3045 1950 3194 2018 panis
3251 1950 3338 2019 qui
3367 1949 3430 2002 de

236 2042 278 2092 ὀ
314 2040 377 2091 ἐκ
403 2037 508 2090 τοῦ
542 2034 818 2102 οὐρανοῦ
851 2033 1128 2097 καταϐὰς,
1158 2032 1255 2084 καὶ
1283 2030 1431 2097 ζωὴν
1466 2030 1664 2095 διδοὺς
1688 2032 1793 2097 τοῖς

1905 2039 2033 2093 cazlo
2063 2037 2340 2103 descendit,
2382 2046 2431 2091 et
2472 2039 2559 2107 qui
2600 2040 2691 2090 dat
2737 2040 2894 2092 vitam
2931 2038 3298 2094 hominibus".
3332 2039 3429 2094 llic

235 2125 597 2193 ἀνθρώποις.
658 2119 832 2185 Οὗτος
875 2117 965 2173 οὖν
1016 2120 1044 2170 ὁ
1080 2119 1343 2171 τοσούτων
1392 2117 1685 2188 ἠξιωμένος
1712 2119 1793 2189 τὴι

1906 2129 2085 2197 itaque
2140 2136 2218 2182 tot
2265 2134 2485 2181 ornatus
2540 2127 2831 2193 beneﬁciis,
2892 2130 3205 2184 calcaneum
3266 2146 3423 2185 suum

241 2217 475 2285 πτέρναν
502 2213 680 2266 αὑτοῦ
713 2213 906 2281 ὥσπερ
928 2209 1303 2275 λάᾇέντεινων
1337 2209 1471 2261 κατά
1510 2207 1602 2260 τοῦ
1634 2210 1793 2278 Σωτῆ-

1904 2217 2059 2286 quasi
2089 2216 2413 2272 calcitrando
2439 2223 2625 2271 contra
2657 2216 2987 2272 Salvatorem
3011 2222 3232 2286 extulit;
3259 2238 3427 2290 quam

246 2321 347 2373 ρος
389 2303 556 2372 ἐπῆρε
583 2318 598 2330 ·
656 2301 743 2352 διὸ
814 2298 1098 2349 λέλεκται·
1152 2295 1540 2362 Ἔμεγάλυνεν
1572 2293 1662 2344 ἐπ’
1706 2293 1793 2360 ἐμὲ

1905 2307 2104 2362 dictum
2140 2315 2255 2363 est:
2281 2306 2636 2378 Magniﬁcavit
2658 2325 2809 2377 super
2828 2325 2907 2362 me
2935 2311 3423 2379 supplantationem.

238 2394 636 2460 πτερνισμόν.
684 2389 832 2442 Ἀντὶ
862 2388 919 2439 δὲ
944 2387 1057 2446 τοῦ,
1100 2384 1481 2451 πτερνισμὸν,
1521 2382 1669 2453 παρά
1698 2385 1793 2444 τοῖς

1902 2396 2006 2451 Pro
2033 2411 2162 2451 voce
2193 2405 2367 2451 autem
2397 2398 2507 2461 illa,
2534 2399 3017 2467 supplantationem,
3049 2415 3079 2452 a
3102 2399 3241 2453 LXX
3287 2402 3425 2456 Viris

255 2478 662 2551 Ἑϐδομήκοντα
683 2477 991 2548 εἰρημένον,
1006 2476 1039 2545 ή
1056 2473 1305 2544 Ἑϐραῖκὴ
1331 2473 1624 2540 ἀνάγνωσις
1642 2471 1793 2537 πτέρ-

1902 2498 2178 2557 usurpata.
2205 2487 2463 2543 Hebraica
2494 2488 2675 2559 lectio,
2711 2488 3033 2553 calcaneum,
3063 2490 3296 2557 praefert.
3349 2491 3425 2545 Eo

238 2590 360 2627 γαν
382 2572 660 2642 περιέχει.
713 2568 899 2629 υῦτως
928 2562 1021 2618 οὖν
1058 2563 1337 2625 δουλεύσας
1370 2562 1445 2633 τῷ
1482 2563 1747 2632 Ἐὅραῖκῷ
1777 2564 1793 2613 ί

1902 2580 2081 2648 itaque
2096 2578 2252 2632 modo
2272 2578 2461 2646 Aquila
2481 2577 2752 2634 Hebraicze
2776 2580 2963 2634 litterae
2979 2580 3218 2635 serviens
3237 2580 3421 2635 edidit.

254 2662 482 2723 Ἀκύλας
517 2659 810 2723 ἐξέδωκεν.
841 2655 1001 2708 Ὅθεν
1034 2653 1171 2707 καὶό
1205 2651 1584 2721 εὐαγγελιστὴς
1630 2651 1793 2703 Ἰωάν‹

1902 2670 2075 2735 Quare
2101 2668 2333 2723 Joannes
2354 2670 2699 2739 evangelista,
2730 2679 2911 2740 utpote
2944 2669 3195 2726 Hebraeus
3220 2687 3286 2727 ex
3317 2672 3420 2727 lle-

232 2768 362 2819 νης,
386 2752 459 2813 ὼς
494 2750 565 2802 ἂν
608 2748 865 2833 Ἐδραῖος
894 2744 952 2808 ἐξ
1001 2744 1285 2814 Ἐϐραίων,
1320 2742 1407 2794 τὸν
1446 2742 1665 2811 Σωτῆρα
1687 2781 1701 2804 ,
1743 2741 1793 2792 of.

1901 2760 2057 2813 braais
2081 2766 2252 2819 ortus,
2279 2756 2628 2821 Salvatorem,
2675 2773 2781 2812 non
2808 2758 3294 2827 supplantationem,
3329 2761 3422 2815 sed

235 2840 637 2909 πτερνισμὸν,
671 2832 809 2891 ἀλλὰ
828 2838 920 2889 καί
947 2835 1202 2902 πτέρναν
1218 2832 1547 2901 ὠνομακέναι
1571 2832 1793 2901 ἐμνημόι

1902 2849 2197 2901 calcaneum
2220 2847 2420 2902 dixisse
2447 2856 2724 2902 memorat.

236 2950 447 2985 νευσεν.

317 3024 403 3085 Εἰς
432 3022 496 3074 τό
520 3037 534 3049 ·
607 3016 791 3085 Ἐμοῦ
821 3014 917 3067 διὰ
940 3014 1054 3079 τὴν
1090 3012 1342 3065 ἀκακίαν
1384 3010 1709 3064 ἀντελάόου
1727 3028 1741 3041 ·
1767 3012 1797 3075 ἢ

1968 3020 2027 3074 ιιι
2063 3019 2194 3074 illud
2226 3034 2383 3074 vero:
2418 3017 2502 3072 Me
2516 3028 2721 3087 propter
2748 3020 3092 3073 innocentiam
3118 3020 3421 3083 suscepisti;

238 3111 381 3163 κατὰ
400 3112 495 3163 τὸν
530 3107 769 3160 Ἀκύλαν
790 3106 882 3156 καί
912 3103 1216 3172 Σύμμαχον,
1242 3101 1335 3154 διὰ
1358 3100 1471 3167 τὴν
1483 3102 1793 3169 ἁπλότητα·

1901 3111 2031 3167 sive.
2062 3111 2356 3165 secundum
2398 3109 2643 3179 Aquilam
2673 3118 2727 3165 et
2771 3110 3171 3181 Symmachum,
3214 3122 3423 3181 propter

238 3203 541 3272 ἐπειδήπερ
591 3199 675 3262 ὼς
747 3195 1038 3262 πρόϐατον
1082 3191 1180 3243 ἐπὶ
1224 3190 1463 3258 σφαγὴν
1486 3190 1661 3258 ἢχθη,
1701 3191 1797 3243 καὶ

238 3296 325 3359 ὡς
349 3294 539 3364 ἀμνὸς
560 3290 847 3344 ἐναντίον
874 3287 976 3339 τοῦ
1008 3285 1305 3351 κείραντος
1333 3283 1581 3351 ἄφωνος,
1619 3284 1799 3348 οὕτως

245 3387 351 3436 οὐκ
370 3384 645 3451 ἀνοίγων
694 3378 759 3430 τό
788 3378 1009 3443 στόμα·
1050 3373 1161 3436 καὶ,
1198 3372 1646 3440 Λοιδορούμενος
1690 3376 1796 3425 οὐκ

244 3472 652 3538 ἀντελοιδόρει
672 3487 686 3499 ·
720 3466 970 3533 πάσχων
998 3466 1106 3516 οὐκ
1136 3462 1395 3529 ἠπείλει·
1428 3462 1521 3531 τὴν
1550 3464 1717 3533 ἄκραν
1744 3462 1798 3515 δὲ

240 3562 598 3626 ἀνεξικακίαν
658 3554 1056 3623 ἐνδεικνύμενος
1126 3553 1183 3604 ὲν
1245 3549 1320 3619 τῷ
1391 3550 1797 3621 κατηγορεῖσθαι

241 3652 469 3713 ἐσιώπα,
512 3642 1126 3718 ψευδομαρτυρούμενός
1152 3658 1211 3693 τε
1249 3640 1394 3691 οὐδὲν
1441 3639 1792 3709 ἀπεκρίνατο·

243 3740 372 3793 ἀλλὰ
404 3741 504 3794 καὶ
535 3739 634 3789 τὸν
672 3734 839 3789 νῶτον
871 3731 1031 3784 αὑτοῦ
1064 3730 1287 3783 δέδωκεν
1306 3729 1384 3791 εἰς
1412 3728 1671 3796 μάστιγας
1707 3729 1798 3781 καὶ

240 3828 345 3889 τὰς
377 3828 648 3895 σιαγόνας
679 3825 761 3884 εἰς
807 3820 1148 3890 ῥαπίσματα·
1184 3816 1246 3869 τὸ
1293 3816 1347 3868 δὲ
1376 3817 1656 3887 πρόσωπον
1701 3816 1797 3868 οὐκ

242 3917 588 3990 ἀπέστρεψεν
611 3913 725 3967 ἀπὸ
752 3910 1008 3979 αἰσχύνης
1038 3909 1453 3979 ὲμπτυσμάτων.
1484 3908 1572 3959 Διό
1614 3923 1793 3975 φησιν·

252 4005 419 4072 Ἐμοῦ
448 4007 520 4060 δὲ
532 4004 641 4059 διὰ
656 4002 773 4068 τὴν
787 4000 1037 4053 ἀκακίαν
1061 3997 1403 4061 ἀντελάϐου,
1428 3997 1523 4049 καὶ
1535 3996 1794 4051 ἐϐεϐαίων

239 4095 356 4160 σάς
384 4114 459 4166 με
511 4094 784 4148 ἐνώπιόν
840 4105 952 4142 σου
992 4090 1076 4152 είς
1118 4085 1316 4139 αἰῶνα.
1371 4086 1587 4149 Τούτοις
1637 4088 1796 4139 πᾶσιν

231 4184 482 4239 ἐπιτέλει
504 4185 571 4237 τὸ
606 4179 945 4251 προφητικὸν
967 4177 1175 4247 πνεῦμα
1197 4178 1596 4249 εὐχαριστήριον
1621 4178 1796 4246 φωνὴν

1900 3200 2302 3267 simplicitatem,
2351 3197 2484 3270 [hinc
2521 3199 2770 3270 dicenda]
2806 3201 3084 3269 quoniam,
3133 3202 3265 3254 sicut
3310 3202 3419 3254 ovis

1898 3291 1967 3341 ad
2005 3288 2380 3357 jugulationem
2417 3289 2600 3340 ductus
2629 3297 2725 3351 est,
2765 3298 2813 3341 et
2859 3290 2992 3342 sicut
3040 3306 3201 3358 agnus
3245 3306 3421 3343 coram

1898 3376 2132 3429 tondente
2171 3377 2279 3428 sine
2321 3391 2456 3437 voce,
2487 3377 2562 3428 sic
2590 3391 2691 3428 non
2718 3377 2916 3442 aperuit
2959 3393 3014 3431 os
3056 3378 3285 3442 suum“,
3328 3388 3414 3432 et:

1897 3465 2026 3520 Cum
2054 3464 2462 3526 malediceretur,
2497 3481 2595 3517 non
2620 3465 3007 3519 remaledicebat
3023 3481 3044 3529 ,°
3072 3482 3188 3521 cum
3218 3477 3419 3536 patere-

1862 3564 2003 3615 -tur,
2037 3568 2140 3605 non
2192 3553 2695 3606 comminabatur”:
2732 3554 2824 3608 sed
2869 3569 3078 3609 summa
3121 3556 3417 3612 instructus

1896 3643 2170 3712 patientia,
2218 3657 2342 3697 cum
2392 3652 2759 3708 accusaretur,
2812 3645 3043 3712 tacebat,
3089 3660 3210 3701 cum
3268 3646 3416 3702 falsis

1896 3730 2212 3785 testimoniis
2246 3732 2605 3800 impeteretur,
2636 3733 2770 3786 nihil
2799 3733 3103 3802 respondit;
3135 3732 3229 3789 sed
3258 3736 3417 3789 etiam

1894 3818 2112 3871 dorsum
2139 3834 2294 3873 suum
2324 3818 2544 3890 ﬂagellis
2573 3820 2787 3885 obtulit,
2804 3829 2858 3875 et
2885 3822 3053 3877 malas
3075 3837 3201 3876 suas
3219 3822 3412 3892 alapis,

1897 3907 2083 3962 faciem
2116 3922 2240 3962 vero
2290 3923 2441 3963 suam
2469 3925 2575 3963 non
2613 3911 2803 3965 avertit
2837 3924 2867 3962 a
2893 3911 3093 3978 probro
3117 3921 3418 3981 sputorum.

1895 3997 2225 4067 Quapropter
2243 3998 2340 4061 ait,
2370 3998 2455 4052 Me
2482 4009 2653 4053 autem
2676 4011 2882 4069 propter
2912 4001 3259 4054 innocentiam
3297 4019 3417 4056 sus-

1893 4088 2090 4155 cepisti,
2125 4097 2175 4140 et
2194 4088 2516 4156 conﬁrmasti
2552 4104 2633 4141 me
2675 4089 2726 4141 in
2761 4097 3030 4156 conspectu
3054 4097 3140 4142 tuo
3179 4091 3233 4141 in
3259 4100 3417 4143 teter-

1894 4194 2035 4231 num.
2076 4176 2132 4230 In
2179 4178 2282 4231 ﬁne
2311 4178 2523 4232 tandem
2569 4192 2753 4231 eorum
2806 4178 3025 4247 spiritus
3069 4179 3418 4247 propheticus

1860 4268 2182 4335 gratiarum
2214 4269 2451 4323 actiones
2490 4268 2599 4324 Deo
2641 4268 2836 4322 emittit
2872 4268 2955 4322 bis
2995 4268 3203 4325 verbis:
3250 4268 3417 4323 Bene—

228 4272 555 4347 ἀναπέμπει
610 4272 694 4341 τῷ
744 4268 864 4337 Θεῷ
919 4268 1096 4336 λέγον·
1149 4267 1487 4335 Εὐλογητὸς
1528 4270 1734 4333 Κύριος
1765 4270 1796 4319 ὁ

223 4361 379 4431 Θεὸς
421 4362 690 4432 Ἰσραὴλ
710 4357 831 4412 ἀπὸ
863 4357 967 4409 τοῦ
994 4357 1204 4421 αἰῶνος
1230 4356 1325 4408 καὶ
1356 4358 1442 4419 είς
1466 4356 1570 4408 τὸν
1593 4354 1791 4408 αἰῶνα·

1901 4354 2062 4409 dictus
2095 4355 2346 4410 Dominus
2397 4357 2531 4410 Deus
2577 4355 2745 4411 Israel
2773 4374 2804 4409 a
2833 4357 3022 4411 sarculo
3069 4365 3119 4411 et
3163 4373 3320 4427 usque
3363 4359 3413 4410 in

212 4448 482 4517 γένοιτο,
511 4452 784 4521 γένοιτο·
819 4446 853 4515 ἢ
898 4445 1033 4498 κατὰ
1062 4446 1152 4498 τὸν
1211 4445 1434 4498 Ἀκύλαν
1458 4485 1474 4511 ,
1513 4458 1793 4498 πεπιστω-

1901 4444 2163 4507 mculum,
2194 4447 2310 4513 ﬁat,
2338 4446 2464 4514 ﬁat;
2488 4453 2600 4509 aut,
2632 4445 2924 4500 secundum
2945 4445 3213 4515 Aquilam,
3247 4447 3414 4515 ﬁdeli-

198 4531 439 4605 μέν-ως,
497 4531 972 4601 πεπιστωμένως
990 4550 1002 4561 ·
1064 4532 1199 4583 κατὰ
1243 4532 1297 4584 δὲ
1326 4533 1414 4584 τὸν
1468 4532 1753 4602 Σύμμαχον
1779 4549 1792 4562 ·

1901 4544 1995 4597 ter,
2026 4533 2281 4603 ﬁdeliter;
2310 4537 2440 4598 sive,
2470 4535 2761 4590 secundum
2787 4535 3191 4605 Symmachum,
3231 4555 3411 4611 amen,

214 4617 437 4695 Ἀμὴν,
474 4626 680 4695 ἀμήν·
734 4621 881 4673 ἐνθεν
909 4623 938 4673 ό
974 4621 1159 4692 Σωτὴρ
1188 4622 1280 4672 καὶ
1318 4620 1516 4690 Κύριος
1557 4621 1708 4690 ἡμῶν
1740 4623 1793 4673 ὲν

1901 4640 2065 4679 amen.
2104 4623 2254 4679 Unde
2299 4623 2549 4679 Servator
2592 4624 2647 4677 in
2688 4624 2993 4694 colloquiis,
3028 4626 3096 4679 ad
3151 4628 3411 4682 sermonis

185 4706 340 4778 τοῖς·
367 4714 574 4770 ἑαυτοῦ
619 4710 891 4777 διαλόγοις
945 4710 1021 4770 εἰς
1049 4708 1302 4761 πίστωσιν
1332 4709 1436 4761 τῶν
1495 4709 1587 4761 ὑπ’
1636 4708 1793 4777 αύτοῦ

1901 4712 1979 4766 sui
2031 4713 2487 4767 conﬁrmationem
2538 4712 2591 4765 id
2648 4728 2909 4783 usurpare
2967 4715 3205 4769 solebat:
3253 4715 3414 4769 Amen

158 4788 546 4875 λεγκομένων
594 4798 1047 4869 παραλαμϐάνειν
1096 4798 1248 4850 εἴωθε
1292 4799 1384 4851 τό·
1432 4796 1604 4865 Ἀμὴν
1648 4798 1793 4868 λέγω

1901 4804 2009 4856 dico
2046 4803 2204 4858 vobis.
2252 4803 2417 4873 Cujus
2467 4803 2786 4859 sententiam
2835 4806 3076 4873 apertius
3130 4804 3415 4873 explicavit

162 4879 401 4945 ἡμὶνο
443 4891 509 4947 οὗ
567 4892 674 4962 τὴν
727 4888 964 4941 διάνοιαν
1022 4887 1340 4958 σαφέστερον
1391 4889 1725 4958 ήρμήνευσεν
1769 4892 1793 4942 ό

1901 4891 2084 4963 Aquila
2110 4893 2312 4958 dicens,
2347 4893 2585 4963 ﬁdeliter,
2616 4894 2859 4963 ﬁdeliter.

213 4968 229 4985 “
243 4970 473 5044 ὶὺ-ιύλας
496 4978 701 5040 εἰπὼν,
725 4973 1196 5041 πεπιστωμένως,
1229 4974 1692 5042 πεπιστωμένως.

332 5068 471 5124 Ἀλλὰ
509 5070 628 5139 γὰρ
648 5065 984 5137 διῃρημένης
1028 5063 1123 5129 τῆς
1161 5063 1284 5133 ὅλης
1324 5064 1503 5133 βίϐλου
1534 5064 1639 5115 τῶν
1665 5065 1795 5133 ψαλ-

262 5152 365 5218 μῶν
388 5164 461 5224 είς
490 5159 662 5211 πέντε
694 5158 856 5226 μέρη,
886 5154 947 5206 τὸ
975 5153 1181 5222 πρῶτον
1217 5154 1372 5221 μέρος
1395 5151 1626 5206 ἐνταῦθα
1653 5172 1793 5224 περι-

1901 5163 2074 5226 partes
2102 5156 2296 5221 diviso,
2335 5156 2506 5225 prima
2559 5170 2682 5223 pars
2735 5154 2839 5209 huc
2877 5154 3098 5221 desinit,
3134 5173 3253 5227 qua:
3280 5160 3415 5213 inci-

260 5247 524 5316 τράφεται,
559 5248 864 5318 ἀρχόμενον
897 5242 998 5310 μὲν
1024 5241 1125 5291 ἀπὸ
1150 5241 1241 5292 τοῦ
1265 5250 1310 5294 α’
1329 5240 1540 5311 ψαλμοῦ
1565 5279 1580 5300 ,
1618 5242 1793 5297 τελευ-

1901 5246 1977 5315 pit
2008 5261 2039 5299 a
2076 5246 2245 5314 primo
2289 5245 2512 5313 psalmo,
2556 5253 2608 5301 et
2659 5246 2715 5299 in
2774 5247 3021 5315 praesenti
3074 5248 3410 5304 terminatur.

258 5334 351 5388 τῶν
372 5341 418 5394 δὲ
442 5344 528 5403 εἰς
557 5338 646 5391 τὸν
678 5334 819 5405 μετά
858 5334 1070 5400 χεῖρας.
1102 5329 1238 5399 Ὦρα
1266 5332 1327 5401 δὴ
1371 5326 1464 5383 οὖν
1503 5331 1793 5401 μεταϐῆναι

1901 5334 2083 5389 Restat
2112 5341 2170 5388 ut
2210 5332 2495 5389 secundam
2539 5334 2927 5405 aggrediamur,
2974 5350 3095 5404 qua:
3120 5350 3148 5387 a
3182 5337 3418 5404 quadra-

257 5421 338 5473 ὶπὶ
358 5431 403 5482 τὸ
428 5429 690 5497 δεύτερον
715 5441 728 5452 ·
765 5424 906 5487 ὅπερ
938 5418 1156 5483 ἄρχεται
1189 5419 1286 5485 μὲν
1315 5418 1422 5471 ἀπὸ
1439 5417 1533 5470 τοῦ
1558 5418 1642 5488 μα’
1662 5420 1793 5489 ψαλ.

1903 5424 2104 5495 gesimo
2130 5424 2301 5493 primo
2330 5423 2532 5493 incipit,
2560 5434 2613 5480 et
2641 5426 2696 5479 in
2713 5425 3160 5496 septuagesimum
3185 5426 3421 5495 primum

254 5510 352 5575 μοῦ,
379 5512 823 5592 ωμπεραιοῦται
851 5506 909 5557 δὲ
944 5504 1025 5564 εἰς
1055 5502 1138 5556 τὸν
1174 5508 1273 5561 οα’.

1906 5513 2117 5569 desinit.

1962 5065 2222 5119 Universo
2270 5064 2482 5135 quidem
2530 5066 2854 5134 psalmorum
2903 5065 3038 5119 libro
3082 5066 3137 5119 in
3180 5069 3413 5139 quinque

293 5678 510 5757 "J03",
552 5708 679 5754 xlv,
718 5684 813 5739 27.
898 5677 947 5709 ”
982 5674 1128 5734 Joan.
1165 5698 1223 5737 vi
1248 5723 1262 5751 ,
1297 5684 1382 5738 51.
1462 5684 1506 5717 ’⁸
1538 5684 1634 5742 lsa.
1675 5704 1784 5744 ιιιι

1974 5693 2019 5725 ’³
2055 5690 2075 5744 ι
2105 5689 2243 5746 Petr.
2275 5704 2346 5757 ιι,
2379 5688 2467 5750 23.
