3812 6364
400 363 507 420 ’567

514 484 564 536 1.
618 479 683 535 IN
735 478 960 549 Fl-NEM,
988 470 1598 600 ggnlENTgiiﬁLECTUM
1636 470 1830 524 FlLllS

483 663 660 717 Prima
707 676 829 729 pars
878 658 1001 712 libri
1046 657 1369 725 psalmorum
1399 654 1753 729 quadraginta
1784 654 1929 722 psal-

1090 355 1348 412 EUSEBll
1385 349 1850 407 CESARIENSIS
1879 353 2025 409 OPP.
2048 352 2222 409 PARS
2253 349 2341 406 111.
2369 380 2441 392 -
2473 348 2886 403 ΕΧΕϐΕΤΙΟΑ.
3594 345 3680 397 5138

1957 482 2005 536 Α
2099 474 2204 525 ΕΙΣ
2253 471 2337 521 ΤΟ
2388 468 2749 530 ΤΕΛΟΣ,Ε1Σ
2800 458 3141 518 ΣΥΝΕΣῙΝ
3187 453 3422 510 ΤΟῙΕ
3469 460 3630 515 ΥΙΟΙΣ

2626 537 2809 590 ΚΟΡΕ
2846 536 2999 587 MA'.

2104 652 2173 702 Τὸ
2204 650 2301 720 μὲν
2330 650 2540 719 πρῶτον
2588 648 2748 717 μέρος
2772 644 2882 713 τῆς
2934 641 3060 693 τῶν
3094 631 3419 705 ψαλμᾶἶιν
3455 642 3623 711 βίῦλου
3650 658 3695 716 μ’

415 768 550 816 mos,
591 752 680 819 qui
724 764 909 802 omnes
956 745 1168 798 Davidis
1197 751 1340 806 sunt,
1372 743 1775 813 complectitur;
1820 743 1932 795 haec

2124 742 2293 808 ιμοὺς,
2345 738 2435 790 καὶ
2467 738 2668 796 πάντας
2722 733 2819 786 τοῦ
2855 730 3062 798 Δαυῒδ,
3130 740 3315 795 περιε
3336 731 3491 801 ἷχε·
3544 737 3599 789 τὸ
3641 739 3693 792 δὲ

416 858 539 896 vero
596 853 749 908 quam
800 838 1017 899 inimus,
1076 835 1295 902 triginta
1345 839 1397 886 et
1446 848 1648 885 unum:
1708 846 1936 899 quorum

418 941 538 983 octo
581 929 792 997 quidem
829 926 1055 978 ﬁliorum
1094 923 1251 987 Core,
1285 938 1425 976 unus
1462 922 1665 991 Asaph,
1700 920 1940 975 Salomo-

419 1023 499 1073 nis
536 1034 695 1079 unus,
727 1017 916 1084 reliqui
949 1014 1184 1068 Davidis.
1239 1013 1344 1067 Eos
1382 1019 1559 1067 autem
1588 1002 1680 1080 qui
1715 1011 1940 1064 ﬁliorum

418 1111 551 1164 Core
588 1116 735 1169 sunt,
779 1114 962 1175 utpote
995 1105 1183 1158 ordine
1216 1105 1438 1173 primos,
1470 1104 1539 1157 ad
1566 1117 1751 1156 eorum
1784 1103 1941 1155 intel-

420 1199 689 1268 ligentiam
726 1198 835 1265 jam
869 1195 1251 1264 expendemus.
1290 1193 1399 1248 Nos
1445 1194 1536 1246 ﬁlii
1573 1192 1711 1247 Core
1751 1192 1944 1247 inscri-

420 1289 687 1359 ptionibus
729 1288 843 1340 suis
888 1286 1166 1354 instigant,
1220 1292 1278 1337 ut
1308 1300 1375 1338 ne
1410 1284 1705 1337 oscitanter
1753 1284 1945 1336 horum

420 1381 650 1435 lectione
674 1388 903 1431 utamur.
953 1376 1198 1431 Praesens
1236 1390 1363 1429 vero
1401 1375 1638 1444 psalmus
1668 1374 1945 1443 prepheti-

423 1486 545 1523 cum
581 1470 803 1523 chorum
833 1470 1039 1521 tristem
1089 1467 1372 1534 animoque
1404 1465 1471 1518 de
1510 1465 1691 1532 populi
1728 1480 1795 1517 ex
1838 1464 1947 1517 eir-

424 1559 749 1613 cumcisione
777 1559 926 1625 lapsu
969 1564 1279 1609 maerentem
1310 1555 1534 1617 inducit,
1569 1562 1825 1623 rogatque
1857 1569 1949 1622 per

430 1648 723 1700 Salvatoris
765 1660 917 1714 Opem
954 1646 1069 1698 erui
1102 1646 1276 1714 ipsum
1323 1652 1377 1697 et
1430 1644 1647 1697 liberari
1704 1657 1733 1694 a
1768 1643 1944 1694 tnalis.

426 1738 578 1803 Quod
623 1738 676 1790 in
719 1736 823 1790 ﬁne
857 1735 1120 1789 sermonis
1157 1735 1239 1788 his
1255 1733 1431 1787 verbis
1465 1734 1702 1799 assignat
1735 1748 1750 1785 :
1789 1730 1949 1797 Spera

430 1831 481 1880 in
514 1827 640 1890 Deo,
674 1826 916 1894 quoniam
945 1825 1110 1877 adhuc
1139 1822 1415 1891 conﬁtebor
1440 1823 1540 1886 illi,
1573 1822 1804 1875 salutare
1839 1820 1952 1873 vul-

430 1925 512 1968 lus
542 1917 639 1968 mei
666 1923 714 1968 el
739 1914 874 1967 Deus
901 1929 1064 1965 meus.

502 2082 684 2151 Neque
740 2082 1024 2149 psalmum,
1058 2093 1231 2146 neqtte
1264 2075 1554 2138 canticum,
1586 2087 1759 2143 neque
1797 2070 1957 2141 quid-

433 2174 573 2243 piam
619 2172 793 2226 simile
825 2168 1103 2238 inscriptio
1131 2166 1363 2235 prtel‘ert,
1414 2164 1573 2232 idque
1601 2164 1721 2231 jure
1755 2177 1817 2215 ac
1844 2177 1955 2215 rne-

433 2263 535 2315 rito
579 2279 590 2312 :
619 2260 743 2327 quia
772 2273 832 2311 ea
861 2266 980 2326 quae.
1017 2256 1416 2323 subjunguntur
1443 2252 1769 2307 tristioribus
1798 2249 1959 2304 dictis

435 2353 587 2418 plena
616 2356 761 2412 sunt,
806 2348 924 2401 ideo
959 2347 1011 2399 in
1034 2348 1187 2414 ﬁnem
1226 2343 1541 2411 simpliciter
1566 2341 1839 2408 inscriptio
1856 2350 1957 2393 est.

435 2440 567 2494 Nam
612 2454 731 2493 cum
784 2453 869 2492 res
901 2436 1134 2490 nondum
1162 2436 1501 2498 exsisterent,
1534 2432 1626 2487 sed
1655 2432 1846 2485 futurae
1876 2448 1955 2487 es-

437 2539 576 2593 sent,
618 2529 986 2598 praedictiones
1021 2533 1224 2577 tantum
1260 2524 1649 2593 complectitur.
1689 2521 1961 2591 Siquidem

438 2623 529 2676 ﬁlii
591 2622 725 2675 Core
772 2628 1007 2688 tempore
1066 2616 1265 2685 Moysis
1330 2616 1383 2667 in
1449 2614 1658 2667 deserto
1730 2614 1962 2666 luerunt.

440 2712 638 2766 Deinde
689 2724 816 2763 vero
866 2724 984 2761 cum
1031 2715 1181 2775 pater
1227 2721 1408 2759 eorum
1455 2705 1590 2759 Core
1634 2705 1687 2758 in
1732 2704 1963 2774 Moysem

442 2804 755 2859 seditionem
785 2803 1126 2863 concitasset,
1158 2810 1316 2868 atque
1347 2800 1398 2853 in
1422 2799 1621 2852 familia
1653 2814 1748 2853 sua
1774 2799 1969 2866 periis-

443 2902 544 2957 set,
588 2893 813 2961 contigit
858 2899 915 2944 ut
948 2891 1039 2943 ﬁlii
1090 2891 1207 2958 ejus
1246 2906 1350 2943 non
1392 2906 1497 2943 una
1529 2905 1649 2943 cum
1694 2898 1845 2957 patre
1884 2888 1962 2941 in-

444 2985 696 3039 terirent:
738 2991 791 3036 et
819 2982 941 3050 quia
971 2989 1205 3050 paterna:
1233 2982 1519 3050 impietatis
1551 2981 1838 3050 participes
1860 2994 1968 3032 non

2041 829 2171 898 μετὰ
2203 832 2383 898 χεῖρας
2410 827 2487 878 λα’
2510 843 2522 856 ο
2558 820 2630 877 ὧν
2658 822 2802 876 ὀκτὼ
2834 825 2939 890 μέν
2974 823 3096 872 εἱσι
3134 817 3263 870 τῶν
3352 824 3501 877 ὐἱῶν
3536 830 3695 899 Κορὲ⁹

2038 917 2117 980 εἷς
2146 919 2200 970 δὲ
2222 919 2312 969 τοῦ
2352 918 2539 984 Ἀσάφ,
2567 916 2660 967 καὶ
2685 912 3020 980 Σολομῶνος
3046 901 3140 969 εἷς
3162 924 3175 934 ·
3203 907 3262 956 oi
3294 904 3400 963 Se
3420 914 3580 967 λοιποὶ
3599 920 3689 970 τοῦ

2040 1011 2216 1064 Δαυῖδ.
2245 1009 2498 1080 Πρώτους
2520 1008 2575 1059 δὲ
2595 1006 2798 1058 τούτων
2819 1004 3020 1062 ὄντας,
3042 999 3187 1060 τοὺς
3204 995 3370 1052 τῶν
3392 1005 3519 1056 υἱῶν
3532 1009 3697 1077 Κορε,

2040 1101 2467 1170 διασκεψώμεθα,
2502 1099 2593 1151 ἐπὶ
2624 1098 2683 1150 τὸ
2711 1095 2961 1148 συνιέναι
2996 1090 3075 1143 τὰ
3114 1088 3471 1156 λεγόμενα.
3494 1096 3700 1166 Παρορ-

2046 1192 2212 1262 μῶσιν
2242 1192 2383 1259 ἡμᾶς
2431 1189 2479 1239 οἱ
2508 1187 2612 1239 υἱοὶ
2643 1186 2788 1255 Κορὲ
2830 1182 2927 1235 διὰ
2970 1180 3096 1232 τῶν
3140 1194 3325 1247 προγ
3344 1181 3541 1249 ραφῶν
3572 1186 3704 1256 πρὸς

2042 1280 2100 1333 τὸ
2130 1281 2200 1349 μὴ
2228 1278 2513 1349 παρέργως
2539 1275 2848 1345 χρήσασθαι
2873 1272 2948 1338 τῇ
2970 1267 3096 1319 τῶν
3123 1265 3504 1331 λεγομένων
3534 1272 3708 1328 ὲντεύ,

2046 1368 2141 1433 ξει.
2172 1369 2385 1434 Είσάγει
2415 1367 2468 1418 δὲ
2505 1368 2533 1417 ό
2561 1362 2750 1434 παρὼν
2778 1359 3011 1429 ψαλμὸς
3038 1357 3144 1408 τὸν
3194 1367 3594 1434 πρῶφητικδν
3614 1388 3711 1435 χο,

2049 1459 2135 1529 ρὸν
2162 1456 2451 1526 περίλυπον
2477 1454 2570 1506 καὶ
2600 1449 2931 1520 σκυθρωπὸν
2965 1445 3077 1515 τὴν
3114 1442 3339 1513 ψυχὴν
3372 1454 3475 1502 ἐπὶ
3511 1457 3577 1518 τῇ
3612 1455 3701 1503 τοῦ

2047 1547 2171 1600 λαοῦ
2197 1547 2287 1600 τοῦ
2321 1549 2382 1598 ἐκ
2406 1544 2704 1614 περιτομῆς
2763 1538 3059 1593 ὲκπτώσει
3084 1553 3099 1565 ⁵
3140 1536 3243 1588 καὶ
3261 1538 3497 1600 ἐξαιτεῖ
3518 1554 3575 1587 τε
3600 1539 3675 1587 λύ-

2047 1652 2243 1703 τρωσιν
2275 1635 2365 1687 καὶ
2393 1633 2572 1686 κακῶν
2604 1629 2922 1698 ἐλευθερίαν
2952 1626 3051 1678 διὰ
3072 1626 3186 1694 τῆς
3228 1624 3523 1693 σωτηρίου
3558 1623 3680 1692 βοη-

2053 1728 2218 1790 θείας.
2250 1728 2312 1779 Ὅ
2351 1726 2412 1795 δὴ
2436 1725 2527 1776 καὶ
2553 1725 2642 1775 ἐπὶ
2668 1722 2811 1774 τέλει
2848 1719 2948 1771 τοῦ
2987 1719 3173 1785 λόγου
3208 1717 3686 1787 ὲπισφραγίζεται

1989 1801 2025 1851 Β
2054 1816 2243 1870 εἰπών·
2272 1817 2554 1868 ’Έλπισον
2579 1812 2675 1864 ἐπὶ
2702 1811 2810 1862 τὸν·
2841 1808 3023 1870 Θεὸν,
3075 1806 3182 1858 ὅτι
3221 1804 3695 1874 ἐξομολογήσο-

2048 1924 2149 1975 μαι
2170 1902 2358 1967 αὐτῷ·
2384 1900 2674 1969 σωτήριον
2712 1899 2822 1952 τοῦ
2870 1896 3238 1964 προσώπου
3278 1910 3421 1961 μου
3517 1896 3619 1950 καὶ
3668 1902 3694 1952 ὁ

2053 1995 2189 2059 Θεός
2211 2012 2344 2061 μου.

2124 2084 2257 2137 Οὔτε
2283 2082 2514 2151 ψαλμὸν,
2547 2078 2668 2131 οὔτε
2692 2077 2833 2147 ᾠδὴν
2863 2117 2878 2140 ,
2912 2076 3051 2129 οὔτε
3082 2095 3147 2129 τι
3180 2076 3296 2129 τῶν
3336 2075 3624 2129 τοιούτων
3668 2077 3698 2144 ἠ

2056 2173 2374 2245 προσγραφὴ
2405 2172 2643 2241 περιέχει
2668 2186 2683 2200 ο
2720 2169 2831 2221 καὶ
2850 2170 3125 2232 εἰκότως.
3181 2166 3559 2237 Ἐπειδήπερ
3586 2185 3712 2219 σκυ-

2058 2265 2407 2337 θρωποτέρων
2451 2263 2621 2329 λόγων
2668 2260 3047 2331 πεπλήρωται
3102 2257 3187 2310 τὰ
3245 2256 3398 2327 ὲξῆς
3458 2258 3714 2323 ἐπιλεγό-

2062 2374 2213 2427 μενα,
2248 2357 2332 2409 διὰ
2371 2353 2538 2406 ταῦτα
2579 2352 2762 2414 ἁπλῶς
2786 2354 2876 2416 είς
2910 2350 2982 2403 τὸ
3012 2350 3222 2414 τέλος
3245 2349 3716 2420 ἐπιγέγραπται.

2060 2446 2149 2514 Μὴ
2177 2443 2282 2513 γὰρ
2308 2440 2628 2509 ὑφεστώτων
2660 2440 3048 2509 πραγμάτων,
3090 2437 3443 2507 μελλόντων
3481 2438 3544 2490 δέ
3591 2454 3720 2489 ποτε

2062 2533 2291 2595 ἔσεσθαι,
2328 2533 2650 2601 προρρήσεις
2686 2522 2991 2599 περιέχει.’
3020 2529 3331 2596 Γεγόνασι
3387 2528 3503 2598 μὲν
3536 2528 3653 2598 γὰρ
3682 2530 3729 2581 οἱ

2062 2624 2164 2674 υἱοὶ
2205 2622 2343 2689 Κορὲ
2382 2620 2472 2671 ἐπί
2514 2619 2611 2687 τῆς
2646 2620 2853 2688 ἐρήμου
2885 2616 3038 2670 κατὰ
3077 2620 3225 2682 τοὺς
3245 2619 3518 2688 χρόνους
3564 2621 3734 2672 Moti)-

2067 2712 2217 2773 σέως.
2243 2706 2370 2762 Εἷτα
2394 2709 2486 2762 τοῦ
2520 2707 2721 2777 πατρὸς
2748 2708 2932 2760 αὐτῶν
2954 2689 3068 2761 ἶτοῦ
3102 2710 3272 2779 Κορὲ
3323 2708 3737 2764 καταστασιά-

2067 2818 2251 2863 σαντος
2271 2801 2560 2863 Μωῦσέως,
2588 2800 2680 2852 καὶ
2696 2799 3053 2868 ἀπολομένου
3093 2804 3174 2871 τῇ
3208 2801 3405 2854 αὑτοῦ
3458 2804 3737 2873 φρατρίᾳ,

2065 2893 2187 2953 τοὺς
2211 2890 2393 2942 τούτου
2419 2889 2606 2952 παῖδας
2633 2888 2831 2959 συνέϐη
2859 2889 2938 2959 μὴ
2971 2892 3402 2946 συναπολέσαι
3426 2894 3523 2964 τῷ
3546 2893 3737 2964 πατρί·

2067 2982 2153 3033 διὰ
2182 2980 2240 3032 τὸ
2268 2980 2338 3049 μὴ
2371 2979 2745 3031 κεκοινωκὲναι
2777 2980 2984 3042 αὐτοὺς
3011 2985 3088 3052 τῇ
3120 2983 3232 3035 τοῦ
3268 2984 3521 3055 πατρὸς
3546 2986 3744 3037 δυσσε-

446 3076 676 3138 l'uerant,
709 3074 801 3129 sed
836 3076 1198 3142 pmnitentiam
1231 3081 1283 3126 et
1312 3072 1596 3125 maximam
1648 3086 1773 3141 erga
1806 3070 1966 3124 Deum

2124 3072 2206 3142 ιίᾳ,
2237 3069 2517 3139 μετάνοιαν
2553 3068 2609 3121 δὲ
2638 3068 3065 3138 ἐνδειξαμένους
3115 3074 3230 3125 καὶ
3272 3074 3587 3146 πλείστην
3622 3074 3748 3145 περλ.

444 3166 691 3237 pietatem
731 3166 1070 3228 exhibebant,
1102 3173 1249 3217 tanta
1297 3163 1433 3232 apud
1495 3161 1660 3216 Deum
1718 3160 1972 3230 approba—

445 3254 589 3308 tione
621 3254 765 3323 digni
816 3253 1052 3317 fuerunt,
1085 3260 1143 3305 ut
1172 3252 1329 3306 etiam
1356 3251 1648 3321 prophetiae
1685 3253 1853 3320 gratia
1882 3267 1972 3305 or-

450 3355 728 3398 narentur.
793 3343 871 3397 Ex
916 3358 1099 3397 eorum
1132 3358 1293 3413 porro
1344 3341 1687 3395 successione
1733 3348 1973 3410 tempore

446 3436 660 3490 Davidis
697 3435 834 3490 alius
891 3434 1027 3489 Core
1080 3440 1299 3487 exortus
1348 3439 1475 3497 est,
1546 3431 1711 3500 priori
1778 3446 1974 3501 cognoo

447 3527 643 3591 minis;
706 3532 759 3579 et
816 3525 941 3577 huic
1001 3523 1092 3576 ﬁlii
1146 3524 1254 3576 nati
1315 3522 1426 3575 alii.
1501 3520 1624 3576 Sive
1694 3521 1855 3591 igitur
1923 3522 1977 3576 hi

450 3613 751 3681 postremi,
801 3612 914 3665 sive
959 3611 1165 3679 priores
1193 3611 1321 3673 alii,
1378 3610 1741 3679 captivitatem
1796 3612 1978 3680 populi

452 3714 569 3769 quae
620 3701 778 3768 longo
821 3710 1005 3768 postea
1042 3707 1278 3766 tempore
1309 3700 1534 3759 accidit,
1582 3715 1645 3754 ac
1674 3698 1979 3755 Judaeorum

452 3791 632 3860 populi
700 3792 754 3843 in
822 3803 1007 3844 omnes
1057 3799 1240 3858 gentes
1300 3789 1718 3857 dispersionem,
1775 3790 1878 3844 hoc
1926 3790 1979 3843 in

453 3882 659 3951 psalmo
696 3880 1073 3935 vaticinantttr.
1114 3879 1168 3932 In
1206 3879 1551 3947 sequentibtm
1594 3878 1756 3947 igitur
1790 3881 1977 3935 aiunt:

454 3969 525 4024 Et
549 3974 635 4041 qui
656 3971 871 4025 oderunt
899 3988 989 4024 nos
1036 3970 1355 4039 diripuerunt
1382 3986 1487 4023 eos.
1513 3967 1714 4021 Dedisti
1745 3987 1837 4023 nos
1866 3982 1982 4023 tan-

452 4077 608 4131 quam
638 4077 749 4115 ores
780 4076 1015 4114 escarum
1038 4102 1052 4125 ,
1104 4070 1153 4113 et
1191 4061 1240 4113 in
1274 4057 1503 4128 gentibus
1536 4059 1821 4125 dispersisti
1868 4075 1981 4114 nos.

466 4150 747 4204 Vendidisti
766 4151 1008 4220 populum
1043 4161 1186 4202 tuum
1222 4150 1331 4203 sine
1365 4149 1550 4216 pretio,
1579 4157 1629 4201 et
1655 4149 1872 4216 posuisti
1893 4166 1983 4202 nos

455 4241 783 4308 opprobrium
842 4242 1022 4294 vicinis
1076 4241 1267 4293 nostris
1316 4239 1380 4292 ".
1434 4237 1550 4292 Non
1591 4240 1732 4291 enim
1778 4238 1894 4293 haec
1927 4247 1985 4292 ut

459 4342 694 4400 tempore
728 4330 943 4386 Davidis
965 4340 1110 4400 gesta
1134 4329 1358 4386 historia
1386 4337 1570 4383 narrat
1596 4348 1608 4382 :
1644 4328 1761 4382 ideo
1783 4329 1976 4383 inscri-

2070 3159 2157 3211 τὸν
2184 3158 2311 3210 Θεὸν
2355 3156 2655 3220 εὐλάϐειαν,
2704 3156 2986 3227 τοσαύτης
3042 3160 3373 3233 ἀποδοχῆς
3429 3163 3749 3231 ἠξιωκέναι

2071 3249 2218 3318 παρὰ
2254 3247 2327 3316 τῷ
2354 3246 2489 3316 Θεῷ,
2517 3246 2591 3307 ὼς
2625 3246 2720 3297 καὶ
2763 3249 3141 3317 προφητικοῦ
3199 3252 3606 3323 χαρίσματος
3658 3270 3751 3324 με-

2070 3340 2305 3408 τασχεῖν.
2351 3338 2442 3388 Ἐκ
2470 3336 2527 3388 δὲ
2561 3337 2659 3405 τῆς
2680 3335 2887 3388 τούτων
2911 3337 3208 3410 διαδοχῆς
3231 3345 3413 3396 κατὰ
3454 3348 3601 3407 τοὺς
3632 3345 3763 3414 χρό-

2074 3446 2193 3492 νους
2222 3427 2377 3480 Δαυῖδ
2424 3426 2626 3493 γίνεται
2656 3426 2842 3497 ἕτερος
2875 3429 3064 3501 Κορὲ,
3100 3432 3459 3505 ὁμώνυμος
3494 3436 3584 3507 τῷ
3624 3453 3765 3505 προ-

2073 3520 2233 3589 τέρῳ,
2260 3518 2351 3570 καὶ
2379 3516 2565 3568 τούτου
2590 3516 2765 3584 ἕτεροι
2787 3520 3007 3581 παῖδες.
3039 3521 3173 3574 Εἶτ’
3210 3520 3330 3577 οὖν
3379 3522 3558 3580 οὗτοι
3582 3567 3599 3591 ,
3654 3528 3767 3579 εἴτε

2074 3613 2123 3663 οἱ
2146 3610 2413 3681 πρότεροι,
2444 3610 2539 3677 τὴν
2566 3607 2780 3678 μακρὰν
2813 3608 3057 3679 ὕστερον
3115 3618 3502 3691 γενομένην
3549 3620 3767 3688 “inm-

2076 3701 2270 3753 λωσίαν
2299 3697 2390 3749 τοῦ
2417 3697 2545 3749 λαοῦ
2569 3698 2661 3749 καὶ
2693 3696 2791 3766 τὴν
2814 3700 2896 3762 εἰς
2925 3701 3126 3755 πάντα
3164 3705 3246 3759 τὰ
3290 3707 3456 3779 ἔθνη
3487 3708 3598 3761 τοῦ
3641 3711 3773 3760 Ἰου-

2077 3790 2235 3845 δαίων
2280 3788 2457 3851 ἔθνους
2511 3788 2806 3857 διασπορὰν
2862 3789 3221 3855 θεσπίζουσι
3289 3798 3403 3850 διὰ
3456 3800 3567 3851 τὸν
3634 3798 3774 3868 μετὰ

2080 3881 2280 3948 χεῖρας.
2328 3877 2610 3945 Προῖόντες
2659 3877 2791 3944 γοῦν
2837 3896 3019 3947 φασιο
3080 3884 3212 3936 Καὶ
3279 3889 3352 3940 οὶ
3408 3890 3778 3957 μισοῦντες

2079 3964 2233 4034 ἡμᾶς
2257 3962 2569 4030 διήρπαζον
2596 3964 2839 4029 αὐτούς.
2902 3966 3204 4036 Ἔδωκας
3234 3975 3440 4042 ἡμᾶς
3486 3978 3584 4042 ὡς
3634 3979 3779 4043 πρό-

2082 4059 2223 4109 ϐατα
2239 4053 2645 4121 βρώσεως-,καί
2664 4055 2733 4107 ἐν
2747 4055 2870 4121 τοῖς
2892 4057 3117 4113 ἔθνεσι
3141 4062 3574 4135 διέσπειρας
3592 4067 3776 4137 ἡμᾶς.

2097 4147 2326 4203 Ἀπέδου
2347 4146 2450 4199 τὸν
2469 4146 2620 4200 λαόν
2640 4162 2756 4199 σου
2780 4148 2930 4202 ἄνευ
2975 4154 3184 4221 τιμῆς
3201 4170 3217 4184 ο
3256 4160 3386 4210 καὶ
3418 4162 3591 4213 ἔθου
3620 4159 3780 4228 ἡμᾶς

2084 4240 2306 4303 ὄνειδος
2336 4236 2457 4302 τοῖς
2486 4238 2750 4305 γείτοσιν
2773 4240 2969 4306 ήμῶν.
3006 4243 3092 4295 Οὐ
3126 4246 3262 4318 γὰρ
3308 4250 3427 4303 ἐπὶ
3473 4251 3587 4305 τοῦ
3616 4250 3780 4303 Δαυῖδ

2084 4328 2253 4381 ταῦτα
2286 4330 2318 4398 ἡ
2350 4328 2556 4397 ἱστορία
2580 4329 2911 4399 γεγενῆσθαι
2935 4336 3218 4407 περιέχει
3237 4359 3253 4371 -
3279 4342 3395 4397 διὰ
3434 4346 3628 4397 τοῦτο
3656 4361 3780 4415 προ.

459 4422 568 4491 ptio
612 4423 665 4474 iu
698 4423 851 4490 ﬁnem
879 4423 1058 4475 habet.
1090 4422 1262 4491 Atque
1293 4421 1417 4490 quia
1448 4435 1511 4474 ex
1569 4420 1748 4472 divina
1787 4419 1966 4475 intelli-

2124 4419 2386 4488 ἑγραπται
2405 4418 2489 4480 εὶς
2521 4416 2587 4467 τὸ
2617 4416 2812 4483 τέλος.
2839 4421 2952 4472 Καὶ
2968 4423 3072 4476 ἐπὶ
3103 4425 3339 4500 θεῖκῆς
3364 4433 3446 4504 δὴ
3489 4434 3776 4493 συνέσεως

458 4510 634 4581 gentia
668 4512 777 4564 hzec
808 4514 861 4566 in
884 4512 1064 4566 futuro
1087 4522 1321 4581 tempore
1340 4519 1487 4581 gesta
1509 4518 1694 4579 putare
1721 4512 1986 4577 convenit,

458 4602 763 4655 necessario
778 4602 977 4655 dictum
996 4610 1098 4663 est.
1119 4602 1185 4654 ad
1198 4601 1530 4655 intellectum.
1553 4600 1657 4653 Pro
1675 4600 1765 4653 illo
1786 4608 1984 4663 autem,

460 4689 584 4757 ﬁliis
618 4688 766 4751 Core,
792 4689 982 4759 Aquila
1022 4695 1218 4760 pariter
1244 4700 1297 4745 et
1331 4691 1680 4762 Symmachus
1706 4730 1720 4755 ,
1761 4690 1987 4757 ﬁliorum

461 4780 591 4834 Core
622 4784 950 4851 interpretati
1001 4793 1165 4849 sunt,
1208 4787 1460 4839 docentes
1504 4796 1687 4836 eorum
1720 4795 1838 4835 esse
1866 4797 1989 4850 pro-

463 4870 699 4939 phetias.
738 4875 830 4941 qui
868 4890 925 4928 se
955 4874 1117 4928 Deum
1174 4877 1347 4945 ipsum
1380 4874 1548 4938 sitire,
1579 4880 1736 4941 atque
1763 4886 1943 4926 amore
1966 4911 1982 4934 ,

464 4960 725 5015 desiderio
753 4971 804 5016 et
856 4966 1286 5034 concupiscentia
1333 4965 1475 5018 illius
1532 4961 1767 5016 fontibus
1821 4963 1989 5016 teneri

466 5048 766 5104 fatebantur
785 5092 799 5111 .
829 5055 893 5107 de
921 5070 1027 5123 quo
1056 5056 1258 5110 dictum
1289 5064 1371 5110 est
1391 5057 1434 5087 ’⁷
1460 5074 1472 5109 :
1504 5052 1762 5119 Quoniam
1785 5050 1920 5118 apud
1944 5060 1991 5105 te

467 5146 539 5189 est
570 5138 681 5205 fons
707 5141 840 5205 vitaz,
870 5144 921 5194 iu
969 5145 1155 5199 lumine
1185 5154 1270 5197 tuo
1308 5143 1587 5197 videbimus
1619 5139 1807 5192 lumen.
1844 5137 1990 5201 Qua-

468 5234 680 5290 prOpter
707 5225 948 5280 dicebant
980 5247 992 5282 :

538 5308 699 5366 Vens.
729 5314 782 5375 2,
814 5316 865 5369 5.
910 5317 1345 5379 Quemadmodum
1393 5319 1649 5374 desiderat
1702 5332 1873 5369 cervus
1922 5317 1989 5369 ad

473 5392 634 5458 fontes
680 5416 962 5467 aquarum,
1015 5407 1090 5457 ita
1119 5408 1376 5462 desiderat
1427 5408 1604 5460 anima
1650 5418 1764 5456 mea
1796 5401 1862 5453 ad
1904 5411 1985 5468 te,

474 5482 629 5537 Deus.
664 5488 952 5543 Cornutum
984 5494 1178 5548 animal
1223 5507 1304 5553 est
1334 5513 1552 5562 cervus,
1584 5493 1677 5550 sed
1704 5493 1990 5567 etiam‘pu.

545 5657 589 5686 "
625 5654 762 5711 Psal.
800 5675 924 5711 xuu
949 5700 962 5722 ,
1000 5664 1180 5721 ll-M.
1255 5671 1298 5701 ’⁷
1331 5668 1473 5725 I’sal.
1510 5684 1679 5736 xxxv,
1716 5669 1801 5722 10.

2087 4511 2163 4580 τῷ
2221 4509 2459 4579 μέλλοντι
2511 4508 2684 4562 ταῦτα
2736 4514 2877 4563 νοεῖν
2912 4514 3279 4585 ἀναγκαίως
3317 4525 3622 4597 εἴρηται,
3694 4530 3775 4588 εἰς

2089 4600 2357 4652 σύνεσιν.
2398 4599 2538 4650 Ἀντί
2566 4599 2623 4651 δὲ
2650 4600 2767 4663 τοῦ,
2796 4602 2922 4668 τοῖς
2956 4606 3128 4673 υἱοῖς
3164 4615 3357 4680 Κορὲ
3378 4656 3397 4680 ,
3438 4616 3770 4688 συμφώνως

2087 4688 2115 4737 ὁ
2162 4686 2385 4748 Ἀκύλας
2412 4686 2506 4737 καὶ
2532 4688 2560 4738 ὁ
2583 4687 2902 4759 Σύμμαχος,
2938 4692 3067 4745 τῶν
3092 4699 3274 4753 υἱῶν
3324 4705 3507 4772 Κορὲ
3528 4686 3551 4768 ⁷,
3584 4686 3768 4776 ρμή-

2089 4794 2300 4841 νευσαν,
2332 4777 2667 4844 διδάσκοντες
2701 4783 2882 4836 αὐτῶν
2916 4780 3063 4839 εἶναι
3100 4790 3218 4855 τὰς
3257 4800 3693 4871 προφητείαςο
3717 4799 3760 4851 αῖ

2087 4869 2241 4961 διψῇν
2256 4867 2557 4961 ὡμολόγουν
2584 4871 2745 4925 αὑτὸν
2776 4875 2868 4927 τὸν
2894 4875 3057 4944 Θεὸν,
3085 4882 3279 4938 πόθον
3299 4904 3373 4940 τε
3401 4867 3514 4943 καὶ
3542 4894 3754 4961 ἵμερον,

2093 4960 2184 5054 καὶ
2214 4957 2500 5054 ἐπιθυμίαν
2535 4960 2679 5054 ἔχειν
2709 4966 2808 5036 τῆς
2841 4970 2971 5037 παρ’
3006 4971 3172 5042 αὐτῷ
3217 4981 3463 5051 πηγῆς,
3517 4957 3660 5053 £591-
3688 4978 3746 5054 ἧς

2093 5046 2319 5145 εἴρηται·
2338 5049 2473 5145 ’Ὅτι
2513 5052 2674 5145 παρὰ
2725 5056 2827 5109 σοὶ
2878 5059 3043 5127 πηγὴ
3080 5046 3413 5133 (inﬂa-£1;
3447 5046 3545 5140 τῷ
3600 5046 3742 5145 ξςωτί

2093 5150 2205 5189 σου
2232 5137 2494 5204 ὀψόμεθα
2527 5141 2674 5209 φῶς.
2705 5146 2797 5199 Διὸ
2822 5147 3035 5219 ἔλεγον·

2137 5315 2281 5416 ρὋν.
2303 5317 2538 5416 ,τρόπον
2595 5322 2882 5416 ,ἐπιποθεῖ
2924 5331 3160 5405 ἔλαφος
3202 5333 3321 5388 ἐπὶ
3366 5338 3489 5407 ’τὰς
3536 5340 3722 5411 πηγὸς

2094 5404 2208 5501 τῷν
2253 5404 2507 5501 timetur,
2545 5415 2740 5485 οὕτως
2786 5404 3073 5484 ἐπιποθεῖ
3103 5433 3142 5501 ὴ
3174 5428 3379 5494 ψυχτῖ

2096 5493 2188 5559 σὲ,
2260 5497 2295 5547 δ
2364 5499 2530 5566 Θεός.
2601 5506 2974 5590 κερασφόρον
3039 5493 3194 5588 quas
3247 5493 3577 5587 ὴίελαῐφος-
3621 5493 3736 5573 an
