3812 6352
200 379 301 436 3⁸9

1329 385 1817 443 COMMENTARIA
1852 386 1918 441 ιΝ
1955 384 2285 441 PSALMOS.

3282 395 3382 449 570

201 499 294 550 καὶ
353 489 551 561 καθαρὸν
620 486 751 541 κατὰ
807 486 904 539 τὸν
1002 499 1218 572 νόμον,
1284 508 1380 577 ἤδη
1405 508 1461 559 δὲ
1491 507 1578 559 καὶ
1638 506 1753 573 ὀφι-

1857 521 1968 559 rum
2020 505 2313 561 secundum
2382 493 2600 563 ῐεεεηι,
2650 506 2973 574 serpentibus
3021 504 3372 567 mortiferum,

198 584 422 643 οκτόνον,
472 578 555 633 καὶ
596 579 800 631 πάντων
860 580 1160 651 ἑρπετῶν
1207 597 1557 666 ἀναιρετικὸν,
1625 596 1756 648 ἀλλὰ

194 677 286 728 καὶ
353 672 448 725 τῶν
511 669 599 732 τὰς
646 670 877 740 ἐρήμους
972 684 1456 746 μεταδιωκόντων.
1516 686 1757 749 Τοιοῦτος

191 767 245 818 δὲ
303 758 368 831 ἦν
418 764 446 813 ὁ
485 760 796 831 προφητικδς
846 763 1030 832 χορὸς
1060 810 1077 832 ,
1148 774 1441 844 φιλέρημος
1493 774 1583 825 καὶ
1626 775 1754 826 ἁνα-

188 852 531 923 κεχωρηκώς.
548 851 627 902 Ἐν
644 850 896 920 ἐρημίαις
920 858 1073 920 γοῦν
1139 864 1232 915 καὶ
1275 863 1439 933 ὄρεσι,
1486 865 1575 915 καὶ
1620 881 1755 932 σπη-

188 946 357 1004 λαίοις
391 942 711 1011 πεποιῆσθαι
738 941 998 1009 λέγονται
1030 948 1135 1012 τὰς
1155 952 1456 1022 διατριϐἀςο
1490 953 1622 1006 ἀλλὰ
1666 957 1756 1008 καὶ

188 1039 375 1102 πάσης
399 1034 681 1103 ἐτύγχανον
703 1034 1101 1110 ἀντικειμένης
1128 1042 1418 1111 δυνάμεως,
1441 1044 1529 1095 καὶ
1561 1045 1755 1105 παντὸς

190 1128 284 1179 τοῦ
319 1125 456 1176 κατὰ
475 1125 703 1177 διάνοιαν
732 1126 965 1193 ἑρπετοῦ
999 1132 1349 1204 ἀναιρετικοὶ,
1389 1136 1461 1196 ὠς
1507 1135 1569 1187 ἂν
1612 1136 1757 1204 ἕχον-

186 1236 275 1276 es;
304 1216 400 1265 καὶ
426 1215 577 1266 αὐτοὶ
598 1218 787 1268 πατεῖν
816 1218 1005 1272 ἐπάνω
1036 1221 1210 1289 ὄφεων
1232 1223 1321 1274 καὶ
1355 1224 1639 1293 σκορπίων,
1664 1225 1754 1277 καὶ

191 1306 279 1355 ἐπὶ
304 1303 484 1353 πᾶσαν
512 1304 613 1373 τὴν
657 1304 885 1374 δύναμιν
922 1307 1020 1359 τοῦ
1069 1309 1283 1379 ἐχθροῦ.
1336 1312 1666 1381 Κερασφόροι
1701 1314 1755 1364 δὲ

199 1392 455 1458 ὑπῆρχον,
479 1390 560 1451 ὡς
590 1390 770 1459 λέγειν
794 1392 1055 1446 δύνασθαι
1077 1411 1086 1419 ’
1122 1397 1213 1448 Ἐν
1234 1398 1327 1449 σοὶ
1358 1398 1494 1461 τοὺς
1513 1398 1756 1465 ἐχθροὺς

198 1478 359 1548 ἡμῶν
406 1482 825 1550 κερατιοῦμεν.
868 1485 1027 1536 Ἀλλὰ
1060 1486 1151 1537 καὶ
1194 1485 1417 1555 καθαροὶ
1447 1486 1543 1556 τὴν
1583 1487 1754 1556 ψυχὴν

194 1572 514 1637 ἐτύγχανον,
553 1572 605 1622 εἰ
652 1572 745 1624 καί
792 1589 936 1635 τινες
964 1573 1143 1625 ἄλλοι·
1176 1575 1253 1626 διὸ
1290 1576 1467 1643 ἐλάφῳ
1496 1576 1757 1645 παρεϐάλ-

191 1663 355 1712 λοντο.
373 1660 533 1711 Ἐπεὶ
569 1660 669 1712 καί
698 1661 860 1724 αὐτὸς
882 1664 910 1713 ὁ
931 1661 1157 1730 νυμφίος
1182 1662 1476 1732 ἐν’ᾼσματι
1506 1663 1756 1732 ᾀσμάτων

203 1750 372 1819 νεϐρῷ
400 1750 590 1820 ἐλάφῳ
613 1753 964 1820 ἀφωμοίωτο,
996 1754 1088 1803 καὶ
1104 1755 1158 1804 ὲν
1187 1752 1264 1816 τῷ
1299 1752 1413 1803 Ἰὼϐ
1444 1753 1497 1805 δὲ
1525 1753 1751 1822 εἴρηταιι

1853 596 2100 664 onmique
2134 593 2308 663 reptili
2344 582 2666 654 exitiosum,
2696 603 2852 662 atque
2887 611 2949 649 ex
2983 609 3163 647 eorum
3189 607 3370 662 genere

1852 699 1968 752 qua:
2000 683 2313 738 solitudines
2348 678 2695 744 fretJItentare
2721 685 2910 738 solent.
2944 683 3086 738 Talis
3116 694 3228 737 erat
3257 699 3369 751 pro-

1854 772 2093 841 pheticus
2120 773 2339 833 chorus,
2376 780 2569 826 amans
2627 773 2924 827 solitudinis
2988 786 3048 825 ac
3111 785 3371 825 secessus.

1852 863 1907 915 lu
1936 864 2160 919 desertis
2194 864 2374 933 itaque
2400 900 2416 926 ,
2474 865 2741 918 montibus
2790 872 2843 917 et
2890 862 3153 930 specubus
3182 860 3374 914 versati

1852 966 1973 1006 esse
2028 953 2308 1023 feruntur;
2352 953 2463 1006 imo
2508 954 2666 1007 etiam
2720 953 2861 1007 omni
2917 950 3232 1005 adversariae
3283 964 3378 1018 po-

1855 1042 2051 1104 testati,
2089 1044 2339 1111 omnique
2370 1042 2634 1112 spirituali
2666 1043 2838 1111 reptili
2873 1041 3081 1096 exitiosi
3105 1046 3277 1102 erant,
3300 1046 3379 1091 ut-

1855 1139 1977 1199 pote
2004 1131 2093 1199 qui
2124 1138 2445 1200 potestatem
2486 1142 2539 1186 et
2586 1132 2682 1199 ipsi
2715 1131 2969 1184 haberent
3000 1129 3236 1183 calcandi
3265 1144 3374 1182 ser-

1850 1228 2033 1287 pentes
2092 1230 2145 1275 et
2196 1222 2536 1291 scorpiones,
2606 1230 2658 1274 et
2708 1235 2915 1273 omnem
2976 1220 3222 1273 virtutem
3277 1222 3379 1274 ini-

1855 1310 1977 1362 ιιιίρί
2016 1330 2028 1362 :
2090 1314 2297 1365 cornuti
2347 1326 2557 1380 quoque
2585 1318 2764 1373 erant,
2796 1319 2854 1363 ut
2898 1309 3073 1363 dicere
3116 1321 3375 1378 possent:

1856 1397 1920 1451 In
1955 1410 1997 1453 te
2029 1402 2262 1455 inimicos
2297 1410 2497 1455 nostros
2549 1401 2902 1454 ventilabimus
2956 1415 3112 1452 cornu
3157 1399 3221 1450 ’⁸.
3270 1397 3380 1453 lmo

1851 1489 2009 1541 etiam
2062 1490 2179 1558 puri
2240 1491 2417 1543 animo
2447 1499 2701 1559 quantum
2744 1487 2976 1558 quipiam
3019 1487 3135 1553 alii;
3195 1500 3381 1553 quam-

1852 1579 2032 1631 obrem
2089 1596 2245 1633 cervo
2309 1581 2781 1650 comparabantur.
2832 1576 3103 1647 Siquidem
3162 1585 3215 1630 et
3271 1574 3381 1643 ipse

1854 1681 2086 1733 sponsus
2110 1668 2160 1719 in
2193 1668 2413 1721 Cantica
2443 1669 2773 1721 canticorum
2812 1666 3034 1720 binnulo
3062 1679 3218 1718 cervo
3239 1679 3383 1717 com-

1855 1766 2072 1821 paratur
2109 1760 2171 1810 ’9.
2213 1758 2270 1810 in
2317 1759 2449 1811 libro
2478 1757 2578 1811 Job
2606 1773 2817 1827 quoque
2846 1757 3044 1811 dicitur
3075 1774 3088 1808 :
3129 1753 3383 1807 Observa—

222 1840 549 1907 ‘E;ti.ia£ac
578 1840 653 1892 δὲ
681 1840 884 1909 μῆνας
908 1843 1144 1909 ἐλάφων
1179 1842 1388 1908 ὠδῖνάς
1414 1860 1474 1895 τε
1498 1861 1509 1872 '
1539 1844 1755 1907 αὐτοὺς

1857 1830 1919 1893 sti
1959 1860 2153 1897 menses
2198 1861 2492 1907 cervorum,
2543 1857 2589 1900 et
2617 1858 2795 1916 partus
2819 1862 2837 1899 :
2865 1848 3000 1915 ipsos
3053 1845 3278 1897 dimittes
3316 1842 3381 1897 ³⁰.

203 1930 650 1994 ἐξαποστελεῖς.
685 1932 952 1993 Τοιαύτας
988 1932 1042 1983 δὲ
1070 1931 1287 1998 λογικὰς
1333 1932 1554 2000 ἐλάφους
1590 1935 1617 1984 ό
1646 1932 1754 1985 Κύο

202 2037 317 2088 pro;
336 2020 760 2091 καταρτίζεσθαι
808 2021 1020 2088 λέγεται
1048 2023 1104 2073 ἐν
1133 2023 1216 2088 κη’
1239 2021 1452 2090 ψαλμῷ,
1478 2022 1749 2088 φάσκοντιο

199 2108 369 2175 Φωνὴ
391 2111 617 2177 Κυρίου
643 2110 1099 2178 καταρτιζομέιη
1130 2110 1408 2177 ἐλάφους.

273 2195 432 2253 Absit
462 2201 649 2253 τοίνυν
700 2203 758 2253 αἱ
801 2200 1003 2267 ἔλαφοι,
1048 2202 1143 2270 τῆς
1172 2200 1349 2269 πηγῆς
1389 2200 1754 2272 διαλειπούσης

200 2289 370 2352 αὑτὰς
386 2289 465 2342 διὰ
494 2290 599 2352 τὰς
633 2290 867 2358 ἀνομίας
899 2290 990 2341 τοῦ
1016 2290 1140 2341 λαοῦ
1163 2330 1177 2354 ,
1215 2291 1304 2341 καὶ
1327 2291 1754 2360 ἀποστραφέντος

200 2380 293 2431 τοῦ
332 2380 470 2444 Θεοῦ,
494 2381 627 2433 καθ’
654 2379 858 2443 ἑαυτὰς
892 2379 1255 2444 ἀπεκλαίοντο,
1289 2381 1379 2432 καὶ
1420 2384 1527 2443 τοῖς
1554 2384 1753 2435 ἑαυτῶν

200 2469 445 2538 δάκρυσιν
468 2470 722 2540 ἐχρῶντο
757 2472 949 2539 τροφῇ,
973 2470 1160 2532 νυκτὸς
1182 2471 1270 2523 καὶ
1312 2470 1518 2539 ἡμέρας
1536 2473 1630 2542 τὴν
1655 2473 1755 2524 ἀπ-

201 2558 390 2611 ώλειαν
414 2560 507 2611 τοῦ
553 2559 693 2611 λαοῦ
726 2557 1156 2627 ἀποθρηνοῦσαι“
1187 2558 1485 2627 ὡμολόγουν
1524 2577 1582 2612 τε
1601 2561 1753 2630 διψῆν

198 2649 257 2698 ού
288 2650 392 2710 τοῖς
420 2648 645 2717 σώμασι
672 2648 769 2699 καὶ
785 2650 901 2708 ταῖς
929 2646 1084 2716 σαρξὶ
1116 2646 1211 2708 τὰς
1246 2647 1413 2716 τούτῳ
1444 2648 1597 2716 φίλας
1633 2650 1753 2718 ἡδο-

195 2737 314 2797 νὰς,
342 2737 447 2788 ἀλλ’
484 2736 629 2805 αὐτὴ
702 2735 850 2804 ψυχὴ
877 2735 1056 2787 ποθεῖν
1082 2735 1172 2786 καὶ
1194 2736 1490 2805 ἱμείρεσθαι
1513 2738 1649 2790 κατὰ
1667 2740 1754 2791 τὸν

195 2827 486 2897 Σύμμαχον
514 2827 631 2893 τῆς
666 2826 820 2892 πρὸς
854 2825 957 2877 τὸν
983 2824 1127 2877 Θεὸν
1154 2826 1406 2891 πορείας.
1436 2827 1523 2879 Διδ
1543 2827 1719 2896 ἔλεγον
1737 2846 1750 2858 °

199 2916 397 2980 Οῦτως
420 2913 706 2968 ἐπιποθεῖ
723 2914 762 2980 ἠ
790 2912 958 2981 ψυχή
976 2930 1092 2980 μου
1116 2914 1259 2980 πρὸς
1287 2914 1379 2981 σὲ,
1406 2918 1438 2968 ό
1466 2918 1605 2981 Θεός
1626 2935 1640 2947 ·
1666 2920 1756 2970 καὶ

199 3006 389 3058 πάλιν·
426 3006 771 3072 Ἐδίψησεν
798 3005 835 3071 ἠ
864 3002 1030 3071 ψυχή
1054 3021 1169 3071 μου
1186 3004 1330 3071 πρὸς
1354 3004 1458 3058 τὸν
1486 3007 1631 3060 Θεὸν
1653 3009 1757 3061 τὸν

201 3096 447 3162 ισχιερόν
492 3095 607 3148 τὸν
652 3093 856 3153 ζῶντα.
912 3094 1015 3161 Ζῇν
1057 3092 1160 3161 γὰρ
1184 3093 1271 3145 τὸν
1295 3094 1490 3165 Κύριον
1534 3097 1670 3149 κατὰ
1696 3099 1755 3150 τὸ

200 3185 483 3254 εἰρημένον
504 3225 521 3250 ,
576 3186 634 3236 Ὁ
651 3184 841 3252 μόνος
881 3182 1034 3249 ἔχων
1086 3183 1445 3237 ἀθανασίαν·
1488 3188 1578 3238 καὶ
1606 3187 1758 3256 μόνον

202 3271 348 3340 ζωὴν
366 3272 503 3342 ἔχειν
526 3271 662 3341 παρ’
687 3269 884 3338 ἑαυτῷ,
912 3269 1050 3328 κατὰ
1072 3270 1155 3322 τό·
1174 3271 1288 3322 ’Ότι
1308 3272 1462 3338 παρὰ
1486 3273 1579 3325 σοὶ
1601 3274 1757 3342 πηγὴ

207 3356 368 3426 ξ’ωῆς,
384 3363 609 3433 ᾔδεσαν.
636 3360 748 3411 Καὶ
766 3360 919 3412 τοῦτό
938 3360 1069 3427 γετὸ
1090 3359 1194 3423 ζῶν
1220 3359 1377 3431 ὕδωρ,
1403 3360 1618 3435 ὓστερόν
1634 3380 1758 3416 ποτε

212 3450 462 3505 tamam
507 3452 588 3521 (1)
622 3450 765 3503 κατὰ
812 3450 911 3511 τὰς
928 3450 1031 3502 τῶν
1054 3450 1339 3519 προφητῶν
1362 3452 1569 3522 εὐχὰςή
1592 3454 1757 3523 πηγὴν

210 3540 405 3602 αύτδςὸ
434 3541 641 3609 Σωτὴρ
675 3540 937 3610 παρέχειν
978 3538 1277 3609 ἀνθρώποις
1317 3540 1615 3602 ἐδίδασκεν,
1642 3537 1758 3616 ,ὧδέ

201 3640 277 3691 πη
307 3625 473 3694 λέγων
494 3646 507 3659 ο
541 3630 652 3692 ⁸·ος
675 3627 754 3678 ἂν
782 3627 890 3693 πίῃ
912 3626 978 3677 ἐκ
1007 3625 1109 3678 τοῦ
1136 3626 1346 3690 ὕδατος
1367 3623 1436 3680 οὗ
1461 3626 1572 3695 ἐγὼ
1596 3627 1761 3682 δώσω

197 3714 368 3777 αὐτῷ
387 3757 398 3779 ,
441 3716 776 3787 γενήσεται
825 3714 895 3766 ἐν
937 3713 1092 3777 αὐτῷ
1122 3713 1281 3781 πηγὴ
1310 3711 1521 3778 ὕδατος
1553 3714 1760 3781 ζῶντος

196 3802 536 3869 ἁλλομένου
594 3806 688 3869 εὶς
717 3800 869 3868 ζωὴν
912 3800 1161 3854 αἰώνιον.
1206 3800 1314 3858 Καὶ
1355 3800 1540 3854 πάλιν
1582 3804 1653 3855 El
1676 3821 1761 3868 τις

199 3891 357 3959 δι’ψᾷ
377 3898 645 3965 ἐρχέσθω
675 3894 830 3960 πρὸς
864 3895 961 3961 μὲ,
993 3892 1087 3945 καὶ
1112 3892 1345 3946 πινέτω.
1382 3893 1433 3943 Ὁ
1471 3895 1763 3947 πιστεύων

194 3986 283 4049 εἰς
314 3986 432 4054 ἐμὲ,
465 3986 674 4050 καθὼς
709 3979 880 4035 εἷπεν
904 3984 944 4049 ἡ
992 3985 1041 4035 Γ
1036 3982 1219 4051 pagi),
1252 3985 1495 4051 ποταμοὶ
1547 3984 1614 4037 ἐκ
1654 3985 1761 4053 τῆς

192 4074 425 4141 κοιλίας
465 4072 668 4128 αὐτοῦ
696 4071 1032 4136 ῥεύσουσιν
1068 4069 1283 4133 ὓδατος
1308 4068 1533 4147 ζῶντος.
1564 4072 1759 4123 Τούτου

186 4160 250 4229 δὴ
277 4158 374 4213 οὖν
389 4166 481 4219 τοῦ
512 4165 772 4233 πόματος
800 4163 828 4213 ό
849 4160 1174 4230 προφητικὸς
1194 4160 1349 4229 χορὸς
1367 4159 1528 4227 διψῶν
1550 4161 1724 4229 ἔλεγεν
1743 4179 1755 4191 ·

197 4251 530 4322 Ἐδίψησεν
557 4257 598 4320 ἡ
628 4250 807 4320 ψυχή
835 4266 952 4317 μου
978 4249 1124 4316 πρὸς
1147 4249 1253 4302 τὸν
1280 4249 1423 4302 Θεὸν
1454 4250 1557 4302 τὸν
1586 4253 1757 4319 ἰσχυ-

174 4338 294 4403 ρόν
331 4346 441 4399 τὸν
466 4344 687 4406 ζῶντα,
726 4341 841 4403 καὶ,
865 4340 1014 4391 Πότε
1042 4338 1180 4404 ἥξω,
1208 4339 1303 4391 καὶ
1326 4338 1653 4408 ὀφθήσομαι
1683 4340 1760 4405 τῷ

168 4434 489 4500 προσώπῳ
526 4434 645 4487 τοῦ
682 4429 867 4490 Θεοῦ;
903 4429 1158 4498 Ὀρῶντες
1185 4427 1289 4499 γὰρ
1308 4430 1524 4493 ἑαυτοὺς
1552 4431 1760 4502 μακρὰν

165 4515 535 4588 ὑπάρχοντας
556 4524 664 4592 τῆς
686 4519 980 4589 πρόσωπον
1020 4519 1153 4588 πρὸς
1188 4518 1466 4587 πρόσωπον
1508 4519 1631 4581 θέας
1671 4520 1759 4571 τοῦ

158 4602 321 4667 $505,
370 4617 553 4670 ταῦτα
603 4613 817 4678 ἔλεγον.
877 4606 1035 4659 Ἀλλὰ
1070 4609 1161 4659 καὶ⁵
1206 4609 1640 4678 συναισθόμενοι,
1688 4610 1761 4672 ὡς

142 4688 356 4744 una:
372 4722 543 4775 ραπτο
582 4701 683 4753 τὸν
722 4697 849 4749 λαὸν
873 4694 930 4748 τὸ
958 4694 1049 4746 τοῦ
1079 4692 1209 4745 Θεοῦ
1250 4694 1561 4764 πρόσωπον,
1589 4694 1760 4746 οὐκέτ’

120 4780 383 4859 αὐτοὺς
428 4791 743 4848 ἐπισκοπεῖ
768 4790 802 4857 ἡ
829 4786 1053 4838 πάντοτε
1104 4785 1349 4853 πρόνοιαν
1375 4784 1546 4837 αὐτῶν
1586 4801 1761 4835 ποιου-

118 4868 612 4953 κὲ-ἑητχξύναμις,
636 4876 981 4946 ἀπεθρήνουν
1004 4873 1101 4943 μὲν
1121 4873 1215 4941 τὴν
1234 4873 1323 4925 ἐπὶ
1342 4874 1439 4943 γῆς
1463 4871 1758 4942 διατριϐὴν,

159 4960 327 5031 enim:
382 4974 427 5022 δ’
456 4972 702 5024 ἐτίθεντο
723 4963 1068 5035 παραστῆναι
1095 4979 1219 5014 ποτε
1252 4963 1325 5034 τῷ
1368 4962 1634 5033 προσώπῳ
1669 4963 1759 5014 τοῦ

200 5050 369 5104 “Eutr
429 5058 496 5113 διὸ
552 5059 773 5123 ἔλεγον)
803 5054 957 5105 Πότε
1001 5050 1144 5116 ἥξω,
1173 5050 1267 5104 καὶ
1317 5052 1646 5120 ὀφθήσομαι
1683 5049 1761 5113 τῷ

218 5143 486 5213 προσώπῳ
515 5147 634 5201 τοῦ
668 5144 853 5206 Θεοῦ;
882 5139 1092 5207 Πολλῆς
1112 5138 1168 5187 δὲ
1186 5140 1434 5208 γέμοντες
1458 5138 1763 5208 παρρησίας

218 5235 309 5284 καὶ
336 5246 682 5313 συνειδήσεως
717 5235 929 5304 ἀγαθῆς
963 5228 1233 5290 τοιαύταις
1269 5231 1497 5300 ἐχρῶντο
1541 5232 1758 5295 φωναῖς.

236 5320 316 5384 Ὠς
338 5326 431 5396 γὰρ
448 5334 557 5386 ὅλοι
586 5329 763 5383 διόλου
804 5324 905 5385 τὰς
931 5318 1111 5389 ψυχὰς
1131 5317 1295 5383 ὑγιεῖς
1314 5321 1403 5372 καὶ
1432 5316 1632 5378 παντὸς
1661 5316 1765 5385 μώο

290 5475 331 5506 ss
364 5476 483 5542 Psal.
522 5500 663 5540 nm
724 5480 779 5531 6.
858 5476 921 5543 ”_
945 5470 1102 5543 cant.
1137 5483 1203 5543 ιι,
1226 5469 1291 5543 ρ,
1325 5473 1409 5526 Π,
1487 5469 1669 5543 ιιι-1ο,Ξ
1685 5480 1896 5543 Axxnx’
1930 5479 1978 5534 L

228 5536 483 5614 mnta"
518 5536 944 5613 ῖῖιρειηηηιδ,
984 5536 1066 5589 ιι.
1138 5538 1179 5568 ιι
1214 5536 1373 5595 Joan.
1408 5539 1612 5604 vn,57,
1643 5541 1707 5596 58
1744 5583 1759 5598 .

266 5678 333 5739 (Ι)
361 5676 507 5757 Faue
542 5681 921 5751 ἐπιστάξασαο

1855 1931 2170 1999 llujusmodi
2226 1936 2569 1993 rationabiles
2620 1953 2807 1991 cervos
2857 1951 3154 2006 praeparare
3204 1933 3383 1987 Domi-

1851 2038 1951 2075 nus
1978 2022 2171 2076 dicitur
2204 2024 2258 2077 in
2290 2025 2540 2079 vicesimo
2557 2034 2745 2079 octavo
2774 2026 2998 2094 psalmo,
3042 2025 3117 2080 sic
3149 2023 3378 2078 ferente:

1862 2109 1970 2162 γαπ
1994 2110 2200 2163 Domini
2228 2128 2528 2180 praparans
2567 2130 2736 2166 cervos
2766 2114 2831 2167 ³¹.

1932 2197 1993 2250 Hi
2029 2200 2205 2267 itaque
2236 2202 2398 2261 cervi,
2426 2201 2567 2255 fonte
2597 2209 2812 2270 propter
2855 2201 3164 2269 iniquitates
3205 2197 3381 2268 populi

1852 2295 1903 2340 et
1933 2291 2263 2344 aversionem
2304 2292 2396 2345 Dei
2419 2292 2716 2354 deficiente,
2749 2291 2887 2360 apud
2922 2293 3123 2359 seipsos
3153 2289 3381 2354 ﬂebant,

1851 2384 1905 2429 et
1936 2377 2187 2447 lacrymis
2218 2381 2331 2435 suis
2368 2396 2464 2449 pro
2511 2382 2631 2436 cibo
2660 2381 2763 2441 usi.
2796 2388 2947 2434 nocte
2989 2380 3177 2447 dieque
3204 2379 3387 2447 perni-

1852 2466 1983 2519 ciem
2014 2468 2191 2536 populi
2238 2469 2490 2537 lugebant
2518 2511 2533 2536 ,
2590 2485 2652 2523 ac
2680 2469 3069 2523 confitebantur
3120 2486 3176 2524 se
3202 2471 3381 2534 sitire,

1853 2572 1956 2609 non
1981 2574 2200 2626 corpore
2227 2558 2437 2627 quidem
2469 2567 2521 2613 et
2546 2575 2727 2621 carne.
2767 2561 3063 2627 voluptates
3097 2560 3228 2628 ipsis
3258 2576 3386 2613 con-

1852 2652 2135 2711 gruentes;
2170 2647 2262 2699 sed
2293 2647 2409 2715 ipsa
2443 2648 2618 2700 anima
2648 2647 2938 2701 secundum
2977 2646 3383 2718 Symmachum,

1852 2748 2148 2802 progressus
2178 2736 2245 2787 ad
2272 2736 2438 2789 Deum
2463 2737 2729 2792 desiderio
2752 2751 2813 2789 ac
2843 2736 3090 2806 cupidine
3115 2739 3283 2791 teneri
3306 2738 3387 2792 di-

1855 2822 2010 2874 citur.
2042 2821 2217 2886 Quare
2249 2823 2532 2880 dicebant.
2581 2826 2655 2877 ita
2687 2824 2948 2879 desiderat
2970 2825 3146 2878 anima
3173 2842 3284 2878 mea
3321 2828 3387 2877 ad

1857 2918 1920 2974 te,
1952 2909 2120 2973 Deus;
2166 2926 2228 2966 ac
2279 2909 2899 2983 rursum:Sitivitanima
2962 2930 3073 2967 mea
3123 2914 3189 2967 ad
3225 2914 3389 2967 Deum

1855 2999 2043 3065 fortem
2092 3003 2279 3055 vivum.
2316 3001 2507 3056 Vivere
2553 3001 2749 3072 quippe
2803 3002 3082 3057 Dominum
3134 3014 3389 3058 noverant

1856 3089 2144 3143 secundum
2177 3089 2344 3143 illud:
2378 3089 2531 3145 Solus
2548 3090 2736 3145 habens
2766 3092 3206 3146 immortalitatem
3232 3094 3305 3157 ⁸⁹;
3325 3110 3387 3148 ac

1859 3179 2028 3231 solum
2089 3194 2251 3247 penes
2305 3195 2363 3234 se
2409 3181 2572 3233 vitam
2628 3182 2821 3234 habere
2872 3180 3167 3235 secundum
3215 3183 3384 3235 illud:

1859 3265 2113 3329 Quoniam
2138 3267 2273 3335 apud
2293 3278 2339 3321 te
2358 3278 2432 3321 est
2454 3269 2569 3337 fons
2592 3270 2709 3323 vita:
2730 3270 2794 3321 ³³.
2817 3271 2989 3339 Atque
3015 3271 3126 3324 bazc
3154 3279 3235 3326 est
3252 3287 3387 3339 aqua

1855 3356 1994 3411 viva.
2044 3356 2384 3412 Postmodum
2413 3368 2591 3411 autem
2624 3357 2744 3411 fons
2778 3359 2865 3413 ille
2894 3376 2990 3429 pro
3023 3362 3160 3415 votis
3185 3375 3248 3415 ac
3272 3376 3392 3429 pre-

1857 3447 2006 3501 cibus
2038 3448 2413 3516 prophetarum
2452 3450 2755 3503 emanavit:
2792 3449 2904 3517 ipse
2933 3464 3163 3519 namque
3197 3450 3388 3504 Serva-

1857 3542 1940 3587 tur
1972 3535 2273 3589 hominibus
2303 3551 2360 3590 se
2392 3535 2735 3604 praebiturum
2766 3550 2888 3590 esse
2933 3537 3117 3591 docuit
3150 3538 3234 3591 bis
3266 3553 3386 3592 ver-

1855 3623 1936 3676 bis
1962 3640 1974 3676 ;
2013 3623 2114 3686 Qui
2144 3623 2323 3676 biberit
2351 3638 2414 3677 ex
2441 3640 2575 3693 aqua
2603 3640 2759 3693 quant
2803 3641 2891 3693 ego
2943 3624 3076 3677 dabo
3103 3627 3172 3686 ei,
3205 3626 3289 3693 [iet
3334 3627 3390 3678 in

1856 3730 1913 3766 eo
1943 3714 2058 3782 fons
2087 3728 2233 3781 aqua:
2265 3714 2389 3766 vita:
2442 3713 2672 3767 salientis
2724 3713 2777 3765 in
2832 3714 2989 3765 vitam
3028 3721 3273 3767 wternom
3313 3712 3389 3779 ἰς

1857 3810 1909 3857 et
1936 3817 2146 3856 rursum
2172 3821 2184 3856 :
2221 3803 2280 3857 Si
2304 3803 2416 3871 quis
2440 3803 2571 3866 sitit,
2611 3804 2780 3855 veniat
2812 3802 2878 3855 ad
2911 3819 2988 3855 me
3011 3811 3057 3856 et
3086 3802 3245 3856 bibat.
3290 3801 3393 3866 Qui

1857 3893 2013 3946 credit
2035 3894 2086 3946 in
2108 3910 2206 3957 me,
2243 3895 2374 3947 sicut
2397 3893 2528 3945 dixit
2557 3892 2854 3960 Scriptura,
2879 3894 3095 3959 ﬂumina
3129 3894 3191 3947 de
3225 3902 3394 3946 ventre

1856 3983 1965 4050 ejus
1993 3985 2152 4052 ﬂuent
2184 4001 2329 4053 aqua:
2356 3985 2477 4037 viva:
2506 3974 2575 4039 ³⁸.
2598 3982 2948 4053 Propheticus
2978 3984 3159 4051 itaque
3195 3986 3392 4038 chorus

1858 4075 1957 4129 hoc
1984 4076 2217 4144 potionis
2248 4092 2415 4145 genus
2462 4075 2648 4129 sitiens
2699 4075 2944 4140 dicebat,
3004 4075 3163 4127 sitivit
3214 4077 3390 4128 anima

1858 4180 1966 4217 mea
1993 4164 2059 4217 ad
2098 4165 2258 4218 Deum
2288 4166 2471 4235 fortem
2504 4165 2709 4227 vivum;
2740 4170 2812 4226 et,
2841 4162 3042 4232 quando
3094 4163 3292 4215 ueniam
3339 4174 3389 4216 et

1857 4254 2105 4322 apparebo
2130 4264 2246 4307 ante
2272 4254 2455 4323 faciem
2490 4253 2629 4308 Dei?
2654 4254 2784 4306 Cum
2824 4268 2882 4306 se
2927 4240 3159 4320 namque.
3185 4267 3216 4305 a
3260 4266 3391 4305 con-

1858 4346 2195 4414 templatione
2223 4346 2313 4397 illa
2341 4345 2433 4400 Dei
2478 4345 2610 4398 facie
2638 4344 2703 4397 ad
2733 4343 2922 4397 faciem
2968 4343 3155 4411 procul
3186 4345 3390 4412 positos

1793 4471 1834 4523 Β
1861 4445 2158 4501 cernerent,
2194 4436 2306 4489 base
2348 4435 2702 4504 proferebant.
2740 4432 2843 4486 Sed
2875 4433 3030 4486 etiam
3061 4433 3393 4489 advertentes

1862 4536 2103 4577 aversum
2141 4539 2259 4579 esse
2292 4524 2381 4577 Dei
2410 4524 2611 4576 vultum
2642 4537 2672 4575 a
2713 4519 2931 4588 populo,
2964 4535 3138 4589 neque
3163 4522 3390 4577 ulterius

1862 4613 2005 4666 illam
2055 4614 2395 4682 providentiae
2436 4613 2541 4665 vim
2595 4611 2695 4679 ipsi
2746 4611 3091 4679 prospicere.
3144 4613 3391 4681 lugebant

1861 4716 1988 4756 sane
2021 4701 2087 4757 de
2135 4718 2230 4757 sua
2277 4703 2329 4756 in
2383 4701 2539 4756 terris
2595 4700 3055 4765 commoratione,
3106 4716 3397 4770 precesque

1860 4788 2149 4845 fundebant
2214 4798 2271 4844 ut
2326 4788 2613 4859 aliquando
2666 4789 2837 4841 vultui
2890 4789 2984 4843 Dei
3039 4780 3397 4845 sisterentur:

1862 4881 2204 4949 quamobrem
2232 4882 2480 4935 dicebant
2510 4900 2522 4935 :
2562 4880 2782 4945 Quando
2826 4882 3022 4934 veniam
3068 4887 3116 4932 et
3145 4877 3393 4944 apparebo

1864 4978 1980 5021 ante
2022 4968 2206 5036 faciem
2238 4968 2372 5023 Dei?
2399 4970 2531 5023 Cum
2558 4978 2730 5024 autem
2766 4968 2956 5022 fiducia
2986 4976 3038 5021 et
3067 4967 3392 5020 conscientia

1864 5056 2003 5109 bona
2038 5057 2175 5124 pleni
2206 5064 2418 5122 essent,
2455 5056 2759 5124 bujusmodi
2812 5055 3032 5109 vocibus
3087 5055 3392 5125 utebantur.

1865 5145 1995 5200 Nam
2026 5153 2207 5216 utpote
2264 5148 2439 5215 anima
2498 5161 2717 5215 prorsus
2772 5160 2899 5199 sana
2958 5144 3198 5213 praediti,
3237 5156 3401 5215 atque

1865 5237 2009 5290 omni
2073 5238 2245 5305 culpa,
2273 5238 2389 5290 labe
2434 5251 2494 5289 ac
2540 5236 2777 5292 fmditate
2812 5235 3019 5302 purgati
3049 5273 3065 5297 ,
3102 5234 3271 5287 vultui
3307 5235 3399 5288 Dei

1869 5328 1983 5383 sisti
2012 5328 2287 5397 rogabant.
2321 5327 2573 5381 Pcccator
2608 5341 2733 5380 vero
2752 5325 2909 5378 talem
2937 5325 3138 5377 vultum
3181 5324 3400 5393 refugit,

2056 5478 2247 5535 “Psal.
2283 5478 2529 5542 xxvnt,9.
2604 5477 2645 5510 ³²
2684 5476 2704 5529 1
2738 5475 2874 5528 Tim.
2906 5489 2979 5537 vt,
3014 5472 3097 5527 16.
3172 5473 3215 5503 ³³
3252 5471 3401 5529 Psal.
