3812 6354
1107 431 1596 511 εοιὶίὶΕΝτΑῐιιΑ
1631 452 1695 507 IN
1731 449 2067 507 PSALMOS.

3064 458 3173 514 ετι

96 577 325 646 χ-μὶτῖσομαι
356 572 450 636 ἕως
478 572 579 626 τοῦ
621 572 789 626 οἴκου
827 573 929 626 τοῦ
965 572 1129 633 Θεοῦ,
1157 571 1303 641 μετὰ
1343 571 1539 640 φωνῆς

1663 575 1870 632 em;vel
1896 567 2197 627 secundum
2240 569 2484 640 Aquilam
2524 591 2535 624 :
2567 571 2761 627 Laudis
2791 582 2840 626 et
2881 575 3179 642 gratiarum

93 667 322 734 εὐφημίας
349 662 433 713 καί
472 660 949 730 ἑξομολογήσεως
979 661 1243 727 πλήθους
1287 675 1543 728 πανηγυ-

90 755 326 822 ριζόντων·
347 751 375 818 ἢ
400 749 528 803 κατὰ
550 751 638 803 τὸν
663 752 921 817 -Ἃκύλαν,
947 751 1234 816 Αίνέσεως
1255 751 1348 804 καὶ
1377 751 1546 818 εὐχα-

87 843 267 910 ριστίας
287 839 448 906 ὄχλου
470 838 845 906 ἐορτάζοντος
863 857 874 869 ·
920 841 1152 911 παρίστη
1197 842 1373 893 ὁποῖον
1401 839 1546 892 ἔσται

93 931 259 991 τὸτέλος
275 930 368 982 τῶν
387 931 438 981 ὲν
452 928 524 999 τῷ
544 929 772 998 παρόντι
797 930 894 1000 βίῳ
920 931 1023 983 πᾶν
1045 931 1104 982 τὸ
1129 931 1276 985 ἐπιὸν
1294 929 1546 999 γενναίως

92 1019 404 1089 ὑπομενόντων.
425 1019 571 1071 Διαδέ
579 1019 726 1082 ξεται
739 1020 849 1091 γὰρ
862 1021 1074 1086 τούτους
1088 1021 1146 1074 τὸ
1158 1021 1544 1092 τρισμακάριον

88 1111 267 1178 estsed;
301 1108 561 1180 θαυμαστὴ
596 1109 770 1180 σκηνὴ
801 1109 890 1162 τοῦ
915 1109 1069 1172 Θεοῦ,
1111 1111 1202 1162 καὶ
1228 1112 1255 1163 ὁ
1291 1110 1546 1162 ἐνδοτάτω

124 1199 134 1214 1
170 1198 190 1209 υ
261 1193 280 1213 ν
511 1197 537 1208 ο
1546 1185 1557 1202 ι

87 1215 221 1266 αυτης
240 1215 355 1259 οικος
386 1199 561 1263 αὐτου,
597 1201 656 1252 ὲν
691 1192 737 1265 ᾧ
767 1201 816 1251 οἰ
861 1198 998 1262 ἄξιοι
1051 1198 1544 1269 διαϐασταζόμενοι,

88 1290 153 1339 καὶ
197 1287 412 1357 μετέωροι
461 1289 564 1341 ὑπὸ
609 1289 915 1357 ἀγγελικῶν
963 1291 1236 1360 δυνάμεων
1284 1290 1548 1360 αἰρόμεναι

91 1377 431 1446 εἰσαχθήσονται.
455 1380 520 1431 'A
540 1378 603 1448 δὴ
633 1381 729 1432 καὶ
759 1381 788 1432 ό
804 1393 812 1402 ·
831 1380 1141 1442 Ἀπόστολος
1162 1377 1310 1441 εἰδὼς
1341 1379 1546 1446 ἔλεγεν·

97 1466 488 1534 Ἅρπαςυησόμεθα
522 1467 592 1519 ἐν
622 1469 906 1534 νεφέλαις
931 1470 1017 1533 εἰς
1065 1465 1397 1533 ἀπάντησιν
1447 1466 1550 1520 τοῦ

89 1555 247 1620 Kvplov
270 1558 344 1622 εἰς
372 1557 526 1624 ἀέρα,
569 1557 669 1610 καὶ
706 1558 862 1613 οὕτω
919 1557 1165 1611 πάντοτε
1203 1555 1322 1610 σὺν
1365 1556 1552 1624 Κυρίῳ

85 1645 290 1712 ἐσόμεθα.

134 1754 294 1823 Σκηνὴν
343 1755 395 1806 δὲ
439 1754 766 1826 θαυμαστὴν
799 1754 890 1807 τοῦ
942 1754 1072 1808 Θεοῦ
1119 1754 1385 1831 ὀνομάζειν,
1423 1754 1554 1824 πρὸς
1616 1752 1646 1763 ”

84 1842 398 1912 ἀντιδιαστολὴν
429 1842 619 1912 ἐτέρας
652 1843 715 1895 ού
759 1843 1085 1912 θαυμαστῆς,
1111 1843 1264 1894 ὁποία
1298 1837 1364 1911 ἦν
1391 1841 1423 1909 ἠ
1465 1839 1553 1891 ἐπὶ

83 1932 286 1994 Μωῦσέως
315 1933 396 1983 ἐπὶ
427 1933 523 2001 γῆς
576 1930 1083 2000 κατεσκευασμένη.
1142 1928 1457 1999 Θαυμαστὴν
1495 1927 1551 1979 δὲ

79 2021 234 2090 ἀληθῶς
259 2019 440 2091 σκηνὴν
466 2021 702 2089 νοήσεις,
745 2021 811 2089 ἣν
836 2021 883 2071 oi
920 2017 1176 2088 μακάριοι
1202 2015 1292 2070 τοῦ
1333 2014 1462 2068 Θεοῦ
1494 2015 1550 2067 ὲν

81 2109 234 2162 ἐλπίσιν
253 2110 479 2164 ἐτίθεντο.
499 2110 645 2177 Αὕτη
669 2110 729 2160 δὲ
760 2104 826 2178 ἦν
852 2109 884 2176 ἡ
914 2106 1244 2178 ἐπουράνιος,
1267 2099 1333 2174 ἦς
1357 2104 1550 2164 τύπους

80 2199 364 2264 κατεσκεύαζε
377 2200 612 2268 Μωῦσῆς
629 2201 726 2251 ἐπὶ
756 2199 850 2266 τῆς
872 2197 1092 2266 ἐρήμου.
1108 2194 1238 2262 Περὶ
1261 2189 1327 2264 ἦς
1348 2193 1550 2261 θαυμα-

81 2291 178 2358 στῆς
196 2291 360 2359 σκηνῆς
378 2290 467 2342 καὶ
486 2291 514 2339 ὁ
540 2288 687 2350 Θεῖος
724 2285 1039 2346 Ἀπόστολος
1065 2284 1320 2336 διδάσκων
1338 2282 1515 2350 ἔλεγεν
1534 2297 1548 2310 '

83 2379 297 2437 Τοιοῦτον
318 2381 524 2450 ἔχομεν
553 2377 870 2448 ἀρχιερέα,
887 2374 952 2440 ὃς
975 2371 1248 2429 ἐκάθισεν
1285 2373 1353 2424 ἐν
1392 2370 1554 2436 δεξιᾷ

82 2474 154 2525 τοῦ
177 2475 351 2539 θρόνου
383 2472 490 2539 τῆς
534 2469 982 2538 μεγαλωσύνης
1014 2464 1081 2516 ἐν
1112 2463 1233 2528 τοῖς
1264 2461 1551 2528 οὐρανοῖς,

79 2563 164 2615 τῶν
187 2563 334 2630 ἁγίων
365 2558 723 2627 λειτουργὺς.
742 2555 839 2609 καὶ
873 2554 981 2622 τῆς
1013 2552 1246 2622 σκηνῆς
1272 2551 1378 2618 τῆς
1415 2552 1555 2616 ἀληο

80 2649 218 2713 θινῆς,
241 2650 310 2716 ῆν
349 2650 568 2715 ἔπηξεν
608 2651 642 2701 ό
694 2647 931 2715 Κύριος,
965 2645 1073 2696 οὐκ
1103 2641 1430 2707 ἄνθρωπος·
1477 2634 1555 2702 οἷς

77 2740 258 2808 ἐπιλέγει
290 2740 431 2808 ἑξῆς·
457 2741 690 2802 Οἳτινες
721 2735 1102 2802 ὑποδείγματι
1155 2729 1424 2797 καὶ-σκιᾷ
1451 2733 1545 2782 λα-

75 2830 289 2893 τρεύουσι
313 2829 423 2881 τῶν
455 2825 855 2893 ἐπουρανίων,
881 2822 1070 2885 καθὼς
1108 2817 1557 2886 κεχρημάτισται

73 2915 272 2984 Μωῦσῆς
305 2916 537 2986 μέλλων
587 2910 893 2971 ἐπιτελεῖν
938 2908 1052 2974 τὴν
1104 2905 1357 2974 σκηνήν.
1402 2905 1552 2970 Ὅρα,

74 3005 148 3071 γὰρ
173 3021 300 3072 φησι,
340 3003 609 3071 ποιήσεις
645 2999 852 3052 πάντα
895 2995 1041 3050 κατὰ
1071 2994 1173 3046 τὸν
1215 2994 1401 3045 τύπον
1455 2993 1557 3043 τὸν

75 3094 314 3161 δειχθέντα
335 3113 425 3147 σοι
452 3095 519 3146 ἐν
550 3091 632 3155 τῷ
669 3089 808 3156 ὄρει.
849 3083 1005 3138 Ἀλλά
1031 3082 1196 3136 ταῦτα
1233 3083 1325 3151 μὲν
1359 3080 1558 3140 εἰκόνες

1650 664 1864 716 actionis
1895 661 2066 716 turba:
2092 657 2279 727 festum
2311 662 2656 725 celebranti};
2695 664 2928 718 declarat
2969 665 3059 733 q-ui
3107 666 3162 716 li-

1644 753 1728 809 nis
1750 768 1933 809 eorum
1973 751 2192 805 futurus
2231 749 2321 815 sit,
2345 752 2434 820 qui
2464 752 2517 805 in
2549 751 2648 809 hac
2677 751 2779 805 vita
2799 766 2957 808 casus
2982 767 3166 810 omnes

1646 846 1860 893 strenue
1909 837 2280 894 sustinuerint.
2332 837 2440 895 Hos
2481 839 2620 897 enim
2651 839 2876 908 excipiet
2917 839 3166 896 felicissi-

1643 945 1762 986 mus
1800 930 1941 994 ﬁnis,
1971 929 2220 984 videlicet
2265 930 2661 991 tabernaculum
2693 930 2820 984 illud
2849 929 2958 987 ‘Dei
2997 933 3168 987 admi-

1633 1019 1889 1087 randum,
1911 1026 1965 1073 et
1991 1033 2108 1094 qua
2135 1017 2190 1076 in
2215 1017 2416 1078 intimis
2443 1018 2560 1086 ejus
2602 1014 2844 1088 partibus
2885 1019 3058 1089 posita
3084 1028 3168 1075 est

1645 1110 1835 1164 domus
1856 1107 1970 1173 Dei,
1999 1111 2058 1168 in,
2085 1123 2243 1179 quam
2268 1109 2438 1163 sancti
2479 1109 2721 1164 homines
2756 1109 3078 1174 delerentur,
3105 1124 3170 1164 ac

1646 1199 1902 1255 sublimes
1935 1199 2002 1256 ab
2049 1197 2299 1267 angelicis
2343 1197 2632 1253 virtutibus
2658 1198 2781 1253 elati
2811 1200 3169 1253 intromitten-

1645 1299 1753 1346 tur.
1776 1289 2014 1356 Quorum
2049 1303 2248 1358 gnarus
2269 1286 2553 1356 Apostolus
2574 1288 2645 1342 ita
2677 1289 2986 1359 loquebatur
3013 1307 3029 1344 :
3062 1287 3170 1344 Ra-

1645 1385 1849 1454 piemur
1874 1383 1930 1437 in
1973 1380 2189 1438 nubibus
2219 1379 2420 1434 obviam
2459 1379 2675 1434 Domino
2716 1381 2769 1434 in
2803 1396 2924 1434 aera
2947 1418 2962 1444 ,
3009 1389 3059 1434 et
3093 1380 3170 1436 sic

1646 1490 1844 1543 semper
1865 1491 1979 1528 cum
2014 1474 2233 1529 Domino
2261 1474 2452 1526 erimus
2488 1473 2554 1528 ”.

1719 1763 2142 1819 Tabernaculum
2176 1771 2350 1820 autem
2382 1763 2474 1820 Dei
2510 1765 2749 1820 mirabile
2775 1773 2949 1829 vocat,
2980 1765 3046 1820 ad
3072 1765 3177 1820 dif-

1582 1897 1622 1950 Β
1654 1855 1930 1914 ferentiam,
1977 1857 2194 1910 alterius
2243 1855 2383 1926 quod
2438 1871 2566 1911 sane
2609 1855 2851 1911 mirabile
2892 1871 2998 1910 non
3044 1863 3128 1912 est
3159 1875 3190 1910 :-

1653 1949 1810 2016 quale
1833 1957 1948 2002 erat
1987 1948 2112 2002 illud
2140 1955 2378 2018 tempore
2420 1947 2616 2018 Moysis
2658 1949 2712 2001 in
2762 1955 2904 2003 terra
2933 1957 3194 2003 construm

1652 2049 1817 2096 ctum.
1853 2039 2091 2094 Mirabile
2114 2049 2287 2092 autem
2317 2053 2498 2093 revera
2539 2039 2936 2092 tabernaculum
2992 2039 3194 2093 intelli--
3259 2075 3265 2081 -

1653 2144 1784 2198 gas,
1834 2129 1976 2198 quod
2009 2129 2145 2181 beati
2177 2127 2268 2181 Dei
2309 2128 2360 2180 in
2420 2142 2566 2196 spem
2612 2127 2713 2181 sibi
2763 2127 3177 2184 constituerunt.

1654 2217 1974 2272 Hocautem
2014 2217 2228 2271 caeleste
2283 2215 2409 2269 illud
2439 2223 2572 2279 erat,
2595 2217 2750 2284 cujus
2792 2216 3009 2285 ﬁguram
3042 2215 3181 2281 Moy-

1656 2322 1742 2362 ses
1767 2309 1822 2362 in
1843 2308 2052 2362 deserto
2077 2306 2375 2360 adornavit.
2421 2305 2494 2360 De
2525 2320 2632 2374 quo
2673 2305 2970 2359 admirabili
3004 2306 3176 2360 taber-

1655 2399 1848 2452 naculo
1875 2399 1990 2452 haec
2017 2397 2250 2451 tradidit-
2277 2397 2492 2450 div—inus
2525 2395 2846 2464 Apostolus:
2882 2395 3058 2448 Talem
3085 2395 3182 2447 Ιια-

1658 2486 1830 2540 bemus
1868 2487 2185 2553 pontiﬁcem,
2247 2487 2334 2556 qui
2381 2484 2608 2538 consedit
2653 2485 2707 2536 in
2757 2484 2966 2538 dextera
3012 2484 3182 2537 throni

1657 2577 2026 2646 magnitudinis
2054 2577 2108 2629 in
2136 2576 2275 2629 cwlis
2300 2615 2314 2638 ,
2345 2584 2643 2628 sanctorum
2666 2575 2898 2628 minister
2923 2582 2972 2627 et
3009 2573 3184 2627 taber-

1658 2666 1832 2719 naculi
1860 2667 1964 2719 ceri
1991 2665 2123 2734 quod
2147 2667 2259 2733 ﬁxit
2284 2664 2553 2725 Dominus,
2575 2671 2623 2716 et
2651 2679 2751 2716 non
2773 2662 2921 2715 homo
2951 2662 3027 2726 ";
3066 2662 3187 2730 qui-

1657 2757 1758 2810 bus
1785 2754 1975 2811 deinde
1998 2755 2314 2824 subjungit-z
2349 2753 2450 2819 Qui
2478 2753 2760 2819 exemplari
2791 2761 2838 2804 et
2867 2751 3064 2804 umbrae
3093 2751 3186 2804 dce

1659 2849 1883 2902 serviunt
1910 2847 2206 2907 caelestium,
2251 2845 2382 2897 sicut
2435 2858 2729 2910 responsum
2757 2851 2849 2896 est
2865 2841 3036 2911 Moysi
3071 2858 3187 2894 cum

1659 2953 2013 2991 consummare
2067 2936 2214 2990 uellet
2277 2933 2663 2988 tabernaculum
2686 2949 2728 2986 :e
2758 2931 2918 2998 Vide»,
2978 2933 3186 3002 inquit,

1660 3029 1833 3082 omnia
1856 3028 2014 3096 facito
2041 3025 2318 3080 secundum
2344 3023 2626 3092 exemplar,
2644 3022 2778 3092 quod
2807 3023 2898 3075 tibi
2926 3031 3188 3076 ostensum

1659 3128 1733 3172 est
1760 3120 1816 3170 in
1847 3127 2014 3170 monte
2040 3117 2102 3170 δ’.
2137 3115 2240 3170 Sed
2273 3115 2384 3168 htec
2419 3115 2632 3183 quidem
2673 3113 2932 3182 imagines
2957 3122 3190 3167 erantet

74 3180 171 3251 ἦσαν
205 3187 284 3238 καὶ
329 3183 568 3254 σύμϐολα
605 3179 726 3233 τῶν
773 3175 1132 3246 ἐπουρανίων·
1175 3168 1556 3278 Χριστὸςὶδὲ,

1663 3205 1901 3275 symbols
1929 3203 2246 3258 caelestium.
2279 3168 2515 3254 Chrislus
2547 3208 2718 3251 autem
2751 3168 2998 3250 assistens
3021 3196 3191 3262 ponti-

77 3275 476 3340 παραγενόμενος
524 3265 845 3337 ἀρχιερεὺς
886 3261 1002 3316 τῶν
1043 3261 1383 3328 μελλόντων
1426 3257 1564 3324 ἀνα-

75 3360 184 3422 υὼγ,
209 3362 291 3415 διὰ
331 3362 439 3428 τῆς
470 3358 754 3430 μείζονος
802 3353 898 3406 καί
943 3347 1298 3413 τελειοτέρας
1337 3343 1564 3412 σκηνῆς

79 3451 132 3498 οὐ
159 3444 898 3522 χειροποιήτου,,τουτέστιν
941 3442 1012 3493 οὐ
1051 3439 1266 3505 ταύτης
1311 3435 1418 3503 τῆς
1445 3435 1566 3488 κτί-

74 3556 200 3604 σεως.
219 3540 350 3594 οὐδέ
379 3541 453 3593 δι’
483 3541 742 3606 αἵματος
801 3531 1026 3600 τράγων
1051 3528 1150 3582 καί
1186 3529 1448 3595 μόσχων,
1475 3523 1569 3577 διὰ

73 3625 124 3675 δὲ
147 3630 225 3681 τοῦ
274 3631 416 3687 ιδιου
467 3631 727 3696 αἵματος
784 3619 1062 3687 εἰσῆλθεν
1109 3614 1342 3685 ἐφάπαξ
1378 3616 1462 3678 εἰς
1501 3612 1570 3666 τὰ

65 3714 193 3781 ἅγια,
232 3719 469 3775 αἰωνίαν
510 3716 822 3780 λύτρωσιν
851 3707 1190 3776 εὑράμενος.
1224 3705 1286 3755 Εἰ
1328 3701 1383 3754 δὲ
1421 3699 1571 3768 χαρὰ

70 3805 241 3866 γίνεται
277 3807 342 3858 ἐν
379 3805 509 3869 τοῖς
543 3797 828 3867 οὐρανοῖς
859 3795 965 3847 τῶν
1011 3793 1252 3860 ἀγγέλων
1302 3787 1392 3841 τοῦ
1440 3785 1570 3839 Θεοῦ

65 3891 137 3943 ἐπὶ
157 3893 230 3945 ἐνὶ
256 3889 582 3962 ἀμαρτωλῷ
597 3881 1010 3955 μετανοοῦντι,
1040 3877 1279 3937 εἰκότως,
1302 3869 1573 3962 θεοφιλοῦς

67 3980 202 4050 ψυχῆς
237 3959 484 4052 τὸν
524 3975 780 4045 αὐτάρκη
805 3971 900 4024 καὶ
934 3968 1025 4021 τδν
1071 3959 1310 4036 παρόντα
1351 3961 1460 4032 βίον
1489 3959 1575 4012 διὰ

67 4071 319 4139 γυμνασίαν
349 4066 796 4136 καταξιουμένης
819 4061 919 4130 τῆς
949 4059 1028 4120 εἰς
1057 4055 1126 4108 τὰ
1155 4055 1283 4122 am
1310 4052 1377 4104 τὰ
1417 4054 1574 4104 ὲπου-

70 4163 190 4225 ράνια
212 4161 401 4212 εἰσόδου
421 4200 437 4223 ,
466 4157 641 4227 -φωνὴ
677 4152 879 4220 γίνεται
909 4145 1178 4216 εὐφημίας
1222 4141 1449 4212 πλήθους
1478 4157 1579 4193 πα-

68 4249 407 4319 νηγυριζόντων
453 4248 555 4300 καὶ
596 4239 1050 4313 εὐχαριστούντων
1091 4235 1187 4286 ὲπϊ
1229 4235 1291 4302 τῇ
1343 4230 1580 4301 σωτηρίᾳ

63 4337 133 4388 τοῦ
174 4340 488 4408 σωζομένου.
522 4337 597 4388 ‘A
643 4335 709 4404 δὴ
752 4329 1109 4398 πεπεισμένος
1151 4319 1298 4376 εἶναι·
1329 4321 1498 4390 ἀληθῆ
1551 4322 1591 4372 δπ

65 4427 231 4490 τούτοις
266 4426 662 4499 μαθητευθεὶς,
696 4422 918 4481 εἰκότως
962 4416 1096 4487 πρὸς
1133 4413 1316 4468 ἑαυτὸν
1342 4411 1588 4499 φάσκει

62 4514 157 4568 Ἵνα
182 4519 231 4568 τί
270 4498 610 4585 περίλυπος
662 4507 748 4575 εἷ,
795 4510 834 4575 η
877 4504 1044 4575 ψυχή
1075 4519 1223 4572 μου,
1247 4501 1343 4554 καί
1382 4500 1479 4552 ἵνα
1525 4498 1582 4551 τί

59 4606 464 4670 συνταράσσεις
489 4618 607 4672 με;
636 4600 709 4652 Ἢ
743 4595 883 4650 κατὰ
911 4594 1000 4647 τδν
1025 4592 1307 4662 Σύμμαχον
1325 4606 1338 4619 ·
1389 4589 1449 4642 Τί
1479 4605 1585 4641 κα-

58 4693 348 4760 τακάμπτῃ,
374 4698 413 4762 ἠ
443 4691 624 4761 ψυχή
653 4706 794 4758 μου,
821 4685 916 4738 καί
937 4684 991 4736 τί
1010 4679 1226 4750 θορυϐῇ
1250 4678 1374 4731 κατ’
1403 4677 1545 4745 ἐμοῦ
1562 4693 1596 4740 Γ

67 4781 368 4847 Ἁνάμεινον
414 4782 530 4834 τὸν
578 4779 748 4838 Θεὸν,
791 4775 880 4826 ὅτι
925 4769 1211 4838 διηνεκῶς·
1234 4765 1585 4834 ἐξομολογή-

60 4883 112 4918 ac
117 4885 208 4934 μαι
233 4870 386 4935 αύτῷ
423 4870 541 4932 τὰς
559 4862 858 4930 σωτηρίας
883 4859 984 4912 τοῦ
1024 4856 1337 4925 προσώπου
1367 4853 1545 4907 αὐτοῦ
1564 4871 1596 4889 ··

61 4953 111 5020 ἢ,
136 4956 251 5022 ταῖς
291 4957 616 5022 σωτηρίαις
647 4950 760 5005 τοῦ
797 4945 1110 5014 προσώπου
1159 4939 1343 4996 αὐτοῦ
1367 4979 1382 5004 ,
1445 4942 1582 4994 κατὰ

63 5041 134 5092 τὸν
166 5043 402 5098 ’Δκύλαν.
421 5044 727 5112 Γενόμενος
751 5035 999 5104 γὰμόσον
1022 5033 1224 5085 οὐδέπω
1245 5031 1304 5080 ὲν
1330 5032 1394 5099 τῇ
1421 5033 1590 5100 σκηνῇ
1690 5031 1781 5072 Del
1810 5031 2142 5112 pervenerim
2159 5051 2174 5076 ,
2205 5031 2377 5080 atque
2405 5031 2474 5064 ou
2501 5031 2619 5112 censi

65 5129 140 5178 τοῦ
164 5132 305 5196 Θεοῦ,
339 5135 436 5186 καὶ
466 5105 575 5183 ὐπδ
602 5125 860 5194 ἀγγέλων
889 5121 1048 5188 ἁγίων
1075 5116 1478 5184 διαϐασταχθείς
1506 5117 1565 5168 διε

1690 5117 1852 5164 tatem
1882 5107 1997 5176 ejus
2043 5106 2314 5159 caelestem
2375 5114 2404 5152 a
2455 5105 2623 5151 sancti

68 5220 115 5270 τὸ
139 5219 258 5287 ὕψος
289 5224 380 5275 καὶ
403 5223 468 5273 τὸ
505 5219 732 5287 ἔπαρμα
761 5211 933 5278 αὐτῆς
963 5210 1020 5260 τὺ
1056 5207 1382 5274 ἐπουράνιον,
1417 5223 1596 5275 παρα-

73 5312 301 5378 στήσομαι
337 5311 416 5379 τῷ
446 5307 731 5379 προσώπῳ
757 5300 855 5352 τοῦ
897 5299 1046 5360 Θεοῦ,
1079 5297 1167 5348 καὶ
1209 5292 1464 5363 τεύξομαι
1497 5296 1598 5363 τῆς
1696 5293 1832 5360 ejus,

75 5392 177 5460 θέας
209 5399 294 5450 τοῦ
319 5398 592 5468 σωτηρίου
663 5387 868 5442 αὐτοῦ’·
897 5385 1088 5437 τούτων
1128 5379 1402 5443 ἀξιωθεὶς,
1447 5382 1600 5437 κατά
1700 5394 1820 5435 nem

79 5487 231 5553 καιρὸν
264 5467 570 5553 ἀναπέμψω
601 5479 707 5545 τὴν
735 5471 1107 5540 ἐξομολόγησιν
1135 5469 1222 5520 καὶ
1251 5467 1344 5536 τὴν
1376 5467 1597 5534 ὀφειλο-

82 5573 214 5643 μένην
241 5573 586 5645 εὐχαριστίαν
614 5562 793 5629 αὐτῷ.

1661 3297 1748 3363 [ex
1793 3295 2083 3363 futurorum
2113 3292 2396 3354 bonorum,
2453 3305 2543 3358 per
2581 3288 2802 3356 amplius
2842 3296 2891 3340 et
2916 3286 3190 3354 perfectius

1664 3382 2047 3437 tabernaculum
2087 3397 2189 3434 non
2227 3378 2598 3446 manufactum,
2660 3375 2714 3428 id
2749 3383 2827 3429 est
2887 3390 2990 3428 non
3039 3372 3192 3440 hujus

1663 3474 1974 3535 creationis;
2001 3487 2156 3540 neque
2179 3486 2268 3539 per
2293 3469 2590 3537 sanguinem
2616 3466 2875 3520 hircorum
2896 3472 2987 3518 aut
3005 3462 3194 3518 uitulo-

1665 3581 1811 3627 rum,
1843 3562 1930 3616 sed
1961 3577 2050 3630 per
2070 3561 2332 3629 proprium
2360 3557 2660 3626 sanguinem
2697 3555 2930 3610 introivit
2956 3554 3112 3608 semel
3141 3556 3196 3606 in

1667 3664 1868 3716 sancta,
1897 3662 2089 3707 ceterna
2121 3649 2458 3718 redemptione
2486 3647 2689 3700 inventa
2713 3647 2780 3698 δ’.
2807 3644 2961 3710 Quod
2987 3646 3034 3699 si
3061 3661 3193 3713 gau-

1667 3745 1810 3797 dium
1829 3750 1906 3796 est
1933 3743 1984 3794 in
2010 3740 2147 3794 caelis
2176 3738 2376 3808 angelis
2402 3736 2516 3800 Dei,
2537 3736 2599 3789 de
2627 3752 2728 3789 uno
2749 3743 3015 3802 peccatore
3033 3735 3197 3803 pomi-

1671 3834 1885 3888 tentiam
1920 3839 2097 3901 agente
2124 3830 2190 3894 ",
2214 3827 2403 3881 merito
2425 3841 2554 3881 sane
2576 3840 2697 3879 eum
2723 3825 2972 3893 religiosa
3001 3825 3198 3886 anima,

1669 3931 1789 3994 post
1820 3930 2093 3992 peractum
2145 3919 2306 3988 hujus
2365 3917 2488 3971 vitae
2542 3929 2798 3977 cursum,
2852 3914 3096 3983 ingressu
3143 3913 3199 3966 in

1671 4024 1857 4070 sancta
1883 4013 1972 4066 illa
1996 4012 2232 4066 ctelestia
2267 4008 2661 4066 exercitationis
2693 4019 2804 4059 suae
2840 4017 3004 4058 causa
3035 4002 3199 4056 dona-

1672 4113 1780 4170 tur,
1799 4118 1904 4159 τοι
1934 4099 2320 4158 benedictionis
2363 4099 2520 4154 datur
2550 4112 2581 4150 a
2610 4092 2946 4149 multitudine
2985 4090 3205 4146 celebri-

1674 4203 1835 4251 tatem
1867 4203 1920 4250 et
1949 4194 2239 4264 gratiarum
2267 4189 2530 4243 actionem
2563 4192 2752 4255 agente
2779 4197 2876 4253 pro
2916 4188 3069 4251 parta
3099 4180 3202 4250 ipsi

1676 4288 1863 4342 salute.
1897 4286 2025 4350 Quae
2070 4297 2190 4338 cum
2217 4295 2341 4335 vera
2367 4292 2489 4333 esse
2527 4288 2841 4346 persuasum
2873 4271 3064 4326 habeat
3110 4270 3206 4340 qui

1677 4376 1875 4430 talibus
1913 4374 2191 4430 institutus
2219 4367 2515 4437 disciplinis
2551 4371 2666 4428 est,
2704 4363 2825 4430 jure
2861 4361 3224 4430 semetipsum.

1679 4470 1755 4524 ita
1788 4468 2102 4537 alloquitur:
2126 4463 2298 4530 Quare
2320 4460 2482 4514 tristis
2505 4474 2580 4520 es,
2608 4455 2944 4516 animum“,
2971 4461 3021 4506 et
3047 4466 3221 4519 quareL

1681 4561 1954 4618 conturbas
1981 4559 2100 4612 me?
2129 4555 2270 4618 Sive,
2289 4549 2578 4618 secundum
2601 4543 3009 4616 Symmachum:
3037 4537 3220 4608 Quare

1683 4649 2191 4720 defatigaris,anima
2221 4659 2357 4705 mea,
2389 4649 2447 4694 et.
2479 4651 2636 4708 quare
2659 4633 2835 4686 turbas
2863 4630 3063 4684 excitus
3090 4645 3214 4682 con-

1681 4718 1765 4798 tra
1791 4744 1907 4796 me?
1941 4737 2195 4804 Exspecta
2224 4734 2406 4794 Deum,
2433 4728 2675 4799 quoniam
2702 4720 2909 4776 assidue
2935 4718 3210 4786 conﬁtebo-

1679 4835 1748 4895 ei,
1780 4831 1973 4886 salutes
1997 4829 2165 4882 vultus
2190 4825 2336 4893 ejus;
2374 4829 2484 4884 aut,
2528 4815 2779 4874 salutibus
2806 4811 2975 4864 vultus
2999 4811 3133 4876 ejus,
3159 4814 3236 4859 ut.

1677 4925 1842 4990 {habet
1887 4920 2098 4990 Aquila.
2133 4917 2265 4971 Nam
2295 4930 2415 4970 cum
2435 4915 2544 4982 jam
2572 4923 2705 4981 pene
2727 4904 2796 4958 ad
2812 4899 3243 4954 tabernaculum.

1689 5017 1781 5072 Dei
1810 5015 2140 5086 pervenerim
2159 5051 2174 5076 ,
2205 5020 2377 5080 atque
2405 5009 2474 5064 ob
2501 4999 2873 5086 celsitudinem
2895 4992 3236 5086 et:sublimi-

2629 5110 2654 5148 ε
2703 5083 2924 5155 a—ngelis-
2951 5080 3241 5146 bajulatus

1694 5202 1817 5265 sim,
1845 5168 2011 5252 vultui
2056 5194 2147 5250 Dei
2181 5193 2361 5254 sistat,
2403 5196 2469 5243 et.
2487 5174 2946 5247 contemplatione
2985 5168 3253 5265 sal-utaris

1858 5289 1942 5344 his
1969 5287 2236 5355 dignatus,
2256 5279 2521 5350 perfruar,
2539 5289 2646 5345 quo
2677 5253 3264 5355 tempore-cpnl‘cssio-

1843 5346 2178 5442 debitamque
2210 5346 2502 5440 gratiarum
2530 5363 2816 5418 actionem
2851 5346 3129 5404 emittam.

1612 4531 1654 4586 D

134 5723 168 5752 "
201 5722 433 5777 lTbess.
472 5735 549 5785 ιν,
585 5714 674 5766 16.
756 5708 800 5739 ⁵ο
840 5705 1000 5763 Hebr.
1030 5722 1142 5772 νηί,
1177 5705 1220 5770 Ι,
1262 5705 1313 5759 2.
1385 5707 1425 5740 ⁸³
1473 5708 1565 5761 ibit

1663 5710 1702 5763 5.
1779 5711 1820 5744 “
1862 5706 2020 5762 Hebr.
2055 5715 2130 5764 ιι,
2170 5695 2253 5763 Η,
2290 5693 2374 5749 12.
2452 5695 2494 5727 ⁵³
2541 5691 2672 5747 Lnr.
2725 5692 2838 5747 ι’,
2908 5713 2937 5740 .-

3685 1250 3687 1287 l

3685 1356 3690 1489 ‘l

3687 1546 3689 1576 l

3689 1632 3691 1691 l
