3812 6364
525 356 632 412 375

1178 346 1457 420 IEUSEBII
1484 338 1961 401 CAESARIENSIS
1996 335 2143 394 OPP.
2174 335 2351 392 PARS
2386 333 2473 393 Ill.
2506 365 2574 377 ——
2602 331 3016 392 EXEGETICA.
3592 322 3673 376 376

602 470 725 526 Hac
752 469 962 541 quidem
986 467 1095 537 j-am
1125 467 1424 518 memorata
1447 459 1500 514 in
1545 474 1639 529 spe
1668 458 1798 512 mihi
1821 455 2051 526 reposita

2222 453 2304 507 Τὰ
2334 453 2431 523 μὲν
2450 452 2506 503 ὲν
2532 450 2733 504 ἐλπίσιν
2747 441 3109 516 ἀποκείμενα
3135 454 3237 510 μοι
3415 433 3517 487 ἐστι
3533 434 3591 487 τὰ
3609 435 3679 487 λε-

529 569 675 619 sunt.
707 560 811 615 Sed
835 559 1091 612 hactenus
1114 553 1297 607 multis
1319 567 1404 606 me
1443 548 1916 609 conturbantibus,
1945 560 2053 599 non

529 651 610 705 sic
633 657 809 702 tamen
834 649 1130 699 commotus
1158 655 1277 696 sum
1300 647 1361 694 ut
1397 637 1697 694 exciderem
1721 676 1738 701 ,
1777 643 1831 690 et
1878 635 2054 688 mani-

533 739 665 793 festa
695 751 781 792 res
804 732 1248 791 conturbantibus
1277 731 1548 787 evaderet.
1577 729 1679 793 At,
1716 726 2055 798 quemadmo-

530 827 654 879 dum
680 824 950 897 superius,
974 820 1134 891 e/I’udi
1164 822 1219 874 in
1254 837 1333 874 me
1355 822 1586 874 animam
1618 833 1814 879 meam;
1863 830 2056 870 secun-

530 916 655 969 dum
683 927 810 968 vero
839 911 1247 984 Symmachum,
1279 912 1335 964 in
1366 927 1465 974 me,
1499 908 1697 978 inquit,
1731 909 1907 961 anima
1942 921 2055 959 mea

532 1001 748 1071 lique/it,
789 998 993 1071 quando
1031 999 1272 1054 recordor
1297 999 1392 1061 tui,
1423 1014 1458 1050 α
1487 1006 1625 1051 terra
1669 993 1949 1056 Iordanis,
2007 1003 2057 1048 et

532 1093 595 1143 ab
627 1089 967 1154 Hermoniim,
996 1098 1165 1143 monte
1217 1089 1448 1142 minimo.
1481 1086 1710 1156 Abyssus
1744 1084 1929 1154 abysso
1969 1102 2058 1138 oc-

531 1180 691 1234 currit
720 1196 752 1233 a
778 1181 950 1233 sonitu
985 1180 1359 1248 scaturiginum
1411 1187 1638 1233 tuarum.
1679 1176 1867 1231 Isthaec
1899 1190 2061 1247 porro

533 1271 633 1326 hoc
662 1269 791 1323 mihi
820 1268 1068 1322 videntur
1108 1283 1267 1325 sensu
1313 1266 1661 1337 accipienda:
1700 1268 1831 1321 Post
1862 1266 2059 1337 Moysis

533 1363 756 1411 mortem
778 1370 901 1410 cum
918 1353 1075 1410 Iesus
1091 1356 1344 1424 populum
1374 1355 1429 1409 in
1460 1363 1656 1409 terram
1689 1354 2060 1423 promissionis

534 1446 935 1511 introduxisset,
966 1445 1271 1501 sacerdotes
1302 1459 1482 1499 arcam
1517 1446 1752 1499 humeris
1794 1453 2060 1515 gestantes

533 1539 589 1591 in
611 1535 893 1590 Iordanem
933 1535 1158 1605 ingressi
1189 1544 1334 1591 sunt.
1373 1535 1623 1592 Iordanis
1650 1546 1847 1601 autem,
1882 1545 1939 1591 ut
1986 1537 2063 1591 ait
2105 1587 2111 1593 .

536 1626 813 1694 Scriptura
840 1623 906 1695 “,
925 1623 1217 1693 rapiebatur
1244 1625 1448 1679 omnino
1469 1627 1521 1679 in
1551 1627 1667 1695 ripa
1694 1644 1812 1689 sua,
1839 1628 1987 1694 quasi
2009 1628 2063 1679 in

534 1713 710 1767 diebus
735 1712 913 1766 messis
937 1712 1202 1780 frumenti.
1252 1710 1321 1765 Et
1369 1720 1619 1765 steterunt
1664 1729 1870 1767 sursum
1916 1729 2063 1782 aqua:

533 1800 885 1856 descendentes
930 1802 1247 1858 concretione
1286 1818 1410 1855 una.
1461 1801 1591 1868 Qua:
1630 1811 1801 1856 autem
1847 1803 2063 1871 inferius

534 1889 746 1957 ﬂuebat,
768 1890 1027 1944 descendit
1054 1892 1108 1943 in
1137 1906 1278 1944 mare
1310 1891 1528 1944 salsum.
1556 1890 1826 1947 Et'omnes
1847 1893 1949 1960 ﬁlii
1979 1892 2065 1946 Is-

536 1980 644 2033 rael
670 1980 986 2033 transierunt
1029 1996 1123 2048 per
1153 1980 1343 2033 siccum
1377 1979 1430 2032 in
1464 1978 1629 2033 medio
1664 1978 1943 2042 Iordanis,
1989 1981 2066 2034 in-

536 2066 732 2122 feriore
761 2067 911 2125 alveo
937 2066 996 2120 in
1023 2080 1171 2120 mare
1209 2067 1410 2122 salsum
1453 2067 1748 2133 deﬂuente;
1792 2068 2067 2137 superiore

537 2163 714 2209 autem
743 2155 1060 2213 mirabiliter
1096 2155 1380 2224 divinaque
1403 2156 1603 2210 virtute
1645 2156 1883 2211 cohibito
1908 2164 2068 2226 atque

536 2255 681 2308 retro
711 2243 928 2299 ﬂuente.
956 2243 1022 2298 Et
1042 2258 1169 2299 vero
1191 2243 1367 2300 ﬂuxus
1389 2245 1466 2301 illi
1487 2243 1736 2300 Iordanis
1764 2247 2067 2315 superiores

537 2352 602 2390 ex
630 2344 778 2405 parte
806 2334 1049 2397 fontium,
1076 2348 1199 2388 cum
1234 2336 1432 2389 exitum
1459 2351 1566 2390 non
1604 2335 1880 2399 haberent,
1912 2336 2068 2389 attol-

538 2424 804 2489 lebantur,
839 2431 894 2478 et
919 2424 1135 2478 cumulo
1155 2438 1260 2477 uno
1289 2424 1629 2493 erigebantur
1671 2439 1821 2493 aquae
1869 2424 2068 2479 atl‘atim

540 2511 865 2569 conﬂuentes
887 2551 904 2577 ,
952 2512 1095 2582 quod
1122 2512 1299 2566 exitus
1328 2521 1471 2567 esset
1520 2513 1862 2571 interclusus.
1917 2513 2069 2569 Tunc

541 2602 725 2671 utique
749 2602 977 2671 abyssus
1009 2601 1203 2669 abysso
1229 2602 1547 2656 occurrebat
1573 2640 1589 2663 ,
1641 2604 1901 2672 repressis
1927 2612 1980 2656 et
2016 2605 2070 2658 in

544 2691 813 2762 fastigium
840 2691 1036 2745 erectis
1079 2689 1253 2758 aquis.
1302 2688 1474 2760 Hujus
1505 2691 1683 2760 itaque
1725 2691 2067 2760 providentia:

542 2781 766 2851 gratiam
796 2787 925 2835 tunc
964 2779 1160 2853 populo
1200 2780 1448 2837 collatam
1501 2782 1755 2836 memoria
1788 2792 2031 2852 repetens
2052 2822 2069 2847 ,

543 2873 734 2929 merito
786 2872 1248 2942 inpraesentiarum
1274 2871 1454 2929 animo
1484 2872 1720 2941 liquetia,
1755 2874 1897 2942 quod
1926 2875 2072 2931 nulla

544 2963 849 3032 huiusmodi
877 2961 972 3017 Dei
1018 2960 1350 3031 providentia
1396 2962 1552 3016 nobis
1591 2963 1935 3017 concedatur.
1992 2963 2072 3018 Illi

2156 546 2409 618 λεγμένα.
2427 542 2642 605 reme”
2674 541 2764 593 ἐπὶ
2780 537 2876 591 τοῦ
2910 533 3207 604 παρόντος
3226 525 3422 618 πολλῶν
3516 541 3678 618 ταρατ-

2153 613 2370 698 τόντων,
2404 633 2560 696 αὐτὸς
2589 632 2687 700 οὐχ
2713 629 2886 689 οὕτως
2909 618 3317 692 ἐταραττόμην
3333 656 3347 681 ,
3384 613 3451 677 ὡς
3476 616 3680 666 ἐκπεσεῖν

2158 729 2250 780 xal.
2277 723 2520 795 φανερῶς
2550 720 2795 790 γενέσθαι
2826 718 2943 778 τοῖς
2969 711 3355 782 ταράττουσιν
3373 721 3385 733 ⁸
3416 704 3680 795 ὥσπερ

2157 793 2428 883 ἀνωτέρω,
2444 809 2646 878 ἐξέχεα
2660 808 2749 860 ἐπ’
2769 805 2874 875 ἐμὲ
2900 802 3019 870 τὴν
3040 796 3281 868 ψυχήν
3291 793 3565 864 μου,ούτω
3607 795 3680 847 κα]

2153 904 2405 959 ἐνταῦθα
2460 900 2605 969 πρὸς
2647 894 2907 966 ἐμαυτὸν
2956 892 3000 959 ἢ
3041 885 3236 958 ψυχή
3278 902 3392 954 μου
3420 884 3679 953 ἐταράχθη

2155 993 2310 1049 Κατὰ
2323 992 2379 1046 δὲ
2405 991 2492 1043 τὸν
2515 987 2828 1058 Σύμμαχον,
2854 981 2979 1034 Ἐπ’
3009 977 3150 1047 ἐμὲ,
3174 975 3367 1045 φησιν,
3382 975 3417 1042 ἡ
3432 973 3578 1042 ψυχή
3595 992 3680 1043 μοι

2157 1083 2560 1148 κατατήκεται,
2588 1079 2731 1132 ὅταν
2759 1066 3334 1143 ἀναμιμνήσκωμαὶ
3353 1079 3460 1116 σου
3487 1063 3589 1131 ἀπὸ
3610 1064 3680 1133 γῆ.

2168 1173 2454 1241 Ἰορδάνου
2481 1170 2577 1224 καὶ
2607 1169 2724 1223 ἀπὸ
2757 1162 3137 1235 Ἐρμωνιεὶμ,
3169 1157 3355 1225 ὅρους
3372 1152 3680 1224 μικροτάτου

2096 1256 2099 1259 ’
2161 1267 2450 1328 Ἀϐυσσος
2478 1261 2724 1324 ἀϐύσσῳ
2766 1250 3012 1318 ἀπαντᾷ
3062 1248 3197 1303 ἀπὸ
3238 1247 3394 1315 ἤχου
3430 1243 3538 1297 τῶν
3566 1261 3680 1311 «per

2158 1355 2278 1409 νῶν
2306 1367 2440 1407 σου.
2458 1352 2611 1404 Δοκεῖ
2640 1348 2695 1401 δέ
2733 1364 2822 1418 μοι
2843 1347 2877 1414 ἠ
2911 1342 3028 1395 τῶν
3050 1338 3379 1411 εἰρημένων
3404 1334 3589 1387 διάνοια
3610 1333 3680 1385 τοῦ

2159 1465 2247 1501 τον
2286 1447 2427 1516 ἔχειν
2458 1445 2547 1498 τὸν
2589 1441 2713 1496 νοῦν
2737 1459 2751 1472 ο
2801 1438 2962 1493 Μετὰ
3006 1436 3115 1505 τὴν
3152 1431 3442 1493 Μωῦσέως
3478 1428 3680 1498 τελευτὴη

2172 1537 2343 1607 Ἰησοῦ
2377 1535 2464 1588 τὸν
2490 1533 2615 1587 λαὸν
2642 1533 2722 1593 εἰς
2751 1530 2850 1600 τὴν
2885 1530 2996 1598 γῆν
3025 1527 3134 1595 τῆς
3157 1520 3680 1607 ὲπαγγελίαςᾼεξσαχα

2161 1603 2362 1693 γόντος,
2386 1623 2460 1684 ὡς
2484 1623 2532 1672 οἱ
2562 1621 2724 1690 ἱερεῖς
2754 1616 3042 1682 ἐπέϐησαν
3074 1609 3163 1680 τῷ
3203 1606 3450 1677 Ἰορδάνῃ
3476 1603 3568 1675 τὴν
3587 1603 3680 1656 ruﬁo

2161 1717 2249 1770 τὸν
2285 1714 2369 1766 ἐπ’
2396 1712 2556 1782 ὤμων
2591 1709 2866 1779 φέροντες.
2902 1705 2964 1756 '0
2998 1702 3061 1755 δὲ
3104 1698 3416 1769 Ἰορδάνης,
3448 1694 3519 1757 ῶς
3539 1710 3672 1761 φησιν

2162 1804 2367 1877 Γραφὴ.
2393 1800 2723 1868 ἐπληροῦτο
2768 1797 3041 1850 καθόλου
3088 1790 3217 1857 τὴν
3251 1786 3679 1877 κρηπῖδαλαξιτο

2161 1872 2301 1949 ὡσεὶ
2321 1872 2527 1961 ημέοαι
2556 1885 2835 1955 θερισμοῦ
2866 1881 3113 1949 πυρῶν.
3138 1878 3271 1932 Καὶ
3304 1877 3455 1942 ἔστη
3482 1874 3551 1926 τὰ
3576 1872 3680 1925 {idat

2163 1983 2583 2039 καταϐαίνοντα
2608 1978 2835 2031 ἄνωθεν
2854 1973 3077 2041 πῆγμα
3102 1969 3203 2025 ἒν.
3228 1968 3305 2022 Τὸ
3329 1966 3398 2020 δὲ
3418 1962 3680 2019 καταϐαῗνι

2165 2073 2374 2139 κατέϐη
2400 2072 2485 2134 εἱς
2520 2067 2634 2135 τὴν
2661 2065 2988 2120 θάλασσαν
3022 2059 3159 2113 τῶν
3192 2058 3393 2111 ἁλῶν.
3419 2054 3527 2108 Καὶ
3552 2052 3680 2105 πάντ.

2165 2167 2216 2217 οἱ
2232 2161 2345 2215 υἱοὶ
2386 2156 2621 2226 Ἰσραὴλ
2648 2154 2942 2220 διέϐησαν
2980 2150 3091 2204 διὰ
3124 2148 3341 2217 ξηρᾶς
3374 2148 3443 2201 ἐν
3481 2146 3625 2217 μέσῳ
3646 2163 3680 2197 τι

2178 2250 2486 2318 Ἰορδάνου,
2515 2245 2606 2300 τοῦ
2643 2244 2740 2316 μὲν
2771 2242 2925 2296 κάτω
2973 2240 3319 2311 φερομένου
3363 2237 3617 2309 ῥεύματος
3647 2254 3680 2304 χι

2170 2345 2381 2414 ροῦντος
2405 2342 2482 2403 εἰς
2508 2338 2603 2408 τὴν
2628 2336 2905 2391 θάλασσαν
2934 2332 3043 2403 τὴν
3073 2332 3309 2402 ἁλυκήν
3330 2347 3344 2359 ·
3374 2330 3471 2382 τοῦ
3495 2329 3548 2382 δὲ
3571 2325 3680 2381 ἄνωε

2169 2432 2437 2492 κατιόντος
2472 2425 2784 2499 παραδόξως
2829 2423 2968 2476 Θεοῦ
3025 2422 3289 2493 δυνάμει
3321 2417 3680 2488 ἀναστελλομέι

2168 2524 2259 2577 καὶ
2290 2524 2368 2585 εἰς
2397 2517 2633 2572 τούπίσω
2665 2514 2995 2586 χωροῦντος.
3025 2513 3155 2566 Καὶ
3186 2513 3264 2584 δὴ
3292 2512 3365 2565 τὰ
3399 2513 3507 2566 ἀπὸ
3534 2510 3632 2562 τῶν
3658 2527 3680 2561 τ

2168 2614 2276 2683 γῶν
2306 2610 2506 2667 ἄνωθεν
2537 2606 2877 2679 προχεόμενα
2918 2603 3021 2656 τοῦ
3075 2604 3377 2676 Ἰορδάνου
3411 2603 3661 2674 ῥεύματα,

2169 2704 2355 2772 ἔχοντα
2382 2698 2637 2764 διέξοδον,
2675 2693 3009 2766 ὲκυρτοῦτο,
3055 2694 3167 2748 καὶ
3224 2693 3413 2766 σωρὸς
3457 2689 3536 2756 εἷς
3570 2692 3679 2759 ὲγέν

2170 2787 2534 2859 ἐπαιρομένων
2564 2783 2683 2839 κατ’
2712 2782 2961 2853 ἀλλήλων
2992 2782 3118 2835 τῶν
3150 2782 3403 2845 ὑδάτων,
3435 2780 3521 2834 διὰ
3551 2781 3608 2832 τὸ
3641 2782 3680 2831 ά⁴

2170 2876 2472 2934 κεκλεῖσθαι
2524 2876 2702 2937 αὐτοῖς
2753 2873 2853 2943 τὴν
2903 2873 3189 2940 διέξοδον.
3248 2876 3395 2928 Τότε
3442 2875 3508 2946 δὴ
3556 2873 3679 2928 ἄϐυσ

2170 2969 2384 3039 ἀϐύσσῳ
2428 2966 2671 3036 ἀπήντα,
2724 2962 3232 3035 ἀναστελλομένων
3272 2968 3393 3021 τῶν
3443 2966 3642 3020 ὑδάτων

544 3068 775 3123 namque
803 3052 1118 3108 mirabiliter
1154 3050 1438 3108 Iordanem
1473 3053 1821 3118 transierunt,
1846 3063 1899 3110 et
1923 3071 2068 3111 mon-

2172 3057 2603 3130 κορυφουμένων.
2654 3054 2970 3108 Ἀναπολῶν
3019 3052 3129 3109 οὖν
3178 3060 3256 3128 τῇ
3298 3059 3501 3131 μνήμῃ
3544 3055 3636 3124 τῆς
3658 3071 3680 3106 τ

544 3157 649 3201 tem
684 3143 786 3213 ipsi
808 3144 1041 3199 vicinum
1067 3142 1391 3221 Ilermoniim
1428 3152 1828 3214 nuncupatum,
1859 3146 1951 3215 qui
1980 3146 2075 3201 mi-

544 3237 722 3290 nimus
741 3234 970 3291 exsistit.
999 3235 1128 3290 Mihi
1150 3250 1299 3301 vero,
1326 3236 1419 3306 qui
1442 3236 1555 3290 hzec
1573 3236 1784 3308 loquor,
1815 3236 1949 3290 nihil
1976 3237 2075 3291 hu-

540 3326 777 3398 iusmodi
800 3341 1119 3382 concessum
1148 3334 1259 3393 est,
1292 3327 1381 3383 sed
1428 3329 1603 3382 omnia
1646 3327 1846 3381 excelsa
1890 3334 1983 3380 tua
2026 3336 2075 3380 et

550 3415 735 3471 ‘Iuctus
786 3416 863 3470 tui
905 3432 1060 3482 super
1099 3432 1179 3470 me
1237 3418 1591 3480 transierunt;
1638 3426 1733 3471 aut
1779 3416 2074 3472 secundum

547 3503 1119 3577 Symmachumomnes
1145 3508 1384 3575 procella:
1414 3519 1515 3562 tuo:
1543 3519 1591 3561 et
1614 3509 1804 3576 ﬂuctus
1822 3509 1898 3561 tui
1925 3524 2077 3577 super

545 3614 627 3652 me
662 3597 997 3651 transierunt.
1041 3596 1167 3651 Iure
1193 3612 1318 3666 ergo
1346 3599 1412 3651 ad
1452 3600 1698 3665 meipsum
1738 3600 1915 3656 anima
1962 3615 2076 3652 mea

548 3685 853 3739 conturbata
901 3695 1019 3749 est;
1057 3689 1168 3749 aut',
1217 3688 1271 3740 in
1330 3704 1410 3741 me
1460 3692 1635 3743 anima
1687 3707 1800 3743 mea
1849 3691 2074 3759 liqueﬁt,

549 3795 664 3834 cum
686 3776 925 3831 recordor
955 3778 1029 3830 tui
1056 3777 1118 3832 de
1145 3787 1283 3832 terra
1300 3777 1570 3845 Jordanis,
1593 3780 1884 3835 secundum
1921 3781 2078 3851 Sym-

549 3867 818 3930 machum,
840 3876 889 3923 et
913 3866 977 3920 ab
1019 3866 1341 3921 Hermoniim
1382 3879 1551 3922 monte
1602 3872 1837 3927 minimo.
1899 3871 1960 3925 ln
1994 3873 2077 3926 his

548 3957 742 4027 quippe
764 3957 896 4014 locis
921 3958 1050 4014 olim
1079 3958 1295 4029 abyssus
1320 3960 1505 4031 abysso
1530 3961 1826 4015 occurrebat
1849 3980 1881 4016 a
1905 3965 2079 4017 sonitu

547 4050 916 4120 scaturiginum
943 4059 1170 4113 tuarum,
1184 4059 1236 4105 et
1262 4066 1398 4119 aqua
1424 4051 1657 4106 cohibita
1685 4060 1786 4119 est,
1805 4069 1872 4108 ne
1899 4054 1967 4110 iis
1987 4056 2077 4124 qui

545 4141 831 4197 Iordanem
859 4140 1158 4195 transibant
1188 4140 1485 4196 molestiam
1513 4140 1742 4197 afferret.
1769 4142 1929 4213 Atqui
1948 4152 2076 4200 tunc

547 4233 764 4301 quidem
787 4232 901 4287 haec
930 4230 1242 4286 acciderunt
1265 4245 1360 4299 per
1392 4232 1780 4300 providentiam
1806 4235 1954 4304 ipsos
1981 4251 2079 4292 cu-

2172 3149 2459 3221 γενομένης
2474 3146 2552 3217 τῷ
2580 3145 2694 3216 λαῷ
2722 3146 3043 3216 ἐπισκοπῆς
3073 3146 3186 3219 τὴν
3220 3149 3423 3221 χάριν,
3457 3147 3670 3209 εἰκότως

2170 3242 2263 3296 τοῦ
2321 3239 2579 3312 παρόντος
2625 3235 2721 3306 τὴν
2776 3234 2961 3305 ψυχὴν
3017 3239 3484 3310 κατατήκομαι,
3533 3237 3680 3310 μηδεμ

2171 3330 2420 3399 τοιαύτης
2448 3328 2539 3381 καὶ
2570 3325 2653 3393 ἐφ’
2679 3324 2835 3395 ἡμῶν
2857 3328 3227 3399 γιγνομένης
3251 3328 3405 3382 Θεοῦ
3437 3329 3680 3401 προνοίας

2177 3424 2271 3493 μὲν
2299 3419 2405 3489 γὰρ
2430 3415 2736 3487 παραδόξως
2755 3414 2846 3468 τὸν
2880 3416 3184 3489 Ἰορδάνην
3208 3420 3442 3490 διῆλθον
3476 3410 3650 3474 καὶῖτὸ
3673 3419 3680 3468 l

2172 3513 2232 3565 τὸ
2263 3510 2394 3580 πρὸς
2427 3507 2575 3571 αὐτὸ,
2609 3503 2945 3576 Ἑρμωνιεὶμ
2973 3504 3451 3580 ὀνομαζόμενον,
3482 3509 3680 3581 μικρότι

2173 3600 2462 3671 τυγχάνον·
2488 3598 2572 3649 ἐπ’
2606 3593 2739 3665 ἐμοῦ
2778 3594 2835 3647 δὲ
2861 3593 2958 3646 τοῦ
3007 3596 3210 3651 ταῦτα
3262 3599 3540 3668 λέγοντος
3572 3615 3679 3650 τοεοη

2178 3694 2272 3763 μὲν
2303 3691 2450 3744 οὐδὲν
2489 3688 2833 3756 πέπρακταιο
2884 3686 3144 3755 Πάντες
3184 3689 3258 3744 δὲ
3305 3694 3370 3745 οὶ
3415 3707 3680 3761 μετεωριι

2174 3799 2285 3838 σου
2318 3781 2413 3834 καὶ
2444 3778 2516 3832 τὰ
2541 3776 2772 3845 κύματά
2798 3790 2916 3830 σου
2962 3777 3067 3830 ἐπ’
3105 3779 3225 3850 ἐμὲ
3263 3779 3573 3849 διῆλθον.
3604 3780 3637 3850 ἢ
3671 3797 3680 3830 ς

2173 3873 2262 3926 τὸν
2302 3870 2622 3940 Σύμμαχον*
2654 3866 2855 3920 Πᾶσαι
2903 3870 2968 3920 αἱ
2995 3872 3385 3942 καταιγίδες
3426 3888 3553 3927 σου
3606 3889 3679 3924 κα

2175 3959 2401 4032 κύματά
2430 3975 2545 4012 σου
2587 3956 2786 4011 ἐπάνω
2836 3974 2960 4026 μου
2995 3956 3382 4031 παρῆλθονὶ,
3430 3965 3679 4023 Εξκάτως

2175 4053 2320 4122 πρὸς
2353 4049 2607 4119 ἐμαυτὸν
2653 4049 2693 4115 ἡ
2717 4046 2891 4115 ψυχή
2915 4065 3045 4116 μου
3073 4050 3416 4122 ἐταράχθη
3437 4073 3452 4086 ·
3487 4054 3551 4125 ἢ,
3578 4054 3680 4106 Ὲπ

2174 4147 2213 4213 ἡ
2239 4141 2403 4211 ψυχή
2428 4156 2545 4209 μου
2577 4137 2973 4202 κατατήκεται
2994 4179 3010 4199 ,
3042 4141 3209 4196 ὅταν
3247 4144 3680 4215 ἀναμιμνήσκσ

2174 4253 2286 4291 σου
2314 4234 2432 4288 ἀπὸ
2467 4230 2577 4301 γῆς
2609 4228 2927 4298 Ἰορδάνου,
2970 4234 3132 4287 κατὰ
3183 4236 3285 4288 τὸν
3324 4236 3680 4308 Σύμμαχον.

546 4333 779 4387 rantem;
813 4330 869 4376 at
897 4338 1041 4378 nunc
1071 4339 1242 4376 omnes
1287 4324 1525 4391 procella:
1565 4333 1666 4379 tua:
1699 4334 1747 4379 et
1780 4326 1970 4393 ﬂuctus
2001 4332 2068 4382 tui

2176 4327 2292 4384 ἀπὸ
2332 4321 2700 4394 Ἑρμωνιεὶμ,
2730 4321 2909 4388 ὅρους
2932 4324 3363 4391 μικροτάτου.
3412 4328 3517 4381 Ἑν
3558 4327 3669 4396 γὰρ

548 4427 699 4479 super
723 4427 806 4466 me
834 4413 1171 4478 transierunt,
1194 4413 1481 4469 obruentes
1496 4428 1560 4468 ac
1583 4414 1949 4485 demergentes
1969 4434 2068 4483 me,

2176 4434 2288 4479 τοις
2333 4415 2444 4475 τοῖς
2498 4409 2715 4484 χωρίοις
2760 4406 2932 4461 πάλαι
2980 4411 3127 4464 ποτὲ
3201 4413 3522 4483 ἄϐυσσος
3587 4417 3680 4469 ἀει

548 4501 759 4559 nemine
797 4501 1098 4557 cohibente.
1131 4502 1393 4558 Cancrum
1423 4503 1535 4559 haec
1576 4506 1698 4573 jure
1722 4506 1851 4562 dicit
1877 4509 2068 4564 chorus

2177 4501 2409 4568 ἀπήντα
2453 4497 2568 4551 ἀπὸ
2601 4496 2755 4564 ἤχου
2794 4494 2918 4547 τῶν
2962 4500 3265 4564 κρουνῶν
3310 4519 3479 4569 σου,
3508 4506 3680 4557 dvas:

548 4589 779 4650 filiorum
803 4587 958 4651 Core,
989 4590 1298 4661 prophetice
1322 4600 1642 4660 postremam
1659 4593 1962 4650 Iudaeorum
1989 4598 2068 4651 ab

2184 4593 2339 4665 μένου
2402 4586 2495 4640 τοῦ
2563 4584 2755 4646 ὓδατος
2801 4585 2884 4647 εἰς
2936 4585 3003 4638 τὸ
3061 4588 3145 4660 μὴ
3191 4590 3522 4664 διοχλῆσαι
3576 4592 3679 4645 τοῦ

543 4679 828 4752 jectionem
858 4679 1064 4749 lugens,
1088 4681 1242 4749 cujus
1257 4681 1588 4738 calamitates
1606 4684 1657 4737 in
1682 4700 1740 4739 sc
1764 4686 2068 4755 recipiebat.

2192 4678 2456 4751 Ἰορδάνην
2484 4674 2797 4745 παριόντας.
2839 4673 3009 4727 Ἀλλὰ
3034 4678 3171 4731 τότε
3219 4680 3337 4749 μὲν
3380 4683 3588 4736 ταῦτα
3627 4683 3680 4733 δι

547 4770 939 4830 ἐπισκοποῦσαν
962 4769 1085 4835 τοὺς
1110 4772 1230 4826 τότε
1288 4773 1573 4843 πρόνοιαν·
1598 4776 1710 4827 νυνὶ
1754 4777 1810 4828 δὲ
1848 4777 2032 4833 πᾶσαι
2067 4784 2126 4837 al
2161 4772 2490 4844 καταιγίδες
2528 4785 2643 4823 σου
2682 4766 2782 4821 καὶ
2832 4767 2910 4821 τὰ
2958 4770 3214 4838 κύματά
3258 4791 3408 4829 σου
3459 4775 3680 4830 ἐπάνω

545 4858 878 4928 παρῆλθον,
921 4862 1318 4927 κατακλύζοντά
1370 4880 1436 4933 με
1480 4865 1572 4923 καὶ
1620 4868 2082 4934 καταποντοῦντα,
2125 4866 2345 4941 μηδενὸς
2397 4858 2831 4921 ἀναστέλλοντος.
2860 4859 3057 4927 αΛέγει
3103 4863 3165 4915 δὲ
3249 4866 3475 4921 ταῦτα
3533 4870 3680 4921 εἰκότ

548 4949 700 5018 γοοδς
747 4951 853 5004 τῶν
901 4951 1028 5007 υἱῶν
1074 4952 1235 5023 Κορὲ,
1285 4954 1628 5025 προφητικῶς
1667 4956 2074 5026 ἁποκλαιόμενοι
2108 4959 2203 5030 τὴν
2269 4953 2500 5024 ἐσχάτην
2531 4948 2799 5020 ἀποϐολὴν
2828 4950 2926 5003 τοῦ
2961 4951 3250 5009 Ἰουδαίων
3292 4957 3526 5024 ἔθνους
3561 4954 3659 5027 οῦ,

549 5042 626 5101 εἰς
645 5041 831 5094 ἑαυτὸν
858 5042 1240 5114 ἀνελάμῦανεν.

618 5150 780 5206 Vens.
811 5153 866 5217 9,
898 5155 984 5209 10.
1007 5155 1072 5210 In
1102 5157 1186 5212 die
1206 5160 1479 5214 mandabit
1510 5159 1755 5214 Dominus
1784 5163 2077 5217 misericor-

550 5242 692 5293 diam
716 5258 886 5305 suam,
918 5254 968 5297 et
983 5257 1127 5305 nocte
1155 5252 1411 5304 canticum
1440 5251 1573 5319 ejus.
1605 5249 1844 5314 Etiamsi,
1876 5252 2075 5320 inquit,

554 5345 738 5383 onlnes
772 5333 1019 5398 procellae
1035 5343 1140 5391 tum
1159 5348 1212 5394 et
1232 5339 1427 5394 ﬂuetus
1455 5340 1532 5393 tui
1554 5353 1715 5408 super
1739 5353 1826 5393 me
1873 5340 2076 5395 transi-

561 5419 736 5484 crint;
767 5428 822 5472 at
870 5421 1004 5477 bene
1047 5429 1171 5481 novi
1225 5438 1279 5484 et
1317 5446 1631 5501 persuasum
1659 5429 1815 5499 plane
1864 5429 2036 5485 habeo
2060 5471 2074 5495 ,

560 5506 761 5562 nullum
814 5514 1025 5577 tempus
1083 5528 1203 5572 esse
1243 5533 1349 5595 quo
1389 5534 1500 5574 non
1552 5516 1887 5575 miserearis:
1926 5531 2049 5575 nam

631 5665 674 5701 ⁴⁵
711 5664 871 5723 Iosue
906 5683 963 5724 tu
985 5711 1000 5737 ,
1033 5673 1117 5741 15,
1157 5676 1240 5731 16.

2258 5156 2500 5227 Ἡμέρας
2527 5154 2851 5209 ἐντελεῖται
2872 5156 3098 5222 Κύριος
3131 5160 3199 5212 τὸ
3229 5159 3453 5229 ἔλεος
3486 5165 3680 5221 αὐτοὶ

2176 5229 2393 5312 νυκτὸς
2427 5244 2543 5314 τὴν
2573 5243 2737 5313 ᾠδὴν
2786 5244 3002 5298 αὑτοῦ.
3060 5247 3127 5300 Ei
3172 5251 3286 5303 καὶ
3352 5257 3572 5309 πᾶσαι
3597 5297 3615 5319 ,
3664 5276 3680 5323 ς

2178 5340 2233 5391 αἱ
2280 5336 2591 5405 καταιγίδες
2623 5352 2721 5389 σου
2772 5334 2870 5388 καὶ
2909 5335 2985 5390 τὰ
3024 5337 3257 5409 κύματά
3312 5359 3437 5398 σου
3496 5349 3680 5403 ὲπὰνι

2180 5428 2474 5500 παρῆλθον,
2509 5426 2624 5480 ἀλλ’
2657 5422 2718 5481 εὖ
2750 5422 2868 5479 οἶδα
2895 5427 2992 5480 καὶ
3025 5428 3373 5502 πέπεισμαι
3443 5440 3680 5510 ἀκρισᾶ

2178 5520 2279 5572 ούκ
2309 5517 2422 5579 ἔστι
2455 5516 2644 5598 καιρὸς
2670 5518 2728 5571 ὲν
2758 5510 2804 5585 ᾧ
2834 5516 2936 5577 οὐκ
2962 5519 3154 5584 ἐλεεῖς
3187 5520 3372 5596 Θεὸς
3412 5526 3552 5605 γὰρ
3580 5530 3680 5583 ἐλι
