1906 3182
246 179 298 207 379
597 181 727 209 EUSEBII
741 181 971 209 CtESARlENSlS
988 182 1062 210 OPP.
1075 181 1162 209 PARS
1181 181 1222 208 Ill.
1242 197 1277 202 —
1294 182 1508 211 EXEGETICA.
1819 180 1859 207 581

246 246 329 273 quare
343 246 429 273 neque
444 239 514 273 apud
530 239 645 272 reliquos
657 239 817 272 interpretes
837 239 941 265 titulum
958 239 993 266 ha

1081 238 1129 274 ιρὰ
1142 240 1196 270 τοῖς
1208 239 1308 270 λοιποῖς
1319 240 1506 274 ἑρμηνευταῖς
1517 237 1694 273 ἐπιγραφὴν
1708 237 1777 272 ἔχει.
1794 239 1859 265 Ἀλλ;

246 285 299 311 bet.
316 283 368 312 Sed
383 285 445 318 quia
456 283 630 318 pra-cedentis
644 291 704 317 pars
723 283 825 310 videtur
845 290 913 315 esse,
933 285 1004 318 quod

246 328 338 362 utique
357 335 416 355 cum
431 335 463 354 ex
478 327 609 354 similibus
627 327 751 361 utrinque
769 327 874 360 verbis,
896 333 952 354 tum
970 336 1004 357 ex

245 372 315 398 alllni
327 373 457 399 sententia
467 375 709 404 commonstratur;
725 372 785 399 dico
793 379 858 399 sane
873 373 952 399 etiam
963 374 1004 400 in-

245 419 444 453 prwscntiarum
463 419 572 446 chorum
595 419 779 454 propheticum
802 421 857 446 haec
878 427 1003 447 enarrare

244 464 315 489 circa
331 462 467 496 populum,
482 466 574 496 utpote
593 462 728 496 abjectum
745 461 926 496 traditumque
940 469 1003 496 gen-

243 507 315 534 tibus
338 506 542 541 hominibusque
562 507 707 541 improbis,
729 511 866 541 rogantem
885 514 915 533 ac
942 514 1002 533 cum

242 551 365 585 precibus
384 551 561 585 postulantem
588 555 616 577 ut
638 551 704 577 ultio
723 556 854 583 sumatur,
867 554 893 578 et
910 551 967 585 ipse
988 557 1003 577 e

242 594 364 621 manibus
384 594 550 621 inimicorum
573 597 691 621 eruatur.
708 594 940 626 Quemadmodum
954 602 1003 621 au-

242 642 305 670 tem,
322 639 417 665 amicto
430 639 536 673 populo,
551 639 617 673 justi
633 646 740 674 quoque
753 639 802 665 viri
824 646 876 665 una
890 639 997 673 patiun-

241 689 284 711 tur
297 692 328 711 ac
342 685 432 712 dolore
454 685 489 712 ob
502 692 669 712 communem
684 686 864 712 calamitatem
880 685 998 711 adiciun-

239 732 297 761 tur;
313 729 348 755 ita
367 729 550 764 religiosorum
576 730 713 756 hominum
738 730 858 763 probitas
878 729 1002 756 multitu-

239 774 294 800 dini
309 781 413 808 quoque
425 778 497 801 recte
511 774 641 801 factorum
651 774 862 802 communionem
873 775 1001 801 fructum-

239 825 291 851 que
310 818 389 852 parit.
409 817 585 851 Quamobrem
606 819 645 845 illi
671 826 802 845 :erumnas
822 819 911 853 populi
928 819 954 845 in
969 826 998 846 se

238 863 406 896 recipientes,
434 871 526 898 preces
558 872 607 898 pro
632 863 804 890 multitudine
833 863 998 895 fundebant,

1054 285 1100 311 καὶ
1114 284 1153 310 ὅτι
1170 284 1248 318 μέρος
1262 284 1346 310 ἔοικεν
1362 282 1431 310 εἶναι
1453 284 1505 309 τοῦ
1520 283 1582 318 πρὸ
1598 282 1704 312 αὐτοῦ,
1720 282 1859 317 δεδήλωτα

1053 329 1084 355 ἔκ
1097 337 1125 355 τε
1146 328 1197 354 τῶν
1211 328 1307 363 ὁμοίων
1327 330 1355 355 ἐν
1369 329 1545 363 ἀμφοτέροις
1571 327 1672 360 λόγων
1699 327 1750 353 καὶ
1773 328 1806 353 ἐκ
1824 330 1855 364 τῆ

1052 374 1183 408 ἐμφεροῦς
1197 374 1321 404 διανοίας.
1330 374 1401 408 Φημὶ
1414 374 1509 399 τοίνυν
1522 373 1578 398 καὶ
1597 372 1650 397 ἐπὶ
1667 371 1720 397 τοῦ
1734 373 1859 408 παρόντα

1052 419 1095 446 τὸν
1115 420 1193 455 χορὸν
1215 420 1258 446 τὸν
1281 420 1448 455 προφητικὸν
1466 419 1502 445 τὰ
1525 418 1723 453 προκείμενα
1740 418 1859 450 διεξιένα

1052 464 1120 499 ὑπὲρ
1138 464 1183 490 τοῦ
1205 464 1267 491 λαοῦ
1280 484 1287 495 ,
1304 465 1341 496 ὡς
1370 464 1540 499 ἀπωσμένου
1576 464 1632 489 καὶ
1664 463 1859 497 παραδοθέντα

1052 507 1136 534 ἔθνεσι
1162 507 1208 534 καὶ
1233 508 1384 543 ἀνθρώποις
1410 509 1570 543 πονηροῖς,
1596 507 1743 542 δεομένου
1765 507 1795 534 δὲ
1824 517 1859 535 κα

1051 551 1245 582 ἀντιϐολοῦντος
1268 552 1386 583 ἐκδικίας
1410 553 1526 586 τυχεῖν,
1565 551 1621 577 καὶ
1652 551 1795 585 ῥωσθῆναι
1820 552 1859 579 τῶ

1051 596 1146 631 χειρῶν
1163 597 1215 623 τῶν
1240 597 1384 632 πολεμίων.
1400 597 1510 632 Ὥσπερ
1524 597 1559 623 δὲ
1586 596 1639 622 διὰ
1666 596 1721 631 τὴν
1735 597 1787 624 τοῦ
1807 597 1859 625 λαο

1050 640 1168 667 κάκωσιν
1183 641 1319 667 συνέϐαινε
1341 641 1396 672 τοῖς
1417 640 1676 675 δικαιοπραγοῦσι
1691 642 1858 677 συμπάσχει

1050 685 1096 711 καὶ
1109 685 1257 719 συναλγεῖν,
1269 686 1316 712 καὶ
1334 685 1577 718 συνδιατίθεσθαι,
1598 686 1652 712 τὸν
1671 686 1762 712 αὑτὸν
1773 688 1857 722 τρόπο

1049 729 1095 755 καὶ
1111 731 1127 764 ἡ
1145 730 1197 756 τῶν
1208 729 1335 764 θεοφιλῶν
1354 730 1460 765 ἀνδρῶν
1483 730 1708 766 δικαιοπραγία
1727 733 1857 759 κοινωνία

1050 775 1094 801 καὶ
1112 775 1248 810 μετάδοσιν
1262 775 1371 809 ἀγαθῶν
1388 776 1518 810 παρέχει.
1537 776 1592 802 Διὸ
1611 776 1660 811 δὴ,
1679 777 1718 803 τὰ
1734 777 1812 813 πάθη
1826 779 1859 805 τοὶ

1049 819 1111 845 λαοῦ
1128 820 1165 850 εἰς
1187 820 1295 850 ἑαυτοὺς
1314 820 1564 854 ἀναλαμϐάνοντες
1576 840 1585 851 ,
1608 821 1705 855 εὐχὰς
1729 823 1806 857 ὑπὲρ
1825 824 1859 849 τοὶ

1049 862 1165 897 πλήθους
1188 863 1341 895 ἐποιοῦντο,
1368 865 1462 899 κοινήν
1486 872 1520 890 τε
1555 865 1719 900 ἱκετηρίαν
1745 866 1787 902 τῷ
1814 867 1859 904 Θεᾷ

239 915 459 943 communemque
487 910 707 944 supplicationem
749 910 803 936 Deo
831 910 993 936 emittebant.

1081 907 1334 941 ἐπεμπον,Είκότως
1351 906 1397 933 οὖν
1417 909 1455 939 ὡς
1468 908 1499 941 ἐξ
1515 908 1586 940 ἑνὸς
1606 910 1757 944 στόματος
1769 913 1859 938 ταύταέ

237 951 300 979 Jure
310 952 398 987 itaque
410 960 458 980 ceu
474 961 527 980 uno
541 961 587 980 ore
601 954 648 981 has
662 954 832 988 proferebant
847 961 937 981 voces.

272 1006 352 1033 Vens.
377 1007 403 1033 2.
423 1007 517 1033 Judicu
533 1015 581 1039 me,
602 1007 681 1039 Deus,
701 1013 725 1035 et
753 1009 868 1036 discerne
892 1017 997 1036 causam

237 1058 319 1075 nteant
330 1049 361 1076 de
372 1050 442 1085 genie
457 1059 507 1077 non
521 1056 622 1081 sancta,
641 1051 672 1077 ab
689 1053 789 1079 homine
804 1054 891 1087 iniquo
906 1057 931 1079 et
951 1053 997 1079 do-

236 1094 291 1120 lnso
307 1102 365 1120 erue
378 1103 426 1121 me.
444 1095 512 1127 Quia
532 1099 558 1121 tu
572 1103 598 1122 es
618 1095 688 1122 Deus
699 1096 823 1129 fortitudo
839 1105 903 1129 mea,
918 1105 997 1131 quare

236 1148 275 1165 me
295 1140 429 1172 repulisli?
444 1140 529 1171 Quare
552 1141 634 1167 tristis
656 1141 743 1167 incedo
767 1141 828 1168 dum
845 1142 932 1177 afﬂigit
958 1150 996 1168 me

236 1185 374 1211 inimicus?
388 1184 487 1211 Dixerit
508 1185 641 1219 quispiam
656 1186 713 1212 haac
728 1186 847 1221 proferre
863 1194 945 1213 unum
957 1188 996 1213 al-

236 1233 355 1255 terumve
369 1229 414 1263 qui
427 1229 453 1255 in
469 1230 594 1257 universo
610 1232 708 1265 populo
721 1230 834 1258 Judaico
846 1231 935 1265 justus
954 1239 996 1259 re-

235 1275 327 1305 pertus
353 1275 402 1298 est.
429 1273 488 1305 lpse
509 1273 589 1307 igitur
614 1274 670 1301 sive
693 1282 763 1301 unus
788 1276 843 1302 sive
869 1283 994 1310 perrarus

236 1315 324 1347 homo,
341 1316 427 1349 qualis
438 1320 495 1343 erat
508 1316 637 1345 Jeremias
658 1324 704 1345 aut
717 1320 828 1353 quilibet
848 1320 898 1353 ipsi
917 1320 994 1346 simi-

235 1360 277 1392 lis,
293 1360 329 1386 ita
343 1359 404 1386 ﬂeat
429 1365 455 1387 et
471 1361 625 1394 hujusmodi
641 1370 719 1390 voces
737 1364 850 1395 emittat,
863 1371 960 1399 rogans
979 1371 994 1390 a

234 1407 311 1438 gente
326 1412 379 1431 non
394 1410 485 1432 sancta
501 1406 619 1438 liberari,
636 1407 735 1441 quibus
748 1407 859 1434 indicari
871 1409 994 1435 videntur

234 1450 279 1484 qui
292 1458 324 1477 ex
338 1450 539 1478 circumcisione
552 1456 642 1485 erant;
655 1455 681 1479 et
697 1461 711 1479 a
729 1453 787 1479 viro
802 1454 892 1487 iniquo
904 1458 929 1480 et
944 1454 992 1480 do-

234 1495 301 1526 loso,
316 1498 345 1521 ut
356 1503 490 1529 nunquam
508 1496 565 1530 ipse
579 1500 624 1522 aut
639 1497 746 1531 iniquus
757 1500 802 1523 aut
812 1497 921 1524 dolosus
932 1504 992 1524 eva—

232 1540 287 1566 dat.
305 1539 389 1574 Roget
409 1545 496 1567 autem
517 1540 597 1567 Deum
622 1541 664 1568 bis
687 1542 776 1568 verbis
791 1551 797 1568 ε
811 1541 850 1567 Tu
875 1549 904 1569 es
924 1541 992 1568 Deus

1049 951 1161 986 ἠφίεσαν
1174 952 1222 983 τὰς
1237 952 1335 986 φωνάς.

1081 1007 1188 1040 Κρῖνόν
1198 1015 1245 1040 με,
1263 1008 1279 1033 ὁ
1293 1007 1373 1040 Θεὸς,
1388 1009 1437 1035 καὶ
1455 1009 1603 1036 δίκασον
1617 1010 1684 1045 τὴν
1698 1012 1796 1046 δίκην
1811 1017 1859 1047 μοι

1047 1052 1081 1083 ἐξ
1096 1052 1199 1084 ἔθνους
1212 1053 1267 1085 οὐχ
1281 1052 1384 1079 ὀσίυυ-
1401 1054 1462 1080 ἀπὸ
1481 1055 1667 1088 ἀνθρώπου
1686 1057 1799 1084 δολίου
1820 1059 1859 1085 καί

1047 1096 1150 1122 ἀδίκου
1161 1096 1255 1129 ῥῦσαί
1264 1105 1311 1130 με.
1325 1097 1389 1124 Ὅτι
1401 1098 1442 1125 σὺ
1456 1101 1474 1125 ὁ
1492 1100 1579 1133 Θεὸς
1594 1103 1785 1137 reparale
1797 1113 1859 1137 μου,

1047 1142 1096 1167 ἵνα
1106 1142 1134 1167 τι
1149 1141 1256 1168 ἀπώσω
1264 1151 1316 1176 με;
1330 1144 1379 1169 ἵνα
1393 1144 1422 1170 τι
1435 1145 1687 1178 σκυθρωπάζων
1702 1149 1859 1183 πορεύομαι

1046 1187 1080 1213 ὲν
1106 1187 1145 1219 τῷ
1169 1187 1305 1221 ἐκθλίψαι
1330 1189 1458 1222 ἐχθρόν;
1483 1190 1576 1217 Εἴποι
1596 1191 1622 1217 δ’
1652 1192 1691 1219 ἄν
1713 1202 1758 1224 τις
1780 1194 1859 1220 ταῦτα

1046 1231 1133 1264 λέγειν
1155 1232 1201 1259 ἕνα
1223 1241 1273 1258 που
1288 1233 1335 1259 καὶ
1351 1233 1478 1269 δεύτερον
1501 1235 1537 1262 ὲν
1563 1236 1626 1271 ὅλῳ
1656 1237 1701 1271 τῷ
1719 1237 1793 1263 ἔθνει
1810 1238 1859 1264 τῶν

1052 1277 1191 1309 Ἰουδαίων,
1209 1278 1356 1313 εὑρημένον
1372 1278 1487 1305 δίκαιον.
1516 1281 1621 1313 Αὑτδς
1649 1280 1703 1308 οὗν
1718 1283 1733 1308 ό
1758 1280 1798 1315 εἷς
1818 1284 1859 1309 καὶ

1047 1322 1163 1354 σπάνιος,
1183 1319 1237 1348 οἷον
1263 1323 1394 1358 Ἱερεμίας
1412 1325 1429 1359 ἦ
1455 1333 1498 1356 τις
1526 1326 1637 1361 ἕτερος
1663 1328 1764 1362 ὅμοιος
1780 1328 1859 1364 αὐτῷ.

1045 1366 1238 1396 ἀποκλαιέσϐω.
1256 1367 1301 1393 καὶ
1328 1368 1429 1400 ταύτας
1451 1370 1664 1405 ἀναπεμπὲτω
1691 1373 1744 1404 τὰς
1760 1374 1857 1407 φωνὰς,

1047 1409 1171 1435 ἱκετεύων
1191 1410 1317 1445 ρυσθῆναι
1344 1411 1377 1443 ἐξ
1397 1413 1508 1439 ἀνοσίου
1536 1415 1662 1447 ἔθνους·
1688 1417 1813 1451 δηλούτω
1833 1418 1858 1444 δὲ

1044 1453 1140 1484 αὐτοὺς
1151 1454 1212 1484 τοὺς
1231 1455 1262 1479 ὲκ
1278 1456 1439 1490 περιτομῆς,
1449 1458 1500 1483 καὶ
1521 1458 1586 1484 ἀπὸ
1598 1459 1758 1495 ἀνθρώπου
1770 1461 1855 1487 ἀδίκου

1045 1498 1090 1524 καὶ
1099 1498 1193 1529 δολίου,
1209 1498 1245 1529 ὡς
1256 1498 1288 1524 ἂν
1300 1501 1402 1534 μήποτε
1414 1502 1461 1527 καὶ
1475 1502 1569 1533 αὐτὸς
1582 1504 1700 1537 γένοιτο
1713 1505 1805 1537 ἄδικος
1815 1507 1856 1532 καὶ

1044 1542 1137 1573 δόλιος.
1148 1543 1341 1578 Παρακαλείτω
1359 1545 1387 1571 δὲ
1402 1545 1447 1572 τὸν
1459 1546 1532 1573 Θεὸν
1548 1548 1648 1582 λέγων
1661 1559 1668 1565 ·
1684 1551 1723 1577 Σὺ
1738 1550 1786 1578 sio
1796 1553 1855 1582 Θεὸς

233 1583 361 1610 fortitudo
372 1591 440 1615 mea,
457 1592 539 1618 quare
551 1592 592 1611 me
609 1585 741 1618 repulisti,
759 1593 800 1612 me
813 1586 838 1612 in
852 1586 939 1613 medio
958 1590 993 1612 ta-

1081 1587 1201 1622 αταίωμά
1215 1596 1263 1622 μου
1274 1596 1281 1603 ο
1299 1589 1342 1615 ῖνα
1358 1589 1384 1614 τί
1398 1598 1431 1624 με
1445 1591 1573 1625 ἀπώσω,
1590 1595 1765 1622 καταλιπών
1782 1605 1813 1631 με
1830 1597 1853 1622 ἐν

232 1628 265 1654 lis
281 1628 369 1662 populi
385 1627 558 1662 relinquetis?
583 1627 644 1654 Haec
659 1636 738 1662 porro
755 1629 836 1656 Heliae
857 1630 991 1663 prophetae

231 1676 391 1706 congruunt,
411 1672 454 1706 qui
469 1671 581 1698 Domino
594 1673 748 1707 supplicans
760 1678 851 1700 contra
865 1675 990 1708 populum

231 1716 267 1743 ila
282 1717 351 1744 falur
364 1727 370 1744 :
382 1717 499 1747 Domine,
515 1720 651 1752 prophetas
668 1723 723 1745 tuos
739 1719 929 1753 interfecerunt,
951 1720 992 1745 al-

232 1762 300 1788 taria
318 1766 362 1788 tua
385 1763 560 1789 subverterunt
571 1771 580 1789 :
591 1769 614 1790 et
631 1772 676 1798 ego
698 1764 802 1791 relictus
826 1764 908 1796 solus,
921 1773 991 1799 qua:-

230 1811 338 1839 runtque
357 1807 439 1839 ipsam
458 1807 571 1833 animum
589 1808 676 1834 tollere
689 1808 721 1834 ⁸⁸.
738 1808 881 1843 Perspicue
903 1814 991 1836 autem

230 1852 308 1877 docet
321 1850 450 1877 Ieremias
461 1851 589 1878 defecisse
602 1860 707 1879 omnem
721 1852 820 1886 justum
836 1854 868 1880 de
882 1855 989 1889 populo,

230 1895 323 1922 dicens
342 1894 474 1922 :Circuite
497 1896 523 1922 in
545 1896 616 1923 biviis
639 1896 786 1924 Jerusalem
806 1902 831 1924 et
851 1899 878 1924 in
900 1900 990 1932 plateis

229 1941 295 1975 eius,
311 1945 335 1968 et
354 1941 433 1967 videte
447 1942 470 1968 si
481 1945 519 1968 est
539 1942 583 1975 qui
604 1942 743 1976 intelligat,
761 1947 786 1968 et
802 1944 929 1977 propitius
947 1953 990 1972 ero

229 1986 265 2012 eis
277 1985 308 2012 δ’.
322 1985 420 2012 Deinde
430 1985 492 2020 quia
503 1986 647 2013 multitudo
659 1986 838 2020 improborum
853 1988 990 2016 hominum

227 2030 328 2064 justum
344 2031 430 2064 ipsum
449 2031 594 2065 premebat,
619 2039 648 2058 se
663 2031 713 2058 hac
737 2031 770 2057 de
788 2039 869 2059 causa
886 2034 990 2061 tristem

229 2081 289 2101 esse
307 2074 521 2107 dicebat:Quare
536 2076 702 2102 contristatae
715 2075 814 2107 incedo,
825 2076 886 2103 dum
902 2078 991 2113 afﬂigit

229 2127 269 2145 me
288 2119 428 2147 inimicus?
445 2119 478 2146 Et
503 2119 619 2154 alioquin
643 2127 703 2146 cum
727 2125 818 2155 gentes
840 2125 866 2148 et
889 2122 990 2150 inimici

228 2165 404 2191 calamitatem
419 2164 558 2197 inferrent,
573 2169 652 2199 atque
671 2165 770 2200 populo
785 2165 897 2193 Judaico
915 2175 991 2201 supe-

228 2209 313 2235 riores
329 2209 485 2242 evasissent,
501 2210 541 2236 vir
561 2210 604 2236 ille
625 2209 679 2236 Deo
697 2210 821 2238 addictus
836 2211 925 2238 animo
942 2211 990 2239 do-

1042 1632 1113 1666 μέσῳ
1123 1632 1238 1659 τοιούτου
1249 1632 1313 1658 λαοῦ
1323 1634 1458 1669 ;”Ηρμοζε
1471 1636 1500 1662 δὲ
1515 1637 1557 1663 τὰ
1569 1640 1753 1675 προκείμενα
1765 1642 1811 1667 καὶ
1821 1641 1853 1675 τῷ

1041 1678 1164 1713 προφήτῃ
1181 1677 1268 1713 Ἠλίᾳ,
1282 1678 1311 1709 ὃς
1330 1678 1421 1713 ἔλεγεν
1435 1685 1692 1718 κατεντυγχάνων
1710 1686 1760 1712 τοῦ
1776 1686 1853 1712 λαοῦ·

1039 1723 1142 1756 Κύριε,
1162 1723 1231 1756 τοὺς
1251 1724 1406 1758 προφήτας
1428 1733 1490 1752 σου
1512 1728 1732 1763 ἀπέκτειναν,
1750 1732 1798 1758 καὶ
1823 1731 1854 1757 τὰ

1040 1767 1234 1801 θυσιαστήριά
1249 1776 1305 1795 σου
1319 1769 1535 1804 κατέσκαψαν,
1556 1774 1650 1808 κάγὼ
1664 1777 1854 1810 ὑπελείφθην

1037 1812 1143 1845 μόνος,
1161 1812 1208 1838 καὶ
1230 1811 1348 1846 ζητοῦσι
1374 1813 1433 1847 τὴν
1453 1816 1576 1850 ψυχὴν
1601 1820 1720 1846 λαϐεῖν
1749 1821 1851 1854 αὑτήν.

1040 1856 1134 1890 Σαφῶς
1147 1856 1174 1883 δὲ
1186 1857 1301 1883 διδάσκει
1318 1858 1454 1894 Ἱερεμίας
1466 1861 1681 1891 ἐκλελοιπέναι
1709 1866 1801 1892 πάντα
1818 1867 1852 1892 δί-

1040 1909 1114 1927 καιον
1134 1902 1165 1927 ὲκ
1183 1902 1228 1928 τοῦ
1250 1902 1331 1934 λαοῦ,
1353 1903 1459 1937 λέγων·
1486 1907 1714 1944 Περιδράμετε
1731 1911 1768 1938 ἐν
1793 1911 1852 1944 ταῖς

1039 1945 1179 1979 ἀμφόδοις
1206 1946 1413 1981 Ἰερουσαλὴμ,
1439 1949 1491 1975 καὶ
1525 1951 1567 1977 ἐν
1593 1954 1667 1987 ταῖς
1698 1956 1851 1987 πλατείαις

1038 1990 1140 2024 αὐτῆς,
1158 1990 1205 2016 καὶ
1222 1990 1296 2017 ἴδετε
1310 1993 1336 2017 ει
1352 1991 1417 2019 ἔστι
1435 1995 1576 2029 συνιὼν,
1596 1999 1653 2025 καὶ
1679 2000 1773 2033 ἵλεως
1787 2001 1852 2027 ἔσο-

1036 2032 1088 2069 μάι
1097 2035 1205 2067 αὐτοῖς.
1215 2033 1269 2061 Εἶτ’
1281 2036 1373 2072 ἐπειδὴ
1386 2038 1417 2063 τὸ
1428 2039 1537 2074 πλῆθος
1548 2043 1615 2069 τῶν
1631 2046 1735 2072 κακῶν
1751 2032 1852 2081 ἀνδρῶν

1039 2079 1124 2114 θλίψιν
1139 2081 1249 2115 παρεῖχε
1262 2080 1300 2115 τῷ
1317 2081 1425 2117 δικαίῳ,
1443 2084 1680 2121 σκυθρωπάζειν
1699 2091 1750 2116 ἐπὶ
1768 2079 1851 2126 τοῦτῳ

1038 2123 1143 2157 ἔλεγεν·
1167 2125 1228 2150 Ἵνα
1248 2125 1276 2151 τι
1300 2127 1523 2160 σκυθρωπάζων
1550 2135 1737 2169 πορεύομαι
1758 2138 1795 2163 ἐν
1815 2123 1851 2168 τῶ

1038 2168 1175 2216 segetem.
1191 2169 1321 2216 έχορόη
1336 2172 1391 2197 Καὶ
1406 2172 1495 2204 ἄλλως
1509 2174 1553 2208 δὲ,
1576 2178 1638 2204 τῶν
1672 2168 1784 2216 ἐχθρῶν
1806 2181 1851 2208 καὶ

1039 2213 1173 2262 πολεμίων
1189 2214 1393 2262 (inti-dvrvaqu
1414 2218 1675 2259 ὲπικρατεστέρων
1689 2213 1851 2262 ἆγε-νομένων

228 2253 306 2284 lebat,
320 2253 376 2279 zelo
389 2253 482 2287 plenus
496 2254 529 2281 ob
544 2262 688 2288 prosperas
698 2255 837 2282 atheorum
852 2260 880 2283 et
895 2257 989 2291 impio-

1081 2272 1082 2276 η
1105 2257 1213 2306 ἔθνους,
1238 2259 1252 2283 ὁ
1327 2259 1388 2295 Θεῷ
1413 2253 1621 2299 ἀνακείμενος.
1639 2253 1779 2297 ἐδάκνετο
1801 2272 1849 2306 τὴν

227 2305 287 2324 rum
298 2298 433 2324 hominum
455 2306 507 2325 res.
532 2299 618 2331 Quare
640 2300 860 2334 supplicationem
884 2302 988 2329 emitte

226 2343 282 2375 bat,
306 2347 334 2369 ut
355 2341 434 2374 Deus,
459 2343 504 2377 qui
524 2343 556 2371 de
580 2351 662 2371 causa
685 2352 734 2371 sua
753 2346 932 2379 judicaverat,
956 2354 987 2373 ac

227 2391 415 2422 congruentem
431 2387 463 2414 de
483 2395 511 2414 se
529 2389 687 2416 sententiam
709 2389 818 2421 tulerat,
836 2391 985 2418 mercedem

227 2435 298 2458 recte
314 2431 391 2459 i'actis
414 2432 470 2460 suis
487 2432 614 2465 debitam,
637 2434 768 2462 universae
788 2435 879 2469 populi
897 2436 987 2462 multi-

226 2475 311 2501 tudini
326 2476 476 2511 largiretur,
495 2480 522 2504 et
545 2477 585 2504 sui
610 2485 691 2505 causa
712 2486 806 2506 omnes
823 2481 936 2514 eriperet
952 2481 984 2507 de

227 2525 306 2544 manu
323 2519 505 2554 inimicorum;
520 2525 550 2547 ut
564 2522 785 2555 quemadmodum
802 2523 862 2557 ipse
876 2524 986 2550 delicto-

227 2568 286 2588 rum
298 2564 387 2597 populi
400 2567 530 2599 particeps
545 2566 643 2599 fuerat,
664 2567 701 2594 ita
720 2568 833 2603 populus
854 2569 984 2595 bonorum

227 2613 335 2640 operum
367 2607 450 2641 ipsius
471 2616 581 2637 consors
603 2616 682 2639 esset.
708 2611 784 2639 Sicut
806 2617 895 2639 autem
919 2613 985 2647 justi

229 2651 346 2680 homines
357 2653 401 2687 qui
412 2653 445 2680 ad
457 2654 597 2683 tribunalia
607 2657 678 2684 litem
692 2658 801 2690 habent,
816 2658 921 2692 judices
937 2659 985 2685 ob-

228 2702 332 2723 secrant
342 2701 371 2723 ut
380 2698 477 2732 justam
495 2707 601 2727 causam
624 2709 699 2729 suam
712 2704 832 2735 audiant,
850 2708 929 2739 atque
946 2712 978 2731 ex

1039 2303 1136 2337 ψυχὴν,
1160 2303 1238 2337 ζήλου
1260 2303 1447 2340 πληρούμενος
1471 2309 1520 2335 ἐπὶ
1537 2314 1577 2347 τῇ
1603 2314 1667 2341 τῶν
1688 2316 1782 2344 ἀθέων
1805 2303 1850 2343 xii

1039 2347 1140 2398 ἀσεϐῶν
1166 2348 1266 2398 ἀνδρῶν
1289 2351 1438 2398 εὐπραγίᾳ.
1461 2355 1508 2381 Διδ
1541 2359 1597 2385 καὶ
1625 2361 1779 2398 ἰκετηριαν
1803 2364 1849 2389 ἀν-

1038 2394 1167 2444 έπεμπεν,
1181 2393 1217 2424 ὡς
1229 2394 1270 2425 ἂν,
1285 2396 1401 2444 κρίναςὸ
1412 2398 1478 2444 θεὸς
1491 2401 1542 2427 καὶ
1557 2403 1688 2438 δικάσας
1702 2393 1790 2444 αὐτῷ,
1804 2410 1847 2435 καὶ

1037 2439 1086 2473 τὴν
1098 2439 1328 2488 πρέπουσανλπερὶ
1344 2442 1426 2469 αὐτοῦ
1442 2444 1523 2479 δίκην
1537 2439 1788 2487 ἐξενεγκάμενοξέ
1800 2454 1844 2488 τὴν

1036 2483 1117 2533 animi?
1129 2484 1371 2533 προσοφειλομένην
1387 2488 1505 2525 ἀμοιϐὴν
1521 2492 1582 2519 τῶν
1598 2483 1694 2523 αὐτου
1706 2483 1844 2533 κατορθω-

1038 2529 1127 2563 μάτων
1152 2529 1189 2563 τῷ
1205 2530 1286 2556 παντὶ
1311 2532 1406 2567 πλήθει
1426 2535 1591 2571 χαρίσοιτο,
1617 2542 1670 2567 καὶ
1699 2542 1735 2569 δι’
1762 2529 1843 2569 αὑτοῦ

1037 2573 1145 2623 ξύσαιτο
1159 2575 1221 2606 τοὺς
1244 2576 1347 2609 πάντας
1363 2578 1394 2605 ἐκ
1418 2581 1510 2615 χειρὸς
1525 2583 1586 2611 τῶν
1613 2588 1779 2623 πολεμίων·
1799 2590 1841 2621 ἶν’,

1036 2616 1127 2651 ὥσπερ
1146 2619 1271 2649 κοινωνὸς
1290 2621 1370 2653 αὐτὸς
1392 2623 1488 2656 γέγονε
1514 2627 1566 2661 τῆς
1583 2629 1637 2655 τοῦ
1663 2616 1735 2658 λαοῦ
1760 2616 1841 2659 κακοζ

1037 2661 1162 2695 πραγίας,
1183 2662 1253 2689 οὕτω
1274 2666 1322 2693 καὶ
1350 2667 1364 2693 ὁ
1387 2666 1450 2699 λαὸς
1466 2669 1602 2705 μετάσχοι
1621 2674 1679 2709 τῆς
1696 2676 1781 2703 αὑτοῦ
1802 2677 1839 2703 δι-

1031 2708 1219 2753 καιοπραγίας.
1242 2710 1350 2748 Ὥσπερ
1374 2712 1402 2738 δὲ
1419 2713 1443 2738 οι
1466 2713 1566 2742 δίκαιοι
1586 2708 1706 2752 ἔχοντες
1734 2722 1765 2747 ἐν
1783 2723 1837 2753 τοῖς

228 2747 302 2776 aequo
316 2746 341 2769 et
354 2742 421 2770 bono
435 2745 590 2772 sententiam
604 2747 654 2773 sibi
669 2748 754 2775 ferant
764 2757 772 2780 ς
783 2749 877 2776 eodem
895 2749 973 2777 modo

1334 2742 1339 2748 ,
1603 2742 1705 2752 Λνν-νν
1734 2742 1763 2747 *ν
1788 2742 1836 2753 ἰν-1

1081 2753 1215 2788 ιστηρίοις.
1239 2757 1305 2790 τοὺς
1328 2759 1456 2792 δικαστὰς
1479 2761 1657 2791 ῑκετεύουσιν
1677 2765 1836 2793 ἐπακοῦσαι

264 2815 285 2831 ⁸⁸
303 2814 334 2842 111
349 2815 412 2851 Reg.
428 2826 487 2850 xu,
506 2820 546 2847 Η.
583 2820 604 2837 ⁸³
621 2821 716 2852 Jerem.
735 2832 760 2857 v,
778 2825 801 2850 1.
