1906 3175
66 194 102 221 3M

67 254 112 278 ,ιω
131 239 241 272 δικαίων
263 241 383 276 αὐτῶν,
402 244 524 274 δικάσαι
541 257 570 274 τε
590 249 634 276 καὶ
649 250 747 285 κρίνειν
767 250 861 282 αὐτοὺς

73 294 164 329 6995,;-
185 285 230 311 τὸν
244 285 334 312 αὐτὸν
357 289 470 323 τρόπον
497 293 544 318 καὶ
563 294 577 318 ὸ
601 293 722 328 θεοφιλὴς
743 294 786 320 διὰ
808 294 860 320 τῶν

78 330 249 373 προκειμένων
271 331 315 366 τῷ
339 332 407 368 Θεῷ
425 344 513 370 φησι·
534 337 640 371 Κρῖνόν
659 347 717 371 μοι,
742 340 758 364 ὁ
780 339 858 370 Θεὸς,

86 385 145 417 day},
163 377 264 411 ιρῖνόν
288 386 329 412 με
343 387 351 394 ·
374 381 452 407 κατὰ
475 381 505 407 δὲ
520 382 565 408 τὸν
590 382 740 417 Σύμμαχον,
760 382 860 415 κρῐνόν

91 425 179 461 μοι,Σῦ
196 422 250 458 γὰρ
267 423 356 455 αὐτὸς
373 426 459 458 γενοῦ
472 435 521 460 μοι
537 427 639 461 κριτὴς,
653 428 699 453 καὶ
710 428 758 462 τὴν
773 428 859 462 κρίσιν

97 479 137 504 μου
149 468 240 503 ταύτην
255 469 365 503 κρῖνον,
382 471 433 496 καὶ
448 471 628 506 ὑπερδίκησον
640 472 688 506 τῆς
705 472 780 506 δίκης
799 481 858 507 μου,

98 516 144 547 ἵνα,
162 513 239 548 τυχὼν
266 513 413 546 ἐκδικίας,
439 515 616 551 συμϐάλωμαι
631 517 662 552 τῇ
681 517 799 552 σωτηρίᾳ
813 517 859 543 τοῦ

97 560 182 590 παντὸς
192 557 308 593 πλήθους
322 558 360 584 τὰ
374 560 496 593 ἐμαυτοῦ
509 561 712 596 κατορθώματα.
747 565 749 568 ’

133 604 356 636 Ἐξαπόσῒειλον
372 604 406 629 τὸ
424 603 487 638 φῶς
504 613 571 636 σου,
589 606 636 631 καί
653 606 708 639 τὴν
719 606 860 639 ἀλήθειάν

95 657 162 676 σου·
191 648 269 676 αὺτά
298 657 338 683 με
363 649 525 683 ὡδήγησαν
551 650 600 676 καὶ
624 650 734 685 ἥγατόν
758 660 795 685 με
815 653 858 684 είς

96 694 154 727 ὄρος
176 694 264 728 ᾶτιόν
283 702 365 725 σου,
394 694 443 720 καί
467 696 510 727 εἰς
536 695 571 721 τὰ
594 695 767 730 σκηνώματά
789 703 855 723 σου.

94 738 192 773 Νοήσεις
221 739 270 764 καὶ
301 738 405 769 οὕτως·
434 738 487 764 Τοῦ
518 739 590 774 παρὰ
623 740 663 765 σοὶ
699 740 784 773 φωτὸς
812 741 857 767 καὶ

93 782 137 816 τῆς
155 782 223 817 παρὰ
247 782 293 808 σοὶ
314 782 443 818 ἀληθείας
461 783 547 818 τυχὼν
570 783 781 819 ὁδηγηθήσομαι,
807 785 857 810 ὑπὸ

93 827 138 860 μὲν
155 826 193 852 τοῦ
210 827 306 861 φωτὸς
330 826 521 862 φωτιζόμενος,
541 828 592 853 ὑπὸ
614 828 642 853 δὲ
664 829 712 862 τῆς
727 829 775 863 σῆς
791 829 856 863 ἀλη-

93 871 156 903 θείας
164 871 422 906 χειραγωγούμενος
431 872 476 898 ἐπὶ
483 872 513 897 τὸ
523 872 583 906 ὅρος
593 872 624 897 τὸ
636 872 707 906 ἆγιόν
717 880 760 898 σου
772 873 801 898 τὺ
811 874 857 898 ἐπ-

89 917 199 951 ουράνιον
207 916 259 942 καὶ
272 916 322 943 ἐπὶ
340 917 374 942 τὰ
387 916 478 942 αὐτόθι
494 916 656 951 σκηνώματα
669 925 725 948 σου,
745 918 807 952 περὶ
821 915 857 943 ὦν

89 962 132 987 καὶ
146 963 169 988 ἐν
184 962 224 996 τῷ
240 962 298 996 πρὸ
310 961 406 988 τούτου
424 961 513 995 ἔλεγον
523 970 529 976 ·
550 962 612 987 Ὅτι
627 961 811 996 διελεύσομαι
824 962 858 988 ἐν

87 1007 160 1039 τόπῳ
172 1006 296 1039 σκηνῆς
311 1006 486 1040 θαυμαστῆς
496 1006 550 1038 ἕως
562 1006 613 1032 τοῦ
628 1006 711 1032 οἴκου
722 1006 774 1032 τοῦ
786 1007 857 1033 Θεοῦ

85 1052 120 1077 ὲν
140 1053 215 1086 φωνῇ
234 1052 447 1086 ἀγαλλιάσεως
467 1052 515 1078 καὶ
531 1052 768 1086 ὲξομολογιξσεως
782 1052 857 1086 ἤχου

86 1095 283 1128 ἐορτὰζοντος·
308 1096 348 1126 ὠς
365 1095 396 1121 ἂν
411 1095 439 1121 δέ
457 1104 496 1122 σοι
516 1096 554 1129 τῷ
570 1095 628 1130 Θεῷ
645 1096 795 1130 ίερωμένος,
813 1096 857 1121 ἐπὶ

87 1140 123 1165 τὰ
145 1141 270 1167 ἐνδοτάτω
293 1140 343 1165 καὶ
359 1139 440 1173 μέχρι
456 1139 501 1165 τοῦ
523 1139 709 1173 θυσιαστηρίου
731 1138 797 1173 ἥξω,
812 1139 858 1164 καὶ

89 1185 153 1219 πρὸς
173 1186 201 1211 σὲ
229 1185 277 1211 τὸν
299 1184 368 1210 Θεὸν
389 1184 530 1218 ἐλεύσομαι
550 1184 595 1210 τὸν
613 1183 785 1218 εὐφραίνοντα
809 1186 857 1218 τὴν

89 1230 191 1264 νεότητά
216 1238 269 1264 μου
292 1229 345 1263 τὴν
364 1228 557 1263 πνευματικήν.
591 1228 857 1262 Ἐξομολογήσομσί

88 1281 137 1299 σοι
151 1275 180 1300 ὲν
192 1273 311 1307 κιθάρᾳ,
334 1274 351 1299 ό
369 1273 448 1304 Θεός.
470 1272 589 1307 Κιθάραν
606 1272 674 1298 δὲτὸ
691 1272 769 1306 σῶμά
782 1280 855 1306 φησι,

86 1317 121 1343 δι’
137 1315 162 1344 οὗ
178 1317 382 1353 ἀνακρούεσθαι
407 1317 525 1351 πέφυκεν
545 1317 559 1342 ὁ
572 1316 649 1348 νοῦς,
674 1318 719 1343 καὶ
740 1316 783 1342 διὰ
804 1317 856 1343 τῶν

87 1364 262 1399 αἰσθητηρίων
286 1362 383 1397 ὥσπερ
405 1362 448 1388 διὰ
472 1361 571 1396 χορδῶν
592 1362 638 1396 τὴν
662 1361 699 1396 τῷ
720 1362 776 1396 Θεῷ
794 1362 857 1397 πρέ-

89 1417 183 1435 πουσαν
210 1408 344 1444 μελῳδίαν
377 1407 544 1441 ἀναπέμπειν
575 1407 660 1434 εἴωθε.
698 1407 792 1441 Σαφῶς
822 1408 849 1434 δὲ

89 1452 132 1477 διὰ
152 1454 248 1480 τούτων
274 1454 289 1479 ὁ
315 1453 395 1487 χορὸς
421 1453 436 1479 ὀ
465 1452 627 1487 προφητικὺς
648 1453 795 1487 παρακαλεῖ
824 1453 854 1478 τὸ

91 1496 146 1530 ςιῶς
157 1498 341 1532 ἀποσταλῆναι
358 1497 403 1523 τοῦ
415 1496 480 1522 Θεοῦ
498 1497 544 1522 καὶ
556 1496 602 1531 τὴν
621 1496 744 1530 ἀλήθειαν
760 1497 849 1528 αὑτοῦ,

90 1542 128 1572 ὡς
149 1543 256 1578 μηδέπω
283 1543 346 1568 τότε
370 1543 462 1575 φαῖνον
490 1541 535 1566 ἐπὶ
554 1541 600 1575 τῆς
626 1541 692 1575 γῆς,
714 1541 779 1576 μηδὲ
805 1542 852 1575 τῆς

653 192 892 220 COMMENTARIA
912 193 945 220 IN
959 192 1120 220 PSALMOS.

1614 193 1665 221 582

877 258 895 284 Α
913 252 952 278 vir
967 252 1108 287 religiosus
1130 250 1172 277 his
1192 249 1280 277 verbis
1302 250 1384 277 Deum
1409 251 1562 285 alloquitur.
1573 252 1663 285 judiea

909 297 970 323 mihi
985 297 1062 327 Deus,
1084 304 1136 323 non
1160 302 1233 328 vero,
1247 295 1337 329 judica
1358 303 1416 322 me:
1429 303 1500 327 nam,
1520 297 1663 324 secundum

910 341 1105 377 Symmachum,
1129 341 1220 375 judica
1244 340 1315 370 mihi,
1331 340 1438 367 dicitur.
1461 340 1499 367 Tu
1520 341 1576 375 ipse
1599 343 1664 369 mihi

905 385 986 419 judex
1000 390 1067 418 esto,
1086 389 1112 412 et
1135 384 1205 411 hanc
1218 391 1324 411 causam
1336 391 1420 410 meam
1435 384 1563 417 iudicato,
1579 389 1608 411 ut
1625 386 1666 411 ul-

908 431 1005 458 tionem
1024 434 1128 461 nactus,
1145 428 1299 457 recte't‘acta
1313 436 1371 455 mea
1388 429 1469 456 totius
1482 430 1661 458 multitudinis

908 474 985 501 saluti
1001 474 1146 501 conferam.

940 600 1020 628 Vens.
1035 600 1092 627 5-6.
1114 600 1208 627 Emitte
1221 600 1301 627 lucem
1315 605 1385 626 tuam
1400 605 1424 627 et
1438 602 1566 628 veritatem
1581 606 1661 633 tuam,

906 645 962 678 ipsa
980 653 1018 671 me
1032 644 1190 671 deduxerunt
1213 649 1237 671 et
1257 644 1418 671 adduxerunt
1432 646 1458 671 in
1478 650 1587 672 montem
1601 653 1665 671 san-

906 693 974 714 ctum
991 692 1061 713 tuum
1080 692 1104 713 et
1127 688 1154 712 in
1173 687 1338 713 tabernacula
1365 692 1417 713 tua.
1436 687 1490 714 Hoc
1506 688 1567 714 item
1585 688 1663 714 modo

907 732 1048 766 intelligas,
1069 732 1127 758 luce
1151 739 1182 758 ac
1203 732 1315 758 veritate
1330 736 1375 758 tua
1389 732 1513 763 donatus,
1529 736 1601 759 recte
1614 732 1663 758 du-

908 784 963 806 car,
986 776 1045 802 luce
1063 775 1167 810 qurdem
1194 776 1351 808 illustratus,
1376 778 1486 804 veritate
1509 780 1596 803 autem
1619 780 1663 802 tua

905 819 982 853 quasi
993 827 1072 846 manu
1091 821 1186 847 ductus
1203 820 1230 846 in
1248 825 1363 848 montem
1379 826 1502 848 sanctum
1517 826 1592 848 tuum
1608 829 1664 849 cte-

906 865 1009 897 lestem,
1032 869 1058 892 et
1085 865 1111 891 in
1136 866 1306 893 tabernacula
1331 871 1377 893 tua
1398 867 1496 894 ibidem
1513 868 1610 902 posita,
1631 868 1665 895 de

871 914 892 940 Β
906 910 1002 943 quibus
1025 910 1052 936 in
1071 910 1229 944 praecedenti
1251 912 1353 945 psalmo
1378 912 1520 939 dicebam:
1537 912 1664 945 Quoniam

906 956 1019 981 transibo
1036 956 1062 981 in
1076 957 1159 982 locum
1175 956 1333 983 tabernaculi
1346 957 1518 988 admirabilis,
1535 965 1614 991 usque
1630 958 1664 984 ad

905 999 1008 1025 domum
1030 1000 1087 1027 Dei.
1109 1000 1141 1026 In
1172 1009 1228 1027 voce
1248 1001 1427 1028 exsultationis
1453 1006 1477 1028 et
1499 1003 1664 1035 confessionis

905 1045 961 1071 soni
982 1045 1074 1078 festum
1098 1046 1193 1079 agentis
1203 1046 1242 1078 "‘;
1263 1046 1339 1079 quasi
1354 1047 1403 1072 tibi
1419 1046 1472 1072 Deo
1497 1054 1573 1073 sacra
1595 1049 1663 1074 celc-

905 1087 996 1119 brans,
1012 1088 1045 1114 ad
1068 1089 1161 1114 intima
1176 1092 1203 1115 et
1226 1097 1310 1122 usque
1329 1089 1362 1116 ad
1383 1089 1466 1116 altare
1482 1090 1535 1122 ibo,
1551 1095 1577 1117 et
1591 1092 1623 1116 ad
1639 1095 1663 1117 te

906 1126 988 1157 Deum
1005 1132 1107 1158 veniam
1128 1133 1172 1166 qui
1198 1133 1315 1160 laetiﬁcas
1327 1134 1491 1168 juventutcm
1511 1143 1596 1162 meam
1614 1137 1663 1170 spi-

904 1175 1037 1202 ritualem.
1055 1175 1200 1209 Conﬁtebor
1211 1176 1255 1202 tibi
1278 1177 1304 1203 in
1319 1178 1418 1203 cithara
1431 1178 1510 1205 Deus.
1528 1179 1662 1206 Citharani

905 1226 1001 1253 corpus
1015 1219 1089 1251 dicit,
1109 1224 1161 1254 qu'o
1177 1221 1277 1254 pulsari
1289 1228 1364 1248 mens
1385 1222 1462 1253 solet,
1480 1226 1559 1256 atque
1580 1223 1663 1250 sensi-

905 1263 955 1289 bus
974 1263 1050 1297 quasi
1076 1263 1184 1290 chordis
1213 1269 1401 1298 congruentem
1425 1265 1478 1293 Deo
1506 1269 1663 1293 concentum

905 1307 1035 1334 emittere.
1067 1306 1114 1334 His
1144 1311 1235 1341 aperte
1267 1313 1342 1342 rogat
1367 1308 1464 1335 chorus
1495 1310 1664 1344 propheticus

905 1352 987 1378 omitti
1004 1352 1088 1379 lucem
1103 1351 1150 1379 Dei
1165 1356 1191 1379 et
1203 1353 1340 1380 veritalem
1355 1354 1424 1388 ejus,
1442 1362 1475 1380 eo
1489 1354 1559 1389 quod
1581 1355 1663 1381 nulla-

905 1400 982 1423 tenus
1006 1400 1069 1424 tunc
1090 1397 1190 1424 luceret
1212 1398 1239 1424 in
1260 1402 1340 1430 terra,
1363 1403 1389 1425 et
1404 1400 1502 1426 veritas
1525 1407 1664 1434 nusquam,

905 1449 957 1476 quo
969 1445 1086 1476 tempore
1100 1442 1155 1469 haec
1170 1443 1331 1477 proferebat,
1348 1451 1407 1470 cum
1428 1443 1579 1471 hominibus
1592 1445 1663 1471 exsi-

906 1490 995 1513 stcrct.
1009 1485 1066 1512 Lux
1079 1490 1166 1513 autem
1181 1487 1272 1517 missa,
1287 1487 1338 1513 alia
1354 1495 1417 1514 sane
1431 1487 1508 1513 fuerit
1523 1488 1555 1514 ab
1566 1495 1596 1514 ea
1607 1495 1664 1522 quae

905 1524 995 1562 mittit,
1016 1531 1048 1558 de
1062 1539 1112 1565 qua
1127 1532 1224 1558 dicitur
1237 1553 1244 1558 .
1258 1532 1323 1558 Erat
1338 1533 1383 1558 lux
1401 1541 1456 1567 qua:
1471 1533 1600 1559 illuminat
1610 1542 1663 1560 om-

93 1572 209 1620 ἀληθείας
238 1572 420 1622 ὑπαρχούσης
453 1594 509 1616 πως
539 1572 584 1611 ab;
614 1572 760 1620 ἀηόρώτξοιξ
774 1605 781 1616 ’
811 1572 852 1611 ea

904 1585 960 1603 nem
975 1576 1100 1603 hominem
1113 1577 1251 1602 venientem
1266 1577 1293 1603 in
1314 1576 1436 1602 mundum
1446 1578 1477 1603 ⁶¹.
1498 1577 1529 1604 Ει
1544 1577 1663 1605 Salvator

93 1631 182 1663 ταύτας
206 1632 282 1666 ἠφίει
305 1631 356 1661 τὰς
383 1630 482 1663 φωνάς.
500 1628 557 1659 Φῶς
582 1628 609 1654 δὲ
633 1628 853 1663 ἀποστελλόμενον

95 1674 176 1709 ἓτερον
196 1677 228 1702 ἂν
243 1676 286 1710 εῐη
309 1675 355 1701 τοῦ
372 1673 590 1705 ἀποστέλλοντος,
612 1673 673 1707 περὶ
692 1669 721 1699 οὗ
739 1673 852 1708 εἴρηται·

98 1716 143 1745 Ἦν
156 1722 186 1748 τὸ
208 1720 270 1755 φῶς
288 1720 323 1746 τὸ
343 1718 467 1753 φωτίζον
490 1717 585 1744 πάντα
604 1717 753 1751 ἄνθρωπον
771 1717 853 1751 ἐρχό-

97 1772 178 1796 μενον
188 1768 229 1799 εὶς
246 1766 299 1792 τὸν
309 1766 434 1798 κόσμον.
447 1763 569 1789 Διδάσκει
580 1763 607 1788 δὲ
622 1763 666 1788 καὶ
687 1762 764 1793 αὐτὸς
776 1763 789 1788 ὁ
801 1763 856 1788 Σω-

96 1808 142 1844 τὴρ
160 1810 375 1846 αὑτοπροσώπως
394 1809 492 1842 λέγων’
514 1806 584 1841 Ἐγώ
605 1809 660 1841 ειμι
683 1807 715 1832 τὸ
728 1806 788 1840 φῶς
807 1807 855 1833 καί

98 1855 115 1885 τί
131 1857 245 1890 ἀλήθεια
267 1857 317 1883 καί
339 1856 359 1889 ἢ
379 1854 444 1888 ζωή.
468 1854 529 1880 Ἵνα
554 1853 582 1878 τί
606 1852 765 1885 περίλυπος
781 1850 816 1882 εἶ,
835 1852 854 1884 ἠ

99 1900 174 1935 Ψυχή
181 1911 247 1936 μου,
263 1901 313 1928 καὶ
323 1901 374 1927 ἵνα
387 1901 414 1926 τί
423 1897 641 1931 συνταράσσεις
648 1904 702 1930 ys;
716 1897 856 1922 Ἔλπισον

98 1944 142 1971 ἐπὶ
156 1949 203 1974 τὸν
225 1947 310 1980 Θεὸν,
326 1946 371 1972 ὅτι
386 1943 637 1978 ἐξομολογνήσομαι
654 1941 739 1974 αὐτῷ,
762 1940 854 1974 σωτή-

96 1997 158 2021 PM
173 1993 222 2020 τοῦ
235 1991 397 2026 προσώπου
407 1997 465 2023 μου
482 1989 529 2014 καί
545 1989 560 2014 ό
577 1987 647 2019 Θεός
658 1995 724 2020 μου.
748 1985 800 2020 Σύμ
807 1994 855 2019 μα-

101 2042 141 2068 κος
152 2038 192 2065 δέ·
208 2039 236 2066 Tl
250 2035 430 2070 ωταρῤἐεις,
445 2032 528 2068 ψυχή
541 2041 610 2067 μου,
628 2032 674 2058 καί
687 2032 714 2057 τι
729 2030 856 2064 θορυϐεἷς

100 2078 141 2105 έκ¹
154 2084 217 2118 cui;
231 2083 403 2117 Ἀνὰμεινον
416 2080 469 2107 τὸν
482 2080 568 2106 Θεόν·
583 2078 673 2105 εἰσαεὶ
689 2077 742 2111 τὰρ
757 2076 856 2109 ἐξομο-

100 2125 251 2164 -ἶοῐδήσομαι
267 2128 357 2160 αὐτῷ,
372 2126 409 2159 τῇ
419 2125 548 2158 σωτηρίᾳ
563 2123 614 2150 τοῦ
628 2122 782 2156 προσώπου
798 2130 855 2155 μου

99 2171 142 2196 καὶ
163 2174 198 2206 τῷ
210 2174 268 2205 Θεῷ
284 2181 357 2207 μου.
375 2170 540 2204 Ἀνάμεινον,
554 2167 642 2202 φησὶν,
662 2166 703 2192 ἵνα
724 2165 769 2192 καὶ
789 2164 855 2198 αὐτὴ

97 2211 203 2255 δυνηθῇς
231 2227 294 2246 ποτε
319 2217 418 2243 εἰπεῖν·
450 2212 609 2247 ’Υπομέννων
639 2211 776 2245 ὑπέμεινα
804 2209 855 2235 τὸν

99 2254 210 2297 Κύριον,
223 2264 272 2291 καὶ
294 2260 447 2295 προσέσχε
459 2266 519 2292 μοι.
537 2255 614 2282 Ἀλλὰ
626 2255 671 2281 καὶ
687 2254 790 2280 ἐλπισον
809 2254 854 2279 ἐπὶ

96 2300 144 2329 τδν
163 2309 233 2334 Θεόν·
257 2309 277 2341 ἡ
295 2307 350 2340 γὰρ
370 2303 455 2335 ἐλπίς
475 2302 509 2328 οὐ
529 2300 725 2333 καταισχύνει.
747 2298 778 2325 Τί
801 2297 854 2333 γὰρ

96 2343 132 2371 ἂν
153 2352 198 2387 χρὴ
207 2350 402 2388 ταράττεσθαις
418 2347 443 2373 τί
459 2346 486 2372 δὲ
502 2345 644 2381 περίλυπον
665 2344 794 2377 γίνεσθαι,
812 2351 855 2388 τον

96 2393 194 2423 αὩὺτων
215 2393 444 2432 προσδοκωμένων
464 2389 584 2423 ἀγαοῶν;
606 2390 665 2415 Ἔτι
685 2388 736 2423 γὰρ
751 2387 855 2422 μικρὸν

94 2433 171 2468 δοον
179 2444 193 2468 ἀ
201 2443 356 2476 ἐρχόμενος
371 2436 446 2471 ἥξει,
459 2434 507 2461 καὶ
518 2435 553 2461 οὐ
561 2432 678 2467 χρονιεῖ.
698 2434 741 2459 καὶ
759 2432 788 2458 τὸ
799 2432 854 2465 φῶς

92 2477 300 2520 ἀποσταλήσεται
312 2505 319 2516 ,
346 2482 402 2509 ικαὶ
416 2481 433 2515 ἡ
449 2479 558 2514 ἀλήθεια
571 2477 790 2512 παραγενήσεται,
810 2476 855 2502 καὶ

92 2523 128 2550 τὶ
147 2528 356 2565 προφητευθέντα
373 2525 463 2555 τέλους
476 2522 611 2554 τεύξεται·
633 2521 678 2565 καὶ
698 2521 770 2551 τέλος
790 2529 856 2547 παν-

91 2565 143 2607 Ϊδς
161 2574 231 2607 λόγου
243 2573 273 2599 τὸ
292 2570 423 2606 σωτήριόν
446 2569 503 2594 ἐστι
520 2566 566 2592 τοῦ
582 2564 733 2600 προσώπου,
750 2565 828 2595 αὐτὸς
842 2566 856 2591 ὁ

91 2604 165 2650 θεάς
179 2604 232 2650 μου.
259 2604 384 2641 Ἐπειδὰν
405 2612 458 2646 γὰρ
472 2607 638 2640 ηταξιωοῶ,
661 2608 796 2641 παραστὰς
819 2608 856 2643 τῷ

93 2648 169 2692 θεῷ,
180 2648 317 2695 πρόσωπον
335 2657 402 2693 πρὸς
416 2655 557 2692 πρόσωπον
570 2650 730 2677 ἐποπτεῦσαι
752 2651 780 2677 τὸ
805 2660 855 2678 σω-

94 2700 201 2737 τήρων,
216 2706 275 2740 περὶ
290 2700 412 2733 οὒ¹πολὺς
431 2703 445 2727 ό
460 2701 537 2733 λόγος
549 2696 593 2723 διὰ
612 2695 703 2740 πασῶν
717 2695 769 2740 τῷν
788 2696 855 2731 Γρα-

98 2744 175 2777 ῗίῶν·
196 2739 255 2776 τοτε
274 2749 304 2783 δὴ
328 2748 400 2783 αὑτῷ
428 2742 655 2780 ἐξομολογήσομαι
682 2739 718 2770 ὡς
743 2739 776 2765 ἂν
798 2740 855 2776 θεῷ

107 2832 137 2849 n
154 2807 190 2849 ﬂ".
207 2808 358 2849 Psai.__xt.l,
388 2807 413 2834 5.

123 2835 138 2853 λ
154 2839 216 2869 llebr.
232 2849 259 2872 ι,
270 2842 311 2868 57.

466 2806 487 2821 ¹¹
507 2804 584 2831 Joan.
611 2808 638 2832 ι,
667 2800 693 2826 9.

746 2800 768 2816 "
786 2799 861 2828 Joan.

904 1621 959 1655 ipse
975 1629 1007 1648 ex
1021 1628 1134 1655 persona
1155 1628 1202 1647 sua
1218 1620 1294 1647 docct
1308 1621 1349 1648 his
1362 1622 1450 1648 verbis
1464 1631 1470 1648 z
1483 1621 1536 1656 Ego
1554 1631 1609 1648 sum
1621 1623 1661 1648 Iud

902 1672 925 1692 et
939 1666 1030 1692 veritas
1041 1670 1065 1692 et
1081 1666 1132 1691 vita
1140 1666 1172 1693 ¹⁵¹,
1188 1665 1273 1696 Quare
1288 1666 1369 1691 tristis
1390 1674 1427 1696 es,
1453 1667 1540 1692 anima
1559 1675 1624 1699 mea,
1640 1672 1662 1693 ei

902 1719 980 1746 quare
993 1710 1130 1736 conturbas
1146 1712 1204 1738 me?
1219 1710 1299 1745 Spera
1318 1712 1344 1738 in
1359 1712 1412 1739 Deo
1425 1713 1545 1747 quoniam
1558 1713 1662 1746 conﬁte-

903 1758 947 1784 bor
962 1756 1013 1788 illi,
1026 1757 1139 1783 salutare
1155 1757 1238 1783 uultus
1257 1757 1306 1783 mei
1316 1762 1340 1784 et
1361 1757 1429 1784 Deus
1449 1765 1528 1784 meus.
1546 1756 1662 1792 Symma-

903 1801 970 1829 chus
990 1809 1064 1833 vero,
1079 1802 1166 1834 Quare
1181 1802 1270 1836 efﬂuis,
1285 1802 1372 1828 anima
1391 1810 1457 1833 mea,
1473 1806 1497 1828 et
1511 1810 1588 1836 quare
1602 1810 1662 1828 cou-

904 1847 991 1873 turbas
1004 1848 1063 1874 me?
1079 1847 1206 1881 Exspecta
1221 1846 1312 1877 Deum,
1334 1854 1431 1880 semper
1446 1847 1513 1873 enim
1527 1847 1663 1881 conﬁtebor

902 1892 935 1923 ei,
951 1891 1030 1917 saluti
1051 1891 1135 1917 vultus
1151 1891 1199 1917 mei
1213 1896 1238 1916 et
1252 1890 1304 1917 Dea
1326 1898 1390 1916 meo.
1415 1890 1551 1924 Exspecta,
1568 1891 1663 1925 inquit,

904 1941 932 1963 ut
962 1940 988 1964 et
1013 1938 1071 1971 ipsa
1098 1936 1240 1970 aliquando
1261 1936 1350 1963 dicere
1364 1936 1479 1962 valeas:
1507 1935 1664 1970 Exspectata

903 1983 1047 2016 exspectavi
1062 1982 1211 2012 Dominum,
1226 1986 1250 2007 et
1273 1980 1381 2007 intendit
1402 1980 1465 2006 mihi
1476 1980 1507 2006 ⁸³.
1524 1980 1575 2007 Sed
1588 1988 1663 2015 spera

904 2027 932 2055 in
945 2027 1009 2060 Deo,
1025 2034 1086 2053 nam
1105 2033 1160 2060 spes
1179 2034 1229 2052 non
1245 2025 1378 2059 confundit
1390 2025 1422 2052 ".
1436 2024 1504 2057 Quid
1524 2025 1663 2052 conturba-

903 2072 975 2098 tione
986 2071 1071 2106 opus?
1083 2079 1141 2106 quae
1155 2071 1268 2097 tristitia:
1283 2077 1374 2102 causa,
1389 2077 1448 2096 cum
1462 2072 1500 2095 tot
1513 2072 1655 2103 exspecten

904 2120 948 2143 tur
963 2116 1053 2143 bona?
1076 2114 1142 2141 Nam
1164 2115 1247 2141 adhuc
1270 2114 1398 2141 modicum
1424 2113 1623 2147 aliquantulum,
1640 2118 1663 2140 et

904 2160 948 2194 qui
970 2164 1088 2185 venturus
1114 2162 1151 2184 est
1166 2158 1255 2188 veniet,
1279 2162 1303 2183 et
1327 2165 1377 2183 non
1394 2155 1507 2182 tardabit
1522 2157 1555 2188 ",
1578 2160 1604 2183 et
1619 2156 1662 2183 lux

906 2204 1033 2235 mittetur,
1051 2204 1152 2230 veritas
1163 2203 1293 2233 adveniet,
1307 2206 1332 2228 et
1344 2209 1402 2235 qua:
1414 2201 1588 2235 praenuntiata
1602 2205 1663 2229 sunt

899 2247 983 2274 'ﬁnem
1004 2247 1149 2274 habebunt.
1167 2246 1240 2272 Finis
1263 2251 1342 2280 porro
1361 2245 1449 2271 omnis
1472 2244 1602 2272 sermonis
1623 2249 1663 2272 est

904 2292 1019 2319 salutare
1032 2292 1132 2323 vultus,
1147 2291 1203 2325 ipse
1218 2290 1287 2317 Deus
1301 2296 1386 2316 meus.
1397 2288 1464 2315 Cum
1478 2289 1548 2315 enim
1568 2289 1664 2324 dignus

904 2337 1011 2364 habitus
1023 2344 1070 2364 ero
1081 2336 1127 2371 qui
1147 2343 1236 2362 coram
1258 2334 1311 2360 Deo
1327 2333 1395 2360 facie
1415 2334 1447 2360 ad
1463 2333 1557 2360 faciem
1577 2334 1663 2360 consi-

904 2388 984 2414 stam,
1000 2390 1031 2409 ae
1040 2382 1142 2409 videam
1158 2381 1273 2408 salutare
1296 2379 1372 2411 illud,
1402 2378 1435 2405 de
1456 2386 1508 2413 quo
1533 2379 1616 2405 multa
1637 2379 1663 2405 in

904 2428 1027 2455 omnibus
1042 2426 1187 2461 Scripturis
1200 2423 1435 2454 circumferuntur,
1451 2427 1515 2450 tunc
1533 2423 1583 2457 ipsi
1600 2430 1664 2450 con-

904 2473 998 2500 ﬁtebor
1021 2476 1051 2498 ut
1068 2471 1121 2498 Deo
1137 2477 1197 2497 meo
1223 2472 1249 2495 et
1273 2468 1381 2495 salutari
1398 2475 1466 2494 meo.
1489 2467 1601 2494 Pulchre
1618 2475 1664 2493 au-

903 2522 957 2545 tem
979 2516 1085 2545 veritati
1099 2516 1188 2542 lumen
1209 2513 1330 2547 adjunxit
1346 2519 1424 2539 :nam
1447 2512 1518 2546 quod
1532 2512 1577 2538 lux
1601 2519 1663 2538 sen-

905 2570 963 2590 sum
977 2569 1085 2589 rnovens
1104 2552 1192 2587 oculis'
1211 2557 1347 2592 corporeis
1366 2561 1415 2588 est,
1435 2557 1549 2591 idipsum
1565 2556 1663 2582 veritas

904 2612 945 2635 est
960 2607 1054 2633 animae
1073 2605 1168 2635 oculis,
1188 2607 1311 2629 naturam
1329 2609 1417 2629 rerum
1440 2601 1661 2636 inspectantibus,

905 2659 991 2686 neque
1005 2651 1075 2677 ultra
1088 2647 1214 2682 deceptis,
1236 2646 1282 2673 sed
1301 2654 1349 2680 pcr
1365 2653 1452 2672 rerum
1468 2645 1662 2680 perceptionem

905 2696 1059 2726 illustratis,
1085 2697 1111 2720 et
1135 2690 1253 2718 veritatis
1287 2690 1408 2716 notitiam
1445 2689 1662 2724 percipientibua.

905 2740 992 2776 Ipsum
1010 2740 1097 2773 itaque
1111 2736 1218 2763 verbum
1230 2735 1298 2761 lucis
1310 2734 1456 2769 spiritualis
1469 2734 1533 2766 vim,
1548 2741 1600 2768 qua
1618 2740 1662 2760 ve-

993 2800 1019 2827 6.
1070 2799 1091 2814 "
1116 2795 1185 2823 Psal.
1214 2801 1314 2826 xxxix,
1343 2794 1369 2822 1.
1423 2794 1445 2809 ⁵³
1464 2792 1542 2820 Rom.
1569 2800 1606 2824 v.
1634 2791 1662 2819 5.

894 2809 938 2828 XIV
949 2821 956 2830 v
