3812 6368
607 331 724 392 58⁸5
1380 332 1638 387 EUSEBII
1675 330 2132 386 CESARIENSIS
2168 329 2312 384 ()PP.
2341 328 2518 383 PARS
2553 326 2640 380 Ill.
2671 358 2739 367 —
2771 325 3164 380 EXEGETICA.
3597 332 3648 385 38

618 455 751 506 ritas
772 454 1092 517 declaratur,
1120 453 1498 518 interpretatus
1521 457 1620 502 est.
1651 447 1778 503 lure
1812 449 1988 518 itaque
2013 450 2123 504 Sal-

2163 459 2202 512 Α
2234 465 2331 518 μου
2360 447 2452 500 καλ⁵
2483 444 2687 514 Σωτῆρί
2721 461 2850 513 μου·
2886 443 3060 505 καλῶς
3105 443 3159 494 δὲ
3199 441 3384 510 συνῆψε
3411 441 3463 494 τὸ
3505 442 3596 510 φῶς
3629 464 3647 497 τ

615 547 768 593 vator
812 540 923 592 haec
949 537 1222 604 discipulis
1264 535 1378 589 suis
1416 534 1638 587 tradens
1680 534 1754 586 ita
1787 534 1986 596 docuit,
2023 533 2120 603 Ege

2235 537 2455 607 ἀληθείᾳ
2475 553 2486 566 ·
2549 537 2681 604 ὅπερ
2706 533 2812 602 γὰρ
2835 533 2946 601 φῶς
2975 531 3220 601 αἰσθητὸν
3254 531 3513 600 ὀφθαλμοῖς
3541 533 3647 602 σὼμς

614 645 729 681 sum
756 627 869 690 lux,
907 635 954 678 et
988 626 1174 677 veritas
1209 630 1258 676 et
1285 624 1390 676 vita
1410 623 1474 675 ".
1514 621 1810 690 Unicuique
1840 637 2000 691 porro
2031 637 2119 675 cre-

2234 647 2340 692 τος,
2371 629 2524 681 τοῦτο
2554 628 2768 698 ἀλήθεια
2791 629 2900 688 τοῖς
2928 627 3025 695 τῆς
3058 625 3228 694 ψυχῆς
3261 623 3519 693 ὀφθαλμοῖς
3546 629 3646 680 ὲνατ

615 723 846 768 terarum
888 714 1177 770 editionum
1210 712 1355 766 hunc
1413 720 1803 782 consequenter
1835 713 2038 780 aptabis
2072 712 2120 765 (i-

2235 719 2433 780 νίζουσι
2455 722 2517 788 τῇ
2550 718 2703 785 φύσει
2735 717 2840 770 τῶν
2880 716 3230 786 πραγμάτων,
3268 717 3353 766 καὶ
3385 719 3546 784 μηκέτι
3579 719 3647 770 dm

615 822 756 870 nem,
796 807 905 860 sive
933 822 1116 860 eorum
1150 806 1239 874 qui
1262 806 1316 859 in
1345 805 1615 873 Babylone
1644 805 1716 856 ita
1757 804 2120 872 loquebantur,

2234 809 2509 877 τωμένοις.
2554 809 2618 860 δι’
2647 808 2814 876 αὐτῆς
2857 807 2913 858 δὲ
2939 807 3036 874 τῆς
3074 803 3178 856 τῶν
3215 803 3373 855 ὄντων
3405 805 3647 876 καταλήψει

615 898 726 950 sive
755 898 983 964 gentium
1007 912 1124 965 quae
1157 896 1389 949 nondum
1419 896 1727 949 credebant.

2236 897 2629 966 φωτιζομένοις,
2664 896 2755 949 κα)⁸
2793 895 2991 964 γνῶσιν
3024 895 3119 964 τῆς
3165 893 3402 963 ἀληθείας
3439 895 3647 964 ἀναλαμϐι

611 1004 806 1040 νουσιν.
840 989 1168 1058 Ἠρμήνευσε
1189 988 1362 1039 τοίνυν
1394 987 1550 1048 αὐτὸς
1577 989 1605 1039 ὁ
1633 986 1783 1053 λόγος
1805 985 1895 1037 τοῦ
1945 985 2129 1055 νοητοῦ
2168 988 2338 1054 φωτὸς
2397 989 2491 1058 τὴν
2518 989 2808 1058 ἐνέργειαν,
2866 986 3121 1058 ἀληθείας
3154 980 3306 1037 οὖσαν
3339 992 3648 1059 παραστατική

612 1080 840 1142 Εἰκότως
875 1077 965 1132 οὖν
994 1083 1020 1133 ὁ
1051 1081 1234 1149 Σωτὴρ
1269 1079 1436 1132 ταῦτα
1478 1080 1795 1149 παραδιδοὺς
1854 1081 1963 1140 τοῖς
2005 1078 2162 1131 αὑτοῦ
2205 1080 2461 1150 μαθηταῖς
2520 1082 2759 1133 ἐδίδασκε
2782 1080 2986 1146 λέγων·
3030 1077 3165 1146 Ἐγώ
3191 1079 3300 1144 εἶμι
3337 1076 3397 1128 τὸ
3423 1077 3529 1144 φῶς
3563 1081 3639 1132 καὶ

610 1167 852 1233 ἀλήθεια
903 1168 1000 1221 καὶ
1045 1170 1084 1234 ἡ
1119 1167 1247 1234 ζωή.
1310 1169 1418 1220 Καὶ
1463 1170 1661 1238 ἑκάστῃ
1703 1168 1758 1219 δὲ
1793 1166 1898 1219 τῶν
1931 1167 2122 1219 λοιπῶν
2184 1169 2438 1223 ἐκδόσεων
2465 1171 2717 1240 ἀρμόσεις
2767 1167 3069 1230 ἀκολούθως
3098 1167 3156 1218 τὸ
3188 1165 3348 1228 τέλος,
3387 1167 3480 1218 εἴτε
3526 1171 3611 1230 τοῖς
3645 1194 3648 1217 ι

612 1261 880 1314 Βαϐυλῶνι
921 1261 1088 1314 ταῦτα
1131 1260 1402 1327 λέγουσιν,
1443 1261 1548 1313 εἴτε
1575 1265 1684 1324 τοῖς
1713 1261 1770 1324 ἐξ
1806 1261 1968 1312 ἐθνῶν
2007 1263 2166 1332 μήπω
2198 1267 2616 1318 πεπιστευκόσιν.

681 1373 734 1428 ι.
787 1370 850 1423 IN
902 1371 1357 1442 F1NEM,Fu_.I_Is
1395 1370 1572 1442 cons
1624 1372 1712 1424 AD
1757 1371 2067 1425 INTELLE-

2237 1378 2342 1429 ΕΙΣ
2391 1380 2476 1437 ΤΟ
2513 1377 2912 1442 ΤΕΛΟΣ,ΤΟΙΣ
2959 1375 3138 1428 ΥΙΟΙΣ
3184 1373 3356 1427 ΚΟΡΕ
3401 1373 3496 1424 ΕῐΣ
3536 1374 3647 1425 ΣΥΝ]

1176 1437 1362 1494 CTUM
1400 1440 1578 1493 XLIII.

2712 1437 2743 1479 -'
2811 1446 2922 1497 211v
2963 1445 3036 1515 (ι)
3076 1444 3201 1496 Ml".

679 1527 942 1597 Propositi
998 1545 1272 1584 sermones
1323 1545 1496 1598 neque
1549 1530 1812 1598 psalmum
1870 1528 1922 1581 in
1979 1529 2135 1582 titulo

2317 1536 2450 1588 Ἀλλ’
2475 1536 2591 1588 οὑδέ
2623 1537 2671 1588 οἱ
2709 1535 3053 1605 προκείμενοι
3094 1534 3236 1600 λόγοι
3269 1532 3465 1600 ψαλμὸν
3489 1531 3602 1583 κατὰ
3625 1548 3645 1582 τ

610 1618 928 1688 praeferunt,
962 1635 1132 1688 neque
1167 1619 1462 1683 canticum,
1512 1635 1682 1688 neque
1721 1620 1971 1689 hymnum
1993 1659 2007 1681 ,
2044 1636 2115 1673 ne

2239 1626 2551 1696 προγραφὴν
2574 1627 2933 1696 περιέχουσιν,
2965 1625 3084 1676 οὐδὲ
3107 1623 3260 1693 ᾠδὴν,
3292 1623 3402 1675 οὐδὲ
3431 1621 3590 1691 ὕμνον,
3613 1625 3647 1672 οἱ

613 1722 716 1775 que
763 1707 888 1774 quid
938 1708 1140 1773 simile,
1185 1709 1311 1777 quia
1361 1709 1622 1763 sententia
1666 1709 1948 1762 verborum
2001 1708 2111 1760 nihi

2128 1711 2134 1760 ί
2237 1733 2287 1766 τι
2319 1715 2424 1766 τῶν
2459 1716 2707 1768 τοιούτων
2727 1733 2740 1746 ·
2775 1715 2896 1766 ἐπεὶ
2932 1714 3066 1783 μηδὲ
3100 1713 3167 1766 τὰ
3187 1713 3280 1781 τῆς
3305 1712 3517 1774 διανοίας
3552 1711 3633 1764 τῶν

611 1812 794 1850 eorum
838 1798 1089 1866 respicit,
1135 1798 1228 1853 sed
1271 1799 1685 1868 supplicationes
1712 1809 1838 1852 sunt
1865 1798 2116 1867 prioribus

2166 1797 2205 1849 Β
2234 1804 2407 1864 αὐτοῖς
2449 1802 2749 1872 φερομένων
2790 1801 3047 1871 τοιαύτης
3090 1802 3266 1871 ἔχεται
3303 1801 3537 1870 θεωρίας·
3562 1801 3647 1851 ίκετ

614 1886 849 1949 similes,
881 1900 942 1940 ac
969 1887 1208 1956 ejusdem
1239 1889 1538 1958 argumenti
1563 1907 1576 1954 ;
1609 1889 1859 1942 nimirum
1889 1888 1953 1942 de
1980 1887 2119 1940 ruins

2236 1893 2344 1962 ρίαι
2379 1893 2435 1945 δέ
2467 1895 2598 1945 εἰσιν
2642 1894 2820 1963 ὅμοιαι
2865 1896 2986 1955 ταῖς
3029 1892 3360 1963 ἔμπροσθεν,
3388 1893 3474 1943 καὶ
3508 1892 3647 1961 περὶτ

611 1975 817 2030 Judaici
851 1976 1079 2045 'populi,
1113 1994 1177 2032 ex
1227 1980 1605 2048 prophetarum
1651 1992 1882 2047 persona
1933 1993 1962 2030 a
2012 1977 2116 2030 lilii:

2235 1982 2398 2050 αὐτῆς
2449 1981 2775 2044 ὑποθέσεως·
2819 1982 2964 2049 λέγω
3019 1981 3075 2034 δέ
3108 1982 3232 2050 περὶ
3273 1980 3368 2048 τῆς
3407 1979 3643 2033 ἀποπτώσε

611 2065 748 2120 Core
791 2068 1030 2135 prolatae.
1075 2068 1136 2121 ln
1180 2069 1428 2137 praesenti
1468 2083 1626 2136 porro
1659 2068 1893 2136 apertius
1923 2073 2116 2121 senten-

2233 2069 2324 2122 τοῦ
2363 2071 2621 2123 Ἰουδαίων
2658 2070 2842 2133 ἔθνους
2895 2073 2960 2124 ἐκ
3003 2069 3288 2142 προσώπου
3329 2069 3429 2122 τῶν
3477 2085 3646 2138 προφητ

611 2155 740 2209 tiam
787 2157 1087 2221 declarant,
1129 2173 1235 2227 qua
1279 2161 1333 2211 in
1372 2159 1740 2227 superioribus
1779 2173 1896 2213 sese
1925 2157 2116 2211 ﬂetibus

2234 2160 2749 2230 προσπεφωνημέναι
2790 2161 2878 2214 διὰ
2925 2161 3035 2212 τῶν
3067 2161 3196 2213 υἱῶν
3241 2159 3398 2229 Κορέ.
3448 2157 3647 2226 Διασαφοῐ

612 2244 888 2300 dederant.
922 2246 1214 2303 Erumnas
1243 2248 1422 2317 itaque
1465 2248 1661 2316 populo
1700 2248 1967 2302 immissas
2010 2264 2117 2300 nar‘

2234 2249 2278 2301 δ’
2325 2251 2412 2302 ἐπὶ
2469 2249 2561 2302 τοῦ
2612 2251 2877 2319 παρόντος
2925 2251 3240 2320 λευκότερον
3297 2250 3599 2316 ἐκφαίνοντες
3631 2264 3647 2296 τ

611 2344 756 2388 rant.
797 2333 973 2399 Quare
999 2351 1099 2388 nos
1125 2335 1191 2388 ad
1227 2337 1553 2390 intellectum
1593 2337 1862 2402 excitant,
1898 2345 2055 2408 atque
2084 2337 2116 2390 ἱι

2233 2340 2495 2405 διάνοιαν,
2539 2341 2602 2392 δι’
2647 2342 2712 2410 ἣν
2748 2342 2806 2392 ἐν
2842 2343 2956 2403 τοῖς
3008 2340 3306 2412 ἔμπροσθεν
3350 2339 3647 2392 ἁπεκλαύσαν·

614 2428 766 2481 titulo
808 2441 906 2479 nos
952 2425 1019 2478 ad
1061 2426 1216 2480 linem
1257 2425 1572 2491 remittunt,
1616 2426 1740 2494 quia
1781 2425 1894 2478 hmc
1934 2426 1986 2478 in
2034 2429 2119 2478 linit

2234 2429 2596 2499 Διεξέρχονται
2633 2429 2762 2496 γοῦν
2811 2430 2880 2482 τὰ
2929 2431 3309 2500 συμϐεϐηκότα
3344 2429 3475 2498 πάθη
3516 2426 3578 2495 τῷ
3604 2427 3647 2477 λα

613 2523 899 2577 eventura,
930 2515 1054 2569 licet
1079 2523 1137 2568 ut
1161 2515 1272 2583 jam
1305 2516 1518 2584 impleta
1549 2515 1640 2568 lilii
1669 2515 1804 2570 Core
1835 2516 2118 2584 prophetia

2238 2508 2393 2572 ’Ὅθεν
2423 2521 2770 2591 διεγείρουσιν
2795 2523 2942 2591 ἡμᾶς
2966 2524 3047 2584 εἰς
3077 2522 3305 2583 σύνεσιν,
3335 2520 3422 2572 καὶ
3445 2520 3512 2581 είς
3534 2518 3583 2569 τὸ
3597 2516 3647 2568 τέ]

612 2607 1050 2660 vaticinarentur.
1118 2605 1176 2658 In
1227 2607 1593 2675 superioribus
1646 2607 1824 2676 itaQue
1875 2607 2117 2676 Iacryma-

2235 2610 2606 2680 ἀναπέμπουσι
2639 2610 2725 2662 διὰ
2751 2610 2862 2678 τῆς
2883 2611 3225 2682 προγραφῆς,
3259 2608 3343 2661 διὰ
3369 2607 3424 2659 τὸ
3451 2605 3647 2676 μέλλεινί

612 2697 827 2761 bantur,
878 2698 1218 2766 doloremque
1269 2714 1425 2752 suum
1472 2697 1579 2752 Deo
1622 2699 2040 2766 renuntiabant;
2078 2699 2117 2751 ir

2235 2698 2373 2751 τέλει
2411 2698 2579 2752 ταῦτα
2609 2698 2949 2767 συμϐαίνειν,
2975 2703 3023 2753 εἰ
3051 2702 3144 2753 καὶ
3175 2700 3247 2764 ὡς
3276 2700 3370 2770 ἤδη
3405 2695 3647 2767 συμὸεϐηκί

615 2787 861 2856 praesenti
891 2803 1015 2842 vero
1041 2789 1183 2858 ipsas
1210 2789 1542 2842 calamitates
1568 2794 1842 2843 enarrant.

2237 2787 2373 2842 αὐτὰ
2399 2790 2446 2840 οί
2484 2788 2587 2839 υἱοὶ
2627 2787 2773 2858 Κορέ
2821 2789 3173 2860 προφητικῶς
3206 2788 3484 2850 ἐθέσπιζον.
3529 2784 3604 2835 Διὰ
3638 2799 3647 2849 ε

614 2877 704 2934 οῦν
734 2881 838 2933 τῶν
874 2882 1172 2952 ἔμπροσθεν
1211 2884 1640 2946 ἁπεκλαύσαντο,
1670 2883 1762 2936 καὶ
1816 2881 1911 2945 τὰς
1966 2881 2168 2936 ἑαυτῶν
2205 2883 2516 2953 ἐξήγγειλαν
2551 2881 2628 2951 τῷ
2658 2881 2779 2952 Θεῷ
2801 2882 2976 2946 λύπας
3015 2900 3029 2912 ·
3082 2886 3138 2937 ἐν
3167 2884 3223 2936 δὲ
3262 2885 3370 2946 τοῖς
3410 2875 3648 2952 προκειμέν

614 2973 707 3025 καὶ¹
732 2971 864 3025 αὐτὰ
891 2972 956 3024 τὰ
986 2972 1126 3044 πάθη
1155 2973 1475 3045 ἐξέρχονται.

685 3064 848 3120 Vens.
885 3066 999 3119 2-9.
1036 3065 1194 3130 Deus,
1227 3068 1439 3121 auribus
1468 3070 1658 3123 nostris
1688 3069 1998 3133 audivimus,
2033 3075 2137 3122 etc.
2165 3075 2190 3132 (

2165 3075 2209 3132 ε
2319 3061 2372 3113 '0
2395 3061 2554 3124 Θεὸς,
2585 3058 2705 3123 τοῖς
2725 3057 2885 3112 ὠσὶν
2906 3058 3076 3128 ἡμῶν
3102 3060 3450 3126 ἠκούσαμεν.
3484 3057 3602 3110 Ἀντὶ
3622 3073 3647 3106 τι

613 3157 718 3212 Pro
744 3159 863 3220 illo,
897 3157 1000 3223 Qui
1028 3158 1244 3211 mandas
1276 3159 1466 3211 salutes
1503 3158 1667 3211 Jacob
1693 3199 1708 3223 ,
1743 3157 2100 3229 Symmachus

2251 3153 2305 3205 '0
2335 3149 2755 3216 ἐντελλόμενος
2805 3149 2914 3214 τὰς
2953 3151 3248 3216 σωτηρίας
3282 3146 3480 3210 Ἰακὼϐ,
3507 3146 3647 3213 ὁΣύμι

617 3249 695 3303 Tu
735 3265 787 3302 es
824 3263 915 3301 rex
953 3264 1126 3314 meus,
1160 3246 1325 3313 Deus,
1360 3245 1551 3300 manda
1580 3247 1641 3300 de
1666 3246 1832 3300 salute
1857 3245 2041 3298 Iacob.
2075 3244 2122 3296 Ιι

2236 3257 2356 3311 χος·
2401 3237 2482 3291 Σὺ
2525 3233 2582 3290 εἷ
2620 3240 2652 3289 ό
2701 3237 3019 3302 ,βασιλεὺς
3065 3254 3208 3306 μου·
3266 3239 3297 3290 ό
3341 3235 3492 3300 Θεὸς,
3519 3234 3647 3286 Erret.

617 3351 665 3393 te
694 3339 926 3392 inimicos
966 3349 1166 3391 nos-tros
1207 3337 1560 3392 ventilabimus
1602 3353 1778 3389 cornu.
1827 3335 1929 3401 Qui
1963 3335 2018 3388 in
2047 3351 2122 3403 po-

2237 3331 2363 3398 περὶ
2393 3328 2501 3396 τῆς
2530 3327 2832 3392 σωτηρίας
2869 3327 3082 3381 Ἰακώϐ.
3121 3329 3220 3380 Ἔν
3242 3327 3338 3380 σοι
3371 3326 3500 3390 τοὺς
3528 3325 3647 3391 exop

612 3433 739 3501 pulo
767 3430 930 3499 probe
959 3446 1016 3484 se
1044 3439 1234 3498 gerunt
1253 3469 1267 3490 .
1298 3437 1349 3483 et
1376 3429 1467 3498 qui
1514 3427 1657 3496 apud
1693 3429 1864 3495 ipsum
1908 3427 2117 3495 prophe

2236 3418 2398 3487 ἡμῶν
2427 3417 2828 3484 κερατιοῦμεν.
2855 3418 2916 3470 Οἱ
2941 3418 3039 3488 μὲν
3061 3419 3118 3469 ἐν
3146 3417 3221 3487 τῷ
3245 3417 3354 3487 λαῷ
3381 3413 3647 3485 κατορθοῦντ

616 3530 709 3584 tae,
740 3522 852 3575 haec
880 3521 1144 3583 dixerint,
1186 3520 1499 3574 conﬁtentes
1533 3534 1639 3572 non
1670 3506 1886 3588 prOpria
1909 3519 2102 3571 virtute

2235 3508 2289 3560 οἵ
2327 3525 2385 3560 τε
2429 3508 2484 3558 ἐν
2519 3505 2663 3574 αὐτῷ
2715 3507 3016 3576 προφῆται,
3051 3506 3222 3558 ταῦτα
3252 3504 3316 3558 ἂν
3358 3504 3540 3556 εἴποιεν
3573 3503 3647 3569 ὁμο

614 3626 723 3664 non
753 3625 909 3670 arcu,
937 3624 1042 3661 non
1066 3609 1240 3678 gladio
1271 3610 1494 3662 salutem
1526 3609 1624 3662 sibi
1655 3609 1829 3676 parari
1857 3647 1872 3670 ,
1910 3607 2003 3661 sed
2032 3607 2119 3659 viri

2235 3599 2450 3667 γοῦντες
2480 3597 2550 3667 μὴ
2581 3597 2759 3667 οἰκείᾳ
2799 3598 3048 3667 δυνάμει,
3085 3599 3216 3668 μηδὲ
3255 3598 3386 3666 τόξῳ
3416 3595 3498 3648 καὶ
3533 3596 3646 3663 pop?

616 3703 728 3748 tute
773 3709 936 3748 cornu
965 3694 1066 3747 sui.
1119 3694 1332 3746 Cornua
1376 3709 1537 3762 porro
1586 3693 1823 3748 Danielis
1862 3694 2121 3764 Scriptur:

2236 3690 2439 3749 ἑαυτοῖς
2473 3685 2541 3738 τὰ
2564 3686 2835 3757 σωτηρίας
2876 3689 3295 3758 περιποιεῖσθαι,
3328 3690 3390 3757 τῇ
3414 3686 3464 3737 δὲ
3487 3683 3566 3735 τοῦ
3587 3681 3647 3747 κέγ

616 3797 779 3851 regna
823 3790 1013 3836 vocat:
1063 3790 1375 3836 sanctorum
1421 3797 1548 3836 vero
1592 3797 1759 3836 cornu
1787 3784 1988 3837 dicitur
2026 3785 2121 3852 ipSt

2235 3778 2406 3831 αὐτῶν
2429 3776 2665 3843 δυνάμει.
2706 3776 2934 3847 Κέρατα
2959 3778 3013 3830 δέ
3045 3779 3079 3848 ὴ
3115 3777 3208 3830 τοῦ
3243 3776 3429 3846 Δανιὴλ
3458 3772 3616 3844 Γραφὴ
3645 3788 3647 3800 .

618 3870 909 3937 Dominus;
941 3886 1107 3941 quare
1136 3872 1238 3924 ait:
1274 3870 1338 3924 In
1365 3879 1411 3924 te
1440 3873 1670 3925 inimicos
1697 3882 1898 3926 nostros
1925 3873 2123 3926 ventilat

2237 3866 2498 3937 βασιλείας
2535 3865 2822 3933 ὀνομάζει·
2870 3869 2981 3920 τῶν
3029 3870 3088 3922 δὲ
3127 3871 3293 3938 ἁγίων
3339 3869 3492 3938 κέρας
3532 3862 3647 3915 λέλεκ

617 3961 783 4014 bimus
816 3977 1010 4024 cornu;
1043 3962 1168 4016 alibi
1200 3976 1410 4031 quoque
1439 3960 1635 4016 dicitur
1658 3961 1952 4016 :Protector
1986 3979 2122 4015 meus

2235 3957 2389 4018 αὐτὸς
2415 3957 2441 4006 ὁ
2480 3955 2676 4024 Κύριος
2704 3973 2720 3986 ·
2755 3957 2836 4009 διό
2869 3975 3037 4028 φησι·
3082 3961 3184 4013 Ἐν
3220 3959 3317 4012 σοὶ
3362 3957 3493 4021 τοὺς
3528 3955 3647 4022 ἐχθρι

614 4063 663 4106 et
691 4068 847 4105 cornu
874 4052 1062 4105 salutis
1090 4069 1213 4106 mea:
1246 4053 1311 4106 ⁵⁷.
1356 4050 1520 4122 Igitur
1562 4051 1677 4121 ipse
1707 4067 1877 4106 cornu
1920 4059 2037 4106 est:
2075 4067 2119 4104 at

2234 4046 2396 4114 ἡμῶν
2416 4044 2818 4112 κερατιοῦμεν.
2855 4050 2967 4102 Καὶ
2993 4050 3050 4103 ἐν
3071 4044 3273 4114 ἑτέροις
3283 4049 3537 4103 λέλεκται·
3575 4044 3647 4094 Ὑει

615 4157 824 4210 quaeras
863 4142 1020 4195 velim
1063 4157 1170 4210 quo
1215 4150 1370 4212 pacto
1413 4143 1516 4196 alio
1560 4143 1615 4196 in
1648 4143 1766 4196 loco
1792 4143 1994 4196 dictum
2033 4141 2102 4194 sit

2124 4179 2136 4204 ,
2233 4135 2529 4201 ασπιστής
2597 4152 2723 4202 μου
2790 4138 2889 4191 καί
2965 4140 3144 4207 κέρας
3200 4141 3479 4208 σωτηρίας
3537 4151 3629 4204 μου

615 4231 881 4299 Confessio
913 4233 1022 4299 ejus
1058 4249 1207 4300 super
1247 4233 1427 4286 caelum
1465 4241 1514 4287 et
1553 4241 1741 4286 terram
1767 4267 1786 4295 ,
1812 4240 1859 4283 et
1887 4229 2120 4283 exaltabil

2233 4227 2417 4278 Τοίνυν
2467 4224 2624 4287 αὐτὸς
2681 4228 2893 4281 ἔστιτὸ
2936 4231 3136 4300 κέρας·
3169 4231 3319 4302 ζήτει
3363 4233 3499 4292 ὅπως
3532 4225 3647 4279 λέλεν

614 4337 776 4376 cornu
805 4321 976 4388 populi
1006 4322 1088 4374 sui
1118 4322 1184 4386 ⁸⁸,
1215 4325 1370 4392 quasi
1401 4324 1536 4376 alius
1566 4323 1635 4375 sit
1665 4320 1754 4390 qui
1781 4326 2119 4372 memoratun

2095 4335 2132 4372 πη
2233 4314 2485 4385 ἀλλαχοῦ·
2545 4315 2606 4368 Ἠ
2659 4315 3103 4388 ἐξομολόγησις
3158 4321 3339 4374 αὐτοῦ
3387 4319 3476 4372 ἐπὶ
3508 4315 3600 4386 γῆς

616 4427 783 4464 cornu
815 4413 990 4481 erigit.
1033 4413 1442 4477 Animadverte,
1472 4427 1672 4481 quaeso,
1715 4424 1842 4463 num
1874 4408 1966 4462 Dei
1996 4409 2121 4462 Ver-

2122 4411 2203 4465 -D
2231 4404 2509 4474 οὐρανοῦ,
2565 4406 2665 4458 καὶ
2717 4409 2955 4476 ὑψώσει
3007 4411 3188 4479 κέρας
3251 4411 3399 4464 λαοῦ
3446 4404 3627 4462 αὑτοῦ·

617 4497 773 4559 bum,
807 4497 922 4566 ipse
955 4498 1242 4566 Dominus,
1276 4516 1442 4554 cornu
1473 4500 1650 4569 populi
1693 4497 1980 4568 perspicue
2023 4499 2122 4561 sit,

2239 4496 2418 4566 ἑτέρου
2446 4495 2589 4557 ὃντοίιῖ
2613 4496 2710 4548 τοῦ
2736 4499 3000 4566 ὑψοῦντος
3028 4503 3089 4554 τὸ
3111 4499 3554 4572 προδεδηλωμένων
3578 4493 3647 4560 κέρ

618 4599 682 4637 ac
727 4585 814 4652 qui
856 4584 1011 4651 erigit
1057 4587 1218 4652 illud,
1260 4587 1418 4641 Pater
1458 4587 1548 4655 qui
1593 4585 1775 4656 genuit
1817 4599 1956 4638 eum.
2000 4582 2123 4648 Quit1

2240 4587 2377 4656 Ὅροι
2403 4580 2493 4636 οὖν
2515 4585 2561 4634 εἰ
2589 4584 2664 4654 μὴ
2693 4588 2884 4655 σαφῶς
2902 4593 2930 4642 ὁ
2959 4590 3094 4643 Θεοῦ
3117 4592 3303 4659 Λόγος,
3329 4590 3478 4650 αὐτὸς
3497 4590 3522 4639 ὁ
3548 4583 3642 4650 Κύρ

615 4675 756 4728 enim
783 4674 1068 4726 humiliavit
1093 4678 1413 4743 semetipsum
1441 4691 1596 4744 usque
1625 4672 1690 4726 ad
1721 4680 1965 4737 mortem,
1998 4688 2120 4724 mor-

2237 4674 2319 4744 εἴη
2349 4673 2412 4726 ἂν
2441 4673 2499 4724 τὸ
2525 4673 2694 4742 κέρας
2726 4677 2824 4729 τοῦ
2848 4678 3001 4744 λαοῦ,
3032 4681 3060 4731 ὁ
3091 4680 3147 4732 δὲ
3180 4679 3325 4748 ὑψῶν
3349 4675 3545 4730 αὺτὺνὸ
3574 4686 3647 4738 γεν

619 4773 715 4817 tem
753 4775 920 4817 autem
959 4766 1124 4818 crucis
1145 4806 1159 4831 ,
1193 4767 1305 4818 ideo
1335 4766 1470 4819 Deus
1502 4765 1746 4817 exultavit
1775 4763 1921 4815 illaut
1953 4763 2017 4826 δ’,
2051 4779 2124 4816 se-

2239 4781 2335 4826 σας
2360 4761 2516 4821 αὑτὸν
2531 4763 2742 4836 Πατήρ.
2785 4768 3005 4840 Ἐπειδὴ
3024 4770 3132 4841 γὰρ
3158 4769 3537 4824 ἐταπείνωσεν
3554 4763 3646 4814 ἑαυη

617 4855 848 4907 cundum
877 4856 1204 4924 Apostolum.
1235 4856 1293 4909 ln
1323 4857 1423 4910 hoc
1451 4856 1628 4924 itaque
1657 4867 1823 4906 cornu
1848 4859 1901 4906 et
1927 4852 1982 4904 in
2009 4867 2122 4920 rcgc

2229 4853 2400 4922 μέχρι
2429 4850 2708 4920 θανάτου,
2742 4857 3004 4911 θανάτου
3039 4858 3108 4910 δὲ
3145 4855 3422 4924 σταυροῦ,
3450 4852 3536 4906 διὰ
3553 4849 3647 4902 τοῦτ

619 4958 716 4996 suo
743 4944 993 5008 ﬁdentes,
1025 4947 1344 5001 confitentur
1375 4962 1432 5001 se
1461 4961 1568 4998 non
1599 4959 1725 4996 arcu
1747 4982 1761 5004 ,
1795 4956 1904 4995 non
1928 4942 2124 5011 gladio,

2239 4941 2375 5006 Θεὸς
2388 4938 2568 4992 αὐτὸν
2581 4941 2962 5012 ὑπερύψωσε,
2984 4951 3121 5002 κατὰ
3135 4951 3222 5002 τὸν
3248 4943 3558 4998 Ἀπόστολον.
3581 4936 3647 4988 Τοε

619 5046 723 5087 non
747 5036 959 5101 propria
984 5036 1180 5089 virtute
1201 5075 1214 5096 ,
1237 5036 1328 5090 sed
1356 5036 1496 5105 regis
1523 5035 1604 5089 sui
1634 5030 1869 5102 potentia
1894 5071 1908 5096 ,
1935 5030 2000 5084 de
2027 5030 2124 5083 ini-

2234 5025 2322 5082 οὖν
2357 5027 2431 5097 τῷ
2477 5027 2669 5098 κέρατι
2705 5032 2916 5087 ἑαυτῶν
2954 5036 3050 5088 καὶ
3085 5035 3163 5104 τῷ
3197 5034 3398 5105 βασιλεῖ
3437 5024 3647 5098 θαρροῦνι

541 5120 544 5124 ’
621 5117 774 5171 micis
802 5121 1077 5175 victoriam
1111 5133 1502 5193 reportaturos.
1546 5121 1748 5176 Deinde
1791 5119 1916 5188 quia
1952 5120 2046 5188 ipsi

2233 5118 2548 5190 ὁμολογοῦσι
2593 5122 2668 5189 μὴ
2716 5123 2877 5193 τόξῳ,
2928 5125 3063 5195 μηδὲ
3107 5124 3378 5196 ῥομφαίᾳ,
3427 5119 3545 5192 μηδὲ
3587 5114 3647 5164 οἰκ

621 5204 898 5260 Dominum
933 5225 1027 5277 pro
1063 5227 1185 5281 rege
1212 5222 1265 5268 et
1292 5230 1457 5268 cornu
1498 5212 1882 5269 obtinuerunt,
1916 5206 2037 5275 jure
2074 5221 2126 5260 se

2120 5222 2131 5260 ⁵
2232 5207 2393 5274 ἀρετῇ
2425 5205 2530 5258 τῶν
2559 5207 2770 5278 ἐχθρῶν
2803 5213 3271 5282 περιγενήσεσθαι,
3301 5209 3430 5264 ἀλλὰ
3456 5209 3514 5275 τῇ
3550 5199 3625 5252 τοῦ

624 5309 730 5348 non
757 5297 983 5353 inimicis
1007 5301 1244 5356 subditos
1269 5303 1380 5358 fore
1396 5345 1411 5370 ,
1437 5302 1530 5357 sed
1557 5307 1900 5370 superaturos
1924 5297 2126 5349 dicunt.

2233 5292 2418 5356 σιλέως
2443 5294 2616 5347 αὐτῶν
2641 5296 2888 5368 δυνάμει.
2913 5296 3024 5354 Εἶτ’
3047 5302 3231 5373 ἐπειδὴ
3257 5299 3465 5371 βασιλέα
3489 5293 3568 5347 καὶ
3590 5287 3647 5354 κέι

689 5430 734 5462 ⁸⁸
760 5434 909 5486 Joan.
935 5451 1049 5500 vni,
1085 5439 1184 5504 l2;
1212 5457 1322 5509 xxv,
1344 5443 1397 5496 6.
1471 5443 1514 5476 ³⁷
1541 5442 1681 5499 Psal.
1721 5454 1852 5502 xvn,
1882 5438 1934 5492 '5.
1999 5436 2044 5466 ⁸⁸
2077 5431 2212 5486 Psal.
2236 5449 2451 5502 GXLVIII,
2485 5437 2570 5492 M.
2609 5437 2655 5468 ⁸³
2683 5437 2920 5513 Philipp.
2945 5460 3008 5509 ιι,
3030 5445 3084 5502 8.

697 5557 1074 5644 (ζὶηξιξιὲνοεοιε
1100 5567 1484 5644 eremplaribus
1519 5568 1729 5622 additur
1755 5558 2150 5644 φαλμόςνιοιιξθ
2185 5573 2284 5615 vox
2323 5577 2422 5618 nec
2458 5563 2513 5618 in
2550 5562 2818 5621 Hebraico
2855 5582 2960 5624 nec
2996 5569 3060 5626 in
3084 5569 3312 5644 Vulgata
3350 5570 3542 5644 legitur,
3571 5573 3648 5626 uel

633 5625 687 5684 In
723 5625 930 5680 Eusein
953 5625 1339 5698 ειθιηριεπὶξυι
1376 5636 1486 5707 ipse
1523 5625 1798 5698 memorat,
1831 5625 2114 5684 férebatur.
3056 5625 3059 5626 ν
3142 5625 3154 5626 ί
3190 5625 3312 5644 vm—
3351 5625 3426 5643 -νυ
3483 5638 3492 5645 .
