3812 6366
606 343 710 397 587

1328 336 1585 394 EUSEBII
1622 336 2077 391 caasanuausns
2109 338 2254 391 opp.
2294 335 2467 387 rans
2503 333 2587 387 lll.
2626 366 2691 376 —
2725 336 3118 391 EXEGETICA.
3576 350 3644 404 ὅδε

611 462 929 516 oblationem
983 461 1218 529 placatus
1265 468 1344 512 est
1396 459 1589 525 populo
1629 457 1795 523 Deus;
1846 458 1916 511 ita
1962 461 2108 512 etiam

2220 459 2310 527 τὴν
2341 458 2431 509 τοῦ
2467 458 2649 527 ἱερέως
2707 456 2992 524 ἀναφοράν·
3020 455 3106 507 τὸν
3152 455 3297 507 αὐτὸν
3324 457 3494 526 τρόπον
3542 466 3644 515 καὶά

612 554 806 605 chorus
834 550 1193 618 propheticus,
1222 554 1271 598 et
1295 548 1491 615 quique
1515 548 1665 615 probi
1694 548 1793 600 viri
1821 550 1873 600 in
1904 550 2115 617 pepulo,

612 642 922 697 rationabile
946 637 1263 693 sacriﬁcium
1290 650 1443 688 suum
1471 652 1563 704 per
1591 638 1882 691 orationem
1913 654 2006 707 pro
2028 655 2120 708 po-

612 733 735 800 pulo
764 730 930 781 fusam
957 724 1202 786 oﬁerunt,
1226 732 1368 778 recte
1395 724 1531 777 facta
1562 740 1679 788 sua,
1700 726 1813 779 loco
1841 727 2123 780 sacriﬁcio-

610 836 726 874 rnm
777 826 829 869 et
871 817 1198 869 oblationum
1244 815 1369 868 boni
1420 815 1619 880 odoris,
1647 830 1741 884 pro
1788 817 2118 871 multitudine

608 910 711 962 Deo
745 906 1041 959 oﬁerentes.
1086 903 1265 971 Neque
1293 905 1431 956 enim
1460 906 1705 957 convenit
1731 905 1842 957 haec
1869 905 2114 973 populum

604 1000 798 1055 dicere,
818 1010 987 1062 neque
1006 1010 1098 1048 eos
1121 995 1211 1062 qui
1238 995 1563 1061 impietatum
1590 1009 1750 1048 causa
1774 1009 1987 1047 suarum
2018 993 2119 1044 ini-

602 1082 755 1134 micis
801 1081 981 1133 traditi
1025 1079 1252 1133 fuerant.
1299 1079 1403 1132 Sctl
1449 1081 1888 1148 quemadmodum
1940 1082 2115 1149 populi

602 1172 931 1224 calamitates
978 1171 1031 1223 in
1076 1185 1132 1223 se
1178 1172 1446 1237 propheta:
1473 1170 1819 1238 recipiebant,
1855 1180 1906 1224 et
1932 1174 2032 1238 ipsi
2061 1187 2117 1226 se

602 1262 727 1315 talia
761 1276 946 1330 passos
987 1276 1106 1315 esse
1152 1261 1566 1329 proﬁtebantur;
1595 1261 1674 1313 sic
1703 1272 1758 1313 et
1788 1261 1923 1313 bona
1955 1275 2115 1328 opera

601 1369 699 1408 sua
734 1352 977 1405 omnibus
1015 1352 1315 1409 communia
1347 1350 1599 1405 ellicinnt.
1642 1349 1756 1403 Non
1799 1351 1940 1403 enim
1969 1351 2119 1418 igno-

598 1442 793 1507 rabant,
831 1455 887 1494 se
927 1440 1089 1493 totius
1120 1440 1360 1508 corporis
1389 1439 1622 1493 membra
1644 1454 1761 1493 esse
1792 1458 1803 1491 :
1835 1445 2115 1492 consenta-

600 1547 757 1585 neum
792 1539 967 1585 autem
991 1538 1103 1584 erat
1136 1538 1193 1582 ut
1222 1544 1327 1582 uno
1348 1530 1582 1583 membro
1602 1530 1851 1598 patiente,
1881 1543 1985 1580 una
2018 1543 2114 1596 pa-

599 1628 838 1673 terentur
870 1620 972 1672 alia
1002 1620 1264 1684 membra;
1299 1627 1457 1687 atque
1485 1634 1593 1672 uno
1622 1618 1857 1672 membro
1896 1616 2113 1685 gloriam

598 1710 878 1772 referente,
913 1710 1091 1762 omnia
1132 1711 1369 1763 membra
1418 1709 1473 1761 in
1522 1717 1719 1776 partem
1746 1705 1923 1775 gaudii
1967 1707 2113 1759 veni-

2218 547 2369 616 χορὸς
2393 549 2420 598 6
2446 545 2785 615 προφητικδς,
2816 547 2906 595 καὶ
2937 545 2983 595 οἱ
3033 546 3088 595 ἐν
3115 544 3187 613 τῷ
3219 545 3322 613 λαῷ
3350 550 3644 617 κατορθοῦντες

2215 637 2309 705 τὴν
2340 635 2555 705 λογικὴν
2606 634 2777 685 αὐτῶν
2838 633 3022 685 θυσίαν
3068 632 3151 684 διὰ
3180 635 3272 701 τῆς
3316 636 3441 704 ὑπὲρ
3463 639 3538 690 τοῦ
3563 642 3644 695 λαοὶ

2215 726 2372 793 εὐχῆς
2404 724 2792 792 ἀναπέμπουσι,
2824 722 2891 774 τὰ
2917 724 3082 773 οἰκεῖα
3112 724 3469 793 κατορθώματα
3483 729 3578 780 ἀντὶ
3598 731 3644 783 θυ

2217 814 2331 876 σίας
2362 814 2454 866 καὶ
2486 814 2816 883 θυμιάματος
2848 811 3071 874 εὐώδους
3125 814 3254 883 ὑπὲρ
3280 814 3365 865 τοῦ
3393 816 3583 885 πλήθους
3607 823 3644 871 τά

2214 902 2328 970 Θεῷ
2349 904 2724 972 προσάγοντες.
2758 902 2831 953 Οὐ
2859 902 2968 969 γὰρ
3000 903 3218 971 ἁρμόζει
3259 904 3415 957 ταῦτα
3433 908 3495 976 τῷ
3515 909 3644 977 πλήθε

2214 992 2402 1057 λέγειν,
2424 993 2540 1043 οὐδὲ
2560 994 2667 1053 τοῖς
2697 989 2782 1042 διὰ
2813 989 2912 1052 τὰς
2945 991 3190 1054 ἀσεϐείας
3207 992 3371 1045 αὐτῶν
3388 996 3480 1056 τοῖς
3507 998 3644 1065 ἐχθροί

2214 1081 2679 1151 παραδεδομένοις·-
2724 1080 2835 1132 ἀλλ’
2868 1080 3055 1148 ὥσπερ
3095 1082 3159 1133 τὰ
3216 1083 3349 1152 πάθη
3378 1085 3459 1136 τοῦ
3487 1086 3591 1138 λαοῦ
3617 1090 3643 1139 ε]

2213 1172 2431 1232 ἑαυτοὺς
2460 1170 2824 1239 ἀνελάμϐανον
2851 1172 2899 1222 oi
2951 1172 3237 1240 προφῆται,
3271 1174 3358 1226 καὶ
3385 1176 3515 1226 αὐτοὶ
3542 1177 3644 1229 ταῦτ

2213 1259 2526 1311 πεπονθέναι
2551 1258 2802 1327 ἔφασκον·
2829 1258 2969 1311 οὕτω
3004 1260 3071 1311 τὰ
3116 1261 3310 1312 ἑαυτῶν
3350 1264 3644 1334 κατορθώματ

2212 1349 2586 1403 κοινοποιοῦσιν
2642 1352 2720 1411 είς
2752 1350 2976 1411 πάντας.
3026 1351 3099 1401 υύ
3128 1350 3232 1419 γὰρ
3259 1352 3463 1419 ἠγνόουν
3506 1354 3644 1407 ἑαυτοί

2212 1436 2343 1491 εἶναι
2398 1437 2525 1507 μέλη
2556 1438 2645 1489 τοῦ
2702 1439 2899 1501 παντὸς
2949 1437 3216 1507 σώματος·
3260 1440 3519 1494 ἀκόλουθον
3544 1442 3590 1493 δὲ

2212 1530 2498 1598 πάσχοντος
2532 1530 2719 1598 μέλους
2751 1528 2888 1591 ἐνὸς,
2923 1529 3256 1598 συμπάσχειν
3286 1531 3449 1582 πάντα
3476 1531 3532 1583 τὰ
3563 1534 3644 1601 μέλη

2210 1620 2300 1670 καὶ
2329 1618 2671 1687 δοξαζομένου
2706 1617 2864 1669 πάλιν
2892 1617 3107 1686 μέλους,
3156 1620 3447 1689 συγχαίρειν
3471 1622 3644 1673 πάνταπ

2214 1709 2362 1779 μέλη.
2397 1710 2573 1762 Πάντα
2602 1708 2797 1771 τοίνυν,
2833 1709 3018 1775 φασὶν,
3064 1709 3099 1761 ἃ
3132 1712 3508 1780 προειρήκαμεν
3535 1715 3643 1763 πεπό

598 1808 735 1854 rent.
768 1798 955 1854 Omnia
999 1814 1145 1868 ergo,
1179 1799 1445 1869 inquiunt,
1498 1812 1614 1865 quae
1656 1809 1754 1849 nos
1801 1794 2108 1847 memoravi-

2212 1773 2394 1867 θαμεν·
2419 1798 2529 1850 ἀλλ’
2549 1800 2693 1866 ἡμᾶς
2725 1773 2929 1848 τούτων
2961 1798 3111 1850 οὐδὲν
3144 1773 3455 1870 παρεκίνησε
3485 1801 3567 1866 τῆς
3594 1819 3643 1853 πε

599 1906 740 1952 mus,
772 1892 908 1943 mala
941 1890 1282 1958 pertulimus;
1314 1889 1404 1941 sed
1450 1888 1580 1941 nihil
1602 1900 1783 1940 eorum
1827 1899 1926 1938 nos
1969 1898 1999 1936 a
2042 1885 2113 1937 tui

598 1980 966 2034 recordatione
990 1981 1232 2042 removit,
1251 1989 1298 2031 et
1322 1980 1489 2046 inique
1514 1993 1614 2030 non
1643 1978 1834 2044 egimus
1867 1975 1918 2027 in
1960 1982 2116 2027 testa-

597 2080 765 2122 mento
798 2079 910 2131 tuo;
941 2070 1051 2123 sive
1079 2071 1366 2123 secundum
1389 2068 1780 2138 Symmachum,
1812 2065 1988 2134 Neque
2024 2065 2115 2118 de-

597 2161 815 2225 cepz'mus
840 2159 1002 2227 [trdus
1031 2170 1193 2213 tuum.
1219 2159 1285 2211 Et
1312 2176 1411 2211 non
1433 2159 1579 2211 cessit
1603 2169 1738 2211 retro
1760 2173 1847 2209 cor
1860 2167 2110 2209 nostrum.

597 2247 725 2316 Ejus
755 2259 928 2301 autem
954 2247 1186 2302 locozEt
1217 2246 1483 2299 declinasti
1513 2247 1720 2299 semitas
1754 2254 1956 2298 nostras
1976 2260 2007 2295 a
2033 2244 2114 2295 via

600 2348 706 2398 tua,
743 2338 938 2391 clarius
994 2336 1341 2407 Symmachus
1403 2336 1602 2389 edidit:
1635 2334 1807 2402 Neque
1860 2333 2113 2385 translata

597 2438 716 2482 sunt
741 2445 801 2480 ea
819 2443 929 2495 qua:
951 2427 1176 2495 dirigunt
1207 2441 1296 2478 nos
1319 2443 1337 2477 :
1362 2426 1411 2477 in
1438 2426 1546 2477 loco
1577 2425 1889 2493 aﬂiictionis:
1920 2434 2009 2475 aut
2029 2438 2112 2475 se-

595 2517 829 2570 cundum
855 2516 1097 2584 Aquilam
1122 2534 1134 2567 :
1162 2514 1451 2568 Contudisti
1480 2531 1570 2566 nos
1596 2514 1649 2564 in
1681 2514 1787 2565 loco
1805 2513 2108 2573 inhabitato,

595 2617 645 2662 et
670 2607 905 2659 obtexisti
933 2606 1076 2658 nobis
1107 2606 1339 2657 umbram
1370 2606 1569 2657 mortis.
1604 2602 1723 2655 Non
1755 2603 1901 2656 obliti
1936 2619 2109 2657 sumus

598 2698 692 2759 tui,
724 2712 881 2765 neque
908 2696 1209 2764 transgressi
1242 2710 1417 2747 sumus
1452 2695 1582 2745 inita
1605 2703 1766 2745 tecum
1795 2692 2003 2760 foedera.

660 2891 823 2946 Vens.
852 2891 913 2943 9.1
942 2888 1072 2942 -22.
1113 2887 1170 2941 Si
1200 2887 1345 2940 obliti
1373 2901 1547 2939 sumus
1580 2900 1761 2937 nomen
1786 2884 1880 2937 Dei
1923 2885 2105 2946 uestri,

593 2993 639 3037 et
668 2985 713 3036 si
739 2980 1074 3049 expandimus
1100 2994 1281 3031 manus
1314 2988 1516 3029 nostras
1555 2976 1621 3028 ad
1651 2975 1811 3028 Deum
1840 2976 2063 3029 alienun:
2088 2991 2109 3031 :

2214 1886 2303 1939 σοῦ
2332 1890 2559 1957 μνήμης,
2590 1886 2687 1938 καὶ
2715 1888 2825 1938 οὐκ
2854 1886 3229 1956 ἠδικήσαμεν
3251 1889 3557 1955 ὲνΔιαθήκῃ
3584 1906 3643 1943 σο

2211 1976 2242 2045 ἢ
2276 1976 2409 2029 κατά
2440 1977 2526 2028 τὸν
2558 1975 2860 2045 Σύμμαχον·
2902 1976 3054 2029 Οὐδὲ
3093 1978 3587 2047 παρελογησάμεθα
3608 1980 3644 2032 ti

2210 2064 2515 2130 συνθήκην
2543 2080 2676 2124 σου,
2704 2062 2845 2115 οὐδὲ
2865 2062 3097 2131 ἀπέστη
3131 2070 3217 2131 εις
3243 2068 3310 2118 τὰ
3345 2069 3518 2120 ὀπίσω
3534 2071 3564 2133 ἡ
3585 2086 3644 2133 καλ

2210 2153 2305 2206 δία
2331 2154 2516 2222 ἡμῶν.
2553 2152 2693 2203 Ἀντὶ
2724 2152 2799 2203 δέ·
2854 2154 2964 2205 Καὶ
3013 2154 3322 2221 ἐξέκλινας
3370 2156 3468 2221 τὰς
3513 2160 3644 2223 τρίϐου

2208 2243 2370 2310 ἡμῶν
2394 2244 2509 2297 ἀπὸ
2540 2244 2645 2311 τῆς
2700 2245 2846 2299 ὀδοῦ
2866 2261 3005 2307 σου,
3039 2248 3067 2298 ὁ
3099 2246 3381 2316 Σύμμαχος
3433 2248 3644 2315 σαφέστερ

2210 2332 2458 2396 ἐξέδωκεν
2491 2333 2672 2385 εἰπών·
2727 2336 2886 2387 Οὐδὲ
2944 2337 3227 2404 μετετέθη
3274 2337 3344 2389 τὰ
3389 2339 3643 2404 ὐπορθοῦτ·

2215 2418 2387 2486 ἡμᾶς·
2414 2421 2480 2472 ἐν
2502 2422 2656 2487 τόπῳ
2713 2423 3063 2489 κακώσεως·
3120 2425 3152 2493 ἦ
3215 2425 3349 2477 κατὰ
3379 2426 3461 2478 τὸν
3500 2425 3644 2477 Ἀκύλα

2208 2508 2585 2574 Συνέθλασας
2612 2510 2765 2578 ἡμᾶς
2794 2512 2867 2565 ἐν
2891 2514 3053 2577 τόπῳ
3074 2514 3384 2579 ἀνοικήτῳ,
3418 2516 3502 2569 καὶ
3536 2514 3596 2584 (1)
3620 2514 3641 2564 ἑ

2207 2600 2520 2669 επώμασας
2558 2603 2698 2671 ’ἡμῖν
2751 2608 2939 2659 σκιὰν
2992 2608 3269 2662 θανάτου.
3329 2612 3441 2661 Οὐκ
3473 2610 3644 2661 caelati

2202 2690 2350 2842 μῖθά
2399 2706 2511 2744 σου
2589 2693 2726 2746 οὐδὲ
2780 2697 3126 2765 παρέϐημεν
3170 2701 3276 2764 τὰς
3316 2699 3455 2765 πρὸς
3483 2699 3546 2750 σὲ
3583 2713 3644 2750 συ

2208 2782 2263 2831 θ’]
2286 2796 2410 2842 acac.

2208 2782 2410 2843 θήκας.

2269 2891 2334 2941 El
2359 2889 2753 2959 ἐπελαϐόμεθα
2780 2895 2889 2977 τσῦ
2939 2898 3229 2965 ὀνόματος
3261 2899 3361 2951 τοῦ
3393 2897 3521 2950 Θεοῦ
3557 2894 3644 2964 ήμιέ

2208 2980 2301 3033 καὶ
2329 2983 2377 3033 εὶ
2405 2980 2834 3050 διεπετάσαμεν
2861 2987 3065 3054 χεῖρας
3118 2987 3287 3056 ημῶν
3330 2988 3466 3054 πρὸς
3488 2986 3644 3040 Θεὸν-ὀ

601 3089 764 3126 nonne
798 3072 933 3124 Deus
963 3071 1180 3139 requiret
1204 3069 1331 3120 ista?
1349 3065 1550 3128 etc.Te,
1580 3067 1769 3135 inquit,
1800 3074 1987 3120 testem
2017 3067 2108 3151 ad.-

2209 3072 2457 3137 λότριον·
2496 3073 2628 3140 οὐχὶ
2682 3077 2713 3125 ὀ
2752 3075 2901 3141 Θεὸς
2937 3076 3247 3145 ἐπιζητήσει
3280 3078 3485 3140 ταῦτα;
3518 3077 3572 3128 Σὲ
3600 3076 3644 3145 μέ

592 3178 865 3227 vocamus,
902 3171 953 3214 te
998 3159 1229 3227 judicem
1283 3166 1335 3211 et
1387 3157 1771 3226 exploratorem
1826 3156 2106 3209 verborum

591 3261 917 3316 nostrorum,
951 3260 1108 3320 atque
1154 3249 1530 3318 cogitationum
1561 3246 1755 3309 cordis,
1785 3261 1903 3314 quae
1945 3246 2109 3314 pluri-

591 3345 693 3398 mis
730 3344 912 3396 latent.
944 3343 1023 3395 Tu
1059 3343 1236 3411 itaque
1278 3342 1441 3404 nosti,
1477 3340 1523 3393 si
1557 3339 1717 3391 tantis
1746 3337 1921 3391 atllicti
1956 3337 2109 3390 malis

590 3440 644 3485 et
681 3430 939 3484 humiiiati
968 3430 1022 3482 in
1049 3430 1165 3483 loco
1203 3426 1520 3487 aﬂlictionis,
1548 3425 1719 3494 operti
1752 3425 1937 3477 umbra
1968 3438 2108 3475 mor-

591 3521 682 3584 tis,
707 3522 760 3573 in
800 3520 1117 3573 oblivionem
1162 3518 1393 3570 nominis
1439 3516 1517 3568 tui
1560 3517 1821 3578 venimus,
1848 3521 1900 3567 et
1929 3514 1973 3567 si
2002 3528 2104 3566 non

593 3610 787 3663 ﬁducia
828 3609 969 3676 pleni
1013 3608 1067 3658 in
1119 3607 1331 3660 nomine
1359 3615 1451 3659 tuo
1474 3606 1680 3675 gloriati
1715 3620 1898 3659 sumus
1931 3623 1943 3657 :
1973 3603 2107 3657 side

592 3698 792 3750 auxilio
814 3703 906 3748 tuo
934 3695 1296 3762 desperantes,
1324 3694 1389 3746 ad
1418 3695 1576 3746 alium
1606 3695 1885 3762 quemdam
1929 3708 2108 3747 acces-

594 3786 780 3848 simus,
811 3800 1107 3853 manusque
1155 3783 1243 3836 alii
1304 3783 1410 3837 Deo
1434 3783 1799 3850 expandimus.
1828 3783 2023 3835 Horum
2050 3792 2105 3835 tu

588 3875 753 3944 judex
779 3890 837 3930 es
873 3893 888 3929 :
920 3875 1060 3929 nosti
1088 3874 1228 3929 enim
1273 3872 1580 3926 abscondita
1629 3871 1808 3925 cordis
1833 3880 1886 3925 et
1916 3872 2106 3941 cogita-

591 3963 783 4030 tiones,
814 3963 865 4016 in
892 3964 1085 4033 quibus
1124 3970 1415 4025 versantes,
1444 3960 1675 4028 quotidie
1712 3960 1921 4027 pietatis
1945 3974 2105 4014 causa

591 4062 759 4109 morte
785 4053 1060 4107 aﬁicimur.
1090 4051 1220 4105 Nam
1247 4055 1335 4121 qui
1381 4051 1433 4103 in
1465 4049 1684 4118 singulis
1726 4050 2105 4105 tentationibus

591 4144 646 4197 in
685 4143 956 4213 proposito
978 4142 1163 4195 habuit
1206 4149 1428 4195 mortem
1461 4154 1558 4208 pro
1587 4140 1803 4193 veritate
1831 4140 2029 4201 subire,
2059 4141 2104 4193 is

590 4250 719 4288 sane
767 4231 940 4300 quoad
985 4232 1231 4285 virtutem
1286 4228 1542 4298 pr0positi
1593 4226 1741 4280 obiit.
1795 4225 1851 4281 Id
1896 4242 2105 4296 quoque

589 4324 873 4393 Apostolus
920 4320 1145 4384 dicebat,
1186 4317 1436 4387 quoniam
1479 4315 1781 4382 frequentes
1825 4321 1995 4377 erant,
2043 4328 2105 4368 ac

2206 3177 2360 3230 τυρα,
2378 3162 2556 3229 φησὶν,
2582 3162 3027 3234 ἀνακαλούμεθα,
3053 3170 3246 3238 κριτήν
3278 3184 3335 3219 τε
3362 3169 3447 3219 καὶ
3476 3168 3644 3229 ἐξεταςπ

2205 3250 2309 3302 τῶν
2341 3251 2613 3320 ἡμετέρων
2635 3252 2813 3319 λόγων
2846 3257 2944 3309 καὶ
2974 3257 3082 3309 τῶν
3128 3258 3270 3311 κατά
3320 3258 3536 3310 διάνοιαν
3561 3254 3644 3307 lavi

2207 3341 2394 3393 νόντων
2425 3342 2547 3403 τοὺς
2577 3342 2810 3406 πολλοὺς
2831 3345 3132 3416 λογισμῶν.
3162 3350 3332 3411 Αὐτὸς
3362 3348 3482 3416 γοῦν
3499 3344 3642 3403 οἶσθα,

2205 3431 2434 3484 τοσαῦτα
2459 3431 2713 3495 παθόντες
2780 3438 2878 3488 καὶ
2932 3440 3366 3503 ταπεινωθέντεᾴ
3389 3440 3441 3491 ὲν
3469 3439 3597 3505 τόπῳ
3639 3452 3644 3485 τ

2208 3518 2442 3581 κὼσεως,
2477 3520 2568 3571 καὶ
2587 3519 2962 3589 καλυφθέντες
3016 3527 3125 3578 ὑπὸ
3155 3529 3254 3596 τῆς
3301 3530 3451 3590 σκιᾶς
3489 3524 3570 3577 τοῦ
3598 3522 3644 3574 θα

2206 3623 2315 3668 του,
2347 3606 2511 3677 λήθην
2539 3606 2630 3658 τοῦ
2662 3608 2939 3679 ὀνόματός
2974 3629 3068 3664 σου
3102 3614 3460 3685 πεποιήμεθα·
3488 3612 3569 3664 καὶ
3595 3610 3631 3659 εί

2207 3699 2295 3748 ἐπὶ
2319 3696 2392 3765 τῷ
2425 3696 2498 3764 σῷ
2519 3696 2744 3765 ὀνόματι
2775 3703 3090 3771 παρρησίας
3124 3705 3382 3774 γέμοντες
3402 3700 3644 3771 ἐκαυχὼμε

2205 3787 2251 3837 εί
2271 3786 2325 3837 δὲ
2357 3787 2466 3848 καὶ,
2493 3787 2826 3851 ἀπογνόντες
2859 3791 2960 3861 τὴν
3016 3795 3172 3862 παρά
3240 3795 3329 3847 σοῦ
3363 3792 3603 3864 βοήθειαν,

2205 3876 2380 3944 ἕτερόν
2411 3892 2528 3926 τινα
2559 3875 2815 3945 ἤλθομεν,
2842 3882 3018 3951 ἑτέρῳ
3050 3883 3170 3953 Θεῷ
3197 3887 3382 3954 χεῖρας
3408 3880 3644 3936 ἁναπετάο

2203 3982 2308 4027 τες·
2344 3966 2435 4017 καὶ
2464 3965 2663 4016 τούτων
2703 3970 2768 4020 σὺ
2800 3973 3000 4042 κριτὴς
3046 3975 3357 4044 τυγχάνεις.
3396 3972 3554 4027 Οἶσθα
3578 3971 3623 4022 δὲ

2203 4055 2269 4108 τὰ
2298 4055 2497 4125 κρύφια
2525 4054 2622 4123 τῆς
2649 4059 2887 4128 καρδίας
2937 4065 3034 4116 καὶ
3087 4068 3213 4128 τοὺς
3245 4066 3523 4135 λογισμοὺς
3550 4061 3644 4114 αὐτ(

2205 4145 2261 4195 ὲν
2296 4137 2374 4204 οἷς
2403 4141 2522 4193 καθ’
2556 4141 2800 4214 ἑκάστην
2831 4149 3050 4218 ἡμέραν
3070 4151 3235 4203 ἕνεκα
3263 4153 3361 4221 τῆς
3386 4146 3631 4205 εὐσεϐείας

2204 4230 2517 4301 νατουμεθα.
2587 4231 2643 4282 '0
2705 4233 2819 4303 γὰρ
2880 4241 2951 4306 τῇ
3004 4241 3259 4310 προθέσει
3309 4241 3628 4308 λογισάμενος

2205 4323 2410 4391 ἑκάστῳ
2431 4322 2718 4391 πειρασμῷ
2776 4325 2873 4377 τὸν
2921 4330 3067 4400 ὑπὲρ
3121 4332 3376 4401 ἀληθείας
3429 4328 3644 4391 ἀναδέξας

593 4413 815 4469 subinde
842 4411 1077 4479 repetita:
1106 4407 1519 4479 persecutiones,
1539 4413 1593 4458 et
1623 4404 1928 4457 vexationes
1961 4418 2106 4457 mor-

2208 4409 2448 4472 θάνατον,
2482 4407 2707 4476 δυνάμει
2724 4411 2754 4461 6
2774 4414 3025 4480 τοιοῦτος
3045 4418 3295 4489 τέθνηκε.
3332 4420 3440 4473 Καὶ
3459 4422 3484 4472 6
3526 4414 3644 4468 Ἀπόθ

591 4512 694 4556 tem
723 4502 822 4570 ipsi
853 4502 1187 4565 minitantes;
1219 4499 1306 4552 ille
1340 4511 1465 4550 vero
1507 4496 1560 4548 in
1606 4493 1827 4562 singulis
1859 4494 2103 4547 tentatioo

590 4594 749 4647 nibus
779 4602 994 4661 paratus
1018 4603 1131 4647 erat
1155 4592 1219 4644 ad
1247 4591 1464 4644 ﬁrmiter
1499 4582 1910 4639 concertandum
1937 4598 2103 4650 usque

591 4683 653 4736 ad
681 4690 924 4745 mortem,
956 4682 1073 4736 ideo
1097 4682 1215 4750 jure
1243 4696 1300 4735 se
1323 4677 1556 4749 quotidie
1584 4674 1717 4728 mori
1749 4672 1973 4726 dicebat.
1999 4671 2102 4724 Ea-

590 4773 707 4826 dem
740 4773 913 4842 itaque
944 4780 1117 4826 mente
1152 4773 1226 4826 illi
1253 4771 1517 4841 quondam
1550 4765 1815 4835 prophetae
1849 4762 1935 4816 Dei
1966 4778 2102 4831 prat-

592 4860 834 4916 sentibus
884 4860 1041 4914 dictis
1083 4862 1193 4916 haec
1238 4859 1647 4931 signiﬁcabant:
1680 4855 1737 4907 In
1779 4854 2103 4908 absconditis

594 4951 787 5002 nostris
826 4951 1195 5005 occidebamur
1238 4949 1507 5020 quotidie;
1556 4947 1663 4999 imo
1692 4958 1816 4998 vero
1859 4945 2102 4997 wstimati

594 5052 767 5089 sumus
800 5041 928 5092 sicut
958 5058 1068 5094 oves
1096 5043 1381 5095 occisionis.
1411 5038 1540 5091 Nam
1585 5050 1703 5089 cum
1750 5035 1909 5088 semel
1951 5034 2101 5102 quasi

596 5124 650 5178 in
678 5127 991 5181 sacriﬁcium
1019 5146 1113 5199 pro
1136 5132 1379 5185 universo
1402 5129 1595 5199 populo
1616 5140 1712 5179 nos
1734 5124 2099 5186 obtulerimus,

597 5224 771 5269 mente
820 5229 881 5269 ac
934 5222 1200 5286 proposito
1249 5220 1502 5274 immolati
1539 5232 1745 5279 sumus,
1778 5223 1834 5267 ut
1877 5222 1931 5266 tu
1967 5215 2098 5281 ipse,

600 5300 755 5365 Deus,
786 5304 1081 5361 testiﬁcaris
1114 5323 1127 5357 :
1158 5310 1303 5364 solus
1352 5322 1581 5376 namque
1625 5304 1765 5359 nosti
1794 5303 2102 5357 abscondita

599 5388 793 5444 cordis.
819 5391 1075 5454 Quoniam
1121 5395 1281 5464 igitur
1329 5405 1472 5452 tanta
1502 5395 1737 5467 perpessi
1763 5408 1967 5456 sumus,
1997 5407 2107 5445 me-

780 5557 1011 5640 ?!“Sius
1036 5569 1184 5640 hanc
1222 5580 1279 5624 ut
1328 5571 1520 5640 quintae
1550 5570 1795 5625 editionis
1826 5566 2102 5640 lectionem

602 5622 719 5679 alie:
732 5634 767 5689 ι,
799 5627 879 5681 m5
910 5633 1078 5689 verbis
1108 5622 1517 5709 esseesset;
1549 5622 1929 5709 ἡμέφξλιιιιίιω
1976 5651 2100 5689 vero

2203 4499 2288 4561 λος
2309 4499 2363 4551 δὲ
2393 4499 2544 4550 τοῦτο
2574 4499 2783 4568 ἔλεγεν,
2820 4505 3013 4577 ἐπειδὴ
3062 4515 3307 4580 συνεχεῖς
3331 4508 3464 4580 ἦσαν
3488 4509 3571 4561 καὶ
3597 4509 3644 4557 is

2203 4587 2350 4657 ληλοι
2382 4588 2624 4658 διωγμοὶ.
2657 4592 2761 4643 καὶ
2780 4595 2830 4645 οἱ
2850 4603 3233 4670 περισπασμοὶ
3262 4602 3477 4655 θάνατον
3502 4594 3644 4652 artath

2203 4694 2291 4738 τες
2349 4678 2512 4747 αὐτῷ.
2576 4678 2630 4729 '0
2671 4680 2731 4733 δὲ
2792 4684 2918 4736 καθ’
2978 4688 3216 4744 ἕκαστον
3280 4691 3567 4761 πειρασμὸν
3624 4702 3644 4736 τ

2205 4766 2493 4817 εσκεύαστο
2525 4768 2863 4838 ἐνστατικῶς
2932 4778 3098 4849 μέχρι
3133 4780 3362 4836 θανάτου
3396 4780 3641 4850 ἀγωνίσασ

2203 4855 2279 4907 διὸ
2308 4857 2525 4918 εἰκότως
2553 4860 2672 4911 καθ’
2708 4865 2932 4935 ἡμέραν
2974 4871 3346 4943 ἀποθνήσκειν
3396 4873 3556 4938 ἔλεγε.
3586 4869 3644 4917 Ta

2204 4944 2294 4998 οὖν
2324 4949 2388 5016 τῇ
2412 4947 2613 5019 διανοίᾳ
2632 4952 2728 5003 καὶ
2760 4956 2812 5007 οἱ
2841 4957 3015 5011 πάλαι
3048 4963 3148 5014 τοῦ
3205 4963 3338 5017 Θεοῦ
3385 4961 3630 5033 προφῆται

2203 5038 2307 5089 τῶν
2332 5040 2702 5108 προκειμένων
2732 5047 2911 5100 ταῦτα
2936 5051 3200 5118 ἔφασκον·
3246 5056 3333 5108 Ἐν
3381 5056 3485 5125 γὰρ
3510 5055 3607 5110 τοῖς
3631 5067 3644 5099 ⁷

2205 5125 2343 5193 φίοις
2367 5126 2521 5195 ἡμῶν
2551 5128 2970 5203 ὲθανατούμεθα
3005 5144 3188 5196 πᾶσαν
3223 5145 3447 5215 ἡμέραν.
3492 5137 3629 5192 Ἀλλά

2203 5216 2293 5266 καὶ
2322 5216 2718 5287 ἐλογίσθημεν
2749 5225 2831 5289 ὡς
2866 5230 3137 5293 πρόϐατα
3181 5235 3438 5302 agar-179'
3498 5227 3625 5291 ἅπαξ

2199 5305 2416 5368 ἑαυτοὺς
2448 5309 2898 5379 παραδεδωκότες
2929 5317 3124 5392 ὥσπερ
3158 5325 3238 5386 εἰς
3279 5325 3462 5377 θυσίαν
3492 5320 3597 5375 ἀντὶ
3626 5334 3644 5366 τ

2197 5394 2286 5457 τὸς
2314 5394 2405 5447 τοῦ
2436 5396 2587 5463 λαοῦ,
2614 5399 2697 5468 τῷ
2727 5402 2981 5479 λογισμῷ
3016 5412 3115 5463 καὶ
3143 5416 3210 5483 τῇ
3240 5415 3486 5485 προθέσει
3516 5416 3644 5475 ὲσφα·

2206 5569 2546 5652 iectiompud
2563 5574 2865 5652 _Qrusi\tm
2920 5585 3003 5641 sic
3053 5589 3220 5647 habet
3257 5613 3271 5648 :
3301 5597 3408 5647 Καὶ
3441 5590 3644 5646 emtas

2206 5639 2346 5705 ἡμᾶς
2375 5642 2429 5691 ὲν
2464 5647 2589 5712 σκιᾷ
2631 5643 2891 5703 Θανάτου.
