3812 6368
272 364 420 429 βω

1486 379 1971 433 (ΣΟΜΜΕΝΤΑΒΙΛ
2010 378 2073 431 IN
2112 378 2441 433 PSALMOS.

3439 395 3544 449 399

270 478 428 539 ,ιὸν
452 476 667 534 ultima.
703 481 974 557 Μωῦσῆς
1013 491 1112 559 μὲν
1156 487 1247 544 οῦν
1282 486 1401 562 εὗρε
1437 494 1561 562 μίαν
1592 494 1709 545 τινὰ
1748 494 1902 562 χάριν

2025 492 2245 560 gratiam
2269 494 2500 559 aliquam
2527 493 2727 547 invenit
2758 494 2809 547 in
2842 505 3133 565 conspectu
3163 498 3370 553 Domini
3396 519 3410 564 ;
3436 503 3546 555 sin-

286 569 422 632 ,καὶ
446 568 585 621 Νῶε
613 571 788 625 πάλιν
820 567 964 647 εἶιρέ
1018 598 1142 633 τινα
1197 582 1350 652 χάριν
1386 581 1605 633 ἐνώπιον
1649 581 1738 631 τοῦ
1769 581 1919 634 Θεοῦ⁸

286 660 425 723 “ait
451 660 689 724 ἕκαστος
744 663 863 717 τῶν
913 668 1146 722 δικαίων
1195 671 1407 741 χάριτος
1461 670 1732 738 μετέσχεν.
1777 670 1924 720 Ἐπεὶ

300 748 505 815 atto?)
534 751 865 821 Ἀγαπητοῦ
898 760 1056 810 πᾶσα
1089 762 1123 828 ἡ
1143 760 1375 828 πατρικὴ
1404 762 1481 820 εἰς
1502 760 1659 809 αὑτὸν
1691 758 1920 829 ὲκενὼθη

302 838 520 919 χάρις·
545 835 614 909 ἦν
648 842 763 911 γὰρ
791 845 821 895 ὁ
858 846 1059 916 Πατὴρ
1112 848 1283 899 λαλῶν
1316 850 1371 899 ἐν
1412 849 1540 917 Υίῷ·
1580 848 1724 899 ἔνθεν
1767 849 1856 900 καὶ
1888 850 1920 918 ἡ

316 930 789 1000 διακονησαμένη
824 932 929 1002 τὴν
959 936 1038 996 εἱς
1071 934 1381 1005 ἀνθρώπους
1413 935 1571 987 αἰτοῦ
1598 935 1818 1004 πάροδον
1842 952 1923 987 κε-

330 1019 705 1091 χαριτωμένη
728 1020 955 1091 ἐλέχθη.
997 1024 1083 1074 Ἐν
1126 1025 1271 1092 αὑτῷ
1303 1024 1406 1092 γὰρ
1438 1023 1687 1092 εύδόκησε
1722 1026 1825 1076 πᾶν
1862 1024 1921 1076 τὸ

346 1112 734 1183 πλήῳματῆς
756 1114 1015 1184 θεότητος
1034 1120 1343 1185 κατοικῆσαι
1358 1115 1770 1184 σωματικῶςοδιὸ
1786 1116 1917 1167 πάν-

357 1219 457 1265 τες
483 1205 529 1254 οἱ
560 1204 705 1269 ἅγιοι
749 1205 816 1255 ἐκ
864 1203 960 1255 τοῦ
1020 1203 1367 1273 πληρώματος
1414 1196 1574 1257 αὐτοῦ
1625 1204 1911 1273 είλήφασιν.

454 1291 755 1354 Ἐπιόαλεῖς
805 1293 865 1344 δέ
919 1294 1011 1344 καὶ
1066 1291 1253 1354 οὕτως·
1288 1293 1358 1345 Τὸ
1390 1292 1598 1362 πρῶτον
1641 1292 1796 1360 ἔργον
1823 1291 1915 1342 τοῦ

377 1380 683 1447 ’Δγαπητοῦ
712 1383 745 1449 ἡ
798 1381 959 1448 χάρις
993 1382 1026 1449 ἡ
1089 1382 1144 1432 ἐν
1175 1383 1284 1443 τοῖς
1316 1379 1538 1448 χείλεσιν
1565 1378 1721 1430 αὑτοῦ
1762 1395 1917 1446 κεχυο

366 1470 521 1537 μένη,
557 1469 699 1521 κατὰ
743 1468 843 1537 τὴν
879 1468 1225 1521 ἀποδοθεῖσαν
1256 1469 1504 1520 διάνοιαψ
1533 1466 1623 1518 καὶ
1673 1466 1789 1517 καθ’
1810 1467 1917 1517 ἐτε-

368 1572 459 1622 ρον
485 1556 541 1607 δὲ
572 1555 797 1624 τρόπον,
831 1556 869 1621 ἡ
899 1554 1067 1621 χάρις
1096 1555 1191 1607 καί
1223 1557 1259 1621 ἠ
1304 1554 1546 1617 ἀλήθεια
1576 1552 1672 1605 διὰ
1715 1551 1913 1617 Ἰησοῦ

362 1644 615 1709 Χριστοῦ
626 1640 882 1709 ἐγένετο.
904 1643 1116 1712 Ἐπειδὴ
1140 1642 1309 1694 πάντα
1329 1639 1673 1711 χαριζόμενος
1685 1639 1911 1709 ἔπραττε

362 1732 472 1789 τοῖς
495 1729 591 1796 μὲν
625 1728 809 1793 ἀφιεὶς
840 1726 937 1787 τὰς
962 1726 1248 1796 ἁμαρτίας,
1282 1726 1386 1777 τῶν
1412 1726 1467 1777 δὲ
1492 1725 1585 1787 τὰς
1610 1725 1791 1788 νόσους
1824 1725 1913 1777 καὶ

2023 582 2130 650 guli
2184 582 2430 635 similiter
2474 582 2604 650 justi
2661 585 2844 651 gratia:
2884 587 3173 654 participes
3204 586 3416 641 fuerunt
3448 609 3459 643 :
3493 599 3547 643 at

2021 672 2145 739 quia
2177 678 2397 739 paterna
2444 671 2613 741 gratia
2658 673 2711 725 in
2754 672 3013 727 Dilectum
3069 675 3236 730 effusa
3269 684 3379 731 tota
3412 679 3542 745 fuit;

2022 758 2181 811 Pater
2205 760 2344 812 enim
2376 759 2428 811 in
2466 758 2599 813 Filio
2630 760 2976 829 loquebatur;
3010 762 3129 816 ideo
3171 780 3288 832 qua:
3316 765 3434 833 ejus
3488 766 3543 819 in

2022 846 2261 901 homines
2291 847 2551 902 adventus
2581 848 2895 903 administra
2931 850 3062 914 fuit,
3091 854 3258 920 gratia
3292 855 3447 922 plena
3469 855 3545 907 di-

2019 942 2102 987 cta
2136 943 2237 989 est.
2279 934 2407 993 Nam
2439 937 2493 988 in
2521 935 2638 1004 ipso
2664 937 2868 1004 placuit
2901 952 3112 991 onmem
3159 941 3542 1007 plenitudinem

2018 1022 2313 1076 divinitatis
2343 1024 2583 1077 habitare
2613 1026 2965 1093 corporaliter
2991 1045 3004 1080 :
3038 1028 3384 1094 quamobrem
3417 1043 3543 1083 san-

2018 1110 2086 1163 cti
2118 1126 2304 1165 omnes
2335 1127 2396 1167 ex
2428 1112 2758 1180 plenitudine
2780 1114 2896 1182 ejus
2927 1125 3265 1183 acceperunt.

2085 1270 2194 1333 lloc
2220 1281 2343 1335 item
2372 1283 2528 1337 modo
2569 1276 2682 1337 hate
2712 1292 2944 1338 tractare
2971 1286 3093 1339 licet
3140 1304 3152 1339 :
3183 1276 3418 1339 Primum
3453 1279 3541 1339 Di-

2015 1357 2135 1419 lecti
2183 1375 2318 1436 opus
2347 1379 2429 1423 est
2476 1373 2667 1439 gratia,
2713 1387 2831 1439 quae
2878 1360 3169 1425 secundum
3218 1376 3540 1428 sententiam

2008 1454 2118 1521 jam
2150 1457 2467 1523 esplicatam
2508 1446 2563 1510 in
2612 1458 2769 1512 labiis
2816 1458 2932 1526 ejus
2981 1450 3174 1513 diﬂ'usa
3202 1467 3313 1526 est;
3342 1477 3403 1514 ac
3435 1450 3540 1513 aiia

2013 1544 2238 1606 ratione,
2268 1533 2437 1612 gratia
2465 1554 2513 1596 et
2553 1545 2738 1598 veritas
2770 1562 2860 1613 per
2899 1546 3078 1599 Jesum
3105 1548 3366 1601 Christum
3395 1550 3539 1616 facta

2011 1642 2085 1684 est
2108 1634 2172 1686 ⁷ο.
2210 1631 2484 1701 Siquidem
2508 1634 2708 1702 gratias
2738 1635 3092 1703 impertiendo
3119 1640 3297 1691 omnia
3327 1639 3536 1707 agebat,

2012 1714 2094 1770 his
2120 1726 2338 1784 peccata
2368 1707 2661 1783 dimittens,
2713 1721 2937 1773 alierum
2986 1723 3203 1779 morbos
3259 1724 3541 1777 inﬁrmita-

360 1787 464 1875 τὰς
490 1787 766 1884 μαλακίας
797 1787 1040 1882 ἰώμενος,
1067 1787 1175 1875 τοῖς
1198 1787 1252 1864 δέ
1293 1813 1353 1864 τὸ
1381 1813 1529 1879 ἅγιον
1556 1787 1781 1879 Πνεῦμα
1805 1814 1899 1864 δω·

2012 1809 2195 1871 tesque
2217 1817 2432 1867 curans,
2461 1806 2579 1860 aliis
2614 1806 2748 1861 dans
2770 1804 3029 1876 Spiritum
3046 1817 3311 1864 sanetum.
3337 1812 3538 1876 Quam-

359 1905 639 1973 ρώμενος.
672 1905 749 1955 Δι’
774 1904 803 1955 δ
824 1902 957 1972 πρὸς
979 1890 1136 1954 αὑτὸν
1162 1902 1376 1963 εἰκότως
1404 1901 1600 1970 εἴρητο·
1637 1900 1907 1966 Ἐξεχύθη

358 1996 399 2059 ἡ
422 1994 591 2068 χάρις
638 1993 712 2044 ἐν
745 1992 978 2059 χείλεσί
1007 2007 1141 2044 σου.
1174 1990 1388 2051 Τούτοις
1437 1990 1559 2059 ἐξῆς
1583 1990 1630 2041 οί
1679 1989 1908 2057 πρόσθεν

358 2082 855 2148 ἀποκλαυσάμενοι,
880 2079 970 2130 καὶ
992 2078 1087 2147 τὴν
1113 2079 1215 2130 ὑπὸ
1240 2081 1346 2139 τοῖς
1382 2077 1652 2146 πολεμίοις
1675 2076 1909 2129 δουλείαν

358 2172 562 2224 ἑαυτῶν
590 2167 1029 2237 ύπογράψαντες,
1057 2166 1319 2235 εὐκαίρως
1347 2165 1434 2215 τὸν
1473 2163 1771 2233 Ἀγαπητὸν
1808 2165 1909 2215 ἱκε-

358 2258 567 2309 τεύουσι
629 2254 866 2307 σπεῦσαι
892 2252 983 2304 καὶ
1008 2252 1195 2322 μέχρις
1218 2251 1390 2303 αὐτῶν
1430 2250 1618 2316 ἐλθεῖν,
1644 2250 1911 2321 φραξάμε-

357 2361 441 2396 νον
471 2344 657 2405 ὅπλοις
687 2341 999 2409 πολεμικοῖς
1020 2339 1106 2391 διὰ
1136 2339 1256 2399 τοὺς
1281 2337 1645 2407 ἐπικειμένους
1665 2337 1903 2406 ἐχθροὺς,

358 2434 429 2494 ὡς
458 2434 524 2484 ἂν
554 2430 984 2501 τροπωσάμενος
1008 2428 1219 2491 αὐτοὺς,
1243 2427 1339 2496 τὴν
1388 2428 1475 2479 ὑπ’
1498 2427 1675 2488 αὐτοῖς
1712 2427 1907 2494 αίχμα-

359 2520 549 2572 λωσίαν
579 2518 944 2585 ὑπεξαγάγοι.
971 2516 1059 2566 Διό
1091 2530 1237 2582 (pact:
1273 2512 1589 2580 Περίζωσαι
1627 2513 1737 2578 τὴν
1759 2514 1904 2580 ῥομ-

359 2609 536 2674 φαίαν
560 2622 683 2660 σου
714 2605 817 2657 ἐπὶ
838 2604 943 2657 τὸν
958 2604 1152 2670 μηρόν
1176 2616 1307 2662 σου,
1332 2600 1562 2652 δυνατέ·
1589 2598 1780 2668 ὡραῖος
1810 2600 1905 2667 μὲν

356 2697 457 2766 γὰρ
482 2693 531 2748 εἴ
558 2696 655 2748 καὶ
686 2694 873 2756 καλὸς,
908 2692 1044 2761 πλὴν
1072 2690 1205 2744 ἀλλὰ
1235 2690 1367 2758 πρὸς
1401 2691 1464 2757 τῇ
1491 2688 1774 2757 ὼραιότητί
1812 2706 1902 2740 σου

357 2782 444 2834 καὶ
470 2782 611 2851 πρὸς
650 2780 733 2849 τῷ
760 2779 943 2833 κάλλει
988 2794 1079 2829 σου
1132 2776 1363 2828 ἀνάλαϐε
1421 2774 1514 2842 τὴν
1554 2772 1744 2825 σαυτοῦ
1773 2789 1904 2825 παν-

355 2870 537 2924 οπλίαν
563 2869 635 2921 δι’
660 2870 811 2937 ἡμᾶς
838 2866 961 2928 τοὺς
986 2865 1114 2931 ,σοὺς
1165 2863 1363 2923 ἱκέτας·
1393 2862 1690 2928 ῥομφαίαν
1711 2878 1772 2913 τε
1804 2877 1904 2913 πε-

352 2960 513 3023 ρίθου
537 2956 619 3020 τῷ
643 2955 879 3009 σαυτοῦ
904 2952 1086 3023 μηρῷ,
1115 2952 1207 3004 καὶ
1232 2951 1371 3003 οὓτω
1403 2951 1499 3019 τὴν
1551 2950 1645 3019 σὴν
1682 2950 1902 3020 δύναμιν

355 3046 655 3107 ἀναλαϐὼν,
685 3041 920 3096 ἔντεινόν
951 3058 1041 3093 σου
1063 3039 1129 3093 τὰ
1156 3040 1297 3103 τόξα.
1332 3036 1556 3090 Ἔπειτα
1588 3034 1759 3106 βαλὼν
1779 3040 1901 3101 τοὺς
1926 3065 1971 3125 C

353 3132 597 3204 ἐχθροὺς,
651 3130 979 3185 κατευοδοῦ
1026 3128 1122 3181 καί
1170 3126 1477 3190 βασίλευε.
1517 3127 1808 3194 Ῥομφαίαν
1846 3128 1902 3179 δὲ

352 3222 440 3273 τοῦ
464 3218 785 3289 ’Δγαπητοῦ
813 3217 922 3271 νόει
944 3216 1041 3286 τὴν
1072 3215 1293 3285 δύναμιν
1318 3215 1413 3283 τὴν
1444 3214 1549 3267 τῶν
1571 3214 1773 3284 ἐχθρῶν
1807 3231 1903 3267 κα-

353 3307 667 3379 θαιρετικὴν
695 3307 792 3359 καὶ
844 3307 1207 3374 κολαστήριον.
1243 3304 1369 3355 Ζῶν
1393 3303 1499 3371 γὰρ
1525 3307 1557 3356 d
1578 3305 1754 3371 λόγος
1798 3304 1902 3356 τοῦ

353 3398 495 3450 Θεοῦ
524 3398 625 3449 καὶ
664 3394 937 3461 ἐνεργὴς,
997 3394 1091 3445 καὶ
1148 3392 1463 3459 τομώτερος
1509 3391 1658 3457 ὑπὲρ
1702 3391 1903 3443 πᾶσαν

345 3488 647 3555 μάχαιραν
690 3484 997 3550 δίστομον.
1037 3482 1145 3534 Kal.
1174 3481 1343 3543 ἄλλως
1365 3480 1418 3532 δὲ
1455 3480 1719 3550 ῥομφαίας
1769 3481 1899 3532 Θεοῦ

346 3577 691 3646 όπςοφήτης
750 3572 1016 3641 μέμνηται
1084 3569 1333 3654 Ἰεζεκιῂλ
1395 3562 1495 3620 ὦδε
1528 3567 1715 3634 λέγων·
1763 3567 1901 3619 Τάδε

344 3663 503 3731 λέγει
543 3661 791 3715 Ἀδοναῒ
817 3661 1045 3725 Κύριος·
1080 3660 1282 3711 Εἶπον·
1312 3657 1607 3724 Ῥομφαία,
1622 3657 1898 3724 ῥομφαία,

349 3753 569 3815 (εὔνου
610 3751 712 3802 καὶ
760 3748 1068 3816 θυμὼθητι,
1119 3746 1274 3811 ὅπως
1342 3743 1577 3811 σφάξῃς
1650 3745 1896 3811 σφάγια·

349 3842 592 3903 ὀξύνου,
630 3839 795 3901 ὅπως
825 3835 964 3903 γένῃ
996 3837 1082 3898 εἷς
1099 3835 1420 3885 στίλσωσιν
1455 3833 1651 3899 ἑτοίμη
1688 3836 1770 3897 εἰς
1793 3849 1902 3886 πα-

336 3929 628 3995 ράλυσιν·
690 3926 788 3978 καὶ
834 3924 1013 3975 πάλιν·
1082 3922 1385 3989 Ἁνὰκραγε
1440 3922 1534 3973 καὶ
1587 3922 1896 3986 όλόλυξον,

344 4016 433 4068 υἱὲ
456 4014 801 4081 ἀνθρώπουο
834 4010 922 4062 ὅτι
948 4008 1098 4075 αὐτὴ
1135 4008 1362 4076 ἐγένετο
1401 4009 1469 4060 ἐν
1491 4008 1568 4072 τῷ
1611 4008 1735 4073 λαῷ
1760 4025 1895 4078 μου·

338 4104 491 4168 αὕτη
524 4103 599 4153 ἐν
660 4099 788 4162 τοῖς
839 4096 1268 4164 ἀφηγουμένοις
1329 4097 1431 4149 τοῦ
1488 4096 1747 4165 Ἰσραήλ⁶
1808 4098 1899 4149 καὶ

331 4193 488 4259 ἑξῆς
521 4187 820 4249 Διάταξον
851 4183 1081 4247 σεαυτῷ
1135 4184 1241 4237 δύο
1286 4186 1460 4251 ὀδοὺς
1486 4187 1588 4239 τοῦ
1612 4187 1900 4259 εἰσελθεῖν

315 4280 642 4352 ῥομφαίαν
691 4274 997 4341 ,ϐασιλέως
1029 4272 1394 4337 Βαϐυλῶνος·
1446 4274 1512 4327 ἐκ
1556 4274 1743 4341 χώρας
1759 4274 1898 4341 μιᾶς

2008 1892 2189 1944 obrem
2221 1893 2285 1946 de
2318 1894 2410 1947 illo
2440 1895 2561 1961 jure
2596 1896 2807 1950 dicatur
2839 1917 2852 1950 :
2901 1898 3109 1966 Di/fusa
3140 1910 3217 1954 est
3260 1903 3432 1970 gratia
3484 1904 3539 1955 in

2008 1978 2161 2031 labiis
2208 1982 2331 2034 tuis.
2379 1981 2578 2036 Deinde
2628 1999 2756 2037 vero
2816 1985 2907 2053 qui
2954 1996 3109 2041 antea
3159 1988 3435 2053 fleverunt,
3483 1998 3538 2043 et

2008 2078 2156 2118 suam
2209 2068 2310 2120 sub
2362 2069 2593 2122 inimicis
2623 2072 2935 2126 servitutem
2964 2074 3386 2143 descripserant,
3436 2092 3535 2145 0p-

2006 2161 2231 2220 portune
2314 2155 2571 2211 Dilectum
2640 2167 2926 2226 precantur
2966 2200 2982 2225 ,
3051 2169 3106 2214 ut
3174 2162 3390 2217 festinet
3468 2166 3535 2218 ad

2007 2256 2169 2310 seque
2208 2244 2386 2297 veniat
2421 2246 2707 2301 hostilibus
2759 2248 2923 2330 armis
2976 2250 3293 2317 instructus,
3339 2252 3409 2304 ob
3455 2253 3535 2304 int

2004 2339 2256 2402 gruentes
2282 2333 2551 2398 inimicos,
2596 2346 2655 2389 ut
2696 2336 2764 2391 iis
2793 2336 2846 2389 in
2876 2335 3052 2405 fugam
3085 2338 3272 2403 versis,
3299 2344 3358 2392 se
3386 2354 3416 2392 a
3445 2346 3534 2393 cas

2004 2422 2244 2489 ptivitate
2285 2422 2535 2475 abducat.
2584 2422 2761 2488 Quare
2819 2425 2988 2487 aiunt,
3041 2420 3320 2494 Accingere
3357 2428 3533 2496 gladio

2005 2518 2090 2559 tuo
2115 2523 2266 2575 super
2294 2508 2462 2577 femur
2491 2519 2655 2573 tuum,
2694 2508 3063 2578 potentissime.
3091 2502 3377 2581 Speciosu's
3409 2518 3533 2583 qui-

2003 2594 2122 2649 dem
2153 2610 2216 2650 ac
2248 2597 2467 2666 pulcher
2493 2613 2572 2664 es,
2598 2607 2830 2654 attamen
2852 2608 3044 2669 praeter
3070 2604 3303 2672 speciem
3331 2618 3393 2656 ae
3416 2606 3535 2673 pul-

2003 2683 2363 2739 chritudinem
2418 2690 2586 2751 tuam,
2641 2689 2826 2757 accipe
2882 2704 2979 2757 pro
3015 2692 3171 2746 nobis
3206 2693 3534 2760 supplicibus

2002 2777 2324 2825 armaturam
2358 2780 2524 2837 tuam,
2562 2770 2822 2845 accingere
2850 2770 3025 2846 gladio
3057 2786 3142 2832 tuo
3173 2795 3325 2848 super
3365 2782 3535 2849 femur

2003 2870 2184 2923 tuum;
2219 2861 2402 2929 sicque
2429 2871 2705 2932 assumpta
2750 2857 3082 2931 fortitudine,
3127 2860 3342 2922 intende
3372 2878 3533 2924 arcus

2003 2956 2147 3003 tuos.
2189 2949 2325 3004 llinc
2370 2946 2595 3005 confixis
2639 2954 2874 3008 inimicis
2913 2956 3038 3021 tuis,
3069 2972 3307 3024 prospere
3347 2974 3439 3027 age
3482 2958 3533 3009 lt

2001 3055 2180 3108 regna.
2213 3035 2313 3094 Per
2342 3041 2578 3109 gladium
2630 3034 2820 3095 Dilecti
2850 3044 3115 3114 intelligas
3146 3046 3394 3100 virtutem
3430 3046 3534 3099 ini-

2000 3124 2155 3181 micis
2185 3127 2467 3182 exitiosam
2520 3137 2574 3183 et
2624 3130 2892 3184 ultricem.
2956 3120 3111 3186 Vivus
3143 3144 3220 3186 est
3251 3135 3388 3187 enim
3434 3132 3533 3185 Dei

1999 3232 2164 3269 sermo
2185 3226 2233 3269 et
2249 3208 2447 3284 eﬂ'icax,
2488 3227 2538 3270 et
2567 3219 2931 3285 penetrabilior
2965 3221 3105 3272 omni
3134 3221 3306 3288 gladio
3330 3221 3533 3286 ancipi-

2001 3306 2041 3356 ti
2070 3306 2136 3358 “.
2172 3304 2235 3357 Et
2263 3306 2396 3359 alias
2437 3320 2653 3375 quoque
2701 3306 2934 3374 gladium
2968 3309 3225 3376 propheta
3274 3308 3367 3363 Dei
3399 3308 3532 3363 Eze-

1997 3394 2138 3447 chiel
2174 3400 2436 3447 memorat
2465 3394 2551 3448 his
2587 3393 2763 3448 verbis
2798 3408 2812 3444 :
2852 3393 2976 3447 Haec
3017 3384 3141 3447 dicit
3185 3395 3393 3447 Adonei
3425 3388 3531 3449 Do-

2000 3482 2169 3533 minus
2193 3496 2211 3533 :
2231 3480 2356 3534 Dixi
2374 3496 2393 3533 :
2427 3479 2679 3542 Framea,
2697 3481 2896 3547 framea
2919 3498 3120 3545 acuere,
3145 3492 3192 3535 et
3222 3484 3444 3536 irascere
3471 3492 3529 3535 ut

1988 3570 2197 3639 jugules
2224 3567 2479 3631 victimas,
2514 3584 2696 3622 acuere
2714 3577 2771 3620 ut
2790 3570 2863 3622 sis
2905 3556 2975 3620 ad
3012 3559 3310 3638 [algendum
3337 3579 3529 3636 parata

1998 3657 2067 3709 ad
2092 3658 2395 3712 solutionem
2424 3656 2500 3723 "’;
2557 3670 2619 3709 ac
2667 3671 2880 3711 rursum
2906 3674 2919 3711 :
2952 3652 3137 3710 Clama
3164 3666 3212 3709 et
3249 3656 3418 3720 ulula,
3448 3650 3531 3725 ﬁli

1999 3745 2241 3807 hominis,
2271 3746 2392 3814 quia
2413 3745 2528 3811 ipsa
2554 3744 2652 3811 fuit
2678 3746 2732 3797 in
2762 3736 2949 3813 populo
2983 3762 3093 3798 meo
3119 3762 3137 3798 :
3164 3746 3272 3799 lucc
3305 3749 3357 3799 in
3380 3747 3530 3800 duci-

1999 3835 2091 3888 bus
2119 3833 2287 3886 Israel
2305 3826 2384 3899 7‘;
2409 3848 2471 3886 ac
2500 3849 2713 3888 rursum
2759 3854 2771 3888 :
2806 3835 3073 3889 Constitue
3104 3837 3197 3890 tibi
3231 3837 3362 3891 duas
3392 3839 3523 3903 vias,

1998 3931 2054 3975 ut
2084 3924 2404 3991 ingrediatur
2429 3924 2631 3991 {ramea
2654 3926 2786 3992 regis
2806 3924 3090 3993 Babylonis
3111 3942 3129 3979 :
3158 3926 3219 3979 de
3247 3937 3381 3981 terra
3419 3946 3528 3981 una

1996 4009 2399 4079 egredientur'“,
2429 4018 2483 4064 et
2508 4010 2609 4064 alia
2643 4012 2915 4080 deinceps,
2946 4012 3100 4079 queis
3130 4012 3387 4067 frameam
3425 4013 3530 4066 Na-

1996 4099 2458 4154 buchodonosoris
2480 4100 2675 4169 populo
2696 4101 3011 4164 immissam,
3038 4100 3292 4153 frameam
3315 4101 3527 4158 Domini

1997 4186 2128 4239 dicit
2158 4200 2296 4241 esse.
2331 4184 2391 4239 In
2438 4186 2742 4255 Evangeliis
2787 4187 2948 4240 etiam
3004 4186 3158 4255 legis,
3209 4201 3389 4255 regem
3432 4189 3527 4256 qui

1998 4274 2125 4328 fecit
2162 4276 2379 4342 nuptias
2418 4273 2527 4328 lilio
2559 4290 2679 4336 suo,
2712 4288 2805 4328 eos
2836 4273 2926 4341 qui
2958 4274 3291 4327 vocationem
3320 4275 3527 4329 abnue-

306 4351 793 4437 ἐξέλεύσονται·
828 4362 919 4415 καὶ
941 4362 1009 4413 τὰ
1041 4362 1245 4423 τούτοις
1270 4360 1549 4424 ἀκόλουθα,
1578 4362 1643 4413 δι’
1666 4356 1739 4415 ὧν
1768 4365 1896 4433 ῥομ-

2005 4369 2136 4424 rant,
2170 4376 2461 4429 servosque
2483 4354 2657 4429 regios
2680 4354 3011 4424 occiderant,
3053 4359 3122 4413 ad
3147 4375 3333 4415 necem
3367 4362 3529 4414 tradi-

300 4455 505 4532 φαίαν
526 4456 623 4509 τοῦ
652 4452 860 4522 Κυρίου
882 4452 1026 4516 λέγει
1056 4451 1152 4518 τὴν
1204 4447 1465 4519 ῥομφαίαν
1493 4449 1586 4501 τοῦ
1627 4448 1894 4520 Ναϐουχο-

306 4551 558 4616 δονόσορ
580 4547 682 4615 τὴν
706 4541 1031 4609 ἐπαχθεῖσαν
1050 4538 1126 4608 τῷ
1154 4538 1283 4605 λαῷ.
1313 4538 1487 4605 Ἔχεις
1510 4537 1564 4588 δὲ
1589 4539 1679 4591 καὶ
1702 4541 1757 4590 ἐν
1786 4542 1895 4601 τοῖς

316 4635 719 4705 Εὐαγγελίοις,
749 4632 825 4692 ὡς
849 4631 877 4681 ό
911 4628 1075 4680 ποιῶν
1100 4626 1303 4695 γάμους
1327 4625 1401 4694 τῷ
1420 4625 1517 4693 υἱῷ
1548 4626 1707 4678 αὑτοῦ
1740 4626 1892 4694 βασι-

318 4723 455 4789 λεὺς
492 4727 624 4785 τοὺς
653 4717 1160 4791 παραιτησαμένους
1198 4715 1294 4783 τὴν
1340 4715 1545 4782 κλῆσιν,
1577 4714 1667 4766 καὶ
1686 4715 1893 4769 ἀνελόν-

316 4837 425 4880 τας
449 4816 585 4875 τοὺς
648 4808 960 4879 βασιλικοὺς
987 4804 1218 4867 δούλους,
1252 4802 1603 4872 παραδίδωσιν
1648 4801 1724 4864 εἰς
1760 4810 1893 4870 σφά-

316 4912 461 4977 γήν.
486 4903 603 4957 Καὶ
668 4898 932 4964 πέμψας,
989 4892 1152 4961 φησὶ,
1198 4891 1273 4977 τὸ
1316 4886 1643 4977 στρᾴτευμα
1692 4888 1893 4977 αὑτοῦ,

319 4972 639 5057 high-emas:
668 4984 785 5049 τὴν
839 4980 1019 5033 πόλιν
1071 4976 1279 5030 αὐτῶν.
1327 4972 1638 5045 Στράτευμα
1695 4975 1750 5026 δέ
1799 4976 1889 5027 τοῦ

1993 4452 2169 4507 disse:
2200 4450 2269 4504 Et
2300 4454 2476 4516 misso,
2511 4453 2701 4519 inquit,
2748 4452 2975 4503 exercitu
3006 4466 3122 4515 suo,
3142 4452 3402 4504 civitatem
3447 4467 3528 4504 eoo

1995 4556 2109 4593 rum
2131 4542 2391 4596 succendit
2413 4542 2478 4593 ⁷⁸.
2513 4540 2789 4593 Exercitus
2826 4550 3003 4594 autem
3057 4540 3197 4609 regis
3228 4539 3525 4592 Romanam
3574 4536 3581 4541 ”

1994 4629 2196 4683 indicat
2228 4643 2469 4691 manum,
2514 4641 2632 4696 quae
2664 4626 3086 4698 Hierosolymam
3114 4626 3345 4681 obsedit.
3385 4625 3525 4690 Quia

1996 4717 2158 4787 igitur
2184 4709 2279 4771 tali
2303 4718 2479 4787 gladio
2504 4724 2619 4772 erat
2648 4712 2715 4769 ad
2745 4718 3071 4771 coercendos
3118 4715 3307 4768 Dilecti
3340 4714 3525 4767 adver-

1996 4808 2166 4861 sarios
2193 4821 2358 4875 opus;
2384 4807 2506 4874 jure
2529 4807 2810 4875 pr0phetia
2832 4808 2951 4876 ejus
2974 4820 3257 4874 personam
3282 4798 3362 4857 sic
3390 4805 3525 4858 alios

1989 4894 2171 4962 quitur
2197 4912 2211 4947 :
2245 4894 2519 4963 Accingere
2551 4894 2725 4961 gladio
2756 4906 2844 4947 tuo
2868 4911 3020 4962 super
3045 4893 3214 4961 femur
3242 4902 3408 4958 tuum,
3428 4910 3523 4961 po-

1992 4972 2291 5034 tentissime.
2320 4982 2500 5049 Specie
2529 4991 2618 5033 tua
2643 4991 2689 5034 et
2719 4983 3099 5049 pulchritudine
3140 4992 3231 5035 tua
3291 4983 3519 5047 intende,

316 5079 603 5155 βασιλέως
664 5074 763 5141 τὴν
805 5066 1115 5137 Ῥωμαῑκὴν
1156 5065 1315 5155 χεῖρα,
1344 5065 1603 5155 Δσημαίνει
1651 5066 1747 5132 τὴν
1798 5082 1903 5155 ’πο-

2005 5080 2227 5134 ποερενε
2252 5066 2465 5134 procede
2492 5076 2539 5119 et
2579 5084 2752 5136 regna.

314 5148 709 5243 itopxﬁsasav
734 5162 831 5230 τὴν
866 5155 1233 5226 Ἰερουσαλήμ.
1301 5150 1446 5207 Ἐπεὶ
1474 5152 1645 5243 τοίνυν
1699 5150 1849 5223 χρεία
1879 5150 1946 5224 ἦν
1982 5148 2072 5208 καὶ
2100 5158 2348 5227 τοιαύτης
2378 5158 2643 5227 ῥομφαίας
2686 5160 2822 5212 κατὰ
2852 5159 2957 5211 τῶν
2987 5156 3394 5214 ἐπαναστάντων
3443 5158 3521 5229 τῷ

321 5240 663 5331 ’,χέει-τητᾷ),
707 5253 929 5311 εἰκότως
983 5246 1142 5314 φησὶν
1189 5248 1221 5314 ἡ
1264 5240 1561 5315 προφητεία
1602 5248 1679 5307 είς
1726 5246 1884 5299 αὑτοῦ
1921 5248 2217 5317 πρόσωπον
2260 5247 2568 5317 Περίζωσαι
2612 5250 2723 5317 τὴν
2765 5254 3060 5319 ῥομφαίαν
3090 5252 3185 5303 ἐπί
3251 5250 3356 5305 τὸν
3406 5266 3520 5318 μη-

298 5362 423 5425 ρόν
462 5369 614 5410 σου,
649 5343 889 5400 durare.
937 5339 1015 5406 Τῇ
1045 5339 1345 5403 ὠραιότητί
1401 5350 1514 5390 σου
1554 5338 1649 5389 καί
1715 5338 1791 5402 τῷ
1823 5338 2031 5392 κάλλει
2094 5356 2229 5407 σου,
2276 5342 2369 5395 καὶ
2417 5342 2698 5407 ἔντεα-ον,
2724 5344 2853 5428 ⁵καί
2898 5343 3212 5397 κατευοδοῦ
3266 5340 3370 5396 καί
3405 5342 3521 5406 ,βα-

302 5450 559 5503 0(st.

419 5555 473 5583 ⁷⁸
517 5545 675 5602 Joau.
716 5561 768 5609 ι,
808 5543 899 5596 Π.
976 5540 1019 5569 τ’
1063 5536 1215 5591 Hebr.
1263 5551 1335 5603 Iv,
1399 5538 1482 5592 12.

308 5639 461 5685 sus,
512 5620 557 5671 7.

1593 5541 1636 5570 ⁷³
1674 5528 1863 5593 Ezech.
1899 5556 1984 5592 ut
2009 5579 2023 5601 ,
2057 5540 2110 5602 9,
2144 5536 2226 5591 10.

2793 5542 2829 5571 τ’
2871 5540 2995 5594 ibid.
3062 5539 3144 5597 l9.

2327 5538 2371 5570 rs
2408 5538 2551 5607 μηδ,
2590 5539 2676 5593 -ι-ὶ,
2793 5542 2829 5571 τι
2871 5540 2995 5594 ibid.
3062 5539 3144 5597 t9.
3250 5542 3290 5577 "
3331 5542 3515 5601 Matth.
