3812 6358
1641 576 1739 629 Ἔν
1773 580 1922 646 ἀρχιῖ

1607 663 1666 713 Οἱ
1716 665 1812 733 μὲν
1837 663 1925 719 οὖν

1374 744 1426 794 '0
1468 749 1674 813 θρόνος
1699 765 1831 814 σου,
1889 751 1928 806 ’ὁ

235 1092 238 1094 ·
335 1077 645 1146 ειρημένου
678 1079 776 1131 τοῦ
832 1082 1098 1151 Ἑλωεὶμ,
1146 1089 1200 1138 ὲν
1244 1089 1337 1157 τῷ,
1366 1091 1464 1144 Διὰ
1509 1095 1678 1148 τοῦτο
1725 1077 1923 1166 ἐχρισέ

354 1181 444 1220 σε
479 1171 508 1222 ό
551 1171 712 1249 Θεὸς,
772 1175 985 1238 οὐκέτι,
1034 1178 1158 1240 Θεὲ,
1200 1167 1548 1250 ἡρμήνευσεν,
1580 1187 1730 1251 ἀλλὰ,
1762 1191 1921 1254 Θεὸς,

1489 360 1980 432 (ΣΟΜΜΕΝΤΑΒΙᾹ
2019 379 2084 433 ιΝ
2122 382 2452 439 PSALMOS.

225 449 915 553 φέξε.ζδξυ)ὁῦξαγτες.
974 470 1312 548 Ἐπειδήπερ
1373 480 1610 553 Ἑλωεὶμ

235 542 708 635 ,ςῇΔἘὸραῖκῇ
759 550 1102 623 ὠνόμασται
1155 542 1358 635 γραερῇ,
1415 542 1597 624 εἰπών’

251 630 541 705 θρόνος
566 649 712 699 σου,
748 639 887 704 Θεὲ,
923 647 1019 710 εἰς
1071 630 1253 706 αἰῶνα
1275 630 1396 707 ⁷παὶ
1454 658 1561 711 ἔτι.

292 719 758 790 Ἐὁδομήκοντα
792 729 897 782 καὶ
932 735 964 784 ὁ
1005 735 1317 808 Σύμμαχος·

289 807 509 910 Θεές,
545 812 868 882 εἰρήκασιν
907 819 938 869 ὁ
987 823 1045 874 δὲ
1086 807 1330 890 ’Λκύλας·
1363 807 1829 901 Θεὲίδουλεύσας,
1862 846 1925 910 τῇ

315 897 619 992 ’Ἑϐραῑκῇ
646 901 822 992 λέξει,
861 913 1192 979 περιεχούσῃ
1236 917 1493 986 Έλωείμ.
1543 923 1675 974 Ἀλλ’
1704 928 1730 978 ὁ
1771 897 1927 992 αὐτὸς

343 984 666 1050 Ἀκύλας,6
702 989 801 1041 νῦν
843 995 956 1046 Θεὲ
999 999 1252 1066 εἰρηκὼς,
1295 984 1493 1071 προῖῶν
1521 1005 1643 1075 ἑξῆς
1682 984 1925 1081 δεύτερον

3449 403 3551 456 402

1634 490 1660 540 ὁ
1707 490 1838 563 Θεὸς
1868 494 1925 545 ὲν
1952 504 1995 560 Α
2025 507 2183 566 runt;
2214 501 2405 570 Aquila
2439 517 2583 567 vero,
2616 503 2737 570 Dee,
2771 508 3012 565 serviens
3042 509 3315 569 Hebraicis
3330 516 3549 576 dictioni

2026 585 2247 641 Elohim.
2301 589 2405 644 Sed
2438 590 2550 658 ipse
2596 591 2787 660 Aquila
2839 599 2929 665 qui
2971 598 3082 666 jam
3112 601 3214 655 Dee
3238 602 3468 671 dixerat,
3503 609 3558 661 in

2023 677 2370 742 sequentibus
2423 679 2512 732 ubi
2559 682 2818 748 repetitur
2845 683 3073 752 Eia/tim,
3107 689 3210 745 hoc
3257 693 3397 759 loco,
3423 695 3557 750 Pro—

2024 769 2199 826 pterea
2252 764 2402 816 unxit
2451 773 2498 816 te
2542 764 2700 832 Deus,
2728 783 2836 822 non
2869 772 3008 825 ultra
3047 773 3150 828 Dee
3173 777 3557 848 interpretatus

2023 856 2125 910 est,
2161 851 2253 906 sed
2304 851 2462 916 Deus,
2495 854 2568 906 ita
2607 854 2791 912 dicens
2827 878 2840 913 :
2871 859 2936 913 In
2985 862 3081 915 hoc
3131 868 3280 920 unxit
3332 878 3379 922 te
3417 869 3556 924 Deus

2030 1115 2186 1177 atque
2233 1112 2306 1164 ita
2353 1113 2691 1184 interpretari
2726 1119 2907 1175 debuit
2942 1140 2956 1177 :
2993 1123 3272 1194 Propterea
3316 1131 3464 1189 unxit
3484 1141 3552 1196 te,

2035 1196 2154 1263 Dee,
2193 1201 2496 1259 Deusttuus.
2887 1198 2904 1211 ’

365 1255 554 1306 εἰπών’
590 1257 719 1357 Ἐπὶ
751 1263 945 1324 τούτῳ
978 1263 1188 1330 ἤλειψέ
1215 1283 1286 1319 σε
1317 1271 1348 1320 ό
1375 1271 1516 1335 Θεὸς
1570 1278 1602 1326 ὁ
1629 1279 1766 1340 Θεός
1812 1293 1942 1344 σου,
1980 1284 2095 1336 δέον
2143 1255 2332 1360 ’ἑαυτῶ
2361 1255 2656 1362 συμερώνως
2689 1299 2780 1350 καὶ
2841 1296 3068 1360 ἐνταῦθα
3108 1302 3212 1358 Θεὲ
3245 1309 3411 1362 εἰπεῖν
3465 1310 3561 1364 ἐπὶ

363 1343 471 1410 τῆς
501 1345 667 1414 αὐτῆς
694 1347 914 1412 λέξεως·
970 1352 1110 1404 οὕτω
1137 1354 1191 1405 δὲ
1242 1357 1594 1428 ἑρμηνεύσας,
1635 1362 1782 1419 εἶπεν
1831 1369 1912 1420 ἄν’

441 1455 680 1520 Σμύρνα
743 1460 843 1512 καὶ
877 1464 1104 1530 στακτὴ
1146 1466 1241 1518 καὶ
1281 1471 1461 1522 κασία
1509 1474 1624 1527 ἀπὸ
1653 1477 1767 1530 τῶν
1799 1483 1924 1546 ἱμα-

367 1546 509 1598 τίων
562 1559 704 1610 σου,
759 1548 880 1602 ἀπὸ
916 1551 1151 1618 ,ϐάρεων
1208 1556 1618 1624 ἐλεφαντίνων.
1683 1567 1822 1619 Ἀντὶ
1866 1570 1921 1622 δὲ

361 1633 600 1699 βάρεων
646 1637 1083 1703 ἐλεφαντίνων,
1157 1643 1184 1693 ὁ
1247 1645 1488 1709 Ἀκύλας·
1572 1651 1707 1720 Ἀπὸ
1765 1656 1922 1708 ναῶν

369 1719 631 1786 ὀδόντος,
676 1723 887 1792 εἴρηκε.
942 1727 1077 1779 Ναοὶ
1123 1728 1228 1795 γὰρ
1273 1733 1499 1788 ἐνταῦθα
1545 1737 1782 1808 εἴρηνται
1827 1741 1918 1795 τοῦ

367 1803 619 1874 Νυμφίου
666 1811 722 1860 αἱ
776 1810 1106 1879 Ἐκκλησίαι,
1136 1815 1227 1866 καὶ
1248 1817 1302 1868 αἱ
1331 1820 1543 1890 Χριστῷ
1582 1803 1921 1895 ἀνακείμεναι

365 1893 551 1962 ψυχαὶ,
581 1897 640 1947 έν
664 1896 856 1966 λογικῇ
885 1903 1055 1968 τροφῇ
1103 1905 1275 1956 πᾶσαν
1322 1905 1528 1975 ἔχοντες
1553 1911 1646 1980 τὴν
1681 1893 1917 1983 δύναμιν.

366 1981 584 2050 Τροφῆς
621 1983 681 2035 δὲ
711 1985 806 2036 καὶ
840 1986 1011 2052 λόγων
1062 1987 1322 2057 σύμϐολον
1367 1995 1417 2044 οξ
1476 1996 1698 2060 ὀδόντες.
1738 1981 1922 2054 Ἔνθεν

366 2070 455 2119 καὶ
484 2070 648 2122 αὐτοῦ
694 2071 802 2122 ,τοῦ
839 2074 1071 2141 Χριστοῦ
1127 2077 1174 2126 οἱ
1205 2077 1411 2141 ὀδόντες
1465 2083 1644 2136 λευκοὶ
1685 2086 1921 2154 λέγονται

365 2152 497 2208 εἶναι
534 2158 678 2227 ὑπὲρ
710 2160 852 2224 γάλα
895 2163 952 2211 ὲν
981 2164 1044 2229 τῇ
1074 2163 1198 2230 περὶ
1228 2165 1386 2217 αὐτοῦ
1416 2170 1686 2241 φασκούσῃ
1720 2152 1924 2242 πγροφη-

365 2244 497 2313 τείᾳ·
539 2247 865 2312 Χαροποιοὶ
913 2251 966 2300 οἱ
1006 2249 1294 2317 ὀφθαλμοὶ
1345 2255 1525 2307 αὐτοῦ
1581 2257 1694 2310 ἀπὸ
1733 2261 1918 2325 οἴνου,

365 2330 458 2391 καὶ
491 2332 704 2384 λευκοὶ
744 2336 802 2384 οἱ
853 2334 1092 2401 ὀδόντες
1148 2337 1332 2390 αὑτοῦ
1376 2341 1412 2406 ἢ
1460 2341 1628 2409 γάλα.
1683 2346 1834 2398 Κατὰ
1865 2349 1919 2399 δὲ

363 2419 482 2479 τοὺς
505 2419 735 2481 λοιποὺς
795 2421 1148 2492 ἑρμηνευτὰς,
1190 2426 1513 2493 ἐλεφάντινοι
1567 2432 1831 2502 οἷ’ναοὶῆ
1867 2437 1918 2487 αἱ

367 2504 548 2576 βάρεις
591 2507 762 2559 αὑτοῦ
810 2507 1072 2575 λέγονται,
1105 2512 1187 2562 διὰ
1234 2513 1293 2563 τὸ
1330 2514 1519 2583 νεκροῦ
1579 2512 1716 2579 ζώου
1743 2523 1941 2587 τυχεῖν

364 2593 450 2645 τὸν
482 2595 541 2660 ἐξ
567 2595 869 2662 ἐλέφαντος
889 2599 1105 2666 κόσμων
1150 2600 1278 2654 οἵτε
1309 2602 1363 2652 ἐν
1391 2605 1454 2670 τῇ
1493 2604 1780 2676 Ἐκκλησία
1831 2608 1920 2658 εύ-

363 2681 713 2750 δοκιμοῦντες
736 2686 837 2736 οὐκ
860 2685 1030 2747 ἄλλως
1055 2687 1438 2756 διαλάμπουσιν
1469 2690 1500 2758 ἢ
1527 2692 1921 2759 νεκρώσαντες

362 2770 428 2822 τὰ
445 2770 602 2837 μέλη
629 2772 703 2823 τὰ
731 2772 830 2824 ἐπὶ
858 2772 966 2838 τῆς
992 2773 1118 2840 γῆς,
1145 2775 1377 2846 κατατὴν
1413 2779 1761 2850 ἀποστολικὴν
1785 2799 1921 2855 παρ-

361 2858 614 2924 αγγελίαν
623 2898 636 2910 .

423 2947 708 3014 Παρέστη
753 2949 792 3015 ἡ
816 2950 1156 3011 βασίλισσα
1188 2952 1256 3005 ἐκ
1281 2952 1490 3016 δεξιῶν
1519 2972 1662 3022 σου,
1697 2960 1766 3012 ἐν
1791 2963 1920 3028 ἱμα-

1952 1375 2051 1428 Διὰ
2087 1379 2258 1432 τοῦτο
2285 1383 2486 1450 ἐχρισέ
2510 1400 2601 1448 σε,
2631 1389 2752 1454 Θεὲ,
2779 1394 2812 1442 ὀ
2842 1393 2982 1455 Θεός
3005 1406 3139 1450 σου..

2095 1489 2259 1547 Vens.
2295 1495 2346 1548 9.
2381 1495 2598 1564 Myrrha
2637 1508 2686 1551 et
2722 1511 2867 1568 gutta
2914 1512 2964 1556 et
3003 1505 3146 1558 casia
3178 1521 3210 1558 a
3247 1507 3554 1562 vestimentis

2025 1579 2149 1642 tuis,
2183 1597 2214 1632 a
2245 1583 2484 1638 domibus
2527 1585 2780 1642 eburneis.
2812 1588 2915 1644 Pro
2944 1592 3034 1646 illo
3079 1600 3255 1648 autem
3275 1632 3290 1657 ,
3321 1595 3554 1651 domibus

2022 1666 2278 1735 eburneis,
2326 1671 2540 1739 Aquila,
2588 1691 2622 1726 a
2668 1677 2870 1752 templis
2919 1679 3108 1743 dentis,
3156 1681 3308 1738 dixit.
3338 1683 3554 1752 Templa

2022 1767 2170 1816 vero,
2203 1755 2456 1813 Ecclesiae
2490 1759 2708 1827 Sponsi,
2754 1749 2809 1817 et
2839 1765 3030 1820 animae
3077 1767 3294 1824 Christo
3330 1749 3556 1827 addicta:

2022 1838 2107 1892 hic
2135 1851 2414 1907 vocantur,
2444 1860 2563 1913 quae
2613 1847 2668 1901 in
2729 1850 3032 1907 rationabili
3080 1857 3201 1910 cibo
3233 1864 3396 1910 totam
3448 1861 3553 1913 vim

2021 1924 2217 1979 habent
2247 1931 2568 1996 repositam.
2591 1932 2708 1987 Cibi
2739 1949 2866 1989 vero
2917 1952 2979 1991 ac
3011 1941 3292 1995 verborum
3341 1944 3556 2012 symbo-

2021 2013 2129 2064 lum
2164 2015 2352 2070 dentes
2383 2025 2528 2070 sunt.
2559 2017 2687 2074 Inde
2711 2030 2796 2075 est
2825 2025 2968 2090 quod
3016 2027 3202 2083 dentes
3242 2029 3468 2094 Christi,
3497 2032 3554 2085 in

2018 2099 2296 2171 prophetia
2329 2102 2502 2170 ipsum
2529 2111 2823 2172 spectante,
2845 2109 2979 2163 lacte
3006 2113 3342 2171 candidiores
3370 2116 3556 2170 dican-

2021 2168 2108 2235 tur
2141 2201 2152 2235 :
2187 2168 2453 2252 Splendidi
2477 2168 2612 2252 oculi
2638 2192 2750 2258 ejus
2773 2168 2965 2258 aﬁvino,
3002 2206 3049 2248 et
3083 2168 3264 2252 dentes
3288 2168 3399 2267 ejus
3431 2217 3556 2254 can-

2019 2269 2471 2327 didioreslacte".
2499 2274 2803 2334 Secundum
2831 2283 3066 2352 reliquos
3084 2293 3258 2339 autem
3289 2289 3554 2359 interpre-

2019 2365 2120 2422 tes,
2146 2359 2378 2416 eburnea
2412 2366 2607 2434 templa
2633 2373 2726 2420 aut
2755 2369 2944 2425 domus
2981 2373 3097 2440 ejus
3127 2373 3406 2442 dicuntur,
3425 2381 3550 2448 quia

2017 2453 2240 2500 ornatus
2268 2449 2533 2504 eburneus
2567 2467 2630 2505 ex
2660 2455 2876 2509 animali
2907 2467 3118 2514 mortuo
3147 2471 3265 2528 est;
3295 2473 3349 2518 et
3369 2468 3463 2534 qui
3497 2470 3550 2522 in

2019 2529 2252 2586 Ecclesia
2297 2530 2849 2603 spectandas-virtutis
2881 2551 3026 2606 sunt,
3065 2562 3174 2600 non
3209 2549 3313 2602 alia
3341 2529 3552 2608 ratione

2019 2621 2298 2689 splendent
2351 2639 2510 2693 quam
2567 2629 2927 2694 mortiﬁcando
2969 2634 3196 2686 membra
3247 2654 3345 2690 sua
3403 2657 3559 2710 super

2020 2716 2214 2762 terram
2241 2712 2306 2778 ⁸ο,
2337 2713 2628 2766 secundum
2653 2716 3004 2784 apostolicum
3033 2729 3380 2790 praeceptum.

2087 2940 2248 2997 Vens.
2282 2942 2366 2998 ιο.
2394 2941 2579 2996 Astitit
2616 2946 2793 3013 regina
2824 2962 2855 3000 α
2885 2947 3083 3002 dextris
3130 2953 3233 3005 tuis
3270 2953 3324 3006 in
3363 2958 3549 3010 vestitu

359 3036 541 3102 rw;th
583 3036 897 3103 διαχρύσῳ
926 3039 1384 3107 περιϐεϐλημένη
1418 3082 1432 3105 ,
1472 3047 1912 3115 πεποικιλμένη.

2018 3030 2284 3095 deaurato,
2307 3030 2630 3084 circumdata
2655 3035 2918 3086 varietate.
2949 3033 3096 3090 Filia:
3110 3053 3318 3107 regum,
3350 3039 3549 3098 Christi

356 3121 418 3174 Αἱ
451 3121 548 3188 μὲν
584 3120 888 3191 θυγατέρες
911 3122 1017 3174 τῶν
1047 3124 1325 3191 βασιλέων,
1350 3129 1576 3196 Χριστοῦ
1606 3132 1799 3202 δηλαδὴ
1822 3134 1912 3186 καὶ

2018 3118 2262 3174 videlicet
2309 3129 2362 3174 et
2420 3120 2674 3175 Ecclesia:
2705 3123 2844 3191 ejus,
2893 3124 3121 3193 singulae
3160 3138 3288 3183 sunt
3336 3133 3543 3186 animae.

355 3203 448 3270 τῆς
481 3204 814 3272 Ἐκκλησίας
857 3206 1018 3258 αὑτοῦ
1044 3249 1058 3274 ,
1101 3212 1154 3261 αἱ
1184 3211 1318 3262 κατὰ
1362 3213 1522 3282 μέρος
1561 3211 1698 3283 ἦσαν
1729 3218 1908 3288 ψυχαί.

356 3291 496 3359 Αὐτὴ
528 3292 586 3342 δὲ
621 3294 655 3360 ἡ
690 3291 1028 3364 βασίλισσαή
1071 3297 1250 3367 μήτηρ
1293 3300 1395 3350 τῶν
1432 3301 1733 3376 θυγατέρων
1776 3324 1912 3377 παρ-

357 3378 482 3448 έστη
513 3381 578 3430 ὲκ
602 3381 796 3445 δεξιῶν
824 3383 985 3434 αὐτοῦ
1030 3385 1099 3436 ἐν
1126 3388 1408 3454 ἱματισμῷ
1439 3390 1734 3459 διαχρύσῳ
1759 3411 1913 3462 περι-

357 3467 716 3534 ϐεϐλημένη,
751 3472 1198 3539 πεποικιλμένη.
1223 3474 1316 3546 Ti;
1347 3475 1392 3528 δ’
1418 3476 1481 3528 ἂν
1513 3479 1596 3547 εἴη
1631 3481 1764 3552 αὐτὴ
1801 3483 1913 3534 ἀλλ’

355 3554 386 3619 ἢ
436 3556 586 3604 πᾶσα
624 3553 887 3624 καθολικὴ
928 3557 1302 3628 Ἐκκλησία,ἠ
1360 3560 1464 3612 ἀπὸ
1519 3565 1762 3632 περάτων
1814 3569 1912 3636 γῆς

356 3643 456 3705 ἕως
488 3643 749 3712 περάτων
798 3646 860 3695 ὲκ
889 3646 1100 3699 πάντων
1150 3648 1314 3701 ἐθνῶν
1371 3651 1789 3722 συνειλεγμένη;
1847 3658 1910 3723 ἣν

355 3733 512 3794 αὐτὸς
545 3733 732 3800 ἑαυτῷ
763 3735 1104 3804 ᾠκοδόμησεν
1154 3738 1244 3789 ἐπὶ
1289 3738 1385 3808 τὴν
1417 3741 1638 3809 πέτραν,
1694 3744 1826 3812 πρὸς
1852 3747 1910 3797 τὸ

359 3818 429 3888 μὴ
465 3821 641 3882 πύλας
674 3821 803 3890 ᾅδου
826 3824 1132 3891 κατισχύειν
1169 3826 1355 3894 αὐτῆς.
1390 3828 1724 3899 κυριώτερον
1750 3831 1795 3883 δ’
1845 3832 1909 3885 ἂν

355 3903 525 3965 simi;
553 3905 645 3955 διὰ
677 3904 868 3957 τούτου
893 3907 986 3975 τὴν
1023 3909 1334 3978 ἐπουράνιον
1361 3912 1643 3980 δηλοῦσθαι
1685 3917 1908 3988 Ἐκκλη-

2009 3205 2128 3274 ipsa
2179 3223 2306 3262 vero
2359 3210 2545 3278 regina
2593 3217 2764 3263 mater
2806 3213 3036 3268 ﬁliarum
3081 3217 3253 3270 astitit
3284 3233 3313 3271 a
3345 3220 3551 3275 dextris

2009 3295 2126 3361 ejus
2167 3297 2218 3347 in
2243 3297 2423 3349 vestitu
2445 3297 3055 3362 deaurato,circumduta
3091 3305 3359 3360 varietate.
3391 3306 3548 3370 Quaa-

2009 3395 2132 3434 nam
2183 3382 2296 3443 illa,
2329 3383 2434 3436 nisi
2464 3391 2574 3437 tota
2633 3384 2895 3439 catholica
2939 3387 3200 3452 Ecclesia.
3243 3405 3273 3443 a
3303 3395 3548 3449 terminis

2011 3475 2166 3522 terra
2187 3485 2358 3538 usque
2387 3471 2452 3523 ad
2487 3472 2746 3526 terminos
2773 3473 2891 3541 ejus
2919 3490 2983 3529 ex
3008 3478 3272 3533 universis
3296 3479 3545 3548 gentibus

2009 3558 2363 3624 congregata?
2383 3573 2541 3625 quam
2571 3559 2684 3628 ipse
2707 3559 2808 3614 sibi
2823 3561 3105 3616 aediﬁcavit
3121 3578 3281 3632 supra
3311 3572 3540 3634 petram,

2009 3649 2067 3694 ut
2098 3650 2265 3710 portae
2293 3643 2448 3698 inferi
2477 3659 2583 3698 non
2607 3648 2930 3713 praevaleant
2963 3649 3224 3704 adversus
3249 3664 3387 3704 eam.
3410 3649 3546 3704 Con-

2009 3734 2287 3799 gruentius
2340 3748 2503 3802 porro
2549 3734 2749 3789 dixeris
2805 3737 2888 3790 his
2926 3736 3218 3806 signiﬁcari
3264 3739 3542 3793 cmlestem

2008 3819 2455 3890 Ecclesiam,quae
2477 3830 2785 3876 sanctorum
2821 3823 3057 3877 virorum
3090 3826 3142 3878 in
3175 3834 3318 3880 terra
3346 3827 3543 3896 degen-

2009 3907 2139 3960 tium
2187 3916 2359 3963 mater
2394 3917 2495 3964 est.
2533 3909 2645 3963 Hoc
2678 3925 2808 3964 sane
2843 3911 3027 3964 docuit
3064 3913 3280 3968 divinus
3306 3915 3539 3984 Aposto-

2007 3993 2091 4048 lus
2114 4008 2234 4047 cum
2253 3995 2325 4049 ait
2357 4011 2371 4048 τ
2402 3995 2507 4048 Illa
2523 4005 2716 4058 autem,
2744 4011 2858 4065 qua:
2886 4012 3094 4050 sursum
3120 4008 3196 4051 est
3218 3997 3537 4065 Jerusalem,

2007 4080 2170 4134 libera
2201 4091 2312 4135 est:
2341 4099 2454 4152 qua:
2479 4091 2554 4136 est
2582 4092 2748 4135 mater
2782 4093 2962 4136 nostra
2981 4084 3046 4136 ⁸⁸.
3077 4083 3204 4138 Eam
3234 4087 3360 4140 item
3399 4101 3540 4142 nun-

352 3989 492 4050 σξαν,
525 3990 651 4057 ἥτις
687 3991 806 4040 ἐστὶ
835 3992 1014 4061 μήτηρ
1043 3994 1147 4045 τῶν
1191 3995 1282 4047 ἐπὶ
1327 3997 1430 4065 γῆς
1475 3999 1639 4066 ἁγίων
1682 4003 1904 4072 ἀνδρῶν.

345 4076 520 4128 Τοῦτο
544 4076 677 4142 γοῦν
709 4076 942 4142 ἐδίδαξεν
964 4081 992 4130 ό
1022 4079 1158 4143 θεῖος
1194 4082 1503 4148 Ἀπόστολος
1532 4087 1715 4141 εἰπών·
1760 4091 1820 4144 Ἡ
1842 4091 1908 4143 δὲ

336 4162 467 4215 ἀνω
501 4163 897 4230 Ἰερουσαλὴμ
915 4166 1193 4233 ἐλευθέρα
1208 4170 1397 4232 ἐστὶν,
1422 4171 1551 4236 ἣτις
1571 4174 1699 4226 ἐστὶ
1715 4175 1906 4243 μήτηρ

2018 4179 2162 4238 :upat
2189 4173 2444 4224 civitatem
2473 4171 2569 4224 Dei
2593 4172 2801 4224 viventis
2834 4171 3128 4226 Jerusalem
3175 4175 3448 4240 caelestem,
3481 4180 3538 4231 in

331 4248 539 4316 ἡμῶν.
572 4248 749 4299 Καλεῖ
774 4248 818 4300 δ’
840 4250 1005 4318 αὐτὴν
1042 4255 1134 4304 καὶ
1171 4255 1351 4307 πόλιν
1373 4258 1515 4309 Θεοῦ
1552 4257 1762 4325 ζῶντος
1805 4263 1904 4315 Ἰε-

2018 4258 2281 4310 nultorum
2307 4259 2526 4311 millium
2560 4259 2857 4327 angelorum
2891 4259 3323 4327 frequentiam,“
3359 4263 3538 4317 Eccle-

309 4335 670 4405 ρσυσαλὴμ
697 4337 1056 4402 ἐπουράνιον
1079 4340 1147 4391 ἐν
1168 4342 1450 4408 μυριάσιν
1484 4344 1750 4413 ἀγγέλων
1791 4367 1900 4403 πα-

2018 4348 2133 4398 :iam
2160 4348 2615 4416 primogenitorum
2647 4349 2736 4415 qui
2774 4350 3051 4416 conscripti
3075 4355 3193 4402 sunt
3232 4351 3287 4402 in
3311 4353 3454 4405 cretis
3468 4353 3534 4405 ".

315 4426 616 4493 νηγ-ὐρει,
632 4425 732 4476 καὶ
775 4425 1128 4492 Ἐκκλησίαν
1147 4431 1525 4493 πρωτοτόκων
1538 4434 1899 4505 ἀπογεγραμ-

2024 4450 2115 4501 psa
2136 4450 2262 4504 ergo
2295 4435 2452 4490 fuerit
2478 4435 2711 4504 perfecta
2731 4435 2930 4489 Christi
2961 4452 3180 4504 sponsa.
3212 4437 3384 4508 Hujus
3408 4456 3537 4495 vero

313 4512 542 4580 μένων
591 4511 664 4563 ἐν
705 4512 1012 4578 οὐρανοῖς,
1069 4515 1416 4569 συνεστῶσαν.
1475 4518 1620 4590 Αὕτη
1674 4525 1767 4591 μὲν
1812 4521 1903 4577 οῦν

2018 4522 2162 4574 iliam
2192 4523 2237 4575 si
2265 4523 2414 4576 dicas
2443 4522 2763 4585 Ecelesiam,
2799 4537 2918 4590 quae
2950 4523 3002 4577 in
3031 4532 3176 4580 terra
3201 4536 3302 4592 est,
3335 4544 3538 4597 nequa-

327 4601 420 4669 εἴη
477 4599 548 4653 ἂν
598 4603 632 4667 ή
670 4600 852 4652 τελεία
882 4602 1113 4670 Χριστοῦ
1137 4605 1335 4674 νύμφη.
1367 4607 1578 4678 Ταύτης
1606 4611 1660 4676 ,δ’
1693 4613 1790 4664 οὐκ
1837 4614 1903 4667 ἃν

2018 4624 2158 4678 luam
2189 4611 2542 4665 aberraveris.
2591 4611 2686 4664 Illa
2730 4620 2912 4666 autem
2957 4615 3167 4684 regina,
3207 4624 3393 4684 utpote
3414 4633 3534 4686 qua:

327 4689 616 4758 ἁμάρτοις
669 4688 944 4759 θυγατέρα
995 4693 1171 4759 φήσας
1237 4694 1496 4763 ὑπάρχειν
1544 4699 1640 4767 τὴν
1688 4701 1778 4753 ἐπὶ
1803 4703 1903 4771 γῆς

2023 4713 2106 4752 am
2132 4714 2237 4752 una
2267 4715 2387 4754 cum
2429 4714 2630 4768 sponso
2672 4711 2858 4770 regnet
2901 4717 3020 4769 suo,
3056 4719 3084 4756 a
3125 4705 3328 4760 dextris
3373 4705 3532 4776 Regis

337 4775 708 4844 Ἐκκλησίαν.
742 4777 1032 4829 Βασίλισσα
1062 4779 1106 4830 δ’
1140 4781 1336 4850 ἐκείνη,
1370 4783 1443 4845 ὡς
1465 4784 1528 4836 ἂν
1558 4787 1650 4856 ἢδη
1698 4790 1900 4858 συμσα-

2018 4786 2298 4840 :onsistere
2341 4786 2574 4851 dicitur;
2619 4788 2817 4856 quippe
2865 4805 2984 4857 qua:
3033 4806 3231 4858 sponsa
3271 4792 3392 4861 ejus
3441 4775 3530 4861 sit,

327 4864 634 4917 σιλεύουσα
667 4863 747 4932 τῷ
775 4866 970 4934 ἑαυτῆς
989 4868 1198 4935 νυμφίῳ
1215 4885 1228 4897 ·
1250 4869 1329 4921 διὸ
1350 4873 1412 4922 ὲκ
1436 4873 1619 4937 δεξιῶν
1641 4877 1901 4945 παρεστά·

2024 4875 2279 4943 psiusque
2328 4874 2529 4929 semina
2553 4875 2811 4943 excipiat,
2853 4891 3134 4945 praegnans
3164 4879 3235 4932 sit
3273 4887 3328 4934 et
3360 4884 3532 4950 pariat

323 4970 421 5005 ναι
476 4950 575 5002 τοῦ
601 4951 877 5012 Βασιλέως
927 4954 1161 5023 ετρηταυ
1197 4956 1290 5008 ἅτε
1327 4958 1509 5028 νύμφη
1547 4958 1678 5014 οὖσα
1709 4965 1893 5028 αὐτοῦ,

2018 4977 2209 5032 temper
2258 4963 2505 5030 spiritum
2550 4963 2738 5017 salutis
2771 4978 2786 5015 :
2818 4979 2936 5032 qua:
2976 4965 3101 5018 item
3140 4967 3336 5022 vestitu
3384 4971 3531 5039 regio

322 5043 426 5095 καὶ
453 5039 528 5091 τὰ
565 5040 696 5108 παρ’
730 5040 894 5091 αὑτοῦ
953 5042 1231 5111 σπέρματα
1275 5045 1550 5117 δεχομένη,
1607 5050 1806 5106 κύουσά
1837 5070 1896 5105 τε

322 5133 426 5186 καὶ
460 5128 730 5180 τίκτουσα
757 5127 844 5179 διὰ
872 5129 1070 5190 παντὸς
1100 5131 1307 5200 πνεῦμα
1338 5138 1629 5204 σωτηρέας’
1660 5139 1693 5208 ἢ
1717 5141 1806 5190 καὶ
1834 5141 1894 5192 τὸ

321 5216 622 5287 βασιλικὸν
643 5215 845 5284 ἔνδυμα
873 5215 1192 5282 περιτίθησι,
1209 5219 1265 5268 τὸ
1282 5223 1554 5286 φωτοειδὲς
1577 5226 1671 5292 τῆς
1699 5227 1897 5295 ἀφθαρ-

319 5307 459 5366 σίας
521 5303 761 5370 ἔνδυμαο
820 5303 849 5352 ὃ
875 5301 940 5369 δὴ
967 5340 982 5363 ,
1019 5307 1372 5370 πνευματικὸν
1411 5309 1576 5362 διόλου
1617 5314 1891 5381 τυγχάνον,

313 5399 457 5457 ταῖς
489 5397 613 5445 κατ’
629 5393 858 5462 οὐρανὸν
878 5391 1190 5458 amamur;
1210 5393 1459 5463 δυνάμεσι
1487 5416 1549 5451 πε
1557 5401 1880 5471 ριδέϐληται.

1999 5051 2260 5116 induitur,
2315 5049 2581 5119 pellucido
2631 5052 2840 5106 scilicet
2895 5053 3315 5123 incorruptionis
3374 5059 3532 5113 indu-

1998 5147 2178 5192 mento
2210 5156 2223 5189 ι
2252 5138 2391 5207 quod
2421 5153 2542 5190 eum
2574 5139 2853 5206 spirituale
2874 5154 3096 5208 prorsus
3125 5143 3215 5206 sit,
3250 5145 3528 5213 angelicis,

1997 5242 2115 5295 qua:
2139 5228 2190 5280 in
2213 5228 2348 5281 coelo
2367 5233 2513 5289 sunt,
2546 5227 2830 5284 virtutibus
2855 5229 3236 5287 circumdatur.
3270 5230 3380 5287 Hoc
3404 5249 3530 5302 por-

1997 5331 2058 5370 ro
2089 5317 2472 5376 indumentum,
2509 5315 2826 5371 deauratum
2871 5319 2958 5372 hic
3000 5318 3220 5372 dicitur.
3258 5319 3391 5378 illud
3433 5338 3528 5375 su-

1997 5414 2124 5465 lem,
2159 5401 2480 5457 circumdata
2506 5406 2772 5469 varietate,
2800 5422 2970 5476 neque
2993 5406 3045 5460 in
3071 5406 3331 5464 Hebraico
3355 5418 3526 5473 textu.

394 5546 448 5576 τι
490 5542 622 5597 σω,
669 5557 826 5601 xL-x,
872 5539 938 5593 1'2
1012 5538 1055 5569 '°
1094 5540 1298 5596 Coloss.
1337 5560 1425 5606 ιιι,
1587 5550 1627 5579 ⁸¹
1671 5551 1840 5604 Galut.
1877 5568 1913 5606 ιι

2018 5554 2069 5606 ὃ.
2145 5555 2187 5585 ⁸³
2218 5554 2369 5607 Hebr.
2394 5566 2465 5603 xu
2487 5590 2500 5616 ,
2533 5553 2621 5608 22.
