3812 6362
657 416 759 473 lli

1353 402 1614 461 EUSEBII
1648 396 2116 455 CESARIENSIS
2150 396 2298 452 OPP.
2339 393 2521 449 PARS
2542 393 2649 448 'Ill.
2690 421 2761 433 —
2794 389 3123 448 EXEGETICA.
3561 377 3572 429 ι

661 523 787 577 Non
805 522 947 576 ultra
984 519 1241 575 vocabitur
1272 531 1451 568 nomen
1468 523 1610 567 tuum
1655 511 1843 576 Iacob,
1902 510 1989 564 sed
2025 510 2166 564 Israe

2064 511 2193 564 Irael
2220 520 2264 576 Α
2291 510 2417 589 γὰρ,
2442 508 2624 577 φησιν,
2656 506 2751 560 ἄνθ
2760 523 2929 577 ρωπος
2945 506 3027 576 μετ’
3047 501 3197 566 αὑτοῦ,
3217 499 3268 561 ὃς
3286 495 3369 589 καί
3385 489 3507 589 εἴπεν
3527 492 3569 589 ai

652 614 752 667 erit
777 627 954 665 nomen
978 618 1139 669 tuum,
1169 605 1289 674 quia
1317 604 1635 671 prtevaluisti
1681 619 1797 655 cum
1830 601 1956 655 Deo.
1982 600 2050 653 Et
2081 617 2200 654 sur-

656 713 776 764 gens
800 694 960 747 Jacob
996 692 1189 745 vocavit
1236 704 1415 741 nomen
1457 688 1555 742 loci
1588 688 1755 750 illius,
1790 685 2019 753 Speciem
2078 686 2195 750 Dei,

548 812 555 817 ι
655 784 825 836 dicens
860 799 877 833 :
920 779 1034 833 Vidi
1052 780 1185 831 enim
1241 778 1520 830 Dominum
1551 776 1684 844 facie
1710 776 1777 827 ad
1803 776 1990 842 faciem
2013 775 2077 826 ”.
2111 773 2197 827 Si-

2296 582 2415 649 Οὺκ
2442 597 2528 649 ἔτι
2554 594 2920 661 κληθήσεται
2940 595 2987 646 τὸ
3007 591 3153 660 ὄνομά
3183 604 3285 643 σου
3330 578 3526 644 Ἰακὼϐ,
3558 582 3572 635 t‘

2303 684 2534 751 Ἰσραὴλ
2556 682 2724 735 ἔσται
2750 684 2817 737 τὸ
2848 682 3001 750 ὄνομά
3015 696 3133 734 σου·
3155 678 3237 731 ὅτι
3262 675 3574 739 ἐνίσχυσαςέ

2292 773 2455 825 Θεοῦ.
2490 772 2594 824 Καὶ
2621 770 2890 834 ἀναστὰς
2931 766 3079 823 Ἰακὼὸ
3101 766 3324 820 ἐκάλεσε
3344 762 3404 815 τὸ
3429 760 3572 827 ὄνομα

655 869 865 936 quidem
898 867 984 919 hic
1023 866 1137 934 ipse
1167 873 1249 919 est
1280 864 1370 933 qui
1406 863 1508 918 sub
1539 862 1715 931 specie
1741 861 1975 915 hominis
1994 859 2157 914 Jacob

2068 862 2193 914 cobo
2287 862 2471 914 τόπου
2514 860 2774 923 ἐκείνου,
2807 855 2968 923 Εἶδος
3012 855 3144 920 Θεοῦ,
3185 849 3383 936 εἰπὼν·
3434 846 3573 906 Εἶδον

653 954 913 1023 apparuit.
945 954 1063 1022 Ipse
1076 960 1251 1006 autem
1277 959 1359 1006 est
1388 951 1635 1004 Dominus
1658 951 1900 1002 virtutum
1918 947 2184 1001 nobiscum

649 1049 701 1093 et
731 1041 844 1108 ipse
870 1046 953 1092 est
1005 1048 1268 1106 susceptor
1310 1046 1484 1092 noster
1526 1038 1660 1089 Deus
1691 1034 1875 1089 Iacob.
1916 1033 2020 1089 Per
2062 1050 2183 1091 eum

648 1129 789 1182 enim
811 1143 974 1196 supra
1002 1134 1293 1180 memorata
1320 1126 1498 1178 omnia
1526 1131 1669 1177 recte
1690 1124 1975 1194 gessimus.

648 1218 832 1287 ἡμῶν,
872 1220 964 1271 καὶ
991 1218 1148 1279 αὐτός
1208 1218 1351 1269 ἐστιν
1382 1216 1748 1282 ἀντιλήπτωρ
1798 1215 1964 1282 ἡμῶν
2004 1216 2038 1268 ό
2060 1215 2223 1283 ⁸Θεὸς

646 1308 973 1379 κατωρθώσα
980 1325 1095 1377 μεν.

716 1395 877 1450 Vens.
908 1384 961 1458 9,
1000 1396 1084 1449 l0.
1130 1396 1305 1449 Venite
1339 1405 1387 1449 et
1435 1396 1596 1449 videte
1623 1411 1774 1463 opera
1808 1396 2040 1459 Domini,
2066 1410 2182 1464 qua:

643 1486 811 1538 posuit
856 1484 1093 1552 prodigia
1130 1500 1281 1551 super
1334 1493 1544 1548 terram,
1601 1484 1839 1550 auferens
1861 1484 1995 1537 bella
2028 1501 2185 1553 usque

643 1572 712 1623 ad
744 1573 870 1639 ﬁnes
892 1580 1060 1623 terrea.
1084 1572 1274 1623 Arcum
1304 1581 1524 1624 conteret
1566 1581 1610 1622 et
1639 1572 1923 1639 confringet
1958 1588 2106 1624 arma
2133 1582 2183 1625 et

642 1668 790 1713 scuta
832 1659 1097 1724 comburet
1149 1660 1275 1727 igni.
1324 1658 1472 1711 Licet
1501 1661 1673 1715 cuivis
1721 1669 1960 1728 tempora
1997 1674 2180 1714 secum

642 1751 932 1817 reputanti,
980 1750 1092 1804 haec
1127 1752 1194 1802 ad
1236 1752 1465 1805 litteram
1518 1753 1732 1819 impleta
1762 1752 2177 1819 deprehendere.

645 1836 919 1905 Siquidem
948 1847 1070 1894 ante
1103 1839 1395 1894 Salvatoris
1447 1843 1616 1893 nostri
1648 1842 1954 1905 adventum,
1980 1842 2179 1910 princi—
2210 1859 2252 1914 Β

641 1934 798 1993 palus
832 1941 895 1981 ac
921 1926 1155 1981 dominia
1182 1929 1233 1981 in
1278 1928 1504 1996 singulis
1539 1930 1844 1997 regionibus
1874 1939 1928 1984 et
1960 1931 2180 1985 urbibus

642 2022 797 2067 erant
823 2033 837 2066 :
860 2029 923 2067 ac
949 2015 1001 2066 in
1028 2016 1264 2082 quolibet
1303 2024 1459 2069 terra:
1518 2019 1712 2086 angulo
1752 2018 1890 2072 bella
1924 2020 2183 2088 gereban-

644 2104 863 2167 tur;ita
912 2112 967 2156 ut
1005 2104 1087 2157 vel
1126 2104 1228 2171 ipsi
1286 2105 1479 2157 rustici
1510 2106 1601 2173 qui
1628 2113 1825 2159 terram
1856 2106 2178 2170 incolebant,

640 2193 833 2256 bastis,
862 2194 1053 2262 gladiis
1084 2194 1337 2262 omnique
1366 2196 1595 2249 telorum
1648 2212 1841 2264 genere
1861 2212 1919 2251 se
1947 2198 2181 2251 instruc-

638 2290 774 2333 rent.
811 2281 875 2332 At
900 2290 1020 2350 post
1065 2283 1308 2335 divinum
1343 2282 1637 2337 Salvatoris
1666 2284 1974 2347 adventum,
2016 2300 2181 2337 unum

638 2367 937 2423 Romanum
969 2371 1248 2438 imperium
1280 2372 1538 2439 plurimas
1566 2380 1752 2441 gentes
1780 2388 2045 2442 occupare
2077 2389 2184 2427 cu:-

639 2456 717 2523 pit
746 2472 759 2507 :
794 2456 1245 2526 Evangeliumque
1294 2459 1551 2523 salutare,
1585 2461 1725 2527 quod
1761 2476 1868 2514 uno
1884 2462 2180 2530 eodemque

642 2550 884 2609 tempore
937 2553 1181 2598 exortum
1234 2552 1337 2609 est,
1363 2546 1416 2598 in
1447 2561 1633 2601 omnes
1688 2557 1874 2616 gentes
1926 2550 2175 2616 pervasit.

643 2628 900 2698 Tuncque
920 2631 1240 2698 implebatur
1256 2635 1358 2685 alia
1393 2635 1688 2702 prophetia,
1723 2634 1870 2689 Isaia:
1906 2650 2035 2690 voce
2056 2653 2179 2705 pro—

638 2713 771 2777 lata,
809 2714 893 2769 bis
929 2716 1141 2771 verbis:
1179 2716 1246 2769 Et
1277 2719 1572 2785 conﬂabunt
1602 2720 1803 2788 gladios
1829 2738 1947 2775 suos
1980 2723 2033 2774 in
2057 2740 2181 2776 ara-

644 2810 749 2865 tra,
777 2811 826 2855 et
856 2802 1061 2857 lanceas
1105 2822 1229 2860 suas
1258 2807 1311 2859 in
1335 2807 1514 2874 falces.
1558 2807 1625 2860 Et
1678 2824 1780 2861 non
1819 2811 2031 2877 accipiet
2057 2827 2178 2879 gens

640 2900 820 2943 contra
847 2901 1042 2960 gentem
1092 2895 1341 2963 gladium,
1402 2913 1490 2949 nec
1531 2898 1899 2951 exercebuntur
1920 2900 2061 2952 ultra
2109 2902 2177 2953 ad

634 2979 873 3047 prwlium
892 2982 930 3035 ¹.
956 2980 1079 3035 Haec
1109 2983 1271 3051 igitur
1282 2986 1531 3053 praesenti
1549 3001 1796 3041 sermone
1811 2987 2175 3054 declarantur,

636 3076 798 3137 atque
825 3068 982 3124 linem
1011 3072 1199 3125 sortita
1251 3080 1396 3137 sunt,
1425 3073 1491 3126 ad
1525 3075 1753 3128 litteram
1786 3076 2002 3145 quidem
2027 3087 2082 3131 ut
2120 3080 2175 3133 in

2291 949 2435 1000 Θεὸν
2464 950 2785 1015 πρόσωπον
2812 946 2951 1014 πρὸς
2965 948 3249 1014 πρόσωπον.
3279 934 3432 1001 Οὗτος
3459 938 3549 1009 γὰρ

2288 1038 2491 1100 ἐκεῖνος
2529 1040 2557 1089 ὁ
2586 1040 2642 1089 ὲν
2686 1036 2961 1107 ἀνθρώπου
2986 1037 3177 1105 σχήματι
3204 1032 3279 1102 τῷ
3329 1028 3508 1084 Ἰακὼϐ
3544 1047 3573 1096 φ

2286 1125 2456 1187 Αὐτὸς
2492 1124 2548 1176 δέ
2576 1127 2723 1178 ἐστιν
2771 1128 2803 1178 ό
2856 1126 3036 1191 Κύριος
3079 1122 3179 1175 τῶν
3223 1118 3510 1186 δυνάμεων
3550 1120 3572 1168 d

2270 1215 2478 1270 Ἰακώϐ.
2532 1217 2607 1268 Δι’
2670 1215 2836 1269 αὐτοῦ
2866 1216 2962 1284 γὰρ
3011 1214 3063 1269 τὰ
3113 1212 3548 1285 προγεγραμμένα.

2352 1391 2526 1445 Δεῦτε
2556 1391 2655 1445 καὶ
2696 1392 2854 1445 ιδετε
2888 1390 2953 1444 τὰ
2981 1394 3099 1460 ἔργα
3120 1390 3217 1444 τοῦ
3270 1389 3483 1456 Κυρίου
3510 1429 3523 1452 ,
3560 1388 3574 1441 ἰ

2282 1478 2491 1545 τέρατα
2522 1479 2620 1530 ἐπὶ
2640 1479 2751 1545 τῆς
2783 1479 2916 1546 τῆς,
2956 1476 3293 1543 ἀνταναιρῶν
3314 1477 3567 1543 πολέμου

2281 1567 2396 1618 τῶν
2425 1567 2689 1633 περάτων
2710 1567 2822 1633 τῆς
2840 1566 2965 1635 γῆς.
2991 1566 3150 1630 Τόξον
3169 1566 3509 1632 συντρίψει,
3532 1582 3574 1617 κε

2282 1653 2491 1706 κλάσει
2517 1655 2728 1719 ὅπλον,
2759 1656 2859 1708 καὶ
2885 1655 3105 1721 θυρεοὺς
3143 1656 3505 1710 κατακαύσει
3552 1655 3574 1705 ἐ

2282 1743 2434 1795 Ἔστι
2455 1759 2537 1809 γε,
2565 1745 2934 1812 ἐπιστήσαντα
2959 1747 3056 1805 τοῖς
3083 1745 3295 1813 χρόνοις
3314 1783 3329 1808 ,
3376 1744 3475 1796 καὶ
3504 1760 3573 1812 πρ

2280 1830 2416 1881 αὑτὰ
2471 1830 2642 1882 ταῦτα
2690 1831 3076 1900 πεπληρωμένα
3132 1832 3512 1901 παραλαὸεῖν·
3564 1850 3574 1882 ι

2286 1920 2382 1986 τῆς
2407 1917 2499 1969 τοῦ
2534 1919 2783 1987 Σωτῆρος
2828 1920 2978 1988 ἡμῶν
3007 1921 3325 1987 ἐπιφανείας
3349 1938 3572 1993 τοποκρς

2282 2006 2566 2076 τοπαρχίαι
2598 2007 2737 2059 κατὰ
2765 2006 2946 2077 χώρας
2973 2004 3102 2077 ἦσαν
3138 2010 3238 2062 καὶ
3296 2010 3445 2063 κατὰ
3488 2012 3573 2063 πό]

2281 2093 2432 2163 λεμοί
2466 2112 2525 2146 τε
2554 2094 2869 2148 συνίσταντο
2912 2097 3026 2149 καθ’
3047 2097 3292 2169 ἑκάστην
3331 2101 3543 2168 γωνίαν

2281 2179 2354 2241 ὼς
2380 2180 2471 2232 καὶ
2503 2181 2695 2241 αὐτοὺς
2716 2183 2844 2244 τοὺς
2872 2184 3193 2250 γεωπόνους,
3238 2185 3347 2256 τὴν
3392 2187 3572 2257 χώραν

2284 2266 2491 2334 μένους,
2523 2268 2761 2335 δοράτων
2791 2271 2887 2321 καὶ
2912 2270 3073 2339 ξιφῶν
3109 2275 3211 2326 καὶ
3236 2276 3531 2328 παντοίων
3564 2298 3569 2309 ί

2279 2356 2453 2408 ὅπλων
2484 2357 2878 2425 ἐπιμελεῖσθαι.
2917 2361 3066 2413 Μετὰ
3092 2362 3150 2414 δὲ
3194 2364 3314 2433 τὴν
3370 2369 3571 2436 σωτήρ

2277 2459 2421 2494 νειαν
2456 2444 2719 2513 μόναρχος
2742 2447 2840 2513 μὲν
2873 2449 2906 2517 ἡ
2943 2446 3234 2518 Ῥωμαίων
3271 2452 3550 2521 βασιλεία

2279 2531 2540 2584 πλείστων
2576 2532 2745 2585 ἐθνῶν
2782 2536 3012 2603 ἠρξατο·
3057 2538 3332 2612 διέτρεχε
3384 2544 3453 2596 δὲ
3498 2563 3567 2598 συ

2277 2622 2409 2688 αὐτῇ
2455 2622 2514 2673 τὸ
2547 2624 2809 2693 σωτήριον
2843 2626 3181 2695 Εὑαγγέλιον
3228 2633 3331 2694 εἰς
3389 2636 3570 2688 πάντα

2290 2711 2620 2781 Ἐπληροῦτο
2650 2713 2707 2764 δὲ
2735 2714 2827 2766 καὶ
2854 2714 2989 2785 ἄλλη
3023 2723 3404 2788 προφητεία,
3444 2720 3565 2777 ὧδὲ

2278 2798 2439 2851 νοῦσα
2468 2800 2557 2852 διὰ
2588 2802 2806 2854 Ἡσαΐου
2827 2818 2840 2832 ’
2865 2803 2975 2856 Καὶ
3009 2809 3463 2876 συγκόψουσι
3494 2815 3570 2867 τὰ

2281 2889 2479 2942 αὐτῶν
2501 2892 2586 2955 είς
2614 2891 2851 2959 ἄροτρα,
2882 2893 2982 2946 καὶ
3004 2894 3119 2959 τὰς
3143 2894 3435 2968 ζιὸύνας
3460 2906 3572 2958 αὕη

2277 2990 2451 3031 παι-α’
2467 2979 2563 3030 καί
2579 2981 2649 3032 οὐ
2663 2980 2748 3047 μὴ
2768 2982 3031 3049 λήψεται
3051 2985 3252 3052 ἔθνος
3271 2990 3406 3043 ἐπὶ
3431 2994 3572 3047 ἐθνι

2277 3065 2374 3117 καὶ
2400 3068 2470 3118 οὐ
2491 3066 2577 3135 μὴ
2592 3068 2867 3135 μάθωσιν
2888 3073 2979 3124 ἔτι
3000 3078 3369 3144 πολεμεῖν-
3406 3083 3568 3135 Ταῦπ

638 3159 863 3212 historia
904 3175 1067 3228 supra
1120 3170 1456 3228 memorata;
1498 3165 1640 3231 quod
1680 3166 1747 3219 ad
1775 3180 2023 3219 arcanam
2050 3183 2140 3221 ver

2066 3183 2175 3222 γει-ο
2202 3149 2244 3205 C
2274 3152 2360 3205 διὰ
2398 3155 2509 3208 τῶν
2568 3157 2852 3226 παρόντων
2878 3159 3180 3230 δηλοῦται,
3218 3169 3341 3220 καὶ
3379 3172 3571 3225 τε).ου

635 3251 891 3309 mentem,
924 3262 1019 3314 per
1049 3248 1412 3316 Spiritualium
1459 3262 1511 3305 et
1547 3251 1895 3307 invisibilium
1929 3254 2177 3310 inimico-

635 3348 753 3386 rum
772 3334 1083 3402 perniciem.
1118 3335 1340 3391 Lanceae
1362 3354 1546 3406 porro,
1585 3341 1691 3395 tela
1723 3350 1776 3396 et
1806 3352 1955 3397 scuta
1995 3344 2178 3399 adver-

635 3421 899 3475 sariarum
931 3430 1275 3490 potestatum,
1300 3440 1419 3480 esse
1456 3427 1704 3483 videntur
1723 3430 2009 3483 inanimata
2031 3433 2175 3486 scul-

634 3509 784 3578 ptilia
832 3517 886 3564 et
914 3518 1102 3565 statua:
1130 3528 1223 3582 per
1260 3515 1633 3583 multiplicium
1663 3518 1899 3587 deorum
1938 3535 2172 3575 errorem

634 3590 888 3656 invectae;
915 3593 1025 3646 sive
1058 3595 1218 3645 etiam
1248 3594 1391 3647 atliei
1414 3596 1512 3648 viri
1528 3607 1580 3650 et
1600 3597 1774 3667 impia:
1802 3602 2170 3670 cogitationes,

635 3676 703 3731 ab
724 3677 1082 3732 invisibilibus
1133 3679 1409 3747 spiritibus
1443 3682 1497 3734 in
1532 3691 1737 3738 mentes
1792 3686 2065 3739 hominum
2092 3688 2172 3741 in-

634 3767 827 3830 ducta),
858 3767 1009 3835 queis
1034 3768 1362 3835 jaculantur,
1390 3778 1443 3823 et
1480 3770 1647 3845 ignita
1666 3774 1767 3826 tela
1806 3784 1994 3829 contra
2031 3779 2173 3832 iner—

634 3868 750 3915 mes
777 3853 987 3910 aninias
1010 3862 1062 3913 et
1093 3855 1195 3910 lide
1234 3871 1343 3910 non
1372 3844 1607 3914 muiiitas
1640 3858 1966 3931 imniittunt._

701 4111 865 4168 Vsus.
914 4115 998 4168 ll.
1060 4116 1252 4170 Vacate
1308 4125 1359 4169 et
1422 4114 1584 4168 videte
1628 4117 1871 4184 quoniam
1913 4132 2004 4186 ego
2053 4134 2169 4171 sum

632 4201 792 4267 Deus,
843 4204 1115 4259 exaltabor
1157 4206 1210 4258 in
1260 4204 1495 4274 gentibus
1547 4214 1594 4257 et
1614 4204 1884 4257 exaltabor
1915 4204 1968 4258 in
2005 4214 2165 4259 terra.

616 4290 767 4356 Quia
816 4293 952 4347 bella
978 4294 1191 4349 demum
1223 4302 1565 4349 cessaverant
1595 4303 1646 4347 et
1685 4295 2012 4362 perturbatio
2040 4295 2169 4350 sub-

633 4379 739 4433 lata
798 4390 933 4448 erat,
987 4399 1194 4453 paxque
1236 4384 1504 4453 profunda
1550 4383 1619 4437 iis
1669 4384 1918 4439 omnibus
1954 4385 2047 4454 qui
2100 4380 2164 4440 in

632 4475 775 4520 terra
799 4472 1148 4526 versabantur
1188 4483 1337 4541 parta
1390 4473 1596 4537 fuerat;
1625 4471 1746 4539 jure
1767 4476 2163 4541 opportunitate

632 4554 700 4607 ad
730 4555 929 4609 bonum
959 4559 1056 4621 uti,
1078 4573 1237 4630 atque
1264 4564 1432 4616 otium
1471 4562 1661 4617 animm
1693 4562 1927 4616 salutare
1948 4563 2162 4632 assequi

630 4643 849 4711 expetit.
874 4642 1051 4708 Quare
1068 4650 1173 4703 ait:
1210 4650 1396 4704 Vacate
1409 4659 1456 4703 et
1481 4650 1765 4718 cognoscite
1788 4665 1806 4702 :
1833 4665 2007 4718 neque
2022 4652 2163 4705 enim

629 4734 802 4801 possit
833 4734 1098 4803 quispiam
1133 4739 1327 4795 divinae
1376 4740 1700 4810 cognitionis
1720 4739 1988 4809 particeps
2020 4756 2159 4804 esse,

630 4820 734 4875 nisi
762 4831 916 4876 vacet
940 4823 1008 4877 ab
1042 4824 1123 4877 cis
1169 4841 1287 4895 quae
1315 4829 1380 4882 ad
1428 4828 1698 4883 contraria
1750 4827 1987 4880 trahunt.
2014 4826 2162 4883 Unde

632 4909 821 4964 merito
876 4926 969 4966 rex
1029 4912 1266 4983 Egypti,
1302 4926 1489 4972 contra
1541 4919 1707 4973 otium
1745 4917 2162 4985 bujusmodica-

631 4995 847 5051 lumniis
874 5014 1300 5071 praeoccupatus,
1342 5007 1409 5061 iis
1427 5008 1519 5076 qui
1545 5007 1823 5060 dicebant:
1855 5006 2032 5059 Trium
2054 5007 2161 5060 die-

633 5098 744 5135 rum
786 5085 964 5141 itinere
983 5092 1385 5160 progrediemur,
1419 5106 1467 5149 et
1497 5099 1769 5150 serviemus
1803 5095 2024 5149 Domino
2054 5098 2160 5151 Deo

631 5180 805 5225 nostro
822 5175 842 5203 ¹
869 5191 883 5238 ;
917 5175 999 5230 bis
1016 5180 1189 5234 verbis
1211 5186 1523 5252 respondet:
1558 5185 1786 5247 Vacalis,
1809 5186 2095 5240 otiosiestis
2116 5188 2157 5241 ³.

631 5256 831 5349 Deinde
877 5277 999 5316 cum
1034 5270 1201 5349 nollet
1235 5272 1382 5341 ipsos
1412 5274 1520 5331 Deo
1566 5290 1777 5340 vacare,
1808 5277 1919 5330 luto
1948 5284 2001 5330 et
2024 5278 2155 5333 late—

633 5345 750 5429 ritio
788 5357 948 5410 opere
993 5346 1176 5401 alllixit
1218 5367 1331 5406 eos.
1381 5357 1451 5410 At
1494 5358 1653 5414 nobis
1684 5359 1720 5413 ii
1752 5361 1840 5429 qui
1877 5359 1930 5413 in
1982 5367 2151 5415 totum

633 5426 814 5477 συνείη
844 5429 1111 5499 Principes
1131 5440 1409 5496 constituti
1429 5455 1572 5512 sunt,
1598 5426 1886 5503 inclamant
1917 5455 1974 5501 ut
1995 5464 2153 5503 vace-

2278 3240 2454 3309 ρητῶς
2495 3242 2591 3310 μὲν
2649 3243 2790 3296 κατὰ
2816 3245 2917 3314 τὴν
2946 3247 3372 3308 ἀποδοθεῖσαν
3449 3258 3569 3310 ίστ⁴

2273 3329 2519 3394 διάνοιαν,
2539 3333 2677 3384 κατὰ
2706 3334 2803 3404 τὴν
2826 3335 2939 3387 τῶν
2963 3340 3201 3409 νοητῶν
3231 3345 3357 3396 καὶ
3402 3349 3572 3416 ἀορό

2273 3418 2600 3489 καθαίρεσιν.
2642 3423 2854 3491 Δόρατα
2908 3425 2969 3477 δὲ
3018 3428 3130 3480 καὶ
3195 3431 3429 3500 ὅπλα,
3474 3439 3569 3489 κα

2272 3505 2652 3575 ἀντικειμένων
2703 3509 2996 3578 δυνάμεων
3074 3515 3425 3586 ἐποίησαν
3500 3521 3573 3577 εἵη

2275 3592 2433 3655 ξόανα
2457 3595 2546 3645 καὶ
2568 3594 2633 3646 τὰ
2662 3595 2959 3666 ἀγάλματα
2982 3604 3106 3671 τῆς
3135 3606 3505 3664 πολυῦέου
3561 3633 3572 3647 σ

2271 3688 2395 3750 τοὺς
2425 3689 2612 3751 ἀθέους
2664 3691 2861 3760 ἄνδρας
2914 3696 3023 3747 καὶ
3068 3700 3228 3762 τοὺς
3310 3703 3574 3761 δυσ-σεε

2270 3777 2392 3838 τοὺς
2427 3778 2544 3837 ταῖς
2586 3776 2843 3841 διανοίαις
2882 3781 3005 3835 τῶν
3046 3785 3467 3857 ἀνθρώπων
3552 3800 3574 3851 Ε

2270 3863 2373 3914 ὑπὸ
2401 3864 2506 3915 τῶν
2535 3866 2779 3934 ἀοράτων
2810 3874 3231 3941 πνευμάτων,
3280 3880 3376 3932 δι’
3413 3877 3540 3939 ὧν

2268 3953 2629 4017 ἀκοντίζοντες
2657 3954 2724 4007 τὰ
2755 3963 3199 4031 πεπυρωμένα
3247 3967 3441 4041 βέλη
3500 3994 3574 4028 κς

2269 4058 2408 4096 κτων
2434 4043 2526 4096 καὶ
2553 4043 2627 4113 μὴ
2658 4048 2724 4115 τῇ
2750 4048 2940 4101 πίστει
2973 4060 3573 4126 πεφραγμένων

2336 4131 2678 4198 Σχολὰσατε
2709 4135 2810 4187 καὶ
2862 4138 3095 4206 γνῶτε
3128 4181 3149 4205 ,
3217 4145 3349 4199 ὅτι
3394 4150 3574 4220 ἐγώ

2267 4219 2653 4308 ὐιίιωθήσομᾳι
2678 4222 2747 4274 ἐν
2770 4225 2894 4291 τοῖς
2929 4228 3301 4299 ἔθνεσιν,
3351 4219 3574 4308 indta“

2267 4305 2359 4374 γῆ.
2389 4308 2605 4378 Ἐπειδὴ
2634 4309 2817 4364 λοιπὸν
2843 4314 3162 4375 πέπαυτο
3200 4324 3304 4376 τὰ
3344 4305 3495 4381 τοὶ-τ)
3554 4352 3574 4385 τ

2266 4394 2388 4486 λυτο
2418 4396 2599 4486 τὰᾼτῆς
2627 4403 2891 4472 ταραχῆς,
2956 4407 3229 4480 εἰρήνη
3294 4413 3384 4466 δὲ
3448 4418 3569 4486 βα.

2264 4484 2355 4535 ἐπὶ
2370 4487 2468 4553 γῆς
2495 4484 2692 4542 ἅπασιν
2714 4504 2726 4518 ·
2751 4491 3002 4558 εἰκότως
3040 4497 3429 4566 βούλεται
3456 4484 3556 4562 εἰ

2263 4572 2338 4647 τῷ
2368 4572 2559 4650 καιρῷ,
2611 4578 2706 4635 καὶ
2760 4581 2973 4652 σχολὴν
3043 4587 3508 4651 ἀναλαϐεῖν

2262 4660 2352 4711 Διό
2412 4677 2540 4730 φησι
2561 4679 2573 4692 ·
2600 4667 2966 4733 Σχολάσιιτε
2994 4677 3145 4729 καὶ
3198 4683 3540 4747 γνῶτεο

2264 4749 2377 4800 ἔστι
2402 4750 2649 4816 γνώσεως
2692 4764 3019 4829 μετασχεῖν
3057 4764 3301 4833 Θείας
3336 4813 3359 4834 ,

2264 4837 2601 4905 ἀφελκόντων
2630 4841 2721 4893 ἐπὶ
2749 4845 3083 4904 τάναντία.
3138 4837 3453 4916 Ἐνθεν

2258 4926 2458 4991 τύπτου
2491 4927 2762 4995 βασιλεὺς,
2797 4937 2945 5005 πρὸς
2996 4942 3150 5011 τὴν
3225 4955 3524 5007 τοιαῦτ

2261 5014 2470 5109 σχολὴν,
2493 5018 2602 5078 τοῖς
2628 5021 2963 5086 φάσκουσινο
3013 5030 3284 5090 Ὀδόν
3318 5046 3514 5109 τριᾶ

2258 5103 2499 5200 σόμεθιι,
2534 5109 3175 5200 καί-λατρεύσομεν
3244 5131 3325 5181 Κ
3332 5103 3498 5200 rev-pi-

2257 5191 2606 5288 ἐποκρίνεται
2636 5198 2808 5269 λέγων
2833 5221 2846 5234 ·
2886 5191 3435 5288 Σχολάζετεψ,

2256 5272 2409 5339 Εἶτα,
2541 5283 2863 5380 ξουλόμενος
2900 5272 3381 5380 αὖτοὺς-τῆξ
3412 5272 3480 5367 ,6

2254 5370 2490 5475 ταιτονείν
2502 5370 2580 5440 τῷ
2608 5376 2766 5475 ειττὲλῷ
2792 5383 2889 5435 καὶ
2916 5389 3018 5458 τῇ
3068 5370 3469 5475 πλινθυείᾳ

2260 5458 2623 5528 καταστάντες
2655 5468 2923 5542 ἄρχοντες
2977 5481 3127 5543 ἐπὶ
3176 5458 3460 5550 πᾶσαν

703 5568 748 5601 ⁹⁹
783 5570 915 5627 Gen.
947 5590 1123 5646 run,
1156 5583 1340 5643 28-30.
1414 5595 1427 5625 ’
1459 5594 1570 5664 με.
1605 5614 1679 5668 ιι,
1710 5599 1763 5654 4.
1819 5604 1847 5667 ,θ
1888 5599 2052 5661 Exod.
2088 5617 2141 5668 v,
2173 5600 2205 5655 5

1156 5583 1340 5643 28-30.
1414 5595 1427 5625 ’
1459 5594 1570 5664 με.
1605 5614 1679 5668 ιι,
1710 5599 1763 5654 4.
1819 5604 1847 5667 ,⁹
1888 5599 2052 5661 Exod.
2088 5617 2141 5668 v,
2173 5600 2224 5655 5.
2301 5604 2321 5635 ³
2351 5605 2481 5665 ibid.
2520 5613 2640 5676 5-8.
