3812 6358
18 426 85 479 “3
804 414 813 419 ’
1248 399 1644 457 COMMENTM

1781 405 1847 461 1N
1887 402 2220 477 PSALMOS.

3212 415 3314 469 6M

24 530 195 596 “ML;
212 512 360 596 ιν.-
387 504 657 572 καρπὸν
698 509 848 584 ”τῆς
880 517 1069 585 σχολῆς
1097 514 1543 584 ἐπαγγελλόμενοι
1583 516 1644 585 τὴ

1780 532 1921 581 mus,
1950 513 2247 572 vacationis
2264 514 2491 571 fructum
2529 515 2842 584 pollicentes
2870 517 3103 585 divinam
3129 533 3314 590 cognt-

36 591 171 669 περ..
212 591 509 671 γνῶσιν.
553 599 770 654 Λα.λεῖ
826 608 887 659 δὲ
919 611 947 661 ὁ
991 608 1121 670 Θεὸς
1171 605 1235 657 δι’
1284 606 1457 657 αὐτῶν
1484 605 1678 672 λέγων·

47 705 225 763 non,
268 683 377 736 ὅτι
409 685 550 753 ἐγώ
590 692 738 758 ειμι
775 699 813 748 ό
841 698 1017 760 Θεός·
1052 696 1184 748 ἀλλὰ
1208 695 1301 747 και
1329 696 1415 747 ὅτι
1449 694 1682 761 soboli.

63 804 206 852 σομαι
247 778 337 832 ἐν
390 775 544 840 τοῖς
609 779 917 847 ἔθνεσιν,
964 784 1347 851 ὐψωθήσομαι
1391 784 1459 835 ἐν
1485 782 1558 848 τῇ
1585 782 1679 850 γῇ.

60 874 210 923 nam
229 868 344 938 μὶν
369 863 501 931 γὰρ
524 869 715 936 παρὰ
757 872 1041 935 Ἰουδαίοις
1068 871 1436 940 ὲγινωσκόμην
1485 870 1679 938 μόνοις,

70 961 142 1009 ὅτε
170 950 455 1023 γνωστὸς
506 952 593 1002 ἐν
645 956 735 1022 τῇ
793 960 1044 1025 Ἰουδαίᾳ
1090 962 1121 1012 ό
1153 958 1313 1022 Θεὸς,
1351 961 1421 1012 ἐν
1448 958 1525 1023 τῷ
1573 960 1678 1012 Ἰσ-

65 1044 205 1110 ιωτιλ
222 1040 385 1108 μέγα
433 1040 512 1089 τὸ
547 1041 771 1110 ὄνομα
808 1046 1023 1098 αὐτοῦ·
1054 1047 1171 1098 νυνὶ
1200 1046 1257 1098 δὲ
1284 1048 1407 1115 ὑμῖν
1438 1063 1678 1114 παρακε-

69 1132 275 1199 λεύομαι
307 1127 529 1196 σχολὴν
560 1130 765 1196 ἄγειν,
788 1132 864 1194 ὡς
894 1133 960 1184 ἂν
990 1133 1207 1201 μάθοιτε
1242 1135 1334 1185 καὶ
1360 1134 1527 1200 γνῶτε
1559 1134 1676 1184 τίνα

64 1221 253 1289 τρόπον
280 1217 379 1269 καὶ
420 1218 606 1286 παρὰ
627 1222 779 1272 πᾶσι
806 1224 918 1282 τοῖς
951 1222 1154 1273 ἔθνεσιν
1181 1222 1524 1291 ὑψωθήσομαι
1549 1260 1563 1283 ,
1592 1224 1675 1275 δο-

70 1305 352 1373 ξαζόμενος
380 1304 534 1371 παρ’
559 1304 768 1367 αὐτοῖς
799 1304 1050 1374 μᾶλλονῆ
1090 1304 1236 1373 παρά
1262 1307 1370 1366 τοῖς
1412 1304 1574 1357 πάλαι
1607 1322 1672 1373 με

67 1394 261 1444 εἰδέναι
293 1390 743 1459 νομιζομένοις.
1334 1410 1341 1417 ·

64 1500 167 1551 ειΣ
205 1499 300 1549 ΤΟ
334 1497 628 1559 ΤΕΛΟΣ,
667 1500 885 1619 ΥῙίξ-Ξὲε
1080 1500 1238 1551 ΥΙΩΝ
1282 1497 1669 1560 ΚΟΡΕ,ΨΔΛ-

847 1599 885 1617 ιι
911 1599 1010 1632 ιιι-..ι
1043 1605 1056 1618 ο

129 1677 333 1731 Πάντα
366 1675 458 1728 τὰ
486 1677 679 1742 ἔθνη,
714 1676 1044 1742 κροτιζσατε
1069 1677 1267 1744 χεῷας
1291 1692 1303 1705 ·
1333 1675 1668 1738 ἀλαλάξατε

66 1766 185 1828 θεῷ
211 1765 292 1816 ἐγ
316 1761 512 1830 φωνῆ
546 1762 977 1829 ἀγαλλιάσεως
996 1779 1009 1792 ·
1038 1762 1126 1814 ὅτι
1159 1765 1366 1829 Κύριος
1394 1763 1663 1828 ὕψιστος,

1784 604 2003 657 tionem.
2045 603 2164 670 Ipse
2182 615 2309 654 vero
2354 599 2494 656 Deus
2524 616 2618 670 per
2660 602 2874 656 eosdem
2916 602 3170 672 loquitur,
3228 608 3310 661 di-

1780 703 1947 743 cens:
1980 686 2283 755 Cognoscite
2338 686 2460 756 quia
2506 702 2595 754 ego
2640 702 2754 738 sum
2796 685 2950 750 Deus,
2986 688 3092 741 imo
3123 690 3305 755 etiam,

1778 775 1901 842 quia
1931 773 2203 827 exaltabor
2231 774 2282 825 in
2313 772 2569 841 gentibus,
2592 773 2862 826 ρεπιιαὸον
2885 774 2937 825 in
2968 783 3126 827 terra.
3168 775 3304 830 Olim

1778 861 1990 929 quidem
2009 860 2209 915 Iudaeis
2242 860 2499 913 duntaxat
2533 871 2692 914 notus
2713 875 2881 924 eram,
2912 862 3126 929 quando
3155 873 3303 916 notus

1776 950 1828 1002 in
1851 949 2040 1002 Judtea
2089 948 2259 1010 Deus,
2309 949 2363 1000 in
2402 948 2572 1001 Israel
2623 964 2864 1016 magnum
2897 965 3076 1002 nomen
3103 950 3212 1016 ejus
3248 951 3300 1015 ⁶;

1773 1051 1917 1089 nunc
1963 1046 2135 1091 autem
2168 1036 2330 1103 jubeo
2385 1050 2481 1089 vos
2528 1048 2741 1099 vacare,
2790 1042 2847 1087 ut
2890 1036 3225 1105 cognoscatis
3249 1044 3301 1089 et

1773 1126 1977 1186 sciatis,
2002 1140 2107 1193 qua
2132 1124 2336 1177 ratione
2366 1124 2505 1192 apud
2533 1139 2717 1176 omnes
2764 1132 2949 1193 gentes
2980 1124 3299 1178 exaltandus

1771 1212 1893 1275 sim,
1930 1212 2051 1281 plus
2066 1212 2133 1264 ah
2179 1210 2245 1263 iis
2300 1211 2621 1274 celebratus,
2657 1225 2814 1278 quam
2863 1211 2929 1264 ab
2957 1211 3023 1265 iis
3050 1212 3141 1279 qui
3170 1212 3298 1266 olim

1770 1315 1931 1355 nosse
1957 1315 2040 1354 me
2064 1300 2412 1368 putabantur.

1771 1510 1823 1566 i.
1867 1511 1930 1564 ΙΝ
1956 1509 2313 1567 ῈΙΝΕΜνΡΒΟ
2335 1507 2531 1563 FlLlIS
2568 1505 3080 1572 COBE,PSALMUS
3114 1508 3294 1564 XLVI.

1836 1682 1999 1739 Vens.
2026 1683 2081 1749 2,
2108 1684 2160 1737 3.
2197 1681 2383 1736 Omnes
2411 1691 2605 1751 gentes,
2624 1681 2853 1749 plaudite
2880 1682 3138 1745 manibus,
3158 1682 3297 1750 jubi-

1765 1768 1868 1821 late
1896 1769 2003 1821 Deo
2046 1770 2099 1821 in
2150 1784 2266 1821 voce
2320 1768 2705 1821 exsultationis.
2754 1768 3008 1831 Quoniam
3039 1768 3293 1823 Dominus

59 1852 344 1919 φοϐερὸς,
389 1848 732 1911 βασιλεὺς
772 1847 958 1915 μέγας
1000 1848 1097 1900 ἐπὶ
1146 1848 1346 1901 πᾶσαν
1391 1847 1502 1913 τὴν
1535 1847 1644 1914 γῆν

1764 1856 2017 1917 excelsus,
2056 1854 2326 1916 terribilis,
2358 1869 2449 1906 rea:
2496 1864 2719 1921 magnus
2744 1870 2894 1921 super
2940 1870 3138 1907 omnem
3187 1865 3292 1907 ter-

62 1944 219 1992 Δοκεί
255 1956 341 2007 μοι
373 1937 462 1989 τὰ
497 1937 611 2004 τῆς
645 1937 969 2005 προγραφῆς
1007 1935 1350 2003 ἑσφαλμένως
1392 1934 1551 2002 ἔχειν.
1594 1936 1666 1987 Οὐ

58 2030 169 2097 γάρ
204 2027 363 2091 ὑπὲρ
408 2024 551 2077 τῶν
592 2022 743 2077 υιῶν
762 2023 932 2088 Κορὲ,
968 2023 1130 2083 ἀλλά,
1172 2022 1293 2086 τοῖς
1324 2015 1470 2087 υἱοῖς
1502 2022 1666 2089 Κορὲ,

60 2116 93 2183 ἢ
134 2114 267 2165 τῶν·
310 2112 469 2166 υἱῶν
511 2111 706 2178 Κορὲ,
754 2110 923 2179 ὲχρῆν
968 2108 1359 2178 ἐπιγεγράφθαι
1410 2108 1544 2160 κατά
1573 2109 1668 2171 τὰς

58 2202 381 2272 ἔμπροσθεν
418 2200 787 2269 προγραφὰς.
811 2201 871 2250 0i
901 2198 1008 2267 γὰρ
1036 2198 1203 2249 λοιποὶ
1231 2199 1552 2267 ἐρμηνευταὶ
1577 2198 1667 2250 καὶ

58 2292 119 2342 τὸ
170 2289 494 2357 Ἐσραῖκδν
545 2287 753 2356 ὁμοίως
804 2286 987 2353 ἔχουσι
1030 2288 1140 2347 τοῖς
1187 2285 1503 2354 ἔμπροσθεν.
1558 2287 1665 2339 Καὶ

57 2379 373 2447 ἐπειδήπερ
412 2377 750 2443 σαφέστατα
780 2376 891 2435 τοῖς
933 2374 1136 2425 ἔθνεσιν
1174 2377 1202 2426 6
1232 2374 1383 2441 λόγος
1425 2392 1663 2445 παρακε-

57 2467 329 2525 λεύεται.
356 2465 532 2516 οὐδὲν
575 2463 719 2530 ἔχων
751 2462 1267 2530 ὲπικεκαλυμμένον,
1304 2463 1521 2524 εἰκότως
1548 2462 1664 2513 οὐδὲ

60 2555 125 2605 τὰ
151 2553 264 2621 τῆς
298 2550 643 2620 προγραφῆς
681 2550 768 2613 είς
795 2550 1049 2601 σύνεσιν
1075 2547 1216 2615 ἡμᾶς
1251 2548 1520 2615 παρορμᾷ,
1547 2547 1663 2599 οὐδὲ

58 2640 221 2706 ὑπὲρ
277 2638 398 2690 τῶν
436 2637 727 2703 κρυφίων
750 2653 763 2665 ο
798 2634 1010 2702 ψαλμὺς
1038 2634 1095 2685 δὲ
1129 2632 1307 2695 ἁπλῶς
1353 2634 1595 2702 εἴρηται,
1628 2633 1660 2702 ἢ

59 2728 411 2795 μελῴδημα,
453 2726 490 2794 ἢ
530 2721 689 2795 ᾆσμα
722 2724 863 2775 κατά
899 2723 1025 2783 τοὺς
1065 2720 1299 2783 λοιπούς.
1345 2720 1416 2772 Τὸ
1455 2721 1508 2772 δὲ
1531 2760 1545 2784 ,
1577 2723 1662 2784 εις

55 2814 248 2877 τέλος
278 2853 297 2876 ,
338 2811 681 2878 ἀναγκαίως
729 2812 1050 2880 πρόκειται,
1090 2808 1174 2860 διὰ
1218 2809 1278 2860 τὸ
1320 2809 1376 2859 ὲν
1419 2808 1659 2877 ὑπέροις

60 2902 294 2968 λρόνοις
363 2901 601 2969 μέλλειν
680 2896 1125 2967 ἀποπληροῦσθαι
1185 2896 1281 2965 τὴν
1340 2896 1657 2966 πρόρρησιν,

58 2989 419 3055 “pectitur.
455 2987 516 3038 δὲ
546 2986 611 3037 τὸ
643 2984 868 3053 Πνεῦμα
910 2984 970 3035 τὸ
1011 2983 1160 3049 ἀγιον
1202 2983 1400 3051 σφόδρα
1439 2982 1661 3035 ἀκολού-

59 3082 171 3136 θως
206 3076 355 3145 peri
399 3075 477 3127 τά
519 3073 894 3143 προλεχθέντα
925 3071 1164 3140 περὶτοῦ
1201 3070 1498 3141 Ἀγαπητοῦ
1522 3107 1537 3133 ,
1569 3071 1660 3123 καὶ

1770 1955 1902 1993 ram.
1977 1939 2189 1992 Videtur
2237 1936 2365 1989 mihi
2428 1936 2707 2005 inscriptio
2756 1937 3012 1991 mendose
3078 1937 3287 2005 posita:

1766 2042 1937 2096 neque
1969 2027 2133 2089 enim,
2176 2041 2269 2093 pro
2300 2025 2425 2092 ﬁliis
2469 2024 2619 2087 Core,
2657 2025 2771 2088 sed,
2806 2026 2932 2092 ﬁliis
2974 2026 3124 2087 Core,
3172 2033 3287 2090 aut,

1765 2118 1996 2185 ﬁliorum
2053 2114 2199 2176 Core,
2240 2113 2462 2181 perinde
2508 2120 2665 2180 atque
2711 2113 2763 2165 in
2794 2114 3061 2181 prioribus
3094 2114 3287 2177 titulis,

1765 2204 2077 2271 inscriptum
2111 2200 2364 2269 oportuit.
2421 2200 2630 2268 Reliqui
2662 2201 2803 2253 enim
2859 2199 3200 2268 interpretes,
3231 2207 3285 2253 et

1762 2289 2079 2343 Hebraicum
2111 2287 2382 2354 exemplar
2422 2286 2655 2341 similem
2691 2283 2960 2353 prioribus
3002 2285 3287 2352 praeferunt

1762 2374 2188 2444 inscriptionem.
2243 2371 2308 2424 Et
2363 2372 2487 2440 quia
2549 2371 2827 2439 perspicue
2868 2379 3054 2439 gentes
3108 2386 3287 2424 sermo

1761 2465 2091 2528 cohortatur,
2119 2462 2359 2529 nihilque
2400 2461 2595 2515 occulti
2647 2459 2880 2528 praefert,
2918 2460 3041 2528 jure
3094 2460 3285 2513 inscri-

1759 2551 1958 2620 ptionis
1984 2549 2149 2602 verba
2178 2562 2277 2602 nos
2307 2547 2373 2600 ad
2412 2547 2721 2600 intellectum
2752 2547 2970 2600 minime
2992 2548 3281 2607 concitant,

1758 2652 1929 2706 neque
1957 2652 2051 2704 pro
2079 2637 2293 2690 occultis
2322 2635 2551 2700 habent;
2580 2634 2675 2689 sed
2699 2635 2939 2702 psalmus
2967 2633 3284 2702 simpliciter

1757 2726 1973 2787 dicitur,
2010 2727 2125 2780 sive
2181 2724 2439 2787 melodia,
2495 2724 2610 2778 sive
2651 2724 2943 2786 canticum,
2987 2721 3286 2793 secundum.

1756 2815 1994 2882 reliquos
2024 2816 2362 2883 interpretes.
2399 2812 2533 2865 illud
2566 2819 2741 2864 autem
2779 2812 2836 2863 in
2878 2811 3053 2878 ﬁnem,
3096 2825 3283 2865 neces-

1757 2900 1902 2956 sario
1928 2901 2161 2970 positum
2193 2899 2314 2963 fuit,
2347 2900 2471 2968 quia
2496 2898 2784 2968 postremis
2811 2897 3147 2965 temporibus
3183 2897 3285 2948 im-

1757 2989 2011 3058 plendum
2041 2987 2351 3041 vaticinium
2399 2994 2532 3041 erat.
2583 2985 2711 3039 Post
2751 2999 2913 3052 supra
2941 2983 3082 3037 dicta
3122 2998 3283 3051 porro

1757 3075 2044 3128 admodum
2085 3083 2479 3143 consequenter
2526 3073 2758 3143 Spiritus
2797 3082 3017 3126 sanctus
3071 3072 3286 3125 nniver~

64 3163 199 3229 περὶ
248 3164 362 3214 τῶν
386 3163 593 3214 τούτου
621 3160 879 3230 κηρύκων
899 3198 913 3222 ,
943 3161 1072 3212 πᾶσι
1111 3162 1222 3221 τοῖς
1247 3160 1447 3211 ἔθνεσιν
1470 3160 1644 3228 εὐφρο-

1758 3163 1834 3217 sis
1855 3163 2102 3232 gentibus
2127 3162 2386 3231 praecipit,
2432 3169 2490 3215 ut
2529 3161 2595 3215 de
2642 3160 2846 3227 Dilecto
2879 3160 3104 3227 ejusque
3141 3174 3281 3226 pla:-

64 3251 241 3317 τᾶνης
296 3250 547 3320 σύμϐολα
580 3250 876 3318 πράττειν,
923 3248 1010 3301 διὰ
1046 3247 1139 3299 τοῦ
1168 3250 1375 3317 κροτεῖν
1423 3248 1517 3316 μὲν
1561 3247 1657 3309 τὰς

64 3338 269 3403 (εἴρας
318 3338 391 3398 ὡς
441 3336 539 3387 ἐπὶ
584 3336 787 3403 γάμοις
835 3334 1266 3402 συντελουμένοις
1294 3334 1521 3401 νυμφίου
1567 3334 1658 3386 καὶ

66 3424 331 3491 ιὺμφηςν·
365 3424 669 3485 ἀλαλάζειν
700 3422 759 3473 δὲ
784 3421 863 3490 τῷ
894 3420 1039 3488 Θεῷ,
1068 3421 1141 3482 ὡς
1167 3418 1258 3471 ἐπὶ
1287 3420 1541 3487 βασιλέως
1567 3422 1655 3472 εὑ-

64 3512 443 3579 ρημουμὲνου
481 3512 579 3563 ἐπὶ
612 3514 679 3579 τῇ
728 3508 869 3561 κατά
908 3508 1015 3559 τῶν
1060 3508 1328 3575 πολεμίων
1359 3508 1499 3575 νίκῃ.
1550 3508 1657 3558 Καὶ

66 3596 315 3656 εἰκότως
342 3598 480 3664 μετά
504 3597 607 3665 τὴν
640 3595 786 3646 κατὰ
814 3594 921 3645 τῶν
950 3594 1215 3662 πολεμίων
1238 3593 1391 3661 νίκην
1425 3593 1515 3644 τοῦ
1542 3594 1653 3643 Σω-

72 3683 245 3752 τῆρος
268 3720 287 3743 ,
326 3684 543 3752 νύμφην
573 3682 772 3734 ἑαυτοῦ
808 3681 1003 3750 δηλαδὴ
1034 3682 1130 3751 τὴν
1164 3680 1479 3749 Ἐκκλησίαν
1504 3680 1654 3731 ἀπει-

65 3770 357 3835 ληφότος,
396 3757 623 3832 ’πάντας
676 3770 976 3838 παρακαλεῖ
1026 3770 1086 3820 τὸ
1130 3769 1350 3837 Πνεῦμα
1390 3769 1449 3820 τὸ
1504 3768 1653 3835 ἅγιον

68 3856 287 3906 σπεῦδε
300 3874 344 3907 ιν
368 3858 456 3909 ἐπὶ
483 3856 588 3926 τὴν
621 3858 835 3934 ἑορτήν.
861 3856 950 3906 Διὸ
1107 3858 1237 3907 πᾶσι
1263 3859 1371 3917 τοῖς
1393 3854 1530 3906 κατὰ
1556 3855 1651 3924 τὴν

65 3942 411 4012 οἰκουμένην
454 3943 637 3995 ἔθνεσι
678 3942 866 4009 λέγον·
910 3942 1109 3995 Πάντα
1148 3943 1218 3994 τὰ
1257 3943 1417 4006 ἔθνη,
1448 3942 1651 4008 κροτή-

66 4044 231 4079 σατε
263 4030 497 4096 χεῖρας,
525 4030 878 4092 ἀλαλάξατε
910 4029 988 4093 τῷ
1029 4028 1147 4091 Θεῷ
1185 4030 1252 4081 ἐν
1273 4029 1437 4096 φωνῇ
1468 4032 1649 4097 ἀγαλ-

69 4113 365 4178 λιάσεως.
404 4116 475 4168 Τὸ
509 4118 554 4168 δ’
587 4116 761 4168 αἴτιον
808 4116 907 4183 τῆς
932 4115 1374 4183 παρακελεύσεως
1418 4116 1649 4168 δ.δάσκει

73 4201 208 4267 ἑξῆς
239 4204 443 4269 φάσκον
461 4223 474 4234 ·
505 4206 628 4256 Ὅτι
654 4206 873 4271 Κύριος
896 4204 1169 4271 ὕψιστος,
1193 4206 1455 4271 φοϐερὸς,
1475 4207 1651 4269 ,ϐασιο

74 4289 229 4352 .lei-g
255 4289 437 4358 μέπτις
458 4293 556 4346 ἐπὶ
588 4289 801 4344 πᾶσαν
825 4290 939 4356 τὴν
963 4289 1093 4360 γῆν,
1118 4290 1381 4360 Πρότερον
1416 4292 1513 4360 μὲν
1544 4293 1648 4362 γὰρ

78 4375 300 4445 Κύριος
322 4380 472 4442 αὐτὸς
495 4382 525 4431 6
550 4380 779 4447 ὕψιστος
810 4380 984 4448 μόνων
1007 4380 1115 4431 τῶν
1140 4382 1253 4431 κατ’
1282 4382 1502 4449 οὐρανὸν
1525 4382 1646 4432 £61-

82 4464 311 4517 σὶλευεν
330 4485 342 4501 ο
376 4470 621 4535 ἠγνοεῖτο
648 4469 706 4520 δὲ
738 4471 849 4529 τοῖς
874 4469 965 4520 ἐπὶ
993 4469 1090 4537 τῆς
1123 4468 1226 4536 γῆς
1243 4508 1257 4532 ,
1292 4473 1376 4523 ὅτε
1400 4471 1645 4539 δαίμονες

77 4551 354 4621 ἐκράτουν
382 4558 469 4608 ἐπὶ
494 4559 601 4627 γῆς
639 4556 941 4626 ἀνθρώπων
965 4570 979 4584 ·
1007 4557 1126 4607 νυνὶ
1160 4556 1214 4607 δὲ
1245 4557 1329 4610 διὰ
1354 4558 1443 4610 τοῦ
1486 4559 1644 4623 Ἀγα-

78 4639 267 4707 πτδτοῦ
313 4645 579 4714 ἐπέλαμψε
629 4648 743 4705 τοῖς
790 4645 879 4696 ἐπὶ
911 4643 1015 4711 γῆς
1043 4644 1142 4711 τὴν
1182 4645 1339 4715 αὑτοῦ
1366 4645 1521 4714 χάριν
1554 4647 1646 4698 καὶ

84 4727 251 4787 αὐτὸς
283 4730 590 4799 Fidum-9;,
625 4731 859 4799 φοϐερὸς
886 4733 1110 4798 γέγονεν
1154 4732 1373 4795 ἐκείνοις
1404 4737 1514 4795 τοῖς
1547 4752 1642 4786 πο-

84 4810 302 4875 lanios;
326 4820 422 4878 τοῖς
452 4819 549 4886 τὴν
592 4805 853 4868 πολύθεον
904 4815 1189 4883 ἐνεργοῦσι
1236 4819 1467 4888 πλάνην
1514 4821 1645 4871 πάν-

83 4913 176 4956 τας
208 4899 320 4971 γὰρ
340 4906 529 4966 αὐτοὺς
559 4906 729 4972 ﬁlms:
749 4942 763 4965 ,
804 4905 896 4956 καὶ
930 4903 1152 4971 μακρὰν
1182 4905 1276 4973 τῆς
1303 4906 1405 4958 τῶν
1439 4907 1639 4974 ἀνθρώ-

58 5001 177 5032 πων
203 4987 466 5064 έῗξοξησεν
491 4994 709 5062 ἀγέλης,
735 4979 940 5061 Σχολῆς
970 4991 1031 5042 δὲ
1061 4982 1369 5063 γενομένης,
1396 4995 1639 5062 βασιλεὺς

45 5069 220 5131 μέγας
276 5073 375 5133 τῶν
406 5083 501 5133 ἐπὶ
534 5083 715 5133 πᾶσαν
743 5081 842 5149 τὴν
876 5080 987 5146 γῆν
1022 5078 1188 5129 ἐθνῶν
1233 5081 1635 5148 ἀνεκηρύττετο.

26 5156 113 5203 Διὸ
155 5163 304 5234 τοῖς
344 5170 787 5241 βασιλευομένοις
816 5168 1046 5234 κροτεῖν
1078 5169 1190 5226 ταῖς
1224 5169 1403 5235 χερσὶν
1433 5172 1460 5220 6
1490 5170 1657 5236 λόγος¹

30 5256 505 5321 ταμιδελεύεται,
535 5257 813 5309 τουτέστιν
835 5254 1036 5320 ἔργοις
1059 5254 1152 5303 καὶ
1174 5254 1395 5322 πράξεσι
1420 5273 1433 5298 ε
1456 5257 1641 5326 ὥσπερ

64 5332 111 5379 ιζ’.
131 5343 321 5404 ψει-μὰς
341 5347 564 5414 ἀφιέναι
591 5342 746 5405 ἀξίας
773 5341 875 5406 τῆς
913 5337 1020 5387 τοῦ
1057 5338 1305 5404 Ὑψίστου
1340 5342 1600 5407 βασιλείας
1618 5384 1633 5407 ,

92 5422 179 5472 193l-
246 5424 503 5498 ἀλαλάζειν
569 5432 627 5483 δὲ
699 5426 854 5494 αὑτῴ
924 5427 991 5475 ὲν
1062 5431 1205 5496 φωνῇ
1277 5429 1633 5495 ἀγαλλιάσεως

148 5566 164 5592 ⁸
198 5563 312 5633 Psal.
347 5594 524 5643 Lxxv,
558 5575 613 5628 2.

1757 3248 1982 3303 conibus
2009 3249 2203 3301 laetitia
2234 3248 2473 3315 symbola
2514 3246 2789 3300 conferant
2832 3245 3133 3311 plaudendo
3162 3259 3279 3297 ma-

1760 3336 1940 3397 nibus,
1975 3348 2038 3386 ac
2071 3334 2117 3386 si
2160 3333 2360 3399 nuptiae
2392 3332 2576 3402 sponsi
2620 3339 2673 3384 et
2706 3346 2915 3397 sponsa:
2948 3332 3279 3384 celebraren-

1756 3432 1872 3485 tur;
1914 3429 2076 3489 utque
2105 3421 2212 3473 Deo
2247 3421 2492 3487 jubilent,
2541 3419 2691 3486 quasi
2724 3419 2833 3487 regi
2871 3419 2940 3472 ob
2983 3428 3187 3487 parum
3211 3419 3280 3471 de

1754 3511 1986 3565 inimicis
2016 3509 2311 3567 _victoriam
2378 3507 2856 3562 acclamationibus
2912 3514 3155 3575 excepto.
3216 3506 3279 3558 Et

1754 3599 1945 3651 merito
1973 3612 2101 3650 sane
2130 3606 2250 3665 post
2282 3604 2602 3664 reportatam
2635 3610 2664 3647 a
2699 3594 2993 3657 Salvatore,
3040 3593 3131 3661 qui
3166 3596 3275 3648 sci-

1754 3687 1876 3738 licet
1901 3683 2193 3737 Ecclesiam
2225 3683 2328 3737 sibi
2354 3685 2405 3735 in
2446 3698 2692 3751 sponsam
2732 3681 2956 3749 accepit,
2994 3679 3058 3735 de
3102 3680 3283 3734 inimi-.

1751 3773 1831 3827 cis
1876 3772 2179 3835 victoriam,
2227 3769 2458 3838 Spiritus
2503 3777 2721 3824 sanctus
2760 3783 2949 3823 omnes
2985 3776 3171 3823 evocat
3212 3770 3277 3822 si

1750 3860 2143 3914 celebritatem:
2179 3874 2345 3928 quare
2394 3860 2643 3913 omnibus
2674 3873 2769 3925 per
2813 3858 2995 3911 orbem
3025 3858 3278 3925 gentibus

1751 3949 2003 4002 inclamat
2039 3948 2124 4000 his
2145 3945 2352 4000 verbis:
2391 3945 2577 3999 Omnes
2607 3954 2800 4014 gentes,
2833 3943 3066 4009 plaudite
3106 3948 3275 3997 mani-

1751 4038 1864 4101 bus,
1884 4037 2106 4105 jubilate
2138 4035 2243 4089 Deo
2272 4036 2326 4088 in
2370 4051 2485 4088 voce
2522 4033 2906 4087 exsultationis.
2947 4030 3075 4095 Quae
3106 4046 3272 4085 causa

1752 4140 1882 4181 vero
1953 4124 2291 4195 praecipiendi
2345 4122 2527 4185 fuerit,
2594 4122 2650 4174 in
2700 4119 3045 4191 sequentibus
3100 4121 3269 4186 aperit

1746 4215 1962 4269 dicens:
2003 4215 2259 4279 Quoniam
2309 4211 2559 4264 Dominus
2603 4208 2853 4270 excelsus,
2892 4205 3156 4268 terribilis,
3180 4220 3272 4257 rea:

1747 4317 1961 4368 magnus
1994 4315 2145 4367 super
2187 4312 2385 4352 omnem
2430 4306 2642 4348 terram.
2696 4294 2933 4346 Primum
2965 4292 3107 4347 enim
3157 4291 3272 4359 ipse

1748 4388 2000 4441 Dominus
2045 4387 2311 4448 excelsus,
2357 4384 2411 4437 in
2456 4383 2587 4438 solis
2622 4381 2931 4435 cwlestibus
2972 4379 3265 4447 regnabat;

1747 4478 1813 4530 ab
1842 4477 1908 4530 iis
1936 4484 2111 4530 autem
2145 4475 2234 4544 qui
2266 4474 2321 4527 in
2374 4482 2513 4527 terra
2557 4477 2711 4525 erant
2750 4466 3116 4536 ignorabatur,
3161 4480 3269 4534 quo

1744 4572 1983 4634 tempore
2010 4563 2276 4617 daemones
2327 4562 2380 4614 in
2416 4570 2554 4614 terra
2578 4555 2885 4609 hominibus
2914 4553 3265 4622 imperabant.

1743 4653 1896 4707 Nunc
1924 4668 2052 4706 vero
2077 4668 2171 4721 per
2196 4651 2454 4704 Dilectum
2495 4646 2750 4700 Excelsus
2774 4658 2888 4706 eos,
2927 4643 3017 4711 qui
3052 4643 3104 4695 in
3125 4650 3267 4695 terra

1744 4748 1893 4803 sunt,
1926 4744 2095 4809 gratia
2125 4754 2222 4793 sua
2270 4735 2577 4797 illustravit,
2614 4731 2868 4786 terribilis
2914 4745 3043 4786 sane
3080 4727 3266 4780 adver-

1743 4829 1923 4889 sariis,
1950 4828 2041 4896 qui
2094 4828 2380 4879 multorum
2431 4822 2712 4876 numinum
2749 4833 2987 4873 errorem
3050 4815 3266 4868 induce-

1744 4918 1892 4981 bant,
1921 4918 2140 4974 ellectus
2158 4922 2273 4979 est;
2305 4913 2583 4967 universos
2604 4909 2744 4962 enim
2766 4907 2988 4975 expulit,
3009 4911 3061 4957 et
3083 4900 3265 4970 procul

1746 5024 1775 5060 a
1797 5022 1954 5076 grege
1982 5005 2251 5058 hominum
2276 5001 2471 5070 abegit.
2522 4998 2657 5051 Tum
2683 5005 2833 5066 parta
2863 4990 3263 5059 tranquillitate,

1744 5110 1839 5148 rex
1871 5109 2095 5162 magnus
2142 5092 2379 5145 omnium
2420 5103 2514 5156 per
2556 5087 2740 5141 orbem
2783 5080 3015 5150 gentium
3057 5077 3266 5145 procla-

1748 5189 1924 5235 matus
1951 5188 2051 5233 est.
2109 5178 2284 5243 Quare
2329 5175 2570 5229 subditos
2627 5171 2877 5240 plaudere
2906 5164 3057 5233 jubet
3097 5164 3266 5215 mani-

1747 5268 1870 5331 bus,
1902 5267 1955 5321 id
1988 5276 2071 5320 cst
2101 5264 2352 5333 Operibus
2377 5275 2439 5312 ac
2469 5259 2633 5328 gestis
2668 5254 2819 5327 quasi
2852 5264 3011 5305 voces
3056 5248 3265 5302 Excelsi

1740 5370 1905 5424 regno
1948 5355 2138 5423 dignas
2182 5350 2447 5411 emittere,
2480 5362 2545 5399 ac
2584 5344 2814 5414 jubilare
2864 5338 2967 5407 ipsi
3020 5336 3075 5388 in
3132 5350 3267 5389 voce

1740 5442 2146 5503 cxsultationis;
2193 5439 2263 5491 ita
2296 5442 2354 5489 ut
2402 5451 2512 5489 non
2555 5432 2712 5490 modo
2753 5426 3003 5499 Operibus
3035 5436 3100 5477 ac
3146 5424 3269 5478 vita:
