3812 6364
667 354 772 404 M9

668 552 851 620 risque
879 552 935 604 in
956 564 1021 603 eo
1046 544 1288 615 cogitatis
1318 540 1516 595 divinis
1536 540 1861 600 virtutibus;
1912 554 2078 608 quare
2119 538 2201 592 di-

674 646 817 691 ctum
841 643 921 691 est
948 653 961 688 :
1002 632 1069 685 Et
1095 627 1490 700 cogitationibus
1522 627 1623 680 tuis
1648 642 1749 680 non
1783 636 1858 680 est
1898 626 1984 694 qui
2011 626 2200 680 similis

669 730 737 780 sil
767 726 859 778 tibi
876 726 917 776 ⁷.

735 924 935 978 Atheos
986 920 1247 991 quosdam
1274 957 1291 982 ,
1345 925 1398 973 et
1444 918 1715 972 daemones
1780 914 2200 970 incantationum

671 1030 913 1074 auctores
944 1014 1184 1089 [carpit],
1216 1013 1309 1083 qui
1334 1027 1556 1083 regnum
1586 1027 1743 1065 suum
1772 1011 1827 1063 in
1859 1018 2003 1064 terra
2026 1009 2207 1063 ﬁrma-

672 1110 761 1172 vit,
790 1115 842 1160 et
871 1107 1050 1159 omnia
1079 1106 1228 1173 prius
1260 1109 1571 1157 enumerata
1602 1102 1656 1153 in
1678 1100 1986 1154 hominibus
2011 1098 2202 1167 imple-

671 1204 762 1257 vit.
793 1201 973 1268 Neque
999 1200 1171 1253 solum
1203 1211 1429 1264 magnus
1449 1205 1550 1261 est,
1581 1197 1674 1251 sed
1710 1198 1869 1249 etiam
1919 1195 2204 1248 laudabilis

671 1290 822 1344 valde
854 1307 867 1342 :
902 1303 1009 1342 non
1037 1288 1250 1355 quidem
1288 1286 1429 1353 apud
1462 1301 1651 1340 omnes
1680 1300 1779 1339 nec
1809 1285 1865 1339 in
1895 1286 2040 1338 omni
2063 1285 2200 1345 loco,

670 1377 760 1431 sed
793 1376 844 1429 in
865 1375 1083 1428 civitate
1112 1373 1204 1426 Dei
1232 1372 1403 1426 nostri
1440 1382 1493 1426 et
1537 1374 1589 1426 in
1629 1380 1811 1426 monte
1845 1373 2202 1439 sancto'ejus.

671 1466 802 1530 Quia
826 1465 861 1518 ii
889 1464 980 1532 qui
1002 1471 1154 1517 extra
1182 1460 1450 1517 civitatem
1471 1462 1588 1531 ejus
1612 1468 1758 1525 sunt,
1783 1462 1975 1514 divina:
2006 1460 2205 1514 doctri-

672 1578 749 1616 nae
783 1561 1038 1629 imperiti,
1086 1561 1336 1615 nesciunt
1374 1573 1481 1627 quo
1522 1566 1683 1628 pacto
1713 1555 2068 1611 celebrandas
2110 1557 2198 1621 sit,

670 1673 766 1713 nec
792 1658 949 1728 digne
977 1657 1159 1711 divina
1181 1658 1324 1725 loqui
1350 1663 1609 1725 possunt;
1641 1668 1809 1724 quare
1840 1652 2201 1717 venerandum

671 1745 796 1798 illud
822 1759 1038 1809 nomen,
1068 1743 1135 1796 ad
1159 1743 1505 1796 inanimatam
1539 1741 1816 1795 materiam
1838 1739 2202 1807 projecerunt,
2240 1757 2279 1809 Β

672 1842 759 1887 aut
805 1835 861 1887 in
896 1834 1208 1887 animalium
1256 1832 1703 1886 irrationabilium
1747 1843 1967 1900 genera,
2001 1829 2114 1882 sive
2149 1829 2202 1881 in

673 1924 947 1988 elementa,
968 1930 1186 1985 terram,
1219 1935 1433 1988 aquam,
1456 1933 1653 1982 aerem,
1685 1918 1858 1988 ignem
1881 1933 1895 1981 ;
1918 1917 2030 1971 sive
2045 1917 2204 1971 etiam

675 2011 731 2064 in
762 2011 945 2064 mundi
975 2018 1154 2079 partes
1183 2028 1195 2061 :
1222 2019 1381 2076 atque
1414 2008 1503 2061 alii
1541 2007 1645 2061 alio
1673 2006 1777 2060 ritu
1822 2005 1889 2060 de
1916 2005 2023 2060 Deo
2047 2004 2207 2072 impie

672 2112 984 2169 senserunt;
1017 2103 1218 2157 idcirco
1249 2117 1371 2156 cum
1410 2101 1569 2156 alieni
1588 2108 1768 2155 essent
1792 2114 1823 2151 a
1845 2098 2060 2152 civitate
2078 2096 2203 2161 Dei,

671 2206 700 2243 a
733 2206 859 2245 vero
887 2192 1086 2261 hymno
1115 2192 1249 2259 lapsi
1282 2199 1428 2244 sunt.
1458 2190 1660 2244 Civitas
1692 2202 1854 2256 porro
1882 2186 1978 2239 Dei
2010 2184 2203 2251 nostri,

674 2280 912 2334 Ecclesia
956 2287 1057 2342 est,
1085 2295 1203 2347 qum
1235 2294 1396 2348 supra
1424 2277 1637 2345 eloquio
1664 2273 1969 2343 liujusmodi
2003 2273 2207 2326 indica-

670 2367 1089 2422 turzFluminis
1143 2370 1363 2436 impetus
1411 2367 1684 2435 lwtiﬁcant
1752 2365 2011 2416 ciritatem
2062 2362 2206 2415 Dei:

672 2456 1011 2524 sancti/ienuit
1045 2454 1433 2508 tabernaculum
1463 2468 1612 2506 suum
1629 2450 1933 2503 Altissimus
1949 2449 1991 2501 ⁸.
2015 2447 2079 2500 Ει
2096 2448 2207 2501 haec

672 2536 885 2614 quidem
915 2543 982 2598 de
1007 2558 1090 2606 ea,
1121 2559 1240 2611 qua:
1265 2544 1318 2595 in
1367 2549 1511 2595 terra
1553 2546 1655 2603 est,
1705 2538 1979 2602 Ecclesia;
2010 2536 2076 2590 de
2101 2550 2210 2603 qua

673 2641 872 2697 dictum
922 2650 1003 2696 est
1052 2659 1065 2692 :
1115 2638 1422 2692 Inhabitabo
1476 2637 1530 2688 in
1590 2635 1698 2688 illis
1738 2644 1786 2688 et
1829 2631 2206 2687 inambulabo:

672 2743 718 2785 et
733 2748 819 2784 ero
839 2731 1050 2783 illorum
1071 2728 1223 2790 Deus,
1245 2734 1291 2778 et
1316 2726 1413 2792 ipsi
1431 2732 1580 2776 erunt
1607 2722 1733 2775 mihi
1752 2721 1969 2790 populus
1989 2722 2032 2772 ⁸.
2054 2719 2208 2783 Quod

682 2822 726 2876 si
756 2835 861 2888 qua
887 2820 958 2875 sit
980 2819 1085 2871 alia
1119 2816 1221 2870 bac
1257 2814 1447 2868 melior
1476 2812 1687 2874 civitas,
1720 2810 1874 2878 cujus
1919 2807 2111 2862 artifex
2155 2814 2209 2861 et

675 2908 923 2969 conditor
956 2909 1003 2961 is
1032 2908 1147 2975 ipse
1180 2905 1285 2970 sit,
1315 2901 1618 2972 perpende,
1656 2913 1763 2968 quo
1801 2906 1958 2967 pacto
2016 2898 2072 2950 in
2118 2897 2209 2950 illa

673 3010 836 3064 etiam
866 3021 1093 3076 magnus
1117 3045 1132 3071 ,
1160 3000 1516 3059 celebrandus
1548 3006 1601 3053 et
1623 2997 1907 3051 laudabilis
1929 2996 2000 3051 sit
2031 2996 2205 3060 valde,

1378 336 1639 393 EUSEBII
1675 332 2145 390 CESABIENSIS
2175 332 2323 389 OPP.
2364 329 2545 386 PARS
2582 326 2669 382 111.
2692 356 2761 366 ——
2784 320 3167 381 EXEGETICA.

669 477 896 533 magnus
917 469 1017 524 est,
1045 457 1282 513 bonitate
1299 492 1315 518 ,
1341 452 1623 507 tolerantia
1648 490 1663 514 ,
1702 451 2007 513 clementia,
2037 458 2174 504 caete

2091 458 2195 504 Ete-
2224 452 2269 508 Α
2295 449 2464 518 γέθει,
2499 445 2726 513 δυνάμει
2752 443 2808 495 δὲ
2837 439 3209 509 ἁκαταλήπτῳ·
3239 429 3352 533 έλλὰ
3380 424 3473 533 καὶ
3513 439 3596 533 eos

3602 420 3609 473 l

2302 510 2405 603 γας
2440 510 2556 586 ἐστὶ
2595 510 2690 584 καὶ
2726 527 3028 597 ἀγαθότητι
3057 524 3135 577 καὶ
3160 512 3459 603 ἀνεξικακίᾳ.Δ
3484 510 3577 603 καὶ.
3605 530 3607 547 ε

2303 596 2549 691 (ipes-nia,
2576 619 2697 679 ταῖς
2725 596 2785 668 τε
2810 596 3028 676 λοιπαῖς
3049 606 3402 675 ἐπινοουμὲναις
3434 599 3503 691 iw
3530 596 3611 691 ain

2304 689 2426 771 καῖς
2449 706 2708 775 δυνάμεσι
2729 719 2744 732 ο
2781 703 2862 755 διὸ
2885 701 3138 753 λέλεκταιο
3161 697 3263 751 Καὶ
3284 692 3402 755 τοῖς
3424 689 3610 752 bauer

2304 812 2418 848 σου
2447 796 2557 847 οὐκ
2579 793 2713 845 ἔστι
2747 791 2841 855 τίς
2871 786 3279 857 ὁμοιωθήσεται.

2383 903 2602 964 Ἀθέους
2638 900 2793 962 τινὰς
2839 900 3006 960 ὄντας
3040 896 3271 964 δαίμονας
3304 887 3527 958 ἐπῳδῶν
3572 889 3610 953 (s

2304 989 2628 1059 ποιημένους
2675 988 2704 1038 ὁ
2742 986 2844 1056 τὴν
2879 983 3067 1036 ἑαυτοῦ
3102 978 3351 1051 βασιλείαν
3381 975 3473 1027 ἐπὶ
3510 973 3606 1044 γῆν

2306 1081 2562 1148 σάμενος,
2590 1076 2686 1129 καὶ
2715 1076 2784 1127 τὰ
2817 1075 2939 1127 καθ’
2967 1074 3167 1125 ἕκαστον
3214 1069 3314 1121 τῶν
3346 1064 3612 1136 ἔμπροσθε

2309 1166 2665 1239 ριθμημένων
2700 1150 2759 1215 ὲν
2804 1162 3102 1233 ἀνθρώποις
3127 1157 3458 1217 ἐπιτελέσας.
3503 1156 3574 1206 Οὐ

2309 1258 2478 1328 μέγας
2503 1256 2672 1318 ἐστὶν,
2695 1252 2833 1306 ἀλλὰ
2858 1252 2954 1305 καὶ
2985 1250 3199 1320 ὑμνητὸς
3229 1245 3465 1315 σφόδρα·
3494 1245 3555 1296 οὐ
3593 1263 3613 1312 ις

2307 1346 2502 1408 πᾶσιν,
2533 1343 2659 1393 οὐδὲ
2695 1343 2755 1393 ὲν
2798 1340 2964 1393 παντὶ
3011 1339 3176 1406 τόπῳ,
3223 1335 3333 1387 ἀλλ’
3380 1336 3441 1385 ὲν
3487 1336 3554 1401 τῇ
3593 1351 3611 1383 -.

2304 1432 2435 1484 Θεοῦ
2467 1430 2624 1500 ἡμῶν
2644 1469 2658 1493 ,
2687 1431 2781 1482 καὶ
2811 1431 2873 1482 ὲν
2904 1428 2987 1497 τῷ
3017 1428 3120 1497 ὄρει
3149 1427 3301 1494 ἁγίῳ
3325 1423 3517 1475 αὑτοῦ.
3556 1426 3612 1475 Ἐ

2305 1518 2409 1583 ἔξω
2434 1520 2535 1588 τῆς
2566 1517 2733 1569 αὐτοῦ
2769 1517 2987 1577 πόλεως
3004 1555 3022 1579 ,
3046 1513 3271 1585 ἀμαθεῖς
3300 1513 3456 1573 ὄντες
3483 1510 3581 1580 τῆς
3610 1514 3616 1553 ξ

2305 1608 2600 1670 δασκαλίας
2624 1649 2639 1673 ,
2673 1608 2773 1660 οὐκ
2823 1608 3010 1661 ἴσασιν
3042 1606 3193 1658 αὐτὸν
3232 1603 3440 1673 ὑμνεῖν
3460 1642 3477 1667 ,
3519 1603 3615 1654 οὐδ

2308 1697 2607 1764 θεολογεῖνο
2646 1698 2839 1768 διόπερ
2887 1696 2988 1765 τὴν
3037 1692 3341 1762 σεϐάσμιον
3396 1708 3618 1762 προσηγ

2303 1786 2399 1856 τὴν
2424 1786 2628 1854 ἄψυχον
2660 1784 2791 1854 ὕλην
2841 1783 3377 1851 καταϐεϐλήκασιν,
3425 1780 3468 1851 ἢ
3517 1780 3618 1846 ζώω

2303 1875 2435 1944 γένη
2456 1913 2470 1937 ,
2502 1874 2534 1943 ἢ
2562 1875 2654 1925 ἐπὶ
2682 1873 2750 1925 τὰ
2779 1875 3024 1942 στοιχεῖα
3044 1914 3058 1937 ,
3089 1874 3193 1941 γῆν
3216 1914 3234 1937 ,
3268 1872 3435 1939 ὕδωρ
3462 1910 3479 1933 ,
3518 1872 3618 1942 ὰέρ

2305 1966 2399 2015 ἐπὶ
2427 1964 2495 2015 τὰ
2522 1964 2659 2033 μέρη
2681 1963 2776 2015 τοῦ
2806 1963 3020 2031 κόσμου
3040 1979 3052 1992 ·
3087 1962 3185 2014 καὶ
3216 1962 3395 2015 ἄλλοι
3447 1961 3618 2016 ἄλλως

2304 2054 2437 2105 θεοῦ
2467 2054 2722 2117 ἐδόξασαν
2751 2053 2971 2115 ἀσεϐῶς
2996 2071 3011 2085 ο
3042 2055 3134 2105 καὶ
3182 2053 3291 2105 διὰ
3340 2052 3516 2105 τοῦτο
3534 2093 3549 2113 ,
3600 2073 3618 2106 αι

2304 2144 2453 2205 ὄντες
2483 2142 2751 2211 ἀλλότριοι
2795 2141 2893 2193 τοῦ
2936 2142 3105 2205 Θεοῦ,
3152 2142 3618 2197 ἀπο-πεπτώκαο

2306 2232 2430 2293 θοῦς
2470 2229 2658 2300 ὕμνου.
2698 2230 2861 2293 Πόλις
2893 2230 2952 2281 δὲ
2992 2229 3273 2283 τοῦὉεοῢ
3318 2230 3507 2302 ἡμῶν
3555 2235 3593 2303 ἠ

2305 2321 2369 2389 ἢν
2394 2320 2487 2371 καὶ
2513 2318 2581 2370 τὰ
2608 2318 2867 2387 ἀνωτέρω
2892 2317 3084 2388 ἐδήλου
3108 2318 3298 2387 λόγια
3321 2360 3341 2384 ,
3378 2320 3456 2373 δι’
3496 2314 3580 2374 ὧν
3608 2340 3618 2373 ι

2305 2408 2567 2476 ποταμόῦ
2592 2408 2665 2460 τὰ
2690 2408 3010 2475 ὀρμήματα
3031 2410 3503 2475 εὐφραίνουσι
3528 2412 3617 2480 τὴ

2308 2496 2452 2551 Θεοῦ
2474 2512 2488 2526 ο
2521 2496 2735 2563 ἠτίασε
2758 2496 2825 2547 τὸ
2848 2495 3153 2564 σκήνωμα
3189 2498 3437 2553 αὑτοῦ
3465 2504 3501 2553 ὀ
3531 2503 3618 2553 "ra

2306 2585 2477 2639 ταῦτα
2506 2584 2603 2653 μὲν
2634 2584 2761 2654 περὶ
2794 2585 2896 2654 τῆς
2939 2585 3089 2637 κατὰ
3121 2586 3249 2655 γῆν
3324 2588 3617 2661 Ἐκκλησ

2306 2676 2551 2746 ετρηται·
2598 2672 2923 2738 Ἐνοικήσω
2946 2674 3021 2726 ἐν
3053 2676 3301 2741 αὐτοῖς
3334 2678 3469 2732 καὶ
3500 2680 3618 2747 «tu:

2308 2766 2404 2818 καί
2441 2764 2649 2831 ἔσομαι
2687 2762 2891 2816 αὐτῶν
2938 2763 3120 2829 Θεὸς,
3178 2767 3312 2819 καὶ
3369 2769 3585 2823 αὐτοὶ

2306 2855 2472 2917 λαός.
2498 2854 2561 2903 Εἰ
2588 2852 2631 2903 δ’
2656 2851 2771 2904 ἐστι
2799 2868 2884 2913 τις
2914 2851 3055 2922 ἄλλη
3088 2854 3439 2923 κρείττων
3481 2862 3613 2913 ταύι

2309 2942 2554 3010 τεχνίτης
2598 2940 2697 2993 καὶ
2746 2939 3091 3009 δημιουργὸς
3134 2943 3360 3007 αὐτός
3386 2961 3407 2975 ο
3468 2946 3590 3001 θέα.

2307 3031 2477 3101 ταύτῃ
2504 3030 2673 3099 μέγας
2696 3029 2789 3080 καὶ
2836 3029 3087 3097 ὑμνητὸς
3110 3069 3128 3093 ,
3159 3033 3285 3085 καὶ
3330 3037 3610 3103 αἰνετός

676 3110 797 3151 cum
818 3096 873 3148 in
900 3110 961 3148 ea
984 3109 1082 3163 pro
1109 3091 1370 3161 dignitate
1395 3087 1747 3156 intelligatur,
1779 3099 1842 3139 ac
1868 3084 2067 3138 divinis
2089 3099 2179 3136 ver

2109 3101 2117 3113 ,
2263 3091 2273 3103 .
2583 3084 2595 3096 .
2653 3084 2669 3090 -
2875 3084 2888 3097 .
2974 3084 2987 3097 .
3065 3084 3127 3093 -.
3272 3084 3609 3103 ,-------,

2237 3093 2276 3141 L‘
2310 3118 2427 3168 κατ’
2471 3114 2625 3179 ἀξίαν
2668 3113 2962 3181 νοούμενος⁹
3017 3116 3082 3165 ὲν
3132 3117 3323 3189 αὐτῇ
3395 3124 3523 3175 καὶ
3586 3128 3614 3178 ἓ

675 3187 758 3241 bis
783 3184 1100 3239 celebretur.
1132 3180 1190 3234 in
1218 3193 1325 3248 quo
1361 3184 1538 3230 autem
1569 3183 1725 3229 terrae
1754 3174 1872 3226 loco
1894 3171 2089 3225 civitas
2127 3169 2180 3222 ill

706 3274 718 3282 .
799 3272 831 3282 ..
915 3269 930 3282 α
1036 3276 1046 3282 .
1160 3268 1196 3282 ,u
1303 3281 1314 3282 γ
1412 3263 1462 3282 11,
1508 3270 1672 3282 ------.-
1717 3266 1888 3282 -....-4-
1929 3257 2037 3282 -:..-
2089 3256 2176 3282 1η...

2100 3169 2218 3282 3'}?
2309 3203 2406 3254 Ποῖ
2431 3169 2611 3270 δὲῖτῆς
2635 3169 2985 3272 ᾠκοδτὲμητᾶιι
3021 3204 3060 3272 ἡ
3106 3169 3323 3270 πάλιέ
3362 3169 3605 3282 sea;

675 3274 764 3337 sit,
798 3272 872 3325 ita
900 3269 1053 3325 docet
1085 3268 1322 3338 psalmus
1351 3283 1365 3318 :
1401 3263 1468 3316 In
1504 3270 1673 3314 monte
1710 3266 1889 3313 sancto
1923 3257 2037 3323 eius
2086 3256 2207 3308 bene

673 3362 946 3423 radicato;
979 3360 1033 3413 id
1057 3365 1160 3420 est,
1196 3358 1331 3410 bene
1352 3352 1594 3414 fundato,
1631 3357 1684 3404 et
1731 3347 1994 3410 radicato,
2028 3352 2083 3400 et
2118 3360 2210 3398 ex.-

673 3432 954 3505 sulldlione
1000 3447 1248 3499 universre
1285 3452 1454 3496 terrae.
1494 3439 1681 3505 Qualis
1719 3450 1881 3506 porro
1925 3449 2079 3489 mons
2120 3434 2208 3488 ille

674 3542 766 3604 sit,
804 3551 1029 3607 magnus
1050 3536 1205 3588 docet
1231 3532 1518 3601 Apostolus
1540 3530 1625 3584 his
1644 3527 1823 3583 verbis
1846 3545 1859 3580 :
1884 3524 2207 3578 Accessimus

674 3628 743 3681 ad
773 3625 901 3679 Sion
918 3631 1141 3676 montem
1160 3658 1176 3686 ,
1204 3629 1253 3672 et
1284 3621 1542 3673 civitatem
1583 3617 1679 3670 Dei
1715 3615 1960 3677 viventis,
1990 3611 2209 3666 Jerusa-

675 3718 775 3769 lem
801 3714 1073 3779 caelestem,
1106 3721 1156 3765 et
1197 3712 1479 3764 multorum
1515 3712 1740 3763 millium
1776 3710 2071 3778 angelorum
2112 3707 2211 3774 fre-

675 3806 958 3876 quentiam,
1007 3813 1056 3858 et
1107 3802 1397 3857 Ecclesium
1435 3801 1914 3869 primogenitorum,
1952 3799 2041 3867 qui
2085 3813 2209 3851 con-

675 3904 856 3972 scripti
886 3912 1006 3957 sunt
1033 3904 1086 3957 in
1108 3901 1248 3957 caelis
1264 3902 1327 3955 η.
1353 3900 1605 3954 Eamdem
1640 3913 1768 3953 vero
1788 3912 1906 3952 esse
1934 3895 2207 3950 civitatem

676 3992 767 4047 Dei
789 4007 967 4046 veram
1016 3994 1132 4061 ipse
1176 3991 1412 4045 declarat
1451 3988 1638 4042 dicens
1670 3984 1813 4042 :Illa
1857 3994 2047 4049 autem,
2093 4000 2208 4052 qua

675 4096 880 4134 sursum
921 4089 998 4133 est
1044 4079 1359 4141 Jerusalem,
1421 4075 1583 4130 libera
1630 4083 1727 4139 est,
1770 4089 1883 4142 qure
1927 4082 2002 4125 est
2044 4082 2209 4125 mater

675 4171 934 4223 nostra“.
971 4169 1122 4223 Mons
1162 4176 1340 4222 autem
1387 4164 1497 4220 Deo
1535 4165 1759 4233 dignus,
1805 4162 1975 4230 ipsum
2012 4162 2208 4214 coelum

674 4266 777 4313 cst.
816 4257 953 4322 Quia
977 4273 1104 4312 vero
1125 4257 1369 4313 homines
1401 4256 1454 4309 in
1482 4264 1622 4309 terra
1644 4252 1897 4321 degentes
1917 4266 2081 4320 regno
2108 4264 2207 4305 suo

674 4355 991 4424 dedignatus
1018 4371 1124 4410 non
1147 4361 1266 4420 est;
1288 4353 1341 4407 id
1367 4352 1509 4408 enim
1540 4349 1876 4421 signiﬁcabat
1898 4349 2205 4419 precedens

2308 3290 2543 3343 διδάσκει
2600 3290 2806 3356 λέγων’
2863 3293 2964 3344 Ἐν
3023 3294 3169 3361 ὄρει
3252 3301 3473 3369 ἁγιῳ
3542 3312 3615 3361 αἱ

2306 3379 2547 3431 τουτέστι
2574 3379 2650 3448 τῷ
2675 3376 2733 3432 εὖ
2764 3382 3279 3457 τεθεμελιωμένῳ
3336 3394 3481 3446 καὶ
3530 3397 3612 3466 ὲρ

2305 3467 2383 3532 τῷ
2420 3469 2812 3537 ἀγαλλιάματι
2858 3473 3079 3540 πάσης
3120 3476 3274 3542 τῆς
3310 3481 3511 3549 γῆς,
3573 3489 3611 3539 Ι

2304 3559 2461 3610 τοῦτο
2491 3559 2550 3610 τὸ
2586 3559 2730 3627 ὅρος,
2782 3562 2810 3612 ὁ
2838 3561 3019 3629 μέγας
3076 3564 3533 3637 Ἀπόστολος
3576 3579 3606 3630 ὃ

2306 3651 2847 3716 Προσεληλύθαμεν
2872 3650 3036 3702 Σιὼν
3068 3652 3235 3720 ὄρει
3281 3660 3421 3711 καὶ
3467 3667 3588 3717 πό.

2308 3752 2411 3803 τος
2442 3737 2827 3805 Ἰερουσαλὴμ
2872 3739 3331 3816 ἐπουρανίῳ,
3376 3751 3527 3805 καὶ
3568 3774 3594 3821 j

2305 3830 2430 3880 λων
2461 3826 2787 3892 πανηγύρει
2827 3828 2930 3880 καὶ
2960 3829 3415 3905 Ἐκκλησίᾳ
3459 3854 3594 3908 ap.

2307 3914 2716 3983 γεγραμμένων
2753 3915 2823 3967 ἐν
2854 3918 3212 3985 οὐρανοῖς.
3274 3926 3600 3998 Ταύτην

2305 4002 2402 4070 τὴν
2431 4002 2580 4055 πόλιν
2609 4001 2701 4053 τοῦ
2724 4000 2860 4054 Θεοῦ
2889 4002 2991 4071 τὴν
3021 4006 3395 4081 ἀληθινὴν
3436 4016 3482 4067 ὁ
3521 4021 3600 4069 αἱ

2306 4107 2416 4157 γων
2435 4107 2449 4120 ο
2485 4091 2546 4145 Ἡ
2567 4090 2635 4143 δὲ
2662 4090 2785 4161 ἄγω
2820 4093 3309 4166 Ἰερουσαλὴμ
3346 4102 3605 4162 ἕλευ(

2305 4180 2433 4232 ἐστὶ
2456 4180 2651 4247 μήτηρ
2692 4182 2881 4248 ἡμῶν.
2911 4184 3102 4253 Ὄρος
3141 4186 3228 4237 δὲ
3274 4191 3429 4244 τοῦ
3456 4196 3606 4256 ’Θεέ

2306 4269 2334 4320 ὁ
2363 4268 2608 4339 οὐρανός.
2645 4270 2863 4340 Ἐπειδὴ
2895 4272 2954 4324 δὲ
3005 4274 3133 4326 καὶ
3192 4280 3404 4343 τοὺς
3484 4287 3612 4337 ὲππ

2306 4358 2404 4410 οὐκ
2429 4358 2707 4426 ἀπηξίωσε
2735 4360 2837 4428 τῆς
2873 4362 3117 4425 οἰκείας
3169 4367 3612 4435 βασιλεία‹

675 4446 914 4514 psalmus
933 4445 1118 4501 dicens
1144 4444 1286 4499 :Rex
1315 4443 1482 4495 omnis
1510 4451 1658 4495 terra:
1686 4440 1848 4502 Deus,
1879 4440 2090 4506 psallite
2115 4456 2180 4493 sal

2115 4456 2205 4493 sa-
2236 4472 2280 4526 ι)
2308 4449 2398 4500 λου
2427 4450 2455 4500 ὁ
2487 4448 2591 4517 πρὸ
2628 4448 2819 4502 τούτου
2854 4452 3097 4521 (lange;
3144 4457 3443 4525 λέγων
3474 4481 3504 4496 ο
3561 4472 3615 4521 Ε

674 4534 871 4599 pienter
893 4547 911 4584 :
932 4535 1158 4601 regnavit
1184 4533 1319 4586 Deus
1349 4546 1504 4600 super
1529 4532 1788 4599 gentes“;
1813 4529 1936 4597 jure
1973 4528 2026 4581 in
2062 4536 2203 4582 terra

675 4636 888 4693 quoque
918 4623 1109 4676 civitas
1128 4622 1229 4691 ipsi
1260 4622 1555 4675 constituta
1583 4628 1667 4673 est
1687 4658 1701 4683 ,
1731 4619 1855 4672 vita:
1881 4617 2089 4672 scilicet
2118 4617 2203 4670 in-

675 4710 922 4763 stitutum
962 4707 1053 4762 Dei
1094 4709 1263 4763 cultui
1312 4707 1604 4771 addictum,
1652 4707 1705 4758 in
1752 4711 1866 4759 toto
1922 4703 2053 4757 orbe
2108 4718 2204 4771 per

673 4796 1031 4865 evangelicam
1051 4797 1481 4864 prredicationem
1510 4794 1831 4849 consistens.
1854 4792 2086 4846 Montem
2110 4778 2202 4845 Dei

675 4884 732 4937 in
786 4899 892 4953 quo
938 4884 1244 4953 hujusmodi
1287 4885 1594 4938 institutum
1636 4882 1934 4937 stabilitum
1987 4888 2091 4943 est,
2136 4894 2202 4934 ne

673 4983 940 5037 cuncteris
974 4983 1153 5037 dicere
1180 4982 1413 5036 Verbum
1449 4983 1541 5036 Dei
1572 4996 1713 5043 esse,
1758 4980 2004 5034 videlicet
2040 4977 2200 5031 Chri-

674 5075 846 5134 stum;
878 5071 1001 5136 quia
1030 5085 1192 5139 supra
1220 5076 1424 5138 petram
1443 5068 1660 5122 fundata
1680 5067 1799 5134 ejus
1816 5065 2053 5119 Ecclesia
2080 5070 2195 5116 est:

675 5152 788 5219 ipse
828 5163 1002 5207 autem
1024 5166 1173 5223 petra
1201 5164 1334 5212 erat.
1374 5157 1526 5211 Mons
1567 5157 1765 5224 itaque,
1798 5160 1966 5222 petra,
2008 5150 2198 5205 funda-

675 5249 908 5295 mentum
935 5242 1181 5299 Ecclesiae
1199 5246 1314 5314 ipse
1339 5247 1484 5301 solus
1506 5245 1684 5306 fuerit,
1708 5251 1766 5296 ut
1788 5242 2003 5311 quidam
2027 5240 2157 5293 dicit
2180 5255 2193 5292 :

683 5327 1083 5382 Fundamentum
1111 5334 1244 5386 enim
1275 5334 1420 5385 aliud
1456 5349 1604 5386 nemo
1636 5339 1800 5398 potest
1833 5343 2039 5396 ponere,
2061 5341 2197 5393 pra:-

679 5492 937 5609 ulwpsg"
972 5514 1161 5563 “U1.
1192 5504 1244 5554 6.
1318 5505 1337 5535 ⁸
1376 5502 1513 5558 Psal.
1546 5519 1665 5568 XLV,
1696 5503 1749 5557 5.
1821 5500 1841 5531 ⁹
1879 5494 2047 5553 Levit.
2082 5512 2201 5551 XXVI

732 5596 831 5618 ιιι,
870 5596 920 5609 ν.

2224 5535 2239 5561 ,
2276 5498 2362 5552 12.
2441 5492 2484 5530 ίθ
2525 5496 2691 5561 Hebr.
2729 5525 2831 5576 xu,
2862 5506 2958 5579 ‘29.,
2987 5517 3117 5575 ‘25.

2306 4535 2415 4601 τῆς
2445 4534 2556 4603 τῆς
2584 4539 2617 4588 ό
2651 4537 2825 4601 Θεὸς,
2862 4540 3150 4606 unitate
3213 4555 3611 4608 συνετᾶ

2305 4625 2338 4674 ὀ
2365 4621 2505 4685 Θεὸς
2530 4622 2626 4673 ἐπὶ
2657 4623 2728 4675 τὰ
2753 4623 2900 4691 ἔθνη
2921 4640 2938 4657 ⁸
2964 4630 3165 4682 είκότ
3177 4649 3304 4697 ως
3372 4641 3544 4693 καὶ

2304 4710 2432 4778 έστη
2465 4709 2613 4779 αὐτῷ
2646 4711 2836 4774 πόλις,
2889 4712 2953 4767 τὸ
2986 4716 3385 4788 θεοσεϐὲς
3430 4728 3594 4797 δη)

2304 4799 2422 4851 καθ’
2445 4797 2572 4867 ὂλης
2596 4799 2696 4867 τῆς
2719 4802 3074 4876 οἰκουμένης
3106 4809 3252 4865 διὰ
3288 4815 3447 4866 τοῦ
3487 4820 3580 4870 εὖ

2306 4886 2674 4957 κηρύγματος.
2704 4891 2870 4961 Ὄρος
2910 4894 2970 4947 δὲ
3010 4896 3155 4950 τοῦ
3220 4902 3447 4957 Θεοῦ
3519 4908 3555 4959 ὲ

2306 4976 2459 5027 τοῦτο
2489 4978 2807 5049 συνέστηκε,
2830 4982 2907 5052 μὴ
2933 4984 3127 5039 δκνει
3171 4985 3464 5058 λέγειν
3500 5014 3547 5048 τ

2304 5064 2418 5131 ἦτοι
2445 5061 2794 5155 τὸνδριστον
2816 5085 2832 5099 ο
2857 5072 3145 5149 ἐπείπερ
3205 5076 3359 5133 ἐπὶ
3402 5083 3540 5155 τὴν

2300 5167 2385 5201 ται
2414 5151 2573 5203 αὐτοῦ
2608 5155 2645 5223 ἡ
2690 5154 3033 5229 Ἐκκλησία·
3079 5164 3344 5233 αὐτός
3389 5190 3487 5226 τε

2302 5234 2660 5333 οξν-καὶᾈδρος
2687 5247 2785 5299 καὶ
2808 5249 2994 5320 πέτρα
3025 5257 3176 5309 καὶ.
3219 5259 3315 5314 Ge
3331 5264 3529 5333 μέλι

2303 5328 2463 5390 αὐτὸς
2509 5329 2574 5382 ἂν
2625 5334 2789 5402 μόνος
2819 5339 2911 5410 εἴη
2945 5346 3133 5400 κατὰ
3210 5328 3360 5405 τδᾲ
3424 5358 3527 5422 (pd

3253 5526 3317 5556 ¹²
3386 5528 3508 5584 Cu
