3812 6386
180 427 275 480 5‘23

1275 431 1766 492 COMMENTARIA
1799 440 1861 492 IN
1897 442 2222 500 PSALMOS.

3225 457 3324 509 ἇίὶὸ

179 545 292 632 μοῖς
307 543 529 611 ὁρῶντε(³
559 547 695 612 φασί
719 565 730 575 ·
751 547 1012 616 Καθάπερ
1036 548 1388 617 ἠκούσαμεν,
1413 554 1592 620 οὕτως
1616 561 1708 612 καί

1817 563 2056 618 vidimus.
2086 565 2261 630 Quare
2304 567 2414 621 hac
2453 567 2691 622 dicentes
2721 569 2796 622 sic
2826 570 3112 638 alloquitur
3145 572 3328 627 Salva-

179 620 411 698 ἑῖὃομεν.
461 633 557 684 Διὸ
585 639 702 697 τοῖς
730 637 894 692 ταῦτα
925 639 1209 705 φάσκουσιν
1235 639 1412 708 ἔλεγεν
1437 647 1463 695 ὁ
1485 645 1672 717 Σωτήρ
1691 665 1702 676 ·

176 719 376 770 Πολλοὶ
408 721 717 789 προφῆται
764 725 860 777 καὶ
905 726 1112 779 δίκαιοι
1160 729 1536 799 ἐπεθύμησαν
1567 735 1710 789 ἰδεῖν

177 806 207 857 ἆ
229 805 384 873 ὑμεῖς
403 808 676 869 βλέπετε
699 828 712 840 ·
753 814 845 866 καί
868 851 884 876 ,
929 815 1117 882 ’Υμῶν
1144 817 1209 869 δὲ
1232 820 1500 887 μακάριοι
1525 826 1578 874 οἱ
1609 826 1710 892 δερ-

176 898 364 965 eum
381 936 397 958 ,
433 898 523 952 ὅτι
542 901 912 962 βλέπουσιν.
971 906 1212 977 Ἃρμόζοι
1238 908 1282 961 δ’
1311 911 1376 963 ἂν
1414 913 1500 965 καὶ
1525 916 1650 984 ἡμῖν
1676 917 1707 984 ἡ

179 987 370 1056 τοιαύτη
398 989 554 1059 φωνὴ
578 1033 593 1054 ,
632 993 698 1044 τὰ
724 995 880 1063 ὅμοια
906 996 1238 1067 τεθεαμένοις
1265 1003 1397 1054 κατὰ
1425 1006 1544 1065 τοὺς
1580 1007 1708 1075 ἡμε-

178 1076 341 1144 τέρους
366 1079 594 1149 χρόνους
616 1099 630 1111 ⁶
653 1081 688 1134 ἃ
714 1083 776 1154 δὴ
807 1087 899 1137 καὶ
928 1086 1219 1156 ἐπληροῦτο
1243 1092 1296 1141 ὲν
1320 1094 1381 1160 τῇ
1411 1093 1708 1162 προλεχθεί-

176 1182 238 1236 σῃ
263 1169 424 1232 πόλει,
461 1171 534 1239 ῆν
567 1173 675 1223 οὐκ
701 1175 980 1243 ἄνθρωπος
1001 1216 1014 1237 ,
1050 1178 1159 1229 ἀλλ’
1194 1180 1345 1242 αὐτὸς
1372 1183 1398 1231 ὁ
1426 1183 1551 1244 Θεὸς
1594 1184 1709 1236 s05-

173 1257 413 1326 μελίωσεν
448 1262 532 1322 εἰς
561 1263 658 1314 τὸν
684 1265 875 1316 αἰῶνα.
945 1266 1184 1319 Μάλιστα
1233 1270 1338 1337 γὰρ
1379 1273 1492 1324 τότε
1545 1274 1708 1342 αὐτῆς

175 1347 393 1410 φαίνεται
419 1349 447 1398 ὁ
467 1348 728 1419 θεμέλιος
754 1352 983 1417 αἰώνιος,
1004 1356 1037 1424 ἦ
1057 1373 1112 1407 τε
1137 1358 1379 1429 οἰκοδομὴ
1406 1362 1502 1413 οὐκ
1531 1362 1588 1426 ἐξ
1614 1363 1706 1413 άν-

173 1434 378 1504 θρώπων
409 1438 676 1510 ἱδρυμένη
699 1479 714 1502 ,
753 1443 864 1494 ἀλλ’
891 1444 947 1508 ἐξ
972 1445 1129 1496 αὐτοῦ
1172 1447 1259 1498 τοῦ
1285 1448 1414 1499 Θεοῦ
1433 1487 1446 1509 ,
1476 1451 1705 1512 ἐπειδὰν,

175 1525 411 1577 τοσούτων
461 1528 748 1598 πολεμίων
796 1532 1248 1602 πολιορκούντων,
1319 1539 1576 1607 ἀήττητος
1620 1543 1708 1594 καὶ

175 1613 505 1685 ἀκαθαίρετος
545 1614 576 1668 δ
583 1635 639 1669 ια
646 1619 806 1690 μένῃ.

233 1703 376 1754 Κατὰ
401 1703 466 1754 τὸ
495 1700 694 1772 ὄνομιί
723 1723 836 1758 σου
856 1747 870 1771 ,
904 1711 936 1758 ὀ
956 1709 1098 1772 Θεὸς
1119 1749 1132 1771 ,
1165 1710 1343 1774 οὕτως
1376 1713 1469 1763 καὶ
1501 1715 1535 1776 ἡ
1565 1715 1709 1765 αἴνε-

173 1791 260 1855 σίς
277 1809 385 1844 σου
400 1793 496 1844 ἐπὶ
524 1795 599 1846 τὰ
622 1797 848 1861 πέρατα
870 1794 971 1862 τῆς
997 1797 1106 1865 γῆς
1124 1815 1136 1827 ο
1161 1797 1536 1866 δικαιοσύνης
1563 1803 1707 1865 πιή-

1807 660 1890 706 ιοι·
1921 672 1933 706 :
1984 654 2140 707 Multi
2190 658 2442 724 propheta:
2485 669 2533 711 et
2578 659 2706 724 iusti
2733 661 2996 714 voluerunt
3024 665 3188 718 videre
3214 683 3327 734 qua:

1808 758 1892 794 vos
1924 742 2101 796 videtis
2124 745 2166 774 ¹⁰
2194 762 2207 809 ;
2237 753 2316 798 et:
2363 745 2530 799 Vestri
2561 755 2733 799 autem
2758 748 2893 800 beati
2919 751 3076 812 oculi,
3099 754 3220 820 quia
3251 755 3327 804 vi-
3367 803 3371 812 ε

1806 829 1924 882 dent
1951 831 2013 882 ".
2048 831 2210 886 Nobis
2234 848 2444 902 quoque
2483 834 2594 887 haec
2624 851 2724 889 vox
2753 844 3038 904 competat,
3070 841 3159 907 qui
3191 848 3326 893 tem-

1808 920 2028 987 poribus
2053 923 2250 977 nostris
2280 924 2473 976 similia
2507 924 2735 980 vidimus
2761 926 2814 978 in
2841 925 3088 994 praedicta
3111 928 3322 981 civitate

1807 1006 2052 1076 impleta;
2085 1026 2240 1078 quam
2274 1027 2376 1064 non
2417 1013 2594 1076 homo,
2630 1015 2718 1068 sed
2766 1015 2876 1082 ipse
2904 1015 3039 1068 Deus
3084 1015 3322 1070 fundavit

1809 1096 1861 1149 in
1907 1099 2179 1153 saeculum.
2231 1095 2379 1153 Tunc
2426 1116 2586 1170 porro
2640 1103 2867 1156 maxime
2920 1103 3318 1159 fundamentum

1806 1185 1923 1250 ejus
1947 1195 2226 1251 aeternum,
2269 1198 2644 1260 structuraque
2691 1193 2833 1247 illius
2867 1209 2972 1246 non
2999 1194 3066 1247 ab
3095 1195 3320 1249 homini-

1807 1275 1908 1330 bus
1943 1279 2172 1330 excitata
2201 1279 2430 1341 videtur,
2469 1281 2558 1335 sed
2592 1282 2659 1333 ab
2700 1281 2816 1350 ipso
2846 1280 2985 1347 Deo;
3016 1300 3133 1336 cum
3173 1285 3319 1338 obsi-

1806 1362 2056 1418 dentibus
2113 1372 2190 1417 tot
2246 1366 2494 1431 inimicis,
2554 1369 2746 1422 invicta
2792 1377 2845 1422 et
2901 1371 3318 1440 inexpugnabilis

1807 1459 2003 1504 manet.

1876 1701 2033 1758 Vens.
2066 1705 2146 1766 ll,
2175 1704 2256 1756 1‘2.
2287 1705 2574 1759 Secundum
2602 1724 2778 1762 nomen
2809 1712 3146 1776 tuum,Deus,
3178 1715 3250 1766 sic
3277 1721 3324 1766 et

1807 1793 1921 1845 laus
1948 1802 2037 1845 tua
2057 1793 2108 1844 in
2129 1794 2253 1861 ﬁnes
2274 1803 2423 1848 terra:
2444 1813 2462 1848 :
2476 1795 2690 1863 justitia
2715 1799 2866 1866 plena
2889 1811 2962 1851 est
2984 1800 3196 1854 dextera
3215 1812 3325 1858 tua.

172 1899 268 1945 ρης
287 1884 320 1948 ἠ
348 1882 514 1945 δεξιά
531 1901 676 1937 σου.
725 1883 1047 1955 Ἐπειδήπερ
1068 1891 1098 1956 ή
1125 1888 1267 1952 δεξιὰ
1288 1889 1443 1940 αὑτοῦ
1463 1930 1475 1951 ,
1503 1893 1534 1958 ἡ
1563 1891 1708 1960 εὐερ-

1812 1889 2074 1955 Quoniam
2125 1891 2356 1944 benefica
2411 1892 2525 1958 ejus
2577 1893 2813 1954 dextera,
2842 1908 2957 1961 qua:
2983 1894 3121 1946 bona
3147 1893 3321 1944 omnia

175 1973 339 2041 γετικὴ
368 1974 456 2024 καὶ
497 1975 723 2026 πάντων
760 1976 864 2026 τῶν
892 1978 1104 2042 ἀγαθῶν
1139 1981 1397 2047 πάροχος,
1433 1980 1709 2050 πεπλήρω-

175 2078 249 2112 ται
281 2064 509 2130 ἰσότητος
542 2067 642 2114 καὶ
676 2065 1018 2134 δικαιοσύνης
1041 2104 1054 2128 ,
1081 2068 1178 2118 οὐκ
1206 2067 1314 2118 ἔστι
1343 2085 1397 2119 τε
1430 2085 1708 2137 προσωπο-

174 2147 322 2216 ληψία
346 2151 466 2219 παρ’
488 2151 636 2218 αὐτῷ
655 2167 669 2179 ·
701 2153 924 2212 εἰκότως
951 2154 1010 2204 τὸ
1064 2154 1378 2219 Εὑαγγέλιον
1408 2156 1564 2206 πᾶσιν
1589 2156 1710 2223 ἐκη-

175 2237 382 2304 ρὺττετο
402 2243 508 2301 τοῖς
525 2236 729 2291 ἔθνεσι.
767 2241 858 2292 Διό
878 2259 1036 2309 φησιν
1064 2244 1091 2293 ὁ
1129 2243 1437 2306 Ἀπόστολος
1456 2261 1467 2272 ⁸
1501 2247 1578 2296 οὐ
1605 2247 1710 2312 γὰρ

170 2325 580 2394 ἐπαισχύνομαι
611 2328 685 2381 τὸ
717 2331 1099 2398 Εὑαγγέλιον.
1151 2333 1397 2399 Δύναμις
1430 2334 1534 2399 γὰρ
1568 2335 1708 2386 Θεοῦ

175 2413 324 2466 ἐστιν
349 2417 433 2480 εἰς
475 2418 790 2482 σωτηρίαν
823 2419 996 2470 παντὶ
1026 2418 1103 2482 τῷ
1133 2420 1464 2472 πιστεύοντι
1490 2460 1504 2483 ,
1568 2421 1708 2474 Ἰου-

176 2500 302 2566 δαίῳ
323 2521 377 2555 τε
397 2504 631 2570 πρῶτον
650 2506 755 2556 καὶ
779 2508 1042 2572 Ἕλληνι.
1067 2509 1413 2574 Δικαιοσύνη
1439 2509 1544 2576 γὰρ
1567 2508 1710 2561 Θεοῦ

173 2589 238 2641 ἐν
258 2591 398 2656 αὺτῷ
415 2595 930 2650 ἀποκαλύπτεται.
983 2595 1194 2658 Τούτοις
1213 2597 1507 2658 ἀκολούθως
1533 2598 1708 2650 ἐπιλέ-

180 2697 313 2744 γεται
345 2679 461 2749 ἑξῆς
480 2699 493 2710 ⁸
530 2683 949 2750 Εὐφρανθήτω
973 2686 1115 2749 ὅρος
1147 2687 1324 2736 Σιών·
1356 2687 1508 2739 τοῦτο
1534 2688 1588 2738 δὲ
1621 2689 1712 2738 καὶ

175 2771 250 2823 διὰ
280 2771 374 2823 τῶν
405 2773 729 2842 ἔμπροσθεν
772 2774 1019 2842 ὲδηΛιῦτο
1041 2813 1055 2836 ,
1107 2775 1188 2842 ἐφ’
1235 2768 1278 2841 ᾧ
1304 2775 1646 2845 τεθεμελίωτο
1677 2781 1708 2846 ἡ

189 2861 469 2932 Ἐκκλησία.
549 2863 618 2916 Ἢ
657 2863 834 2930 πέτρα
865 2859 954 2915 οἷν
1009 2865 1102 2916 καὶ
1132 2865 1191 2916 τὸ
1221 2865 1340 2934 όρος
1389 2866 1544 2927 αὐτὸς
1587 2863 1651 2936 ἦν
1683 2869 1710 2919 ὁ

179 2943 394 3015 Χριστός.
452 2951 657 3020 Χαίρει
692 2950 869 3000 τοίνυν
898 2949 988 3000 καὶ
1020 2949 1193 3018 πάσης
1223 2951 1546 3021 εὐφροσύνης
1576 2953 1708 3021 πλη-

178 3037 336 3102 ροῦται
388 3039 481 3090 ἐπὶ
531 3043 600 3108 τῇ
641 3037 859 3110 μεγάλῃ
892 3040 977 3090 ἐπ’
1007 3039 1150 3106 αὐτῷ
1178 3041 1461 3110 οἰκοδομῇ,
1512 3041 1602 3093 καὶ
1644 3045 1708 3113 τῇ

173 3125 556 3198 ὰκαταμαχήτῳ
588 3129 785 3190 πόλει,
827 3129 919 3180 καὶ
964 3128 1237 3197 συγχαίρει
1259 3130 1368 3190 τοῖς
1398 3128 1709 3198 σωζομένοις

171 3212 197 3261 ό
225 3209 391 3275 σώζων
421 3217 623 3278 αὐτοὺς
651 3215 861 3284 Κύριος
881 3231 894 3243 °
939 3214 1068 3266 ἀλλὰ
1102 3217 1190 3266 καὶ
1218 3217 1270 3267 αἱ
1301 3216 1585 3287 θυγατέρες
1615 3219 1709 3287 τῆς

185 3299 412 3366 Ὶοώαίας
430 3306 805 3373 ἀγαλλιῶνται
826 3305 1005 3356 ἕνεκεν
1028 3304 1131 3356 τῶν
1155 3307 1428 3376 χριμάτων
1448 3307 1540 3359 τοῦ
1556 3307 1704 3359 Θεοῦ.

172 3389 304 3454 Τίνες
352 3395 393 3446 δ’
423 3396 489 3448 ἂν
518 3393 636 3449 εἶεν
687 3390 841 3449 αὗται
875 3394 986 3446 ἀλλ’
1015 3395 1046 3464 ἢ
1092 3397 1145 3446 αί
1179 3396 1518 3450 άποστολικαὶ
1546 3397 1709 3467 ψυχαὶ

170 3481 248 3530 καὶ
269 3484 365 3545 πᾶς
383 3485 411 3535 ὁ
439 3485 550 3537 τῶν
574 3486 840 3556 μαθητῶν
863 3487 954 3540 καὶ
978 3486 1364 3554 εὐαγγελιστιῖΝ
1394 3485 1485 3536 τοῦ
1511 3488 1707 3556 Κυρίου

168 3572 246 3622 καὶ
266 3573 509 3644 Σωτῆρος
541 3579 578 3646 ἡ
589 3577 715 3645 μῶν
743 3577 912 3647 Ἰησοῦ
934 3577 1162 3646 Χριστοῦ
1190 3576 1342 3645 χορὸς
1366 3575 1423 3638 ἐξ
1453 3577 1708 3628 Ἰουδαίων

168 3664 501 3732 γεγενημένος
523 3683 538 3727 ;
561 3665 830 3736 Ἐχαιρόν
843 3685 903 3735 γε
922 3669 1026 3739 μὴν
1049 3669 1139 3720 καὶ
1161 3669 1333 3737 πάσης
1353 3667 1709 3734 ἀγαλλιάσεως

165 3747 250 3797 καὶ
274 3749 534 3822 θυμηδίας
568 3754 912 3823 ἐπληροῦντο
942 3756 1028 3809 διὰ
1059 3757 1125 3808 τὰ
1151 3757 1328 3808 δίκαια
1365 3758 1594 3826 κρίματα
1617 3760 1708 3809 τοῦ

166 3838 318 3891 Θεοῦ·
351 3845 591 3913 ἐπείπερ
627 3844 698 3895 δι’
722 3844 896 3896 αὐτῶν
931 3848 1090 3898 πᾶσιν
1122 3845 1251 3914 ὁμοῦ
1281 3849 1385 3908 τοῖς
1419 3846 1588 3898 ἔθνεσι
1620 3850 1709 3899 καὶ

164 3930 306 3981 πᾶσιν
329 3932 654 4003 ἀνθρώποις
672 3935 992 4002 ὲκηρύττετο
1013 3935 1071 3986 τὸ
1097 3937 1351 4004 σωτήριον
1372 3936 1705 4002 Εὑαγγέλιον.

221 4042 582 4096 Κυκλώσατε
622 4044 814 4104 Σιὼν,
858 4046 951 4096 καὶ
981 4044 1312 4110 περιλὰϐετε
1338 4046 1550 4111 αὐτὴν,
1599 4047 1711 4112 διη-

161 4127 407 4192 τιᾶσασθε
435 4135 510 4186 ἐν
535 4135 677 4198 τοῖς
713 4135 956 4201 πύργοις
983 4134 1186 4200 αὐτῆς.
1222 4136 1401 4189 Θέσθε
1436 4137 1538 4200 τὰς
1575 4153 1708 4203 καρ-

157 4215 276 4282 δίας
298 4222 467 4288 ὑμῶν
504 4227 602 4287 εὶς
629 4222 745 4290 τὴν
780 4222 1032 4291 δύναμιν
1067 4223 1248 4290 αὐτῆς
1271 4265 1286 4287 ,
1310 4225 1410 4277 καὶ
1448 4225 1708 4278 καταδιέ-

157 4309 320 4363 lautis
349 4313 462 4377 τὰς
514 4313 742 4379 ,βάρεις
786 4311 973 4378 αὐτῆς
998 4352 1012 4373 ,
1052 4313 1204 4378 ὅπως
1235 4314 1308 4366 ἂν
1353 4315 1710 4382 διηγήσησθε

159 4398 233 4459 εις
249 4401 463 4464 γενεὰν
490 4401 735 4468 ἑτέραν.
772 4402 895 4452 Ὅτι
923 4396 1098 4464 οὗτός
1123 4402 1286 4454 ἐστιν
1303 4405 1334 4454 ὀ
1361 4402 1498 4465 Θεὸς
1527 4403 1708 4470 ἡμῶν.

1809 1981 2084 2050 elargitur,
2121 1980 2480 2048 aequabilitate
2508 1987 2561 2034 et
2595 1981 2802 2048 justitia
2834 1983 2989 2050 plena
3019 1989 3121 2042 est.
3153 1997 3325 2050 neque

1809 2067 1916 2119 ulla
1965 2076 2047 2122 est
2097 2066 2236 2135 apud
2287 2068 2461 2135 ipsum
2508 2083 2856 2136 personarum
2893 2071 3162 2136 acceptio;
3205 2069 3325 2136 jure

1809 2155 2144 2225 Evangelium
2171 2155 2415 2209 omnibus
2443 2157 2687 2224 gentibus
2710 2155 3322 2224 prasdicabatur.Quam-

1804 2245 1985 2297 obrem
2057 2243 2228 2311 inquit
2273 2243 2562 2310 Apostolus
2626 2263 2637 2296 :
2700 2242 2820 2295 Non
2876 2244 3009 2295 enim
3087 2241 3324 2295 erubesco

1809 2331 2161 2400 Evangelium.
2206 2331 2376 2383 Virtus
2402 2333 2536 2383 enim
2567 2331 2662 2385 Dei
2711 2341 2787 2385 est
2825 2333 2876 2384 in
2924 2331 3139 2384 salutem
3186 2332 3324 2384 omni

1807 2419 2050 2484 credenti,
2084 2419 2271 2472 Judtro
2301 2421 2521 2487 primum
2569 2429 2620 2472 et
2665 2421 2864 2472 erco.
2917 2418 3137 2470 Iustitia
3188 2419 3324 2471 enim

1809 2508 1903 2561 Dei
1949 2509 2005 2562 in
2045 2525 2101 2561 eo
2150 2510 2401 2563 revelatur
2430 2511 2495 2562 “.
2533 2509 2935 2576 Consequenter
2966 2516 3142 2560 autem
3175 2507 3325 2560 addi-
3381 2497 3399 2515 ⁴

1806 2607 1896 2652 tur
1926 2619 1939 2652 :
1973 2598 2196 2652 Laetetur
2224 2616 2368 2653 mons
2403 2598 2530 2653 Sion
2563 2615 2582 2651 :
2623 2599 2763 2667 quod
2804 2613 2872 2652 ex
2908 2596 3326 2665 prmcedentibus

1809 2687 2138 2741 declaratum
2169 2696 2271 2749 est,
2302 2702 2424 2740 cum
2456 2687 2522 2741 de
2548 2684 2857 2739 fundatioue
2900 2685 3150 2738 Ecclesiae
3199 2699 3324 2752 age-

1810 2782 1974 2828 retur.
2023 2773 2178 2828 Petra
2237 2776 2401 2842 igitur
2455 2783 2508 2827 et
2554 2789 2707 2827 mons
2747 2774 2861 2842 ipse
2900 2773 3146 2827 Christus
3187 2781 3322 2829 erat.

1808 2862 2012 2917 Gaudet
2040 2863 2219 2931 itaque
2259 2872 2311 2916 et
2354 2863 2500 2915 omni
2551 2863 2732 2915 latitia
2782 2861 3015 2929 repletur
3042 2861 3106 2913 de
3134 2875 3325 2930 magna

1808 2955 1861 3006 in
1885 2969 1943 3007 se
1971 2952 2187 3006 fundata
2217 2960 2509 3012 structura.
2557 2966 2617 3004 ac
2661 2951 2726 3005 de
2777 2951 3170 3020 inexpugnabili
3204 2950 3326 3003 rivi-

1807 3044 1948 3100 tate;
1980 3043 2140 3104 atque
2167 3038 2390 3089 salutem
2430 3038 2603 3089 nactis
2634 3037 2825 3089 salutis
2851 3044 3041 3089 auctor
3069 3036 3324 3091 Dominus

1807 3123 2136 3192 gratulatur;
2178 3125 2282 3175 imo
2329 3124 2486 3182 etiam
2520 3122 2637 3176 filia:
2662 3121 2854 3175 Iudaea:
2883 3124 3153 3176 exsultant
3201 3138 3326 3190 pro-

1737 3220 1777 3273 C
1810 3211 2142 3280 pterjudicia
2171 3211 2278 3265 Dei.
2306 3211 2554 3276 Quaenam
2589 3213 2690 3264 illae
2718 3210 2915 3264 fuerint
2941 3213 3043 3264 nisi
3070 3212 3325 3279 apostoli-

1809 3315 1883 3353 cae
1912 3301 2116 3362 animze,
2153 3308 2402 3367 totusque
2429 3299 2810 3367 discipulorum
2852 3299 3324 3364 evangelistarum-

1808 3405 1910 3458 que
1942 3389 2148 3442 Domini
2179 3397 2232 3440 et
2267 3387 2562 3440 Salvatoris
2602 3386 2773 3439 nostri
2805 3385 2930 3438 Jesu
2962 3385 3161 3437 Christi
3189 3384 3322 3437 cho—

1810 3495 1921 3538 rus,
1944 3494 2008 3532 ex
2033 3477 2228 3531 Judaeis
2256 3477 2444 3530 ortus?
2485 3475 2822 3528 Laetabantur
2868 3488 3050 3542 porro,
3085 3487 3147 3525 ac
3180 3474 3322 3526 omni

1809 3567 2160 3620 exsultatione
2192 3573 2246 3619 et
2285 3567 2446 3619 animi
2491 3563 2686 3634 gaudio
2716 3564 3076 3633 rapiebantur,
3110 3571 3323 3631 propter

1805 3657 1954 3725 justa
1992 3655 2082 3711 Dei
2115 3655 2343 3724 judicia,
2389 3654 2514 3724 quia
2553 3654 2790 3722 ipsorum
2822 3654 3117 3705 ministerio
3153 3652 3324 3704 omni-

1810 3748 1908 3800 bus
1931 3761 2037 3798 una
2067 3747 2329 3815 gentibus,
2355 3744 2711 3811 omnibusque
2763 3742 3066 3794 hominibus
3094 3741 3323 3795 salutare

1813 3833 2153 3902 Evaligelium
2184 3832 2622 3886 annuntiabatur.

1884 4032 2048 4087 Vens.
2108 4034 2286 4088 15-15.
2351 4033 2676 4085 Circumdale
2738 4031 2883 4092 Sion,
2929 4042 2977 4083 et
3031 4033 3321 4096 complecti-

1811 4124 1934 4175 mini
1959 4140 2092 4185 eam,
2141 4131 2349 4175 narrate
2399 4124 2448 4174 in
2496 4122 2720 4174 turribus
2769 4121 2900 4187 ejus.
2955 4118 3134 4170 Ponite
3165 4121 3322 4173 corda

1810 4219 1974 4262 vestra
2014 4213 2065 4262 in
2114 4212 2294 4263 virtute
2324 4211 2454 4276 ejus,
2492 4219 2541 4260 et
2584 4207 2873 4260 distribuite
2902 4206 3076 4257 domos
3104 4207 3235 4267 eius,
3269 4218 3322 4258 ut

1808 4303 2058 4351 ertarretis
2097 4301 2148 4350 in
2185 4300 2420 4366 progenie
2463 4299 2646 4350 altera.
2683 4298 2938 4361 Quoniam
2962 4295 3041 4345 hic
3069 4304 3143 4346 est
3187 4295 3322 4348 Dem

1814 4387 1946 4440 Deus
1973 4398 2164 4450 noster,
2197 4390 2302 4454 ipse
2334 4398 2503 4453 pascet
2535 4404 2625 4439 nos
2656 4388 2706 4439 in
2735 4385 2948 4439 swcula.
2995 4382 3120 4448 Qua:
3164 4399 3322 4452 supra

160 4487 324 4550 αὐτὸς
356 4491 657 4559 ποιμανεῖ
695 4489 849 4558 ἡμᾶς
885 4491 971 4552 εἰς
1018 4489 1155 4553 τοὺς
1189 4490 1418 4556 αἰῶνας.
1495 4493 1573 4544 Τὰ
1616 4493 1708 4561 μὲν

1812 4477 1950 4530 dicta
2007 4485 2130 4530 sunt
2174 4478 2373 4538 omnia,
2426 4473 2741 4541 theologiam
2775 4474 3047 4526 continent
3079 4474 3196 4540 ejus
3233 4476 3324 4542 qui

159 4576 507 4646 προλεχθέντα
530 4582 716 4633 πάντα
738 4579 1008 4645 θεολογίαν
1027 4578 1257 4646 περιέχει
1280 4581 1370 4632 τοῦ
1398 4580 1465 4632 τὰ
1485 4581 1708 4634 τοσαῦτα

1812 4572 1888 4618 tot
1917 4572 2168 4633 tantaque
2192 4573 2337 4632 gesta
2374 4563 2424 4614 in
2453 4560 2754 4614 hominibus
2785 4560 2969 4614 edidit.
3005 4560 3124 4614 Haec
3149 4569 3324 4614 autem

158 4660 211 4712 ὲν
229 4665 536 4737 ἀνθρώποις
567 4669 995 4739 κατωρθωκότος
1010 4684 1022 4696 ⁸
1047 4667 1114 4718 τά
1135 4668 1188 4720 δὲ
1211 4670 1530 4739 προκείμενα
1549 4685 1709 4739 προσ-

162 4759 397 4815 φωνεῖται
435 4760 520 4820 είς
551 4757 848 4826 πρόσωπόν
897 4770 1079 4810 τινων,
1108 4753 1179 4814 ὼς
1203 4755 1265 4806 ἂν
1289 4757 1384 4824 τὴν
1410 4757 1708 4825 προλεχθεί-

163 4854 250 4891 σαν
276 4844 425 4896 πόλιν
459 4845 558 4897 τοῦ
596 4846 731 4896 Θεοῦ
775 4843 1078 4896 διαλάϐοιεν
1122 4844 1483 4906 κυκλώσαντες
1523 4846 1706 4915 αὐτὴν,

161 4927 242 4977 καὶ
269 4933 381 4993 ταῖς
410 4934 574 5002 χερσὶ
606 4931 988 5000 περιλαϐόντες
1008 4945 1020 4955 ·
1058 4928 1129 4989 ὼς
1153 4931 1236 4992 ἂν,
1267 4932 1586 5000 πανταχόθεν
1613 4934 1707 4985 αὑ-

166 5015 251 5081 τὶμ
274 5021 824 5088 περιστοιχισάμενοι,
843 5017 1178 5082 φυλάττοιεν.
1197 5021 1314 5072 Τίσι
1330 5020 1385 5070 δὲ
1414 5015 1518 5086 ἆρα
1543 5036 1706 5089 προσ-

170 5101 391 5156 τάττεται
418 5108 598 5159 ταῦτα
632 5111 796 5158 ποιεῖν
817 5124 830 5167 ;
855 5101 1023 5172 Οἶμαι
1045 5139 1058 5160 ,
1103 5103 1180 5154 ὅτι
1211 5110 1330 5168 ταῖς
1359 5105 1454 5170 τὴν
1491 5107 1707 5177 Ἐκκλη-

175 5188 283 5240 σὶειν
322 5194 406 5245 της
447 5197 590 5248 Θεοῦ
645 5197 733 5247 καὶ
761 5195 821 5245 τὸ
865 5195 924 5243 ἐν
958 5191 1090 5257 αὐτῇ
1125 5190 1376 5254 θεοσεϐὲς
1421 5195 1708 5267 πολίτευμα

174 5283 501 5347 φρουροῦσαις
537 5285 708 5345 θείαις
743 5282 1039 5347 δυνάμεσιν
1066 5315 1078 5336 ,
1137 5279 1397 5347 ἀγγέλοις
1431 5298 1485 5332 τε
1518 5285 1708 5351 ἁγίοις.

168 5362 368 5431 τῃῇτοις
393 5369 480 5424 οὖν
534 5373 714 5432 αὐτοῖς
767 5369 828 5419 τὸ
862 5363 1078 5430 Πνεῦμα
1107 5365 1165 5415 τὸ
1201 5369 1366 5436 ἅγιον
1415 5379 1714 5438 προσφωνεί

177 5449 335 5519 λέγον
393 5459 743 5512 Κυκλώσατε
780 5451 956 5509 Σιὼν,
985 5448 1073 5498 καὶ
1102 5454 1468 5518 περιλάϐετε
1489 5459 1709 5526 αὐτήν-ο

173 5539 310 5604 ἥττων
330 5585 344 5604 ,
374 5547 794 5613 περιτειχίσατε
814 5577 829 5598 ,
871 5535 1004 5587 κατὰ
1031 5537 1105 5588 τὸν
1146 5542 1492 5612 Σύμμαχον.
1574 5548 1714 5602 Ἀντὶ

234 5695 270 5723 κ
301 5695 417 5749 [Δία
460 5713 524 5756 π’
565 5696 648 5747 ει,
724 5691 762 5720 ﬂ
807 5685 936 5735 ibid.
968 5681 1042 5734 23.
1109 5693 1156 5723 ³³

407 5787 654 5845 Ρλτηοι.
691 5780 802 5838 Gn.
855 5771 1066 5835 XXI".

1245 5695 1403 5748 Rom.
1434 5707 1490 5757 ι,
1528 5695 1619 5760 16,
1658 5699 1741 5754 17.

1811 4654 2010 4723 profert
2032 4655 2095 4706 ad
2129 4667 2406 4722 personam
2434 4649 2803 4720 quorumdam,
2841 4659 2898 4702 ut
2928 4651 2991 4704 ad
3020 4652 3325 4720 praedictam

1811 4743 1901 4797 Dei
1947 4743 2212 4796 civitatem
2257 4741 2547 4794 concedant
2581 4739 2979 4794 circumdantes
3009 4743 3196 4806 ipsam,
3249 4741 3326 4807 ip-

1812 4834 1993 4901 sisque
2021 4833 2266 4885 manibus
2293 4831 2734 4898 complectantur,
2772 4839 2830 4882 ut
2870 4829 3325 4882 circumsistentes

1810 4917 2078 4990 undique?
2108 4922 2274 4989 ipsam
2310 4929 2574 4973 tueantur.
2622 4919 2953 4982 Quibusnam
3009 4919 3122 4971 haec
3175 4932 3328 4987 agere

1811 5012 2084 5081 praecipit?
2113 5011 2314 5063 Divinis
2344 5011 2574 5063 arbitror
2602 5009 2980 5075 potestatibus,
3004 5022 3122 5074 quae
3147 5006 3327 5062 Eccle-

1812 5101 1944 5153 siam
1997 5101 2086 5152 Dei
2146 5100 2366 5166 ejusque
2434 5096 2740 5166 religiosum
2802 5096 3103 5148 institutum
3156 5102 3327 5148 custo—

1810 5188 1983 5247 diunt,
2018 5190 2319 5256 sanctisque
2347 5186 2470 5240 item
2529 5187 2746 5254 angelis.
2799 5185 2906 5240 llos
2954 5185 3134 5253 itaque
3183 5184 3328 5251 ipsos

1813 5278 2041 5348 Spiritus
2075 5287 2292 5330 sanctus
2319 5277 2600 5344 compellat
2632 5276 2717 5329 bis
2747 5275 2922 5330 verbis
2949 5293 2961 5326 :
2998 5272 3327 5326 Circumdate

1813 5368 1960 5432 Sion,
1986 5376 2033 5420 et
2055 5366 2446 5433 complectimini
2470 5379 2615 5425 eam;
2648 5365 2780 5426 sive,
2831 5364 2989 5415 muris
3021 5363 3325 5414 circummu-

1813 5461 1934 5523 nite,
1966 5457 2251 5511 secundum
2279 5455 2672 5523 Symmachum.
2707 5454 2809 5507 Pro
2835 5455 2924 5506 illo
2953 5459 3154 5514 autem,
3204 5467 3326 5507 nar—

1816 5562 1928 5605 rate
1954 5553 2005 5603 in
2048 5551 2271 5602 turribus
2319 5547 2451 5613 ejus,
2509 5548 2718 5615 Aquila,
2773 5553 3084 5613 computate,
3138 5543 3328 5613 inquit,

2996 5775 3069 5834 1!;
