3812 6354
38 360 361 515 ρξ’-⁸
497 499 527 512 ⁵
592 508 624 515 Δ
658 508 671 515 ⁵
1358 397 1813 454 LUMMEN'IMH

1923 404 1959 454 Ν
2001 403 2323 458 ΡὸΛΙᾸΙΟΞ.
3323 409 3423 461 ιε’)

71 486 538 619 Ᾰδμθαλτῷ
569 508 846 578 ,ϐήματι
885 515 988 568 τοῦ
1018 518 1156 569 Θεοῦ
1176 557 1190 577 ,
1222 518 1316 569 ἵνα
1343 515 1649 584 κομίσηται
1676 516 1808 569 ἕκα-

181 593 398 619 λττιηφ
497 590 609 619 ».›.
647 601 768 619 _,~
877 605 888 619 ν
1235 607 1244 619 .
1336 606 1356 619 ..
1396 605 1417 619 ιο
1547 601 1574 619 ›
1739 607 1806 619 ..ι

1917 518 2038 575 ferat
2061 520 2399 586 unusquisque
2427 517 2635 584 propria
2663 519 2906 584 corporis,
2941 528 3088 586 prout
3123 522 3294 589 gessit,
3321 523 3422 573 sive

1917 608 1924 619 .
2161 608 2171 618 .
2335 607 2346 619 .
2445 598 2488 619 ,ο
2511 607 2546 619 ..
2765 610 2776 619 .
2846 609 2858 619 .
2898 609 2930 619 ._
3346 617 3353 619 Α

99 585 345 698 7:9,,
361 585 446 698 ,τὰ
494 590 609 698 ῗιὰ
644 601 772 653 τοῦ
806 605 1076 672 σώματος
1097 646 1110 666 9
1142 607 1286 673 πρὸς
1322 606 1358 659 ἃ
1387 601 1672 670 ἔπραξεν,
1705 607 1806 658 εἶτ’

128 676 454 780 km“.
483 683 622 739 εἶτε
656 693 935 757 φαῦλον.
981 697 1302 763 Ἀναγκαίως
1323 698 1494 748 τοίνυν
1523 695 1690 748 πάντα
1711 715 1807 749 κα-

149 770 293 858 ζνεῖ
347 770 424 826 τὰ
480 774 627 849 ἔθνη
692 782 796 835 ἐπὶ
829 785 927 854 τὴν
957 785 1058 837 τῶν
1090 787 1484 858 λεχθησομένων
1535 788 1804 858 ἀκρόασιν.

192 865 327 929 θος
351 863 464 936 γὰρ
484 867 584 919 ἐπὶ
612 869 720 940 τὴν
756 876 1027 945 σωτηρίαν
1046 879 1148 928 πᾶν
1182 879 1328 944 γένος
1364 876 1650 948 ἀνθρώπων
1676 895 1810 949 παρ-

225 956 449 1020 εκάλει,
479 957 576 1010 τὸν
597 961 991 1034 αὐτὸντρόπον
1019 966 1108 1018 καὶ
1133 968 1222 1018 ἐπὶ
1247 968 1341 1036 τὴν
1367 967 1697 1020 διδασκαλίαν
1715 971 1810 1037 τῆς

254 1051 404 1114 θείας
457 1049 697 1119 κρίσεως
749 1053 888 1122 ὁμοῦ
939 1055 1138 1117 πάντας
1183 1056 1517 1108 ἀνακαλεῖται
1561 1057 1809 1122 φάσκωνο

339 1141 654 1192 Ἀκούσατε
707 1141 917 1204 ταῦτα,
940 1142 1128 1196 πάντα
1164 1144 1233 1196 τὰ
1261 1145 1807 1210 ἐθνη,ἐνωτίσασθε,

266 1230 476 1294 πάντες
502 1233 556 1282 οι
587 1231 1004 1298 κατοικοῦντες
1021 1234 1130 1299 τὴν
1161 1236 1520 1302 οἰκουμένην·
1541 1237 1595 1288 οῖ
1625 1253 1686 1288 τε
1712 1254 1810 1304 γη-

263 1321 448 1390 γενεῶ
464 1322 560 1374 καὶ
582 1322 700 1375 υίοί
721 1320 838 1374 τῶν
855 1324 1183 1390 ἀνθρώπων,
1197 1326 1286 1376 ἐπὶ
1301 1325 1363 1376 τὸ
1378 1326 1518 1378 αὐτὸ
1531 1327 1810 1390 πλούσιος

251 1415 356 1470 καὶ
404 1413 618 1481 πένης.
686 1414 900 1485 Ἐπειδὴ
930 1415 1031 1466 τῶν
1062 1414 1226 1466 ὲθνῶν
1258 1415 1323 1466 τὰ
1369 1413 1465 1484 μὲν
1511 1415 1810 1484 ἀγριώτερα

247 1503 512 1571 τυγχάνει
537 1504 599 1554 ἐν
625 1502 850 1572 ἐρήμοις
880 1501 1324 1571 σκηνοποιούμενα
1344 1542 1357 1564 ,
1386 1501 1453 1553 τὰ
1479 1502 1532 1553 δὲ
1551 1502 1638 1554 τὸν
1668 1501 1810 1555 πολι-

243 1589 406 1640 τικὸν
441 1591 770 1660 μετέρχεται
825 1590 934 1659 βίον
963 1591 1054 1642 καὶ
1085 1591 1177 1652 τὰς
1206 1591 1612 1660 γεωργουμένας
1635 1590 1809 1661 χώρας

239 1680 426 1742 οἰκεῖ,
478 1679 801 1746 ἀναγκαίως
837 1679 1079 1748 διαστολῇ
1115 1679 1403 1749 κέχρηται,
1435 1681 1525 1731 καὶ
1559 1679 1692 1747 μετὰ
1714 1680 1809 1748 τὴν

241 1769 441 1839 κοινὴν
495 1767 695 1837 κλῆσιν
741 1768 848 1820 τῶν
899 1764 1097 1830 ἐθνῶν,
1149 1769 1274 1820 ἴδιον
1305 1770 1503 1835 εἰσάγει
1536 1768 1714 1838 τάγμα
1746 1769 1809 1821 τὸ

1907 608 2228 669 bonum,sivc
2241 598 2814 670 malum",Necessario
2845 609 3004 678 igitur
3023 625 3207 664 omnes
3239 617 3422 679 gentes

1905 707 2092 753 evocat
2119 699 2182 750 ad
2218 698 2348 757 haac.
2377 712 2494 766 qua:
2523 698 2746 752 dicenda
2777 708 2922 761 sunt,
2954 700 3238 754 audienda.
3272 699 3424 754 Sicut

1904 787 2045 840 enim
2066 794 2234 839 totum
2257 801 2430 851 genus
2446 785 2713 838 hominum
2742 787 2807 839 ad
2840 787 3062 840 salutem
3091 787 3420 848 hortabatur,

1904 877 2088 931 eodem
2123 875 2280 928 modo
2309 874 2375 927 ad
2407 874 2700 927 doctrinam
2730 875 2916 942 judicii
2943 875 3107 928 divini
3139 888 3322 930 omnes
3352 877 3423 930 si-

1903 967 2012 1020 mul
2038 966 2222 1018 invitat
2243 964 2424 1018 dicens
2452 979 2464 1013 :

1977 1138 2140 1194 Vens.
2182 1139 2238 1202 2,
2265 1141 2316 1192 5.
2350 1139 2534 1191 Audite
2574 1141 2700 1202 tunc,
2750 1155 2920 1193 omnes
2960 1148 3160 1208 gent-es,
3213 1139 3423 1192 auribus

1905 1230 2164 1296 percipite,
2210 1245 2380 1281 omnes
2420 1231 2506 1297 qui
2551 1229 2794 1282 habitatis
2833 1229 3022 1292 orbem,
3064 1230 3246 1298 quique
3276 1230 3426 1282 terri-

1907 1333 2047 1384 genw
2082 1329 2126 1370 et
2156 1318 2254 1385 ﬁlii
2297 1316 2580 1375 hominum.
2609 1319 2764 1370 simul
2799 1319 2852 1370 in
2883 1334 3041 1370 unum
3065 1317 3200 1371 dives
3223 1327 3272 1371 et
3291 1334 3422 1385 patv-

1909 1420 2016 1471 per.
2047 1406 2306 1470 Quoniam
2337 1421 2402 1460 ex
2431 1407 2676 1476 gentibus
2701 1407 2946 1461 rudiores
2970 1406 3059 1459 alii
3081 1413 3222 1470 sunt,
3253 1407 3344 1476 qui
3370 1407 3426 1460 in

1909 1498 2138 1552 desertis
2169 1497 2442 1562 habitant;
2481 1497 2568 1550 alii
2606 1512 2733 1551 vero
2761 1498 3050 1552 civiliorem
3077 1500 3236 1552 vitam
3265 1515 3425 1568 agen-

1907 1595 2010 1650 tes,
2059 1587 2229 1640 cultas
2270 1594 2441 1640 terras
2489 1585 2864 1656 frequentant;
2913 1589 3254 1643 distinctione
3296 1604 3428 1643 usus

1909 1676 2215 1730 necessario
2258 1684 2379 1730 cst:
2425 1690 2488 1730 ac
2531 1689 2810 1745 postquam
2855 1677 3126 1730 communi
3169 1678 3428 1732 vocabulo

1908 1773 2090 1834 gentes
2137 1765 2438 1833 appellavit,
2472 1765 2794 1832 peculiarem
2835 1765 3073 1819 ordinem
3107 1765 3313 1818 inducit
3337 1781 3430 1820 eo-

237 1857 366 1910 τῶν
410 1858 710 1910 οἰκούντων
740 1858 839 1928 τὴν
866 1858 1180 1926 οἰκουμένην
1201 1875 1213 1886 ·
1249 1857 1326 1910 διό
1355 1875 1512 1927 φησιν
1539 1874 1550 1884 ·
1583 1858 1808 1910 Ἐνωτί-

1917 1869 2024 1906 rum
2057 1853 2147 1922 qui
2181 1854 2418 1906 habitant
2445 1855 2660 1918 orbem;
2691 1869 2856 1922 qua-re
2881 1855 2987 1906 ait:
3011 1854 3235 1909 Auribus
3267 1857 3434 1923 perci-

234 1952 471 2013 σασθε,
490 1947 719 2012 πάντες
759 1950 811 2000 οἱ
843 1947 1245 2011 κατοικοῦντες
1287 1948 1396 2012 τὴν
1425 1948 1770 2016 οἰκουμένην
1791 1962 1805 1975 ’

231 2033 279 2103 ἥ
324 2036 467 2087 κατὰ
517 2036 611 2086 τὸν
653 2035 879 2087 Ἀκύλαν
921 2035 1011 2086 καὶ
1041 2035 1127 2086 τὸν
1157 2035 1472 2103 Σύμμαχον,
1532 2038 1583 2087 οἰ
1616 2052 1775 2087 κατοι

230 2123 511 2188 κοῦντες
547 2123 665 2189 τὴν
697 2120 1025 2175 κατάδυσιν
1045 2139 1057 2151 ο
1093 2122 1230 2174 οὕτω
1258 2123 1313 2174 δὲ
1342 2123 1489 2174 καλεῖ
1516 2123 1610 2185 τὰς
1637 2124 1809 2186 πόλεις

228 2207 350 2258 καὶ
385 2206 486 2270 τὰς
516 2207 707 2276 κώμας
736 2209 830 2260 καὶ
868 2209 990 2270 τοὺς
1015 2207 1218 2270 οἴκους,
1250 2210 1306 2260 ὲν
1331 2204 1410 2270 οίς
1441 2210 1809 2263 καταδύνουσιν

225 2299 306 2348 οἱ
335 2299 399 2349 ὲν
434 2299 612 2359 αὐτοῖς
639 2297 1036 2359 κατοικοῦντες.
1122 2295 1251 2351 Εἶτα
1295 2299 1448 2352 πάλιν
1476 2301 1666 2370 διαιρεῖ
1691 2303 1810 2362 τοὺς

223 2387 553 2456 οἰκήτορας
585 2386 688 2454 τῆς
719 2387 823 2456 γῆς
847 2386 1062 2453 φάσκων
1080 2404 1092 2415 ·
1117 2388 1182 2436 ΟΖ
1212 2405 1272 2439 τε
1299 2389 1556 2455 γηγενεῖς
1579 2391 1672 2440 καὶ
1698 2390 1811 2443 υἱοὶ

230 2475 374 2526 τῶν
396 2473 726 2539 ἀνθρώπων
748 2491 761 2503 ο
785 2475 906 2525 ἐπεὶ
929 2475 1000 2544 μὴ
1035 2475 1186 2542 μόνον
1211 2475 1536 2545 ἐλευθέρους,
1568 2477 1698 2528 ἀλλὰ
1723 2480 1812 2530 καὶ

232 2565 317 2616 τὶ
333 2565 606 2616 οἰκετικὸν
626 2565 784 2632 γένος
812 2564 1088 2634 προσίεται
1107 2566 1194 2616 ἐπὶ
1214 2566 1308 2635 τὴν
1333 2567 1579 2636 ἀκρόασιν
1604 2606 1618 2627 ,
1639 2567 1672 2635 ἢ
1692 2569 1810 2628 τοὺς

245 2654 663 2724 ὰγροικῶτερον
719 2654 1142 2723 μετερχομένους
1176 2654 1282 2722 βίον
1306 2696 1320 2719 ,
1373 2656 1463 2708 καὶ
1493 2659 1615 2718 τοὺς
1646 2657 1812 2720 άλλως

253 2736 324 2793 εῦ
353 2743 642 2808 γεγονότας
673 2743 768 2794 καὶ
810 2744 1011 2812 τροφῆς
1055 2742 1379 2812 ἠξιωμένους
1421 2744 1739 2814 ὲλευθερίοψ
1778 2747 1810 2815 ἢ

261 2835 508 2900 γηγενεῖς
539 2831 641 2901 μὲν
668 2833 795 2893 τοὺς
824 2833 921 2902 τὴν
941 2832 1138 2902 ἔρημον
1164 2835 1326 2886 οἰκεῖν
1353 2835 1669 2904 ᾑρημένους,
1691 2835 1812 2897 τοὺς

260 2919 320 2969 δὲ
369 2919 678 2988 ἀνθρώπων
731 2919 857 2980 τοὺς
897 2919 1287 2988 ἡμερωτέρους.
1347 2922 1404 2972 '0
1447 2921 1500 2972 δὲ
1527 2921 1813 2992 Σύμμαχος

259 3006 442 3060 τοῦτον
473 3009 795 3077 ἡρμήνευσε
823 3007 912 3059 τὸν
943 3009 1163 3078 τρόπον·
1217 3010 1296 3062 ’Ἡ
1338 3027 1398 3062 τε
1441 3011 1812 3077 ἀνθρωπότης

261 3097 357 3149 καὶ
385 3097 642 3164 προσέτι
677 3098 775 3149 καὶ
806 3097 922 3150 υἱοὶ
972 3097 1226 3150 ἑκάστου
1262 3099 1506 3165 ἀνδρός·
1543 3101 1617 3152 ἶν’
1729 3101 1814 3152 διὰ

1907 1947 2028 2012 pile,
2072 1959 2243 1998 omnes
2282 1945 2368 2013 qui
2414 1944 2662 1996 habitatis
2707 1945 2878 1998 orbem
2907 1961 2926 1998 :
2975 1945 3088 1998 sive
3137 1942 3433 1998 secundum

1907 2033 2150 2101 Aquilam
2183 2041 2236 2087 et
2266 2032 2660 2102 Symmachum,
2696 2034 2784 2100 qui
2831 2033 3076 2085 habitatis
3123 2033 3432 2094 latibulum;

1907 2127 1987 2179 sic
2018 2139 2144 2178 vero
2197 2133 2352 2178 vocat
2401 2125 2578 2185 urbes,
2626 2124 2773 2177 vicos
2817 2131 2869 2176 et
2913 2121 3120 2186 domos,
3175 2123 3228 2176 in
3277 2123 3432 2190 queis

1905 2230 2025 2270 sese
2053 2215 2383 2268 abscondunt
2399 2214 2490 2282 qui
2514 2212 2752 2264 habitant
2773 2211 2824 2263 in
2853 2211 3004 2279 ipsis.
3024 2209 3281 2278 Deinceps
3305 2225 3433 2264 vero

1908 2313 2059 2356 terra:
2086 2304 2289 2357 incolas
2315 2301 2596 2370 distinguit
2620 2301 2804 2354 dicens
2833 2317 2844 2350 :
2871 2299 3069 2368 Quique
3091 2301 3354 2368 terrigena:
3379 2308 3432 2352 et

1908 2393 2006 2459 [itii
2033 2392 2314 2444 hominum.
2355 2391 2490 2456 Quia
2524 2405 2629 2444 non
2653 2389 2849 2444 liberos
2881 2397 3108 2453 tantum,
3131 2390 3224 2445 sed
3268 2389 3430 2444 etiam

1907 2481 2324 2535 domesticorum
2369 2495 2536 2549 genus
2569 2481 2634 2534 ad
2675 2479 2996 2533 audiendum
3042 2479 3433 2541 admittit,sive

1908 2585 2002 2624 eos
2045 2571 2135 2638 qui
2168 2579 2430 2639 agrestem
2465 2571 2626 2622 vitam
2677 2571 3041 2632 instituerunt,
3091 2585 3294 2623 necnon
3337 2584 3432 2623 eos

1910 2659 2002 2727 qui
2024 2659 2240 2728 ingenui
2275 2668 2418 2722 sunt,
2448 2666 2501 2711 et
2531 2657 2818 2711 liberaliter
2838 2658 3049 2711 educati
3082 2675 3096 2710 :
3125 2657 3236 2712 sive
3267 2657 3432 2711 etiam

1907 2748 2222 2816 terrigenas,
2257 2748 2345 2815 qui
2375 2762 2610 2800 eremum
2643 2747 2875 2801 incolere
2903 2747 3158 2816 aggressi,
3181 2754 3234 2800 et
3263 2747 3434 2800 homi-

1909 2855 2036 2894 num
2075 2839 2494 2894 mansuetissimi
2537 2845 2682 2892 sunt.
2729 2835 3078 2906 Symmachus
3108 2844 3284 2890 autem
3333 2837 3436 2891 hoc

1911 2928 2066 2982 modo
2097 2928 2474 2994 interpretatus
2497 2933 2613 2978 est:
2642 2924 2904 2977 hominum
2935 2939 3111 2992 genus,
3142 2939 3202 2975 ac
3227 2923 3436 2990 insuper

1911 3020 2010 3087 ﬁlii
2036 3017 2433 3086 uniuscujusque
2469 3017 2593 3076 viri;
2620 3024 2676 3068 ut
2697 3016 2870 3083 priore
2903 3016 3042 3068 dicto
3071 3014 3124 3066 in
3153 3029 3436 3068 commune

1914 3116 2081 3161 totqu
2114 3123 2280 3177 genus
2305 3108 2598 3167 hominum,
2621 3107 2916 3174 posteriore
2930 3114 3127 3170 autem,
3157 3105 3437 3173 unusquis-

259 3185 358 3254 μὲν
375 3185 471 3238 τοῦ
503 3186 774 3257 προτέρου
799 3186 1090 3249 καθολικῶς
1112 3190 1213 3240 πᾶν
1237 3189 1384 3255 γένος
1410 3189 1698 3258 ἀνθρώπων
1725 3191 1813 3261 δη-

1917 3214 2019 3267 que
2047 3198 2352 3268 singillatim
2382 3205 2630 3265 acceptus
2669 3196 2948 3250 indicetur.

259 3275 538 3346 λούμενον,
570 3277 660 3328 διά
687 3277 743 3328 δὲ
772 3277 865 3328 τοῦ
894 3277 1138 3347 δευτέρου
1171 3281 1198 3330 ὁ
1224 3278 1359 3330 κατὰ
1387 3279 1544 3349 μέρος
1572 3281 1808 3342 ἕκαστος.

335 3367 400 3419 Τὸ
435 3369 640 3432 στόμα
681 3381 799 3432 μου
843 3363 1096 3429 λαλήσει
1124 3366 1372 3430 σοφίαν,
1412 3367 1504 3417 καὶ
1537 3367 1572 3431 ἡ
1600 3367 1812 3433 μελέτη

259 3453 364 3520 τῆς
394 3455 656 3521 καρδίας
680 3470 798 3520 μου
831 3453 1099 3504 σύνεσιν.
1135 3451 1327 3504 Κλινῶ
1355 3455 1439 3516 εἰς
1477 3453 1816 3519 παραϐολὴν

257 3543 324 3595 τὸ
368 3540 480 3607 οὖς
524 3560 648 3611 μου
671 3581 686 3603 ,
742 3541 958 3604 ἀνοίξω
986 3542 1053 3592 ἐν
1094 3541 1396 3607 ψαλτηρίῳ
1423 3541 1485 3593 τὸ
1517 3542 1816 3608 πρόϐλημά

253 3650 390 3698 μου.
449 3633 645 3685 Ταῦτα
674 3632 732 3683 δὲ
764 3631 856 3682 καὶ
884 3631 988 3682 ἀπὸ
1030 3632 1134 3682 τῶν
1173 3631 1472 3682 ἀποστόλων
1492 3631 1704 3683 δύναται
1733 3632 1815 3682 λέ-

258 3721 467 3784 γεσθαι.
489 3722 576 3772 Πα
586 3717 813 3789 ραὸολάς
827 3717 882 3768 δὲ
899 3716 1046 3767 καλεῖ
1059 3717 1180 3777 τοὺς
1195 3714 1596 3784 αἰνιγματώδεις
1609 3715 1810 3780 λόγους.

261 3811 366 3861 Καὶ
394 3809 506 3879 γὰρ
533 3811 564 3860 ὁ
593 3806 795 3876 Κύριος
815 3844 829 3864 ,
861 3803 1230 3874 παραϐολικῶς
1258 3805 1364 3864 τοῖς
1387 3802 1556 3871 ὄχλοις
1582 3801 1813 3868 διαλεγό-

261 3915 416 3966 μενος
434 3937 452 3960 ,
477 3900 595 3958 τοῖς
627 3895 939 3954 ἀποστόλοις
966 3894 1080 3946 κατ’
1106 3890 1246 3944 οἷκον
1265 3893 1460 3954 ταύτας
1479 3893 1664 3943 διέλυε.
1693 3891 1818 3944 Ἰῖού-

255 3998 332 4052 τῳ
361 3983 460 4034 νῦν
490 3984 520 4034 ὁ
545 3981 707 4050 χορὸς
734 3979 830 4048 τὴν
860 3979 950 4031 τοῦ
976 3979 1106 4030 Θεοῦ
1136 3980 1320 4046 σοφίαν
1352 3979 1440 4030 τὸν
1469 3980 1698 4048 Χριστὸν
1727 3981 1816 4031 ἐπὶ

254 4074 526 4142 στόματος
580 4071 795 4139 φέρων*
830 4069 1076 4135 Χριστὸς
1117 4069 1220 4137 γὰρ
1266 4069 1409 4121 Θεοῦ
1449 4070 1692 4137 δύναμις
1721 4070 1816 4122 καὶ

260 4163 404 4216 Θεοῦ
435 4161 632 4228 σοςςία
656 4199 670 4221 ,
696 4159 942 4225 ἐλέγετο·
985 4159 1049 4210 Τὸ
1083 4159 1272 4225 octaua
1292 4175 1406 4225 μου
1434 4160 1682 4226 λαλήσει
1717 4178 1816 4213 σο-

257 4250 418 4314 φίαν.
513 4246 722 4298 Τοῦτον
774 4246 881 4315 γάρ
937 4248 1096 4298 πᾶσιν
1150 4247 1448 4317 ἀνθρώποις
1505 4250 1812 4319 ἐκήρυττον.

269 4336 632 4406 Ἦκονημένοι
661 4334 720 4386 δὲ
752 4335 842 4386 τὸν
869 4335 990 4387 νοῦν
1010 4374 1023 4398 ,
1065 4336 1237 4398 πάσας
1266 4337 1356 4388 τοῦ
1384 4336 1611 4406 Χριστοῦ
1643 4339 1814 4389 συνίε-

259 4443 355 4479 σαν
400 4427 504 4488 τὰς
540 4423 862 4494 παραϐολὰς
905 4425 994 4477 καὶ
1024 4425 1128 4494 πρὸ
1166 4425 1260 4492 τῆς
1305 4425 1464 4476 αὑτοῦ
1509 4426 1812 4494 ἑρμηνείας.

257 4519 345 4570 Διὸ
366 4516 510 4585 μετὰ
531 4514 740 4576 ταύτας
762 4516 789 4566 ὁ
807 4514 902 4582 μὲν
918 4515 1102 4583 Σωτὴρ
1125 4515 1270 4581 ἔλεγε
1285 4531 1298 4544 ·
1318 4514 1617 4578 Συνήκατε
1637 4515 1817 4569 ταῦτα
1851 4506 1891 4558 Ῑ)

260 4605 489 4666 star-ta;
523 4606 592 4655 Ol
624 4601 694 4653 δὲ
723 4601 1005 4668 λέγουσιν
1029 4600 1184 4665 αὐτῷ
1207 4641 1221 4663 ,
1248 4603 1365 4654 ναί.
1407 4603 1470 4652 Ἡ
1504 4602 1693 4672 καρδία
1714 4605 1820 4656 τοί-

256 4712 348 4746 νυν
370 4694 558 4748 αὐτῶν
579 4691 812 4761 ἐμελέτα
837 4691 1090 4753 συνέσεις,
1109 4690 1170 4752 ἃς
1197 4691 1404 4759 ἤνοιγον
1425 4693 1532 4751 τοῖς
1553 4690 1623 4759 μὴ
1646 4709 1820 4761 παρα-

260 4783 534 4834 κολουθεῖν
558 4777 876 4847 δυναμένοις
892 4816 905 4839 ,
924 4777 1014 4828 τοῦ
1040 4777 1344 4846 σωματικοῦ
1366 4778 1587 4845 ὀργάνου
1605 4782 1669 4847 τῇ
1694 4781 1823 4832 ὲνοι-

260 4877 430 4947 κούσῃ
459 4873 602 4944 πρὸς
625 4871 783 4923 τοῦτο
805 4868 1166 4929 διακονοῦντος
1190 4867 1352 4936 ψυχῇ.
1386 4867 1549 4920 Τοῦτο
1577 4871 1682 4940 γὰρ
1704 4872 1822 4924 ἀντὶ

259 4965 431 5034 ψαλτη
441 4965 559 5035 ρίου
581 4959 854 5031 παρέλαϐε
879 4959 1010 5028 πρὸς
1023 4959 1121 5027 τὴν
1142 4956 1230 5008 διὰ
1248 4956 1441 5007 τούτων
1462 4956 1614 5010 θείων
1638 4959 1819 5029 ὓμνων

262 5055 588 5122 ἁνάκρουσιν
618 5089 634 5112 ,
668 5049 894 5102 ἑκάστου
927 5048 1124 5118 μέρους
1150 5045 1568 5112 ὲπιστημονικῶς
1591 5049 1648 5100 ὲν
1674 5050 1821 5119 αὐτῷ

269 5145 602 5213 κινουμένου.
1238 5176 1243 5180 -

355 5233 469 5285 ἰνα
494 5234 552 5286 τί
584 5230 876 5299 φοϐοῦμαι
919 5231 988 5281 ἐν
1019 5223 1208 5294 ἡμέρᾳ
1238 5221 1490 5287 πονηρὼ
1522 5230 1556 5293 ἡ
1598 5230 1824 5296 ἀνομία

269 5322 384 5387 τῆς
423 5323 678 5390 πτέρνης
719 5338 834 5388 μου
881 5315 1180 5372 κυκλώσει
1207 5327 1295 5376 με.
1356 5311 1414 5361 Ei
1443 5313 1496 5364 δὲ
1530 5319 1823 5388 πρόσωπον

269 5411 468 5481 Κυρίου
498 5413 560 5464 τὸ
603 5409 790 5475 λέγον,
839 5408 1072 5474 πτέρναν
1099 5397 1259 5451 αὐτοῦ
1285 5395 1438 5465 εὕρῃς
1472 5403 1554 5454 τὸν
1584 5405 1826 5473 ἔσχατον

269 5500 366 5555 τοῦ
394 5501 639 5570 σώματος
671 5497 763 5549 καὶ
789 5499 849 5565 τῇ
883 5499 948 5565 γῇ
986 5484 1340 5556 πλησιάζοντα
1395 5487 1594 5544 1ούδαν’
1654 5495 1825 5564 σῶμα

321 5609 380 5648 ³⁸
404 5609 451 5666 ll
476 5611 603 5667 Cor.
628 5610 787 5680 ν,10.
861 5608 903 5638 ³⁸
931 5606 949 5656 l
981 5602 1112 5654 Cor.
1147 5611 1180 5659 ι,
1209 5594 1286 5646 24.
1356 5595 1392 5624 ³¹
1429 5597 1615 5652 Matth.
1650 5617 1781 5665 xm,
1814 5603 1904 5658 5i.

1982 3373 2140 3428 Vens.
2168 3375 2220 3437 4,
2251 3375 2301 3427 5.
2343 3373 2412 3427 0s
2445 3389 2606 3424 meum
2633 3373 2865 3440 loquetur
2904 3373 3231 3438 sapientiam,
3251 3381 3301 3425 et
3325 3387 3435 3424 me-

1911 3465 2094 3516 ditatio
2117 3463 2286 3516 cordis
2333 3464 2429 3515 mei
2455 3462 2796 3530 prudentiam.
2828 3460 3096 3513 Inclinabo
3125 3462 3175 3513 in
3210 3460 3434 3528 parabo-

1913 3557 2018 3608 lam
2050 3571 2225 3607 aurem
2252 3570 2436 3615 meam,
2461 3555 2686 3621 aperiam
2703 3556 2755 3605 in
2779 3553 3022 3619 psalterio
3041 3552 3434 3618 propositionem

1914 3661 2095 3697 meam.
2129 3643 2248 3697 Haec
2277 3651 2451 3697 autem
2482 3652 2708 3712 possunt
2743 3645 2810 3695 ab
2838 3643 3094 3711 apostolis
3125 3643 3251 3694 dici.
3276 3640 3438 3694 Para-

1915 3735 2062 3786 bolas
2091 3749 2215 3787 vero
2242 3741 2398 3787 vocat
2419 3733 2680 3785 obscuros
2711 3747 3004 3786 sermones.
3037 3730 3309 3800 Siquidem
3335 3730 3438 3784 Do-

1916 3824 2089 3875 minus
2117 3836 2236 3874 cum
2271 3821 2443 3874 turbis
2475 3819 2775 3887 parabolice
2807 3819 3134 3886 loqueretur,
3171 3817 3315 3871 domi
3345 3831 3439 3884 po-

1915 3919 2024 3965 stea
2051 3909 2264 3964 easdem
2311 3909 2568 3977 apostolis
2595 3907 2912 3974 explicabat.
2954 3906 3076 3959 Ideo
3106 3905 3217 3973 jam
3241 3905 3440 3960 chorus

1912 4002 2185 4056 Christum
2212 3999 2300 4054 Dei
2333 3999 2646 4067 sapientiam
2675 4001 2725 4050 in
2759 4013 2851 4052 ore
2882 3996 3058 4050 ferens
3085 4015 3097 4048 :
3131 4011 3252 4048 nam
3283 3995 3438 4048 Chri-

1913 4102 2023 4144 stus
2044 4091 2136 4143 Dei
2173 4091 2332 4142 virtus
2363 4097 2410 4141 et
2437 4087 2528 4140 Dei
2559 4087 2810 4154 sapientia
2825 4087 2888 4146 ³⁸.
2914 4086 3145 4146 dicebat,
3181 4083 3252 4137 0s
3275 4101 3441 4137 meum

1914 4185 2150 4248 loquetur
2181 4179 2505 4246 sapientiam.
2542 4176 2696 4231 Hunc
2729 4177 2868 4229 cnim
2906 4173 3155 4228 omnibus
3184 4172 3442 4240 praedica-

1915 4275 2062 4327 bant.
2091 4272 2332 4338 Cumque
2356 4277 2510 4322 acuta
2540 4276 2717 4321 mente
2742 4265 2989 4319 instructi
3019 4275 3218 4323 essent,
3253 4276 3442 4315 omnes

1916 4363 2118 4418 Christi
2150 4359 2429 4430 parabolas
2468 4357 2856 4426 intelligebant,
2891 4363 3171 4422 antequam
3211 4355 3324 4420 ipse
3349 4366 3442 4404 eas

1920 4454 2376 4521 interpretaretur.
2427 4448 2604 4513 Quare
2660 4462 2780 4500 cum
2827 4445 2894 4498 iis
2941 4443 3163 4512 prolatis
3201 4441 3445 4494 Salvator

1922 4543 2121 4596 diceret
2147 4559 2161 4594 :
2185 4540 2211 4593 1
2217 4541 2518 4594 ntellexistis
2537 4539 2644 4592 haec
2663 4538 2875 4590 omnia?
2899 4535 3086 4587 Dicunt
3113 4535 3178 4595 ei,
3208 4533 3361 4585 etiam
3377 4532 3442 4584 ".

1922 4633 2027 4686 Cor
2059 4633 2223 4702 igitur
2248 4647 2433 4686 eorum
2461 4627 2770 4699 prudentias
2816 4626 3194 4689 meditabatur,
3225 4638 3358 4691 quas
3380 4623 3446 4675 iis

1921 4725 2011 4791 qui
2052 4723 2206 4792 sequi
2252 4737 2359 4776 non
2411 4728 2672 4789 poterant,
2721 4717 3052 4785 aperiebant,
3093 4717 3447 4767 instrumento

1927 4827 2186 4882 corporeo
2214 4814 2404 4866 animae
2444 4811 2586 4864 intus
2632 4807 2895 4860 habitanti
2943 4807 3300 4859 ministrante.
3337 4800 3449 4854 Hoc

1928 4902 2069 4954 enim
2109 4915 2205 4970 pro
2250 4899 2501 4969 psalterio
2547 4896 2814 4956 utebatur,
2862 4893 2931 4946 ad
2969 4893 3177 4947 divinos
3223 4891 3448 4958 hymnos

1928 4991 2240 5060 pulsandos,
2285 4990 2507 5060 singulis
2538 4985 2776 5056 partibus
2815 4985 2950 5039 scite
2988 4999 3050 5036 ac
3095 4989 3451 5049 congruenter

1928 5077 2105 5132 motis.

1999 5229 2162 5286 Vnus.
2195 5231 2247 5283 6.
2288 5229 2394 5284 Cur
2429 5227 2612 5282 timebo
2647 5223 2724 5290 in:
2741 5223 2822 5273 die
2851 5222 3037 5278 mala?
3066 5223 3309 5288 iniquitas
3347 5221 3458 5271 cal-

1931 5323 2078 5374 cauei
2133 5321 2231 5373 mei
2273 5317 2608 5372 circumdabit
2651 5329 2745 5366 me.
2778 5309 2834 5364 Si
2871 5327 3107 5380 persona
3140 5310 3350 5363 Domini
3380 5320 3463 5360 est

1931 5427 2050 5479 qua:
2087 5411 2322 5480 loquitur
2349 5449 2364 5472 ,
2410 5409 2714 5461 calcaneum
2758 5401 2877 5469 ejus
2932 5399 3306 5480 deprehendas
3348 5412 3467 5450 esse

1937 5479 2270 5569 Judatn,iqui
2320 5499 2537 5552 ultimus
2566 5492 2808 5561 carporis
2841 5499 2896 5546 et
2933 5500 3093 5547 terra:
3121 5479 3474 5556 Drapinquior
