3812 6354
218 323 358 386 ετξ»

2391 268 2456 284 Α

1401 327 1881 389 commeatuum
1919 327 1983 380 IN
2019 289 2379 382 PSALMosK
3359 317 3448 370 ist

235 445 378 498 τῶν
429 443 799 511 κατατρῖψαι
836 445 1006 514 ᾅδην
1043 447 1110 501 ἐκ
1142 451 1582 515 κατοικητηρίου
1627 445 1829 500 αὐτῶν.

1939 459 2002 495 ex
2049 442 2342 496 habitacula
2369 453 2563 492 eorum.
2592 436 2724 489 Nam
2757 435 3031 490 character
3057 446 3229 502 quem:
3252 432 3350 485 sibi
3378 437 3452 485 ef-

256 535 336 588 Ὅ
369 531 478 600 γὰρ
507 535 815 606 χαρακτὴρ
848 539 1036 592 αὐτῶν
1065 541 1122 592 ὂν
1153 541 1356 602 ἑαυτοῖς
1383 539 1736 602 ὲξετύπωσαν,
1777 539 1836 589 τὸ

257 625 378 694 μὲν
416 621 533 675 κατ’
577 622 771 675 εἰκόνα
809 628 910 679 καὶ
957 629 1212 698 ὁμοίωσιν
1259 629 1349 681 τοῦ
1374 628 1504 680 Θεοῦ
1547 628 1603 692 ὲξ
1662 626 1835 678 αὐτῶν

251 713 668 783 ἀφανίσαντες,
709 715 829 786 εῖδη
866 717 926 770 δὲ
956 719 1051 772 καὶ
1087 719 1290 789 μορφὰς
1327 716 1709 786 ἀλόγωνςζώων
1746 717 1834 770 καὶ

251 803 530 875 ἑρπετῶν
555 803 642 856 διὰ
669 805 891 873 τρόπων
917 809 1210 878 μοχθηρίας
1227 812 1289 878 τῇ
1314 808 1454 877 ψυχῇ
1481 808 1831 877 περιθέμενοι,

248 894 748 964 κατατριϐήσεται
777 897 835 946 ὲν
867 897 948 966 τῷ
975 898 1365 967 κατοικητηρίῳ
1392 897 1482 950 τοῦ
1511 897 1653 967 ᾅδου.
1682 897 1833 950 Κατὰ

250 983 326 1034 δὲ
363 983 697 1052 Σύμμαχον·
749 984 822 1035 T6
863 985 930 1036 δὲ
975 986 1251 1052 κρατερὸν
1289 984 1482 1038 αὐτῶν
1520 984 1833 1036 παλαιώσει

252 1071 433 1138 ᾅδης
475 1074 598 1126 ἀπὸ
631 1072 743 1139 τῆς
782 1073 1068 1138 οἰκήσεως
1101 1073 1204 1141 τῆς
1246 1074 1480 1142 ἐντίμου
1523 1075 1720 1128 αὑτοῦ.
1770 1076 1833 1125 Ὅ

258 1161 395 1231 γὰρ
424 1162 617 1227 ἔδοξαν
652 1167 955 1232 περιποιεῖν
987 1165 1190 1225 ἑαυτοῖς
1221 1164 1470 1234 κραταιὸν
1498 1165 1583 1217 διὰ
1612 1164 1709 1232 τῆς
1740 1165 1834 1234 ἑμ-

261 1248 517 1316 φυείσης
547 1249 607 1300 ὲν
629 1249 816 1310 αὐτοῖς
850 1249 1061 1310 κακίας,
1085 1249 1237 1301 τοῦτο
1263 1249 1549 1303 παλαιώσει
1572 1253 1599 1303 6
1631 1251 1757 1320 ᾅδης
1778 1253 1832 1302 ὲν

256 1337 403 1397 ταῖς
443 1335 702 1401 οἰκήσεσι
741 1339 856 1397 ταῖς
894 1337 1030 1404 παρ’
1062 1335 1224 1405 αὐτῷ.
1263 1339 1370 1390 Καὶ
1411 1337 1565 1391 τοῦτο
1603 1339 1699 1407 μὲν
1727 1339 1832 1391 τῶν

256 1423 502 1476 ἀσεϐῶν
540 1425 604 1476 τδ
635 1425 810 1488 τέλος.
843 1427 904 1478 Οἱ
936 1427 990 1478 δὲ
1019 1426 1252 1489 εὐσεϐεῖς
1279 1428 1394 1481 κατ’
1435 1429 1604 1482 έκεῖνο
1645 1429 1830 1498 καιροῦ

261 1513 502 1582 πρωΐας
554 1515 882 1580 ἀξιωθέντες
922 1517 1013 1568 καὶ
1047 1517 1163 1568 νέου
1211 1517 1401 1584 φωτὸς,
1445 1517 1700 1587 ἀνατολῆς
1735 1519 1830 1587 τῆς

259 1603 389 1652 τῶν
433 1603 660 1655 ἀσεϐῶν
705 1605 1206 1674 κατακυριεύσουσι·
1243 1607 1275 1676 ἢ
1310 1607 1446 1660 κατὰ
1471 1607 1558 1659 τὸν
1589 1607 1828 1658 Ἀκύλαν·

262 1689 370 1741 ἑνὶ
393 1690 838 1757 κρατήσουσιν,
865 1692 897 1762 ἢ
918 1691 1054 1744 κατὰ
1071 1692 1158 1744 τδν
1186 1692 1487 1761 Σύμμαχον·
1505 1692 1828 1756 ὐποτάξου-

1939 535 2224 595 ﬁnxerunt,
2252 531 2526 586 eliminata
2545 543 2609 582 ex
2637 527 2826 596 seipsis
2852 526 2945 580 Dei
2969 526 3292 594 imagine‘ac
3315 524 3456 578 simi-

1937 624 2181 686 litudine,
2226 630 2385 690 atque
2426 617 2870 673 irrationabilium
2915 615 3243 675 animalium,
3286 613 3452 681 repti-

1937 713 2170 780 liumque
2198 710 2384 764 formis
2413 724 2504 778 per
2534 707 2708 760 varios
2753 704 3108 772 improbitatis
3131 702 3320 757 modos
3342 700 3456 753 ani-

1937 817 2036 856 mae
2066 817 2176 856 suae
2223 800 2426 858 ascitis,
2471 797 2524 851 in
2569 793 2870 848 habitaculo
2899 791 3090 845 inferni
3128 795 3450 842 conteretur.

1939 891 2242 945 Secundum
2281 886 2654 959 Symmachum
2691 890 2900 946 autem,
2923 879 3079 932 robur
3116 877 3452 964 commenti-

1936 980 2109 1048 quabit
2161 979 2390 1048 infernus
2439 993 2468 1028 a
2518 974 2738 1044 pretioso
2796 969 3094 1024 habitacula
3140 968 3270 1036 ejus.
3321 965 3451 1019 Nam

1936 1071 2099 1123 robur
2120 1069 2270 1132 illud,
2289 1066 2428 1136 quod
2454 1065 2556 1119 sibi
2583 1064 2651 1116 ob
2669 1062 2880 1116 insitam
2900 1059 3154 1112 malitiam
3180 1057 3454 1126 acquirere

1935 1161 2270 1219 videbantur,
2325 1155 2621 1224 antiquabit
2659 1151 2899 1204 infernus
2947 1154 3000 1201 in
3043 1144 3453 1200 habitationi-bus

1935 1249 2126 1301 ibidem
2156 1246 2367 1315 positis.
2405 1243 2468 1295 Et
2509 1242 2594 1296 hic
2625 1239 2852 1308 quidem
2893 1237 3172 1304 impiorum
3209 1233 3350 1288 ﬁnis.
3373 1233 3452 1286 Pii

1935 1346 2109 1391 autem
2145 1337 2235 1390 illo
2273 1345 2528 1402 tempore,
2561 1329 2817 1382 matutina
2853 1337 2904 1379 et
2931 1339 3066 1378 nova
3107 1325 3222 1377 [nee
3249 1321 3451 1382 donati,

1935 1425 2128 1480 orienti
2172 1425 2452 1493 impiorum
2496 1421 2947 1478 dominabuntur;
2990 1416 3120 1477 sive,
3160 1413 3454 1468 secundum

1934 1515 2197 1584 Aquilam,
2219 1513 2573 1582 imperabunt;
2593 1507 3018 1572 sive,secundum
3053 1503 3452 1572 Symmachum,

1933 1602 2200 1670 subiicient
2233 1601 2350 1656 sibi.
2389 1598 2517 1651 Nam
2557 1612 2677 1651 cum
2709 1596 2858 1664 impii
2902 1593 2989 1646 hic
3023 1592 3306 1660 proborum
3339 1591 3455 1642 ani-

1934 1706 2048 1745 mas
2071 1689 2450 1759 depresserint,
2485 1688 2594 1740 illic
2622 1687 2848 1739 animam
2871 1684 3076 1752 piorum
3101 1678 3366 1740 liberabit,
3397 1686 3454 1730 ut

265 1793 389 1831 σιν
419 1778 652 1844 αὐτοῖς.
692 1779 813 1833 Τῶν
845 1780 950 1851 γὰρ
979 1780 1205 1834 ἐνταῦθα
1247 1782 1683 1834 ταπεινωσάντων
1715 1783 1829 1844 τοὺς

1934 1795 1999 1833 ne
2025 1795 2126 1832 una
2157 1794 2277 1832 cum
2313 1778 2489 1846 impiis
2519 1777 2876 1836 abducantur;
2905 1771 3000 1826 sed
3026 1772 3080 1824 in
3107 1770 3226 1824 aliis
3244 1767 3453 1822 locis-et

267 1867 464 1931 εὐθεῖς
495 1869 734 1932 ἀσεϐῶν,
771 1871 887 1922 ἐκεῖ
935 1869 1148 1939 ῥύσεται
1181 1871 1277 1940 τῆν
1304 1871 1476 1942 ψυχὴν
1514 1872 1648 1942 πρὸς
1676 1871 1735 1923 τὸ
1763 1873 1836 1943 μὴ

273 1956 706 2027 συναπαχθῆναι
749 1961 863 2020 τοῖς
902 1958 1168 2022 ἀσεϐέσιν,
1208 1959 1318 2013 ἀλλ’
1362 1962 1418 2011 ἐν
1451 1959 1651 2028 ἑτέροις
1699 1957 1834 2014 εἶναι

269 2045 506 2114 χωρίοις
531 2063 594 2098 τε
631 2045 726 2098 καὶ
759 2047 1047 2115 ποιμνίοις.

363 2135 493 2185 Ὀτι
522 2134 747 2201 ἡψυχὴ
777 2135 1047 2187 αὐτο-ῦέν
1066 2135 1140 2202 τῇ
1165 2134 1276 2203 ζωῇ
1305 2136 1484 2190 αὑτοῦ
1515 2138 1834 2206 εὐλογηθή-

274 2221 1008 2289 σεται,ὲξομολοτήσεταί
1037 2237 1133 2276 σοι
1170 2224 1311 2277 ὅταν
1335 2225 1629 2291 ἀγαθύνῃς
1658 2223 1830 2288 αὐτῷ.

293 2307 368 2358 Ὃ
387 2307 482 2375 μὲν
517 2306 726 2370 δίκαιος
749 2308 962 2376 εύλογεῖ
987 2310 1073 2361 τὸν
1100 2310 1296 2381 Κύριον
1328 2312 1383 2363 ὲν
1410 2313 1562 2364 παντὶ
1595 2313 1782 2382 καιρῷ·
1807 2316 1835 2365 6

275 2388 351 2441 δὲ
378 2392 694 2462 ἁμαρτωλὸς
739 2395 1095 2462 τοτηνικαῦτα
1122 2396 1610 2468 ὲξομολογουμένος,
1632 2401 1838 2467 εὐλογεί

278 2477 382 2532 τὸν
400 2479 528 2533 Θεὸν
543 2482 786 2552 ὁπηνίκα
814 2483 880 2535 ἂν
918 2485 1113 2551 ἀγαθόν
1140 2503 1190 2537 τι
1219 2487 1362 2557 αὐτῷ
1387 2489 1448 2540 ἐκ
1473 2488 1603 2540 Θεοῦ
1634 2491 1825 2559 ἀποϐῇ.

671 2591 968 2644 ΨΑΛΜΟΣ
1004 2593 1087 2646 ΤΩ
1121 2595 1289 2646 ΑΣΑΦ
1326 2595 1453 2646 ΜΘ’.

364 2681 415 2733 Ol
451 2681 930 2752 ἐπιγεγραμμένοι
950 2680 1042 2732 τοῦ
1083 2682 1248 2748 Ἀσάφ
1301 2684 1402 2734 εἰσι
1441 2683 1536 2752 μὲν
1559 2684 1608 2736 οἱ
1641 2685 1834 2748 πάντες

282 2765 378 2821 τὸν
405 2770 639 2840 ἀριθμὸν
675 2771 761 2820 ιϐ’·
793 2768 988 2838 ἑφεξῆς
1015 2769 1070 2822 δὲ
1093 2771 1138 2822 οἱ
1169 2777 1232 2822 ια’
1258 2771 1538 2841 ἀρχόμενοι
1579 2774 1682 2826 ἀπὸ
1739 2774 1830 2827 τοῦ

285 2859 384 2909 οϐ’·
413 2861 472 2926 ἐξ
509 2854 588 2912 ὧν
623 2861 652 2911 6
686 2857 881 2928 παρὼν
910 2859 1223 2929 ἀπεσπάσθη
1262 2860 1600 2931 ψαλμὸς,ούχ
1628 2862 1826 2926 ἁπλῶς·

285 2946 407 2999 ἀλλ’
444 2948 686 3018 ἐπείπερ
731 2950 760 3000 6
802 2947 908 3018 πρὸ
947 2947 1132 3000 τούτου
1186 2948 1391 3018 ψαλμὸς
1438 2950 1561 3020 περὶ
1603 2951 1830 3021 κρίσεως

285 3035 379 3087 τοῦ
397 3037 530 3091 Θεοῦ
560 3037 918 3099 διεστέλλετο,
941 3037 1171 3126 τοιοῦτος
1193 3039 1255 3093 δὲ
1279 3040 1368 3091 καὶ
1395 3040 1422 3090 6
1454 3039 1658 3113 παρὼν,
1689 3043 1828 3094 εἰκό-
1857 3071 1897 3126 C

281 3139 387 3188 τως
409 3127 556 3180 κατά
591 3126 755 3178 τοῦτο
792 3125 1106 3179 ἀκολουθίαν
1147 3127 1374 3189 ἐδέξατο.
1431 3128 1584 3180 Ἀλλὰ
1615 3131 1706 3181 καὶ
1734 3130 1830 3199 τὴν

281 3212 371 3268 διὰ
390 3218 675 3280 Μωῡσέως
711 3215 1024 3285 ἀνατρέπων
1050 3217 1376 3284 νομοθεσίαν,
1396 3219 1714 3291 παραδίδωσι
1736 3220 1829 3289 τῆς

283 3309 469 3376 καινῆς
517 3307 802 3376 Διαθήκης
849 3307 939 3358 τὸν
989 3307 1201 3370 δοθέντα
1252 3311 1360 3370 τοῖς
1405 3308 1574 3363 ἔθνεσι
1614 3312 1826 3380 τρόπον.

287 3390 387 3446 Καὶ
411 3395 579 3448 τοῦτο
613 3396 671 3447 δὲ
717 3391 786 3465 ἦν
819 3397 876 3447 ὲν
911 3399 1016 3458 τοῖς
1048 3396 1152 3449 τῶν
1192 3397 1317 3448 υἱῶν
1379 3399 1516 3468 Κορὲ
1573 3399 1820 3469 ψαλμοῖς·

279 3476 469 3546 αἵτινες
494 3485 592 3535 καὶ
625 3484 779 3535 αὐτοὶ
806 3485 1119 3552 τυγχάνουσι
1149 3485 1241 3554 μὲν
1269 3485 1351 3537 ιϐ’.
1393 3485 1521 3536 Ἀλλ’
1548 3495 1594 3554 η’
1627 3491 1673 3539 οἱ
1700 3507 1828 3558 προ-

284 3566 531 3635 λίιδόντες
554 3573 756 3640 ἐφεξῆς
782 3573 1170 3644 κατετάγησαν,
1194 3568 1266 3626 ὧν
1298 3565 1741 3640 ’ἀποσπασθέντες
1779 3583 1825 3631 οἱ

287 3652 559 3723 λείποντες
607 3661 891 3729 τέσσαρες,
938 3661 1070 3730 μετὰ
1099 3663 1220 3725 τοὺς
1259 3662 1354 3712 τοῦ
1387 3663 1551 3731 Ἀσὰφ
1590 3665 1827 3734 ψαλμοὺς

292 3751 686 3820 κατετάγησαν·
719 3744 845 3813 ἴσως
866 3752 983 3802 ἐπεὶ
1012 3753 1059 3802 οἱ
1088 3751 1178 3804 τοῦ
1232 3753 1383 3821 Ασὰφ
1416 3754 1626 3818 πάντες,
1652 3755 1723 3817 ὡς
1753 3758 1827 3807 εἰ-

286 3839 420 3901 πεῖν,
462 3839 564 3891 τοῦ
617 3839 833 3908 Ἰσραὴλ
864 3839 1140 3902 ἐθέσπιζον
1171 3840 1266 3909 τῆν
1294 3841 1552 3910 ἀποϐολὴν
1574 3884 1586 3907 ,
1617 3844 1707 3894 καὶ
1730 3844 1826 3913 τὴν

280 3925 362 3987 εἷς
383 3931 564 3983 πάντα
596 3928 668 3980 τὰ
702 3929 826 3998 ἔθνη
867 3929 1178 3998 διασπορὰν,
1226 3929 1341 3998 μεθ’
1373 3931 1439 4001 ἣν
1467 3934 1498 4000 ἡ
1540 3931 1694 4001 χάρις
1734 3933 1824 3985 τοῦ

275 4009 411 4070 Θεοῦ
450 4019 522 4070 τὰ
569 4017 700 4087 ἔθνη
749 4018 917 4069 πάντα
949 4017 1221 4087 μετῆλθεν·
1267 4017 1384 4070 ὅθεν
1424 4020 1471 4069 οἱ
1511 4017 1680 4070 λοιποὶ
1720 4020 1824 4071 τῶν

270 4103 406 4162 υἱῶν
439 4111 594 4180 Κορὲ
619 4108 828 4177 ψαλμοὶ
858 4106 1170 4171 διεδέξαντο,
1200 4107 1295 4177 τὴν
1326 4107 1432 4160 τῶν
1460 4109 1624 4161 ἐθνῶν
1654 4110 1822 4163 ἁπάν-

263 4201 381 4249 των
409 4194 880 4266 προαγορεύοντες
897 4194 1102 4262 κλῆσιν.

341 4286 490 4351 Θεὸς
511 4283 670 4338 θεῶν
683 4284 895 4348 Κύριος
907 4282 1174 4349 ἐλάλησε,
1190 4283 1284 4336 καὶ
1302 4283 1546 4338 ἐκάλεσε
1564 4284 1674 4352 τὴν
1692 4285 1831 4354 γῆν,

1933 1869 2157 1922 ovilibus
2178 1867 2389 1936 degant.

1933 2130 1936 2134 “
1999 2127 2160 2181 Vsus.
2196 2128 2278 2180 l9.
2313 2127 2449 2192 Quia
2482 2128 2657 2178 anima
2684 2126 2793 2190 eius
2827 2125 2878 2176 in
2916 2125 3024 2176 vita
3055 2124 3214 2189 ipsius
3247 2121 3454 2174 benedi~

1931 2227 2090 2282 cetur,
2131 2217 2456 2284 conﬁtebitur
2497 2216 2588 2268 tibi
2637 2232 2752 2268 cum
2789 2215 2908 2267 bene
2945 2213 3122 2281 feceris
3157 2212 3222 2264 ei.
3264 2210 3456 2264 Justus

1929 2307 2071 2360 omni
2103 2314 2336 2374 tempore
2380 2305 2641 2359 benedicit
2676 2304 2820 2368 Deo;
2857 2310 3100 2371 peccator
3123 2310 3296 2353 autem
3323 2309 3449 2352 tunc

1929 2397 2190 2451 conﬁtens
2229 2399 2399 2450 solum
2429 2396 2690 2450 benedicit
2721 2394 2844 2455 Deo,
2879 2408 2998 2446 cum
3036 2392 3316 2460 quidboni
3347 2391 3448 2445 sibi

1930 2501 1958 2539 a
1981 2485 2088 2541 Deo
2126 2487 2421 2539 obvenerit.

2235 2599 2285 2649 1.
2305 2591 2619 2654 ΡΞΑΕΜῙΙΞ
2656 2591 2874 2646 ASAPH
2914 2591 3094 2645 XLIX.

1996 2685 2096 2750 Qui
2122 2686 2297 2754 Asaph
2321 2684 2582 2763 inscripti
2614 2691 2760 2748 sunt,
2787 2697 2973 2736 omnes
2999 2680 3450 2734 numero-duode-

1927 2775 2031 2828 cim
2063 2783 2318 2837 exstant,
2339 2774 2399 2835 in
2427 2773 2770 2843 sequentibus
2798 2786 2923 2826 vero
2952 2772 3040 2824 alii
3080 2771 3324 2826 undecim
3354 2770 3449 2822 ha—

1928 2865 2138 2929 bentur,
2165 2865 2256 2934 qui
2295 2880 2323 2917 a
2347 2880 2495 2925 Lxxn
2546 2863 2812 2933 incipiunt
2841 2882 2856 2917 :
2885 2879 2948 2918 ex
2992 2862 3184 2934 quibus
3215 2876 3448 2930 prtesens

1927 2955 2163 3024 psalmus
2193 2954 2407 3010 avulsus
2427 2961 2528 3015 est,
2553 2969 2650 3008 nec
2671 2953 2786 3007 sine
2813 2967 2996 3006 causa.
3031 2951 3138 3006 Sed
3160 2952 3283 3020 quia
3316 2966 3449 3020 prsc-

1929 3043 2121 3098 cedens
2148 3045 2386 3112 psalmus
2413 3043 2478 3097 de
2501 3042 2591 3096 Dei
2621 3043 2827 3110 judicio
2855 3041 3200 3099 edisserebat,
3224 3055 3285 3092 ac
3314 3054 3446 3107 pra:-

1934 3148 2056 3187 sens
2084 3134 2275 3188 similis
2310 3141 2392 3187 est
2424 3133 2752 3202 argumenti;
2777 3131 2965 3184 merito
2995 3137 3114 3198 post
3144 3129 3290 3181 illum
3321 3143 3448 3181 con-

1933 3232 2215 3290 sequenter
2241 3224 2442 3290 positus
2465 3231 2566 3274 est.
2593 3220 2874 3272 Enimvero
2892 3233 3074 3272 eversa
3089 3216 3284 3286 Moysis
3310 3217 3443 3285 lege,

1931 3311 2051 3363 novi
2073 3311 2387 3365 Testamenti
2415 3307 2628 3360 modum
2663 3308 2905 3377 gentibus
2944 3307 3194 3359 traditum
3223 3305 3444 3372 profert.

1930 3398 2100 3467 Atque
2151 3398 2382 3466 idipsum
2425 3397 2598 3451 evenit
2638 3397 2690 3448 in
2736 3395 2954 3464 psalmis
3002 3395 3228 3448 ﬁliorum
3269 3394 3442 3448 Core:

1929 3487 2017 3555 qui
2065 3496 2117 3540 et
2163 3488 2262 3555 ipsi
2306 3501 2528 3540 numero
2575 3485 2874 3538 duodecim.
2926 3483 3028 3538 Sed
3075 3493 3194 3537 octo
3239 3483 3446 3550 priores

1929 3576 2178 3644 deinceps
2217 3577 2374 3647 positi
2406 3583 2550 3638 sunt,
2582 3590 2611 3627 a
2641 3575 2836 3644 quibus
2869 3575 3038 3629 avulsi
3069 3582 3297 3644 quatuor
3323 3575 3446 3629 reli-

1927 3665 2039 3734 qui,
2067 3674 2184 3735 post
2207 3667 2442 3735 psalmos
2467 3665 2644 3734 Asaph
2675 3673 2798 3718 sunt
2827 3665 3101 3718 constituti
3131 3684 3144 3718 :
3167 3663 3300 3718 forte
3321 3665 3444 3731 quia

1927 3756 2124 3822 Asapbi
2158 3755 2264 3807 fere
2294 3770 2498 3815 omnes,
2530 3753 2744 3808 Israelis
2783 3754 3129 3821 abjectionem
3159 3760 3211 3807 et
3248 3755 3299 3806 in
3333 3771 3444 3805 mn-

1925 3860 2021 3898 nes
2044 3857 2225 3913 gentes
2255 3844 2633 3912 dispersionem
2657 3844 3098 3903 vaticinabantur.
3136 3853 3254 3912 post
3288 3859 3443 3913 quam

1929 3934 2018 3987 Dei
2047 3935 2215 4002 gratia
2246 3949 2432 3990 omnes
2468 3943 2650 4002 gentes
2687 3933 2853 3996 adiit;
2888 3947 3053 4000 quare
3093 3934 3286 4004 reliqui
3321 3934 3443 3987 tirio-

1926 4039 2041 4075 rum
2071 4022 2205 4076 Core
2231 4023 2419 4091 psalmi
2445 4023 2564 4076 illos
2592 4031 2931 4090 exceperunt,
2957 4021 3046 4089 qui
3077 4022 3442 4078 universarum

1927 4115 2160 4182 gentium
2191 4114 2520 4168 vocationem
2556 4113 2928 4181 pramuuliant.

1993 4287 2152 4342 Vens.
2174 4290 2226 4342 2.
2252 4289 2388 4342 Deus
2415 4290 2623 4342 deorum
2660 4290 2899 4343 Dominus
2930 4290 3126 4342 locutus
3162 4299 3258 4353 est,
3289 4302 3336 4343 et
3360 4309 3438 4344 vo-

248 4365 324 4422 οε
359 4375 542 4430 λοιποὶ
575 4375 633 4428 δὲ
667 4376 815 4443 τρεῖς
839 4376 1196 4444 ἡρμήνευσαν·
1217 4375 1476 4443 Ἰσχυρός
1493 4376 1630 4440 Θεὸς
1649 4376 1829 4440 λαλή-

1936 4381 2066 4430 cavit
2112 4390 2318 4435 terram.
2355 4381 2563 4450 Reliqui
2615 4392 2719 4435 tres
2772 4386 2850 4436 sic
2899 4383 3225 4447 interpretati
3277 4391 3439 4435 sunt:

243 4469 388 4533 σας
409 4466 681 4520 ἐκάλεσε
727 4465 840 4530 τὴν
883 4465 1018 4534 γῆν.
1072 4469 1131 4518 Οἱ
1167 4467 1220 4518 δὲ
1258 4468 1651 4538 Ἑϐδομήκοντσ.
1676 4471 1826 4535 θεοὺς

241 4543 543 4610 ὲκάλεσαν
559 4556 692 4617 τούς
720 4555 1061 4625 τεάρχοντας
1083 4555 1174 4613 καὶ
1197 4559 1399 4628 κριτὰς,
1424 4560 1554 4631 ὅπερ
1578 4561 1700 4613 ἴδιον
1729 4563 1824 4630 p.6-

232 4646 362 4696 νου
405 4645 565 4698 Θεοῦ.
624 4644 927 4713 Τοιγαροῦν
968 4647 1024 4697 έν
1057 4652 1144 4696 ua’
1183 4647 1372 4716 ψαλμῷ
1417 4651 1717 4719 προφήσας·
1761 4653 1821 4703 '0

234 4722 413 4800 Θεός
437 4735 592 4800 ἔστη
623 4733 696 4784 ἐν
724 4731 1044 4800 συναγωγῇ
1075 4732 1236 4798 θεῶν,
1274 4735 1341 4787 ἐν
1374 4736 1537 4803 μέσῳ
1563 4737 1629 4789 δὲ
1652 4740 1820 4805 θεοὺς

225 4805 465 4892 diam-.1
470 4839 557 4876 νει
576 4862 592 4886 ,
637 4823 914 4890 ἐπήγαγεν
938 4837 950 4848 ·
998 4821 1140 4885 Ἕως
1159 4824 1297 4876 πότε
1322 4827 1543 4892 κρίνετε
1561 4828 1821 4893 (iactetur;

221 4894 419 4964 0ί-ἰιτω
455 4913 552 4965 καὶ
577 4913 608 4963 6
640 4911 805 4979 νόμος
826 4910 1154 4978 διαγορεύει·
1189 4913 1366 4978 Θεοὺς
1401 4917 1470 4968 οὐ
1499 4919 1821 4986 κακολογή-

217 4995 412 5070 (ἷεις,
435 5002 537 5053 καὶ
560 5001 862 5068 ἄρχοντας
877 4997 987 5050 τοῦ
1007 4997 1158 5051 λαοῦ
1183 5016 1292 5053 σου
1315 5003 1420 5053 οὐκ
1441 5003 1589 5068 ἐρεῖς
1607 5005 1816 5070 κακῶς.

218 5064 515 5158 Εξχάγως
547 5064 610 5142 δ’.
730 5087 982 5155 κληθεῖεν
1009 5088 1061 5137 οἱ
1094 5088 1153 5139 τὸ
1195 5091 1311 5140 κατ’
1349 5064 1526 5143 εἰκόνα
1566 5064 1820 5159 ιρυλάξαν-

217 5169 362 5238 τις
382 5194 395 5207 ⁸
421 5181 449 5230 6
473 5178 684 5231 τούτων
725 5175 858 5236 Θεὸς
911 5175 1097 5227 πᾶσαν
1150 5177 1359 5244 συνάγει
1397 5177 1488 5246 τὴν
1511 5181 1820 5252 οἰκουμένην

217 5258 354 5326 ξίς
373 5267 431 5318 τὸ
457 5267 741 5338 κριτήριον
761 5280 774 5292 ·
803 5262 971 5322 αὐτὸς
995 5261 1073 5314 ὢν
1096 5266 1122 5314 6
1149 5265 1343 5335 Κύριος
1367 5268 1394 5318 6
1432 5265 1521 5318 τοῦ
1577 5269 1707 5321 Θεοῦ
1726 5273 1821 5323 Λό-

219 5347 364 5416 γος
391 5355 818 5426 ένανθρωπήσας
867 5351 1105 5419 ἐλάλησε
1133 5352 1218 5404 διὰ
1249 5353 1336 5405 τοῦ
1369 5354 1710 5422 Εύαγγελίου,
1730 5361 1820 5412 καὶ

223 5440 462 5508 7t(tanta;
485 5445 585 5513 μὲν
611 5441 790 5501 καλεῖ,
815 5438 877 5488 οὐ
906 5438 1114 5501 πάντες
1142 5442 1442 5508 ὑπήκουσαν
1484 5444 1556 5512 τῷ
1582 5445 1818 5513 Εὐας-γε-

325 5599 367 5630 ³³
396 5600 538 5653 Psat.
582 5605 772 5647 tum,
813 5586 863 5635 Ι.
953 5584 1000 5612 ⁸³
1051 5586 1178 5640 ibid.
1211 5589 1260 5640 ‘2.

1337 5591 1376 5619 ³⁸
1414 5590 1572 5645 Exod.
1607 5609 1737 5657 ull,
1775 5596 1862 5652 28.

1930 4466 2103 4521 Fortis
2128 4469 2258 4522 Deus
2283 4472 2486 4539 loquens
2509 4474 2695 4524 vocavit
2711 4481 2918 4524 terram.
2946 4471 3082 4525 LXX
3111 4479 3283 4524 autem
3313 4471 3440 4526 deos

1925 4568 2181 4611 vocarunt
2213 4561 2478 4629 principes
2500 4577 2560 4614 ac
2596 4560 2823 4628 iudices,
2862 4561 3002 4630 quod
3045 4562 3314 4632 proprium
3348 4575 3438 4612 so-

1921 4648 2023 4702 lius
2062 4647 2154 4703 Dei
2189 4658 2289 4704 est.
2325 4649 2594 4718 Siquidem
2628 4651 2680 4702 in
2724 4665 2883 4704 ωωιι
2917 4652 3122 4720 psalmo
3160 4659 3436 4720 postquam

1922 4737 2150 4800 dixerat,
2188 4738 2324 4792 Deus
2347 4741 2485 4791 stetit
2525 4741 2576 4791 in
2610 4755 2869 4809 synagoga
2911 4742 3140 4800 deorum,
3183 4742 3236 4791 in
3274 4740 3437 4792 medio

1926 4838 2092 4881 autem
2123 4829 2243 4882 deos
2282 4828 2534 4893 diiudicat
2551 4829 2626 4893 ⁸⁸;
2674 4829 2973 4896 subiunxit,
3009 4828 3272 4897 Usquequo
3293 4829 3435 4896 judi-

1923 4919 2052 4970 catis
2092 4919 2502 4987 iniquitatem“?
2531 4916 2620 4970 Sic
2645 4926 2696 4970 et
2732 4918 2816 4972 lex
2861 4918 3099 4986 praecipit
3136 4933 3147 4967 :
3178 4917 3292 4969 Diis
3340 4935 3435 4971 non

1921 5005 2212 5069 maledices,
2244 5017 2291 5060 et
2328 5006 2637 5074 principibus
2673 5007 2852 5076 papuli
2886 5009 2959 5059 tui
2995 5023 3092 5059 non
3123 5007 3432 5060 conviciabe-

1922 5096 2074 5150 ris”.
2105 5096 2231 5152 Jure
2274 5099 2352 5152 sic
2394 5105 2645 5151 vocentur
2667 5095 2758 5165 qui
2811 5097 3092 5166 imaginem
3127 5097 3268 5149 illam
3305 5099 3357 5149 in
3385 5115 3431 5152 sc

1921 5187 2267 5250 servaverint,
2287 5200 2509 5255 quorum
2536 5184 2674 5237 Deus
2702 5193 2866 5237 totum
2896 5185 3076 5238 orbem
3099 5184 3162 5236 ad
3179 5184 3434 5252 judicium

1922 5287 2107 5330 evocat
2137 5294 2150 5327 :
2186 5278 2403 5345 ipseque
2447 5274 2700 5328 Dominus
2737 5273 2828 5328 Dei
2850 5277 3094 5336 Verbum,
3130 5277 3432 5329 incarnatus

1923 5381 2016 5434 per
2036 5365 2374 5433 Evangelium
2419 5363 2628 5416 locutus
2660 5370 2742 5418 est
2774 5371 2863 5417 :et
2886 5379 3071 5417 omnes
3099 5362 3310 5432 quidem
3346 5353 3431 5419 vo-

1924 5462 2028 5515 cat,
2073 5454 2160 5507 sed
2191 5467 2295 5506 non
2327 5465 2509 5504 omnes
2556 5451 2794 5504 obsecuti
2823 5459 2946 5504 sunt
2994 5451 3295 5522 Evangelia.
3335 5453 3433 5506 Sed
