3812 6364
581 363 700 419 με

587 566 722 620 versi
756 537 991 617 venerunt
1018 556 1084 609 ad
1100 567 1262 622 regem
1285 554 1350 606 ⁸⁸.
1384 547 1656 612 Tuncque,
1686 541 1902 610 jubente
1924 537 2100 600 Saule,

594 654 710 723 ipse
753 652 893 705 Docc
937 645 1135 701 occidit
1173 637 1478 693 sacerdotes
1515 630 1727 687 Domini
1773 638 2015 680 trecentos
2057 632 2105 676 et

597 716 815 811 quinque
844 740 974 791 viros
1015 735 1231 802 ferentes
1272 724 1450 794 ephod,
1505 730 1554 775 et
1605 718 1810 772 Nobam
1855 716 2105 767 civitatem

544 843 550 877 ξ
597 829 916 886 sacerdotum
962 821 1216 892 percussit
1258 818 1311 868 in
1340 830 1426 868 ore
1454 810 1616 882 gladii
1643 826 1674 861 a
1704 808 1811 860 viro
1840 820 1998 873 usque
2041 801 2106 854 ad

597 920 880 977 mulierem,
911 932 942 966 a
975 927 1131 979 puero
1173 922 1333 976 usque
1372 903 1437 956 ad
1477 903 1774 959 laetantem,
1818 905 1865 948 et
1896 892 2108 946 vitulum

597 1017 645 1062 et
669 1007 868 1058 asinum
896 1011 942 1055 et
969 999 1196 1054 ovem“.
1242 995 1363 1049 Haec
1403 1007 1523 1045 cum
1558 989 1792 1042 audisset
1825 982 1987 1036 David
2019 979 2107 1032 tali

596 1097 752 1151 modo
774 1100 918 1163 gesta
947 1107 1082 1150 esse.
1116 1090 1214 1140 hos
1247 1083 1448 1154 profert
1493 1093 1785 1140 sermones,
1815 1075 1902 1142 qui
1940 1085 2109 1138 neque

597 1186 883 1243 canticum,
932 1193 1102 1248 neque
1145 1177 1392 1246 hymnus,
1441 1184 1610 1238 neque
1657 1166 1783 1235 quid
1817 1163 1990 1219 simile
2030 1161 2112 1212 in-

598 1275 923 1330 scribuntur.
987 1269 1086 1334 Qui
1127 1267 1266 1321 enim
1321 1262 1513 1332 potuit,
1565 1260 1618 1312 in
1666 1265 1742 1309 tot
1780 1253 2113 1309 sacerdotum

599 1367 923 1424 calamitate,
965 1359 1175 1412 cantica
1222 1361 1313 1407 aut
1357 1353 1591 1422 psalmos
1637 1363 1732 1416 pro
1773 1346 1839 1398 iis
1881 1340 2117 1396 canere?

599 1453 775 1517 Quare
795 1451 970 1503 nullus
993 1445 1294 1514 hujusmodi
1330 1441 1515 1494 titulus
1539 1436 1845 1506 praemissus
1873 1437 1987 1494 est,
2025 1427 2117 1481 sed

601 1541 773 1595 solum
805 1539 856 1590 in
883 1538 1034 1604 ﬁnem
1058 1535 1271 1594 dicitur,
1297 1539 1348 1584 et
1368 1528 1677 1586 intellectus,
1707 1524 1829 1591 quia
1867 1535 1984 1587 quae
2013 1517 2117 1570 sub

603 1630 761 1683 linem
791 1627 1052 1681 habentur
1094 1624 1231 1677 bona
1275 1619 1601 1677 renuntiant,
1629 1615 1713 1666 ubi
1753 1612 1972 1665 dicitur:
2010 1605 2118 1674 Ego

606 1729 775 1773 autem
805 1719 936 1771 sicut
991 1716 1124 1769 oliva
1165 1710 1456 1780 fructifera,
1487 1715 1540 1760 et
1589 1712 1798 1757 caetera.
1845 1698 2118 1753 Intellecta

1264 343 1520 405 EL'SEBII
1555 333 2016 398 CAESARIENSIS
2049 331 2196 389 OPP.
2236 325 2414 384 PARS
2449 323 2536 380 Ill.
2581 350 2650 361 —
2685 309 3092 372 EXEGETICA.

588 489 764 530 omnes
788 475 923 542 ﬁlios
945 469 1106 540 patris
1130 465 1241 533 ejus
1272 458 1558 515 sacerdotes
1590 456 1644 508 in
1675 452 1726 504 Ν
1731 453 1847 513 oba,
1872 450 1958 519 qui
1985 447 2093 500 uni-

1989 447 2101 500 uni-
2129 451 2174 506 Α
2197 441 2385 511 ἠρώτα
2418 435 2574 500 αὐτῷ
2605 432 2700 486 διὰ
2734 431 2840 484 τοῦ
2870 427 3040 488 Θεοῦ,
3071 418 3150 474 καὶ
3183 404 3494 542 ἐπισιτιιῖριόν

2034 538 2044 542 ’
2381 535 2392 542 ’
2451 529 2475 540 ”
2513 533 2559 542 ”
2596 527 2607 542 ¹
2655 526 2668 542 ’
2695 523 2875 542 θίέ--λ
2895 523 2988 542 ’³η-
3015 519 3044 542 λ
3080 503 3312 542 οηηιῖιυῖνρ
3331 517 3361 542 δν
3444 511 3494 542 .m

3538 291 3615 346 ιιι

3517 403 3618 457 ἑδω-

2328 494 2611 598 αὺτῷλέαὶ
2637 523 2988 577 ἀπέστειλεν
3011 519 3044 568 ό
3065 496 3534 598 ,βασιλεὺς-καλεοίαι
3553 494 3618 591 τότ

2669 610 2841 677 ίερέα,
2889 605 2988 658 καὶ
3035 600 3232 659 πάντας
3257 589 3375 689 τοὺς
3399 584 3534 689 υἱοὺς
3559 581 3616 684 uri

2203 706 2419 774 πατρὸς
2467 702 2648 756 αὐτοῦ
2704 697 2844 758 τοὺς
2890 690 3068 757 ἱερεῖς
3111 685 3199 738 τοῦ
3238 678 3422 745 Κυρίου
3455 672 3565 735 τοὺς
3593 672 3618 722 ὲ

2203 761 2424 858 Νοέὰν,
2454 793 2547 845 καὶ
2588 785 2980 856 παρεγένοντο
3014 775 3208 837 πάντες
3249 767 3377 858 ατρὸς
3404 763 3491 858 τόν
3512 761 3616 858 ,βασι

2203 887 2329 942 λέα·
2365 854 2490 937 Ὅτε
2511 854 2859 935 κελεύσαντος
2903 868 2996 922 τοῦ
3038 863 3217 926 Σαοὺλ,
3261 855 3402 917 αὐτὸς
3441 854 3600 913 ἐκεῖνος

2206 978 2357 1048 Δωὴκ
2379 1016 2392 1038 ,
2434 972 2731 1026 ἐθανάτωσε
2779 966 2906 1026 τοὺς
2955 961 3114 1031 ἱερεῖς
3145 952 3226 1007 τοῦ
3259 946 3501 1048 Κυρίου(
3532 942 3606 994 καὶ

2208 1035 2422 1133 ἄνδρας
2468 1062 2756 1131 φέροντας
2805 1051 3014 1122 ἐφοὺδ,
3066 1046 3151 1101 καὶ
3190 1041 3294 1110 τὴν
3322 1035 3495 1092 Νοϐὰν
3535 1036 3618 1086 πόλ

2208 1125 2329 1210 75w-
2366 1125 2560 1221 ἱερέωῶ
2585 1145 2879 1209 ἐπάταξεν
2921 1143 2991 1194 ὲν
3040 1138 3268 1204 στόματι
3299 1125 3616 1221 ῥομφαίας

2210 1215 2424 1310 ἀνδρὸς
2457 1242 2564 1305 ἓως
2605 1235 2905 1308 γυναικὸς,
2935 1230 3054 1286 ἀπὸ
3090 1225 3290 1292 νηπίου
3321 1220 3422 1284 ἓως
3457 1215 3618 1284 dulcia

2212 1307 2330 1399 Ioc,
2356 1307 2449 1385 καὶ
2472 1307 2701 1400 μόσχου
2729 1326 2824 1378 καὶ
2853 1323 2999 1375 ὄνου
3025 1319 3117 1370 καὶ
3140 1311 3435 1381 προϐάτου.
3460 1307 3593 1359 Ταῦτ’
3614 1331 3615 1344 ι

2217 1422 2394 1494 μαθὼν
2434 1398 2590 1474 Δαυῖδ
2628 1417 2814 1469 τοῦτον
2861 1408 3223 1481 πεπραγμένα
3270 1403 3356 1454 τὸν
3389 1398 3618 1470 τρόπον,τ

2215 1489 2596 1582 τεροκειμένους
2641 1503 3006 1576 προσφέρεται
3056 1499 3257 1565 λόγους,
3281 1491 3394 1544 οὔτε
3431 1489 3554 1558 ᾠδὴν
3581 1506 3618 1539 π

2217 1577 2451 1669 έχοντας,
2484 1597 2600 1649 οὔτε
2637 1595 2822 1664 ὕμνον,
2865 1589 2991 1642 οὔτε
3035 1586 3157 1637 ἄλλο
3198 1579 3444 1635 τοιοῦτον.
3484 1577 3594 1640 Πῶς

2218 1693 2310 1745 κα)⁸
2347 1686 2452 1741 οἷον
2489 1705 2547 1739 τε
2578 1683 2643 1756 ἦν
2676 1685 2768 1737 ἐπὶ
2806 1679 3068 1750 συμφορᾷ
3102 1673 3362 1727 τοσούτων
3391 1669 3615 1740 ἱερέων,‹

606 1758 775 1773 ..........
805 1758 936 1771 ων...
991 1758 1122 1769 ...ηπ
1497 1758 1510 1760 _

606 1816 782 1862 autem
815 1822 876 1860 ex
909 1805 1014 1857 Deo
1042 1811 1158 1872 eget
1181 1798 1518 1869 praesentium
1561 1804 1862 1848 sermonum
1908 1792 2111 1840 senten-

2087 1805 2121 1836 ι-
2150 1788 2191 1842 Β
2218 1781 2390 1834 αὐτῶν
2429 1780 2520 1831 καὶ⁸
2553 1776 2797 1846 ψαλμοὺς
2837 1773 3019 1843 ᾄδειν;
3067 1767 3144 1820 διὸ
3192 1763 3342 1816 οὐδὲν
3379 1758 3592 1814 τοιοῦτον

2629 1868 2639 1872 -
2764 1865 2802 1872 η
2889 1865 2901 1872 ,
3014 1859 3025 1872 .
3109 1859 3160 1872 ,,
3291 1854 3313 1872 ,
3365 1869 3463 1872 in,
3508 1851 3582 1872 ,Δ

606 1897 698 1948 tia.
751 1893 882 1947 Cum
914 1893 1090 1960 itaque
1113 1887 1249 1957 apud
1283 1882 1588 1939 Abimelech
1618 1876 1997 1932 sacerdotalem
2026 1887 2122 1942 gu-

609 1984 770 2039 stavit
811 1983 1008 2041 cibum,
1063 1985 1264 2030 mutato
1291 1981 1450 2034 qustu
1501 1985 1619 2029 suo,
1656 1970 1767 2022 sive
1813 1980 1959 2018 more
2003 1977 2122 2025 suo,

609 2072 898 2128 secundum
949 2070 1276 2136 reliquorum
1343 2059 1854 2129 lnterpretationem,
1913 2053 2129 2106 benedi-

611 2163 813 2214 ctiones
842 2167 895 2214 et
925 2159 1213 2227 gratiarum
1261 2154 1495 2206 actiones
1542 2147 1651 2200 Deo
1695 2145 1871 2199 emisit
1907 2143 2124 2196 dicens:

611 2249 918 2304 Benedicam
944 2247 1220 2299 Dominum
1264 2244 1316 2295 in
1349 2240 1488 2294 omni
1515 2248 1753 2304 tempore,
1789 2248 1985 2301 semper
2015 2233 2128 2283 laus

620 2340 732 2407 ejus
759 2340 814 2390 in
843 2353 928 2390 ore
971 2352 1104 2398 meo,
1128 2341 1178 2386 et
1204 2341 1393 2386 castora
1417 2332 1480 2383 ⁸³.
1511 2327 1662 2380 Nunc
1694 2335 1890 2385 autem,
1919 2321 2131 2389 cognito

615 2427 1015 2481 calumniatoris
1061 2425 1198 2476 Doec
1245 2421 1499 2479 facinore,
1547 2431 1652 2485 quo
1700 2421 1852 2483 pacto
1908 2411 2129 2472 scilicet,

613 2516 882 2569 diabolico
924 2512 1303 2572 usus-scelere,
1344 2517 1420 2561 tot
1460 2505 1764 2560 sacerdotes
1809 2499 2130 2563 occidisset;

614 2613 902 2674 praesentes
945 2617 1213 2657 sermones
1247 2600 1312 2653 ad
1345 2599 1516 2666 ipsum
1545 2593 1723 2662 dirigit
1751 2592 1971 2645 dicens:

2215 1873 2542 1942 γέγραπται·
2575 1868 2730 1937 μόνον
2760 1865 2816 1917 δὲ
2849 1865 2938 1926 είς
2962 1859 3033 1912 τὸ
3063 1859 3236 1920 τέλος
3263 1854 3468 1925 εἴρηται
3507 1851 3618 1903 καὶ(

2217 1963 2423 2027 ἐσεωςο
2453 1958 2634 2028 ἐπειδὴ
2662 1956 2729 2010 τὰ
2751 1954 3040 2008 τελευταῖα
3065 1947 3170 2000 τῶν
3194 1946 3369 2012 λόγων
3401 1942 3599 2011 ἀγαθῶν

2223 2049 2588 2119 ἀπαγγελτικά
2639 2050 2695 2100 ὲν
2741 2041 2822 2108 οἷς
2882 2057 3088 2113 φησιν.⁶
3135 2041 3191 2089 Ἐ
3198 2038 3282 2108 τὼ
3329 2036 3397 2088 δὲ
3439 2035 3568 2088 ὡσεὶ
3608 2037 3617 2084 ι

2229 2141 2618 2206 κατάκαρπος,
2648 2139 2740 2190 καὶ
2764 2135 2831 2188 τὰ
2865 2135 3016 2202 ἑξῆς.
3053 2129 3169 2184 Καὶ
3216 2127 3480 2188 συνέσεως
3509 2125 3562 2176 δὲ
3591 2141 3616 2174 τ

2231 2227 2362 2281 Θεοῦ
2391 2228 2554 2279 δεῖται
2588 2227 2620 2294 ἡ
2653 2225 2756 2276 τῶν
2789 2219 3188 2292 ἐμφερομένων
3215 2216 3392 2284 λόγων
3418 2213 3618 2266 διάνοια.

2236 2320 2329 2390 μὲν
2360 2311 2449 2370 οὖν
2477 2317 2622 2385 παρά
2663 2314 2738 2382 τῷ
2771 2311 3066 2380 Ἀϐιμέλεχ
3115 2309 3432 2379 γενόμενος,
3472 2305 3562 2374 τῆς
3601 2305 3614 2354 l

2229 2407 2329 2475 κῆς
2356 2403 2684 2470 ἀπεγεύσατο
2716 2401 2940 2468 τροφῆς,
2978 2397 3298 2458 ἀλλοιώσας
3321 2396 3420 2466 τὴν
3441 2393 3612 2461 γεῦσιν

2229 2497 2262 2566 ἢ
2295 2496 2383 2547 τὸν
2410 2495 2598 2564 τρόπον
2631 2490 2790 2544 αὐτοῦ
2815 2488 2958 2543 κατά
2991 2487 3096 2558 τὴν
3126 2486 3242 2538 τῶν
3269 2485 3471 2538 λοιπῶν
3503 2485 3614 2552 ὲρμτ

2229 2583 2470 2652 εὐλογίας
2497 2583 2586 2635 καὶ
2608 2579 2960 2650 εὐχαριστίας
2995 2577 3335 2647 ἀνέπεμπεν
3368 2574 3448 2644 τῷ
3476 2573 3587 2641 Θεῷ

613 2694 936 2764 Εὐλογήσω
951 2691 1052 2744 τὸν
1080 2691 1290 2754 Κύριον
1311 2663 1379 2738 ἑτέ
1401 2683 1572 2736 παντὶ
1588 2681 1783 2748 καιρῷ,
1809 2679 2122 2744 διαπαντὸς
2140 2679 2176 2745 ἡ
2195 2678 2421 2740 αῖνεσις
2440 2671 2618 2728 αὐτοῦ
2644 2672 2711 2723 ἐν
2724 2669 2803 2734 τῷ
2829 2669 3091 2736 στόματί
3117 2686 3273 2736 μου,
3311 2667 3410 2720 καὶ
3439 2665 3506 2717 τὰ
3523 2663 3608 2732 ἐξῆ

613 2787 690 2850 δὲ,
727 2756 812 2838 ὅτε
834 2756 932 2835 ’τοῦ
970 2779 1208 2832 διαϐόλου
1248 2775 1399 2844 Δωὴκ
1429 2775 1523 2844 τὴν
1569 2771 1758 2841 πρᾶξιν
1801 2771 1966 2838 ἔγνω,
2007 2772 2096 2822 καὶ
2137 2770 2208 2831 ὡς
2243 2766 2518 2827 τοσούτους
2561 2762 2763 2817 ἀνεῖλεν
2811 2761 3018 2830 ἱερεῖς,
3047 2759 3206 2830 ἔργῳ
3243 2756 3540 2826 διαϐολικῷ
3566 2772 3618 2825 χε

616 2891 735 2938 νος,
782 2873 855 2934 ὡς
904 2869 1034 2940 πρὸς
1085 2866 1238 2918 αὐτὸν
1284 2863 1554 2918 συντάττει
1595 2862 1719 2923 τοὺς
1764 2860 2142 2930 προκειμένους
2175 2858 2358 2927 λόγους
2382 2857 2624 2924 φάσκωνο

686 2981 849 3037 Vens.
890 2981 944 3034 5.
980 2975 1114 3044 Quid
1137 2976 1375 3046 gloriaris
1401 2975 1453 3026 in
1476 2972 1700 3035 malitia,
1726 2971 1813 3040 qui
1839 2978 2013 3039 potens
2039 2970 2131 3023 es?

2308 2969 2366 3020 Tl
2427 2960 2687 3032 ἐγκαυχᾷ
2739 2962 2808 3014 ἐν
2863 2961 3072 3028 κακίᾳ,
3138 2963 3174 3015 ό
3237 2961 3557 3026 δυνατός
3610 2984 3618 3006 ι

619 3073 939 3143 iniquitatem
989 3077 1094 3121 tota
1143 3066 1226 3119 die
1258 3074 1304 3118 et
1335 3061 1639 3130 injustitiam
1659 3060 1901 3128 cogitavit
1954 3058 2124 3126 lingu

2106 3053 2194 3108 aC
2228 3058 2378 3123 ὅλην
2426 3053 2536 3120 τὴν
2579 3050 2840 3119 ἡμέραν,
2916 3049 3022 3101 καὶ
3089 3049 3370 3103 ἀδικίαν
3448 3050 3611 3117 ἐλογί

621 3175 730 3217 tua.
772 3162 834 3214 Et
881 3160 991 3212 haec
1023 3157 1232 3226 quidem
1274 3154 1440 3208 multo
1468 3160 1589 3205 ante
1616 3151 1756 3205 dicta
1795 3155 1939 3210 sunt,
1974 3162 2133 3217 quam

619 3249 843 3305 historia
887 3242 1314 3315 quinquagesimi
1363 3240 1549 3309 psalmi
1600 3239 1948 3306 contingeret.
2001 3234 2132 3287 Nam

620 3343 795 3396 adhuc
849 3337 1132 3408 superstite
1175 3333 1332 3387 Saule
1375 3343 1427 3386 et
1476 3332 1625 3400 prius
1654 3344 1812 3398 quam
1857 3325 2021 3380 David
2056 3341 2136 3380 re-

503 3494 511 3501 .
620 3435 825 3501 gnaret,
861 3435 913 3481 et
938 3440 1022 3479 res
1051 3429 1217 3493 gesta,
1249 3427 1301 3474 et
1325 3419 1562 3488 psalmus
1596 3416 1769 3469 dictus
1800 3422 1901 3469 est.
1929 3413 2004 3466 Ac
2027 3413 2138 3466 diu-

624 3519 798 3572 turnis
844 3527 1026 3587 postea
1081 3510 1432 3579 temporibus,
1492 3514 1613 3575 post
1667 3504 1841 3559 Saulis
1909 3502 2134 3566 obitum,

621 3606 1013 3678 postremisque
1062 3601 1209 3670 regni
1259 3599 1342 3652 sui
1395 3598 1570 3658 annis,
1635 3594 2028 3648 confessionem
2084 3591 2137 3642 in

626 3691 1066 3764 quinquagesimo
1115 3687 1320 3756 psalmo
1351 3699 1656 3753 expressam
1706 3682 1869 3735 David
1897 3680 2137 3750 protulit,

628 3797 786 3852 quam
837 3790 1010 3832 tamen
1054 3777 1178 3829 huic
1226 3775 1428 3843 psalmo
1462 3773 1733 3841 praemisit,
1765 3779 1978 3840 propter
2024 3770 2140 3838 ejus

627 3886 750 3926 cum
780 3865 1186 3938 quadragesimo
1230 3877 1371 3916 nono
1422 3863 1627 3930 psalmo
1682 3861 2015 3922 allinitatem,
2064 3857 2141 3910 uti

625 3962 734 4031 jam
783 3962 1257 4013 commonstratum
1306 3959 1406 4005 est.
1470 3950 1664 4004 Psalmi
1720 3963 1846 4002 vero
1903 3962 2013 4000 au
2076 3945 2142 3997 ad

629 4065 754 4112 ιιι,
789 4047 978 4118 viginti
1027 4059 1270 4108 numero,
1337 4041 1550 4095 Davidis
1617 4039 1900 4109 inscripti,‘,
1933 4038 1999 4090 ab
2040 4037 2144 4088 alio

631 4139 894 4209 principio
937 4142 1303 4204 argumentum
1336 4132 1562 4185 mutuati
1603 4138 1761 4192 sunt,
1797 4129 2143 4196 videnturque

631 4229 843 4282 vivente
870 4226 1043 4280 adhuc
1077 4222 1236 4276 Saule
1268 4221 1596 4291 pronuntiati
1642 4219 1826 4280 fuisse,
1861 4224 2141 4284 antequam

633 4319 798 4373 David
835 4324 1096 4387 regnaret.
1179 4313 1309 4365 Nam
1357 4315 1422 4374 is,
1468 4326 1623 4379 quem
1671 4310 1779 4376 jam
1833 4312 2142 4364 tractamus,

2238 3142 2476 3215 γλῶσσά
2518 3155 2650 3193 σου.
2698 3140 2807 3192 Καὶ
2845 3137 3104 3190 λέλεκται
3166 3141 3284 3208 μὲν
3346 3139 3428 3192 τὰ
3504 3156 3618 3209 μετε

2239 3232 2368 3285 πολὺ
2411 3229 2666 3300 πρότερον
2725 3231 2836 3290 τοῖς
2886 3228 3110 3298 χρόνοις
3182 3229 3308 3298 τῆς
3381 3229 3612 3299 ἱστορία

2238 3319 2467 3389 ψαλμοῦ.
2519 3318 2636 3368 Ἔτι
2669 3315 2774 3385 γὰρ
2803 3314 3006 3378 ζῶντος
3039 3315 3147 3368 τοῦ
3189 3318 3429 3380 Σαοὺλ,
3502 3319 3608 3370 καὶ

2243 3409 2544 3481 βασιλεῦσαι
2571 3407 2659 3459 τὸν
2685 3405 2863 3469 Δαυῒδ,
2897 3406 2995 3457 καὶ
3023 3407 3370 3478 πέπρακτο
3409 3410 3516 3461 καὶ
3552 3410 3608 3460 εἴ

2241 3503 2389 3572 ’σιροῖς
2423 3498 2478 3550 δὲ
2511 3497 2730 3566 ὕστερον
2772 3495 3005 3565 χρόνοις,
3047 3496 3210 3565 μετὰ
3265 3499 3379 3550 τὸν
3419 3498 3614 3551 θάνατ

2241 3591 2332 3645 καὶ
2381 3589 2513 3660 πρὸς
2548 3590 2657 3649 τοῖς
2703 3585 3033 3648 τελευταίοις
3087 3586 3211 3655 τῆς
3283 3589 3486 3642 αὑτοῦ
3539 3589 3613 3657 βα

2243 3677 2399 3732 Δαυῗδ
2428 3675 2525 3744 τὴν
2567 3677 2622 3726 ὲν
2653 3672 2730 3742 τῷ
2758 3679 2799 3724 ν’
2838 3675 3077 3725 ποιεῖται
3137 3674 3614 3746 ἐξομολόγησω

2244 3767 2370 3832 ταξε
2443 3765 2529 3818 διὰ
2585 3762 2681 3832 τὴν
2721 3763 2855 3830 πρὸς
2899 3763 2993 3814 τὸν
3053 3763 3156 3832 μθ’
3228 3766 3506 3838 ψαλμὸν
3576 3773 3616 3822 ἀ

2243 3855 2423 3922 ὥσπερ
2461 3847 2550 3902 οὖν
2587 3851 2678 3902 καὶ
2721 3849 3128 3902 ἀποδέδεικται.
3186 3855 3273 3905 Oi
3339 3856 3394 3907 δ’
3448 3856 3580 3908 ἀπὸ

2244 3950 2285 3997 ν’
2322 3943 2410 3994 τὸν
2458 3939 2681 4011 ἀριθμὸν
2727 3939 2918 4000 εἴκοσι,
2970 3938 3071 3990 τοῦ
3130 3942 3353 3995 Δαυϊδ
3411 3947 3611 4014 ὲπιγε

2249 4033 2405 4102 μέχρι
2435 4029 2524 4082 τοῦ
2564 4036 2602 4081 θ’
2643 4027 2702 4092 ἐξ
2743 4028 2931 4098 ὲτέρας
2963 4029 3165 4098 ἀρχῆς
3207 4032 3343 4103 τὴν
3388 4035 3606 4090 ὑπὸθε

2248 4135 2359 4171 σιν·
2405 4117 2607 4169 ἐοίκασι
2643 4116 2772 4184 γοῦν
2807 4117 2885 4169 ἔτι
2926 4117 3150 4181 ζῶντος
3207 4122 3455 4177 Σαοὺλ
3504 4128 3615 4195 sip

2245 4208 2279 4278 ἢ
2315 4204 2616 4276 βασιλεῦσαι
2642 4204 2731 4256 τὸν
2773 4205 2952 4257 Δαυῒδ.
2986 4207 3059 4258 ’Ὀ
3103 4225 3188 4261 τε
3227 4211 3387 4282 γὰρ
3434 4215 3614 4284 μετὰ

2248 4295 2438 4359 ζῶντος
2483 4295 2647 4346 Σαοὺλ
2691 4293 2881 4364 ἐλέχθη
2906 4335 2920 4357 ,
2954 4296 3056 4348 Ἐν
3117 4298 3235 4363 τῷ
3297 4303 3581 4357 ἐλθεῖν

633 4411 846 4464 vivente
883 4385 1041 4461 Saule
1068 4407 1242 4459 dictus
1271 4411 1371 4466 est,
1407 4401 1534 4456 Cum
1559 4399 1690 4453 venit
1720 4397 1849 4447 Doec
1881 4393 2138 4446 Idumaeas

2109 4412 2142 4446 εδ
2175 4388 2217 4441 D
2254 4385 2574 4452 Ἰδουμαῖον
2615 4385 2709 4436 καὶ
2745 4385 3103 4453 ἀναγγεῖλαι
3169 4388 3287 4454 τῷ
3356 4395 3614 4448 Σαοὺέ

633 4506 681 4552 et
708 4497 960 4551 nuntiavit
1005 4494 1173 4555 Sauli,
1200 4511 1260 4546 ac
1287 4494 1417 4545 dixit
1462 4493 1546 4545 ei:
1590 4487 1733 4540 Venit
1767 4481 1931 4536 David
1975 4483 2026 4534 in
2053 4483 2146 4536 do-

636 4602 775 4638 mum
802 4584 1168 4637 Abimelech“.
1213 4583 1314 4637 Sed
1341 4585 1498 4636 etiam
1525 4593 1640 4639 Llll,
1675 4583 1803 4627 tunc
1831 4574 2144 4640 pronuntia-

637 4687 722 4731 tus
745 4681 847 4738 est,
876 4673 1004 4728 Cum
1031 4675 1278 4727 venissent
1307 4673 1520 4740 Ziphwi,
1552 4677 1599 4720 et
1625 4664 1875 4716 dixissent
1897 4659 1963 4712 ad
1987 4659 2144 4715 Saul:

639 4765 821 4819 Nonne
859 4763 1024 4816 David
1051 4762 1375 4816 absconditus
1403 4771 1477 4814 est
1503 4754 1638 4824 apud
1661 4769 1750 4805 nos
1766 4750 1846 4802 "“l
1882 4748 2148 4818 Quinqua-

637 4856 870 4924 gcsimus
893 4869 1018 4907 vero
1046 4855 1262 4922 quintus
1305 4853 1382 4907 sic
1433 4846 1723 4913 inscriptus
1750 4847 1867 4893 est:
1915 4838 2041 4891 Cum
2075 4849 2149 4892 te-

638 4953 853 4997 nuerunt
880 4944 1027 4996 illum
1055 4943 1313 5012 Allophyli
1347 4943 1399 4994 in
1434 4938 1595 4992 Getlt:
1625 4945 1731 5000 quo
1763 4939 1996 4997 tempore
2015 4944 2146 4983 nun-

600 5027 606 5034 ’
639 5033 762 5084 dum
788 5034 1039 5102 regnabat
1077 5033 1261 5095 David,
1295 5029 1452 5083 Saule
1470 5020 1771 5092 superstite.
1813 5016 2147 5086 Quinquage-

640 5121 808 5176 simus
833 5131 1006 5177 autem
1039 5131 1219 5177 sextus
1242 5120 1318 5174 sic
1345 5116 1554 5169 titulum
1589 5109 1764 5165 habet,
1803 5103 1986 5168 David,
2030 5121 2144 5156 cum

641 5213 831 5280 fugeret
851 5229 881 5263 a
906 5212 1036 5279 facie
1055 5211 1184 5265 Saul
1206 5213 1254 5263 in
1285 5208 1594 5274 speluncam.
1625 5195 1878 5248 Similiter
1907 5201 1958 5245 et
1994 5208 2141 5253 Lvnt,

642 5279 860 5362 Quando
893 5301 1030 5351 misit
1061 5297 1208 5358 Saul,
1242 5296 1334 5355 ait,
1381 5299 1428 5344 et
1467 5283 1734 5338 custodivit
1766 5280 1971 5332 domum
2014 5279 2144 5346 ejus,

642 5397 700 5437 ut
743 5402 856 5440 eum
883 5389 1206 5456 interﬁceret.
1258 5373 1745 5446 Quinquagesimus
1784 5383 1907 5421 vero
1954 5383 2146 5429 nonus,

645 5473 851 5528 etiamsi
882 5487 1001 5543 post
1051 5483 1275 5527 mortem
1316 5466 1493 5521 Saulis
1549 5460 1925 5532 pronuntiatus
1968 5457 2145 5520 fuerit,

716 5621 760 5652 ‘°
795 5622 814 5673 l
846 5622 971 5690 Reg.
1001 5638 1130 5688 xxn,
1161 5621 1305 5675 9—H.
1381 5618 1420 5649 “
1461 5615 1587 5672 ibid.
1629 5613 1708 5676 18,
1739 5612 1818 5664 l9.
1894 5611 1936 5638 θ’
1971 5606 2108 5661 Psal.
2145 5623 2221 5661 xx:

1515 5615 1587 5670 id.
1629 5613 1708 5676 18,
1739 5612 1818 5664 l9.
1894 5611 1936 5638 θ’
1971 5606 2108 5661 Psal.
2145 5623 2347 5672 sunt,
2379 5611 2432 5663 2.
2510 5614 2552 5642 ⁸³
2593 5613 2608 5664 l
2643 5614 2774 5688 Reg.
2813 5634 2926 5685 xxi,
2965 5621 3018 5677 1,

2246 4475 2420 4528 Δαυῒδ
2457 4477 2541 4539 εις
2567 4474 2672 4526 τὸν
2712 4472 2878 4527 οἷκον
2919 4475 3328 4548 Ἀϐιμέλεχ.
3398 4484 3618 4537 Ἀλλᾶ

2259 4565 2351 4617 Ἐν
2393 4564 2470 4628 τῷ
2517 4563 2711 4616 ἐλθεῖν
2768 4564 2906 4628 τοὺς
2955 4567 3374 4634 Ζιφαίους,
3482 4575 3618 4626 καὶ

2247 4655 2467 4706 Σαούλ·
2517 4653 2659 4720 Οὐχὶ
2697 4652 2823 4704 ὶδοὺ
2853 4653 3034 4705 Δαυῒδ
3093 4654 3588 4724 κέκρυπται

2248 4744 2444 4813 εἴρητο.
2480 4743 2590 4793 Καὶ
2625 4745 2653 4795 ὁ
2693 4749 2733 4793 ε’
2765 4745 2823 4796 δὲ
2861 4744 2956 4796 καὶ
2982 4751 3024 4796 ν’
3045 4761 3061 4774 ⁸
3100 4747 3304 4800 "Ore
3349 4751 3618 4820 ὲκράτ

2249 4835 2303 4886 οἱ
2338 4833 2679 4900 Ἀλλόφυλοι
2727 4834 2798 4886 ἐν
2837 4834 2976 4898 Γὲθ,
3016 4836 3618 4910 ἐπιγέγραπται

2248 4918 2396 4984 οὗτος
2427 4931 2454 4980 ὁ
2489 4924 2674 4992 χρόνος
2719 4925 2747 4975 ὁ
2789 4924 2892 4994 πρὸ
2939 4925 3043 4994 τῆς
3096 4927 3511 4996 βασιλείας
3580 4955 3618 4989 ιτ

2248 5010 2337 5062 τοῦ
2373 5012 2538 5063 Σαοὺλ
2577 5013 2855 5081 περιόντος
2883 5013 2962 5083 τῷ
3000 5014 3146 5085 βίῳ,
3207 5020 3352 5071 καὶ
3405 5025 3448 5074 ὁ
3515 5041 3618 5074 υς

2254 5101 2337 5165 Τῷ
2369 5103 2562 5165 Δαυῒδ,
2589 5104 2658 5155 ἐν
2679 5102 2758 5168 τῷ
2793 5105 2978 5156 αὐτίῖν
3006 5106 3572 5177 ἀποδιδράσκ,
3591 5133 3618 5167 ε

2247 5189 2405 5244 ὠπου
2459 5192 2655 5246 Σαοὺλ
2705 5196 2792 5259 είς
2834 5194 2898 5246 τὸ
2947 5196 3394 5263 σπήλαιον.
3465 5202 3554 5254 Ὠ
3583 5223 3618 5256 <2

2251 5287 2358 5350 νη¹ο
2388 5281 2616 5346 Ὁπότε,
2659 5285 2845 5353 φησὶν,
2888 5285 3299 5344 ἀπέστειλε
3360 5297 3606 5350 Σ-αοέ

2251 5369 2396 5432 dalis
2423 5370 2528 5423 τὸν
2557 5368 2725 5426 οἷκον·
2751 5375 2958 5440 αὐτοῦ,
2998 5378 3135 5432 τοῦ
3195 5385 3584 5438 Barceth

2254 5474 2314 5524 γε
2355 5458 2459 5528 μὴν
2504 5461 2670 5523 νϐ’,εἰ
2703 5466 2798 5517 καὶ
2851 5465 2992 5535 μετὰ
3036 5468 3164 5522 τὸν
3234 5472 3572 5529 Θάνατοκ

3119 5627 3187 5658 ⁸⁵
3252 5627 3463 5683 ibid.
3519 5629 3554 5681 1
