3812 6358
645 357 747 410 4η
1304 349 1562 406 EUSEBII
1599 343 2064 401 CESARIENSIS
2099 342 2244 398 OPP.
2278 339 2452 394 PARS
2489 338 2576 394 Ill.
2613 365 2685 380 -
2719 318 3140 396 EXEGETICA:
3535 333 3592 395 ω)

660 477 839 528 luisse.
890 479 1068 527 Potest
1099 469 1256 524 etiam
1295 467 1421 528 dici,
1451 481 1515 520 ex
1556 462 1766 518 sublimi
1799 461 1993 530 pietate
2017 459 2165 513 Davi-

2095 460 2172 513 vi-
2200 464 2244 519 Α
2273 457 2390 510 καθ’
2419 452 2710 524 ὑπερϐολὴν
2734 450 3007 508 εὐλαϐείας
3035 443 3236 516 πρώτας
3259 446 3392 530 ἔταττε
3415 439 3481 530 τὰς
3500 441 3593 508 titur

659 566 772 619 dem
804 563 1166 617 confessiones
1196 570 1321 611 suas
1349 557 1549 624 primas
1569 553 1839 614 statuisse,
1861 553 1984 620 quia
1997 551 2164 619 justu:

2086 560 2174 603 :tus
2270 547 2510 614 λογήσεις
2543 539 2757 593 ἑαυτοῦ
2793 534 3021 599 Ἐπειδὴ
3055 533 3256 593 δίκαιος
3283 529 3434 582 ἑαυτοῦ
3463 532 3591 598 κατήττ

661 655 708 707 in
739 653 987 721 principio
1015 647 1262 702 sermonis
1292 653 1565 698 accusator
1591 652 1666 696 est
1693 643 1774 696 sui
1789 643 1852 694 °".
1877 641 2007 695 Cum
2030 648 2166 694 tanta

2090 657 2117 694 ιι
2126 650 2177 693 ta
2264 653 2370 705 ρος
2391 635 2457 687 ἐν
2479 629 2853 699 πρωτολογίᾳ.
2879 626 3040 678 Ἀλλὰ
3060 621 3290 675 τοσούτων
3306 620 3399 687 ἡμῖν
3415 620 3595 691 dum:

661 758 816 812 porro
846 743 911 794 de
935 739 1120 793 ordine
1163 735 1487 804 psalmorum
1521 747 1550 786 a
1575 734 1728 787 nobis
1759 732 2022 800 exquisita
2063 731 2178 784 fue—

2271 725 2504 778 δοθείσαν
2543 720 2692 782 τάξιν
2734 714 3212 786 γεγυμνασμένων,
3251 708 3387 777 καιρὸς
3407 708 3479 777 ήδη
3500 711 3590 762 xuii

661 794 790 891 rint,
834 831 944 896 jam
967 837 1173 895 tempus
1199 835 1281 882 est
1303 826 1369 880 ad
1391 824 1692 895 propositas
1723 837 1773 874 ιι
1808 821 1995 890 psalmi
2021 834 2166 873 voces

1952 821 1995 874 ni
2021 834 2183 873 voces
2272 815 2366 878 τὰς
2395 809 2754 881 προκειμένας
2784 805 2969 874 φωνὰς
2995 801 3089 853 τοῦ
3126 805 3197 852 να¹
3227 794 3457 865 παρελθεῖν.

662 921 927 974 accedere.

724 1009 845 1063 Haec
893 1009 1072 1078 itaque
1120 1008 1345 1070 scribit,
1381 1021 1503 1061 eum
1538 1005 1846 1060 edidicisset
1885 1019 2002 1073 quae
2040 1002 2180 1056 Doce

2341 994 2539 1064 Γράφει
2581 989 2753 1042 τοίνυν
2788 988 2913 1050 τοὺς
2959 980 3316 1056 προκειμένους
3353 978 3506 1046 λόγους,
3535 979 3596 1048 psi

661 1099 844 1168 Syrus,
864 1098 1083 1152 structis
1098 1105 1282 1151 contra
1302 1111 1359 1150 se
1379 1095 1683 1156 calumniis,
1698 1101 1952 1162 gesserat.
1985 1091 2166 1157 Quam-

2089 1107 2180 1144 un-
2274 1089 2428 1140 ὁποῖα
2459 1084 2776 1154 διεπράξατο
2817 1079 2973 1150 Δωὴκ
3004 1080 3033 1131 6
3076 1076 3232 1146 Σύρος
3267 1075 3311 1124 ὲν
3340 1075 3428 1134 ταῖς
3449 1075 3531 1126 κατ’
3554 1075 3594 1124 αὖ

661 1162 836 1244 obrem
875 1203 973 1243 ceu
1017 1188 1190 1256 ipsum
1238 1187 1518 1254 alloquens
1546 1185 1657 1238 ait:
1692 1184 1828 1249 Quid
1859 1182 2098 1253 gloriaris
2126 1185 2166 1233 ir

2087 1185 2180 1234 sin
2276 1177 2558 1238 διαϐολαῖς.
2609 1174 2698 1226 Διὸ
2745 1172 2819 1234 ὡς
2864 1169 3000 1240 πρὸς
3041 1167 3196 1220 αὑτὸν
3240 1164 3496 1256 ἀποτείνεται
3527 1162 3590 1230 liv.

661 1279 890 1342 malitia,
931 1279 1020 1348 qui
1048 1288 1224 1343 potens
1270 1277 1364 1330 es?
1413 1278 1523 1329 sive
1552 1276 1711 1328 etiam
1739 1274 2004 1328 diabolum
2038 1287 2182 1325 com-

662 1371 835 1439 pellat,
867 1370 958 1436 qui
988 1369 1040 1421 in
1070 1369 1184 1436 ipso
1218 1366 1560 1435 operabatur.
1607 1363 1724 1417 Non
1751 1363 2022 1418 nesciebat
2042 1363 2183 1416 enim

662 1460 803 1510 illum
843 1458 942 1511 sibi
978 1472 1188 1525 semper
1219 1456 1579 1509 adversarium
1611 1470 1762 1513 esse.
1789 1461 1841 1508 et
1872 1452 2086 1506 assidue
2127 1466 2186 1504 se

662 1561 985 1614 unpugnure,
1030 1546 1186 1598 modo
1213 1561 1306 1613 per
1331 1543 1568 1604 Saulem,
1616 1546 1774 1596 modo
1809 1557 1904 1610 per
1931 1541 2182 1601 Doecum,

663 1649 720 1688 ac
749 1638 1058 1703 plerumque
1079 1635 1302 1686 aliorum
1336 1633 1654 1687 ministerio.
1705 1631 1805 1696 Qui
1835 1646 1961 1701 ergo
1994 1632 2050 1684 in
2075 1644 2188 1683 ma-

663 1724 772 1776 litia
807 1723 1070 1784 infirmus,
1104 1724 1367 1776 invalidus
1398 1737 1461 1775 ac
1487 1722 1677 1776 debilis
1709 1729 1823 1786 est,
1849 1736 1968 1775 cum
2004 1721 2187 1774 melio-

2284 1267 2342 1318 Τί
2384 1261 2641 1333 ἐγκαυχᾷ
2680 1262 2750 1314 ἐν
2773 1260 2970 1324 κακίᾳ,
3009 1261 3041 1310 ό
3079 1255 3339 1317 δυνατός;
3363 1245 3474 1322 ἢ’ὼς
3499 1253 3590 1322 πρὸς

2280 1358 2638 1427 ὲνεργήσαντα
2682 1355 2738 1404 ὲν
2786 1350 2936 1420 αὑτῷ
2984 1349 3240 1401 διάϐολον.
3277 1348 3334 1398 Oti
3367 1345 3448 1414 γὰρ
3469 1347 3594 1414 ἠγνόει

2281 1447 2502 1500 πάντοτε
2549 1442 2694 1512 αὑτῷ
2731 1441 3124 1511 ἀντικείμενον,
3171 1439 3264 1491 καὶ
3304 1436 3373 1489 διὰ
3405 1437 3550 1497 παντὸς
3581 1454 3596 1488 σ

2283 1533 2628 1603 πολεμοῦντα,
2659 1531 2788 1583 ποτὲ
2821 1530 2918 1599 μὲν
2951 1528 3041 1582 διὰ
3073 1526 3164 1580 τοῦ
3189 1526 3363 1587 Σαοὺλ,
3382 1525 3470 1577 νυνὶ
3489 1524 3529 1576 δὲ
3549 1524 3596 1576 ini

2283 1626 2454 1694 Δωὴκ,
2486 1625 2574 1676 καὶ¹
2598 1623 2780 1676 ἄλλοτε
2811 1621 2984 1682 ἄλλως
3017 1619 3085 1670 δι’
3119 1617 3332 1688 ἑτέρων.
3361 1617 3406 1668 '0
3434 1615 3505 1685 μὲν
3533 1610 3596 1666 οὖν

2284 1730 2436 1775 νατος
2469 1713 2557 1764 καὶ
2581 1712 2761 1772 ἄτονος
2794 1709 2887 1760 καὶ
2924 1706 3107 1773 ὀλίγος
3150 1706 3207 1756 ὲν
3248 1702 3410 1773 κακίᾳ,
3437 1700 3596 1762 πλεονάζ

665 1827 745 1866 res
773 1813 825 1864 in
853 1813 968 1880 ipso
999 1825 1173 1864 mores
1207 1813 1546 1880 pnevaleant,
1597 1819 1780 1879 utpote
1811 1813 1904 1880 qui
1945 1810 1998 1862 in
2041 1809 2170 1862 mali-

2097 1809 2188 1862 θη.
2215 1793 2258 1851 Β
2285 1805 2341 1855 ὲν
2369 1801 2512 1869 αὐτῷ
2545 1801 2636 1852 τοῦ
2670 1799 2976 1869 κρείττονος
3003 1796 3230 1866 τρόπου,
3269 1794 3339 1856 ὡς
3363 1793 3414 1847 ἂν
3442 1793 3595 1846 ἀσθενές

665 1902 733 1954 tia
776 1901 1033 1956 inﬁrmior
1062 1902 1164 1964 sit,
1206 1902 1330 1955 dum
1377 1910 1562 1969 peccat
1615 1916 1736 1955 sese
1781 1899 2105 1963 occultabit,
2134 1905 2187 1952 et

665 1998 925 2060 pungente
948 1993 1276 2046 conscientia
1304 1991 1530 2047 fortasse
1560 1992 1857 2060 resipiscet,
1885 1998 2044 2058 atque
2075 2004 2189 2041 ma-

665 2078 786 2139 litiae
825 2100 935 2138 suae
971 2085 1264 2140 remedium
1297 2101 1390 2155 per
1417 2085 1808 2139 confessionem
1841 2097 1901 2135 ac
1927 2083 2187 2136 sinceram

669 2178 1023 2246 pmnitentiam
1053 2177 1392 2245 exeogitabit.
1428 2174 1533 2229 Sed
1562 2175 1652 2243 qui
1683 2180 1874 2243 potens
1905 2177 1990 2225 est
2013 2173 2066 2223 in
2090 2169 2191 2221 ini-

668 2265 896 2333 quitate,
926 2265 980 2316 in
1017 2264 1132 2333 ipsa
1162 2263 1403 2332 superbit
1433 2272 1486 2318 et
1516 2262 1807 2332 gloriatur,
1832 2268 1886 2315 et
1911 2260 2064 2330 quasi
2085 2273 2194 2311 ma-

669 2369 768 2426 gno
801 2355 945 2409 edito
971 2353 1208 2408 facinore
1228 2368 1348 2407 sese
1387 2360 1637 2406 ostentat.
1686 2350 1763 2403 Ac
1804 2351 2011 2403 videtur
2039 2346 2191 2410 mihi,

670 2461 719 2498 In
747 2444 993 2513 prasenti
1017 2458 1261 2497 sermone
1289 2441 1614 2495 contrarium
1641 2439 1870 2494 describi
1894 2452 2114 2500 morem,
2144 2435 2194 2489 ei

670 2534 754 2600 qui
787 2533 840 2585 in
869 2533 1072 2601 psalmo
1101 2547 1130 2584 L
1159 2533 1225 2584 de
1270 2532 1556 2586 confitente
1603 2531 1936 2598 designatur.
1998 2524 2056 2580 In
2104 2526 2196 2579 illo

671 2638 896 2691 namque
942 2622 1032 2690 qui
1078 2621 1243 2676 semel
1290 2621 1344 2674 in
1392 2622 1650 2674 malitiam
1692 2621 1875 2688 lapsus
1927 2624 2061 2684 erat,
2095 2618 2196 2670 ali-

672 2710 881 2779 quando
915 2708 1293 2777 resipiseebat,
1325 2722 1387 2760 ac
1416 2723 1534 2761 sese
1581 2707 1883 2761 macerabat
1909 2706 1961 2758 in
1987 2703 2198 2759 confes-

673 2802 842 2860 sione,
894 2811 1096 2865 suaque
1137 2794 1285 2849 mala
1337 2794 1585 2852 deflebat.
1639 2794 1709 2848 At
1737 2796 1785 2849 ei
1811 2794 1876 2849 de
1904 2809 2010 2863 quo
2057 2809 2200 2848 nunc

673 2905 867 2951 sermo,
899 2890 954 2942 in
978 2888 1178 2942 malitia
1202 2889 1411 2960 degenti
1433 2887 1632 2943 dicitur
1661 2905 1674 2942 :

742 2979 898 3034 Vens.
965 2980 1073 3034 7-9.
1135 2979 1202 3033 Et
1263 2981 1437 3033 eradet
1490 2987 1536 3032 te
1583 2977 1666 3041 de
1701 2975 2030 3031 tabernaculo
2091 2983 2207 3037 tuo,

675 3080 716 3126 et
746 3070 1025 3124 eradicabit
1081 3080 1128 3124 te
1158 3071 1219 3123 de
1257 3079 1395 3124 terra
1435 3070 1705 3124 viventium
1751 3069 1805 3120 iu
1835 3075 2109 3127 wternum;
2147 3072 2203 3116 ut

675 3161 914 3216 videntes
957 3163 1090 3230 justi
1172 3176 1381 3230 semper
1427 3161 1682 3221 timeant,
1733 3159 2011 3228 ipsumque
2061 3155 2202 3210 deri-

673 3251 860 3313 deant,
897 3265 957 3303 ac
991 3252 1171 3303 dicant
1202 3270 1215 3304 :
1253 3251 1382 3304 Ecce
1409 3250 1579 3311 homo,
1602 3248 1690 3318 qui
1715 3265 1815 3300 non
1842 3247 2009 3314 posuit
2039 3244 2202 3298 Deum

674 3348 907 3399 virtutem
935 3361 1116 3406 suam,
1164 3343 1250 3397 sed
1295 3345 1515 3410 speravit
1566 3342 1618 3393 in
1644 3338 1967 3392 multitudine
1993 3336 2204 3390 divitia-

675 3451 790 3488 rum
836 3450 1071 3495 suarum,
1117 3444 1165 3486 et
1197 3434 1465 3502 prwvaluit
1513 3432 1568 3483 in
1613 3430 1910 3483 calamitate
1936 3444 2051 3480 sua.
2084 3426 2204 3480 Haec

676 3540 834 3595 porro
860 3525 1014 3593 quasi
1043 3525 1108 3578 de
1137 3523 1276 3577 Doec
1305 3523 1445 3576 dicta
1473 3531 1617 3582 sunt,
1648 3521 1737 3588 qui
1771 3534 1960 3588 genere
1992 3517 2204 3587 quidem

679 3613 848 3682 Syrus
889 3618 1025 3674 erat,
1055 3611 1148 3666 sed
1190 3611 1245 3663 in
1276 3612 1452 3664 medio
1481 3609 1690 3664 Israclis
1723 3608 2063 3670 versabatur;
2099 3606 2206 3658 imo

679 3702 906 3755 fortasse
930 3701 1071 3768 piam
1095 3699 1400 3768 religionem
1435 3699 1713 3759 simulans,
1745 3711 1848 3750 una
1879 3711 1998 3749 cum
2031 3694 2208 3747 multi-

681 3791 865 3844 tudine
912 3791 966 3843 in
1011 3788 1409 3841 tabernaculum
1442 3787 1529 3841 Dei
1561 3794 1916 3840 concesserat.
1979 3785 2040 3837 Et
2080 3800 2208 3838 sane

682 3881 822 3935 dicta
846 3890 971 3936 sunt
999 3881 1182 3933 ist.th
1212 3879 1275 3931 ad
1319 3893 1580 3948 quemque
1607 3879 1657 3929 in
1689 3877 1890 3929 malitia
1919 3883 2204 3945 potentem,

683 3971 769 4039 qui
798 3971 973 4038 lingua
1005 3983 1100 4038 pro
1137 3967 1312 4037 gladio
1357 3974 1534 4018 utatur
1584 3963 1648 4016 a'd
1690 3963 1984 4016 animarum
2031 3963 2209 4031 perni-

683 4061 836 4123 ciem,
861 4074 1015 4129 quem
1045 4073 1140 4112 ceu
1165 4057 1446 4126 quamdam
1481 4068 1714 4106 amaram
1743 4062 1796 4106 et
1819 4053 2094 4105 exitiosam
2118 4068 2206 4105 ra-

683 4149 876 4213 dicem,
903 4150 1199 4201 animarum
1234 4144 1465 4214 agricola
1494 4142 1710 4206 evellet,
1736 4141 1942 4194 etiamsi
1969 4139 2210 4194 videatur

684 4239 747 4292 ad
785 4239 943 4292 breve
977 4246 1183 4304 tempus
1224 4235 1277 4286 in
1318 4232 1661 4286 tabernaculo
1692 4230 1781 4285 Dei
1806 4237 1857 4283 et
1892 4231 1945 4282 in
1974 4229 2208 4283 Ecclesia

685 4331 851 4400 ipsius
879 4329 1150 4398 plantatus
1183 4323 1366 4378 fuis‘se.
1433 4321 1660 4376 Evulsus
1695 4327 1868 4374 autem
1903 4320 2023 4372 talis
2052 4320 2208 4373 homo

2288 1895 2345 1945 ὲν
2375 1891 2556 1960 κακίᾳ,
2583 1887 2942 1957 ὲγκαλύψεται
2973 1887 3328 1955 ἁμαρτάνων,
3354 1885 3428 1936 καὶ
3448 1883 3527 1935 ὑπὸ
3548 1882 3594 1950 τῆ

2289 1983 2540 2052 ειδήσεως
2590 1980 2978 2048 κεντούμενος,
3039 1977 3412 2046 μετανοήσειεν
3452 1974 3528 2035 ἂν,
3562 1989 3596 2024 κε

2290 2068 2476 2124 ἑαυτοῦ
2513 2069 2704 2130 κακίας
2734 2068 3114 2138 περινοήσειεν
3149 2064 3332 2135 ἐαυτῷ
3358 2063 3578 2134 φάρμακον

2291 2159 2651 2230 ομολογήσεως
2684 2157 2775 2209 καὶ
2804 2155 3136 2226 εἰλικρινοῦς
3162 2153 3460 2224 μετανοίας·
3480 2150 3562 2203 ὁδε
3585 2150 3596 2200 i

2293 2253 2348 2302 ὲν
2375 2249 2540 2317 κακίᾳ
2559 2247 2814 2314 τυφοῦται
2847 2247 2933 2296 ἐπ’
2961 2245 3131 2315 αὐτῇ,
3165 2246 3263 2297 καὶ
3299 2243 3585 2312 ὲγκαυχᾶται,

2297 2340 2509 2410 μεγάλῳ
2539 2337 2917 2408 κατορθώματι
2969 2337 3400 2406 σεμνυνόμενος.
3435 2333 3519 2385 Καί
3551 2348 3596 2400 μι

2292 2429 2382 2481 τὸν
2429 2427 2663 2481 ἐναντίον
2701 2427 2899 2496 τρόπον
2945 2426 3289 2495 διαγράφειν
3332 2428 3357 2478 6
3386 2422 3530 2494 παρὼν
3559 2421 3596 2472 λι

2296 2515 2906 2586 προεξομολογησαμένῳ
2941 2517 3000 2567 ὲν
3026 2513 3112 2583 τῷ
3145 2522 3189 2567 vt
3227 2513 3518 2586 ψαλμῴ.Ὲν
3538 2513 3596 2562 ενι

2296 2608 2401 2678 γὰρ
2441 2605 2722 2674 ὀλισθήσας
2770 2609 2827 2658 ὲν
2878 2605 3057 2675 κακίᾳ
3104 2605 3287 2670 ἅπαξ,
3334 2604 3450 2658 ποτὲ
3486 2617 3594 2671 μετε-

2298 2701 2388 2752 καὶ
2414 2698 2596 2751 ἑαυτὸν
2628 2697 2852 2749 ἔκοπτεν
2885 2695 3421 2767 ἐξομολογούμενος,
3455 2693 3531 2747 καὶ
3562 2709 3594 2743 τ.

2299 2788 2441 2839 κακὰ
2471 2783 2870 2854 ἀποκλειόμενος
2901 2783 3023 2853 (sic)
3045 2800 3060 2813 °
3094 2786 3126 2837 6
3171 2785 3238 2839 δὲ
3282 2782 3465 2857 παρὼν
3501 2784 3546 2835 ὲν
3586 2797 3596 2831 ι

2299 2891 2428 2946 φησι
2449 2891 2464 2907 ’

2367 2965 2476 3019 Καὶ
2540 2964 2832 3028 ἀποξύσει
2882 2980 2960 3018 σε
3027 2966 3162 3020 ἀπὸ
3205 2969 3338 3036 τῆς
3395 2965 3594 3034 σκηνῆς

2293 3056 2517 3126 ριζώσει
2543 3069 2616 3108 σε
2654 3056 2720 3109 ἐκ
2755 3053 2866 3123 τῆς
2908 3054 3152 3115 ζώντων
3184 3061 3418 3114 εισαείο
3445 3060 3521 3111 ἵνα
3545 3055 3594 3107 δίτ

2301 3163 2488 3208 ποντες
2523 3147 2609 3198 ἀεὶ
2642 3145 2929 3214 φοϐῶνται,
2963 3147 3063 3200 καὶ
3102 3151 3506 3219 καταγελῶσιν
3529 3148 3596 3200 αὺί

2300 3254 2413 3300 τεςο
2451 3236 2592 3290 Ἰδοὺ
2642 3237 2948 3303 ἄνθρωπος
2971 3276 2987 3300 ,
3048 3237 3124 3304 ὃς
3166 3242 3254 3294 οὐ
3313 3241 3578 3311 προέθετο

2304 3328 2482 3396 ἰσχὺν
2520 3326 2733 3380 αὐτοῦ’
2783 3328 2921 3380 ἀλλ’
2971 3328 3396 3399 ἐπεποίθησε
3439 3330 3512 3395 τῷ
3555 3341 3592 3380 π

2302 3418 2561 3470 πλούτου
2601 3415 2803 3476 αὑτοῦ,
2837 3417 2937 3469 καὶ
2976 3417 3396 3487 ἐνισχυρεύο
3409 3438 3506 3475 ατο
3533 3415 3594 3483 τῇ

2303 3505 2530 3559 ἑαυτοῦ.
2553 3505 2810 3557 Λέλεκται
2837 3505 2894 3556 δὲ
2923 3505 3103 3559 ταῦτα
3153 3509 3247 3572 ὡς
3282 3512 3444 3582 πρὸς
3476 3510 3557 3563 τὸν

2307 3597 2403 3666 μὲν
2429 3595 2594 3666 Σύρον
2624 3595 2683 3646 τὸ
2707 3595 2880 3662 γένος,
2912 3596 3459 3671 ἀναστρεφόμενον
3491 3600 3543 3651 δὲ
3569 3599 3589 3648 ἐ

2317 3686 2525 3758 Ἰσραήλ
2544 3701 2557 3715 ’
2587 3687 2678 3738 καί
2712 3702 2813 3738 που
2843 3686 2986 3756 τάχα
3035 3689 3150 3740 καὶ.⁴
3179 3692 3596 3761 παραδὰλλοντ

2305 3777 2536 3848 πλήθους
2555 3779 2631 3839 εἰς
2658 3777 2756 3845 τὴν
2783 3779 2987 3848 σκηνὴν
3013 3779 3112 3832 τοῦ
3150 3782 3358 3846 Θεοῦ,
3401 3781 3588 3838 θεοσεϐ

2305 3867 2633 3938 ποιούμενον.
2663 3867 2926 3919 Λέλεκται
2960 3868 3017 3920 δὲ
3069 3871 3178 3923 καὶ
3222 3876 3406 3944 πρὸς
3453 3875 3593 3928 πὰντ..

2305 3960 2398 4029 κίᾳ
2435 3957 2672 4020 δυνατὸν,
2705 3960 2771 4026 τῇ
2814 3957 3038 4031 γλώσσῃ
3079 3960 3445 4032 χρώμενον
3489 3965 3593 4018 ἀντῪ

2305 4049 2486 4119 ψυχῶν
2514 4048 2773 4118 ἀπωλείᾳ,
2804 4048 2993 4119 ὥσπερ
3025 4053 3163 4104 τινὰ
3216 4061 3486 4128 πικρὰν
3514 4057 3590 4110 καὶ

2309 4143 2478 4213 ῥίζαν,
2507 4143 2534 4192 6
2565 4140 2669 4193 τῶν
2697 4141 2882 4210 ψυχῶν
2910 4143 3169 4210 γεωργὸς
3223 4147 3523 4211 ὲκτῖλαι,
3548 4151 3594 4200 xi

2311 4231 2508 4303 βραχύν
2535 4249 2652 4284 τινα
2684 4232 2870 4301 χρόνον
2912 4233 2970 4284 ὲν
3010 4232 3090 4302 τῷ
3129 4238 3545 4310 σκηνώματι
3585 4256 3592 4270 .

2309 4329 2365 4378 ἐν
2393 4327 2458 4396 τῇ
2499 4323 2786 4394 Ἐκκλησία
2811 4323 2974 4377 αὑτοῦ
3018 4328 3520 4394 πεφυτεῦσθαι,
3561 4329 3596 4379 Ἴ

685 4436 746 4474 ac
777 4419 962 4491 procu‘l
991 4415 1330 4471 tabernaculo
1380 4420 1684 4467 sanctorum
1715 4411 1936 4480 ejectus,
1969 4410 2023 4462 in
2049 4407 2190 4463 mise‘

2088 4407 2211 4463 iise—
2239 4431 2282 4486 ι)
2306 4411 2361 4463 δὲ
2386 4413 2414 4464 6
2442 4409 2674 4471 τοιοῦτος
2703 4412 2795 4462 καὶ
2832 4411 3048 4482 μακρὰν
3082 4415 3522 4489 ἀπορριφεὶς
3549 4436 3593 4471 τι

686 4513 852 4566 rabile
876 4509 1229 4579 spectaculum
1260 4513 1483 4576 ponetur
1504 4503 1570 4557 ad
1599 4504 1876 4556 utilitatem
1906 4511 1957 4555 et
1981 4502 2208 4570 castiga-

687 4605 888 4658 tionem
913 4599 1198 4654 videntium
1248 4615 1261 4651 :
1317 4596 1406 4667 qui
1445 4595 1676 4649 terribile
1702 4593 1792 4647 Dei
1821 4593 2076 4646 adversus
2103 4591 2204 4643 liu-

687 4692 917 4763 jusmodi
960 4691 1225 4744 hominem
1252 4687 1510 4758 judicium
1537 4685 1706 4739 oculis
1741 4683 2092 4751 percipientes
2112 4721 2126 4744 ,
2155 4681 2206 4733 id

687 4784 975 4842 curabunt,
1011 4781 1061 4835 id
1109 4778 1393 4839 cavebant,
1429 4784 1487 4830 ut
1526 4791 1591 4829 ue
1639 4775 1694 4828 in
1743 4773 1893 4842 paria
1945 4771 2204 4825 incidant.

689 4869 886 4926 Deinde
921 4869 1192 4937 pristinam
1224 4867 1452 4935 potentis
1489 4865 1540 4919 in
1582 4866 1777 4920 malitia
1810 4867 2160 4935 arrogantiam
2180 4903 2196 4929 ,

653 4959 1060 5042 Esublitnitatem
1108 4967 1158 5011 et
1212 4958 1510 5026 superbiam
1569 4957 1820 5011 meuiOria
1875 4965 2198 5024 repetentes,

689 5059 850 5118 atque
890 5051 1217 5104 advertentt-s
1247 5065 1384 5112 eam,
1418 5065 1534 5118 quae
1573 5059 1750 5116 postea
1791 5048 1958 5116 ipsum
1987 5047 2196 5106 invasit,

693 5138 1038 5207 abjectionem
1065 5153 1126 5190 ac
1148 5141 1454 5205 perniciem,
1473 5137 1576 5191 risu
1601 5137 1816 5205 dignum
1843 5136 2199 5198 aestunabunt,

690 5229 1091 5283 considerantes
1111 5245 1173 5283 ex
1197 5229 1444 5298 qualibus
1471 5227 1526 5280 in
1549 5226 1726 5296 qualia
1753 5224 2040 5291 deciderit;
2067 5224 2212 5292 judi-

695 5318 834 5373 cium
869 5319 960 5374 Dei
1003 5319 1331 5388 probabunt,
1366 5320 1677 5389 justumque
1723 5333 1842 5373 esse
1884 5315 2209 5372 fatebuntur.

699 5405 808 5459 Sub
828 5407 940 5460 haec
968 5408 1324 5463 calamitatum
1348 5409 1496 5480 impii
1539 5424 1730 5465 causas
1769 5405 2096 5476 expendent,
2131 5419 2212 5460 re-

697 5502 839 5548 ctum
890 5511 1010 5551 esse
1046 5497 1302 5565 judicium
1355 5501 1449 5557 Dei
1487 5503 1853 5570 pmdicantes.
1895 5496 2213 5568 Oportuerat

771 5663 812 5695 "’
852 5663 1005 5719 Prov.
1046 5683 1172 5720 svnt
1198 5710 1210 5734 ,
1248 5671 1330 5725 Π,

2310 4499 2690 4571 σκηνώματος,
2740 4500 2916 4570 θέαμα
2967 4503 3250 4558 κείσεται
3318 4511 3596 4584 οἰκτρὸν

2309 4593 2401 4643 καὶ
2431 4590 2786 4659 σωφρονισμῷ
2813 4591 2919 4643 τῶν
2951 4592 3275 4662 ὁρώντων,
3311 4602 3419 4665 οἳ,
3472 4603 3581 4672 τὴν

2308 4679 2439 4732 Θεοῦ
2467 4679 2602 4733 κατὰ
2633 4681 2726 4732 τοῦ
2754 4681 2994 4734 τοιούτου
3024 4684 3243 4754 κρίσιν
3281 4691 3596 4762 ὀφθαλμι

2307 4789 2430 4835 τες,
2468 4771 2824 4838 ἀγωνιάσουσι
2880 4773 2975 4826 καὶ
3018 4776 3456 4843 φυλάξονται
3526 4784 3594 4855 μὶ

2309 4865 2638 4933 περιπεσεῖν.
2681 4859 2814 4915 Εἶτα
2852 4863 3266 4936 ἀναφέροντες
3305 4876 3407 4945 τῇ
3461 4876 3595 4946 μ.νὴ

2312 4970 2408 5024 ραν
2455 4953 2544 5004 τοῦ
2587 4952 2809 5006 δυνατοῦ
2849 4957 2907 5007 ὲν
2942 4957 3119 5030 κακίᾳ
3165 4965 3596 5037 μεγαλαυχί

2312 5045 2402 5098 καὶ
2431 5044 2527 5114 τὴν
2555 5045 2932 5117 ὑπερηφανίαν
2959 5049 3170 5112 αὐτοῦ,
3208 5055 3556 5123 ὁρῶντες
3583 5057 3596 5104 i

2311 5134 2480 5188 ταῦτα
2519 5134 2882 5204 μετελθοῦσαν
2923 5137 3096 5192 αὑτὸν
3139 5144 3596 5200 ταπείνωσίη

2307 5225 2474 5287 λειαν,
2517 5227 2923 5294 καταγέλαστον
2968 5232 3146 5284 αὐτὸν
3217 5236 3596 5306 ἡγήσοντι

2306 5309 2391 5367 οἷα
2427 5315 2819 5383 μεταπέπτωκε
2845 5317 3165 5388 Θεωμενοισ
3209 5323 3596 5392 ἀποδέξειν

2307 5406 2403 5475 τὴν
2432 5404 2632 5474 κρίσιν,
2662 5407 2880 5461 δικαίαν
2930 5411 3116 5484 αὐτὴν
3169 5409 3377 5470 εἶναι
3440 5419 3596 5488 ὁμο

2310 5497 2399 5548 καὶ
2429 5496 2526 5558 τὰς
2559 5499 2740 5564 αίτίας
2776 5501 3210 5573 διελεύσονται,
3261 5509 3359 5562 δι’
3428 5511 3529 5575 ἃς
3587 5532 3592 5546 ⁴
