3812 6356
102 452 173 503 ws
1316 424 1804 485 COMMENTARIA
1839 428 1903 484 IN
1948 427 2278 485 PSALMOS.

3277 427 3376 482 £50

118 511 812 611 ἰδίισεϐηςζδιξιαιοῦντες
850 536 967 607 τὴν
998 541 1091 593 τοῦ
1122 538 1253 593 Θεοῦ
1285 541 1476 611 κρίσιν.
1503 540 1628 592 Δέον
1652 538 1755 611 γὰρ

1863 539 1995 593 enim
2035 554 2141 593 non
2186 548 2294 593 tam
2335 538 2508 594 efferri
2551 539 2617 595 de
2641 539 2870 602 divitiis,
2902 554 3000 594 nec
3045 538 3111 593 de
3145 548 3378 593 vanitate

138 600 305 703 Atta
337 600 588 703 4906“?
611 615 779 684 μέγα
807 600 1068 693 φρονεῖν,
1096 627 1211 697 μηδ’
1236 600 1411 697 ἐπὶ-τῇ
1449 600 1759 698 ματαιότητι

151 694 229 769 κᾷτα
256 694 530 771 παρδντος
568 700 706 772 βίου
762 694 1107 785 ἐπαίρεσθαι
1132 694 1165 778 ,⁷
1204 694 1461 786 μόνον
1501 718 1588 769 τὸν
1632 694 1759 769 Θεὸν

174 806 341 854 mese
365 790 460 843 καὶ
486 790 703 865 βοηθὸν
739 801 928 856 αὑτοῦ
968 806 1225 866 τίθεσθαι.
1257 808 1349 859 καὶ
1370 806 1459 857 ἐπὶ
1491 805 1656 877 ταύτῃ
1688 807 1759 875 μὴ

177 892 401 945 σαλεύειν
437 886 510 955 τῇ
544 886 734 940 ἑλπίδι
757 906 773 920 ·
827 895 859 944 ὁ
908 894 966 945 δὲ
1015 896 1110 963 τὴν
1146 896 1239 964 μὲν
1277 896 1477 965 ἀγαθὴν
1523 896 1759 965 ἄγκυραν

178 983 265 1050 τῆς
317 974 516 1034 ἑαυτοῦ
576 976 768 1048 ψυχῆς
822 983 1244 1045 καταλέλοιπεν,
1300 985 1392 1036 ἐπὶ
1448 985 1652 1053 ματαίῳ
1705 984 1759 1036 δὲ

172 1073 399 1137 πλούτῳ
455 1068 555 1129 τὰς
617 1068 851 1133 ὲλπίδας
920 1072 1258 1141 ἀναρτήσας,
1307 1071 1488 1122 ἑαυτὸν
1542 1069 1756 1133 ἔπαιξε,

190 1162 358 1214 πλέον
399 1159 544 1212 οὐδὲν
577 1160 612 1229 ἢ
660 1160 883 1228 γέλωτα
932 1162 1168 1229 ὀφλήσας
1211 1162 1300 1212 ἐπὶ
1338 1163 1401 1230 τῇ
1455 1160 1613 1213 αὐτοῦ
1658 1177 1758 1229 μα-

190 1251 332 1320 ταία
361 1252 443 1302 καὶ
468 1250 669 1319 ἄφρονι
708 1252 1068 1320 μεγαλαυχίᾳ.

279 1341 420 1409 Ἐγὼ
454 1340 544 1401 δὲ,
589 1340 739 1394 ὠσεί
786 1342 961 1394 ἐλαία
1001 1341 1368 1408 κατάκαρπος
1404 1341 1472 1392 ἐν
1504 1339 1581 1403 τῷ
1622 1340 1760 1401 οῑκῳ

188 1430 309 1482 τοῦ
342 1431 501 1491 Θεοῦ,
534 1430 781 1497 ἤλπισα
809 1431 905 1483 ἐπὶ
935 1430 1002 1483 τὸ
1035 1432 1199 1495 ἕλεος
1234 1430 1335 1483 τοῦ
1374 1429 1515 1482 Θεοῦ
1553 1432 1636 1493 εἰς
1658 1428 1760 1481 τὸν

185 1516 399 1581 αἰῶνα,
436 1518 534 1570 καὶ
574 1520 667 1583 εἰς
712 1518 820 1571 τὸν
871 1517 1051 1571 αἰῶνα
1096 1518 1196 1570 τοῦ
1231 1517 1456 1583 αἰῶνος.
1490 1518 1547 1570 '0
1581 1518 1675 1587 μὲν
1703 1519 1759 1568 ὲν

183 1606 369 1675 κακία
400 1607 628 1669 δυνατὸς
674 1606 859 1659 ὁποίου
907 1607 1091 1669 τέλους
1126 1606 1384 1670 τεύξεται,
1423 1607 1508 1659 διὰ
1540 1608 1642 1659 τῶν
1681 1609 1758 1659 εἰ-

182 1697 445 1765 ρημένων
509 1695 934 1767 μεμαθήκαμεν.
994 1697 1130 1764 Ἐγὼ
1177 1696 1252 1758 δὲ,
1301 1697 1459 1767 φησὶν
1503 1699 1531 1749 ὁ
1584 1696 1756 1760 Δαυῒδ,

178 1784 372 1837 ταῦτα
410 1786 733 1848 παιδευθεὶς
770 1786 902 1857 πρὸς
947 1785 1036 1838 τοῦ
1078 1787 1230 1853 ἁγίου
1274 1786 1595 1855 Πνεύματος,
1638 1785 1757 1837 οὔτε

1856 630 1978 683 vita:
2006 630 2279 696 prasentis
2310 630 2522 693 extolli;
2548 629 2640 683 sed
2670 645 2832 682 unum
2860 628 3021 682 Deum
3062 629 3115 681 in
3149 644 3293 696 spem
3324 636 3381 682 et

1858 720 2107 771 auxilium
2162 720 2263 773 sibi
2305 734 2528 788 ponere,
2586 729 2742 787 atque
2781 719 2837 771 in
2882 720 2971 770 tali
3018 733 3110 785 spe
3140 734 3246 769 non
3274 717 3377 770 flu-

1856 818 2058 865 etuare.
2100 811 2189 863 llle
2216 824 2343 864 vero
2370 810 2507 863 bona
2530 811 2717 862 animae
2746 822 2855 861 sum
2874 806 3105 859 anchora
3133 805 3375 869 dimissa,

1857 908 2013 967 atque
2055 900 2107 951 in
2146 900 2344 952 divitiis
2373 898 2620 950 inanibus
2649 911 2740 965 spe
2774 896 3029 963 reposita,
3059 894 3161 947 sibi
3188 893 3287 960 ipsi
3313 892 3377 945 il-

1856 990 2008 1053 lusit;
2053 989 2289 1057 nihilque
2334 987 2477 1040 aliud
2523 987 2589 1040 de
2630 1001 2765 1051 vana
2804 986 2893 1037 illa
2929 993 2981 1037 et
3015 984 3199 1036 insana
3229 992 3377 1034 arre—

1854 1079 2032 1148 gantia
2064 1080 2259 1144 retulit,
2289 1093 2445 1146 quam
2473 1077 2612 1145 quod
2643 1091 2699 1130 se
2726 1075 3005 1128 ridiculum
3031 1072 3306 1141 praeberet.

1923 1345 2084 1398 Vens.
2129 1344 2215 1398 10.
2271 1342 2380 1410 Ego
2432 1350 2601 1393 autem
2647 1341 2777 1391 sicut
2824 1338 2956 1389 oliva
3004 1336 3273 1403 fructifera
3324 1335 3381 1389 in

1855 1436 2005 1487 domo
2036 1434 2160 1495 Dei,
2210 1432 2406 1499 speravi
2450 1432 2501 1482 in
2548 1428 2901 1481 misericordia
2931 1426 3022 1478 Dei
3052 1428 3103 1476 in
3134 1436 3381 1477 internum

1854 1535 1900 1578 et
1929 1527 1980 1577 in
2010 1523 2254 1577 saeculum
2282 1521 2477 1574 swcuti.
2530 1518 2630 1583 Qui
2657 1518 2776 1571 linis
2815 1516 3023 1568 futurus
3048 1516 3117 1566 sit
3147 1515 3263 1581 ejus
3286 1514 3380 1583 qui

1855 1621 2043 1681 potens
2076 1618 2157 1665 est
2193 1610 2247 1662 in
2289 1609 2587 1675 iniquitate,
2629 1621 2691 1657 ex
2719 1605 2828 1671 jam
2854 1603 3010 1656 dictis
3043 1602 3378 1655 edidieimus.

1855 1702 1964 1772 Ego
1988 1700 2273 1762 autem,ait
2304 1697 2484 1758 David,
2509 1697 2592 1749 his
2614 1694 2857 1748 eruditus
2891 1708 2919 1744 a
2944 1691 3143 1760 Spiritu
3174 1698 3380 1751 sancto,

1856 1806 2027 1861 neque
2072 1790 2139 1843 de
2180 1788 2517 1841 multitudine
2558 1794 3017 1853 temperanearum
3056 1782 3382 1842 divitiarum,

178 1874 287 1924 ἐπὶ
346 1874 529 1943 πλήθει
582 1874 819 1926 πλούτου
880 1874 1206 1943 προσκαίρου
1263 1874 1551 1943 ἐπαρθείην
1601 1875 1757 1937 ποτὲ,

1863 1895 2031 1949 neque
2073 1880 2137 1932 de
2182 1878 2415 1931 vanitate
2461 1876 2700 1928 mortalis
2746 1874 2869 1927 vitae
2920 1888 3153 1940 unquam
3216 1870 3386 1925 extol-

177 1962 323 2014 οὔτε
370 1965 454 2015 ἐπὶ
510 1964 841 2033 ματαιότητι
884 1962 974 2015 τοῦ
1023 1961 1211 2031 θνητοῦ
1259 1963 1402 2031 βίου·
1438 1966 1761 2029 Ματαιότης

177 2054 307 2121 γὰρ
360 2054 812 2121 ματαιοτήτων,
860 2053 930 2107 τὰ
976 2054 1167 2106 πάντα
1218 2055 1548 2121 ματαιότης.
1609 2053 1761 2105 Ἀλλὰ

174 2144 289 2193 καὶ
355 2144 569 2211 φεύγων
624 2145 729 2214 τὴν
762 2144 881 2197 ὁδὸν
921 2143 1011 2196 τοῦ
1068 2143 1285 2196 δυνατοῦ
1340 2145 1397 2195 ἐν
1426 2144 1607 2212 κακίᾳ,
1664 2144 1761 2213 τὴν

174 2231 431 2298 ἐμαυτοῦ
488 2233 743 2299 γλῶτταν
798 2235 893 2285 καὶ
952 2232 1019 2284 τὰ
1071 2233 1285 2301 ῥήματα
1344 2232 1441 2284 οὐκ
1492 2234 1569 2294 εἰς
1617 2232 1762 2284 ἀπώ-

170 2320 351 2375 λειαν
372 2323 578 2393 ἑτέρων
633 2325 985 2393 ἀκονήσαιμι,
1008 2322 1121 2374 ἀλλ’
1169 2322 1254 2372 ἐπ’
1280 2322 1508 2392 ὠφελείᾳ
1558 2321 1759 2391 ψυχῶν,

174 2414 287 2464 καὶ
326 2416 391 2476 εἰς
409 2414 709 2467 διακονίαν
738 2413 1015 2483 σωτηρίων
1050 2412 1236 2479 λόγων.
1286 2413 1393 2465 Καὶ
1411 2416 1527 2472 ταῖς
1556 2413 1761 2475 λοιπαῖς

170 2502 239 2553 δὲ
274 2504 544 2572 πράξεσιν
580 2503 761 2565 οὕτως
794 2502 859 2555 ἂν
887 2502 1139 2571 γενοίμην
1174 2502 1398 2572 εὐθαλὴς
1449 2502 1539 2553 καὶ
1565 2500 1760 2571 εὔκαρ-

176 2608 327 2655 mg,
362 2595 431 2657 ὡς
484 2592 945 2665 παραϐάλλεσθαί
1006 2610 1103 2662 μου
1162 2592 1256 2661 τὴν
1306 2591 1476 2661 ψυχὴν
1533 2591 1766 2644 ἀειθαλεῖ

195 2682 297 2734 «αἱ
335 2685 678 2753 πολυκάρπῳ
711 2683 862 2753 φυτῷ
917 2685 974 2735 ἐν
1012 2683 1140 2751 οἴκῳ
1186 2682 1315 2734 Θεοῦ
1360 2682 1758 2752 πεφυτευμένῳ.

179 2772 286 2823 Διό
323 2790 474 2844 φημι·
525 2772 687 2841 Ἐγὼ
714 2772 782 2824 δὲ
812 2772 955 2824 ὡσεὶ
974 2771 1141 2824 ἐλαία
1187 2770 1550 2838 κατάκαρπος
1576 2772 1644 2824 ἐν
1684 2773 1762 2837 τῷ

179 2863 336 2925 οἴκῳ
356 2866 466 2917 τοῦ
499 2862 684 2917 Θεοῦ·
718 2864 750 2932 ἢ
778 2864 915 2915 κατὰ
935 2862 1022 2914 τὸν
1047 2862 1348 2931 Σύμμαχον·
1382 2862 1518 2930 Ἐγὼ
1538 2862 1604 2914 δὲ
1624 2863 1763 2916 ὡσεὶ

182 2951 359 3005 ἐλαία
375 2950 669 3017 εὐθαλὴς
708 2950 778 3002 ἐν
803 2948 883 3013 τῷ
915 2951 1055 3012 οἴκῳ
1116 2951 1219 3003 τοῦ
1268 2950 1431 3003 Θεοῦ.
1484 2952 1614 3004 Οὐδὲ
1657 2953 1762 3023 γὰρ

188 3040 451 3093 ἀπένευον
486 3040 590 3092 τοῦ
621 3038 774 3091 οἴκου
826 3038 920 3090 τοῦ
979 3038 1128 3090 Θεοῦ·
1188 3038 1300 3091 ἀλλ’
1345 3040 1489 3091 ἔνδον
1529 3042 1585 3092 ὲν
1617 3040 1763 3110 αὑτῷ

187 3129 373 3203 ὥσπερ
397 3139 460 3187 ὲν
494 3131 763 3203 γεωργίῳ
790 3129 922 3182 Θεοῦ
959 3129 1372 3197 πεφυτευμένης,
1404 3130 1495 3179 καὶ
1540 3128 1645 3181 τῶν
1672 3146 1763 3182 να-

1859 1970 1934 2021 lat
1990 1986 2003 2021 τ
2057 1981 2177 2020 nam
2231 1968 2433 2018 vanitas
2479 1965 2801 2025 eanitatum,
2854 1964 3025 2015 omnia
3069 1962 3271 2014 eanitas
3318 1960 3382 2010 ⁸⁸.

1860 2057 1968 2110 lmo
1995 2071 2119 2110 vero
2170 2058 2307 2109 viam
2342 2055 2570 2124 potentis
2616 2054 2667 2105 in
2718 2053 2990 2121 iniquitate
3022 2052 3251 2119 fugiens,
3284 2051 3386 2103 lin-

1859 2164 2013 2218 guam
2037 2155 2089 2201 et
2113 2149 2271 2201 verba
2302 2163 2415 2199 mea
2446 2162 2550 2199 non
2601 2147 2651 2197 in
2700 2144 2984 2212 perniciem
3036 2143 3260 2194 aliorum
3293 2156 3386 2195 ex-

1860 2253 2078 2302 acuam;
2114 2236 2205 2290 sed
2238 2238 2300 2289 ad
2329 2238 2604 2289 utilitatem
2640 2236 2934 2286 animarum
2964 2240 3014 2284 et
3043 2233 3107 2284 ad
3146 2231 3387 2283 ministe-

1859 2328 1994 2378 rium
2024 2326 2271 2378 salutaris
2298 2324 2582 2377 sermonis.
2606 2321 2667 2372 Et
2702 2322 2755 2373 in
2779 2321 2998 2387 reliquis
3029 2318 3278 2387 operibus
3308 2317 3387 2372 sic

1859 2414 2055 2470 virens.
2107 2413 2185 2465 sic
2216 2411 2456 2466 fructifei'
2486 2410 2724 2469 evadam,
2770 2414 2827 2459 ut
2852 2408 3026 2460 anima
3061 2422 3173 2458 mea
3209 2404 3385 2459 arbori

1859 2518 2063 2571 semper
2103 2503 2293 2555 virenti
2334 2516 2394 2553 ae
2438 2498 2726 2552 fructifera:
2751 2500 2803 2549 in
2836 2498 2994 2549 domo
3024 2496 3112 2547 Dei
3146 2497 3387 2563 plantam

1859 2603 2215 2662 comparetur.
2280 2592 2632 2657 Quamobrem
2683 2588 2801 2641 dico
2850 2605 2863 2639 :
2912 2585 3020 2654 Ego
3056 2596 3226 2637 autem
3258 2589 3387 2638 sicut

1859 2684 1994 2737 oliva
2024 2683 2294 2751 fructifera
2330 2683 2378 2735 iu
2408 2681 2558 2732 domo
2587 2678 2715 2740 Dei;
2750 2677 2882 2737 sive,
2909 2675 3199 2728 secundum
3232 2674 3388 2744 Sym-

1859 2775 2128 2836 machum,
2156 2773 2268 2843 Ego
2301 2781 2471 2825 autem
2494 2772 2627 2824 sicut
2655 2768 2790 2821 oliva
2816 2768 2980 2819 virens
3008 2767 3061 2818 in
3094 2766 3245 2819 domo
3280 2766 3389 2821 Dei.

1857 2864 2037 2934 Neque
2068 2864 2208 2917 enim
2249 2862 2463 2915 domum
2504 2860 2596 2914 Dei
2640 2858 2976 2922 abnuebam;
3022 2857 3113 2910 sed
3161 2856 3305 2910 intus
3338 2858 3390 2909 in

1860 2956 1973 3023 ipsa
2002 2954 2156 3023 quasi
2192 2953 2247 3005 in
2278 2966 2402 3021 agro
2427 2949 2519 3003 Dei
2546 2950 2832 3017 plantatus,
2886 2953 2938 2999 et
2982 2946 3113 2998 rivis
3146 2945 3309 3000 fontis
3338 2948 3390 2999 in

1858 3043 2017 3096 domo
2040 3041 2131 3095 Dei
2169 3040 2513 3095 scaturientis
2562 3038 2767 3099 fruens,
2811 3036 3051 3090 fructifer
3091 3051 3153 3089 ac
3186 3051 3390 3103 semper

1858 3131 2042 3184 virens
2062 3130 2230 3191 evasi,
2253 3129 2499 3196 exemplo
2528 3126 2735 3179 arboris
2761 3126 2932 3187 olivae,
2958 3139 3075 3193 quae
3104 3125 3239 3177 inter
3259 3140 3392 3177 sem-

196 3220 373 3285 μάτων
402 3224 514 3293 τῆς
554 3224 617 3274 ὲν
647 3219 729 3288 τῷ
766 3220 897 3288 οἴκῳ
947 3218 1035 3270 τοῦ
1080 3217 1210 3269 Θεοῦ
1239 3217 1415 3287 πηγῆς
1461 3219 1759 3283 ἀπολαύων,

1863 3236 1956 3289 per
1973 3220 2204 3273 virentes
2230 3224 2633 3271 annumeratur.
2661 3216 2925 3269 Observes
2954 3216 3110 3268 velim
3140 3214 3391 3267 Davidem

198 3310 556 3384 πολύκαρπος
588 3310 852 3378 ἐγινόμην
887 3307 978 3360 καὶ
1029 3307 1297 3377 ἀειθαλὴς,
1331 3308 1467 3360 κατὰ
1493 3309 1553 3360 τὸ
1591 3311 1762 3376 παρά-

194 3400 385 3471 δειγμα
403 3403 510 3456 τοῦ
540 3402 646 3470 τῆς
670 3400 857 3461 ὲλαίας
890 3398 1075 3467 φυτοῦ,
1106 3400 1238 3468 ὅπερ
1276 3401 1332 3451 ὲν
1362 3401 1470 3462 τοῖς
1497 3399 1762 3452 ἀειθαλέσι

201 3493 596 3563 παρείληπται.
647 3490 815 3559 Τήρει
847 3488 922 3551 δὲ,
980 3488 1058 3539 ὅτι
1107 3488 1274 3540 ταῦτα
1318 3487 1484 3554 λέγων
1523 3489 1551 3538 ὁ
1582 3487 1758 3549 Δαυῖδ,

201 3576 328 3630 οὔτε
363 3582 461 3633 ἐπὶ
516 3581 625 3649 τῆς
670 3576 1019 3647 Ἰερουσαλὴμ
1049 3575 1364 3645 ἐτύγχανεν,
1418 3577 1483 3645 ἢν
1523 3574 1762 3644 ἐνόμιζον

203 3663 343 3721 εἶναι
375 3670 667 3724 Ἰουδαίων
717 3667 900 3729 παῖδες
952 3663 1093 3719 οἷκον
1156 3666 1243 3719 τοῦ
1288 3665 1438 3717 Θεοῦ·
1489 3665 1608 3717 οὕτε
1657 3667 1762 3735 γὰρ

204 3758 537 3831 ᾠκοδόμητο·
578 3758 697 3811 ἀλλ’
730 3756 849 3808 οὐδὲ
895 3759 951 3808 ὲν
982 3758 1045 3825 τῇ
1075 3758 1239 3824 σκηνῇ
1267 3758 1331 3824 τῇ
1366 3756 1466 3807 ὑπὸ
1496 3756 1763 3817 Μωῦσέως

209 3848 716 3918 κατεσκευασμένῃ,
758 3845 922 3897 εἰσέτι
958 3844 1077 3896 τότε
1126 3844 1275 3913 παρὰ
1323 3844 1583 3906 Ἰουδαίοις
1608 3843 1758 3915 οὖσῃ.

210 3937 419 4006 φεύγων
447 3940 565 4008 γὰρ
601 3938 695 3989 τὸν
730 3934 900 3987 Σαοὺλ
940 3934 1062 4003 παρ’
1108 3934 1304 4001 ἑτέροις
1346 3932 1441 3994 τὰς
1489 3933 1763 4003 διατριὸἁς

215 4028 461 4083 ἐποιεῖτο·
486 4032 648 4098 ὅμως
674 4025 717 4078 δ’
739 4020 833 4076 οὖν
863 4024 961 4074 οὐκ
991 4022 1169 4090 ἠγνόει
1214 4022 1396 4074 ἑαυτὸν
1428 4024 1483 4074 ἐν
1531 4023 1605 4092 τῷ
1634 4022 1764 4091 οἴκῳ

211 4114 311 4164 τοῦ
331 4118 461 4171 Θεοῦ
497 4112 928 4182 πεφυτευμένον·
965 4107 1107 4162 οἷκον
1130 4110 1260 4162 Θεοῦ
1284 4111 1415 4163 νοῶν
1440 4112 1500 4163 τὸ
1524 4111 1763 4174 θεοσεϐὲς

215 4202 533 4277 πολίτευμα.
552 4205 669 4258 Καὶ
698 4202 988 4271 ἐπειδήπερ
1016 4200 1377 4271 κατάκαρπος,
1401 4201 1517 4253 οὐδὲ
1542 4203 1763 4271 πικροὺς

213 4293 386 4358 φέρων
408 4297 689 4368 καρποὺς,
725 4293 936 4359 γλυκεῖς
971 4290 1027 4343 δὲ
1057 4290 1149 4342 καὶ
1180 4290 1371 4359 πολλῆς
1394 4292 1653 4360 γέμοντας
1681 4308 1763 4358 φι-

213 4381 584 4459 λανθρωπίας,
623 4383 847 4443 εἰκότως
868 4381 1045 4443 ἐλαίας
1070 4380 1216 4452 φυτῷ
1240 4381 1572 4452 κατακάρπῳ
1622 4398 1761 4451 παρ-

214 4470 485 4539 εϐάλλετο,
518 4476 617 4527 τὸν
652 4475 731 4534 εἰς
760 4471 885 4532 τοὺς
916 4470 1080 4532 πέλας
1115 4470 1257 4522 ἔλεον
1282 4471 1641 4540 σημαίνοντος,
1676 4472 1765 4522 καὶ

1864 3311 1976 3363 haec
2013 3310 2276 3363 dicentem
2307 3323 2413 3360 non
2448 3306 2614 3359 fuisse
2661 3306 2713 3357 in
2755 3303 3070 3367 Jerusalem,
3108 3319 3266 3372 quam
3297 3304 3394 3356 do—

1865 3414 2007 3451 mum
2034 3397 2125 3450 Dei
2154 3412 2273 3450 esse
2310 3396 2707 3449 arbitrabantur
2751 3391 2921 3446 Judaei
2939 3410 2953 3456 ;
2985 3394 3220 3445 nondum
3250 3394 3390 3445 enim

1864 3486 2120 3541 aedificata
2151 3486 2347 3548 fuerat;
2382 3485 2474 3539 sed
2509 3499 2679 3552 neque
2709 3484 2761 3536 in
2794 3483 3185 3536 tabernaculoa
3214 3481 3392 3551 Moyse

1866 3580 2091 3634 structo,
2120 3572 2261 3641 quod
2292 3570 2464 3625 adhuc
2494 3586 2656 3639 penes
2682 3570 2895 3625 Judaaos
2924 3577 3056 3625 erat.
3086 3569 3217 3623 Cum
3251 3572 3392 3623 enim

1867 3665 2070 3733 fugeret
2118 3680 2146 3717 a
2173 3666 2352 3727 Saule,
2402 3666 2540 3734 apud
2582 3664 2718 3717 alios
2752 3665 3100 3717 morabatur:
3135 3670 3187 3716 et
3217 3670 3394 3717 tamen

1868 3772 1971 3808 non
2007 3756 2278 3824 ignorabat
2303 3771 2360 3809 se
2397 3756 2449 3807 in
2492 3755 2649 3806 domo
2676 3753 2764 3807 Dei
2798 3755 3091 3822 plantatum
3121 3768 3275 3820 esse;
3312 3756 3395 3807 in-

1867 3844 2107 3912 telligens
2148 3842 2362 3895 domum
2403 3842 2495 3896 Dei
2540 3842 2843 3911 religiosum
2894 3858 3012 3896 esse
3067 3842 3391 3898 institutum.

1867 3935 1929 3987 Et
1958 3935 2205 4002 quoniam
2235 3933 2474 3986 fructifer
2509 3944 2640 3996 erat,
2682 3950 2854 4002 neque
2882 3947 3115 3996 amaros,
3148 3935 3240 3989 sed
3270 3937 3393 3987 dul-

1867 4041 1957 4079 ces
1979 4034 2031 4078 et
2060 4026 2383 4079 humanitate
2412 4026 2593 4093 plenos
2636 4026 2841 4080 fructus
2870 4026 3088 4088 ferebat,
3136 4026 3256 4092 jure
3281 4026 3394 4077 fru-

1868 4125 2067 4169 ctuosae
2110 4117 2286 4169 arbori
2326 4117 2475 4170 oliva:
2506 4118 2933 4186 comparabatur,
2967 4121 3208 4184 exemplo
3232 4119 3394 4171 mise-

1868 4205 2150 4258 ricordiam
2180 4207 2231 4258 in
2262 4207 2549 4275 proximos,
2602 4214 2655 4259 et
2697 4206 3078 4259 humanitatem
3125 4207 3179 4259 in
3206 4222 3392 4261 omnes

1869 4295 2216 4364 significante.
2273 4294 2464 4363 Utpote
2492 4296 2651 4364 igitur
2686 4297 2775 4364 qui
2807 4304 2885 4348 tot
2912 4296 3064 4349 bonis
3096 4297 3391 4350 instructus

1868 4392 2031 4446 esset,
2070 4394 2458 4454 consequenter
2491 4386 2647 4439 infert
2679 4405 2691 4439 ;
2720 4386 2930 4453 Speravi
2963 4387 3014 4437 in
3038 4386 3391 4440 misericordia

1870 4472 1963 4524 Dei
1994 4473 2045 4524 in
2075 4462 2319 4526 (eternum
2346 4483 2393 4526 et
2426 4476 2478 4525 in
2504 4476 2748 4527 sarculum
2772 4477 2975 4529 swcufi.

212 4558 311 4626 τὴν
343 4570 423 4629 εἰς
484 4567 739 4623 ἅπαντας
790 4560 1185 4629 φιλανθρωπίαν
1212 4560 1300 4612 τοῦ
1334 4559 1772 4631 παραδείγματος.
1825 4561 1909 4624 Ὠς
1940 4558 2029 4614 οὖν
2057 4563 2319 4626 τοσούτοις
2376 4562 2568 4632 βρίθων
2626 4562 2863 4629 ἀγαθοῖς,
2894 4564 3190 4628 ἀκολούθως
3218 4565 3393 4618 ἐπιλέ-

210 4664 316 4714 γει·
344 4660 625 4712 Ἠνιπισα
650 4652 748 4704 ἐπὶ
779 4651 844 4703 τὸ
872 4650 1040 4714 ἕλεος
1060 4650 1163 4702 τοῦ
1186 4651 1327 4702 Θεοῦ
1353 4653 1437 4714 εἰς
1464 4650 1567 4702 τὸν
1585 4650 1763 4703 αἰῶνα
1798 4653 1892 4704 καὶ
1916 4656 2000 4717 εἰς
2030 4654 2133 4705 τὸν
2157 4653 2334 4706 αἰῶνα
2363 4654 2464 4705 τοῦ
2486 4652 2711 4717 αἰῶνος.

284 4744 388 4803 Τοῦ
419 4750 522 4819 μὲν
544 4747 656 4816 γὰρ
683 4746 742 4795 ἐν
774 4744 938 4812 κακίᾳ
986 4741 1204 4794 δυνατοῦ
1228 4742 1286 4793 τὸ
1309 4741 1457 4803 τέλος
1488 4742 1762 4811 ὲκρίζωσιν

1939 4743 2067 4796 Nam
2092 4746 2233 4798 illius
2257 4745 2489 4813 quidem,
2540 4744 2631 4812 qui
2683 4750 2870 4810 potens
2899 4752 2980 4799 est
3010 4745 3061 4796 in
3088 4745 3387 4812 iniquitate,

207 4830 359 4908 αὐτῷ
409 4840 508 4891 καὶ
562 4831 869 4901 ἀφανισμὸν
900 4829 1098 4899 ἐδήλου.
1150 4829 1340 4899 Ἐχρῆν
1391 4829 1493 4897 γὰρ
1532 4828 1627 4896 τὴν
1662 4829 1767 4881 τῶν

209 4928 426 4995 πικρῶν
455 4922 709 4992 οἰστικὴν
747 4918 897 4990 ῥίζαν
926 4918 1147 4989 καρπῶν
1192 4920 1323 4989 πρὸς
1354 4917 1446 4969 τοῦ
1486 4917 1591 4969 τῶν
1635 4918 1767 4971 ὅλων

210 5018 377 5076 σθ’ᾷοῦ
404 5012 664 5087 γεωργοῦ
692 5009 1054 5077 ἁποκταλῆναι
1072 5010 1163 5077 (l).
1193 5010 1247 5061 Ὀ
1261 5010 1315 5060 δὲ
1344 5007 1471 5058 ὡσεὶ
1492 5008 1641 5061 ἐλαία
1673 5026 1768 5062 κα-

205 5097 496 5179 τάκιρπος
526 5109 588 5159 ὲν
619 5102 701 5172 τῷ
723 5104 854 5171 οἴκῳ
881 5100 971 5152 τοῦ
998 5098 1152 5160 Θεοῦ,
1176 5099 1394 5167 ἤλπισεν
1420 5096 1507 5146 ἐπὶ
1538 5096 1598 5147 τὸ
1625 5098 1767 5161 ἔλεος

204 5187 315 5243 τοῧ
341 5198 470 5249 Θεοῦ
504 5199 588 5257 εἰς
612 5194 704 5244 τὸν
737 5189 903 5242 αἰῶνα
929 5189 1020 5241 καὶ
1046 5189 1123 5247 εἰς
1150 5187 1235 5237 τὸν
1255 5183 1418 5236 αἰῶνα
1437 5182 1525 5233 τοῦ
1557 5185 1765 5249 αἰῶνος,

200 5273 517 5339 ἀθανασίαν
561 5281 663 5336 καὶ
692 5278 833 5347 ζωὴν
877 5278 1087 5329 αἰώνιον
1143 5271 1482 5340 ποριζόμενος
1513 5270 1619 5322 ἀπὸ
1672 5274 1768 5341 τῆς

192 5360 428 5445 drum};
476 5370 740 5429 ἐλπίδος,
796 5362 863 5436 ἧς
921 5363 1109 5416 οὔποτε
1152 5360 1469 5411 ἐκπεσεῖται·
1540 5358 1605 5410 Ἢ
1659 5363 1767 5432 γὰρ

186 5442 413 5531 έῖἱετὶςί,
456 5462 605 5516 κατὰ
638 5459 731 5510 τὸν
776 5453 1105 5510 Ἀπόστολον,
1134 5451 1201 5499 οὐ
1237 5445 1627 5509 καταισχύνει.
1651 5445 1764 5501 Εἶθ’

178 5532 273 5607 ώῗ
306 5557 397 5610 ἐπ’
425 5552 661 5620 ἀγαθοῖς
694 5547 942 5616 καρποῖς,
976 5539 1173 5607 ἀγαθὰς
1191 5534 1400 5592 ἐλπίδας
1432 5533 1600 5603 ἑαυτῷ
1628 5538 1762 5589 ὑπο-

267 5675 331 5707 ’⁸
369 5671 561 5725 Eccle.
602 5682 651 5725 ι,
681 5663 736 5714 2.
812 5660 856 5689 "
892 5658 1042 5710 Rom.
1076 5670 1129 5714 v,
1158 5652 1206 5706 5.

276 5763 363 5829 (ι)
411 5748 871 5816 Ἀποκταλῆναι.
916 5746 1059 5796 Anne
1089 5734 1646 5803 ἀποκταθῆναιῖΕιιιτ.

1874 4835 2027 4888 finem
2050 4836 2379 4905 signiﬁcabat
2410 4850 2528 4888 esse
2554 4832 2964 4887 eradicationem
2994 4842 3044 4886 et
3070 4834 3391 4886 destructio-

1874 4940 2027 4989 nem;
2073 4926 2300 4977 radieem
2334 4925 2472 4977 enim
2508 4937 2806 4975 amarorum
2841 4923 3105 4975 fructuum
3138 4923 3387 4989 feracem,

1872 5028 1900 5065 a
1931 5016 2169 5080 sapiente
2224 5013 2460 5065 omnium
2515 5011 2745 5078 agricola
2799 5009 3060 5063 eradicari
3090 5012 3384 5075 oportebat.

1871 5103 1970 5168 Qui
2005 5119 2130 5171 vero
2154 5105 2291 5158 sicut
2316 5104 2451 5155 oliva
2482 5101 2755 5154 fructifera
2787 5101 2839 5153 in
2870 5100 3026 5154 domo
3061 5098 3172 5161 Dei,
3202 5117 3389 5167 spera-

1868 5195 1942 5245 vit
1966 5195 2018 5245 in
2054 5192 2413 5247 misericordia
2451 5190 2539 5243 Dei
2591 5192 2641 5242 in
2692 5199 2946 5242 aeternum
2972 5196 3022 5241 et
3052 5189 3100 5238 in
3134 5191 3385 5240 saeculum

1870 5284 2068 5345 swculi,
2092 5282 2537 5336 immortalitatem
2583 5288 2636 5329 et
2670 5279 2831 5330 vitam
2851 5286 3101 5330 aeternam
3131 5278 3292 5329 refert
3318 5279 3390 5330 ob

1869 5373 2061 5424 bonam
2094 5387 2261 5439 spem,
2294 5384 2397 5438 qua
2431 5382 2699 5433 nunquam
2732 5367 2975 5429 excidet;
3006 5380 3127 5417 nam
3149 5404 3161 5425 ,
3194 5380 3389 5418 secun-

1868 5458 1994 5511 dum
2027 5460 2355 5527 Apostolum,
2410 5472 2520 5522 spes
2563 5471 2663 5507 non
2716 5455 2980 5521 confundit
3038 5453 3119 5511 “;
3172 5452 3386 5511 deinde.

1873 5555 2051 5615 utpote
2085 5548 2150 5601 de
2178 5546 2329 5601 bonis
2364 5544 2645 5607 fructibus,
2698 5544 2889 5597 bonam
2936 5542 3035 5596 sibi
3068 5556 3215 5609 spem
3254 5558 3391 5593 cun-
