3812 6364
671 418 734 473 45
747 419 764 470 ι

674 535 912 601 signans,
949 532 1135 578 norum
1179 522 1392 567 causam
1422 506 1682 558 bonorum
1715 493 1949 548 omnium
1983 486 2184 546 submi-

1251 596 1284 601 --
1509 588 1542 601 η
1625 586 1672 601 ιι.
1709 581 1795 601 ινφ
1829 578 1916 601 .:L:
1947 579 1995 601 ε..
2027 590 2155 601 --.μη

678 578 948 672 nirstrato'ri
992 601 1206 659 ascribit
1235 596 1417 650 dicens
1450 610 1462 644 :
1504 581 1795 653 Conﬁtebor
1826 578 1918 631 tibi
1946 579 1998 629 in
2023 590 2187 628 saecu-

681 706 806 762 lum,
835 661 954 766 quia
986 688 1168 760 fecisti.
1198 683 1376 749 Neque
1395 676 1536 730 enim
1565 685 1685 740 ego,-
1712 666 1902 735 inquit,
1939 678 2023 716 me
2053 661 2191 716 sicut

683 749 1214 846 olivamlructiferam
1241 765 1535 836 composui,
1569 759 1659 816 se‘d
1680 767 1736 810 tu
1765 752 1935 808 fecisti
1974 768 1988 801 :
2019 749 2111 802 abs
2142 756 2193 799 te

682 879 820 934 enim
846 870 1010 942 gratia
1035 885 1050 932 ;
1074 878 1237 934 quare
1273 869 1542 926 nunquam
1574 853 1727 904 linem
1749 845 1937 898 faciam
1963 838 2058 893 tibi
2076 853 2195 906 gra-

682 969 784 1022 tias
813 927 1046 1017 habendi
1091 927 1158 1008 ac
1197 946 1483 1007 conﬁtendi
1520 961 1531 994 :
1575 941 1666 996 sed
1721 943 2001 1005 postquam
2033 927 2196 984 semel

684 1054 889 1127 speravi
912 1053 966 1104 in
985 1042 1350 1102 misericordia
1392 1037 1503 1100 Dei,
1531 1027 1828 1096 exspectabo
1856 1039 2033 1079 nomen
2064 1020 2193 1087 ejus.

681 1113 814 1200 Nam
844 1154 964 1195 cum
989 1139 1129 1192 bona
1153 1147 1274 1202 spes
1315 1127 1507 1188 subsit,
1543 1119 1797 1192 patientia
1846 1113 1999 1168 nobis
2042 1123 2194 1178 opus.

684 1234 1015 1300 Quapropter
1040 1200 1339 1292 exspectabo
1389 1230 1568 1270 nomen
1623 1219 1786 1269 tuum,
1837 1205 1929 1264 ait,
1958 1200 2198 1272 quoniam

687 1327 871 1377 bonum
887 1328 960 1374 est
989 1320 1042 1371 in
1071 1322 1336 1380 conspectu
1359 1315 1652 1362 sanctorum
1702 1308 1943 1355 tuorum;
1975 1291 2085 1346 sive
2113 1303 2200 1342 se-

688 1412 921 1468 cundum
967 1402 1362 1475 Symmachum,
1395 1394 1650 1461 Quoniam
1673 1389 1855 1439 bonum
1897 1389 1972 1436 est
2022 1393 2204 1433 nomen

691 1499 912 1567 tuum_in
929 1501 1193 1560 conspectu
1208 1495 1497 1542 sanctorum
1522 1491 1742 1532 tuorum.
1765 1473 1974 1527 Gnarus
2028 1469 2207 1534 itaque

692 1591 868 1658 ipsum
892 1586 1090 1638 bonum
1131 1592 1250 1631 esse
1294 1582 1345 1628 et
1369 1574 1627 1626 bonorum
1646 1570 1934 1620 auct—orem,
1975 1570 2081 1609 non
2114 1567 2208 1621 po-

691 1640 926 1732 tgntibus
963 1673 1019 1726 in
1048 1666 1268 1727 malitia,
1317 1677 1424 1716 non
1470 1655 1691 1725 objectis
1742 1645 2066 1706 hominibus,
2118 1640 2210 1695 sed

695 1766 933 1829 sanctis;
971 1763 1091 1830 jure
1127 1752 1423 1823 exspectabo
1465 1763 1645 1802 nomen
1701 1751 1872 1801 tuum,
1927 1738 2064 1791 bona
2120 1747 2214 1802 spe

2287 614 2392 706 τόν
2423 614 2620 706 dimica,
2654 614 2744 696 6τί
2801 614 3113 703 ἐποίησας.
3165 627 3227 680 Οὐ
3279 622 3360 691 γὰρ
3408 614 3518 684 ἐγὼ,
3554 630 3619 706 ξῖξτξ

2290 743 2515 811 ἐποίησα
2549 735 2772 805 ἐμαυτὸν
2802 730 2933 783 ὡσεὶ
2965 725 3143 778 ἐλαίαν
3175 713 3482 781 κατάκαρπον,

2291 797 2735 898 ἐποίτξσαςδπαρὰ
2773 819 2863 872 σοῦ
2885 817 2993 885 γὰρ
3020 816 3054 882 ἡ
3086 811 3240 879 χάρις’
3271 799 3332 854 διδ
3373 797 3618 898 οὐδέποτετ

2293 882 2452 990 σομαί
2476 882 2557 968 σοί
2709 910 2863 981 χάριν
2894 882 3069 964 εἰδὼς,
3095 897 3176 951 καί
3219 911 3289 945 σοι
3309 882 3620 957 ἐξομολογούμέ

2295 1011 2436 1074 anas,
2465 1009 2519 1060 δὲ
2543 1005 2760 1062 ἐλπίσας
2785 997 2876 1050 ἐπὶ
2903 995 2962 1047 τὸ
2993 992 3136 1049 ἔλεος
3154 982 3236 1036 τοῦ
3259 978 3389 1040 Θεοῦ,
3420 973 3618 1040 ὑπόμενε(

2294 1065 2477 1169 ὄνομα
2505 1093 2708 1149 αὑτοῦ.
2728 1087 2838 1157 Τῆς
2861 1085 2968 1154 γὰρ
2994 1076 3194 1147 ἀγαθῆς
3220 1070 3398 1169 ἐλπίδος
3422 1065 3616 1169 lie-coxam

2295 1151 2564 1262 bno'povilq
2592 1186 2720 1255 ἡμῖν
2754 1151 3049 1250 χρεία-Διὸ
3073 1160 3318 1262 ὑπομεγῶ
3349 1159 3410 1257 τό
3453 1151 3608 1258 ὄνομά

2305 1244 2315 1246 ἡ
2339 1244 2364 1245 ⁷“
2404 1244 2415 1262 I
2525 1244 2561 1256 I'
2614 1244 2645 1255 ll
2756 1244 2802 1250 .--

2297 1283 2475 1351 φησὶν,
2495 1277 2580 1329 ὅτι
2608 1269 2872 1343 χρηστόν
2889 1265 3062 1316 ἐστιν·
3080 1251 3326 1310 ἐναντίαν
3340 1246 3449 1300 τῶν
3477 1244 3620 1297 ὁσίων

2297 1331 2496 1442 ⁴ἦκα.τά
2517 1331 2950 1429 τδνσέύημμαχον,
2979 1351 3101 1400 Ὅτι
3136 1340 3334 1412 ἀγαθὸν
3356 1337 3417 1389 τὸ
3468 1331 3618 1400 ὄνομά

2306 1423 2330 1442 ν.
2717 1423 2772 1429 .-
2840 1423 2846 1424 ,

2299 1463 2575 1524 ἄντικρυς
2630 1450 2745 1505 τῶν
2781 1446 2968 1500 ὁσίων
3017 1452 3153 1490 σου.
3203 1429 3351 1492 Εἰδὼς
3378 1423 3485 1486 οὖν,
3507 1424 3620 1476 ὅτιό

2303 1553 2435 1609 ἐστι,
2465 1545 2555 1596 καὶ
2588 1537 2802 1608 ἀγαθῶν
2826 1526 3132 1599 ποιητικὸν,
3167 1523 3221 1575 ού
3249 1523 3346 1582 τοῖς
3382 1515 3599 1574 δυνατοῖς

2305 1605 2557 1708 κίᾳ,ὀύδέ
2608 1605 2717 1691 τοῖς
2765 1623 3099 1691 ὰποϐλήτοις
3148 1613 3248 1666 τῶν
3303 1610 3520 1674 ζώντων,
3567 1605 3620 1656 ἀλ

2306 1727 2487 1785 ὁσίοις,
2515 1721 2732 1780 εἰκότως
2760 1708 3042 1780 ὑπομενῶ
3080 1706 3144 1758 τό
3169 1699 3339 1770 ὄνομά
3359 1715 3486 1760 σου,
3525 1693 3616 1746 alia}

698 1787 933 1829 sancus;
971 1787 1091 1830 Jun;
1127 1787 1422 1823 ιωομιςυιαυυ
1467 1787 1645 1802 ,ινα-ν..
1702 1787 1872 1801 -.ηηηι
1928 1787 2009 1791 hi,
2045 1787 2048 1788 ν
2150 1787 2165 1802 ³

698 1857 882 1910 fruens
911 1867 994 1906 me
1029 1859 1298 1914 nunquam
1343 1842 1615 1909 lapsurum
1651 1849 1682 1886 a
1709 1826 2070 1886 misericordia
2099 1831 2203 1876 tua.

2111 1837 2206 1876 '.ua.
2242 1840 2283 1893 Β
2313 1816 2515 1885 μήποτε
2569 1808 2814 1860 ἐκπεσεῖν
2869 1801 2965 1854 τοῦ
3006 1796 3105 1850 σοῦ
3168 1791 3356 1852 ἐλέους.
3396 1787 3548 1839 υῦτω
3587 1802 3616 1851 γ

2474 1905 2484 1914 “
2541 1901 2554 1914 ‘
2622 1900 2634 1914 ⁹
2685 1896 2711 1908 ¹¹⁹
2762 1897 2828 1914 κ’-
2888 1891 2978 1914 -ὶη
3034 1886 3200 1914 ..μ-⁸η...
3233 1883 3314 1914 νηί
3349 1879 3420 1914 εἶ»-
3460 1877 3542 1914 vim
3566 1879 3610 1914 ni

702 1950 792 2004 Sic
821 1947 998 2013 itaque
1025 1942 1081 1994 in
1110 1941 1226 2008 ipso
1256 1931 1463 2002 speravi
1506 1929 1560 1981 in
1590 1933 1845 1980 aeternum
1881 1919 2009 1974 etin
2040 1929 2207 1971 saecu-

700 2039 810 2090 lum
837 2033 1036 2090 saeculi.

704 2145 754 2197 1.
794 2141 858 2195 ΙΝ
907 2134 1142 2198 FINEM,
1179 2131 1315 2186 PRO
1788 2110 2216 2172 INTELLIGEN-

1203 2199 1335 2255 'l‘L/E
1375 2193 1573 2248 DAVID
1612 2191 1716 2245 LII.

774 2301 932 2355 Vens.
957 2296 1073 2350 2-6.
1108 2294 1252 2346 Dixit
1281 2288 1521 2354 insipiens
1567 2285 1621 2338 in
1666 2280 1814 2335 corde
1836 2293 1929 2332 suo
1957 2292 1974 2328 :
2006 2273 2124 2327 Non
2141 2278 2217 2325 est

704 2395 861 2448 Deus.
889 2386 1128 2454 Corrupti
1152 2392 1266 2436 sunt
1303 2389 1348 2432 et
1375 2371 1738 2430 abominabiles
1761 2369 1885 2436 facti
1905 2373 2020 2418 sunt
2043 2364 2097 2415 in
2121 2362 2221 2414 ini-

704 2482 1002 2556 quitatibus,
1026 2451 1126 2528 non
1168 2481 1244 2526 est
1281 2470 1368 2539 qui
1407 2465 1567 2536 faciat
1597 2463 1801 2515 bonum.
1834 2451 2222 2523 Quinquagesi-

707 2587 826 2626 mus
853 2569 1088 2638 psalmus
1119 2548 1466 2615 confessionis
1494 2553 1707 2606 modum
1749 2549 1886 2616 ejus,
1942 2559 2098 2614 quem
2131 2540 2224 2593 ad-

707 2658 856 2713 missi
894 2651 1094 2724 peccati
1132 2649 1369 2718 prenilet,
1400 2639 1806 2708 complectitur;
1853 2646 2081 2700 sequens
2101 2643 2224 2681 vero

709 2751 765 2803 in
789 2746 987 2800 malitia
1003 2740 1228 2812 potentis
1254 2744 1307 2791 et
1338 2733 1484 2801 impii
1515 2731 1679 2783 moris
1739 2725 2000 2779 insaniam
2032 2719 2229 2774 descri—

710 2839 826 2902 bit;
855 2851 917 2890 ac
935 2832 1126 2903 qualis,
1154 2841 1274 2882 cum
1301 2825 1482 2883 istum,
1513 2828 1623 2873 tum
1653 2817 1904 2886 priorem,
1930 2812 2049 2864 ﬁnis
2074 2824 2230 2862 exce-

713 2930 868 2998 perit.
900 2925 1029 2978 Nam
1059 2923 1106 2975 ei
1125 2921 1214 2989 qui
1238 2920 1292 2972 in
1326 2915 1479 2969 malis
1509 2913 1620 2966 suis
1655 2909 1978 2980 gloriabatur
2031 2904 2232 2958 dictum

714 2993 795 3071 est
823 3035 836 3068 :
873 3013 1150 3080 Propterea
1184 3007 1315 3060 Deus
1339 3005 1563 3058 destruet
1602 3010 1647 3052 te
1676 2999 1728 3050 in
1762 2998 1934 3065 ﬁnem,
1965 2993 2141 3046 evellet
2165 3001 2230 3053 te,

714 3116 762 3161 et
784 3105 1048 3174 emigrabit
1080 3111 1125 3154 te
1143 3099 1204 3151 de
1247 3092 1671 3154 tabernaculo";
1701 3106 1765 3144 ex
1795 3101 2020 3158 persona
2058 3093 2234 3137 autem

2308 1921 2439 1958 πισα
2471 1901 2554 1954 ἐπ’
2577 1896 2722 1966 αύτῷ
2752 1897 2830 1957 εἷς
2885 1891 2978 1944 τὸν
3031 1886 3204 1940 αἰῶνα
3233 1883 3321 1934 καὶ
3348 1879 3420 1942 εἰς
3460 1877 3542 1929 τὸν
3566 1879 3613 1929 αἱ

2310 1991 2519 2051 αἰῶνος.

2315 2101 2421 2154 ΕΙΣ
2457 2099 2541 2150 ΤΟ
2581 2094 2821 2158 ΤΕΛΟΣ,
2861 2090 3054 2144 ΥΠΕΡ
3096 2078 3611 2158 ΜᾼῘᾎΕΘΣΥΝΕΣ

2924 2158 3139 2210 ΔΑΥΙΔ
3178 2153 3281 2205 NB’

2382 2277 2561 2333 Εἶπεν
2597 2276 2795 2344 ἄφρων
2813 2273 2882 2325 ἐν
2914 2269 3142 2337 καρδίᾳ
3167 2268 3371 2322 αὐτοῦ·
3402 2266 3518 2316 Οὐκ
3544 2262 3613 2314 ἓσ

2318 2365 2717 2434 Διεφθάρπσαν
2742 2360 2837 2411 καὶ
2865 2358 3346 2424 ἐϐδελύχθησαν
3371 2356 3430 2407 ἐν
3455 2354 3614 2416 drop:

2319 2458 2448 2510 ἐστι
2473 2450 2652 2505 ποιῶν
2679 2448 2924 2517 ἀγαθόν.
2968 2447 3030 2497 'O
3073 2447 3176 2515 μὲν
3217 2452 3262 2497 ν’
3290 2441 3611 2515 ἐξομολόγησε

2325 2542 2804 2617 μεταγινώσκοντος
2859 2539 2946 2606 ἐφ’
2981 2533 3071 2600 οἷς
3131 2538 3409 2607 ἥμαρτεν,
3469 2547 3614 2602 nepti

2324 2636 2447 2703 ἐξῆς
2475 2630 2638 2700 αύτῷ,
2668 2629 2922 2682 ἀπόνοιαν
2950 2627 3052 2679 τοῦ
3089 2628 3150 2680 ἐν
3181 2626 3367 2696 κακίᾳ
3386 2621 3604 2677 δυνατοῦ

2324 2726 2536 2795 τρόπου·
2584 2719 2760 2772 ὁποῖόν
2820 2735 2879 2768 τε
2929 2716 3130 2770 τοῦτον
3179 2717 3461 2786 διεδέχετο
3517 2711 3582 2764 τὸ

2327 2817 2502 2866 ὁποῖον
2522 2811 2610 2862 τὸν
2653 2808 2934 2878 πρότερον.
2970 2806 3068 2876 Τῷ
3108 2807 3215 2876 μὲν
3239 2807 3365 2877 γὰρ
3404 2819 3616 2872 καυχησ

2328 2905 2436 2963 τοῖς
2459 2896 2648 2952 ἑαυτοῦ
2673 2898 2858 2956 κακοῖς
2885 2895 3131 2962 ἐλέγετο·
3166 2895 3282 2948 Διά
3299 2894 3510 2948 ⁸τοῦτο
3557 2894 3589 2944 ό

2341 2991 2467 3045 ελεῐ
2485 3006 2557 3042 σε
2583 2990 2668 3052 εὶς
2696 2985 2886 3049 τέλος,
2909 2983 3150 3036 ἐκτῖλαι
3184 3002 3271 3038 σε
3308 2986 3424 3040 καὶ
3473 2999 3620 3051 μετα

2333 3096 2404 3133 σε
2431 3075 2546 3131 ἀπὸ
2571 3072 2982 3140 σκηνώματός·
3019 3074 3089 3124 ἐκ
3146 3074 3488 3144 προσώπου
3520 3073 3582 3124 δὲ
3613 3091 3619 3105 ι

717 3193 1020 3249 confitentis
1037 3188 1391 3257 subiungitur,
1415 3183 1519 3252 Ego
1548 3191 1716 3234 autem
1741 3180 1868 3232 sicut
1888 3179 2020 3229 oliva
2051 3174 2222 3240 fructi-

2086 3174 2234 3227 rucli-
2262 3181 2303 3237 ο
2335 3166 2638 3238 γησαμένου
2668 3164 2905 3233 ἐπήγετο
2933 3162 3066 3232 ἐξῆς
3128 3165 3226 3227 τὸ,
3304 3165 3474 3236 Ἐγὼ
3515 3164 3591 3216 δὲ

720 3291 832 3354 fera
847 3290 899 3340 in
917 3285 1066 3338 domo
1095 3279 1208 3343 Dei,
1240 3274 1436 3344 speravi
1454 3274 1509 3325 in
1540 3267 1894 3324 misericordia
1913 3265 2020 3334 ejus
2045 3267 2097 3318 in
2135 3281 2236 3317 sa:-

720 3373 982 3431 culum”.
1018 3369 1114 3422 llic
1147 3381 1268 3421 vero
1333 3363 1424 3433 qui
1471 3360 1708 3431 psalmus
1760 3372 1864 3411 non
1917 3362 2018 3416 est,
2069 3367 2239 3420 neque

723 3469 863 3522 enim
893 3465 965 3517 ita
996 3459 1337 3521 inscribitur;
1383 3452 1476 3509 sed
1523 3464 1694 3518 neque
1725 3447 1988 3501 canticum
2011 3483 2026 3508 ,
2071 3458 2240 3511 neque

724 3558 852 3627 quid
885 3553 1088 3614 simile,
1151 3547 1399 3602 salutaris
1447 3543 1541 3597 Dei
1595 3542 1854 3595 adventus
1908 3535 2240 3606 prophetiam

728 3625 964 3698 continet
995 3676 1009 3698 ,
1058 3649 1214 3702 quem
1248 3633 1398 3685 multi
1428 3631 1694 3697 pr0pbetae
1727 3634 1779 3680 et
1804 3626 1932 3693 justi
1964 3625 2243 3678 voluerunt

727 3730 922 3784 videre.
953 3725 1194 3776 Praesens
1211 3721 1406 3786 itaque,
1431 3718 1584 3785 quasi
1615 3719 1667 3768 in
1707 3717 1941 3768 omnium
1971 3713 2242 3766 hominum

731 3816 908 3876 ruina,
936 3819 989 3865 et
1012 3808 1161 3879 quasi
1220 3807 1273 3858 in
1303 3805 1566 3858 communi
1597 3803 1871 3872 naufragio
1916 3802 2029 3855 haec
2059 3813 2244 3868 preca-

733 3915 859 3960 tur:
890 3902 1017 3968 Quis
1037 3898 1179 3950 dabit
1209 3911 1272 3950 ex
1300 3895 1425 3949 Sion
1454 3892 1694 3946 Salutare
1736 3891 1944 3944 Israel?
1983 3906 2096 3942 cum
2126 3904 2246 3940 con-

732 3995 934 4050 verterit
964 3990 1210 4042 Dominus
1255 3984 1598 4050 captivitatem
1619 3981 1776 4048 plebis
1811 3997 1938 4042 sum,
1968 3977 2248 4032 exsultabit

733 4085 895 4139 Jacob
926 4090 973 4134 et
1003 4077 1262 4132 lcetabitur
1285 4071 1487 4126 Israel:
1519 4070 1730 4140 quando
1777 4067 2034 4122 confitens
2075 4066 2249 4119 decla-

738 4185 969 4240 ransque
992 4175 1207 4237 peccata
1230 4178 1344 4224 sua,
1377 4176 1468 4230 per
1494 4162 1778 4214 salutarem
1825 4156 1916 4208 Dei
1965 4154 2249 4207 adventum

736 4263 1100 4336 purgationem
1125 4259 1512 4309 consecuturus
1541 4255 1655 4304 erat
1679 4267 1692 4313 ;
1720 4245 1932 4316 quando
1954 4244 2099 4312 impii
2121 4254 2172 4297 et
2197 4243 2251 4296 in

738 4333 938 4406 malitia
967 4351 1205 4417 potentes
1251 4341 1522 4394 hominum
1578 4350 1774 4399 mores,
1822 4349 1927 4387 non
1972 4348 2063 4400 per
2091 4333 2250 4385 alium

739 4456 899 4510 quam
945 4453 1041 4508 per
1091 4448 1255 4490 unum
1308 4430 1656 4490 Salvatorem,
1715 4426 1805 4493 qui
1867 4423 2252 4477 insanabilibus

2335 3257 2703 3322 κατάκαρπος
2735 3253 2804 3305 ἐν
2833 3250 2915 3316 τῷ
2943 3252 3094 3316 οἴκῳ
3121 3255 3245 3306 τοῦ
3300 3253 3508 3316 Θεοῦ,
3537 3253 3620 3320 ἤλ

2333 3346 2498 3409 ἕλεος
2528 3342 2709 3396 αὑτοῦ
2733 3344 2820 3405 εὶς
2848 3340 2956 3393 τὸν
3007 3340 3241 3395 αἰῶνα.
3298 3345 3379 3398 '0
3442 3345 3504 3398 δὲ
3573 3365 3618 3398 π

2335 3435 2560 3505 ψαλμὸς,
2591 3433 2650 3486 ού
2696 3431 2804 3501 γὰρ
2837 3430 3013 3494 οὓτως
3047 3434 3568 3507 ἐπιγέγραπται,
3605 3439 3620 3490 c'

2336 3526 2454 3579 ούδέ
2476 3543 2526 3577 τι
2555 3523 2661 3576 τῶν
2685 3521 2960 3585 τοιούτων,
3009 3528 3428 3594 προφητείαν
3465 3546 3542 3580 πε
3553 3547 3616 3599 ρι

2337 3615 2520 3685 τηρίου
2549 3612 2879 3680 Θεοφανείας,
2938 3614 3004 3683 ἢν
3045 3615 3267 3668 πολλοὶ
3329 3619 3620 3691 προφῆτς

2341 3705 2686 3774 ἐπεθύμησαν
2717 3705 2862 3756 ἰδεῖν.
2900 3705 3120 3776 Ὥσπερ
3155 3705 3274 3760 οὖν
3313 3713 3453 3764 xa‘t
3481 3712 3513 3762 ὁ
3562 3729 3620 3780 μί

2343 3801 2407 3867 τῇ
2435 3798 2645 3849 πάντων
2696 3795 2994 3866 ἀνθρώπων
3058 3798 3474 3867 διαπτώσει,
3548 3821 3620 3856 κε

2345 3887 2504 3956 κοινῷ
2537 3886 2774 3955 ναυαγίῳ
2807 3886 3108 3956 εὐχόμενος
3151 3891 3276 3942 καὶ
3337 3892 3598 3963 λέγων·

2348 3978 2497 4030 Σιὼν
2527 3977 2592 4028 τὸ
2626 3975 2923 4042 Σωτήριον
2947 3977 3058 4029 τοῦ
3105 3979 3436 4047 Ἰσραήλ
3468 4001 3486 4047 ;
3544 3986 3616 4038 ἐφ

2347 4070 2454 4134 ψαι
2486 4069 2696 4133 Κύριον
2741 4066 2858 4133 τὴν
2903 4069 3423 4135 αἰχμαλωσίαν
3500 4077 3616 4128 toi

2357 4156 2779 4227 ἀγκιλλιάσεται
2803 4155 3024 4218 Ἰακὼϐ,
3045 4159 3156 4211 καὶ
3180 4162 3273 4212 εὐ
3280 4166 3606 4231 sapae-01';

2359 4249 2445 4300 ὅτε
2489 4247 2614 4317 γὰρ,
2659 4247 3175 4318 ἐξομολογούμενος
3235 4255 3376 4306 καὶ
3450 4258 3614 4326 eam

2351 4337 2441 4390 τοῦ
2471 4337 2839 4405 ἁμαρτήματα
2884 4336 2972 4390 διὰ
3005 4337 3112 4405 τῆς
3153 4346 3542 4415 σωτηρίου

2355 4427 2592 4496 Θάρσεως
2623 4425 2813 4494 ἔμελλε
2861 4427 3199 4490 τεύξεσθαν
3253 4433 3388 4486 ὅτε.
3459 4439 3611 4492 ἅὸε‹

743 4530 932 4582 anima:
980 4526 1179 4580 morbis
1232 4519 1430 4575 mederi
1472 4518 1627 4583 valet,
1677 4515 1854 4570 curari
1886 4523 2149 4584 poterant.
2190 4513 2248 4565 Et

2109 4524 2149 4568 t.
2190 4513 2254 4565 Et
2286 4509 2326 4562 D
2356 4517 2447 4568 καὶ
2467 4517 2522 4566 ἐν
2545 4515 2711 4585 κακίᾳ
2762 4517 2987 4579 δυνατὸς
3016 4520 3278 4588 τρόπος
3335 4527 3499 4580 οὐδ’
3560 4530 3611 4581 ἄ

744 4619 855 4672 ιιωο
879 4617 944 4671 de
967 4617 1103 4671 serie
1128 4614 1269 4667 dicta
1283 4613 1406 4667 sint.

2359 4605 2392 4673 ἢ
2424 4605 2508 4657 διά
2545 4605 2701 4674 μόνου
2728 4606 2822 4658 τοῦ
2861 4608 3126 4679 Σωτῆρος
3165 4611 3610 4683 Θεραπεὶας

2358 4696 2425 4747 τὰ
2453 4695 2644 4748 ἀνίατα
2663 4697 2762 4766 τῆς
2789 4697 2967 4768 ψυχῆς
3000 4701 3179 4772 πάθη
3235 4705 3609 4762 ἰάσασθαι

2355 4785 2525 4838 ταῦτα
2561 4787 2656 4856 μὲν
2676 4789 2754 4851 εἰς
2776 4789 2871 4860 τὴν
2897 4792 3289 4850 ἀκολουθίαν
3341 4803 3418 4852 εἰ
3433 4806 3608 4873 ρήσο

2431 4847 2717 4948 Σημέιώσῃ
2736 4847 2938 4942 δὲ,’δτι
2971 4847 3298 4957 δεύτεέᾷέι

2365 4963 2557 5032 φητεία
2591 4964 2832 5033 ἔγκειται
2855 4972 2923 5039 τῇ
2956 4970 3150 5043 βίϐλῳ
3198 4977 3370 5032 τῶν
3453 4981 3606 5036 ‘Ya.

2367 5056 2562 5127 πρώτῳ
2589 5059 2745 5129 μέρει
2795 5061 2939 5113 κατά
2976 5062 3076 5116 τὸν
3121 5073 3256 5134 ιγ’,
3324 5070 3417 5122 ὲν
3487 5073 3585 5126 δὲ

2368 5147 2434 5248 ea
2455 5148 2805 5248 προκείμενα.
2856 5151 3062 5220 Σχεδὸν
3097 5156 3258 5228 γὰρ
3320 5161 3608 5226 αὐτοῖς

2371 5237 2469 5340 ζῇς
2488 5238 2659 5340 ’μέχρι
2700 5241 2886 5340 τέλούς
2902 5217 3017 5296 *καὶ
3054 5248 3093 5299 ὁ
3114 5217 3241 5317 tne"
3297 5250 3343 5300 ὁ
3357 5269 3467 5322 μο

2371 5326 2671 5432 ἀρχόμενος
2714 5332 2807 5403 μὲν
2833 5332 2944 5386 ἀπὸ
2985 5336 3123 5390 τοῦ·
3209 5339 3515 5397 Εἶπεν

2373 5421 2744 5518 αύτοῦοιοῠκ
2794 5421 2928 5479 ἐστι
2977 5430 3182 5498 Θεόςο
3285 5435 3598 5492 τελευτ

2375 5501 2553 5558 δώσει
2583 5508 2658 5564 ἐκ
2694 5513 2844 5570 Σιὼν
2865 5515 2935 5568 τὸ
2975 5521 3397 5594 Σωτήριον
3432 5530 3592 5585 toi

815 4875 1046 4931 Observa
1103 4889 1260 4944 porro
1315 4875 1450 4928 hanc
1503 4873 1831 4943 prophetiam
1893 4872 1978 4929 bis
2030 4887 2082 4924 in
2123 4870 2261 4925 libro

747 4963 1076 5019 Psalmorum
1113 4964 1256 5026 ferri,
1312 4963 1365 5015 in
1419 4963 1586 5031 prima
1620 4971 1785 5031 parte,
1841 4963 2045 5030 psalmo
2105 4961 2261 5013 tertio

751 5053 988 5118 decimo;
1024 5055 1077 5106 in
1106 5052 1360 5115 secunda,
1381 5068 1445 5107 eo
1475 5067 1629 5122 quem
1647 5053 1755 5120 jam
1783 5059 2094 5104 tractamus.
2123 5049 2256 5103 Nam

752 5157 782 5194 a
817 5143 1073 5210 principio
1102 5143 1168 5195 ad
1197 5144 1371 5205 linem,
1402 5141 1587 5196 iisdem
1617 5141 1723 5196 fere
1749 5141 1924 5195 verbis
1955 5141 2096 5208 jacet
2120 5139 2265 5192 deci-

752 5247 872 5284 mus
904 5231 1091 5284 tertius
1121 5247 1183 5284 ac
1233 5247 1462 5299 praesens
1494 5232 1761 5300 psalmus;
1799 5232 1880 5284 his
1917 5231 2091 5284 verbis
2137 5229 2269 5282 inci-

755 5322 924 5388 piens,
955 5320 1097 5372 Dixit
1128 5323 1370 5388 insipiens
1395 5323 1449 5375 in
1487 5323 1638 5377 corde
1668 5340 1758 5376 suo
1782 5340 1799 5376 :
1825 5321 1947 5375 Non
1988 5329 2063 5374 est
2092 5319 2264 5383 Deus;

757 5408 838 5462 his
854 5424 977 5462 vero
992 5408 1258 5473 desinens,
1278 5412 1403 5475 Quis
1425 5411 1574 5464 dabit
1585 5428 1643 5465 ex
1663 5411 1786 5466 Sion
1798 5412 2037 5467 Salutare
2058 5409 2226 5464 Israel
2248 5411 2271 5461 ?

757 5508 872 5545 cum
893 5497 1188 5549 converterit
1215 5497 1462 5552 Dominus
1485 5503 1835 5569 captivitatem
1851 5501 2008 5569 plebis
2022 5514 2148 5568 sure,
2179 5514 2269 5552 ex-

826 5643 871 5675 "
914 5641 1055 5698 Psal.
1089 5661 1174 5714 ιι,
1208 5647 1256 5701 7.
1330 5651 1371 5682 ⁷³
1409 5652 1536 5707 ibid.
1571 5653 1657 5709 10.
