3812 6344
1387 420 1877 482 ΕΟΜΜΕΝΤᾹΒΙΔ
1908 422 1972 476 IN
2010 423 2338 478 PSALMOS.

248 500 510 609 IW‘
587 522 871 593 Κύριον
913 534 1041 605 τὴν
1090 543 1491 609 αἰχμαλωσίαν
1529 537 1634 592 τοῦ
1661 538 1809 591 λαοῦ

1910 535 2122 591 saltabit
2154 537 2313 590 Jacob
2371 546 2419 589 et
2476 536 2736 591 laetabitur
2764 534 2949 589 Israel.
3000 535 3220 590 Modicis
3247 536 3462 609 autemi

98 484 164 533 853

258 576 318 588 ν-
692 576 844 593 rw"
917 576 1026 605 ...ι
1090 576 1477 609 μιλυιανιωυιιυ
1533 576 1630 592 ιυυ
1661 576 1807 591 mm,

121 576 328 712 ῗξζθθ
340 600 913 712 ’.ῗωέλιάσεται
988 631 1196 694 Ιακὼϐ,
1235 631 1331 683 καὶ
1355 627 1813 698 εὐφρανθήσεται

160 688 444 803 ἱῗσνρίλήξλ
472 696 823 803 ’Βρῗιζιεῖαι
905 716 971 768 δὲ
1024 688 1194 785 λέξεις
1233 719 1328 790 τὴν
1386 688 1812 787 ἐν’ἀμφοτέροις

184 780 882 883 ὶίἐὲορῶδέρτάξονται-
939 806 1033 857 Ἐν
1069 780 1182 876 sit?
1212 780 1317 875 τάξ»
1365 810 1429 876 τῇ
1482 780 1813 876 «regem

204 880 292 969 ubi
320 884 388 949 ι’(
418 880 510 944 δίς
536 882 610 934 τὸ
644 889 849 955 τέλος
899 893 988 957 τῷ
1026 896 1201 949 Δαυῖδ
1228 896 1453 963 ἐλέγετοο
1491 899 1519 948 6
1547 896 1602 948 δὲ
1630 894 1813 964 παρὼν

225 989 333 1052 ἔχει.
355 974 443 1048 μὲν
466 971 570 1045 τὴν
599 977 789 1049 αὑτὴν
831 984 1025 1054 ῥῆσιν,
1062 986 1335 1049 πλεονάζει
1355 986 1409 1036 δὲ
1439 988 1494 1037 ἐν
1521 985 1596 1054 τῷ
1614 984 1809 1051 λέγειν,

232 1073 385 1137 ὑπὲρ
407 1067 671 1131 Μαελὲθ,
705 1072 1056 1140 συνέσεως.
1098 1077 1154 1128 '0
1181 1076 1278 1145 μὲν
1322 1075 1563 1137 Ἀκύλας,
1596 1076 1690 1127 ἐπὶ
1717 1093 1813 1143 χο-

235 1166 396 1231 ρείᾳ,
422 1161 798 1231 ἡρμήνευσεν·
838 1167 870 1216 6
902 1167 961 1218 δὲ
1003 1167 1309 1237 Σύμμαχος,
1343 1166 1437 1219 διὰ
1481 1165 1678 1235 χοροῦ·
1709 1168 1737 1217 6
1759 1166 1814 1217 δὲ

222 1253 555 1315 Θεώοτὶων,
588 1253 744 1320 ὑπὲρ
776 1254 894 1321 τῆς
914 1259 1166 1324 χορείας,
1194 1258 1284 1308 καὶ
1312 1260 1343 1326 ἡ
1370 1257 1584 1326 πεμπτὴ
1612 1257 1813 1319 ἕκδοσις

243 1342 529 1404 ὡσαύτως.
580 1344 931 1411 Ἀναγκαίως
973 1347 1028 1398 δέ
1080 1348 1353 1416 πρόκειται
1394 1348 1472 1409 τὸ,
1495 1348 1810 1410 συνέσεως·

239 1434 548 1502 ἐπειδήπερ
574 1436 847 1497 συνέσεως
870 1438 1000 1504 ἡμῖν
1025 1435 1102 1487 δεῖ
1120 1436 1249 1505 πρὸς
1275 1438 1330 1487 τὸ
1355 1436 1537 1505 νοῆσαι
1565 1436 1644 1497 τίς
1672 1437 1812 1487 ἐστιν

244 1524 284 1591 ἡ
327 1524 503 1592 χορεία
536 1525 570 1592 ἡ
600 1523 690 1575 διὰ
735 1526 835 1594 τῆς
880 1525 1199 1595 προγραφῆς
1261 1525 1571 1594 δηλουμένη,
1610 1526 1699 1577 καὶ¹
1734 1524 1813 1588 τίς

234 1615 275 1664 ὸ
310 1615 485 1681 λόγος,
507 1614 635 1666 καθ’
668 1616 728 1665 ὂν
760 1614 903 1676 απαξ
960 1613 1333 1684 προλεχθείσης
1358 1615 1452 1682 τῆς
1490 1614 1815 1683 προφητείας

238 1706 399 1757 κατὰ
429 1705 515 1756 τὸν
555 1704 627 1771 ιγ’
661 1704 917 1771 δεύτερον
963 1702 1189 1754 ἐνταῦθα
1233 1704 1606 1771 παρείληπται.
1639 1704 1708 1754 Τὸ
1736 1703 1811 1765 δὲ,

3243 384 3427 478 ’454

1914 628 2091 681 verbis
2122 627 2275 681 ambo
2306 625 2576 681 differunt.
2622 625 2750 679 Nam
2785 626 2835 677 in
2867 626 3019 679 titulo
3057 626 3295 680 decimus
3322 604 3461 719 ιρι-οἱ

1913 716 2021 770 tius
2065 717 2117 768 in
2150 718 2301 783 ﬁnem
2340 715 2502 768 David
2546 716 2725 779 habet,
2774 715 2860 767 hic
2888 729 3013 768 vero
3034 716 3269 768 eamdem
3312 715 3459 783 quid

1911 805 2029 858 dem
2074 805 2385 859 sententiam
2416 804 2657 873 praefert;
2705 803 2797 859 sed
2846 803 2957 857 haec
2994 804 3211 871 insuper
3261 796 3463 866 addit,‘

1910 909 2001 961 pro
2017 892 2293 959 Maheleth,
2312 894 2679 963 intelligentia.
2711 893 2921 961 Aquila,
2952 908 3100 959 super
3117 893 3320 956 chorea,
3348 892 3429 944 in-

1912 992 2229 1053 terpretatus
2252 992 2331 1037 est
2357 1002 2369 1049 ;
2404 982 2774 1054 Symmachus,
2803 997 2891 1048 per
2923 982 3165 1045 chorum;
3188 980 3429 1034 Theodo-

1911 1076 2005 1136 tio,
2041 1091 2132 1142 pro
2149 1074 2331 1127 chorea
2351 1114 2364 1136 ,
2387 1083 2439 1128 et
2461 1075 2645 1143 quinta
2678 1074 2842 1127 editio
2874 1074 3134 1128 similiter.
3168 1073 3430 1129 Necessa-

1912 1164 1992 1216 rio
2024 1173 2198 1217 autem
2246 1163 2595 1231 ἱηιειιιςεηιὶω
2657 1162 2883 1227 dicitur;
2915 1162 3038 1230 quia
3084 1162 3431 1231 intelligentia

1913 1252 2066 1305 nobis
2088 1268 2243 1321 opus,
2270 1262 2327 1307 ut
2352 1253 2623 1322 capiamus
2644 1267 2759 1320 qua:
2789 1252 2859 1305 sit
2904 1252 2992 1303 illa
3022 1251 3234 1316 chorea,
3275 1251 3329 1304 in
3357 1250 3429 1303 ti-

1913 1347 2023 1398 tulo
2054 1346 2321 1410 indicata;
2354 1355 2406 1398 et
2434 1360 2536 1414 qua
2564 1345 2630 1397 de
2662 1358 2843 1409 causa,
2893 1343 3053 1397 semel
3082 1343 3284 1411 prolata
3308 1356 3432 1411 pro-

1914 1437 2089 1505 phetia
2135 1438 2187 1488 in
2212 1437 2417 1504 psalmo
2447 1436 2653 1489 decimo
2685 1434 2864 1496 tertio,
2894 1432 3128 1486 secundo
3168 1433 3252 1485 hic
3281 1446 3433 1500 repe—

1913 1534 2071 1579 tatur.
2104 1524 2234 1579 lllud
2267 1534 2460 1586 autem,
2503 1526 2556 1576 in
2589 1525 2761 1591 ﬁnem,
2791 1522 2931 1591 quod
2964 1522 3017 1574 in
3040 1527 3261 1587 utroque
3303 1519 3434 1588 legi-

1911 1624 2017 1676 tur,
2051 1623 2254 1682 tempus
2288 1626 2393 1680 quo
2437 1610 2640 1677 impleri
2678 1608 2871 1663 debent
2926 1622 3043 1676 quae
3084 1607 3136 1659 in
3158 1606 3434 1674 prophetia

1914 1702 2153 1755 feruntur
2183 1700 2578 1770 signiﬁcaverit.
2634 1698 2767 1763 Quia
2817 1698 2958 1751 enim
3010 1697 3063 1749 in
3096 1710 3435 1750 consumma-

231 1797 346 1856 εἰς
370 1796 554 1856 τέλος,
583 1796 644 1845 ἐν
662 1793 992 1862 ἀμφοτέροις
1010 1792 1267 1860 κείμενον,
1295 1782 1611 1860 σημαντικὸν
1639 1792 1699 1844 ἂν
1728 1791 1808 1862 εἴη

1912 1794 2055 1845 tione
2082 1794 2282 1854 sazculi,
2315 1792 2556 1843 Salutare
2579 1790 2670 1843 Dei
2695 1788 2833 1858 quod
2864 1788 2916 1840 in
2940 1797 3078 1841 terra
3131 1785 3435 1840 hominibus

226 1883 358 1934 τοῦ
380 1884 567 1951 χρόνου
598 1882 727 1935 καθ’
748 1882 806 1931 ὃν
832 1882 1059 1951 ἤμελλεν
1105 1881 1467 1932 ἀποτελεῖσθαι
1511 1880 1577 1931 τὰ
1609 1898 1809 1950 προφη-

1910 1881 2101 1942 illuxit,
2132 1880 2380 1932 choream
2412 1878 2689 1931 constituit
2740 1893 2803 1931 ex
2830 1876 3077 1929 omnibus
3104 1874 3350 1944 gentibus
3379 1872 3436 1925 in

228 1974 540 2041 τευόμενα.
608 1971 835 2041 Ἐπειδὴ
879 1971 985 2040 γὰρ
1033 1970 1171 2023 κατὰ
1213 1972 1310 2041 τὴν
1364 1971 1664 2023 συντέλειαν
1718 1972 1809 2023 τοῦ

224 2061 468 2123 αἰῶνος,
490 2061 551 2111 τὸ
579 2062 862 2127 Σωτήριον
892 2060 983 2112 τοῦ
1010 2059 1162 2120 Θεοῦ,
1190 2059 1443 2125 ἐπιφανὲν
1470 2060 1578 2119 τοῖς
1608 2059 1695 2109 ἐπὶ
1712 2059 1811 2126 γῆς

1907 1969 2141 2023 Ecclesia
2170 1969 2335 2036 ipsius
2364 1976 2756 2037 eongregatam,
2787 1966 2853 2019 ad
2881 1968 3105 2037 hymnos
3133 1974 3183 2019 et
3210 1964 3435 2034 gloriam

1905 2060 2047 2112 Patri
2079 2060 2244 2127 ipsius
2266 2057 2632 2122 referendam;
2657 2057 2778 2124 jure
2806 2057 2868 2109 ad
2895 2057 3018 2109 talis
3044 2056 3250 2108 choreae
3281 2054 3437 2107 intel-

220 2148 589 2218 ἀνθρώποις,
647 2150 867 2218 χορείαν
927 2150 1280 2217 συνεστήσατο
1325 2149 1420 2218 τὴν
1469 2147 1526 2211 ἐξ
1569 2150 1809 2201 ἁπάντων

1910 2149 2174 2219 ligentiam
2202 2163 2298 2202 nos
2323 2163 2497 2202 sermo
2542 2148 2789 2200 concitat.
2817 2146 2879 2198 Et
2908 2147 3026 2198 vide
3057 2146 3206 2207 mihi,
3231 2160 3433 2214 quaeso,

218 2238 370 2287 τῶν
398 2238 564 2289 ἐθνῶν
596 2240 654 2289 ἐν
688 2241 755 2307 τῇ
806 2240 1093 2308 Ἐκκλησία
1118 2238 1278 2291 αὑτοῦ
1330 2238 1809 2306 συγκροτουμένην,

218 2329 341 2388 εἰς
363 2327 561 2396 ὕμνους
588 2328 685 2379 καὶ
730 2327 1031 2395 δοξολογίας
1056 2328 1147 2381 τοῦ
1174 2328 1329 2380 αὐτοῦ
1358 2328 1580 2397 Πατρός·
1600 2329 1815 2389 εἰκότως

222 2417 352 2467 ἐπὶ
374 2416 586 2467 σύνεσιν
618 2418 769 2486 ἡμᾶς
792 2417 992 2485 ταύτης
1020 2418 1115 2486 τῆς
1152 2418 1361 2486 χορείας
1381 2419 1408 2468 6
1434 2416 1584 2483 λόγος
1614 2433 1813 2486 παρορ-

231 2508 360 2573 μᾷ.
380 2507 487 2558 Καὶ
508 2508 617 2575 ὅρα.
645 2507 709 2558 τὸ
740 2507 1063 2575 παράδοξον·
1088 2508 1385 2576 προγράφει
1421 2505 1515 2574 μὲν
1544 2505 1649 2575 γὰρ
1667 2505 1814 2571 ὑπὲρ

228 2593 372 2659 τῆς
396 2596 660 2661 χορείας,
689 2595 724 2665 ἢ
763 2595 914 2662 ὑπὲρ
954 2596 1056 2648 τοῦ
1093 2595 1290 2663 χοροῦ,
1317 2596 1517 2662 εἰσάγει
1540 2595 1593 2646 δὲ
1629 2594 1812 2647 οὐδένα

231 2684 354 2733 ἐπὶ
385 2685 479 2753 γῆς
509 2685 807 2755 ἄνθρωπον
841 2686 1192 2751 ἀγαθὸν,ούδέ
1220 2684 1464 2737 ποιοῦντα
1484 2684 1811 2755 χρηστότητα

229 2771 362 2833 ἓως
406 2776 543 2837 ἐνὸς,
599 2774 780 2841 λέγων
828 2774 967 2843 έξῆς·
1017 2777 1224 2839 Κύριος
1279 2773 1344 2824 ἐκ
1395 2772 1496 2825 τοῦ
1558 2771 1811 2838 οὐρανοῦ

231 2858 543 2929 διέκυψεν
568 2864 672 2915 ἐπὶ
703 2863 844 2926 τοὺς
865 2863 1027 2926 υἱοὺς
1056 2864 1169 2916 τῶν
1191 2862 1520 2929 ἀνθρώπων,
1545 2863 1644 2915 τοῦ
1667 2862 1810 2915 ἰδεῖν

1906 2254 2017 2293 rem
2053 2240 2333 2307 permiram
2361 2258 2372 2291 :
2403 2239 2527 2291 dum
2556 2237 2695 2290 enim
2726 2237 2865 2289 hunc
2893 2237 3103 2287 titulum
3153 2235 3301 2298 edit,
3342 2249 3436 2300 pro

1913 2330 2093 2382 chorea
2114 2330 2193 2381 vel
2215 2345 2305 2397 pro
2349 2328 2531 2389 choro,
2582 2327 2784 2380 nullum
2835 2341 2953 2380 esse
3000 2325 3215 2379 interra
3237 2327 3435 2378 bonum

1914 2415 2201 2481 hominem,
2260 2432 2324 2470 ac
2359 2433 2425 2471 ne
2456 2418 2534 2470 vel
2569 2432 2729 2469 unum
2781 2416 2869 2483 qui
2929 2416 3104 2469 faciat-
3146 2415 3435 2468 bonitatem

1912 2508 2172 2569 enuntiat,
2196 2508 2378 2562 dicens
2425 2510 2479 2562 in
2525 2509 2869 2576 sequentibus
2898 2524 2910 2557 :
2946 2507 3199 2559 Dominus
3221 2506 3281 2559 de
3312 2506 3435 2559 caelo

1912 2598 2168 2665 prospexit
2187 2614 2339 2665 super
2367 2599 2505 2665 ﬁlios
2537 2599 2819 2658 hominum,
2873 2608 2928 2649 ut
2977 2596 3143 2649 videat
3180 2596 3225 2647 si
3253 2603 3327 2647 est
3358 2595 3435 2647 ia-

1911 2687 2141 2755 telligens
2175 2699 2263 2741 aut
2297 2690 2555 2757 requirens
2611 2688 2788 2741 Deum.
2821 2688 3006 2740 Omnes
3035 2687 3436 2746 declinaverunt,

1910 2778 2066 2829 simul
2094 2778 2297 2830 inutiles
2325 2779 2450 2846 facti
2478 2788 2631 2840 sunt;
2666 2793 2764 2829 non
2795 2786 2869 2829 est
2902 2778 2988 2845 qui
3037 2776 3198 2844 faciat
3228 2776 3436 2837 bonum,

1909 2881 2008 2917 non
2047 2875 2122 2917 est
2160 2883 2315 2934 usque
2342 2867 2407 2918 ad
2435 2883 2610 2918 unum.

228 2954 303 3003 εὶ
340 2953 464 3004 ἐστι
507 2952 749 3005 συνιὼν
811 2952 905 3003 καὶ
957 2951 1207 3017 ἐκζητῶν
1257 2952 1359 3003 τὸν
1408 2954 1566 3005 Θεόν.
1633 2952 1854 3017 Πάντες
1889 2953 2231 3019 ἐξέκλιναν,
2286 2955 2403 3023 ἅμα
2450 2954 2886 3021 ήχρειώθησαν,
2932 2956 3039 3005 οὐκ
3087 2952 3214 3004 ἐστι
3258 2949 3435 3005 ποιῶν

231 3046 497 3113 ἀγαθὸν,
549 3046 668 3096 οὐκ
697 3043 870 3096 ἐστιν
895 3044 1002 3107 ἕως
1019 3044 1171 3106 ἑνός.

328 3156 386 3207 El
409 3155 467 3206 δὲ
498 3150 597 3206 οὖν
618 3154 847 3205 τοιαῦτα
864 3148 927 3221 ἦν
952 3152 1017 3204 τὰ
1068 3154 1122 3203 ἐν
1162 3151 1476 3223 ἀνθρώποις,
1510 3153 1582 3214 ὼς
1616 3153 1809 3223 μηδένα

1983 3154 2038 3208 Si
2064 3155 2241 3223 itaque
2270 3156 2346 3208 sic
2378 3169 2435 3209 se
2463 3169 2549 3209 res
2586 3153 2851 3208 habebant
2892 3154 3025 3222 apud
3063 3154 3305 3209 homines
3328 3194 3341 3216 .
3380 3166 3435 3211 ut

234 3243 454 3309 ἀγαθὸν
481 3241 845 3313 εὑρίσκεσθαι
873 3243 928 3292 ἐν
949 3245 1055 3303 τοῖς
1085 3243 1212 3303 υἱοῖς
1240 3241 1668 3311 τῶνάνθρώπων,
1698 3243 1810 3306 πῶς

236 3333 391 3402 ὑπὲρ
422 3335 521 3402 τῆς
549 3332 779 3401 χορείας
815 3330 885 3381 τὰ
934 3331 1029 3397 τῆς
1078 3330 1391 3399 προγραφῆς
1448 3330 1690 3397 λέγεσθαι
1721 3347 1812 3399 ση-

245 3422 461 3488 μαίνει;
526 3421 675 3473 Ἀλλ’
736 3422 897 3486 ἐρεῖς,
938 3420 1036 3481 ὅτι,
1080 3418 1261 3487 ἐπειδὴ
1308 3420 1500 3480 πάντες
1548 3418 1811 3483 ἐξέκλιναν

241 3513 357 3577 ἓως
378 3517 517 3578 ἑνὸς,
549 3512 924 3581 διεφθάρησάν
945 3529 1002 3563 τε
1034 3514 1081 3564 οί
1132 3514 1221 3565 ἐπὶ
1246 3513 1345 3581 γῆς
1371 3513 1460 3564 καὶ
1498 3512 1809 3581 ἐϐδελύχθη-

248 3619 356 3654 σαν
377 3607 433 3656 ἐν
466 3601 751 3671 ἁνομίαις,
801 3598 1017 3661 εἰκότως
1069 3601 1097 3651 6
1146 3601 1419 3669 προφήτης
1470 3600 1731 3668 ἐπηύξατο
1756 3602 1810 3651 ἐν

244 3694 362 3754 τοῖς
382 3693 526 3762 μετὰ
568 3689 750 3743 ταῦτα
795 3687 979 3739 εἰπών·
1011 3689 1103 3752 Τις
1124 3688 1295 3741 δώσει
1338 3690 1404 3740 ἐκ
1430 3687 1579 3740 Σιὼν
1604 3688 1668 3739 τὸ
1693 3691 1807 3739 Σω-

248 3781 453 3847 τήρων
499 3781 612 3835 τοῦ
658 3778 932 3845 Ἰσραήλ;
972 3779 1041 3831 ἐν
1084 3777 1163 3842 τῷ
1200 3778 1543 3845 ἐπιστρέψαι
1601 3780 1812 3844 Κύριον

244 3870 365 3935 τὴν
388 3869 818 3940 αἰχμαλωσίαν
841 3868 942 3920 τοῦ
969 3868 1119 3920 λαοῦ
1150 3868 1348 3929 αὑτοῦ,
1397 3865 1811 3935 ἀγαλλιάσεται

264 3957 479 4024 Ἰακὼϐ,
519 3958 626 4011 καὶ
667 3952 1136 4023 εὐφρανθήσεται
1172 3953 1414 4020 Ἰσραήλ.
1473 3956 1677 4008 Συνεῖδε
1706 3958 1810 4025 γὰρ

250 4051 321 4117 τῇ
373 4047 694 4120 προγνώσει
747 4044 841 4097 τοῦ
876 4045 1175 4114 πνεύματος
1228 4046 1318 4097 τοῦ
1362 4048 1710 4116 προφητικού,
1738 4048 1807 4110 ὡς

251 4138 358 4204 ἄρα
389 4142 481 4192 διὰ
536 4139 637 4190 τοῦ
671 4136 942 4204 Σωτηρίου
993 4134 1216 4203 ἤμελλεν
1259 4138 1290 4205 ἡ
1341 4137 1673 4205 αἰχμαλωσία
1717 4138 1808 4190 τοῦ

254 4222 376 4279 λαοῦ
408 4227 771 4296 ἐπιστρέφειν
826 4224 917 4275 καὶ
944 4222 1344 4293 ἐλευθεροῦσθαι
1380 4226 1475 4295 τῆς
1513 4226 1618 4278 τῶν
1654 4226 1808 4278 πολε-

254 4316 389 4381 μῖων
442 4316 788 4375 δυναστείας·
824 4311 896 4369 ὧν
920 4315 1356 4384 ἐπιτελουμένων,
1386 4317 1416 4383 ἡ
1446 4316 1535 4368 τοῦ
1563 4315 1691 4367 Θεοῦ
1725 4333 1811 4385 χο·

261 4406 371 4472 ρεία
403 4408 696 4460 συνίστατο
716 4405 775 4468 ἐξ
802 4406 977 4458 αὐτῶν
997 4406 1212 4456 ἐκείνων
1236 4405 1340 4456 τῶν
1360 4405 1809 4475 ἐλευθερουμένων

257 4492 350 4560 τῆς
396 4495 807 4566 αἰχμαλωσίας.
862 4494 1095 4555 Εἰκότως
1143 4490 1231 4545 οὖν
1280 4495 1357 4555 είς
1388 4494 1445 4545 τὸ
1492 4494 1637 4556 τέλος
1685 4497 1809 4547 ἀνα-

158 4568 165 4573 .
252 4581 531 4651 ’πέμπεται
580 4585 652 4636 τὰ
702 4583 987 4651 λεγόμενα,
1035 4586 1125 4635 καὶ
1159 4584 1307 4649 ὑπὲρ
1346 4583 1600 4644 Μαελὲθ,
1659 4601 1807 4636 τουτ-

250 4668 393 4729 έστιν
428 4675 589 4741 ὑπὲρ
632 4672 743 4737 τῆς
769 4674 1026 4739 χορείας.
1049 4673 1305 4726 λέλεκται·
1333 4674 1459 4724 ὡσεὶ
1487 4676 1806 4746 σαφέστερον

244 4756 582 4833 ⁴’ἷρξλιήνευιττλ
603 4763 747 4831 ὑπὲρ
764 4761 872 4812 τῶν
900 4761 1466 4833 ἐλευθερωθησομένων
1494 4767 1586 4833 τῆς
1616 4767 1806 4835 αἰχμα-

234 4839 463 4915 λωσίας
500 4852 693 4920 διόπερ
756 4850 850 4900 καὶ
906 4850 983 4909 εἰς
1028 4852 1230 4904 σύνεσιν
1294 4854 1434 4920 ἡμᾶς
1483 4853 1804 4923 ἀναπέμπει.

228 4928 475 5013 Εῖρηται
528 4942 619 5002 δὲ,
673 4939 754 5001 τῷ
806 4938 1007 4998 Δαυῖδ,
1068 4944 1099 5009 ἡ
1148 4942 1467 5011 προφητεία,
1509 4943 1596 4993 ὑπ’
1648 4945 1807 4997 αὑτοῦ

217 5015 513 5102 λεχθεῖσα.
546 5030 641 5080 Διὸ
672 5027 831 5096 παρὰ
891 5031 1000 5089 τοῖς
1054 5031 1247 5093 λοιποῖς
1303 5034 1670 5099 ἑρμηνευταῖς,
1706 5035 1808 5088 τοῦ

209 5108 433 5184 Δαυτά
463 5119 914 5186 ἐπιγέγραπται.
954 5119 1058 5169 Καὶ
1107 5121 1246 5172 ἔστιν
1270 5121 1438 5170 εἰπεῖν
1480 5121 1551 5182 ὡς
1576 5124 1680 5190 ἄρα
1713 5125 1809 5176 αύ-

199 5199 314 5273 ’ἴῂς
346 5213 375 5261 ὁ
422 5209 607 5269 Δαυῖδ,
666 5205 974 5272 προφήσας
1027 5207 1103 5256 τό·
1142 5206 1281 5272 Ἐγὼ
1330 5206 1395 5255 δὲ
1443 5207 1577 5259 ὡσεὶ
1634 5210 1809 5263 ἐλαία

186 5290 606 5367 ξατάκφπος
632 5295 712 5345 ἐν
740 5290 829 5352 τῷ
860 5292 1006 5354 οἴκῳ
1034 5295 1138 5347 τοῦ
1170 5294 1330 5352 Θεοῦ,
1365 5293 1586 5358 ἤλπισα
1616 5298 1717 5351 ἐπὶ
1743 5302 1807 5353 τὸ

179 5366 375 5467 ἕξεως
402 5392 517 5445 τοῦ
549 5383 744 5443 θεοῦ,
798 5380 912 5430 οὐκ
961 5383 1129 5445 ἄλλως
1160 5383 1430 5443 τεύξεσθαι
1485 5386 1575 5437 τοῦ
1621 5388 1808 5454 ἐλέους

173 5469 462 5545 Ἴττῖστατο
497 5478 531 5545 ἦ
571 5471 675 5525 διὰ
709 5466 820 5518 τοῦ
870 5472 1333 5540 προφητευομένου
1380 5475 1654 5541 σωτηρίου.
1717 5482 1808 5532 Διὸ

157 5541 243 5620 ἐκ.
266 5578 363 5649 μὲν
392 5572 478 5641 τῷ
512 5541 561 5619 ,ιι
588 5562 831 5623 ἐλεγενο
887 5556 1133 5624 Ἀπόδος
1169 5577 1261 5627 μοι
1307 5558 1415 5625 τὴν
1442 5562 1807 5630 ἀγαλλίασιν

244 5738 282 5767 η
320 5722 475 5783 ρεοι,
520 5729 594 5773 ι,
646 5703 747 5756 14.

1914 3245 2090 3297 nullus
2118 3244 2173 3295 in
2208 3242 2329 3296 (iliis
2365 3241 2637 3295 hominum
2666 3241 2839 3294 bonus
2881 3242 3235 3308 reperiretur,
3271 3258 3435 3309 quare

1913 3348 2006 3401 pro
2037 3333 2228 3385 chorea
2260 3332 2519 3400 psalmum
2555 3328 2660 3381 dici
2690 3330 2966 3396 inscriptio
2999 3331 3291 3397 signiﬁcat?
3334 3330 3434 3385 Ve-

1912 3438 2027 3475 rum
2077 3422 2261 3483 dicas,
2308 3420 2431 3487 quia
2480 3433 2664 3472 omnes
2711 3417 3105 3471 declinaverant
3146 3436 3315 3488 usque
3365 3421 3434 3473 ad

1914 3524 2095 3573 unum,
2129 3524 2191 3561 ac
2215 3507 2449 3575 corrupti
2488 3513 2637 3559 erant
2667 3507 2758 3574 qui
2788 3507 2841 3571 in
2872 3516 3013 3561 terra
3044 3511 3395 3563 versabantur
3415 3549 3432 3573 ,

1908 3608 1961 3653 et
1987 3597 2367 3651 abominabiles
2398 3596 2521 3649 lacti
2542 3602 2694 3649 erant
2726 3596 2779 3649 in
2811 3597 3213 3665 iniquitatibus;
3244 3601 3433 3653 merito

1908 3688 2215 3759 prophetam
2245 3686 2660 3755 insequentibus
2690 3696 2959 3755 precatum
2992 3687 3076 3741 his
3098 3689 3273 3742 verbis
3292 3705 3430 3753 esse,

1910 3779 2034 3843 Quis
2053 3777 2195 3829 dabit
2233 3790 2295 3829 ex
2325 3774 2449 3828 Sion
2475 3774 2718 3829 Salutare
2749 3773 2958 3829 Israel?
2984 3791 3097 3828 cum
3137 3780 3435 3832 converterit

1907 3869 2156 3922 Dominus
2181 3868 2525 3935 captivitatem
2572 3865 2729 3933 plebis
2754 3881 2882 3928 sure,
2923 3868 3200 3920 exsultabit
3238 3866 3432 3932 Iacob,

1907 3968 1954 4011 et
1992 3958 2249 4012 laetabitur
2287 3956 2475 4010 Israel.
2508 3955 2636 4008 Nam
2672 3942 2960 4024 prophetici
2992 3958 3213 4024 spiritus
3255 3961 3434 4014 alllatu

1909 4057 2148 4112 n0verat,
2180 4063 2271 4117 per
2307 4048 2549 4100 Salutare
2581 4046 2707 4098 illud
2728 4086 2742 4106 ,
2770 4047 3122 4113 captivitatem
3152 4049 3319 4115 plebis
3348 4066 3434 4104 rc-

1909 4153 2179 4193 versuram
2210 4146 2262 4191 et
2289 4137 2617 4191 liberandam
2644 4152 2763 4189 esse
2789 4152 2850 4189 ex
2900 4136 3231 4195 inimicorum
3261 4138 3432 4192 domi-

1908 4236 2056 4283 natu.
2088 4228 2289 4293 Quibus
2319 4226 2577 4279 absolutis
2601 4264 2616 4287 ,
2668 4225 2758 4279 Dei
2791 4225 3041 4278 choream
3085 4240 3147 4278 ex
3182 4227 3365 4279 iisdem
3400 4244 3429 4282 a

1909 4320 2211 4388 captivitate
2240 4319 2475 4371 liberatis
2497 4315 2920 4371 constituendam
2947 4331 3084 4370 esse.
3117 4315 3243 4370 Jure
3272 4318 3429 4387 igitur

1908 4409 2019 4462 haec
2034 4409 2174 4462 dicta
2188 4407 2252 4460 ad
2281 4408 2435 4461 linem
2460 4407 2814 4467 remittuntur,
2839 4420 2929 4471 pro
2951 4404 3223 4469 .Haheletlt,
3242 4407 3293 4459 id
3322 4415 3425 4469 est,

1907 4514 2000 4566 pro
2029 4499 2210 4549 chorea
2260 4496 2400 4549 dibta
2446 4504 2571 4549 sunt
2601 4515 2613 4548 :
2653 4511 2715 4547 ac
2743 4496 2784 4548 si
2816 4495 3013 4549 clarius
3047 4496 3427 4564 explicaretur.

1909 4604 2005 4657 pro
2036 4588 2101 4641 iis
2132 4587 2220 4654 qui
2252 4586 2506 4639 liberandi
2535 4593 2658 4639 sunt
2704 4600 2732 4636 a
2773 4584 3105 4653 captivitate;
3136 4600 3300 4654 quare
3330 4601 3428 4640 nos

1910 4677 1976 4730 ad
2005 4676 2401 4745 intelligentiam
2434 4675 2672 4727 remittit.
2704 4673 2850 4726 Dicta
2887 4682 3060 4727 autem
3083 4684 3164 4727 est
3197 4676 3427 4743 prophe-

1908 4768 2003 4830 tia,
2032 4766 2236 4828 Davidi,
2283 4766 2403 4834 quia
2438 4766 2503 4817 ab
2551 4765 2663 4831 ipso
2696 4763 2891 4819 Davide
2921 4766 3123 4834 prolata
3150 4783 3161 4829 ;
3196 4779 3429 4833 quapro-

1911 4866 2027 4926 pter
2057 4855 2197 4924 apud
2249 4856 2561 4922 interpretes
2584 4892 2598 4913 ,
2641 4852 2887 4920 Davidis,
2923 4854 3175 4922 inscripta
3213 4864 3309 4907 est.
3351 4855 3427 4910 Ac

1911 4946 2016 4999 dici
2045 4952 2218 5014 potest
2248 4943 2495 4996 Davidem
2520 4980 2534 5005 ,
2567 4942 2653 5010 qui
2688 4950 2808 4996 ante
2833 4943 3071 5006 dixerat,
3120 4941 3229 5011 Ego
3257 4954 3427 4998 autem

1910 5036 2043 5088 sicut
2072 5034 2205 5086 oliva
2255 5032 2522 5101 fructifera
2553 5032 2605 5083 in
2637 5031 2786 5083 domo
2820 5032 2935 5096 Dei,
2967 5033 3163 5100 speravi
3190 5033 3243 5084 in
3272 5035 3427 5087 mise-

1910 5124 2138 5179 ricordia
2170 5124 2284 5187 Dei,
2320 5124 2450 5177 bene
2479 5122 2689 5175 novisse
2725 5136 2782 5174 se
2814 5137 2917 5174 non
2946 5124 3049 5176 alio
3077 5122 3234 5175 modo
3265 5124 3427 5177 mise-

1909 5216 2193 5270 ricordiam
2238 5220 2648 5269 consecuturum
2678 5226 2827 5273 esse,
2880 5226 3038 5280 quam
3072 5227 3165 5281 per
3194 5212 3427 5267 salutare

1908 5303 2038 5357 illud
2066 5302 2205 5372 quod
2251 5303 2303 5355 in
2349 5299 2597 5353 vaticinio
2642 5298 2927 5352 ferebatur.
2973 5298 3325 5363 Quamobrem
3375 5301 3426 5353 in

1909 5392 2347 5461 quinquagesimo
2374 5388 2579 5441 dicebat
2602 5405 2614 5438 :
2650 5384 2817 5440 Redde
2844 5389 2969 5440 mihi
3018 5388 3249 5440 lwtitiam
3270 5387 3427 5441 Salu-

1912 5483 2037 5535 taris
2070 5483 2143 5533 tui
2169 5482 2243 5542 1';
2286 5479 2339 5531 in
2369 5478 2468 5531 hoc
2496 5486 2691 5537 autem,
2719 5476 2845 5541 Quis
2861 5477 3002 5529 dabit
3029 5491 3091 5529 ex
3118 5475 3241 5528 Sion
3271 5475 3429 5530 Salu-

1912 5580 2020 5623 tare
2053 5567 2258 5621 Israel?
2285 5564 2523 5634 liogabat
2560 5563 2753 5633 quippe
2779 5579 3060 5619 commune
3090 5564 3285 5617 bonum
3329 5565 3433 5618 sibi
