3812 6354
670 401 773 453 455

1351 386 1607 444 EUSEBII
1639 378 2100 440 CESARIENSIS
2135 378 2282 434 OPP.
2313 372 2491 428 PARS
2527 366 2696 427 [IL—
2723 367 3078 426 EXEGETICA
3556 368 3575 420 l

671 530 884 584 quoque
909 510 1148 581 "erogari.
1209 507 1454 561 Decimus
1503 503 1695 557 tertius
1746 500 1901 552 etiam
1945 512 2176 568 magnam

2072 512 2184 551 nam
2213 505 2257 558 Α
2285 493 2389 546 τοῦ
2427 489 2713 555 Σωτηρίσυ
2728 503 2857 540 σου·
2893 488 2950 536 ἐν
2981 485 3035 536 δὲ
3047 483 3106 552 τῷ
3127 477 3390 550 προκειμένῃ
3411 478 3504 540 ’Τίς
3517 478 3577 529 δὼς

670 619 794 658 cum
823 599 1152 672 praecedenti,
1187 596 1388 649 scilicet
1406 609 1529 646 cum
1551 591 1884 652 duodecimo,
1918 590 2073 644 habet
2105 591 2185 643 af-

675 691 942 746 ﬁnitatem.
979 686 1106 739 Nam
1151 692 1429 752 postquam
1457 682 1662 750 rogavit
1697 682 1832 734 idem
1882 680 1934 733 in
1986 681 2186 735 duode-

674 783 829 838 cimo,
859 791 919 829 ac
955 775 1111 835 dixit,
1152 773 1445 841 Usquequo,
1498 773 1738 834 Domine,
1770 771 2078 824 Oblivisceris
2110 788 2186 824 me

669 870 721 920 in
750 868 942 934 ﬁnem?
980 879 1234 931 usquequo
1275 864 1458 915 avertis
1517 863 1698 931 faciem
1747 873 1884 914 tuam
1925 879 1956 914 a
1998 879 2074 914 me
2105 863 2188 914 7‘?

671 955 981 1024 quibusdam
1015 960 1198 1021 postea
1230 952 1444 1014 additis,
1486 954 1558 1006 ita
1604 953 1839 1005 claudit:
1875 951 1978 1020 Ego
2020 962 2187 1004 autem

666 1047 718 1096 in
748 1044 1100 1096 misericordia
1139 1051 1227 1093 tua
1255 1044 1468 1109 speravi.
1501 1042 1794 1111 Exsultabit
1824 1058 1910 1093 cor
1940 1059 2102 1094 meum
2132 1043 2186 1093 in

668 1135 904 1190 Salutari
947 1145 1034 1188 tuo
1053 1136 1116 1190 ⁷⁸,
1144 1136 1206 1188 Et
1232 1138 1354 1204 quia
1384 1137 1435 1187 in
1464 1136 1776 1188 duodecimo
1792 1134 2032 1188 Salutare
2057 1135 2184 1187 illud

665 1227 1065 1290 memoravit,in
1094 1227 1298 1280 decimo
1323 1226 1476 1279 tertio
1506 1235 1891 1294 consequenter
1910 1227 1982 1276 ait
2008 1245 2020 1279 :
2059 1226 2184 1290 Quis

664 1316 807 1370 dabit
828 1332 890 1371 ea:
911 1317 1036 1372 Sion
1068 1316 1307 1369 Salutare
1343 1316 1547 1368 Israel?

2288 588 2355 638 ἐκ
2383 583 2532 637 Σιὼν
2578 583 2640 633 τὸ
2675 581 2969 646 Σωτήρων
3023 576 3108 629 τοῦ
3140 571 3358 639 Ἱσραήλς
3398 568 3572 636 Ηύχετο·

2289 674 2381 726 καὶ
2410 671 2552 740 αύτῷ
2578 669 2786 739 δοθῆναι
2811 670 2870 720 τῬ)
2895 668 3062 720 κοινὸν
3077 663 3249 731 ἀγαθόν.
3273 659 3366 712 Καὶ
3388 660 3410 710 ὁ
3430 666 3478 726 ιγ’
3503 660 3541 711 δὲ
3556 679 3576 712 τ

2288 764 2377 815 τὸν
2401 761 2503 832 πρὸ
2534 759 2716 820 αὐτοῦ,
2740 758 2880 824 λέγω
2903 757 2959 808 δὲ
2987 755 3067 806 τὸν
3087 755 3158 806 ιϐ’.
3180 750 3340 819 πολλὴν
3364 743 3472 817 εἶχεν
3497 751 3574 801 itm)

2287 854 2424 906 Θίαν.
2459 851 2759 919 Εύξάμενος
2785 847 2892 916 γὰρ
2941 848 2998 896 ὲν
3025 844 3088 912 τῷ
3114 843 3229 902 ιϐ’,ὁ
3275 839 3410 900 αὐτὸς
3437 840 3508 891 καὶ
3529 842 3578 890 εὶτ

2291 946 2438 1008 ’Ἕως
2475 945 2634 1001 πότε,
2669 940 2864 1004 Κύριε,
2902 934 3142 998 ἐπιλήσῃ
3177 949 3271 1000 μου
3316 931 3393 993 εις
3413 928 3569 994 τέλος

2286 1035 2427 1085 πότε
2455 1027 2843 1095 ἀποστρέφεις
2889 1024 2954 1077 τὸ
3013 1021 3280 1090 πρόσωπόν
3309 1033 3409 1071 σου
3445 1018 3518 1071 ἀπ’
3546 1019 3577 1085 ὲι

2290 1123 2380 1174 καὶ
2412 1121 2478 1173 τὰ
2535 1118 2741 1180 τούτοις
2775 1116 2902 1183 ἑξῆς
2934 1113 3177 1180 συνάψας,
3233 1106 3450 1174 ὲπιλέγεν
3487 1106 3576 1174 Ἐγί

2287 1209 2380 1260 ἐπὶ
2411 1207 2488 1272 τῷ
2509 1207 2661 1260 ἐλέει
2701 1219 2815 1257 σου
2851 1204 3090 1270 ἤλπισα.
3123 1197 3503 1266 Ἀγαλλιὰσεται
3530 1199 3559 1262 ἡ

2289 1300 2385 1350 δία
2408 1316 2523 1366 μου
2552 1299 2645 1349 ἐπὶ
2670 1297 2749 1360 τῷ
2783 1295 3049 1361 Σωτηρίῳ
3067 1307 3180 1345 σου.
3207 1289 3297 1343 Καὶ
3316 1288 3556 1357 ἐπειδήπερ

667 1410 888 1478 μόνευσε
919 1409 1010 1462 τοῦ
1049 1410 1311 1480 Σωτηρίου
1342 1411 1399 1461 ὲν
1429 1408 1505 1478 τῷ
1530 1409 1612 1473 ιϐ’,
1668 1411 1725 1461 ἐν
1772 1410 1843 1479 τῷ
1871 1417 1933 1476 ιγ’
1965 1411 2260 1474 ἀκολούθως
2297 1413 2455 1482 φησί·
2514 1414 2606 1477 Τίς
2665 1411 2842 1464 δώσει
2901 1409 2970 1462 ἐκ
3034 1407 3166 1461 Σιὼν
3223 1405 3280 1458 τὸ
3337 1401 3572 1468 Σωτήρων

671 1500 904 1572 Ἰσραήλ
926 1519 945 1566 ;

732 1593 1016 1664 Inscriptio
1048 1594 1246 1662 itaque,
1277 1608 1393 1662 quae
1441 1592 1603 1645 multa
1638 1599 1754 1662 eget
1803 1593 2148 1662 intelligentia
2168 1631 2183 1657 ,

664 1698 762 1752 pro
803 1683 996 1735 chorea
1037 1682 1310 1734 dicebatur
1356 1695 1451 1748 per
1481 1679 1724 1734 Salutare
1780 1681 1831 1733 in
1883 1683 2186 1734 hominibus

2367 1593 2427 1644 'H
2469 1591 2565 1661 μὲν
2587 1587 2678 1643 οὖν
2705 1587 3024 1659 προγραφὴ,
3055 1583 3227 1653 πολλῆς
3273 1579 3503 1643 συνέσεως
3531 1581 3573 1636 ὗε

2291 1678 2426 1750 ὑπὲρ
2455 1681 2548 1750 τῆς
2587 1680 2799 1750 χορείας
2840 1679 3074 1744 ἐλέγετο,
3125 1675 3213 1744 τῆς
3262 1672 3523 1743 μελλούσης
3567 1675 3574 1720 ἐ

667 1772 1056 1835 constituenda,
1086 1786 1148 1825 ac
1177 1779 1297 1840 post
1327 1770 1618 1825 Salvatoris
1649 1773 1818 1825 nostri
1839 1772 1962 1825 Jesu
1994 1773 2172 1826 Christ

2074 1773 2191 1826 risti
2227 1769 2265 1821 Β
2290 1770 2556 1840 Σωτηρίου
2589 1768 2933 1821 συνίστασθαι
2970 1769 3028 1819 ὲν
3075 1763 3368 1835 ἀνθρώποις·
3405 1761 3508 1830 ἧτις
3532 1763 3573 1832 ’ἐι

667 1863 948 1916 adventum
994 1876 1153 1930 opere
1197 1861 1456 1928 perfecta;
1510 1876 1603 1928 per
1654 1875 1810 1928 quem
1858 1861 1911 1912 in
1943 1863 2192 1915 universo

664 1952 794 2006 orbe
826 1968 928 2004 una
951 1951 1191 2005 constitit
1225 1950 1329 2004 Deo
1351 1951 1564 2012 chorea,
1583 1951 1754 2018 qualis
1775 1950 1887 2002 visa
1919 1967 2188 2020 nunquam

665 2041 859 2103 fuerat,
891 2041 1094 2095 scilicet
1121 2029 1642 2094 catholica'Ecclesia
1671 2039 1781 2103 Dei,
1808 2056 1966 2108 supra
1993 2041 2190 2093 ﬁrmam

665 2131 1095 2199 immobilemque
1113 2131 1362 2184 salutaris
1392 2131 1534 2184 verbi
1566 2140 1769 2199 petram
1799 2130 2034 2182 fundata.
2065 2129 2193 2194 Quae

664 2225 842 2272 autem
872 2219 1024 2272 initio
1065 2218 1354 2287 prophetiae
1386 2221 1670 2280 dicuntur,
1726 2219 1963 2272 omnium
2013 2221 2102 2286 qui
2137 2219 2190 2270 in

665 2315 807 2360 terra
858 2316 982 2363 sunt
1015 2308 1289 2360 hominum
1323 2311 1477 2377 quasi
1528 2309 1859 2378 naufragium
1910 2309 2188 2361 inducunt.

665 2395 798 2449 Nam
827 2399 939 2450 ait:
984 2398 1131 2450 Dixit
1182 2399 1426 2465 insipiens
1475 2400 1527 2451 in
1574 2401 1725 2452 corde
1765 2415 1902 2452 suo:
1955 2398 2072 2451 Non
2113 2407 2189 2450 est

666 2487 824 2540 Deus.
855 2487 1097 2556 Corrupti
1148 2499 1269 2541 sunt
1321 2499 1367 2541 et
1411 2489 1779 2542 abominabiles
1827 2491 1952 2557 facti
1987 2490 2190 2542 suntin

664 2576 934 2645 iniquitate
963 2592 980 2628 :
1011 2592 1112 2628 non
1153 2585 1228 2628 est
1259 2578 1346 2640 qui
1383 2576 1540 2642 faciat
1591 2576 1796 2630 bonum.
1840 2576 2031 2629 Eadem
2064 2592 2191 2630 vero

666 2665 722 2718 in
755 2680 850 2717 xm
908 2665 1209 2728 habentur,
1246 2666 1473 2718 maxime
1525 2666 1814 2718 secundum
1876 2665 2189 2720 liebraicam

665 2753 936 2823 linguam,
978 2752 1032 2805 in
1070 2768 1176 2822 qua
1219 2753 1402 2807 eadem
1454 2755 1634 2814 verba,
1670 2756 1865 2808 eadem
1917 2756 2101 2810 littera:
2136 2758 2189 2809 in

664 2843 926 2896 ambobus
959 2843 1177 2911 psalmis
1206 2841 1476 2906 feruntur;
1507 2847 1604 2897 etsi
1655 2845 1706 2897 in
1734 2847 1976 2899 versione
2008 2855 2191 2900 nostra

663 2931 921 3000 quasdam
949 2931 1186 2986 diversas
1215 2947 1370 2986 voces
1419 2933 1664 3002 prtel'erre
1710 2935 2002 2988 videantur.
2059 2936 2189 2989 Nam

664 3037 761 3090 pro
789 3023 910 3085 illo,
943 3020 1185 3087 Corrupti
1215 3030 1332 3074 sunt
1359 3032 1408 3074 et
1441 3022 1810 3075 abominabiles
1831 3024 1956 3090 [acti
1985 3033 2104 3076 sunt
2135 3025 2190 3076 in

2288 1859 2537 1927 ετελέσοη
2574 1860 2708 1927 μετὰ
2755 1859 2854 1926 τὴν
2907 1856 3213 1923 ἐπιφάνειαν
3247 1854 3334 1907 τοῦ
3368 1850 3576 1920 Σωπιῆρος

2301 1948 2469 2019 Ἰησοῦ
2507 1948 2758 2020 Χριστοῦο
2787 1947 2854 2000 δι’
2884 1943 2945 2000 οὗ
2963 1947 3082 1999 καθ’
3111 1946 3230 2015 ὅλης
3255 1943 3345 2015 τῆς
3379 1941 3572 2011 οίκουμέ

2293 2041 2517 2110 συνέστη
2573 2039 2648 2108 τῷ
2685 2039 2800 2108 Θεῷ
2842 2039 3056 2109 χορεία,
3089 2039 3173 2089 οἵα
3221 2032 3553 2093 οὐδεπώποτε,

2292 2129 2444 2200 ολικὴ
2468 2128 2561 2180 τοῦ
2590 2128 2720 2181 Θεοῦ
2765 2127 3068 2196 Ἐκκλησία
3092 2127 3184 2178 ἐπὶ
3219 2127 3312 2198 τὴν
3342 2122 3582 2196 aeterm

2291 2234 2410 2269 στον
2443 2218 2641 2287 πέτραν
2675 2216 2766 2268 τοῦ
2797 2216 3072 2286 σωτηρίου
3103 2216 3259 2283 λόγου
3289 2212 3582 2281 τεθεμελιωι

2288 2308 2343 2359 δὲ
2370 2310 2426 2358 ὲν
2451 2309 2588 2377 ἀρχῇ
2633 2307 2730 2376 τῆς
2777 2306 3123 2375 προφητείας
3158 2305 3428 2377 λεγόμενα
3461 2303 3581 2355 ἀπάν

2289 2397 2378 2447 ἐπὶ
2413 2395 2513 2464 γῆς
2547 2394 2843 2465 ἀνθρώπων
2873 2393 3072 2466 ῶσπερ
3101 2413 3155 2448 τι
3186 2398 3444 2465 ναυάγιον
3472 2394 3582 2445 εὶσὰ·

2288 2487 2412 2555 γάρ’
2445 2485 2634 2551 φησὶν
2662 2483 2863 2551 ἄφρων
2913 2481 2988 2536 ἐν
3045 2485 3272 2554 καρδίᾳ
3301 2483 3504 2542 αὑτοῦ·
3555 2489 3582 2536 G

2291 2575 2448 2638 Θεός.
2473 2570 2881 2640 Διεφθάρησαν
2905 2573 3008 2625 καὶ
3043 2574 3515 2644 ἐϐδελύχθησαν
3542 2573 3582 2626 ἐι

2288 2666 2395 2716 οὐκ
2420 2663 2548 2715 ἐστι
2585 2660 2767 2713 ποιῶν
2822 2661 3077 2729 ἀγαθόν.
3114 2663 3202 2717 Τὰ
3238 2665 3385 2719 αὐτὰ
3407 2664 3471 2718 δὲ
3491 2665 3576 2715 καὶ

2289 2750 2554 2821 ἐδηλοῦτο,
2585 2749 2814 2820 μάλιστα
2841 2751 2990 2804 κατὰ
3030 2753 3136 2822 τὴν
3190 2754 3504 2828 Ἐὖραῖκὴν
3525 2755 3582 2822 γλ

2287 2836 2321 2914 ᾖ
2355 2844 2407 2893 αἱ
2433 2841 2590 2894 αὐταὶ
2615 2839 2785 2904 λέξεις
2812 2842 3164 2914 ἐμφέρονται
3226 2849 3328 2902 καὶ
3373 2850 3448 2902 τὰ
3480 2849 3575 2899 αὐτ

2287 2935 2343 2984 ὲν
2377 2931 2727 3000 ἀμφοτέροις’
2769 2934 2817 2983 εἰ
2857 2934 2954 2985 καὶ
2982 2935 3241 3002 μάλιστα
3269 2940 3374 3009 τῆς
3397 2939 3530 3005 παρ’
3569 2957 3582 2980 π

2287 3021 2451 3082 νείας,
2505 3020 2672 3082 λέξεις
2709 3021 2859 3084 τινὰς
2901 3024 3348 3096 ἐνηλλαγμένας
3405 3030 3578 3097 περιέ

665 3113 969 3182 iniquitate;
1009 3111 1247 3165 decimus
1285 3114 1499 3174 tertius,
1549 3112 1793 3180 Corrupti
1837 3124 1954 3167 sunt
1996 3124 2045 3167 et
2099 3115 2170 3168 ab-

2099 3115 2189 3168 ab-
2215 3114 2259 3172 C
2299 3110 2439 3161 Ἀντὶ
2475 3109 2580 3179 γὰρ
2606 3108 2719 3170 τοῦ,
2767 3109 3131 3179 Διέφθειραν
3175 3118 3287 3170 καὶ
3331 3119 3575 3186 ἐϐδελύς

662 3201 965 3256 ominabiles
1003 3201 1132 3268 {acti
1171 3211 1289 3254 sunt
1326 3201 1591 3256 in'stndiis
1625 3204 1669 3233 ⁷⁵
1699 3221 1710 3256 ;
1745 3219 1807 3256 ac
1848 3220 2062 3257 rursum
2097 3219 2190 3272 pro

664 3292 784 3352 illo,
827 3289 946 3343 Non
966 3300 1040 3343 est
1061 3291 1147 3358 qui
1177 3289 1335 3354 faciat
1363 3290 1566 3353 bonum,
1595 3292 1752 3346 habet
1783 3293 1868 3346 ille
1891 3331 1906 3354 ,
1961 3292 2078 3345 Non
2118 3303 2190 3346 est

660 3383 750 3450 qui
784 3381 942 3448 faciat
970 3379 1246 3433 bonitatem
1271 3381 1315 3411 ⁷⁸
1340 3399 1353 3434 :
1389 3395 1510 3432 nam
1541 3381 1822 3436 diversitas
1853 3382 1992 3450 apud
2023 3383 2184 3436 inter-

665 3477 842 3539 pretes
889 3470 1057 3524 solum
1102 3469 1287 3523 fertur.
1311 3468 1404 3524 llis
1447 3485 1607 3539 porro
1649 3472 1981 3542 signiﬁcatur
2010 3476 2189 3543 lapsas

666 3573 890 3626 prorsus
916 3557 1080 3609 fuisse
1105 3571 1414 3612 communes
1454 3559 1519 3613 de
1547 3559 1653 3613 Deo
1680 3562 2056 3630 cogitationes;
2106 3572 2190 3616 at-

665 3660 772 3712 que
796 3645 1008 3711 impiam
1038 3644 1490 3714 irreligiosamque
1515 3651 1753 3702 omnium
1773 3652 2042 3706 hominum
2069 3669 2192 3708 sen—

669 3733 888 3787 tentiam
918 3741 1039 3787 ante
1057 3733 1535 3790 Salvatorisnostri
1563 3739 1846 3793 adventura
1871 3743 2184 3798 obtinuisse.

668 3821 801 3874 Nam
861 3836 982 3875 cum
1048 3821 1185 3876 Deus
1241 3823 1294 3875 in
1351 3826 1723 3881 communibus
1781 3831 2189 3897 cogitationibus

670 3912 808 3965 bona
839 3911 1152 3981 cognitionis
1183 3928 1291 3966 suae
1337 3915 1537 3968 semina
1561 3915 1750 3984 jecerit
1777 3960 1792 3982 ,
1841 3935 2103 3988 quemque
2135 3924 2188 3975 in

671 4001 971 4056 hominibus
1005 4003 1339 4070 insipientem
1380 4011 1526 4056 tanta
1577 4005 1853 4060 subversio
1897 4023 2190 4077 occupave-

669 4101 771 4157 rat,
801 4100 859 4145 ut
890 4093 1105 4160 impiam
1143 4095 1457 4147 sententiam
1499 4097 1554 4149 in
1583 4106 1758 4151 mente
1791 4113 1888 4150 sua
1921 4109 2187 4165 servaret,

669 4198 731 4235 ac
763 4183 965 4236 nullum
1009 4198 1147 4245 esse,
1187 4199 1286 4238 nec
1314 4185 1368 4239 in
1416 4187 1663 4241 universo
1697 4190 1970 4244 exstitisse
1997 4190 2184 4253 Deum,

667 4275 943 4343 cogitaret.
983 4275 1047 4329 Et
1075 4277 1162 4330 hic
1195 4292 1322 4331 sane
1353 4292 1474 4330 vere
1505 4279 1691 4332 atheus
1729 4287 1782 4331 et
1812 4293 2030 4346 prorsus
2057 4282 2188 4335 msi-

668 4364 818 4432 piens
854 4373 988 4430 erat,
1019 4367 1110 4437 qui
1145 4383 1317 4437 neque
1344 4369 1725 4437 providentiam
1759 4371 1937 4423 omnia
1982 4374 2188 4440 prospi-

2287 3201 2518 3268 ἀνομίαν
2544 3201 2571 3250 ὁ
2600 3206 2685 3266 ιγ’,
2711 3199 3151 3269 Διεφθάρησαν
3197 3211 3307 3262 καὶ
3343 3210 3569 3264 ἐϐδελύ

2287 3288 2724 3355 ἐπιτηδεύμασι·
2752 3292 2846 3342 καὶ
2871 3293 3216 3349 πὰλιψάντὶ
3249 3299 3383 3363 τοῦ,
3422 3301 3550 3353 Οὐκ

2288 3378 2524 3446 ἀγαθὸν,
2562 3380 2680 3430 οὐκ
2709 3379 2840 3432 ἐστι
2893 3381 3095 3434 ποιῶν
3162 3392 3570 3454 χρηστότητι

2288 3465 2437 3535 παρὰ
2465 3466 2570 3534 γὰρ
2606 3467 2729 3529 τοὺς
2759 3469 3243 3539 ἑρμηνεύσαντας
3285 3480 3326 3548 ἡ
3361 3478 3565 3533 ὲναλλα

2291 3554 2541 3623 Σημαίνει
2571 3554 2626 3606 δὲ
2654 3555 2740 3608 διὰ
2790 3557 2996 3610 τούτων
3024 3563 3057 3612 ὁ
3090 3561 3281 3631 λόγος
3339 3568 3454 3639 τὴν
3496 3567 3565 3619 ἐκ

2289 3644 2477 3696 κοινῶν
2526 3645 2650 3715 περὶ
2696 3646 2830 3698 Θεοῦ
2869 3649 3104 3702 ἐννοιῶν
3129 3693 3149 3716 ,
3231 3657 3349 3709 καὶ
3409 3659 3512 3711 τὸν

2289 3734 2442 3786 ἄθεον
2460 3733 2712 3803 λογισμὸν
2755 3737 2854 3806 τῆς
2887 3738 3385 3814 ἀνορωπὸτητος
3426 3747 3567 3802 ὰπὰι

2287 3823 2379 3875 τοῦ
2403 3825 2644 3895 Σωτῆρος
2673 3826 2830 3895 ἡμῶν
2849 3829 3234 3897 ¹ἐπιφαγιινείιιις
3279 3840 3561 3911 ἐπικρατ

2287 3911 2390 3982 γὰρ
2417 3911 2546 3964 Θεοῦ
2581 3916 2700 3976 ταῖς
2739 3919 2942 3979 κοιναῖς
2974 3921 3258 3988 ἐννοίαις
3301 3927 3529 3996 ἀγαθὰ
3556 3947 3566 3975 ‹

2288 4005 2413 4072 περὶ
2458 4003 2619 4056 αὐτοῦ
2657 4006 2910 4072 γνώσεως
2961 4014 3557 4088 καταϐαλλομένα»

2288 4096 2542 4164 κατέσχεν
2561 4097 2855 4170 διαστροφὴ
2879 4101 3069 4154 πάντα
3113 4105 3236 4158 τὸν
3288 4111 3364 4161 ἐν
3399 4112 3564 4183 ἁνθρ

2287 4186 2359 4249 ὡς
2379 4186 2532 4252 δόξαν
2572 4187 2729 4240 ἄθεον
2779 4191 2835 4242 ὲν
2860 4189 2938 4260 τῷ
2971 4193 3218 4248 ἑαυτοῦ
3308 4200 3569 4271 λογισμ

2287 4279 2378 4331 καὶ
2405 4279 2485 4330 ὃτι
2523 4279 2705 4348 μηδείς
2737 4282 2850 4332 ἐστι
2889 4282 3028 4351 μηδὲ
3088 4284 3512 4359 ὑφέστηκεν
3559 4294 3572 4341 i

2286 4370 2412 4432 Θεὸς
2431 4369 2789 4440 διανοηθῆναι.
2841 4368 3016 4436 Οὗτος
3091 4378 3228 4445 μὲν
3273 4377 3407 4435 οὖν
3477 4385 3570 4436 ἀλ·

667 4455 916 4521 cientem,
943 4473 1114 4527 neque
1150 4471 1375 4513 mentem
1406 4460 1550 4512 illam
1586 4461 1966 4522 tlniversalem,
2015 4477 2172 4531 nequc

2068 4431 2186 4531 :q'ue
2224 4431 2262 4480 υ
2286 4453 2351 4526 ἦν
2379 4431 2471 4510 καὶ
2521 4431 2792 4522 παντελῶς
2847 4431 3108 4531 ἇφριον,“
3159 4431 3352 4522 οὔτε

667 4541 1018 4596 substantiam
1054 4546 1230 4598 omnia
1261 4556 1663 4615 exsuperantem
1699 4550 2042 4616 omniumque
2072 4552 2187 4618 opi-

669 4631 858 4692 ﬁcem,
898 4632 1154 4686 exsistere
1202 4634 1464 4690 deﬁniret.
1519 4634 1726 4703 Reliqui
1773 4651 1896 4689 vero
1941 4637 2185 4690 homines

667 4721 952 4773 multorum
970 4722 1245 4776 numinum
1263 4725 1429 4777 errori
1463 4741 1554 4793 per
1575 4726 1920 4779 idololatriam
1940 4743 2056 4781 sese
2077 4736 2184 4778 tra-

667 4809 874 4871 dentes,
905 4810 1007 4863 alio
1032 4811 1346 4879 insipientia;
1371 4815 1528 4866 modo
1557 4815 1606 4866 in
1637 4818 1832 4868 nullius
1863 4815 1950 4870 Dei
1985 4819 2183 4869 cultum

670 4898 896 4965 prolapsi
927 4905 1083 4952 sunt:
1116 4901 1203 4967 qui
1242 4901 1398 4954 etiam
1445 4917 1629 4970 sparsa
1668 4904 1753 4954 illa
1794 4905 1844 4955 in
1894 4920 1950 4958 se
1978 4905 2043 4956 de
2085 4905 2187 4957 Deo

668 4998 796 5036 sana
826 4988 1024 5038 semina
1053 4990 1420 5043 exstinxerunt
1444 5029 1459 5050 ,
1500 5005 1560 5042 ac
1594 4999 1919 5043 mortuorum
1967 4993 2182 5045 simula-

667 5089 879 5128 crorum
931 5077 1308 5131 abominationii
1356 5095 1412 5133 se
1456 5079 1791 5140 dediderunt,
1821 5097 1937 5149 qua:
1985 5082 2182 5134 nullius

665 5163 822 5230 pretii
840 5171 892 5216 et
915 5180 1034 5217 vere
1062 5169 1381 5221 exsecranda
1402 5178 1577 5230 erant,
1609 5171 1861 5223 colentes.
1894 5170 2068 5234 Quare
2097 5171 2183 5222 di-

663 5265 810 5304 ctum
845 5261 964 5306 est:
996 5256 1233 5324 Corrupti
1270 5271 1450 5312 suntet
1480 5261 1847 5313 abominabiles
1896 5262 2022 5327 [acti
2063 5270 2182 5312 sunt

665 5342 714 5391 in
751 5343 1032 5410 iniquitate.
1086 5345 1236 5408 Quod
1281 5351 1475 5405 clarius
1521 5354 1895 5419 interpretatus
1940 5349 2180 5418 Symma-

667 5428 795 5481 chus
829 5437 910 5481 est
941 5431 1023 5482 his
1049 5434 1258 5498 verbis,
1292 5437 1532 5506 Corrupti
1569 5452 1681 5493 sunt
1724 5449 1770 5492 et
1813 5437 2182 5490 abominationi

2285 4545 2582 4616 ἐφορῶσαν,
2617 4546 2741 4599 οὔτε
2764 4549 2887 4602 νοῦν
2907 4550 3004 4604 τὸν
3031 4555 3367 4613 καθόλου
3383 4601 3403 4622 ,
3433 4564 3564 4616 οὒτ

2285 4633 2388 4685 τῶν
2420 4634 2550 4686 ὅλων
2573 4635 2758 4689 ούσίαν
2812 4637 2910 4708 τὴν
2938 4642 3282 4700 ἁπάντων
3321 4668 3574 4722 ποιησει

2283 4727 2609 4796 ὁριζόμενος·
2665 4730 2714 4780 οἱ
2757 4730 2813 4782 δὲ
2868 4732 3064 4787 λοιποὶ
3129 4740 3292 4792 τῶν
3357 4715 3576 4815 ἁνὸ-ρι

2288 4816 2456 4886 πλάνῃ
2488 4820 2550 4886 τῇ
2585 4819 2722 4870 κατὰ
2747 4821 2844 4891 τὴν
2868 4824 3232 4882 είδωλολατ
3244 4833 3472 4902 psic»
3520 4838 3577 4887 ὲ(

2287 4906 2452 4974 ἑτέρῳ
2479 4907 2785 4978 ἀφροσύνης
2830 4913 3025 4984 τρόπῳ
3069 4921 3192 4982 εἰς
3272 4923 3576 4996 ἁῦεότη

2283 4996 2330 5046 οἳ
2361 4997 2451 5048 καὶ
2478 4999 2628 5050 αὐτοὶ
2662 5000 2978 5071 διέφθειραν
3017 5007 3112 5059 τὰ
3161 5015 3582 5083 σπαρέν-το

2284 5083 2408 5152 περὶ
2433 5083 2563 5135 Θεοῦ
2598 5087 2910 5158 σπέρματα,
2942 5095 3054 5146 καὶ
3143 5102 3251 5169 τῇ
3337 5102 3508 5155 τῶν
3570 5124 3574 5130 “

2287 5170 2533 5244 βδελυρίᾳ
2552 5176 2776 5241 ἑαυτοὺς
2825 5186 3476 5255 παραδεδώκασιν,
3530 5198 3566 5249 ὃ

2283 5257 2621 5358 βδελύγρατα
2664 5269 3066 5340 σεϐασθέντες.
3159 5283 3305 5336 Διὸ
3388 5288 3560 5358 εἴρτ

2280 5354 2374 5404 καὶ
2404 5353 2860 5425 ἐϐδελύχθησαν
2911 5364 2989 5417 ἐν
3067 5371 3450 5442 ἀνομίᾳ»

2282 5442 2623 5510 ἡρμήνευσεν
2679 5449 2706 5500 ὁ
2743 5451 3064 5526 Σύμμαχος
3131 5465 3434 5520 εἰπών·
3498 5473 3547 5522 Δ

668 5517 966 5569 studuerunt
984 5535 1095 5570 cum
1107 5522 1386 5588 iniquitate.
1405 5528 1794 5583 Abominationi
1818 5543 2044 5596 namque
2069 5535 2173 5580 stu-

2038 5535 2183 5580 :stu-
2277 5529 2611 5601 βδελυρίαν
2647 5517 3106 5610 ἐπετήῑδευο-αῗν
3174 5517 3422 5624 μετὰ

739 5664 783 5694 ’³
822 5663 958 5719 l’sal.
990 5683 1095 5737 xu,
1127 5673 1178 5725 l.
1249 5674 1293 5706 ⁷⁸
1330 5677 1456 5730 ibid.
1490 5679 1541 5732 6.
1615 5681 1660 5712 τσ
1700 5679 1836 5732 Psal.
1875 5693 1998 5743 XIII.
2037 5679 2085 5732 1ο

2161 5678 2205 5708 ⁷⁵
2244 5678 2370 5732 ibid.
2405 5683 2457 5738 ὗ.
