3812 6354
174 344 270 400 ιόῒ
1393 350 1800 411 COMMENTAE

1918 359 1981 414 ΙΝ
2024 355 2146 414 PSA
2156 355 2351 415 LMOS.
3344 359 3446 416 433

174 464 370 515 δευσιαν
433 445 559 517 γὰρ
607 449 714 521 τὴν
769 453 1098 530 βδελυρίαν,
1139 464 1202 516 τὰ
1232 465 1306 533 μὴ
1336 465 1458 517 ὄντα
1491 468 1563 530 ὼς
1595 469 1719 520 ὄντα
1750 470 1800 521 an

1917 468 2167 533 dueru'nt,
2200 472 2263 525 iis
2285 485 2402 539 qua:
2433 485 2536 522 non
2571 477 2742 532 erant,
2766 486 2825 523 ac
2848 472 2888 524 si
2919 471 3254 531 exsisterent,
3276 471 3444 524 Sinni--

173 543 740 613 εἰδιυλφποιὴσαντες
771 554 924 619 μετὰ
949 558 1053 626 τῆς
1070 560 1321 611 ἀνωτάτω
1358 560 1580 623 ἀδικίας.
1599 564 1691 624 Τίς
1712 564 1800 633 γάε

1920 560 2060 613 Iaera
2090 560 2357 628 erigentes
2395 575 2516 613 cum
2567 575 2812 627 suprema
2862 562 3101 614 omnium
3148 562 3442 629 iniquitate.

165 649 231 701 ἂν
257 648 526 724 γένθ’-ἐξ
558 636 780 708 ταύτης
806 643 981 713 ἑτέρα
1013 650 1209 718 χείρων
1244 651 1439 709 ἀδικία,
1470 654 1593 706 xuii"
1627 657 1690 724 ἢν
1717 650 1800 723 φά-

1919 647 2095 716 Ecqua
2134 649 2274 702 enim
2308 648 2395 700 illa
2420 648 2652 702 deterior
2683 649 2955 717 iniquitas,
2987 665 3089 719 qua
3122 650 3360 704 dicentes
3388 662 3444 702 se

192 739 455 787 mat;
478 720 617 776 εἶναι
638 728 821 795 σοφοὶ,
845 730 1297 803 ἐμωράνθησαν,
1315 741 1409 792 καί
1428 720 1697 808 ἤλλαξαν
1712 720 1800 811 τὴν

1917 738 2183 806 sapientes
2204 752 2343 800 esse,
2366 738 2513 790 stulti
2544 739 2672 807 facti
2700 746 2837 801 sunt,
2866 751 2912 791 et
2960 724 3293 792 mutaverunt.
3326 739 3442 808 glo-

222 822 429 883 δόξαγ·
448 814 551 868 τοῦ
580 816 897 885 ἀφθάρτου
931 825 1082 875 Θεοῦ
1128 826 1196 876 ἐν
1224 828 1531 895 ὁμοιώματι
1590 833 1819 897 εἰκόνος

227 908 508 977 φθαρτοῦ
567 909 917 975 ἀνθρώπου,
981 914 1079 967 καί
1143 917 1439 981 πετεινῶν,
1474 920 1569 972 καὶ
1620 932 1817 987 τετρα-

242 998 470 1062 πόδων,
520 999 619 1051 καὶ
669 994 972 1066 ἑρπετῶν,
1030 1004 1169 1057 κατὰ
1211 1007 1300 1059 τὸν
1368 1010 1506 1076 ἱερὸν
1569 1010 1815 1063 Ἀπὸστο-

234 1088 370 1147 λον;

307 1172 441 1227 Εἶτ’
463 1176 772 1231 ἀκόλουθα
794 1178 1052 1246 δρῶντες
1072 1181 1191 1246 τοῖς
1213 1184 1404 1248 ἀθέοις
1425 1185 1519 1237 καὶ
1544 1185 1812 1253 διαστρό-

227 1281 379 1330 φοις
390 1265 1116 1336 ἐαυτῶνέπιτηδεύμασιν,
1133 1274 1216 1335 είς
1235 1269 1355 1324 πᾶν
1388 1269 1542 1337 εἶδος
1562 1275 1701 1335 βίου
1718 1289 1818 1341 yo-

226 1354 495 1419 χθηρίας
526 1356 1034 1420 περιπεπτώκασι.
1064 1359 1152 1410 Διὸ
1169 1357 1467 1426 ἐπιλέγεται
1498 1356 1649 1429 ἑξῆς·
1696 1365 1814 1415 Οὐκ

222 1442 370 1493 ἐστι
388 1435 835 1511 ποιῶνὰγαθόν.
854 1446 908 1496 Ὀ
924 1447 1065 1509 Θεὸς
1077 1445 1143 1498 ἐκ
1159 1446 1260 1499 τοῦ
1274 1448 1524 1513 οὐρανοῦ
1536 1449 1816 1515 διέκυψε-ν

221 1529 328 1581 ἐπὶ
365 1534 513 1594 τοὺς
533 1532 709 1597 υἱοὺς
739 1531 856 1584 τῶν
887 1534 1226 1599 ἀνθρώπων,
1260 1535 1364 1591 τοῦ
1399 1534 1545 1589 ἰδεῖν
1581 1539 1657 1597 εί,
1682 1536 1811 1590 ἔστι

217 1621 476 1672 συνιὼν
508 1622 547 1686 ἥ
572 1616 835 1687 ἐκζητῶν
878 1620 983 1673 τὸν
1028 1624 1189 1676 Θεόν.
1236 1618 1455 1689 Πάντες
1480 1620 1809 1687 ἐξέκλιναν,

202 1708 354 1775 ἅμα
389 1710 832 1778 ἠχρειώθησαν,
888 1713 998 1764 οὐκ
1058 1712 1186 1764 ἔστι
1230 1712 1410 1764 ποιῶν
1448 1710 1814 1780 χρηστότητα

216 1798 344 1863 ἕως
386 1800 549 1863 ἑνός.
595 1800 655 1850 ’0
693 1799 789 1867 μὲν
813 1800 1000 1867 ἄφρων
1025 1801 1221 1867 ἠπάτα·
1243 1801 1446 1864 ἐαυτὸν,
1476 1800 1647 1866 λέγων
1668 1802 1723 1852 ἐν
1747 1805 1810 1871 τῇ

216 1888 439 1956 καρδίᾳ
477 1887 676 1939 ἐαυτοῦ
711 1887 785 1957 μὴ
819 1886 955 1939 εἶναι
983 1888 1133 1941 Θεόν·
1189 1890 1281 1940 καὶ
1332 1891 1381 1941 oi
1411 1889 1579 1942 λοιποὶ
1601 1892 1655 1942 δὲ
1684 1891 1815 1943 πάν-

215 1990 318 2039 τες
348 1972 767 2047 ἐϐδελύχθησαν
819 1973 1097 2047 βδελυρίαν
1153 1974 1605 2048 ἐπιτηδεύσαντες.
1654 1980 1709 2031 '0
1757 1980 1813 2032 δέ

215 2066 445 2136 ἀληθὴς
479 2066 644 2134 λόγος
682 2067 773 2119 τὸν
806 2070 900 2120 ἐπὶ
942 2066 1155 2121 πάντων
1185 2062 1313 2118 Θεὸν
1354 2067 1447 2119 καὶ
1476 2066 1674 2137 Κύριον
1717 2062 1811 2137 οὐχ

213 2154 546 2220 ὑφεστάναι
583 2154 747 2222 μόνον
776 2154 871 2207 καὶ
898 2155 966 2206 τὰ
1014 2156 1184 2207 πάντα
1241 2155 1530 2223 περιέχειν,
1560 2155 1690 2207 ἀλλὰ
1716 2157 1807 2208 καὶ

214 2244 443 2315 ἐτερᾷν
468 2244 569 2295 καὶ
595 2243 1041 2306 ἐπισκέπτεσθαι,
1073 2244 1133 2294 οὐ
1189 2242 1256 2295 τὰ
1281 2243 1501 2295 καθόλου
1525 2243 1661 2312 μέρη
1716 2244 1805 2296 τοῦ

215 2333 443 2392 παντὸς
479 2332 667 2400 μόνον,
699 2331 834 2382 ἀλλά
866 2333 957 2383 καί
986 2330 1051 2382 τὰ
1078 2330 1217 2383 κατά
1238 2330 1420 2400 μέρος,
1455 2327 1546 2383 καὶ
1570 2330 1692 2393 τοὺς
1718 2329 1807 2384 ἐπὶ
1835 2349 1843 2355 ”

216 2421 327 2489 τῆς
357 2422 469 2489 γῆς
490 2420 597 2482 τὰς
625 2416 908 2491 διατριϐὰς
937 2419 1282 2489 ποιουμένους
1300 2422 1445 2483 υἱοὺς
1473 2421 1579 2473 τῶν
1606 2421 1809 2491 ἀνθρώ-

217 2520 373 2568 πων,
404 2507 680 2560 διδάσκει.
712 2507 843 2580 θεῖτ’
875 2506 1166 2575 ἐπειδήπερ
1199 2504 1447 2576 πρόνοιαν
1497 2508 1807 2577 ποιούμενος

218 2593 337 2646 τῶν
366 2594 505 2646 υἱῶν
547 2593 668 2645 τῶν
725 2592 1046 2663 ἀνθρώπων,
1075 2593 1165 2645 τοῦ
1208 2594 1333 2645 ἰδίου
1389 2591 1643 2663 μεγέθους
1676 2596 1806 2647 ὐπο-

218 2681 460 2743 δοίνων,
517 2682 619 2733 καὶ
675 2680 863 2748 ὥσπερ
892 2679 949 2744 ἐξ
996 2678 1324 2750 ὖψηλοτάτης
1366 2682 1664 2751 ἀκρωρείας
1711 2678 1806 2752 τῆς

202 2767 500 2841 ἀνωτάτω
538 2769 637 2821 καὶ
659 2769 800 2838 ὑπὲρ
834 2768 1010 2820 πάντα
1036 2768 1308 2839 δυνάμεως
1328 2769 1539 2830 ἐαυτοῦ,
1560 2771 1806 2840 καθίησιν

220 2861 321 2911 ἐπὶ
345 2858 451 2928 τὴν
483 2859 763 2927 διάκρισιν
793 2857 904 2908 τῶν
932 2858 1022 2908 ἐπὶ
1047 2857 1149 2925 γῆς
1170 2857 1482 2927 ἀνθρώπων,
1501 2859 1805 2913 ἐπισκοπῶν

221 2948 278 2999 ει
308 2946 419 2999 πού
465 2946 555 3007 τίς
599 2948 718 2998 ἐστι
745 2946 845 3014 τῆς
876 2945 1039 2997 αὐτοῦ
1089 2945 1337 3015 προνοίας
1389 2948 1486 3017 τὴν
1545 2947 1803 3017 διοίκησιν

223 3034 460 3097 συνιὼν,
516 3036 618 3087 καὶ
649 3033 703 3086 εί
726 3031 827 3087 πού
860 3047 962 3097 τις,
999 3034 1171 3086 πάντα
1221 3035 1440 3104 δεύτερα
1474 3035 1692 3105 θέμενος
1737 3036 1804 3089 τά

221 3120 326 3193 τῆς
358 3118 461 3175 τοῦ
486 3121 609 3191 βίου
638 3118 875 3192 ἀπάτης,
899 3122 996 3190 τὴν
1028 3122 1151 3189 περὶ
1180 3122 1338 3175 αὐτοῦ
1360 3120 1578 3192 ζήτησιν
1604 3124 1806 3193 ἀνείλη-

224 3228 295 3279 φε
318 3254 333 3266 .
377 3212 497 3265 Καὶ
529 3211 744 3281 ἐπειδὴ,
781 3211 976 3279 ζητῶν,
1004 3210 1192 3263 οὐδένα
1221 3208 1450 3263 τοιοῦτον
1496 3203 1667 3282 εὗρεν,
1727 3211 1805 3281 τῷ

226 3302 447 3362 πάντας
472 3301 747 3361 ἐκκλῖναι,
776 3299 910 3367 ὁμοῦ
939 3314 995 3348 τε
1047 3299 1139 3351 καί
1168 3299 1304 3351 κατά
1340 3298 1400 3351 τὸ
1429 3299 1556 3352 αὐτὸ
1580 3301 1805 3369 ἁχρειω-

226 3387 419 3459 θῆναι,
455 3387 537 3452 ὡς
563 3391 639 3458 μὴ
672 3384 927 3440 ποιοῦντα
949 3385 1147 3454 ἀγαθὸν
1173 3387 1275 3449 ἐως
1299 3388 1413 3449 ἐνὸς
1439 3386 1629 3457 εὑρεῖν·
1663 3388 1803 3441 είκό-

223 3492 338 3541 τως
364 3477 667 3532 ἐπαπειλεῖ
692 3479 803 3540 τοῖς
832 3474 1193 3543 διαφθείρασιν
1226 3476 1434 3540 αὐτοὺς,
1468 3476 1533 3527 τὰ
1573 3476 1692 3546 ἑξῆς
1719 3477 1805 3532 λέε·

224 3583 362 3631 γων·
402 3566 559 3634 Οὐχὶ
594 3565 926 3633 γνώσονται
974 3562 1190 3628 πάντες
1214 3567 1267 3616 οὶ
1302 3562 1659 3632 ἐργαζόμενοι
1684 3564 1796 3631 τὴν

225 3656 519 3725 ἀνομίαν,
552 3659 605 3707 οἱ
639 3655 946 3717 ἐσθίοντες
986 3654 1091 3706 τὸν
1134 3654 1286 3706 λαόν
1302 3670 1418 3719 μου
1455 3653 1673 3720 βρώσει
1700 3654 1803 3721 ἄρ-

224 3763 374 3809 του;
426 3747 546 3798 Τόν
566 3746 788 3809 Κύριον
824 3744 933 3794 οὐκ
980 3740 1439 3796 ἐπεκαλέσαντο·
1474 3742 1595 3794 ἐκεῖ
1628 3745 1805 3809 φοϐη-

226 3831 533 3899 θήσονται
564 3830 730 3897 φόϐῳ
761 3825 831 3881 οὗ
861 3830 971 3887 οὐκ
996 3824 1074 3895 ἦν
1108 3828 1310 3893 φόϐος.
1360 3826 1593 3896 Ἐπειδὴ,
1617 3828 1802 3880 Sun-3-

227 3920 337 3987 ψας
374 3922 442 3971 ἐκ
472 3915 570 3969 τοῦ
599 3916 733 3968 ἰδίου
762 3912 1174 3984 κατοικητηρίου
1197 3915 1225 3965 ὁ
1272 3910 1419 3975 Θεὸς,
1451 3915 1715 3967 τουτέστιν
1742 3920 1803 3970 ἐκ

226 4008 325 4060 τοῦ
354 4004 621 4077 οὐρανοῦ,
656 4003 785 4055 ἔνθα
818 4006 1082 4069 κατοικεῖς)
1112 4002 1321 4068 λέγεται
1364 4001 1451 4053 διὰ
1475 4004 1597 4064 τοὺς
1623 4004 1803 4056 αὐτόθι

227 4096 553 4167 χωροῦντας
609 4091 776 4144 αὐτοῦ
827 4091 921 4160 τὴν
957 4091 1246 4159 βασιλείαν,
1297 4090 1497 4151 πάντας
1537 4087 1639 4142 εἶδε
1684 4094 1802 4153 τοὺς

228 4188 382 4249 υἱοὺς
408 4185 523 4237 τῶν
562 4180 867 4250 ἀνθρώπων
914 4179 1303 4247 ἀχρειωθὲντας
1361 4179 1450 4228 καὶ
1476 4180 1571 4247 τῆς
1596 4179 1803 4241 εὐθείας

228 4278 325 4329 καὶ
351 4275 528 4345 ὀρθῆς
553 4269 955 4329 ἀποκλίναντας
973 4265 1110 4320 ὀδοῦ·
1140 4268 1357 4328 εἰκότως
1382 4261 1469 4319 οἷά
1490 4284 1571 4328 τις
1604 4269 1800 4337 ποιμὴν

228 4368 436 4437 ἀγαθὸς
466 4369 773 4439 κηδόμενος
815 4366 910 4434 τῆς
964 4368 1021 4416 ἐν
1054 4362 1351 4432 ἀνθρώποις
1371 4364 1531 4415 αὐτοῦ
1582 4364 1797 4433 ἀγέλης,

229 4459 525 4510 ἐπαπειλεῖ
566 4459 683 4517 τοῖς
713 4455 903 4515 αἰτίοις
931 4454 1028 4521 τῆς
1056 4450 1396 4522 διαστροφῆς,
1434 4452 1618 4518 λέγων·
1655 4455 1798 4521 Οὐχὶ

230 4546 573 4613 γνώσονται
604 4546 657 4596 οἱ
678 4541 1047 4610 ἐργαζόμενοι
1069 4541 1180 4606 τὴν
1203 4540 1473 4607 ἀνομίαν,
1496 4544 1547 4592 οὶ
1571 4541 1798 4595 ἐσθίον-

230 4652 330 4701 τες
357 4636 471 4687 τὸν
508 4635 666 4687 λαόν
709 4650 828 4699 μου
867 4629 1089 4696 ,ϐρώσει
1154 4629 1365 4695 ἀρτου;
1411 4631 1516 4681 Καί
1543 4647 1630 4697 μοι
1654 4629 1799 4682 δοκεῖ

230 4723 403 4774 ταῦτα
434 4722 569 4790 περὶ
630 4720 911 4787 δυνάμεων
970 4716 1349 4785 ἀντικειμένων
1402 4716 1648 4782 λέγεσθαι
1691 4717 1795 4770 τῶν

228 4807 484 4877 ἀοράτων
548 4806 762 4876 ἐχθρῶν
817 4806 913 4858 καὶ
959 4803 1227 4871 πολεμίων
1254 4802 1344 4854 τοῦ
1369 4802 1553 4868 γένους
1576 4804 1665 4856 τοῦ
1698 4805 1795 4856 ἀν-

232 4892 529 4963 θρωπείου.
558 4888 718 4946 Οὗτοι
760 4893 867 4960 γάρ
893 4890 955 4942 τὸ
991 4889 1096 4940 τῶν
1121 4887 1411 4958 ἀνθρώπων
1452 4890 1603 4955 γένος
1631 4891 1796 4944 κατά-

232 4983 428 5052 δρωμα
460 4986 678 5045 ἑαυτοῖς
700 4982 1047 5048 ἐποιήσαντο,
1075 4975 1158 5030 οἶα
1179 4980 1335 5031 δεινοὶ
1363 4980 1521 5049 θῆρες
1562 4982 1657 5043 τὰς
1691 4982 1794 5049 ψυ-

1916 826 2049 877 τίαηι
2104 826 2508 891 incorruptibilis
2566 826 2658 878 Dei
2700 827 2752 878 in
2785 825 3171 878 similitudinem
3200 825 3441 893 imaginis

1916 915 2140 980 corrupti
2156 915 2396 976 hominis,
2417 924 2465 966 et
2484 915 2765 979 volucrum,
2782 924 2828 966 et
2846 913 3251 982 quadrupedum,
3267 924 3313 967 et
3331 930 3440 967 ser-

1912 1005 2156 1070 pentium,
2181 1005 2471 1059 secundum
2516 1012 2758 1058 sanctum
2787 1004 3097 1073 Apostolum
3127 1000 3202 1054 7"?

1984 1174 2182 1227 Deinde
2229 1184 2590 1242 consequenter
2645 1181 2845 1241 agentes
2906 1171 2971 1223 ad
3026 1172 3181 1239 impia
3230 1180 3279 1243 et
3323 1181 3441 1238 per-

1914 1275 2059 1317 versa
2105 1264 2279 1316 studia
2327 1281 2443 1329 sua,
2491 1265 2543 1315 in
2594 1280 2792 1316 omnem
2839 1262 3178 1329 improbitatis
3223 1262 3438 1329 speciem

1912 1353 2049 1419 lapsi
2085 1362 2225 1405 sunt.
2266 1352 2440 1417 Quare
2467 1354 2661 1407 dehinc
2692 1353 3031 1422 subjungitur
3062 1370 3073 1404 :
3112 1350 3227 1403 Non
3254 1361 3331 1403 est
3353 1346 3440 1418 qui

1911 1441 2074 1508 faciat
2118 1440 2325 1494 bonum.
2378 1441 2511 1493 Deus
2550 1442 2611 1494 de
2647 1442 2772 1494 uelo
2812 1441 3069 1508 prospexit
3106 1454 3255 1506 super
3300 1439 3437 1506 ﬁlios

1913 1529 2175 1582 hominum
2197 1570 2210 1592 ,
2239 1540 2295 1582 ut
2323 1531 2487 1583 rideat
2511 1532 2555 1584 si
2581 1541 2656 1583 est
2686 1532 2993 1599 intelligens,
3048 1541 3137 1609 aut
3178 1530 3436 1595 requirens

1912 1620 2096 1675 Deum.
2151 1622 2337 1675 Omnes
2391 1621 2794 1683 declinaverunt,
2849 1620 3004 1672 sintut
3052 1615 3256 1671 inutiles
3310 1614 3438 1685 facti

1913 1720 2052 1771 sunt,
2082 1726 2180 1762 non
2211 1721 2289 1762 est
2328 1711 2415 1779 qui
2450 1711 2611 1777 faciat
2658 1710 2933 1762 bonitatem
2975 1725 3130 1777 usque
3159 1710 3225 1759 ad
3259 1720 3434 1762 unum.

1846 1770 2174 1865 Blnsipiens
2220 1813 2351 1852 sane
2396 1814 2515 1853 sese
2559 1800 2786 1867 decepit,
2831 1798 3014 1852 dicens
3057 1798 3109 1850 in
3154 1796 3311 1849 corde
3340 1808 3437 1849 suo

1911 1900 2017 1938 non
2051 1901 2171 1941 esse
2216 1887 2381 1940 Deum
2418 1905 2430 1940 :
2473 1902 2535 1940 ac
2585 1889 2777 1956 reliqui
2824 1902 3011 1942 omnes
3052 1886 3436 1940 abominabiles

1911 1978 2038 2031 facti
2060 1989 2204 2045 sunt,
2240 1978 2622 2033 abominationi
2654 1979 2949 2035 studentes.
2980 1980 3048 2032 At
3071 1995 3246 2034 sermo
3278 1990 3436 2039 verus

1910 2068 2065 2121 docet
2095 2082 2238 2130 eum,
2273 2068 2363 2135 qui
2398 2082 2559 2136 supra
2601 2069 2779 2121 omnia
2807 2078 2906 2133 est,
2948 2068 3112 2122 Deum
3152 2084 3214 2121 ac
3257 2067 3436 2121 Domi~

1908 2172 2057 2219 num,
2087 2172 2195 2210 non
2229 2157 2488 2212 exsistere
2516 2158 2674 2211 modo
2700 2166 2753 2213 et
2794 2158 2970 2211 omnia
2998 2157 3274 2225 complecti
3301 2173 3315 2221 ;
3339 2152 3433 2209 sed

1907 2245 2065 2297 etiam
2099 2244 2404 2312 prospicere
2424 2252 2475 2299 et
2512 2240 2875 2306 considerare,
2904 2261 3009 2298 non
3042 2246 3212 2299 solum
3246 2240 3432 2312 praeci‘

1907 2347 2040 2401 puas
2070 2331 2305 2386 universi
2338 2338 2537 2398 partes,
2561 2331 2655 2387 sed
2700 2334 2907 2402 singula
2955 2348 3184 2400 quoque.
3212 2340 3265 2385 et
3295 2332 3431 2384 lilios

1905 2425 2179 2477 hominum
2203 2424 2256 2478 in
2281 2433 2422 2479 terra
2452 2431 2745 2478 versantes.
2775 2422 2974 2477 Deinde
2998 2421 3121 2489 quia
3160 2421 3283 2474 [iliis
3331 2417 3429 2475 ho-

1908 2515 2108 2567 minum
2134 2514 2493 2583 prospiciens,
2512 2527 2575 2567 es
2592 2514 2805 2581 propria
2825 2510 3186 2581 magnitudine
3206 2510 3429 2566 descen‘

1904 2601 2058 2665 dens,
2086 2602 2241 2670 quasi
2266 2617 2329 2656 ex
2354 2602 2616 2656 altissimo
2642 2600 2919 2655 cacumine
2946 2600 3157 2653 virtutis
3185 2614 3296 2653 suae
3314 2615 3431 2652 om-

1905 2688 2065 2744 nibus
2094 2688 2501 2759 praeminente,
2533 2689 2808 2745 descendit
2851 2690 2916 2743 ad
2946 2704 3060 2751 eos,
3094 2690 3182 2756 qui
3205 2689 3257 2741 in
3288 2699 3428 2743 terra

1902 2785 2093 2842 erant,
2150 2780 2393 2834 homines
2439 2779 2915 2842 internoscendos,
2961 2779 3247 2847 explorans
3300 2791 3428 2833 num

1902 2866 2024 2935 quis
2066 2875 2208 2922 esset
2249 2867 2339 2936 qui
2372 2867 2715 2937 providentia:
2758 2881 2869 2921 suae
2911 2865 3423 2920 administrationem

1902 2956 2255 3024 intelligeret,
2283 2964 2335 3010 et
2364 2968 2488 3009 num
2520 2956 2674 3025 quis,
2706 2954 3018 3023 postpositis
3047 2954 3296 3007 omnibus
3328 2954 3427 3007 hu-

1830 3072 1871 3129 ο
1900 3045 1989 3113 jus
2019 3046 2140 3099 vita
2168 3042 2414 3107 fallaciis,
2438 3042 2525 3129 Aad
2563 3056 2640 3129 se
2662 3039 3074 3129 perquirendum
3108 3038 3424 3129 attenderet.

1904 3130 2146 3200 Cumque
2172 3127 2473 3198 hujusmodi
2506 3127 2769 3182 neminem
2799 3126 3077 3181 lustrando
3110 3126 3421 3187 invenisset,

1902 3219 2045 3287 quod
2085 3233 2271 3272 omnes
2310 3217 2670 3270 declinassent
2720 3221 2772 3267 et
2827 3215 2985 3267 simul
3026 3215 3241 3268 inutiles
3298 3212 3422 3266 facti

1902 3306 2147 3369 fuissent,
2177 3307 2249 3358 ita
2284 3311 2341 3357 ut
2371 3319 2437 3358 ne
2467 3304 2549 3357 vel
2576 3318 2739 3356 unum
2774 3303 2864 3371 qui
2891 3303 3089 3356 faceret
3112 3302 3307 3353 bonum
3340 3316 3426 3355 reo

1900 3394 2133 3463 periret;
2160 3392 2281 3460 jure
2304 3392 2667 3445 ‘comminatur
2695 3392 2760 3443 iis
2786 3390 2877 3457 qui
2903 3405 3021 3443 sese
3052 3397 3423 3456 corruperant,

1900 3496 2017 3550 quas
2041 3487 2337 3548 sequuntur
2366 3478 2643 3547 proferens
2676 3497 2690 3530 :
2727 3477 2911 3532 Nonne
2946 3478 3103 3531 scient
3141 3493 3311 3530 omnes
3338 3471 3425 3545 qui

1901 3578 2176 3636 operantur
2221 3569 2578 3637 iniquitatem,
2612 3568 2700 3635 qui
2732 3566 2979 3620 devorant
3021 3566 3215 3634 plebem
3259 3580 3424 3617 meam

1900 3660 2204 3713 comestione
2233 3660 2424 3726 panis?
2454 3658 2733 3710 Dominum
2766 3673 2869 3710 non
2899 3657 3256 3709 invocaverunt
3280 3670 3296 3706 :
3318 3654 3428 3707 illic

1901 3748 2280 3814 trepidaverunt
2324 3748 2508 3799 timore
2563 3745 2649 3797 ubi
2691 3761 2794 3797 non
2839 3754 2950 3798 erat
2991 3742 3163 3799 timor.
3188 3746 3323 3810 Quia
3358 3761 3421 3797 ex

1900 3835 2116 3904 pr0prio
2136 3834 2405 3888 domicilio
2427 3835 2759 3902 prospiciens
2786 3833 2945 3896 Deus,
2972 3834 3022 3887 id
3051 3843 3153 3897 est,
3174 3850 3239 3887 ex
3267 3835 3424 3894 ctelo,

1902 3922 1987 3977 ubi
2006 3921 2255 3975 habitare
2277 3922 2473 3974 dicitur
2504 3929 2717 3990 propter
2739 3935 2833 3974 eos
2848 3921 2937 3988 qui
2966 3921 3039 3974 ibi
3068 3936 3286 3989 regnum
3309 3923 3426 3989 ejus

1899 4009 2213 4077 possident,
2272 4024 2460 4063 omnes
2504 4010 2641 4063 tilios
2694 4007 2969 4061 hominum
3028 4008 3156 4061 vidit
3208 4010 3425 4063 inutiles

1900 4095 2088 4159 factos,
2143 4112 2171 4147 a
2221 4105 2364 4150 recta
2397 4097 2483 4149 via
2528 4096 3007 4163 declinasse;jure
3053 4109 3149 4147 ceu
3207 4095 3424 4164 quidam

1902 4194 2083 4253 pastor
2114 4186 2285 4240 bonus
2318 4201 2528 4255 gregem
2559 4202 2713 4240 suum
2742 4186 2794 4239 in
2825 4186 3132 4239 hominibus
3154 4186 3423 4240 essisten-

1898 4283 2004 4329 tem
2050 4291 2268 4338 curans,
2304 4277 2676 4345 .perversionis
2717 4275 3027 4329 auctoribus
3074 4273 3425 4327 comminatur

1833 4374 1876 4429 ι)
1900 4363 2121 4417 dicens:
2163 4362 2347 4417 Nonne
2393 4372 2692 4433 cognoscent
2727 4364 2815 4429 qui
2855 4372 3132 4431 operantur
3176 4362 3426 4429 iniquitau

1899 4460 2020 4513 lem,
2052 4451 2140 4518 qui
2188 4450 2433 4503 devorant
2473 4450 2665 4518 plebem
2698 4464 2865 4500 meam
2905 4450 3210 4502 comestione
3234 4450 3424 4516 panis?

1898 4537 1963 4589 Et
2007 4538 2121 4591 haec
2153 4538 2400 4591 videntur
2436 4539 2562 4590 mihi
2601 4538 2665 4590 de
2703 4536 3029 4593 adversariis
3073 4541 3424 4607 potestatibus

1901 4625 2249 4679 invisibilium
2268 4626 2601 4678 inimicorum
2630 4630 2681 4677 et
2707 4623 2938 4678 hostium
2970 4627 3178 4694 generis
3208 4627 3421 4679 humani

1904 4713 2048 4767 dicta
2078 4728 2216 4768 esse.
2255 4710 2318 4765 Hi
2340 4714 2479 4766 enim
2503 4711 2776 4764 hominum
2796 4728 2966 4781 genus
2994 4714 3170 4768 cibum
3212 4713 3313 4768 sibi
3347 4713 3425 4765 fe.

1898 4810 2114 4867 cerunt,
2155 4817 2252 4857 ceu
2298 4803 2557 4856 immanes
2596 4801 2720 4855 [erm
2777 4804 2986 4857 animas
3027 4817 3213 4858 eorum
3258 4801 3423 4855 devo-

1898 4900 2097 4956 rantes,
2142 4900 2201 4944 nt
2241 4893 2294 4945 in
2332 4892 2623 4961 prophetiis
2661 4891 2863 4944 dictum
2899 4901 2979 4947 est
3012 4892 3153 4957 τρυε
3180 4892 3423 4947 devorant

1899 4982 2142 5049 populum
2168 4997 2331 5035 meum
2361 4991 2465 5034 toto
2495 4981 2663 5035 ore".

234 5073 329 5137 χὰς
400 5072 587 5127 αὐτῶν
649 5069 1051 5131 κατεσθίοντες,
1090 5067 1226 5118 κατὰ
1263 5068 1320 5118 τὸ
1369 5068 1647 5137 εἰρημένον
1677 5072 1732 5121 ἐν
1768 5071 2129 5139 προφητείαις·
2179 5074 2239 5123 Ol
2283 5070 2684 5131 κατεσθίοντες
2710 5067 2815 5118 τὸν
2841 5071 2995 5123 λαόν
3030 5087 3145 5138 μου
3194 5072 3312 5133 ὅλῳ
3352 5070 3427 5133 τῷ

233 5163 500 5213 στόματι.

299 5180 500 5227 ναματι.

299 5248 451 5305 Οὗτοι
481 5244 575 5303 οὖν
616 5249 778 5301 αὐτοὶ
819 5244 920 5295 νῦν
959 5240 1081 5310 μὲν,
1130 5243 1314 5310 φησὶν,
1358 5241 1428 5303 ὡς
1459 5245 1557 5296 οὐκ
1587 5245 1649 5297 ἂν
1702 5246 1791 5299 τὸν

232 5336 351 5391 Θεὸν
387 5339 493 5408 πρὸ
514 5332 825 5405 ὀφθαλμῶν
856 5329 1103 5395 θέμενοι,
1157 5327 1315 5378 ταῦτα
1347 5329 1483 5380 κατὰ
1527 5330 1618 5381 τοῦ
1664 5332 1788 5386 λαοῦ

232 5428 312 5477 καὶ
331 5428 466 5481 κατὰ
492 5426 599 5493 τῆς
630 5420 780 5489 ἐμῆς
826 5417 889 5466 ὲν
918 5412 1225 5480 ἀνθρώποις
1250 5412 1457 5480 λογικῆς
1492 5416 1684 5486 ἀγέλης
1714 5420 1790 5473 δι.

290 5574 321 5606 ιγ
355 5578 521 5629 num.
568 5591 622 5627 ι,
660 5563 763 5615 22.
848 5558 900 5587 ’⁸
944 5556 1053 5608 lsa.
1090 5573 1172 5614 tt.
1206 5558 1280 5611 12.

514 5663 816 5717 Parnm"
846 5646 1240 5717 Gmxxm.

1967 5246 2032 5300 Hi
2066 5249 2247 5317 igitur,
2282 5248 2469 5316 inquit,
2506 5252 2686 5313 utpote
2714 5242 2809 5310 qui
2842 5243 3011 5300 Deum
3035 5249 3300 5302 oboculos
3323 5262 3428 5300 non

1895 5347 2113 5403 ponant,
2143 5337 2253 5405 jam
2296 5344 2483 5390 contra
2537 5331 2791 5401 pepulum
2849 5344 2908 5388 et
2943 5348 3129 5391 contra
3166 5352 3338 5391 meum
3378 5338 3432 5389 in

1894 5426 2195 5481 hominibus
2232 5426 2595 5480 rationabilem
2619 5436 2839 5491 gregem
2885 5424 3004 5481 haec
3030 5435 3265 5497 egerunt.
3296 5426 3433 5478 Num

3189 5674 3259 5731 13
