3812 6358
523 379 621 434 459

522 508 650 563 ergo
687 474 909 556 semper.
936 475 1012 538 sic
1046 483 1257 546 agentes
1297 456 1747 536 perseverabunt?

528 540 696 637 Dgum
731 593 838 632 non
869 567 1281 626 invocaverunt,
1317 556 1422 608 Deo
1452 547 1716 624 contraria
1757 549 1809 596 et
1844 540 2055 593 inimica

528 673 755 742 operati,
791 676 966 725 annon
997 654 1225 725 quodam
1261 656 1495 712 tempore
1542 640 1865 705 cognoscent
1903 628 2058 681 ultio-

529 722 650 818 nem
700 757 830 826 ipsis
879 739 1238 804 inferendam?
1281 735 1421 788 Sane
1465 740 1675 797 tempus
1715 725 1816 778 erit
1853 722 1904 774 in
1953 731 2059 787 quo

531 807 871 918 ιἰῗεέᾷειιξιξυιιι
919 839 1129 890 timore.
1184 825 1464 893 Quodnam
1495 818 1660 879 illud,
1701 813 1806 868 nisi
1847 807 2059 879 quando

531 897 873 992 illurcescente
911 919 1167 982 Salutari,
1198 914 1379 969 nullus
1408 910 1549 963 ultra
1582 911 1753 958 metus
1777 897 2061 968 pecoribus

533 1025 662 1079 meis
696 1016 902 1077 aderit,
933 1014 1052 1066 illas
1097 1015 1272 1061 autem
1315 1003 1577 1055 immanes
1616 995 1776 1053 feras,
1820 987 2060 1043 occultos

532 1121 584 1167 et
601 1105 893 1164 invisibiles
911 1102 1180 1155 daemones
1207 1095 1364 1146 timor
1389 1085 1677 1153 corripiet,
1707 1081 1797 1134 ubi
1831 1093 1935 1131 non
1963 1075 2064 1129 erit

533 1191 753 1254 timendi
781 1191 966 1247 locus?
1004 1187 1157 1240 Tunc
1202 1183 1341 1236 enim
1394 1179 1460 1231 iis
1501 1175 1714 1244 quidem
1770 1171 1860 1239 qui
1910 1166 2066 1220 bonis

533 1297 690 1344 erunt
733 1285 878 1355 digni
920 1281 1101 1334 nullus
1148 1273 1249 1328 erit
1281 1278 1487 1333 metus;
1514 1267 1583 1320 iis
1618 1276 1768 1327 vero,
1821 1260 1913 1329 qui
1955 1259 2064 1326 jam

535 1388 721 1435 contra
747 1374 1000 1446 p0pulum
1021 1382 1195 1421 meum
1226 1364 1526 1427 eriguntur,
1551 1356 1760 1422 ingruet
1788 1351 1945 1403 timor
1975 1346 2066 1398 ira:

507 1474 682 1539 -ipsos
713 1468 997 1519 invasurae,
1029 1471 1146 1525 qua:
1175 1459 1402 1511 instans,
1438 1442 1712 1512 dissipabit
1737 1454 1854 1492 ossa
1891 1448 2066 1488 eorum

538 1517 680 1539 'r'"
715 1517 742 1518 η
986 1517 991 1519 -
1046 1517 1060 1525 .

536 1559 622 1628 qui
677 1548 964 1606 hominibus
1006 1544 1241 1612 placent;
1293 1551 1396 1606 qua
1465 1526 1889 1586 confundentur;
1941 1517 2065 1587 quia

537 1612 668 1702 tunc
699 1641 937 1698 omnium
969 1636 1129 1704 judex
1159 1632 1302 1700 ipsos
1335 1624 1484 1679 nihili
1519 1620 1696 1673 faciet.
1717 1615 1820 1667 Pro
1854 1612 1944 1664 illo
1971 1623 2068 1660 au-

540 1745 665 1798 tem,
696 1730 953 1798 Quoniam
985 1725 1114 1776 Deus
1144 1715 1414 1784 dissipavit
1463 1726 1581 1763 ossa
1618 1720 1816 1764 eorum,
1854 1700 1940 1770 qui
1979 1697 2068 1748 Ito-

1216 348 1476 409 EUSEBll
1509 321 1973 396 cmsanmnsis
1995 326 2143 383 ore.
2174 320 2350 376 rans
2387 318 2473 374 nt.
2511 347 2577 358 —
2611 262 3046 370 EXEGETICAJ
3492 290 3562 343 ιιι

1777 453 1906 506 Esto
1945 451 2054 517 jam
2087 444 2129 499 Α
2159 439 2474 508 επράξαντο.
2505 434 2648 501 Μήτι
2671 428 2759 483 οὖν
2788 431 2883 482 καὶ
2901 429 2980 487 εἰς
3004 425 3064 475 τὸ
3081 415 3280 474 παντελὲς
3293 409 3429 462 ταῦτα
3443 405 3572 474 πρᾶτ-

3068 510 3100 517 ι·
3174 505 3193 515 ⁵
3305 500 3315 514 ⁸
3378 496 3482 517 0-1..
3511 493 3572 517 ..⁸.Δ

2157 548 2336 593 τοντες
2357 526 2744 580 διατελέσουσιν
2769 537 2783 584 ;
2841 519 3025 569 Ἔστω
3064 510 3111 562 δὲ
3147 505 3245 567 νῦν,
3279 500 3352 551 τὸν
3378 496 3482 548 θεὸν
3509 493 3580 543 οὐκ

2160 583 2577 677 ἐπεκαλέσαντο,
2608 583 2865 666 τάναντία
2892 605 2971 674 τῷ
3009 599 3116 669 Θεῴ
3142 595 3217 650 καὶ
3241 591 3296 644 τὰ
3320 585 3454 677 ἔχθρα
3477 583 3587 652 αὐτῷ

2159 709 2521 782 ἐνεργοῦντες,
2551 704 2623 773 μὴ
2649 702 2768 768 οὐχὶ
2799 695 3093 766 γνώσονται
3115 682 3258 753 καιρῷ
3279 696 3366 732 τινι
3406 674 3483 744 τὴν
3523 675 3595 724 t1:-

2160 765 2516 867 ελευσομένην
2539 765 2927 854 abacta-Sinni);
2961 783 3069 834 Καὶ
3100 778 3188 848 μὴν
3213 773 3337 825 ἔσται
3364 765 3532 867 καιρὸς,
3557 765 3597 814 ὲν

2159 887 2201 958 ᾧ
2231 849 2622 958 (ρο-ὂήθήσονται
2673 849 2865 948 (ρόϐον.⁷
2911 875 3071 933 Ποῖος
3125 868 3161 919 δ’
3215 863 3268 916 ἂν
3308 859 3380 928 εἴη
3423 849 3546 915 οὗτος
3582 854 3607 922 ἢ

2161 942 2368 1040 ἐκεῖνος.
2402 942 2520 1027 καθ’
2545 974 2602 1025 ὃν
2647 942 3054 1035 ἐπιλάμψαντος
3081 955 3160 1009 τοῦ
3196 947 3446 1018 Σωτηρίου,
3473 942 3608 995 οὐκέτι

2162 1073 2271 1131 τοῖς
2296 1034 2446 1136 ἐμοῖς
2491 1063 2770 1134 θρέμμασι
2810 1034 2971 1124 ιρόὸος
3014 1046 3342 1114 ἐπιστήσεται·
3384 1035 3544 1093 αὐτοὺς
3579 1034 3612 1084 δὲ

2161 1160 2284 1219 τοὺς
2311 1124 2718 1220 δεινοὺςθῆρας
2765 1147 2864 1198 καὶ
2897 1144 3022 1203 τοὺς
3070 1135 3266 1204 ἀφανεῖς
3301 1128 3384 1181 καὶ
3420 1124 3604 1194 ἀοράτου

2162 1211 2416 1312 δαίμονας
2449 1211 2862 1307 φόδοςηλήψεται
2914 1231 3030 1280 ἐκεῖ
3085 1217 3140 1276 οὗ
3185 1221 3274 1272 οὐκ
3310 1216 3443 1268 ἔσται
3479 1211 3608 1279 φόϐος

2165 1301 2295 1384 Τότε
2320 1301 2426 1400 γὰρ
2455 1301 2564 1388 τοῖς
2598 1301 2700 1394 μὲν.
2715 1301 2821 1372 τῶν
2874 1314 3090 1384 ἀγαθῶν
3118 1309 3270 1372 ἀξίοις
3294 1304 3383 1355 οὺκ
3417 1301 3542 1352 ἔσται
3570 1307 3612 1364 φ(

2165 1422 2276 1483 6ος,
2301 1422 2409 1480 τοῖς
2438 1417 2493 1469 δὲ
2524 1415 2616 1466 νῦν
2637 1407 3020 1478 ἐπαιρομένοις
3043 1399 3174 1455 κατὰ
3203 1395 3287 1450 τοῦ
3305 1391 3422 1446 λαοῦ
3453 1407 3538 1460 μου
3559 1390 3612 1440 επ

2167 1479 2406 1564 πεσεῖται
2445 1505 2603 1574 φόϐος
2643 1501 2796 1571 όδτῆς
2835 1489 3282 1567 μετελευσομένης
3313 1485 3486 1544 αὐτοὺς
3501 1479 3612 1550 ὀργῆ

2167 1605 2287 1672 ἥτις
2351 1588 2618 1650 ἐπιστᾶσα
2693 1586 3116 1655 διασκορπίσει
3189 1577 3330 1632 ὀστᾶ
3400 1575 3612 1640 ἁνθρωπ.

2165 1663 2418 1757 ρέσκων·
2477 1688 2533 1737 ὲν
2564 1678 2712 1755 ᾖκαὶ
2744 1672 3314 1745 καταισχυνθήσονται,
3360 1663 3528 1732 ἐπειδὴ
3573 1673 3610 1712 τι

541 1752 665 1798 tem,
696 1752 953 1798 Quantum
985 1752 1114 1776 ucua
1144 1752 1414 1784 ιιιοοιμιιυη
1463 1752 1581 1763 νυν..
1619 1752 1690 1759 ..--
1712 1752 1815 1764 __-__,
1867 1752 1879 1770 '

541 1823 763 1878 minibus
795 1819 1016 1886 placent,
1053 1805 1404 1879 Symmachus
1438 1802 1508 1852 ita
1549 1797 1924 1861 interpretatus
1949 1794 2062 1839 est:

2172 1779 2366 1839 αὐτοὺς
2396 1779 2423 1828 ὁ
2462 1772 2839 1826 τῶνὰπάντων
2885 1759 3231 1830 ὲξουδενώσει
3257 1755 3455 1826 κριτής.
3490 1752 3610 1804 Ἀντ“ι

2231 1871 2256 1881 ~
2315 1871 2436 1886 una
2495 1868 2514 1886 ι
2564 1861 2704 1886 0-1-
2763 1857 3189 1886 k.-....xng.nmp
3244 1845 3384 1886 Λιγτῆ
3421 1846 3610 1886 (ba-Dom:

547 1909 685 1963 Nam
722 1882 854 1959 Deus
880 1897 1153 1965 dissipabit
1182 1908 1299 1947 ossa
1345 1901 1518 1942 eorum
1564 1882 1651 1950 qui
1689 1882 2069 1930 castrametan-

545 2011 627 2052 tur
659 1987 797 2050 circa
827 2004 871 2046 te
898 2008 913 2045 :
936 1984 1268 2055 confunderis
1298 1979 1416 2047 quia
1456 1974 1588 2026 Deus
1639 1965 1927 2033 reprobavit
1961 1977 2066 2014 eos.

542 2088 733 2156 Aquila
783 2089 957 2135 autem
1032 2053 1201 2129 eidem
1289 2063 1568 2122 sententiae
1613 2060 1776 2111 htcret
1839 2053 2066 2107 dicens:

547 2174 803 2241 Quoniam
852 2168 986 2220 Deus
1036 2160 1302 2227 dissipavit
1355 2171 1473 2209 ossa
1518 2165 1693 2205 eorum
1732 2147 1817 2214 qui
1874 2151 2074 2196 castra-

545 2264 723 2318 metati
745 2269 860 2313 sunt
885 2259 1022 2310 circa
1047 2263 1092 2306 te
1114 2269 1130 2304 :
1154 2250 1396 2316 confusus
1417 2261 1490 2308 es,
1512 2241 1753 2311 quoniam
1771 2237 1904 2288 Deus
1935 2232 2075 2300 abje—

549 2356 615 2406 cit
647 2369 754 2405 eos.
780 2344 1055 2401 Sermonis
1080 2348 1254 2394 autem
1299 2333 1563 2390 sententia
1603 2328 1858 2388 declarat,
1885 2321 2076 2392 praedi-

550 2449 756 2492 ctorum
789 2431 967 2503 populi
1015 2418 1684 2488 insidiatorum,videlicet
1730 2410 2081 2466 invisibilium

549 2527 885 2582 inimicorum
938 2530 990 2573 et
1037 2517 1369 2570 occultorum
1422 2509 1676 2568 hostium,
1716 2503 1942 2556 virtutes
1986 2496 2079 2550 de-

550 2618 736 2672 lendas
759 2630 897 2668 esse.
931 2610 1061 2662 Nam
1098 2620 1222 2660 ossa
1252 2601 1589 2656 inimicorum
1628 2593 1905 2659 dissipata,
1928 2585 2080 2639 mali-

550 2708 636 2760 tiae
678 2718 862 2758 eorum
905 2701 1129 2752 virtutes
1167 2693 1394 2752 fuerint,
1445 2701 1578 2756 quas
1613 2688 1797 2736 notato
1844 2676 2081 2743 tempore

553 2797 714 2849 Deum
745 2791 1123 2858 dissipaturuni
1161 2781 1534 2836 comminatur.
1559 2773 1708 2826 Tunc
1736 2781 1895 2837 porro
1921 2764 2080 2818 etiam

553 2881 964 2938 confundentur,
995 2890 1115 2928 cum
1159 2872 1296 2924 Dens
1337 2883 1430 2922 eos
1488 2860 1875 2932 reprobaverit,
1900 2871 1962 2909 ac
1991 2854 2083 2907 de—

554 2970 803 3041 spexerit,
849 2967 980 3020 nihil
1017 2979 1110 3018 eos
1147 2975 1268 3015 esse
1307 2955 1680 3024 comprobans.
1725 2947 1845 3000 llaac
1894 2942 2083 2996 merito

557 3061 930 3116 interminatus
975 3063 1056 3108 cst
1102 3051 1376 3105 hominum
1421 3051 1638 3097 curator
1681 3039 1772 3091 Dei
1825 3035 2078 3097 verbum;

557 3151 805 3221 quoniam
854 3145 1186 3217 prospiciens
1231 3139 1296 3192 de
1335 3135 1470 3189 caelo
1520 3144 1679 3198 super
1729 3127 1867 3180 ﬁlios
1911 3123 2083 3176 homi-

559 3255 704 3300 num,
730 3254 792 3291 ac
831 3235 1161 3305 perlustrans
1198 3240 1326 3280 num
1365 3223 1486 3292 quis
1525 3226 1665 3274 esset
1711 3218 1850 3270 inter
1879 3229 1971 3268 eos
2005 3213 2086 3265 in-

559 3330 799 3397 telligens
835 3332 925 3378 aut
952 3321 1228 3389 requirens
1262 3315 1448 3375 Deum,
1487 3311 1690 3364 nullum
1725 3305 1957 3370 invenit;
1993 3301 2085 3357 sed

561 3414 906 3484 deprehendit
937 3426 1124 3465 omnes
1168 3405 1380 3462 insidiis
1418 3401 1755 3455 inimicorum
1788 3395 2088 3449 declinasse

561 3517 622 3553 ac
663 3501 876 3552 inutiles
920 3498 1087 3548 factos
1129 3509 1267 3555 esse,
1310 3497 1367 3543 ut
1413 3504 1479 3542 ne
1522 3488 1606 3541 vel
1656 3500 1794 3539 unus.
1841 3483 2088 3537 residuus

561 3597 703 3641 esset
729 3587 884 3640 bonis
914 3584 1167 3651 operibus
1193 3580 1426 3632 deditus.
1466 3577 1653 3628 Priora
1685 3576 1865 3642 itaque
1899 3572 2088 3625 tertius

563 3678 802 3730 decimus
844 3673 1002 3724 etiam
1039 3667 1409 3734 complectitur
1441 3679 1596 3732 :quzc
1636 3669 1933 3729 sequuntur
1966 3673 2090 3712 vero

565 3765 704 3815 inter
731 3777 787 3813 se
812 3757 1080 3812 diﬂerunt.
1105 3754 1236 3806 Nam
1261 3754 1315 3805 in
1345 3753 1552 3805 decimo
1572 3751 1730 3803 tertio
1757 3750 1841 3802 his
1870 3747 2093 3814 subiun-

565 3851 707 3919 gitur
728 3847 888 3900 illud:
920 3845 1174 3910 Quoniam
1205 3841 1343 3895 Deus
1374 3843 1428 3893 in
1449 3839 1775 3908 generatione
1814 3838 1964 3900 justa
1992 3844 2089 3897 est,

567 3938 838 3992 consilium
875 3937 1040 4002 inopis
1071 3931 1399 4000 confudistis,
1430 3928 1672 3997 quoniam
1707 3925 1956 3977 Dominus
1979 3939 2092 3991 spes

567 4030 677 4097 ejus
705 4028 868 4090 est”;
915 4025 1002 4078 hic
1031 4038 1177 4085 vero,
1212 4021 1469 4086 Quoniam
1501 4016 1638 4069 Deus
1672 4014 1938 4079 dissipavit
1975 4029 2094 4065 ossa

568 4131 742 4167 eorum
767 4115 853 4183 qui
889 4109 1177 4165 hominibus
1203 4111 1424 4176 placent,
1454 4103 1656 4171 confusi
1689 4110 1806 4156 sunt
1851 4101 2095 4169 quoniam

571 4201 706 4254 Deus
758 4200 942 4266 sprevit
981 4215 1087 4251 eos.
1121 4196 1224 4250 Sed
1253 4211 1371 4264 quae
1411 4193 1626 4247 tertium
1665 4191 1929 4244 decimum
1977 4203 2097 4256 spe-

570 4296 715 4343 ctant
744 4289 855 4343 suis
883 4289 1013 4341 locis
1035 4287 1249 4356 pr0pria
1268 4282 1702 4351 interpretatione
1733 4280 1927 4334 donata
1947 4285 2094 4332 sunt.

2168 1871 2278 1922 τοῦ·
2315 1871 2440 1919 Ὅτι
2483 1868 2514 1917 ὀ
2563 1861 2706 1926 Θεὸς
2760 1857 3189 1922 διεσκόρπισεν
3244 1845 3387 1901 ὀστᾶ
3421 1846 3612 1910 ἀνθρωτ

2162 1961 2417 2026 ρέσκων,
2447 1955 2474 2004 ὁ
2506 1953 2794 2020 Σύμμαχος
2824 1943 3017 1998 τοῦτον
3047 1941 3355 2013 ἡρμήνευσε
3382 1935 3466 1988 τὸν
3503 1933 3608 2001 τρότ

2181 2051 2232 2100 '0
2264 2046 2372 2114 γὰρ
2411 2042 2552 2107 Θεὸς
2590 2037 3009 2104 διασκορπίσει
3054 2028 3208 2084 ὀστᾶ
3247 2029 3363 2082 τῶν
3407 2025 3611 2092 παρεμὸ

2170 2139 2397 2191 λόντων
2440 2131 2570 2198 περὶ
2627 2128 2716 2181 σέ·
2781 2119 3316 2190 κατιιισχυνθήσῃ,
3365 2118 3448 2170 ὅτι
3505 2117 3533 2166 ὀ
3585 2116 3608 2165 ε

2170 2224 2608 2289 ἀπεδοκίμασεν
2631 2216 2870 2280 αὐτούς.
2930 2213 3046 2264 Καὶ
3109 2213 3140 2263 ὁ
3181 2207 3412 2268 Ἀκύλας
3439 2205 3492 2257 δὲ
3523 2204 3607 2272 τῆς

2171 2318 2268 2385 τῆς
2301 2316 2476 2384 ἔχεται
2509 2308 2741 2369 διανοίας
2768 2307 2964 2373 λέγων·
3003 2305 3130 2354 Ὅτι
3154 2305 3187 2354 ὀ
3224 2301 3372 2363 Θεὸς
3397 2298 3604 2362 ὲσκόρπ

2175 2403 2321 2458 ὀστᾶ
2349 2399 2910 2470 παρεμϐεϐληκότων
2933 2410 3076 2447 σου·
3111 2393 3426 2460 ᾔσχυνας,
3454 2387 3536 2440 ὅτι
3558 2391 3612 2438 ὀμ

2175 2494 2495 2561 ἁπέρῤιψεν
2523 2489 2760 2551 αὐτούς.
2803 2487 2869 2537 Ἡ
2923 2484 2982 2536 δὲ
3027 2481 3129 2535 τοῦ
3180 2481 3353 2548 λόγου
3396 2479 3590 2532 διάνοια

2181 2582 2356 2650 ίστησι
2378 2578 2482 2630 τῶν
2515 2573 2914 2646 προλεχθέντων
2947 2569 3269 2622 ἐπιϐούλων
3294 2568 3393 2622 τοῦ
3409 2566 3610 2629 uoma-

2177 2669 2282 2720 τῶν
2309 2667 2548 2735 ἀοράτων
2593 2659 2798 2730 ἐχθρῶν
2823 2660 2919 2710 καὶ
2952 2657 3068 2709 τῶν
3085 2657 3330 2725 ἀφανῶν
3365 2655 3608 2725 πολεμίων

2178 2758 2428 2826 δυνάμεις
2451 2749 2959 2820 καθαιρεθήσεσθαι.
3031 2749 3211 2800 Ὀστᾶ
3255 2748 3375 2818 γὰρ
3415 2747 3610 2798 suam.

2184 2865 2315 2917 μενα
2338 2845 2443 2897 τῶν
2473 2842 2676 2913 ἐχθρῶν
2702 2837 2808 2890 εἷεν
2836 2838 2902 2891 ἂν
2931 2839 2988 2890 αἱ
3012 2839 3120 2908 τῆς
3154 2839 3378 2902 κακίας
3425 2837 3601 2890 αὐτῶν

2186 2956 2322 3009 μεις,
2344 2937 2408 2998 ἃς
2433 2930 2831 3002 διασκορπὶζειν
2861 2928 3007 2981 κατὰ
3057 2929 3160 2980 τὸν
3218 2929 3608 3000 σημαινόμενα

2187 3030 2274 3098 ρὺν
2303 3029 2331 3078 ὁ
2350 3026 2503 3091 λόγος
2533 3021 2762 3074 ἀπειλεῖ.
2786 3017 2920 3070 Τότε
2953 3018 3012 3069 δὲ
3047 3021 3153 3071 καὶ
3204 3020 3604 3090 καταισχυνθή

2183 3116 2396 3170 ἐπειδὰν
2418 3112 2788 3181 ἀποδοκιμάσῃ
2816 3111 3018 3173 αὐτοὺς
3045 3112 3076 3162 ὁ
3099 3113 3255 3174 Θεὸς
3280 3113 3321 3182 ἢ
3357 3112 3610 3178 ὲξουθενί

2188 3209 2352 3278 μηθὲν
2381 3207 2576 3266 αὐτοὺς
2612 3199 2749 3256 εἶναι
2778 3201 3094 3263 ἀποδείξας.
3138 3202 3363 3254 Ταῦτα
3411 3202 3605 3254 εἰκότα

2184 3302 2340 3370 λησεν
2365 3300 2392 3349 ὁ
2415 3295 2521 3348 τῶν
2568 3291 2865 3362 ἀνθρώπων
2926 3290 3207 3359 κηδεμὼν
3249 3293 3383 3345 ’τοῦ
3447 3292 3596 3345 εδεοῦ

2186 3387 2368 3454 ἐπειδὴ
2391 3382 2650 3449 διακύψας
2687 3384 2750 3432 ἐκ
2802 3379 2897 3431 τοῦ
2927 3381 3184 3446 ούρανοῦ
3219 3383 3334 3434 ἐπὶ
3375 3385 3518 3446 τοὺς
3562 3385 3610 3434 ul

2186 3474 2501 3545 ἀνθρώπων,
2535 3472 2769 3540 ζητήσας
2814 3486 2873 3520 τε
2925 3469 2985 3520 ὲν
3027 3470 3245 3534 αὐτοῖς
3281 3474 3340 3524 εἰ
3397 3473 3530 3525 ἐστι
3567 3489 3608 3524 cr

2188 3564 2360 3634 ζητῶν
2392 3563 2479 3614 τὸν
2506 3561 2655 3622 Θεὸν,
2685 3559 2874 3612 οὐδένα
2907 3551 3060 3629 εὗρε·
3100 3561 3434 3614 κατέλαϐε
3479 3563 3546 3614 δὲ
3576 3579 3608 3613 τ

2186 3673 2284 3718 τας
2303 3656 2359 3720 eg
2384 3651 2670 3720 ἐπιϐουλῆς
2698 3648 2908 3719 ἐχθρῶν
2931 3648 3340 3714 ἐκκλίνοντας
3387 3654 3505 3705 καὶ
3537 3654 3608 3721 ἀ)

2189 3761 2304 3806 τας,
2336 3710 2409 3805 οὓς
2447 3741 2578 3829 μηδὲ
2728 3710 2865 3829 liis;
2889 3710 3376 3808 περιλείπεσθαι
3419 3710 3612 3810 ἁγαθῖ

2193 3834 2437 3902 ποιητήν.
2469 3824 2547 3882 Τᾶ
2581 3829 2676 3898 μὲν
2698 3824 2790 3880 οὖν
2815 3827 3008 3896 πρῶτα
3040 3828 3294 3896 ὁμοίως
3351 3833 3474 3884 καὶ
3537 3833 3571 3884 ὁ

2195 3922 2324 3990 ἐχειδ
2352 3918 2721 3989 παρήλλακται
2739 3916 2794 3968 δὲ
2817 3915 2884 3967 τὰ
2913 3915 3062 3985 ἑξῆς.
3084 3918 3200 3969 Ἐν
3230 3921 3356 3988 μὲν
3392 3922 3538 3992 γὰρ
3562 3940 3612 3973 τι

2192 4007 2358 4074 ἧπται
2404 4005 2609 4065 τούτοις
2664 4003 2744 4066 τὸ,
2785 4003 2913 4054 ’Ότι
2959 4005 2990 4054 ὀ
3025 4004 3204 4069 Θεὸς
3240 4007 3334 4057 ὲν
3406 4007 3611 4076 Terei

2189 4093 2431 4159 ,βουλὴν
2460 4091 2694 4160 πτωχοῦ
2743 4091 3231 4157 κατῃσχύνατε,
3274 4095 3392 4147 ὅτι
3454 4099 3612 4164 Κύρ

2195 4183 2378 4235 αὑτοῦ
2418 4183 2603 4234 ἐστιν·
2642 4179 2876 4232 ἐνταῦθα
2900 4179 2979 4241 δὲ,
3019 4182 3168 4233 ’Ὁτι
3211 4187 3254 4235 ό
3325 4186 3524 4251 Θεὸς
3575 4188 3612 4239 δ

2197 4284 2307 4322 σεν
2335 4268 2481 4322 ὀστᾶ
2513 4266 3051 4334 ἀνθρωπαρέσκων,
3095 4277 3612 4342 κατῃσχύνθιι

571 4376 698 4440 Quae
725 4391 850 4428 vero
875 4375 984 4442 jam
1017 4382 1335 4435 tractantur,
1369 4386 1472 4440 qua
1507 4371 1714 4424 ratione
1743 4368 2081 4438 cxplicaveri-

2167 4381 2171 4415 ι
2198 4362 2230 4412 ὀ
2269 4357 2409 4421 Θεὸς
2429 4356 2836 4419 ἐξουδένωσεν
2856 4359 3108 4422 αὐτούς.
3170 4362 3400 4415 Ἀλλὰ
3444 4365 3584 4433 μὲν

573 4482 713 4530 mus,
745 4466 936 4532 cuique
961 4464 1149 4533 legenti
1178 4464 1349 4532 palam
1375 4470 1473 4516 est.

539 4755 550 4758 -
649 4718 807 4773 Vens.
843 4719 890 4773 7.
911 4718 1039 4783 Quis
1064 4717 1206 4770 dabit
1233 4732 1296 4770 ex
1326 4715 1452 4771 Sion
1479 4714 1722 4769 Salutare
1752 4713 1960 4766 Israel?
1987 4728 2102 4764 cum

577 4809 875 4862 converterit
911 4807 1046 4860 Deus
1077 4809 1422 4872 captivitatem
1453 4805 1610 4872 plebis
1647 4821 1755 4858 suae
1775 4843 1790 4868 ,
1824 4802 2120 4857 exsultabit.

579 4896 740 4948 Iacob
773 4908 821 4950 et
854 4897 1115 4950 laetabitur
1150 4896 1338 4950 Israel.
1373 4897 1506 4950 Cum
1551 4887 1814 4963 Prbpheta
1853 4909 1916 4946 ex
1955 4907 2103 4946 reve-

581 4987 776 5039 latione
818 4987 1048 5055 Spiritus
1095 4989 1266 5042 sancti
1318 5001 1507 5056 magna
1549 4984 1881 5051 concepisset
1921 4982 2102 5034 animo

585 5069 650 5124 de
697 5074 931 5140 pernicie
967 5075 1302 5135 inimicorum
1348 5074 1566 5126 humani
1619 5072 1866 5140 generis,
1916 5067 2107 5122 deinde

584 5160 783 5215 addidit
825 5164 987 5227 illud,
1019 5165 1148 5229 Quis
1188 5165 1330 5216 dabit
1373 5181 1436 5218 ea:
1479 5165 1604 5218 Sion
1633 5161 1922 5217 Salutare?
1965 5173 2026 5211 ac
2057 5157 2102 5210 si

584 5248 784 5304 diceret
803 5289 817 5314 ,
847 5252 968 5321 quis
1005 5253 1152 5306 dabit
1181 5255 1292 5307 haec
1316 5255 1424 5322 jam
1456 5269 1614 5322 opere
1656 5248 1952 5316 compleri?
1991 5245 2106 5297 Non

587 5342 726 5393 enim
760 5343 862 5395 alia
895 5345 1102 5398 ratione
1131 5346 1375 5399 liberatio
1425 5361 1454 5398 a
1497 5345 1650 5397 malis
1691 5351 1806 5394 rata
1849 5339 1950 5391 erit
1985 5335 2109 5390 ﬁliis

590 5427 861 5483 hominum
885 5471 899 5497 ,
927 5433 1027 5486 nisi
1055 5448 1147 5502 per
1171 5434 1340 5487 solum
1366 5433 1650 5488 adventum
1681 5426 1948 5485 Salutaris
1977 5425 2066 5479 Dei
2091 5464 2105 5488 ,

657 5599 699 5630 ⁷³
743 5599 879 5654 Psal.
917 5618 1046 5664 xm,
1082 5603 1132 5656 6.

2201 4448 2401 4509 οἰκείας
2429 4445 2612 4513 ἔτυχεν
2639 4447 2935 4516 ἑρμηνείας
2965 4449 3128 4501 κατὰ
3167 4452 3347 4514 τοὺς
3391 4455 3612 4507 aiatait

2203 4536 2270 4589 τὰ
2324 4535 2379 4586 δὲ
2434 4535 2793 4602 προκείμενα,
2827 4537 2973 4598 ὅπως
3009 4539 3177 4606 ἡμῖν
3241 4542 3602 4611 παρέστη

2201 4629 2312 4687 τοῖς
2339 4625 2779 4692 ἐντυγχάνουσιν.
3034 4593 3068 4606 Π
3364 4593 3381 4611 ⁸
3472 4593 3487 4594 7
3528 4593 3541 4595 ⁷
3566 4593 3606 4614 Ἰ

2275 4713 2368 4777 Τις
2395 4710 2566 4764 δώσει
2588 4712 2656 4764 ἐκ
2687 4714 2842 4766 Σιὼν
2863 4713 2924 4766 τὸ
2951 4715 3348 4783 Σωτήρων
3373 4723 3535 4776 τοῦ
3599 4727 3610 4738 “

2161 4869 2178 4880 Ἰ
2202 4798 2280 4863 τῷ
2314 4798 2667 4866 ἐπιστρέψαι
2701 4800 2811 4854 τὸν
2842 4800 2989 4853 Θεὸν
3040 4802 3200 4870 τὴν
3269 4810 3607 4878 αιχμαλ

2202 4890 2353 4942 λαοῦ
2374 4888 2577 4952 αὑτοῦ,
2599 4891 3032 4958 ἀγαλλιάσεται
3066 4895 3417 4962 Ἰακὼϐ,
3473 4903 3610 4953 καὶ

2207 4993 2373 5079 σεται
2402 4977 2677 5079 Σισρριήλ.
2722 4982 2950 5050 Μεγάλα
2975 4987 3446 5053 φαντασθεὶς
3503 4992 3547 5042 ὁ
3589 4993 3612 5042 Ἰ

2203 5068 2300 5137 τῆς
2337 5067 2430 5119 τοῦ
2457 5069 2610 5136 ἁγίου
2633 5071 2953 5144 Πνεύματος
2989 5074 3570 5147 ἀποκαλύψεως

2206 5156 2398 5218 ωλείας
2424 5156 2532 5209 τῶν
2563 5159 2777 5230 ὲχθρῶν
2806 5162 2898 5215 τοῦ
2936 5161 3050 5214 τῶν
3102 5165 3582 5236 ἀνθρώπων

2211 5247 2458 5316 ἐπήγαγε
2483 5250 2566 5313 τὸ,
2602 5253 2701 5320 Τίς
2725 5255 2904 5310 δώσει
2931 5253 2999 5306 ἑκ
3029 5253 3245 5308 Σιὼν
3279 5259 3383 5310 τὸ
3424 5261 3592 5312 Σωτ

2210 5332 2393 5401 ἔλεγεο
2427 5339 2524 5404 Τίς
2565 5341 2732 5400 δώσει
2773 5346 2874 5417 ’ήδη
2917 5341 3052 5395 ποτὲ
3102 5345 3381 5400 ταῦτα
3437 5348 3544 5401 δι’

2213 5441 2334 5489 σαι;
2367 5427 2444 5480 Οὐ
2472 5431 2583 5505 γὰρ
2612 5435 2792 5502 mm
2833 5433 3124 5490 σεσῶσθαι
3157 5437 3457 5495 κακῶν
3499 5440 3570 5493 ὲΊ
