3812 6324
433 5709 448 5739 ἰ

509 356 614 412 ιῦῧ
1205 351 1465 406 EUSEBII
1503 337 1970 404 CJESABIEN-SIS
2007 349 2037 404 C

2143 391 2155 405 .
2195 346 2370 402 PARS
2399 345 2486 398 III.
2523 373 2588 383 ——-
2627 337 3029 395 EXEGETICA.
3529 335 3604 388 ιδι

509 481 628 535 rat,
660 470 820 522 alium
850 482 1035 523 eorum
1065 462 1153 535 qui
1186 465 1238 516 in
1280 462 1642 530 captivitatem
1681 462 1895 515 abducti
1937 478 2037 516 non

2144 454 2300 512 Οὗτοι
2333 457 2440 526 γὰρ
2482 453 2940 524 εὐφρανθήσονται
2985 452 3042 501 ὲν
3087 446 3161 516 τῷ
3197 443 3504 513 ἐπιστρέφειν
3527 446 3618 497 ιω-

509 534 668 625 sunt;
699 559 860 612 alium
890 570 1070 610 eorum
1087 534 1176 622 qui
1198 551 1408 606 abducti
1437 550 1649 618 quidem
1669 559 1812 612 sunt,
1833 550 1927 604 sed
1948 567 2037 620 per

2144 566 2253 619 ριον
2276 547 2371 616 τὴν
2398 543 2764 614 αἰχμαλωσίαν
2791 541 2884 594 τοῦ
2917 539 3047 592 λαοῦ
3079 534 3250 590 αὑτοῦ.
3281 534 3375 587 Δύο
3389 534 3540 586 τοίνυν
3556 535 3621 587 διὰ

511 623 758 703 Salutate
782 626 1076 699 libertatem
1105 647 1228 696 sunt
1245 638 1538 694 consecuti.
1561 637 1716 693 Dicas
1740 638 1902 707 igitur
1922 639 2037 694 illos

2143 638 2339 691 τούτων
2380 633 2702 704 παρίσταται
2731 632 3010 700 τάγματα,
3043 628 3102 680 τὸ
3130 625 3221 696 μὲν
3249 623 3348 676 τῶν
3378 623 3449 694 μὴ
3467 624 3636 676 {imas-

510 739 637 790 olim
671 735 956 806 prophetas
977 771 992 795 ,
1029 732 1206 799 justos
1231 768 1246 791 ,
1284 728 1653 798 patriarchas,
1685 737 1737 782 et
1780 735 2037 797 quotquot

2143 726 2427 780 πτωκότων
2457 725 2524 792 τῇ
2550 720 2915 790 αἰχμαλωσίᾳ,
2944 718 3006 770 τὸ
3031 717 3084 768 δὲ
3104 716 3206 768 τῶν
3223 713 3635 768 ὑποπεπτωκότων

511 828 578 881 ab
620 801 800 882 ert-Ore
827 820 1138 875 idololatriae
1169 819 1290 888 puri
1320 816 1566 878 fuerunt,
1599 817 1746 886 ipsos
1790 831 1910 871 esse
1951 816 2037 884 qui

2144 815 2262 883 μὲν,
2289 811 2598 880 ἐλευθερίας
2633 809 2691 861 δὲ
2725 807 3100 876 τετυχηκότων
3143 803 3226 854 διὰ
3265 801 3352 854 τοῦ
3382 801 3648 870 Σωτηρὶου.

511 916 566 968 in
613 913 975 981 captivitatem
1025 923 1056 962 a
1113 907 1484 976 spiritualibus
1541 906 1776 961 inimicis
1825 905 2037 959 abducti

2153 905 2324 972 Ἐρεῖς
2367 897 2458 954 οὖν
2498 900 2623 960 τοὺς
2661 898 2756 968 μὲν
2793 896 2964 949 πάλαι
2999 896 3268 965 προφήτας
3297 891 3387 943 καί
3421 890 3648 951 δικαίους,

512 1018 615 1056 non
646 977 770 1056 sunt
797 1018 809 1053 :
845 1013 938 1054 eos
969 1013 1098 1053 vero
1128 1013 1190 1051 ex
1226 997 1473 1067 gentibus
1501 997 1591 1065 qui
1626 996 1681 1048 in
1719 995 1920 1050 nullius
1948 994 2037 1049 Dei

2143 993 2231 1043 καὶ
2258 989 2615 1060 πατριάρχας,
2635 987 2729 1038 καὶ
2759 985 2966 1046 πάντας
2981 985 3100 1046 τοὺς
3129 981 3390 1066 meapon
3419 978 3514 1047 τῆς
3533 977 3650 1030 sibin-

509 1093 712 1147 cultum
759 1103 880 1144 sese
924 1066 1246 1150 verterunt,
1289 1099 1384 1138 eos
1433 1085 1560 1137 item
1607 1083 1701 1152 qui
1750 1083 2037 1136 multorum

2143 1081 2400 1150 λολάτρου
2437 1079 2643 1147 πλάνης
2672 1075 3020 1144 γενομένους,
3052 1072 3241 1133 αὐτοὺς
3280 1066 3417 1122 εἶναι
3462 1069 3574 1130 τοὺς
3607 1069 3652 1136 μὶ

508 1179 786 1234 numinum
827 1177 999 1232 errori
1039 1191 1098 1230 se
1137 1173 1467 1238 subdidere;
1511 1174 1625 1226 sive
1659 1172 1820 1226 etiam
1853 1171 1944 1240 qui
1973 1186 2036 1225 es

2143 1168 2597 1228 ὑποπεπτωκότας
2637 1168 2706 1235 τῇ
2749 1165 2858 1216 τῶν
2905 1162 3105 1232 νοητῶν
3156 1160 3426 1230 πολεμίων
3468 1157 3650 1210 ἁλώσει

506 1267 915 1324 circumcisione
945 1264 1183 1334 peccatis
1213 1261 1327 1316 suis
1358 1261 1557 1316 venditi
1593 1269 1758 1322 sunt;
1792 1269 1953 1329 atque
1985 1260 2037 1312 in

2143 1258 2262 1318 τοὺς
2286 1256 2342 1308 δὲ
2371 1254 2430 1318 ἐξ
2471 1254 2639 1306 ὲθνῶν
2679 1255 2760 1314 είς
2793 1251 3058 1321 ἀθεότητα
3099 1249 3554 1321 περιτραπέντας,
3578 1244 3652 1298 τοί

506 1371 715 1411 summa
741 1369 958 1418 omnes,
993 1353 1060 1407 de
1086 1353 1282 1421 quibus
1309 1351 1558 1418 superius
1585 1351 1786 1404 dictum
1813 1358 1924 1412 est,
1956 1349 2037 1402 Di-

2143 1360 2198 1394 τε
2236 1345 2300 1410 τῇ
2331 1340 2570 1410 πλυθέῳ
2599 1339 2776 1410 πλάνῃ
2806 1337 3328 1398 καταδουλωθέντας,
3361 1335 3396 1403 ἢ
3447 1336 3539 1396 καὶ
3578 1334 3646 1383 τοὲ

506 1447 587 1498 εει
617 1445 864 1512 insipiens
897 1443 965 1497 ἱηι
980 1442 1133 1497 corde
1165 1457 1261 1494 suo
1284 1457 1302 1494 :
1346 1438 1467 1492 Non
1497 1447 1574 1491 est
1609 1437 1781 1501 Deus;
1815 1438 2037 1504 corrupti

2143 1433 2202 1483 ὲκ
2231 1432 2524 1502 περιτομῆς
2547 1430 2674 1492 τοὺς
2719 1431 2840 1491 ταῖς
2878 1428 3080 1480 ἑαυτῶν
3130 1426 3438 1496 ἁμαρτίαις
3484 1423 3651 1492 πραθέη

507 1543 629 1588 sunt
663 1511 729 1587 et
755 1531 1125 1586 abominabiles
1163 1531 1294 1598 facti
1327 1539 1447 1582 sunt
1486 1530 1539 1581 in
1573 1528 1881 1596 iniquitate,
1911 1542 2037 1590 eos,

2143 1539 2255 1584 τας,
2280 1522 2370 1573 καὶ
2398 1520 2731 1585 ἁπαξαπλῶς
2753 1521 3017 1582 ἃπαντας,
3051 1519 3176 1588 περὶ
3200 1511 3280 1569 ὧν
3320 1514 3580 1584 ἀνωτέρω
3603 1513 3646 1564 ὲ)

505 1622 726 1690 inquam
749 1661 763 1684 ,
793 1635 914 1675 esse
937 1619 1029 1688 qui
1070 1618 1429 1687 captivitatem
1472 1616 1618 1685 passi
1659 1623 1805 1670 sunt.
1837 1613 2037 1678 Quibus

2143 1627 2262 1676 γετο
2282 1626 2294 1638 ·
2340 1606 2524 1662 Εἶπεν
2551 1607 2756 1674 ἄφρων
2783 1607 2853 1660 ἐν
2885 1606 3097 1674 καρδίᾳ
3133 1605 3332 1666 αὑτοῦ
3354 1621 3369 1633 ·
3429 1606 3557 1657 Οὐκ
3601 1603 3652 1656 ἐι

507 1727 602 1782 per
632 1711 920 1766 salutarem
952 1708 1242 1763 adventum
1271 1708 1515 1761 liberatis
1536 1745 1551 1771 ,
1581 1705 1782 1759 chorus
1811 1703 2037 1772 prophe-

2143 1697 2305 1762 Θεὸς,
2358 1697 2692 1764 διέφθειραν
2719 1696 2816 1748 καὶ
2873 1696 3339 1762 assummum
3385 1694 3459 1746 ἐν
3485 1693 3648 1760 drop:

506 1781 648 1854 ticus
677 1799 769 1868 qui
799 1799 909 1866 jam
945 1797 1072 1850 olim
1105 1796 1160 1849 in
1201 1794 1308 1848 Deo
1338 1793 1634 1862 requievit,
1669 1791 1868 1860 quippe
1914 1804 2037 1858 pro-

2143 1787 2353 1848 τούτους
2379 1786 2664 1855 τυγχάνειν
2692 1787 2818 1847 τοὺς
2839 1785 2937 1854 τὴν
2959 1783 3348 1854 αἰχμαλωσίαν
3372 1782 3652 1835 πεπονθὼ

507 1888 623 1956 prie
647 1888 814 1942 Jacob
839 1895 892 1941 et
924 1885 1120 1946 Israel,
1151 1885 1220 1937 ob
1250 1899 1335 1938 res
1367 1898 1461 1952 per
1490 1882 1706 1936 nomina
1734 1878 2041 1947 hujusmodi

505 1976 866 2044 signiticatas,
902 1975 1220 2043 appellatur,
1251 1970 1540 2026 exsultabit
1571 1977 1624 2024 et
1667 1967 1952 2029 laetabitur,
1983 1974 2040 2019 ut

505 2065 740 2132 propriis
785 2064 1039 2118 membris
1079 2061 1380 2131 gratulatus
1422 2059 1488 2114 iis
1531 2058 1622 2128 qui
1657 2073 1752 2127 per
1795 2057 2041 2111 Salutare

504 2153 803 2206 libertatem
831 2151 976 2205 nacti
1008 2157 1156 2204 sunt.

2145 1872 2245 1928 Ὦν
2278 1875 2742 1946 ἐλευθερουμένων
2781 1875 2871 1928 διὰ
2899 1876 2999 1944 τῆς
3027 1874 3120 1926 τοῦ
3154 1874 3466 1945 Σωτηρίου
3515 1873 3641 1924 ὲπιλ

2143 1965 2364 2032 ψεωςιὸ
2393 1965 2557 2017 πάλαι
2595 1965 2745 2035 παρὰ
2782 1964 2902 2033 Θεῴ
2935 1956 3034 2034 ἤδη
3075 1964 3580 2034 ἀναπεπαυμὲνες
3634 1982 3651 2014 ς

2145 2057 2368 2126 φητικδς
2394 2057 2572 2126 χορὸς,
2616 2055 2810 2109 Ἰακὼϐ
2841 2057 2937 2110 καὶ
2976 2049 3188 2126 Ἰσραὴλ
3218 2057 3467 2127 κυρίως
3504 2057 3644 2124 ὀνομ

2147 2162 2299 2214 μενος
2328 2145 2414 2198 διὰ
2443 2145 2510 2197 τά
2531 2147 2593 2197 ὲκ
2625 2145 2729 2196 τῶν
2744 2144 3024 2213 ὀνομάτων
3046 2146 3471 2215 σημαινόμενα.
3505 2145 3647 2215 τερα·

504 2257 604 2306 τα,
649 2239 1030 2308 ἀγαλλιάσεται
1059 2240 1153 2292 καὶ
1177 2237 1599 2308 εὐφρανθήσεται
1619 2273 1632 2298 ,
1670 2235 1968 2306 συγχαίρων
1987 2234 2061 2298 ὼς
2096 2237 2307 2292 οἰκείοις
2338 2237 2517 2306 μέλεσι
2536 2239 2644 2298 τοῖς
2673 2235 2759 2288 διὰ
2785 2236 2880 2288 τοῦ
2912 2236 3186 2306 Σωτηρίου
3223 2236 3646 2308 ἐλευθερουμέ

505 2380 570 2432 I.’
597 2377 661 2430 IN
701 2376 906 2431 FINEM
941 2378 1009 2431 IN
1049 2376 1324 2439 HYMNIS,
1355 2371 1822 2428 INTELLECTUS
1860 2373 2046 2426 DAVI-

573 2446 658 2501 ΠΙ.
698 2447 750 2501 2.
793 2445 934 2499 CUM
976 2445 1350 2499 VENISSENT
1391 2443 1670 2504 le’IUEI,
1715 2443 1798 2495 ET
1840 2442 2046 2494 DIXIS-

575 2514 747 2567 SENT
793 2515 884 2567 AD
938 2514 1114 2567 SAUL
1156 2533 1168 2567 :
1213 2513 1440 2566 NONNE
1491 2511 1695 2564 DAVID
1749 2509 2038 2566 ABSCON-

577 2583 777 2637 DITUS
813 2581 942 2635 EST
979 2582 1163 2636 APUD
1200 2580 1372 2635 Νι)Ξῖ
1403 2579 1534 2634 LIII.

575 2693 738 2748 νεεδ.
769 2694 821 2760 5,
846 2695 900 2747 4.
939 2694 1079 2747 Deus
1114 2693 1170 2745 in
1211 2695 1414 2746 nomine
1452 2700 1539 2746 tuo
1573 2693 1772 2745 saluum
1807 2708 1886 2744 me
1922 2693 2036 2758 fac,

2145 2377 2253 2428 ΕΙΣ
2304 2377 2389 2427 Τί)
2444 2375 2660 2427 ΤΕΛΟΣ
2710 2375 2802 2427 ΕΝ
2859 2376 3161 2438 ΥΜΝυΙΣ,
3222 2378 3648 2431 ΣΥΝΕ·ΣΕΩ³Σ

2211 2445 2405 2495 ΔΑΥΙΔ
2429 2482 2442 2504 ,
2480 2444 2570 2495 ΕΝ
2609 2444 2694 2494 ΤΩ
2733 2443 2987 2496 ΕΛΘΕῙΝ
3028 2445 3208 2496 ΤΟΥΣ
3253 2447 3642 2499 ΖῙΦΑΙΟΥΣ

2211 2512 2441 2563 ΕΙΠΕΙΝ
2493 2513 2578 2562 ΤΩ
2631 2511 2885 2563 ΣΑΟΥΛ·
2928 2512 3068 2564 ΟΥΚ
3119 2514 3300 2567 ΙΔΟΥ
3378 2516 3638 2569 ΔᾹΥΧΔ

2213 2580 2517 2631 ΚΡΥΠΤΑΙ
2555 2581 2706 2631 ΠΑΡ¹
2747 2581 2966 2644 HMIN;
3009 2582 3131 2634 NI".

2223 2686 2276 2736 Ὁ
2307 2685 2466 2749 Θεὸς,
2489 2686 2557 2738 ἐν
2583 2685 2662 2750 τῷ
2689 2687 2937 2754 ὀνόματί
2965 2705 3081 2742 σου
3124 2690 3380 2747 σῶσον
3435 2713 3565 2766 με,
3619 2715 3641 2750 1

504 2792 552 2834 et
585 2784 639 2835 in
677 2785 863 2837 uirtute
896 2793 987 2842 tua
1019 2784 1205 2853 judica
1241 2799 1340 2837 me.
1386 2781 1553 2835 Sicuti
1598 2781 1836 2852 psalmos
1861 2779 1954 2848 qui
1984 2780 2037 2834 in

2145 2772 2218 2840 τῇ
2249 2773 2569 2841 δυναστείᾳ
2592 2790 2708 2827 σου
2739 2776 2952 2843 κρῖνόν
2966 2796 3063 2846 με.
3087 2781 3338 2854 ’Ὠσπερ
3387 2787 3640 2840 ἁπεδεί

511 2872 680 2938 prima
727 2882 874 2940 parte
926 2873 1045 2926 libri
1098 2881 1261 2938 sunt,
1307 2878 1426 2941 post
1465 2871 1673 2939 lapsum
1717 2870 1772 2923 in
1819 2882 2037 2922 uxorem

2143 2866 2191 2917 οἱ
2248 2865 2386 2917 κατὰ
2431 2865 2725 2935 τὸπρῶτον
2772 2867 2941 2938 μέρος
2975 2869 3075 2939 τῆς
3107 2871 3325 2940 βίϐλου
3389 2879 3538 2933 τῶν
3574 2882 3636 2934 Ψ

513 2960 654 3014 Uria:
683 2963 1057 3030 pronuntiatos
1089 2962 1258 3018 fuisse
1289 2977 1354 3016 ex
1389 2960 1721 3029 singulorum
1761 2959 1919 3012 titulo
1946 2957 2037 3012 de-

2147 2955 2280 3024 μετὰ
2311 2955 2372 3007 τὸ
2403 2959 2642 3025 πταῖσμα
2672 2957 2732 3008 τὸ
2766 2959 2846 3020 είς
2872 2958 2973 3029 τὴν
3006 2961 3100 3013 τοῦ
3131 2965 3217 3020 Uis
3229 2967 3389 3035 ρίου
3455 2988 3640 3040 γε,γο

510 3056 861 3102 monstratum
917 3061 1044 3115 est;
1104 3052 1178 3104 ita
1231 3065 1376 3104 nunc
1427 3062 1642 3118 quoque
1704 3049 2034 3117 singulorum

2144 3044 2390 3113 λεγμένοι
2435 3046 2496 3097 ὲκ
2543 3046 2643 3114 τῆς
2688 3046 2772 3112 ἐφ’
2797 3047 3018 3117 ἑκάστῳ
3051 3054 3361 3126 κειμένης
3431 3077 3632 3132 apex

510 3138 835 3205 psalmorum
901 3139 1335 3208 inscriptiones,
1376 3146 1556 3192 notam
1617 3137 1872 3206 temporis
1931 3150 2037 3205 quo

2143 3134 2282 3187 οὕτω
2306 3135 2400 3188 καὶ
2427 3133 2519 3186 νῦν
2555 3136 2609 3187 αί
2632 3135 2754 3186 καθ’
2778 3135 3014 3190 ’ἑκαστον
3037 3139 3276 3209 ψαλμὸν
3317 3165 3644 3221 προγρα

506 3227 712 3279 recitati
753 3234 896 3290 sunt,
940 3227 1249 3296 praeferunt.
1299 3226 1545 3280 Praesens
1582 3225 1762 3294 itaque
1801 3225 2037 3294 psalmus

2143 3225 2363 3276 λωτικαὶ
2394 3224 2715 3292 τυγχάνουσι
2745 3224 2839 3276 τοῦ
2884 3228 3084 3296 χρόνου
3117 3232 3262 3285 καθ’
3338 3237 3432 3291 ὃν
3504 3242 3631 3295 ὲλέ

506 3329 606 3370 nos
642 3315 824 3370 statim
862 3316 1087 3370 remittit
1114 3316 1180 3370 ad
1211 3316 1440 3386 primum
1471 3313 1775 3383 Regnorum
1813 3314 2037 3377 librum,

2143 3313 2344 3365 Αὐτίκα
2377 3312 2504 3380 γοῦν
2528 3313 2621 3365 καὶ
2652 3314 2680 3364 ὁ
2716 3316 3081 3385 προκείμενος
3137 3321 3602 3399 ἀνέπεμψεν

506 3411 564 3458 ut
600 3404 723 3458 inde
764 3404 1072 3470 discamus,
1118 3407 1312 3474 quibus
1354 3405 1421 3459 de
1465 3406 1630 3460 rebus
1681 3404 1826 3457 hunc
1884 3404 2037 3473 Itym-

2143 3403 2357 3472 πρώτην
2385 3402 2559 3471 βίϐλον
2580 3402 2685 3455 τῶν
2716 3404 3016 3459 Βασιλειῶν
3034 3425 3048 3438 ο
3081 3410 3159 3472 ὡς
3201 3412 3286 3466 ἃν
3340 3420 3630 3476 ὲκεῖθε

506 3507 632 3546 num
663 3491 826 3544 David
855 3493 1110 3546 emiserit.
1145 3493 1378 3547 Historia
1408 3508 1568 3561 porro
1601 3494 1681 3547 sic
1726 3492 1886 3546 habet
1921 3510 1934 3544 :
1974 3491 2037 3542 Et

2143 3508 2260 3558 μεν,
2293 3492 2373 3557 ἐφ’
2421 3490 2552 3551 οἵοις
2597 3490 2886 3559 πράγμασι
2919 3494 3019 3547 τὸν
3076 3503 3604 3574 προκείμενον

505 3580 647 3632 sedes
670 3579 702 3628 h
721 3579 888 3631 abebat
920 3578 1084 3631 David
1109 3579 1162 3631 in
1184 3580 1380 3631 deserto
1411 3579 1651 3632 Masedee
1681 3581 1734 3632 in
1761 3580 1994 3648 angustis
2021 3595 2037 3631 :

2143 3578 2303 3630 Δαυῖδ
2321 3578 2649 3648 ἀνέπεμψεν.
2674 3581 2826 3648 Ἔχει
2860 3582 2918 3633 δὲ
2943 3585 2976 3652 ἡ
3015 3586 3254 3657 ἱστορία
3299 3599 3626 3656 τοῦτον

504 3677 553 3719 et
579 3666 885 3719 morabatur
902 3667 955 3719 in
981 3676 1170 3728 monte,
1205 3668 1258 3718 in
1283 3666 1482 3720 deserto
1515 3667 1645 3734 Ziplt
1671 3669 1735 3721 ⁸⁷.
1760 3667 1959 3722 Deinde
1985 3679 2037 3721 ut

2143 3683 2235 3718 πον
2257 3683 2270 3696 ο
2299 3666 2406 3718 Kal
2437 3667 2674 3720 ἐκάθισε
2697 3669 2880 3720 Δαυῒδ
2911 3671 2984 3722 ἐν
3009 3673 3087 3740 τῇ
3124 3676 3403 3748 ἐρήμίρ
3457 3692 3652 3746 Ma.

507 3757 645 3809 venit
673 3753 940 3808 lauat/tan
970 3754 1114 3822 ﬁlius
1158 3753 1288 3807 Saul
1336 3754 1404 3805 ad
1446 3755 1634 3821 ipsum,
1669 3764 1717 3808 et
1748 3755 1882 3807 dixit
1913 3756 1994 3808 illi
2023 3772 2037 3808 .'

2143 3752 2259 3815 τοῖς
2283 3753 2518 3818 στενοῖς
2536 3769 2548 3782 ο
2579 3753 2675 3805 καὶ
2699 3752 2958 3822 ἐκάθητο
2980 3759 3055 3812 ἐν
3079 3762 3169 3826 τῷ
3199 3765 3382 3834 ὄρει
3427 3776 3562 3829 ἐν
3607 3799 3642 3834 π

2139 3842 2302 3907 Ζείφ..
2333 3838 2444 3894 Εἶθ’
2472 3841 2548 3902 ὡς
2565 3838 2752 3910 ἦλθεν
2790 3845 3079 3901 Ἰωνάθαν
3101 3855 3138 3903 ό
3173 3857 3366 3925 υἱὸς
3439 3868 3652 3926 Σε-ιε

2138 3930 2339 3992 αὑτὸν,
2363 3932 2458 3984 καὶ
2483 3932 2650 3984 εἶπεν
2671 3933 2831 3998 αὐτῷ
2848 3951 2862 3964 ·
2888 3935 2941 3988 Μ
2956 3936 2989 4002 ὴ
3017 3942 3266 4008 φοϐοῦ,
3300 3947 3475 4008 ὅτι
3541 3967 3647 4015 οε

2139 4033 2211 4070 σε
2242 4020 2280 4084 ἡ
2306 4021 2435 4086 χεὶρ
2466 4020 2661 4074 Σαοὺλ
2698 4021 2806 4074 τοῦ
2836 4028 3071 4092 πατρός
3094 4048 3271 4098 μου,
3313 4047 3528 4101 καὶ
3635 4076 3652 4107 ι

2139 4109 2376 4172 λεύσεις
2397 4110 2495 4161 ἐπὶ
2538 4110 2803 4176 Ἰσραὴλ,
2838 4114 2936 4166 καὶ
2963 4115 3091 4183 ἐγὼ
3121 4120 3466 4192 ἔσομαι
3544 4159 3647 4193 cr.

2138 4211 2325 4262 τερον,
2362 4197 2460 4248 καὶ
2490 4197 2688 4250 Σαοὺλ
2721 4201 2753 4251 ό
2781 4200 2980 4267 πατήρ
2999 4221 3133 4269 μου
3183 4206 3467 4269 οἶδεν
3543 4244 3641 4281 ο-

511 3845 593 3899 Ne
617 3846 831 3906 timeas;
852 3860 1008 3914 neque
1027 3845 1162 3896 enim
1189 3852 1235 3895 te
1265 3845 1482 3896 inveniet
1511 3860 1696 3897 manus
1726 3843 1855 3898 Saul
1877 3845 2042 3910 patris

507 3934 608 3986 mei
641 3948 658 3985 :
685 3942 734 3986 et
777 3943 829 3986 tu
855 3931 1092 4001 regnabis
1120 3947 1272 4000 super
1303 3930 1496 3993 Israel,
1518 3939 1566 3982 et
1590 3947 1680 3999 ego
1716 3947 1803 3983 ero
1836 3931 1929 3984 tibi
1960 3947 2042 3984 se-

504 4021 781 4081 eundus,et
803 4021 934 4076 Saul
959 4029 1106 4087 pater
1131 4036 1270 4072 meus
1292 4019 1388 4073 scit
1405 4020 1497 4071 hoc
1509 4019 1571 4070 ⁸⁸.
1592 4017 1657 4070 Et
1685 4027 2042 4086 percusserunt

504 4109 652 4163 ambo
675 4109 840 4177 larius
869 4125 1044 4162 eorum
1074 4107 1314 4169 Domino,
1341 4107 1627 4175 mansitque
1652 4105 1838 4168 David,
1868 4115 1917 4158 et
1944 4104 2042 4158 Jo-

503 4197 698 4251 natltun
733 4197 860 4250 abiit
905 4199 958 4249 in
989 4196 1195 4248 domum
1231 4211 1401 4249 suam.
1437 4193 1644 4259 Quibus
1675 4194 1864 4248 deinde
1909 4195 2040 4249 sub-

499 4286 675 4355 jungit
701 4305 713 4339 :
746 4285 809 4338 Et
841 4286 1180 4339 ascenderunt
1207 4284 1405 4352 Zipluei
1431 4299 1493 4336 ea:
1514 4283 1663 4337 arido
1684 4283 1795 4336 loco
1819 4283 1885 4336 ad
1910 4283 2037 4337 Saul

2143 4285 2460 4337 συνέθεντο
2491 4286 2807 4353 ἀμφότεροι
2838 4287 3162 4358 διαθήκην
3201 4297 3504 4361 ἐνὼπ
3519 4333 3644 4369 ιο

503 4377 556 4428 in
583 4375 762 4428 collem
808 4375 1034 4428 (licentes
1063 4390 1080 4427 :
1115 4374 1300 4427 Nonne
1330 4388 1442 4426 ecce
1487 4372 1655 4425 Dauid
1694 4373 1869 4425 latitat
1899 4373 2036 4439 apud

2143 4372 2236 4467 real
2261 4372 2438 4467 Aavi‘t?
2457 4372 2862 4467 eredazqtoanl
2895 4377 3222 4448 Ἰωνάθαν
3254 4389 3652 4467 ἀδεῆ-λ(

501 4481 598 4519 nos
640 4466 693 4518 in
733 4464 942 4518 Mesara
978 4467 1032 4518 in
1060 4467 1315 4534 angustis,
1339 4466 1395 4518 in
1431 4480 1563 4518 noua
1592 4465 1680 4517 °’?
1729 4464 1883 4529 Quod
1910 4479 2034 4520 cum

2143 4458 2301 4515 οἷκον
2327 4462 2509 4514 αὑτοῦ
2530 4477 2542 4490 ·
2567 4457 2649 4524 οἷς
2679 4463 2807 4532 ἑξῆς
2839 4446 3104 4534 ἐπιλέγει
3123 4488 3140 4500 ·
3183 4441 3384 4531 Κοαλ-
3417 4441 3443 4448 -
3462 4441 3652 4547 Et;

501 4553 778 4608 didicisset
823 4552 972 4615 Saul,
1007 4554 1074 4608 ad
1119 4554 1369 4607 Davidem
1419 4552 1806 4621 insequendum
1846 4568 2036 4607 versus

2143 4550 2361 4618 Ζιφαῖοι
2384 4551 2452 4602 ἐκ
2479 4549 2588 4616 τῆς
2619 4553 2979 4620 αὐχμώδους
3025 4561 3210 4626 πρὸς
3280 4572 3536 4632 Σαο
3553 4587 3641 4638 ἰ,

500 4651 604 4696 est.
627 4641 850 4709 Jamque
871 4642 1169 4710 proximum
1199 4650 1314 4696 erat
1342 4649 1400 4694 ut
1441 4657 1562 4696 eum
1595 4649 1846 4710 caperet;
1901 4643 2037 4696 scri-

2143 4637 2374 4741 ςοτίνὸῖι,
2716 4644 2854 4740 013x-
2863 4643 2998 4697 ἰδοὺ
3024 4649 3258 4704 Δαυῒῦ
3307 4663 3448 4715 κέ
3457 4687 3652 4741 ,τε

501 4737 648 4797 ptum
673 4731 813 4784 enim
843 4739 926 4783 est
951 4748 964 4783 :
996 4731 1146 4794 Quod
1169 4747 1284 4784 eum
1307 4732 1535 4786 audisset
1566 4731 1716 4794 Saul,
1739 4741 2033 4798 persecutus

499 4828 577 4870 est
611 4807 778 4874 Dauid
818 4823 869 4872 iu
920 4820 1119 4873 deserto
1171 4821 1348 4875 Maon.
1399 4822 1465 4874 Et
1513 4823 1656 4876 ibant
1690 4823 1820 4877 Sul
1850 4833 1908 4876 et
1937 4823 2036 4876 viri

500 4908 612 4974 ejus
644 4924 708 4961 ea:
735 4919 878 4976 parte
904 4912 1090 4964 montis
1119 4911 1272 4979 hujus
1301 4929 1318 4964 :
1349 4921 1397 4965 et
1435 4922 1546 4965 erat
1581 4912 1748 4965 David
1782 4913 2031 4975 obtectus,

503 5000 558 5044 ut
586 4994 748 5046 abiret
778 5012 809 5047 α
831 4996 964 5062 facie
993 4996 1151 5059 Saul;
1175 5007 1221 5050 et
1247 4997 1380 5052 Saul
1407 5008 1454 5051 et
1490 4998 1590 5051 uiri
1617 4999 1728 5066 ejus
1750 5007 2035 5051 castrame-

503 5076 747 5131 tabantur
769 5091 950 5134 contra
984 5083 1147 5136 Dauid
1172 5095 1218 5137 et
1249 5085 1385 5138 uiros
1413 5085 1548 5152 ejus,
1572 5094 1627 5136 ut
1659 5094 1893 5150 caperent
1921 5101 2029 5138 eos.

504 5163 570 5217 Et
603 5171 812 5226 nuntius
850 5173 984 5224 venit
1023 5174 1089 5226 ad
1124 5175 1255 5229 Saul
1290 5176 1462 5229 dicens
1503 5189 1520 5226 :
1555 5173 1771 5227 Festina
1797 5182 1846 5224 et
1897 5174 2032 5237 ueni,

501 5256 639 5318 quia.
677 5258 971 5325 irruperunt
1028 5262 1273 5331 allophyli
1313 5266 1367 5317 in
1427 5264 1650 5318 terram!
1697 5261 1764 5314 Et
1800 5278 2031 5315 reversus

500 5348 576 5390 est
605 5341 754 5408 Saul,
779 5347 1028 5402 desistens
1052 5355 1281 5420 persequi
1309 5354 1476 5407 Dauid
1505 5369 1524 5407 :
1548 5361 1597 5407 et
1623 5353 1840 5422 perrexit
1868 5351 1920 5403 in
1945 5366 2034 5402 oe-

503 5439 707 5478 cursum
748 5433 1123 5504 allophglorum
1159 5439 1225 5491 9°.
1262 5439 1384 5495 Haec
1415 5450 1541 5496 sunt
1589 5455 1709 5512 quae
1751 5440 2030 5493 historiam

2133 4725 2275 4816 ἡμῖν
2398 4726 2646 4794 Μεσαρᾶ
2665 4729 2734 4780 ἐν
2757 4729 2883 4794 τοῖς
2908 4736 3224 4803 στενοῖς,
3270 4745 3385 4798 ἐν
3459 4725 3644 4816 τςῗ-

2133 4815 2195 4885 δὴ
2221 4814 2402 4884 μαθὼν
2425 4817 2600 4870 Σαοὺλ
2626 4821 2720 4872 ἐπὶ
2745 4819 2926 4884 δίωξιν
2981 4827 3268 4902 ἐτράπη
3321 4847 3560 4900 τοῦ
3593 4814 3632 4830 -.

2131 4922 2190 4956 τε
2221 4905 2401 4956 λοιπὸν
2433 4907 2599 4997 εγγὺς
2629 4905 2698 4979 ἦν
2729 4911 2823 4964 τοῦ
2855 4913 3062 4971 λαϐεῖν
3094 4922 3329 4979 αὑτὸν
3370 4931 3434 4982 ὑ
3453 4955 3640 4997 π(

2133 5011 2368 5063 γραπται
2389 4996 2496 5065 γάρ
2519 5013 2534 5027 ο
2563 5000 2674 5052 Καὶ
2703 5001 2935 5068 ἤκουσε
2967 5012 3235 5068 Σαοὺλ
3299 5029 3532 5082 καὶ

2134 5081 2321 5178 ὀπιοζω
2349 5083 2529 5178 dupla
2563 5089 2652 5178 εὶς
2679 5089 2794 5157 τὴν
2815 5092 3071 5162 ἔρημον
3099 5103 3410 5164 Matina
3513 5126 3640 5178 la.

2112 5185 2222 5235 \tat
2248 5171 2446 5224 Σαοὺλ
2495 5176 2591 5229 καὶ
2623 5182 2681 5231 el
2715 5179 2934 5250 ἄνδρες
2990 5191 3252 5246 αὑτοῦ
3332 5199 3468 5254 ἐκ

2131 5257 2307 5325 ὄρους
2351 5265 2599 5319 τούτου⁸
2649 5271 2749 5324 καὶ
2780 5272 3040 5342 ἐγένετο
3094 5283 3376 5339 Δαυῒδ
3452 5315 3631 5350 ε)-
