3812 6342
161 397 262 448 MSS

1375 401 1869 459 COMMENTARIA
1909 405 1974 458 IN
2013 405 2346 462 PSALMOS.

3341 397 3443 470 £61.;

159 520 300 584 τοὺς
341 503 599 596 africae
633 511 866 576 αὑτοῦ,
890 519 1228 572 συλλαϐεῖν
1271 522 1509 588 αὐτούς.
1564 524 1671 576 Kal
1713 524 1781 592 ἆγ

1914 535 2171 594 spectant.
2204 525 2410 591 Quibus
2441 525 2508 580 de
2531 526 2709 582 causis
2738 535 2952 596 ereptus
2983 529 3143 586 David
3177 547 3240 586 ex
3283 546 3440 587 manu

155 630 180 681 ⁷
194 614 381 678 ελοό
404 589 555 662 ἦλθε
576 599 737 664 πρὸς
763 604 976 657 Σαοὺλ
993 607 1186 674 λέγων
1202 625 1215 638 ·
1247 609 1472 662 Σπεῦδε
1495 611 1586 663 καὶ
1617 589 1809 676 δεῦρο,

163 703 252 752 δτι
281 682 623 752 μάθεντο
674 690 1036 760 ἀλλόφυλοι
1068 695 1165 748 ἐπὶ
1214 695 1325 762 τὴν
1368 695 1498 764 γῆν.
1566 696 1671 748 Kal
1705 697 1810 749 dr-

194 780 481 850 ἐστρεψε
513 778 716 833 Σαοὺλ
736 781 828 848 μὴ
861 785 1250 836 καταδιώκειν
1269 787 1456 838 ὀπίσω
1476 786 1648 839 Δαυῒδ
1668 824 1682 847 ,
1712 788 1807 852 καὶ

205 870 521 936 ἐπορεύθη
542 871 630 934 είς
660 870 1058 938 συνάντησιν
1082 873 1208 940 τῶνξ
1229 875 1606 940 ἀλλοφύλων.
1625 876 1807 929 Ταῦτα

222 959 323 1025 μὲν
352 957 432 1010 τὰ
463 957 569 1010 ἀπὸ
603 959 704 1026 τῆς
747 961 1015 1031 ἱστορίας.
1065 963 1174 1030 Ἐφ’
1210 960 1290 1024 οἷς
1334 964 1422 1016 τὸν
1451 964 1804 1033 προκείμενον

223 1047 411 1116 ὕμνον
439 1048 725 1111 διασωθεὶς
753 1051 819 1102 ἐκ
847 1052 1030 1121 χειρὸς
1055 1053 1222 1104 Σαοὺλ
1249 1054 1276 1104 ὁ
1311 1052 1466 1105 Δαυῒδ
1497 1056 1676 1122 γραφῇ
1705 1070 1806 1104 πα-

225 1136 546 1205 ραδίδὼσιν,
567 1138 1054 1208 ἐπισημηνάμενος
1075 1141 1162 1192 τὸν
1183 1141 1368 1211 καιρὸν
1395 1141 1486 1192 καὶ
1507 1141 1566 1193 τὺ
1581 1143 1804 1210 πρᾶγμα

212 1225 483 1294 δηλώσας
535 1225 622 1278 διὰ
657 1227 758 1296 τῆς
793 1228 1140 1298 προγραφῆς.
1199 1230 1286 1280 Διὸ
1319 1230 1408 1280 καὶ⁵
1459 1230 1549 1281 ἐπὶ
1596 1229 1804 1281 σύνεσιν

215 1311 383 1379 ἡμᾶς
409 1314 673 1381 παρορμᾷ
692 1312 802 1364 τῶν
820 1315 1226 1384 ἐμφερομένων,
1252 1315 1420 1381 λέγων
1445 1333 1456 1345 ·
1491 1317 1590 1380 Είς
1608 1316 1670 1366 τὸ
1710 1315 1804 1369 τέ-

205 1402 332 1463 λυς
360 1399 433 1451 ἐν
482 1401 696 1468 ὕμνοις
725 1403 1035 1467 συνέσεως
1067 1403 1142 1466 τῷ
1169 1405 1362 1458 Δαυΐδ.
1414 1405 1564 1457 Κατᾶ
1606 1405 1662 1457 δὲ
1709 1406 1797 1458 τὸν

218 1489 506 1541 Ἀκύλαν⁸
548 1490 634 1554 Τῷ
670 1492 955 1556 νικοποιῷ
1001 1493 1070 1544 ὲν
1107 1493 1362 1560 ψαλμοῖς
1405 1495 1798 1562 ἐπιστήμονος

202 1577 327 1629 τοῦ
361 1578 578 1629 Δαυΐδ·
609 1582 750 1631 κατά
775 1580 832 1632 δὲ
860 1580 952 1632 τὸν
981 1581 1268 1651 Σύμμαχον
1287 1599 1300 1612 ⁸
1358 1584 1678 1635 Ἐπινίκιον
1704 1583 1798 1636 διὰ

200 1671 586 1737 ψαιτηρίων
612 1671 745 1737 περὶ
779 1671 1083 1736 συνέσεως
1110 1672 1214 1725 τοῦ
1231 1672 1426 1725 Δαυΐδ.
1470 1673 1678 1744 Ἐπειδὴ
1707 1674 1798 1725 καὶ

1912 612 2090 667 Saulis
2135 615 2277 666 hunc
2318 614 2572 683 hymnum
2617 615 2816 683 scripto
2855 618 3095 680 tradidit,
3131 629 3326 674 notans
3353 635 3446 688 per

1909 702 2313 772 inscriptionem
2350 712 2561 772 tempus
2591 720 2654 758 ac
2687 718 2797 758 rem
2829 710 3018 775 ipsam.
3055 707 3230 771 Quare
3257 709 3322 762 ad
3362 709 3445 762 in-

1905 789 2171 843 tellectum
2203 790 2278 842 rei
2315 805 2434 858 quae
2462 798 2710 844 narratur
2741 806 2839 846 nos
2890 801 3162 860 provocat,
3197 795 3383 850 dicens
3421 813 3433 848 :

1903 877 1967 932 In
1994 880 2169 947 ﬁnem,
2201 880 2254 932 in
2298 879 2522 949 hymnis,
2557 881 2844 956 intellectus
2880 882 3086 938 Davidi.
3138 882 3439 940 Secundum

1900 968 2142 1036 Aquilam
2172 982 2322 1030 vero,
2368 967 2603 1021 Victoria:
2632 972 2854 1029 auctori.
2890 971 2942 1023 in
2969 972 3204 1038 psalmis,
3233 973 3438 1025 scientis

1899 1053 2148 1117 Doridis;
2204 1055 2498 1108 secundum
2549 1055 2923 1125 Symmachum
2970 1066 3169 1120 autem,
3233 1058 3440 1111 Trium-

1896 1142 2067 1208 phale,
2104 1156 2193 1208 per
2221 1142 2490 1208 psalteria,
2541 1142 2604 1196 de
2650 1143 2987 1212 intelligentia
3026 1144 3260 1200 Dat'idis.
3305 1145 3440 1211 Quia

1899 1232 2132 1301 fugiens,
2179 1239 2236 1286 et
2283 1229 2554 1285 desertum
2614 1238 3012 1297 transcurrens,
3061 1249 3156 1303 pro
3188 1234 3439 1303 prmsidio

1898 1319 2134 1390 psalterii
2196 1320 2611 1374 instrumentum
2649 1335 2830 1374 secum
2882 1321 3088 1388 agebat,
3141 1322 3256 1390 ipso
3281 1338 3434 1386 usus,

1898 1417 2059 1477 atque
2091 1408 2318 1477 hymnos
2348 1423 2441 1476 per
2487 1407 2616 1460 illud
2665 1407 2774 1461 Deo
2804 1409 3053 1462 emittens
3083 1427 3096 1460 :
3129 1411 3337 1464 cantica
3381 1419 3437 1465 et

1899 1497 2138 1566 psalmos
2169 1497 2476 1564 spirituales
2510 1510 2607 1564 pro
2651 1495 2916 1549 sacriﬁcio
2957 1497 3297 1564 persolvens;
3339 1513 3438 1566 pro

1897 1585 2243 1654 tbymiamate
2275 1592 2451 1638 autem
2485 1585 2608 1637 boni
2634 1584 2838 1648 odoris,
2865 1600 2959 1653 per
2978 1585 3248 1640 orationes
3279 1585 3436 1655 spiri-

1899 1673 2044 1726 tuale
2072 1673 2431 1726 ministerium
2461 1673 2670 1727 obiens.

200 1753 446 1824 φεύγων
475 1761 573 1812 καὶ
609 1761 708 1830 τὴν
736 1761 942 1831 ἔρημον
976 1761 1332 1830 μεταδιώκων,
1366 1764 1483 1815 ἀντὶ
1522 1763 1878 1832 φυλακτηρίου
1940 1764 2170 1833 ἐπήγετο
2227 1763 2287 1815 τὸ
2346 1762 2436 1815 τοῦ
2498 1762 2788 1832 ψαλτηρίου
2810 1763 3054 1833 ὄργανον,
3097 1762 3241 1834 αὐτῷ
3291 1762 3435 1834 χρῶ-

200 1863 382 1913 μενος
441 1848 540 1900 καὶ
583 1850 694 1910 τοῖς
729 1848 796 1900 δι’
860 1849 1023 1900 αὑτοῦ
1069 1851 1147 1911 είς
1187 1849 1316 1901 Θεὸν
1383 1849 1848 1918 ἀναπεμπομένοις

1883 1849 2068 1917 ὕμνοις
2093 1864 2108 1878 ·
2161 1848 2255 1899 καὶ
2310 1848 2470 1916 ᾠδαῖς
2505 1848 2602 1916 μὲν
2655 1849 2748 1899 καὶ
2777 1847 3008 1917 ψαλμοῖς
3051 1853 3432 1918 πνευματικοῖς

195 1939 340 1991 ἀντὶ
376 1939 576 2001 θυσίας
602 1939 904 2009 χρώμενος,
937 1940 1055 1992 ἀντὶ
1091 1941 1147 1992 δέ
1192 1940 1417 2002 εὐώδους
1457 1940 1791 2009 θυμιάματος
1826 1941 1891 1992 δι’
1930 1939 2100 2008 εὐχῶν
2139 1939 2234 2008 τὴν
2265 1940 2630 2008 πνευματικὴν
2679 1940 2948 1993 ἀποτελῶν
2976 1941 3326 2017 λειτουργίαν.

291 2029 405 2080 Ἐν
436 2027 520 2096 τῷ
539 2027 746 2080 ἐλθεῖν
773 2029 980 2080 τοίνυν
998 2028 1138 2093 τοὺς
1165 2029 1442 2096 Ζιφαίους
1481 2028 1575 2081 καί
1612 2026 1781 2080 εἰπεῖν

1968 2026 2097 2080 Cum
2122 2028 2369 2079 venissent
2399 2043 2520 2094 ergo
2548 2025 2764 2095 Zipha'i,
2800 2045 2860 2080 ac
2886 2030 3135 2082 dixissent
3160 2029 3228 2082 ad
3255 2030 3386 2084 Saul
3412 2045 3433 2083 :

196 2119 290 2183 τῷ
335 2121 551 2172 Σαούλ
573 2133 589 2149 ·
615 2121 740 2172 Οὐκ
771 2119 899 2170 ίδοὺ
922 2117 1099 2172 Δαυῒδ
1131 2121 1448 2185 κέκρυπται
1475 2120 1608 2185 παρ’
1631 2118 1792 2185 iusim

195 2207 394 2261 Τοῦτο
420 2207 618 2278 μαθὼν
640 2211 670 2260 ό
700 2207 864 2260 Δαυῒδ
893 2209 1010 2278 ἦτοι
1033 2209 1090 2271 ἐξ
1109 2208 1493 2276 ἀποκαλύψεως
1519 2207 1610 2260 τοῦ
1644 2208 1796 2260 πνεύ-

196 2313 391 2366 ματος
422 2297 522 2348 τοῦ
556 2295 898 2366 προφητικοῦ
933 2296 966 2364 ἢ
999 2295 1062 2348 ἐκ
1092 2313 1231 2358 τινος
1261 2296 1366 2348 τῶν
1407 2297 1505 2357 τὰς
1545 2297 1794 2358 τοιαύτας

196 2384 574 2453 ἀπαγγελίας
596 2385 870 2437 διακονεῖν
896 2384 1160 2436 εἰωθότων
1178 2423 1193 2448 ,
1238 2385 1296 2437 τὸ
1341 2383 1630 2456 ψαλτήριον
1657 2385 1793 2454 μετά

196 2477 286 2543 χεῖ
296 2491 408 2544 ρας
433 2474 785 2543 παραχρῆμα
813 2473 1011 2534 λαϐὼν,
1041 2475 1107 2526 δι’
1131 2473 1292 2525 αὑτοῦ
1306 2474 1382 2543 τῷ
1397 2473 1512 2542 Θεῷ
1531 2473 1624 2542 τὴν
1649 2474 1792 2540 λογι-

197 2565 313 2633 κὴν
339 2564 616 2633 ἀναφέρει
645 2563 835 2617 ουσίαν
850 2563 1020 2629 λέγων
1035 2563 1101 2614 τὰ
1119 2563 1464 2632 προκείμενα,
1481 2563 1545 2614 δι’
1563 2557 1636 2615 ὧν
1658 2563 1795 2626 ἀξιοῖ

203 2653 466 2721 σωθῆναι
493 2652 604 2704 ὑπὸ
628 2651 724 2704 τοῦ
756 2650 912 2714 Θεοῦ,
935 2651 1034 2703 οὐκ
1061 2651 1230 2713 ἄλλως
1263 2651 1293 2721 ἢ
1323 2651 1406 2703 διὰ
1432 2651 1522 2704 τοῦ
1537 2652 1792 2722 ὀνόματος

199 2742 379 2795 αὑτοῦ
396 2758 410 2771 ο
435 2741 522 2793 διό
545 2756 731 2807 φησιν’
769 2739 830 2790 '0
859 2739 1099 2803 Θεύς,ὲν
1117 2737 1195 2802 τῷ
1207 2739 1443 2806 ὀνόματί
1461 2756 1574 2792 σου
1590 2740 1793 2792 σῶσόν

199 2847 278 2897 με
299 2847 313 2859 ·
344 2829 471 2899 ᾔδει
490 2828 606 2896 γὰρ
622 2822 759 2878 εἷναί
777 2843 830 2878 τι
849 2826 1017 2895 ὄνομα
1033 2827 1090 2878 τὺ
1111 2827 1246 2896 ὑπὲρ
1262 2829 1365 2879 πᾶν
1379 2827 1561 2895 ὄνομα.
1589 2829 1791 2898 ’Ὠσπερ

200 2921 320 2988 γάρ
339 2919 465 2972 ἐστί
490 2934 616 2969 τινα
635 2919 692 2969 ἐν
719 2918 840 2978 ταῖς
866 2915 1098 2984 ἐπῳδαῖς
1115 2916 1250 2968 κατὰ
1267 2917 1371 2968 τῶν
1402 2917 1614 2968 ἰοϐόλων
1642 2919 1794 2987 ἐρπεο

203 3008 318 3060 τῶν
344 3008 579 3076 ῥήματα
601 3005 696 3056 καὶ
723 3003 983 3072 ὀνόματα,
1005 3003 1267 3073 τοσαύτην
1293 3005 1613 3072 ἐμφαίνοντα
1641 3005 1792 3057 δυνά-

203 3110 363 3164 μεως
389 3093 578 3161 ἰσχὺν,
613 3091 690 3152 ὡς
711 3090 1115 3158 κατακοιμίζειν
1147 3091 1288 3160 ἢκαὶ
1313 3092 1532 3162 νεκροῦν
1555 3092 1620 3144 τὰ
1637 3092 1792 3158 φοϐε-

203 3179 440 3254 ρώτατα
463 3178 578 3234 τῶν
604 3176 850 3247 ἑρπετῶν
868 3193 881 3206 ο
915 3177 1004 3232 τὸν
1033 3177 1191 3229 αὑτὸν
1211 3178 1406 3248 τρόπον
1442 3180 1531 3230 καὶ
1551 3179 1610 3230 τὸ
1623 3179 1790 3248 ὅνομα

203 3271 268 3322 τδ
303 3271 456 3339 ὑπὲρ
491 3270 606 3321 πᾶν
640 3267 811 3336 ὄνομα
843 3266 1106 3334 ἠπίστατο
1139 3268 1398 3336 σωτήριον
1442 3269 1540 3336 μὲν
1587 3268 1788 3337 τυγχά-

204 3379 322 3415 νειν
368 3359 488 3412 τῶν
536 3357 813 3427 σωτηρίας
841 3355 1022 3420 ἀξίων,
1047 3355 1152 3408 τῶν
1181 3356 1236 3408 δὲ
1267 3358 1472 3426 ἐχθρῶν
1501 3360 1593 3412 καὶ
1640 3362 1787 3412 ἐναν·
1813 3347 1853 3403 C

206 3451 343 3505 τίων
370 3449 668 3517 δυνάμεων
692 3443 1036 3498 ἀπελατικόν.
1076 3443 1354 3496 Ἐϐούλετο
1397 3445 1571 3497 τοίνυν
1617 3446 1787 3515 σωθῆ-

206 3556 298 3592 ναι
328 3541 391 3590 ἐν
424 3537 509 3604 τῷ
535 3535 760 3602 ὀνόματι
784 3530 877 3584 τοῦ
898 3529 1051 3591 Θεοῦ,
1079 3531 1170 3582 καὶ
1187 3531 1286 3582 οὐκ
1313 3531 1544 3599 ἀκρίτως
1565 3547 1620 3582 τε
1643 3531 1788 3582 ἐϐούο

207 3628 336 3680 λετο
353 3646 369 3659 ·
400 3626 522 3680 ἀλλ’
548 3626 598 3676 εί
622 3624 770 3688 ἄξιος
796 3622 1098 3692 εὑρίσκοιτο
1121 3621 1219 3690 τῆς
1240 3622 1525 3690 σωτηρίας.
1553 3623 1642 3674 Διὸ
1667 3625 1784 3674 ἐπι-

207 3718 390 3785 λέγειο
426 3715 544 3770 Kal
596 3714 666 3766 ἐν
715 3710 790 3778 τῇ
821 3711 1141 3776 δυναστείᾳ
1177 3727 1292 3763 σου
1346 3711 1560 3778 κρινεῖς
1599 3713 1780 3781 μοιοῆ

209 3805 357 3856 κατὰ
381 3805 516 3864 τοὺς
549 3801 772 3862 λοιποὺς
799 3799 1151 3868 ἐρμηνευτάς,
1197 3797 1458 3864 δικάσεις
1490 3817 1607 3868 μοι.
1649 3801 1785 3868 Πρό-

208 3909 372 3964 τερον
401 3892 519 3961 γὰρ
559 3889 702 3953 ἀξιοῖ
730 3886 1002 3957 κρίνεσθαι
1033 3887 1124 3938 καὶ
1147 3886 1456 3948 δικάζεσθαι
1500 3888 1631 3956 πρὸς
1662 3888 1784 3948 τοὺς

210 3981 551 4040 ἐλαύνοντας
584 3979 618 4046 ἢ
644 3977 738 4028 καὶ
766 3974 1184 4043 διαϐεϐληκότας
1206 3975 1364 4027 αὐτόν
1381 3991 1393 4004 ·
1424 3973 1519 4028 εἷθ’
1541 3975 1708 4038 οὕτως
1736 3977 1783 4027 εί

209 4071 403 4137 φάνειε
431 4066 795 4135 ἀδικούμενος
823 4063 1150 4132 ἐκδικήσεως
1173 4065 1351 4131 τυχεῖν
1373 4064 1469 4132 τῆς
1511 4065 1657 4134 παρὰ
1690 4064 1782 4116 τοῦ

210 4157 430 4228 κριτοῦ,
465 4156 870 4226 μετερχομένου
898 4156 1020 4215 τοὺς
1039 4151 1371 4212 ἀδικοῦντας.
1403 4152 1564 4205 Ταῦτ’
1594 4151 1780 4216 εἰπὼν,

211 4245 548 4315 προστίθησι
583 4243 759 4309 λέγων
781 4258 794 4271 ·
831 4242 884 4293 Ὀ
915 4242 1076 4301 Θεὸς,
1094 4239 1455 4293 εἰσάκουσον
1477 4239 1584 4306 τῆς
1603 4255 1784 4305 προσ-

209 4335 405 4404 συκῆς
447 4351 597 4402 μου,
644 4329 919 4384 ἐνώτισαι
966 4331 1036 4382 τὰ
1073 4331 1308 4397 ῥήματα
1351 4329 1454 4381 τοῦ
1495 4331 1784 4397 στόματός

205 4442 362 4492 μου·
421 4424 620 4490 ῶσπερ
654 4418 1013 4485 δικαιολογίαν
1060 4417 1370 4486 ποιούμενος
1424 4417 1650 4472 ἐνώπιον
1691 4418 1782 4470 τοῦ

217 4515 503 4584 κρίνοντος
537 4508 691 4578 αύτῷ
719 4525 779 4560 τε
813 4509 904 4561 καὶ
934 4510 1044 4569 τοῖς
1072 4507 1340 4578 ἀδικοῦσιν
1366 4507 1544 4562 αὐτόν.
1567 4507 1675 4560 Καὶ
1701 4508 1784 4560 ἵνα

216 4620 280 4670 γε
317 4603 389 4655 τὰ
414 4603 518 4671 τῆς
544 4598 908 4664 δικαιολογίας
934 4596 1262 4666 παραδεχθῇ,
1307 4595 1402 4666 τὴν
1443 4597 1604 4666 εὐχὴν
1653 4599 1784 4649 ἀνα-

214 4691 448 4761 πέμπει,
467 4691 535 4760 ἣν
570 4689 664 4740 καὶ
685 4685 1100 4758 εἰσακουσθῆναι
1131 4684 1270 4746 ἀξιοῖ
1286 4683 1454 4750 λέγων
1475 4701 1489 4715 ’
1525 4687 1587 4737 '0
1618 4685 1778 4748 Θεὸς,

211 4777 608 4836 εἰσάκουσον,
639 4774 734 4826 καὶ
765 4773 832 4824 τὰ
864 4771 1012 4838 ἑξῆς.
1042 4771 1104 4821 Τί
1125 4770 1167 4820 δ’
1191 4771 1256 4823 ἀν
1285 4769 1530 4822 ἐϐούλετο
1555 4774 1586 4840 ἡ
1613 4787 1778 4840 προσ-

213 4863 365 4932 ευχὴ,
413 4862 511 4915 καὶ
546 4859 708 4911 ποίαν
747 4854 1110 4920 δικαιολογίαν
1138 4852 1282 4923 εἶχε,
1321 4854 1442 4922 ἑξῆς
1491 4855 1777 4924 παρίστησι

213 4952 385 5018 λέγων
400 4969 416 4982 ·
1481 4944 1492 4953 Χ

270 5044 398 5094 Ὀτι
428 5039 738 5104 ἀιιότριοι
772 5032 1201 5097 ἐπανέστησαν
1236 5031 1324 5081 ἐπ’
1353 5029 1476 5096 ἐμὲ,
1513 5033 1606 5083 καὶ
1637 5049 1776 5099 κρα.

212 5132 352 5184 truci
414 5127 725 5194 ἐζήτησαν
795 5123 916 5188 τὴν
975 5119 1184 5185 ψυχήν
1223 5134 1358 5184 μου,
1392 5119 1488 5169 καὶ
1533 5121 1604 5171 οὺ
1636 5135 1777 5186 προ-

211 5218 407 5272 mmo
430 5217 541 5271 τὸν
573 5211 725 5268 θεὸν
745 5208 1014 5263 ἐνώπιον
1045 5204 1255 5257 αὐτῶν.
1283 5201 1438 5254 Ταῦτ’
1467 5201 1533 5274 ἦν
1561 5205 1626 5260 τὰ
1682 5209 1779 5277 τῆς

211 5309 587 5378 δικαιολογίας.
625 5303 741 5356 Καὶ
767 5301 877 5368 ὅρα
913 5295 1036 5356 πῶς
1066 5295 1125 5345 οὔ
1174 5292 1259 5345 διὰ
1295 5294 1511 5363 μακρῶν
1553 5297 1778 5353 ἐκτείνει

213 5400 550 5469 τοὺςλόγους,
579 5389 704 5447 ἀλλ’
736 5387 839 5439 ἅτε
881 5381 1007 5449 Θεῷ
1039 5380 1116 5449 τῷ
1145 5379 1309 5432 πάντα
1342 5379 1500 5469 είδότι
1536 5381 1775 5450 διαλεγό-

213 5501 367 5555 μενος,
404 5467 561 5552 αύτῴ
593 5479 770 5549 μόνον
802 5469 1122 5536 ὑπόμνησιν
1149 5469 1378 5555 ποιεῖται,
1425 5467 1518 5537 τὴν
1563 5472 1776 5540 μακρὰν

209 5572 294 5627 τῶν
316 5573 679 5650 πραγμάτων
717 5555 1072 5650 ἀποσιωπῶν
1091 5554 1432 5650 διδατκαλίαν.
1461 5556 1680 5650 Μήποτε
1713 5559 1772 5610 δὲ

209 5666 300 5724 τοὺς
325 5641 424 5721 tibi
441 5641 789 5716 ἀλλοτρίους
809 5641 1072 5700 ἡνίσσετο
1093 5641 1209 5703 τοὺς
1230 5641 1470 5702 Ζιυαίους
1490 5644 1610 5705 τοὺς
1639 5646 1772 5709 ποὺς

1895 2116 2080 2170 Nonne
2120 2132 2232 2169 ecce
2263 2115 2430 2169 David
2465 2116 2795 2170 absconditus
2834 2127 2910 2170 est
2961 2119 3096 2185 apud
3130 2133 3221 2172 nos
3243 2121 3268 2172 .’
3308 2119 3432 2176 Haec

1892 2220 2012 2257 cum
2047 2204 2231 2266 David,
2257 2204 2370 2260 sive
2394 2220 2459 2259 ex
2501 2206 2824 2260 revelatione
2857 2206 3078 2275 spiritus
3109 2208 3429 2276 prophetici,

1893 2296 2004 2348 sive
2044 2309 2106 2348 ex
2155 2295 2406 2362 quapiam
2446 2295 2568 2348 talia
2617 2296 2865 2348 nuntiare
2913 2295 3072 2357 solito
3097 2295 3427 2358 edidicisset,

1891 2394 2113 2453 accepto
2145 2385 2324 2438 statim
2366 2399 2472 2451 pra:
2523 2385 2769 2438 manibus
2819 2377 3092 2452 psalterio,
3150 2401 3244 2454 per
3295 2385 3428 2440 illud

1891 2472 2000 2526 Deo
2035 2472 2350 2526 rationabile
2405 2473 2727 2527 sacriﬁcium
2787 2473 2963 2534 oil'ert,
3015 2474 3125 2526 haec
3180 2475 3426 2543 loquens,

1891 2562 2084 2630 quibus
2107 2577 2136 2613 ιι
2165 2560 2272 2615 Deo
2299 2562 2522 2614 salutem
2546 2561 2804 2624 obtinere,
2838 2576 2944 2615 non
2977 2578 3068 2630 per
3087 2563 3228 2616 aliud
3258 2563 3428 2631 quod-

1889 2651 2053 2718 piam,
2089 2664 2248 2719 quam
2291 2665 2386 2719 per
2435 2665 2626 2704 nomen
2668 2650 2784 2718 ejus
2830 2652 3082 2719 postulat,
3113 2667 3280 2720 quare
3305 2651 3425 2708 ait:

1891 2737 2047 2800 Deus,
2080 2740 2131 2791 in
2159 2739 2362 2792 nomine
2393 2747 2480 2790 tuo
2509 2739 2708 2791 saluum
2730 2754 2808 2792 me
2836 2739 2956 2806 fac;
2989 2754 3188 2810 gnarus
3221 2741 3427 2797 scilicet

1887 2841 2008 2880 esse
2039 2825 2305 2895 quoddam
2347 2841 2540 2880 nomen
2563 2866 2578 2889 ,
2621 2827 2762 2896 quod
2799 2836 2882 2882 est
2928 2842 3090 2897 super
3122 2843 3280 2884 omne
3332 2846 3430 2885 no-

1890 2930 2032 2969 men.
2072 2915 2531 2980 Quemadmodum
2561 2915 2702 2968 cnim
2731 2917 2784 2968 in
2814 2916 3268 2972 incantationibus
3296 2933 3427 2972 con-

1889 3011 1969 3056 tra
2003 3004 2212 3070 reptilia
2249 3018 2535 3068 venenosa,
2568 3003 2808 3072 quaedam
2856 3003 3124 3071 assignata
3168 3004 3427 3058 vocabula

1887 3101 1940 3146 et
1990 3092 2205 3146 nomina
2264 3102 2411 3154 sunt,
2462 3099 2608 3144 tanta
2640 3091 2687 3144 vi
2723 3091 3001 3160 potestatis
3050 3090 3330 3152 instructa,
3369 3097 3427 3143 ut

1891 3182 2157 3249 reptilium
2183 3181 2574 3235 terribilissima
2599 3179 2680 3233 vel
2707 3179 2920 3248 sopiant
2945 3180 3025 3233 vel
3051 3180 3422 3248 exstinguant;

1889 3271 1968 3323 sic
1995 3278 2047 3323 et
2088 3269 2176 3323 ille
2215 3270 2380 3338 probe
2423 3269 2625 3322 sciebat
2667 3283 2858 3322 nomen
2895 3267 3023 3319 illud
3073 3281 3233 3333 super
3267 3280 3425 3319 omne

1887 3361 2103 3421 nomen’,
2139 3359 2374 3412 salutare
2399 3356 2614 3426 quidem
2664 3356 2730 3410 iis
2760 3371 2881 3409 esse
2921 3355 3012 3422 qui
3058 3354 3229 3408 salute
3276 3353 3422 3422 digni

1889 3455 2051 3511 sunt,
2085 3447 2329 3500 inimicos
2369 3461 2495 3500 vero
2534 3453 2586 3499 et
2630 3443 2966 3498 adversariae
3006 3449 3295 3511 potestates
3337 3439 3425 3494 fu-

1887 3550 2030 3604 gare.
2060 3533 2283 3588 Volebat
2319 3534 2502 3602 itaque
2527 3533 2751 3587 salutem
2779 3532 2835 3586 in
2863 3531 3079 3586 nomine
3112 3529 3202 3584 Dei
3231 3543 3422 3585 conse-

1887 3623 2000 3691 qui,
2047 3623 2204 3694 idque
2230 3638 2336 3677 non
2367 3624 2484 3678 sine
2515 3622 2800 3687 examine;
2832 3621 2923 3676 sed
2958 3622 3004 3675 si
3029 3621 3223 3690 dignus
3251 3619 3422 3672 salute

1887 3711 2385 3778 deprehenderetur.
2426 3709 2782 3775 Quamobrem
2825 3703 2992 3772 addit,
3031 3706 3094 3761 Et
3139 3708 3193 3760 in
3238 3707 3423 3759 virtute

1888 3809 1977 3851 tua
2006 3798 2258 3862 iudicabis
2290 3799 2452 3862 mihi;
2488 3799 2600 3852 sive
2634 3797 2931 3851 secundum
2975 3797 3213 3865 reliquos
3251 3796 3404 3849 inter-

1886 3895 2064 3954 pretes
2097 3904 2112 3941 :
2129 3889 2221 3952 jus
2261 3885 2398 3938 dices
2440 3885 2583 3938 mihi.
2619 3882 2752 3936 Nam
2803 3883 2954 3950 prius
2996 3887 3149 3950 rogat
3193 3878 3420 3948 judicari

1886 3992 1945 4031 se
1981 3984 2034 4028 ct
2056 3975 2145 4042 jus
2183 3975 2290 4028 dici
2335 3974 2436 4028 sibi
2495 3973 2753 4026 adversus
2781 3968 3097 4036 impulsores
3123 3975 3177 4020 et
3217 3967 3421 4020 calum-

1886 4063 2122 4116 niatores
2186 4080 2200 4116 :
2251 4076 2314 4114 ac
2341 4059 2535 4114 deinde
2578 4059 2624 4112 si
2660 4056 2856 4124 injuria
2886 4054 3105 4108 allectus
3127 4052 3418 4116 videretur,

1886 4163 1918 4202 a
1955 4149 2134 4218 judice
2172 4147 2451 4210 vindicari,
2485 4147 2576 4214 qui
2608 4144 2804 4213 injuria
2835 4157 2894 4198 se
2921 4141 3212 4195 allicientes
3237 4141 3418 4194 adori-

1887 4245 2054 4292 retur.
2099 4236 2194 4290 His
2225 4236 2384 4291 dictis
2431 4234 2618 4302 adjicit
2649 4253 2662 4288 :
2695 4232 2856 4295 Deus,
2901 4229 3090 4284 exaudi
3133 4229 3420 4282 orationem

1885 4341 2074 4386 meam,
2105 4325 2320 4380 auribus
2347 4326 2550 4392 percipe
2583 4321 2734 4375 verba
2756 4322 2862 4374 oris
2892 4319 3030 4381 mei;
3062 4317 3220 4386 quasi
3245 4317 3423 4371 disce-

1886 4424 2044 4484 ptans
2070 4429 2166 4483 pro
2195 4428 2357 4468 causa
2384 4429 2480 4467 sua
2529 4413 2582 4465 in
2629 4417 2920 4478 conspectu
2960 4408 3043 4463 sui
3083 4415 3138 4461 et
3173 4405 3421 4460 inimico-

1887 4519 2005 4557 rum
2037 4518 2256 4556 suorum
2279 4501 2498 4570 judicia.
2535 4501 2600 4554 Ut
2628 4508 2803 4552 autem
2829 4497 3071 4553 defensio
3095 4512 3192 4552 sua
3226 4495 3421 4549 admit-

1889 4600 2050 4653 tatur,
2085 4592 2406 4656 orationem,
2447 4604 2606 4658 quam
2633 4587 2878 4642 exaudiri
2913 4594 3088 4656 rogat,
3116 4586 3313 4639 emittit
3334 4583 3420 4636 di-

1817 4660 1858 4712 D
1884 4694 2013 4732 cens
2054 4697 2068 4733 :
2113 4677 2274 4740 Deus,
2325 4677 2537 4737 exaudi,
2579 4685 2686 4730 etc.
2740 4674 2879 4740 Quid
2906 4691 3066 4744 porro
3112 4673 3214 4727 sibi
3267 4671 3422 4724 vellet

1883 4769 2078 4829 oratio,
2107 4776 2161 4822 et
2186 4783 2346 4837 quam
2391 4765 2760 4820 defensionem
2806 4765 3131 4826 institueret,
3170 4761 3270 4816 sub
3308 4761 3421 4812 haec

1879 4858 2110 4926 explicat
2141 4857 2226 4911 his
2252 4855 2429 4911 verbis
2455 4874 2467 4909 :

1949 5027 2111 5084 Vens.
2146 5029 2279 5083 5-7.
2318 5029 2574 5095 Quoniam
2617 5024 2775 5077 alieni
2809 5024 3208 5077 insurrexerunt
3239 5019 3421 5072 adver-

1881 5135 1996 5171 sum
2029 5135 2128 5181 me,
2159 5127 2208 5171 et
2238 5118 2396 5185 fortes
2415 5114 2724 5184 qumsicrttnt
2753 5111 2990 5163 animam
3024 5127 3213 5173 meam,
3245 5120 3292 5162 et
3323 5125 3422 5162 non

1881 5216 2249 5276 proposuerunt
2300 5205 2464 5258 Deum
2513 5210 2632 5253 ante
2684 5208 3020 5264 conspectum
3077 5213 3241 5252 suum.
3306 5195 3425 5249 Hac

1883 5306 1997 5352 erat
2029 5297 2367 5364 disceptatio.
2405 5293 2480 5345 Ac
2516 5289 2636 5343 vide
2665 5286 2800 5339 mihi
2834 5303 2948 5355 quo
2974 5297 3131 5358 pacto
3174 5301 3280 5340 non
3307 5285 3429 5337 lon-

1888 5401 2010 5455 gum
2043 5384 2279 5454 proferat
2315 5393 2652 5440 sermonem;
2691 5375 2790 5430 sed
2834 5385 3027 5445 utpote
3053 5378 3217 5432 Deum
3260 5373 3430 5427 omni-

1885 5473 2054 5526 scium
2107 5470 2406 5539 alloquens,
2462 5481 2575 5520 rem
2639 5462 2743 5530 ipsi
2790 5463 2980 5518 solum
3033 5471 3432 5524 commemorat,

1886 5561 2205 5629 longamque
2255 5558 2453 5627 negotii
2495 5551 2926 5620 explicationem
2975 5553 3187 5607 silentio
3225 5548 3434 5618 premit.

1881 5647 2014 5702 Num
2065 5662 2188 5702 vero
2245 5661 2340 5714 per
2395 5646 2604 5698 alienos
2664 5639 2994 5694 subindicat
3041 5640 3304 5711 Zipbacos,
3345 5633 3436 5700 qui
