3812 6352
114 455 174 503 ,ω
1348 414 1619 476 conum

1908 423 1947 477 N
1987 421 2319 477 PSALMOS.
2709 425 2712 428 ’
3313 431 3413 478 4⁸11)

127 558 202 622 \th
220 507 556 622 θνιιπέςω
575 519 644 622 ξὶ
681 533 978 622 ξερῗταιοὶ
1006 533 1232 604 ἐζήτουν
1257 533 1349 602 τὴν
1388 531 1564 600 ψυχὴν
1599 547 1631 580 α

1908 552 1988 603 [ne
2015 537 2086 588 ita
2113 532 2324 600 corpori
2368 530 2590 584 insidias
2623 538 2828 587 struere
2857 533 3182 600 cogitabant,
3219 545 3274 586 ut
3301 537 3413 586 aui-

157 602 453 705 έξχςιδςυ-δξ
466 602 905 705 ὲσ’ξτειῧεῖυλεῖισαι
939 602 1111 674 αὐτού
1144 622 1218 690 τῷ
1239 621 1443 690 σώματι
1471 635 1662 688 προῃρι

1909 602 2014 687 nae;
2045 623 2236 676 merito
2265 621 2379 688 ipse
2400 619 2684 672 Dominum
2706 627 3068 688 susceptorem
3095 619 3285 674 animae
3308 635 3414 674 sua:

167 691 323 781 ‘41:“ng
377 693 464 762 τῇ
499 691 663 768 ψυχῇ
691 717 705 729 ⁸
740 705 997 771 εἰκότως
1023 709 1115 762 καὶ
1142 709 1298 770 αὐτὸς
1320 710 1407 760 τὸν
1451 707 1649 775 Κύριον

1908 712 2232 780 Iuncupavit.
2283 709 2424 762 Nihil
2470 708 2664 776 quippe
2693 708 2759 761 de
2788 723 3012 776 corpore
3036 724 3206 777 neque
3237 709 3303 764 de
3327 723 3413 762 rc-

197 796 474 868 :MmOP“
503 782 614 852 τῆς
640 787 860 843 ἑαυτοῦ
890 794 1077 865 ψυχῆς
1113 795 1404 866 ὠνόμαζεν.
1454 794 1649 863 Ἔμελε
1680 809 1702 860 γ

1908 819 1987 856 ius
2016 810 2167 855 extra
2212 801 2401 869 positis
2440 798 2699 853 sollicitus
2725 807 2860 860 erat,
2893 813 3064 866 neque
3100 797 3166 852 dc
3214 808 3413 868 tempo-

206 886 331 952 αὺτῷ
354 869 516 935 οὺδὶν
559 874 662 926 τοῦ
712 877 1009 948 σώματος,
1045 885 1162 936 οὐδὲ
1188 885 1293 937 τῶν
1337 884 1490 945 ὲκτὺς
1523 883 1711 950 ύπαρχι

1523 881 1786 950 ὑπαρχόν·
1888 906 2047 945 ranea
2077 891 2177 944 hac
2209 891 2351 943 vita:
2383 889 2474 942 sed
2504 889 2568 942 de
2590 889 2764 940 anima
2791 897 3012 941 tantum.

225 988 336 1031 τως,
357 962 476 1022 οῦδὲ.
497 963 600 1032 τῆς
627 971 989 1040 προσκαίρου
1017 973 1215 1043 ταύτης
1243 973 1401 1042 ζωῆς,
1433 971 1595 1041 μόνης
1613 970 1668 1022 δὲ
1693 971 1788 1040 τῆς

226 1058 412 1110 ἑαυτοῦ
431 1053 629 1123 ψυχῆς.

306 1144 619 1207 Ἑκουσίως
635 1144 810 1197 θύσω
833 1161 956 1210 σοι,
969 1148 1471 1217 ἐξομολογήσομαι
1494 1149 1570 1213 τῷ
1586 1149 1791 1215 ὀνόμα-

1956 1148 2116 1202 Vens.
2145 1147 2197 1208 8,
2227 1147 2278 1200 9.
2335 1147 2633 1199 Voluntarie
2658 1145 2963 1213 sacriﬁcabo
2997 1145 3108 1208 tibi,
3137 1143 3411 1211 conﬁtebor

222 1235 284 1286 τί
298 1249 442 1294 σου,
468 1234 666 1299 Κύριε,
693 1234 786 1286 ὅτι
826 1237 1070 1303 ἀγαθόν.
1104 1238 1200 1288 Διὰ
1229 1237 1334 1289 τῶν
1361 1237 1584 1307 πρώτων
1612 1237 1727 1305 δέηε

1906 1237 2085 1289 tomini
2115 1247 2221 1298 tuo,
2254 1235 2488 1297 Domine,
2521 1237 2766 1303 quoniam
2795 1235 2980 1287 bonum
3008 1243 3103 1288 est.
3126 1235 3259 1287 Cum
3283 1234 3411 1302 prio-

218 1324 311 1375 καὶ⁵
340 1323 628 1394 ἱκετηρίαν
655 1324 992 1393 ἀναπέμψας
1024 1325 1099 1394 τῷ
1130 1326 1266 1394 Θεῷ,
1294 1327 1384 1378 καὶ
1405 1325 1500 1393 τὴν
1530 1326 1723 1378 δικαιο)

1911 1323 2038 1377 ’ἱῦιιε
2064 1325 2241 1377 verbis
2273 1324 2703 1378 obsecrationem
2743 1330 2796 1376 et
2842 1322 3281 1390 supplicationem
3311 1320 3416 1375 Deo

215 1409 341 1476 γίαν
366 1407 540 1460 αὑτοῦ
575 1407 871 1476 ἐκθέμενος
895 1447 910 1471 ,
943 1412 1001 1461 ὲν
1027 1412 1132 1470 τοῖς
1163 1409 1447 1478 δευτέροις,
1493 1407 1720 1476 πληρωθι

1909 1413 2174 1474 :misissct,
2201 1427 2264 1465 ac
2285 1413 2725 1480 disceptationem
2757 1426 2906 1464 suam
2937 1412 3302 1478 exposuisset;
3335 1424 3414 1464 se-

206 1497 304 1548 τοῦ
335 1497 686 1566 πνεύματος,
719 1496 965 1560 θεσπίζει
1003 1500 1069 1550 τά
1100 1515 1157 1549 τε
1188 1498 1312 1566 περὶ¹
1337 1497 1495 1550 αὑτὸν
1540 1497 1711 1566 μέλλοι

1909 1502 2102 1564 :nndis,
2135 1516 2253 1570 qua:
2280 1502 2402 1563 sibi,
2435 1516 2555 1569 qua:
2582 1500 2813 1553 inimicis
2845 1500 2956 1554 suis
2984 1505 3238 1553 eventura
3267 1505 3414 1552 erant

207 1584 444 1637 ἔσεσθαι
469 1624 486 1648 ,
539 1586 612 1639 τά
669 1603 729 1637 τε
761 1589 877 1648 τοῖς
906 1586 1118 1656 ἐχθροῖς
1162 1586 1324 1640 αὐτοῦ
1375 1586 1712 1656 συμϐησόμεν

1910 1591 2082 1659 spiritu
2150 1591 2340 1659 plenus
2385 1590 2713 1644 vaticinatur
2749 1612 2762 1642 ε
2800 1589 2991 1642 deinde
3037 1599 3415 1656 consequenter

145 1715 152 1722 .
201 1669 307 1726 εἶθ’
345 1675 490 1743 ἑξῆς
520 1675 617 1727 καὶ
644 1675 954 1737 ἀκολούθως
988 1678 1044 1728 ὲν
1087 1675 1164 1744 τῷ
1211 1677 1376 1745 τρίτῳ
1421 1675 1574 1745 μέρει
1609 1675 1650 1726 θι

1913 1679 2052 1732 κει·ιίο
2101 1679 2218 1732 loco
2268 1678 2475 1732 hostias
2522 1686 2577 1732 et
2620 1678 2911 1747 gratiarum
2959 1676 3196 1729 actiones
3229 1691 3288 1730 se
3314 1675 3418 1728 Deo

203 1764 302 1815 καὶ
331 1763 713 1832 εὐχαριστίας
744 1761 962 1816 ἀνύσειν
999 1763 1381 1829 ἐπαγγέλλεται
1424 1762 1497 1830 τῷ
1545 1761 1662 1830 Θεῷ

1911 1782 1988 1820 )ι·ο
2017 1766 2286 1821 beneﬁciis
2307 1769 2703 1836 persoluturum
2731 1767 3030 1835 pollicetur.
3061 1763 3191 1817 Nam
3222 1772 3278 1816 ut
3307 1780 3416 1817 ere-

196 1847 285 1913 οἶς
322 1847 389 1904 εὖ
429 1850 730 1904 πέπονθεν.
781 1851 865 1912 Ὠς
887 1851 993 1920 γὰρ
1016 1851 1077 1919 δὴ
1111 1850 1386 1913 διασωθεὶς
1417 1851 1510 1902 καὶ
1551 1851 1645 1919 τῆς
1682 1867 1701 1900 1

1914 1864 2013 1909 rtus
2041 1863 2092 1909 et
2120 1856 2184 1908 ab
2207 1835 2544 1909 inimicorum
2588 1854 2802 1910 insidiis
2826 1843 3123 1917 liberatus;
3155 1868 3324 1920 neque
3356 1852 3419 1903 οι·

198 1941 431 2010 ἐχθρῶν
461 1941 761 2009 ἐπιϐουλῆς
781 1940 1232 2009 ὴλευθερωμένος,
1258 1941 1317 1992 ού
1344 1941 1517 2009 μόνον,
1545 1939 1703 1992 man

1913 1943 1944 1996 d
1979 1944 2172 2002 solum.
2203 1943 2295 1998 sed
2321 1943 2443 2011 quia
2493 1944 2832 1996 inimicorum
2865 1943 3086 1996 exitium
3133 1940 3418 2009 prospicie-

195 2023 311 2080 τὸν⁹
330 2030 570 2100 ὄλεθρον
599 2031 710 2080 τῶν
748 2028 957 2098 ἐχθρῶν
983 2028 1196 2091 ἐπιδὼν,
1223 2029 1366 2082 θύειν
1409 2029 1501 2081 καὶ
1545 2029 1700 2098 ὲξομο

1912 2038 2000 2094 )at,
2029 2047 2085 2085 se
2125 2033 2520 2085 immolaturum
2554 2039 2606 2085 et
2639 2031 3032 2085 confessionem
3083 2029 3283 2085 nomini
3321 2028 3417 2080 Do-

199 2118 501 2186 γήσασθαι
549 2118 628 2187 τῷ
664 2118 886 2186 ὀνόματι
915 2117 1005 2170 τοῦ
1033 2118 1235 2187 Κυρίου
1285 2118 1645 2186 ὑπισχνεῖται·
1696 2135 1704 2168 :

1913 2121 2022 2173 nini
2072 2121 2338 2174 editurum
2391 2121 2652 2189 promittit
2707 2140 2718 2174 :
2780 2129 2939 2188 atque
2974 2120 3085 2172 haec
3123 2119 3418 2171 vaticinans

202 2206 393 2260 ταῦτα
444 2207 711 2275 προλέγει
741 2205 1008 2268 θεσπίζων
1043 2205 1145 2275 πρὸ
1187 2206 1280 2273 τῆς
1306 2206 1410 2256 τῶν
1461 2206 1707 2274 πραγμάτ

1914 2219 2014 2262 mte
2043 2224 2221 2262 rerum
2250 2217 2494 2262 eventum
2525 2208 2782 2276 praedicit.
2814 2207 2942 2259 Nam
2969 2223 3088 2260 cum
3129 2207 3322 2274 Ziplnei
3358 2207 3419 2258 ad

203 2296 529 2358 ἐκϐάσεως.
564 2298 696 2348 Ὅτε
728 2295 836 2364 γὰρ
881 2295 928 2346 οἱ
963 2297 1168 2362 Ζιφαῖοι
1221 2294 1456 2356 ἐλθόντες
1513 2295 1646 2364 πρὸς
1698 2312 1708 2328 ν

1911 2293 2104 2350 Saulem
2155 2297 2468 2350 accedentes
2512 2297 2764 2350 dixerunt
2808 2315 2821 2347 :
2863 2293 2992 2347 Ecce
3017 2293 3183 2346 David
3207 2293 3416 2346 abscon-

205 2385 394 2438 Σαοὺλ
442 2382 627 2437 εἷπον·
686 2383 832 2437 Ἰδοὺ
880 2383 1057 2435 Δαυῒδ
1089 2385 1405 2449 κέκρυπται
1437 2385 1570 2448 παρ’
1609 2383 1710 2452 mli

1914 2386 2030 2439 litus
2058 2395 2133 2439 est
2161 2384 2298 2452 apud
2327 2400 2454 2445 nos;
2484 2399 2606 2437 cum
2640 2399 2738 2437 res
2783 2384 2840 2436 in
2891 2383 3113 2436 historia
3169 2389 3419 2436 enarrata

206 2475 395 2551 ἀρχὴν
424 2475 500 2526 ἔτ’
530 2473 770 2542 ἐχούσης
799 2474 898 2542 τῆς
920 2474 1035 2526 κατ’
1071 2472 1244 2524 αὐτῶν
1287 2473 1520 2535 ἱστορίας
1561 2474 1652 2524 καὶ
1683 2490 1711 2524 τ

1913 2477 2210 2544 nciperent,
2245 2483 2298 2529 et
2332 2475 2458 2527 dum
2491 2474 2665 2527 adhuc
2699 2473 2896 2542 Ziphaai
2933 2472 3106 2540 ipsum
3129 2471 3418 2526 calumnia-

209 2563 460 2635 Ζιφαίων
479 2563 635 2636 ἄρα’
649 2561 1080 2634 ὧαῦεεὶληκότων
1099 2560 1285 2623 αὑτὸν,
1318 2562 1433 2614 τότε
1466 2561 1529 2630 δὴ
1570 2561 1637 2614 τὰ
1662 2561 1714 2612 τέ

1913 2573 2095 2626 ὀηιιπ,
2127 2572 2256 2617 tunc
2287 2564 2400 2631 ipse
2447 2577 2625 2616 rerum
2657 2563 2857 2616 exitum
2906 2562 3267 2624 vaticinatur;
3309 2575 3418 2628 qua

213 2657 327 2709 τῶν
370 2658 725 2728 πραγμάτων
779 2657 938 2718 αὐτὸς
975 2654 1212 2716 θεσπίζει
1245 2694 1258 2715 ,
1288 2653 1354 2705 τὰ
1403 2650 1620 2719 ὕστερόν
1661 2667 1718 2703 πε

1897 2662 2074 2721 postea
2109 2660 2363 2706 eventura
2394 2660 2548 2706 erant
2578 2653 2730 2720 quasi
2755 2652 2866 2719 jam
2900 2651 3038 2705 facta
3079 2661 3402 2720 praevertens

212 2747 570 2816 γενησόμενα
606 2744 1001 2814 προλαμϐάνων
1027 2743 1100 2804 ὡς
1125 2743 1223 2811 ἤδη
1247 2741 1518 2808 γεγονότα.
1563 2739 1652 2792 Διό
1683 2758 1717 2807 φ

1916 2742 2066 2806 Quare
2093 2744 2167 2794 ait
2207 2761 2220 2793 :
2267 2741 2524 2806 Quoniam
2556 2756 2621 2793 ea:
2660 2742 2800 2794 omni
2832 2741 3164 2794 tribulatione
3193 2741 3421 2806 eripuisti

215 2851 336 2886 cw-
373 2837 501 2888 ὀτι
536 2835 610 2886 ἐκ
668 2833 871 2897 πάσης
925 2833 1181 2898 θλίψεως
1207 2832 1430 2896 appear.)
1463 2850 1556 2901 με,
1594 2831 1688 2884 καὶ
1719 2868 1720 2876 η

1915 2848 1987 2894 ne,
2053 2841 2096 2884 et
2129 2846 2282 2898 super
2324 2831 2560 2883 inimicos
2593 2847 2730 2883 meos
2782 2829 3012 2897 despexit
3054 2829 3233 2882 oculus
3264 2845 3420 2881 metu.

215 2923 345 2987 τοῖς
373 2923 619 2992 ἐχθροῖς
638 2939 759 2989 μου
788 2919 1021 2972 ἐπεῖδεν
1054 2923 1085 2972 ό
1111 2921 1408 2988 ὀφθαλμός
1428 2939 1563 2989 μου.
1607 2921 1718 2974 Ταῦ

1915 2919 2014 2974 lare
2050 2921 2246 2989 quippe
2288 2929 2409 2988 post
2443 2921 2554 2973 haec
2593 2927 2738 2987 gesta
2775 2927 2931 2982 sunt;
2965 2917 3058 2972 sed
3101 2924 3277 2970 tamen
3309 2916 3420 2984 Spi-

216 3011 329 3080 γὰρ
353 3012 586 3082 ὕστερον
628 3010 726 3080 μέν
756 3025 883 3062 ποτε
919 3008 1134 3075 γέγονεν
1154 3025 1166 3038 °
1213 3010 1359 3077 ὅμως
1387 3009 1442 3060 δὲ
1492 3009 1721 3081 προγνώι

1916 3009 2027 3061 itus
2063 3006 2232 3061 sancti
2292 3007 2647 3075 praescientia,
2698 3016 2753 3058 ut
2780 3005 2890 3073 jam
2928 3005 3072 3058 edita
3101 3005 3331 3066 nuntiat,
3363 3005 3421 3057 de

217 3097 314 3148 τοῦ
343 3100 500 3165 ἁγίου
535 3096 861 3164 Πνεύματος
897 3095 971 3156 ὡς
1013 3095 1110 3163 ἢδη
1149 3095 1282 3148 αὐτὰ
1321 3095 1576 3163 γεγονότα
1609 3097 1721 3149 άπα

1915 3098 2066 3165 isque
2093 3097 2290 3164 gratias
2313 3097 2441 3164 agit,
2473 3109 2534 3147 ac
2565 3094 2989 3149 sacriﬁcaturum
3011 3093 3420 3147 confessionem-

218 3185 408 3250 γέλλει,
446 3188 553 3240 καὶ
585 3185 676 3238 ἐπ’
712 3186 895 3245 αὐτοῖς
918 3185 1256 3252 εὐχαριστεῖ,
1292 3185 1383 3237 καὶ
1419 3185 1723 3238 θύσειν-ἐπα

1915 3201 1995 3254 lue
2049 3184 2156 3238 Deo
2201 3186 2523 3238 emissurum
2556 3183 2856 3251 pollicetur,
2896 3181 3131 3236 dicens:
3177 3181 3420 3233 Volunta-

219 3272 486 3337 τέλλεται,
549 3272 653 3324 καὶ
683 3269 1164 3338 ὲξομολογήσεσθαι
1217 3269 1294 3339 τῷ
1320 3271 1540 3340 Κυρίῳ,
1592 3270 1724 3337 λέγω

1912 3280 1965 3331 ’ίε
1991 3279 2297 3345 sacriﬁcabo
2332 3276 2460 3337 tibi;
2489 3276 2677 3344 Aquila
2709 3291 2833 3329 vero
2865 3275 2940 3326 ait
2967 3291 2978 3326 :
3007 3273 3199 3341 Sponte
3221 3274 3417 3340 sacri/i-

231 3363 570 3429 Ἑκουσίως
633 3362 798 3414 θύσω
842 3374 956 3411 σοι.
1005 3359 1062 3410 Ὀ
1108 3358 1162 3410 δὲ
1222 3358 1465 3420 Ἀκύλας,
1509 3360 1600 3411 Ἐν
1625 3360 1736 3410 ἐκοι

1919 3366 2014 3418 abo
2047 3367 2158 3419 tibi.
2214 3365 2347 3430 Quia
2379 3364 2519 3417 enim
2569 3366 2682 3417 sine
2728 3362 2906 3424 domo,
2954 3363 3071 3415 sine
3123 3361 3272 3424 urbe,
3312 3361 3422 3414 sine

221 3455 476 3520 σιασμῷ,
535 3452 699 3520 φησὶ,
728 3449 996 3504 θυσιάσω
1041 3464 1157 3500 σοι.
1207 3448 1418 3515 Ἐπειδὴ
1465 3448 1571 3517 γὰρ
1611 3449 1726 3500 datu

1917 3469 2019 3515 are,
2053 3455 2106 3507 in
2153 3453 2382 3508 desertis
2413 3453 2620 3521 agebat,
2673 3465 2868 3503 novum
2921 3449 3171 3502 sacriﬁcii
3212 3449 3422 3502 modum

223 3543 315 3592 καὶ
339 3544 536 3604 ἄπολις
581 3541 680 3592 καὶ
716 3539 956 3598 ἀνέστιος
979 3537 1072 3598 ὢν,
1103 3538 1160 3588 ὲν
1182 3538 1297 3597 ταῖς
1321 3536 1540 3604 ἐρήμοις
1561 3538 1728 3587 ὲποιεῖ

1923 3543 2226 3611 xcogitavit.
2259 3542 2518 3606 Quisnam
2561 3541 2648 3593 ille
2692 3539 2848 3591 erat?
2880 3538 3089 3606 Sponte,
3115 3538 3309 3606 inquit,
3341 3553 3423 3588 sac

221 3629 324 3691 τὰς
353 3629 673 3701 διατριϐὰς,
703 3626 884 3678 καινὸν
911 3623 1096 3692 ἐξεῦρε
1141 3624 1335 3692 τρόπον
1389 3623 1591 3686 θυσίας.
1618 3624 1712 3704 τίς

1921 3632 2132 3700 riﬁcabo
2168 3632 2278 3686 tibi.
2313 3630 2518 3684 Sullivit
2553 3631 2748 3698 quippe
2792 3629 3037 3681 voluntas
3082 3635 3133 3681 et
3177 3628 3422 3696 proposi-

222 3712 292 3784 ἦν
321 3713 472 3780 οὗτος
504 3733 523 3782 ;
596 3716 695 3765 Ἐν
718 3709 1126 3777 ἑκουσιασμῷ,
1157 3710 1322 3778 φησὶ,
1376 3708 1639 3762 θυσιὰσω
1673 3727 1727 3763 σι

1918 3735 2024 3781 ιιηι,
2059 3734 2166 3787 quo
2204 3719 2295 3771 tibi
2340 3717 2662 3771 sacriﬁcium
2711 3715 2949 3769 olTeram.
2983 3715 3098 3767 Non
3151 3715 3423 3784 ignorabat

236 3804 413 3875 .Apzsr
451 3805 575 3874 γὰρ
613 3803 647 3871 ἡ
677 3799 990 3864 ὲκουσιότης
1042 3799 1134 3848 καί⁵
1174 3799 1205 3865 ἡ
1237 3796 1543 3866 προαίρεσις
1567 3835 1582 3860 ,
1629 3798 1694 3848 δι’
1727 3794 1741 3850 ξε

1924 3809 2175 3876 iqnidem,
2209 3807 2373 3861 Deum
2412 3814 2667 3858 cruentas
2694 3812 2746 3857 et
2771 3804 3078 3856 animalium
3113 3819 3244 3858 nece
3283 3803 3429 3856 obla-

225 3893 539 3965 ἀναπέμψω
575 3907 662 3942 σοι
687 3888 784 3958 τὴν
815 3886 1020 3938 θυσίαν.
1055 3886 1128 3936 Ού
1172 3885 1277 3954 γὰρ
1310 3886 1488 3954 ἠγνόει
1528 3887 1616 3939 τὸν
1665 3889 1730 3940 Θε

1922 3915 1971 3951 as
2029 3899 2234 3951 hostias
2295 3897 2550 3957 abnuere,
2617 3894 2876 3947 rationale
2935 3909 3060 3946 vero
3105 3894 3427 3947 sacriﬁcium

228 3983 678 4051 παραιτούμενον
709 3977 806 4046 μὲν
828 3974 922 4036 τὰς
940 3975 1003 4026 δι’
1029 3974 1274 4043 αἱμάτων
1293 3975 1385 4026 καὶ
1407 3975 1556 4039 ζώων
1583 3979 1733 4045 σφαγέ

1920 3987 2062 4040 mdis
2089 3987 2416 4055 approbare;
2445 3986 2626 4053 utpote
2648 3983 2738 4051 qui
2764 3983 2872 4049 jam
2906 3982 3217 4035 edidicisset
3247 3983 3374 4036 illud
3413 3999 3425 4033 :

229 4071 432 4136 θυσίας,
469 4066 706 4137 λογικὴν
731 4066 786 4118 δὲ
819 4064 1005 4119 θυσίαν
1047 4063 1143 4131 τὴν
1169 4063 1236 4114 δι’
1279 4064 1530 4126 αἰνέσεως
1559 4065 1734 4127 ἅσπαζ

1929 4076 2118 4129 mmola
2146 4076 2253 4128 Deo
2283 4076 2601 4142 sacriﬁcium
2643 4071 2838 4132 laudis,
2869 4080 2916 4122 et
2964 4069 3115 4122 redde
3158 4071 3429 4124 Altissimo

234 4175 411 4225 μενον,
452 4159 558 4211 ace
594 4149 1038 4224 προμεμαθηκὼς
1081 4151 1159 4212 τὸ,
1197 4150 1394 4203 Θῦσον
1423 4150 1501 4214 τῷ
1539 4151 1657 4215 Θεῷ
1693 4155 1739 4204 θι

1922 4173 2006 4216 ota
2040 4173 2129 4216 tua
2155 4166 2220 4214 θ’.
2255 4163 2423 4226 lianc,
2452 4159 2946 4230 inquit,voluntarie
2973 4159 3063 4210 tihi
3089 4159 3315 4212 hostiam
3344 4175 3427 4212 sa-

231 4249 370 4298 σιαν
406 4245 730 4306 αινέσεως,
767 4244 866 4294 καὶ
890 4238 1112 4302 ἀπόδος
1136 4238 1212 4302 τῷ
1235 4240 1427 4304 Κυρίῳ
1479 4239 1584 4304 τὰς
1609 4243 1736 4307 εὺχι

1925 4249 2166 4311 rilicaho,
2201 4250 2370 4318 ipsam
2399 4251 2752 4311 voluntatem,
2785 4245 3117 4315 propositum
3153 4252 3205 4298 et
3249 4247 3427 4298 consi-

231 4349 366 4387 σου.
394 4338 626 4401 Ταύτην
659 4327 778 4392 οὖν,
809 4328 992 4396 φησὶν,
1021 4326 1273 4388 ἑκουσίως
1300 4325 1443 4378 θύσω
1472 4344 1552 4380 σοι
1581 4329 1676 4398 τὴν
1702 4329 1736 4381 θη

1919 4337 2020 4388 ium
2055 4351 2230 4390 meum
2265 4338 2360 4390 tibi
2392 4352 2697 4406 apponens;
2743 4350 2804 4387 ac
2833 4332 3126 4401 gratiarum
3161 4335 3424 4386 actionem

173 4479 180 4486 ,
237 4423 374 4486 σίαν,
405 4423 546 4478 αὐτὸ
569 4421 633 4473 τὸ
657 4421 746 4471 ἐπ’
774 4413 1168 4484 ὲμοὶίὲκούσιον
1210 4415 1302 4466 καὶ
1344 4415 1404 4466 τὸ
1452 4414 1661 4485 θέλημά

1922 4438 1988 4474 ιΙῚ)
2017 4423 2190 4476 hostia
2221 4424 2316 4476 tibi
2345 4423 2591 4478 oﬁ‘erens.
2618 4423 2794 4486 Quare
2823 4422 3014 4477 deinde
3045 4422 3230 4477 subdit
3258 4440 3273 4476 :
3299 4420 3427 4474 Con-

240 4514 337 4562 καὶ
352 4515 441 4583 τὴν
476 4511 620 4581 ὲμὴν
650 4505 968 4577 προαίρεσιν
1001 4503 1265 4564 ἀνατιθείς
1299 4519 1401 4568 σοι,
1435 4505 1531 4573 τήν
1557 4522 1614 4559 τε
1637 4508 1745 4576 εύχε

1919 4512 2079 4564 itebor
2122 4513 2317 4564 nomini
2357 4522 2463 4577 tuo,
2519 4511 2756 4573 Domine,
2801 4513 3043 4579 quoniam
3094 4511 3280 4565 bonum
3331 4519 3424 4564 est.

245 4602 446 4667 ριστίαν
478 4598 651 4667 αὐτὴν
673 4595 792 4648 ἀντὶ
818 4592 1004 4652 θυσίας
1045 4608 1125 4642 σοι
1161 4593 1499 4661 προσφέρων.
1545 4594 1634 4646 Διὸ
1678 4612 1750 4646 συε

1922 4600 2246 4669 tpertissime
2279 4610 2456 4654 autem
2491 4599 2543 4652 in
2585 4599 2836 4667 prazsenti
2872 4599 3141 4654 confessio
3169 4615 3269 4668 pro
3307 4613 3427 4666 gra—

243 4688 394 4741 ἅπτει
429 4690 556 4757 ἑξῆς
585 4685 795 4751 λέγων·
839 4679 1370 4747 Ἐξομολογήσομαι
1428 4679 1508 4743 τῷ
1557 4682 1748 4750 ὀνόμαι

1922 4693 2088 4744 iarum
2113 4691 2323 4745 actione
2352 4689 2632 4758 accipitur.
2659 4688 2793 4753 Quia
2825 4690 2967 4743 enim
2991 4706 3054 4743 ex
3083 4690 3229 4741 omni
3259 4690 3427 4743 tribu-

245 4788 374 4838 σου,
399 4780 596 4842 Κύριε,
618 4773 709 4825 ὅτι
735 4771 982 4838 ἀγαθόν·
1017 4769 1318 4835 σαφέστατα
1371 4768 1464 4819 ἐπὶ
1495 4768 1583 4820 τοῦ
1611 4774 1748 4841 παρό

1924 4779 2092 4830 alioue
2135 4785 2354 4845 ereptus
2405 4784 2506 4842 est,
2551 4785 2604 4829 et
2659 4791 2820 4844 super
2871 4777 3116 4830 inimicos
3154 4791 3286 4829 suos
3337 4777 3429 4829 dc-

245 4876 338 4922 τος
357 4867 443 4934 τῆς
481 4860 922 4932 ἐξομολογήσεως
971 4857 1086 4909 ἀντὶ⁵
1126 4858 1468 4928 εὐχαριστίας
1513 4859 1750 4930 παραλαι.

1929 4868 2070 4932 pexit
2099 4867 2290 4919 oculus
2319 4866 2508 4934 ipsius,
2538 4865 2831 4932 gratiarum
2866 4867 3103 4918 actiones
3131 4866 3351 4928 emittit,
3380 4873 3430 4919 et

250 4947 556 5020 ὀρινομένης,
595 4949 711 5016 Ἐφ’
745 4941 826 5008 οἷς
853 4945 960 5014 γὰρ
988 4946 1050 4995 ἐκ
1070 4945 1246 5013 πάσης
1276 4945 1504 5010 θλίψεως
1530 4946 1755 5015 ὲῤῥύσθτ

1928 4955 2192 5007 oluntaria
2262 4954 2552 5007 sacriﬁcia
2601 4969 2659 5007 se
2732 4955 3060 5008 redditurum
3113 4949 3226 5005 Deo
3278 4954 3432 5020 polli-

254 5037 343 5088 καὶ
388 5043 442 5092 ὲν
490 5042 603 5100 τοῖς
668 5033 879 5104 ἐχθροῖς
936 5032 1094 5083 αὐτοῦ
1160 5032 1362 5083 ἐπεῖδεν
1425 5032 1453 5081 ό
1513 5029 1788 5104 ὀφθαλμὸς
1892 5051 2063 5096 cetnr.

257 5125 423 5190 αὑτοῦ,
461 5129 553 5179 ἐπὶ
607 5125 818 5184 τούτοις
873 5121 1208 5190 εὐχαριστίας
1257 5119 1584 5187 ἀναπέμπειν
1647 5130 1740 5180 καὶ
1789 5129 1884 5193 τὰς
1936 5132 2028 5185 τοῦ
2067 5135 2416 5204 ἑκουσιασμοῦ
2464 5134 2645 5195 θυσίας
2699 5133 3078 5200 ἐπαγγέλλεται
3137 5131 3437 5193 ἀποδώσειν

259 5213 337 5280 τῷ
355 5217 476 5285 Θεῷ.

288 5301 390 5356 El}:
424 5307 508 5358 T0
546 5303 767 5355 TEAOE
826 5300 1222 5376 supinam,
1263 5297 1625 5366 ΣΥΝΕΣΕΩΣ,
1667 5305 1758 5357 To

1975 5314 2018 5364 Ι.
2062 5313 2125 5365 ΙΝ
2164 5313 2366 5366 FINEM
2394 5354 2406 5376 ,
2449 5314 2511 5365 IN
2567 5311 2853 5373 IIYMNIS,
2893 5310 3375 5368 INTELLECTUS

839 5368 1026 5418 ΔΑΥΙΔ
1049 5367 1160 5417 NA’.

2396 5367 2405 5376 '
2452 5379 2674 5432 DAVIDI
2715 5369 2845 5432 LIV.

341 5459 652 5517 Ἐνώτισαι,
679 5459 710 5508 ό
737 5454 899 5516 Θεὸς,
921 5454 1028 5520 τὴν
1054 5449 1393 5519 προσευχήν
1416 5469 1545 5516 μου,
1577 5458 1679 5508 καὶ
1699 5460 1790 5525 μὴ

1972 5467 2128 5523 Vens.
2160 5470 2301 5522 2-6.
2359 5469 2588 5530 Exaudi,
2641 5468 2798 5531 Deus,
2843 5471 3130 5522 orationem
3171 5485 3368 5534 meam,
3400 5481 3446 5522 et

261 5547 535 5613 ὑπερίδῃς
563 5547 666 5612 τὴν
699 5544 907 5610 δέησίν
928 5564 1055 5611 μου.
1111 5543 1188 5604 Ὡς
1215 5542 1313 5610 μὲν
1349 5545 1484 5610 πρὸς
1508 5548 1596 5615 τὴν
1630 5551 1760 5603 ξστο

1947 5557 2273 5625 εόεδρωτρνὲδ
2315 5559 2716 5626 deprecationem
2770 5577 2950 5613 meant.
2997 5559 3318 5613 Secundum
3368 5562 3452 5613 hi-

345 5659 379 5687 ⁹¹
415 5657 552 5710 Psal.
590 5674 732 5716 thx,
782 5657 864 5708 14.
