3812 6354
443 407 548 463 ΠΒ

1066 390 1323 448 EUSEBH
1358 381 1820 440 CAESARIENSIS
1855 381 2000 435 OPP.
2041 375 2215 430 PARS
2251 371 2336 425 ΙΙΙ.
2376 399 2441 408 —-
2481 364 2894 421 EXEGETICA.

3628 366 3704 418 476

445 537 536 574 ros
579 517 880 572 Iudaeorum
923 515 1105 563 contra
1135 505 1324 556 Filium
1359 500 1448 553 Dei
1482 513 1645 552 ausus
1671 498 1823 565 quasi
1857 495 1966 562 jam

2084 489 2234 542 ταῦτα
2256 484 2524 551 Πνεύματι
2553 481 2680 548 θείῳ
2711 481 2740 530 ὁ
2762 475 3121 544 προφήτης,
3163 465 3241 519 τὰ
3281 473 3477 525 κτιτά
3499 475 3584 527 τοῦ
3612 478 3711 531 γίοῦ

2299 573 2305 574 ,
2640 568 2652 574 _
2711 566 2722 574 ι
2776 566 2812 574 __
2893 563 2918 574 ᾗ
2974 561 2987 574 ,
3155 555 3376 574 ΑΗΕ-
3418 561 3440 574 Α
3554 564 3565 574 .
3634 568 3678 574 ῃ

446 611 734 676 praesentes
786 596 1112 668 prospiciens
1146 609 1158 643 :
1192 589 1388 657 quibus
1419 577 1679 638 confusus
1707 593 1758 635 et
1786 583 1972 633 turba-

447 673 534 748 ius
554 734 568 756 ,
603 693 784 747 dolore
812 694 862 740 et
893 681 1134 750 angustia
1154 718 1168 742 ,
1218 692 1377 745 quam
1418 673 1852 729 exercitationem
1884 685 1976 721 vo-

448 792 554 844 cat,
588 781 818 847 repletur
851 774 1093 841 degebat.
1128 768 1492 821 Contristatus
1521 777 1668 831 ergo,
1689 759 1977 814 conturba-

447 880 556 930 tus,
602 846 980 920 escrcitatione
1011 865 1063 912 et
1093 856 1338 923 angustia
1391 855 1579 921 plenus
1605 855 1719 902 erat
1749 848 1818 900 ob
1850 846 1978 897 iaci-

449 973 599 1020 nora,
629 968 744 1022 quae
771 967 890 1004 mox
930 956 1171 1001 recenset
1199 944 1384 996 dicens
1433 960 1446 994 :
1508 940 1625 992 Vidi
1657 938 1976 1004 iniquitatem

445 1058 493 1100 et
527 1042 981 1097 contradictionem
1012 1038 1064 1088 in
1086 1035 1310 1094 civitate,
1337 1040 1389 1084 et
1411 1027 1625 1089 caetera,
1657 1041 1774 1094 qua:
1798 1032 1977 1092 postea

447 1149 606 1202 opere
639 1129 899 1197 completa
930 1132 1075 1180 sunt.
1129 1123 1458 1175 Prsevertens
1496 1117 1660 1185 igitur
1692 1115 1746 1166 in
1779 1112 1978 1180 Spiritu

445 1232 630 1276 sancto
646 1219 918 1287 propheta,
937 1205 1809 1272 contristabatur,conturbabatur,
1831 1215 1981 1253 exer-

447 1312 729 1371 citabatur,
757 1308 941 1361 dolore
968 1305 1155 1372 plenus
1185 1301 1237 1352 in
1270 1313 1363 1352 eos
1393 1297 1483 1364 qui
1514 1295 1639 1346 talia
1680 1289 1980 1360 aggressuri

447 1405 620 1452 erant.
636 1389 1169 1458 QuamobremlDeum
1190 1394 1361 1438 status
1381 1385 1462 1436 sui
1487 1383 1839 1448 inspectorem
1863 1390 1982 1429 esse

449 1485 797 1554 rogatdicens
828 1498 840 1531 :
875 1475 1099 1538 Exaudi,
1129 1475 1284 1536 Deus,
1311 1473 1597 1525 orationem
1625 1483 1811 1527 meam,
1849 1475 1894 1517 et
1921 1481 1982 1517 ne

449 1571 735 1638 despexeris
761 1566 1165 1634 deprecationem
1188 1576 1348 1612 meam
1375 1575 1391 1610 :
1423 1556 1624 1609 intende
1667 1555 1789 1606 mihi
1817 1561 1864 1605 et
1893 1567 1983 1604 ex-

450 1660 572 1712 audi
605 1675 702 1711 me.
756 1656 812 1708 ln
847 1656 944 1707 hac
972 1652 1279 1704 conditione
1302 1663 1479 1700 rerum
1512 1646 1718 1714 positus
1739 1683 1753 1707 ,
1784 1643 1862 1696 sic
1886 1642 1981 1694 de-

449 1749 574 1802 inde
604 1746 923 1816 precabatur
958 1762 970 1795 :
1015 1739 1291 1805 Prwcipita
1310 1776 1322 1799 ,
1353 1736 1584 1794 Domine,
1613 1744 1659 1786 et
1687 1731 1854 1784 divide
1883 1731 1984 1782 lin-

451 1795 574 1802 -----
607 1795 831 1816 τ-ηητη
869 1795 910 1796 η
1183 1795 1192 1805 ,
1312 1795 1320 1799 .

449 1851 579 1906 quas
606 1849 802 1886 eorum.
845 1830 1005 1894 Queis
1040 1835 1190 1896 rogat
1220 1839 1402 1882 eorum
1433 1831 1617 1875 contra
1650 1821 1978 1872 Salvatorem
2017 1795 2052 1846 Β

450 1919 792 1976 concordiam
822 1915 1091 1982 dissipari,
1129 1911 1432 1979 superbiam
1459 1916 1512 1962 et
1552 1907 1865 1975 arrogantiae
1896 1912 1974 1957 tu-

451 2023 653 2063 morem
681 2006 922 2074 deprimi,
955 2018 1020 2056 ne
1051 2003 1162 2069 ipse
1187 2008 1522 2062 attereretur,
1545 1997 1767 2070 etmala
1796 2009 1980 2048 eorum

451 2104 790 2165 augerentur.
839 2093 968 2145 Cum
997 2104 1157 2159 porro
1193 2087 1385 2140 rationi
1411 2092 1764 2138 consentanea
1802 2090 1983 2151 postu-

451 2188 617 2248 laret,
665 2182 999 2253 supplicabat
1029 2194 1094 2232 ne
1123 2178 1521 2244 despiceretur;
1569 2173 1660 2226 sed
1703 2173 1862 2224 etiam
1889 2171 1984 2223 do-

451 2277 583 2338 lore,
632 2271 1065 2341 perturbatione,
1115 2264 1497 2319 exercitatione
1538 2262 1860 2329 replebatur,
1903 2259 1985 2312 di-

450 2380 600 2430 cens,
635 2364 676 2414 A
707 2377 822 2415 voce
848 2359 1041 2412 inimici
1068 2364 1117 2409 et
1146 2372 1176 2407 a
1197 2353 1527 2406 tribulatione
1549 2349 1851 2417 peccatoris,
1878 2348 1984 2400 ini-

452 2455 577 2508 mici
623 2452 830 2506 scilicet
875 2457 928 2503 et
975 2445 1270 2514 peccatoris
1317 2442 1500 2510 populi
1553 2459 1565 2492 :
1615 2454 1736 2491 nam
1771 2437 1984 2504 spiritui

453 2539 764 2608 prophetico
790 2535 1086 2588 molestiam
1109 2530 1407 2582 inferebant
1428 2529 1517 2594 qui
1549 2527 1674 2578 talia
1697 2525 1983 2578 audebant.

456 2628 656 2681 Deinde
702 2624 976 2691 subiungit
1021 2640 1033 2673 :
1088 2619 1344 2683 Quoniam
1397 2617 1783 2669 declinaverunt
1829 2615 1880 2665 in
1909 2629 1987 2665 me

455 2716 800 2785 iniquitatem,
831 2722 876 2763 et
901 2712 954 2762 in
981 2711 1061 2760 ira
1088 2707 1286 2759 molesti
1305 2715 1451 2756 erant
1484 2704 1627 2763 mihi,
1659 2717 1776 2769 qua;
1803 2708 1987 2754 contra

459 2805 790 2856 Salvatorem
843 2806 990 2866 gesta
1039 2805 1163 2850 sunt
1209 2803 1260 2847 ut
1313 2794 1525 2862 propria
1552 2793 1654 2845 sibi
1689 2791 1986 2856 ascribens.

455 2893 629 2959 Atque
644 2905 720 2942 ex
747 2885 1039 2940 Salvatoris
1073 2899 1295 2952 persona
1318 2888 1542 2950 possunt
1569 2895 1689 2932 cum
1724 2880 1824 2932 alia
1857 2879 1986 2941 dici,

459 2993 570 3034 tum
603 2978 728 3030 illud
761 2996 773 3029 :
804 2975 1058 3040 Quoniam
1094 2973 1474 3026 declinaverunt
1523 2971 1574 3021 in
1627 2984 1702 3021 me
1745 2968 1991 3034 iniquita-

460 3080 557 3122 tem
580 3107 594 3131 ,
638 3077 684 3120 et
715 3067 771 3118 in
803 3067 886 3116 ira
910 3062 1110 3115 molesti
1139 3070 1284 3114 erant
1313 3061 1464 3120 mihi;
1507 3059 1621 3111 sive
1641 3095 1654 3118 ,
1696 3055 1988 3110 secundum

461 3099 556 3122 υυι
580 3107 594 3131 ,
638 3099 684 3120 σι
716 3099 771 3118 ιιι
803 3099 886 3116 cru
911 3099 1110 3115 υινσυση
1139 3099 1181 3112 ιιι
1197 3099 1284 3114 uno
1315 3099 1461 3120 ...μνη
1508 3099 1621 3111 νην
1641 3099 1654 3118 ν
1696 3099 1988 3110 υνν.......-..-

461 3156 858 3228 Symmachum,
894 3153 1148 3218 Quoniam
1171 3151 1538 3216 inscripserunt
1567 3156 1746 3197 contra
1785 3161 1862 3197 me
1893 3146 1992 3196 im-
2016 3099 2057 3155 ϐ

457 3247 718 3314 pietatem,
749 3251 796 3294 et
831 3258 945 3294 cum
971 3243 1050 3292 ira
1079 3239 1327 3292 contrarii
1358 3238 1499 3303 [uere
1531 3235 1674 3287 mihi.
1697 3235 1800 3287 Cor
1828 3249 1992 3285 meum

458 3331 821 3387 conturbatum
847 3340 922 3383 est
955 3331 1009 3382 in
1035 3345 1134 3390 me,
1166 3336 1213 3380 et
1243 3325 1465 3394 formido
1496 3325 1676 3376 mortis
1701 3322 1879 3374 cecidit
1904 3338 1994 3374 su-

459 3438 550 3491 per
576 3438 673 3483 me,
699 3428 751 3475 et
773 3428 982 3472 caetera.
1027 3417 1148 3470 Haec
1177 3416 1353 3469 omnia
1377 3428 1591 3482 passum
1624 3428 1681 3466 se
1711 3411 1994 3464 conlitetur

462 3512 741 3581 pr0pheta,
770 3509 910 3577 quod
940 3508 1129 3575 spiritu
1165 3505 1472 3573 praphctico
1502 3503 1847 3571 praevidisset,
1883 3515 1993 3554 me—

463 3607 723 3652 moratam
773 3605 954 3665 postea
1017 3595 1283 3647 civitatem
1348 3593 1654 3659 iniquitate,
1722 3589 1992 3644 contradi—

464 3689 663 3746 ctione,
696 3685 895 3742 labore,
921 3683 1103 3735 dolore
1133 3691 1185 3734 et
1219 3682 1480 3746 iniustitia
1516 3681 1802 3748 repletam;
1834 3687 1992 3746 atque

466 3775 769 3827 unanimem
801 3773 948 3824 illum
973 3779 1024 3824 et
1047 3778 1228 3823 notum
1258 3770 1541 3829 Salvatori,
1564 3770 1674 3836 pari
1705 3778 1864 3836 atque
1894 3769 1993 3820 ini-

468 3863 588 3915 mici
624 3869 676 3914 et
703 3862 884 3917 hostes
914 3860 1090 3912 animo
1137 3858 1476 3910 instructum.
1537 3855 1696 3908 Suam
1734 3858 1875 3908 enim
1907 3857 1990 3908 bis

465 3951 531 4002 de
559 3951 720 4002 rebus
749 3945 1263 4000 commiscrationem
1300 3943 1404 3997 Deo
1425 3945 1690 4005 declarat,
1718 3952 1875 4010 atque
1905 3957 1990 3993 ra-

465 4039 1032 4090 tioniconsentaneam
1064 4031 1508 4100 perturbationem
1554 4044 1711 4096 quam
1755 4029 1991 4096 patieba-

465 4137 570 4190 tur,
603 4127 668 4180 de
696 4140 803 4194 qua
836 4125 1082 4191 superius
1104 4123 1313 4176 dicebat
1356 4139 1368 4173 :
1407 4120 1756 4172 Contristatus
1795 4135 1909 4170 sum
1937 4120 1992 4170 in

460 4217 822 4270 exercitatione
863 4229 1005 4274 mea,
1035 4221 1083 4264 et
1122 4208 1455 4262 conturbatus
1485 4222 1628 4268 sum;
1653 4214 1704 4260 et
1727 4206 1836 4272 jam
1872 4221 1982 4258 rur-

461 4319 578 4358 sum
608 4321 622 4356 :
657 4303 759 4356 Cor
787 4317 953 4354 meum
973 4299 1331 4352 conturbatum
1359 4305 1432 4348 est
1461 4297 1511 4348 in
1545 4311 1654 4356 me;
1697 4296 1987 4347 secundum

459 4394 704 4460 Aquilam
732 4407 853 4445 vero
883 4392 974 4454 ait,
1010 4387 1113 4442 Cor
1141 4403 1305 4440 meum
1325 4385 1598 4453 parturivit
1628 4385 1680 4435 in
1710 4384 1985 4436 visceribus
2021 4387 2060 4440 D

459 4481 620 4540 meis;
649 4479 940 4532 secundum
970 4491 1096 4530 vero
1120 4474 1518 4545 Symmachum,
1569 4470 1672 4526 Cor
1707 4487 1870 4523 meum
1899 4486 1990 4524 ex-

459 4567 756 4636 agitabatur
786 4568 926 4618 intra
946 4581 1042 4618 me.
1082 4563 1185 4617 Sed
1215 4565 1371 4616 etiam
1388 4560 1616 4614 l‘onnido
1634 4561 1820 4613 mortis
1846 4560 1988 4612 ccci-

458 4657 537 4709 dit
565 4669 725 4722 super
768 4669 888 4706 eum
909 4691 924 4714 ,
973 4653 1024 4706 id
1053 4660 1155 4714 est,
1185 4650 1446 4704 Salutaris
1477 4649 1684 4713 mortis,
1711 4648 1779 4700 ob
1806 4662 1985 4714 quam,

456 4742 720 4810 Propheta
769 4742 999 4795 humana
1046 4741 1366 4810 cogitatione
1411 4746 1744 4801 commotus,
1779 4737 1890 4789 sive
1920 4735 1990 4788 ob

457 4841 678 4885 mortem
729 4832 1047 4892 animarum,
1103 4843 1220 4898 qua:
1269 4842 1366 4897 pro
1415 4826 1506 4878 tali
1567 4841 1702 4880 ausu
1741 4826 1989 4894 periturae

457 4927 629 4980 erant,
681 4920 870 4973 timore
907 4919 1227 4986 replebatur.
1284 4916 1394 4968 lmo
1440 4930 1566 4970 vero.
1611 4917 1771 4967 timor
1797 4921 1850 4966 et
1883 4921 1989 4965 tre-

462 5019 599 5067 mor,
630 5006 697 5058 ob
719 5006 931 5073 pietatis
958 5005 1320 5064 eminentiam,
1359 5001 1551 5054 cecidit
1577 5015 1737 5067 super
1761 4997 1987 5066 prophe-

461 5100 588 5152 tam,
619 5107 738 5146 cum
770 5092 971 5146 videret
998 5092 1251 5145 Dilectum
1288 5090 1376 5144 Dei
1414 5090 1539 5143 talia
1570 5088 1638 5140 ab
1681 5087 1858 5154 impiis
1891 5100 1988 5155 pa-

457 5181 694 5234 tientem.
743 5179 994 5234 Tenebrae
1043 5189 1216 5233 autem
1259 5183 1613 5232 contexerunt
1652 5189 1810 5234 eum,
1853 5173 1984 5234 sive,

459 5265 746 5318 secundum
794 5265 1078 5332 Aquilam,
1130 5265 1454 5325 convolutia;
1504 5271 1635 5324 aut,
1693 5259 1984 5313 secundum

461 5350 856 5418 Symmachum,
885 5355 1086 5419 horror,
1116 5364 1296 5424 utpote
1345 5355 1435 5423 qui
1462 5349 1726 5407 horrenda
1754 5364 1816 5400 ac
1839 5356 1986 5401 tene-

461 5439 570 5490 bris
597 5439 750 5508 digna
776 5451 961 5494 contra
1007 5443 1330 5497 Salvatoretn
1361 5451 1508 5512 gesta
1537 5446 1796 5495 cerneret.
1863 5435 1984 5488 Haec

462 5538 622 5590 porro
647 5525 784 5578 dicta
826 5544 1009 5581 eorum
1039 5532 1298 5598 exetnplo,
1333 5548 1451 5599 quae
1479 5530 1634 5584 nobis
1677 5527 1729 5579 in
1760 5524 1982 5579 somniis

461 5610 790 5675 contingunt,
821 5614 1099 5677 intelligas.
1145 5614 1274 5668 Nam
1300 5618 1607 5683 plerumque
1631 5609 1978 5671 somniantes,

2072 578 2162 629 τοῦ
2188 573 2320 626 Θεοῦ
2359 570 2610 639 μέλλοντα
2632 566 2737 618 ὑπὸ
2776 561 3079 616 Ἰουδαίων
3128 555 3518 624 τολμᾶσθαι,
3539 564 3605 626 ὡς
3630 568 3713 636 ἤδη

2075 667 2313 734 παρόντα
2334 661 2570 729 βλέπων·
2607 657 2692 724 ἐφ’
2719 649 2802 716 οἷς
2853 649 3271 718 συγχεόμενος
3310 653 3451 703 καὶ
3482 657 3716 721 ταραττό,

2077 770 2250 823 μενος,
2278 750 2450 818 λύπης
2469 764 2526 798 τε
2549 742 2935 814 πληρούμενος
2967 737 3075 790 καὶ
3101 735 3497 802 ἀμηχανίας,
3536 740 3595 806 ἢν
3612 742 3713 793 ἅδοι

2074 821 2288 909 λεσχίαν
2309 837 2574 905 ὠνόμασε,
2608 830 2858 884 διετέλει.
2908 824 3228 878 Ἐλυπεῖτο
3259 835 3334 885 To
3347 821 3436 874 ὗν
3477 826 3570 877 καὶ
3609 828 3716 881 ἔτι-

2078 930 2318 999 ράττετο,
2339 925 2432 976 καὶ
2456 921 2732 992 ἠδολέσχει
2745 914 3065 985 ἀμηχανῶν
3082 910 3190 964 xa‘t
3220 909 3364 960 ἀπα
3380 913 3489 983 ρῶν
3509 915 3599 967 ἐπὶ
3621 921 3712 978 τοῖς

2074 997 2453 1086 τολμωμένοις,
2501 999 2549 1064 ὃί
2589 1010 2780 1078 μικρὸν
2830 1007 3080 1073 ὕστερον
3141 997 3326 1062 διέξει
3347 1021 3416 1055 σι
3480 1005 3713 1070 φάσκων.

2077 1103 2253 1161 Εἶδον
2274 1102 2525 1169 ἀνομίαν
2554 1099 2651 1151 καὶ
2675 1095 3044 1162 ἀντιλογίαν
3063 1091 3144 1142 ἐν
3174 1086 3258 1153 τῇ
3288 1094 3518 1152 πόλει,
3549 1094 3636 1143 καὶ
3656 1096 3707 1146 τά

2078 1198 2229 1266 ἑξῆςο
2284 1196 2442 1262 ἅπερ,
2501 1189 2727 1258 ὕστερόν
2777 1203 2910 1238 ποτε
2965 1183 3038 1234 δι’
3083 1180 3277 1249 ἔργων
3314 1183 3706 1250 κεχωρηκότα,

2079 1283 2355 1355 προλαϐὼν
2403 1281 2479 1349 τῷ
2527 1277 2806 1346 Πνεύματι
2860 1272 2944 1342 τῷ
2983 1269 3136 1338 ἁγίῳ
3163 1269 3194 1319 ὁ
3227 1271 3566 1337 προφήτης,
3595 1269 3703 1320 ἐλυ.

2078 1377 2227 1425 πεῖτο
2252 1373 2343 1424 καὶ
2371 1367 2698 1438 ἐταράττετο
2740 1365 2833 1417 καὶ
2854 1359 3160 1431 ἡδὸλέσχει
3185 1395 3200 1418 ,
3249 1354 3516 1425 ἀθυμίας
3551 1360 3699 1425 epam-

2079 1465 2343 1532 πλάμενος
2367 1464 2456 1513 ἐπὶ
2487 1463 2597 1521 τοῖς
2651 1456 2720 1508 τά
2751 1453 2989 1506 τοιαῦτα
3010 1447 3289 1516 τολμῶσι.
3342 1446 3445 1496 Διὸ
3491 1447 3581 1498 καὶ
3618 1447 3693 1497 τὸν

2079 1553 2205 1604 Θεὸν
2224 1551 2459 1618 ἐπόπτην
2487 1549 2586 1615 τῆς
2611 1545 2805 1600 ἑαυτοῦ
2833 1537 3251 1597 καταστάσεως
3285 1534 3554 1602 γενέσθαι
3591 1551 3685 1586 πα-

2085 1641 2302 1712 ρακαλεῖ
2327 1639 2496 1705 λέγων
2516 1654 2527 1667 ο
2566 1635 2894 1694 Ἐνώτισιιι,
2920 1634 2954 1684 ό
2979 1629 3158 1691 Θεὸς,
3185 1625 3302 1692 τὴν
3332 1622 3688 1690 προσευχήν

2076 1747 2212 1797 μου,
2247 1728 2340 1779 καὶ
2364 1726 2446 1794 μὴ
2479 1724 2772 1791 ὐπερίδῃς
2804 1721 2925 1787 τὴν
2959 1717 3194 1784 δέησίν
3223 1731 3349 1781 μου
3372 1730 3388 1742 ·
3429 1713 3688 1778 πρόσχες

2078 1838 2173 1890 μοι
2201 1819 2297 1870 καὶ
2327 1816 2690 1869 εἰσάκουσον
2711 1829 2855 1879 μου.
2921 1809 3018 1859 Ἐν
3069 1803 3302 1873 τοιαύτῃ
3355 1803 3421 1854 δὲ
3465 1799 3693 1868 γεγονὼς

2083 1908 2428 1970 καταστάσει,
2455 1905 2604 1972 ἠξίου
2636 1902 2813 1968 λέγων
2843 1897 3016 1967 ὲξῆςῖ
3052 1892 3563 1950 Καταπόντισον,
3592 1890 3694 1972 Kc?-

2077 2014 2187 2064 ριε,
2223 1997 2318 2048 καὶ
2357 1969 2665 2046 καταδίελε
2715 1989 2826 2052 τὰς
2885 1984 3203 2054 γλώσσας
3255 1977 3504 2033 αὐτῶν·
3540 1977 3605 2028 δι’
3630 1969 3693 2026 ὧν

2088 2085 2291 2137 ἱκέτευε
2316 2083 2415 2152 τὴν
2453 2080 2768 2150 συμφωνίαν
2805 2075 2998 2130 αὐτῶν
3019 2074 3129 2144 τὴν
3153 2070 3296 2125 κατά
3321 2068 3430 2122 τοῦ
3457 2067 3695 2134 Σωτῆρος

2084 2168 2540 2236 διασκεδασθῆναι,
2575 2168 2673 2234 τήν
2712 2181 2774 2215 τε
2827 2159 3228 2232 μεγαλαυχίαν
3260 2156 3461 2209 αὐτῶν
3508 2154 3601 2206 καὶ
3645 2151 3698 2201 τὸ

2086 2261 2181 2328 τῆς
2219 2255 2526 2320 ἀλαζονείας
2563 2253 2789 2321 ἔπαρμα
2830 2247 3303 2316 ταπεινωθῆναι,
3354 2244 3510 2314 πρὸς
3543 2243 3603 2293 τὸ
3636 2241 3701 2308 μὴ

2087 2345 2471 2415 ὲπιτρίὸεσθαι,
2504 2345 2594 2396 καὶ
2619 2343 2803 2405 αὕξειν
2835 2341 3029 2393 αὐτῶν
3047 2338 3121 2392 τὰ
3146 2337 3322 2391 κακά.
3359 2333 3585 2400 Εὔλογα
3605 2329 3702 2382 τοί-

2088 2452 2178 2486 νυν
2211 2432 2390 2492 αἱτῷν,
2420 2430 2506 2482 διὰ
2533 2432 2632 2498 τῆς
2657 2431 2903 2499 δεήσεως
2928 2427 3096 2495 ἠξίου
3135 2425 3215 2496 μὴ
3249 2420 3701 2493 ὑπεροραθῆνε;’

2089 2521 2220 2574 ἀλλά
2249 2522 2339 2572 καὶ
2383 2519 2556 2587 λύπης
2583 2517 2893 2587 ἐπληροῦτο
2925 2517 3028 2569 καὶ
3065 2516 3359 2586 ταραχῆς,
3401 2511 3506 2565 καὶ
3537 2509 3705 2562 ἀδολε-

2091 2611 2262 2678 σχίας,
2290 2609 2508 2675 φάσκων
2528 2622 2541 2636 ’
2591 2606 2726 2658 Ἀπὸ
2757 2603 2974 2672 φωνῆς
3019 2603 3257 2672 ἐχθροῦ
3291 2603 3402 2655 καὶ
3441 2601 3566 2652 ἀπο
3594 2597 3704 2650 θλί-

2090 2702 2246 2763 ψεως
2279 2693 2662 2761 ἀμαρτωλοῦ,
2703 2690 2905 2761 ἐχθροῦ
2965 2690 3187 2760 δηλαδὴ
3235 2689 3332 2741 καὶ
3385 2680 3706 2755 ἁμαρτωλοέ

2091 2784 2242 2838 λαοῦ·
2285 2782 2456 2849 θλίψιν
2505 2781 2609 2850 γὰρ
2636 2784 2903 2850 παρεῖχον
2939 2779 3025 2848 τῷ
3061 2779 3351 2849 πνεύματι
3385 2777 3471 2846 τῷ
3504 2788 3707 2843 προφη-

2090 2870 2223 2939 τικῷ
2261 2872 2308 2921 οἱ
2331 2871 2396 2920 τὰ
2426 2868 2648 2920 τοιαῦτα
2679 2868 3029 2937 τολμῶντες.
3082 2863 3207 2920 Εἶτ’
3249 2865 3510 2932 ἐπιλέγει
3556 2862 3709 2929 ἑῆς·

2096 2961 2216 3010 "Ott
2241 2957 2552 3020 ἐξέκλιναν
2575 2957 2666 3008 ἐπ’
2687 2956 2795 3022 ἐμὲ
2819 2957 3126 3024 ἀνομίαν,
3167 2955 3271 3009 καὶ
3326 2955 3406 3008 ἐν
3443 2949 3594 3019 ὁρτῇ
3622 2951 3708 3002 ἐν·

2093 3049 2338 3102 εκότουν
2371 3064 2489 3113 μοι,
2518 3045 2952 3113 ἰδιοποιούμενον
3009 3047 3088 3099 τὰ
3133 3045 3283 3099 κατά
3323 3039 3426 3096 τοῦ
3467 3040 3710 3107 Σωτῆρος

2090 3135 2473 3205 τετολμημένα.
2511 3136 2618 3186 Kal.
2641 3135 2705 3184 ὲκ
2725 3132 3040 3203 προσώπου
3067 3134 3132 3186 δὲ
3156 3137 3257 3202 τοῦ
3278 3133 3551 3202 Σωτῆρος
3568 3128 3709 3180 δύνα-

2089 3243 2174 3277 ται
2193 3224 2437 3289 λέγεσθαι
2470 3222 2538 3275 τά
2561 3239 2617 3272 τε
2645 3222 2779 3276 ἄλλα
2811 3221 2913 3273 καὶ
2945 3222 3014 3273 τό
3038 3240 3050 3251 ·
3095 3223 3230 3275 Ὅτι
3261 3220 3605 3283 ἐξέκλιναν
3628 3213 3707 3265 ἐπ’

2089 3311 2190 3378 ἐμὲ
2209 3309 2475 3376 ἀνομίαν,
2491 3308 2586 3360 καὶ
2605 3309 2675 3360 ἐν
2692 3307 2842 3376 ὀργῇ
2865 3308 3227 3362 ἐνεκότουν
3244 3325 3350 3378 μοι
3367 3325 3382 3338 ·
3409 3307 3446 3377 ἦ
3471 3304 3612 3358 κατά
3632 3301 3709 3352 τὸν

2090 3402 2400 3470 Σύμμαχοψ
2447 3399 2572 3448 ’Ότι
2599 3397 2962 3464 ἐπέγραψαν
3013 3401 3157 3451 κατ’
3201 3398 3356 3466 ἐμοῦ
3412 3396 3708 3450 ἀσέϐειαν.

2092 3489 2185 3542 καὶ
2209 3489 2332 3555 μετ’
2369 3484 2546 3554 ὀργῆς
2562 3484 3047 3551 ἠναντιώθησαν
3071 3506 3206 3555 μοι.
3255 3488 3326 3540 Ἠ
3351 3484 3579 3552 καρδία
3602 3500 3708 3551 μου

2089 3575 2372 3642 ἐταράχθη
2399 3575 2468 3624 ἐν
2490 3573 2640 3640 ἐμοὶ,
2677 3574 2775 3624 καὶ
2829 3573 3043 3627 δειλία
3080 3577 3364 3630 θανάτου
3416 3575 3711 3628 ἐπέπεσεν

2090 3663 2318 3730 ἐπ’ἑμέ,
2363 3663 2454 3713 καὶ
2482 3661 2550 3713 τὰ
2606 3660 2790 3714 λοιπά.
2827 3664 3033 3717 Πάντα
3091 3666 3280 3719 ταῦτα
3322 3663 3661 3717 πεπονθέναι
3685 3663 3709 3712 ὁ

2091 3753 2367 3822 προφήτης
2410 3751 2678 3818 ὁμολογεῖ,
2723 3751 2813 3804 διὰ
2844 3753 2908 3804 τὸ
2951 3755 3409 3826 προεωρακέναι
3449 3755 3531 3822 τῷ
3563 3742 3716 3806 πνεύῖ

2092 3859 2217 3908 ματι
2241 3840 2315 3908 τῷ
2343 3838 2660 3907 προφητικῴ
2689 3839 2787 3909 τὴν
2829 3839 2964 3908 ἑξῆς
3001 3842 3372 3913 δηλουμένην
3403 3841 3566 3894 πόλιν
3595 3843 3706 3892 ἀνο-

2093 3930 2216 3997 μίας
2247 3927 2621 3996 πληρουμένην
2656 3929 2753 3980 καὶ
2787 3930 3156 3997 ἀντιλογίας,
3207 3933 3306 3984 καὶ
3345 3933 3531 3983 κόπου
3552 3969 3567 3992 ,
3625 3927 3706 3978 καὶ

2089 4018 2286 4080 ﬂavos,
2321 4017 2413 4068 καὶ
2461 4016 2701 4078 ἀδικίας·
2755 4017 2851 4068 καὶ
2883 4019 2983 4070 τὸν
3017 4022 3289 4091 ἰσόψυχον
3322 4023 3429 4075 καὶ
3477 4016 3706 4088 γνωστὸν

2087 4105 2178 4156 τοῦ
2209 4107 2452 4174 Σωτῆρος
2505 4103 2660 4173 ἡμῶν
2689 4105 2761 4157 τὰ
2800 4106 3025 4177 ἐχθρῶν
3067 4112 3248 4166 αὑτὸν
3279 4113 3388 4164 καὶ
3443 4109 3704 4178 πολεμίων

2087 4189 2382 4241 δατιθέντα.
2448 4190 2569 4240 Ἐπὶ
2599 4191 2809 4252 τούτοις
2840 4192 2956 4261 γὰρ
2984 4196 3094 4266 τὴν
3134 4199 3509 4268 συμπάθειαν
3549 4192 3703 4248 αὐτοῦ

2087 4278 2321 4330 δείκνυσι
2349 4277 2424 4346 τῷ
2446 4278 2583 4347 Θεῷ,
2615 4281 2710 4332 καλ⁵
2735 4283 2800 4349 ἣν
2830 4282 3146 4351 ὑπέμεινεν
3172 4287 3413 4356 εὔλογον
3443 4287 3697 4358 ταραχήν⁸

2090 4367 2213 4435 περὶ
2261 4361 2326 4434 ἦς
2375 4366 2467 4418 καὶ
2516 4366 2776 4439 ἀνωτέρω
2811 4368 3040 4436 ἔλεγενο
3115 4375 3490 4442 Ἐλυπήθην
3529 4377 3599 4427 ὲν
3636 4371 3701 4438 τῇ

2087 4453 2434 4519 ἀδολεσχίᾳ.
2447 4471 2597 4519 μου,
2647 4456 2743 4507 καὶ
2777 4456 3138 4526 ἐταράχθην
3158 4480 3170 4492 ·
3227 4464 3329 4515 καὶ
3384 4465 3486 4516 νῦν
3520 4462 3695 4516 πάλιν·

2099 4537 2164 4590 Ἠ
2188 4538 2397 4604 καρδία
2408 4556 2523 4605 μου
2543 4540 2841 4608 ἐταράχθη
2858 4544 2932 4617 ἐν
2952 4546 3096 4612 ἐμοί
3115 4564 3127 4576 ·
3161 4550 3319 4601 κατὰ
3347 4550 3409 4601 δὲ
3431 4551 3526 4601 τὸν
3555 4545 3700 4598 Ἀκύ-

2089 4630 2207 4689 λαν,
2251 4628 2318 4678 ἸΙ
2345 4627 2554 4691 καρδία
2579 4645 2721 4695 μου,
2767 4632 2959 4699 φησὶν,
2992 4634 3315 4702 ὠδίιησεν
3365 4639 3441 4690 ἐν
3479 4636 3696 4706 ἐγκάτῳ

2081 4734 2229 4785 μου·
2268 4715 2404 4767 κατά
2437 4715 2491 4769 δὲ
2527 4716 2618 4768 τὸν
2663 4719 2970 4788 Σύμμαχον
3001 4740 3015 4753 ο
3085 4725 3149 4781 Ἡ
3194 4728 3428 4793 καρδία
3469 4745 3590 4794 μου
3630 4724 3697 4774 δι-

2087 4803 2424 4872 εστρωερᾶτο
2449 4805 2628 4858 ἔνδον
2645 4825 2791 4876 μου.
2810 4810 2979 4863 Ἀλλὰ
3003 4815 3104 4866 καλ⁵
3131 4815 3312 4869 δειλία
3329 4817 3566 4871 θανάτου
3587 4819 3687 4867 εἰσ-

2088 4895 2278 4945 έπεσεν
2310 4893 2394 4944 ἐπ’
2428 4894 2588 4945 αὐτόν
2610 4911 2623 4923 ·
2660 4898 2781 4964 ἦτοι
2828 4899 2923 4950 τοῦ
2965 4903 3256 4975 Σωτηρίου
3303 4905 3576 4965 θανάτου,
3614 4904 3687 4967 ἐφ’

2084 4976 2127 5048 ᾧ
2153 4981 2390 5043 δειλίαςὸ
2412 4985 2699 5054 προφήτης
2725 4987 3064 5058 ἐπληροῦτο,
3084 4994 3426 5065 ἀνθρωπίνῳ
3455 4990 3682 5060 λογισμῷ

2086 5072 2422 5138 κινούμενος,
2469 5073 2502 5141 ἢ
2536 5074 2633 5126 τοῦ
2659 5077 2768 5128 τῶν
2802 5079 2996 5148 ψυχῶν
3037 5082 3274 5139 θανάτου
3318 5086 3434 5138 τῶν
3468 5083 3682 5138 ἀπόλλυ-

2087 5160 2204 5212 σθαι
2229 5160 2526 5228 μελλόντων
2552 5165 2640 5217 διὰ
2666 5167 2735 5220 τὰ
2760 5170 2992 5224 τοιαῦτα
3017 5174 3372 5246 τολμήματα.
3418 5173 3571 5228 Ἀλλὰ
3593 5171 3672 5225 καὶ

2085 5249 2245 5350 φοὸος
2277 5250 2370 5350 καί
2395 5253 2598 5350 τρόμος
2629 5256 2698 5308 δι’
2730 5259 3050 5334 ὑπερϐολὴν
3088 5263 3384 5328 εὐλαϐείας
3419 5267 3669 5317 ἐπέπιπτε

2083 5341 2159 5407 τῷ
2197 5341 2468 5412 προφήτης
2492 5345 2694 5412 ὁρῶντι
2712 5349 2805 5402 τὸν
2834 5352 3158 5426 Ἀγαπητὸν
3187 5355 3275 5410 τοῦ
3305 5355 3444 5408 Θεοῦ
3464 5352 3664 5408 τοιαῦτα

2085 5429 2189 5480 ὑπὸ
2217 5429 2321 5481 τῶν
2340 5431 2554 5485 ἀσεϐῶν
2590 5437 2900 5508 πάσχοντα.
2947 5445 3252 5500 Ἐκάλυπτέ
3283 5461 3343 5495 τε
3377 5443 3535 5496 αὑτὸν
3556 5439 3662 5492 σκό-

2085 5535 2192 5619 Ξθξῖν
2231 5518 2286 5586 ἢν
2320 5519 2458 5572 κατά
2491 5523 2584 5619 Tit"
2623 5529 2862 5587 Ἀκύλαν
2882 5577 2896 5600 ,
2934 5538 3272 5606 είλίνδησις
3293 5549 3306 5562 ⁸
3332 5534 3390 5602 ἢ,
3419 5533 3551 5587 κατὰ
3584 5530 3660 5581 τὸν

2085 5609 2395 5675 Συμμακθνι
2431 5617 2617 5683 φρίκη
2645 5634 2656 5647 '
2691 5621 2902 5679 tbsava‘t
2931 5631 3146 5702 φρικτὰ
3178 5627 3271 5685 καὶ
3302 5623 3516 5684 σκὸτυυς
3552 5620 3661 5684 ἁλτι-
