3812 6350
76 445 145 496 m
1352 425 1856 490 COMMENTABIA
1893 437 1958 490 IN
1997 436 2332 494 PSALMOS.

327 508 387 558 σι
413 495 490 551 τὰ
531 508 698 563 κατά
718 517 834 571 τοῦ
868 523 916 575 Σ

81 549 165 609 ὣς
187 547 489 636 Εξφνδὲη
534 547 698 563 mm-
732 547 834 571 wu
870 547 1154 604 ιςιωτηρος
1180 547 1426 608 δρώμενα
1467 547 1787 615 θεωροῦντα.

98 627 322 700 δήπιᾷ
360 589 882 700 ,εἱξολεγόμενα
917 617 993 670 ἐκ
1043 626 1481 695 παραδείγματος
1519 633 1624 684 τῶν
1659 635 1796 686 κατὰ

107 688 214 776 ὥς
250 688 565 767 ἴδομεν-ρους
615 688 769 758 ἡμῖν
842 688 1325 774 συμϐαινόντωνί-
1365 688 1490 768 ὲπελ
1546 721 1798 784 πολλάκις

133 783 590 880 ηιρὼᾼῗντες.
636 783 913 880 figmenti
943 815 1082 854 τινα
1119 805 1345 874 ὁρῶντες
1371 807 1590 879 φοϐερὰ,
1639 812 1671 880 ἢ
1704 783 1799 878 θῆέ

146 901 236 949 ρας
251 875 626 967 δώῗίονξαςνι
641 869 681 941 ἢ
705 874 970 967 ιἑρπετὰ,
993 888 1029 957 ἢ
1065 869 1350 961 πολεμίους
1371 869 1620 959 ἐπιόντας
1646 869 1792 967 μῖν,

164 952 551 1053 θορυϐούμεθξι
723 965 927 1041 ψυχὴν
965 952 1070 1030 καὶ
1101 952 1440 1050 ἐξιστάμεθα.
1475 952 1790 1053 τρόμούικαί

168 1049 552 1120 ἀγωνίαςςκαὶ
580 1050 831 1122 ἱδρῶτος
863 1049 1308 1138 ἐμπιπλάμενοι.
1335 1073 1488 1123 Κατά
1629 1076 1786 1127 αὐτὸν

169 1145 300 1216 γὰρ,
341 1139 533 1209 mittat,
572 1145 790 1214 τρόπον
844 1154 946 1205 καὶ
996 1159 1099 1226 τὴν
1144 1161 1234 1211 τοῦ
1299 1165 1572 1231 προφήτου
1613 1164 1786 1232 ψυχὴν

161 1236 278 1288 τῶν
342 1232 592 1307 μηδέπω
648 1241 954 1311 παρόντων
975 1285 990 1308 ,
1055 1249 1346 1316 μελλόντων
1395 1251 1450 1302 δὲ
1508 1253 1783 1318 γίγνεσθαι

3325 449 3426 504 478

917 531 1154 622 ωτῆρος
1180 537 1426 608 δρώμενα
1467 536 1778 615 θεωροῦντα.

1891 562 1952 600 ac
1965 549 2204 612 quaedam
2218 546 2472 602 terribilia
2489 549 2938 608 cernentes,ve.rbi
2963 551 3133 619 gratia
3151 552 3428 622 insequen-

1899 644 1979 690 tes
1999 637 2158 699 feras,
2186 638 2262 691 vel
2303 637 2508 704 reptilia
2529 677 2542 698 ,
2562 636 2642 690 vel
2667 636 2911 690 inimicos
2950 639 3231 704 irruentes,
3250 645 3431 698 animo

1897 727 2174 778 turbamur
2203 737 2254 780 et
2275 726 2730 794 obstupescimus,
2769 737 2994 790 terrore,
3031 733 3430 787 concertatione

1895 829 1957 866 ac
1982 815 2177 868 sudore
2208 815 2415 884 repleti.
2475 815 2673 868 Eodem
2702 815 2935 868 arbitror
2976 819 3135 871 modo
3161 821 3430 888 propheta:

1894 902 2147 963 animam,
2183 918 2302 968 qua:
2330 903 2564 955 nondum
2598 903 2935 970 praesentium
2959 943 2972 965 ,
3005 904 3096 957 sed
3128 903 3428 960 futurarum

1894 1005 2072 1043 rerum
2105 992 2617 1058 contemplationem
2649 1007 2958 1058 expressam
2993 994 3287 1061 prophetici
3321 998 3429 1063 spi-

1893 1078 2028 1130 ritus
2059 1078 2254 1131 lumine
2283 1079 2335 1132 in
2366 1080 2560 1133 mentis
2575 1081 2746 1132 oculis
2773 1081 3119 1148 percipiebat,
3141 1082 3426 1144 turbatam,

1891 1175 2048 1235 atque
2075 1168 2145 1221 ob
2183 1168 2442 1221 malorum
2485 1184 2602 1236 quae
2630 1168 2840 1220 videbat
2873 1170 3334 1237 exsuperantiam,
3363 1172 3430 1223 ti-

1891 1270 2054 1315 more,
2081 1262 2224 1306 metu
2255 1262 2562 1322 terroreque
2592 1257 2844 1322 repletam
2871 1271 3009 1310 esse.

179 1323 568 1393 πραγμάτων,
625 1327 727 1398 τὴν
764 1330 1011 1401 θεωρίαν
1055 1339 1192 1404 φωτὶ
1233 1337 1322 1389 τοῦ
1365 1340 1696 1408 προφητικοῦ
1753 1341 2054 1411 πνεύματος
2112 1346 2223 1404 τοῖς
2264 1345 2360 1412 τῆς
2411 1343 2640 1405 διανοίας
2693 1343 2984 1410 ὀφθαλμοῖς
3031 1345 3428 1414 ἐντυπουμένην

189 1411 424 1477 ὁρῶντα
437 1416 790 1484 τεταράχθαι,
817 1420 918 1473 καὶ
935 1422 1102 1488 φόϐου
1131 1423 1220 1475 καὶ
1241 1424 1460 1488 δειλίας,
1487 1429 1580 1479 καὶ
1603 1430 1801 1498 τρόμου
1841 1430 2222 1498 πεπληρῶσθαι
2254 1411 2340 1483 atat
2367 1433 2463 1501 τὴν
2501 1433 2605 1485 τῶν
2639 1433 3016 1502 θεωρουμένων
3038 1434 3219 1486 κακῶν
3258 1411 3427 1504 bicep-

185 1499 372 1571 ϐολήν
382 1543 394 1552 .

260 1589 398 1644 Εἶθ’
425 1595 622 1666 ὥσπερ
658 1599 823 1667 μέσος
846 1600 1182 1670 ἀποληφθεὶς
1207 1603 1312 1655 τῶν
1335 1602 1500 1656 ταῦτα
1519 1600 1786 1671 δρώντων,

177 1680 495 1751 μηδεμίαν
534 1702 595 1737 τε
629 1686 768 1755 ἔχων
801 1689 1115 1759 ἀποφυγὴν,
1153 1691 1282 1760 μηδέ
1304 1693 1423 1742 ὅποι
1449 1691 1630 1750 κλίνας
1662 1691 1786 1742 ἐαυ-

172 1768 280 1819 τὸν
305 1771 488 1833 ἐκτὸς
514 1772 625 1823 τῶν
657 1775 847 1828 κακῶν
897 1778 1123 1843 γένοιτο,
1153 1777 1362 1846 εὔχεται
1399 1778 1661 1847 μετέωρος
1689 1777 1786 1848 ἀρ-

167 1854 394 1924 θῆναι,
434 1862 642 1929 πτηνός
669 1879 728 1914 τε
773 1863 839 1919 δι’
876 1865 1035 1934 ἀέρος
1079 1869 1350 1934 ἐκφυγεῖν.
1392 1866 1480 1917 Διὸ
1519 1865 1784 1931 ἐπιλέγει·

247 2031 392 2084 Καὶ
417 2028 586 2086 εἶπα·
611 2035 706 2097 Τίς
719 2033 900 2086 δώσει
916 2053 1017 2102 μοι
1032 2035 1320 2104 πτέρυγας
1339 2035 1786 2103 ὠςιπεριστερᾶς,

163 2121 287 2173 καὶ
359 2123 854 2190 πετασθήσομαι,
882 2126 980 2176 καὶ
1031 2128 1419 2188 καταπαύσω;
1465 2127 1788 2196 Περιστερᾶς

159 2209 301 2278 γὰρ
339 2211 514 2279 δίκην
546 2211 761 2263 ἀκάκου
797 2213 1074 2282 πτέρυγας
1113 2215 1365 2282 ἐκφεῦξαι
1397 2215 1496 2277 καὶ,
1519 2215 1787 2284 πετασθῆ-

161 2313 303 2356 vat,
351 2299 438 2360 ὡς
472 2298 542 2352 ἂν
579 2300 742 2366 φύγοι
774 2303 842 2353 τά
877 2303 1042 2366 κακὰ,
1076 2302 1244 2370 ἠξίου.
1280 2304 1480 2356 Οὐκοῦν
1525 2306 1614 2356 καὶ
1664 2307 1787 2374 περὶ

160 2384 404 2436 τούτου
432 2387 700 2458 ἀνωτέρω
722 2388 874 2454 ἔλεγε
908 2389 997 2452 τὸ,
1046 2389 1339 2443 Ἐνώτισαι
1363 2432 1376 2455 ,
1420 2395 1451 2444 ὀ
1481 2393 1640 2456 Θεὸς,
1676 2391 1788 2456 τὴν

163 2473 577 2540 προσευχήν
595 2493 738 2543 μου,
772 2476 848 2537 ὡς
882 2477 948 2528 ἂν
975 2477 1122 2545 τύχοι
1145 2479 1424 2548 πτερύγων
1468 2483 1785 2548 περιστερᾶς

169 2569 292 2618 καὶ
325 2569 672 2638 πετασθείη·
708 2569 885 2637 μόνως
931 2569 1038 2637 γὰρ
1063 2569 1260 2632 οὕτως,
1308 2571 1398 2624 καὶ
1435 2572 1552 2624 οὐδὲ
1593 2571 1782 2636 ἄλλως,

171 2656 410 2726 πόρῤω
439 2659 695 2724 γίνεσθαι
717 2662 817 2727 τῆς
846 2659 953 2710 τῶν
980 2659 1187 2710 ἀσεϐῶν
1219 2661 1417 2722 πόλεως
1461 2657 1570 2722 οἷός
1610 2678 1666 2734 τε
1696 2658 1780 2730 ἦν.

174 2747 380 2798 Κατὰ
405 2748 459 2799 δὲ
478 2749 574 2800 τὸν
603 2748 903 2817 Σύμμαχον
926 2762 940 2776 '
975 2749 1080 2801 Kal
1099 2745 1294 2800 εἷπον·
1331 2751 1421 2813 Τίς
1465 2749 1640 2802 δώσει
1682 2768 1781 2816 μοι

158 2834 510 2904 πτέρυγας
545 2839 631 2900 ὡς
659 2837 1031 2903 περιστερᾶς,
1062 2837 1421 2903 πετασθῆνίιι
1447 2876 1460 2899 ,
1492 2839 1586 2889 καὶ
1618 2838 1782 2904 ἑδρα-

143 2922 433 2984 σθῆναι
453 2943 473 2988 ;
497 2927 710 2992 Πόρῤω
740 2925 816 2977 ἂν
840 2927 1095 2993 ἐποίησα
1121 2926 1230 2991 τὴν
1255 2926 1630 2994 ἀναχώρησιν
1642 2945 1779 2994 μου,

139 3009 548 3079 ηὐλιεζόμην
572 3012 654 3064 ἂν
680 3013 750 3063 ἐν
777 3011 852 3078 τῇ
889 3011 1101 3080 ἐρήμῳ.
1133 3012 1413 3093 Ἐξαίφνης
1459 3013 1522 3065 ἂν
1555 3015 1782 3082 ἐποίησα

1959 1599 2160 1656 Deinde
2185 1604 2339 1672 quasi
2367 1603 2575 1658 medius
2605 1605 2930 1675 interceptus
2959 1610 3046 1664 ille
3077 1611 3215 1665 inter
3241 1616 3427 1671 talium

1891 1689 2186 1743 facinorum
2221 1700 2488 1757 auctores,
2538 1710 2661 1761 cum
2695 1698 2897 1750 nullum
2931 1700 3230 1770 perfugium
3267 1705 3429 1758 habe-

1889 1785 1990 1839 ret,
2039 1795 2212 1847 neque
2257 1797 2364 1848 quo
2408 1783 2702 1838 declinaret
2749 1786 2816 1838 ab
2849 1786 3221 1856 ingruentibus
3251 1795 3424 1857 malis,

1890 1870 2138 1930 precatur
2161 1880 2218 1918 se
2242 1867 2522 1921 sublimem
2556 1871 2772 1933 elevari,
2807 1879 2965 1941 atque
2990 1877 3223 1933 volucris
3257 1880 3428 1936 instar

1889 1967 1985 2019 per
2009 1967 2183 2006 aerem
2209 1954 2460 2024 eﬂ‘ugere.
2493 1957 2849 2020 Quamobrem
2881 1964 2955 2015 ait
2989 1984 3001 2017 :

1955 2038 2118 2093 Vens.
2151 2041 2221 2092 7-
2239 2041 2324 2095 12.
2365 2041 2432 2094 Et
2455 2043 2567 2096 dixi
2596 2061 2614 2096 :
2635 2045 2762 2110 Quis
2778 2048 2921 2100 dabit
2951 2053 3074 2103 mihi
3096 2069 3290 2119 pennas
3317 2058 3426 2110 sic-

1886 2136 1941 2180 ut
1975 2128 2243 2192 columbae,
2271 2140 2320 2182 et
2352 2132 2550 2196 volabo,
2581 2144 2627 2185 et
2654 2138 2968 2203 requiescam
2991 2141 3238 2196 ?Pennas
3256 2145 3428 2198 instar

1886 2215 2142 2266 columba:
2171 2215 2399 2268 innoxiae
2429 2218 2494 2270 ad
2525 2218 2832 2286 fugiendum
2864 2231 2916 2275 et
2953 2225 3236 2278 volandum
3277 2241 3422 2296 pete-

1886 2302 1998 2366 bat,
2040 2310 2098 2354 ut
2127 2305 2281 2357 malis
2308 2320 2364 2359 se
2395 2308 2711 2375 proriperet.
2768 2310 2995 2379 Ideoque
3041 2316 3291 2382 superius
3324 2318 3426 2372 hac

1883 2391 1949 2445 de
1979 2407 2138 2445 causa
2163 2395 2393 2458 dicebat,
2432 2395 2636 2449 Exaudi
2657 2436 2671 2460 ,
2707 2398 2840 2452 Deus
2862 2443 2876 2463 ,
2911 2405 3194 2456 orationem
3235 2423 3420 2468 meam,

1883 2492 1940 2535 ut
1966 2483 2076 2537 alas
2104 2485 2364 2540 columbae
2391 2489 2680 2550 obtineret,
2723 2498 2774 2542 ct
2814 2494 3018 2548 volaret
3051 2513 3063 2547 :
3096 2496 3200 2548 hoc
3226 2498 3424 2566 quippe

1882 2569 2040 2622 modo
2069 2578 2294 2636 tantum,
2329 2582 2382 2627 et
2406 2590 2510 2627 non
2535 2578 2658 2640 alio,
2685 2593 2713 2629 a
2735 2578 2952 2634 civitate
2985 2582 3269 2650 impiorum
3299 2601 3425 2653 pro-

1881 2656 1969 2706 cul
2016 2657 2264 2711 recedere
2299 2668 2524 2725 poterat.
2568 2662 2871 2717 Secundum
2919 2667 3296 2736 Symmachum
3327 2687 3424 2726 au-

1881 2748 1984 2794 tem
2021 2760 2032 2794 :
2073 2742 2135 2794 Et
2163 2744 2275 2795 dixi
2307 2761 2324 2795 :
2357 2746 2484 2810 Quis
2509 2748 2654 2800 dabit
2676 2751 2799 2804 milii
2818 2767 3011 2818 pennas
3029 2756 3158 2807 sicut
3176 2758 3424 2814 columbae

1882 2830 1948 2881 ad
1979 2831 2252 2884 volandum
2279 2843 2326 2885 et
2367 2835 2731 2892 insidendum?
2779 2838 2948 2908 Longe
2987 2843 3223 2910 fecissem
3259 2861 3415 2900 seces-

1881 2919 2075 2970 sionem
2116 2937 2303 2983 nteant,
2349 2925 2653 2977 mansissem
2686 2927 2738 2978 in
2767 2928 3064 2984 solitudine.
3127 2931 3421 2987 Confestim

1880 3004 2182 3072 eﬂ‘ugissem
2213 3008 2455 3062 elevante
2484 3026 2567 3064 me
2599 3013 2817 3078 spiritu;
2850 3015 3004 3084 longe
3033 3018 3229 3087 quippe
3260 3019 3422 3074 fecis-

133 3094 256 3161 τὴν
290 3095 328 3147 ἐ
349 3099 595 3166 κφευξίν
623 3117 728 3167 μου
765 3100 873 3150 ἀπὸ
897 3101 1197 3168 πνεύματος
1225 3103 1533 3170 ἐπαίροντος
1555 3119 1566 3131 ·
1598 3101 1778 3170 πόρῤω

1886 3107 1992 3146 sein
2027 3095 2384 3149 secessionem
2425 3113 2617 3159 meam,
2652 3100 2746 3162 ait,
2806 3102 2850 3153 si
2897 3104 3010 3158 alas
3049 3106 3420 3170 obtinuissent,

133 3182 270 3252 γὰρ
309 3187 410 3240 av
440 3187 706 3256 ἐποίησα,
743 3189 894 3255 φησὶ,
923 3188 1019 3257 τὴν
1044 3188 1380 3258 ἀναχώρησιν
1415 3204 1512 3256 μου
1535 3227 1548 3247 ,
1583 3191 1630 3239 εί
1664 3189 1781 3240 ἐτυ-

131 3289 246 3339 χον
273 3279 647 3346 πτερύγων,
675 3277 892 3344 φεύγων
915 3278 1038 3337 τοὺς
1059 3279 1126 3330 τὰ
1153 3277 1508 3347 προλεχθέντα
1549 3277 1782 3345 τολμῶν-

132 3379 278 3426 τας,
361 3369 463 3419 καὶ
491 3368 596 3428 τὰς
641 3367 881 3434 ἐρήμους
919 3368 1110 3434 μᾶλλον
1135 3369 1229 3436 τῆς
1253 3367 1541 3437 εἰρημένης
1581 3368 1782 3428 πόλεως

132 3456 548 3525 προετίμων.
582 3455 774 3515 Οὕτως
799 3470 859 3506 τε
889 3457 944 3508 ἐν
969 3458 1031 3524 τῇ
1072 3457 1258 3524 ἐρήμῳ
1299 3455 1560 3522 γεγονὼς,
1604 3469 1783 3520 προσ-

137 3539 320 3607 εδεχ,
343 3545 510 3609 όμην
545 3541 626 3593 ἂν
653 3540 760 3592 τὸν
795 3539 1051 3598 σώζοντεὶ
1080 3558 1154 3608 με
1194 3542 1306 3593 ἀπὸ
1355 3539 1460 3606 τῆς
1488 3542 1780 3608 γενομένης

151 3644 260 3694 μοι
350 3629 767 3696 ὀλιγοψυχίας
789 3668 803 3689 ,
840 3627 935 3679 καὶ
969 3629 1085 3680 ἀπὸ
1109 3628 1215 3693 τῆς
1260 3628 1664 3697 καταλαϐούσης
1716 3645 1781 3696 με

157 3717 578 3784 παταιγίδος.
609 3716 1082 3777 Καταπόντισον,
1113 3718 1302 3781 Κύριε,
1344 3716 1438 3769 καὶ
1478 3716 1782 3768 nauta/ale

170 3807 296 3868 τὰς
323 3807 635 3872 γλώσσας
659 3803 877 3865 αὐτῶν,
914 3806 1003 3855 καὶ
1035 3803 1099 3855 τά
1121 3805 1263 3871 ἐξῆς.
1293 3804 1399 3873 Τὴν
1431 3805 1602 3857 αἰτίαν
1626 3803 1688 3854 δι’
1717 3804 1781 3874 ἢν

184 3893 425 3960 τιῦξειτο
445 3893 738 3960 πτερύγων
764 3894 966 3958 τυχεῖν,
997 3892 1072 3951 ὡς
1092 3890 1155 3942 ἂν
1178 3890 1460 3958 πετασθείη
1489 3890 1578 3941 καὶ
1602 3890 1778 3957 φύγοι,

199 3980 431 4048 ερημόν
449 3998 507 4032 τε
545 3980 746 4049 μᾶλλον
772 3981 939 4030 οἰκεῖν
971 3979 1182 4030 ἑλέσθαι
1230 3980 1262 4048 ἢ
1309 3981 1405 4048 τὴν
1456 3980 1780 4049 δηλουμένην

213 4069 405 4132 πόλιν,
434 4071 519 4122 διὰ
545 4071 652 4123 τῶν
680 4069 1066 4137 ,προκειμένων
1089 4069 1319 4120 διδάσκει
1338 4070 1505 4135 λέγων
1523 4085 1533 4096 ·
1575 4068 1778 4137 Ἐπειδὴ

221 4157 363 4210 τάδε
390 4159 474 4208 ita).
500 4159 623 4209 τάδε
658 4156 960 4227 προγνώσει
981 4155 1074 4207 τοῦ
1121 4157 1444 4224 προφητικού
1483 4157 1780 4225 πνεύματος

224 4243 538 4314 ἐθεασάμην
568 4245 990 4316 πραχθησόμενα
1020 4247 1076 4295 ἐν
1102 4247 1166 4316 τῇ
1197 4246 1374 4308 πόλει,
1409 4244 1594 4296 τούτου
1626 4245 1780 4313 χάριν

229 4330 478 4383 ἐντεῦθεν
537 4334 630 4401 ἤδη
660 4334 881 4400 φεύγειν
926 4333 1268 4400 διανενόημαι
1315 4334 1410 4403 τὴν
1461 4333 1565 4385 τῶν
1596 4332 1778 4385 κακῶν

1883 3179 2091 3249 fugiens
2121 3183 2185 3236 ab
2211 3185 2275 3238 iis
2306 3186 2396 3254 qui
2421 3186 2532 3254 jam
2565 3187 2707 3239 dicta
2755 3193 2969 3258 aggredi
3004 3194 3302 3256 audebant,
3338 3205 3422 3248 at-

1879 3283 1982 3334 que
2011 3270 2326 3325 solitudines
2355 3273 2585 3341 prazl‘atte
2607 3269 2807 3328 civitaii
2833 3282 3220 3336 antetulissem.
3254 3282 3343 3336 Sic
3364 3286 3420 3338 in

1879 3356 2092 3410 deserto
2136 3362 2464 3413 constitutus
2515 3364 2877 3429 exspectabam
2916 3383 3064 3431 eum,
3105 3372 3190 3437 qui
3217 3371 3420 3426 salvum

1880 3461 1958 3499 me
1987 3446 2114 3512 facit
2150 3464 2181 3499 a
2207 3449 2641 3515 pusillanimitate
2685 3467 2802 3519 quae
2835 3469 2930 3526 me~
2960 3456 3275 3522 invadebat,
3304 3470 3351 3512 et
3386 3480 3418 3513 a

1882 3541 2177 3602 tempestate
2220 3553 2338 3604 qua:
2386 3553 2469 3590 me
2514 3541 2885 3608 interceperat,
2950 3536 3265 3612 Priveipita,
3309 3547 3411 3602 Do-

1880 3625 2036 3686 mine,
2059 3635 2107 3677 et
2139 3625 2306 3678 divide
2337 3626 2537 3693 linguas
2579 3643 2779 3692 eorum,
2819 3636 2872 3683 et
2911 3641 3127 3685 caztera.
3188 3634 3416 3689 Causam

1879 3711 2048 3780 aperit
2094 3727 2191 3764 cur
2233 3712 2345 3766 alas
2394 3713 2636 3767 obtinere
2661 3718 2927 3784 rogaverit
2958 3718 3023 3770 ad
3051 3721 3336 3774 velandum
3364 3732 3418 3776 et

1879 3798 2256 3866 emigiendum,
2280 3808 2331 3854 et
2356 3819 2451 3855 cur
2475 3804 2783 3856 solitudinis
2811 3804 3193 3860 habitationem
3219 3825 3413 3864 memo—

1879 3893 2006 3937 ratie
2057 3885 2261 3940 civitati
2313 3881 2639 3952 antetulerit,
2691 3889 2774 3942 his
2823 3899 2977 3944 utens
3031 3893 3419 3960 verbiszQuo-

1878 3970 2021 4023 niam
2049 3972 2159 4026 haec
2197 3981 2248 4026 et
2287 3975 2377 4026 illa
2410 3992 2473 4030 ex
2506 3977 2800 4045 prophetici
2832 3978 3054 4044 Spiritus
3069 3985 3408 4046 praescientia

1881 4060 1931 4111 in
1961 4061 2176 4114 civitate
2197 4065 2426 4130 gerenda
2451 4079 2569 4119 esse
2595 4066 2816 4134 cognovi
2841 4084 2854 4129 ;
2883 4066 3001 4118 ideo
3033 4067 3157 4119 hinc
3187 4069 3418 4138 ellugere

1878 4157 1930 4201 et
1962 4150 2220 4203 malorum
2255 4140 2580 4206 multitudini
2603 4170 2684 4206 me
2703 4153 2997 4208 subducere
3028 4157 3276 4222 cogitavi.
3296 4158 3415 4211 Pri-

1879 4253 2018 4290 mam
2043 4240 2181 4293 enim
2215 4242 2538 4309 impietatem
2579 4242 2879 4296 futurorum
2911 4245 3149 4310 ejusdem
3181 4247 3416 4302 civitatis

1878 4324 2207 4388 incolarum,
2253 4343 2318 4381 ex
2368 4329 2547 4397 lingua
2596 4345 2780 4382 eorum
2827 4331 3185 4398 profecturam
3239 4335 3412 4388 video.

231 4417 460 4486 πληθύν.
492 4423 704 4488 Πρῶτον
737 4423 845 4488 γὰρ
874 4421 1126 4488 ἀσέϐημα
1147 4420 1251 4477 τῶν
1284 4421 1377 4489 τὴν
1407 4418 1778 4490 προλεχθεῖσαν

1886 4416 2074 4468 Uinnes
2105 4416 2298 4484 quippe
2333 4417 2387 4469 in
2412 4419 2548 4469 malo
2570 4419 2986 4480 consentientes,
3006 4421 3238 4488 linguam
3263 4438 3413 4476 suam

237 4504 394 4556 ¹πόλιν
436 4509 761 4575 οἰκησάντων
796 4509 907 4576 ὁρῶ
950 4508 1011 4558 τὸ
1045 4510 1107 4558 ἐκ
1155 4507 1252 4574 τῆς
1295 4508 1532 4576 γλώττης
1579 4507 1773 4560 αὐτῶν.

237 4590 438 4655 Πάντες
466 4596 566 4665 γὰρ
598 4596 806 4659 ὠξυναν
832 4595 1040 4646 ἐαυτῶν
1072 4595 1160 4647 ἐπὶ
1203 4593 1354 4661 κακῷ
1395 4597 1777 4662 συμφωνήσανρ

238 4692 332 4738 τες
355 4684 444 4745 τὰς
470 4685 707 4750 γλώττας
730 4685 876 4736 κατά
899 4683 997 4734 τοῦ
1031 4684 1155 4733 Υἱοῦ
1203 4683 1297 4734 τοῦ
1346 4683 1476 4735 Θεοῦ
1502 4702 1514 4713 ο
1547 4684 1646 4746 διὸ,
1702 4683 1774 4753 μὴ

225 4763 403 4828 φέρων
426 4775 597 4826 αὐτῶν
618 4774 714 4842 τὴν
741 4771 1030 4841 μοχθηρὰν
1061 4769 1258 4839 ταύτην
1302 4773 1394 4821 καὶ
1424 4772 1593 4840 ἀσεϐῆ
1644 4788 1776 4840 συμ-

215 4860 440 4923 φωυίαν,
459 4861 683 4930 εὔχομαι
729 4860 941 4925 λέγων·
972 4853 1039 4907 Ὦ
1083 4859 1288 4923 Κύριε,
1345 4860 1776 4911 καταπόντισον

184 4931 282 5012 ἴῳ
335 4951 639 5004 nataNata
670 4948 780 5009 τὰς
812 4943 1108 5012 γλώσσας
1135 4943 1341 4998 αὐτῶν.
1376 4946 1466 5006 Ἢ,
1515 4947 1653 4998 κατά
1688 4947 1776 4998 τὸν

156 5007 513 5110 Ξείίκὶμαχον·
545 5007 1135 5095 Κιιταάοέοτισθῆναι
1164 5032 1413 5096 ποίησον
1437 5070 1451 5092 ,
1482 5033 1774 5097 Δέσποτα,

129 5090 254 5198 ξ(
320 5090 704 5198 ,ἀοῗύμφίυνον
749 5120 1040 5182 ποίησον
1088 5118 1197 5184 τὴν
1238 5119 1517 5184 γλῶσσαν
1559 5123 1772 5176 αὐτῶν.

99 5167 291 5289 ἔίῖχ
311 5167 1280 5289 γέἓᾜζέόἧέᾶς-μφωνίας
1294 5167 1547 5272 κρεῖττον
1586 5209 1775 5273 γένοιτ’

103 5263 170 5368 Ἦ,
679 5335 695 5356 ,
723 5263 1216 5360 ἀτονωτέραν-καὶ
1251 5263 1636 5359 ἀσθενεστέραν
1677 5312 1776 5347 κα-

133 5351 788 5466 ἸλίξνΙὲ-ξᾷξομένη.
819 5351 1018 5429 Τοῦτό
1042 5381 1134 5446 μὲν
1157 5374 1238 5429 οὖν
1259 5379 1313 5428 τὸ
1335 5351 1553 5446 πρῶτον
1588 5376 1658 5447 ἦν
1682 5384 1775 5432 ab-

154 5449 241 5504 τῶν
266 5449 472 5544 κῷὲ
513 5449 592 5528 σε
607 5449 680 5522 Ῑεε
723 5465 851 5532 γὰρ
877 5464 986 5514 τοῦ
1012 5465 1183 5525 έθνους
1208 5465 1537 5533 προεστῶτες
1563 5503 1578 5526 ,
1613 5483 1774 5544 νόμος

131 5528 590 5633 διδάαέᾘᾎζκαὶ
647 5528 1000 5621 ἀρχιερεῖς,
1041 5556 1124 5604 καὶ
1158 5528 1310 5605 λοιποὶ
1353 5555 1629 5622 ἄρχοντες

115 5611 499 5721 λη’λῖοᾶίως
525 5643 698 5710 αὐτῷ
734 5641 1102 5705 προσιόντες,
1130 5643 1373 5713 πειράζειν
1409 5645 1588 5702 αὑτὸν
1623 5646 1773 5700 ἐτόλ-

1879 4513 2207 4556 exacuerunt
2269 4513 2456 4556 contra
2509 4504 2697 4557 Filium
2759 4503 2851 4556 Dei
2915 4523 2928 4557 :
2987 4522 3154 4574 quare
3199 4509 3413 4577 impiam

1879 4607 2061 4642 eorum
2103 4599 2155 4644 et
2202 4594 2514 4644 sceleratam
2551 4591 2888 4646 concordiam
2921 4610 3029 4647 non
3067 4595 3264 4660 ferens,
3304 4599 3415 4650 haec

1881 4694 2068 4746 precor
2102 4698 2113 4730 :
2147 4679 2190 4733 0
2220 4679 2455 4740 Domine,
2504 4680 2769 4748 pra'cipita
2815 4689 2861 4730 et
2888 4681 3057 4734 divide
3089 4683 3294 4751 linguas
3330 4701 3417 4736 eo-

1880 4784 2028 4830 rum;
2074 4771 2204 4831 sive,
2257 4770 2547 4823 secundum
2603 4768 2998 4838 Symmachum,
3037 4771 3144 4822 Fac
3169 4774 3414 4840 demergi,

1879 4857 2118 4919 Domine,
2140 4868 2186 4910 et
2207 4859 2492 4912 discordem
2517 4875 2641 4926 pone
2668 4858 2900 4924 linguam
2918 4877 3114 4912 eorum.
3133 4859 3264 4912 Nam
3296 4876 3384 4914 ace
3403 4890 3416 4900 -

1881 4947 2043 4997 Icrata
2071 4943 2354 4998 concordia
2386 4947 2550 4998 Imilto
2572 4946 2909 5013 praistautior
2935 4947 3204 4999 discordia
3235 4948 3414 5010 fuerit,

1879 5046 1997 5098 quae
2050 5031 2396 5086 infirmiorem
2449 5032 2869 5097 debiliorcmquc
2915 5033 3170 5084 malitiam
3208 5035 3416 5090 reddat.

1881 5119 1992 5173 lloc
2021 5121 2246 5188 primum
2266 5123 2522 5189 malorum
2545 5122 2714 5174 inerat
2742 5119 2895 5185 ipsis.
2924 5120 3052 5173 Nam
3074 5121 3420 5187 magistratus

1881 5211 2072 5279 gentis,
2094 5211 2224 5278 legis
2246 5211 2490 5262 doctores
2509 5247 2522 5270 ,
2542 5207 2810 5276 principes
2841 5209 3178 5262 sacerdotum
3205 5223 3267 5260 ac
3296 5211 3422 5262 reli-

1880 5299 1968 5366 qui
1989 5297 2162 5365 populi
2178 5298 2444 5364 principcs
2467 5296 2530 5346 ad
2548 5310 2666 5348 eum
2684 5307 2804 5344 cum
2819 5294 2946 5348 dolo
2963 5295 3259 5354 adeuntes.i
3266 5311 3421 5361 psum

1881 5395 2083 5440 tentare
2110 5387 2392 5445 audebant,
2422 5383 2756 5436 occasionem
2786 5392 3090 5449 captantes,
3117 5389 3169 5434 et
3201 5382 3425 5438 insidias

1880 5477 1932 5528 in
1957 5492 2076 5530 eum
2108 5487 2393 5530 struentes.
2455 5473 2606 5537 Quod
2643 5470 2779 5522 alius
2809 5485 3028 5540 quoque
3050 5470 3429 5525 subindicabat

1880 5567 2135 5631 psalmus,
2183 5581 2248 5618 ex
2277 5562 2513 5630 ejusdem
2549 5571 2774 5628 persona
2804 5561 2937 5612 talia
2967 5561 3109 5612 fatus
3135 5576 3146 5610 :
3181 5557 3426 5610 Circunu

1880 5654 2125 5710 dederunt
2167 5670 2243 5707 me
2279 5653 2414 5705 tauri
2453 5650 2624 5710 multi,
2666 5647 2812 5700 vituli
2850 5635 3066 5720 pingues
3120 5646 3429 5702 obsederunt
