3812 6358
458 338 561 391 483

1120 331 1377 388 EUSEBII
1414 320 1874 387 CASSARiENSlS
1911 330 2054 388 ΟΜ).
2102 327 2279 386 PARS
2316 324 2403 385 lli.
2442 363 2508 372 —
2543 322 2978 384 EXECETICA.
3253 363 3258 366 -
3629 349 3695 406 δελ

459 453 568 500 vita
623 447 827 516 seipsos
866 451 1230 513 segregarunt,
1266 442 1618 509 Salvatorque
1663 451 1846 496 noster
1874 442 1974 496 vita

2161 444 2259 494 ῗνυν
2293 441 2512 501 ἑαυτοὺς
2540 439 2634 508 τῆς
2667 437 2817 508 ζωῆς
2841 431 3309 504 οί·δηλ⁰ύμενοι
3341 445 3697 517 mamma"

458 547 612 603 erat;
644 553 762 590 nam
791 535 925 603 quod
959 535 1150 600 factum
1179 543 1255 585 est
1289 533 1342 583 in
1368 533 1479 598 ipso
1512 533 1618 584 vita
1645 543 1778 594 erat,
1799 542 1846 585 et
1877 534 1980 585 vita

457 636 570 678 erat
601 625 690 676 lux
710 625 970 674 hominum
995 622 1006 650 ¹
1035 638 1048 684 ;
1079 620 1197 686 jure
1234 634 1354 672 cum
1383 635 1500 674 sese
1529 621 1594 672 ab
1619 621 1736 687 ipso
1769 635 1981 688 separa-

458 713 648 774 verint,
690 710 845 761 morti
894 708 1082 760 anima:
1136 707 1317 759 traditi
1357 714 1482 760 sunt
1508 721 1656 760 :non
1683 707 1824 774 quod
1866 707 1981 774 ipsa

457 805 827 865 corrumpatur
855 804 946 848 aut
977 798 1236 854 deleatur,
1271 796 1326 848 in
1357 797 1583 850 nihilum
1619 796 1860 862 redacta;
1889 798 1980 851 sed

455 886 594 955 quod
633 888 814 939 vivens
859 885 948 936 illa
989 895 1042 938 et
1083 885 1370 936 immortali
1422 891 1609 936 natura
1645 886 1885 952 praedita,
1928 886 1980 937 in

455 974 704 1044 praedicta
731 981 900 1026 morte
927 980 1190 1026 versetur.
1220 971 1396 1036 Quare
1428 973 1628 1024 dictum
1653 981 1734 1025 est
1763 992 1774 1024 :
1807 972 1870 1023 Et
1892 973 1981 1024 de-

453 1065 697 1116 scendant
719 1065 770 1116 in
803 1065 1057 1130 infernum
1090 1065 1321 1116 viventes.
1361 1062 1475 1116 Non
1503 1064 1643 1116 enim
1681 1063 1978 1116 animarum

450 1152 867 1206 destructionem
903 1153 984 1204 his
1035 1153 1366 1220 signiﬁcabat
1400 1172 1411 1204 :
1452 1151 1632 1204 Veniat
1659 1169 1795 1205 mors
1832 1169 1980 1218 super

449 1242 602 1304 illos;
655 1243 746 1296 sed
801 1242 1188 1310 separationem
1248 1258 1276 1294 a
1328 1243 1455 1302 vita,
1513 1257 1630 1309 qua:
1688 1243 1978 1296 secundum

448 1329 613 1383 Deum
651 1337 752 1393 est,
799 1339 850 1383 et
882 1330 1267 1384 habitationem
1313 1331 1368 1382 in
1414 1329 1644 1383 inferno.
1677 1329 1811 1382 Num
1847 1329 1981 1382 forte

448 1419 676 1480 dicatur,
719 1419 821 1471 alio
866 1419 1024 1470 modo
1051 1420 1290 1472 viventes
1319 1421 1466 1487 ipsos
1509 1420 1560 1471 in
1593 1419 1858 1471 infernum
1891 1419 1984 1471 de.

348 1501 358 1512 “
449 1507 743 1567 scendisse,
779 1507 830 1559 in
857 1507 1042 1560 notitia
1072 1507 1274 1560 scilicet
1307 1515 1614 1574 peccantes,
1647 1521 1708 1559 ac
1749 1506 1982 1559 scientes

448 1597 662 1664 quidem
707 1596 1037 1649 Salvatorem
1075 1611 1194 1650 esse
1237 1595 1508 1649 Christum
1567 1595 1690 1656 Dei,
1737 1596 1828 1649 sed
1875 1610 1980 1648 non

447 1701 568 1739 esse
603 1686 954 1740 simulantes?
985 1686 1160 1749 Quare
1214 1685 1433 1752 perinde
1479 1695 1637 1753 atque
1681 1685 1885 1738 Dathan
1928 1693 1981 1739 et

2078 529 2145 601 ἦν
2177 533 2232 583 δὲ
2253 533 2281 582 ὁ
2309 530 2494 599 Σωτὴρ
2521 527 2668 598 ἡμῶν
2702 531 2736 597 ἡ
2761 528 2882 596 ζωή
2905 543 2919 556 °
2967 528 3048 576 Ὀ
3074 522 3315 591 γέγονε
3339 535 3488 602 γὰρ
3507 537 3688 606 eram}

2081 621 2192 686 ζωὴ
2228 618 2342 688 ἦν,
2393 621 2488 672 καὶ
2537 622 2574 686 ἡ
2615 618 2725 684 ζωὴ
2777 615 2862 685 ἦν
2892 621 2967 668 τὸ
3011 613 3156 682 φῶς
3198 611 3332 663 τῶν
3385 624 3692 690 ἀνθρώπων.

2081 711 2300 770 εἰκότως
2317 749 2330 770 ,
2355 700 2756 776 ἀποτμηθέντες
2789 703 2970 758 αὐτοῦ
2991 742 3008 766 ,
3044 701 3134 770 τῷ
3164 700 3279 768 τῆς
3303 699 3512 782 ψυχῆς
3529 715 3686 790 θανάτῳ

2081 797 2448 866 παρεδόθησαν
2467 813 2480 825 ε
2499 797 2596 864 οὐχ
2615 795 2754 846 ὥστε
2776 791 3080 861 φθαρῆναι
3098 790 3289 859 αὐτὴν
3309 802 3442 850 καὶ
3455 802 3694 875 ἀφανισθῇ.

2081 905 2164 939 ναι
2192 889 2271 948 εὶς
2294 887 2354 937 τὸ
2385 885 2457 954 μὴ
2478 885 2535 936 ὃν
2557 884 2894 953 χωρήσασαν
2917 915 2935 941 ,
2974 879 3103 930 ἀλλ’
3141 877 3299 929 ὥστε
3351 885 3538 946 ζῶσαν
3559 893 3686 962 αὐτὴν

2080 978 2172 1029 καὶ
2203 976 2463 1028 ἀθάνατον
2495 975 2592 1044 τὴν
2624 973 2813 1024 οὐσίαν
2850 968 3236 1037 κεκτημένην
3272 968 3354 1018 ὲν
3393 973 3471 1041 τῷ
3490 974 3692 1046 λεγβεκπς,

2081 1065 2292 1134 θανάτῳ
2322 1064 2548 1130 διάγειν.
2615 1062 2708 1113 Διὸ
2743 1061 3018 1112 λέλεκται
3045 1075 3060 1087 '
3122 1057 3241 1109 Καὶ
3271 1064 3691 1131 καταὸήτωσαν

2079 1158 2161 1218 εἰς
2194 1154 2337 1219 ᾅδου
2370 1153 2596 1216 ζῶντες.
2647 1152 2720 1203 Ού
2781 1150 2875 1202 τὸν
2911 1146 3251 1216 ἀφανισμὸν
3284 1145 3502 1221 ιιιυχῶν
3542 1157 3695 1226 ὲδπὸξιον

2079 1244 2248 1310 λέγων
2269 1258 2281 1272 ⁵
2324 1242 2577 1295 Ἐλθέτω
2603 1240 2866 1302 θάνατος
2891 1238 2994 1291 ἐπ’
3024 1237 3269 1301 αὐτοὺς
3290 1275 3305 1296 ,
3366 1240 3501 1293 ἀλλὰ
3521 1245 3603 1297 τὸν
3620 1248 3701 1300 ἀπὸ

2081 1333 2177 1399 τῆς
2205 1331 2340 1385 κατὰ
2369 1330 2499 1382 Θεδν
2530 1327 2676 1398 ζωῆς
2706 1326 3002 1397 χωρισμὸν
3027 1363 3043 1387 ,
3077 1325 3182 1376 καὶ
3217 1325 3358 1393 τὴν
3385 1329 3464 1390 εἰς
3491 1331 3573 1382 τὸν
3595 1334 3699 1404 ᾅδην

2080 1422 2408 1490 κατοίκησιν.
2460 1422 2685 1488 Μήποτε
2730 1418 2786 1469 δὲ
2819 1417 2922 1470 καλ¹
2959 1416 3153 1477 ἄλλως
3202 1415 3449 1483 ζῶν-τες
3479 1424 3557 1487 εἰς
3605 1425 3708 1496 ᾅδου

2081 1509 2343 1577 κατῄεσαν
2368 1545 2381 1567 ,
2417 1509 2472 1558 ὲν
2503 1505 2704 1572 γνώσει
2728 1504 3167 1575 ἁμαρτάνοντες
3188 1537 3205 1567 ,
3240 1510 3377 1562 uani,
3406 1513 3600 1579 ειδότες
3632 1517 3709 1587 μιν

2078 1597 2166 1650 τὸν
2197 1597 2418 1666 Σωτῆρα
2443 1597 2518 1656 ὡς
2549 1595 2712 1656 αὐτὸς
2739 1591 2790 1645 εἴ
2818 1596 2848 1644 ὁ
2883 1593 3143 1663 Χριστὸς
3178 1591 3278 1643 τοῦ
3333 1603 3482 1653 Θεοῦ
3500 1643 3515 1665 ,
3571 1622 3712 1673 προσ.

2081 1687 2384 1756 ποιούμενοι
2408 1686 2463 1736 δὲ
2495 1685 2567 1754 μὴ
2598 1680 2777 1746 εἷναις
2808 1683 2906 1734 Διὸ
2931 1683 3034 1734 καὶ
3065 1682 3279 1750 ὁμοίως
3314 1690 3442 1747 τοῖ;
3465 1693 3585 1757 περὶ
3600 1696 3687 1742 4.1.

447 1774 647 1826 Abiron
669 1775 689 1804 ⁸
715 1775 859 1841 ipsos
895 1771 1284 1840 deglutiendos,
1317 1781 1476 1840 atque
1519 1775 1572 1825 in
1603 1773 1868 1826 infernum
1902 1775 1974 1826 vi-

2161 1777 2297 1829 ncat
2340 1774 2583 1845 Ἀϐηρὼν
2639 1772 3158 1842 καταποθήσεσθαι
3191 1774 3281 1824 καὶ
3337 1774 3574 1839 αὐτοὺς,
3621 1780 3687 1838 εἰς

447 1871 630 1913 ventes
665 1860 1018 1913 descensuros
1059 1875 1179 1913 esse
1213 1861 1549 1928 praznuntiat.
1599 1860 1702 1913 Pro
1750 1862 1840 1914 illo
1879 1877 1978 1914 au-

448 1958 573 2014 tem,
601 1949 859 2017 Nequitia:
884 1950 938 2000 in
964 1948 1369 2002 habitationibus
1398 1966 1595 2011 eorum,
1623 1954 1674 2003 iu
1705 1952 1870 2005 medio
1896 1967 1982 2004 eo—

447 2055 562 2089 rum
585 2055 604 2100 ;
633 2053 756 2090 nam
799 2048 1092 2092 conventus
1119 2046 1170 2092 et
1195 2039 1422 2092 concilia
1449 2039 1709 2093 adversus
1744 2039 1981 2094 Salvato-

446 2141 557 2178 rem
593 2127 833 2194 improba
874 2127 1040 2189 fuere,
1077 2127 1267 2195 Aquila
1311 2129 1440 2180 dicit
1472 2147 1484 2181 :
1520 2129 1777 2193 Quoniam
1811 2131 1980 2198 nequi-

443 2216 532 2266 tia:
557 2216 607 2266 in
634 2217 1016 2268 conversatione
1039 2233 1234 2271 eorum.
1262 2217 1397 2282 Quia
1426 2233 1552 2287 ergo
1583 2234 1686 2271 non
1723 2234 1818 2286 pro
1838 2220 1979 2272 bono

442 2307 859 2371 conveniebant,
911 2316 963 2358 et
1009 2308 1448 2360 conversationes
1494 2307 1830 2375 conciliaque
1878 2308 1980 2360 im—

445 2390 606 2456 proba
639 2390 865 2455 inibant,
893 2390 1014 2458 jure
1039 2392 1363 2445 vaticinatur
1401 2393 1490 2460 qui
1544 2391 1663 2446 ﬁnis
1701 2407 1793 2447 eos
1829 2407 1979 2447 exce—

445 2486 633 2544 pturus
669 2479 758 2534 sit.

513 2673 672 2728 Vens.
709 2675 885 2728 17-20.
928 2673 1037 2743 Ego
1076 2674 1144 2726 ad
1175 2673 1334 2726 Deum
1357 2673 1600 2737 clamavi,
1631 2681 1680 2724 et
1725 2672 1975 2724 Dominus

442 2764 658 2815 satvavit
693 2781 789 2828 me,
816 2772 868 2818 et
897 2772 1107 2817 caetera.
1141 2763 1384 2824 Etiamsi,
1426 2762 1619 2828 inquit,
1647 2762 1836 2828 spiritu
1862 2775 1979 2828 pro-

443 2853 653 2919 phetico
705 2854 1027 2914 illustrante,
1079 2852 1312 2904 futuram
1355 2851 1407 2902 in
1450 2857 1742 2902 memorata
1765 2849 1977 2902 civitate

442 2941 774 3009 iniquitatem
811 2941 1161 3011 prospiciens,
1209 2941 1496 2993 admodum
1530 2941 1885 2992 contristatus
1921 2938 1974 2991 in

2084 1866 2206 1934 ᾅδου
2237 1881 2294 1915 τε
2325 1864 2530 1926 ζῶντας
2563 1860 2988 1932 καταϐήσεσθαι
3026 1862 3438 1931 προαγορεύει.
3480 1865 3618 1916 Ἀντὶ
3641 1866 3686 1916 δὲ

2081 1953 2174 2004 τοῦ
2195 1954 2522 2019 ,Πονηριαι
2553 1953 2624 2003 ἐν
2646 1951 2780 2014 ταῖς
2812 1951 3186 2017 παροικίαις
3218 1948 3430 2003 αὐτῶν
3461 1950 3532 2002 ἐν
3549 1951 3694 2018 μέσῳ

2082 2039 2304 2094 αὐτῶν·
2338 2040 2446 2091 τῶν
2497 2039 2604 2108 γὰρ
2655 2037 2801 2090 κατὰ
2843 2036 2947 2088 τοῦ
2991 2036 3263 2106 Σωτῆρος
3301 2037 3619 2106 γενομένων
3648 2040 3694 2090 αἱ

2085 2127 2367 2187 συστάσεις
2400 2126 2493 2178 καὶ
2517 2128 2573 2176 αἱ
2607 2127 2751 2176 κατὰ
2801 2123 2868 2176 τὸ
2902 2124 3055 2175 αὐτὸ
3085 2123 3303 2175 σύνοδοι
3343 2127 3590 2195 πονηραὶ
3615 2141 3700 2192 γε·

2083 2216 2268 2282 γόνασι
2288 2253 2302 2275 ,
2331 2215 2410 2266 διὸ
2437 2216 2532 2266 καὶ
2559 2215 2588 2265 ὁ
2629 2213 2872 2274 Ἀκύλας
2904 2213 3092 2282 φησιν
3116 2231 3130 2242 ο
3168 2214 3291 2266 ’Ὁτι
3333 2216 3622 2281 uos-runtur
3644 2214 3704 2268 ἐν

2082 2301 2393 2369 συστροφῇ
2449 2301 2666 2355 αὐτῶν.
2745 2302 2910 2353 Ἐπεὶ⁹
2985 2303 3186 2356 τοίνυν
3249 2304 3366 2356 οὐκ
3411 2305 3515 2355 ἐπὶ
3573 2302 3707 2372 κο.λῷ

2083 2392 2422 2459 συνήρχοντο,
2483 2391 2792 2459 συστροφάς
2843 2407 2911 2442 τε
2967 2393 3076 2443 καὶ
3120 2393 3436 2456 συστάσεις
3486 2393 3711 2462 πονηρὰς

2081 2479 2386 2542 ἐποιοῦντο,
2443 2479 2668 2542 εἰκότως
2724 2480 3039 2535 ἐθέσπισεν
3087 2483 3286 2537 ὁποῖον
3356 2484 3567 2547 αὐτοὺς
3610 2483 3714 2535 διαί

2081 2566 2303 2636 λήψεται
2335 2568 2504 2638 τέλος.

2161 2677 2305 2744 Ἐγὼ
2333 2677 2480 2743 πρὸς
2503 2680 2651 2730 Θεὸν
2678 2675 3021 2747 ἐκέκραξα,
3059 2685 3173 2736 καὶ
3207 2687 3237 2738 ὁ
3273 2689 3520 2753 Κυρίος
3541 2686 3722 2740 ἐσωσὲ

2075 2782 2149 2833 με
2169 2805 2184 2829 ,
2214 2767 2305 2817 καὶ
2338 2766 2405 2817 τὰ
2433 2767 2579 2834 ἑξῆς.
2617 2768 2679 2818 El
2709 2770 2806 2820 καὶ
2835 2770 2911 2821 τὰ
2949 2772 3236 2839 μάλιστα,
3277 2777 3458 2846 φησὶ,
3483 2778 3564 2848 τῷ
3587 2776 3728 2829 πνεύ-

2084 2873 2209 2925 ματι
2253 2856 2329 2924 τῷ
2361 2858 2681 2926 προφητικῷ
2707 2860 2811 2929 τὴν
2849 2861 3192 2928 μέλλουσαν
3227 2867 3588 2938 γενήσεσθαι
3618 2869 3726 2920 ἀνο-

2083 2943 2207 3012 μίαν
2239 2945 2294 2995 ὲν
2315 2947 2379 3013 τῇ
2405 2944 2764 3014 προλεχθείσῃ
2797 2947 2968 3000 πόλει
3002 2951 3420 3023 θεασάμενος,
3455 2956 3726 3025 ὲλυπήθηι

441 3033 824 3087 exercitatione
850 3048 986 3095 mea,
1014 3042 1067 3086 et
1097 3033 1449 3086 conturbatus
1484 3032 1620 3095 sim;
1647 3038 1880 3084 attamen
1916 3030 1974 3082 [i-

2165 3036 2228 3103 τῇ
2275 3033 2554 3103 ἀδολεσχίᾳ
2603 3051 2702 3103 μου
2725 3075 2739 3098 ,
2779 3039 2879 3088 καὶ
2914 3040 3298 3112 ἐταράχθην’
3340 3046 3510 3116 ὅμως
3540 3045 3585 3096 δ’
3618 3033 3720 3107 οὖν,

443 3136 563 3173 nem
591 3122 897 3191 exitumque
936 3137 1114 3174 rerum
1155 3121 1519 3188 conspicatus,
1560 3120 1694 3173 bene
1726 3121 1848 3172 novi
1889 3134 1973 3174 me

2172 3120 2295 3188 τέλη
2329 3121 2551 3173 συνιδὼν
2579 3121 2686 3172 τῶν
2719 3108 3099 3192 πραγμάτων
3119 3108 3232 3191 εὗ
3273 3108 3411 3195 αἱδί,
3455 3132 3542 3182 ὅτι
3564 3169 3580 3192 ,
3612 3130 3724 3198 βοη-

333 3252 336 3254 -
442 3213 758 3267 clamantem
790 3213 854 3265 ad
886 3211 1069 3273 Deum,
1103 3225 1208 3263 non
1235 3211 1545 3264 derelictum
1573 3210 1670 3272 iri;
1707 3210 1799 3263 sed
1827 3224 1975 3262 com-

445 3302 624 3355 nnmis
668 3299 959 3354 Salvatoris
988 3301 1160 3369 gratia
1191 3301 1256 3352 ad
1284 3317 1366 3354 me
1400 3315 1571 3368 usque
1612 3299 1972 3367 perveniente,

443 3391 665 3442 salutem
706 3405 980 3457 assequar.
1017 3389 1137 3442 Haec
1180 3400 1356 3443 autem
1385 3389 1649 3457 Propheta
1681 3388 1974 3442 secundum

442 3475 581 3528 LXX
606 3477 753 3541 dicit,
784 3477 926 3543 quod
956 3476 1189 3530 futurum
1214 3485 1330 3530 erat
1357 3478 1507 3545 quasi
1536 3476 1860 3545 praeteritum
1885 3491 1977 3529 ex-

443 3565 686 3631 plicans;
713 3578 877 3630 quare
905 3564 1107 3615 dictum
1150 3573 1232 3617 est
1257 3582 1269 3614 :
1293 3565 1400 3633 Ego
1442 3565 1508 3617 ad
1543 3566 1702 3618 Deum
1731 3565 1973 3628 clamavi,

442 3659 490 3699 et
519 3649 768 3699 Dominus
799 3648 1015 3699 salvavit
1049 3664 1127 3699 me
1160 3665 1177 3699 :
1204 3657 1256 3700 at
1297 3652 1591 3703 secundum
1624 3655 1856 3720 reliquos
1891 3652 1977 3704 in-

445 3745 725 3805 terpretes,
758 3738 869 3789 haec
903 3738 1079 3789 futura
1109 3739 1448 3792 vaticinatur.
1479 3740 1667 3807 Aquila
1697 3750 1841 3794 certe
1863 3742 1971 3793 ait:

446 3826 554 3894 Ego
577 3827 643 3878 ad
671 3828 829 3879 Deum
852 3829 1058 3890 vocabo,
1081 3837 1128 3878 et
1153 3826 1401 3880 Dominus
1424 3828 1644 3880 salvabit
1670 3845 1778 3890 me;
1802 3830 1977 3882 Theo-

443 3919 593 3971 dolio
636 3926 814 3972 autem
851 3916 993 3986 :Ego
1031 3917 1096 3968 ad
1130 3917 1293 3969 Deum
1327 3917 1582 3978 clamabo,
1632 3928 1678 3969 et
1721 3918 1974 3970 Dominus

442 4006 660 4060 salvabit
721 4023 817 4059 me.
863 4005 997 4058 Cum
1044 4006 1184 4058 enim
1232 4005 1357 4057 talia
1409 4015 1595 4056 contra
1644 4005 1974 4072 Salvatorem

2078 3227 2174 3270 σας
2206 3209 2339 3278 πρὸς
2365 3208 2453 3261 τὸν
2479 3209 2612 3260 Θεὸν
2634 3247 2647 3271 ,
2697 3211 2760 3262 ού
2796 3215 3375 3291 καταλειφθήσομαι
3398 3260 3417 3284 ,
3476 3222 3723 3290 τεύξομαι

2073 3299 2128 3351 δὲ
2163 3298 2462 3367 σωτηρίας,
2506 3298 2607 3366 τῆς
2653 3299 2752 3351 τοῦ
2785 3305 2984 3356 κοινοῦ
3031 3308 3318 3379 Σωτῆρος
3354 3314 3595 3382 χάριτος
3644 3312 3726 3363 καὶ

2078 3389 2262 3457 μέχρις
2290 3387 2424 3456 ἐμοῦ
2458 3387 2882 3460 διαδησομὲνης.
2924 3396 3114 3463 Λέγει
3143 3399 3206 3451 δὲ
3236 3401 3442 3454 ταῦτα
3478 3404 3508 3454 ὁ
3541 3401 3727 3471 «pcipi?

2073 3493 2170 3544 της
2189 3514 2202 3530 .
2231 3475 2370 3528 κατὰ
2395 3478 2488 3545 μὲν
2519 3477 2645 3539 τοὺς
2678 3479 3120 3552 Ἐϐδομηκοντα
3137 3527 3152 3550 ,
3177 3490 3248 3541 τὸ
3287 3492 3506 3560 μέλλον
3526 3490 3727 3544 ἔσεσθαι

2074 3564 2149 3625 ὡς
2181 3564 2503 3633 παρῳχηκδς
2527 3566 2854 3635 ἑρμηνεύων
2875 3585 2890 3599 '
2929 3571 3021 3625 διὸ
3053 3574 3366 3630 λέλεκταιο
3421 3579 3572 3647 Ἐγὼ
3596 3576 3729 3644 πρὸς

2074 3652 2177 3703 τὸν
2202 3653 2349 3704 Θεὸν
2372 3652 2685 3719 ἐκέκραξα,
2717 3657 2819 3707 καὶ
2848 3661 2884 3710 ό
2921 3663 3164 3730 Κύριος
3192 3667 3427 3722 ἔσωσέ
3452 3687 3534 3738 με
3554 3687 3568 3699 ·
3605 3667 3728 3721 κατὰ

2072 3739 2129 3791 δὲ
2153 3739 2512 3829 τοὺςλοιποὺς
2537 3743 2892 3811 ὲρμηνευτὰς
2918 3789 2935 3810 ,
2975 3752 3372 3824 μελλητικῶς
3402 3758 3729 3829 προφητεύει

2073 3830 2164 3877 καὶ⁵
2195 3827 2384 3880 ταῦτα.
2441 3829 2496 3880 '0
2529 3829 2661 3895 γοῦν
2707 3833 2958 3898 Ἀκύλας
2991 3843 3177 3910 φησίν
3199 3861 3217 3875 ο
3263 3846 3436 3914 Ἐγὼ
3454 3827 3614 3915 σιρὸς
3639 3846 3728 3898 τὸν

2075 3917 2220 3968 Θεὸν
2239 3918 2493 3982 καλέσω,
2508 3921 2605 3972 καὶ
2623 3923 2846 3988 Κύριος
2867 3927 3080 3984 σώσει
3097 3951 3208 4000 με’
3231 3938 3346 3989 καὶ
3363 3941 3396 3991 ὁ
3411 3938 3701 3991 Θεοδοτξων
3716 3949 3727 3964 ⁶

2085 4007 2228 4074 Ἐγὼ
2245 4007 2394 4073 πρὸς
2412 4009 2518 4062 τὸν
2535 4013 2678 4064 Θεὸν
2699 4015 3094 4086 κεκράξομαι
3113 4062 3129 4086 ,
3156 4027 3275 4079 καὶ
3301 4031 3547 4096 Κύριος
3564 4027 3728 4083 σώσει

442 4095 795 4162 perpetranda
819 4096 947 4157 sint,
971 4111 1068 4164 ego
1093 4095 1182 4163 qui
1208 4098 1354 4162 prius
1371 4094 1628 4155 dixeram,
1688 4091 1788 4146 Cor
1812 4110 1974 4146 meum

2197 4096 2336 4191 ⁸Τῶν
2348 4188 2368 4191 ﬂ
2381 4099 2490 4169 γὰρ
2527 4103 2672 4191 κατᾲ
2722 4103 2818 4154 τοῦ
2868 4107 3162 4182 Σωτῆρος
3217 4091 3732 4191 τολμηθησομένων

441 4183 803 4234 conturbatum
831 4192 906 4235 est
935 4185 987 4235 in
1014 4199 1110 4244 me,
1138 4194 1182 4236 et
1212 4181 1435 4250 formido
1462 4181 1642 4232 mortis
1675 4181 1855 4232 cecidit
1884 4197 1974 4232 su-

437 4286 527 4336 per
559 4287 676 4324 me:
705 4274 858 4324 timor
889 4282 936 4325 et
969 4282 1158 4324 tremor
1184 4281 1425 4324 venerunt
1463 4287 1615 4338 super
1651 4287 1749 4333 me,
1781 4282 1827 4323 et
1855 4288 1974 4324 8οη·

2072 4185 2321 4278 τοιούτων
2345 4188 2510 4278 ὄντων
2529 4230 2543 4251 ,
2571 4189 2682 4257 ἐγὼ
2708 4193 2736 4243 ὁ
2765 4193 3060 4266 πρότερον
3085 4185 3367 4274 εἰρηκὼς
3390 4185 3420 4270 ,⁷
3443 4185 3519 4264 ’ἀ
3535 4185 3731 4278 καρδία

2067 4291 2184 4341 μου
2208 4275 2500 4342 ἐταράχθη
2528 4279 2600 4330 ἐν
2628 4279 2780 4346 ἐμοὶ,
2811 4283 2920 4334 καὶ
2947 4286 3177 4344 δειλία
3212 4297 3510 4352 θανάτου
3535 4275 3729 4352 ἐπέπατο

441 4369 674 4412 lexerunt
706 4377 783 4414 me
815 4363 1059 4424 tenebrrc;
1094 4362 1204 4415 haec
1237 4375 1429 4428 passus
1457 4363 1526 4412 ob
1551 4361 1967 4429 speculationem

2161 4379 2185 4459 γ’
2495 4369 2682 4459 φόϐος
2703 4369 2803 4421 καὶ
2832 4375 3080 4443 τρόμος
3100 4378 3327 4451 ἦλθεν
3352 4389 3458 4442 ἐπ’
3477 4389 3587 4459 ἐμὲ
3606 4431 3620 4455 ν
3644 4386 3726 4442 καὶ

440 4451 793 4502 revelatarnm
837 4466 1039 4513 rerum,
1092 4451 1157 4504 ad
1209 4451 1370 4504 Deum
1423 4449 1670 4504 clamavi.
1715 4449 1805 4503 llle
1850 4465 1972 4504 vero

2161 4450 2336 4551 ἰλυῗέ
2350 4469 2427 4518 με
2449 4458 2705 4523 σκότος,
2729 4459 2912 4514 ταῦτα
2941 4445 3160 4524 παθὼν
3191 4476 3294 4531 διὰ
3327 4481 3440 4551 τὴν
3470 4445 3582 4535 siin!
3609 4445 3728 4534 'ém'

441 4550 547 4586 non
593 4536 912 4604 despiciens,
946 4538 1195 4606 dignatus
1227 4544 1310 4590 est
1355 4537 1465 4589 haec
1501 4537 1629 4589 mihi
1679 4539 1971 4604 conspicua

439 4639 658 4691 ponere,
700 4633 757 4677 ut
787 4627 1024 4678 tristiora
1058 4629 1204 4695 prius
1233 4627 1619 4692 declaraverat,
1659 4627 1737 4680 sic
1769 4628 1971 4680 laetiora

434 4713 544 4780 jam
576 4714 800 4776 obtulit;
843 4729 1030 4781 nempe
1078 4713 1377 4766 Salvatoris
1409 4715 1883 4777 resurrectionem,
1917 4725 1971 4769 et

439 4803 554 4869 ejus
591 4803 728 4870 apud
761 4801 972 4855 Patrem
1011 4803 1253 4870 gloriam.
1287 4803 1464 4870 Atque
1500 4803 1611 4854 haec
1635 4803 1843 4868 videns,
1878 4819 1967 4858 sa-

441 4888 600 4940 lutem
629 4900 818 4942 nactus
857 4904 975 4941 sum
1002 4907 1014 4941 :
1042 4904 1208 4956 quare
1234 4890 1371 4949 dico,
1408 4888 1514 4956 Ego
1545 4890 1611 4940 ad
1657 4888 1821 4941 Deum
1853 4890 1964 4942 cla-

440 4978 592 5037 mari,
621 4987 666 5029 et
699 4977 944 5030 Dominus
967 4978 1183 5030 salvavit
1207 4994 1304 5030 me.
1330 4976 1573 5030 Salutem
1597 4992 1723 5030 vero
1751 4987 1963 5044 nactus,

437 5065 668 5118 nondum
719 5075 892 5120 tamen
949 5068 1187 5137 quiesco,
1244 5083 1414 5136 neque
1463 5077 1676 5120 cessare
1713 5082 1963 5135 possum;

436 5155 525 5206 sed
563 5155 790 5220 praedico
810 5157 1163 5224 omnibusque
1194 5157 1499 5209 hominibus
1523 5156 1801 5217 annuntio,
1835 5172 1962 5208 nar-

435 5256 560 5295 rans
601 5244 826 5311 singulis
875 5245 1062 5298 diebus
1097 5252 1150 5298 et
1179 5247 1346 5306 horis,
1387 5254 1547 5314 atque
1577 5245 1827 5302 omnibus
1880 5261 1963 5299 re-

437 5332 684 5384 nuntians
727 5332 990 5385 mirabilia
1026 5341 1079 5386 et
1113 5337 1395 5403 stupenda,
1427 5349 1544 5403 qua:
1589 5334 1642 5386 in
1692 5344 1879 5388 sancto
1909 5343 1962 5389 et

415 5417 743 5486 prophetico
774 5419 965 5486 spiritu
994 5425 1381 5491 contemplatus
1425 5439 1566 5478 sum.
1597 5421 1958 5488 Quamobrem

509 5563 523 5593 ¹
565 5561 714 5614 .loan.
751 5579 801 5625 ι,
838 5566 888 5629 5,
915 5567 965 5619 4.
1041 5570 1060 5598 ²
1097 5568 1250 5623 Num.
1283 5588 1439 5638 xxvr,
1473 5573 1550 5642 9.}

2072 4538 2448 4643 καλυεξθέντων
2469 4562 2576 4643 ,μοι
2609 4547 2736 4601 θέαν
2763 4589 2777 4612 ,
2808 4552 2957 4621 πρὸς
2993 4557 3102 4612 τὸν
3129 4564 3286 4620 Θεὸν
3330 4538 3635 4643 ἐκέκραξα.
3680 4569 3726 4621 Ὁ

2070 4629 2145 4690 δὲ’
2184 4629 2256 4730 PF
2281 4633 2530 4730 παριδῴν
2568 4657 2656 4708 με.
2691 4641 3012 4711 κατηξίωσε
3041 4660 3294 4727 φανερά
3335 4679 3436 4730 μοι
3467 4629 3723 4728 καταστῆο

2073 4735 2160 4816 σαι
2177 4757 2191 4782 ,
2215 4719 2403 4816 ὥσπερ
2422 4725 2496 4779 τὰ
2522 4730 2823 4802 σκυθρωπὰ
2850 4735 3152 4810 πρότερον
3182 4719 3424 4804 ἐδείκνυ
3446 4792 3462 4816 ,
3481 4753 3624 4806 οὕτω
3642 4719 3719 4805 κέλ

2069 4807 2137 4898 τα
2167 4810 2502 4884 φαιδρότερα
2526 4836 2540 4849 ο
2577 4821 2722 4891 λέγω
2748 4822 2806 4875 δὲ
2834 4823 2933 4875 καὶ
2974 4807 3087 4898 τὴν
3125 4807 3466 4896 ἀνάστασιν
3495 4844 3589 4896 τοῦ
3617 4843 3715 4894 Σω-

2070 4897 2230 4988 sipo;
2261 4901 2356 4988 καὶ
2393 4903 2496 4978 τὴν
2531 4913 2688 4986 παρὰ
2717 4912 2794 4982 τῷ
2826 4913 3012 4984 Πατρὶ
3040 4897 3250 4988 δόξαν.
3319 4933 3442 4984 Καὶ
3474 4932 3639 4986 ταῦτα
3667 4930 3714 4983 δὲ

2075 4981 2230 5080 ῑδὼνῌ,
2261 4987 2478 5064 ἐσώθην
2502 5015 2517 5028 “
2551 4981 2636 5058 διό
2666 4981 2803 5074 φημι
2822 5019 2835 5032 ·
2882 4981 3040 5072 Ἐγὼ
3073 4981 3249 5080 πρὸς

2071 5072 2282 5184 fenilia:
2300 5083 2418 5184 ica-1
2439 5072 2883 5164 Κύριος-ἔσωσέ
2903 5111 3002 5160 με.
3023 5072 3256 5167 Σωθεὶς
3288 5108 3351 5160 δὲ
3378 5072 3566 5166 οὐκέτι
3593 5072 3707 5182 np?

2073 5167 2156 5272 Et?
2181 5205 2196 5228 ’
2231 5167 2356 5272 οὺῖξὲ
2382 5177 2636 5272 Ϊισυκίαν
2657 5191 2807 5262 ἄγειν
2833 5187 3076 5268 δύναμαι
3094 5209 3110 5224 ⁸
3171 5195 3329 5251 ἀλλὰ
3348 5167 3704 5272 κηρύττωζὼ

2070 5342 2310 5459 ff“:th
2345 5359 2586 5459 ἡμέρας
2620 5342 2719 5434 via).
2745 5342 3368 5459 ’ξ’ξιξτῖγῗέλλιιίδ
3395 5342 3709 5448 risistis—ri;

2069 5448 2169 5498 τας
2199 5438 2350 5517 ἅπερ
2387 5455 2452 5512 ἐν
2491 5438 2647 5544 ἁγ-ἰῳ
2677 5438 2948 5552 πνεύματί
2971 5438 3453 5560 τᾷἷίροφητικῷ
3476 5438 3716 5546 τεθέαμαι
