3812 6340
64 412 132 464 κῆδε,
1315 391 1804 451 COMMENTARIA
1842 393 1905 447 IN
1933 396 2267 454 PSALMOS.

3272 423 3373 479 486

79 469 370 596 “mni
972 513 1073 566 Διό
1105 531 1270 584 φημι’
1331 517 1610 583 Ἐσπέρας
1645 517 1729 570 κα]

1842 515 1963 568 dico
1989 537 2000 570 :
2031 518 2244 587 Vespere
2270 529 2318 574 et
2347 537 2494 576 mane
2521 535 2568 578 et
2593 528 2818 594 meridie,
2850 535 3074 590 narrabo
3101 547 3151 590 et
3173 557 3374 596 annun-

119 566 374 670 ζμῑῖιρὶ
405 585 838 674 μεῌστυλδρίας
873 566 1258 671 διηγήέολίαι
1291 607 1384 660 καὶ
1417 566 1744 674 ἀπαγγελῶ.

127 669 370 761 ’ἶχιῶὸδ
398 669 589 768 τξλῦτα
621 674 888 749 βοῶντος
923 669 1015 755 είς
1040 669 1244 757 πάντας
1269 697 1410 761 ἐξότε
1439 699 1531 751 καὶ
1549 669 1748 768 μέχρις

153 779 364 845 me“;
385 803 400 825 .-
435 763 497 815 ἒν
545 769 710 843 αὺτῷ
753 795 824 830 τε
858 781 950 850 τῷ
991 785 1338 854 ἀκμαιοτάτῳ
1368 788 1502 854 φωτὶ
1530 763 1750 856 της-με-

162 856 445 930 σημϐρινῆς
503 857 738 930 ἡμέρας
773 866 850 918 τὰ
911 873 1163 941 σωτήρια
1210 873 1336 941 τέλη
1367 873 1744 943 κηρύττοντος,

175 950 573 1002 είσακούσεται
591 950 712 1018 τῆς
741 959 965 1025 φωνῆς
985 979 1104 1027 μου
1121 965 1149 1013 6
1173 962 1368 1031 ταύτης
1388 963 1485 1030 τῆς
1504 962 1748 1030 γνώσεως

169 1038 528 1102 καταξιώσας·
551 1039 652 1091 καὶ
673 1041 868 1094 οὐκέτι
899 1047 1001 1113 μὲν
1015 1042 1365 1116 ταράττεσθαι
1387 1052 1440 1102 ἐν
1463 1051 1581 1117 ἐμοὶ
1602 1049 1746 1101 ἐάσει

166 1123 265 1190 τὴν
294 1125 521 1195 καρδίαν
560 1144 666 1195 μου
688 1167 704 1190 ,
750 1131 881 1183 οὐδὲ
914 1133 1014 1202 τὴν
1042 1133 1232 1186 δειλίαν
1259 1135 1348 1188 τοῦ
1381 1135 1600 1187 Θανάτου
1629 1137 1747 1186 ἐπι-

157 1214 383 1268 κεῖσθαι
417 1234 530 1286 μοι.
560 1217 755 1271 Ταῦτα
773 1220 831 1272 δὲ
849 1223 1028 1274 πάντα
1048 1223 1373 1293 παραγαγὼν
1395 1265 1408 1286 ,
1429 1227 1519 1277 καὶ
1538 1226 1747 1278 διασκε-

155 1303 334 1367 δάσας
359 1307 460 1375 τῆς
498 1309 643 1377 ἐμῆς
683 1309 900 1379 ψυχῆς,
937 1313 1260 1382 λυτρὼσεται
1286 1315 1448 1383 αὐτὴν
1473 1316 1529 1364 ἐν
1560 1316 1744 1386 εἰρήνῃ

149 1395 268 1447 ἀπὸ
288 1397 404 1449 τῶν
423 1398 680 1469 θορυϐεῖν
700 1401 875 1470 αὐτὴν
893 1402 1193 1454 ἐθελόντων.
1218 1404 1306 1454 Διό
1338 1420 1492 1472 φημι’
1522 1405 1744 1470 Λυτρώ-

145 1499 333 1540 σεται
363 1487 482 1553 τὴν
503 1489 725 1554 ψυχήν
747 1507 869 1556 μου
895 1490 963 1541 ἐν
991 1493 1190 1558 εἰρήνῃ
1218 1491 1332 1544 ἀπὸ
1361 1492 1474 1543 τῶν
1499 1493 1744 1560 emam-

147 1589 278 1625 των
308 1594 418 1643 μοι
440 1593 455 1606 ·
491 1577 584 1628 ὅτι
611 1579 684 1628 ἐν
732 1578 987 1642 πολλοῖς
1014 1576 1172 1646 ἦσαν
1213 1579 1330 1631 σὺν
1358 1579 1514 1646 ἐμοί’
1545 1579 1656 1630 ἀνθ’
1685 1576 1744 1633 οὗ

140 1662 434 1726 ἐξέδωκεν
447 1668 476 1717 6
492 1665 568 1716 Σύ
578 1683 798 1734 μμαχος
815 1683 828 1696 ·
850 1668 1180 1718 Πο.2λοστοὶ
1196 1666 1300 1735 γὰρ
1314 1667 1582 1735 ἐγένοντο
1601 1668 1744 1733 πρὸς

125 1752 282 1818 ἐμέ.
359 1758 425 1807 οι
452 1757 569 1822 γὰρ
619 1757 894 1822 θορυϐεῖν
927 1756 1229 1819 ἐθέλοντές
1251 1774 1365 1822 μου
1392 1756 1505 1822 τὴν
1540 1757 1744 1824 ψυχήν

131 1857 273 1904 μου
306 1843 576 1910 βραχεῖς
621 1859 785 1907 τινες
815 1839 976 1911 ἦσαν
994 1883 1008 1906 ,
1041 1844 1144 1907 οὒς
1175 1847 1207 1896 ό
1227 1845 1376 1909 ’Θεὸς
1404 1850 1435 1898 ὀ
1465 1846 1575 1912 πρὸ
1627 1846 1740 1898 τῶν

138 1929 407 1983 αἰώνων
435 1931 735 2000 ὑπάρχων
763 1931 1106 1984 ταπεινώσει
1129 1972 1142 1996 ,
1176 1933 1283 2000 τῆς
1311 1933 1456 2001 ἐμῆς
1483 1933 1735 2003 κραυγῆς

137 2017 551 2084 ἐπακούσας.

224 2108 436 2161 Ταῦτα
469 2110 574 2178 μὲν
599 2105 693 2162 οὗν
727 2109 802 2171 ὡς
835 2108 926 2162 τοῢ
958 2111 1233 2180 Προφήτου
1265 2109 1322 2174 ἐξ
1352 2111 1544 2163 οἰκείου
1577 2129 1740 2182 προσ-

143 2195 328 2250 ώπου
361 2200 458 2262 τὰς
494 2199 867 2270 προκειμένας
901 2199 1080 2266 φωνὰς
1106 2198 1578 2268 προενηνεγμένου.
1605 2202 1665 2252 Εἰ
1687 2202 1741 2252 δὲ

147 2284 217 2348 ἐξ
256 2289 435 2339 αὐτοῦ
460 2289 561 2340 τοῦ
591 2289 846 2357 Σωτῆρος
867 2287 1035 2340 ταῦτα
1066 2288 1268 2354 λέγοιτο
1299 2288 1382 2340 διὰ
1412 2289 1503 2340 τοῦ
1535 2307 1740 2358 προφη-

147 2373 338 2425 τικυῦ
365 2375 696 2443 πνεύματος,
729 2373 1023 2442 ἐπειδήπερ
1053 2373 1110 2436 ἐξ
1140 2373 1301 2425 αὐτοῦ
1331 2374 1538 2440 ἐλέγετο
1566 2376 1644 2435 τὸ,
1676 2379 1743 2428 El

127 2461 389 2528 ἐχθρὸς
433 2462 717 2516 ὀνείδισέ
742 2480 819 2530 με
842 2501 857 2524 ,
891 2461 1194 2529 ὑπήνεγκα
1225 2463 1299 2514 ἂν
1321 2503 1334 2524 ,
1382 2464 1472 2515 καὶ
1503 2464 1568 2516 τὰ
1599 2463 1738 2532 ἑξῆς,

134 2550 485 2613 ἀκολούθως
519 2554 619 2604 καὶ
658 2550 831 2603 ταῦτα
873 2551 1090 2619 φήσειεν
1135 2549 1198 2602 ἂν
1239 2549 1266 2598 6
1296 2551 1507 2618 Σωτήρ·
1569 2551 1739 2600 Ὄτιὸ

139 2639 251 2704 μὲν
281 2643 394 2693 οὐκ
423 2641 626 2711 ἐχθρὸς
645 2679 660 2701 ,
695 2639 831 2692 ἀλλὰ
861 2639 1009 2705 φίλος
1029 2653 1043 2668 ⁸
1076 2639 1166 2690 καὶ¹
1191 2638 1284 2706 ούχ
1313 2639 1341 2688 6
1376 2637 1542 2705 μισῶν
1565 2675 1580 2698 ,
1627 2637 1738 2688 ἀλλ’

131 2727 164 2775 6
202 2730 414 2800 μικρῷ
451 2729 695 2799 πρόσθεν
735 2727 989 2794 ἀγαπῶν,
1017 2725 1238 2778 τοιαῦτα
1261 2726 1374 2777 κατ’
1404 2724 1532 2793 ἐμοῦ
1564 2725 1739 2776 τετόλ-

139 2831 365 2884 μηκεν.
440 2817 593 2887 Ἐγὼ
636 2818 692 2868 δὲ
728 2817 886 2868 πλέον
929 2815 1077 2866 οὐδὲν
1109 2815 1364 2884 ἔπραττον
1387 2857 1400 2879 ,
1435 2815 1546 2866 ἀλλ’
1576 2815 1738 2866 ἐϐόων

134 2904 291 2971 πρὸς
337 2909 434 2959 τὸν
463 2907 604 2958 Θεόν
625 2923 638 2934 ·
669 2901 813 2972 εἶχόν
845 2921 902 2955 τε
933 2905 1090 2955 αὑτὸν
1117 2901 1201 2954 οἷα
1243 2904 1455 2972 Πατέρα
1483 2904 1731 2971 ἐπήκοον.

149 2990 337 3047 Ἀλλὰ
366 2996 469 3047 καὶ
499 2996 550 3045 οἱ
581 2993 682 3062 μὲν
707 2991 1055 3043 ἐπεϐούλευον
1077 2990 1217 3058 ἐμοὶ,
1235 2995 1262 3042 6
1285 2989 1340 3040 δὲ
1363 2989 1524 3051 έσωζέ
1553 3005 1636 3057 με·
1660 2989 1738 3040 διὸ

133 3079 200 3129 ού
235 3085 551 3150 παύσομαι
586 3079 828 3148 ἑσπέρας
855 3078 948 3129 κα)⁸
978 3078 1118 3145 πρωὶ
1156 3077 1246 3128 καὶ
1279 3077 1612 3144 μεσημϐρίας
1642 3075 1737 3136 τὰς

135 3166 236 3218 τοῦ
263 3171 505 3241 Πατρὸς
528 3169 736 3238 ἀρετὰς
763 3167 1110 3234 διηγούμενος
1137 3167 1212 3226 εἰς
1245 3165 1468 3226 πάντας,
1501 3166 1735 3215 εἰσακου-

138 3256 272 3306 στόν
339 3277 402 3311 τε
463 3261 639 3310 πᾶσιν
687 3254 989 3323 ἀνθρώποις
1035 3253 1310 3323 κηρύττων
1367 3253 1425 3304 τὸ
1480 3255 1733 3322 σωτήριον

135 3341 502 3416 Εὐαγγέλιον
523 3365 536 3376 ·
576 3348 671 3397 καὶ
703 3345 903 3412 ταύτης
939 3359 1037 3411 μου
1069 3344 1161 3411 τῆς
1187 3344 1362 3411 φωνῆς
1384 3342 1682 3402 ἐπακούσας
1706 3344 1734 3393 6

133 3428 354 3506 Πατὴρ
375 3478 389 3500 ,
422 3434 802 3500 λυτρώσεται
824 3432 892 3482 ἐν
908 3429 1111 3496 εἰρήνῃ
1134 3429 1243 3495 τὴν
1263 3428 1466 3495 ψυχήν
1481 3446 1595 3494 μου
1619 3427 1732 3479 ἀπὸ

127 3517 260 3568 τῶν
288 3525 667 3594 ἐγγιζόντων
688 3538 810 3589 μοι,
847 3518 1118 3570 τουτέστιν
1139 3517 1244 3568 ἀπὸ
1265 3517 1367 3567 τῶν
1391 3515 1612 3583 ἐγγύθεν
1641 3515 1733 3567 καὶ

125 3610 189 3659 οὐ
206 3613 296 3663 πό
304 3614 531 3684 ῥρωθέν
559 3629 628 3680 με
668 3608 1039 3677 πολεμούντων
1055 3622 1069 3635 ⁸
1087 3601 1414 3673 οἵτινεςῆσαν
1431 3604 1701 3655 πολλοστοί
1714 3619 1728 3634 ·

124 3699 226 3761 οὓς
449 3700 786 3757 ταπεινώσει
815 3702 843 3750 6
875 3697 1234 3769 προῦπάρχων
1264 3696 1366 3765 πρὸ
1392 3695 1495 3748 τῶν
1527 3696 1732 3749 αἰώνων

125 3786 312 3853 Θεὸς,
347 3795 488 3847 οὐδὲ
515 3792 631 3860 γὰρ
660 3793 693 3859 ἡ
718 3790 852 3858 πρὸς
874 3789 1048 3854 ὀλίγον
1068 3787 1244 3846 αὐτοῖς
1272 3786 1525 3854 γενομένη
1550 3787 1731 3838 εύκαι-

130 3881 227 3947 ρῑα
255 3925 278 3947 ,
347 3888 474 3940 καθ’
505 3887 576 3955 ἣν
633 3881 1081 3951 ἐμεγαλαύχησαν
1104 3917 1118 3940 ,
1171 3879 1259 3929 καὶ
1291 3877 1603 3947 ἐπλήρωσαν
1635 3877 1730 3947 τὴν

130 3970 378 4032 ἑαυτῶν
435 3977 596 4029 πόλιν
635 3973 862 4042 ἀνομίας
912 3972 1003 4022 καὶ¹
1051 3969 1382 4034 ἀντιλογίας,
1433 3970 1732 4062 παραμενιξ

132 4061 355 4129 αὺτοῖς
372 4085 387 4098 ο
430 4068 558 4118 ὅσον
589 4063 648 4116 δὲ
672 4061 824 4114 οὔπω
851 4057 1365 4125 ταπεινωθήσονται,
1400 4056 1494 4124 τῆς
1518 4059 1579 4107 ὲκ
1599 4055 1728 4104 Θεοῦ

138 4151 343 4223 ὀργῆς
377 4152 845 4224 μετελευσομένης
880 4149 1074 4208 αὐτοὺς
1099 4146 1190 4196 καὶ
1218 4145 1315 4213 τὴν
1340 4144 1486 4195 πόλιν
1524 4144 1726 4205 αὐτῶν,

142 4239 221 4300 ὥς
263 4248 370 4296 καὶ
396 4246 486 4296 τὸν
513 4246 570 4294 ὲν
603 4241 741 4308 αὐτῇ
786 4237 1062 4304 διαϐόητον
1090 4234 1218 4285 νεὼν
1263 4232 1610 4299 ἀφανισθῆναι
1640 4232 1729 4282 καὶ

153 4333 354 4385 πᾶσαν
389 4335 485 4401 τὴν
523 4335 582 4384 ἐν
621 4327 771 4395 αύτῷ
801 4324 1213 4392 ἐπιτελουμένην
1241 4321 1485 4391 λατρείαν
1513 4320 1731 4372 καταλυ-

1846 602 2005 656 tiabo.
2053 603 2132 660 Me
2180 617 2355 661 autem
2403 612 2526 663 talia
2575 617 2824 671 omnibus
2863 620 3125 677 clamante
3165 641 3228 680 ex
3275 631 3374 683 hac

1846 685 1973 739 hora
2006 705 2174 758 usque
2213 693 2278 744 ad
2311 711 2607 763 vesperam,
2648 709 2807 770 atque
2840 703 2893 756 in
2941 709 3371 774 splendidissima

1845 772 1966 828 luce
2015 785 2068 830 et
2122 779 2173 830 in
2223 782 2443 836 meridie
2480 786 2767 841 salutarem
2817 789 2972 844 linem
3026 799 3366 865 praedicante,

1843 864 2080 918 exaudiet
2117 883 2286 920 vocem
2316 885 2501 935 meam,
2545 877 2635 942 qui
2667 878 2758 929 tali
2789 895 2870 933 me
2898 883 3087 936 notitia
3117 864 3368 955 dignatus

1843 958 1924 1004 est
1951 971 1962 981 ·
1989 969 2158 1022 neque
2209 957 2346 1010 sinet
2380 961 2514 1013 ultra
2545 964 2746 1017 turbari
2795 968 2848 1020 in
2899 985 2982 1023 me
3031 987 3127 1024 cor
3169 992 3365 1040 meum,

1844 1053 2016 1107 neque
2066 1042 2403 1098 formidinem
2444 1051 2630 1105 mortis
2670 1053 2869 1110 instare
2899 1061 3047 1117 mihi.
3089 1062 3183 1118 His
3207 1080 3372 1132 porro

1843 1129 2091 1183 omnibus
2117 1131 2362 1187 abductis
2378 1136 2722 1205 etdissipatis
2757 1158 2822 1196 ex
2858 1147 3032 1200 anima
3059 1129 3370 1214 mem—redi-

1842 1222 1948 1264 met
1977 1230 2094 1268 eam
2133 1218 2186 1269 in
2231 1234 2358 1286 pace
2417 1223 2487 1274 ab
2523 1225 2589 1278 iis
2631 1229 2721 1295 qui
2763 1245 2878 1283 eam
2923 1239 3239 1294 conturbare
3280 1257 3370 1295 vo-

1845 1301 2053 1358 luerint.
2087 1305 2264 1368 Quare
2285 1311 2405 1363 dico
2432 1331 2443 1364 :
2472 1311 2694 1369 Redimet
2730 1321 2780 1370 in
2800 1335 2924 1386 pace
2951 1327 3178 1379 animam
3202 1347 3366 1383 meam

1843 1387 1905 1438 ab
1935 1389 2020 1451 iis,
2059 1393 2146 1457 qui
2189 1398 2601 1465 appropinquant
2625 1403 2783 1467 mihi;
2811 1413 3052 1473 quoniam
3083 1413 3213 1466 inter
3231 1418 3366 1468 mul-

1843 1484 1918 1527 tos
1949 1488 2096 1536 erant
2119 1483 2442 1537 mecum.Pro
2467 1503 2572 1554 quo
2603 1488 2953 1558 Symmachus
2981 1500 3146 1552 edidit
3170 1517 3183 1551 :
3208 1503 3365 1558 Multi

1841 1563 1974 1614 enim
2022 1569 2326 1623 accedebant
2359 1572 2426 1624 ad
2462 1591 2560 1629 me.
2591 1575 2730 1630 Nam
2770 1583 2857 1648 qui
2887 1585 3094 1639 turbare
3133 1590 3364 1644 volebant

1842 1654 2068 1705 animam
2118 1673 2304 1718 meam,
2347 1663 2545 1714 minimi
2575 1667 2784 1732 quidam
2831 1683 2998 1736 erant,
3039 1692 3163 1744 quos
3201 1677 3361 1743 Deus,

1841 1743 1927 1808 qui
1977 1755 2095 1797 ante
2133 1750 2324 1802 alecula
2370 1761 2466 1815 est,
2514 1753 2824 1822 humiliabit,
2869 1763 3146 1817 clamorem
3197 1783 3364 1821 meum

1839 1829 2137 1884 exaudiens.

1908 2105 2030 2160 Haec
2061 2108 2242 2177 itaque
2278 2115 2432 2181 quasi
2464 2130 2494 2168 a
2527 2115 2789 2182 Propheta
2826 2123 2965 2178 dicta
3007 2126 3224 2194 fuerint,
3263 2149 3361 2188 ceu

1839 2206 1902 2245 ex
1955 2196 2166 2261 propria
2211 2213 2436 2263 persona
2483 2194 2642 2257 voces
2691 2210 2987 2275 propositas
3038 2215 3358 2280 proferente.

1841 2278 1992 2343 Quod
2029 2284 2073 2334 si
2105 2284 2171 2336 ab
2203 2285 2319 2352 ipso
2362 2285 2638 2345 Salvatore
2666 2308 2761 2359 per
2791 2278 3156 2363 propheticum
3201 2305 3362 2370 spiri-

1843 2380 1951 2421 tum
1985 2371 2094 2423 htec
2117 2373 2259 2425 dicta
2291 2376 2518 2438 fuerint;
2553 2380 2811 2446 siquidem
2845 2399 2909 2436 ex
2939 2384 3108 2452 ipsius
3135 2404 3360 2455 persona

1841 2457 2115 2510 dicebatur
2146 2461 2294 2522 illud,
2321 2462 2379 2515 Si
2413 2465 2650 2519 inimicus
2689 2471 3038 2526 maledixisset
3067 2479 3212 2543 mihi,
3245 2496 3362 2532 sus-

1841 2543 2105 2598 tinuissent
2157 2551 2348 2617 utique,
2410 2561 2463 2606 et
2511 2563 2730 2623 (-telera;
2797 2575 3186 2630 consequenter
3232 2583 3362 2623 sane

1841 2631 1951 2686 hau:
1986 2633 2229 2690 Salvator
2261 2640 2455 2695 dixerit
2487 2643 2786 2708 :Quoniam
2819 2665 2925 2702 non
2955 2653 3227 2720 inimicus,
3264 2656 3361 2711 sed

1839 2722 2073 2788 amicus;
2107 2741 2212 2778 non
2244 2729 2333 2795 qui
2366 2730 2488 2783 odio
2529 2733 2766 2786 haberet.
2802 2739 2892 2790 sed
2925 2739 3014 2798 qui
3045 2741 3202 2806 paulo
3238 2751 3364 2798 ante

1839 2809 2100 2879 diligeret,
2135 2817 2259 2868 talia
2285 2830 2469 2870 contra
2507 2836 2589 2874 me
2613 2838 2778 2877 ausus
2808 2834 2908 2878 est.
2941 2825 3046 2895 Ego
3075 2837 3251 2883 autem
3277 2834 3363 2885 ni—

1836 2896 1911 2948 hil
1949 2901 2068 2965 plus
2111 2904 2348 2970 agebam,
2379 2921 2535 2971 quam
2563 2910 2702 2975 quod
2747 2912 3036 2964 clamabam
3068 2915 3132 2966 ad
3167 2915 3363 2983 Deum;

1836 2997 2064 3052 emtique
2104 2997 2285 3055 utpote
2319 2989 2548 3054 Patrem,
2592 2996 2876 3062 propitiqu
2929 2998 3207 3051 habebam.
3259 3001 3363 3056 Sed

1838 3072 1911 3124 illi
1957 3076 2168 3141 quidem
2218 3077 2608 3133 insidiabantur
2656 3083 2814 3148 mihi;
2863 3086 2949 3138 hic
2975 3101 3102 3140 vero
3153 3090 3360 3144 salvum

1839 3159 2064 3214 faciebat
2098 3179 2181 3216 me
2215 3183 2226 3217 :
2254 3181 2418 3232 quare
2449 3183 2688 3234 vespere,
2721 3185 2876 3223 mane
2905 3181 2958 3224 et
3002 3174 3220 3227 meridie
3253 3191 3361 3230 non

1839 3249 1994 3301 linem
2042 3250 2232 3304 faciam
2282 3252 2455 3305 Patris
2496 3256 2720 3306 virtutes
2767 3258 3049 3310 euarrandi
3077 3261 3357 3325 omnibus;

1837 3345 1994 3405 atque
2034 3341 2266 3392 salutare
2307 3341 2646 3409 Evangelium
2693 3343 2758 3394 ad
2801 3360 2959 3400 aures
2990 3348 3358 3401 universorum

1834 3427 2107 3480 hominum
2155 3428 2470 3495 praedicandi
2515 3449 2527 3481 :
2567 3445 2791 3497 eamque
2837 3447 3020 3485 vocem
3068 3436 3360 3490 exaudiens

1835 3516 2013 3580 Pater,
2060 3517 2268 3569 redimet
2300 3520 2352 3569 in
2397 3533 2520 3583 pace
2564 3521 2792 3571 animam
2842 3538 3007 3573 meam
3051 3523 3112 3574 ab
3153 3525 3236 3586 iis,
3269 3527 3356 3592 qui

1836 3609 2241 3675 appropinquant
2272 3608 2417 3671 mihi,
2448 3609 2498 3660 id
2532 3617 2614 3661 est
2649 3609 2716 3660 ab
2749 3609 2814 3663 iis
2842 3613 2931 3677 qui
2967 3613 3356 3680 proximc,nou

1835 3695 2042 3762 procul,
2082 3696 2392 3763 impugnant
2437 3710 2556 3760 me;
2587 3697 2734 3748 multi
2777 3713 2906 3750 sane
2942 3715 3186 3765 numero,
3220 3718 3356 3768 quos

1835 3781 2134 3835 humiliabit
2172 3785 2260 3850 qui
2295 3791 2375 3836 est
2416 3790 2539 3836 ante
2570 3785 2763 3837 saecula
2810 3785 2968 3842 Deus.
3001 3786 3183 3856 Neque
3214 3804 3356 3844 enim

1835 3870 1922 3922 illa
1944 3870 2009 3922 ad
2035 3871 2194 3923 breve
2215 3879 2422 3937 tempus
2452 3871 2583 3937 ipsis
2609 3871 2730 3922 data
2751 3874 3144 3938 opportunitas,
3173 3876 3228 3928 in
3253 3892 3356 3942 qua

1833 3958 2040 4025 gloriati
2073 3967 2218 4016 sunt,
2255 3965 2307 4010 et
2331 3959 2596 4012 civitatem
2634 3973 2782 4011 suam
2823 3960 3106 4026 iniquitate
3135 3971 3188 4014 et
3224 3978 3356 4015 con-

1832 4049 2145 4102 tradictione
2168 4049 2522 4116 repleverunt,
2547 4049 2637 4101 diu
2664 4051 3019 4116 permanebit;
3042 4051 3139 4103 sed
3164 4068 3357 4120 prope-

1832 4138 1971 4191 diem
1998 4138 2438 4198 humiliabuutur,
2474 4137 2551 4188 ira
2584 4135 2677 4188 Dei
2709 4137 2854 4204 ipsos
2884 4145 2936 4191 el.
2963 4139 3232 4191 civitatem
3262 4157 3356 4194 eo-

1833 4242 1948 4278 rum
1979 4226 2278 4288 invadeute,
2310 4226 2380 4278 ita
2418 4233 2475 4278 ut
2505 4225 2759 4294 templum
2791 4227 2921 4279 illud
2960 4227 3166 4295 insigne
3205 4229 3256 4280 in
3291 4246 3352 4282 ea

1832 4312 2061 4380 positum
2091 4312 2352 4374 diruatur,
2393 4321 2444 4364 et
2468 4313 2642 4366 cultus
2682 4314 2872 4366 ibidem
2905 4315 3128 4381 persolvi
3161 4317 3354 4370 solitus

159 4416 357 4484 θῆναι.
385 4397 569 4482 Ούτως
602 4414 716 4478 οὖν,
746 4416 844 4484 τῆς
879 4413 1014 4480 ἐμῆς
1047 4409 1348 4471 ἐπακούσας
1375 4412 1402 4462 ὁ
1424 4409 1550 4470 Θεὸς
1581 4408 1726 4476 βοῆς,

1839 4397 1896 4450 de
1944 4399 2117 4451 medio
2151 4399 2384 4452 tollatur.
2419 4398 2507 4450 Sic
2540 4399 2720 4466 itaque
2768 4398 2909 4453 Deus
2947 4415 3028 4452 me
3061 4402 3353 4457 exaudiens

165 4510 498 4560 ταπεινώσει
522 4505 736 4565 αὐτούς·
909 4585 934 4596 θ
1023 4585 1035 4597 .
1139 4581 1230 4598 ,Μ
1521 4581 1562 4598 η,
1669 4581 1680 4598 ,

254 4597 344 4647 Οὐ
392 4595 497 4661 γάρ
547 4595 720 4645 ἐστιν
761 4585 962 4648 αὐτοῖς
1005 4581 1406 4647 art-diluuia,
1469 4581 1565 4632 καὶ
1621 4581 1730 4684 ρύκ

184 4680 566 4753 ἐφοϐήθησαν
615 4683 721 4735 τὸν
764 4679 931 4739 Θεὸν,
967 4676 1057 4728 καὶ
1102 4673 1167 4724 τὰ
1215 4672 1355 4770 sgf};
1401 4672 1728 4770 Ταπεινώαει

185 4770 314 4833 τοὺς
345 4774 725 4844 πφλεχθέντας
772 4766 984 4825 ἀσεὸεϊς
1017 4766 1044 4814 6
1076 4759 1435 4857 amb-udam?
1480 4761 1583 4828 πρὸ
1612 4759 1728 4857 πῶν

189 4854 393 4914 αἰώνων
423 4863 580 4923 Θεός-
632 4855 850 4911 ἔσονταί
885 4869 944 4904 τε
989 4850 1230 4902 ταπεινοὶ
1273 4849 1361 4898 καὶ
1398 4849 1727 4916 διαμενοῦσιν

179 4936 269 4988 ἐπὶ
313 4955 564 5022 μήκιστον
584 4931 862 5000 τοιοῦτοι*
894 4940 1007 4992 ἐπεὶ
1036 4938 1216 5007 μηδεὶς
1241 4935 1385 4985 ἔσται
1413 4938 1440 4986 6
1471 4936 1725 5035 ὑπὲρΛαύΞ

168 5020 281 5104 τῶν
309 5020 472 5104 διδοὺς
501 5035 887 5099 ἀντάλλαγμα.
926 5027 1100 5090 Ἀπαξ
1127 5026 1236 5091 γὰρ
1261 5023 1288 5071 6
1321 5024 1445 5084 Υἱὸς
1478 5024 1569 5074 τοῦ
1595 5023 1725 5076 Θεοῦ

153 5098 360 5193 λύτρον
381 5098 574 5183 ἑαυτὸν
593 5124 775 5183 διδοὺς
795 5098 894 5171 Scal
914 5116 1254 5180 ἀντάλλαγμα
1278 5111 1414 5179 ὑπὲρ
1437 5113 1539 5162 τῶν
1564 5114 1729 5183 ἁμαρ

141 5199 366 5282 πυλῶν,
389 5219 516 5279 τοὺς
545 5216 652 5284 μὲν
681 5211 766 5271 εἰς
792 5205 953 5258 αὑτὸν
980 5197 1392 5258 πεπιστευκότας
1415 5199 1725 5268 ἐξηγόρασε,

131 5281 372 5361 ﬁt“,qu
395 5323 454 5358 τε
478 5281 691 5358 αὖτοὺς
715 5292 834 5344 τῶν
867 5289 1133 5360 προτέρων
1159 5286 1560 5352 ἁμαρτημάτων
1585 5287 1729 5354 ἠλευο

117 5349 697 5451 δὲ
736 5349 1224 5433 εἴασεπαπυεινοὺς,
1447 5374 1517 5440 μὴ
1558 5349 1726 5442 προσ-

105 5436 683 5552 Ξξξξῖξντὴζᾷξεὲρ
738 5463 1183 5552 αὑτῶν-δοθεῖσαν
1220 5460 1398 5552 τιμὴν,
1436 5436 1726 5552 {eripe-ent-

97 5533 373 5628 δεξέᾷν
547 5561 616 5612 τὸ
646 5533 858 5622 ’τίμιον
891 5547 1019 5617 αἷμα
1051 5548 1140 5598 τοῦ
1189 5546 1400 5598 πάντων
1432 5547 1724 5616 ἀνθρώπων

87 5611 572 5728 ,Χιοξρζξοξξαέ
603 5611 897 5705 Σωὲῆρος.
935 5611 1030 5686 Διά
1049 5649 1176 5701 φησι
1215 5636 1336 5698 περὶ
1378 5611 1552 5686 αὐτῶν
1577 5637 1602 5686 6
1635 5637 1720 5688 λό-

1830 4485 2127 4538 humiliabit
2155 4501 2266 4538 eos.

1901 4570 2058 4624 Vens.
2091 4573 2178 4632 Ἡ,
2205 4572 2292 4624 22.
2332 4571 2450 4624 Νοη
2487 4573 2620 4624 enim
2648 4581 2722 4624 est
2755 4571 2858 4624 illis
2891 4577 3257 4637 commutatio,
3305 4586 3352 4629 et

1828 4677 1928 4713 non
1957 4663 2230 4713 timuerunt
2287 4660 2466 4722 Deum,
2497 4667 2549 4713 et
2577 4667 2784 4712 caetera.
2815 4659 3132 4716 Memoralos
3162 4665 3352 4732 impios

1826 4749 2126 4801 humiliabit
2154 4750 2241 4816 qui
2271 4755 2352 4802 est
2393 4756 2512 4800 ante
2543 4749 2732 4800 saecula
2769 4747 2928 4810 Deus,
2959 4759 3224 4817 eruntque
3257 4755 3354 4806 liu-

1826 4839 1999 4900 miles,
2024 4853 2086 4889 ac
2115 4838 2248 4890 tales
2299 4837 2387 4888 diu
2446 4835 2848 4901 permanebunt,
2889 4837 3013 4901 quia
3043 4837 3224 4891 nullus
3251 4841 3354 4894 erit

1827 4927 1917 4994 qui
1948 4927 2035 4978 det
2074 4941 2168 4992 pro
2207 4925 2310 4976 illis
2337 4924 2824 4975 cmnmutationem.
2868 4921 2997 4972 Nam
3032 4937 3156 4975 eum
3190 4929 3355 4981 semel

1827 5015 1916 5069 Dei
1951 5013 2116 5068 Filius
2139 5029 2256 5068 sese
2285 5011 2488 5065 dederit
2510 5011 2561 5062 in
2592 5009 3007 5077 redemptionem
3039 5015 3094 5061 et
3115 5025 3359 5066 commu-

1825 5106 2074 5158 tationem
2126 5119 2220 5171 pro
2271 5101 2670 5170 peccatoribus;
2724 5113 2818 5152 eos
2844 5096 3059 5162 quidem
3089 5099 3182 5162 qui
3219 5099 3274 5152 in
3295 5118 3364 5154 -se

1826 5194 2160 5248 crediderunt
2193 5191 2403 5252 exemit,
2430 5200 2586 5257 atque
2617 5205 2646 5241 a
2680 5185 2924 5254 pristinis
2953 5183 3172 5236 delictis
3200 5187 3371 5237 omni-

1825 5283 1926 5337 bus
1975 5282 2254 5345 liberavit;
2305 5280 2438 5331 alios
2493 5293 2620 5330 vero
2676 5272 2900 5339 reliquit
2946 5271 3216 5336 abiectos,
3252 5272 3379 5338 quia

1826 5375 2050 5441 pretium
2087 5386 2181 5439 pro
2210 5386 2267 5424 se
2293 5369 2474 5420 datum
2502 5383 2608 5420 non
2649 5363 3016 5453 admiserunt,
3043 5371 3387 5453 neque_cre~

1826 5462 2074 5515 diderunt
2116 5461 2168 5512 in
2197 5459 2484 5526 pretiosum
2531 5453 2860 5540 sanguinqm
2899 5446 3400 5540 Redemptoris-et

1829 5546 2118 5600 Salvatoris
2150 5547 2383 5598 omnium
2418 5543 2716 5598 hominum.
2773 5533 3151 5599 Quamobrem
3189 5527 3266 5578 de
3302 5529 3412 5581 illis

1827 5637 2050 5689 dicitur:
2088 5632 2202 5686 Non
2227 5633 2356 5686 enim
2385 5641 2459 5684 est
2486 5634 2590 5686 illis
2606 5616 3197 5684 eontmutalio.Q“are
3223 5619 3421 5663 amem
