  <div class='ocr_page' id='page_1' title='image "/cluster/home/n/w/nwhite01/storage/ocr_20150623/23 (Eusebius, pt. 5)/nyp.33433081862363/253.png"; bbox 0 0 3812 6358; ppageno 0'>
   <div class='ocr_carea' id='block_1_1' title="bbox 453 349 562 403">
    <p class='ocr_par' dir='ltr' id='par_1_1' title="bbox 453 349 562 403">
     <span class='ocr_line' id='line_1_1' title="bbox 453 349 562 403; baseline -0.009 0"><span class='ocrx_word' id='word_1_1' title='bbox 453 349 562 403; x_wconf 71' lang='grc' dir='ltr'><strong>ιὸἳ</strong></span> 
     </span>
    </p>
   </div>
   <div class='ocr_carea' id='block_1_2' title="bbox 1179 335 3664 406">
    <p class='ocr_par' dir='ltr' id='par_1_2' title="bbox 1179 335 3664 406">
     <span class='ocr_line' id='line_1_2' title="bbox 1179 335 3664 406; baseline -0.005 -8"><span class='ocrx_word' id='word_1_2' title='bbox 1179 341 1440 401; x_wconf 84' lang='lat' dir='ltr'><strong>EUSEBII</strong></span> <span class='ocrx_word' id='word_1_3' title='bbox 1474 337 1938 399; x_wconf 70' lang='lat' dir='ltr'><strong>CzESARlENSlS</strong></span> <span class='ocrx_word' id='word_1_4' title='bbox 1975 342 2122 398; x_wconf 77' lang='lat' dir='ltr'><strong>UPP.</strong></span> <span class='ocrx_word' id='word_1_5' title='bbox 2157 337 2334 397; x_wconf 72' lang='lat' dir='ltr'><strong>PARS</strong></span> <span class='ocrx_word' id='word_1_6' title='bbox 2366 339 2454 394; x_wconf 77' lang='lat' dir='ltr'><strong>Ill.</strong></span> <span class='ocrx_word' id='word_1_7' title='bbox 2490 335 3004 394; x_wconf 70' lang='lat' dir='ltr'><strong>—-EXEGETIC.\.</strong></span> <span class='ocrx_word' id='word_1_8' title='bbox 3596 354 3664 406; x_wconf 58' lang='grc' dir='ltr'>ω</span> 
     </span>
    </p>
   </div>
   <div class='ocr_carea' id='block_1_3' title="bbox 457 441 1997 532">
    <p class='ocr_par' dir='ltr' id='par_1_3' title="bbox 457 455 1989 532">
     <span class='ocr_line' id='line_1_3' title="bbox 457 455 1989 532; baseline -0.007 -14"><span class='ocrx_word' id='word_1_9' title='bbox 457 479 564 518; x_wconf 88' lang='lat' dir='ltr'><strong>non</strong></span> <span class='ocrx_word' id='word_1_10' title='bbox 589 462 658 518; x_wconf 89' lang='lat' dir='ltr'><strong>sit</strong></span> <span class='ocrx_word' id='word_1_11' title='bbox 684 460 788 514; x_wconf 85' lang='lat' dir='ltr'><strong>illis</strong></span> <span class='ocrx_word' id='word_1_12' title='bbox 810 457 1151 513; x_wconf 86' lang='lat' dir='ltr'><strong>commutatio</strong></span> <span class='ocrx_word' id='word_1_13' title='bbox 1169 495 1182 516; x_wconf 86' lang='lat'><strong>,</strong></span> <span class='ocrx_word' id='word_1_14' title='bbox 1220 464 1404 523; x_wconf 86' lang='lat' dir='ltr'><strong>postea</strong></span> <span class='ocrx_word' id='word_1_15' title='bbox 1453 455 1610 508; x_wconf 88' lang='lat' dir='ltr'><strong>docet</strong></span> <span class='ocrx_word' id='word_1_16' title='bbox 1661 456 1744 512; x_wconf 92' lang='lat' dir='ltr'><strong>his</strong></span> <span class='ocrx_word' id='word_1_17' title='bbox 1769 456 1950 511; x_wconf 85' lang='lat' dir='ltr'><strong>verbis</strong></span> <span class='ocrx_word' id='word_1_18' title='bbox 1975 509 1989 532; x_wconf 55' lang='lat'><strong>,</strong></span> 
     </span>
    </p>
   </div>
   <div class='ocr_carea' id='block_1_4' title="bbox 2089 441 3663 532">
    <p class='ocr_par' dir='ltr' id='par_1_4' title="bbox 2092 441 3663 532">
     <span class='ocr_line' id='line_1_4' title="bbox 2092 441 3663 532; baseline -0.029 -9"><span class='ocrx_word' id='word_1_19' title='bbox 2092 471 2211 523; x_wconf 82' lang='grc' dir='ltr'>γος·</span> <span class='ocrx_word' id='word_1_20' title='bbox 2255 455 2336 506; x_wconf 84' lang='grc' dir='ltr'><strong>Οὐ</strong></span> <span class='ocrx_word' id='word_1_21' title='bbox 2362 451 2473 520; x_wconf 80' lang='grc' dir='ltr'><strong>γάρ</strong></span> <span class='ocrx_word' id='word_1_22' title='bbox 2504 453 2668 504; x_wconf 78' lang='grc' dir='ltr'>ἐστιν</span> <span class='ocrx_word' id='word_1_23' title='bbox 2692 450 2914 513; x_wconf 81' lang='grc' dir='ltr'>αὐτοῖς</span> <span class='ocrx_word' id='word_1_24' title='bbox 2943 441 3431 532; x_wconf 42' lang='grc' dir='ltr'>ἀντάλλαγμα.</span> <span class='ocrx_word' id='word_1_25' title='bbox 3457 461 3540 511; x_wconf 62' lang='grc' dir='ltr'><strong><em>Διά</em></strong></span> <span class='ocrx_word' id='word_1_26' title='bbox 3569 463 3611 512; x_wconf 54' lang='grc' dir='ltr'><strong>τί</strong></span> <span class='ocrx_word' id='word_1_27' title='bbox 3622 463 3663 512; x_wconf 57' lang='grc' dir='ltr'><strong><em>ὥ</em></strong></span> 
     </span>
    </p>
   </div>
   <div class='ocr_carea' id='block_1_5' title="bbox 456 541 1985 622">
    <p class='ocr_par' dir='ltr' id='par_1_5' title="bbox 456 541 1985 622">
     <span class='ocr_line' id='line_1_5' title="bbox 456 541 1985 622; baseline -0.005 -17"><span class='ocrx_word' id='word_1_28' title='bbox 456 554 580 622; x_wconf 85' lang='lat' dir='ltr'><strong>quia</strong></span> <span class='ocrx_word' id='word_1_29' title='bbox 616 567 714 603; x_wconf 88' lang='lat' dir='ltr'><strong>non</strong></span> <span class='ocrx_word' id='word_1_30' title='bbox 744 551 1017 601; x_wconf 86' lang='lat' dir='ltr'><strong>timuerunt</strong></span> <span class='ocrx_word' id='word_1_31' title='bbox 1056 544 1236 596; x_wconf 88' lang='lat' dir='ltr'><strong>Deum.</strong></span> <span class='ocrx_word' id='word_1_32' title='bbox 1271 541 1362 594; x_wconf 88' lang='lat' dir='ltr'><strong>ll‘le</strong></span> <span class='ocrx_word' id='word_1_33' title='bbox 1386 543 1550 604; x_wconf 88' lang='lat' dir='ltr'><strong>enim,</strong></span> <span class='ocrx_word' id='word_1_34' title='bbox 1584 551 1765 611; x_wconf 90' lang='lat' dir='ltr'><strong>utpote</strong></span> <span class='ocrx_word' id='word_1_35' title='bbox 1793 545 1985 605; x_wconf 87' lang='lat' dir='ltr'><strong>bonus,</strong></span> 
     </span>
    </p>
   </div>
   <div class='ocr_carea' id='block_1_6' title="bbox 458 631 1990 700">
    <p class='ocr_par' dir='ltr' id='par_1_6' title="bbox 458 631 1990 700">
     <span class='ocr_line' id='line_1_6' title="bbox 458 631 1990 700; baseline -0.007 -4"><span class='ocrx_word' id='word_1_36' title='bbox 458 657 579 696; x_wconf 90' lang='lat' dir='ltr'><strong>cum</strong></span> <span class='ocrx_word' id='word_1_37' title='bbox 614 640 766 694; x_wconf 88' lang='lat' dir='ltr'><strong>vellet</strong></span> <span class='ocrx_word' id='word_1_38' title='bbox 790 649 974 688; x_wconf 89' lang='lat' dir='ltr'><strong>omnes</strong></span> <span class='ocrx_word' id='word_1_39' title='bbox 997 632 1238 684; x_wconf 86' lang='lat' dir='ltr'><strong>homines</strong></span> <span class='ocrx_word' id='word_1_40' title='bbox 1268 632 1447 684; x_wconf 89' lang='lat' dir='ltr'><strong>salvos</strong></span> <span class='ocrx_word' id='word_1_41' title='bbox 1483 631 1617 694; x_wconf 89' lang='lat' dir='ltr'><strong>lieri,</strong></span> <span class='ocrx_word' id='word_1_42' title='bbox 1643 640 1696 684; x_wconf 90' lang='lat' dir='ltr'><strong>et</strong></span> <span class='ocrx_word' id='word_1_43' title='bbox 1725 633 1776 684; x_wconf 87' lang='lat' dir='ltr'><strong>in</strong></span> <span class='ocrx_word' id='word_1_44' title='bbox 1803 634 1990 700; x_wconf 77' lang='lat' dir='ltr'><strong>cogni-</strong></span> 
     </span>
    </p>
   </div>
   <div class='ocr_carea' id='block_1_7' title="bbox 459 719 1992 782">
    <p class='ocr_par' dir='ltr' id='par_1_7' title="bbox 459 719 1992 782">
     <span class='ocr_line' id='line_1_7' title="bbox 459 719 1992 782; baseline -0.007 0"><span class='ocrx_word' id='word_1_45' title='bbox 459 732 654 782; x_wconf 77' lang='lat' dir='ltr'><strong>tionem</strong></span> <span class='ocrx_word' id='word_1_46' title='bbox 689 723 927 778; x_wconf 82' lang='lat' dir='ltr'><strong>veritatis</strong></span> <span class='ocrx_word' id='word_1_47' title='bbox 956 721 1140 774; x_wconf 84' lang='lat' dir='ltr'><strong>venire</strong></span> <span class='ocrx_word' id='word_1_48' title='bbox 1162 720 1182 750; x_wconf 91' lang='grc'><strong><em>³</em></strong></span> <span class='ocrx_word' id='word_1_49' title='bbox 1200 758 1214 780; x_wconf 89' lang='grc'><strong>,</strong></span> <span class='ocrx_word' id='word_1_50' title='bbox 1243 719 1468 772; x_wconf 75' lang='lat' dir='ltr'><strong>extendit</strong></span> <span class='ocrx_word' id='word_1_51' title='bbox 1488 734 1698 772; x_wconf 87' lang='lat' dir='ltr'><strong>manum</strong></span> <span class='ocrx_word' id='word_1_52' title='bbox 1727 736 1875 773; x_wconf 90' lang='lat' dir='ltr'><strong>suam</strong></span> <span class='ocrx_word' id='word_1_53' title='bbox 1904 735 1992 774; x_wconf 86' lang='lat' dir='ltr'><strong>sa-</strong></span> 
     </span>
    </p>
   </div>
   <div class='ocr_carea' id='block_1_8' title="bbox 460 806 1992 874">
    <p class='ocr_par' dir='ltr' id='par_1_8' title="bbox 460 806 1992 874">
     <span class='ocr_line' id='line_1_8' title="bbox 460 806 1992 874; baseline -0.005 -6"><span class='ocrx_word' id='word_1_54' title='bbox 460 819 700 874; x_wconf 89' lang='lat' dir='ltr'><strong>lutarem,</strong></span> <span class='ocrx_word' id='word_1_55' title='bbox 724 818 780 863; x_wconf 91' lang='lat' dir='ltr'><strong>ut</strong></span> <span class='ocrx_word' id='word_1_56' title='bbox 809 810 873 862; x_wconf 89' lang='lat' dir='ltr'><strong>iis</strong></span> <span class='ocrx_word' id='word_1_57' title='bbox 903 809 1038 861; x_wconf 87' lang='lat' dir='ltr'><strong>bona</strong></span> <span class='ocrx_word' id='word_1_58' title='bbox 1075 822 1171 861; x_wconf 88' lang='lat' dir='ltr'><strong>sua</strong></span> <span class='ocrx_word' id='word_1_59' title='bbox 1205 806 1546 861; x_wconf 89' lang='lat' dir='ltr'><strong>retribueret.</strong></span> <span class='ocrx_word' id='word_1_60' title='bbox 1585 806 1665 859; x_wconf 81' lang='lat' dir='ltr'><strong>Illi</strong></span> <span class='ocrx_word' id='word_1_61' title='bbox 1720 823 1846 861; x_wconf 85' lang='lat' dir='ltr'><strong>vero</strong></span> <span class='ocrx_word' id='word_1_62' title='bbox 1873 823 1932 862; x_wconf 90' lang='lat' dir='ltr'><strong>ea</strong></span> <span class='ocrx_word' id='word_1_63' title='bbox 1961 823 1992 860; x_wconf 91' lang='lat' dir='ltr'><strong>a</strong></span> 
     </span>
    </p>
   </div>
   <div class='ocr_carea' id='block_1_9' title="bbox 459 897 1995 963">
    <p class='ocr_par' dir='ltr' id='par_1_9' title="bbox 459 897 1995 963">
     <span class='ocr_line' id='line_1_9' title="bbox 459 897 1995 963; baseline -0.004 -7"><span class='ocrx_word' id='word_1_64' title='bbox 459 905 671 956; x_wconf 80' lang='lat' dir='ltr'><strong>dextera</strong></span> <span class='ocrx_word' id='word_1_65' title='bbox 703 899 791 952; x_wconf 87' lang='lat' dir='ltr'><strong>Dei</strong></span> <span class='ocrx_word' id='word_1_66' title='bbox 817 898 993 951; x_wconf 89' lang='lat' dir='ltr'><strong>oblata</strong></span> <span class='ocrx_word' id='word_1_67' title='bbox 1031 912 1138 950; x_wconf 90' lang='lat' dir='ltr'><strong>non</strong></span> <span class='ocrx_word' id='word_1_68' title='bbox 1165 903 1514 963; x_wconf 88' lang='lat' dir='ltr'><strong>acceperunt;</strong></span> <span class='ocrx_word' id='word_1_69' title='bbox 1543 897 1636 950; x_wconf 87' lang='lat' dir='ltr'><strong>sed</strong></span> <span class='ocrx_word' id='word_1_70' title='bbox 1665 899 1995 950; x_wconf 86' lang='lat' dir='ltr'><strong>contamina-</strong></span> 
     </span>
    </p>
   </div>
   <div class='ocr_carea' id='block_1_10' title="bbox 457 987 1994 1056">
    <p class='ocr_par' dir='ltr' id='par_1_10' title="bbox 457 987 1994 1056">
     <span class='ocr_line' id='line_1_10' title="bbox 457 987 1994 1056; baseline -0.003 -10"><span class='ocrx_word' id='word_1_71' title='bbox 457 1000 633 1046; x_wconf 76' lang='lat' dir='ltr'><strong>uerunt</strong></span> <span class='ocrx_word' id='word_1_72' title='bbox 663 988 1022 1043; x_wconf 82' lang='lat' dir='ltr'><strong>testamentum</strong></span> <span class='ocrx_word' id='word_1_73' title='bbox 1053 987 1186 1054; x_wconf 88' lang='lat' dir='ltr'><strong>ejus,</strong></span> <span class='ocrx_word' id='word_1_74' title='bbox 1219 1001 1409 1038; x_wconf 90' lang='lat' dir='ltr'><strong>novam</strong></span> <span class='ocrx_word' id='word_1_75' title='bbox 1437 995 1491 1041; x_wconf 88' lang='lat' dir='ltr'><strong>et</strong></span> <span class='ocrx_word' id='word_1_76' title='bbox 1518 989 1878 1056; x_wconf 79' lang='lat' dir='ltr'><strong>evangelicam</strong></span> <span class='ocrx_word' id='word_1_77' title='bbox 1918 989 1994 1041; x_wconf 85' lang='lat' dir='ltr'><strong>le-</strong></span> 
     </span>
    </p>
   </div>
   <div class='ocr_carea' id='block_1_11' title="bbox 457 1075 1994 1151">
    <p class='ocr_par' dir='ltr' id='par_1_11' title="bbox 457 1075 1994 1151">
     <span class='ocr_line' id='line_1_11' title="bbox 457 1075 1994 1151; baseline -0.004 -15"><span class='ocrx_word' id='word_1_78' title='bbox 457 1098 570 1151; x_wconf 74' lang='lat' dir='ltr'><strong>gem</strong></span> <span class='ocrx_word' id='word_1_79' title='bbox 597 1087 926 1148; x_wconf 88' lang='lat' dir='ltr'><strong>respuentes.</strong></span> <span class='ocrx_word' id='word_1_80' title='bbox 955 1078 1130 1142; x_wconf 84' lang='lat' dir='ltr'><strong>Quare</strong></span> <span class='ocrx_word' id='word_1_81' title='bbox 1158 1075 1452 1132; x_wconf 85' lang='lat' dir='ltr'><strong>secundum</strong></span> <span class='ocrx_word' id='word_1_82' title='bbox 1485 1077 1866 1146; x_wconf 83' lang='lat' dir='ltr'><strong>Symmachum</strong></span> <span class='ocrx_word' id='word_1_83' title='bbox 1910 1076 1994 1130; x_wconf 92' lang='lat' dir='ltr'><strong>di-</strong></span> 
     </span>
    </p>
   </div>
   <div class='ocr_carea' id='block_1_12' title="bbox 457 1165 1995 1234">
    <p class='ocr_par' dir='ltr' id='par_1_12' title="bbox 457 1165 1995 1234">
     <span class='ocr_line' id='line_1_12' title="bbox 457 1165 1995 1234; baseline -0.003 -12"><span class='ocrx_word' id='word_1_84' title='bbox 457 1179 600 1223; x_wconf 88' lang='lat' dir='ltr'><strong>ctum</strong></span> <span class='ocrx_word' id='word_1_85' title='bbox 627 1178 710 1223; x_wconf 89' lang='lat' dir='ltr'><strong>est</strong></span> <span class='ocrx_word' id='word_1_86' title='bbox 735 1184 748 1219; x_wconf 91' lang='lat'><strong>:</strong></span> <span class='ocrx_word' id='word_1_87' title='bbox 777 1167 1024 1220; x_wconf 72' lang='lat' dir='ltr'><strong>Extendit</strong></span> <span class='ocrx_word' id='word_1_88' title='bbox 1062 1183 1269 1219; x_wconf 88' lang='lat' dir='ltr'><strong>manum</strong></span> <span class='ocrx_word' id='word_1_89' title='bbox 1309 1182 1458 1218; x_wconf 88' lang='lat' dir='ltr'><strong>suam</strong></span> <span class='ocrx_word' id='word_1_90' title='bbox 1489 1165 1560 1218; x_wconf 81' lang='lat' dir='ltr'><strong>ad</strong></span> <span class='ocrx_word' id='word_1_91' title='bbox 1589 1181 1675 1218; x_wconf 86' lang='lat' dir='ltr'><strong>eos</strong></span> <span class='ocrx_word' id='word_1_92' title='bbox 1698 1167 1786 1234; x_wconf 97' lang='lat' dir='ltr'><strong>qui</strong></span> <span class='ocrx_word' id='word_1_93' title='bbox 1818 1180 1995 1232; x_wconf 83' lang='lat' dir='ltr'><strong>pacem</strong></span> 
     </span>
    </p>
   </div>
   <div class='ocr_carea' id='block_1_13' title="bbox 456 1254 1994 1324">
    <p class='ocr_par' dir='ltr' id='par_1_13' title="bbox 456 1254 1994 1324">
     <span class='ocr_line' id='line_1_13' title="bbox 456 1254 1994 1324; baseline -0.004 -12"><span class='ocrx_word' id='word_1_94' title='bbox 456 1259 708 1312; x_wconf 81' lang='lat' dir='ltr'><strong>habebant</strong></span> <span class='ocrx_word' id='word_1_95' title='bbox 734 1274 903 1310; x_wconf 86' lang='lat' dir='ltr'><strong>secum</strong></span> <span class='ocrx_word' id='word_1_96' title='bbox 928 1272 947 1309; x_wconf 90' lang='lat'><strong><em>:</em></strong></span> <span class='ocrx_word' id='word_1_97' title='bbox 978 1255 1287 1324; x_wconf 78' lang='lat' dir='ltr'><strong>transgressi</strong></span> <span class='ocrx_word' id='word_1_98' title='bbox 1315 1265 1434 1308; x_wconf 89' lang='lat' dir='ltr'><strong>sunt</strong></span> <span class='ocrx_word' id='word_1_99' title='bbox 1465 1254 1666 1321; x_wconf 72' lang='lat' dir='ltr'><strong>foedus;</strong></span> <span class='ocrx_word' id='word_1_100' title='bbox 1701 1254 1994 1309; x_wconf 86' lang='lat' dir='ltr'><strong>secundum</strong></span> 
     </span>
    </p>
   </div>
   <div class='ocr_carea' id='block_1_14' title="bbox 456 1343 1992 1416">
    <p class='ocr_par' dir='ltr' id='par_1_14' title="bbox 456 1343 1992 1416">
     <span class='ocr_line' id='line_1_14' title="bbox 456 1343 1992 1416; baseline -0.003 -16"><span class='ocrx_word' id='word_1_101' title='bbox 456 1348 700 1414; x_wconf 80' lang='lat' dir='ltr'><strong>Aquilam</strong></span> <span class='ocrx_word' id='word_1_102' title='bbox 723 1360 847 1416; x_wconf 87' lang='lat' dir='ltr'><strong>vero</strong></span> <span class='ocrx_word' id='word_1_103' title='bbox 871 1360 885 1394; x_wconf 87' lang='lat'><strong>:</strong></span> <span class='ocrx_word' id='word_1_104' title='bbox 912 1343 1060 1396; x_wconf 77' lang='lat' dir='ltr'><strong>Misit</strong></span> <span class='ocrx_word' id='word_1_105' title='bbox 1087 1359 1295 1396; x_wconf 80' lang='lat' dir='ltr'><strong>umnam</strong></span> <span class='ocrx_word' id='word_1_106' title='bbox 1321 1357 1470 1396; x_wconf 86' lang='lat' dir='ltr'><strong>suam</strong></span> <span class='ocrx_word' id='word_1_107' title='bbox 1499 1343 1552 1395; x_wconf 90' lang='lat' dir='ltr'><strong>in</strong></span> <span class='ocrx_word' id='word_1_108' title='bbox 1582 1344 1827 1411; x_wconf 81' lang='lat' dir='ltr'><strong>paciﬁcos</strong></span> <span class='ocrx_word' id='word_1_109' title='bbox 1852 1359 1992 1396; x_wconf 88' lang='lat' dir='ltr'><strong>suos.</strong></span> 
     </span>
    </p>
   </div>
   <div class='ocr_carea' id='block_1_15' title="bbox 458 1432 1997 1504">
    <p class='ocr_par' dir='ltr' id='par_1_15' title="bbox 458 1432 1997 1504">
     <span class='ocr_line' id='line_1_15' title="bbox 458 1432 1997 1504; baseline -0.001 -18"><span class='ocrx_word' id='word_1_110' title='bbox 458 1434 576 1502; x_wconf 82' lang='lat' dir='ltr'><strong>Ipse</strong></span> <span class='ocrx_word' id='word_1_111' title='bbox 641 1449 870 1504; x_wconf 82' lang='lat' dir='ltr'><strong>namque</strong></span> <span class='ocrx_word' id='word_1_112' title='bbox 901 1433 1177 1502; x_wconf 74' lang='lat' dir='ltr'><strong>paciﬁcum</strong></span> <span class='ocrx_word' id='word_1_113' title='bbox 1233 1432 1501 1486; x_wconf 80' lang='lat' dir='ltr'><strong>dexteram</strong></span> <span class='ocrx_word' id='word_1_114' title='bbox 1556 1433 1791 1500; x_wconf 81' lang='lat' dir='ltr'><strong>porrexit</strong></span> <span class='ocrx_word' id='word_1_115' title='bbox 1845 1446 1997 1485; x_wconf 85' lang='lat' dir='ltr'><strong>acce-</strong></span> 
     </span>
    </p>
   </div>
   <div class='ocr_carea' id='block_1_16' title="bbox 457 1521 1996 1591">
    <p class='ocr_par' dir='ltr' id='par_1_16' title="bbox 457 1521 1996 1591">
     <span class='ocr_line' id='line_1_16' title="bbox 457 1521 1996 1591; baseline -0.003 -14"><span class='ocrx_word' id='word_1_116' title='bbox 457 1525 709 1579; x_wconf 82' lang='lat' dir='ltr'><strong>dentibus</strong></span> <span class='ocrx_word' id='word_1_117' title='bbox 740 1523 804 1575; x_wconf 92' lang='lat' dir='ltr'><strong>ad</strong></span> <span class='ocrx_word' id='word_1_118' title='bbox 857 1537 1040 1591; x_wconf 89' lang='lat' dir='ltr'><strong>pacem</strong></span> <span class='ocrx_word' id='word_1_119' title='bbox 1076 1521 1248 1590; x_wconf 91' lang='lat' dir='ltr'><strong>ipsius</strong></span> <span class='ocrx_word' id='word_1_120' title='bbox 1301 1521 1702 1589; x_wconf 85' lang='lat' dir='ltr'><strong>accipiendam;</strong></span> <span class='ocrx_word' id='word_1_121' title='bbox 1763 1521 1837 1573; x_wconf 89' lang='lat' dir='ltr'><strong>illi</strong></span> <span class='ocrx_word' id='word_1_122' title='bbox 1871 1535 1996 1574; x_wconf 85' lang='lat' dir='ltr'><strong>vero</strong></span> 
     </span>
    </p>
   </div>
   <div class='ocr_carea' id='block_1_17' title="bbox 457 1605 1995 1680">
    <p class='ocr_par' dir='ltr' id='par_1_17' title="bbox 457 1605 1995 1680">
     <span class='ocr_line' id='line_1_17' title="bbox 457 1605 1995 1680; baseline -0.006 -15"><span class='ocrx_word' id='word_1_123' title='bbox 457 1612 777 1680; x_wconf 78' lang='lat' dir='ltr'><strong>transgressi</strong></span> <span class='ocrx_word' id='word_1_124' title='bbox 822 1617 948 1662; x_wconf 91' lang='lat' dir='ltr'><strong>sunt</strong></span> <span class='ocrx_word' id='word_1_125' title='bbox 994 1615 1368 1667; x_wconf 79' lang='lat' dir='ltr'><strong>testamentum</strong></span> <span class='ocrx_word' id='word_1_126' title='bbox 1399 1608 1554 1674; x_wconf 89' lang='lat' dir='ltr'><strong>ejus,</strong></span> <span class='ocrx_word' id='word_1_127' title='bbox 1612 1607 1845 1660; x_wconf 88' lang='lat' dir='ltr'><strong>oblatam</strong></span> <span class='ocrx_word' id='word_1_128' title='bbox 1895 1605 1995 1660; x_wconf 86' lang='lat' dir='ltr'><strong>sibi</strong></span> 
     </span>
    </p>
   </div>
   <div class='ocr_carea' id='block_1_18' title="bbox 457 1691 1997 1766">
    <p class='ocr_par' dir='ltr' id='par_1_18' title="bbox 457 1691 1997 1766">
     <span class='ocr_line' id='line_1_18' title="bbox 457 1691 1997 1766; baseline -0.003 -16"><span class='ocrx_word' id='word_1_129' title='bbox 457 1714 640 1766; x_wconf 85' lang='lat' dir='ltr'><strong>pacem</strong></span> <span class='ocrx_word' id='word_1_130' title='bbox 694 1713 802 1754; x_wconf 86' lang='lat' dir='ltr'><strong>non</strong></span> <span class='ocrx_word' id='word_1_131' title='bbox 853 1697 1193 1764; x_wconf 89' lang='lat' dir='ltr'><strong>accipientes.</strong></span> <span class='ocrx_word' id='word_1_132' title='bbox 1257 1694 1454 1757; x_wconf 84' lang='lat' dir='ltr'><strong>Quare,</strong></span> <span class='ocrx_word' id='word_1_133' title='bbox 1509 1709 1638 1763; x_wconf 86' lang='lat' dir='ltr'><strong>pace</strong></span> <span class='ocrx_word' id='word_1_134' title='bbox 1685 1709 1808 1746; x_wconf 91' lang='lat' dir='ltr'><strong>cum</strong></span> <span class='ocrx_word' id='word_1_135' title='bbox 1860 1691 1997 1746; x_wconf 89' lang='lat' dir='ltr'><strong>bello</strong></span> 
     </span>
    </p>
   </div>
   <div class='ocr_carea' id='block_1_19' title="bbox 2089 527 3638 611">
    <p class='ocr_par' dir='ltr' id='par_1_19' title="bbox 2089 527 3638 611">
     <span class='ocr_line' id='line_1_19' title="bbox 2089 527 3638 611; baseline -0.011 -17"><span class='ocrx_word' id='word_1_136' title='bbox 2089 545 2186 595; x_wconf 78' lang='grc' dir='ltr'>οὐκ</span> <span class='ocrx_word' id='word_1_137' title='bbox 2213 543 2355 594; x_wconf 80' lang='grc' dir='ltr'>ἐστιν</span> <span class='ocrx_word' id='word_1_138' title='bbox 2383 542 2563 602; x_wconf 83' lang='grc' dir='ltr'>αὐτοῖς</span> <span class='ocrx_word' id='word_1_139' title='bbox 2589 539 2979 606; x_wconf 80' lang='grc' dir='ltr'><strong>ἀντάλλαγμα,</strong></span> <span class='ocrx_word' id='word_1_140' title='bbox 3028 531 3180 598; x_wconf 79' lang='grc' dir='ltr'><strong>ἑξῆς</strong></span> <span class='ocrx_word' id='word_1_141' title='bbox 3214 527 3458 599; x_wconf 60' lang='grc' dir='ltr'><strong>διδάσκει</strong></span> <span class='ocrx_word' id='word_1_142' title='bbox 3487 548 3638 611; x_wconf 67' lang='grc' dir='ltr'><strong>λέγων,</strong></span> 
     </span>
    </p>
   </div>
   <div class='ocr_carea' id='block_1_20' title="bbox 2089 621 3654 700">
    <p class='ocr_par' dir='ltr' id='par_1_20' title="bbox 2089 621 3654 700">
     <span class='ocr_line' id='line_1_20' title="bbox 2089 621 3654 700; baseline -0.004 -17"><span class='ocrx_word' id='word_1_143' title='bbox 2089 633 2208 683; x_wconf 73' lang='grc' dir='ltr'>ἐπεὶ</span> <span class='ocrx_word' id='word_1_144' title='bbox 2248 631 2333 699; x_wconf 79' lang='grc' dir='ltr'><strong>μὴ</strong></span> <span class='ocrx_word' id='word_1_145' title='bbox 2375 629 2760 698; x_wconf 68' lang='grc' dir='ltr'>ἐφοϐήθησαν</span> <span class='ocrx_word' id='word_1_146' title='bbox 2799 628 2915 680; x_wconf 79' lang='grc' dir='ltr'>τὸν</span> <span class='ocrx_word' id='word_1_147' title='bbox 2964 625 3150 678; x_wconf 81' lang='grc' dir='ltr'>Θεόν.</span> <span class='ocrx_word' id='word_1_148' title='bbox 3205 621 3272 672; x_wconf 89' lang='grc' dir='ltr'><em>Ὁ</em></span> <span class='ocrx_word' id='word_1_149' title='bbox 3305 636 3406 699; x_wconf 74' lang='grc' dir='ltr'>μὲν</span> <span class='ocrx_word' id='word_1_150' title='bbox 3442 635 3551 700; x_wconf 72' lang='grc' dir='ltr'>γὰρ,</span> <span class='ocrx_word' id='word_1_151' title='bbox 3577 636 3654 685; x_wconf 67' lang='lat' dir='ltr'><strong>an</strong></span> 
     </span>
    </p>
   </div>
   <div class='ocr_carea' id='block_1_21' title="bbox 2089 713 3639 787">
    <p class='ocr_par' dir='ltr' id='par_1_21' title="bbox 2089 713 3639 787">
     <span class='ocr_line' id='line_1_21' title="bbox 2089 713 3639 787; baseline -0.003 -15"><span class='ocrx_word' id='word_1_152' title='bbox 2089 720 2308 785; x_wconf 82' lang='grc' dir='ltr'>ἀγαθὸς,</span> <span class='ocrx_word' id='word_1_153' title='bbox 2345 719 2550 780; x_wconf 82' lang='grc' dir='ltr'><strong>πάντας</strong></span> <span class='ocrx_word' id='word_1_154' title='bbox 2581 715 2911 787; x_wconf 79' lang='grc' dir='ltr'><strong>ἀνθρώπους</strong></span> <span class='ocrx_word' id='word_1_155' title='bbox 2947 713 3132 766; x_wconf 79' lang='grc' dir='ltr'>θέλων</span> <span class='ocrx_word' id='word_1_156' title='bbox 3187 715 3438 786; x_wconf 83' lang='grc' dir='ltr'>σωθῆναι,</span> <span class='ocrx_word' id='word_1_157' title='bbox 3470 719 3549 768; x_wconf 85' lang='grc' dir='ltr'><strong>καί</strong></span> <span class='ocrx_word' id='word_1_158' title='bbox 3580 722 3639 778; x_wconf 80' lang='lat' dir='ltr'><strong>sl;</strong></span> 
     </span>
    </p>
   </div>
   <div class='ocr_carea' id='block_1_22' title="bbox 2090 802 3650 877">
    <p class='ocr_par' dir='ltr' id='par_1_22' title="bbox 2090 802 3650 877">
     <span class='ocr_line' id='line_1_22' title="bbox 2090 802 3650 877; baseline -0.003 -17"><span class='ocrx_word' id='word_1_159' title='bbox 2090 810 2379 874; x_wconf 71' lang='grc' dir='ltr'>ἐπίγνωσιν</span> <span class='ocrx_word' id='word_1_160' title='bbox 2409 804 2664 877; x_wconf 78' lang='grc' dir='ltr'><strong>ἀληθείας</strong></span> <span class='ocrx_word' id='word_1_161' title='bbox 2693 806 2898 867; x_wconf 83' lang='grc' dir='ltr'>ἐλθεῖν,</span> <span class='ocrx_word' id='word_1_162' title='bbox 2939 802 3218 865; x_wconf 78' lang='grc' dir='ltr'><strong>ἐξέτεινε</strong></span> <span class='ocrx_word' id='word_1_163' title='bbox 3249 803 3353 870; x_wconf 80' lang='grc' dir='ltr'>τὴν</span> <span class='ocrx_word' id='word_1_164' title='bbox 3385 803 3546 870; x_wconf 71' lang='grc' dir='ltr'>χεῖρα</span> <span class='ocrx_word' id='word_1_165' title='bbox 3565 806 3650 856; x_wconf 74' lang='lat' dir='ltr'><strong>o.‘\&gt;~</strong></span> 
     </span>
    </p>
   </div>
   <div class='ocr_carea' id='block_1_23' title="bbox 2089 889 3649 965">
    <p class='ocr_par' dir='ltr' id='par_1_23' title="bbox 2089 889 3649 965">
     <span class='ocr_line' id='line_1_23' title="bbox 2089 889 3649 965; baseline -0.006 -17"><span class='ocrx_word' id='word_1_166' title='bbox 2089 895 2193 948; x_wconf 77' lang='grc' dir='ltr'>τοῦ</span> <span class='ocrx_word' id='word_1_167' title='bbox 2207 895 2306 965; x_wconf 81' lang='grc' dir='ltr'><strong>τὴν</strong></span> <span class='ocrx_word' id='word_1_168' title='bbox 2325 893 2588 962; x_wconf 88' lang='grc' dir='ltr'>σωτήριον</span> <span class='ocrx_word' id='word_1_169' title='bbox 2607 893 2769 962; x_wconf 79' lang='grc' dir='ltr'>εἰςιτὸ</span> <span class='ocrx_word' id='word_1_170' title='bbox 2785 893 2885 944; x_wconf 74' lang='grc' dir='ltr'>καὶ</span> <span class='ocrx_word' id='word_1_171' title='bbox 2905 890 3117 951; x_wconf 77' lang='grc' dir='ltr'>αὐτοὺς</span> <span class='ocrx_word' id='word_1_172' title='bbox 3137 889 3217 955; x_wconf 88' lang='grc' dir='ltr'><strong>(Ι)</strong></span> <span class='ocrx_word' id='word_1_173' title='bbox 3235 889 3540 956; x_wconf 82' lang='grc' dir='ltr'>μεταδοῦναι</span> <span class='ocrx_word' id='word_1_174' title='bbox 3562 889 3649 940; x_wconf 81' lang='grc' dir='ltr'>τῶν</span> 
     </span>
    </p>
   </div>
   <div class='ocr_carea' id='block_1_24' title="bbox 2091 972 3664 1050">
    <p class='ocr_par' dir='ltr' id='par_1_24' title="bbox 2091 972 3664 1050">
     <span class='ocr_line' id='line_1_24' title="bbox 2091 972 3664 1050; baseline -0.006 -14"><span class='ocrx_word' id='word_1_175' title='bbox 2091 983 2282 1036; x_wconf 77' lang='grc' dir='ltr'>ἑαυτοῦ</span> <span class='ocrx_word' id='word_1_176' title='bbox 2311 983 2558 1050; x_wconf 82' lang='grc' dir='ltr'><strong>ἀγαθῶν·</strong></span> <span class='ocrx_word' id='word_1_177' title='bbox 2591 982 2641 1034; x_wconf 90' lang='grc' dir='ltr'>οἱ</span> <span class='ocrx_word' id='word_1_178' title='bbox 2663 982 2720 1034; x_wconf 82' lang='grc' dir='ltr'>δὲ</span> <span class='ocrx_word' id='word_1_179' title='bbox 2751 981 2855 1032; x_wconf 83' lang='grc' dir='ltr'>οὐκ</span> <span class='ocrx_word' id='word_1_180' title='bbox 2884 979 3153 1043; x_wconf 77' lang='grc' dir='ltr'>ἐδέξαντο</span> <span class='ocrx_word' id='word_1_181' title='bbox 3200 981 3343 1047; x_wconf 77' lang='grc' dir='ltr'>παρὰ</span> <span class='ocrx_word' id='word_1_182' title='bbox 3381 972 3483 1045; x_wconf 47' lang='lat' dir='ltr'><strong>vix;</strong></span> <span class='ocrx_word' id='word_1_183' title='bbox 3501 976 3664 1040; x_wconf 57' lang='grc' dir='ltr'>δεευὶς</span> 
     </span>
    </p>
   </div>
   <div class='ocr_carea' id='block_1_25' title="bbox 2091 1065 3668 1140">
    <p class='ocr_par' dir='ltr' id='par_1_25' title="bbox 2091 1065 3668 1140">
     <span class='ocr_line' id='line_1_25' title="bbox 2091 1065 3668 1140; baseline -0.003 -15"><span class='ocrx_word' id='word_1_184' title='bbox 2091 1074 2182 1125; x_wconf 81' lang='grc' dir='ltr'>τοῦ</span> <span class='ocrx_word' id='word_1_185' title='bbox 2197 1072 2330 1124; x_wconf 75' lang='grc' dir='ltr'>Θεοῦ</span> <span class='ocrx_word' id='word_1_186' title='bbox 2351 1071 2768 1140; x_wconf 82' lang='grc' dir='ltr'>προτεινόμενα,</span> <span class='ocrx_word' id='word_1_187' title='bbox 2794 1070 2913 1122; x_wconf 77' lang='grc' dir='ltr'>ἀλλ’</span> <span class='ocrx_word' id='word_1_188' title='bbox 2937 1066 3336 1130; x_wconf 76' lang='grc' dir='ltr'>ἐϐεϐήλωσαν</span> <span class='ocrx_word' id='word_1_189' title='bbox 3360 1066 3478 1131; x_wconf 79' lang='grc' dir='ltr'>τὴν</span> <span class='ocrx_word' id='word_1_190' title='bbox 3491 1065 3668 1130; x_wconf 64' lang='lat' dir='ltr'><strong>(Stami-</strong></span> 
     </span>
    </p>
   </div>
   <div class='ocr_carea' id='block_1_26' title="bbox 2091 1152 3666 1230">
    <p class='ocr_par' dir='ltr' id='par_1_26' title="bbox 2091 1152 3666 1230">
     <span class='ocr_line' id='line_1_26' title="bbox 2091 1152 3666 1230; baseline -0.005 -16"><span class='ocrx_word' id='word_1_191' title='bbox 2091 1179 2206 1230; x_wconf 80' lang='grc' dir='ltr'><strong>κην</strong></span> <span class='ocrx_word' id='word_1_192' title='bbox 2222 1162 2429 1223; x_wconf 87' lang='grc' dir='ltr'>αὐτοῦ,</span> <span class='ocrx_word' id='word_1_193' title='bbox 2450 1159 2542 1212; x_wconf 79' lang='grc' dir='ltr'><strong>τὸν</strong></span> <span class='ocrx_word' id='word_1_194' title='bbox 2572 1159 2756 1214; x_wconf 80' lang='grc' dir='ltr'>καινὸν</span> <span class='ocrx_word' id='word_1_195' title='bbox 2787 1156 2963 1228; x_wconf 87' lang='grc' dir='ltr'>νόμον</span> <span class='ocrx_word' id='word_1_196' title='bbox 3001 1155 3099 1209; x_wconf 82' lang='grc' dir='ltr'>τὸν</span> <span class='ocrx_word' id='word_1_197' title='bbox 3125 1152 3486 1223; x_wconf 81' lang='grc' dir='ltr'>εὑαγγελικδν</span> <span class='ocrx_word' id='word_1_198' title='bbox 3509 1171 3666 1225; x_wconf 76' lang='grc' dir='ltr'>παρτ.-</span> 
     </span>
    </p>
   </div>
   <div class='ocr_carea' id='block_1_27' title="bbox 2092 1245 3684 1322">
    <p class='ocr_par' dir='ltr' id='par_1_27' title="bbox 2092 1245 3684 1322">
     <span class='ocr_line' id='line_1_27' title="bbox 2092 1245 3684 1322; baseline -0.006 -17"><span class='ocrx_word' id='word_1_199' title='bbox 2092 1253 2468 1322; x_wconf 80' lang='grc' dir='ltr'>κρουσάμενοι.</span> <span class='ocrx_word' id='word_1_200' title='bbox 2514 1251 2604 1302; x_wconf 78' lang='grc' dir='ltr'>Διὸ</span> <span class='ocrx_word' id='word_1_201' title='bbox 2645 1249 2787 1302; x_wconf 82' lang='grc' dir='ltr'>κατὰ</span> <span class='ocrx_word' id='word_1_202' title='bbox 2817 1249 2914 1300; x_wconf 85' lang='grc' dir='ltr'>τὸν</span> <span class='ocrx_word' id='word_1_203' title='bbox 2948 1245 3257 1316; x_wconf 82' lang='grc' dir='ltr'><strong>Σύμμαχον</strong></span> <span class='ocrx_word' id='word_1_204' title='bbox 3283 1246 3546 1316; x_wconf 74' lang='grc' dir='ltr'>εἴρηταιο</span> <span class='ocrx_word' id='word_1_205' title='bbox 3581 1245 3684 1306; x_wconf 78' lang='grc' dir='ltr'><strong>Ἐξ-</strong></span> 
     </span>
    </p>
   </div>
   <div class='ocr_carea' id='block_1_28' title="bbox 2091 1335 3684 1409">
    <p class='ocr_par' dir='ltr' id='par_1_28' title="bbox 2091 1335 3684 1409">
     <span class='ocr_line' id='line_1_28' title="bbox 2091 1335 3684 1409; baseline -0.007 -13"><span class='ocrx_word' id='word_1_206' title='bbox 2091 1344 2274 1396; x_wconf 81' lang='grc' dir='ltr'>έι-εινε</span> <span class='ocrx_word' id='word_1_207' title='bbox 2317 1342 2428 1406; x_wconf 78' lang='grc' dir='ltr'>τὴν</span> <span class='ocrx_word' id='word_1_208' title='bbox 2467 1340 2634 1409; x_wconf 75' lang='grc' dir='ltr'>χεῖρα</span> <span class='ocrx_word' id='word_1_209' title='bbox 2679 1339 2868 1392; x_wconf 85' lang='grc' dir='ltr'>αὐτοῦ</span> <span class='ocrx_word' id='word_1_210' title='bbox 2925 1341 3019 1401; x_wconf 77' lang='grc' dir='ltr'><strong>εἰς</strong></span> <span class='ocrx_word' id='word_1_211' title='bbox 3071 1336 3223 1400; x_wconf 83' lang='grc' dir='ltr'>τοὺς</span> <span class='ocrx_word' id='word_1_212' title='bbox 3273 1335 3684 1402; x_wconf 64' lang='grc' dir='ltr'><strong>εἰρηνεύοντες</strong></span> 
     </span>
    </p>
   </div>
   <div class='ocr_carea' id='block_1_29' title="bbox 2094 1422 3691 1498">
    <p class='ocr_par' dir='ltr' id='par_1_29' title="bbox 2094 1422 3691 1498">
     <span class='ocr_line' id='line_1_29' title="bbox 2094 1422 3691 1498; baseline -0.006 -16"><span class='ocrx_word' id='word_1_213' title='bbox 2094 1431 2237 1498; x_wconf 81' lang='grc' dir='ltr'>πρὸς</span> <span class='ocrx_word' id='word_1_214' title='bbox 2263 1432 2448 1483; x_wconf 83' lang='grc' dir='ltr'>αὐτόν</span> <span class='ocrx_word' id='word_1_215' title='bbox 2466 1441 2478 1459; x_wconf 83' lang='grc'><strong><em>⁸</em></strong></span> <span class='ocrx_word' id='word_1_216' title='bbox 2514 1429 2869 1494; x_wconf 72' lang='grc' dir='ltr'>παρέϐησαν</span> <span class='ocrx_word' id='word_1_217' title='bbox 2903 1425 3243 1490; x_wconf 72' lang='grc' dir='ltr'>συνθήκην</span> <span class='ocrx_word' id='word_1_218' title='bbox 3263 1441 3274 1453; x_wconf 89' lang='grc'>·</span> <span class='ocrx_word' id='word_1_219' title='bbox 3313 1425 3422 1476; x_wconf 71' lang='grc' dir='ltr'>καὶ</span> <span class='ocrx_word' id='word_1_220' title='bbox 3448 1422 3592 1475; x_wconf 79' lang='grc' dir='ltr'>κατὰ</span> <span class='ocrx_word' id='word_1_221' title='bbox 3613 1422 3691 1473; x_wconf 79' lang='grc' dir='ltr'>τὸν</span> 
     </span>
    </p>
   </div>
   <div class='ocr_carea' id='block_1_30' title="bbox 2106 1509 3691 1585">
    <p class='ocr_par' dir='ltr' id='par_1_30' title="bbox 2106 1509 3691 1585">
     <span class='ocr_line' id='line_1_30' title="bbox 2106 1509 3691 1585; baseline -0.008 -13"><span class='ocrx_word' id='word_1_222' title='bbox 2106 1515 2367 1572; x_wconf 80' lang='grc' dir='ltr'><strong>Ἀκύλαν·</strong></span> <span class='ocrx_word' id='word_1_223' title='bbox 2409 1515 2748 1571; x_wconf 70' lang='grc' dir='ltr'><strong>Ἀπέστειλε</strong></span> <span class='ocrx_word' id='word_1_224' title='bbox 2787 1517 2965 1585; x_wconf 80' lang='grc' dir='ltr'>χεῖρα</span> <span class='ocrx_word' id='word_1_225' title='bbox 3012 1513 3211 1567; x_wconf 84' lang='grc' dir='ltr'>αὑτοῦ</span> <span class='ocrx_word' id='word_1_226' title='bbox 3251 1514 3319 1565; x_wconf 86' lang='grc' dir='ltr'><strong>ἐν</strong></span> <span class='ocrx_word' id='word_1_227' title='bbox 3373 1509 3691 1577; x_wconf 76' lang='grc' dir='ltr'>εἰρηνικοῖς</span> 
     </span>
    </p>
   </div>
   <div class='ocr_carea' id='block_1_31' title="bbox 2093 1593 3695 1676">
    <p class='ocr_par' dir='ltr' id='par_1_31' title="bbox 2093 1593 3695 1676">
     <span class='ocr_line' id='line_1_31' title="bbox 2093 1593 3695 1676; baseline -0.007 -14"><span class='ocrx_word' id='word_1_228' title='bbox 2093 1609 2296 1662; x_wconf 83' lang='grc' dir='ltr'>αὐτοῦ.</span> <span class='ocrx_word' id='word_1_229' title='bbox 2335 1604 2505 1670; x_wconf 78' lang='grc' dir='ltr'>Αὐτὸς</span> <span class='ocrx_word' id='word_1_230' title='bbox 2554 1607 2652 1676; x_wconf 81' lang='grc' dir='ltr'>μὲν</span> <span class='ocrx_word' id='word_1_231' title='bbox 2686 1605 2796 1676; x_wconf 76' lang='grc' dir='ltr'><strong>γὰρ</strong></span> <span class='ocrx_word' id='word_1_232' title='bbox 2845 1602 3150 1674; x_wconf 73' lang='grc' dir='ltr'>εἰρηνικὴν</span> <span class='ocrx_word' id='word_1_233' title='bbox 3193 1601 3379 1666; x_wconf 81' lang='grc' dir='ltr'>δεξιὰν</span> <span class='ocrx_word' id='word_1_234' title='bbox 3417 1593 3695 1670; x_wconf 70' lang='grc' dir='ltr'>προῦτεινε</span> 
     </span>
    </p>
   </div>
   <div class='ocr_carea' id='block_1_32' title="bbox 2096 1689 3696 1772">
    <p class='ocr_par' dir='ltr' id='par_1_32' title="bbox 2096 1689 3696 1772">
     <span class='ocr_line' id='line_1_32' title="bbox 2096 1689 3696 1772; baseline -0.006 -23"><span class='ocrx_word' id='word_1_235' title='bbox 2096 1697 2230 1766; x_wconf 77' lang='grc' dir='ltr'>πρὸς</span> <span class='ocrx_word' id='word_1_236' title='bbox 2262 1692 2514 1757; x_wconf 88' lang='grc' dir='ltr'>ἐλθόντας</span> <span class='ocrx_word' id='word_1_237' title='bbox 2557 1691 2972 1764; x_wconf 76' lang='grc' dir='ltr'>παραδέχεσθαι</span> <span class='ocrx_word' id='word_1_238' title='bbox 3007 1694 3125 1762; x_wconf 67' lang='grc' dir='ltr'>’τὴν</span> <span class='ocrx_word' id='word_1_239' title='bbox 3179 1693 3306 1772; x_wconf 73' lang='grc' dir='ltr'>παρ’</span> <span class='ocrx_word' id='word_1_240' title='bbox 3343 1689 3526 1744; x_wconf 71' lang='grc' dir='ltr'>αὐτοῦ</span> <span class='ocrx_word' id='word_1_241' title='bbox 3562 1689 3696 1757; x_wconf 81' lang='grc' dir='ltr'>εἰρή-</span> 
     </span>
    </p>
   </div>
   <div class='ocr_carea' id='block_1_33' title="bbox 455 1778 1997 1856">
    <p class='ocr_par' dir='ltr' id='par_1_33' title="bbox 455 1781 1989 1849">
     <span class='ocr_line' id='line_1_33' title="bbox 455 1781 1989 1849; baseline -0.005 -9"><span class='ocrx_word' id='word_1_242' title='bbox 455 1795 804 1846; x_wconf 85' lang='lat' dir='ltr'><strong>commutata,</strong></span> <span class='ocrx_word' id='word_1_243' title='bbox 827 1786 978 1838; x_wconf 84' lang='lat' dir='ltr'><strong>divisi</strong></span> <span class='ocrx_word' id='word_1_244' title='bbox 1004 1793 1124 1837; x_wconf 89' lang='lat' dir='ltr'><strong>sunt</strong></span> <span class='ocrx_word' id='word_1_245' title='bbox 1151 1783 1213 1835; x_wconf 88' lang='lat' dir='ltr'><strong>ab</strong></span> <span class='ocrx_word' id='word_1_246' title='bbox 1240 1784 1318 1834; x_wconf 89' lang='lat' dir='ltr'><strong>ira</strong></span> <span class='ocrx_word' id='word_1_247' title='bbox 1342 1783 1509 1834; x_wconf 86' lang='lat' dir='ltr'><strong>vultus</strong></span> <span class='ocrx_word' id='word_1_248' title='bbox 1533 1783 1665 1849; x_wconf 88' lang='lat' dir='ltr'><strong>ejus.</strong></span> <span class='ocrx_word' id='word_1_249' title='bbox 1687 1781 1822 1845; x_wconf 86' lang='lat' dir='ltr'><strong>Quia</strong></span> <span class='ocrx_word' id='word_1_250' title='bbox 1848 1782 1989 1833; x_wconf 87' lang='lat' dir='ltr'><strong>enim</strong></span> 
     </span>
    </p>
   </div>
   <div class='ocr_carea' id='block_1_34' title="bbox 2089 1778 3694 1856">
    <p class='ocr_par' dir='ltr' id='par_1_34' title="bbox 2093 1778 3694 1856">
     <span class='ocr_line' id='line_1_34' title="bbox 2093 1778 3694 1856; baseline -0.006 -16"><span class='ocrx_word' id='word_1_251' title='bbox 2093 1805 2188 1856; x_wconf 87' lang='grc' dir='ltr'>νην</span> <span class='ocrx_word' id='word_1_252' title='bbox 2206 1803 2219 1816; x_wconf 90' lang='grc'><strong>·</strong></span> <span class='ocrx_word' id='word_1_253' title='bbox 2249 1788 2296 1838; x_wconf 90' lang='grc' dir='ltr'><strong>οἰ</strong></span> <span class='ocrx_word' id='word_1_254' title='bbox 2321 1786 2377 1838; x_wconf 86' lang='grc' dir='ltr'>δὲ</span> <span class='ocrx_word' id='word_1_255' title='bbox 2416 1784 2736 1855; x_wconf 79' lang='grc' dir='ltr'>παρέϐησαν</span> <span class='ocrx_word' id='word_1_256' title='bbox 2760 1785 2864 1853; x_wconf 80' lang='grc' dir='ltr'>τὴν</span> <span class='ocrx_word' id='word_1_257' title='bbox 2888 1778 3172 1851; x_wconf 77' lang='grc' dir='ltr'><strong>διαθήκην</strong></span> <span class='ocrx_word' id='word_1_258' title='bbox 3208 1781 3402 1844; x_wconf 76' lang='grc' dir='ltr'>αὐτοῦ,</span> <span class='ocrx_word' id='word_1_259' title='bbox 3441 1781 3522 1850; x_wconf 86' lang='grc' dir='ltr'>μὴ</span> <span class='ocrx_word' id='word_1_260' title='bbox 3549 1797 3694 1833; x_wconf 79' lang='grc' dir='ltr'>κατα-</span> 
     </span>
    </p>
   </div>
   <div class='ocr_carea' id='block_1_35' title="bbox 457 1867 1994 1942">
    <p class='ocr_par' dir='ltr' id='par_1_35' title="bbox 457 1867 1994 1942">
     <span class='ocr_line' id='line_1_35' title="bbox 457 1867 1994 1942; baseline -0.005 -17"><span class='ocrx_word' id='word_1_261' title='bbox 457 1875 680 1942; x_wconf 78' lang='lat' dir='ltr'><strong>gratiam</strong></span> <span class='ocrx_word' id='word_1_262' title='bbox 709 1888 814 1926; x_wconf 90' lang='lat' dir='ltr'><strong>nou</strong></span> <span class='ocrx_word' id='word_1_263' title='bbox 837 1871 1204 1930; x_wconf 80' lang='lat' dir='ltr'><strong>admiserunt,</strong></span> <span class='ocrx_word' id='word_1_264' title='bbox 1233 1873 1422 1920; x_wconf 86' lang='lat' dir='ltr'><strong>merito</strong></span> <span class='ocrx_word' id='word_1_265' title='bbox 1455 1869 1546 1920; x_wconf 73' lang='lat' dir='ltr'><strong>ira:</strong></span> <span class='ocrx_word' id='word_1_266' title='bbox 1573 1867 1777 1928; x_wconf 88' lang='lat' dir='ltr'><strong>traditi,</strong></span> <span class='ocrx_word' id='word_1_267' title='bbox 1809 1867 1994 1934; x_wconf 88' lang='lat' dir='ltr'><strong>procul</strong></span> 
     </span>
    </p>
   </div>
   <div class='ocr_carea' id='block_1_36' title="bbox 457 1954 1994 2031">
    <p class='ocr_par' dir='ltr' id='par_1_36' title="bbox 457 1954 1994 2031">
     <span class='ocr_line' id='line_1_36' title="bbox 457 1954 1994 2031; baseline -0.005 -16"><span class='ocrx_word' id='word_1_268' title='bbox 457 1963 704 2031; x_wconf 88' lang='lat' dir='ltr'><strong>dispersi,</strong></span> <span class='ocrx_word' id='word_1_269' title='bbox 732 1969 784 2014; x_wconf 90' lang='lat' dir='ltr'><strong>et</strong></span> <span class='ocrx_word' id='word_1_270' title='bbox 808 1962 860 2013; x_wconf 92' lang='lat' dir='ltr'><strong>in</strong></span> <span class='ocrx_word' id='word_1_271' title='bbox 887 1975 1074 2012; x_wconf 88' lang='lat' dir='ltr'><strong>omnes</strong></span> <span class='ocrx_word' id='word_1_272' title='bbox 1101 1967 1286 2027; x_wconf 76' lang='lat' dir='ltr'><strong>gentes</strong></span> <span class='ocrx_word' id='word_1_273' title='bbox 1326 1956 1570 2023; x_wconf 88' lang='lat' dir='ltr'><strong>dissipati</strong></span> <span class='ocrx_word' id='word_1_274' title='bbox 1602 1963 1746 2008; x_wconf 86' lang='lat' dir='ltr'><strong>sunt.</strong></span> <span class='ocrx_word' id='word_1_275' title='bbox 1779 1955 1881 2008; x_wconf 83' lang='lat' dir='ltr'><strong>Pro</strong></span> <span class='ocrx_word' id='word_1_276' title='bbox 1905 1954 1994 2007; x_wconf 90' lang='lat' dir='ltr'><strong>illo</strong></span> 
     </span>
    </p>
   </div>
   <div class='ocr_carea' id='block_1_37' title="bbox 457 2044 1995 2117">
    <p class='ocr_par' dir='ltr' id='par_1_37' title="bbox 457 2044 1995 2117">
     <span class='ocr_line' id='line_1_37' title="bbox 457 2044 1995 2117; baseline -0.006 -13"><span class='ocrx_word' id='word_1_277' title='bbox 457 2061 656 2116; x_wconf 84' lang='lat' dir='ltr'><strong>autem,</strong></span> <span class='ocrx_word' id='word_1_278' title='bbox 689 2051 754 2103; x_wconf 84' lang='lat' dir='ltr'><strong>Et</strong></span> <span class='ocrx_word' id='word_1_279' title='bbox 814 2049 1236 2117; x_wconf 81' lang='lat' dir='ltr'><strong>appropinquavit</strong></span> <span class='ocrx_word' id='word_1_280' title='bbox 1286 2063 1375 2100; x_wconf 91' lang='lat' dir='ltr'><strong>cor</strong></span> <span class='ocrx_word' id='word_1_281' title='bbox 1420 2046 1583 2099; x_wconf 84' lang='lat' dir='ltr'><strong>illius.</strong></span> <span class='ocrx_word' id='word_1_282' title='bbox 1625 2044 1817 2098; x_wconf 73' lang='lat' dir='ltr'><strong>Molliti</strong></span> <span class='ocrx_word' id='word_1_283' title='bbox 1873 2053 1995 2096; x_wconf 84' lang='lat' dir='ltr'><strong>sunt</strong></span> 
     </span>
    </p>
   </div>
   <div class='ocr_carea' id='block_1_38' title="bbox 455 2133 1995 2206">
    <p class='ocr_par' dir='ltr' id='par_1_38' title="bbox 455 2133 1995 2206">
     <span class='ocr_line' id='line_1_38' title="bbox 455 2133 1995 2206; baseline -0.006 -12"><span class='ocrx_word' id='word_1_284' title='bbox 455 2156 713 2195; x_wconf 85' lang='lat' dir='ltr'><strong>sermones</strong></span> <span class='ocrx_word' id='word_1_285' title='bbox 740 2140 850 2206; x_wconf 87' lang='lat' dir='ltr'><strong>ejus</strong></span> <span class='ocrx_word' id='word_1_286' title='bbox 879 2153 1029 2204; x_wconf 89' lang='lat' dir='ltr'><strong>super</strong></span> <span class='ocrx_word' id='word_1_287' title='bbox 1064 2137 1252 2190; x_wconf 86' lang='lat' dir='ltr'><strong>oleum.</strong></span> <span class='ocrx_word' id='word_1_288' title='bbox 1285 2143 1334 2188; x_wconf 86' lang='lat' dir='ltr'><strong>et</strong></span> <span class='ocrx_word' id='word_1_289' title='bbox 1363 2135 1458 2201; x_wconf 85' lang='lat' dir='ltr'><strong>ipsi</strong></span> <span class='ocrx_word' id='word_1_290' title='bbox 1492 2145 1611 2186; x_wconf 86' lang='lat' dir='ltr'><strong>sunt</strong></span> <span class='ocrx_word' id='word_1_291' title='bbox 1635 2133 1852 2201; x_wconf 85' lang='lat' dir='ltr'><strong>jacula,</strong></span> <span class='ocrx_word' id='word_1_292' title='bbox 1884 2134 1995 2185; x_wconf 88' lang='lat' dir='ltr'><strong>cla-</strong></span> 
     </span>
    </p>
   </div>
   <div class='ocr_carea' id='block_1_39' title="bbox 456 2221 1994 2298">
    <p class='ocr_par' dir='ltr' id='par_1_39' title="bbox 456 2221 1994 2298">
     <span class='ocr_line' id='line_1_39' title="bbox 456 2221 1994 2298; baseline -0.007 -16"><span class='ocrx_word' id='word_1_293' title='bbox 456 2230 570 2283; x_wconf 88' lang='lat' dir='ltr'><strong>rius</strong></span> <span class='ocrx_word' id='word_1_294' title='bbox 593 2226 946 2298; x_wconf 86' lang='lat' dir='ltr'><strong>Symmachus</strong></span> <span class='ocrx_word' id='word_1_295' title='bbox 973 2226 1353 2292; x_wconf 86' lang='lat' dir='ltr'><strong>interpretatus</strong></span> <span class='ocrx_word' id='word_1_296' title='bbox 1371 2232 1453 2276; x_wconf 88' lang='lat' dir='ltr'><strong>est</strong></span> <span class='ocrx_word' id='word_1_297' title='bbox 1482 2241 1494 2276; x_wconf 92' lang='lat'>:</span> <span class='ocrx_word' id='word_1_298' title='bbox 1532 2221 1781 2274; x_wconf 85' lang='lat' dir='ltr'><strong>Dulciora</strong></span> <span class='ocrx_word' id='word_1_299' title='bbox 1812 2221 1994 2290; x_wconf 77' lang='lat' dir='ltr'><strong>butyro</strong></span> 
     </span>
    </p>
   </div>
   <div class='ocr_carea' id='block_1_40' title="bbox 456 2310 1992 2382">
    <p class='ocr_par' dir='ltr' id='par_1_40' title="bbox 456 2310 1992 2382">
     <span class='ocr_line' id='line_1_40' title="bbox 456 2310 1992 2382; baseline -0.005 -12"><span class='ocrx_word' id='word_1_300' title='bbox 456 2333 550 2370; x_wconf 91' lang='lat' dir='ltr'><strong>ora</strong></span> <span class='ocrx_word' id='word_1_301' title='bbox 581 2330 758 2369; x_wconf 89' lang='lat' dir='ltr'><strong>eorum</strong></span> <span class='ocrx_word' id='word_1_302' title='bbox 782 2331 800 2367; x_wconf 89' lang='lat'><strong><em>:</em></strong></span> <span class='ocrx_word' id='word_1_303' title='bbox 837 2322 1032 2382; x_wconf 84' lang='lat' dir='ltr'><strong>pugnat</strong></span> <span class='ocrx_word' id='word_1_304' title='bbox 1063 2328 1180 2365; x_wconf 80' lang='lat' dir='ltr'><strong>uero</strong></span> <span class='ocrx_word' id='word_1_305' title='bbox 1201 2327 1290 2364; x_wconf 88' lang='lat' dir='ltr'><strong>cor</strong></span> <span class='ocrx_word' id='word_1_306' title='bbox 1316 2311 1717 2377; x_wconf 80' lang='lat' dir='ltr'><strong>uniuscuiusque</strong></span> <span class='ocrx_word' id='word_1_307' title='bbox 1743 2310 1992 2376; x_wconf 81' lang='lat' dir='ltr'><strong>ipsorum.</strong></span> 
     </span>
    </p>
   </div>
   <div class='ocr_carea' id='block_1_41' title="bbox 456 2396 1996 2466">
    <p class='ocr_par' dir='ltr' id='par_1_41' title="bbox 456 2396 1996 2466">
     <span class='ocr_line' id='line_1_41' title="bbox 456 2396 1996 2466; baseline -0.005 -11"><span class='ocrx_word' id='word_1_308' title='bbox 456 2401 722 2456; x_wconf 75' lang='lat' dir='ltr'><strong>llolliores</strong></span> <span class='ocrx_word' id='word_1_309' title='bbox 753 2410 872 2453; x_wconf 83' lang='lat' dir='ltr'><strong>sunt</strong></span> <span class='ocrx_word' id='word_1_310' title='bbox 921 2412 1177 2452; x_wconf 84' lang='lat' dir='ltr'><strong>sermones</strong></span> <span class='ocrx_word' id='word_1_311' title='bbox 1208 2399 1319 2466; x_wconf 82' lang='lat' dir='ltr'><strong>ejus</strong></span> <span class='ocrx_word' id='word_1_312' title='bbox 1348 2398 1479 2460; x_wconf 86' lang='lat' dir='ltr'><strong>oleo,</strong></span> <span class='ocrx_word' id='word_1_313' title='bbox 1513 2412 1628 2449; x_wconf 75' lang='lat' dir='ltr'><strong>cum</strong></span> <span class='ocrx_word' id='word_1_314' title='bbox 1656 2398 1758 2449; x_wconf 86' lang='lat' dir='ltr'><strong>sint</strong></span> <span class='ocrx_word' id='word_1_315' title='bbox 1803 2396 1996 2449; x_wconf 85' lang='lat' dir='ltr'><strong>discin-</strong></span> 
     </span>
    </p>
   </div>
   <div class='ocr_carea' id='block_1_42' title="bbox 456 2483 1996 2555">
    <p class='ocr_par' dir='ltr' id='par_1_42' title="bbox 456 2483 1996 2555">
     <span class='ocr_line' id='line_1_42' title="bbox 456 2483 1996 2555; baseline -0.003 -14"><span class='ocrx_word' id='word_1_316' title='bbox 456 2489 651 2542; x_wconf 85' lang='lat' dir='ltr'><strong>dcntes.</strong></span> <span class='ocrx_word' id='word_1_317' title='bbox 695 2485 826 2541; x_wconf 85' lang='lat' dir='ltr'><strong>Vide</strong></span> <span class='ocrx_word' id='word_1_318' title='bbox 854 2485 984 2540; x_wconf 89' lang='lat' dir='ltr'><strong>mihi</strong></span> <span class='ocrx_word' id='word_1_319' title='bbox 1018 2500 1126 2555; x_wconf 92' lang='lat' dir='ltr'><strong>quo</strong></span> <span class='ocrx_word' id='word_1_320' title='bbox 1157 2493 1311 2553; x_wconf 89' lang='lat' dir='ltr'><strong>pacto</strong></span> <span class='ocrx_word' id='word_1_321' title='bbox 1343 2484 1432 2537; x_wconf 88' lang='lat' dir='ltr'><strong>hic</strong></span> <span class='ocrx_word' id='word_1_322' title='bbox 1461 2483 1622 2537; x_wconf 86' lang='lat' dir='ltr'><strong>etiam</strong></span> <span class='ocrx_word' id='word_1_323' title='bbox 1646 2483 1755 2537; x_wconf 87' lang='lat' dir='ltr'><strong>duo</strong></span> <span class='ocrx_word' id='word_1_324' title='bbox 1779 2483 1996 2537; x_wconf 82' lang='lat' dir='ltr'><strong>ordines</strong></span> 
     </span>
    </p>
   </div>
   <div class='ocr_carea' id='block_1_43' title="bbox 457 2573 1996 2644">
    <p class='ocr_par' dir='ltr' id='par_1_43' title="bbox 457 2573 1996 2644">
     <span class='ocr_line' id='line_1_43' title="bbox 457 2573 1996 2644; baseline -0.003 -13"><span class='ocrx_word' id='word_1_325' title='bbox 457 2577 827 2642; x_wconf 89' lang='lat' dir='ltr'><strong>declarentur;</strong></span> <span class='ocrx_word' id='word_1_326' title='bbox 862 2577 1002 2631; x_wconf 83' lang='lat' dir='ltr'><strong>alius</strong></span> <span class='ocrx_word' id='word_1_327' title='bbox 1048 2576 1336 2629; x_wconf 89' lang='lat' dir='ltr'><strong>multorum</strong></span> <span class='ocrx_word' id='word_1_328' title='bbox 1373 2573 1680 2636; x_wconf 81' lang='lat' dir='ltr'><strong>confertim,</strong></span> <span class='ocrx_word' id='word_1_329' title='bbox 1705 2573 1770 2626; x_wconf 88' lang='lat' dir='ltr'><strong>de</strong></span> <span class='ocrx_word' id='word_1_330' title='bbox 1800 2574 1996 2644; x_wconf 85' lang='lat' dir='ltr'><strong>quibus</strong></span> 
     </span>
    </p>
   </div>
   <div class='ocr_carea' id='block_1_44' title="bbox 459 2663 1997 2734">
    <p class='ocr_par' dir='ltr' id='par_1_44' title="bbox 459 2663 1997 2734">
     <span class='ocr_line' id='line_1_44' title="bbox 459 2663 1997 2734; baseline -0.002 -16"><span class='ocrx_word' id='word_1_331' title='bbox 459 2667 512 2718; x_wconf 87' lang='lat' dir='ltr'><strong>in</strong></span> <span class='ocrx_word' id='word_1_332' title='bbox 537 2665 726 2734; x_wconf 83' lang='lat' dir='ltr'><strong>plurali</strong></span> <span class='ocrx_word' id='word_1_333' title='bbox 757 2665 920 2718; x_wconf 88' lang='lat' dir='ltr'><strong>dicit:</strong></span> <span class='ocrx_word' id='word_1_334' title='bbox 948 2663 1194 2716; x_wconf 87' lang='lat' dir='ltr'><strong>Dulciora</strong></span> <span class='ocrx_word' id='word_1_335' title='bbox 1223 2663 1409 2731; x_wconf 78' lang='lat' dir='ltr'><strong>butyro</strong></span> <span class='ocrx_word' id='word_1_336' title='bbox 1435 2678 1531 2715; x_wconf 89' lang='lat' dir='ltr'><strong>ora</strong></span> <span class='ocrx_word' id='word_1_337' title='bbox 1556 2677 1732 2715; x_wconf 82' lang='lat' dir='ltr'><strong>eorum</strong></span> <span class='ocrx_word' id='word_1_338' title='bbox 1756 2677 1774 2714; x_wconf 88' lang='lat'><strong><em>:</em></strong></span> <span class='ocrx_word' id='word_1_339' title='bbox 1803 2671 1997 2730; x_wconf 82' lang='lat' dir='ltr'><strong>pugnat</strong></span> 
     </span>
    </p>
   </div>
   <div class='ocr_carea' id='block_1_45' title="bbox 458 2750 1996 2822">
    <p class='ocr_par' dir='ltr' id='par_1_45' title="bbox 458 2750 1996 2822">
     <span class='ocr_line' id='line_1_45' title="bbox 458 2750 1996 2822; baseline -0.005 -12"><span class='ocrx_word' id='word_1_340' title='bbox 458 2772 572 2810; x_wconf 71' lang='lat' dir='ltr'><strong>vero</strong></span> <span class='ocrx_word' id='word_1_341' title='bbox 630 2771 719 2808; x_wconf 89' lang='lat' dir='ltr'><strong>cor</strong></span> <span class='ocrx_word' id='word_1_342' title='bbox 758 2753 1156 2822; x_wconf 82' lang='lat' dir='ltr'><strong>uniuscujusque</strong></span> <span class='ocrx_word' id='word_1_343' title='bbox 1207 2765 1418 2814; x_wconf 85' lang='lat' dir='ltr'><strong>eorum;</strong></span> <span class='ocrx_word' id='word_1_344' title='bbox 1475 2751 1613 2806; x_wconf 86' lang='lat' dir='ltr'><strong>alius</strong></span> <span class='ocrx_word' id='word_1_345' title='bbox 1663 2766 1787 2805; x_wconf 77' lang='lat' dir='ltr'><strong>vero</strong></span> <span class='ocrx_word' id='word_1_346' title='bbox 1841 2750 1996 2820; x_wconf 86' lang='lat' dir='ltr'><strong>quasi</strong></span> 
     </span>
    </p>
   </div>
   <div class='ocr_carea' id='block_1_46' title="bbox 458 2844 1997 2915">
    <p class='ocr_par' dir='ltr' id='par_1_46' title="bbox 458 2844 1997 2915">
     <span class='ocr_line' id='line_1_46' title="bbox 458 2844 1997 2915; baseline 0 -14"><span class='ocrx_word' id='word_1_347' title='bbox 458 2849 616 2902; x_wconf 83' lang='lat' dir='ltr'><strong>unius</strong></span> <span class='ocrx_word' id='word_1_348' title='bbox 644 2855 880 2910; x_wconf 84' lang='lat' dir='ltr'><strong>tantum,</strong></span> <span class='ocrx_word' id='word_1_349' title='bbox 915 2846 982 2901; x_wconf 91' lang='lat' dir='ltr'><strong>de</strong></span> <span class='ocrx_word' id='word_1_350' title='bbox 1013 2862 1121 2915; x_wconf 89' lang='lat' dir='ltr'><strong>quo</strong></span> <span class='ocrx_word' id='word_1_351' title='bbox 1150 2846 1459 2915; x_wconf 78' lang='lat' dir='ltr'><strong>singulatim</strong></span> <span class='ocrx_word' id='word_1_352' title='bbox 1481 2846 1702 2908; x_wconf 80' lang='lat' dir='ltr'><strong>claudit,</strong></span> <span class='ocrx_word' id='word_1_353' title='bbox 1726 2844 1997 2901; x_wconf 75' lang='lat' dir='ltr'><strong>Molliores</strong></span> 
     </span>
    </p>
   </div>
   <div class='ocr_carea' id='block_1_47' title="bbox 457 2933 2000 3002">
    <p class='ocr_par' dir='ltr' id='par_1_47' title="bbox 457 2933 2000 3002">
     <span class='ocr_line' id='line_1_47' title="bbox 457 2933 2000 3002; baseline 0.001 -14"><span class='ocrx_word' id='word_1_354' title='bbox 457 2947 576 2989; x_wconf 84' lang='lat' dir='ltr'><strong>sunt</strong></span> <span class='ocrx_word' id='word_1_355' title='bbox 611 2951 863 2988; x_wconf 81' lang='lat' dir='ltr'><strong>sermones</strong></span> <span class='ocrx_word' id='word_1_356' title='bbox 898 2934 1009 3002; x_wconf 85' lang='lat' dir='ltr'><strong>ejus</strong></span> <span class='ocrx_word' id='word_1_357' title='bbox 1039 2935 1182 2996; x_wconf 88' lang='lat' dir='ltr'><strong>oleo,</strong></span> <span class='ocrx_word' id='word_1_358' title='bbox 1237 2949 1352 2986; x_wconf 89' lang='lat' dir='ltr'><strong>cum</strong></span> <span class='ocrx_word' id='word_1_359' title='bbox 1392 2935 1495 2986; x_wconf 87' lang='lat' dir='ltr'><strong>sint</strong></span> <span class='ocrx_word' id='word_1_360' title='bbox 1523 2933 1884 2990; x_wconf 81' lang='lat' dir='ltr'><strong>discindentes.</strong></span> <span class='ocrx_word' id='word_1_361' title='bbox 1936 2936 2000 2990; x_wconf 84' lang='lat' dir='ltr'><strong>Et</strong></span> 
     </span>
    </p>
   </div>
   <div class='ocr_carea' id='block_1_48' title="bbox 461 3023 1999 3091">
    <p class='ocr_par' dir='ltr' id='par_1_48' title="bbox 461 3023 1999 3091">
     <span class='ocr_line' id='line_1_48' title="bbox 461 3023 1999 3091; baseline 0.001 -14"><span class='ocrx_word' id='word_1_362' title='bbox 461 3026 516 3078; x_wconf 83' lang='lat' dir='ltr'><strong>bi</strong></span> <span class='ocrx_word' id='word_1_363' title='bbox 547 3027 654 3078; x_wconf 86' lang='lat' dir='ltr'><strong>duo</strong></span> <span class='ocrx_word' id='word_1_364' title='bbox 683 3025 899 3078; x_wconf 86' lang='lat' dir='ltr'><strong>ordines</strong></span> <span class='ocrx_word' id='word_1_365' title='bbox 926 3031 1080 3078; x_wconf 81' lang='lat' dir='ltr'><strong>erant</strong></span> <span class='ocrx_word' id='word_1_366' title='bbox 1105 3024 1356 3091; x_wconf 84' lang='lat' dir='ltr'><strong>superius</strong></span> <span class='ocrx_word' id='word_1_367' title='bbox 1383 3023 1603 3076; x_wconf 89' lang='lat' dir='ltr'><strong>indicati</strong></span> <span class='ocrx_word' id='word_1_368' title='bbox 1623 3063 1637 3084; x_wconf 87' lang='lat'><strong>,</strong></span> <span class='ocrx_word' id='word_1_369' title='bbox 1669 3024 1874 3078; x_wconf 88' lang='lat' dir='ltr'><strong>scilicet</strong></span> <span class='ocrx_word' id='word_1_370' title='bbox 1905 3040 1999 3079; x_wconf 81' lang='lat' dir='ltr'><strong>eo-</strong></span> 
     </span>
    </p>
   </div>
   <div class='ocr_carea' id='block_1_49' title="bbox 2094 1867 3695 1945">
    <p class='ocr_par' dir='ltr' id='par_1_49' title="bbox 2094 1867 3695 1945">
     <span class='ocr_line' id='line_1_49' title="bbox 2094 1867 3695 1945; baseline -0.005 -17"><span class='ocrx_word' id='word_1_371' title='bbox 2094 1875 2370 1944; x_wconf 79' lang='grc' dir='ltr'><strong>δεξάμενοι</strong></span> <span class='ocrx_word' id='word_1_372' title='bbox 2413 1875 2512 1945; x_wconf 83' lang='grc' dir='ltr'>τὴν</span> <span class='ocrx_word' id='word_1_373' title='bbox 2555 1873 2996 1944; x_wconf 78' lang='grc' dir='ltr'>προτεινομένην</span> <span class='ocrx_word' id='word_1_374' title='bbox 3050 1874 3244 1934; x_wconf 76' lang='grc' dir='ltr'>αὐτοῖς</span> <span class='ocrx_word' id='word_1_375' title='bbox 3289 1872 3556 1941; x_wconf 77' lang='grc' dir='ltr'>εἰρήνην.</span> <span class='ocrx_word' id='word_1_376' title='bbox 3600 1867 3695 1927; x_wconf 65' lang='grc' dir='ltr'><strong>Διὸ.</strong></span> 
     </span>
    </p>
   </div>
   <div class='ocr_carea' id='block_1_50' title="bbox 2097 1957 3693 2033">
    <p class='ocr_par' dir='ltr' id='par_1_50' title="bbox 2097 1957 3693 2033">
     <span class='ocr_line' id='line_1_50' title="bbox 2097 1957 3693 2033; baseline -0.004 -17"><span class='ocrx_word' id='word_1_377' title='bbox 2097 1965 2326 2033; x_wconf 81' lang='grc' dir='ltr'>πόλεμον</span> <span class='ocrx_word' id='word_1_378' title='bbox 2377 1961 2978 2031; x_wconf 79' lang='grc' dir='ltr'>ἀντικαταλλαξάμενοι</span> <span class='ocrx_word' id='word_1_379' title='bbox 3028 1959 3280 2031; x_wconf 76' lang='grc' dir='ltr'>εἰρήνης,</span> <span class='ocrx_word' id='word_1_380' title='bbox 3335 1957 3693 2026; x_wconf 79' lang='grc' dir='ltr'>διεμερίσθη-</span> 
     </span>
    </p>
   </div>
   <div class='ocr_carea' id='block_1_51' title="bbox 2096 2045 3693 2118">
    <p class='ocr_par' dir='ltr' id='par_1_51' title="bbox 2096 2045 3693 2118">
     <span class='ocr_line' id='line_1_51' title="bbox 2096 2045 3693 2118; baseline -0.007 -12"><span class='ocrx_word' id='word_1_381' title='bbox 2096 2067 2214 2106; x_wconf 85' lang='grc' dir='ltr'><strong>σαν</strong></span> <span class='ocrx_word' id='word_1_382' title='bbox 2253 2051 2369 2106; x_wconf 82' lang='grc' dir='ltr'><strong>ἀπὸ</strong></span> <span class='ocrx_word' id='word_1_383' title='bbox 2423 2050 2602 2118; x_wconf 80' lang='grc' dir='ltr'>ὀργῆς</span> <span class='ocrx_word' id='word_1_384' title='bbox 2637 2050 2746 2103; x_wconf 83' lang='grc' dir='ltr'>τοῦ</span> <span class='ocrx_word' id='word_1_385' title='bbox 2789 2046 3138 2117; x_wconf 73' lang='grc' dir='ltr'>προσώπου</span> <span class='ocrx_word' id='word_1_386' title='bbox 3167 2047 3382 2104; x_wconf 82' lang='grc' dir='ltr'>αὑτοῦ.</span> <span class='ocrx_word' id='word_1_387' title='bbox 3424 2047 3580 2100; x_wconf 70' lang='grc' dir='ltr'><strong>Ἐπεὶ</strong></span> <span class='ocrx_word' id='word_1_388' title='bbox 3603 2045 3693 2111; x_wconf 74' lang='grc' dir='ltr'><strong>γὰρ</strong></span> 
     </span>
    </p>
   </div>
   <div class='ocr_carea' id='block_1_52' title="bbox 2100 2133 3690 2210">
    <p class='ocr_par' dir='ltr' id='par_1_52' title="bbox 2100 2133 3690 2210">
     <span class='ocr_line' id='line_1_52' title="bbox 2100 2133 3690 2210; baseline -0.002 -20"><span class='ocrx_word' id='word_1_389' title='bbox 2100 2139 2174 2210; x_wconf 82' lang='grc' dir='ltr'>μὴ</span> <span class='ocrx_word' id='word_1_390' title='bbox 2211 2138 2596 2208; x_wconf 82' lang='grc' dir='ltr'>προσεδέξαντο</span> <span class='ocrx_word' id='word_1_391' title='bbox 2633 2137 2734 2208; x_wconf 81' lang='grc' dir='ltr'>τὴν</span> <span class='ocrx_word' id='word_1_392' title='bbox 2775 2139 2970 2208; x_wconf 83' lang='grc' dir='ltr'>χάριν,</span> <span class='ocrx_word' id='word_1_393' title='bbox 3003 2137 3261 2201; x_wconf 83' lang='grc' dir='ltr'>εἰκότως,</span> <span class='ocrx_word' id='word_1_394' title='bbox 3291 2133 3442 2208; x_wconf 81' lang='grc' dir='ltr'>ὀργῇ</span> <span class='ocrx_word' id='word_1_395' title='bbox 3482 2133 3690 2203; x_wconf 76' lang='grc' dir='ltr'>παραδο-</span> 
     </span>
    </p>
   </div>
   <div class='ocr_carea' id='block_1_53' title="bbox 2099 2221 3689 2296">
    <p class='ocr_par' dir='ltr' id='par_1_53' title="bbox 2099 2221 3689 2296">
     <span class='ocr_line' id='line_1_53' title="bbox 2099 2221 3689 2296; baseline -0.006 -17"><span class='ocrx_word' id='word_1_396' title='bbox 2099 2226 2298 2288; x_wconf 82' lang='grc' dir='ltr'>θέντες,</span> <span class='ocrx_word' id='word_1_397' title='bbox 2335 2227 2547 2296; x_wconf 80' lang='grc' dir='ltr'>μακρὰν</span> <span class='ocrx_word' id='word_1_398' title='bbox 2583 2225 3133 2295; x_wconf 79' lang='grc' dir='ltr'>διεσκορπίσθησαν,</span> <span class='ocrx_word' id='word_1_399' title='bbox 3171 2223 3266 2280; x_wconf 67' lang='grc' dir='ltr'>καὶ</span> <span class='ocrx_word' id='word_1_400' title='bbox 3301 2227 3392 2286; x_wconf 87' lang='grc' dir='ltr'><strong>εἰς</strong></span> <span class='ocrx_word' id='word_1_401' title='bbox 3431 2223 3605 2276; x_wconf 82' lang='grc' dir='ltr'>πάντα</span> <span class='ocrx_word' id='word_1_402' title='bbox 3635 2221 3689 2270; x_wconf 69' lang='grc' dir='ltr'><strong>τὰ</strong></span> 
     </span>
    </p>
   </div>
   <div class='ocr_carea' id='block_1_54' title="bbox 2099 2309 3685 2386">
    <p class='ocr_par' dir='ltr' id='par_1_54' title="bbox 2099 2309 3685 2386">
     <span class='ocr_line' id='line_1_54' title="bbox 2099 2309 3685 2386; baseline -0.005 -17"><span class='ocrx_word' id='word_1_403' title='bbox 2099 2315 2222 2384; x_wconf 81' lang='grc' dir='ltr'>ἔθνη</span> <span class='ocrx_word' id='word_1_404' title='bbox 2271 2314 2747 2378; x_wconf 78' lang='grc' dir='ltr'>διασκεδασθέντες</span> <span class='ocrx_word' id='word_1_405' title='bbox 2803 2315 3234 2386; x_wconf 82' lang='grc' dir='ltr'>διεσπάρησαν.</span> <span class='ocrx_word' id='word_1_406' title='bbox 3281 2314 3438 2367; x_wconf 73' lang='grc' dir='ltr'><strong>Ἀντὶ</strong></span> <span class='ocrx_word' id='word_1_407' title='bbox 3492 2313 3547 2364; x_wconf 81' lang='grc' dir='ltr'>δὲ</span> <span class='ocrx_word' id='word_1_408' title='bbox 3592 2309 3685 2370; x_wconf 78' lang='grc' dir='ltr'>τοῦ,</span> 
     </span>
    </p>
   </div>
   <div class='ocr_carea' id='block_1_55' title="bbox 2097 2401 3686 2474">
    <p class='ocr_par' dir='ltr' id='par_1_55' title="bbox 2097 2401 3686 2474">
     <span class='ocr_line' id='line_1_55' title="bbox 2097 2401 3686 2474; baseline -0.004 -15"><span class='ocrx_word' id='word_1_409' title='bbox 2097 2406 2204 2460; x_wconf 76' lang='grc' dir='ltr'><strong>Καὶ</strong></span> <span class='ocrx_word' id='word_1_410' title='bbox 2247 2403 2492 2474; x_wconf 72' lang='grc' dir='ltr'>ἤγγισεν</span> <span class='ocrx_word' id='word_1_411' title='bbox 2531 2403 2569 2472; x_wconf 77' lang='grc' dir='ltr'>ἡ</span> <span class='ocrx_word' id='word_1_412' title='bbox 2604 2401 2824 2472; x_wconf 79' lang='grc' dir='ltr'>καρδία</span> <span class='ocrx_word' id='word_1_413' title='bbox 2873 2407 3105 2461; x_wconf 76' lang='grc' dir='ltr'>αὑτοῦ.</span> <span class='ocrx_word' id='word_1_414' title='bbox 3157 2407 3617 2469; x_wconf 73' lang='grc' dir='ltr'>Ἠπαλύνθησαν</span> <span class='ocrx_word' id='word_1_415' title='bbox 3644 2402 3686 2453; x_wconf 84' lang='grc' dir='ltr'><strong>οἰ</strong></span> 
     </span>
    </p>
   </div>
   <div class='ocr_carea' id='block_1_56' title="bbox 2096 2489 3685 2562">
    <p class='ocr_par' dir='ltr' id='par_1_56' title="bbox 2096 2489 3685 2562">
     <span class='ocr_line' id='line_1_56' title="bbox 2096 2489 3685 2562; baseline -0.003 -14"><span class='ocrx_word' id='word_1_416' title='bbox 2096 2496 2259 2562; x_wconf 88' lang='grc' dir='ltr'>λόγοι</span> <span class='ocrx_word' id='word_1_417' title='bbox 2288 2494 2471 2548; x_wconf 76' lang='grc' dir='ltr'>αὑτοῦ</span> <span class='ocrx_word' id='word_1_418' title='bbox 2497 2494 2649 2561; x_wconf 75' lang='grc' dir='ltr'><strong>ὑπὲρ</strong></span> <span class='ocrx_word' id='word_1_419' title='bbox 2681 2496 2923 2559; x_wconf 72' lang='grc' dir='ltr'>ἔλαιον,</span> <span class='ocrx_word' id='word_1_420' title='bbox 2943 2497 3052 2549; x_wconf 78' lang='grc' dir='ltr'>καὶ</span> <span class='ocrx_word' id='word_1_421' title='bbox 3082 2497 3266 2551; x_wconf 85' lang='grc' dir='ltr'>αὐτοί</span> <span class='ocrx_word' id='word_1_422' title='bbox 3291 2497 3417 2548; x_wconf 76' lang='grc' dir='ltr'>εισι</span> <span class='ocrx_word' id='word_1_423' title='bbox 3446 2489 3685 2557; x_wconf 79' lang='grc' dir='ltr'>βολίδες,</span> 
     </span>
    </p>
   </div>
   <div class='ocr_carea' id='block_1_57' title="bbox 2100 2581 3685 2656">
    <p class='ocr_par' dir='ltr' id='par_1_57' title="bbox 2100 2581 3685 2656">
     <span class='ocr_line' id='line_1_57' title="bbox 2100 2581 3685 2656; baseline -0.003 -20"><span class='ocrx_word' id='word_1_424' title='bbox 2100 2585 2428 2652; x_wconf 83' lang='grc' dir='ltr'>σαφέστερον</span> <span class='ocrx_word' id='word_1_425' title='bbox 2470 2584 2821 2653; x_wconf 81' lang='grc' dir='ltr'>ήρμήνευσεν</span> <span class='ocrx_word' id='word_1_426' title='bbox 2857 2587 2888 2637; x_wconf 83' lang='grc' dir='ltr'>ὁ</span> <span class='ocrx_word' id='word_1_427' title='bbox 2936 2585 3265 2656; x_wconf 81' lang='grc' dir='ltr'>Σύμμαχος</span> <span class='ocrx_word' id='word_1_428' title='bbox 3310 2585 3516 2636; x_wconf 79' lang='grc' dir='ltr'>εἰπὼν·</span> <span class='ocrx_word' id='word_1_429' title='bbox 3552 2581 3685 2634; x_wconf 79' lang='lat' dir='ltr'><strong>Asul-</strong></span> 
     </span>
    </p>
   </div>
   <div class='ocr_carea' id='block_1_58' title="bbox 2099 2669 3687 2740">
    <p class='ocr_par' dir='ltr' id='par_1_58' title="bbox 2099 2669 3687 2740">
     <span class='ocr_line' id='line_1_58' title="bbox 2099 2669 3687 2740; baseline -0.003 -15"><span class='ocrx_word' id='word_1_430' title='bbox 2099 2689 2235 2740; x_wconf 85' lang='grc' dir='ltr'>τερα</span> <span class='ocrx_word' id='word_1_431' title='bbox 2257 2671 2556 2738; x_wconf 81' lang='grc' dir='ltr'>,βουτύρου</span> <span class='ocrx_word' id='word_1_432' title='bbox 2586 2672 2659 2724; x_wconf 84' lang='grc' dir='ltr'>τὰ</span> <span class='ocrx_word' id='word_1_433' title='bbox 2691 2674 2979 2740; x_wconf 81' lang='grc' dir='ltr'>στόματα</span> <span class='ocrx_word' id='word_1_434' title='bbox 3010 2676 3236 2730; x_wconf 81' lang='grc' dir='ltr'>αὐτῶν</span> <span class='ocrx_word' id='word_1_435' title='bbox 3253 2689 3265 2706; x_wconf 78' lang='grc' dir='ltr'><strong>ο</strong></span> <span class='ocrx_word' id='word_1_436' title='bbox 3291 2671 3546 2740; x_wconf 72' lang='grc' dir='ltr'>πολεμεῖ</span> <span class='ocrx_word' id='word_1_437' title='bbox 3572 2669 3628 2722; x_wconf 72' lang='grc' dir='ltr'>δὲ</span> <span class='ocrx_word' id='word_1_438' title='bbox 3659 2669 3687 2733; x_wconf 77' lang='grc' dir='ltr'><em>ἠ</em></span> 
     </span>
    </p>
   </div>
   <div class='ocr_carea' id='block_1_59' title="bbox 2101 2755 3686 2834">
    <p class='ocr_par' dir='ltr' id='par_1_59' title="bbox 2101 2755 3686 2834">
     <span class='ocr_line' id='line_1_59' title="bbox 2101 2755 3686 2834; baseline -0.003 -21"><span class='ocrx_word' id='word_1_439' title='bbox 2101 2759 2309 2827; x_wconf 81' lang='grc' dir='ltr'>καρδία</span> <span class='ocrx_word' id='word_1_440' title='bbox 2335 2757 2590 2814; x_wconf 67' lang='grc' dir='ltr'>ἑκάστου</span> <span class='ocrx_word' id='word_1_441' title='bbox 2615 2760 2841 2814; x_wconf 81' lang='grc' dir='ltr'>αὐτῶν.</span> <span class='ocrx_word' id='word_1_442' title='bbox 2891 2758 3312 2834; x_wconf 79' lang='grc' dir='ltr'>Ἁπαλώτεροι</span> <span class='ocrx_word' id='word_1_443' title='bbox 3336 2766 3391 2816; x_wconf 79' lang='lat' dir='ltr'><strong>oi</strong></span> <span class='ocrx_word' id='word_1_444' title='bbox 3422 2762 3581 2829; x_wconf 84' lang='grc' dir='ltr'>λόγοι</span> <span class='ocrx_word' id='word_1_445' title='bbox 3607 2755 3686 2810; x_wconf 80' lang='grc' dir='ltr'><strong>αὑ-</strong></span> 
     </span>
    </p>
   </div>
   <div class='ocr_carea' id='block_1_60' title="bbox 2100 2843 3690 2922">
    <p class='ocr_par' dir='ltr' id='par_1_60' title="bbox 2100 2843 3690 2922">
     <span class='ocr_line' id='line_1_60' title="bbox 2100 2843 3690 2922; baseline -0.002 -24"><span class='ocrx_word' id='word_1_446' title='bbox 2100 2845 2204 2900; x_wconf 80' lang='grc' dir='ltr'>τοῦ</span> <span class='ocrx_word' id='word_1_447' title='bbox 2226 2846 2453 2907; x_wconf 74' lang='grc' dir='ltr'>ἐλαίου,</span> <span class='ocrx_word' id='word_1_448' title='bbox 2484 2845 2656 2911; x_wconf 80' lang='grc' dir='ltr'>ὄντες</span> <span class='ocrx_word' id='word_1_449' title='bbox 2683 2844 3117 2917; x_wconf 79' lang='grc' dir='ltr'>ἀνατμητικοι</span> <span class='ocrx_word' id='word_1_450' title='bbox 3151 2853 3265 2922; x_wconf 71' lang='grc'><strong>(2).</strong></span> <span class='ocrx_word' id='word_1_451' title='bbox 3330 2849 3479 2918; x_wconf 84' lang='grc' dir='ltr'><strong>Ὅρα</strong></span> <span class='ocrx_word' id='word_1_452' title='bbox 3509 2846 3563 2898; x_wconf 74' lang='grc' dir='ltr'>δὲ</span> <span class='ocrx_word' id='word_1_453' title='bbox 3594 2843 3690 2896; x_wconf 75' lang='grc' dir='ltr'>τίνα</span> 
     </span>
    </p>
   </div>
   <div class='ocr_carea' id='block_1_61' title="bbox 2099 2931 3688 3012">
    <p class='ocr_par' dir='ltr' id='par_1_61' title="bbox 2099 2931 3688 3012">
     <span class='ocr_line' id='line_1_61' title="bbox 2099 2931 3688 3012; baseline -0.001 -24"><span class='ocrx_word' id='word_1_454' title='bbox 2099 2933 2300 3007; x_wconf 79' lang='grc' dir='ltr'>τρόπον</span> <span class='ocrx_word' id='word_1_455' title='bbox 2315 2933 2592 2988; x_wconf 82' lang='grc' dir='ltr'>κάνταῦθα</span> <span class='ocrx_word' id='word_1_456' title='bbox 2605 2934 2701 2988; x_wconf 83' lang='grc' dir='ltr'>δύο</span> <span class='ocrx_word' id='word_1_457' title='bbox 2729 2937 3014 3006; x_wconf 85' lang='grc' dir='ltr'>τάγματα</span> <span class='ocrx_word' id='word_1_458' title='bbox 3050 2938 3444 3012; x_wconf 83' lang='grc' dir='ltr'>παρίστησινό</span> <span class='ocrx_word' id='word_1_459' title='bbox 3459 2935 3601 3002; x_wconf 85' lang='grc' dir='ltr'>λόγος</span> <span class='ocrx_word' id='word_1_460' title='bbox 3617 2948 3629 2964; x_wconf 83' lang='grc'>⁶</span> <span class='ocrx_word' id='word_1_461' title='bbox 3645 2931 3688 2982; x_wconf 78' lang='grc' dir='ltr'>ἓν</span> 
     </span>
    </p>
   </div>
   <div class='ocr_carea' id='block_1_62' title="bbox 2106 3020 3689 3098">
    <p class='ocr_par' dir='ltr' id='par_1_62' title="bbox 2106 3020 3689 3098">
     <span class='ocr_line' id='line_1_62' title="bbox 2106 3020 3689 3098; baseline -0.005 -20"><span class='ocrx_word' id='word_1_462' title='bbox 2106 3025 2200 3096; x_wconf 73' lang='grc' dir='ltr'>μὲν</span> <span class='ocrx_word' id='word_1_463' title='bbox 2232 3024 2439 3078; x_wconf 83' lang='grc' dir='ltr'>πολλῶν</span> <span class='ocrx_word' id='word_1_464' title='bbox 2473 3024 2684 3094; x_wconf 78' lang='grc' dir='ltr'>ἁθρόως</span> <span class='ocrx_word' id='word_1_465' title='bbox 2723 3027 2875 3079; x_wconf 80' lang='grc' dir='ltr'>κατὰ</span> <span class='ocrx_word' id='word_1_466' title='bbox 2905 3028 2975 3080; x_wconf 80' lang='grc' dir='ltr'><strong>τδ</strong></span> <span class='ocrx_word' id='word_1_467' title='bbox 3013 3030 3188 3096; x_wconf 75' lang='grc' dir='ltr'>αὐτὸ,</span> <span class='ocrx_word' id='word_1_468' title='bbox 3227 3028 3363 3098; x_wconf 82' lang='grc' dir='ltr'>περὶ</span> <span class='ocrx_word' id='word_1_469' title='bbox 3391 3020 3465 3080; x_wconf 79' lang='grc' dir='ltr'>ὧν</span> <span class='ocrx_word' id='word_1_470' title='bbox 3491 3021 3689 3092; x_wconf 66' lang='grc' dir='ltr'>πληθυνε</span> 
     </span>
    </p>
   </div>
   <div class='ocr_carea' id='block_1_63' title="bbox 461 3105 1997 3188">
    <p class='ocr_par' dir='ltr' id='par_1_63' title="bbox 461 3111 1997 3182">
     <span class='ocr_line' id='line_1_63' title="bbox 461 3111 1997 3182; baseline 0 -16"><span class='ocrx_word' id='word_1_471' title='bbox 461 3129 577 3167; x_wconf 84' lang='lat' dir='ltr'><strong>rum</strong></span> <span class='ocrx_word' id='word_1_472' title='bbox 607 3114 698 3182; x_wconf 89' lang='lat' dir='ltr'><strong>qui</strong></span> <span class='ocrx_word' id='word_1_473' title='bbox 739 3113 793 3166; x_wconf 92' lang='lat' dir='ltr'><strong>in</strong></span> <span class='ocrx_word' id='word_1_474' title='bbox 831 3113 1048 3166; x_wconf 80' lang='lat' dir='ltr'><strong>civitate</strong></span> <span class='ocrx_word' id='word_1_475' title='bbox 1078 3111 1409 3173; x_wconf 84' lang='lat' dir='ltr'><strong>habitabant,</strong></span> <span class='ocrx_word' id='word_1_476' title='bbox 1433 3113 1500 3166; x_wconf 88' lang='lat' dir='ltr'><strong>de</strong></span> <span class='ocrx_word' id='word_1_477' title='bbox 1549 3113 1746 3180; x_wconf 84' lang='lat' dir='ltr'><strong>quibus</strong></span> <span class='ocrx_word' id='word_1_478' title='bbox 1789 3113 1997 3167; x_wconf 84' lang='lat' dir='ltr'><strong>diceba-</strong></span> 
     </span>
    </p>
   </div>
   <div class='ocr_carea' id='block_1_64' title="bbox 2089 3105 3690 3188">
    <p class='ocr_par' dir='ltr' id='par_1_64' title="bbox 2101 3113 3690 3188">
     <span class='ocr_line' id='line_1_64' title="bbox 2101 3113 3690 3188; baseline -0.008 -10"><span class='ocrx_word' id='word_1_479' title='bbox 2101 3115 2265 3177; x_wconf 82' lang='grc' dir='ltr'>τικῶς</span> <span class='ocrx_word' id='word_1_480' title='bbox 2313 3131 2476 3184; x_wconf 80' lang='grc' dir='ltr'>φησι·</span> <span class='ocrx_word' id='word_1_481' title='bbox 2512 3117 2795 3182; x_wconf 82' lang='grc' dir='ltr'>Λειότερα</span> <span class='ocrx_word' id='word_1_482' title='bbox 2835 3118 3186 3188; x_wconf 82' lang='grc' dir='ltr'>,ϐουτύρου</span> <span class='ocrx_word' id='word_1_483' title='bbox 3223 3121 3301 3175; x_wconf 76' lang='grc' dir='ltr'><em>τὰ</em></span> <span class='ocrx_word' id='word_1_484' title='bbox 3334 3118 3587 3184; x_wconf 81' lang='grc' dir='ltr'>στόματα</span> <span class='ocrx_word' id='word_1_485' title='bbox 3611 3113 3690 3167; x_wconf 80' lang='grc' dir='ltr'><strong>αὑ·</strong></span> 
     </span>
    </p>
   </div>
   <div class='ocr_carea' id='block_1_65' title="bbox 464 3201 2000 3271">
    <p class='ocr_par' dir='ltr' id='par_1_65' title="bbox 464 3201 2000 3271">
     <span class='ocr_line' id='line_1_65' title="bbox 464 3201 2000 3271; baseline -0.002 -15"><span class='ocrx_word' id='word_1_486' title='bbox 464 3214 591 3256; x_wconf 87' lang='lat' dir='ltr'><strong>tur:</strong></span> <span class='ocrx_word' id='word_1_487' title='bbox 636 3203 893 3268; x_wconf 80' lang='lat' dir='ltr'><strong>Quoniam</strong></span> <span class='ocrx_word' id='word_1_488' title='bbox 950 3201 1054 3254; x_wconf 78' lang='lat' dir='ltr'><strong>vidi</strong></span> <span class='ocrx_word' id='word_1_489' title='bbox 1106 3201 1425 3271; x_wconf 84' lang='lat' dir='ltr'><strong>iniquitatem</strong></span> <span class='ocrx_word' id='word_1_490' title='bbox 1456 3209 1505 3253; x_wconf 91' lang='lat' dir='ltr'><strong>et</strong></span> <span class='ocrx_word' id='word_1_491' title='bbox 1543 3203 2000 3254; x_wconf 83' lang='lat' dir='ltr'><strong>contradictionem</strong></span> 
     </span>
    </p>
   </div>
   <div class='ocr_carea' id='block_1_66' title="bbox 460 3291 1996 3360">
    <p class='ocr_par' dir='ltr' id='par_1_66' title="bbox 460 3291 1996 3360">
     <span class='ocr_line' id='line_1_66' title="bbox 460 3291 1996 3360; baseline 0.001 -17"><span class='ocrx_word' id='word_1_492' title='bbox 460 3295 512 3344; x_wconf 88' lang='lat' dir='ltr'><strong>in</strong></span> <span class='ocrx_word' id='word_1_493' title='bbox 547 3293 780 3354; x_wconf 82' lang='lat' dir='ltr'><strong>ciritate;</strong></span> <span class='ocrx_word' id='word_1_494' title='bbox 819 3299 872 3346; x_wconf 91' lang='lat' dir='ltr'><strong>et</strong></span> <span class='ocrx_word' id='word_1_495' title='bbox 904 3291 1194 3360; x_wconf 89' lang='lat' dir='ltr'><strong>proditoris</strong></span> <span class='ocrx_word' id='word_1_496' title='bbox 1221 3329 1237 3353; x_wconf 93' lang='lat'><strong>,</strong></span> <span class='ocrx_word' id='word_1_497' title='bbox 1290 3306 1448 3359; x_wconf 89' lang='lat' dir='ltr'><strong>quem</strong></span> <span class='ocrx_word' id='word_1_498' title='bbox 1493 3298 1735 3358; x_wconf 85' lang='lat' dir='ltr'><strong>spectant</strong></span> <span class='ocrx_word' id='word_1_499' title='bbox 1769 3291 1952 3344; x_wconf 73' lang='lat' dir='ltr'><strong>istbaac</strong></span> <span class='ocrx_word' id='word_1_500' title='bbox 1983 3309 1996 3344; x_wconf 88' lang='lat'><strong>:</strong></span> 
     </span>
    </p>
   </div>
   <div class='ocr_carea' id='block_1_67' title="bbox 464 3379 2002 3446">
    <p class='ocr_par' dir='ltr' id='par_1_67' title="bbox 464 3379 2002 3446">
     <span class='ocr_line' id='line_1_67' title="bbox 464 3379 2002 3446; baseline -0.001 -13"><span class='ocrx_word' id='word_1_501' title='bbox 464 3382 719 3446; x_wconf 80' lang='lat' dir='ltr'><strong>Quoniam</strong></span> <span class='ocrx_word' id='word_1_502' title='bbox 747 3382 794 3434; x_wconf 91' lang='lat' dir='ltr'><strong>si</strong></span> <span class='ocrx_word' id='word_1_503' title='bbox 831 3382 1068 3433; x_wconf 82' lang='lat' dir='ltr'><strong>inimicus</strong></span> <span class='ocrx_word' id='word_1_504' title='bbox 1118 3380 1468 3434; x_wconf 71' lang='lat' dir='ltr'><strong>maledixisset</strong></span> <span class='ocrx_word' id='word_1_505' title='bbox 1513 3379 1667 3441; x_wconf 79' lang='lat' dir='ltr'><strong>mihi,</strong></span> <span class='ocrx_word' id='word_1_506' title='bbox 1721 3380 2002 3432; x_wconf 84' lang='lat' dir='ltr'><strong>sustinuis-</strong></span> 
     </span>
    </p>
   </div>
   <div class='ocr_carea' id='block_1_68' title="bbox 462 3467 2000 3537">
    <p class='ocr_par' dir='ltr' id='par_1_68' title="bbox 462 3467 2000 3537">
     <span class='ocr_line' id='line_1_68' title="bbox 462 3467 2000 3537; baseline 0.001 -15"><span class='ocrx_word' id='word_1_507' title='bbox 462 3487 566 3522; x_wconf 76' lang='lat' dir='ltr'><strong>sem</strong></span> <span class='ocrx_word' id='word_1_508' title='bbox 586 3472 776 3537; x_wconf 83' lang='lat' dir='ltr'><strong>utique.</strong></span> <span class='ocrx_word' id='word_1_509' title='bbox 820 3468 916 3522; x_wconf 86' lang='lat' dir='ltr'><strong>Hie</strong></span> <span class='ocrx_word' id='word_1_510' title='bbox 960 3470 1140 3537; x_wconf 86' lang='lat' dir='ltr'><strong>itaque</strong></span> <span class='ocrx_word' id='word_1_511' title='bbox 1169 3469 1421 3536; x_wconf 88' lang='lat' dir='ltr'><strong>quoniam</strong></span> <span class='ocrx_word' id='word_1_512' title='bbox 1470 3467 1739 3536; x_wconf 89' lang='lat' dir='ltr'><strong>principes</strong></span> <span class='ocrx_word' id='word_1_513' title='bbox 1794 3469 2000 3523; x_wconf 82' lang='lat' dir='ltr'><strong>Judaici</strong></span> 
     </span>
    </p>
   </div>
   <div class='ocr_carea' id='block_1_69' title="bbox 465 3556 2000 3626">
    <p class='ocr_par' dir='ltr' id='par_1_69' title="bbox 465 3556 2000 3626">
     <span class='ocr_line' id='line_1_69' title="bbox 465 3556 2000 3626; baseline 0.003 -19"><span class='ocrx_word' id='word_1_514' title='bbox 465 3559 641 3626; x_wconf 82' lang='lat' dir='ltr'><strong>populi</strong></span> <span class='ocrx_word' id='word_1_515' title='bbox 681 3572 801 3609; x_wconf 87' lang='lat' dir='ltr'><strong>cum</strong></span> <span class='ocrx_word' id='word_1_516' title='bbox 837 3557 1174 3609; x_wconf 85' lang='lat' dir='ltr'><strong>simulatione</strong></span> <span class='ocrx_word' id='word_1_517' title='bbox 1200 3557 1610 3624; x_wconf 86' lang='lat' dir='ltr'><strong>adulationeque</strong></span> <span class='ocrx_word' id='word_1_518' title='bbox 1642 3557 1708 3609; x_wconf 92' lang='lat' dir='ltr'><strong>ad</strong></span> <span class='ocrx_word' id='word_1_519' title='bbox 1757 3556 2000 3612; x_wconf 57' lang='lat' dir='ltr'><strong>Salvato.</strong></span> 
     </span>
    </p>
   </div>
   <div class='ocr_carea' id='block_1_70' title="bbox 464 3645 2044 3714">
    <p class='ocr_par' dir='ltr' id='par_1_70' title="bbox 464 3645 2044 3714">
     <span class='ocr_line' id='line_1_70' title="bbox 464 3645 2044 3714; baseline 0.001 -17"><span class='ocrx_word' id='word_1_520' title='bbox 464 3661 576 3697; x_wconf 87' lang='lat' dir='ltr'><strong>rem</strong></span> <span class='ocrx_word' id='word_1_521' title='bbox 612 3653 986 3705; x_wconf 85' lang='lat' dir='ltr'><strong>accesserunt;</strong></span> <span class='ocrx_word' id='word_1_522' title='bbox 1023 3645 1180 3696; x_wconf 89' lang='lat' dir='ltr'><strong>modo</strong></span> <span class='ocrx_word' id='word_1_523' title='bbox 1211 3645 1525 3710; x_wconf 81' lang='lat' dir='ltr'><strong>magistrum</strong></span> <span class='ocrx_word' id='word_1_524' title='bbox 1575 3660 1673 3698; x_wconf 92' lang='lat' dir='ltr'><strong>nec</strong></span> <span class='ocrx_word' id='word_1_525' title='bbox 1694 3661 1814 3698; x_wconf 88' lang='lat' dir='ltr'><strong>cum</strong></span> <span class='ocrx_word' id='word_1_526' title='bbox 1867 3661 2001 3714; x_wconf 90' lang='lat' dir='ltr'><strong>puro</strong></span> <span class='ocrx_word' id='word_1_527' title='bbox 2041 3661 2044 3663; x_wconf 70' lang='lat'><strong>‘</strong></span> 
     </span>
    </p>
   </div>
   <div class='ocr_carea' id='block_1_71' title="bbox 469 3731 2000 3800">
    <p class='ocr_par' dir='ltr' id='par_1_71' title="bbox 469 3731 2000 3800">
     <span class='ocr_line' id='line_1_71' title="bbox 469 3731 2000 3800; baseline 0.002 -16"><span class='ocrx_word' id='word_1_528' title='bbox 469 3731 635 3784; x_wconf 82' lang='lat' dir='ltr'><strong>corde</strong></span> <span class='ocrx_word' id='word_1_529' title='bbox 666 3731 1078 3797; x_wconf 86' lang='lat' dir='ltr'><strong>compellantes;</strong></span> <span class='ocrx_word' id='word_1_530' title='bbox 1129 3731 1285 3783; x_wconf 88' lang='lat' dir='ltr'><strong>modo</strong></span> <span class='ocrx_word' id='word_1_531' title='bbox 1332 3731 1571 3785; x_wconf 86' lang='lat' dir='ltr'><strong>dicentes</strong></span> <span class='ocrx_word' id='word_1_532' title='bbox 1618 3733 1756 3800; x_wconf 88' lang='lat' dir='ltr'><strong>ipsi:</strong></span> <span class='ocrx_word' id='word_1_533' title='bbox 1797 3733 2000 3787; x_wconf 84' lang='lat' dir='ltr'><strong>Scimus</strong></span> 
     </span>
    </p>
   </div>
   <div class='ocr_carea' id='block_1_72' title="bbox 463 3819 2001 3890">
    <p class='ocr_par' dir='ltr' id='par_1_72' title="bbox 463 3819 2001 3890">
     <span class='ocr_line' id='line_1_72' title="bbox 463 3819 2001 3890; baseline 0.002 -18"><span class='ocrx_word' id='word_1_534' title='bbox 463 3824 585 3890; x_wconf 86' lang='lat' dir='ltr'><strong>quia</strong></span> <span class='ocrx_word' id='word_1_535' title='bbox 617 3837 769 3874; x_wconf 75' lang='lat' dir='ltr'><strong>verax</strong></span> <span class='ocrx_word' id='word_1_536' title='bbox 793 3837 867 3882; x_wconf 88' lang='lat' dir='ltr'><strong>es,</strong></span> <span class='ocrx_word' id='word_1_537' title='bbox 891 3829 937 3872; x_wconf 90' lang='lat' dir='ltr'><strong>et</strong></span> <span class='ocrx_word' id='word_1_538' title='bbox 963 3819 1168 3873; x_wconf 84' lang='lat' dir='ltr'><strong>verbum</strong></span> <span class='ocrx_word' id='word_1_539' title='bbox 1211 3819 1306 3873; x_wconf 85' lang='lat' dir='ltr'><strong>Dei</strong></span> <span class='ocrx_word' id='word_1_540' title='bbox 1353 3820 1404 3871; x_wconf 84' lang='lat' dir='ltr'><strong>in</strong></span> <span class='ocrx_word' id='word_1_541' title='bbox 1433 3820 1644 3873; x_wconf 70' lang='lat' dir='ltr'><strong>ueritate</strong></span> <span class='ocrx_word' id='word_1_542' title='bbox 1679 3821 1856 3884; x_wconf 86' lang='lat' dir='ltr'><strong>doces,</strong></span> <span class='ocrx_word' id='word_1_543' title='bbox 1912 3838 2001 3876; x_wconf 90' lang='lat' dir='ltr'><strong>nec</strong></span> 
     </span>
    </p>
   </div>
   <div class='ocr_carea' id='block_1_73' title="bbox 464 3910 2000 3980">
    <p class='ocr_par' dir='ltr' id='par_1_73' title="bbox 464 3910 2000 3980">
     <span class='ocr_line' id='line_1_73' title="bbox 464 3910 2000 3980; baseline 0 -14"><span class='ocrx_word' id='word_1_544' title='bbox 464 3921 540 3966; x_wconf 82' lang='lat' dir='ltr'><strong>est</strong></span> <span class='ocrx_word' id='word_1_545' title='bbox 578 3912 671 3963; x_wconf 87' lang='lat' dir='ltr'><strong>tibi</strong></span> <span class='ocrx_word' id='word_1_546' title='bbox 699 3927 824 3963; x_wconf 85' lang='lat' dir='ltr'><strong>cura</strong></span> <span class='ocrx_word' id='word_1_547' title='bbox 848 3910 910 3964; x_wconf 82' lang='lat' dir='ltr'><strong>de</strong></span> <span class='ocrx_word' id='word_1_548' title='bbox 936 3911 1111 3980; x_wconf 83' lang='lat' dir='ltr'><strong>aliqua</strong></span> <span class='ocrx_word' id='word_1_549' title='bbox 1132 3927 1150 3962; x_wconf 91' lang='lat'><strong><em>:</em></strong></span> <span class='ocrx_word' id='word_1_550' title='bbox 1175 3927 1276 3962; x_wconf 88' lang='lat' dir='ltr'><strong>non</strong></span> <span class='ocrx_word' id='word_1_551' title='bbox 1307 3912 1442 3962; x_wconf 88' lang='lat' dir='ltr'><strong>enim</strong></span> <span class='ocrx_word' id='word_1_552' title='bbox 1473 3914 1681 3978; x_wconf 83' lang='lat' dir='ltr'><strong>respicis</strong></span> <span class='ocrx_word' id='word_1_553' title='bbox 1728 3929 2000 3980; x_wconf 85' lang='lat' dir='ltr'><strong>personam</strong></span> 
     </span>
    </p>
   </div>
   <div class='ocr_carea' id='block_1_74' title="bbox 461 4001 1999 4070">
    <p class='ocr_par' dir='ltr' id='par_1_74' title="bbox 461 4001 1999 4070">
     <span class='ocr_line' id='line_1_74' title="bbox 461 4001 1999 4070; baseline 0.002 -18"><span class='ocrx_word' id='word_1_554' title='bbox 461 4001 678 4054; x_wconf 81' lang='lat' dir='ltr'><strong>hominis</strong></span> <span class='ocrx_word' id='word_1_555' title='bbox 708 4002 767 4066; x_wconf 77' lang='lat'><strong>&quot;;</strong></span> <span class='ocrx_word' id='word_1_556' title='bbox 805 4002 925 4069; x_wconf 90' lang='lat' dir='ltr'><strong>jure</strong></span> <span class='ocrx_word' id='word_1_557' title='bbox 957 4002 1022 4056; x_wconf 90' lang='lat' dir='ltr'><strong>de</strong></span> <span class='ocrx_word' id='word_1_558' title='bbox 1058 4002 1123 4056; x_wconf 90' lang='lat' dir='ltr'><strong>iis</strong></span> <span class='ocrx_word' id='word_1_559' title='bbox 1163 4001 1249 4053; x_wconf 86' lang='lat' dir='ltr'><strong>hic</strong></span> <span class='ocrx_word' id='word_1_560' title='bbox 1289 4001 1510 4060; x_wconf 85' lang='lat' dir='ltr'><strong>dicitur.</strong></span> <span class='ocrx_word' id='word_1_561' title='bbox 1545 4001 1789 4053; x_wconf 84' lang='lat' dir='ltr'><strong>Dulciora</strong></span> <span class='ocrx_word' id='word_1_562' title='bbox 1817 4002 1999 4070; x_wconf 83' lang='lat' dir='ltr'><strong>butyro</strong></span> 
     </span>
    </p>
   </div>
   <div class='ocr_carea' id='block_1_75' title="bbox 2100 3203 3692 3272">
    <p class='ocr_par' dir='ltr' id='par_1_75' title="bbox 2100 3203 3692 3272">
     <span class='ocr_line' id='line_1_75' title="bbox 2100 3203 3692 3272; baseline -0.003 -16"><span class='ocrx_word' id='word_1_563' title='bbox 2100 3203 2216 3256; x_wconf 78' lang='grc' dir='ltr'>τῶν</span> <span class='ocrx_word' id='word_1_564' title='bbox 2236 3220 2250 3233; x_wconf 86' lang='grc'><strong>·</strong></span> <span class='ocrx_word' id='word_1_565' title='bbox 2297 3203 2546 3270; x_wconf 79' lang='grc' dir='ltr'>πολεμεῖ</span> <span class='ocrx_word' id='word_1_566' title='bbox 2566 3203 2635 3255; x_wconf 82' lang='grc' dir='ltr'>δὲ</span> <span class='ocrx_word' id='word_1_567' title='bbox 2665 3207 2704 3272; x_wconf 75' lang='grc' dir='ltr'><strong><em>ἠ</em></strong></span> <span class='ocrx_word' id='word_1_568' title='bbox 2739 3204 2975 3272; x_wconf 80' lang='grc' dir='ltr'>καρδία</span> <span class='ocrx_word' id='word_1_569' title='bbox 3011 3206 3310 3265; x_wconf 77' lang='grc' dir='ltr'>ἑκάστου</span> <span class='ocrx_word' id='word_1_570' title='bbox 3355 3205 3573 3260; x_wconf 70' lang='grc' dir='ltr'>αὑτῶν-⁸</span> <span class='ocrx_word' id='word_1_571' title='bbox 3603 3203 3692 3254; x_wconf 64' lang='lat' dir='ltr'><strong>tra-</strong></span> 
     </span>
    </p>
   </div>
   <div class='ocr_carea' id='block_1_76' title="bbox 2101 3289 3695 3373">
    <p class='ocr_par' dir='ltr' id='par_1_76' title="bbox 2101 3289 3695 3373">
     <span class='ocr_line' id='line_1_76' title="bbox 2101 3289 3695 3373; baseline 0.003 -30"><span class='ocrx_word' id='word_1_572' title='bbox 2101 3309 2192 3360; x_wconf 90' lang='grc' dir='ltr'><strong>ρον</strong></span> <span class='ocrx_word' id='word_1_573' title='bbox 2219 3289 2274 3344; x_wconf 79' lang='grc' dir='ltr'>δὲ</span> <span class='ocrx_word' id='word_1_574' title='bbox 2307 3292 2493 3362; x_wconf 78' lang='grc' dir='ltr'>ὥσπερ</span> <span class='ocrx_word' id='word_1_575' title='bbox 2519 3292 2638 3356; x_wconf 80' lang='grc' dir='ltr'>ἑνὸς</span> <span class='ocrx_word' id='word_1_576' title='bbox 2677 3299 3132 3366; x_wconf 82' lang='grc' dir='ltr'>μεμονωμένου,</span> <span class='ocrx_word' id='word_1_577' title='bbox 3163 3319 3238 3354; x_wconf 85' lang='grc' dir='ltr'><strong>πε</strong></span> <span class='ocrx_word' id='word_1_578' title='bbox 3250 3300 3308 3373; x_wconf 77' lang='grc' dir='ltr'>ρὶ</span> <span class='ocrx_word' id='word_1_579' title='bbox 3347 3290 3410 3350; x_wconf 70' lang='grc' dir='ltr'><strong>οὗ</strong></span> <span class='ocrx_word' id='word_1_580' title='bbox 3452 3295 3582 3358; x_wconf 84' lang='grc' dir='ltr'>ἰδίως</span> <span class='ocrx_word' id='word_1_581' title='bbox 3604 3296 3695 3347; x_wconf 83' lang='grc' dir='ltr'>ἐπι·</span> 
     </span>
    </p>
   </div>
   <div class='ocr_carea' id='block_1_77' title="bbox 2099 3381 3694 3456">
    <p class='ocr_par' dir='ltr' id='par_1_77' title="bbox 2099 3381 3694 3456">
     <span class='ocr_line' id='line_1_77' title="bbox 2099 3381 3694 3456; baseline 0.008 -22"><span class='ocrx_word' id='word_1_582' title='bbox 2099 3381 2271 3446; x_wconf 77' lang='grc' dir='ltr'>λέγει·</span> <span class='ocrx_word' id='word_1_583' title='bbox 2313 3382 2693 3449; x_wconf 75' lang='grc' dir='ltr'>Ἀπιιλὼτεροι</span> <span class='ocrx_word' id='word_1_584' title='bbox 2736 3387 2792 3437; x_wconf 81' lang='grc' dir='ltr'>οὶ</span> <span class='ocrx_word' id='word_1_585' title='bbox 2830 3386 3018 3456; x_wconf 87' lang='grc' dir='ltr'>λόγοι</span> <span class='ocrx_word' id='word_1_586' title='bbox 3056 3393 3272 3445; x_wconf 86' lang='grc' dir='ltr'><strong>αὑτοῦ</strong></span> <span class='ocrx_word' id='word_1_587' title='bbox 3303 3389 3531 3450; x_wconf 81' lang='grc' dir='ltr'>ἐλαίου,</span> <span class='ocrx_word' id='word_1_588' title='bbox 3560 3385 3694 3446; x_wconf 75' lang='grc' dir='ltr'>ᾰντες</span> 
     </span>
    </p>
   </div>
   <div class='ocr_carea' id='block_1_78' title="bbox 2097 3469 3696 3548">
    <p class='ocr_par' dir='ltr' id='par_1_78' title="bbox 2097 3469 3696 3548">
     <span class='ocr_line' id='line_1_78' title="bbox 2097 3469 3696 3548; baseline 0.001 -24"><span class='ocrx_word' id='word_1_589' title='bbox 2097 3471 2496 3538; x_wconf 78' lang='grc' dir='ltr'>ἀνατμητικοί.</span> <span class='ocrx_word' id='word_1_590' title='bbox 2527 3472 2636 3523; x_wconf 71' lang='grc' dir='ltr'><strong>Καὶ</strong></span> <span class='ocrx_word' id='word_1_591' title='bbox 2668 3471 2823 3525; x_wconf 76' lang='grc' dir='ltr'>ταῦτ’</span> <span class='ocrx_word' id='word_1_592' title='bbox 2853 3469 2928 3544; x_wconf 79' lang='grc' dir='ltr'>ἦν</span> <span class='ocrx_word' id='word_1_593' title='bbox 2978 3479 3058 3530; x_wconf 85' lang='grc' dir='ltr'>τὰ</span> <span class='ocrx_word' id='word_1_594' title='bbox 3102 3480 3210 3534; x_wconf 82' lang='grc' dir='ltr'>δύο</span> <span class='ocrx_word' id='word_1_595' title='bbox 3241 3479 3508 3548; x_wconf 82' lang='grc' dir='ltr'>τάγματα</span> <span class='ocrx_word' id='word_1_596' title='bbox 3547 3473 3610 3529; x_wconf 76' lang='grc' dir='ltr'>τὰ</span> <span class='ocrx_word' id='word_1_597' title='bbox 3631 3472 3696 3526; x_wconf 72' lang='lat' dir='ltr'><strong>tu</strong></span> 
     </span>
    </p>
   </div>
   <div class='ocr_carea' id='block_1_79' title="bbox 2098 3560 3696 3640">
    <p class='ocr_par' dir='ltr' id='par_1_79' title="bbox 2098 3560 3696 3640">
     <span class='ocr_line' id='line_1_79' title="bbox 2098 3560 3696 3640; baseline 0.003 -29"><span class='ocrx_word' id='word_1_598' title='bbox 2098 3560 2204 3612; x_wconf 85' lang='grc' dir='ltr'><strong>τῶν</strong></span> <span class='ocrx_word' id='word_1_599' title='bbox 2227 3560 2530 3630; x_wconf 80' lang='grc' dir='ltr'>ἔμπροσθεν</span> <span class='ocrx_word' id='word_1_600' title='bbox 2573 3561 2912 3632; x_wconf 84' lang='grc' dir='ltr'>δηλούμενα,</span> <span class='ocrx_word' id='word_1_601' title='bbox 2947 3567 3020 3620; x_wconf 85' lang='grc' dir='ltr'><strong>τό</strong></span> <span class='ocrx_word' id='word_1_602' title='bbox 3043 3587 3112 3622; x_wconf 86' lang='grc' dir='ltr'><strong>τε</strong></span> <span class='ocrx_word' id='word_1_603' title='bbox 3149 3572 3272 3624; x_wconf 81' lang='grc' dir='ltr'><strong>τῶν</strong></span> <span class='ocrx_word' id='word_1_604' title='bbox 3318 3570 3422 3640; x_wconf 81' lang='grc' dir='ltr'>τὴν</span> <span class='ocrx_word' id='word_1_605' title='bbox 3467 3566 3608 3622; x_wconf 87' lang='grc' dir='ltr'>πόλιν</span> <span class='ocrx_word' id='word_1_606' title='bbox 3638 3568 3696 3618; x_wconf 84' lang='grc' dir='ltr'>οἰ-</span> 
     </span>
    </p>
   </div>
   <div class='ocr_carea' id='block_1_80' title="bbox 2100 3641 3698 3728">
    <p class='ocr_par' dir='ltr' id='par_1_80' title="bbox 2100 3641 3698 3728">
     <span class='ocr_line' id='line_1_80' title="bbox 2100 3641 3698 3728; baseline 0.005 -29"><span class='ocrx_word' id='word_1_607' title='bbox 2100 3645 2350 3711; x_wconf 80' lang='grc' dir='ltr'>κούντων,</span> <span class='ocrx_word' id='word_1_608' title='bbox 2379 3649 2507 3718; x_wconf 68' lang='grc' dir='ltr'>περὶ</span> <span class='ocrx_word' id='word_1_609' title='bbox 2550 3641 2634 3708; x_wconf 81' lang='grc' dir='ltr'>ὧν,</span> <span class='ocrx_word' id='word_1_610' title='bbox 2659 3648 2887 3718; x_wconf 75' lang='grc' dir='ltr'>ἐλέγετο</span> <span class='ocrx_word' id='word_1_611' title='bbox 2912 3672 2926 3684; x_wconf 92' lang='grc'><strong>·</strong></span> <span class='ocrx_word' id='word_1_612' title='bbox 2967 3657 3105 3710; x_wconf 87' lang='grc' dir='ltr'><strong>Ὅτι</strong></span> <span class='ocrx_word' id='word_1_613' title='bbox 3140 3656 3328 3714; x_wconf 80' lang='grc' dir='ltr'>εἶδον</span> <span class='ocrx_word' id='word_1_614' title='bbox 3355 3660 3601 3728; x_wconf 72' lang='grc' dir='ltr'>ἀνομίαν</span> <span class='ocrx_word' id='word_1_615' title='bbox 3624 3654 3698 3709; x_wconf 78' lang='grc' dir='ltr'>καὶ</span> 
     </span>
    </p>
   </div>
   <div class='ocr_carea' id='block_1_81' title="bbox 2098 3737 3697 3819">
    <p class='ocr_par' dir='ltr' id='par_1_81' title="bbox 2098 3737 3697 3819">
     <span class='ocr_line' id='line_1_81' title="bbox 2098 3737 3697 3819; baseline 0.007 -30"><span class='ocrx_word' id='word_1_616' title='bbox 2098 3737 2438 3804; x_wconf 73' lang='grc' dir='ltr'>ἀντιλογίαν</span> <span class='ocrx_word' id='word_1_617' title='bbox 2472 3738 2542 3790; x_wconf 77' lang='grc' dir='ltr'>ἐν</span> <span class='ocrx_word' id='word_1_618' title='bbox 2584 3737 2658 3806; x_wconf 79' lang='grc' dir='ltr'>τῇ</span> <span class='ocrx_word' id='word_1_619' title='bbox 2703 3741 2922 3794; x_wconf 82' lang='grc' dir='ltr'>πόλει·</span> <span class='ocrx_word' id='word_1_620' title='bbox 2963 3747 3077 3800; x_wconf 67' lang='grc' dir='ltr'>καὶ</span> <span class='ocrx_word' id='word_1_621' title='bbox 3113 3750 3182 3802; x_wconf 79' lang='grc' dir='ltr'>τὸ</span> <span class='ocrx_word' id='word_1_622' title='bbox 3233 3751 3368 3819; x_wconf 75' lang='grc' dir='ltr'>περὶ</span> <span class='ocrx_word' id='word_1_623' title='bbox 3401 3749 3496 3802; x_wconf 80' lang='grc' dir='ltr'>τοῦ</span> <span class='ocrx_word' id='word_1_624' title='bbox 3538 3743 3697 3818; x_wconf 83' lang='grc' dir='ltr'>προδό-</span> 
     </span>
    </p>
   </div>
   <div class='ocr_carea' id='block_1_82' title="bbox 2097 3819 3700 3906">
    <p class='ocr_par' dir='ltr' id='par_1_82' title="bbox 2097 3819 3700 3906">
     <span class='ocr_line' id='line_1_82' title="bbox 2097 3819 3700 3906; baseline 0.007 -31"><span class='ocrx_word' id='word_1_625' title='bbox 2097 3839 2209 3886; x_wconf 84' lang='grc' dir='ltr'>του,</span> <span class='ocrx_word' id='word_1_626' title='bbox 2241 3827 2365 3896; x_wconf 75' lang='grc' dir='ltr'>περὶ</span> <span class='ocrx_word' id='word_1_627' title='bbox 2393 3819 2453 3877; x_wconf 77' lang='grc' dir='ltr'><strong>οὗ</strong></span> <span class='ocrx_word' id='word_1_628' title='bbox 2480 3826 2718 3894; x_wconf 72' lang='grc' dir='ltr'>ἔφασκεν</span> <span class='ocrx_word' id='word_1_629' title='bbox 2746 3830 2775 3880; x_wconf 87' lang='grc' dir='ltr'><strong>ό</strong></span> <span class='ocrx_word' id='word_1_630' title='bbox 2803 3828 2978 3898; x_wconf 86' lang='grc' dir='ltr'>λόγος</span> <span class='ocrx_word' id='word_1_631' title='bbox 2998 3849 3014 3864; x_wconf 72' lang='grc' dir='ltr'><strong>ο</strong></span> <span class='ocrx_word' id='word_1_632' title='bbox 3056 3829 3214 3903; x_wconf 81' lang='grc' dir='ltr'>Ὅτι,</span> <span class='ocrx_word' id='word_1_633' title='bbox 3251 3841 3307 3891; x_wconf 80' lang='grc' dir='ltr'>εἰ</span> <span class='ocrx_word' id='word_1_634' title='bbox 3340 3837 3553 3906; x_wconf 76' lang='grc' dir='ltr'>ἐχθρὸς</span> <span class='ocrx_word' id='word_1_635' title='bbox 3572 3833 3700 3889; x_wconf 60' lang='lat' dir='ltr'><strong>(in-alo</strong></span> 
     </span>
    </p>
   </div>
   <div class='ocr_carea' id='block_1_83' title="bbox 2097 3910 3700 3990">
    <p class='ocr_par' dir='ltr' id='par_1_83' title="bbox 2097 3910 3700 3990">
     <span class='ocr_line' id='line_1_83' title="bbox 2097 3910 3700 3990; baseline 0.007 -28"><span class='ocrx_word' id='word_1_636' title='bbox 2097 3910 2228 3964; x_wconf 85' lang='grc' dir='ltr'>δισέ</span> <span class='ocrx_word' id='word_1_637' title='bbox 2249 3930 2342 3978; x_wconf 84' lang='grc' dir='ltr'>με,</span> <span class='ocrx_word' id='word_1_638' title='bbox 2383 3913 2696 3983; x_wconf 75' lang='grc' dir='ltr'>ὑπήνεγκα</span> <span class='ocrx_word' id='word_1_639' title='bbox 2728 3917 2825 3971; x_wconf 82' lang='grc' dir='ltr'><strong>ἄν.</strong></span> <span class='ocrx_word' id='word_1_640' title='bbox 2863 3920 2986 3974; x_wconf 69' lang='grc' dir='ltr'><strong>Καὶ</strong></span> <span class='ocrx_word' id='word_1_641' title='bbox 3019 3927 3279 3982; x_wconf 80' lang='grc' dir='ltr'>ἐνταῦθα</span> <span class='ocrx_word' id='word_1_642' title='bbox 3312 3928 3519 3989; x_wconf 86' lang='grc' dir='ltr'>τοίνυν,</span> <span class='ocrx_word' id='word_1_643' title='bbox 3545 3922 3700 3990; x_wconf 76' lang='grc' dir='ltr'>ἐπειδὴ</span> 
     </span>
    </p>
   </div>
   <div class='ocr_carea' id='block_1_84' title="bbox 2099 4000 3699 4087">
    <p class='ocr_par' dir='ltr' id='par_1_84' title="bbox 2099 4000 3699 4087">
     <span class='ocr_line' id='line_1_84' title="bbox 2099 4000 3699 4087; baseline 0.009 -36"><span class='ocrx_word' id='word_1_644' title='bbox 2099 4000 2404 4072; x_wconf 74' lang='grc' dir='ltr'>προσῄεσαν</span> <span class='ocrx_word' id='word_1_645' title='bbox 2435 4004 2512 4072; x_wconf 79' lang='grc' dir='ltr'>τῷ</span> <span class='ocrx_word' id='word_1_646' title='bbox 2559 4005 2778 4076; x_wconf 80' lang='grc' dir='ltr'>Σωτῆρι</span> <span class='ocrx_word' id='word_1_647' title='bbox 2829 4009 2958 4076; x_wconf 85' lang='grc' dir='ltr'>μεθ’</span> <span class='ocrx_word' id='word_1_648' title='bbox 3005 4014 3379 4087; x_wconf 83' lang='grc' dir='ltr'>ὑποκρίσεως</span> <span class='ocrx_word' id='word_1_649' title='bbox 3431 4018 3524 4070; x_wconf 72' lang='grc' dir='ltr'><strong>καὶ</strong></span> <span class='ocrx_word' id='word_1_650' title='bbox 3568 4015 3699 4069; x_wconf 73' lang='grc' dir='ltr'>κολα·</span> 
     </span>
    </p>
   </div>
   <div class='ocr_carea' id='block_1_85' title="bbox 463 4091 1997 4171">
    <p class='ocr_par' dir='ltr' id='par_1_85' title="bbox 463 4091 1997 4160">
     <span class='ocr_line' id='line_1_85' title="bbox 463 4091 1997 4160; baseline -0.001 -18"><span class='ocrx_word' id='word_1_651' title='bbox 463 4107 554 4144; x_wconf 87' lang='lat' dir='ltr'><strong>ora</strong></span> <span class='ocrx_word' id='word_1_652' title='bbox 581 4108 755 4146; x_wconf 86' lang='lat' dir='ltr'><strong>eorum</strong></span> <span class='ocrx_word' id='word_1_653' title='bbox 779 4107 797 4144; x_wconf 93' lang='lat'><strong><em>:</em></strong></span> <span class='ocrx_word' id='word_1_654' title='bbox 837 4101 1031 4160; x_wconf 83' lang='lat' dir='ltr'><strong>pugnat</strong></span> <span class='ocrx_word' id='word_1_655' title='bbox 1055 4108 1170 4144; x_wconf 82' lang='lat' dir='ltr'><strong>vero</strong></span> <span class='ocrx_word' id='word_1_656' title='bbox 1203 4107 1290 4143; x_wconf 88' lang='lat' dir='ltr'><strong>cor</strong></span> <span class='ocrx_word' id='word_1_657' title='bbox 1317 4091 1717 4159; x_wconf 84' lang='lat' dir='ltr'><strong>uniuscuiusque</strong></span> <span class='ocrx_word' id='word_1_658' title='bbox 1753 4093 1997 4155; x_wconf 80' lang='lat' dir='ltr'><strong>illorum;</strong></span> 
     </span>
    </p>
   </div>
   <div class='ocr_carea' id='block_1_86' title="bbox 2089 4091 3702 4171">
    <p class='ocr_par' dir='ltr' id='par_1_86' title="bbox 2099 4093 3702 4171">
     <span class='ocr_line' id='line_1_86' title="bbox 2099 4093 3702 4171; baseline 0.006 -29"><span class='ocrx_word' id='word_1_659' title='bbox 2099 4093 2249 4152; x_wconf 88' lang='grc' dir='ltr'>κείας</span> <span class='ocrx_word' id='word_1_660' title='bbox 2280 4093 2329 4143; x_wconf 84' lang='grc' dir='ltr'>οἱ</span> <span class='ocrx_word' id='word_1_661' title='bbox 2381 4093 2640 4162; x_wconf 80' lang='grc' dir='ltr'>ἄρχοντες</span> <span class='ocrx_word' id='word_1_662' title='bbox 2687 4095 2782 4147; x_wconf 83' lang='grc' dir='ltr'>τοῦ</span> <span class='ocrx_word' id='word_1_663' title='bbox 2831 4099 3129 4156; x_wconf 79' lang='grc' dir='ltr'>Ἰουδαίων</span> <span class='ocrx_word' id='word_1_664' title='bbox 3181 4106 3402 4169; x_wconf 83' lang='grc' dir='ltr'>ἔθνους,</span> <span class='ocrx_word' id='word_1_665' title='bbox 3443 4107 3571 4157; x_wconf 81' lang='grc' dir='ltr'>ποτὲ</span> <span class='ocrx_word' id='word_1_666' title='bbox 3620 4104 3702 4171; x_wconf 76' lang='grc' dir='ltr'>μὲν</span> 
     </span>
    </p>
   </div>
   <div class='ocr_carea' id='block_1_87' title="bbox 464 4177 1997 4265">
    <p class='ocr_par' dir='ltr' id='par_1_87' title="bbox 464 4177 1997 4248">
     <span class='ocr_line' id='line_1_87' title="bbox 464 4177 1997 4248; baseline 0.001 -17"><span class='ocrx_word' id='word_1_667' title='bbox 464 4181 800 4247; x_wconf 86' lang='lat' dir='ltr'><strong>peculiariter</strong></span> <span class='ocrx_word' id='word_1_668' title='bbox 831 4194 1040 4233; x_wconf 89' lang='lat' dir='ltr'><strong>rursum</strong></span> <span class='ocrx_word' id='word_1_669' title='bbox 1069 4177 1136 4232; x_wconf 80' lang='lat' dir='ltr'><strong>de</strong></span> <span class='ocrx_word' id='word_1_670' title='bbox 1165 4178 1456 4246; x_wconf 78' lang='lat' dir='ltr'><strong>proditore,</strong></span> <span class='ocrx_word' id='word_1_671' title='bbox 1483 4178 1606 4246; x_wconf 87' lang='lat' dir='ltr'><strong>quia</strong></span> <span class='ocrx_word' id='word_1_672' title='bbox 1631 4177 1799 4231; x_wconf 60' lang='lat' dir='ltr'><strong>Rabiri</strong></span> <span class='ocrx_word' id='word_1_673' title='bbox 1826 4180 1997 4248; x_wconf 89' lang='lat' dir='ltr'><strong>ipsum</strong></span> 
     </span>
    </p>
   </div>
   <div class='ocr_carea' id='block_1_88' title="bbox 2089 4177 3698 4265">
    <p class='ocr_par' dir='ltr' id='par_1_88' title="bbox 2098 4179 3698 4265">
     <span class='ocr_line' id='line_1_88' title="bbox 2098 4179 3698 4265; baseline 0.011 -34"><span class='ocrx_word' id='word_1_674' title='bbox 2098 4179 2406 4263; x_wconf 70' lang='grc' dir='ltr'>διδάσκαλον</span> <span class='ocrx_word' id='word_1_675' title='bbox 2453 4183 2862 4246; x_wconf 74' lang='grc' dir='ltr'>ἀποκαλοῦντες</span> <span class='ocrx_word' id='word_1_676' title='bbox 2918 4191 2986 4240; x_wconf 77' lang='grc' dir='ltr'>οὐ</span> <span class='ocrx_word' id='word_1_677' title='bbox 3050 4194 3158 4246; x_wconf 84' lang='grc' dir='ltr'>σὺν</span> <span class='ocrx_word' id='word_1_678' title='bbox 3213 4195 3443 4265; x_wconf 78' lang='grc' dir='ltr'>καθαρᾷ</span> <span class='ocrx_word' id='word_1_679' title='bbox 3504 4193 3698 4263; x_wconf 73' lang='grc' dir='ltr'>καρδίᾳ.</span> 
     </span>
    </p>
   </div>
   <div class='ocr_carea' id='block_1_89' title="bbox 463 4247 1997 4351">
    <p class='ocr_par' dir='ltr' id='par_1_89' title="bbox 463 4247 1997 4337">
     <span class='ocr_line' id='line_1_89' title="bbox 463 4247 1997 4337; baseline -0.001 -15"><span class='ocrx_word' id='word_1_680' title='bbox 463 4277 517 4322; x_wconf 86' lang='lat' dir='ltr'><strong>et</strong></span> <span class='ocrx_word' id='word_1_681' title='bbox 544 4270 856 4337; x_wconf 83' lang='lat' dir='ltr'><strong>magistrum</strong></span> <span class='ocrx_word' id='word_1_682' title='bbox 887 4268 1130 4331; x_wconf 78' lang='lat' dir='ltr'><strong>vocabat,</strong></span> <span class='ocrx_word' id='word_1_683' title='bbox 1158 4277 1210 4320; x_wconf 93' lang='lat' dir='ltr'><strong>et</strong></span> <span class='ocrx_word' id='word_1_684' title='bbox 1259 4283 1380 4320; x_wconf 90' lang='lat' dir='ltr'><strong>cum</strong></span> <span class='ocrx_word' id='word_1_685' title='bbox 1412 4266 1766 4335; x_wconf 85' lang='lat' dir='ltr'><strong>proditionem</strong></span> <span class='ocrx_word' id='word_1_686' title='bbox 1799 4247 1997 4320; x_wconf 87' lang='lat' dir='ltr'><strong>machi-</strong></span> 
     </span>
    </p>
   </div>
   <div class='ocr_carea' id='block_1_90' title="bbox 2089 4247 3703 4351">
    <p class='ocr_par' dir='ltr' id='par_1_90' title="bbox 2100 4247 3703 4351">
     <span class='ocr_line' id='line_1_90' title="bbox 2100 4247 3703 4351; baseline 0.014 -33"><span class='ocrx_word' id='word_1_687' title='bbox 2100 4269 2226 4319; x_wconf 82' lang='grc' dir='ltr'>ποτὲ</span> <span class='ocrx_word' id='word_1_688' title='bbox 2245 4254 2312 4318; x_wconf 70' lang='grc' dir='ltr'><strong>’δὲ</strong></span> <span class='ocrx_word' id='word_1_689' title='bbox 2357 4269 2604 4335; x_wconf 82' lang='grc' dir='ltr'>λέγοντες</span> <span class='ocrx_word' id='word_1_690' title='bbox 2653 4273 2839 4341; x_wconf 76' lang='grc' dir='ltr'>αὐτῷ·</span> <span class='ocrx_word' id='word_1_691' title='bbox 2885 4279 3189 4348; x_wconf 80' lang='grc' dir='ltr'>Οἴδαμεν,</span> <span class='ocrx_word' id='word_1_692' title='bbox 3239 4247 3333 4336; x_wconf 71' lang='grc' dir='ltr'><strong>ότι</strong></span> <span class='ocrx_word' id='word_1_693' title='bbox 3372 4247 3613 4351; x_wconf 42' lang='grc' dir='ltr'>αἱιηθὴς</span> 
     </span>
    </p>
   </div>
   <div class='ocr_carea' id='block_1_91' title="bbox 465 4355 1997 4454">
    <p class='ocr_par' dir='ltr' id='par_1_91' title="bbox 465 4355 1997 4426">
     <span class='ocr_line' id='line_1_91' title="bbox 465 4355 1997 4426; baseline 0 -18"><span class='ocrx_word' id='word_1_694' title='bbox 465 4365 740 4417; x_wconf 84' lang='lat' dir='ltr'><strong>narentur.</strong></span> <span class='ocrx_word' id='word_1_695' title='bbox 765 4359 987 4411; x_wconf 81' lang='lat' dir='ltr'><strong>aﬂ&#39;ectus</strong></span> <span class='ocrx_word' id='word_1_696' title='bbox 1008 4365 1060 4410; x_wconf 90' lang='lat' dir='ltr'><strong>et</strong></span> <span class='ocrx_word' id='word_1_697' title='bbox 1081 4357 1326 4410; x_wconf 69' lang='lat' dir='ltr'><strong>amicititr</strong></span> <span class='ocrx_word' id='word_1_698' title='bbox 1343 4357 1579 4426; x_wconf 83' lang='lat' dir='ltr'><strong>symbola</strong></span> <span class='ocrx_word' id='word_1_699' title='bbox 1608 4355 1788 4416; x_wconf 86' lang='lat' dir='ltr'><strong>dabat,</strong></span> <span class='ocrx_word' id='word_1_700' title='bbox 1807 4356 1997 4409; x_wconf 85' lang='lat' dir='ltr'><strong>merito</strong></span> 
     </span>
    </p>
   </div>
   <div class='ocr_carea' id='block_1_92' title="bbox 2089 4355 3697 4454">
    <p class='ocr_par' dir='ltr' id='par_1_92' title="bbox 2099 4355 3697 4454">
     <span class='ocr_line' id='line_1_92' title="bbox 2099 4355 3697 4454; baseline 0.012 -47"><span class='ocrx_word' id='word_1_701' title='bbox 2223 4355 2329 4454; x_wconf 72' lang='grc' dir='ltr'><strong>τόν</strong></span> <span class='ocrx_word' id='word_1_702' title='bbox 2361 4359 2546 4454; x_wconf 69' lang='grc' dir='ltr'>λόγον</span> <span class='ocrx_word' id='word_1_703' title='bbox 2591 4361 2700 4413; x_wconf 84' lang='grc' dir='ltr'>τοῦ</span> <span class='ocrx_word' id='word_1_704' title='bbox 2746 4365 2901 4418; x_wconf 85' lang='grc' dir='ltr'><strong>Θεοῦ</strong></span> <span class='ocrx_word' id='word_1_705' title='bbox 2939 4369 3016 4421; x_wconf 85' lang='grc' dir='ltr'>ἐν</span> <span class='ocrx_word' id='word_1_706' title='bbox 3061 4371 3330 4441; x_wconf 78' lang='grc' dir='ltr'>ἀληθείᾳ</span> <span class='ocrx_word' id='word_1_707' title='bbox 3377 4375 3697 4436; x_wconf 78' lang='grc' dir='ltr'>διδάσκεις·</span> 
     </span>
    </p>
   </div>
   <div class='ocr_carea' id='block_1_93' title="bbox 463 4443 1997 4531">
    <p class='ocr_par' dir='ltr' id='par_1_93' title="bbox 463 4443 1996 4509">
     <span class='ocr_line' id='line_1_93' title="bbox 463 4443 1996 4509; baseline -0.001 -13"><span class='ocrx_word' id='word_1_708' title='bbox 463 4444 664 4496; x_wconf 90' lang='lat' dir='ltr'><strong>dictum</strong></span> <span class='ocrx_word' id='word_1_709' title='bbox 696 4455 799 4505; x_wconf 86' lang='lat' dir='ltr'><strong>est,</strong></span> <span class='ocrx_word' id='word_1_710' title='bbox 831 4443 880 4496; x_wconf 83' lang='grc' dir='ltr'><em>Μ</em></span> <span class='ocrx_word' id='word_1_711' title='bbox 889 4445 1095 4497; x_wconf 88' lang='lat' dir='ltr'><strong>olliores</strong></span> <span class='ocrx_word' id='word_1_712' title='bbox 1123 4453 1244 4496; x_wconf 83' lang='lat' dir='ltr'><strong>sunt</strong></span> <span class='ocrx_word' id='word_1_713' title='bbox 1272 4459 1527 4495; x_wconf 86' lang='lat' dir='ltr'><strong>sermones</strong></span> <span class='ocrx_word' id='word_1_714' title='bbox 1564 4443 1674 4509; x_wconf 87' lang='lat' dir='ltr'><strong>ejus</strong></span> <span class='ocrx_word' id='word_1_715' title='bbox 1705 4444 1814 4495; x_wconf 83' lang='lat' dir='ltr'><strong>oleo</strong></span> <span class='ocrx_word' id='word_1_716' title='bbox 1834 4483 1850 4504; x_wconf 86' lang='lat'><strong>,</strong></span> <span class='ocrx_word' id='word_1_717' title='bbox 1879 4460 1996 4494; x_wconf 87' lang='lat' dir='ltr'><strong>cum</strong></span> 
     </span>
    </p>
   </div>
   <div class='ocr_carea' id='block_1_94' title="bbox 2089 4443 3708 4531">
    <p class='ocr_par' dir='ltr' id='par_1_94' title="bbox 2097 4443 3708 4531">
     <span class='ocr_line' id='line_1_94' title="bbox 2097 4443 3708 4531; baseline 0.012 -38"><span class='ocrx_word' id='word_1_718' title='bbox 2097 4443 2192 4495; x_wconf 76' lang='grc' dir='ltr'>καὶ</span> <span class='ocrx_word' id='word_1_719' title='bbox 2233 4447 2302 4496; x_wconf 88' lang='grc' dir='ltr'>οὐ</span> <span class='ocrx_word' id='word_1_720' title='bbox 2329 4444 2498 4511; x_wconf 80' lang='grc' dir='ltr'>μέλει</span> <span class='ocrx_word' id='word_1_721' title='bbox 2542 4461 2642 4500; x_wconf 86' lang='grc' dir='ltr'><strong>σοι</strong></span> <span class='ocrx_word' id='word_1_722' title='bbox 2676 4452 2814 4518; x_wconf 76' lang='grc' dir='ltr'>περὶ</span> <span class='ocrx_word' id='word_1_723' title='bbox 2858 4457 3162 4524; x_wconf 69' lang='grc' dir='ltr'><strong>οὐδενός-ο</strong></span> <span class='ocrx_word' id='word_1_724' title='bbox 3216 4464 3289 4515; x_wconf 80' lang='grc' dir='ltr'>οὺ</span> <span class='ocrx_word' id='word_1_725' title='bbox 3325 4465 3448 4531; x_wconf 74' lang='grc' dir='ltr'>γὰρ</span> <span class='ocrx_word' id='word_1_726' title='bbox 3471 4465 3708 4527; x_wconf 75' lang='grc' dir='ltr'>βλέπεις</span> 
     </span>
    </p>
   </div>
   <div class='ocr_carea' id='block_1_95' title="bbox 463 4526 1997 4619">
    <p class='ocr_par' dir='ltr' id='par_1_95' title="bbox 463 4526 1997 4598">
     <span class='ocr_line' id='line_1_95' title="bbox 463 4526 1997 4598; baseline 0.001 -16"><span class='ocrx_word' id='word_1_727' title='bbox 463 4531 566 4582; x_wconf 84' lang='lat' dir='ltr'><strong>sint</strong></span> <span class='ocrx_word' id='word_1_728' title='bbox 607 4531 980 4593; x_wconf 83' lang='lat' dir='ltr'><strong>discindentes;</strong></span> <span class='ocrx_word' id='word_1_729' title='bbox 1038 4531 1150 4585; x_wconf 86' lang='lat' dir='ltr'><strong>sive</strong></span> <span class='ocrx_word' id='word_1_730' title='bbox 1207 4529 1496 4584; x_wconf 84' lang='lat' dir='ltr'><strong>secundum</strong></span> <span class='ocrx_word' id='word_1_731' title='bbox 1543 4526 1679 4581; x_wconf 73' lang='lat' dir='ltr'><strong>LXX</strong></span> <span class='ocrx_word' id='word_1_732' title='bbox 1735 4531 1997 4598; x_wconf 85' lang='lat' dir='ltr'><strong>Interpre-</strong></span> 
     </span>
    </p>
   </div>
   <div class='ocr_carea' id='block_1_96' title="bbox 2089 4526 3705 4619">
    <p class='ocr_par' dir='ltr' id='par_1_96' title="bbox 2094 4526 3705 4619">
     <span class='ocr_line' id='line_1_96' title="bbox 2094 4526 3705 4619; baseline 0.006 -25"><span class='ocrx_word' id='word_1_733' title='bbox 2094 4533 2179 4594; x_wconf 76' lang='grc' dir='ltr'><strong>εις</strong></span> <span class='ocrx_word' id='word_1_734' title='bbox 2207 4530 2525 4619; x_wconf 63' lang='grc' dir='ltr'>πρόσωπον</span> <span class='ocrx_word' id='word_1_735' title='bbox 2555 4535 2880 4603; x_wconf 77' lang='grc' dir='ltr'>ἀνθρώπου</span> <span class='ocrx_word' id='word_1_736' title='bbox 2905 4556 2918 4572; x_wconf 77' lang='grc'><strong><em>⁸</em></strong></span> <span class='ocrx_word' id='word_1_737' title='bbox 2954 4546 3194 4609; x_wconf 79' lang='grc' dir='ltr'>εἰκότως</span> <span class='ocrx_word' id='word_1_738' title='bbox 3226 4526 3364 4619; x_wconf 73' lang='grc' dir='ltr'>περὶ</span> <span class='ocrx_word' id='word_1_739' title='bbox 3403 4526 3593 4602; x_wconf 51' lang='lat' dir='ltr'><strong>abstini</strong></span> <span class='ocrx_word' id='word_1_740' title='bbox 3616 4564 3705 4616; x_wconf 56' lang='grc' dir='ltr'><strong>ψηδ</strong></span> 
     </span>
    </p>
   </div>
   <div class='ocr_carea' id='block_1_97' title="bbox 463 4615 1997 4704">
    <p class='ocr_par' dir='ltr' id='par_1_97' title="bbox 463 4619 1997 4687">
     <span class='ocr_line' id='line_1_97' title="bbox 463 4619 1997 4687; baseline 0 -17"><span class='ocrx_word' id='word_1_741' title='bbox 463 4626 562 4676; x_wconf 90' lang='lat' dir='ltr'><strong>tes.</strong></span> <span class='ocrx_word' id='word_1_742' title='bbox 589 4619 782 4672; x_wconf 81' lang='lat' dir='ltr'><strong>Molliti</strong></span> <span class='ocrx_word' id='word_1_743' title='bbox 808 4629 926 4672; x_wconf 91' lang='lat' dir='ltr'><strong>sunt</strong></span> <span class='ocrx_word' id='word_1_744' title='bbox 957 4636 1213 4673; x_wconf 88' lang='lat' dir='ltr'><strong>sermones</strong></span> <span class='ocrx_word' id='word_1_745' title='bbox 1256 4619 1367 4687; x_wconf 89' lang='lat' dir='ltr'><strong>ejus</strong></span> <span class='ocrx_word' id='word_1_746' title='bbox 1399 4633 1548 4686; x_wconf 82' lang='lat' dir='ltr'><strong>super</strong></span> <span class='ocrx_word' id='word_1_747' title='bbox 1577 4620 1774 4682; x_wconf 89' lang='lat' dir='ltr'><strong>oleum,</strong></span> <span class='ocrx_word' id='word_1_748' title='bbox 1824 4629 1872 4672; x_wconf 87' lang='lat' dir='ltr'><strong>et</strong></span> <span class='ocrx_word' id='word_1_749' title='bbox 1899 4619 1997 4686; x_wconf 80' lang='lat' dir='ltr'><strong>ipsi</strong></span> 
     </span>
    </p>
   </div>
   <div class='ocr_carea' id='block_1_98' title="bbox 2089 4615 3709 4704">
    <p class='ocr_par' dir='ltr' id='par_1_98' title="bbox 2098 4615 3709 4704">
     <span class='ocr_line' id='line_1_98' title="bbox 2098 4615 3709 4704; baseline 0.014 -36"><span class='ocrx_word' id='word_1_750' title='bbox 2098 4633 2179 4668; x_wconf 83' lang='lat' dir='ltr'><strong>aw</strong></span> <span class='ocrx_word' id='word_1_751' title='bbox 2208 4615 2436 4672; x_wconf 80' lang='grc' dir='ltr'>ἐνταῦθα</span> <span class='ocrx_word' id='word_1_752' title='bbox 2477 4624 2506 4673; x_wconf 85' lang='grc' dir='ltr'><strong>ὁ</strong></span> <span class='ocrx_word' id='word_1_753' title='bbox 2547 4623 2707 4691; x_wconf 85' lang='grc' dir='ltr'>λόγος</span> <span class='ocrx_word' id='word_1_754' title='bbox 2730 4643 2742 4655; x_wconf 94' lang='grc'><strong>·</strong></span> <span class='ocrx_word' id='word_1_755' title='bbox 2782 4631 3072 4698; x_wconf 78' lang='grc' dir='ltr'>Λειότερα</span> <span class='ocrx_word' id='word_1_756' title='bbox 3111 4615 3446 4704; x_wconf 66' lang='grc' dir='ltr'>βουτῦρου</span> <span class='ocrx_word' id='word_1_757' title='bbox 3477 4637 3552 4690; x_wconf 81' lang='grc' dir='ltr'>τὰ</span> <span class='ocrx_word' id='word_1_758' title='bbox 3583 4633 3709 4689; x_wconf 81' lang='grc' dir='ltr'>στό-</span> 
     </span>
    </p>
   </div>
   <div class='ocr_carea' id='block_1_99' title="bbox 461 4707 1997 4790">
    <p class='ocr_par' dir='ltr' id='par_1_99' title="bbox 461 4707 802 4774">
     <span class='ocr_line' id='line_1_99' title="bbox 461 4707 802 4774; baseline -0.003 -16"><span class='ocrx_word' id='word_1_759' title='bbox 461 4715 579 4759; x_wconf 86' lang='lat' dir='ltr'><strong>sunt</strong></span> <span class='ocrx_word' id='word_1_760' title='bbox 598 4707 802 4774; x_wconf 85' lang='lat' dir='ltr'><strong>jacula.</strong></span> 
     </span>
    </p>
   </div>
   <div class='ocr_carea' id='block_1_100' title="bbox 2089 4707 3711 4790">
    <p class='ocr_par' dir='ltr' id='par_1_100' title="bbox 2093 4708 3711 4790">
     <span class='ocr_line' id='line_1_100' title="bbox 2093 4708 3711 4790; baseline 0.004 -18"><span class='ocrx_word' id='word_1_761' title='bbox 2093 4722 2248 4772; x_wconf 78' lang='grc' dir='ltr'><strong>ματα</strong></span> <span class='ocrx_word' id='word_1_762' title='bbox 2293 4708 2524 4761; x_wconf 68' lang='grc' dir='ltr'><strong>αὐτῶν·</strong></span> <span class='ocrx_word' id='word_1_763' title='bbox 2568 4719 2822 4784; x_wconf 68' lang='grc' dir='ltr'>πολεμεῖ</span> <span class='ocrx_word' id='word_1_764' title='bbox 2851 4719 2923 4772; x_wconf 86' lang='grc' dir='ltr'>δὲ</span> <span class='ocrx_word' id='word_1_765' title='bbox 2955 4723 2994 4790; x_wconf 81' lang='grc' dir='ltr'><em>ἠ</em></span> <span class='ocrx_word' id='word_1_766' title='bbox 3039 4724 3261 4789; x_wconf 82' lang='grc' dir='ltr'>καρδιά</span> <span class='ocrx_word' id='word_1_767' title='bbox 3301 4727 3586 4780; x_wconf 71' lang='grc' dir='ltr'>ἑκάστου</span> <span class='ocrx_word' id='word_1_768' title='bbox 3621 4727 3711 4778; x_wconf 68' lang='lat' dir='ltr'><strong>ai&quot;</strong></span> 
     </span>
    </p>
   </div>
   <div class='ocr_carea' id='block_1_101' title="bbox 465 4793 3712 4889">
    <p class='ocr_par' dir='ltr' id='par_1_101' title="bbox 465 4793 3712 4889">
     <span class='ocr_line' id='line_1_101' title="bbox 465 4793 3712 4889; baseline 0.006 -43"><span class='ocrx_word' id='word_1_769' title='bbox 465 4795 601 4889; x_wconf 62' lang='grc' dir='ltr'>τῶν,</span> <span class='ocrx_word' id='word_1_770' title='bbox 655 4796 815 4858; x_wconf 77' lang='grc' dir='ltr'>’ἰδίως</span> <span class='ocrx_word' id='word_1_771' title='bbox 839 4795 899 4847; x_wconf 82' lang='grc' dir='ltr'>δὲ</span> <span class='ocrx_word' id='word_1_772' title='bbox 931 4796 1086 4889; x_wconf 80' lang='grc' dir='ltr'>πάλιν</span> <span class='ocrx_word' id='word_1_773' title='bbox 1115 4795 1241 4866; x_wconf 81' lang='grc' dir='ltr'><strong>περί</strong></span> <span class='ocrx_word' id='word_1_774' title='bbox 1273 4795 1363 4847; x_wconf 83' lang='grc' dir='ltr'>τοῦ</span> <span class='ocrx_word' id='word_1_775' title='bbox 1394 4795 1667 4864; x_wconf 85' lang='grc' dir='ltr'>προδότου,</span> <span class='ocrx_word' id='word_1_776' title='bbox 1695 4793 1876 4889; x_wconf 66' lang='grc' dir='ltr'>ἐπειδὴ</span> <span class='ocrx_word' id='word_1_777' title='bbox 1900 4795 1990 4847; x_wconf 78' lang='grc' dir='ltr'>καὶ</span> <span class='ocrx_word' id='word_1_778' title='bbox 2035 4796 2282 4849; x_wconf 71' lang='grc' dir='ltr'>Ῥαϐϐεὶν</span> <span class='ocrx_word' id='word_1_779' title='bbox 2316 4801 2481 4855; x_wconf 76' lang='grc' dir='ltr'>αὐτὸν</span> <span class='ocrx_word' id='word_1_780' title='bbox 2519 4805 2616 4857; x_wconf 75' lang='grc' dir='ltr'>καὶ</span> <span class='ocrx_word' id='word_1_781' title='bbox 2648 4806 2978 4864; x_wconf 80' lang='grc' dir='ltr'>διδάσκαλον</span> <span class='ocrx_word' id='word_1_782' title='bbox 3013 4814 3316 4880; x_wconf 81' lang='grc' dir='ltr'>ἀποκαλεῖ,</span> <span class='ocrx_word' id='word_1_783' title='bbox 3352 4819 3612 4889; x_wconf 72' lang='grc' dir='ltr'>σύμϐολα</span> <span class='ocrx_word' id='word_1_784' title='bbox 3662 4833 3712 4867; x_wconf 81' lang='grc' dir='ltr'><strong>τε</strong></span> 
     </span>
    </p>
   </div>
   <div class='ocr_carea' id='block_1_102' title="bbox 459 4883 3715 4973">
    <p class='ocr_par' dir='ltr' id='par_1_102' title="bbox 459 4883 3715 4973">
     <span class='ocr_line' id='line_1_102' title="bbox 459 4883 3715 4973; baseline 0.007 -37"><span class='ocrx_word' id='word_1_785' title='bbox 459 4883 740 4973; x_wconf 72' lang='grc' dir='ltr'>διαθέσεως</span> <span class='ocrx_word' id='word_1_786' title='bbox 779 4886 871 4936; x_wconf 69' lang='grc' dir='ltr'><strong>καὶ</strong></span> <span class='ocrx_word' id='word_1_787' title='bbox 931 4885 1132 4973; x_wconf 29' lang='grc' dir='ltr'>φιλίας-</span> <span class='ocrx_word' id='word_1_788' title='bbox 1171 4887 1416 4954; x_wconf 78' lang='grc' dir='ltr'>παρεῖχε,</span> <span class='ocrx_word' id='word_1_789' title='bbox 1469 4885 1565 4954; x_wconf 78' lang='grc' dir='ltr'>τὴν</span> <span class='ocrx_word' id='word_1_790' title='bbox 1623 4883 1902 4954; x_wconf 83' lang='grc' dir='ltr'>προδοσίαν</span> <span class='ocrx_word' id='word_1_791' title='bbox 1935 4885 2268 4955; x_wconf 77' lang='grc' dir='ltr'>ποιούμενος.</span> <span class='ocrx_word' id='word_1_792' title='bbox 2311 4891 2537 4958; x_wconf 83' lang='grc' dir='ltr'>εἰκότως</span> <span class='ocrx_word' id='word_1_793' title='bbox 2585 4899 2717 4967; x_wconf 73' lang='grc' dir='ltr'>περὶ</span> <span class='ocrx_word' id='word_1_794' title='bbox 2762 4902 2928 4954; x_wconf 77' lang='grc' dir='ltr'>αὐτοῦ</span> <span class='ocrx_word' id='word_1_795' title='bbox 2970 4901 3222 4956; x_wconf 83' lang='grc' dir='ltr'>λέλεκται</span> <span class='ocrx_word' id='word_1_796' title='bbox 3253 4923 3270 4934; x_wconf 88' lang='grc'><strong>·</strong></span> <span class='ocrx_word' id='word_1_797' title='bbox 3322 4883 3715 4973; x_wconf 53' lang='grc' dir='ltr'>’.ἁπαλώτεροι</span> 
     </span>
    </p>
   </div>
   <div class='ocr_carea' id='block_1_103' title="bbox 459 4970 3716 5066">
    <p class='ocr_par' dir='ltr' id='par_1_103' title="bbox 459 4970 3716 5066">
     <span class='ocr_line' id='line_1_103' title="bbox 459 4970 3716 5066; baseline -0 -46"><span class='ocrx_word' id='word_1_798' title='bbox 459 4973 524 5066; x_wconf 41' lang='grc' dir='ltr'><strong>οι.</strong></span> <span class='ocrx_word' id='word_1_799' title='bbox 561 4971 722 5066; x_wconf 59' lang='grc' dir='ltr'>λόγοι</span> <span class='ocrx_word' id='word_1_800' title='bbox 775 4972 961 5066; x_wconf 37' lang='grc' dir='ltr'>ἀὐτοῦ</span> <span class='ocrx_word' id='word_1_801' title='bbox 1002 4970 1203 5066; x_wconf 75' lang='grc' dir='ltr'>ἐλαίου</span> <span class='ocrx_word' id='word_1_802' title='bbox 1230 5009 1244 5032; x_wconf 90' lang='grc'><strong>,</strong></span> <span class='ocrx_word' id='word_1_803' title='bbox 1292 4971 1889 5066; x_wconf 22' lang='grc' dir='ltr'>δντεςῼὰναῖμηεικοί·</span> <span class='ocrx_word' id='word_1_804' title='bbox 1951 4972 1982 5041; x_wconf 80' lang='grc' dir='ltr'>ἢ</span> <span class='ocrx_word' id='word_1_805' title='bbox 2022 4973 2158 5026; x_wconf 74' lang='grc' dir='ltr'>κατὰ</span> <span class='ocrx_word' id='word_1_806' title='bbox 2198 4978 2323 5040; x_wconf 76' lang='grc' dir='ltr'>τοὺς</span> <span class='ocrx_word' id='word_1_807' title='bbox 2387 4980 2819 5058; x_wconf 65' lang='grc' dir='ltr'><strong>Ἑϐδομήκοντα.</strong></span> <span class='ocrx_word' id='word_1_808' title='bbox 2899 4991 3408 5063; x_wconf 63' lang='grc' dir='ltr'><strong>Ἡπαλύνθησαν</strong></span> <span class='ocrx_word' id='word_1_809' title='bbox 3458 5002 3519 5053; x_wconf 68' lang='grc' dir='ltr'><strong>οι</strong></span> <span class='ocrx_word' id='word_1_810' title='bbox 3561 4970 3716 5066; x_wconf 48' lang='grc' dir='ltr'><strong>λέγω</strong></span> 
     </span>
    </p>
   </div>
   <div class='ocr_carea' id='block_1_104' title="bbox 461 5057 1844 5124">
    <p class='ocr_par' dir='ltr' id='par_1_104' title="bbox 461 5057 1844 5124">
     <span class='ocr_line' id='line_1_104' title="bbox 461 5057 1844 5124; baseline 0.002 -15"><span class='ocrx_word' id='word_1_811' title='bbox 461 5057 640 5110; x_wconf 83' lang='grc' dir='ltr'>αὑτοῦ</span> <span class='ocrx_word' id='word_1_812' title='bbox 679 5057 826 5123; x_wconf 83' lang='grc' dir='ltr'>ὑπὲρ</span> <span class='ocrx_word' id='word_1_813' title='bbox 858 5059 1077 5120; x_wconf 73' lang='grc' dir='ltr'>ἔλαιον,</span> <span class='ocrx_word' id='word_1_814' title='bbox 1112 5058 1206 5109; x_wconf 82' lang='grc' dir='ltr'><strong>καί</strong></span> <span class='ocrx_word' id='word_1_815' title='bbox 1239 5060 1405 5111; x_wconf 85' lang='grc' dir='ltr'>αὐτοί</span> <span class='ocrx_word' id='word_1_816' title='bbox 1429 5061 1546 5112; x_wconf 86' lang='grc' dir='ltr'>εἱσι</span> <span class='ocrx_word' id='word_1_817' title='bbox 1579 5059 1844 5124; x_wconf 77' lang='grc' dir='ltr'>βολίδες.</span> 
     </span>
    </p>
   </div>
   <div class='ocr_carea' id='block_1_105' title="bbox 533 5143 1997 5243">
    <p class='ocr_par' dir='ltr' id='par_1_105' title="bbox 533 5143 1993 5213">
     <span class='ocr_line' id='line_1_105' title="bbox 533 5143 1993 5213; baseline 0.003 -17"><span class='ocrx_word' id='word_1_818' title='bbox 533 5143 688 5199; x_wconf 70' lang='lat' dir='ltr'><strong>Vens.</strong></span> <span class='ocrx_word' id='word_1_819' title='bbox 715 5146 902 5204; x_wconf 56' lang='lat'><strong>25.2%.</strong></span> <span class='ocrx_word' id='word_1_820' title='bbox 920 5145 1072 5199; x_wconf 81' lang='lat' dir='ltr'><strong>Jacta</strong></span> <span class='ocrx_word' id='word_1_821' title='bbox 1097 5162 1242 5213; x_wconf 84' lang='lat' dir='ltr'><strong>super</strong></span> <span class='ocrx_word' id='word_1_822' title='bbox 1269 5147 1542 5200; x_wconf 84' lang='lat' dir='ltr'><strong>Dominum</strong></span> <span class='ocrx_word' id='word_1_823' title='bbox 1558 5163 1734 5198; x_wconf 80' lang='lat' dir='ltr'><strong>curam</strong></span> <span class='ocrx_word' id='word_1_824' title='bbox 1763 5157 1926 5210; x_wconf 87' lang='lat' dir='ltr'><strong>tuam,</strong></span> <span class='ocrx_word' id='word_1_825' title='bbox 1944 5159 1993 5202; x_wconf 88' lang='lat' dir='ltr'><strong>et</strong></span> 
     </span>
    </p>
   </div>
   <div class='ocr_carea' id='block_1_106' title="bbox 2089 5143 3704 5243">
    <p class='ocr_par' dir='ltr' id='par_1_106' title="bbox 2179 5153 3704 5243">
     <span class='ocr_line' id='line_1_106' title="bbox 2179 5153 3704 5243; baseline 0.02 -39"><span class='ocrx_word' id='word_1_826' title='bbox 2179 5153 2533 5231; x_wconf 71' lang='grc' dir='ltr'>Ἐπίρῤιψ-ον</span> <span class='ocrx_word' id='word_1_827' title='bbox 2565 5170 2660 5225; x_wconf 71' lang='grc' dir='ltr'><strong>ἐπὶ</strong></span> <span class='ocrx_word' id='word_1_828' title='bbox 2691 5172 2913 5240; x_wconf 81' lang='grc' dir='ltr'>Κύριον</span> <span class='ocrx_word' id='word_1_829' title='bbox 2949 5171 3065 5240; x_wconf 78' lang='grc' dir='ltr'>τὴν</span> <span class='ocrx_word' id='word_1_830' title='bbox 3096 5170 3412 5243; x_wconf 79' lang='grc' dir='ltr'>μέριμνάν</span> <span class='ocrx_word' id='word_1_831' title='bbox 3445 5193 3589 5242; x_wconf 90' lang='grc' dir='ltr'>σου,</span> <span class='ocrx_word' id='word_1_832' title='bbox 3619 5175 3704 5232; x_wconf 73' lang='grc' dir='ltr'>καὶ</span> 
     </span>
    </p>
   </div>
   <div class='ocr_carea' id='block_1_107' title="bbox 461 5220 1997 5332">
    <p class='ocr_par' dir='ltr' id='par_1_107' title="bbox 461 5234 1992 5303">
     <span class='ocr_line' id='line_1_107' title="bbox 461 5234 1992 5303; baseline 0.004 -19"><span class='ocrx_word' id='word_1_833' title='bbox 461 5234 567 5299; x_wconf 82' lang='lat' dir='ltr'><strong>ipse</strong></span> <span class='ocrx_word' id='word_1_834' title='bbox 594 5245 640 5287; x_wconf 88' lang='lat' dir='ltr'><strong>te</strong></span> <span class='ocrx_word' id='word_1_835' title='bbox 668 5235 884 5287; x_wconf 86' lang='lat' dir='ltr'><strong>enutriet</strong></span> <span class='ocrx_word' id='word_1_836' title='bbox 907 5250 923 5287; x_wconf 90' lang='lat'><strong><em>:</em></strong></span> <span class='ocrx_word' id='word_1_837' title='bbox 955 5253 1054 5288; x_wconf 88' lang='lat' dir='ltr'><strong>non</strong></span> <span class='ocrx_word' id='word_1_838' title='bbox 1084 5236 1228 5288; x_wconf 83' lang='lat' dir='ltr'><strong>dabit</strong></span> <span class='ocrx_word' id='word_1_839' title='bbox 1255 5238 1306 5290; x_wconf 91' lang='lat' dir='ltr'><strong>in</strong></span> <span class='ocrx_word' id='word_1_840' title='bbox 1330 5249 1573 5291; x_wconf 76' lang='lat' dir='ltr'><strong>azternum</strong></span> <span class='ocrx_word' id='word_1_841' title='bbox 1605 5237 1992 5303; x_wconf 81' lang='lat' dir='ltr'><strong>ﬂuctuationem</strong></span> 
     </span>
    </p>
   </div>
   <div class='ocr_carea' id='block_1_108' title="bbox 2089 5220 3708 5332">
    <p class='ocr_par' dir='ltr' id='par_1_108' title="bbox 2096 5220 3708 5332">
     <span class='ocr_line' id='line_1_108' title="bbox 2301 5220 3704 5243; baseline 0.004 -20"><span class='ocrx_word' id='word_1_842' title='bbox 2301 5220 2354 5225; x_wconf 81' lang='lat'>__</span> <span class='ocrx_word' id='word_1_843' title='bbox 2412 5220 2432 5231; x_wconf 83' lang='lat'>_</span> <span class='ocrx_word' id='word_1_844' title='bbox 2501 5220 2504 5221; x_wconf 34' lang='grc' dir='ltr'><strong>ν</strong></span> <span class='ocrx_word' id='word_1_845' title='bbox 2568 5220 2657 5225; x_wconf 77' lang='lat'><strong>--_-</strong></span> <span class='ocrx_word' id='word_1_846' title='bbox 2691 5220 2889 5240; x_wconf 74' lang='lat'><strong>__-__--.</strong></span> <span class='ocrx_word' id='word_1_847' title='bbox 2954 5220 3043 5240; x_wconf 75' lang='grc'><strong>-.,-</strong></span> <span class='ocrx_word' id='word_1_848' title='bbox 3096 5220 3298 5243; x_wconf 61' lang='grc' dir='ltr'><strong>,ηττν</strong></span> <span class='ocrx_word' id='word_1_849' title='bbox 3325 5220 3390 5229; x_wconf 76' lang='lat'><strong>--.</strong></span> <span class='ocrx_word' id='word_1_850' title='bbox 3445 5220 3589 5242; x_wconf 60' lang='grc' dir='ltr'>νυν,</span> <span class='ocrx_word' id='word_1_851' title='bbox 3619 5220 3704 5232; x_wconf 67' lang='grc' dir='ltr'><strong>η...</strong></span> 
     </span>
     <span class='ocr_line' id='line_1_109' title="bbox 2096 5245 3708 5332; baseline 0.007 -25"><span class='ocrx_word' id='word_1_852' title='bbox 2096 5245 2279 5310; x_wconf 67' lang='grc' dir='ltr'><strong>αὑτός</strong></span> <span class='ocrx_word' id='word_1_853' title='bbox 2309 5264 2390 5303; x_wconf 79' lang='grc' dir='ltr'>σε</span> <span class='ocrx_word' id='word_1_854' title='bbox 2431 5257 2742 5332; x_wconf 62' lang='grc' dir='ltr'>διαθρέψει</span> <span class='ocrx_word' id='word_1_855' title='bbox 2762 5277 2775 5294; x_wconf 82' lang='grc'>⁶</span> <span class='ocrx_word' id='word_1_856' title='bbox 2813 5267 2884 5318; x_wconf 83' lang='grc' dir='ltr'>οὐ</span> <span class='ocrx_word' id='word_1_857' title='bbox 2917 5264 3095 5319; x_wconf 83' lang='grc' dir='ltr'>δώσει.</span> <span class='ocrx_word' id='word_1_858' title='bbox 3121 5268 3204 5331; x_wconf 78' lang='grc' dir='ltr'><strong>εἰς</strong></span> <span class='ocrx_word' id='word_1_859' title='bbox 3237 5265 3359 5318; x_wconf 82' lang='grc' dir='ltr'>τὸν</span> <span class='ocrx_word' id='word_1_860' title='bbox 3387 5267 3583 5321; x_wconf 80' lang='grc' dir='ltr'>αἰῶνα</span> <span class='ocrx_word' id='word_1_861' title='bbox 3610 5266 3708 5323; x_wconf 46' lang='lat' dir='ltr'><strong>cci.</strong></span> 
     </span>
    </p>
   </div>
   <div class='ocr_carea' id='block_1_109' title="bbox 466 5286 1997 5437">
    <p class='ocr_par' dir='ltr' id='par_1_109' title="bbox 466 5323 1992 5394">
     <span class='ocr_line' id='line_1_110' title="bbox 466 5323 1992 5394; baseline 0.004 -22"><span class='ocrx_word' id='word_1_862' title='bbox 466 5323 629 5383; x_wconf 76' lang='lat' dir='ltr'><strong>iusto,</strong></span> <span class='ocrx_word' id='word_1_863' title='bbox 668 5333 720 5374; x_wconf 88' lang='lat' dir='ltr'><strong>et</strong></span> <span class='ocrx_word' id='word_1_864' title='bbox 745 5331 952 5376; x_wconf 61' lang='lat' dir='ltr'><strong>caetera.</strong></span> <span class='ocrx_word' id='word_1_865' title='bbox 985 5326 1062 5378; x_wconf 91' lang='lat' dir='ltr'><strong>llli</strong></span> <span class='ocrx_word' id='word_1_866' title='bbox 1101 5327 1312 5394; x_wconf 88' lang='lat' dir='ltr'><strong>quidem</strong></span> <span class='ocrx_word' id='word_1_867' title='bbox 1365 5343 1487 5381; x_wconf 90' lang='lat' dir='ltr'><strong>cum</strong></span> <span class='ocrx_word' id='word_1_868' title='bbox 1523 5327 1647 5379; x_wconf 92' lang='lat' dir='ltr'><strong>dolo</strong></span> <span class='ocrx_word' id='word_1_869' title='bbox 1682 5333 1736 5378; x_wconf 89' lang='lat' dir='ltr'><strong>et</strong></span> <span class='ocrx_word' id='word_1_870' title='bbox 1770 5327 1992 5380; x_wconf 82' lang='lat' dir='ltr'><strong>simula-</strong></span> 
     </span>
    </p>
   </div>
   <div class='ocr_carea' id='block_1_110' title="bbox 2089 5286 3702 5437">
    <p class='ocr_par' dir='ltr' id='par_1_110' title="bbox 2095 5286 3702 5437">
     <span class='ocr_line' id='line_1_111' title="bbox 2098 5286 3702 5348; baseline 0.007 -41"><span class='ocrx_word' id='word_1_871' title='bbox 2098 5286 2270 5310; x_wconf 67' lang='lat' dir='ltr'><strong>&quot;V&#39;V‘s</strong></span> <span class='ocrx_word' id='word_1_872' title='bbox 2302 5286 2386 5348; x_wconf 60' lang='lat'><strong>:0</strong></span> <span class='ocrx_word' id='word_1_873' title='bbox 2431 5286 2775 5332; x_wconf 62' lang='grc' dir='ltr'>υιασρεψει·</span> <span class='ocrx_word' id='word_1_874' title='bbox 2813 5286 2884 5318; x_wconf 87' lang='grc' dir='ltr'><strong>ου</strong></span> <span class='ocrx_word' id='word_1_875' title='bbox 2917 5286 3095 5319; x_wconf 79' lang='grc' dir='ltr'>οωσει</span> <span class='ocrx_word' id='word_1_876' title='bbox 3121 5286 3204 5331; x_wconf 87' lang='grc' dir='ltr'><strong>εις</strong></span> <span class='ocrx_word' id='word_1_877' title='bbox 3237 5286 3359 5318; x_wconf 75' lang='grc' dir='ltr'><strong>τον</strong></span> <span class='ocrx_word' id='word_1_878' title='bbox 3387 5286 3583 5321; x_wconf 78' lang='grc' dir='ltr'>αιωνα</span> <span class='ocrx_word' id='word_1_879' title='bbox 3610 5286 3702 5323; x_wconf 65' lang='lat'><strong>(70‘</strong></span> 
     </span>
     <span class='ocr_line' id='line_1_112' title="bbox 2095 5333 3702 5437; baseline 0.006 -38"><span class='ocrx_word' id='word_1_880' title='bbox 2095 5333 2210 5384; x_wconf 75' lang='grc' dir='ltr'><em>λον</em></span> <span class='ocrx_word' id='word_1_881' title='bbox 2253 5354 2336 5403; x_wconf 63' lang='grc' dir='ltr'><strong>τε)</strong></span> <span class='ocrx_word' id='word_1_882' title='bbox 2379 5345 2618 5423; x_wconf 77' lang='grc' dir='ltr'>δικαίῳ,</span> <span class='ocrx_word' id='word_1_883' title='bbox 2649 5357 2745 5409; x_wconf 68' lang='grc' dir='ltr'>καὶ</span> <span class='ocrx_word' id='word_1_884' title='bbox 2784 5355 2856 5410; x_wconf 71' lang='grc' dir='ltr'><strong>τὰ</strong></span> <span class='ocrx_word' id='word_1_885' title='bbox 2907 5355 3056 5428; x_wconf 73' lang='grc' dir='ltr'><strong>ἑξῆς.</strong></span> <span class='ocrx_word' id='word_1_886' title='bbox 3100 5356 3163 5411; x_wconf 82' lang='lat' dir='ltr'><strong>Ol</strong></span> <span class='ocrx_word' id='word_1_887' title='bbox 3219 5355 3327 5426; x_wconf 79' lang='grc' dir='ltr'>μὲν</span> <span class='ocrx_word' id='word_1_888' title='bbox 3383 5359 3490 5413; x_wconf 79' lang='grc' dir='ltr'>σὺν</span> <span class='ocrx_word' id='word_1_889' title='bbox 3529 5355 3702 5437; x_wconf 64' lang='grc' dir='ltr'>ἀπάτῃ</span> 
     </span>
    </p>
   </div>
   <div class='ocr_carea' id='block_1_111' title="bbox 2994 5389 3688 5438">
    <p class='ocr_par' dir='ltr' id='par_1_111' title="bbox 2994 5389 3688 5438">
     <span class='ocr_line' id='line_1_113' title="bbox 2994 5389 3688 5438; baseline -0.009 -26"><span class='ocrx_word' id='word_1_890' title='bbox 2994 5389 3056 5428; x_wconf 40' lang='lat' dir='ltr'><strong>is.</strong></span> <span class='ocrx_word' id='word_1_891' title='bbox 3101 5389 3163 5411; x_wconf 75' lang='grc' dir='ltr'>υδ</span> <span class='ocrx_word' id='word_1_892' title='bbox 3219 5389 3326 5426; x_wconf 51' lang='grc' dir='ltr'><strong>μεν</strong></span> <span class='ocrx_word' id='word_1_893' title='bbox 3383 5389 3490 5413; x_wconf 71' lang='grc' dir='ltr'><strong>νυν</strong></span> <span class='ocrx_word' id='word_1_894' title='bbox 3529 5389 3688 5438; x_wconf 44' lang='lat' dir='ltr'><strong>“Iulo!</strong></span> 
     </span>
    </p>
   </div>
   <div class='ocr_carea' id='block_1_112' title="bbox 534 5432 1579 5502">
    <p class='ocr_par' dir='ltr' id='par_1_112' title="bbox 534 5432 1579 5502">
     <span class='ocr_line' id='line_1_114' title="bbox 534 5432 1579 5502; baseline 0.01 -20"><span class='ocrx_word' id='word_1_895' title='bbox 534 5433 553 5462; x_wconf 86' lang='grc'>³</span> <span class='ocrx_word' id='word_1_896' title='bbox 591 5432 608 5481; x_wconf 94' lang='grc'><strong>1</strong></span> <span class='ocrx_word' id='word_1_897' title='bbox 640 5433 776 5486; x_wconf 86' lang='lat' dir='ltr'><strong>Tim.</strong></span> <span class='ocrx_word' id='word_1_898' title='bbox 817 5451 888 5496; x_wconf 88' lang='lat' dir='ltr'><strong>ll,</strong></span> <span class='ocrx_word' id='word_1_899' title='bbox 916 5437 967 5489; x_wconf 75' lang='grc'><strong>4.</strong></span> <span class='ocrx_word' id='word_1_900' title='bbox 1043 5438 1063 5469; x_wconf 74' lang='grc'><strong>⁸</strong></span> <span class='ocrx_word' id='word_1_901' title='bbox 1100 5439 1282 5494; x_wconf 81' lang='lat' dir='ltr'><strong>Matth.</strong></span> <span class='ocrx_word' id='word_1_902' title='bbox 1315 5457 1456 5502; x_wconf 70' lang='grc' dir='ltr'>χχιι,</span> <span class='ocrx_word' id='word_1_903' title='bbox 1495 5439 1579 5493; x_wconf 81' lang='grc'><strong>16.</strong></span> 
     </span>
    </p>
   </div>
   <div class='ocr_carea' id='block_1_113' title="bbox 538 5519 2476 5652">
    <p class='ocr_par' dir='ltr' id='par_1_113' title="bbox 538 5519 2476 5652">
     <span class='ocr_line' id='line_1_115' title="bbox 538 5519 2476 5652; baseline 0.02 -84"><span class='ocrx_word' id='word_1_904' title='bbox 538 5519 608 5652; x_wconf 47' lang='lat'><strong>$2)</strong></span> <span class='ocrx_word' id='word_1_905' title='bbox 638 5524 872 5614; x_wconf 47' lang='lat' dir='ltr'><strong>A‘o‘rodc.</strong></span> <span class='ocrx_word' id='word_1_906' title='bbox 896 5525 959 5576; x_wconf 85' lang='lat' dir='ltr'><strong>Et</strong></span> <span class='ocrx_word' id='word_1_907' title='bbox 984 5531 1240 5581; x_wconf 81' lang='lat' dir='ltr'><strong>sententia</strong></span> <span class='ocrx_word' id='word_1_908' title='bbox 1264 5538 1313 5580; x_wconf 78' lang='grc' dir='ltr'><strong>ιιι</strong></span> <span class='ocrx_word' id='word_1_909' title='bbox 1339 5541 1626 5600; x_wconf 75' lang='lat' dir='ltr'><strong>syntaseos</strong></span> <span class='ocrx_word' id='word_1_910' title='bbox 1655 5535 1790 5582; x_wconf 76' lang='lat' dir='ltr'><strong>ratio</strong></span> <span class='ocrx_word' id='word_1_911' title='bbox 1814 5528 2046 5597; x_wconf 58' lang='lat' dir='ltr'><strong>posltllai</strong></span> <span class='ocrx_word' id='word_1_912' title='bbox 2075 5529 2282 5601; x_wconf 66' lang='grc' dir='ltr'>αὑτοῖς-</span> <span class='ocrx_word' id='word_1_913' title='bbox 2324 5519 2476 5613; x_wconf 56' lang='grc' dir='ltr'><strong>Ειηί·</strong></span> 
     </span>
     <span class='ocr_line' id='line_1_116' title="bbox 598 5587 1923 5652; baseline 0.023 -20"><span class='ocrx_word' id='word_1_914' title='bbox 598 5592 612 5649; x_wconf 94' lang='grc'><strong>)</strong></span> <span class='ocrx_word' id='word_1_915' title='bbox 645 5587 793 5638; x_wconf 57' lang='lat' dir='ltr'><strong>(ob.</strong></span> <span class='ocrx_word' id='word_1_916' title='bbox 825 5590 978 5645; x_wconf 85' lang='lat' dir='ltr'><strong>habet</strong></span> <span class='ocrx_word' id='word_1_917' title='bbox 1006 5595 1372 5652; x_wconf 79' lang='grc' dir='ltr'>ἀπονμητικοί.</span> <span class='ocrx_word' id='word_1_918' title='bbox 1921 5613 1923 5615; x_wconf 79' lang='grc'><em>’</em></span> 
     </span>
    </p>
   </div>
   <div class='ocr_carea' id='block_1_114' title="bbox 598 5587 1997 5663">
    <p class='ocr_par' dir='ltr' id='par_1_114' title="bbox 598 5587 1923 5663">
     <span class='ocr_line' id='line_1_117' title="bbox 598 5587 1923 5663; baseline -0.001 -14"><span class='ocrx_word' id='word_1_919' title='bbox 598 5592 612 5649; x_wconf 93' lang='grc'><strong>)</strong></span> <span class='ocrx_word' id='word_1_920' title='bbox 645 5587 793 5638; x_wconf 74' lang='lat' dir='ltr'><strong>Coib.</strong></span> <span class='ocrx_word' id='word_1_921' title='bbox 825 5590 978 5645; x_wconf 86' lang='lat' dir='ltr'><strong>habet</strong></span> <span class='ocrx_word' id='word_1_922' title='bbox 1006 5587 1386 5663; x_wconf 65' lang='grc' dir='ltr'>ἀπονμητικοεῖ</span> <span class='ocrx_word' id='word_1_923' title='bbox 1815 5587 1831 5597; x_wconf 87' lang='lat'><strong>&#39;</strong></span> <span class='ocrx_word' id='word_1_924' title='bbox 1921 5613 1923 5615; x_wconf 87' lang='lat'><strong><em>-</em></strong></span> 
     </span>
    </p>
   </div>
   <div class='ocr_carea' id='block_1_115' title="bbox 2089 5587 2504 5663">
    <p class='ocr_par' dir='ltr' id='par_1_115' title="bbox 2216 5587 2504 5619">
     <span class='ocr_line' id='line_1_118' title="bbox 2216 5587 2504 5619; baseline 0 -30"><span class='ocrx_word' id='word_1_925' title='bbox 2216 5587 2282 5601; x_wconf 51' lang='grc' dir='ltr'>Ἰ,</span> <span class='ocrx_word' id='word_1_926' title='bbox 2329 5587 2504 5619; x_wconf 48' lang='grc' dir='ltr'><strong>μνη..</strong></span> 
     </span>
    </p>
   </div>
  </div>
