3812 6360
130 365 256 419 889
1309 377 1801 438 COMIIENTARIA
1837 383 1903 440 ΙΝ
1941 381 2273 442 PSALMOS.
3265 398 3369 459 490

131 479 242 531 καὶ
281 479 594 550 ὑποκρίσει
642 483 1008 550 ἀπαλύνοντες
1055 488 1262 544 ἑαυτῶν
1304 495 1425 557 τοὺς
1466 495 1636 564 λόγους

1860 502 1985 557 ιίοηε
2016 504 2314 558 mollientes
2347 506 2516 574 palam
2572 523 2844 566 sermones
2876 528 3026 578 suos,
3068 517 3192 571 dum
3225 517 3365 574 intus

130 567 237 620 τοῦ
289 571 575 639 φανεροῦ,
613 572 818 628 ἔσωθεν
855 577 913 628 δέ
955 578 1149 643 αὐτοὺς
1195 583 1562 649 ἀκοντίσαντες
1606 588 1635 639 ὑ

1860 602 2160 646 :xacuerent
2193 593 2311 662 plus
2335 610 2491 663 quam
2523 597 2656 661 tela,
2688 599 2793 652 imo
2825 603 2984 656 etiam
3035 606 3148 674 ipse
3183 608 3365 662 Salva-

132 658 415 728 βολίόας,
465 661 610 715 ἀλλά
659 665 755 716 καὶ⁹
793 667 952 730 αὐτὸς
993 671 1020 720 ό
1060 671 1318 742 προδότης
1362 676 1594 742 γεγονὼς

1865 679 1974 733 oris
2001 681 2260 748 proditor,
2297 698 2452 752 quem
2487 685 2643 740 linem
2684 692 2892 744 nacturi
2919 692 3025 745 sint
3065 697 3168 758 iam
3199 696 3367 751 decla-

130 750 450 821 Σωτῆρος,
485 753 684 808 ὁποίου
711 756 896 820 τέλους
933 758 1207 823 τεύξονται
1239 761 1555 834 δεδήλωται·
1586 768 1635 820 oi

1862 775 2012 821 'atum
2041 777 2158 834 est;
2193 780 2248 824 tu
2280 787 2406 825 vero
2431 774 2520 842 qui
2561 774 2670 828 hmc
2699 779 2990 840 auscultas,
3016 796 3201 836 eorum
3232 801 3367 852 quos

130 840 162 892 ὁ
216 839 456 938 τούτων
504 843 881 915 ἀκροώμενος,
935 851 1313 918 σωφρονισθεὶς
1352 854 1456 906 ἀπὸ
1499 851 1589 908 τοῦ

1855 858 2172 913 iarravimus
2200 862 2342 914 exitu
2381 863 2612 929 prudens
2634 865 2854 920 ell'ectus
2878 907 2892 930 ,
2937 875 2988 919 et
3023 871 3267 938 quisquis
3314 875 3360 927 ei

134 927 634 998 προλελεγμένων
688 935 898 998 τέλους.
950 938 1042 989 καὶ
1087 941 1114 992 ὁ
1166 939 1241 1008 τῷ
1297 958 1639 1012 προφητευομ

1855 946 1930 1010 lui
1972 945 2025 997 in
2055 946 2304 1000 vaticinio
2341 927 2504 1001 fertur
2553 957 2606 1003 te
2660 957 2828 1004 totum
2859 927 3089 1018 dedisti,
3135 927 3360 1022 conﬁde,

134 1017 264 1069 ὅλον
302 1019 527 1073 σαυτὸν
571 1023 866 1088 ἐπιδιδοὺς,
899 1027 1105 1098 θάρσει,
1136 1029 1234 1098 τὴν
1268 1031 1459 1084 σαυτοῦ
1493 1049 1639 1102 φρονι

1858 1031 2057 1086 edoctus
2073 1048 2101 1086 a
2117 1032 2262 1088 Novo
2291 1033 2627 1090 Testamento
2657 1053 2837 1092 curam
2856 1048 3000 1094 tuam
3033 1058 3193 1112 super
3217 1045 3363 1097 illum

136 1109 470 1178 ἐῃρῤξψας
510 1113 605 1163 ἐπ’
653 1113 836 1176 αὐτὸν,
871 1110 956 1167 οἷα
999 1118 1172 1188 Καινῇ
1201 1120 1438 1193 Διαθήκῃ
1481 1123 1641 1191 μαθηι

1861 1128 2059 1182 actare,
2093 1121 2180 1174 ubi
2214 1123 2326 1190 ipse
2362 1123 2603 1178 Salvator
2652 1127 2788 1182 hanc
2825 1109 3122 1184 doctrinam
3163 1132 3359 1186 tradit:

138 1195 286 1261 θεὶς,
327 1200 402 1252 δι’
434 1196 509 1270 ἦς
543 1203 711 1266 αὐτὸς
746 1207 774 1257 ὀ
798 1205 984 1277 Σωτὴρ
1011 1209 1250 1261 παιδεύει
1274 1210 1441 1278 λέγων
1461 1231 1473 1243 ·
1508 1212 1602 1278 Μὴ

1858 1207 2018 1262 Nolite
2049 1211 2260 1263 solliciti
2289 1228 2398 1265 esse
2423 1214 2543 1281 quid
2576 1215 2912 1280 manducetis,
2949 1231 3036 1272 aut
3070 1221 3191 1289 quid
3221 1221 3363 1274 biba-

135 1288 503 1356 ριμνήσητε
559 1293 620 1343 τί
671 1292 914 1361 φάγητε,
954 1295 1106 1363 μηδὲ
1151 1299 1206 1350 τι
1255 1299 1451 1365 πίητε·
1494 1302 1605 1364 καὶ,

1854 1297 1908 1348 tis
1939 1300 1998 1360 ³;
2054 1307 2106 1352 et
2148 1317 2161 1352 :
2205 1299 2379 1354 Nolite
2401 1303 2659 1368 possidere
2697 1321 2877 1358 aurum
2898 1347 2912 1370 ,
2945 1324 3034 1360 nec
3068 1288 3359 1377 argentum,

141 1377 483 1444 κτήσησθε
528 1382 770 1447 χρυσὸν
808 1384 961 1450 μηδὲ
1011 1386 1281 1456 ἇργιφον,
1324 1389 1474 1456 μηδὲ
1517 1395 1646 1459 χαλε

1858 1404 1996 1455 teque
2026 1405 2095 1442 ars
2124 1391 2176 1441 in
2224 1392 2365 1444 zonis
2396 1403 2573 1447 vestris
2607 1395 2645 1448 ‘.
2677 1393 2800 1450 “(eo
2829 1397 3008 1466 itaque
3035 1414 3154 1452 cum
3183 1415 3363 1454 serva-

141 1471 237 1533 εις
301 1469 649 1536 τὰςζώνας
695 1472 878 1540 ὑμῶν.
916 1475 1074 1528 Ταῦτ’
1107 1474 1197 1530 οὖν
1243 1480 1493 1545 φυλάξας,
1526 1481 1646 1548 ἐπίιέ

1858 1479 1999 1539 reris,
2027 1479 2176 1545 jacta
2209 1496 2360 1547 super
2385 1481 2658 1536 Dominum
2685 1501 2860 1538 caram
2888 1497 3049 1549 tuam,
3089 1500 3136 1542 et
3175 1492 3280 1557 ipse
3316 1499 3363 1544 te

141 1561 276 1626 ψον
305 1559 414 1611 ἐπὶ
455 1561 686 1626 Κύριον
711 1560 828 1627 τὴν
861 1565 1149 1632 μέριμνάν
1179 1583 1312 1629 σου,
1338 1568 1429 1619 καὶ
1470 1571 1646 1634 αὐτός

1862 1569 2061 1621 nutriet
2090 1607 2103 1630 ,
2152 1569 2286 1623 dans
2316 1571 2410 1624 tibi
2459 1588 2643 1640 panem
2680 1578 3242 1644 supersubstantialem
3267 1619 3281 1641 ,
3313 1591 3367 1634 et

146 1648 499 1716 διαθρέψει,
536 1651 627 1702 τὸν
661 1650 826 1721 ἄρτον
871 1671 952 1706 σοι
984 1654 1156 1718 διδοὺς
1197 1657 1285 1708 τὸν
1327 1658 1612 1721 ἐπιούσιον,
1648 1679 1651 1687 ε

1860 1658 2148 1711 'ationalem
2213 1659 2590 1731 caelestemque
2660 1665 2885 1731 cibum;
2953 1668 3365 1724 subministrans

149 1739 252 1804 τὴν
301 1739 544 1808 λογικὴν
597 1739 693 1790 καὶ
737 1741 1054 1812 ἐπουράνιον
1110 1744 1342 1814 τροφήν·
1391 1745 1641 1816 ἐπαρκῶν

1859 1763 2052 1815 [neque
2084 1763 2143 1802 ea
2186 1765 2303 1818 quas
2340 1761 2463 1806 sunt
2491 1753 2553 1806 ad
2583 1754 2739 1808 vitam
2772 1758 3111 1811 necessaria:
3150 1759 3199 1811 id
3225 1760 3364 1813 enim

149 1833 245 1883 και
266 1832 340 1883 τὰ
358 1806 508 1902 πρὸς
524 1833 618 1885 τὸν
641 1833 756 1902 βίον
772 1806 1023 1904 χρειώδη.
1043 1806 1230 1904 “rem;
1241 1806 1314 1906 (ι)
1331 1835 1436 1905 γὰρ
1476 1806 1652 1906 ἐπήγγ

1863 1835 2104 1886 »οηὶεἰιιιε
2126 1837 2207 1891 his
2239 1840 2416 1893 verbis
2446 1850 2528 1894 est
2555 1860 2568 1893 :
2597 1841 2704 1895 Scit
2742 1846 2876 1898 enim
2913 1846 3072 1900 Pater
3096 1857 3256 1901 vester
3277 1866 3368 1902 co:-

148 1935 240 1971 ται
286 1923 511 1989 φήσας·
566 1919 703 1975 Οἵδε
746 1925 856 1990 γὰρ
897 1926 929 1976 ό
969 1923 1167 1990 Πατὴρ
1198 1926 1360 1992 ὑμῶν
1400 1929 1433 1978 o’
1465 1925 1653 1992 οὐράνι

1860 1923 1976 1974 estis
1999 1939 2213 1991 quorum
2245 1941 2368 1993 opus
2405 1927 2620 1992 habetis,
2647 1943 2915 2002 antequam
2938 1937 3057 2004 quid
3077 1954 3160 1990 vos
3183 1940 3365 2004 petatis

149 2003 241 2062 ὧν
269 2012 494 2078 χρείαν
522 2012 697 2079 ἔχετε
727 2012 842 2078 πρὸ
874 2011 978 2064 τοῦ
1009 2030 1062 2066 τι
1089 2014 1268 2066 αὐτὸν
1297 2013 1528 2080 αἰτῆσαι
1562 2018 1654 2083 ὺμι

1858 2011 1898 2062 rb
1928 2012 2036 2078 ipso
2065 2014 2106 2066 ⁷.
2140 2013 2256 2080 Ipse
2290 2025 2336 2070 te
2355 2020 2592 2079 enutriet,
2627 2031 2684 2075 ιιι
2728 2032 2778 2074 et
2813 2003 3102 2092 quemlibet
3135 2003 3363 2096 justum;

151 2101 358 2165 Αὐτός
397 2115 475 2153 σε
519 2101 589 2152 δὲ
630 2100 957 2168 διαθρέψει,
1005 2102 1079 2164 ὼς
1137 2103 1229 2154 καὶ
1280 2103 1451 2155 πάντα
1496 2103 1656 2157 δίκαις

1862 2104 2098 2157 ιειιιὶιιειιι
2128 2107 2268 2159 enim
2307 2107 2575 2175 justorum
2619 2127 2850 2180 unquam
2908 2115 2977 2166 ita
3024 2117 3268 2186 reliquit,
3309 2129 3367 2172 ιιι

151 2189 357 2241 οὐδένα
398 2190 510 2260 γὰρ
554 2189 780 2242 πώποτε
829 2190 935 2241 τῶν
968 2190 1184 2242 δικαίων
1217 2191 1613 2254 καταλέλοιπεν,

1854 2193 2230 2250 luctuationem
2274 2207 2562 2266 pateretur,
2600 2216 2661 2253 ac
2712 2203 2984 2257 vacillaret
3036 2207 3098 2259 et
3131 2206 3359 2260 caderet.

153 2280 465 2351 ὑπομεῖναι
499 2283 662 2336 αὐτὸν
699 2283 863 2335 σάλον
902 2283 1036 2352 πρὸς
1077 2282 1135 2334 τὸ
1182 2283 1496 2351 σαλευθῆναι
1532 2284 1623 2335 καὶ
1655 2305 1658 2330 ι

1860 2283 2011 2348 )uare
2033 2286 2132 2339 sub
2163 2285 2273 2341 haec
2299 2287 2496 2342 dictum
2533 2299 2614 2343 est
2640 2310 2652 2344 :
2694 2290 2812 2344 Non
2854 2293 2995 2345 dabit
3027 2295 3080 2346 in
3118 2304 3365 2348 aeternum

157 2375 374 2424 πεσεῖν.
407 2372 500 2424 Διὸ
535 2372 789 2424 λέλεκται
821 2371 947 2440 ἑξῆς
970 2388 983 2402 ⁸
1019 2375 1099 2425 Οὐ
1122 2371 1296 2424 δώσει
1326 2375 1410 2437 εὶς
1431 2372 1534 2425 τὸν
1558 2373 1662 2426 αἰῶ

1859 2372 2219 2426 luctuationem
2240 2375 2410 2439 iusto;
2435 2377 2545 2431 sive
2571 2386 2626 2430 nt
2654 2378 3039 2448 Symmachus:
3073 2382 3190 2435 Non
3221 2383 3364 2436 dabit

156 2459 365 2513 σάλον
408 2461 487 2526 τῷ
537 2461 785 2526 δικαίῳ·
834 2460 867 2529 ἦ
915 2461 1054 2514 κατὰ
1102 2461 1192 2514 τὸν
1237 2461 1557 2532 Σύμμαχον·
1616 2466 1657 2514 ο

1859 2478 1888 2512 n
1917 2470 2160 2516 wternum
2181 2464 2354 2517 claudi
2368 2466 2588 2532 justum.
2618 2465 2738 2522 Ideo
2767 2469 2889 2521 alibi
2914 2469 3110 2524 dicitur
3134 2488 3148 2524 :
3176 2470 3364 2525 Junior

159 2548 419 2601 ἐκδώσει
460 2552 554 2614 εἰς
582 2550 776 2602 αἰῶνα
819 2549 1167 2616 κλεισθῆναι
1218 2549 1460 2604 δίκαιον.
1517 2551 1606 2604 Διὸ
1653 2552 1664 2602 ἰ

1856 2546 1932 2609 'ui,
1959 2549 2142 2601 etenim
2171 2553 2344 2616 senui,
2387 2563 2434 2604 et
2477 2570 2574 2605 non
2629 2554 2732 2606 vidi
2775 2555 2978 2622 justum
3029 2557 3361 2624 derelictum,

165 2635 358 2690 λεκται
403 2641 459 2690 ἐν
503 2639 720 2708 ἑτέροις
745 2655 757 2667 ο
808 2637 1098 2704 Νεώτερος
1139 2637 1442 2706 ἐγενόμην,
1491 2641 1583 2692 καὶ
1631 2659 1670 2708 γ

1860 2651 1925 2687 rec
1953 2652 2118 2690 semen
2147 2638 2258 2706 ejus
2285 2656 2514 2708 quwrens
2562 2657 2716 2708 panes
2764 2645 2804 2696 ⁸.
2862 2642 2953 2698 His
2985 2646 3204 2712 prolatis
3228 2687 3242 2711 ,
3298 2646 3365 2702 de

161 2728 454 2795 ἐττὶρασα,
499 2730 602 2783 καὶ
636 2731 749 2781 οὐκ
791 2724 952 2780 εἶδον
978 2727 1203 2782 δίκαιον
1226 2729 1666 2798 ἐγκαταλελειμρ

1858 2723 2236 2782 nsidiatoribus
2261 2726 2553 2784 Salvatoris
2575 2731 2673 2784 hoc
2697 2732 2878 2800 adjicit
2903 2752 2914 2785 :
2951 2733 3027 2785 Tu
3047 2749 3179 2800 vero,
3210 2735 3363 2800 Deus,

165 2834 298 2878 νον,
334 2818 478 2871 οὐδὲ
508 2817 579 2870 τὸ
609 2817 852 2886 σπέρμα
872 2817 1055 2873 αὐτοῦ
1085 2817 1291 2884 ζητοῦν
1314 2819 1546 2885 ἄρτους.
1575 2819 1670 2872 Ταὶ

1858 2813 2050 2868 leduces
2090 2833 2175 2870 eos
2221 2819 2273 2871 in
2311 2829 2517 2886 puteum
2567 2823 2838 2885 interitus;
2876 2823 3015 2886 sive,
3071 2826 3363 2879 secundum

166 2905 356 2966 εἰπὼν,
387 2907 522 2975 ἑξῆς
566 2907 769 2974 ἐπάγει
801 2907 928 2978 περὶ
973 2907 1078 2958 τῶν
1123 2907 1414 2960 ἐπιϐούλων
1441 2909 1534 2961 τοῦ
1561 2911 1671 2963 Σωτ

1929 2904 2232 2967 nmachum,
2266 2906 2342 2958 Tu
2373 2923 2506 2972 vero,
2539 2908 2710 2972 Deus,
2752 2910 2958 2978 dejicies
2987 2928 3069 2964 eos
3098 2915 3148 2964 in
3193 2913 3365 2965 lacum
3428 2937 3434 2944 -

171 3011 261 3062 ρος
287 2997 366 3059 τὸ,
398 2997 488 3049 Σὺ
524 2997 596 3048 δὲ
642 2999 675 3049 ὁ
722 2997 866 3060 Θεὸς
903 2996 1172 3061 κατάξεις
1201 2998 1416 3064 αὐτοὺς
1441 3001 1525 3064 εις
1557 3000 1676 3068 φρέι

1858 2995 2070 3046 nteritus
2101 2997 2162 3047 ’:
2215 2995 2281 3050 de
2327 3012 2432 3065 quo
2471 2998 2587 3050 lacu
2640 3009 2886 3053 sexcenta
2940 3001 3183 3068 superius
3223 3002 3363 3054 dicta

168 3083 494 3154 διαφθορᾶς
519 3104 533 3116 ·
571 3086 607 3156 ἢ
642 3085 788 3138 κατά
813 3086 902 3138 τὸν
941 3086 1260 3157 Σύμμαχον·
1293 3089 1375 3142 Σὺ
1413 3090 1480 3143 δὲ
1522 3093 1554 3144 ό
1595 3097 1673 3145 θε

1859 3089 1995 3145 aint,
2030 3085 2254 3153 exempli
2284 3086 2453 3155 gratia
2479 3106 2490 3140 :
2528 3087 2841 3155 Exspectans
2872 3091 3154 3156 exspectari
3185 3089 3364 3143 Domi-

170 3174 551 3243 κατενέγκεις
594 3174 819 3239 αὐτοὺς
849 3177 933 3239 εὶς
959 3175 1186 3228 λάκκον
1227 3177 1569 3246 διαφθορᾶς·
1617 3198 1675 3233 πε

1856 3189 1973 3233 tum,
2001 3183 2048 3225 et
2072 3175 2291 3228 intendit
2319 3177 2461 3238 mihi,
2479 3187 2526 3229 et
2553 3178 2727 3231 eduxit
2757 3195 2834 3232 me
2859 3179 2919 3232 de
2940 3180 3052 3232 lacu
3080 3182 3295 3232 miserim
3313 3191 3361 3234 et

167 3255 228 3312 οὗ
256 3262 458 3316 λάκκου
496 3264 675 3334 μυρία
704 3263 793 3315 διὰ
820 3263 925 3315 τῶν
958 3263 1256 3335 ἔμπροσθεν
1289 3265 1527 3336 εἴρηται·
1552 3267 1672 3320 ὦσπ

1854 3259 1899 3311 le
1925 3263 2031 3311 luto
2052 3260 2197 3327 {teris
2231 3262 2304 3328 ‘°;
2326 3277 2388 3314 ac
2418 3277 2630 3316 rursum
2663 3279 2676 3314 :
2709 3263 2992 3333 Nequanrto
3019 3275 3188 3318 tareas
3211 3282 3242 3317 a
3262 3282 3359 3327 me,

174 3352 231 3401 ἐν
277 3354 378 3422 τῷ·
442 3353 789 3421 Ὑπομένων
836 3354 1120 3422 ὑπέμεινα
1174 3355 1278 3408 τὸν
1332 3358 1583 3424 Κύριον,
1643 3377 1675 3411 κ

1858 3356 1882 3400 ἰ
1910 3349 2236 3402 assimilabor
2259 3350 2675 3404 descendentibus
2704 3353 2756 3404 in
2795 3353 2963 3404 lacum
3008 3354 3081 3413 “;
3141 3354 3363 3406 iterum-

172 3445 481 3514 προσέσχε
512 3462 642 3513 μοι,
691 3445 788 3497 καὶ
826 3443 1082 3512 ἀνήγαγέ
1107 3461 1182 3512 με
1204 3445 1272 3497 ἐκ
1292 3445 1516 3500 λάκκου
1544 3451 1677 3502 ταῖς

1852 3454 1974 3508 lue:
2009 3438 2240 3503 Domine,
2272 3440 2495 3494 eduxisti
2532 3441 2593 3493 ab
2638 3442 2835 3509 inferno
2877 3444 3102 3494 animum
3160 3460 3357 3505 meam,

168 3536 408 3600 πιφίας,
462 3534 571 3588 καὶ
606 3533 728 3587 ἀπὸ
761 3534 956 3600 πηλοῦ
1001 3536 1198 3600 ἰλύος·
1251 3537 1341 3588 και⁸
1379 3537 1534 3589 πάλιν
1556 3555 1568 3567 ·
1620 3543 1673 3592 Μ

1856 3527 2051 3580 :alrasti
2082 3544 2159 3581 me
2191 3545 2223 3581 α
2250 3529 2664 3582 descendentibus
2707 3531 2760 3582 in
2809 3531 2997 3582 lacum.
3047 3528 3148 3584 Sed
3182 3531 3361 3600 justus

153 3636 310 3676 ποτε
343 3623 846 3692 παρασιωπήσῃς
870 3624 968 3695 ἀπ’
995 3624 1156 3692 ἐμοῦ,
1187 3626 1283 3678 καὶ
1313 3627 1658 3695 ὀμοιωθήσοι

1860 3618 2047 3685 [uidem
2071 3619 2297 3682 eruitur,
2327 3626 2386 3672 ut
2412 3634 2477 3673 ne
2525 3620 2576 3672 in
2626 3628 2973 3674 memoratum
3006 3621 3177 3674 lacum
3216 3621 3365 3676 deleo-

147 3711 286 3777 τοῖς
330 3715 812 3768 καταϐαίνουσιν
853 3716 939 3778 εὶς
969 3714 1222 3766 λάκκον·
1261 3715 1352 3766 καὶ
1401 3711 1582 3779 αὖθις·
1623 3720 1652 3768 Β

1859 3715 2016 3773 ιιιιιι·;
2045 3708 2190 3776 impii
2221 3722 2346 3762 vero
2391 3707 2442 3760 in
2468 3707 2639 3777 ipsum
2671 3708 3013 3777 dejiciuntur,
3041 3725 3070 3763 a
3095 3710 3202 3766 Deo
3235 3727 3364 3780 pne-

161 3815 269 3862 ριε,
303 3803 613 3871 ἀνήγαγες
650 3801 720 3864 ἐξ
751 3801 897 3866 ᾅδου
935 3803 1049 3868 τὴν
1086 3802 1293 3870 ψυχήν
1331 3821 1467 3871 μου,
1504 3804 1666 3858 ἐσωσ

1854 3797 2040 3865 :ipitati
2067 3797 2220 3867 quasi
2269 3797 2323 3851 in
2367 3808 2742 3867 congruentem
2775 3799 2875 3852 sibi
2908 3800 3103 3854 locum.
3163 3800 3359 3854 Lacum

172 3904 244 3954 με
273 3890 382 3944 ἀπὸ
425 3891 554 3944 τῶν
604 3891 1078 3942 καταϐαινόντων
1111 3893 1196 3954 εἰς
1238 3889 1484 3944 λάκκον.
1544 3892 1677 3945 Ἀλλ’

1855 3895 2010 3940 ιιιιειιι
2041 3888 2296 3950 miserim,
2329 3889 2494 3942 lutum
2529 3888 2671 3942 faecis
2724 3895 2776 3941 et
2825 3897 3040 3956 puteum
3072 3891 3321 3946 interitus
3343 3930 3360 3952 .

177 3978 277 4044 μὲν
305 3979 514 4042 δίκαιος
544 3977 870 4040 διασώζεται
903 3978 1035 4048 πρὸς
1063 3978 1123 4030 τὸ
1157 3978 1228 4048 μὴ
1261 3980 1639 4050 κατενεχθῆναι
1659 3999 1682 4033 ε

1860 3979 2022 4032 uortis
2063 3978 2235 4032 locutn
2267 3994 2458 4032 vocare
2510 3979 2642 4033 solet
2677 3977 2968 4046 Scriptura,
3003 3979 3055 4032 in
3086 3995 3242 4048 quem
3274 3980 3365 4034 de-

174 4065 266 4116 τδν
293 4067 627 4139 δηλούμενον
651 4067 882 4119 λάκκον·
912 4068 961 4118 οἱ
987 4067 1042 4118 δὲ
1074 4067 1283 4130 ἀσεϐεῖς
1315 4069 1461 4122 κάτω
1490 4070 1678 4140 φέροντ

1859 4068 2090 4120 iciuntur
2136 4067 2325 4121 animm
2359 4068 2668 4137 impiorum,
2714 4068 2882 4122 instar
2917 4083 3100 4120 eorum
3155 4069 3246 4137 qui
3293 4069 3364 4122 ab

175 4156 254 4217 si;
280 4159 455 4222 αὐτὸν,
487 4157 600 4210 ὑπὸ
624 4156 718 4208 τοῦ
744 4155 878 4208 Θεοῦ
902 4157 1471 4227 καταρασσόμενοι.έὼς
1499 4162 1577 4224 εἰς
1609 4178 1680 4213 κα

1856 4157 1943 4210 ιιιο
1977 4158 2092 4210 loco
2145 4157 2199 4210 in
2243 4158 2416 4210 lacum
2463 4171 2720 4226 aquarum
2769 4157 3188 4224 praecipitantur.
3226 4158 3361 4222 Quia

173 4245 386 4316 ἀλληλον
429 4248 628 4308 αὐτοῖς
668 4246 886 4316 χωρίον.
920 4246 1131 4298 Λάκκον
1169 4246 1224 4299 δὲ
1247 4247 1613 4319 ταλαιπωρίας
1647 4267 1678 4302 κ

1855 4261 1961 4300 γει-ο
1991 4246 2236 4316 superius
2259 4246 2551 4302 Salvatoris
2575 4247 2747 4302 nostri
2773 4247 3142 4301 interfectores
3167 4263 3360 4302 memo-

177 4337 332 4403 πηλὸν
375 4339 561 4400 ἰλύος,
609 4339 700 4389 καὶ
736 4337 911 4407 φρέαρ
937 4337 1226 4407 διαφθορᾶς
1261 4338 1349 4390 τὸν
1374 4339 1464 4391 τοῦ
1507 4340 1682 4392 θανάτι

1858 4337 1993 4399 ἀνὶῑ,
2017 4343 2404 4404 consequenter
2431 4337 2539 4403 jam
2567 4335 2632 4390 de
2658 4335 2845 4390 iisdem
2871 4335 2943 4387 ait
2968 4351 2980 4386 :
3023 4335 3132 4386 Viri
3160 4339 3363 4404 sangui-

173 4422 325 4481 τόπον
351 4429 561 4485 καλεῖν
612 4427 798 4479 εἴωθεν
828 4428 856 4478 ὁ
900 4427 1082 4494 λόγος·
1112 4429 1189 4490 εἰς
1229 4427 1285 4480 ὃν
1318 4430 1674 4482 καταϐάλλοντ

1859 4443 1958 4477 tum
1987 4435 2034 4478 et
2060 4425 2227 4479 dolosi
2258 4442 2358 4478 non
2381 4424 2726 4478 dimidiabunt
2754 4424 2860 4476 dies
2890 4439 3042 4486 suos;
3086 4424 3228 4486 sive.
3279 4440 3364 4478 se-

173 4511 317 4583 δίκην
350 4520 478 4572 τῶν
533 4515 742 4568 ἄνωθεν
783 4515 1232 4586 καταφερομένων
1273 4519 1326 4569 ἐν
1367 4519 1476 4580 τοῖς
1518 4519 1678 4571 λάκκο

1861 4514 2068 4567 :undum
2103 4515 2510 4584 Symmachum,
2548 4514 2883 4582 Sanguinarii
2909 4525 2955 4567 et
2979 4514 3146 4567 dolosi
3168 4531 3268 4568 non
3293 4514 3366 4566 di-

173 4597 365 4660 ὑδάτων
419 4607 483 4658 αἱ
534 4602 646 4654 τῶν
690 4603 898 4655 ἀσεϐῶν
929 4604 1112 4671 ψυχαί.
1168 4606 1274 4656 Καὶ
1313 4607 1602 4678 ἐπειδήπερ
1650 4609 1678 4660 δ

1859 4604 2124 4657 nidiabunt
2153 4603 2261 4657 dies
2285 4620 2435 4666 suos;
2473 4604 2556 4657 vel
2599 4603 2891 4657 secundum
2944 4603 3220 4672 Aquilam,
3255 4602 3364 4656 Viri

172 4685 278 4737 τῶν
310 4691 639 4765 ἔμπροσθεν
682 4690 807 4751 τοὺς
849 4689 1107 4756 φονευτάς
1152 4689 1242 4742 τοῦ
1290 4693 1534 4764 Σωτῆρος
1581 4696 1677 4764 ἠμί

1859 4695 2139 4761 anguinum
2167 4701 2212 4745 et
2231 4693 2450 4745 insultas
2470 4708 2568 4744 non
2586 4691 2928 4745 dimidiabunt
2947 4693 3053 4746 dies
3077 4708 3218 4746 suos.
3242 4691 3364 4744 Haec

175 4776 366 4846 ἐδήλου,
407 4779 733 4840 ἀκολούθως
767 4779 858 4830 καὶ
889 4778 982 4832 νῦν
1013 4779 1137 4849 περὶ
1179 4779 1285 4833 τῶν
1317 4782 1490 4834 αὐτῶν
1539 4800 1680 4854 φησιι

1854 4791 1893 4833 ιι
1924 4783 2136 4852 impleta
2169 4782 2386 4846 fuerint,
2420 4782 2702 4850 intelliges,
2732 4783 2774 4834 si
2807 4782 3130 4850 perpendas,
3161 4781 3359 4840 statim.

180 4866 407 4938 Ἄνδρες
442 4867 712 4937 αἱμάτων
739 4869 833 4921 καὶ
862 4868 1231 4934 δολιότητος·
1263 4873 1334 4924 οὐ
1359 4872 1444 4940 μὴ
1489 4875 1685 4940 ἡμιεσει

1857 4885 1934 4923 nec
1961 4870 2139 4938 elapso
2166 4870 2331 4922 multo
2350 4879 2583 4936 tempore
2612 4867 2680 4920 ab
2704 4868 2909 4922 insidiis
2929 4875 3111 4919 contra
3125 4865 3362 4920 Salvato-

176 4969 317 5014 σωσι
357 4963 475 5026 τὰς
511 4958 736 5025 ἡμέρας
772 4958 1000 5011 αὐτῶν·
1111 4959 1246 5011 κατὰ
1277 4961 1362 5014 τὸν
1404 4961 1681 5032 Σύμμαχον

1857 4974 1946 5012 ’ριιι
1971 4968 2232 5022 nostrum,
2255 4966 2422 5012 totum
2445 4972 2609 5026 genus
2649 4964 3062 5011 memoratorum
3088 4954 3362 5008 hominum

185 5046 494 5118 Μιαῳόνοι
545 5047 644 5100 καὶ
677 5047 868 5100 δόλιοι
895 5049 1006 5114 οὐχ
1042 5049 1408 5114 ἡμισενύσωσι
1455 5052 1558 5116 τὰς
1597 5054 1690 5120 mu

1860 5049 2087 5102 perniciei
2121 5049 2360 5102 funditus
2389 5047 2642 5100 traditum
2665 5062 2812 5109 esse,
2847 5043 3127 5098 invadente
3167 5058 3260 5099 eos
3287 5045 3365 5098 ira

185 5147 291 5197 ρας
312 5137 514 5192 αὐτῶν
534 5153 547 5166 ·
577 5137 612 5205 ἢ
641 5135 780 5187 κατὰ
804 5135 894 5186 τὸν
929 5133 1150 5186 ’Δκύλαν
1171 5153 1182 5164 ·
1223 5137 1455 5203 Ἄνδρες
1479 5139 1690 5208 αἱμάτω

1861 5156 1890 5190 ιι
1940 5137 2215 5192 obsidione
2269 5137 2524 5191 Romanis
2569 5137 2763 5189 bellum
2823 5131 3172 5187 inferentibus
3203 5131 3362 5186 facta.

195 5222 287 5273 eral
319 5226 644 5288 ἐπιθέσεως
686 5225 799 5289 οὐχ
835 5223 1240 5288 ἡμισεύσωσιν
1269 5225 1485 5292 ἡμέρας
1520 5228 1700 5283 αὐτῶν

1864 5243 1948 5283 mo
1988 5228 2147 5282 etiam
2192 5228 2242 5281 in
2303 5225 2550 5296 prazsenti
2582 5235 2820 5292 tempore
2857 5221 3096 5276 mortalis
3147 5220 3368 5288 hujusce

195 5307 410 5382 Νοήσεις
439 5316 497 5368 δὲ
530 5315 682 5374 ὅπως
725 5311 1052 5381 ἐπληροῦντο
1079 5314 1171 5365 καὶ
1206 5314 1374 5366 ταῦτα
1419 5315 1700 5384 ἐπιστῆσας

1862 5322 1978 5381 ιιιιε,
2007 5333 2128 5372 cum
2149 5332 2214 5371 ne
2247 5315 2521 5370 dimidium
2555 5315 2771 5382 quidem
2803 5313 3008 5366 dierum
3043 5318 3367 5380 exegissent,

201 5397 273 5461 ὡς
299 5405 633 5477 παραχρῆμα
669 5401 765 5453 καὶ
793 5401 907 5469 μετ’
934 5401 993 5452 οὐ
1027 5401 1187 5455 πολὺν
1232 5403 1416 5472 χρόνον
1456 5410 1550 5471 τῆς
1596 5421 1706 5460 κατε

1868 5406 2140 5475 χιιίιιειιιοάὶ
2174 5404 2427 5475 perniciei
2459 5402 2552 5456 viri
2610 5404 2685 5458 illi
2723 5403 3039 5474 sanguinem
3093 5407 3150 5453 et
3196 5399 3373 5456 dolosi

270 5512 286 5542 '
318 5513 505 5567 Matth.
542 5526 600 5562 vs
636 5509 766 5579 ξεί.-
819 5507 840 5536 ⁸
879 5507 1065 5579 Natali.
1098 5526 1149 5576 ι,
1167 5510 1216 5565 9.
1323 5512 1342 5542 ’
1381 5509 1508 5563 Luc.
1545 5515 1749 5574 sn,30.
1861 5517 1881 5545 "
1920 5513 2060 5570 Psal.
2095 5513 2374 5579 xxxvr,25.
2472 5511 2492 5541 ’
2532 5509 2676 5567 Psal.
2711 5527 2946 5576 uxxvn,
2981 5506 3036 5564 ’1.
3144 5507 3186 5538 ’⁸
3225 5501 3375 5567 Psal.

208 5589 367 5644 nm,
429 5583 478 5634 t.
561 5580 604 5609 “
645 5575 790 5628 Psal.
830 5588 984 5635 xxix,
1018 5576 1070 5626 4.

273 5667 333 5738 (1)
370 5670 586 5728 τούτῳ.
631 5664 907 5726 lnterpres
931 5660 1118 5728 legisse
1148 5665 1358 5719 videtur
1391 5676 1558 5714 τουτο.
1604 5660 1760 5720 Enn.

519 5759 804 5815 ΡΑτιιοι..
839 5750 948 5809 Gn.
980 5753 1209 5818 XXIII.
1723 5835 1731 5839 _
3017 5757 3089 5814 to
