3812 6354
100 410 192 463 69’s

107 540 213 589 χον.

1386 389 1881 447 COMMENTARIA
1916 392 1979 445 IN
2019 393 2346 448 PSALMOS.

351 472 511 584 ’ξπεὶ
550 479 743 584 τοίχου-ν
771 488 840 539 τὸ
869 490 1118 567 Πνεῦμα
1143 500 1204 552 τὸ
1245 504 1393 570 ᾇγιον
1423 506 1480 558 τὸ
1510 507 1567 558 ἐν
1598 505 1672 574 τῷ
1695 507 1805 576 Προ

1926 524 2230 579 nocensque
2260 510 2347 570 sit,
2384 523 2412 562 a
2449 507 2606 563 Saule
2638 509 2886 565 Davidem
2934 512 3246 581 insequente
3288 518 3448 584 pelle—

372 564 739 676 ξγξξῖοὖΪἎδ
756 580 863 631 καὶ
890 582 957 634 ἐν
987 564 1124 640 εῖδει
1149 564 1470 661 περιστερᾶς
1499 594 1589 645 ἐπὶ
1608 564 1695 646 τόν

1925 600 2097 661 batur,
2127 600 2418 669 pulsusque
2462 614 2567 652 non
2615 599 2944 661 obsistebat,
2992 564 3085 655 sed
3118 564 3317 658 similisr
3335 616 3446 659 erat

3342 405 3443 459 ιιι

384 657 846 760 κατεληλυθέναι
885 657 1282 749 μαρτυρεῖται,
1328 657 1589 756 τρυφερὸν
1631 686 1687 738 ὃν
1732 688 1810 738 καλ

1923 657 2179 741 columba:
2206 657 2366 741 mutae
2395 688 2579 756 procul
2609 688 2827 751 abactae,
2855 696 2907 742 et
2932 657 2999 743 ab
3040 657 3449 760 insequentibus

165 766 445 847 διωρίαν,
458 751 781 847 -’1”,λαύνετο
839 764 959 819 ὑπὸ
1012 770 1108 823 τοῦ
1158 773 1327 825 Σαοὺλ
1362 774 1684 845 διωκομένου
1732 776 1810 829 τοῐ

1923 777 2155 845 depulsae
2178 795 2192 843 ;
2220 778 2337 831 ideo
2365 751 2638 846 atreliquis
2663 778 3038 846 interpretibus
3075 751 3190 847 pro'
3213 782 3449 836 columba

184 851 401 911 δαυῖδ,
432 839 808 916 ἐλαυνόμενόν
830 870 899 905 τε
936 857 1044 910 οὐκ
1071 859 1322 928 ἠμύνετο,
1349 862 1459 913 ἀλλ’
1484 839 1638 931 ἐῷκει
1670 881 1825 933 περι-ο

1923 867 2123 921 dictum
2153 877 2253 923 est.
2282 867 2385 921 Pro
2418 869 2507 921 illo
2531 875 2736 928 autem,
2762 870 2813 920 in
2848 868 2984 920 tituli
3030 870 3411 937 inscriptionem
3432 912 3446 933 ,

213 937 400 1013 ςτερᾷ
421 934 606 1006 ἁλάλῳ
650 947 1063 1019 μακρυνομένῃ
1096 950 1188 1001 καὶ
1210 951 1563 1022 ἀπωθουμένῃ
1594 954 1695 1006 ὑπὸ
1716 955 1810 1009 τῶι

1921 957 2129 1025 Aquila,
2165 958 2373 1011 Immitis
2405 958 2653 1025 perfecti;
2689 957 3038 1028 Symmachus
3066 934 3211 1023 vero,
3241 961 3447 1014 banti/is

224 1031 543 1084 διωκόντων
565 1046 578 1058 ·
614 1031 816 1084 τούτου
856 1037 1021 1106 χάριν
1053 1040 1192 1093 κατὰ
1244 1042 1366 1104 τοὺς
1405 1040 1620 1104 λοιποὺς
1653 1045 1820 1113 ἑρμη-

234 1123 456 1185 δευτὰς,
480 1121 635 1189 ὑπὲρ
662 1121 771 1189 τῆς
794 1128 1171 1195 περιστερᾶς,
1195 1130 1421 1201 εἴρηται.
1457 1133 1596 1184 Ἀντὶ
1621 1134 1676 1185 δὲ
1706 1135 1817 1199 τοῦ,

214 1217 327 1279 εἰς
373 1216 853 1283 στηλοτιραρίαν,
899 1218 929 1268 6
979 1220 1075 1288 μὲν
1124 1220 1366 1283 Ἀκύλας,
1418 1224 1690 1277 ταπεινοῦ
1728 1241 1816 1276 τε-

218 1306 452 1358 λείουο
516 1307 544 1357 6
592 1306 651 1357 δὲ
698 1306 1015 1377 Σύμμαχος,
1066 1310 1169 1363 τοῦ
1214 1314 1664 1379 ταπεινόφρονος
1721 1316 1816 1367 καὶ

208 1398 515 1465 ἀμώμου,
548 1400 920 1468 ἠρμήνευσεν,
964 1400 1055 1452 τὸν
1099 1402 1291 1469 τρόπον
1335 1403 1610 1471 δηλοῦντες
1653 1404 1717 1456 δι’
1757 1405 1814 1457 ὃν

204 1486 437 1558 ὥσπερ
464 1488 674 1557 στήλης
705 1489 802 1540 καὶ
826 1490 1049 1551 αίωνίας
1085 1491 1299 1561 μνήμης
1324 1492 1532 1561 ἠξιοῦτο
1570 1493 1713 1563 παρὰ
1738 1494 1813 1564 τῷ

206 1577 361 1647 Θεῷ
409 1580 443 1647 ἡ
478 1578 577 1630 τοῦ
630 1580 921 1649 Προφήτου
950 1580 1135 1649 ἀρετή.
1178 1581 1249 1632 Τὸ
1292 1582 1395 1651 γὰρ
1438 1583 1684 1651 μέγιστον
1720 1584 1811 1636 τοῦ

200 1666 406 1718 Δαυῖδ
436 1667 782 1737 κατόρθωμα
809 1671 842 1738 ἡ
870 1671 1187 1739 ταπεινότης
1208 1666 1275 1739 ἦν
1296 1671 1386 1723 καὶ
1414 1673 1445 1741 ἡ
1468 1689 1812 1742 ταπεινοφρο-

1904 1057 1965 1123 pet
2000 1047 2265 1115 inculpati,
2293 1048 2622 1116 interpretati
2653 1058 2808 1114 sunt;
2841 1050 3200 1118 significantes
3231 1067 3334 1119 qua
3363 1067 3449 1104 ra-

1916 1138 2059 1191 tione
2080 1136 2352 1205 ProphetIe
2381 1140 2568 1201 virtus,
2591 1141 2743 1209 quasi
2764 1140 2937 1207 cippo,
2970 1142 3033 1194 ad
3063 1149 3309 1195 aeternam
3337 1158 3448 1196 me-

1919 1229 2138 1281 moriam
2165 1229 2301 1296 apud
2336 1228 2497 1281 Deum
2530 1230 2720 1285 donata
2756 1231 2842 1284 sit.
2871 1229 3152 1285 Enimvero
3182 1231 3445 1300 prtecipua

1920 1316 2129 1372 Davidis
2168 1319 2420 1387 perfectio
2471 1326 2586 1372 erat
2640 1320 2908 1373 humilitas
2966 1328 3017 1373 et
3064 1321 3307 1389 abjectio,
3342 1336 3446 1390 qua

1918 1408 2213 1461 absolutam
2249 1410 2498 1463 virtutem
2542 1410 2674 1462 nulli
2719 1410 3116 1478 reprehensioni
3163 1411 3444 1465 obnoxiam

1916 1498 2216 1551 exhibebat.
2260 1497 2434 1562 Quare
2461 1498 2557 1551 hos
2599 1514 2891 1561 sermones,
2917 1498 3202 1553 eminentis
3229 1514 3290 1553 ac
3326 1515 3447 1568 pcr-

1916 1586 2064 1641 lecue
2130 1588 2445 1642 humilitatis
2500 1589 2759 1641 rationem
2828 1588 3280 1655 complectentes,
3340 1588 3444 1642 Dco

1913 1678 2103 1730 emittit
2117 1716 2130 1735 ,

203 1758 399 1827 σύν-η,
437 1757 565 1810 καθ’
637 1761 706 1826 ἢν
741 1757 952 1810 τελείαν
1019 1759 1353 1813 ἐπεδείκνυτο
1400 1761 1614 1831 ἀρετὴν,
1661 1761 1840 1814 οὐδένα
1880 1765 2063 1833 μῶμον
2117 1768 2469 1839 ἐπαγομένην.
2508 1770 2595 1821 Διὸ
2628 1771 2749 1831 τοὺς
2811 1770 3187 1839 προκειμένους
3236 1769 3441 1837 λόγους,

197 1845 704 1915 ὑπερϐαλλούσης
765 1846 860 1898 καὶ
909 1846 1117 1908 τελείας
1167 1847 1655 1918 ταπεινοφροσύνης
1708 1849 1966 1920 δείγματα
1998 1855 2355 1923 περιέχοντας,
2395 1859 2668 1927 ἀνέπεμπε
2714 1860 2789 1928 τῷ
2821 1861 2935 1931 Θεῴ
2974 1862 3176 1927 λέγων*

310 1939 627 2006 Ἐλέησόν
663 1956 764 2007 με,
813 1942 847 1992 ό
886 1939 1047 2003 Θεὸς,
1085 1939 1170 1992 ὅτι
1214 1940 1579 2007 κατεπάτησέ
1602 1959 1677 2009 με
1713 1942 1810 1995 ἇν-

1984 1946 2225 2001 Miserere
2252 1950 2370 2010 mei,
2392 1949 2547 2011 Deus,
2566 1953 2807 2018 quoniam
2833 1954 3150 2006 conculcavit
3170 1970 3245 2007 me
3268 1953 3441 2007 homo,

196 2037 500 2100 θρωπος,
540 2032 621 2093 ὡς
661 2030 802 2100 πρὸς
846 2029 943 2100 τὴν
986 2030 1128 2092 λέξιν
1173 2031 1260 2082 τὸν
1305 2032 1472 2083 Σαοὺλ
1520 2032 1812 2101 σημαίνων,

198 2121 602 2174 ὲπαναόάντα
647 2119 823 2187 αύτῷ,
876 2119 968 2171 καὶ
1000 2120 1059 2171 ού
1112 2120 1236 2188 μίαν
1279 2121 1505 2191 ἡμέραν,
1553 2121 1685 2173 ἀλλὰ
1729 2122 1817 2173 καὶ

201 2210 452 2272 πολλὰς
482 2210 813 2278 ἐπιθέμενον
837 2208 916 2277 τῷ
957 2210 1072 2260 κατ’
1108 2208 1270 2260 αὑτοῦ
1303 2210 1517 2278 πολέμῳ
1539 2227 1551 2240 θ
1587 2210 1664 2262 διὸ
1703 2214 1817 2263 ἐπι-

194 2301 426 2366 λέγειι
478 2303 664 2366 Ὅλην
714 2299 832 2366 τὴν
878 2298 1105 2366 ἡμέραν
1156 2298 1426 2366 πολεμῶν
1473 2301 1678 2368 tempe
1719 2319 1811 2369 με.

202 2390 354 2447 Εἶτ’
393 2392 702 2461 ἐπειδήπερ
740 2391 819 2460 τῷ
869 2391 994 2459 θείῳ
1029 2390 1299 2459 Πνεύματι
1328 2390 1567 2460 συνεώρα
1596 2394 1691 2460 οὐχ
1730 2392 1817 2444 οὒ-

200 2500 347 2545 τως
376 2482 468 2534 τὸν
503 2483 685 2534 Σαοὺλ
718 2480 893 2533 αἴτιον
924 2481 1051 2531 ὄντα
1075 2480 1173 2547 τῆς
1212 2482 1473 2550 τοσαύτης
1510 2482 1625 2533 κατ’
1655 2481 1813 2533 αὐτοῦ

210 2573 501 2641 σπουδῆς,
554 2574 685 2624 ὅσον
730 2572 957 2638 ἀφανεῖς
1003 2586 1151 2631 τινας
1200 2569 1291 2621 καὶ
1340 2571 1555 2638 νοητοὺς
1594 2570 1813 2639 ἐχθροὺς

207 2666 531 2735 ἀοράτους,
569 2662 781 2733 δηλαδὴ
820 2662 1077 2731 δυνάμεις
1127 2662 1216 2713 καὶ
1254 2660 1532 2728 πνεύματα
1586 2659 1809 2730 πονηρὰ,

206 2754 322 2806 τὸν
362 2754 537 2805 Σαοὺλ
587 2750 925 2821 ἐνεργοῦντα
962 2752 1054 2803 καὶ
1087 2750 1410 2819 διεγείροντα
1441 2750 1531 2802 ἐπὶ
1568 2749 1656 2803 τὸν
1694 2753 1811 2802 κατ’

210 2846 399 2898 αὐτοῦ
464 2847 749 2913 πόλεμον,
801 2842 1025 2904 εἰκότως
1066 2841 1327 2908 ἐπιλέγεισ
1385 2839 1813 2907 Κατεπάτησάν

210 2954 300 3008 με
337 2942 392 2991 οἱ
435 2935 655 3003 ἐχθροί
691 2950 812 3001 μου
855 2932 1005 2997 ὅλην
1035 2931 1146 2996 τὴν
1190 2930 1435 2997 ἡμέραν
1472 2929 1502 2995 ἢ
1551 2928 1687 2981 κατὰ
1726 2930 1812 2981 τὸν

213 3027 539 3097 Σύμμαχον
560 3042 575 3054 ·
629 3022 967 3088 Ἑπέτριὸον
997 3024 1048 3073 οἱ
1076 3020 1375 3084 θλίϐοντές
1413 3037 1488 3087 με
1530 3021 1673 3072 κατὰ
1700 3018 1811 3072 πᾶ-

208 3131 353 3168 σαν
387 3115 658 3184 ἡμέραν.
690 3113 849 3173 Τίνες
874 3111 929 3162 δὲ
957 3113 1003 3162 οἱ
1037 3110 1215 3181 ἐχθροὶ
1247 3111 1338 3162 καὶ
1360 3110 1407 3161 οἱ
1432 3110 1696 3171 Ολίόοντες
1718 3110 1811 3161 αύ-

210 3206 341 3268 τὸν,
372 3208 425 3258 οἱ
458 3205 556 3256 τὸν
588 3201 771 3255 Σαοὺλ
796 3200 1155 3270 ἐνεργοῦντες,
1191 3199 1436 3265 διασαφεῖ
1468 3197 1591 3265 ἑξῆς
1612 3198 1806 3265 λέγων’

215 3298 352 3349 Ὅτι
393 3295 628 3353 πολλοὶ
677 3296 732 3345 οὶ
777 3289 1174 3359 πολεμοῦντές
1207 3305 1281 3355 με
1325 3288 1439 3340 ἀπὸ
1472 3288 1682 3354 ὕψους.
1736 3290 1806 3341 Οὐ

212 3386 339 3457 γὰρ
374 3386 600 3453 ἠγνόει,
630 3382 710 3445 ὡς
749 3382 848 3433 οὐκ
876 3376 941 3449 ἦν
974 3379 1175 3449 αύτῷή
1211 3378 1350 3446 πάλη
1386 3376 1517 3447 πρὸς
1551 3372 1686 3445 αἷμα
1718 3380 1809 3430 καὶ

214 3478 438 3547 σάρκα,
461 3474 612 3532 ἀλλὰ
636 3472 777 3542 πρὸς
804 3470 902 3532 τὰς
928 3469 1096 3539 ἀρχὰς
1126 3469 1218 3520 καὶ
1245 3467 1504 3532 ἐξουσίας,
1532 3469 1665 3537 πρὸς
1687 3469 1810 3529 τοὺς

210 3568 705 3638 κοσμοκράτορας
736 3561 829 3613 τοῦ
870 3562 1087 3620 σκότους
1131 3556 1337 3617 τούτου,
1372 3557 1506 3625 πρὸς
1554 3555 1620 3607 τὰ
1654 3572 1811 3607 πνευυ

216 3657 443 3727 ματικὰ
474 3656 588 3723 τῆς
635 3651 918 3722 πονηρίας,
950 3649 1036 3715 ὑφ’
1062 3642 1135 3699 ὧν
1165 3649 1193 3699 6
1244 3646 1411 3698 Σαοὺλ
1448 3644 1805 3714 ἀκονώμενος,

208 3748 320 3800 τὸν
351 3747 529 3817 μηδὲν
575 3741 733 3809 αὐτῷ
770 3737 1103 3808 λελυπηκότα
1144 3736 1357 3787 πώποτε
1398 3735 1568 3805 μάτην
1618 3735 1807 3803 ἤλαυνε

210 3840 325 3891 καὶ
359 3834 660 3903 ἐπολέμει.
698 3827 811 3882 Εἶθ’
838 3828 961 3897 ἑξῆς
984 3843 1173 3897 φησιν’
1217 3825 1453 3893 Ἡμέρας
1484 3824 1810 3891 φοϐηθήσο-

204 3946 352 3996 μαι,
380 3926 505 3993 ἐγὼ
530 3923 608 3976 δὲ
637 3919 824 3974 ἐλπιῶ
850 3919 947 3971 ἐπὶ
975 3918 1066 3971 σέ.
1111 3918 1174 3968 Ὅ
1203 3916 1265 3985 δὴ
1291 3915 1607 3984 διεσάφησεν
1630 3916 1658 3966 6
1678 3914 1811 3983 Σύμ-

215 4036 404 4088 μαχος
454 4013 679 4067 εἰπών’
726 4005 881 4079 Ἐ’νῇ
926 4009 1000 4061 ἂν
1039 4009 1223 4076 ἡμέρᾳ
1267 4006 1516 4073 φοϐηθῶ,
1565 4006 1659 4056 σοὶ
1708 4004 1809 4056 πέ-

213 4113 430 4163 ποιθα.
477 4107 549 4158 El
596 4102 710 4171 γὰρ
743 4102 834 4153 καὶ
864 4100 930 4152 τὰ
979 4098 1203 4168 μάλιστα
1244 4097 1384 4148 δοκεῖ
1426 4095 1703 4164 ἄνθρωπός
1744 4112 1809 4163 με

211 4192 798 4262 καταπεπατηκέναι,
858 4189 1021 4249 πολὺς
1083 4187 1362 4255 γενόμενος
1422 4186 1537 4237 κατ’
1593 4184 1722 4255 ἐμοῦ
1780 4187 1808 4237 6

214 4288 431 4351 Σαοὺλ,
484 4284 612 4337 ἀλλ’
663 4283 712 4331 οἱ
758 4278 941 4348 ἐχθροί
989 4294 1086 4345 μου
1132 4276 1310 4329 καὶοοὶ
1353 4274 1704 4343 πολεμοῦντές
1744 4291 1808 4343 με

214 4378 469 4437 ἄνωθεν,
510 4371 629 4424 ἀπὸ
676 4369 842 4436 ὕψους
874 4366 943 4418 τὰ
988 4364 1189 4417 ἑαυτῶν
1225 4364 1347 4433 βέλη
1382 4363 1518 4416 κατά
1550 4364 1645 4431 τῆς
1677 4363 1810 4431 ἐμῆς

220 4468 539 4539 βάλλοντες
596 4459 775 4529 ψυχῆς
827 4456 1063 4508 πλεῖστοι
1109 4455 1443 4523 τυγχάνουσι.
1491 4453 1702 4506 Τούτων
1757 4455 1811 4506 δὲ

1917 2037 2113 2092 diserte
2142 2041 2294 2107 quasi
2324 2039 2535 2094 Saulem
2576 2042 2839 2104 indicans,
2873 2043 2964 2111 qui
3014 2044 3065 2095 in
3101 2060 3158 2098 se
3189 2044 3443 2112 impetum

1915 2127 2159 2190 faciebat,
2191 2146 2363 2197 neque
2400 2147 2507 2184 uno
2537 2140 2763 2195 tantum,
2795 2134 2889 2187 sed
2922 2134 3103 2188 multis
3148 2134 3336 2187 diebus
3374 2132 3442 2187 ad

1914 2218 2110 2271 bellum
2160 2220 2260 2274 sibi
2311 2220 2643 2275 inferendum
2692 2223 3067 2285 incumbebat;
3116 2238 3282 2293 quare
3313 2224 3443 2278 sub-

1910 2310 2108 2377 jungit,
2141 2311 2358 2364 dicens:
2411 2311 2540 2364 Tota
2582 2312 2667 2365 die
2701 2313 3004 2381 impugnans
3042 2312 3310 2365 tribulavit
3339 2328 3437 2365 me.

1915 2398 2113 2452 Deinde
2168 2402 2292 2468 quia
2339 2399 2540 2469 Spiritu
2603 2410 2789 2456 sancto
2824 2410 3156 2457 menstrante
3205 2401 3437 2460 videbat.

1913 2505 2018 2541 non
2043 2497 2146 2541 tam
2180 2488 2392 2543 Saulem
2441 2491 2571 2542 tanti
2605 2490 2886 2544 adversum
2931 2506 2988 2544 se
3018 2490 3308 2543 moliminis
3340 2505 3437 2542 au-

1913 2586 2116 2630 ctorem
2146 2593 2286 2641 esse,
2316 2594 2474 2646 quam
2499 2579 2740 2631 occultos
2769 2577 3025 2646 quosdam
3054 2585 3107 2630 et
3134 2576 3439 2645 spirituales

1914 2667 2316 2736 invisibilesque
2380 2668 2646 2730 inimicos,
2716 2666 2963 2720 videlicet
3024 2674 3315 2734 potestates
3375 2680 3438 2719 ac

1912 2757 2131 2824 spiritus
2172 2757 2433 2825 malignos
2461 2756 2673 2810 Saulem
2703 2756 3033 2823 exagitantes
3060 2763 3113 2809 et
3141 2755 3438 2809 excitantes

1912 2848 1975 2899 ad
2007 2847 2204 2901 bellum
2252 2848 2349 2901 sibi
2392 2847 2744 2909 movendum,
2784 2846 2907 2914 jure
2956 2846 3035 2899 sic
3074 2844 3276 2914 pergit:
3312 2844 3441 2897 Con-

1909 2936 2235 2989 culcaverunt
2261 2952 2339 2989 me
2360 2937 2555 2988 inimici
2586 2937 2683 2989 mei
2702 2944 2811 2988 tota
2840 2935 2956 2997 die';
2991 2937 3122 2999 sive,
3144 2935 3435 2989 secundum

1912 3026 2309 3095 Symmachum,
2344 3026 2646 3079 Atterebant
2688 3042 2765 3078 me
2793 3026 2879 3095 qui
2909 3024 3227 3078 tribulabant
3257 3042 3335 3078 me
3350 3039 3440 3090 per

1911 3131 2108 3168 omnem
2150 3116 2304 3168 diem.
2365 3114 2591 3179 Quinam
2625 3129 2752 3167 vero
2790 3113 2991 3167 inimici
3043 3121 3224 3168 essent
3262 3114 3437 3167 tribu-

1910 3206 2082 3260 lantes
2137 3207 2333 3275 ipsum,
2389 3206 2478 3273 qui
2538 3205 2750 3257 Saulem
2814 3204 3140 3268 excitabant,
3188 3204 3438 3270 deinceps

1910 3294 2167 3357 declarat,
2196 3295 2377 3348 dicens
2406 3311 2419 3346 :
2454 3293 2709 3356 Quoniam
2734 3294 2881 3345 multi
2898 3292 3143 3346 bellantes
3166 3292 3437 3346 adversum

1912 3402 1990 3437 me
2035 3384 2097 3435 ab
2156 3384 2450 3437 altitudine.
2493 3381 2606 3435 Non
2640 3383 2781 3435 enim
2819 3383 3099 3450 ignorabat
3149 3398 3257 3437 non
3312 3398 3435 3438 esse

1912 3474 2012 3527 sibi
2046 3474 2241 3526 luetam
2290 3474 2548 3527 adversus
2580 3485 2791 3525 carnem
2836 3478 2889 3523 et
2936 3470 3280 3539 sanguinem;
3342 3471 3433 3526 sed

1911 3564 2166 3616 adversus
2210 3561 2539 3630 principatus
2566 3568 2619 3614 et
2642 3567 2953 3629 potestates.
2993 3570 3228 3614 rectores
3251 3560 3435 3614 mundi

1912 3652 2250 3706 tenebrarum
2285 3651 2494 3711 harum.
2528 3659 2713 3703 contra
2760 3650 3055 3717 spiritualia
3097 3650 3367 3718 nequitiae,
3403 3665 3431 3701 a

1911 3740 2106 3809 quibus
2149 3738 2275 3791 Saul
2308 3738 2625 3799 concitatus,
2673 3752 2793 3791 eum
2825 3738 2914 3805 qui
2957 3738 3058 3792 sibi
3088 3739 3222 3791 nihil
3251 3738 3434 3793 damni

1911 3829 2198 3891 intulisset,
2222 3828 2338 3882 sine
2353 3841 2512 3881 causa
2528 3826 2754 3894 pellebat
2774 3833 2826 3880 et
2855 3827 3214 3895 impugnabat.
3243 3826 3439 3881 Deinde

1910 3920 1985 3971 ait
2024 3937 2036 3969 :
2079 3917 2175 3970 Die
2199 3918 2405 3981 timebo,
2432 3934 2520 3986 ego
2551 3933 2663 3969 vero
2692 3920 2745 3969 in
2789 3926 2834 3969 te
2863 3917 3098 3983 sperabo.
3146 3917 3297 3983 Quod
3328 3920 3437 3973 cla-

1910 4010 2023 4061 rius
2049 4006 2402 4078 Symmachus
2435 4006 2720 4075 explicavit
2744 4006 2829 4059 his
2858 4005 3035 4059 verbis
3074 4023 3086 4056 :
3124 4005 3189 4059 In
3215 4023 3439 4075 quacun-

1909 4116 2003 4167 que
2026 4099 2106 4151 die
2136 4098 2336 4160 timebo,
2386 4100 2438 4150 in
2484 4105 2528 4149 te
2556 4096 2773 4162 speravi.
2826 4094 3047 4148 Etiamsi
3085 4095 3224 4149 enim
3255 4096 3425 4151 homo

1909 4205 1993 4242 me
2025 4190 2357 4257 impugnare,
2411 4187 2645 4254 Saulque
2691 4186 2855 4239 multa
2910 4192 3097 4239 contra
3131 4200 3216 4238 me
3259 4186 3433 4239 moliri

1910 4279 2192 4344 videatur;
2234 4279 2327 4333 sed
2376 4277 2581 4331 inimici
2622 4275 2746 4338 mei,
2781 4284 2833 4330 et
2872 4275 2963 4343 qui
2998 4276 3064 4328 ab
3091 4275 3199 4327 alto
3224 4290 3309 4330 me
3333 4277 3435 4329 im-

1911 4376 2169 4438 pugnant,
2213 4370 2312 4422 tela
2359 4383 2456 4421 sua
2487 4367 2743 4420 adversus
2773 4366 3001 4417 animam
3036 4379 3204 4418 meam
3237 4366 3438 4417 immit-

1910 4467 2105 4522 tcntes,
2136 4461 2284 4512 multi
2321 4472 2544 4510 numero
2593 4465 2736 4510 sunt.
2773 4454 2880 4507 Hos
2908 4470 3070 4523 porro
3102 4469 3289 4509 omnes
3315 4469 3441 4522 pro—

217 4558 458 4610 πάντων
492 4548 862 4616 καταφρονεῖν
892 4541 1179 4613 μεμάθηκα
1207 4542 1291 4594 διὰ
1323 4541 1380 4593 σὲ
1405 4541 1493 4592 τὸν
1528 4540 1655 4609 ἐμὸν
1680 4541 1810 4610 πρό-

1915 4556 2031 4617 pter
2071 4557 2121 4601 te
2149 4552 2600 4615 propugnatorem
2650 4550 2702 4596 et
2742 4550 3096 4610 protectorem
3128 4557 3303 4596 meum
3342 4542 3436 4593 de-

222 4663 412 4714 μαχον
448 4641 556 4695 καὶ
596 4634 1029 4708 ύπερασπιστήν.
1060 4633 1147 4683 Σοὶ
1178 4630 1283 4701 γὰρ
1316 4629 1601 4691 πεποιθὼς,
1628 4629 1808 4682 εἴποτε

220 4735 476 4802 ἐμπέσοι
516 4726 685 4796 φόϐος
713 4727 779 4794 τῇ
814 4725 920 4792 ἐμῇ
950 4721 1471 4792 ψυχῇ,διακρούομαι
1493 4721 1696 4783 τοῦτον,
1729 4724 1809 4775 σοὶ

201 4826 289 4896 τῷ
344 4819 749 4891 ύπερασπιστῇ
792 4832 893 4883 μου
923 4812 1154 4881 θαρρῶν.

256 4912 289 4939 ι’
316 4922 418 4971 τεν
452 4909 541 4973 τῷ
586 4908 785 4974 Κυρίῳ
815 4902 1108 4955 ἐπαινέσω
1138 4903 1274 4969 τοὺς
1302 4904 1517 4972 λόγους
1553 4920 1690 4971 μου,
1713 4902 1810 4956 ἐπὶ

205 5009 297 5072 τῷ
348 5004 479 5070 6εῷ
526 5002 795 5068 ἧλιησω
832 4994 907 5046 οὐ
940 4993 1339 5061 φοϐηθήσομαι
1372 4995 1428 5046 τί
1456 4993 1686 5057 ποιήσει
1711 5011 1810 5062 μοι

218 5113 263 5149 σ
286 5099 421 5163 ape.
462 5091 611 5145 ’Δντὶ
660 5087 781 5146 τοῦ,
828 5084 901 5136 ἐν
938 5081 1017 5145 τῷ
1049 5082 1166 5146 Θεῷ
1201 5084 1488 5136 ἐπαινέσω
1526 5082 1664 5146 τοὺς
1711 5085 1810 5136 λό-

239 5203 391 5251 γους
416 5201 555 5252 μου,
583 5183 613 5231 ὁ
646 5178 752 5247 μὲν
784 5170 1100 5239 Σύμμαχος,
1132 5172 1225 5223 διὰ
1249 5173 1351 5226 τοῦ
1386 5172 1530 5225 Θεοῦ
1568 5172 1811 5239 ὑμνήσω

238 5274 352 5325 τὸν
393 5276 579 5342 λόγον
630 5260 868 5320 αὐτοῦ’
928 5261 956 5311 6
1006 5259 1059 5311 δὲ
1131 5261 1352 5324 Ἀκύλας
1379 5279 1393 5292 ·
1443 5261 1513 5311 ἐν
1570 5260 1646 5323 τῷ
1694 5262 1814 5326 Θεῷ

236 5364 477 5429 ὑμνήσω
526 5358 788 5427 ῥήματα
826 5347 1043 5399 αὑτοῦ·
1092 5349 1185 5401 καὶ
1229 5353 1262 5418 ή
1299 5351 1521 5418 πέμπτη
1568 5347 1807 5411 ἔκδοσις·

237 5449 300 5501 ἐν
332 5456 409 5522 τῷ
455 5447 590 5512 Θεῷ
624 5434 952 5522 ἐπαινέσω
971 5521 976 5522 γ
997 5436 1099 5488 τὸν
1137 5440 1318 5503 λόγον
1341 5455 1480 5507 μου,
1512 5435 1808 5491 ἐκδεδώκα-

227 5552 309 5596 σιν,
336 5520 415 5602 εἴ
447 5551 614 5593 ποτε,
668 5524 847 5592 φησι,
883 5520 1040 5586 φόϐος
1059 5526 1124 5577 ἐκ
1170 5526 1269 5594 τῆς
1300 5526 1400 5579 τῶν
1433 5522 1809 5593 πολεμούντων

215 5628 551 5709 ἐκταραχῖπ
596 5607 891 5709 ἐνέπξπῗέ
929 5625 1029 5709 ttat,
1069 5612 1418 5709 διεκρουόμην
1456 5611 1614 5709 αὐτὸν
1657 5615 1812 5709 ἐλπί-

207 5704 229 5725 1

197 5693 305 5786 ξων
335 5693 468 5779 ἐπὶν
494 5693 565 5764 ἀί
593 5721 610 5734 .
668 5694 775 5749 καὶ
836 5693 957 5744 ἀντὶ
1002 5699 1213 5768 ἐπῳδῆς
1257 5706 1341 5757 καὶ
1397 5701 1809 5773 φυλακττρίωνν

1909 4636 2115 4705 spicere
2144 4636 2321 4689 didici.
2358 4633 2489 4688 Nam
2522 4634 2573 4686 in
2603 4640 2655 4686 te
2680 4632 2933 4694 conlisus,
2960 4633 3003 4686 si
3028 4633 3242 4701 quando
3264 4639 3438 4684 metus

1909 4728 1961 4779 in
1987 4724 2214 4777 animam
2249 4721 2450 4775 incidat
2487 4735 2681 4778 meam,
2732 4718 2877 4771 hunc
2923 4718 3149 4786 depello,
3184 4718 3280 4770 tibi
3312 4730 3439 4785 pro-

1911 4813 2190 4884 pugnatori
2223 4827 2339 4865 meo
2368 4811 2601 4863 innixus.

1980 4902 2136 4956 Vens.
2172 4902 2223 4961 5,
2256 4900 2307 4954 6.
2347 4898 2407 4951 1η
2461 4899 2671 4952 Domino
2704 4897 2927 4949 laudabo
2968 4909 3227 4948 sermones
3275 4910 3432 4952 meos,

1910 4994 1961 5044 in
1989 4992 2095 5045 Deo
2132 4991 2347 5059 speravi.
2380 5006 2478 5041 non
2509 4987 2688 5040 timebo
2741 4987 2863 5056 quid
2904 4985 3064 5053 faciat
3118 4984 3243 5036 mihi
3291 5000 3431 5037 caro.

1910 5081 2013 5136 Pro
2046 5082 2155 5141 illo,
2190 5081 2244 5132 in
2288 5079 2396 5131 Deo
2427 5076 2647 5131 laudabo
2677 5092 2932 5129 sermones
2963 5089 3100 5125 meos
3126 5090 3145 5135 ;
3190 5072 3436 5143 Symmao

1909 5172 2062 5232 chus,
2088 5185 2177 5238 per
2201 5168 2364 5221 Deum
2418 5164 2679 5219 celebrabo
2721 5180 3002 5216 sermonem
3042 5162 3195 5228 ejus;
3248 5162 3437 5230 Aquila

1908 5273 2054 5318 vero,
2091 5258 2142 5309 in
2190 5255 2296 5309 Deo
2344 5252 2603 5307 celebrabo
2636 5252 2786 5304 verba
2842 5253 2991 5318 ejus;
3036 5250 3223 5315 quinta
3251 5250 3438 5310 editio,

1910 5350 1961 5399 in
2013 5346 2120 5400 Deo
2169 5344 2390 5398 laudabo
2448 5356 2726 5396 sermonem
2764 5356 2977 5403 meum;
3010 5339 3322 5393 ediderunt.
3383 5338 3441 5395 Si

1911 5437 2143 5507 quando,
2196 5436 2384 5504 inquit,
2413 5450 2475 5497 ex
2511 5433 2845 5486 inimicorum
2879 5443 3123 5486 meorum
3162 5431 3445 5498 perturba-

1917 5528 2059 5581 tione
2086 5531 2260 5578 metus
2299 5524 2522 5576 instaret
2571 5518 2719 5580 mihi,
2780 5519 2960 5588 ipsum
3001 5518 3058 5570 in
3083 5521 3138 5571 te
3179 5518 3449 5586 sperando

1921 5613 2321 5685 propulsabam,
2381 5625 2443 5665 ac
2494 5624 2590 5679 pro
2642 5610 3017 5663 iueantatione
3063 5613 3116 5660 et
3178 5606 3451 5683 amuletis,

1917 5708 2142 5775 hymnos
2168 5701 2565 5770 pereolvebam;
2608 5715 2727 5753 nam
2773 5715 2895 5754 cum
2957 5696 3301 5753 celebrarent
3336 5708 3458 5745 'scr-
