  <div class='ocr_page' id='page_1' title='image "/cluster/home/n/w/nwhite01/storage/ocr_20150623/23 (Eusebius, pt. 5)/nyp.33433081862363/257.png"; bbox 0 0 3812 6356; ppageno 0'>
   <div class='ocr_carea' id='block_1_1' title="bbox 699 392 900 447">
    <p class='ocr_par' dir='ltr' id='par_1_1' title="bbox 699 392 900 447">
     <span class='ocr_line' id='line_1_1' title="bbox 699 392 900 447; baseline 0.01 -2"><span class='ocrx_word' id='word_1_1' title='bbox 699 392 800 447; x_wconf 66' lang='lat'><strong>495</strong></span> <span class='ocrx_word' id='word_1_2' title='bbox 896 426 900 430; x_wconf 95' lang='lat'><strong><em>-</em></strong></span> 
     </span>
    </p>
   </div>
   <div class='ocr_carea' id='block_1_2' title="bbox 1366 374 3508 437">
    <p class='ocr_par' dir='ltr' id='par_1_2' title="bbox 1366 374 3508 437">
     <span class='ocr_line' id='line_1_2' title="bbox 1366 374 3508 437; baseline -0.005 1"><span class='ocrx_word' id='word_1_3' title='bbox 1366 381 1642 437; x_wconf 77' lang='lat' dir='ltr'><strong>‘EL&#39;SEBII</strong></span> <span class='ocrx_word' id='word_1_4' title='bbox 1676 378 2135 434; x_wconf 67' lang='lat' dir='ltr'><strong>CAESARIENSIS</strong></span> <span class='ocrx_word' id='word_1_5' title='bbox 2174 379 2315 434; x_wconf 76' lang='lat' dir='ltr'><strong>OFP.</strong></span> <span class='ocrx_word' id='word_1_6' title='bbox 2361 376 2532 430; x_wconf 74' lang='lat' dir='ltr'><strong>PARS</strong></span> <span class='ocrx_word' id='word_1_7' title='bbox 2562 375 2656 429; x_wconf 77' lang='lat' dir='ltr'><strong>&quot;In.</strong></span> <span class='ocrx_word' id='word_1_8' title='bbox 2699 407 2763 416; x_wconf 94' lang='lat'><strong><em>—</em></strong></span> <span class='ocrx_word' id='word_1_9' title='bbox 2791 374 3066 432; x_wconf 67' lang='lat' dir='ltr'><strong>EXEGETICA.</strong></span> <span class='ocrx_word' id='word_1_10' title='bbox 3451 376 3508 428; x_wconf 63' lang='lat' dir='ltr'><strong>illi</strong></span> 
     </span>
    </p>
   </div>
   <div class='ocr_carea' id='block_1_3' title="bbox 699 487 2204 568">
    <p class='ocr_par' dir='ltr' id='par_1_3' title="bbox 699 497 2204 568">
     <span class='ocr_line' id='line_1_3' title="bbox 699 497 2204 568; baseline -0.006 -11"><span class='ocrx_word' id='word_1_11' title='bbox 699 519 906 558; x_wconf 89' lang='lat' dir='ltr'><strong>monem</strong></span> <span class='ocrx_word' id='word_1_12' title='bbox 932 497 1098 563; x_wconf 76' lang='lat' dir='ltr'><strong>tuum&#39;,</strong></span> <span class='ocrx_word' id='word_1_13' title='bbox 1129 501 1351 568; x_wconf 82' lang='lat' dir='ltr'><strong>juvabar</strong></span> <span class='ocrx_word' id='word_1_14' title='bbox 1383 505 1440 549; x_wconf 88' lang='lat' dir='ltr'><strong>ut</strong></span> <span class='ocrx_word' id='word_1_15' title='bbox 1482 513 1509 549; x_wconf 92' lang='lat' dir='ltr'><strong>a</strong></span> <span class='ocrx_word' id='word_1_16' title='bbox 1539 502 1968 565; x_wconf 72' lang='lat' dir='ltr'><strong>persequentium</strong></span> <span class='ocrx_word' id='word_1_17' title='bbox 2002 497 2204 550; x_wconf 80' lang='lat' dir='ltr'><strong>nemine</strong></span> 
     </span>
    </p>
   </div>
   <div class='ocr_carea' id='block_1_4' title="bbox 2001 487 3506 568">
    <p class='ocr_par' dir='ltr' id='par_1_4' title="bbox 2002 487 3506 564">
     <span class='ocr_line' id='line_1_4' title="bbox 2002 487 3506 564; baseline -0.005 -16"><span class='ocrx_word' id='word_1_18' title='bbox 2002 497 2210 550; x_wconf 85' lang='lat' dir='ltr'><strong>nemine</strong></span> <span class='ocrx_word' id='word_1_19' title='bbox 2241 505 2280 558; x_wconf 76' lang='grc' dir='ltr'>Α</span> <span class='ocrx_word' id='word_1_20' title='bbox 2309 495 2507 564; x_wconf 64' lang='grc' dir='ltr'>ὕμνους</span> <span class='ocrx_word' id='word_1_21' title='bbox 2541 493 2785 562; x_wconf 69' lang='grc' dir='ltr'><strong>διεξῄειν⁹</strong></span> <span class='ocrx_word' id='word_1_22' title='bbox 2811 493 2930 561; x_wconf 78' lang='grc' dir='ltr'>ὑμνῶν</span> <span class='ocrx_word' id='word_1_23' title='bbox 2951 493 3030 560; x_wconf 73' lang='grc' dir='ltr'>γὰρ</span> <span class='ocrx_word' id='word_1_24' title='bbox 3049 488 3116 543; x_wconf 69' lang='grc' dir='ltr'>τὸν</span> <span class='ocrx_word' id='word_1_25' title='bbox 3139 488 3250 554; x_wconf 75' lang='grc' dir='ltr'>λογον</span> <span class='ocrx_word' id='word_1_26' title='bbox 3277 501 3344 538; x_wconf 82' lang='grc' dir='ltr'><strong>σου</strong></span> <span class='ocrx_word' id='word_1_27' title='bbox 3366 487 3506 557; x_wconf 71' lang='grc' dir='ltr'>ὲῦοηθοὺ</span> 
     </span>
    </p>
   </div>
   <div class='ocr_carea' id='block_1_5' title="bbox 699 582 2210 652">
    <p class='ocr_par' dir='ltr' id='par_1_5' title="bbox 699 582 2210 652">
     <span class='ocr_line' id='line_1_5' title="bbox 699 582 2210 652; baseline -0.007 -8"><span class='ocrx_word' id='word_1_28' title='bbox 699 601 987 646; x_wconf 72' lang='lat' dir='ltr'><strong>averterem</strong></span> <span class='ocrx_word' id='word_1_29' title='bbox 1038 603 1137 641; x_wconf 92' lang='lat' dir='ltr'><strong>me.</strong></span> <span class='ocrx_word' id='word_1_30' title='bbox 1181 586 1254 638; x_wconf 90' lang='lat' dir='ltr'><strong>Ita</strong></span> <span class='ocrx_word' id='word_1_31' title='bbox 1316 599 1535 652; x_wconf 83' lang='lat' dir='ltr'><strong>sperans</strong></span> <span class='ocrx_word' id='word_1_32' title='bbox 1585 584 1639 636; x_wconf 83' lang='grc' dir='ltr'>ἰιι</span> <span class='ocrx_word' id='word_1_33' title='bbox 1665 582 1790 648; x_wconf 92' lang='lat' dir='ltr'><strong>Deo,</strong></span> <span class='ocrx_word' id='word_1_34' title='bbox 1837 595 1889 636; x_wconf 87' lang='lat' dir='ltr'><strong>et</strong></span> <span class='ocrx_word' id='word_1_35' title='bbox 1938 597 2210 636; x_wconf 83' lang='lat' dir='ltr'><strong>sermones</strong></span> 
     </span>
    </p>
   </div>
   <div class='ocr_carea' id='block_1_6' title="bbox 700 672 2210 748">
    <p class='ocr_par' dir='ltr' id='par_1_6' title="bbox 700 672 2210 748">
     <span class='ocr_line' id='line_1_6' title="bbox 700 672 2210 748; baseline -0.006 -15"><span class='ocrx_word' id='word_1_36' title='bbox 700 683 813 748; x_wconf 83' lang='lat' dir='ltr'><strong>eius</strong></span> <span class='ocrx_word' id='word_1_37' title='bbox 850 682 900 732; x_wconf 91' lang='lat' dir='ltr'><strong>in</strong></span> <span class='ocrx_word' id='word_1_38' title='bbox 930 693 1019 732; x_wconf 91' lang='lat' dir='ltr'><strong>ore</strong></span> <span class='ocrx_word' id='word_1_39' title='bbox 1049 691 1165 729; x_wconf 89' lang='lat' dir='ltr'><strong>meo</strong></span> <span class='ocrx_word' id='word_1_40' title='bbox 1198 673 1392 734; x_wconf 81' lang='lat' dir='ltr'><strong>ferens,</strong></span> <span class='ocrx_word' id='word_1_41' title='bbox 1442 687 1625 727; x_wconf 90' lang='lat' dir='ltr'><strong>omnes</strong></span> <span class='ocrx_word' id='word_1_42' title='bbox 1664 673 1941 726; x_wconf 82' lang='lat' dir='ltr'><strong>hominum</strong></span> <span class='ocrx_word' id='word_1_43' title='bbox 1984 672 2210 726; x_wconf 79' lang='lat' dir='ltr'><strong>insidias</strong></span> 
     </span>
    </p>
   </div>
   <div class='ocr_carea' id='block_1_7' title="bbox 699 762 2208 837">
    <p class='ocr_par' dir='ltr' id='par_1_7' title="bbox 699 762 2208 837">
     <span class='ocr_line' id='line_1_7' title="bbox 699 762 2208 837; baseline -0.003 -17"><span class='ocrx_word' id='word_1_44' title='bbox 699 768 1076 837; x_wconf 73' lang='lat' dir='ltr'><strong>tlespiciebam,</strong></span> <span class='ocrx_word' id='word_1_45' title='bbox 1118 780 1221 818; x_wconf 89' lang='lat' dir='ltr'><strong>non</strong></span> <span class='ocrx_word' id='word_1_46' title='bbox 1268 764 1460 818; x_wconf 89' lang='lat' dir='ltr'><strong>timens</strong></span> <span class='ocrx_word' id='word_1_47' title='bbox 1510 762 1632 832; x_wconf 88' lang='lat' dir='ltr'><strong>quid</strong></span> <span class='ocrx_word' id='word_1_48' title='bbox 1677 763 1838 832; x_wconf 76' lang='lat' dir='ltr'><strong>faciat</strong></span> <span class='ocrx_word' id='word_1_49' title='bbox 1892 763 2016 816; x_wconf 87' lang='lat' dir='ltr'><strong>mihi</strong></span> <span class='ocrx_word' id='word_1_50' title='bbox 2068 781 2208 822; x_wconf 87' lang='lat' dir='ltr'><strong>caro.</strong></span> 
     </span>
    </p>
   </div>
   <div class='ocr_carea' id='block_1_8' title="bbox 697 853 2208 924">
    <p class='ocr_par' dir='ltr' id='par_1_8' title="bbox 697 853 2208 924">
     <span class='ocr_line' id='line_1_8' title="bbox 697 853 2208 924; baseline -0.003 -14"><span class='ocrx_word' id='word_1_51' title='bbox 697 859 831 924; x_wconf 89' lang='lat' dir='ltr'><strong>Quid</strong></span> <span class='ocrx_word' id='word_1_52' title='bbox 879 858 1018 911; x_wconf 92' lang='lat' dir='ltr'><strong>enim</strong></span> <span class='ocrx_word' id='word_1_53' title='bbox 1051 858 1220 924; x_wconf 92' lang='lat' dir='ltr'><strong>possit</strong></span> <span class='ocrx_word' id='word_1_54' title='bbox 1247 870 1373 909; x_wconf 90' lang='lat' dir='ltr'><strong>caro</strong></span> <span class='ocrx_word' id='word_1_55' title='bbox 1411 863 1464 908; x_wconf 90' lang='lat' dir='ltr'><strong>et</strong></span> <span class='ocrx_word' id='word_1_56' title='bbox 1517 855 1735 923; x_wconf 87' lang='lat' dir='ltr'><strong>sanguis</strong></span> <span class='ocrx_word' id='word_1_57' title='bbox 1789 862 1974 909; x_wconf 89' lang='lat' dir='ltr'><strong>contra</strong></span> <span class='ocrx_word' id='word_1_58' title='bbox 2044 853 2208 908; x_wconf 90' lang='lat' dir='ltr'><strong>Deum</strong></span> 
     </span>
    </p>
   </div>
   <div class='ocr_carea' id='block_1_9' title="bbox 697 944 2211 1015">
    <p class='ocr_par' dir='ltr' id='par_1_9' title="bbox 697 944 2211 1015">
     <span class='ocr_line' id='line_1_9' title="bbox 697 944 2211 1015; baseline -0.003 -15"><span class='ocrx_word' id='word_1_59' title='bbox 697 947 1080 1015; x_wconf 89' lang='lat' dir='ltr'><strong>opitulantem?</strong></span> <span class='ocrx_word' id='word_1_60' title='bbox 1114 944 1244 997; x_wconf 73' lang='lat' dir='ltr'><strong>Nam</strong></span> <span class='ocrx_word' id='word_1_61' title='bbox 1283 946 1328 998; x_wconf 97' lang='lat' dir='ltr'><strong>si</strong></span> <span class='ocrx_word' id='word_1_62' title='bbox 1373 944 1509 997; x_wconf 93' lang='lat' dir='ltr'><strong>Deus</strong></span> <span class='ocrx_word' id='word_1_63' title='bbox 1547 960 1638 1010; x_wconf 88' lang='lat' dir='ltr'><strong>pro</strong></span> <span class='ocrx_word' id='word_1_64' title='bbox 1677 944 1842 1007; x_wconf 88' lang='lat' dir='ltr'><strong>nobis,</strong></span> <span class='ocrx_word' id='word_1_65' title='bbox 1892 944 2003 1013; x_wconf 88' lang='lat' dir='ltr'><strong>quis</strong></span> <span class='ocrx_word' id='word_1_66' title='bbox 2033 952 2211 996; x_wconf 80' lang='lat' dir='ltr'><strong>contra</strong></span> 
     </span>
    </p>
   </div>
   <div class='ocr_carea' id='block_1_10' title="bbox 693 1035 2208 1105">
    <p class='ocr_par' dir='ltr' id='par_1_10' title="bbox 693 1035 2208 1105">
     <span class='ocr_line' id='line_1_10' title="bbox 693 1035 2208 1105; baseline 0.001 -17"><span class='ocrx_word' id='word_1_67' title='bbox 693 1037 902 1088; x_wconf 53' lang='lat' dir='ltr'><strong>nos”?</strong></span> <span class='ocrx_word' id='word_1_68' title='bbox 943 1035 1114 1104; x_wconf 79' lang='lat' dir='ltr'><strong>inquit</strong></span> <span class='ocrx_word' id='word_1_69' title='bbox 1163 1037 1467 1105; x_wconf 78' lang='lat' dir='ltr'><strong>Apostolus.</strong></span> <span class='ocrx_word' id='word_1_70' title='bbox 1517 1035 1654 1089; x_wconf 89' lang='lat' dir='ltr'><strong>Caro</strong></span> <span class='ocrx_word' id='word_1_71' title='bbox 1705 1043 1882 1090; x_wconf 90' lang='lat' dir='ltr'><strong>autem</strong></span> <span class='ocrx_word' id='word_1_72' title='bbox 1921 1035 2208 1100; x_wconf 83' lang='lat' dir='ltr'><strong>erat‘Saul,</strong></span> 
     </span>
    </p>
   </div>
   <div class='ocr_carea' id='block_1_11' title="bbox 692 1125 2210 1194">
    <p class='ocr_par' dir='ltr' id='par_1_11' title="bbox 692 1125 2210 1194">
     <span class='ocr_line' id='line_1_11' title="bbox 692 1125 2210 1194; baseline 0 -17"><span class='ocrx_word' id='word_1_73' title='bbox 692 1127 780 1192; x_wconf 90' lang='lat' dir='ltr'><strong>qui</strong></span> <span class='ocrx_word' id='word_1_74' title='bbox 824 1140 883 1178; x_wconf 91' lang='lat' dir='ltr'><strong>ea</strong></span> <span class='ocrx_word' id='word_1_75' title='bbox 909 1140 1025 1192; x_wconf 67' lang='lat' dir='ltr'><strong>qua:</strong></span> <span class='ocrx_word' id='word_1_76' title='bbox 1053 1126 1230 1179; x_wconf 75' lang='lat' dir='ltr'><strong>carnis</strong></span> <span class='ocrx_word' id='word_1_77' title='bbox 1260 1133 1382 1179; x_wconf 87' lang='lat' dir='ltr'><strong>sunt</strong></span> <span class='ocrx_word' id='word_1_78' title='bbox 1412 1125 1681 1193; x_wconf 78' lang='lat' dir='ltr'><strong>sapiebat:</strong></span> <span class='ocrx_word' id='word_1_79' title='bbox 1713 1126 1853 1194; x_wconf 89' lang='lat' dir='ltr'><strong>quod</strong></span> <span class='ocrx_word' id='word_1_80' title='bbox 1877 1140 2006 1179; x_wconf 87' lang='lat' dir='ltr'><strong>sane</strong></span> <span class='ocrx_word' id='word_1_81' title='bbox 2035 1126 2210 1180; x_wconf 91' lang='lat' dir='ltr'><strong>decla-</strong></span> 
     </span>
    </p>
   </div>
   <div class='ocr_carea' id='block_1_12' title="bbox 693 1214 2208 1284">
    <p class='ocr_par' dir='ltr' id='par_1_12' title="bbox 693 1214 2208 1284">
     <span class='ocr_line' id='line_1_12' title="bbox 693 1214 2208 1284; baseline 0.001 -18"><span class='ocrx_word' id='word_1_82' title='bbox 693 1223 775 1267; x_wconf 88' lang='lat' dir='ltr'><strong>rat</strong></span> <span class='ocrx_word' id='word_1_83' title='bbox 803 1214 1090 1284; x_wconf 85' lang='lat' dir='ltr'><strong>Apostolus</strong></span> <span class='ocrx_word' id='word_1_84' title='bbox 1121 1217 1186 1269; x_wconf 88' lang='lat' dir='ltr'><strong>ad</strong></span> <span class='ocrx_word' id='word_1_85' title='bbox 1215 1217 1522 1270; x_wconf 79' lang='lat' dir='ltr'><strong>Corinthios</strong></span> <span class='ocrx_word' id='word_1_86' title='bbox 1569 1217 1844 1272; x_wconf 88' lang='lat' dir='ltr'><strong>scribens:</strong></span> <span class='ocrx_word' id='word_1_87' title='bbox 1890 1217 2028 1270; x_wconf 85' lang='lat' dir='ltr'><strong>‘C-um</strong></span> <span class='ocrx_word' id='word_1_88' title='bbox 2076 1217 2208 1269; x_wconf 87' lang='lat' dir='ltr'><strong>enim</strong></span> 
     </span>
    </p>
   </div>
   <div class='ocr_carea' id='block_1_13' title="bbox 692 1305 2206 1368">
    <p class='ocr_par' dir='ltr' id='par_1_13' title="bbox 692 1305 2206 1368">
     <span class='ocr_line' id='line_1_13' title="bbox 692 1305 2206 1368; baseline 0.003 -14"><span class='ocrx_word' id='word_1_89' title='bbox 692 1305 757 1355; x_wconf 88' lang='lat' dir='ltr'><strong>sit</strong></span> <span class='ocrx_word' id='word_1_90' title='bbox 795 1306 923 1357; x_wconf 86' lang='lat' dir='ltr'><strong>inter</strong></span> <span class='ocrx_word' id='word_1_91' title='bbox 951 1321 1034 1357; x_wconf 88' lang='lat' dir='ltr'><strong>vos</strong></span> <span class='ocrx_word' id='word_1_92' title='bbox 1068 1305 1207 1357; x_wconf 79' lang='lat' dir='ltr'><strong>zelus</strong></span> <span class='ocrx_word' id='word_1_93' title='bbox 1234 1314 1280 1357; x_wconf 89' lang='lat' dir='ltr'><strong>et</strong></span> <span class='ocrx_word' id='word_1_94' title='bbox 1304 1307 1578 1368; x_wconf 73' lang='lat' dir='ltr'><strong>contentio,</strong></span> <span class='ocrx_word' id='word_1_95' title='bbox 1611 1322 1775 1358; x_wconf 80' lang='lat' dir='ltr'><strong>nonne</strong></span> <span class='ocrx_word' id='word_1_96' title='bbox 1806 1307 2042 1359; x_wconf 80' lang='lat' dir='ltr'><strong>carnales</strong></span> <span class='ocrx_word' id='word_1_97' title='bbox 2063 1307 2206 1368; x_wconf 87' lang='lat' dir='ltr'><strong>estis,</strong></span> 
     </span>
    </p>
   </div>
   <div class='ocr_carea' id='block_1_14' title="bbox 690 1394 2210 1451">
    <p class='ocr_par' dir='ltr' id='par_1_14' title="bbox 690 1394 2210 1451">
     <span class='ocr_line' id='line_1_14' title="bbox 690 1394 2210 1451; baseline 0.001 -4"><span class='ocrx_word' id='word_1_98' title='bbox 690 1403 738 1447; x_wconf 78' lang='lat' dir='ltr'><strong>et</strong></span> <span class='ocrx_word' id='word_1_99' title='bbox 780 1394 1053 1447; x_wconf 88' lang='lat' dir='ltr'><strong>secundum</strong></span> <span class='ocrx_word' id='word_1_100' title='bbox 1091 1394 1345 1446; x_wconf 82' lang='lat' dir='ltr'><strong>hominem</strong></span> <span class='ocrx_word' id='word_1_101' title='bbox 1378 1395 1654 1449; x_wconf 89' lang='lat' dir='ltr'><strong>ambulatis</strong></span> <span class='ocrx_word' id='word_1_102' title='bbox 1678 1397 1756 1449; x_wconf 78' lang='lat'><strong>&quot;?</strong></span> <span class='ocrx_word' id='word_1_103' title='bbox 1808 1395 1904 1450; x_wconf 85' lang='lat' dir='ltr'><strong>Hic</strong></span> <span class='ocrx_word' id='word_1_104' title='bbox 1930 1412 2056 1451; x_wconf 84' lang='lat' dir='ltr'><strong>vero</strong></span> <span class='ocrx_word' id='word_1_105' title='bbox 2078 1395 2210 1449; x_wconf 88' lang='lat' dir='ltr'><strong>Sau-</strong></span> 
     </span>
    </p>
   </div>
   <div class='ocr_carea' id='block_1_15' title="bbox 693 1487 2208 1556">
    <p class='ocr_par' dir='ltr' id='par_1_15' title="bbox 693 1487 2208 1556">
     <span class='ocr_line' id='line_1_15' title="bbox 693 1487 2208 1556; baseline 0.003 -20"><span class='ocrx_word' id='word_1_106' title='bbox 693 1487 793 1540; x_wconf 92' lang='lat' dir='ltr'><strong>lem</strong></span> <span class='ocrx_word' id='word_1_107' title='bbox 831 1500 1040 1554; x_wconf 86' lang='lat' dir='ltr'><strong>quoque</strong></span> <span class='ocrx_word' id='word_1_108' title='bbox 1071 1487 1183 1539; x_wconf 88' lang='lat' dir='ltr'><strong>zelo</strong></span> <span class='ocrx_word' id='word_1_109' title='bbox 1221 1494 1273 1539; x_wconf 91' lang='lat' dir='ltr'><strong>et</strong></span> <span class='ocrx_word' id='word_1_110' title='bbox 1304 1489 1644 1540; x_wconf 90' lang='lat' dir='ltr'><strong>contentione</strong></span> <span class='ocrx_word' id='word_1_111' title='bbox 1674 1488 1909 1554; x_wconf 92' lang='lat' dir='ltr'><strong>plenum,</strong></span> <span class='ocrx_word' id='word_1_112' title='bbox 1959 1488 2053 1556; x_wconf 84' lang='lat' dir='ltr'><strong>qui</strong></span> <span class='ocrx_word' id='word_1_113' title='bbox 2087 1487 2208 1540; x_wconf 91' lang='lat' dir='ltr'><strong>ideo</strong></span> 
     </span>
    </p>
   </div>
   <div class='ocr_carea' id='block_1_16' title="bbox 691 1573 2207 1641">
    <p class='ocr_par' dir='ltr' id='par_1_16' title="bbox 691 1573 2207 1641">
     <span class='ocr_line' id='line_1_16' title="bbox 691 1573 2207 1641; baseline 0.002 -18"><span class='ocrx_word' id='word_1_114' title='bbox 691 1573 940 1627; x_wconf 87' lang='lat' dir='ltr'><strong>Davidem</strong></span> <span class='ocrx_word' id='word_1_115' title='bbox 979 1575 1223 1641; x_wconf 86' lang='lat' dir='ltr'><strong>pellebat,</strong></span> <span class='ocrx_word' id='word_1_116' title='bbox 1270 1589 1480 1628; x_wconf 87' lang='lat' dir='ltr'><strong>carnem</strong></span> <span class='ocrx_word' id='word_1_117' title='bbox 1519 1576 1744 1638; x_wconf 85' lang='lat' dir='ltr'><strong>vocavit,</strong></span> <span class='ocrx_word' id='word_1_118' title='bbox 1782 1576 1964 1628; x_wconf 75' lang='lat' dir='ltr'><strong>dicens</strong></span> <span class='ocrx_word' id='word_1_119' title='bbox 2016 1593 2029 1628; x_wconf 91' lang='lat'><strong>:</strong></span> <span class='ocrx_word' id='word_1_120' title='bbox 2088 1574 2207 1627; x_wconf 82' lang='lat' dir='ltr'><strong>Non</strong></span> 
     </span>
    </p>
   </div>
   <div class='ocr_carea' id='block_1_17' title="bbox 692 1660 2206 1728">
    <p class='ocr_par' dir='ltr' id='par_1_17' title="bbox 692 1660 2206 1728">
     <span class='ocr_line' id='line_1_17' title="bbox 692 1660 2206 1728; baseline 0.003 -18"><span class='ocrx_word' id='word_1_121' title='bbox 692 1660 875 1711; x_wconf 88' lang='lat' dir='ltr'><strong>timebo</strong></span> <span class='ocrx_word' id='word_1_122' title='bbox 901 1660 1022 1727; x_wconf 82' lang='lat' dir='ltr'><strong>quid</strong></span> <span class='ocrx_word' id='word_1_123' title='bbox 1058 1660 1216 1728; x_wconf 73' lang='lat' dir='ltr'><strong>faciat</strong></span> <span class='ocrx_word' id='word_1_124' title='bbox 1253 1661 1377 1712; x_wconf 86' lang='lat' dir='ltr'><strong>mihi</strong></span> <span class='ocrx_word' id='word_1_125' title='bbox 1406 1677 1546 1715; x_wconf 84' lang='lat' dir='ltr'><strong>caro.</strong></span> <span class='ocrx_word' id='word_1_126' title='bbox 1587 1661 1785 1715; x_wconf 87' lang='lat' dir='ltr'><strong>Deinde</strong></span> <span class='ocrx_word' id='word_1_127' title='bbox 1809 1663 1913 1714; x_wconf 85' lang='lat' dir='ltr'><strong>ait:</strong></span> <span class='ocrx_word' id='word_1_128' title='bbox 1953 1662 2085 1714; x_wconf 88' lang='lat' dir='ltr'><strong>Tota</strong></span> <span class='ocrx_word' id='word_1_129' title='bbox 2126 1662 2206 1715; x_wconf 86' lang='lat' dir='ltr'><strong>die</strong></span> 
     </span>
    </p>
   </div>
   <div class='ocr_carea' id='block_1_18' title="bbox 690 1749 2208 1820">
    <p class='ocr_par' dir='ltr' id='par_1_18' title="bbox 690 1749 2208 1820">
     <span class='ocr_line' id='line_1_18' title="bbox 690 1749 2208 1820; baseline 0.001 -18"><span class='ocrx_word' id='word_1_130' title='bbox 690 1749 838 1802; x_wconf 76' lang='lat' dir='ltr'><strong>verba</strong></span> <span class='ocrx_word' id='word_1_131' title='bbox 866 1766 977 1802; x_wconf 90' lang='lat' dir='ltr'><strong>mea</strong></span> <span class='ocrx_word' id='word_1_132' title='bbox 1003 1751 1419 1814; x_wconf 73' lang='lat' dir='ltr'><strong>exsecrabantur,</strong></span> <span class='ocrx_word' id='word_1_133' title='bbox 1463 1750 1729 1803; x_wconf 81' lang='lat' dir='ltr'><strong>adversum</strong></span> <span class='ocrx_word' id='word_1_134' title='bbox 1765 1767 1841 1803; x_wconf 88' lang='lat' dir='ltr'><strong>me</strong></span> <span class='ocrx_word' id='word_1_135' title='bbox 1873 1768 2042 1804; x_wconf 88' lang='lat' dir='ltr'><strong>omnes</strong></span> <span class='ocrx_word' id='word_1_136' title='bbox 2073 1753 2208 1820; x_wconf 85' lang='lat' dir='ltr'><strong>cogi-</strong></span> 
     </span>
    </p>
   </div>
   <div class='ocr_carea' id='block_1_19' title="bbox 2315 576 3508 654">
    <p class='ocr_par' dir='ltr' id='par_1_19' title="bbox 2315 576 3508 654">
     <span class='ocr_line' id='line_1_19' title="bbox 2315 576 3508 654; baseline -0.008 -19"><span class='ocrx_word' id='word_1_137' title='bbox 2315 602 2438 654; x_wconf 77' lang='grc' dir='ltr'>μην,</span> <span class='ocrx_word' id='word_1_138' title='bbox 2483 585 2557 646; x_wconf 84' lang='grc' dir='ltr'>ὡς</span> <span class='ocrx_word' id='word_1_139' title='bbox 2593 584 2780 652; x_wconf 77' lang='grc' dir='ltr'><strong>μηδένα</strong></span> <span class='ocrx_word' id='word_1_140' title='bbox 2803 583 2872 634; x_wconf 70' lang='grc' dir='ltr'><strong>τῶν</strong></span> <span class='ocrx_word' id='word_1_141' title='bbox 2893 582 3114 634; x_wconf 78' lang='grc' dir='ltr'>διωκόντων</span> <span class='ocrx_word' id='word_1_142' title='bbox 3140 576 3450 646; x_wconf 73' lang='grc' dir='ltr'><strong>ἐπιστρέφεσθαι.</strong></span> <span class='ocrx_word' id='word_1_143' title='bbox 3470 578 3508 631; x_wconf 65' lang='lat'><strong>0*.</strong></span> 
     </span>
    </p>
   </div>
   <div class='ocr_carea' id='block_1_20' title="bbox 2309 666 3509 741">
    <p class='ocr_par' dir='ltr' id='par_1_20' title="bbox 2309 666 3509 741">
     <span class='ocr_line' id='line_1_20' title="bbox 2309 666 3509 741; baseline -0.007 -15"><span class='ocrx_word' id='word_1_144' title='bbox 2309 693 2413 737; x_wconf 83' lang='grc' dir='ltr'>τως</span> <span class='ocrx_word' id='word_1_145' title='bbox 2445 675 2533 726; x_wconf 77' lang='grc' dir='ltr'>ἐπὶ</span> <span class='ocrx_word' id='word_1_146' title='bbox 2562 673 2638 741; x_wconf 83' lang='grc' dir='ltr'><strong>τῷ</strong></span> <span class='ocrx_word' id='word_1_147' title='bbox 2664 671 2774 741; x_wconf 83' lang='grc' dir='ltr'><strong>Θεῷ</strong></span> <span class='ocrx_word' id='word_1_148' title='bbox 2793 671 2968 734; x_wconf 76' lang='grc' dir='ltr'><strong>ἐλπίζων,</strong></span> <span class='ocrx_word' id='word_1_149' title='bbox 2989 669 3059 721; x_wconf 72' lang='grc' dir='ltr'>καὶ</span> <span class='ocrx_word' id='word_1_150' title='bbox 3079 669 3174 729; x_wconf 72' lang='grc' dir='ltr'>τοὺς</span> <span class='ocrx_word' id='word_1_151' title='bbox 3190 666 3331 732; x_wconf 77' lang='grc' dir='ltr'>λόγους</span> <span class='ocrx_word' id='word_1_152' title='bbox 3353 666 3466 718; x_wconf 75' lang='grc' dir='ltr'>αὑτοῦ</span> <span class='ocrx_word' id='word_1_153' title='bbox 3488 687 3509 736; x_wconf 69' lang='grc' dir='ltr'>φ</span> 
     </span>
    </p>
   </div>
   <div class='ocr_carea' id='block_1_21' title="bbox 2312 757 3508 834">
    <p class='ocr_par' dir='ltr' id='par_1_21' title="bbox 2312 757 3508 834">
     <span class='ocr_line' id='line_1_21' title="bbox 2312 757 3508 834; baseline -0.008 -18"><span class='ocrx_word' id='word_1_154' title='bbox 2312 783 2415 834; x_wconf 84' lang='grc' dir='ltr'>ρων</span> <span class='ocrx_word' id='word_1_155' title='bbox 2449 766 2504 815; x_wconf 84' lang='grc' dir='ltr'>ἐν</span> <span class='ocrx_word' id='word_1_156' title='bbox 2545 763 2622 832; x_wconf 83' lang='grc' dir='ltr'><strong>τῷ</strong></span> <span class='ocrx_word' id='word_1_157' title='bbox 2668 763 2851 831; x_wconf 77' lang='grc' dir='ltr'>στόματί</span> <span class='ocrx_word' id='word_1_158' title='bbox 2887 778 2974 831; x_wconf 85' lang='grc' dir='ltr'>μου,</span> <span class='ocrx_word' id='word_1_159' title='bbox 3007 760 3144 827; x_wconf 79' lang='grc' dir='ltr'>πάσης</span> <span class='ocrx_word' id='word_1_160' title='bbox 3181 758 3252 825; x_wconf 77' lang='grc' dir='ltr'><strong>τῆς</strong></span> <span class='ocrx_word' id='word_1_161' title='bbox 3287 757 3332 822; x_wconf 79' lang='grc' dir='ltr'><strong>ἔξ</strong></span> <span class='ocrx_word' id='word_1_162' title='bbox 3354 757 3508 827; x_wconf 74' lang='grc' dir='ltr'>ἀνθρὼπι</span> 
     </span>
    </p>
   </div>
   <div class='ocr_carea' id='block_1_22' title="bbox 2309 847 3512 924">
    <p class='ocr_par' dir='ltr' id='par_1_22' title="bbox 2309 847 3512 924">
     <span class='ocr_line' id='line_1_22' title="bbox 2309 847 3512 924; baseline -0.007 -18"><span class='ocrx_word' id='word_1_163' title='bbox 2309 855 2592 924; x_wconf 80' lang='grc' dir='ltr'>ἐπιϐουλῆς</span> <span class='ocrx_word' id='word_1_164' title='bbox 2635 853 2944 922; x_wconf 79' lang='grc' dir='ltr'><strong>κατεφρόνουν,</strong></span> <span class='ocrx_word' id='word_1_165' title='bbox 2976 851 3021 902; x_wconf 81' lang='grc' dir='ltr'><strong>οὐ</strong></span> <span class='ocrx_word' id='word_1_166' title='bbox 3048 847 3300 916; x_wconf 71' lang='grc' dir='ltr'>φοϐούμενος</span> <span class='ocrx_word' id='word_1_167' title='bbox 3337 848 3377 898; x_wconf 82' lang='grc' dir='ltr'>τι</span> <span class='ocrx_word' id='word_1_168' title='bbox 3409 849 3512 912; x_wconf 74' lang='grc' dir='ltr'>ποιήο</span> 
     </span>
    </p>
   </div>
   <div class='ocr_carea' id='block_1_23' title="bbox 2303 934 3510 1012">
    <p class='ocr_par' dir='ltr' id='par_1_23' title="bbox 2303 934 3510 1012">
     <span class='ocr_line' id='line_1_23' title="bbox 2303 934 3510 1012; baseline -0.008 -14"><span class='ocrx_word' id='word_1_169' title='bbox 2303 963 2401 1012; x_wconf 80' lang='grc' dir='ltr'><strong>μοι</strong></span> <span class='ocrx_word' id='word_1_170' title='bbox 2433 944 2586 1011; x_wconf 80' lang='grc' dir='ltr'>σάρξ</span> <span class='ocrx_word' id='word_1_171' title='bbox 2593 986 2604 997; x_wconf 94' lang='grc'><strong>.</strong></span> <span class='ocrx_word' id='word_1_172' title='bbox 2656 945 2718 994; x_wconf 82' lang='grc' dir='ltr'>Τί</span> <span class='ocrx_word' id='word_1_173' title='bbox 2767 943 2846 1011; x_wconf 84' lang='grc' dir='ltr'><strong>γὰρ</strong></span> <span class='ocrx_word' id='word_1_174' title='bbox 2879 942 2926 993; x_wconf 86' lang='grc' dir='ltr'>ἂν</span> <span class='ocrx_word' id='word_1_175' title='bbox 2962 940 3032 991; x_wconf 71' lang='grc' dir='ltr'>καὶ</span> <span class='ocrx_word' id='word_1_176' title='bbox 3062 938 3228 990; x_wconf 84' lang='grc' dir='ltr'>δύναιτο</span> <span class='ocrx_word' id='word_1_177' title='bbox 3265 936 3369 1006; x_wconf 75' lang='grc' dir='ltr'>σὰρξ</span> <span class='ocrx_word' id='word_1_178' title='bbox 3391 937 3460 989; x_wconf 67' lang='grc' dir='ltr'>καὶ</span> <span class='ocrx_word' id='word_1_179' title='bbox 3486 934 3510 988; x_wconf 64' lang='grc' dir='ltr'>α’</span> 
     </span>
    </p>
   </div>
   <div class='ocr_carea' id='block_1_24' title="bbox 2309 1023 3508 1102">
    <p class='ocr_par' dir='ltr' id='par_1_24' title="bbox 2309 1023 3508 1102">
     <span class='ocr_line' id='line_1_24' title="bbox 2309 1023 3508 1102; baseline -0.008 -17"><span class='ocrx_word' id='word_1_180' title='bbox 2309 1033 2441 1102; x_wconf 84' lang='grc' dir='ltr'>πρὸς</span> <span class='ocrx_word' id='word_1_181' title='bbox 2473 1033 2600 1085; x_wconf 79' lang='grc' dir='ltr'>Θεὸν</span> <span class='ocrx_word' id='word_1_182' title='bbox 2633 1031 2833 1102; x_wconf 84' lang='grc' dir='ltr'>βοηθόν;</span> <span class='ocrx_word' id='word_1_183' title='bbox 2857 1032 2906 1082; x_wconf 88' lang='lat' dir='ltr'><strong>El</strong></span> <span class='ocrx_word' id='word_1_184' title='bbox 2929 1028 3010 1098; x_wconf 74' lang='grc' dir='ltr'>γὰρ</span> <span class='ocrx_word' id='word_1_185' title='bbox 3043 1030 3067 1080; x_wconf 86' lang='grc' dir='ltr'><strong>ό</strong></span> <span class='ocrx_word' id='word_1_186' title='bbox 3093 1025 3206 1090; x_wconf 82' lang='grc' dir='ltr'>Θεὸς</span> <span class='ocrx_word' id='word_1_187' title='bbox 3227 1024 3346 1092; x_wconf 83' lang='grc' dir='ltr'><strong>ὑπὲρ</strong></span> <span class='ocrx_word' id='word_1_188' title='bbox 3373 1023 3508 1093; x_wconf 79' lang='grc' dir='ltr'>ἡμῶν,</span> 
     </span>
    </p>
   </div>
   <div class='ocr_carea' id='block_1_25' title="bbox 2307 1107 3510 1189">
    <p class='ocr_par' dir='ltr' id='par_1_25' title="bbox 2307 1107 3510 1189">
     <span class='ocr_line' id='line_1_25' title="bbox 2307 1107 3510 1189; baseline -0.009 -17"><span class='ocrx_word' id='word_1_189' title='bbox 2307 1123 2431 1174; x_wconf 81' lang='grc' dir='ltr'><strong>καθ’</strong></span> <span class='ocrx_word' id='word_1_190' title='bbox 2453 1120 2645 1189; x_wconf 60' lang='lat' dir='ltr'><strong>furtim;</strong></span> <span class='ocrx_word' id='word_1_191' title='bbox 2674 1137 2745 1188; x_wconf 81' lang='grc' dir='ltr'><strong>φη</strong></span> <span class='ocrx_word' id='word_1_192' title='bbox 2753 1119 2816 1170; x_wconf 67' lang='grc' dir='ltr'><strong>σιν</strong></span> <span class='ocrx_word' id='word_1_193' title='bbox 2831 1119 2850 1168; x_wconf 83' lang='grc'>6</span> <span class='ocrx_word' id='word_1_194' title='bbox 2866 1114 3137 1176; x_wconf 75' lang='grc' dir='ltr'>Ἂπόσιολος.</span> <span class='ocrx_word' id='word_1_195' title='bbox 3159 1111 3277 1181; x_wconf 73' lang='grc' dir='ltr'>Σὰρξ</span> <span class='ocrx_word' id='word_1_196' title='bbox 3294 1112 3340 1163; x_wconf 72' lang='grc' dir='ltr'><strong>δὲ</strong></span> <span class='ocrx_word' id='word_1_197' title='bbox 3359 1107 3412 1181; x_wconf 72' lang='grc' dir='ltr'>ἦν</span> <span class='ocrx_word' id='word_1_198' title='bbox 3427 1113 3448 1162; x_wconf 80' lang='grc' dir='ltr'>ὁ</span> <span class='ocrx_word' id='word_1_199' title='bbox 3463 1113 3510 1162; x_wconf 80' lang='grc' dir='ltr'>Σι</span> 
     </span>
    </p>
   </div>
   <div class='ocr_carea' id='block_1_26' title="bbox 2306 1202 3511 1280">
    <p class='ocr_par' dir='ltr' id='par_1_26' title="bbox 2306 1202 3511 1280">
     <span class='ocr_line' id='line_1_26' title="bbox 2306 1202 3511 1280; baseline -0.007 -18"><span class='ocrx_word' id='word_1_200' title='bbox 2306 1212 2370 1264; x_wconf 79' lang='grc' dir='ltr'><strong>τὰ</strong></span> <span class='ocrx_word' id='word_1_201' title='bbox 2400 1213 2496 1279; x_wconf 72' lang='grc' dir='ltr'><strong>τῆς</strong></span> <span class='ocrx_word' id='word_1_202' title='bbox 2532 1210 2730 1280; x_wconf 82' lang='grc' dir='ltr'>σαρκὸς</span> <span class='ocrx_word' id='word_1_203' title='bbox 2747 1206 2941 1277; x_wconf 67' lang='grc' dir='ltr'>φρονῶνο</span> <span class='ocrx_word' id='word_1_204' title='bbox 2963 1203 3063 1273; x_wconf 79' lang='grc' dir='ltr'><strong>ὃ-δὴ</strong></span> <span class='ocrx_word' id='word_1_205' title='bbox 3089 1203 3353 1272; x_wconf 75' lang='grc' dir='ltr'><strong>παρίστησιν</strong></span> <span class='ocrx_word' id='word_1_206' title='bbox 3380 1204 3403 1254; x_wconf 83' lang='grc' dir='ltr'>δ</span> <span class='ocrx_word' id='word_1_207' title='bbox 3428 1202 3511 1253; x_wconf 66' lang='grc' dir='ltr'>’λιι</span> 
     </span>
    </p>
   </div>
   <div class='ocr_carea' id='block_1_27' title="bbox 2306 1291 3510 1370">
    <p class='ocr_par' dir='ltr' id='par_1_27' title="bbox 2306 1291 3510 1370">
     <span class='ocr_line' id='line_1_27' title="bbox 2306 1291 3510 1370; baseline -0.006 -20"><span class='ocrx_word' id='word_1_208' title='bbox 2306 1300 2392 1362; x_wconf 90' lang='grc' dir='ltr'><strong>λος</strong></span> <span class='ocrx_word' id='word_1_209' title='bbox 2424 1299 2645 1370; x_wconf 74' lang='grc' dir='ltr'>γράφων</span> <span class='ocrx_word' id='word_1_210' title='bbox 2673 1297 2952 1367; x_wconf 78' lang='grc' dir='ltr'>Κορινθίοις·</span> <span class='ocrx_word' id='word_1_211' title='bbox 2979 1295 3134 1347; x_wconf 81' lang='grc' dir='ltr'>Ὅπου</span> <span class='ocrx_word' id='word_1_212' title='bbox 3161 1292 3251 1361; x_wconf 76' lang='grc' dir='ltr'><strong>γὰρ</strong></span> <span class='ocrx_word' id='word_1_213' title='bbox 3273 1292 3331 1344; x_wconf 73' lang='grc' dir='ltr'>ἐν</span> <span class='ocrx_word' id='word_1_214' title='bbox 3358 1291 3468 1360; x_wconf 75' lang='grc' dir='ltr'>ὑμῖν</span> <span class='ocrx_word' id='word_1_215' title='bbox 3495 1291 3510 1351; x_wconf 84' lang='grc' dir='ltr'><strong>ζ</strong></span> 
     </span>
    </p>
   </div>
   <div class='ocr_carea' id='block_1_28' title="bbox 2307 1380 3512 1453">
    <p class='ocr_par' dir='ltr' id='par_1_28' title="bbox 2307 1380 3512 1453">
     <span class='ocr_line' id='line_1_28' title="bbox 2307 1380 3512 1453; baseline -0.005 -15"><span class='ocrx_word' id='word_1_216' title='bbox 2307 1387 2400 1440; x_wconf 78' lang='grc' dir='ltr'><strong>καὶ</strong></span> <span class='ocrx_word' id='word_1_217' title='bbox 2427 1387 2567 1453; x_wconf 75' lang='grc' dir='ltr'>ἔρις,</span> <span class='ocrx_word' id='word_1_218' title='bbox 2592 1386 2725 1453; x_wconf 79' lang='grc' dir='ltr'><strong>οὐχὶ</strong></span> <span class='ocrx_word' id='word_1_219' title='bbox 2763 1383 2974 1450; x_wconf 80' lang='grc' dir='ltr'>σάρκινοὶ</span> <span class='ocrx_word' id='word_1_220' title='bbox 2995 1383 3127 1444; x_wconf 84' lang='grc' dir='ltr'>ἐστε,</span> <span class='ocrx_word' id='word_1_221' title='bbox 3155 1380 3236 1434; x_wconf 80' lang='grc' dir='ltr'><strong>καὶ</strong></span> <span class='ocrx_word' id='word_1_222' title='bbox 3263 1382 3389 1433; x_wconf 81' lang='grc' dir='ltr'><strong>κατὰ</strong></span> <span class='ocrx_word' id='word_1_223' title='bbox 3405 1381 3512 1448; x_wconf 59' lang='lat' dir='ltr'><strong>(wit;</strong></span> 
     </span>
    </p>
   </div>
   <div class='ocr_carea' id='block_1_29' title="bbox 2306 1470 3512 1543">
    <p class='ocr_par' dir='ltr' id='par_1_29' title="bbox 2306 1470 3512 1543">
     <span class='ocr_line' id='line_1_29' title="bbox 2306 1470 3512 1543; baseline -0.006 -14"><span class='ocrx_word' id='word_1_224' title='bbox 2306 1475 2705 1543; x_wconf 80' lang='grc' dir='ltr'>περιπατεῖτε;</span> <span class='ocrx_word' id='word_1_225' title='bbox 2742 1475 2792 1526; x_wconf 87' lang='grc' dir='ltr'>Ὀ</span> <span class='ocrx_word' id='word_1_226' title='bbox 2817 1475 2860 1525; x_wconf 82' lang='grc' dir='ltr'><strong>δὲ</strong></span> <span class='ocrx_word' id='word_1_227' title='bbox 2887 1474 2958 1526; x_wconf 75' lang='grc' dir='ltr'>καὶ</span> <span class='ocrx_word' id='word_1_228' title='bbox 2983 1472 3055 1524; x_wconf 81' lang='grc' dir='ltr'>τὸν</span> <span class='ocrx_word' id='word_1_229' title='bbox 3083 1470 3231 1524; x_wconf 74' lang='grc' dir='ltr'>Σαοὺλ</span> <span class='ocrx_word' id='word_1_230' title='bbox 3259 1471 3398 1540; x_wconf 67' lang='grc' dir='ltr'>ζήλου</span> <span class='ocrx_word' id='word_1_231' title='bbox 3429 1487 3512 1522; x_wconf 76' lang='grc' dir='ltr'>πεττ</span> 
     </span>
    </p>
   </div>
   <div class='ocr_carea' id='block_1_30' title="bbox 2310 1561 3512 1634">
    <p class='ocr_par' dir='ltr' id='par_1_30' title="bbox 2310 1561 3512 1634">
     <span class='ocr_line' id='line_1_30' title="bbox 2310 1561 3512 1634; baseline -0.002 -17"><span class='ocrx_word' id='word_1_232' title='bbox 2310 1567 2464 1634; x_wconf 86' lang='grc' dir='ltr'>μένον</span> <span class='ocrx_word' id='word_1_233' title='bbox 2501 1567 2593 1618; x_wconf 72' lang='grc' dir='ltr'>καὶ</span> <span class='ocrx_word' id='word_1_234' title='bbox 2644 1565 2819 1634; x_wconf 74' lang='grc' dir='ltr'>ἔριδος,</span> <span class='ocrx_word' id='word_1_235' title='bbox 2853 1564 2927 1616; x_wconf 71' lang='grc' dir='ltr'>καὶ</span> <span class='ocrx_word' id='word_1_236' title='bbox 2966 1563 3038 1615; x_wconf 82' lang='grc' dir='ltr'><strong>διὰ</strong></span> <span class='ocrx_word' id='word_1_237' title='bbox 3072 1563 3222 1614; x_wconf 78' lang='grc' dir='ltr'>ταῦτα</span> <span class='ocrx_word' id='word_1_238' title='bbox 3261 1561 3341 1614; x_wconf 75' lang='grc' dir='ltr'>τὸν</span> <span class='ocrx_word' id='word_1_239' title='bbox 3382 1561 3512 1615; x_wconf 65' lang='grc' dir='ltr'>Δαυΐό</span> 
     </span>
    </p>
   </div>
   <div class='ocr_carea' id='block_1_31' title="bbox 2305 1653 3509 1725">
    <p class='ocr_par' dir='ltr' id='par_1_31' title="bbox 2305 1653 3509 1725">
     <span class='ocr_line' id='line_1_31' title="bbox 2305 1653 3509 1725; baseline -0.001 -18"><span class='ocrx_word' id='word_1_240' title='bbox 2305 1672 2487 1717; x_wconf 85' lang='grc' dir='ltr'>νοντα,</span> <span class='ocrx_word' id='word_1_241' title='bbox 2536 1655 2711 1725; x_wconf 83' lang='grc' dir='ltr'>σάρκα</span> <span class='ocrx_word' id='word_1_242' title='bbox 2755 1654 2980 1723; x_wconf 84' lang='grc' dir='ltr'>ὠνόμασεν</span> <span class='ocrx_word' id='word_1_243' title='bbox 3021 1653 3195 1705; x_wconf 73' lang='grc' dir='ltr'>εἰπών·</span> <span class='ocrx_word' id='word_1_244' title='bbox 3236 1655 3307 1706; x_wconf 81' lang='grc' dir='ltr'><strong>Οὐ</strong></span> <span class='ocrx_word' id='word_1_245' title='bbox 3351 1655 3509 1721; x_wconf 62' lang='grc' dir='ltr'><strong>φοϐηϐ·</strong></span> 
     </span>
    </p>
   </div>
   <div class='ocr_carea' id='block_1_32' title="bbox 2306 1738 3510 1810">
    <p class='ocr_par' dir='ltr' id='par_1_32' title="bbox 2306 1738 3510 1810">
     <span class='ocr_line' id='line_1_32' title="bbox 2306 1738 3510 1810; baseline -0.001 -16"><span class='ocrx_word' id='word_1_246' title='bbox 2306 1743 2362 1794; x_wconf 81' lang='grc' dir='ltr'><strong>τί</strong></span> <span class='ocrx_word' id='word_1_247' title='bbox 2392 1741 2622 1805; x_wconf 79' lang='grc' dir='ltr'>ποιήσει</span> <span class='ocrx_word' id='word_1_248' title='bbox 2647 1759 2746 1809; x_wconf 83' lang='grc' dir='ltr'><strong>μοι</strong></span> <span class='ocrx_word' id='word_1_249' title='bbox 2775 1742 2919 1809; x_wconf 79' lang='grc' dir='ltr'>σάρξ.</span> <span class='ocrx_word' id='word_1_250' title='bbox 2944 1738 3058 1794; x_wconf 79' lang='grc' dir='ltr'><strong>Εἷτὰ</strong></span> <span class='ocrx_word' id='word_1_251' title='bbox 3085 1757 3254 1810; x_wconf 73' lang='grc' dir='ltr'>φησιν·</span> <span class='ocrx_word' id='word_1_252' title='bbox 3285 1743 3448 1808; x_wconf 66' lang='grc' dir='ltr'>Ὅλην</span> <span class='ocrx_word' id='word_1_253' title='bbox 3470 1743 3510 1793; x_wconf 60' lang='grc' dir='ltr'>τι</span> 
     </span>
    </p>
   </div>
   <div class='ocr_carea' id='block_1_33' title="bbox 694 1830 2199 1902">
    <p class='ocr_par' dir='ltr' id='par_1_33' title="bbox 694 1838 2199 1902">
     <span class='ocr_line' id='line_1_33' title="bbox 694 1838 2199 1902; baseline 0.003 -14"><span class='ocrx_word' id='word_1_254' title='bbox 694 1839 907 1890; x_wconf 75' lang='lat' dir='ltr'><strong>lationes</strong></span> <span class='ocrx_word' id='word_1_255' title='bbox 935 1855 1110 1891; x_wconf 88' lang='lat' dir='ltr'><strong>eorum</strong></span> <span class='ocrx_word' id='word_1_256' title='bbox 1137 1839 1189 1890; x_wconf 88' lang='lat' dir='ltr'><strong>in</strong></span> <span class='ocrx_word' id='word_1_257' title='bbox 1219 1839 1434 1892; x_wconf 83' lang='lat' dir='ltr'><strong>malum.</strong></span> <span class='ocrx_word' id='word_1_258' title='bbox 1475 1838 1624 1902; x_wconf 86' lang='lat' dir='ltr'><strong>Quod</strong></span> <span class='ocrx_word' id='word_1_259' title='bbox 1651 1854 1779 1892; x_wconf 88' lang='lat' dir='ltr'><strong>sane</strong></span> <span class='ocrx_word' id='word_1_260' title='bbox 1817 1841 2017 1894; x_wconf 89' lang='lat' dir='ltr'><strong>clarius</strong></span> <span class='ocrx_word' id='word_1_261' title='bbox 2043 1841 2199 1894; x_wconf 87' lang='lat' dir='ltr'><strong>inter-</strong></span> 
     </span>
    </p>
   </div>
   <div class='ocr_carea' id='block_1_34' title="bbox 2006 1830 3511 1902">
    <p class='ocr_par' dir='ltr' id='par_1_34' title="bbox 2006 1830 3511 1900">
     <span class='ocr_line' id='line_1_34' title="bbox 2006 1830 3511 1900; baseline -0.001 -16"><span class='ocrx_word' id='word_1_262' title='bbox 2006 1841 2209 1894; x_wconf 73' lang='lat' dir='ltr'><strong>;imcr.</strong></span> <span class='ocrx_word' id='word_1_263' title='bbox 2241 1836 2281 1890; x_wconf 85' lang='grc' dir='ltr'>Β</span> <span class='ocrx_word' id='word_1_264' title='bbox 2297 1848 2414 1897; x_wconf 79' lang='grc' dir='ltr'><strong>ραν</strong></span> <span class='ocrx_word' id='word_1_265' title='bbox 2445 1831 2582 1895; x_wconf 82' lang='grc' dir='ltr'>τοὺς</span> <span class='ocrx_word' id='word_1_266' title='bbox 2618 1833 2825 1900; x_wconf 72' lang='grc' dir='ltr'>λόγους</span> <span class='ocrx_word' id='word_1_267' title='bbox 2860 1850 2958 1899; x_wconf 82' lang='grc' dir='ltr'><strong>μου</strong></span> <span class='ocrx_word' id='word_1_268' title='bbox 2999 1830 3416 1896; x_wconf 64' lang='grc' dir='ltr'>ἐϐδελύσσοιθτο,</span> <span class='ocrx_word' id='word_1_269' title='bbox 3457 1849 3511 1883; x_wconf 79' lang='grc' dir='ltr'>κο</span> 
     </span>
    </p>
   </div>
   <div class='ocr_carea' id='block_1_35' title="bbox 691 1927 2208 1998">
    <p class='ocr_par' dir='ltr' id='par_1_35' title="bbox 691 1927 2208 1998">
     <span class='ocr_line' id='line_1_35' title="bbox 691 1927 2208 1998; baseline 0.002 -19"><span class='ocrx_word' id='word_1_270' title='bbox 691 1937 929 1998; x_wconf 85' lang='lat' dir='ltr'><strong>pretatus</strong></span> <span class='ocrx_word' id='word_1_271' title='bbox 957 1935 1038 1981; x_wconf 92' lang='lat' dir='ltr'><strong>est</strong></span> <span class='ocrx_word' id='word_1_272' title='bbox 1071 1927 1440 1997; x_wconf 86' lang='lat' dir='ltr'><strong>Symmachus,</strong></span> <span class='ocrx_word' id='word_1_273' title='bbox 1468 1928 1686 1982; x_wconf 86' lang='lat' dir='ltr'><strong>dicens:</strong></span> <span class='ocrx_word' id='word_1_274' title='bbox 1723 1928 1822 1981; x_wconf 87' lang='lat' dir='ltr'><strong>Per</strong></span> <span class='ocrx_word' id='word_1_275' title='bbox 1845 1945 2040 1982; x_wconf 87' lang='lat' dir='ltr'><strong>omnem</strong></span> <span class='ocrx_word' id='word_1_276' title='bbox 2073 1931 2208 1982; x_wconf 89' lang='lat' dir='ltr'><strong>diem</strong></span> 
     </span>
    </p>
   </div>
   <div class='ocr_carea' id='block_1_36' title="bbox 691 2015 2206 2087">
    <p class='ocr_par' dir='ltr' id='par_1_36' title="bbox 691 2015 2206 2087">
     <span class='ocr_line' id='line_1_36' title="bbox 691 2015 2206 2087; baseline 0.001 -18"><span class='ocrx_word' id='word_1_277' title='bbox 691 2033 943 2069; x_wconf 84' lang='lat' dir='ltr'><strong>sermones</strong></span> <span class='ocrx_word' id='word_1_278' title='bbox 972 2015 1033 2069; x_wconf 86' lang='lat' dir='ltr'><strong>de</strong></span> <span class='ocrx_word' id='word_1_279' title='bbox 1061 2032 1136 2069; x_wconf 89' lang='lat' dir='ltr'><strong>me</strong></span> <span class='ocrx_word' id='word_1_280' title='bbox 1166 2016 1413 2069; x_wconf 85' lang='lat' dir='ltr'><strong>curabant</strong></span> <span class='ocrx_word' id='word_1_281' title='bbox 1441 2033 1458 2068; x_wconf 92' lang='lat'><strong><em>:</em></strong></span> <span class='ocrx_word' id='word_1_282' title='bbox 1497 2027 1675 2069; x_wconf 88' lang='lat' dir='ltr'><strong>contra</strong></span> <span class='ocrx_word' id='word_1_283' title='bbox 1705 2034 1782 2070; x_wconf 87' lang='lat' dir='ltr'><strong>me</strong></span> <span class='ocrx_word' id='word_1_284' title='bbox 1812 2020 1975 2070; x_wconf 86' lang='lat' dir='ltr'><strong>omnis</strong></span> <span class='ocrx_word' id='word_1_285' title='bbox 2010 2021 2206 2087; x_wconf 89' lang='lat' dir='ltr'><strong>cogita-</strong></span> 
     </span>
    </p>
   </div>
   <div class='ocr_carea' id='block_1_37' title="bbox 693 2108 2207 2177">
    <p class='ocr_par' dir='ltr' id='par_1_37' title="bbox 693 2108 2207 2177">
     <span class='ocr_line' id='line_1_37' title="bbox 693 2108 2207 2177; baseline 0.003 -19"><span class='ocrx_word' id='word_1_286' title='bbox 693 2108 764 2159; x_wconf 86' lang='lat' dir='ltr'><strong>tio</strong></span> <span class='ocrx_word' id='word_1_287' title='bbox 792 2124 967 2160; x_wconf 90' lang='lat' dir='ltr'><strong>eorum</strong></span> <span class='ocrx_word' id='word_1_288' title='bbox 998 2108 1050 2159; x_wconf 88' lang='lat' dir='ltr'><strong>in</strong></span> <span class='ocrx_word' id='word_1_289' title='bbox 1079 2109 1293 2161; x_wconf 89' lang='lat' dir='ltr'><strong>malum.</strong></span> <span class='ocrx_word' id='word_1_290' title='bbox 1346 2111 1421 2158; x_wconf 78' lang='lat' dir='ltr'><strong>Ac</strong></span> <span class='ocrx_word' id='word_1_291' title='bbox 1456 2108 1500 2163; x_wconf 89' lang='lat' dir='ltr'><strong>si</strong></span> <span class='ocrx_word' id='word_1_292' title='bbox 1538 2109 1678 2160; x_wconf 90' lang='lat' dir='ltr'><strong>enim</strong></span> <span class='ocrx_word' id='word_1_293' title='bbox 1713 2108 1847 2160; x_wconf 89' lang='lat' dir='ltr'><strong>nihil</strong></span> <span class='ocrx_word' id='word_1_294' title='bbox 1881 2109 2025 2161; x_wconf 88' lang='lat' dir='ltr'><strong>aliud</strong></span> <span class='ocrx_word' id='word_1_295' title='bbox 2076 2108 2207 2177; x_wconf 84' lang='lat' dir='ltr'><strong>ipsis</strong></span> 
     </span>
    </p>
   </div>
   <div class='ocr_carea' id='block_1_38' title="bbox 690 2195 2209 2264">
    <p class='ocr_par' dir='ltr' id='par_1_38' title="bbox 690 2195 2209 2264">
     <span class='ocr_line' id='line_1_38' title="bbox 690 2195 2209 2264; baseline 0.003 -18"><span class='ocrx_word' id='word_1_296' title='bbox 690 2195 950 2264; x_wconf 81' lang='lat' dir='ltr'><strong>agendum</strong></span> <span class='ocrx_word' id='word_1_297' title='bbox 986 2202 1314 2263; x_wconf 86' lang='lat' dir='ltr'><strong>suppeteret,</strong></span> <span class='ocrx_word' id='word_1_298' title='bbox 1350 2211 1522 2264; x_wconf 90' lang='lat' dir='ltr'><strong>neque</strong></span> <span class='ocrx_word' id='word_1_299' title='bbox 1579 2197 1644 2250; x_wconf 90' lang='lat' dir='ltr'><strong>de</strong></span> <span class='ocrx_word' id='word_1_300' title='bbox 1691 2196 1813 2250; x_wconf 87' lang='lat' dir='ltr'><strong>aliis</strong></span> <span class='ocrx_word' id='word_1_301' title='bbox 1863 2211 2042 2250; x_wconf 90' lang='lat' dir='ltr'><strong>sermo</strong></span> <span class='ocrx_word' id='word_1_302' title='bbox 2095 2213 2209 2250; x_wconf 84' lang='lat' dir='ltr'><strong>mo-</strong></span> 
     </span>
    </p>
   </div>
   <div class='ocr_carea' id='block_1_39' title="bbox 688 2283 2208 2352">
    <p class='ocr_par' dir='ltr' id='par_1_39' title="bbox 688 2283 2208 2352">
     <span class='ocr_line' id='line_1_39' title="bbox 688 2283 2208 2352; baseline 0.003 -18"><span class='ocrx_word' id='word_1_303' title='bbox 688 2283 890 2336; x_wconf 87' lang='lat' dir='ltr'><strong>vendus</strong></span> <span class='ocrx_word' id='word_1_304' title='bbox 932 2291 1104 2349; x_wconf 85' lang='lat' dir='ltr'><strong>esset;</strong></span> <span class='ocrx_word' id='word_1_305' title='bbox 1157 2283 1325 2336; x_wconf 90' lang='lat' dir='ltr'><strong>otium</strong></span> <span class='ocrx_word' id='word_1_306' title='bbox 1357 2300 1511 2338; x_wconf 92' lang='lat' dir='ltr'><strong>suum</strong></span> <span class='ocrx_word' id='word_1_307' title='bbox 1553 2292 1720 2338; x_wconf 89' lang='lat' dir='ltr'><strong>totum</strong></span> <span class='ocrx_word' id='word_1_308' title='bbox 1762 2286 1816 2337; x_wconf 89' lang='lat' dir='ltr'><strong>in</strong></span> <span class='ocrx_word' id='word_1_309' title='bbox 1865 2285 2127 2352; x_wconf 89' lang='lat' dir='ltr'><strong>loquendo</strong></span> <span class='ocrx_word' id='word_1_310' title='bbox 2157 2293 2208 2339; x_wconf 91' lang='lat' dir='ltr'><strong>et</strong></span> 
     </span>
    </p>
   </div>
   <div class='ocr_carea' id='block_1_40' title="bbox 688 2372 2209 2440">
    <p class='ocr_par' dir='ltr' id='par_1_40' title="bbox 688 2372 2209 2440">
     <span class='ocr_line' id='line_1_40' title="bbox 688 2372 2209 2440; baseline 0.003 -15"><span class='ocrx_word' id='word_1_311' title='bbox 688 2373 971 2440; x_wconf 86' lang='lat' dir='ltr'><strong>cogitando</strong></span> <span class='ocrx_word' id='word_1_312' title='bbox 1008 2372 1074 2425; x_wconf 93' lang='lat' dir='ltr'><strong>de</strong></span> <span class='ocrx_word' id='word_1_313' title='bbox 1104 2387 1187 2426; x_wconf 91' lang='lat' dir='ltr'><strong>me</strong></span> <span class='ocrx_word' id='word_1_314' title='bbox 1211 2374 1569 2437; x_wconf 84' lang='lat' dir='ltr'><strong>insumebant,</strong></span> <span class='ocrx_word' id='word_1_315' title='bbox 1599 2375 1728 2427; x_wconf 89' lang='lat' dir='ltr'><strong>nihil</strong></span> <span class='ocrx_word' id='word_1_316' title='bbox 1760 2375 1882 2428; x_wconf 88' lang='lat' dir='ltr'><strong>boui</strong></span> <span class='ocrx_word' id='word_1_317' title='bbox 1909 2375 1962 2428; x_wconf 86' lang='lat' dir='ltr'><strong>in</strong></span> <span class='ocrx_word' id='word_1_318' title='bbox 1993 2391 2075 2428; x_wconf 91' lang='lat' dir='ltr'><strong>me</strong></span> <span class='ocrx_word' id='word_1_319' title='bbox 2100 2390 2209 2429; x_wconf 88' lang='lat' dir='ltr'><strong>mo-</strong></span> 
     </span>
    </p>
   </div>
   <div class='ocr_carea' id='block_1_41' title="bbox 688 2461 2205 2531">
    <p class='ocr_par' dir='ltr' id='par_1_41' title="bbox 688 2461 2205 2531">
     <span class='ocr_line' id='line_1_41' title="bbox 688 2461 2205 2531; baseline 0.003 -19"><span class='ocrx_word' id='word_1_320' title='bbox 688 2461 905 2525; x_wconf 87' lang='lat' dir='ltr'><strong>lientes;</strong></span> <span class='ocrx_word' id='word_1_321' title='bbox 935 2462 1026 2514; x_wconf 90' lang='lat' dir='ltr'><strong>sed</strong></span> <span class='ocrx_word' id='word_1_322' title='bbox 1054 2461 1107 2514; x_wconf 92' lang='lat' dir='ltr'><strong>in</strong></span> <span class='ocrx_word' id='word_1_323' title='bbox 1140 2462 1336 2514; x_wconf 90' lang='lat' dir='ltr'><strong>malum</strong></span> <span class='ocrx_word' id='word_1_324' title='bbox 1385 2472 1435 2516; x_wconf 90' lang='lat' dir='ltr'><strong>et</strong></span> <span class='ocrx_word' id='word_1_325' title='bbox 1478 2479 1579 2531; x_wconf 88' lang='lat' dir='ltr'><strong>pro</strong></span> <span class='ocrx_word' id='word_1_326' title='bbox 1622 2463 1762 2517; x_wconf 90' lang='lat' dir='ltr'><strong>malo</strong></span> <span class='ocrx_word' id='word_1_327' title='bbox 1818 2473 1983 2517; x_wconf 81' lang='lat' dir='ltr'><strong>totam</strong></span> <span class='ocrx_word' id='word_1_328' title='bbox 2017 2479 2205 2518; x_wconf 80' lang='lat' dir='ltr'><strong>curam</strong></span> 
     </span>
    </p>
   </div>
   <div class='ocr_carea' id='block_1_42' title="bbox 690 2549 1270 2615">
    <p class='ocr_par' dir='ltr' id='par_1_42' title="bbox 690 2549 1270 2615">
     <span class='ocr_line' id='line_1_42' title="bbox 690 2549 1270 2615; baseline 0.009 -14"><span class='ocrx_word' id='word_1_329' title='bbox 690 2549 1060 2615; x_wconf 87' lang='lat' dir='ltr'><strong>impendebant</strong></span> <span class='ocrx_word' id='word_1_330' title='bbox 1094 2565 1242 2602; x_wconf 88' lang='lat' dir='ltr'><strong>suam</strong></span> <span class='ocrx_word' id='word_1_331' title='bbox 1261 2595 1270 2606; x_wconf 96' lang='lat'><strong>.</strong></span> 
     </span>
    </p>
   </div>
   <div class='ocr_carea' id='block_1_43' title="bbox 759 2718 2206 2795">
    <p class='ocr_par' dir='ltr' id='par_1_43' title="bbox 759 2718 2206 2795">
     <span class='ocr_line' id='line_1_43' title="bbox 759 2718 2206 2795; baseline 0.006 -23"><span class='ocrx_word' id='word_1_332' title='bbox 759 2718 920 2773; x_wconf 73' lang='lat' dir='ltr'><strong>Vsus.</strong></span> <span class='ocrx_word' id='word_1_333' title='bbox 955 2721 1004 2783; x_wconf 89' lang='lat'><strong>7,</strong></span> <span class='ocrx_word' id='word_1_334' title='bbox 1035 2721 1086 2774; x_wconf 93' lang='lat'><strong>8.</strong></span> <span class='ocrx_word' id='word_1_335' title='bbox 1120 2720 1491 2776; x_wconf 83' lang='lat' dir='ltr'><strong>Iultabitabunt</strong></span> <span class='ocrx_word' id='word_1_336' title='bbox 1522 2733 1571 2777; x_wconf 89' lang='lat' dir='ltr'><strong>et</strong></span> <span class='ocrx_word' id='word_1_337' title='bbox 1603 2725 1937 2790; x_wconf 85' lang='lat' dir='ltr'><strong>abscondent,</strong></span> <span class='ocrx_word' id='word_1_338' title='bbox 1968 2727 2070 2795; x_wconf 87' lang='lat' dir='ltr'><strong>ipsi</strong></span> <span class='ocrx_word' id='word_1_339' title='bbox 2097 2729 2206 2780; x_wconf 87' lang='lat' dir='ltr'><strong>cal-</strong></span> 
     </span>
    </p>
   </div>
   <div class='ocr_carea' id='block_1_44' title="bbox 689 2811 2206 2869">
    <p class='ocr_par' dir='ltr' id='par_1_44' title="bbox 689 2811 2206 2869">
     <span class='ocr_line' id='line_1_44' title="bbox 689 2811 2206 2869; baseline 0.006 -9"><span class='ocrx_word' id='word_1_340' title='bbox 689 2824 900 2860; x_wconf 87' lang='lat' dir='ltr'><strong>caneum</strong></span> <span class='ocrx_word' id='word_1_341' title='bbox 931 2826 1096 2862; x_wconf 88' lang='lat' dir='ltr'><strong>meum</strong></span> <span class='ocrx_word' id='word_1_342' title='bbox 1137 2811 1490 2865; x_wconf 79' lang='lat' dir='ltr'><strong>observabant.</strong></span> <span class='ocrx_word' id='word_1_343' title='bbox 1528 2813 1669 2866; x_wconf 87' lang='lat' dir='ltr'><strong>Sicut</strong></span> <span class='ocrx_word' id='word_1_344' title='bbox 1698 2817 2049 2869; x_wconf 87' lang='lat' dir='ltr'><strong>sustinuerunt</strong></span> <span class='ocrx_word' id='word_1_345' title='bbox 2092 2818 2206 2869; x_wconf 91' lang='lat' dir='ltr'><strong>ani-</strong></span> 
     </span>
    </p>
   </div>
   <div class='ocr_carea' id='block_1_45' title="bbox 691 2900 2207 2972">
    <p class='ocr_par' dir='ltr' id='par_1_45' title="bbox 691 2900 2207 2972">
     <span class='ocr_line' id='line_1_45' title="bbox 691 2900 2207 2972; baseline 0.007 -24"><span class='ocrx_word' id='word_1_346' title='bbox 691 2913 827 2949; x_wconf 87' lang='lat' dir='ltr'><strong>mam</strong></span> <span class='ocrx_word' id='word_1_347' title='bbox 857 2914 1015 2950; x_wconf 79' lang='lat' dir='ltr'><strong>nteant</strong></span> <span class='ocrx_word' id='word_1_348' title='bbox 1048 2915 1139 2966; x_wconf 86' lang='lat' dir='ltr'><strong>pro</strong></span> <span class='ocrx_word' id='word_1_349' title='bbox 1163 2900 1322 2953; x_wconf 83' lang='lat' dir='ltr'><strong>nihilo</strong></span> <span class='ocrx_word' id='word_1_350' title='bbox 1350 2902 1518 2954; x_wconf 79' lang='lat' dir='ltr'><strong>salvos</strong></span> <span class='ocrx_word' id='word_1_351' title='bbox 1550 2903 1707 2968; x_wconf 80' lang='lat' dir='ltr'><strong>{acies</strong></span> <span class='ocrx_word' id='word_1_352' title='bbox 1737 2905 1887 2967; x_wconf 88' lang='lat' dir='ltr'><strong>illos;</strong></span> <span class='ocrx_word' id='word_1_353' title='bbox 1920 2907 1972 2957; x_wconf 86' lang='lat' dir='ltr'><strong>in</strong></span> <span class='ocrx_word' id='word_1_354' title='bbox 2013 2907 2093 2958; x_wconf 90' lang='lat' dir='ltr'><strong>ira</strong></span> <span class='ocrx_word' id='word_1_355' title='bbox 2122 2921 2207 2972; x_wconf 88' lang='lat' dir='ltr'><strong>po-</strong></span> 
     </span>
    </p>
   </div>
   <div class='ocr_carea' id='block_1_46' title="bbox 687 2988 2205 3062">
    <p class='ocr_par' dir='ltr' id='par_1_46' title="bbox 687 2988 2205 3062">
     <span class='ocr_line' id='line_1_46' title="bbox 687 2988 2205 3062; baseline 0.006 -24"><span class='ocrx_word' id='word_1_356' title='bbox 687 2988 834 3055; x_wconf 82' lang='lat' dir='ltr'><strong>pulos</strong></span> <span class='ocrx_word' id='word_1_357' title='bbox 865 2989 1171 3058; x_wconf 79' lang='lat' dir='ltr'><strong>confringes,</strong></span> <span class='ocrx_word' id='word_1_358' title='bbox 1211 2989 1362 3044; x_wconf 84' lang='lat' dir='ltr'><strong>Deus.</strong></span> <span class='ocrx_word' id='word_1_359' title='bbox 1415 2989 1534 3044; x_wconf 63' lang='lat' dir='ltr'><strong>Haec</strong></span> <span class='ocrx_word' id='word_1_360' title='bbox 1569 2992 1796 3047; x_wconf 87' lang='lat' dir='ltr'><strong>obscure</strong></span> <span class='ocrx_word' id='word_1_361' title='bbox 1819 2993 1956 3061; x_wconf 87' lang='lat' dir='ltr'><strong>apud</strong></span> <span class='ocrx_word' id='word_1_362' title='bbox 1983 2993 2205 3062; x_wconf 90' lang='lat' dir='ltr'><strong>Septua-</strong></span> 
     </span>
    </p>
   </div>
   <div class='ocr_carea' id='block_1_47' title="bbox 687 3077 2204 3151">
    <p class='ocr_par' dir='ltr' id='par_1_47' title="bbox 687 3077 2204 3151">
     <span class='ocr_line' id='line_1_47' title="bbox 687 3077 2204 3151; baseline 0.005 -22"><span class='ocrx_word' id='word_1_363' title='bbox 687 3077 832 3145; x_wconf 84' lang='lat' dir='ltr'><strong>ginta</strong></span> <span class='ocrx_word' id='word_1_364' title='bbox 873 3077 1190 3148; x_wconf 84' lang='lat' dir='ltr'><strong>luterpretes</strong></span> <span class='ocrx_word' id='word_1_365' title='bbox 1224 3080 1384 3145; x_wconf 89' lang='lat' dir='ltr'><strong>dicta,</strong></span> <span class='ocrx_word' id='word_1_366' title='bbox 1416 3083 1654 3148; x_wconf 85' lang='lat' dir='ltr'><strong>apertius</strong></span> <span class='ocrx_word' id='word_1_367' title='bbox 1689 3085 2069 3151; x_wconf 88' lang='lat' dir='ltr'><strong>interpretatus</strong></span> <span class='ocrx_word' id='word_1_368' title='bbox 2121 3092 2204 3138; x_wconf 88' lang='lat' dir='ltr'><strong>est</strong></span> 
     </span>
    </p>
   </div>
   <div class='ocr_carea' id='block_1_48' title="bbox 2306 1919 3488 1988">
    <p class='ocr_par' dir='ltr' id='par_1_48' title="bbox 2306 1919 3488 1988">
     <span class='ocr_line' id='line_1_48' title="bbox 2306 1919 3488 1988; baseline 0 -17"><span class='ocrx_word' id='word_1_369' title='bbox 2306 1920 2520 1985; x_wconf 73' lang='grc' dir='ltr'>πάντες</span> <span class='ocrx_word' id='word_1_370' title='bbox 2541 1924 2592 1972; x_wconf 79' lang='lat' dir='ltr'><strong>oi</strong></span> <span class='ocrx_word' id='word_1_371' title='bbox 2617 1919 2950 1988; x_wconf 76' lang='grc' dir='ltr'>διαλογισμοὶ</span> <span class='ocrx_word' id='word_1_372' title='bbox 2985 1919 3162 1973; x_wconf 74' lang='grc' dir='ltr'>αὐτῶν</span> <span class='ocrx_word' id='word_1_373' title='bbox 3186 1923 3262 1985; x_wconf 81' lang='grc' dir='ltr'><strong>εις</strong></span> <span class='ocrx_word' id='word_1_374' title='bbox 3291 1922 3488 1972; x_wconf 78' lang='grc' dir='ltr'>κακόν·</span> 
     </span>
    </p>
   </div>
   <div class='ocr_carea' id='block_1_49' title="bbox 2305 2009 3511 2078">
    <p class='ocr_par' dir='ltr' id='par_1_49' title="bbox 2305 2009 3511 2078">
     <span class='ocr_line' id='line_1_49' title="bbox 2305 2009 3511 2078; baseline 0.001 -18"><span class='ocrx_word' id='word_1_375' title='bbox 2305 2009 2557 2078; x_wconf 80' lang='grc' dir='ltr'>φέστερον</span> <span class='ocrx_word' id='word_1_376' title='bbox 2586 2010 2942 2078; x_wconf 76' lang='grc' dir='ltr'>ἡρμήνευσενὸ</span> <span class='ocrx_word' id='word_1_377' title='bbox 2965 2009 3230 2078; x_wconf 77' lang='grc' dir='ltr'>Σύμμαχος</span> <span class='ocrx_word' id='word_1_378' title='bbox 3254 2010 3436 2064; x_wconf 74' lang='grc' dir='ltr'>εἰπών·</span> <span class='ocrx_word' id='word_1_379' title='bbox 3465 2013 3511 2062; x_wconf 80' lang='grc' dir='ltr'>Δι</span> 
     </span>
    </p>
   </div>
   <div class='ocr_carea' id='block_1_50' title="bbox 2305 2099 3509 2168">
    <p class='ocr_par' dir='ltr' id='par_1_50' title="bbox 2305 2099 3509 2168">
     <span class='ocr_line' id='line_1_50' title="bbox 2305 2099 3509 2168; baseline 0.002 -18"><span class='ocrx_word' id='word_1_380' title='bbox 2305 2099 2523 2165; x_wconf 75' lang='grc' dir='ltr'>ἡμέρας</span> <span class='ocrx_word' id='word_1_381' title='bbox 2550 2100 2764 2165; x_wconf 72' lang='grc' dir='ltr'>λόγους</span> <span class='ocrx_word' id='word_1_382' title='bbox 2799 2099 2912 2165; x_wconf 75' lang='grc' dir='ltr'>περὶ</span> <span class='ocrx_word' id='word_1_383' title='bbox 2949 2099 3079 2166; x_wconf 84' lang='grc' dir='ltr'>ἐμοῦ</span> <span class='ocrx_word' id='word_1_384' title='bbox 3108 2100 3452 2168; x_wconf 62' lang='grc' dir='ltr'>ἐφρόντιζον·</span> <span class='ocrx_word' id='word_1_385' title='bbox 3493 2119 3509 2152; x_wconf 72' lang='lat'><strong><em>1</em></strong></span> 
     </span>
    </p>
   </div>
   <div class='ocr_carea' id='block_1_51' title="bbox 2304 2185 3510 2256">
    <p class='ocr_par' dir='ltr' id='par_1_51' title="bbox 2304 2185 3510 2256">
     <span class='ocr_line' id='line_1_51' title="bbox 2304 2185 3510 2256; baseline 0.006 -19"><span class='ocrx_word' id='word_1_386' title='bbox 2304 2185 2419 2250; x_wconf 79' lang='grc' dir='ltr'><strong>πᾶς</strong></span> <span class='ocrx_word' id='word_1_387' title='bbox 2444 2187 2814 2255; x_wconf 73' lang='grc' dir='ltr'>διαλογισμὸς</span> <span class='ocrx_word' id='word_1_388' title='bbox 2837 2188 3012 2242; x_wconf 75' lang='grc' dir='ltr'>αὐτῶν</span> <span class='ocrx_word' id='word_1_389' title='bbox 3035 2192 3117 2254; x_wconf 86' lang='grc' dir='ltr'>εὶς</span> <span class='ocrx_word' id='word_1_390' title='bbox 3144 2194 3338 2244; x_wconf 75' lang='grc' dir='ltr'>κακόν.</span> <span class='ocrx_word' id='word_1_391' title='bbox 3385 2193 3467 2256; x_wconf 82' lang='grc' dir='ltr'>Ὠς</span> <span class='ocrx_word' id='word_1_392' title='bbox 3497 2210 3510 2222; x_wconf 87' lang='grc'><strong>·</strong></span> 
     </span>
    </p>
   </div>
   <div class='ocr_carea' id='block_1_52' title="bbox 2305 2274 3505 2350">
    <p class='ocr_par' dir='ltr' id='par_1_52' title="bbox 2305 2274 3505 2350">
     <span class='ocr_line' id='line_1_52' title="bbox 2305 2274 3505 2350; baseline 0.005 -25"><span class='ocrx_word' id='word_1_393' title='bbox 2305 2274 2511 2343; x_wconf 76' lang='grc' dir='ltr'>ἔχοντες</span> <span class='ocrx_word' id='word_1_394' title='bbox 2543 2275 2723 2344; x_wconf 79' lang='grc' dir='ltr'>ἓτερον</span> <span class='ocrx_word' id='word_1_395' title='bbox 2763 2277 3013 2345; x_wconf 82' lang='grc' dir='ltr'>πράττειν,</span> <span class='ocrx_word' id='word_1_396' title='bbox 3051 2278 3178 2346; x_wconf 75' lang='grc' dir='ltr'>μηδὲ</span> <span class='ocrx_word' id='word_1_397' title='bbox 3220 2279 3343 2349; x_wconf 79' lang='grc' dir='ltr'><strong>περὶ</strong></span> <span class='ocrx_word' id='word_1_398' title='bbox 3389 2281 3505 2350; x_wconf 79' lang='grc' dir='ltr'>ὲτὲρ</span> 
     </span>
    </p>
   </div>
   <div class='ocr_carea' id='block_1_53' title="bbox 2305 2366 3510 2442">
    <p class='ocr_par' dir='ltr' id='par_1_53' title="bbox 2305 2366 3510 2442">
     <span class='ocr_line' id='line_1_53' title="bbox 2305 2366 3510 2442; baseline 0.004 -26"><span class='ocrx_word' id='word_1_399' title='bbox 2305 2368 2487 2425; x_wconf 82' lang='grc' dir='ltr'>κινεῖν,</span> <span class='ocrx_word' id='word_1_400' title='bbox 2517 2366 2610 2434; x_wconf 83' lang='grc' dir='ltr'><strong>τὴν</strong></span> <span class='ocrx_word' id='word_1_401' title='bbox 2641 2367 2810 2418; x_wconf 79' lang='grc' dir='ltr'>πᾶσαν</span> <span class='ocrx_word' id='word_1_402' title='bbox 2837 2366 3027 2418; x_wconf 80' lang='grc' dir='ltr'>ἑαυτῶν</span> <span class='ocrx_word' id='word_1_403' title='bbox 3055 2369 3243 2437; x_wconf 80' lang='grc' dir='ltr'>σχολὴν</span> <span class='ocrx_word' id='word_1_404' title='bbox 3274 2372 3386 2431; x_wconf 81' lang='grc' dir='ltr'>τοῖς</span> <span class='ocrx_word' id='word_1_405' title='bbox 3423 2388 3510 2442; x_wconf 57' lang='grc' dir='ltr'><strong>περ</strong></span> 
     </span>
    </p>
   </div>
   <div class='ocr_carea' id='block_1_54' title="bbox 2303 2455 3507 2527">
    <p class='ocr_par' dir='ltr' id='par_1_54' title="bbox 2303 2455 3507 2527">
     <span class='ocr_line' id='line_1_54' title="bbox 2303 2455 3507 2527; baseline 0.006 -21"><span class='ocrx_word' id='word_1_406' title='bbox 2303 2473 2415 2522; x_wconf 79' lang='grc' dir='ltr'>γοις</span> <span class='ocrx_word' id='word_1_407' title='bbox 2445 2455 2536 2507; x_wconf 77' lang='grc' dir='ltr'><strong>καὶ</strong></span> <span class='ocrx_word' id='word_1_408' title='bbox 2571 2459 2678 2517; x_wconf 82' lang='grc' dir='ltr'>τοῖς</span> <span class='ocrx_word' id='word_1_409' title='bbox 2720 2456 2831 2507; x_wconf 76' lang='grc' dir='ltr'>κατ’</span> <span class='ocrx_word' id='word_1_410' title='bbox 2867 2457 2989 2524; x_wconf 83' lang='grc' dir='ltr'>ἐμοῦ</span> <span class='ocrx_word' id='word_1_411' title='bbox 3020 2456 3297 2527; x_wconf 76' lang='grc' dir='ltr'>λογισμοῖς</span> <span class='ocrx_word' id='word_1_412' title='bbox 3328 2461 3507 2513; x_wconf 63' lang='lat' dir='ltr'><strong>(iverit)</strong></span> 
     </span>
    </p>
   </div>
   <div class='ocr_carea' id='block_1_55' title="bbox 2303 2545 3503 2618">
    <p class='ocr_par' dir='ltr' id='par_1_55' title="bbox 2303 2545 3503 2618">
     <span class='ocr_line' id='line_1_55' title="bbox 2303 2545 3503 2618; baseline 0.008 -23"><span class='ocrx_word' id='word_1_413' title='bbox 2303 2545 2498 2611; x_wconf 84' lang='grc' dir='ltr'>ἀγαθὸν</span> <span class='ocrx_word' id='word_1_414' title='bbox 2553 2547 2676 2614; x_wconf 69' lang='grc' dir='ltr'>περὶ</span> <span class='ocrx_word' id='word_1_415' title='bbox 2723 2545 2848 2614; x_wconf 79' lang='grc' dir='ltr'>ἐμοῦ</span> <span class='ocrx_word' id='word_1_416' title='bbox 2901 2545 3293 2618; x_wconf 77' lang='grc' dir='ltr'>βουλευόμενοι.</span> <span class='ocrx_word' id='word_1_417' title='bbox 3354 2551 3503 2604; x_wconf 68' lang='grc' dir='ltr'>Ἀλλ’</span> 
     </span>
    </p>
   </div>
   <div class='ocr_carea' id='block_1_56' title="bbox 2305 2635 3477 2706">
    <p class='ocr_par' dir='ltr' id='par_1_56' title="bbox 2305 2635 3477 2706">
     <span class='ocr_line' id='line_1_56' title="bbox 2305 2635 3477 2706; baseline 0.008 -21"><span class='ocrx_word' id='word_1_418' title='bbox 2305 2635 2396 2686; x_wconf 73' lang='grc' dir='ltr'><strong>καὶ</strong></span> <span class='ocrx_word' id='word_1_419' title='bbox 2431 2636 2518 2686; x_wconf 72' lang='grc' dir='ltr'>ἐπὶ</span> <span class='ocrx_word' id='word_1_420' title='bbox 2545 2635 2694 2703; x_wconf 83' lang='grc' dir='ltr'>κακῴ</span> <span class='ocrx_word' id='word_1_421' title='bbox 2723 2635 2815 2705; x_wconf 84' lang='grc' dir='ltr'><strong>τὴν</strong></span> <span class='ocrx_word' id='word_1_422' title='bbox 2845 2635 3043 2690; x_wconf 76' lang='grc' dir='ltr'>ἑαυτῶν</span> <span class='ocrx_word' id='word_1_423' title='bbox 3079 2639 3477 2706; x_wconf 76' lang='grc' dir='ltr'>ἀναλίσκοντες</span> 
     </span>
    </p>
   </div>
   <div class='ocr_carea' id='block_1_57' title="bbox 2372 2723 3500 2797">
    <p class='ocr_par' dir='ltr' id='par_1_57' title="bbox 2372 2723 3500 2797">
     <span class='ocr_line' id='line_1_57' title="bbox 2372 2723 3500 2797; baseline 0.008 -21"><span class='ocrx_word' id='word_1_424' title='bbox 2372 2723 2806 2790; x_wconf 78' lang='grc' dir='ltr'>Παροικήσουσι</span> <span class='ocrx_word' id='word_1_425' title='bbox 2847 2726 2941 2777; x_wconf 78' lang='grc' dir='ltr'><strong>καὶ</strong></span> <span class='ocrx_word' id='word_1_426' title='bbox 2984 2731 3500 2797; x_wconf 65' lang='grc' dir='ltr'>κατακρύψουσιν</span> 
     </span>
    </p>
   </div>
   <div class='ocr_carea' id='block_1_58' title="bbox 2303 2812 3506 2888">
    <p class='ocr_par' dir='ltr' id='par_1_58' title="bbox 2303 2812 3506 2888">
     <span class='ocr_line' id='line_1_58' title="bbox 2303 2812 3506 2888; baseline 0.01 -26"><span class='ocrx_word' id='word_1_427' title='bbox 2303 2812 2558 2878; x_wconf 75' lang='grc' dir='ltr'>πτέρναν</span> <span class='ocrx_word' id='word_1_428' title='bbox 2612 2830 2726 2879; x_wconf 78' lang='grc' dir='ltr'><strong>μου</strong></span> <span class='ocrx_word' id='word_1_429' title='bbox 2785 2813 3146 2880; x_wconf 69' lang='grc' dir='ltr'>φυλάξουσι.</span> <span class='ocrx_word' id='word_1_430' title='bbox 3219 2821 3506 2888; x_wconf 53' lang='grc' dir='ltr'>Καθάπερ</span> 
     </span>
    </p>
   </div>
   <div class='ocr_carea' id='block_1_59' title="bbox 2302 2899 3503 2975">
    <p class='ocr_par' dir='ltr' id='par_1_59' title="bbox 2302 2899 3503 2975">
     <span class='ocr_line' id='line_1_59' title="bbox 2302 2899 3503 2975; baseline 0.01 -24"><span class='ocrx_word' id='word_1_431' title='bbox 2302 2899 2415 2965; x_wconf 75' lang='grc' dir='ltr'><strong>τὴν</strong></span> <span class='ocrx_word' id='word_1_432' title='bbox 2449 2899 2654 2968; x_wconf 69' lang='grc' dir='ltr'>ψυχήν</span> <span class='ocrx_word' id='word_1_433' title='bbox 2692 2918 2826 2968; x_wconf 82' lang='grc' dir='ltr'>μου,</span> <span class='ocrx_word' id='word_1_434' title='bbox 2874 2903 3028 2970; x_wconf 81' lang='grc' dir='ltr'><strong>ὑπὲρ</strong></span> <span class='ocrx_word' id='word_1_435' title='bbox 3057 2903 3172 2957; x_wconf 83' lang='grc' dir='ltr'>τοῦ</span> <span class='ocrx_word' id='word_1_436' title='bbox 3221 2907 3503 2975; x_wconf 76' lang='grc' dir='ltr'>μηδενὸς</span> 
     </span>
    </p>
   </div>
   <div class='ocr_carea' id='block_1_60' title="bbox 2303 2989 3506 3062">
    <p class='ocr_par' dir='ltr' id='par_1_60' title="bbox 2303 2989 3506 3062">
     <span class='ocr_line' id='line_1_60' title="bbox 2303 2989 3506 3062; baseline 0.011 -22"><span class='ocrx_word' id='word_1_437' title='bbox 2303 2990 2440 3054; x_wconf 82' lang='grc' dir='ltr'>τούς</span> <span class='ocrx_word' id='word_1_438' title='bbox 2460 3007 2473 3019; x_wconf 86' lang='grc'>·</span> <span class='ocrx_word' id='word_1_439' title='bbox 2499 2991 2567 3041; x_wconf 71' lang='grc' dir='ltr'>ἐν</span> <span class='ocrx_word' id='word_1_440' title='bbox 2591 2989 2732 3057; x_wconf 77' lang='grc' dir='ltr'><strong>ὀργῇ</strong></span> <span class='ocrx_word' id='word_1_441' title='bbox 2761 2990 2949 3056; x_wconf 75' lang='grc' dir='ltr'>λαοὺς</span> <span class='ocrx_word' id='word_1_442' title='bbox 2983 2994 3312 3062; x_wconf 77' lang='grc' dir='ltr'>κατάξεις,</span> <span class='ocrx_word' id='word_1_443' title='bbox 3341 3002 3375 3052; x_wconf 82' lang='grc' dir='ltr'><em>ὀ</em></span> <span class='ocrx_word' id='word_1_444' title='bbox 3409 3003 3506 3052; x_wconf 80' lang='grc' dir='ltr'><strong>Θει</strong></span> 
     </span>
    </p>
   </div>
   <div class='ocr_carea' id='block_1_61' title="bbox 2303 3081 3506 3163">
    <p class='ocr_par' dir='ltr' id='par_1_61' title="bbox 2303 3081 3506 3163">
     <span class='ocr_line' id='line_1_61' title="bbox 2303 3081 3506 3163; baseline 0.011 -31"><span class='ocrx_word' id='word_1_445' title='bbox 2303 3081 2522 3150; x_wconf 82' lang='grc' dir='ltr'>ἀσαφῶς</span> <span class='ocrx_word' id='word_1_446' title='bbox 2553 3082 2808 3152; x_wconf 74' lang='grc' dir='ltr'>εἰρημένα</span> <span class='ocrx_word' id='word_1_447' title='bbox 2839 3085 2994 3153; x_wconf 80' lang='grc' dir='ltr'>παρὰ</span> <span class='ocrx_word' id='word_1_448' title='bbox 3013 3089 3133 3149; x_wconf 84' lang='grc' dir='ltr'>τοῖς</span> <span class='ocrx_word' id='word_1_449' title='bbox 3173 3089 3506 3163; x_wconf 69' lang='grc' dir='ltr'>Ἑϐδομὴκι</span> 
     </span>
    </p>
   </div>
   <div class='ocr_carea' id='block_1_62' title="bbox 687 3164 2192 3246">
    <p class='ocr_par' dir='ltr' id='par_1_62' title="bbox 687 3167 2192 3238">
     <span class='ocr_line' id='line_1_62' title="bbox 687 3167 2192 3238; baseline 0.004 -18"><span class='ocrx_word' id='word_1_450' title='bbox 687 3167 1038 3238; x_wconf 86' lang='lat' dir='ltr'><strong>Symmachus</strong></span> <span class='ocrx_word' id='word_1_451' title='bbox 1085 3171 1168 3224; x_wconf 89' lang='lat' dir='ltr'><strong>his</strong></span> <span class='ocrx_word' id='word_1_452' title='bbox 1196 3170 1372 3224; x_wconf 81' lang='lat' dir='ltr'><strong>verbis</strong></span> <span class='ocrx_word' id='word_1_453' title='bbox 1407 3189 1421 3226; x_wconf 85' lang='lat'><strong>:</strong></span> <span class='ocrx_word' id='word_1_454' title='bbox 1452 3170 1825 3226; x_wconf 87' lang='lat' dir='ltr'><strong>Conveniebant</strong></span> <span class='ocrx_word' id='word_1_455' title='bbox 1863 3173 2019 3232; x_wconf 85' lang='lat' dir='ltr'><strong>clam,</strong></span> <span class='ocrx_word' id='word_1_456' title='bbox 2051 3183 2097 3226; x_wconf 88' lang='lat' dir='ltr'><strong>et</strong></span> <span class='ocrx_word' id='word_1_457' title='bbox 2125 3190 2192 3226; x_wconf 70' lang='lat' dir='ltr'><strong>ve«</strong></span> 
     </span>
    </p>
   </div>
   <div class='ocr_carea' id='block_1_63' title="bbox 2002 3164 3507 3246">
    <p class='ocr_par' dir='ltr' id='par_1_63' title="bbox 2006 3164 3507 3246">
     <span class='ocr_line' id='line_1_63' title="bbox 2006 3164 3507 3246; baseline -0.005 -24"><span class='ocrx_word' id='word_1_458' title='bbox 2006 3213 2019 3232; x_wconf 84' lang='lat'><strong>,</strong></span> <span class='ocrx_word' id='word_1_459' title='bbox 2051 3183 2097 3226; x_wconf 85' lang='lat' dir='ltr'><strong>et</strong></span> <span class='ocrx_word' id='word_1_460' title='bbox 2125 3190 2206 3226; x_wconf 77' lang='lat' dir='ltr'><strong>ve-</strong></span> <span class='ocrx_word' id='word_1_461' title='bbox 2232 3164 2272 3219; x_wconf 88' lang='lat' dir='ltr'><strong><em>C</em></strong></span> <span class='ocrx_word' id='word_1_462' title='bbox 2308 3187 2396 3238; x_wconf 88' lang='grc' dir='ltr'><strong>ρον</strong></span> <span class='ocrx_word' id='word_1_463' title='bbox 2435 3170 2824 3239; x_wconf 84' lang='grc' dir='ltr'>διηρμήνευσεν</span> <span class='ocrx_word' id='word_1_464' title='bbox 2864 3174 2893 3223; x_wconf 90' lang='grc' dir='ltr'>ὁ</span> <span class='ocrx_word' id='word_1_465' title='bbox 2933 3173 3291 3246; x_wconf 62' lang='grc' dir='ltr'>Σύμμαχος,</span> <span class='ocrx_word' id='word_1_466' title='bbox 3337 3181 3507 3234; x_wconf 52' lang='lat' dir='ltr'><strong>amb.</strong></span> 
     </span>
    </p>
   </div>
   <div class='ocr_carea' id='block_1_64' title="bbox 685 3259 2206 3330">
    <p class='ocr_par' dir='ltr' id='par_1_64' title="bbox 685 3259 2206 3330">
     <span class='ocr_line' id='line_1_64' title="bbox 685 3259 2206 3330; baseline 0.005 -20"><span class='ocrx_word' id='word_1_467' title='bbox 685 3259 840 3326; x_wconf 78' lang='lat' dir='ltr'><strong>stigia</strong></span> <span class='ocrx_word' id='word_1_468' title='bbox 871 3275 980 3311; x_wconf 87' lang='lat' dir='ltr'><strong>mea</strong></span> <span class='ocrx_word' id='word_1_469' title='bbox 1013 3259 1370 3325; x_wconf 76' lang='lat' dir='ltr'><strong>observabant,</strong></span> <span class='ocrx_word' id='word_1_470' title='bbox 1397 3273 1742 3330; x_wconf 67' lang='lat' dir='ltr'><strong>exspectantes</strong></span> <span class='ocrx_word' id='word_1_471' title='bbox 1771 3264 1998 3316; x_wconf 86' lang='lat' dir='ltr'><strong>animant</strong></span> <span class='ocrx_word' id='word_1_472' title='bbox 2042 3281 2206 3317; x_wconf 87' lang='lat' dir='ltr'><strong>meam</strong></span> 
     </span>
    </p>
   </div>
   <div class='ocr_carea' id='block_1_65' title="bbox 683 3350 2203 3423">
    <p class='ocr_par' dir='ltr' id='par_1_65' title="bbox 683 3350 2203 3423">
     <span class='ocr_line' id='line_1_65' title="bbox 683 3350 2203 3423; baseline 0.008 -27"><span class='ocrx_word' id='word_1_473' title='bbox 683 3359 892 3417; x_wconf 78' lang='lat' dir='ltr'><strong>propter</strong></span> <span class='ocrx_word' id='word_1_474' title='bbox 922 3350 1269 3418; x_wconf 79' lang='lat' dir='ltr'><strong>iniquitatem.</strong></span> <span class='ocrx_word' id='word_1_475' title='bbox 1321 3352 1506 3406; x_wconf 89' lang='lat' dir='ltr'><strong>Libera</strong></span> <span class='ocrx_word' id='word_1_476' title='bbox 1530 3352 1591 3404; x_wconf 91' lang='lat' dir='ltr'><strong>ab</strong></span> <span class='ocrx_word' id='word_1_477' title='bbox 1634 3353 1763 3417; x_wconf 89' lang='lat' dir='ltr'><strong>illis,</strong></span> <span class='ocrx_word' id='word_1_478' title='bbox 1801 3355 1853 3406; x_wconf 90' lang='lat' dir='ltr'><strong>in</strong></span> <span class='ocrx_word' id='word_1_479' title='bbox 1883 3355 1965 3407; x_wconf 90' lang='lat' dir='ltr'><strong>ira</strong></span> <span class='ocrx_word' id='word_1_480' title='bbox 1992 3355 2203 3423; x_wconf 83' lang='lat' dir='ltr'><strong>populos</strong></span> 
     </span>
    </p>
   </div>
   <div class='ocr_carea' id='block_1_66' title="bbox 685 3438 2204 3512">
    <p class='ocr_par' dir='ltr' id='par_1_66' title="bbox 685 3438 2204 3512">
     <span class='ocr_line' id='line_1_66' title="bbox 685 3438 2204 3512; baseline 0.007 -23"><span class='ocrx_word' id='word_1_481' title='bbox 685 3438 932 3506; x_wconf 81' lang='lat' dir='ltr'><strong>deprime,</strong></span> <span class='ocrx_word' id='word_1_482' title='bbox 992 3440 1151 3498; x_wconf 82' lang='lat' dir='ltr'><strong>Deus.</strong></span> <span class='ocrx_word' id='word_1_483' title='bbox 1198 3445 1276 3497; x_wconf 83' lang='lat' dir='ltr'><strong>Ita</strong></span> <span class='ocrx_word' id='word_1_484' title='bbox 1315 3444 1478 3507; x_wconf 91' lang='lat' dir='ltr'><strong>enim,</strong></span> <span class='ocrx_word' id='word_1_485' title='bbox 1522 3444 1712 3512; x_wconf 87' lang='lat' dir='ltr'><strong>inquit,</strong></span> <span class='ocrx_word' id='word_1_486' title='bbox 1769 3452 1878 3498; x_wconf 87' lang='lat' dir='ltr'><strong>tota</strong></span> <span class='ocrx_word' id='word_1_487' title='bbox 1939 3445 2024 3499; x_wconf 91' lang='lat' dir='ltr'><strong>die</strong></span> <span class='ocrx_word' id='word_1_488' title='bbox 2076 3446 2204 3499; x_wconf 90' lang='lat' dir='ltr'><strong>mihi</strong></span> 
     </span>
    </p>
   </div>
   <div class='ocr_carea' id='block_1_67' title="bbox 681 3529 2203 3602">
    <p class='ocr_par' dir='ltr' id='par_1_67' title="bbox 681 3529 2203 3602">
     <span class='ocr_line' id='line_1_67' title="bbox 681 3529 2203 3602; baseline 0.007 -22"><span class='ocrx_word' id='word_1_489' title='bbox 681 3529 1065 3602; x_wconf 67' lang='lat' dir='ltr'><strong>{observando}</strong></span> <span class='ocrx_word' id='word_1_490' title='bbox 1107 3534 1386 3595; x_wconf 87' lang='lat' dir='ltr'><strong>vacabant,</strong></span> <span class='ocrx_word' id='word_1_491' title='bbox 1410 3549 1682 3588; x_wconf 83' lang='lat' dir='ltr'><strong>sermones</strong></span> <span class='ocrx_word' id='word_1_492' title='bbox 1703 3533 1766 3588; x_wconf 88' lang='lat' dir='ltr'><strong>de</strong></span> <span class='ocrx_word' id='word_1_493' title='bbox 1795 3550 1880 3589; x_wconf 90' lang='lat' dir='ltr'><strong>me</strong></span> <span class='ocrx_word' id='word_1_494' title='bbox 1909 3544 2203 3599; x_wconf 88' lang='lat' dir='ltr'><strong>moventes,</strong></span> 
     </span>
    </p>
   </div>
   <div class='ocr_carea' id='block_1_68' title="bbox 689 3621 2206 3690">
    <p class='ocr_par' dir='ltr' id='par_1_68' title="bbox 689 3621 2206 3690">
     <span class='ocr_line' id='line_1_68' title="bbox 689 3621 2206 3690; baseline 0.006 -20"><span class='ocrx_word' id='word_1_495' title='bbox 689 3627 742 3670; x_wconf 87' lang='lat' dir='ltr'><strong>et</strong></span> <span class='ocrx_word' id='word_1_496' title='bbox 773 3627 881 3672; x_wconf 90' lang='lat' dir='ltr'><strong>tota</strong></span> <span class='ocrx_word' id='word_1_497' title='bbox 906 3621 1158 3688; x_wconf 82' lang='lat' dir='ltr'><strong>cogitatio</strong></span> <span class='ocrx_word' id='word_1_498' title='bbox 1188 3637 1375 3674; x_wconf 88' lang='lat' dir='ltr'><strong>eorum</strong></span> <span class='ocrx_word' id='word_1_499' title='bbox 1416 3630 1601 3676; x_wconf 88' lang='lat' dir='ltr'><strong>contra</strong></span> <span class='ocrx_word' id='word_1_500' title='bbox 1649 3639 1733 3678; x_wconf 91' lang='lat' dir='ltr'><strong>me</strong></span> <span class='ocrx_word' id='word_1_501' title='bbox 1757 3633 1905 3690; x_wconf 89' lang='lat' dir='ltr'><strong>erat;</strong></span> <span class='ocrx_word' id='word_1_502' title='bbox 1941 3633 2000 3678; x_wconf 90' lang='lat' dir='ltr'><strong>ut</strong></span> <span class='ocrx_word' id='word_1_503' title='bbox 2020 3626 2206 3680; x_wconf 83' lang='lat' dir='ltr'><strong>stude-</strong></span> 
     </span>
    </p>
   </div>
   <div class='ocr_carea' id='block_1_69' title="bbox 688 3706 2207 3778">
    <p class='ocr_par' dir='ltr' id='par_1_69' title="bbox 688 3706 2207 3778">
     <span class='ocr_line' id='line_1_69' title="bbox 688 3706 2207 3778; baseline 0.009 -24"><span class='ocrx_word' id='word_1_504' title='bbox 688 3711 806 3755; x_wconf 88' lang='lat' dir='ltr'><strong>rent</strong></span> <span class='ocrx_word' id='word_1_505' title='bbox 848 3719 954 3756; x_wconf 90' lang='lat' dir='ltr'><strong>una</strong></span> <span class='ocrx_word' id='word_1_506' title='bbox 987 3706 1144 3758; x_wconf 89' lang='lat' dir='ltr'><strong>simul</strong></span> <span class='ocrx_word' id='word_1_507' title='bbox 1183 3707 1464 3760; x_wconf 87' lang='lat' dir='ltr'><strong>adversum</strong></span> <span class='ocrx_word' id='word_1_508' title='bbox 1487 3724 1569 3761; x_wconf 91' lang='lat' dir='ltr'><strong>me</strong></span> <span class='ocrx_word' id='word_1_509' title='bbox 1597 3710 2049 3778; x_wconf 88' lang='lat' dir='ltr'><strong>conspirationem</strong></span> <span class='ocrx_word' id='word_1_510' title='bbox 2083 3729 2207 3767; x_wconf 91' lang='lat' dir='ltr'><strong>con-</strong></span> 
     </span>
    </p>
   </div>
   <div class='ocr_carea' id='block_1_70' title="bbox 685 3791 2205 3864">
    <p class='ocr_par' dir='ltr' id='par_1_70' title="bbox 685 3791 2205 3864">
     <span class='ocr_line' id='line_1_70' title="bbox 685 3791 2205 3864; baseline 0.009 -21"><span class='ocrx_word' id='word_1_511' title='bbox 685 3791 852 3845; x_wconf 83' lang='lat' dir='ltr'><strong>ﬂare:</strong></span> <span class='ocrx_word' id='word_1_512' title='bbox 891 3807 1060 3859; x_wconf 89' lang='lat' dir='ltr'><strong>neque</strong></span> <span class='ocrx_word' id='word_1_513' title='bbox 1086 3808 1150 3848; x_wconf 90' lang='lat' dir='ltr'><strong>eo</strong></span> <span class='ocrx_word' id='word_1_514' title='bbox 1182 3794 1439 3849; x_wconf 81' lang='lat' dir='ltr'><strong>sisterent</strong></span> <span class='ocrx_word' id='word_1_515' title='bbox 1479 3797 1738 3864; x_wconf 85' lang='lat' dir='ltr'><strong>gradum;</strong></span> <span class='ocrx_word' id='word_1_516' title='bbox 1773 3799 1866 3853; x_wconf 89' lang='lat' dir='ltr'><strong>sed</strong></span> <span class='ocrx_word' id='word_1_517' title='bbox 1904 3801 2060 3854; x_wconf 90' lang='lat' dir='ltr'><strong>etiam</strong></span> <span class='ocrx_word' id='word_1_518' title='bbox 2095 3804 2205 3856; x_wconf 83' lang='lat' dir='ltr'><strong>cal-</strong></span> 
     </span>
    </p>
   </div>
   <div class='ocr_carea' id='block_1_71' title="bbox 687 3882 2205 3962">
    <p class='ocr_par' dir='ltr' id='par_1_71' title="bbox 687 3882 2205 3962">
     <span class='ocr_line' id='line_1_71' title="bbox 687 3882 2205 3962; baseline 0.009 -31"><span class='ocrx_word' id='word_1_519' title='bbox 687 3893 913 3934; x_wconf 51' lang='lat' dir='ltr'><strong>e‘aneum</strong></span> <span class='ocrx_word' id='word_1_520' title='bbox 956 3882 1067 3937; x_wconf 89' lang='lat' dir='ltr'><strong>sive</strong></span> <span class='ocrx_word' id='word_1_521' title='bbox 1095 3884 1218 3937; x_wconf 64' lang='lat' dir='ltr'><strong>vitae</strong></span> <span class='ocrx_word' id='word_1_522' title='bbox 1248 3899 1490 3953; x_wconf 82' lang='lat' dir='ltr'><strong>gressum</strong></span> <span class='ocrx_word' id='word_1_523' title='bbox 1523 3885 1888 3954; x_wconf 85' lang='lat' dir='ltr'><strong>observarent,</strong></span> <span class='ocrx_word' id='word_1_524' title='bbox 1918 3907 2043 3943; x_wconf 93' lang='lat' dir='ltr'><strong>num</strong></span> <span class='ocrx_word' id='word_1_525' title='bbox 2079 3907 2205 3962; x_wconf 86' lang='lat' dir='ltr'><strong>sup-</strong></span> 
     </span>
    </p>
   </div>
   <div class='ocr_carea' id='block_1_72' title="bbox 685 3969 2202 4048">
    <p class='ocr_par' dir='ltr' id='par_1_72' title="bbox 685 3969 2202 4048">
     <span class='ocr_line' id='line_1_72' title="bbox 685 3969 2202 4048; baseline 0.009 -26"><span class='ocrx_word' id='word_1_526' title='bbox 685 3969 975 4038; x_wconf 80' lang='lat' dir='ltr'><strong>plantando</strong></span> <span class='ocrx_word' id='word_1_527' title='bbox 1023 3971 1252 4041; x_wconf 84' lang='lat' dir='ltr'><strong>dejicere</strong></span> <span class='ocrx_word' id='word_1_528' title='bbox 1305 3987 1390 4026; x_wconf 91' lang='lat' dir='ltr'><strong>me</strong></span> <span class='ocrx_word' id='word_1_529' title='bbox 1430 3981 1667 4042; x_wconf 85' lang='lat' dir='ltr'><strong>possent.</strong></span> <span class='ocrx_word' id='word_1_530' title='bbox 1724 3972 1958 4044; x_wconf 82' lang='lat' dir='ltr'><strong>Vestigia</strong></span> <span class='ocrx_word' id='word_1_531' title='bbox 1989 3995 2202 4048; x_wconf 89' lang='lat' dir='ltr'><strong>quoque</strong></span> 
     </span>
    </p>
   </div>
   <div class='ocr_carea' id='block_1_73' title="bbox 686 4063 2204 4138">
    <p class='ocr_par' dir='ltr' id='par_1_73' title="bbox 686 4063 2204 4138">
     <span class='ocr_line' id='line_1_73' title="bbox 686 4063 2204 4138; baseline 0.009 -27"><span class='ocrx_word' id='word_1_532' title='bbox 686 4072 825 4122; x_wconf 83' lang='lat' dir='ltr'><strong>mea,</strong></span> <span class='ocrx_word' id='word_1_533' title='bbox 852 4068 907 4112; x_wconf 91' lang='lat' dir='ltr'><strong>et</strong></span> <span class='ocrx_word' id='word_1_534' title='bbox 957 4075 1062 4129; x_wconf 87' lang='lat' dir='ltr'><strong>quo</strong></span> <span class='ocrx_word' id='word_1_535' title='bbox 1111 4077 1405 4130; x_wconf 88' lang='lat' dir='ltr'><strong>pergerem,</strong></span> <span class='ocrx_word' id='word_1_536' title='bbox 1461 4063 1838 4129; x_wconf 81' lang='lat' dir='ltr'><strong>observabant,</strong></span> <span class='ocrx_word' id='word_1_537' title='bbox 1889 4073 1947 4118; x_wconf 92' lang='lat' dir='ltr'><strong>ut</strong></span> <span class='ocrx_word' id='word_1_538' title='bbox 1991 4083 2204 4138; x_wconf 91' lang='lat' dir='ltr'><strong>quoquo</strong></span> 
     </span>
    </p>
   </div>
   <div class='ocr_carea' id='block_1_74' title="bbox 686 4147 2205 4222">
    <p class='ocr_par' dir='ltr' id='par_1_74' title="bbox 686 4147 2205 4222">
     <span class='ocr_line' id='line_1_74' title="bbox 686 4147 2205 4222; baseline 0.01 -23"><span class='ocrx_word' id='word_1_539' title='bbox 686 4147 843 4201; x_wconf 84' lang='lat' dir='ltr'><strong>modo</strong></span> <span class='ocrx_word' id='word_1_540' title='bbox 889 4163 972 4202; x_wconf 92' lang='lat' dir='ltr'><strong>me</strong></span> <span class='ocrx_word' id='word_1_541' title='bbox 1003 4149 1532 4218; x_wconf 86' lang='lat' dir='ltr'><strong>comprehenderent.</strong></span> <span class='ocrx_word' id='word_1_542' title='bbox 1579 4150 1704 4205; x_wconf 59' lang='lat' dir='ltr'><strong>Hac</strong></span> <span class='ocrx_word' id='word_1_543' title='bbox 1739 4152 1814 4206; x_wconf 87' lang='lat' dir='ltr'><strong>illi</strong></span> <span class='ocrx_word' id='word_1_544' title='bbox 1852 4155 1942 4222; x_wconf 89' lang='lat' dir='ltr'><strong>qui</strong></span> <span class='ocrx_word' id='word_1_545' title='bbox 1976 4171 2060 4212; x_wconf 91' lang='lat' dir='ltr'><strong>me</strong></span> <span class='ocrx_word' id='word_1_546' title='bbox 2090 4159 2205 4214; x_wconf 90' lang='lat' dir='ltr'><strong>sine</strong></span> 
     </span>
    </p>
   </div>
   <div class='ocr_carea' id='block_1_75' title="bbox 684 4239 2204 4312">
    <p class='ocr_par' dir='ltr' id='par_1_75' title="bbox 684 4239 2204 4312">
     <span class='ocr_line' id='line_1_75' title="bbox 684 4239 2204 4312; baseline 0.01 -25"><span class='ocrx_word' id='word_1_547' title='bbox 684 4251 847 4292; x_wconf 87' lang='lat' dir='ltr'><strong>causa</strong></span> <span class='ocrx_word' id='word_1_548' title='bbox 873 4239 1328 4307; x_wconf 78' lang='lat' dir='ltr'><strong>persequebantur</strong></span> <span class='ocrx_word' id='word_1_549' title='bbox 1355 4247 1540 4294; x_wconf 89' lang='lat' dir='ltr'><strong>contra</strong></span> <span class='ocrx_word' id='word_1_550' title='bbox 1584 4256 1669 4295; x_wconf 90' lang='lat' dir='ltr'><strong>me</strong></span> <span class='ocrx_word' id='word_1_551' title='bbox 1702 4242 2067 4312; x_wconf 79' lang='lat' dir='ltr'><strong>designabant.</strong></span> <span class='ocrx_word' id='word_1_552' title='bbox 2124 4246 2204 4303; x_wconf 90' lang='lat' dir='ltr'><strong>Tu</strong></span> 
     </span>
    </p>
   </div>
   <div class='ocr_carea' id='block_1_76' title="bbox 685 4324 2203 4399">
    <p class='ocr_par' dir='ltr' id='par_1_76' title="bbox 685 4324 2203 4399">
     <span class='ocr_line' id='line_1_76' title="bbox 685 4324 2203 4399; baseline 0.01 -24"><span class='ocrx_word' id='word_1_553' title='bbox 685 4332 884 4390; x_wconf 86' lang='lat' dir='ltr'><strong>autem,</strong></span> <span class='ocrx_word' id='word_1_554' title='bbox 917 4324 1156 4389; x_wconf 89' lang='lat' dir='ltr'><strong>Domine,</strong></span> <span class='ocrx_word' id='word_1_555' title='bbox 1187 4343 1309 4395; x_wconf 91' lang='lat' dir='ltr'><strong>spes</strong></span> <span class='ocrx_word' id='word_1_556' title='bbox 1363 4343 1501 4392; x_wconf 90' lang='lat' dir='ltr'><strong>mea,</strong></span> <span class='ocrx_word' id='word_1_557' title='bbox 1536 4343 1621 4383; x_wconf 89' lang='lat' dir='ltr'><strong>me</strong></span> <span class='ocrx_word' id='word_1_558' title='bbox 1672 4330 1738 4384; x_wconf 89' lang='lat' dir='ltr'><strong>ab</strong></span> <span class='ocrx_word' id='word_1_559' title='bbox 1789 4331 1989 4399; x_wconf 86' lang='lat' dir='ltr'><strong>injusta</strong></span> <span class='ocrx_word' id='word_1_560' title='bbox 2017 4350 2203 4390; x_wconf 88' lang='lat' dir='ltr'><strong>eorum</strong></span> 
     </span>
    </p>
   </div>
   <div class='ocr_carea' id='block_1_77' title="bbox 682 4415 2204 4485">
    <p class='ocr_par' dir='ltr' id='par_1_77' title="bbox 682 4415 2204 4485">
     <span class='ocr_line' id='line_1_77' title="bbox 682 4415 2204 4485; baseline 0.01 -21"><span class='ocrx_word' id='word_1_561' title='bbox 682 4415 1076 4482; x_wconf 85' lang='lat' dir='ltr'><strong>conspiratione</strong></span> <span class='ocrx_word' id='word_1_562' title='bbox 1112 4417 1349 4482; x_wconf 88' lang='lat' dir='ltr'><strong>liberes;</strong></span> <span class='ocrx_word' id='word_1_563' title='bbox 1403 4418 1548 4485; x_wconf 89' lang='lat' dir='ltr'><strong>ipsos</strong></span> <span class='ocrx_word' id='word_1_564' title='bbox 1589 4429 1764 4474; x_wconf 89' lang='lat' dir='ltr'><strong>autem</strong></span> <span class='ocrx_word' id='word_1_565' title='bbox 1810 4423 1891 4475; x_wconf 88' lang='lat' dir='ltr'><strong>ira</strong></span> <span class='ocrx_word' id='word_1_566' title='bbox 1922 4430 2011 4476; x_wconf 89' lang='lat' dir='ltr'><strong>tua</strong></span> <span class='ocrx_word' id='word_1_567' title='bbox 2053 4426 2204 4479; x_wconf 87' lang='lat' dir='ltr'><strong>inva-</strong></span> 
     </span>
    </p>
   </div>
   <div class='ocr_carea' id='block_1_78' title="bbox 679 4503 2202 4580">
    <p class='ocr_par' dir='ltr' id='par_1_78' title="bbox 679 4503 2202 4580">
     <span class='ocr_line' id='line_1_78' title="bbox 679 4503 2202 4580; baseline 0.01 -25"><span class='ocrx_word' id='word_1_568' title='bbox 679 4503 834 4566; x_wconf 87' lang='lat' dir='ltr'><strong>dens,</strong></span> <span class='ocrx_word' id='word_1_569' title='bbox 865 4519 927 4557; x_wconf 87' lang='lat' dir='ltr'><strong>ex</strong></span> <span class='ocrx_word' id='word_1_570' title='bbox 951 4520 1012 4558; x_wconf 81' lang='lat' dir='ltr'><strong>ea</strong></span> <span class='ocrx_word' id='word_1_571' title='bbox 1040 4510 1340 4576; x_wconf 82' lang='lat' dir='ltr'><strong>arrogantia</strong></span> <span class='ocrx_word' id='word_1_572' title='bbox 1365 4517 1416 4564; x_wconf 89' lang='lat' dir='ltr'><strong>et</strong></span> <span class='ocrx_word' id='word_1_573' title='bbox 1450 4513 1697 4580; x_wconf 87' lang='lat' dir='ltr'><strong>superbia</strong></span> <span class='ocrx_word' id='word_1_574' title='bbox 1739 4512 1908 4580; x_wconf 82' lang='lat' dir='ltr'><strong>dejice</strong></span> <span class='ocrx_word' id='word_1_575' title='bbox 1935 4533 1948 4567; x_wconf 90' lang='lat'><strong>:</strong></span> <span class='ocrx_word' id='word_1_576' title='bbox 1975 4515 2026 4568; x_wconf 88' lang='lat' dir='ltr'><strong>id</strong></span> <span class='ocrx_word' id='word_1_577' title='bbox 2060 4518 2202 4570; x_wconf 91' lang='lat' dir='ltr'><strong>enim</strong></span> 
     </span>
    </p>
   </div>
   <div class='ocr_carea' id='block_1_79' title="bbox 683 4594 2198 4668">
    <p class='ocr_par' dir='ltr' id='par_1_79' title="bbox 683 4594 2198 4668">
     <span class='ocr_line' id='line_1_79' title="bbox 683 4594 2198 4668; baseline 0.009 -23"><span class='ocrx_word' id='word_1_578' title='bbox 683 4594 814 4661; x_wconf 87' lang='lat' dir='ltr'><strong>ipsis</strong></span> <span class='ocrx_word' id='word_1_579' title='bbox 849 4595 974 4648; x_wconf 88' lang='lat' dir='ltr'><strong>utile</strong></span> <span class='ocrx_word' id='word_1_580' title='bbox 995 4597 1114 4649; x_wconf 89' lang='lat' dir='ltr'><strong>erit.</strong></span> <span class='ocrx_word' id='word_1_581' title='bbox 1167 4597 1438 4668; x_wconf 89' lang='lat' dir='ltr'><strong>Siquidem</strong></span> <span class='ocrx_word' id='word_1_582' title='bbox 1470 4603 1595 4656; x_wconf 88' lang='lat' dir='ltr'><strong>elati</strong></span> <span class='ocrx_word' id='word_1_583' title='bbox 1622 4617 1684 4655; x_wconf 89' lang='lat' dir='ltr'><strong>ac</strong></span> <span class='ocrx_word' id='word_1_584' title='bbox 1722 4611 2009 4666; x_wconf 88' lang='lat' dir='ltr'><strong>tumentes,</strong></span> <span class='ocrx_word' id='word_1_585' title='bbox 2050 4605 2103 4658; x_wconf 92' lang='lat' dir='ltr'><strong>id</strong></span> <span class='ocrx_word' id='word_1_586' title='bbox 2144 4607 2198 4658; x_wconf 91' lang='lat' dir='ltr'><strong>in</strong></span> 
     </span>
    </p>
   </div>
   <div class='ocr_carea' id='block_1_80' title="bbox 681 4685 2200 4760">
    <p class='ocr_par' dir='ltr' id='par_1_80' title="bbox 681 4685 2200 4760">
     <span class='ocr_line' id='line_1_80' title="bbox 681 4685 2200 4760; baseline 0.009 -25"><span class='ocrx_word' id='word_1_587' title='bbox 681 4697 832 4735; x_wconf 86' lang='lat' dir='ltr'><strong>suam</strong></span> <span class='ocrx_word' id='word_1_588' title='bbox 875 4685 1163 4752; x_wconf 86' lang='lat' dir='ltr'><strong>perniciem</strong></span> <span class='ocrx_word' id='word_1_589' title='bbox 1206 4690 1467 4758; x_wconf 84' lang='lat' dir='ltr'><strong>agebant:</strong></span> <span class='ocrx_word' id='word_1_590' title='bbox 1527 4691 1723 4744; x_wconf 91' lang='lat' dir='ltr'><strong>etenim</strong></span> <span class='ocrx_word' id='word_1_591' title='bbox 1780 4692 1918 4746; x_wconf 86' lang='lat' dir='ltr'><strong>Deus</strong></span> <span class='ocrx_word' id='word_1_592' title='bbox 1969 4694 2200 4760; x_wconf 85' lang='lat' dir='ltr'><strong>superbis</strong></span> 
     </span>
    </p>
   </div>
   <div class='ocr_carea' id='block_1_81' title="bbox 683 4774 2202 4852">
    <p class='ocr_par' dir='ltr' id='par_1_81' title="bbox 683 4774 2202 4852">
     <span class='ocr_line' id='line_1_81' title="bbox 683 4774 2202 4852; baseline 0.008 -28"><span class='ocrx_word' id='word_1_593' title='bbox 683 4774 895 4837; x_wconf 84' lang='lat' dir='ltr'><strong>resistit,</strong></span> <span class='ocrx_word' id='word_1_594' title='bbox 925 4775 1203 4829; x_wconf 84' lang='lat' dir='ltr'><strong>humilibus</strong></span> <span class='ocrx_word' id='word_1_595' title='bbox 1228 4789 1398 4831; x_wconf 90' lang='lat' dir='ltr'><strong>autem</strong></span> <span class='ocrx_word' id='word_1_596' title='bbox 1421 4779 1511 4832; x_wconf 86' lang='lat' dir='ltr'><strong>dat</strong></span> <span class='ocrx_word' id='word_1_597' title='bbox 1538 4782 1761 4848; x_wconf 79' lang='lat' dir='ltr'><strong>gratiam</strong></span> <span class='ocrx_word' id='word_1_598' title='bbox 1779 4781 1854 4835; x_wconf 71' lang='grc' dir='ltr'><strong>ηε</strong></span> <span class='ocrx_word' id='word_1_599' title='bbox 1882 4797 2049 4848; x_wconf 81' lang='lat' dir='ltr'><strong>quare</strong></span> <span class='ocrx_word' id='word_1_600' title='bbox 2071 4798 2202 4852; x_wconf 84' lang='lat' dir='ltr'><strong>rogo</strong></span> 
     </span>
    </p>
   </div>
   <div class='ocr_carea' id='block_1_82' title="bbox 683 4865 2201 4936">
    <p class='ocr_par' dir='ltr' id='par_1_82' title="bbox 683 4865 2201 4936">
     <span class='ocr_line' id='line_1_82' title="bbox 683 4865 2201 4936; baseline 0.009 -24"><span class='ocrx_word' id='word_1_601' title='bbox 683 4875 867 4916; x_wconf 91' lang='lat' dir='ltr'><strong>omnes</strong></span> <span class='ocrx_word' id='word_1_602' title='bbox 915 4865 1248 4932; x_wconf 86' lang='lat' dir='ltr'><strong>insurgentes</strong></span> <span class='ocrx_word' id='word_1_603' title='bbox 1292 4867 1347 4919; x_wconf 92' lang='lat' dir='ltr'><strong>in</strong></span> <span class='ocrx_word' id='word_1_604' title='bbox 1389 4883 1473 4922; x_wconf 89' lang='lat' dir='ltr'><strong>me</strong></span> <span class='ocrx_word' id='word_1_605' title='bbox 1513 4870 1814 4936; x_wconf 81' lang='lat' dir='ltr'><strong>deprimas;</strong></span> <span class='ocrx_word' id='word_1_606' title='bbox 1840 4871 1971 4932; x_wconf 85' lang='lat' dir='ltr'><strong>sive,</strong></span> <span class='ocrx_word' id='word_1_607' title='bbox 2007 4886 2201 4925; x_wconf 88' lang='lat' dir='ltr'><strong>secun-</strong></span> 
     </span>
    </p>
   </div>
   <div class='ocr_carea' id='block_1_83' title="bbox 682 4951 2202 5028">
    <p class='ocr_par' dir='ltr' id='par_1_83' title="bbox 682 4951 2202 5028">
     <span class='ocr_line' id='line_1_83' title="bbox 682 4951 2202 5028; baseline 0.009 -28"><span class='ocrx_word' id='word_1_608' title='bbox 682 4951 807 5002; x_wconf 90' lang='lat' dir='ltr'><strong>dum</strong></span> <span class='ocrx_word' id='word_1_609' title='bbox 839 4951 1105 5019; x_wconf 80' lang='lat' dir='ltr'><strong>Aquilam,</strong></span> <span class='ocrx_word' id='word_1_610' title='bbox 1155 4954 1405 5022; x_wconf 85' lang='lat' dir='ltr'><strong>dejicias;</strong></span> <span class='ocrx_word' id='word_1_611' title='bbox 1430 4965 1489 5010; x_wconf 91' lang='lat' dir='ltr'><strong>ut</strong></span> <span class='ocrx_word' id='word_1_612' title='bbox 1517 4958 1808 5013; x_wconf 89' lang='lat' dir='ltr'><strong>modestius</strong></span> <span class='ocrx_word' id='word_1_613' title='bbox 1835 4967 1992 5028; x_wconf 87' lang='lat' dir='ltr'><strong>atque</strong></span> <span class='ocrx_word' id='word_1_614' title='bbox 2023 4962 2202 5014; x_wconf 89' lang='lat' dir='ltr'><strong>humi-</strong></span> 
     </span>
    </p>
   </div>
   <div class='ocr_carea' id='block_1_84' title="bbox 684 5038 2086 5120">
    <p class='ocr_par' dir='ltr' id='par_1_84' title="bbox 684 5038 2086 5120">
     <span class='ocr_line' id='line_1_84' title="bbox 684 5038 2086 5120; baseline 0.011 -32"><span class='ocrx_word' id='word_1_615' title='bbox 684 5038 787 5092; x_wconf 90' lang='lat' dir='ltr'><strong>lius</strong></span> <span class='ocrx_word' id='word_1_616' title='bbox 818 5044 1131 5109; x_wconf 88' lang='lat' dir='ltr'><strong>sentientes,</strong></span> <span class='ocrx_word' id='word_1_617' title='bbox 1164 5061 1410 5115; x_wconf 86' lang='lat' dir='ltr'><strong>magnam</strong></span> <span class='ocrx_word' id='word_1_618' title='bbox 1446 5051 1729 5103; x_wconf 88' lang='lat' dir='ltr'><strong>utilitatem</strong></span> <span class='ocrx_word' id='word_1_619' title='bbox 1767 5052 2086 5120; x_wconf 87' lang='lat' dir='ltr'><strong>percipiant.</strong></span> 
     </span>
    </p>
   </div>
   <div class='ocr_carea' id='block_1_85' title="bbox 749 5227 2202 5304">
    <p class='ocr_par' dir='ltr' id='par_1_85' title="bbox 749 5227 2202 5304">
     <span class='ocr_line' id='line_1_85' title="bbox 749 5227 2202 5304; baseline 0.006 -25"><span class='ocrx_word' id='word_1_620' title='bbox 749 5227 910 5284; x_wconf 76' lang='lat' dir='ltr'><strong>Vens.</strong></span> <span class='ocrx_word' id='word_1_621' title='bbox 945 5230 1000 5293; x_wconf 88' lang='lat'><strong>9,</strong></span> <span class='ocrx_word' id='word_1_622' title='bbox 1046 5233 1128 5286; x_wconf 82' lang='grc'><strong>10.</strong></span> <span class='ocrx_word' id='word_1_623' title='bbox 1174 5233 1342 5287; x_wconf 86' lang='lat' dir='ltr'><strong>Vitam</strong></span> <span class='ocrx_word' id='word_1_624' title='bbox 1391 5252 1554 5289; x_wconf 87' lang='lat' dir='ltr'><strong>meam</strong></span> <span class='ocrx_word' id='word_1_625' title='bbox 1599 5237 1898 5290; x_wconf 86' lang='lat' dir='ltr'><strong>annuntiavi</strong></span> <span class='ocrx_word' id='word_1_626' title='bbox 1953 5236 2066 5298; x_wconf 85' lang='lat' dir='ltr'><strong>tibi,</strong></span> <span class='ocrx_word' id='word_1_627' title='bbox 2111 5253 2202 5304; x_wconf 84' lang='lat' dir='ltr'><strong>po-</strong></span> 
     </span>
    </p>
   </div>
   <div class='ocr_carea' id='block_1_86' title="bbox 682 5318 2198 5393">
    <p class='ocr_par' dir='ltr' id='par_1_86' title="bbox 682 5318 2198 5393">
     <span class='ocr_line' id='line_1_86' title="bbox 682 5318 2198 5393; baseline 0.007 -27"><span class='ocrx_word' id='word_1_628' title='bbox 682 5318 832 5367; x_wconf 82' lang='lat' dir='ltr'><strong>suisti</strong></span> <span class='ocrx_word' id='word_1_629' title='bbox 862 5319 1115 5386; x_wconf 83' lang='lat' dir='ltr'><strong>lacrymas</strong></span> <span class='ocrx_word' id='word_1_630' title='bbox 1154 5338 1290 5376; x_wconf 85' lang='lat' dir='ltr'><strong>meas</strong></span> <span class='ocrx_word' id='word_1_631' title='bbox 1334 5325 1386 5376; x_wconf 84' lang='lat' dir='ltr'><strong>in</strong></span> <span class='ocrx_word' id='word_1_632' title='bbox 1434 5335 1700 5393; x_wconf 87' lang='lat' dir='ltr'><strong>conspectu</strong></span> <span class='ocrx_word' id='word_1_633' title='bbox 1733 5336 1852 5387; x_wconf 87' lang='lat' dir='ltr'><strong>tuo;</strong></span> <span class='ocrx_word' id='word_1_634' title='bbox 1877 5325 2005 5376; x_wconf 88' lang='lat' dir='ltr'><strong>sicut</strong></span> <span class='ocrx_word' id='word_1_635' title='bbox 2047 5333 2096 5377; x_wconf 89' lang='lat' dir='ltr'><strong>et</strong></span> <span class='ocrx_word' id='word_1_636' title='bbox 2146 5325 2198 5376; x_wconf 90' lang='lat' dir='ltr'><strong>in</strong></span> 
     </span>
    </p>
   </div>
   <div class='ocr_carea' id='block_1_87' title="bbox 684 5406 2194 5476">
    <p class='ocr_par' dir='ltr' id='par_1_87' title="bbox 684 5406 2194 5476">
     <span class='ocr_line' id='line_1_87' title="bbox 684 5406 2194 5476; baseline 0.011 -27"><span class='ocrx_word' id='word_1_637' title='bbox 684 5406 1147 5469; x_wconf 78' lang='lat' dir='ltr'><strong>promissionetua,</strong></span> <span class='ocrx_word' id='word_1_638' title='bbox 1177 5423 1522 5467; x_wconf 77' lang='lat' dir='ltr'><strong>convertentur</strong></span> <span class='ocrx_word' id='word_1_639' title='bbox 1553 5415 1747 5468; x_wconf 85' lang='lat' dir='ltr'><strong>inimici</strong></span> <span class='ocrx_word' id='word_1_640' title='bbox 1775 5416 1870 5468; x_wconf 88' lang='lat' dir='ltr'><strong>mei</strong></span> <span class='ocrx_word' id='word_1_641' title='bbox 1896 5425 2194 5476; x_wconf 87' lang='lat' dir='ltr'><strong>retrorsum,</strong></span> 
     </span>
    </p>
   </div>
   <div class='ocr_carea' id='block_1_88' title="bbox 683 5489 2200 5573">
    <p class='ocr_par' dir='ltr' id='par_1_88' title="bbox 683 5489 2200 5573">
     <span class='ocr_line' id='line_1_88' title="bbox 683 5489 2200 5573; baseline 0.015 -36"><span class='ocrx_word' id='word_1_642' title='bbox 683 5489 738 5539; x_wconf 80' lang='lat' dir='ltr'><strong>in</strong></span> <span class='ocrx_word' id='word_1_643' title='bbox 765 5507 1054 5561; x_wconf 83' lang='lat' dir='ltr'><strong>quacunque</strong></span> <span class='ocrx_word' id='word_1_644' title='bbox 1075 5499 1156 5551; x_wconf 87' lang='lat' dir='ltr'><strong>die</strong></span> <span class='ocrx_word' id='word_1_645' title='bbox 1175 5500 1466 5556; x_wconf 71' lang='lat' dir='ltr'><strong>invocarem</strong></span> <span class='ocrx_word' id='word_1_646' title='bbox 1491 5514 1557 5558; x_wconf 89' lang='lat' dir='ltr'><strong>te.</strong></span> <span class='ocrx_word' id='word_1_647' title='bbox 1581 5504 1703 5560; x_wconf 68' lang='lat' dir='ltr'><strong>Haec</strong></span> <span class='ocrx_word' id='word_1_648' title='bbox 1729 5506 1926 5559; x_wconf 89' lang='lat' dir='ltr'><strong>clarius</strong></span> <span class='ocrx_word' id='word_1_649' title='bbox 1958 5503 2200 5573; x_wconf 86' lang='lat' dir='ltr'><strong>Symma-</strong></span> 
     </span>
    </p>
   </div>
   <div class='ocr_carea' id='block_1_89' title="bbox 760 5639 1251 5708">
    <p class='ocr_par' dir='ltr' id='par_1_89' title="bbox 760 5639 1251 5708">
     <span class='ocr_line' id='line_1_89' title="bbox 760 5639 1251 5708; baseline 0.01 -11"><span class='ocrx_word' id='word_1_650' title='bbox 760 5639 802 5671; x_wconf 78' lang='lat'><strong>&quot;’</strong></span> <span class='ocrx_word' id='word_1_651' title='bbox 840 5639 997 5698; x_wconf 77' lang='lat' dir='ltr'><strong>Rom.</strong></span> <span class='ocrx_word' id='word_1_652' title='bbox 1026 5659 1137 5708; x_wconf 78' lang='lat' dir='ltr'><strong>vru,</strong></span> <span class='ocrx_word' id='word_1_653' title='bbox 1167 5648 1251 5702; x_wconf 74' lang='grc'><strong>⁸51.</strong></span> 
     </span>
    </p>
   </div>
   <div class='ocr_carea' id='block_1_90' title="bbox 1344 5651 2292 5720">
    <p class='ocr_par' dir='ltr' id='par_1_90' title="bbox 1344 5651 2292 5720">
     <span class='ocr_line' id='line_1_90' title="bbox 1344 5651 2292 5720; baseline 0.011 -18"><span class='ocrx_word' id='word_1_654' title='bbox 1344 5652 1381 5682; x_wconf 81' lang='grc'><strong>¹⁵</strong></span> <span class='ocrx_word' id='word_1_655' title='bbox 1419 5651 1580 5708; x_wconf 83' lang='lat' dir='ltr'><strong>lCor.</strong></span> <span class='ocrx_word' id='word_1_656' title='bbox 1616 5673 1696 5720; x_wconf 84' lang='grc' dir='ltr'>ιιι,</span> <span class='ocrx_word' id='word_1_657' title='bbox 1733 5658 1784 5712; x_wconf 83' lang='lat'><strong>3.</strong></span> <span class='ocrx_word' id='word_1_658' title='bbox 1863 5660 1876 5689; x_wconf 90' lang='grc'>¹</span> <span class='ocrx_word' id='word_1_659' title='bbox 1919 5657 1936 5710; x_wconf 85' lang='lat' dir='ltr'><strong>l</strong></span> <span class='ocrx_word' id='word_1_660' title='bbox 1971 5656 2116 5712; x_wconf 84' lang='lat' dir='ltr'><strong>Petr.</strong></span> <span class='ocrx_word' id='word_1_661' title='bbox 2155 5674 2207 5720; x_wconf 81' lang='grc' dir='ltr'><strong>ν,</strong></span> <span class='ocrx_word' id='word_1_662' title='bbox 2245 5661 2292 5711; x_wconf 72' lang='lat'><strong>5.</strong></span> 
     </span>
    </p>
   </div>
   <div class='ocr_carea' id='block_1_91' title="bbox 2304 3259 3510 3337">
    <p class='ocr_par' dir='ltr' id='par_1_91' title="bbox 2304 3259 3510 3337">
     <span class='ocr_line' id='line_1_91' title="bbox 2304 3259 3510 3337; baseline 0.012 -27"><span class='ocrx_word' id='word_1_663' title='bbox 2304 3259 2508 3326; x_wconf 80' lang='grc' dir='ltr'>λάθρα,</span> <span class='ocrx_word' id='word_1_664' title='bbox 2544 3259 2640 3311; x_wconf 77' lang='grc' dir='ltr'><strong>καὶ</strong></span> <span class='ocrx_word' id='word_1_665' title='bbox 2669 3262 2737 3313; x_wconf 83' lang='grc' dir='ltr'><em>τὰ</em></span> <span class='ocrx_word' id='word_1_666' title='bbox 2769 3261 2914 3329; x_wconf 76' lang='grc' dir='ltr'><strong>ἴχνη</strong></span> <span class='ocrx_word' id='word_1_667' title='bbox 2937 3281 3067 3330; x_wconf 82' lang='grc' dir='ltr'><strong>μου</strong></span> <span class='ocrx_word' id='word_1_668' title='bbox 3119 3269 3510 3337; x_wconf 69' lang='grc' dir='ltr'>παρετήροι</span> 
     </span>
    </p>
   </div>
   <div class='ocr_carea' id='block_1_92' title="bbox 2303 3348 3508 3422">
    <p class='ocr_par' dir='ltr' id='par_1_92' title="bbox 2303 3348 3508 3422">
     <span class='ocr_line' id='line_1_92' title="bbox 2303 3348 3508 3422; baseline 0.012 -23"><span class='ocrx_word' id='word_1_669' title='bbox 2303 3364 2399 3412; x_wconf 87' lang='grc' dir='ltr'>τες</span> <span class='ocrx_word' id='word_1_670' title='bbox 2433 3348 2544 3414; x_wconf 78' lang='grc' dir='ltr'><strong>τὴν</strong></span> <span class='ocrx_word' id='word_1_671' title='bbox 2581 3349 2791 3416; x_wconf 69' lang='grc' dir='ltr'><strong>ψυχήν</strong></span> <span class='ocrx_word' id='word_1_672' title='bbox 2821 3368 2949 3418; x_wconf 81' lang='grc' dir='ltr'><strong>μου</strong></span> <span class='ocrx_word' id='word_1_673' title='bbox 2988 3353 3098 3406; x_wconf 83' lang='grc' dir='ltr'><strong>διὰ</strong></span> <span class='ocrx_word' id='word_1_674' title='bbox 3134 3355 3278 3422; x_wconf 78' lang='grc' dir='ltr'><strong>τὴν</strong></span> <span class='ocrx_word' id='word_1_675' title='bbox 3312 3361 3508 3414; x_wconf 79' lang='grc' dir='ltr'>ἀδικί</span> 
     </span>
    </p>
   </div>
   <div class='ocr_carea' id='block_1_93' title="bbox 2305 3437 3513 3520">
    <p class='ocr_par' dir='ltr' id='par_1_93' title="bbox 2305 3437 3513 3520">
     <span class='ocr_line' id='line_1_93' title="bbox 2305 3437 3513 3520; baseline 0.013 -31"><span class='ocrx_word' id='word_1_676' title='bbox 2305 3437 2516 3502; x_wconf 73' lang='grc' dir='ltr'>αὐτῶν,</span> <span class='ocrx_word' id='word_1_677' title='bbox 2555 3440 2624 3491; x_wconf 73' lang='grc' dir='ltr'><strong>ἐν</strong></span> <span class='ocrx_word' id='word_1_678' title='bbox 2665 3439 2812 3508; x_wconf 78' lang='grc' dir='ltr'><strong>ὀργῇ</strong></span> <span class='ocrx_word' id='word_1_679' title='bbox 2859 3444 3072 3509; x_wconf 80' lang='grc' dir='ltr'>λαοὺς</span> <span class='ocrx_word' id='word_1_680' title='bbox 3110 3448 3513 3520; x_wconf 71' lang='grc' dir='ltr'><strong>κατάταγε,</strong></span> 
     </span>
    </p>
   </div>
   <div class='ocr_carea' id='block_1_94' title="bbox 2304 3527 3502 3610">
    <p class='ocr_par' dir='ltr' id='par_1_94' title="bbox 2304 3527 3502 3610">
     <span class='ocr_line' id='line_1_94' title="bbox 2304 3527 3502 3610; baseline 0.015 -33"><span class='ocrx_word' id='word_1_681' title='bbox 2304 3527 2430 3598; x_wconf 79' lang='grc' dir='ltr'>γὰρ,</span> <span class='ocrx_word' id='word_1_682' title='bbox 2467 3528 2618 3597; x_wconf 76' lang='grc' dir='ltr'>φησὶ,</span> <span class='ocrx_word' id='word_1_683' title='bbox 2653 3529 2740 3581; x_wconf 86' lang='grc' dir='ltr'><strong>διὰ</strong></span> <span class='ocrx_word' id='word_1_684' title='bbox 2785 3532 2986 3602; x_wconf 81' lang='grc' dir='ltr'>πάσης</span> <span class='ocrx_word' id='word_1_685' title='bbox 3022 3535 3288 3607; x_wconf 77' lang='grc' dir='ltr'>ἡμέρας</span> <span class='ocrx_word' id='word_1_686' title='bbox 3342 3543 3502 3610; x_wconf 62' lang='grc' dir='ltr'>ἐμοὶ</span> 
     </span>
    </p>
   </div>
   <div class='ocr_carea' id='block_1_95' title="bbox 2305 3617 3514 3695">
    <p class='ocr_par' dir='ltr' id='par_1_95' title="bbox 2305 3617 3514 3695">
     <span class='ocr_line' id='line_1_95' title="bbox 2305 3617 3514 3695; baseline 0.014 -27"><span class='ocrx_word' id='word_1_687' title='bbox 2305 3617 2430 3687; x_wconf 71' lang='grc' dir='ltr'>περὶ</span> <span class='ocrx_word' id='word_1_688' title='bbox 2454 3617 2582 3686; x_wconf 79' lang='grc' dir='ltr'>ἐμοῦ</span> <span class='ocrx_word' id='word_1_689' title='bbox 2612 3617 2801 3684; x_wconf 86' lang='grc' dir='ltr'>λόγους</span> <span class='ocrx_word' id='word_1_690' title='bbox 2834 3620 3190 3688; x_wconf 83' lang='grc' dir='ltr'>κινοῦντες,</span> <span class='ocrx_word' id='word_1_691' title='bbox 3225 3629 3355 3681; x_wconf 67' lang='grc' dir='ltr'><strong>καὶ</strong></span> <span class='ocrx_word' id='word_1_692' title='bbox 3383 3635 3514 3695; x_wconf 79' lang='grc' dir='ltr'><strong>πᾶς</strong></span> 
     </span>
    </p>
   </div>
   <div class='ocr_carea' id='block_1_96' title="bbox 2301 3704 3514 3775">
    <p class='ocr_par' dir='ltr' id='par_1_96' title="bbox 2301 3704 3514 3775">
     <span class='ocr_line' id='line_1_96' title="bbox 2301 3704 3514 3775; baseline 0.01 -20"><span class='ocrx_word' id='word_1_693' title='bbox 2301 3706 2407 3755; x_wconf 87' lang='grc' dir='ltr'><strong>τῶν</strong></span> <span class='ocrx_word' id='word_1_694' title='bbox 2435 3707 2553 3756; x_wconf 82' lang='grc' dir='ltr'>κατ’</span> <span class='ocrx_word' id='word_1_695' title='bbox 2595 3704 2727 3772; x_wconf 77' lang='grc' dir='ltr'>ἐμοῦ</span> <span class='ocrx_word' id='word_1_696' title='bbox 2763 3707 3086 3774; x_wconf 79' lang='grc' dir='ltr'>ἐγίγνετο·</span> <span class='ocrx_word' id='word_1_697' title='bbox 3130 3711 3227 3775; x_wconf 83' lang='grc' dir='ltr'>ὼς</span> <span class='ocrx_word' id='word_1_698' title='bbox 3273 3720 3514 3771; x_wconf 70' lang='grc' dir='ltr'>σπουδ.</span> 
     </span>
    </p>
   </div>
   <div class='ocr_carea' id='block_1_97' title="bbox 2304 3794 3514 3879">
    <p class='ocr_par' dir='ltr' id='par_1_97' title="bbox 2304 3794 3514 3879">
     <span class='ocr_line' id='line_1_97' title="bbox 2304 3794 3514 3879; baseline 0.015 -35"><span class='ocrx_word' id='word_1_699' title='bbox 2304 3794 2497 3856; x_wconf 81' lang='grc' dir='ltr'>αὐτοὺς</span> <span class='ocrx_word' id='word_1_700' title='bbox 2520 3794 2652 3862; x_wconf 82' lang='grc' dir='ltr'>ὁμοῦ</span> <span class='ocrx_word' id='word_1_701' title='bbox 2681 3798 2982 3860; x_wconf 83' lang='grc' dir='ltr'>συσκευάς</span> <span class='ocrx_word' id='word_1_702' title='bbox 3012 3815 3028 3828; x_wconf 78' lang='grc' dir='ltr'><strong>ο</strong></span> <span class='ocrx_word' id='word_1_703' title='bbox 3061 3801 3186 3853; x_wconf 62' lang='grc' dir='ltr'><strong>καὶ</strong></span> <span class='ocrx_word' id='word_1_704' title='bbox 3231 3805 3338 3876; x_wconf 74' lang='grc' dir='ltr'>μὴ</span> <span class='ocrx_word' id='word_1_705' title='bbox 3388 3809 3514 3879; x_wconf 54' lang='grc' dir='ltr'><strong>μὲν</strong></span> 
     </span>
    </p>
   </div>
   <div class='ocr_carea' id='block_1_98' title="bbox 2302 3881 3472 3968">
    <p class='ocr_par' dir='ltr' id='par_1_98' title="bbox 2302 3881 3472 3968">
     <span class='ocr_line' id='line_1_98' title="bbox 2302 3881 3472 3968; baseline 0.016 -36"><span class='ocrx_word' id='word_1_706' title='bbox 2302 3881 2435 3934; x_wconf 83' lang='grc' dir='ltr'>ἀλλὰ</span> <span class='ocrx_word' id='word_1_707' title='bbox 2467 3883 2557 3934; x_wconf 76' lang='grc' dir='ltr'><strong>καὶ</strong></span> <span class='ocrx_word' id='word_1_708' title='bbox 2591 3886 3113 3954; x_wconf 74' lang='grc' dir='ltr'>περιεργάζεσθαι</span> <span class='ocrx_word' id='word_1_709' title='bbox 3156 3908 3291 3959; x_wconf 76' lang='grc' dir='ltr'><strong>μου</strong></span> <span class='ocrx_word' id='word_1_710' title='bbox 3332 3897 3472 3968; x_wconf 79' lang='grc' dir='ltr'><strong>τὴν</strong></span> 
     </span>
    </p>
   </div>
   <div class='ocr_carea' id='block_1_99' title="bbox 2301 3970 3514 4046">
    <p class='ocr_par' dir='ltr' id='par_1_99' title="bbox 2301 3970 3514 4046">
     <span class='ocr_line' id='line_1_99' title="bbox 2301 3970 3514 4046; baseline 0.017 -26"><span class='ocrx_word' id='word_1_711' title='bbox 2301 3971 2396 4039; x_wconf 81' lang='grc' dir='ltr'><strong>τὴν</strong></span> <span class='ocrx_word' id='word_1_712' title='bbox 2421 3970 2512 4022; x_wconf 85' lang='grc' dir='ltr'><strong>τοῦ</strong></span> <span class='ocrx_word' id='word_1_713' title='bbox 2548 3971 2674 4040; x_wconf 32' lang='grc' dir='ltr'>βίου,</span> <span class='ocrx_word' id='word_1_714' title='bbox 2704 3976 2999 4044; x_wconf 77' lang='grc' dir='ltr'>πορείαν,</span> <span class='ocrx_word' id='word_1_715' title='bbox 3047 3978 3115 4028; x_wconf 78' lang='grc' dir='ltr'>εἴ</span> <span class='ocrx_word' id='word_1_716' title='bbox 3155 3998 3321 4046; x_wconf 83' lang='grc' dir='ltr'>πως</span> <span class='ocrx_word' id='word_1_717' title='bbox 3363 3989 3514 4040; x_wconf 74' lang='grc' dir='ltr'>σκεῖ</span> 
     </span>
    </p>
   </div>
   <div class='ocr_carea' id='block_1_100' title="bbox 2303 4063 3512 4147">
    <p class='ocr_par' dir='ltr' id='par_1_100' title="bbox 2303 4063 3512 4147">
     <span class='ocr_line' id='line_1_100' title="bbox 2303 4063 3512 4147; baseline 0.001 -34"><span class='ocrx_word' id='word_1_718' title='bbox 2303 4063 2618 4116; x_wconf 77' lang='grc' dir='ltr'>καταϐαλεῖν</span> <span class='ocrx_word' id='word_1_719' title='bbox 2650 4082 2737 4134; x_wconf 87' lang='grc' dir='ltr'>με.</span> <span class='ocrx_word' id='word_1_720' title='bbox 2772 4067 2910 4118; x_wconf 69' lang='grc' dir='ltr'>Καὶ</span> <span class='ocrx_word' id='word_1_721' title='bbox 2941 4067 3034 4120; x_wconf 84' lang='grc' dir='ltr'><strong>τὰ</strong></span> <span class='ocrx_word' id='word_1_722' title='bbox 3073 4069 3244 4142; x_wconf 77' lang='grc' dir='ltr'>ἴχνη</span> <span class='ocrx_word' id='word_1_723' title='bbox 3277 4074 3359 4128; x_wconf 75' lang='grc' dir='ltr'><strong>δέ</strong></span> <span class='ocrx_word' id='word_1_724' title='bbox 3402 4095 3512 4147; x_wconf 67' lang='grc' dir='ltr'><strong>μσς</strong></span> 
     </span>
    </p>
   </div>
   <div class='ocr_carea' id='block_1_101' title="bbox 2303 4153 3512 4224">
    <p class='ocr_par' dir='ltr' id='par_1_101' title="bbox 2303 4153 3512 4224">
     <span class='ocr_line' id='line_1_101' title="bbox 2303 4153 3512 4224; baseline 0.014 -21"><span class='ocrx_word' id='word_1_725' title='bbox 2303 4153 2367 4205; x_wconf 86' lang='grc' dir='ltr'><strong>ἂν</strong></span> <span class='ocrx_word' id='word_1_726' title='bbox 2408 4153 2692 4223; x_wconf 80' lang='grc' dir='ltr'>βαδίζοιμι,</span> <span class='ocrx_word' id='word_1_727' title='bbox 2727 4157 2837 4209; x_wconf 74' lang='grc' dir='ltr'>καὶ</span> <span class='ocrx_word' id='word_1_728' title='bbox 2890 4159 2977 4210; x_wconf 79' lang='grc' dir='ltr'>ἵν’</span> <span class='ocrx_word' id='word_1_729' title='bbox 3021 4160 3225 4224; x_wconf 79' lang='grc' dir='ltr'>ὅπως</span> <span class='ocrx_word' id='word_1_730' title='bbox 3287 4167 3512 4221; x_wconf 72' lang='grc' dir='ltr'>ὲπιλὰ</span> 
     </span>
    </p>
   </div>
   <div class='ocr_carea' id='block_1_102' title="bbox 2305 4237 3477 4316">
    <p class='ocr_par' dir='ltr' id='par_1_102' title="bbox 2305 4237 3477 4316">
     <span class='ocr_line' id='line_1_102' title="bbox 2305 4237 3477 4316; baseline 0.018 -24"><span class='ocrx_word' id='word_1_731' title='bbox 2305 4243 2398 4310; x_wconf 79' lang='grc' dir='ltr'><strong>μὲν</strong></span> <span class='ocrx_word' id='word_1_732' title='bbox 2427 4237 2516 4294; x_wconf 81' lang='grc' dir='ltr'>οὖν</span> <span class='ocrx_word' id='word_1_733' title='bbox 2544 4245 2594 4294; x_wconf 91' lang='grc' dir='ltr'>οἱ</span> <span class='ocrx_word' id='word_1_734' title='bbox 2625 4244 2810 4314; x_wconf 78' lang='grc' dir='ltr'>μάτην</span> <span class='ocrx_word' id='word_1_735' title='bbox 2853 4247 3252 4316; x_wconf 76' lang='grc' dir='ltr'>διώκοντες</span> <span class='ocrx_word' id='word_1_736' title='bbox 3293 4264 3477 4312; x_wconf 73' lang='grc' dir='ltr'>κατ’</span> 
     </span>
    </p>
   </div>
   <div class='ocr_carea' id='block_1_103' title="bbox 2301 4330 3506 4418">
    <p class='ocr_par' dir='ltr' id='par_1_103' title="bbox 2301 4330 3506 4418">
     <span class='ocr_line' id='line_1_103' title="bbox 2301 4330 3506 4418; baseline 0.017 -37"><span class='ocrx_word' id='word_1_737' title='bbox 2301 4330 2376 4392; x_wconf 85' lang='grc' dir='ltr'><strong>δὲ,</strong></span> <span class='ocrx_word' id='word_1_738' title='bbox 2426 4331 2614 4402; x_wconf 87' lang='grc' dir='ltr'>Κύριε,</span> <span class='ocrx_word' id='word_1_739' title='bbox 2647 4335 2679 4402; x_wconf 82' lang='grc' dir='ltr'>ἡ</span> <span class='ocrx_word' id='word_1_740' title='bbox 2711 4335 2840 4405; x_wconf 77' lang='grc' dir='ltr'>ἐμὴ</span> <span class='ocrx_word' id='word_1_741' title='bbox 2880 4338 3127 4405; x_wconf 68' lang='grc' dir='ltr'>ἐλπὶς,</span> <span class='ocrx_word' id='word_1_742' title='bbox 3173 4345 3324 4413; x_wconf 66' lang='grc' dir='ltr'>ἐμὲ,</span> <span class='ocrx_word' id='word_1_743' title='bbox 3377 4352 3506 4418; x_wconf 47' lang='grc' dir='ltr'><strong>μὲν</strong></span> 
     </span>
    </p>
   </div>
   <div class='ocr_carea' id='block_1_104' title="bbox 2307 4421 3506 4508">
    <p class='ocr_par' dir='ltr' id='par_1_104' title="bbox 2307 4421 3506 4508">
     <span class='ocr_line' id='line_1_104' title="bbox 2307 4421 3506 4508; baseline 0.019 -39"><span class='ocrx_word' id='word_1_744' title='bbox 2307 4421 2567 4488; x_wconf 84' lang='grc' dir='ltr'>συσκευῆς</span> <span class='ocrx_word' id='word_1_745' title='bbox 2623 4423 2820 4491; x_wconf 77' lang='grc' dir='ltr'>ῥῦσαι,</span> <span class='ocrx_word' id='word_1_746' title='bbox 2890 4429 3173 4494; x_wconf 72' lang='grc' dir='ltr'>αὐτοὺς</span> <span class='ocrx_word' id='word_1_747' title='bbox 3250 4435 3338 4487; x_wconf 76' lang='grc' dir='ltr'><strong>δὲ</strong></span> <span class='ocrx_word' id='word_1_748' title='bbox 3422 4457 3506 4508; x_wconf 82' lang='grc' dir='ltr'><strong>με</strong></span> 
     </span>
    </p>
   </div>
   <div class='ocr_carea' id='block_1_105' title="bbox 2237 4478 3506 4594">
    <p class='ocr_par' dir='ltr' id='par_1_105' title="bbox 2237 4478 3506 4594">
     <span class='ocr_line' id='line_1_105' title="bbox 2237 4478 3506 4594; baseline 0.018 -40"><span class='ocrx_word' id='word_1_749' title='bbox 2237 4478 2282 4536; x_wconf 76' lang='lat' dir='ltr'><strong>D</strong></span> <span class='ocrx_word' id='word_1_750' title='bbox 2303 4508 2457 4576; x_wconf 79' lang='grc' dir='ltr'>ὀργῇ,</span> <span class='ocrx_word' id='word_1_751' title='bbox 2490 4478 2759 4562; x_wconf 62' lang='grc' dir='ltr'>κατέϐαλε</span> <span class='ocrx_word' id='word_1_752' title='bbox 2959 4478 2970 4479; x_wconf 19' lang='lat'><em>7</em></span> 
     </span>
    </p>
   </div>
   <div class='ocr_carea' id='block_1_106' title="bbox 2305 4595 3492 4673">
    <p class='ocr_par' dir='ltr' id='par_1_106' title="bbox 2305 4595 3492 4673">
     <span class='ocr_line' id='line_1_106' title="bbox 2305 4595 3492 4673; baseline 0.019 -28"><span class='ocrx_word' id='word_1_753' title='bbox 2305 4595 2492 4664; x_wconf 80' lang='grc' dir='ltr'>σύνης’</span> <span class='ocrx_word' id='word_1_754' title='bbox 2541 4599 2695 4652; x_wconf 83' lang='grc' dir='ltr'>τοῦτο</span> <span class='ocrx_word' id='word_1_755' title='bbox 2727 4602 2868 4672; x_wconf 80' lang='grc' dir='ltr'>γὰρ</span> <span class='ocrx_word' id='word_1_756' title='bbox 2930 4607 3207 4673; x_wconf 77' lang='grc' dir='ltr'>αὐτοῖς</span> <span class='ocrx_word' id='word_1_757' title='bbox 3294 4630 3492 4667; x_wconf 84' lang='grc' dir='ltr'>συνο</span> 
     </span>
    </p>
   </div>
   <div class='ocr_carea' id='block_1_107' title="bbox 2304 4685 3486 4773">
    <p class='ocr_par' dir='ltr' id='par_1_107' title="bbox 2304 4685 3486 4773">
     <span class='ocr_line' id='line_1_107' title="bbox 2304 4685 3486 4773; baseline 0.018 -39"><span class='ocrx_word' id='word_1_758' title='bbox 2304 4685 2394 4737; x_wconf 78' lang='grc' dir='ltr'><strong>καὶ</strong></span> <span class='ocrx_word' id='word_1_759' title='bbox 2427 4686 2811 4756; x_wconf 74' lang='grc' dir='ltr'>ἐπαιρόμενοι,</span> <span class='ocrx_word' id='word_1_760' title='bbox 2859 4695 2984 4746; x_wconf 73' lang='grc' dir='ltr'><strong>ἐπ’</strong></span> <span class='ocrx_word' id='word_1_761' title='bbox 3025 4696 3342 4770; x_wconf 71' lang='grc' dir='ltr'>ὀλέθριρ</span> <span class='ocrx_word' id='word_1_762' title='bbox 3382 4705 3486 4773; x_wconf 55' lang='lat' dir='ltr'><strong>te“;</strong></span> 
     </span>
    </p>
   </div>
   <div class='ocr_carea' id='block_1_108' title="bbox 2303 4774 3470 4853">
    <p class='ocr_par' dir='ltr' id='par_1_108' title="bbox 2303 4774 3470 4853">
     <span class='ocr_line' id='line_1_108' title="bbox 2303 4774 3470 4853; baseline 0.018 -32"><span class='ocrx_word' id='word_1_763' title='bbox 2303 4788 2389 4822; x_wconf 92' lang='grc' dir='ltr'><strong>τον</strong></span> <span class='ocrx_word' id='word_1_764' title='bbox 2408 4788 2420 4800; x_wconf 70' lang='grc' dir='ltr'>σ</span> <span class='ocrx_word' id='word_1_765' title='bbox 2437 4775 2466 4823; x_wconf 83' lang='grc' dir='ltr'><strong>ό</strong></span> <span class='ocrx_word' id='word_1_766' title='bbox 2483 4774 2586 4842; x_wconf 84' lang='grc' dir='ltr'>γὰρ</span> <span class='ocrx_word' id='word_1_767' title='bbox 2619 4777 2762 4842; x_wconf 80' lang='grc' dir='ltr'>Θεὸς</span> <span class='ocrx_word' id='word_1_768' title='bbox 2787 4782 3403 4853; x_wconf 58' lang='grc' dir='ltr'><strong>ὑπερηφάνοις</strong></span> <span class='ocrx_word' id='word_1_769' title='bbox 3428 4793 3470 4842; x_wconf 74' lang='lat' dir='ltr'><strong>c’</strong></span> 
     </span>
    </p>
   </div>
   <div class='ocr_carea' id='block_1_109' title="bbox 2303 4859 3444 4941">
    <p class='ocr_par' dir='ltr' id='par_1_109' title="bbox 2303 4859 3444 4941">
     <span class='ocr_line' id='line_1_109' title="bbox 2303 4859 3444 4941; baseline 0.019 -32"><span class='ocrx_word' id='word_1_770' title='bbox 2303 4859 2731 4922; x_wconf 75' lang='grc' dir='ltr'><strong>νοῖςδὲδίδωσι</strong></span> <span class='ocrx_word' id='word_1_771' title='bbox 2755 4871 3059 4940; x_wconf 72' lang='grc' dir='ltr'><strong>χάρινο</strong></span> <span class='ocrx_word' id='word_1_772' title='bbox 3145 4877 3302 4941; x_wconf 82' lang='grc' dir='ltr'>διὸ,</span> <span class='ocrx_word' id='word_1_773' title='bbox 3391 4884 3444 4933; x_wconf 60' lang='lat' dir='ltr'><strong>is</strong></span> 
     </span>
    </p>
   </div>
   <div class='ocr_carea' id='block_1_110' title="bbox 2303 4952 3424 5038">
    <p class='ocr_par' dir='ltr' id='par_1_110' title="bbox 2303 4952 3424 5038">
     <span class='ocr_line' id='line_1_110' title="bbox 2303 4952 3424 5038; baseline 0.024 -40"><span class='ocrx_word' id='word_1_774' title='bbox 2303 4952 2757 5024; x_wconf 73' lang='grc' dir='ltr'>ἐπανισταμένους</span> <span class='ocrx_word' id='word_1_775' title='bbox 2804 4981 2937 5032; x_wconf 81' lang='grc' dir='ltr'><strong>μοι</strong></span> <span class='ocrx_word' id='word_1_776' title='bbox 2964 4968 3384 5038; x_wconf 80' lang='grc' dir='ltr'>κατάγαγε</span> <span class='ocrx_word' id='word_1_777' title='bbox 3421 4992 3424 5000; x_wconf 63' lang='grc' dir='ltr'><strong>λ</strong></span> 
     </span>
    </p>
   </div>
   <div class='ocr_carea' id='block_1_111' title="bbox 2303 5043 3407 5131">
    <p class='ocr_par' dir='ltr' id='par_1_111' title="bbox 2303 5043 3407 5131">
     <span class='ocr_line' id='line_1_111' title="bbox 2303 5043 3407 5131; baseline 0.019 -42"><span class='ocrx_word' id='word_1_778' title='bbox 2303 5043 2729 5100; x_wconf 75' lang='grc' dir='ltr'>καταϐίϐασον·</span> <span class='ocrx_word' id='word_1_779' title='bbox 2785 5054 2900 5117; x_wconf 81' lang='grc' dir='ltr'>ὡς</span> <span class='ocrx_word' id='word_1_780' title='bbox 2973 5057 3102 5122; x_wconf 80' lang='grc' dir='ltr'><strong>ἂν,</strong></span> <span class='ocrx_word' id='word_1_781' title='bbox 3183 5061 3407 5131; x_wconf 79' lang='grc' dir='ltr'>μέτρι</span> 
     </span>
    </p>
   </div>
   <div class='ocr_carea' id='block_1_112' title="bbox 2301 5131 3390 5215">
    <p class='ocr_par' dir='ltr' id='par_1_112' title="bbox 2301 5131 3390 5215">
     <span class='ocr_line' id='line_1_112' title="bbox 2301 5131 3390 5215; baseline 0.024 -35"><span class='ocrx_word' id='word_1_782' title='bbox 2301 5131 2392 5182; x_wconf 74' lang='grc' dir='ltr'>καὶ</span> <span class='ocrx_word' id='word_1_783' title='bbox 2418 5139 2652 5192; x_wconf 85' lang='grc' dir='ltr'>ταπεινὰ</span> <span class='ocrx_word' id='word_1_784' title='bbox 2685 5148 3169 5215; x_wconf 76' lang='grc' dir='ltr'>φρονοῦντες,</span> <span class='ocrx_word' id='word_1_785' title='bbox 3229 5152 3331 5204; x_wconf 71' lang='grc' dir='ltr'><strong>τὰ</strong></span> <span class='ocrx_word' id='word_1_786' title='bbox 3387 5173 3390 5187; x_wconf 75' lang='grc' dir='ltr'><strong>ι</strong></span> 
     </span>
    </p>
   </div>
   <div class='ocr_carea' id='block_1_113' title="bbox 2375 5243 3368 5338">
    <p class='ocr_par' dir='ltr' id='par_1_113' title="bbox 2375 5243 3368 5338">
     <span class='ocr_line' id='line_1_113' title="bbox 2375 5243 3368 5338; baseline 0.009 -27"><span class='ocrx_word' id='word_1_787' title='bbox 2375 5243 2492 5338; x_wconf 60' lang='grc' dir='ltr'><strong>Τὴν</strong></span> <span class='ocrx_word' id='word_1_788' title='bbox 2517 5247 2670 5317; x_wconf 72' lang='grc' dir='ltr'><strong>ζωήν</strong></span> <span class='ocrx_word' id='word_1_789' title='bbox 2696 5275 2844 5325; x_wconf 85' lang='grc' dir='ltr'><strong>μου</strong></span> <span class='ocrx_word' id='word_1_790' title='bbox 2893 5264 3368 5338; x_wconf 70' lang='grc' dir='ltr'><strong>ὲξήγ-γειλά</strong></span> 
     </span>
    </p>
   </div>
   <div class='ocr_carea' id='block_1_114' title="bbox 2295 5335 3341 5425">
    <p class='ocr_par' dir='ltr' id='par_1_114' title="bbox 2295 5335 3341 5425">
     <span class='ocr_line' id='line_1_114' title="bbox 2295 5335 3341 5425; baseline 0.023 -37"><span class='ocrx_word' id='word_1_791' title='bbox 2295 5349 2412 5425; x_wconf 64' lang='grc' dir='ltr'><strong>μου</strong></span> <span class='ocrx_word' id='word_1_792' title='bbox 2441 5335 2703 5398; x_wconf 73' lang='grc' dir='ltr'>ἐνώπιόν</span> <span class='ocrx_word' id='word_1_793' title='bbox 2745 5368 2941 5410; x_wconf 84' lang='grc' dir='ltr'>σου·</span> <span class='ocrx_word' id='word_1_794' title='bbox 3018 5335 3144 5425; x_wconf 18' lang='grc' dir='ltr'><strong>ὡς*</strong></span> <span class='ocrx_word' id='word_1_795' title='bbox 3193 5359 3341 5414; x_wconf 82' lang='grc' dir='ltr'><strong>καὶ</strong></span> 
     </span>
    </p>
   </div>
   <div class='ocr_carea' id='block_1_115' title="bbox 2299 5422 3348 5523">
    <p class='ocr_par' dir='ltr' id='par_1_115' title="bbox 2299 5422 3348 5523">
     <span class='ocr_line' id='line_1_115' title="bbox 2299 5422 3348 5523; baseline 0.051 -55"><span class='ocrx_word' id='word_1_796' title='bbox 2299 5422 2798 5523; x_wconf 45' lang='grc' dir='ltr'>ἐπιστρέφουσιν·</span> <span class='ocrx_word' id='word_1_797' title='bbox 2844 5453 2924 5503; x_wconf 78' lang='grc' dir='ltr'><strong>οἱ</strong></span> <span class='ocrx_word' id='word_1_798' title='bbox 2971 5422 3268 5522; x_wconf 63' lang='grc' dir='ltr'><strong>ἑχὸροί</strong></span> <span class='ocrx_word' id='word_1_799' title='bbox 3323 5472 3348 5523; x_wconf 85' lang='lat' dir='ltr'><strong>.l</strong></span> 
     </span>
    </p>
   </div>
   <div class='ocr_carea' id='block_1_116' title="bbox 2301 5511 3336 5614">
    <p class='ocr_par' dir='ltr' id='par_1_116' title="bbox 2301 5511 3336 5614">
     <span class='ocr_line' id='line_1_116' title="bbox 2301 5511 3336 5614; baseline 0.041 -56"><span class='ocrx_word' id='word_1_800' title='bbox 2301 5511 2379 5562; x_wconf 67' lang='grc' dir='ltr'><strong>ἂν</strong></span> <span class='ocrx_word' id='word_1_801' title='bbox 2416 5517 2605 5588; x_wconf 73' lang='grc' dir='ltr'><strong>ἡμέρᾳ</strong></span> <span class='ocrx_word' id='word_1_802' title='bbox 2631 5511 3240 5614; x_wconf 54' lang='grc' dir='ltr'><strong>ἐπικαλέσξῃὶαἱ</strong></span> <span class='ocrx_word' id='word_1_803' title='bbox 3265 5511 3336 5598; x_wconf 57' lang='lat'><strong>0&#39;:</strong></span> 
     </span>
    </p>
   </div>
  </div>
