3812 6328
195 413 282 465 ιω

1253 399 1744 460 COMMENTARIA
1788 409 1849 461 IN
1891 404 2221 462 PSALMOS.

3202 401 3303 453 498

192 524 480 591 σαφέστερον
501 521 852 589 ἠρμήνευσεν,
881 521 1046 582 οὕτως
1087 519 1354 572 εἰπών·1⁷ὰ
1380 519 1560 607 ἕνδοζ
1566 539 1680 588 μου
1709 574 1712 581 ,

1815 525 1914 578 hus
1969 525 2347 589 interpretatus
2391 522 2472 570 est
2517 517 2600 570 liis
2630 517 2803 569 verbis
2841 534 2852 568 :
2895 515 3148 570 Interiora
3198 533 3307 568 mea

195 615 557 679 ἐξηρίθμησας
579 628 591 638 ·
653 610 733 662 σὺ
792 610 927 664 ἔθου
960 611 1030 664 τὰ
1055 609 1277 677 δάκρυά
1299 626 1415 677 μου
1446 611 1692 664 ἐνώπιόν

193 719 306 756 σου.
331 699 418 764 Μὴ
444 698 573 766 οὐχὶ
627 696 771 750 ὅταν
807 697 1140 765 ἐξαριθμῇς,
1171 699 1298 749 τότε
1322 697 1694 765 ἀποστραφή-

195 807 368 847 certat
398 793 446 842 ot
481 790 675 856 ἐχθροί
721 806 838 857 μου
883 791 1088 852 ὀπίσω,
1116 784 1155 858 ᾗ
1187 789 1261 841 ἂν
1292 787 1475 855 ἡμέρᾳ
1494 789 1692 840 ἐπικα-

193 881 419 946 λέσωμαι
444 896 513 931 σε
535 895 553 940 ;
600 880 662 930 Oi
688 879 786 948 μὲν
833 879 1010 948 ἐχθροί
1040 895 1157 946 μου,
1182 878 1329 946 φησὶ,
1381 877 1465 928 διὰ
1522 877 1694 944 πάσης

196 973 371 1038 ημέρας
392 966 570 1034 λόγους
596 967 723 1037 περὶ
773 967 904 1036 ἐμοῦ
936 968 1227 1028 ἀνεκίνουν,
1275 968 1365 1018 καλ⁷
1423 968 1536 1018 κατ’
1565 965 1693 1034 ἐμοῦ

196 1058 360 1119 πάντες
381 1059 424 1109 οἱ
449 1057 780 1124 διαλογισμοὶ
837 1055 1008 1108 αὐτῶν
1053 1051 1208 1124 ἦσαν·
1257 1055 1363 1123 ἐγὼ
1407 1056 1459 1106 δέ
1487 1056 1696 1116 ὁποίους

196 1147 240 1196 ἐν
262 1145 455 1214 ἐμαυτῷ
485 1145 709 1212 συνῆγον
738 1144 1024 1212 λογισμοὺς
1057 1146 1146 1195 καὶ
1169 1145 1354 1205 ὀποίας
1383 1143 1697 1212 ἐνθυμήσεις

195 1231 332 1304 εἶχον,
357 1234 413 1285 σὺ
465 1234 642 1296 αὐτὸς,
682 1234 758 1294 ώς
794 1231 1219 1301 καρδιογνώστης
1259 1231 1404 1294 Θεὸς,
1433 1228 1594 1294 οἶδας.
1621 1230 1700 1282 Τὰ

197 1326 281 1393 γὰρ
301 1325 430 1375 ἔνδον
463 1340 560 1391 μου
584 1321 954 1392 ἐξηρίθμησας
976 1321 1166 1383 πάντα,
1187 1323 1277 1374 καὶ
1295 1323 1361 1374 τὰ
1385 1323 1584 1392 κρύφιά
1603 1340 1698 1392 μου

197 1415 271 1468 καὶ
292 1414 376 1475 τὰς
396 1411 706 1481 ἐνθυμήσεις
732 1412 834 1480 τῆς
857 1410 1026 1480 ψυχῆς
1065 1428 1161 1482 μου
1187 1411 1463 1478 γινώσκεις
1479 1429 1492 1441 ·
1516 1412 1702 1482 διόπερ

196 1504 292 1555 ἔθου
311 1501 371 1553 τὰ
392 1500 592 1569 δάκρυά
625 1516 732 1568 μου
757 1499 982 1553 ἐνώπιόν
1018 1515 1130 1560 σου,
1170 1499 1258 1551 καὶ
1301 1499 1408 1550 οὐκ.
1439 1500 1704 1568 ἀπεστρά-

197 1608 280 1660 φης
306 1591 441 1643 αὐτὰ·
473 1589 581 1640 ἀλλ’
607 1587 814 1655 ὥσπερ
847 1591 902 1643 ἐν
925 1592 987 1658 τῇ
1011 1587 1302 1656 ἐπαγγελίᾳ
1335 1605 1423 1640 σου
1448 1587 1702 1657 ὑπισχνοῦ

197 1675 485 1740 λέγων-Ἔτι
533 1673 870 1739 λαλοῦντός
913 1690 1023 1726 σου
1060 1673 1186 1740 ἐρῶ·
1258 1673 1406 1727 Ἰδοὺ
1456 1673 1702 1742 πάρειμι,

198 1761 334 1824 οὕτως
357 1761 606 1813 ἀκόλουθα
630 1762 888 1831 πράττων
914 1764 1030 1824 ταῖς
1053 1764 1167 1824 σαῖς
1191 1761 1554 1829 ἐπαγγελίαις,
1569 1763 1703 1816 ἕθου

1788 611 2143 664 enumerasti:
2185 615 2236 658 tu
2277 603 2494 672 posuisti
2539 605 2794 671 lacrymas
2839 619 2977 656 meas
3035 618 3206 654 coram
3241 612 3304 653 te-

1790 703 1971 754 Annon
2001 715 2116 752 cum
2161 696 2548 757 enumeraveris,
2577 703 2694 745 tunc
2736 701 3080 745 convertentur
3117 693 3310 745 inimici

1791 793 1887 843 mei
1918 800 2218 850 retrorsum,
2253 788 2309 838 in
2346 800 2641 854 quacunque
2665 784 2746 836 die
2779 785 3075 836 invocavero
3099 785 3184 837 te?
3225 781 3310 836 ln-

1792 879 1933 932 imici
1963 878 2174 947 quidem
2209 877 2332 938 mei,
2366 874 2558 943 inquit,
2588 881 2698 926 tota
2729 873 2814 926 die
2835 887 3109 926 sermones
3139 871 3204 925 de
3229 887 3311 924 me

1793 971 2096 1032 movebant,
2122 977 2175 1023 et
2199 975 2384 1021 contra
2423 979 2504 1017 me
2531 963 2884 1032 cogitationes
2919 977 3100 1016 eorum
3125 971 3309 1025 erant;

1793 1075 1888 1130 ego
1910 1075 2036 1113 vero
2061 1059 2237 1126 qualia
2259 1058 2310 1110 in
2343 1073 2426 1110 me
2457 1056 2734 1108 ratiocinia
2763 1054 3087 1123 collegerim,
3111 1063 3160 1106 et
3182 1067 3315 1122 qua-

1793 1149 1871 1203 les
1907 1149 2255 1216 cogitationes
2285 1146 2579 1207 habuerim,
2616 1152 2692 1207 tu,
2730 1152 2908 1212 utpote
2942 1144 3180 1198 cordium
3225 1158 3325 1210 co—,

1797 1241 1973 1307 gnitor
2017 1237 2176 1300 Deus,
2211 1236 2372 1288 nosti.
2402 1234 2531 1286 Nam
2578 1249 2695 1302 quae
2750 1235 2883 1286 intra
2915 1248 2996 1286 me
3030 1241 3154 1286 sunt
3183 1247 3315 1285 enu-

1795 1326 2014 1379 merasti
2043 1325 2240 1385 omnia,
2272 1331 2325 1376 et
2350 1323 2556 1376 occulta
2580 1336 2694 1375 mea
2724 1321 3176 1390 cogitationesque
3200 1320 3316 1372 ani-

1797 1429 1896 1468 ma:
1922 1428 2051 1468 meae
2078 1415 2354 1482 cognoscis
2388 1431 2400 1466 :
2427 1411 2766 1480 quamobrem
2806 1409 3027 1478 posuisti
3059 1411 3316 1478 lacrymas

1798 1517 1944 1557 meas
1976 1503 2028 1554 in
2054 1508 2344 1568 conspectu
2372 1507 2484 1561 tuo,
2519 1514 2618 1552 nec
2664 1503 2938 1551 aversatus
2979 1511 3070 1550 eas
3097 1511 3189 1560 es;
3225 1495 3316 1549 sed

1800 1595 1931 1647 sicut
1973 1600 2037 1647 et
2075 1592 2130 1644 in
2177 1591 2532 1659 promissione
2562 1600 2648 1642 tua
2689 1588 2962 1657 professus
2983 1602 3060 1650 es,
3091 1587 3271 1640 dicens
3301 1601 3316 1635 :

1801 1683 2056 1734 Adhuc‘te
2088 1681 2318 1749 loquente
2350 1679 2519 1731 dicam
2556 1694 2572 1730 :
2614 1677 2742 1730 Ecce
2786 1677 2967 1729 adsum
2993 1676 3064 1740 ‘7;
3093 1675 3171 1729 sic
3194 1688 3321 1728 con-

1804 1775 2084 1836 sequenter
2112 1767 2176 1820 ad
2205 1766 2467 1834 promissa
2502 1773 2611 1824 tua,
2637 1765 2852 1833 posuisti
2895 1763 3152 1832 lncrymas
3183 1777 3321 1816 meas

198 1854 254 1904 τὰ
269 1851 470 1918 δάκρυά
510 1869 626 1920 μου
677 1851 938 1904 ἐνώπιόν
989 1867 1122 1904 σου.
1156 1853 1260 1903 Καὶ
1311 1852 1448 1904 κατὰ
1472 1853 1568 1922 τὴν
1594 1852 1700 1904 τών

1814 1858 1853 1907 En
1887 1863 2156 1922 conspectu
2217 1863 2320 1908 tuo.
2377 1851 2453 1906 Ac
2501 1851 2792 1906 secundum
2837 1851 3320 1920 interpretationem

207 1938 556 2008 Ἐὕδομήκοντα
602 1938 659 1990 δέ
690 1937 1008 2007 ἑρμηνείαν,
1039 1935 1154 2002 Τὴν
1179 1936 1326 2001 ζωήν
1345 1955 1480 2005 μου,
1518 1938 1713 2006 φησὶν,

199 2026 465 2094 ἐξήγγειλά
514 2043 629 2089 σοι,
686 2027 764 2088 ὡς
815 2026 880 2079 ἂν
942 2025 1238 2094 παρρησίαν
1294 2025 1435 2092 ἄγων
1493 2027 1581 2077 καὶ
1628 2025 1700 2095 μὴ

201 2117 598 2186 ἑπαισχυνόμενος
622 2116 714 2167 ἐπὶ
737 2117 811 2184 τῇ
835 2113 1066 2183 ἐμαυτοῦ
1094 2113 1224 2182 ζωῇ.
1259 2112 1328 2164 Σύ
1369 2130 1426 2165 τε
1445 2113 1698 2181 ἀποδεχό-

202 2207 332 2274 μενος
355 2223 441 2274 μου
468 2207 558 2276 τὴν
583 2205 750 2275 ζωὴν,
808 2204 876 2256 τὰ
907 2203 1112 2272 δάκρυά
1144 2220 1241 2272 μου
1271 2203 1367 2254 οὐκ
1415 2202 1699 2264 ἀπεσείσω,

201 2294 314 2346 ἀλλὰ
335 2293 426 2364 πρὸ
449 2294 544 2346 τῶν
571 2295 678 2346 σῶν
701 2291 996 2361 ὀφθαλμῶν
1029 2291 1146 2344 ἔθου
1174 2292 1326 2354 αὐτὰ,
1359 2291 1702 2359 πιστούμενος

201 2383 282 2445 τὰς
301 2383 385 2444 σὰς
405 2383 733 2451 ἐπαγγελίας.
753 2381 850 2433 Διὸ
873 2379 1192 2441 συνέϐαινεν,
1219 2379 1346 2448 ἐμοῦ
1369 2379 1706 2445 είσακουομέ-

203 2487 296 2534 νου,
325 2473 432 2533 τοὺς
475 2471 691 2542 ἐχθρούς
761 2485 864 2538 μου
900 2469 977 2529 εἰς
1004 2467 1071 2518 τὰ
1121 2468 1288 2519 ὀπίσω
1337 2470 1543 2536 χωρεῖν·
1587 2465 1705 2518 ὅθεν

207 2557 337 2626 φημί·
370 2554 505 2628 ἐνῇ
535 2557 609 2610 ἀν
645 2554 843 2623 ἡμέρᾳ
869 2553 1298 2620 ἐπικαλέσωμαί
1321 2568 1412 2615 σε,
1445 2553 1708 2619 ἐπιστρέ-

209 2647 456 2709 ψωσινοί
477 2647 670 2713 ἐχθροί
691 2661 819 2712 μου
869 2644 953 2706 εὶς
978 2641 1047 2694 τὰ
1084 2642 1287 2694 ὀπίσω·
1323 2641 1460 2693 κατὰ
1505 2641 1560 2693 δέ
1615 2642 1706 2693 τὸν

207 2733 466 2802 Σύμμαχον·
502 2733 595 2799 Μὴ
634 2731 774 2800 οὐχὶ
814 2730 977 2790 ὅταν,
1007 2731 1185 2798 φησὶν,
1218 2728 1551 2797 ἐξαριθμῇς,
1581 2730 1708 2782 τότε

206 2820 720 2888 ἀποστραρήσονται
748 2821 805 2870 οὶ
832 2817 1028 2884 εχθοοί
1062 2832 1177 2883 μου
1211 2816 1429 2875 ὀπίσω,
1467 2815 1708 2867 Ἐπειδὰν

209 2907 489 2978 φυλοκρινῶν
506 2907 844 2976 διακαθάρῃς
859 2905 1121 2973 ἀφορίζων
1134 2904 1254 2965 τοὺς
1276 2903 1495 2955 σεαυτοῦ
1513 2903 1706 2968 ἀξίους,

209 2996 282 3047 καὶ
307 2998 632 3069 ἐξαρίθμησιν
675 2994 996 3062 ποιούμενος
1046 2991 1149 3044 τῶν
1188 2992 1478 3060 μελλόντων
1529 2995 1605 3054 είς
1646 2991 1712 3043 τὰ

209 3080 324 3145 δεξιὰ
371 3085 622 3147 ῖστασθαι,
680 3083 779 3135 καὶ
809 3079 914 3132 τῶν
970 3080 1044 3140 εἰς
1089 3078 1344 3148 ἀριστερά
1385 3078 1711 3147 χωρούντων»

1801 1943 1936 1997 LXX
1961 1983 1976 2006 ,
2021 1943 2192 1995 Vitam
2220 1959 2413 2006 meam,
2440 1942 2632 2010 inquit,
2659 1941 2964 1994 annuntiavi
2999 1940 3107 2000 tibi,
3142 1945 3325 2008 utpote

1803 2033 1892 2102 qui
1922 2047 2042 2086 cum
2078 2031 2264 2086 ﬁducia
2285 2046 2515 2100 agerem,
2550 2045 2649 2084 nec
2681 2030 2747 2083 de
2766 2031 2874 2083 vita
2910 2043 3026 2082 mea
3045 2030 3325 2083 erubesce-

1804 2136 1938 2174 rem.
1971 2119 2051 2172 Tu
2082 2134 2204 2173 vero
2233 2134 2354 2172 cum
2386 2118 2549 2170 vitam
2579 2119 2905 2187 approbares
2931 2134 3124 2182 meam,
3155 2119 3324 2187 lacry-

1805 2224 1920 2263 mas
1974 2223 2120 2261 meas
2169 2223 2275 2260 non
2323 2207 2585 2276 repulisti,
2618 2207 2710 2260 sed
2760 2207 2830 2261 ob
2873 2207 3056 2260 oculos
3100 2207 3325 2276 posuisti

1805 2305 1945 2358 tuos,
1981 2297 2058 2351 sic
2091 2297 2368 2365 promissis
2417 2297 2522 2348 tuis
2575 2296 2728 2349 fidem
2779 2295 3090 2348 concilians.
3153 2294 3327 2360 Quare

1807 2386 2048 2454 contigit,
2079 2400 2201 2438 cum
2231 2385 2510 2439 exauditus
2555 2399 2748 2449 essem,
2777 2384 3023 2437 inimicos
3069 2399 3216 2438 meos
3243 2399 3327 2438 re-

1809 2481 1892 2524 tro
1922 2470 2108 2524 cederé
2133 2489 2150 2537 ;
2182 2471 2300 2524 ideo
2327 2472 2447 2524 dico
2479 2490 2493 2525 :
2521 2471 2584 2524 In
2605 2487 2899 2539 quacunque
2925 2471 3006 2524 die
3034 2473 3327 2525 invocavera

1811 2571 1875 2622 te,
1931 2570 2282 2614 convertentur
2315 2562 2510 2614 inimici
2555 2564 2652 2614 mei
2687 2573 2995 2623 retrorsum;
3038 2563 3328 2616 secundum

1813 2649 2184 2720 Symmachum
2202 2666 2326 2704 vero
2354 2671 2366 2704 :
2391 2648 2572 2703 Annon
2593 2667 2706 2703 cum
2725 2653 3116 2710 enumeraveris.
3138 2651 3327 2719 inquit,

1811 2751 2161 2793 convertentur
2179 2742 2376 2794 mimici
2403 2742 2499 2792 mei
2527 2743 2848 2794 retrorsum?
2875 2740 3005 2794 Cum
3031 2755 3121 2808 per
3149 2741 3332 2809 singu-

1812 2830 1892 2882 las
1923 2829 2092 2883 tribus
2121 2845 2427 2891 secernens,
2451 2843 2544 2882 eos
2573 2829 2663 2896 qui
2693 2836 2744 2881 te
2773 2829 2918 2896 digni
2967 2835 3090 2881 sunt
3134 2829 3333 2898 selege-

1814 2919 1910 2980 ris,
1929 2925 1983 2972 et
2006 2918 2406 2972 enumeraveris
2433 2931 2525 2969 eos
2553 2917 2641 2984 qui
2661 2917 2724 2968 ad
2750 2917 3019 2970 dexteram
3042 2915 3330 2977 statuendi,

1815 3015 1867 3061 et
1893 3021 1986 3060 eos
2019 3008 2108 3074 qui
2139 3007 2203 3060 ad
2235 3007 2507 3061 sinistram
2554 3005 2822 3060 recessuri
2873 3015 3017 3068 sunt,
3041 3015 3180 3067 tunc,
3211 3019 3331 3057 cum

1816 3097 1975 3151 talem
2019 3097 2474 3151 enumerationem
2513 3096 2710 3158 facies,
2757 3103 3107 3148 convertentur
3143 3093 3334 3146 inimici

208 3172 339 3241 τότε,
393 3177 444 3227 ἐν
497 3174 571 3243 τῷ
629 3173 688 3224 σέ
741 3171 844 3238 τὴν
887 3167 1230 3238 ἐξαρίθμησιν
1289 3167 1481 3236 ταύτην
1551 3169 1712 3219 ποιεῖ-

1814 3188 1912 3239 mei
1945 3195 2250 3240 retrorsum.

210 3261 336 3327 σθαι,
381 3261 939 3330 ἀποστραφήσονται
993 3260 1044 3310 οἱ
1102 3257 1296 3324 ἐχθροί
1344 3273 1458 3324 μου
1511 3259 1594 3321 είς
1641 3256 1709 3310 τὰ

209 3347 382 3403 ὀπίσω.

273 3460 395 3514 Ἰδοὺ
421 3462 625 3531 ἔγνων,
655 3461 744 3513 ὅτι
773 3461 915 3522 Θεός
939 3459 1040 3526 μοί
1071 3456 1254 3509 ἐστιν.
1315 3456 1440 3510 Ἐπὶ
1490 3456 1567 3521 τῷ
1595 3457 1713 3522 Θεῷ

208 3551 388 3603 αἰνέσω
405 3552 582 3619 ῥῆμα,
607 3552 707 3603 ἐπὶ
747 3549 829 3613 τῷ
871 3549 1060 3614 Κυρίῳ
1096 3545 1308 3599 αίνέσω
1363 3549 1560 3614 λόγον·
1616 3549 1712 3600 ἐπὶ

209 3636 270 3700 τῷ
289 3641 460 3706 Kvpltp
494 3641 747 3707 ἤλπισα,
767 3640 838 3690 οὐ
865 3635 1265 3705 φοϐηθήσομαι
1287 3635 1342 3687 τί
1363 3635 1596 3701 ποιήσει
1616 3654 1715 3704 μοι

207 3727 489 3795 ἄνθρωπος.
537 3731 695 3782 Κατὰ
759 3729 816 3781 δὲ
849 3728 937 3779 τὸν
986 3725 1272 3794 Σύμμαχον
1323 3724 1479 3777 τοῦτό
1533 3742 1710 3794 φησιν·

211 3813 343 3881 οῖδα,
368 3821 448 3872 ὅτι
471 3822 601 3873 ἐστι
629 3820 776 3883 Θεός
803 3835 922 3886 μοι.
961 3815 1069 3868 Τὸν
1115 3815 1258 3878 Θεὸν
1310 3815 1715 3884 ὐμνολογήσω,

205 3905 284 3960 διὰ
334 3909 429 3962 τοῦ
495 3909 642 3963 Θεοῦ
704 3905 1176 3976 ὑμνοποιήσομαι
1220 3906 1418 3972 λόγον·
1460 3904 1537 3969 τῷ
1602 3904 1719 3969 Θεῷ

207 3997 443 4058 πέποιθα,
475 4001 544 4052 οὐ
571 3997 985 4066 φοϐηθήσομαι
1018 3995 1074 4047 τί
1115 3993 1347 4059 ποιήσει
1373 4011 1470 4062 μοι
1507 3993 1720 4061 ἅνθρω-

205 4099 314 4148 πος.
339 4086 516 4148 Λύτοῖς
541 4086 748 4154 ἔργοις,
773 4084 923 4152 φησὶ,
945 4083 1266 4152 παρείληφα,
1285 4083 1376 4134 καὶ⁵
1405 4081 1570 4148 ἔγνων
1600 4081 1722 4150 ἀλη-

209 4171 404 4238 θῶς,ὃτι
430 4179 527 4229 ούκ
550 4177 642 4229 ἐπ)⁸
679 4174 889 4244 ματαίῳ
940 4173 1157 4241 ἤλπισα·
1205 4170 1336 4223 ἀλλὰ
1380 4170 1506 4222 Θεὸν
1539 4169 1722 4239 βοηθὸν

205 4264 504 4336 ἐκτησάμην.
530 4247 736 4318 Τούτου
757 4264 811 4316 δὲ
838 4263 1072 4330 ἔλεγχος,
1103 4261 1220 4313 ἐπεὶ
1243 4260 1379 4313 ἔθου
1411 4259 1481 4311 τὰ
1501 4256 1724 4324 δάκρυά

205 4369 300 4418 μου
329 4355 574 4409 ἐνώπιόν
604 4371 744 4408 σου.
775 4349 904 4404 Εἶτα
950 4349 1081 4419 ἐμοῦ
1113 4351 1208 4418 μὲν
1237 4350 1464 4418 ἐπήκοος
1485 4348 1720 4414 ἐγίγνου,

205 4443 245 4492 οἱ
267 4442 314 4495 δὲ
338 4444 510 4515 ἐχθροί
561 4461 664 4514 μου
694 4441 928 4512 ἐχώρουν
971 4440 1049 4500 εἰς
1097 4438 1164 4490 τὰ
1187 4437 1373 4490 ὀπίσω·
1406 4437 1484 4488 διὸ
1519 4435 1617 4488 ἐπὶ
1648 4435 1724 4499 τῷ

211 4531 310 4595 Θεῷ
331 4533 539 4586 αἰνέσω
553 4533 742 4600 ρἦα·
801 4531 856 4600 ἢ,
892 4529 1029 4582 κατὰ
1056 4528 1144 4580 τὸν
1184 4527 1403 4579 Ἀκύλαν
1429 4543 1442 4556 ·
1484 4526 1583 4578 Ἐν
1615 4523 1733 4588 Θεῷ

209 4620 555 4690 καυχήσομαι
603 4619 789 4687 ῥῆμα·
848 4617 988 4672 κατὰ
1043 4617 1097 4668 δέ
1145 4616 1230 4668 τὸν
1269 4615 1588 4684 Σύμμαχον·
1622 4612 1731 4664 Τὸν

213 4708 337 4759 Θεὸν
359 4709 768 4778 ὐμνολοιγήσω·
782 4708 916 4762 ἀλλὰ
938 4708 1028 4759 καὶ
1048 4707 1141 4758 ἐπὶ
1170 4705 1272 4758 τὸν
1287 4705 1496 4770 Κύριον
1518 4701 1730 4755 αἰνέσω

211 4794 383 4860 λόγον·
419 4796 476 4866 ἦ,
521 4795 665 4849 κατὰ
711 4794 799 4847 τὸν
856 4793 1102 4854 Ἀκύλαν,
1151 4792 1218 4844 ἐν
1257 4791 1446 4855 Κυρίῳ
1487 4788 1730 4856 ὑμνήσω

213 4883 386 4950 λόγον·
416 4887 470 4956 ἦ,
494 4887 638 4939 κατὰ
659 4886 1067 4954 τὸνιΣύμμαχον,
1090 4882 1183 4935 διὰ
1205 4881 1308 4934 τοῦ
1332 4880 1544 4946 Κυρίου
1563 4881 1732 4946 ὑμνο·

216 4973 506 5042 ποιήσομαι
532 4977 739 5043 λόγον·
781 4975 875 5027 καὶ
898 4973 1074 5035 πάλιν,
1100 4971 1172 5033 ώς
1203 4969 1450 5038 ἀνωτέρω
1474 4985 1559 5037 μοι
1583 4968 1728 5038 εἴρη-

217 5072 310 5109 ται·
352 5062 467 5114 Ἐπὶ
512 5062 590 5127 τῷ
649 5061 770 5126 Θεῷ
829 5062 1077 5128 ἤλπισα,
1125 5061 1194 5110 οὐ
1227 5056 1626 5125 φοϐηθήσομαι
1673 5058 1728 5108 τί

225 5146 542 5218 ποιιζσειμοι
594 5150 770 5217 σάρξ·
831 5149 920 5200 καὶ
972 5148 1064 5198 νῦν
1116 5163 1272 5214 φημι,
1327 5145 1444 5195 Ἐπὶ
1495 5145 1572 5208 τῷ
1615 5145 1732 5208 Θεῷ

226 5229 448 5297 ἤλπισα,
485 5241 554 5290 οὐ
589 5237 998 5305 φοϐηθήσομαι
1030 5234 1085 5284 τι
1111 5231 1341 5294 ποιήσει
1395 5248 1487 5297 μοι
1521 5231 1737 5297 ἅνθρω-

226 5334 340 5384 πος.
374 5323 504 5394 Σὰρξ
524 5326 634 5395 γὰρ
685 5325 775 5376 καλ.
825 5323 1104 5392 ἄνθρωπος
1135 5320 1190 5370 ἓν
1221 5319 1311 5368 καὶ
1359 5318 1546 5368 ταυτόν
1573 5319 1735 5380 ἐστιν,

229 5407 386 5478 ἐπειδὴ
418 5411 676 5465 λέλεκται·
722 5410 917 5477 ’Υμεῖς
956 5408 1022 5458 δὲ
1066 5408 1142 5469 ὡς
1173 5405 1451 5467 ἅνθρωποι
1481 5404 1738 5468 ἀποθνή-

230 5507 399 5548 σκετε·
440 5501 548 5560 καὶ,
591 5503 767 5551 Ὅταν
801 5498 909 5564 γὰρ
936 5491 976 5562 ᾖ
1001 5495 1069 5545 ἐν
1097 5492 1230 5559 ὑμῖν
1265 5489 1431 5556 ζῆλος
1468 5491 1562 5544 καὶ
1597 5493 1735 5558 ἔρις,

295 5650 326 5674 ⁸⁷
360 5649 470 5704 lsai.
507 5667 669 5716 ιγιιι,
701 5652 752 5705 9.
839 5648 902 5678 ’τ’
932 5645 1066 5698 Ρδιι.
1095 5660 1257 5706 ιικξι,
1289 5644 1334 5697 7.

1885 3471 2043 3527 Vens.
2070 3473 2154 3528 ll.
2181 3472 2310 3526 Ecce
2340 3489 2545 3540 cognovi
2567 3472 2804 3540 quoniam
2836 3467 2972 3521 Deus
2999 3467 3121 3520 mihi
3142 3474 3235 3518 est.
3271 3461 3338 3518 In

1819 3571 1923 3626 Deo
1951 3571 2174 3624 laudabo
2204 3573 2428 3634 verbum,
2454 3571 2506 3622 in
2531 3569 2751 3622 Domino
2773 3567 2995 3620 laudabo
3018 3578 3294 3618 sermonem
3318 3577 3336 3614 :

1817 3672 1869 3722 in
1896 3669 2113 3722 Domino
2129 3671 2342 3737 speravi,
2368 3685 2467 3722 non
2485 3667 2664 3720 timebo
2691 3665 2812 3734 quid
2837 3665 2996 3732 faciat
3023 3662 3146 3715 mihi
3169 3661 3337 3714 homo.

1821 3765 2124 3821 Secundum
2159 3765 2530 3836 Symmachum
2573 3771 2748 3816 autem
2783 3764 2860 3816 sic
2901 3763 2974 3815 ait
3004 3781 3018 3816 :
3044 3760 3176 3814 Novi
3208 3759 3342 3829 quod

1819 3863 1886 3915 sit
1917 3860 2053 3914 Deus
2084 3860 2228 3913 mihi.
2268 3859 2426 3913 Deum
2449 3859 2730 3920 celebrabo,
2758 3873 2845 3926 per
2874 3855 3035 3909 Deum
3064 3870 3344 3908 sermonem

1821 3953 1875 4004 in
1905 3951 2150 4020 hymnum
2187 3958 2510 4012 convertam;
2539 3951 2590 4002 in
2617 3947 2721 4000 Deo
2755 3947 2973 4013 speravi,
3023 3961 3122 3998 non
3162 3945 3344 3997 timebo

1821 4041 1942 4112 quid
1973 4041 2126 4107 faciet
2157 4041 2281 4092 mihi
2304 4041 2471 4092 homo.
2495 4038 2630 4106 ipsis
2656 4024 2926 4106 operibus,
2950 4035 3141 4102 inquit,
3166 4035 3347 4102 accepi

1823 4142 1876 4188 et
1902 4148 2026 4186 vere
2058 4132 2179 4186 novi
2226 4147 2311 4186 me
2356 4145 2465 4184 non
2502 4129 2701 4182 frustra
2751 4141 2997 4196 sperasse
3021 4165 3036 4189 ,
3066 4123 3156 4178 sed
3181 4123 3348 4176 Deum

1826 4219 2121 4287 adiutorem
2172 4217 2490 4272 obtinuisse.
2517 4215 2800 4283 Cujus-rei
2848 4219 3213 4280 argumentum
3243 4217 3346 4272 est,

1827 4311 1968 4379 quod
1997 4310 2214 4378 posuisti
2240 4310 2494 4378 lacrymas
2517 4323 2654 4360 meas
2678 4307 2729 4357 in
2756 4312 3025 4371 conspectu
3062 4311 3168 4353 tuo.
3190 4298 3348 4352 Dein-

1828 4397 1894 4450 de
1925 4397 2054 4450 mihi
2084 4396 2300 4464 quidem
2349 4396 2614 4466 propitius
2650 4393 2832 4456 fuisti;
2863 4389 3063 4443 inimici
3103 4403 3227 4442 vero
3248 4390 3351 4441 mei

1760 4500 1803 4553 ι)
1830 4492 1975 4540 retro
2028 4493 2351 4540 cesserunt:
2399 4500 2564 4553 quare
2609 4483 2662 4535 in
2705 4480 2811 4534 Deo
2845 4479 3068 4532 laudabo
3118 4477 3352 4538 verbum;

1835 4574 1965 4637 sive,
1983 4575 2274 4628 secundum
2295 4574 2569 4642 Aquilam:
2594 4569 2656 4623 In
2673 4569 2778 4622 Deo
2796 4569 3094 4638 gloriﬁcabo
3117 4565 3316 4620 verbum
3336 4581 3353 4626 ;

1833 4663 2125 4717 secundum
2176 4660 2547 4732 Symmachum
2601 4667 2776 4711 autem
2811 4676 2823 4710 :
2866 4657 3029 4708 Deum
3058 4653 3355 4707 celebrabo:

1831 4750 1924 4803 sed
1967 4753 2124 4803 etiam
2157 4751 2210 4802 in
2256 4749 2473 4802 Domino
2513 4745 2736 4798 laudabo
2768 4758 3083 4804 sermonem;
3113 4747 3224 4801 aut,
3273 4753 3360 4791 se.

1832 4845 2065 4891 cundum
2094 4838 2362 4906 Aquilam,
2388 4838 2440 4888 in
2474 4833 2696 4885 Domino
2739 4833 2999 4884 celebrabo
3053 4843 3356 4889 sermonem,

1830 4928 1960 4992 sive,
1979 4927 2264 4981 secundum
2284 4925 2674 4995 Symmachum.
2688 4940 2774 4990 per
2791 4923 3064 4974 Dominum
3081 4935 3358 4972 sermonem

1831 5017 1882 5065 in
1933 5015 2172 5082 hymnum
2231 5021 2512 5065 convertam
2549 5027 2567 5062 :
2627 5025 2688 5062 ac
2731 5023 2963 5069 rursum,
3023 5014 3081 5059 ut
3117 5007 3361 5075 superius

1832 5102 1938 5155 dixi
1976 5122 1987 5155 :
2022 5101 2086 5154 In
2134 5102 2239 5154 Deo
2273 5099 2488 5168 sperari,
2525 5115 2625 5150 non
2657 5097 2839 5150 timebo
2882 5095 3002 5164 quid
3039 5095 3201 5163 faciat
3238 5095 3362 5146 mihi

1836 5205 1990 5242 caro:
2032 5190 2110 5243 sic
2147 5190 2255 5256 jam
2297 5187 2416 5238 dico
2456 5203 2467 5235 :
2507 5184 2570 5236 In
2627 5183 2733 5236 Deo
2783 5183 3001 5252 speravi,
3031 5200 3131 5235 non
3182 5182 3362 5234 timebo

1839 5289 1959 5357 quid
1982 5291 2134 5357 faciet
2169 5287 2291 5340 mihi
2315 5286 2482 5338 homo.
2515 5283 2655 5336 Caro
2697 5285 2840 5337 enim
2862 5293 2913 5336 et
2950 5282 3106 5335 homo
3134 5283 3362 5350 idipsum

1843 5399 1985 5456 sunt,
2009 5385 2432 5457 quandoquidem
2462 5383 2664 5435 dictum
2703 5393 2827 5438 est:
2877 5384 2974 5436 Vos
3015 5393 3185 5436 autem
3233 5383 3362 5435 sicut

1842 5493 2065 5547 homines
2088 5487 2380 5546 moriemini
2407 5486 2505 5550 ’7';
2559 5491 2630 5551 et,
2678 5484 2809 5539 Cum
2859 5487 2990 5540 enim
3027 5488 3095 5540 sit
3138 5486 3274 5540 zelus
3313 5501 3376 5542 et.
