3812 6354
620 385 724 441 ιῢθ

1310 373 1571 431 EUSEBII
1602 361 2063 431 CIESABIENSlS
2100 358 2243 413 CPP.
2286 354 2486 410 PARS.
2528 349 2615 404 ιιι.
2657 379 2726 392 ——
2761 345 3090 401 EXEGETICA.
3471 334 3534 389 500

621 501 872 552 contentio
905 499 1034 551 inter
1054 512 1157 554 vos.
1184 510 1347 547 nonne
1369 489 1602 544 carnales
1626 488 1770 549 estis,
1794 493 1841 536 et
1865 478 2126 535 secundum

2041 478 2139 531 lum
2167 481 2214 537 Α
2239 476 2369 544 οὐχὶ
2394 471 2664 541 σαρκικοί
2702 469 2855 532 ἐστε,
2884 467 2961 520 καὶ
2990 461 3101 517 κατὰ
3125 458 3355 525 ἄνθρωπον
3384 465 3546 519 περιπα-

620 589 877 640 Ιιοηιὶηεηι
912 584 1188 639 ambulatis
1210 583 1251 613 ¹⁸
1274 583 1297 634 ?

695 697 853 753 Vens.
888 695 1075 758 12,15.
1100 692 1164 745 In
1194 708 1271 744 me
1299 699 1436 753 sunt,
1458 689 1616 754 Deus,
1642 698 1757 741 vota
1774 701 1885 755 qua:
1913 682 2146 744 reddam,

626 788 949 840 laudationes
995 784 1106 835 tibi.
1158 782 1413 846 Quoniam
1468 779 1704 848 eripuisti
1731 778 1957 829 animam
1985 788 2149 826 meam

625 876 686 926 de
719 882 896 935 morte,
929 881 976 923 et
1009 869 1156 937 pedes
1179 885 1314 922 meos
1346 868 1406 921 de
1436 868 1604 935 lapsu,
1630 876 1685 919 ut
1712 868 1943 933 placeam
1976 878 2149 914 coram

627 961 731 1013 Deo
764 961 814 1012 in
839 959 1030 1011 lumine
1061 958 1351 1010 viventium.
1384 955 1487 1009 Pro
1514 956 1604 1008 illo
1632 974 1643 1008 :
1673 953 1735 1005 In
1765 968 1841 1005 me
1868 960 1984 1003 sunt
2015 950 2151 1002 Deus

627 1059 763 1111 vota,
793 1063 905 1116 qua:
940 1046 1150 1099 reddam
1206 1045 1523 1098 laudationis
1580 1044 1690 1105 tibi,
1715 1042 1951 1109 apertius
1998 1037 2152 1108 Sym—

628 1139 846 1193 machus
895 1139 1276 1206 interpretatus
1325 1144 1430 1200 est,
1461 1136 1679 1189 dicens:
1718 1131 1941 1198 Recipio,
1993 1128 2153 1189 Deus,

630 1245 743 1298 qua:
787 1238 1026 1296 precatus
1055 1241 1213 1281 sum:
1248 1226 1458 1280 reddam
1492 1225 1813 1278 laudationes
1871 1221 1983 1276 tibi.
2039 1220 2154 1273 Non

629 1320 773 1373 enim
799 1320 1018 1383 oblitus,
1044 1320 1138 1381 ait,
1164 1332 1350 1372 eorum
1385 1330 1502 1385 qua:
1527 1322 1775 1383 precatus
1803 1328 1919 1367 sum
1944 1330 1958 1377 ;
1986 1310 2079 1365 sed
2106 1310 2157 1361 in

631 1424 715 1462 ine
735 1417 880 1471 sunt,
909 1416 961 1461 et
999 1408 1176 1460 omnia
1207 1405 1261 1459 in
1292 1404 1547 1458 memoria
1579 1403 1783 1456 retineo
1829 1414 2159 1470 qumcunque

631 1500 897 1568 precando
943 1499 1164 1566 promisi
1212 1514 1224 1548 ε
1276 1512 1393 1565 quae
1443 1510 1540 1549 ceu
1586 1492 1852 1562 quoddam
1898 1491 2157 1553 debitum,

632 1590 832 1643 hostias
858 1586 1030 1641 laudis
1058 1586 1325 1641 olferendo
1374 1583 1691 1653 persolvant,
1732 1580 2022 1634 secundum
2051 1579 2165 1632 elo-

2244 565 2388 616 τεῖτε
2406 578 2423 625 ;

2310 680 2409 730 Ἐν
2431 672 2577 743 ἐμοὶ,
2597 675 2628 725 ὀ
2645 669 2803 733 Θεὸς,
2822 670 2882 721 al
2896 664 3046 733 εὐχαὶ,
3061 661 3118 726 ἅς
3138 655 3358 713 ἀποδώσω
3375 652 3549 743 αινέσεὼ

2246 784 2359 821 σοι.
2400 740 2516 815 Ὅτι
2565 761 2791 827 ἐρῤύσω
2846 756 2946 822 τὴν
2966 750 3128 820 ψυχήν
3161 763 3250 815 μου
3289 744 3342 796 ἐκ
3381 740 3549 796 aanimi

2247 858 2342 910 καὶ
2370 855 2508 918 τοὺς
2532 851 2719 913 πόδας
2738 865 2853 916 μου
2892 844 2948 907 ἐξ
2978 837 3308 907 ὀλισθήματος,
3338 832 3418 885 τοῦ
3452 833 3551 896 chap

2249 947 2468 1013 στῆσαι
2501 941 2754 996 ἐνώπιον
2779 938 2883 990 τοῦ
2905 934 3019 988 Θεοῦ
3046 933 3102 984 ἐν
3128 927 3241 997 φωτὶ
3275 923 3465 984 ζώντων.
3497 921 3547 970 ’Ᾱε

2248 1011 2361 1099 τοῦ,
2402 1038 2495 1086 Ἑν
2518 1032 2669 1101 ἐμοὶ,
2703 1033 2734 1081 ό
2769 1028 2921 1091 Θεὸς,
2943 1027 2989 1076 al
3003 1021 3159 1088 εὐχαὶ,
3188 1016 3246 1081 ἃς
3265 1011 3493 1068 ἀποδώσω
3509 1013 3548 1061 al

2253 1128 2402 1192 σεώς
2441 1143 2557 1188 σοι,
2593 1122 2916 1191 σαφέστερον
2944 1116 3219 1187 ἡρμήνευσεν
3261 1111 3285 1161 ὁ
3317 1106 3543 1175 Σύμμαχος

2254 1218 2385 1270 πώνο
2469 1213 2865 1280 Ἁναδέχομαι,
2912 1205 3011 1269 Θεὲ,
3055 1201 3083 1255 ἃ
3120 1198 3367 1266 ηὐξάμην·
3418 1193 3551 1280 (iacet

2252 1308 2507 1369 ιιὶνέσεις
2534 1320 2649 1356 σοι.
2796 1300 2904 1367 γὰρ
2927 1294 3239 1361 ἐπιλέλησμαι,
3278 1287 3406 1356 φησι,
3431 1278 3489 1336 ὧν
3518 1302 3550 1350 η’

2259 1413 2382 1466 μην·
2409 1395 2521 1447 ἀλλ’
2552 1394 2609 1444 ὲν
2635 1390 2757 1460 ἐμοί
2786 1390 2911 1449 εἰσι,
2953 1384 3028 1437 καὶ
3059 1380 3242 1448 κατέχω
3267 1380 3324 1446 τῇ
3352 1378 3552 1445 μνήμῃτ

2254 1489 2351 1538 ὅσα
2376 1483 2782 1555 ἐπηγγειλάμην
2816 1476 3088 1546 εὐξάμενος
3120 1471 3150 1525 ὃ.
3175 1470 3255 1523 καὶ
3281 1469 3443 1537 ὥσπερ
3463 1483 3505 1516 τι
3546 1484 3552 1490 ·

2257 1575 2533 1636 ἀποδώσω,
2562 1572 2749 1632 θυσίας
2779 1569 3035 1638 ἀναφέρων
3051 1565 3135 1626 τὰς
3150 1564 3207 1615 δι’
3225 1562 3468 1619 αἰνέσεως,
3480 1557 3551 1608 an“.

632 1679 816 1748 quium
842 1678 1003 1732 illud:
1026 1677 1248 1730 Immola
1272 1650 1705 1741 Deo-sacriﬁcium
1730 1671 1922 1747 laudis,
1943 1679 1991 1721 et
2012 1669 2135 1721 redd

2029 1669 2163 1721 'edde
2258 1669 2316 1721 τὸ
2348 1668 2548 1735 φάσκον
2602 1664 2799 1730 λόγιον·
2860 1660 3034 1714 Θῦσον
3079 1655 3150 1720 τῷ
3195 1652 3301 1717 Θεῷ
3347 1650 3534 1703 θυσίαν

634 1769 854 1823 Domino
885 1777 1000 1821 vota
1032 1778 1117 1819 tua
1141 1768 1203 1822 η.
1226 1764 1452 1819 Oll'eram
1474 1740 1653 1831 itaque
1676 1762 1768 1813 tibi
1797 1744 2026 1813 hostiam
2050 1760 2134 1810 lau

2050 1760 2165 1810 lau-
2195 1809 2233 1831 η
2262 1773 2431 1820 σεως,
2451 1753 2545 1807 καὶ
2570 1751 2793 1815 ἀπόδος
2812 1749 2891 1813 τῷ
2920 1747 3085 1815 Κυρίῳ
3103 1744 3198 1808 τὰς
3233 1740 3401 1810 εὐχάς
3429 1752 3546 1790 σου.

636 1858 741 1922 dis,
772 1863 956 1925 utpote
983 1856 1233 1910 conscius
1264 1868 1349 1907 me
1381 1853 1547 1905 multa
1570 1829 1671 1919 pro
1707 1850 1879 1904 salute
1912 1862 2028 1901 mea
2065 1846 2141 1900 de.

2065 1846 2162 1900 de-
2193 1829 2235 1861 ὕ
2262 1847 2413 1900 δώσω
2471 1845 2648 1896 τοίνυν
2698 1839 2947 1901 αἰνέσεως
2974 1853 3061 1889 σοι·
3114 1832 3287 1901 ἐπειδὴ
3336 1829 3494 1883 πολλὰ
3544 1848 3550 1875 <

636 1946 785 1998 bere.
818 1943 990 2012 Ipsam
1020 1951 1164 1997 certe
1179 1942 1409 1995 animam
1432 1954 1606 1994 meam
1638 1952 1668 1990 a
1700 1944 1869 1991 morte
1903 1933 2138 1989 liberasti

2040 1933 2162 1987 asti.
2262 1936 2477 2008 ἐμαυτῷ
2496 1934 2759 2003 ὀφείλοντι
2789 1931 2925 2000 ὑπὲρ
2942 1930 3027 1998 τῆς
3047 1924 3268 1996 ἐμαυτοῦ
3296 1920 3544 1991 σωτηρίας

637 2032 770 2086 Nam
803 2033 1005 2086 inimici
1055 2034 1159 2086 mei
1206 2046 1303 2100 pro
1336 2029 1539 2084 viribus
1582 2029 1754 2097 ipsam
1798 2026 2086 2095 pellebant,
2115 2040 2142 2077 e

2047 2032 2086 2087 ῑν
2115 2030 2168 2077 ει
2264 2031 2390 2098 γοῦν
2420 2028 2517 2097 τὴν
2542 2025 2716 2094 ψυχήν
2752 2039 2851 2092 μου
2882 2018 3075 2088 ὲρῤύσω
3101 2018 3162 2069 ἐκ
3190 2014 3433 2067 Θανάτου.
3465 2013 3551 2076 0i;

637 2135 830 2189 magna
853 2121 906 2174 vi
936 2122 1197 2174 curabant
1224 2134 1339 2173 eam
1377 2119 1431 2171 in
1458 2124 1686 2170 mortem
1719 2116 1974 2183 dejicere.
1992 2114 2140 2183 Siqui

2042 2114 2169 2183 tqui-
2265 2116 2441 2186 ἐχθροί
2471 2131 2568 2184 μου
2609 2114 2668 2164 τὸ
2716 2113 2838 2163 ὅσον
2884 2108 2961 2160 ἐπ’
3009 2107 3182 2167 αὐτοῖς
3228 2102 3450 2172 ¹ἤλαυνον
3476 2100 3547 2150 αύ·

640 2210 759 2264 dem
786 2208 910 2262 dum
938 2224 1023 2263 me
1050 2209 1323 2278 pellerent,
1351 2212 1707 2275 cogeremque
1738 2205 1804 2257 ad
1825 2203 2145 2258 babitandun

2045 2203 2168 2256 dum
2267 2203 2594 2270 ὲξεϐιάζοντο
2644 2202 2721 2262 εἱς
2762 2198 2981 2250 θάνατον
3029 2196 3290 2245 ἐκπεσεῖν.
3346 2189 3550 2242 Ἑλαύνι

640 2299 696 2352 in
728 2298 903 2352 medio
930 2275 1321 2367 allophylorum
1359 2303 1412 2350 et
1434 2295 1880 2364 alienigenarum,
1912 2300 2145 2361 quantun

2043 2300 2168 2345 Itum
2268 2294 2392 2363 γὰρ,
2416 2292 2507 2343 καὶ
2541 2288 2698 2359 μέσον
2733 2283 3029 2351 ἀλλοφύλων
3072 2282 3165 2332 καὶ
3210 2275 3508 2345 ἀλλογενῶν
3538 2277 3548 2325 ἐ

643 2390 700 2441 in
725 2388 857 2457 ipsis
889 2394 1005 2442 erat
1027 2388 1260 2440 animam
1291 2386 1587 2441 enecabant
1618 2399 1788 2439 meam
1815 2402 1829 2449 ;
1867 2384 2148 2452 proximun

2042 2398 2172 2436 num
2270 2386 2383 2435 κεῖν
2407 2377 2918 2444 καταναγκάζοντες,
2947 2373 3004 2424 τὸ
3047 2372 3130 2422 ἐπ’
3157 2371 3341 2431 αὐτοῖς
3367 2369 3471 2438 τὴν
3515 2366 3547 2434 L‘,

643 2478 837 2546 quippe
860 2484 975 2531 erat
1000 2486 1056 2530 ut
1083 2476 1151 2529 ad
1182 2476 1568 2546 all0pbylorum
1620 2462 1972 2529 idololatriam
2023 2490 2148 2529 acce

2041 2490 2175 2529 Icce-
2272 2474 2577 2527 ὲθανάτουν*
2608 2471 2771 2538 ἤγουν
2806 2462 3032 2534 ἤμελλον
3078 2459 3463 2513 συνάπτεσθαι
3487 2461 3546 2527 τῇ

646 2568 848 2629 derem.
902 2568 955 2620 in
1000 2567 1174 2621 medio
1216 2582 1401 2621 eorum
1460 2567 1747 2620 habitans:
1777 2581 1884 2634 quo
1939 2573 2151 2634 tempon

2039 2580 2177 2634 lpore
2271 2563 2507 2631 λοφύλων
2557 2553 2978 2624 εἰδωλολατρείᾳ,
3036 2552 3201 2621 μέσος
3256 2550 3443 2603 αὑτῶν
3496 2552 3544 2601 οἱ

647 2653 789 2723 apud
813 2653 996 2707 Achus
1036 2653 1089 2706 in
1129 2653 1263 2708 Geth
1294 2661 1346 2708 et
1373 2654 1514 2722 apud
1558 2652 1855 2722 allophylos
1897 2652 2173 2721 degebam,

646 2742 757 2813 jam
785 2744 988 2813 pridem
1040 2743 1106 2797 ab
1159 2757 1243 2806 ea,
1268 2758 1386 2812 quae
1420 2759 1582 2812 penes
1611 2752 1663 2797 te
1693 2751 1793 2805 est,
1828 2743 1935 2794 vita
1974 2743 2173 2811 lapsus,

653 2835 832 2887 anima
858 2841 1107 2887 mortuus
1128 2848 1298 2887 essem
1324 2849 1337 2886 :
1370 2833 1461 2887 sed
1510 2832 1679 2901 gratia
1728 2838 1780 2884 et
1809 2828 2177 2883 misericordia

654 2931 747 2977 tua
775 2923 827 2978 id
860 2924 1165 2993 contingere
1194 2937 1299 2977 non
1322 2923 1594 2990 permisit;
1615 2918 2044 2990 quandoquidem
2072 2933 2175 2980 me,

654 3015 815 3069 etiam
865 3013 1004 3083 apud
1052 3013 1347 3082 allophylos
1388 3019 1712 3074 versantem,
1753 3010 2087 3079 protegebas.
2121 3014 2179 3060 ut

2274 2654 2363 2715 οὓς
2406 2652 2622 2721 χρόνους
2670 2644 2819 2714 παρὰ
2869 2643 2945 2712 τῷ
3003 2642 3196 2711 Ἀχοῦς
3234 2641 3359 2710 (sic)
3401 2640 3501 2691 καλ.
3540 2640 3548 2685 l

2276 2742 2423 2812 παρὰ
2451 2742 2559 2801 τοῖς
2580 2734 2890 2803 ἀλλοφύλοις
2913 2732 3215 2801 ἐποιούμην
3248 2731 3351 2793 τὰς
3376 2731 3548 2797 διατρι

2275 2832 2340 2885 ἂν
2367 2832 2462 2900 τὴν
2487 2827 2659 2896 ψυχήν
2713 2841 2811 2893 μου
2869 2820 3180 2890 τεθνήκειν,
3246 2820 3355 2888 τῆς
3416 2836 3537 2887 παρ

2278 2917 2540 2973 ἐπιπεσών⁸
2577 2914 2687 2967 ἀλλ’
2721 2915 2754 2982 ή
2793 2912 2858 2980 σὴ
2889 2911 3053 2979 χάρις
3083 2909 3185 2960 ua).
3237 2909 3307 2961 τὸ
3340 2909 3438 2961 σδν
3470 2909 3547 2959 Eli

2278 3008 2517 3080 εχώρησε
2546 3005 2699 3057 τοῦτο
2726 3001 3000 3068 γενέσθαι·
3024 2999 3155 3049 ἐπεὶ
3192 2999 3303 3050 καλ.
3334 2998 3503 3069 παρὰ
3528 3016 3546 3045 π

654 3103 790 3156 nihil
814 3103 945 3156 mihi
983 3102 1283 3156 detrimenti
1312 3116 1377 3155 ex
1421 3115 1604 3154 eorum
1644 3099 1910 3153 consortio
1969 3096 2159 3150 accede

2041 3096 2181 3150 cede-
2205 3115 2247 3172 ο
2277 3100 2386 3163 λοις
2424 3115 2487 3168 με
2529 3096 2656 3148 ὅντα.
2705 3091 3133 3162 περιέφραττες,
3193 3087 3279 3150 ὼς
3327 3089 3546 3157 μηδὲν

657 3199 760 3247 ret.
812 3192 1143 3260 Quapropter
1176 3190 1338 3244 dico:
1376 3189 1576 3241 Eruisti
1625 3190 1852 3240 animam
1903 3202 2068 3238 meam
2122 3185 2181 3238 de

656 3290 849 3344 morte;
877 3280 1004 3349 quin
1032 3281 1190 3333 etiam
1219 3278 1409 3333 eruisti
1432 3278 1583 3344 pedes
1606 3293 1740 3329 meos
1766 3275 1827 3328 de
1858 3276 2025 3341 lapsu.
2053 3274 2183 3338 Quis

656 3371 800 3424 enim
856 3384 965 3423 non
1008 3383 1290 3437 perversus
1341 3374 1526 3429 esset,
1572 3380 1673 3420 ceu
1720 3366 1775 3418 in
1825 3366 1993 3417 lutum
2049 3364 2187 3417 dela-

660 3473 812 3526 psus,
838 3465 891 3510 et
918 3457 1121 3511 lubrica
1171 3457 1226 3509 in
1274 3456 1391 3509 loca
1430 3454 1695 3522 dejectus,
1718 3454 1924 3508 medius
1968 3453 2187 3507 relictus

663 3548 804 3601 inter
830 3554 911 3599 tot
935 3546 1120 3598 atheos
1142 3553 1196 3599 et
1232 3544 1548 3599 idololatras
1570 3544 1750 3597 viros?
1773 3541 1969 3596 Verum
2006 3541 2060 3594 in
2089 3540 2190 3593 hac

663 3650 842 3690 rerum
866 3632 1171 3686 conditione
1195 3631 1377 3685 aderat
1407 3631 1775 3685 misericordia
1798 3638 1849 3685 et
1876 3631 2046 3700 gratia
2077 3637 2189 3691 tua,

672 3738 866 3778 eruens
898 3720 1059 3790 pedes
1099 3735 1247 3775 meos
1275 3721 1341 3773 de
1368 3722 1550 3788 lapsu;
1600 3736 1773 3789 neque
1821 3722 1963 3774 enim
2008 3721 2193 3774 virtuti

671 3814 784 3867 hinc
808 3811 1019 3867 ascribo
1047 3824 1211 3875 meae;
1244 3808 1368 3879 quia
1403 3823 1509 3862 non
1536 3809 1611 3861 ita
1645 3809 1805 3863 fortis.
1828 3810 2007 3863 animo
2025 3824 2193 3875 eram,

672 3910 733 3959 ut
756 3901 1100 3958 immutabilis
1127 3914 1418 3962 manerem,
1442 3912 1565 3953 cum
1607 3898 1662 3951 in
1709 3898 1942 3952 medium
1970 3907 2049 3952 tot
2094 3899 2194 3953 ho.

673 3993 878 4047 minum
927 3991 1210 4046 devolutus
1259 4004 1452 4052 essem,
1482 3989 1587 4043 nisi
1640 3995 1698 4041 tu
1738 3988 1937 4041 auxilio
1979 3989 2195 4044 fuisses.

675 4084 853 4151 Quare
870 4085 1127 4139 conﬁtens
1156 4082 1355 4152 gratias
1387 4096 1504 4151 ago,
1541 4079 1792 4150 quoniam
1830 4080 2075 4148 eripuisti
2104 4095 2198 4148 pe-

675 4177 770 4230 des
810 4189 955 4228 meos
979 4174 1044 4227 de
1084 4175 1256 4242 lapsu.
1303 4171 1532 4240 Haecque
1558 4169 1690 4223 mihi
1720 4168 2084 4223 misericordia
2110 4177 2200 4222 tua

673 4265 966 4328 concessit,
989 4274 1044 4316 ut
1065 4263 1294 4332 placeam
1327 4277 1502 4314 coram
1523 4269 1569 4313 te
1598 4260 1651 4312 in
1675 4258 1864 4311 lumine
1893 4258 2200 4321 viventium;

679 4357 809 4420 sive,
844 4353 1137 4409 secundum
1176 4352 1575 4423 Symmachum,
1604 4358 1660 4402 ut
1695 4348 1929 4403 incedam
1979 4349 2033 4402 in
2077 4365 2203 4402 con-

2282 3190 2400 3243 σθαι
2434 3190 2496 3239 ἐκ
2528 3186 2624 3253 τῆς
2661 3182 2862 3235 τούτων
2894 3179 3233 3240 συνουσίας.
3289 3180 3396 3231 Διό
3458 3197 3543 3248 φη

2282 3279 2393 3345 τὴν
2419 3273 2626 3343 ψυχήν
2652 3288 2768 3340 μου
2791 3271 2859 3322 ἐκ
2886 3267 3197 3323 θανάτουο
3243 3269 3411 3321 ἀλλὰ
3440 3271 3547 3321 καὶ

2278 3385 2393 3438 μου
2420 3364 2628 3435 ὲρρύσω
2655 3361 2723 3424 ἐξ
2753 3357 3217 3426 ὀλισθήματος.
3280 3361 3403 3422 Τίς
3472 3361 3552 3428 γει

2286 3454 2514 3525 ετράπη,
2570 3450 2751 3517 ὥσπερ
2796 3448 2875 3508 εἰς
2906 3446 3097 3515 πηλὸν
3162 3446 3383 3514 ἐμϐὰς
3416 3487 3436 3510 ,
3504 3466 3555 3501 κ

2290 3540 2591 3615 περιπεσὼν
2650 3538 2885 3609 χωρίοις,
2969 3535 3161 3605 μέσος
3226 3538 3556 3591 τοσούτω.

2289 3635 2458 3687 ἀθέων
2490 3633 2581 3684 καὶ
2610 3622 3020 3696 εἱδωλολατρῖυν
3072 3625 3339 3696 ἀνδρῶν
3361 3646 3384 3692 ;
3441 3630 3556 3681 Ἀ).

2292 3728 2347 3776 ὲν
2369 3722 2539 3790 τούτῳ
2565 3720 2624 3772 τὸ
2653 3719 2741 3770 σὸν
2774 3717 2945 3776 ἕλεος,
2983 3716 3097 3767 καὶ
3128 3718 3172 3786 ἡ
3230 3718 3325 3788 σὴ
3364 3720 3556 3790 χάρις

2293 3813 2415 3874 τοὺς
2442 3811 2603 3872 πόδας
2638 3808 2695 3871 ἐξ
2716 3806 3134 3877 ὀλισθήματος·
3176 3809 3256 3859 οὐ
3324 3810 3475 3881 γὰρ
3517 3813 3551 3862 ὲ

2295 3903 2576 3971 ἐπιγράψω
2633 3898 2818 3951 ταῦτα·
2856 3897 2995 3949 ἐπεὶ
3076 3897 3231 3967 μηδ’
3305 3898 3547 3962 οὓτως

2295 3991 2390 4061 τὴν
2413 3990 2582 4058 ψυχὴν
2610 3988 2683 4048 ὡς
2703 3986 3055 4055 ἀδιάτρεπος
3087 3985 3363 4054 μένειν,
3404 3990 3483 4038 ὲν
3510 4007 3547 4039 τ

2296 4098 2401 4133 των
2434 4078 2692 4147 εἱλῆσθαι,
2726 4078 2773 4128 εἰ
2810 4076 2886 4145 μὴ
2940 4075 3019 4127 σὺ
3077 4071 3275 4144 ἦσθα.
3326 4077 3555 4146 βοηθὸ

2300 4171 2555 4237 γούμενος
2583 4165 2911 4235 εὐχαριστῶ,
2939 4166 3045 4217 ὅτι.
3106 4166 3417 4237 ὲρῤὑσω
3473 4187 3556 4221 το

2300 4256 2671 4325 ὀλισθήματος.
2722 4254 2830 4305 Καὶ
2858 4252 3079 4305 ταῦτά
3119 4271 3246 4322 μοι
3326 4256 3416 4308 τὸ
3465 4259 3553 4308 σὺ

2304 4345 2450 4412 ὑπὲρ
2479 4344 2581 4397 τοῦ
2603 4343 3039 4410 εὐαρεστῆσαι
3091 4344 3470 4398 ἐνώπιόν
3513 4365 3552 4399 c

592 4520 595 4525 η
678 4455 851 4513 spec-tu
875 4445 970 4498 Dei
996 4460 1084 4512 per
1099 4417 1270 4499 lumen
1292 4444 1427 4497 vitaz.
1451 4440 1629 4495 Moras
1658 4440 1816 4509 igitur
1841 4438 2043 4494 faciens
2063 4455 2097 4493 a‘

2063 4440 2202 4510 apud
2233 4417 2277 4471 Β
2306 4453 2437 4489 των’
2460 4435 2519 4502 ἢ,
2548 4433 2687 4486 κατὰ
2719 4433 2810 4485 τὸν
2834 4434 3257 4504 Σύμμαχον,
3291 4436 3413 4501 ὡς
3474 4439 3548 4489 τε

680 4534 996 4604 allophylos,
1031 4548 1061 4586 ιι
1107 4541 1251 4588 recta
1276 4543 1328 4588 et
1359 4534 1502 4602 regia
1533 4532 1619 4584 via
1658 4546 1763 4584 non
1792 4530 2054 4596 declinat;
2088 4530 2209 4593 sed,

682 4632 755 4686 ait
786 4651 799 4685 :
833 4628 952 4685 Tibi
981 4629 1175 4699 placito
1213 4643 1360 4683 more
1384 4627 1691 4682 incedebam
1723 4625 1916 4680 ductus
1944 4626 2041 4679 abs
2078 4633 2128 4679 te
2154 4632 2208 4678 et

682 4725 1014 4787 illustratus;
1045 4736 1151 4774 non
1185 4721 1304 4774 luce
1334 4721 1506 4775 solum
1560 4719 1649 4771 illa
1682 4717 1954 4771 communi
2000 4715 2204 4778 fruens,

685 4813 930 4867 omnibus
957 4817 1240 4881 praesente,
1270 4809 1676 4864 rationabilibus
1704 4816 1757 4862 et
1779 4808 1974 4870 brutis,
2006 4806 2134 4861 feris
2156 4813 2209 4859 et

687 4902 982 4969 reptilibus,
1022 4899 1250 4953 mortuis
1285 4909 1337 4954 et
1397 4898 1741 4962 inanimatis;
1771 4897 1864 4952 sed
1909 4896 1999 4948 illa
2048 4896 2210 4950 etiam

687 5004 803 5057 quae
835 4994 1041 5042 tantum
1064 4988 1151 5051 iis,
1179 4987 1269 5057 qui
1308 4986 1447 5056 apud
1485 4994 1538 5039 te
1566 4987 1772 5047 vivunt,
1802 4984 2068 5039 destinata
2109 4990 2210 5036 est.

691 5076 890 5130 Lumen
916 5092 1074 5145 porro
1105 5077 1237 5130 illud
1260 5077 1572 5139 viventium,
1612 5090 1717 5145 quo
1756 5072 1921 5126 David
1950 5080 2003 5125 et
2029 5086 2217 5125 omnes

695 5162 800 5217 Deo
820 5165 1021 5232 accepti
1047 5166 1315 5234 prOphctm
1334 5172 1388 5219 et
1404 5165 1537 5233 justi
1564 5162 1816 5218 illustrati
1864 5166 1990 5215 sunt
2027 5158 2219 5211 intelli-

696 5269 804 5320 ges,
832 5253 879 5307 si
911 5253 1155 5308 attendas
1193 5255 1528 5324 evangelista:
1559 5252 1756 5307 dicenti
1793 5270 1815 5305 ι
1838 5248 1986 5315 Quod
2020 5248 2217 5315 factum

698 5351 773 5395 est
816 5345 867 5395 in
915 5344 1108 5410 ipso”,
1138 5345 1339 5399 scilicet
1370 5344 1464 5400 Dei
1489 5344 1667 5400 Verbo
1699 5343 1839 5414 quod
1871 5344 1924 5395 in
1955 5341 2220 5410 principio

702 5431 843 5498 apud
880 5426 1045 5485 Deum
1076 5441 1212 5496 erat,
1242 5434 1349 5489 vita
1390 5445 1523 5499 erat,
1559 5445 1610 5489 ct
1660 5436 1767 5489 vita
1796 5442 1909 5488 erat
1947 5437 2038 5485 lux
2063 5430 2223 5483 homi-

702 5533 825 5570 num
852 5519 893 5551 ⁸¹
926 5532 1029 5571 :ac
1058 5534 1315 5578 rursum:
1354 5521 1485 5576 Erat
1528 5524 1619 5577 tus
1649 5541 1767 5578 vera
1816 5538 1928 5592 qua:
1963 5521 2223 5576 illuminat

2308 4531 2453 4582 σθεν
2481 4526 2585 4579 τοῦ
2639 4525 2786 4577 Θεοῦ
2836 4524 2948 4577 διὰ
2991 4525 3279 4593 φωτὸς
3337 4526 3510 4593 τῆς

2310 4616 2434 4682 γοῦν
2463 4614 2554 4665 καὶ
2578 4612 2729 4683 παρὰ
2748 4617 2860 4677 τοῖς
2898 4614 3405 4681 ἀλλοφύλοις,
3448 4618 3545 4670 τῖε

2309 4706 2459 4773 λικῆς
2489 4703 2607 4756 ὁδοῦ
2637 4704 2696 4755 ού
2729 4703 3135 4775 παρέξεισιν·
3168 4705 3376 4758 ἀλλὰ
3420 4708 3536 4758 co}

2313 4794 2415 4848 ὑπὸ
2442 4791 2532 4845 σου
2568 4791 3003 4861 ποδηγούμενος
3084 4793 3233 4843 καὶ
3332 4811 3512 4861 φωτ

2317 4883 2733 4955 μεταλαγχάνων
2759 4884 2819 4935 ού
2847 4883 2960 4936 τοῦ
3029 4883 3303 4936 κοινοῦ
3382 4885 3511 4936 κσιἼ

2312 4976 2543 5042 λογικοῖς
2567 4991 2626 5026 τε
2650 4974 2747 5026 καὶ
2781 4975 3072 5043 ἀλόγοις,
3123 4975 3445 5045 Θηρίοις
3485 4996 3489 5006 ι

2316 5066 2462 5134 κροῖς
2488 5079 2547 5114 τε
2573 5064 2666 5116 καὶ
2705 5064 2983 5135 ἀψύχοις,
3030 5065 3233 5118 ἀλλὰ
3278 5064 3420 5117 τοῦ
3474 5084 3477 5099 ε

2318 5154 2478 5217 ζῶσιν
2504 5154 2924 5224 ἀφωρισμένου.
2968 5159 3313 5228 Νοήσεις
3349 5155 3432 5208 δὲ

2321 5250 2375 5299 ὲν
2394 5241 2437 5313 ᾧ
2459 5248 2551 5299 καὶ
2577 5247 2743 5303 Δαυῖδ
2772 5253 2873 5305 καὶ
2906 5253 3196 5317 πάντες
3239 5252 3314 5304 οἱ
3361 5250 3444 5303 ΟΞ

2322 5336 2515 5389 δίκαιοι
2548 5340 2958 5419 ὲφωτῑσθησαν
2972 5392 2994 5414 ,
3041 5348 3440 5419 ἐπιστήσω

2325 5443 2489 5492 γοντι·
2538 5431 2601 5481 Ὀ
2633 5432 2900 5504 γέγονεν
2950 5445 3052 5498 ἐν·
3090 5438 3359 5506 αὐτῷ.

2327 5515 2458 5568 θεοῦ
2485 5518 2563 5589 τῷ
2597 5518 2658 5575 ὲθθ
2680 5526 2831 5603 ἀρχῇ
2874 5535 3058 5607 πρὸς
3101 5534 3233 5589 τὸν
3280 5529 3423 5587 Θεδ

783 5667 823 5697 ³⁸
861 5665 1032 5721 lCor.
1062 5682 1157 5735 ιιι,
1195 5670 1247 5723 3.
1322 5672 1362 5703 “
1400 5670 1542 5729 Psal.
1575 5689 1731 5743 XLIX,
1766 5676 1848 5730 ll.
1928 5675 1971 5708 ’°
2009 5672 2162 5729 50m
2203 5686 2254 5741 ιτ

1234 5706 1247 5723 .
1322 5672 1362 5703 ¹⁹
1400 5670 1542 5729 Psal.
1575 5689 1731 5743 χιιι,
1766 5676 1848 5730 Η.
1928 5675 1971 5708 ³ο
2009 5672 2162 5729 loan.
2203 5686 2254 5741 ι,
2288 5671 2338 5736 5,
2374 5670 2425 5724 4.
2505 5676 2544 5705 ²¹
2596 5678 2736 5740 ibid.
