  <div class='ocr_page' id='page_1' title='image "/cluster/home/n/w/nwhite01/storage/ocr_20150623/23 (Eusebius, pt. 5)/nyp.33433081862363/260.png"; bbox 0 0 3812 6354; ppageno 0'>
   <div class='ocr_carea' id='block_1_1' title="bbox 178 326 307 380">
    <p class='ocr_par' dir='ltr' id='par_1_1' title="bbox 178 326 307 380">
     <span class='ocr_line' id='line_1_1' title="bbox 178 326 307 380; baseline 0.023 -3"><span class='ocrx_word' id='word_1_1' title='bbox 178 326 307 380; x_wconf 72' lang='lat'><strong>50‘</strong></span> 
     </span>
    </p>
   </div>
   <div class='ocr_carea' id='block_1_2' title="bbox 1397 330 2357 403">
    <p class='ocr_par' dir='ltr' id='par_1_2' title="bbox 1397 330 2357 403">
     <span class='ocr_line' id='line_1_2' title="bbox 1397 330 2357 403; baseline 0.017 -18"><span class='ocrx_word' id='word_1_2' title='bbox 1397 330 1887 397; x_wconf 76' lang='lat' dir='ltr'><strong>COMMENTARIA</strong></span> <span class='ocrx_word' id='word_1_3' title='bbox 1927 348 1992 401; x_wconf 79' lang='grc' dir='ltr'><strong>ΙΝ</strong></span> <span class='ocrx_word' id='word_1_4' title='bbox 2030 347 2357 403; x_wconf 76' lang='lat' dir='ltr'><strong>PSALMOS.</strong></span> 
     </span>
    </p>
   </div>
   <div class='ocr_carea' id='block_1_3' title="bbox 3329 352 3434 410">
    <p class='ocr_par' dir='ltr' id='par_1_3' title="bbox 3329 352 3434 410">
     <span class='ocr_line' id='line_1_3' title="bbox 3329 352 3434 410; baseline -0.019 0"><span class='ocrx_word' id='word_1_5' title='bbox 3329 352 3434 410; x_wconf 60' lang='grc' dir='ltr'>ιρι</span> 
     </span>
    </p>
   </div>
   <div class='ocr_carea' id='block_1_4' title="bbox 188 417 1791 519">
    <p class='ocr_par' dir='ltr' id='par_1_4' title="bbox 188 417 1791 519">
     <span class='ocr_line' id='line_1_4' title="bbox 188 417 1791 519; baseline 0.02 -50"><span class='ocrx_word' id='word_1_6' title='bbox 188 417 424 519; x_wconf 51' lang='grc' dir='ltr'><strong>ζ’ωὴνὶν</strong></span> <span class='ocrx_word' id='word_1_7' title='bbox 473 422 545 519; x_wconf 67' lang='grc' dir='ltr'><strong>τι)</strong></span> <span class='ocrx_word' id='word_1_8' title='bbox 776 432 911 485; x_wconf 81' lang='grc' dir='ltr'><em>τῶν</em></span> <span class='ocrx_word' id='word_1_9' title='bbox 963 438 1299 505; x_wconf 61' lang='grc' dir='ltr'><em>ἀνθρώπων</em></span> <span class='ocrx_word' id='word_1_10' title='bbox 1360 442 1452 493; x_wconf 82' lang='grc' dir='ltr'><strong>καὶ</strong></span> <span class='ocrx_word' id='word_1_11' title='bbox 1505 444 1677 498; x_wconf 75' lang='grc' dir='ltr'>πάλινο</span> <span class='ocrx_word' id='word_1_12' title='bbox 1712 443 1791 501; x_wconf 74' lang='grc' dir='ltr'><strong>Ἧι</strong></span> 
     </span>
    </p>
   </div>
   <div class='ocr_carea' id='block_1_5' title="bbox 1899 417 3435 519">
    <p class='ocr_par' dir='ltr' id='par_1_5' title="bbox 1917 449 3435 519">
     <span class='ocr_line' id='line_1_5' title="bbox 1917 449 3435 519; baseline 0.006 -10"><span class='ocrx_word' id='word_1_13' title='bbox 1917 474 2110 511; x_wconf 89' lang='lat' dir='ltr'><strong>omnem</strong></span> <span class='ocrx_word' id='word_1_14' title='bbox 2167 449 2433 510; x_wconf 76' lang='lat' dir='ltr'><strong>hominem</strong></span> <span class='ocrx_word' id='word_1_15' title='bbox 2474 457 2743 509; x_wconf 84' lang='lat' dir='ltr'><strong>venientem</strong></span> <span class='ocrx_word' id='word_1_16' title='bbox 2793 459 2843 509; x_wconf 89' lang='lat' dir='ltr'><strong>in</strong></span> <span class='ocrx_word' id='word_1_17' title='bbox 2883 459 3013 511; x_wconf 79' lang='lat' dir='ltr'><strong>hunc</strong></span> <span class='ocrx_word' id='word_1_18' title='bbox 3067 462 3329 518; x_wconf 81' lang='lat' dir='ltr'><strong>mundum.</strong></span> <span class='ocrx_word' id='word_1_19' title='bbox 3373 467 3435 519; x_wconf 84' lang='lat' dir='ltr'><strong>In</strong></span> 
     </span>
    </p>
   </div>
   <div class='ocr_carea' id='block_1_6' title="bbox 197 508 1820 601">
    <p class='ocr_par' dir='ltr' id='par_1_6' title="bbox 197 508 1820 601">
     <span class='ocr_line' id='line_1_6' title="bbox 197 508 1820 601; baseline 0.019 -44"><span class='ocrx_word' id='word_1_20' title='bbox 197 520 285 571; x_wconf 74' lang='grc' dir='ltr'><strong>τὸ</strong></span> <span class='ocrx_word' id='word_1_21' title='bbox 326 508 441 587; x_wconf 63' lang='grc' dir='ltr'><strong>φῶς</strong></span> <span class='ocrx_word' id='word_1_22' title='bbox 468 510 539 563; x_wconf 80' lang='grc' dir='ltr'><em>τὸ</em></span> <span class='ocrx_word' id='word_1_23' title='bbox 570 514 916 587; x_wconf 64' lang='grc' dir='ltr'><em>ἀληθινὸν,</em></span> <span class='ocrx_word' id='word_1_24' title='bbox 952 526 1019 579; x_wconf 83' lang='grc' dir='ltr'><em>τὸ</em></span> <span class='ocrx_word' id='word_1_25' title='bbox 1046 527 1287 595; x_wconf 71' lang='grc' dir='ltr'><em>φωτίζον</em></span> <span class='ocrx_word' id='word_1_26' title='bbox 1314 528 1502 582; x_wconf 82' lang='grc' dir='ltr'><em>πάντα</em></span> <span class='ocrx_word' id='word_1_27' title='bbox 1516 532 1820 601; x_wconf 75' lang='grc' dir='ltr'><em>ἄνθρωπον</em></span> 
     </span>
    </p>
   </div>
   <div class='ocr_carea' id='block_1_7' title="bbox 211 608 1820 695">
    <p class='ocr_par' dir='ltr' id='par_1_7' title="bbox 211 608 1820 695">
     <span class='ocr_line' id='line_1_7' title="bbox 211 608 1820 695; baseline 0.018 -42"><span class='ocrx_word' id='word_1_28' title='bbox 211 608 558 676; x_wconf 71' lang='grc' dir='ltr'><strong>ἐρχόμενον</strong></span> <span class='ocrx_word' id='word_1_29' title='bbox 596 612 688 674; x_wconf 76' lang='grc' dir='ltr'><em>εις</em></span> <span class='ocrx_word' id='word_1_30' title='bbox 716 612 833 665; x_wconf 82' lang='grc' dir='ltr'><em>τὸν</em></span> <span class='ocrx_word' id='word_1_31' title='bbox 850 619 1105 685; x_wconf 84' lang='grc' dir='ltr'><strong>κόσμον.</strong></span> <span class='ocrx_word' id='word_1_32' title='bbox 1143 622 1234 673; x_wconf 82' lang='grc' dir='ltr'><em>Ἐν</em></span> <span class='ocrx_word' id='word_1_33' title='bbox 1261 622 1339 686; x_wconf 87' lang='grc' dir='ltr'><em>τῷ</em></span> <span class='ocrx_word' id='word_1_34' title='bbox 1371 626 1569 692; x_wconf 82' lang='grc' dir='ltr'><strong>κόσμῳ</strong></span> <span class='ocrx_word' id='word_1_35' title='bbox 1592 624 1685 695; x_wconf 82' lang='grc' dir='ltr'><em>ἦν,</em></span> <span class='ocrx_word' id='word_1_36' title='bbox 1723 631 1820 683; x_wconf 76' lang='grc' dir='ltr'><strong>καὶ</strong></span> 
     </span>
    </p>
   </div>
   <div class='ocr_carea' id='block_1_8' title="bbox 211 699 1819 785">
    <p class='ocr_par' dir='ltr' id='par_1_8' title="bbox 211 699 1819 785">
     <span class='ocr_line' id='line_1_8' title="bbox 211 699 1819 785; baseline 0.012 -32"><span class='ocrx_word' id='word_1_37' title='bbox 211 703 255 753; x_wconf 86' lang='grc' dir='ltr'><strong><em>ό</em></strong></span> <span class='ocrx_word' id='word_1_38' title='bbox 298 702 535 766; x_wconf 76' lang='grc' dir='ltr'><strong>κόσμος</strong></span> <span class='ocrx_word' id='word_1_39' title='bbox 562 699 636 752; x_wconf 76' lang='grc' dir='ltr'>δι’</span> <span class='ocrx_word' id='word_1_40' title='bbox 660 705 862 757; x_wconf 74' lang='grc' dir='ltr'><em>αὑτοῦ</em></span> <span class='ocrx_word' id='word_1_41' title='bbox 887 709 1143 777; x_wconf 82' lang='grc' dir='ltr'><em>ἐγένετο,</em></span> <span class='ocrx_word' id='word_1_42' title='bbox 1175 714 1270 765; x_wconf 77' lang='grc' dir='ltr'><strong>καὶ</strong></span> <span class='ocrx_word' id='word_1_43' title='bbox 1316 718 1347 766; x_wconf 87' lang='grc' dir='ltr'><em>ό</em></span> <span class='ocrx_word' id='word_1_44' title='bbox 1400 719 1618 785; x_wconf 83' lang='grc' dir='ltr'><strong>κόσμος</strong></span> <span class='ocrx_word' id='word_1_45' title='bbox 1639 721 1819 773; x_wconf 83' lang='grc' dir='ltr'><em>αὑτὸν</em></span> 
     </span>
    </p>
   </div>
   <div class='ocr_carea' id='block_1_9' title="bbox 212 791 1816 876">
    <p class='ocr_par' dir='ltr' id='par_1_9' title="bbox 212 791 1816 876">
     <span class='ocr_line' id='line_1_9' title="bbox 212 791 1816 876; baseline 0.014 -36"><span class='ocrx_word' id='word_1_46' title='bbox 212 793 351 843; x_wconf 73' lang='grc' dir='ltr'><strong>οὐκ</strong></span> <span class='ocrx_word' id='word_1_47' title='bbox 378 791 555 859; x_wconf 69' lang='grc' dir='ltr'><strong>ἔγνω.</strong></span> <span class='ocrx_word' id='word_1_48' title='bbox 579 792 793 846; x_wconf 70' lang='grc' dir='ltr'><strong>Οὐκοῦν</strong></span> <span class='ocrx_word' id='word_1_49' title='bbox 818 792 890 865; x_wconf 79' lang='grc' dir='ltr'><strong>ἦν</strong></span> <span class='ocrx_word' id='word_1_50' title='bbox 916 801 973 851; x_wconf 85' lang='grc' dir='ltr'><strong>ὲν</strong></span> <span class='ocrx_word' id='word_1_51' title='bbox 1002 800 1077 869; x_wconf 78' lang='grc' dir='ltr'><em>τῷ</em></span> <span class='ocrx_word' id='word_1_52' title='bbox 1102 803 1299 872; x_wconf 64' lang='grc' dir='ltr'>κόσμῳ</span> <span class='ocrx_word' id='word_1_53' title='bbox 1320 806 1549 876; x_wconf 79' lang='grc' dir='ltr'><strong>κάκείνῳ</strong></span> <span class='ocrx_word' id='word_1_54' title='bbox 1579 808 1653 875; x_wconf 84' lang='grc' dir='ltr'><strong>τῷ</strong></span> <span class='ocrx_word' id='word_1_55' title='bbox 1682 811 1816 876; x_wconf 79' lang='grc' dir='ltr'>φωτὶ</span> 
     </span>
    </p>
   </div>
   <div class='ocr_carea' id='block_1_10' title="bbox 208 882 1810 965">
    <p class='ocr_par' dir='ltr' id='par_1_10' title="bbox 208 882 1810 965">
     <span class='ocr_line' id='line_1_10' title="bbox 208 882 1810 965; baseline 0.012 -33"><span class='ocrx_word' id='word_1_56' title='bbox 208 882 272 932; x_wconf 81' lang='grc' dir='ltr'><strong>οἱ</strong></span> <span class='ocrx_word' id='word_1_57' title='bbox 304 882 421 948; x_wconf 72' lang='grc' dir='ltr'><strong>τῆς</strong></span> <span class='ocrx_word' id='word_1_58' title='bbox 452 884 606 952; x_wconf 72' lang='grc' dir='ltr'><em>παρὰ</em></span> <span class='ocrx_word' id='word_1_59' title='bbox 636 884 715 953; x_wconf 81' lang='grc' dir='ltr'><strong>τῷ</strong></span> <span class='ocrx_word' id='word_1_60' title='bbox 739 886 862 956; x_wconf 83' lang='grc' dir='ltr'><em>Θεῴ</em></span> <span class='ocrx_word' id='word_1_61' title='bbox 889 890 1032 959; x_wconf 79' lang='grc' dir='ltr'><strong>ζωῆς</strong></span> <span class='ocrx_word' id='word_1_62' title='bbox 1060 892 1457 962; x_wconf 78' lang='grc' dir='ltr'>καταξιούμενοι</span> <span class='ocrx_word' id='word_1_63' title='bbox 1479 898 1810 965; x_wconf 72' lang='grc' dir='ltr'><strong>ὲφωτίζοντο.</strong></span> 
     </span>
    </p>
   </div>
   <div class='ocr_carea' id='block_1_11' title="bbox 214 970 1815 1049">
    <p class='ocr_par' dir='ltr' id='par_1_11' title="bbox 214 970 1815 1049">
     <span class='ocr_line' id='line_1_11' title="bbox 214 970 1815 1049; baseline 0.014 -30"><span class='ocrx_word' id='word_1_64' title='bbox 214 970 520 1040; x_wconf 73' lang='grc' dir='ltr'><strong>’Υπερον</strong></span> <span class='ocrx_word' id='word_1_65' title='bbox 546 972 605 1024; x_wconf 80' lang='grc' dir='ltr'><strong>δὲ</strong></span> <span class='ocrx_word' id='word_1_66' title='bbox 633 975 729 1025; x_wconf 73' lang='grc' dir='ltr'>καὶ</span> <span class='ocrx_word' id='word_1_67' title='bbox 760 978 849 1040; x_wconf 77' lang='grc' dir='ltr'><em>εὶς</em></span> <span class='ocrx_word' id='word_1_68' title='bbox 890 978 961 1029; x_wconf 85' lang='grc' dir='ltr'><em>τὰ</em></span> <span class='ocrx_word' id='word_1_69' title='bbox 1020 979 1137 1032; x_wconf 80' lang='grc' dir='ltr'>ιδια</span> <span class='ocrx_word' id='word_1_70' title='bbox 1184 978 1382 1049; x_wconf 77' lang='grc' dir='ltr'><strong>ἦλθεν·</strong></span> <span class='ocrx_word' id='word_1_71' title='bbox 1425 984 1551 1037; x_wconf 83' lang='grc' dir='ltr'><em>ὅσοι</em></span> <span class='ocrx_word' id='word_1_72' title='bbox 1600 1004 1660 1039; x_wconf 87' lang='grc' dir='ltr'><strong>τε</strong></span> <span class='ocrx_word' id='word_1_73' title='bbox 1695 988 1815 1041; x_wconf 85' lang='grc' dir='ltr'><strong>ἐδέ-</strong></span> 
     </span>
    </p>
   </div>
   <div class='ocr_carea' id='block_1_12' title="bbox 212 1059 1815 1133">
    <p class='ocr_par' dir='ltr' id='par_1_12' title="bbox 212 1059 1815 1133">
     <span class='ocr_line' id='line_1_12' title="bbox 212 1059 1815 1133; baseline 0.014 -24"><span class='ocrx_word' id='word_1_74' title='bbox 212 1059 430 1121; x_wconf 75' lang='grc' dir='ltr'><em>ξαντο</em></span> <span class='ocrx_word' id='word_1_75' title='bbox 466 1062 668 1113; x_wconf 81' lang='grc' dir='ltr'><em>αὐτὸν</em></span> <span class='ocrx_word' id='word_1_76' title='bbox 695 1064 923 1118; x_wconf 76' lang='grc' dir='ltr'><strong>ἔδωκεν</strong></span> <span class='ocrx_word' id='word_1_77' title='bbox 942 1070 1141 1133; x_wconf 83' lang='grc' dir='ltr'><em>αὐτοῖς</em></span> <span class='ocrx_word' id='word_1_78' title='bbox 1159 1071 1441 1133; x_wconf 80' lang='grc' dir='ltr'><strong>ἐξουσίαν</strong></span> <span class='ocrx_word' id='word_1_79' title='bbox 1466 1075 1641 1129; x_wconf 78' lang='grc' dir='ltr'><em>τέκνα</em></span> <span class='ocrx_word' id='word_1_80' title='bbox 1674 1078 1815 1132; x_wconf 87' lang='grc' dir='ltr'><em>Θεοῦ</em></span> 
     </span>
    </p>
   </div>
   <div class='ocr_carea' id='block_1_13' title="bbox 215 1147 1815 1229">
    <p class='ocr_par' dir='ltr' id='par_1_13' title="bbox 215 1147 1815 1229">
     <span class='ocr_line' id='line_1_13' title="bbox 215 1147 1815 1229; baseline 0.014 -34"><span class='ocrx_word' id='word_1_81' title='bbox 215 1147 547 1213; x_wconf 65' lang='grc' dir='ltr'><strong>γενέσθαι.</strong></span> <span class='ocrx_word' id='word_1_82' title='bbox 608 1151 858 1222; x_wconf 75' lang='grc' dir='ltr'><strong>Τοσαύτη</strong></span> <span class='ocrx_word' id='word_1_83' title='bbox 913 1154 1136 1223; x_wconf 78' lang='grc' dir='ltr'>δύναμις</span> <span class='ocrx_word' id='word_1_84' title='bbox 1189 1161 1362 1228; x_wconf 82' lang='grc' dir='ltr'><em>παρῆν</em></span> <span class='ocrx_word' id='word_1_85' title='bbox 1402 1160 1476 1229; x_wconf 82' lang='grc' dir='ltr'><em>τῷ</em></span> <span class='ocrx_word' id='word_1_86' title='bbox 1528 1164 1660 1229; x_wconf 77' lang='grc' dir='ltr'><strong>φωτὶ</strong></span> <span class='ocrx_word' id='word_1_87' title='bbox 1709 1167 1815 1217; x_wconf 81' lang='grc' dir='ltr'><strong>τῶν</strong></span> 
     </span>
    </p>
   </div>
   <div class='ocr_carea' id='block_1_14' title="bbox 212 1232 1815 1311">
    <p class='ocr_par' dir='ltr' id='par_1_14' title="bbox 212 1232 1815 1311">
     <span class='ocr_line' id='line_1_14' title="bbox 212 1232 1815 1311; baseline 0.014 -29"><span class='ocrx_word' id='word_1_88' title='bbox 212 1232 486 1295; x_wconf 75' lang='grc' dir='ltr'><em>ζώντων,</em></span> <span class='ocrx_word' id='word_1_89' title='bbox 524 1237 605 1299; x_wconf 81' lang='grc' dir='ltr'><strong>ὡς</strong></span> <span class='ocrx_word' id='word_1_90' title='bbox 630 1237 798 1291; x_wconf 78' lang='grc' dir='ltr'>τέκνα.</span> <span class='ocrx_word' id='word_1_91' title='bbox 828 1240 962 1291; x_wconf 79' lang='grc' dir='ltr'><strong>Θεοῦ</strong></span> <span class='ocrx_word' id='word_1_92' title='bbox 1022 1243 1417 1311; x_wconf 77' lang='grc' dir='ltr'><strong>ἀπεργάζεσθαι</strong></span> <span class='ocrx_word' id='word_1_93' title='bbox 1441 1250 1563 1310; x_wconf 79' lang='grc' dir='ltr'><strong>τοὺς</strong></span> <span class='ocrx_word' id='word_1_94' title='bbox 1599 1251 1815 1303; x_wconf 83' lang='grc' dir='ltr'><strong>καταδε-</strong></span> 
     </span>
    </p>
   </div>
   <div class='ocr_carea' id='block_1_15' title="bbox 1919 547 3435 619">
    <p class='ocr_par' dir='ltr' id='par_1_15' title="bbox 1919 547 3435 619">
     <span class='ocr_line' id='line_1_15' title="bbox 1919 547 3435 619; baseline 0.006 -20"><span class='ocrx_word' id='word_1_95' title='bbox 1919 548 2105 601; x_wconf 82' lang='lat' dir='ltr'><strong>mundo</strong></span> <span class='ocrx_word' id='word_1_96' title='bbox 2152 555 2283 609; x_wconf 87' lang='lat' dir='ltr'><strong>erat,</strong></span> <span class='ocrx_word' id='word_1_97' title='bbox 2324 554 2373 598; x_wconf 91' lang='lat' dir='ltr'><strong>et</strong></span> <span class='ocrx_word' id='word_1_98' title='bbox 2422 547 2640 598; x_wconf 89' lang='lat' dir='ltr'><strong>mundus</strong></span> <span class='ocrx_word' id='word_1_99' title='bbox 2698 562 2786 613; x_wconf 90' lang='lat' dir='ltr'><strong>per</strong></span> <span class='ocrx_word' id='word_1_100' title='bbox 2836 549 2997 613; x_wconf 88' lang='lat' dir='ltr'><strong>ipsum</strong></span> <span class='ocrx_word' id='word_1_101' title='bbox 3052 551 3217 617; x_wconf 86' lang='lat' dir='ltr'><strong>factus</strong></span> <span class='ocrx_word' id='word_1_102' title='bbox 3262 562 3357 619; x_wconf 85' lang='lat' dir='ltr'><strong>est,</strong></span> <span class='ocrx_word' id='word_1_103' title='bbox 3388 566 3435 608; x_wconf 89' lang='lat' dir='ltr'><strong>et</strong></span> 
     </span>
    </p>
   </div>
   <div class='ocr_carea' id='block_1_16' title="bbox 1917 635 3431 706">
    <p class='ocr_par' dir='ltr' id='par_1_16' title="bbox 1917 635 3431 706">
     <span class='ocr_line' id='line_1_16' title="bbox 1917 635 3431 706; baseline 0.008 -20"><span class='ocrx_word' id='word_1_104' title='bbox 1917 635 2134 689; x_wconf 70' lang='lat' dir='ltr'><strong>mundus</strong></span> <span class='ocrx_word' id='word_1_105' title='bbox 2165 652 2275 689; x_wconf 91' lang='lat' dir='ltr'><strong>eum</strong></span> <span class='ocrx_word' id='word_1_106' title='bbox 2296 652 2395 688; x_wconf 91' lang='lat' dir='ltr'><strong>non</strong></span> <span class='ocrx_word' id='word_1_107' title='bbox 2420 636 2650 703; x_wconf 87' lang='lat' dir='ltr'><strong>cognovit</strong></span> <span class='ocrx_word' id='word_1_108' title='bbox 2670 637 2733 688; x_wconf 80' lang='lat'><strong>”.</strong></span> <span class='ocrx_word' id='word_1_109' title='bbox 2766 638 2892 689; x_wconf 85' lang='lat' dir='ltr'><strong>Erat</strong></span> <span class='ocrx_word' id='word_1_110' title='bbox 2930 638 3089 706; x_wconf 77' lang='lat' dir='ltr'><strong>igitur</strong></span> <span class='ocrx_word' id='word_1_111' title='bbox 3125 640 3179 693; x_wconf 92' lang='lat' dir='ltr'><strong>in</strong></span> <span class='ocrx_word' id='word_1_112' title='bbox 3204 644 3431 699; x_wconf 88' lang='lat' dir='ltr'><strong>mundo:</strong></span> 
     </span>
    </p>
   </div>
   <div class='ocr_carea' id='block_1_17' title="bbox 1913 726 3435 795">
    <p class='ocr_par' dir='ltr' id='par_1_17' title="bbox 1913 726 3435 795">
     <span class='ocr_line' id='line_1_17' title="bbox 1913 726 3435 795; baseline 0.006 -17"><span class='ocrx_word' id='word_1_113' title='bbox 1913 731 1965 778; x_wconf 86' lang='lat' dir='ltr'><strong>et</strong></span> <span class='ocrx_word' id='word_1_114' title='bbox 2020 726 2116 779; x_wconf 89' lang='lat' dir='ltr'><strong>hoc</strong></span> <span class='ocrx_word' id='word_1_115' title='bbox 2161 726 2376 786; x_wconf 88' lang='lat' dir='ltr'><strong>lumine,</strong></span> <span class='ocrx_word' id='word_1_116' title='bbox 2420 726 2511 795; x_wconf 85' lang='lat' dir='ltr'><strong>qui</strong></span> <span class='ocrx_word' id='word_1_117' title='bbox 2560 726 2666 778; x_wconf 83' lang='lat' dir='ltr'><strong>vita</strong></span> <span class='ocrx_word' id='word_1_118' title='bbox 2718 726 2806 779; x_wconf 90' lang='lat' dir='ltr'><strong>illa</strong></span> <span class='ocrx_word' id='word_1_119' title='bbox 2852 728 2988 795; x_wconf 86' lang='lat' dir='ltr'><strong>apud</strong></span> <span class='ocrx_word' id='word_1_120' title='bbox 3043 727 3207 783; x_wconf 89' lang='lat' dir='ltr'><strong>Deum</strong></span> <span class='ocrx_word' id='word_1_121' title='bbox 3253 734 3435 786; x_wconf 83' lang='lat' dir='ltr'><strong>donati</strong></span> 
     </span>
    </p>
   </div>
   <div class='ocr_carea' id='block_1_18' title="bbox 1911 814 3434 885">
    <p class='ocr_par' dir='ltr' id='par_1_18' title="bbox 1911 814 3434 885">
     <span class='ocr_line' id='line_1_18' title="bbox 1911 814 3434 885; baseline 0.004 -19"><span class='ocrx_word' id='word_1_122' title='bbox 1911 822 2080 875; x_wconf 88' lang='lat' dir='ltr'><strong>erant,</strong></span> <span class='ocrx_word' id='word_1_123' title='bbox 2112 814 2557 867; x_wconf 81' lang='lat' dir='ltr'><strong>illuminabantur.</strong></span> <span class='ocrx_word' id='word_1_124' title='bbox 2596 814 2788 868; x_wconf 86' lang='lat' dir='ltr'><strong>Deinde</strong></span> <span class='ocrx_word' id='word_1_125' title='bbox 2833 816 2883 866; x_wconf 89' lang='lat' dir='ltr'><strong>in</strong></span> <span class='ocrx_word' id='word_1_126' title='bbox 2925 817 3131 883; x_wconf 88' lang='lat' dir='ltr'><strong>propria</strong></span> <span class='ocrx_word' id='word_1_127' title='bbox 3172 820 3337 881; x_wconf 85' lang='lat' dir='ltr'><strong>venit;</strong></span> <span class='ocrx_word' id='word_1_128' title='bbox 3385 830 3434 885; x_wconf 80' lang='lat' dir='ltr'><strong>et</strong></span> 
     </span>
    </p>
   </div>
   <div class='ocr_carea' id='block_1_19' title="bbox 1912 904 3446 974">
    <p class='ocr_par' dir='ltr' id='par_1_19' title="bbox 1912 904 3446 974">
     <span class='ocr_line' id='line_1_19' title="bbox 1912 904 3446 974; baseline 0.001 -21"><span class='ocrx_word' id='word_1_129' title='bbox 1912 912 2165 969; x_wconf 67' lang='lat' dir='ltr'><strong>quotquot‘</strong></span> <span class='ocrx_word' id='word_1_130' title='bbox 2192 914 2483 969; x_wconf 87' lang='lat' dir='ltr'><strong>receperunt</strong></span> <span class='ocrx_word' id='word_1_131' title='bbox 2532 920 2665 966; x_wconf 89' lang='lat' dir='ltr'><strong>eum,</strong></span> <span class='ocrx_word' id='word_1_132' title='bbox 2686 904 2822 956; x_wconf 87' lang='lat' dir='ltr'><strong>dedit</strong></span> <span class='ocrx_word' id='word_1_133' title='bbox 2852 905 2924 956; x_wconf 88' lang='lat' dir='ltr'><strong>eis</strong></span> <span class='ocrx_word' id='word_1_134' title='bbox 2966 914 3265 970; x_wconf 87' lang='lat' dir='ltr'><strong>potestatem</strong></span> <span class='ocrx_word' id='word_1_135' title='bbox 3298 907 3446 974; x_wconf 69' lang='lat' dir='ltr'><strong>ﬁlios.</strong></span> 
     </span>
    </p>
   </div>
   <div class='ocr_carea' id='block_1_20' title="bbox 1910 991 3437 1058">
    <p class='ocr_par' dir='ltr' id='par_1_20' title="bbox 1910 991 3437 1058">
     <span class='ocr_line' id='line_1_20' title="bbox 1910 991 3437 1058; baseline 0.005 -16"><span class='ocrx_word' id='word_1_136' title='bbox 1910 991 2007 1043; x_wconf 88' lang='lat' dir='ltr'><strong>Dei</strong></span> <span class='ocrx_word' id='word_1_137' title='bbox 2028 993 2159 1058; x_wconf 80' lang='lat' dir='ltr'><strong>ﬁeri.</strong></span> <span class='ocrx_word' id='word_1_138' title='bbox 2187 991 2353 1045; x_wconf 87' lang='lat' dir='ltr'><strong>Tanta</strong></span> <span class='ocrx_word' id='word_1_139' title='bbox 2382 994 2553 1047; x_wconf 82' lang='lat' dir='ltr'><strong>virtus</strong></span> <span class='ocrx_word' id='word_1_140' title='bbox 2586 994 2773 1046; x_wconf 90' lang='lat' dir='ltr'><strong>lumini</strong></span> <span class='ocrx_word' id='word_1_141' title='bbox 2816 995 3096 1048; x_wconf 72' lang='lat' dir='ltr'><strong>viventium</strong></span> <span class='ocrx_word' id='word_1_142' title='bbox 3151 996 3343 1057; x_wconf 80' lang='lat' dir='ltr'><strong>inerat,</strong></span> <span class='ocrx_word' id='word_1_143' title='bbox 3378 1006 3437 1050; x_wconf 66' lang='lat' dir='ltr'><strong>ut</strong></span> 
     </span>
    </p>
   </div>
   <div class='ocr_carea' id='block_1_21' title="bbox 1913 1081 3431 1151">
    <p class='ocr_par' dir='ltr' id='par_1_21' title="bbox 1913 1081 3431 1151">
     <span class='ocr_line' id='line_1_21' title="bbox 1913 1081 3431 1151; baseline 0.003 -20"><span class='ocrx_word' id='word_1_144' title='bbox 1913 1093 2004 1132; x_wconf 89' lang='lat' dir='ltr'><strong>eos</strong></span> <span class='ocrx_word' id='word_1_145' title='bbox 2033 1081 2121 1148; x_wconf 90' lang='lat' dir='ltr'><strong>qui</strong></span> <span class='ocrx_word' id='word_1_146' title='bbox 2154 1096 2211 1133; x_wconf 94' lang='lat' dir='ltr'><strong>se</strong></span> <span class='ocrx_word' id='word_1_147' title='bbox 2237 1082 2533 1149; x_wconf 84' lang='lat' dir='ltr'><strong>reciperent</strong></span> <span class='ocrx_word' id='word_1_148' title='bbox 2566 1082 2702 1134; x_wconf 79' lang='lat' dir='ltr'><strong>filios</strong></span> <span class='ocrx_word' id='word_1_149' title='bbox 2727 1081 2816 1134; x_wconf 88' lang='lat' dir='ltr'><strong>Dei</strong></span> <span class='ocrx_word' id='word_1_150' title='bbox 2846 1081 3071 1135; x_wconf 81' lang='lat' dir='ltr'><strong>elﬁceret</strong></span> <span class='ocrx_word' id='word_1_151' title='bbox 3108 1102 3119 1135; x_wconf 91' lang='lat'>:</span> <span class='ocrx_word' id='word_1_152' title='bbox 3146 1084 3285 1151; x_wconf 93' lang='lat' dir='ltr'><strong>quod</strong></span> <span class='ocrx_word' id='word_1_153' title='bbox 3312 1098 3431 1136; x_wconf 86' lang='lat' dir='ltr'><strong>cum</strong></span> 
     </span>
    </p>
   </div>
   <div class='ocr_carea' id='block_1_22' title="bbox 1909 1168 3430 1240">
    <p class='ocr_par' dir='ltr' id='par_1_22' title="bbox 1909 1168 3430 1240">
     <span class='ocr_line' id='line_1_22' title="bbox 1909 1168 3430 1240; baseline 0.001 -19"><span class='ocrx_word' id='word_1_154' title='bbox 1909 1168 2069 1221; x_wconf 83' lang='lat' dir='ltr'><strong>sciret</strong></span> <span class='ocrx_word' id='word_1_155' title='bbox 2101 1169 2285 1230; x_wconf 84' lang='lat' dir='ltr'><strong>David,</strong></span> <span class='ocrx_word' id='word_1_156' title='bbox 2324 1172 2375 1222; x_wconf 91' lang='lat' dir='ltr'><strong>in</strong></span> <span class='ocrx_word' id='word_1_157' title='bbox 2404 1179 2527 1224; x_wconf 88' lang='lat' dir='ltr'><strong>voto</strong></span> <span class='ocrx_word' id='word_1_158' title='bbox 2554 1171 2759 1235; x_wconf 87' lang='lat' dir='ltr'><strong>habuit,</strong></span> <span class='ocrx_word' id='word_1_159' title='bbox 2783 1180 2839 1224; x_wconf 93' lang='lat' dir='ltr'><strong>ut</strong></span> <span class='ocrx_word' id='word_1_160' title='bbox 2872 1174 3103 1240; x_wconf 84' lang='lat' dir='ltr'><strong>placeret</strong></span> <span class='ocrx_word' id='word_1_161' title='bbox 3134 1189 3305 1225; x_wconf 90' lang='lat' dir='ltr'><strong>coram</strong></span> <span class='ocrx_word' id='word_1_162' title='bbox 3326 1173 3430 1226; x_wconf 80' lang='lat' dir='ltr'><strong>Deo</strong></span> 
     </span>
    </p>
   </div>
   <div class='ocr_carea' id='block_1_23' title="bbox 1911 1256 2494 1314">
    <p class='ocr_par' dir='ltr' id='par_1_23' title="bbox 1911 1256 2494 1314">
     <span class='ocr_line' id='line_1_23' title="bbox 1911 1256 2494 1314; baseline 0.01 -7"><span class='ocrx_word' id='word_1_163' title='bbox 1911 1256 1962 1307; x_wconf 89' lang='lat' dir='ltr'><strong>in</strong></span> <span class='ocrx_word' id='word_1_164' title='bbox 1991 1257 2182 1311; x_wconf 80' lang='lat' dir='ltr'><strong>lumine</strong></span> <span class='ocrx_word' id='word_1_165' title='bbox 2206 1261 2494 1314; x_wconf 82' lang='lat' dir='ltr'><strong>viventium.</strong></span> 
     </span>
    </p>
   </div>
   <div class='ocr_carea' id='block_1_24' title="bbox 210 1327 3426 1424">
    <p class='ocr_par' dir='ltr' id='par_1_24' title="bbox 210 1327 3426 1424">
     <span class='ocr_line' id='line_1_24' title="bbox 210 1327 3426 1424; baseline 0.01 -49"><span class='ocrx_word' id='word_1_166' title='bbox 210 1327 512 1424; x_wconf 54' lang='grc' dir='ltr'><strong>Ξομένους</strong></span> <span class='ocrx_word' id='word_1_167' title='bbox 563 1330 724 1381; x_wconf 79' lang='grc' dir='ltr'><strong>αὑτό·</strong></span> <span class='ocrx_word' id='word_1_168' title='bbox 777 1332 912 1401; x_wconf 85' lang='grc' dir='ltr'><em>ὅπερ</em></span> <span class='ocrx_word' id='word_1_169' title='bbox 976 1334 1125 1397; x_wconf 81' lang='grc' dir='ltr'><strong>εἰδὼς</strong></span> <span class='ocrx_word' id='word_1_170' title='bbox 1166 1338 1193 1387; x_wconf 85' lang='grc' dir='ltr'><em>ὁ</em></span> <span class='ocrx_word' id='word_1_171' title='bbox 1238 1336 1395 1390; x_wconf 63' lang='lat' dir='ltr'><strong>Ama</strong></span> <span class='ocrx_word' id='word_1_172' title='bbox 1447 1339 1512 1391; x_wconf 79' lang='grc' dir='ltr'>δι’</span> <span class='ocrx_word' id='word_1_173' title='bbox 1546 1341 1707 1410; x_wconf 78' lang='grc' dir='ltr'><strong>εὐχῆς</strong></span> <span class='ocrx_word' id='word_1_174' title='bbox 1764 1339 1882 1412; x_wconf 69' lang='grc' dir='ltr'>εἶχεν</span> <span class='ocrx_word' id='word_1_175' title='bbox 1908 1347 1999 1400; x_wconf 78' lang='grc' dir='ltr'><em>τοῦ</em></span> <span class='ocrx_word' id='word_1_176' title='bbox 2050 1350 2399 1419; x_wconf 78' lang='grc' dir='ltr'><strong>εὐαρεστῆσαι</strong></span> <span class='ocrx_word' id='word_1_177' title='bbox 2470 1350 2716 1403; x_wconf 80' lang='grc' dir='ltr'><em>ἐνώπιον</em></span> <span class='ocrx_word' id='word_1_178' title='bbox 2796 1352 2897 1404; x_wconf 87' lang='grc' dir='ltr'><em>τοῦ</em></span> <span class='ocrx_word' id='word_1_179' title='bbox 2949 1350 3091 1407; x_wconf 84' lang='grc' dir='ltr'><strong>Θεοῦ</strong></span> <span class='ocrx_word' id='word_1_180' title='bbox 3154 1355 3221 1407; x_wconf 85' lang='grc' dir='ltr'><strong>ἐν</strong></span> <span class='ocrx_word' id='word_1_181' title='bbox 3283 1342 3426 1424; x_wconf 61' lang='grc' dir='ltr'><em>φωτί</em></span> 
     </span>
    </p>
   </div>
   <div class='ocr_carea' id='block_1_25' title="bbox 210 1414 494 1474">
    <p class='ocr_par' dir='ltr' id='par_1_25' title="bbox 210 1414 494 1474">
     <span class='ocr_line' id='line_1_25' title="bbox 210 1414 494 1474; baseline 0.007 -7"><span class='ocrx_word' id='word_1_182' title='bbox 210 1414 494 1474; x_wconf 74' lang='grc' dir='ltr'><em>ζώντων.</em></span> 
     </span>
    </p>
   </div>
   <div class='ocr_carea' id='block_1_26' title="bbox 214 1553 1810 1631">
    <p class='ocr_par' dir='ltr' id='par_1_26' title="bbox 214 1553 1810 1631">
     <span class='ocr_line' id='line_1_26' title="bbox 214 1553 1810 1631; baseline 0.016 -27"><span class='ocrx_word' id='word_1_183' title='bbox 214 1553 478 1631; x_wconf 51' lang='lat'><strong>£1539</strong></span> <span class='ocrx_word' id='word_1_184' title='bbox 498 1558 752 1631; x_wconf 49' lang='lat' dir='ltr'><strong>Tenos.</strong></span> <span class='ocrx_word' id='word_1_185' title='bbox 784 1560 893 1631; x_wconf 82' lang='lat' dir='ltr'><strong>Mli</strong></span> <span class='ocrx_word' id='word_1_186' title='bbox 944 1565 1351 1631; x_wconf 78' lang='grc' dir='ltr'><strong>ΔΙΑΦΘΕῘΡΗΣ,</strong></span> <span class='ocrx_word' id='word_1_187' title='bbox 1378 1572 1459 1623; x_wconf 80' lang='lat' dir='ltr'><strong>Tn</strong></span> <span class='ocrx_word' id='word_1_188' title='bbox 1490 1574 1679 1626; x_wconf 73' lang='grc' dir='ltr'><strong>ΔΑΥιΔ</strong></span> <span class='ocrx_word' id='word_1_189' title='bbox 1709 1577 1810 1627; x_wconf 69' lang='grc' dir='ltr'><strong>ΕΙΣ</strong></span> 
     </span>
    </p>
   </div>
   <div class='ocr_carea' id='block_1_27' title="bbox 302 1624 1809 1694">
    <p class='ocr_par' dir='ltr' id='par_1_27' title="bbox 302 1624 1809 1694">
     <span class='ocr_line' id='line_1_27' title="bbox 302 1624 1809 1694; baseline 0.015 -21"><span class='ocrx_word' id='word_1_190' title='bbox 302 1624 858 1694; x_wconf 60' lang='grc' dir='ltr'><strong>ξ’ςηΑυΓΡΑψιΑΝ</strong></span> <span class='ocrx_word' id='word_1_191' title='bbox 903 1632 989 1681; x_wconf 86' lang='lat' dir='ltr'><strong>EN</strong></span> <span class='ocrx_word' id='word_1_192' title='bbox 1022 1634 1103 1683; x_wconf 77' lang='grc' dir='ltr'><strong>το</strong></span> <span class='ocrx_word' id='word_1_193' title='bbox 1144 1624 1362 1689; x_wconf 46' lang='lat' dir='ltr'><strong>arma</strong></span> <span class='ocrx_word' id='word_1_194' title='bbox 1414 1624 1809 1694; x_wconf 48' lang='lat' dir='ltr'><strong>summa:</strong></span> 
     </span>
    </p>
   </div>
   <div class='ocr_carea' id='block_1_28' title="bbox 300 1693 1808 1763">
    <p class='ocr_par' dir='ltr' id='par_1_28' title="bbox 300 1693 1808 1763">
     <span class='ocr_line' id='line_1_28' title="bbox 300 1693 1808 1763; baseline 0.015 -22"><span class='ocrx_word' id='word_1_195' title='bbox 300 1693 481 1763; x_wconf 50' lang='grc' dir='ltr'><strong>χειῇ</strong></span> <span class='ocrx_word' id='word_1_196' title='bbox 520 1695 667 1747; x_wconf 78' lang='grc' dir='ltr'><strong>ΑΠο</strong></span> <span class='ocrx_word' id='word_1_197' title='bbox 714 1696 1071 1752; x_wconf 73' lang='grc' dir='ltr'><strong>ΠΡυΣΩΤοΥ</strong></span> <span class='ocrx_word' id='word_1_198' title='bbox 1120 1704 1337 1757; x_wconf 81' lang='grc' dir='ltr'>ΣΑΟΥΑ</span> <span class='ocrx_word' id='word_1_199' title='bbox 1395 1708 1497 1762; x_wconf 71' lang='grc' dir='ltr'><strong>ΕΙΣ</strong></span> <span class='ocrx_word' id='word_1_200' title='bbox 1542 1709 1623 1762; x_wconf 90' lang='lat' dir='ltr'><strong>T0</strong></span> <span class='ocrx_word' id='word_1_201' title='bbox 1654 1693 1808 1763; x_wconf 74' lang='grc' dir='ltr'>ΣΤιι-</span> 
     </span>
    </p>
   </div>
   <div class='ocr_carea' id='block_1_29' title="bbox 300 1762 729 1830">
    <p class='ocr_par' dir='ltr' id='par_1_29' title="bbox 300 1762 729 1830">
     <span class='ocr_line' id='line_1_29' title="bbox 300 1762 729 1830; baseline 0.012 -19"><span class='ocrx_word' id='word_1_202' title='bbox 300 1762 729 1830; x_wconf 47' lang='lat' dir='ltr'><strong>anonymo&quot;.</strong></span> 
     </span>
    </p>
   </div>
   <div class='ocr_carea' id='block_1_30' title="bbox 1916 1576 3424 1640">
    <p class='ocr_par' dir='ltr' id='par_1_30' title="bbox 1916 1576 3424 1640">
     <span class='ocr_line' id='line_1_30' title="bbox 1916 1576 3424 1640; baseline 0.005 -11"><span class='ocrx_word' id='word_1_203' title='bbox 1916 1577 1965 1629; x_wconf 80' lang='grc'><strong>1.</strong></span> <span class='ocrx_word' id='word_1_204' title='bbox 2008 1576 2073 1628; x_wconf 86' lang='grc' dir='ltr'><strong>ΙΝ</strong></span> <span class='ocrx_word' id='word_1_205' title='bbox 2109 1576 2333 1637; x_wconf 84' lang='lat' dir='ltr'><strong>FINEM,</strong></span> <span class='ocrx_word' id='word_1_206' title='bbox 2374 1576 2459 1629; x_wconf 86' lang='lat' dir='ltr'><strong>NE</strong></span> <span class='ocrx_word' id='word_1_207' title='bbox 2497 1577 2901 1640; x_wconf 80' lang='lat' dir='ltr'><strong>DlSPERDAS,</strong></span> <span class='ocrx_word' id='word_1_208' title='bbox 2952 1578 3152 1633; x_wconf 74' lang='lat' dir='ltr'><strong>DAVID</strong></span> <span class='ocrx_word' id='word_1_209' title='bbox 3212 1582 3276 1635; x_wconf 83' lang='grc' dir='ltr'><strong>ΙΝ</strong></span> <span class='ocrx_word' id='word_1_210' title='bbox 3333 1584 3424 1640; x_wconf 83' lang='grc' dir='ltr'><strong>Τι-</strong></span> 
     </span>
    </p>
   </div>
   <div class='ocr_carea' id='block_1_31' title="bbox 1984 1644 3445 1707">
    <p class='ocr_par' dir='ltr' id='par_1_31' title="bbox 1984 1644 3445 1707">
     <span class='ocr_line' id='line_1_31' title="bbox 1984 1644 3445 1707; baseline 0.004 -10"><span class='ocrx_word' id='word_1_211' title='bbox 1984 1644 2138 1698; x_wconf 87' lang='lat' dir='ltr'><strong>TULI</strong></span> <span class='ocrx_word' id='word_1_212' title='bbox 2197 1644 2748 1707; x_wconf 70' lang='lat' dir='ltr'><strong>INSCRIPTIONEM,</strong></span> <span class='ocrx_word' id='word_1_213' title='bbox 2806 1648 2947 1702; x_wconf 86' lang='lat' dir='ltr'><strong>CUM</strong></span> <span class='ocrx_word' id='word_1_214' title='bbox 3017 1650 3329 1707; x_wconf 71' lang='lat' dir='ltr'><strong>FUGERET</strong></span> <span class='ocrx_word' id='word_1_215' title='bbox 3383 1656 3445 1706; x_wconf 69' lang='grc' dir='ltr'><strong>Α.Δ</strong></span> 
     </span>
    </p>
   </div>
   <div class='ocr_carea' id='block_1_32' title="bbox 1976 1714 3120 1771">
    <p class='ocr_par' dir='ltr' id='par_1_32' title="bbox 1976 1714 3120 1771">
     <span class='ocr_line' id='line_1_32' title="bbox 1976 1714 3120 1771; baseline 0.004 -5"><span class='ocrx_word' id='word_1_216' title='bbox 1976 1714 2175 1767; x_wconf 76' lang='lat' dir='ltr'><strong>FACIE</strong></span> <span class='ocrx_word' id='word_1_217' title='bbox 2214 1714 2385 1768; x_wconf 77' lang='lat' dir='ltr'><strong>SAUL</strong></span> <span class='ocrx_word' id='word_1_218' title='bbox 2422 1714 2488 1766; x_wconf 85' lang='grc' dir='ltr'><strong>ΙΝ</strong></span> <span class='ocrx_word' id='word_1_219' title='bbox 2530 1715 2950 1770; x_wconf 80' lang='lat' dir='ltr'><strong>SPELUNCAM.</strong></span> <span class='ocrx_word' id='word_1_220' title='bbox 2992 1716 3120 1771; x_wconf 83' lang='lat' dir='ltr'><strong>LVI.</strong></span> 
     </span>
    </p>
   </div>
   <div class='ocr_carea' id='block_1_33' title="bbox 316 1849 1791 1942">
    <p class='ocr_par' dir='ltr' id='par_1_33' title="bbox 316 1849 1786 1930">
     <span class='ocr_line' id='line_1_33' title="bbox 316 1849 1786 1930; baseline 0.014 -30"><span class='ocrx_word' id='word_1_221' title='bbox 316 1849 626 1917; x_wconf 78' lang='grc' dir='ltr'><strong>Ἐλέησόν</strong></span> <span class='ocrx_word' id='word_1_222' title='bbox 653 1870 753 1921; x_wconf 82' lang='grc' dir='ltr'><strong>με,</strong></span> <span class='ocrx_word' id='word_1_223' title='bbox 788 1857 821 1906; x_wconf 84' lang='grc' dir='ltr'><strong><em>ό</em></strong></span> <span class='ocrx_word' id='word_1_224' title='bbox 846 1856 1008 1919; x_wconf 79' lang='grc' dir='ltr'><em>Θεὸς,</em></span> <span class='ocrx_word' id='word_1_225' title='bbox 1050 1859 1302 1925; x_wconf 70' lang='grc' dir='ltr'><strong>ἐλέησόν</strong></span> <span class='ocrx_word' id='word_1_226' title='bbox 1331 1881 1425 1930; x_wconf 83' lang='grc' dir='ltr'><em>με,</em></span> <span class='ocrx_word' id='word_1_227' title='bbox 1458 1865 1541 1917; x_wconf 81' lang='grc' dir='ltr'><em>ὅτι</em></span> <span class='ocrx_word' id='word_1_228' title='bbox 1586 1868 1681 1919; x_wconf 82' lang='grc' dir='ltr'><strong>ἐπὶ</strong></span> <span class='ocrx_word' id='word_1_229' title='bbox 1714 1886 1786 1922; x_wconf 88' lang='grc' dir='ltr'><em>σο</em></span> 
     </span>
    </p>
   </div>
   <div class='ocr_carea' id='block_1_34' title="bbox 1899 1849 3427 1942">
    <p class='ocr_par' dir='ltr' id='par_1_34' title="bbox 1977 1865 3427 1942">
     <span class='ocr_line' id='line_1_34' title="bbox 1977 1865 3427 1942; baseline 0.007 -25"><span class='ocrx_word' id='word_1_230' title='bbox 1977 1865 2139 1920; x_wconf 75' lang='lat' dir='ltr'><strong>Vens.</strong></span> <span class='ocrx_word' id='word_1_231' title='bbox 2164 1868 2217 1921; x_wconf 72' lang='grc'><strong>2.</strong></span> <span class='ocrx_word' id='word_1_232' title='bbox 2249 1866 2492 1921; x_wconf 79' lang='lat' dir='ltr'><strong>Miserere</strong></span> <span class='ocrx_word' id='word_1_233' title='bbox 2535 1870 2654 1932; x_wconf 90' lang='lat' dir='ltr'><strong>mei,</strong></span> <span class='ocrx_word' id='word_1_234' title='bbox 2680 1872 2836 1936; x_wconf 84' lang='lat' dir='ltr'><strong>Deus,</strong></span> <span class='ocrx_word' id='word_1_235' title='bbox 2882 1873 3120 1924; x_wconf 80' lang='lat' dir='ltr'><strong>miserere</strong></span> <span class='ocrx_word' id='word_1_236' title='bbox 3149 1874 3268 1934; x_wconf 89' lang='lat' dir='ltr'><strong>mei,</strong></span> <span class='ocrx_word' id='word_1_237' title='bbox 3301 1890 3427 1942; x_wconf 87' lang='lat' dir='ltr'><strong>quo-</strong></span> 
     </span>
    </p>
   </div>
   <div class='ocr_carea' id='block_1_35' title="bbox 210 1938 1809 2026">
    <p class='ocr_par' dir='ltr' id='par_1_35' title="bbox 210 1938 1809 2026">
     <span class='ocr_line' id='line_1_35' title="bbox 210 1938 1809 2026; baseline 0.013 -37"><span class='ocrx_word' id='word_1_238' title='bbox 210 1938 530 1992; x_wconf 72' lang='grc' dir='ltr'><em>πέποιθεν</em></span> <span class='ocrx_word' id='word_1_239' title='bbox 561 1943 602 2007; x_wconf 76' lang='grc' dir='ltr'>ἡ</span> <span class='ocrx_word' id='word_1_240' title='bbox 654 1943 828 2009; x_wconf 62' lang='grc' dir='ltr'><strong>ψυχή</strong></span> <span class='ocrx_word' id='word_1_241' title='bbox 879 1962 1016 2011; x_wconf 82' lang='grc' dir='ltr'><em>μου.</em></span> <span class='ocrx_word' id='word_1_242' title='bbox 1061 1949 1263 2019; x_wconf 81' lang='grc' dir='ltr'><em>’Ὠσπερ</em></span> <span class='ocrx_word' id='word_1_243' title='bbox 1318 1953 1420 2003; x_wconf 86' lang='grc' dir='ltr'><strong>ἀπὸ</strong></span> <span class='ocrx_word' id='word_1_244' title='bbox 1459 1955 1553 2023; x_wconf 82' lang='grc' dir='ltr'><strong>τῆς</strong></span> <span class='ocrx_word' id='word_1_245' title='bbox 1580 1958 1809 2026; x_wconf 79' lang='grc' dir='ltr'><strong>ἱστορίας</strong></span> 
     </span>
    </p>
   </div>
   <div class='ocr_carea' id='block_1_36' title="bbox 213 2028 1809 2113">
    <p class='ocr_par' dir='ltr' id='par_1_36' title="bbox 213 2028 1809 2113">
     <span class='ocr_line' id='line_1_36' title="bbox 213 2028 1809 2113; baseline 0.013 -34"><span class='ocrx_word' id='word_1_246' title='bbox 213 2028 515 2081; x_wconf 71' lang='grc' dir='ltr'><strong>ἐδείκνυτο</strong></span> <span class='ocrx_word' id='word_1_247' title='bbox 544 2030 805 2101; x_wconf 79' lang='grc' dir='ltr'><strong>δεύτερον</strong></span> <span class='ocrx_word' id='word_1_248' title='bbox 849 2036 1123 2104; x_wconf 84' lang='grc' dir='ltr'><strong>γινόμενος</strong></span> <span class='ocrx_word' id='word_1_249' title='bbox 1168 2042 1195 2090; x_wconf 84' lang='grc' dir='ltr'><strong>ὁ</strong></span> <span class='ocrx_word' id='word_1_250' title='bbox 1236 2041 1393 2093; x_wconf 82' lang='grc' dir='ltr'><strong>Δαυῖδ</strong></span> <span class='ocrx_word' id='word_1_251' title='bbox 1430 2044 1576 2113; x_wconf 81' lang='grc' dir='ltr'><em>παρὰ</em></span> <span class='ocrx_word' id='word_1_252' title='bbox 1602 2051 1709 2108; x_wconf 84' lang='grc' dir='ltr'><strong>τοῖς</strong></span> <span class='ocrx_word' id='word_1_253' title='bbox 1753 2050 1809 2100; x_wconf 85' lang='grc' dir='ltr'><strong>ὲν</strong></span> 
     </span>
    </p>
   </div>
   <div class='ocr_carea' id='block_1_37' title="bbox 214 2117 1809 2206">
    <p class='ocr_par' dir='ltr' id='par_1_37' title="bbox 214 2117 1809 2206">
     <span class='ocr_line' id='line_1_37' title="bbox 214 2117 1809 2206; baseline 0.014 -39"><span class='ocrx_word' id='word_1_254' title='bbox 214 2117 343 2170; x_wconf 77' lang='grc' dir='ltr'><strong>Γὲθ</strong></span> <span class='ocrx_word' id='word_1_255' title='bbox 373 2120 720 2187; x_wconf 74' lang='grc' dir='ltr'><strong>ἀλλοφύλοις,</strong></span> <span class='ocrx_word' id='word_1_256' title='bbox 754 2127 883 2193; x_wconf 86' lang='grc' dir='ltr'><em>παρ’</em></span> <span class='ocrx_word' id='word_1_257' title='bbox 912 2120 989 2187; x_wconf 73' lang='grc' dir='ltr'><strong>οἷς</strong></span> <span class='ocrx_word' id='word_1_258' title='bbox 1014 2128 1293 2197; x_wconf 80' lang='grc' dir='ltr'>διατρίϐων</span> <span class='ocrx_word' id='word_1_259' title='bbox 1319 2132 1403 2184; x_wconf 84' lang='grc' dir='ltr'><strong>τὸν</strong></span> <span class='ocrx_word' id='word_1_260' title='bbox 1425 2141 1492 2185; x_wconf 76' lang='grc' dir='ltr'><strong>νε¹</strong></span> <span class='ocrx_word' id='word_1_261' title='bbox 1513 2136 1809 2206; x_wconf 83' lang='grc' dir='ltr'>ἀναγέγρα-</span> 
     </span>
    </p>
   </div>
   <div class='ocr_carea' id='block_1_38' title="bbox 212 2208 1807 2295">
    <p class='ocr_par' dir='ltr' id='par_1_38' title="bbox 212 2208 1807 2295">
     <span class='ocr_line' id='line_1_38' title="bbox 212 2208 1807 2295; baseline 0.014 -39"><span class='ocrx_word' id='word_1_262' title='bbox 212 2222 376 2259; x_wconf 74' lang='grc' dir='ltr'><em>πται</em></span> <span class='ocrx_word' id='word_1_263' title='bbox 420 2208 636 2277; x_wconf 74' lang='grc' dir='ltr'>ψαλμὸν</span> <span class='ocrx_word' id='word_1_264' title='bbox 664 2212 924 2279; x_wconf 70' lang='grc' dir='ltr'><strong>εἰρηκώς·</strong></span> <span class='ocrx_word' id='word_1_265' title='bbox 946 2214 1084 2266; x_wconf 76' lang='grc' dir='ltr'><em>οὕτω</em></span> <span class='ocrx_word' id='word_1_266' title='bbox 1110 2217 1188 2278; x_wconf 70' lang='grc' dir='ltr'><strong>δὶς</strong></span> <span class='ocrx_word' id='word_1_267' title='bbox 1213 2220 1453 2285; x_wconf 79' lang='grc' dir='ltr'>φαίνεται</span> <span class='ocrx_word' id='word_1_268' title='bbox 1484 2224 1539 2275; x_wconf 83' lang='grc' dir='ltr'><strong>ὲν</strong></span> <span class='ocrx_word' id='word_1_269' title='bbox 1570 2224 1644 2293; x_wconf 83' lang='grc' dir='ltr'><strong>τῷ</strong></span> <span class='ocrx_word' id='word_1_270' title='bbox 1670 2242 1807 2295; x_wconf 61' lang='grc' dir='ltr'><strong>σαι-τη⁶</strong></span> 
     </span>
    </p>
   </div>
   <div class='ocr_carea' id='block_1_39' title="bbox 211 2292 1803 2379">
    <p class='ocr_par' dir='ltr' id='par_1_39' title="bbox 211 2292 1803 2379">
     <span class='ocr_line' id='line_1_39' title="bbox 211 2292 1803 2379; baseline 0.012 -33"><span class='ocrx_word' id='word_1_271' title='bbox 211 2292 379 2367; x_wconf 65' lang='grc' dir='ltr'><strong>λείῳ</strong></span> <span class='ocrx_word' id='word_1_272' title='bbox 402 2298 701 2367; x_wconf 77' lang='grc' dir='ltr'><strong>ἐληλυθώς·</strong></span> <span class='ocrx_word' id='word_1_273' title='bbox 733 2302 880 2366; x_wconf 78' lang='grc' dir='ltr'><strong>ἅπαξ</strong></span> <span class='ocrx_word' id='word_1_274' title='bbox 907 2304 1023 2369; x_wconf 87' lang='grc' dir='ltr'><strong>μὲν,</strong></span> <span class='ocrx_word' id='word_1_275' title='bbox 1041 2306 1147 2366; x_wconf 79' lang='grc' dir='ltr'>ὅτε,</span> <span class='ocrx_word' id='word_1_276' title='bbox 1178 2308 1364 2374; x_wconf 85' lang='grc' dir='ltr'>μανίαν</span> <span class='ocrx_word' id='word_1_277' title='bbox 1411 2292 1803 2379; x_wconf 62' lang='grc' dir='ltr'><strong>προσποιηθεὶξ,</strong></span> 
     </span>
    </p>
   </div>
   <div class='ocr_carea' id='block_1_40' title="bbox 215 2387 1807 2462">
    <p class='ocr_par' dir='ltr' id='par_1_40' title="bbox 215 2387 1807 2462">
     <span class='ocr_line' id='line_1_40' title="bbox 215 2387 1807 2462; baseline 0.009 -26"><span class='ocrx_word' id='word_1_278' title='bbox 215 2387 342 2447; x_wconf 73' lang='grc' dir='ltr'><strong>τὰς</strong></span> <span class='ocrx_word' id='word_1_279' title='bbox 375 2390 565 2457; x_wconf 83' lang='grc' dir='ltr'><strong>χεῖρας</strong></span> <span class='ocrx_word' id='word_1_280' title='bbox 622 2390 718 2441; x_wconf 80' lang='grc' dir='ltr'><strong>τοῦ</strong></span> <span class='ocrx_word' id='word_1_281' title='bbox 785 2391 1009 2459; x_wconf 78' lang='grc' dir='ltr'><strong>Ἀγχοῦς</strong></span> <span class='ocrx_word' id='word_1_282' title='bbox 1057 2394 1171 2462; x_wconf 88' lang='lat' dir='ltr'><strong>(sic)</strong></span> <span class='ocrx_word' id='word_1_283' title='bbox 1212 2396 1305 2447; x_wconf 75' lang='grc' dir='ltr'><strong>καὶ</strong></span> <span class='ocrx_word' id='word_1_284' title='bbox 1355 2398 1459 2449; x_wconf 84' lang='grc' dir='ltr'><strong>τῶν</strong></span> <span class='ocrx_word' id='word_1_285' title='bbox 1502 2402 1557 2451; x_wconf 83' lang='grc' dir='ltr'><strong>ὲν</strong></span> <span class='ocrx_word' id='word_1_286' title='bbox 1592 2400 1686 2452; x_wconf 84' lang='grc' dir='ltr'>Γὲο</span> <span class='ocrx_word' id='word_1_287' title='bbox 1716 2401 1807 2453; x_wconf 82' lang='grc' dir='ltr'><strong>ἁλ-</strong></span> 
     </span>
    </p>
   </div>
   <div class='ocr_carea' id='block_1_41' title="bbox 214 2473 1807 2559">
    <p class='ocr_par' dir='ltr' id='par_1_41' title="bbox 214 2473 1807 2559">
     <span class='ocr_line' id='line_1_41' title="bbox 214 2473 1807 2559; baseline 0.011 -34"><span class='ocrx_word' id='word_1_288' title='bbox 214 2473 484 2541; x_wconf 75' lang='grc' dir='ltr'><strong>λοφύλων</strong></span> <span class='ocrx_word' id='word_1_289' title='bbox 514 2478 829 2546; x_wconf 77' lang='grc' dir='ltr'><strong>διαφεύγει·</strong></span> <span class='ocrx_word' id='word_1_290' title='bbox 867 2482 1115 2533; x_wconf 78' lang='grc' dir='ltr'>κάκεῖθεν</span> <span class='ocrx_word' id='word_1_291' title='bbox 1137 2483 1447 2557; x_wconf 74' lang='grc' dir='ltr'><strong>διασώζεται</strong></span> <span class='ocrx_word' id='word_1_292' title='bbox 1473 2490 1549 2550; x_wconf 77' lang='grc' dir='ltr'><strong>εἱς</strong></span> <span class='ocrx_word' id='word_1_293' title='bbox 1570 2489 1628 2540; x_wconf 84' lang='grc' dir='ltr'><strong>τὸ</strong></span> <span class='ocrx_word' id='word_1_294' title='bbox 1680 2490 1807 2559; x_wconf 84' lang='grc' dir='ltr'><strong>σπή-</strong></span> 
     </span>
    </p>
   </div>
   <div class='ocr_carea' id='block_1_42' title="bbox 228 2564 1800 2643">
    <p class='ocr_par' dir='ltr' id='par_1_42' title="bbox 228 2564 1800 2643">
     <span class='ocr_line' id='line_1_42' title="bbox 228 2564 1800 2643; baseline 0.01 -29"><span class='ocrx_word' id='word_1_295' title='bbox 228 2564 404 2617; x_wconf 73' lang='grc' dir='ltr'>λαιον</span> <span class='ocrx_word' id='word_1_296' title='bbox 432 2568 492 2619; x_wconf 78' lang='grc' dir='ltr'><strong>τὸ</strong></span> <span class='ocrx_word' id='word_1_297' title='bbox 538 2568 831 2638; x_wconf 77' lang='grc' dir='ltr'><strong>Ὀδολλὰμ,</strong></span> <span class='ocrx_word' id='word_1_298' title='bbox 856 2569 980 2622; x_wconf 78' lang='grc' dir='ltr'>ἔνθα</span> <span class='ocrx_word' id='word_1_299' title='bbox 1013 2571 1228 2637; x_wconf 82' lang='grc' dir='ltr'><em>πάντες</em></span> <span class='ocrx_word' id='word_1_300' title='bbox 1251 2578 1303 2626; x_wconf 88' lang='lat' dir='ltr'><strong>ol</strong></span> <span class='ocrx_word' id='word_1_301' title='bbox 1337 2576 1576 2643; x_wconf 63' lang='grc' dir='ltr'><em>ἀδελφοὶ</em></span> <span class='ocrx_word' id='word_1_302' title='bbox 1602 2577 1800 2642; x_wconf 84' lang='grc' dir='ltr'><em>αὑτοῦ,</em></span> 
     </span>
    </p>
   </div>
   <div class='ocr_carea' id='block_1_43' title="bbox 217 2652 1804 2731">
    <p class='ocr_par' dir='ltr' id='par_1_43' title="bbox 217 2652 1804 2731">
     <span class='ocr_line' id='line_1_43' title="bbox 217 2652 1804 2731; baseline 0.005 -28"><span class='ocrx_word' id='word_1_303' title='bbox 217 2652 345 2703; x_wconf 76' lang='grc' dir='ltr'><strong>καὶ</strong></span> <span class='ocrx_word' id='word_1_304' title='bbox 369 2653 485 2718; x_wconf 82' lang='grc' dir='ltr'><em>πᾶς</em></span> <span class='ocrx_word' id='word_1_305' title='bbox 513 2659 545 2708; x_wconf 84' lang='grc' dir='ltr'><strong><em>ό</em></strong></span> <span class='ocrx_word' id='word_1_306' title='bbox 574 2656 752 2719; x_wconf 73' lang='grc' dir='ltr'><em>οἶκος</em></span> <span class='ocrx_word' id='word_1_307' title='bbox 780 2656 887 2708; x_wconf 84' lang='grc' dir='ltr'><em>τοῦ</em></span> <span class='ocrx_word' id='word_1_308' title='bbox 913 2656 1130 2722; x_wconf 83' lang='grc' dir='ltr'><em>πατρὸς</em></span> <span class='ocrx_word' id='word_1_309' title='bbox 1179 2659 1358 2711; x_wconf 81' lang='grc' dir='ltr'><em>αὑτοῦ</em></span> <span class='ocrx_word' id='word_1_310' title='bbox 1389 2661 1804 2731; x_wconf 70' lang='grc' dir='ltr'><strong>καταϐαίνουσι</strong></span> 
     </span>
    </p>
   </div>
   <div class='ocr_carea' id='block_1_44' title="bbox 212 2742 1803 2814">
    <p class='ocr_par' dir='ltr' id='par_1_44' title="bbox 212 2742 1803 2814">
     <span class='ocr_line' id='line_1_44' title="bbox 212 2742 1803 2814; baseline 0.006 -23"><span class='ocrx_word' id='word_1_311' title='bbox 212 2742 386 2807; x_wconf 73' lang='grc' dir='ltr'><em>πρὸς</em></span> <span class='ocrx_word' id='word_1_312' title='bbox 422 2747 636 2797; x_wconf 78' lang='grc' dir='ltr'><strong>αὐτόν.</strong></span> <span class='ocrx_word' id='word_1_313' title='bbox 700 2745 1044 2813; x_wconf 70' lang='grc' dir='ltr'><em>Συνήγοντό</em></span> <span class='ocrx_word' id='word_1_314' title='bbox 1092 2763 1154 2799; x_wconf 85' lang='grc' dir='ltr'><strong>τε</strong></span> <span class='ocrx_word' id='word_1_315' title='bbox 1196 2749 1324 2814; x_wconf 84' lang='grc' dir='ltr'><em>παρ’</em></span> <span class='ocrx_word' id='word_1_316' title='bbox 1378 2750 1531 2814; x_wconf 87' lang='grc' dir='ltr'><strong>αὑτῷ</strong></span> <span class='ocrx_word' id='word_1_317' title='bbox 1592 2748 1705 2814; x_wconf 83' lang='grc' dir='ltr'><strong>πᾶς</strong></span> <span class='ocrx_word' id='word_1_318' title='bbox 1736 2751 1803 2801; x_wconf 87' lang='grc' dir='ltr'><strong>ἐν</strong></span> 
     </span>
    </p>
   </div>
   <div class='ocr_carea' id='block_1_45' title="bbox 207 2830 1802 2903">
    <p class='ocr_par' dir='ltr' id='par_1_45' title="bbox 207 2830 1802 2903">
     <span class='ocr_line' id='line_1_45' title="bbox 207 2830 1802 2903; baseline 0.006 -21"><span class='ocrx_word' id='word_1_319' title='bbox 207 2830 462 2902; x_wconf 70' lang='grc' dir='ltr'><strong>ἀνάγκη</strong></span> <span class='ocrx_word' id='word_1_320' title='bbox 496 2834 609 2896; x_wconf 80' lang='grc' dir='ltr'><em>ὢν,</em></span> <span class='ocrx_word' id='word_1_321' title='bbox 658 2834 763 2886; x_wconf 76' lang='grc' dir='ltr'><strong>καὶ</strong></span> <span class='ocrx_word' id='word_1_322' title='bbox 800 2833 918 2899; x_wconf 85' lang='grc' dir='ltr'><em>πᾶς</em></span> <span class='ocrx_word' id='word_1_323' title='bbox 966 2837 1287 2903; x_wconf 78' lang='grc' dir='ltr'><em>ὑπόχρεως,</em></span> <span class='ocrx_word' id='word_1_324' title='bbox 1332 2839 1426 2892; x_wconf 77' lang='grc' dir='ltr'><strong>καὶ</strong></span> <span class='ocrx_word' id='word_1_325' title='bbox 1465 2839 1628 2894; x_wconf 82' lang='grc' dir='ltr'><em>πᾶσα</em></span> <span class='ocrx_word' id='word_1_326' title='bbox 1669 2857 1802 2893; x_wconf 84' lang='grc' dir='ltr'><strong>κατ-</strong></span> 
     </span>
    </p>
   </div>
   <div class='ocr_carea' id='block_1_46' title="bbox 201 2918 1801 2998">
    <p class='ocr_par' dir='ltr' id='par_1_46' title="bbox 201 2918 1801 2998">
     <span class='ocr_line' id='line_1_46' title="bbox 201 2918 1801 2998; baseline 0.006 -26"><span class='ocrx_word' id='word_1_327' title='bbox 201 2918 452 2986; x_wconf 75' lang='grc' dir='ltr'><em>ώδυνος</em></span> <span class='ocrx_word' id='word_1_328' title='bbox 480 2924 688 2992; x_wconf 65' lang='grc' dir='ltr'><em>ψυχή·</em></span> <span class='ocrx_word' id='word_1_329' title='bbox 709 2926 807 2977; x_wconf 77' lang='grc' dir='ltr'><strong>καὶ</strong></span> <span class='ocrx_word' id='word_1_330' title='bbox 832 2922 909 2993; x_wconf 84' lang='grc' dir='ltr'><strong>ἦν</strong></span> <span class='ocrx_word' id='word_1_331' title='bbox 926 2927 1016 2978; x_wconf 78' lang='grc' dir='ltr'><strong>ἐπ’</strong></span> <span class='ocrx_word' id='word_1_332' title='bbox 1043 2928 1233 2980; x_wconf 84' lang='grc' dir='ltr'><em>αὐτῶν</em></span> <span class='ocrx_word' id='word_1_333' title='bbox 1252 2931 1587 2998; x_wconf 77' lang='grc' dir='ltr'><strong>ἡγούμενος.</strong></span> <span class='ocrx_word' id='word_1_334' title='bbox 1607 2927 1801 2983; x_wconf 69' lang='grc' dir='ltr'><em>’Ἦσαν</em></span> 
     </span>
    </p>
   </div>
   <div class='ocr_carea' id='block_1_47' title="bbox 197 3008 1797 3089">
    <p class='ocr_par' dir='ltr' id='par_1_47' title="bbox 197 3008 1797 3089">
     <span class='ocr_line' id='line_1_47' title="bbox 197 3008 1797 3089; baseline 0.008 -28"><span class='ocrx_word' id='word_1_335' title='bbox 197 3008 279 3062; x_wconf 78' lang='grc' dir='ltr'><em>δὲ</em></span> <span class='ocrx_word' id='word_1_336' title='bbox 321 3016 408 3079; x_wconf 85' lang='grc' dir='ltr'><strong>ὡς</strong></span> <span class='ocrx_word' id='word_1_337' title='bbox 432 3017 824 3083; x_wconf 76' lang='grc' dir='ltr'><strong>τετρακόσιοι</strong></span> <span class='ocrx_word' id='word_1_338' title='bbox 854 3015 1063 3083; x_wconf 82' lang='grc' dir='ltr'><em>ἄνδρες</em></span> <span class='ocrx_word' id='word_1_339' title='bbox 1084 3034 1098 3047; x_wconf 89' lang='grc'><strong>·</strong></span> <span class='ocrx_word' id='word_1_340' title='bbox 1132 3018 1373 3089; x_wconf 81' lang='grc' dir='ltr'><em>δεύτερον</em></span> <span class='ocrx_word' id='word_1_341' title='bbox 1405 3020 1481 3084; x_wconf 84' lang='grc' dir='ltr'><em>δὲ,</em></span> <span class='ocrx_word' id='word_1_342' title='bbox 1551 3021 1647 3075; x_wconf 83' lang='grc' dir='ltr'><em>ὅτε</em></span> <span class='ocrx_word' id='word_1_343' title='bbox 1693 3022 1797 3074; x_wconf 81' lang='grc' dir='ltr'><strong>άν-</strong></span> 
     </span>
    </p>
   </div>
   <div class='ocr_carea' id='block_1_48' title="bbox 188 3097 1795 3177">
    <p class='ocr_par' dir='ltr' id='par_1_48' title="bbox 188 3097 1795 3177">
     <span class='ocr_line' id='line_1_48' title="bbox 188 3097 1795 3177; baseline 0.007 -26"><span class='ocrx_word' id='word_1_344' title='bbox 188 3097 527 3173; x_wconf 67' lang='grc' dir='ltr'><em>έστρεψοεν</em></span> <span class='ocrx_word' id='word_1_345' title='bbox 561 3110 596 3158; x_wconf 81' lang='grc' dir='ltr'><em>ό</em></span> <span class='ocrx_word' id='word_1_346' title='bbox 628 3105 835 3158; x_wconf 80' lang='grc' dir='ltr'><strong>Σαοὺλ</strong></span> <span class='ocrx_word' id='word_1_347' title='bbox 859 3106 973 3157; x_wconf 77' lang='grc' dir='ltr'><em>ἀπὸ</em></span> <span class='ocrx_word' id='word_1_348' title='bbox 1008 3106 1249 3160; x_wconf 75' lang='grc' dir='ltr'><em>ὄπισθεν</em></span> <span class='ocrx_word' id='word_1_349' title='bbox 1274 3108 1387 3160; x_wconf 82' lang='grc' dir='ltr'><em>τῶν</em></span> <span class='ocrx_word' id='word_1_350' title='bbox 1422 3111 1795 3177; x_wconf 70' lang='grc' dir='ltr'><em>ἀλλοφύλων,</em></span> 
     </span>
    </p>
   </div>
   <div class='ocr_carea' id='block_1_49' title="bbox 185 3176 1861 3267">
    <p class='ocr_par' dir='ltr' id='par_1_49' title="bbox 185 3176 1861 3267">
     <span class='ocr_line' id='line_1_49' title="bbox 185 3176 1861 3267; baseline 0.01 -29"><span class='ocrx_word' id='word_1_351' title='bbox 185 3193 295 3243; x_wconf 78' lang='grc' dir='ltr'><strong>καὶ</strong></span> <span class='ocrx_word' id='word_1_352' title='bbox 349 3196 683 3264; x_wconf 63' lang='grc' dir='ltr'><strong>ἀπηγγέλη</strong></span> <span class='ocrx_word' id='word_1_353' title='bbox 715 3189 897 3259; x_wconf 80' lang='grc' dir='ltr'><em>αὐτῷ,</em></span> <span class='ocrx_word' id='word_1_354' title='bbox 924 3196 1010 3248; x_wconf 83' lang='grc' dir='ltr'><em>ὅτι</em></span> <span class='ocrx_word' id='word_1_355' title='bbox 1046 3196 1185 3249; x_wconf 85' lang='grc' dir='ltr'><strong>Ἰδοὺ</strong></span> <span class='ocrx_word' id='word_1_356' title='bbox 1227 3200 1402 3251; x_wconf 85' lang='grc' dir='ltr'><em>Δαυῒδ</em></span> <span class='ocrx_word' id='word_1_357' title='bbox 1418 3201 1485 3252; x_wconf 80' lang='grc' dir='ltr'><strong>ἐν</strong></span> <span class='ocrx_word' id='word_1_358' title='bbox 1512 3176 1585 3267; x_wconf 69' lang='grc' dir='ltr'><em>τῆ</em></span> <span class='ocrx_word' id='word_1_359' title='bbox 1602 3198 1792 3266; x_wconf 82' lang='grc' dir='ltr'>ἐρήμῳ</span> <span class='ocrx_word' id='word_1_360' title='bbox 1821 3176 1861 3232; x_wconf 76' lang='lat' dir='ltr'>c</span> 
     </span>
    </p>
   </div>
   <div class='ocr_carea' id='block_1_50' title="bbox 180 3281 1797 3362">
    <p class='ocr_par' dir='ltr' id='par_1_50' title="bbox 180 3281 1797 3362">
     <span class='ocr_line' id='line_1_50' title="bbox 180 3281 1797 3362; baseline 0.012 -31"><span class='ocrx_word' id='word_1_361' title='bbox 180 3281 267 3347; x_wconf 77' lang='grc' dir='ltr'><em>τῇ</em></span> <span class='ocrx_word' id='word_1_362' title='bbox 298 3287 542 3339; x_wconf 61' lang='grc' dir='ltr'><strong>ιαδδι·</strong></span> <span class='ocrx_word' id='word_1_363' title='bbox 582 3286 689 3339; x_wconf 75' lang='grc' dir='ltr'><strong>καὶ</strong></span> <span class='ocrx_word' id='word_1_364' title='bbox 745 3287 922 3338; x_wconf 75' lang='grc' dir='ltr'><em>ἔλαϐε</em></span> <span class='ocrx_word' id='word_1_365' title='bbox 956 3289 1081 3354; x_wconf 80' lang='grc' dir='ltr'><strong>μεθ’</strong></span> <span class='ocrx_word' id='word_1_366' title='bbox 1106 3288 1317 3341; x_wconf 82' lang='grc' dir='ltr'><em>ἑαυτοῦ</em></span> <span class='ocrx_word' id='word_1_367' title='bbox 1348 3291 1495 3357; x_wconf 85' lang='grc' dir='ltr'><em>τρεῖς</em></span> <span class='ocrx_word' id='word_1_368' title='bbox 1531 3295 1797 3362; x_wconf 78' lang='grc' dir='ltr'>χιλιάδας</span> 
     </span>
    </p>
   </div>
   <div class='ocr_carea' id='block_1_51' title="bbox 174 3371 1794 3455">
    <p class='ocr_par' dir='ltr' id='par_1_51' title="bbox 174 3371 1794 3455">
     <span class='ocr_line' id='line_1_51' title="bbox 174 3371 1794 3455; baseline 0.012 -35"><span class='ocrx_word' id='word_1_369' title='bbox 174 3371 459 3455; x_wconf 53' lang='grc' dir='ltr'><strong>ᾆνδιμῶν</strong></span> <span class='ocrx_word' id='word_1_370' title='bbox 490 3375 811 3429; x_wconf 76' lang='grc' dir='ltr'><strong>ἐκλεκτῶν</strong></span> <span class='ocrx_word' id='word_1_371' title='bbox 853 3377 918 3429; x_wconf 83' lang='grc' dir='ltr'>ἐκ</span> <span class='ocrx_word' id='word_1_372' title='bbox 960 3377 1064 3430; x_wconf 88' lang='grc' dir='ltr'><em>τοῦ</em></span> <span class='ocrx_word' id='word_1_373' title='bbox 1101 3378 1349 3444; x_wconf 69' lang='grc' dir='ltr'><em>Ἰσραὴλ,</em></span> <span class='ocrx_word' id='word_1_374' title='bbox 1393 3382 1487 3433; x_wconf 80' lang='grc' dir='ltr'><strong>καὶ</strong></span> <span class='ocrx_word' id='word_1_375' title='bbox 1514 3383 1794 3455; x_wconf 82' lang='grc' dir='ltr'><strong>ἐπορεύθη</strong></span> 
     </span>
    </p>
   </div>
   <div class='ocr_carea' id='block_1_52' title="bbox 171 3454 1794 3535">
    <p class='ocr_par' dir='ltr' id='par_1_52' title="bbox 171 3454 1794 3535">
     <span class='ocr_line' id='line_1_52' title="bbox 171 3454 1794 3535; baseline 0.007 -17"><span class='ocrx_word' id='word_1_376' title='bbox 171 3454 409 3525; x_wconf 64' lang='grc' dir='ltr'><em>ζητῶν</em></span> <span class='ocrx_word' id='word_1_377' title='bbox 465 3467 583 3517; x_wconf 85' lang='grc' dir='ltr'><em>τὸν</em></span> <span class='ocrx_word' id='word_1_378' title='bbox 637 3464 827 3519; x_wconf 82' lang='grc' dir='ltr'><em>Δαυῒδ</em></span> <span class='ocrx_word' id='word_1_379' title='bbox 898 3467 992 3518; x_wconf 79' lang='grc' dir='ltr'><strong>καὶ</strong></span> <span class='ocrx_word' id='word_1_380' title='bbox 1039 3468 1177 3531; x_wconf 86' lang='grc' dir='ltr'><em>τοὺς</em></span> <span class='ocrx_word' id='word_1_381' title='bbox 1228 3467 1444 3535; x_wconf 80' lang='grc' dir='ltr'><em>ἄνδρας</em></span> <span class='ocrx_word' id='word_1_382' title='bbox 1480 3473 1659 3526; x_wconf 85' lang='grc' dir='ltr'><em>αὐτοῦ</em></span> <span class='ocrx_word' id='word_1_383' title='bbox 1699 3476 1794 3528; x_wconf 83' lang='grc' dir='ltr'><strong>ἐπὶ</strong></span> 
     </span>
    </p>
   </div>
   <div class='ocr_carea' id='block_1_53' title="bbox 168 3553 1796 3628">
    <p class='ocr_par' dir='ltr' id='par_1_53' title="bbox 168 3553 1796 3628">
     <span class='ocr_line' id='line_1_53' title="bbox 168 3553 1796 3628; baseline 0.009 -25"><span class='ocrx_word' id='word_1_384' title='bbox 168 3555 558 3617; x_wconf 61' lang='grc' dir='ltr'><em>πρόσωπον</em></span> <span class='ocrx_word' id='word_1_385' title='bbox 589 3557 824 3610; x_wconf 74' lang='grc' dir='ltr'><em>Αιλείν.</em></span> <span class='ocrx_word' id='word_1_386' title='bbox 862 3557 965 3608; x_wconf 89' lang='lat' dir='ltr'><strong>Kal</strong></span> <span class='ocrx_word' id='word_1_387' title='bbox 1000 3553 1181 3625; x_wconf 75' lang='grc' dir='ltr'><em>ἦλθεν</em></span> <span class='ocrx_word' id='word_1_388' title='bbox 1207 3561 1291 3622; x_wconf 81' lang='grc' dir='ltr'><strong>εις</strong></span> <span class='ocrx_word' id='word_1_389' title='bbox 1317 3560 1420 3623; x_wconf 83' lang='grc' dir='ltr'><strong>τὰς</strong></span> <span class='ocrx_word' id='word_1_390' title='bbox 1443 3562 1656 3628; x_wconf 76' lang='grc' dir='ltr'><strong>ἀγέλας</strong></span> <span class='ocrx_word' id='word_1_391' title='bbox 1680 3566 1796 3619; x_wconf 84' lang='grc' dir='ltr'><em>τῶν</em></span> 
     </span>
    </p>
   </div>
   <div class='ocr_carea' id='block_1_54' title="bbox 166 3643 1792 3718">
    <p class='ocr_par' dir='ltr' id='par_1_54' title="bbox 166 3643 1792 3718">
     <span class='ocr_line' id='line_1_54' title="bbox 166 3643 1792 3718; baseline 0.008 -27"><span class='ocrx_word' id='word_1_392' title='bbox 166 3648 521 3709; x_wconf 58' lang='grc' dir='ltr'><em>ποιμνίων</em></span> <span class='ocrx_word' id='word_1_393' title='bbox 548 3646 665 3709; x_wconf 81' lang='grc' dir='ltr'><em>τὰς</em></span> <span class='ocrx_word' id='word_1_394' title='bbox 698 3644 799 3695; x_wconf 81' lang='grc' dir='ltr'><strong>ἐπὶ</strong></span> <span class='ocrx_word' id='word_1_395' title='bbox 846 3643 955 3711; x_wconf 74' lang='grc' dir='ltr'><strong>γῆς</strong></span> <span class='ocrx_word' id='word_1_396' title='bbox 988 3645 1146 3697; x_wconf 77' lang='grc' dir='ltr'><em>ὀδοῦ.</em></span> <span class='ocrx_word' id='word_1_397' title='bbox 1211 3646 1317 3698; x_wconf 81' lang='grc' dir='ltr'><strong>Καὶ</strong></span> <span class='ocrx_word' id='word_1_398' title='bbox 1354 3643 1429 3714; x_wconf 81' lang='grc' dir='ltr'><strong>ἦν</strong></span> <span class='ocrx_word' id='word_1_399' title='bbox 1475 3649 1600 3701; x_wconf 84' lang='grc' dir='ltr'><strong>ἐκεῖ</strong></span> <span class='ocrx_word' id='word_1_400' title='bbox 1636 3653 1792 3718; x_wconf 81' lang='grc' dir='ltr'><em>σπή-</em></span> 
     </span>
    </p>
   </div>
   <div class='ocr_carea' id='block_1_55' title="bbox 130 3734 1793 3802">
    <p class='ocr_par' dir='ltr' id='par_1_55' title="bbox 130 3734 1793 3802">
     <span class='ocr_line' id='line_1_55' title="bbox 130 3734 1793 3802; baseline 0.008 -19"><span class='ocrx_word' id='word_1_401' title='bbox 130 3786 135 3791; x_wconf 77' lang='lat'><strong><em>_</em></strong></span> <span class='ocrx_word' id='word_1_402' title='bbox 169 3734 421 3798; x_wconf 56' lang='lat' dir='ltr'><strong>lator,</strong></span> <span class='ocrx_word' id='word_1_403' title='bbox 460 3737 562 3788; x_wconf 78' lang='grc' dir='ltr'><strong>καὶ</strong></span> <span class='ocrx_word' id='word_1_404' title='bbox 597 3734 852 3799; x_wconf 70' lang='grc' dir='ltr'><em>εἰσῆλθε</em></span> <span class='ocrx_word' id='word_1_405' title='bbox 874 3736 1067 3788; x_wconf 71' lang='grc' dir='ltr'><strong>Σαοὺλ</strong></span> <span class='ocrx_word' id='word_1_406' title='bbox 1096 3738 1676 3802; x_wconf 72' lang='grc' dir='ltr'><em>παρασκευάσασθαιο</em></span> <span class='ocrx_word' id='word_1_407' title='bbox 1700 3744 1793 3795; x_wconf 73' lang='grc' dir='ltr'><strong>καὶ</strong></span> 
     </span>
    </p>
   </div>
   <div class='ocr_carea' id='block_1_56' title="bbox 179 3824 1795 3898">
    <p class='ocr_par' dir='ltr' id='par_1_56' title="bbox 179 3824 1795 3898">
     <span class='ocr_line' id='line_1_56' title="bbox 179 3824 1795 3898; baseline 0.006 -24"><span class='ocrx_word' id='word_1_408' title='bbox 179 3826 408 3876; x_wconf 62' lang='lat' dir='ltr'><strong>dav-26</strong></span> <span class='ocrx_word' id='word_1_409' title='bbox 451 3826 553 3879; x_wconf 76' lang='grc' dir='ltr'><strong>καὶ</strong></span> <span class='ocrx_word' id='word_1_410' title='bbox 586 3828 644 3878; x_wconf 85' lang='grc' dir='ltr'><em>οι</em></span> <span class='ocrx_word' id='word_1_411' title='bbox 676 3824 881 3890; x_wconf 79' lang='grc' dir='ltr'><em>ἄνδρε(</em></span> <span class='ocrx_word' id='word_1_412' title='bbox 952 3825 1129 3878; x_wconf 81' lang='grc' dir='ltr'><em>αὐτοῦ</em></span> <span class='ocrx_word' id='word_1_413' title='bbox 1183 3825 1451 3895; x_wconf 83' lang='grc' dir='ltr'><em>ἐσώτεροι</em></span> <span class='ocrx_word' id='word_1_414' title='bbox 1506 3830 1608 3883; x_wconf 87' lang='grc' dir='ltr'><em>τοῦ</em></span> <span class='ocrx_word' id='word_1_415' title='bbox 1643 3848 1795 3898; x_wconf 80' lang='grc' dir='ltr'><em>σπη-</em></span> 
     </span>
    </p>
   </div>
   <div class='ocr_carea' id='block_1_57' title="bbox 190 3912 1793 3985">
    <p class='ocr_par' dir='ltr' id='par_1_57' title="bbox 190 3912 1793 3985">
     <span class='ocr_line' id='line_1_57' title="bbox 190 3912 1793 3985; baseline 0.006 -22"><span class='ocrx_word' id='word_1_416' title='bbox 190 3916 408 3964; x_wconf 63' lang='grc' dir='ltr'><em>λαῖωυ</em></span> <span class='ocrx_word' id='word_1_417' title='bbox 433 3914 759 3980; x_wconf 76' lang='grc' dir='ltr'><strong>ἐκάθηντο.</strong></span> <span class='ocrx_word' id='word_1_418' title='bbox 810 3914 919 3967; x_wconf 80' lang='grc' dir='ltr'><strong>Καὶ</strong></span> <span class='ocrx_word' id='word_1_419' title='bbox 942 3912 1117 3966; x_wconf 72' lang='grc' dir='ltr'><em>εἶπαν</em></span> <span class='ocrx_word' id='word_1_420' title='bbox 1138 3918 1191 3967; x_wconf 79' lang='grc' dir='ltr'><strong>οἱ</strong></span> <span class='ocrx_word' id='word_1_421' title='bbox 1222 3916 1431 3983; x_wconf 78' lang='grc' dir='ltr'><em>ἄνδρες</em></span> <span class='ocrx_word' id='word_1_422' title='bbox 1451 3918 1625 3971; x_wconf 86' lang='grc' dir='ltr'><em>Δαυῒδ</em></span> <span class='ocrx_word' id='word_1_423' title='bbox 1648 3921 1793 3985; x_wconf 75' lang='grc' dir='ltr'><em>πρὸς</em></span> 
     </span>
    </p>
   </div>
   <div class='ocr_carea' id='block_1_58' title="bbox 205 4004 1792 4077">
    <p class='ocr_par' dir='ltr' id='par_1_58' title="bbox 205 4004 1792 4077">
     <span class='ocr_line' id='line_1_58' title="bbox 205 4004 1792 4077; baseline 0.005 -23"><span class='ocrx_word' id='word_1_424' title='bbox 205 4006 341 4055; x_wconf 61' lang='lat' dir='ltr'><strong>aur</strong></span> <span class='ocrx_word' id='word_1_425' title='bbox 354 4006 439 4054; x_wconf 77' lang='grc' dir='ltr'><strong>όνο</strong></span> <span class='ocrx_word' id='word_1_426' title='bbox 492 4005 651 4057; x_wconf 80' lang='grc' dir='ltr'><em>Ἰδοὺ</em></span> <span class='ocrx_word' id='word_1_427' title='bbox 677 4008 716 4071; x_wconf 78' lang='grc' dir='ltr'>ἡ</span> <span class='ocrx_word' id='word_1_428' title='bbox 744 4005 927 4072; x_wconf 78' lang='grc' dir='ltr'><strong>ἡμέρα</strong></span> <span class='ocrx_word' id='word_1_429' title='bbox 954 4006 1122 4070; x_wconf 82' lang='grc' dir='ltr'><em>αὕτη,</em></span> <span class='ocrx_word' id='word_1_430' title='bbox 1148 4004 1227 4070; x_wconf 79' lang='grc' dir='ltr'><strong>ἣν</strong></span> <span class='ocrx_word' id='word_1_431' title='bbox 1261 4004 1385 4060; x_wconf 80' lang='grc' dir='ltr'><em>εἷπε</em></span> <span class='ocrx_word' id='word_1_432' title='bbox 1418 4010 1624 4074; x_wconf 82' lang='grc' dir='ltr'><em>Κύριος</em></span> <span class='ocrx_word' id='word_1_433' title='bbox 1648 4010 1792 4077; x_wconf 77' lang='grc' dir='ltr'><em>πρὸς</em></span> 
     </span>
    </p>
   </div>
   <div class='ocr_carea' id='block_1_59' title="bbox 224 4091 1792 4166">
    <p class='ocr_par' dir='ltr' id='par_1_59' title="bbox 224 4091 1792 4166">
     <span class='ocr_line' id='line_1_59' title="bbox 224 4091 1792 4166; baseline 0.006 -25"><span class='ocrx_word' id='word_1_434' title='bbox 224 4091 326 4153; x_wconf 75' lang='grc' dir='ltr'><strong>σὲ,</strong></span> <span class='ocrx_word' id='word_1_435' title='bbox 376 4094 742 4160; x_wconf 82' lang='grc' dir='ltr'><em>παραδοῦναι</em></span> <span class='ocrx_word' id='word_1_436' title='bbox 784 4095 889 4146; x_wconf 84' lang='grc' dir='ltr'><em>τὸν</em></span> <span class='ocrx_word' id='word_1_437' title='bbox 938 4096 1152 4161; x_wconf 85' lang='grc' dir='ltr'><strong>ἐχθρόν</strong></span> <span class='ocrx_word' id='word_1_438' title='bbox 1180 4110 1292 4148; x_wconf 89' lang='grc' dir='ltr'><strong>σου</strong></span> <span class='ocrx_word' id='word_1_439' title='bbox 1346 4101 1429 4161; x_wconf 79' lang='grc' dir='ltr'><strong>εις</strong></span> <span class='ocrx_word' id='word_1_440' title='bbox 1466 4099 1569 4162; x_wconf 83' lang='grc' dir='ltr'><em>τὰς</em></span> <span class='ocrx_word' id='word_1_441' title='bbox 1596 4099 1792 4166; x_wconf 81' lang='grc' dir='ltr'><em>χεῖράς</em></span> 
     </span>
    </p>
   </div>
   <div class='ocr_carea' id='block_1_60' title="bbox 238 4181 1791 4255">
    <p class='ocr_par' dir='ltr' id='par_1_60' title="bbox 238 4181 1791 4255">
     <span class='ocr_line' id='line_1_60' title="bbox 238 4181 1791 4255; baseline 0.006 -26"><span class='ocrx_word' id='word_1_442' title='bbox 238 4196 390 4241; x_wconf 77' lang='grc' dir='ltr'><em>σου,</em></span> <span class='ocrx_word' id='word_1_443' title='bbox 420 4184 508 4234; x_wconf 74' lang='grc' dir='ltr'><strong>καὶ</strong></span> <span class='ocrx_word' id='word_1_444' title='bbox 541 4183 817 4248; x_wconf 80' lang='grc' dir='ltr'><strong>ποιήσεις</strong></span> <span class='ocrx_word' id='word_1_445' title='bbox 844 4181 1001 4251; x_wconf 86' lang='grc' dir='ltr'><strong>αὺτῷ</strong></span> <span class='ocrx_word' id='word_1_446' title='bbox 1026 4186 1104 4249; x_wconf 85' lang='grc' dir='ltr'><strong>ὡς</strong></span> <span class='ocrx_word' id='word_1_447' title='bbox 1143 4186 1360 4253; x_wconf 73' lang='grc' dir='ltr'>ἀγαθὸν</span> <span class='ocrx_word' id='word_1_448' title='bbox 1384 4188 1453 4239; x_wconf 80' lang='grc' dir='ltr'><strong>ἐν</strong></span> <span class='ocrx_word' id='word_1_449' title='bbox 1473 4188 1791 4255; x_wconf 67' lang='grc' dir='ltr'><em>ὀφθαλμοῖς</em></span> 
     </span>
    </p>
   </div>
   <div class='ocr_carea' id='block_1_61' title="bbox 254 4272 1792 4345">
    <p class='ocr_par' dir='ltr' id='par_1_61' title="bbox 254 4272 1792 4345">
     <span class='ocr_line' id='line_1_61' title="bbox 254 4272 1792 4345; baseline 0.008 -28"><span class='ocrx_word' id='word_1_450' title='bbox 254 4282 391 4319; x_wconf 82' lang='grc' dir='ltr'><em>σου.</em></span> <span class='ocrx_word' id='word_1_451' title='bbox 425 4272 527 4322; x_wconf 85' lang='lat' dir='ltr'><strong>Kal</strong></span> <span class='ocrx_word' id='word_1_452' title='bbox 557 4272 782 4338; x_wconf 78' lang='grc' dir='ltr'><strong>ἀνέστη</strong></span> <span class='ocrx_word' id='word_1_453' title='bbox 815 4273 992 4325; x_wconf 86' lang='grc' dir='ltr'><em>Δαυῒδ</em></span> <span class='ocrx_word' id='word_1_454' title='bbox 1020 4273 1117 4325; x_wconf 75' lang='grc' dir='ltr'><strong>καὶ</strong></span> <span class='ocrx_word' id='word_1_455' title='bbox 1144 4274 1344 4341; x_wconf 62' lang='grc' dir='ltr'><em>ἀφεῖλε</em></span> <span class='ocrx_word' id='word_1_456' title='bbox 1372 4276 1437 4327; x_wconf 83' lang='grc' dir='ltr'><em>τὸ</em></span> <span class='ocrx_word' id='word_1_457' title='bbox 1489 4278 1792 4345; x_wconf 78' lang='grc' dir='ltr'><strong>πτερύγιον</strong></span> 
     </span>
    </p>
   </div>
   <div class='ocr_carea' id='block_1_62' title="bbox 257 4355 1788 4433">
    <p class='ocr_par' dir='ltr' id='par_1_62' title="bbox 257 4355 1788 4433">
     <span class='ocr_line' id='line_1_62' title="bbox 257 4355 1788 4433; baseline 0.01 -30"><span class='ocrx_word' id='word_1_458' title='bbox 257 4355 370 4418; x_wconf 82' lang='grc' dir='ltr'><strong>τῆς</strong></span> <span class='ocrx_word' id='word_1_459' title='bbox 406 4358 704 4427; x_wconf 72' lang='grc' dir='ltr'><em>διπλοΐδος</em></span> <span class='ocrx_word' id='word_1_460' title='bbox 764 4363 960 4415; x_wconf 77' lang='grc' dir='ltr'><strong>Σαοὺλ</strong></span> <span class='ocrx_word' id='word_1_461' title='bbox 1020 4364 1323 4429; x_wconf 73' lang='grc' dir='ltr'><strong>λαθραίως.</strong></span> <span class='ocrx_word' id='word_1_462' title='bbox 1382 4366 1487 4418; x_wconf 80' lang='lat' dir='ltr'><strong>Kal</strong></span> <span class='ocrx_word' id='word_1_463' title='bbox 1544 4365 1788 4433; x_wconf 82' lang='grc' dir='ltr'><strong>ἐγενήθη</strong></span> 
     </span>
    </p>
   </div>
   <div class='ocr_carea' id='block_1_63' title="bbox 1907 1957 3424 2025">
    <p class='ocr_par' dir='ltr' id='par_1_63' title="bbox 1907 1957 3424 2025">
     <span class='ocr_line' id='line_1_63' title="bbox 1907 1957 3424 2025; baseline 0.004 -17"><span class='ocrx_word' id='word_1_464' title='bbox 1907 1957 2045 2008; x_wconf 90' lang='lat' dir='ltr'><strong>niam</strong></span> <span class='ocrx_word' id='word_1_465' title='bbox 2094 1957 2146 2007; x_wconf 91' lang='lat' dir='ltr'><strong>in</strong></span> <span class='ocrx_word' id='word_1_466' title='bbox 2198 1967 2245 2009; x_wconf 91' lang='lat' dir='ltr'><strong>te</strong></span> <span class='ocrx_word' id='word_1_467' title='bbox 2273 1960 2481 2025; x_wconf 81' lang='lat' dir='ltr'><strong>conﬁdit</strong></span> <span class='ocrx_word' id='word_1_468' title='bbox 2517 1960 2694 2012; x_wconf 83' lang='lat' dir='ltr'><strong>anima</strong></span> <span class='ocrx_word' id='word_1_469' title='bbox 2738 1977 2869 2013; x_wconf 86' lang='lat' dir='ltr'><strong>mea.</strong></span> <span class='ocrx_word' id='word_1_470' title='bbox 2904 1959 3054 2014; x_wconf 86' lang='lat' dir='ltr'><strong>Sicut</strong></span> <span class='ocrx_word' id='word_1_471' title='bbox 3095 1977 3160 2015; x_wconf 81' lang='lat' dir='ltr'><strong>ex</strong></span> <span class='ocrx_word' id='word_1_472' title='bbox 3203 1963 3424 2016; x_wconf 81' lang='lat' dir='ltr'><strong>historia</strong></span> 
     </span>
    </p>
   </div>
   <div class='ocr_carea' id='block_1_64' title="bbox 1903 2048 3423 2121">
    <p class='ocr_par' dir='ltr' id='par_1_64' title="bbox 1903 2048 3423 2121">
     <span class='ocr_line' id='line_1_64' title="bbox 1903 2048 3423 2121; baseline 0.005 -23"><span class='ocrx_word' id='word_1_473' title='bbox 1903 2054 2354 2102; x_wconf 82' lang='lat' dir='ltr'><strong>commonstratur</strong></span> <span class='ocrx_word' id='word_1_474' title='bbox 2400 2048 2650 2103; x_wconf 81' lang='lat' dir='ltr'><strong>Davidem</strong></span> <span class='ocrx_word' id='word_1_475' title='bbox 2691 2051 2773 2105; x_wconf 88' lang='lat' dir='ltr'><strong>bis</strong></span> <span class='ocrx_word' id='word_1_476' title='bbox 2833 2050 2971 2118; x_wconf 84' lang='lat' dir='ltr'><strong>apud</strong></span> <span class='ocrx_word' id='word_1_477' title='bbox 3022 2052 3325 2121; x_wconf 83' lang='lat' dir='ltr'><strong>allophylos</strong></span> <span class='ocrx_word' id='word_1_478' title='bbox 3370 2054 3423 2105; x_wconf 87' lang='lat' dir='ltr'><strong>in</strong></span> 
     </span>
    </p>
   </div>
   <div class='ocr_carea' id='block_1_65' title="bbox 1904 2132 3426 2206">
    <p class='ocr_par' dir='ltr' id='par_1_65' title="bbox 1904 2132 3426 2206">
     <span class='ocr_line' id='line_1_65' title="bbox 1904 2132 3426 2206; baseline 0.006 -21"><span class='ocrx_word' id='word_1_479' title='bbox 1904 2132 2036 2186; x_wconf 88' lang='lat' dir='ltr'><strong>Geth</strong></span> <span class='ocrx_word' id='word_1_480' title='bbox 2075 2133 2260 2196; x_wconf 76' lang='lat' dir='ltr'><strong>fuisse,</strong></span> <span class='ocrx_word' id='word_1_481' title='bbox 2293 2136 2471 2205; x_wconf 87' lang='lat' dir='ltr'><strong>ibique</strong></span> <span class='ocrx_word' id='word_1_482' title='bbox 2497 2137 2772 2205; x_wconf 76' lang='lat' dir='ltr'><strong>degentem</strong></span> <span class='ocrx_word' id='word_1_483' title='bbox 2815 2139 3079 2206; x_wconf 88' lang='lat' dir='ltr'><strong>psalmum</strong></span> <span class='ocrx_word' id='word_1_484' title='bbox 3105 2155 3169 2191; x_wconf 65' lang='lat' dir='ltr'><strong>vv</strong></span> <span class='ocrx_word' id='word_1_485' title='bbox 3203 2142 3426 2194; x_wconf 80' lang='lat' dir='ltr'><strong>recitas-</strong></span> 
     </span>
    </p>
   </div>
   <div class='ocr_carea' id='block_1_66' title="bbox 1903 2225 3425 2296">
    <p class='ocr_par' dir='ltr' id='par_1_66' title="bbox 1903 2225 3425 2296">
     <span class='ocr_line' id='line_1_66' title="bbox 1903 2225 3425 2296; baseline 0.004 -19"><span class='ocrx_word' id='word_1_486' title='bbox 1903 2239 1959 2277; x_wconf 88' lang='lat' dir='ltr'><strong>se</strong></span> <span class='ocrx_word' id='word_1_487' title='bbox 1988 2225 2244 2292; x_wconf 84' lang='lat' dir='ltr'><strong>scriptum</strong></span> <span class='ocrx_word' id='word_1_488' title='bbox 2280 2233 2398 2279; x_wconf 88' lang='lat' dir='ltr'><strong>est:</strong></span> <span class='ocrx_word' id='word_1_489' title='bbox 2428 2227 2505 2281; x_wconf 86' lang='lat' dir='ltr'><strong>sic</strong></span> <span class='ocrx_word' id='word_1_490' title='bbox 2550 2228 2632 2281; x_wconf 87' lang='lat' dir='ltr'><strong>bis</strong></span> <span class='ocrx_word' id='word_1_491' title='bbox 2663 2228 2715 2280; x_wconf 90' lang='lat' dir='ltr'><strong>in</strong></span> <span class='ocrx_word' id='word_1_492' title='bbox 2771 2230 3077 2296; x_wconf 87' lang='lat' dir='ltr'><strong>speluncam</strong></span> <span class='ocrx_word' id='word_1_493' title='bbox 3107 2232 3315 2285; x_wconf 79' lang='lat' dir='ltr'><strong>venisse</strong></span> <span class='ocrx_word' id='word_1_494' title='bbox 3344 2232 3425 2283; x_wconf 83' lang='lat' dir='ltr'><strong>vi-</strong></span> 
     </span>
    </p>
   </div>
   <div class='ocr_carea' id='block_1_67' title="bbox 1903 2311 3424 2380">
    <p class='ocr_par' dir='ltr' id='par_1_67' title="bbox 1903 2311 3424 2380">
     <span class='ocr_line' id='line_1_67' title="bbox 1903 2311 3424 2380; baseline 0.001 -16"><span class='ocrx_word' id='word_1_495' title='bbox 1903 2311 2085 2375; x_wconf 89' lang='lat' dir='ltr'><strong>detur;</strong></span> <span class='ocrx_word' id='word_1_496' title='bbox 2120 2313 2291 2380; x_wconf 89' lang='lat' dir='ltr'><strong>primo</strong></span> <span class='ocrx_word' id='word_1_497' title='bbox 2319 2328 2437 2365; x_wconf 91' lang='lat' dir='ltr'><strong>cum</strong></span> <span class='ocrx_word' id='word_1_498' title='bbox 2459 2352 2473 2375; x_wconf 93' lang='lat'><strong>,</strong></span> <span class='ocrx_word' id='word_1_499' title='bbox 2503 2314 2711 2366; x_wconf 89' lang='lat' dir='ltr'><strong>insania</strong></span> <span class='ocrx_word' id='word_1_500' title='bbox 2766 2314 3034 2375; x_wconf 84' lang='lat' dir='ltr'><strong>simulata,</strong></span> <span class='ocrx_word' id='word_1_501' title='bbox 3068 2329 3257 2368; x_wconf 85' lang='lat' dir='ltr'><strong>manus</strong></span> <span class='ocrx_word' id='word_1_502' title='bbox 3314 2317 3424 2367; x_wconf 58' lang='lat' dir='ltr'><strong>An-</strong></span> 
     </span>
    </p>
   </div>
   <div class='ocr_carea' id='block_1_68' title="bbox 1902 2398 3423 2471">
    <p class='ocr_par' dir='ltr' id='par_1_68' title="bbox 1902 2398 3423 2471">
     <span class='ocr_line' id='line_1_68' title="bbox 1902 2398 3423 2471; baseline 0.003 -20"><span class='ocrx_word' id='word_1_503' title='bbox 1902 2398 2036 2451; x_wconf 89' lang='lat' dir='ltr'><strong>chus</strong></span> <span class='ocrx_word' id='word_1_504' title='bbox 2077 2407 2129 2452; x_wconf 87' lang='lat' dir='ltr'><strong>et</strong></span> <span class='ocrx_word' id='word_1_505' title='bbox 2184 2398 2517 2453; x_wconf 66' lang='lat' dir='ltr'><strong>Gethaaorum</strong></span> <span class='ocrx_word' id='word_1_506' title='bbox 2573 2401 2959 2470; x_wconf 84' lang='lat' dir='ltr'><strong>allophylorum</strong></span> <span class='ocrx_word' id='word_1_507' title='bbox 3013 2402 3216 2471; x_wconf 79' lang='lat' dir='ltr'><strong>eﬂ&#39;ugit,</strong></span> <span class='ocrx_word' id='word_1_508' title='bbox 3262 2410 3423 2470; x_wconf 88' lang='lat' dir='ltr'><strong>atque</strong></span> 
     </span>
    </p>
   </div>
   <div class='ocr_carea' id='block_1_69' title="bbox 1900 2486 3421 2555">
    <p class='ocr_par' dir='ltr' id='par_1_69' title="bbox 1900 2486 3421 2555">
     <span class='ocr_line' id='line_1_69' title="bbox 1900 2486 3421 2555; baseline 0.004 -16"><span class='ocrx_word' id='word_1_509' title='bbox 1900 2486 2023 2539; x_wconf 91' lang='lat' dir='ltr'><strong>inde</strong></span> <span class='ocrx_word' id='word_1_510' title='bbox 2051 2487 2101 2540; x_wconf 92' lang='lat' dir='ltr'><strong>in</strong></span> <span class='ocrx_word' id='word_1_511' title='bbox 2133 2490 2437 2555; x_wconf 89' lang='lat' dir='ltr'><strong>speluncam</strong></span> <span class='ocrx_word' id='word_1_512' title='bbox 2470 2488 2707 2542; x_wconf 88' lang='lat' dir='ltr'><strong>Odollam</strong></span> <span class='ocrx_word' id='word_1_513' title='bbox 2745 2505 2803 2543; x_wconf 88' lang='lat' dir='ltr'><strong>se</strong></span> <span class='ocrx_word' id='word_1_514' title='bbox 2826 2490 3098 2552; x_wconf 82' lang='lat' dir='ltr'><strong>subduxit,</strong></span> <span class='ocrx_word' id='word_1_515' title='bbox 3131 2492 3221 2543; x_wconf 86' lang='lat' dir='ltr'><strong>ubi</strong></span> <span class='ocrx_word' id='word_1_516' title='bbox 3247 2506 3421 2545; x_wconf 61' lang='lat' dir='ltr'><strong>omnes</strong></span> 
     </span>
    </p>
   </div>
   <div class='ocr_carea' id='block_1_70' title="bbox 1900 2577 3421 2646">
    <p class='ocr_par' dir='ltr' id='par_1_70' title="bbox 1900 2577 3421 2646">
     <span class='ocr_line' id='line_1_70' title="bbox 1900 2577 3421 2646; baseline 0.003 -20"><span class='ocrx_word' id='word_1_517' title='bbox 1900 2577 2089 2643; x_wconf 79' lang='lat' dir='ltr'><strong>fratres</strong></span> <span class='ocrx_word' id='word_1_518' title='bbox 2127 2578 2236 2644; x_wconf 83' lang='lat' dir='ltr'><strong>ejus</strong></span> <span class='ocrx_word' id='word_1_519' title='bbox 2278 2587 2324 2631; x_wconf 91' lang='lat' dir='ltr'><strong>et</strong></span> <span class='ocrx_word' id='word_1_520' title='bbox 2372 2579 2609 2631; x_wconf 85' lang='lat' dir='ltr'><strong>universa</strong></span> <span class='ocrx_word' id='word_1_521' title='bbox 2648 2579 2829 2631; x_wconf 84' lang='lat' dir='ltr'><strong>domus</strong></span> <span class='ocrx_word' id='word_1_522' title='bbox 2856 2580 3019 2645; x_wconf 90' lang='lat' dir='ltr'><strong>patris</strong></span> <span class='ocrx_word' id='word_1_523' title='bbox 3048 2579 3157 2646; x_wconf 89' lang='lat' dir='ltr'><strong>ejus</strong></span> <span class='ocrx_word' id='word_1_524' title='bbox 3183 2594 3298 2631; x_wconf 79' lang='lat' dir='ltr'><strong>eum</strong></span> <span class='ocrx_word' id='word_1_525' title='bbox 3326 2592 3421 2630; x_wconf 48' lang='lat'><strong>5‘.-</strong></span> 
     </span>
    </p>
   </div>
   <div class='ocr_carea' id='block_1_71' title="bbox 1899 2665 3420 2736">
    <p class='ocr_par' dir='ltr' id='par_1_71' title="bbox 1899 2665 3420 2736">
     <span class='ocr_line' id='line_1_71' title="bbox 1899 2665 3420 2736; baseline 0.003 -19"><span class='ocrx_word' id='word_1_526' title='bbox 1899 2667 2085 2720; x_wconf 86' lang='lat' dir='ltr'><strong>ierunt.</strong></span> <span class='ocrx_word' id='word_1_527' title='bbox 2116 2665 2183 2718; x_wconf 89' lang='lat' dir='ltr'><strong>Et</strong></span> <span class='ocrx_word' id='word_1_528' title='bbox 2205 2676 2541 2721; x_wconf 83' lang='lat' dir='ltr'><strong>convenerunt</strong></span> <span class='ocrx_word' id='word_1_529' title='bbox 2589 2668 2655 2720; x_wconf 90' lang='lat' dir='ltr'><strong>ad</strong></span> <span class='ocrx_word' id='word_1_530' title='bbox 2705 2684 2818 2721; x_wconf 90' lang='lat' dir='ltr'><strong>eum</strong></span> <span class='ocrx_word' id='word_1_531' title='bbox 2852 2684 3023 2721; x_wconf 90' lang='lat' dir='ltr'><strong>omnes</strong></span> <span class='ocrx_word' id='word_1_532' title='bbox 3052 2669 3139 2736; x_wconf 85' lang='lat' dir='ltr'><strong>qui</strong></span> <span class='ocrx_word' id='word_1_533' title='bbox 3180 2677 3328 2721; x_wconf 86' lang='lat' dir='ltr'><strong>erant</strong></span> <span class='ocrx_word' id='word_1_534' title='bbox 3365 2666 3420 2722; x_wconf 67' lang='lat' dir='ltr'><strong>in</strong></span> 
     </span>
    </p>
   </div>
   <div class='ocr_carea' id='block_1_72' title="bbox 1899 2757 3427 2826">
    <p class='ocr_par' dir='ltr' id='par_1_72' title="bbox 1899 2757 3427 2826">
     <span class='ocr_line' id='line_1_72' title="bbox 1899 2757 3427 2826; baseline -0.001 -19"><span class='ocrx_word' id='word_1_535' title='bbox 1899 2757 2141 2825; x_wconf 85' lang='lat' dir='ltr'><strong>angustia</strong></span> <span class='ocrx_word' id='word_1_536' title='bbox 2164 2757 2450 2817; x_wconf 83' lang='lat' dir='ltr'><strong>constituti,</strong></span> <span class='ocrx_word' id='word_1_537' title='bbox 2478 2768 2525 2811; x_wconf 88' lang='lat' dir='ltr'><strong>et</strong></span> <span class='ocrx_word' id='word_1_538' title='bbox 2548 2759 2774 2826; x_wconf 84' lang='lat' dir='ltr'><strong>oppressi</strong></span> <span class='ocrx_word' id='word_1_539' title='bbox 2812 2774 2910 2811; x_wconf 77' lang='lat' dir='ltr'><strong>tere</strong></span> <span class='ocrx_word' id='word_1_540' title='bbox 2944 2758 3132 2819; x_wconf 87' lang='lat' dir='ltr'><strong>alieno,</strong></span> <span class='ocrx_word' id='word_1_541' title='bbox 3163 2766 3212 2809; x_wconf 89' lang='lat' dir='ltr'><strong>et</strong></span> <span class='ocrx_word' id='word_1_542' title='bbox 3239 2772 3427 2809; x_wconf 82' lang='lat' dir='ltr'><strong>amaro-</strong></span> 
     </span>
    </p>
   </div>
   <div class='ocr_carea' id='block_1_73' title="bbox 1898 2842 3422 2914">
    <p class='ocr_par' dir='ltr' id='par_1_73' title="bbox 1898 2842 3422 2914">
     <span class='ocr_line' id='line_1_73' title="bbox 1898 2842 3422 2914; baseline 0.003 -22"><span class='ocrx_word' id='word_1_543' title='bbox 1898 2842 2068 2893; x_wconf 87' lang='lat' dir='ltr'><strong>animo</strong></span> <span class='ocrx_word' id='word_1_544' title='bbox 2098 2857 2117 2894; x_wconf 90' lang='lat'><strong><em>:</em></strong></span> <span class='ocrx_word' id='word_1_545' title='bbox 2138 2851 2186 2894; x_wconf 88' lang='lat' dir='ltr'><strong>et</strong></span> <span class='ocrx_word' id='word_1_546' title='bbox 2214 2853 2323 2895; x_wconf 83' lang='lat' dir='ltr'><strong>erat</strong></span> <span class='ocrx_word' id='word_1_547' title='bbox 2346 2860 2519 2896; x_wconf 84' lang='lat' dir='ltr'><strong>eorum</strong></span> <span class='ocrx_word' id='word_1_548' title='bbox 2544 2844 2670 2898; x_wconf 74' lang='lat' dir='ltr'><strong>dux.</strong></span> <span class='ocrx_word' id='word_1_549' title='bbox 2697 2844 2862 2897; x_wconf 80' lang='lat' dir='ltr'><strong>Erant</strong></span> <span class='ocrx_word' id='word_1_550' title='bbox 2890 2854 3061 2898; x_wconf 87' lang='lat' dir='ltr'><strong>autem</strong></span> <span class='ocrx_word' id='word_1_551' title='bbox 3102 2846 3252 2913; x_wconf 88' lang='lat' dir='ltr'><strong>quasi</strong></span> <span class='ocrx_word' id='word_1_552' title='bbox 3292 2861 3422 2914; x_wconf 79' lang='lat' dir='ltr'><strong>qua-</strong></span> 
     </span>
    </p>
   </div>
   <div class='ocr_carea' id='block_1_74' title="bbox 1896 2932 3425 2999">
    <p class='ocr_par' dir='ltr' id='par_1_74' title="bbox 1896 2932 3425 2999">
     <span class='ocr_line' id='line_1_74' title="bbox 1896 2932 3425 2999; baseline 0.003 -17"><span class='ocrx_word' id='word_1_553' title='bbox 1896 2932 2151 2999; x_wconf 86' lang='lat' dir='ltr'><strong>dringenti</strong></span> <span class='ocrx_word' id='word_1_554' title='bbox 2202 2934 2298 2985; x_wconf 87' lang='lat' dir='ltr'><strong>viri</strong></span> <span class='ocrx_word' id='word_1_555' title='bbox 2326 2934 2391 2987; x_wconf 83' lang='grc'><strong>¹³.</strong></span> <span class='ocrx_word' id='word_1_556' title='bbox 2426 2933 2674 2987; x_wconf 86' lang='lat' dir='ltr'><strong>Secundo</strong></span> <span class='ocrx_word' id='word_1_557' title='bbox 2699 2943 2894 2996; x_wconf 87' lang='lat' dir='ltr'><strong>autem,</strong></span> <span class='ocrx_word' id='word_1_558' title='bbox 2944 2951 3058 2986; x_wconf 90' lang='lat' dir='ltr'><strong>cum</strong></span> <span class='ocrx_word' id='word_1_559' title='bbox 3085 2952 3313 2988; x_wconf 79' lang='lat' dir='ltr'><strong>reversus</strong></span> <span class='ocrx_word' id='word_1_560' title='bbox 3340 2944 3425 2989; x_wconf 76' lang='lat' dir='ltr'><strong>est</strong></span> 
     </span>
    </p>
   </div>
   <div class='ocr_carea' id='block_1_75' title="bbox 1898 3018 3418 3090">
    <p class='ocr_par' dir='ltr' id='par_1_75' title="bbox 1898 3018 3418 3090">
     <span class='ocr_line' id='line_1_75' title="bbox 1898 3018 3418 3090; baseline 0.002 -17"><span class='ocrx_word' id='word_1_561' title='bbox 1898 3018 2028 3073; x_wconf 87' lang='lat' dir='ltr'><strong>Saul</strong></span> <span class='ocrx_word' id='word_1_562' title='bbox 2055 3020 2245 3089; x_wconf 83' lang='lat' dir='ltr'><strong>fugatis</strong></span> <span class='ocrx_word' id='word_1_563' title='bbox 2286 3022 2581 3090; x_wconf 80' lang='lat' dir='ltr'><strong>allophylis,</strong></span> <span class='ocrx_word' id='word_1_564' title='bbox 2609 3032 2657 3075; x_wconf 88' lang='lat' dir='ltr'><strong>et</strong></span> <span class='ocrx_word' id='word_1_565' title='bbox 2704 3023 2995 3075; x_wconf 87' lang='lat' dir='ltr'><strong>nuntiatum</strong></span> <span class='ocrx_word' id='word_1_566' title='bbox 3038 3031 3114 3075; x_wconf 86' lang='lat' dir='ltr'><strong>est</strong></span> <span class='ocrx_word' id='word_1_567' title='bbox 3163 3025 3253 3076; x_wconf 91' lang='lat' dir='ltr'><strong>ei:</strong></span> <span class='ocrx_word' id='word_1_568' title='bbox 3287 3023 3418 3076; x_wconf 80' lang='lat' dir='ltr'><strong>Ecce</strong></span> 
     </span>
    </p>
   </div>
   <div class='ocr_carea' id='block_1_76' title="bbox 1897 3109 3418 3179">
    <p class='ocr_par' dir='ltr' id='par_1_76' title="bbox 1897 3109 3418 3179">
     <span class='ocr_line' id='line_1_76' title="bbox 1897 3109 3418 3179; baseline 0.003 -18"><span class='ocrx_word' id='word_1_569' title='bbox 1897 3109 2065 3162; x_wconf 82' lang='lat' dir='ltr'><strong>David</strong></span> <span class='ocrx_word' id='word_1_570' title='bbox 2112 3112 2165 3162; x_wconf 90' lang='lat' dir='ltr'><strong>in</strong></span> <span class='ocrx_word' id='word_1_571' title='bbox 2217 3109 2416 3165; x_wconf 83' lang='lat' dir='ltr'><strong>deserto</strong></span> <span class='ocrx_word' id='word_1_572' title='bbox 2465 3109 2633 3164; x_wconf 71' lang='grc' dir='ltr'><strong>θαάάί</strong></span> <span class='ocrx_word' id='word_1_573' title='bbox 2648 3128 2666 3173; x_wconf 88' lang='grc'><em>;</em></span> <span class='ocrx_word' id='word_1_574' title='bbox 2697 3121 2745 3164; x_wconf 88' lang='lat' dir='ltr'><strong>et</strong></span> <span class='ocrx_word' id='word_1_575' title='bbox 2772 3113 3053 3179; x_wconf 82' lang='lat' dir='ltr'><strong>assumpsit</strong></span> <span class='ocrx_word' id='word_1_576' title='bbox 3098 3128 3268 3165; x_wconf 81' lang='lat' dir='ltr'><strong>secum</strong></span> <span class='ocrx_word' id='word_1_577' title='bbox 3316 3114 3418 3166; x_wconf 86' lang='lat' dir='ltr'><strong>tria</strong></span> 
     </span>
    </p>
   </div>
   <div class='ocr_carea' id='block_1_77' title="bbox 1895 3200 3419 3268">
    <p class='ocr_par' dir='ltr' id='par_1_77' title="bbox 1895 3200 3419 3268">
     <span class='ocr_line' id='line_1_77' title="bbox 1895 3200 3419 3268; baseline 0.001 -16"><span class='ocrx_word' id='word_1_578' title='bbox 1895 3201 2061 3252; x_wconf 84' lang='lat' dir='ltr'><strong>millia</strong></span> <span class='ocrx_word' id='word_1_579' title='bbox 2090 3201 2367 3252; x_wconf 88' lang='lat' dir='ltr'><strong>electorum</strong></span> <span class='ocrx_word' id='word_1_580' title='bbox 2400 3216 2461 3253; x_wconf 79' lang='lat' dir='ltr'><strong>ea:</strong></span> <span class='ocrx_word' id='word_1_581' title='bbox 2495 3200 2685 3262; x_wconf 80' lang='lat' dir='ltr'><strong>Israel,</strong></span> <span class='ocrx_word' id='word_1_582' title='bbox 2712 3201 3033 3267; x_wconf 70' lang='lat' dir='ltr'><strong>perrexitque</strong></span> <span class='ocrx_word' id='word_1_583' title='bbox 3081 3200 3146 3252; x_wconf 91' lang='lat' dir='ltr'><strong>ad</strong></span> <span class='ocrx_word' id='word_1_584' title='bbox 3186 3216 3419 3268; x_wconf 68' lang='lat' dir='ltr'><strong>quaren-</strong></span> 
     </span>
    </p>
   </div>
   <div class='ocr_carea' id='block_1_78' title="bbox 1896 3287 3416 3356">
    <p class='ocr_par' dir='ltr' id='par_1_78' title="bbox 1896 3287 3416 3356">
     <span class='ocr_line' id='line_1_78' title="bbox 1896 3287 3416 3356; baseline 0.001 -17"><span class='ocrx_word' id='word_1_585' title='bbox 1896 3289 2017 3341; x_wconf 85' lang='lat' dir='ltr'><strong>dum</strong></span> <span class='ocrx_word' id='word_1_586' title='bbox 2047 3288 2212 3341; x_wconf 90' lang='lat' dir='ltr'><strong>David</strong></span> <span class='ocrx_word' id='word_1_587' title='bbox 2240 3298 2289 3341; x_wconf 89' lang='lat' dir='ltr'><strong>et</strong></span> <span class='ocrx_word' id='word_1_588' title='bbox 2333 3290 2467 3342; x_wconf 90' lang='lat' dir='ltr'><strong>viros</strong></span> <span class='ocrx_word' id='word_1_589' title='bbox 2496 3289 2627 3356; x_wconf 77' lang='lat' dir='ltr'><strong>ejus,</strong></span> <span class='ocrx_word' id='word_1_590' title='bbox 2652 3289 2716 3340; x_wconf 89' lang='lat' dir='ltr'><strong>ad</strong></span> <span class='ocrx_word' id='word_1_591' title='bbox 2746 3289 2929 3355; x_wconf 89' lang='lat' dir='ltr'><strong>faciem</strong></span> <span class='ocrx_word' id='word_1_592' title='bbox 2970 3287 3138 3341; x_wconf 68' lang='grc' dir='ltr'><strong>ίΕιίη.</strong></span> <span class='ocrx_word' id='word_1_593' title='bbox 3171 3288 3239 3339; x_wconf 85' lang='lat' dir='ltr'><strong>Et</strong></span> <span class='ocrx_word' id='word_1_594' title='bbox 3284 3290 3416 3341; x_wconf 82' lang='lat' dir='ltr'><strong>venit</strong></span> 
     </span>
    </p>
   </div>
   <div class='ocr_carea' id='block_1_79' title="bbox 1894 3376 3415 3446">
    <p class='ocr_par' dir='ltr' id='par_1_79' title="bbox 1894 3376 3415 3446">
     <span class='ocr_line' id='line_1_79' title="bbox 1894 3376 3415 3446; baseline 0.001 -18"><span class='ocrx_word' id='word_1_595' title='bbox 1894 3377 1961 3429; x_wconf 90' lang='lat' dir='ltr'><strong>ad</strong></span> <span class='ocrx_word' id='word_1_596' title='bbox 1991 3394 2162 3446; x_wconf 86' lang='lat' dir='ltr'><strong>greges</strong></span> <span class='ocrx_word' id='word_1_597' title='bbox 2186 3378 2413 3439; x_wconf 88' lang='lat' dir='ltr'><strong>ovilium,</strong></span> <span class='ocrx_word' id='word_1_598' title='bbox 2456 3394 2569 3445; x_wconf 67' lang='lat' dir='ltr'><strong>quia</strong></span> <span class='ocrx_word' id='word_1_599' title='bbox 2603 3387 2747 3429; x_wconf 88' lang='lat' dir='ltr'><strong>erant</strong></span> <span class='ocrx_word' id='word_1_600' title='bbox 2794 3378 2847 3428; x_wconf 89' lang='lat' dir='ltr'><strong>in</strong></span> <span class='ocrx_word' id='word_1_601' title='bbox 2879 3386 3017 3428; x_wconf 87' lang='lat' dir='ltr'><strong>terra</strong></span> <span class='ocrx_word' id='word_1_602' title='bbox 3049 3377 3156 3429; x_wconf 77' lang='lat' dir='ltr'><strong>viw.</strong></span> <span class='ocrx_word' id='word_1_603' title='bbox 3186 3376 3415 3445; x_wconf 82' lang='lat' dir='ltr'><strong>Eratque</strong></span> 
     </span>
    </p>
   </div>
   <div class='ocr_carea' id='block_1_80' title="bbox 1892 3464 3415 3535">
    <p class='ocr_par' dir='ltr' id='par_1_80' title="bbox 1892 3464 3415 3535">
     <span class='ocr_line' id='line_1_80' title="bbox 1892 3464 3415 3535; baseline -0.001 -16"><span class='ocrx_word' id='word_1_604' title='bbox 1892 3468 1963 3520; x_wconf 88' lang='lat' dir='ltr'><strong>ibi</strong></span> <span class='ocrx_word' id='word_1_605' title='bbox 1996 3469 2257 3535; x_wconf 84' lang='lat' dir='ltr'><strong>spelunca,</strong></span> <span class='ocrx_word' id='word_1_606' title='bbox 2286 3476 2334 3519; x_wconf 91' lang='lat' dir='ltr'><strong>et</strong></span> <span class='ocrx_word' id='word_1_607' title='bbox 2386 3468 2645 3535; x_wconf 89' lang='lat' dir='ltr'><strong>ingressus</strong></span> <span class='ocrx_word' id='word_1_608' title='bbox 2680 3474 2755 3517; x_wconf 89' lang='lat' dir='ltr'><strong>est</strong></span> <span class='ocrx_word' id='word_1_609' title='bbox 2783 3464 2913 3518; x_wconf 90' lang='lat' dir='ltr'><strong>Saul</strong></span> <span class='ocrx_word' id='word_1_610' title='bbox 2954 3465 3023 3517; x_wconf 88' lang='lat' dir='ltr'><strong>ad</strong></span> <span class='ocrx_word' id='word_1_611' title='bbox 3064 3482 3117 3519; x_wconf 91' lang='lat' dir='ltr'><strong>se</strong></span> <span class='ocrx_word' id='word_1_612' title='bbox 3155 3482 3415 3534; x_wconf 79' lang='lat' dir='ltr'><strong>apparan-</strong></span> 
     </span>
    </p>
   </div>
   <div class='ocr_carea' id='block_1_81' title="bbox 1892 3555 3416 3626">
    <p class='ocr_par' dir='ltr' id='par_1_81' title="bbox 1892 3555 3416 3626">
     <span class='ocr_line' id='line_1_81' title="bbox 1892 3555 3416 3626; baseline 0.001 -19"><span class='ocrx_word' id='word_1_613' title='bbox 1892 3556 2014 3608; x_wconf 87' lang='lat' dir='ltr'><strong>dum</strong></span> <span class='ocrx_word' id='word_1_614' title='bbox 2037 3557 2108 3626; x_wconf 84' lang='grc' dir='ltr'><strong>(Ι)</strong></span> <span class='ocrx_word' id='word_1_615' title='bbox 2138 3597 2153 3621; x_wconf 89' lang='grc'><strong>,</strong></span> <span class='ocrx_word' id='word_1_616' title='bbox 2187 3565 2234 3609; x_wconf 91' lang='lat' dir='ltr'><strong>et</strong></span> <span class='ocrx_word' id='word_1_617' title='bbox 2275 3555 2438 3608; x_wconf 80' lang='lat' dir='ltr'><strong>David</strong></span> <span class='ocrx_word' id='word_1_618' title='bbox 2466 3566 2512 3608; x_wconf 89' lang='lat' dir='ltr'><strong>et</strong></span> <span class='ocrx_word' id='word_1_619' title='bbox 2537 3557 2630 3608; x_wconf 88' lang='lat' dir='ltr'><strong>viri</strong></span> <span class='ocrx_word' id='word_1_620' title='bbox 2658 3557 2768 3623; x_wconf 87' lang='lat' dir='ltr'><strong>ejus</strong></span> <span class='ocrx_word' id='word_1_621' title='bbox 2798 3556 2849 3607; x_wconf 90' lang='lat' dir='ltr'><strong>in</strong></span> <span class='ocrx_word' id='word_1_622' title='bbox 2878 3556 3117 3607; x_wconf 88' lang='lat' dir='ltr'><strong>interiore</strong></span> <span class='ocrx_word' id='word_1_623' title='bbox 3135 3565 3281 3623; x_wconf 91' lang='lat' dir='ltr'><strong>parte</strong></span> <span class='ocrx_word' id='word_1_624' title='bbox 3302 3571 3416 3623; x_wconf 86' lang='lat' dir='ltr'><strong>spe-</strong></span> 
     </span>
    </p>
   </div>
   <div class='ocr_carea' id='block_1_82' title="bbox 1894 3642 3414 3698">
    <p class='ocr_par' dir='ltr' id='par_1_82' title="bbox 1894 3642 3414 3698">
     <span class='ocr_line' id='line_1_82' title="bbox 1894 3642 3414 3698; baseline -0.001 -1"><span class='ocrx_word' id='word_1_625' title='bbox 1894 3646 2055 3698; x_wconf 77' lang='lat' dir='ltr'><strong>lunca:</strong></span> <span class='ocrx_word' id='word_1_626' title='bbox 2071 3645 2330 3698; x_wconf 84' lang='lat' dir='ltr'><strong>sedebant.</strong></span> <span class='ocrx_word' id='word_1_627' title='bbox 2349 3644 2413 3697; x_wconf 87' lang='lat' dir='ltr'><strong>Et</strong></span> <span class='ocrx_word' id='word_1_628' title='bbox 2432 3644 2670 3697; x_wconf 73' lang='lat' dir='ltr'><strong>dixerunt</strong></span> <span class='ocrx_word' id='word_1_629' title='bbox 2698 3645 2794 3696; x_wconf 89' lang='lat' dir='ltr'><strong>viri</strong></span> <span class='ocrx_word' id='word_1_630' title='bbox 2816 3643 2976 3697; x_wconf 85' lang='lat' dir='ltr'><strong>David</strong></span> <span class='ocrx_word' id='word_1_631' title='bbox 3006 3643 3072 3696; x_wconf 91' lang='lat' dir='ltr'><strong>ad</strong></span> <span class='ocrx_word' id='word_1_632' title='bbox 3095 3660 3210 3696; x_wconf 90' lang='lat' dir='ltr'><strong>eum</strong></span> <span class='ocrx_word' id='word_1_633' title='bbox 3234 3660 3253 3696; x_wconf 92' lang='lat'><strong><em>:</em></strong></span> <span class='ocrx_word' id='word_1_634' title='bbox 3284 3642 3414 3697; x_wconf 84' lang='lat' dir='ltr'><strong>Ecce</strong></span> 
     </span>
    </p>
   </div>
   <div class='ocr_carea' id='block_1_83' title="bbox 1891 3733 3414 3799">
    <p class='ocr_par' dir='ltr' id='par_1_83' title="bbox 1891 3733 3414 3799">
     <span class='ocr_line' id='line_1_83' title="bbox 1891 3733 3414 3799; baseline 0.002 -14"><span class='ocrx_word' id='word_1_635' title='bbox 1891 3735 2021 3797; x_wconf 88' lang='lat' dir='ltr'><strong>dies,</strong></span> <span class='ocrx_word' id='word_1_636' title='bbox 2050 3736 2123 3787; x_wconf 79' lang='lat' dir='ltr'><strong>de</strong></span> <span class='ocrx_word' id='word_1_637' title='bbox 2141 3751 2241 3799; x_wconf 84' lang='lat' dir='ltr'><strong>qua</strong></span> <span class='ocrx_word' id='word_1_638' title='bbox 2265 3736 2465 3787; x_wconf 86' lang='lat' dir='ltr'><strong>locutus</strong></span> <span class='ocrx_word' id='word_1_639' title='bbox 2500 3734 2751 3786; x_wconf 89' lang='lat' dir='ltr'><strong>Dominus</strong></span> <span class='ocrx_word' id='word_1_640' title='bbox 2775 3733 2838 3785; x_wconf 87' lang='lat' dir='ltr'><strong>ad</strong></span> <span class='ocrx_word' id='word_1_641' title='bbox 2865 3742 2930 3795; x_wconf 89' lang='lat' dir='ltr'><strong>te,</strong></span> <span class='ocrx_word' id='word_1_642' title='bbox 2963 3734 3097 3799; x_wconf 87' lang='lat' dir='ltr'><strong>quod</strong></span> <span class='ocrx_word' id='word_1_643' title='bbox 3118 3733 3291 3785; x_wconf 83' lang='lat' dir='ltr'><strong>tradat</strong></span> <span class='ocrx_word' id='word_1_644' title='bbox 3312 3735 3414 3788; x_wconf 83' lang='lat' dir='ltr'><strong>ini-</strong></span> 
     </span>
    </p>
   </div>
   <div class='ocr_carea' id='block_1_84' title="bbox 1891 3825 3415 3892">
    <p class='ocr_par' dir='ltr' id='par_1_84' title="bbox 1891 3825 3415 3892">
     <span class='ocr_line' id='line_1_84' title="bbox 1891 3825 3415 3892; baseline 0.001 -13"><span class='ocrx_word' id='word_1_645' title='bbox 1891 3828 2076 3879; x_wconf 80' lang='lat' dir='ltr'><strong>micum</strong></span> <span class='ocrx_word' id='word_1_646' title='bbox 2107 3837 2249 3879; x_wconf 88' lang='lat' dir='ltr'><strong>tuum</strong></span> <span class='ocrx_word' id='word_1_647' title='bbox 2277 3829 2331 3879; x_wconf 89' lang='lat' dir='ltr'><strong>in</strong></span> <span class='ocrx_word' id='word_1_648' title='bbox 2353 3842 2533 3878; x_wconf 91' lang='lat' dir='ltr'><strong>manus</strong></span> <span class='ocrx_word' id='word_1_649' title='bbox 2555 3835 2691 3887; x_wconf 89' lang='lat' dir='ltr'><strong>tuas,</strong></span> <span class='ocrx_word' id='word_1_650' title='bbox 2714 3835 2771 3877; x_wconf 88' lang='lat' dir='ltr'><strong>ut</strong></span> <span class='ocrx_word' id='word_1_651' title='bbox 2797 3825 2963 3892; x_wconf 80' lang='lat' dir='ltr'><strong>facias</strong></span> <span class='ocrx_word' id='word_1_652' title='bbox 2991 3827 3038 3878; x_wconf 91' lang='lat' dir='ltr'><strong>ei</strong></span> <span class='ocrx_word' id='word_1_653' title='bbox 3057 3826 3190 3878; x_wconf 79' lang='lat' dir='ltr'><strong>sicut</strong></span> <span class='ocrx_word' id='word_1_654' title='bbox 3207 3826 3415 3891; x_wconf 86' lang='lat' dir='ltr'><strong>placue-</strong></span> 
     </span>
    </p>
   </div>
   <div class='ocr_carea' id='block_1_85' title="bbox 1892 3915 3423 3983">
    <p class='ocr_par' dir='ltr' id='par_1_85' title="bbox 1892 3915 3423 3983">
     <span class='ocr_line' id='line_1_85' title="bbox 1892 3915 3423 3983; baseline 0 -14"><span class='ocrx_word' id='word_1_655' title='bbox 1892 3918 1960 3969; x_wconf 79' lang='lat' dir='ltr'><strong>rit</strong></span> <span class='ocrx_word' id='word_1_656' title='bbox 1993 3919 2049 3969; x_wconf 88' lang='lat' dir='ltr'><strong>in</strong></span> <span class='ocrx_word' id='word_1_657' title='bbox 2089 3918 2250 3970; x_wconf 87' lang='lat' dir='ltr'><strong>oculis</strong></span> <span class='ocrx_word' id='word_1_658' title='bbox 2296 3918 2419 3969; x_wconf 88' lang='lat' dir='ltr'><strong>tuis.</strong></span> <span class='ocrx_word' id='word_1_659' title='bbox 2454 3916 2693 3971; x_wconf 80' lang='lat' dir='ltr'><strong>Surrexit</strong></span> <span class='ocrx_word' id='word_1_660' title='bbox 2721 3932 2840 3983; x_wconf 84' lang='lat' dir='ltr'><strong>ergo</strong></span> <span class='ocrx_word' id='word_1_661' title='bbox 2870 3915 3037 3967; x_wconf 88' lang='lat' dir='ltr'><strong>David</strong></span> <span class='ocrx_word' id='word_1_662' title='bbox 3084 3927 3132 3968; x_wconf 83' lang='lat' dir='ltr'><strong>et</strong></span> <span class='ocrx_word' id='word_1_663' title='bbox 3177 3917 3423 3983; x_wconf 67' lang='lat' dir='ltr'><strong>pra’cidit</strong></span> 
     </span>
    </p>
   </div>
   <div class='ocr_carea' id='block_1_86' title="bbox 1890 4003 3411 4074">
    <p class='ocr_par' dir='ltr' id='par_1_86' title="bbox 1890 4003 3411 4074">
     <span class='ocr_line' id='line_1_86' title="bbox 1890 4003 3411 4074; baseline -0.004 -16"><span class='ocrx_word' id='word_1_664' title='bbox 1890 4023 2035 4058; x_wconf 89' lang='lat' dir='ltr'><strong>oram</strong></span> <span class='ocrx_word' id='word_1_665' title='bbox 2063 4006 2307 4074; x_wconf 88' lang='lat' dir='ltr'><strong>diploidis</strong></span> <span class='ocrx_word' id='word_1_666' title='bbox 2338 4006 2512 4060; x_wconf 88' lang='lat' dir='ltr'><strong>Saulis</strong></span> <span class='ocrx_word' id='word_1_667' title='bbox 2547 4006 2701 4058; x_wconf 89' lang='lat' dir='ltr'><strong>clam.</strong></span> <span class='ocrx_word' id='word_1_668' title='bbox 2746 4003 2811 4055; x_wconf 83' lang='lat' dir='ltr'><strong>Et</strong></span> <span class='ocrx_word' id='word_1_669' title='bbox 2837 4004 3029 4071; x_wconf 89' lang='lat' dir='ltr'><strong>factum</strong></span> <span class='ocrx_word' id='word_1_670' title='bbox 3060 4013 3134 4055; x_wconf 89' lang='lat' dir='ltr'><strong>est</strong></span> <span class='ocrx_word' id='word_1_671' title='bbox 3162 4012 3336 4070; x_wconf 89' lang='lat' dir='ltr'><strong>postea</strong></span> <span class='ocrx_word' id='word_1_672' title='bbox 3361 4010 3411 4053; x_wconf 83' lang='lat' dir='ltr'><strong>et</strong></span> 
     </span>
    </p>
   </div>
   <div class='ocr_carea' id='block_1_87' title="bbox 1888 4092 3415 4165">
    <p class='ocr_par' dir='ltr' id='par_1_87' title="bbox 1888 4092 3415 4165">
     <span class='ocr_line' id='line_1_87' title="bbox 1888 4092 3415 4165; baseline -0.005 -15"><span class='ocrx_word' id='word_1_673' title='bbox 1888 4099 2138 4165; x_wconf 86' lang='lat' dir='ltr'><strong>percussit</strong></span> <span class='ocrx_word' id='word_1_674' title='bbox 2160 4096 2407 4151; x_wconf 86' lang='lat' dir='ltr'><strong>Davidem</strong></span> <span class='ocrx_word' id='word_1_675' title='bbox 2436 4114 2524 4150; x_wconf 93' lang='lat' dir='ltr'><strong>cor</strong></span> <span class='ocrx_word' id='word_1_676' title='bbox 2552 4096 2681 4164; x_wconf 90' lang='lat' dir='ltr'><strong>ejus,</strong></span> <span class='ocrx_word' id='word_1_677' title='bbox 2702 4096 2824 4163; x_wconf 85' lang='lat' dir='ltr'><strong>quia</strong></span> <span class='ocrx_word' id='word_1_678' title='bbox 2849 4094 3131 4145; x_wconf 86' lang='lat' dir='ltr'><strong>abstulerat</strong></span> <span class='ocrx_word' id='word_1_679' title='bbox 3160 4108 3305 4144; x_wconf 83' lang='lat' dir='ltr'><strong>oram</strong></span> <span class='ocrx_word' id='word_1_680' title='bbox 3329 4092 3415 4142; x_wconf 86' lang='lat' dir='ltr'><strong>di-</strong></span> 
     </span>
    </p>
   </div>
   <div class='ocr_carea' id='block_1_88' title="bbox 1887 4181 3411 4253">
    <p class='ocr_par' dir='ltr' id='par_1_88' title="bbox 1887 4181 3411 4253">
     <span class='ocr_line' id='line_1_88' title="bbox 1887 4181 3411 4253; baseline -0.004 -15"><span class='ocrx_word' id='word_1_681' title='bbox 1887 4186 2073 4253; x_wconf 88' lang='lat' dir='ltr'><strong>ploidis</strong></span> <span class='ocrx_word' id='word_1_682' title='bbox 2115 4187 2300 4253; x_wconf 87' lang='lat' dir='ltr'><strong>ipsius.</strong></span> <span class='ocrx_word' id='word_1_683' title='bbox 2349 4185 2592 4253; x_wconf 76' lang='lat' dir='ltr'><strong>Dixitque</strong></span> <span class='ocrx_word' id='word_1_684' title='bbox 2614 4183 2779 4236; x_wconf 86' lang='lat' dir='ltr'><strong>David</strong></span> <span class='ocrx_word' id='word_1_685' title='bbox 2811 4183 2877 4235; x_wconf 84' lang='lat' dir='ltr'><strong>ad</strong></span> <span class='ocrx_word' id='word_1_686' title='bbox 2906 4183 3038 4235; x_wconf 86' lang='lat' dir='ltr'><strong>viros</strong></span> <span class='ocrx_word' id='word_1_687' title='bbox 3071 4197 3189 4234; x_wconf 88' lang='lat' dir='ltr'><strong>suos</strong></span> <span class='ocrx_word' id='word_1_688' title='bbox 3215 4195 3232 4233; x_wconf 89' lang='lat'><strong><em>:</em></strong></span> <span class='ocrx_word' id='word_1_689' title='bbox 3264 4181 3411 4233; x_wconf 77' lang='lat' dir='ltr'><strong>Absit</strong></span> 
     </span>
    </p>
   </div>
   <div class='ocr_carea' id='block_1_89' title="bbox 1889 4271 3407 4340">
    <p class='ocr_par' dir='ltr' id='par_1_89' title="bbox 1889 4271 3407 4340">
     <span class='ocr_line' id='line_1_89' title="bbox 1889 4271 3407 4340; baseline -0.005 -12"><span class='ocrx_word' id='word_1_690' title='bbox 1889 4276 2014 4328; x_wconf 80' lang='lat' dir='ltr'><strong>mihi</strong></span> <span class='ocrx_word' id='word_1_691' title='bbox 2044 4292 2077 4327; x_wconf 91' lang='lat' dir='ltr'><strong>a</strong></span> <span class='ocrx_word' id='word_1_692' title='bbox 2124 4274 2366 4337; x_wconf 89' lang='lat' dir='ltr'><strong>Domino,</strong></span> <span class='ocrx_word' id='word_1_693' title='bbox 2394 4274 2440 4326; x_wconf 90' lang='lat' dir='ltr'><strong>si</strong></span> <span class='ocrx_word' id='word_1_694' title='bbox 2481 4273 2676 4340; x_wconf 81' lang='lat' dir='ltr'><strong>faciam</strong></span> <span class='ocrx_word' id='word_1_695' title='bbox 2717 4271 2849 4324; x_wconf 84' lang='lat' dir='ltr'><strong>hanc</strong></span> <span class='ocrx_word' id='word_1_696' title='bbox 2885 4286 2989 4323; x_wconf 82' lang='lat' dir='ltr'><strong>rem</strong></span> <span class='ocrx_word' id='word_1_697' title='bbox 3042 4271 3248 4322; x_wconf 79' lang='lat' dir='ltr'><strong>domino</strong></span> <span class='ocrx_word' id='word_1_698' title='bbox 3275 4285 3407 4331; x_wconf 82' lang='lat' dir='ltr'><strong>meo,</strong></span> 
     </span>
    </p>
   </div>
   <div class='ocr_carea' id='block_1_90' title="bbox 1891 4359 3409 4430">
    <p class='ocr_par' dir='ltr' id='par_1_90' title="bbox 1891 4359 3409 4430">
     <span class='ocr_line' id='line_1_90' title="bbox 1891 4359 3409 4430; baseline -0.004 -14"><span class='ocrx_word' id='word_1_699' title='bbox 1891 4365 2084 4420; x_wconf 83' lang='lat' dir='ltr'><strong>christo</strong></span> <span class='ocrx_word' id='word_1_700' title='bbox 2120 4364 2353 4426; x_wconf 89' lang='lat' dir='ltr'><strong>Domini,</strong></span> <span class='ocrx_word' id='word_1_701' title='bbox 2386 4372 2444 4415; x_wconf 86' lang='lat' dir='ltr'><strong>ut</strong></span> <span class='ocrx_word' id='word_1_702' title='bbox 2478 4363 2700 4430; x_wconf 87' lang='lat' dir='ltr'><strong>inferam</strong></span> <span class='ocrx_word' id='word_1_703' title='bbox 2742 4375 2950 4412; x_wconf 83' lang='lat' dir='ltr'><strong>manum</strong></span> <span class='ocrx_word' id='word_1_704' title='bbox 2987 4375 3151 4411; x_wconf 86' lang='lat' dir='ltr'><strong>meam</strong></span> <span class='ocrx_word' id='word_1_705' title='bbox 3178 4359 3229 4410; x_wconf 89' lang='lat' dir='ltr'><strong>in</strong></span> <span class='ocrx_word' id='word_1_706' title='bbox 3254 4373 3409 4419; x_wconf 85' lang='lat' dir='ltr'><strong>eum;</strong></span> 
     </span>
    </p>
   </div>
   <div class='ocr_carea' id='block_1_91' title="bbox 260 4445 1791 4539">
    <p class='ocr_par' dir='ltr' id='par_1_91' title="bbox 260 4448 1786 4521">
     <span class='ocr_line' id='line_1_91' title="bbox 260 4448 1786 4521; baseline 0.007 -25"><span class='ocrx_word' id='word_1_707' title='bbox 260 4448 400 4509; x_wconf 80' lang='grc' dir='ltr'><em>μετὰ</em></span> <span class='ocrx_word' id='word_1_708' title='bbox 426 4451 632 4513; x_wconf 82' lang='grc' dir='ltr'><em>ταῦτα,</em></span> <span class='ocrx_word' id='word_1_709' title='bbox 680 4452 778 4503; x_wconf 80' lang='grc' dir='ltr'><strong>καὶ</strong></span> <span class='ocrx_word' id='word_1_710' title='bbox 828 4452 1086 4514; x_wconf 84' lang='grc' dir='ltr'><em>ἐπάταξε</em></span> <span class='ocrx_word' id='word_1_711' title='bbox 1114 4452 1321 4518; x_wconf 83' lang='grc' dir='ltr'>καρδία</span> <span class='ocrx_word' id='word_1_712' title='bbox 1366 4455 1541 4507; x_wconf 82' lang='grc' dir='ltr'><em>Δαυῒδ</em></span> <span class='ocrx_word' id='word_1_713' title='bbox 1587 4456 1786 4521; x_wconf 79' lang='grc' dir='ltr'><em>αὐτὸν,</em></span> 
     </span>
    </p>
   </div>
   <div class='ocr_carea' id='block_1_92' title="bbox 1899 4445 3411 4539">
    <p class='ocr_par' dir='ltr' id='par_1_92' title="bbox 1899 4445 3411 4521">
     <span class='ocr_line' id='line_1_92' title="bbox 1899 4445 3411 4521; baseline -0.005 -16"><span class='ocrx_word' id='word_1_714' title='bbox 1899 4454 2009 4521; x_wconf 65' lang='grc' dir='ltr'>γυὶα</span> <span class='ocrx_word' id='word_1_715' title='bbox 2038 4452 2272 4505; x_wconf 81' lang='lat' dir='ltr'><strong>Christus</strong></span> <span class='ocrx_word' id='word_1_716' title='bbox 2295 4449 2503 4503; x_wconf 87' lang='lat' dir='ltr'><strong>Domini</strong></span> <span class='ocrx_word' id='word_1_717' title='bbox 2524 4458 2597 4502; x_wconf 92' lang='lat' dir='ltr'><strong>est</strong></span> <span class='ocrx_word' id='word_1_718' title='bbox 2626 4449 2727 4501; x_wconf 88' lang='lat' dir='ltr'><strong>hic.</strong></span> <span class='ocrx_word' id='word_1_719' title='bbox 2760 4446 2827 4498; x_wconf 87' lang='lat' dir='ltr'><strong>Et</strong></span> <span class='ocrx_word' id='word_1_720' title='bbox 2864 4448 3118 4515; x_wconf 88' lang='lat' dir='ltr'><strong>persuasit</strong></span> <span class='ocrx_word' id='word_1_721' title='bbox 3141 4445 3309 4500; x_wconf 84' lang='lat' dir='ltr'><strong>David</strong></span> <span class='ocrx_word' id='word_1_722' title='bbox 3332 4447 3411 4500; x_wconf 84' lang='lat' dir='ltr'><strong>vi-</strong></span> 
     </span>
    </p>
   </div>
   <div class='ocr_carea' id='block_1_93' title="bbox 264 4532 1785 4608">
    <p class='ocr_par' dir='ltr' id='par_1_93' title="bbox 264 4532 1785 4608">
     <span class='ocr_line' id='line_1_93' title="bbox 264 4532 1785 4608; baseline 0.011 -27"><span class='ocrx_word' id='word_1_723' title='bbox 264 4532 347 4583; x_wconf 77' lang='grc' dir='ltr'><em>ὅτι</em></span> <span class='ocrx_word' id='word_1_724' title='bbox 380 4536 565 4602; x_wconf 56' lang='grc' dir='ltr'><strong>ἀφεῖλε</strong></span> <span class='ocrx_word' id='word_1_725' title='bbox 618 4539 685 4592; x_wconf 80' lang='grc' dir='ltr'><em>τὸ</em></span> <span class='ocrx_word' id='word_1_726' title='bbox 743 4542 1062 4607; x_wconf 81' lang='grc' dir='ltr'><em>πτερύγιον</em></span> <span class='ocrx_word' id='word_1_727' title='bbox 1113 4540 1218 4605; x_wconf 84' lang='grc' dir='ltr'><em>τῆς</em></span> <span class='ocrx_word' id='word_1_728' title='bbox 1264 4542 1559 4608; x_wconf 74' lang='grc' dir='ltr'><em>διπλοΐδος</em></span> <span class='ocrx_word' id='word_1_729' title='bbox 1585 4545 1785 4598; x_wconf 86' lang='grc' dir='ltr'><strong>αὑτοῦ.</strong></span> 
     </span>
    </p>
   </div>
   <div class='ocr_carea' id='block_1_94' title="bbox 262 4624 1789 4700">
    <p class='ocr_par' dir='ltr' id='par_1_94' title="bbox 262 4624 1789 4700">
     <span class='ocr_line' id='line_1_94' title="bbox 262 4624 1789 4700; baseline 0.011 -27"><span class='ocrx_word' id='word_1_730' title='bbox 262 4624 369 4672; x_wconf 84' lang='lat' dir='ltr'><strong>Kal</strong></span> <span class='ocrx_word' id='word_1_731' title='bbox 391 4624 503 4681; x_wconf 77' lang='grc' dir='ltr'><em>εἷπε</em></span> <span class='ocrx_word' id='word_1_732' title='bbox 529 4629 708 4682; x_wconf 81' lang='grc' dir='ltr'><em>Δαυῒδ</em></span> <span class='ocrx_word' id='word_1_733' title='bbox 728 4630 879 4696; x_wconf 75' lang='grc' dir='ltr'><em>πρὸς</em></span> <span class='ocrx_word' id='word_1_734' title='bbox 907 4630 1048 4695; x_wconf 86' lang='grc' dir='ltr'><em>τοὺς</em></span> <span class='ocrx_word' id='word_1_735' title='bbox 1088 4630 1305 4698; x_wconf 80' lang='grc' dir='ltr'><em>ἄνδρας</em></span> <span class='ocrx_word' id='word_1_736' title='bbox 1355 4635 1555 4686; x_wconf 85' lang='grc' dir='ltr'><strong>αὐτοῦ·</strong></span> <span class='ocrx_word' id='word_1_737' title='bbox 1602 4634 1789 4700; x_wconf 81' lang='grc' dir='ltr'><strong>Μηδα-</strong></span> 
     </span>
    </p>
   </div>
   <div class='ocr_carea' id='block_1_95' title="bbox 259 4708 1786 4791">
    <p class='ocr_par' dir='ltr' id='par_1_95' title="bbox 259 4708 1786 4791">
     <span class='ocr_line' id='line_1_95' title="bbox 259 4708 1786 4791; baseline 0.003 -18"><span class='ocrx_word' id='word_1_738' title='bbox 259 4708 376 4774; x_wconf 71' lang='grc' dir='ltr'><strong>μῶς</strong></span> <span class='ocrx_word' id='word_1_739' title='bbox 394 4734 479 4780; x_wconf 80' lang='grc' dir='ltr'><strong>μοι</strong></span> <span class='ocrx_word' id='word_1_740' title='bbox 510 4721 666 4786; x_wconf 80' lang='grc' dir='ltr'><em>παρὰ</em></span> <span class='ocrx_word' id='word_1_741' title='bbox 696 4721 1029 4785; x_wconf 78' lang='grc' dir='ltr'><em>Κυρίου,,εὶ</em></span> <span class='ocrx_word' id='word_1_742' title='bbox 1056 4722 1279 4785; x_wconf 82' lang='grc' dir='ltr'><em>ποιήσω</em></span> <span class='ocrx_word' id='word_1_743' title='bbox 1310 4723 1373 4775; x_wconf 85' lang='grc' dir='ltr'><em>τὸ</em></span> <span class='ocrx_word' id='word_1_744' title='bbox 1424 4723 1591 4791; x_wconf 78' lang='grc' dir='ltr'><strong>ῥῆμα¹</strong></span> <span class='ocrx_word' id='word_1_745' title='bbox 1615 4723 1786 4777; x_wconf 83' lang='grc' dir='ltr'><em>τοῦτο</em></span> 
     </span>
    </p>
   </div>
   <div class='ocr_carea' id='block_1_96' title="bbox 262 4796 1786 4880">
    <p class='ocr_par' dir='ltr' id='par_1_96' title="bbox 262 4796 1786 4880">
     <span class='ocr_line' id='line_1_96' title="bbox 262 4796 1786 4880; baseline 0.005 -22"><span class='ocrx_word' id='word_1_746' title='bbox 262 4796 334 4858; x_wconf 73' lang='grc' dir='ltr'><strong>τῷ</strong></span> <span class='ocrx_word' id='word_1_747' title='bbox 364 4811 520 4874; x_wconf 75' lang='grc' dir='ltr'><em>κυρίῳ</em></span> <span class='ocrx_word' id='word_1_748' title='bbox 565 4827 685 4876; x_wconf 83' lang='grc' dir='ltr'><em>μου</em></span> <span class='ocrx_word' id='word_1_749' title='bbox 732 4802 817 4871; x_wconf 79' lang='grc' dir='ltr'><em>τῷ</em></span> <span class='ocrx_word' id='word_1_750' title='bbox 879 4801 1103 4873; x_wconf 81' lang='grc' dir='ltr'><em>κριστῷ</em></span> <span class='ocrx_word' id='word_1_751' title='bbox 1155 4812 1400 4876; x_wconf 79' lang='grc' dir='ltr'><strong>Κυρίου,</strong></span> <span class='ocrx_word' id='word_1_752' title='bbox 1452 4813 1786 4880; x_wconf 75' lang='grc' dir='ltr'><em>ἐπενεγκεῖν</em></span> 
     </span>
    </p>
   </div>
   <div class='ocr_carea' id='block_1_97' title="bbox 250 4885 1786 4966">
    <p class='ocr_par' dir='ltr' id='par_1_97' title="bbox 250 4885 1786 4966">
     <span class='ocr_line' id='line_1_97' title="bbox 250 4885 1786 4966; baseline 0.007 -23"><span class='ocrx_word' id='word_1_753' title='bbox 250 4885 399 4966; x_wconf 56' lang='grc' dir='ltr'><strong>Ζξῶά</strong></span> <span class='ocrx_word' id='word_1_754' title='bbox 408 4916 525 4966; x_wconf 80' lang='grc' dir='ltr'><em>μου</em></span> <span class='ocrx_word' id='word_1_755' title='bbox 552 4899 647 4950; x_wconf 82' lang='grc' dir='ltr'><strong>ἐπ’</strong></span> <span class='ocrx_word' id='word_1_756' title='bbox 685 4899 904 4949; x_wconf 76' lang='grc' dir='ltr'><strong>αὐτόν’</strong></span> <span class='ocrx_word' id='word_1_757' title='bbox 963 4896 1051 4947; x_wconf 87' lang='grc' dir='ltr'><strong>ὅτι</strong></span> <span class='ocrx_word' id='word_1_758' title='bbox 1083 4899 1325 4963; x_wconf 84' lang='grc' dir='ltr'><em>Χριστὸς</em></span> <span class='ocrx_word' id='word_1_759' title='bbox 1359 4902 1571 4966; x_wconf 80' lang='grc' dir='ltr'><em>Κυρίου</em></span> <span class='ocrx_word' id='word_1_760' title='bbox 1616 4902 1786 4954; x_wconf 76' lang='grc' dir='ltr'><em>ἐστὶν</em></span> 
     </span>
    </p>
   </div>
   <div class='ocr_carea' id='block_1_98' title="bbox 237 4965 1786 5053">
    <p class='ocr_par' dir='ltr' id='par_1_98' title="bbox 237 4965 1786 5053">
     <span class='ocr_line' id='line_1_98' title="bbox 237 4965 1786 5053; baseline 0.003 -12"><span class='ocrx_word' id='word_1_761' title='bbox 237 4965 417 5053; x_wconf 42' lang='lat' dir='ltr'><strong>athe.</strong></span> <span class='ocrx_word' id='word_1_762' title='bbox 443 4990 555 5043; x_wconf 85' lang='lat' dir='ltr'><strong>Kal</strong></span> <span class='ocrx_word' id='word_1_763' title='bbox 606 4988 828 5039; x_wconf 82' lang='grc' dir='ltr'><em>ἔπεισε</em></span> <span class='ocrx_word' id='word_1_764' title='bbox 873 4986 1058 5037; x_wconf 82' lang='grc' dir='ltr'><em>Δαυῒδ</em></span> <span class='ocrx_word' id='word_1_765' title='bbox 1082 4988 1216 5050; x_wconf 86' lang='grc' dir='ltr'><em>τοὺς</em></span> <span class='ocrx_word' id='word_1_766' title='bbox 1254 4965 1469 5053; x_wconf 62' lang='grc' dir='ltr'><em>ἄνδραξ</em></span> <span class='ocrx_word' id='word_1_767' title='bbox 1516 4990 1689 5042; x_wconf 83' lang='grc' dir='ltr'><em>αὑτοῦ</em></span> <span class='ocrx_word' id='word_1_768' title='bbox 1716 4993 1786 5044; x_wconf 81' lang='grc' dir='ltr'><strong>ἐν</strong></span> 
     </span>
    </p>
   </div>
   <div class='ocr_carea' id='block_1_99' title="bbox 224 5052 1785 5148">
    <p class='ocr_par' dir='ltr' id='par_1_99' title="bbox 224 5052 1785 5148">
     <span class='ocr_line' id='line_1_99' title="bbox 224 5052 1785 5148; baseline 0.012 -32"><span class='ocrx_word' id='word_1_769' title='bbox 224 5052 425 5148; x_wconf 39' lang='lat' dir='ltr'><strong>fit!“</strong></span> <span class='ocrx_word' id='word_1_770' title='bbox 486 5083 590 5135; x_wconf 65' lang='grc' dir='ltr'><em>καὶ</em></span> <span class='ocrx_word' id='word_1_771' title='bbox 648 5080 772 5131; x_wconf 77' lang='grc' dir='ltr'><strong>οὐκ</strong></span> <span class='ocrx_word' id='word_1_772' title='bbox 842 5074 1075 5127; x_wconf 76' lang='grc' dir='ltr'><em>ἔδωκεν</em></span> <span class='ocrx_word' id='word_1_773' title='bbox 1138 5052 1365 5140; x_wconf 46' lang='grc' dir='ltr'><strong>αὐτοὺς(</strong></span> <span class='ocrx_word' id='word_1_774' title='bbox 1416 5080 1785 5148; x_wconf 78' lang='grc' dir='ltr'><em>ἀναστάντας</em></span> 
     </span>
    </p>
   </div>
   <div class='ocr_carea' id='block_1_100' title="bbox 199 5130 1786 5231">
    <p class='ocr_par' dir='ltr' id='par_1_100' title="bbox 199 5130 1786 5231">
     <span class='ocr_line' id='line_1_100' title="bbox 199 5130 1786 5231; baseline -0.009 1"><span class='ocrx_word' id='word_1_775' title='bbox 199 5130 675 5231; x_wconf 45' lang='grc' dir='ltr'><strong>ἴῗνρτξσαιπτὸν</strong></span> <span class='ocrx_word' id='word_1_776' title='bbox 704 5160 952 5213; x_wconf 76' lang='grc' dir='ltr'><strong>Σαούλ.</strong></span> <span class='ocrx_word' id='word_1_777' title='bbox 1004 5162 1263 5230; x_wconf 81' lang='grc' dir='ltr'><strong>Ζητητέον</strong></span> <span class='ocrx_word' id='word_1_778' title='bbox 1320 5130 1408 5213; x_wconf 72' lang='grc' dir='ltr'><strong>οὖν</strong></span> 
     </span>
    </p>
   </div>
   <div class='ocr_carea' id='block_1_101' title="bbox 171 5210 1783 5326">
    <p class='ocr_par' dir='ltr' id='par_1_101' title="bbox 171 5210 1783 5326">
     <span class='ocr_line' id='line_1_101' title="bbox 171 5210 1783 5326; baseline 0.016 -42"><span class='ocrx_word' id='word_1_779' title='bbox 554 5210 977 5321; x_wconf 48' lang='grc' dir='ltr'><strong>ξτξοξῂξιμένην</strong></span> <span class='ocrx_word' id='word_1_780' title='bbox 1002 5210 1397 5316; x_wconf 36' lang='lat' dir='ltr'><strong>salignea;</strong></span> <span class='ocrx_word' id='word_1_781' title='bbox 1412 5210 1665 5305; x_wconf 29' lang='lat' dir='ltr'><strong>suam.</strong></span> <span class='ocrx_word' id='word_1_782' title='bbox 1682 5210 1783 5309; x_wconf 58' lang='grc' dir='ltr'><strong>ἆξρῖ</strong></span> 
     </span>
    </p>
   </div>
   <div class='ocr_carea' id='block_1_102' title="bbox 148 5291 1781 5421">
    <p class='ocr_par' dir='ltr' id='par_1_102' title="bbox 148 5291 1781 5421">
     <span class='ocr_line' id='line_1_102' title="bbox 148 5291 1781 5421; baseline 0.018 -54"><span class='ocrx_word' id='word_1_783' title='bbox 148 5291 399 5421; x_wconf 46' lang='grc' dir='ltr'><strong>θρέξῴῖ</strong></span> <span class='ocrx_word' id='word_1_784' title='bbox 413 5291 524 5400; x_wconf 41' lang='lat' dir='ltr'><strong>zz;</strong></span> <span class='ocrx_word' id='word_1_785' title='bbox 542 5291 829 5400; x_wconf 52' lang='grc' dir='ltr'><em>εἷποίῷ</em></span> <span class='ocrx_word' id='word_1_786' title='bbox 847 5291 1113 5404; x_wconf 35' lang='lat' dir='ltr'><strong>Carﬁnia;</strong></span> <span class='ocrx_word' id='word_1_787' title='bbox 1148 5291 1438 5404; x_wconf 51' lang='grc' dir='ltr'><strong>δὶἓτέίϐωψ</strong></span> <span class='ocrx_word' id='word_1_788' title='bbox 1476 5291 1781 5407; x_wconf 38' lang='grc' dir='ltr'><strong>πότερονκὲν</strong></span> 
     </span>
    </p>
   </div>
   <div class='ocr_carea' id='block_1_103' title="bbox 169 5416 187 5443">
    <p class='ocr_par' dir='ltr' id='par_1_103' title="bbox 169 5416 187 5443">
     <span class='ocr_line' id='line_1_103' title="bbox 169 5416 187 5443; baseline 0 0"><span class='ocrx_word' id='word_1_789' title='bbox 169 5416 187 5443; x_wconf 92' lang='grc' dir='ltr'><strong><em>Ι</em></strong></span> 
     </span>
    </p>
   </div>
   <div class='ocr_carea' id='block_1_104' title="bbox 131 5420 669 5589">
    <p class='ocr_par' dir='ltr' id='par_1_104' title="bbox 131 5420 669 5589">
     <span class='ocr_line' id='line_1_104' title="bbox 169 5420 321 5461; baseline 0.007 -18"><span class='ocrx_word' id='word_1_790' title='bbox 169 5420 224 5461; x_wconf 67' lang='grc'><em>,,</em></span> <span class='ocrx_word' id='word_1_791' title='bbox 318 5420 321 5421; x_wconf 47' lang='grc' dir='ltr'><em>κ</em></span> 
     </span>
     <span class='ocr_line' id='line_1_105' title="bbox 131 5461 669 5589; baseline -0.015 -51"><span class='ocrx_word' id='word_1_792' title='bbox 131 5521 191 5589; x_wconf 49' lang='grc' dir='ltr'><strong>ί.</strong></span> <span class='ocrx_word' id='word_1_793' title='bbox 228 5562 261 5589; x_wconf 35' lang='grc' dir='ltr'><strong>Χ</strong></span> <span class='ocrx_word' id='word_1_794' title='bbox 308 5481 439 5539; x_wconf 83' lang='lat' dir='ltr'><strong>ibid.</strong></span> <span class='ocrx_word' id='word_1_795' title='bbox 482 5461 669 5589; x_wconf 52' lang='lat'><strong>9,10:</strong></span> 
     </span>
    </p>
   </div>
   <div class='ocr_carea' id='block_1_105' title="bbox 228 5562 1347 5667">
    <p class='ocr_par' dir='ltr' id='par_1_105' title="bbox 228 5562 1347 5667">
     <span class='ocr_line' id='line_1_106' title="bbox 228 5562 1347 5667; baseline 0.007 -37"><span class='ocrx_word' id='word_1_796' title='bbox 228 5562 287 5667; x_wconf 42' lang='grc' dir='ltr'>λ</span> <span class='ocrx_word' id='word_1_797' title='bbox 330 5596 381 5651; x_wconf 72' lang='grc' dir='ltr'>ω</span> <span class='ocrx_word' id='word_1_798' title='bbox 419 5594 542 5647; x_wconf 66' lang='grc' dir='ltr'><em>εει,</em></span> <span class='ocrx_word' id='word_1_799' title='bbox 582 5580 668 5633; x_wconf 84' lang='lat' dir='ltr'><strong>ad</strong></span> <span class='ocrx_word' id='word_1_800' title='bbox 705 5575 919 5627; x_wconf 83' lang='lat' dir='ltr'><strong>alvum</strong></span> <span class='ocrx_word' id='word_1_801' title='bbox 955 5592 1347 5639; x_wconf 71' lang='lat' dir='ltr'><strong>exonerandam.</strong></span> 
     </span>
    </p>
   </div>
   <div class='ocr_carea' id='block_1_106' title="bbox 1893 4536 3409 4605">
    <p class='ocr_par' dir='ltr' id='par_1_106' title="bbox 1893 4536 3409 4605">
     <span class='ocr_line' id='line_1_107' title="bbox 1893 4536 3409 4605; baseline -0.004 -11"><span class='ocrx_word' id='word_1_802' title='bbox 1893 4542 1963 4594; x_wconf 90' lang='lat' dir='ltr'><strong>ris</strong></span> <span class='ocrx_word' id='word_1_803' title='bbox 1985 4543 2092 4594; x_wconf 88' lang='lat' dir='ltr'><strong>suis</strong></span> <span class='ocrx_word' id='word_1_804' title='bbox 2116 4540 2452 4604; x_wconf 84' lang='lat' dir='ltr'><strong>sermonibus,</strong></span> <span class='ocrx_word' id='word_1_805' title='bbox 2476 4548 2521 4591; x_wconf 89' lang='lat' dir='ltr'><strong>et</strong></span> <span class='ocrx_word' id='word_1_806' title='bbox 2546 4554 2645 4591; x_wconf 86' lang='lat' dir='ltr'><strong>non</strong></span> <span class='ocrx_word' id='word_1_807' title='bbox 2671 4536 2901 4603; x_wconf 89' lang='lat' dir='ltr'><strong>permisit</strong></span> <span class='ocrx_word' id='word_1_808' title='bbox 2929 4545 2985 4587; x_wconf 88' lang='lat' dir='ltr'><strong>ut</strong></span> <span class='ocrx_word' id='word_1_809' title='bbox 3007 4537 3324 4605; x_wconf 86' lang='lat' dir='ltr'><strong>insurgerent</strong></span> <span class='ocrx_word' id='word_1_810' title='bbox 3354 4538 3409 4588; x_wconf 89' lang='lat' dir='ltr'><strong>in</strong></span> 
     </span>
    </p>
   </div>
   <div class='ocr_carea' id='block_1_107' title="bbox 1892 4626 3409 4693">
    <p class='ocr_par' dir='ltr' id='par_1_107' title="bbox 1892 4626 3409 4693">
     <span class='ocr_line' id='line_1_108' title="bbox 1892 4626 3409 4693; baseline -0.003 -9"><span class='ocrx_word' id='word_1_811' title='bbox 1892 4632 2023 4685; x_wconf 86' lang='lat' dir='ltr'><strong>Saul</strong></span> <span class='ocrx_word' id='word_1_812' title='bbox 2051 4632 2119 4683; x_wconf 89' lang='lat' dir='ltr'><strong>ad</strong></span> <span class='ocrx_word' id='word_1_813' title='bbox 2143 4630 2475 4683; x_wconf 86' lang='lat' dir='ltr'><strong>occidendum</strong></span> <span class='ocrx_word' id='word_1_814' title='bbox 2505 4646 2620 4683; x_wconf 89' lang='lat' dir='ltr'><strong>eum</strong></span> <span class='ocrx_word' id='word_1_815' title='bbox 2645 4629 2711 4681; x_wconf 71' lang='lat'><strong>“.</strong></span> <span class='ocrx_word' id='word_1_816' title='bbox 2736 4626 3089 4691; x_wconf 77' lang='lat' dir='ltr'><strong>Quaerendum</strong></span> <span class='ocrx_word' id='word_1_817' title='bbox 3122 4626 3284 4693; x_wconf 84' lang='lat' dir='ltr'><strong>igitur</strong></span> <span class='ocrx_word' id='word_1_818' title='bbox 3302 4641 3409 4693; x_wconf 88' lang='lat' dir='ltr'><strong>quo</strong></span> 
     </span>
    </p>
   </div>
   <div class='ocr_carea' id='block_1_108' title="bbox 1888 4715 3411 4790">
    <p class='ocr_par' dir='ltr' id='par_1_108' title="bbox 1888 4715 3411 4790">
     <span class='ocr_line' id='line_1_109' title="bbox 1888 4715 3411 4790; baseline -0.007 -15"><span class='ocrx_word' id='word_1_819' title='bbox 1888 4729 2143 4790; x_wconf 85' lang='lat' dir='ltr'><strong>tempore,</strong></span> <span class='ocrx_word' id='word_1_820' title='bbox 2174 4729 2227 4775; x_wconf 90' lang='lat' dir='ltr'><strong>et</strong></span> <span class='ocrx_word' id='word_1_821' title='bbox 2256 4722 2310 4773; x_wconf 91' lang='lat' dir='ltr'><strong>in</strong></span> <span class='ocrx_word' id='word_1_822' title='bbox 2340 4735 2443 4789; x_wconf 86' lang='lat' dir='ltr'><strong>qua</strong></span> <span class='ocrx_word' id='word_1_823' title='bbox 2472 4720 2721 4787; x_wconf 87' lang='lat' dir='ltr'><strong>spelunca</strong></span> <span class='ocrx_word' id='word_1_824' title='bbox 2744 4716 2959 4785; x_wconf 75' lang='lat' dir='ltr'><strong>degens.</strong></span> <span class='ocrx_word' id='word_1_825' title='bbox 2993 4716 3130 4768; x_wconf 87' lang='lat' dir='ltr'><strong>hanc</strong></span> <span class='ocrx_word' id='word_1_826' title='bbox 3164 4715 3304 4767; x_wconf 82' lang='lat' dir='ltr'><strong>tituli</strong></span> <span class='ocrx_word' id='word_1_827' title='bbox 3335 4715 3411 4766; x_wconf 87' lang='lat' dir='ltr'><strong>in-</strong></span> 
     </span>
    </p>
   </div>
   <div class='ocr_carea' id='block_1_109' title="bbox 1888 4801 3411 4879">
    <p class='ocr_par' dir='ltr' id='par_1_109' title="bbox 1888 4801 3411 4879">
     <span class='ocr_line' id='line_1_110' title="bbox 1888 4801 3411 4879; baseline -0.006 -14"><span class='ocrx_word' id='word_1_828' title='bbox 1888 4812 2231 4879; x_wconf 87' lang='lat' dir='ltr'><strong>scriptionem</strong></span> <span class='ocrx_word' id='word_1_829' title='bbox 2248 4810 2414 4863; x_wconf 84' lang='lat' dir='ltr'><strong>David</strong></span> <span class='ocrx_word' id='word_1_830' title='bbox 2440 4808 2747 4873; x_wconf 87' lang='lat' dir='ltr'><strong>scripserit;</strong></span> <span class='ocrx_word' id='word_1_831' title='bbox 2788 4822 2855 4858; x_wconf 90' lang='lat' dir='ltr'><strong>an</strong></span> <span class='ocrx_word' id='word_1_832' title='bbox 2885 4806 2939 4857; x_wconf 90' lang='lat' dir='ltr'><strong>in</strong></span> <span class='ocrx_word' id='word_1_833' title='bbox 2965 4804 3221 4872; x_wconf 88' lang='lat' dir='ltr'><strong>spelunca</strong></span> <span class='ocrx_word' id='word_1_834' title='bbox 3248 4801 3411 4856; x_wconf 84' lang='lat' dir='ltr'><strong>Odoi-</strong></span> 
     </span>
    </p>
   </div>
   <div class='ocr_carea' id='block_1_110' title="bbox 1886 4891 3411 4969">
    <p class='ocr_par' dir='ltr' id='par_1_110' title="bbox 1886 4891 3411 4969">
     <span class='ocr_line' id='line_1_111' title="bbox 1886 4891 3411 4969; baseline -0.007 -15"><span class='ocrx_word' id='word_1_835' title='bbox 1886 4902 2014 4962; x_wconf 88' lang='lat' dir='ltr'><strong>lam,</strong></span> <span class='ocrx_word' id='word_1_836' title='bbox 2043 4917 2110 4953; x_wconf 87' lang='lat' dir='ltr'><strong>an</strong></span> <span class='ocrx_word' id='word_1_837' title='bbox 2134 4901 2188 4953; x_wconf 87' lang='lat' dir='ltr'><strong>in</strong></span> <span class='ocrx_word' id='word_1_838' title='bbox 2217 4901 2472 4969; x_wconf 85' lang='lat' dir='ltr'><strong>spelunca</strong></span> <span class='ocrx_word' id='word_1_839' title='bbox 2499 4897 2754 4966; x_wconf 78' lang='lat' dir='ltr'><strong>Engaddi.</strong></span> <span class='ocrx_word' id='word_1_840' title='bbox 2774 4894 2967 4947; x_wconf 73' lang='lat' dir='ltr'><strong>Verum</strong></span> <span class='ocrx_word' id='word_1_841' title='bbox 2994 4894 3118 4959; x_wconf 85' lang='lat' dir='ltr'><strong>quia</strong></span> <span class='ocrx_word' id='word_1_842' title='bbox 3137 4891 3245 4943; x_wconf 92' lang='lat' dir='ltr'><strong>duo</strong></span> <span class='ocrx_word' id='word_1_843' title='bbox 3262 4892 3411 4959; x_wconf 84' lang='lat' dir='ltr'><strong>‘psal-</strong></span> 
     </span>
    </p>
   </div>
   <div class='ocr_carea' id='block_1_111' title="bbox 1887 4979 3410 5057">
    <p class='ocr_par' dir='ltr' id='par_1_111' title="bbox 1887 4979 3410 5057">
     <span class='ocr_line' id='line_1_112' title="bbox 1887 4979 3410 5057; baseline -0.008 -14"><span class='ocrx_word' id='word_1_844' title='bbox 1887 4990 1959 5043; x_wconf 87' lang='lat' dir='ltr'><strong>mi</strong></span> <span class='ocrx_word' id='word_1_845' title='bbox 1988 4990 2055 5043; x_wconf 90' lang='lat' dir='ltr'><strong>ab</strong></span> <span class='ocrx_word' id='word_1_846' title='bbox 2081 5005 2144 5043; x_wconf 84' lang='lat' dir='ltr'><strong>eo</strong></span> <span class='ocrx_word' id='word_1_847' title='bbox 2164 4990 2216 5042; x_wconf 90' lang='lat' dir='ltr'><strong>in</strong></span> <span class='ocrx_word' id='word_1_848' title='bbox 2241 4990 2491 5057; x_wconf 85' lang='lat' dir='ltr'><strong>spelunca</strong></span> <span class='ocrx_word' id='word_1_849' title='bbox 2532 4986 2660 5039; x_wconf 85' lang='lat' dir='ltr'><strong>dicti</strong></span> <span class='ocrx_word' id='word_1_850' title='bbox 2698 4992 2854 5048; x_wconf 89' lang='lat' dir='ltr'><strong>sunt;</strong></span> <span class='ocrx_word' id='word_1_851' title='bbox 2878 4981 2963 5033; x_wconf 89' lang='lat' dir='ltr'><strong>hic</strong></span> <span class='ocrx_word' id='word_1_852' title='bbox 2993 4979 3199 5032; x_wconf 78' lang='lat' dir='ltr'><strong>scilicet</strong></span> <span class='ocrx_word' id='word_1_853' title='bbox 3220 4981 3314 5048; x_wconf 88' lang='lat' dir='ltr'><strong>qui</strong></span> <span class='ocrx_word' id='word_1_854' title='bbox 3340 4980 3410 5033; x_wconf 77' lang='lat' dir='ltr'><strong>ti-</strong></span> 
     </span>
    </p>
   </div>
   <div class='ocr_carea' id='block_1_112' title="bbox 1887 5065 3409 5146">
    <p class='ocr_par' dir='ltr' id='par_1_112' title="bbox 1887 5065 3409 5146">
     <span class='ocr_line' id='line_1_113' title="bbox 1887 5065 3409 5146; baseline -0.007 -15"><span class='ocrx_word' id='word_1_855' title='bbox 1887 5079 1983 5131; x_wconf 87' lang='lat' dir='ltr'><strong>tuli</strong></span> <span class='ocrx_word' id='word_1_856' title='bbox 2013 5078 2291 5146; x_wconf 87' lang='lat' dir='ltr'><strong>inscriptio</strong></span> <span class='ocrx_word' id='word_1_857' title='bbox 2321 5085 2423 5140; x_wconf 86' lang='lat' dir='ltr'><strong>est,</strong></span> <span class='ocrx_word' id='word_1_858' title='bbox 2468 5084 2521 5129; x_wconf 88' lang='lat' dir='ltr'><strong>et</strong></span> <span class='ocrx_word' id='word_1_859' title='bbox 2557 5090 2703 5133; x_wconf 76' lang='lat' dir='ltr'><strong>esu.</strong></span> <span class='ocrx_word' id='word_1_860' title='bbox 2741 5072 3068 5136; x_wconf 85' lang='lat' dir='ltr'><strong>inscriptus:</strong></span> <span class='ocrx_word' id='word_1_861' title='bbox 3105 5065 3409 5121; x_wconf 82' lang='lat' dir='ltr'><strong>Intellectus</strong></span> 
     </span>
    </p>
   </div>
   <div class='ocr_carea' id='block_1_113' title="bbox 1890 5158 3411 5232">
    <p class='ocr_par' dir='ltr' id='par_1_113' title="bbox 1890 5158 3411 5232">
     <span class='ocr_line' id='line_1_114' title="bbox 1890 5158 3411 5232; baseline -0.005 -15"><span class='ocrx_word' id='word_1_862' title='bbox 1890 5166 2077 5219; x_wconf 87' lang='lat' dir='ltr'><strong>Davidi</strong></span> <span class='ocrx_word' id='word_1_863' title='bbox 2119 5167 2170 5218; x_wconf 85' lang='lat' dir='ltr'><strong>in</strong></span> <span class='ocrx_word' id='word_1_864' title='bbox 2208 5167 2463 5232; x_wconf 88' lang='lat' dir='ltr'><strong>spelunca,</strong></span> <span class='ocrx_word' id='word_1_865' title='bbox 2503 5165 2705 5223; x_wconf 86' lang='lat' dir='ltr'><strong>oratio;</strong></span> <span class='ocrx_word' id='word_1_866' title='bbox 2752 5162 3167 5212; x_wconf 85' lang='lat' dir='ltr'><strong>consentaneum</strong></span> <span class='ocrx_word' id='word_1_867' title='bbox 3184 5165 3271 5210; x_wconf 88' lang='lat' dir='ltr'><strong>est</strong></span> <span class='ocrx_word' id='word_1_868' title='bbox 3296 5158 3411 5211; x_wconf 78' lang='lat' dir='ltr'><strong>dis-</strong></span> 
     </span>
    </p>
   </div>
   <div class='ocr_carea' id='block_1_114' title="bbox 1888 5245 3410 5326">
    <p class='ocr_par' dir='ltr' id='par_1_114' title="bbox 1888 5245 3410 5326">
     <span class='ocr_line' id='line_1_115' title="bbox 1888 5245 3410 5326; baseline -0.007 -16"><span class='ocrx_word' id='word_1_869' title='bbox 1888 5258 2106 5326; x_wconf 88' lang='lat' dir='ltr'><strong>quirere</strong></span> <span class='ocrx_word' id='word_1_870' title='bbox 2128 5296 2145 5321; x_wconf 93' lang='lat'><strong>,</strong></span> <span class='ocrx_word' id='word_1_871' title='bbox 2182 5272 2249 5310; x_wconf 87' lang='lat' dir='ltr'><strong>an</strong></span> <span class='ocrx_word' id='word_1_872' title='bbox 2284 5256 2322 5309; x_wconf 89' lang='lat' dir='ltr'><strong>ii</strong></span> <span class='ocrx_word' id='word_1_873' title='bbox 2353 5255 2537 5309; x_wconf 85' lang='lat' dir='ltr'><strong>eodem</strong></span> <span class='ocrx_word' id='word_1_874' title='bbox 2575 5261 2811 5319; x_wconf 90' lang='lat' dir='ltr'><strong>tempore</strong></span> <span class='ocrx_word' id='word_1_875' title='bbox 2838 5245 3166 5317; x_wconf 87' lang='lat' dir='ltr'><strong>pronuntiati</strong></span> <span class='ocrx_word' id='word_1_876' title='bbox 3188 5245 3410 5309; x_wconf 76' lang='lat' dir='ltr'><strong>fuerint,</strong></span> 
     </span>
    </p>
   </div>
   <div class='ocr_carea' id='block_1_115' title="bbox 1891 5339 3413 5417">
    <p class='ocr_par' dir='ltr' id='par_1_115' title="bbox 1891 5339 3413 5417">
     <span class='ocr_line' id='line_1_116' title="bbox 1891 5339 3413 5417; baseline -0.007 -15"><span class='ocrx_word' id='word_1_877' title='bbox 1891 5358 1943 5402; x_wconf 89' lang='lat' dir='ltr'><strong>et</strong></span> <span class='ocrx_word' id='word_1_878' title='bbox 1963 5364 2089 5402; x_wconf 91' lang='lat' dir='ltr'><strong>num</strong></span> <span class='ocrx_word' id='word_1_879' title='bbox 2112 5348 2175 5403; x_wconf 50' lang='lat' dir='ltr'><strong>in.</strong></span> <span class='ocrx_word' id='word_1_880' title='bbox 2188 5349 2442 5417; x_wconf 84' lang='lat' dir='ltr'><strong>spelunca</strong></span> <span class='ocrx_word' id='word_1_881' title='bbox 2469 5359 2687 5402; x_wconf 79' lang='lat' dir='ltr'><strong>versans</strong></span> <span class='ocrx_word' id='word_1_882' title='bbox 2712 5350 2999 5409; x_wconf 86' lang='lat' dir='ltr'><strong>utrumque</strong></span> <span class='ocrx_word' id='word_1_883' title='bbox 3024 5339 3413 5407; x_wconf 79' lang='lat' dir='ltr'><strong>composuerit.</strong></span> 
     </span>
    </p>
   </div>
   <div class='ocr_carea' id='block_1_116' title="bbox 767 5463 2065 5549">
    <p class='ocr_par' dir='ltr' id='par_1_116' title="bbox 767 5463 2065 5549">
     <span class='ocr_line' id='line_1_117' title="bbox 767 5463 2065 5549; baseline 0.022 -39"><span class='ocrx_word' id='word_1_884' title='bbox 767 5463 822 5492; x_wconf 78' lang='grc'><strong>’³</strong></span> <span class='ocrx_word' id='word_1_885' title='bbox 870 5464 893 5513; x_wconf 84' lang='grc' dir='ltr'><strong>ι</strong></span> <span class='ocrx_word' id='word_1_886' title='bbox 936 5463 1076 5535; x_wconf 82' lang='lat' dir='ltr'><strong>Reg.</strong></span> <span class='ocrx_word' id='word_1_887' title='bbox 1106 5486 1244 5535; x_wconf 62' lang='grc' dir='ltr'>χχιι,</span> <span class='ocrx_word' id='word_1_888' title='bbox 1277 5471 1392 5534; x_wconf 74' lang='grc'><strong>1,2.</strong></span> <span class='ocrx_word' id='word_1_889' title='bbox 1469 5475 1509 5503; x_wconf 72' lang='grc'><strong>³⁵</strong></span> <span class='ocrx_word' id='word_1_890' title='bbox 1544 5472 1562 5527; x_wconf 93' lang='lat' dir='ltr'><strong>l</strong></span> <span class='ocrx_word' id='word_1_891' title='bbox 1592 5474 1723 5547; x_wconf 78' lang='lat' dir='ltr'><strong>Reg.</strong></span> <span class='ocrx_word' id='word_1_892' title='bbox 1767 5497 1914 5549; x_wconf 75' lang='lat' dir='ltr'><strong>XXIV,</strong></span> <span class='ocrx_word' id='word_1_893' title='bbox 1952 5484 2065 5537; x_wconf 72' lang='lat'><strong>2-8.</strong></span> 
     </span>
    </p>
   </div>
  </div>
