3812 6358
473 392 577 447 5υῦ

474 610 673 674 verbis,
702 610 836 661 hanc
866 602 1000 655 tituli
1036 598 1435 665 inscriptionem
1468 594 1523 646 in
1549 591 1803 660 spelunca
1839 586 2001 640 Odoi-

472 702 577 753 lam
607 700 797 751 dictam
831 692 1032 751 fuisse;
1068 688 1362 741 orationem
1408 698 1532 737 vero
1553 683 1606 735 in
1644 694 1762 731 cxu
1790 679 1992 747 psalmo

471 789 718 856 positam,
744 782 798 833 in
827 779 1079 846 spelunca
1105 774 1362 843 Engaddi,
1385 787 1527 831 cum,
1563 769 1724 822 Saule
1748 782 1867 821 sese
1901 781 1994 833 ap-

460 882 711 945 parante,
744 872 796 923 in
837 868 1089 937 spelunca
1140 867 1311 919 latens
1343 863 1841 931 depreltensus,est.
1883 857 1996 910 Sic-

455 985 485 1034 q
507 981 571 1017 ue
601 962 725 1016 mihi
758 972 1068 1029 persuasum
1099 964 1267 1009 estex
1291 955 1449 1007 dictis
1475 953 1751 1019 utriusque
1784 948 1991 1018 psalmi.

460 1056 520 1106 Iit
572 1052 785 1120 quidem
833 1062 954 1101 CXLI
990 1046 1198 1100 videtur
1240 1044 1370 1097 mihi
1419 1052 1548 1095 tunc
1585 1040 1843 1109 prolatus,
1873 1052 1999 1090 cum

459 1141 633 1196 David
658 1142 711 1195 in
744 1139 989 1209 angustia
1024 1151 1213 1206 magna
1242 1142 1295 1188 et
1324 1132 1721 1186 concertatione
1749 1129 2001 1197 degeret;

460 1234 539 1286 sic
572 1231 715 1285 enim
742 1230 813 1283 ibi
844 1228 1080 1296 loquitur
1112 1244 1123 1278 :
1163 1223 1293 1277 Voce
1326 1239 1438 1275 mea
1476 1220 1543 1273 ad
1574 1219 1848 1272 Dominum
1888 1215 1999 1268 cla-

461 1321 622 1385 mavi,
652 1334 768 1372 voce
785 1334 897 1371 mea
923 1316 989 1368 ad
1020 1313 1299 1368 Dominum
1321 1311 1621 1379 deprecatus
1650 1324 1784 1359 sum.
1814 1304 1999 1372 Eﬂun-

461 1410 527 1461 do
574 1410 629 1459 in
677 1414 945 1471 conspectu
989 1403 1098 1469 ejus
1130 1400 1414 1453 orationem
1457 1413 1623 1449 meam
1654 1410 1669 1446 :
1701 1393 1995 1446 tribulatio-

464 1513 580 1547 nem
640 1509 806 1546 meam
850 1500 967 1543 ante
998 1492 1164 1556 ipsum
1194 1483 1561 1555 pronuntiabo.
1619 1482 1681 1535 In
1719 1479 1997 1548 deﬁciendo

466 1597 528 1634 er
558 1598 635 1634 me
656 1581 894 1647 spiritum
924 1593 1108 1640 meum,
1129 1585 1176 1628 et
1200 1585 1252 1626 tu
1290 1573 1567 1643 cognovisti
1598 1570 1807 1623 semitas
1837 1585 1994 1620 meas.

471 1671 534 1724 In
565 1673 647 1723 via
692 1670 810 1732 hac,
836 1685 937 1737 qua
966 1664 1318 1728 ambulabam,
1348 1660 1725 1716 absconderant
1762 1660 1998 1728 laqueum

468 1760 593 1813 mihi
618 1760 683 1815 ’⁸.
724 1758 819 1813 His
853 1757 1049 1827 quippe
1078 1755 1381 1824 angustiam
1404 1768 1508 1821 qua
1539 1751 1879 1820 premebatur
1906 1747 1997 1800 de-

468 1850 668 1912 clarat;
690 1846 915 1899 maxime
938 1851 1113 1897 autem
1136 1844 1190 1896 in
1225 1841 1571 1911 sequentibus
1603 1839 1750 1891 hisce
1775 1836 1949 1890 verbis
1981 1852 1992 1885 :

1156 391 1417 451 EUSEBII
1454 380 1911 443 CIESARIENSIS
1942 378 2087 435 OPP.
2122 376 2298 431 PARS
2334 373 2421 429 llI.
2455 402 2520 412 —
2558 368 2974 435 EXEGETICA.

476 517 700 574 Videtur
728 531 854 585 ergo
892 514 1045 574 mihi,
1095 508 1432 563 moventibus
1473 503 1752 569 utriusque
1779 495 1997 567 ~psalmi

2114 494 2173 563 ῖῴ
2204 490 2447 561 σπηλαίῳ
2507 488 2586 559 τῷ
2656 486 2951 555 Ὀδολλὰμ,
3000 482 3041 551 ἢ

3654 349 3740 402 ὃεὶί

3115 480 3182 531 ὲν
3233 474 3325 544 τῷ
3381 469 3652 540 σπηλαίῳ
3679 470 3739 536 τᾷ

2101 560 2357 650 Ἐνγαδδί.
2431 579 2586 632 Ἀλλὰ
2632 580 2723 631 καὶ
2775 576 2969 643 ἐπειδὴ
3035 570 3147 623 δύο
3207 566 3491 635 εἴρηνται
3550 560 3739 629 ψαλμοῖ

2092 673 2234 743 αύτῷ
2257 675 2312 725 ἐν
2339 670 2414 739 τῷ
2440 669 2702 737 σπηλαίῳ,
2725 668 2753 718 ὁ
2782 666 2884 735 μὲν
2917 658 3341 731 προκείμενος
3363 650 3740 721 στηλογραφία

2090 740 2388 830 τυγχάνων,
2437 761 2465 810 ὁ
2512 758 2565 810 δὲ
2602 764 2725 826 ρμα¹
2778 747 3363 822 ἐπιγεγραμμένος,
3432 740 3740 805 Συνέσεωις

2092 851 2169 921 τῷ
2206 853 2381 906 Δαυῒδ
2537 845 2614 915 τῷ
2660 846 2952 913 σπηλαίῳ
2983 836 3382 909 προσευχή-
3411 834 3662 903 ζητήσαι
3692 833 3740 884 ἄν

2091 962 2173 1006 τις
2220 942 2451 1008 εὐλόγως
2474 941 2521 991 εί
2554 937 2692 991 κατὰ
2726 936 2818 988 τὸν
2851 934 3023 987 αὐτὸν
3078 932 3373 998 εἴρηνται
3411 924 3639 994 χρόνον,
3666 921 3740 973 λαῖ

2093 1037 2139 1086 εἰ
2158 1036 2212 1086 ἐν
2238 1033 2314 1101 τῷ
2338 1030 2583 1101 σπηλαίῳ
2614 1028 2903 1097 τυγχάνων
2960 1020 3370 1092 ἀμφοτέρους
3434 1014 3740 1077 συνέταξεν.

2092 1122 2244 1175 Δοκεῖ
2268 1120 2441 1171 τοίνυν
2470 1117 2614 1188 ἐμοὶ,
2648 1114 2958 1183 κινουμένῳ
2988 1113 3063 1162 ἐκ
3092 1110 3225 1160 τῶν
3258 1109 3326 1157 ὲν
3361 1103 3631 1173 ἑκατέρῳ
3661 1120 3740 1171 φε-

2098 1213 2332 1284 ρομένων
2352 1212 2544 1279 λόγων,
2584 1209 2618 1276 ή
2653 1207 2750 1276 μέν
2787 1203 2932 1274 μετὰ
2980 1203 3211 1270 χεῖρας
3259 1194 3673 1284 στηλογραφία
3700 1197 3740 1245 ἐν

2092 1283 2168 1372 τῷ
2199 1301 2442 1369 σπηλαίῳ
2462 1298 2541 1367 τῷ
2573 1295 2837 1364 Ὀδολλὰμ
2865 1290 3179 1360 εἰρῆσθαι,
3218 1289 3259 1355 ἡ
3291 1286 3359 1337 δὲ
3406 1285 3472 1337 ἐν
3502 1283 3586 1352 τῷ
3614 1289 3740 1352 ρμα’¹

2095 1389 2383 1461 προσευχὴ,
2413 1391 2469 1441 ἐν
2496 1388 2573 1456 τῷ
2598 1385 2845 1455 σπηλαίῳ
2870 1383 2952 1453 τῷ
2968 1378 3287 1448 Ἑνγαδδὶ,
3306 1378 3434 1439 ὅτε,
3467 1373 3567 1427 τοῦ
3591 1376 3739 1427 Σαοὺλ

2095 1478 2662 1549 παρασκευαζομένου,
2691 1478 2749 1531 ἐν
2772 1475 2852 1543 τῷ
2900 1470 3191 1541 σπηλαίῳ
3228 1468 3401 1519 ἔνδον
3437 1464 3740 1535 κρυπτόμε-

2094 1586 2180 1631 νος
2204 1569 2447 1639 εὓρηται.
2474 1567 2626 1620 Οὖτω
2653 1566 2708 1617 δέ
2739 1583 2828 1635 μοι
2858 1563 3143 1632 παρέστη
3204 1556 3517 1629 κινηθέντι
3550 1558 3616 1609 ἐκ
3650 1556 3740 1607 τῶν

2096 1660 2219 1727 παρ’
2254 1658 2495 1726 ἑκατέρῳ
2523 1654 2838 1726 φερομένων
2872 1652 3095 1719 λόγων.
3150 1651 3220 1702 '0
3258 1648 3372 1717 μὲν
3407 1653 3543 1717 ρμα¹
3578 1647 3740 1713 φαίνε-

2095 1761 2181 1797 ται
2204 1744 2483 1815 εἰρημένος
2514 1745 2570 1794 ἐν
2598 1740 2762 1810 πολλῇ
2787 1742 2997 1807 συνοχῇ
3029 1736 3143 1789 καὶ
3203 1736 3404 1804 ἀγῶνι
3436 1734 3739 1803 τυγχάνοντι

2096 1833 2170 1902 τῷ
2194 1834 2370 1885 Δαυῖδ’
2403 1833 2536 1903 φησὶ
2562 1831 2690 1899 γοῦν
2717 1833 2774 1882 ἐν
2804 1829 2991 1899 αὐτῷ’»
3032 1826 3243 1895 Φωνῇ
3284 1845 3420 1895 μου
3462 1825 3615 1892 πρὸς
3640 1828 3737 1877 Κύ-

656 1899 786 2005 'fuga
810 1953 841 1987 a
863 1951 959 1988 me.
984 1933 1276 1988 Obsidente
1293 1899 1522 1998 namque
1547 1927 1705 1981 Saule
1732 1926 1997 1995 spelunca:

2114 1899 2221 1975 κον
2262 1899 2568 1989 ἐκέκραξα
2614 1919 2782 1989 φωνῇ
2832 1936 2960 1987 μου
3021 1918 3203 1985 πρὸς
3245 1918 3368 1970 τὸν
3414 1915 3571 1969 Θεὸν
3594 1915 3739 1979 ἐόεή⁸

470 2027 687 2087 ostium,
723 2026 866 2078 intus
901 2026 1073 2077 latens
1107 2023 1241 2093 ipse,
1280 2020 1512 2089 effugere
1541 2033 1597 2072 se
1626 2032 1784 2085 posse
1813 2015 2001 2083 despeo

468 2115 641 2168 rabat.
672 2112 933 2167 Caeterum
957 2126 1075 2165 cum
1098 2111 1163 2163 de
1196 2111 1316 2178 fuga
1341 2108 1671 2176 desperaret,
1704 2105 1769 2157 ad
1799 2104 2000 2157 saluta-

468 2218 580 2256 rem
612 2210 825 2271 portum
874 2200 1145 2269 confugit;
1181 2214 1347 2267 quare
1389 2195 1673 2265 subiungit
1704 2212 1716 2245 :
1765 2192 2001 2247 Clumavi

468 2292 537 2346 ad
586 2301 654 2355 te,
699 2292 936 2354 Domine,
981 2290 1092 2343 dixi
1136 2306 1153 2342 :
1206 2290 1283 2341 Tu
1329 2304 1381 2341 es
1416 2302 1526 2354 spes
1582 2300 1728 2344 mea;
1783 2294 1835 2336 et
1888 2282 2002 2335 base

470 2381 654 2450 adjicit
688 2400 700 2433 :
735 2379 879 2432 Educ
908 2378 969 2432 de
1010 2378 1250 2432 custodia
1305 2377 1533 2428 animum
1594 2388 1780 2427 meam.
1812 2370 2001 2424 Videu’

470 2470 736 2539 quomodo
791 2484 943 2523 suam
994 2469 1047 2520 in
1110 2468 1363 2535 spelunca
1416 2464 1815 2519 conclusionem
1865 2461 2004 2514 indi-

470 2560 594 2612 cat?
625 2558 753 2612 Jure
803 2559 984 2626 itaque
1034 2558 1146 2611 lucc
1189 2558 1331 2610 dicta
1384 2556 1681 2609 orationem
1734 2553 1999 2613 inscribit,

471 2657 682 2718 tempus
712 2648 1057 2716 inscriptione
1095 2648 1183 2699 illa
1212 2646 1507 2700 declarans.
1534 2645 1621 2698 Ait
1673 2645 1835 2713 igitur
1863 2661 1875 2696 :
1912 2642 2003 2696 In-

472 2738 702 2791 tellectus
732 2736 940 2800 Davidi,
988 2752 1103 2788 cum
1131 2746 1261 2788 esset
1311 2736 1366 2786 in
1412 2733 1674 2800 spelunca,
1720 2733 1907 2784 oratio.
1939 2730 2003 2783 Et

471 2829 587 2881 haec
620 2828 833 2896 quidem
866 2834 1050 2880 notato
1096 2834 1333 2894 tempore
1369 2833 1614 2893 precatus
1660 2831 1760 2885 est,
1812 2837 2004 2890 magno

472 2918 528 2970 in
564 2917 801 2985 periculo
846 2917 1194 2970 constitutus.
1236 2913 1358 2968 Hinc
1390 2928 1518 2967 vero
1555 2913 1694 2967 tituli
1724 2913 2004 2981 inscriptio

474 3008 544 3060 ab
570 3022 633 3061 eo
659 3007 879 3061 recitata
903 3012 1003 3069 est,
1033 3014 1089 3057 ut
1116 3005 1341 3067 :estimo,
1364 3018 1483 3057 cum
1506 3010 1648 3058 esset
1674 3003 1728 3055 in
1750 3002 2003 3072 spelunca

475 3096 739 3159 Odollam,
772 3111 834 3150 ac
859 3096 1145 3165 recepisset
1175 3109 1360 3149 omnes
1388 3093 1579 3147 fratres
1620 3107 1768 3156 suos,
1800 3106 2001 3161 cogna-

2095 2018 2223 2081 θην.
2270 2012 2478 2081 Ἐκχεῶ
2502 2010 2755 2063 ἐνώπιον
2798 2010 2998 2064 αὑτοῦ
3024 2009 3161 2075 τὴν
3194 2008 3444 2073 δέησίν
3478 2024 3615 2075 μου·
3642 2006 3738 2071 τὴν

2095 2105 2301 2170 θλίψιν
2347 2120 2463 2171 μου
2512 2101 2767 2153 ἐνώπιον
2820 2101 3026 2153 αὑτοῦ
3104 2098 3492 2169 ἀπαγγελῶ.
3550 2099 3642 2151 Ἐν
3667 2096 3734 2162 τῷ

2095 2198 2390 2249 ἐκλείπειν
2428 2194 2495 2257 ἐξ
2519 2194 2665 2261 ἐμοῦ
2703 2194 2768 2244 τὸ
2806 2193 3073 2260 πνεῦμά
3126 2210 3295 2261 μου,
3350 2192 3459 2244 καὶ
3512 2191 3591 2244 σὺ
3636 2191 3739 2255 ἐγί-

2096 2301 2322 2350 νωσκες
2370 2284 2475 2350 τὰς
2533 2286 2770 2351 τρίϐους
2820 2302 2971 2352 μου.
3056 2285 3182 2339 Ἐν
3262 2277 3399 2349 ὀδῷ
3455 2284 3651 2347 ταύτῃ,
3701 2275 3735 2349 ᾖ

2095 2380 2478 2448 ἐπορευόμην,
2505 2379 2781 2445 ἔκρυψαν
2805 2375 3053 2444 παγίδα
3083 2392 3230 2444 μοι.
3271 2376 3389 2429 Διὰ
3409 2374 3609 2426 τούτων
3634 2374 3734 2440 γὰρ

2098 2470 2191 2540 τὴν
2221 2468 2440 2537 συνοχὴν
2469 2470 2526 2520 ἐν
2643 2465 2946 2535 ἐξητάζετο
2980 2466 3356 2537 παρίστησιο
3390 2466 3489 2518 καὶ
3510 2465 3582 2516 ἐτι
3608 2464 3731 2533 μᾶλ-

2097 2562 2184 2614 λον
2213 2562 2277 2613 δι’
2304 2554 2376 2613 ὧν
2403 2559 2592 2625 ἐπάγει
2616 2557 2791 2625 λέγων
2843 2557 3009 2625 ἑξῆς·
3058 2556 3394 2611 Ἀπώλετο
3460 2556 3614 2625 φυγὴ
3642 2554 3731 2607 ἀπ’

2096 2651 2257 2719 ἐμοῦο
2275 2650 2377 2720 πρὸ
2398 2649 2503 2702 τῶν
2527 2647 2703 2719 θυρῶν
2733 2646 2846 2717 γὰρ
2870 2646 2978 2699 τοῦ
3020 2648 3338 2719 σπηλαίου
3376 2644 3738 2714 καθεζομένουΔ

2098 2742 2190 2794 τοῦ
2214 2741 2399 2803 Σαοὺλ,
2425 2739 2565 2791 ἔνδον
2622 2736 3048 2807 κρυπτόμενος,
3097 2738 3443 2806 ἀπεγνώκει
3486 2738 3582 2804 τὴν
3616 2737 3727 2786 ἐαυ-

2100 2832 2190 2886 τοῦ
2221 2832 2410 2901 φυγήν.
2433 2828 2577 2896 Πλὴν
2597 2828 2694 2895 τὴν
2724 2827 2911 2895 φυγὴν
2936 2828 3286 2894 ἀπογνοὺς,
3323 2828 3419 2879 ἐπὶ
3448 2827 3537 2879 τὸν
3570 2826 3725 2890 σωτή-

2104 2939 2213 2994 ριον
2245 2921 2431 2991 λιμένα
2486 2917 2845 2985 καταφεύγειο
2898 2918 2989 2969 διὸ
3049 2920 3355 2987 ἐπιλέγει·
3423 2916 3723 2983 Ἑκέκραξα

2102 3010 2247 3079 πρὸς
2278 3010 2370 3073 σὲ,
2431 3010 2637 3074 Κύριε,
2696 3003 2869 3059 εἶπαο
2944 3009 3043 3061 Σὺ
3095 3010 3163 3062 ετ
3224 3010 3421 3073 ἐλπίς
3470 3004 3721 3075 μου-καὶ

2103 3100 2418 3171 προστίθησι
2490 3095 2681 3162 λέγων’
2767 3094 3081 3166 Ἐξάγαγε
3150 3099 3229 3159 ἐκ
3298 3094 3584 3166 φυλακῆς
3623 3092 3720 3157 τὴν

474 3196 561 3242 tos
606 3187 729 3241 item
785 3202 847 3241 ac
890 3188 1125 3255 reliquos
1178 3184 1467 3255 fugitivos;
1515 3183 1606 3253 qui
1657 3183 1885 3238 fortasse
1916 3184 1999 3238 sui

2114 3191 2307 3260 Ψυχὴν
2348 3206 2485 3258 μου.
2541 3188 2703 3257 Ὁρᾷς
2744 3187 2901 3250 ὅπως
2938 3188 3045 3243 τὸν
3117 3190 3268 3242 εἵσω
3325 3188 3426 3241 τοῦ
3484 3184 3718 3254 σπηλαίου

474 3293 639 3333 causa
667 3278 877 3332 insidiis
908 3278 1086 3331 Saulis
1112 3277 1495 3345 appetebantur
1519 3293 1533 3339 ;
1565 3275 1853 3344 quinetiam
1881 3276 2003 3343 qui-

475 3368 560 3421 vis
589 3367 817 3421 amictus
842 3367 1017 3420 animo
1040 3374 1094 3420 et
1120 3364 1369 3434 injuriam
1395 3379 1603 3432 passus,
1636 3362 1769 3433 fuga:
1790 3362 2002 3417 Davidis

477 3473 699 3513 consors
730 3465 864 3511 erat.
903 3457 1033 3509 Nam
1064 3472 1183 3510 eum
1244 3456 1416 3509 virum
1442 3456 1667 3524 justum,
1712 3469 1742 3507 a
1772 3453 1879 3508 Deo
1907 3454 2003 3508 bo-

480 3555 747 3607 noratum,
801 3545 997 3611 injuria
1046 3558 1076 3595 a
1124 3543 1282 3597 Saule
1315 3544 1523 3611 pulsqu
1567 3543 1892 3606 videntibus,
1940 3558 2002 3596 ea

478 3636 614 3701 ipsis
638 3634 934 3686 consolatio
956 3633 1010 3684 in
1039 3633 1193 3687 malis
1216 3641 1351 3686 erat.
1383 3633 1517 3685 Tum
1546 3634 1644 3702 ipsi
1673 3648 1883 3702 quoque
1912 3634 2003 3703 qui

481 3741 511 3776 a
547 3722 863 3775 laedentibus
890 3736 947 3774 se
974 3721 1262 3788 fugiebant,
1302 3720 1485 3774 Davidi
1526 3723 1828 3785 studebant,
1860 3724 2005 3791 ejus-

481 3826 585 3879 que
612 3818 788 3879 partes
819 3809 1310 3877 amplectebantur;
1339 3810 1705 3879 malebantque
1730 3812 1851 3879 pelli
1881 3827 2003 3864 cum

480 3900 619 3967 ipso,
665 3912 824 3967 quam
868 3898 1169 3966 insequenti
1228 3898 1444 3952 ltaarere.
1496 3897 1629 3952 Cum
1665 3915 1793 3968 ergo
1835 3901 2005 3955 otium

482 3996 660 4057 ageret
695 3988 749 4041 in
787 3988 1039 4057 spelunca
1083 3986 1343 4052 Odollam,
1391 3998 1703 4055 praesentem
1753 3990 1895 4043 tituli
1926 3992 2007 4043 in-

482 4080 824 4150 scriptionem
854 4082 1108 4135 exaravit.
1134 4080 1284 4145 Quod
1309 4095 1437 4135 sane
1464 4079 1736 4135 declarant
1762 4089 1872 4134 tum
1904 4083 2004 4136 alia

481 4186 599 4239 qua:
632 4171 834 4239 adjicit.
867 4179 978 4225 tum
1008 4172 1191 4225 isthmc
1220 4190 1232 4223 :
1261 4169 1407 4224 Misit
1436 4169 1497 4223 de
1525 4171 1671 4228 caelo.
1696 4180 1743 4223 et
1774 4171 2006 4224 liberavit

481 4275 599 4316 me:
625 4277 687 4315 ac
711 4278 923 4317 rursum
956 4282 969 4317 :
1000 4262 1146 4315 Misit
1172 4261 1307 4315 Deus
1336 4262 1743 4315 misericordiam
1784 4279 1931 4315 suam
1960 4273 2007 4316 et

483 4352 744 4403 veritatem
773 4367 943 4415 suam,
989 4360 1036 4403 et
1061 4352 1248 4419 eripuit
1283 4352 1510 4404 animam
1546 4368 1710 4404 meam
1752 4351 1814 4404 de
1844 4352 2007 4405 medio

484 4440 772 4495 catulorum
802 4440 1024 4495 leonum.
1066 4439 1225 4496 Vides
1250 4457 1394 4503 eum,
1441 4456 1562 4494 cum
1593 4440 1839 4496 Gethzeos
1877 4443 2009 4496 allo-

2100 3280 2458 3349 ὰποκλεισμὸν
2485 3277 2771 3348 σημαίνει;
2827 3278 3099 3343 Εἰκότως
3127 3277 3234 3333 οὖν
3272 3281 3373 3333 καὶ
3440 3275 3715 3349 προσευχὴν

2100 3372 2385 3440 ἐπιγράφει
2433 3369 2557 3430 τοὺς
2598 3367 2813 3434 λόγους,
2842 3368 3039 3438 δηλῶν
3102 3371 3209 3424 διὰ
3274 3371 3383 3439 τῆς
3421 3366 3717 3439 προγραφῆς

2100 3463 2189 3514 τὸν
2230 3458 2434 3529 καιρόν.
2495 3458 2654 3523 Λέγει
2687 3456 2841 3522 γοῦν
2880 3457 3244 3525 Συνέσεως
3306 3455 3391 3526 τῷ
3431 3455 3621 3513 Δαυΐδ.
3660 3455 3716 3504 ἐν

2102 3546 2177 3616 τῷ
2202 3546 2349 3601 εἶναι
2378 3546 2559 3600 αὑτὸν
2594 3545 2661 3597 ἐν
2690 3537 2772 3609 τῷ
2802 3548 3120 3613 σπηλαίῳ
3143 3589 3160 3611 ,
3195 3548 3545 3617 προσευχὴ.
3582 3543 3715 3595 Ἀλλὰ

2101 3640 2267 3692 ταῦτα
2296 3638 2390 3706 μὲν
2447 3634 2789 3707 προσηύξατο
2853 3637 2915 3688 ἐν
2980 3640 3241 3709 μεγάλῳ
3265 3638 3537 3713 περιστὰς
3568 3634 3711 3702 ἀγῶνι

2105 3730 2242 3783 κατὰ
2272 3729 2359 3781 τὸν
2382 3727 2685 3797 δηλωθέντα
2733 3725 2953 3795 χρόνον·
3006 3730 3044 3796 ἡ
3115 3731 3183 3784 δέ
3222 3732 3371 3802 μετὰ
3400 3734 3584 3800 χεῖρας
3611 3744 3713 3793 στη-

2103 3818 2367 3887 λογραφία
2392 3816 2609 3867 λέλεκτο
2656 3813 2827 3882 αὐτῷ,
2873 3814 2956 3877 ὡς
3004 3813 3213 3886 οἶμαι,
3246 3820 3369 3872 ὄντι
3398 3822 3457 3871 ὲν
3491 3816 3563 3887 τῷ
3596 3831 3711 3879 σπη-

2105 3910 2237 3976 λαίῳ
2281 3906 2357 3976 τῷ
2399 3906 2677 3975 Ὀδολλὰμ,
2708 3906 2923 3967 πάντας
2968 3924 3034 3959 τε
3066 3910 3487 3981 ὑποδεχομένῳ
3524 3906 3637 3966 τούς
3664 3918 3709 3952 τε

2106 3996 2360 4064 ἀδελφοὺς
2388 3994 2550 4049 αὐτοῦ
2599 3996 2693 4048 καὶ
2735 3996 2863 4058 τοὺς
2895 4004 3218 4064 συγγενεῖς
3249 4002 3349 4053 καὶ
3375 4002 3503 4061 τοὺς
3523 3994 3710 4052 λοιποὺς

2108 4084 2363 4153 φυγάδας,
2394 4085 2533 4154 τάχα
2564 4101 2664 4138 που
2715 4084 2782 4136 δι’
2814 4085 2986 4137 αὑτὸν
3040 4088 3593 4158 ἐπιϐουλευομένους
3624 4079 3709 4133 ὑπὸ

2107 4174 2198 4228 τοῦ
2223 4173 2411 4227 Σαούλο
2457 4173 2594 4227 ἀλλὰ
2628 4174 2721 4226 καὶ
2768 4175 2878 4236 πᾶς
2923 4176 3274 4241 κατώδυνος
3309 4177 3462 4247 ψυχὴ
3492 4176 3579 4228 καὶ
3623 4170 3709 4228 πᾶς

2108 4263 2448 4332 ἀδικούμενος
2471 4263 2724 4325 κοινωνὸς
2746 4262 3006 4329 ἐγίγνετο
3050 4267 3167 4336 τῆς
3202 4269 3305 4321 τοῦ
3346 4266 3510 4320 Δαυῒό
3538 4262 3705 4331 φυγῆς.

2110 4352 2320 4404 Δίκαιον
2346 4349 2453 4419 γὰρ
2475 4351 2643 4420 ἄνδρα
2694 4352 2789 4405 καὶ
2844 4354 3007 4423 παρὰ
3036 4357 3129 4425 τῷ
3168 4359 3301 4429 Θεῷ
3351 4355 3705 4427 τετιμημένον,

2111 4441 2455 4509 ἐλαυνόμενον
2486 4441 2591 4493 ὑπὸ
2619 4442 2712 4495 τοῦ
2745 4443 2923 4495 Σαοὺλ
2956 4445 3187 4512 ἀδίκως
3228 4450 3495 4521 ὁρῶντες,
3524 4446 3585 4499 τὰ
3604 4447 3706 4496 ἑαν-

486 4529 674 4598 phylos
700 4528 995 4598 effugisset,
1027 4539 1208 4600 utpote
1232 4531 1283 4583 in
1317 4538 1432 4584 tuto
1463 4532 1717 4600 positum,
1750 4545 1812 4585 ac
1839 4531 2001 4585 otium

2114 4532 2216 4584 τῶν
2248 4531 2658 4600 παρεμυθοῦντο
2700 4532 2867 4586 κακά.
2915 4530 3063 4589 Εἶτα
3098 4542 3209 4593 καὶ
3266 4541 3429 4593 αὐτοὶ
3465 4540 3584 4599 τοὺς
3610 4534 3704 4586 άδι·

485 4627 746 4688 agentem,
796 4618 1100 4687 hujusmodi
1153 4634 1313 4674 voces
1352 4621 1616 4685 emisisse,
1666 4635 1728 4674 ac
1774 4620 2004 4676 maxime

485 4709 718 4761 omnium
746 4722 837 4761 eas
867 4723 984 4776 qua:
1017 4719 1332 4778 sequuntur,
1367 4717 1419 4763 et
1458 4710 1535 4763 sic
1564 4711 1797 4765 habent:
1834 4710 2005 4762 Para~

484 4810 589 4853 tum
624 4814 711 4851 cor
740 4814 927 4861 meum,
968 4798 1126 4863 Deus,
1158 4801 1375 4854 cantabo
1421 4809 1471 4854 et
1512 4800 1768 4869 psalmum
1811 4800 2001 4854 dicam.

486 4885 735 4956 Exsurge,
767 4889 934 4956 gloria
960 4904 1090 4951 mea,
1114 4906 1348 4959 exsurge,
1376 4890 1681 4957 psalterium
1709 4900 1756 4942 et
1780 4889 2001 4953 cithara,

410 5034 412 5036 τ
486 4989 756 5044 exsurgant
785 4976 1035 5031 di.uculo.
1066 4978 1359 5047 Conﬁtebor
1388 4981 1441 5033 in
1486 4981 1717 5047 populis,
1764 4979 2001 5043 Domine,

486 5064 737 5122 psalmum
764 5067 933 5124 dicam
969 5070 1061 5123 tibi
1092 5070 1147 5123 in
1173 5070 1424 5139 gentibus.
1457 5070 1579 5130 Haec
1606 5070 1745 5124 enim
1780 5070 2001 5124 multum

488 5152 673 5216 otium,
722 5156 828 5209 imo
873 5160 1032 5211 etiam
1080 5160 1243 5213 animi
1293 5161 1636 5229 voluptatem,
1684 5158 2003 5228 significant.

490 5240 575 5293 Ait
600 5242 758 5311 igitur
792 5260 940 5300 sacer
968 5249 1240 5315 apostolus
1265 5268 1277 5301 :
1310 5248 1663 5303 Contristatur
1689 5248 1803 5315 quis
1835 5248 1887 5298 in
1916 5263 2006 5299 vo-

491 5326 566 5379 bis
589 5331 614 5383 2
656 5342 781 5386 oret.
814 5334 984 5403 aliqua
1026 5338 1197 5389 animo
1238 5348 1313 5391 est
1335 5341 1358 5393 2
1384 5338 1577 5393 osalla:
1599 5337 1643 5368 "
1701 5334 1803 5390 Sed
1837 5350 2010 5403 neque

494 5425 695 5480 DOlGl'at
725 5422 837 5488 haec
862 5424 1056 5490 dicere,
1085 5441 1206 5479 cum
1232 5428 1286 5480 in
1319 5430 1569 5497 spelunca
1599 5425 1836 5497 Engaddi
1873 5425 2008 5482 deti-

498 5513 708 5558 neretur
742 5522 770 5559 a
820 5508 977 5566 Saule
1025 5521 1145 5569 ante
1191 5519 1383 5569 ostium
1430 5518 1663 5573 sedente.
1695 5515 1821 5582 Quae
1870 5514 2006 5570 enim

569 5678 611 5712 ει
650 5676 788 5733 Psal.
824 5697 973 5747 cui,
1005 5688 1113 5743 ei.
1225 5691 1266 5723 τε
1306 5668 1419 5748 Jac.
1452 5710 1499 5760 ν,
1538 5696 1618 5751 ιδ.

2108 4621 2331 4681 κοῦντας
2393 4620 2587 4683 αὐτοὺς
2640 4621 2937 4689 φεύγοντές
2974 4641 3067 4689 τε,
3134 4630 3240 4683 τὸν
3289 4630 3457 4683 Δαυῒᾶ
3488 4626 3703 4695 ἐζήλουν,

2104 4709 2401 4783 ἠσπάζοντό
2426 4726 2486 4761 τε
2511 4709 2610 4780 τὴν
2636 4712 2732 4764 σὺν
2766 4711 2918 4780 αύτῷ
2957 4718 3202 4786 μερίδα,
3253 4721 3459 4791 μᾶλλον
3479 4712 3703 4783 ἀγαπῶν⁴

2106 4814 2194 4859 τες
2222 4796 2535 4850 ἐλαύνεσθαι
2566 4800 2662 4851 σὺν
2686 4799 2859 4869 αύτῷ,
2904 4801 2941 4869 ἢ
2988 4803 3079 4873 τῷ
3138 4807 3437 4861 ἐλαύνοντι
3467 4806 3697 4859 συνεῖναι.

2120 4885 2239 4937 Ἐπὶ
2278 4882 2466 4954 σχολῆς
2492 4886 2672 4939 τοίνυν
2702 4887 2907 4955 διάγων
2942 4890 3003 4941 ἐν
3028 4892 3114 4962 τῷ
3140 4897 3409 4968 σπηλαίῳ
3431 4896 3508 4964 τῷ
3549 4890 3699 4945 Ὀδολ-

2107 4977 2217 5046 λὰμ
2238 4978 2333 5045 τὴν
2356 4976 2637 5048 παροῦσαν
2672 4978 2884 5051 ἔγραφε
2921 4984 3386 5058 στηλοτραφίαν.
3428 4984 3698 5055 Παρίστησι

2108 5067 2162 5119 δὲ
2187 5065 2344 5118 τοῦτο
2374 5068 2444 5122 τὰ
2475 5068 2867 5141 ἐπιλεγόμενα,
2902 5073 2976 5127 τά
3000 5092 3068 5127 τε
3114 5077 3268 5134 ἄλλα
3304 5081 3403 5134 καὶ
3427 5080 3491 5131 δι’
3514 5070 3582 5129 ὧν
3607 5089 3696 5139 φη-

2112 5173 2210 5210 σιν·
2251 5156 2709 5221 Ἑξαπέστειλεν
2754 5163 2823 5228 ἐξ
2869 5167 3167 5233 οὐρανοῦ,
3227 5172 3331 5225 καὶ
3382 5165 3570 5242 ἔσωσέ
3610 5173 3695 5231 με’

2110 5248 2203 5298 καὶ
2232 5246 2412 5301 πάλιν·
2463 5252 2933 5318 Ἐξαπέστειλεν
2975 5261 3007 5313 ὁ
3053 5261 3209 5328 Θεὸς
3239 5262 3307 5317 τὸ
3333 5262 3501 5324 ἕλεος
3526 5247 3689 5311 αὐτοῦ

2114 5336 2209 5387 καὶ
2238 5335 2352 5404 τὴν
2394 5341 2688 5411 ἀλήθειαν
2721 5345 2935 5413 αὑτοῦ,
2964 5351 3070 5405 καὶ
3106 5353 3410 5421 ὲρῤύσατο
3446 5347 3553 5413 τὴν
3590 5345 3685 5409 ψυ-

2430 5436 2502 5491 ἐκ
2536 5440 2728 5505 μέσου
2773 5444 3093 5512 σκύμνων,
3130 5449 3322 5522 Ὁρᾷς,
3373 5443 3441 5505 ὡς
3486 5438 3599 5495 τοὺς
3639 5432 3687 5480 ἓν

2114 5515 2218 5569 Γὲθ
2269 5520 2611 5600 ἀλλοιξύλους
2669 5535 2981 5607 διαᾳυγὼν,
3058 5542 3158 5598 ’ἁτε
3205 5515 3288 5605 ’δὴ
3351 5537 3407 5587 ἒν
3458 5518 3691 5597 ἀσῗαλειθ
