3812 6354
167 396 302 449 503

1365 392 1848 448 COMMENTARIA
1886 396 1951 451 IN
1990 397 2321 454 PSALMOS.

3319 409 3421 461 506

174 494 508 572 τυγχάνων,
555 496 658 549 καὶ
683 499 746 552 ἐν
798 502 994 558 ἀνέσει
1028 505 1122 568 ὢν,
1150 505 1395 568 τοιαύτας
1425 507 1566 574 ἠφίει
1597 507 1766 574 φωνὰς

1895 517 2023 564 tunc
2072 508 2445 579 opportunitas
2489 509 2554 563 ad
2602 511 2912 580 psalterium
2970 515 3332 584 accipiendum
3373 531 3428 575 et

187 595 313 644 καὶ
337 591 409 643 ἐτι
442 587 649 660 μᾶλλον
673 592 778 655 τὰς
811 594 947 666 ἐξῆς
978 598 1368 668 ἐπιφερομένας
1395 598 1459 650 δι’
1479 592 1550 650 ὧν
1568 599 1793 668 εἴρηται·

207 678 461 747 Ἑτοίμη
483 679 523 746 ἡ
549 679 770 746 καρδία
791 701 940 750 μου,
966 687 998 738 ό
1022 685 1184 750 Θεὸς,
1227 685 1440 753 ᾄσομαι
1475 686 1568 738 καὶ
1604 685 1794 753 ψαλῶ.

1894 599 2151 650 citharam
2177 599 2246 656 ei.
2283 598 2373 665 qui
2424 599 2478 650 in
2526 599 2794 666 speluncae
2827 602 3013 656 intimo
3048 605 3368 660 latebat?ut
3393 624 3426 663 e

1895 689 2166 740 contrario
2197 689 2340 740 nulla
2372 689 2510 740 ratio
2561 689 2764 750 fuisset.
2813 691 2864 742 in
2904 693 3012 744 otio
3040 700 3091 746 et
3119 697 3426 764 tranquilli-

207 767 610 838 Ἑξεγέρηητι
649 770 688 836 -ἠ
728 770 885 834 δόξα
923 792 1064 842 μου,
1103 773 1434 843 ἐξεγέρθητι
1476 773 1766 841 ψαλτήρια

1894 783 2002 829 tate
2031 775 2304 844 degentem
2338 777 2390 828 in
2433 778 2683 845 spelunca
2717 777 2978 844 Odollam,
3007 797 3127 834 cum
3173 787 3427 851 quadrin-

189 861 312 911 καὶ
349 865 591 944 κιθάρα,
637 861 1106 933 ἐξετεροήσομιιι
1147 866 1376 932 ὄρθρου.
1417 865 1797 934 Ἐξομολογή-

189 966 405 1018 crepat
447 953 523 1004 ὲν
575 951 771 1016 λαοῖς,
832 956 1031 1020 Κύριε,
1080 954 1249 1022 ψαλῶ
1304 970 1400 1007 σοι
1454 955 1522 1006 ἐν
1580 956 1794 1008 ἔθνεσι.

1896 866 2068 932 gentis
2097 866 2248 927 viris,
2279 867 2464 918 dicere
2491 885 2503 918 :
2536 866 2698 919 Periit
2720 872 2842 937 luga
2882 886 2913 922 a
2940 887 3018 923 me
3044 872 3086 902 ³⁷
3112 890 3127 937 ;
3157 883 3247 927 et:
3280 874 3426 930 Edita

1895 953 1956 1006 de
1985 953 2222 1006 custodia
2253 955 2476 1006 animam
2503 971 2665 1006 meam
2690 957 2752 1009 ’⁸.

185 1038 410 1095 Ταῦ-,α
447 1042 564 1112 γὰρ
626 1042 828 1112 πολλῆς
880 1044 1073 1112 σχολῆς
1123 1045 1394 1113 ὲμφατικὰ
1424 1043 1690 1112 τυγχάνει,
1723 1041 1852 1094 ἀλλά
1890 1043 1980 1093 καὶ
2003 1042 2277 1111 θυμηδίας.
2307 1043 2466 1109 Λέγει
2494 1043 2618 1108 γοῦν
2650 1046 2677 1096 ὁ
2708 1045 2844 1114 ἱερὸς
2906 1047 3213 1110 ἀπόστολοςο
3243 1053 3425 1103 Κακο-

184 1134 402 1186 παθεῖ
428 1151 523 1200 τις
569 1136 644 1187 ἐν
694 1135 876 1203 Quir;
929 1135 1362 1203 προσευχέσθωο
1416 1135 1653 1202 εὐθυμεῖ
1674 1150 1795 1198 τις;
1831 1133 2091 1200 ψαλάτω.
2139 1132 2272 1184 Ἀλλ’
2303 1133 2419 1183 οὐδὲ
2447 1127 2553 1194 οἶός
2591 1149 2648 1183 τε
2689 1129 2755 1202 ἦν
2776 1133 2940 1185 ταῦτα
2971 1135 3141 1202 λέγειν
3227 1139 3282 1190 ἐν
3351 1138 3424 1208 τῷ

185 1223 477 1293 σπηλαίῳ
535 1223 618 1292 τῷ
666 1224 906 1291 Ἐνγαδδῖ
966 1225 1307 1294 συνεχόμενος
1341 1225 1442 1276 ὑπὸ
1499 1223 1590 1275 τοῦ
1620 1222 1784 1274 Σαοὺλ
1823 1222 1924 1290 πρὸ
1954 1222 2050 1290 τῆς
2083 1221 2282 1272 εἰσόδου
2339 1221 2713 1289 καθεζομένου.
2756 1223 2887 1274 Ποία
2915 1223 3019 1294 γὰρ
3050 1221 3114 1294 ἦν
3177 1227 3422 1297 εὐκαιρία

181 1316 359 1379 τότε,
395 1317 476 1378 ὡς
502 1317 809 1388 ψαλτήριον
832 1318 1224 1387 ἀναλαμϐάνειν
1280 1318 1371 1370 καὶ
1425 1316 1668 1385 κιθάραν,
1735 1313 2166 1385 κρυπταζὸμενον
2212 1313 2470 1365 ἐνδοτάτω
2513 1313 2605 1364 τοῦ
2661 1313 2954 1384 σπηλαίου;
3007 1317 3080 1379 ὼς
3134 1314 3196 1370 αὖ
3264 1318 3423 1374 πάλιν

180 1407 305 1460 οὐκ
343 1405 459 1478 εἶχε
489 1409 678 1475 λόγον,
715 1410 772 1459 ἐν
823 1408 982 1476 σχολῇ
1030 1407 1120 1460 καὶ
1154 1407 1327 1476 ἀνέσει
1360 1407 1601 1473 διάγοντα
1667 1405 1820 1457 αὑτὸν
1856 1405 1912 1456 ἐν
1942 1403 2018 1472 τῷ
2049 1401 2288 1471 σπηλαίῳ
2317 1401 2391 1470 τῷ
2439 1401 2690 1471 Ὀδολλὰμ
2738 1405 2872 1472 μετά
2925 1407 3277 1475 τετρακοσίων
3333 1410 3422 1461 ἀν“

180 1499 348 1570 δρῶν
422 1501 539 1552 τῶν
611 1500 882 1552 συνόντων
935 1501 1101 1570 αὐτῷ,
1143 1501 1334 1568 λέγειν·
1381 1499 1657 1552 Ἀπώλετο
1693 1497 1850 1567 φυγὴ
1887 1497 1984 1551 ἀπ’
2027 1496 2191 1565 ἐμοῦ,
2241 1497 2351 1561 καὶ,
2397 1495 2673 1566 Ἐξάγαγε
2717 1499 2784 1550 ἐκ
2825 1500 3094 1566 φυλακῆς
3149 1501 3262 1568 τὴν
3307 1504 3423 1570 ym—

185 1589 337 1656 χήν
361 1607 506 1655 μου.

272 1701 479 1754 Ταῦτα
535 1703 640 1772 μὲν
690 1697 782 1756 οὖν
810 1704 1044 1773 εἰρήσθω
1091 1705 1170 1766 είς
1213 1704 1309 1772 τὴν
1366 1703 1619 1774 διαφορὰν
1683 1702 1787 1755 τῶν

1957 1697 2079 1752 Haec
2098 1713 2257 1768 porro
2278 1697 2418 1752 dicta
2442 1697 2550 1753 sint
2577 1697 2642 1752 de
2664 1698 2974 1753 discrimine
2998 1709 3417 1770 praposuorum.

182 1793 624 1862 προκειμένων.
678 1795 876 1862 Ἴωμεν
926 1793 981 1844 δέ
1043 1793 1131 1845 ἐπὶ
1181 1793 1273 1862 τὴν
1305 1793 1395 1846 τοῦ
1428 1793 1559 1863 μετά
1608 1796 1766 1865 χεῖρα

1887 1787 2002 1841 Jam
2026 1787 2363 1856 praasentium
2388 1803 2576 1840 vocum
2599 1789 3002 1855 explicationem
3026 1794 3416 1861 aggrediamur.

182 1881 496 1952 ἐξήγησιν.
536 1884 648 1946 Εἰς
681 1880 750 1933 τὸ
787 1881 978 1945 τέλος,
1000 1881 1084 1950 μὴ
1116 1881 1470 1949 διαφθείρῃς,
1500 1876 1577 1948 τῷ
1607 1882 1766 1934 Δαυΐέ

1888 1877 1954 1931 1η
1981 1879 2156 1945 ﬁnem,
2206 1893 2266 1929 ne
2297 1876 2585 1943 disperdas,
2616 1877 2802 1930 Davidi
2848 1881 2901 1932 in
2940 1881 3078 1932 tituli
3125 1883 3419 1950 inscriptio-

182 1973 292 2034 εις
359 1974 844 2041 στηλοπριιςοίαν,
898 1973 991 2024 καὶ
1041 1973 1106 2027 τὰ
1170 1972 1309 2042 ἐξῆς.
1366 1972 1592 2024 Ἤλαυνε
1639 1973 1785 2041 μὲνὸ

185 2061 393 2113 Σαοὺλ
425 2063 516 2114 τὸν
554 2062 740 2114 Δαυῖδο
765 2063 794 2112 ὁ
815 2062 860 2113 δ’
895 2062 1071 2132 ἔργοις
1097 2061 1350 2114 ἐπιτελῶν
1382 2062 1460 2124 τὸ,
1495 2063 1630 2114 Ἐὰν
1657 2061 1785 2112 διώ-

181 2165 409 2202 κωσιν
434 2149 594 2218 ὑμᾶς
621 2151 694 2203 ἐκ
749 2150 862 2217 τῆς
892 2153 1118 2214 πόλεως
1163 2152 1394 2216 ταύτης,
1421 2152 1661 2218 φεύγετε
1701 2153 1787 2216 εὶς

182 2237 334 2306 τὴν
361 2239 593 2306 ἑτέραν,
618 2240 1036 2309 ἀπεδίδρασκεν,
1071 2240 1143 2301 ὡς
1184 2239 1247 2291 ἂν
1288 2241 1359 2309 μὴ
1401 2239 1584 2312 παρὼν
1610 2239 1785 2308 ἐρεθί-

184 2327 286 2390 Cm.
322 2331 419 2382 τὸν
451 2330 666 2400 ἐχθρὸν,
704 2330 879 2390 αἴτιός
908 2345 966 2380 τε
1012 2328 1154 2397 αύτῷ
1185 2329 1418 2396 γίγνοιτο
1465 2329 1782 2397 μιαιφονίας.

185 2419 277 2470 Τὸ
316 2420 449 2490 γὰρ,
479 2423 539 2472 Μ
546 2420 579 2485 ἡ
606 2421 819 2473 ἐκκαίει
847 2418 1142 2484 ἄνθρακας
1191 2419 1552 2486 ἁμαρτωλοῦ,
1576 2419 1785 2471 πάντων

188 2509 419 2576 μᾶλλον
449 2509 612 2562 Δαυῒδ
638 2509 932 2576 ἠπίστατο’
957 2507 1045 2560 διὸ.
1062 2507 1326 2578 ὑπεχώρει
1351 2509 1441 2559 καὶ
1461 2507 1781 2580 παρεχώρει,

186 2600 424 2669 καίπερ
448 2599 824 2669 ἀγαπώμενος
843 2599 946 2650 ὑπὸ
960 2599 1154 2659 παντὸς
1174 2596 1264 2650 τοῦ
1289 2598 1489 2662 ἔθνους,
1508 2600 1783 2662 πλείστους

180 2702 258 2738 τε
302 2688 444 2758 ἔχων
467 2692 594 2752 τοὺς
634 2689 1059 2757 συμπάσχοντας
1085 2687 1174 2738 καὶ
1201 2688 1604 2754 συναλγοῦντας,
1630 2689 1783 2740 δυνα-

184 2778 403 2844 μένους
431 2798 491 2832 τε
527 2780 703 2832 αὐτὸν
731 2779 870 2829 οἴκοι
904 2779 1031 2847 παρ’
1065 2779 1269 2838 ἑαυτοῖς
1293 2778 1633 2846 ὑποδέχεσθαι
1692 2781 1781 2830 καὶ

176 2871 488 2939 κρύπτειν.
540 2872 712 2925 Ἀλλά
744 2871 831 2922 ἵνα
878 2869 950 2939 μὴ
994 2871 1085 2920 καὶ
1113 2869 1312 2938 ἑτέροις
1337 2868 1501 2932 αἴτιος
1551 2871 1781 2936 γίγνοιτο

175 2962 484 3027 κινδύνων,
524 2963 738 3030 ἔφυγεν
764 2961 855 3012 ἐπὶ
896 2959 992 3021 τὰς
1033 2959 1268 3028 ἐρήμους
1322 2958 1518 3028 χώρας,
1556 2961 1645 3013 καὶ
1683 2961 1778 3022 τὰς

165 3050 235 3099 ἐν
264 3057 395 3115 τοῖς
422 3051 729 3122 σπηλαίοις
754 3047 1024 3118 ἠσπάζετο
1049 3047 1334 3116 διατριϐάς.
1367 3048 1471 3099 Καί
1506 3065 1592 3117 μοι
1634 3051 1776 3102 δοκεῖ

1887 1983 2018 2029 nem,
2053 1977 2106 2020 et
2139 1974 2348 2020 caetera.
2400 1965 2636 2020 Pellebat
2666 1967 2792 2020 Saul
2837 1967 3086 2022 Davidem
3138 1973 3228 2039 qui
3284 1974 3416 2029 illud

1884 2073 2042 2126 opere
2067 2058 2357 2126 complens,
2385 2055 2442 2108 Si
2469 2074 2554 2110 vos
2578 2068 2948 2126 persequantur
2969 2075 3032 2111 ex
3061 2060 3157 2112 hac
3187 2063 3411 2129 civitate,

1885 2145 2042 2214 fugite
2076 2147 2129 2196 in
2169 2146 2328 2197 aliam
2372 2146 2436 2208 ’³,
2474 2145 2700 2214 aufugit,
2747 2161 2812 2199 ne
2859 2162 3092 2214 praesens
3133 2149 3412 2204 inimicum

1882 2237 2137 2298 irritaret,
2169 2235 2374 2303 ipsique
2401 2234 2562 2287 caedis
2594 2249 2754 2287 causa
2784 2242 2944 2288 esset.
2974 2233 3108 2288 Illud
3135 2237 3298 2299 enim,
3329 2237 3414 2293 Ne

1884 2319 2133 2373 accendas
2179 2321 2423 2373 carbones
2470 2323 2753 2387 peccatoris
2799 2323 2863 2384 ³ο,
2924 2323 3113 2376 melius
3162 2325 3410 2380 omnibus

1883 2410 2083 2462 sciebat
2109 2409 2272 2462 David
2301 2427 2312 2461 :
2338 2423 2504 2476 quare
2534 2409 2757 2462 cedebat
2785 2417 2836 2461 et
2871 2410 3167 2474 secedebat,
3196 2413 3408 2469 etiamsi

1881 2512 1910 2551 a
1942 2505 2051 2550 tota
2089 2505 2243 2564 gente
2309 2497 2638 2565 diligeretur,
2689 2503 2741 2549 et
2787 2498 2980 2550 multos
3049 2499 3267 2552 haberet
3315 2500 3407 2569 qui

1882 2590 1934 2642 in
1967 2597 2169 2658 partem
2204 2589 2402 2643 doloris
2440 2590 2844 2658 alliictionisque
2891 2591 3007 2657 ejus
3039 2595 3301 2653 venirent,
3350 2601 3408 2647 et

1880 2687 2096 2745 possent
2135 2693 2254 2730 eum
2289 2677 2430 2730 domi
2466 2676 2603 2744 apud
2658 2693 2714 2730 se
2742 2679 3002 2744 excipere,
3035 2688 3086 2732 et
3116 2681 3406 2735 occultare.

1880 2763 1982 2816 Sed
2010 2765 2053 2816 is
2079 2780 2144 2816 ne
2171 2775 2221 2817 et
2252 2765 2371 2816 aliis
2401 2765 2691 2832 periculum
2725 2773 2947 2828 crearet,
2977 2768 3029 2818 in
3059 2767 3268 2820 deserta
3291 2768 3407 2822 loca

1880 2851 2134 2921 fugiebat,
2161 2862 2212 2907 et
2239 2853 2294 2906 in
2329 2855 2594 2922 specubus
2641 2855 2881 2908 habitare
2909 2857 3214 2924 cooptabat.
3247 2857 3408 2911 Vide-

1877 2951 2072 3010 turque
2126 2944 2256 2996 mihi
2314 2945 2620 2997 memoriam
2691 2945 2807 3010 ejus
2868 2945 3121 2998 refricare
3187 2954 3406 3001 sanctus

1881 3031 2167 3099 Apostolus
2212 3031 2296 3085 his
2326 3032 2536 3084 verbis:
2576 3031 2639 3083 In
2673 3032 3033 3084 solitudinibus
3063 3045 3312 3096 errantes,
3355 3043 3405 3086 et

160 3139 266 3190 sui
303 3141 490 3194 αὑτοῦ
530 3117 656 3208 ⁷τὴν
713 3117 931 3208 μνήμην
985 3134 1305 3188 αἰνίττεσθαι
1356 3135 1522 3202 λέγων
1575 3138 1603 3188 ὁ
1637 3138 1766 3206 ἱερὸς

1876 3117 2168 3180 montibus,
2225 3129 2273 3171 et
2327 3119 2602 3184 speluncis,
2628 3127 2675 3170 et
2739 3118 3081 3185 foraminibus
3151 3132 3299 3174 terra:
3335 3122 3400 3176 ".

173 3225 566 3292 ’Δπόστολοςο
612 3231 723 3280 Ἐν
766 3226 1028 3293 ἐρημίαις
1059 3222 1426 3291 πλανώμενοι
1475 3225 1568 3276 καὶ
1616 3225 1775 3291 ὄρεσι

151 3318 260 3370 καὶ
290 3321 669 3387 σπηλαίοις
708 3316 806 3368 καὶ
849 3314 974 3378 ταῖς
996 3313 1165 3376 ὀπαῖς
1190 3311 1294 3377 τῆς
1325 3312 1452 3379 γῆς.
1496 3313 1696 3384 Ὠσπερ
1720 3314 1774 3366 δέ

145 3406 177 3458 ὁ
202 3408 711 3478 προτεταγμένος
737 3403 832 3455 τοῦ
859 3402 1140 3472 παρόντος,
1164 3400 1371 3469 ψαλμὸς
1385 3402 1482 3453 οὐκ
1520 3397 1607 3471 ἦν,
1645 3402 1775 3454 ἀλλά

139 3499 650 3569 maiorm-(pia,
669 3496 807 3564 ὅπερ
829 3494 1160 3563 ἡρμήνευσεν
1179 3493 1205 3541 ὁ
1239 3491 1481 3554 Ἀκύλας,
1502 3492 1774 3545 ταπεινοῦ

139 3589 458 3642 τελείου·
504 3590 535 3640 ὁ
561 3587 625 3639 δὲ
664 3584 978 3652 Σύμμαχος,
1024 3579 1126 3632 τοῦ
1183 3581 1638 3647 ταπεινόφρονος
1678 3581 1772 3634 καὶ

136 3672 465 3745 ἀμώὲμου·
525 3674 712 3733 οὕτως
746 3673 840 3724 καὶ
869 3673 898 3722 ὁ
931 3669 1114 3741 παρὼν
1177 3670 1348 3735 λόγος,
1378 3671 1474 3738 τὴν
1507 3671 1585 3732 είς
1611 3671 1772 3740 ἄκρον

145 3767 515 3836 πραότητος
551 3765 652 3817 καί
681 3760 1022 3826 ἀνεξικακίας
1051 3758 1142 3811 τοῦ
1163 3757 1319 3810 Δαυῒδ
1350 3758 1562 3827 ἀρετὴν,
1587 3775 1771 3811 ταπει-

149 3853 254 3908 vi;
311 3856 567 3917 τελείου,
605 3850 1022 3918 ταπεινόφρονος
1058 3849 1150 3900 καὶ
1181 3847 1426 3917 ἀμώμου·
1450 3843 1544 3898 εἷθ’
1590 3847 1771 3918 ὥσπερ

166 3946 429 3999 αἰωνίου
471 3947 699 4015 μνήμης
751 3942 850 4009 τὴν
879 3937 1366 4008 ταπεινοφροσύνην
1407 3938 1557 4002 ἀξίαν
1594 3938 1773 3990 ἀνατί-

179 4034 330 4104 θησι
375 4029 768 4102 στηλογραφία.
804 4028 923 4080 Ἐπὶ
943 4027 1110 4097 ταύτῃ
1142 4027 1197 4078 δὲ
1225 4030 1288 4096 τῇ
1323 4028 1484 4096 ἀρετῇ
1508 4026 1601 4079 καὶ
1615 4029 1771 4079 Μωῦ-

202 4123 306 4190 σῆς
330 4123 722 4192 ἐμαρτυρεῖτο,
760 4117 852 4170 καὶ
882 4118 910 4168 ὁ
935 4115 1123 4185 Σωτὴρ
1151 4115 1205 4166 δὲ
1240 4115 1332 4167 καὶ
1365 4115 1559 4185 Κύριος
1617 4115 1769 4185 ήμῶν

212 4211 314 4262 ἐπὶ
340 4211 535 4281 ταύτην
561 4205 861 4277 παρεκάλει
897 4204 1088 4271 λέγων’
1121 4203 1343 4258 Μάθετε
1369 4204 1468 4256 ἀπ’
1499 4204 1660 4271 ἐμοῦ,
1683 4204 1770 4256 ὅτι

227 4296 411 4363 πρᾶός
467 4303 579 4366 εἰμι
636 4296 736 4350 καὶ
800 4292 1078 4357 ταπεινὸς
1127 4291 1202 4360 τῇ
1241 4291 1470 4358 καρδίᾳ.
1516 4293 1664 4343 Ἐπεὶ
1713 4293 1768 4344 δὲ

227 4386 395 4438 ἐδεῖτο
414 4387 727 4458 παραμονῆς
751 4386 844 4438 καὶ
897 4383 995 4452 τῆς
1020 4381 1110 4434 ἐπὶ
1159 4383 1412 4451 μήκιστον
1442 4383 1677 4451 φυλακῆς
1734 4384 1767 4452 ἡ

1876 3207 2329 3274 Quemadmodum
2359 3223 2484 3260 vero
2511 3208 2599 3274 qui
2629 3207 2769 3260 hunc
2799 3209 3066 3274 praecedit,
3111 3226 3216 3263 non
3261 3217 3402 3280 psal-

1875 3312 1994 3349 mus
2032 3303 2165 3359 erat,
2198 3295 2288 3348 sed
2320 3296 2459 3346 tituli
2503 3296 2787 3362 inscriptio,
2825 3297 2964 3363 quod
3017 3297 3204 3365 Aquila
3237 3303 3402 3356 inter-

1873 3393 2129 3453 pretatur,
2160 3384 2366 3435 humilis
2393 3384 2642 3450 perfecti;
2673 3384 3023 3452 Symmachus
3051 3403 3192 3449 vero,
3226 3389 3401 3444 humi-

1871 3474 1936 3526 lis
1966 3483 2013 3524 et
2058 3472 2348 3539 inculpati;
2401 3473 2471 3524 ita
2507 3472 2592 3524 hic
2625 3487 2819 3534 sermo,
2869 3489 3128 3527 summam
3183 3476 3397 3534 Davidis

1871 3562 2296 3615 mansuetudinis
2318 3568 2368 3614 et
2394 3561 2687 3614 tolerantia
2722 3561 2968 3616 virtutem
3004 3564 3265 3628 indicans,
3298 3567 3398 3619 hu—

1871 3652 2010 3706 milis
2048 3647 2269 3719 perfecti
2319 3657 2420 3712 est,
2474 3660 2526 3704 et
2559 3652 2773 3705 humilis
2804 3658 2857 3705 et
2903 3654 3230 3707 innnaculau'
3265 3670 3279 3717 ;
3333 3670 3397 3709 ac

1871 3741 2107 3808 insuper,
2135 3739 2288 3809 quasi
2309 3749 2506 3792 aeterna
2533 3740 2782 3795 memoria
2809 3739 3020 3807 dignam
3047 3741 3395 3797 humilitatem

1868 3830 2082 3883 exhibet
2110 3830 2250 3882 tituli
2279 3830 2578 3897 inscriptio.
2608 3827 2715 3881 Hac
2741 3829 2861 3882 item
2891 3833 3083 3886 virtute
3115 3833 3394 3898 praeditum

1870 3920 2088 3990 Moysen
2123 3919 2290 3973 fuisse
2330 3919 2638 3972 testimonio
2677 3919 2868 3981 fertur,
2902 3918 2966 3970 ad
3000 3935 3220 3986 eamque
3269 3921 3394 3975 hor-

1868 4011 2078 4063 tabatur
2127 4009 2370 4063 Salvator
2416 4019 2468 4064 et
2517 4007 2771 4062 Dominus
2816 4015 2998 4060 noster
3039 4008 3120 4061 his
3171 4011 3385 4064 verbis:

1868 4099 2063 4152 Discite
2109 4117 2140 4152 a
2190 4116 2268 4153 me
2315 4100 2437 4168 quia
2475 4099 2612 4151 mitis
2666 4113 2777 4149 sum
2824 4105 2870 4149 et
2905 4096 3112 4148 humilis
3148 4098 3300 4150 corde
3322 4099 3386 4151 ⁸¹.

1867 4189 2002 4256 Quia
2029 4204 2158 4244 vero
2204 4189 2594 4258 perseverantia
2625 4196 2678 4241 et
2720 4186 2968 4238 diuturna
2999 4188 3242 4238 custodia
3275 4187 3389 4242 haec

1867 4281 2038 4334 virtus
2054 4293 2188 4348 opus
2218 4278 2445 4331 habebat
2464 4278 2606 4345 (nam
2630 4275 2717 4344 qui
2742 4274 3130 4343 perseveraverit
3158 4289 3314 4342 usque
3334 4275 3388 4328 in

1867 4369 2039 4438 ﬁnem,
2073 4369 2153 4420 hic
2180 4367 2353 4420 salvus
2399 4367 2495 4418 erit
2513 4365 2608 4433 ³³),
2644 4364 2763 4416 ideo
2805 4363 3116 4430 inscriptum
3146 4372 3268 4416 est:
3322 4361 3387 4416 In

233 4475 442 4545 τοιαύτη
463 4451 625 4548 άρετὴ
658 4451 715 4540 (ὅ
757 4473 867 4545 γὰρ
889 4451 1213 4538 ὑπομείνας
1241 4473 1327 4534 εις
1351 4469 1552 4534 τέλος,
1596 4466 1765 4535 οὗτος

1876 4459 2041 4522 ﬁnem,
2070 4473 2130 4509 ne
2168 4454 2456 4523 disperdas.
2490 4452 2636 4505 Multi
2687 4465 2914 4519 namque
2941 4466 2998 4504 re
3033 4451 3165 4504 bene
3211 4461 3386 4518 coepta

233 4564 546 4626 σωθήσεται
565 4565 604 4634 ο)
635 4563 725 4616 διὰ
748 4562 906 4614 τοῦτο
929 4559 1343 4628 ἐπιγέγραπται,
1371 4561 1472 4622 Εἰς
1492 4559 1552 4611 τὸ
1574 4557 1761 4624 τέλος,

235 4646 314 4712 μὴ
357 4649 695 4721 διαφθείρῃς.
745 4650 941 4702 Πολλοὶ
996 4647 1123 4716 γὰρ,
1167 4646 1342 4708 καλῶς
1367 4647 1671 4717 ἀρξάμενοι,
1703 4649 1761 4700 οὐ

235 4729 494 4799 διήρκεσαν
519 4741 598 4802 εἰς
626 4737 802 4799 τέλος.
846 4734 1008 4786 Ἀλλὰ
1034 4733 1092 4786 τὸ
1143 4733 1361 4803 Πνεῦμα
1383 4733 1441 4786 τὸ
1477 4736 1645 4802 ἅγιον,
1670 4735 1761 4788 τοῦ

236 4811 378 4872 Δαυῖδ
401 4829 487 4896 τὴν
520 4828 698 4896 φυγὴν
732 4825 829 4877 καὶ
855 4822 959 4891 τὴν
984 4824 1041 4873 ἐν
1064 4821 1311 4891 ἐρημίαις
1341 4822 1631 4892 διατριϐὴν,
1663 4825 1761 4892 τήν

227 4914 276 4949 τε
297 4903 350 4949 έν
370 4916 652 4986 σπηλαίοις
706 4907 1195 4980 καρτερικωτάτην
1218 4909 1422 4975 οἴκησιν
1443 4909 1767 4978 ἀποδεχόμε-

212 4995 303 5076 νῗνν
331 5003 487 5076 φησιν
529 5000 707 5068 αὐτῷ,
774 4999 890 5059 Είς
924 4993 992 5046 τὸ
1057 4995 1244 5058 τέλος,
1285 4994 1366 5061 μὴ
1405 4994 1760 5062 διαφθείρῃς.

189 5063 302 5150 #75
412 5093 482 5147 δι’
497 5090 632 5145 ὅλου
652 5063 954 5140 τοιοῦτος,
984 5079 1059 5140 ὡς
1081 5079 1143 5131 ἂν
1174 5079 1349 5147 τύχοις
1371 5080 1763 5150 στηλογραφίας

163 5145 504 5257 τέέμνῆἓὶης
531 5172 807 5230 αξωνίου.
852 5167 915 5218 Ὀ
947 5166 1006 5218 δέ
1037 5169 1127 5219 ἐπὶ
1165 5145 1383 5228 τούτοις,
1406 5145 1468 5218 ού
1490 5145 1624 5221 κατά
1646 5145 1761 5222 Κυ-

149 5234 323 5334 εζξούῗ
497 5267 614 5334 τὴν
656 5255 882 5322 σοφίαν
923 5255 1023 5306 τοῦ
1079 5257 1262 5317 αἰῶνος
1289 5255 1470 5307 τούτου
1507 5274 1761 5328 μετερχο-

342 5321 728 5428 μενος
751 5321 924 5408 (εἰς),
955 5342 1076 5393 οὐδέ
1108 5343 1242 5413 μέγα
1267 5341 1467 5410 φρονῶν
1495 5321 1580 5394 καὶ
1600 5321 1759 5413 βρἔν-

276 5387 313 5414 Ψ
342 5387 724 5428 τυφυυιδυνννν
764 5387 924 5408 ""l’
961 5387 1076 5393 ""
1108 5387 1242 5413 δ”-ι’*
1272 5387 1459 5410 τΓ-’νν-
1496 5387 1580 5394 -τν-
1600 5387 1723 5413 rr-v

159 5409 381 5516 Ny);
405 5446 514 5500 ἐπὶ
541 5441 622 5506 τῇ
662 5429 778 5485 τοῦ
818 5428 952 5495 βίου
984 5433 1258 5503 καρτερίᾳ,
1281 5431 1384 5482 οὐδ’
1413 5431 1490 5482 ὅτι
1541 5433 1758 5498 πλείους

1865 4563 1972 4603 non
2016 4553 2426 4617 perseverantur
2475 4557 2644 4610 usque
2695 4540 2748 4592 in
2784 4541 2980 4601 tinem;
3031 4539 3123 4592 sed
3156 4537 3387 4607 Spiritus

1866 4649 2081 4693 sanctus
2108 4635 2321 4688 Davidis
2347 4634 2544 4702 fugam,
2567 4642 2740 4681 moras
2769 4627 2822 4680 in
2850 4627 3094 4690 desertis,
3127 4629 3385 4681 diutinam

1865 4727 2005 4782 illam
2037 4733 2091 4778 et
2123 4732 2454 4778 constantem
2486 4722 2860 4774 habitationem
2896 4717 2946 4767 in
2981 4716 3254 4783 Spelunris
3291 4729 3386 4784 ap-

1863 4814 2116 4883 probans,
2169 4814 2242 4866 ait
2285 4811 2388 4864 illi:
2424 4808 2488 4861 In
2531 4809 2703 4876 ﬁnem,
2751 4822 2812 4858 ne
2853 4804 3140 4864 disperdas,
3177 4817 3385 4870 semper

1865 4906 1988 4962 talis
2016 4919 2251 4967 maneas,
2284 4910 2341 4954 ut
2380 4901 2517 4954 tituli
2558 4897 2955 4964 inscriptionem
2987 4899 3038 4944 et
3070 4892 3384 4945 memoriam

1862 4999 2109 5046 aeternam
2137 4991 2396 5044 obtineas.
2428 4988 2527 5052 Qui
2558 4995 2730 5038 autem
2777 4984 2829 5035 in
2862 4984 2944 5033 his
2981 4985 3226 5031 versatur
3277 4995 3385 5034 non

1865 5081 2182 5152 Cynicorum
2215 5093 2380 5140 more,
2413 5077 2502 5148 qui
2530 5073 2840 5143 sapientiam
2868 5067 3027 5132 hujus
3057 5067 3238 5118 surculi
3271 5083 3388 5134 pro-

1867 5171 2103 5230 ﬁtentur,
2164 5173 2370 5220 tumore
2421 5165 2631 5228 elatus;
2684 5173 2857 5226 neque
2905 5155 3067 5206 altum
3125 5155 3385 5221 sapiens,

1863 5257 2285 5326 superbiensque
2307 5255 2370 5307 de
2388 5253 2664 5306 tolerantia
2694 5249 2846 5310 vitae;
2870 5257 3041 5309 neque
3067 5241 3137 5293 oh
3197 5251 3387 5296 astan-

1863 5356 1968 5401 tem
1998 5355 2314 5400 sectatorum
2344 5352 2396 5397 et
2423 5341 2802 5408 discipulorum
2830 5329 3057 5385 instituti
3092 5328 3180 5381 sui
3209 5330 3392 5382 multi-

1868 5439 2102 5493 tudinem
2135 5435 2364 5500 inliatus,
2398 5446 2566 5500 neque
2595 5430 2661 5483 iis
2685 5439 2783 5480 ceu
2812 5417 3130 5477 satellitibus
3156 5422 3215 5470 et
3238 5432 3390 5471 com-

57 5530 158 5660 "1;
191 5652 216 5662 _
253 5597 420 5662 Ῥείη,
460 5599 637 5662 CXEL.
663 5578 729 5630 5.
829 5574 882 5604 ³³
930 5574 1070 5632 ibtd.
1106 5581 1156 5633 8.
1227 5580 1266 5612 ¹⁹
1307 5577 1483 5635 Matth.
1515 5581 1665 5637 1.27..
1758 5587 1766 5617 ι

1876 5581 2020 5644 Ξςειὶ.
2049 5602 2172 5649 vni,
2211 5587 2290 5638 1'5.
2367 5583 2403 5613 "
2447 5579 2606 5635 Hebr.
2647 5574 2829 5644 x5158.
2903 5570 2948 5602 “
2984 5566 3276 5630 “alth.xt,
3303 5564 3396 5622 9.9.

425 5677 460 5714 χ
485 5693 502 5718 ,
546 5649 655 5702 22.
