3812 6360
707 360 807 415 8H

777 472 943 529 Vens.
979 474 1031 539 6,
1058 474 1106 527 7.
1145 471 1394 525 Exaltare
1431 484 1584 537 super
1609 468 1782 531 oculos,
1815 468 1974 532 Deus,
2004 477 2051 522 et
2080 485 2232 538 super
2260 482 2305 534 Α

706 579 910 619 omnem
937 573 1142 624 terram,
1174 561 1343 630 gloria
1386 570 1494 622 tua,
1524 567 1579 613 et
1616 565 1826 612 caetera.
1877 558 2095 613 Missum
2127 560 2229 614 sibi

710 654 778 707 ab
809 652 1081 706 Altissimo
1117 650 1412 718 adjutorem
1441 655 1495 702 et
1525 647 1882 712 Servatorem,
1918 654 2102 716 utpote
2139 650 2230 718 qui

709 759 768 799 se
805 742 1160 794 humiliaverit
1189 755 1281 807 per
1312 754 1469 793 suum
1499 739 1561 792 ad
1604 738 1849 792 homines
1891 737 2229 803 descensum,

706 839 762 885 et
812 829 1041 882 animam
1093 843 1244 882 suam
1290 828 1546 897 eripuerit
1592 828 1659 882 de
1711 825 1886 880 medio
1934 828 2231 880 catulorum

706 922 944 981 leonum,
978 920 1061 974 his
1098 920 1275 974 verbis
1306 918 1569 989 Propheta
1618 919 1900 987 compellat
1929 938 1941 972 :
1973 919 2233 985 Quoniam

705 1024 769 1064 ex
800 1011 1011 1079 propria
1054 1010 1418 1078 magnitudine
1463 1009 1813 1072 descendens,
1850 1016 2005 1078 teque
2057 1010 2231 1079 ipsum

706 1115 925 1168 parvum
973 1098 1225 1161 etliciens,
1275 1099 1589 1154 humilitatis
1644 1115 1773 1153 mea:
1811 1114 1994 1153 curam
2051 1115 2236 1154 susce-

706 1188 855 1254 pisti,
882 1196 936 1242 et
966 1188 1210 1257 eripuisti
1243 1188 1475 1240 animam
1521 1203 1690 1241 meam
1742 1189 1808 1244 de
1838 1190 2010 1244 medio
2040 1190 2233 1258 praedi-

704 1285 937 1341 ctorum,
991 1279 1226 1332 exaltare
1272 1276 1507 1342 demum,
1563 1280 1834 1347 proprium
1870 1279 2118 1332 thronum
2170 1294 2233 1334 ac

703 1367 800 1419 tibi
845 1376 1154 1435 competens
1208 1381 1429 1435 regnum
1487 1369 1745 1421 caelorum
1802 1379 2000 1440 repete.
2052 1370 2233 1442 Neque

705 1456 845 1510 enim
893 1464 1031 1509 terra
1068 1456 1236 1525 gloria
1291 1464 1378 1509 tua
1413 1457 1729 1525 privabitur,
1758 1459 1968 1515 etiamsi
2015 1462 2069 1516 in
2098 1464 2232 1518 caelo

705 1544 886 1612 degas.
919 1542 1373 1607 Quemadmodum
1401 1545 1544 1598 enim
1599 1547 1678 1599 sol
1710 1549 1982 1616 proprium
2013 1565 2232 1606 cursum

704 1634 1018 1697 conﬁciens,
1049 1648 1143 1688 eos
1170 1636 1261 1703 qui
1296 1634 1351 1687 in
1395 1642 1538 1688 terra
1564 1646 1849 1691 versantur
1882 1641 2089 1710 fulgore
2135 1656 2233 1697 suo

705 1743 812 1781 non
841 1727 1070 1790 fraudat,
1103 1727 1288 1781 eodem
1332 1727 1491 1781 modo
1533 1735 1587 1781 et
1622 1737 1698 1791 tu,
1739 1729 1979 1795 Domine,
2024 1733 2233 1787 etiamsi

704 1818 775 1871 ob
804 1831 1046 1884 magnam
1078 1816 1342 1869 mittentis
1372 1822 1427 1869 te
1468 1814 1644 1870 Patris
1694 1810 1820 1886 erga
1850 1817 2094 1873 homines
2123 1820 2234 1873 cle-

703 1905 978 1967 mentiam,
999 1919 1169 1973 usque
1192 1905 1257 1958 ad
1281 1906 1596 1973 parvitatem
1620 1920 1790 1959 meam
1815 1913 1867 1960 te
1893 1908 2232 1975 extenderis;

705 2005 760 2048 at
786 1996 1021 2049 exaltare
1042 1995 1254 2047 demum
1281 2009 1442 2062 super
1471 1994 1658 2057 caelos,
1690 2002 1742 2048 et
1770 1995 1823 2047 in
1852 1996 1973 2048 sinu
1995 1998 2237 2052 Paterna

706 2083 924 2137 deitatis
956 2083 1219 2144 residens,
1254 2098 1467 2136 omnem
1501 2091 1696 2136 terram
1743 2083 1912 2152 gloria
1946 2092 2035 2137 tua
2068 2086 2232 2154 reple.

705 2173 827 2226 llaec
869 2186 1028 2241 porro
1072 2171 1194 2240 jure
1233 2169 1468 2240 profero,
1525 2170 1579 2223 in
1631 2178 1745 2224 tuto
1796 2181 1985 2225 contra
2037 2174 2235 2226 malum

703 2263 979 2333 quodlibet
1002 2262 1230 2330 positus,
1258 2270 1312 2315 et
1340 2275 1369 2313 a
1399 2260 1667 2331 praedictis
1687 2263 1878 2317 catulis
1910 2270 1963 2317 et
1992 2262 2234 2319 leonibus

701 2359 797 2406 tua
834 2350 1145 2419 visitatione
1172 2357 1409 2418 ereptus,
1440 2351 1532 2419 qui
1566 2350 1773 2419 laqueos
1809 2361 2119 2418 paraverunt
2147 2368 2235 2420 pe-

702 2440 852 2493 dibus
885 2440 1031 2500 meis,
1062 2446 1135 2503 et,
1164 2444 1424 2507 quantum
1456 2439 1508 2491 in
1526 2438 1666 2507 ipsis
1686 2447 1821 2500 erat,
1844 2441 2233 2494 incurvaverunt

705 2532 931 2584 animam
984 2544 1194 2589 meam;
1249 2528 1341 2583 sed
1388 2528 1548 2582 etiam
1597 2528 1835 2596 [oderunt
1886 2539 2005 2583 ante
2049 2530 2234 2598 faciem

703 2635 870 2673 meam
908 2619 1125 2688 foveam.
1161 2616 1266 2671 Sed
1295 2618 1405 2670 haec
1430 2618 1483 2670 in
1508 2632 1657 2671 suam
1689 2619 2002 2686 perniciem,
2034 2634 2140 2671 non
2180 2619 2233 2671 in

702 2726 897 2771 meam.
928 2719 1018 2764 tua
1048 2709 1400 2779 protectione,
1454 2706 1821 2776 designarunt.
1870 2706 1976 2776 Ipsi
2003 2722 2233 2776 namque

704 2803 759 2856 in
789 2801 927 2854 hanc
952 2800 1157 2853 foveam
1187 2813 1336 2853 suam
1365 2797 1522 2867 primi
1546 2796 1875 2851 ceciderunt.
1899 2798 2234 2866 Quapropter

702 2892 827 2960 quia
860 2898 915 2944 tu
945 2906 973 2943 a
1000 2889 1157 2945 Patre
1188 2889 1386 2942 missus
1435 2889 1561 2941 talia
1591 2887 1824 2952 edidisti,
1871 2888 2105 2941 exaltare
2136 2886 2230 2939 de-

702 2996 870 3041 mum,
904 2995 967 3034 ac
990 2980 1235 3034 cmlestes
1260 2979 1379 3032 illas
1410 2979 1736 3043 mansiones,
1771 2984 1830 3030 ut
1859 2976 1955 3031 tibi
1989 2976 2231 3045 proprias

702 3078 756 3126 et
782 3070 965 3125 deitati
993 3079 1095 3124 tua:
1118 3077 1402 3124 consuetas
1432 3067 1627 3136 recipe.

774 3376 1100 3432 “2115.841.
1127 3375 1376 3429 Paratum
1398 3392 1487 3430 cor
1503 3389 1689 3435 meum,
1709 3371 1867 3436 Deus,
1885 3382 2124 3440 paratum
2141 3389 2229 3426 cor

701 3482 891 3531 meum,
915 3468 1131 3519 cantabo
1168 3476 1216 3519 et
1243 3466 1501 3534 psalmum
1530 3464 1723 3526 dicam,
1756 3470 1860 3517 etc.
1894 3461 2136 3516 Salvator
2173 3463 2228 3514 in

702 3569 801 3608 sua
834 3553 899 3605 ad
933 3554 1224 3620 discipulos
1248 3553 1490 3606 doctrina
1536 3553 1648 3605 haec
1694 3552 1760 3605 de
1801 3550 2001 3620 Spiritu
2042 3559 2228 3606 sancto

701 3642 871 3694 dixit:
900 3639 957 3693 Si
986 3639 1203 3707 diligitis
1241 3655 1317 3690 me
1337 3677 1350 3699 ,
1378 3640 1627 3691 mandata
1663 3656 1775 3691 mea
1810 3649 2025 3706 servate,
2055 3650 2103 3693 et
2138 3658 2228 3710 ego

702 3727 893 3798 rogabo
931 3726 1162 3789 Patrem,
1210 3735 1257 3779 et
1298 3727 1458 3779 alium
1494 3727 1824 3780 Paracletum
1863 3728 2008 3781 dabit
2066 3729 2226 3792 vobis,

703 3828 762 3872 ut
798 3820 865 3871 sit
904 3818 1163 3872 vobiscum
1190 3819 1243 3870 in
1274 3826 1554 3874 veternum.
1595 3816 1848 3883 Spiritum
1887 3820 2178 3872 veritatis"
2212 3840 2225 3876 :

700 3916 756 3963 et
785 3924 1035 3963 rursum:
1078 3908 1200 3963 Haec
1246 3908 1447 3961 locutus
1485 3923 1598 3961 sum
1632 3906 1771 3960 vobis
1816 3908 1953 3974 apud
1996 3925 2081 3965 nos
2124 3926 2231 3962 ma-

702 4014 869 4062 nens,
911 3997 1213 4051 Paracletus
1252 4008 1459 4061 autem,
1516 3996 1742 4064 Spiritus
1814 4006 2024 4051 sanctus
2082 4016 2229 4069 quem

698 4088 865 4141 mittet
906 4087 1066 4141 Pater
1092 4089 1147 4141 in
1176 4089 1379 4141 nomine
1406 4103 1535 4147 meo,
1565 4085 1657 4139 ille
1684 4103 1770 4141 vos
1809 4086 2006 4140 docebit
2031 4091 2225 4154 omnia,

697 4187 748 4232 et
770 4187 1001 4248 suggeret
1019 4178 1100 4242 ⁸⁸;
1134 4193 1197 4231 ac
1220 4177 1443 4230 iterum:
1486 4175 1665 4229 Adhuc
1693 4177 1857 4230 multa
1889 4176 2047 4231 habeo
2087 4180 2225 4236 vobis

696 4267 886 4326 dicere.
916 4267 1002 4321 sed
1042 4284 1143 4320 non
1180 4266 1392 4335 potestis
1420 4274 1628 4333 portare
1660 4266 1832 4323 modo.
1885 4265 2015 4322 Cum
2053 4279 2227 4325 autem

697 4358 888 4411 venerit
918 4357 1005 4411 ille
1038 4355 1265 4423 Spiritus
1286 4356 1518 4409 veritatis
1539 4393 1554 4418 ,
1596 4355 1832 4408 narrabit
1864 4356 2002 4411 vobis
2033 4360 2225 4414 verita-

1375 354 1635 412 EUSEBII
1670 353 2131 410 CAESABIENSIS
2167 355 2313 411 OPP.
2351 354 2527 410 PARS
2557 352 2646 410 lll.
2680 385 2745 396 —-
2782 355 3082 413 EXEGETICA.

3443 374 3484 426 ll

2413 469 2690 538 Ὺψώθητι
2714 470 2809 523 ἐπὶ
2860 470 2964 535 τοὺς
3001 471 3482 544 οὐρανοὺς,ὀθεὶς,καὶὲ;

2329 560 2532 615 πᾶσαν
2554 559 2665 625 τὴν
2700 559 2814 627 γῆν
2854 562 2886 627 ἠ
2928 558 3032 620 δόξα
3068 576 3161 624 σου,
3184 565 3246 615 καὶ
3282 566 3326 619 τὰ
3361 570 3482 641 ὲξῆ;.’1

2329 650 2740 716 ὲξαποσταλέντι
2761 651 2858 703 ὑπὸ
2899 650 2965 701 τοῦ
2989 649 3165 718 Ὕψιστον
3192 651 3313 723 milis
3344 659 3479 713 ὶωπδηη

2329 742 2555 810 Σωτῆρι,
2581 740 2655 802 ὡς
2681 740 2744 792 ἂν
2788 740 2945 792 ἑαυτὸν
2969 740 3255 797 ταπεινώσαντα
3282 746 3340 799 διὰ
3355 748 3417 819 τῆς
3435 754 3482 823 μέ)

2329 827 2424 881 ἀνθ
2433 827 2622 897 ρώπων
2655 826 2890 890 καθόδου,
2912 828 3122 900 ῥυσαμένῳ
3158 849 3202 884 τε
3226 833 3294 903 την
3321 836 3434 907 tum:
3454 844 3484 892 al

2330 920 2392 970 ὲκ
2420 918 2580 986 μέσου
2628 916 2890 986 σκύμνων,
2912 917 3125 985 Ῐὲπιφωνετ
3162 920 3284 988 λέγων
3320 926 3340 976 ὁ
3374 927 3485 995 Προφέ

2343 1006 2574 1081 Ἐπειδὴ,
2604 1006 2695 1059 τοῦ
2720 1008 2906 1060 οἰκείου
2926 1008 3478 1078 μεγέθουςύποκαταὸὰς,κακ.ε

2329 1096 2418 1148 τὸν
2447 1096 2763 1166 σμικρύνας,
2813 1097 2901 1165 τῆς
2938 1096 3045 1166 ἐμῆς
3068 1100 3343 1171 ταπεινότητος
3370 1105 3484 1173 ἔφρόνπ

2332 1184 2542 1255 ὲῤῥύσω
2566 1202 2625 1237 τε
2649 1185 2747 1256 τὴν
2766 1184 2927 1254 ψυχήν
2953 1201 3028 1254 μου
3050 1187 3098 1237 ὲκ
3125 1187 3245 1256 μέσον
3270 1189 3347 1242 τῶν
3383 1193 3476 1261 apol

2330 1290 2452 1337 των,
2485 1274 2724 1344 ὑψώθητι
2766 1274 2944 1338 λοιπὸν,
2991 1275 3064 1327 καὶ
3101 1276 3363 1348 ἀπολάμϐανε
3396 1282 3484 1335 τδνι

2331 1361 2512 1432 θρόνον
2541 1364 2633 1416 καὶ
2662 1363 2756 1435 τὴν
2784 1363 3046 1434 πρέπουσάν
3067 1381 3130 1417 σοι
3155 1366 3200 1419 ἐν
3238 1368 3393 1439 οὐρανῷ
3414 1370 3478 1440 βαι

2331 1454 2462 1506 Οὐδὲ
2499 1454 2668 1518 οὓτως
2690 1454 2799 1524 γὰρ
2849 1455 3251 1526 ἀτωστερηθήσεται
3270 1460 3295 1529 ἠ
3316 1460 3369 1528 γῆ
3385 1460 3484 1529 τῆς(

2333 1540 2446 1613 ξης,
2474 1543 2573 1596 κᾶν
2597 1546 2653 1596 ὲν
2686 1543 2891 1614 οὐρανῷ
2907 1544 3145 1616 διατρίϐῃς.
3168 1544 3328 1618 ’Ὠσπερ
3348 1549 3426 1619 γὰρ
3443 1551 3478 1618 ἧῖ

2330 1636 2524 1687 οἰκεῖον
2555 1634 2828 1687 ἀποτελῶν
2877 1634 3058 1703 δρόμον,
3104 1636 3188 1687 οὐκ
3213 1637 3439 1709 ἀποστερεῖ
3461 1657 3482 1691 τ

2332 1725 2434 1794 γῆς
2451 1725 2547 1795 τῆς
2604 1724 2796 1778 ἑαυτοῦ
2830 1725 3136 1794 λαμπηδόνος*
3188 1726 3263 1781 τὸν
3285 1727 3409 1782 αὑτὸν
3430 1747 3476 1800 rp

2318 1815 2418 1876 σὺ,
2436 1808 2479 1866 ὦ
2510 1814 2702 1885 Κύριε,
2736 1817 2783 1866 εἰ
2809 1814 2976 1867 καὶτὰ
3002 1815 3201 1885 μάλιστα
3220 1816 3272 1870 Bt‘
3301 1818 3482 1889 ὒπερὸολ

2334 1902 2573 1974 θρωπίας
2602 1904 2695 1957 τοῦ
2723 1906 3139 1976 καταπέμψαντός
3162 1925 3211 1960 σε
3262 1909 3432 1981 Πατρός
3468 1929 3477 1980 ι

2332 1991 2469 2061 ἐμῆς
2491 1993 2844 2064 σμικρότητος
2896 1994 3183 2066 ἐξητάσθης,
3230 1996 3319 2050 ὸ).λέ
3358 1998 3477 2068 ωρὼῆ

2332 2082 2421 2133 ἐπὶ
2462 2083 2586 2144 τοὺς
2603 2083 2880 2154 οὐρανοὺς,
2920 2085 3005 2137 καὶ
3037 2087 3139 2148 τοῖς
3180 2086 3367 2149 κόλποις
3385 2089 3462 2157 τῆς

2333 2169 2576 2240 θεότητος
2597 2172 2837 2235 ὲνοικῶν,
2875 2173 3068 2243 πλήρου
3117 2175 3207 2245 τῖἠς
3230 2176 3397 2229 causa?)
3435 2177 3482 2230 οι

2329 2259 2426 2330 τὴν
2450 2262 2569 2330 γῆν.
2593 2262 2747 2329 Λέγω
2775 2262 2834 2314 δὲ
2861 2264 3023 2317 ταῦτα
3054 2266 3273 2329 εἰκότως,
3300 2268 3350 2318 ὲν
3378 2268 3480 2337 ἀμεμ

2330 2350 2418 2413 τὸς
2440 2350 2604 2403 κακοῦ
2645 2350 2905 2419 γεγονὼς,
2924 2354 3018 2406 καλ.
3049 2354 3152 2407 τῶν
3189 2355 3474 2427 πφλειῆεντ

2334 2441 2425 2493 καὶ
2442 2439 2664 2493 λεόντων
2687 2440 2775 2493 διὰ
2804 2441 2907 2511 τῆς
2932 2445 3028 2514 σῆς
3079 2446 3361 2516 ἐπισκοπῆς
3400 2451 3480 2518 {luo

2333 2526 2578 2596 παγίδας
2615 2529 2950 2597 ἡτοίμασαν
2979 2532 3101 2598 τοῖς
3153 2536 3289 2589 stout
3319 2553 3443 2605 μου,

2331 2620 2414 2671 ἐπ’
2439 2620 2633 2681 αὐτοῖς,
2658 2621 3052 2690 κατέκαμψαν
3083 2625 3195 2693 τὴν
3230 2626 3428 2694 ψυχήν
3449 2646 3480 2695 μ

2315 2708 2561 2776 ὤρυξαν
2588 2711 2699 2778 πρὸ
2731 2713 3065 2779 προσώπου
3098 2735 3208 2785 μου
3231 2718 3472 2786 βόθρον-ἐ

2330 2799 2553 2862 ἑαυτῶν,
2580 2800 2690 2853 ἀλλ’
2709 2803 2770 2853 οὐ
2804 2805 2932 2855 κατ’
2950 2807 3090 2875 ἐμοῦ
3120 2807 3209 2860 διὰ
3244 2811 3345 2880 τὴν
3366 2811 3457 2879 σὴν

2330 2904 2505 2940 σαντο.
2545 2889 2829 2956 Ἐφθαο-αν
2853 2893 2969 2965 γὰρ
3016 2898 3179 2950 αὑτῶ.
3202 2900 3401 2969 μᾶλλον
3432 2903 3476 2952 εὶ

2328 2981 2719 3045 καταπεσόντες
2751 2983 2978 3055 βόθρον.
3031 2990 3242 3062 Διόπερ
3266 2994 3455 3061 ἐπειδὴ

2263 1787 2305 1841 Β

2254 3091 2300 3146 c
2331 3071 2393 3123 σὺ
2425 3073 2454 3124 ὁ
2481 3071 2897 3143 ἀπεσταλμένος
2919 3077 3035 3130 ὑπὸ
3059 3080 3163 3133 ιτοῇ
3185 3082 3435 3153 “mpm,
3457 3084 3478 3134 ἦ

2326 3161 2420 3213 καὶ
2451 3161 2804 3231 ἀπολάμϐανε
2831 3166 2946 3229 τὰς
2968 3170 3302 3240 οὓρανίους,
3329 3174 3410 3234 ὡς
3441 3176 3485 3227 oi

2326 3251 2473 3322 ήθεις
2498 3254 2560 3322 τῇ
2592 3256 2655 3323 σῇ
2693 3253 2929 3327 θεότητι
2958 3259 3294 3333 διατριϐάς.

2407 3359 2630 3429 Ἑτοίμη
2669 3364 2706 3430 ἡ
2750 3368 2997 3434 καρδία
3028 3388 3188 3439 μου,
3240 3376 3277 3426 ὁ
3312 3375 3470 3439 Θεὸς

2326 3451 2422 3504 δία
2437 3468 2574 3519 μου,
2602 3450 2841 3520 ᾄσομαι
2867 3458 2988 3510 καὶ
3028 3460 3267 3529 ψαλῶ,
3294 3464 3405 3517 καλ.
3442 3482 3477 3517 τ

2327 3543 2383 3595 ὲν
2401 3544 2516 3604 ταῖς
2539 3541 2672 3612 πρὸς
2698 3546 2848 3609 τοὺς
2900 3549 3196 3622 μαθητὰς
3260 3554 3492 3609 διδασκτ

2326 3626 2436 3691 κὼς
2468 3630 2704 3698 περὶτοῦ
2743 3632 2936 3701 ἁγίου
2964 3638 3141 3692 ΙΙνεὺ
3150 3658 3368 3712 ματος
3420 3644 3488 3696 Ἒ

2326 3717 2430 3782 τὰς
2458 3718 2706 3784 ἐντολὰς
2740 3722 2875 3789 τὰς
2910 3726 3093 3793 ἐμὰς
3116 3732 3496 3798 τηρήσατε·

2325 3807 2430 3891 τὸν
2452 3808 2699 3876 Πατέρα,
2755 3815 2881 3868 καὶ
2935 3817 3178 3874 ἄλλον
3219 3823 3489 3892 nuptiae;

2326 3898 2424 3949 ἵνα
2448 3893 2488 3967 ᾖ
2514 3899 2641 3966 μεθ’
2680 3901 2892 3969 ὑμῶν
2918 3910 3034 3973 εὶς
3102 3911 3241 3963 τὸν
3282 3915 3500 3968 αὶῶνο

2325 3987 2622 4054 ἀληθείας·
2670 3993 2787 4044 καὶ
2829 3995 3065 4050 πάλιν
3145 4003 3395 4057 Ταῦτα
3425 4008 3496 4058 ξιξ

2324 4076 2465 4143 ὑμῖν
2506 4077 2735 4145 μένων-⁸
2814 4086 2858 4136 ὀ
2925 4085 3018 4139 δὲ
3078 4092 3505 4161 Παράκλητ

2325 4173 2490 4242 ἅγιον
2524 4174 2556 4226 ὃ
2577 4174 2843 4245 πέμψει
2884 4185 2927 4236 d
2974 4185 3242 4255 Πατήρ
3290 4207 3437 4259 μου
3480 4192 3506 4244 ὲ

2323 4262 2546 4329 ἐκεῖνος
2575 4265 2760 4332 ὑμᾶς
2794 4269 3116 4339 διδάξει
3159 4278 3430 4336 πάντα
3465 4300 3511 4335 κ

2324 4348 2493 4415 αὖθις
2528 4354 2651 4406 Ἔτι
2696 4363 2987 4416 πολλὰ
3023 4364 3193 4437 ἔχω
3267 4369 3514 4440 ,λέγει-ι

699 4456 821 4511 tem,
849 4446 970 4515 quia
1000 4445 1061 4499 de
1099 4463 1209 4499 meo
1256 4446 1490 4513 accipiet,
1534 4452 1583 4498 et
1638 4445 1967 4499 annuntiabit
1999 4449 2137 4503 vobis
2154 4450 2198 4482 "

2013 4449 2137 4503 vobis
2154 4450 2220 4503 ".
2254 4458 2296 4512 D
2323 4448 2506 4498 νασθε
2529 4445 2959 4510 βαστάζειν
3014 4457 3235 4525 ἄρτι.
3291 4464 3518 4517 "Ora:

701 4535 907 4601 Quibus
935 4535 1171 4588 declarat
1202 4534 1403 4602 majora
1437 4533 1527 4587 illa
1560 4550 1656 4589 sua
1687 4550 1826 4599 esse,
1862 4550 2022 4605 quam
2056 4546 2116 4590 ut
2155 4538 2222 4593 ab

698 4622 956 4693 apostolis
999 4629 1347 4691 caperentur:
1385 4619 1501 4674 Non
1534 4622 1675 4675 enim
1715 4624 1973 4692 potestis,
2012 4624 2218 4693 inquit,

696 4722 910 4785 portare
943 4732 956 4768 :
987 4713 1081 4767 sed
1130 4714 1387 4784 Spiritum
1443 4716 1686 4771 veritatis
1731 4732 1797 4770 ex
1850 4731 1908 4772 se
1940 4717 2122 4771 datum
2168 4725 2221 4771 et

697 4801 954 4872 apostolis
999 4801 1067 4855 ab
1103 4817 1161 4855 se
1199 4801 1443 4864 missum,
1489 4803 1933 4857 annuntiaturum
1973 4806 2049 4857 ait
2087 4804 2221 4874 ipsis

696 4905 906 4945 omnem
932 4891 1228 4946 veritatem.
1267 4890 1420 4956 Quod
1456 4893 1503 4947 si
1549 4893 1664 4947 haec
1703 4894 1783 4948 sic
1818 4894 2215 4965 intelligantur,

694 4977 814 5048 iure
844 4979 1030 5039 David,
1070 4989 1351 5049 postquam
1377 4981 1482 5035 Deo
1525 4981 1580 5035 in
1628 4983 1712 5037 sui
1755 4983 2010 5037 auxilium
2052 4984 2220 5037 misso

697 5066 926 5130 dixerat,
960 5067 1208 5122 Exaltare
1245 5084 1395 5135 super
1420 5070 1600 5132 caelos,
1634 5070 1792 5133 Deus,
1823 5080 1872 5124 et
1909 5086 2061 5138 super
2109 5088 2220 5125 om-

696 5172 810 5210 nem
860 5168 1049 5211 terram
1077 5159 1244 5228 gloria
1287 5170 1411 5224 tua;
1441 5168 1593 5229 rogat
1639 5161 1831 5216 exinde
1869 5161 2112 5215 eumdem
2158 5169 2218 5215 ut

696 5246 799 5300 sibi
831 5249 1006 5301 mittat
1023 5247 1276 5316 Spiritum
1304 5249 1660 5311 Paracletum,
1694 5249 2098 5319 propheticum;
2122 5265 2218 5319 pa-

697 5343 871 5391 ratum
902 5352 1021 5391 sese
1044 5338 1227 5394 dicens
1254 5339 1318 5393 ad
1340 5339 1709 5409 excipiendum
1732 5353 1852 5393 eum
1884 5356 1899 5392 :
1932 5344 2212 5407 purgatum

700 5424 901 5480 seilicet
918 5440 1037 5480 esse
1068 5428 1321 5496 templum
1345 5429 1399 5482 in
1426 5445 1484 5484 se
1516 5430 1773 5498 positum,
1799 5434 1853 5481 et
1888 5426 2079 5480 anima:
2104 5444 2215 5483 sua:

698 5511 1122 5577 receptaculum;
1152 5512 1402 5568 nimirum
1436 5516 1607 5584 ipsam
1636 5521 1887 5577 mentem,
1923 5529 2082 5585 quam
2108 5520 2211 5567 tro-

799 5648 1007 5710 "Joan.
1044 5675 1150 5725 xiv,
1183 5662 1365 5717 15-17.
1440 5666 1481 5698 ³⁸
1521 5667 1648 5723 ibid.
1679 5668 1871 5731 25,23.
1946 5660 2163 5741 ἥδισται.
2202 5682 2304 5732 xvi,

1044 5675 1150 5725 xiv,
1183 5662 1365 5717 15-17.
1440 5666 1481 5698 ³⁸
1521 5667 1648 5723 ibid.
1679 5668 1871 5731 25,23.
1946 5668 1987 5741 ’ξ’
2011 5660 2163 5720 Joan.
2202 5682 2309 5732 ινι,
2340 5669 2421 5734 12,
2452 5671 2532 5726 l5.

2325 4534 2723 4626 Hrei'zytttﬁq
2769 4544 3234 4619 ἀληθείας,
3267 4553 3520 4626 διητή

2325 4628 2507 4688 θείαν,
2542 4624 2632 4679 ὅτι
2699 4630 2808 4685 ἐκ
2875 4639 3043 4692 τοῦ
3118 4643 3340 4711 ἐμοῦ
3414 4624 3520 4701 M41

2322 4715 2480 4809 dph:
2514 4718 2608 4809 Διί
2628 4712 2745 4773 ὧν
2795 4728 3259 4805 παρίστησι.
3332 4738 3520 4809 ειεὶζ,

2323 4805 2482 4858 αὐτοῦ
2528 4808 2627 4860 καὶ
2685 4813 2806 4884 μὴ
2907 4825 3194 4893 χωρού
3209 4805 3420 4894 με.νᾷ
3459 4832 3520 4883 fr

2322 4896 2446 4989 free
2476 4897 2792 4989 δύνασθε,
2881 4916 3131 4984 φησὶ,
3228 4917 3520 4989 βας-τάξ

2321 4985 2574 5085 alno-sla;
2596 4990 2693 5085 ’τὸ
2729 4995 2828 5085 ei,
2869 5003 3133 5059 αὐτοῦ
3203 4985 3520 5085 έορηγο

2320 5071 2429 5168 λοις
2550 5078 2798 5168 αὐτοῦ
2842 5105 2952 5142 πε
2968 5096 3144 5162 μπό
3155 5071 3423 5168 μὲνδν.

2320 5156 2415 5253 τὴν
2443 5158 2796 5253 difﬁssus).
2852 5156 3101 5253 Είδὴ
3144 5156 3292 5240 (οὖν
3335 5156 3510 5245 ruﬁ;

2320 5246 2348 5297 ό
2371 5247 2531 5301 Δαυῖδ
2552 5252 2665 5323 τῷ
2715 5246 3351 5349 ἀπεσταλμένῃ)
3399 5280 3497 5335 Θε

2321 5343 2622 5433 προφησας
2636 5386 2659 5410 ,
2719 5349 2742 5368 '
2762 5355 3202 5433 rgo-(bant;
3266 5343 3423 5425 é-Jtl

2319 5428 2415 5534 καὶ
2475 5431 2583 5483 ἐπὶ
2668 5438 3007 5501 πᾶσαν
3090 5428 3279 5526 λτὴν
3328 5462 3474 5534 τῆτ

2319 5517 2444 5588 ἑξῆς
2475 5522 2578 5574 τὸν
2673 5533 2937 5592 aiath
3017 5517 3466 5628 καταπέμῖἓ
