3812 6330
106 427 187 480 8ὶέ
1252 412 1388 469 (ἶΟΜ
1399 413 1742 468 MENTARIA
1781 415 1844 469 IN
1884 415 2212 471 PSALMOS.

3217 427 3318 480 5H

122 536 490 606 ἣαράκλητον,
541 526 609 577 τὸ
666 527 1021 598 προφητικὸν,
1067 527 1276 598 ἕτοιμον
1327 526 1460 582 εἶναι
1508 531 1691 583 ἑαυτὸν

1794 531 1912 598 pice
1948 545 2041 583 cor
2068 530 2344 600 Scriptura
2376 531 2510 586 solet
2532 533 2797 601 appellare
2824 553 2837 588 :
2867 537 3006 605 quod
3035 538 3120 594 bis
3152 542 3320 610 signi.

136 623 328 690 ρὰσκων
366 614 446 674 εἰς
476 613 759 686 ὑποδοχὴν
781 614 962 668 αὑτοῦ·
999 615 1328 685 κεκαθάρθαι
1357 618 1461 688 γὰρ
1484 619 1574 670 τὸν
1631 619 1686 670 ὲν

137 711 261 780 εδδτῷ
280 703 409 763 ναὸν
438 705 539 756 καὶ
593 705 659 757 τὸ
691 707 897 776 δοχεῖον
943 706 1038 776 τῆς
1080 707 1239 758 αὑτοῦ
1270 707 1462 777 ψυχῆς
1492 707 1686 777 δηλαδὴ

149 801 228 868 τὴν
251 795 407 866 αὐτὴν
432 795 702 859 διάνοιαν,
734 799 799 866 ἢν
821 797 1086 866 τροπικῶς
1107 797 1332 867 ’καρδίαν
1373 795 1552 849 εἴωθεν
1577 796 1688 849 ὀνο-

149 887 320 957 μάζειν
368 889 396 938 ὁ
458 885 640 954 λόγος·
686 887 716 938 ὃ
762 887 826 955 δὴ
879 887 1165 956 παρίστησι
1214 885 1400 953 λέγων’
1458 887 1686 953 Ἐτοίμη

154 979 404 1046 ὴκαρδῖα
447 995 594 1044 μου,
633 981 666 1030 ό
707 977 870 1042 Θεὸς,
905 978 1104 1046 ἑτοίμη
1132 979 1168 1043 ἡ
1197 977 1402 1044 καρδία
1441 995 1575 1047 μου.
1624 977 1688 1029 Ἡ

149 1071 235 1138 μὲν
289 1065 374 1122 οὖν
419 1068 529 1137 ἐμὴ
591 1069 793 1137 καρδία
849 1069 940 1120 καὶ
997 1069 1054 1118 τὸ
1102 1068 1428 1137 διανοητικόν
1478 1069 1686 1136 ἕτοιμον

148 1160 399 1226 τυγχάνει,
449 1157 606 1226 φησί.
675 1157 748 1210 Σὺ
799 1157 854 1209 δὲ
899 1157 1076 1208 λοιπὸν
1121 1157 1439 1226 κατάπεμπέ
1488 1175 1578 1209 σου
1631 1157 1688 1208 τὺ

143 1249 368 1316 Πνεῦμα.
431 1247 789 1309 Ἐπιστάντος
833 1248 938 1316 γάρ
971 1247 1129 1300 αὑτοῦ
1184 1247 1272 1299 καὶ
1335 1247 1685 1316 ἑποχουμένου

143 1341 202 1407 τῇ
236 1341 339 1407 ἐμῇ
357 1339 522 1407 ψυχῇ,
559 1338 810 1406 συνήθως
829 1337 1044 1405 ᾄσομαι
1067 1338 1160 1390 καὶ
1187 1337 1377 1404 ψαλῶ,
1409 1339 1502 1406 τὴν
1523 1339 1688 1405 ἐμαυ-

138 1425 226 1478 τοῦ
245 1428 508 1479 διακονίαν
533 1428 630 1478 καὶ
671 1427 969 1496 ὑπηρεσίαν
998 1427 1239 1498 παρέχων
1266 1428 1329 1494 τῇ
1350 1425 1567 1492 δυνάμει
1596 1425 1685 1476 τοῦ

138 1513 462 1584 προφητικοῦ
489 1514 954 1584 Πειρεύματοςλία)¹
985 1515 1132 1567 ταῦτ’
1151 1513 1332 1576 εἰπὼν,
1357 1513 1689 1584 παραχρῆμά

136 1617 193 1654 τε
253 1604 621 1666 εἰσακουσθεὶς
648 1625 650 1628 ν
676 1604 819 1655 κατά
868 1605 959 1666 τὸ,
1014 1606 1139 1656 Ἔτι
1185 1604 1513 1669 λαλοῦντός
1575 1621 1686 1657 σου

134 1691 260 1758 ἑρῶο
313 1694 442 1748 Ἰδοὺ
472 1695 737 1763 πάρειμι,
765 1695 1053 1763 συνήσθετο
1095 1694 1193 1763 τῆς
1231 1693 1321 1744 τοῦ
1346 1695 1494 1760 ἁγίου
1525 1693 1688 1744 Πνεύ-

135 1796 306 1848 ματος
333 1781 650 1852 παρουσίας.
687 1777 801 1832 Εἶθ’
853 1780 1036 1849 ὥσπερ
1077 1781 1166 1831 ἐπὶ
1217 1779 1402 1849 θύραις
1440 1778 1685 1839 ἑστῶτος,

1791 621 1932 686 ﬁcat,
1963 621 2217 675 Paratum
2244 639 2332 676 cor
2355 639 2544 686 meum,
2566 623 2722 687 Deus,
2752 639 2994 692 paratum
3018 645 3106 682 cor
3131 648 3318 687 meum.

1789 711 1895 765 Cor
1957 713 2117 781 igitur
2159 729 2355 778 meum,
2389 728 2452 768 ac
2499 715 2581 767 vis
2632 715 2956 785 intelligendi
2997 731 3177 786 parata
3216 733 3318 777 est.

1790 801 1869 854 Tu
1908 818 2036 856 vero
2087 804 2296 857 tandem
2346 806 2529 858 emitte
2566 803 2823 873 Spiritum
2879 815 3050 860 tuum.
3098 807 3314 865 Astante

1790 892 1986 961 quippe
2019 894 2127 958 illo,
2147 904 2200 947 et
2229 894 2419 948 animae
2449 911 2577 949 mea:
2608 897 2892 958 insidente,
2930 913 3027 965 pro
3061 911 3320 952 consueto

1791 1000 1937 1037 more
1958 985 2174 1038 cantabo
2206 996 2253 1040 et
2292 987 2549 1055 psalmum
2578 989 2771 1050 dicam,
2794 1005 3053 1057 opemque
3078 1005 3246 1041 meam
3269 999 3320 1042 et

1791 1075 2145 1128 ministerium
2201 1077 2386 1129 virtuti
2437 1079 2730 1146 prophetici
2770 1079 2989 1146 spiritus
3038 1080 3316 1145 pnestabo.

1791 1162 1991 1233 Hisque
2023 1167 2202 1224 dictis.
2245 1172 2424 1220 statim
2473 1169 2776 1230 exauditus,
2828 1171 3119 1222 secundum
3169 1171 3316 1229 illud,

1791 1255 1968 1307 Adhuc
2005 1266 2052 1308 te
2091 1257 2343 1325 loquente,
2368 1257 2582 1308 dicam:
2615 1257 2746 1310 Ecce
2784 1257 3046 1317 adsum”,
3087 1256 3320 1325 Spiritus

1791 1345 1962 1396 sancti
1993 1347 2328 1412 prassentiam
2363 1346 2756 1399 animadvertit.
2789 1345 2986 1399 Demde
3018 1349 3166 1412 quasi
3205 1347 3320 1414 ipso

1791 1435 1842 1486 in
1869 1435 2050 1500 januis
2082 1444 2279 1496 stante,
2312 1437 2643 1487 convertitur
2676 1435 2961 1502 Propheta.
2993 1451 3216 1500 seseque
3251 1435 3316 1488 ad

1792 1524 2148 1578 ministerium
2181 1525 2471 1592 prophetia:
2500 1525 2696 1577 excitat
2730 1543 2740 1576 :
2777 1539 2944 1591 quare
2991 1524 3265 1590 subiungit
3300 1542 3316 1577 :

1799 1609 2046 1680 Exsurge,
2091 1613 2256 1680 gloria
2301 1629 2433 1666 mea.
2471 1611 2649 1664 Gloria
2699 1628 2810 1664 mea
2859 1623 2938 1664 est
2981 1613 3317 1680 prophetare.

1791 1701 1948 1754 Addit
1981 1711 2184 1769 postea,
2220 1702 2473 1770 Exsurge,
2504 1703 2805 1772 psalterium
2836 1715 2880 1754 et
2907 1704 3108 1755 cit/tura
3130 1723 3146 1755 :
3175 1704 3320 1771 psal-

1789 1791 1927 1843 terio
1991 1793 2244 1851 animam,
2288 1793 2493 1843 cithara
2549 1806 2744 1859 corpus
2799 1793 3320 1855 subindicans;sive

130 1871 509 1942 ἐπιστρέφεται
543 1875 572 1924 ὁ
604 1872 922 1942 Προφήτης,
940 1871 1030 1921 καὶ
1048 1869 1292 1939 διεγείρει
1320 1870 1476 1930 αὐτὸς
1503 1869 1687 1921 ἑαυτὸν

1793 1879 1904 1931 haec
1938 1881 2047 1946 ipsa
2072 1881 2227 1931 solita
2254 1880 2608 1932 instrumenta
2645 1882 2892 1934 manibus
2936 1897 3081 1950 arrtp
3104 1898 3219 1939 ens.
3253 1881 3319 1936 ad

127 1959 224 2010 ἐπὶ
274 1961 367 2031 τὴν
419 1962 701 2014 διακονίαν
745 1962 844 2028 τῆς
900 1959 1245 2029 προφητείαις⁹
1293 1959 1370 2011 διὸ
1423 1959 1687 2028 ἐπιφέρει·

137 2050 525 2119 Ἐξεγέροητι,
561 2053 601 2117 ἡ
630 2050 782 2113 δόξα
797 2065 934 2117 μου.
968 2048 1099 2110 Δόξα
1121 2054 1226 2118 ’μου
1257 2047 1367 2099 ἐστὶ
1399 2046 1457 2098 τὸ
1485 2064 1692 2116 προφη-

119 2139 328 2192 τεύειν.
363 2140 468 2194 Εἶτ’
494 2142 762 2207 ἐπιλέγειο
805 2139 1185 2206 Ἐξεγέρθητι,
1230 2137 1557 2204 ψαλτήριον
1594 2136 1689 2188 καὶ

115 2229 363 2296 κιθάρα·
401 2235 494 2303 τὴν
527 2233 625 2302 μὲν
656 2231 838 2300 ψυχὴν
871 2229 958 2281 διὰ
1007 2228 1098 2280 τοῦ
1151 2227 1461 2298 ψαλτηρίου,
1492 2227 1586 2296 τὴν
1636 2227 1690 2278 δὲ

114 2321 366 2390 κιθάραν
391 2323 474 2375 διὰ
526 2322 619 2374 τοῦ
655 2322 909 2389 σώματος
959 2318 1334 2386 αἰνιττόμενος·
1371 2318 1403 2386 ἢ
1433 2317 1522 2368 καὶ
1559 2315 1693 2367 αὐτὰ

112 2411 182 2460 τὰ
220 2413 430 2483 συνήθη
457 2414 664 2483 ὄργανα
698 2414 820 2472 ταῖς
848 2409 1032 2480 χερσὶν
1063 2407 1469 2477 ἀναλαμϐάνων,
1498 2407 1586 2458 ἐπὶ
1617 2405 1692 2474 τῷ

106 2500 562 2569 ἀνακροὺσασθαι
582 2501 654 2552 τὰ
682 2500 788 2552 ὑπὸ
816 2499 908 2550 τοῦ
937 2497 1242 2566 Πνεύματος
1274 2495 1688 2564 ὑποδαλλόμενα.

102 2589 232 2640 Καὶ
257 2593 465 2654 τούτοις
498 2589 832 2662 προστίθησι
855 2589 1044 2654 λέγων’
1089 2586 1562 2654 Ἐξεγερθήσομαι
1601 2571 1692 2652 δρ-

109 2682 289 2744 θρου.
329 2686 477 2754 Ἀρτι
509 2684 624 2753 γὰρ
679 2679 969 2747 φωτισθε“ις
997 2679 1082 2731 διά
1123 2678 1219 2747 τῆς
1244 2677 1337 2729 τοῦ
1386 2675 1692 2744 Πνεύματος

111 2774 446 2836 παρουσίας.
503 2777 563 2826 ὲν
612 2771 800 2840 ἡμέρᾳ.
853 2787 912 2821 τε
965 2769 1106 2821 θείου
1159 2767 1329 2836 φωτὸς
1389 2767 1689 2834 γενόμενος,

111 2858 342 2928 ἕτοιμός
369 2866 482 2932 εἰμι
508 2860 899 2932 προφητεύειν.
933 2861 1040 2911 Καὶ
1063 2858 1209 2910 ταῦτ’
1234 2855 1420 2921 εἰπὼν,
1445 2854 1692 2924 ἀνατίθη-

115 2965 204 3000 σιν
231 2951 357 3004 ὅλον
385 2955 578 3006 ἑαυτὸν
613 2953 694 3021 τῷ
739 2950 1030 3018 Πνεύματι·
1076 2949 1136 3000 τὸ
1165 2947 1218 2999 δὲ
1256 2948 1328 3010 ὡς
1381 2946 1444 2998 δι’
1467 2947 1690 3016 ὀργάνου

114 3038 208 3089 διὰ
239 3042 341 3094 τοῦ
371 3045 655 3114 προφήτου
709 3040 926 3108 ἀγαθῶν
977 3037 1320 3105 ἀπαγγέλλει,
1373 3035 1474 3088 ἀνὰ
1531 3037 1691 3088 πᾶσιν

113 3128 537 3196 εὐαγγελίζεται
580 3134 697 3193 τοῖς
753 3130 928 3182 ἔθνεσι
964 3128 1188 3195 φάσκον·
1232 3122 1692 3192 Ἔξομολογνήσο-

119 3219 228 3282 μαι
252 3236 359 3275 σοι
392 3225 462 3276 ἐν
503 3222 702 3287 λαοῖς,
758 3222 951 3286 Κύριε,
995 3217 1166 3286 ψαλῶ
1219 3233 1313 3270 σοι
1341 3215 1406 3266 ἐν
1435 3214 1686 3268 ἔθνεσιν.

138 3305 364 3382 Ἐπειδὴ
388 3312 495 3381 γὰρ
534 3311 632 3363 ἐπὶ
693 3308 786 3360 τοῦ
846 3306 1107 3378 παρόντος
1146 3304 1206 3356 τὸ
1262 3302 1518 3356 Ἰουδαίων
1547 3301 1692 3363 ἔθνος

125 3397 222 3447 καὶ
257 3399 288 3448 ὁ
320 3401 521 3453 τούτων
575 3400 709 3460 λαὸς
727 3399 853 3459 τοὺς
878 3398 1002 3458 σοὺς
1026 3394 1232 3446 ἐλαύνει
1266 3393 1561 3463 προφήτας,
1619 3391 1694 3453 ὼς

135 3485 366 3553 μηδενὸς
388 3491 553 3542 τόπου
608 3489 955 3558 παραχωρεῖν
1000 3487 1194 3546 αὐτοῖς·
1226 3483 1372 3534 ἔσται
1415 3482 1471 3534 δὲ
1510 3481 1694 3551 καιρὸς

133 3573 255 3625 καθ’
284 3577 347 3630 ὃν
376 3582 552 3633 πάντα
581 3579 650 3630 τά
679 3579 772 3629 ἐπὶ
806 3579 908 3646 γῆς
937 3575 1061 3646 ἔθνη
1088 3575 1180 3626 καὶ
1211 3573 1405 3632 πάντες
1430 3573 1476 3623 οἰ
1519 3573 1574 3624 ὲν
1604 3571 1695 3622 ἀν-

131 3660 375 3731 θρώποις
403 3670 520 3722 λαοὶ
551 3668 649 3721 τοῦ
688 3665 782 3718 σοῦ
829 3665 975 3716 ἐλέου
1033 3663 1359 3734 μεθέξουσιν,
1393 3661 1467 3722 ὡς
1493 3660 1589 3730 ὲμὲ
1635 3659 1695 3712 τὸ

137 3759 470 3824 προφητικὸν
497 3757 726 3826 Πνεῦμα
751 3755 959 3816 πάντας
979 3753 1182 3824 ἀθρόως
1221 3751 1378 3812 λαοὺς
1418 3748 1694 3819 πληρῶσαι

140 3845 319 3914 καιρῷ
348 3850 420 3918 τῷ
471 3847 870 3916 θεσπιζομένῳ,
931 3846 1212 3914 γενόμενον
1261 3846 1317 3896 ὲν
1371 3844 1570 3904 αὐτοῖς,
1604 3841 1696 3893 κού⁸

147 3929 636 4006 ὲξοι-νυολογὴσασθαί
670 3953 752 3988 σοι
773 3937 866 3988 καὶ
881 3933 1283 4004 εὐχαριστῆσαι,
1324 3933 1410 3986 ὅτε
1435 3933 1526 3984 καὶ
1544 3929 1695 4000 ψαλῶ

148 4031 249 4078 60:,
281 4025 377 4076 οὐκ
403 4028 459 4078 ὲν
489 4026 569 4096 τῷ
608 4024 880 4078 Ἰουδαίων
908 4022 1042 4091 λαῷ,
1064 4022 1175 4075 ἀλλ’
1200 4024 1256 4074 ὲν
1283 4022 1414 4073 πᾶσι
1441 4023 1547 4082 τοῖς
1576 4019 1694 4072 καθ’

149 4103 272 4175 ὓης
323 4117 414 4183 τῆς
459 4115 785 4185 οἰκουμένης
851 4112 1060 4165 ἔθνεσιο
1117 4111 1302 4164 τούτου
1356 4111 1510 4180 χάριν
1534 4107 1693 4178 φημίο

168 4194 687 4272 ἐξομολογήσομαί
731 4220 830 4256 σοι
871 4203 942 4254 ἐν
969 4202 1154 4266 λαοῖς,
1189 4203 1377 4268 Κύριε,
1409 4199 1580 4268 ψαλῶ
1603 4214 1698 4252 σοι

159 4283 224 4334 ἐν
249 4287 456 4347 ἔθνεσι.
492 4295 563 4347 Τὸ
589 4296 646 4347 δὲ
674 4293 872 4345 τούτου
895 4294 1089 4352 αἴτιον,
1119 4293 1258 4360 λέγω
1315 4292 1370 4344 δὲ
1394 4293 1453 4343 τὸ
1486 4293 1540 4342 ὲν
1565 4291 1696 4342 πᾶσι

159 4373 263 4432 τοῖς
293 4379 403 4431 καθ’
431 4381 555 4451 ὅλης
579 4381 679 4449 τῆς
704 4377 1033 4446 οἰκουμένης
1079 4379 1222 4440 λαοῖς
1266 4379 1358 4431 καὶ
1392 4379 1538 4448 παρά
1567 4377 1697 4428 πᾶσι

1791 1981 1850 2020 ea
1874 1967 2130 2034 pulsanda
2165 1984 2281 2036 qua:
2317 1967 2545 2035 Spiritus
2593 1972 2933 2037 suggesserit.
2978 1970 3071 2024 His
3115 1972 3316 2038 adjicit,

1792 2056 2083 2125 Exsurgam
2107 2058 2357 2111 diluculo.
2395 2058 2550 2110 Modo
2574 2059 2712 2110 enim
2765 2058 2994 2125 Spiritus
3038 2063 3319 2128 praesentia

1790 2145 2141 2203 illuminat'us,
2169 2154 2221 2197 et
2250 2146 2300 2197 in
2326 2145 2412 2197 die
2455 2144 2648 2198 divinm
2672 2145 2806 2196 lucis
2839 2147 3064 2211 positus,
3100 2153 3318 2212 paratus

1789 2249 1904 2286 sum
1938 2236 1999 2287 ad
2057 2235 2503 2304 prophetandum.
2542 2233 2739 2301 [lisque
2767 2233 2945 2298 dictis,
3000 2249 3119 2287 slrse
3145 2241 3318 2285 totum

1792 2318 2008 2388 Spiritui
2037 2322 2233 2375 addicit
2273 2340 2286 2375 :
2323 2323 2410 2374 ille
2442 2337 2565 2375 vero
2594 2336 2684 2389 per
2728 2320 3044 2389 Prnplietam
3089 2335 3186 2372 ceu
3225 2335 3320 2388 per

1789 2411 2226 2472 instrumentum,
2266 2411 2402 2462 bona
2430 2411 2731 2469 annuntiat,
2762 2409 3117 2476 omnibusque
3153 2409 3321 2477 genti-

1789 2501 1889 2553 bus
1920 2501 2249 2568 evangelizat
2282 2500 2466 2553 dicens
2502 2520 2513 2552 :
2545 2486 2838 2566 Canfitebor
2876 2499 2968 2550 tibi
3008 2501 3061 2550 in
3093 2499 3317 2566 populis,

1788 2587 2023 2650 Domine,
2054 2588 2277 2654 psallam
2303 2589 2393 2639 tibi
2423 2589 2471 2639 iu
2499 2585 2753 2655 gentibus.
2785 2586 2918 2649 Quia
2949 2587 3088 2638 enim
3116 2587 3165 2639 in
3188 2602 3322 2654 pra:-

1790 2679 1925 2731 senti
1958 2675 2178 2730 Iudaica
2208 2692 2338 2746 gens
2368 2685 2418 2730 et
2441 2677 2669 2745 populus
2699 2676 2984 2743 prophetas
3011 2677 3152 2743 pellit
3175 2683 3318 2737 tuos,

1789 2776 1847 2819 ut
1910 2766 2089 2820 nullus
2141 2768 2206 2820 iis
2254 2767 2402 2820 locus
2447 2766 2670 2836 perfugii
2724 2767 3322 2833 relinquatur;eritqne

1791 2866 1995 2924 tempus
2025 2872 2132 2926 quo
2162 2872 2348 2911 omnes
2380 2858 2640 2910 universae
2659 2865 2813 2911 terra:
2841 2865 3025 2926 gentes
3051 2864 3103 2910 et
3134 2872 3321 2912 omnes

1790 2947 1843 3000 in
1890 2948 2194 3001 hominibus
2225 2948 2427 3016 populi,
2459 2948 2838 3000 misericordiae
2883 2955 2985 3000 tuae
3034 2947 3322 3014 participes

1787 3045 1966 3098 erunt,
2002 3038 2073 3090 ita
2105 3045 2163 3090 ut
2189 3053 2287 3106 ego
2315 3037 2659 3106 propheticus
2705 3037 2926 3105 spiritus
2969 3043 3322 3104 praenuntiata

1791 3131 2028 3196 tempore
2053 3143 2238 3180 omnes
2273 3142 2376 3178 una
2398 3128 2624 3194 p0pulos
2655 3127 2840 3181 adiens
2872 3126 3125 3194 repleam.
3154 3126 3323 3179 conli-

1793 3223 2012 3284 tearque
2041 3231 2103 3270 ac
2137 3217 2336 3285 gratias
2365 3230 2516 3283 agam
2550 3215 2668 3276 tibi,
2699 3216 2914 3283 quando
2947 3216 3167 3281 psallam
3203 3214 3320 3277 tibi,

1790 3319 1899 3357 non
1920 3305 1974 3357 in
1999 3305 2192 3373 populo
2214 3303 2460 3367 Judaico,
2499 3303 2591 3356 sed
2621 3305 2672 3356 in
2702 3303 2950 3356 omnibus
2981 3318 3074 3371 per
3104 3303 3321 3356 univer-

1793 3410 1909 3449 sum
1947 3395 2130 3447 orbem
2174 3393 2455 3463 gentibus;
2483 3392 2600 3446 ideo
2624 3392 2767 3455 dico,
2815 3392 3108 3460 Conﬁtebor
3132 3393 3225 3446 tibi
3265 3393 3321 3446 in

1790 3485 2014 3554 populis,
2048 3483 2281 3546 Domine,
2310 3482 2534 3549 psallam
2560 3481 2652 3534 tibi
2685 3482 2735 3534 in
2770 3481 3022 3552 gentibus.
3047 3481 3322 3552 liujusque

1792 3576 1870 3630 rei
1903 3589 2123 3628 causam
2155 3588 2274 3627 esse
2305 3573 2444 3635 dico,
2479 3571 2620 3640 quod
2675 3572 2729 3624 in
2760 3572 3006 3626 omnibus
3029 3587 3122 3640 per
3139 3573 3321 3626 orbem

1791 3663 2004 3732 populis
2033 3670 2086 3716 et
2121 3659 2259 3730 apud
2294 3675 2481 3714 omnes
2509 3668 2698 3727 gentes
2733 3661 3078 3729 propheticus
3100 3661 3322 3730 spiritus

1792 3761 2053 3807 versetur.
2089 3751 2436 3820 Propheticos
2479 3757 2657 3804 autem
2691 3751 2818 3821 olim
2849 3751 3087 3820 prolatos
3115 3766 3322 3806 sermo-

1792 3861 1889 3900 nes
1934 3858 2095 3912 opere
2144 3841 2487 3910 complendos
2515 3855 2633 3895 esse
2673 3848 2792 3910 post
2824 3841 3060 3895 declarat
3089 3843 3271 3898 dicens
3303 3861 3318 3898 :

1793 3935 2051 4000 Quoniam
2087 3934 2419 4002 magni/Scala
2451 3940 2707 3998 estusque
2731 3931 2797 3984 ad
2837 3932 2986 3984 creto:
3026 3934 3322 3989 misericor-

1790 4025 1883 4076 dia
1911 4033 2263 4092 tua,-etusque
2285 4021 2352 4076 ad
2380 4022 2534 4076 nubes
2560 4025 2747 4076 veritas
2771 4030 2878 4073 tua.
2909 4019 3040 4074 Nam
3069 4024 3210 4090 quod
3237 4024 3322 4078 in-

1792 4113 2051 4167 credibile
2092 4113 2369 4176 videatur,
2413 4113 2649 4166 caelestia
2697 4111 3063 4166 misericordia
3104 4112 3321 4181 dignata

1796 4201 1961 4256 fuisse
1983 4201 2127 4266 dixi;
2154 4207 2389 4262 terrena,
2415 4201 2655 4254 veritate.
2689 4199 2799 4254 Etsi
2830 4201 2969 4253 enim
3006 4215 3067 4254 ea
3098 4215 3322 4269 praeser-

1795 4293 1913 4354 tim.
1950 4308 2067 4362 qua:
2100 4293 2156 4345 in
2186 4293 2322 4344 cado
2345 4299 2490 4353 sunt,
2525 4299 2749 4360 purgata
2774 4289 3078 4352 videantur,
3114 4291 3321 4358 omnia-

1796 4399 1900 4451 que
1926 4383 2177 4451 perfecta,
2203 4389 2256 4436 et
2280 4381 2344 4434 ad
2382 4382 2597 4434 virtutis
2615 4394 2880 4434 summum
2901 4394 3216 4449 progressa;
3247 4389 3323 4434 at-

160 4461 262 4520 τθῖς
281 4464 470 4522 ἔθνεσιν
502 4467 962 4534 ἐμπολιτεύεσθαι
990 4467 1050 4518 τὸ
1087 4469 1410 4538 προφητικὸν
1465 4465 1690 4535 πνεῦμα.

1800 4479 1974 4524 tamen
2003 4472 2117 4538 ipsa
2152 4485 2244 4538 per
2277 4468 2695 4523 misericordiam
2724 4475 2868 4518 tuam
2903 4467 2996 4519 tali
3040 4472 3092 4529 in
3133 4468 3321 4520 condi-

162 4543 258 4596 Καὶ
281 4559 395 4618 τοὺς
435 4560 598 4612 πάλαι
642 4556 1102 4624 άναφωνηθέντας
1129 4559 1487 4627 προφητικοὺς
1511 4557 1696 4622 λόγους

157 4632 226 4691 εὶς
245 4635 366 4709 ἔργα
392 4649 660 4716 χωρήσειν
689 4644 822 4708 ἑξῆς
863 4643 1118 4709 διασαφεῖ
1161 4646 1383 4710 φάσκονο
1418 4646 1541 4696 ’Ὁτι
1570 4644 1697 4710 ἐμε-

147 4723 389 4802 ῖἀλύνθη
439 4737 549 4800 ἕως
599 4734 721 4786 τῶν
759 4731 1040 4798 οὐρανῶν
1092 4731 1154 4783 τὸ
1213 4733 1382 4800 ἔλεός
1427 4751 1558 4793 σου.
1602 4733 1695 4785 καί

127 4798 224 4895 {hic
266 4798 385 4877 tein“
404 4798 686 4892 νεφελῶν
720 4824 762 4887 ἠ
810 4819 1063 4883 ἁλήθειά
1100 4836 1237 4878 σου.
1290 4798 1371 4876 Τὸ⁷
1396 4825 1498 4895 γὰρ
1525 4821 1698 4893 παρά-

135 4885 250 4987 ῗξθν
325 4915 466 4966 τοῦτ’
513 4911 604 4982 ἦν.
654 4913 744 4962 ὅτι
804 4909 876 4960 τὰ
931 4909 1281 4978 μὲνούράνια
1333 4915 1509 4975 ἐλέους
1560 4913 1697 4981 φημὶ

96 4983 246 5074 fimi:
261 5007 399 5066 σθαι,
427 5005 498 5056 τὰ
531 5004 590 5054 δὲ
613 5001 848 5066 ἐπίγεια
899 4999 997 5066 τῆς
1028 4999 1304 5068 ἀληθείας.
1344 5007 1403 5056 Εἰ
1443 4986 1548 5074 γὰρ
1605 5003 1698 5054 καὶ

86 5058 138 5162 Td
175 5088 437 5148 μάλιστα
508 5093 670 5144 δοκεῖ
752 5088 825 5139 τὰ
894 5089 950 5139 ἐν
1006 5090 1252 5156 οὐρανοῖς
1322 5094 1697 5162 κεκαθαρμένα

69 5159 394 5254 Ξυῖξάνειν,
451 5181 557 5232 καὶ
600 5178 794 5228 πάντα
838 5175 1011 5226 τέλεια
1045 5179 1128 5228 καὶ
1174 5181 1265 5241 εἰς
1310 5185 1475 5253 ἄκρον
1502 5182 1698 5251 ἀρετῆς

65 5245 405 5324 εΔηλιακότα⁸
446 5273 613 5336 ὅμως
641 5266 689 5315 δ’
726 5260 822 5315 οὖν
864 5267 954 5316 καὶ
977 5266 1105 5316 αὐτὰ
1138 5268 1237 5322 διὰ
1307 5245 1402 5324 τὸν
1444 5245 1698 5324 σὺν-ἔλεον

71 5340 303 5413 mit-1a
338 5361 474 5410 ὄντα
538 5351 916 5417 καθέστηκεν.
946 5353 1011 5403 Οὐ
1057 5355 1160 5425 γὰρ
1218 5359 1291 5421 ἐξ
1351 5363 1546 5423 αὐτῶν,
1581 5361 1698 5410 οὐδὲ

249 5445 460 5500 ἑαυτῶν
506 5445 619 5508 τῆς
677 5437 936 5506 τοιαύτης
987 5444 1194 5513 μετέχει
1263 5453 1695 5522 μακαριότητρς,

71 5501 213 5578 ί)λά
246 5534 395 5602 παρά
450 5501 698 5580 caseos
759 5501 961 5575 πάντων
987 5501 1278 5595 ’ἀγοίδῶῳ
1323 5501 1584 5612 θῶες

123 5684 184 5725 λ’
227 5708 307 5762 In
370 5715 549 5761 um,
593 5700 653 5750 9.

1799 4562 1940 4613 tione
1971 4561 2142 4628 posita
2182 4570 2326 4614 sunt.
2351 4558 2531 4626 Neque
2553 4559 2693 4610 enim
2724 4573 2787 4610 ex
2820 4572 2876 4610 se
2913 4564 2965 4610 et
3000 4573 3097 4610 sua
3133 4558 3180 4611 vi
3229 4560 3322 4612 tali

1798 4645 2028 4716 gaudent
2056 4647 2327 4712 felicitate,
2353 4648 2442 4700 sed
2462 4647 2556 4700 abs
2578 4653 2628 4698 te
2657 4646 2892 4697 omnium
2919 4646 3173 4697 bonorum
3194 4649 3322 4699 sub-

1798 4738 2176 4791 ministratore.
2213 4736 2335 4790 Sive
2364 4737 2466 4788 alio
2501 4735 2675 4796 modo,
2701 4733 2956 4798 Quoniam
2987 4737 3321 4803 magniﬁcam

1796 4838 1871 4881 est
1895 4843 2051 4895 usque
2081 4826 2146 4879 ad
2177 4827 2326 4880 caelos
2361 4825 2711 4878 misericordia
2742 4833 2850 4882 tua.
2876 4823 3037 4876 elTusa
3068 4824 3118 4874 in
3151 4824 3324 4876 homi-

1797 4932 1892 4970 nes
1928 4931 2132 4969 omnes.
2171 4915 2336 4979 Quam
2361 4914 2482 4965 item
2516 4913 2762 4980 superius
2796 4913 3011 4964 missam
3036 4925 3156 4963 esse
3181 4913 3327 4966 dice-

1798 5006 1954 5058 batur
1987 5005 2068 5058 his
2096 5005 2290 5066 verbis,
2321 5002 2463 5054 Misit
2495 5001 2628 5053 Deus
2663 5001 3071 5054 misericordiam
3103 5016 3252 5053 suam
3277 5013 3327 5056 et

1798 5096 2059 5147 ceritatem
2094 5109 2260 5144 suam.
2291 5090 2459 5143 Tanta
2487 5090 2626 5141 enim
2682 5089 2738 5142 in
2773 5087 3079 5142 hominibus
3115 5089 3332 5140 miseri-
3383 5124 3394 5135 .

1799 5185 1980 5239 cordia
2012 5184 2098 5234 illa
2131 5183 2290 5234 missa
2327 5179 2511 5239 edidit,
2547 5185 2603 5231 ut
2635 5180 2688 5231 in
2720 5180 2971 5232 omnibus
2994 5175 3209 5242 populis
3234 5192 3333 5244 ego

1801 5272 2034 5342 Spiritus
2056 5277 2276 5324 sanctus
2305 5269 2559 5319 conﬁtear
2592 5267 2712 5325 tibi,
2741 5276 2794 5320 et
2832 5269 2883 5319 in
2915 5263 3173 5316 on‘mibus
3201 5278 3336 5328 gen-

1798 5367 1940 5419 tibus
1970 5364 2190 5433 psallam
2219 5360 2311 5412 tibi
2340 5374 2358 5410 :
2383 5356 2522 5410 unde
2549 5357 2745 5410 factum
2782 5367 2837 5412 ut
2862 5353 3214 5421 magnilicata
3252 5352 3346 5404 illa

1799 5455 1869 5508 sit
1903 5468 2069 5522 usque
2103 5449 2170 5502 ad
2208 5446 2404 5508 oculos;
2430 5444 2554 5511 quia
2585 5461 2756 5514 usque
2780 5446 2846 5498 ad
2872 5441 3054 5497 cmlos
3081 5436 3354 5504 pertraxit

1800 5543 2041 5598 homines
2067 5543 2156 5609 qui
2180 5533 2545 5606 proﬁciebant;
2570 5533 2643 5587 ita
2662 5544 2718 5589 ut
2745 5535 2874 5608 ipsis
2899 5526 3067 5598 regni
3089 5523 3363 5577 calorum
