3812 6370
473 309 614 375 ’ὗὲδ

1195 309 1454 367 unseen
1492 293 1963 363 C/E’S'iimrusrs
2002 292 2366 361 orrgmns
2404 293 2488 359 Ill.
2535 332 2602 342 —
2646 296 3060 358 EXEGETICA’
3613 298 3696 353 Sil

505 427 698 487 Structi
741 428 830 482 lilii
860 428 1153 491 hominum,
1185 427 1323 495 quod
1349 425 1554 479 scilicet
1597 439 1626 477 a
1669 423 1776 479 Deo
1840 439 2040 493 prmno-

2145 423 2321 485 θόντες
2355 421 2481 490 περὶ
2506 421 2611 472 τῶν
2653 418 3002 489 ἁμαρτωλῶν
3044 412 3100 467 οι
3128 415 3240 466 υἱοὶ
3268 414 3379 466 τῶν
3406 414 3699 486 ἀνθρώπων,

498 519 755 577 arantur.
776 516 828 571 ét
855 514 995 584 quod
1036 514 1316 582 antequam
1348 513 1414 564 ad
1447 511 1692 566 homines
1724 514 2036 573 transirent,

470 668 477 681 ι
507 606 692 661 notum
715 606 785 656 illi
816 613 957 657 esset
1012 603 1142 655 tales
1182 603 1326 668 ipsos
1356 600 1598 663 futuros,
1631 599 1811 653 audite
1855 598 2038 667 cujus-

468 682 471 687 “
505 686 776 747 mndi'line
811 690 965 742 iidem
1019 685 1319 756 excipiendi
1342 686 1754 752 sint.‘Quoniam
1804 688 1944 740 enim
1982 688 2041 740 li-

504 773 630 826 bera
651 771 704 825 et
731 770 813 825 sui
832 771 1045 823 arbitrii
1074 777 1266 823 natura
1294 770 1527 838 praediti,
1560 770 1611 822 vi
1639 770 2038 824 internoscendi

503 860 628 914 boni
655 866 708 913 et
742 859 994 912 contrarii
1021 859 1290 923 instructi,
1313 868 1471 929 athc
1491 862 1710 916 liberam
1743 862 1806 915 ad
1835 870 2041 914 utrum-

500 951 631 1003 libet
660 949 1056 1005 inclinationem
1083 951 1249 1011 nacti,
1271 965 1376 1003 non
1394 958 1538 1005 recte
1558 950 1763 1017 judicio
1785 966 1884 1004 suo
1912 960 2037 1005 sunt

501 1039 608 1104 usi,
638 1053 809 1106 neque
826 1046 1026 1092 rectam
1052 1039 1214 1103 viam,
1244 1038 1344 1090 etsi
1367 1044 1547 1092 notam
1564 1039 1687 1103 sibi,
1714 1039 2034 1102 dilexerunt,

499 1145 674 1199 neque
721 1128 976 1198 operibus
1020 1128 1285 1196 justitiam
1344 1128 1614 1190 adierunt,
1674 1144 1832 1198 quam
1861 1130 2038 1183 verbis

498 1219 760 1273 duntaxat
791 1226 844 1271 et
870 1218 1026 1271 lahiis
1058 1224 1182 1271 sunt
1219 1215 1468 1285 professi,
1501 1218 1779 1285 veterique
1804 1219 2035 1287 serpenti

499 1309 722 1371 similes,
758 1307 943 1377 aspide
978 1307 1140 1362 surda
1175 1307 1467 1361 deteriores
1494 1322 1749 1370 evasere;
1773 1308 1892 1360 ideo
1918 1322 2037 1376 quae

496 1398 630 1468 ipsis
680 1406 933 1452 eventura
980 1398 1086 1451 sint
1114 1397 1315 1459 audite,
1361 1396 1681 1465 disciteque,
1718 1397 1785 1450 ab
1821 1398 2037 1451 univer-

497 1499 680 1538 sorum
699 1484 881 1551 judice
901 1483 1009 1538 Deo
1037 1483 1390 1537 conterendos
1408 1498 1528 1537 esse
1558 1483 1795 1551 ipsorum
1827 1484 2032 1545 dentes,

498 1572 588 1640 qui
628 1572 758 1625 nihil
795 1587 1016 1640 prorsus
1051 1587 1080 1624 a
1125 1572 1370 1625 leonibus
1419 1572 1745 1641 discrepant,
1798 1583 1850 1627 et
1895 1574 2034 1642 quod

498 1667 619 1726 post
638 1657 750 1711 haec
788 1659 966 1711 omnia
1000 1660 1172 1712 instar
1218 1674 1370 1728 aqua:
1413 1659 1677 1714 ellluentis
1706 1660 2035 1716 dissolvendi

2149 514 2240 565 καὶ
2267 513 2341 573 ὼς
2360 550 2374 573 ,
2409 509 2846 581 προγνωσθέντες
2874 506 2991 559 ὑπὸ
3024 504 3128 556 τοῦ
3163 504 3299 555 Θεοῦ
3317 540 3332 566 ,
3370 505 3466 569 καὶ
3503 507 3618 574 πρὶν
3639 512 3701 573 εις

2145 600 2460 673 ἀνθρώπους
2510 598 2799 669 παρελθεῖν
2824 634 2839 656 ,
2884 593 3263 664 ἐγνωρίζοντο
3307 593 3458 662 αὐτῷ
3495 595 3703 663 ἐσόμενοι

2144 693 2405 753 τοιοῦτοι,
2448 690 2673 743 ἀκούετε
2719 689 2907 740 ὁποῖον
2949 684 3119 746 τέλος
3164 684 3367 745 αὐτοὺς
3409 684 3701 753 διαλήψεται.

2156 779 2368 846 Ἐπειδὴ
2420 778 2561 846 γὰρ,
2615 773 2832 843 φύσεως
2880 771 3194 839 ἐλευθέρας
3250 771 3351 822 καὶ
3399 770 3705 834 αὐτεξουσίου

2143 872 2438 940 γενόμενοι,
2456 867 2781 936 διακριτικοί
2803 881 2866 918 τε
2891 864 2995 917 τοῦ
3029 860 3204 915 καλοῦ
3228 862 3329 913 καὶ
3358 860 3454 913 τοῦ
3486 863 3706 924 ἐναντίου,

2143 956 2240 1024 τήν
2265 971 2322 1006 τε
2354 956 2433 1015 εἰς
2459 952 2699 1021 ἑκάτερα
2729 951 2909 1021 ῥοπὴν
2936 948 3042 1019 τὴν
3063 950 3125 1000 ἐν
3145 948 3366 1008 ἑαυτοῖς
3398 949 3708 1017 κεκτημένοι,

2141 1046 2239 1097 οὐκ
2283 1044 2453 1113 ὀρθῶς
2482 1044 2786 1112 ἐχρήσαντο
2822 1040 2904 1109 τῷ
2936 1037 3227 1108 κριτηρίῳ
3252 1074 3269 1097 ,
3296 1036 3422 1087 οὐδὲ
3460 1038 3709 1106 ﬁcit-mem

2139 1134 2235 1202 τὴν
2261 1133 2500 1196 εὐθεῖαν,
2536 1132 2741 1197 καίπερ
2774 1128 2998 1196 εἰδότης
3031 1123 3233 1193 αὐτὴν,
3259 1123 3376 1175 οὐδ’
3410 1124 3584 1194 ἔργοις
3615 1142 3711 1194 μετ.

2140 1220 2303 1290 ἦλθον
2348 1221 2446 1288 τὴν
2493 1217 2869 1286 δικαιοσύνην,
2906 1215 2979 1284 ἣν
3011 1213 3167 1281 λόγῳ
3206 1213 3365 1282 μόνῳ
3392 1213 3488 1266 καὶ
3523 1214 3712 1281 χεὼσιν

2106 1322 2109 1323 ⁷
2141 1309 2549 1377 ἐπηγγέλλοντο,
2573 1306 2653 1375 τῷ
2679 1303 2901 1373 παλαιῷ
2926 1298 2990 1355 δὲ
3024 1303 3158 1369 ὸιρει
3181 1301 3709 1370 ὁμοαοθέντες,ἀσπί-

2141 1396 2227 1457 δος
2259 1395 2447 1462 κωτῆς
2465 1394 2679 1462 χείρους
2703 1391 2963 1459 ἐγένοντο
2980 1408 2995 1421 ’
3024 1389 3227 1442 τούτου
3254 1390 3421 1459 χάριν
3448 1391 3711 1443 ἐπακούσα-

2140 1500 2198 1534 τε
2228 1482 2347 1535 τίνα
2383 1483 2476 1534 καὶ
2510 1482 2711 1542 αὐτοὺς
2748 1479 3086 1550 περιμένει,
3141 1479 3548 1548 μαθόντεςφὼς
3575 1481 3600 1530 ό
3625 1479 3708 1529 τῶν

2140 1573 2271 1626 ὅλων
2298 1570 2490 1641 κριτὴς
2523 1569 2658 1631 Θεὸς
2687 1569 2981 1637 συντρίψει
3012 1569 3146 1628 τοὺς
3171 1566 3404 1628 ὀδόντας
3430 1566 3598 1617 αὐτῶν
3617 1567 3707 1617 κατ’

2140 1663 2289 1714 οὐδὲν
2313 1660 2677 1729 διαφερόντων
2706 1659 2947 1710 λεόντων
2966 1699 2983 1720 ,
3016 1657 3120 1709 καὶ
3146 1657 3224 1718 ὡς
3260 1656 3408 1725 μετὰ
3435 1655 3600 1707 πάντα
3625 1654 3710 1707 Biu-
3734 1694 3735 1715 η

500 1745 629 1799 sint.
656 1744 790 1798 Nam
817 1746 959 1800 illius
978 1747 1116 1810 loco,
1151 1747 1233 1798 Ad
1253 1747 1472 1800 nihilum
1504 1748 1767 1802 devenient
1796 1759 2039 1819 tanquam

2145 1755 2458 1823 λυθήσονται
2505 1753 2663 1820 δίκην
2708 1751 2905 1813 ὓδατος
2941 1749 3265 1820 ἐκρέοντος.
3308 1747 3461 1799 Ἀντὶ
3491 1746 3593 1817 γὰρ
3612 1748 3709 1808 τοῦ,

500 1849 637 1902 aqua
669 1833 966 1896 decurrens,
998 1834 1352 1904 Symmachus
1383 1837 1461 1890 sic
1491 1836 1889 1905 interpretatur,
1918 1840 2041 1893 Dis-

500 1922 768 1976 soluantur
811 1924 944 1976 sicut
984 1940 1118 1991 aqua
1169 1926 1518 1991 pertransiens
1566 1926 1685 1979 sibi.
1720 1926 1851 1991 Quia
1895 1930 2038 1982 enim

497 2025 594 2065 ore
619 2018 781 2066 tenus
821 2011 1083 2078 justitiam
1108 2013 1383 2076 simulant,
1410 2014 1531 2082 jure
1562 2015 1701 2069 Deus
1729 2017 1918 2072 dentes
1943 2033 2037 2072 co-

497 2114 640 2154 rum'
659 2101 714 2154 in
741 2115 834 2156 ore
852 2101 1092 2170 ipsorum
1120 2111 1378 2157 conteret.
1417 2103 1481 2156 Et
1504 2104 1628 2172 quia
1655 2120 1759 2158 non
1783 2113 1865 2159 sat
1907 2107 2040 2175 ipsis

497 2186 622 2252 fuit,
637 2233 641 2237 .
658 2187 802 2256 quod
820 2189 1054 2257 serpenti
1078 2196 1132 2241 et
1153 2199 1460 2244 memoratae
1479 2192 1649 2261 aspidi
1666 2194 1842 2247 surda:
1857 2195 2036 2249 collati

498 2284 715 2342 essent;
747 2291 868 2329 cum
896 2276 1006 2344 jam
1035 2277 1261 2332 aliorum
1289 2280 1578 2347 perniciem
1599 2282 1899 2345 molientes,
1936 2284 2039 2337 leo-

496 2365 659 2419 nibus
687 2371 740 2419 et
761 2366 953 2419 catulis
969 2366 1179 2443 leonum
1206 2375 1609 2437 comparentur;
1640 2384 1669 2422 a
1697 2371 1893 2439 quibus
1921 2372 2028 2425 ani-

498 2471 639 2511 mam
670 2456 782 2510 erui
817 2471 969 2510 suam
1033 2456 1195 2510 David
1224 2458 1296 2511 ita
1351 2466 1601 2526 precatur
1628 2460 1680 2512 in
1718 2461 2035 2528 praecedenti

499 2546 728 2616 psalmo,
749 2544 813 2598 Et
828 2548 1013 2615 eripuit
1031 2548 1256 2600 animam
1279 2563 1444 2599 meam
1469 2547 1531 2600 de
1553 2548 1719 2601 medio
1746 2550 2037 2603 catulorum

502 2635 705 2688 leonum
762 2635 838 2701 ⁵¹;
880 2642 991 2698 aut,
1039 2635 1101 2688 de
1147 2636 1313 2688 medio
1371 2636 1606 2697 leonum;
1638 2637 1809 2691 molas
1850 2652 2037 2693 eorum

480 2725 902 2795 contracturum
926 2740 1046 2780 esse
1089 2724 1255 2780 Deum
1290 2726 1508 2788 dicitur,
1531 2726 1778 2780 videlicet
1799 2734 2037 2795 potesta-

501 2822 583 2868 tes
639 2814 853 2868 malitia:
883 2830 1092 2880 eorum,
1133 2817 1286 2884 queis
1323 2816 1379 2869 in
1432 2815 1719 2868 multorum
1745 2816 2037 2884 perniciem

501 2903 809 2958 utebantur.
845 2902 979 2958 Cum
1004 2914 1182 2958 autem
1213 2904 1397 2959 dentes
1420 2911 1473 2958 et
1492 2905 1660 2959 molas
1695 2920 1877 2960 eorum
1911 2920 2039 2959 con-

503 2989 714 3043 triverit
742 2990 903 3054 Deus,
935 2998 1066 3044 tunc
1120 2990 1332 3044 demum
1365 3005 1462 3044 ceu
1492 2991 1687 3047 mortui
1721 2991 1786 3044 ad
1811 2991 2037 3044 nihilum

2151 1842 2762 1905 Ἐξουδενωθήσονται
2807 1840 2893 1902 ὡς
2941 1838 3112 1904 ὕδωρ
3157 1836 3711 1904 παραπορευόμενον,

2137 1930 2165 1981 6
2212 1929 2500 1999 Σύμμαχος
2532 1929 2854 1998 ἡρμήνευσε
2876 1967 2892 1990 ,
2956 1924 3455 1990 ΔιαλυΘήτωσαν
3481 1923 3558 1988 ὡς
3594 1922 3715 1989 ὕδωρ

2138 2021 2575 2086 παρερχόμενον
2600 2014 2819 2079 ἐαυτῷ.
2837 2015 3070 2084 Ἐπειδὴ
3105 2014 3223 2083 γὰρ
3257 2013 3344 2082 τῷ
3374 2013 3593 2082 στόματι
3618 2013 3716 2064 καθ-

2138 2106 2510 2174 υποκρίνονται
2550 2104 2649 2171 τὴν
2692 2102 3087 2171 δικαιοσύνην,
3114 2101 3360 2164 εἰκότως
3388 2102 3516 2163 τοὺς
3544 2100 3718 2159 ὀδόντας

2138 2194 2313 2247 αὐτῶν
2348 2194 2377 2244 ὁ
2409 2193 2541 2255 Θεὸς
2583 2193 2641 2243 ἐν
2682 2191 2763 2261 τῷ
2797 2192 3047 2260 στόματι
3086 2190 3284 2244 αὐτῶν
3319 2190 3614 2260 συντρίψει.
3638 2188 3722 2241 Καὶ

2138 2283 2259 2334 ἐπεὶ
2295 2281 2367 2349 μὴ
2402 2282 2718 2349 ἀπήρκεσεν
2760 2280 2957 2341 αὐτοῖς
2987 2279 3360 2347 ὁμοιωθῆναι
3390 2278 3471 2348 τῷ
3508 2278 3619 2345 ὕφει
3653 2277 3723 2328 καὶ

2136 2373 2202 2440 τῇ
2236 2367 2591 2438 προλεχθείσῃ
2617 2367 2809 2419 ἀσπίδι
2838 2369 3034 2436 κωφῇ,
3208 2367 3273 2419 δὲ
3302 2368 3403 2420 καὶ⁸
3426 2366 3633 2435 ἐτέρους
3657 2366 3724 2415 λυ-

2142 2457 2469 2527 μαινόμενοι,
2505 2456 2689 2507 λέουσι
2722 2455 3185 2526 παρεϐλήοησαν
3219 2457 3325 2508 καὶ
3356 2457 3627 2526 σκύμνοις,
3658 2454 3725 2522 ἀρ’

2136 2541 2212 2599 ὧν
2240 2545 2335 2614 τὴν
2364 2543 2552 2596 ἑαυτοῦ
2573 2543 2753 2612 ψυχὴν
2777 2544 3067 2614 ὲρῤὖσθαι
3091 2544 3337 2614 εὔχεται
3365 2546 3395 2596 6
3419 2543 3576 2596 Δαυῖδ
3594 2543 3728 2609 λέγων

2138 2635 2194 2686 ὲν
2224 2631 2301 2701 τῷ
2329 2632 2434 2700 πρὸ
2462 2631 2652 2683 τούτου
2677 2648 2691 2661 ’
2724 2632 2840 2685 Καὶ
2875 2633 3210 2699 ἐρῤὐσατο
3252 2635 3380 2701 τὴν
3407 2634 3611 2702 ψυχήν
3641 2649 3728 2700 μου

2136 2723 2205 2775 ἐκ
2227 2720 2416 2789 μέσου
2440 2720 2750 2786 σκύμνων,
2787 2718 2845 2787 ἢ,
2869 2719 2943 2771 ἐκ
2975 2721 3199 2787 μέσου
3221 2724 3511 2775 ,λεόντων
3549 2721 3636 2782 τὰς
3659 2719 3732 2788 μύ-

2137 2812 2231 2874 λας
2275 2810 2454 2862 αὐτῶν
2487 2809 2809 2862 συνθλάσειν
2854 2809 3093 2877 λέγεται
3144 2813 3179 2864 6
3216 2811 3363 2875 Θεὸς
3387 2851 3404 2873 ,
3441 2808 3627 2880 δηλαδὴ
3659 2806 3732 2866 τὰς

2137 2902 2234 2970 τῆς
2268 2900 2463 2961 κακίας
2492 2898 2671 2951 αὐτῶν
2718 2898 2993 2967 δυνάμεις
3017 2937 3033 2961 ,
3067 2896 3171 2963 αἶς
3204 2902 3300 2954 ἐπ’
3330 2900 3539 2970 ὀλέθρῳ
3570 2896 3734 2949 πολλῶν

2139 2993 2455 3062 ἐχρήσαντο·
2490 2989 2741 3041 Ἐπειδὰν
2773 2990 2832 3041 δὲ
2869 2991 3010 3053 τοὺς
3047 2991 3297 3056 ὀδόντας
3331 2992 3515 3046 αὐτῶν
3550 2990 3634 3043 καί
3664 2987 3736 3046 τὰς

502 3079 803 3144 devenient,
844 3089 897 3135 et
936 3081 1077 3136 sicut
1101 3095 1237 3150 aqua
1291 3080 1393 3135 sibi
1436 3082 1802 3149 pertransiens
1845 3081 2037 3137 dissol-

2145 3050 2312 3151 tibi;
2332 3078 2593 3149 συντρίψῃ
2613 3079 2646 3128 6
2661 3077 2818 3141 Θεὸς,
2843 3050 3224 3135 τότενλοιπὸν
3258 3050 3736 3149 έξουδενωθήσονται

502 3176 715 3223 ventur.
741 3168 807 3222 Et
853 3170 899 3224 is
932 3171 1147 3239 quidem
1207 3169 1420 3224 futurus
1463 3170 1747 3239 impiorum
1799 3171 2036 3224 omnium

503 3257 645 3313 ﬁnis.
683 3258 833 3323 Quod
864 3274 994 3314 sane
1014 3274 1109 3313 vos
1140 3258 1277 3312 seire
1299 3273 1518 3313 necesse
1555 3266 1657 3317 est.
1686 3273 1719 3312 o
1751 3257 1841 3311 ﬁlii
1865 3258 2033 3312 homi-

504 3362 665 3410 num,
693 3354 774 3407 ut,
825 3348 872 3399 si
931 3364 1042 3400 vere
1093 3347 1541 3415 utiquejustitiam
1575 3347 1862 3417 loquimini,
1900 3356 2040 3400 recta

500 3438 775 3505 judicetis,
801 3453 972 3506 neque
994 3438 1369 3507 przedictorum
1416 3438 1691 3511 hominum
1716 3438 1856 3491 viam
1894 3439 2042 3491 inea-

504 3529 597 3590 tis,
639 3542 810 3594 neque
843 3527 897 3579 in
929 3527 1091 3581 corde
1138 3528 1451 3595 iniquitates
1511 3528 1827 3597 operemini,
1868 3543 2042 3597 neque

505 3614 823 3681 injustitiam
853 3618 1046 3668 manus
1098 3625 1290 3668 vestra:
1319 3617 1657 3683 complicent,
1704 3633 1803 3672 nec
1845 3633 1941 3671 vos
1962 3618 2041 3669 si-

505 3703 662 3756 miles
681 3702 912 3771 serpenti
938 3704 1255 3767 exhibeatis,
1278 3720 1374 3758 nec
1397 3707 1514 3759 sitis
1535 3707 1671 3760 sicut
1694 3709 1838 3776 aspis
1855 3709 2037 3770 surda,

507 3789 769 3842 obturans
788 3801 945 3841 aures
989 3803 1133 3848 suas.
1169 3805 1267 3843 nec
1296 3806 1415 3844 cum
1463 3796 1770 3849 memoratis
1794 3796 1970 3865 impiis
1992 3808 2044 3851 et

510 3877 881 3947 peccatoribus
932 3893 1038 3931 una
1093 3879 1468 3932 anducamini:
1522 3897 1658 3949 quos
1710 3886 2042 3952 prmscientia

509 3982 606 4019 sua
631 3973 954 4034 prmvertens
974 3967 1132 4029 Deus,
1153 3975 1435 4036 antequam
1459 3969 1511 4021 in
1543 3970 1712 4023 lucem
1746 3973 2041 4038 prodirent,

510 4058 645 4111 tales
674 4058 882 4111 futuros
908 4072 1027 4112 esse
1056 4065 1308 4122 noverat;
1339 4057 1433 4113 sed
1462 4067 1637 4113 tamen
1684 4064 1952 4118 concessit
1987 4072 2045 4118 ut

509 4151 864 4199 noscerentur
892 4159 954 4197 ac
988 4144 1042 4198 in
1069 4145 1238 4198 lucem
1289 4145 1551 4207 venirent,
1600 4148 1769 4215 gratia
1791 4164 1888 4202 sua
1917 4150 2046 4217 ipsis

507 4246 720 4300 quoque
752 4245 1045 4294 concessa,
1074 4239 1131 4283 ut
1156 4231 1328 4299 palam
1379 4246 1564 4285 eorum
1599 4235 1929 4301 propositum
1955 4237 2048 4290 lie-

508 4327 610 4374 rct.
639 4318 912 4388 Siquidem
934 4327 986 4372 et
1022 4317 1261 4372 ordinem
1283 4319 1551 4387 justorum
1598 4326 1797 4374 rectam
1833 4335 1895 4375 ac
1945 4323 2047 4376 mi-

2139 3171 2214 3234 ὡς
2242 3171 2305 3223 ἂν
2335 3166 2717 3237 νεκρωθέντες,
2745 3167 2839 3219 καὶ
2865 3168 3338 3242 διαλυθήσονται
3365 3173 3444 3235 ὡς
3467 3172 3605 3239 ὕδωρ
3632 3184 3736 3237 παρ-

2141 3258 2428 3328 ερχόμενον
2472 3254 2669 3324 ἑαυτῷ.
2724 3255 2841 3308 Καὶ
2873 3256 3146 3310 τοιοῦτον
3191 3262 3305 3331 μὲν
3329 3260 3492 3314 ἔσται
3518 3259 3618 3311 τῶν
3646 3257 3736 3309 ἀσε-

2139 3348 2247 3400 ϐῶν
2277 3347 2491 3399 πάντων
2522 3345 2584 3397 τὸ
2603 3345 2779 3407 τέλος.
2817 3348 2887 3396 "O
2921 3346 2999 3416 6ij
3021 3348 3362 3417 ἀναγκαῖον
3389 3351 3533 3420 ὑμᾶς
3557 3348 3736 3415 γνῶναι,

2139 3432 2183 3490 ὧ
2211 3438 2316 3490 υἱοὶ
2352 3435 2458 3488 τῶν
2490 3432 2829 3506 ἀνθρώπων,
2872 3434 2943 3487 ἵν’
2966 3474 2983 3498 ,
3037 3440 3097 3490 εὶ
3128 3439 3402 3507 ἀληθῶς
3430 3439 3543 3507 ἄρα
3575 3437 3736 3489 δικαιοι

2141 3527 2338 3591 σύνην
2368 3522 2626 3588 λαλεῖτε,
2654 3521 2838 3576 εὐθέα
2871 3524 3151 3593 κρίνητε,
3199 3528 3307 3581 καὶ
3342 3529 3421 3598 μὴ
3452 3522 3736 3597 gemmata

2141 3615 2236 3685 τὴν
2256 3614 2362 3667 τῶν
2388 3613 2692 3684 εἰρημένων
2717 3613 2936 3683 ἀνδρῶν
2963 3615 3118 3679 ὁδὸν,
3156 3619 3319 3688 μηδὲ
3354 3620 3416 3671 ἐν
3442 3615 3630 3687 καρδίᾳ
3658 3612 3736 3663 ἀνα

2148 3706 2273 3777 μίας
2298 3701 2600 3774 ὲργάζησθε
2621 3741 2636 3765 ,
2681 3701 2822 3771 μηδὲ
2868 3703 3103 3757 ἀδικίαν
3144 3710 3219 3761 αἱ
3245 3711 3438 3780 χεῖρες
3466 3705 3614 3776 ὑμῶν
3640 3718 3736 3768 tmp-

2144 3796 2416 3857 πλέκωσι,
2462 3792 2594 3863 μηδὲ
2633 3794 2865 3855 ἑαυτοὺς
2915 3800 3429 3869 κατασκευάζητε
3463 3795 3664 3869 ὁμοίους
3692 3786 3736 3856 τάξ

2144 3884 2283 3953 ὄφει,
2321 3882 2455 3953 μηδὲ
2487 3881 2725 3952 γένησθε
2754 3881 2833 3944 ὡς
2864 3883 3045 3947 ἀσπὶς
3076 3890 3274 3961 κωφὴ
3319 3889 3529 3959 βύουσα
3567 3884 3629 3937 τὰ
3663 3876 3736 3933 ὧτε

2147 3975 2314 4042 αὐτῆς
2334 4012 2347 4036 ,
2378 3971 2512 4041 μηδὲ
2538 3974 2653 4032 τοῖς
2679 3971 3079 4041 προλεχθεῖσιν
3106 3977 3375 4033 ἀσεϐέσι
3420 3978 3515 4032 καὶ
3539 3977 3735 4045 ἁμαρτω

2146 4064 2257 4125 λοῖς
2282 4059 2681 4127 συναπάγοισθε
2705 4077 2719 4090 ·
2752 4059 2849 4123 οὓς
2872 4063 3209 4131 προλαϐὼν
3234 4071 3266 4122 6
3291 4069 3433 4131 Θεὸς
3456 4071 3522 4137 τῇ
3550 4058 3736 4135 προτνώ

2149 4170 2252 4216 σει,
2276 4152 2405 4231 ςπρὶν
2438 4151 2515 4212 εἱς
2546 4149 2665 4217 φῶς
2693 4150 3014 4220 προελθεῖν,
3040 4154 3221 4222 ἔγνω
3257 4159 3365 4228 μὲν
3387 4156 3649 4215 τοιούτους
3664 4152 3736 4202 ὲσο

2151 4240 2343 4309 μένους
2366 4276 2380 4299 ,
2413 4239 2560 4306 ὅμως
2583 4237 2630 4289 δ’
2658 4234 2754 4291 οὖν
2788 4240 3180 4312 συνεχώρησε
3219 4248 3558 4318 γεννηθῆναι
3593 4244 3673 4297 καὶ
3696 4240 3736 4290 ei

2150 4327 2266 4394 φῶς
2299 4325 2603 4396 προελθεῖν,
2630 4326 2732 4395 τὴν
2761 4330 2897 4398 παρ’
2925 4330 3102 4382 αὑτοῦ
3137 4337 3338 4407 χάριν
3366 4337 3465 4390 καλ⁵
3502 4333 3665 4393 αὐτοῖς
3684 4328 3736 4380 ὀω

508 4411 653 4464 nime
682 4410 937 4464 deﬂexam
967 4410 1105 4463 viam
1126 4419 1323 4479 suapte
1347 4410 1618 4464 voluntate
1639 4411 1892 4467 initurum
1909 4430 2040 4483 pra:-

2151 4392 2474 4486 ρησάμενος,
2497 4416 2577 4478 εἰς
2608 4416 2672 4468 τὸ
2690 4392 2981 4488 *φανεροὺς
3009 4392 3310 4488 γενέξςοξιι
3331 4428 3435 4498 τὴν
3461 4424 3736 4497 προαίρεσιν

507 4506 724 4553 vertens
756 4498 898 4552 Deus
946 4508 1190 4553 noverat.
1222 4499 1422 4554 Deinde
1467 4501 1682 4568 utrique
1712 4502 1888 4556 ordini
1914 4504 2045 4558 libe-

507 4604 629 4644 rum
655 4588 859 4642 arbitrii
883 4595 1085 4641 motum
1118 4589 1341 4652 dimisit,
1377 4588 1679 4643 concedens
1700 4597 1757 4643 ut
1783 4592 1837 4643 in
1871 4592 2046 4646 stadio

509 4697 730 4738 cursum
750 4677 1100 4734 conﬁcerent.
1153 4679 1230 4732 Ae
1273 4693 1394 4732 eum
1430 4680 1711 4735 universos
1748 4689 1939 4735 natura
1971 4683 2047 4736 si-

508 4771 665 4831 miles
720 4766 1091 4822 ‘eonstituissel
1130 4805 1145 4828 ,
1191 4766 1465 4820 voluntate
1515 4767 1731 4839 propria
1781 4783 2046 4836 quemque

509 4859 731 4912 meliora
756 4855 987 4925 deligere
1006 4858 1208 4923 pariter
1250 4855 1512 4924 permisit.
1547 4854 1629 4908 llli
1677 4870 1828 4920 vero,
1864 4864 2047 4925 utpote

513 4948 603 5014 qui
625 4947 706 5001 sui
731 4948 967 5015 ipsorum
1019 4946 1243 5008 domini,
1280 4947 1364 5000 sui
1404 4946 1544 5015 juris
1572 4961 1635 4999 ac
1682 4946 1835 5000 liberi
1873 4946 2047 5015 quoad

515 5043 716 5088 motum
737 5043 937 5096 essent,
988 5035 1247 5088 arbitratu
1282 5052 1380 5090 suo
1429 5035 1688 5103 disjuncti
1732 5043 1883 5099 sunt,
1928 5036 2048 5090 aliis

515 5130 738 5187 rectam,
785 5122 1056 5190 obliquam
1113 5125 1235 5179 aliis
1289 5126 1429 5179 viam
1476 5122 1871 5192 cooptantibus.
1927 5124 2051 5178 Ideo

514 5208 694 5274 justus
724 5208 812 5261 ille
834 5209 1017 5275 judex,
1044 5211 1258 5280 utrique
1296 5212 1474 5266 ordini
1494 5225 1598 5265 ‘ceu
1624 5210 1934 5264 certaminis
1963 5225 2053 5263 ar-o

520 5290 677 5353 biter,
709 5296 1022 5361 congruenti
1049 5311 1111 5348 ac
1133 5298 1311 5352 debito
1344 5298 1448 5352 line
1478 5298 1667 5367 dignos
1708 5304 2049 5349 remunerat:

521 5393 629 5429 non
656 5380 928 5449 hominum
963 5384 1066 5435 ritu
1089 5377 1404 5442 ex'actuum
1429 5394 1622 5443 eventu
1645 5384 1908 5457 cujusque
1934 5399 2051 5442 mo-

596 5524 639 5558 “
676 5523 817 5578 I‘sal.
853 5541 958 5592 va,
998 5531 1050 5585 '5.

2159 4502 2308 4553 Ἐπεὶ
2335 4500 2426 4552 καὶ
2453 4500 2517 4552 τὸ
2562 4502 2677 4554 τῶν
2704 4504 2936 4559 δικαίων
2965 4509 3193 4578 τάγμα
3217 4555 3234 4578 ,
3278 4516 3346 4579 ἐξ
3371 4516 3577 4576 οἰκείας
3599 4525 3730 4579 upon!

2149 4588 2348 4658 ρέσεως
2379 4586 2479 4657 τὴν
2506 4588 2681 4661 ὀρθὴν
2716 4594 2815 4646 καὶ⁹
2864 4596 3273 4672 ὰδιάστροφον
3328 4605 3526 4676 μέλλον
3570 4600 3735 4654 ὁδεύειν

2147 4675 2430 4747 προλαϐὼν
2463 4678 2491 4728 ὁ
2516 4678 2654 4743 Θεὸς
2687 4682 2857 4752 ἔγνω.
2899 4683 3016 4740 Εἶτ’
3055 4675 3428 4766 ἀμφοτέρων
3457 4694 3562 4747 τῶν
3582 4689 3736 4757 τατμά.

2146 4783 2253 4819 των
2275 4767 2375 4837 τὴν
2405 4769 2767 4835 αὐτεξούσιον
2806 4777 2991 4851 ὁρμὴν
3021 4781 3350 4858 ἐλευθέραν
3378 4787 3595 4858 ἀνῆκεν,
3624 4782 3686 4843 ὡς
3707 4780 3736 4829 ἐι

2154 4858 2351 4948 σταδίῳ
2383 4862 2664 4948 ποιεῖσθαι
2698 4869 2798 4921 τὸν
2829 4869 3039 4943 δρόμον
3070 4875 3396 4948 ἐπιτρέψας
3429 4879 3621 4937 αὐτοῖς.
3662 4867 3736 4922 Κιἲ

2151 4946 2316 5008 αὐτὸς
2349 4947 2445 5016 μὲν
2471 4949 2706 5019 ὁμοίους
2734 4958 2841 5030 τὴν
2876 4963 3048 5031 φύσιν
3079 4946 3462 5033 τοὸςίπαντας
3485 4958 3736 5029 ὑποστησά

2156 5051 2314 5103 μενος
2338 5075 2367 5130 ν-
2394 5042 2731 5111 προαιρέσει
2781 5052 2973 5127 οἰκείᾳ
3038 5056 3293 5130 χρῆσθαι
3341 5059 3479 5127 πρὸς
3522 5054 3612 5124 τὴν
3664 5049 3736 5101 τῶπ

2154 5126 2479 5222 κρείττονων
2510 5132 2739 5204 αἵρεσιν
2766 5146 2889 5207 τοῖς
2921 5126 3094 5203 πᾶσιν
3110 5126 3329 5222 atmiis;
3355 5126 3735 5214 σύγκεχώρηκεν

2231 5213 2325 5302 δέ-.
2354 5217 2451 5271 ac;
2478 5221 2672 5296 κύριοι
2710 5233 2936 5292 ἑαυτῶν
2966 5213 3183 5298 καθεστ
3200 5236 3352 5297 ἶπες
3370 5274 3387 5295 τ
3424 5234 3605 5302 ﬁrmi
3621 5246 3673 5280 τε
3692 5241 3736 5277 ⁷⁵

2090 5348 2105 5359 κ
2157 5296 2582 5405 ξλεύθεροιβῆγ
2606 5315 2824 5391 ὁρμὴνν
2869 5296 3381 5404 αὐτοπροαρθὲτιι)
3404 5296 3735 5405 Ἲνίίλμῃδιέστ

2159 5403 2281 5456 σαν,
2313 5394 2364 5444 οἱ
2397 5396 2497 5464 μὲν
2530 5399 2637 5473 τὴν
2664 5409 2899 5472 εὐθεῖαν
2930 5394 3175 5491 ὁδεύειν,
3231 5411 3285 5469 οἱ
3309 5410 3369 5470 δὲ
3391 5394 3486 5484 τὴν
3507 5400 3736 5477 ade
