3812 6320
144 339 240 395 ὄίῧ
1260 345 1751 402 COMMENTARIA
1788 344 1853 399 EN
1886 345 2218 400 PSALMOS.

141 456 386 524 ἒλᾴμενοι.
422 455 609 507 ιόυτου
644 455 803 527 χάριν
827 454 855 509 ὁ
878 457 1078 521 δίκαιος
1100 460 1308 529 κριτὴς,
1341 462 1679 528 ἀγωνοθετῶν

1782 477 1868 516 res
1889 461 2137 515 cdisccns
2158 500 2172 521 ,
2197 472 2378 512 verum
2411 466 2592 525 utpote
2614 455 2752 513 Deus
2773 456 2954 511 omnia
2987 470 3321 525 cognoscens

142 546 365 615 ἐκατέρῳ
397 544 656 613 τάγματι,
683 545 763 615 τῷ
787 548 1104 618 καταλλήλῳ
1134 548 1228 601 καὶ
1254 553 1573 621 προσήκοντι
1596 552 1682 603 τέ-

142 636 213 686 λει
243 636 364 696 τοὺς
398 634 584 698 ἀξίους
614 636 978 706 παραδίδωσιν
997 655 1009 667 ·
1042 638 1100 691 οὐ
1124 639 1369 711 καθάπερ
1410 640 1681 709 ἄνθρωποι

146 723 317 792 μαθὼν
347 724 408 775 ὲκ
435 721 533 792 τῆς
575 721 687 778 τῶν
726 726 1065 795 πραγμάτων
1095 726 1411 793 ἀποϐάσεως
1438 730 1529 782 τὸν
1557 727 1682 782 ἐκά-

147 826 255 860 στου
280 808 505 879 τρόπον,
548 804 638 862 οἷα
672 810 731 862 δὲ
771 812 903 874 Θεὸς
941 813 1033 863 καὶ
1074 814 1179 883 πρὸ
1217 814 1479 880 γενέσεως
1530 815 1682 877 εἰδὼς

146 897 358 947 ἅπαντα.
385 896 471 948 Διὸ
504 899 553 949 oi
579 899 680 967 μὲν
707 900 1219 970 ἀπηλλοτριώθησαν
1252 895 1383 972 παρ’
1416 903 1562 972 αὐτῷ
1591 905 1681 956 καὶ

145 986 261 1055 πρὶν
295 986 324 1054 ἢ
356 989 465 1048 τοῖς
498 986 711 1049 λοιποῖς
733 986 1041 1056 γνωσθῆναι
1060 1005 1073 1018 ·
1112 991 1161 1041 oi
1186 990 1242 1042 δὲ
1280 992 1423 1058 ἅγιοι
1454 991 1681 1059 ἐκλογῆς

144 1073 428 1143 ἠξιώθησαν
457 1075 662 1144 ὁμοίως
700 1076 940 1146 Ἱερεμίᾳ
978 1077 1054 1146 τῷ
1081 1080 1330 1150 προφήτῃ
1350 1119 1364 1140 ,
1393 1073 1437 1146 ᾧ
1464 1096 1624 1148 φησιν
1654 1082 1681 1131 ὁ

146 1162 289 1223 Θεόςο
314 1163 425 1229 Πρὸ
456 1163 562 1216 τοῦ
582 1180 662 1232 με
689 1164 917 1217 πλάσαι
939 1179 1011 1219 σε
1035 1167 1104 1217 ἐν
1134 1169 1347 1235 κοιλίᾳ,
1364 1162 1681 1236 ἑπίσταμιὶί

145 1263 241 1309 σε,
268 1252 359 1303 καὶ
398 1246 510 1317 πρὸ
540 1252 649 1305 τοῦ
685 1268 760 1305 σε
786 1253 1054 1317 ἐξελθεῖν
1078 1255 1146 1307 ἐκ
1166 1257 1424 1323 μήτρας,
1467 1259 1682 1326 ἡγίακά

147 1354 229 1391 σε.
256 1340 359 1391 Καὶ
381 1342 409 1393 ὁ
439 1342 761 1405 ’Δπόστολος
788 1332 947 1396 τοῦτο
990 1344 1173 1415 ἐδήλου
1201 1347 1451 1413 φάσκων
1481 1349 1681 1412 Καθὼς

146 1428 437 1492 ἐξελέξατο
459 1430 618 1498 ἡμᾶς
637 1432 710 1483 ἐν
741 1432 903 1497 αὐτῷ
925 1433 1038 1499 πρὸ
1071 1435 1401 1504 καταϐολῆς
1428 1440 1677 1506 κόσμου,

147 1513 283 1571 εἶναι
329 1519 476 1587 ἡμᾶς
510 1521 723 1589 ἁγίους
754 1522 850 1575 καὶ
886 1520 1160 1590 ἀμώμους
1193 1524 1551 1579 κατενώπιον
1578 1528 1681 1580 αὐ-

148 1608 241 1660 τοῦ
271 1609 337 1661 ἐν
363 1610 577 1678 ἀγάπῃ,
609 1610 938 1678 προορίσας
968 1610 1122 1682 ἡμᾶς
1142 1615 1228 1678 εὶς
1256 1615 1556 1669 υἱοθεσίαν
1585 1614 1681 1669 διὰ

162 1697 334 1763 Ἰησοῦ
365 1699 614 1765 Χριστοῦ
635 1716 650 1728 ·
679 1701 774 1752 καὶ
802 1702 991 1754 πάλιν·
1025 1704 1119 1754 Ἐν
1154 1696 1202 1767 ᾧ
1230 1705 1323 1757 καὶ
1353 1705 1680 1773 ἐκληρώθηα

1781 557 1904 604 ante
1920 547 2201 618 originem.
2233 547 2409 612 Quare
2430 548 2516 599 alii
2543 545 2756 614 quidem
2783 554 3068 614 antequam
3116 547 3324 599 caeteris

1781 639 1891 688 noti
1925 643 2126 700 essent,
2160 636 2227 687 ab
2254 650 2318 688 eo
2346 635 2564 688 alienati
2593 642 2750 698 sunt;
2808 636 2982 687 sancti
3013 650 3163 695 vero,
3223 634 3327 687 ele-

1780 727 1957 779 ctione
1990 725 2192 793 dignati
2220 764 2234 787 ,
2263 724 2423 778 sicuti
2453 721 2713 777 Jeremias
2742 723 3000 790 propheta
3024 762 3038 785 ,
3072 722 3158 777 cui
3186 708 3324 775 dixit

1782 812 1920 867 Deus
1956 829 1969 863 :
2002 814 2289 882 Antequam
2319 822 2365 865 te
2397 812 2677 880 formarem
2706 812 2764 883 in
2825 819 2993 871 utero,
3028 812 3145 862 novi
3172 822 3239 872 te,
3273 821 3323 863 et

1780 912 2051 972 antequam
2079 904 2242 955 eiircs
2263 900 2325 953 de
2355 902 2522 964 vulva,
2554 901 2874 963 sanctiﬁcavi
2899 909 2945 951 te
2966 900 3031 951 ³⁸.
3057 898 3111 953 Id
3143 901 3319 968 ipsum

1780 994 2069 1062 Apostolus
2108 994 2346 1047 declarat
2394 992 2480 1045 his
2532 991 2708 1044 verbis
2749 1009 2762 1043 :
2796 988 3111 1058 Sicutelegit
3149 1006 3242 1042 nos
3266 990 3321 1042 in

1779 1084 1889 1151 ipso
1918 1091 2036 1136 ante
2062 1081 2238 1135 mundi
2266 1081 2705 1139 constitutionem,
2746 1088 2800 1132 ut
2833 1095 3058 1132 essemus
3082 1081 3248 1132 sancti
3270 1088 3321 1132 et

1778 1172 2103 1223 immaculati
2126 1171 2180 1222 in
2209 1177 2480 1235 conspectu
2523 1169 2633 1235 ejus
2666 1169 2720 1220 in
2751 1168 3004 1219 charitate
3033 1168 3161 1233 :qui
3183 1181 3321 1232 pra:-

1779 1257 2055 1309 destinavit
2108 1271 2199 1308 nos
2246 1256 2299 1307 in
2348 1253 2674 1322 adoptionem
2728 1253 2958 1320 ﬁliorum
3002 1267 3091 1318 per
3138 1251 3319 1304 Jesum

1782 1345 2040 1399 Christum
2060 1346 2221 1407 l”;ac
2253 1358 2507 1397 rursum:
2548 1340 2612 1394 In
2645 1356 2742 1409 quo
2767 1350 2815 1394 et
2851 1357 2942 1393 nos
2976 1341 3108 1408 forte
3154 1341 3321 1392 rocati

1778 1447 1976 1493 sumus,
2029 1429 2384 1499 prmdestinati
2438 1425 2714 1479 secundum
2780 1424 3153 1492 pra'scieutiam
3207 1424 3319 1490 ejus

1778 1521 1864 1587 qui
1899 1527 2146 1587 operatur
2190 1517 2367 1570 omnia
2386 1513 2666 1568 secundum
2724 1512 2995 1583 consilium
3041 1511 3320 1562 voluntatis

1779 1617 1977 1670 suw,ut
2008 1608 2170 1659 simus
2199 1607 2250 1657 in
2275 1604 2480 1657 laudem
2511 1603 2691 1673 gloria:
2727 1602 2838 1665 eius
2880 1600 2942 1655 ".
2972 1598 3159 1652 Videu’
3186 1614 3322 1667 quo-

1781 1696 1937 1751 modo
1979 1704 2100 1749 ante
2131 1695 2315 1748 mundi
2376 1691 2838 1751 constitutionem,
2873 1690 3074 1743 electos
3101 1695 3155 1741 et
3187 1703 3321 1755 pra:-

146 1801 248 1851 μεν
264 1776 703 1853 προορισθέντες
729 1790 878 1842 κατὰ
908 1792 1245 1858 πρόγνωσιν
1262 1793 1367 1847 τοῦ
1385 1794 1457 1846 τὰ
1484 1793 1678 1846 πάντα

1781 1785 2077 1837 destinatos
2101 1782 2243 1836 dicat
2274 1782 2342 1834 ad
2372 1781 2715 1849 adeptionem
2742 1780 2993 1841 filiorum,
3023 1778 3317 1830 secundum

150 1869 505 1938 ἐνεργοῦντος
544 1873 643 1926 καὶ
694 1875 844 1953 κατὰ
903 1874 1016 1942 τὴν
1068 1877 1311 1953 ,βουλὴν
1350 1880 1453 1932 τοῦ
1502 1881 1676 1947 θελή-

146 1973 313 2022 ματος
332 1960 528 2022 αὐτοῦ,
550 1962 641 2026 εις
665 1962 733 2014 τὸ
758 1959 911 2016 εἶναι
946 1964 1103 2031 ἡμᾶς
1122 1968 1208 2028 εἰς
1235 1965 1480 2020 ἔπαινον
1497 1967 1679 2034 δόξης

151 2049 331 2101 αὐτοῦ.
389 2051 547 2121 Ὁρᾷς
598 2052 750 2115 ὅπως
798 2054 902 2125 πρὸ
952 2054 1251 2124 καταϐολῆς
1292 2056 1495 2127 κόσμου
1546 2058 1679 2124 ἐξει-

151 2136 315 2206 λέχθαι
344 2141 432 2191 καὶ
465 2141 803 2210 προωρίσοαι
831 2144 910 2205 εἰς
941 2142 1230 2208 υἱοθεσίαν,
1262 2145 1400 2198 κατὰ
1432 2144 1709 2217 πρόθεσιν“

150 2224 231 2277 τοῦ
264 2229 421 2282 πάντα
450 2229 530 2280 iv:
541 2226 800 2299 ργοῦντός
821 2249 952 2300 φησι
972 2248 986 2294 ;
1005 2233 1102 2301 τὴν
1122 2228 1289 2302 αὐτὴν
1312 2233 1366 2285 δὲ
1388 2236 1677 2306 παρίστησι

150 2312 358 2368 διάνοιαν
384 2316 411 2368 ὁ
441 2317 603 2379 αὐτὸς
628 2318 801 2385 λέγων
821 2331 835 2349 ⁵
875 2319 1126 2386 Οἴδαμεν
1163 2319 1230 2371 δὲ
1247 2359 1261 2382 ,
1287 2319 1372 2372 ὅτι
1400 2322 1521 2386 τοῖς
1539 2324 1678 2391 ἀγα·

155 2401 290 2455 πῶσι
331 2404 432 2457 τὸν
472 2405 622 2459 Θεὸν
652 2406 849 2460 πάντα
893 2406 1173 2475 συνεργεῖ
1194 2410 1280 2473 εἰς
1308 2409 1528 2477 ἀγαθὸν
1556 2410 1678 2476 τοῖς

155 2493 286 2543 κατὰ
314 2494 587 2559 πρόθεσιν
630 2494 874 2561 κλητοῖς
901 2491 1112 2549 οὖσιν*
1143 2496 1229 2548 ὅτι
1272 2494 1374 2561 οὓς
1419 2497 1678 2567 προέγνω

155 2580 241 2631 καὶ
273 2582 545 2650 προώρισε
569 2586 963 2653 συμμόρφους
994 2584 1103 2652 τῆς
1142 2584 1369 2652 εἰκόνος
1401 2587 1506 2641 τοῦ
1544 2588 1678 2641 Υἱοῦ

155 2670 339 2735 αὑτοῦ,
356 2674 438 2737 εἰς
464 2673 527 2725 τὸ
555 2666 709 2727 εἶναι
732 2673 917 2728 αὐτὸν
949 2675 1320 2741 πρωτοτόκων
1342 2675 1412 2727 ἐν
1433 2675 1678 2741 πολλοῖς

156 2756 424 2826 ἀδελφοῖς.
455 2761 571 2827 Οὓς
586 2762 657 2815 δὲ
678 2762 989 2830 προώρισε,
1014 2764 1262 2829 τούτους
1286 2765 1381 2817 καὶ
1406 2760 1676 2827 ἐκάλεσε,

156 2849 240 2899 καὶ
270 2850 365 2915 οὓς
392 2851 643 2905 ἐκάλεσε
667 2894 682 2917 ,
713 2854 962 2917 τούτους
995 2854 1089 2906 καὶ
1118 2853 1424 2907 ἐδικαίωσε
1441 2895 1456 2917 ,
1483 2853 1679 2920 cogas

155 2934 455 3003 ἐδικαίωσε,
483 2943 735 3006 τούτους
771 2941 871 2996 καὶ
907 2941 1178 3004 ἐδόξασε.
1213 2944 1292 2995 Ta
1320 2944 1479 3012 ὅμοια
1504 2943 1559 2995 δὲ
1588 2943 1679 2995 καὶ

1779 1876 2107 1945 propositum
2159 1874 2276 1941 ejus
2323 1872 2413 1940 qui
2456 1873 2583 1924 talia
2611 1869 2904 1939 operatur?
2958 1868 3319 1937 Eamdemque

1779 1968 1892 2035 ipse
1925 1965 2240 2020 sententiam
2266 1962 2471 2032 profert
2508 1963 2594 2015 his
2633 1963 2847 2016 verbis:
2877 1959 3084 2014 Scimus
3146 1968 3318 2013 autem

1774 2057 2017 2126 quoniam
2038 2054 2370 2123 diligentibus
2398 2052 2561 2105 Deum
2582 2051 2757 2104 omnia
2777 2059 3120 2117 coaperantur
3146 2051 3201 2101 in
3230 2049 3321 2100 bo—

1778 2162 1898 2197 num
1930 2146 1995 2197 iis
2015 2145 2101 2213 qui
2130 2142 2409 2196 secundum
2454 2141 2772 2209 propositum
2796 2139 2963 2192 vocati
2991 2147 3127 2190 sunt.
3176 2137 3316 2189 Nam

1775 2248 1901 2301 quos
1923 2232 2179 2300 prwscivit
2210 2239 2257 2283 et
2307 2228 2688 2296 pra’destinavit
2709 2225 2994 2293 conformes
3027 2227 3141 2290 ﬁeri
3183 2227 3318 2278 ima—

1775 2321 1882 2391 gini
1914 2320 2039 2373 Filii
2055 2321 2156 2382 sui,
2185 2328 2240 2371 ut
2266 2321 2334 2371 sit
2356 2320 2464 2386 ipse
2491 2318 2861 2387 primogenitus
2902 2318 2956 2369 in
2987 2315 3167 2368 multis
3197 2315 3315 2382 {ra--

1779 2410 1892 2462 bus.
1923 2407 2064 2472 Quos
2100 2417 2268 2459 autent
2290 2405 2697 2473 prwdestinavit,
2739 2404 2831 2456 Iros
2883 2412 2932 2456 et
2976 2403 3215 2462 vocavit;
3268 2411 3316 2453 et

1777 2510 1902 2562 quos
1930 2494 2144 2559 vocavit,
2165 2493 2256 2545 hos
2291 2501 2339 2544 et
2349 2491 2693 2560 justi/ienuit;
2741 2505 2866 2559 quos
2906 2496 3095 2542 autem
3114 2489 3319 2556 justiﬁ-

1777 2582 1930 2644 cavit,
1948 2580 2066 2633 illos
2102 2589 2149 2633 et
2173 2578 2483 2647 gloriﬁcavit
2506 2577 2575 2631 ".
2605 2576 2812 2629 Similia
2836 2576 2903 2631 de
2917 2591 2977 2630 se
3005 2574 3316 2643 ipsedecla-

1778 2676 1861 2721 rat
1881 2667 2066 2721 dicens
2097 2684 2110 2719 :
2140 2664 2271 2721 Cum
2292 2676 2461 2718 autem
2487 2663 2682 2733 placuit
2704 2664 2771 2727 ei,
2801 2666 2890 2732 qui
2921 2679 3001 2715 me
3037 2662 3319 2731 segregavit

1775 2772 1840 2810 ea:
1868 2765 2012 2811 utero
2035 2757 2217 2810 matris
2252 2772 2396 2819 mete,
2424 2756 2649 2810 revelare
2679 2754 2877 2809 Filium
2901 2770 3052 2807 suum
3074 2754 3128 2806 in
3155 2768 3236 2806 me
3248 2752 3314 2806 ⁸⁸.

1777 2846 2234 2912 Quemadmodum
2296 2846 2458 2916 igitur
2508 2861 2629 2900 cum
2675 2860 2768 2899 eos
2796 2843 3174 2913 prmscivisset,
3225 2843 3314 2910 qui

1780 2936 2008 2989 amaturi
2035 2937 2208 3005 ipsum
2230 2945 2405 2994 erant,
2460 2936 2621 2989 etiam
2683 2932 3221 3003 pnedestinavit;sic
3265 2941 3320 2986 et

158 3027 267 3094 729':
306 3028 484 3082 ἑαυτοῦ
523 3030 762 3082 διδάσκει
807 3030 865 3081 ἐν
908 3023 990 3091 οἷς
1017 3031 1177 3100 φησίν
1202 3047 1214 3057 ·
1245 3032 1371 3084 Ὅτε
1406 3031 1474 3083 δὲ
1506 3030 1677 3098 ηὐδό-

1781 3024 1971 3094 impios
1997 3039 2119 3079 cum
2157 3024 2490 3093 praevidisset
2510 3024 2774 3093 justitiam
2810 3024 3107 3085 locuturos,
3135 3028 3318 3089 utpote

160 3128 325 3178 κησεν
368 3120 400 3170 ὁ
445 3118 743 3185 ἀφορίσας
774 3134 851 3185 με
876 3117 944 3169 ἐκ
989 3121 1219 3182 κοιλίας
1257 3120 1478 3185 μητρός
1519 3135 1636 3186 μου
1661 3155 1677 3179 ,

157 3200 510 3274 ἀποκαλύψαι
544 3208 651 3261 τὸν
690 3207 828 3260 Υἱὸν
861 3207 1045 3261 αὐτοῦ
1083 3207 1152 3259 ἐν
1175 3208 1323 3275 ἐμοί.
1353 3209 1558 3278 Ὥσπερ
1586 3204 1678 3261 οὖν

159 3288 354 3353 τούτους
381 3295 641 3363 προγνοὺς
678 3293 966 3363 μέλλοντας
1001 3295 1219 3363 ἀγαπᾷν
1255 3294 1413 3347 αὐτὸν
1441 3294 1679 3367 προώρι-

160 3391 257 3439 σεν,
284 3379 415 3434 οὓτω
446 3382 535 3435 καὶ
556 3385 679 3446 τοὺς
709 3382 922 3444 ἀσεϐεῖς
945 3423 959 3445 ,
995 3382 1177 3452 ἐπειδὴ
1206 3384 1449 3450 προέγνω
1475 3383 1682 3453 μέλλον-

157 3478 243 3525 τας
278 3466 445 3521 λαλεῖν
484 3470 828 3541 δικαιοσύνην
858 3472 944 3524 διὰ
972 3469 1032 3523 τὸ
1061 3470 1342 3539 γινώσκειν
1380 3472 1580 3541 αὐτὴν,
1617 3474 1678 3526 οὐ

163 3549 256 3625 μὴν
283 3557 368 3609 καὶ
395 3561 502 3622 τοῖς
530 3560 711 3631 ἔργοις
741 3560 908 3630 αὐτὴν
940 3559 1421 3630 μετελευσομένους
1439 3600 1453 3622 ,
1494 3559 1580 3613 διὰ
1620 3562 1680 3612 τὸ

158 3642 263 3702 ταῖς
289 3648 460 3715 χερσὶν
492 3646 704 3701 ἀδικῖαν
727 3648 1077 3718 συμπλέκειν,
1108 3646 1293 3700 τούτου
1326 3647 1480 3717 χάριν
1506 3649 1679 3718 ἀπηλ-

160 3727 421 3803 λοτρὶωτεν
452 3740 556 3792 ἀπὸ
587 3742 799 3812 μήτρας
817 3780 831 3803 ,
858 3741 951 3793 καὶ
977 3734 1045 3792 λέν
1071 3740 1436 3809 πλανωμένοις
1463 3740 1555 3792 καὶ
1586 3738 1680 3791 λα-

162 3814 295 3874 λθῦσι
320 3823 476 3897 Φενδῆ
500 3832 628 3900 παρ’
656 3830 834 3899 ἑαυτῷ
864 3829 1237 3899 κατηρίθμησε
1259 3830 1386 3899 πρὶν
1411 3828 1678 3895 γενέσθαι·

166 3909 476 3982 συνεχώρησέ
502 3932 559 3967 τε
594 3915 751 3978 εἰδὼς
777 3917 973 3978 αὐτοὺς
999 3916 1265 3978 τοιούτους
1290 3915 1574 3984 ἐσομένους
1604 3917 1682 3977 είς

166 3999 372 4067 φανερὸν
400 4002 593 4066 ἐλθεῖν,
631 4004 707 4067 ὡς
744 4004 809 4056 ἂν
837 4005 896 4056 τὸ
933 4004 1183 4074 διάφορον
1208 4004 1313 4056 τῶν
1340 4004 1558 4056 δικαίων
1590 4005 1682 4056 καὶ

164 4077 401 4142 θεοσεόῶν
427 4091 633 4159 ἀνδρῶν
665 4094 730 4144 ὲκ
769 4093 868 4161 τῆς
897 4092 1004 4144 τῶν
1045 4092 1293 4162 χειρόνων
1338 4091 1681 4161 παραθέσεως

164 4167 466 4245 διαλάμψειε.
490 4180 635 4243 Μιᾶς
654 4180 764 4250 γὰρ
791 4180 939 4242 ὄντες
965 4180 1175 4248 φύσεως
1202 4182 1252 4232 οἱ
1280 4181 1496 4244 πάντες,
1512 4182 1560 4247 οξ
1584 4179 1681 4250 μὲν

165 4257 354 4327 ὲπάντες
383 4266 582 4323 εἵλαντο
608 4270 676 4323 τὰ
709 4269 959 4340 κρείττω,
978 4271 1025 4321 οἱ
1058 4269 1113 4322 δὲ
1131 4270 1226 4339 τὴν
1257 4270 1494 4323 ἐναντίαν
1518 4269 1681 4322 ὦδευ·

166 4360 265 4411 σαν,
292 4355 606 4428 αὖτεξουσίῳ
634 4360 950 4429 προαιρέσει
978 4358 1325 4428 χρησάμενοι.
1364 4359 1593 4429 ’Υψηλδς
1620 4359 1676 4410 δὲ

161 4432 186 4480 ὅ
210 4438 361 4507 μέγας
396 4446 500 4498 τῶν
525 4448 659 4499 ὅλων
689 4447 881 4517 κριτὴς
900 4486 914 4509 ,
947 4446 1404 4517 προκαθεζόμενος
1436 4449 1676 4518 ἑκατέρῳ

164 4523 392 4593 τάγματι,
422 4533 671 4601 βραϐεύει
715 4536 787 4588 τὰ
827 4536 1114 4604 πρέποντα.
1149 4535 1240 4588 Διό
1269 4538 1393 4598 τοὺς
1420 4538 1517 4607 μὲν
1542 4538 1676 4604 ἀγα-

165 4614 412 4683 πήσαντας
437 4623 592 4675 αὐτὸν
619 4623 860 4686 ὲδόξασε,
895 4625 1241 4695 συμμόρφους
1271 4625 1550 4689 ἀποδείξας
1577 4627 1675 4694 τῆς

164 4700 341 4768 εἰκόνος
373 4709 460 4775 τοῦ
503 4712 630 4763 Υἱοῦ
676 4711 843 4764 αὑτοῦ
863 4752 877 4774 ,
912 4713 986 4774 ὡς
1019 4713 1082 4765 ἂν
1114 4714 1257 4782 ἔργῳ
1280 4712 1375 4782 τὴν
1410 4715 1488 4776 εἰς
1518 4714 1675 4766 αὑτὸν

166 4786 530 4864 ἐνδειξαμένους
562 4801 785 4867 ἀγάπην
804 4817 817 4829 ο
844 4802 967 4863 τοὺς
995 4802 1049 4853 δὲ
1076 4801 1360 4862 ἐναντίους,
1378 4803 1453 4864 ὡς
1476 4802 1540 4854 ἂν
1563 4803 1677 4854 ἐαυ-

167 4875 268 4938 τοῦς
308 4882 841 4954 ἁπαλλοτριώσαντας
884 4887 978 4954 τῆς
1014 4887 1173 4939 αὐτοῦ
1220 4888 1468 4956 χάριτος,
1514 4906 1677 4942 κατα-

169 4958 327 5017 ῧάλλει
354 4972 635 5041 συντρίϐων
664 4973 844 5024 αὐτῶν
866 4976 985 5034 τοὺς
1006 4975 1237 5037 ὀδόντας,
1267 4971 1346 5039 οἷς
1365 4979 1425 5029 οὐ
1455 4979 1675 5040 δεόντως

172 5047 467 5121 ἐχρήσαντο,
499 5059 590 5110 καὶ
628 5060 869 5112 συνθλῶν
897 5060 991 5123 τὰς
1041 5061 1205 5130 μύλας
1244 5064 1448 5127 αὐτῶν,
1492 5066 1557 5117 δι’
1603 5061 1677 5118 ὧν

172 5138 354 5203 πολλοῖς
375 5142 698 5212 ἐλυμήναντο
716 5162 729 5174 ⁸
752 5146 847 5196 καὶ
874 5147 1017 5209 τέλος
1040 5150 1118 5208 εἰς
1131 5146 1465 5209 έξουδένωσιν
1484 5152 1673 5215 αὐτοὺς
1707 5154 2025 5222 παραδιδοὺς
2078 5153 2169 5206 καὶ
2223 5152 2411 5221 χλεύην
2449 5150 2538 5202 καὶ
2562 5149 2785 5211 ὄνειδος·
2804 5150 2892 5201 ὅτε
2920 5148 3012 5200 καὶ
3033 5147 3188 5217 δίκην
3209 5146 3316 5200 τῶν
3340 5170 3351 5175 ·

1704 5240 1911 5302 ἑαυτοῖς
1972 5240 2030 5290 τὸ
2053 5239 2285 5291 τοιοῦτον
2314 5233 2732 5305 προξενήσαντες
2759 5236 2937 5298 τέλος.⁸

174 5226 380 5292 ρευστῶν
400 5230 487 5280 καὶ
517 5229 613 5297 οὐχ
639 5229 888 5282 ἑστώτων
915 5234 1111 5284 ὑδάτων
1135 5233 1502 5301 ἀπορρέουσιν,
1521 5237 1672 5289 αὐτοὶ

239 5311 482 5367 Ἐντενεῒ
495 5319 557 5369 τὸ
584 5317 767 5379 τόξον
785 5320 965 5373 αὑτοῦ
990 5322 1097 5385 ἕως
1122 5316 1190 5374 οὗ
1209 5322 1672 5388 ἀσθενήσουσιν.

179 5392 313 5450 Ὡσεὶ
356 5404 527 5467 κηρὸς
574 5405 777 5468 τακεὶς
835 5407 1416 5475 ἀνταναιρεθήσονται
1436 5429 1449 5442 ο
1500 5413 1676 5465 ἔπεσε

1779 3115 1870 3184 qui
1910 3121 2128 3169 nossent
2152 3114 2296 3166 illam
2323 3153 2337 3177 ,
2376 3114 2467 3168 sed
2510 3114 2683 3181 ipsam
2731 3119 2909 3164 tamen
2934 3126 3040 3165 non
3063 3111 3318 3179 operibus

1780 3200 2020 3256 adituros
2052 3216 2195 3263 esse,
2221 3202 2345 3270 quia
2367 3201 2685 3269 iniustitiam
2732 3199 2984 3252 manibus
3027 3198 3318 3266 complica-

1779 3290 1886 3342 turi
1918 3301 2090 3353 erant,
2116 3291 2236 3344 ideo
2264 3288 2517 3343 alienavit
2577 3301 2668 3341 eos
2717 3301 2744 3339 a
2775 3287 2950 3348 vulva,
2982 3293 3035 3339 et
3058 3286 3139 3338 vel
3165 3292 3318 3337 ante-

1779 3393 1938 3447 quam
2002 3378 2209 3441 lierent,
2245 3379 2297 3431 in
2335 3376 2629 3432 errantium
2684 3384 2737 3429 et
2793 3376 3069 3429 mendacia
3093 3375 3317 3443 loquen-

1780 3468 1913 3521 tium
1962 3483 2186 3522 numero
2217 3469 2271 3520 in
2319 3482 2376 3521 se
2423 3465 2789 3535 computavit;
2854 3465 3203 3533 permisitque
3236 3469 3316 3514 ta-

1780 3573 1922 3619 men,
1943 3558 2044 3611 etsi
2078 3557 2213 3611 tales
2243 3556 2455 3610 futuros
2486 3569 2607 3609 esse
2653 3561 2861 3615 nosset.
2895 3564 2951 3607 ut
2975 3553 3148 3622 palam
3189 3567 3316 3621 pro-

1779 3646 1979 3710 dirent,
2014 3663 2120 3716 quo
2178 3646 2489 3715 praestantia
2513 3644 2787 3712 justorum
2835 3643 3317 3711 reiigiosorumque

1780 3737 2054 3790 hominum
2079 3751 2143 3789 ex
2179 3736 2421 3804 pejorum
2463 3733 2866 3802 comparatione
2897 3733 3151 3787 elucerct.
3184 3730 3316 3784 Nam

1780 3841 1901 3880 cum
1931 3841 1994 3879 ex
2028 3836 2131 3878 una
2161 3840 2349 3878 omnes
2387 3831 2579 3876 natura
2622 3829 2935 3876 constarent
2956 3859 2971 3882 ,
3024 3820 3198 3873 libero
3231 3819 3315 3875 usi

1782 3909 2146 3973 arbitrio,’alii
2192 3911 2409 3981 quidem
2445 3918 2635 3980 sponte
2668 3910 2865 3965 bonum
2906 3909 3200 3976 elegerunt,
3225 3907 3317 3962 alii

1780 4002 2106 4055 contrariam
2135 4002 2303 4056 iniere
2328 4001 2489 4054 viam.
2534 3997 2602 4052 At
2628 4000 2874 4054 excelsus
2907 4003 2960 4051 et
2976 4012 3204 4065 magnus
3229 3997 3317 4050 ille

1781 4090 2152 4145 universorum
2171 4090 2356 4159 judex,
2394 4091 2607 4158 utrique
2659 4086 2837 4140 ordini
2864 4084 3179 4155 praesidens,
3216 4099 3315 4153 pro

1778 4179 1972 4233 merito
2017 4179 2212 4248 cuique
2248 4177 2455 4232 tribuit.
2505 4177 2681 4243 Quare
2724 4176 2821 4229 sui‘
2852 4181 3119 4227 amatores
3148 4173 3319 4241 gloria

1782 4267 1978 4330 ail‘ecit,
2012 4267 2315 4322 conlormes
2344 4266 2559 4334 imagini
2580 4262 2797 4317 Filiisui
2820 4262 3100 4324 exhibens,
3123 4261 3318 4328 quippe

1710 4359 1753 4414 D
1782 4359 1873 4428 qui
1898 4373 2134 4412 amorem
2156 4372 2279 4427 erga
2299 4372 2356 4411 se
2370 4356 2622 4425 operibus
2649 4350 3118 4421 comprobaverint
3145 4366 3158 4414 ;
3183 4351 3317 4402 alios

1783 4462 1909 4501 vero
1938 4447 2071 4514 ipsis
2086 4448 2384 4515 oppositos,
2414 4451 2599 4511 utpote
2644 4440 2737 4510 qui
2761 4455 2881 4495 sese
2906 4440 2973 4492 ab
3001 4440 3120 4507 ejus
3145 4440 3316 4509 gratia

1784 4535 2226 4595 abalienaveriut,
2258 4533 2440 4601 dejicit
2474 4546 2488 4583 :
2520 4531 2706 4583 dentes
2727 4543 2936 4589 eorum,
2962 4529 3161 4596 quibus
3209 4543 3315 4580 non

1785 4633 1840 4677 ut
1879 4639 1975 4692 par
1999 4631 2113 4677 erat
2142 4624 2225 4678 usi
2277 4628 2425 4683 sunt,
2460 4617 2709 4677 conterit,
2771 4617 3049 4685 malasque
3105 4631 3315 4675 eorum,

1782 4713 1934 4778 queis
1969 4712 2151 4764 multis
2196 4710 2485 4779 perniciem
2535 4707 2853 4767 intulerunt,
2894 4704 3222 4772 confringit:
3256 4717 3319 4753 ac

1782 4802 1993 4854 demum
2016 4800 2069 4853 in
2085 4788 2328 4862 nihilum,
2362 4799 2415 4850 in
2440 4797 2605 4850 risum
2637 4806 2691 4848 ct
2712 4794 3056 4864 opprobrium
3078 4791 3314 4849 deducit,

1780 4890 1993 4959 quando
2035 4888 2296 4942 liturarum
2340 4895 2390 4940 et
2452 4900 2557 4939 non
2615 4883 3023 4937 consistentium
3054 4895 3313 4949 aquarum

1784 4979 1954 5032 instar
2002 4976 2239 5031 deﬂuunt
2278 4974 2421 5044 :ipsi
2468 4975 2627 5027 talem
2691 4972 2848 5026 linem
2870 4971 3180 5040 exitumque
3211 4968 3315 5023 sibi

1783 5075 2160 5135 procurarunt.

1850 5330 2014 5382 Vens.
2041 5328 2209 5390 9,10.
2257 5324 2491 5378 Intendet
2542 5338 2719 5374 arcum
2758 5341 2909 5378 suum
2964 5325 3123 5379 donec
3165 5312 3314 5392 inﬁ}-

1781 5427 2001 5470 mentur.
2028 5414 2170 5468 Sicut
2199 5430 2313 5467 cera
2330 5427 2442 5481 qua:
2458 5410 2594 5478 ﬂuit,
2630 5412 3314 5480 auferenturmupercecidit

229 5545 273 5576 ⁸³
305 5545 404 5604 Jer.
439 5566 492 5613 t,
530 5551 583 5605 5.
660 5553 706 5584 ⁸³
748 5553 940 5618 Epltes.
975 5573 1018 5619 ι,
1047 5558 1096 5609 4.
1172 5559 1215 5592 ⁸⁸
1254 5560 1391 5613 ibid.
1428 5563 1606 5616 “~12.

1781 5567 1918 5622 tom.
1956 5582 2081 5629 vui,
2112 5562 2303 5618 28-29.
2378 5565 2422 5595 "
2459 5560 2572 5614 Gal.
2612 5574 2663 5624 ι,
2699 5562 2787 5617 15.

3216 338 3321 415 εεδ
3370 375 3376 403 .
