3812 6340
180 320 269 376 521i
1279 338 1771 395 COMMENTARIA
1807 339 1872 393 1N
1906 340 2237 395 PSALMOS.

3234 337 3341 415 59.6
3390 374 3395 395 ς

174 438 403 506 ἑλόμενοι.
437 438 624 493 ιόυξου
658 443 819 515 χάριν
845 446 875 500 ό
897 448 1097 513 δίκαιος
1119 453 1327 522 κριτὴς,
1360 455 1690 522 ἀγωνοθετῶν

1800 472 1887 511 res
1908 456 2157 510 edisceus
2177 495 2191 516 ,
2216 469 2397 508 verum
2430 463 2610 522 utpote
2633 452 2770 510 Deus
2791 454 2973 509 omnia
3006 468 3340 523 cognoscens

174 527 383 596 ἐκατέρῳ
413 527 669 598 τάγματι,
696 535 777 604 τῷ
803 540 1122 610 καταλλήλῳ
1152 541 1247 594 καὶ
1272 546 1592 614 προσήκοντι
1614 545 1700 597 τέ-

171 619 237 669 λει
265 618 378 679 τοὺς
410 619 597 683 ἀξίους
627 626 1027 695 παραδίδωσινο
1060 630 1119 683 οὐ
1142 631 1388 704 καθάπερ
1429 633 1699 702 ἄνθρωποι

172 706 332 776 μαθὼν
361 708 421 759 ὲκ
448 707 546 777 τῆς
586 708 699 766 τῶν
739 718 1083 786 πραγμάτων
1113 719 1429 786 ἀποϐάσεως
1458 723 1547 775 τὸν
1575 721 1700 775 ἐκά-

170 810 271 843 στου
295 792 515 863 τρόπον,
559 791 650 849 οἷα
683 798 743 851 δὲ
786 804 921 865 Θεὸς
958 805 1050 856 καὶ
1092 806 1197 874 πρὸ
1235 807 1497 874 γενέσεως
1548 809 1699 871 είδὼς

170 880 369 931 ἅπαντα.
394 882 482 934 Διὸ
514 886 562 936 οί
589 887 690 954 μὲν
718 889 1237 963 ἀπηλλοτριώθησαν
1270 888 1402 965 παρ’
1433 897 1580 966 αὐτῷ
1608 899 1698 950 καὶ¹

166 970 273 1039 πρὶν
307 970 331 1040 ἦ
365 974 474 1034 τοῖς
508 973 722 1038 λοιποῖς
745 978 1090 1048 γνωσθῆναι·
1129 984 1179 1034 ot
1203 982 1259 1035 δὲ
1296 985 1441 1050 ἆγιοι
1470 985 1698 1053 ἐκλογῆς

164 1057 436 1128 ἠξιώθησαν
465 1062 670 1131 ὁμοίως
710 1066 957 1138 Ἱερεμίᾳ
994 1069 1071 1139 τῷ
1098 1073 1347 1143 προφήτῃ
1367 1111 1381 1133 ,
1411 1066 1454 1139 ᾧ
1481 1090 1641 1142 φησιν
1671 1076 1698 1125 ὁ

163 1146 297 1209 Θεὸς·
320 1148 432 1216 Πρὸ
463 1150 569 1203 τοῦ
589 1168 670 1220 με
697 1155 935 1208 πλάσαι
956 1172 1028 1210 σε
1051 1159 1120 1210 ἐν
1151 1162 1364 1228 κοιλίᾳ,
1381 1154 1698 1230 ἐπίσταμᾰί

161 1248 251 1294 σε,
275 1237 364 1288 καὶ
404 1238 516 1303 πρὸ
547 1241 656 1294 τοῦ
692 1258 771 1295 σε
800 1244 1071 1308 ἐξελθεῖν
1095 1248 1163 1300 ἐκ
1183 1249 1441 1317 μήτρας,
1483 1253 1698 1320 ἡγίακά

161 1339 238 1378 σε.
264 1325 364 1378 Καὶ
386 1328 413 1380 ὁ
444 1328 773 1396 Ἀπόστολος
802 1322 963 1388 τοῦτο
1006 1336 1189 1407 ἐδήλου
1217 1340 1467 1407 φάσκων·
1497 1343 1696 1406 Καθὼς

160 1414 441 1500 ἐξελέξατο
462 1419 623 1486 ἡμᾶς
643 1422 718 1474 ἐν
751 1424 919 1489 αὑτῷ
941 1424 1054 1491 πρὸ
1086 1428 1416 1496 καταϐολῆς
1443 1433 1692 1500 κόσμου,

158 1499 287 1558 εἶναι
330 1506 478 1575 ἡμᾶς
512 1509 730 1578 ἁγίους
764 1514 866 1566 καὶ
903 1512 1176 1582 ἀμώμους
1209 1499 1567 1573 κατενώπιον
1593 1521 1697 1574 αὺ-

160 1595 246 1647 τοῦ
273 1597 336 1648 ἐν
362 1598 580 1666 ἀγάπῃ,
612 1602 953 1669 προορίσας
983 1603 1137 1674 ἡμᾶς
1157 1608 1243 1671 είς
1270 1609 1571 1661 υἱοθεσίαν
1600 1608 1695 1663 διὰ

171 1684 334 1751 Ἰησοῦ
365 1688 618 1767 Χριστοῦ
639 1705 653 1718 ⁸
684 1690 787 1743 καὶ
817 1694 1006 1746 πάλιν·
1040 1696 1134 1747 Ἐν
1169 1684 1217 1759 ᾧ
1245 1698 1338 1749 καὶ
1367 1698 1695 1767 ἐκληρώθη-

1799 552 1922 599 ante
1939 543 2219 613 originem.
2252 543 2427 607 Quare
2449 545 2535 595 alii
2561 542 2774 611 quidem
2801 551 3087 612 antequam
3134 546 3343 598 caeteris

1799 634 1909 683 noti
1943 638 2144 695 essent,
2178 632 2245 683 ab
2272 646 2336 684 eo
2364 631 2583 684 alienati
2612 638 2769 695 sunt;
2827 634 3001 684 sancti
3030 648 3182 693 vero,
3241 633 3344 685 ele-

1797 721 1975 775 ctione
2008 721 2210 788 dignati
2238 760 2252 783 ,
2281 720 2441 774 sicuti
2471 718 2731 774 Jeremias
2761 720 3018 788 prepheta
3042 760 3055 782 ,
3090 721 3177 775 cui
3204 706 3342 775 dixit

1800 807 1937 862 Deus
1974 824 1986 859 :
2020 808 2306 877 Antequam
2337 818 2383 861 te
2415 808 2695 876 formarem
2724 809 2779 861 in
2843 817 3011 870 utero,
3046 810 3163 861 novi
3189 821 3257 872 te,
3291 820 3340 862 et

1798 906 2068 967 antequam
2097 899 2259 951 eiires
2280 896 2342 949 de
2373 898 2539 961 vulva,
2572 898 2892 960 sancti/icavi
2916 906 2962 949 te
2983 898 3048 950 δ’.
3074 896 3129 952 Id
3161 900 3336 967 ipsum

1797 988 2086 1057 Apostolus
2126 990 2363 1042 declarat
2412 988 2497 1042 his
2549 988 2725 1042 verbis
2766 1007 2779 1040 :
2814 986 3127 1057 Sicutelegit
3166 1005 3259 1041 nos
3284 989 3338 1040 in

1795 1078 1906 1146 ipso
1936 1086 2053 1131 ante
2078 1076 2255 1130 mundi
2283 1078 2722 1137 constitutionem,
2763 1086 2817 1130 ut
2850 1093 3075 1130 essemus
3099 1080 3265 1130 sancti
3287 1088 3337 1131 et

1795 1167 2120 1219 inmiaculati
2143 1166 2196 1218 in
2225 1173 2497 1232 conspectu
2539 1165 2650 1231 ejus
2683 1166 2736 1217 in
2767 1165 3020 1217 charitate
3050 1182 3067 1217 :
3090 1166 3177 1232 qui
3200 1180 3339 1231 pra:-

1795 1251 2071 1304 destinavit
2124 1267 2216 1303 nos
2262 1252 2315 1302 in
2365 1250 2691 1318 adoptionem
2744 1251 2974 1317 ﬁliorum
3018 1266 3107 1317 per
3155 1250 3336 1303 Jesum

1798 1339 2056 1394 Christum
2075 1341 2120 1371 ⁸³
2140 1356 2154 1403 ;
2177 1354 2238 1392 ac
2270 1354 2483 1393 rursum
2511 1354 2523 1388 :
2564 1337 2628 1391 In
2660 1354 2758 1406 quo
2783 1347 2830 1391 et
2867 1355 2959 1390 nos
2991 1339 3125 1407 forte
3170 1340 3337 1391 vocati

1794 1442 1991 1488 sumus,
2045 1425 2400 1494 prmlestinati
2454 1423 2730 1476 secundum
2795 1422 3169 1490 prwscientiam
3223 1422 3335 1488 ejus

1793 1515 1880 1582 qui
1915 1523 2161 1582 operatur
2206 1513 2382 1565 omnia
2402 1510 2682 1564 secundum
2739 1510 3010 1581 consilium
3056 1510 3335 1561 voluntatis

1794 1612 1992 1665 suw,ut
2023 1604 2185 1654 simus
2214 1603 2265 1653 in
2291 1601 2496 1653 laudem
2526 1600 2706 1669 gloriw
2742 1600 2854 1662 eius
2895 1598 2957 1653 ”.
2988 1596 3174 1651 Viden’
3201 1613 3336 1666 quo-

1795 1691 1952 1746 modo
1993 1700 2115 1744 ante
2146 1691 2330 1743 mundi
2391 1688 2852 1750 constitutionem,
2888 1688 3088 1741 electos
3117 1694 3170 1739 et
3202 1702 3336 1754 pra:-

156 1789 251 1838 μεν
265 1777 709 1844 προορισθέντες
736 1782 894 1834 κατὰ
923 1784 1260 1851 πρόγνωσιν
1277 1787 1381 1839 τοῦ
1400 1787 1471 1839 τὰ
1498 1788 1690 1841 πάντα

1792 1779 2091 1832 destinatos
2116 1778 2258 1831 dicat
2292 1778 2356 1830 ad
2387 1778 2730 1846 adoptionem
2756 1777 3008 1839 filiorum,
3038 1776 3333 1829 secundum

159 1856 508 1926 ἐνεργοῦντος
546 1863 647 1917 καί
699 1866 859 1944 arata
918 1866 1031 1933 τὴν
1082 1870 1326 1946 βουλὴν
1364 1873 1468 1925 τοῦ
1517 1874 1691 1942 θελή-

156 1961 314 2010 ματος
333 1948 531 2011 αὐτοῦ,
554 1952 645 2016 εις
670 1952 741 2005 τὸ
769 1951 926 2008 εἶναι
960 1956 1116 2023 ἡμᾶς
1136 1961 1222 2021 εἷς
1249 1958 1494 2013 ἔπαινον
1511 1961 1693 2028 δόξης

159 2037 333 2090 αὐτοῦ.
391 2039 551 2110 Ὁρᾷς
601 2043 760 2106 ὅπως
812 2046 916 2116 πρὸ
966 2046 1265 2117 καταϐολῆς
1306 2049 1509 2119 κόσμου
1559 2053 1693 2118 ἐξει-

160 2124 317 2194 λὲχθαι
347 2129 434 2181 καὶ
468 2132 817 2201 προωρίσθαι
845 2136 924 2197 εἰς
955 2133 1244 2201 υἱοθεσίαν,
1276 2138 1413 2192 κατὰ
1445 2140 1721 2211 πρόθεσιν“

158 2212 234 2265 τοῦ
264 2217 423 2270 πάντα
452 2216 814 2289 ἐνεργοῦντός
836 2241 965 2292 φησι
985 2240 999 2287 ;
1019 2225 1116 2293 τὴν
1135 2222 1302 2295 αὐτὴν
1325 2226 1379 2278 δὲ
1401 2230 1690 2299 παρίστησι

159 2300 360 2357 διάνοιαν
386 2304 413 2358 ὁ
444 2307 607 2371 αὐτὸς
631 2308 815 2376 λέγων
834 2324 849 2340 δ
888 2311 1139 2379 Οἴδαμεν
1176 2311 1243 2364 δὲ
1261 2352 1274 2374 ,
1300 2312 1385 2366 ὅτι
1414 2315 1534 2379 τοῖς
1553 2317 1691 2385 dra-

163 2390 291 2444 σῶσι
333 2393 434 2446 τὸν
474 2396 626 2449 Θεὸν
657 2397 863 2451 πάντα
907 2399 1186 2467 συνεργεῖ
1206 2403 1293 2465 εἰς
1321 2401 1540 2470 ἀγαθὸν
1569 2404 1691 2469 τοῖς

162 2482 286 2533 κατὰ
313 2483 591 2548 πρόθεσιν
634 2485 888 2553 κλητοῖς
915 2482 1091 2541 οὖσιν
1108 2502 1125 2518 ·
1155 2488 1241 2540 ὅτι
1284 2486 1387 2554 οὒς
1431 2491 1691 2561 προέγνω

162 2569 242 2620 καὶ
272 2572 547 2639 προώρισρ
571 2576 976 2644 συμμόρφους
1006 2575 1115 2645 τῆς
1155 2577 1382 2644 εἰκόνος
1414 2581 1518 2634 τοῦ
1556 2582 1690 2635 Υἱοῦ

160 2658 334 2723 αὐτοῦ,
353 2663 436 2727 είς
462 2662 527 2716 τὸ
555 2656 721 2717 εἶναι
744 2664 929 2719 αὐτὸν
961 2668 1332 2733 πρωτοτόκον
1355 2668 1424 2721 ἐν
1445 2668 1691 2735 πολλοῖς

161 2746 422 2815 ἀδειροῒς.
453 2751 571 2818 Οὓς
588 2753 660 2805 δὲ
682 2753 1002 2821 προώρισε,
1026 2756 1273 2822 τούτους
1298 2758 1392 2810 καὶ
1418 2754 1687 2821 ἐκάλεσε,

162 2838 240 2889 καὶ
268 2840 364 2904 οἶος
391 2841 648 2896 ἐκάλεσε
673 2884 692 2908 ,
725 2845 973 2909 τούτους
1007 2846 1100 2897 καὶ
1129 2846 1436 2900 ἐδικαίωσρ
1453 2888 1467 2911 ,
1494 2847 1690 2913 οὓςδὲ

162 2923 456 2991 ἐδικαίωσε,
484 2933 746 2997 τούτους
783 2933 882 2988 καὶ
919 2933 1188 2997 ἐδόξασε.
1224 2937 1303 2988 Tu
1331 2937 1490 3006 ὅμοια
1515 2937 1569 2989 δὲ
1598 2937 1690 2989 καὶ

166 3016 267 3085 περὶ
305 3018 486 3072 ἑαυτοῦ
526 3020 773 3074 διδάσκει
818 3022 876 3073 ἐν
920 3015 1001 3083 οἷς
1028 3024 1188 3092 φησίν
1212 3039 1225 3051 ·
1256 3024 1382 3077 Ὅτε
1417 3024 1485 3077 δὲ
1516 3024 1687 3092 ηὐδό-
1714 3055 1757 3111 C

166 3118 325 3166 πηοεν
369 3109 401 3159 ὁ
447 3109 754 3176 ἀφορίσας
785 3126 861 3176 με
887 3108 955 3161 ἐκ
1000 3113 1229 3175 κοιλίας
1267 3113 1488 3178 μητρός
1529 3129 1646 3180 μου
1671 3149 1687 3173 ,

165 3190 515 3264 ἀποκαλύψαι
549 3199 660 3252 τὸν
702 3198 839 3250 Υἰὸν
871 3198 1055 3251 αὐτοῦ
1094 3199 1163 3251 ἐν
1185 3200 1332 3268 ἐμοί.
1364 3202 1568 3272 ’Ὠσπερ
1596 3198 1688 3255 οὖν

168 3277 356 3344 τούτους
382 3286 650 3353 προγνοὺς
688 3285 977 3354 μέλλοντας
1011 3287 1228 3355 ἀγαπᾷν
1264 3287 1423 3341 αὐτὸν
1452 3288 1688 3360 προώρι-

169 3381 259 3429 trav,
286 3368 418 3423 οὕτω
450 3373 541 3425 καὶ
563 3376 690 3437 τοὺς
720 3374 932 3436 ἀσεϐεῖς
954 3414 969 3436 ,
1005 3374 1187 3445 ἐπειδὴ
1216 3376 1458 3444 προέγνω
1484 3377 1692 3447 μέλλον-

165 3469 245 3515 τας
279 3455 449 3511 λαλεῖν
488 3460 838 3532 δικαιοσύνην
868 3463 953 3515 διὰ
982 3462 1041 3515 τὸ
1071 3463 1351 3531 γινώσκειν
1390 3466 1589 3535 αὐτὴν,
1626 3469 1687 3520 οὐ

170 3540 257 3611 μὴν
284 3546 369 3598 καὶ
398 3550 508 3612 τοῖς
535 3550 721 3621 ἔργοις
751 3551 918 3621 αὐτὴν
950 3552 1430 3622 μετελευσομένους
1448 3594 1462 3616 ,
1503 3553 1589 3606 διὰ
1629 3556 1690 3606 τὸ

166 3632 264 3692 ταῖς
290 3637 465 3705 χερσὶν
497 3635 714 3691 ἁδικῖαν
737 3640 1085 3709 συμπλέκειν,
1117 3638 1301 3693 τούτου
1335 3641 1489 3711 χάριν
1515 3643 1688 3712 ἀπηλ-

167 3718 423 3792 λοτρίωσεν
455 3730 564 3783 ἀπὸ
597 3732 807 3802 μήτρας
826 3772 840 3794 ,
867 3733 960 3785 καὶ
986 3728 1053 3784 ἐν
1079 3733 1444 3802 πλανωμένοις
1472 3734 1564 3785 καὶ
1595 3732 1689 3786 λα-

168 3805 295 3863 λθῦσι
320 3813 481 3887 Ἂν)δῆ
506 3822 640 3890 παρ’
666 3820 842 3890 ἑαυτῷ
873 3821 1245 3892 κατηρίθμησε
1267 3823 1394 3892 πρὶν
1419 3822 1687 3888 γενέσθαι·

172 3899 482 3971 συνεχώρησέ
509 3922 568 3956 τε
605 3906 758 3970 εἰδὼς
785 3908 981 3969 αὐτοὺς
1007 3908 1273 3970 τοιούτους
1298 3909 1581 3977 ἐσομένους
1612 3911 1690 3972 et;

173 3988 374 4056 φανερὸν
404 3991 604 4056 ἐλθεῖν,
640 3994 715 4057 ὡς
751 3996 817 4048 ἂν
845 3996 904 4048 τὸ
941 3996 1191 4066 διάφορον
1215 3996 1320 4049 τῶν
1347 3997 1565 4050 δικαίων
1597 3999 1689 4050 καὶ

170 4069 403 4130 θεοτεσῶν
431 4080 641 4148 ἀνδρῶν
674 4085 737 4135 ἐκ
777 4084 875 4152 τῆς
906 4084 1012 4136 τῶν
1052 4084 1300 4154 χειρόνων
1345 4084 1689 4155 παραθέσεως

167 4157 470 4233 διαλάμψειε.
494 4169 642 4234 Mati;
662 4171 771 4241 γὰρ
797 4160 947 4233 ὅντες
972 4172 1182 4239 φύσεως
1209 4175 1258 4224 οἱ
1287 4174 1503 4237 πάντες,
1519 4176 1567 4241 οξ
1591 4173 1688 4244 μὲν

170 4247 354 4316 ἑκόντες
382 4257 588 4312 εἵλαντο
614 4262 683 4314 τὰ
715 4261 966 4332 κρείττω,
985 4263 1033 4313 οἱ
1065 4263 1121 4314 δὲ
1138 4262 1233 4331 τὴν
1263 4263 1501 4317 ἐναντίαν
1526 4264 1688 4316 ὥδευ-

1793 1871 2122 1939 propositum
2173 1870 2290 1937 ejus
2338 1869 2429 1937 qui
2470 1870 2597 1921 talia
2625 1867 2919 1936 operatur?
2972 1866 3334 1935 Eamdemque

1793 1962 1906 2029 ipse
1938 1961 2254 2014 sententiam
2280 1959 2485 2028 profert
2522 1960 2609 2012 his
2648 1960 2861 2014 verbis:
2891 1957 3098 2012 Scimus
3160 1967 3333 2013 autem

1789 2051 2031 2121 quoniam
2053 2049 2383 2118 diligentibus
2412 2048 2574 2101 Deum
2595 2049 2770 2101 omnia
2791 2057 3133 2116 cooperantur
3160 2049 3215 2100 in
3244 2048 3334 2099 bo-

1791 2157 1911 2193 num
1943 2141 2008 2192 iis
2028 2140 2116 2208 qui
2143 2138 2422 2191 secundum
2468 2138 2784 2205 propositum
2810 2137 2976 2189 vocati
3004 2146 3141 2189 sunt.
3190 2136 3331 2188 Nam

1788 2243 1915 2296 quos
1936 2227 2194 2295 praesciuit
2223 2235 2271 2278 et
2320 2225 2701 2293 pradestinavit
2722 2224 3008 2291 conformes
3040 2226 3154 2288 ﬁeri
3196 2226 3331 2277 ima-

1788 2316 1895 2385 gini
1925 2315 2052 2368 Filii
2068 2316 2169 2377 sui,
2198 2325 2253 2366 ut
2279 2317 2347 2368 sit
2369 2316 2477 2382 ipse
2504 2316 2874 2384 primogenitus
2915 2315 2968 2367 in
3001 2314 3180 2366 multis
3210 2314 3328 2381 fro--

1791 2405 1905 2457 bus.
1936 2402 2077 2467 Quos
2113 2413 2281 2455 autem
2303 2402 2710 2469 prwdestinavit,
2752 2402 2845 2454 hos
2896 2410 2946 2454 et
2989 2401 3228 2461 vocavit;
3280 2410 3329 2452 et

1788 2504 1915 2557 quos
1943 2489 2269 2554 vocavit,hos
2304 2498 2352 2540 et
2361 2487 2665 2556 justiﬁcavit
2687 2502 2705 2551 ;
2753 2503 2879 2556 quos
2918 2494 3090 2540 autem
3127 2488 3331 2555 justiﬁ-

1789 2577 1942 2638 cavit,
1960 2575 2078 2628 illos
2114 2584 2161 2628 et
2185 2575 2495 2643 gloriﬁcavit
2518 2574 2587 2627 ⁸⁵.
2617 2573 2824 2627 Similia
2848 2573 2915 2629 de
2929 2589 2989 2629 se
3016 2573 3328 2642 ipsedecla-

1790 2670 1873 2716 rat
1892 2662 2078 2716 dicens
2109 2680 2122 2714 :
2152 2660 2284 2716 Cum
2304 2672 2474 2715 autem
2499 2660 2694 2729 placuit
2716 2661 2784 2725 ei,
2813 2664 2902 2730 qui
2933 2677 3013 2713 me
3049 2662 3331 2730 segregavit

1787 2767 1851 2804 ex
1879 2760 2023 2805 utero
2046 2753 2229 2805 matris
2264 2768 2408 2815 mem,
2435 2753 2660 2807 revelare
2691 2752 2889 2806 Filium
2912 2768 3064 2805 suum
3086 2753 3139 2805 in
3166 2767 3248 2806 me
3261 2751 3325 2805 ⁸⁸.

1788 2841 2245 2907 Quemadmodum
2306 2842 2469 2912 igitur
2520 2857 2641 2896 cum
2687 2858 2780 2897 eos
2808 2842 3184 2910 prmscixisset,
3236 2843 3326 2910 qui

1790 2931 2019 2984 amaturi
2046 2932 2220 3000 ipsum
2241 2940 2416 2991 erant.
2471 2933 2632 2986 etiam
2694 2931 3232 3001 prtedestinavit;sic
3275 2940 3331 2985 et

1790 3019 1982 3089 impios
2008 3034 2130 3074 cum
2168 3021 2501 3089 praevidisset
2521 3021 2785 3090 justitiam
2820 3022 3117 3084 locuturos,
3145 3027 3329 3088 utpote

1789 3110 1881 3178 qui
1921 3117 2139 3164 nossent
2163 3110 2307 3162 illam
2333 3150 2347 3172 ,
2387 3111 2477 3165 sed
2522 3111 2694 3179 ipsam
2741 3117 2919 3163 tamen
2944 3125 3050 3163 non
3073 3110 3328 3178 operibus

1790 3195 2030 3251 adituros
2062 3212 2205 3259 esse,
2231 3198 2356 3266 quia
2378 3198 2696 3265 injustitiam
2742 3197 2994 3250 manibus
3037 3197 3329 3265 complica-

1789 3284 1895 3337 turi
1928 3297 2100 3349 erant,
2125 3286 2246 3341 ideo
2274 3285 2527 3340 alienavit
2587 3299 2679 3338 eos
2728 3299 2755 3337 a
2785 3285 2960 3346 vulva,
2991 3292 3045 3337 et
3067 3284 3149 3337 vel
3176 3291 3329 3337 antc-

1788 3388 1948 3442 quam
2012 3373 2219 3437 fierent,
2254 3375 2307 3428 in
2344 3374 2640 3428 errantium
2694 3382 2746 3427 et
2802 3374 3079 3428 mendacia
3102 3374 3327 3442 loquen-

1789 3464 1922 3516 tium
1971 3478 2196 3518 numero
2227 3464 2281 3517 in
2328 3478 2386 3518 se
2433 3463 2798 3532 computavit;
2863 3463 3213 3531 permisitque
3246 3469 3326 3514 ta-

1789 3568 1930 3614 men,
1953 3554 2053 3607 etsi
2087 3554 2222 3607 tales
2252 3552 2464 3607 l‘uturos
2495 3567 2617 3607 esse
2662 3559 2870 3613 nosset,
2904 3561 2961 3605 ut
2984 3552 3156 3620 palam
3197 3566 3325 3620 pro-

1788 3641 1988 3705 dirent,
2023 3658 2129 3711 quo
2187 3643 2497 3711 praestantia
2522 3642 2796 3710 justorum
2844 3642 3326 3710 religiosorumque

1789 3731 2063 3785 hominum
2088 3747 2152 3785 ex
2188 3733 2429 3803 pejorum
2472 3731 2875 3800 comparatione
2906 3732 3159 3786 eluceret.
3193 3729 3324 3783 Nam

1788 3836 1909 3875 cum
1940 3836 2003 3874 ex
2036 3826 2140 3874 una
2170 3836 2357 3875 omnes
2396 3827 2588 3873 natura
2631 3827 2979 3880 constarent,
3032 3819 3206 3872 libero
3239 3819 3324 3874 usi

1790 3904 2153 3969 arbitrio,’alii
2200 3908 2417 3976 quidem
2454 3915 2643 3976 sponte
2676 3907 2873 3962 bonum
2914 3907 3209 3975 elegerunt,
3233 3907 3326 3962 alii

1788 3998 2114 4050 contrariam
2144 3998 2311 4051 iniere
2336 3997 2496 4051 viam.
2541 3994 2610 4049 At
2636 3997 2882 4051 excelsus
2914 4001 2968 4050 et
2984 4010 3212 4065 magnus
3236 3996 3325 4050 ille

1788 4085 2364 4155 universorumjudex,
2400 4088 2614 4155 utrique
2667 4084 2845 4138 ordini
2872 4083 3187 4152 praesidens,
3223 4099 3323 4152 pro

1786 4174 1979 4228 merito
2024 4175 2219 4243 cuique
2255 4173 2462 4228 tribuit.
2512 4174 2689 4240 Quare
2731 4174 2829 4227 sui‘
2860 4179 3126 4225 amatores
3156 4172 3325 4240 gloria

1789 4262 1985 4326 aﬂ‘ecit,
2019 4264 2322 4317 eonformes
2351 4263 2567 4331 imagini
2587 4260 2803 4314 Filiisui
2827 4260 3107 4323 exhibens,
3130 4259 3325 4327 quippe

171 4351 267 4400 σαν,
293 4343 612 4419 αὖτεξουσίῳ
639 4351 957 4420 προαιρέσει
985 4350 1331 4420 χρησάμενοι.
1370 4353 1600 4422 ’Υψηλδς
1627 4353 1683 4405 δὲ

1792 4353 1880 4422 qui
1905 4368 2140 4407 amorem
2163 4368 2285 4422 erga
2306 4368 2363 4407 se
2376 4353 2629 4422 operibus
2656 4349 3124 4417 comprobaverint
3152 4365 3165 4413 ;
3190 4349 3324 4401 alios

168 4423 362 4495 ὖμέγας
399 4434 505 4488 τῶν
530 4438 664 4491 ὅλων
694 4439 888 4508 κριτὴς
906 4478 920 4500 ,
954 4439 1410 4510 προκαθεζόμενος
1443 4443 1683 4512 ἑκατέρῳ

170 4512 394 4582 τάγματι,
425 4522 676 4590 βραϐεύει
720 4528 792 4579 τὰ
832 4527 1121 4596 πρέποντα.
1155 4528 1246 4580 Διό
1275 4531 1398 4592 τοὺς
1426 4531 1523 4599 μὲν
1548 4532 1682 4598 ἀγα-

173 4604 415 4672 πήσαντας
441 4613 594 4667 αὐτὸν
623 4616 865 4679 ὲδόξασε,
900 4617 1247 4687 συμμόρφους
1277 4618 1556 4682 ἀποδείξας
1583 4621 1681 4688 τῆς

173 4690 345 4756 εἰκόνος
376 4698 465 4751 τοῦ
510 4702 634 4756 Tia-5
679 4703 847 4756 αὑτοῦ
868 4744 882 4766 ,
918 4705 993 4766 ὡς
1026 4705 1088 4757 ἂν
1121 4706 1263 4774 ἔργῳ
1286 4705 1381 4776 τὴν
1415 4708 1493 4769 εἰς
1522 4706 1681 4759 αὑτὸν

176 4776 536 4854 ἒ-νδειξαμτένους
565 4793 790 4860 ἀγάπην
809 4810 822 4822 ’
848 4794 973 4854 τοὺς
1001 4793 1055 4845 δὲ
1082 4793 1365 4856 ἐναντίους,
1383 4796 1458 4857 ὡς
1481 4795 1545 4847 ἂν
1568 4797 1683 4847 ἐαυ-

177 4865 277 4950 ῖοῦς
313 4871 845 4946 ἀπαλλοτριῶσαντας
888 4879 983 4946 τῆς
1020 4880 1179 4931 αὐτοῦ
1226 4882 1473 4950 χάριτος,
1520 4900 1683 4935 κατα-

180 4948 331 5008 θάλλει
355 4964 636 5033 συντρίϐων
667 4965 848 5017 αὐτῶν
869 4967 989 5026 τοὺς
1012 4948 1254 5030 ὀδόντας,
1272 4948 1350 5032 οἷς
1370 4972 1429 5022 οὐ
1460 4972 1680 5034 δεόντως

182 5037 465 5114 ὲχρήσαντο,
498 5053 586 5104 καὶ¹
627 5052 872 5104 συνθλῶν
900 5053 995 5115 τὰς
1046 5054 1209 5122 μύλας
1248 5058 1452 5121 αὐτῶν,
1497 5059 1569 5113 δι’,
1607 5055 1681 5112 ὧν

1790 4457 1915 4496 vero
1944 4443 2077 4510 ipsis
2092 4444 2391 4510 oppositos,
2421 4448 2605 4508 utpote
2650 4438 2743 4507 qui
2767 4453 2887 4492 sesc
2913 4438 2980 4491 ab
3008 4438 3126 4506 ejus
3151 4440 3322 4508 gratia

1790 4530 2233 4592 abalienaverint,
2264 4529 2446 4597 dejicit
2480 4543 2494 4580 :
2526 4528 2712 4581 dentes
2733 4540 2942 4587 eorum,
2968 4527 3167 4594 quibus
3215 4542 3321 4579 non

1791 4628 1846 4672 ut
1884 4634 1981 4687 par
2004 4627 2119 4673 erat
2148 4620 2231 4674 usi
2282 4623 2430 4679 sunt,
2465 4615 2715 4675 conterit,
2778 4615 3055 4683 molasque
3111 4629 3321 4675 eorum,

1787 4708 1940 4773 queis
1974 4707 2156 4759 multis
2202 4705 2490 4775 perniciem
2540 4704 2858 4766 intulerunt,
2900 4702 3226 4770 confringit:
3262 4716 3324 4752 ac

1787 4796 1998 4849 demum
2022 4794 2074 4848 in
2090 4783 2333 4858 nihilum,
2367 4795 2421 4846 in
2445 4793 2610 4846 risum
2641 4802 2696 4845 ot
2717 4793 3062 4861 opprobrium
3083 4789 3319 4849 deducit,

1785 4885 1998 4954 quando
2040 4884 2301 4937 liturarum
2345 4891 2395 4936 et
2458 4897 2562 4935 non
2620 4881 3028 4935 eonsistentium
3059 4893 3318 4948 aquarum

1790 4974 1959 5026 instar
2007 4971 2245 5026 defluunt
2283 4970 2425 5040 :ipsi
2473 4970 2631 5024 talem
2695 4969 2852 5024 linem
2875 4969 3185 5038 exitumque
3215 4967 3320 5022 sibi

1787 5070 2164 5130 procurarunt.

184 5129 352 5218 τξτλλλοῖς
372 5135 703 5207 ἐλυμήναντο
721 5154 735 5167 ’
757 5138 850 5189 καὶ
877 5139 1021 5200 τέλος
1045 5142 1122 5200 εἰς
1135 5139 1469 5202 ἐξουδένωσιν
1488 5146 1677 5208 αὐτοὺς
1711 5129 2030 5218 παραδιδοὺς
2082 5149 2174 5202 καὶ
2227 5148 2415 5217 χλεύην
2453 5146 2542 5197 καὶ
2567 5146 2763 5207 ὄνειδος
2777 5162 2789 5174 ·
2808 5147 2896 5199 ὅτε
2923 5146 3015 5198 καὶ
3037 5144 3192 5214 δίκην
3212 5144 3320 5199 τῶν
3342 5170 3355 5174 -

186 5216 376 5282 ῥευστῶν
397 5224 480 5274 καὶ
509 5224 609 5291 οὐχ
638 5222 891 5274 ἑστώτων
918 5225 1115 5277 ὑδάτων
1139 5227 1506 5295 ἀπορρέουσιν,
1524 5231 1676 5284 αὐτοὶ
1708 5216 1915 5297 ἑαυτοῖς
1976 5235 2034 5286 τὸ
2057 5216 2289 5287 τοιοῦτον
2319 5229 2735 5301 προξενήσαντες
2762 5233 2939 5294 τέλος.-

244 5303 473 5363 ἐντενεῖ
484 5314 549 5364 τὸ
578 5310 773 5373 τόξον
789 5313 968 5364 αὐτοῦ
994 5314 1102 5378 ἕως
1126 5310 1194 5367 οὗ
1215 5316 1675 5381 ἀσθενήσουο-ιν.

196 5383 311 5443 Darei
349 5400 514 5464 κηρὸς
566 5398 782 5460 τακεὶς
837 5399 1419 5468 ἀνταναιρεθήσονται
1440 5423 1452 5435 ·
1503 5407 1680 5460 ἔπεσε

1854 5324 2018 5377 Vens.
2045 5325 2099 5385 9,
2129 5324 2213 5376 l0.
2260 5321 2494 5374 Intendet
2545 5334 2721 5371 arcum
2760 5337 2911 5374 suum
2967 5322 3126 5376 donec
3167 5310 3317 5390 inﬁr-

1785 5422 2006 5465 mentur.
2033 5410 2174 5464 Sicut
2202 5426 2317 5463 cera
2333 5423 2445 5476 qua:
2461 5406 2598 5472 ﬂuit,
2633 5409 3317 5478 aufer‘entur:supercccidit

236 5537 273 5569 “
300 5539 389 5601 iet.
420 5563 471 5611 ι,
513 5548 574 5600 5.
662 5547 711 5578 ⁸³
754 5546 941 5611 Ephes.
977 5565 1022 5611 ι,
1052 5552 1100 5602 4.
1176 5553 1222 5585 ⁸⁸
1262 5555 1394 5608 ibid.
1431 5556 1607 5610 ιι-ιε.
1685 5564 1690 5589 ¹

1792 5562 1922 5617 tom.
1961 5577 2085 5625 Ylll,
2115 5560 2306 5615 28-29.
2381 5560 2425 5591 "
2462 5555 2575 5609 Gal.
2614 5571 2666 5621 ι,
2701 5558 2787 5613 15.
