3818 6344
195 425 295 481 535

1299 440 1790 502 COMMENTARIA
1839 443 1898 497 IN
1940 439 2266 497 PSAIJlOS.

3258 440 3359 496 εει

196 538 542 609 πριέχσντας,
573 546 865 620 δευτέρους
888 553 1043 618 ὄντας
1073 558 1150 625 τῷ
1173 560 1371 627 χρόνῳ·
1412 558 1537 618 τοὺς
1556 556 1628 619 -δὲ
1658 560 1702 606 τι

1832 554 2041 606 etiamsi
2097 550 2421 619 posteriores
2453 555 2689 616 tempore
2724 555 2930 614 essent;
2958 564 3053 604 eos
3101 563 3228 603 vero
3268 552 3361 619 qui

192 630 349 697 κρίνῳ
370 630 638 700 πρώτους,
665 638 952 711 δευτέρους
984 646 1204 713 συνῆψε,
1238 648 1311 708 ὡς
1334 648 1398 699 ἂν
1419 645 1702 699 καλύπτοιτ

1829 639 1986 707 primi
2041 648 2303 706 tempore,
2351 635 2618 691 secundus
2664 634 2905 703 adjectus
2963 652 3105 699 esse,
3137 648 3195 691 ut
3217 645 3361 692 recte

190 717 247 766 τὰ
276 718 367 784 τῆς
411 720 859 795 ὲξομολογήσεως
888 734 973 785 διὰ
1017 735 1113 803 τῆς
1155 735 1261 788 τῶν
1305 732 1730 803 κατορθωμάτων

188 805 407 874 μνήμης.
440 811 614 863 Τοῦτο
655 819 838 872 τοίνυν
879 823 971 874 καὶ
1001 824 1030 873 ὁ
1078 822 1259 893 παρὼν
1287 824 1556 891 συνίστησι
1595 822 1727 890 ψαλ-

188 896 300 960 μι5ς⁶
330 899 573 967 συνήθως
603 904 663 954 δὲ
706 910 964 977 εἰρήσθω,
995 912 1218 981 ἐπείπερ
1248 914 1338 965 καὶ
1370 912 1525 973 αὐτὸς
1546 912 1729 980 στηλο-

184 981 369 1052 Ῠρειφία
406 990 691 1058 τυγχάνει,
749 999 1233 1069 ἐπισημαινόμενος
1281 1001 1398 1059 καθ’
1436 1000 1493 1051 ὃν
1538 1000 1723 1069 ἐλέχθη

182 1075 372 1142 καιρόνο
402 1072 470 1144 ἦν
509 1079 567 1130 δὲ
587 1077 777 1147 οὗτος,
815 1086 1021 1139 Ὀπότε
1059 1089 1371 1141 ἀπέστειλε
1409 1089 1600 1141 Σαοὺλ
1627 1089 1722 1140 καὶ

177 1163 419 1227 ἐφύλαξε
448 1166 559 1218 τὸν
587 1165 770 1222 οἷκον
800 1175 1005 1239 αὐτοῦ,
1039 1176 1142 1228 τοῦ
1161 1175 1485 1227 θανατῶσαι
1523 1176 1720 1228 αὐτὸν.

181 1250 494 1319 υλατύτερον
515 1254 573 1305 δὲ
620 1256 725 1325 τὴν
766 1259 1006 1328 ἱστορίαν
1036 1264 1067 1330 ἡ
1094 1261 1278 1330 πρώτη
1305 1263 1410 1314 τῶν
1440 1263 1723 1316 ΒασιλειιῖΝ

180 1336 468 1405 παρίστησι,
494 1340 692 1393 τοῦτον
707 1344 909 1412 ἔχουσα
939 1348 1026 1398 τὸν
1041 1349 1253 1417 τρόπον’
1278 1349 1386 1401 Kal
1408 1350 1721 1415 προσέθετο

175 1424 412 1490 aiteij
438 1427 749 1493 γενέσθαι·
784 1434 880 1485 καὶ
908 1436 1234 1501 κατίσχυσε
1253 1436 1447 1499 Δαυῒδ,
1481 1438 1575 1489 καὶ
1595 1439 1722 1490 ἐπο-

174 1507 379 1573 λέμησε
421 1512 563 1577 τοὺς
611 1517 1030 1585 ἀλλοφύλους,
1059 1523 1152 1574 καὶ
1180 1522 1469 1586 ἐπάταξεν
1506 1526 1720 1590 αὐτοὺς

174 1598 396 1665 πληγὴν
416 1603 702 1670 μεγάλην
736 1608 992 1674 σφόδρα,
1029 1610 1123 1660 καὶ
1157 1609 1380 1677 ἔφυγον
1427 1612 1494 1663 ἐκ
1537 1628 1719 1678 προσ-

170 1685 317 1738 «ὅπου
360 1692 567 1743 αὑτοῦ.
615 1694 735 1746 Kal
785 1696 1017 1765 ἐγένετο
1068 1698 1295 1765 πνεῦμα
1321 1700 1579 1765 πονηρὸν
1619 1702 1715 1754 ἐπὶ

175 1774 369 1826 Σαούλο
395 1777 490 1829 καὶ
513 1779 707 1843 αὐτὸς
734 1782 808 1833 ἐν
841 1782 981 1848 οῑκῳ
1012 1785 1327 1846 καθεύδων,
1357 1787 1451 1838 καὶ
1487 1787 1628 1852 δόρυ
1649 1788 1717 1839 ἐν

1829 728 2090 780 factorum
2122 727 2378 779 memoria
2430 739 2493 779 ea
2540 739 2658 793 qua:
2684 724 3081 779 confessionem
3113 726 3360 780 contine-

1827 823 1973 875 rent-
1998 815 2393 882 obtegcrcntur.
2435 812 2546 865 lloc
2615 813 2795 881 itaque
2838 813 3087 881 pra:senti
3152 815 3361 883 psalmo

1826 904 2226 971 comprobatur,
2281 902 2444 971 (quod
2487 910 2749 955 consueto
2806 916 2955 955 more
3004 902 3208 956 dictum
3267 904 3359 972 sit)

1824 994 1948 1058 quia
1977 991 2115 1044 tituli
2147 989 2432 1059 inscriptio
2475 999 2590 1055 est;
2621 999 2907 1058 notamque
2945 992 3198 1060 temporis
3228 1008 3362 1060 pm-

1823 1077 1924 1129 l'crt
1957 1092 2061 1144 quo
2079 1078 2257 1131 editus
2289 1076 2408 1137 fuit,
2444 1076 2685 1141 scilicet,
2706 1076 2926 1141 Quando
2954 1078 3093 1130 misit
3125 1078 3277 1141 Saul,
3309 1090 3361 1133 et

1821 1165 2096 1218 custodiuit
2124 1166 2333 1219 domum
2363 1168 2499 1232 ejus,
2530 1175 2585 1217 ut
2617 1180 2731 1217 eum
2768 1167 3099 1233 interﬁceret.
3134 1166 3237 1221 Sed
3279 1165 3365 1220 fit--

1820 1253 1933 1307 sius
1959 1254 2235 1308 historiam
2266 1262 2483 1306 enarrat
2521 1255 2725 1321 primus
2751 1253 3055 1322 Regnorum
3089 1256 3244 1322 liber,
3267 1256 3361 1325 qui

1819 1341 1896 1392 sic
1929 1341 2089 1393 habet
2121 1359 2135 1393 :
2177 1340 2479 1407 Metumque
2516 1349 2594 1392 est
2628 1349 2799 1393 autem
2845 1342 3031 1392 iterum
3059 1342 3279 1403 bellum;
3308 1351 3358 1395 et

1817 1430 2071 1494 superavit
2101 1428 2290 1493 David,
2316 1428 2686 1496 debellavitque
2708 1428 3022 1496 allophylos,
3060 1439 3107 1481 et
3150 1445 3360 1497 percus-

1817 1518 1882 1569 sit
1910 1534 1996 1570 eos
2017 1519 2175 1587 plaga
2207 1533 2396 1586 magna
2412 1516 2580 1579 valde,
2596 1526 2644 1569 et
2672 1517 2913 1584 fugerunt
2942 1534 2973 1569 ιι
2990 1518 3123 1583 facie
3138 1519 3269 1585 ejus.
3292 1517 3358 1576 Et

1815 1606 1985 1671 factus
2018 1615 2096 1659 est
2124 1606 2343 1672 spiritus
2371 1604 2541 1656 malus
2565 1606 2619 1656 in
2638 1603 2768 1657 Saul
2787 1606 2985 1672 :etipse
3011 1607 3061 1657 in
3085 1606 3238 1659 domo
3260 1623 3358 1660 sua

1814 1692 2119 1756 dormiebat,
2137 1704 2186 1745 et
2200 1692 2380 1745 lancea
2399 1693 2450 1743 in
2468 1708 2622 1743 ntanu
2636 1692 2748 1758 ejus
2764 1706 2948 1757 :porro
2972 1692 3135 1745 David
3166 1694 3358 1761 psalle-

1816 1780 1900 1831 bat
1920 1779 2154 1832 manibus
2178 1781 2307 1833 suis.
2331 1779 2395 1831 Et
2413 1780 2675 1848 quwrebat
2693 1780 2824 1833 Saul
2837 1792 3098 1847 percutere
3109 1780 3356 1836 Davidem

174 1857 237 1923 τῇ
264 1863 403 1926 χειρὶ
450 1866 643 1918 αὐτοῦ
666 1886 681 1898 ο
713 1869 816 1920 καὶ
852 1869 978 1921 ἰδοὺ
1003 1871 1180 1924 Δαυῒδ
1199 1874 1465 1939 ἔψαλλεν
1592 1876 1702 1940 ταῖς

1815 1870 1992 1921 lancea
2009 1883 2027 1919 :
2047 1878 2094 1921 et
2109 1868 2381 1921 declinavit
2400 1868 2565 1921 David
2584 1886 2614 1919 a
2636 1869 2769 1935 [acie
2784 1868 2937 1947 Saul,
2965 1879 3013 1923 et
3034 1870 3212 1924 lancea
3237 1887 3355 1939 per-

173 1952 577 2016 χερσὶναὺτοῦ.
601 1957 713 2009 Kal
728 1956 914 2021 ἐζῒξτει
929 1959 1123 2011 Σαοὺλ
1135 1962 1382 2024 πατάξαι
1398 1961 1461 2013 τὸ
1481 1963 1621 2029 δόρυ
1631 1966 1715 2028 εἰς

173 2039 348 2090 Δαυτδο
368 2043 461 2094 καὶ
477 2044 722 2112 ἀπέστη
751 2047 933 2098 Δαυῒδ
954 2048 1020 2100 ἐκ
1045 2048 1359 2116 προσώπου
1384 2051 1597 2114 Σαοὺλ,
1616 2051 1711 2103 καὶ

168 2127 404 2191 ἐπάταξε
421 2130 487 2183 τὸ
500 2130 654 2197 δόρυ
680 2134 775 2198 εὶς
790 2133 896 2185 τὸν
908 2135 1125 2203 τοῖχον.
1157 2138 1264 2189 Kal
1287 2138 1463 2190 Δαυτδ
1489 2140 1709 2206 ἀνεχώ-

166 2232 189 2277 ι
204 2231 299 2279 nos
317 2217 411 2269 καὶ
429 2217 712 2286 διεσώθη.
730 2221 841 2274 Kal
858 2222 1105 2291 ἐγενήθη
1126 2225 1194 2276 ἐν
1214 2224 1286 2291 τῇ
1304 2226 1471 2277 νυκτὶ
1492 2227 1707 2293 ἐκείνῃ,

170 2303 251 2354 xal
274 2304 626 2359 ἀπέστειλεν
645 2308 949 2376 ἀγγέλους
969 2315 1055 2376 εἰς
1076 2302 1241 2365 οἷκον
1257 2314 1431 2366 Δαυῒδ
1451 2314 1709 2381 φυλάξαι

168 2393 346 2457 αὐτὸν,
374 2396 476 2449 τοῦ
498 2398 852 2451 θανατῶσαι
881 2402 1065 2453 αὐτὸν
1087 2404 1248 2468 πρωΐ.
1261 2402 1367 2455 Kal
1397 2403 1707 2472 ἀνήγγειλε

170 2478 236 2541 τῷ
257 2481 423 2534 Δαυϊδ
457 2487 740 2552 Μελχόλ,
775 2490 813 2553 ἡ
851 2490 1000 2555 γυνὴ
1025 2490 1227 2553 αὑτοῦ,
1255 2490 1533 2558 λέγουσαο
1579 2493 1709 2545 Ἐὰν

168 2567 238 2638 μὴ
279 2569 355 2622 σὺ
398 2572 602 2640 σωθῇς
641 2573 767 2639 τὴν
813 2575 1023 2643 ψυχὴν
1064 2579 1318 2631 σεαυτοῦ
1365 2579 1477 2645 τὴν
1523 2580 1706 2632 νύκτα

174 2657 384 2720 ταύτην,
411 2660 627 2726 αὔριον
656 2662 1074 2731 θανατωθήση.
1096 2665 1201 2716 Kal
1230 2665 1462 2733 κατάγει
1489 2669 1525 2732 ἠ
1548 2670 1701 2719 Μελ-

174 2745 269 2809 χὸλ
297 2747 393 2798 τὸν
427 2747 611 2800 Δαυτδ
635 2747 742 2800 διὰ
778 2748 884 2814 τῆς
909 2750 1160 2815 θυρίδος,
1205 2753 1300 2804 καὶ
1338 2753 1566 2820 ἀπῆλθε
1605 2757 1700 2807 καὶ

173 2833 369 2901 Egere,
415 2838 514 2889 καὶ
565 2836 858 2913 mittetur
919 2838 1005 2890 ὅτε
1067 2841 1158 2892 καὶ
1200 2840 1295 2910 τὴν
1343 2844 1701 2913 προκειμένην

179 2920 551 2990 στηλογραφίαν
583 2908 899 2976 πνῖἀττεν
929 2925 1009 2977 διὸ
1038 2908 1443 2997 προγέγραπται
1468 2946 1480 2958 ·
1511 2908 1611 2994 Dic
1636 2908 1701 2983 τὸ

176 3004 340 3070 τέλος,
354 3007 437 3073 μὴ
453 3008 826 3076 διαφθείρῃς,
842 3009 921 3075 τῷ
942 3012 1121 3064 Δαυῒδ
1139 3015 1223 3077 εἰς
1237 3018 1697 3083 στηλοτραφίαν,

178 3095 329 3146 ὁπότε
351 3095 677 3150 ἀπέστειλε
705 3099 902 3151 Σαοὺλ
922 3139 937 3162 ,
966 3101 1061 3152 καὶ
1094 3101 1354 3167 ἐφύλαξε
1398 3104 1501 3156 τὸν
1537 3105 1700 3158 οἷκον

175 3179 332 3232 αὑτοῦ
369 3183 472 3234 τοῦ
517 3183 863 3237 θανατῶσαι
905 3187 1105 3239 αὐτόν.
1151 3188 1221 3239 Τὸ
1259 3189 1354 3257 μὲν
1381 3187 1499 3259 οὖν,
1526 3194 1610 3258 εὶς
1636 3195 1697 3247 τὸ

178 3266 322 3331 τέλος
365 3268 440 3334 τῷ
483 3272 691 3334 Δαυῒδ,
738 3274 944 3337 καὶτὸ,
984 3275 1068 3342 μὴ
1117 3276 1481 3346 διαφθείρῃς,
1527 3283 1617 3335 καὶ
1662 3285 1699 3350 ἡ

176 3359 577 3425 στηλοῃοαφία,
629 3361 810 3428 τρίτον
837 3362 933 3430 ἤδη
966 3364 1173 3432 εἴρηται
1218 3365 1410 3434 ἐφεξῆς
1432 3384 1445 3397 ο
1479 3368 1611 3421 ἀλλὰ
1640 3372 1700 3422 τὸ

179 3438 259 3503 μὲν
287 3443 520 3511 πρῶτον,
564 3448 755 3516 ἕτερον
801 3449 1035 3517 ἐσήμαινε
1070 3451 1292 3520 καιρὸν,
1335 3452 1391 3503 ὃν
1436 3454 1616 3523 ἐδήλου
1663 3459 1695 3525 ἡ

178 3530 438 3597 προγραφὴ
488 3530 756 3598 λέγουσα·
825 3534 1022 3588 Ὁπότε
1066 3538 1402 3605 ἐκράτησαν
1435 3542 1617 3593 αὑτὸν
1646 3548 1697 3596 οἱ

176 3610 479 3681 ἀλλόφυλοι
507 3620 579 3670 ἐν
606 3619 725 3672 Γέθ
745 3637 759 3649 ·
792 3622 851 3672 τὸ
882 3623 937 3674 δὲ
967 3623 1232 3694 δεύτερον,
1270 3628 1363 3679 Ἐν
1392 3627 1470 3692 τῷ
1499 3630 1698 3681 ἀποδι-

176 3697 433 3763 διάσκειν
487 3708 679 3760 αὐτὸν
740 3709 856 3760 ἀπὸ
904 3711 1219 3775 προσώπου
1265 3714 1458 3767 Σαοὺλ
1502 3719 1587 3780 εις
1631 3717 1696 3769 τὸ

176 3790 480 3853 σπή.ιιιιον’
518 3796 752 3849 ἐνταῦθα
778 3797 857 3860 δὲ,
902 3799 1110 3852 Ὁπότε
1134 3801 1444 3856 ἀπέστειλε
1480 3806 1693 3868 Σαοὺλ,

178 3877 256 3926 καὶ
307 3880 564 3946 ἐφύλαξε
613 3884 719 3937 τὸν
764 3886 931 3939 οἷκον
974 3889 1155 3941 αὐτοῦ
1212 3890 1315 3943 τοῦ
1369 3892 1694 3947 θανατῶσαι

177 3966 351 4020 αὐτόν.
378 3971 448 4022 Τὸ
474 3972 530 4024 δὲ
556 3973 726 4028 αἴτιον
776 3975 873 4043 τῆς
906 3975 999 4028 τοῦ
1033 3978 1199 4029 Σαοὺλ
1242 3979 1377 4031 κατὰ
1421 3982 1511 4033 τοῦ
1539 3982 1695 4035 Δαυῖδ

180 4053 433 4126 ἐπιϐουλῆς
474 4060 666 4128 φθόνος
709 4057 797 4132 ἦν.
850 4065 1061 4135 Ἐπειδὴ
1108 4066 1215 4133 γὰρ
1263 4068 1359 4136 τὴν
1418 4070 1556 4122 κατὰ
1599 4071 1691 4123 τοῦ

180 4140 440 4210 ἀλλοφύλου
472 4148 663 4200 Γολιὰο
694 4151 864 4220 ήρατο
892 4154 1063 4221 νίκην,
1101 4156 1314 4224 ὑμνεῖτο
1340 4173 1394 4207 τε
1426 4159 1515 4210 ἐπὶ
1542 4158 1692 4211 τοῦτο

183 4232 306 4299 παρὰ
347 4238 452 4298 τοῖς
506 4240 661 4302 πᾶσι,
697 4241 886 4292 τούτου
929 4241 1084 4311 χάριν
1132 4244 1350 4313 ὡρμᾶτο
1394 4245 1690 4302 θανατῶσαι

182 4318 344 4373 αὐτόν·
390 4326 479 4376 καὶ
522 4327 757 4394 μάλιστα
792 4330 879 4380 ὅτε
926 4326 1079 4393 εἶδεν,
1108 4332 1181 4395 ὡς
1223 4334 1418 4405 Κύριος
1462 4330 1528 4405 ἦν
1559 4336 1691 4404 μετὰ

1813 1957 1972 2007 eussit
1991 1958 2257 2022 parietem.
2296 1956 2460 2009 David
2494 1966 2667 2008 autent
2704 1960 2909 2011 recessit
2934 1969 2981 2011 et
3003 1960 3235 2012 salvatus
3255 1970 3351 2012 est.

1812 2042 1878 2094 Et
1913 2043 2111 2109 factum
2144 2052 2220 2096 est
2248 2044 2303 2095 in
2329 2052 2475 2095 nocte
2505 2043 2620 2107 illa,
2658 2044 2797 2096 misit
2819 2045 3025 2097 nuntios
3060 2045 3109 2096 in
3143 2045 3352 2099 domum

1814 2130 1996 2190 David,
2028 2131 2118 2199 qui
2149 2130 2466 2184 custodirent
2494 2131 2663 2193 illum,
2695 2139 2751 2182 ut
2790 2133 3162 2199 interﬁceretur
3181 2150 3349 2189 mane.

1810 2217 1875 2269 Et
1904 2219 2210 2270 renuntiavit
2248 2218 2436 2270 Davidi
2489 2217 2731 2281 Melclrol,
2771 2234 2904 2271 uxor
2947 2220 3081 2286 ejus,
3124 2221 3299 2274 dicens
3330 2237 3350 2277 :

1810 2309 1927 2362 Nisi
1958 2312 2238 2363 salraveris
2269 2312 2495 2363 animam
2530 2319 2671 2363 tuam
2699 2311 2797 2363 hac
2824 2320 3002 2374 nocte,
3035 2328 3152 2365 cras
3184 2313 3346 2366 inter-

1806 2402 2015 2467 ﬁcieris.
2058 2400 2123 2452 Et
2157 2400 2363 2453 demisit
2387 2400 2610 2454 Melcltol
2640 2400 2884 2454 Davidem
2920 2416 3010 2468 per
3046 2402 3345 2467 fenestram,

1802 2505 1956 2556 porro
1984 2490 2072 2542 ille
2098 2490 2228 2542 abiit
2256 2498 2305 2543 et
2331 2490 2555 2560 aufugit,
2589 2499 2740 2557 atque
2760 2490 2989 2543 salvatus
3015 2497 3091 2543 est
3118 2490 3181 2543 ".
3229 2489 3346 2554 Quo

1805 2586 2040 2645 tempore
2066 2578 2203 2631 hanc
2243 2579 2383 2631 tituli
2408 2578 2812 2647 inscriptionem
2840 2577 3005 2632 edidit
3031 2597 3043 2630 :
3076 2592 3240 2646 quare
3267 2578 3347 2633 sic

1804 2667 1991 2720 titulus
2016 2666 2174 2719 habet
2202 2685 2214 2719 :
2259 2665 2319 2718 In
2348 2668 2523 2733 finem,
2548 2682 2608 2719 ne
2624 2666 2913 2732 disperdas,
2934 2666 3102 2719 David
3127 2667 3181 2718 in
3205 2666 3344 2718 tituli

1801 2758 2202 2823 inscriptionem,
2230 2756 2434 2825 quando
2464 2757 2605 2809 misit
2635 2756 2801 2818 Saul,
2844 2766 2893 2809 et
2923 2756 3195 2810 custodiuit
3244 2756 3343 2809 do-

1803 2860 1939 2896 mum
1967 2846 2080 2913 ejus
2105 2884 2120 2909 ,
2159 2857 2214 2899 ut
2243 2848 2721 2914 eum-interﬁceret.
2758 2845 2888 2899 illud
2921 2860 3068 2916 ergo,
3105 2847 3155 2899 in
3189 2847 3343 2913 linem

1800 2934 1987 2988 Davidi
2006 2975 2021 2997 ,
2054 2946 2107 2989 et
2140 2935 2293 2998 illud,
2336 2952 2397 2988 ne
2422 2936 2691 3005 disperdas
2711 2974 2727 3000 ,
2758 2943 2811 2989 et
2864 2935 3004 2987 tituli
3038 2936 3341 3001 inscriptio,

1795 3024 1904 3092 jam
1935 3027 2092 3078 tertio
2129 3034 2521 3094 consequenter
2542 3027 2741 3080 dictum
2776 3035 2877 3081 est.
2903 3026 2969 3078 At
2993 3027 3164 3096 primo
3197 3026 3343 3081 aliud

1728 3146 1766 3199 ρ
1802 3119 2018 3181 tempus
2050 3112 2327 3177 indicavit,
2350 3129 2443 3183 per
2472 3114 2684 3168 titulum
2713 3101 2917 3169 scilicet
2942 3114 3033 3183 qui
3057 3116 3135 3169 sic
3162 3114 3339 3179 habet.

1802 3201 2022 3266 Quando
2054 3212 2321 3257 tenuerunt
2345 3220 2461 3257 eum
2489 3203 2737 3270 allophyli
2793 3205 2844 3255 in
2876 3202 3002 3259 Gelli
3033 3206 3076 3235 “
3096 3220 3130 3269 ;,
3151 3218 3340 3259 secun-

1798 3289 1865 3341 do
1886 3290 2034 3352 item,
2058 3289 2189 3343 Cum
2212 3291 2403 3358 fugeret
2441 3307 2472 3342 a
2497 3290 2628 3357 facie
2649 3288 2824 3341 Saulis
2853 3290 2905 3342 in
2934 3289 3239 3355 speluncam
3256 3287 3337 3351 "’;

1798 3372 1885 3426 hic
1919 3389 2066 3436 vero,
2096 3374 2317 3438 Quando
2346 3375 2488 3427 misit
2540 3373 2698 3436 Saul,
2744 3380 2793 3427 et
2822 3374 3096 3431 custodiuit
3126 3372 3346 3433 domum

1796 3461 1906 3528 ejus
1929 3499 1943 3522 ,
1993 3471 2049 3512 ut
2082 3477 2196 3513 eum
2224 3463 2551 3530 interﬁceret.
2604 3462 2776 3514 Causa
2814 3476 2972 3529 porro
3015 3461 3332 3515 insidiarum

1799 3546 1976 3601 Saulis
2014 3548 2067 3601 iu
2102 3548 2372 3612 Davidem,
2398 3549 2596 3603 invidia
2628 3556 2763 3603 erat.
2794 3549 2926 3603 Cum
2955 3550 3096 3603 enim
3126 3547 3192 3603 dc
3220 3548 3328 3601 Go-

1796 3636 1925 3687 liath
1961 3636 2244 3707 Allophylo
2273 3637 2549 3689 victoriam
2586 3636 2881 3697 retulisset,
2909 3643 2963 3689 et
2995 3636 3063 3691 ab
3088 3636 3363 3691 omnibus.

1795 3738 1855 3775 ca
1881 3723 1947 3775 de
1982 3737 2145 3776 causa
2174 3723 2534 3777 celebraretur
2552 3761 2567 3785 ,
2605 3721 2724 3775 ideo
2760 3722 2826 3775 ad
2858 3722 2975 3789 ejus
2996 3721 3191 3775 caedem
3220 3723 3336 3774 ani-

1795 3825 1937 3862 mum
1971 3811 2176 3878 appulit
2202 3829 2214 3863 :
2250 3810 2481 3865 maxime
2512 3825 2638 3865 vero
2662 3825 2783 3862 cum
2827 3809 3030 3863 videret
3054 3809 3337 3866 Dominum

1791 3914 1910 3953 esse
1944 3915 2069 3953 cum
2099 3898 2297 3954 Davide
2321 3937 2336 3963 ,
2388 3914 2452 3953 ac
2489 3914 2601 3954 rem
2652 3899 2933 3968 perspicue
2985 3901 3343 3969 intelligeret,

1794 3987 2183 4056 liniversusque
2228 3988 2391 4043 lsrael
2442 3995 2495 4041 et
2545 3986 2677 4043 Juda
2733 3986 2982 4041 Davidem
3026 3987 3335 4047 ,adamaret.

1792 4076 1943 4129 Tunc
1974 4092 2097 4130 vero
2126 4077 2391 4145 praecipue
2418 4075 2744 4129 inﬂammata
2787 4074 3055 4131 aemulatio
3081 4083 3185 4138 cst,
3209 4090 3335 4135 cum

1791 4164 2090 4219 adverteret
2117 4179 2238 4218 eum
2260 4179 2362 4232 ope
2380 4172 2433 4218 et
2460 4165 2658 4217 auxilio
2681 4162 2774 4217 Dei
2805 4164 2857 4216 in
2896 4163 3050 4216 bellis
3082 4165 3330 4233 superio-

1791 4266 1906 4304 rem
1940 4266 2078 4305 esse.
2114 4251 2200 4305 Ait
2234 4265 2363 4319 ergo
2395 4249 2710 4318 Scriptura:
2755 4249 2826 4306 Et.
2867 4248 2992 4303 vidit
3034 4248 3166 4304 Saul
3195 4250 3331 4319 quod

1792 4338 2039 4391 Dominus
2084 4348 2214 4391 esset
2243 4354 2358 4390 cum
2393 4338 2561 4391 David
2586 4377 2600 4403 ,
2642 4348 2690 4389 et
2735 4339 2903 4391 omnis
2938 4335 3108 4393 Lsrael
3147 4336 3329 4405 dilige-

182 4405 256 4457 τοῦ
282 4410 444 4475 Δαυῒδ,
462 4415 553 4466 καὶ
576 4417 733 4478 αὐτὸς
762 4419 960 4487 συνῆκε
988 4420 1203 4491 σφόδρα,
1232 4422 1321 4473 καὶ
1342 4425 1447 4485 πᾶς
1486 4425 1695 4495 Ἰσραὴλ

1802 4436 1867 4479 ret
1914 4443 2050 4479 eum.
2091 4423 2155 4476 Et
2204 4427 2350 4492 carpit
2398 4426 2562 4494 magis
2598 4426 2773 4478 timere
2818 4424 2983 4478 David
3012 4465 3027 4486 ,
3067 4435 3116 4476 et
3159 4426 3327 4492 [actus

184 4495 258 4583 καὶ
295 4500 447 4554 Ἰούδα
475 4505 658 4571 ἠγάπα
694 4507 787 4557 τὸν
817 4508 992 4559 Δαυῖδ.
1021 4510 1139 4561 Ἔτι
1169 4528 1225 4562 τε
1261 4512 1451 4580 μᾶλλον
1483 4514 1684 4583 ἐξήφθη

1802 4524 1855 4567 εει
1883 4514 2046 4566 David
2062 4515 2302 4569 inimicus
2316 4513 2445 4567 Saul
2461 4513 2693 4568 omnibus
2710 4512 2886 4564 diebus
2904 4514 2966 4565 ".
2992 4512 3123 4566 Cum
3147 4521 3326 4567 autem

182 4581 249 4670 ἐξαΔ
273 4587 356 4655 τῆς
392 4589 711 4659 ζηλοτυπίας
736 4633 751 4657 ,
796 4595 871 4656 ὡς
917 4595 1058 4665 ἑώρα
1102 4600 1258 4651 αὑτὸν
1303 4581 1597 4670 κρατοῦντα
1629 4581 1685 4657 ἐν

189 4668 401 4740 πολέμοις
432 4678 712 4747 συνεργείᾳ
760 4680 854 4729 καὶ
902 4680 1116 4751 βοηθείᾳ
1151 4684 1302 4737 θεοῦ.
1331 4668 1564 4753 Ᾱέγει,δ’
1596 4685 1686 4743 οὖν

185 4754 390 4829 ἠΓραφή
408 4778 419 4790 ⁸
450 4764 553 4815 Kal
577 4762 698 4817 εἶδε
728 4765 947 4831 Σαοὺλ,
974 4768 1060 4820 ὅτι
1094 4773 1303 4837 Κύριος
1321 4776 1467 4840 μετὰ
1485 4776 1684 4839 Δαυῒδ,

190 4840 264 4890 καὶ
298 4844 400 4913 πᾶς
434 4849 660 4915 Ἰσραὴλ
719 4851 926 4917 ἠγάπα
973 4857 1171 4909 αὐτόν.
1223 4861 1329 4912 Καὶ
1366 4862 1687 4927 προσέθετο

186 4929 509 5015 εὐλαϐεῖσθαι
553 4939 671 4990 ἀπὸ
725 4941 908 4992 Δαυῖδ
942 4944 1045 4996 ἐτι.
1090 4948 1193 5000 Kal
1233 4948 1461 5015 ἐγένετο
1510 4952 1687 5004 Δαυῒδ

193 5013 358 5101 ἐχθρὸς
391 5022 485 5074 τοῦ
533 5025 742 5076 Σαοὺλ
789 5026 987 5093 πάσας
1025 5031 1129 5096 τὰς
1449 5037 1598 5088 Ἐπεὶ
1628 5039 1684 5091 δὲ

134 5120 149 5129 κ
189 5103 257 5186 διαὶ
277 5096 421 5172 αὖθις
442 5112 777 5175 προσέθετο
803 5117 1059 5184 πόλεμος
1085 5096 1382 5186 γενέσθαι,
1415 5126 1509 5176 καὶ
1548 5143 1686 5178 κατ-

196 5183 362 5277 iazies
382 5196 562 5257 Διιυῒδ,
591 5198 704 5246 καὶ
750 5183 1255 5273 ἐπολέμησε-,τοὺς
1282 5183 1682 5277 ἀλλοφύλους,

287 5275 545 5377 ἐπάταξεν
720 5284 922 5377 αὐτοῖς
959 5271 1195 5377 attinth
1233 5271 1532 5360 μεγάλῆν,
1580 5271 1678 5350 καί

375 5365 429 5418 ὲκ
464 5367 816 5434 προσώπου
844 5373 1046 5427 αὐτοῦ·
1074 5378 1235 5431 πάλιν
1267 5381 1324 5432 τὸ
1348 5380 1553 5449 πνεῦμα
1584 5385 1679 5437 τοῦ

191 5438 327 5502 φθόνου
361 5451 434 5503 τὸν
460 5454 656 5506 Σαοὺλ
710 5453 963 5523 ἔπνιγεν,
1009 5464 1081 5525 ὡς
1123 5466 1225 5534 ἤδη
1261 5468 1348 5518 καὶ
1390 5438 1681 5542 αὐτόχειρα

188 5547 435 5669 "sviti.
463 5578 562 5614 ﬁt!
589 5598 607 5623 ι
679 5561 839 5614 842.
949 5570 992 5600 ⁸⁸
1026 5570 1164 5626 Psal.
1212 5591 1293 5640 ιγ,
1333 5578 1373 5628 l.

257 5653 328 5677 ιν·

1488 5583 1525 5612 ⁶⁷
1567 5581 1710 5636 Paul.

1783 4600 1967 4654 iterum
2017 4608 2209 4651 motum
2262 4608 2337 4651 est
2386 4597 2605 4657 bellum,
2649 4605 2697 4647 et
2726 4599 2985 4663 superarit
3017 4597 3204 4662 David,
3235 4599 3326 4650 de-

1786 4687 2088 4755 bellavitque
2128 4686 2442 4754 allopltylos.
2482 4693 2529 4736 et
2570 4685 2823 4749 percussit
2876 4701 2965 4737 eos
3011 4685 3167 4751 plaga
3216 4702 3329 4737 ma~

1784 4790 1905 4841 gna,
1940 4783 1988 4825 et
2024 4774 2258 4841 fugerunt
2306 4790 2337 4824 a
2392 4772 2526 4839 facie
2576 4771 2687 4839 ejus
2718 4775 2802 4836 ⁶⁹;
2843 4774 3064 4841 spiritus
3113 4772 3329 4831 invidia:

1786 4877 1973 4918 rursus
2003 4862 2215 4916 Saulem
2244 4860 2557 4922 sullocabat,
2594 4870 2649 4912 ut
2673 4860 2784 4926 jam
2814 4876 2974 4913 manu
3004 4861 3219 4931 prepria
3249 4864 3326 4914 viq

1782 4964 1897 5001 rum
1928 4949 2210 5003 confodere
2250 4949 2423 5001 vellet.
2469 4947 2712 5001 Tentavit
2753 4963 2882 5014 ergo
2921 4950 3103 4999 lancea
3134 4962 3331 5019 percu.-

1783 5044 1911 5100 tcrc,
1947 5045 1999 5090 et
2034 5053 2154 5091 cum
2180 5038 2484 5089 aberrasset
2517 5037 2582 5088 ab
2611 5037 2739 5095 ictu,
2771 5050 2876 5086 non
2906 5037 3042 5087 clam
3075 5034 3329 5099 ulterius,

1781 5124 1874 5177 sed
1903 5125 2095 5191 palam,
2128 5121 2304 5176 missis
2337 5124 2388 5174 in
2423 5124 2637 5175 domum
2664 5120 2825 5173 David
2849 5121 3204 5180 satellitibus,
3232 5137 3334 5174 ne-

1782 5227 1894 5264 cem
1924 5211 2118 5265 inl'erre
2150 5211 2370 5279 cupivit.
2406 5208 2495 5263 Ille
2525 5222 2649 5262 vero
2684 5206 2736 5258 in
2766 5206 3081 5274 bujusmodi
3108 5206 3342 5258 calami-

1783 5306 1888 5352 tate
1919 5307 2229 5366 praiset'em
2272 5298 2409 5350 tituli
2442 5294 2849 5362 inscriptionem
2881 5296 3072 5356 edidit,
3099 5292 3349 5347 emisso.

1781 5403 1884 5455 que
1911 5388 2141 5439 clamore
2165 5385 2329 5438 Deum
2374 5391 2623 5453 precatus
2658 5381 2746 5434 his
2786 5382 2973 5435 verbis
3002 5388 3088 5434 est
3116 5398 3130 5432 :
3188 5377 3366 5444 Eripe,

1785 5489 1861 5525 me
1885 5472 1946 5525 de
1984 5470 2207 5524 inimicis
2257 5470 2402 5533 meis,
2438 5469 2573 5521 Deus
2601 5505 2617 5530 ,
2652 5476 2702 5518 et
2759 5466 2822 5517 ab
2857 5464 3265 5534 insurgentibus
3310 5465 3365 5513 in

1777 5600 1895 5648 LVI,
1932 5584 1975 5634 l.
2054 5582 2095 5611 ⁸³
2133 5577 2310 5651 Illos.
2378 5595 2537 5644 xvri,
2580 5577 2680 5639 Η,
2749 5576 2843 5639 l6,
2913 5576 2997 5628 ‘28.
3081 5576 3124 5606 δ’
3165 5571 3187 5623 ι
3228 5570 3371 5641 ηε.
