3818 6326
140 381 229 436 ιιι

1277 395 1769 455 εοιιιιεΝτΑιιιΑ
1794 399 1875 471 _lN
1914 399 2247 454 PSALMOS.

3262 415 3365 469 542

142 497 265 557 τοίας
307 492 501 589 λόγους
556 496 761 589 ἀξίους
808 509 1037 581 μνήμης
1067 516 1480 584 προσφέροντες,
1517 500 1640 565 κυσὶ
1672 515 1720 565 δέ

1826 520 1878 564 et
1922 513 2277 583 impudentes.
2306 513 2482 579 Quare
2515 515 2710 570 famem
2750 519 3039 585 patientur,
3076 537 3212 589 pane
3235 503 3363 579 vita:

140 582 516 653 παραπλησίως
550 585 859 660 ὓλαγμοὺς
877 599 1170 676 ἀφιέντες,
1198 604 1377 670 φωνάς
1398 619 1456 653 τε
1486 602 1725 672 ὑϐριστι-

142 676 226 736 ad;
252 674 336 727 καὶ
366 674 651 740 ἀναιδεὶτς.
704 683 806 735 Διὸ
846 674 946 740 καὶ
980 688 1303 758 λιμώξουσιν
1332 691 1424 744 τοῦ
1454 692 1551 760 τῆς
1583 691 1726 760 ζωῆς

140 764 279 832 ἄρτου
306 762 697 832 στερηθέντες
716 786 732 799 ο
772 774 904 824 ἐπεὶ
938 776 1012 845 μὴ
1044 765 1400 847 παρεδέξαντο
1425 779 1523 849 τὴν
1550 782 1723 849 σωτή-

144 870 235 914 ριον
257 853 348 903 καὶ
373 853 651 923 οὐράνιον
676 863 917 932 τροφὴν,
954 867 1115 918 αὑτὸν
1145 867 1234 919 τὸν
1260 869 1513 937 εἰρηκότα
1530 885 1544 897 ·
1591 867 1727 934 Ἐγώ

138 945 233 1009 εἰμι
272 944 301 993 ό
342 941 553 1009 ἄρτος
608 949 644 1000 ὀ
692 950 770 1003 ἐκ
823 953 934 1006 τοῦ
984 957 1242 1022 οἰψανοῦ
1292 956 1575 1020 καταϐὰς,
1628 957 1722 1007 καὶ

139 1030 312 1095 διδοὺς
364 1031 545 1100 ζωὴν
580 1037 724 1104 τοῖς
774 1041 1131 1109 ἀνθρώποις.
1192 1045 1351 1097 Ὅθεν
1401 1046 1492 1097 καὶ
1542 1045 1724 1113 ἕτερος
1766 1028 1771 1033 ’

142 1126 410 1193 προφήτης
445 1126 556 1177 τὸν
584 1126 756 1198 λιμὸν
783 1130 972 1184 τοῦτον
998 1134 1359 1202 αἰνιττόμενος
1387 1130 1512 1185 ἐϐόα
1534 1133 1719 1200 λέγων’

151 1208 278 1261 Ἰδοὺ
316 1214 381 1264 οἱ
433 1211 869 1283 δουλεύοντές
919 1237 1018 1287 μοι
1075 1218 1393 1288 φάγονται,
1443 1220 1608 1288 ὑμεῖς
1658 1206 1725 1271 δὲ

140 1295 488 1351 πεινάσετε*
566 1301 706 1355 ἰδοὺ
764 1307 820 1357 οἱ
873 1304 1264 1370 δουλεύοντές
1310 1322 1409 1373 μοι
1462 1306 1723 1370 aderrat,

140 1384 280 1453 ὑμεῖς
332 1386 418 1439 δὲ
484 1389 825 1457 διψήσετε.
873 1393 1224 1463 Στερηθέντες
1266 1394 1321 1446 δὲ
1365 1394 1464 1462 τῆς
1510 1395 1724 1446 αἰωνίου

140 1475 315 1543 τροφῆς
371 1478 491 1530 καὶ
542 1480 644 1531 τὸν
686 1481 853 1551 ἄρτον
897 1482 994 1550 τῆς
1040 1481 1182 1551 ζωῆς
1235 1482 1721 1553 παραιτησάμενοι,

140 1563 289 1615 οὐκέθ’
321 1564 418 1627 ὡς
458 1567 734 1637 πρόϐατα
770 1570 1086 1637 γενήσονται
1117 1569 1207 1621 τοῦ
1238 1569 1400 1621 καλοῦ
1441 1571 1688 1639 ποιμένος
1707 1585 1721 1599 ⁶

141 1654 680 1724 παραϐληθήσονται
711 1656 768 1707 δὲ
796 1658 972 1709 κυσίν.
1019 1652 1150 1708 Εἶτα
1176 1656 1231 1708 δὲ
1263 1657 1354 1709 καὶ
1397 1658 1495 1726 τῆς
1521 1657 1724 1709 ἑαυτῶν

144 1742 320 1803 πόλεως
344 1780 363 1803 ,
399 1744 482 1812 ἢν
521 1743 722 1806 κακῶς
765 1744 1009 1813 ᾤκησαν,
1054 1742 1510 1813 ἀπελασθήσονται
1533 1760 1546 1774 ⁸
1595 1746 1726 1796 ἀπο-

1825 602 2037 669 privati,
2068 603 2193 671 quia
2226 604 2512 657 salutarem
2533 612 2586 658 et
2618 607 2889 662 caelestem
2917 609 3094 664 cibum
3138 628 3249 666 non
3269 629 3360 669 ac-

1823 699 2101 757 ceperunt,
2155 692 2327 759 ipsum
2356 692 2562 747 scilicet
2601 694 2691 761 qui
2734 695 2807 747 ait
2844 715 2856 747 :
2896 696 3006 766 Ego
3036 716 3149 752 sum
3191 703 3363 769 panis,

1823 779 1911 845 qui
1943 778 2006 831 de
2030 780 2155 831 cmlo
2179 779 2462 843 descendit,
2494 790 2540 834 et
2561 782 2648 850 qui
2672 781 2771 833 dat
2800 785 2957 836 vitam
2984 786 3274 842 hominibus
3296 791 3361 843 ⁷³.

1825 863 2001 928 Quare
2016 867 2158 920 ’alius
2180 869 2433 935 propheta
2473 868 2779 936 hujusmodi
2815 871 3006 924 famem
3037 874 3364 930 adumbrans

1824 954 2088 1008 clamabat
2120 956 2306 1010 dicens
2336 974 2348 1009 :
2387 954 2518 1009 Ecce
2542 958 2630 1024 qui
2666 960 2892 1011 serviunt
2920 961 3046 1013 mihi
3074 964 3360 1027 comedent,

1823 1059 1909 1096 vos
1939 1054 2131 1113 autem'
2160 1046 2397 1097 esurietis
2421 1061 2440 1097 :
2485 1061 2597 1098 ecce
2633 1048 2721 1114 qui
2749 1050 2974 1101 serviunt
3010 1051 3138 1103 mihi
3168 1051 3361 1115 bibent,

1823 1146 1910 1183 vos
1945 1139 2116 1183 autem
2141 1132 2325 1184 sitielis
2350 1132 2416 1185 ⁸⁸.
2448 1131 2671 1185 Ᾱίῑοιδηιι
2698 1141 2873 1188 autem
2900 1151 3022 1189 esca
3054 1136 3267 1205 privati,
3300 1152 3363 1193 ac

1823 1231 1960 1284 pane
1989 1218 2111 1270 vitae
2136 1218 2360 1285 reiecto,
2392 1234 2498 1271 non
2541 1220 2680 1272 ultra
2715 1229 2770 1274 ut
2813 1236 2940 1275 oves
2971 1223 3099 1276 boni
3130 1225 3362 1292 pastoris

1820 1304 2228 1370 reputabuntur,
2272 1307 2363 1359 sed
2394 1307 2618 1361 canibus
2650 1309 3119 1376 comparabuntur.
3162 1310 3361 1366 Deinde

1822 1403 1952 1442 vero
1980 1404 2047 1443 ex
2081 1390 2299 1445 civitate
2328 1406 2446 1450 sua.
2480 1409 2639 1460 quam
2668 1395 2906 1461 improbe
2933 1398 3235 1461 coluerunt,
3265 1413 3359 1451 ex-

1821 1478 2186 1532 turbabuntur
2220 1498 2232 1533 :
2267 1488 2427 1549 atque
2474 1482 2546 1534 ita
2600 1483 2973 1546 exeluduntur,
3006 1492 3064 1537 ut
3105 1501 3171 1539 ne
3219 1486 3361 1540 ultra

1829 1567 1978 1620 adire
2009 1569 2152 1621 illam
2186 1571 2418 1622 audeant
2455 1587 2468 1621 :
2501 1570 2625 1638 quia
2681 1570 2783 1637 ipsi
2813 1573 2930 1639 eius
2983 1572 3190 1635 incolae,
3243 1586 3361 1629 eam

1822 1657 2081 1726 sanguine
2123 1658 2480 1725 repleverunt.
2525 1657 2701 1723 Quare
2755 1660 2809 1711 in
2867 1675 3030 1728 supra
3065 1671 3362 1716 memorato

1822 1747 1941 1798 loco
1965 1744 2245 1798 dicebatur
2269 1761 2281 1796 :
2309 1746 2568 1811 Quoniam
2602 1748 2704 1798 ridi
2726 1748 3048 1813 iniquitatem
3072 1759 3121 1802 et
3153 1762 3364 1804 contra-

141 1830 570 1899 xiatalb'qsowai
596 1848 661 1882 τε
692 1831 884 1900 αὐτῆς,
917 1832 992 1893 ὼς
1022 1832 1211 1900 μηκέτ’
1238 1831 1404 1899 αὐτῆς
1434 1831 1720 1884 ἐπιϐαίνειν

1821 1834 2097 1886 dictionem
2129 1835 2182 1887 in
2208 1836 2415 1887 civitate
2434 1836 2498 1886 ⁸³.
2534 1836 2744 1889 Atenim
2774 1837 2846 1889 ibi
2876 1837 3089 1893 lsraelis
3130 1839 3184 1891 in
3210 1838 3365 1895 Ieru-

143 1919 352 1988 τολμᾷν·
439 1920 763 1990 ἐπειδήπερ
813 1924 862 1973 oi
923 1920 1194 1982 οἰκοῦντες
1253 1922 1420 1989 αὐτὴν
1478 1922 1721 1990 αἱμάτων

142 2004 286 2075 αὐτὴν
336 2005 669 2075 ἐπλήρουν.
725 2007 815 2057 Διὸ
858 2007 1033 2079 ἐντῷ
1066 2007 1455 2078 προδηλωθέντι
1488 2009 1716 2075 ἐλέγετο·

147 2096 247 2148 Ὁτι
273 2091 464 2148 εἶδον
506 2096 775 2163 ἀνομίαν
818 2096 915 2148 καὶ
956 2096 1297 2165 ἀντιλογίαν
1330 2097 1399 2148 ἐν
1423 2095 1497 2163 τῇ
1528 2094 1717 2149 πόλει.

156 2182 271 2236 Ἀλλ’
302 2176 446 2235 ἐκεῖ
499 2184 607 2252 μὲν
657 2183 729 2235 τὰ
766 2183 1102 2253 τολμηθέντα
1137 2184 1213 2253 τῷ
1260 2170 1558 2254 Ἰσραὴλ-ἐν
1584 2185 1718 2254 αὐτῇ

144 2271 597 2341 τῇἹερουσαλὴμ
628 2272 771 2324 κατά
797 2272 889 2324 τοῦ
916 2274 1160 2342 Σωτῆρος
1189 2273 1461 2342 ἐδηλοῦτο·
1494 2274 1720 2326 ἐνταῦθα

143 2360 190 2411 δὲ
222 2360 277 2411 τὸ
307 2378 384 2412 συ
395 2359 696 2428 μϐεϐηκὺς
744 2361 931 2422 αὐτοῖς
973 2361 1111 2431 μετά
1147 2360 1317 2412 ταῦτα
1343 2364 1407 2430 τῇ
1440 2361 1533 2413 τοῦ
1566 2363 1718 2429 ἁγίου

146 2449 466 2517 Ιινεύματος
511 2448 827 2517 προγνώσει
868 2451 900 2517 ὴ
936 2450 975 2500 Γ
979 2449 1121 2519 ραφὴ
1165 2449 1488 2518 στηλιτεύει·
1522 2451 1601 2502 διὸ
1627 2454 1719 2503 καὶ

146 2538 575 2606 στηλογραφία
600 2537 883 2607 κέκληται.
913 2536 1017 2589 Τοῦ
1045 2538 1100 2591 δὲ
1126 2537 1281 2605 λόγου
1306 2538 1365 2591 τὸ
1384 2538 1720 2609 ἀποτέλεσμα

146 2629 482 2698 παρίστησιν
535 2630 570 2698 ἡ
604 2628 715 2680 τῶν
766 2628 1099 2698 πραγμάτων
1132 2627 1368 2690 ἔκϐασις.
1417 2628 1570 2681 Μετὰ
1593 2629 1719 2696 γοῦν

150 2718 234 2785 τὴν
259 2719 415 2771 κατά
456 2717 560 2770 τοῦ
586 2718 837 2787 Σωτῆρος
866 2716 1018 2786 ἡμῶν
1053 2716 1337 2787 ἐπιϐουλὴν
1369 2718 1563 2781 αὐτῶν,
1597 2719 1717 2769 ἐπι-

151 2806 366 2869 στάντες
432 2808 702 2875 Ῥωμαῖοι
756 2804 907 2864 τέλος
968 2806 1167 2872 ἐπῆγον
1216 2809 1326 2869 τοῖς
1373 2808 1751 2874 προφητικῶς

150 2887 335 2955 λόγοις-
380 2890 595 2958 Νόμοις
634 2890 764 2956 γοῦν
804 2888 909 2941 τῶν
949 2889 1288 2957 κρατούντων
1320 2891 1377 2957 ἐξ
1421 2891 1626 2943 ἐκείνου
1659 2892 1718 2943 τὸ

146 2980 242 3029 πᾶν
274 2979 570 3031 Ἰουδαίων
610 2978 762 3041 ἔθνος
812 2980 1178 3048 ἀπηγόρευται
1219 2985 1330 3044 τοῖς
1370 2982 1553 3045 τόποις
1598 2978 1719 3035 ἐπιὲ

148 3068 385 3130 ϐαίνειν,
421 3070 802 3139 ἀπαραιτήτου
844 3069 1112 3138 τιμωρίας
1142 3071 1582 3140 ἐπαιωρουμένης
1610 3075 1717 3134 τοῖς

143 3156 231 3209 τοῦ
259 3158 448 3227 νόμου
474 3158 842 3227 παραϐάταις.
875 3158 965 3208 Διὸ
992 3158 1155 3210 εἰσέτι
1188 3159 1282 3210 καὶ
1311 3160 1544 3229 σήμερον
1574 3160 1716 3228 ἀμφὶ

154 3247 241 3299 ab)
288 3248 437 3310 τοὺς
488 3249 651 3317 ὅρους
704 3248 797 3300 καὶ
860 3246 1040 3315 κύκλῳ
1096 3246 1380 3317 παριόντες
1441 3248 1717 3317 πόρρωθεν

148 3334 435 3387 ἱστανταιν
487 3334 611 3403 μηδ’
654 3334 713 3396 ἐξ
746 3334 988 3391 ἀπόπτου
1029 3332 1089 3386 τὸ
1130 3333 1296 3386 πάλαι
1339 3335 1716 3403 νενομισμένον

149 3423 335 3485 αὐτοῖς
380 3423 519 3492 ἱερὸν
552 3422 749 3490 ἔδαφος
781 3422 1071 3475 θεάσασθαι
1106 3420 1545 3491 καταξιούμενοι·
1582 3420 1714 3484 ἔξω·

150 3509 239 3562 θεν
265 3511 329 3561 δὲ
363 3510 708 3573 κυκλοῦντες,
745 3511 924 3562 πίστιν
970 3509 1228 3576 ἐπάγουσι
1258 3511 1323 3577 τῇ
1359 3508 1493 3577 μετά
1533 3513 1716 3577 χεῖρας

149 3597 396 3668 λεγούσῃ
450 3602 672 3670 Γραφῇ·
743 3597 1238 3663 Ἐπιστρέψουσιν
1298 3598 1384 3659 εις
1436 3595 1712 3662 ἑσπέραν,

151 3690 251 3742 καὶ
322 3690 696 3757 ,λιμώξουσιν
766 3689 847 3753 ὠς
909 3687 1099 3748 κύων,
1171 3684 1267 3737 καὶ
1338 3683 1714 3738 κυκλώσουσι

155 3790 367 3840 πόλιν.
410 3782 514 3835 Καὶ
556 3779 770 3839 τούτοις
816 3776 942 3846 ἐξῆς
982 3776 1289 3843 ἐπιλέγεται
1321 3777 1353 3843 ἡ
1379 3774 1522 3827 αἰτία
1559 3774 1623 3825 δι’
1654 3775 1717 3843 ἦν

158 3872 342 3924 ταῦτα
374 3869 668 3921 πείσονταιο
715 3864 859 3920 Ἰδοὺ
885 3863 1013 3933 γὰρ,
1044 3862 1225 3930 φησὶν,
1252 3860 1719 3927 ἁποφθέγξονται

158 3961 235 4010 ἐν
272 3958 361 4024 τῷ
394 3961 635 4026 στόματι
676 3953 894 4016 αὐτῶν,
932 3953 1027 4005 καὶ
1061 3951 1324 4019 ῥομφαία
1353 3950 1422 4002 ἐν
1443 3949 1566 4013 τοῖς
1597 3950 1716 4016 χει-

161 4053 345 4101 λεσιν
386 4049 595 4110 αὐτῶν,
627 4046 718 4098 ὅτι
766 4045 857 4108 τις
883 4043 1144 4109 ἠκουσε;
1177 4039 1347 4091 ταῦτα
1373 4039 1478 4109 γὰρ
1509 4040 1719 4092 ἅπαντα

162 4137 463 4189 πεπόνθασι
511 4135 599 4187 διὰ
663 4133 762 4195 τὰς
812 4131 1003 4192 ἀθέους
1060 4129 1237 4182 αὐτῶν
1301 4129 1392 4179 καὶ
1445 4127 1720 4190 δυσσεϐεῖς

164 4226 377 4292 φωνὰς,
406 4225 469 4287 ἃς
492 4225 632 4278 κατά
656 4222 750 4275 τοῦ
783 4221 1077 4288 Σωτῆροςή
1088 4218 1200 4287 μῶν
1229 4218 1474 4284 ἠφίεσαν,
1505 4217 1596 4269 ἐπὶ
1627 4216 1718 4269 τοῦ

166 4315 402 4367 mum
433 4315 657 4384 βοῶντες
679 4329 695 4342 ·
731 4308 890 4377 Αἶρε,
935 4305 1080 4374 αἶρε,
1127 4308 1476 4373 σταύρωσον
1515 4308 1715 4359 αὐτόν.

1823 1923 1985 1977 salem
2031 1930 2220 1975 contra
2257 1922 2583 1978 Salvatorem
2631 1925 2869 1979 facinora
2903 1928 3358 1996 recensebantur;

1822 2011 1909 2064 hic
1939 2025 2065 2087 vero
2099 2026 2219 2079 quae
2263 2012 2394 2079 ipsis
2436 2022 2619 2080 postea
2660 2016 2985 2083 contigerint
3031 2033 3093 2070 ex
3126 2018 3362 2086 Spiritus

1822 2100 1994 2152 sancti
2029 2099 2353 2154 revelatione
2379 2099 2656 2169 Scriptura
2683 2117 2779 2155 ceu
2812 2103 2866 2155 in
2895 2105 3053 2173 cippo
3080 2106 3358 2173 inscribit;

1819 2204 1983 2258 quare
2006 2190 2146 2242 tituli
2168 2174 2437 2258 inscriptio
2459 2191 2673 2245 dicitur.
2704 2192 3035 2261 Cempletum
3066 2209 3224 2263 porro
3246 2210 3361 2249 ser-

1819 2293 2027 2331 monem
2067 2294 2185 2332 esse
2216 2294 2392 2332 rerum
2422 2287 2644 2333 eventus
2669 2281 2923 2334 declarat.
2959 2280 3089 2334 Nam
3114 2289 3235 2350 post
3269 2283 3355 2337 ia-

1820 2368 1987 2422 sidias
2024 2367 2094 2421 ab
2133 2367 2201 2420 iis
2230 2376 2414 2421 contra
2449 2368 2778 2422 Salvatorem
2819 2379 3056 2438 paratas,
3093 2370 3361 2425 irruentes

1818 2454 2255 2531 Romani,_dictis
2291 2456 2616 2524 propheticis
2643 2456 2797 2509 linem
2823 2458 3120 2511 intulerunt
3150 2476 3164 2510 :
3198 2458 3356 2526 siqui-

1816 2543 1936 2597 dem
1974 2543 2237 2597 victorum
2286 2545 2398 2613 lege
2446 2545 2707 2599 universae
2760 2544 2997 2598 Judaica:
3041 2546 3182 2613 genti
3212 2547 3359 2602 aditu

1819 2633 2057 2685 locorum
2090 2632 2431 2686 interdictum
2464 2641 2577 2697 est;
2626 2633 2951 2689 inevitabilis
2981 2635 3179 2703 quippe
3228 2635 3359 2703 legis

1819 2723 2308 2788 transgressoribus
2364 2723 2633 2791 impendet
2680 2723 2831 2776 ultio.
2886 2723 3241 2787 Quamobrem
3292 2724 3359 2776 ad

1818 2810 1956 2864 hanc
1984 2827 2155 2880 usque
2197 2812 2357 2875 diem,
2396 2813 2461 2866 ad
2494 2820 2671 2866 certos
2721 2812 2983 2866 terminos
3016 2813 3073 2866 in
3128 2812 3359 2865 circuitu

1818 2900 2154 2965 accedentes,
2183 2901 2370 2969 procul
2408 2901 2710 2954 consistunt
2746 2915 2759 2950 :
2791 2915 2968 2967 neque
3003 2899 3177 2955 solum
3202 2900 3357 2960 illud,

1817 2989 1962 3058 quod
1995 3006 2209 3043 sacrum
2246 2990 2372 3042 olim
2407 2990 2777 3057 reputabatur,
2811 2989 2894 3042 vel
2923 2989 3109 3057 procul
3140 2989 3359 3056 conspi-

1748 3105 1784 3159 ε
1817 3088 1937 3129 cere
1959 3072 2089 3141 ipsis
2112 3073 2424 3127 conceditur
2470 3073 2572 3125 Sed
2602 3073 2744 3127 foras
2767 3073 3183 3136 circumeuntes,
3213 3072 3360 3126 Scri-

1816 3167 1987 3226 ptura:
2031 3174 2150 3227 qua;
2187 3159 2296 3227 jam
2350 3159 2527 3225 agitur
2575 3159 2731 3211 tidem
2784 3158 3074 3210 conciliant
3104 3157 3353 3210 dicenti:

1817 3246 2184 3300 Convertentur
2209 3246 2276 3297 ad
2305 3260 2582 3311 vesperam,
2605 3254 2654 3296 et
2681 3245 2870 3311 [amem
2900 3245 3162 3310 patientur
3191 3252 3247 3295 ut
3268 3259 3356 3296 ca-

1816 3334 1918 3395 uis,
1949 3342 1998 3384 et
2028 3333 2319 3385 circuibunt
2352 3332 2628 3402 civitatem.
2684 3329 2882 3383 Deinde
2907 3344 3032 3382 vero
3071 3329 3356 3399 subjungi—

1816 3430 1904 3473 tur
1929 3429 2089 3473 tantae
2108 3419 2427 3472 calamitatis
2450 3432 2613 3471 causa
2644 3434 2659 3470 :
2689 3433 2810 3471 nam
2835 3418 2909 3469 ait
2938 3436 2951 3470 :
2978 3416 3108 3470 Ecce
3145 3417 3359 3487 loquen-

1816 3519 1900 3559 tur
1929 3508 1982 3559 in
2014 3522 2101 3560 ore
2130 3523 2243 3569 suo,
2272 3514 2320 3558 et
2364 3506 2567 3574 gladius
2609 3506 2662 3558 in
2703 3505 2854 3558 labiis
2880 3520 3079 3568 eorum,
3109 3509 3357 3572 quoniam

1813 3594 1927 3664 quis
1979 3596 2216 3650 audivit?
2265 3595 2546 3649 Enimvero
2591 3596 2703 3649 haec
2733 3596 2913 3648 omnia
2945 3594 3088 3663 passi
3133 3604 3262 3648 sunt
3288 3598 3358 3649 ob

1816 3685 2008 3752 impias
2035 3685 2154 3737 illas
2189 3691 2242 3737 et
2275 3684 2507 3738 nefarias
2543 3699 2723 3749 voces,
2758 3700 2894 3752 quas
2938 3697 3127 3744 contra
3170 3689 3359 3743 Salva-

1815 3782 1985 3827 torem
2011 3780 2254 3827 nostrum
2283 3774 2640 3841 protulerunt,
2673 3772 2739 3826 ad
2767 3772 2993 3829 Pilatum
3023 3778 3316 3832 clamantes
3342 3798 3355 3831 :

1822 3862 1993 3939 Tolle,
2028 3862 2170 3923 tolle,
2217 3863 2457 3930 cruci/iga
2497 3877 2612 3913 eum
2657 3862 2723 3915 ".
2769 3861 2993 3932 Sanguis
3035 3868 3148 3935 ejus
3206 3852 3363 3936 super

1818 3967 1909 4003 nos
1921 3960 2130 4017 etsuper
2144 3951 2281 4018 filios
2304 3960 2507 4003 nostros
2520 3950 2583 4000 ⁸³.
2609 3949 2761 4013 Quod
2786 3950 2868 4005 his
2894 3954 3071 4006 verbis
3093 3956 3362 4024 signiﬁca-

1820 4048 1909 4092 tur
1939 4058 1953 4092 :
1993 4038 2122 4093 Ecce
2151 4040 2421 4107 loquentur
2452 4040 2502 4091 in
2537 4054 2623 4090 ore
2657 4044 2770 4101 suo,
2804 4051 2851 4092 et
2884 4040 3089 4107 gladius
3124 4044 3177 4094 in
3208 4044 3361 4097 labiis

1816 4144 2014 4182 eorum.
2055 4128 2158 4181 [‘ro
2197 4129 2287 4182 illo
2329 4135 2523 4188 autem.
2560 4127 2815 4191 Quoniam
2838 4130 2950 4198 quis
2978 4130 3217 4186 audivit?
3249 4133 3361 4185 cla-

1821 4218 1935 4270 rius
1959 4215 2311 4286 Symmachus
2344 4220 2727 4286 interpretatus
2755 4218 2837 4270 bis
2867 4218 3045 4272 verbis
3074 4229 3172 4283 est,
3197 4221 3365 4283 Quasi

1823 4305 1967 4357 nullo
1997 4305 2236 4359 audiente
2263 4307 2583 4359 clamabant.
2617 4305 2765 4359 Talia
2801 4306 2995 4374 quippe
3023 4318 3210 4360 contra
3247 4309 3366 4361 Sal-
3402 4310 3407 4317 ’

174 4402 262 4453 Τί.)Δ
317 4398 445 4471 alita
500 4400 685 4457 αὐτοῦ
747 4397 840 4465 ἐφ’
889 4395 1044 4463 ἡμᾶς
1107 4395 1202 4446 καὶ
1265 4394 1362 4446 ἐπὶ
1423 4393 1492 4446 τὰ
1545 4393 1720 4446 τέκνα

1826 4390 2058 4446 valorem
2088 4390 2443 4454 elalatrabant,
2480 4393 2634 4461 quasi
2680 4393 2890 4446 nemine
2933 4392 3274 4461 inspiciente.
3314 4402 3368 4447 ct

172 4486 367 4552 ἡμῶν·
390 4489 418 4540 ὃ
442 4490 503 4559 δὴ
537 4486 794 4558 σημαίνει
833 4482 1050 4551 φάσκων
1093 4482 1121 4532 ὁ
1150 4481 1304 4548 λόγος
1324 4498 1336 4509 ι
1410 4480 1551 4533 Ἰδοὺ
1579 4480 1722 4534 ἀπο-

167 4576 516 4643 φθέτξονται
535 4580 605 4630 ἐν
627 4559 879 4642 στόματι
904 4571 1097 4625 αὐτῶν
1121 4570 1218 4624 καὶ
1239 4570 1499 4637 ῥομφαία
1516 4570 1586 4621 ἐν
1601 4569 1721 4634 τοῖς

168 4664 437 4729 χείλεσιν
474 4665 690 4720 αὐτῶν.
756 4661 901 4716 Ἀντὶ
931 4660 987 4712 δὲ
1018 4659 1132 4721 τοῦ,
1169 4661 1288 4711 Ὅτι
1328 4658 1417 4721 τις
1459 4657 1722 4723 ἧκουσε;

172 4751 498 4824 σαφέστερον
553 4754 898 4823 ἡρμήνευσεν
957 4751 985 4801 ὁ
1037 4748 1328 4817 Σύμμαχος
1388 4744 1581 4817 εἰπών·
1633 4747 1724 4811 Ὠς

168 4837 419 4906 οὐδενὸς
455 4843 785 4903 ἀκούοντος
828 4838 1026 4889 ἐϐόων.
1061 4836 1293 4890 Τοιαῦτα
1321 4833 1429 4901 γὰρ
1468 4834 1604 4887 κατά
1633 4834 1724 4887 τοῦ

170 4926 426 4997 Σωτῆρος
471 4930 755 4988 ὑλάκτουν,
790 4927 865 4987 ὡς
894 4924 1113 4994 μηδενὸς
1157 4922 1462 4992 ὑφορῶντος
1482 4959 1497 4982 ,
1533 4924 1626 4976 καὶ
1653 4924 1727 4986 ὡς

181 5013 263 5081 μὴ
294 5015 382 5084 τῆς
404 5019 581 5086 φωνῆς
608 5016 790 5069 αὐτῶν
819 5015 1228 5084 ἐπακροωμένου
1272 5010 1363 5061 τοῦ
1391 5010 1548 5064 Θεοῦ.
1592 5013 1725 5065 Ἀλλ’

181 5104 381 5156 ἐκεῖνοι
429 5109 525 5174 μὲν
570 5106 645 5167 ὼς
691 5103 917 5172 μηδενὸς
969 5103 1248 5161 ἀκούοντος
1299 5097 1462 5149 ἐϐόων
1483 5117 1497 5129 ο
1558 5101 1622 5152 σὺ
1671 5103 1728 5155 δὲ

1827 4483 1977 4550 quasi
2010 4498 2075 4536 ne
2105 4482 2185 4535 vel
2220 4484 2333 4550 ipse
2372 4481 2512 4535 Deus
2541 4497 2720 4535 vocem
2763 4497 2947 4533 eorum
2993 4481 3221 4534 audiret.
3259 4481 3364 4534 Ve-

1828 4586 1946 4623 rum
1973 4571 2047 4624 illi
2079 4571 2294 4638 quidem
2340 4579 2396 4623 ut
2421 4570 2635 4623 nemine
2662 4570 2913 4623 audiente
2939 4570 3278 4633 clamabant;
3316 4578 3369 4620 at

1829 4668 1885 4714 tu
1915 4662 2153 4714 omnium
2193 4662 2462 4728 inspector
2489 4668 2539 4712 ct
2564 4659 2747 4726 judex,
2774 4673 2880 4711 non
2913 4660 3084 4711 solum
3114 4659 3239 4710 talia
3274 4659 3369 4709 ob-

1829 4749 2087 4803 latrantes
2132 4749 2409 4810 audiebas,
2445 4746 2537 4799 sed
2571 4746 2830 4799 ridiculos
2863 4747 3075 4816 agebas.
3133 4745 3196 4796 Et
3236 4750 3371 4812 quo-

1830 4838 1992 4892 modo
2041 4853 2147 4890 non
2195 4837 2431 4898 ridiculi,
2480 4836 2571 4904 qui
2626 4842 2878 4903 putarent
2927 4843 3004 4886 tot
3039 4833 3366 4908 mirabilium

1832 4930 2098 4998 opiﬁcem,
2147 4943 2204 4983 se
2236 4927 2435 4980 malitia
2478 4940 2574 4980 sua
2625 4924 3021 4991 superatmos?
3064 4920 3118 4974 In
3164 4924 3371 4990 psalmo

1832 5015 2068 5070 secundo
2100 5014 2347 5067 similiter
2375 5011 2574 5065 dicitur
2596 5027 2614 5062 :
2641 5009 2741 5073 Qui
2772 5007 2971 5060 habitat
3001 5009 3052 5060 in
3076 5008 3217 5062 caelis
3250 5010 3372 5063 irri-

1831 5103 1969 5155 debit
1995 5119 2099 5166 eos,
2125 5113 2172 5154 et
2196 5101 2449 5153 Dominus
2474 5096 2810 5152 subsannabit
2834 5113 2920 5148 eos
2950 5097 3018 5151 ⁸⁵.

182 5196 351 5257 αὐτὸς
381 5200 408 5248 ὁ
436 5200 650 5250 πάντων
689 5197 880 5263 ἔφορος
917 5197 1102 5266 κριτὴς
1141 5195 1200 5246 οὐ
1244 5191 1397 5259 μόνον
1432 5193 1626 5261 ἤκουες
1656 5199 1725 5250 τὰ
1759 5198 1977 5250 τοιαῦτα
2009 5196 2391 5256 ὑλακτούντων,
2422 5194 2553 5246 ἀλλὰ
2599 5191 2689 5243 καὶ
2733 5190 3161 5256 καταγελάστους
3225 5190 3373 5243 ἐποί-

188 5300 297 5344 εις.
339 5289 438 5339 Καὶ
476 5288 590 5348 πῶς
618 5287 728 5355 γὰρ
764 5288 864 5338 οὐκ
897 5284 1032 5355 ἦσαν
1074 5283 1448 5349 καταγέλαστοι
1488 5286 1539 5335 οἱ
1608 5290 1912 5357 νομίζοντες
1971 5287 2221 5340 δύνασθαι
2254 5286 2342 5337 τον
2372 5285 2479 5335 τῶν
2510 5281 2768 5334 τοσούτων
2834 5279 3145 5349 παραδόξων
3202 5279 3375 5349 ἔργων

192 5375 416 5442 ποιητὴν
446 5379 509 5443 τῇ
550 5374 756 5427 ἑαυτῶν
789 5376 1023 5441 νικήσειν
1073 5374 1267 5441 κακίας
1301 5372 1404 5421 Καὶ
1434 5373 1490 5423 ὲν
1550 5365 1640 5426 ’τῶ
1674 5379 1718 5428 ϐ’
1744 5380 1799 5432 δὲ
1837 5380 2045 5449 εἴρηται
2092 5376 2285 5445 ψαλμῷ
2307 5393 2321 5407 ’
2381 5375 2432 5427 Ὀ
2464 5370 2750 5426 κατοικῶν
2791 5370 2859 5422 ἐν
2903 5370 3177 5436 οὐρανοῖς
3217 5370 3370 5439 ἐκτε-

194 5460 436 5515 λὰσεται
486 5464 740 5527 αὐτοὺς,
792 5466 885 5515 καὶ
923 5469 1125 5531 Κύριος
1174 5465 1550 5529 ἐκμυκτηριεῖ
1596 5472 1837 5537 αὐτούς.

271 5568 488 5639 "dean.
521 5589 608 5639 γι,
642 5572 731 5624 il.
806 5572 848 5601 ⁸ο
888 5570 982 5624 Isa.
1014 5588 1132 5635 ων,
1175 5570 1250 5622 l5.
1326 5569 1363 5598 ⁸¹
1407 5566 1550 5625 i’sal.
1596 5587 1708 5639 ιιν,

1821 5620 1830 5633 .
1909 5578 2123 5632 ρ³.ῐυ;ιη.
2158 5592 2278 5637 xxx,
2319 5574 2398 5627 15.
2475 5574 2519 5604 ⁸³
2560 5569 2743 5624 Matth.
2784 5584 2957 5631 xxvu,
2985 5568 3074 5622 ‘25.
3153 5569 3199 5600 ”
3235 5569 3378 5625 Psal.

200 5652 280 5701 η,
322 5637 360 5691 ι.
