3818 6320
168 321 257 377 510

1242 319 1731 381 COMMENTARIA
1772 325 1839 381 IN
1876 322 2207 385 PSALMOS.

3215 334 3319 389 550

168 434 323 496 αὐτοῖς
345 431 533 517 ἔργοις,
558 431 639 484 ὅτι
672 432 701 485 ὁ
729 430 893 487 πάλαι
925 435 1055 497 Θεὸς
1099 437 1288 489 Ἰακὼϐ
1312 440 1676 517 χρηματίζων,

1785 442 1921 493 niam
1952 443 2272 508 prwvuluisti
2304 458 2419 494 cum
2451 440 2577 506 Deo,
2610 450 2658 496 et
2685 460 2798 498 cum
2822 446 3110 500 hominibus
3140 458 3317 514 potens

168 518 296 584 οὗτος
317 522 465 581 αὐτὸς
509 516 762 583 δεσπόζει
810 521 993 573 οὐκέτι
1031 521 1121 574 τοῦ
1173 516 1397 586 Ἰακὼϐ,
1440 518 1556 576 οὐδὲ
1591 523 1684 576 τοῦ

178 609 380 679 Ἰσραὴλ,
412 608 543 661 ἀλλὰ
586 609 807 662 πάντων
855 610 963 662 τῶν
996 611 1242 681 περάτων
1268 613 1367 681 τῆς
1399 608 1521 681 γῆς.
1558 606 1686 665 Θεὸν

167 705 212 757 δὲ
239 699 413 753 Ἰακὼϐ
437 698 527 751 καὶ
559 698 655 751 νῦν
692 698 965 769 εὐκαίρως
1015 698 1291 769 ὠνόμασε,
1331 699 1421 752 τὸν
1461 701 1688 770 Χριστὸν

167 788 403 859 δηλώσας·
432 786 592 848 αὐτὸς
618 787 728 857 γὰρ
767 783 836 857 ἦν
866 790 894 839 ὁ
926 789 982 839 ἐν
1027 787 1308 858 ἀνθρώπου
1353 787 1587 857 σχήματί
1628 803 1687 839 τε

169 879 243 931 καὶ
267 878 429 946 μορφῇ
472 875 551 944 τῷ
594 874 908 945 πατριάρχῃ
946 875 1137 929 Ἰακὼϐ
1176 877 1391 945 ὀφθεὶς,
1426 876 1512 929 ὅτε
1552 875 1685 928 ἐπά-

168 968 289 1020 λαιεν
313 965 588 1035 ἄνθρωπος
636 966 756 1032 μετ’
797 964 985 1017 αὑτοῦ.
1032 964 1397 1034 Μετονομάςει
1442 982 1499 1017 τε
1530 965 1687 1017 αὐτὸν

166 1057 339 1123 λέγων·
374 1054 583 1107 Οὐκέτι
616 1053 982 1121 κληθήσεται
1014 1054 1081 1106 τὸ
1113 1053 1299 1122 ὄνομά
1326 1070 1440 1107 σου
1473 1053 1683 1117 Ἰακὼϐ,

166 1147 276 1198 (ω’
304 1142 525 1209 Ἰσραὴλ
562 1143 733 1195 ἔσται
759 1142 825 1194 τὸ
851 1142 1035 1210 ὄνομά
1060 1158 1174 1196 σου
1195 1160 1208 1173 ’
1243 1143 1329 1195 ὅτι
1358 1143 1687 1210 ἐνίσχυσας

163 1232 285 1299 μετὰ
327 1232 426 1284 τοῦ
478 1231 666 1293 Θεοῦ,
708 1230 807 1282 καὶ
850 1229 998 1298 μετὰ
1046 1231 1363 1297 ἀνθρώπων
1411 1230 1681 1294 δυνατός.

167 1316 304 1381 Αὖτδς
326 1316 410 1371 οὗν
434 1314 644 1381 ἐκεῖνος
670 1321 699 1372 ὁ
727 1318 804 1387 τῷ
840 1318 1031 1371 Ἰακὼϐ
1052 1318 1392 1389 χρηματίσας
1418 1318 1548 1379 Θεὸς
1576 1317 1683 1370 τῶν

169 1408 377 1478 περάτων
405 1408 498 1477 τῆς
532 1408 638 1476 γῆς
670 1408 824 1476 ἄρξει
853 1399 1328 1476 κυριολογοῦμενος
1368 1406 1515 1476 παρὰ
1554 1407 1684 1458 πᾶσι

170 1499 256 1559 τοῖς
293 1495 474 1555 ἔθνεσι,
518 1495 788 1563 δεσπότης
814 1510 875 1545 τε
908 1494 1000 1545 καὶ
1034 1494 1232 1565 Κύριος
1272 1493 1678 1563 ὀνομαζόμενος.

170 1587 319 1654 Ἀπερ
342 1586 421 1637 ἵνα
460 1585 763 1654 ὀφθαλμοῖς
813 1569 1193 1653 παραλάϐωσιν
1235 1585 1284 1636 οἱ
1324 1584 1682 1653 ἀρνησάμενοι

170 1674 317 1735 αὑτὸν,
347 1673 653 1740 ἀναγκαίως
674 1671 1021 1742 προείρηται·
1068 1667 1163 1738 Μὴ
1204 1669 1553 1737 ἀποκτείνῃς
1576 1671 1679 1722 αὐ-

1783 530 1884 582 eris
1904 527 1968 581 ⁸⁸.
1994 531 2045 584 is
2074 531 2187 598 ipse
2216 524 2380 599 igitur
2407 532 2500 599 qui
2534 524 2675 587 Deus
2713 532 2880 588 Jacob
2912 536 3223 598 vocabatur,
3260 537 3320 589 li-

1783 615 1944 672 nibns
1982 626 2136 673 terrae
2179 616 2561 682 dominabitur,
2609 622 2857 691 apudque
2892 605 3089 678 'omnes
3134 632 3319 694 gentes

1785 705 2044 761 Dominus
2088 708 2440 777 princepsque
2485 709 2782 765 vocabitur.
2826 710 2977 775 Quod
3030 720 3088 765 ut
3148 714 3320 767 oculis

1785 793 2083 861 percipiant
2134 793 2170 846 ii
2220 794 2314 863 qui
2364 795 2538 863 ipsum
2596 796 2951 865 abnegarunt,
3009 800 3319 853 necessario

1785 884 2121 949 prtemissum
2170 883 2271 937 fuit
2318 884 2597 940 illud:Ne
2641 885 2846 939 occidas
2893 903 2999 949 eos,
3052 888 3322 956 nequando

1785 970 2155 1024 obliviscantur
2191 974 2366 1040 populi
2406 975 2543 1037 mei;
2575 975 2663 1028 hic
2702 989 2849 1037 vero,
2901 974 2968 1027 Et
3007 977 3164 1028 scient
3200 978 3322 1043 quia

1787 1060 1921 1115 Deus
1948 1061 2112 1117 Iacob
2144 1062 2496 1116 dominabitur
2527 1064 2709 1130 ﬁnium
2750 1076 2918 1118 terraa.
2953 1064 3323 1119 Convertentur

1785 1149 1852 1200 ad
1884 1164 2163 1218 vesperam,
2198 1160 2247 1204 et
2286 1151 2474 1219 famem
2504 1153 2768 1217 patientur
2811 1163 2867 1206 ut
2920 1156 3086 1219 canis,
3133 1151 3317 1219 eticir.

1784 1236 1994 1288 cuibunt
2025 1236 2303 1290 civitatem.
2337 1236 2598 1291 Nimirum
2634 1239 2700 1292 ad
2741 1240 3198 1296 confirmationem
3230 1257 3323 1297 eo-

1784 1339 1923 1387 rum,
1964 1341 2082 1394 quae
2110 1341 2272 1395 supra
2314 1328 2541 1389 dixerat,
2588 1344 2888 1383 sermonem
2919 1333 3131 1400 repetit,
3173 1348 3320 1387 eam-

1783 1412 2011 1481 demque
2055 1415 2388 1482 prophetiam
2432 1417 2681 1479 resumit,
2728 1432 2791 1470 ac
2823 1419 3150 1473 vaticinatur
3202 1434 3316 1480 eos.

1783 1513 1888 1550 non
1918 1499 1984 1553 de
2021 1500 2198 1554 medio
2235 1501 2510 1553 hominum
2544 1503 2827 1565 tollendos,
2858 1518 3031 1572 neque
3075 1506 3323 1558 occiden-

1783 1584 1880 1638 dos
1903 1625 1916 1645 ,
1953 1587 2043 1639 sed
2079 1601 2411 1651 reversuros,
2444 1588 2493 1641 id
2528 1597 2611 1642 est
2660 1589 2727 1641 ad
2768 1605 2984 1644 sensum
3015 1591 3227 1646 tandem
3269 1594 3322 1646 et

1782 1687 2003 1741 vespere
2059 1674 2349 1729 redituros.
2397 1676 2464 1728 Et
2505 1678 2696 1745 famem
2746 1680 3010 1746 patientur
3051 1689 3106 1733 ut
3145 1683 3322 1744 canis:

168 1762 307 1824 τοὺς.
345 1762 573 1827 μήποτε
612 1760 1004 1813 ἐπιλάθωνται
1048 1757 1151 1811 τοῦ
1198 1757 1351 1811 λαοῦ
1396 1774 1512 1824 μου
1533 1773 1546 1786 ·
1593 1758 1682 1810 καὶ

1785 1760 1915 1826 sive,
1950 1764 2241 1816 secundum
2272 1766 2539 1833 Aquilam,
2570 1768 3025 1821 tumultuabuntur
3054 1779 3111 1822 ut
3145 1772 3322 1835 canis;
3372 1772 3383 1779 “

166 1850 354 1903 ἐνταῦθα
372 1869 385 1881 ·
414 1850 522 1903 Καὶ
555 1850 907 1917 γνώσονται,
944 1849 1031 1901 ὅτι
1068 1845 1332 1905 δεσπόζει
1359 1845 1475 1899 τῶν
1501 1845 1677 1912 περιί-

166 1957 260 1991 nor
282 1939 513 2006 τῆςιτῆς
548 1943 582 1991 ὁ
614 1938 760 2002 Θεὸς
796 1937 1009 1990 Ἰακώϐ.
1066 1936 1556 2002 Ἐπιστρέψουσιν
1590 1936 1675 1999 εὶς

166 2028 386 2094 ἑσπέραν
414 2028 507 2079 καὶ
563 2025 934 2095 λιμὼξουσιν
973 2024 1053 2089 ὡς
1087 2020 1273 2084 κύων,
1322 2023 1417 2075 καὶ
1456 2019 1676 2076 κυκλώ-

165 2130 312 2167 t'ov'o't
336 2116 526 2168 πόλιν.
561 2116 655 2178 Eli;
689 2115 974 2185 βεϐαίωσιν
999 2114 1103 2166 τῶν
1130 2112 1520 2182 προλεχθέντων
1555 2113 1675 2165 δευ-

164 2208 281 2274 repel
306 2205 388 2256 τὸν
416 2202 596 2272 λόγον,
632 2203 985 2256 ἐπαναλαϐὼν
1010 2203 1107 2272 τὴν
1133 2203 1299 2272 αὐτὴν
1326 2203 1674 2271 προφητείαν,

165 2294 370 2356 θεσπίζει
409 2311 489 2357 τε,
526 2296 608 2347 ὅτι
658 2294 758 2346 οὐκ
798 2292 1250 2361 ἀφανισθήσονται
1297 2290 1353 2357 ἐξ
1383 2291 1678 2361 ἀνθρώπων

164 2382 261 2433 om
284 2381 806 2452 ἀποκτανθήσονται,
842 2379 1220 2449 ἐπιστρέφουσι
1268 2376 1323 2431 δὲ
1343 2419 1357 2441 ,
1386 2378 1675 2443 τουτέστιν,

164 2471 228 2531 εἰς
261 2469 590 2538 συναίσθησιν
631 2468 939 2519 ἐλεύσονται
979 2466 1073 2534 ὀψέ
1109 2483 1235 2517 ποτε
1268 2467 1358 2518 καὶ
1405 2465 1637 2535 ἑσπέραν
1661 2481 1675 2495 ·

166 2554 459 2622 Λιμώξουσί
506 2571 572 2608 τε
619 2556 701 2619 ὡς
751 2554 939 2606 κύων·
991 2551 1050 2620 ἦ,
1084 2551 1221 2607 κατὰ
1278 2551 1366 2603 τὸν
1422 2549 1676 2617 Ἀκύλαν,

174 2641 532 2708 Ὁχλάσουσιν
578 2642 660 2705 ὡς
705 2642 891 2693 κύων·
935 2638 993 2707 ῆ,
1032 2636 1170 2690 κατὰ
1214 2637 1303 2689 τὸν
1348 2636 1676 2705 Σύμμαχον,

167 2729 641 2796 θοωὴθὴσονται
683 2730 763 2792 ὠς
800 2727 1001 2792 κύνες,
1030 2726 1125 2777 καὶ
1172 2722 1681 2791 περικυκλώσουσι

167 2814 327 2867 πόλιν.
350 2814 532 2868 Ταῦτα
560 2814 616 2866 δὲ
644 2815 737 2866 καὶ
768 2813 856 2866 διὰ
883 2814 989 2865 τῶν
1013 2811 1313 2881 ἔμπροσθεν
1345 2808 1678 2873 ὲθεσπίζετο·

1779 1857 1893 1911 ant,
1927 1851 2220 1903 secundum
2256 1852 2661 1922 Symmachum,
2687 1856 3034 1910 turbabuntur
3061 1868 3116 1911 ut
3147 1876 3320 1923 canes,

1774 1944 1824 1988 et
1867 1937 2155 1990 circuibunt
2202 1940 2489 1995 civitatem.
2531 1941 2657 1996 Haec
2692 1958 2857 2012 porro
2906 1947 3155 2014 superius
3188 1964 3323 2017 quo-

1777 2040 1882 2092 que
1934 2027 2479 2092 prmnuntiabantur:
2517 2030 2609 2084 se‘d
2643 2033 2712 2084 ibi
2751 2043 2936 2100 postea
2990 2050 3152 2089 causa
3194 2038 3324 2091 sub-

1770 2114 2015 2183 iungitur
2062 2117 2145 2170 his
2194 2117 2406 2171 verbis:
2447 2117 2577 2171 Ecce
2605 2120 2877 2188 loquentur
2918 2123 2970 2175 in
3003 2140 3089 2177 ore
3118 2142 3232 2189 suo,
3273 2132 3323 2182 et

1772 2203 1977 2271 gladius
2009 2205 2062 2256 in
2088 2205 2237 2257 labiis
2261 2221 2456 2269 eorum,
2489 2217 2539 2258 et
2599 2219 2803 2276 propter
2823 2210 3063 2263 delictum
3096 2215 3202 2265 oris
3230 2231 3322 2267 eo--

1776 2306 1911 2352 rum,
1947 2301 1995 2345 et
2022 2309 2302 2345 sermonem
2326 2294 2581 2348 labiorum
2616 2299 2884 2365 ipsorum;
2915 2299 3002 2354 hic
3040 2317 3168 2355 vero
3198 2304 3317 2370 post

1778 2380 1929 2443 illud,
1961 2383 2412 2436 convertentur'ad
2454 2398 2737 2453 vesperam,
2768 2395 2817 2440 ct
2842 2387 3031 2452 famem
3057 2390 3322 2455 patientur

1777 2478 1833 2520 ut
1864 2471 2028 2532 canis,
2059 2479 2106 2523 et
2144 2472 2430 2524 circuibunt
2460 2474 2739 2537 civitatem,
2774 2475 3046 2543 adjicitur,
3084 2478 3184 2544 ipsi
3210 2480 3323 2531 dis-

1775 2567 2045 2625 pergcntur
2091 2557 2159 2610 ad
2209 2558 2626 2612 manducandum
2676 2577 2693 2613 :
2733 2563 2779 2613 si
2825 2578 2941 2615 vero
2987 2580 3089 2616 non
3129 2565 3323 2632 fuerint

1778 2648 2027 2708 saturati,
2057 2658 2105 2699 et
2129 2648 2548 2701 murmurabunt.
2577 2648 2679 2701 Pro
2706 2665 2814 2717 quo
2843 2648 3196 2721 Symmachus
3218 2654 3320 2705 hac

1780 2735 1986 2789 ratione
2007 2737 2386 2804 interpretatus
2404 2747 2488 2791 est
2514 2758 2526 2791 :
2557 2738 2908 2806 Deﬂectantur
2926 2741 2977 2793 in
2998 2742 3101 2804 die,
3134 2743 3322 2794 tumuk

1783 2830 1991 2875 tuentur
2022 2833 2077 2875 ut
2109 2840 2260 2877 canes
2301 2826 2675 2878 circumeuntes
2725 2828 2982 2880 civitatem
3007 2828 3319 2896 vagabundi,

165 2902 253 2953 ἀλλ’
281 2904 385 2956 ἐκεῖ
423 2905 520 2970 μὲν
565 2901 861 2972 ἀνεφέρετο
887 2902 1012 2971 ἐξῆς
1041 2902 1075 2970 ἡ
1120 2901 1267 2953 αἰτία
1308 2901 1365 2953 ἐν
1395 2901 1490 2970 τῷ,
1540 2901 1682 2955 Ἰδοὺ

1785 2926 1844 2962 ne
1889 2911 2127 2964 insatiati
2174 2921 2491 2978 pernoctent.
2528 2912 2766 2982 Dispersi
2814 2915 2996 2984 itaque
3040 2915 3095 2969 in
3135 2931 3324 2971 omnes

164 2988 596 3061 ἐποφθέγξονται
623 2990 704 3055 τῷ
740 2993 985 3059 στόματι
1027 2988 1221 3041 αὐτῶν
1242 3027 1256 3051 ,
1293 2990 1387 3041 καὶ
1424 2989 1682 3057 ῥομφαία

1786 3006 1994 3067 gentes,
2041 3000 2211 3052 instar
2246 3015 2441 3054 canum
2497 3002 2865 3055 famelicorum
2917 3017 3093 3057 escam
3130 3008 3324 3072 quau-i-

164 3079 218 3128 ἐν
236 3080 341 3146 τοῖς
362 3082 626 3150 χείλεσιν
653 3077 851 3134 αὐτῶν
869 3120 883 3142 ,
915 3079 1010 3131 καὶ
1039 3078 1112 3131 δι’
1147 3080 1432 3146 ἁμαρτίαν
1466 3080 1680 3147 στόμα-

1785 3095 1894 3139 tant
1929 3107 1942 3141 :
1979 3103 2042 3142 ac
2090 3104 2198 3141 non
2240 3099 2451 3158 reperto
2497 3090 2801 3143 rationabili
2852 3091 2995 3152 cibo,
3042 3070 3317 3145 deﬁciunt.

166 3185 245 3233 τος
284 3170 488 3234 αὐτῶν,
536 3171 633 3223 καὶ
673 3170 859 3238 λόγον
902 3167 1147 3236 χειλέων
1190 3168 1413 3220 αὐτῶνο
1452 3166 1679 3221 ἐνταῦθα

1785 3173 1933 3237 Quod
1965 3176 2009 3227 si
2051 3175 2266 3241 quando
2305 3190 2369 3229 ex
2409 3177 2552 3229 nuda
2580 3176 2879 3229 divinarum
2922 3175 3321 3245 Scripturarum

1782 3262 2009 3315 lectione
2038 3264 2215 3316 cibum
2245 3263 2493 3330 capiant;
2520 3269 2751 3315 attamen
2783 3277 2957 3331 neque
2985 3263 3193 3314 ﬁrmum
3229 3279 3324 3315 ne-

1784 3365 1888 3418 que
1908 3349 2173 3403 viviﬁcum
2199 3365 2389 3419 panem
2413 3350 2780 3419 degustantes,
2812 3350 3047 3404 insatiati
3069 3360 3320 3404 manent:

164 3437 481 3509 ἐπενήνεκται
502 3458 517 3472 ·
548 3439 728 3493 Αὐτοὶ
757 3436 1399 3504 διασκορπισθήσονται
1430 3434 1534 3487 τοῦ
1570 3451 1681 3502 sca-

1785 3453 1890 3491 non
1945 3439 2169 3492 saturati
2226 3453 2395 3502 vero,
2439 3445 2819 3502 murmurant,
2872 3438 3320 3507 quemadmodum

164 3524 292 3591 τεῒν·
318 3528 418 3581 ἐὰν
457 3528 524 3581 δὲ
564 3528 652 3596 μὴ
700 3527 1075 3595 χορτασθῶσι
1128 3526 1224 3578 καὶ
1265 3526 1676 3594 τογγύσουσιν.

1785 3528 1908 3581 olim
1962 3529 2014 3580 in
2069 3527 2284 3581 deserto
2339 3533 2767 3580 tnurmurarunt.
2814 3526 2951 3580 Nam
2998 3527 3052 3581 id
3090 3527 3224 3596 ipsis
3266 3528 3320 3580 in

173 3613 291 3666 ‘Avb'
315 3609 371 3668 οὗ
395 3620 421 3669 ὁ
455 3619 751 3689 Σύμμαχος
778 3617 962 3670 τοῦτον
989 3616 1294 3685 ἡρμήνευσε
1333 3614 1421 3667 τὸν
1448 3613 1644 3684 τρόπον
1662 3630 1675 3644 ο

1785 3631 1927 3670 more
1958 3616 2073 3689 fuit.
2105 3615 2284 3681 Quare
2309 3616 2388 3671 sic
2409 3631 2509 3671 nos
2532 3616 2823 3684 Apostolus
2855 3617 3147 3687 alloquitur
3171 3636 3184 3672 τ
3212 3617 3325 3672 Ne-

173 3702 700 3773 Ἀναχαμπτέτωσαν
734 3710 821 3772 είς
866 3704 1109 3774 ἡμέραν,
1148 3703 1574 3770 θορυϐείτωσαν
1600 3703 1678 3767 ὡς

1785 3721 1872 3773 que
1902 3705 2366 3764 murtnuraveritis,
2400 3704 2533 3756 sicut
2564 3704 2779 3772 quidam
2807 3719 2984 3758 eorum
3029 3721 3325 3760 murmura-

165 3256 209 3307 δὲ
252 3260 374 3327 μετᾶ
411 3261 506 3323 τὺ,
566 3258 1073 3325 Ἐπιστρέψουσιν
1114 3259 1201 3321 εὶς
1247 3257 1536 3323 ἑσπέραν.
1582 3256 1678 3309 καὶ

163 3349 493 3415 ,ιιμώξουσιν
536 3350 617 3415 ὡς
658 3350 853 3411 κύων,
890 3347 988 3400 καὶ
1040 3347 1418 3401 κυκλώσουσι
1466 3348 1677 3407 πόλιν,

163 3793 347 3859 κύνες,
375 3800 807 3866 περιερχόμενοι
842 3796 1019 3849 πόλιν
1045 3796 1389 3862 ρεμϐόμενοι
1408 3832 1423 3856 ,
1464 3792 1561 3844 ἵνα
1587 3790 1672 3860 μὴ

1785 3802 1973 3854 verunt,
2004 3801 2050 3846 et
2082 3810 2114 3846 a
2147 3791 2460 3859 serpentibus
2491 3793 2749 3859 perierunt
2769 3793 2832 3847 ⁸⁸.

161 3881 478 3952 ἀχιςρτιιστοι
539 3886 898 3941 αὐλισθῶσι.
966 3884 1477 3955 Διασκορπισθέντες
1512 3882 1641 3951 γοῦν
1668 3885 1745 3946 εἰς
1783 3883 1956 3937 πάντα
1990 3885 2055 3937 τὰ
2101 3884 2228 3953 ἔθνη
2269 3885 2423 3955 δίκην
2474 3885 2648 3938 κυνῶν
2696 3885 3063 3954 λιμωττόντων
3108 3887 3325 3957 ζητοῦσι

162 3970 240 4022 τοῦ
288 3980 502 4042 φαγεῖνο
564 3976 640 4046 μὴ
688 3975 1027 4046 εὑρίσκοντες
1079 3975 1133 4027 δέ
1182 3974 1383 4044 τροφὴν
1424 3975 1677 4045 λογικὴν,
1736 3973 2090 4027 ἐκλείπουσιν.
2132 3976 2194 4028 Εἰ
2237 3975 2293 4027 δὲ
2338 3974 2429 4028 καί
2467 3991 2595 4027 ποτε
2650 3974 2758 4026 ἀπὸ
2793 3974 2951 4045 ψιλῆς
2993 3976 3100 4030 τῶν
3170 3978 3326 4031 θείων

165 4061 366 4133 Γραφῶν
411 4067 764 4137 ἀναγνώσεως
815 4066 1167 4137 μεταλάϐοιεν
1246 4067 1480 4138 τροφῆς,
1548 4068 1695 4137 ὅμως
1718 4105 1733 4128 ,
1793 4065 2001 4129 οὐδενὸς
2054 4066 2277 4138 στερῤοῦ
2350 4066 2841 4135 μεταλαμϐάνοντες
2892 4065 3013 4118 οὔτε
3066 4067 3325 4130 ζωοποιοῦ

164 4148 305 4217 ἄρτου
350 4154 762 4227 ἀπογευόμενοι,
816 4156 1136 4226 ἀχόρταστοι
1203 4154 1543 4224 διαμένουσιο
1610 4156 1683 4225 μὴ
1723 4154 2105 4225 χορταζόμενοι
2155 4156 2240 4219 δὲ,
2276 4154 2799 4223 καταγογγύζουσιν,
2844 4153 3029 4223 ὥσπερ
3066 4152 3156 4206 οὖν
3197 4172 3325 4208 κατ-

168 4243 433 4311 εγόγγυσάν
466 4268 594 4303 ποτε
662 4250 754 4301 ἐπὶ
787 4249 887 4317 τῆς
914 4250 1139 4317 ἐρήμου.
1169 4247 1335 4299 Τοῦτο
1372 4248 1477 4317 γὰρ
1508 4249 1685 4311 αὐτοῖς
1722 4251 1891 4300 ποιεῖν
1919 4248 2161 4317 σύνηθες.
2188 4247 2277 4299 Διδ
2304 4246 2436 4317 πρὸς
2499 4249 2641 4316 ἡμᾶς
2672 4262 2830 4315 φησιν
2868 4246 2897 4297 ὁ
2973 4244 3284 4307 Ἀπόστολος
3307 4274 3321 4288 ο

166 4330 313 4396 Μηδὲ
342 4336 660 4406 τογγύζητε,
701 4337 895 4400 καθὼς
926 4335 1083 4399 τινὲς
1111 4333 1304 4387 αὐτῶν
1328 4334 1681 4404 ἐγόγγυσαν,
1720 4337 1815 4387 καὶ
1849 4335 2153 4388 ἀπώλοντο
2191 4333 2306 4387 ὑπὸ
2334 4332 2449 4385 τῶν
2476 4334 2686 4400 ὄφεων.

237 4422 371 4491 Ἐγὼ
397 4427 461 4479 δὲ
493 4428 710 4497 ᾄσομαι
743 4427 858 4495 τὴν
897 4426 1149 4494 δύναμιν
1177 4440 1319 4487 σου,
1369 4424 1467 4477 καὶ
1508 4426 1682 4493 ἀγαλ-

1861 4423 2020 4478 Vsns.
2069 4425 2155 4486 i7,
2207 4423 2290 4477 i8.
2332 4422 2442 4491 Ego
2492 4432 2683 4475 autem’
2708 4421 2926 4475 cantabo
2967 4422 3325 4489 fortitudinem

170 4510 420 4580 λιάσομαι
461 4518 539 4581 τῷ
577 4517 723 4584 πρωὶ
761 4516 824 4568 τὸ
868 4515 1037 4578 ἔλεός
1082 4529 1227 4566 σου·
1275 4513 1363 4565 ὅτι
1406 4512 1687 4581 ἐγενήθης

172 4597 508 4672 ἀντιλήπτωρ
551 4623 670 4673 μου
712 4604 809 4657 καὶ
864 4601 1172 4669 καταφυγή
1215 4618 1332 4669 μου
1389 4602 1457 4654 ἐν
1501 4601 1687 4669 ἡμέρῃ

173 4690 402 4756 ὓλίψεώς
424 4712 549 4757 μου.
596 4694 821 4761 Βοηθός
866 4710 1003 4760 μου,
1035 4691 1128 4743 σοὶ
1177 4689 1350 4758 ψαλῶ
1375 4730 1389 4748 .
1432 4691 1518 4742 ὅτι
1547 4691 1688 4755 Θεὸς

173 4775 509 4850 rit-timidum
554 4802 673 4852 μου
719 4780 790 4846 εἴ,
825 4786 858 4835 ό
894 4783 1033 4845 Θεός
1067 4799 1183 4848 μου
1222 4780 1287 4833 τὸ
1333 4780 1497 4843 ἔλεός
1549 4797 1683 4847 μου.

175 4863 339 4919 Ἱάὖτα
365 4872 453 4939 μὲν
483 4870 571 4925 οὖν
598 4876 645 4925 οἱ
687 4872 1078 4932 ἐπαναστάντες
1115 4888 1202 4938 μοι
1237 4870 1542 4921 πείσονται·
1580 4867 1689 4935 ἐγὼ

176 4949 223 5002 δε
251 4955 337 5025 τὴν
360 4960 574 5031 δύναμίν
614 4979 707 5013 σου
736 4959 826 5012 τοῦ
866 4959 997 5029 ἐμοῦ
1041 4958 1247 5028 Πατρὸς
1280 4958 1497 5028 ᾄσομαι.
1528 4957 1691 5023 Λέγε-

178 5055 255 5092 ται
282 5044 331 5096 δὲ
359 5049 521 5102 ταῦτα
550 5053 612 5103 ἐκ
659 5048 947 5119 προσώπου
988 5047 1075 5098 τοῦ
1102 5049 1347 5118 Σωτῆρος
1380 5044 1691 5116 προφητικῷ

186 5131 454 5201 πνεύματι,
501 5137 574 5201 ὡς
631 5139 723 5190 καὶ
784 5139 840 5189 ἐν
883 5135 1084 5205 ἑτέροις
1132 5136 1343 5204 ἐλέγετο
1389 5133 1446 5201 ἐξ
1494 5133 1687 5186 αὑτοῦ·

192 5213 492 5287 Ἀπαγγελῶ
518 5223 583 5275 τὸ
622 5222 808 5291 ὄνομά
837 5239 949 5275 σου
987 5221 1106 5286 τοῖς
1146 5220 1422 5290 ἀδελφοῖς
1450 5238 1589 5288 μου,
1627 5225 1696 5275 ἐν

182 5302 326 5374 μέσῳ
353 5309 706 5386 ’ξκκλησίας
736 5309 976 5375 ὑμνήσω
1006 5324 1095 5362 σε.
1134 5311 1238 5363 Καὶ
1265 5309 1693 5379 ἀγαλλιιίσομαι

185 5391 260 5456 δὲ,
294 5400 432 5468 φησὶ,
464 5399 541 5464 τῷ
572 5398 716 5466 πρωὶ
748 5398 809 5453 τὸ
841 5399 1005 5463 ἔλεός
1022 5415 1135 5451 σου
1155 5416 1168 5428 θ
1201 5400 1335 5468 ὅπερ
1357 5397 1385 5447 ὁ
1406 5395 1695 5466 Σύμμαχος

1792 4524 1955 4575 tuam,
1985 4521 2032 4565 et
2069 4511 2337 4566 exsultabo
2379 4528 2527 4563 mane
2563 4510 2970 4566 misericordiam
3004 4520 3167 4575 tuam,
3204 4514 3327 4581 quia

1790 4601 1959 4669 factus
2002 4616 2053 4652 es
2090 4607 2355 4666 susceptor
2384 4614 2547 4659 meus,
2580 4607 2629 4650 et
2658 4597 2910 4665 refugium
2945 4614 3112 4651 meum
3159 4600 3215 4651 in
3244 4599 3327 4652 die

1791 4689 2140 4742 tribulationis
2176 4704 2318 4741 mea'.
2350 4686 2574 4753 Adjutor
2615 4702 2757 4739 meus
2788 4686 2879 4738 tibi
2918 4686 3166 4754 psallam,
3205 4689 3328 4756 quia

1792 4778 1927 4833 Deus
1970 4786 2232 4846 susceptor
2282 4793 2421 4829 meus
2466 4792 2542 4838 es,
2597 4775 2736 4827 Deus
2780 4792 2918 4827 meus
2969 4776 3327 4830 misericordia

1793 4884 1921 4920 utea.
1945 4865 2067 4920 llaec
2090 4868 2266 4935 itaque
2288 4866 2555 4933 patientur
2579 4864 2668 4932 qui
2696 4863 3105 4916 insurrexerunt
3135 4866 3188 4918 in
3224 4882 3326 4920 me.

1800 4955 1906 5024 ligo
1935 4970 2061 5008 vero
2089 4961 2232 5007 tuam
2263 4952 2438 5006 Patris
2470 4953 2573 5006 mei
2612 4951 3039 5005 misericordiam
3076 4955 3353 5007 cantabo,

1795 5042 1923 5108 Quae
1969 5042 2280 5112 prophetico
2312 5042 2504 5110 spiritu
2547 5056 2609 5094 ex
2644 5055 2869 5109 persona
2914 5040 3213 5096 Salvutoris
3251 5043 3333 5097 (li-

1799 5139 1994 5184 euntur
2018 5149 2032 5196 ;
2058 5138 2117 5184 ut
2156 5140 2208 5183 et
2234 5131 2357 5183 alibi
2381 5145 2445 5182 ex
2477 5128 2713 5196 ejusdem
2748 5143 2975 5196 persona
3008 5131 3326 5184 dicebatur:

1809 5220 2043 5274 Ὕανταὺο
2079 5236 2259 5273 nomen
2284 5229 2426 5271 luunt
2458 5216 2709 5281 fratribus
2754 5218 2901 5278 meis,
2946 5218 2999 5269 in
3033 5220 3198 5271 medio
3230 5217 3331 5270 Ec-

1797 5310 1963 5363 clesia:
1987 5307 2207 5361 laudabo
2248 5308 2373 5360 te”.
2415 5305 2477 5357 Et
2499 5303 2792 5368 exsultabo,
2827 5305 3022 5373 inquit,
3056 5324 3205 5359 mane
3233 5309 3330 5359 mi-

1798 5396 2132 5451 sericordiam
2167 5404 2350 5448 tuam:
2388 5393 2528 5463 quod
2558 5392 2632 5444 ita
2668 5390 3024 5462 Symmachus
3067 5396 3328 5467 interpte-

244 5566 283 5597 ⁸⁸
312 5571 437 5624 Gen.
473 5584 662 5633 xxx-1,
692 5569 778 5624 28.
850 5571 890 5601 κθ
929 5570 1098 5624 lCor.
1135 5588 1188 5637 χ,
1230 5572 1309 5626 l0.
1386 5570 1430 5600 ⁹⁰
1468 5568 1609 5626 Psal.
1644 5583 1732 5622 nt
1756 5608 1769 5635 ,
1801 5567 1888 5626 Ξῖ.
