3818 6392
153 456 226 507 Ἧι

211 598 433 702 ἑδριος
477 598 580 702 τδγ
613 607 796 702 ααυῖδ
835 619 900 671 ἐν
934 598 1104 700 πᾶσιν
1126 598 1205 688 οἷς
1232 598 1534 699 ἐπορεύετο.
1583 649 1601 679 ι
1636 629 1849 694 Τούτοις

232 694 350 786 Eii“
425 694 578 766 μετά
637 699 870 776 βραχέα.
933 694 1279 784 ἐπιλέγει-ται·
1387 721 1491 771 Kal
1540 720 1847 774 ἐϐασίλευσε

272 791 421 854 sunt
462 790 562 845 ἐπὶ
601 792 839 869 Ἰσραήλ
859 817 874 831 ο
911 806 1012 858 καὶ
1037 802 1104 876 ἦν
1143 807 1303 860 Δαυῖδ
1344 809 1508 862 ποιῶν
1546 814 1715 881 κρῖμα
1757 814 1848 864 καὶ

271 885 618 957 δικαιοσύνην
671 890 768 943 tul
807 893 995 949 πάντα
1019 897 1109 949 τὸν
1149 897 1271 954 λαὸν
1319 899 1499 954 αὐτοῦ.
1549 903 1656 954 Kal
1692 903 1846 955 Ἶωὰϐ

271 981 386 1042 υἱὸς
411 980 688 1050 Σαρουῖας
721 981 818 1034 ἐπὶ
866 985 970 1054 τῆς
1001 989 1306 1056 στρατείας.
1346 1007 1364 1040 ι
1397 992 1506 1043 Kal
1549 988 1699 1053 αὖθις
1729 991 1844 1061 μεθ’

257 1071 435 1142 ἕτερα
472 1070 734 1144 εἴρηται·
786 1092 806 1124 ι
850 1076 962 1129 Kal
995 1078 1312 1132 ἀπέστειλαν
1353 1083 1401 1132 οί
1441 1083 1544 1134 uiol
1604 1081 1843 1151 Ἀμμὼν,

255 1165 357 1216 καὶ
413 1163 806 1234 ἐμισθώσαντο
849 1167 948 1234 τὴν
975 1169 1168 1238 Συρίαν
1210 1169 1374 1222 Ῥοὼό
1401 1171 1493 1222 καὶ
1528 1171 1623 1242 τὴν
1651 1173 1844 1242 Συρίαν

241 1254 436 1307 Σοόάλ
468 1254 662 1307 εἴκοσι
695 1255 936 1324 χιλιάδας
972 1257 1182 1321 πεζῶν,
1227 1260 1317 1312 καὶ
1346 1260 1435 1311 τὸν
1473 1261 1686 1329 βασιλέα
1730 1265 1845 1316 Μα-

238 1343 369 1412 χαὰ
399 1345 622 1414 χιλίους
654 1346 875 1416 ἄνδρας,
909 1349 1001 1400 καὶ
1037 1348 1238 1401 Είστὼό
1273 1350 1337 1402 ιδ’
1357 1350 1592 1420 χιλιάδας
1617 1355 1838 1424 ἀνδρῶν.

232 1438 372 1490 Καὶ
397 1437 620 1506 ἤκουσε
660 1439 841 1501 Δαυῒδ,
883 1441 975 1492 καὶ
1004 1440 1282 1493 ἀπέστειλε
1309 1441 1402 1511 τὴν
1448 1442 1688 1512 δύναμιν,
1720 1446 1842 1507 τοὺς

227 1527 550 1591 δυνατούς.
574 1529 692 1582 Kal
719 1529 942 1597 ἐξῆλθον
971 1531 1074 1582 υίοὶ
1105 1530 1340 1600 Ἀμμὼν,
1366 1533 1457 1584 καὶ
1479 1533 1843 1602 παρετάξαντο

228 1619 504 1688 πόλεμον
547 1618 709 1688 παρὰ
741 1622 804 1688 τῇ
837 1619 973 1690 θύρᾳ
1000 1621 1094 1688 τῆς
1127 1620 1296 1689 πύλης
1322 1620 1516 1690 Συρίας
1551 1622 1707 1674 Σωὸᾶ
1747 1625 1840 1676 καὶ

236 1708 440 1760 Ῥοὼϐ
457 1710 566 1761 καὶ
595 1708 833 1763 Είστώϐ.
864 1711 970 1760 Kal
989 1705 1124 1762 εἶδεν
1165 1709 1336 1774 amas,
1363 1712 1445 1762 ὃτι
1467 1711 1690 1780 ἐγενήθη
1707 1712 1838 1781 πρὸς

219 1801 419 1853 αὐτὸν
445 1799 882 1869 ἀντιπρόσωπον
907 1798 998 1850 τοῦ
1026 1798 1259 1868 πολέμου
1287 1800 1350 1851 ἐκ
1379 1798 1472 1852 τοῦ
1503 1799 1640 1852 κατὰ
1675 1800 1838 1870 πρόσ-

1413 429 1902 489 COMMENTARIA
1942 438 2006 492 IN
2042 435 2370 490 I‘SALMOS.

187 496 258 619 iv“
452 501 638 619 {3918‘
663 518 755 619 είς
766 522 1039 619 Δδούλους
1066 536 1326 605 φέροντας
1355 537 1517 603 ξένια.
1553 541 1659 592 Kal
1681 540 1823 592 ἔσωσ

1947 543 2026 596 cis
2072 543 2365 612 interjectis
2401 543 2615 599 additur
2662 567 2672 600 :

3375 447 3484 502 556

2743 570 2760 598 ι
2800 549 2862 603 Et
2917 554 3160 622 regnavit
3213 554 3376 610 David
3429 557 3482 610 in

1950 627 2111 683 Israel
2135 649 2147 683 :
2178 629 2404 685 faciebat
2429 646 2641 701 quoque
2666 633 2829 689 David
2853 637 3113 704 judicium
3142 649 3194 694 et
3219 641 3481 711 justitiam

1946 720 2090 772 omni
2113 720 2307 789 populo
2333 737 2450 776 suo.
2477 721 2612 777 Joab
2635 735 2811 780 autem
2849 728 2992 782 Illius
3021 727 3222 785 Sarvia:
3249 741 3368 788 erat
3393 750 3483 788 su-

1945 823 2041 877 per
2069 814 2385 866 exercitum.
2422 832 2442 866 ι
2481 813 2823 886 Rursumque
2868 827 3054 886 postea
3097 821 3335 878 dicitur:
3371 843 3390 876 ι
3423 823 3484 878 Et

1944 897 2208 952 miserunt
2235 900 2327 954 ﬁlii
2353 900 2599 968 Ammon,
2623 913 2674 957 et
2705 907 3077 964 conduxerunt
3106 911 3352 966 mercede
3385 910 3481 983 Sy-

1943 985 2076 1038 riam
2110 985 2262 1040 Iloob
2290 996 2343 1042 et
2374 987 2582 1058 Syriam
2614 989 2794 1054 Sobal,
2819 993 3005 1064 viginti
3035 994 3198 1046 millia
3221 994 3481 1064 peditum,

1942 1079 1995 1126 et
2047 1089 2077 1126 a
2127 1089 2250 1144 rege
2290 1075 2511 1130 Machaa
2560 1079 2704 1133 mille
2731 1081 2898 1144 viros,
2947 1090 3003 1136 et
3031 1081 3175 1137 Istob
3200 1081 3478 1136 duodecim

1941 1162 2107 1216 millia
2159 1164 2417 1219 virorum.
2471 1166 2624 1230 Quod
2657 1183 2778 1222 cum
2828 1169 3064 1226 audisset
3106 1171 3292 1233 David,
3334 1172 3479 1226 misit

1941 1251 2235 1305 exercitum
2266 1264 2317 1306 et
2347 1254 2513 1309 fortes
2539 1254 2748 1328 [viros].
2782 1257 2844 1310 Et
2870 1260 3068 1328 egressi
3091 1271 3215 1316 sunt
3242 1261 3333 1314 lilii
3358 1261 3479 1313 Am-

1939 1354 2084 1404 mon,
2135 1348 2190 1394 et
2234 1341 2545 1396 direxerunt
2579 1345 2745 1399 aciem
2780 1348 2844 1401 ad
2868 1349 3085 1416 januam
3115 1359 3280 1420 portae
3311 1348 3478 1420 Syria:

1943 1427 2082 1482 Soba
2133 1437 2185 1482 et
2214 1429 2365 1486 Roob
2396 1441 2448 1486 et
2483 1435 2642 1490 lstob.
2712 1435 2912 1492 Videns
2951 1451 3125 1494 autem
3175 1439 3310 1495 Joab
3335 1439 3476 1510 quod

1938 1526 2079 1572 esset
2125 1519 2227 1574 sibi
2255 1523 2491 1588 praelium
2521 1539 2583 1576 ex
2617 1524 2838 1580 adverso
2868 1536 2918 1580 et
2949 1543 2976 1578 a
3005 1536 3174 1598 tergo,
3211 1529 3370 1600 elegit
3409 1544 3476 1582 ex

1938 1609 2188 1664 omnibus
2215 1611 2505 1679 juvenibus
2559 1614 2740 1677 Israel,
2775 1624 2828 1669 et
2853 1617 3108 1671 instruxit
3141 1619 3310 1673 aciem
3343 1634 3475 1672 con-

1935 1706 2018 1751 tra
2050 1700 2258 1770 Syriam
2289 1702 2460 1764 "3%)
2499 1711 2550 1756 et
2579 1712 2788 1760 caetera.
2809 1705 3014 1771 Quibus
3038 1706 3228 1764 deinde
3253 1709 3476 1778 subjun-

1937 1788 2117 1856 gitur:
2159 1808 2176 1840 ι
2207 1789 2272 1842 Et
2295 1791 2542 1846 viderunt
2575 1795 2715 1848 servi
2758 1795 2994 1849 Adrazar
3024 1799 3163 1866 quod
3192 1798 3476 1852 cecidisset

216 1907 404 1942 ωπον
426 1906 442 1919 ο
477 1890 585 1941 καὶ
627 1888 882 1951 ἐπέλεξεν
912 1890 974 1940 ἐκ
1003 1889 1212 1940 πάντων
1256 1888 1361 1942 τῶν
1393 1889 1684 1942 νεανίσκων
1735 1891 1823 1941 Ἰσ-

1931 1890 1960 1926 a
1987 1876 2121 1929 facie
2158 1877 2320 1932 Israel
2348 1918 2362 1944 ,
2395 1889 2446 1933 et
2471 1881 2874 1952 transfugerunt
2896 1885 2958 1938 ad
2983 1886 3167 1952 Israel,
3197 1895 3250 1941 et
3278 1887 3475 1942 servie-

221 1981 416 2051 ραὴλ,
446 1980 555 2033 καὶ
585 1977 964 2048 παρετάξαντο
988 1977 1289 2041 ἐξεναντίας
1336 1979 1560 2049 Συρίας,
1601 1997 1619 2029 ι
1655 1979 1745 2030 καὶ
1767 1979 1835 2031 τά

216 2071 473 2132 τούτοις
527 2068 682 2139 ἐξῆς.
726 2063 823 2130 Οἷς
866 2068 993 2136 ἑξῆς
1033 2067 1381 2136 ἐπιφέρεται’
1431 2087 1448 2118 ι
1483 2068 1590 2120 Kal
1619 2063 1754 2120 εἶδον
1786 2070 1832 2120 οἱ

212 2159 436 2212 δοῦλοι
505 2157 818 2228 Ἀδραζὰρ,
853 2157 933 2209 ὅτι
984 2156 1233 2210 ἔπταισεν
1265 2156 1563 2226 ἔμπροσθεν
1603 2157 1832 2228 Ἰσραὴλ,

216 2251 352 2302 καὶ
388 2247 782 2317 ηὐτομόλησαν
820 2245 958 2316 μετὰ
1001 2245 1232 2316 Ἰσραὴλ,
1266 2247 1357 2299 καὶ
1387 2245 1696 2299 ἐδούλευσαν
1738 2248 1833 2300 αὑ-

212 2337 386 2401 τοῖς.
435 2358 455 2389 ι
493 2338 596 2390 Διά
618 2336 828 2388 τούτων
855 2338 888 2405 ὴ
920 2335 1124 2405 ἱστορία
1166 2337 1258 2390 καὶ
1295 2336 1387 2389 τοῦ
1431 2337 1708 2407 Εὐφράτου
1743 2339 1834 2390 καὶ

219 2429 346 2496 τῆς
365 2427 575 2480 Σωδὰλ
615 2428 713 2479 καὶ
745 2426 844 2494 τῆς
875 2425 1072 2494 Συρίας
1103 2425 1196 2478 καὶ
1230 2424 1323 2476 τοῦ
1367 2425 1519 2476 Ἰωᾶισ
1539 2465 1553 2488 ,
1598 2426 1689 2478 καὶ
1727 2426 1832 2479 τῶν

224 2519 307 2570 ιδ’
366 2517 645 2588 χιλιάδων
696 2515 1089 2586 ἐμνημόνευσε,
1149 2517 1240 2568 xal
1291 2515 1364 2576 ὡς
1416 2515 1520 2569 τῶν
1567 2516 1832 2586 πολεμίων

223 2607 517 2660 ἁπάντων
573 2605 923 2674 περικρατὴς
975 2604 1192 2672 γέγονεν
1237 2605 1265 2656 ό
1295 2603 1484 2656 Δαυῖδ·
1527 2605 1672 2667 ὅπως
1713 2623 1772 2658 τε
1803 2607 1832 2658 ό

223 2695 715 2766 ἀρχιστράτηγος
772 2692 935 2744 αὑτοῦ
997 2693 1179 2756 Ἰωὰϐ,
1232 2694 1670 2763 παραταξάμενος
1722 2698 1830 2758 τοῖς

223 2784 604 2854 ἀλλοφύλοις,
643 2782 986 2852 ὑποχειρίους
1017 2783 1211 2844 αὐτοὺς
1254 2783 1478 2852 εἰλήφει.
1520 2784 1721 2844 Αὐτοὺς
1765 2783 1828 2854 δὴ

223 2871 330 2928 οὖν
367 2875 658 2934 ἐκείνους,
689 2871 810 2923 καθ’
832 2870 924 2933 οὓς
948 2871 1115 2924 ταῦτα
1144 2873 1434 2941 ἐπράττετο
1453 2911 1467 2934 ,
1512 2873 1762 2942 σημαίνει
1792 2876 1824 2943 ἡ

228 2966 612 3036 μετὰ-χεῖρας
640 2961 1031 3031 στηλογραφία.
1059 2962 1212 3015 Κατὰ
1239 2963 1294 3014 δὲ
1318 2963 1407 3015 τὸν
1447 2963 1734 3034 Σύμμαχον
1760 2964 1828 3018 τὰ

223 3058 335 3126 τῆς
370 3056 730 3127 προγραφῆς
771 3053 939 3116 οὕτως
967 3052 1108 3122 ἔχει*
1145 3072 1165 3103 ι
1217 3054 1500 3107 Ἐπινίκιον
1548 3055 1684 3125 ὑπὲρ
1721 3056 1826 3109 τῶν

224 3145 424 3197 ἀνθῶν
451 3143 557 3196 τοῦ
583 3142 1008 3211 ταπεινόφρονος
1031 3142 1122 3193 καὶ
1168 3140 1395 3211 ἀμώμου
1427 3143 1517 3195 τοῦ
1541 3143 1718 3205 Δαυῖδ,
1746 3147 1825 3206 εἰς
1849 3187 1889 3243 C

224 3233 522 3302 διαδοχὴν,
553 3230 747 3284 ὁπότε.
777 3230 1062 3298 ἐμπρήσας
1096 3228 1192 3295 τὴν
1217 3229 1410 3299 Συρίαν
1439 3231 1534 3300 τῆς
1581 3233 1823 3284 Μεσοπο-

223 3327 471 3396 ταμίας,
506 3324 608 3376 καὶ
641 3320 740 3390 τὴν
769 3319 962 3389 Συρίαν
984 3318 1186 3379 Σωϐάλ,
1211 3319 1301 3372 καὶ
1328 3320 1618 3391 ἀνέστρεψε
1646 3321 1817 3383 Ἱωὰὸ,

225 3417 329 3469 καὶ
363 3410 628 3475 ἐπάταξε
686 3411 776 3463 τὸν
821 3408 995 3466 Ἐδὼμ
1027 3411 1084 3461 ἐν
1128 3411 1193 3477 τῇ
1248 3410 1488 3478 φάραγγι
1529 3409 1621 3462 τοῦ
1672 3410 1818 3472 me;

227 3505 300 3558 ιθ
331 3503 626 3575 χιλιάδας.
666 3519 684 3550 ι
737 3498 895 3568 Δηλοῖ
939 3498 994 3550 δὲ
1025 3500 1052 3549 ὀ
1083 3498 1272 3566 χρόνος
1313 3497 1554 3568 εἰρῆσθαι
1588 3497 1654 3550 τὰ
1687 3515 1817 3568 προ-

225 3596 502 3664 κείμενα,
544 3594 608 3644 ἐν
633 3587 716 3658 τῷ
746 3588 1066 3658 διαπρέπειν
1092 3585 1263 3638 καὶτὰ
1293 3585 1499 3654 μεγάλα
1527 3586 1816 3656 κατορθοῦν

225 3685 618 3754 βασιλεύοντα
648 3679 741 3731 τὸν
771 3676 949 3739 Δαυῒδ,
977 3676 1080 3746 πρὸ
1113 3675 1210 3744 τῆς
1249 3675 1386 3728 κατὰ
1412 3675 1508 3745 τὴν
1549 3676 1818 3746 Βηθσαϐεὲ

224 3775 516 3846 ἱστορίας,
549 3773 643 3825 ὅτε
672 3769 852 3831 καλῶς
879 3767 1025 3836 αὐτῷ
1067 3768 1132 3820 τὰ
1181 3766 1474 3836 πράγματα
1517 3768 1815 3838 προύχώρει

222 3863 636 3934 εὐδοκιμοῦντι
665 3859 815 3929 παρὰ
846 3859 923 3929 τῷ
941 3857 1057 3928 Θεῷ
1085 3859 1177 3910 καὶ
1201 3857 1346 3927 παρὰ
1373 3861 1485 3920 τοῖς
1518 3859 1678 3910 πᾶσιν
1696 3873 1708 3885 ·
1741 3858 1815 3922 ὡς

224 3951 702 4027 μαρτυρεῖσθαι,
730 3951 812 4002 ὅτι
853 3946 920 4019 ἦν
956 3950 1118 4002 ποιῶν
1147 3951 1314 4020 κρίμα
1360 3949 1452 4001 καὶ
1478 3948 1814 4017 δικαιοσύνην

220 4049 286 4100 ἐν
320 4045 410 4114 τῷ
452 4040 702 4112 Ἰσραήλ.
749 4038 907 4091 Ἀλλὰ
940 4039 1046 4109 γὰρ
1078 4038 1224 4101 ἄξιον
1264 4039 1321 4090 ἐν
1357 4037 1560 4100 τούτοις
1609 4039 1812 4109 ἀπορῆ-

221 4153 348 4196 σαι,
388 4133 547 4194 πῶς,
603 4132 662 4182 ἐν
695 4131 916 4200 τοιαύτῃ
960 4129 1237 4197 τυγχάνων
1265 4129 1618 4192 καταστάσει,
1652 4129 1811 4200 ἀρχό-

221 4239 404 4294 μενος
432 4224 540 4290 τῆς
592 4218 993 4287 στηλογραφίας
1029 4216 1254 4284 φάσκειο
1293 4233 1310 4266 ι
1358 4215 1414 4267 '0
1437 4215 1584 4278 Θεὸς,
1611 4215 1829 4268 ἀπώσω⁸

216 4315 388 4384 ἡμᾶς
422 4311 524 4364 καὶ
561 4308 814 4370 καθεῖλες
853 4308 1018 4377 ἡμᾶς.
1059 4325 1078 4354 ι
1122 4306 1228 4357 Kal
1272 4305 1375 4376 μὴν
1419 4305 1648 4374 τρόπαια
1691 4307 1808 4358 κατ’

216 4398 454 4470 ἐχθρῶν
510 4397 746 4464 ἀνίστη,
790 4393 882 4446 xal
919 4393 1073 4455 νίκας
1121 4392 1259 4444 κατά
1311 4392 1576 4462 πολεμίων
1611 4393 1804 4462 ᾕρητο·

212 4489 348 4543 δέον
373 4484 475 4540 οὖν
507 4485 608 4538 ἐπὶ
630 4484 838 4545 τούτοις
867 4481 1006 4552 ᾠδάς
1043 4480 1332 4545 ἐπινικίους
1364 4480 1540 4550 ᾅδειν,
1581 4479 1725 4534 θύειν
1749 4497 1806 4532 τε
1842 4502 1882 4553 ι)

212 4577 648 4649 εὐχαριστήρια
673 4573 750 4642 τῷ
779 4572 916 4642 Θεῷ.
963 4573 1020 4624 '0
1045 4571 1100 4624 δὲ
1126 4571 1324 4624 τούτων
1357 4571 1452 4639 μὲν
1479 4569 1626 4622 οὐδὲν
1649 4571 1812 4640 πράτ-

211 4687 334 4736 τει,
379 4665 660 4720 τάναντία
706 4664 762 4716 δὲ
803 4661 1197 4732 άπολοφύρεται
1246 4661 1442 4727 λέγων·
1493 4679 1511 4710 ι
1561 4661 1618 4712 ’0
1645 4660 1770 4723 Θεὸς
1791 4701 1806 4724 ,

213 4759 447 4812 ἀπώσω
479 4755 637 4825 ἡμᾶς
670 4754 762 4804 καὶ
784 4749 1031 4810 καθεῖλες
1051 4750 1213 4818 ἡμᾶς,
1237 4746 1504 4817 ὠργίσθης
1522 4786 1537 4810 ,
1578 4747 1669 4799 καὶ
1696 4746 1806 4816 ᾠκ-

213 4849 505 4919 τείρησας
539 4844 710 4913 ἡμᾶς.
771 4860 789 4890 ι
835 4839 977 4892 Ἀντὶ
1007 4838 1063 4889 δὲ
1107 4837 1196 4890 τοῦ
1221 4876 1236 4900 ,
1293 4855 1312 4888 ι
1348 4839 1438 4890 καὶ
1473 4836 1804 4906 ᾠκτείρησας

211 4943 438 5010 ἡμᾶς,ι
477 4956 496 4987 ι
525 4935 622 4988 καὶ
654 4933 989 5002 περιήγαγες
1009 4929 1172 4996 ἡμᾶς,
1205 4947 1223 4980 ι
1255 4931 1283 4981 ὁ
1313 4928 1601 4998 Σύμμαχος
1626 4928 1803 4997 ἡρμή-

217 5045 424 5081 νευσεν
451 5043 466 5054 ο
505 5027 539 5094 ή
567 5023 624 5074 δὲ
653 5022 875 5090 πέμπτη
900 5016 1106 5078 ἔκδοσις
1129 5055 1144 5078 ,
1185 5035 1204 5064 σ
1254 5019 1344 5071 καὶ
1365 5015 1804 5087 περιεκύκλωσαν

219 5123 380 5191 ἡμᾶς
400 5137 414 5149 ·
448 5137 469 5169 ι
495 5118 528 5168 ό
547 5114 604 5167 δὲ
629 5111 878 5173 Ἀκύλας,
906 5127 925 5158 ι
956 5105 1217 5175 θυμωθεὶς
1241 5106 1600 5175 μετέστρεψας
1620 5107 1766 5175 ἡμῖν.
1783 5125 1800 5156 ›

216 5207 360 5264 εἶτα
390 5205 644 5272 ἐπιλέγει
693 5201 850 5268 ἐξῆςο
885 5217 905 5248 ι
944 5194 1184 5259 Ἕδειξας
1209 5195 1284 5262 τῷ
1311 5196 1418 5266 λαῷ
1453 5211 1547 5248 σου
1578 5193 1802 5264 σκληρά.

219 5300 490 5360 ἐπότισας
535 5294 684 5366 ἡμᾶς
724 5286 869 5341 οἶνον
893 5281 1245 5346 κατανύξεως.
1278 5303 1296 5334 ι
1331 5283 1511 5338 Ταῦτα
1554 5280 1608 5334 δὲ
1639 5284 1804 5338 ἀκατ-

222 5387 428 5456 ἁλληλα
455 5387 549 5440 καὶ
575 5381 908 5448 ἀνάρμοστα
930 5369 1074 5433 δόξαι
1097 5370 1157 5422 ἂν
1185 5367 1326 5424 εἷναι
1363 5373 1473 5433 τοῖς
1499 5371 1558 5420 ἐν
1585 5373 1648 5440 τῇ
1675 5389 1804 5442 προ-

221 5484 402 5553 γραφῇ
429 5471 816 5548 δηλουμένοις.
1046 5458 1143 5553 γὰρ
1161 5460 1262 5553 οὐκ
1287 5463 1542 5553 ἀσκόπως
1565 5460 1801 5531 ἠγοῦμαι

215 5532 311 5636 ἦν
719 5557 806 5615 εις
842 5550 906 5600 τὸ
944 5548 1082 5609 τέλος
1119 5551 1267 5618 ἡμᾶς
1305 5549 1680 5618 ἀναπέμπειν,
1707 5555 1801 5606 καὶ

265 5771 380 5817 De,“
417 5769 468 5827 ιι
501 5763 649 5824 ﬂes,
687 5765 756 5807 ι,
793 5741 918 5794 6-9.
996 5742 1034 5824 '_’
1065 5742 1189 5798 ibid.
1235 5751 1325 5807 19,

510 5852 804 5909 Parua!“
841 5831 962 5886 Gn.
1003 5833 1234 5900 XXIII.

1935 1977 2060 2020 runt
2092 1968 2224 2036 ipsis
2248 1971 2314 2022 ’7.
2351 1988 2370 2020 ›
2404 1969 2496 2025 liis
2519 1971 2766 2033 historia,
2799 1971 2977 2036 Sobal,
3007 1973 3238 2043 Syriam,
3268 1973 3402 2028 Joab
3423 1986 3476 2028 et

1932 2055 2211 2110 duodecim
2244 2059 2410 2112 millia
2454 2070 2745 2124 memorat,
2780 2070 3069 2131 narratque
3099 2063 3348 2118 Davidem
3379 2065 3474 2118 iui-

1930 2147 2099 2199 micos
2140 2163 2326 2204 onmes
2355 2151 2684 2216 debellasse,
2733 2168 2795 2205 ac
2843 2153 3031 2208 ducem
3061 2155 3327 2209 exercitus
3352 2155 3471 2222 ejus

1929 2232 2062 2288 Joab
2089 2237 2348 2291 instructa
2384 2247 2570 2292 contra
2612 2241 2906 2312 allophylos
2938 2231 3068 2306 aeie,
3114 2243 3259 2311 ipsos
3310 2245 3471 2314 capti-

1930 2339 2027 2379 vos
2055 2327 2246 2396 egisse.
2295 2328 2524 2383 Eosdem
2555 2331 2732 2400 itaque
2761 2332 2845 2386 his
2875 2335 3088 2388 attritos
3111 2334 3352 2389 cladibus
3387 2336 3471 2388 iu-

1929 2413 2074 2467 dicat
2100 2431 2337 2484 przesens
2369 2418 2505 2472 tituli
2536 2421 2835 2489 inscriptio.
2889 2421 3192 2476 Secundum
3223 2421 3467 2494 Symma-

1929 2504 2087 2558 chum
2137 2517 2312 2562 autem
2364 2511 2443 2564 sic
2485 2511 2672 2566 titulus
2705 2513 2861 2566 habet
2891 2532 2903 2568 :
2946 2531 2964 2563 ι
2996 2513 3338 2583 Triumphale
3372 2530 3469 2584 pro

1927 2591 2146 2649 ﬂoribus
2177 2595 2394 2651 humilis
2423 2606 2476 2652 et
2501 2599 2756 2668 inculpati
2791 2601 3022 2664 Davidis,
3051 2603 3118 2656 ad
3141 2603 3464 2668 doctrinam,

1926 2696 2048 2736 cum
2084 2683 2303 2739 incensa
2335 2684 2484 2756 Syria
2517 2687 2942 2759 MesOpotamize,
2987 2699 3040 2745 et
3087 2691 3238 2762 Syria
3282 2692 3463 2755 Sobal,

1926 2787 2174 2828 reversus
2216 2774 2351 2829 Joab
2397 2778 2666 2844 percussit
2693 2778 2855 2832 Edoni
2890 2781 2940 2833 in
2978 2781 3116 2834 valle
3147 2779 3286 2836 Salis
3332 2783 3468 2835 duo-

1925 2857 2096 2914 decim
2124 2861 2310 2914 millia.
2350 2882 2368 2913 ι
2438 2863 2513 2917 Ex
2543 2867 2797 2934 temporis
2827 2883 2984 2936 porro
3018 2876 3145 2921 nota
3175 2869 3466 2937 deprehen-

1925 2947 2070 3001 ditur
2095 2947 2208 3003 lucc
2227 2949 2370 3003 dicta
2405 2950 2592 3016 fuisse,
2614 2967 2735 3006 cum
2765 2953 2926 3007 David
2957 2970 3187 3024 regnans
3212 2971 3466 3026 prospere

1925 3047 2127 3110 ageret,
2163 3055 2355 3109 resque
2392 3057 2612 3112 magnas
2646 3052 2995 3113 perpetraret,
3048 3054 3172 3101 ante
3206 3045 3465 3103 Bersabee

1926 3127 2236 3194 historiam;
2273 3144 2393 3182 cum
2429 3131 2594 3200 probe
2615 3140 2666 3185 et
2696 3149 2756 3186 ex
2795 3143 2917 3186 volo
2947 3149 3034 3188 res
3063 3135 3162 3204 ipsi
3193 3135 3463 3200 cederent,

1921 3218 2144 3286 ipseque
2188 3217 2295 3272 Deo
2321 3228 2374 3272 et
2413 3222 2666 3275 omnibus
2701 3223 3010 3290 spectabilis
3051 3232 3225 3290 esset;
3274 3225 3347 3278 ita
3381 3234 3460 3288 ut,

1920 3305 2196 3375 Scriptura
2247 3317 2404 3371 teste,
2451 3310 2647 3364 faceret
2689 3313 2949 3379 judicium
2997 3325 3050 3369 et
3089 3316 3354 3384 justitiam
3405 3318 3459 3370 in

1918 3396 2101 3451 Israel.
2161 3397 2354 3452 Verum
2400 3399 2486 3453 hic
2529 3403 2877 3469 quaestionem
2922 3419 3134 3458 movere
3177 3413 3461 3460 consenta-

1915 3503 2073 3542 neum
2101 3497 2203 3552 est,
2234 3505 2331 3543 cur
2362 3490 2416 3544 in
2443 3492 2535 3544 tali
2567 3493 2874 3547 conditione
2893 3495 3188 3558 rerum,sic
3215 3496 3353 3550 tituli
3378 3497 3460 3550 lu-

1915 3577 2261 3644 scriptionem
2286 3579 2527 3634 ordiatur
2568 3597 2584 3634 :
2631 3599 2649 3632 ι
2684 3581 2840 3646 Deus,
2875 3583 3117 3652 repulisti
3159 3600 3259 3640 nos
3286 3593 3340 3640 et
3365 3585 3458 3639 de-

1915 3669 2156 3723 struxisti
2185 3684 2303 3723 nos.
2337 3689 2356 3721 ι
2393 3671 2551 3741 Atqui
2587 3681 2709 3742 post
2741 3681 2942 3743 tropaaa
2968 3676 3033 3730 de
3065 3676 3316 3733 hostibus
3341 3695 3457 3747 ere-

1913 3764 2019 3821 cta,
2055 3765 2108 3810 et
2141 3759 2421 3813 victoriam
2449 3761 2516 3815 de
2544 3762 2777 3818 inimicis
2811 3773 3041 3834 partam,
3087 3769 3323 3836 oportuit
3354 3769 3458 3824 hac

1911 3851 1978 3905 de
2007 3866 2067 3904 re
2096 3851 2439 3920 triumphalia
2473 3853 2681 3907 cantica
2711 3855 2973 3920 emittere,
3007 3856 3221 3928 Deoque
3251 3859 3304 3913 in
3335 3875 3450 3930 gra-

1913 3942 2106 3994 tiarum
2133 3942 2395 3997 actionem
2432 3943 2727 3998 immolare.
2757 3944 2826 3997 At
2855 3946 2941 3999 ille
2961 3947 3093 4000 nihil
3116 3957 3332 4016 przestat
3362 3949 3456 4003 hu-

1907 4033 2178 4101 jusmodi;
2215 4033 2323 4086 imo
2351 4049 2477 4088 vero
2521 4049 2608 4088 res
2641 4035 2892 4090 adversas
2939 4036 3182 4106 deplorat
3221 4039 3304 4094 his
3331 4057 3454 4095 ver-

1912 4122 1995 4177 bis
2021 4141 2034 4176 :
2077 4140 2095 4172 ι
2131 4121 2292 4187 Deus,
2313 4123 2554 4192 repulisti
2584 4140 2682 4179 nos
2711 4134 2764 4179 et
2791 4125 3104 4182 destruxisti
3135 4143 3255 4192 nos,
3283 4129 3452 4183 iratus

1908 4225 1994 4276 es,
2025 4219 2078 4266 et
2103 4213 2356 4267 misertus
2385 4228 2444 4266 es
2469 4214 2645 4268 nobis.
2685 4231 2704 4264 ι
2739 4213 2843 4268 Pro
2871 4216 2964 4270 illo
2987 4225 3188 4280 autem,
3223 4236 3241 4269 ι
3267 4227 3321 4273 et
3352 4221 3452 4273 mi-

1909 4310 2086 4357 sertus
2115 4318 2175 4358 es
2211 4304 2402 4365 nobis,
2437 4322 2455 4354 ι
2490 4302 2874 4374 Symmachus,
2908 4325 2926 4356 ι
2959 4313 3011 4359 et
3044 4305 3448 4364 circumduxisti

1909 4408 2037 4464 nos,
2069 4412 2086 4445 ι
2123 4393 2506 4462 interpretatus
2549 4401 2664 4460 est,
2715 4395 2903 4464 quinta
2947 4410 3073 4449 vero
3111 4397 3307 4461 editio,
3341 4419 3359 4451 ι
3397 4409 3449 4454 et

1910 4461 2374 4536 circumdederunt
2401 4497 2527 4548 nos;
2567 4501 2585 4533 ι
2617 4461 2807 4552 Aquila
2828 4522 2844 4544 ,
2881 4501 2898 4534 ι
2937 4484 3108 4540 iratus
3131 4491 3446 4544 convertisti

1914 4571 2089 4624 nobis.
2121 4589 2139 4621 ι
2178 4570 2370 4625 Subdit
2399 4580 2519 4640 post
2545 4571 2658 4624 hate
2687 4590 2699 4625 :
2747 4591 2765 4622 ‹
2806 4571 3103 4629 Ostendisti
3135 4580 3334 4647 populo
3356 4589 3448 4633 tuo

1911 4660 2044 4713 dura
2083 4679 2097 4713 :
2133 4661 2330 4729 potasti
2359 4675 2456 4714 nos
2483 4661 2606 4713 vino
2629 4664 3112 4730 compunctionis.»
3144 4665 3266 4720 Hzec
3287 4683 3448 4737 porro

1909 4749 2079 4805 videri
2113 4751 2323 4820 possint
2347 4752 2663 4806 inconcinne
2694 4753 2857 4818 dicta,
2877 4771 2975 4811 nec
3002 4771 3297 4826 congruere
3324 4775 3444 4814 cum

1911 4840 1978 4894 iis
2010 4855 2130 4910 qua:
2156 4840 2209 4894 in
2233 4841 2390 4894 titulo
2417 4849 2690 4895 notantur.
2727 4844 2829 4898 Sed
2857 4845 3064 4898 astimo
3094 4846 3305 4902 titulum
3339 4864 3446 4903 non

1910 4930 2024 4984 sine
2053 4930 2250 4998 praevio
2278 4944 2440 4998 scopo
2472 4945 2572 4985 nos
2600 4931 2664 4984 ad
2701 4933 2858 4986 linem
2888 4931 3188 4997 remitlere,
3207 4951 3304 4990 nec
3331 4939 3447 4993 sine

1908 5034 2106 5085 causa,
2150 5037 2168 5070 ι
2203 5033 2299 5088 pro
2330 5020 2397 5073 iis
2423 5020 2513 5088 qui
2557 5020 2978 5076 immutabuntur
3001 5060 3015 5086 ,
3049 5038 3069 5071 ι
3125 5023 3448 5094 inscriptum

1909 5123 2048 5172 esse,
2099 5116 2258 5177 atque
2287 5123 2560 5162 sermones
2582 5111 2718 5164 istos
2748 5113 2886 5167 tituli
2917 5110 3331 5178 inscriptionem
3357 5131 3451 5166 vo-

1909 5207 2059 5252 catos
2089 5198 2272 5252 fuisse.
2298 5196 2430 5249 Nam
2465 5215 2483 5246 ι
2508 5198 2562 5250 in
2589 5197 2744 5252 ﬁnem
2764 5218 2784 5251 ι
2820 5199 3042 5259 dicitur,
3071 5201 3215 5266 quia
3236 5215 3319 5263 ea,
3343 5217 3457 5268 qua:

1908 5287 1961 5340 in
1986 5287 2239 5341 vaticinio
2263 5285 2528 5348 feruntur,
2566 5287 2620 5339 in
2645 5287 3115 5342 consummatione
3141 5289 3462 5342 saeculorum

1907 5376 2171 5446 implenda
2220 5383 2360 5431 sunt.
2430 5374 2745 5432 Necessario
2787 5377 3043 5439 additur,
3083 5394 3104 5426 ε
3155 5391 3267 5444 pro
3289 5377 3358 5430 iis
3384 5376 3472 5444 qui

1907 5469 2348 5530 immutabuntur,
2381 5487 2398 5518 ι
2435 5477 2649 5538 propter
2675 5469 3127 5525 immutationem
3169 5467 3333 5520 illius
3350 5475 3482 5520 tem-

1905 5556 2050 5625 poris
2093 5555 2251 5610 rebus
2292 5553 2641 5614 inferendam.
2690 5557 2984 5630 Siquidem
3025 5569 3169 5608 cum
3212 5552 3338 5606 haec
3358 5552 3495 5604 dice-

3061 5798 3206 5898 ’18
