3818 6346
213 389 305 446 557

1310 402 1798 456 COMMENTARIA
1846 406 1909 459 IN
1951 406 2280 463 PSALMOS.

3268 413 3367 466 558

209 508 367 578 ταμοῦ
397 510 691 577 Αίγύπτου,
759 516 921 586 μέχρι
955 515 1046 568 τοῦ
1091 518 1327 586 ποταμοῦ
1362 520 1638 589 Εὐφράτου
1659 538 1673 552 ·
1708 521 1741 573 ἀ

1850 504 2194 590 Euphratem;
2237 522 2378 591 quod
2417 519 2612 575 Davide
2640 530 2892 589 regnante
2920 536 3101 576 revera
3126 523 3367 590 contigit,

211 596 266 667 δὴ
292 596 654 665 βασιλεύοντος
686 605 782 656 τοῦ
815 605 975 657 Δαυῖδ
995 605 1170 677 ἔργοις
1213 608 1505 678 ἐπληροῦτο
1529 627 1541 639 ·
1592 609 1745 661 τοῦτο

210 688 323 755 γοῦν
347 688 436 740 καὶ
464 690 496 757 ἠ
524 692 896 760 παρατεθεῖσα
924 695 1126 765 ἱστορία
1157 696 1254 765 τῆς
1290 698 1572 751 Βασιλειῶν
1615 713 1747 769 γρα-

212 779 305 847 φῆς
354 781 671 850 ἐμαρτύρει.
733 785 894 837 Ἀλλά
920 786 1027 855 γάρ
1079 788 1358 854 φωτισθεὶς
1396 790 1424 840 6
1470 792 1746 861 προφήτης

210 869 301 925 ὑπὸ
327 869 413 921 τοῦ
444 871 598 939 ἁγίου
631 874 974 943 Πνεύματος,
1004 877 1240 941 θεσπίζει
1275 879 1342 930 τὰ
1381 880 1436 930 ἐν
1468 883 1576 941 τοῖς
1625 881 1748 949 μέλ-

210 958 341 1010 λουσι
374 961 582 1029 χρόνοις
618 964 1036 1033 συμϐησόμενα.
1071 967 1200 1019 Τίνα
1224 967 1276 1019 δὲ
1302 964 1368 1036 ἦν
1412 969 1577 1021 ταῦτα
1608 970 1747 1022 διδά-

211 1066 312 1101 σκει
352 1048 520 1117 λέγων
540 1067 553 1081 ·
592 1070 610 1100 ι
641 1053 737 1113 El;
763 1053 828 1103 τὸ
850 1053 1001 1116 τέλος
1026 1058 1135 1116 τοῖς
1164 1055 1679 1126 ἀλλοιωθησομένοις.
1722 1079 1740 1109 ι

209 1137 308 1191 Εἶθ’
339 1140 460 1207 ἐξῆς
495 1138 703 1208 προῖὼν
745 1143 942 1209 ἐπάγει
964 1160 975 1171 ·
1011 1162 1028 1192 ι
1080 1144 1134 1195 '0
1168 1144 1327 1205 Θεὸς,
1356 1145 1557 1199 ἀπώσω
1605 1150 1747 1217 ἡμᾶς

208 1231 287 1282 καὶ
310 1229 546 1291 καθεῖλες
574 1230 748 1299 ἡμᾶς,
788 1251 807 1282 ι
831 1231 923 1283 καὶ
947 1231 1015 1283 τὰ
1037 1230 1185 1299 ἑξῆς·
1214 1227 1291 1294 οἷς
1316 1233 1427 1301 μεθ’
1455 1234 1612 1305 ἔτερα
1635 1239 1748 1287 ἐπι-

207 1319 363 1385 λέγει·
396 1337 414 1367 ι
463 1320 520 1370 '0
544 1319 681 1381 Θεὸς
705 1320 975 1389 ἐλάλησεν
1003 1321 1059 1372 ἐν
1092 1320 1168 1389 τῷ
1198 1323 1334 1391 ἁγίῳ
1359 1323 1518 1376 αὑτοῦ
1538 1344 1550 1356 ·
1587 1327 1749 1393 ἀγαλ-

208 1408 437 1479 λιάσομαι
483 1409 575 1461 καὶ
603 1408 881 1481 διαμεριῶ
900 1411 1114 1481 Σίκιμα,
1142 1413 1231 1463 καὶ
1259 1412 1354 1481 τὴν
1398 1412 1611 1467 κοιλάδα
1645 1415 1747 1467 τῶν

210 1499 399 1563 σκηνῶν
420 1497 797 1568 διαμετρήσω,
843 1518 861 1550 ι
894 1501 985 1553 καὶ
1011 1501 1077 1553 τὰ
1112 1500 1254 1571 ἑξῆς.
1284 1504 1537 1572 Σημαίνει
1572 1505 1626 1557 δὲ
1663 1506 1747 1557 διὰ

207 1586 387 1639 τούτων
427 1586 519 1638 τοῦ
564 1586 702 1639 Θεοῦ
736 1588 1033 1657 διαλλαγὰς
1067 1591 1199 1662 πρὸς
1234 1592 1356 1654 τοὺς
1407 1592 1744 1660 ἀλλοφύλους.

218 1678 267 1727 ὐ
299 1677 419 1739 Θεὸς
463 1678 573 1747 γάρ
592 1717 607 1741 ,
636 1680 810 1748 φησὶν
841 1719 857 1742 ,
893 1681 1143 1749 ἐλάλησε,
1196 1682 1288 1733 καὶ
1328 1680 1560 1752 λαλήσας
1592 1683 1647 1735 ἐν
1673 1682 1748 1751 τῷ

1845 619 1902 663 ut
1927 612 2087 665 allata
2112 611 2413 681 Regnorum
2440 610 2666 665 historia
2688 611 3095 666 testiﬁcabatur.
3150 612 3229 665 Ad
3261 613 3373 667 haec

1844 700 2002 752 etiam
2034 697 2235 768 Spiritu
2265 707 2453 752 sancto
2477 698 2773 752 illustratus
2793 696 3078 768 PrOpbeta,
3115 701 3372 755 vaticha-

1847 798 1932 840 tur
1982 804 2043 842 ea
2090 804 2207 857 quae
2252 788 2431 841 futuro
2478 794 2598 856 post
2648 795 2883 854 tempore
2930 796 3185 842 eventura
3226 799 3370 845 sunt.

1848 879 2099 941 Quaenam
2148 886 2322 932 autem
2350 878 2440 931 illa
2466 885 2678 941 essent,
2708 877 2791 931 his
2818 878 2994 932 verbis
3035 878 3220 941 docet,
3258 899 3277 932 ι
3315 880 3371 934 In

1846 971 2000 1023 linem
2042 984 2138 1036 pro
2166 969 2230 1023 iis
2265 969 2355 1038 qui
2385 970 2826 1026 immutabuntur.
2861 991 2879 1023 ι
2940 972 2998 1024 In
3026 968 3373 1040 sequentibus

1843 1071 1968 1109 vero
1996 1055 2177 1118 infert,
2200 1055 2388 1116 «Deus.
2416 1058 2654 1126 repulisti
2684 1074 2783 1112 nos
2803 1066 2857 1111 et
2883 1058 3192 1112 destruxisti
3217 1074 3367 1123 nos,n

1844 1150 1896 1197 et
1925 1152 2133 1199 caetera.
2169 1143 2371 1208 Quibus
2401 1156 2580 1213 postea
2605 1147 2900 1216 subiungit,
2939 1166 2956 1197 ι
2994 1147 3133 1201 Deus
3166 1148 3375 1205 locutus

1844 1238 1927 1285 est
1952 1232 2005 1284 in
2030 1239 2217 1285 sancto
2241 1246 2355 1294 suo,
2384 1233 2660 1287 exsultabo
2689 1242 2743 1286 et
2767 1232 2998 1285 dividam
3028 1233 3295 1297 Sicliima,
3323 1241 3377 1287 et

1845 1321 2136 1375 convallem
2166 1321 2649 1374 Tabernaculorum
2698 1322 2976 1385 dimetiar,
3016 1342 3034 1373 ι
3069 1332 3121 1377 et
3148 1325 3372 1393 reliqua.

1846 1408 1940 1463 His
1969 1425 2128 1477 porro
2152 1410 2414 1478 signiﬁcat
2442 1410 2532 1464 Dei
2561 1411 3044 1465 reconciliationem
3074 1427 3194 1466 cum
3244 1414 3376 1467 alie-

1845 1501 2073 1570 nigenis.
2114 1500 2254 1556 Deus
2281 1502 2441 1567 enim,
2476 1506 2569 1565 ait,
2598 1503 2809 1557 locutus
2838 1511 2953 1566 est,
2984 1519 3047 1557 ac
3088 1506 3141 1557 in
3187 1515 3375 1560 sancto

1846 1605 1944 1644 suo
1976 1591 2185 1644 locutus
2219 1590 2286 1644 ad
2315 1589 2533 1653 Galaad,
2568 1591 2846 1646 Manassen
2865 1632 2879 1655 ,
2917 1592 3165 1662 Ephraim
3195 1602 3249 1649 et
3277 1594 3374 1648 Ju-

1846 1679 2002 1744 dam;
2040 1678 2191 1733 Moab
2218 1688 2271 1733 et
2300 1679 2577 1734 ldumazam
2606 1696 2668 1734 ac
2694 1682 2927 1750 reliquos
2973 1699 3156 1737 omnes
3188 1685 3376 1738 alieni-

208 1766 329 1838 ἁγίῳ
358 1767 516 1820 αὐτοῦ
566 1768 645 1837 τῷ
700 1769 922 1821 Γαλαὰδ
970 1772 1060 1822 καὶ
1112 1769 1187 1839 τῷ
1213 1773 1503 1841 Μανασσῇ,
1546 1773 1637 1824 καὶ
1674 1770 1749 1841 τῷ

1850 1783 2008 1836 genas
2048 1784 2152 1821 una
2197 1770 2582 1838 complectitur.
2616 1769 2746 1823 Nam
2782 1790 2799 1821 ι
2848 1771 3024 1839 Moab,
3074 1775 3265 1842 inquit,
3310 1775 3381 1828 le.

218 1858 454 1928 Ἐφραῒμ,
488 1860 582 1910 καὶ
611 1858 693 1927 τῷ
724 1859 923 1929 Ἰούδᾳ,
950 1840 1555 1930 συμπεριλαμϐάνειητὸν
1583 1840 1748 1915 Μωὰϐ

1850 1856 1942 1909 bes
1974 1856 2086 1924 spei
2113 1872 2305 1921 meaap
2349 1872 2445 1924 pro
2472 1872 2577 1925 quo
2604 1857 2959 1928 Symmachus
2978 1840 3163 1924 edidit,
3193 1861 3378 1916 «Moab

208 1947 290 1998 καὶ
313 1948 404 2017 τὴν
438 1947 754 2016 Ἰδουμαίαν
783 1949 881 2000 καὶ
914 1950 1117 2011 πάντας
1142 1951 1262 2012 τοὺς
1286 1950 1498 2013 λοιποὺς
1528 1951 1750 2018 ἀλλοφύ-

207 2036 334 2099 λους.
357 2057 373 2087 ι
394 2038 564 2090 Μωάϐ
596 2057 613 2088 ι
646 2038 786 2108 γὰρ,
827 2039 980 2107 φησὶ,
1008 2057 1025 2088 ι
1052 2038 1210 2108 λέϐης
1234 2040 1330 2107 τῆς
1351 2040 1555 2103 ἐλπίδος
1582 2059 1699 2111 μου·
1726 2061 1744 2092 ι

208 2126 311 2178 ἀνθ’
337 2122 393 2179 οἶ)
419 2128 446 2178 6
480 2127 789 2195 Σύμμαχος
815 2126 1064 2191 ἐξέδωκε,
1102 2148 1119 2178 ι
1151 2129 1321 2181 Μωάϐ
1361 2130 1522 2200 λέϐης
1562 2132 1751 2200 ἀμερι-

210 2215 359 2283 μνίας
398 2233 489 2283 μου
515 2232 526 2245 ·
560 2236 579 2267 ι
614 2218 641 2268 6
668 2215 729 2266 δὲ
776 2215 1040 2279 Ἀκύλας,
1081 2236 1099 2267 ι
1136 2218 1304 2270 Μωάϐ
1339 2219 1497 2288 λέϐης
1531 2220 1749 2290 λουτροῦ

210 2322 323 2375 μου.
364 2323 383 2355 ι
414 2300 541 2356 Εἶτα
566 2306 699 2374 περὶ
750 2304 859 2372 τῆς
904 2305 1198 2373 Ἰδουμαίας
1240 2307 1396 2369 αὐτὸς
1431 2309 1752 2375 ἐπαγγέλλε-

207 2412 287 2446 ται
334 2392 532 2459 λέγων’
576 2413 595 2443 ι
641 2393 773 2445 Ἐπὶ
803 2391 905 2461 τὴν
955 2392 1249 2461 Ἰδουμαίαν
1289 2397 1484 2448 ἐκτενῶ
1522 2398 1582 2449 τὸ
1626 2398 1752 2449 ὑπό-

210 2477 340 2546 δημά
382 2498 508 2548 μου·
551 2501 569 2533 ι
624 2483 659 2546 ἢ
713 2479 866 2532 κατὰ
907 2480 997 2530 τὸν
1047 2481 1366 2551 Σύμμαχον,
1423 2502 1442 2534 ι
1488 2485 1608 2536 Ἐπὶ
1657 2487 1751 2554 τὴν

221 2563 494 2633 Ἰδουμαίαν
550 2567 901 2636 ἐπιϐήσομαι
958 2566 1034 2635 τῷ
1080 2568 1374 2638 ὑποδήματι
1420 2588 1535 2640 μου.
1579 2590 1597 2622 ι
1646 2574 1752 2624 Καὶ

212 2653 407 2706 τοιαῦτα
452 2656 549 2724 μὲν
599 2656 1003 2723 ἐπαγγέλλεται
1033 2657 1109 2725 τῷ
1141 2658 1308 2709 Μωὰϐ
1344 2659 1435 2710 καὶ
1478 2662 1541 2729 τῇ
1598 2660 1752 2711 Ἰδου-

214 2743 349 2812 μαίᾳ.
388 2745 521 2811 Περὶ
567 2745 627 2797 δὲ
658 2745 773 2799 τῶν
802 2745 1111 2813 ἀλλοφύλων
1143 2747 1300 2798 πάλιν
1325 2749 1352 2799 6
1386 2749 1541 2811 αὐτὸς
1576 2750 1754 2802 ἐπιλέ-

210 2845 311 2895 γει·
346 2850 362 2881 ι
414 2833 569 2902 Ἐμοὶ
602 2832 902 2901 ἀλλόφυλοι
936 2834 1302 2904 ὑπετάγησαν·
1343 2855 1360 2885 ι
1393 2837 1447 2906 ἢ,
1483 2836 1621 2889 κατὰ
1665 2838 1752 2890 τὸν

222 2916 424 2971 Ἀκύλαν
449 2938 461 2950 ·
500 2940 518 2970 ι
564 2921 686 2973 Ἐπ’
712 2922 818 2991 ἐμὲ
852 2921 1158 2974 Φυλιστιαία
1193 2922 1310 2993 (sic)
1335 2917 1661 2996 ἡταιρήσατο
1682 2944 1695 2956 ·
1730 2947 1747 2977 ι

212 3011 332 3061 κατά
360 3012 414 3063 δέ
442 3013 532 3064 τὸν
571 3012 933 3073 Θεοδοτίωνα,
973 3031 990 3061 ι
1029 3013 1177 3081 Ἐμοὶ
1225 3013 1500 3080 ἀλλόφυλοι
1551 3016 1754 3082 ἐφιλία-

1847 1943 1991 1997 lebes
2024 1945 2327 1999 securitatis
2380 1961 2541 2011 meae;
2576 1966 2593 1996 ι
2630 1948 2820 2016 Aquila
2870 1963 3019 2011 vero,
3058 1967 3077 1999 ι
3113 1949 3269 2004 Moab
3299 1951 3376 2004 le-

1846 2033 1941 2087 bes
1974 2034 2171 2086 lavacri
2220 2035 2343 2087 mei.
2381 2053 2398 2084 »
2447 2035 2704 2104 Deinceps
2736 2036 2803 2090 de
2848 2036 3073 2090 Idumam
3106 2038 3218 2092 haec
3264 2039 3378 2107 ipse

1848 2122 2146 2191 pollicetur,
2184 2141 2201 2172 ‹
2233 2121 2287 2175 In
2332 2123 2614 2177 Idumaeam
2646 2124 2925 2178 extendam
2954 2126 3373 2180 calceamentum

1848 2229 2023 2266 meum
2038 2231 2052 2278 ;
2067 2233 2083 2263 ι
2110 2214 2221 2267 sive
2241 2214 2531 2267 secundum
2553 2213 2954 2283 Symmachum,
2978 2233 2997 2265 ι
3020 2213 3078 2267 In
3094 2215 3373 2269 ldumaaam

1848 2303 2202 2357 conscendam
2254 2304 2617 2357 calceamento
2661 2300 2798 2357 meo.
2831 2322 2848 2354 ι
2901 2303 2965 2355 Et
3006 2304 3118 2357 haec
3161 2304 3373 2373 quidem

1848 2390 2002 2444 Moab
2026 2399 2078 2445 et
2112 2391 2352 2444 Idummae
2384 2390 2685 2459 pollicetur.
2718 2391 2791 2446 De
2817 2392 3128 2461 alienigenis
3160 2408 3375 2446 rursum

1849 2479 2053 2548 adjicit,
2092 2498 2110 2530 ι
2143 2480 2270 2532 Mihi
2298 2480 2604 2549 alienigenae
2642 2480 2841 2534 subditi
2884 2489 3041 2547 sunt;
3081 2500 3099 2533 ι
3133 2482 3245 2536 sive
3284 2497 3373 2535 se-

1846 2567 2081 2621 cundum
2121 2570 2367 2636 Aquilam
2388 2609 2404 2635 ,
2455 2586 2474 2619 ι
2509 2567 2636 2621 Mihi
2664 2568 2965 2623 Philisthaaa
2992 2571 3161 2624 amica
3190 2570 3317 2634 fuit;
3353 2589 3373 2623 ι

1851 2656 2141 2710 secundum
2170 2656 2588 2711 Theodotionem
2621 2665 2818 2721 autem,
2854 2677 2873 2708 ι
2906 2657 3032 2711 Mihi
3072 2659 3380 2728 alienigena:

1852 2746 2007 2798 amici
2034 2745 2160 2798 facti
2189 2756 2333 2800 sunt.
2366 2765 2383 2796 ι
2421 2746 2543 2801 Haec
2592 2761 2751 2816 porro
2783 2747 2913 2815 ipsis
2940 2748 3117 2802 verbis
3145 2756 3197 2801 et
3236 2750 3382 2803 voci-

1851 2834 1951 2887 bus
2000 2833 2055 2886 in
2103 2848 2210 2887 cvn
2256 2835 2461 2903 psalmo
2507 2835 2648 2888 dicta
2680 2845 2825 2898 sunt,
2873 2836 2925 2887 in
2955 2851 3060 2904 quo
3089 2837 3379 2893 secundum

1851 2922 2345 2993 LXXlnterpretes,
2411 2925 2612 2979 amicos
2674 2925 2764 2980 Dei
2803 2925 3013 2981 futuros
3058 2927 3378 2998 alienigenas

1856 3014 1913 3066 in
1942 3013 2198 3067 vaticinio
2240 3012 2430 3069 fertur.
2486 3014 2753 3083 Scriptum
2801 3018 2979 3083 itaque
3020 3023 3103 3069 est
3144 3016 3197 3069 in
3248 3017 3379 3071 illo:

215 3115 315 3157 σαν.
342 3121 359 3152 ι
384 3102 529 3155 Αὑτά
558 3103 617 3154 δὲ
651 3102 832 3154 ταῦτα
866 3105 974 3163 τοῖς
1002 3102 1178 3163 αὐτοῖς
1209 3103 1431 3172 ῥήμασι,
1454 3106 1545 3156 καὶ
1574 3106 1750 3168 αύταίς

1858 3120 1879 3154 ι
1910 3103 2063 3157 Moab
2089 3103 2232 3159 lebes
2262 3104 2375 3172 spei
2404 3119 2550 3158 mea.
2588 3104 2644 3158 In
2671 3104 2947 3159 ldumazam
2972 3106 3252 3160 extendam
3271 3108 3385 3160 cal-

212 3190 365 3254 λέξεσι
389 3194 480 3245 καὶ
507 3195 564 3244 ἐν
598 3192 678 3262 τῷ
712 3193 795 3261 ρξ’
828 3191 1037 3260 εἴρηται
1061 3191 1272 3261 ψαλμῷ,
1308 3195 1362 3244 ἐν
1399 3189 1442 3260 ᾧ
1487 3197 1577 3247 καὶ
1617 3196 1753 3249 κατά

213 3279 320 3341 τοὺς
370 3280 783 3351 Ἐϐδομήκοντα
823 3280 1084 3347 φιλιάσειν
1138 3279 1214 3348 τῷ
1243 3280 1356 3349 Θεῷ
1397 3283 1444 3333 οἱ
1477 3283 1752 3350 ἀλλόφυλοι

214 3367 556 3433 θεσπίζονται.
591 3372 914 3441 Γέγραπται
935 3370 1061 3437 γοῦν
1088 3372 1177 3422 καὶ
1206 3372 1261 3422 ἐν
1286 3372 1492 3440 ἐκείνῳ·
1534 3391 1551 3422 ι
1584 3373 1753 3425 Μωάϐ

213 3456 356 3529 λέϐης
380 3462 476 3531 τῆς
507 3462 732 3519 ἐλπίδος
763 3476 883 3529 μου.
926 3461 1045 3511 Ἐπὶ
1066 3460 1161 3528 τὴν
1200 3460 1493 3530 Ἰδουμαίαν
1520 3462 1755 3514 ἐπιϐαλῶ

212 3548 534 3620 τὸὺπόδημά
582 3566 711 3619 μου,
746 3550 869 3617 ἐμοὶ
922 3548 1203 3615 ἀλλόφυλοι
1249 3549 1545 3616 ἐφιλίασαν.
1581 3570 1599 3601 ι
1648 3551 1755 3603 Καὶ

213 3637 365 3691 ταῦτα
387 3640 486 3709 μὲν
505 3640 637 3709 περὶ
668 3638 780 3691 τῶν
801 3637 1105 3704 ἀλλοφύλων
1125 3637 1319 3705 διῆλθε.
1345 3638 1494 3690 Μετά
1512 3640 1567 3690 δὲ
1590 3640 1755 3691 ταῦτα

214 3728 270 3778 ἐκ
292 3729 577 3798 προσώπου
606 3728 706 3781 τοῦ
753 3728 1016 3779 Ἰουδαίων
1056 3727 1182 3778 λαοῦ
1212 3730 1242 3795 ἡ
1274 3730 1568 3797 προφητεία
1602 3730 1755 3782 πάλιν

214 3816 389 3885 ἐπάγει
440 3820 738 3888 φάσκουσα
760 3834 774 3847 ·
826 3837 843 3867 ι
895 3817 1025 3885 Οὑχὶ
1050 3818 1111 3867 σὺ
1137 3818 1164 3867 6
1191 3817 1317 3879 θεὸς
1356 3819 1382 3869 ὁ
1409 3819 1756 3887 ἀπωσάμενος

215 3907 364 3973 ἡμᾶς,
395 3909 490 3960 καὶ
520 3908 624 3959 οὐκ
649 3905 910 3975 ἐξελεύση
943 3910 998 3958 ἐν
1021 3909 1138 3967 ταῖς
1183 3904 1464 3974 δυνάμεσιν
1497 3906 1649 3975 ἡμῶν
1674 3923 1686 3969 ;
1734 3927 1750 3957 ι

219 3995 278 4044 ’Δ
307 3995 366 4064 δὴ
386 3997 549 4064 ὅμοια
576 3995 779 4062 γένοιτ’
800 3993 864 4045 ἂν
883 3997 992 4055 τοῖς
1024 3993 1160 4047 κατά
1190 3995 1285 4061 τὴν
1312 3995 1480 4065 ἀρχὴν
1510 3995 1757 4063 λελεγμέ-

215 4100 314 4145 νοις
356 4087 409 4137 ἐν
436 4084 515 4154 τῷ
543 4123 559 4145 ,
595 4103 614 4133 ι
664 4083 726 4135 '0
758 4082 905 4143 Θεὸς,
961 4082 1162 4134 ἀπώσω
1191 4083 1333 4150 ἡμᾶς
1378 4084 1469 4134 καὶ
1520 4082 1759 4141 καθεῖλες

217 4170 379 4239 ἡμᾶς·
418 4192 435 4223 ι
464 4174 530 4225 δι’
560 4167 639 4225 ὧν
661 4170 849 4239 σαφῶς
876 4172 1096 4232 ἐαυτοῦς
1131 4169 1224 4239 μὲν
1255 4170 1526 4223 ἀπεῶσθαι
1546 4170 1757 4237 λέγουσι

217 4262 301 4312 καὶ
334 4261 721 4333 καθαιρεῖσθαι
743 4302 756 4323 ,
814 4262 886 4330 μὴ
932 4261 1070 4330 ἔχειν
1112 4278 1169 4311 τε
1202 4261 1288 4313 τὸν
1313 4260 1440 4313 Θεὸν
1489 4260 1674 4330 βοηθὸν
1705 4262 1758 4311 ἐν

1853 3198 2187 3244 ceamentum
2238 3207 2448 3254 meum,
2503 3192 2634 3246 mihi
2686 3193 2993 3261 alienigenae
3047 3195 3203 3248 amici
3254 3194 3383 3253 facti

1854 3286 1979 3333 sunt
2007 3280 2047 3332 ’⁵.
2085 3299 2103 3330 ι
2138 3279 2202 3332 Ει
2231 3281 2342 3333 hate
2366 3279 2577 3348 quidem
2622 3281 2689 3333 de
2735 3280 3045 3349 alienigenis
3091 3282 3379 3334 enarravit.

1856 3368 1968 3422 Sub
1998 3368 2109 3422 haec
2134 3378 2306 3422 autem
2350 3384 2415 3423 ex
2456 3383 2683 3436 persona
2711 3367 2917 3422 Iudaici
2951 3370 3128 3437 populi
3158 3371 3384 3439 prophe-

1854 3457 1926 3510 tia
1957 3470 2171 3509 rursum
2201 3454 2387 3522 adjici:
2418 3473 2431 3508 :
2466 3474 2484 3505 ι
2516 3453 2700 3509 Nonne
2732 3464 2787 3508 tu
2808 3495 2822 3518 ,
2854 3453 2996 3510 Deus
3021 3497 3035 3521 ,
3071 3456 3162 3525 qui
3185 3458 3383 3525 repuli-

1855 3545 1922 3597 sti
1952 3558 2050 3596 nos
2070 3582 2084 3604 ,
2115 3549 2167 3596 et
2195 3557 2301 3595 non
2329 3542 2619 3610 egredieris
2646 3543 2701 3596 in
2728 3542 3012 3599 virtutibus
3041 3545 3241 3599 nostris
3270 3546 3329 3597 '?
3360 3564 3379 3597 ι

1855 3631 1983 3695 Quae
2027 3631 2219 3686 similia
2268 3639 2392 3685 sunt
2443 3631 2509 3684 iis
2553 3646 2670 3699 qua”:
2715 3632 2783 3684 ab
2828 3631 2980 3684 initio
3030 3631 3172 3685 dicta
3216 3632 3384 3693 fuere.

1860 3735 1878 3769 ‹
1902 3718 2066 3783 Deus,
2098 3718 2338 3788 repulisti
2360 3733 2457 3772 nos
2480 3729 2532 3772 et
2551 3718 2864 3774 destruxisti
2890 3733 3019 3773 nos:
3043 3739 3061 3771 ›
3086 3722 3239 3789 queis
3269 3737 3389 3790 per-

1855 3808 2037 3876 spicue
2067 3823 2123 3862 se
2155 3808 2395 3875 repulsos
2419 3814 2471 3861 et
2494 3807 2797 3862 destructos
2829 3807 2994 3863 fuisse
3021 3820 3261 3877 narrant,
3288 3827 3387 3865 ne-

1856 3911 1961 3964 que
1993 3894 2157 3949 Deum
2205 3896 2258 3948 in
2308 3895 2613 3958 virtutibus,
2663 3896 2774 3949 sive
2818 3896 2870 3948 in
2918 3898 3242 3953 exercitibus
3274 3899 3388 3954 suis

1856 3985 2199 4053 opitulantem
2254 3984 2449 4039 habere
2497 4002 2511 4038 ;
2560 3983 2881 4052 alienigenas
2923 3998 3050 4036 vero
3093 3988 3388 4053 generatim

1857 4088 2042 4127 omnes
2070 4074 2271 4127 amicos
2298 4072 2390 4127 Dei
2415 4072 2630 4126 elTectos
2659 4086 2814 4136 esse;
2847 4070 2999 4124 Moab
3027 4087 3153 4126 vero
3182 4077 3390 4143 specia-

1860 4164 1952 4215 tim
1976 4163 2199 4217 lebetem
2226 4164 2338 4233 spei
2361 4164 2498 4231 ejus,
2536 4178 2629 4217 seu
2657 4163 2880 4216 lebetem
2912 4161 3108 4214 lavacri
3136 4163 3275 4230 ejus,
3305 4165 3387 4217 vel

1858 4252 2161 4305 securitatis
2182 4251 2471 4319 ejus‘esse;
2500 4250 2887 4318 Idumaaamque
2913 4248 3274 4303 calceamento
3294 4248 3387 4303 Dei

216 4353 325 4411 ταῖς
358 4352 567 4403 ἑαυτῶν
610 4352 874 4419 δυνάμεσι
893 4366 905 4379 ·
936 4352 1058 4411 τοὺς
1098 4350 1152 4401 δὲ
1190 4349 1507 4416 ἀλλοφύλους
1539 4349 1750 4403 καθόλου

1858 4340 2126 4410 dignatam
2163 4341 2347 4395 fuisse.
2410 4340 2532 4394 Haec
2578 4339 2932 4393 illustratioue
2963 4337 3193 4407 Spiritus
3224 4337 3390 4391 divini

223 4440 311 4504 μὲν
331 4442 536 4502 πάντας
560 4440 755 4508 φίλους
802 4438 1075 4505 γεγονέναι
1099 4436 1173 4505 τῷ
1198 4436 1312 4505 Θεῷ
1338 4475 1351 4499 ,
1402 4436 1539 4499 ίδίως
1586 4436 1640 4488 δὲ
1671 4436 1750 4489 τὸ·.

1860 4429 2079 4484 edoctus
2104 4430 2269 4484 David
2290 4469 2305 4493 ,
2338 4431 2490 4499 quasi
2520 4445 2584 4482 ex
2610 4442 2836 4497 persona
2872 4426 3037 4481 totius
3063 4427 3279 4497 populi,
3308 4428 3392 4482 di-

220 4528 377 4580 Μωὰϐ
405 4530 612 4598 λέϐητα
636 4527 803 4580 αὑτοῦ
830 4527 929 4594 τῆς
955 4526 1159 4587 ἐλπίδος
1180 4563 1194 4586 ,
1226 4526 1258 4595 ἢ
1286 4525 1481 4595 λέϐητα
1508 4523 1599 4577 τοῦ
1642 4526 1750 4577 λου-

1859 4521 1952 4583 cit,
1993 4539 2011 4570 ‹
2033 4519 2193 4579 Deus.
2218 4521 2455 4588 repulisti
2491 4533 2588 4571 nos
2620 4525 2672 4571 et
2694 4516 3010 4571 destruxisti
3038 4531 3171 4582 nos;
3203 4535 3222 4568 ι
3256 4517 3388 4576 sive,

221 4617 336 4683 τροῦ
369 4618 552 4679 αὑτοῦ,
580 4617 614 4685 ἢ
652 4616 753 4685 τῆς
783 4615 1106 4685 ἀμεριμνίας
1138 4613 1295 4666 αὐτοῦ
1329 4613 1627 4681 γεγονέναι·
1665 4614 1750 4683 τὴν

1861 4610 2152 4662 secundum
2184 4609 2557 4679 Symmachum
2594 4625 2605 4659 :
2644 4624 2662 4656 ι
2695 4604 2856 4669 Deus,
2908 4605 3152 4674 abiecisti
3177 4619 3309 4666 nos,
3340 4615 3392 4661 et

222 4704 271 4755 δὲ
306 4707 603 4775 Ἰδουμαίαν
633 4704 731 4756 τοῦ
754 4706 1089 4774 ὑποδήματος
1114 4704 1204 4756 τοῦ
1229 4703 1359 4755 Θεοῦ
1384 4702 1750 4772 κατηξιῶσθαι.

1862 4698 2136 4752 abscidisti
2165 4713 2262 4750 nos
2282 4736 2296 4759 ,
2329 4716 2346 4747 ι
2380 4697 2729 4764 abjectionem
2773 4704 2827 4749 et
2858 4696 3241 4749 abscissionem
3273 4709 3389 4746 ma-

226 4791 368 4844 Ταῦτ’
395 4791 487 4846 οὖν
516 4778 596 4861 τῷ
635 4793 917 4861 Πνεύματι
944 4790 1019 4859 τῷ
1052 4792 1175 4860 θείῳ
1208 4791 1486 4858 φωτισθεὶς
1513 4793 1541 4841 6
1582 4790 1750 4850 Δαυῖδ,

1862 4786 2055 4841 nileste
2101 4787 2428 4857 significans.
2496 4784 2783 4854 Subjungit
2802 4793 3016 4854 postea,
3052 4802 3071 4834 ι
3110 4782 3281 4836 Iratus
3309 4798 3388 4845 es.

228 4888 495 4936 κοινοτοοιεῖ
524 4884 614 4935 τὸν
638 4882 799 4949 λόγον
816 4881 892 4942 ὡς
919 4883 982 4932 ἐκ
1004 4881 1283 4950 προσώπου
1311 4879 1401 4933 τοῦ
1424 4879 1616 4942 παντὸς
1636 4880 1750 4931 λαοί

1865 4884 1918 4930 et
1961 4876 2211 4930 misertus
2256 4891 2315 4929 es
2361 4874 2545 4940 nobis;
2584 4892 2602 4924 ι
2648 4874 2940 4927 secundum
2969 4874 3213 4941 Aquilam
3242 4889 3389 4935 vero,

232 4973 312 5022 καί
358 4990 547 5042 φησιν·
595 4990 612 5022 t
667 4972 725 5023 '0
755 4971 923 5030 Θεὸς,
967 4969 1164 5022 ἀπώσω
1204 4973 1347 5040 ἡμᾶς
1399 4971 1489 5023 καὶ
1527 4969 1750 5031 καθεῖλες

1872 4988 1891 5020 ι
1921 4968 2090 5025 Iratus
2126 4968 2361 5022 avertisti
2409 4982 2541 5031 nos;
2578 4985 2597 5017 ι
2647 4966 2941 5019 secundum
2991 4964 3389 5034 Symmachum,

237 5061 387 5128 ἡμᾶς·
417 5083 433 5111 ι
459 5062 513 5131 ἦ,
548 5060 690 5114 κατά
720 5061 815 5112 τὸν
848 5058 1131 5127 Σύμμαχον
1150 5075 1163 5088 ·
1197 5079 1215 5109 ι
1264 5061 1321 5111 Ὀ
1335 5059 1481 5120 Θεὸς,
1500 5057 1750 5111 ἀπεϐάλοι

1872 5077 1889 5107 ι
1922 5056 2092 5110 Iratus
2116 5072 2194 5122 es,
2217 5061 2267 5108 et
2288 5053 2690 5107 circumduxisﬁ
2716 5067 2847 5118 nos;
2868 5071 2886 5103 ι
2921 5052 3211 5107 secundum
3236 5052 3395 5121 quin-

236 5151 385 5216 ἡμᾶς,
416 5152 509 5203 καὶ
558 5150 818 5217 διέκοψας
866 5147 1040 5214 ἡμᾶς·
1085 5167 1102 5197 ι
1147 5148 1326 5214 σαφῶς
1368 5146 1628 5214 ἀποϐολὴν
1674 5146 1750 5197 καῖ

1868 5154 1975 5199 tam
2003 5147 2309 5207 editionem,
2337 5143 2441 5194 «Et
2470 5142 2874 5197 circumduxisti
2910 5157 3061 5196 nos.»
3096 5140 3218 5195 Haec
3234 5157 3394 5210 porro

243 5232 496 5305 ἀποκοπὴν
517 5234 694 5286 αὐτῶν
715 5231 986 5300 δηλώσας.
1013 5230 1120 5286 Εἶτ’
1145 5234 1395 5300 ἐπιλέγει·
1425 5250 1442 5283 ι
1465 5233 1750 5302 Ὧργίσθης,

1866 5243 2086 5289 eventus
2112 5248 2284 5288 rerum
2315 5232 2433 5299 plus
2464 5247 2619 5299 quam
2647 5232 2807 5284 verba
2838 5230 3092 5284 declarat.

241 5322 320 5372 καὶ
342 5323 669 5392 ᾠκτείρησας
692 5320 849 5390 ἡμᾶς
867 5336 879 5347 ·
898 5339 914 5369 ι
950 5324 1086 5374 κατά
1117 5323 1172 5375 δὲ
1198 5324 1287 5376 τὸν
1326 5323 1568 5387 Ἀκύλαν,
1593 5342 1611 5371 ι
1641 5324 1916 5393 Θυμωθεὶς
1941 5322 2297 5393 μετέστρεψας
2324 5322 2465 5389 ἡμᾶς
2483 5337 2496 5351 ο
2512 5340 2528 5370 ι
2551 5319 2685 5373 κατὰ
2711 5320 2766 5372 δὲ
2792 5322 2881 5377 τὸν
2905 5319 3209 5389 Σύμμαχον,
3239 5338 3256 5367 ι
3288 5320 3399 5387 Ὡρ-

249 5414 429 5481 γίσθης,
489 5415 576 5466 καὶ
642 5410 981 5479 περιήγαγες
1045 5415 1219 5483 ἡμᾷς·
1260 5434 1276 5464 ι
1318 5414 1453 5465 κατὰ
1494 5413 1549 5465 δὲ
1588 5414 1682 5482 τὴν
1725 5415 1972 5485 πέμπτην
2035 5416 2254 5475 ἔκδοσιν,
2290 5432 2308 5462 ι
2356 5413 2460 5463 Καὶ
2494 5413 2822 5480 περιήγαγες
2858 5413 3022 5481 ἡμᾶς.
3061 5427 3078 5461 ι
3122 5410 3305 5462 Ταῦτα
3343 5412 3399 5464 δὲ

246 5502 413 5569 μᾶλλον
441 5504 540 5555 τῶν
564 5503 734 5568 λόγων
768 5501 804 5566 ἠ
838 5500 943 5550 τῶν
972 5506 1307 5575 πραγμάτων
1354 5504 1567 5566 ἔκϐασις
1604 5505 1907 5574 παρίστησι.

305 5676 472 5733 ‘Psal.
504 5693 632 5735 cru,
680 5673 777 5724 ιο.
869 5674 890 5701 ³
928 5675 1057 5730 ibid.
1102 5682 1187 5736 12.
