3818 6374
408 437 511 491 559

476 551 603 606 Post
614 547 900 603 Salvatoris
919 545 1090 610 itaque
1111 537 1277 592 nostri
1301 535 1362 588 ad
1372 543 1603 591 ventum,
1620 530 1830 601 quando
1851 530 1924 581 in-
1954 534 1998 587 Α

407 642 544 695 vasit
570 654 662 693 eos
693 638 768 689 ira
798 636 849 686 in
877 632 1052 691 ﬁnem,
1083 628 1191 679 haec
1209 625 1387 678 omnia
1410 624 1572 690 passi,
1596 621 1813 689 repulsi,
1844 620 1930 671 de-

409 716 597 787 ειτηειί
614 734 665 781 et
680 722 871 791 ab'jecti
900 727 1053 780 sunt;
1081 714 1302 769 abscissi
1332 713 1455 765 item
1480 719 1530 764 et
1558 707 1925 769 circumducti,

410 821 463 873 in
491 825 777 879 omnesque
823 816 1003 875 gentes
1034 801 1281 871 dispersi.
1311 798 1415 852 Sed
1446 798 1627 861 etiam,
1653 814 1671 846 ι
1692 810 1929 847 commo-

408 902 549 961 visti,
588 894 776 963 inquit,
802 899 997 945 terram
1034 899 1080 941 et
1125 886 1451 940 conturbasti
1469 898 1607 944 eam,
1651 882 1775 950 quia
1806 895 1931 933 sex-

408 997 559 1043 centa
584 985 652 1037 ibi
679 980 1067 1043 malainerant;
1092 977 1143 1029 in
1178 986 1318 1029 terra
1349 975 1467 1027 dico
1491 987 1697 1033 eorum,
1728 970 1933 1023 scilicet

407 1076 717 1136 Jerusalem,
749 1072 839 1125 ubi
870 1070 1015 1139 regia
1047 1075 1097 1121 et
1128 1067 1515 1125 sanctuarium,
1548 1063 1637 1115 ubi
1670 1062 1848 1115 omnia
1878 1060 1931 1113 in

407 1168 520 1235 lege
543 1160 843 1219 veneranda
870 1157 1341 1227 persolvehantur:
1372 1154 1484 1207 sive
1527 1152 1687 1205 etiam
1739 1152 1792 1203 in
1822 1157 1933 1203 tota

406 1254 617 1304 illorum
659 1248 908 1317 regione;
951 1246 1062 1298 sive
1091 1246 1144 1296 in
1190 1242 1472 1294 animabus
1500 1254 1684 1293 eorum
1734 1238 1934 1305 tropice

410 1353 548 1396 terra
572 1338 912 1406 nuncupatis.
943 1336 1070 1399 Quze
1097 1333 1274 1387 omnia
1303 1329 1586 1384 confertim
1611 1328 1679 1381 ob
1697 1326 1934 1395 improha

408 1446 590 1486 eorum
623 1428 881 1490 facinora,
907 1431 1172 1477 commota
1196 1430 1247 1474 et
1270 1420 1585 1474 conturbata
1615 1426 1759 1471 sunt.
1788 1417 1938 1468 Atta-

411 1536 529 1574 men
556 1525 706 1588 rogat
736 1516 1000 1584 Propheta
1042 1513 1094 1565 in
1132 1511 1478 1580 sequentibus
1508 1527 1521 1562 :
1560 1526 1577 1557 ‹
1613 1507 1755 1560 Sana
1809 1519 1939 1557 con-

410 1609 654 1661 tritiones
675 1605 811 1672 ejus,
848 1603 971 1671 quia
999 1610 1263 1652 commota
1288 1604 1386 1650 est.
1424 1613 1443 1645 ι
1477 1595 1519 1646 Α
1544 1593 1758 1662 proprio
1788 1605 1939 1644 nam-

412 1714 514 1766 que
544 1698 659 1749 loco
688 1703 741 1748 et
785 1693 892 1746 situ
934 1696 1201 1743 commota
1262 1694 1317 1740 et
1368 1698 1631 1738 concussa
1689 1681 1938 1750 prmdicla

413 1799 576 1845 terra,
601 1781 1009 1837 contritionibus
1061 1787 1114 1831 et
1147 1776 1316 1829 ruime
1346 1774 1580 1826 suberat.
1629 1771 1805 1836 Quare
1838 1772 1938 1824 sub

418 1880 529 1930 inec
557 1874 812 1927 additur:
851 1889 870 1921 ι
917 1866 1209 1923 Ostendisti
1268 1864 1463 1934 papula
1495 1871 1586 1915 tuo
1620 1863 1791 1914 dura:
1832 1880 1850 1911 ι
1888 1869 1939 1913 ct
1974 1840 2011 1891 Β

414 1968 539 2019 vino
592 1959 1020 2029 compunctionis
1072 1962 1219 2025 potat
1274 1955 1428 2018 illos;
1476 1952 1589 2006 sive
1647 1948 1939 2004 secundum

414 2055 681 2124 Aquilam,
716 2070 734 2102 ι
771 2052 891 2103 vino
925 2048 1167 2116 soporis;
1202 2064 1222 2096 ι
1272 2044 1386 2098 sive
1441 2041 1735 2095 secundum
1788 2038 1944 2110 Sym-

416 2145 682 2205 machum,
736 2159 754 2191 ι
791 2142 915 2193 vino
971 2135 1298 2205 jactationis.
1336 2151 1355 2184 ι
1410 2131 1487 2186 Ac
1544 2130 1724 2184 dicere
1779 2130 1942 2189 licet,

416 2233 715 2285 divinarum
776 2226 1171 2295 Scripturarum
1224 2219 1467 2284 verbum,
1520 2232 1627 2287 quo
1662 2230 1847 2270 eorum
1892 2216 1944 2267 in

416 2322 685 2377 Christum
741 2316 1087 2370 incredulitas
1144 2311 1406 2380 arguitur,
1440 2309 1622 2363 vinum
1649 2321 1769 2361 esse
1801 2320 1945 2358 com-

418 2409 739 2480 punctionis,
773 2421 956 2461 eorum
1001 2401 1327 2455 conscientia
1378 2414 1473 2467 per
1518 2397 1823 2467 prophetias
1883 2396 1949 2448 de

418 2501 652 2559 Christo,
696 2511 900 2551 necnon
953 2510 1045 2562 per
1083 2499 1397 2560 praesentem
1447 2503 1627 2542 rerum
1686 2486 1950 2540 conditio-

420 2606 541 2645 nem
573 2626 589 2650 ,
642 2602 703 2639 ac
746 2600 838 2655 per
887 2583 1290 2637 conversionem
1346 2578 1577 2647 gentium
1632 2585 1950 2642 compuncta

422 2691 473 2735 et
497 2679 794 2732 vulnerata.
828 2673 950 2727 Haec
977 2674 1194 2741 quippe,
1255 2669 1464 2724 etiamsi
1508 2683 1615 2720 non
1674 2666 1838 2718 fucati
1870 2664 1951 2717 vi-

423 2771 646 2822 deantur
662 2779 800 2828 esse,
827 2776 1012 2817 eorum
1029 2760 1409 2814 conscientiam
1442 2763 1703 2825 pungunt,
1729 2753 1947 2815 feriunt,

423 2866 476 2911 et
509 2858 572 2910 ad
601 2869 816 2910 sensum
857 2868 967 2907 sua:
1018 2866 1143 2920 erga
1195 2850 1523 2902 Salvatorem
1552 2855 1606 2901 et
1662 2845 1948 2898 Dominum

426 2957 667 3002 nostrum
699 2943 1025 2998 inﬁdelitatis
1080 2939 1370 2993 adducunt.
1424 2935 1528 2989 Sed
1578 2934 1685 2988 illis
1738 2933 1950 3002 quidem

427 3038 541 3091 haec
563 3042 815 3089 eventura
842 3045 963 3085 esse
1007 3030 1348 3082 vaticinatur.
1397 3027 1467 3079 lis
1513 3033 1690 3077 autem
1742 3025 1833 3092 qui
1884 3022 1949 3075 ad

426 3126 697 3180 Christum
725 3121 817 3175 Dei
849 3121 1181 3180 eonventuri,
1228 3118 1450 3186 ejusque
1485 3116 1710 3170 salutem
1766 3128 1953 3167 susce-
1978 3153 2025 3214 c

428 3215 570 3287 pturi
594 3222 736 3276 sunt,
782 3213 895 3265 haec
942 3219 1126 3279 postea
1181 3208 1508 3261 annuntiat:
1541 3222 1560 3255 ι
1597 3203 1797 3257 Dedisti
1837 3219 1949 3256 me»

430 3304 702 3361 tuentibus
731 3311 784 3357 te
805 3300 1266 3371 signiﬁcationem,
1322 3304 1379 3349 ut
1405 3294 1609 3364 fugiant
1642 3309 1670 3346 a
1699 3293 1833 3346 facie
1873 3306 1958 3345 ar-

430 3410 559 3461 cus;
593 3411 614 3444 ι
645 3390 935 3448 secundum
965 3386 1208 3455 Aquilam
1241 3400 1384 3447 vero,
1436 3400 1455 3433 ‹
1496 3380 1695 3435 Dedisti
1717 3390 1958 3434 metuen-

430 3487 574 3539 tibus
598 3492 650 3536 te
678 3483 908 3548 signum,
937 3484 997 3530 ut
1018 3473 1431 3544 signiﬁcentura
1452 3471 1585 3524 facie
1612 3469 1911 3532 ﬁrmitatis;
1933 3487 1951 3519 ι

432 3572 725 3628 secundum
753 3565 1130 3637 Symmachum
1157 3571 1355 3625 autem,
1394 3580 1414 3612 ι
1450 3560 1653 3614 Dedisti
1675 3559 1961 3613 metuenti-

434 3662 534 3715 bus
557 3668 608 3711 te
641 3659 874 3724 signum,
897 3662 955 3706 ut
998 3653 1200 3720 fugiant
1234 3666 1263 3702 a
1292 3650 1425 3704 facie
1469 3650 1803 3719 sagittarum.
1848 3666 1865 3699 ι
1903 3647 1959 3701 Si

437 3752 534 3809 illi,
563 3747 628 3798 de
654 3746 846 3812 quibus
871 3742 1138 3810 superius,
1172 3743 1274 3795 hoc
1297 3743 1447 3810 signa
1481 3741 1649 3792 notati
1710 3740 1957 3799 fuissent,

438 3850 543 3888 non
573 3830 879 3899 repellendi,
916 3845 1013 3883 nec
1061 3817 1392 3891 destruendi,
1440 3844 1538 3882 nec
1589 3829 1680 3881 ira
1716 3827 1958 3881 tradendi

437 3931 608 3976 erant.
645 3920 748 3973 Sed
774 3921 898 3989 quia
933 3920 1143 3988 signum
1180 3919 1308 3971 illud
1342 3918 1574 3971 salutare
1605 3922 1841 3985 recipere
1866 3932 1964 3970 no-

440 4012 670 4070 luerunt,
698 4010 818 4074 jure
850 4008 903 4060 in
934 4009 1045 4061 haec
1069 4008 1387 4059 inciderunt.
1422 4006 1489 4059 At
1516 4007 1606 4075 qui
1638 4008 1826 4060 timent
1860 4006 1965 4060 Do-

440 4100 663 4161 minum,
696 4099 796 4167 (sic
818 4112 911 4151 eos
938 4097 1027 4165 qui
1061 4096 1285 4150 credunt
1333 4111 1399 4149 ex
1448 4096 1713 4164 gentibus,
1749 4104 1806 4149 ut
1854 4098 1965 4167 ple-

442 4201 664 4255 rumque
688 4186 1193 4250 demonstravimus,
1252 4185 1529 4254 Scriptura
1558 4187 1695 4241 solet
1724 4189 1962 4255 appella-

443 4280 542 4346 re.)
568 4284 783 4346 accepto
800 4276 972 4346 signa,
998 4276 1196 4344 illoque
1213 4276 1319 4337 usi,
1345 4290 1406 4328 ac
1422 4276 1477 4328 in
1499 4276 1647 4329 vultu
1674 4276 1961 4347 obsignati,

444 4368 616 4420 locum
645 4367 958 4419 invenerunt
992 4364 1225 4434 fugiendi
1256 4381 1283 4415 ιι
1312 4363 1445 4417 facie
1472 4379 1649 4426 arcus,
1682 4367 1828 4421 nullo
1857 4371 1968 4437 spi-

448 4455 716 4510 ritualium
745 4464 796 4508 et
818 4455 1163 4508 invisibilium
1215 4454 1548 4507 inimicorum
1593 4456 1759 4523 ipsos,
1795 4457 1863 4510 ab
1893 4458 1965 4511 si—
1995 4455 2041 4512 D

449 4559 608 4612 gnum
630 4556 751 4596 cum
772 4543 877 4595 illis
895 4554 1005 4595 tum
1026 4543 1260 4611 antiquis
1277 4542 1525 4606 inditum,
1542 4542 1702 4599 ferire
1715 4546 1964 4603 audente.

452 4633 656 4703 Moyses
711 4632 970 4699 siquidem
1015 4633 1294 4686 domorum
1327 4631 1508 4685 limina
1562 4634 1819 4701 sanguine
1850 4637 1970 4705 agni

452 4722 718 4789 paschalis
745 4720 1013 4789 obsignari
1041 4720 1291 4774 lsraelitis
1316 4723 1581 4790 praecepit,
1630 4732 1687 4776 ut
1716 4728 1969 4779 exterrui-

452 4818 606 4862 nator
634 4816 961 4861 averteretur
987 4808 1026 4860 ‘.
1064 4806 1118 4860 In
1144 4808 1419 4863 Ezechiele
1458 4809 1659 4874 itidem,
1683 4827 1803 4864 cttm
1824 4829 1971 4867 ever-

455 4898 611 4951 tenda
634 4898 762 4951 urbs
784 4904 945 4958 esset,
967 4897 1166 4950 dixisse
1186 4898 1439 4950 scribitur
1468 4898 1605 4953 Deus
1633 4900 1703 4961 ei,
1732 4904 1822 4969 qui
1847 4911 1974 4955 tunc

458 4990 710 5056 temporis
740 4988 932 5056 pudere
961 4988 1276 5041 induebatur
1305 5007 1316 5041 :
1358 5006 1375 5037 ι
1404 4987 1595 5041 Transi
1628 5004 1723 5057 per
1745 4992 1975 5045 mediam

459 5075 721 5128 civitatem
749 5075 1061 5139 Jerusalem,
1102 5084 1154 5129 et
1181 5075 1248 5130 da
1280 5077 1430 5147 signa
1454 5092 1614 5145 super
1648 5079 1852 5134 frontes
1899 5083 1975 5134 vi-

462 5178 639 5216 rorum
674 5166 993 5230 gementium
1017 5172 1069 5218 et
1094 5166 1381 5219 dolentium
1425 5181 1587 5235 super
1634 5169 1842 5223 cunctis
1875 5171 1977 5222 ini-

465 5254 752 5318 quitatibus
779 5269 896 5321 quae
946 5254 1075 5306 ﬁunt
1105 5254 1156 5307 in
1188 5255 1361 5308 medio
1392 5256 1626 5324 ipsorum
1652 5256 1693 5308 ⁷.
1735 5274 1752 5305 ι
1784 5255 1980 5312 Deinde

470 5341 585 5392 aliis
616 5341 809 5393 dicitur
833 5361 845 5394 :
872 5362 887 5391 ι
914 5341 989 5395 lle
1020 5343 1071 5395 in
1100 5344 1365 5399 civitatem
1387 5354 1506 5414 post
1528 5360 1671 5410 eum,
1703 5356 1754 5398 et
1786 5360 1978 5413 percu-

470 5426 563 5476 tite
587 5445 599 5477 :
634 5443 695 5478 nc
726 5431 952 5493 parcatis
980 5434 1147 5484 oculis
1170 5435 1380 5498 vestris,
1407 5451 1577 5504 neque
1626 5436 1980 5491 misereamini

474 5529 650 5565 senem
679 5526 729 5567 et
761 5519 1166 5584 adolescentem,
1210 5526 1479 5590 parvulos,
1531 5535 1580 5583 ct
1617 5528 1897 5595 virginem,
1930 5541 1981 5584 ct

545 5683 567 5712 ‘
595 5683 755 5737 Exod.
796 5703 886 5753 xu,
932 5693 983 5748 7.
1054 5694 1281 5752 'Ezech.
1322 5716 1395 5767 tt,
1431 5705 1481 5759 4.

1055 422 1313 480 EUSEBII
1350 410 1814 473 CAESARIENSIS
1861 408 2007 463 OPP.

2051 405 2227 462 PARS
2266 405 2350 460 l'll.
2398 434 2463 442 —
2500 396 2929 457 EXEGETICA.
3550 383 3644 435 560

2093 526 2241 581 Μετὰ
2292 524 2422 592 γοῦν
2472 522 2565 589 τὴν
2621 519 2715 572 τοῦ
2778 514 3064 583 Σωτῆρος
3120 505 3300 578 ημῶν
3354 504 3648 573 παρουσία-ι

2028 618 2201 670 πάντα
2250 613 2418 666 ταῦτα
2451 608 2814 668 πεπόνθασιν,
2876 606 2975 656 ὅτε
3040 597 3303 667 ἔφθασεν
3350 594 3438 645 ἐπ’
3468 592 3650 655 αὐτοὺς

2025 706 2159 775 ὀργὴ
2187 705 2264 765 είς
2294 701 2463 761 τέλος,
2491 694 2827 763 ἀπώσθησόιν
2857 707 2925 743 τε
2976 688 3084 741 καί
3122 681 3528 752 καθῃρέθησαν
3566 682 3652 733 καὶ

2028 769 2437 863 απεδλήθησαν·
2476 785 2807 855 διεκόπησάν
2843 797 2911 833 τε
2955 779 3063 832 καὶ
3110 771 3514 859 περιήχθησαν
3545 769 3651 821 δια-

2030 852 2441 954 σκορπιισθέντες
2490 880 2569 940 εἰς
2603 852 2782 929 πάντα
2816 872 2890 924 τὰ
2927 869 3096 937 ἔθνη.
3140 852 3320 918 Ἆλλὰ
3356 862 3453 915 καὶ
3485 880 3504 912 ι
3543 877 3652 912 συν-

2032 951 2262 1035 ἐσεισας,
2294 971 2443 1040 φησι,
2473 967 2572 1037 τὴν
2593 967 2718 1034 γῆν,
2749 963 2848 1016 καὶ
2872 954 3290 1027 συνετάραξας
3316 952 3514 1021 αὐτὴν,
3541 970 3556 1000 ι
3578 951 3653 1002 διὰ

2030 1066 2087 1118 τὺ
2121 1062 2287 1134 μυρία
2320 1059 2463 1113 κακὰ
2494 1059 2550 1109 ὲν
2574 1057 2712 1124 αὐτῇ
2734 1049 3075 1121 γίγνεσθαι·
3110 1046 3270 1113 λέγω
3302 1044 3366 1096 δὲ
3391 1045 3460 1112 τῇ
3493 1042 3653 1093 αὑτιῖλν

2031 1162 2121 1229 γῇ,
2157 1160 2271 1227 ἦτοι
2303 1159 2367 1225 τῇ
2407 1149 2778 1223 Ἰερουσαλὴμ,
2815 1150 2875 1199 ὲν
2983 1144 3090 1196 καὶ
3127 1141 3194 1192 τὸ
3234 1138 3540 1209 βασίλειον,
3574 1135 3656 1186 καὶ

2031 1228 2094 1299 τὸν
2118 1246 2380 1313 ἁγίασμα,
2406 1242 2499 1295 καὶ
2532 1240 2710 1291 πάντα
2739 1236 2808 1289 τὰ
2838 1232 3032 1303 σεμνὰ
3068 1228 3177 1282 τοῦ
3224 1228 3408 1297 νόμου
3454 1242 3655 1278 συνετε-

2033 1338 2196 1389 λεῖτο*
2223 1335 2255 1404 ἢ
2287 1334 2379 1387 καὶ
2423 1333 2573 1403 πάσῃ
2605 1328 2787 1382 αὐτῶν
2822 1328 2892 1396 τῇ
2923 1323 3121 1394 χώρᾳ,
3165 1321 3202 1389 ἢ
3249 1321 3355 1371 καὶ
3403 1320 3525 1378 ταῖς
3566 1317 3659 1385 ψυ-

2033 1432 2150 1498 χαῖς
2172 1427 2344 1479 αὐτῶν
2366 1424 2642 1495 τροπικῶς
2662 1420 2765 1489 γῆν
2781 1414 3264 1486 ώνομασμέναις.
3306 1413 3379 1462 *Α
3411 1410 3476 1479 δὴ
3500 1410 3657 1462 πάντα

2034 1520 2238 1589 ἀθρόως
2264 1517 2351 1569 διὰ
2375 1515 2472 1577 τὰς
2501 1512 2858 1583 παρανόμους
2888 1506 3093 1561 αὐτῶν
3147 1504 3402 1574 πράξεις
3439 1500 3660 1553 συνεσεί-

2038 1608 2135 1677 σθη
2168 1608 2259 1659 καὶ
2288 1601 2686 1673 συνεταράχθη.
2727 1601 2927 1668 ’Ὅμως
2962 1596 3014 1647 δ’
3062 1591 3167 1647 οῦν
3216 1590 3469 1644 ἱκετεύει
3492 1592 3519 1642 ό
3545 1599 3660 1660 προ-

2037 1699 2207 1765 φήτης
2237 1694 2406 1760 λέγων
2440 1692 2587 1759 ἑξῆς·
2625 1709 2643 1737 ι
2686 1690 2867 1740 ’Ίασαι
2902 1683 2978 1736 τὰ
3020 1680 3451 1751 συντρίμματα
3488 1679 3658 1746 αὐτῆς,

2038 1788 2114 1837 ὅτι
2137 1783 2376 1851 ἐκινήθη.
2412 1800 2430 1830 ι
2462 1778 2761 1847 Κινηθεῖσα
2790 1775 2905 1845 γὰρ
2941 1772 3052 1825 καὶ
3096 1769 3451 1823 σαλευθεῖσα
3480 1770 3573 1838 τῆς
3595 1768 3662 1817 οἱ·

2040 1874 2187 1933 κείας
2221 1870 2381 1940 μονῆς
2404 1866 2495 1920 καὶ
2527 1863 2819 1932 στάσεωςὴ
2852 1859 3262 1932 προλεχθεῖσα
3295 1858 3395 1926 γῆ,
3420 1856 3659 1926 συντρῐμ-

2044 1980 2184 2033 ματα
2215 1961 2306 2013 καὶ
2331 1959 2654 2027 κατάγματα
2684 1957 2992 2023 ἐκτήσατο.
3050 1950 3278 2020 Διόπερ
3329 1949 3460 2017 ἑξῆς
3497 1946 3658 1999 ἐπιλέ-

2042 2068 2191 2120 γεται
2212 2066 2225 2078 ³
2266 2069 2284 2100 ε
2313 2048 2558 2113 Ἔδειξας
2583 2045 2662 2115 τῷ
2689 2044 2807 2113 λαῷ
2830 2061 2932 2095 σου
2959 2041 3207 2112 σκληρά
3232 2058 3246 2071 ·
3293 2060 3315 2092 ι
3352 2040 3451 2094 καὶ
3477 2038 3661 2101 ποτίζει

2040 2142 2095 2193 δὲ
2127 2140 2316 2201 αὐτοὺς
2346 2135 2483 2190 οἶνον
2530 2135 2879 2200 κατανύξεως
2898 2152 2916 2167 ο
2975 2134 3045 2205 ἢ,
3081 2133 3243 2186 κατὰ
3270 2132 3374 2185 τὸν
3418 2129 3657 2190 ’Δκύλαν,

2050 2253 2067 2283 ε
2102 2227 2237 2283 οἶνον
2257 2227 2577 2299 καρώσεως·
2620 2246 2639 2277 ι
2670 2226 2727 2295 ἢ,
2762 2224 2913 2277 κατὰ
2944 2224 3051 2277 τὸν
3082 2224 3442 2294 Σύμμαχον,
3484 2242 3502 2274 ι
3541 2219 3662 2274 οἶνον

2046 2321 2223 2374 σάλου.
2259 2340 2276 2371 ι
2310 2320 2416 2370 Καὶ
2440 2317 2554 2369 ἐστι
2583 2333 2647 2383 γε
2674 2318 2852 2368 εἰπεῖν
2887 2316 2989 2368 τὸν
3019 2316 3145 2368 ἀπὸ
3178 2316 3301 2368 τῶν
3350 2316 3511 2368 θείων
3542 2314 3578 2365 Γ
3580 2329 3661 2384 ρα-

2046 2411 2158 2480 φών
2184 2410 2337 2477 λόγον
2362 2449 2376 2470 ,
2402 2408 2712 2474 ἐλεγκτικὸν
2745 2408 2880 2460 ὄντα
2905 2406 3109 2458 αὐτῶν
3139 2408 3251 2476 τῆς
3304 2407 3390 2467 είς
3421 2406 3511 2457 τὸν
3542 2406 3658 2473 Χρι-

2049 2499 2167 2551 στὸν
2195 2496 2285 2549 τοῦ
2315 2494 2446 2548 Θεοῦ
2473 2495 2751 2558 ἀπιστίας,
2782 2492 2936 2548 οἶνον
2967 2496 3276 2567 ὑπάρχειν
3310 2494 3658 2559 κατανύξεως,

2047 2603 2200 2639 νυττο
2207 2585 2369 2654 μένης
2381 2584 2556 2637 αὐτῶν
2573 2583 2668 2637 καὶ
2684 2585 3173 2655 τιτρωσκομένης
3191 2586 3305 2654 τῆς
3325 2585 3662 2654 συνειδήσεως

2049 2675 2153 2727 ἀπὸ
2179 2674 2285 2727 τῶν
2332 2673 2579 2745 περὶτοῦ
2635 2674 2897 2742 Σωτῆρος
2942 2676 3372 2745 προφητειῶν·
3409 2675 3468 2739 ἐξ
3505 2674 3662 2727 αὐτῶν

2049 2781 2106 2816 τε
2133 2765 2239 2817 τῶν
2289 2764 2645 2833 περιεχόντων
2684 2763 2890 2825 αὐτοὺς
2938 2768 3329 2835 πραγμάτων
3363 2766 3457 2819 καὶ
3485 2767 3545 2817 ὲκ
3580 2765 3661 2834 τῆς

2049 2858 2154 2910 τῶν
2181 2856 2344 2909 ὲθνῶν
2360 2856 2712 2927 ἐπιστροφῆς.
2739 2856 2938 2908 Ταῦτα
2961 2858 3113 2927 γὰρ,
3148 2859 3264 2910 κᾶν
3292 2857 3660 2929 ἁπροσποίητο.

2052 2944 2187 3001 εἶναι
2208 2948 2452 3009 δοκῶσιν,
2483 2948 2630 3016 ὅμως
2644 2947 2745 3016 τὴν
2776 2948 3117 3017 συνείδησιν
3140 2950 3341 3003 αὐτῶν
3367 2948 3660 3021 τιτρώσκει,

2053 3040 2347 3109 πλήττοντα
2379 3039 2471 3091 καὶ
2505 3039 2581 3098 είς
2609 3038 2974 3107 συναίσθησιν
2999 3040 3231 3103 αὐτοὺς
3261 3041 3470 3109 ἄγοντα
3488 3040 3577 3109 τῆς
3596 3040 3663 3099 εἰς

2053 3131 2140 3183 τὸν
2169 3131 2392 3198 Σωτῆρα
2420 3127 2513 3180 καὶ
2544 3126 2748 3198 Κύριον
2780 3127 2947 3196 ἡμῶν
2978 3129 3301 3194 ἀπιστίας.
3361 3129 3501 3183 Ἀλλ’
3538 3129 3664 3181 ὲκεί-

2054 3236 2163 3280 νοις
2201 3219 2295 3286 μὲν
2343 3218 2565 3270 τοιαῦτα
2594 3216 2808 3286 μέλλειν
2841 3216 3088 3271 ἔσεσθαι
3120 3219 3412 3286 θεσπίζει.
3458 3220 3584 3281 Τοὺς
3615 3218 3661 3269 δὲ

2059 3305 2339 3375 μέλλοντας
2361 3304 2712 3376 προστρέχειν
2743 3304 2823 3374 τῷ
2854 3306 3105 3377 Χριστῷ
3133 3310 3241 3362 τοῦ
3275 3310 3438 3377 Θεοῦ,
3475 3311 3562 3363 καί
3584 3309 3665 3378 τὴν

2057 3397 2121 3448 δι’
2142 3393 2300 3447 αὐτοῦ
2324 3394 2588 3464 σωτηρίαν
2620 3394 3072 3464 παραδέχεσθαι,
3096 3400 3535 3469 εὐαγγελίζεται
3557 3399 3666 3469 ἑξῆς

2056 3486 2256 3552 λέγων*
2304 3503 2321 3534 ι
2361 3484 2601 3547 Ἔδωκας
2641 3487 2755 3547 τοῖς
2805 3486 3206 3557 φοϐουμένοις
3265 3510 3330 3545 σε
3386 3494 3665 3563 σημείωσιν

2057 3575 2148 3627 τοῦ
2174 3577 2359 3643 φυγεῖν
2385 3574 2490 3627 ἀπὸ
2518 3576 2809 3645 προσώπου
2833 3576 3027 3641 τόξου.
3054 3598 3075 3631 ι
3117 3583 3291 3636 Κατὰ
3321 3584 3381 3637 δὲ
3411 3585 3503 3637 τόν
3530 3582 3665 3635 Ἀκύ-

2058 3666 2179 3716 λανο
2218 3682 2235 3712 ι
2280 3661 2523 3725 Ἔδωκας
2548 3702 2562 3725 ,
2599 3662 2771 3731 φησὶ,
2820 3668 2942 3728 τοῖς
2974 3667 3370 3741 φοόουμὲνοις
3399 3687 3460 3723 σε
3490 3670 3666 3736 σύσπ-

2065 3769 2179 3822 μον,
2205 3751 2295 3804 τοῦ
2324 3749 2673 3820 σημειοῦσθαι
2706 3752 2817 3804 ἀπὸ
2852 3756 3180 3823 προσώπου
3214 3761 3604 3831 βεϐαιότητος’
3645 3775 3663 3809 ι

2062 3843 2196 3895 κατά
2219 3841 2273 3893 δὲ
2301 3841 2389 3892 τὸν
2423 3840 2742 3910 Σύμμαχον
2789 3862 2808 3893 ι
2849 3845 3127 3911 Ἕδωκας
3154 3855 3277 3914 τοῖς
3328 3853 3665 3922 φυσωμένας

2064 3949 2123 3984 σε
2148 3935 2383 4002 σημεῖον,
2417 3932 2495 3991 είς
2516 3931 2577 3982 τὸ
2602 3934 2866 4000 ἐκφυγεῖν
2895 3936 3016 3989 ἀπὸ
3061 3944 3383 4010 προσώπου
3417 3943 3665 4011 τοξεύμα-

2063 4039 2170 4084 τος.
2209 4040 2227 4071 ι
2261 4022 2320 4072 El
2349 4020 2445 4089 μὲν
2470 4016 2562 4073 οὖν
2585 4016 2728 4090 ἦσαν
2760 4024 2858 4075 καὶ
2876 4027 2929 4077 οἱ
2955 4027 3054 4081 διὰ
3085 4031 3205 4083 τῶν
3252 4034 3568 4106 ἔμπροσθεν
3591 4032 3667 4083 δε-

2064 4108 2351 4179 δηλωμένοι
2376 4108 2451 4177 τῷ
2486 4108 2694 4177 σημείῳ
2716 4109 2919 4179 τούτῳ,
2952 4114 3064 4166 οὐκ
3088 4115 3159 4167 ἂν
3178 4118 3547 4187 ἀπώσθησαν,
3572 4113 3667 4169 οὐδ’

2067 4203 2130 4256 ἂν
2158 4199 2556 4270 καθῃρέθησαν,
2586 4200 2696 4251 οὐδ’
2719 4200 2786 4253 ἂν
2815 4205 2883 4272 τῇ
2915 4204 3068 4276 ὀργῇ
3105 4211 3503 4282 παρεδόθησαν
3522 4227 3536 4242 .
3564 4206 3666 4264 ἀλλ’

2066 4292 2183 4343 ἐπεὶ⁵
2212 4291 2284 4360 μὴ
2309 4287 2683 4358 ὴσουλήθησαν
2714 4291 3143 4359 καταδέξασθαι
3182 4300 3247 4351 τὸ
3280 4304 3550 4371 σωτήριον
3583 4316 3666 4367 ση-

2073 4383 2237 4451 μεῖον,
2284 4377 2500 4440 εἰκότως
2524 4378 2737 4441 τούτοις
2788 4388 3336 4452 περιπεπτώκασιν.
3394 4394 3460 4445 Οἱ
3517 4392 3570 4445 δέ
3613 4406 3668 4458 τε

2069 4467 2381 4538 φοϐούμενοι
2401 4467 2493 4518 τὸν
2518 4467 2723 4537 Κύριον
2752 4469 2923 4538 (οὕτω
2952 4474 3015 4526 δὲ
3049 4478 3222 4533 εἴωθε
3254 4482 3447 4534 καλεῖν
3476 4486 3504 4535 ό
3531 4483 3672 4547 λόγος

2068 4562 2188 4620 τοὺς
2208 4558 2263 4624 ἐξ
2294 4556 2460 4609 ἐθνῶν
2487 4560 2865 4625 πιστεύοντας.
2891 4564 2974 4628 ὡς
3002 4570 3286 4637 πολλάκις
3311 4574 3401 4627 διὰ
3425 4573 3669 4627 πλειόνων

2072 4648 2386 4717 ἐδείξαμεν),
2409 4647 2666 4713 λαϐόντες
2695 4653 2756 4704 τὸ
2784 4659 3021 4723 σημεῖον
3046 4664 3406 4736 χρησάμενοί
3434 4683 3492 4717 τε
3516 4662 3669 4730 αὐτῷ,

2072 4741 2161 4793 καὶ
2189 4738 2327 4791 κατὰ
2351 4739 2442 4791 τοῦ
2479 4741 2775 4810 προσώπου
2809 4751 3292 4822 σφραγιζόμενοι,
3321 4754 3552 4825 εὕραντο
3580 4770 3670 4821 φυ-

2072 4830 2169 4898 γὴν
2193 4829 2297 4881 ἀπὸ
2316 4828 2608 4897 προσώπου
2633 4832 2812 4899 τόξου,
2837 4837 3086 4908 μηδενὸς
3102 4846 3307 4915 νοητοῦ
3327 4848 3426 4898 καὶ
3452 4844 3671 4915 ἀοράτου

2075 4917 2327 4986 πολεμίου
2359 4917 2575 4985 βάλλειν
2605 4923 2804 4986 αὐτοὺς
2829 4926 3161 4997 τολμῶντος
3186 4936 3281 4988 διὰ
3310 4935 3370 4987 τὸ
3400 4933 3672 5001 ἐπικείμε-

2074 5025 2160 5108 νον
2185 5008 2363 5069 αὐτοῖς
2389 5013 2615 5078 σημεῖον
2642 5015 2737 5067 καὶ
2751 5018 2863 5077 τοῖς
2888 5018 3157 5087 παλαιοῖς
3176 5014 3484 5095 δεδομένον.
3518 5025 3673 5077 Mur}-

2079 5098 2174 5166 σῆς
2230 5098 2325 5167 μὲν
2366 5099 2474 5170 γὰρ
2499 5103 2604 5167 τὰς
2636 5106 2795 5174 φλιὰς
2824 5107 2933 5160 τῶν
2955 5110 3133 5165 οἴκων
3160 5115 3280 5171 τῶν
3322 5114 3670 5186 Ἰσραηλιτῶν

2076 5185 2267 5254 αἵματι
2307 5188 2401 5241 τοῦ
2431 5193 2713 5261 προϐάτου
2765 5196 2856 5250 τοῦ
2908 5198 3115 5271 Πάσχα
3166 5185 3667 5275 κατασημαίνεσθαι

2077 5274 2354 5339 διετάξατο
2376 5281 2457 5342 εἰς
2489 5283 2812 5361 ἀποτροπὴν
2833 5288 2927 5342 τοῦ
2978 5291 3311 5364 ὀλοθρευτοῦ
3334 5313 3348 5325 ⁸
3372 5274 3487 5349 καὶ
3517 5296 3574 5346 ἐν
3598 5291 3667 5361 τῷ

2090 5365 2339 5469 ςΕζεκιὴλ
2395 5372 2451 5425 δὲ
2477 5414 2493 5439 ,
2559 5383 2859 5453 μελλούσης
2894 5382 3261 5450 ἀφανίζεσθαι
3300 5388 3401 5457 τῆς
3449 5385 3665 5446 πόλεως,

2082 5458 2497 5547 ἀξλαγέγραπται
2516 5472 2546 5524 ὁ
2576 5475 2714 5542 θεὸς
2741 5473 2988 5547 ἐἰρηκὼς
3020 5478 3158 5547 πρὸς
3196 5478 3289 5530 τὸν
3324 5478 3663 5547 ἐνδεδυμένον

2081 5545 2171 5596 τὸν
2204 5550 2444 5630 ποδήρη,
2470 5560 2632 5633 ὅστις
2663 5569 2776 5624 ποτ’
2932 5582 2950 5616 ι
2972 5545 3155 5619 Δίελθε
3191 5566 3366 5639 μέσην
3390 5568 3491 5639 τὴν
3517 5545 3666 5618 πόλιν
