3818 6340
175 379 269 436 ὃθὶ

1419 364 1909 423 COMMENTABIA
1942 366 2006 419 IN
2042 363 2372 419 PSALMOS.

3379 366 3481 421 562

194 487 286 555 τῇς,
349 452 789 555 ἰεῇροξσαλῂμ
825 472 933 524 καὶ
961 472 1050 537 δὸς
1081 470 1149 526 τὰ
1182 477 1379 544 σημεῖα
1407 477 1497 529 ἐπὶ
1527 476 1592 528 τὰ
1619 476 1838 547 μέτωπα

1949 477 2195 530 mulieres
2227 476 2456 531 occidite
2478 474 2543 529 ad
2577 476 2990 532 internecionem
3027 496 3041 533 :
3078 477 3146 533 ad
3176 492 3270 534 eos
3302 485 3476 530 autem

217 546 318 624 τέω
351 546 591 617 ἀνδρῶν
638 553 761 609 τῶν
798 562 1315 626 καταστεναζόντων
1354 566 1443 618 καὶ
1488 566 1591 616 τῶν
1629 565 1845 616 κατοδοο

236 648 510 728 νωμένων
561 642 662 695 ἐπὶ
704 648 927 715 πάσαις
974 656 1093 715 ταῖς
1124 653 1367 721 ἀνομίαις
1400 657 1517 716 ταῖς
1543 652 1845 723 γινομέναις

238 753 293 804 ὲν
332 736 509 820 μέσῳ
540 734 754 792 αὐτῶν.
786 758 805 790 ι
844 737 965 794 Εἶθ’
996 744 1196 814 ἑτέροις
1233 744 1454 812 ὲλέχθη·
1491 762 1508 793 ι
1549 740 1843 811 Πορεύεσθε

238 844 319 904 είς
354 826 484 898 κτὴν
517 826 674 881 πόλιν
708 829 894 883 ὀπίσω
925 832 1091 885 αὐτοῦ
1110 875 1123 896 ,
1165 834 1256 884 καὶ
1286 834 1504 884 κόπτετε
1525 848 1538 860 °
1575 830 1647 900 μὴ
1676 830 1845 898 φείδε-

255 927 355 977 σθε
401 920 511 982 τοῖς
538 918 844 992 ὀφθαλμοῖς
880 921 1059 992 ὑμῶν,
1085 922 1175 974 καὶ
1211 920 1283 990 μὴ
1327 921 1573 990 ἐλεήσητε
1609 918 1841 989 πρεσϐύ-

272 1024 443 1081 τερον
475 1008 572 1060 καὶ
611 988 921 1073 νεανίσκον,
956 1011 1050 1064 καὶ
1076 1011 1240 1079 νήπια
1282 1012 1374 1062 καὶ
1412 1009 1673 1080 παρθένον
1694 1048 1708 1071 ,
1752 1011 1843 1061 καὶ

270 1102 549 1167 γυναῖκας
578 1099 937 1152 ἀποκτείνατε
966 1088 1344 1168 εἰς’ὲξάλειψιν
1368 1117 1381 1131 ·
1410 1102 1498 1153 ἐπὶ
1550 1099 1607 1151 δὲ
1642 1100 1843 1161 πάντας

268 1189 365 1255 ἐφ’
398 1187 496 1250 οὖς
540 1189 660 1240 ὲστι
708 1187 767 1240 τὺ
796 1189 1020 1257 σημεῖον
1052 1188 1124 1257 μὴ
1152 1189 1422 1257 ὲγγίσητε,
1469 1188 1560 1239 καὶ
1602 1188 1707 1240 ἀπὸ
1738 1187 1841 1239 τῶν

263 1276 453 1343 ἁγίων
498 1293 604 1346 μου
636 1273 892 1345 ἄρξασθε.
932 1293 950 1326 ι
996 1276 1157 1345 Ὀρᾷς
1177 1276 1320 1337 ὅπως
1348 1277 1393 1327 οἱ
1429 1276 1525 1344 μὲν
1551 1274 1839 1327 ἀπώλοντοο

261 1368 317 1419 οἱ
354 1366 418 1418 δὲ
454 1365 518 1419 τὸ
556 1367 782 1434 σημεῖον
826 1366 919 1417 ἐπὶ
945 1363 1037 1415 τοῦ
1073 1365 1317 1432 μετώπου
1364 1363 1611 1434 φέροντες
1660 1361 1842 1415 διεσώ-

256 1457 470 1520 ζοντο;
506 1454 741 1507 τοιοῦτοί
773 1471 917 1515 τινες
936 1449 1071 1523 ἦσαν
1103 1453 1194 1505 καὶ
1216 1453 1305 1515 οὓς
1332 1456 1363 1523 ὴ
1393 1454 1636 1523 παροῦσα
1659 1452 1842 1520 στηλο-

254 1548 492 1616 γραφία
519 1545 823 1615 παρίστησι
864 1545 1123 1611 λέγουσαο
1158 1562 1175 1593 ι
1212 1544 1453 1605 Ἔδωκας
1501 1545 1611 1605 τοῖς
1657 1544 1841 1611 φοϐου-

254 1637 464 1705 μένοις
486 1652 549 1687 σε
578 1634 877 1703 σημείωσιν
895 1632 988 1685 τοῦ
1006 1635 1189 1700 φυγεῖν
1210 1633 1316 1684 ἀπὸ
1332 1631 1618 1701 προσώπου
1634 1631 1802 1694 τόξου·
1816 1650 1832 1682 ι

246 1726 321 1777 οὐ
356 1725 477 1795 γὰρ
499 1726 581 1793 τῷ
621 1723 837 1792 Ἰσραὴλ
857 1764 872 1786 ,
897 1723 1076 1791 φησὶν,
1107 1723 1326 1783 ἔδωκας,
1355 1721 1487 1772 ἀλλὰ
1521 1724 1629 1783 τοῖς
1659 1721 1839 1787 φοϐου-

249 1812 461 1882 μένοις
506 1828 590 1865 σε.
626 1812 748 1864 Ὅτι
778 1811 833 1862 δὲ
864 1810 983 1873 ἔθος
1007 1810 1121 1862 ἐστὶ
1144 1811 1208 1877 τῇ
1247 1808 1542 1876 προφητείᾳ
1585 1806 1844 1874 φοὸουμέ-

244 1920 393 1966 νους
419 1904 517 1955 τὸν
558 1902 768 1971 Κύριον
790 1901 972 1952 καλεῖν
1000 1903 1122 1962 τοὺς
1153 1898 1212 1962 ἐξ
1249 1898 1411 1950 ἐθνῶν
1440 1898 1529 1948 ἐπὶ
1576 1896 1663 1946 τὸν
1705 1894 1832 1946 Θεὸν

1943 581 2105 634 super
2130 581 2266 635 quos
2287 574 2370 619 est
2420 568 2629 635 signum
2663 583 2729 621 ne
2762 568 3048 630 accedatis.
3100 580 3151 624 et
3193 584 3225 623 a
3270 566 3477 624 sanctis

1942 656 2074 709 meis
2104 656 2317 724 incipite
2346 656 2384 707 ‘.
2427 676 2445 707 ι
2482 654 2669 709 Viden‘
2697 672 2803 724 quo
2832 666 2989 725 pacto
3017 658 3105 711 alii
3133 659 3348 728 quidem
3385 670 3480 709 0c-

1940 745 2075 809 cisi;
2108 746 2143 798 ii
2190 761 2317 801 vero
2346 748 2434 815 qui
2468 747 2678 815 signum
2726 750 2779 802 in
2824 746 2997 802 fronte
3041 749 3241 803 ferrent
3273 748 3470 807 servati

1942 830 2177 883 fuerint?
2204 829 2360 885 Tales
2418 832 2451 884 ii
2499 841 2672 895 erant,
2713 848 2849 902 quos
2878 834 2989 887 haec
3018 835 3157 888 tituli
3192 837 3467 904 inscriptio

1942 920 2245 974 indicatbis
2274 923 2451 976 verbis
2488 941 2500 976 :
2535 941 2552 972 ι
2586 923 2782 978 Dedisti
2816 925 3173 979 metuentibus
3194 934 3243 977 te
3267 927 3468 993 signiﬁ-

1939 1011 2224 1072 cationem,
2253 1021 2309 1064 ut
2341 1011 2546 1081 fugiant
2573 1028 2602 1065 a
2627 1013 2761 1067 facie
2788 1030 2966 1069 arcus.
3009 1033 3025 1065 ι
3058 1014 3171 1067 Non
3199 1016 3340 1069 enim
3370 1018 3463 1076 ait,

1941 1100 2125 1153 lsraeli
2157 1101 2371 1164 dedisti,
2409 1102 2498 1155 sed
2534 1103 2839 1156 timentibus
2871 1111 2941 1158 te.
2969 1104 3121 1168 Quod
3144 1113 3317 1159 autem
3345 1120 3468 1172 pro-

1939 1187 2127 1256 plietiaa
2148 1197 2462 1243 consuetum
2496 1191 2565 1245 sit
2587 1192 2832 1245 timentes
2855 1190 3131 1245 Dominum
3162 1206 3351 1246 vocare
3372 1208 3467 1248 eos

1937 1293 2002 1331 ex
2026 1279 2293 1347 gentibus,
2323 1280 2413 1348 qui
2443 1279 2507 1332 ad
2558 1278 2718 1332 Deum
2754 1280 3123 1349 confugerunt,
3155 1282 3465 1349 plerumque

1938 1367 2440 1431 demonstravimus,
2474 1369 2549 1423 uti
2576 1384 2738 1437 supra
2760 1368 2957 1421 dictum
2976 1378 3077 1424 est.
3110 1370 3465 1435 Quemadmo-

1937 1455 2062 1508 dum
2097 1456 2259 1525 igitur
2291 1458 2727 1512 exterminatoris
2778 1459 2981 1527 plagas,
3019 1460 3170 1529 signo
3189 1463 3463 1531 sanguinis

1936 1545 2040 1608 usi,
2076 1544 2348 1615 fugiebant
2376 1548 2464 1616 qui
2504 1547 2555 1599 in
2588 1546 2816 1616 Egypto
2862 1558 3017 1600 erant
3059 1551 3100 1611 ',
3149 1551 3331 1604 eadem
3380 1566 3463 1604 ra-

1936 1634 2083 1686 tione
2104 1637 2167 1687 ad
2196 1637 2538 1689 avertendum
2560 1636 2909 1690 humanarum
2940 1639 3234 1692 animarum
3260 1640 3461 1694 hostem

1934 1733 1986 1775 et
2017 1723 2312 1788 inimicum,
2343 1725 2433 1794 qui
2468 1726 2601 1779 solet
2620 1741 2712 1779 eas
2740 1726 2855 1779 telis
2886 1728 3156 1795 impetere,
3191 1736 3244 1781 et
3272 1730 3321 1781 in
3356 1729 3464 1781 ido-

1936 1809 2160 1865 lolatriae
2192 1828 2427 1866 errorem
2451 1813 2734 1875 deducere,
2761 1814 2971 1881 signum
3004 1815 3088 1867 hic
3114 1825 3459 1869 memoratum

1937 1901 2294 1954 metuentibus
2321 1901 2598 1956 Dominum
2632 1902 2881 1955 collatum
2903 1912 3004 1956 est.

243 1992 752 2060 καταφεύγοντας,
784 1989 1039 2048 πολλάκις
1078 1986 1449 2054 ἀπεδείξαμεν,
1475 1982 1650 2045 καθὼς
1687 1984 2013 2053 προείρηται.
2043 1989 2244 2058 Ὥσπερ
2280 1987 2370 2042 οὖν
2408 1991 2512 2042 ἀπὸ
2555 1989 2837 2058 προσώπου
2884 1991 2975 2043 τοῦ
3012 1993 3323 2062 ὀλοθρευτοῦ
3383 1993 3460 2047 δι-

241 2084 475 2151 έφυγον
514 2098 650 2135 ποτε
689 2082 739 2131 oi
765 2081 823 2130 ὲν
850 2077 1104 2145 Αἰγύπτῳ
1132 2076 1227 2137 τὰς
1257 2074 1462 2142 πληγὰς
1487 2111 1501 2133 ,
1544 2072 1836 2141 χρήσαντες
1872 2072 1945 2141 τῷ
1971 2078 2175 2144 σημείῳ
2239 2077 2330 2129 τοῦ
2366 2079 2605 2147 αἵματος,
2638 2082 2725 2133 τὸν
2763 2081 2919 2132 αὐτὸν
2956 2082 3149 2150 τρόπον
3192 2085 3269 2144 είς
3331 2084 3463 2135 ἀπο-

238 2169 614 2241 τροπιασμδν
638 2169 735 2221 τοῦ
760 2167 1016 2236 πολεμίου
1042 2166 1131 2216 καὶ
1151 2162 1338 2232 ἐχθροῦ
1363 2162 1469 2213 τῶν
1521 2160 1865 2229 ἀνθρωπίνων
1900 2161 2100 2229 ψυχῶν,
2130 2164 2220 2215 τοῦ
2253 2165 2484 2228 τοξεύειν
2512 2168 2603 2220 καὶ
2632 2168 2980 2221 καταϐάλλειν
3018 2158 3184 2230 αὐτὰς
3218 2170 3310 2220 ἐπὶ
3361 2170 3460 2241 τὴν

240 2265 371 2333 τῆς
401 2261 848 2332 εἰδωλολατρείας
874 2259 1077 2328 πλάνην
1116 2256 1376 2319 εἰωθότος,
1437 2255 1636 2307 δέδοται
1662 2254 1721 2305 τὸ
1758 2254 2038 2323 λεγόμενον
2064 2259 2287 2311 ἐνταῦθα
2333 2265 2549 2331 σημεῖον
2588 2266 2696 2326 τοῖς
2740 2264 3086 2332 φοϐουμένοις
3112 2264 3201 2315 τὸν
3235 2264 3452 2335 Κύριον.

338 2377 360 2409 ι
412 2359 606 2419 Ὅπως
645 2358 714 2409 ἂν
752 2353 1018 2425 ρυσθῶσιν
1043 2352 1091 2404 οἱ
1120 2349 1383 2419 ἀγαπητοί
1418 2365 1529 2411 σου,
1574 2347 1740 2399 σῶσον
1769 2350 1831 2415 τῇ

238 2447 416 2517 δεξιᾷ
436 2464 562 2505 σου,
588 2446 688 2499 καὶ
714 2441 1016 2496 ὲπὰκουσόν
1039 2458 1158 2509 μου.
1190 2458 1207 2490 ι
1234 2439 1414 2491 Ταῦτα
1435 2438 1526 2490 καὶ
1547 2437 1611 2489 τά
1633 2436 1836 2497 τούτοις

241 2537 538 2592 ἀκόλουθα
575 2537 745 2605 μέχρι
771 2534 864 2586 τοῦ
904 2532 1085 2592 τέλους
1122 2530 1213 2582 καὶ
1248 2531 1276 2581 6
1321 2527 1394 2598 ρξ’
1430 2528 1666 2596 περιέχει
1697 2526 1831 2594 ψαλ-

245 2630 386 2697 μός.
427 2626 572 2678 Ἀλλ’
613 2627 672 2676 ὲν
704 2622 803 2691 μὲν
831 2623 943 2682 τοῖς
969 2617 1340 2688 προκειμένοις
1377 2616 1443 2668 τὰ
1482 2615 1833 2686 προλεχθέντα

238 2715 541 2784 ἁποὸολὴν
566 2713 763 2781 ὲδήλου
801 2710 894 2761 τοῦ
939 2708 1183 2778 Ἰσραήλ·
1230 2706 1323 2759 τοῦ
1354 2706 1429 2775 ρξ’
1458 2705 1524 2758 τὰ
1567 2705 1670 2775 πρὸ
1712 2705 1831 2757 τού-

238 2823 374 2867 του,
408 2825 428 2855 ι
448 2806 609 2863 ὅπως
625 2800 694 2853 ἂν
714 2797 979 2869 ρυσθῶσιν
990 2800 1035 2850 οἱ
1059 2796 1321 2866 ἀγαπητοί
1338 2813 1428 2848 σου
1454 2814 1472 2847 ι
1489 2794 1698 2847 καὶτῶν
1721 2796 1834 2846 ὲπι-

237 2897 589 2967 φερομένων
608 2934 624 2957 ,
665 2896 810 2962 σαφῆ
843 2892 1029 2961 κλῆσιν
1060 2891 1226 2944 ἐθνῶν
1268 2891 1525 2954 θεσπίζει.
1556 2890 1833 2961 Προειπὼν

2000 2349 2161 2406 Vr-zns.
2190 2353 2240 2408 7.
2273 2371 2291 2403 ι
2318 2352 2385 2406 Ut
2429 2355 2717 2409 liberentur
2744 2356 2922 2409 dilecti
2976 2357 3075 2418 tui,
3131 2358 3333 2411 salvum
3371 2359 3453 2411 fac

1928 2440 2144 2495 dextera
2167 2449 2279 2505 tua,
2315 2453 2366 2495 et
2414 2444 2603 2497 exaudi
2636 2459 2739 2499 me.
2784 2464 2803 2496 ι
2836 2443 2957 2498 Ηιιιο
2994 2452 3046 2498 et
3075 2448 3351 2511 sequentia
3387 2449 3451 2501 ad

1930 2527 2084 2581 linem
2120 2544 2287 2598 usque
2308 2544 2412 2584 cvn
2438 2531 2558 2585 item
2591 2533 2826 2601 psalmus
2854 2535 3240 2601 complectitur.
3278 2534 3379 2589 Sed
3403 2537 3453 2588 in

1928 2620 2173 2686 praesenti
2196 2636 2313 2689 quae
2341 2624 2611 2690 praemissa
2636 2631 2780 2686 sunt,
2814 2624 3162 2691 abjectionem
3209 2624 3452 2690 lsra'elis;

1928 2723 2044 2776 quae
2066 2708 2249 2761 isthaac
2278 2710 2437 2762 verba
2467 2710 2657 2779 psalmi
2687 2726 2815 2774 cvn,
2852 2730 2871 2762 ‹
2907 2721 2961 2765 ut
3010 2712 3303 2765 liberentur
3328 2714 3456 2766 dile-

1925 2798 1994 2850 cti
2031 2799 2127 2861 tui,
2166 2816 2184 2849 ι
2218 2805 2271 2851 et
2302 2801 2577 2867 sequentia
2618 2801 2939 2868 praecedunt,
2965 2802 3294 2853 vocationem
3334 2818 3454 2871 geu-

1926 2887 2056 2940 tium
2109 2889 2391 2943 manifeste
2422 2888 2802 2944 valicinantur.
2858 2890 2988 2942 Nam
3021 2907 3140 2944 cum
3170 2893 3223 2945 in
3250 2894 3453 2961 psalmo

235 2992 363 3058 γὰρ
391 2989 423 3040 6
462 2987 632 3053 λόγος
654 2986 714 3036 ὲν
748 2982 825 3051 τῷ
865 2981 961 3052 ρξ’,
999 3000 1017 3031 ι
1076 2981 1289 3051 Ἐτοίμη
1334 2982 1366 3050 ἡ
1403 2979 1593 3049 καρδία
1644 2996 1774 3048 μου,
1802 2981 1830 3032 6

1930 2989 2032 3027 cm
2060 2973 2304 3037 dixisset,
2339 2994 2357 3024 ι
2400 2974 2647 3029 Paratum
2671 2991 2764 3029 cor
2796 2993 2992 3039 meum,
3017 2977 3175 3045 Deus,
3207 2989 3448 3047 paratum

234 3079 414 3139 Θεὸς,
454 3075 664 3143 ἑτοίμη
695 3076 728 3143 ἡ
768 3072 961 3143 καρδία
995 3088 1091 3140 μου
1118 3088 1130 3102 ·
1165 3071 1360 3140 ᾄσομαι
1393 3071 1484 3122 καὶ
1518 3069 1685 3137 ψαλῶ.
1724 3069 1832 3133 Ἐξ-

234 3166 543 3235 εγὲρθητι,
582 3165 618 3233 ἡ
650 3163 780 3226 δόξα
811 3177 928 3230 μου,
960 3160 1284 3229 ὲξεγέρθητι.
1312 3159 1595 3228 ψαλτήριον
1622 3158 1711 3210 καλ⁸
1751 3174 1830 3209 κι-

235 3258 423 3327 θάρα,
459 3252 907 3323 ἐξεγερθήσομαι
937 3250 1149 3319 ὄρθρου,
1185 3269 1203 3299 ι
1235 3248 1511 3319 ἐπιφέρει·
1554 3266 1573 3299 ι
1618 3247 1829 3316 Ἐξομο-

233 3344 575 3417 λογήσομαί
603 3359 689 3394 σοι
723 3344 779 3392 ὲν
811 3340 975 3402 λαοῖς,
1012 3339 1197 3408 Κύριε,
1227 3338 1377 3407 ψαλῶ
1399 3354 1474 3390 σοι
1504 3339 1559 3390 ὲν
1587 3336 1787 3390 ἔθνεσιν
1810 3354 1825 3367 ν

232 3440 328 3491 ὅτι
391 3435 549 3505 μέγα
611 3431 800 3483 ἐπάνω
838 3429 944 3481 τῶν
972 3429 1210 3497 οὐρανῶν
1252 3428 1312 3479 τὸ
1357 3427 1500 3489 ἔλεός
1526 3443 1637 3490 σου,
1671 3429 1761 3479 καὶ
1791 3430 1823 3496 ἡ

228 3525 490 3597 ἀλήθειά
548 3538 649 3575 σου
682 3520 788 3582 ’ἕως
825 3518 930 3570 τῶν
956 3517 1205 3585 νεφελῶν.
1265 3514 1531 3583 ’Υψώθητι
1582 3515 1674 3566 ἐπὶ
1706 3516 1829 3577 τοὺς

228 3618 551 3688 οὐρανοὺς,
606 3614 638 3665 6
678 3609 839 3671 Θεὸς,
876 3609 968 3661 καὶ
996 3608 1084 3660 ἐπὶ
1113 3609 1289 3660 πᾶσαν
1330 3607 1425 3676 τὴν
1468 3610 1568 3677 γῆν
1618 3610 1649 3676 ἡ
1706 3606 1828 3671 δόξα

229 3724 367 3760 σου.
410 3726 431 3758 ι
466 3700 592 3757 Εἶτ’
637 3699 877 3765 ἐπιλέγει
918 3697 986 3750 τά
1017 3700 1073 3749 ὲν
1102 3697 1178 3767 τῷ
1223 3697 1357 3767 μετὰ
1388 3699 1570 3765 χεῖρας
1614 3697 1829 3765 προκει-

230 3812 395 3867 μενα
430 3794 619 3861 λόγῳ·
666 3808 684 3839 ι
723 3790 909 3849 Ὅπως
934 3787 999 3840 ἂν
1022 3787 1284 3857 ῥυσθῶσιν
1320 3787 1367 3837 oi
1408 3786 1672 3854 ἀγαπητοί
1712 3802 1823 3847 σου,

228 3887 430 3939 σῶσον
468 3886 545 3953 τῇ
580 3878 740 3948 δεξιᾷ
763 3895 877 3938 σου,
908 3878 1001 3929 καὶ
1046 3877 1343 3929 ὲπάκουσόν
1386 3893 1484 3945 μου
1509 3916 1523 3939 ,
1567 3894 1584 3925 ι
1622 3875 1713 3928 καὶ
1760 3874 1827 3927 τὰ

222 3975 414 4029 λοιπὰ
449 3969 778 4041 συμφώνως
805 3970 913 4029 τοῖς
934 3966 1320 4037 προκειμένοις.
1363 3966 1569 4035 Σφόδρα
1589 3966 1643 4017 δὲ
1671 3964 1827 4016 ὲθαύ-

226 4081 404 4134 μασα
423 4062 528 4116 τοῦ
564 4057 728 4125 ἁγίου
762 4055 1074 4124 Πνεύματος
1100 4055 1196 4123 τὴν
1226 4055 1527 4122 οἰκονομίαν
1546 4072 1559 4085 ο
1590 4054 1692 4105 ἀπὸ
1720 4054 1825 4123 γὰρ

218 4155 330 4207 δύο
372 4145 808 4222 στηλογραφιῶν
838 4144 931 4197 ἕνα
954 4143 1162 4212 ψαλμὸν
1190 4144 1470 4210 πεποίηκε,
1502 4143 1589 4194 τὸν
1619 4143 1712 4212 ρξ’.
1748 4144 1825 4195 Τὰ

221 4246 340 4314 μὲν
374 4243 495 4312 γὰρ
528 4238 751 4309 πρῶτα,
787 4236 844 4287 ἐν
876 4230 956 4296 οἷς
988 4233 1230 4298 ὲλέγετο’
1269 4252 1287 4282 ι
1336 4232 1605 4301 Ἑτοίμηή
1632 4234 1823 4302 καρδία

220 4351 370 4402 μου,
388 4334 416 4384 6
428 4328 605 4392 Θεὸς,
629 4326 726 4377 καὶ
739 4325 805 4376 τὰ
824 4323 968 4392 ἑξῆς,
988 4321 1093 4374 ἀπὸ
1107 4322 1203 4388 τῆς
1221 4320 1313 4373 τοῦ
1332 4327 1414 4384 νς¹
1431 4322 1821 4390 στηλογραφίας

212 4423 326 4474 τοῦ
347 4420 531 4474 Δαυῒδ
558 4414 777 4484 ἐξελὼν,
796 4408 901 4484 ἓ.νῇ
923 4412 1016 4464 καὶ
1044 4412 1176 4479 αὐτῇ
1200 4410 1429 4462 λέλεκτο·
1450 4412 1676 4481 ἑτοίμηὴ
1697 4429 1822 4480 καρ-

213 4510 313 4561 δία
340 4526 473 4577 μου,
494 4507 528 4557 6
546 4482 705 4563 Θεὸς.
724 4482 910 4568 ἑτοίμη
924 4501 957 4567 ἡ
973 4497 1162 4567 καρδία
1178 4510 1295 4566 μου*
1312 4498 1504 4566 ᾄσομαι
1516 4499 1606 4549 καὶ
1619 4498 1786 4567 ψαλῶ,
1803 4519 1819 4549 ι

216 4598 327 4647 καὶ
365 4595 436 4647 τά
467 4587 852 4655 ἐπιλεγόμενα
880 4586 923 4637 δ’
946 4585 1075 4652 ἑξῆς
1105 4582 1400 4652 συμφώνως
1429 4588 1537 4647 τοῖς
1563 4588 1619 4638 ὲν
1641 4585 1717 4654 τῷ
1745 4586 1821 4655 ρξ’

220 4679 408 4747 μέχρι
431 4674 542 4728 τοῦ
562 4691 577 4703 ο
610 4691 630 4723 ι
676 4670 950 4739 ’Υψώθητι
988 4670 1079 4721 ἐπὶ
1126 4672 1247 4732 τοὺς
1274 4670 1528 4738 οὐρανοὺς
1551 4712 1565 4735 ,
1608 4674 1636 4723 ό
1668 4673 1816 4736 Θεὸς,

217 4768 324 4818 καὶ
365 4766 470 4817 ἐπὶ
507 4762 697 4813 πᾶσαν
716 4760 816 4827 τὴν
839 4757 947 4824 γῆν
970 4759 1003 4826 ἡ
1028 4757 1150 4820 δόξα
1184 4774 1306 4809 σου·
1345 4778 1364 4808 ι
1407 4760 1472 4811 τὰ
1509 4760 1563 4812 δὲ
1602 4761 1820 4831 δεύτερα

216 4854 295 4905 τὰ
335 4854 459 4906 ἀπὸ
488 4849 610 4909 τοῦ,
648 4867 667 4898 ι
713 4850 906 4906 Ὅπως
938 4844 1004 4895 ἂν
1041 4845 1298 4914 ῥυσθῶσιν
1326 4848 1371 4897 οἱ
1402 4849 1668 4918 ἀγαπητοί
1704 4866 1814 4913 σου,

219 4941 422 4993 σῶσον
450 4941 519 5007 τῇ
538 4935 691 5003 δεξιᾷ
727 4950 823 4985 σου
844 4934 944 4984 καὶ
970 4933 1264 4984 ὲπάκουσόν
1296 4951 1416 5001 μου,
1432 4955 1449 4986 ι
1483 4939 1577 4989 σὺν
1601 4941 1711 5001 τοῖς
1736 4940 1823 5009 μέ-

219 5050 321 5102 χρι
357 5032 559 5090 τέλους
582 5023 1057 5089 ὲπενηνεγμένοις
1098 5022 1202 5074 ἀπὸ
1216 5023 1307 5090 τῆς
1332 5024 1467 5090 μετὰ
1487 5029 1670 5094 χεῖρας
1697 5046 1820 5098 στη-

216 5116 559 5187 λογραφίας,
602 5112 970 5168 διδάσκοντος
1004 5110 1144 5177 ἡμᾶς
1175 5107 1308 5159 θείου
1342 5110 1651 5179 Πνεύματος
1696 5116 1820 5184 μίαν

212 5207 316 5257 καὶ
371 5207 469 5276 τὴν
500 5202 682 5269 αὐτὴν
712 5199 972 5250 διάνοιαν
1015 5197 1329 5267 ὲμφέρεσθαι
1372 5201 1433 5250 ὲν
1475 5203 1815 5272 ἀμφοτέροις.

226 5293 318 5343 Ἐν
345 5296 448 5359 μὲν
488 5291 603 5360 γὰρ
633 5285 719 5353 τῷ
750 5289 846 5346 νς’
895 5283 1372 5353 ἐξομολογήσασθαι
1411 5286 1491 5354 τῷ
1532 5289 1716 5358 Κυρίῳ
1762 5294 1818 5343 ὲν

198 5379 361 5438 λαοῖς
388 5381 488 5434 καὶ
515 5373 763 5444 ψάλλειν
795 5369 962 5437 αὐτῷ
990 5372 1048 5422 ὲν
1081 5372 1274 5423 ἔθνεσιν
1309 5372 1687 5441 εὐηγγελίζετο
1707 5393 1719 5405 ·
1759 5382 1816 5430 ἐν

188 5461 245 5509 δέ
279 5460 371 5524 τῷ
408 5463 563 5535 μετά
597 5457 814 5527 χεῖρας
849 5454 1125 5525 ἀποϐολὴν
1156 5456 1399 5527 σημαίνει
1438 5460 1530 5511 τοῦ
1582 5464 1814 5536 Ἰσραὴλ,

1928 3078 2020 3116 cor
2047 3079 2243 3126 meum,
2262 3066 2489 3118 cantabo
2514 3073 2565 3118 et
2588 3066 2830 3135 psallam.
2856 3065 3112 3135 Exsurge,
3131 3069 3294 3137 gloria
3313 3084 3450 3132 mea,

1926 3168 2173 3224 exsurge.
2234 3155 2540 3223 psalterium
2574 3165 2624 3207 et
2673 3155 2900 3215 cithara,
2934 3172 3217 3226 exsurgam
3252 3157 3451 3212 dilucu-

1927 3244 1977 3295 lo
2006 3243 2068 3306 ¹⁰,
2100 3263 2118 3293 ι
2146 3243 2329 3310 adjicit
2364 3260 2376 3293 :
2417 3262 2434 3294 ι
2470 3242 2775 3297 Conﬁtebor
2798 3245 2891 3297 tibi
2914 3246 2966 3297 in
3019 3247 3248 3315 populis,
3274 3246 3455 3301 Domi-

1926 3347 2011 3392 ne,
2039 3333 2258 3400 psallam
2287 3333 2379 3385 tibi
2431 3332 2484 3384 in
2513 3332 2758 3401 gentibus
2788 3348 2800 3383 :
2832 3335 3081 3401 quoniam
3140 3351 3328 3404 magna
3370 3347 3452 3390 est

1926 3436 2084 3489 super
2111 3421 2278 3474 cmlos
2310 3420 2672 3474 misericordia
2702 3431 2813 3485 tua,
2843 3429 2896 3476 et
2943 3423 3140 3478 veritas
3171 3435 3258 3477 tua
3283 3442 3451 3495 usque

1925 3509 1991 3563 ad
2026 3509 2211 3564 nubes.
2244 3508 2487 3561 Exaltare
2520 3523 2681 3577 super
2725 3511 2912 3572 cmlos,
2977 3509 3138 3577 Deus,
3187 3523 3239 3567 et
3291 3528 3451 3583 super

1924 3611 2134 3650 omnem
2158 3608 2351 3651 terram
2404 3597 2569 3666 gloria
2602 3603 2692 3647 tua
2722 3598 2787 3649 ¹¹.
2835 3616 2853 3649 ι
2907 3598 3105 3654 Deinde
3166 3600 3347 3669 adjicit
3386 3618 3447 3656 ea

1925 3702 2042 3754 qua:
2064 3688 2118 3740 in
2148 3688 2393 3756 pmsenti
2433 3686 2717 3739 feruntur:
2756 3704 2774 3735 ι
2824 3685 2894 3740 Ut
2943 3688 3236 3742 liberentur
3276 3690 3451 3744 dilecti

1924 3779 2021 3837 tui.
2053 3778 2254 3833 salvum
2288 3778 2371 3830 fac
2401 3777 2617 3832 dextera
2640 3787 2752 3842 tua,
2781 3785 2833 3831 et
2883 3779 3074 3833 exaudi
3122 3796 3205 3834 me
3232 3782 3294 3843 ",
3329 3800 3345 3831 ι
3399 3791 3451 3835 ει

1924 3877 2113 3920 caetera
2145 3865 2497 3935 praesentibus
2526 3867 2740 3921 similia.
2786 3867 3089 3921 Admodum
3124 3885 3247 3922 vero
3272 3870 3452 3924 mirari

1924 3956 2067 4011 Subit
2109 3953 2340 4022 Spiritus
2392 3955 2567 4009 sancti
2610 3955 3060 4024 dispensationem
3102 3973 3207 4011 :ex
3243 3959 3452 4014 duabus

1926 4059 2152 4112 namque
2193 4045 2330 4098 tituli
2355 4044 2794 4112 inscriptionibus
2828 4061 2991 4098 unum
3038 4048 3298 4114 psalmum
3330 4064 3453 4103 con-

1922 4134 2176 4198 cinnavit,
2212 4135 2417 4189 scilicet
2444 4150 2567 4188 cvn.
2595 4134 2777 4189 Priora
2794 4138 2955 4197 enim,
2977 4151 3093 4204 quae
3114 4137 3191 4190 sic
3222 4137 3446 4191 habent:

1931 4242 1948 4274 ι
1982 4224 2229 4287 Paratum
2259 4240 2354 4279 cor
2382 4242 2578 4287 meum,
2610 4226 2769 4290 Deus,
2803 4246 2820 4277 ι
2855 4236 2907 4280 et
2952 4236 3161 4291 caetera,
3211 4243 3275 4282 ex
3309 4231 3448 4282 tituli

1928 4313 2272 4382 inscriptione
2300 4314 2511 4369 Davidis
2537 4331 2623 4368 1.ιί
2668 4317 2984 4385 exsumpsit,
3011 4316 3063 4368 in
3091 4331 3194 4385 qua
3218 4317 3340 4370 item
3369 4319 3450 4372 di-

1927 4408 2068 4454 ctum
2104 4401 2315 4456 fuerat:
2351 4421 2368 4453 (
2406 4402 2650 4456 Paratum
2684 4420 2776 4457 cor
2797 4420 2992 4468 meum,
3021 4404 3176 4469 Deus,
3206 4416 3449 4474 paratum

1927 4503 2021 4542 cor
2044 4503 2242 4554 meum,
2266 4489 2493 4543 cantabo
2520 4497 2572 4542 et
2604 4491 2864 4557 psalmum
2897 4490 3068 4543 dicam
3106 4491 3167 4557 “,
3209 4511 3226 4542 ι
3260 4499 3310 4544 et
3334 4507 3451 4558 qua:

1925 4585 2239 4646 sequuntur,
2272 4579 2337 4632 iis
2366 4593 2483 4646 qua:
2520 4578 2574 4631 in
2604 4592 2709 4631 cvn
2761 4578 3007 4632 feruntur
3032 4580 3249 4642 similia,
3281 4596 3451 4648 usque

1925 4667 1990 4720 ad
2023 4668 2173 4728 illud,
2198 4685 2216 4717 ι
2242 4667 2485 4720 Exaltare
2513 4682 2672 4734 super
2693 4669 2879 4731 oculos,
2904 4668 3065 4733 Deus,
3083 4680 3135 4724 et
3164 4686 3324 4738 super
3343 4686 3452 4721 0m-

1925 4771 2049 4811 nem
2084 4764 2279 4808 terram
2315 4756 2478 4823 gloria
2500 4762 2590 4807 tua
2621 4756 2665 4786 “
2694 4772 2709 4808 :
2750 4775 2768 4805 ι
2826 4758 3124 4823 posteriora
3178 4766 3352 4811 autem
3386 4757 3453 4809 ab

1924 4846 2035 4909 illo,
2070 4862 2089 4893 ι
2131 4843 2199 4897 Ut
2228 4844 2523 4897 liberentur
2546 4842 2725 4896 dilecti
2749 4843 2845 4904 tui,
2880 4846 3085 4897 salvum
3118 4845 3202 4898 fac
3233 4846 3450 4899 dextera

1921 4942 2032 4997 tua,
2064 4940 2117 4986 et
2143 4932 2333 4985 exaudi
2356 4946 2459 4994 me,
2510 4950 2528 4982 ι
2555 4945 2676 4984 cum
2706 4930 2773 4982 iis
2827 4945 2948 4999 quae
3000 4932 3063 4984 ad
3090 4933 3246 4985 finem
3284 4949 3453 4999 usque

1919 5025 2202 5087 habentur,
2232 5040 2293 5078 ex
2324 5024 2567 5091 praesenti
2608 5020 2746 5073 tituli
2795 5020 3150 5090 inscriptione
3178 5031 3452 5077 mutuatus

1918 5113 2277 5177 est;docente
2300 5128 2397 5166 nos
2437 5111 2637 5180 Spiritu
2664 5109 2847 5161 divino
2899 5126 3060 5163 unam
3108 5112 3455 5179 eamdemque

1922 5204 1973 5255 in
2001 5210 2225 5270 utroque
2251 5200 2565 5255 sententiam
2591 5196 2743 5258 ferri;
2772 5211 2894 5248 nam
2918 5198 2973 5249 in
3009 5214 3094 5251 ινι
3125 5213 3181 5253 se
3212 5200 3453 5252 conﬁteri

1921 5291 2146 5343 Domino
2174 5290 2226 5342 in
2258 5289 2467 5357 populis
2491 5295 2544 5341 et
2587 5284 2813 5354 psallere
2843 5284 2945 5352 ipsi
2998 5287 3050 5337 in
3086 5288 3333 5355 gentibus
3365 5303 3461 5339 an»

1924 5378 2201 5432 nuntiabat
2224 5395 2238 5442 ;
2263 5380 2314 5430 in
2345 5376 2591 5445 praesenti
2620 5379 2800 5424 autem
2842 5371 3153 5428 Iudaeorum
3205 5377 3463 5444 abjectio-

1924 5485 2042 5523 nem
2076 5468 2358 5537 signiﬁcat,
2391 5476 2446 5519 ut
2481 5467 2535 5519 in
2570 5462 2864 5531 praemissis
2908 5464 3157 5517 docetur.
3215 5459 3289 5519 Ac
3344 5472 3465 5533 post

233 5653 256 5684 ‘
292 5650 520 5716 Electa.
555 5667 641 5712 ix,
676 5648 737 5707 5,
780 5644 839 5697 σ·
900 5648 1277 5716 “Exod-xuii
1320 5654 1516 5713 "Psal.
1542 5676 1675 5727 cvu,
1710 5663 1835 5729 2,5.

1936 5667 2059 5720 ibid.
2096 5665 2208 5719 4-6.
2245 5669 2283 5697 ¹²
2321 5667 2448 5720 ibid.
2487 5665 2538 5719 7.
2579 5663 2627 5694 ¹³
2671 5657 2812 5715 Psal.
2846 5676 2967 5724 LVI,
3003 5662 3060 5715 8.
3143 5663 3184 5692 ⁸⁵
3216 5662 3343 5715 ibid.
3379 5660 3465 5713 10.
