3818 6368
427 378 531 434 565

420 491 591 559 prima
621 490 731 551 illa,
761 488 913 558 quels
942 483 1274 538 indicabatur
1296 476 1522 545 abjectio
1555 472 1746 542 prioris
1778 486 1943 539 popu-

426 582 483 643 li,
508 581 822 650 signumque
850 573 1204 629 metuentibus
1238 570 1411 637 ipsum
1445 563 1826 619 conferendum
1855 578 1943 617 es-

425 687 513 734 se;
540 668 853 724 intermedio
875 661 1241 730 diapsalmate.
1292 656 1587 711 orationem
1629 653 1736 706 Deo
1778 651 1946 719 Spiri-

391 765 513 827 Jus
536 766 750 813 sanctus
772 752 964 806 emittit
993 744 1178 802 dicens
1212 765 1224 800 :
1273 765 1290 795 ‹
1325 744 1390 799 Ut
1418 744 1714 797 liberentur
1767 740 1946 793 dilecti

428 846 526 908 tui,
549 844 748 897 salvum
782 840 863 891 fac
914 838 1130 890 dextera
1158 842 1272 896 tua,
1328 840 1381 886 et
1431 830 1623 885 exaudi
1657 844 1760 881 me.
1798 847 1816 878 ι
1870 825 1947 877 Ita

425 947 552 985 vero
572 930 829 998 supplicat
858 941 1075 995 rogans,
1106 932 1182 987 ut,
1217 937 1313 977 sua
1353 936 1482 975 usus
1535 919 1774 979 dextera,
1808 916 1944 969 Deus

424 1019 612 1087 eripiat
628 1017 909 1083 salvosque
961 1013 1123 1066 faciat
1156 1010 1379 1064 dilectos
1409 1022 1566 1071 suos;
1600 1019 1771 1072 neque
1819 1003 1948 1056 sim-

423 1106 628 1176 pliciter
650 1105 721 1156 ita
749 1103 1033 1171 supplicat,
1074 1119 1091 1150 ι
1127 1099 1339 1152 Salvum
1371 1096 1473 1157 fac,
1517 1114 1533 1145 ι
1586 1093 1678 1148 sed
1731 1091 1941 1160 adjicit,

431 1214 449 1245 ι
485 1196 698 1248 dextera
721 1201 831 1257 tua,
877 1211 895 1243 ι
936 1192 1107 1259 primo
1140 1198 1197 1241 ut
1251 1188 1463 1255 eripiat,
1502 1184 1738 1238 secundo
1766 1189 1822 1234 ut
1843 1180 1944 1235 sal-

422 1299 548 1338 vum
578 1284 753 1337 faciat.
776 1282 1009 1335 Dilectos
1032 1290 1206 1332 autem
1238 1277 1327 1330 Dei
1358 1276 1532 1329 nullos
1580 1278 1820 1331 noverat,
1848 1270 1951 1322 nisi

426 1374 669 1428 homines
694 1371 784 1441 qui
811 1370 877 1424 ad
895 1369 1179 1437 imaginem
1203 1367 1319 1433 ejus
1354 1364 1479 1417 facti
1532 1371 1676 1414 sunt.
1702 1359 1953 1424 Quamvis

422 1466 565 1519 enim
598 1465 651 1517 in
678 1469 895 1532 peccata
913 1459 1070 1527 lapsi,
1100 1465 1334 1510 attamen
1368 1455 1439 1508 ob
1468 1454 1818 1507 substantiam
1842 1448 1955 1500 ani-

427 1570 526 1608 ma:
551 1551 884 1621 spiritualem
916 1556 969 1603 et
993 1544 1385 1605 rationabilem,
1424 1541 1604 1594 dilecti
1637 1537 1728 1591 Dei
1757 1550 1956 1589 vocan-

425 1652 532 1697 tur.
566 1640 731 1695 Deum
757 1640 953 1708 itaque,
984 1634 1254 1689 mentione
1290 1630 1605 1684 dilectorum
1626 1639 1843 1680 suorum
1876 1623 1951 1675 fa-

426 1741 533 1792 cta,
557 1731 767 1797 placare
802 1733 1049 1786 conatur,
1096 1728 1355 1790 rogatque
1405 1726 1464 1772 ut
1518 1733 1546 1770 a
1587 1713 1955 1784 spiritualibus

1109 368 1195 423 ΕΒ
1208 365 1371 420 SEBII
1410 356 1873 417 CESARIENSIS
1909 354 1968 410 01

2097 350 2269 406 PARS
2307 347 2390 402 111.
2430 377 2495 388 -
2527 335 2947 396 EXEGETICA.

1971 486 2012 537 Α
2044 468 2227 535 ὥσπερ
2251 459 2341 518 οὖν
2370 461 2610 515 ἐδίδασκε
2638 456 2706 509 τὰ
2739 426 3185 537 προλεχθὼτα;
3200 431 3327 490 Καὶ
3456 430 3595 537 μετά
3616 431 3680 529 τὰ

3579 315 3677 369 56$

2046 557 2249 627 πρῶτα,
2269 554 2332 604 δι’
2356 568 2430 603 ων
2452 545 2705 615 ἐδηλοῦτο
2726 546 2760 612 ἡ
2784 533 3047 602 ἀποϐολὴ
3078 527 3188 582 τοῦ
3217 522 3512 593 προτέρου
3534 518 3680 580 λαοῦ,

2957 623 2969 627 ³
3202 615 3216 627 ⁸
3270 613 3287 627 ‘
3386 610 3413 627 δ
3428 626 3435 627 κ
3449 608 3510 627 ΑΛ
3534 607 3600 627 ,ιν
3616 626 3621 627 ,
3636 624 3652 627 _

2126 660 2184 694 τε
2231 607 2447 710 σημεῖον
2478 607 2678 695 ⁸τὸτοΐς
2721 607 3110 699 ιροὸουμένοις
3148 613 3366 710 αὑτὸν-
3383 607 3684 710 δοθησόμεῖ

2043 694 2129 781 νον
2157 770 2171 793 ,
2231 694 2353 794 ὲξξς
2401 725 2561 794 μέσου
2605 694 2991 787 διαψάλματος
3059 698 3536 794 παρεντ-εθέντος
3561 732 3577 756 ,
3630 694 3687 745 τὸ

2046 786 2344 885 Πνεῦμα-τὸ
2376 786 2526 879 ἀγιον
2556 808 2721 878 εὐχὴν
2745 802 3090 871 ἀναπέμπει
3134 792 3225 863 τῷ
3275 787 3409 858 Θεῷ
3445 786 3653 885 φάσκον

2051 925 2068 956 ‹
2101 909 2284 967 Ὅπως
2309 904 2373 957 ἂν
2398 901 2668 971 ρυσθῶσιν
2700 899 2750 948 οἱ
2777 887 3079 962 ἀγαπητοί
3114 899 3250 946 σου,
3293 880 3483 931 σῶσον
3522 878 3588 943 τῇ
3615 874 3689 925 δε-

2050 996 2135 1065 ξιᾷ
2168 1011 2288 1055 σου,
2335 993 2425 1043 καὶ
2477 986 2782 1041 ὲπάκουσόν
2824 998 2951 1051 μου.
3006 997 3029 1030 ι
3114 969 3406 1026 ’ἱκετεύει
3436 966 3498 1019 δὲ
3526 963 3687 1017 ταῦτα

2047 1054 2310 1152 δεόμενον,
2345 1082 2511 1141 ὅπως,
2544 1079 2611 1145 τῇ
2638 1072 2804 1127 αὑτοῦ
2839 1067 3235 1140 χρησάμενος
3286 1059 3452 1152 δεξιᾷ
3484 1057 3514 1107 6
3541 1054 3687 1152 Θεὸς,

2053 1144 2275 1241 ῥύσηται
2298 1144 2410 1220 νκαὶ
2448 1144 2607 1234 σώσῃ
2626 1163 2753 1222 τοὺς
2785 1154 3139 1226 ἀγαπητοὺς
3195 1146 3387 1201 αὐτοῦ
3412 1162 3425 1175 ⁸
3470 1144 3566 1196 καὶ
3602 1145 3691 1212 οὐχ

2053 1233 2232 1318 ἀτελῶς
2266 1253 2527 1314 ἱκετεύει,
2571 1233 2588 1300 ί
2614 1249 2820 1309 Σῶσον,
2850 1265 2868 1295 ι
2905 1242 3062 1297 ἀλλὰ
3087 1261 3109 1291 ‹
3138 1242 3216 1309 τῇ
3259 1236 3429 1305 δεξιᾷ
3455 1233 3647 1286 ἑαυτοῦ
3672 1252 3686 1280 ι

2052 1347 2262 1418 πρῶτον
2293 1345 2387 1414 μὲν
2420 1338 2709 1412 ῥύσασθαι,
2746 1334 2945 1386 ἔπειτα
2974 1330 3202 1383 σῶσαι.
3254 1321 3620 1391 Ἀγαπητοὺς
3642 1320 3693 1372 δὲ

2051 1412 2143 1491 τοῦ
2169 1412 2303 1489 Θεοῦ
2340 1435 2447 1486 οὐδ’
2484 1431 2676 1491 ἄλλους
2719 1426 3000 1496 ἠπίστατο
3042 1422 3085 1490 ἢ
3133 1420 3281 1479 τοὺς
3340 1417 3473 1469 κατ’
3521 1412 3693 1466 εἰκόνα

2052 1527 2150 1596 τὴν
2173 1523 2334 1578 αὐτοῦ
2360 1518 2761 1589 πεποιημένους
2798 1511 3184 1583 ἀνθρώπους.
3228 1508 3301 1559 Εἰ
3353 1505 3471 1573 γὰρ
3513 1502 3605 1555 καὶ
3633 1500 3694 1553 τὰ

2059 1591 2284 1683 μάλιστα
2305 1606 2733 1661 ὑποπεπτώκασι
2763 1606 2831 1673 τῇ
2868 1598 3149 1670 ἁμαρτίᾳ
3172 1636 3188 1657 ,
3230 1594 3360 1648 ἀλλ’
3416 1594 3571 1661 ὅμως
3617 1591 3695 1641 διὰ

2055 1682 2149 1771 τὴν
2166 1702 2237 1771 (1)
2253 1698 2428 1769 ψυχῆς
2440 1696 2626 1748 οὐσίαν
2650 1693 2847 1764 νοεράν
2863 1688 3049 1744 οὖσαν
3068 1688 3181 1742 καὶ
3203 1684 3478 1752 λογικὴν,
3492 1682 3695 1748 ἀγαπη-

427 1768 767 1797 ....,,,...w...
803 1768 1049 1786 νυ........,,
1100 1768 1354 1790 “amr-
1412 1768 1460 1772 __
1522 1768 1545 1770 -_
1590 1768 1637 1784 κ,

427 1820 660 1873 inimicis
687 1826 739 1871 et
764 1814 1011 1869 hostibus
1036 1812 1352 1879 eripiantur,
1387 1816 1543 1875 atque
1567 1810 1795 1872 ereptos,
1819 1803 1951 1854 dex-

2096 1768 2133 1843 al
2158 1768 2394 1859 εἴρηνται
2432 1786 2525 1837 τοῦ
2559 1782 2718 1835 Θεοῦ.
2765 1781 3039 1833 Δυσωπεῖ
3092 1775 3301 1828 τοίνυν
3340 1774 3373 1824 ὁ
3404 1771 3567 1837 λόγος
3615 1768 3694 1819 τὸν

428 1920 541 1964 tera
567 1924 661 1963 sua
687 1908 857 1962 salute
879 1906 1056 1959 donet.
1100 1902 1378 1955 Dexteram
1439 1905 1612 1950 autem
1642 1894 1734 1947 Dei
1789 1905 1951 1959 quam

2098 1880 2181 1931 εὸν
2209 1877 2294 1930 διὰ
2325 1878 2421 1943 τῆς
2453 1875 2669 1944 μνήμης
2689 1872 2798 1924 τῶν
2822 1865 3169 1938 ἀγαπητῶν
3205 1862 3417 1924 αὐτοῦ,
3450 1874 3696 1930 παρακασ

431 1997 632 2052 dixeris
653 2010 794 2057 esse,
824 1992 928 2046 nisi
954 1990 1222 2043 Christum
1249 1986 1452 2054 tropice
1483 1984 1561 2037 sic
1583 1979 1863 2035 vocatum?
1886 1976 1955 2030 Ut

2096 1973 2135 2021 εἴ
2165 1985 2223 2019 τε
2248 1966 2508 2037 ῥύσασθαι
2554 1964 2751 2024 αὐτοὺς
2800 1959 2915 2013 ἀπὸ
2945 1956 3191 2026 νοητῶν
3227 1971 3297 2007 τε
3352 1949 3574 2021 ἐχθρῶν
3614 1948 3696 1999 καὶ

428 2085 570 2138 enim
601 2082 732 2135 alias
752 2082 921 2133 virtus
939 2084 992 2130 et
1034 2074 1319 2143 sapientia,
1345 2070 1554 2139 justitia
1580 2074 1633 2121 et
1658 2063 1955 2119 sanctiﬁca-

2096 2056 2327 2126 ιολεμίων
2350 2071 2364 2086 ο
2403 2051 2705 2123 ῥυσάμενόν
2738 2067 2799 2101 τε
2832 2048 3022 2100 σῶσαι
3059 2046 3292 2106 αὐτοὺς
3322 2043 3421 2095 διὰ
3448 2040 3550 2109 τῆς
3584 2040 3695 2088 ἐαυ-

430 2175 507 2226 tio
528 2180 581 2225 et
607 2168 900 2237 redemptio
923 2166 1101 2219 dictus
1128 2173 1237 2227 est;
1263 2163 1341 2216 sic
1358 2160 1467 2228 jam
1497 2159 1713 2211 dextera
1734 2160 1956 2207 vocatus

2096 2149 2150 2202 οῦ
2193 2148 2387 2213 δεξιᾶς.
2423 2143 2612 2207 Δεξιὰν
2658 2142 2714 2193 δὲ
2743 2140 2841 2191 τοῦ
2877 2138 3032 2191 Θεοῦ
3068 2136 3212 2189 τίνα
3247 2134 3319 2187 ἄν
3356 2150 3447 2194 τις
3494 2132 3631 2183 εἴποι
3662 2128 3692 2198 ἢ

434 2262 612 2322 fuerit,
644 2259 768 2327 quia
789 2258 1009 2312 dextera
1034 2264 1086 2309 et
1105 2252 1359 2309 salutaria
1382 2247 1629 2303 omnibus
1654 2243 1959 2297 hominibus

2096 2241 2147 2292 ὸν
2196 2235 2424 2308 Χριστὸν
2466 2233 2629 2288 αὐτοῦ
2668 2231 2963 2302 τροπικῶς
3012 2228 3219 2289 οὕτως
3266 2222 3695 2293 ὠνομασμένον,

432 2356 815 2418 procuraturus
836 2350 969 2398 erat.

2096 2330 2155 2391 Ως
2182 2329 2287 2396 γὰρ
2319 2323 2550 2394 ἀλλαχοῦ
2583 2322 2813 2390 δύναμις
2836 2321 2937 2372 καὶ
2970 2318 3162 2386 σοφία
3186 2316 3484 2379 λέλεκται,
3508 2312 3695 2364 δικαιο-

434 2407 564 2511 σύνη
595 2458 653 2493 τε
706 2440 797 2491 xui.
828 2434 1113 2504 ἁγιασμὸς,
1165 2431 1257 2484 καὶ
1302 2426 1697 2497 ἀπολύτρωσις,
1743 2424 1881 2476 οὕτω
1918 2423 2009 2475 καὶ
2043 2422 2136 2474 νῦν
2188 2418 2334 2485 δεξιὰ
2357 2416 2746 2489 χρηματίσειεν
2785 2414 2853 2466 ἄν
2875 2428 2889 2442 ο
2921 2412 3146 2482 ἐπειδὴ
3178 2410 3257 2462 τὰ
3288 2408 3452 2473 δεξιὰ
3484 2407 3574 2459 καὶ
3601 2422 3695 2456 σω-

432 2535 590 2602 τήρια
613 2531 773 2581 πᾶσιν
798 2524 1096 2595 ἀνθρώποις
1124 2521 1461 2593 προξενήσειν
1494 2518 1727 2588 ἔμελλεν.

508 2578 666 2672 hians.
697 2618 748 2680 8,
775 2615 827 2667 9.
873 2578 914 2665 ιι
936 2612 1075 2667 Deus
1105 2578 1313 2664 locutus
1337 2578 1423 2660 est
1464 2578 1536 2657 in.
1560 2610 1745 2658 sancto
1775 2614 1895 2660 suo,
1936 2617 1953 2648 ι

2139 2614 2157 2647 ι
2206 2596 2261 2647 '0
2296 2593 2426 2653 Θεὸς
2462 2590 2720 2660 ἐλάλησεν
2758 2590 2818 2639 ὲν
2847 2588 2930 2656 τῷ
2977 2588 3149 2656 ἁγίῳ
3182 2584 3395 2646 αὐτοῦ,
3443 2601 3462 2633 ι
3501 2582 3592 2633 καὶ
3638 2578 3696 2631 τὰ

437 2718 491 2761 et
524 2714 732 2760 caetera.
760 2703 892 2757 Cum
932 2707 1180 2770 precatus
1209 2696 1439 2765 Spiritus
1485 2700 1700 2747 sanctus
1737 2695 1878 2743 esset
1905 2695 1965 2739 ut

2096 2687 2205 2755 ξῆς,
2245 2681 2554 2751 Εὑξαμένου
2588 2679 2681 2731 τοῦ
2714 2678 2873 2745 ἁγίου
2912 2676 3287 2746 Πνεύματος
3320 2675 3478 2734 ὅπως
3510 2667 3695 2742 ῥυσθῶο

438 2795 791 2848 liberarentur
821 2788 999 2842 dilecti
1046 2786 1169 2849 Dei,
1214 2784 1347 2837 nihil
1395 2788 1677 2835 cunctatus
1715 2777 1854 2830 Deus
1882 2791 1966 2829 re—

440 2880 664 2949 spondet
694 2878 778 2931 his
806 2876 1014 2930 verbis:
1038 2892 1056 2925 ι
1095 2870 1380 2925 Exaltabor
1426 2876 1479 2922 et
1528 2866 1759 2920 dividam
1795 2862 1969 2916 Sichi-

441 2985 548 3023 ma.
570 2987 588 3019 ›
622 2966 742 3021 Haec
756 2980 850 3033 per
878 2962 1107 3018 Verbum
1130 2974 1307 3023 suum,
1339 2956 1489 3027 quasi
1513 2970 1605 3024 per
1627 2954 1967 3020 interpretem

2066 2793 2147 2826 σιν
2201 2775 2250 2825 οἱ
2289 2771 2557 2840 ἀγαπητοὶ
2606 2767 2701 2821 τοῦ
2761 2767 2927 2831 Θεοῦ,
2985 2768 3185 2837 μηδὲν
3252 2764 3635 2836 ὑπερθέμενος
3670 2761 3694 2809 6

2066 2864 2193 2927 Θεὸς
2219 2861 2569 2930 ἀποκρίνεται
2593 2859 2767 2925 λέγων
2786 2874 2802 2889 ο
2845 2876 2863 2906 ι
2913 2858 3371 2928 ’Υψωθήσομαι
3401 2854 3498 2906 καὶ
3519 2853 3693 2919 διαμε-

2072 2952 2168 3024 ριῶ
2219 2953 2435 3020 Σίκιμα.
2475 2968 2493 3000 ι
2543 2949 2727 3001 Ταῦτα
2774 2948 2833 3000 δὲ
2881 2946 2985 2999 τοῦ
3039 2947 3205 3000 Θεοῦ
3255 2947 3356 2999 διὰ
3407 2943 3501 2997 τοῦ
3536 2942 3692 3007 Λόγου

445 3062 682 3111 loculum
711 3026 874 3109 Deum
917 3052 1138 3105 audiens
1169 3026 1401 3118 Spiritus
1447 3052 1686 3105 sanctus,
1714 3043 1827 3095 haec
1854 3039 1968 3107 ipsa

2096 3034 2231 3087 ιὺτοῦ
2274 3036 2349 3097 ὡς
2392 3035 2457 3085 δι’
2499 3034 2781 3104 ἑρμηνέως
2828 3031 3238 3102 λαλήσαντος,
3290 3033 3359 3086 τὸ
3400 3030 3620 3098 Πνεῦμα
3642 3026 3694 3077 τὸ

444 3163 545 3203 nos
563 3147 749 3202 edocet
775 3163 788 3198 :
820 3158 983 3213 quare
1005 3142 1097 3202 ait,
1129 3157 1147 3190 ι
1187 3138 1325 3191 Deus
1354 3137 1563 3189 loeutus
1587 3142 1667 3187 est
1692 3132 1747 3185 in
1783 3136 1968 3185 sancto

2096 3141 2218 3190 ιγιον
2262 3123 2589 3187 ἐπακοῦσαν,
2628 3123 2871 3175 διδάσκει
2922 3123 3031 3175 καὶ
3075 3125 3249 3194 ἡμᾶς
3298 3124 3503 3176 εἰδέναι
3546 3118 3689 3171 αὐτάσ

445 3251 562 3291 suo.
605 3253 623 3286 ι
663 3233 919 3288 Sanctum
945 3243 1101 3299 porro
1125 3227 1238 3291 Dei,
1262 3226 1353 3295 qui
1380 3224 1603 3278 formam
1631 3220 1769 3277 servi
1818 3233 1970 3272 acce-

443 3327 541 3395 pit.
587 3338 696 3377 non
734 3320 1050 3391 ignorabant
1085 3319 1207 3371 olim
1269 3316 1574 3368 daemones:
1627 3309 1970 3380 quamobrem

446 3415 766 3476 clamabant,
794 3428 813 3461 σ
856 3408 1067 3468 Scimus
1092 3414 1143 3469 te
1177 3405 1297 3475 quis
1324 3405 1418 3465 sis,
1451 3402 1681 3463 Sanctus
1713 3398 1806 3452 Dei
1843 3397 1907 3449 ’⁸.
1948 3414 1966 3446 ι

447 3502 559 3557 lmo
593 3515 718 3554 vero
745 3501 798 3553 in
827 3512 1066 3552 Lxxxvm
1095 3495 1297 3564 psalmo
1344 3492 1543 3545 dictum
1571 3498 1653 3544 est
1680 3508 1692 3541 :
1730 3505 1749 3537 ι
1796 3484 1971 3540 Semel

448 3589 622 3658 iuravi
645 3589 701 3642 in
723 3594 910 3641 sancto
935 3600 1075 3646 meo,
1106 3583 1152 3637 si
1183 3580 1349 3634 David
1375 3580 1602 3632 mentiar
1633 3580 1697 3631 ιδ.
1735 3596 1753 3628 ›
1779 3575 1975 3640 Quem-

454 3678 737 3731 admodum
765 3676 907 3728 enim
940 3681 1090 3741 pater
1119 3673 1173 3724 in
1204 3670 1310 3723 tilio
1339 3670 1554 3732 dilecto,
1586 3669 1666 3722 sic
1695 3667 1972 3720 universo-

452 3782 571 3820 rum
607 3765 743 3819 Deus
791 3763 843 3815 in
888 3761 1024 3814 Filio
1056 3762 1220 3829 iurat.
1259 3759 1355 3813 Hic
1390 3760 1549 3827 igitur
1573 3760 1729 3813 etiam
1772 3776 1789 3806 ι
1838 3757 1978 3811 Deus

455 3854 667 3907 locutus
697 3858 779 3905 est
814 3851 866 3903 in
885 3857 1067 3904 sancto
1098 3863 1233 3913 suo;
1272 3867 1290 3898 ι
1326 3847 1457 3909 sive,
1488 3846 1778 3900 secundum
1810 3846 1977 3915 Aqui-

456 3943 594 4003 lam,
653 3958 671 3992 ι
727 3939 866 3994 Deus
922 3941 1131 3993 locutus
1172 3946 1256 3993 est
1307 3938 1361 3990 in
1411 3937 1742 3990 sanctiﬁcato
1787 3951 1902 3989 suo.
1957 3955 1975 3986 ι

458 4033 806 4099 Quandonam
829 4032 881 4085 id
911 4030 1182 4099 impletum
1203 4034 1303 4093 est,
1328 4027 1430 4079 nisi
1460 4041 1578 4079 cum
1612 4026 1666 4078 in
1690 4024 1983 4078 novissimo

458 4123 664 4176 dierum
709 4121 917 4173 locutus
945 4125 1027 4172 est
1064 4116 1218 4170 nobis
1262 4116 1315 4168 in
1345 4113 1508 4167 Filio?
1537 4111 1676 4176 Quid
1699 4121 1875 4164 autem
1904 4112 1985 4165 lo-

459 4219 616 4265 cutus
643 4219 723 4263 est
752 4208 853 4263 nisi
885 4208 995 4260 haec
1039 4220 1157 4274 qua:
1205 4211 1521 4273 sequuntur,
1556 4221 1573 4250 ι
1616 4200 1904 4254 Exsultabo
1930 4209 1985 4255 et

460 4299 688 4353 dividam
742 4296 1051 4350 Sichima?)
1130 4293 1188 4347 In
1241 4307 1344 4347 cvn
1405 4292 1579 4358 itaque
1612 4290 1810 4343 dictum
1866 4297 1983 4352 est,

2068 3214 2147 3265 διό
2186 3230 2345 3283 φησιν
2386 3230 2399 3242 ·
2441 3230 2460 3262 ι
2498 3214 2557 3265 Ὀ
2582 3213 2715 3275 Θεὸς
2743 3213 3021 3282 ἐλάλησεν
3057 3216 3127 3266 ὲν
3161 3214 3251 3284 τῷ
3280 3214 3432 3283 ἁγίῳ
3464 3207 3637 3264 αὐτοῦ.
3670 3224 3688 3257 ι

2070 3303 2170 3355 Τὸν
2208 3302 2265 3354 δὲ
2306 3302 2456 3369 ἅγιον
2489 3302 2580 3355 τοῦ
2622 3301 2759 3353 Θεοῦ
2801 3302 3034 3373 μορφὴν
3073 3303 3292 3357 δούλου
3336 3303 3570 3356 λαϐόντα
3604 3296 3691 3348 οὐκ

2071 3389 2337 3459 ἠγνόησάν
2387 3406 2514 3441 ποτε
2571 3391 2620 3441 οἱ
2679 3388 2972 3457 δαίμονες’
3024 3390 3121 3444 διὸ
3184 3392 3371 3446 ἐϐόων
3431 3390 3690 3454 λέγοντες⁹

2078 3498 2096 3529 ‹
2139 3479 2367 3547 Οἴδαμέν
2401 3494 2462 3530 σε
2494 3478 2579 3540 τίς
2623 3474 2693 3537 εἴ,
2728 3480 2757 3530 6
2781 3478 2943 3545 ἅγιος
2980 3481 3090 3533 τοῦ
3125 3483 3305 3535 Θεοῦ.
3349 3501 3368 3533 ι
3416 3478 3571 3532 Ἀλλὰ
3611 3474 3689 3527 καὶ

2075 3569 2137 3620 ὲν
2168 3566 2469 3637 πη⁶φαλμῷ
2503 3566 2752 3619 λέλεκται
2772 3584 2785 3598 ο
2818 3586 2836 3616 ι
2875 3568 3080 3635 ’Ἃπαξ
3125 3570 3340 3643 ὤμοσα
3370 3572 3429 3622 ἐν
3462 3567 3535 3636 τῷ
3567 3564 3689 3630 ἁγίῳ

2079 3674 2199 3726 μου,
2239 3659 2286 3709 εἰ
2323 3657 2399 3725 τῷ
2440 3656 2600 3708 Δαυῒδ
2638 3656 2941 3726 ψεύσομαι.
3013 3678 3034 3710 ι
3093 3662 3199 3726 Ὠς
3229 3663 3346 3734 γὰρ
3393 3660 3573 3729 πατὴρ
3614 3656 3686 3721 ἐφ’

2078 3747 2174 3815 υἱῷ
2206 3746 2489 3814 ἀγαπητῷ,
2531 3745 2704 3808 οὕτως
2735 3748 2763 3798 6
2806 3748 2920 3799 τῶν
2972 3749 3131 3803 ὅλων
3166 3753 3313 3815 Θεὸς
3346 3752 3442 3803 ἐπὶ
3470 3748 3561 3817 ζτῴ
3591 3744 3691 3813 Υἱῷ

2078 3835 2301 3905 ὥμνυσι.
2332 3836 2439 3888 Καὶ
2463 3835 2697 3888 ἐνταῦθα
2721 3836 2907 3889 τοίνυν
2938 3856 2959 3888 ι
2994 3840 3026 3889 ὁ
3063 3841 3219 3905 Θεὸς
3255 3842 3526 3911 ἐλάλησεν
3550 3839 3602 3889 ἐν
3625 3833 3689 3902 τῷ

2080 3923 2214 3990 ἁγίῳ
2242 3922 2403 3974 αὐτοῦ
2426 3939 2439 3952 -
2477 3942 2495 3972 ι
2530 3923 2584 3992 ἢ,
2622 3924 2766 3976 κατὰ
2797 3926 2895 3978 τὸν
2941 3928 3229 3993 Ἀκύλαν,
3267 3951 3287 3983 ι
3332 3934 3392 3983 '0
3421 3929 3550 3990 Θεὸς
3586 3922 3689 3977 ἑλά-

2080 4012 2237 4083 λησεν
2261 4014 2317 4063 ὲν
2348 4012 2664 4081 ἡγιασμένῳ
2690 4014 2880 4065 αὑτοῦ.
2905 4034 2924 4066 ι
2957 4017 3109 4069 Πότε
3133 4021 3201 4072 δὲ
3239 4021 3343 4074 καὶ
3376 4017 3522 4071 τοῦτ’
3541 4013 3685 4080 ἐπλη-

2088 4103 2259 4173 ροῦτο,
2291 4102 2323 4171 ἢ
2354 4102 2438 4153 ὅτε
2471 4102 2556 4154 ἐπ’
2588 4104 2818 4171 ἐσχάτου
2853 4106 2967 4157 τῶν
3001 4110 3258 4179 ἡμερῶν
3293 4111 3556 4178 ἐλάλησεν
3576 4105 3687 4173 ἡμῖν

2083 4198 2139 4245 ἐν
2178 4191 2321 4262 Υἱῷ;
2358 4192 2421 4243 Τί
2455 4191 2511 4242 δὲ
2547 4191 2809 4262 ἐλάλησεν
2856 4194 2891 4264 ἢ
2931 4197 3008 4249 τὰ
3054 4200 3463 4273 ἐπιφερόμενα
3504 4196 3684 4263 λέγων·

2090 4304 2107 4335 ι
2160 4284 2571 4353 Ἀγαλλιάσομαι
2611 4286 2706 4337 καὶ
2754 4287 3033 4358 διαμεριῶ
3091 4294 3356 4365 Σίκιμα;
3395 4314 3415 4345 ι
3467 4293 3551 4344 Ἐν
3606 4288 3686 4357 μὲν

465 4407 484 4439 ι
524 4388 826 4451 Exaltabor,
856 4395 908 4441 et
947 4384 1177 4439 dividam
1210 4381 1445 4436 Sichima
1481 4382 1555 4445 ‘7;
1597 4397 1615 4429 ι
1649 4378 1805 4447 idque
1836 4395 1898 4433 ex
1934 4395 1968 4432 ri

2096 4372 2182 4426 οὖν
2224 4374 2302 4444 τῷ
2347 4375 2424 4444 ρξ’
2452 4374 2700 4444 εἴρηταυ
2748 4395 2765 4425 ι
2821 4378 3279 4452 ’Υψωθήσομαι,
3317 4385 3416 4438 καὶ
3451 4375 3687 4451 διαμεριῶ

462 4477 766 4539 admodum,
792 4476 915 4544 quia
939 4476 990 4527 in
1016 4474 1199 4528 eodem
1224 4472 1423 4526 dictum
1457 4478 1609 4523 antea
1632 4468 1751 4531 fuit,
1784 4486 1803 4518 ς
1831 4467 1988 4520 Exal-

464 4576 577 4621 tare
632 4581 791 4634 super
822 4566 1008 4628 caelos,
1042 4562 1181 4618 Deus
1205 4602 1219 4625 ,
1242 4569 1295 4616 et
1328 4575 1488 4629 super
1533 4573 1742 4612 omnem
1791 4566 1987 4612 terram

463 4658 629 4726 gloria
656 4665 743 4709 tua
773 4656 833 4708 ".
864 4673 882 4704 ι
921 4654 1001 4707 Ad
1031 4653 1156 4706 illud
1188 4652 1351 4711 enim,
1383 4669 1399 4700 ι
1439 4650 1691 4709 exaltare,
1724 4666 1741 4696 ι
1771 4648 1872 4700 hoc
1905 4662 1989 4701 re-

465 4744 698 4811 ponitur,
733 4760 753 4792 c
786 4741 1089 4804 exaltahor;
1132 4758 1149 4789 ι
1176 4739 1265 4791 hic
1290 4752 1416 4791 vero
1444 4736 1507 4790 ad
1533 4735 1681 4795 illud.
1716 4754 1733 4786 ‹
1770 4735 1983 4788 Salvum

468 4829 553 4885 Iac
574 4830 790 4883 dextera
815 4838 938 4890 tua,
979 4845 998 4878 ι
1032 4835 1084 4881 et
1109 4826 1172 4879 ad
1204 4825 1356 4889 illud,
1388 4843 1406 4874 ι
1437 4823 1505 4877 Ut
1533 4825 1825 4878 liberentur
1855 4823 1986 4876 dile-

467 4921 538 4975 cti
568 4923 666 4986 tui,
705 4941 722 4973 ι
753 4922 818 4975 de
845 4920 1160 4973 dilectorum
1188 4933 1406 4972 suorum
1442 4918 1613 4971 salute
1649 4914 1887 4984 gaudens
1911 4898 1990 4966 sic

468 5011 767 5078 respondet,
799 5029 818 5060 ι
852 5010 1168 5074 Exsultabo;
1204 5027 1223 5059 ι
1258 5009 1388 5070 sive,
1418 5006 1707 5061 secundum
1725 5003 1989 5072 Aquilam,

477 5116 495 5148 ι
529 5096 839 5163 Gloriabor;
878 5119 896 5150 ι
926 5100 1056 5163 sive,
1087 5099 1376 5152 secundum
1407 5094 1800 5165 Symmachum,
1823 5112 1841 5144 ι
1875 5090 1993 5145 Glo-

471 5188 645 5240 riabar
674 5196 727 5241 et
759 5187 1070 5242 distribuam
1112 5187 1366 5241 Sichima.
1402 5203 1420 5233 ι
1455 5183 1576 5237 Ηωο
1608 5191 1783 5235 autem
1814 5180 1989 5248 portio

473 5275 597 5327 olim
616 5275 845 5345 Josepho
865 5291 929 5329 ex
956 5277 1300 5345 praerogativa
1325 5274 1552 5344 quadam
1573 5272 1823 5341 deputata
1851 5269 1946 5321 fuit
1973 5286 1985 5320 :

475 5360 548 5415 0b
570 5378 724 5429 quam
755 5366 879 5417 olim
911 5365 1073 5418 altum
1126 5365 1403 5433 capiebant
1452 5362 1620 5418 ειυᾶεὶ
1639 5399 1656 5424 ,
1686 5374 1827 5413 nunc
1869 5372 1994 5411 vero

2093 4466 2308 4532 Σίκιμα,
2340 4483 2358 4512 ι
2382 4464 2584 4534 σφόδρα
2627 4467 3026 4537 καταλλήλως·
3080 4475 3294 4546 ἐπειδὴ
3329 4477 3387 4527 ἐν
3422 4473 3602 4536 ἐκείνῳ
3636 4467 3683 4516 ὲν

2090 4556 2197 4615 τοῖς
2231 4551 2529 4621 ἔμπροσθεν
2572 4554 2808 4623 ἐλέγετοο
2848 4575 2867 4606 ι
2921 4559 3221 4631 ’Υψώθητι
3263 4566 3362 4617 ἐπὶ
3390 4564 3515 4625 τοὺς
3540 4562 3684 4627 οὐρα·

2092 4643 2233 4704 νοῦς,
2261 4644 2288 4692 6
2328 4642 2485 4705 Θεὸς,
2521 4645 2617 4696 καὶ
2660 4647 2753 4699 ἐπὶ
2782 4649 2971 4702 πᾶσαν
3006 4651 3113 4722 τὴν
3145 4655 3266 4723 γῆν
3306 4660 3339 4727 ή
3375 4655 3500 4719 δόξα
3528 4668 3630 4703 σου.
3661 4664 3679 4697 ι

2093 4730 2233 4799 Πρὸς
2261 4730 2365 4800 γὰρ
2390 4731 2470 4791 τὸ,
2504 4749 2522 4781 ι
2566 4732 2835 4803 ὑψώϐητι,
2869 4755 2889 4786 ι
2922 4739 3317 4811 ὲπενήνεκτοιι
3338 4745 3420 4805 τὸ,
3451 4761 3469 4793 ι
3501 4735 3686 4807 ὑψωθή-

2090 4835 2279 4887 σομαι’
2316 4836 2333 4869 ›
2372 4820 2606 4872 ἐνταῦθα
2625 4822 2684 4874 δὲ
2707 4824 2844 4892 πρὸς
2866 4826 2952 4889 τὸ,
2996 4848 3017 4878 ι
3052 4832 3237 4885 σῶσον
3274 4837 3343 4905 τῇ
3371 4833 3517 4901 δεξιᾷ
3538 4844 3638 4890 σου,
3659 4841 3675 4874 ι

2093 4911 2186 4963 καὶ
2218 4909 2350 4978 πρὸς
2371 4910 2453 4973 τὸ,
2478 4929 2495 4959 ε
2518 4911 2670 4975 ὅπως
2705 4913 2773 4966 ἂν
2798 4917 3089 4985 ῥυσθῶσιν
3141 4925 3193 4976 οἱ
3223 4924 3505 4995 ἀγαπητοί
3534 4936 3637 4980 σου,
3658 4933 3674 4966 ι

2092 4997 2292 5068 χαίρων
2327 4998 2420 5049 ἐπὶ
2460 5002 2529 5069 τῇ
2579 5002 2692 5055 τῶν
2739 5004 3051 5076 ἀγαπητῶν
3091 5012 3270 5065 αὐτοῦ
3312 5010 3562 5081 σωτηρίᾳ,
3594 5004 3676 5072 τὴν

2096 5087 2380 5155 ἀπόκρισιν
2413 5094 2649 5143 ποιεῖται
2671 5091 2872 5160 λέγων,
2900 5113 2922 5148 ι
2960 5099 3428 5174 Ἀγαλλιάσομαν
3451 5122 3466 5150 ι
3483 5100 3532 5168 ἢ,
3553 5092 3675 5148 κατά

2093 5176 2182 5228 τὸν
2197 5174 2443 5241 Ἀκύλαν,
2475 5198 2494 5229 ι
2527 5181 2906 5254 Γαυριάσομαι
2926 5204 2939 5217 ·
2974 5208 2993 5239 ι
3019 5190 3078 5261 ἦ,
3103 5193 3251 5246 κατά
3281 5194 3373 5247 τὸν
3390 5190 3671 5258 Σύμμαχον,

2102 5281 2121 5313 ι
2158 5265 2447 5371 Ήαυρὶιάσω
2491 5272 2589 5325 καὶ
2616 5274 2938 5346 διανεμήσω
2967 5280 3199 5353 Σίκιμα·
3240 5304 3261 5336 ι
3304 5283 3449 5351 Αὕτη
3478 5278 3532 5331 δὲ
3564 5270 3671 5343 ἦνῆ

2101 5356 2265 5446 πάλαι
2289 5356 2656 5436 ἀφωρισμένη
2686 5365 2764 5436 τῷ
2808 5367 3017 5441 Ἰωσὴφ
3056 5375 3219 5446 μερὶς
3255 5376 3374 5429 κατ’
3404 5370 3664 5440 ἐξαίρετον,

477 5460 608 5514 gens
640 5448 1112 5505 Samaritanorum.
1163 5451 1235 5503 Ea
1280 5459 1454 5506 autem
1487 5452 1602 5520 ipsa
1643 5454 1726 5502 est
1765 5444 1968 5500 Sichima

554 5534 596 5564 ⁸⁵
634 5534 757 5584 Luc.
796 5552 868 5584 Iv.
900 5538 986 5584 δι.
1063 5539 1104 5569 ⁸⁸
1139 5536 1281 5584 Psal.
1314 5554 1578 5584 Ltvtvm-
1613 5537 1698 5584 36-
1779 5536 1816 5566 ¹⁷
1856 5532 1968 5584 Ρετι]

2101 5445 2184 5584 ily
2211 5441 2267 5584 εῇ
2309 5450 2405 5571 xi?
2430 5455 2594 5584 ιξιὲἷα
2643 5458 2907 5584 ἔφρὲνων
2970 5441 3249 5541 πρδτέρον
3293 5466 3386 5540 μὲν
3432 5454 3667 5515 Ἰουδαίων

673 5549 757 5587 uc.
796 5552 868 5599 iv,
900 5538 987 5590 54.
1063 5539 1104 5569 ³⁸
1139 5536 1281 5591 Psal.
1314 5554 1579 5602 uxxvm,
1613 5537 1699 5591 36.
1779 5536 1816 5566 ¹⁷
1856 5532 1968 5590 Psal

2105 5549 2173 5597 ιι,
2211 5536 2265 5590 8.
2344 5540 2387 5571 ¹⁸
2430 5542 2799 5615 Psal.cvn,6.
3021 5532 3033 5537 v
3158 5532 3170 5541 ’
3226 5550 3227 5553 “

557 5620 630 5691 (Ι)
668 5619 821 5674 Forte
851 5622 997 5677 deest
1028 5625 1137 5690 τῆς.
1172 5623 1325 5677 Enn.
