3818 6360
130 386 249 454 θ’,ιᾶ
526 452 548 454 ἢ
1413 369 1905 425 COMMENTARIA
1943 371 2012 426 ΙΝ
2050 368 2381 426 PSALMOS.
3373 365 3474 422 5M3

165 463 427 595 “559;:
485 463 590 551 Ϋυν
648 463 712 518 δὲ
770 472 840 526 τὸ
882 480 1253 555 Σαμαρειτῶν
1301 485 1476 552 φῦλον.
1518 487 1579 539 Ἦ
1631 487 1764 556 αύτὴ
1801 489 1847 541 δέ

179 591 189 595 -
288 594 297 595 ,
413 555 906 595 ικιιιατῆννηΑ.-
971 576 1126 595 ειν-θ
1294 581 1325 595 η
1415 578 1480 595 ι..
1547 578 1571 591 .-
1620 578 1653 595 .ι
1718 580 1761 595 γ,

1955 505 2072 557 quae
2099 489 2333 549 Sicbem,
2362 502 2521 555 quam
2541 486 2771 555 Josepho
2800 486 2941 540 dedit
2966 484 3150 545 Jacob,
3170 484 3257 537 ubi
3286 496 3475 552 puteus

179 591 311 639 ἱστί’
605 558 681 625 τῇ
703 560 940 637 Συχὲμ,
969 576 1041 642 ἣν
1073 576 1263 631 ἔδωκεν
1294 578 1480 630 Ἰακὼδ
1507 578 1581 647 τῷ
1620 578 1811 646 Ἰωσήφ
1832 594 1844 606 ·

1950 586 1997 631 et
2032 578 2149 629 fons
2177 574 2341 627 Jacob
2373 580 2475 626 est.
2538 571 2773 635 Quorum
2808 573 3047 626 meminit
3099 571 3473 640 Evangelium,

205 632 346 721 ἶςξρια
384 632 490 735 ’ξαῖ
514 638 581 690 τδ
608 632 945 721 seti-apium
979 632 1014 731 ἡ
1048 667 1194 735 πηγὴ
1224 666 1313 718 τοῦ
1357 632 1846 734 Ἱακὼὸιτυγχάνει,

1950 664 2130 718 dicens
2165 664 2491 717 Salvatorem
2521 676 2583 712 eo
2616 659 2892 714 advenisse
2912 702 2927 725 ,
2967 676 3254 730 eorumque
3282 661 3477 713 milites

337 720 638 825 ’θίν’ντὶται
670 738 735 791 τὸ
760 720 1249 817 Εὐαγγέλιονξτιὸκι
1279 755 1501 825 Σωτῆρα
1520 720 1719 822 φάσέυῖ
1738 720 1847 806 ἐπιἐ

1950 752 2001 803 in
2036 753 2205 819 ipsum
2237 749 2544 803 credidisse.
2582 748 2719 813 Quin
2750 720 2923 801 etiam-
2961 757 3081 816 post
3124 720 3244 817 eius
3268 762 3478 803 assum-

259 820 651 899 δεδημηκέναι,
699 833 946 901 πολλούς
975 858 1036 893 τε
1069 843 1241 894 αὐτῶν
1277 846 1354 905 είς
1382 844 1539 896 αὑτὸν
1571 860 1852 895 πεπιστευ-

274 924 451 976 κέναι.
481 916 649 972 Ἀλλὰ
674 924 776 976 καὶ
808 930 954 996 μετὰ
980 932 1079 1001 τὴν
1098 934 1353 1001 ἀνάληψιν
1371 932 1531 985 αὑτοῦ
1558 934 1606 985 οἰ
1628 934 1851 986 ἀπόστο-

277 1010 389 1073 λοι,
420 1008 480 1060 ὲν
519 1010 589 1079 τῇ
633 1010 928 1086 Σαμαρείᾳ
960 1020 1254 1089 γενόμενοι,
1292 1025 1485 1090 σημεῖα
1528 1021 1618 1073 καὶ
1656 1022 1851 1089 τέρατα

276 1099 510 1152 ἐποίουν
556 1101 613 1151 ὲν
662 1102 823 1172 αὐτῇ,
876 1105 952 1168 ὡς
995 1109 1311 1179 ἱστορεῖσθαι
1360 1113 1415 1161 ὲν
1464 1114 1591 1172 ταῖς
1622 1109 1851 1177 Πράξεσι

274 1190 395 1241 τῶν
427 1189 744 1243 ἀποστόλων
772 1192 834 1244 τὸ
868 1195 1090 1265 Πνεῦμα
1120 1198 1180 1249 τὸ
1202 1198 1349 1265 ἅγιον
1381 1198 1613 1251 δεδόσθαι
1636 1202 1743 1260 τοῖς
1766 1199 1852 1249 τὸν

269 1278 454 1332 τόπον
508 1279 741 1343 οἰκοῦσι,
790 1284 963 1352 χαράν
990 1302 1049 1337 τε
1092 1287 1326 1356 μεγάλην
1358 1288 1626 1354 γεγονέναι
1651 1288 1851 1339 αὐτόθι.

271 1369 614 1438 Γέγραπται
674 1373 823 1438 γοῦν,
870 1375 951 1425 ὅτι
1007 1375 1281 1437 Φίλιππος,
1338 1375 1603 1427 κατελθὼν
1648 1378 1723 1437 εἰς
1760 1376 1854 1444 τὴν

269 1456 440 1509 πόλιν
472 1458 579 1526 τῆς
607 1458 939 1529 Σαμαρείας,
963 1462 1257 1530 ἐκήρυσσεν
1284 1463 1459 1524 αὐτοῖς
1492 1463 1579 1514 τὸν
1607 1463 1852 1531 Χριστόν.

266 1547 595 1615 Προσείχον
623 1547 681 1598 δὲ
727 1549 777 1598 οἱ
826 1548 971 1617 ὄχλοι
1014 1553 1124 1611 τοῖς
1170 1551 1468 1620 λεγομένοις
1505 1553 1605 1603 ὑπὸ
1638 1552 1727 1603 τοῦ
1765 1554 1854 1602 Φι-

263 1634 488 1686 λίππου
544 1636 911 1704 ὁμοθυμαδὸν,
946 1640 1003 1689 ὲν
1054 1640 1128 1709 τῷ
1160 1642 1371 1693 ἀκούειν
1413 1642 1603 1704 αὐτοὺς
1630 1644 1718 1694 καὶ
1738 1643 1856 1711 βλέ-

263 1743 409 1778 πειν
464 1726 540 1779 τὰ
588 1731 793 1797 σημεῖα
841 1728 876 1781 ἃ
922 1730 1119 1782 ἐποίει*
1153 1732 1362 1798 ἐγένετο
1397 1733 1461 1799 δὲ,
1496 1734 1643 1802 φωνὴ
1688 1735 1855 1801 χαρᾶς

1950 838 2212 906 ptionem,
2278 838 2502 906 apostoli
2556 838 2847 889 Samariam
2906 846 3181 905 petentes,
3237 838 3387 906 signa
3424 844 3476 889 et

1950 928 2186 996 prodigia
2216 928 2570 996 operabantur
2616 929 2670 980 in
2722 928 2857 995 ipsa,
2913 927 2985 979 ita
3040 934 3099 979 ut
3148 927 3202 978 in
3255 927 3476 979 Actibus

1950 1018 2309 1085 apostolorum
2339 1028 2578 1069 narretur
2615 1016 2867 1084 Spiritum
2911 1026 3152 1069 sanctum
3183 1014 3299 1081 ejus
3329 1015 3477 1067 inco-

1951 1107 2015 1159 lis
2052 1107 2235 1158 datum
2289 1106 2489 1169 fuisse,
2534 1106 2713 1173 ibique
2758 1118 3001 1172 magnum
3054 1104 3321 1157 exstitisse
3348 1117 3479 1170 gau-

1950 1194 2114 1246 dium.
2154 1193 2417 1245 Scribitur
2444 1208 2659 1260 quoque
2687 1190 2987 1259 Philippum
3042 1188 3381 1243 descendisse
3422 1190 3476 1241 in

1951 1284 2133 1335 urbem
2163 1281 2454 1334 Samariam
2482 1320 2497 1343 ,
2556 1282 2791 1349 ipsisque
2836 1279 3152 1347 praedicasse
3182 1278 3475 1331 Christum.

1952 1370 2142 1423 Turbae
2168 1387 2323 1439 porro
2365 1370 2523 1423 dictis
2552 1370 2778 1439 Philippi
2808 1370 3129 1422 unanimiter
3181 1369 3474 1429 haerebant,

1952 1476 2071 1513 cum
2100 1462 2342 1515 audirent
2374 1475 2435 1513 ac
2454 1461 2692 1513 viderent
2712 1460 2862 1527 signa
2889 1475 3005 1527 quae
3031 1459 3253 1511 faciebat
3285 1477 3296 1510 :
3323 1473 3479 1511 exor-

1952 1558 2111 1618 taque
2144 1564 2333 1617 magna
2363 1564 2461 1601 vox
2495 1548 2685 1601 latitia:
2711 1554 2791 1600 est
2834 1548 2886 1599 in
2935 1532 3287 1599 civitate'illa.
3330 1545 3479 1598 Dein-

1954 1641 2122 1708 deque
2152 1639 2390 1691 dicitur:
2430 1657 2447 1688 ι
2502 1638 2631 1691 Cum
2691 1645 2863 1690 autem
2917 1637 3192 1689 audissent
3232 1637 3475 1703 apostoli,

1954 1730 2044 1796 qui
2084 1736 2234 1781 erant
2265 1727 2643 1795 Hierosolymis
2672 1764 2687 1787 ,
2719 1725 2860 1793 quod
2904 1724 3191 1791 recepisset
3239 1724 3478 1775 Samaria

262 1814 503 1883 μεγάλη
561 1817 621 1868 ὲν
688 1819 753 1886 τῇ
805 1819 952 1870 πόλει
1013 1797 1210 1892 ἐκείνῃ.
1278 1822 1384 1874 Καὶ
1612 1797 1847 1892 εἴρηται·

1960 1818 2173 1870 verbum
2206 1817 2317 1877 Dei,
2347 1817 2607 1869 miserunt
2646 1814 2710 1868 ad
2747 1829 2839 1868 eos
2882 1813 3094 1867 Petrum
3123 1821 3175 1866 et
3203 1811 3474 1865 Joannem.

267 1922 290 1952 ε
321 1904 707 1965 Ἀκούσαντες
734 1905 791 1957 δὲ
844 1910 891 1959 οἱ
928 1910 984 1960 ὲν
1056 1910 1429 1979 Ἰεροσολύμοις
1464 1911 1856 1970 άπόστολοι,ὃτι

258 1992 533 2045 δέδεκται
558 1995 591 2061 ὴ
624 1994 906 2064 Σαμάρεια
934 1997 1025 2048 τὸν
1056 1999 1207 2064 λόγον
1243 1998 1332 2051 τοῦ
1358 1999 1508 2059 Θεοῦ,
1546 2000 1857 2054 ἀπέστειλαν

264 2079 428 2148 πρὸς
487 2080 693 2141 αὐτοὺς
749 2082 951 2147 Πέτρον
1013 2086 1103 2136 καὶ
1142 2085 1412 2153 Ἰωάννην
1458 2087 1645 2147 οἵτινες
1691 2104 1856 2140 κατα-

264 2168 490 2231 ϐάντες
519 2169 898 2239 προσηύξαντο
932 2173 1056 2242 περὶ
1081 2174 1254 2226 αὐτῶν
1292 2176 1435 2237 ὅπως
1465 2174 1662 2227 λάϐωσι
1695 2177 1859 2229 Πνεῦ-

270 2274 372 2325 μα
417 2259 603 2324 ἅγιον·
652 2278 670 2309 ο
728 2261 824 2312 καὶ
868 2262 1131 2327 ὲπιλέγει’
1160 2278 1197 2312 ἰ
1229 2264 1356 2315 Τότε
1407 2265 1714 2317 ἐπετίθεσαν
1763 2267 1858 2330 τὰς

275 2349 494 2416 χεῖρας
524 2348 615 2398 ἐπ’
646 2349 865 2411 αὐτοὺς,
910 2350 1001 2401 καὶ
1045 2350 1338 2419 ἐλάμϐανον
1386 2352 1601 2421 Πνεῦμα
1634 2355 1799 2421 ἅγιον.
1834 2376 1853 2407 ι

281 2433 469 2485 Ταῦτ’
504 2430 603 2485 οῦν
635 2436 852 2502 ἐγένετο
880 2439 935 2487 ὲν
969 2440 1033 2505 τῇ
1057 2439 1347 2507 Σαμαρείᾳ,
1372 2440 1738 2509 πληρουμένης
1761 2442 1858 2510 τῆς

268 2526 426 2595 μετὰ
462 2529 661 2596 χεῖρας
695 2527 1042 2593 ἐπαγγελίας,
1067 2527 1399 2595 φασκούσης·
1431 2547 1449 2578 ι
1482 2530 1856 2598 ’Υψωθήσομαι

265 2616 380 2667 καὶ
404 2615 683 2684 διαμεριῶ
736 2616 954 2684 Σίκιμα.
1003 2616 1124 2677 Τοῖς
1158 2617 1263 2685 γὰρ
1308 2618 1397 2669 ἐπὶ
1431 2618 1526 2685 τῆς
1557 2618 1857 2689 Σαμαρείας

263 2706 565 2776 διεμέρισε
609 2707 673 2757 τὸ
714 2705 936 2772 Πνεῦμα
976 2704 1035 2755 τὸ
1074 2705 1221 2772 ἅγιον
1269 2705 1400 2773 μετὰ
1445 2707 1539 2775 τὴν
1600 2707 1856 2776 ἀνάληψιν

265 2796 469 2860 αὑτοῦ,
497 2798 600 2848 καὶ
644 2794 870 2863 μετά.τὸ
898 2793 1167 2862 ὑψωθῆναι
1210 2794 1384 2857 αὐτὸν,
1397 2796 1482 2847 ὅτε
1507 2814 1523 2845 ι
1554 2796 1753 2857 ἀναϐάς
1779 2798 1856 2858 εἰς

268 2883 413 2951 ὕψος
455 2881 889 2951 ᾐχμαλώτευσεν
918 2882 1305 2948 αἰχμαλωσίαν,
1340 2884 1430 2934 καὶ
1460 2882 1622 2935 ἔδωκε
1652 2884 1854 2953 δόματα

265 2974 333 3025 ὲν
365 2972 710 3041 ἀνθρώποις.
753 2989 770 3019 ι
810 2972 918 3022 Kal.
959 2969 1127 3021 ταῦτα
1157 2971 1359 3037 ἐγίνετο
1383 2971 1519 3040 μετὰ
1539 2973 1598 3024 τὸ
1625 2974 1854 3042 διωχθῆ-

266 3080 371 3115 ναι
436 3064 571 3123 τοὺς
621 3058 869 3130 μαθητάς
904 3060 995 3112 τοῦ
1037 3060 1280 3131 Σωτῆρος
1314 3063 1418 3114 ἀπὸ
1458 3063 1849 3133 Ἰεροσολύμων.

267 3151 448 3218 Λέγει
488 3149 630 3216 γοῦν
673 3151 707 3218 ὴ
750 3148 968 3217 Γραφή·
1008 3168 1025 3197 ι
1077 3150 1313 3215 Ἐγένετο
1339 3150 1393 3201 δὲ
1419 3149 1646 3220 διωγμὸς
1678 3152 1845 3220 μέγας

268 3242 377 3293 ἐπὶ
421 3240 527 3309 τὴν
581 3237 906 3305 Ἐκκλησίαν
944 3238 1039 3306 τὴν
1085 3240 1139 3289 ὲν
1199 3239 1602 3309 Ἰεροσολύμοις·
1654 3243 1847 3305 πάντες

268 3329 335 3383 δὲ
372 3329 756 3398 διεσπάρησαν
778 3344 791 3355 ·
832 3347 850 3377 ι
882 3328 972 3378 καὶ
1002 3328 1156 3378 πάλιν
1180 3344 1192 3357 ’
1236 3346 1254 3377 ι
1293 3330 1353 3379 Ol
1382 3331 1475 3398 μὲν
1501 3327 1591 3383 οὖν
1624 3331 1847 3385 διασπα-

271 3417 476 3488 ρέντες
519 3416 744 3483 διῆλθον
783 3414 1245 3484 εὐαγγελιζόμενοι
1303 3418 1390 3468 τὸν
1426 3417 1597 3484 λόγον.
1649 3438 1666 3469 ›
1733 3416 1844 3471 Εἶθ’

271 3507 415 3576 ἑξῆς
477 3506 704 3575 εἴρηται
746 3505 890 3565 ὅπως
928 3507 1035 3565 τοῖς
1069 3506 1125 3555 ὲν
1156 3507 1219 3573 τῇ
1269 3506 1543 3574 Σαμαρείᾳ
1569 3508 1844 3576 εὐηγγελί-

270 3596 463 3661 ζοντο,
502 3596 603 3648 καὶ
636 3595 711 3655 ῶς
736 3594 827 3645 τοῦ
863 3594 1169 3663 Πνεύματος
1200 3594 1291 3644 τοῦ
1333 3594 1478 3660 ἁγίου
1517 3598 1846 3665 μετεδίδοσαν

273 3687 475 3747 αὐτοῖς
509 3687 559 3736 οἰ
596 3683 902 3736 ἀπόστολοι.
957 3683 1225 3735 Δέδεικται
1270 3684 1441 3735 τοίνυν
1469 3685 1611 3747 ὅπως
1639 3688 1845 3756 εἴρηται

272 3776 368 3837 τὸ,
405 3796 423 3825 σ
448 3774 843 3843 ’Υψωθήσομαι
873 3773 964 3824 καὶ
984 3772 1239 3841 διαμεριῶ
1261 3773 1477 3841 Σίκιμα·
1512 3795 1530 3826 ι
1576 3754 1707 3845 μετά
1742 3754 1847 3849 γὰρ

270 3864 346 3915 τὸ
400 3864 691 3932 ὑψωθῆναι
730 3863 819 3913 τὸν
858 3862 1077 3931 Σωτῆρα
1126 3862 1295 3913 πάντα
1326 3863 1492 3915 ταῦτα
1531 3867 1842 3937 ἐπληροῦτο.

278 3954 487 4016 Ἀλλος
535 3953 583 4005 δ’
620 3951 687 4004 ἂν
716 3952 877 4013 εἴποι,
918 3951 1003 4002 διὰ
1030 3950 1088 4001 τὸ
1123 3950 1283 4003 πάλαι
1313 3952 1407 4019 μὲν
1437 3955 1542 4005 τῶν
1588 3956 1847 4009 Ἰουδαίων

272 4038 426 4095 εἶναι
452 4044 549 4095 τὸν
562 4042 763 4119 τόπον,
794 4040 907 4091 νυνὶ
936 4040 991 4090 δὲ
1021 4039 1154 4109 μετὰ
1192 4039 1283 4108 τὴν
1308 4040 1398 4091 τοῦ
1427 4042 1668 4111 Σωτῆρος
1696 4046 1846 4113 ἡμῶν

271 4134 563 4203 ἀνάληψιν
585 4129 810 4199 Ἕλλησι
842 4130 933 4181 καὶ
951 4129 1305 4199 Σαμαρείταις
1322 4130 1636 4192 ἐκδεδόσθαι,
1663 4135 1847 4186 τούτου

278 4221 455 4288 χάριν
490 4215 752 4287 εἰρῆσθαι
780 4214 858 4275 τὸ,
908 4232 924 4262 ι
968 4214 1341 4284 ’Υψωθήσομαι
1372 4217 1460 4267 καὶ
1487 4216 1742 4286 διαμεριῶ
1766 4218 1850 4269 Σί-

275 4324 460 4374 κιμα·
493 4325 513 4357 ι
543 4303 683 4357 ἀλλὰ
722 4303 813 4353 καὶ
844 4320 861 4349 ι
908 4300 1002 4369 τὴν
1041 4301 1256 4354 κοιλάδα
1287 4303 1390 4354 τῶν
1431 4303 1639 4372 σκηνῶν
1665 4305 1848 4374 διαμε-

1954 1906 2193 1969 Quicum
2226 1905 2517 1966 venissent,
2547 1910 2829 1955 oraverunt
2876 1916 2971 1969 pro
3005 1902 3132 1968 ipsis
3172 1908 3228 1953 ut
3279 1901 3482 1967 accipe-

1955 2001 2070 2046 rent
2098 1991 2352 2059 Spiritum
2377 2001 2651 2053 sanctum;
2684 2008 2700 2038 ι
2739 2002 2801 2040 ac
2844 1988 3185 2055 subjungitur
3226 2005 3238 2039 :
3269 2005 3286 2036 ι
3328 1985 3478 2038 Tunc

1955 2086 2294 2152 imponebant
2326 2099 2514 2137 manus
2553 2096 2712 2149 super
2740 2082 2878 2142 illos,
2913 2089 2964 2133 et
2996 2080 3324 2146 accipiebant
3361 2077 3479 2145 Spi-

1955 2175 2112 2225 ritum
2141 2180 2383 2225 sanctum
2418 2172 2480 2223 ¹⁹.
2518 2191 2535 2222 ι
2562 2170 2681 2224 Haec
2708 2172 2868 2239 igitur
2890 2167 3141 2220 Samaria:
3162 2166 3298 2217 facta
3331 2174 3475 2227 sunt,

1954 2263 2027 2315 ita
2058 2270 2112 2314 ut
2145 2262 2255 2314 haec
2283 2261 2564 2329 promissio
2590 2260 2922 2327 impleretur:
2946 2276 2965 2307 ι
3006 2256 3290 2308 Exaltabor
3321 2261 3373 2307 et
3397 2255 3477 2307 di-

1956 2353 2127 2405 vidam
2170 2351 2422 2405 Sichima.
2460 2370 2478 2402 ι
2528 2350 2655 2402 Nam
2682 2348 3031 2402 Samaritanis
3066 2345 3322 2414 Spiritum
3362 2360 3479 2397 san-

1952 2449 2095 2494 ctum
2131 2441 2402 2494 distribuit
2439 2447 2557 2507 post
2601 2440 3012 2506 assumptionem
3067 2450 3215 2489 suam
3250 2442 3303 2487 et
3340 2442 3477 2501 post-

1953 2545 2109 2598 quam
2137 2530 2401 2583 exaltatus
2431 2536 2513 2582 est
2536 2568 2551 2591 ,
2604 2527 2814 2596 quando
2852 2544 2869 2576 ι
2908 2525 3201 2579 ascendens
3230 2524 3282 2576 in
3313 2523 3475 2573 altum

1952 2619 2212 2686 captivam
2254 2617 2407 2671 duxit
2433 2616 2817 2683 captivitatem,
2838 2622 2891 2668 et
2915 2613 3058 2667 dedit
3084 2612 3221 2665 dona
3250 2611 3476 2664 homini-

1952 2708 2051 2761 bus
2073 2709 2138 2761 ".
2177 2726 2194 2757 ›
2229 2706 2351 2759 Haec
2382 2720 2543 2774 porro
2583 2705 2717 2757 facta
2759 2711 2881 2758 sunt
2907 2711 3183 2771 postquam
3228 2700 3477 2769 discipuli

1954 2797 2245 2850 Salvatoris
2280 2794 2657 2863 Hierosolyma:
2680 2794 3099 2862 persecutionem
3147 2792 3292 2860 passi
3332 2797 3475 2845 sunt.

1950 2886 2038 2937 Ait
2066 2887 2241 2954 itaque
2269 2883 2543 2952 Scriptura
2571 2901 2586 2936 :
2619 2901 2637 2934 ι
2676 2882 2837 2936 Facta
2857 2890 2939 2936 est
2968 2880 3266 2950 persecutio
3290 2894 3477 2947 magna

1951 2976 2005 3028 in
2026 2974 2386 3043 Eeclesiaquze
2407 2983 2521 3027 erat
2546 2973 2945 3041 Hierosolymis,
2969 2979 3021 3025 et
3044 2985 3230 3026 omnes
3250 2970 3475 3038 dispersi

1953 3072 2078 3120 sunt
2098 3065 2179 3128 ²¹;
2214 3083 2231 3113 ι
2259 3077 2319 3115 ac
2348 3078 2559 3116 rursum
2591 3080 2604 3115 :
2637 3079 2655 3111 ι
2692 3060 2854 3130 Igitur
2904 3061 2997 3129 qui
3045 3059 3271 3127 dispersi
3324 3066 3478 3112 erant

1954 3153 2372 3222 pertransibant,
2399 3152 2824 3221 evangelizantes
2854 3151 3073 3203 verbum
3108 3151 3173 3205 “.
3213 3167 3233 3199 ι
3281 3147 3477 3202 Deinde

1946 3243 2145 3296 dictum
2180 3249 2281 3303 est,
2303 3256 2406 3309 qua
2432 3242 2637 3293 ratione
2663 3239 3009 3293 Samaritanis
3031 3238 3473 3305 evangelizarent,

1944 3338 1996 3383 et
2028 3330 2297 3398 quomodo
2329 3328 2555 3397 apostoli
2591 3326 2847 3395 Spiritum
2896 3334 3138 3378 sanctum
3192 3325 3324 3391 ipsis
3376 3325 3476 3377 im-

1946 3420 2222 3488 pertirent.
2258 3416 2688 3470 Demonstratum
2725 3428 2851 3481 ergo
2879 3423 2961 3467 est
2985 3429 3149 3482 quare
3177 3414 3378 3467 dictum
3403 3414 3476 3467 si:

1945 3508 2096 3569 illud,
2130 3524 2147 3556 ι
2185 3505 2494 3566 Exaltabor,
2521 3511 2571 3557 et
2608 3504 2841 3557 dividam
2865 3504 3119 3557 Sichima.
3154 3522 3172 3553 ›
3205 3502 3336 3555 Nam
3363 3502 3477 3556 haec

1943 3597 2121 3650 omnia
2174 3594 2523 3663 implebantur
2565 3601 2845 3663 postquam
2903 3593 3144 3645 Salvator
3208 3592 3479 3645 exaltatus

1943 3693 2043 3739 est.
2071 3684 2271 3737 Dixerit
2300 3683 2481 3737 forsan
2509 3684 2667 3747 alius,
2690 3684 2814 3752 quia
2844 3684 2969 3736 olim
2999 3681 3303 3736 Iudaeorum
3324 3683 3492 3736 locus.

1944 3786 2078 3839 erat,
2117 3790 2261 3828 nunc
2315 3784 2490 3829 autem
2541 3782 2661 3843 post
2705 3774 2999 3828 Salvatoris
3046 3774 3215 3827 nostri
3265 3787 3475 3826 assum-

1945 3865 2200 3933 ptionem,
2258 3865 2456 3919 Graecis
2504 3874 2556 3917 et
2611 3864 2963 3918 Samaritanis
3021 3878 3307 3918 concessus
3358 3860 3476 3917 fue-

1946 3965 2047 4018 rat,
2082 3957 2200 4008 ideo
2220 3956 2441 4018 dictum,
2471 3972 2488 4003 ι
2517 3955 2818 4016 Exaltabor,
2837 3953 3130 4007 etdividam
3155 3952 3390 4017 Sichima
3414 3970 3493 4017 ;,›.

1947 4046 2039 4099 sed
2067 4046 2248 4110 etiam,
2280 4063 2298 4095 ι
2345 4046 2635 4099 convallem
2672 4044 3129 4096 tabernaculorum
3155 4043 3416 4094 dimetiar.
3450 4058 3487 4090 ι.

1944 4136 2246 4189 Convallem
2295 4136 2664 4189 universorum
2703 4134 2976 4187 hominum
3018 4129 3343 4184 domicilium
3382 4145 3475 4182 vo-

1947 4240 2071 4278 care
2107 4225 2382 4277 consuevit
2422 4223 2760 4291 propheticus
2785 4235 2994 4275 sermo:
3028 4232 3190 4287 quare
3218 4217 3343 4270 alibi
3391 4216 3475 4271 di-

1948 4324 2092 4367 ctum
2131 4322 2251 4367 est:
2290 4332 2308 4363 ι
2362 4312 2633 4380 Disposuit
2684 4313 2737 4364 in
2783 4311 2916 4363 valle
2959 4306 3401 4376 lacrymarum“.
3449 4324 3477 4356 ι.

273 4397 500 4464 τρήσω.
543 4414 562 4446 ι
601 4391 837 4445 Κοιλάδα
867 4391 921 4442 δὲ
963 4390 1146 4442 εἴωθεν
1175 4392 1451 4461 ὀνομάζειν
1476 4396 1503 4445 6
1524 4396 1846 4464 προφητικὸς

1952 4403 2061 4456 lioe
2089 4403 2264 4470 itaque
2294 4402 2563 4462 hominum
2602 4402 2840 4454 omnium
2877 4398 3226 4457 domicilium,
3259 4406 3311 4450 et
3339 4410 3479 4448 cons

274 4480 447 4548 λόγος
481 4482 542 4533 τὸ
573 4480 790 4531 πάντων
819 4476 1113 4547 ἀνθρώπων
1152 4480 1483 4548 οἰκητήριον·
1512 4480 1588 4532 διὸ
1610 4480 1846 4534 λέλεκται

274 4572 561 4642 ἀλλαχοῦο
612 4588 631 4619 ι
680 4565 889 4618 Διέθετο
934 4568 1013 4628 εἰς
1053 4567 1147 4635 τὴν
1190 4569 1403 4621 κοιλάδα
1442 4570 1533 4622 τοῦ
1565 4571 1846 4641 κλαυθμῶ-

276 4679 405 4725 νος.
433 4684 452 4715 ›
485 4662 662 4715 Τοῦτο
706 4658 769 4727 δὴ
815 4654 905 4709 οὖν
936 4657 997 4708 τὸ
1040 4659 1248 4711 πάντων
1295 4660 1587 4729 ἀνθρώπων
1627 4664 1845 4731 οἰκητή-

281 4770 429 4823 ριον,
478 4754 576 4806 καὶ
635 4751 733 4820 τὴν
787 4749 1005 4804 κοιλάδα
1054 4750 1251 4817 ταύτην
1305 4750 1620 4820 ἐκκλησιῶν,
1666 4753 1847 4820 φησὶν,

278 4846 531 4913 ἐμαυτοῦ
590 4843 891 4914 πληρώσω·
941 4842 969 4893 ὃ
1012 4841 1074 4910 δὴ
1106 4842 1389 4893 αἰνίττεται
1419 4842 1606 4907 λέγων,
1640 4861 1657 4891 ι
1708 4844 1847 4913 Σκη-

282 4932 403 4983 νῶν
429 4934 799 5003 διαμετρήσω.
843 4950 862 4981 ›
914 4930 1023 4982 Καὶ
1044 4933 1071 4982 6
1108 4932 1333 4993 Ἀκύλας
1364 4932 1419 4983 δὲ
1466 4930 1649 4983 τοῦτον
1671 4934 1847 5003 ἡρμή-

284 5038 450 5075 νευσε
501 5024 597 5074 τὸν
645 5021 865 5090 τρόπον,
900 5037 919 5069 ι
962 5020 1191 5073 Κοιλάδα
1238 5021 1579 5089 συσκιασμῶν
1616 5038 1850 5092 καταμε-

286 5114 499 5182 τρήσω.
532 5131 551 5163 ι
591 5107 703 5162 Εἶθ’
734 5109 925 5177 ὥσπερ
964 5109 1109 5175 ἐμὸς,
1143 5111 1286 5177 φησὶ,
1320 5110 1535 5175 γέγονεν
1566 5112 1593 5161 6
1621 5111 1848 5178 Γαλαὰδ,

290 5202 393 5252 καὶ
413 5202 545 5271 ἐμὸς
578 5198 770 5265 γέγονέ
802 5212 934 5248 ποτε
966 5199 994 5247 6
1032 5198 1334 5266 Μανασσῆς,
1381 5198 1471 5248 καὶ
1511 5198 1743 5268 Ἐφραῒμ
1783 5198 1849 5271 ἦν

291 5305 441 5353 ποτε,
474 5292 564 5343 ὅτε
606 5287 850 5355 ὑπῆρχε,
887 5302 906 5333 ι
943 5287 1261 5352 κραταίωσις
1284 5288 1379 5353 τῆς
1399 5285 1637 5354 κεφαλῆς
1665 5305 1786 5356 μου,
1824 5311 1842 5343 ι

280 5375 338 5441 ἧν
384 5381 525 5435 κατά
578 5379 673 5431 τὸν
723 5374 1041 5441 Σύμμαχον,
1071 5393 1087 5423 ι
1126 5378 1271 5446 ἰσχὺς
1312 5376 1407 5443 τῆς
1453 5374 1622 5443 ἀρχῆς
1650 5394 1752 5445 μου
1776 5396 1789 5408 .
1822 5401 1843 5432 ι

270 5462 475 5536 δμοίως
488 5487 548 5523 τε
567 5468 790 5534 ὥσπερ,
822 5456 895 5528 ἦν
911 5476 1034 5512 ποτε
1065 5480 1083 5512 ι
1116 5465 1143 5514 6
1173 5465 1359 5525 Ἰούδας
1392 5461 1635 5529 βασιλεύς
1676 5484 1803 5537 μου,
1820 5491 1839 5523 ,

307 5627 379 5682 ιν
409 5646 689 5699 Αρινιη,
733 5627 930 5682 14-17.
1001 5633 1042 5663 ²⁰
1060 5631 1194 5688 Psal.
1229 5649 1388 5699 mu,
1431 5633 1512 5688 i9.
1588 5639 1763 5695 "Act.
1804 5660 1847 5697 vs

1951 4491 2136 4544 vallem
2167 4490 2343 4550 istam,
2374 4488 2634 4550 ecclesiis,
2666 4487 2867 4555 inquit,
2900 4485 3032 4541 meis
3059 4483 3292 4550 replebo.
3323 4480 3475 4547 Quod

1950 4580 2034 4634 his
2063 4580 2238 4633 verbis
2260 4578 2581 4639 subindieat,
2605 4594 2622 4627 ι
2654 4575 3134 4629 Tabernaculorum
3159 4575 3424 4629 dimetiar.
3449 4592 3467 4622 ι

1950 4669 2139 4736 Aquila
2164 4682 2287 4721 vero
2310 4666 2388 4720 sic
2422 4667 2801 4733 interpretatus
2832 4672 2931 4725 est,
2977 4680 2995 4711 ι
3025 4662 3333 4717 Convallem
3359 4677 3476 4715 um-

1951 4755 2288 4807 braculorum
2319 4754 2525 4807 metiar.
2562 4772 2579 4803 ι
2614 4752 2910 4815 Deinde,ut
2930 4749 3074 4810 olim,
3100 4750 3295 4817 inquit,
3327 4763 3477 4801 meus

1950 4844 2051 4897 fuit
2099 4844 2293 4898 Galaad
2322 4882 2337 4907 ,
2392 4856 2540 4895 meus
2571 4842 2695 4893 item
2726 4840 2997 4894 Manasses
3022 4874 3036 4898 ,
3075 4845 3131 4889 et
3187 4837 3436 4905 Ephraim
3460 4876 3475 4899 ,

1955 4952 1974 4984 ι
2012 4934 2263 4986 fortitudo
2287 4932 2472 4999 capitis
2499 4931 2601 4983 mei
2634 4949 2652 4981 ι
2681 4929 2947 4998 quondam
2967 4931 3113 4987 erat;
3148 4926 3483 4989 sive,secun-

1950 5022 2073 5074 dum
2099 5020 2492 5090 Symmachum,
2520 5037 2539 5068 ι
2572 5018 2733 5072 robur
2762 5015 3091 5084 principatus
3124 5013 3259 5074 mei;
3290 5028 3306 5061 ο
3342 5012 3487 5071 item,

1952 5122 2009 5163 ut
2033 5111 2157 5163 olim
2186 5128 2203 5160 ι
2242 5108 2405 5163 Judas
2457 5123 2549 5161 rex
2596 5123 2745 5160 meus
2786 5126 2805 5156 ι
2851 5104 2990 5160 fuit;
3042 5107 3137 5150 aut
3198 5096 3495 5151 secundum

1950 5198 2215 5267 Aquilam,
2252 5215 2270 5247 ι
2308 5194 2472 5251 Judas
2501 5194 2725 5263 diligens
2774 5187 3065 5259 inquisitor
3096 5198 3299 5245 meus;
3344 5191 3362 5231 ί
3407 5195 3500 5233 ea-

1952 5290 2069 5343 dem
2100 5302 2319 5358 prorsus
2346 5286 2650 5340 conditione
2677 5284 2777 5339 erit
2801 5279 3251 5345 alienigenarum
3286 5272 3432 5338 regio
3457 5279 3510 5320 et

1954 5380 2100 5444 urbs,
2132 5394 2248 5447 quae
2277 5378 2474 5434 dicitur
2517 5375 2707 5430 Moab:
2757 5372 3033 5428 ellicietur
3082 5365 3245 5418 enim
3306 5379 3326 5409 ι
3373 5361 3519 5413 lebes

1954 5471 2065 5539 spei
2094 5484 2255 5534 mea;
2295 5487 2313 5519 ι
2356 5468 2457 5532 vel,
2508 5468 2801 5521 secundum
2834 5459 3143 5529 Aquilam,
3195 5471 3216 5502 ι
3262 5451 3417 5505 lebes
3447 5451 3527 5502 la-

2188 5642 2315 5699 ibid.
2344 5644 2399 5698 Δ.
2477 5640 2676 5697 "Psal.
2714 5651 2927 5703 sum,
2967 5634 3031 5689 6.
