3818 6374
398 367 501 423 567

1047 358 1309 417 EUSEBII
1346 315 1808 409 CESABIENSIS
1838 346 1983 401 OPP.
2020 340 2199 397 PARS
2231 336 2317 391 111.
2338 367 2407 377 ——
2441 324 2852 386 EXEGETICA.

3539 304 3637 358 568

399 481 544 536 vacri
574 480 714 545 mci;
752 499 769 530 ι
804 487 894 532 aut
922 495 942 527 ι
978 477 1118 530 lebes
1154 469 1453 526 securitatis
1483 481 1631 526 mete,
1671 483 1688 515 ι
1733 477 1922 517 secun-

2101 454 2241 508 κατὰ
2268 452 2355 505 τὸν
2380 447 2623 505 Ἀκύλαν,
2659 464 2677 493 ι
2700 442 2911 499 Ἰούδας
2948 426 3319 502 ἀκριϐαστής
3345 440 3478 493 μου·
3511 421 3639 474 »τὸν

2283 542 2292 545 ‘
2423 540 2443 545 μ
2666 534 2678 545 ·
2726 535 2738 545 ·
2826 530 2850 539 ··
2932 525 3019 545 axx
3038 520 3173 545 -..-'.\
3189 538 3202 545 -
3223 535 3269 545 ι..
3286 514 3436 545 ...ἔφη
3467 529 3527 545 ιρι,
3554 513 3637 545 νηὶ

398 572 526 625 dum
562 570 955 640 Symmachum.
994 562 1241 632 Epliraim
1279 574 1405 613 vero
1431 555 1794 610 fortitudinem
1824 568 1914 605 ca-

400 663 524 730 pitis
551 661 654 716 sui.
688 660 799 713 sive
829 657 992 709 robur
1014 651 1341 721 principatus
1371 647 1475 706 sui,
1507 644 1713 699 vocavit.
1738 661 1751 695 :
1784 655 1917 709 quo-

402 752 540 805 niam
564 750 652 818 qui
673 764 735 801 ex
762 746 901 798 tribu
929 742 1176 811 Ephraim
1203 740 1326 792 olim
1381 743 1688 804 regnarunt,
1727 733 1777 785 in
1825 743 1919 782 no—

399 854 513 893 vem
539 846 591 891 et
618 834 886 889 dimidiam
941 846 1004 884 ex
1050 829 1293 883 tribubus
1345 824 1503 880 lsrael
1541 822 1816 892 imperium
1864 819 1915 871 in

402 924 638 980 Samaria
669 922 1032 974 obtinuerunt.

2020 513 2178 598 αῦτὺν
2202 542 2397 613 τρόπον
2421 540 2569 590 ἔσται
2595 534 2689 586 καὶ
2716 535 2750 600 ἡ
2780 530 2896 582 τῶν
2922 520 3269 589 ἀλλοφύλων
3286 514 3440 613 χῶρα
3467 513 3641 613 τεκαὶ

2020 634 2171 695 πόλις
2302 627 2606 695 καλουμένη
2650 619 2828 675 Μωάϐ
2851 636 2864 648 ο
2905 614 3237 698 γενήσεται
3248 696 3258 698 ῃ
3290 604 3402 674 γὰρ
3434 620 3452 652 ι

2017 724 2112 791 τῆς
2152 692 2375 779 *ἐλπίδος
2411 692 2531 786 μου,
2571 692 2677 783 ιη,
2712 708 2858 762 κατὰ
2918 704 3021 756 τὸν
3098 695 3379 750 Ἀκῦλανο
3429 712 3455 751 ι
3489 692 3643 791 λέϐης

2019 783 2240 880 λουτροῦ
2283 783 2422 877 μου(
2459 824 2477 856 ›
2511 804 2566 873 ἢ,
2602 822 2620 852 ι
2654 800 2823 867 λέϐης
2872 790 3246 880 ἀμεριμνίας
3283 802 3411 855 μου,
3453 803 3492 880 ι.
3512 783 3644 835 κατὰ

2019 901 2105 953 τὸν
2149 873 2462 967 Σύμμαχον.
2496 893 2599 944 Τὸν
2625 891 2683 943 δὲ
2729 884 2988 953 Ἐφραῖμ
3022 877 3391 949 κραταίωσιν
3429 873 3531 967 της

400 960 575 1088 Ξαλῆς.
601 1014 784 1073 ἑαυτοῦ
829 1013 1119 1082 ὠνόμασεν,
1156 1009 1189 1078 ἢ
1249 1008 1396 1078 ἰσχὺν
1423 1007 1520 1075 τῆς
1548 1004 1714 1077 ἀρχῆς
1747 996 1956 1053 ἑαυτοῦ·
1996 960 2287 1061 ἐπειδήπερ
2308 960 2442 1040 oti—sx
2469 985 2641 1054 φυλῆς
2681 979 2931 1049 Ἐφραῒμ
2960 968 3420 1044 βασιλεύσαντες
3482 960 3644 1033 ἧρξάν

400 1086 534 1162 ποτε
560 1111 616 1163 ὲν
646 1112 709 1179 τῇ
744 1105 1019 1176 Σαμαρείᾳ
1060 1102 1165 1155 τῶν
1203 1100 1353 1153 ὲννέα
1396 1101 1563 1168 ἥμισυ
1608 1095 1783 1164 φυλῶν
1810 1092 1900 1145 τοῦ
1935 1086 2162 1179 Ἰσραήλ,

468 1198 598 1251 Cum
627 1205 802 1250 autem
831 1192 936 1245 duo
963 1189 1177 1258 Iosephi
1208 1188 1299 1240 ﬁlii
1332 1186 1547 1245 fuerint,
1584 1182 1831 1251 Ephraim
1875 1184 1927 1231 et

400 1286 670 1340 Manasses
701 1303 713 1338 :
755 1282 1096 1351 Ephraimitae
1124 1293 1243 1333 sese
1277 1278 1344 1330 ab
1398 1274 1692 1329 Jerusalem
1744 1284 1927 1338 segre-

399 1379 604 1439 gantes,
636 1371 692 1422 in
722 1366 982 1428 Samaria.
1016 1366 1128 1420 sive
1174 1364 1227 1416 in
1267 1363 1512 1431 praedicta
1545 1359 1767 1429 Sychem
1812 1370 1929 1424 quae

397 1469 450 1513 et
514 1459 787 1520 Sichima,
854 1457 1053 1525 regiam
1106 1455 1518 1507 constituerunt.
1576 1447 1929 1514 Quamobrem

399 1552 598 1604 dictum
651 1557 771 1602 est:
811 1564 831 1597 ι
875 1545 1125 1614 Ephraim
1185 1542 1440 1596 fortitudo
1494 1540 1684 1607 capitis
1724 1536 1859 1598 mei,
1907 1556 1926 1587 ›

399 1642 536 1703 sive,
575 1657 593 1689 ι
649 1638 813 1692 robur
868 1635 1197 1704 principatus
1252 1633 1375 1686 mei.
1429 1649 1446 1680 ι
1488 1630 1588 1695 Qui
1644 1635 1817 1681 autem
1866 1639 1933 1678 ex

401 1731 545 1783 tribu
571 1728 813 1782 Manasse
858 1725 1094 1786 fuerunt,
1134 1722 1329 1777 Galaad
1366 1721 1693 1775 obtinebant.
1758 1716 1932 1780 Quare

401 1821 603 1873 dictum
629 1825 710 1871 est
734 1836 747 1870 :
789 1835 806 1867 ι
844 1815 988 1868 Meus
1017 1821 1098 1868 est
1118 1812 1337 1873 Galaad,
1359 1818 1412 1865 et
1441 1824 1590 1862 meus
1623 1815 1705 1862 est
1731 1805 1932 1858 Manas-

403 1924 508 1963 ses.
549 1926 567 1958 ι
602 1906 732 1959 Nam
765 1906 914 1958 locus
937 1902 1132 1957 Galaad
1156 1908 1374 1955 vocatus
1395 1908 1496 1961 est,
1530 1908 1581 1953 et
1609 1897 1932 1950 habitatores

400 1996 673 2051 Manasses
703 1995 948 2063 appellati
1003 2000 1150 2046 sunt.
1189 1990 1257 2044 Ut
1309 1991 1468 2058 igitur
1508 1988 1582 2041 illi
1608 2026 1624 2047 ,
1665 1987 1769 2047 ait,
1830 1985 1933 2039 mei

404 2088 569 2152 fuere,
604 2086 808 2139 scilicet
858 2084 950 2136 ﬁlii
982 2081 1245 2142 Manasse,
1271 2079 1469 2134 Galaad
1518 2078 1811 2131 incolentes
1834 2115 1848 2138 ,
1880 2085 1933 2130 et

403 2177 493 2244 qui
532 2177 585 2229 in
623 2173 873 2228 Sichimis
912 2172 1093 2241 populi
1147 2169 1505 2238 principatum
1540 2176 1757 2222 tenuere
1782 2205 1796 2227 ,
1839 2164 1932 2217 ﬁlii

404 2264 683 2333 Ephraim;
714 2261 843 2331 quin
872 2261 1029 2312 etiam
1070 2265 1127 2310 ut
1181 2257 1219 2311 ii
1277 2257 1365 2325 qui
1416 2256 1468 2308 in
1499 2255 1611 2323 ipsa
1639 2252 1932 2307 Jerusalem

404 2353 698 2421 regnabant
746 2365 811 2403 ex
869 2348 1009 2401 tribu
1058 2345 1213 2408 Juda,
1249 2347 1349 2398 mei
1388 2352 1440 2399 et
1498 2359 1626 2397 mea:
1674 2341 1933 2411 portionis

405 2445 558 2491 erant
601 2452 779 2506 rcges;
820 2436 897 2488 sic
943 2435 1228 2502 aliquando
1275 2448 1404 2486 mete
1429 2439 1587 2486 erunt
1627 2431 1935 2498 alienigenae

407 2534 610 2593 gentes.
656 2524 850 2579 Omnes
877 2538 1036 2592 porro
1080 2522 1403 2590 alienigenas
1430 2537 1523 2589 per
1547 2520 1699 2573 Moab
1725 2531 1772 2573 et
1814 2517 1935 2571 ldu-

409 2627 593 2667 luteam
624 2613 854 2675 indicat,
906 2613 960 2664 in
998 2611 1205 2664 duabus
1257 2610 1363 2663 illis
1400 2610 1645 2678 gentibus
1668 2648 1683 2669 ,
1740 2608 1934 2676 quibus

410 2702 733 2771 prohibitum
763 2710 878 2755 erat
908 2700 1110 2768 ingredi
1149 2699 1205 2751 in
1224 2698 1516 2752 Ecclesiam
1550 2698 1660 2758 Dei,
1700 2698 1933 2765 reliquas

410 2805 595 2844 carnes
643 2803 745 2841 una
802 2788 1129 2854 complexus.
1201 2784 1465 2853 Scriptum
1522 2800 1750 2852 namque
1808 2794 1928 2837 est:

416 2896 434 2927 ι
470 2876 783 2931 Ammonitm
812 2884 864 2928 et
889 2874 1129 2927 Moabitae
1156 2887 1261 2924 non
1284 2870 1649 2939 ingrcdientur
1670 2870 1721 2922 in
1755 2870 1934 2921 Eccle-

412 2967 547 3019 siam
573 2954 1004 3032 Uomini,’usque
1026 2963 1089 3016 ad
1121 2962 1325 3016 tertiam
1360 2967 1413 3014 et
1443 2968 1683 3029 quartam
1711 2973 1932 3028 genera-

2091 1148 2193 1224 Ᾱύο
2218 1172 2271 1223 δὲ
2316 1168 2518 1221 παίδων
2546 1162 2855 1232 γενομένων
2874 1158 2961 1228 τῷ
2998 1154 3244 1224 Ἰωσὴφ,
3270 1149 3375 1204 τοῦ
3417 1148 3647 1219 Ἑφραῖμ

2025 1264 2114 1315 καὶ⁵
2139 1260 2229 1313 τοῦ
2255 1256 2539 1324 Μανασσῆ,
2572 1257 2619 1306 οἱ
2655 1253 2752 1321 μὲν
2781 1249 2879 1300 τοῦ
2926 1244 3217 1315 Ἐφραῖμ,
3244 1240 3647 1307 ἁποσχίσαντες

2025 1353 2120 1420 τῆς
2159 1346 2524 1419 Ἰερουσαλὴμ,
2552 1346 2607 1395 ὲν
2630 1345 2696 1411 τῇ
2723 1338 3026 1408 Σαμαρείᾳ
3050 1335 3157 1386 καὶ⁸
3184 1336 3257 1401 τῇ
3287 1328 3648 1401 προλεχθείσῃ

2026 1418 2205 1509 Συχὲμ
2233 1418 2301 1507 τῇ
2336 1438 2428 1488 καὶ
2457 1435 2655 1502 Σίκιμα
2705 1429 3069 1495 συνέστησαν
3112 1424 3182 1475 τὸ
3233 1420 3517 1490 βασίλειον
3536 1437 3551 1450 ο
3576 1418 3648 1471 διὸ

2025 1530 2293 1581 λέλεκται·
2318 1545 2335 1575 ι
2376 1522 2614 1593 Ἐφραῒμ
2644 1517 2993 1590 κραταίωσις
3027 1515 3144 1582 τῆς
3181 1510 3447 1579 κεφαλῆς
3481 1526 3597 1578 μου,
3627 1528 3643 1558 ι

2024 1618 2080 1687 ἢ,
2117 1636 2132 1665 ι
2179 1616 2326 1683 ἰσχὺς
2351 1612 2448 1680 τῆς
2481 1609 2655 1680 ἀρχῆς
2689 1620 2823 1676 μου·
2865 1623 2884 1654 ι
2928 1604 2979 1652 οἱ
3017 1601 3082 1652 δὲ
3118 1602 3192 1651 ὲκ
3235 1596 3339 1649 τοῦ
3388 1593 3645 1661 Μανασσῆ

2027 1685 2301 1775 γενόμενοι
2356 1703 2509 1771 ἔσχον
2556 1701 2656 1768 τὴν
2696 1695 2948 1749 Γαλαὰδ’
2995 1692 3087 1745 διὸ
3148 1690 3417 1760 εἴρηται·
3444 1705 3462 1736 c
3500 1685 3647 1753 Ἐμός

1960 1762 2001 1815 Β
2030 1762 2390 1856 έστιιΓαλαὰδ,
2418 1762 2512 1844 καὶ
2546 1762 2677 1859 ἐμός
2707 1790 2823 1840 ἐστι
2855 1783 3211 1851 Μανασσῆς.
3254 1800 3274 1831 ι
3329 1779 3391 1831 ’0
3423 1778 3520 1847 μὲν
3551 1776 3647 1845 γὰρ

2026 1887 2185 1949 τόπος
2215 1888 2278 1938 ὲκ
2309 1885 2401 1937 τοῦ
2438 1882 2649 1935 Γαλαὰδ
2683 1878 3055 1949 ἐσημαίνετο,
3084 1877 3141 1927 οἱ
3184 1872 3247 1925 δὲ
3275 1873 3567 1941 οἰκήτορες
3593 1872 3648 1920 ἐκ

2028 1976 2118 2027 τοῦ
2171 1972 2451 2041 Μανασσῆ.
2509 1971 2719 2039 Ὥσπερ
2763 1963 2858 2017 οὖν
2917 1960 3106 2023 οὗτοι,
3154 1961 3346 2028 φησὶ,
3377 1960 3647 2027 γεγόνασιν

2030 2065 2170 2133 ἐμοὶ,
2197 2063 2249 2113 οἵ
2270 2078 2327 2113 τε
2361 2060 2455 2130 τὴν
2477 2058 2690 2111 Γαλαὰδ
2714 2058 3061 2123 οἰκήσαντες
3090 2052 3210 2103 υἱοὶ
3242 2049 3550 2117 Μανασσῆ,
3568 2048 3648 2099 καὶ

2029 2152 2077 2201 οἱ
2123 2153 2177 2201 ἐν
2221 2150 2461 2217 Σικίμοις
2510 2146 2773 2215 ἄρξαντες
2826 2143 2928 2195 τοῦ
2970 2141 3123 2193 λαοῦ
3189 2140 3313 2192 υἱοὶ
3389 2137 3644 2209 Ἐφραίμο

2030 2239 2161 2291 ἀλλὰ
2210 2241 2303 2290 καὶ
2350 2238 2423 2299 ὠς
2472 2237 2530 2287 ἐν
2578 2235 2712 2303 αὐτῇ
2762 2237 2829 2302 τῇ
2871 2230 3276 2301 Ἰερουσαλὴμ
3321 2230 3375 2280 οἱ
3402 2231 3467 2279 ἐκ
3495 2226 3647 2295 φυλῆς

2043 2330 2206 2382 Ἰούδα
2231 2327 2639 2398 βασιλεύσαντες
2660 2321 2801 2394 ἦσαν
2826 2325 2984 2393 ἐμοὶ,
3004 2322 3110 2374 καὶ
3131 2322 3242 2389 τῆς
3268 2321 3426 2389 ἐμῆς
3454 2317 3648 2388 μερίδος

2033 2420 2296 2489 βασιλεῖς”
2325 2417 2493 2478 οὕτως
2531 2416 2682 2467 ἔσται
2723 2414 2857 2465 ποτὲ
2924 2413 3048 2482 ἐμὰ
3101 2414 3210 2463 καὶ
3261 2412 3342 2462 τὰ
3376 2410 3484 2461 τῶν
3511 2408 3648 2461 ἀλλο-

2045 2510 2222 2577 φύλων
2267 2508 2411 2577 ἔθνη.
2465 2506 2628 2575 Δηλοῖ
2668 2506 2725 2557 δὲ
2772 2506 2999 2566 πάντας
3036 2503 3410 2570 ἀλλοφύλους
3450 2499 3533 2551 διὰ
3568 2496 3649 2550 τοῦ

2038 2598 2210 2653 Μωὰϐ
2269 2598 2360 2649 καὶ
2432 2596 2521 2647 διὰ
2596 2595 2695 2663 τῆς
2763 2593 3122 2662 Ἰδουμαίας,
3176 2594 3249 2643 ἐκ
3314 2591 3415 2643 δύο
3466 2589 3651 2640 τούτων

2036 2694 2205 2747 ἐθνῶν
2254 2692 2360 2744 τῶν
2397 2687 2860 2759 ἀπηγορευμένων
2914 2687 3171 2737 εἰσιέναι
3230 2688 3323 2747 εἰς
3384 2684 3482 2753 τὴν
3544 2682 3651 2732 Ἐκ-

2032 2782 2257 2853 κλησίαν
2309 2778 2400 2831 τοῦ
2460 2776 2594 2829 Θεοῦ
2647 2777 2741 2827 καὶ
2773 2775 2845 2826 τὰ
2870 2774 3053 2826 λοιπὰ
3099 2774 3303 2827 πάντα
3362 2770 3650 2842 παραδεξά-

2034 2891 2207 2944 μενος.
2240 2871 2545 2940 Γέγραπται
2574 2866 2703 2935 γοῦν
2723 2884 2734 2896 ·
2771 2886 2789 2916 ‹
2840 2867 3213 2935 Ἀμμανῖται
3251 2866 3355 2917 καὶ
3384 2862 3651 2916 Μωαϐῖται

2030 2966 2128 3018 οὐκ
2160 2961 2546 3015 εἰσελεύσονται
2584 2959 2663 3019 είς
2698 2955 3050 3026 Ἐκκλησίαν
3082 2958 3321 3027 Κυρίου
3352 2957 3459 3018 ’ἐως
3485 2954 3654 3023 τρίτης

412 3058 632 3122 tionem,
655 3064 707 3110 et
736 3070 905 3124 usque
944 3054 998 3107 in
1042 3054 1293 3107 saeculum
1336 3052 1402 3105 ’ἢ
1434 3072 1452 3103 ι
1487 3051 1640 3105 Moab
1672 3063 1845 3103 autem
1884 3057 1936 3103 et

2091 3053 2127 3104 ιὶ
2158 3051 2416 3118 τετάρτης
2456 3047 2666 3113 γενεᾶς,
2692 3045 2787 3096 καὶ
2812 3043 2925 3106 ἓως
2952 3047 3045 3107 είς
3074 3045 3177 3097 τὸν
3214 3045 3425 3097 αἰῶνα.
3456 3064 3473 3094 ι
3496 3042 3651 3096 Μωάϐ

412 3149 639 3201 Ammon
685 3145 777 3198 ﬁlii
819 3144 917 3197 Lot
955 3144 1129 3209 fuere,
1159 3158 1221 3197 ex
1258 3142 1517 3195 scelerata
1565 3141 1654 3193 illa
1709 3140 1935 3193 ﬁliarum

414 3248 630 3289 suarum
653 3232 1043 3294 commistione,
1073 3239 1229 3300 atque
1252 3248 1316 3286 ex
1343 3228 1670 3282 Sodomitico
1697 3230 1933 3284 semine:

415 3339 641 3394 quorum
676 3322 1094 3383 successionem,
1133 3320 1392 3375 Moabitas
1446 3320 1694 3373 nimirum
1728 3327 1779 3372 et
1807 3319 1937 3372 Am-

415 3415 662 3473 monitas,
696 3414 779 3467 lex
818 3412 1014 3481 Moysis
1044 3413 1305 3480 repudiat.
1338 3411 1404 3463 At
1448 3411 1531 3463 lex
1566 3424 1801 3479 prmsens
1839 3409 1939 3479 ipsi

418 3505 570 3558 Moab
598 3504 955 3573 pulcherrima
1012 3504 1327 3564 annuntiat,
1358 3501 1582 3555 dicens:
1623 3519 1642 3551 ι
1681 3499 1833 3553 Moab
1861 3500 1939 3553 le-

420 3595 514 3647 bes
538 3594 650 3662 spei
681 3608 849 3657 mea};
896 3611 914 3642 ι
951 3593 1100 3645 alteri
1129 3608 1257 3646 vero
1283 3592 1424 3661 genti
1452 3591 1593 3646 Esau
1622 3599 1753 3644 ortae
1804 3591 1942 3644 bona

419 3682 718 3741 denuntiat,
740 3682 852 3733 haec
880 3679 1137 3745 adjiciens
1170 3699 1182 3733 :
1220 3698 1239 3729 ι
1270 3682 1327 3732 1η
1348 3679 1627 3733 Ιὰυῐησιειῐῐι
1658 3678 1940 3734 extendam

424 3771 838 3824 calceamentum
887 3784 1082 3822 meum.
1132 3787 1151 3819 ι
1197 3768 1423 3821 ldumzea
1470 3783 1631 3834 porro
1665 3768 1731 3820 ab
1778 3766 1943 3820 Edom

424 3873 615 3913 nomen
648 3860 853 3912 sortita.
883 3858 980 3912 Hic
1010 3867 1124 3913 erat
1168 3859 1305 3912 Esau
1350 3858 1416 3911 de
1447 3874 1552 3926 quo
1588 3859 1786 3912 dictum
1817 3866 1900 3911 est
1927 3876 1939 3910 :

432 3970 452 3998 ι
484 3948 559 4004 Ne
606 3950 727 4018 quis
774 3950 1034 4011 mmchus,
1071 3955 1163 4001 aut
1211 3947 1487 4017 profanus,
1523 3955 1580 4000 ut
1631 3947 1770 4001 Esau
1798 3948 1862 4001 ”.
1921 3962 1939 3996 ι

426 4039 700 4093 Sexcentze
735 4054 945 4107 quoque
982 4039 1096 4093 alia:
1148 4037 1437 4107 prophetiae
1469 4045 1655 4091 contra
1686 4037 1945 4091 Idumaeos

424 4138 475 4183 et
521 4129 801 4184 ldumazam
862 4130 1121 4185 feruntur.
1174 4127 1277 4182 Sed
1331 4129 1396 4182 iis
1457 4142 1666 4196 quoque
1713 4142 1945 4195 praesens

423 4234 598 4274 sermo
639 4220 995 4289 pulcherrima
1028 4218 1338 4280 annuntiat,
1377 4217 1587 4271 dicente
1636 4215 1777 4270 Deo:
1817 4236 1834 4266 ε
1888 4218 1946 4270 1η

426 4314 700 4369 ldumaeam
728 4315 1002 4369 extendam
1026 4313 1437 4368 calceamentum
1476 4325 1669 4365 meum.
1703 4329 1721 4361 ι
1749 4309 1947 4365 Deinde

2033 3143 2088 3194 δὲ
2120 3141 2211 3192 καὶ
2249 3137 2459 3207 Ἀμμὰν
2517 3135 2805 3202 γεγόνασιν
2865 3136 2982 3186 υἱοὶ
3045 3134 3191 3187 Λὼτ
3236 3137 3309 3188 ἐκ
3352 3135 3651 3206 παρανόμου

2038 3231 2230 3301 μίξεως
2261 3229 2367 3279 τῶν
2400 3225 2562 3279 αὑτοῦ
2597 3224 2944 3294 θυγατέρων,
2983 3225 3058 3277 ἐκ
3080 3242 3147 3277 τε
3173 3226 3283 3278 τοῦ
3322 3218 3654 3294 Σοδομιτικοῦ

2037 3322 2372 3391 σπέρματος*
2407 3310 2480 3369 ῶν
2505 3315 2602 3385 τὴν
2633 3315 2913 3383 διαδοχὴν,
2946 3316 3289 3379 Μωαϐίτας
3321 3317 3421 3369 καὶ
3461 3317 3654 3383 Ἀμμα-

2035 3411 2201 3473 νίτας,
2235 3406 2568 3475 ἁποϐλήτους
2593 3407 2828 3455 ποιεῖται
2850 3406 2880 3455 ό
2906 3405 3225 3470 Μωῦσέως
3256 3408 3448 3477 νόμος.
3479 3404 3606 3456 Ἀλλ’
3630 3404 3654 3455 ὁ

2037 3498 2221 3568 παρὼν
2258 3497 2416 3565 νόμος
2446 3496 2523 3564 τῷ
2559 3496 2654 3564 μὲν
2674 3494 2854 3546 Μωὰὸ
2890 3494 3359 3562 εὐαγγελίζεται
3412 3496 3654 3549 κάλλιστα

2036 3590 2229 3657 λέγων’
2264 3606 2281 3636 ι
2317 3584 2692 3652 Μωὰϐ,λέϐης
2718 3583 2822 3652 τῆς
2855 3583 3095 3647 ἐλπίδος
3150 3604 3265 3655 μου
3292 3605 3308 3619 ο
3352 3608 3372 3640 ι
3414 3587 3577 3655 ἑτέρῳ
3604 3582 3653 3634 δὲ

2038 3678 2175 3730 ἔθνει
2204 3676 2279 3745 τῷ
2306 3675 2410 3727 ἀπὸ
2433 3673 2525 3725 τοῦ
2565 3672 2735 3725 Ἡσαῦ
2766 3673 3064 3741 ὑφεστῶτι
3101 3676 3181 3727 τὰ
3211 3675 3441 3747 χρηστὰ
3470 3670 3653 3743 σημαί-

2038 3786 2136 3831 νει,
2183 3765 2453 3835 ἐπιφέρων
2502 3764 2659 3833 ὲξῆς’
2700 3781 2719 3811 ι
2768 3764 2895 3816 Ἐπὶ
2940 3764 3056 3834 τὴν
3104 3766 3442 3835 Ἰδουμαίαν
3471 3761 3655 3816 ἐκτενῶ

2039 3860 2097 3911 τὸ
2143 3856 2387 3925 ὑπόδημα
2422 3871 2541 3923 μου.
2575 3873 2594 3904 ι
2644 3853 2922 3922 Ἰδουμαία
2970 3854 3022 3905 δ’
3088 3857 3381 3926 ἐκέκλητο
3426 3855 3532 3909 ἀπὸ
3573 3851 3653 3905 τοῦ

2052 3946 2257 4015 Ἐδώμ·
2293 3938 2443 4004 οὗτος
2462 3935 2527 3995 ’δὲ
2554 3938 2624 4012 ἦν
2654 3944 2682 3994 ὁ
2716 3942 2890 3993 Ἡσαῦ
2924 3944 3070 4014 περὶ
3105 3939 3176 3997 οὗ
3199 3945 3465 3997 λέλεκται
3484 3960 3498 3972 ⁸
3527 3961 3543 3990 ι
3576 3942 3652 4006 Μή

2041 4052 2119 4097 τις
2146 4034 2356 4103 πόρνος,
2388 4032 2421 4099 ἢ
2468 4029 2714 4099 βέϐηλος,
2749 4031 2826 4092 ὡς
2864 4032 3078 4086 Ἡσαῦ.
3118 4054 3140 4084 ι
3178 4036 3404 4106 Μυρίαι
3431 4050 3490 4086 τε
3518 4029 3654 4085 ἄλλαι

2042 4125 2359 4195 προφητεῖαι
2394 4121 2533 4173 κατὰ
2553 4121 2661 4172 τῶν
2704 4123 3040 4191 Ἰδουμαίων
3074 4129 3181 4178 καὶ
3206 4129 3360 4181 κατὰ
3386 4128 3487 4197 τῆς
3522 4126 3655 4176 Ἰδου-

2047 4214 2205 4283 μαίας
2242 4212 2499 4281 εἰρηνται.
2547 4210 2684 4262 Ἀλλ’
2724 4212 2754 4262 ὁ
2789 4211 2994 4282 παρὼν
3045 4215 3225 4283 λόγος
3274 4218 3351 4271 τὰ
3410 4217 3656 4271 κάλλιστα

2045 4301 2137 4353 καὶ
2162 4299 2364 4361 τούτοις
2391 4299 2824 4368 εὐαγγελίζεται,
2850 4301 3128 4370 λέγοντος
3159 4308 3261 4360 τοῦ
3295 4308 3463 4361 Θεοῦο
3496 4326 3514 4355 ‹
3548 4304 3655 4357 Ἐπὶ

424 4420 549 4459 νει-ο
577 4406 642 4459 de
672 4406 891 4473 reliquis
929 4403 1173 4474 gentibus
1214 4400 1678 4456 indiscriminatim
1722 4401 1936 4468 subjun-

2091 4408 2140 4460 Ριν
2184 4389 2479 4459 Ἰδουμαίαν
2504 4391 2709 4444 ἐκτενῶ
2743 4391 2805 4444 τὸ
2843 4393 3124 4466 ὑπόδημα
3164 4417 3298 4469 μου.
3341 4420 3360 4451 ι
3395 4397 3509 4452 Εἴθ’
3544 4396 3655 4465 ἑξῆς

427 4498 537 4563 git:
575 4514 593 4545 ι
623 4495 751 4548 Mihi
774 4496 1081 4565 alienigenae
1105 4494 1301 4550 subditi
1329 4502 1473 4555 sunt,
1509 4509 1528 4543 ι
1561 4491 1693 4553 sive,
1734 4510 1752 4542 ι
1789 4492 1947 4546 amici

429 4586 551 4638 tacti
582 4592 723 4639 sunt.
757 4604 776 4635 ι
812 4584 965 4639 Moab
982 4601 1109 4640 vero
1140 4585 1361 4639 lebetem
1391 4583 1503 4651 spei
1525 4597 1633 4636 sua:
1661 4590 1834 4644 vocat,
1855 4598 1947 4637 seu

426 4678 644 4730 lebetem
670 4676 866 4728 lavacri
905 4677 1006 4736 sui,
1040 4682 1131 4727 aut
1170 4672 1473 4729 securitatis
1524 4688 1652 4735 suae,
1682 4672 1806 4741 quia
1844 4673 1949 4725 alio

428 4765 586 4817 modo
610 4779 722 4818 non
752 4764 954 4817 licitum
982 4765 1080 4833 ipsi
1126 4764 1333 4827 fuisset,
1370 4772 1549 4834 utpote
1590 4764 1753 4819 semel
1785 4778 1946 4832 repu-

427 4853 591 4916 diato,
633 4853 685 4906 in
735 4851 1024 4906 Ecclesiam
1052 4852 1140 4906 Dei
1171 4852 1480 4915 concedere,
1513 4852 1615 4905 nisi
1658 4866 1752 4920 per
1796 4852 1945 4903 lava-

429 4957 575 4992 crum
607 4941 1046 5007 regenerationis.
1086 4941 1269 5009 itaque
1301 4956 1399 4994 ceu
1439 4940 1492 4993 in
1523 4940 1697 4994 lebete
1734 4940 1949 4994 ablutus

430 5036 481 5081 et
515 5014 767 5097 purgatus
795 5043 823 5081 a
856 5030 1084 5097 pristina
1141 5030 1430 5098 impietate,
1476 5030 1643 5098 gratia
1681 5029 1913 5083 donatur
1934 5070 1949 5092 ,

432 5127 587 5185 atque
617 5120 689 5169 ita
738 5119 1078 5172 securitatem
1117 5118 1339 5171 obtinet.
1371 5118 1434 5172 Et
1467 5120 1578 5173 haec
1606 5134 1764 5188 opere
1807 5133 1951 5172 com-

430 5202 570 5270 pleta
599 5206 721 5259 licet
752 5205 882 5273 ipsis
909 5207 1078 5260 oculis
1108 5208 1379 5276 percipere
1420 5209 1487 5261 iis
1512 5208 1603 5275 qui
1635 5207 1688 5261 in
1715 5206 1948 5260 Arabum

432 5293 645 5359 regione
698 5297 1128 5363 peregrinantur,
1185 5298 1570 5353 cum-videant
1616 5296 1873 5350 Moabitas
1902 5304 1953 5349 et

437 5378 761 5435 Ammonitas
786 5422 801 5442 ,
851 5385 941 5451 qui
973 5400 1133 5452 penes
1164 5387 1282 5439 illos
1314 5401 1504 5443 magno
1533 5400 1757 5439 numero
1788 5392 1949 5445 sunt,

437 5462 703 5521 Ecclesias
746 5471 839 5524 Dei
891 5474 1128 5540 implere.
1195 5474 1595 5545 Similiterque,
1649 5494 1667 5525 ι
1727 5475 1784 5528 In
1829 5475 1952 5528 Idu—

441 5570 491 5608 m
541 5570 659 5619 am,
695 5559 896 5627 inquit,
942 5564 1293 5618 conscendam
1344 5568 1700 5621 calceamento
1734 5582 1881 5629 meo,
1922 5583 1940 5616 ι

529 5663 571 5692 ³⁵
612 5663 763 5717 Deut.
801 5679 964 5725 nm,
1001 5666 1051 5717 3.
1126 5670 1169 5699 ’³
1214 5668 1370 5721 llehr.
1410 5688 1510 5733 xu,
1554 5673 1631 5725 l6.

2047 4484 2138 4535 καὶ
2203 4481 2325 4549 περί
2375 4478 2481 4531 τῶν
2526 4480 2730 4532 λοιπῶν
2780 4484 2961 4537 ἐθνῶν
2994 4488 3344 4560 ἀδιορίστως
3395 4489 3655 4554 ἐπιλέγει*

2055 4592 2072 4623 ‹
2119 4572 2269 4640 Ἐμοὶ
2324 4570 2608 4637 ἀλλόφυλοι
2661 4573 3062 4643 ὑπετάγησαν,
3092 4598 3113 4628 δ
3156 4580 3192 4649 ἢ
3228 4603 3247 4629 ε
3292 4580 3595 4650 ὲςριλίασαν.
3634 4592 3651 4625 ι

2047 4660 2260 4730 Λέϐητα
2301 4657 2359 4709 δὲ
2396 4658 2487 4711 τὸν
2529 4660 2707 4721 Μωὰϐ
2734 4661 2839 4729 τῆς
2880 4664 3097 4718 ἑαυτοῦ
3146 4668 3377 4732 ἐλπίδος
3434 4664 3655 4732 καλεῖ,ἢ

2046 4748 2242 4821 λέϐητα
2271 4748 2362 4802 τοῦ
2394 4748 2621 4821 λουτροῦ
2672 4751 2896 4815 ἑαυτοῦ,
2928 4754 2968 4824 ἢ
3004 4757 3116 4826 τῆς
3152 4760 3502 4831 ἀμεριμνίας
3539 4758 3657 4808 ἐαυ-

2048 4842 2171 4894 τοῦ’
2206 4840 2387 4909 ἐπειδὴ
2414 4840 2517 4892 οὐκ
2548 4840 2723 4904 ἄλλως
2776 4841 2909 4913 ἐξῆν
2953 4847 3140 4918 αὐτῷ,
3179 4850 3335 4915 ἅπαξ
3382 4846 3660 4913 ἀποϐλήτῳ

2051 4931 2340 5000 γενομένῳ,
2384 4933 2462 4994 εἰς
2506 4932 2605 5002 τὴν
2666 4934 3013 5003 Ἐκκλησίαν
3048 4940 3155 4993 τοῦ
3190 4941 3334 4993 Θεοῦ
3390 4934 3659 5008 παραϐάλ-

2050 5022 2178 5083 λειν,
2211 5020 2282 5089 μὴ
2311 5017 2430 5089 οὑχ).
2455 5021 2544 5074 διὰ
2567 5023 2796 5093 λουτροῦ
2829 5026 3304 5096 παλιγγενεσίας.
3338 5031 3549 5097 ’Ὠσπερ
3573 5020 3658 5077 οὖν

2050 5112 2231 5181 λέϐητι
2266 5112 2707 5185 ἀπολουσάμενος
2744 5117 2841 5169 καλ.
2882 5120 3325 5193 ἁποκαθαρθεὶς
3352 5122 3454 5189 τῆς
3473 5116 3657 5187 προτέ-

2056 5219 2152 5271 ρας
2179 5201 2515 5266 δυσσεϐείας,
2549 5204 2906 5269 καταξιοῦται
2934 5211 3044 5279 τῆς
3085 5214 3340 5282 χάριτος,
3374 5212 3469 5265 καὶ
3494 5207 3659 5267 οὕτως

2052 5292 2375 5361 ἀμεριμνίας
2397 5296 2677 5364 τυγχάνει.
2712 5298 2827 5349 Καὶ
2859 5296 3046 5352 ταῦτα
3087 5302 3159 5354 δι’
3186 5304 3370 5373 ἔργων
3415 5313 3654 5369 κεχωρηο

2052 5384 2181 5433 κότα
2202 5382 2463 5452 πάρεστιν
2484 5386 2781 5457 ὀφθαλμοῖς
2799 5389 3177 5460 παραλαϐεῖν,
3198 5396 3267 5463 τῇ
3290 5393 3403 5445 τῶν
3422 5386 3655 5460 Ἀράϐων

2054 5473 2494 5545 ἐπιδημήσαντας
2537 5480 2712 5552 χώρα,
2757 5480 3075 5551 θεωμένους
3117 5500 3179 5536 τε
3212 5484 3351 5545 τοὺς
3389 5480 3518 5550 παρ’
3558 5476 3651 5528 “6'

2052 5569 2163 5629 τοῖς
2197 5569 2570 5641 πληθύνοντας
2612 5574 2797 5637 λαοὺς,
2838 5576 3141 5639 Μωαϐίτας
3172 5580 3272 5631 καὶ
3317 5571 3652 5647 Ἀμμανίτας
