3818 6368
100 402 176 534 $39-
193 460 483 534 μάντεις
505 456 621 529 τὰς
682 466 882 527 Ἐκκλ

113 519 302 580 *ληίην
367 537 508 597 Ἑπὶ

141 600 219 647 γὼ.
238 614 259 641 ι

151 648 332 745 «με
392 648 535 745 KO?’
580 662 601 694 ³
636 653 805 745 κατὰ
858 661 968 715 τὸν
1025 666 1331 737 Σύμμαχον.
1385 648 1491 723 Καὶ
1519 648 1714 740 ταύτην
1731 672 1787 723 δὲ

179 725 632 829 ’τςρῆῥρησιν
676 744 852 801 οὐδὲν
903 753 979 806 ἂν
1017 725 1115 828 εἴη.
1135 725 1387 828 δυσχερὲς
1424 760 1567 823 ἰδεῖν,
1596 725 1789 829 τῇτῶν

212 822 506 915 Ἰδουμαίων
537 829 903 905 ἐπιστάν-σας
929 822 1101 916 χώρᾳ.
1130 822 1317 900 καιτά
1353 848 1523 919 πλήθη
1690 850 1785 902 αύ-

214 918 680 990 τδθιῈκκληστ-ῶν
710 929 813 981 τοῦ
844 932 993 986 Θεοῦ
1020 918 1556 1008 ὅψειπαραλαϐόντας
1575 938 1679 1001 ’ὡς
1714 940 1786 1008 μὴ

234 1012 429 1089 ὸκνῆσαί
448 1029 571 1067 τινα
602 1016 833 1088 ἀληθῶς
870 1025 1130 1079 ἐπίϐασιν
1162 1028 1435 1094 γεγονέναι
1466 1030 1576 1089 τοῖς
1607 1027 1786 1089 τόποις

224 1110 432 1167 ἐκείνοις
459 1106 826 1177 ὁμολογῆσαι.
850 1114 955 1166 Διά
980 1115 1043 1185 δὴ
1070 1117 1236 1169 ταῦτα
1271 1118 1519 1186 ἀνωτέρω
1546 1116 1783 1183 ἐλέγετοο

230 1221 247 1250 ι
302 1202 359 1253 '0
395 1197 531 1263 Θεδς
572 1198 839 1270 ἐλάλησεν
872 1206 933 1256 ὲν
960 1205 1039 1274 τῷ
1070 1207 1206 1275 ἁγίῳ
1230 1206 1410 1259 αὐτοῦ’
1448 1206 1786 1273 Ἀγαλλιάσο-

214 1310 328 1361 μαι.
381 1310 402 1342 ι
431 1290 645 1344 Μέλλον
682 1291 794 1361 γὰρ
829 1295 942 1346 πᾶν
972 1296 1034 1346 τὸ
1064 1295 1169 1346 τῶν
1200 1296 1493 1367 ἀνθρώπων
1521 1296 1671 1363 γένος
1696 1295 1786 1347 ἐπὶ

211 1380 464 1451 σιπηρίᾳ
513 1381 925 1446 ἀνακαλεῖσθαι,
959 1385 1267 1453 πρεπόντως
1306 1385 1465 1436 αὐτοῦ
1494 1388 1557 1455 τῇ
1599 1385 1784 1453 φιλαν-

200 1471 455 1541 θρωπίᾳ,
487 1472 775 1541 συνέχαιρε
806 1476 875 1542 τῇ
902 1473 1010 1525 τῶν
1047 1472 1357 1542 σωζομένων
1388 1475 1642 1544 σωτηρίᾳ.
1677 1476 1783 1527 Καὶ

200 1563 382 1624 ἄλλως
409 1564 473 1615 δὲ
499 1565 755 1632 ὑπόδημα
783 1566 847 1616 αύ
858 1565 949 1616 τοῦ
974 1566 1071 1617 ούκ
1100 1566 1163 1617 ἂν
1195 1565 1451 1635 ἁμάρτοις
1474 1565 1640 1632 λέγων
1660 1570 1783 1629 τοὺς

191 1652 573 1714 ἀποστόλους,
609 1653 641 1722 ἦ
676 1655 801 1716 τοὺς
833 1656 910 1716 εἰς
950 1654 1026 1705 ἔτι
1055 1653 1209 1721 δεῦρο
1235 1654 1312 1722 τῷ
1340 1656 1463 1723 περὶ
1496 1654 1655 1706 αὑτοῦ
1684 1673 1782 1725 κη-

197 1740 450 1808 ρύγματι
484 1741 957 1809 διακονουμένους.
990 1740 1169 1792 Ταῦτα
1200 1741 1261 1809 δὴ
1278 1738 1368 1793 οὖν
1396 1742 1569 1793 πάντα
1598 1744 1779 1812 εἰργά-

190 1845 336 1880 σατο
387 1832 417 1881 6
451 1830 613 1891 Θεὸς,
657 1831 746 1882 ὅτε
792 1831 877 1881 ἐπ’
916 1830 1124 1899 ἐσχάτῳ
1152 1830 1257 1881 τῶν
1285 1831 1501 1900 ἡμερῶν
1525 1831 1777 1900 ἐλάλησεν
1810 1817 1847 1867 Β

187 1920 334 1985 ἡμῖν
370 1919 431 1969 ἐν
458 1918 541 1986 τῷ
581 1918 721 1987 ἀγίῳ
750 1917 935 1970 αὐτοῦ.
974 1917 1108 1970 Καθ’
1138 1918 1323 1987 ἑτέραν
1344 1917 1397 1970 δὲ
1431 1918 1649 1988 ἐκδοχὴν
1683 1920 1777 1971 λα-

186 2005 379 2073 λήσας
408 2009 437 2059 6
479 2006 618 2069 Θεὸς
645 2009 703 2059 ἐν
732 2007 811 2075 τῷ
838 2007 975 2075 ἁγίῳ
1001 2007 1184 2068 αὐτοῦ,
1218 2008 1419 2069 πάντας
1451 2008 1777 2071 ἁπαξαπλῶς

196 2095 512 2158 Ἰουδαίους
534 2114 593 2148 τε
621 2097 718 2149 καὶ
735 2097 1021 2166 Ἕλληνας,
1044 2097 1112 2147 τά
1126 2113 1182 2146 τε
1204 2097 1322 2149 καθ’
1343 2096 1466 2165 ὅλης
1484 2098 1581 2166 τῆς
1604 2100 1776 2150 οἰκου-

188 2183 387 2253 μένης
430 2185 557 2253 ἔθνη
590 2188 673 2247 εἰς
716 2185 816 2254 τὴν
851 2185 1042 2237 ἑαυτοῦ
1091 2189 1245 2255 χάριν
1282 2187 1656 2240 ἀνεκαλέσατο⁵
1696 2190 1774 2241 διὸ

183 2274 295 2323 καὶ
320 2274 425 2343 τὴν
454 2276 656 2344 Σίκιμα
676 2277 770 2327 καὶ
804 2277 895 2327 τὸν
919 2275 1127 2327 Γαλαὰδ
1148 2276 1244 2345 (l),
1263 2277 1352 2327 καὶ
1376 2277 1463 2328 τὸν
1486 2278 1773 2346 Μανασσῆν

185 2362 293 2416 καὶ
323 2363 420 2414 τὸν
458 2363 702 2434 Ἐφραῖμ
731 2366 826 2417 καὶ
857 2365 946 2417 τὸν
991 2364 1187 2416 Ἰούδαν
1227 2366 1319 2416 καὶ
1360 2368 1448 2419 τὸν
1480 2367 1649 2419 Μωάϐ
1683 2370 1772 2420 καὶ

186 2453 300 2521 τὴν
352 2454 659 2521 Ἰδουμαίαν
715 2456 810 2507 καὶ
847 2457 971 2517 τοὺς
1018 2454 1337 2523 ἀλλοφύλους
1377 2458 1617 2519 ἅπαντας
1649 2475 1776 2511 κατ-

188 2538 574 2609 ηριθμήσατο.
608 2538 670 2602 ἐξ
702 2540 817 2591 ἴσου
850 2541 946 2609 τῆς
976 2541 1161 2609 ὁμοίας
1184 2542 1420 2611 κλήσεως
1441 2544 1771 2609 καταξιώσας

189 2630 355 2682 ἅπαν
382 2631 439 2682 τὸ
471 2631 587 2681 τῶν
618 2628 921 2700 ἀνθρώπων
952 2628 1103 2695 γένος
1125 2644 1139 2658 ·
1170 2630 1304 2700 πλὴν
1350 2632 1481 2684 ἀλλά
1531 2633 1771 2703 πρώτους

188 2720 330 2780 τοὺς
350 2719 449 2770 ἀπὸ
482 2718 585 2770 τοῦ
629 2718 845 2786 Ἰσραὴλ
885 2717 1054 2770 καλεῖ.
1097 2717 1286 2787 Ἐχρῆν
1315 2719 1419 2788 γὰρ
1444 2719 1509 2771 τά
1532 2724 1769 2790 πρωτεῖα

194 2810 294 2859 καὶ
326 2809 419 2871 τὰς
443 2809 717 2878 ἀπαρχὰς
745 2806 838 2859 τοῦ
872 2806 1217 2873 εύαγγελικοῦ
1243 2809 1587 2878 κηρύγματος
1620 2811 1767 2880 πρώ-

193 2913 313 2958 τοις
345 2899 527 2960 αὐτοῖς
554 2898 852 2965 ἀπονεῖμαι
875 2895 961 2947 διὰ
988 2895 1082 2956 τὰς
1105 2896 1235 2964 πρὸς
1259 2899 1381 2959 τοὺς
1407 2898 1579 2951 αὐτῶν
1605 2901 1769 2952 πατέ-

199 3002 304 3054 ρας
361 2987 726 3056 ἐπαγγελίας,
761 2986 828 3037 δι’
876 2985 942 3047 ἀς
975 2988 1067 3038 καὶ
1092 2987 1246 3049 αὐτὸς
1273 2989 1300 3038 6
1330 2986 1512 3057 Σωτὴρ
1536 2988 1767 3058 πρώτοις

194 3078 382 3141 αὐτοῖς
454 3076 853 3148 εὐηγγελίζετο
922 3078 1320 3147 μαρτυρόμενος
1397 3080 1490 3131 καὶ
1559 3079 1760 3145 λέγων·
1791 3111 1834 3171 c

202 3185 221 3215 ι
262 3165 380 3221 Οὐκ
401 3166 575 3239 ἦλθον
614 3169 664 3219 εί
701 3166 775 3236 μὴ
823 3167 901 3228 είς
948 3166 1015 3219 τά
1058 3168 1300 3237 πρόϐατα
1343 3168 1411 3220 τά
1458 3167 1764 3221 ἀπολωλότα

195 3254 354 3309 οἴκου
378 3257 625 3329 Ἰσραήλ.
642 3274 660 3305 ι
695 3256 805 3308 Καὶ
826 3259 937 3317 τοῖς
958 3256 1269 3318 ἀποστόλοις
1282 3256 1337 3308 δέ
1360 3257 1518 3309 αὑτοῦ
1534 3256 1763 3326 πρώτοις

195 3345 382 3408 αὐτοῖς
418 3345 733 3416 κηρύσσειν
778 3342 839 3395 τὸ
895 3344 1215 3411 Εύαγγέλιον
1256 3347 1478 3416 παρῄνει
1515 3350 1758 3417 φάσκωνο

201 3451 220 3481 ι
256 3435 355 3496 El;
374 3437 491 3489 ὁδὸν
516 3435 699 3488 ἐθνῶν
724 3434 796 3503 μὴ
824 3433 1106 3503 ἀπέλθητε,
1141 3435 1233 3488 καὶ
1261 3437 1339 3498 είς
1383 3436 1529 3489 πόλιν
1584 3440 1763 3507 Σαμα-

199 3524 395 3592 ρειτῶν
425 3527 509 3596 μὴ
565 3523 848 3593 εἰσέλθητε
870 3541 883 3553 ο
913 3524 1202 3594 πορεύεσθε
1233 3524 1288 3575 δὲ
1316 3526 1508 3593 μᾶλλον
1537 3527 1668 3597 πρὸς
1693 3527 1762 3581 τά

197 3613 439 3681 πρόϐατα
467 3616 544 3666 τὰ
578 3612 895 3666 ἀπολωλότα
921 3613 1065 3665 οἴκου
1126 3612 1355 3683 Ἰσραήλ.
1398 3634 1416 3665 ι
1460 3612 1587 3667 Εἶτα
1645 3618 1758 3686 μετ’

196 3703 432 3767 ἐκείνους
477 3702 817 3773 προσέταττε
860 3706 968 3765 τοῖς
1010 3702 1198 3755 ἑαυτοῦ
1244 3703 1506 3773 μαθηταῖς
1536 3706 1761 3774 εὐαγγε-

196 3791 437 3854 λίζεσθαι
471 3793 661 3845 πάντα
687 3790 756 3843 τὰ
781 3790 904 3861 ἔθνη
932 3794 988 3843 ὲν
1024 3790 1101 3860 τῷ
1129 3792 1346 3861 ὀνόματι
1368 3793 1548 3846 αὐτοῦ.
1578 3794 1760 3859 Οὕτως

199 3878 303 3933 οὖν
322 3884 408 3935 καὶ
436 3884 534 3936 ἐπὶ
557 3882 656 3934 τοῦ
688 3882 949 3951 παρόντος
976 3883 1004 3932 6
1033 3881 1139 3934 τῶν
1165 3882 1297 3934 ὅλων
1320 3882 1448 3945 Θεὸς
1466 3864 1760 3955 ἐνοικήσειν

203 3974 263 4023 ἐν
295 3971 373 4041 τῷ
402 3974 541 4043 ἁγίῳ
571 3972 764 4033 αὐτοῦ,
797 3973 853 4022 ὲν
872 3971 1016 4040 αὐτῷ
1047 3988 1105 4023 τε
1130 3972 1223 4023 καὶ
1250 3972 1312 4023 δι’
1335 3973 1492 4025 αὑτοῦ
1515 3972 1758 4044 λαλήσειν

205 4060 515 4130 ἀνθρώποις
576 4060 922 4122 θεσπίζεται·
978 4062 1071 4113 καὶ
1114 4061 1187 4123 ώς
1232 4062 1360 4130 όμοῦ
1396 4065 1487 4115 καὶ
1532 4064 1668 4117 κατά
1699 4065 1759 4116 τὸ

206 4150 346 4201 αὐτὸ
369 4151 451 4204 τὸν
493 4150 736 4221 Ἐφραῒμ
762 4150 855 4201 καὶ
883 4149 974 4201 τὸν
1009 4150 1299 4219 Μανασσῆν
1324 4152 1415 4203 καὶ
1441 4152 1530 4203 τὸν
1567 4152 1758 4205 Ἰούδαν

204 4239 526 4304 εἰσδέξεται·
589 4241 641 4292 οἳ
701 4238 865 4291 πάλαι
920 4239 1015 4307 μὲν
1060 4234 1195 4308 ἦσαν
1252 4239 1547 4303 διεστῶτες,
1595 4242 1681 4293 ὅτε
1729 4244 1757 4294 6

207 4329 317 4395 μὲν
354 4330 538 4393 Ἰούδας
567 4327 880 4382 ἐϐασίλευεν
902 4329 958 4379 ἐν
990 4327 1353 4398 Ἰερουσαλὴμ,
1371 4331 1398 4381 6
1419 4328 1473 4381 δὲ
1504 4329 1752 4400 Ἐφραῒμ,

1363 370 1860 433 (ΖΟΜΜΕΝΤΔΗΙΑ
1892 380 1955 433 ΙΝ
1986 380 2317 437 PSALMOS.

690 482 1064 549 Εκκλησίας
1084 484 1177 537 τοῦ
1225 484 1375 540 Θεοῦ.
1421 490 1684 552 Ὡσαύτως
1736 492 1763 544 δ

1891 498 2183 551 secundum
2217 497 2615 568 Symmacnum.
2665 498 2833 565 Quam
2864 506 2985 559 item
3018 507 3410 574 praedictionem

557 550 903 661 Ιδουμαίαν
946 575 1300 647 ὲπιῆήσομαι,
1342 582 1507 650 φησὶ.
1553 580 1628 649 τῷ
1662 550 1764 634 ί)πο

1889 589 1941 640 in
1962 596 2211 655 promptu
2236 550 2319 641 est
2334 589 2649 656 completam
2674 590 2852 645 videre
2878 593 2942 645 iis
2956 550 3049 661 qu'i
3065 595 3115 646 in
3134 592 3411 648 ldumazant

3310 395 3412 451 570

1886 676 2206 739 concedunt,
2242 687 2295 732 et
2348 677 2739 732 multitudinem
2791 679 3147 735 Ecclesiarum
3204 683 3297 737 Dei
3340 684 3413 736 ibi

1885 768 2255 835 conspiciunt;
2288 774 2345 820 ut
2369 776 2650 823 cunctetur
2687 784 2842 822 nemo
2877 771 3119 824 conﬁteri
3143 812 3157 834 ,
3190 788 3311 826 vere
3358 775 3411 826 in

1885 854 1999 907 loca
2024 855 2109 907 illa
2136 870 2489 909 conscensum
2518 855 2715 910 factum
2744 872 2883 911 esse.
2938 856 3223 926 Pmpterea
3254 876 3413 927 supe-

1884 942 1999 995 rius
2031 942 2233 996 dictum
2261 953 2343 998 est
2368 962 2379 996 :
2406 963 2423 994 ι
2460 943 2599 999 Deus
2629 946 2837 999 locutus
2864 954 2945 1000 est
2977 949 3031 998 in
3062 956 3248 1000 sancto
3277 964 3406 1003 suo:

1884 1030 2193 1087 Exsultabo.
2226 1053 2244 1083 ι
2271 1033 2402 1087 Nam
2423 1050 2542 1089 cum
2581 1036 2869 1089 humanum
2899 1051 3066 1105 genus
3105 1037 3409 1091 universum

1882 1121 1947 1172 ad
1976 1122 2201 1175 salutem
2235 1123 2588 1176 revocandum
2606 1131 2770 1186 esset,
2800 1132 2858 1176 ut
2876 1125 2994 1189 ejus
3018 1138 3142 1192 erga
3167 1124 3412 1178 homines

1882 1220 2118 1261 amorem
2144 1209 2403 1271 decebat,
2455 1210 2680 1263 salutem
2716 1211 2889 1264 nactis
2922 1212 3239 1279 gratulatur.
3292 1211 3407 1263 Alia

1880 1308 2055 1352 autem
2082 1298 2291 1351 ratione
2316 1297 2446 1351 nihil
2471 1298 2689 1352 aberres
2717 1300 2761 1352 si
2799 1297 2967 1361 dicas,
2991 1300 3405 1353 calceamentum

1877 1387 1996 1454 ejus
2026 1385 2192 1439 fuisse
2216 1385 2508 1453 apostolos,
2531 1387 2641 1439 sive
2670 1386 2826 1437 etiam
2856 1387 2974 1454 ejus
2994 1390 3058 1439 ad
3083 1387 3218 1439 hanc
3240 1403 3408 1456 usque

1878 1475 2016 1529 diem
2053 1475 2450 1541 pradicationis
2508 1475 2807 1529 ministros.
2845 1475 2967 1528 llaec
3007 1476 3184 1544 itaque
3229 1479 3407 1532 omnia

1876 1576 2123 1633 operatus
2154 1574 2236 1619 est
2269 1564 2404 1619 Deus
2430 1605 2444 1627 ,
2505 1567 2716 1634 quando
2770 1567 2821 1618 in
2878 1567 3167 1620 novissimo
3201 1568 3406 1620 dierum

1878 1655 2087 1708 locutus
2129 1664 2212 1709 est
2244 1655 2396 1708 nobis
2433 1655 2484 1707 in
2515 1654 2712 1707 Sancto
2746 1671 2863 1708 suo.
2901 1655 3205 1709 Secundum
3247 1657 3405 1709 aliam

1878 1761 2002 1797 vero
2033 1746 2458 1812 explicationem,
2504 1746 2715 1798 locutus
2751 1746 2887 1798 Dens
2933 1748 2986 1798 in
3041 1745 3238 1798 Sancto
3276 1762 3402 1806 suo,

1877 1850 2063 1888 omnes
2107 1835 2327 1887 omnino
2374 1833 2585 1888 Judaaos
2632 1846 2684 1887 et
2717 1834 2930 1888 Graecos
2962 1874 2975 1896 ,
3032 1836 3268 1903 aliasque
3315 1851 3407 1903 per

1878 1918 2181 1971 universum
2205 1919 2389 1971 orbem
2419 1928 2602 1988 gentes
2641 1919 2706 1972 ad
2741 1921 2965 1988 gratiam
2998 1936 3147 1973 suam
3184 1938 3404 1975 revoca-

1875 2007 1968 2057 vit.
2008 2004 2186 2069 Quare
2216 2004 2473 2065 Sichitna,
2503 2006 2721 2073 Galaad,
2752 2008 3032 2061 Manassen
3056 2048 3070 2072 ,
3115 2007 3365 2076 Ephraim
3386 2048 3401 2071 ,

1871 2097 2097 2161 Judam,
2136 2098 2323 2159 Moab,
2377 2099 2658 2152 ldumazam
2684 2138 2700 2163 ,
2750 2107 2802 2153 et
2854 2100 3177 2168 alienigenas
3218 2115 3402 2153 omnes

1871 2187 2219 2249 enumeravit,
2236 2188 2397 2242 simili
2430 2188 2705 2241 vocatione
2732 2196 2899 2240 totum
2922 2203 3087 2254 genus
3111 2188 3399 2240 humanum

1870 2291 2017 2344 atque
2039 2276 2324 2344 dignatus;
2361 2278 2453 2331 sed
2484 2279 2689 2346 priores
2714 2280 2802 2345 qui
2829 2293 2891 2330 ex
2916 2277 3076 2345 lsrael
3108 2285 3260 2329 erant
3290 2291 3402 2335 meo

1871 2367 2115 2418 moravit.
2154 2365 2399 2434 Oportuit
2438 2368 2580 2420 enim
2616 2366 2879 2434 primitias
2903 2365 3217 2433 evangelica:
3266 2380 3400 2433 prae—

1869 2454 2152 2509 dicationis
2181 2456 2312 2523 ipsis
2340 2456 2609 2523 impertire
2632 2493 2648 2517 ,
2700 2455 2767 2509 ob
2823 2455 3204 2523 promissiones
3233 2456 3401 2522 patri-

1869 2544 1968 2597 bus
1997 2558 2180 2597 eorum
2217 2542 2419 2604 factas,
2480 2559 2706 2611 quarum
2763 2557 2924 2596 causa
2974 2541 3213 2595 Salvator
3267 2543 3401 2610 ipsis

1868 2633 2138 2701 prioribus
2179 2632 2519 2702 Evangelium
2551 2631 2888 2699 praedicabat,
2916 2632 3025 2684 haec
3051 2630 3397 2685 testiﬁcatus:

1872 2738 1890 2770 ι
1902 2719 2016 2772 Νοη
2031 2721 2149 2773 veni
2166 2721 2267 2773 nisi
2284 2721 2347 2772 ad
2362 2734 2486 2771 oves
2503 2734 2618 2786 qua:
2634 2718 2903 2786 perierunt
2919 2720 3109 2771 domus
3123 2718 3280 2771 Israel
3296 2720 3361 2769 ".
3375 2738 3395 2771 ›

1865 2807 2140 2876 Apostolis
2169 2823 2382 2877 quoque
2409 2810 2522 2862 suis
2544 2808 2901 2876 praecipiebat,
2921 2817 2976 2859 ιιι
3012 2807 3144 2875 ipsis
3170 2809 3399 2877 primum

1865 2897 2208 2966 Evangelium
2231 2896 2579 2965 przedicarent
2610 2897 2794 2949 dicens
2820 2915 2831 2949 :
2869 2915 2887 2947 ι
2919 2895 2976 2948 ln
2996 2897 3137 2949 viam
3162 2899 3397 2966 gentium

1865 3001 1933 3039 ne
1963 2986 2224 3048 abieritis,
2259 2994 2312 3038 et
2350 2984 2403 3037 in
2434 2986 2701 3039 civitatem
2730 2983 3187 3038 Samaritanbrnm
3220 3003 3287 3039 nc
3318 2988 3399 3039 in-

1867 3076 2169 3141 traveritis;
2202 3076 2294 3130 sed
2312 3076 2382 3129 ite
2410 3075 2587 3142 potius
2604 3075 2669 3128 ad
2688 3090 2834 3136 oves,
2852 3090 2970 3143 qum
2992 3076 3283 3143 perierunt,
3303 3075 3400 3128 do-

1866 3181 1985 3220 mus
2002 3164 2238 3220 Israel".
2266 3183 2284 3216 ι
2303 3164 2604 3218 Secundum
2627 3164 2745 3217 illos
2756 3171 2930 3217 autem
2944 3163 3397 3232 jubetdiscipulos

1864 3269 1992 3309 suos
2022 3253 2366 3322 Evangelium
2408 3252 2698 3323 praedicare
2748 3253 2996 3306 omnibus
3052 3254 3300 3321 gentibus
3343 3253 3396 3306 in

1862 3341 2077 3394 nomine
2102 3356 2220 3395 suo.
2249 3341 2337 3394 Sic
2361 3356 2487 3409 ergo
2504 3341 2556 3392 in
2589 3340 2837 3409 praesenti
2858 3341 3230 3394 universorum
3255 3339 3396 3395 Deus

1863 3429 1916 3482 in
1950 3429 2146 3482 Sancto
2166 3445 2264 3483 suo
2295 3428 2654 3482 habitaturum
2685 3443 2762 3493 se,
2794 3436 2952 3497 atque
2980 3428 3033 3480 in
3067 3428 3184 3497 ipso
3221 3438 3273 3482 et
3301 3444 3348 3498 pi
3369 3444 3397 3482 r

1862 3518 2037 3587 ipsum
2067 3518 2369 3572 locuturum
2397 3532 2514 3571 esse
2535 3517 2841 3571 hominibus
2858 3519 3209 3571 vaticinatur:
3239 3526 3291 3571 et
3320 3521 3395 3572 ait

1862 3620 1920 3660 se
1962 3604 2123 3658 simul
2154 3605 2456 3673 pariterque
2482 3603 2755 3672 Ephraitu,
2787 3603 3065 3658 Manassen
3109 3612 3162 3658 et
3200 3603 3393 3659 Judant

1863 3701 2211 3763 excepturum
2249 3709 2404 3757 esse;
2439 3694 2529 3762 qui
2573 3695 2698 3746 olim
2729 3695 2939 3761 quidem
2990 3694 3166 3749 dissiti
3198 3705 3350 3750 erant
3375 3735 3392 3758 ,

1859 3784 2075 3853 quando
2100 3783 2236 3837 Juda
2257 3784 2510 3853 regnabat
2531 3783 2584 3837 in
2612 3782 2929 3848 Jerusalem,
2951 3783 3200 3852 Ephraim
3225 3786 3278 3839 in
3311 3783 3395 3838 Si-

1861 3874 2053 3928 chimis
2083 3881 2136 3926 et
2159 3873 2419 3936 Samaria,
2443 3872 2715 3926 Manasses
2744 3888 2867 3927 vero
2896 3874 3168 3928 habitabat
3205 3876 3259 3928 in
3286 3873 3393 3928 Ga-

1860 3965 1997 4019 laad.
2036 3962 2105 4018 Ut
2134 3965 2281 4018 nullo
2324 3965 2487 4033 igitur
2517 3965 2738 4017 ulterius
2771 3962 3079 4018 discrimine
3135 3965 3393 4021 intercesc

1860 4071 2007 4119 suro,
2038 4055 2289 4123 nullaque
2318 4056 2454 4107 inter
2482 4068 2576 4107 eos
2604 4053 2959 4122 discrepantia
2999 4052 3210 4119 futura,
3245 4056 3395 4123 ipsos

1859 4146 2065 4213 priores
2127 4145 2387 4210 advocat;
2444 4143 2635 4196 deinde
2688 4142 2984 4207 Moabitas,
3036 4143 3392 4205 Ammonitas,

1858 4236 2141 4299 Idumaeos,
2172 4246 2502 4304 czeterosque
2535 4235 2777 4288 homines
2810 4248 2993 4286 omnes
3014 4271 3029 4296 ,
3083 4233 3393 4288 universum

1856 4326 2038 4379 orbem
2068 4326 2383 4379 incolentes.
2416 4323 2489 4376 Ex
2529 4323 2749 4377 historia
2787 4336 2945 4390 porro
2987 4320 3392 4390 Evangeliorunt

205 4417 266 4467 ἐν
299 4419 535 4489 Σικίμοις
569 4420 663 4472 καὶ
691 4416 993 4486 Σαμαρείᾳ,
1028 4417 1056 4467 6
1097 4417 1153 4467 δὲ
1179 4417 1465 4485 Μανασσῆς
1494 4416 1624 4485 ᾤκει
1655 4420 1752 4489 τὴν

1869 4413 2080 4477 :discas,
2118 4428 2225 4482 quo
2250 4416 2505 4482 tempore]
2526 4410 2753 4465 Sanctus
2784 4410 2871 4465 Dei
2920 4413 2973 4463 in
3018 4409 3266 4464 Sichimis
3297 4426 3390 4479 pe-

205 4506 432 4561 Γαλαάδ.
480 4510 564 4571 Ὠς
596 4508 793 4577 μηκέτι
821 4506 997 4557 τοίνυν
1020 4504 1339 4574 ἀφορισμοῦ,
1377 4507 1509 4575 μήτε
1535 4505 1750 4558 διαστά-

206 4608 355 4655 σεως
380 4596 535 4666 οὔσης
576 4598 634 4647 ἐν
666 4594 866 4654 αὐτοῖς,
894 4591 1138 4661 πρώτους
1172 4591 1363 4653 αὐτοὺς
1396 4592 1715 4645 είσκαλείται
1737 4611 1751 4625 ο

203 4676 335 4732 εἶτα
362 4685 645 4745 Μωαϐίτας
678 4682 773 4734 καὶ
815 4680 1164 4749 Ἀμμανίτας,
1208 4679 1526 4747 Ἰδουμαίους
1559 4698 1617 4733 τε
1662 4683 1755 4735 καὶ

203 4772 344 4832 τοὺς
368 4772 572 4837 λοιποὺς
602 4774 850 4833 ἅπαντας
881 4769 1196 4838 ἀνθρώπους
1224 4770 1344 4831 τοὺς
1371 4768 1484 4822 καθ’
1509 4771 1633 4840 ὅλης
1657 4775 1754 4843 τῆς

207 4857 519 4931 οἰκουμένης
543 4859 843 4921 οἰκοῦντας.
879 4855 1111 4917 Γνώσεις
1136 4856 1180 4907 δ’
1209 4855 1273 4906 ἂν
1303 4859 1365 4908 ἐκ
1389 4858 1485 4925 τῆς
1521 4860 1755 4929 ἱστορίας

206 4944 324 4995 τῶν
349 4947 699 5020 Εύαγγελίων,
735 4950 880 5009 ὅπως
922 4944 1042 4997 καθ’
1067 4942 1159 5003 οὒς
1190 4945 1403 5011 χρόνους
1432 4948 1459 4997 ό
1491 4947 1638 5013 ἅγιος
1659 4949 1751 5001 τοῦ

205 5032 346 5083 Θεοῦ
372 5042 456 5093 καὶ
492 5044 602 5102 τοῖς
637 5038 881 5106 Σικίμοις
935 5034 1213 5102 ἐπεδήμει,
1244 5036 1335 5086 καὶ
1390 5036 1523 5105 αὐτῇ
1571 5039 1751 5108 Σαμα-

1856 4503 2250 4572 regrinahatur,
2283 4504 2411 4557 etin
2432 4504 2544 4571 ipsa
2574 4501 2831 4559 Samaria.
2854 4515 3061 4553 necnon
3085 4501 3137 4553 in
3172 4499 3393 4554 Jerusa-
3428 4566 3440 4577 ⁸

1856 4592 1979 4659 lem,
2009 4593 2255 4647 lsraelcm
2304 4601 2414 4645 tum
2466 4592 2806 4660 conjunctum
2836 4590 3036 4653 fuisse,
3082 4592 3391 4660 nullamque

1855 4682 2227 4737 intercessisse
2253 4681 2598 4743 divisionem;
2634 4683 2712 4734 sic
2734 4689 2785 4734 et
2817 4682 3086 4748 apostolos
3121 4697 3247 4735 suos
3279 4682 3389 4750 pri-

1857 4787 1943 4825 mo
2002 4774 2065 4826 ad
2115 4787 2241 4826 oves
2272 4786 2391 4840 qua:
2441 4771 2706 4839 perierant
2756 4769 2948 4824 domus
2994 4770 3157 4824 lsrael
3202 4772 3385 4833 misit;

1860 4871 2041 4931 postea
2069 4870 2265 4927 autem,
2302 4861 2488 4915 iisdem
2524 4875 2654 4914 usus
2678 4875 2777 4913 ceu
2805 4860 3214 4923 calceamentis,
3264 4862 3385 4914 ιιιιί-

1855 4965 2069 5004 versum
2099 4948 2375 5003 hominum
2417 4964 2582 5019 genus
2635 4949 2853 5004 salutari
2910 4948 3082 5018 gratia
3139 4950 3389 5020 dignatus

1854 5045 1955 5092 ρει.

209 5124 353 5190 ρείᾳ,
376 5135 434 5201 τῇ
465 5148 523 5182 τε
562 5127 933 5199 Ἰερουσαλὴμ,
961 5123 1236 5192 ἡνωμένου
1290 5123 1403 5175 τότε
1435 5126 1524 5177 τοῦ
1560 5129 1793 5198 Ἰσραὴλ,
1851 5129 1943 5180 καὶ
1992 5128 2253 5197 μηδεμιᾶς
2283 5126 2445 5195 οὔσης
2478 5127 2533 5176 ἐν
2564 5124 2708 5193 αὐτῷ
2740 5126 3097 5188 διαστάσεως*
3145 5126 3283 5179 οὕτω
3328 5128 3384 5180 δὲ

203 5213 302 5263 καὶ
336 5222 447 5284 τοὺς
498 5218 695 5272 ἑαυτοῦ
724 5214 1051 5273 ἀποστόλους
1078 5211 1210 5279 πρὸς
1240 5213 1306 5264 τά
1344 5213 1579 5282 πρόϐατα
1611 5218 1921 5271 ἀπολωλότα
1966 5218 2110 5270 οἴκου
2161 5216 2369 5287 Ἰσραὴλ
2420 5217 2477 5267 ὲν
2542 5214 2771 5283 πρώτοις
2834 5216 3187 5285 διεπέμπετο’
3252 5219 3386 5289 μετά

201 5298 258 5348 δὲ
281 5304 457 5372 ταῦτα,
473 5311 587 5370 τοῖς
604 5308 788 5366 αὐτοῖς
821 5303 1010 5370 ὥσπερ
1039 5301 1333 5369 ὑποδήμασι
1365 5303 1658 5373 χρώμενος,
1677 5308 1738 5359 τὸ
1754 5310 1961 5362 πάντων
1977 5309 2070 5362 ἀνθ
2080 5308 2271 5381 ρώπων
2297 5309 2446 5376 γένος
2474 5306 2567 5372 τῆς
2596 5306 2858 5375 σωτηρίου
2876 5308 3127 5377 κατηξίου
3149 5309 3383 5379 χάριτος.

281 5407 302 5437 ⁸
335 5396 420 5464 Τίς
451 5399 654 5461 ἀπάξει
692 5413 759 5459 με
782 5398 861 5456 εἰς
886 5396 1041 5446 πόλιν
1069 5393 1345 5461 περιοχῆς;
1379 5395 1406 5463 ῆ
1442 5397 1520 5458 τίς
1551 5398 1754 5469 ὁδηγή-

198 5493 281 5528 σει
314 5498 373 5547 με
404 5491 510 5552 ἕως
544 5488 647 5555 τῆς
708 5483 1041 5550 Ἰδουμαίας;
1076 5480 1203 5548 Οὐχὶ
1245 5483 1304 5534 σὺ
1353 5484 1379 5534 6
1419 5484 1542 5546 Θεὸς
1575 5488 1605 5537 6
1642 5489 1753 5540 ἀπ-

266 5581 309 5611 ²⁸
341 5595 539 5651 Matth.
580 5609 677 5654 xv,
713 5590 807 5642 24.
880 5589 924 5620 ’7
959 5585 1144 5639 Matth.
1180 5604 1230 5649 ς,
1265 5589 1375 5653 5,6.

1932 5402 2096 5458 Vnus.
2131 5405 2216 5457 11.
2274 5420 2292 5453 ι
2323 5401 2452 5467 Quis
2478 5399 2704 5455 abducet
2735 5417 2818 5454 tne
2842 5401 2895 5453 in
2917 5401 3184 5453 civitatem
3213 5404 3385 5455 muni-

1861 5494 2008 5545 tam?
2039 5500 2129 5545 ant
2174 5492 2295 5561 quis
2334 5490 2557 5546 deducet
2615 5504 2701 5543 me
2749 5505 2918 5559 usque
2957 5491 3008 5542 in
3068 5487 3386 5546 ldumaaaml

263 5692 310 5757 (ι
321 5722 334 5765 )
365 5707 484 5773 Τὴν
516 5704 749 5768 Σίκυμα
772 5695 870 5749 καὶ
896 5696 999 5747 τὸν
1025 5696 1267 5750 Γαλαὰδ.
1301 5680 1444 5761 Forte
1478 5705 1544 5760 τὰ
1574 5708 1643 5761 Σ,
1675 5724 1731 5762 κ.
1771 5712 1868 5783 τὴν
1891 5712 1948 5765 Γ.
1972 5710 2123 5764 Enn.
