3818 6344
201 355 289 409 575
1274 354 1711 411 ΟΟΜΜΕΝΤΑΠΙ

1818 356 1859 408 Ν
1895 354 2226 410 PSALMOS.

3221 361 3321 413 576

196 473 460 541 λογραφίας
490 469 684 535 ἔλεγεν·
716 489 733 519 ι
781 468 839 521 '0
867 470 1015 532 Θεὸς,
1040 469 1241 522 ἀπώσω
1274 471 1415 539 ἡμᾶς
1446 468 1539 521 καὶ
1571 467 1705 519 καθ-

1814 485 1926 522 cum
1982 469 2145 523 semel
2182 474 2234 521 et
2266 466 2502 520 secundo
2532 466 2810 533 dixissem
2831 467 3001 534 Quis?
3032 488 3049 521 ι
3085 485 3203 522 eum
3232 473 3322 538 qui

198 565 314 624 εἷλες
350 562 502 630 ἡμᾶς.
550 580 567 610 ι
609 560 698 611 Διὸ
751 560 889 631 πρὸς
929 562 1137 629 ἐκείνην
1174 558 1268 629 τὴν
1310 557 1485 628 φωνὴν
1526 558 1703 610 ἀποδί-

196 654 332 704 δωσιν
366 648 588 702 ἐνταῦθα
614 650 710 719 τὴν
737 652 904 719 αὐτὴν
926 650 1155 702 διάνοιαν
1189 648 1385 715 λέγων·
1426 666 1443 696 ι
1473 648 1602 715 Οὐχὶ
1640 647 1701 698 σὺ

195 744 219 792 6
239 741 353 801 Θεὸς
395 740 422 790 6
446 740 794 807 ἀπωσάμενος
837 742 1011 809 ἠμᾶς;
1046 758 1063 790 ι
1102 739 1195 800 Τίς
1220 738 1323 806 γὰρ
1353 736 1522 798 ἀλλος,
1553 737 1701 804 φησι,

196 830 383 881 δύναται
408 828 567 891 δεῖξαι
593 829 723 897 ἡμῖν
756 828 853 890 τὰς
882 826 1203 895 ἐπαγγελίας
1235 827 1331 888 τὰς
1360 827 1456 888 σὰς
1488 827 1577 877 καὶ
1599 825 1703 877 τῶν

202 917 286 969 σῶν
306 917 465 983 λόγων
496 916 560 968 τὰ
592 916 1024 986 ἀποτελέσματα,
1058 918 1104 967 εί
1140 917 1210 986 μὴ
1239 918 1301 968 σὺ
1331 915 1487 975 αὐτὸς
1534 917 1561 965 6
1602 916 1705 965 6m«

198 1005 441 1072 ωσάμενος
472 1004 650 1073 ἡμᾶςς
679 1004 733 1073 ἢ,
766 1003 909 1055 κατὰ
944 1002 1031 1055 τὸν
1060 1003 1363 1072 Σύμμαχον,
1393 1019 1411 1051 ι
1445 1002 1507 1052 Ei
1539 1001 1610 1070 μὴ
1642 1001 1703 1051 σὺ

198 1092 220 1140 6
246 1090 358 1151 Θεὸς
385 1092 410 1140 6
440 1089 871 1159 ἀποδαλλὸμενος
896 1094 1060 1161 ἡμᾶς,
1088 1090 1178 1143 καὶ⁹
1211 1091 1283 1159 μὴ
1318 1089 1618 1158 προσελθὼν
1650 1091 1704 1141 ἐν

197 1182 292 1241 ταῖς
334 1179 700 1249 στρατεύσεσιν
739 1180 931 1249 ὴμῶνς
975 1200 992 1231 ι
1039 1179 1261 1234 Ἀπώσω
1290 1180 1394 1248 γάρ
1435 1180 1578 1247 ἡμᾶς
1619 1179 1702 1240 σὺ,

197 1271 356 1339 Κύριε,
389 1270 474 1321 καὶ
511 1269 757 1332 καθεῖλες
794 1273 970 1339 ἡμᾶς’
1005 1269 1136 1322 ἀλλά
1168 1268 1259 1320 καὶ
1300 1267 1461 1319 πάλαι
1506 1265 1703 1328 εἰωθὼς

200 1356 457 1420 συνεξιέναι
500 1357 591 1408 καὶ
642 1358 1011 1427 συμπολεμεῖν
1055 1359 1173 1419 ταῖς
1223 1356 1509 1425 ἡμετέραις
1554 1355 1706 1406 δυνά-

199 1464 317 1517 μεσι,
336 1447 421 1498 νῦν
439 1448 522 1499 ὅτε
551 1448 648 1515 τὴν
677 1447 872 1516 κλῆσιν
896 1448 1127 1515 ἐποιήσω
1159 1446 1264 1497 τῶν
1292 1444 1475 1507 ἐθνῶν,
1508 1442 1705 1495 ἀπώσω

198 1541 223 1607 ἡ
232 1540 318 1607 μᾶς
342 1537 423 1588 καὶ
450 1537 626 1588 οὐκέτι
656 1536 950 1606 συνεξέρχῃ
976 1540 1091 1599 ταῖς
1116 1536 1405 1605 ἡμετέραις
1431 1534 1700 1604 δυνάμεσι.

200 1628 336 1695 ’Δλλη
379 1624 465 1680 οὖν
496 1629 593 1679 οὐκ
625 1627 773 1679 ἐστιν
823 1630 954 1696 ἡμῖν
980 1628 1127 1689 ἐλπὶς
1159 1627 1289 1696 πρὸς
1322 1625 1379 1676 τὸ
1419 1624 1703 1678 θεάσασθαί

196 1736 269 1772 σου
308 1718 394 1781 τὰς
434 1718 781 1785 ἐπαγγελίας,
830 1720 880 1769 εί
939 1719 1010 1787 μὴ
1060 1719 1122 1769 σὺ
1175 1717 1329 1778 αὐτὸς
1374 1715 1698 1785 βουληθείης.

191 1808 270 1858 Σοῦ
294 1808 389 1877 γὰρ
425 1807 763 1877 θελήσαντος,
794 1807 1020 1859 δυνατὸν
1068 1808 1196 1883 ἡμῖν
1253 1806 1375 1866 τοὺς
1419 1804 1540 1864 σοὺς
1577 1819 1705 1870 προ-
1734 1789 1775 1845 Β

190 1900 331 1967 circa;
366 1896 840 1965 ωγκαταλεγῆναι
870 1899 933 1966 τῇ
970 1895 1116 1947 πόλει
1162 1911 1253 1945 σου
1277 1897 1341 1962 τῇ
1371 1908 1701 1962 περιπεφρα-

190 1988 354 2059 γμένῃ,
386 1986 470 2039 καὶ
499 1985 862 2057 ,ὁδηγηθῑψαι
891 1986 990 2046 ἕως
1016 1985 1114 2053 τῆς
1141 1982 1536 2052 ἀποδειχθείσης
1560 1980 1705 2031 Ἰδου-

192 2078 331 2149 μαίας

255 2358 272 2390 ι
310 2338 396 2400 Δὸς
429 2339 547 2407 ἡμῖν
584 2335 847 2406 βοήθειαν
886 2335 949 2386 ἐκ
983 2333 1226 2401 θλίψεως,
1256 2332 1346 2384 καὶ
1375 2332 1570 2401 ματαία
1602 2348 1704 2385 σω-

191 2430 328 2499 τηρία
368 2427 672 2497 ἀνθρώπων.
715 2426 815 2476 Ἐν
862 2424 937 2493 τῷ
973 2422 1088 2492 Θεῷ
1134 2424 1421 2491 ποιήσομεν
1464 2421 1704 2492 δύναμιν,

201 2518 277 2569 καὶ
296 2518 437 2579 αὐτὸς
456 2514 808 2580 ὲξουδενώσει
832 2515 954 2574 τοὺς
980 2511 1248 2573 θλίϐοντας
1276 2512 1438 2579 ἡμᾶς.
1473 2528 1491 2561 ι
1519 2512 1579 2562 Oi
1603 2511 1707 2563 τῶν

204 2606 498 2673 ἐπαγγελιῶν
524 2601 958 2668 καταξιωθέντες
988 2600 1314 2652 διδάσκονται
1344 2598 1429 2650 διὰ
1450 2599 1554 2650 τῶν
1582 2617 1710 2669 προ-

196 2695 417 2764 κειμένων
446 2699 630 2765 νήφειν
665 2692 759 2744 καὶ
799 2688 1167 2759 ἐγρηγορέναι,
1210 2686 1708 2755 παρασκευάζεσθαί

194 2802 241 2836 τε
266 2789 331 2848 είς
373 2785 590 2853 θλίψεις,
622 2782 717 2834 καὶ
751 2780 825 2831 δι’
853 2778 1022 2847 εὐχῶν
1065 2778 1234 2844 λέγειν
1261 2778 1336 2847 τῷ
1370 2778 1573 2829 ἑαυτῶν
1617 2777 1710 2845 βα-

197 2876 332 2929 σιλεῖ’
362 2895 381 2927 ι
413 2876 507 2938 Δὸς
545 2875 677 2943 ἡμῖν
709 2867 960 2939 βοήθειαν
998 2868 1061 2919 ἐκ
1112 2866 1371 2934 θλίψεως·
1410 2886 1427 2916 ι
1482 2865 1709 2935 ματαίαν

197 2967 283 3035 γὰρ
318 2962 444 3018 εἶναι
478 2968 656 3017 πᾶσαν
687 2960 789 3029 τὴν
828 2957 884 3022 ἐξ
916 2954 1206 3026 ἀνθρώπων
1238 2955 1441 3008 ἐλπίδα.
1479 2952 1591 3007 Εἶτ’
1618 2954 1708 3006 εὐ-

198 3056 380 3124 ξάμενοι
406 3054 592 3112 ταῦτα,
624 3052 725 3119 τὴν
756 3045 964 3113 ἀγαθὴν
991 3043 1374 3095 ἐπιδείκνυνται
1408 3042 1707 3111 προθυμίαν

197 3145 433 3209 λέγοντες·
483 3160 500 3190 ι
547 3141 635 3191 Ἑν
674 3136 797 3204 Θεῷ
837 3135 1127 3203 ποιήσομεν
1161 3132 1400 3199 δύναμιν,
1429 3131 1519 3182 καὶ
1552 3130 1708 3192 αὐτὸς

194 3230 496 3294 ἐξουδενώσει
544 3228 670 3287 τοὺς
720 3222 995 3283 θλίϐοντας
1036 3222 1197 3290 ἡμᾶς.
1241 3238 1259 3270 ι
1303 3219 1546 3281 Τοιοῦτος
1583 3215 1649 3288 ἦν
1684 3221 1712 3270 6

198 3320 374 3382 Παῦλος
403 3319 572 3385 λέγων
592 3333 605 3345 ·
663 3334 681 3364 ‹
715 3312 897 3364 Πάντα
935 3308 1097 3377 ίσχύω
1127 3311 1181 3359 ἐν
1220 3308 1297 3377 τῷ
1334 3308 1711 3376 ἐνδυναμοῦντί

198 3423 279 3473 με·
318 3425 335 3455 ι
396 3404 488 3457 καὶ
544 3402 743 3454 πάλινο
813 3416 830 3447 ι
876 3398 987 3449 Οὐκ
1008 3395 1114 3462 ἐγὼ
1134 3395 1210 3457 δὲ,
1282 3397 1460 3464 φησιν,
1526 3394 1637 3446 ἀλλ’
1679 3396 1711 3461 ἡ

194 3496 325 3563 χάρις
364 3498 394 3564 ή
426 3496 518 3546 σὺν
546 3491 691 3560 ἐμοί.
732 3507 750 3539 ι
794 3486 975 3538 Ταῦτα
1012 3486 1067 3536 δὲ
1094 3485 1266 3551 λέγειν
1300 3486 1628 3538 παιδεύονται
1663 3488 1711 3537 οί

196 3586 247 3635 ἐκ
282 3585 367 3653 τῆς
404 3580 708 3650 Ἰδουμαίας
738 3576 831 3629 καὶ
874 3577 936 3627 ἐκ
976 3574 1080 3625 τῶν
1112 3574 1413 3640 ἀλλοφύλων
1457 3574 1620 3627 ὲθνῶν
1647 3577 1711 3644 τῇ

194 3673 271 3724 τοῦ
295 3671 417 3724 Θεοῦ
450 3671 631 3740 χάριτι
662 3662 1135 3734 προσεληλυθότες.
1172 3664 1231 3714 Εἰ
1256 3663 1312 3714 δὲ
1343 3665 1405 3715 ἐκ
1430 3663 1712 3733 προσώπου

193 3760 269 3812 τοῦ
291 3757 616 3830 προφητικοῦ
645 3752 808 3825 χοροῦ
845 3752 1049 3818 λέγοιτο
1089 3751 1391 3812 καὶταῦτα,
1424 3752 1619 3820 πρέποι
1652 3750 1714 3803 ἂν

190 3853 376 3913 αὐτοὺς,
408 3843 925 3913 ἀποκλαυσαμένους
950 3842 1039 3893 τὸν
1068 3841 1322 3909 ἀπωσμὸν
1351 3841 1441 3891 καὶ
1473 3841 1567 3910 τὴν
1591 3840 1717 3893 καθ-

193 3938 371 4007 αίρεσιν
408 3938 501 3991 τοῦ
537 3934 807 4004 προτέρου
854 3930 1002 3992 λαοῦ,
1030 3930 1188 3998 εὐχὴν
1226 3931 1555 3998 ἀναπέμπειν
1582 3931 1717 3999 ὑπὲρ

190 4029 269 4080 τοῦ
309 4028 479 4082 κοινοῦ
521 4027 743 4080 πάντων
771 4022 945 4074 αὐτῶν
988 4020 1250 4089 σώματος,
1293 4021 1385 4072 καὶ
1423 4020 1596 4087 λέγειν
1641 4019 1718 4088 τῷ

190 4117 291 4186 Θεῷ
318 4118 381 4170 τὰ
405 4116 767 4187 προκείμενα.

243 4228 286 4279 1.
324 4227 425 4278 ΕΙΣ
454 4226 541 4277 ΤΟ
576 4221 797 4275 ΤΕΛΟΣ
826 4220 916 4271 ΕΝ
946 4218 1219 4280 ΥΜΝΟΙΣ,
1252 4218 1336 4269 ΤΩ
1366 4219 1556 4270 ΔΑΥΙΔ
1585 4219 1658 4273 Ξ’.

256 4354 273 4386 ι
312 4336 664 4393 Εξσάκουσον,
694 4332 722 4381 6
746 4329 893 4391 Θεὸς,
932 4332 1029 4399 τῆς
1070 4328 1296 4399 δεήσεώς
1333 4346 1450 4398 μου,
1495 4328 1719 4397 πρόσχες

1802 558 1948 612 solus
1987 558 2115 610 talia
2155 555 2437 611 ostendere
2483 557 2654 624 possit
2702 572 3024 625 cognoscere
3059 573 3116 611 se
3158 558 3326 612 conli-

1801 658 1974 713 tetur;
2010 649 2095 701 hic
2118 662 2277 715 porro
2310 644 2450 700 Deus
2479 656 2625 709 erat;
2658 646 2797 713 quod
2833 632 2991 698 etiam
3046 648 3197 699 initio
3226 647 3327 699 bu-

1796 738 1884 806 jus
1917 736 2060 790 tituli
2112 735 2479 804 inscriptionis
2528 735 2739 789 dicebat
2771 754 2785 788 :
2821 754 2838 784 ι
2877 734 3036 796 Deus.
3082 738 3324 806 repulisti

1800 845 1899 883 nos
1925 838 1975 882 et
2000 827 2314 881 destruxisti
2346 840 2496 880 nos.)
2528 826 2703 890 Quare
2735 826 2799 878 ad
2830 826 2969 878 illam
2990 841 3168 880 vocem
3201 844 3317 895 spe-

1801 926 1973 981 ctans,
2013 916 2256 971 eamdem
2308 917 2395 970 hic
2459 914 2654 985 profert
2715 917 3028 969 sententiam
3100 915 3319 970 dicens:

1807 1027 1824 1057 ι
1850 1008 2035 1062 Nonne
2058 1016 2140 1068 tu,
2173 1006 2336 1070 Deus,
2374 1009 2465 1074 qui
2511 1009 2757 1076 repulisti
2780 1007 2915 1060 nos?
2939 1026 2958 1057 ι
3011 1007 3142 1070 Quis
3181 1008 3322 1059 enim

1804 1098 1962 1157 alius,
2013 1100 2206 1166 inquit,
2257 1099 2515 1165 promissa
2546 1105 2655 1159 tua,
2706 1103 2759 1148 et
2800 1096 3084 1149 verborum
3112 1107 3322 1147 tuorum

1802 1187 2001 1239 exitum
2064 1187 2314 1239 exhibere
2367 1186 2520 1238 nobis
2579 1184 2768 1242 valeat,
2834 1185 2936 1236 nisi
2989 1193 3044 1236 tu
3086 1184 3197 1252 ipse
3232 1184 3323 1251 qui

1802 1274 2042 1341 repulisti
2079 1274 2220 1326 nos?
2250 1273 2382 1338 sive,
2418 1272 2711 1326 secundum
2744 1270 3139 1341 Symmachum,
3169 1289 3186 1321 ι
3210 1270 3323 1325 Nisi

1807 1371 1885 1423 tu,
1917 1362 2078 1425 Deus,
2102 1363 2190 1431 qui
2223 1364 2414 1429 abjicis
2450 1378 2568 1425 nos,
2615 1370 2668 1414 et
2696 1378 2803 1414 non
2832 1362 3043 1414 accedis
3080 1361 3146 1413 ad
3174 1377 3326 1415 exer-

1804 1454 1943 1506 citus
1978 1453 2227 1505 nostros?
2259 1472 2274 1503 )
2351 1450 2619 1520 Siquidem
2648 1451 2891 1519 repulisti
2947 1466 3066 1515 nos,
3116 1458 3173 1502 tu
3222 1450 3325 1503 bo-

1805 1542 1969 1603 minc,
2001 1550 2051 1593 et
2082 1541 2406 1594 destruxisti
2438 1556 2574 1594 nos:
2612 1540 2704 1594 sed
2737 1540 2827 1607 qui
2854 1540 2979 1591 olim
3014 1554 3117 1591 una
3147 1540 3328 1593 nobis-

1806 1646 1927 1683 cum
1971 1632 2139 1691 exire,
2210 1638 2418 1683 etcum
2471 1631 2796 1683 exercitibus
2850 1629 3048 1682 nostris
3096 1643 3329 1697 pugnare

1810 1720 2038 1779 solebas,
2072 1734 2214 1771 nunc
2257 1712 2375 1787 poSt
2406 1729 2674 1787 peractam
2706 1720 2939 1787 gentium
2972 1719 3326 1779 vocationem,

1806 1807 2051 1874 repulisti
2084 1821 2202 1868 nos,
2262 1823 2432 1874 neque
2460 1808 2599 1858 ultra
2652 1808 2921 1873 egrederis
2968 1822 3088 1859 cum
3118 1807 3330 1859 virtuti-

1810 1896 1910 1948 bus
1960 1898 2181 1950 nostris.
2237 1894 2354 1947 Non
2407 1897 2509 1948 alia
2561 1897 2738 1964 itaque
2766 1896 2950 1949 subest
2997 1896 3153 1948 nobis
3206 1909 3329 1963 spes

1804 1985 2020 2037 videndi
2057 1987 2315 2052 promissa
2354 1996 2465 2048 tua,
2517 1986 2622 2038 nisi
2680 1997 2734 2038 tu
2775 1986 2889 2053 ipse
2934 1987 3185 2040 volueris.
3255 1985 3330 2039 'Pe

1804 2073 2003 2141 quippe
2032 2075 2260 2136 volente,
2294 2089 2581 2141 possumus
2606 2089 2703 2127 nos
2734 2076 3002 2142 propheta:
3033 2076 3110 2127 tui
3147 2075 3200 2128 in
3224 2079 3329 2128 cir-

1804 2171 2079 2229 cumsepta
2115 2164 2326 2215 civitate
2360 2172 2447 2214 tua
2498 2164 2859 2228 annumerari,
2900 2177 2960 2215 ac
3002 2163 3193 2216 deduci
3236 2178 3328 2216 us-

1806 2268 1909 2319 que
1936 2252 2261 2304 declaratam
2292 2252 2434 2303 illam
2482 2249 2781 2304 liburnicam.

1878 2339 2272 2401 Vens.13,14.
2320 2357 2337 2387 ι
2364 2338 2437 2391 Da
2487 2341 2642 2393 nobis
2684 2341 2940 2393 auxilium
2988 2341 3054 2394 de
3105 2342 3329 2394 tribula-

1807 2428 1970 2488 tione,
2023 2438 2074 2481 et
2117 2443 2251 2480 vana
2301 2427 2446 2483 salus
2480 2427 2777 2482 hominum.
2830 2428 2889 2480 ln
2921 2426 3025 2481 Deo
3067 2426 3325 2493 faciemus

1808 2518 2159 2579 virtutcm,et
2206 2518 2321 2585 ipse
2370 2517 2434 2569 ad
2482 2517 2705 2569 nihilum
2752 2516 2976 2570 deducet
3011 2518 3328 2569 tribulantes

1808 2622 1926 2659 nos.
1952 2627 1969 2657 ι
2028 2606 2130 2670 Qui
2161 2608 2441 2674 promissis
2472 2606 2670 2675 dignati
2723 2616 2869 2671 sunt,
2924 2608 3007 2660 bis
3039 2607 3329 2660 cdocentur

1810 2697 1985 2750 sobrie
2012 2697 2274 2764 agendum
2301 2705 2352 2749 et
2380 2697 2703 2765 vigilandum
2721 2712 2859 2761 esse,
2880 2705 3039 2764 atque
3055 2697 3119 2749 ad
3139 2711 3334 2749 terum-

1811 2802 1908 2839 nas
1962 2796 2178 2855 paratos
2217 2801 2335 2840 esse
2387 2798 2651 2854 oportere,
2687 2802 2749 2841 ac
2781 2788 2959 2841 dicere
2992 2787 3098 2855 regi
3129 2802 3226 2840 suo
3280 2789 3332 2839 in

1810 2877 2157 2940 orationibus,
2208 2894 2225 2925 ι
2248 2876 2318 2928 Da
2352 2878 2507 2930 nobis
2534 2878 2788 2930 auxilium
2816 2878 2881 2931 de
2904 2878 3245 2930 tribulatione
3270 2896 3281 2929 :
3309 2897 3327 2928 ι

1809 2981 1946 3017 vana
1994 2966 2189 3033 quippe
2221 2974 2303 3018 est
2362 2982 2484 3034 spes
2525 2968 2577 3019 in
2630 2968 2842 3020 homine
2894 2968 3086 3035 posita.
3136 2966 3335 3019 Deinde

1812 3056 1924 3109 [nec
1939 3058 2161 3124 precati,
2183 3057 2475 3110 alacritatis
2498 3072 2607 3109 suae
2630 3058 2780 3125 signa
2804 3057 3038 3125 praebent
3060 3056 3331 3114 dicentes:

1817 3164 1834 3193 ι
1859 3146 1914 3197 ιιι
1946 3146 2049 3198 Deo
2084 3145 2339 3198 faciemus
2364 3147 2634 3207 virtutem,
2668 3155 2719 3199 et
2743 3147 2852 3212 ipse
2886 3147 2951 3197 ad
2989 3146 3214 3197 nihilum
3241 3144 3333 3198 de-

1806 3236 1962 3289 ducet
2016 3238 2332 3291 tribulantes
2390 3252 2507 3289 nos.
2538 3253 2555 3284 ι
2634 3234 2777 3287 Talis
2823 3242 2938 3287 erat
2974 3234 3198 3294 Paulus,
3242 3233 3333 3301 qui

1808 3326 2047 3379 dicebat:
2084 3346 2101 3376 ι
2142 3328 2329 3379 Omnia
2359 3342 2575 3392 possum
2633 3326 2685 3377 in
2727 3339 2791 3378 eo
2848 3326 2937 3392 qui
2987 3339 3069 3376 me
3118 3322 3333 3376 confor-

1809 3414 1938 3467 tat’l
1966 3432 1980 3478 ;
2013 3434 2029 3464 ›
2085 3430 2147 3467 ac
2192 3430 2444 3477 rursum;
2501 3413 2615 3466 Non
2662 3429 2779 3480 ego,
2827 3414 3018 3481 inquit,
3078 3413 3170 3466 sed
3212 3428 3336 3482 gra-

1810 3506 1883 3557 tia
1926 3519 2042 3572 qua:
2087 3512 2165 3557 est
2222 3504 2553 3557 mecum”.t
2622 3503 2702 3556 Ad
2763 3503 2874 3556 haec
2932 3502 3154 3555 dicenda
3207 3516 3334 3554 eru-

1810 3594 2051 3657 diuntur,
2086 3595 2175 3661 qui
2203 3609 2266 3646 ex
2304 3593 2536 3645 ldumzea
2565 3599 2616 3644 et
2649 3607 2711 3645 ex
2741 3592 3053 3659 alienigenis
3083 3591 3334 3659 gentibus

1813 3684 1879 3736 ad
1942 3682 2032 3735 Dei
2095 3684 2321 3751 gratiam
2373 3695 2669 3735 accessere.
2727 3680 2878 3743 Quod
2912 3680 2957 3733 si
2986 3695 3067 3737 ,ex
3111 3693 3336 3747 persona

1814 3772 2109 3841 prophetici
2141 3771 2291 3823 chori
2333 3770 2599 3830 dicantur,
2632 3783 2761 3822 sane
2802 3769 2956 3822 decet
2983 3769 3125 3836 ipsos
3158 3769 3337 3836 repul-

1817 3877 1928 3914 sam
1971 3869 2023 3914 et
2049 3862 2259 3913 ruinam
2301 3859 2496 3927 prioris
2529 3859 2707 3927 populi
2747 3859 3108 3924 deplorantes,
3139 3858 3339 3909 oratio-

1814 3966 1934 4003 nem
1979 3949 2251 4003 eli‘undere
2277 3963 2373 4016 pro
2404 3947 2677 4001 communi
2715 3961 2812 4001 suo
2851 3961 3095 4013 corpore,
3134 3956 3185 3999 ct
3225 3946 3338 3999 haec

1816 4039 1975 4093 verba
1999 4038 2106 4093 Deo
2136 4038 2392 4107 proferre.

1920 4150 1923 4153 Ι
1954 4190 2002 4243 1.
2037 4187 2101 4239 IN
2133 4186 2357 4253 FINEM,
2397 4184 2463 4238 IN
2496 4184 2771 4252 HYMNIS,
2812 4184 3052 4239 DAVIDI.
3096 4183 3205 4237 LX.

1890 4320 2052 4375 Vens.
2104 4319 2171 4381 2,
2212 4319 2262 4371 5.
2314 4336 2331 4368 ι
2384 4314 2628 4380 Exaudi,
2687 4314 2862 4375 Deus,
2920 4314 3341 4382 deprecationem

191 4428 247 4495 τῇ
274 4428 534 4495 προσευχῇ
571 4441 698 4493 μου.
746 4442 764 4472 ι
812 4422 871 4473 Οἱ
914 4420 1007 4488 μὲν
1042 4418 1498 4488 ἐπιγεγραμμένοι
1534 4418 1711 4486 στηλο-

1826 4426 2036 4470 meam,
2086 4407 2301 4461 intende
2341 4406 2572 4458 orationi
2616 4420 2764 4459 meae.
2802 4422 2820 4455 ι
2852 4402 2954 4468 Qui
2985 4404 3120 4456 tituli
3150 4402 3342 4455 inscri—

194 4515 405 4581 γραφίας
438 4514 638 4581 ἐφεξῆς
678 4511 833 4562 πέντε
867 4508 1022 4577 μέχρι
1057 4506 1147 4558 τοῦ
1176 4507 1249 4559 νθ¹
1291 4507 1437 4567 τέλος
1476 4506 1711 4574 ἔχουσινο

196 4605 284 4654 εἰσὶ
306 4605 357 4655 δὲ
390 4604 590 4663 πάντες
615 4602 666 4651 oi
687 4599 884 4666 ταύτην
915 4596 1122 4664 ἔχοντες
1146 4596 1241 4664 τὴν
1284 4595 1599 4664 προγραφὴν
1623 4594 1680 4660 ἐξ
1699 4613 1712 4625 ο

197 4691 305 4742 οἵτε
338 4689 722 4761 προλεχθέντες
756 4686 848 4737 καὶ
869 4688 896 4736 6
924 4690 981 4734 ιε’
1014 4684 1070 4734 ἐν
1094 4682 1168 4751 τῷ
1208 4682 1401 4752 πρώτῳ
1441 4683 1591 4752 μέρει
1622 4686 1718 4751 τῆς

202 4781 360 4849 βίϐλου
387 4782 492 4833 τῶν
523 4778 770 4845 Ψαλμῶν
793 4774 1055 4843 κείμενος.
1086 4774 1150 4824 Ὅ
1175 4789 1235 4840 γε
1270 4773 1369 4843 μὴν
1397 4773 1527 4843 μετὰ
1539 4776 1719 4843 χεῖρας

200 4867 344 4937 ὕμνος
370 4871 441 4922 ῶν
488 4869 584 4920 καὶ
618 4866 776 4925 αὐτὸς
807 4865 885 4924 είς
926 4861 984 4913 τὸ
1011 4862 1158 4924 τέλος
1190 4862 1274 4914 διὰ
1317 4862 1411 4924 τὰς
1455 4862 1543 4913 ἐπὶ
1585 4862 1720 4913 τέλει

204 4958 281 5011 τοῦ
322 4959 483 5029 ὕμνου
526 4955 826 5025 φερομένας
866 4952 1191 5019 ἐπιχρήστας
1240 4952 1559 5018 ἐπαγγελίας
1596 4952 1721 5003 ἀνα-

212 5051 405 5116 πέμπει.
464 5048 586 5099 Εἰσὶ
638 5046 692 5097 δὲ
751 5046 945 5103 πάντες
993 5043 1040 5092 οἱ
1096 5041 1601 5110 ἐπιγεγραμμένοι(
1634 5040 1720 5091 Ἐν

208 5136 370 5203 ὕμνοις
404 5157 421 5189 ι
464 5137 659 5188 πέντεσ
708 5135 799 5185 δύο
849 5133 943 5200 μὲν
987 5133 1040 5182 ἐν
1084 5131 1159 5198 τῷ
1210 5129 1404 5198 πρώτῳ
1438 5130 1586 5198 μέρει
1625 5133 1721 5197 τῆς

216 5228 390 5291 βίϐλου,
428 5229 455 5278 6
497 5228 749 5293 τέταρτος
793 5222 884 5274 καὶ
926 5222 953 5271 6
996 5225 1064 5281 ς’.
1106 5218 1240 5269 Ἀλλ’
1282 5215 1419 5271 οὗτοι
1447 5220 1543 5287 μὲν
1586 5237 1602 5268 ι
1639 5219 1724 5270 Ἐν

214 5315 374 5382 Sp.th
400 5316 601 5385 ψαλμοὶ
638 5334 656 5362 ι
689 5313 930 5377 λέγονται
954 5327 965 5340 ο
991 5311 1037 5361 οί
1058 5309 1112 5360 δὲ
1137 5311 1193 5360 ἐν
1222 5310 1296 5378 τῷ
1322 5310 1548 5378 δευτέρῳ
1577 5307 1725 5375 μέρει

215 5405 292 5470 τῆς
319 5406 484 5471 βίϐλου
512 5405 658 5471 τρεῖς
693 5420 711 5449 ‹
736 5401 824 5451 Ἐν
856 5399 1034 5466 ὖμνοις
1068 5417 1084 5446 ι
1132 5400 1514 5466 ἐπιγράφονται
1549 5396 1721 5464 μόνον,

213 5491 344 5558 ὁνγ,
374 5494 461 5544 καὶ
492 5496 521 5545 6
542 5492 635 5553 v6',
667 5489 808 5569 xa‘t6
836 5487 967 5555 μετά
988 5490 1189 5555 χεῖρας.
1247 5489 1305 5540 Οἱ
1334 5488 1428 5555 μὲν
1452 5483 1541 5539 οὖν
1574 5504 1590 5535 ι
1637 5485 1723 5538 Ἐν

276 5644 308 5675 ’³
342 5644 521 5714 Philip.
558 5658 635 5705 ιν,
682 5638 767 5692 15.
846 5638 884 5667 ³¹
924 5638 941 5689 l
977 5636 1099 5691 Cor.
1139 5655 1234 5705 xv,
1270 5641 1357 5696 10.

1822 4502 2033 4568 ptiones
2093 4499 2379 4571 dicuntur,
2441 4501 2830 4563 consequenter
2898 4492 3059 4561 positi
3121 4507 3343 4545 numero

1819 4590 2087 4656 quinque,
2128 4588 2181 4639 in
2229 4602 2315 4639 ιιιι
2372 4584 2643 4638 desinunt.
2690 4580 2826 4634 Sunt
2899 4590 3078 4635 autem
3119 4596 3339 4641 omnes,

1821 4680 1911 4747 qui
1957 4679 2264 4747 hujusmodi
2313 4676 2468 4730 titulo
2516 4673 2905 4732 inscribuntur,
2955 4684 3178 4724 numero
3207 4685 3340 4734 sex;

1823 4785 2011 4837 nempe
2053 4769 2143 4838 qui
2170 4769 2280 4835 jam
2312 4765 2590 4819 memorati
2632 4770 2795 4824 sunt,
2826 4770 2879 4815 et
2921 4760 3160 4814 decimus
3187 4760 3346 4827 quin-

1824 4870 1943 4922 tus,
1996 4860 2051 4911 in
2101 4859 2268 4926 prima
2313 4865 2460 4924 parte
2507 4854 2626 4907 libri
2664 4852 2996 4906 Psalmorum
3048 4852 3203 4905 situs.
3250 4850 3347 4902 Hic

1821 4966 1948 5006 vero
1976 4964 2131 5017 quem
2176 4949 2289 5015 jam
2336 4954 2628 4999 tractamus
2666 4943 2927 5012 hymnus,
2958 4940 3023 4993 ad
3056 4939 3247 5002 ﬁnem,
3278 4939 3347 4993 ob

1823 5039 2067 5110 perutilia
2100 5038 2187 5089 illa
2229 5036 2492 5104 promissa
2515 5074 2530 5098 ,
2563 5049 2680 5102 qua:
2708 5034 2760 5085 in
2803 5031 2906 5084 ﬁne
2952 5029 3216 5092 feruntur,
3262 5044 3348 5082 re-

1824 5130 2004 5182 mittit.
2045 5126 2180 5180 Sunt
2209 5134 2383 5178 autem
2416 5142 2434 5173 ι
2463 5124 2520 5176 In
2551 5123 2761 5191 hymnis
2794 5141 2811 5172 ι
2843 5120 3085 5186 inscripti
3113 5119 3348 5186 quinque

1827 5230 2087 5269 numero:
2132 5228 2356 5281 quorum
2400 5212 2506 5263 duo
2546 5211 2600 5262 in
2646 5224 2813 5276 prima
2856 5216 3002 5276 parte
3041 5206 3157 5258 libri
3188 5213 3344 5267 sunt,

1823 5314 2046 5375 quartus
2069 5319 2275 5370 nempe,
2300 5310 2350 5355 et
2379 5311 2576 5353 sextus.
2610 5298 2712 5352 Sed
2737 5300 2811 5351 illi
2832 5300 3045 5367 quidem
3074 5316 3092 5346 ι
3119 5298 3175 5350 In
3197 5298 3349 5366 hym-

1828 5398 1914 5450 nis
1945 5394 2133 5464 psalmi
2161 5411 2179 5443 ι
2209 5392 2459 5444 dicuntur
2486 5406 2501 5453 ;
2548 5388 2639 5455 qui
2680 5404 2805 5442 vero
2835 5390 2887 5441 in
2929 5387 3160 5442 secunda
3200 5396 3349 5453 parte

1831 5486 1952 5539 libri
1994 5492 2121 5540 sunt
2141 5519 2159 5545 ,
2200 5489 2309 5535 tres
2350 5493 2570 5533 numero
2589 5516 2605 5545 ,
2636 5495 2656 5527 ι
2686 5477 2744 5531 ιιι
2774 5478 2985 5549 hymnis
3008 5496 3027 5528 ι
3056 5477 3227 5531 solum
3264 5475 3351 5532 in-
