3818 6382
111 431 236 486 577
1305 437 1800 496 COMMENTARIA
1830 439 1896 494 IN
1934 438 2268 495 PSALMOS.
3283 445 3388 500 578

118 567 138 598 ι
193 546 328 601 Ἀπὺ
375 545 502 598 τῶν
557 551 838 621 περάτων
866 555 963 626 τῆς
993 556 1094 627 γῆς
1132 558 1264 629 πρὸς
1291 561 1350 613 σὲ
1399 558 1626 629 ἐκέκραξ

1879 561 2157 613 nxiaretnr
2202 572 2294 612 cor
2342 571 2560 623 meum;
2591 574 2609 607 ι
2637 555 2751 612 sive
2793 557 3091 612 secundum
3143 556 3387 628 Symma-

113 635 481 708 Προστίθησι
535 639 602 693 δὲ
641 645 751 697 καὶ
802 647 899 716 τὴν
943 648 1119 701 αἰτίαν
1157 651 1438 718 ἐπιλέγων,
1475 668 1494 701 ι
1539 651 1621 702 Ἐν

1879 650 2041 714 hum,
2075 667 2092 700 ι
2122 648 2256 702 Dum
2313 646 2625 716 desperaret
2679 662 2775 702 cor
2829 663 3030 704 meum.
3064 668 3083 700 ι
3118 647 3386 704 Anxiatnr

114 727 439 798 ἀκηδιάσαι
468 728 583 800 τὴν
625 735 863 805 καρδίαν
893 753 990 807 μου
1012 754 1025 768 ’
1067 757 1086 788 ι
1121 739 1154 809 ἦ
1191 758 1208 790 ι
1251 742 1339 794 Ἐν
1364 741 1439 812 τῷ
1462 743 1622 813 ἀδημι

1871 738 1985 792 ιιιίπι
2013 748 2068 792 et
2095 737 2248 808 quasi
2279 737 2530 807 desperat
2575 736 2825 806 religiosa
2869 737 3120 806 quaelibet
3168 740 3379 800 anima,

115 819 231 890 τὴν
257 819 502 888 καρδίαν
542 839 680 891 μου,
717 846 736 876 ι
770 828 910 880 κατά
938 827 1027 880 τὸν
1049 828 1352 900 Σύμμαχον.
1371 831 1588 901 Ἀκηδιᾷ
1611 850 1623 864 ·

1869 830 1964 882 lum
1989 830 2043 882 in
2065 828 2276 882 mortali
2301 829 2409 881 vita
2437 837 2717 882 versatur:
2763 841 2865 896 qua
2905 827 2970 880 de
3011 840 3170 881 causa
3208 827 3377 896 ipsam

117 909 227 957 καὶ
269 906 557 976 ἁδημονεῖ
593 913 756 964 πᾶσα
791 912 1038 982 θεοφιλὴς
1068 913 1210 984 ψυχὴ
1243 914 1318 985 τῷ
1355 914 1538 985 θνητῷ·
1574 918 1625 967 ἐν

1869 917 2020 972 licere
2047 917 2299 979 arbitror,
2332 934 2349 966 ι
2379 915 2516 980 Quia
2545 915 2812 969 incolatus
2845 929 2997 968 meus
3027 915 3377 984 prolongatns

118 998 399 1066 τρίϐουσα
443 997 591 1070 βίῳ·
632 1002 718 1054 διὸ
754 1003 844 1055 καὶ
876 1004 1042 1072 φήσαι
1065 1003 1149 1067 ἂν,
1177 1000 1358 1073 οἶμαι·
1394 1023 1412 1055 ι
1445 1006 1562 1056 Ὅτι
1603 1006 1626 1056 ἐ

1868 1011 1922 1058 ει
1950 1005 2013 1058 ³⁸.
2044 1023 2063 1054 ι
2093 1004 2154 1057 Et
2182 1020 2280 1059 nos
2311 1019 2523 1075 quoque
2543 1003 2668 1056 dum
2696 1003 2748 1056 in
2779 1003 2880 1057 hoc
2907 1003 3257 1056 tabernaculo
3284 1009 3376 1055 Su-

121 1087 336 1156 κρύνθη
373 1090 414 1158 ὴ
459 1093 750 1160 παροικία
784 1109 908 1161 μου.
936 1111 958 1142 ο
1007 1094 1112 1146 Καὶ
1143 1095 1298 1163 ἡμεῖς
1328 1095 1375 1145 οί
1407 1094 1554 1156 ὅντες
1581 1096 1629 1146 ἐν

1863 1109 1956 1147 nus
1988 1093 2186 1156 alllicti,
2208 1093 2628 1164 ingemiscimus.
2661 1091 3048 1160 lngemiscebat
3077 1093 3200 1146 item
3231 1089 3371 1144 Pau-

124 1182 320 1250 σκήνει
362 1183 734 1252 στενάζομεν
787 1184 1124 1255 βαρούμενοι.
1157 1187 1404 1238 Ἕστενεν
1443 1182 1532 1238 οὖν
1576 1203 1632 1239 κο

1860 1198 1921 1236 us
1949 1185 2019 1237 ob
2045 1185 2288 1238 mortalis
2317 1185 2439 1236 vitae
2467 1182 2878 1236 diuturnitatem
2909 1181 3067 1236 tale
3095 1180 3320 1235 ali'ectus
3355 1198 3367 1233 :

124 1274 345 1334 Παῦλος
377 1275 653 1344 ἁκηδιῶν
683 1279 774 1329 ἐπὶ
798 1281 863 1348 τῇ
891 1279 1217 1348 παρεκτάσει
1248 1278 1339 1331 τοῦ
1371 1279 1560 1348 θνητοῦ
1589 1280 1632 1350 βί

1858 1288 2001 1342 [nare
2047 1289 2168 1326 cum
2214 1274 2466 1342 lacrymis
2495 1272 2739 1334 dicebat,
2778 1289 2796 1321 ι
2830 1271 3017 1325 Infelix
3044 1285 3144 1340 ego
3171 1271 3366 1332 homo,

120 1359 211 1412 διὸ
241 1363 331 1413 καὶ
360 1363 704 1434 ἁπεκλᾴετο
735 1365 905 1433 λέγων
928 1383 942 1396 ·
977 1387 994 1417 ι
1027 1368 1374 1438 Ταλαίπωρος
1402 1368 1508 1436 ἐγὼ
1534 1370 1628 1423 ἀνθ

1861 1363 1956 1432 [uis
1986 1379 2068 1416 me
2090 1363 2336 1416 liberabit
2360 1361 2426 1415 de
2447 1377 2674 1430 corpore
2706 1362 2892 1414 mortis
2919 1360 3079 1428 hujus
3111 1361 3191 1412 ’7?
3211 1379 3230 1412 ι
3258 1360 3369 1414 An-

125 1468 260 1513 πος,
290 1451 381 1513 τίς
437 1470 516 1522 με
572 1454 797 1524 ῥύσεται
843 1458 904 1508 ἐκ
951 1457 1042 1509 τοῦ
1082 1458 1328 1528 σώματος
1373 1460 1464 1513 τοῦ
1511 1461 1633 1515 θανά

1859 1450 2101 1513 :ustiatur
2147 1459 2323 1502 autem
2367 1457 2420 1504 et
2460 1448 2615 1517 quasi
2657 1447 2954 1516 despondet
2996 1448 3265 1512 animum,
3297 1449 3367 1501 ob

124 1539 366 1602 τούτους
415 1558 442 1591 ι
491 1541 725 1612 Ἀκηδιᾷ
757 1543 813 1594 δέ
866 1545 960 1596 καὶ
1005 1545 1256 1616 ἀδημονεῖ
1291 1549 1382 1600 καὶ
1423 1548 1507 1602 διὰ
1551 1551 1632 1618 φιλ

1857 1539 2183 1593 mmanitatis
2225 1554 2472 1602 sensum,
2504 1546 2704 1591 tantam
2754 1553 2980 1590 cernens
3027 1539 3365 1606 pereuntium

127 1626 424 1696 θρωπίαν,
491 1628 561 1680 τὸ
629 1630 832 1700 πλῆθος
882 1633 986 1684 τῶν
1043 1634 1419 1704 ἀπολλυμένων
1477 1637 1635 1710 θεωρὸ

1859 1627 2225 1681 nultitudinem
2259 1646 2272 1681 :
2319 1627 2583 1696 siquidem
2619 1645 2636 1677 ι
2669 1626 2775 1678 lata
2806 1633 2859 1680 et
2888 1625 3128 1696 spatiosa
3165 1625 3252 1678 via
3282 1631 3367 1679 est

127 1715 321 1786 ἐπειδὴ
364 1734 387 1766 ε
434 1717 681 1770 πλατεῖα
713 1719 806 1771 καὶ
840 1721 1142 1792 εὐρύχωρος
1171 1725 1202 1792 ἡ
1234 1723 1349 1785 ὁδὸς
1387 1726 1419 1793 ἡ
1449 1727 1635 1792 ἀπάγοπ

1859 1734 1948 1785 μηο
1987 1717 2137 1770 ducit
2182 1718 2247 1770 ad
2291 1718 2646 1786 perditionem
2678 1717 2743 1771 ³⁸.
2777 1735 2796 1768 ι
2831 1716 2920 1769 Sic
2962 1718 3122 1769 etiam
3163 1717 3209 1770 is
3250 1715 3367 1783 ipse

129 1805 214 1866 είς
266 1805 366 1872 τὴν
425 1805 720 1859 ἀπώλειαν
745 1823 758 1837 ⁸
799 1826 818 1858 ι
857 1809 1027 1873 οὕτως
1073 1811 1229 1864 πάλιν
1272 1813 1301 1863 6
1344 1813 1500 1875 αὐτὸς
1549 1831 1637 1866 πει

1855 1807 2031 1859 nultos
2063 1808 2203 1874 luget
2233 1805 2298 1860 de
2326 1806 2524 1875 quibus
2568 1806 2781 1860 dicebat
2809 1824 2822 1859 :
2857 1823 2874 1856 ι
2906 1805 3122 1875 Lugebo
3163 1805 3363 1859 multos

129 1893 397 1958 πολλοὺς,
437 1897 575 1966 περὶ
623 1890 699 1949 ὧν
743 1897 930 1966 ἐλεγεο
993 1918 1010 1950 ι
1057 1896 1318 1971 Πενθήσω
1357 1902 1578 1965 πολλοὺς
1626 1921 1637 1937 ι

1856 1911 1892 1949 τι
1939 1897 2003 1950 iis
2041 1897 2130 1964 qui
2162 1905 2284 1950 ante
2312 1903 2697 1965 peccaverunt,
2727 1904 2779 1950 et
2805 1910 2910 1948 non
2938 1901 3162 1964 egerunt
3191 1894 3364 1963 pce-ui-

129 1987 698 2056 προημαρτηκότων,
749 1990 841 2041 καὶ
905 1991 977 2060 μὴ
1036 1993 1467 2062 μετανοησάντων
1527 1995 1617 2045 ἐπὶ

1851 1985 2046 2038 entiam
2075 1986 2139 2038 de
2164 1993 2384 2052 peccato
2409 1994 2464 2038 et
2489 1985 2766 2052 iniquitate
2786 1991 2840 2039 et
2863 1984 3136 2052 impietate
3153 2023 3169 2048 ,
3196 1998 3358 2054 quam

130 2072 399 2143 ἁμαρτίᾳ
433 2075 535 2126 καὶ
572 2076 775 2147 ἀνομίᾳ
808 2080 901 2129 καὶ
933 2077 1150 2148 ἀσεϐείᾳ
1247 2080 1503 2152 ἔπραξαν.
1535 2101 1554 2132 ›
1594 2084 1638 2136 'C

1849 2083 2104 2138 gesserunt
2126 2075 2189 2127 ”.
2221 2093 2239 2125 ι
2261 2074 2402 2127 Idem
2430 2089 2645 2142 quoque
2671 2089 2767 2142 pro
2795 2074 2914 2128 aliis
2943 2090 3108 2143 supra
3140 2075 3357 2128 modum

130 2161 308 2223 αὐτὸς
376 2164 715 2233 ὑπεραλγῶν
768 2167 862 2218 καὶ
922 2168 1279 2238 ὑπερπάσχων
1319 2172 1515 2242 ἐτέρων
1561 2172 1638 2225 ἐ6<

1850 2177 2009 2231 ugens
2047 2170 2097 2216 et
2142 2162 2367 2216 amictus
2403 2163 2668 2215 clamabat
2692 2181 2706 2216 :
2733 2181 2750 2212 ι
2777 2161 2911 2226 Quis
2945 2162 3272 2225 infirmatur,
3302 2174 3358 2219 et

137 2269 156 2296 ι
195 2251 306 2313 Τίς
355 2253 600 2316 ἀσθενεῖ,
649 2255 744 2306 καὶ
775 2256 872 2307 οὐκ
910 2257 1150 2321 ἀσθενῶ;
1181 2259 1274 2320 Τίς
1303 2261 1644 2326 σκανδαλίζετ

1847 2267 1919 2321 τεο
1959 2266 2063 2304 non
2105 2252 2344 2305 inltrmor
2371 2251 2394 2304 ?
2422 2251 2553 2316 Quis
2581 2252 3008 2316 scandalizatur,
3037 2260 3090 2307 et
3118 2268 3216 2323 ego
3247 2268 3355 2307 non

130 2341 233 2390 καὶ
263 2343 370 2393 ούκ
407 2343 526 2411 ἐγὼ
555 2343 869 2414 πυροῦμαις
906 2364 924 2394 ι
963 2346 1190 2416 Ὁμοίως
1217 2348 1273 2400 δὲ
1305 2351 1398 2402 καὶ
1429 2351 1478 2402 οί
1513 2368 1638 2422 προς

1848 2357 1949 2394 Iror
1969 2341 2048 2394 “1
2072 2361 2090 2392 ι
2113 2340 2368 2396 Similiter
2394 2341 2664 2410 propheta:
2689 2342 2974 2410 pristinum
3007 2343 3157 2395 illum
3190 2358 3356 2412 popu-

134 2445 230 2481 ται
277 2431 375 2482 τὸν
427 2433 604 2485 πάλαι
650 2433 986 2504 ἀπεκλᾲοντο
1020 2435 1168 2500 λαὸν,
1202 2435 1386 2508 ὥσπερ
1432 2435 1522 2492 οὖν
1564 2442 1642 2492 καΊ

1846 2447 1926 2484 mn
1957 2431 2307 2500 deplorabant
2332 2470 2346 2494 ,
2374 2429 2829 2500 quemadmodum
2859 2439 2914 2485 et
2952 2430 3141 2485 David.
3175 2431 3354 2497 Quare

134 2517 322 2569 Δαυῖδ.
367 2517 468 2569 Διὸ
504 2518 672 2582 αὐτὸς
719 2520 816 2589 μὲν
861 2520 1049 2588 ἔφευγε
1075 2521 1141 2574 τά
1188 2524 1322 2592 μέσα
1349 2526 1446 2596 τῆς
1478 2528 1598 2597 γῆς,
1631 2547 1642 2581 1

1842 2535 1934 2588 pse
1959 2521 2176 2589 quidem
2207 2520 2273 2574 de
2299 2520 2478 2573 medio
2507 2527 2666 2573 terra:
2694 2519 2961 2589 fugiebat,
2993 2535 3056 2574 ac
3085 2521 3140 2575 in
3168 2530 3349 2576 extre-

135 2604 196 2654 ἐν
231 2603 430 2674 ἄκροις
469 2605 657 2657 αὐτῶν
685 2613 964 2677 γινόμενος
995 2609 1120 2662 ἐϐόα
1153 2612 1286 2681 πρὸς
1312 2613 1400 2665 τὸν
1430 2614 1585 2667 Θεόν·
1630 2619 1643 2668 ί

1839 2609 1921 2662 nis
1960 2609 2079 2677 ejus
2119 2609 2720 2676 partibusconstitutus
2747 2610 3012 2663 clamabat
3049 2610 3114 2663 ad
3146 2610 3347 2674 Deum,

133 2691 194 2741 δὲ
227 2695 291 2760 τῇ
316 2692 439 2744 τῶν
474 2693 695 2746 πολλῶν
724 2695 816 2746 καὶ
847 2695 1009 2748 αὑτοῦ
1050 2697 1141 2750 τοῦ
1171 2700 1339 2753 Σαοὺλ
1359 2702 1601 2774 ἀπωλείᾳ
1623 2723 1641 2757 1

1841 2707 1870 2750 rt
1903 2697 1969 2751 de
2003 2699 2292 2751 multorum
2333 2698 2505 2766 deque
2546 2696 2724 2752 Saulis
2763 2699 3002 2767 pernicie
3041 2700 3222 2755 animo
3268 2701 3349 2754 lu-

134 2777 309 2849 ψυχὴν
339 2781 541 2849 ἀλγῶν
576 2783 902 2853 ἁπεκλᾲετο.

1814 2801 1943 2857 gens
1971 2788 2232 2858 lacrymas
2274 2787 2547 2842 fundebat.

212 2909 232 2941 ι
264 2893 350 2945 Ἐν
394 2893 588 2962 πέτρᾳ
627 2892 848 2962 agamus;
881 2912 946 2964 με
966 2933 981 2957 ,
1014 2896 1089 2948 ὅτι
1117 2896 1372 2969 ἐγενήθης
1403 2899 1551 2964 ἐλπίς
1585 2919 1714 2971 μου,

1884 2895 2048 2950 Vens.
2081 2898 2135 2960 4,
2169 2897 2220 2952 5.
2262 2915 2279 2947 ‹
2316 2897 2370 2950 ln
2413 2906 2563 2966 petra
2602 2897 2848 2951 exaltasti
2878 2914 2982 2961 me,
3010 2898 3133 2968 quia
3168 2898 3343 2956 factus

136 2978 342 3049 πύργος
381 2981 582 3050 ἰσχύος
611 2982 718 3033 ἀπὸ
743 2983 1027 3051 προσώπου
1052 2985 1242 3055 ἐχθροῦ
1261 3003 1275 3017 ο
1301 3006 1320 3040 ›
1354 2990 1445 3041 καὶ
1471 2989 1537 3043 τά
1567 2991 1644 3054 ἐξὶ

1828 2999 1871 3038 ξε
1896 2999 2018 3052 spes
2054 3000 2191 3045 mea,
2223 2987 2388 3039 turris
2443 2985 2776 3039 fortitudinis
2819 3001 2848 3038 a
2891 2986 3028 3040 facie
3053 2988 3278 3050 inimici,
3317 3008 3336 3041 ι

136 3069 286 3124 Κατά
318 3073 432 3142 μὲν
469 3074 604 3134 τοὺς
647 3072 1059 3143 Ἐὁδομήκοντα,
1087 3075 1428 3146 εὐχαριστίαν
1478 3081 1644 3150 περιέ]

1830 3081 1864 3127 ξι
1900 3085 2109 3128 caetera.
2162 3073 2463 3129 Secundum
2520 3074 2658 3128 LXX
2694 3075 3012 3145 lnlerpretes
3049 3078 3338 3147 gratiarum

130 3157 158 3207 6
179 3156 356 3226 λόγος.
399 3159 604 3212 Ταῦτά
628 3177 716 3229 μοι
732 3201 747 3225 ,
778 3162 938 3232 φησὶν
956 3200 971 3225 ,
997 3163 1231 3234 ὑπῆρξεν
1255 3165 1350 3218 ὅσα
1380 3169 1638 3238 προείρηκ

1832 3164 2071 3216 ιειίοηειιι
2104 3179 2279 3217 sermo
2304 3164 2690 3231 complectitur.
2728 3163 2869 3226 Haec,
2901 3166 3091 3234 inquit,
3114 3182 3232 3236 quae
3247 3181 3340 3221 su-

130 3248 314 3322 ἐπειδὴ
347 3252 420 3304 σὺ
443 3251 617 3313 αὐτὸς
640 3253 668 3302 6
691 3251 821 3314 Θεὸς
844 3252 1050 3323 ἐπῆράς
1077 3271 1140 3322 με
1167 3259 1256 3307 καὶ
1279 3254 1492 3324 ὓψωσας
1513 3260 1638 3329 στήσ

1829 3268 1903 3306 »τε
1937 3253 2069 3315 dixi,
2095 3253 2223 3306 mihi
2275 3252 2528 3319 aderant;
2558 3255 2683 3323 quia
2726 3263 2781 3308 tu
2813 3257 2926 3323 ipse
2959 3255 3097 3308 Deus
3118 3255 3335 3310 elevasti

128 3342 185 3392 ἐν
221 3347 286 3414 τῇ
322 3342 497 3414 παρὰ
520 3342 608 3394 σοὶ
636 3342 813 3412 πέτρᾳ
836 3379 850 3403 ,
895 3343 1014 3411 ἥτις
1040 3343 1180 3395 ἐστὶν
1208 3345 1236 3395 6
1261 3343 1458 3413 προϊών
1494 3362 1583 3398 σου
1609 3348 1636 3399 Δ

1828 3349 1859 3397 ιι
1892 3343 2163 3405 exaltasti,
2195 3357 2257 3395 ae
2280 3342 2332 3395 in
2369 3350 2516 3410 petra
2561 3344 2670 3402 illa,
2702 3357 2821 3411 qua:
2851 3343 2988 3411 apud
3016 3350 3068 3396 te
3095 3350 3194 3405 est,
3224 3350 3336 3395 sta-

127 3448 252 3496 γος.
277 3437 314 3504 ἡ
346 3433 539 3503 πέτρα
574 3431 684 3502 γὰρ
716 3427 782 3500 ἦν
813 3433 840 3483 6
871 3431 1116 3500 Χριστός.
1167 3432 1314 3484 Ἐπεὶ
1347 3434 1518 3486 τοίνυν
1549 3436 1605 3488 ἐν
1632 3459 1635 3470 ι

1825 3431 1950 3485 ιιὶειί
1982 3446 2086 3493 me,
2117 3447 2236 3500 quae
2253 3442 2329 3485 est
2361 3430 2586 3484 Verbum
2620 3431 2716 3485 abs
2743 3439 2795 3484 te
2828 3431 3154 3500 procedens:
3177 3449 3196 3480 ι
3229 3429 3333 3484 Pe-

126 3520 282 3590 Λόγῳ
312 3539 414 3574 σου
445 3520 676 3588 ὒψωσάς
694 3535 760 3582 με
791 3519 882 3572 καὶ
901 3518 1164 3589 μετέωρον
1186 3520 1456 3590 ἐποίησας,
1477 3523 1550 3585 ὡς
1579 3541 1634 3592 μτ

1828 3537 1884 3576 ra
1925 3541 1943 3572 ι
1979 3523 2118 3575 enim
2145 3541 2163 3572 ι
2201 3527 2314 3574 erat
2341 3519 2587 3574 Christus
2621 3521 2685 3570 δι.
2717 3539 2735 3570 ι
2769 3521 2902 3585 Quia
2936 3520 3096 3589 igitur
3120 3519 3175 3572 in
3203 3519 3336 3574 Ver-

129 3607 207 3660 ἐτι
254 3613 550 3663 κατοικεῖν
581 3608 650 3660 τὰ
675 3607 811 3676 μέσα
841 3609 937 3678 τῆς
974 3609 1094 3677 γῆς,
1124 3608 1233 3660 ἀλλ’
1257 3611 1312 3660 ἐν
1336 3611 1517 3680 ἄκροις
1539 3613 1635 3665 αὐτ

1821 3626 1871 3663 )ο
1901 3618 1993 3663 tuo
2020 3608 2266 3663 exaltain
2296 3615 2348 3662 et
2381 3607 2659 3661 sublimem
2693 3606 2866 3660 fecisti
2891 3621 3014 3671 me;
3043 3606 3115 3659 ita
3146 3613 3202 3658 ut
3223 3621 3329 3659 non

127 3697 408 3762 γενέσθαι,
442 3697 551 3766 ἤδη
582 3696 637 3748 δὲ
666 3697 758 3748 καὶ
780 3696 1062 3766 ὠδήγησάς
1087 3713 1173 3766 με,
1205 3697 1341 3750 ὥστε
1366 3699 1584 3768 πλησίον
1612 3719 1635 3752 ο

1823 3700 1938 3752 Iltra
1974 3699 2027 3752 in
2063 3696 2236 3750 medio
2265 3704 2420 3749 terrae
2472 3696 2722 3758 habitem,
2755 3696 2845 3749 sed
2897 3695 2951 3748 in
2979 3696 3331 3749 extremitati-

129 3784 332 3850 φθάσαι
353 3805 366 3818 ·
401 3787 643 3856 γέγονας
673 3802 732 3838 τε
755 3785 902 3848 ἐλπίς
927 3802 1047 3856 μου,
1074 3787 1138 3838 δι’
1154 3787 1217 3856 ἢν
1235 3787 1419 3840 ἐλπίδα
1439 3789 1494 3840 ού
1514 3806 1637 3842 κατε

1821 3805 1900 3843 ius
1926 3788 2043 3856 ejus
2079 3787 2365 3840 consistam
2392 3803 2405 3850 ;
2439 3785 2653 3853 jamque
2678 3785 2947 3839 deduxisti
2979 3800 3085 3850 me,
3117 3792 3177 3837 ut
3206 3800 3329 3854 pro-

128 3876 542 3945 σχυνθήσομαι·
603 3871 740 3924 ἀλλά
785 3871 878 3923 καὶ
949 3871 1155 3923 πολλῶν
1211 3873 1563 3940 ἐπικειμένων
1611 3893 1636 3944 ρ

1817 3895 1861 3933 ιο
1891 3887 1943 3932 te
1991 3877 2322 3941 accederem,
2356 3875 2529 3930 factus
2579 3891 2638 3929 es
2667 3891 2788 3944 spes
2847 3891 2983 3936 mea,
3016 3877 3171 3945 cujus
3213 3878 3325 3946 spei

127 3965 336 4031 νοητῶν
384 3962 608 4034 ἐχθρῶν
660 3961 752 4014 καὶ
800 3961 1064 4030 πολεμίων
1106 3961 1211 4014 τῶν
1251 3961 1545 4032 ζητούντων
1601 3981 1635 4016 τ’

1817 3982 1957 4022 rausa
1982 3982 2088 4020 non
2119 3965 2416 4019 confundar
2446 3983 2458 4018 :
2492 3964 2584 4018 sed
2643 3964 2802 4018 etiam
2863 3964 3048 4019 multis
3076 3966 3325 4019 instanti.

127 4051 303 4124 ψυχήν
338 4071 444 4124 μου
473 4092 489 4116 ,
528 4053 652 4104 ἀντὶ
679 4051 1231 4120 πάντωψάπήρκεσας
1259 4054 1322 4105 σὺ
1358 4053 1531 4121 μόνος,
1566 4054 1634 4106 πύ

1815 4072 1893 4111 ms
1925 4057 2053 4110 mihi
2103 4055 2471 4124 spiritualibus
2500 4054 2736 4108 inimicis
2783 4061 2833 4108 et
2881 4053 3148 4116 hostibus,
3178 4070 3323 4124 quaa-

134 4155 219 4203 γος
250 4143 454 4212 ὀχυρὸς
490 4157 584 4210 μοι
617 4139 901 4208 γενόμενος
922 4179 936 4203 ,
991 4140 1082 4192 καὶ
1129 4142 1501 4211 περιφράττων
1541 4160 1606 4212 με
1637 4149 1642 4194 a‘

1813 4145 2032 4200 'entibus
2071 4146 2301 4198 animam
2345 4157 2554 4208 meam;
2584 4143 2754 4196 instar
2784 4142 3020 4195 omnium
3054 4143 3182 4196 mihi
3219 4143 3321 4197 fui-

135 4229 366 4297 ἀσφαλεῖ
385 4234 488 4302 τῆς
516 4231 668 4300 παρά
692 4230 775 4282 σοὶ
801 4231 1084 4301 σωτηρίας,
1101 4231 1174 4290 ὼς
1193 4230 1391 4302 μηδένα
1415 4231 1520 4284 τῶν
1547 4234 1572 4283 ἐ
1580 4235 1643 4302 μᾶ

1811 4239 1859 4290 ιιι
1889 4255 1900 4290 :
1930 4244 2092 4304 tuque
2120 4234 2267 4288 solus
2293 4233 2422 4286 mihi
2443 4231 2609 4286 turris
2637 4231 2934 4285 fortissima
2963 4231 3184 4287 effectus
3210 4235 3319 4286 cir-

142 4317 343 4386 ὲχθρῶν
370 4316 794 4388 ἐπιστρέφεσθαι
813 4333 826 4346 ⁸
863 4318 1078 4380 εἰκότως
1102 4317 1300 4371 τούτων
1327 4319 1575 4372 ἀπάντων
1601 4337 1650 4372 τι

1809 4323 2132 4377 :ummunisti
2168 4322 2272 4385 me,
2302 4331 2355 4376 et
2399 4322 2454 4373 in
2505 4320 2668 4373 tutela
2709 4320 2918 4376 salutis.
2940 4334 3058 4388 quae
3102 4320 3240 4388 apud
3265 4329 3317 4376 te

143 4404 280 4472 χὼν,
315 4409 397 4461 σοὶ
431 4410 561 4471 τοὺς
593 4406 796 4476 ὕμνους
827 4406 1158 4476 ἀναπέμπω,
1214 4408 1288 4470 ὠς
1318 4410 1564 4462 ἁπάντων
1601 4428 1651 4478 μι

1806 4422 1886 4473 est,
1921 4411 2187 4480 posuisti;
2219 4419 2276 4462 ut
2301 4410 2506 4462 nullum
2535 4407 2642 4476 jam
2689 4407 3029 4460 inimicorum
3073 4423 3314 4462 meorum

147 4496 246 4547 τῶν
269 4500 483 4567 ἀγαθῶν
515 4498 792 4567 γενομένῳ
812 4498 984 4566 αίτίῳ.
1030 4497 1170 4550 Ἀντὶ
1187 4497 1242 4550 δὲ
1263 4498 1385 4563 τοῦ,
1419 4518 1438 4549 ι
1479 4501 1562 4552 Ἐν
1592 4500 1655 4552 πέ

1804 4500 2123 4554 'eformidem
2161 4518 2172 4553 :
2206 4499 2317 4552 haec
2348 4496 2528 4551 omnia
2574 4504 2786 4566 nactus,
2821 4495 2915 4549 tibi
2965 4504 3025 4550 ut
3074 4497 3312 4551 omnium

153 4601 251 4654 :9;
279 4588 490 4656 ὕψωσάς
523 4605 612 4658 με,
640 4607 658 4638 ι
699 4588 794 4640 καὶ
823 4587 928 4638 τῶν
960 4587 1102 4657 ἑξῆς,
1133 4587 1162 4638 6
1192 4589 1476 4659 Σύμμαχος
1505 4591 1661 4661 ἐτεροε

1805 4589 1914 4641 nihi
1975 4589 2236 4642 bonorum
2285 4585 2525 4647 Auctori,
2577 4583 2802 4653 hymnos
2833 4586 3040 4638 emitto.
3088 4583 3194 4638 Pro
3224 4586 3313 4638 illo

160 4673 382 4729 ἀπέδωκε
411 4679 532 4730 νοῦν
565 4676 737 4730 εἰπών
759 4693 773 4706 ⁸
810 4695 827 4726 ι
855 4677 1018 4728 Ὅταν
1067 4678 1278 4746 στερεὸς
1306 4679 1662 4748 κατεπαίρετα

1805 4687 1960 4730 intem
1995 4694 2008 4728 :
2043 4695 2061 4726 ι
2105 4677 2162 4728 ln
2189 4683 2336 4743 petra
2365 4671 2610 4727 exaltasti
2639 4686 2743 4733 me,
2777 4689 2796 4721 ι
2822 4679 2951 4734 etc.,
2973 4672 3131 4724 aliam
3166 4671 3313 4740 Sym-

164 4773 276 4821 μου,
301 4763 574 4833 όδηγήσεις
604 4779 692 4830 με.
740 4761 954 4827 Ἐγένου
981 4763 1297 4832 γὰράφοὸία
1323 4783 1442 4834 μου,
1481 4766 1672 4836 πύργος

1802 4763 2006 4816 nachus
2034 4762 2350 4817 sententiam
2385 4759 2572 4814 extulit
2611 4758 2694 4813 his
2727 4760 2902 4814 verbis
2931 4779 2942 4813 :
2973 4777 2991 4810 ι
3035 4759 3167 4812 Cum
3201 4760 3310 4811 for-

163 4842 338 4912 ὐψηλὺς
359 4852 463 4904 ἀπὸ
481 4852 774 4920 προσώπου
801 4850 1012 4918 ἐχθροῦο
1037 4871 1055 4902 ι
1077 4852 1168 4904 καὶ⁵
1191 4855 1219 4905 6
1247 4852 1469 4916 Ἀκύλας
1491 4855 1671 4922 ὁμοίως

1796 4851 1853 4904 Lis
1874 4851 2112 4920 insurget
2137 4851 2418 4904 adversum
2444 4860 2549 4908 me,
2581 4845 2814 4901 deduces
2836 4861 2939 4900 me.
2963 4844 3132 4899 Fuisti
3164 4847 3304 4899 enim

147 4930 224 4978 τὸν
260 4941 406 4993 αὐτὸν
431 4941 685 4994 ἀπέδωκε
702 4940 830 4991 νοῦν
855 4941 1018 4992 εἰπών
1037 4957 1050 4970 ·
1073 4961 1091 4992 ι
1123 4942 1208 4996 Ἐν
1233 4943 1432 5012 στερεῷ
1447 4943 1655 5013 ὑψώθητ

1793 4944 2045 4996 securitas
2097 4955 2234 5002 mea,
2267 4939 2436 4992 turris
2482 4938 2695 4991 excelsa
2738 4951 2768 4989 a
2823 4936 2961 4991 facie
2999 4935 3203 4989 inimici
3236 4953 3248 4988 :
3280 4956 3301 4987 ι

121 5025 224 5100 FP
247 5031 261 5048 ‘
280 5033 375 5100 ἐμὲ
393 5071 409 5094 ,
441 5030 847 5098 καθοδηγήσεις
877 5046 962 5097 με,
992 5049 1010 5082 ι
1044 5033 1135 5083 καὶ
1158 5032 1224 5084 τὰ
1251 5031 1392 5099 ἑξῆς.
1436 5034 1628 5087 Διδάσκ

1798 5028 1969 5098 \quila
2001 5031 2124 5083 item
2155 5028 2341 5082 eadem
2371 5033 2636 5082 sententia
2681 5025 3058 5092 interpretatus
3089 5033 3173 5078 est
3202 5024 3306 5081 hoc

117 5095 166 5150 δὶ
183 5103 216 5171 ἡ
243 5095 337 5182 pa}
360 5120 451 5174 διὰ
483 5095 723 5171 τούτων*
746 5118 777 5168 6
822 5095 972 5184 λόγος
1005 5119 1199 5188 μηδένα
1223 5095 1625 5192 τῶν-κατεπαιρε

1788 5095 1943 5174 modo
1977 5139 1990 5173 :
2021 5139 2038 5170 ι
2068 5119 2120 5172 ln
2152 5119 2304 5172 firmo
2328 5117 2560 5171 exaltare
2580 5115 2717 5184 apud
2745 5129 2847 5176 me,
2875 5114 3106 5168 deduces
3129 5130 3234 5176 me,
3275 5135 3296 5167 ι

137 5193 290 5283 ξενίων
325 5216 357 5282 ή
367 5212 489 5282 μῶν
533 5206 997 5273 ἐπιστρέφεσθαι,
1049 5209 1194 5272 ὅλους
1223 5210 1277 5261 δέ
1309 5210 1552 5276 γενέσθαι
1582 5229 1645 5264 τοε

1791 5219 1882 5266 etc.
1910 5209 2004 5263 His
2029 5223 2186 5278 porro
2205 5208 2460 5261 docemur
2491 5205 2755 5258 neminem
2777 5211 2837 5256 ut
2869 5202 3299 5260 adversariorum

139 5287 257 5351 θεοῦ,
285 5302 372 5354 ἐπ’
403 5296 564 5365 αὑτῴ
612 5293 772 5362 μόνῳ
805 5292 1146 5363 θαρσοῦντας.
1209 5299 1266 5348 ὐ
1295 5295 1418 5363 γοῦν
1449 5297 1647 5364 ἀγαθαί

1790 5298 2213 5358 ·οίοτιιιίάειιιυε,
2249 5294 2341 5349 sed
2383 5307 2482 5346 nos
2521 5290 2629 5345 Deo
2673 5291 2890 5360 penitus
2918 5296 3214 5356 tradamus,
3241 5295 3298 5350 in

123 5368 298 5442 ἐλπίσιν
310 5381 749 5457 ἐφωδιασμένος
777 5417 792 5439 ,
819 5382 1014 5433 καὶτὸν
1031 5384 1158 5437 Θεὸν
1178 5383 1506 5454 κτησάμενος
1539 5389 1631 5457 πύξ

1795 5403 1889 5455 pso
1942 5385 2058 5440 solo
2103 5383 2448 5436 confidentes.
2492 5379 2594 5445 Qui
2626 5394 2754 5448 ergo
2784 5379 2922 5432 bona
2957 5394 3053 5447 spe
3092 5381 3300 5435 instru-

114 5465 188 5515 γον
209 5465 408 5550 ἔσχύος,
437 5475 497 5542 ἢ,
519 5468 678 5524 κατὰ
701 5465 798 5516 τὸν
832 5466 1070 5535 Ἀκύλαν,
1099 5492 1116 5524 ι
1145 5473 1346 5543 πύργον
1365 5470 1588 5540 κράτους
1608 5491 1621 5505 ⁶

1784 5485 1925 5540 :tns,
1966 5475 2130 5548 Deum
2193 5475 2246 5526 in
2304 5475 2491 5525 turrim
2531 5471 2862 5524 fortitudinis
2918 5471 3117 5538 habet;
3155 5473 3292 5539 sive,

93 5623 184 5744 ut
221 5640 376 5704 ἔδεαι,
451 5655 628 5697 cxlx,
672 5635 732 5687 5.
817 5636 862 5667 ³⁷
900 5637 1052 5696 Rom.
1101 5661 1208 5707 vn,
1256 5643 1346 5698 24.
1421 5645 1465 5674 ⁸⁸
1505 5645 1601 5700 Mal

203 5710 342 5767 Cur-
374 5729 443 5767 Χ.
482 5711 538 5760 4-

1785 5668 1842 5716 u,
1889 5651 1970 5704 l5.
2044 5649 2087 5680 "
2125 5646 2167 5700 ll
2200 5646 2323 5702 Cor.
2387 5660 2498 5710 xu,
2555 5645 2645 5699 ‘21.
2719 5646 2763 5678 ⁸⁸
2802 5644 2845 5698 ll
2881 5643 3004 5699 Cor.
3061 5659 3153 5711 ιι,
3203 5645 3293 5701 29.

255 5735 342 5770 Ul'.
374 5729 443 5773 Χ,
482 5729 538 5760 θ’·
