3818 6370
84 416 143 469 581

1344 406 1837 465 (ΣΟΜΜΕΝΤΑΒΙᾹ
1874 409 1941 465 ΙΝ
1978 412 2307 470 PSALMOS.

3292 432 3395 487 582

99 492 375 588 “315;:
438 502 461 535 α
495 489 811 599 Ἔδωκας
864 507 1233 583 κληρονομίαν
1276 518 1388 580 τοῖς
1427 519 1736 589 φοϐουμένω

1868 529 2037 577 tuum.
2074 542 2093 574 ι
2136 524 2217 580 Me
2246 528 2441 597 quippe
2476 528 2588 596 jam
2607 532 2869 587 exaudisti
2906 552 2919 587 ε
2952 549 3013 590 ac
3045 535 3180 593 bene
3209 544 3331 595 novi
3364 559 3395 599 a

126 611 159 659 τι
189 590 549 679 ora???"
583 602 605 633 '
634 676 659 679 ξ
689 590 895 663 Ἐμοῦ
938 603 1037 670 μὲν
1070 603 1174 675 γὰρ
1231 607 1363 669 τέως
1410 610 1756 679 είσήκουσας·

307 664 365 719 δὲ
395 668 516 723 ’ὅτιὸ
553 676 667 729 τοῦ
702 685 817 736 σοῦ
854 690 1174 762 Πνεύματος
1206 698 1485 762 φωτισθεὶς
1506 738 1521 760 ,
1554 700 1634 751 ὅτι
1666 701 1761 751 οὐκ

162 764 434 859 ξψλχιὺνςιξι
456 766 612 819 ἀλλὰ
637 775 748 825 καὶ
768 782 921 832 πᾶσι
938 786 1049 847 τοῖς
1066 786 1224 852 φοὸου
1232 787 1405 855 μένοις
1419 790 1476 841 τὸ
1491 790 1655 859 ὄνομά
1672 809 1759 842 σου

174 868 342 933 mpm:
355 856 515 922 ἄξιον
530 861 641 913 τοῦ
668 866 778 918 σοῦ
800 872 979 936 φόϐου
996 874 1202 937 δώσεις,
1220 876 1315 945 τὴν
1331 878 1426 947 κλη
1437 881 1680 947 ρονομίαν
1696 882 1760 948 ἣν

190 1060 278 1103 νοις
302 1042 351 1093 τὸ
365 1041 548 1110 ὄνομά
572 1060 676 1097 σου
701 1086 717 1108 ,
763 1068 783 1097 ›
810 1052 1036 1117 ἦπλωσε
1060 1056 1153 1124 τὴν
1174 1057 1326 1124 χάριν
1350 1058 1438 1109 ἐπί
1462 1059 1663 1120 πάντας
1676 1062 1760 1111 ἀν-

193 1130 424 1199 θρώπους.
450 1132 535 1182 Οὐ
559 1134 681 1203 γὰρ
708 1137 795 1205 τῷ
827 1140 1044 1210 Ἰσραὴλ
1064 1134 1387 1212 ἐπήγγελται
1402 1147 1496 1215 τὴν
1519 1148 1615 1216 κλη
1626 1165 1759 1216 ρονο-

187 1219 295 1285 μίαν
309 1218 452 1279 ,οὐδὲ
475 1220 563 1288 τῷ
595 1223 886 1279 Ἰουδαίων
904 1229 1041 1281 ἔθνει
1059 1233 1212 1299 μόνον
1228 1271 1241 1292 ,
1261 1234 1390 1286 ἀλλὰ
1410 1236 1497 1287 καὶ
1514 1238 1757 1300 πᾶσιτοῐς

183 1309 520 1378 φοϐουμένοις
555 1312 625 1364 τὸ
658 1316 840 1384 ὄνομα
873 1320 1052 1373 αὐτοῦ.
1106 1340 1123 1370 ι
1146 1323 1374 1392 Ἰουδαίῳ
1403 1342 1460 1375 τε
1484 1326 1707 1394 πρῶτον,
1733 1346 1749 1376 t

175 1401 354 1468 φησὶνὸ
385 1402 752 1468 Ἀπόσ-τολος
776 1446 790 1468 ,
820 1427 837 1457 ι
865 1412 955 1461 καὶ
986 1412 1216 1480 Ἕλληνι.
1240 1432 1258 1462 ι
1284 1414 1539 1476 Πολλάκις
1560 1416 1613 1467 δέ
1629 1420 1755 1485 ἡμῖν

172 1493 578 1555 ἀποδέδεικται,
611 1497 694 1558 ὡς
728 1498 938 1561 πάντας
954 1503 1076 1564 τοὺς
1096 1503 1150 1567 ἐξ
1170 1503 1332 1555 ἐθνῶν
1353 1504 1427 1573 τῷ
1452 1505 1566 1573 Θεῷ
1589 1523 1753 1576 προσ-

172 1585 344 1644 ιόντας,
368 1585 568 1650 φοϐον.)
580 1588 790 1652 μένους
827 1590 917 1642 τὸν
945 1590 1142 1659 Κύριον
1174 1592 1353 1645 καλεῖν
1380 1594 1559 1646 εἴωθεν
1594 1597 1621 1646 6
1653 1598 1752 1648 Λό-

169 1693 270 1743 γος.
300 1676 548 1740 Τούτοις
575 1676 679 1731 οὖν
712 1682 913 1743 αὐτοῖς,
942 1686 1119 1751 φησὶν,
1144 1685 1341 1747 ἔδωκας
1367 1688 1716 1757 κληρονομίαν
1735 1706 1747 1718 ο

168 1765 250 1817 καὶ
270 1766 434 1817 ποίαν
463 1768 582 1820 οὐκ
604 1766 784 1827 εἶπεν.
808 1772 937 1838 ἡμῖν
965 1773 1019 1823 δὲ
1040 1772 1412 1827 καταλέλοιπεν
1442 1777 1639 1844 ζητεῖν.
1665 1778 1752 1846 Τῷ

168 1855 259 1921 μὲν
290 1850 379 1906 οὖν
446 1856 695 1925 Ἰσραὴλ
739 1858 836 1927 τὴν
869 1860 1091 1927 ῥέουσαν
1129 1861 1248 1929 μέλι
1290 1864 1379 1915 καὶ
1411 1863 1545 1929 γάλα
1586 1868 1752 1933 ἐπήγ-

164 1944 334 2009 γελται
378 1945 489 1997 διὰ
562 1947 867 2009 Μωῦσέως’
903 1951 1011 2010 τοῖς
1059 1949 1112 2000 δὲ
1170 1952 1511 2019 φοϐουμένοις
1565 1956 1749 2009 ὁποίαν

163 2016 320 2085 ἑδῶκε
349 2034 782 2103 κληρονομίαν,
809 2036 955 2088 εἴασε
993 2016 1283 2107 ζητεῖσθαι.
1317 2016 1575 2110 Εὑρήσεις
1606 2043 1660 2094 δὲ
1694 2047 1750 2096 ἐν

161 2126 267 2184 τοῖς
295 2124 394 2176 τοῦ
433 2126 710 2194 Σωτῆρος
738 2128 894 2195 ήμῶν
927 2133 1286 2198 μακαρισμοίς
1317 2130 1536 2200 ταύτην,
1573 2134 1629 2184 ἐν
1671 2133 1751 2197 οἷς

160 2212 418 2281 εἴρηται·
490 2232 510 2261 ι
555 2215 834 2283 Μακάριοι
868 2216 917 2265 οἱ
973 2218 1170 2284 πτωχοὶ
1208 2216 1283 2285 τῷ
1334 2220 1625 2288 πνεύματι,
1670 2223 1748 2274 ὃτι

158 2303 332 2354 αὐτῶν
370 2305 545 2355 ἐστιν
579 2306 611 2371 ὴ
663 2304 909 2371 βασιλεία
952 2306 1055 2358 τῶν
1094 2308 1359 2375 οὐρανῶν·
1400 2329 1415 2361 ι
1459 2311 1550 2362 καὶ
1591 2312 1747 2365 πάλιν

158 2390 300 2458 ἔχεις
340 2391 458 2443 τοῦ
506 2392 772 2460 Σωτῆρος
807 2392 963 2461 ήμῶν
1008 2397 1350 2462 ἐπαγγελίαν,
1374 2398 1439 2450 δι’
1468 2394 1534 2468 ἦς
1576 2417 1742 2470 φησι·

164 2497 183 2528 ι
220 2482 323 2531 Καὶ
354 2483 426 2533 ἐν
462 2480 551 2548 τῷ
587 2481 743 2533 αἰῶνι
770 2482 942 2549 τούτῳ
968 2483 1356 2539 πολυπλασίονα
1378 2488 1621 2557 λήψεται,
1654 2491 1746 2542 καὶ

158 2569 213 2623 ὲν
260 2572 329 2641 τῷ
360 2572 642 2642 μέλλοντι
686 2572 831 2642 ζωὴν
877 2572 1089 2625 αἰώνιον
1120 2576 1525 2647 κληρονομήσει.
1579 2599 1596 2629 ι
1640 2580 1745 2631 Καὶ

157 2660 352 2731 ταύτης
414 2664 602 2715 ἕνεκα
651 2663 752 2730 τῆς
781 2662 1133 2733 κληρονομίας
1177 2668 1204 2718 6
1247 2668 1486 2736 πέμπτος
1539 2668 1744 2739 ψαλμὸς

157 2750 592 2824 ἐπεγέγραπτο,
629 2770 647 2801 ι
690 2754 782 2811 Εἰς
804 2752 865 2803 τὸ
886 2753 1053 2815 τέλος,
1086 2756 1219 2824 ὑπὲρ
1253 2757 1350 2824 τῆς
1386 2758 1746 2829 κληρονομού-

160 2857 258 2906 σης
282 2859 293 2871 ’
328 2863 348 2893 ι
395 2844 505 2894 καὶ
541 2843 605 2893 ἐν
640 2842 718 2911 τῷ
761 2849 821 2893 ιε’
849 2843 903 2893 δέ
943 2843 1138 2913 ψαλμῷ
1241 2847 1375 2916 αὐτὴ
1420 2848 1745 2918 κληρονομία

156 2931 416 2999 ἐδηλοῦτο
451 2932 609 2985 κατὰ
642 2932 702 2983 τὸ
727 2971 740 2993 ,
781 2951 798 2983 ι
837 2931 1035 3001 Κύριος
1068 2936 1099 3003 ή
1156 2936 1307 3003 μερὶς
1353 2938 1447 3005 τῆς
1492 2939 1743 3009 κληρονο-

159 3022 285 3087 μίας
313 3042 428 3093 μου
472 3025 577 3076 καὶ
606 3023 702 3074 τοῦ
730 3024 984 3093 ποτηρίου
1013 3042 1129 3093 μου,
1160 3026 1220 3077 σὺ
1254 3022 1303 3077 εἶ
1323 3028 1350 3077 6
1372 3028 1744 3081 ἀποκαθιστῶν

155 3113 252 3181 τὴν
294 3116 693 3186 κληρονομίαν
730 3132 828 3183 μου
873 3117 1010 3184 ἐμοί.
1053 3117 1157 3169 Καὶ
1204 3118 1310 3188 γὰρ
1342 3122 1373 3186 ὴ
1420 3121 1743 3192 κληρονομία
1770 3152 1810 3207 C

158 3220 261 3269 μου
287 3207 585 3275 κρατίστη
622 3206 713 3273 μοί
745 3207 909 3258 ἐστιν.
960 3225 977 3255 ι

231 3313 250 3343 ι
301 3296 569 3366 Ἡμέρας
600 3295 686 3361 ἐφ’
719 3294 926 3365 ἡμέρας
959 3295 1213 3364 βασιλέως
1265 3298 1617 3369 προσθήσεις·
1672 3303 1740 3354 τὰ

155 3381 252 3450 ἐτη
286 3384 468 3436 αύτοῦ
512 3384 623 3443 ἕως
653 3381 863 3452 ἡμέρας
890 3385 1075 3448 γενεᾶς
1104 3384 1193 3434 καὶ
1222 3388 1409 3451 γενεᾶς
1437 3387 1599 3438 αὑτοῦ
1627 3388 1739 3440 δια-

161 3478 313 3538 μενεῖ
347 3476 437 3536 εἰς
484 3472 784 3525 τδνξαίῶνα
831 3471 1063 3524 ἐνώπιον»
1085 3473 1173 3525 τοῦ
1218 3474 1369 3526 Θεοῦ.
1419 3477 1599 3537 Ἔλεος
1649 3480 1739 3530 καὶ

158 3562 429 3630 ἀλήθειαν
471 3564 564 3625 τίς
616 3562 906 3631 ἐκζητήσει
933 3563 1127 3626 αὑτοῡ;
1173 3584 1191 3613 ›
1231 3564 1525 3634 Προειπὼν,
1558 3586 1575 3616 ι
1620 3570 1737 3621 Ὅτι

166 3654 261 3713 σὺ,
289 3655 315 3704 6
342 3653 503 3718 Θεὸς,
531 3653 858 3722 είσήκουσας
890 3652 993 3703 τῶν
1018 3653 1185 3721 εὐχῶν
1218 3670 1315 3721 μου
1338 3694 1352 3715 ,
1385 3674 1401 3703 ι
1437 3655 1552 3706 καθ’
1580 3657 1740 3727 ὑπερ-

166 3740 335 3795 ϐατὸν
390 3743 604 3811 συνῆψε
638 3742 731 3801 τὸ,
779 3761 796 3791 ι
837 3742 1070 3812 Ἡμέρας
1104 3745 1185 3810 ἐφ’
1225 3743 1435 3813 ἡμέρας
1479 3744 1735 3812 βασιλέως

173 3834 529 3903 προσθήσεις.
560 3851 578 3881 ι
606 3833 933 3884 Εἰσάκουσον
956 3834 1080 3901 γὰρ,
1117 3835 1265 3902 φησὶ,
1299 3834 1404 3884 τῶν
1426 3835 1593 3904 εὐχῶν
1616 3854 1733 3905 μου,

173 3921 392 3989 ἡμέρας
436 3924 523 3991 ἐφ’
566 3922 783 3991 ἡμέρας
827 3939 913 3990 μοι
958 3922 1312 3992 προσέθηκας.
1351 3925 1445 3976 Διὰ
1488 3926 1647 3993 μέσου
1681 3926 1737 3978 δὲ

182 4012 445 4083 ἐνεϐλήθη
476 4017 509 4083 ή
535 4013 791 4084 περὶτῶν
834 4012 1171 4082 φοϐουμένων
1204 4015 1264 4066 τὸ
1302 4015 1467 4085 ὄνομα
1498 4016 1588 4067 τοῦ
1630 4018 1736 4069 Ku-

187 4100 316 4167 ρίου
344 4106 522 4172 μνήμη
544 4120 557 4132 ·
596 4103 780 4170 ἐπειδὴ
808 4103 900 4153 κα)⁸
933 4102 1109 4163 αὐτοῖς
1134 4104 1458 4172 ἐπήγγελται
1487 4106 1581 4172 τὴν
1608 4107 1735 4175 κλη-

191 4190 445 4257 ρονομίαν
465 4193 497 4259 ή
522 4192 843 4261 προφητεία.
866 4187 971 4242 Ἦν
993 4192 1094 4261 δὲή
1118 4193 1442 4265 κληρονομία
1468 4197 1500 4264 ή
1525 4195 1735 4258 αἰώνιος

190 4278 344 4346 ζωὴ,
376 4283 438 4350 ῆν
473 4285 501 4333 6
529 4284 688 4350 λόγος
722 4282 971 4349 σημαίνει
1018 4283 1232 4349 φάσκων
1255 4301 1267 4313 °
1312 4303 1328 4335 ι
1375 4285 1610 4354 Ἡμέρας
1652 4285 1733 4353 ἐφ’

192 4366 409 4434 ἡμέρας
438 4370 689 4436 βασιλέως
713 4371 1051 4439 προσθήσεις.
1090 4391 1106 4421 ι
1137 4374 1354 4439 Μεγάλα
1382 4375 1553 4425 τοίνυν
1580 4376 1730 4438 εὖξα-

1864 609 2062 679 Spiritu
2098 624 2187 669 tuo
2244 616 2565 681 illustratus,
2601 637 2706 674 non
2757 623 2884 676 mihi
2934 626 3054 687 soli,
3087 629 3178 682 sed
3234 632 3394 685 etiam
3441 660 3448 667 -

1861 702 2111 756 omnibus
2137 704 2448 761 timentibus
2474 724 2667 763 nomen
2701 718 2874 775 tuum,
2905 720 2958 765 te
2987 713 3204 783 dignum
3234 719 3395 773 timo-

1860 804 1918 842 re
1967 798 2056 843 tuo
2106 792 2336 847 fructum
2373 796 2619 850 daturum
2651 816 2791 862 esse,
2828 803 3036 857 scilicet
3080 821 3196 858 eam
3232 824 3391 876 quam

1858 877 2125 942 pollicitus
2169 880 2300 948 ipsis
2321 898 2399 942 es,
2438 884 2816 939 hmreditatem.
2850 888 2982 941 Cum
3018 900 3192 945 autem
3222 894 3392 947 indis-

1742 999 1761 1007 -
1859 966 2181 1020 criminatim
2227 969 2459 1036 dixerit,
2507 992 2523 1022 ‹
2565 976 2875 1031 timentibus
2910 994 3103 1031 nomen
3156 991 3326 1044 tuum,
3366 1002 3386 1033 ι

1858 1057 1910 1108 in
1937 1072 2121 1113 omnes
2152 1060 2394 1115 homines
2444 1065 2668 1130 gratiam
2714 1067 2971 1120 extendit.
3016 1068 3195 1137 Neque
3247 1073 3387 1124 enim

1858 1147 2062 1213 lsraeli,
2118 1166 2290 1218 neque
2334 1151 2557 1206 Judaico
2610 1157 2803 1223 populo
2852 1165 3057 1209 tantum
3111 1159 3392 1216 haeredita-

1856 1243 1960 1289 tem
2012 1241 2280 1305 pollicitus
2319 1250 2431 1305 est,
2466 1244 2555 1297 sed
2586 1245 2745 1296 etiam
2797 1247 3046 1301 omnibus
3076 1249 3390 1303 timentibus

1855 1342 2047 1379 nomen
2079 1345 2256 1381 suum.
2296 1350 2313 1380 ι
2352 1330 2535 1385 ludam
2562 1334 2809 1401 primum,
2843 1354 2860 1385 ι
2886 1337 3057 1404 inquit
3078 1339 3385 1405 Apostolus,

1860 1434 1877 1464 ι
1916 1424 1963 1469 et
2011 1416 2194 1470 Graeco
2216 1419 2281 1471 “.
2318 1440 2335 1469 ι
2369 1420 2482 1473 Jam
2536 1424 2848 1490 plerumque
2887 1426 3307 1479 demonstratum
3354 1443 3385 1481 a

1854 1506 2009 1558 nobis
2055 1517 2152 1571 est,
2193 1506 2523 1576 Scripturam
2558 1526 2759 1590 .omnes
2792 1514 2883 1580 qui
2941 1530 3004 1568 ex
3034 1516 3280 1583 gentibus
3318 1518 3383 1570 ad

1856 1592 2018 1645 Deum
2054 1596 2335 1661 accedunt,
2358 1600 2606 1652 timentes
2640 1599 2924 1653 Dominum
2956 1618 3145 1657 vocare
3191 1606 3382 1658 solere.

1854 1673 1945 1728 His
1976 1678 2153 1744 itaque
2188 1680 2338 1747 ipsis,
2373 1682 2465 1742 ait,
2497 1682 2688 1735 dedisti
2710 1683 3071 1739 haereditatem
3094 1706 3105 1739 :
3130 1689 3339 1755 qualem
3366 1727 3385 1750 ,

1851 1778 1958 1815 non
2018 1766 2287 1833 explicat,
2346 1769 2439 1821 sed
2505 1770 2880 1837 inquirendum
2930 1774 3086 1829 nobis
3147 1777 3384 1845 reliquit.

1786 1830 1823 1883 Β
1854 1850 2032 1904 lsraeli
2062 1830 2240 1920 itaque
2275 1864 2472 1928 terram
2501 1858 2762 1912 'ﬂuentem
2800 1863 2903 1915 mel
2937 1872 2989 1916 et
3018 1865 3098 1916 lac
3123 1880 3217 1934 per
3241 1830 3385 1939 ἠοῖ-

1852 1956 1944 1994 sen
1991 1943 2263 2008 promisit;
2295 1945 2605 2001 timentibus
2634 1958 2810 2002 autem
2838 1967 2994 2019 quam
3032 1954 3122 2007 det
3158 1956 3385 2012 haeredi-

1852 2037 2030 2093 tatem,
2065 2033 2409 2099 qumrenduin
2440 2037 2674 2106 reliquit.
2700 2041 2827 2093 Eam
2858 2058 2984 2095 vero
3006 2045 3057 2097 in
3089 2043 3386 2103 Salvatoris

1850 2122 2017 2174 nostri
2037 2122 2456 2179 beatitudinibus
2473 2126 2856 2195 deprehendas,
2871 2132 2958 2184 ubi
2975 2133 3170 2188 dicitur
3189 2155 3200 2188 :
3220 2156 3237 2186 ι
3258 2137 3387 2191 Bea-

1850 2211 1884 2261 ti
1922 2226 2183 2278 pauperes
2212 2214 2423 2281 spiritu,
2449 2218 2701 2285 quoniam
2733 2220 2969 2287 ipsorum
3023 2232 3105 2278 est
3158 2241 3379 2295 regnum

1846 2302 2105 2353 caelorum
2129 2304 2170 2332 ⁵⁷
2197 2321 2210 2368 ;
2238 2323 2254 2353 ι
2292 2320 2351 2357 ac
2388 2321 2599 2359 rursum
2637 2307 2928 2364 Salvatoris
2956 2314 3122 2365 nostri
3151 2316 3381 2381 promis-

1846 2405 1962 2442 sum
1986 2390 2170 2454 habes,
2206 2409 2312 2461 quo
2336 2395 2409 2446 ait
2443 2414 2453 2447 :
2490 2415 2507 2445 ι
2548 2394 2613 2448 Et
2636 2397 2687 2450 in
2713 2399 2813 2452 hoc
2841 2402 3035 2455 saeculo
3065 2404 3230 2456 multo
3262 2406 3380 2471 plu-

1847 2494 1903 2531 ra
1926 2480 2165 2547 recipict,
2194 2489 2246 2533 et
2297 2482 2349 2535 in
2401 2482 2579 2535 futuro
2628 2488 2789 2537 vitam
2831 2497 3081 2541 aeternam
3136 2492 3379 2557 posside-

1844 2566 1921 2618 bit
1948 2566 2012 2617 ⁸⁸.
2055 2585 2072 2615 ι
2108 2566 2279 2635 Hujus
2305 2570 2631 2625 hmreditatis
2703 2588 2865 2625 causa
2898 2560 3119 2643 quintus
3139 2579 3378 2645 psalmus

1846 2654 2137 2723 inscriptus
2170 2665 2251 2711 est
2282 2677 2293 2710 :
2335 2678 2353 2707 ι
2403 2659 2457 2710 In
2494 2659 2670 2723 finem,
2701 2678 2797 2729 pro
2844 2678 2905 2715 ea
2948 2680 3065 2733 qua!
3100 2666 3381 2722 haeredita-

1844 2750 1949 2795 tem
1981 2745 2213 2812 accipit;
2250 2764 2268 2795 ι
2295 2754 2348 2799 et
2380 2746 2433 2798 in
2482 2746 2689 2801 decimo
2733 2751 2920 2816 quinto
2956 2753 3164 2819 psalmo
3193 2756 3379 2811 eadem

1844 2834 1959 2902 ipsa
1994 2835 2275 2889 hatreditas
2323 2836 2628 2890 declaratur
2684 2839 2783 2892 hoc
2835 2841 3020 2895 dicto:
3067 2861 3086 2893 ι
3126 2843 3379 2899 Dominus

1843 2938 1967 2992 pars
1996 2925 2321 2980 hereditatis
2361 2944 2489 2981 mea:
2529 2937 2581 2981 et
2614 2932 2796 2983 calicis
2817 2932 2917 2985 mei
2953 2951 2965 2986 :
2999 2943 3052 2986 tu
3081 2949 3139 2987 es
3166 2935 3257 3003 qui
3290 2950 3377 2989 re-

1844 3018 2033 3069 stitues
2069 3017 2426 3071 haereditatem
2468 3035 2639 3072 meam
2675 3022 2823 3073 mihi.
2851 3022 3058 3077 Etenim
3091 3025 3377 3081 hazreditas

1842 3122 1957 3160 mea
1986 3108 2244 3176 praaclara
2269 3115 2351 3161 est
2384 3109 2514 3161 mihi
2544 3108 2608 3161 δ’.
2654 3128 2672 3159 ι

1906 3294 2067 3348 Vens.
2098 3293 2148 3356 7,
2174 3294 2226 3347 8.
2253 3312 2271 3343 ι
2308 3292 2428 3347 Dies
2468 3309 2627 3362 super
2650 3294 2764 3347 dies
2793 3295 2933 3361 regis
2962 3295 3202 3363 adjicies,
3248 3300 3375 3353 anni

1838 3384 1954 3451 ejus
1990 3398 2157 3451 usque
2211 3385 2263 3435 in
2313 3384 2452 3435 diem
2503 3384 2861 3451 generationis
2898 3392 2950 3436 et
3014 3387 3373 3453 generationis

1838 3474 1954 3539 ejus
1994 3473 2380 3540 permanebunt
2419 3472 2470 3524 in
2526 3480 2782 3525 :eternum
2819 3474 2871 3525 in
2922 3483 3215 3543 conspectu
3257 3474 3369 3528 Dei.

1839 3562 2257 3617 Misericordiam
2293 3569 2345 3615 et
2392 3562 2669 3615 veritatem
2705 3564 2819 3629 ejus
2867 3565 2988 3631 quis
3036 3566 3314 3633 requiret?
3349 3585 3368 3617 ι

1836 3652 1969 3705 Cum
2004 3660 2157 3706 antea
2196 3652 2441 3712 dixisset,
2477 3669 2495 3701 ι
2538 3652 2803 3715 Quoniam
2858 3661 2945 3716 tu,
2999 3656 3157 3718 Deus,
3209 3671 3373 3709 exau-

1837 3741 1960 3794 disti
1988 3744 2256 3795 orationes
2289 3757 2455 3803 meas,
2487 3760 2504 3791 ι
2540 3757 2634 3810 per
2660 3745 3145 3812 transgressionem
3179 3746 3374 3813 adjecit

1839 3829 1990 3888 illud.
2039 3848 2059 3881 ι
2102 3828 2224 3882 Dies
2267 3844 2429 3896 super
2473 3828 2586 3881 dies
2635 3830 2775 3898 regis
2812 3831 3051 3897 adjicies.
3093 3851 3111 3882 ›
3145 3830 3373 3894 Exaudi,

1837 3921 2030 3991 inquit,
2065 3922 2337 3975 orationes
2387 3938 2557 3985 meas,
2607 3922 2721 3975 dies
2766 3937 2927 3989 super
2972 3924 3083 3977 dies
3112 3924 3239 3976 mihi
3284 3925 3376 3979 ad-

1831 4010 2009 4077 jecisti
2044 4030 2057 4075 ;
2096 4012 2149 4063 in
2184 4012 2360 4065 medio
2404 4021 2579 4066 autem
2615 4012 2927 4079 interposita
2960 4020 3041 4064 est
3067 4012 3371 4068 timentium

1836 4116 2029 4155 nomen
2083 4102 2290 4156 Domini
2341 4104 2560 4166 mentio,
2595 4103 2720 4171 quia
2754 4103 3030 4171 prophetia
3076 4104 3209 4171 ipsis
3237 4120 3373 4173 quo-

1835 4209 1939 4260 que
1967 4193 2330 4247 hazreditatem
2381 4194 2647 4262 promisit.
2702 4192 2997 4247 Hereditas
3050 4202 3227 4247 autem
3279 4195 3369 4247 illa

1834 4287 2031 4331 aeterna
2066 4281 2172 4332 vita
2205 4287 2338 4341 erat,
2372 4295 2489 4347 quae
2510 4279 2594 4332 his
2626 4278 2979 4346 signiﬁcatur,
3010 4295 3027 4326 ‹
3058 4276 3180 4331 Dies
3208 4293 3370 4347 super

1836 4370 1950 4421 dies
1983 4369 2123 4437 regis
2156 4368 2395 4436 adjicies.
2432 4388 2448 4418 ι
2488 4368 2672 4437 Magna
2703 4368 2881 4436 itaque
2930 4368 3219 4435 postulanti
3256 4369 3366 4438 regi

201 4453 357 4522 μένῳ
383 4456 451 4524 τῷ
480 4458 679 4525 βασιλεῖ
720 4456 879 4508 Δαυῒδ
912 4458 1234 4526 ἐπήγγελται
1282 4462 1309 4510 6
1342 4460 1469 4519 Θεὸς
1513 4460 1598 4511 διὰ
1639 4461 1730 4512 τοῦ

1844 4458 2046 4522 Davidi,
2082 4460 2364 4529 pollicetur
2396 4458 2535 4513 Deus
2584 4474 2676 4527 per
2716 4456 2970 4526 Spiritum
3008 4466 3276 4522 sanctum,
3311 4474 3369 4513 se

200 4539 503 4610 Πνεύματος
529 4546 736 4615 ἡμέρας
770 4546 852 4611 ἐφ’
882 4545 1093 4613 ἡμέρας
1136 4546 1483 4616 προσθήσειν,
1524 4548 1615 4600 καὶ
1666 4549 1731 4601 τὰ

200 4629 309 4697 ἔτη
334 4635 479 4687 αὐτοῦ
518 4637 621 4698 ἕως
663 4636 874 4705 ἡμέρας
921 4636 1109 4701 γενεᾶς
1145 4636 1235 4687 καὶ
1261 4640 1463 4702 γενεᾶς.
1519 4638 1729 4707 Ταύτην

202 4719 323 4784 γὰρ
349 4724 480 4793 αὑτῴ
498 4725 589 4794 τὴν
624 4724 982 4795 κληρονομίαν
1009 4725 1387 4791 ἐπηγγείλατο·
1423 4729 1449 4779 ὃ
1468 4728 1530 4797 δὴ
1562 4730 1651 4780 καὶ
1675 4732 1730 4781 ἐν

202 4805 298 4871 τῷ
322 4817 361 4858 κ’
378 4811 610 4880 δηλοῦται
633 4813 848 4882 ψαλμῷ,
876 4814 933 4863 ἐν
955 4808 998 4879 ᾧ
1025 4813 1230 4881 εἴρηται
1253 4830 1265 4842 °
1306 4833 1323 4864 ‹
1362 4816 1550 4886 Κύριε,
1583 4820 1637 4869 ἐν
1664 4822 1727 4888 τῇ

203 4893 421 4967 δυνάμει
450 4919 537 4954 σου
564 4903 989 4972 εὐφρανθήσεται
1034 4904 1061 4953 6
1100 4901 1361 4969 βασιλεύς.
1398 4905 1503 4975 Τὴν
1550 4906 1731 4958 ἐπιθυ-

213 4981 341 5046 μίαν
363 4989 448 5057 τῆς
478 4991 698 5058 καρδίας
729 4989 889 5041 αὑτοῦ
931 4988 1132 5051 ἔδωκας
1170 4989 1312 5057 αὐτῷ
1335 5006 1348 5019 ·
1384 5008 1401 5041 ι
1450 4993 1538 5043 καὶ
1568 4991 1689 5060 ἑξῆς
1714 5011 1727 5023 '

216 5086 240 5115 ι
284 5069 412 5146 Ζωὴν
456 5081 685 5148 ᾐτήσατό
740 5095 819 5141 σε,
855 5078 947 5129 κα)⁸
998 5076 1198 5136 ἔδωκας
1247 5078 1389 5146 αὑτῷ
1425 5082 1729 5150 μακρότητα

207 5156 417 5232 ἡμερῶν
444 5170 516 5231 είς
541 5168 711 5221 αἰῶνα
725 5169 816 5220 καὶ
838 5168 917 5228 εἰς
933 5165 1101 5217 αἰῶνα
1114 5164 1317 5226 αἰῶνος.
1341 5185 1358 5216 ι
1390 5169 1599 5237 Ἐπειδὴ
1627 5170 1730 5240 γὰρ

206 5243 314 5297 τῶν
340 5257 585 5327 οὐρανίων
610 5255 971 5327 ὀριγνώμενος
991 5293 1004 5315 ,
1039 5254 1129 5305 καὶ
1161 5252 1265 5304 τῶν
1299 5258 1444 5325 παρὰ
1492 5259 1570 5309 σοὶ
1601 5260 1731 5326 ἀγα-

205 5329 315 5387 θῶν
349 5347 695 5416 ἑπιθυμήσας,
728 5344 945 5413 ηὔξατο·
981 5342 1294 5409 είσήκουσας
1327 5346 1487 5397 αὑτοῦ
1511 5385 1525 5405 ,
1568 5350 1728 5414 φησὶ,

199 5421 294 5474 καὶ
323 5436 650 5496 εἰσακούσας,
691 5452 708 5483 ι
738 5432 835 5499 τὴν
870 5427 1153 5495 ἐπιθυμίαν
1188 5430 1287 5497 τῆς
1318 5433 1538 5500 καρδίας
1572 5435 1730 5487 αὑτοῦ

188 5503 392 5588 εδίυκας
415 5524 576 5593 αύτῷ,
609 5523 703 5574 καὶ
722 5519 815 5587 τὴν
847 5516 1058 5582 θέλησιν
1077 5515 1176 5566 τῶν
1194 5518 1419 5585 χειλέων
1454 5521 1609 5573 αὑτοῦ
1635 5526 1733 5577 οὐκ

248 5686 307 5733 ⁸⁸
342 5701 493 5756 Rom.
531 5715 588 5757 ιι,
635 5695 720 5748 10.
798 5694 834 5721 ⁸⁷
878 5688 1056 5741 Matth.
1096 5708 1141 5753 ν,
1173 5693 1222 5744 ."n.

220 5916 251 5947 ἱ

1308 5695 1355 5726 ⁸⁸
1398 5693 1576 5751 Matth.
1612 5714 1700 5751 xix
1725 5742 1738 5766 ,

1837 4546 1952 4601 dies
1983 4561 2143 4614 super
2183 4545 2297 4599 dies
2330 4546 2432 4614 ipsi
2474 4547 2825 4613 adjecturum,
2860 4555 2911 4599 et
2945 4560 3116 4599 annos
3165 4547 3283 4613 ejus
3313 4547 3367 4599 in

1836 4636 1973 4688 diem
2008 4635 2367 4703 generationis
2395 4642 2447 4687 et
2479 4633 2857 4702 generationis.
2901 4633 3049 4685 Hanc
3093 4634 3231 4686 enim
3264 4634 3366 4701 ipsi

1834 4725 2082 4791 promisit
2130 4725 2528 4777 haereditatem:
2564 4722 2706 4789 quod
2735 4730 2787 4775 et
2822 4722 2875 4774 in
2904 4738 2971 4775 xx
3032 4723 3237 4790 psalmo
3274 4722 3367 4773 de-

1836 4814 2072 4867 claratur
2107 4814 2190 4867 his
2221 4814 2435 4866 verbis:
2474 4831 2491 4861 ι
2539 4810 2778 4872 Domine,
2820 4812 2873 4863 in
2916 4812 3109 4863 virtute
3156 4819 3246 4863 tua
3276 4811 3366 4862 he-

1833 4903 2036 4955 tabitur
2057 4919 2171 4956 rex.
2206 4902 2532 4954 Desiderium
2559 4901 2737 4953 cordis
2760 4901 2877 4968 ejus
2898 4900 3131 4952 tribuisti
3161 4901 3209 4953 ei
3232 4900 3309 4964 ⁸⁶;
3338 4919 3355 4950 ι

1834 5000 1887 5046 et
1916 5000 2099 5062 postea
2128 5011 2140 5045 :
2181 5011 2198 5041 ι
2235 4990 2407 5043 Vitam
2439 4992 2589 5058 petiit
2618 5005 2645 5041 a
2676 4997 2748 5052 te,
2793 4997 2845 5043 et
2877 4988 3111 5042 tribuisti
3160 4990 3207 5042 ei
3240 4989 3362 5042 lon-

1832 5081 2124 5151 gitudinem
2157 5080 2359 5133 dierum
2401 5080 2453 5131 in
2501 5080 2753 5133 saeculum
2787 5086 2839 5131 et
2881 5078 2934 5130 in
2968 5078 3219 5130 saeculum
3264 5093 3363 5131 sa:-

1828 5170 1938 5224 culi
1967 5172 2033 5223 ⁸¹.
2081 5188 2100 5220 ι
2159 5168 2295 5233 Quia
2354 5169 2494 5221 enim
2550 5168 2848 5220 caelestium
2896 5167 3253 5237 percupidus,
3310 5176 3364 5221 et

1829 5260 1968 5313 bona
2001 5273 2118 5326 qua:
2166 5273 2329 5326 penes
2380 5266 2431 5310 te
2476 5265 2603 5311 sunt
2654 5257 3075 5325 concupiscens,
3114 5270 3362 5329 precatus

1829 5357 1951 5413 est;
1999 5348 2261 5402 exaudisti
2315 5361 2455 5409 eum,
2508 5346 2701 5413 inquit,
2748 5356 2802 5399 et
2855 5363 2977 5401 cum
3027 5352 3359 5415 exaudisses.

1837 5456 1854 5486 ι
1894 5438 2213 5491 desiderium
2241 5436 2419 5488 cordis
2450 5435 2567 5503 ejus
2612 5437 2846 5490 tribuisti
2893 5439 2963 5499 ei,
2997 5448 3050 5493 et
3090 5441 3363 5497 voluntate

1830 5527 2089 5581 labiorum
2121 5526 2236 5592 ejus
2270 5540 2376 5577 non
2405 5524 2666 5580 fraudain
2695 5542 2835 5581 eum.
2880 5547 2899 5579 ι
2942 5527 3070 5594 Qua:
3103 5531 3190 5584 illa
3233 5546 3362 5585 con-

1769 5701 1853 5755 29.
1930 5702 1971 5733 “
2010 5699 2149 5753 Psal.
2187 5714 2271 5763 xv,
2303 5699 2355 5764 5,
2396 5698 2448 5754 6.
2523 5700 2571 5734 ⁸⁸
2604 5698 2884 5769 Psal.‘xx,
2916 5704 2968 5757 2.
3047 5706 3089 5739 ⁸⁸
3131 5705 3260 5761 ibid.
3296 5703 3356 5765 ε.
