3818 6378
662 423 769 479 583

1356 423 1614 478 EUSEDH
1652 421 2127 477 CALSARIENSIS
2159 420 2305 475 ΟΡΡ.
2338 422 2516 477 PARS
2545 424 2635 478 111.
2657 422 2864 478 -ΕΧΕ

2073 421 2127 476 lS
2159 420 2305 475 OPP.
2338 422 2516 477 PARS
2545 424 2635 478 111.
2657 422 3097 480 —EXEGETICA.
3561 420 3581 473 5

662 542 991 611 cupiscentia
1021 543 1155 611 ejus,
1184 556 1303 610 qum
1332 542 1519 609 petitio
1548 540 1810 593 labiorum
1839 540 1956 609 ejus
1979 541 2067 604 sit,
2101 541 2170 595 su‘

2101 540 2201 595 sub
2230 545 2273 599 A
2302 542 2600 611 ἐστέρησας
2626 544 2802 595 αὐτόν.
2846 563 2865 595 ι
2906 545 2987 605 Τίς
3011 543 3052 595 δὲ
3071 538 3122 611 ἦν
3145 543 3173 609 ἡ
3197 536 3407 607 ἐπιθυμία
3433 537 3581 598 αὑτοῦ,τ

663 632 776 687 haec
809 634 961 687 docet
988 634 1070 685 his
1106 631 1323 684 verbis:
1362 648 1380 679 ‹
1432 629 1604 683 Vitam
1642 631 1794 699 petiit
1831 646 1861 684 a
1907 639 1983 694 te,
2015 639 2069 686 et
2097 632 2199 683 tri-

662 722 826 777 buisti
883 722 929 774 ei
977 718 1359 788 longitudinem
1407 717 1614 772 dierum
1664 721 1720 772 in
1755 721 2012 774 saeculum
2059 729 2112 775 et
2144 723 2198 775 in

663 811 917 866 saeculum
951 810 1153 862 saeculi.
1186 827 1204 859 ι
1242 806 1297 861 In
1326 810 1575 877 prasenti
1618 809 1784 878 igitur
1823 811 2009 864 eodem
2040 811 2200 865 modo

660 910 908 971 precatus
938 897 1104 951 David
1132 906 1235 957 est.
1265 906 1318 953 et
1360 914 1546 968 preces
1573 899 1692 967 ejus
1729 900 1991 954 exauditae
2030 908 2152 954 sunt
2181 920 2193 955 :

657 990 940 1044 exauditus
968 989 1106 1042 hanc
1134 997 1460 1042 consecutus
1494 997 1575 1044 est
1612 990 2019 1059 promissionem
2039 1031 2053 1055 ,
2093 1006 2197 1059 qua

658 1082 891 1137 dicitur:
934 1100 953 1133 ‹
1005 1081 1129 1137 Dies
1177 1098 1339 1151 super
1391 1082 1505 1137 dies
1556 1084 1696 1151 regis
1742 1083 1987 1151 adjicies,
2028 1098 2197 1136 annos

660 1175 776 1243 ejus
808 1190 977 1244 usque
1010 1174 1064 1227 in
1100 1174 1241 1228 diem
1268 1174 1628 1243 generationis
1652 1185 1699 1227 et
1721 1176 2084 1243 generationis
2112 1192 2126 1234 ;
2175 1194 2191 1226 ι

660 1268 793 1327 sive,
830 1265 1127 1320 secundum
1161 1265 1565 1336 Symmachum.
1603 1283 1620 1314 σ
1667 1265 1781 1319 dies
1826 1264 2017 1319 diebus
2056 1266 2197 1335 regis

655 1356 897 1424 adjicies,
931 1371 1103 1410 annos
1151 1357 1268 1424 ejus
1308 1357 1361 1410 in
1412 1356 1975 1425 quantumgeneratio
2018 1363 2071 1409 et
2108 1372 2198 1425 ge-

654 1445 903 1499 neratio:
952 1445 1219 1498 habitabit
1254 1444 1308 1498 in
1346 1453 1605 1498 mternum
1640 1444 1692 1496 in
1726 1453 2020 1514 conspectu
2052 1443 2143 1498 Dei
2180 1464 2193 1498 :

652 1532 1026 1586 misericordia
1048 1542 1101 1587 et
1125 1534 1322 1588 veritas
1356 1534 1771 1587 circummuniet
1802 1534 2034 1603 ipsum.»
2068 1532 2195 1587 llaec

656 1623 837 1673 omnia
888 1622 1218 1691 adipiscetur
1254 1624 1345 1690 qui
1378 1623 1558 1677 dicere
1603 1624 1777 1690 potuit
1810 1641 1821 1675 :
1865 1641 1882 1672 ι
1928 1623 1971 1675 Α
2003 1623 2197 1677 ﬁnibus

659 1718 815 1763 terra:
832 1711 897 1764 ad
926 1718 977 1765 te
1010 1712 1258 1775 clamavi,
1301 1712 1427 1765 dum
1473 1713 1783 1766 anxiaretur
1819 1728 1915 1766 cor
1962 1728 2190 1766 meum.»

658 1799 791 1853 Nam
810 1801 1115 1867 hujusmodi
1138 1801 1408 1870 profectus
1435 1803 1757 1871 condignum
1789 1803 2019 1858 fructum
2055 1805 2197 1857 acci-

660 1894 789 1962 piet,
812 1893 1256 1947 vitamteternam.
1276 1893 1407 1946 Cum
1430 1893 1628 1946 dicitur
1643 1902 1841 1955 autem,
1868 1914 1885 1944 ι
1910 1895 2049 1948 Αιιηί
2077 1894 2194 1963 ejus

659 1999 831 2054 usque
856 1984 909 2036 in
939 1983 1080 2036 diem
1108 1984 1468 2053 generationis
1491 1993 1544 2037 et
1574 1985 2000 2053 generationis.)
2029 1986 2196 2055 signi-

656 2073 849 2127 ﬁcatur
896 2072 1148 2126 Davidem
1187 2089 1294 2126 non
1326 2074 1496 2127 solum
1526 2082 1768 2143 tempore
1793 2075 1912 2128 vita:
1941 2090 2051 2129 sua:
2080 2091 2194 2129 me-

655 2163 971 2216 morandum
1001 2178 1141 2225 esse,
1171 2163 1263 2217 sed
1280 2178 1374 2231 per
1392 2164 1632 2233 singulas
1656 2165 2026 2232 generationes
2046 2182 2061 2231 ;
2081 2166 2195 2220 sive

655 2270 749 2323 per
766 2255 899 2309 duas
924 2254 1323 2322 generationes,
1364 2254 1519 2323 queis
1556 2254 1928 2309 subindicatur
1963 2256 2193 2325 populus

654 2358 721 2396 cx
751 2342 1185 2405 circumcisione,
1212 2350 1265 2395 et
1296 2340 1537 2396 Ecclesia
1566 2357 1631 2395 ex
1673 2342 1943 2410 gentibus.
1980 2342 2194 2407 Quanto

655 2428 822 2497 igitur
851 2437 1091 2496 tempore
1125 2429 1296 2497 prima
1348 2430 1439 2482 illa
1491 2432 1762 2498 generatio
1809 2431 2022 2486 divinas
2069 2432 2194 2501 legit

656 2520 983 2590 Seripturas,
1017 2519 1269 2574 Davidem
1302 2521 1357 2573 in
1391 2520 1648 2574 memoria
1685 2522 1918 2587 retinet;
1956 2524 2193 2576 secunda

652 2626 779 2665 vero
826 2611 1117 2680 generatio,
1162 2626 1280 2679 qua:
1325 2610 1497 2664 electa
1536 2626 1603 2665 ex
1646 2612 1898 2666 omnibus
1943 2613 2192 2681 gentibus

658 2709 763 2763 est,
794 2701 1040 2755 similiter
1064 2715 1336 2769 nunquam
1371 2700 1528 2755 ﬁnem
1558 2701 1685 2757 facit
1707 2701 1956 2756 Davidem
1991 2718 2192 2758 memo-

656 2792 829 2852 randi.
862 2793 989 2861 quia
1022 2792 1139 2861 ejus
1180 2793 1233 2845 in
1269 2809 1363 2848 ore
1392 2803 1639 2851 versatur
1668 2800 1803 2855 liber
1829 2804 2190 2872 generationis

652 2882 781 2938 Jesu
810 2884 1011 2938 Christi
1051 2884 1141 2937 ﬁlii
1175 2883 1357 2939 David.
1391 2886 1446 2939 ld
1484 2888 1665 2958 itaque
1707 2892 2077 2948 subindicatur
2106 2895 2189 2951 his

653 2974 854 3037 verbis,
892 2993 911 3025 ι
956 2974 1094 3029 Anni
1126 2976 1242 3045 ejus
1274 2993 1442 3047 usque
1471 2978 1526 3033 in
1555 2981 1695 3034 diem
1741 2984 2101 3052 generationis
2136 2998 2189 3041 et

655 3064 1037 3132 generationis.
1092 3084 1109 3115 ι
1170 3064 1235 3118 Et
1286 3065 1425 3121 hanc
1472 3069 1685 3137 quidem
1733 3087 1895 3139 penes
1945 3073 2187 3131 homines

649 3154 1058 3209 diuturnitatem
1084 3156 1364 3210 obtinebit.
1390 3158 1543 3226 Apud
1575 3158 1737 3213 Deum
1766 3170 1963 3226 autem,
1992 3163 2182 3232 inquit,

652 3260 924 3314 nunquam
962 3246 1197 3314 peribit;
1233 3247 1328 3303 sed
1373 3247 1734 3304 immortalem
1784 3259 1944 3321 atque
1974 3253 2029 3306 in
2068 3255 2189 3307 inli-

650 3332 823 3385 nitum
871 3332 1157 3387 durantem
1204 3345 1395 3390 nactus
1438 3337 1623 3400 vitam,
1681 3356 1699 3389 ι
1741 3341 2077 3408 permanebit
2132 3344 2185 3396 in

646 3432 906 3477 aeternum
945 3424 1001 3476 in
1032 3432 1326 3492 conspectu
1367 3423 1483 3479 Dei.
1521 3444 1540 3476 ι
1574 3424 1850 3491 Quomodo
1878 3439 2054 3483 autem
2084 3430 2187 3484 du-

651 3529 771 3568 rare
801 3514 973 3583 possit
1001 3523 1054 3568 et
1104 3514 1197 3568 Dei
1248 3515 1368 3568 vitae
1409 3516 1675 3583 eo-tequari
1728 3516 2004 3571 hominum
2059 3519 2184 3585 vita,

650 3601 752 3654 sub
784 3602 895 3654 haec
923 3601 1078 3655 docet
1104 3602 1186 3656 his
1213 3603 1391 3657 verbis
1420 3622 1433 3657 :
1468 3623 1487 3654 ι
1520 3603 1939 3659 Misericordiam
1969 3617 2023 3662 et
2046 3609 2187 3662 veri-

651 3698 814 3743 tatem
844 3691 961 3757 ejus
977 3692 1100 3759 quis
1132 3694 1412 3760 requiret?
1437 3713 1454 3744 ι
1488 3692 1641 3758 Quod
1662 3697 1901 3764 apertius
1922 3697 2186 3765 interpre-

654 3786 796 3831 tatus
845 3778 1199 3847 Symmachus
1257 3787 1340 3833 est
1384 3781 1609 3836 dicens:
1656 3800 1675 3833 ι
1723 3784 2083 3842 Misericordia
2132 3798 2184 3843 et

651 3867 849 3921 veritas
900 3865 1316 3924 circummuniet
1352 3870 1567 3939 ipsum;
1608 3890 1625 3923 ι
1685 3876 1929 3931 similiter
1967 3880 2180 3950 Aquila,

656 3975 675 4007 ‹
716 3956 1076 4011 Misericordia
1123 3967 1176 4013 et
1226 3961 1423 4017 veritas
1472 3964 1760 4017 servabunt
1791 3981 1932 4021 eum.
1990 3988 2008 4020 ι
2059 3970 2181 4025 llaec

649 4048 780 4116 ipsis
811 4049 1233 4103 immortalitatis
1261 4064 1445 4115 causa,
1472 4067 1663 4120 nempe
1692 4052 1783 4107 Dei
1818 4057 2181 4113 misericordia

649 4145 703 4191 ct
727 4138 923 4193 veritas
948 4158 961 4192 :
990 4153 1219 4209 quarum
1243 4154 1467 4195 consors
1496 4142 1779 4211 religiosus
1798 4146 1973 4213 quivis
2001 4148 2177 4211 homo,

647 4226 802 4293 quasi
853 4227 963 4280 sale
988 4226 1258 4292 conditus,
1292 4229 1348 4281 in
1378 4236 1632 4284 aeternam
1666 4231 1827 4284 vitam
1858 4235 2177 4292 servabitur.

645 4316 826 4386 Neque
857 4319 999 4374 enim
1027 4319 1168 4388 quod
1211 4321 1401 4374 similis
1445 4320 1554 4376 Deo
1585 4323 1879 4377 secundum
1930 4327 2181 4381 substan~

649 4406 776 4458 tiam
799 4408 887 4472 sit,
921 4408 1038 4463 ideo
1069 4409 1315 4466 similiter
1347 4412 1487 4465 vivet
1517 4429 1532 4477 ;
1573 4412 1666 4465 sed
1716 4415 1840 4482 quia
1896 4431 1927 4469 a
1969 4418 2181 4476 miseri-.-

646 4494 827 4547 cordia
863 4496 949 4550 Dei
982 4506 1034 4551 et
1062 4512 1091 4549 a
1128 4499 1349 4553 veritate
1381 4500 1499 4569 ejus
1531 4515 1898 4559 conservatur.

716 4666 877 4721 Vens.
918 4669 969 4723 9.
1005 4688 1022 4719 ι
1068 4669 1158 4725 Sic
1207 4674 1470 4742 psalmum
1528 4676 1701 4732 dicam
1731 4681 1934 4735 nomini
1985 4691 2077 4737 tuo
2122 4684 2176 4738 in

646 4760 898 4811 saxulum
948 4761 1147 4827 saeculi,
1185 4772 1239 4814 ut
1272 4765 1487 4818 reddam
1542 4776 1663 4819 vota
1710 4784 1825 4823 mea
1874 4771 1940 4823 de
1983 4772 2069 4825 die
2122 4774 2177 4827 in

640 4849 803 4903 diem.
846 4869 861 4900 ι
894 4850 1013 4904 llaec
1041 4868 1163 4906 cum
1197 4852 1427 4923 Spiritus
1469 4866 1689 4913 sanctus
1737 4859 1953 4916 Davidis
1989 4865 2177 4917 animae

645 4938 984 5008 inspirasset,
1017 4944 1168 5011 quasi
1200 4959 1231 4996 a
1259 4946 1517 5013 magistro
1550 4948 1629 5001 sic
1658 4950 1901 5012 edoctus,
1929 4950 2031 5005 ﬁde
2060 4968 2174 5007 ser-

648 5042 856 5082 monem
905 5031 1149 5100 obsignat
1192 5033 1304 5088 hac
1337 5036 1671 5091 vociferans:
1714 5056 1732 5087 ι
1791 5038 1880 5093 Sic
1908 5041 2171 5108 psalmum

644 5115 815 5169 dicam
868 5121 1067 5174 nomini
1097 5128 1189 5174 tuo
1226 5124 1279 5176 in
1313 5127 1563 5179 saeculum
1600 5128 1798 5183 smeuli.
1842 5150 1860 5181 ι
1891 5130 1998 5186 Nec
2044 5134 2175 5187 sitn-

646 5206 853 5273 pliciter
878 5211 973 5271 ait,
1006 5229 1023 5261 ι
1067 5211 1296 5269 Psallam
1324 5219 1525 5272 nomini
1572 5227 1663 5271 tuo
1694 5220 1748 5274 in
1798 5222 2049 5275 saeculum
2082 5238 2172 5277 sa:-

647 5290 773 5351 culi,
802 5308 820 5340 ι
855 5294 949 5346 sed
980 5295 1155 5351 addita
1188 5316 1337 5364 voce.
1371 5323 1389 5353 «
1430 5302 1535 5358 Sic.
1574 5325 1591 5357 ι
1618 5304 1707 5359 Sic
1736 5310 2040 5374 quomodo?
2067 5310 2172 5364 nisi

650 5387 723 5469 uti
755 5379 985 5448 Spiritus
1038 5401 1256 5447 sanctus
1313 5396 1494 5451 docuit
1543 5402 1788 5469 superius
1837 5400 1920 5456 his
1970 5403 2169 5467 verbis,

658 5468 1069 5561 illisericordia
1114 5488 1167 5531 et
1211 5485 1407 5539 veritas
1444 5468 1856 5545 circummuniet
1903 5493 2097 5561 ipsum.
2145 5515 2164 5547 ι

657 5555 747 5607 Sic
778 5561 917 5611 enim
947 5565 1307 5621 misericordia
1345 5580 1435 5627 tua
1467 5583 1519 5629 et
1548 5582 1769 5633 veritate
1814 5590 1904 5633 tua
1940 5583 2171 5637 circum~

658 5646 894 5702 munitus
923 5659 975 5703 et
1005 5665 1266 5718 servatus,
1312 5662 1534 5726 psallam
1567 5672 1770 5725 nomini
1798 5679 1893 5726 tuo
1919 5673 1972 5727 in
2001 5688 2172 5731 saecu-

659 5735 768 5786 lum
795 5735 994 5786 saeculi.
1024 5735 1243 5792 Conﬁdo
1275 5746 1416 5799 enim
1448 5749 1813 5809 misericordia
1843 5763 1896 5809 et
1946 5757 2169 5813 veritate

2302 631 2384 693 τίς
2406 632 2439 700 ἡ
2464 632 2674 700 αἴτησις
2699 634 2806 685 τῶν
2840 634 3034 702 χειλέων
3070 630 3201 684 αὑτοῦ
3220 669 3232 692 ,
3262 628 3454 681 διδάσκει
3473 627 3564 698 ἑξῆς

2302 739 2411 790 γων
2430 739 2442 751 ’
2484 742 2501 773 ι
2539 724 2690 793 Ζωὴν
2718 724 2952 794 ᾐτήσατό
2980 740 3042 787 σε,
3069 724 3143 775 καὶ
3174 722 3348 782 ἔδωκας
3374 718 3490 787 αύτῷ
3512 736 3582 787 μαν

2301 829 2438 883 τητα
2465 813 2684 882 ἡμερῶν
2716 814 2796 875 είς
2832 813 2991 866 αἰῶνα
3010 814 3083 866 καὶ
3103 814 3167 874 είς
3196 808 3342 861 αἰῶνα
3365 806 3444 860 τοῦ
3467 808 3582 861 αἰῶνι

2302 904 2407 955 Καὶ
2428 905 2520 955 ἐπὶ
2546 902 2639 955 τοῦ
2674 904 2938 974 παρόντος
2974 902 3112 954 τοίνυν
3150 898 3483 969 παραπλησίως
3514 899 3581 949 tu

2299 993 2496 1063 ηὔξατο
2520 994 2702 1056 Δαυῒδ,
2747 995 2843 1047 καὶ
2868 994 3115 1062 εὐξάμενος
3155 987 3459 1060 εἰσηκούσθη·
3501 990 3582 1041 tim

2303 1084 2447 1147 σθείς
2468 1102 2525 1136 τε
2550 1086 2756 1156 ταύτης
2780 1085 2936 1153 ἔτυχε
2957 1086 3034 1154 τῆς
3050 1082 3353 1151 ἐπαγγελίας,
3374 1081 3429 1133 δι’
3450 1075 3505 1151 ἧς
3520 1081 3582 1150 sip

2307 1193 2324 1224 ι
2370 1175 2611 1245 Ἡμέρας
2634 1177 2718 1243 ἐφ’
2751 1176 2962 1246 ἡμέρας
2983 1174 3203 1243 βασιλέως
3233 1171 3533 1242 προσθήσεις·
3562 1188 3582 1223 τ

2301 1262 2460 1314 αὐτοῦ
2484 1263 2588 1326 ἕως
2612 1264 2826 1333 ἡμέρας
2850 1265 3021 1329 γενεᾶς
3048 1264 3127 1316 καὶ
3150 1264 3348 1329 γενεᾶςο
3382 1281 3399 1314 ι
3429 1263 3481 1331 ἢ.
3508 1280 3582 1315 κατ

2300 1353 2622 1423 Σύμμαχον·
2677 1372 2694 1404 ι
2749 1354 2982 1423 Ἡμέρας
3020 1357 3119 1416 ταῖς
3150 1353 3360 1423 ἡμέραις
3397 1353 3478 1404 τοῦ
3519 1353 3582 1423 βαρ

2301 1443 2643 1513 προσθήσεις,
2676 1443 2774 1513 ἔτη
2807 1443 2984 1506 αὐτοῦ,
3026 1445 3096 1513 ἐφ’
3134 1445 3249 1497 ὅσον
3296 1445 3443 1512 γενεὰ
3467 1446 3545 1497 καὶ

2300 1532 2503 1601 οίκήσει
2529 1532 2763 1593 αἱωνίως
2785 1531 3069 1602 ἔμπροσθεν
3095 1532 3183 1584 τοῦ
3212 1532 3338 1584 Θεοῦ
3361 1548 3373 1561 ·
3403 1533 3530 1597 ἔλεος
3550 1552 3581 1587 κ

2300 1618 2416 1670 θεια
2445 1620 2766 1688 περιφράξει
2793 1620 2968 1672 αὐτόν.
3008 1639 3024 1671 ι
3057 1620 3259 1674 Τούτων
3292 1620 3347 1673 δε
3388 1622 3580 1676 πάντων

2298 1725 2385 1761 ται
2418 1711 2445 1760 ὁ
2473 1708 2717 1777 δυνηθεὶς
2745 1711 2947 1762 εἰπεῖν·
2974 1728 2990 1761 ι
3026 1710 3144 1762 Ἀπὸ
3166 1711 3271 1763 τῶν
3301 1712 3581 1782 πτερύγωνι

2301 1798 2435 1867 πρὸς
2450 1798 2509 1850 σὲ
2529 1799 2806 1869 ἐκέκραξα
2833 1802 2891 1851 ἐν
2919 1800 2985 1869 τῷ
2998 1801 3275 1871 ἀκηδιᾶσαι
3293 1800 3387 1873 τὴν
3414 1804 3582 1873 καρδία

2226 1877 2268 1931 Β
2300 1890 2408 1959 Τῆς
2440 1889 2548 1959 γὰρ
2566 1888 2824 1959 τοιαύτης
2854 1892 3113 1961 προκοπῆς
3131 1894 3343 1964 καρπὸν
3382 1895 3580 1960 ἐπάξιον

2297 1978 2394 2047 τὴν
2423 1976 2635 2031 αἰώνιον
2653 1980 2817 2048 ζωήν.
2849 1980 3061 2033 Φάσκων
3088 1982 3141 2034 δέ
3165 1984 3195 2034 ὁ
3218 1982 3396 2051 λόγος,
3417 2004 3435 2037 ι
3455 1985 3581 2039 ’Τὰέ

2298 2067 2398 2129 ἓως
2454 2066 2665 2136 ἡμέρας
2711 2070 2907 2135 γενεᾶς
2936 2071 3019 2122 καὶ
3039 2074 3256 2138 γενεᾶς,
3298 2093 3317 2126 ι
3354 2077 3582 2145 σημαίνει

2298 2156 2443 2209 ἔσται
2474 2159 2501 2208 ό
2531 2157 2692 2210 Δαυῒδ
2708 2160 3168 2231 μνημονευόμενος
3191 2164 3257 2215 ού
3292 2165 3411 2217 καθ’
3446 2166 3507 2221 ἣν
3537 2186 3582 2238 με

2298 2246 2505 2316 χρόνον,
2535 2246 2671 2299 ἀλλὰ
2712 2249 2807 2301 καὶ
2835 2250 2950 2301 καθ’
2977 2251 3217 2323 ἑκάστην
3248 2256 3449 2323 γενεὰν
3470 2297 3483 2321 ,
3512 2258 3543 2327 ἤ

2297 2335 2444 2398 τινὰς
2470 2337 2689 2404 γενεὰς,
2724 2341 3086 2410 αἰνιττομένου
3120 2344 3224 2397 τοῦ
3267 2346 3434 2415 λόγου
3478 2350 3567 2403 τόν

2301 2427 2525 2496 ριτομῆς
2575 2427 2700 2482 λαὸν
2734 2429 2827 2482 καὶ
2860 2431 2956 2501 τὴν
2998 2432 3053 2497 ἐξ
3111 2434 3300 2489 ἐθνῶν
3366 2441 3582 2511 Ἐκκλητ

2297 2518 2417 2567 ὅσον
2448 2516 2576 2583 γοῦν
2604 2517 2791 2587 χρόνον
2819 2522 2852 2589 ἡ
2883 2522 3041 2587 γενεὰ
3061 2524 3095 2593 ἠ
3123 2525 3340 2599 πρώτη
3370 2532 3489 2593 τοῖς
3521 2531 3581 2585 θε

2298 2607 2445 2676 χάνει
2468 2608 2776 2677 γράμμασι,
2808 2612 2960 2681 φέρει
2992 2612 3081 2665 διὰ
3118 2618 3369 2690 μνήμης
3394 2622 3492 2675 τὸν
3519 2626 3582 2675 Aa

2295 2694 2516 2764 δευτέρα
2565 2696 2622 2748 δὲ
2653 2698 2813 2763 γενεὰ
2853 2701 2886 2769 ή
2926 2702 3022 2771 τῆς
3064 2701 3128 2767 ἐξ
3161 2706 3457 2765 ἁπάντων
3488 2713 3579 2766 ἐθν

2296 2784 2551 2848 ὡσαύτως
2582 2786 2675 2839 τοῦ
2716 2788 2879 2841 Δαυῒδ
2910 2790 3110 2845 οὕποτε
3140 2795 3451 2854 διαλείπει
3492 2822 3582 2872 μντ

2294 2872 2380 2925 διὰ
2424 2873 2484 2925 τὸ
2515 2874 2697 2945 φέρειν
2751 2878 2855 2931 ἀνὰ
2889 2880 3071 2949 στόμα
3112 2884 3223 2955 τὴν
3286 2888 3489 2957 βίϐλον
3522 2895 3581 2946 τί

2308 2965 2477 3034 Ἰησοῦ
2514 2968 2747 3037 Χριστοῦ
2798 2970 2893 3022 τοῦ
2946 2973 3067 3025 υἱοῦ
3106 2978 3328 3033 Δαυῖδ.
3370 2984 3562 3039 Τοῦτο

2293 3061 2468 3127 φήσας
2489 3060 2519 3111 ὀ
2547 3059 2730 3127 λόγος’
2755 3081 2774 3113 ί
2794 3064 2877 3115 Τὰ
2898 3064 2995 3135 ἐτη
3019 3068 3207 3123 αὐτοῦ
3235 3073 3370 3138 ἓως
3397 3080 3579 3151 ἡμέρα

2290 3153 2499 3215 γενεᾶς.
2526 3169 2545 3201 ι
2581 3153 2687 3204 Καὶ
2715 3154 2771 3206 ἐν
2801 3156 2900 3223 μὲν
2941 3157 3300 3229 ἀνθρώποις
3324 3170 3565 3241 ταύτης

2293 3242 2659 3311 μεικρότητος⁸
2690 3247 2841 3315 παρὰ
2868 3247 2925 3300 δὲ
2954 3251 3123 3321 αὐτῷ
3169 3256 3269 3326 τῷ
3307 3260 3457 3331 Θεῷ
3498 3264 3567 3316 οῦ

2288 3332 2561 3385 ἀπολεῖται
2581 3348 2594 3363 °
2619 3336 2888 3389 ἀθανάτου
2918 3340 2982 3392 δὲ
3022 3344 3134 3396 καὶ
3175 3349 3281 3411 εἰς
3326 3352 3577 3424 ἄπειρα

2288 3423 2432 3492 ζωῆς
2468 3424 2675 3493 τυχὼν,
2717 3446 2737 3477 ‹
2776 3428 3040 3498 διαμενεῖ
3094 3437 3194 3499 εἰς
3236 3440 3363 3494 τὸν
3411 3423 3573 3499 αὶῶν

2284 3512 2438 3565 Θεοῦ.
2483 3533 2499 3563 ι
2540 3515 2663 3578 Πῶς
2692 3516 2747 3568 δὲ
2770 3517 3031 3588 διαρκετν
3064 3528 3183 3580 καὶ
3233 3535 3325 3604 τῇ
3376 3537 3498 3590 ’τοῦ
3536 3540 3574 3592 Ε

2286 3606 2730 3673 παρεκτείνεσθαι
2764 3608 3081 3680 ἀνθρώπου
3114 3618 3331 3686 φύσις
3371 3628 3485 3680 οἶα
3516 3648 3570 3681 τε

2287 3708 2405 3790 σκει
2430 3692 2554 3790 ἑξῆς
2585 3694 2841 3790 ιράσκων·
2881 3719 2898 3750 ι
2953 3702 3188 3769 Ἔλεος
3235 3714 3367 3766 καὶ
3411 3719 3572 3790 Eni}!

2283 3783 2433 3851 τήσει
2461 3783 2657 3847 αύτοῦ;
2684 3804 2702 3835 ι
2734 3787 2914 3859 Ὅπερ
2948 3796 3395 3871 σαφέστερον
3432 3783 3569 3879 ἦρξέ

2285 3890 2453 3971 μαχρς
2508 3875 2718 3971 είπώνί
2762 3896 2793 3971 Δι
2855 3882 3083 3971 Ἔλεος
3167 3894 3304 3945 καὶ

2283 3964 2439 4015 αὐτόν
2466 3978 2478 3991 °
2520 3983 2537 4014 ι
2575 3966 2668 4017 καὶ
2698 3969 2727 4019 ὁ
2762 3968 3026 4038 Ἀκύλας
3076 3978 3367 4049 ὁμοίως
3396 4028 3418 4052 ,
3469 3964 3522 4041 ι’
3556 3996 3568 4013 '

2283 4052 2400 4105 θεια
2426 4053 2842 4124 διατηρήσουσιν
2868 4064 3102 4119 αὐτόν.
3174 4090 3199 4119 ι
3244 4074 3526 4134 Ταῦτα

2284 4144 2401 4205 σίας
2429 4144 2575 4213 αύτῷ
2624 4146 2778 4200 ἔσται
2828 4151 3037 4213 αἴτια.
3082 4157 3170 4209 τὸ
3204 4164 3349 4216 τοῦ
3393 4168 3564 4223 ego?

2281 4230 2427 4328 θεια·
2453 4225 3024 4328 ιῖἶινμεταλαμόἁνων
3065 4250 3224 4311 πᾶς
3263 4252 3308 4302 ὁ
3349 4254 3561 4328 θεοφι

2281 4321 2419 4374 ἁλῶν
2452 4322 2763 4393 ἁλιζόμενος
2788 4366 2802 4390 ,
2841 4330 3420 4407 φυλαχθήσεται
3501 4321 3562 4404 ἐι

2283 4411 2357 4511 ρύ
2387 4412 2508 4511 ,γὰρ
2552 4413 2642 4511 ﬁt
2672 4417 2882 4511 {actm
2956 4424 3067 4494 τῷ
3103 4428 3289 4503 Θεῷ
3344 4456 3560 4511 «tege

2206 4512 2252 4566 ι)
2279 4501 2474 4569 ὁμοίως
2507 4503 2653 4572 αύτῷ
2682 4505 2947 4576 ζήσεται,
2990 4515 3162 4569 ἀλλ’
3214 4501 3388 4580 ὗπδ
3451 4501 3558 4586 ’σοί

2278 4594 2368 4644 καὶ
2529 4595 2637 4691 τῆς-
2657 4597 2933 4691 ἀληθείας
2976 4607 3235 4663 αὑτοῦ
3278 4619 3557 4691 διακρ(

2348 4700 2365 4731 ι
2400 4681 2583 4746 Οὕτως
2609 4685 2765 4753 ψαλῶ
2785 4690 2867 4759 τῷ
2895 4694 3251 4765 ὀνόματί
3312 4724 3475 4763 σου

2274 4772 2951 4873 αἰφνοςποὶἀτΪοῶῦναί
3003 4805 3111 4855 με
3172 4794 3338 4859 τὰς,
3398 4803 3549 4873 εὖ)

2274 4861 2499 4931 ἡμέρας.
2543 4883 2562 4915 ι
2592 4865 2777 4919 Ταῦτα
2813 4872 2926 4924 τοῦ
2975 4877 3226 4944 ἁγίου
3277 4861 3539 4945 Πνεύῆ

2274 4954 2653 5022 ὑφηγήσαντος
2688 4959 2865 5032 ψυχῇ,
2905 4968 3207 5034 μαθὼν
3254 4977 3511 5037 ὥσπε

2274 5044 2341 5094 τὰ
2362 5042 2636 5140 λεχθέντα,
2657 5048 3270 5140 ἐπισφραγίζεται
3309 5074 3425 5140 τῇ
3471 5091 3506 5125 τ

2274 5130 2480 5225 φωνῶν*
2493 5134 2587 5186 καὶ
2611 5134 2819 5204 λέγων·
2862 5160 2882 5191 ι
2946 5146 3200 5203 Οὕτω
3243 5130 3488 5225 spuit?

2272 5219 2362 5271 τὸν
2390 5221 2559 5275 αἰῶνα
2584 5226 2677 5278 τοῦ
2703 5228 2919 5294 αἰῶνος
2948 5251 2972 5265 ’
3019 5256 3048 5287 ι
3081 5243 3241 5315 οὐχ
3269 5219 3473 5305 Vden}

2270 5310 2347 5379 τῷ
2373 5312 2595 5381 ὀνόματί
2645 5333 2738 5370 σου
2789 5324 2878 5385 είς
2953 5326 3106 5382 τὸν
3150 5310 3442 5396 άξῶνα

2273 5400 2408 5469 μετὰ
2442 5404 2758 5475 προσθήκης
2790 5410 2945 5479 τῆς,
3012 5435 3042 5467 ¢
3104 5421 3394 5481 Οὕτω.

2270 5493 2351 5592 ὡς⁸
2370 5497 2682 5592 προεδίδαξε
2704 5501 2763 5553 τὸ
2791 5504 2974 5559 ἰ]νεῦ
2988 5528 3111 5579 μα.
3154 5518 3255 5572 τὸ
3328 5522 3422 5592 ἆπ

2271 5583 2363 5633 καὶ
2381 5582 2610 5653 ἀλήθεια
2643 5597 3035 5665 περιφράξει
3078 5606 3345 5664 αὐτόν
3358 5653 3379 5665 .

2270 5671 2362 5722 σοῦ
2387 5673 2568 5740 ἐλέους
2596 5681 2692 5733 καὶ
2715 5683 2825 5736 ὑπὸ
2863 5688 3004 5758 τῆς
3050 5694 3213 5765 σῆς
3262 5702 3392 5755 ἁλι

2267 5778 2355 5825 νος
2388 5766 2482 5819 καὶ
2509 5766 3014 5846 διατηρούμενος,
3062 5784 3318 5856 ψαλῶ
3366 5813 3376 5828 ε
