3818 6372
124 407 217 468 5%3

1335 406 1825 470 COMMENTAIHA
1866 418 1928 472 IN
1966 410 2297 473 PSA'LMOS.

3294 425 3396 479 586

150 503 443 601 αλδινα.τοῦ
470 510 716 580 αἰῶνος.
749 521 1083 595 Τεθάρσηκα
1113 528 1217 598 γὰρ
1247 529 1388 599 ζωῆς
1417 532 1630 584 αίωνίου
1651 548 1725 585 τει

1869 545 1976 594 tua,
2013 552 2118 588 non
2150 551 2265 589 mea
2297 536 2510 596 virtute,
2547 549 2630 587 me
2662 535 2820 588 vitam
2875 545 3145 599 aeternam.
3199 549 3252 594 et
3283 557 3398 596 eam

177 611 354 674 ξεσῆαι
373 604 478 658 καὶ
500 604 834 676 ἀθανασίας
872 617 970 686 τῆς
991 619 1137 687 παρᾶ
1166 621 1244 670 σοὶ
1275 620 1358 673 διὰ
1388 622 1476 673 τὸν
1513 622 1601 672 σὸν
1624 621 1765 673 ἔλεον

171 697 265 754 xii.
293 699 376 755 διὰ
409 698 520 770 τὴν
553 699 660 771 σὴν
703 703 994 775 ἀλήθειαν,
1020 707 1130 758 ἀλλ’
1153 710 1212 760 οὐ
1239 709 1324 760 διὰ
1348 710 1442 771 τὰς
1472 711 1608 779 ἐμάς
1639 711 1763 779 ἀρε-

171 791 284 853 τᾶς.
331 809 348 841 ι
381 785 594 854 Οὕτως
652 788 753 846 οὖν
809 795 967 863 ψαλῶ
1013 797 1089 866 τῷ
1136 799 1353 867 ὀνόματί
1414 817 1506 852 σου
1552 802 1630 862 εἰς
1675 802 1763 852 τὸν

161 880 338 932 αξῶνα
370 876 490 932 τοῦ
521 881 750 945 αἰῶνος,
778 885 875 936 τοῦ
907 886 1193 940 ἀποδοῦναί
1229 905 1294 956 με
1321 889 1416 951 τὰς
1458 889 1617 957 εὐχάς
1662 906 1761 956 μου

160 971 377 1041 ἡμέραν
409 972 489 1038 ὲξ
513 973 741 1042 ἡμέρας
761 991 774 1003 ⁸
811 995 829 1025 ι
864 976 898 1044 ὴ
929 975 1068 1028 κατὰ
1084 977 1172 1029 τὸν
1201 977 1506 1047 Σύμμαχον,
1548 997 1565 1028 ‹
1601 978 1757 1029 Ἀπο-

153 1060 337 1122 διδοὺς
365 1059 490 1122 τὰς
521 1061 698 1130 εὐχάς
735 1079 837 1130 μου
865 1063 984 1116 καθ’
1006 1065 1237 1134 ἑκάστην
1275 1067 1502 1135 ἡμέραν.
1551 1085 1568 1116 ι
1603 1065 1763 1117 Οὐδε-

452 1149 580 1221 γὰρ
625 1152 991 1221 ἀπολείψομαί
1043 1153 1134 1205 τοῦ
1187 1154 1259 1224 μὴ
1312 1153 1612 1207 ἀποδιδόναι
1668 1153 1761 1216 τὰς

149 1240 302 1308 ἐμὰς
334 1240 730 1307 ἐπαγγελίας,
765 1241 951 1312 ὥσπερ
975 1243 1194 1310 ὀφειλάς
1213 1244 1474 1313 διηνεκεῖς
1521 1243 1613 1295 καὶ
1641 1243 1760 1311 ἐμοὶ

151 1328 512 1398 σωτηρίους.
555 1330 779 1393 Ταύτας
808 1332 915 1402 γὰρ
941 1333 1224 1385 διατελέσω
1261 1333 1352 1385 καὶ
1377 1335 1454 1394 εἰς
1497 1331 1586 1385 τὸν
1607 1333 1760 1385 ἄπει-

145 1437 248 1488 ρον
279 1419 470 1472 αἰῶνα
508 1419 826 1484 ἀποδιδούς.
863 1423 994 1475 Οὐδὲ
1025 1423 1130 1493 γὰρ
1159 1423 1321 1493 ἀργὸς
1351 1423 1442 1474 καὶ
1486 1424 1758 1492 ἄπρακτος

145 1509 351 1578 ἔσομαι
380 1509 532 1561 κατ’
569 1510 792 1580 ἐκείνην
819 1510 916 1581 τὴν
946 1511 1158 1564 αἰώνιον
1190 1512 1365 1584 ζωὴν,
1395 1512 1492 1582 τὴν
1531 1512 1586 1564 δὲ
1626 1510 1755 1581 πρέ-

1870 638 1988 690 qua:
2008 625 2146 692 apud
2177 632 2229 678 te
2249 631 2331 678 est
2354 624 2802 678 immortalitatem
2832 626 3164 694 adepturum.
3202 649 3220 679 α
3260 629 3350 686 Sic
3377 652 3396 683 ι

1869 709 2048 776 itaque
2082 727 2101 759 ε
2141 710 2362 778 psallam
2391 710 2592 763 nomini
2623 722 2716 765 tuo
2745 712 2796 765 in
2824 715 3077 767 saeculum
3105 719 3304 777 sarculi.
3344 729 3401 771 ut

1868 798 2086 852 reddam
2119 806 2238 853 vota
2267 814 2382 852 mea
2405 799 2470 853 de
2497 799 2583 853 die
2611 801 2664 854 in
2693 802 2830 856 diem
2855 820 2870 867 ;
2910 823 2928 854 ι
2964 804 3076 858 sive
3104 809 3397 861 secundmu

1871 886 2267 956 Symmachum,
2318 906 2339 938 1
2399 885 2644 943 Reddens
2690 897 2808 944 vota
2848 906 2963 944 mea
3015 893 3240 962 singulis
3288 897 3400 948 dic--

1867 976 1989 1032 bus.
2024 995 2043 1027 ›
2096 975 2375 1044 Nunquam
2428 992 2557 1031 sane
2611 979 2852 1032 desinam
2899 982 3181 1048 promissis
3231 989 3393 1041 stare.

1865 1066 2017 1136 quasi
2065 1067 2334 1134 perpetuis
2379 1067 2616 1134 mihique
2667 1068 2992 1125 salutaribus
3035 1069 3249 1125 debitis.
3304 1071 3396 1124 Illa

1865 1157 2006 1210 enim
2031 1156 2112 1209 vel
2140 1171 2234 1224 per
2259 1155 2465 1208 inﬁnita
2509 1157 2702 1210 saecula
2750 1158 2973 1214 reddere
3019 1161 3391 1228 perseverabo.

1865 1243 2137 1313 Siquidem
2171 1257 2275 1296 non
2319 1243 2544 1306 otiosus,
2586 1258 2690 1297 non
2737 1258 2899 1312 opere
2942 1258 3142 1300 vacuus
3193 1247 3247 1298 in
3303 1245 3392 1298 illa

1860 1345 2059 1387 aeterna
2085 1333 2191 1384 vita
2224 1345 2357 1396 ero;
2388 1329 2482 1384 sed
2511 1337 2889 1400 congruentem
2918 1331 3258 1400 debitamque
3287 1330 3394 1386 Deo

1862 1421 1935 1474 ibi
1986 1434 2200 1490 operam
2249 1419 2531 1488 praestabo.
2589 1419 2712 1472 Haec
2757 1406 2953 1489 quippe
2988 1428 3072 1475 est
3121 1421 3299 1476 debita
3342 1431 3395 1476 et

1857 1508 1960 1578 ipsi
1989 1523 2293 1576 congruens
2319 1515 2573 1576 perpetua
2606 1510 2898 1578 gratiarum
2927 1512 3084 1564 actio.

144 1614 367 1650 πουσαν
424 1599 540 1651 καὶ
588 1600 946 1672 ὀφειλομένην
993 1602 1269 1665 ἀποδιδοὺς
1299 1601 1376 1671 τῷ
1429 1601 1545 1669 Θεῷ
1589 1602 1746 1653 κάκεῖ
1781 1598 1974 1668 πρᾶξιν
2008 1596 2314 1650 διατελέσω.
2348 1596 2493 1667 Αὕτη
2535 1597 2590 1649 δέ
2659 1601 2803 1653 ἐστιν
2839 1601 2872 1669 ὴ
2943 1599 3259 1670 ὀφειλομένη
3301 1601 3394 1654 καὶ

145 1685 312 1756 αὐτῷ
335 1687 655 1758 πρέπουσα
677 1689 928 1759 διηνεκὴς
958 1691 1270 1760 εὐχαριστία
1299 1692 1392 1759 (1).

144 1801 268 1855 ΕΙΣ
322 1803 418 1854 ΤΟ
466 1803 737 1867 ΤΕΛΟΣ,
788 1803 970 1856 ΥΠΕΡ
1018 1805 1290 1859 ΙΔΙΘΟΥΜ
1341 1807 1624 1859 ΨΑΛΜΟΣ
1674 1800 1725 1856 T1

1926 1801 2001 1869 ,t.
2060 1796 2124 1848 IN
2177 1795 2403 1856 FINEM,
2435 1795 2626 1872 “suo-
2651 1795 2932 1872 19:1th
2986 1797 3305 1857 PSALMUS

814 1872 1007 1924 ΔΑΥΙΔ
1045 1875 1162 1926 EA’.

228 2001 252 2033 ι
300 1983 453 2052 Οὐχὶ
485 1982 570 2052 τῷ
612 1983 735 2053 Θεῷ
760 1984 1155 2052 ὑποταγήσεται
1187 1985 1220 2052 ἡ
1267 1984 1407 2054 ψυχή
1444 1999 1577 2052 μους
1626 1985 1754 2054 παρ’

144 2065 314 2136 αὐτῷ
351 2068 482 2138 γὰρ
513 2068 579 2120 τὸ
614 2069 889 2138 Σωτήριόν
931 2086 1050 2138 μου.
1091 2088 1109 2120 ι
1150 2072 1206 2121 ’0
1260 2070 1356 2139 μὲν
1403 2070 1753 2140 προκείμενος

148 2155 383 2226 ᾆαλμδς
418 2156 647 2227 εἴρηται
685 2157 785 2226 μὲν
809 2156 886 2226 τῷ
914 2157 1094 2220 Δαυῒδ,
1125 2158 1399 2228 πρόκειται
1423 2159 1479 2210 δὲ
1518 2154 1581 2228 τῇ
1630 2160 1749 2210 ἐπι-

149 2249 351 2316 γραφῇ
381 2286 399 2308 ,
440 2261 469 2299 1
520 2246 664 2316 ὑπὲρ
731 2245 998 2316 Ἰδιθούμ⁸
1039 2267 1056 2297 ι
1098 2247 1426 2308 διδάσκοντος
1458 2248 1602 2316 ἡμᾶς
1657 2243 1748 2298 τοῦ

146 2335 344 2401 λόγου,
373 2336 464 2398 ὡς
497 2336 610 2404 ἄρα
634 2337 664 2388 ό
694 2335 877 2398 Δαυῖδ,
919 2336 1054 2407 ὑπὲρ
1081 2335 1174 2388 τοῦ
1230 2336 1458 2404 Ἰδιθοὺμ
1491 2336 1749 2401 συντάξας

147 2425 244 2476 τὸν
269 2424 529 2493 ψαλμὸν.
569 2425 889 2495 παρέδωκεν
914 2425 1058 2495 αὐτῷ
1080 2426 1322 2496 μελετᾷν,
1354 2425 1445 2478 καὶ
1467 2426 1583 2478 ἀντὶ
1609 2427 1748 2494 ἐπῳ-

145 2512 248 2581 δῆς
292 2514 550 2584 χρῆσθαι
575 2515 656 2576 είς
681 2513 997 2584 Θεραπείαν,
1027 2518 1304 2585 συμφορᾶς
1337 2532 1477 2578 τινος
1525 2517 1748 2586 ἐπισυμ-

150 2604 337 2674 6άσης
367 2604 553 2674 αὐτῷ.
601 2606 713 2657 Καὶ
745 2607 772 2656 ό
797 2606 838 2657 λ’
868 2605 924 2658 δὲ
957 2606 1045 2658 καὶ
1082 2611 1128 2674 η’
1151 2595 1521 2676 ἐπεγέγραπτο
1544 2646 1558 2669 ,
1604 2625 1620 2657 ι
1655 2608 1746 2669 Εἰς

148 2693 214 2744 τὸ
244 2694 430 2756 τέλος,
464 2694 548 2765 τῷ
598 2693 987 2764 Ἰδιθοὺμ,ᾠδὴ
1039 2693 1132 2746 τοῦ
1165 2695 1350 2746 Δαυῒδ·
1399 2714 1416 2745 ι
1465 2697 1522 2748 ὲν
1563 2689 1605 2762 ᾧ
1653 2697 1743 2748 καὶ

151 2785 308 2854 αὐτῷ
333 2786 552 2854 ὁμοίως
579 2784 929 2836 διδασκαλίαν
962 2785 1239 2855 παρεδίδου
1269 2788 1297 2838 ὁ
1329 2785 1484 2838 Δαυῒδ
1507 2786 1580 2855 τῷ
1624 2787 1739 2839 Ἰδι-

151 2873 304 2946 θοὺμ
331 2876 424 2928 διὰ
454 2875 566 2945 τὴν
593 2875 788 2944 αὐτὴν,
831 2870 981 2943 οἶμαι
1007 2914 1021 2939 ,
1070 2876 1418 2930 κατάστασιν.
1484 2877 1740 2931 Ἐνταῦθα

158 2961 261 3031 μὲν
296 2963 411 3033 γὰρ
465 2963 764 3016 λέλεκται·
802 2981 821 3014 ι
853 2963 926 3015 Οὐ
983 2963 1056 3033 μὴ
1109 2964 1344 3017 σαλευθῶ
1395 2966 1484 3018 ἐπὶ
1539 2966 1734 3018 πλεῖον.

160 3055 310 3117 Ἕως
350 3054 490 3106 πότε
515 3052 831 3104 ἐπιτίθεσθε
860 3055 944 3106 ἐπ’
976 3053 1271 3124 ἄνθρωπον,
1303 3056 1580 3123 φονεύεσοε
1608 3058 1737 3110 πάν-

2430 1863 2635 1918 DAVID
2684 1866 2816 1920 LXI.

1922 1976 2083 2033 Vens.
2121 1979 2175 2039 2,
2207 1979 2256 2031 5.
2321 1996 2340 2028 ι
2379 1975 2565 2031 Nonne
2616 1977 2724 2032 Deo
2776 1972 3014 2048 subjecta
3058 1983 3163 2036 erit
3209 1983 3388 2037 anima

1853 2069 2010 2122 mea?
2034 2069 2100 2121 ab
2129 2070 2244 2137 ipso
2274 2069 2414 2121 enim
2449 2066 2699 2122 Salutare
2737 2083 2931 2122 meum.
2975 2089 2993 2120 ι
3025 2069 3123 2124 llic
3150 2073 3386 2140 psalmus

1852 2159 2036 2212 Davidi
2068 2158 2280 2227 quidem
2324 2159 2500 2212 dictus
2531 2168 2633 2220 est,
2666 2159 3004 2227 inscriptioni
3033 2173 3193 2227 porro
3231 2161 3386 2214 addi-

1849 2257 1956 2307 tur,
1997 2267 2014 2297 ι
2054 2263 2151 2317 pro
2183 2246 2434 2301 ldithum.
2472 2266 2489 2296 ι
2526 2246 2730 2312 Quibus
2779 2249 3084 2310 edocemur,
3130 2249 3382 2303 Davidem

1846 2353 1968 2390 cum
2003 2353 2099 2406 pro
2127 2332 2352 2392 ldithum
2385 2339 2646 2406 psalmum
2695 2337 3028 2400 adornasset,
3079 2340 3182 2408 ipsi
3215 2339 3382 2393 tradi-

1846 2427 1990 2481 disse
2019 2427 2084 2480 ad
2116 2425 2474 2481 meditandum
2504 2444 2518 2492 ;
2554 2435 2612 2479 ut
2641 2443 2726 2489 eo,
2754 2429 3026 2483 accidente
3057 2429 3379 2495 calamitate,

1845 2516 2000 2584 quasi
2052 2516 2450 2570 incantamenta
2505 2525 2748 2571 uteretur
2793 2517 2860 2570 ad
2917 2518 3198 2572 medelam.
3253 2521 3378 2576 Item

1845 2605 2355 2675 xx'xvminscriptus
2376 2612 2458 2659 est
2489 2624 2501 2658 :
2539 2623 2556 2654 ι
2583 2604 2638 2658 lu
2664 2605 2841 2666 finem.
2866 2607 2968 2674 ipsi
2989 2605 3383 2671 ldithum,cau-

1844 2695 2008 2747 ticum
2039 2694 2269 2748 Davidis.
2304 2713 2322 2745 ι
2356 2696 2411 2760 [ιι
2441 2710 2547 2762 quo
2576 2694 2822 2748 similiter
2867 2693 3028 2747 David
3078 2695 3376 2750 doctrinam

1827 2785 1942 2852 ipsi
1960 2783 2187 2837 ldithum
2217 2785 2270 2837 in
2297 2785 2410 2852 pari
2453 2798 2654 2847 rerum,
2681 2792 2741 2837 ut
2787 2783 3033 2848 arbitror,
3076 2785 3382 2840 conditione

1838 2875 2075 2930 tradidit.
2100 2875 2230 2930 Nam
2259 2875 2344 2928 h?c
2374 2874 2573 2928 dicitur
2599 2894 2610 2929 :
2649 2894 2667 2926 ι
2703 2873 2817 2927 Non
2856 2877 3107 2930 movebor
3128 2879 3376 2946 amplius.

1837 2964 2130 3035 Quousque
2157 2966 2364 3020 irruitis
2392 2966 2445 3018 in
2476 2965 2743 3019 hominem
2771 2965 3114 3024 ?interﬁcitis
3143 2969 3375 3023 universi

1834 3066 1952 3106 vos.
1989 3070 2009 3103 ι
2043 3051 2100 3106 In
2132 3067 2336 3106 xxxvut
2386 3063 2560 3105 autem
2594 3071 2606 3105 :
2660 3071 2677 3102 ‹
2733 3052 2863 3105 Cum
2896 3055 3212 3108 consisteret
3253 3072 3378 3125 pec-

153 3159 245 3205 τες
275 3143 485 3213 ὑμεῖς;
543 3161 564 3194 ι
604 3144 664 3194 ὲν
708 3142 766 3194 δὲ
806 3142 880 3212 τῷ
908 3144 1019 3212 λη’·
1059 3163 1078 3193 ‹
1121 3145 1206 3196 Ἐν
1253 3144 1331 3214 τῷ
1366 3146 1617 3215 συστῆναι
1648 3149 1725 3199 τὸν

1841 3151 1986 3197 cator
2008 3144 2290 3198 adversum
2324 3158 2428 3210 me,
2463 3143 2703 3196 obmutui
2734 3152 2785 3196 et
2817 3143 3127 3199 humiliatus
3162 3161 3302 3210 sum,
3324 3156 3377 3200 et

154 3232 492 3300 ἁμαρτωλὸν
519 3232 770 3284 ἐναντίον
794 3249 913 3300 μου,
931 3231 1222 3302 ὲκωφῶθην
1241 3233 1331 3286 καὶ¹
1354 3235 1732 3307 ὲταπεινώθην,

151 3321 248 3371 καὶ
273 3321 524 3392 ἐσίγησε
564 3318 627 3382 ἐξ
661 3319 898 3387 ἀγαθῶν,
935 3321 1028 3372 καὶ
1051 3321 1108 3372 τὸ
1141 3322 1360 3391 ἄλγημά
1395 3341 1493 3392 μου
1526 3326 1737 3378 ἀνεκαί-

150 3409 319 3481 νίσθη
345 3428 360 3440 ⁸
397 3431 418 3462 ι
452 3411 559 3464 καὶ
584 3411 748 3462 πάλιν
771 3427 784 3441 ⁸
817 3429 834 3460 ι
879 3412 1008 3463 Ἀπὸ
1037 3411 1219 3464 πασῶν
1243 3414 1348 3466 τῶν
1375 3415 1607 3484 ἀνομιῶν
1636 3433 1732 3485 μου

151 3500 324 3569 ῥῦσαί
353 3519 423 3572 με
445 3519 460 3532 ⁸
488 3502 700 3563 ὄνειδος
731 3501 919 3571 ἄφρονι
941 3502 1143 3565 ἔδωκάς
1171 3521 1257 3572 με.
1293 3523 1309 3554 ι
1340 3506 1448 3558 Καὶ
1493 3506 1585 3559 θέα
1616 3509 1735 3560 τίνα

149 3592 362 3661 τρόπον
388 3589 660 3661 ἐμφαίνει
691 3590 758 3642 δι’
780 3590 1100 3661 ἀμφοτέρων
1121 3591 1178 3642 ἐν
1198 3593 1478 3663 πειρασμῷ
1498 3612 1599 3647 τινι
1656 3596 1735 3662 ἐξ-

147 3681 396 3751 ητάσΘαι
426 3682 529 3736 καὶ
559 3679 712 3733 δεινὰ
751 3680 1068 3733 πεπονθέναι
1090 3696 1104 3711 ⁸
1130 3681 1208 3732 διὸ
1251 3680 1448 3745 ταύτας
1490 3687 1734 3754 προσίετο

147 3771 252 3834 τὰς
277 3773 490 3841 φωνάς.
519 3773 634 3825 Καὶ
662 3773 720 3822 ὲν
744 3771 838 3839 μὲν
859 3769 934 3839 τῷ
952 3770 1088 3840 μετὰ
1115 3774 1298 3842 χεῖρας
1319 3771 1732 3846 ψαλμῷπροῖών

149 3877 292 3931 φησι
321 3879 336 3893 ⁸
377 3882 396 3913 ι
434 3863 595 3930 Πλὴν
630 3861 845 3929 μάταιοι
878 3862 927 3912 οἱ
960 3862 1066 3913 υἱοὶ
1103 3861 1207 3913 τῶν
1244 3861 1569 3932 ἀνθρώπων,
1596 3863 1729 3932 ψευ-

145 3948 266 4013 δεῖς
297 3950 405 4004 υἱοὶ
434 3949 553 4002 τῶν
581 3947 882 4018 ἀνθρώπων
911 3951 966 4002 ἐν
992 3948 1190 4016 ζυγοῖς,
1217 3948 1306 4002 τοῦ
1344 3950 1587 4021 ἀδικῆσαι
1631 3955 1728 4006 αὐ-

147 4042 238 4092 τοὶ
273 4045 343 4095 ὲκ
374 4041 750 4112 ματαιότητος
775 4040 866 4091 ἐπὶ
897 4040 956 4091 τὸ
984 4040 1112 4093 αὑτό
1133 4057 1148 4072 ⁸
1189 4060 1206 4091 ι
1240 4042 1332 4093 καὶ
1357 4043 1418 4098 ὲν,
1448 4043 1639 4111 ἐκείνῳ
1672 4043 1727 4094 δὲ

145 4129 365 4199 δμοίως
415 4132 648 4201 εἴρητο⁸
709 4148 726 4179 ι
763 4128 910 4198 Πλὴν
961 4128 1029 4180 τὰ
1088 4129 1370 4199 σύμπαντα
1419 4134 1724 4200 ματαιότης,

149 4221 270 4283 πᾶς
303 4221 598 4293 ἄνθρωπος
635 4219 742 4282 ζῶν
766 4239 782 4252 ⁸
815 4220 906 4271 καὶ
931 4219 1091 4271 πάλιν
1115 4234 1128 4247 ⁸
1170 4238 1187 4263 ο
1230 4220 1368 4289 Πλὴν
1406 4221 1576 4289 μάτην
1623 4225 1727 4284 tri;

138 4307 480 4377 ἄνθρωπος-⁸
543 4329 562 4360 ›
631 4309 774 4379 άπερ
805 4309 953 4361 οὐδὲν
991 4308 1054 4362 ἂν
1083 4309 1322 4379 διαφέροι
1363 4311 1483 4362 τοῦ·
1515 4331 1530 4360 ι
1586 4311 1726 4379 Πλὴν

126 4399 379 4466 μάταιοι
409 4405 464 4456 οἱ
494 4403 605 4455 υἱοὶ
631 4401 741 4453 τῶν
769 4399 1085 4469 ἀνθρώπων,
1116 4401 1265 4453 αὐτοὶ
1289 4403 1352 4452 ὲκ
1379 4402 1724 4469 ματαιότητος

115 4489 217 4540 ἐπὶ
254 4495 340 4547 τὸ
369 4492 536 4548 αὑτό.
580 4509 602 4542 ι
636 4491 757 4542 Ἔτι
787 4490 923 4558 πρὸς
954 4488 1158 4552 τούτοις
1195 4490 1250 4542 ἐν
1290 4488 1364 4558 τῷ
1412 4490 1490 4559 λη’
1545 4490 1722 4559 εὕροις

1841 4502 2026 4540 txxvm
2080 4487 2279 4540 dictum
2330 4485 2694 4554 deprehendas
2739 4503 2750 4538 :

107 4577 182 4632 ἄν
211 4582 555 4656 είρημένον
584 4579 649 4632 τό
669 4596 683 4609 ⁸
724 4596 743 4629 ι
775 4579 1036 4643 Μέντοιγε
1071 4578 1128 4631 ὲν
1159 4577 1322 4630 εἰκόνι
1352 4578 1720 4649 διαπορεύεται

107 4668 463 4742 ᾶνθμωπος.
526 4670 675 4740 Πλὴν
724 4668 899 4738 μάτην
951 4668 1319 4736 ταράσσονται.
1377 4669 1716 4740 Θησαυρίζει,

127 4759 236 4812 καλ.
265 4764 348 4814 οὺ
397 4760 666 4830 γινώσκει
714 4756 819 4808 τίνι
846 4755 1058 4819 συνάξει
1100 4756 1254 4808 αὑτά.
1294 4775 1311 4806 ι
1351 4756 1618 4824 Συμφωνα
1662 4756 1717 4808 δὲ

147 4847 368 4911 τοὺτοις
386 4849 475 4919 εἴη
504 4847 572 4899 ἂν
602 4845 698 4897 καὶ
731 4844 800 4896 τὰ
829 4842 966 4912 μετὰ
991 4844 1172 4910 χεῖρας
1209 4842 1469 4910 λεγόμενα
1512 4843 1569 4894 ἐν
1601 4843 1718 4895 τού-

147 4954 305 4998 τοις⁸
337 4957 352 4988 ι
382 4939 476 5009 Μὴ
527 4933 777 4996 ἐλπίζετε
819 4931 911 4983 ἐπὶ
949 4930 1174 4991 ἀδικίαν,
1216 4934 1306 4984 καὶ
1330 4933 1418 4984 ἐπὶ
1454 4931 1717 5000 ἅρπαγμα

151 5025 231 5095 μὴ
255 5028 566 5081 ἐπιποοεῖτε
589 5039 604 5053 ⁸
637 5020 868 5080 πλοῦτος
899 5018 992 5070 ἐὰν
1023 5019 1141 5089 ῥέῃ,
1177 5021 1251 5090 μὴ
1278 5018 1620 5090 προστίθεσθε
1650 5023 1712 5089 τῇ

147 5113 366 5180 καρδίᾳ.
397 5136 417 5166 ι
456 5112 574 5166 Καὶ
609 5111 674 5161 σὺ
701 5107 745 5159 δ’
779 5105 867 5166 ἂν,
912 5105 1004 5154 ἐπὶ
1050 5105 1235 5174 σχολῆς
1278 5107 1338 5156 ὲκ
1375 5104 1711 5174 παραλλήλου

146 5199 247 5260 τὰς
282 5200 338 5249 ἐν
356 5199 698 5272 ἀμφοτέροις
729 5196 845 5253 τοῖς
882 5189 1161 5258 δηλωθείσι
1191 5194 1417 5262 ψαλμοῖς
1457 5194 1706 5262 ἐγκειμέ-

148 5302 244 5346 νας
275 5286 432 5354 λέξεις
465 5283 746 5356 παραθεὶς
763 5280 1037 5348 ἀλλήλαις,
1063 5279 1236 5350 εὕροις
1262 5282 1324 5335 ἂν
1349 5283 1476 5351 μιᾶς
1494 5281 1584 5331 καὶ
1611 5282 1707 5349 τῆς

1838 3231 1960 3284 silui
1995 3246 2024 3282 a
2055 3231 2231 3292 bonis,
2254 3239 2307 3285 et
2331 3231 2486 3284 dolor
2531 3246 2681 3286 meus
2719 3238 3008 3285 renovatus
3038 3241 3119 3286 cst
3143 3233 3228 3295 ";
3270 3254 3288 3284 ι
3323 3245 3375 3288 et

1835 3335 2074 3382 rursum,
2113 3338 2131 3369 ι
2169 3320 2250 3373 Ab
2277 3319 2529 3373 omnibus
2561 3310 2934 3386 iniquitatibus
2957 3321 3092 3374 meis
3115 3336 3244 3374 erue
3267 3337 3370 3384 me.

1833 3409 2178 3478 opprobrium
2205 3410 2479 3479 insipienti
2512 3409 2708 3463 dedisti
2743 3424 2825 3462 me
2845 3409 2910 3462 ".
2948 3430 2966 3459 ι
2993 3411 3370 3466 Animadverte

1835 3514 2016 3568 porro.
2056 3515 2164 3568 quo
2198 3509 2352 3568 pacto
2384 3499 2439 3552 in
2480 3505 2707 3566 utroque
2737 3513 2796 3551 se
2825 3499 2878 3550 in
2911 3501 3206 3554 tentatione
3235 3515 3370 3554 cou-

1835 3590 2078 3644 stitutmn
2112 3599 2165 3645 et
2192 3590 2372 3659 gravia
2401 3604 2618 3658 passum
2652 3588 2915 3658 signiﬁcet
2943 3607 2956 3654 ;
2983 3605 3085 3658 qua
3113 3591 3178 3645 de
3206 3607 3369 3646 causa

1833 3680 1993 3735 hasce
2020 3681 2242 3748 protulit
2281 3693 2458 3733 voces.
2490 3677 2555 3730 Et
2601 3678 2654 3731 in
2699 3680 2945 3748 praesenti
2978 3679 3190 3749 quidem
3224 3683 3371 3750 psal-

1831 3786 1919 3823 mo
1973 3769 2224 3839 deinceps
2259 3771 2373 3824 ait:
2405 3787 2423 3820 ‹
2481 3767 2860 3823 Verumtamen
2895 3772 3016 3823 vani
3058 3771 3148 3824 ﬁlii
3196 3772 3369 3828 homi-

1831 3873 1981 3920 num,
2015 3859 2298 3911 mendaces
2329 3856 2420 3910 ﬁlii
2456 3857 2730 3911 hominum
2769 3858 2822 3909 in
2849 3859 3085 3921 stateris,
3135 3869 3192 3913 ut
3229 3861 3368 3928 inju-

1829 3947 1962 4000 riam
1999 3946 2196 4000 faciant.
2228 3948 2327 4016 ipsi
2357 3947 2422 4000 de
2461 3947 2695 4001 vanitate
2743 3946 2796 3998 in
2829 3947 3097 4013 idipsum:
3139 3968 3156 4000 ι
3194 3951 3245 4002 iu
3274 3952 3366 4003 illo

1828 4045 2004 4091 autem
2029 4037 2273 4092 similiter
2299 4036 2614 4092 dicebatur:
2656 4055 2674 4087 ι
2710 4035 3083 4090 Verumtamen
3115 4040 3364 4094 universa

1828 4128 2057 4190 vanitas,
2088 4130 2264 4182 omnis
2297 4129 2455 4182 homo
2481 4129 2664 4184 vivens
2684 4129 2728 4160 "
2757 4147 2770 4183 :
2814 4149 2831 4180 ι
2869 4144 2930 4181 ac
2959 4130 3171 4192 iterum,
3205 4149 3223 4180 ι
3262 4131 3363 4184 Ve-

1828 4224 2130 4270 rumtamen
2169 4233 2301 4270 vane
2355 4219 2530 4271 omnis
2579 4218 2736 4271 homo
2760 4220 2840 4282 '5;
2882 4237 2900 4269 ι
2957 4235 3075 4286 quae
3127 4220 3180 4271 in
3216 4221 3362 4274 nullo

1825 4307 2071 4361 dili‘erant
2098 4307 2166 4360 ab
2198 4308 2380 4360 hisce:
2427 4327 2443 4357 ι
2485 4306 2862 4362 Verumtamen
2892 4308 3010 4360 vani
3061 4308 3152 4360 lilii
3190 4309 3363 4362 immi-

1828 4412 1974 4457 num,
2014 4397 2115 4464 ipsi
2164 4413 2228 4449 ex
2267 4396 2502 4449 vanitate
2551 4397 2604 4448 in
2654 4395 2906 4464 idipsum.
2943 4413 2960 4445 ι
3013 4395 3093 4449 Ad
3143 4395 3254 4449 haec
3306 4398 3359 4450 in

2820 4503 2838 4535 ‹
2876 4484 3252 4541 Verumtamen
3308 4489 3359 4542 in

1827 4577 2055 4645 imagine
2087 4577 2374 4646 pertransit
2411 4577 2586 4630 homo.
2620 4575 2997 4630 Verumtamen
3047 4591 3182 4631 vane
3231 4594 3360 4631 con-

1827 4669 2130 4720 turbantur.
2163 4665 2532 4728 Thesaurizat,
2565 4674 2616 4718 et
2649 4665 2856 4734 ignorat
2885 4665 2969 4716 cui
3013 4667 3359 4734 congregabit

1823 4769 1886 4807 ea
1909 4755 1990 4819 ⁵⁶;
2030 4774 2048 4806 ι
2082 4755 2277 4822 quibus
2306 4769 2542 4808 consona
2591 4754 2790 4807 fuerint
2841 4753 2954 4806 hac
3001 4755 3056 4806 in
3104 4756 3355 4821 praesenti

1821 4843 1999 4896 dicta:
2039 4863 2057 4893 ε
2112 4843 2284 4897 Nolite
2338 4857 2552 4911 sperare
2605 4844 2656 4895 in
2686 4843 2985 4911 iniquitate,
3029 4852 3082 4897 et
3113 4846 3357 4912 rapinam

1822 4931 1992 4983 nolite
2033 4933 2418 4999 concupiscere
2445 4948 2457 4983 :
2489 4931 2688 4984 divitia:
2715 4932 2758 4982 si
2791 4929 3026 4992 atiluaut,
3059 4933 3223 4986 nolite
3259 4948 3356 4986 cor

1822 5031 2106 5084 apponere.
2147 5037 2166 5068 ›
2195 5017 2346 5082 Quod
2382 5019 2425 5070 si
2458 5024 2512 5069 tu
2549 5031 2642 5084 per
2668 5017 2835 5068 otium
2862 5016 3006 5070 dicta
3038 5018 3089 5071 in
3121 5026 3352 5088 utroque

1821 5107 2026 5175 psalmo
2055 5109 2227 5176 posita
2267 5109 2544 5160 adversum
2577 5105 2892 5165 contuleris.
2938 5107 3180 5160 eamdem
3230 5125 3352 5170 sne-

1815 5203 1961 5250 ctarc
2004 5197 2320 5250 sententiam
2367 5193 2755 5263 deprehendes.
2811 5192 2973 5246 David
3021 5194 3199 5264 itaque
3247 5199 3345 5266 ipsi

1812 5284 2038 5340 ldithum
2065 5287 2338 5339 accidente
2355 5283 2662 5342 tentatioue.
2682 5293 2734 5335 ct
2749 5282 2976 5338 fortasse
3006 5284 3181 5354 lapsu,
3211 5288 3348 5341 hanc

216 5433 265 5466 ”
304 5434 436 5495 Psal.
474 5448 716 5492 xxxvm,
757 5431 814 5490 2,
847 5428 903 5479 5.
979 5427 1021 5457 ³³
1053 5428 1178 5485 ἱωιί.
1216 5434 1269 5485 9.
1340 5434 1388 5463 “
1428 5431 1554 5483 ibid.
1586 5432 1635 5482 6.
1711 5435 1725 5463 ¹

1841 5436 1923 5491 ιίἀ.
1959 5436 2044 5492 ιε.
2123 5437 2168 5467 ιο
2204 5434 2332 5488 ibid.
2369 5432 2478 5486 7—9.
2552 5413 2556 5418 ’

224 5609 300 5676 (ί)
330 5615 459 5670 Post
488 5613 607 5664 haec
645 5602 904 5686 sequitur
943 5603 1208 5684 catalpgus
1238 5609 1516 5686 titulorum
1546 5605 1758 5686 Eusebii
1784 5611 1848 5686 Lin
1887 5614 2128 5686 umlegim
2171 5619 2462 5686 sequentes
2484 5612 2715 5686 psajmos
2763 5616 2861 5666 hoc
2897 5617 3026 5672 ritu.
3081 5590 3300 5686 Σξολξτιῖ
3322 5639 3341 5672 ι

153 5669 452 5746 ags-5,5,”
481 5682 565 5735 εἰς
592 5669 1221 5755 τοὺςᾼὺποτεταγμέινους
1249 5677 1623 5755 ψαλμοὺςη-είς
1655 5677 1746 5726 τὸν
1779 5678 1875 5740 ξω,
1918 5684 1972 5732 ἐν
2010 5675 2052 5746 ᾧ
2085 5681 2195 5730 ἐστὶ
2229 5669 2536 5729 διδασκαλία
2562 5679 2942 5753 (θεραπευτικὴ,
2985 5669 3037 5735 ut
3093 5669 3170 5740 sic
3199 5697 3295 5740 ttiL
3324 5689 3340 5740 ἱ

146 5738 418 5818 cujusque,
451 5757 638 5810 usqu
673 5738 740 5786 ad
779 5740 879 5795 σοι’,
901 5744 956 5783 ιη
984 5738 1125 5787 illllio
1156 5738 1286 5797 editi
1311 5738 1460 5803 sunt,
1486 5738 1794 5796 atteruntur.

410 5842 701 5898 Ρειτιιοι.
744 5826 863 5880 Gtt.
913 5823 1130 5885 ΧΧΙΗ.

2993 5837 3061 5893 [9
