3818 6350
188 434 298 486 589
1412 419 1844 474 COMMENTARI

1947 421 1982 472 Ν
2011 420 2342 476 PSALMOS.
3341 430 3469 502 seu

184 555 338 607 τοῖί,
407 519 735 591 εἰρημένοις
765 532 911 600 ἡμῖν
939 536 1020 599 εἰς
1057 536 1147 590 τὸν
1168 535 1268 609 λη’,
1298 543 1695 610 γραμματικπιῖς
1726 541 1844 592 ἀπο-

1954 539 2017 590 de
2043 555 2070 591 χ
2082 554 2244 591 mut
2272 546 2533 607 ageretur,
2547 537 2913 606 grammaticis
2929 538 3474 598 demonstrationibus

179 619 454 701 δείῷιεσι
489 621 977 692 παρεστήσαμεν.
1017 628 1174 682 Ἀλλὰ
1206 630 1296 681 καὶ
1326 630 1408 691 τίς
1432 626 1498 700 ἦν
1538 633 1565 682 6
1605 629 1844 698 Ἰδιθοίιμ1

1956 629 2129 681 allatis
2153 627 2554 696 descripsimus.
2588 623 2689 679 Sed
2715 627 2873 680 etiam
2900 632 3022 698 quis
3050 644 3191 687 esset
3219 633 3470 693 ldithum.

191 725 365 798 ‘§¢
390 702 662 774 πρότερον
700 709 761 760 ὲν
800 715 961 784 αὐτῷ
993 718 1180 788 ἐκείνῳ
1204 719 1590 788 δεδηλώκαμεν,
1630 721 1722 788 τὴν
1750 721 1844 772 ἀπέ

1949 717 2057 785 jam
2096 718 2279 771 eodem
2311 719 2362 771 in
2393 720 2598 788 psalmo
2623 719 3032 786 declaravimus,
3055 723 3212 776 allata
3245 725 3308 778 ad
3337 725 3474 779 hanc

223 795 378 863 ὢν
410 795 932 869 Παραλειπομένων
971 807 1204 877 ἱστορίαν
1237 809 1621 880 παραθέμενον
1671 809 1735 860 δι’
1788 805 1844 878 ἧς

1952 822 2061 859 rem
2112 805 2551 875 Paralipomenon
2607 807 2870 872 historia;
2927 822 3030 876 qua
3081 809 3474 866 demonstratur

243 886 552 948 ζδεὶκνυτο
583 882 664 950 εἷς
688 890 798 944 τῶν
830 893 1235 964 ὲκλελεγμένων
1257 900 1331 960 είς
1351 898 1409 949 τὸ
1437 901 1598 951 αἰνεῖν
1619 900 1705 951 τόν
1726 898 1853 950 Θεὸν

269 976 551 1050 γεγονὼς.
596 979 922 1050 Γέγραπται
969 985 1127 1052 γοῦν⁸
1170 1005 1187 1036 ι
1234 986 1339 1038 Καὶ
1388 988 1695 1040 κατέλειπον
1741 989 1854 1039 ἐκεῖ

276 1071 534 1123 ἐναντίον
549 1071 644 1139 τῆς
663 1071 901 1125 κιϐωτοῦ
929 1075 1028 1143 τῆς
1049 1075 1315 1146 Διαθήκης
1341 1079 1540 1147 Κυρίου
1565 1077 1653 1130 τὸν
1683 1077 1849 1146 Ἀσάφ

275 1163 385 1214 καὶ
413 1163 537 1224 τοὺς
559 1161 820 1229 ἀδελφοὺς
846 1165 1010 1217 αὑτοῦ
1030 1166 1365 1236 λειτουργοὺς
1392 1168 1622 1220 ἐναντίον
1642 1169 1736 1236 τῆς
1765 1185 1848 1219 κι-

268 1249 490 1302 6ωτοῦ.
521 1269 538 1299 ι
559 1251 670 1303 Καὶ
701 1249 826 1317 έξῆς
857 1252 1088 1321 εἴρηται·
1121 1272 1138 1302 ι
1165 1254 1335 1322 Αίμὰν
1360 1255 1452 1306 καὶ
1491 1255 1736 1324 Ἶδιθοὺμ,
1760 1256 1849 1307 καὶ

267 1340 328 1390 οἱ
361 1339 546 1390 λοιποὶ
568 1339 882 1407 ὲκλεγέντες
909 1344 993 1393 ἐπ’
1018 1343 1272 1412 ὀνόματος
1304 1345 1395 1396 τοῦ
1422 1347 1584 1396 αίνεῖν
1617 1345 1706 1397 τδν
1736 1345 1847 1396 Κύ-

266 1447 405 1500 ριον
428 1470 443 1493 ,
497 1431 584 1482 ὅτι
634 1433 714 1492 εἰς
755 1430 927 1484 αἰῶνα
959 1433 1019 1483 τὸ
1069 1433 1211 1495 ἔλεος
1238 1433 1428 1485 αὑτοῦ·
1473 1453 1490 1484 ι
1535 1435 1626 1486 καὶ
1653 1435 1807 1487 πάλιν
1831 1452 1842 1464 ·

268 1540 292 1570 ε
345 1521 492 1573 Μετ’
515 1520 701 1572 αὐτῶν
730 1521 907 1590 Λξμὰν
940 1522 1031 1573 καὶ
1069 1521 1314 1593 Ἰδιθοὺμ,
1344 1523 1632 1591 σάλπιγγές
1666 1542 1724 1576 τε
1754 1526 1845 1578 καὶ

260 1609 343 1661 κύ
356 1609 546 1677 μὸαλα
583 1607 680 1660 τοῦ
715 1610 1008 1675 ἀναφωνεῖν
1031 1648 1044 1671 ,
1070 1611 1160 1661 καὶ
1191 1610 1389 1679 ὄργανα
1429 1611 1534 1663 τῶν
1577 1611 1724 1681 ᾠδῶν
1754 1612 1845 1664 τού

257 1701 442 1762 Θεοῦ,
482 1700 598 1752 υἱοὶ
631 1698 867 1768 Ἰδιθοὺμ
895 1701 970 1762 εἰς
989 1701 1083 1769 τὴν
1113 1699 1280 1769 πύλην
1298 1715 1310 1728 ⁸
1339 1719 1357 1750 ›
1388 1701 1478 1753 καὶ
1494 1697 1643 1763 αὖθις
1663 1719 1675 1732 ο
1699 1721 1716 1750 ι
1740 1703 1846 1754 Καὶ

254 1789 516 1858 ἔστησεν
537 1789 568 1838 6
600 1786 854 1855 βασιλεὺς
883 1787 1040 1838 Δαυῒδ
1071 1788 1163 1839 καὶ
1200 1789 1247 1839 οἱ
1276 1787 1526 1858 ἄρχοντες
1562 1790 1657 1858 τῆς
1688 1790 1842 1842 δυνά-

1951 910 2069 946 eum
2103 910 2132 947 e
2162 909 2384 948 numero
2412 894 2733 947 delectorum
2771 895 2833 948 ad
2863 894 3026 949 Deum
3056 897 3300 952 laudibus
3333 902 3466 955 cele-

1951 981 2214 1034 brandum
2249 982 2435 1036 fuisse.
2491 982 2756 1050 Scriptum
2799 983 2976 1050 itaque
3005 992 3130 1038 est:
3184 1004 3201 1035 ι
3240 985 3304 1038 Et
3348 989 3468 1040 reli-

1949 1078 2179 1137 querunt
2216 1070 2286 1123 ibi
2317 1085 2492 1122 coram
2525 1085 2646 1124 arca
2693 1070 3020 1124 Testamenti
3052 1072 3254 1126 Domini
3293 1075 3472 1144 Asaph

1947 1167 2000 1210 et
2019 1159 2208 1213 fratres
2225 1161 2361 1227 ejus,
2379 1169 2433 1213 ut
2451 1161 2816 1215 ministrarent
2835 1162 2887 1214 in
2905 1175 3191 1231 conspectu
3211 1167 3424 1232 arae“;
3446 1184 3466 1218 ο

1947 1263 2009 1301 ac
2040 1249 2290 1316 deinceps
2316 1249 2510 1302 dicitur
2538 1269 2550 1302 :
2581 1268 2599 1299 ι
2637 1249 2830 1303 Ᾰῦῐηιιη
2855 1259 2908 1304 et
2941 1251 3164 1306 ldithum
3193 1262 3245 1308 et
3279 1255 3470 1324 reliqui

1947 1353 2010 1390 ex
2053 1339 2265 1391 nomine
2291 1337 2442 1390 electi
2491 1337 2558 1390 ad
2588 1339 2908 1392 laudandum
2963 1338 3284 1394 Dominum:
3339 1358 3473 1411 quo-

1947 1427 2086 1478 niam
2120 1428 2170 1480 in
2198 1437 2453 1482 aeternum
2487 1428 2852 1482 misericordia
2885 1428 3001 1495 ejus
3021 1428 3128 1494 ⁶⁸;›
3150 1444 3210 1482 ac
3226 1447 3468 1485 rursum:

1951 1535 1968 1563 ι
2007 1517 2137 1568 Cum
2170 1518 2300 1586 ipsis
2326 1517 2516 1572 Eman
2540 1525 2592 1571 et
2614 1516 2859 1577 ldithum,
2896 1517 3034 1570 tuba:
3058 1529 3108 1571 et
3137 1521 3374 1588 cymbala
3404 1522 3469 1575 ad

1946 1605 2285 1673 pulsandum,
2330 1614 2382 1659 et
2416 1608 2764 1659 instrumenta
2815 1606 3144 1658 canticorum
3201 1606 3331 1661 Dei:
3377 1611 3469 1663 lilii

1945 1692 2169 1746 ldithum
2213 1695 2264 1746 in
2307 1703 2456 1763 porta
2479 1696 2557 1760 ";
2591 1714 2608 1746 ι
2637 1709 2698 1746 ac
2733 1695 2923 1746 iterum
2952 1713 2963 1748 :
3004 1713 3024 1744 ‹
3061 1695 3124 1748 Et
3146 1698 3329 1750 statuit
3378 1713 3471 1753 rex

1948 1782 2108 1836 David
2151 1792 2204 1837 et
2247 1785 2514 1852 principes
2563 1785 2828 1838 exercitus
2874 1787 2939 1838 ad
2995 1786 3291 1840 ministeria
3336 1785 3474 1843 ﬁlios

257 1896 433 1948 μεως
465 1880 548 1940 εἰς
585 1877 654 1928 τὰ
681 1877 819 1947 ἔργα
839 1877 962 1938 τοὺς
994 1877 1136 1938 υίοίδς
1187 1877 1353 1944 Ἀσὰφ
1399 1879 1489 1930 καὶ
1521 1879 1713 1947 Ᾱίμᾶν,
1756 1878 1844 1930 καὶ

1946 1873 2118 1940 Asaph
2151 1880 2203 1925 et
2245 1872 2435 1926 Eman
2472 1882 2524 1927 et
2558 1873 2810 1934 ldithum,
2862 1876 3216 1929 vociferantes
3265 1877 3470 1946 Cinyra,

268 1967 558 2035 Ἰδιθοὺμ,
589 1969 720 2027 τοὺς
754 1965 1254 2034 ἀποφθεγγομένους
1305 1967 1360 2015 ὲν
1398 1965 1589 2035 κινύρᾳ
1652 1967 1740 2017 καὶ
1793 1969 1847 2016 έν

251 2057 514 2118 νάϐλαις
564 2057 663 2108 καὶ
711 2057 769 2108 ὲν
823 2056 1139 2123 τυμπάνοις.
1183 2073 1199 2104 ι
1259 2055 1399 2105 Ἀντὶ
1426 2055 1480 2105 δὲ
1505 2054 1628 2116 τοῦ,
1679 2073 1698 2101 ‹
1727 2055 1850 2116 τοὺς

250 2145 833 2214 ἀποφθεγγομένους,
867 2163 885 2193 ι
927 2145 953 2194 6
994 2145 1088 2212 μὲν
1132 2143 1390 2206 Ἀκύλας,
1432 2163 1450 2193 ‹
1493 2144 1598 2195 τῶν
1642 2161 1840 2213 προφη-

248 2236 419 2296 τῶν,
465 2254 484 2284 ι
523 2238 550 2287 6
594 2234 651 2286 δὲ
683 2233 972 2303 Σύμμαχος
999 2272 1013 2294 ,
1037 2251 1054 2281 ι
1096 2232 1199 2284 τῶν
1240 2233 1717 2302 προφητευσάντων
1755 2233 1841 2284 διὰ

248 2324 477 2393 λύρας,
502 2343 520 2373 ι
552 2323 834 2387 ἐξέδωκεν·
856 2321 991 2372 ὥστε
1021 2322 1294 2390 προφήτας
1317 2320 1418 2390 χρὴ
1434 2319 1665 2389 νομίζειν
1689 2338 1842 2388 γεγο-

249 2415 427 2468 νέναι
455 2415 588 2475 τοὺς
601 2411 978 2481 δηλουμένους.
997 2412 1102 2462 Καὶ
1123 2407 1272 2474 αὖθις
1289 2411 1410 2477 ἑξῆς
1431 2411 1636 2481 εἴρηται
1650 2411 1725 2480 τῷ
1741 2412 1847 2462 Ἰδι.

253 2503 444 2571 Θούμο
467 2519 490 2552 ι
517 2501 640 2552 Υἱοὶ
669 2498 920 2567 Ἰδιθοὺμ,
948 2496 1216 2559 Γοδολείας
1241 2500 1330 2550 καὶ⁸
1347 2499 1530 2568 Σουρεὶ
1547 2499 1844 2562 καὶΑξείας,

252 2592 373 2644 καὶ
395 2590 649 2651 Σεδείας,
669 2587 766 2640 καὶ
781 2585 1024 2648 Ματθίας
1045 2625 1058 2648 ,
1087 2585 1146 2649 ἒξ
1180 2585 1313 2656 μετὰ
1338 2590 1425 2638 τὸν
1449 2588 1653 2657 πατέρα
1676 2589 1847 2640 αὐτῶν

270 2679 536 2748 Ἶδιθοὺμ
571 2680 630 2729 ὲν
662 2676 908 2744 κινύραις
935 2675 1364 2744 ἁνακρουόμενοι.
1400 2693 1418 2725 ι
1467 2677 1607 2728 Ἀντὶ
1647 2677 1701 2727 δὲ
1731 2677 1844 2739 τοῦ,

261 2786 287 2818 ι
334 2771 400 2821 ὲν
441 2767 709 2838 κινύραις
742 2766 1190 2835 ἀνακρουόμενοι,
1230 2784 1247 2814 ι
1305 2764 1460 2817 πάλιν
1511 2768 1539 2817 6
1591 2766 1844 2829 Ἀκύλας,

260 2877 284 2908 ι
322 2858 546 2928 κιθάρᾳ
583 2855 938 2926 προφητεύων
962 2872 976 2884 ο
1008 2873 1025 2904 ι
1065 2856 1091 2906 6
1123 2853 1177 2905 δὲ
1209 2853 1512 2923 Σύμμαχος,
1542 2873 1559 2904 ι
1581 2854 1666 2906 διὰ
1683 2855 1846 2925 λύρας

251 2947 367 3000 τοῦ
393 2945 870 3017 προφητεύοντος,
915 2964 932 2994 9
964 2943 1235 3008 ἐξέδωκεν.
1287 2944 1488 2995 Οὐκοῦν
1533 2945 1623 2997 καὶ
1653 2947 1680 2996 6
1729 2945 1845 2997 Ἰδι-

252 3036 420 3106 οοὺμ
451 3031 542 3097 εἷς
570 3031 642 3104 ἦν
665 3033 772 3086 τῶν
805 3033 1242 3103 προφητευόντων
1269 3032 1356 3084 διὰ
1385 3033 1549 3103 λύρας
1573 3049 1585 3062 ·
1637 3033 1713 3086 διδ
1754 3033 1845 3085 καὶ

251 3126 510 3187 εἰκότως
562 3122 711 3174 εἴποι
741 3122 804 3173 ἄν
836 3138 935 3182 τις,
981 3120 1222 3173 ἐντεῦθεν
1265 3121 1606 3191 ὁρμώμενος.
1647 3123 1716 3192 μὴ
1754 3123 1842 3175 τὸν

248 3216 442 3269 Δαυῖδ
477 3211 747 3274 συντάξαι
784 3211 873 3262 τὸν
895 3211 1122 3279 ψαλμὶν,
1159 3211 1249 3263 καὶ
1273 3211 1554 3264 δεδωκέναι
1602 3212 1678 3280 τῷ
1722 3213 1838 3264 Ἰδι-

251 3304 438 3374 Θοὺμ,
481 3303 627 3373 μηδὲ
652 3302 744 3353 τὸν
797 3299 1024 3369 ἰδιθοὺμ
1051 3301 1491 3353 ὑποπεπτωκέναι
1534 3301 1610 3370 τῷ
1653 3318 1837 3371 πειρα-

250 3396 422 3466 σμῷ,
460 3396 562 3446 καὶ
598 3392 890 3462 Θεραπείας
921 3391 1191 3460 δεδεῆσθαι
1214 3391 1309 3460 τῆς
1346 3392 1490 3463 παρὰ
1525 3392 1613 3445 τοῦ
1660 3392 1834 3444 Δαυῖδ.

247 3482 428 3552 λιηδὲ
451 3481 570 3552 γὰρ
600 3479 697 3548 τὴν
725 3479 941 3548 Γραφὴν
968 3477 1205 3530 ύπαίτιόν
1237 3494 1338 3530 που
1366 3478 1453 3530 τὸν
1481 3477 1706 3547 Ίδιθοὺμ
1732 3481 1840 3530 είσ-

249 3574 476 3639 άγειν·
535 3567 655 3620 ἀλλ’
703 3565 934 3634 ἔμπαλιν
977 3565 1170 3634 μᾶλλον
1232 3565 1321 3616 τὸν
1371 3563 1529 3617 Δαυῒδ
1560 3563 1840 3636 πειρασμῷ

244 3657 774 3732 περιπεπτωκέναι
801 3656 1087 3708 διδάσκειν.
1128 3655 1216 3707 Διὸ
1261 3656 1352 3708 καὶ
1395 3655 1558 3723 φῆσαι
1593 3655 1657 3708 ἂν
1705 3657 1841 3709 είκό-

243 3765 403 3812 τως,
437 3747 735 3818 προφήτην
757 3744 882 3796 ὅντα
919 3743 1008 3795 τὸν
1048 3743 1295 3812 ἰδιθοὺμ,
1341 3744 1463 3806 τοὺς
1499 3744 1556 3795 ὲν
1611 3745 1841 3814 ἀμφοτέ-

249 3855 392 3908 ροις
441 3839 560 3897 τοῖς
601 3833 989 3902 προδηλωθεῖσι
1025 3833 1252 3904 ψαλμοῖς
1304 3833 1492 3900 λόγους
1545 3833 1836 3898 συντάξαι,

243 3927 369 3978 καὶ
415 3922 500 3991 τῷ
551 3919 719 3972 Δαυῖδ
749 3919 1195 3989 παραδεδωκέναι,
1239 3921 1312 3984 ὡς
1345 3919 1409 3973 ἂν
1453 3921 1706 3989 ὠφελοῖτο
1748 3922 1840 3973 καὶ

246 4009 648 4082 θεραπεύοιτο
681 4006 742 4071 ἐξ
768 4007 945 4060 αὐτῶν
990 4010 1079 4060 ἐπὶ
1124 4013 1234 4072 τοῖς
1275 4010 1418 4079 αὐτῷ
1457 4010 1835 4081 συμϐεϐηκόσι.

245 4103 439 4156 Δοκεῖ
470 4099 530 4152 δέ
565 4115 686 4160 πως
711 4097 880 4168 ταύτῃ
922 4101 986 4168 τῇ
1013 4098 1215 4168 διανοίᾳ
1267 4099 1655 4168 συμϐάλλεσθαι
1693 4101 1783 4152 καὶ⁷
1810 4100 1838 4150 6

244 4193 602 4262 Σύμμαχος,
654 4191 752 4258 τὴν
795 4187 1110 4259 προγραφὴν
1148 4188 1328 4241 τοῦτον
1377 4189 1707 4260 ἑρμηνεύσας
1749 4189 1839 4243 τὸν

246 4279 516 4348 τρόπον’
558 4295 578 4326 ι
627 4276 919 4336 Ἐπινίκιος
956 4274 1040 4326 διὰ
1087 4273 1310 4345 Ἰδιθοὺμ
1335 4276 1442 4346 ᾠδὴ
1471 4278 1548 4338 είς
1596 4277 1773 4330 Δαυῖδ.
1814 4295 1834 4329 ι

249 4369 387 4420 Καὶ
426 4369 648 4437 μήποτε
679 4365 816 4433 μετὰ
839 4365 902 4415 τὸ
926 4365 1143 4434 σφάλμα
1163 4367 1221 4418 τὸ
1259 4365 1559 4436 έπισυμϐὰν
1584 4367 1658 4435 τῷ
1683 4365 1840 4419 Δαυῒδ

1947 1963 2120 2016 nahlis
2149 1971 2199 2016 et
2239 1965 2496 2032 cymbalis
2521 1965 2583 2016 ⁸⁸.
2629 1984 2647 2015 ι
2681 1965 2785 2016 Pro
2834 1965 2925 2017 illo
2960 1974 3156 2025 autem,
3195 1985 3212 2015 ι
3267 1967 3470 2023 vocife-

1947 2063 2151 2115 rantes,
2190 2071 2208 2103 ι
2246 2053 2456 2120 Aquila,
2493 2071 2511 2102 ι
2550 2057 2854 2122 prophetas.
2893 2073 2912 2105 ι
2946 2053 3294 2124 Symmachus
3321 2071 3469 2122 vero,

1951 2160 1968 2191 ι
2011 2143 2386 2210 prophetantes
2415 2144 2549 2212 lyra,
2587 2161 2604 2193 ι
2640 2145 2962 2208 ediderunt;
3001 2146 3067 2195 ita
3095 2152 3150 2197 ut
3191 2147 3469 2201 memorati

1945 2232 2044 2284 viri
2096 2235 2362 2300 prophetae
2399 2233 2679 2301 reputandi
2733 2234 2858 2285 sint.
2912 2231 3252 2302 Rursumque
3300 2235 3470 2292 fertur

1947 2321 2009 2370 de
2046 2317 2272 2372 ldithum
2304 2339 2315 2372 :
2344 2339 2361 2370 ι
2389 2319 2506 2373 Filii
2538 2319 2787 2382 ldithum,
2819 2322 3089 2384 Godolias,
3133 2322 3276 2385 Suri,
3303 2324 3467 2380 Αἴθη

1947 2403 2145 2459 Sedeas
2175 2417 2226 2460 et
2248 2407 2512 2471 Matthias,
2549 2424 2638 2461 sex
2663 2415 2781 2477 post
2809 2416 3009 2476 patrem
3041 2426 3194 2464 suum
3219 2413 3465 2477 ldithum,

1944 2495 2142 2563 cinyris
2170 2505 2575 2564 concrepantes.
2626 2516 2643 2547 ι
2677 2495 2779 2549 Pro
2829 2497 2920 2548 illo
2961 2507 3156 2564 autem,
3203 2518 3221 2548 ι
3270 2500 3468 2570 cinyris

1944 2594 2346 2654 concrepantes,
2387 2605 2405 2637 ι
2444 2587 2633 2654 Aquila
2663 2602 2898 2652 rursum,
2930 2607 2947 2638 ι
2993 2589 3194 2640 cithara
3240 2593 3468 2659 prophe-

1942 2680 2099 2736 tans;
2155 2693 2172 2724 ι
2227 2674 2575 2744 Symmachus
2624 2689 2769 2737 vero,
2810 2694 2827 2726 ‹
2881 2678 2989 2746 lyra
3023 2679 3406 2747 prephetantis,
3444 2698 3462 2732 ι

1942 2760 2129 2813 edidit.
2158 2760 2383 2814 ldithum
2428 2778 2556 2831 ergo
2585 2779 2614 2816 e
2642 2779 2864 2817 numero
2899 2766 3323 2833 prophetanlium
3357 2769 3466 2839 lyra

1945 2850 2080 2916 fuit;
2131 2854 2475 2920 quamobrem
2527 2855 2646 2922 jure
2695 2855 2852 2923 quis,
2911 2857 3035 2909 hinc
3096 2869 3465 2926 argumentum

1942 2949 2238 3003 mutuatus,
2273 2942 2486 3005 dixerit,
2516 2943 2765 2998 Davidcm
2800 2960 2898 2999 nec
2930 2948 3294 3016 composuisse
3323 2950 3467 3018 psal-

1942 3045 2106 3091 mum,
2137 3046 2236 3084 nec
2265 3031 2364 3100 ipsi
2405 3031 2631 3085 ldithum
2667 3035 2988 3089 tradidisse:
3026 3051 3198 3105 neque
3238 3036 3465 3091 ldithum

1942 3119 1994 3172 in
2026 3120 2368 3175 tentationem
2401 3121 2696 3190 delapsum,
2728 3131 2785 3177 ut
2817 3127 3071 3179 medelam
3106 3141 3134 3178 a
3157 3126 3352 3180 Davide
3379 3143 3468 3180 ac-

1941 3208 2140 3276 ciperet
2211 3224 2346 3277 opus
2410 3210 2681 3266 habuisse.
2736 3212 2916 3282 Neque
2977 3216 3117 3268 enim
3191 3215 3464 3284 Scriptura

1941 3297 2148 3363 uspiam
2188 3298 2359 3365 ipsum
2395 3298 2623 3351 ldithum
2659 3315 2807 3352 reum
2860 3302 3100 3368 inducit;
3150 3303 3257 3356 imo
3290 3306 3466 3372 potius
3519 3325 3530 3364 ζ

1943 3384 2191 3438 Davidem
2242 3387 2294 3439 in
2323 3389 2669 3442 tentationem
2708 3391 2910 3459 lapsum
2941 3407 3059 3444 esse
3086 3391 3259 3446 docet.
3292 3393 3466 3458 Quare

1943 3486 2296 3545 congruenter
2325 3480 2554 3538 dicatur,
2588 3481 2759 3548 ipsum
2810 3479 3063 3542 ldithum,
3112 3489 3294 3551 utpote
3339 3499 3464 3552 pro-

1941 3565 2172 3631 phetam,
2203 3576 2524 3622 memoratos
2561 3569 2696 3622 duos
2729 3571 2961 3638 psalmos
2992 3573 3376 3639 composuisse.
3412 3583 3464 3626 et

1942 3651 2123 3705 Davidi
2151 3654 2455 3717 tradidisse,
2488 3665 2544 3708 ut
2572 3673 2635 3710 ex
2664 3658 2732 3711 iis
2764 3660 3041 3713 utilitatem
3082 3675 3141 3712 ac
3172 3662 3462 3716 remedium

1943 3742 1996 3794 in
2031 3744 2397 3798 accidentibus
2428 3745 2580 3800 malis
2614 3748 2928 3815 perciperet.
2962 3747 3094 3801 lluic
3137 3765 3295 3816 porro
3347 3767 3467 3806 sen-

1941 3831 2120 3883 tentia:
2156 3832 2398 3886 conferre
2443 3833 2792 3903 Symmachus
2845 3837 3075 3897 videtur,
3125 3840 3216 3907 qui
3255 3841 3463 3894 titulum

1941 3921 2040 3973 hac
2067 3922 2271 3976 ratione
2314 3924 2689 3992 interpretatus
2735 3934 2856 3980 est:
2915 3944 2935 3976 ι
2995 3906 3340 3998 Τνὶιιιιιριιιιιθ
3375 3946 3468 4000 per

1941 4007 2193 4071 ldithum,
2237 4013 2502 4066 canticum
2555 4015 2608 4067 in
2645 4014 2915 4068 Davidem.
2957 4035 2975 4066 ι
3007 4015 3140 4070 Num
3185 4020 3319 4071 forte
3347 4027 3466 4087 post

1942 4100 2390 4169 lapsumiDavidis
2416 4118 2540 4171 erga
2589 4103 2727 4158 Uria;
2771 4121 3012 4166 uxorem,
3059 4121 3179 4158 cum
3228 4108 3462 4160 nonduin

1941 4197 2122 4255 posset
2151 4191 2382 4258 pristino
2413 4207 2560 4246 more
2608 4195 2945 4261 prophetare,
2980 4195 3263 4263 multaeque
3294 4204 3466 4249 tenta-

1941 4279 2136 4340 tiones,
2156 4281 2590 4349 calamitatesque
2607 4280 2909 4349 frequentes
2931 4283 3210 4344 instarent,
3237 4281 3464 4335 ldithum

1943 4366 2143 4436 Spiritu
2189 4377 2378 4421 sancto
2411 4347 2616 4423 amatus
2647 4347 2743 4422 hos
2781 4371 2847 4422 ab
2895 4385 2953 4421 se
2981 4372 3304 4438 compositos
3352 4387 3465 4425 ser-

250 4457 366 4509 ἐπὶ
387 4459 455 4525 τῇ
481 4454 581 4507 τοῦ
607 4454 805 4523 Οὐρίου
832 4454 1067 4519 γυναικὶ,
1096 4455 1284 4524 μηκέτι
1306 4457 1413 4508 οῖου
1436 4473 1494 4508 τε
1521 4455 1681 4508 αὐτού
1704 4456 1841 4508 κατὰ

1946 4472 2149 4517 mones,
2177 4458 2327 4526 quasi
2366 4459 2599 4512 remedia
2642 4457 2707 4509 ad
2741 4456 2999 4510 medelam
3036 4459 3226 4511 anima:
3257 4467 3462 4527 parata.

248 4545 330 4596 τὸ
359 4544 597 4596 παλαιὸν
633 4542 1011 4612 προφητεύειν,
1041 4543 1242 4596 πολλῶν
1278 4545 1332 4598 δὲ
1370 4546 1682 4616 πειρασμῶν
1709 4546 1844 4599 ὲπα-

1946 4547 2042 4615 ipsi
2066 4547 2305 4605 tradidit.
2335 4555 2392 4600 ut
2420 4563 2604 4600 eorum
2628 4545 2869 4599 doctrina
2901 4547 3148 4600 solatium
3174 4547 3468 4616 acciperet?
3492 4547 3495 4549 ’

252 4632 627 4701 νισταμένων
662 4630 812 4699 αὐτῷ
837 4631 927 4682 καὶ
957 4632 1239 4702 συμφορῶν
1275 4634 1580 4704 ἐπαλλήλων
1601 4673 1615 4696 ,
1659 4636 1688 4686 6
1733 4636 1844 4687 Ἰδι-

1946 4633 2083 4689 Sane
2108 4651 2226 4688 cum
2257 4636 2320 4688 ad
2352 4651 2585 4705 prmsens
2611 4645 2977 4702 argumentum
3009 4635 3143 4689 duas
3173 4634 3466 4688 sententias

253 4719 433 4790 Θοὺμ,
490 4718 782 4787 Πνεύματι
826 4717 966 4785 ἁγίῳ
997 4719 1250 4784 συντάξας
1289 4722 1414 4784 τοὺς
1456 4724 1837 4792 προκειμένους

1946 4726 2232 4794 legentibus
2264 4725 2597 4778 attulerimus
2625 4762 2639 4786 ,
2677 4731 2850 4776 utram
2885 4725 3048 4778 velint
3077 4725 3343 4792 amplecti,
3374 4739 3468 4792 per

252 4805 485 4875 λόγους,
532 4807 729 4876 ὥσπερ
780 4807 906 4857 τινὰ
942 4805 1200 4875 φάρμακα
1257 4811 1432 4881 ψυχῆς
1479 4812 1840 4884 Θεραπευτικὰ

1946 4830 2036 4867 nos
2074 4815 2269 4867 licebit.

257 4898 585 4950 ἐπιδίδωσιν
632 4895 817 4962 αὐτῷ,
847 4895 929 4954 εἷς
959 4896 1016 4947 τὸ
1046 4902 1473 4970 παραμυθεῖσθαι
1526 4905 1589 4956 ἐκ
1630 4903 1727 4972 τῆς
1775 4907 1832 4957 ὲν
1869 4905 2044 4967 αὐτοῖς
2081 4904 2452 4967 διδασκαλία;;
2490 4905 2596 4955 Καὶ
2636 4901 2698 4973 δὴ
2738 4902 2884 4954 δυσὶν
2942 4900 3183 4970 ἐκδοχαῖς
3249 4899 3468 4953 ἐπιϐάλ-

253 4983 447 5049 λοντες
482 4989 569 5048 είς
598 4986 665 5036 τὰ
693 4984 1035 5052 προκείμενα
1079 4992 1190 5052 τοῖς
1239 4995 1640 5062 ἐντυγχάνουσι,
1684 4995 1908 5067 θατέρας
1929 4997 2102 5051 αὐτῶν
2126 4997 2220 5065 τὴν
2253 4998 2455 5066 αἵρεσιν
2483 4997 2889 5066 καταλείψομεν.
2979 5013 2982 5016 ‘

335 5117 354 5148 α
370 5100 512 5159 Ἕως
538 5095 675 5146 πάι-ε
695 5092 1010 5148 ἐπιτίθεσθε
1027 5100 1110 5150 ἐπ’
1131 5101 1434 5173 ἄνθρωπον,
1452 5106 1695 5173 φονεύετε
1711 5108 1841 5160 πάν-

243 5197 340 5242 τες
355 5186 515 5256 ὑμεῖς
539 5198 556 5243 ;
579 5181 664 5239 ὡς
678 5179 861 5244 τοίχῳ
882 5185 1180 5257 κεκλιμένῳ
1201 5192 1294 5243 καλ⁸
1314 5193 1544 5262 φραγμῷ
1563 5195 1803 5264 ὠσμένῳ,
1819 5215 1836 5245 ι

259 5268 529 5343 Έμφαίνει
557 5266 655 5318 διὰ
692 5265 914 5316 τούτων
941 5271 1009 5340 μὴ
1037 5273 1139 5327 ἕνα
1182 5281 1345 5346 μόνον
1384 5284 1675 5350 πειρασμὸν
1715 5285 1842 5336 ὑπο-

221 5353 666 5444 μξμενηκέναιμό
702 5351 1046 5444 ύαυτδςημηογ
1073 5363 1292 5437 ὥσπερ
1319 5369 1440 5437 μίαν
1467 5371 1674 5440 πληγὴν
1707 5373 1842 5444 εἱλη-

212 5435 346 5507 φέναι
392 5447 512 5503 ὑπὸ
542 5440 668 5492 τῶν
697 5438 1042 5530 άντιπάλων·
1077 5453 1175 5516 ὡς
1201 5435 1270 5508 δὲ
1301 5435 1389 5508 έπὶ
1433 5435 1642 5526 μακρῷ⁷
1669 5435 1839 5530 χρόνῲ

187 5533 558 5613 τυῒζτόμενο-ἶ,
611 5524 723 5575 καὶ
757 5535 1034 5600 καρτερῶς
1077 5541 1400 5612 ὑπομένων
1437 5524 1556 5608 τὰς-
1582 5524 1842 5618 ἐπαξομέ-

2013 5108 2174 5164 Vens.
2211 5110 2262 5171 4,
2294 5110 2346 5162 5.
2385 5128 2403 5159 ι
2442 5108 2730 5176 Quousque
2755 5109 2959 5161 irruitis
2987 5107 3039 5158 in
3070 5108 3360 5170 hominem,
3388 5109 3472 5160 in-

1945 5200 2190 5253 terficitis
2228 5200 2460 5252 universi
2503 5213 2598 5251 vos
2623 5235 2638 5260 ,
2673 5207 2924 5267 tanquam
2974 5200 3162 5265 parieti
3212 5200 3471 5253 inclinato

1942 5298 1994 5342 et
2031 5289 2274 5341 maceria:
2303 5288 2551 5355 depulsae.
2605 5304 2624 5336 ›
2657 5285 2748 5341 His
2794 5287 3028 5340 declarat
3070 5286 3232 5340 David
3267 5303 3324 5341 se
3362 5303 3467 5342 non

1943 5391 2101 5428 unam
2133 5390 2440 5444 perpessum
2493 5375 2857 5433 tentationem.
2898 5389 3070 5443 neque
3121 5392 3228 5431 uno
3274 5378 3341 5430 ab
3370 5377 3465 5430 ad-

1941 5464 2192 5516 versariis
2240 5465 2381 5517 velut
2410 5467 2628 5516 vulnere
2677 5462 3026 5524 confossum,
3077 5466 3170 5518 sed
3216 5466 3468 5519 diuturno

1941 5559 2176 5619 tempore
2208 5565 2520 5619 percussum
2547 5591 2562 5614 ,
2601 5565 2663 5605 ac
2710 5553 2939 5606 inflictas
2987 5555 3170 5624 plagas
3207 5566 3470 5624 patienter

214 5682 269 5734 ε.
305 5676 587 5750 [ParaL
636 5683 788 5732 xw,
829 5673 918 5729 37.
986 5685 1027 5715 σε
1071 5690 1254 5744 ibid.
1289 5695 1374 5748 tt.
1449 5690 1642 5748 “ibid.
1673 5697 1760 5752 42.
1835 5702 1844 5730 ε

1962 5700 2130 5752 l’aral.
2168 5715 2285 5760 xxv,
2322 5699 2370 5752 L
