3818 6378
494 413 581 464 '39l
1169 414 1249 466 Εὐ
1262 407 1425 462 εειιιι
1464 403 1928 458 (IA'ZSARIENSIS
1966 404 2025 456 ()l

2157 404 2330 457 PARS
2364 400 2446 454 ιιι.
2489 432 2553 438 -
2592 398 2994 453 EXEGETICA.
3385 364 3387 367 ’
3422 392 3493 445 ιιι

491 528 783 588 ferentem,
854 529 1115 580 caedentes
1179 524 1371 575 talibus
1433 521 1586 571 dictis
1653 518 2004 585 compellare:

2124 534 2201 578 aa;
2234 515 2379 582 αὐτῷ
2409 513 2633 580 πληγὰς,
2679 511 2904 577 φάσκειν
2945 508 3045 568 τοῖς
3085 504 3326 556 τύπτωσιν·
3355 519 3369 550 ι
3403 501 3500 563 Ἕως

494 634 510 665 ι
550 615 839 683 Quousque
866 614 1069 667 irruitis
1093 614 1142 664 in
1170 611 1433 663 hominem
1462 610 1483 658 ?
1514 626 1531 656 ι
1559 606 1688 666 sive,
1716 604 2005 657 secundum

489 705 754 772 Aquilam,
792 722 809 751 ι
847 703 1131 768 Quousque
1160 696 1518 751 iiisidiainini?
1541 716 1558 746 ι
1584 695 1684 755 vel,
1720 695 2007 747 secundum

490 795 885 865 Symmachum,
926 812 941 841 ι
983 790 1270 857 Quousque
1299 790 1351 840 in
1378 802 1568 838 vanum
1599 785 1951 838 laborabitis?
1986 805 2001 835 ι

489 883 686 934 Ιεᾳχίιιιιε
720 881 1088 933 insidiatorum
1135 891 1363 945 arguens
1413 876 1763 943 propositum,
1801 873 1959 926 infert
1992 891 2004 924 :

492 992 507 1022 ι
565 970 868 1023 lnterﬁcitis
910 968 1143 1022 universi
1200 983 1314 1022 vos.
1377 986 1394 1018 ι
1450 966 1755 1030 llomicidae,
1817 965 2006 1032 inquit,

486 1062 614 1114 estis
647 1081 658 1114 :
696 1076 866 1129 neque
901 1067 1087 1113 contra
1117 1058 1366 1111 athletam
1402 1058 1553 1126 quasi
1592 1056 1880 1110 adversarii
1903 1065 2009 1108 sta-

488 1152 674 1203 tariam
721 1163 952 1219 pugnam
1018 1149 1086 1201 ad
1142 1147 1574 1202 exercitationem
1644 1144 2005 1206 committitis;

487 1241 576 1292 sed
617 1240 893 1294 occidendi
926 1238 1103 1293 studio
1137 1238 1190 1290 in
1234 1253 1318 1290 me
1366 1236 1590 1297 irruitis,
1626 1241 1764 1289 etut
1815 1234 2012 1287 auxilio

488 1346 731 1396 vacuum,
778 1338 834 1382 ut
868 1342 1078 1380 murum
1124 1327 1231 1394 j-mu
1279 1325 1586 1378 inclinatum
1631 1331 1685 1377 et
1733 1322 2013 1375 maceriem

486 1424 783 1492 depulsam,
813 1418 1181 1489 aggredimini.
1205 1417 1336 1469 Nam
1371 1417 1522 1485 quasi
1547 1415 1757 1468 nemine
1784 1414 2015 1466 circum-

486 1514 715 1565 vallante
743 1522 833 1563 aut
879 1510 1173 1573 muniente,
1222 1508 1557 1574 animamque
1587 1520 1755 1559 meam
1787 1510 2013 1568 tutante,

487 1605 559 1657 ita
596 1606 820 1657 irruitis.
855 1602 1146 1670 Quousque
1178 1600 1340 1669 igitur
1366 1599 1477 1651 hare
1498 1597 1693 1651 frustra
1722 1595 2013 1657 tentabitis,

488 1710 660 1762 neque
685 1692 988 1755 cessabitis,
1023 1692 1251 1745 scientes
1283 1688 1553 1742 invenisse
1583 1702 1667 1740 me
1690 1685 2013 1753 praesidium,

489 1782 767 1836 custodem
826 1796 887 1834 ac
947 1779 1317 1835 servatorem?
1367 1776 1539 1841 Quare
1596 1775 1815 1829 ﬁdenter
1861 1774 2014 1826 dixi:

2112 606 2239 657 πότε
2264 601 2560 655 ἐπιτίθεσθε
2588 601 2671 651 ἐπ’
2697 598 3011 668 ἄνθρωπον;
3050 616 3064 645 ι
3092 596 3118 662 ἦ
3146 594 3254 646 κατὰ
3282 591 3347 643 τὸν
3393 591 3503 642 Ἀκύ-

2110 695 2230 747 λαν·
2259 711 2275 742 ι
2309 694 2447 755 Ἕως
2484 692 2623 752 τίνος
2649 687 3017 740 ἐπιϐουλεύετε
3041 702 3052 749 ;
3079 704 3093 735 ι
3128 682 3287 753 ἢκστὰ
3319 681 3388 733 τὸν
3414 681 3515 750 Σύμ-

2115 801 2278 851 μαχον
2301 800 2313 811 ·
2340 783 2510 841 ι”Εως
2536 779 2676 839 τίνος
2707 775 3137 845 ματαιοπονήσετε
3156 789 3193 835 ;›
3218 766 3322 821 Εἶτα
3347 769 3416 839 τὴν
3433 785 3517 839 προ-

2112 875 2316 943 αίρεσιν
2353 870 2456 923 τῶν
2485 866 2937 920 ἐπιϐουλευόντων
2986 861 3110 931 αύτῷ
3142 859 3373 928 διελέγχων
3403 859 3525 927 φησί’

2119 981 2135 1011 ‹
2168 960 2415 1012 Φονεύετε
2448 958 2645 1017 πάντες
2668 955 2843 1022 ὑμεῖς.
2881 973 2899 1003 ι
2931 951 3158 1004 Φονευταὶ
3174 950 3262 1019 γάρ
3279 951 3391 1009 ἐστε,
3421 946 3527 1014 φησί’

2114 1052 2205 1103 καὶ
2235 1052 2331 1119 οὐχ
2362 1051 2546 1121 ὥσπερ
2568 1048 2965 1116 ἀνταγωνισταὶ
2992 1044 3106 1112 πρὸς
3127 1039 3318 1110 ἀθλητὴν
3332 1038 3541 1108 ἱστάμενοι

2119 1141 2273 1210 μέχρι
2304 1139 2597 1209 γυμνασίου
2628 1138 2897 1191 ποιεῖσθαι
2914 1138 3013 1208 τὴν
3035 1132 3229 1203 ἅμιλλαν
3245 1147 3257 1160 ⁶
3277 1130 3385 1182 ἀλλὰ
3403 1131 3542 1219 pomi}

2116 1230 2426 1299 προαιρέσει
2456 1228 2757 1281 ἐπιτίθεσθέ
2786 1245 2896 1297 μοι,
2930 1227 3021 1278 καὶ
3053 1220 3309 1276 ἐπιτίθεσθε
3332 1219 3394 1281 ὼς
3430 1219 3552 1288 ἀϐοη-

2117 1320 2276 1388 θήτῳ,
2314 1319 2403 1369 καὶ
2425 1318 2499 1379 ὠς
2532 1318 2627 1387 ἤδη
2662 1317 2972 1386 κεκλιμένῳ
2998 1314 3139 1382 τοίχῳ
3166 1312 3245 1364 καὶ
3293 1308 3485 1380 φραγμῷ
3507 1308 3557 1358 ὠ-

2119 1408 2313 1477 σμένῳ.
2355 1406 2439 1469 Ὠς
2460 1407 2565 1476 γὰρ
2593 1406 2818 1477 μηδενὸς
2841 1404 3264 1475 περιφράττοντος
3305 1400 3417 1470 μηδὲ
3446 1416 3564 1467 περι.-

2118 1498 2431 1568 τειχίζοντος
2454 1498 2545 1549 καὶ⁸
2576 1496 2671 1566 τὴν
2705 1495 2842 1565 ἐμὴν
2867 1492 3209 1565 φρουροῦντος
3238 1489 3417 1560 ψυχὴν,
3442 1487 3571 1548 οὓτως

2119 1587 2434 1641 ἐπιτίθεσθε.
2478 1588 2619 1649 Ἕως
2648 1583 2739 1639 οὖν
2797 1586 2930 1637 πότε
2972 1583 3130 1637 ταῦτα
3178 1579 3575 1652 μταιοπονὴσετε,

2121 1680 2210 1731 καὶ
2240 1680 2356 1748 οὐχὶ
2385 1678 2653 1730 παύσεσθε
2702 1677 2910 1739 λοιπὸν,
2975 1675 3198 1743 γνόντες,
3246 1673 3320 1725 ὅτι
3348 1662 3479 1741 εὖρον
3513 1670 3574 1737 τὴ*

2121 1769 2348 1839 ἐμαυτοῦ
2383 1769 2642 1837 φυλακὴν,
2672 1769 2765 1819 καὶ
2806 1767 2897 1818 τὸν
2922 1765 3151 1836 ἐμαυτοῦ
3183 1763 3393 1834 φρουρὸν
3417 1761 3574 1814 mth

496 1892 512 1921 ι
550 1872 737 1923 Nonne
781 1871 887 1924 Deo
920 1870 1163 1937 subjecta
1208 1868 1310 1921 erit
1356 1867 1532 1919 anima
1582 1864 1740 1917 mea?
1782 1863 1848 1916 ab
1904 1864 2019 1931 ipso

2124 1859 2251 1927 τῆρα
2276 1875 2288 1922 ;
2335 1859 2423 1909 Διὸ
2451 1858 2725 1927 ἐθάρσησα
2771 1858 2940 1925 φάναι
2968 1873 2981 1885 ⁸
3022 1875 3039 1907 ι
3071 1856 3198 1924 Οὐχὶ
3220 1853 3292 1925 τῷ
3316 1852 3421 1922 Θεῷ
3448 1853 3574 1903 fimo

491 1963 632 2013 enim
664 1962 892 2015 salutare
922 1974 1121 2013 meum.
1151 1956 1283 2009 Nam
1319 1963 1370 2009 et
1430 1955 1543 2023 ipse
1595 1952 1735 2007 Deus
1782 1967 1931 2007 meus
1969 1959 2023 2005 et

494 2050 740 2101 Salvator
800 2063 989 2111 meus,
1046 2051 1326 2112 susceptor
1378 2058 1551 2105 meus,
1611 2057 1717 2095 non
1773 2042 2023 2094 movebor

494 2140 742 2208 amplius.
769 2136 1152 2191 Verumtamen
1196 2132 1424 2202 pretium
1455 2146 1627 2185 meum
1662 2131 2024 2200 cogitaverunt

492 2225 770 2293 repellere,
805 2231 1164 2276 cucurrerunt
1216 2221 1271 2273 in
1315 2220 1424 2280 siti,
1476 2234 1569 2273 ore
1616 2235 1714 2274 suo
1747 2220 2027 2273 benedice-

492 2315 653 2377 bant,
712 2322 765 2367 et
809 2313 970 2366 corde
1024 2326 1123 2365 suo
1178 2308 1583 2363 maledicebant.
1647 2308 1962 2377 Diapsalma.
2003 2328 2020 2359 ο

492 2403 677 2455 Priora
724 2401 937 2471 quidem
971 2400 1082 2453 sive
1118 2397 1281 2450 David
1314 2396 1427 2451 sive
1474 2396 1701 2450 ldithum
1752 2412 1870 2451 sese
1898 2398 2028 2451 allo-

493 2507 667 2560 quens
699 2491 864 2555 dixit;
893 2488 1126 2542 secunda
1154 2485 1402 2539 inimicos
1426 2486 1750 2554 compellans
1777 2486 2024 2554 protulit;

496 2582 655 2635 tertia
687 2596 751 2633 ex
780 2576 1067 2649 pr0positis
1108 2574 1282 2629 verbis
1330 2590 1428 2627 nos
1456 2574 1680 2628 edocent
1712 2589 1817 2643 quo
1846 2574 2028 2627 consi-

496 2672 567 2724 lio
616 2669 841 2723 insidias
890 2666 991 2735 ipsi
1042 2665 1283 2733 pararint
1331 2664 1719 2730 conjuratores.
1768 2663 2027 2729 Quocirca

495 2759 666 2811 dicit:
706 2774 724 2807 ι
765 2754 1144 2808 Verumtamen
1178 2755 1409 2823 pretium
1454 2768 1630 2807 meum
1664 2754 2031 2822 cogitaverunt

498 2847 775 2918 repellere.
834 2862 852 2895 ι
892 2844 1082 2896 Omnia
1115 2844 1311 2913 quippe
1341 2858 1525 2897 eorum
1554 2842 1846 2904 molimina,
1876 2857 2030 2895 omne

501 2936 808 2997 consilium,
860 2948 965 2986 non
1014 2933 1119 2986 alio
1171 2934 1500 3002 spectabant,
1532 2947 1688 3002 quam
1734 2940 1793 2985 ut
1838 2947 1919 2985 me
1965 2932 2031 2985 ab

504 3028 704 3079 honore
745 3039 848 3092 quo
878 3022 1018 3092 apud
1050 3022 1214 3076 Deum
1246 3023 1537 3092 gaudebam
1587 3021 1950 3085 deturbarent,
1981 3031 2031 3075 et

500 3115 725 3183 pristina
764 3129 879 3167 mea
909 3114 1077 3183 gloria
1105 3115 1418 3184 spoliarent.
1454 3113 1588 3167 Hinc
1630 3114 1854 3167 consilio
1900 3114 2030 3166 inito

498 3216 554 3258 ut
579 3205 832 3257 honorem
857 3219 918 3257 ac
942 3205 1171 3273 pretium
1199 3205 1326 3258 mihi
1355 3204 1648 3266 auferrent,
1676 3213 2031 3257 cucurrerunt

500 3296 552 3348 in
585 3294 693 3357 siti,
726 3309 894 3348 meam
926 3309 1146 3348 cernere
1177 3294 1468 3363 perniciem
1506 3295 1769 3349 sitientes.
1805 3293 1909 3348 Pro
1941 3295 2031 3347 illo

500 3391 699 3447 autem,
724 3402 741 3433 ι
766 3383 820 3437 in
841 3384 951 3447 siti,
979 3401 997 3434 ι
1024 3383 1268 3453 Aquila,t
1290 3383 1345 3437 in
1367 3383 1611 3446 fallacia;
1639 3403 1656 3434 ι
1683 3382 2033 3453 Symmachus

495 3473 733 3536 vero,cin
752 3473 1059 3541 mendacio;
1084 3494 1102 3525 ›
1126 3476 1311 3543 quinta
1326 3474 1507 3537 editio,
1533 3475 1615 3526 «in
1634 3472 1799 3539 falso;
1826 3492 1841 3523 ι
1863 3473 2033 3528 etalia

499 3561 625 3614 item
654 3560 835 3622 editio,
860 3580 876 3606 ι
903 3562 956 3614 in
987 3562 1131 3627 dolo,
1162 3583 1178 3613 ι
1216 3563 1547 3631 interpretati
1572 3570 1716 3617 sunt.
1735 3561 2034 3616 Verisimile

499 3652 677 3718 itaque
707 3662 790 3704 est
818 3652 871 3703 in
897 3661 1084 3704 nostra
1105 3667 1318 3721 quoque
1357 3654 1584 3707 lectione
1607 3654 1836 3722 positum
1860 3652 2033 3723 primo

502 3739 688 3803 fuisse,
711 3759 727 3788 ‹
753 3740 805 3791 in
824 3740 1118 3799 mendacio,
1134 3760 1151 3790 ι
1176 3742 1247 3792 ita
1266 3740 1654 3804 utdiceretum
1680 3749 2033 3795 cucurrerunt

503 3831 558 3883 in
588 3829 864 3883 mendacio
892 3848 906 3895 ;
955 3849 973 3880 ι
1009 3830 1061 3884 id
1084 3838 1187 3895 est,
1210 3830 1414 3883 inimici
1447 3838 1498 3883 et
1532 3831 1873 3885 insidiatores
1908 3834 2031 3894 mei,

502 3935 610 3972 non
640 3919 775 3972 duce
817 3919 1059 3985 veritate,
1101 3918 1195 3973 sed
1236 3933 1357 3971 cum
1401 3934 1519 3972 sese
1575 3928 1714 3973 totos
1757 3921 2034 3975 mendacio

502 4008 869 4072 tradidissent,
902 4024 1122 4063 cursum
1157 4016 1210 4063 et
1266 4009 1499 4062 studium
1530 4024 1685 4063 suum
1718 4020 1901 4064 contra
1951 4027 2034 4065 me

501 4099 847 4153 direxerunt:
910 4099 1005 4153 sed
1075 4098 1424 4168 sequentibus
1485 4099 1812 4167 temporibus
1882 4101 2033 4169 lapsu

501 4189 773 4257 graphico,
802 4204 895 4257 pro
927 4189 1099 4253 illo,év
1121 4188 1319 4257 ψεύδει,
1340 4189 1390 4242 id
1438 4196 1521 4243 est
1554 4206 1573 4238 ‹
1603 4189 1658 4242 in
1689 4190 1982 4257 mendacio,
2011 4210 2028 4241 ι

500 4278 556 4327 ὲν
582 4275 739 4344 δίψει,
770 4276 821 4329 id
851 4284 933 4331 est
967 4295 985 4327 ‹
1022 4277 1075 4329 in
1111 4277 1200 4331 siti
1238 4295 1255 4327 ι
1284 4277 1516 4345 positum
1542 4277 1728 4331 fuisse.
1760 4278 2034 4343 Quomodo

500 4373 676 4416 autem
738 4364 1071 4419 insidiatores
1139 4366 1214 4419 illi
1280 4376 1559 4419 currerent
1620 4367 1676 4419 in
1726 4367 2025 4432 mendacio,

2118 1948 2337 2015 γήσεται
2369 1949 2401 2015 ἡ
2436 1946 2577 2015 ψυχή
2614 1963 2752 2015 μου;
2806 1946 2939 2014 παρ’
2988 1942 3147 1995 αὐτοῦ
3177 1942 3278 2013 γὰρ
3304 1942 3359 1994 τὸ
3392 1942 3571 2011 σωτῆριι

2124 2053 2242 2105 μου.
2272 2038 2379 2090 Καὶ
2403 2037 2508 2107 γὰρ
2536 2036 2695 2098 αὐτὸς
2721 2035 2855 2098 Θεός
2883 2053 2988 2106 μου
3023 2035 3116 2087 καὶ
3142 2034 3323 2103 Σωτήρ
3353 2049 3463 2102 μου,
3506 2033 3576 2083 ἀντ

2120 2128 2339 2197 λήπτωρ
2384 2144 2502 2195 μου,
2549 2129 2607 2179 ού
2641 2128 2714 2197 μὴ
2772 2126 3022 2179 σαλευθῶ
3055 2127 3147 2178 ἐπὶ
3174 2124 3364 2178 πλεῖον.
3399 2122 3524 2192 Πλὴν
3548 2139 3569 2172 τ

2120 2219 2282 2287 τιμήν
2318 2235 2414 2287 μου
2453 2216 2835 2269 ἐϐουλεύσαντο
2876 2215 3236 2279 ἀπώσασθαι,
3258 2216 3475 2287 ἔδραμον
3504 2216 3553 2265 ἐν

2121 2309 2236 2378 ψευ
2274 2309 2350 2378 τῷ
2378 2314 2596 2377 στόματι
2629 2307 2807 2370 αὐτῶν
2831 2306 3111 2374 εύλόγουν,
3151 2308 3247 2358 καὶ
3274 2308 3339 2376 τῇ
3366 2304 3541 2375 καρδίᾳ
3566 2330 3571 2352 ι.

2124 2399 2226 2450 τῶν
2253 2396 2580 2466 κατηρῶντο.
2621 2394 2932 2464 Διάψαλμα.
2980 2415 2998 2445 ›
3038 2395 3119 2447 Τὰ
3172 2396 3270 2465 μὲν
3302 2394 3485 2465 πρῶτα
3521 2394 3576 2446 αἱ

2125 2486 2294 2555 ἑαυτῷ
2324 2488 2436 2554 ἤτοι
2462 2483 2693 2551 Δαυῒδ,ἢ
2737 2483 2976 2554 Ἰδιθοὺμ
3008 2486 3340 2539 διείλεκται·
3387 2485 3453 2538 τὰ
3481 2487 3530 2538 δέ
3556 2485 3572 2535 ί

2124 2591 2252 2643 τερα
2285 2574 2416 2644 πρὸς
2441 2573 2564 2635 τοὺς
2584 2571 2808 2641 ἐχθροὺς
2837 2572 3170 2626 ἁπετείνατο
3188 2594 3201 2607 ο
3234 2576 3303 2628 τὰ
3333 2575 3393 2629 δέ
3430 2575 3574 2646 τρίτα

2122 2664 2227 2716 τῶν
2255 2663 2620 2733 προκειμένων
2649 2664 2795 2731 ἡμᾶς
2822 2661 3091 2725 διδάσκει,
3112 2665 3311 2719 τίποτε
3340 2665 3571 2735 βουλευόρ

2124 2759 2170 2807 οἱ
2204 2754 2632 2816 ἐπιϐουλεύοντες
2659 2753 2808 2823 αὐτῷ
2832 2755 2933 2825 τὴν
2960 2755 3273 2827 ἐπιϐουλὴν
3290 2757 3574 2811 κατεσκεύι

2126 2846 2213 2898 Διό
2243 2861 2399 2914 φησι⁸
2440 2862 2458 2894 ι
2492 2843 2634 2913 Πλὴν
2661 2844 2757 2913 τὴν
2789 2846 2957 2913 τιμήν
2991 2863 3099 2916 μου
3136 2847 3539 2901 ἐϐουλεύσαντο
3568 2881 3569 2891 ι

2129 2934 2399 2987 eadem”:
2445 2934 2509 2983 Ἡ
2540 2933 2646 3002 γὰρ
2674 2934 2823 2985 πᾶσα
2868 2935 3070 3004 σκέψις
3121 2938 3322 2991 αὐτῶν
3359 2940 3457 2991 καὶ
3493 2940 3533 3007 ἡ
3564 2941 3576 3004 ιι

2127 3025 2272 3079 οὐδὲν
2296 3025 2496 3095 ἕτερον,
2532 3024 2711 3094 φησὶν,
2751 3025 2784 3092 ἢ
2822 3027 3169 3080 καταϐαλεῖν
3206 3048 3286 3099 με
3334 3030 3440 3099 τῆς
3484 3048 3572 3098 πα(

2057 3162 2096 3216 C
2129 3114 2245 3183 Θεῷ
2268 3114 2449 3183 τιμῆς,
2476 3113 2567 3166 καὶ
2590 3114 2873 3214 γυγμνῶσαι
2899 3117 3003 3185 τῆς
3031 3118 3208 3189 δόξης
3247 3117 3325 3192 ἦς
3363 3118 3509 3190 εἶχον
3546 3139 3568 3171 τ

2134 3217 2221 3271 ρον
2245 3199 2582 3264 ἐσπούδαζον.
2612 3196 2743 3255 Εἶτα
2774 3201 3224 3274 βουλευσάμενοι
3275 3210 3495 3279 ταύτην
3535 3228 3571 3279 μ

2127 3290 2288 3361 τιμὴν
2334 3290 2614 3359 περιελεῖν,
2669 3290 2908 3362 ἔδραμον
2943 3296 3005 3346 ἐν
3050 3295 3212 3365 δίψει
3269 3299 3380 3370 τὴν
3428 3302 3569 3370 ἐμὴν

2128 3380 2273 3431 λειαν
2312 3378 2602 3431 θεάσασθαι
2637 3380 2918 3447 διψῶντες.
2979 3384 3142 3437 Ἀντὶ
3171 3386 3239 3439 δὲ
3277 3389 3414 3452 τοῦ,
3452 3408 3471 3440 ι
3502 3392 3561 3441 ἐν

2131 3475 2185 3525 ἐν
2216 3471 2591 3541 διαψεύσματι,
2628 3491 2646 3523 ι
2684 3474 2712 3524 ὁ
2756 3473 3021 3537 Ἀκύλας’
3062 3479 3096 3529 ὁ
3149 3478 3215 3529 δέ
3252 3480 3570 3551 Σύμμαχος

2129 3562 2429 3631 ψεύσματι·
2475 3564 2559 3631 νὴ
2589 3562 2646 3615 δὲ
2676 3562 2903 3633 πέμπτη
2936 3565 3202 3631 ἕκδοσις,
3238 3588 3261 3620 ι
3295 3572 3366 3623 ὲν
3392 3571 3575 3641 ψεύδε

2133 3653 2289 3705 πάλιν
2322 3653 2481 3722 ἐτέρα
2516 3653 2723 3717 ἐκδοσις
2746 3692 2761 3717 ,
2794 3673 2813 3705 (
2844 3656 2901 3707 ἐν
2932 3656 3108 3727 δόλῳ,
3158 3678 3180 3709 ι
3232 3662 3574 3733 ἡρμήνευσ

2131 3743 2223 3805 κὸς
2252 3738 2341 3795 οὖν
2371 3744 2461 3795 καὶ
2492 3744 2548 3795 ἐν
2572 3747 2637 3813 τῇ
2661 3744 2782 3796 καθ’
2815 3746 2967 3815 ἡμᾶς
2992 3749 3374 3816 ἀναγνώσει
3419 3753 3576 3806 κεῖσε

2131 3833 2388 3902 πρότερον
2438 3832 2498 3884 τὸ
2527 3875 2541 3897 ,
2579 3852 2597 3883 ‹
2636 3836 2692 3885 ἐν
2721 3834 2952 3903 ψεύδει,
3004 3857 3022 3888 ι
3074 3840 3158 3890 ἶν’
3325 3844 3416 3895 τὸ
3469 3845 3576 3911 λεγ

2137 3942 2155 3973 ‹
2198 3922 2461 3993 Ἔδραμον
2486 3925 2543 3974 ἐν
2576 3923 2786 3991 ψεύδει·
2828 3945 2846 3975 ι
2886 3929 3210 3984 τουτέστιν
3237 3936 3296 3985 οἱ
3334 3936 3570 4007 ἐχθροί

2132 4013 2181 4064 οἱ
2209 4012 2659 4076 ἐπιϐουλεύοντες,
2696 4015 2758 4066 ού
2783 4016 2879 4067 σὺν
2904 4017 3171 4091 ἀληθείᾳ
3204 4023 3319 4076 τὸν
3352 4029 3513 4080 κατ’
3548 4029 3574 4079 ὲ

2136 4121 2231 4172 μον
2260 4103 2350 4156 καὶ
2383 4103 2479 4172 τὴν
2513 4105 2633 4155 κατ’
2665 4104 2801 4173 ἐμοῦ
2842 4108 3103 4179 σπουδὴν
3149 4112 3521 4168 ἐποιοῦντο
3545 4156 3563 4178 ,

2133 4190 2325 4253 αὐτοὺς
2352 4189 2427 4259 τῷ
2458 4191 2635 4259 ψεύδει
2682 4194 3061 4263 παραδόντεςο
3115 4202 3420 4274 σφάλμα.
3474 4208 3546 4260 δέ

2133 4279 2406 4347 γεγονέναι
2431 4281 2488 4331 ἐν
2517 4284 2625 4343 τοῖς
2659 4284 2795 4349 μετὰ
2832 4283 3011 4338 ταῦτα
3055 4292 3324 4364 συνέϐη
3371 4297 3576 4367 χρόνε

2136 4369 2252 4457 αντὶ
2280 4367 2392 4430 τοῦ,
2431 4386 2448 4417 ι
2477 4370 2533 4420 ἐν
2566 4369 2767 4437 ψεύδει,
2802 4372 2859 4424 ἐν
2912 4374 3075 4444 δίψει
3132 4400 3159 4431 ι
3229 4387 3576 4457 γραφῆνα

502 4454 603 4507 sub
637 4454 747 4508 haec
779 4457 1007 4523 explicat
1041 4455 1259 4510 dicens:
1312 4475 1329 4506 ι
1370 4457 1472 4510 Ore
1504 4471 1603 4510 suo
1649 4457 2025 4513 benedieebant

2133 4456 2444 4526 ψευδόμενοι
2477 4458 2525 4509 oi
2562 4458 3009 4528 ἐπιϐουλεύοντες
3056 4466 3380 4541 ἔδραμον
3418 4513 3441 4537 ,
3480 4454 3575 4528 *δι

500 4551 556 4599 et
587 4545 748 4598 corde
791 4561 888 4599 suo
918 4546 1322 4601 maledicebaut.
1369 4566 1387 4597 ι
1435 4544 1566 4599 Cum
1613 4546 1821 4601 fallacia
1856 4550 2033 4602 molli-

501 4634 603 4689 bus
648 4634 938 4688 utebantur
977 4635 1154 4701 dietis,
1192 4644 1247 4688 ut
1298 4650 1382 4689 me
1432 4635 1732 4691 inescarent
1758 4646 1811 4691 et
1857 4640 2034 4693 abilla

501 4736 621 4775 cum
657 4722 761 4778 Deo
805 4725 1037 4779 statione
1082 4726 1464 4782 deturbarent:
1517 4742 1681 4795 quare
1724 4728 2036 4783 benedicere

503 4811 820 4865 videbantur
847 4814 900 4865 in
938 4813 1090 4875 facie,
1138 4831 1326 4884 meque
1356 4816 1572 4869 laudare
1618 4825 1670 4870 et
1698 4818 1992 4886 approbare
2019 4837 2033 4883 ;

504 4902 597 4954 sed
626 4917 777 4956 mens
804 4919 987 4956 eorum
1028 4906 1173 4959 intus
1202 4906 1669 4961 maledictionibus
1715 4908 2033 4976 replebatur,

505 4990 657 5056 queis
685 5007 768 5044 me
802 4992 1003 5046 honore
1047 4994 1314 5062 depellere
1355 5002 1407 5049 et
1454 4995 1507 5048 in
1535 4996 1872 5050 maledictum
1905 4997 2036 5065 deji-

505 5094 626 5132 cere
653 5084 982 5149 satagebant.
1014 5082 1108 5139 His
1140 5093 1315 5138 autem
1348 5085 1622 5148 docemur,
1652 5095 1911 5155 quotquot
1945 5088 2033 5139 Dei

509 5170 809 5225 hominibus
841 5173 1179 5237 insidiantur,
1216 5176 1346 5228 nihil
1378 5176 1519 5228 aliud
1552 5193 1762 5241 curare,
1793 5194 1949 5247 quam
1981 5188 2037 5232 ut

510 5257 652 5324 ipsos
684 5274 767 5321 eo,
799 5262 888 5328 qui
919 5264 1058 5331 apud
1092 5263 1257 5317 Deum
1284 5275 1385 5329 est,
1420 5266 1619 5320 honore
1647 5278 1863 5323 exuant.

580 5499 741 5555 Vsus.
774 5502 885 5557 6-9
965 5524 983 5555 ι
1017 5506 1393 5566 Verumtamen
1449 5514 1556 5569 Deo
1609 5516 1847 5585 subjecta
1897 5525 2033 5584 esto,

510 5592 689 5641 anima
722 5605 858 5651 mea,
891 5595 1143 5659 quoniam
1173 5598 1239 5651 ab
1274 5601 1391 5669 ipso
1432 5604 1686 5672 patientia
1721 5621 1856 5659 mea.
1905 5605 2032 5660 Nam

512 5682 626 5747 ipse
650 5677 789 5732 Deus
816 5694 961 5735 meus
992 5691 1042 5737 et
1075 5682 1317 5741 Salvator
1338 5708 1485 5749 meus
1511 5714 1524 5749 :
1550 5708 1827 5768 susceptor
1888 5718 2036 5755 meus

2133 4547 2301 4615 λέγων
2324 4546 2450 4615 ἑξῆς
2473 4564 2485 4575 ·
2529 4565 2547 4597 ι
2585 4547 2675 4617 Τῷ
2709 4550 2940 4620 στόματι
2972 4556 3213 4612 αὐτῶν
3254 4562 3575 4633 εὐλόγου

2134 4633 2327 4703 καρδίᾳ
2354 4633 2529 4686 αὐτῶν
2558 4636 2891 4705 κατηρῶντο.
2935 4658 2954 4689 ι
3009 4641 3499 4713 ’Λποιτῶντες
3537 4670 3576 4719 γ

2133 4722 2380 4791 γλυκέσιν
2410 4721 2644 4793 ἐχρῶντο
2673 4725 2811 4795 πρὸς
2840 4728 2900 4779 τὸ
2922 4729 3234 4786 καθελκῦ
3246 4738 3378 4789 σαί
3432 4757 3531 4808 με

2135 4813 2309 4865 ϐαλεῖν
2343 4812 2441 4881 τῆς
2474 4812 2622 4883 παρὰ
2642 4814 2720 4884 τῷ
2747 4815 2866 4886 Θεῷ
2898 4819 3209 4887 στάσεως
3238 4844 3257 4856 ·
3314 4828 3433 4881 διὸ
3480 4834 3575 4884 εὐ

2134 4920 2258 4955 κουν
2298 4903 2390 4954 καὶ
2411 4903 2649 4957 ἐπαινεῖν
2673 4908 2873 4976 με,καὶ
2903 4910 3398 4984 ἀποδέχεσθαι
3438 4924 3563 4985 εἰς

2132 4991 2199 5042 τὰ
2223 4990 2280 5043 δὲ
2298 4992 2395 5060 τῆς
2426 4991 2662 5056 διανοίας
2683 4995 2863 5050 αὑτῶν
2888 5000 3335 5074 πεπλήρωτο
3377 5026 3573 5065 κατε

2134 5079 2230 5148 τὴν
2254 5078 2415 5147 τιμήν
2446 5096 2545 5148 μου
2574 5080 2966 5139 ἐϐουλεύσαντο
2988 5090 3517 5161 ἀπώσασθαι,
3554 5119 3570 5152 τ

2137 5183 2202 5235 με
2246 5168 2554 5225 ὑποϐαλεῖν.
2596 5174 2971 5247 Διδασκόμεθα
3029 5182 3116 5235 δὲ
3205 5187 3345 5240 διὰ
3391 5189 3560 5241 τοὺε

2136 5258 2328 5320 πάντες
2347 5260 2395 5309 οἱ
2434 5264 2546 5326 τοῖς
2584 5265 2679 5318 τοῦ
2726 5267 2860 5321 Θεοῦ
2902 5270 3335 5343 ἀνθρώποις
3424 5280 3550 5333 ἐστι

2134 5344 2280 5396 οὐδὲν
2302 5346 2484 5417 ἐτερον
2518 5355 2912 5423 σπουδάζουσιν
2941 5359 2978 5430 ἦ
3003 5362 3153 5433 τῆς
3199 5369 3437 5439 παρὰ
3473 5372 3543 5422 τί

2136 5442 2413 5501 γυμνῶσαι
2443 5442 2655 5507 αὐτούς.

2213 5542 2229 5571 ι
2449 5529 2527 5601 τῷ
2562 5535 2681 5609 Θεῷ
2717 5540 3063 5613 ύποτάγηθι,
3103 5549 3157 5619 ἡ
3206 5550 3436 5625 ψυχή
3500 5572 3522 5624 ἒ

2137 5613 2294 5710 αὐτού
2321 5617 2353 5687 ή
2383 5618 2631 5703 ὑπομονὴ
2671 5650 2793 5703 μου.
2840 5634 2950 5686 Καὶ
2996 5613 3157 5710 γὰέ
3218 5613 3471 5709 αὑτάς

2142 5704 2324 5774 Σωτήρ
2356 5724 2459 5778 μου
2480 5754 2493 5780 ,
2528 5720 2871 5797 ἁντιλήπτωρ
2892 5742 3029 5795 μου,
3060 5732 3156 5784 οὐ
3200 5734 3319 5808 μὴ
3365 5754 3511 5808 μετ
