3818 6356
293 390 416 460 393

1483 428 1976 492 COMMENTARIA
2014 439 2078 494 lN
2113 441 2444 499 PSALMOS.

3446 453 3509 504 59
3522 453 3544 504 ί

327 515 676 632 ’ἐλεγχόμενος
706 534 814 600 μὲν
849 540 1051 610 ἔλεγεν·
1082 566 1098 597 ι
1127 545 1256 616 Οὐχὶ
1278 543 1351 612 τῷ
1381 546 1497 618 Θεῷ
1524 550 1900 627 ὑποταγήσεταξ

2016 577 2120 614 ηοη
2150 562 2438 632 emigrabo.
2479 581 2496 613 ι
2532 562 2684 616 initio
2725 564 2936 632 quidem
2977 581 3038 620 ac
3079 567 3123 622 si
3173 568 3346 621 adhuc
3376 571 3545 623 ambi-

332 608 546 682 ἡψυχη
581 634 724 687 tum;
762 646 780 675 ι
813 628 1006 705 ὥσπερ
1035 637 1298 700 ὲνδυάζων
1322 635 1418 690 ξτιο
1443 642 1670 696 ἐνταῦθα
1701 647 1757 700 δε
1787 649 1916 701 άπο-

338 709 614 806 τροπικῶς,
659 713 990 788 βεϐαιωθεὶς
1027 729 1087 780 ὲκ
1127 728 1231 781 τῶν
1276 729 1592 799 εἰρημένων,
1632 739 1696 806 τῇ
1729 739 1913 790 ἑαυτοῦ

322 799 496 898 ψυχῇ
531 805 852 898 ἐπιθαρσῶν
891 819 1341 896 παρακελεύεται·
1384 821 1462 874 διό
1501 843 1627 895 φησι
1660 799 1790 898 πρὸς
1822 832 1915 882 αὑ-

322 895 476 987 -τήψ
516 916 536 947 ι
568 897 716 970 Πλὴν
754 902 836 972 τῷ
863 905 983 977 Θεῷ
1019 895 1331 982 ὑποτάγηοι,
1365 915 1397 983 ἡ
1428 915 1567 987 ψυχή
1605 895 1721 987 μου.
1758 939 1775 970 ι
1810 922 1914 972 Καὶ

323 985 622 1060 ἀνωτέρω
670 991 766 1060 μὲν
800 993 972 1061 ἔλεγε·
1011 1017 1028 1046 ι
1065 1000 1198 1069 Παρ⁹
1224 1001 1383 1054 αὐτοῦ
1423 985 1531 1074 γὰρ
1559 985 1630 1058 τὸ
1659 1009 1912 1078 σωτήριόν

335 1096 485 1144 μου·
520 1098 541 1131 ι
568 1082 798 1135 ἐνταῦθα
814 1085 890 1136 δέ·
919 1105 937 1135 ι
965 1089 1083 1140 ’Ὁτι
1107 1093 1231 1161 παρ’
1251 1093 1408 1145 αὐτοῦ
1433 1096 1466 1165 ἡ
1490 1097 1724 1167 ὑπομονὴ
1749 1116 1866 1168 μου.
1891 1120 1906 1149 ι

341 1169 590 1238 Ὅμοιον
619 1171 663 1223 δ’
699 1171 764 1224 ἂν
790 1174 873 1244 εἴη
912 1175 1067 1229 τοῦτο
1101 1179 1176 1247 τῷ
1211 1183 1455 1250 φήσαντι·
1497 1206 1512 1233 ι
1543 1186 1721 1238 Πάντα
1752 1189 1913 1258 ἰσχύω

331 1261 406 1312 ὲν
449 1259 535 1329 τῷ
574 1262 961 1332 ἐνδυναμοῦντί
1000 1283 1086 1335 με.
1121 1288 1138 1320 ι
1183 1272 1255 1322 Οὐ
1281 1272 1386 1343 γὰρ
1415 1277 1542 1344 παρ’
1567 1278 1798 1345 ἐμαυτοῦ
1827 1280 1913 1331 κέ-

334 1365 454 1418 κτη
465 1366 569 1417 μαι
597 1349 699 1419 τὴν
728 1353 902 1420 ἰσχὺν,
927 1353 1062 1407 ἀλλὰ
1094 1357 1241 1428 παρὰ
1265 1359 1356 1410 τοῦ
1391 1362 1798 1432 ὲνδυναμοῦντός
1824 1383 1907 1433 με·

335 1440 445 1490 καὶ
468 1439 735 1505 ἐνταῦθα,
765 1459 784 1491 ι
826 1443 888 1494 Ἡ
910 1443 1149 1516 ὑπομονή
1177 1465 1272 1515 μου
1303 1470 1322 1497 ι
1347 1452 1442 1502 οὐκ
1467 1452 1523 1517 ἐξ
1548 1454 1701 1523 ἐμῆς,
1730 1456 1907 1523 φησὶν,

333 1531 560 1600 ἀρετῆς
613 1533 712 1584 καὶ
753 1533 1030 1604 δυνάμεως
1079 1540 1420 1609 συνέστηκεν,
1463 1544 1593 1597 ἀλλὰ
1629 1548 1774 1618 παρὰ
1813 1549 1910 1618 τῆς

334 1622 517 1674 αὑτοῦ
555 1623 799 1694 χάριτος·
836 1644 854 1674 ι
890 1627 998 1678 Καὶ
1022 1626 1129 1697 γὰρ
1147 1629 1304 1692 αὐτὸς
1326 1631 1453 1695 Θεός
1483 1651 1580 1702 μου
1607 1636 1698 1687 καὶ
1725 1638 1908 1707 Σωτήρ

339 1727 473 1778 μου·
520 1731 538 1761 ι
576 1712 771 1782 διόπερ
792 1715 872 1776 ὡς
905 1715 1033 1778 Θεός
1069 1735 1165 1786 μου
1199 1721 1289 1772 καὶ
1333 1723 1516 1794 Σωτήρ
1554 1743 1650 1794 μου
1688 1729 1908 1797 παρέχει

339 1818 442 1870 μοι
473 1804 582 1872 τὴν
611 1804 913 1875 ὑπομονήν.
941 1803 1049 1859 Εἶτ’
1077 1811 1327 1881 ἀνωτέρω
1358 1815 1456 1882 μὲν
1486 1814 1624 1884 ἔχεις
1646 1817 1725 1880 τὸ,
1757 1838 1773 1868 ι
1803 1823 1907 1872 Καὶ

2015 659 2160 719 geret
2195 650 2404 704 dicebat
2440 670 2453 704 :
2491 669 2508 700 ι
2552 651 2738 704 Nonne
2776 651 2882 705 Deo
2923 654 3158 721 subjecta
3211 656 3312 708 erit
3367 657 3545 710 anima

2015 740 2174 792 mea?
2206 760 2223 790 ι
2268 739 2363 794 Hie
2389 755 2534 802 vero,
2565 757 2626 794 ex
2675 741 2742 795 iis
2785 757 2903 810 quae
2945 744 3134 797 anima:
3172 760 3281 798 sum
3313 747 3542 799 revelata

2015 828 2224 881 fuerant
2264 830 2530 892 ﬁrmatus,
2581 831 2824 885 absolute
2868 846 2930 882 ac.
2974 831 3196 886 ﬁdenter
3251 836 3538 904 prmcipit:

2013 932 2179 985 quare
2203 919 2281 972 sic
2308 934 2424 972 eam
2457 921 2767 990 alloquitur,
2806 941 2823 970 (
2867 921 3248 977 Verumtamen
3285 924 3392 978 Deo
3416 926 3544 979 sub-

2008 1007 2146 1074 jecta
2172 1015 2306 1072 esto,
2328 1008 2501 1060 anima
2526 1024 2664 1063 mea.
2700 1028 2717 1060 ι
2756 1009 2830 1062 Ae
2869 1010 3117 1078 superius
3141 1011 3346 1065 dixerat
3373 1031 3386 1064 :
3413 1031 3430 1062 ι
3461 1011 3543 1066 Ab

2011 1095 2128 1164 ipso
2165 1097 2306 1150 enim
2336 1098 2567 1151 salutare
2595 1114 2805 1163 meum;
2846 1120 2864 1151 ι
2905 1100 2990 1153 hic
3037 1115 3182 1161 vero,
3218 1119 3238 1150 ι
3275 1101 3538 1166 Quoniam

2011 1186 2078 1238 ab
2111 1186 2225 1254 ipso
2255 1188 2513 1255 patientia
2539 1204 2676 1243 mea.
2711 1209 2728 1241 ι
2764 1187 2949 1244 Simile
2978 1200 3153 1245 autem
3196 1191 3246 1245 id
3278 1192 3439 1245 fuerit
3457 1191 3540 1245 di-

2010 1284 2097 1329 cto
2137 1277 2441 1346 hujusmodi
2481 1299 2492 1332 :
2533 1299 2550 1329 ι
2597 1279 2786 1334 Omnia
2841 1297 3058 1350 possum
3108 1283 3159 1336 in
3210 1299 3274 1337 eo
3316 1284 3405 1352 qui
3454 1299 3538 1338 me

2009 1365 2278 1420 confortat
2305 1369 2368 1421 ⁸⁷.
2418 1388 2435 1419 ι
2488 1368 2603 1422 Non
2641 1372 2780 1424 enim
2831 1387 2861 1423 a
2912 1372 3114 1441 meipso
3177 1372 3536 1428 fortitudinem

2009 1458 2255 1522 obtineo,
2287 1459 2378 1512 sed
2428 1460 2495 1512 ab
2527 1475 2590 1513 eo
2627 1460 2720 1528 qui
2753 1477 2837 1514 me
2874 1462 3160 1523 confortat,
3194 1472 3247 1516 et
3294 1464 3379 1515 hic
3422 1464 3534 1516 ait:

2014 1565 2030 1596 ι
2069 1548 2317 1616 patientia:
2359 1565 2474 1603 mea
2521 1570 2540 1601 i
2574 1567 2677 1604 non
2702 1567 2764 1604 ex
2795 1553 2988 1606 virtute
3033 1562 3084 1606 et
3122 1562 3380 1622 potestate
3422 1569 3536 1606 mea

2007 1646 2246 1702 constat,
2277 1638 2367 1692 sed
2402 1639 2468 1691 ab
2499 1639 2616 1706 ejus
2657 1640 2827 1707 gratia
2862 1641 3035 1709 prodit
3065 1660 3076 1694 :
3109 1660 3126 1690 ι
3165 1641 3294 1694 Nam
3325 1651 3376 1694 et
3427 1642 3540 1710 ipse

2009 1725 2147 1780 Deus
2205 1744 2354 1780 meus
2411 1735 2464 1781 et
2522 1728 2768 1781 Salvator
2827 1746 3010 1795 meus;
3055 1749 3072 1782 ι
3125 1739 3448 1800 quapropter
3480 1742 3540 1783 ut

2011 1813 2148 1866 Deus
2179 1830 2326 1869 meus
2355 1825 2408 1869 et
2438 1817 2683 1872 Salvator
2712 1834 2861 1872 meus
2893 1820 3199 1886 patientiam
3243 1821 3370 1872 tnihi
3414 1836 3541 1888 sup-

335 1892 455 1962 γὰρ
479 1894 651 1956 αὐτὸς
673 1894 805 1957 Θεός
831 1913 932 1964 μου
959 1899 1050 1949 καὶ
1077 1899 1261 1971 Σωτήρ
1281 1919 1400 1971 μου,
1426 1905 1763 1977 ἀντιλήπτωρ
1786 1927 1900 1978 μου,

2006 1900 2223 1969 peditat.
2259 1901 2597 1973 Rursumque
2641 1908 2887 1974 superius
2946 1909 3072 1962 illud
3109 1909 3271 1962 habes
3300 1950 3314 1970 ,
3354 1929 3371 1956 ι
3408 1909 3538 1962 Nam

331 1983 402 2033 οὐ
443 1981 524 2051 μὴ
561 1986 1002 2050 μεταναστεύσω·
1037 2009 1055 2038 ›
1091 1990 1122 2059 ἢ
1159 1991 1296 2044 κατὰ
1333 1992 1422 2046 τὸν
1462 1996 1684 2049 Ἀκύλαν
1708 2001 1908 2053 καὶτὸν

334 2071 670 2141 Σύμμαχον,
696 2094 713 2122 ι
749 2075 808 2126 ού
839 2076 1194 2147 σφαλήσομαι.
1223 2099 1241 2130 ι
1276 2083 1446 2153 Πολλὴ
1478 2085 1532 2136 δὲ
1565 2085 1787 2156 διαφορὰ
1817 2089 1906 2141 τοῦ

335 2163 678 2230 φάσκοντος,
710 2183 727 2213 ι
754 2166 814 2216 οὐ
845 2166 916 2236 μὴ
939 2168 1176 2221 σαλευθῶ
1199 2173 1288 2224 ἐπὶ
1313 2173 1505 2240 πλεῖον,
1537 2195 1555 2227 ι
1590 2177 1681 2229 καὶ
1703 2178 1792 2229 τοῦ
1821 2179 1876 2230 λέ
1893 2209 1906 2220 ο

336 2267 560 2318 γοντος,
597 2273 615 2303 ι
643 2255 707 2305 οὑ
739 2256 1100 2327 σφαλήσομαι,
1124 2280 1139 2310 ι
1165 2263 1274 2325 καὶ,
1300 2281 1317 2312 ι
1339 2264 1396 2315 οὐ
1428 2266 1850 2332 μεταναστεύσω.
1883 2289 1898 2319 ι

335 2342 416 2392 Τὸ
462 2343 566 2410 μὲν
615 2343 725 2412 γάρ
769 2344 956 2413 ἐδήλου
1002 2348 1315 2404 σαλεύεσθαι
1367 2354 1485 2421 μὲν,
1532 2355 1643 2407 ἀλλ’
1673 2356 1769 2408 οὐκ
1816 2359 1901 2409 ἐπὶ

337 2432 551 2484 πλεῖον·
578 2433 818 2486 ἐνταῦθα
845 2435 901 2486 δὲ
933 2435 1156 2506 ἄρνησίς
1189 2442 1300 2493 ἐστι
1336 2443 1597 2515 παντελὴς
1625 2446 1716 2497 τοῦ
1752 2449 1905 2499 πταί-

337 2536 577 2589 σματος.
617 2541 634 2571 ι
681 2522 804 2574 Ἐπὶ
831 2523 907 2592 τῷ
928 2525 1043 2594 Θεῷ
1077 2528 1136 2579 τὸ
1164 2531 1422 2600 σωτήριόν
1454 2550 1552 2601 μου
1591 2535 1681 2586 καί
1719 2536 1749 2602 ἡ
1781 2535 1903 2600 δόξα

342 2626 469 2676 μου,
509 2610 648 2672 Θεὸς
666 2612 766 2678 τῆς
797 2613 1042 2681 βοηθείας
1072 2633 1189 2684 μου,
1222 2620 1311 2671 καὶ
1345 2621 1376 2689 ἡ
1404 2620 1553 2684 ἐλπίς
1589 2640 1684 2691 μου
1718 2625 1807 2677 ἐπὶ
1827 2625 1903 2693 τῷ

333 2701 479 2768 Θεῷ.
517 2719 536 2751 ι
594 2702 707 2752 Kal.
755 2703 981 2756 ἐνταῦθα
1017 2707 1076 2758 τὸ
1112 2726 1130 2756 ι
1171 2710 1432 2780 Σωτήριον
1472 2731 1489 2762 ι
1529 2715 1555 2764 6
1600 2716 1798 2783 Ἰησοῦς
1836 2721 1898 2788 τῇ

349 2790 620 2860 Ἐὄραῖκῇ
657 2795 806 2861 φωνῇ
831 2792 1156 2863 ὠνόμασται,
1185 2801 1277 2850 καὶ
1306 2805 1415 2862 τοῖς
1443 2806 1774 2876 χαρακτῆρσι
1793 2811 1901 2871 τοῖς

331 2881 528 2942 αὐτοῖς
575 2881 966 2951 ἐγγέγραπται.
1019 2887 1222 2958 ’Ὠσπερ
1261 2889 1314 2942 δὲ
1359 2894 1387 2943 6
1416 2893 1551 2957 θεῖος
1591 2898 1900 2962 Ἀπόστολος

331 2969 471 3038 περὶ
507 2968 610 3020 τοῦ
646 2971 898 3041 Σωτῆρος
930 2975 1082 3043 ἡμῶν
1124 2977 1293 3044 λέγων
1340 2981 1561 3053 ἔγραφε·
1599 3005 1615 3036 ι
1656 2988 1897 3040 Δικαιού-

336 3075 496 3126 μενοι
524 3058 741 3129 δωρεάν
767 3064 832 3129 τῇ
857 3062 1016 3115 αὐτοῦ
1047 3066 1222 3135 χάριτι
1245 3067 1329 3120 διὰ
1359 3073 1456 3140 τῆς
1482 3073 1899 3147 ἀπολυτρώσεως

2006 1999 2059 2044 et
2103 1992 2216 2061 ipse
2247 1993 2384 2049 Deus
2430 2011 2580 2050 meus
2631 2005 2687 2050 et
2747 1997 2995 2052 Salvator
3043 2015 3214 2063 meus,
3261 2008 3540 2069 susceptor

2007 2097 2175 2145 meus,
2208 2097 2311 2135 non
2340 2086 2613 2154 emigrabo
2638 2105 2651 2151 ;
2681 2107 2698 2136 ι
2722 2088 2858 2150 sive,
2890 2089 3180 2142 secundum
3215 2091 3454 2157 Aquilam
3486 2100 3538 2143 et

2007 2171 2402 2241 Symmachum,
2455 2195 2472 2224 ι
2508 2192 2611 2230 non
2665 2177 2834 2230 fallar.
2870 2197 2886 2228 ι
2928 2178 3150 2230 Multum
3177 2180 3397 2234 interest
3425 2179 3537 2234 dis-

2003 2263 2244 2315 criminis
2294 2265 2429 2316 inter
2479 2265 2628 2328 illud,
2687 2286 2703 2315 ι
2743 2281 2845 2319 non
2898 2267 3149 2320 movebor
3211 2267 3465 2334 amplius,
3502 2287 3520 2317 ι

2003 2359 2054 2404 et
2095 2352 2245 2416 illud,
2299 2372 2316 2402 ι
2351 2370 2455 2406 non
2489 2354 2660 2418 fallar,
2693 2375 2710 2406 ι
2738 2364 2791 2408 et
2818 2375 2834 2404 ι
2876 2372 2981 2409 non
3016 2357 3308 2425 emigralio.
3347 2378 3364 2408 ι
3399 2356 3530 2410 Nam

2003 2438 2131 2491 illud
2171 2439 2384 2508 quidem
2423 2441 2694 2494 indicabat
2741 2445 2938 2495 moveri
2972 2443 3184 2512 quidem
3217 2444 3410 2513 ipsmu,
3442 2447 3536 2500 sed

2003 2543 2106 2580 non
2147 2530 2401 2595 multum;
2455 2540 2508 2584 at
2548 2531 2633 2582 hic
2665 2532 2908 2598 cujusvis
2954 2533 3135 2601 lapsus
3183 2533 3395 2602 negatio
3428 2539 3532 2587 est.

2007 2639 2024 2668 ι
2059 2619 2110 2671 In
2144 2619 2252 2673 Deo
2278 2620 2512 2674 salutare
2553 2636 2728 2674 meum
2763 2630 2816 2674 et
2847 2623 3010 2691 gloria
3039 2639 3175 2688 mea,
3209 2622 3347 2676 Dens
3385 2623 3536 2676 auxi-

2001 2709 2056 2761 lii
2085 2709 2210 2768 mei,
2239 2716 2292 2761 et
2326 2723 2449 2776 spes
2478 2725 2592 2763 mea
2625 2710 2674 2762 in
2705 2709 2810 2764 Deo
2831 2719 2930 2764 est.
2969 2731 2985 2761 ι
3023 2710 3116 2765 Hic
3153 2707 3364 2781 quoque
3400 2732 3417 2764 ι
3451 2730 3537 2767 sa-

2001 2798 2168 2851 lutare
2209 2816 2226 2848 ι
2265 2797 2522 2851 Hebraica
2553 2799 2732 2869 lingua
2767 2799 2925 2854 Jesus
2969 2803 3164 2862 dictus,
3207 2817 3367 2871 a'que
3406 2803 3534 2872 ipsis

1999 2888 2396 2943 characteribus
2417 2890 2719 2958 descriptus
2743 2899 2844 2943 est.
2875 2890 3330 2955 Quemadmodum
3358 2901 3534 2946 autem

1998 2978 2209 3032 divinus
2254 2978 2545 3046 Apostolus
2577 2981 2645 3035 de
2689 2979 2966 3035 Salvatore
2998 2991 3188 3039 nostro
3241 2985 3352 3036 hmo
3400 2985 3534 3038 scri-

1999 3067 2104 3134 psit
2141 3086 2154 3119 :
2192 3087 2210 3117 ι
2247 3065 2527 3121 Justiticati
2583 3071 2748 3137 gratis
2803 3086 2897 3139 per
2939 3073 3162 3140 gratiam
3212 3075 3399 3142 ipsius,
3445 3091 3525 3141 pet

329 3148 438 3216 τῆς
469 3149 530 3198 ὲν
554 3148 776 3217 Χριστῷ
813 3151 999 3220 Ἰησοῦ·
1028 3153 1085 3205 ὃν
1108 3157 1360 3225 προέθετο
1391 3163 1416 3213 6
1443 3162 1570 3226 Θεὸς
1599 3165 1897 3238 ἱλαστήριον

1999 3154 2410 3223 redemptionem
2445 3173 2562 3226 qua:
2586 3167 2669 3212 est
2704 3160 2754 3212 in
2783 3160 2997 3214 Christo
3019 3161 3144 3216 .lesu
3176 3183 3188 3216 :
3222 3178 3376 3230 quem
3413 3179 3535 3231 pro-

326 3236 426 3287 ὃιά
453 3237 696 3300 πίστεως
730 3239 788 3290 ὲν
818 3239 893 3309 τῷ
926 3242 1086 3294 αὐτοῦ
1111 3246 1317 3313 αἵματι·
1357 3268 1374 3298 ι
1402 3253 1493 3303 καὶ
1516 3252 1691 3306 πάλιν·
1721 3275 1737 3305 ι
1769 3236 1898 3312 -Ἒάν

329 3341 425 3386 τις
458 3326 711 3398 ἁμάρτῃ,
746 3329 1086 3399 παράκλητον
1113 3332 1304 3402 ἔχομεν
1335 3338 1464 3407 πρὸς
1492 3339 1580 3391 τὸν
1611 3341 1758 3406 Θεὸν,
1797 3345 1898 3414 ’1η-

332 3414 470 3465 σοῦν
505 3416 744 3484 Χριστὸν
775 3417 998 3470 δίκαιον·
1033 3422 1123 3472 καὶ
1154 3423 1309 3486 αὑτός
1335 3426 1476 3477 ἐστιν
1515 3427 1732 3498 ίλασμὸς
1764 3432 1898 3502 ὑπὲρ

323 3503 448 3554 τῶν
469 3504 758 3575 ἁμαρτιῶν
782 3507 949 3576 ἡμῶν·
985 3529 1003 3560 ι
1034 3511 1122 3562 τὸν
1153 3512 1309 3564 αὑτὸν
1335 3516 1528 3583 τρόπον
1562 3519 1652 3570 καὶ
1675 3521 1896 3572 ἐνταῦθα

333 3591 611 3646 λέλεκται·
665 3595 786 3647 Ἐπὶ
823 3597 898 3665 τῷ
945 3598 1060 3668 Θεῷ
1107 3601 1168 3652 τὸ
1197 3603 1458 3672 σωτήριόν
1488 3622 1586 3673 μου
1611 3609 1748 3677 καὶὴ
1775 3609 1896 3674 δόξα

339 3698 471 3749 μου,
504 3684 601 3734 καὶ
626 3686 660 3752 ἠ
697 3684 916 3753 βοήθειά
949 3705 1047 3757 μου
1076 3691 1166 3741 καὶ
1195 3693 1227 3760 ή
1251 3690 1403 3754 ἐλπίς
1430 3711 1549 3762 μου.
1596 3696 1681 3759 Ὠς
1708 3699 1755 3748 εἰ
1783 3697 1896 3749 λευ-

335 3775 568 3844 κότερον
599 3775 662 3826 τὸ
687 3765 1091 3848 ’σημαινόμενον
1121 3782 1228 3834 ἀπὸ
1258 3783 1355 3851 τῆς
1395 3785 1682 3855 Ἐϐραῖκῆς
1719 3790 1895 3858 φωνῆς

333 3865 546 3918 -εὲθειτο
579 3867 638 3918 ὲν
668 3869 732 3935 τῇ
768 3868 1045 3938 ἑρμηνείᾳ,
1075 3869 1244 3934 οὕτως
1278 3872 1342 3924 ἂν
1372 3878 1656 3944 περιεῖχεν·
1697 3878 1896 3947 Ἰησοῦς

331 3954 400 4007 τὸ
440 3955 707 4024 σωτήριόν
754 3973 852 4024 μου
887 3957 942 4008 ἐν
973 3958 1047 4027 τῷ
1076 3959 1191 4028 Θεῷ
1227 3963 1523 4030 τυγχάνων,
1561 3966 1652 4017 καὶ
1695 3970 1749 4018 ἐν
1787 3970 1895 4029 τοῖς

336 4043 559 4106 κόλποις
592 4044 689 4096 τοῦ
720 4045 948 4114 Πατρὸς,
995 4047 1152 4111 αὐτός
1185 4051 1329 4102 ἐστιν
1375 4054 1406 4121 ἡ
1447 4053 1572 4118 δόξα
1611 4073 1708 4124 μου
1748 4059 1838 4109 καὶ
1868 4060 1896 4110 6

337 4133 511 4199 φύλαξ
543 4151 670 4203 μου,
698 4135 791 4188 καὶ
815 4137 842 4187 6
866 4136 993 4198 Θεὸς
1019 4138 1117 4206 τῆς
1150 4139 1392 4208 βοηθείας
1427 4159 1546 4210 μου,
1579 4147 1669 4196 καὶ
1691 4147 1721 4214 ή
1746 4146 1894 4210 ἐλπίς

339 4238 442 4290 μου
470 4225 503 4291 ἡ
539 4225 599 4274 ἐν
636 4224 714 4292 τῷ
748 4225 881 4293 Θεῷ.
915 4227 1096 4279 Ταῦτα
1127 4227 1232 4299 γὰρ
1260 4229 1432 4282 πάντα
1459 4233 1487 4283 6
1513 4233 1603 4285 τοῦ
1630 4233 1762 4287 Θεοῦ
1798 4236 1894 4288 Λό-

337 4328 429 4376 γος
455 4315 574 4364 ἐστὶ
615 4316 728 4374 τοῖς
765 4315 842 4374 εἰς
876 4316 1034 4368 αὑτὸν
1075 4317 1361 4379 ἐλπίζουσι.
1403 4321 1493 4373 Διὸ
1526 4325 1616 4375 καὶ
1648 4327 1782 4378 κατά
1807 4327 1892 4378 τὸν

303 4441 306 4444 .
350 4401 578 4456 ’Δκύλαν
613 4402 844 4471 εἴρηται·
878 4423 894 4453 ι
940 4406 1060 4457 Ἐπὶ
1083 4405 1200 4475 Θεῷ
1230 4411 1488 4479 σωτήριόν
1524 4429 1622 4481 μου
1658 4417 1748 4466 καὶ
1769 4415 1891 4481 δόξα

1999 3244 2174 3310 posuit
2214 3243 2352 3297 Deus
2384 3247 2812 3314 propitiationem
2847 3265 2937 3317 per
2984 3251 3138 3305 ﬁdem
3183 3252 3234 3303 in
3275 3254 3535 3320 sanguine

1999 3333 2166 3400 ipsius
2198 3333 2262 3398 “3;
2302 3354 2319 3384 ι
2355 3349 2416 3388 ac
2461 3351 2672 3390 rursum
2706 3356 2717 3390 :
2757 3355 2774 3387 ι
2814 3339 2868 3390 Si
2903 3339 3024 3407 quis
3071 3341 3389 3408 peccaverit,
3439 3341 3534 3394 ad-

1997 3430 2241 3476 vocatum
2275 3425 2534 3480 habemus
2582 3427 2720 3495 apud
2771 3426 2957 3491 Deum,
3021 3427 3202 3483 Iesum
3259 3431 3530 3484 Christum

1991 3512 2217 3579 justum,
2272 3522 2321 3567 ct
2370 3516 2483 3583 ipse
2531 3526 2611 3570 est
2655 3517 2964 3586 propitiatio
3010 3536 3104 3588 pro
3149 3521 3383 3590 peccatis
3431 3537 3531 3574 no-

1995 3601 2119 3653 stris
2147 3601 2212 3665 “,
2255 3620 2273 3652 ι
2306 3603 2384 3655 sic
2413 3612 2464 3656 ct
2497 3603 2598 3657 hoc
2644 3605 2760 3658 loco
2807 3605 3026 3672 dicitur,
3070 3607 3125 3661 In
3169 3608 3274 3661 Deo
3299 3610 3534 3663 salutare

1995 3707 2169 3746 meum
2213 3702 2265 3745 et
2304 3694 2470 3762 gloria
2517 3709 2653 3758 mea,
2700 3703 2752 3748 et
2796 3697 3052 3749 auxilium
3109 3714 3281 3751 meum
3327 3709 3378 3752 et
3412 3716 3531 3767 spes

1994 3795 2129 3834 mea.
2191 3781 2264 3833 Ita
2309 3792 2363 3834 ut
2394 3783 2439 3836 si
2478 3783 2749 3837 llebraica:
2767 3786 2912 3838 vocis
2945 3787 3304 3855 signiﬁcatum
3333 3789 3532 3844 clarius

1995 3870 2048 3923 in
2095 3871 2530 3940 interpretatione
2582 3875 2812 3942 positum
2867 3875 3074 3940 fuisset,
3134 3880 3211 3932 sic
3265 3879 3527 3933 haberet:

1992 3957 2146 4013 Jesus
2179 3961 2410 4014 salutare
2445 3977 2618 4015 meum
2644 3963 2696 4015 in
2742 3961 2850 4016 Deo
2884 3964 3170 4026 exsistens,
3211 3975 3264 4018 et
3307 3969 3358 4018 in
3408 3967 3528 4020 siml

1994 4051 2186 4112 Patris.
2232 4054 2347 4122 ipse
2374 4063 2456 4106 est
2490 4055 2654 4122 gloria
2705 4069 2840 4114 mea,
2885 4064 3070 4108 custos
3109 4073 3278 4119 meus,
3309 4067 3359 4110 et
3392 4058 3530 4111 Deus

1993 4144 2174 4196 auxilii
2206 4145 2306 4198 mei
2343 4154 2393 4197 et
2425 4160 2548 4213 spes
2593 4159 2729 4206 mea,
2760 4160 2879 4212 qua:
2908 4145 2959 4196 in
3003 4144 3112 4195 Deo
3144 4155 3241 4198 est.
3274 4146 3404 4199 Nam
3435 4147 3528 4201 Dei

1995 4231 2220 4284 \"erhum
2251 4232 2440 4285 horum
2473 4233 2711 4286 omnium
2743 4233 2861 4286 loco
2883 4241 2964 4284 est
2992 4235 3333 4300 sperantibus
3365 4236 3416 4287 in
3447 4251 3524 4289 se.

1992 4321 2167 4384 Quare
2187 4330 2240 4375 et
2276 4323 2568 4376 secundum
2597 4323 2840 4390 Aquilam
2872 4323 3071 4375 dictum
3105 4332 3187 4376 est
3219 4341 3231 4377 :
3270 4344 3288 4374 ι
3329 4323 3385 4378 In
3419 4325 3528 4380 Deo

1993 4411 2225 4463 salutare
2266 4427 2462 4471 meum,
2496 4419 2548 4464 et
2587 4411 2754 4478 gloria
2797 4425 2934 4473 mea,
2978 4411 3162 4464 lirums
3201 4411 3531 4468 fortitudini-

335 4507 457 4556 μου,
503 4491 728 4561 στερεὸς
765 4493 995 4562 κράτους
1039 4511 1160 4560 μου,
1200 4495 1351 4558 ἐλπίς
1392 4516 1491 4567 μου
1518 4503 1576 4552 ἐν
1604 4502 1737 4571 Θεῷ.
1778 4505 1889 4555 Ἐλ-

1999 4517 2140 4560 mae,
2173 4517 2294 4569 spes
2323 4517 2437 4554 mea
2472 4502 2523 4553 in
2562 4499 2684 4553 Deo.
2722 4500 2942 4568 Sperate
2979 4500 3031 4551 in
3061 4517 3124 4555 eo
3153 4505 3328 4557 omnis
3367 4521 3529 4575 syna-

333 4579 525 4631 πίσατε
587 4581 675 4630 ἐπ’
714 4580 892 4643 αὐτὸν,
960 4582 1105 4632 πᾶσα
1141 4586 1421 4654 συναγωγὴ
1468 4587 1625 4641 λαῶν·
1670 4593 1889 4661 ὲκχέατε

292 4666 562 4721 ἐνώπιον
609 4669 772 4720 αὐτοῦ
813 4670 910 4730 τὰς
955 4670 1179 4739 καρδίας
1221 4673 1389 4741 ὑμῶν.
1446 4677 1502 4728 '0
1539 4679 1668 4742 Θεὸς
1703 4681 1889 4751 βοηθὸς

316 4756 509 4828 ἡμῶν,
567 4758 873 4826 Διάψαλμα.
930 4780 948 4810 ο
1010 4764 1409 4830 Μνημονεύσας’
1449 4768 1540 4819 τοῦ
1599 4771 1887 4842 Σωτηρίου,

306 4849 586 4910 συνεῖδεν,
640 4849 719 4899 ὅτι
768 4850 826 4900 οὐ
879 4851 1042 4918 μόνον
1085 4853 1248 4904 αὑτοῦ
1291 4854 1673 4924 θεραπευτικὸν
1718 4863 1884 4926 ἔσται,

298 4939 501 4991 κοινὸν
537 4939 596 4993 δὲ
628 4941 917 5008 γενήσεται
959 4941 1192 5006 ἀγαθόν·
1231 4944 1308 4995 διὸ
1348 4947 1432 4995 ἐπ’
1472 4949 1599 5001 αὐτὸ
1633 4953 1888 5019 συγκαλεῖ

289 5031 442 5090 τοὺς
470 5027 697 5089 πάντας,
725 5027 1022 5094 φιλαυτίαν
1045 5031 1140 5096 μὲν
1161 5032 1558 5099 ἐκτρεπόμενος,
1591 5024 1885 5110 φιλανθρω-

289 5118 442 5170 πίαν
478 5115 536 5167 δὲ
565 5116 658 5167 καὶ
695 5115 792 5183 τὴν
828 5115 974 5183 πρὸς
1008 5117 1136 5177 τοὺς
1174 5117 1334 5178 πέλας
1372 5120 1582 5190 ἀγάπην
1612 5126 1881 5180 ἐνδεικνύ-

279 5216 486 5271 μενος.
528 5203 942 5276 Προσκαλεῐται
974 5204 1156 5256 τοίνυν
1184 5206 1251 5267 ὡς
1280 5208 1366 5257 ἐπὶ
1397 5213 1651 5279 σωτήριον
1690 5215 1881 5285 λιμένα
1936 5215 1938 5218 ’

258 5299 540 5354 ί-ῖκάσκων·
597 5315 616 5344 ι
672 5290 974 5344 Ἐλπίσατε
1031 5293 1118 5342 ἐπ’
1177 5294 1348 5355 αὑτὸν,
1407 5298 1543 5349 πᾶσα
1588 5307 1880 5376 συναγωγὴ

223 5377 270 5420 λς
307 5391 447 5445 ad”,
485 5407 505 5438 ,
547 5385 580 5453 ἢ
620 5380 768 5435 κατὰ
796 5378 898 5428 τὸν
943 5379 1198 5442 Ἀκύλαν,
1225 5399 1242 5430 ι
1283 5382 1620 5452 Ἀμεριμνᾶτε
1649 5391 1714 5441 ἐν
1735 5394 1881 5463 αὐτῷ

212 5446 254 5502 L
306 5499 325 5527 ι
365 5479 531 5534 παντὶ
569 5467 782 5538 καιρῷ,
815 5465 978 5524 λαός.
1024 5485 1042 5512 ι
1085 5469 1493 5539 Ἀμεριμνῶντας
1518 5476 1571 5528 δὲ
1621 5481 1685 5529 ἐν
1731 5483 1880 5552 αὐτῷ

235 5559 347 5620 καὶ
397 5565 766 5628 ἐλπίζοντας,
825 5552 1114 5616 ἐξαπλοῦν
1150 5561 1390 5629 προσήκει
1421 5566 1535 5627 τοὺς
1571 5567 1880 5637 λογισμοὺς

300 5739 348 5780 ⁵⁷
395 5735 654 5801 ΡΙΙΗῘΙΨ-
700 5739 778 5782 ’ν’
828 5720 925 5770 Ῐδ·
1016 5721 1060 5752 θ’
1103 5723 1245 5782 Ront.
1283 5746 1351 5795 tu,
1385 5733 1441 5785 :24
1473 5735 1518 5763 ι·-

1987 4605 2116 4658 goga
2166 4590 2478 4656 populorum
2527 4608 2538 4640 :
2582 4588 2834 4640 elTundite
2887 4603 3067 4640 coratn
3110 4590 3200 4643 illo
3234 4592 3394 4645 corda
3439 4609 3530 4648 vc-

1989 4685 2118 4729 stra.
2149 4676 2289 4730 Deus
2328 4676 2540 4744 adjutor
2571 4685 2773 4730 noster.
2804 4675 3126 4744 Diapsalma.
3178 4697 3196 4728 ι
3236 4679 3526 4750 Postquam

1987 4767 2223 4819 salutare
2256 4769 2587 4827 memoravit,
2628 4766 2844 4835 agnovit
2873 4781 2976 4818 non
3007 4768 3180 4820 solum
3215 4771 3315 4822 sibi
3347 4772 3527 4826 mede-

1992 4857 2092 4908 lam
2124 4857 2432 4916 allaturum,
2457 4858 2546 4909 sed
2576 4870 2860 4910 commune
2885 4856 3080 4909 bonum
3106 4855 3345 4911 futurum
3370 4876 3521 4915 esse:

1989 4961 2154 5013 quare
2194 4946 2258 4998 ad
2308 4947 2480 5014 ipsum
2519 4961 2705 4998 omnes
2743 4953 2963 5004 evocat,
3012 4959 3308 5014 eversoque
3347 4966 3527 5004 amore

1990 5037 2223 5104 proprio,
2258 5037 2638 5089 humanitatem
2673 5043 2726 5087 et
2774 5036 3136 5102 proximorum
3181 5037 3521 5093 dilectionem

1987 5125 2217 5178 exhibet.
2251 5123 2412 5189 Quasi
2459 5139 2586 5192 ergo
2617 5123 2682 5175 ad
2729 5126 3011 5176 salutarem
3071 5133 3284 5191 portmn
3337 5129 3516 5182 invitat

1986 5214 2071 5268 his
2100 5216 2276 5268 verbis
2310 5234 2322 5268 :
2358 5234 2374 5264 ι
2399 5214 2616 5282 Sperate
2649 5211 2701 5262 iu
2733 5228 2817 5267 eo.
2849 5212 3021 5265 omnis
3047 5218 3389 5283 congregatio
3423 5235 3508 5286 po-

1988 5305 2252 5372 pulorum,
2289 5325 2304 5354 ι
2338 5307 2466 5366 sive,
2485 5301 2774 5356 secundum
2801 5302 3066 5370 Aquilam,
3101 5320 3117 5349 ι
3150 5302 3349 5358 Set-ure
3383 5310 3516 5376 agite

1987 5396 2040 5447 in
2080 5397 2219 5465 ipso,
2251 5395 2391 5447 omni
2434 5402 2686 5460 tempore,
2747 5393 2992 5460 populus.
3037 5409 3054 5437 ι
3097 5389 3298 5447 Securo
3362 5411 3521 5463 porro

1987 5497 2200 5556 agentes
2239 5503 2300 5539 ae
2333 5495 2602 5554 sperantes
2634 5483 2686 5535 in
2729 5483 2846 5550 ipso
2894 5498 2986 5550 par
3024 5494 3104 5534 est
3161 5486 3518 5552 cogitationes

1988 5579 2088 5644 ipsi
2121 5579 2344 5646 apelirc,
2381 5584 2430 5630 et
2462 5576 2645 5627 anima'
2671 5576 2882 5626 morbos
2913 5583 3164 5638 tauquam
3195 5574 3406 5642 medico
3429 5591 3516 5644 pa-
