3818 6372
546 436 647 491 535

1206 419 1466 477 EUSEBII
1499 407 1966 468 CAISARIENSIS
1996 405 2076 459 ΟΡ

2184 400 2361 455 PARS
2400 400 2487 452 ΙΙΙ.
2531 426 2595 434 --
2634 370 3057 445 ΕΧΕΟΕΤΙΟΑ(
3460 369 3525 421 ιιι

544 545 793 597 tel‘arere.
842 539 1194 605 Quamobrem
1232 529 1502 597 subiungit
1543 544 1556 578 :
1597 543 1614 575 ι
1671 520 1935 575 Ell‘undite
1976 532 2067 570 co-

2164 515 2255 565 xai.
2287 513 2382 581 τῆς
2417 509 2589 578 ψυχῆς
2621 499 2967 570 ἀπογυμνοῦν
3018 490 3134 558 αὑτῷ
3167 487 3308 551 ὥσπερ
3338 481 3462 550 ἰατρῷ
3493 486 3538 605 :5

2421 602 2429 605 -
2482 603 2490 605 Α
2567 598 2580 605 -
2610 598 2620 605 -
2854 592 2911 605 an
3002 586 3096 605 ιμ--
3137 574 3310 605 κηδεμών
3335 571 3455 605 ,θυι-ρ.ἶὶ
3479 588 3500 605 ρ
3532 589 3538 601 ι

542 648 654 687 ram
690 634 779 686 illo
808 630 967 685 corda
994 634 1185 680 vestra.
1230 622 1368 675 Deus
1408 618 1617 683 adiutor
1661 622 1860 667 noster.
1901 629 1919 660 ι
1958 607 2064 659 Ad-

540 723 790 786 jmurem,
828 716 1028 783 inquit,
1079 712 1332 764 habentes
1388 705 1521 759 nihil
1586 700 1916 761 subducatis,
1965 712 2064 750 nec

542 808 811 876 quidpiam
850 805 901 856 in
936 809 1108 856 mente
1140 798 1445 858 occultetis,
1477 793 1568 847 sed
1590 790 1840 859 expansis
1878 788 2065 840 animae

543 893 909 961 receptaculis,
948 887 1289 943 absconditas
1318 883 1391 937 ibi
1418 880 1766 950 cogitationes
1796 877 2022 931 revelate
2047 893 2059 928 :

544 982 768 1049 ipsique,
801 987 985 1048 utpote
1020 976 1111 1046 qui
1150 974 1330 1029 omnia
1368 986 1557 1026 curare
1587 968 1775 1038 possit,
1810 980 1903 1020 vos
1937 980 2065 1018 con-

544 1070 764 1123 credite.

617 1260 775 1317 Vsns.
824 1260 908 1314 l0.
966 1278 983 1310 ι
1023 1257 1403 1312 Verumtamen
1454 1253 1576 1308 vani
1628 1252 1721 1305 ﬁlii
1768 1249 2065 1310 hominum,

543 1351 826 1405 mendaces
854 1348 944 1401 lilii
971 1348 1243 1401 hominum
1272 1346 1325 1398 in
1356 1344 1590 1405 stateris,
1622 1350 1679 1396 ut
1708 1340 1954 1409 iniuriam
1990 1336 2067 1389 fa-

544 1442 688 1494 ciant
746 1439 848 1508 ipsi
890 1454 951 1492 ex
993 1440 1227 1490 vanitate
1275 1436 1328 1488 in
1380 1434 1631 1501 idipsum.
1667 1450 1685 1481 ›
1738 1431 1795 1483 1η
1864 1442 2066 1481 xxxvm

544 1539 756 1594 quoque
777 1523 1086 1578 dicebatur:
1118 1540 1135 1571 ι
1166 1520 1540 1574 Verumtamen
1570 1519 1814 1572 universa
1840 1516 2066 1578 vanitas,

545 1616 719 1670 omnis
746 1615 903 1667 homo
929 1612 1111 1666 vivens
1140 1612 1217 1674 ’°;
1256 1629 1274 1661 ι
1326 1624 1389 1663 ac
1425 1623 1637 1663 rursum
1681 1624 1694 1660 :
1740 1625 1759 1656 ι
1789 1604 2068 1659 Verumta-

546 1719 669 1758 men
716 1717 851 1756 vane
901 1700 1288 1754 conturbantur
1315 1698 1394 1761 7‘;
1433 1716 1450 1748 ι
1483 1704 1534 1751 et
1566 1715 1577 1749 :
1636 1713 1654 1746 ι
1691 1693 2068 1748 Verumtamen

548 1792 601 1844 in
629 1790 856 1859 imagine
883 1787 1173 1858 pertransit
1211 1786 1368 1839 homo
1398 1786 1462 1837 ⁷³.
1504 1802 1522 1834 ι
1557 1783 1652 1836 Hic
1680 1796 1891 1850 quoque
1923 1780 2071 1833 simi-

2162 571 2446 673 isdem-aii;
2478 571 2739 664 ἐπιλέγειο
2788 612 2805 644 ι
2854 586 3098 656 Ἐκχέατε
3137 574 3310 673 ἐνώπιον
3335 571 3456 673 abici:
3479 574 3545 632 τὰς

2161 663 2381 764 καρδίας
2424 688 2594 758 ὑμῶν.
2642 663 2719 736 νὈ
2761 680 2894 741 Θεὸς
2954 664 3333 764 βοηθὸς-ἰῆμιῖἰνσδ
3369 663 3555 764 Ἔχοντες

2160 749 2284 847 γὰρ,
2326 749 2473 845 φησὶ,
2505 772 2710 843 βοηθὸν,
2749 766 2912 837 μηδὲν
2959 753 3300 814 ὑποστέλλεσθε,
3329 749 3429 847 μηδὲ
3457 766 3496 800 τι

2161 871 2278 929 ταῖς
2305 865 2560 925 διανοίαις
2588 862 2616 912 ὑ
2626 859 2736 929 μῶν
2770 850 3148 922 ὑποκρύπτετε,
3170 839 3510 896 ἀναπετάσαντες
3531 835 3569 886 δέ

2162 954 2227 1006 τὰ
2249 923 2467 1022 ταμιεῖα
2514 923 2847 1017 τῆςῠψυχῆς,
2890 941 3019 1001 τοὺς
3049 936 3095 986 ἐν
3122 932 3236 1022 αοτῇ
3263 923 3574 1022 κρυπτομένους

2163 1010 2444 1110 λογισμοὺς
2473 1010 2899 1098 ἀνακαλύπτετε,
2931 1029 3009 1089 ὡς
3036 1022 3089 1077 ἂν
3118 1020 3237 1092 μόνῳ
3257 1013 3407 1110 ἀγαθῷ
3424 1013 3500 1065 xui.
3520 1010 3583 1063 δυο

2164 1134 2304 1203 νατῷ
2328 1132 2394 1185 τὰ
2414 1132 2587 1184 πάντα
2616 1126 2797 1180 ἰᾶσθαι
2826 1119 3052 1180 ἑαυτοὺς
3071 1107 3431 1184 ἐμπιστεύοντες.

2237 1265 2254 1295 ι
2294 1243 2435 1313 Πλὴν
2474 1242 2689 1311 μάταιοι
2718 1237 2768 1289 οἱ
2803 1233 2911 1286 υἱοὶ
2943 1230 3050 1282 τῶν
3074 1220 3348 1292 ἀνθρώπων,
3371 1217 3543 1286 ψευδεῖς
3566 1215 3600 1267 οῖ

2164 1336 2268 1387 υἱοὶ
2305 1334 2408 1385 τῶν
2439 1328 2736 1401 ἀνθρώπων
2774 1328 2831 1377 ἐν
2868 1321 3039 1391 ζυγῷ,
3070 1316 3149 1369 τοῦ
3178 1311 3390 1375 ἀδικῆσαι
3415 1309 3538 1361 αὐτοὶ
3561 1309 3600 1358 ἐκ

2170 1423 2515 1495 ματαιότητος
2545 1399 2634 1471 ἐπὶ
2678 1416 2739 1468 τὸ
2782 1413 2935 1466 αὑτό.
2973 1430 2990 1461 ›
3037 1409 3135 1461 Καὶ
3164 1407 3215 1456 ἐν
3241 1401 3310 1471 τῷ
3337 1400 3401 1470 λη’
3429 1399 3599 1495 ἐλέγ-ετο

2172 1488 2188 1562 ὲ
2220 1512 2360 1581 Πλὴν
2387 1488 2453 1562 τὰ
2481 1508 2764 1576 σύμπαντα
2790 1500 3101 1572 ματαιότης,
3120 1496 3214 1556 πᾶς
3232 1491 3471 1560 ἄνθρωπος
3490 1488 3587 1581 ξῦν.

2166 1604 2271 1655 Καὶ
2302 1578 2476 1654 πάλινο
2517 1617 2534 1648 ι
2560 1597 2702 1665 Πλὴν
2736 1594 2913 1663 μάτην
2937 1588 3292 1658 ταράσσονται”
3316 1600 3331 1632 ι
3359 1580 3453 1642 καὶ,
3481 1596 3497 1629 ι
3521 1578 3597 1631 bis

2167 1708 2309 1758 τοιγε
2342 1693 2398 1741 ἐν
2430 1688 2594 1741 εἰκόνι
2620 1682 3003 1753 διαπορεύεται
3037 1676 3315 1746 ἄνθρωπος.
3356 1690 3370 1721 ι
3398 1667 3598 1758 Κάνταῦί

2171 1751 2465 1848 συμφώνως
2511 1773 2734 1833 ἐκείνοις
2776 1751 3028 1821 λέλεκται
3069 1763 3134 1815 τὰ
3166 1759 3481 1831 προκείμενα
3511 1751 3600 1808 δι“ἰ

547 1883 618 1934 lia
659 1881 909 1934 dicuntur
958 1898 972 1933 :
1015 1880 1167 1947 queis
1214 1877 1498 1931 edocemur
1543 1875 1595 1927 in
1638 1887 1745 1926 uno
1788 1870 2070 1924 Servatore

2170 1839 2522 1935 δῶασκόμεθα
2556 1863 2644 1914 ἐπὶ
2676 1861 2833 1930 μόνον
2864 1858 2957 1909 τὸν
2989 1854 3210 1923 Σωτῆρα
3250 1848 3481 1910 ἐλπίζειν,
3504 1848 3597 1899 κάκ

550 1986 695 2040 spem
725 1985 942 2039 ponere,
974 1969 1251 2036 ipsumque
1281 1964 1434 2017 nobis
1461 1963 1754 2031 adjutorem
1779 1960 2070 2022 ascribere,

548 2060 977 2129 quandoquidem
1006 2072 1190 2110 omnes
1219 2054 1313 2109 lilii
1350 2052 1645 2114 hominum,
1685 2051 1894 2105 etiamsi
1927 2050 2073 2119 prin-

549 2152 696 2218 cipes
739 2150 1021 2203 videantur
1068 2160 1207 2207 esse,
1239 2144 1484 2213 quamvis
1518 2142 1742 2194 multum
1795 2141 1850 2193 in
1878 2139 2074 2192 mundo

549 2239 777 2299 valeant,
810 2235 931 2290 vani
967 2241 1117 2300 sunt;
1162 2233 1293 2297 sive,
1337 2230 1631 2285 secundum
1676 2228 2073 2298 Symmachum,

557 2344 575 2377 ι
615 2341 802 2395 vapor,
841 2344 860 2377 ι
917 2324 1062 2378 brevi
1113 2322 1277 2375 futuri
1318 2338 1335 2370 ι
1373 2328 1621 2388 tanquam
1673 2318 1867 2386 pulvis,
1919 2330 2074 2385 quem

550 2414 763 2484 proiicit
798 2420 988 2468 ventus
1035 2426 1064 2484 a
1098 2411 1230 2464 facie
1280 2417 1435 2462 terras
1463 2409 1526 2459 ⁷³.
1569 2426 1587 2458 ι
1639 2405 1773 2459 Hinc
1825 2405 2076 2458 Salomon

552 2483 719 2573 patris
749 2516 847 2554 usu
874 2508 927 2555 et
951 2483 1213 2567 exemplo,
1247 2518 1264 2548 ι
1304 2496 1525 2550 Vanitas
1549 2496 1865 2555 vanitatum,
1898 2493 2075 2546 omnia

550 2583 759 2640 vanitas
781 2586 844 2651 ⁷⁸,
877 2604 894 2636 ›
921 2594 972 2639 et
994 2587 1183 2638 similia
1203 2586 1435 2652 scripsit.
1461 2583 1738 2637 Mendaces
1765 2596 1923 2650 porro
1945 2581 2078 2634 duo-

551 2677 653 2731 bus
696 2676 870 2729 modis
919 2682 1043 2729 sunt
1075 2673 1166 2726 lilii
1200 2673 1501 2737 hominum;
1539 2672 1710 2724 altero
1737 2671 1861 2739 quia
1892 2669 2076 2738 procul

553 2779 584 2821 a
612 2765 832 2818 veritate
862 2763 1169 2817 aberrantes
1220 2761 1351 2814 falsa
1385 2762 1710 2829 loquuntur;
1742 2759 1910 2812 altero
1954 2758 2077 2825 quia

553 2851 831 2905 fraudibus
884 2849 1281 2917 mendaciisque
1317 2848 1562 2901 credulos
1602 2847 1705 2901 sibi
1749 2846 1803 2899 in
1843 2859 2077 2899 errorem

552 2941 844 2995 deducunt.
870 2938 1044 3003 Quare
1067 2938 1262 2991 talibus
1290 2952 1408 2990 sese
1433 2936 1650 2990 credere
1685 2950 1790 2989 non
1822 2934 2032 3003 expedit
2061 2952 2072 2986 :

552 3029 766 3083 mentiri
808 3029 1003 3098 quippe
1049 3028 1242 3089 solent,
1274 3042 1446 3095 neque
1476 3033 1557 3080 est
1588 3026 1642 3079 in
1679 3025 1808 3093 ipsis
1840 3024 2073 3086 veritas;

553 3116 647 3171 sed
677 3117 835 3170 etiam
867 3123 1075 3169 staterae
1096 3116 1285 3167 animas
1311 3114 1547 3182 ipsorum
1586 3112 1718 3165 nihil
1751 3112 1976 3180 justum,
2001 3126 2075 3163 ae-

553 3204 765 3274 quabile
796 3204 928 3259 nihil
957 3204 1181 3265 habent;
1210 3203 1299 3257 sed
1324 3217 1443 3255 cum
1470 3202 1573 3255 alio
1597 3201 1939 3263 inclinentur,
1967 3199 2075 3267 juri

552 3291 818 3344 contraria
856 3297 1133 3359 peragunt.
1164 3287 1259 3342 His
1310 3304 1450 3358 ergo,
1487 3288 1685 3357 iniquis
1722 3288 1935 3342 stateris
1965 3288 2078 3341 suis

552 3380 840 3433 vanitatem
872 3378 1285 3441 administrant,
1332 3379 1612 3432 veritatem
1653 3378 1874 3445 ejusque
1912 3377 2076 3432 Deum

553 3468 781 3523 aversati
824 3486 838 3521 :
880 3483 1044 3537 quare
1072 3484 1179 3522 non
1209 3468 1455 3522 convenit
1483 3483 1539 3521 se
1564 3468 1695 3536 ipsis
1726 3466 2077 3532 concredere;

555 3557 650 3611 sed
698 3572 819 3612 eum
854 3557 1049 3620 solum,
1107 3556 1198 3625 qui
1250 3554 1493 3609 Salvator
1522 3556 1740 3620 dicitur,
1785 3556 2079 3625 adjutorem

559 3647 849 3701 ascribere.

629 3750 790 3809 Vens.
825 3753 910 3807 tl.
947 3772 967 3805 ι
1000 3753 1175 3808 Nolite
1197 3770 1414 3825 sperare
1443 3756 1499 3809 in
1533 3757 1831 3825 iniquitate,
1865 3766 1918 3812 et
1940 3758 2084 3826 rapi-

557 3858 681 3898 nam
712 3843 875 3898 nolite
906 3845 1284 3914 concupiscere
1310 3862 1325 3909 ;
1355 3844 1554 3899 divitiae
1583 3847 1628 3901 si
1654 3847 1888 3909 aﬂluant,
1917 3849 2083 3901 nolite

558 3948 654 3986 cor
691 3947 974 4003 apponere.
1025 3954 1041 3985 ι
1104 3933 1163 3987 In
1212 3951 1417 3991 xxxvm
1479 3951 1689 4005 quoque
1753 3937 1956 4005 psalmo
2005 3936 2085 3989 af-

560 4023 687 4077 ﬁnia
721 4023 872 4078 bisce
922 4024 1175 4078 dicuntur
1232 4042 1245 4077 :
1305 4043 1324 4077 ι
1356 4022 1738 4079 Verumtamen
1776 4039 1909 4078 vane
1953 4039 2084 4078 con--

556 4113 861 4171 turbantur.
924 4117 1315 4179 Tbesaurizat,
1358 4122 1413 4170 et
1468 4115 1677 4184 ignorat
1726 4114 1814 4168 cui
1861 4129 2086 4185 congre-

558 4205 701 4275 gabit
729 4207 872 4260 ea".
913 4225 931 4259 ι
963 4206 1099 4272 Quia
1139 4206 1301 4276 igitur
1326 4205 1417 4276 qui
1443 4204 1725 4260 thesauros
1757 4204 1809 4257 in
1827 4211 1969 4258 terra
2000 4218 2085 4257 re-

559 4292 761 4356 condit,
790 4299 842 4347 et
872 4296 1129 4363 pecunias
1161 4293 1356 4347 multas
1389 4292 1613 4362 colligit,
1645 4293 1698 4347 in
1728 4308 1924 4346 vanum
1954 4306 2086 4345 con-

558 4392 769 4451 gregat;
800 4398 971 4451 neque
1013 4382 1154 4436 enim
1196 4382 1264 4436 iis
1309 4383 1422 4451 ipse
1452 4396 1673 4451 prorsus
1705 4381 1930 4445 fruetur,
1959 4396 2081 4435 cum

2173 1976 2259 2011 vov
2292 1955 2478 2026 βοηθὸν
2511 1948 2925 2020 ἐπιγράφεσθαιο
2962 1943 3146 2012 ἐπειδὴ
3182 1940 3371 1999 πάντες
3393 1938 3431 1987 οἱ
3459 1936 3553 2026 υἱοὶ
3580 1951 3596 1982 τ

2173 2044 2486 2117 ἀνθρώπων,
2534 2042 2635 2094 κάν
2682 2040 2940 2109 ἄρχοντες
2988 2029 3126 2085 εἶναι
3169 2031 3387 2089 δοκοῖεν,
3418 2022 3508 2076 κᾶν
3538 2023 3600 2073 πο

2172 2115 2451 2205 δυνάμενοι
2483 2130 2621 2184 κατὰ
2645 2129 2736 2182 τὸν
2774 2128 2909 2196 βίον,
2954 2125 3193 2194 μάταιοιο
3228 2120 3263 2190 ἢ
3296 2117 3427 2172 κατὰ
3454 2115 3534 2167 τὸν
3562 2116 3597 2165 Σ

2179 2243 2364 2296 μαχον,
2401 2243 2418 2272 ι
2448 2220 2634 2291 ἀτμὸς,
2670 2238 2687 2268 ι
2722 2217 2836 2287 μετ’
2861 2214 3044 2281 ὀλίγον
3076 2214 3329 2280 ἐσόμενοι
3361 2226 3378 2257 ι
3410 2206 3528 2257 (eos).
3547 2222 3601 2274 χν

2174 2318 2230 2370 ὃν
2265 2314 2505 2384 ἐκρίπτει
2546 2310 2741 2376 ἄνεμος
2776 2304 2883 2357 ἀπὸ
2925 2300 3231 2372 προσώπου
3279 2300 3381 2367 τῆς
3409 2297 3519 2365 γῆς.
3552 2313 3567 2344 ι

2174 2403 2359 2456 τεῦθεν
2386 2402 2415 2454 ὁ
2448 2394 2693 2464 Σολομὼν
2723 2390 3031 2459 ὠφεληθεὶς
3055 2389 3150 2440 τὸν
3188 2387 3429 2457 πατέρα,
3461 2402 3477 2433 ι
3507 2384 3602 2435 Ma:

2175 2510 2272 2561 της
2306 2487 2693 2560 ματαιοτὴτων,
2743 2482 2811 2533 τὰ
2858 2480 3041 2532 πάντα
3093 2478 3431 2548 ματαιότης,
3464 2493 3481 2525 ι
3523 2476 3602 2525 καῖ

2173 2582 2389 2633 τοιαῦτα
2421 2578 2640 2647 ἔγραφε.
2674 2572 2905 2633 Ψευδεῖς
2930 2571 2989 2622 δέ
3029 2571 3142 2621 είσι
3178 2570 3332 2621 κατὰ
3355 2570 3449 2622 δύο
3467 2568 3601 2636 τρόπι

2175 2671 2278 2721 υἱοὶ
2306 2670 2409 2720 τῶν
2440 2665 2754 2735 ἀνθρώπων·
2779 2661 2901 2714 καθ’
2928 2661 3028 2712 ἕνα
3060 2661 3166 2729 μὲν
3191 2656 3602 2729 ψευδολογοῦντι

2180 2759 2391 2831 μακρὰν
2433 2758 2530 2826 τῆς
2570 2754 2823 2825 ἀληθείας
2871 2753 3332 2823 ἀπερριμμένοι·
3382 2749 3526 2805 κατὰ
3562 2749 3602 2800 θ(

2175 2851 2231 2903 δὲ
2255 2848 2484 2909 ἀπάταις
2510 2847 2602 2898 καὶ
2634 2843 3013 2913 ψευδολογίαις
3041 2842 3395 2905 πλανῶντες
3421 2842 3543 2902 τοὺς
3575 2857 3602 2889 τι

2175 2958 2329 3003 οντας
2362 2939 2558 2999 αὐτοῖς.
2590 2935 2680 2987 Διὸ
2706 2935 2765 2986 ού
2792 2935 3068 3004 προσήκει
3101 2937 3228 2997 τοῖς
3257 2933 3540 2993 τοιούτοις
3578 2933 3602 2982 ἐ

2177 3030 2451 3083 ἐκδιδόναι·
2492 3026 2778 3095 ψεύδεσθαι
2808 3025 2919 3092 γὰρ
2955 3024 3231 3089 εἰώθασι,
3281 3026 3391 3078 καὶ
3440 3025 3540 3078 οὐκ
3575 3022 3599 3074 ἐ

2179 3122 2357 3181 αὐτοῖς
2403 3116 2643 3186 ἀλήθεια·
2693 3114 2831 3168 ἀλλὰ
2875 3116 2972 3166 καὶ
3019 3114 3199 3181 ζυγοὶ
3251 3116 3371 3185 τῆς
3418 3112 3602 3168 αὐτῶν

2179 3210 2325 3262 οὐδὲν
2353 3208 2553 3260 δίκαιον
2579 3205 2698 3257 οὐδὲ
2729 3205 3024 3275 ἰσόρροπον
3074 3206 3505 3276 περιέχουσιν
3548 3205 3602 3254 ἐτ

2179 3302 2284 3361 νεῖς
2315 3297 2370 3349 δὲ
2388 3296 2556 3357 ὄντες,
2581 3293 2838 3346 τάναντία
2858 3293 2935 3362 τῷ
2956 3293 3176 3364 δικαίῳ
3214 3296 3580 3366 πράττουσι.

2176 3383 2266 3440 οὖν
2310 3388 2419 3447 τοῖς
2465 3383 2667 3445 ἀδίκοις
2698 3381 2875 3434 αὐτῶν
2904 3381 3105 3449 ζυγοῖς
3140 3384 3263 3454 τὴν
3305 3384 3600 3455 ματαιότη

2179 3478 2384 3539 έπουσι,
2414 3476 2510 3544 τὴν
2542 3472 2794 3543 ἀλήθειαν
2832 3474 2926 3524 καὶ
2962 3473 3061 3525 τὸν
3113 3475 3368 3547 ταύτης
3401 3478 3549 3530 Θεὸν
3581 3477 3599 3527 ἐ

2185 3568 2418 3637 φόμενοιο
2451 3564 2530 3616 διὸ
2558 3564 2617 3615 ού
2653 3565 2921 3632 προσήκει
2961 3564 3175 3627 αὐτοῖς
3219 3567 3596 3637 ﬁguras-ceris:

2178 3658 2233 3709 δὲ
2262 3657 2351 3709 τὸν
2378 3653 2630 3725 λεχθέντα
2662 3652 2890 3722 Σωτῆρα
2927 3653 3144 3723 βοηθὸν
3188 3656 3596 3729 ἐπιγράφεσθ

2253 3784 2269 3816 ι
2301 3765 2391 3834 Μὴ
2434 3762 2678 3825 ἐλπίζετε
2725 3764 2815 3815 ἐπὶ
2856 3763 3117 3827 ἀδικίαν,
3172 3769 3297 3820 καὶ
3332 3769 3455 3821 ἐπὶ
3490 3772 3593 3839 api

2179 3853 2513 3907 ἐπιποθεῖτεο
2555 3850 2779 3912 πλοῦτος
2813 3850 2908 3902 ἐὰν
2944 3851 3077 3922 ῥέῃ,
3139 3855 3239 3925 μὴ
3290 3858 3594 3923 προστίθε

2180 3944 2286 4011 δίᾳ.
2332 3963 2349 3994 ι
2403 3943 2512 3994 Καὶ
2556 3944 2612 3994 ἐν
2662 3941 2739 4011 τῷ
2786 3941 2869 4010 λη’
2922 3944 3261 4010 συγγενῶς
3326 3948 3589 4009 τούτοις

2188 4050 2205 4082 ι
2242 4029 2385 4100 Πλὴν
2420 4031 2592 4100 μάτην
2624 4029 3016 4101 ταράσσονται.
3062 4031 3543 4107 Θησαυρίζει,
3592 4058 3593 4063 η

2181 4120 2374 4174 νώσκει
2398 4120 2503 4173 τίνι
2533 4119 2745 4184 συνάξει
2778 4120 2937 4173 αὑτά.
2972 4141 2992 4172 ι
3049 4124 3259 4177 Ἐπεὶ
3306 4129 3549 4183 τοίνυν
3586 4149 3596 4177 ‹

2183 4209 2408 4275 ξωνέπῖ
2446 4210 2545 4277 τῆς
2581 4210 2705 4278 γῆς,
2745 4210 2841 4262 καὶ
2876 4212 3061 4265 πολλὰ
3100 4216 3248 4286 χρή
3263 4234 3463 4285 ματα
3508 4238 3595 4272 συ

2187 4299 2408 4371 μάταιον
2442 4300 2679 4366 συνάγειο
2714 4299 2837 4352 οὔτε
2869 4300 2982 4372 γὰρ
3029 4303 3105 4370 ἐξ
3162 4307 3498 4373 ἅπαντος
3552 4330 3596 4363 α

2184 4388 2494 4450 ἀπολαύσει,
2530 4389 2783 4460 πταρμοῦ
2821 4391 3014 4461 τάχιον
3052 4396 3185 4448 τοῦ
3252 4398 3422 4468 βίου
3492 4404 3600 4471 με*

558 4476 983 4525 sternutamento
1034 4471 1201 4526 citius
1245 4486 1308 4524 ex
1356 4470 1457 4523 hac
1503 4470 1609 4524 vita
1642 4469 1962 4525 auferendus
1989 4473 2076 4534 sit,

2184 4478 2305 4532 οὔτε
2335 4480 2514 4533 ὁποῖον
2546 4478 2655 4543 ἔξει
2686 4479 2933 4551 διάδοχον
2967 4485 3304 4556 axioma);
3351 4469 3602 4544 πέττειν

558 4573 733 4627 neque
763 4559 929 4627 probe
957 4562 1091 4614 sciat
1112 4561 1203 4629 qui
1235 4561 1335 4630 ipsi
1378 4560 1548 4617 haeres
1576 4560 1787 4613 futurus
1813 4561 1882 4614 sit
1908 4578 1921 4614 :
1954 4559 2082 4629 quid

556 4660 695 4701 vane
724 4650 1077 4704 conturbatur
1109 4652 1132 4703 ’ἰ
1160 4650 1309 4705 Multi
1332 4651 1532 4720 itaque,
1555 4652 1666 4705 sive
1690 4650 2082 4721 propemodum

558 4751 766 4801 omnes,
795 4754 914 4795 sese
941 4741 1284 4810 deceperunt,
1323 4757 1445 4796 cum
1480 4741 1603 4797 liliis
1653 4748 1707 4794 et
1747 4741 2083 4796 charioribus

561 4824 750 4880 amicis
781 4842 839 4882 se
868 4828 1085 4884 divitias
1130 4831 1417 4887 relicturos
1455 4838 1765 4901 sperarent;
1802 4829 1896 4884 sed
1941 4828 2084 4897 quod

561 4910 802 4967 futurum
831 4924 974 4970 esset
1000 4917 1337 4987 ignorabant,
1366 4920 1793 4989 aberrabantque
1822 4933 1852 4972 a
1899 4933 2083 4986 scopo.

562 4997 599 5053 li
623 5001 859 5069 profecto
880 5020 1016 5059 vane
1047 5008 1331 5063 turbantur
1353 5009 1479 5065 dum
1514 5012 1795 5064 thesauros
1822 5008 2085 5071 condunt,

561 5089 869 5161 ignorantes
914 5098 1038 5166 quis
1072 5101 1418 5170 congregabit
1460 5116 1576 5157 eos.
1618 5100 1795 5166 Quare
1836 5100 2089 5155 convenit

562 5196 666 5235 non
698 5196 915 5251 sperare
956 5187 1012 5239 in
1055 5188 1411 5257 iniquitatem,
1460 5196 1514 5245 et
1559 5190 1615 5244 in
1664 5204 1752 5244 res
1804 5188 2088 5256 iniquitate

562 5277 777 5340 partas;
808 5288 981 5342 neque
1026 5276 1073 5329 si
1125 5277 1323 5332 divitiae
1367 5277 1602 5333 ﬂuminis
1646 5280 1819 5333 instar
1848 5277 2085 5341 allluant,

563 5356 682 5411 ideo
702 5359 855 5428 erigi.
887 5360 1040 5426 Quod
1072 5365 1117 5419 si
1148 5368 1361 5435 quando
1388 5368 1455 5423 de
1484 5369 1686 5424 divitiis
1714 5369 1908 5424 bonam
1938 5382 2087 5436 spem

566 5458 829 5501 sumeree
862 5464 921 5503 re
953 5450 1133 5516 fuerit,
1186 5455 1251 5508 de
1299 5458 1522 5520 divitiis.
1569 5460 1809 5529 inquam,
1840 5474 1905 5513 ex
1933 5473 2086 5526 azquo

564 5540 619 5588 et
646 5533 786 5584 bono
829 5538 995 5601 partis
1023 5555 1053 5594 a
1085 5541 1295 5612 Deoque
1324 5548 1599 5614 praebitis;
1651 5550 1740 5616 iis,
1787 5548 1953 5605 lieus!
1988 5564 2082 5603 vos

635 5690 681 5721 "
720 5690 857 5747 Psal.
896 5707 1115 5755 xxxviii,
1147 5695 1197 5748 6.
1276 5698 1316 5729 “
1359 5698 1485 5752 ibid.
1525 5700 1601 5754 l2.
1679 5704 1719 5734 ⁷³
1762 5701 1887 5756 ibid.
1924 5700 1977 5757 7.
2052 5700 2093 5731 ⁷³
2134 5699 2275 5759 Psal.
2315 5719 2362 5772 I,
2403 5708 2458 5770 ι,

2188 4566 2489 4638 θορυϐεῖται
2516 4567 2723 4635 μάτην;
2751 4569 2947 4623 Πολλοὶ
2972 4574 3141 4639 γοῦν
3171 4577 3223 4646 ἢ
3251 4582 3391 4633 καὶ
3421 4584 3602 4651 σχεδ

2189 4660 2327 4725 σφᾶς
2358 4657 2552 4719 αὐτοὺς
2581 4659 2896 4729 ⁴ὴπόιτησοιν,
2932 4667 3093 4729 υἱοῖς
3161 4670 3311 4738 μὲν
3362 4676 3505 4725 καὶ
3552 4694 3599 4743 (ς.

2186 4744 2359 4799 αὐτῶν
2405 4744 2632 4798 πλοῦτον
2674 4751 2998 4807 καταλιπεῖν
3058 4762 3595 4835 προσ-δοκήσει

2189 4851 2377 4897 σαντες
2417 4835 2473 4922 δέ
2510 4836 2572 4888 τὸ
2610 4839 2801 4907 μέλλον
2834 4845 2933 4897 καὶ
2981 4847 3585 4922 ἀστοχήσαντες

2187 4926 2390 5017 Μάτην-
2413 4921 2505 4978 οῦν
2537 4929 2902 4999 ταράττονται
2942 4937 3241 5009 ἀληθῶς
3291 4943 3592 5017 eno-aug

2184 5015 2243 5067 οὐ
2274 5013 2629 5081 γινώσκοντες
2665 5020 2749 5083 τίς
2792 5026 3020 5092 συνάξει
3082 5033 3334 5088 ali-rd.
3382 5013 3547 5090 ⁷Διὸ

2184 5102 2420 5191 ἐλπίζειν
2458 5106 2550 5158 ἐπὶ
2583 5108 2799 5171 ἀδικίαν
2845 5117 2944 5169 καὶ
2973 5120 3060 5173 τὰ
3102 5124 3196 5189 ἐξ
3250 5125 3576 5191 ἀδικίας

2189 5189 2322 5288 μξὶδὲ
2348 5190 2573 5288 τίλοιξτος
2602 5196 2696 5250 ἐὰν
2728 5200 2825 5272 ῥέῃ
2854 5212 3215 5282 ποταμηδδ
3234 5232 3264 5265 ι
3314 5189 3566 5288 φερόμ

2188 5281 2325 5333 σθαι.
2361 5282 2424 5334 Εἰ
2449 5282 2505 5336 δὲ
2535 5291 2808 5361 προσήκει
2837 5298 2938 5350 καὶ
2979 5281 3113 5355 διὰί
3172 5281 3537 5369 πλούτου

2185 5387 2305 5471 τινα
2345 5373 2667 5471 πορίςεσθαι
2712 5381 2926 5449 ἐλπίδα.
2974 5389 3259 5467 δικαίῳ
3301 5404 3562 5471 χρησά

2183 5459 2345 5562 τῷιὲκ
2374 5464 2511 5519 Θεοῦ
2544 5472 2813 5562 πολλάκις
2845 5450 3554 5562 παρεχομένοιςΞΓ

2188 5548 2281 5601 καὶ
2313 5551 2672 5631 ἰσοστατίοις,
2694 5548 3307 5643 δεξιαῖς,-ιῖίοῖἷδ-τοιν⁵
3337 5587 3552 5657 χρήε

2539 5718 2587 5753 ⁷⁸
2636 5721 2820 5787 Εειὶε.
2854 5743 2903 5796 ι,
2947 5724 3015 5786 2.
3128 5734 3199 5765 τ’
3275 5735 3497 5795 Psal,
