3818 6374
1426 433 1908 488 communem
1952 434 2013 486 l.‘i
2051 418 2382 489 rsaruos.
3394 436 3494 493 sos

452 504 479 529 ν

452 504 479 529 ,.

240 504 650 635 βλῗὶξονῖδς
706 524 953 599 ἑαυτοῖς
1013 541 1333 615 Θησαυροῦς
1379 548 1434 596 ἰν
1473 548 1732 616 οὐρανοῖς,
1776 563 1830 596 κο

481 619 541 635 ρο
595 627 627 635 ι.
654 615 705 635 -.⁵
722 617 743 635 \
846 624 858 635 ι

1966 546 2248 614 cumjusta
2278 553 2477 600 statera
2515 552 2569 597 et
2595 546 2805 599 bilance
2840 547 2903 599 ad
2936 548 3074 600 bona
3109 562 3269 618 opera
3312 551 3495 602 utimi-

411 616 541 711 ‘I‘EE;
565 608 627 662 ὲν
654 615 965 691 εὐλογίαις
992 608 1149 688 κατὰ
1172 608 1227 688 to
1246 608 1575 704 λελεγμένον·
1598 653 1615 684 ‹
1652 635 1830 703 Ἐσκόε

1963 640 2038 698 ni,
2068 638 2495 690 thesaurizantes
2522 635 2676 689 vobis
2707 636 2991 690 thesauros
3029 637 3078 690 in
3114 638 3288 698 coalis,
3331 646 3381 692 et
3410 655 3495 691 so-

448 693 628 797 ἑῳῖκε
670 713 794 775 τοῖς
836 718 1086 791 πένησι,
1121 729 1155 797 ή
1187 726 1495 794 δικαιοσύνη
1523 725 1683 777 αὐτοῦ
1716 724 1830 793 μένε

1960 729 2225 782 minantes
2261 729 2311 781 in
2346 727 2830 790 benedictionibus,
2871 738 2927 779 ut
2961 728 3162 781 dictum
3186 737 3269 782 est
3306 748 3316 781 ε
3350 747 3367 778 ι
3404 728 3492 779 Di-

122 484 180 534 ιλιι

134 589 239 651 inps:

166 671 265 735 διελς

175 767 297 800 ’τισὶν
326 746 395 787 Ι

469 794 675 893 αἰῶνα.
712 822 732 852 ι
772 806 935 882 Αὕτη
968 815 1091 887 γὰρ
1129 794 1261 887 μόνη
1287 818 1436 877 ἐλπὶς
1471 816 1662 885 ἀγαθή·
1692 814 1861 876 ἄλλως

216 921 278 969 Es.
302 890 621 987 πᾳοσὴκει
656 896 736 968 μὴ
769 899 1031 968 ἐλπίζειν
1070 909 1161 960 ἐπὶ
1193 909 1419 970 ἀδικίαν,
1454 908 1584 977 μηδὲ
1626 907 1715 958 ἐπὶ
1752 908 1859 967 τοῖς

256 1004 325 1064 \‘c,
348 985 624 1070 εᾳπαγῆς
673 990 775 1042 καὶ
823 994 1155 1063 πλεονεξίας
1207 998 1581 1066 συναγομένοις
1621 996 1857 1064 χρήμασι

268 1088 420 1158 μέγα,
440 1082 680 1151 φρονεῖν’
712 1081 854 1136 ἀλλά
882 1087 984 1137 καὶ
1007 1090 1055 1139 εἰ
1082 1088 1313 1158 συμϐαίη
1349 1086 1475 1138 ποτὲ
1504 1088 1704 1155 εύροείν
1731 1087 1858 1155 ἡμῖν

274 1178 349 1229 τὰ.
383 1174 710 1246 πράγματα,
761 1176 857 1228 καὶ
903 1175 1199 1239 ἀκωλύτως
1242 1177 1491 1248 φέρεσθαι
1533 1176 1857 1243 πανταχόθεν

264 1266 371 1318 τόν
420 1264 650 1318 πλοῦτον
685 1266 934 1336 ποταμοῦ
971 1268 1129 1337 δίκην
1160 1269 1365 1336 ῥέοντα,
1396 1269 1487 1321 καὶ
1524 1267 1643 1320 ὅθεν
1671 1269 1766 1321 οὐκ
1794 1269 1856 1321 ἄν

264 1374 361 1419 τις
401 1356 710 1426 ἀδικήσειε,
732 1359 873 1428 φορᾷ
894 1375 998 1410 τινι
1024 1358 1264 1427 ἀδοκήτῳ
1286 1361 1597 1428 φερόμενον,
1627 1360 1698 1429 μὴ
1728 1360 1856 1411 πάν-

248 1465 387 1510 τως
416 1449 489 1499 ἐκ
508 1446 647 1500 Θεοῦ
665 1446 824 1499 τοῦτο
845 1448 1089 1514 γίνεσθαι
1110 1451 1201 1500 καὶ
1218 1447 1417 1516 νόμιζε,
1441 1448 1572 1517 μηδὲ
1594 1448 1853 1519 μακάριζε

249 1538 516 1592 σεαυτὸν
548 1537 915 1609 ἀπατώμενος
960 1543 1023 1608 τῇ
1057 1539 1258 1609 διανοίᾳ
1297 1540 1389 1591 καὶ
1442 1538 1854 1609 προστιθέμενος

233 1634 337 1696 ὡς
351 1631 566 1701 ἁγαθῷ
582 1631 663 1701 τῷ
694 1632 1177 1701 πλούτῳ.Γίνωσκε
1205 1632 1278 1693 δὲ,
1310 1632 1631 1701 ὅτιρευστῆς
1657 1630 1729 1682 ὢν
1758 1629 1856 1699 φύ-

235 1740 444 1786 σεως,
462 1723 658 1793 ὥσπερ
683 1723 821 1791 ῥέων
851 1722 1091 1791 φέρεται,
1109 1722 1245 1774 οῦτω
1258 1722 1346 1774 καὶ
1362 1723 1606 1792 ἀπορρεῖ·
1632 1721 1777 1773 οὐδὲν
1799 1720 1852 1772 δὲ

227 1810 500 1879 βέϐαιον
526 1810 654 1862 οὐδὲ
693 1809 920 1880 στερρὸν
960 1810 1051 1861 καί
1078 1808 1312 1875 ἀσφαλὲς
1341 1808 1684 1878 κεκτημένος.
1712 1809 1820 1860 Θαυ
1838 1838 1851 1848 -

1961 821 2175 888 spersit,
2210 820 2355 873 dedit
2390 819 2736 887 pauperibus,
2786 818 2996 885 justitia
3045 819 3163 887 ejus
3209 827 3389 873 manet
3441 821 3493 873 in

1960 911 2212 963 saeculum
2238 910 2302 961 ⁷⁸.
2345 930 2362 961 ι
2399 909 2521 962 Haec
2569 909 2680 962 sola
2728 909 2867 961 bona
2898 924 3021 978 spes
3052 916 3169 973 est;
3199 909 3335 963 alias
3369 923 3494 961 vero

1958 1017 2064 1053 non
2098 1002 2350 1056 convenit
2372 1016 2587 1070 sperare
2610 1003 2663 1053 in
2696 1001 2992 1067 iniquitate,
3038 1015 3208 1066 neque
3239 1000 3305 1052 de
3354 998 3492 1050 divi»

1957 1090 2045 1145 tiis
2091 1106 2157 1145 ex
2191 1092 2375 1158 rapina
2412 1098 2465 1143 et
2493 1090 2716 1142 avaritia
2765 1089 3007 1143 collectis
3042 1089 3207 1141 altum
3258 1102 3486 1157 sapere;

1958 1181 2063 1233 imo
2089 1180 2134 1235 si
2170 1181 2384 1249 quando
2425 1181 2711 1249 contigerit
2742 1194 2829 1233 res
2872 1186 3085 1233 nostras
3116 1193 3370 1247 prospere
3399 1193 3489 1233 ce-

1954 1270 2100 1332 dere,
2132 1285 2196 1324 ac
2226 1270 2443 1323 divitias
2487 1268 2721 1323 ﬂuminis
2770 1270 2941 1321 instar
2985 1268 3323 1328 accedentes,
3371 1267 3487 1323 sine

1956 1358 2119 1413 ullius
2148 1358 2364 1427 injuria,
2392 1357 2759 1425 inexspectato
2788 1356 3018 1426 quodam
3046 1358 3188 1410 ﬂuxu
3218 1358 3284 1410 ad
3322 1366 3371 1409 te
3392 1356 3486 1409 dc-

1955 1448 2117 1513 ferri;
2152 1464 2218 1503 ne
2263 1464 2328 1503 ex
2374 1447 2481 1501 Deo
2524 1448 2576 1500 id
2618 1449 2898 1517 provenire
2945 1448 3251 1515 putaveris;
3313 1462 3484 1516 neque

1953 1540 2090 1604 ideo,
2126 1540 2450 1609 cogitatione
2488 1540 2765 1607 deceptus,
2809 1539 3116 1607 divitiisque
3142 1539 3293 1607 quasi
3329 1539 3484 1595 bonis

1952 1631 2177 1692 luerens,
2228 1640 2280 1685 te
2332 1632 2544 1684 beatum
2598 1630 2991 1699 pmdicaveris.
3040 1630 3292 1698 Scitoque
3341 1632 3481 1691 illas.

1952 1722 2125 1777 ﬂuida:
2172 1731 2376 1777 natura:
2422 1737 2541 1775 cum
2593 1722 2723 1782 sint,
2778 1730 2836 1774 ut
2871 1721 3013 1783 ﬂuxu
3062 1721 3327 1782 feruntur,
3367 1723 3482 1789 pari

1950 1814 2108 1867 modo
2154 1812 2403 1875 deﬂuere,
2452 1823 2608 1880 teque
2655 1812 2782 1865 nihil
2821 1811 3050 1876 ﬁrmum,
3098 1814 3307 1871 stabile,
3354 1812 3482 1866 soli-

229 1900 505 1970 μαςστῶς
537 1901 600 1953 δὲ
632 1900 713 1969 τῷ
738 1900 841 1968 τῆς
864 1901 992 1971 ῥοῆς
1024 1900 1242 1968 ὀνόματι
1266 1899 1543 1968 κέχρηται,
1582 1918 1599 1950 ι
1625 1899 1830 1951 Πλοῦτοι

1950 1902 2143 1955 dumve
2182 1902 2473 1970 possidere.
2523 1902 2712 1955 Mirum
2757 1910 2933 1956 autem
2975 1904 3029 1955 in
3063 1902 3275 1955 modum
3308 1901 3482 1957 ﬂuxus

223 1991 355 2043 ἑὰν
408 1991 535 2062 ρἐ,
562 2010 582 2040 ι
622 1991 828 2059 φήσας*
854 1989 990 2042 κατά
1016 1989 1072 2041 δὲ
1104 1988 1191 2039 τὸν
1226 1988 1528 2057 Σύμμαχοψ
1553 2006 1570 2038 t
1602 1987 1850 2051 Πλοῦτος,

220 2082 464 2148 φησὶν,
520 2080 623 2133 ἐὰν
671 2081 1017 2148 καρποαρορῇ,
1062 2080 1132 2147 μὴ
1164 2078 1385 2129 τάσσετε
1418 2078 1513 2147 τὴν
1552 2078 1786 2148 καρδίαν.
1828 2098 1845 2128 ι

237 2172 433 2223 Ἀλλ’
458 2172 557 2224 ἐπὶ
585 2172 713 2223 τίνα
729 2171 809 2221 δεῖ
830 2170 1045 2221 τάσσειν
1071 2168 1166 2237 τὴν
1194 2168 1415 2236 καρδίαν
1443 2167 1533 2218 καὶ
1558 2168 1660 2219 τίνι
1684 2184 1848 2236 προσ-

218 2261 550 2322 τίθεσθαι,
601 2259 823 2330 εἴρηται
870 2258 1124 2319 πολλάκις
1167 2261 1221 2310 ὲν
1266 2258 1360 2326 τῷ,
1400 2275 1416 2305 ι
1452 2257 1581 2326 Οὐχὶ
1633 2256 1707 2326 τῷ
1734 2256 1849 2325 Θεῷ

221 2351 703 2419 ὑποταγήσεται
734 2350 766 2417 ἡ
794 2347 936 2416 ψυχή
974 2361 1104 2415 μους
1143 2365 1159 2395 ι
1196 2346 1286 2396 καὶ
1325 2344 1482 2395 πάλιν
1508 2362 1519 2373 ο
1561 2363 1578 2392 ι
1610 2343 1749 2413 Πλὴν
1774 2343 1849 2412 τῷ

222 2440 390 2509 Θεῷ
425 2439 745 2508 ύτιοτάγηθι
774 2439 806 2505 ἡ
828 2436 968 2506 ψυχή
1001 2452 1098 2504 μου
1128 2452 1141 2464 ·
1167 2434 1323 2495 αὐτὸς
1345 2434 1448 2502 γὰρ
1477 2432 1607 2493 Θεός
1631 2449 1728 2501 μου
1758 2433 1847 2483 καὶ

226 2523 464 2595 Σωτήρ
494 2541 609 2593 μου
650 2524 745 2574 καὶ
777 2523 1116 2591 ἀντιλήπτωρ
1148 2536 1268 2589 μου·
1312 2540 1327 2569 ›
1364 2520 1473 2579 καὶ,
1508 2539 1525 2568 ι
1572 2519 1846 2571 Ἐλπίσατε

229 2614 350 2663 ἐπ’
396 2614 592 2673 αὑτὸν,
627 2615 781 2664 πᾶσα
824 2610 1110 2679 συναγωγὴ
1146 2609 1291 2661 λαοῦ.
1326 2629 1343 2658 ι
1382 2608 1603 2671 Οὐκοῦν,
1637 2609 1847 2677 ἔχοντες

229 2701 351 2751 τὸν
396 2701 580 2770 μέγαν
617 2699 851 2750 πλοῦτον
896 2699 988 2751 καὶ
1031 2699 1121 2750 τὸν
1162 2696 1407 2767 ἀληθινὸν
1447 2697 1729 2767 θησαυρὸν,
1772 2699 1844 2767 μὴ

235 2790 593 2859 ὶλπίσωμεν
645 2788 739 2840 ἐπὶ
782 2787 856 2856 τῷ
897 2786 1106 2856 ματαίῳ
1169 2788 1261 2839 καὶ
1304 2787 1507 2857 ρευστῷ
1557 2789 1647 2840 καὶ
1682 2788 1845 2857 ἀδίκῳ

240 2874 513 2945 πλούτῳ·
553 2875 783 2943 μάταιοι
814 2873 921 2942 γὰρ
942 2873 1150 2942 ἀληθῶς
1181 2874 1374 2935 πάντες
1403 2876 1449 2926 ot
1480 2876 1583 2926 υἱοὶ
1615 2875 1718 2927 τῶν
1752 2877 1843 2927 ἀν-

240 2966 513 3039 Θρώπων
544 2969 597 3019 οἱ
629 2970 722 3019 ἐπὶ
743 2966 914 3036 τούτῳ
942 2965 1269 3030 πεποιθότες.

338 3166 363 3199 ι
404 3147 597 3211 Ἀπαξ
632 3146 889 3214 ἐλάλησεν
927 3147 954 3196 ό
992 3146 1139 3209 Θεὸς,
1178 3145 1269 3198 δύο
1300 3146 1467 3199 ταῦτα
1501 3149 1722 3218 ἥκουσαο
1760 3150 1840 3200 ὅτι

246 3240 320 3290 τὸ
360 3240 578 3308 κράτος
613 3235 709 3287 τοῦ
744 3235 896 3298 Θεοῦ,
933 3236 1024 3287 καὶ
1054 3235 1155 3292 σοὶ.
1187 3235 1374 3306 Κύριε,
1400 3236 1457 3287 τὸ
1482 3236 1642 3298 ἕλεος
1672 3239 1750 3290 ὅτι
1778 3240 1839 3291 σὺ

247 3327 589 3388 ἀποδώσεις
636 3326 847 3391 ἑκάστῳ
883 3324 1021 3377 κατὰ
1057 3324 1122 3376 τὰ
1161 3324 1294 3394 ἔργα
1324 3326 1501 3379 αὑτοῦ.
1543 3345 1560 3376 ι
1597 3327 1840 3380 Τοσαῦτα

251 3417 695 3490 προπαιδεύσας
731 3419 758 3467 ὁ
792 3416 965 3483 λόγος,
1004 3415 1303 3477 ἀκολούθως
1344 3417 1437 3485 τῆς
1480 3417 1572 3469 τοῦ
1604 3418 1734 3469 Θεοῦ
1766 3420 1840 3471 δι-

250 3508 629 3579 καιοκρισίας
652 3507 1073 3575 ὑπομιμνήσκειο
1100 3506 1173 3567 ὡς
1201 3506 1285 3569 ἂν,
1308 3506 1503 3577 ταύτην
1526 3509 1626 3577 πρὸ
1647 3510 1837 3577 ὀφθαλ-

256 3600 393 3669 μῶν
420 3601 673 3666 Θὲμενοι,
710 3599 842 3667 μήτε
880 3601 942 3666 τῇ
980 3600 1160 3668 ἀδικίᾳ
1193 3600 1325 3668 μήτε
1358 3602 1465 3662 τοῖς
1499 3601 1835 3670 ἁρπάγμασι,

256 3693 412 3761 μήτε
441 3691 525 3761 τῷ
566 3690 887 3760 προσκαίρῳ
913 3690 1003 3741 καὶ
1032 3689 1213 3758 τυφλῷ
1245 3690 1452 3758 πλούτῳ
1474 3692 1691 3754 ἑαυτοὺς
1724 3692 1839 3745 ὲπι-

252 3783 527 3853 δίδωμεν.
562 3783 639 3835 Οὐ
664 3782 772 3850 γὰρ
794 3780 937 3844 ἅπαξ
963 3781 1116 3850 μόνον
1152 3782 1269 3852 περὶ
1290 3783 1385 3850 τῆς
1406 3783 1629 3851 κρίσεως
1661 3784 1688 3835 ὁ
1710 3782 1837 3845 Θεὸς

254 3870 634 3933 διεστείλατο,
676 3870 811 3922 ἀλλὰ
852 3872 942 3923 καὶ
977 3870 1239 3943 δεύτερον.
1285 3873 1389 3923 Καὶ⁹
1430 3872 1616 3934 ταῦτα,
1656 3874 1833 3941 φησιν,

257 3962 434 4024 αὐτὸς
461 3959 580 4029 ἐγὼ
615 3961 821 4029 ἤκουσα
851 3960 1105 4029 ἀκριϐῶς,
1134 3962 1223 4014 τὸν
1257 3961 1376 4014 νοῦν
1410 3963 1697 4031 ἐπιστήσας
1726 3965 1833 4026 τοῖς

254 4051 393 4103 δυο-ἰ
425 4051 647 4113 τούτοις
682 4050 1145 4119 παραγγέλμασιν.
1184 4052 1358 4115 Ἂπαξ
1393 4051 1496 4123 γάρ
1530 4052 1780 4123 ἐλάλησεν
1807 4055 1835 4105 ὀ

258 4139 421 4202 Θεὸς,
458 4139 581 4191 ἀλλ’
623 4137 732 4204 ἐγὼ
761 4137 853 4189 δύο
890 4138 1054 4190 ταῦτα
1096 4140 1314 4208 ἥκουσα·
1344 4141 1563 4213 ἐλάλησε
1601 4142 1705 4212 γὰρ
1736 4143 1828 4195 καὶ

255 4230 354 4280 διὰ
385 4227 711 4298 προφητῶν,
757 4227 979 4296 ὲλάλησε
1021 4228 1112 4279 καὶ
1152 4227 1237 4280 διὰ
1267 4230 1585 4283 ἀποστόλων·
1620 4232 1710 4283 καὶ
1741 4232 1830 4283 τὸν

256 4319 368 4369 ἓια
394 4319 560 4384 λόγον
593 4318 685 4367 τὸν
720 4315 866 4379 ams
900 4318 1002 4369 ὑπὸ
1034 4317 1125 4369 τοῦ
1154 4318 1285 4370 Θεοῦ
1315 4319 1593 4391 ὁρισθέντα
1622 4322 1712 4374 καὶ
1746 4321 1831 4374 διὰ

261 4408 511 4470 παλαιᾶς
544 4406 820 4475 Διαθήκης
853 4407 943 4459 κα)⁸
970 4406 1057 4459 διά
1076 4409 1171 4475 τῆς
1194 4411 1380 4479 καινῆς
1410 4411 1632 4480 ἥκουσα.
1658 4412 1747 4474 Τίς
1774 4412 1829 4463 δὲ

1951 1989 2164 2042 nomine
2195 1998 2277 2043 est
2314 2005 2445 2043 usus
2485 2008 2497 2042 :
2536 2008 2553 2039 ι
2598 1988 2801 2042 Divitiae
2849 1990 2893 2043 si
2926 1991 3164 2049 alﬂnant,
3217 2010 3234 2041 ι
3275 1990 3480 2057 inquit;

1949 2080 2051 2140 vel,
2085 2080 2376 2133 secundum
2414 2078 2816 2149 Symmachum,
2852 2098 2869 2129 ι
2914 2079 3119 2132 Divitiae
3154 2080 3198 2133 si
3246 2080 3479 2133 fructum

1950 2170 2176 2239 pariant,
2218 2169 2408 2237 inquit,
2467 2185 2533 2223 ne
2570 2170 2820 2238 apponite
2859 2185 2972 2221 cor.
3000 2190 3015 2220 ι
3067 2171 3291 2223 Cuinam
3354 2183 3480 2224 vero

1947 2274 2040 2312 cor
2087 2258 2334 2311 ordinare
2393 2269 2445 2311 et
2499 2274 2766 2327 apponere
2814 2274 2946 2327 opus
3006 2260 3108 2318 sit,
3168 2260 3480 2327 plerumque

1947 2349 2146 2402 dictum
2191 2357 2272 2403 est
2308 2349 2358 2400 in
2391 2349 2501 2409 illo,
2536 2369 2551 2397 ι
2577 2348 2759 2402 Nonne
2777 2349 2883 2402 Deo
2906 2349 3145 2414 subjecta
3171 2349 3269 2401 erit
3299 2348 3477 2400 anima

1947 2436 2101 2489 utea?
2140 2456 2158 2486 ι
2191 2452 2253 2488 ac
2299 2451 2510 2489 rursum
2550 2454 2562 2487 :
2615 2453 2631 2483 ι
2677 2434 3050 2489 Verumtamen
3098 2434 3204 2487 Deo
3236 2434 3475 2501 subjecta

1945 2533 2081 2589 esto,
2110 2526 2284 2578 anima
2322 2542 2436 2578 mea
2470 2545 2481 2577 :
2510 2526 2622 2593 ipse
2648 2526 2788 2578 cnim
2812 2525 2949 2579 Deus
2972 2542 3121 2580 meus
3141 2535 3193 2579 ct
3230 2525 3477 2577 Salvator

1946 2629 2096 2667 meus
2143 2622 2196 2667 et
2237 2623 2517 2682 susceptor
2562 2630 2745 2680 meus,
2808 2635 2824 2665 ι
2867 2622 2939 2673 et,
2999 2634 3017 2665 ι
3074 2614 3297 2684 Sperate
3328 2616 3380 2667 in
3411 2630 3475 2668 eo

1944 2705 2118 2757 omnis
2161 2705 2504 2773 congregatio
2551 2705 2750 2773 populi.
2810 2725 2826 2754 ›
2865 2706 3000 2757 Cum
3045 2706 3223 2773 itaque
3253 2720 3473 2775 magnas

1942 2795 2155 2861 divitias
2184 2810 2473 2864 verumque
2503 2796 2812 2849 thesaurum
2836 2796 3189 2857 obtineamus,
3227 2811 3293 2849 ne
3326 2811 3473 2863 spem

1944 2900 2207 2953 ponamus
2238 2886 2293 2938 in
2340 2886 2513 2948 vanis,
2558 2884 2716 2939 ﬂuxis
2764 2894 2816 2939 et
2858 2886 3059 2953 iniquis
3092 2885 3310 2937 divitiis.
3342 2882 3474 2936 Nam

1945 2975 2064 3028 vani
2097 2990 2221 3029 vere
2245 2984 2372 3028 sunt
2394 2989 2582 3028 omnes
2616 2974 2709 3027 lilii
2741 2974 3147 3042 hominum,qtti
3175 2973 3323 3028 hisce
3353 2988 3476 3027 con-

1943 3064 2131 3118 ﬂdunL

2016 3152 2174 3206 Vsus.
2210 3151 2412 3216 12,13.
2467 3169 2484 3201 ι
2544 3151 2715 3205 Semel
2768 3153 2976 3206 locutus
3029 3161 3111 3205 est
3157 3148 3317 3210 Deus,
3364 3151 3473 3204 duo

1868 3210 1909 3266 Ο
1942 3242 2053 3295 lucc
2083 3241 2284 3301 audivi,
2315 3241 2439 3310 quia
2469 3248 2707 3308 potestas
2737 3239 2829 3293 Dei
2864 3249 2966 3304 est,
2999 3249 3053 3293 et
3086 3241 3199 3299 tibi,
3228 3240 3467 3302 Domine,

1938 3331 2304 3386 misericordia
2363 3352 2374 3384 :
2436 3331 2560 3399 quia
2624 3340 2677 3383 tn
2732 3330 2923 3384 reddes
2979 3331 3266 3397 unicuique
3313 3330 3467 3396 juxta

1936 3435 2096 3489 opera
2127 3434 2244 3474 sua.
2289 3439 2306 3469 ι
2353 3418 2484 3471 Cum
2534 3425 2679 3470 tanta
2714 3416 2781 3470 ad
2811 3427 3045 3470 nostram
3080 3418 3466 3471 institutionem

1939 3509 2212 3578 praemissa
2242 3508 2494 3569 fuissent,
2524 3514 2914 3575 consequenter
2932 3508 2998 3561 de
3026 3508 3174 3575 justo
3210 3507 3300 3561 Dei
3331 3507 3465 3575 judi-

1935 3600 2020 3652 cio
2048 3599 2207 3652 verba
2240 3598 2384 3663 facit,
2428 3609 2485 3650 ut
2513 3597 2641 3649 illud
2674 3612 2780 3664 prie
2813 3598 2984 3650 oculis
3028 3605 3343 3657 statuentes,
3376 3612 3467 3649 ne-

1934 3702 2038 3755 qne
2084 3687 2589 3756 injustitirc,neque
2619 3686 2843 3755 rapinis,
2893 3701 3066 3753 neque
3108 3684 3469 3753 temporaneis

1938 3779 2198 3846 caecisque
2221 3778 2423 3830 divitiis
2458 3793 2557 3831 nos
2592 3776 2872 3831 dedamus.
2902 3773 3084 3846 Neque
3129 3776 3271 3831 enim
3301 3777 3464 3831 semel

1936 3878 2141 3923 tantum
2170 3870 2233 3923 de
2267 3870 2467 3938 judicio
2507 3868 2647 3922 Deus
2680 3878 2939 3938 praecepta
2971 3868 3112 3922 dedit
3138 3909 3153 3935 ,
3180 3868 3273 3923 sed
3303 3868 3465 3923 etiam

1934 3959 2209 4012 secundo:
2243 3957 2305 4011 Et
2344 3958 2454 4011 lucc
2498 3973 2595 4029 ego
2636 3958 2823 4012 sedulo
2871 3957 3071 4017 audivi,
3121 3958 3314 4026 inquit.
3350 3958 3466 4010 aui-

1933 4064 2128 4118 moque
2194 4050 2305 4103 haec
2370 4052 2475 4103 duo
2538 4056 2802 4118 praecepta
2869 4046 3225 4102 considerari.
3289 4044 3464 4100 Semel

1931 4140 2127 4208 quippe
2152 4139 2293 4193 Deus
2322 4138 2532 4192 locutus
2561 4148 2674 4202 est;
2717 4138 2806 4192 sed
2834 4151 2930 4205 ego
2958 4137 3067 4188 hec
3096 4134 3201 4187 duo
3233 4135 3411 4187 audivi
3446 4155 3458 4188 :

1931 4228 2148 4282 locutus
2205 4243 2436 4297 namque
2478 4237 2561 4282 est
2609 4243 2703 4296 per
2745 4227 3060 4295 prophetas,
3104 4226 3315 4280 locutus
3370 4239 3463 4291 per

1932 4320 2202 4387 apostolos
2238 4338 2249 4372 :
2284 4327 2444 4387 atque
2499 4333 2799 4372 sermonem
2850 4317 2997 4369 illum
3058 4332 3223 4369 unum
3273 4319 3461 4381 semel,

1929 4422 2051 4460 eum
2086 4422 2179 4475 per
2211 4405 2378 4461 Vetus
2426 4414 2537 4459 tum
2586 4421 2678 4473 per
2726 4403 2930 4457 Novum
2983 4403 3382 4459 Testamentum
3429 4424 3461 4462 a

262 4491 333 4564 ἦν
370 4494 547 4559 οὗτος,
581 4495 697 4547 ἀλλ’
732 4514 749 4545 ι
792 4498 912 4548 ’Ότι
958 4496 1018 4547 τὸ
1051 4498 1245 4569 κράτος
1288 4500 1378 4551 τοῦ
1425 4500 1555 4553 Θεοῦ
1599 4502 1687 4553 καὶ
1726 4501 1827 4563 σοὶ,

1943 4494 2038 4548 Deo
2070 4495 2491 4563 pronuntiatum,
2511 4491 2707 4545 audivi.
2730 4490 2861 4556 Quis
2883 4491 2970 4545 ille
2992 4499 3129 4552 erat,
3161 4493 3265 4547 nisi
3290 4511 3308 4542 ι
3336 4494 3462 4563 quia

263 4587 463 4656 Κύριε,
498 4587 563 4639 τὸ
597 4587 762 4649 ἕλεος,
806 4606 823 4636 ι
862 4587 974 4648 καὶ,
1014 4605 1030 4636 ι
1070 4588 1189 4639 Ὅτι
1219 4591 1279 4640 σὺ
1306 4589 1594 4653 ἀποδώσεις
1623 4591 1830 4660 ἑκάστῳ

260 4677 408 4728 κατὰ
448 4676 518 4728 τὰ
554 4676 693 4745 ἔργα
722 4675 922 4736 αὐτοῦς
953 4695 970 4726 ι
1004 4675 1185 4738 Ἔλεος
1210 4676 1286 4741 δὲ,
1319 4679 1468 4748 φησὶ,
1499 4682 1591 4731 καὶ
1613 4680 1824 4749 κράτος·

262 4765 325 4815 τὸ
372 4770 467 4836 μὲν
503 4766 710 4837 κράτος
754 4766 888 4836 πρὸς
931 4766 991 4817 τὸ
1032 4768 1377 4839 τιμωρεῖσθαι
1420 4770 1511 4821 καὶ
1547 4772 1829 4823 ταπεινοῦν

264 4858 393 4919 τοὺς
441 4855 814 4926 ἀφηνιῶντας,
863 4855 922 4906 τὸ
951 4854 1006 4906 δὲ
1052 4856 1193 4919 ἕλεος
1235 4859 1366 4928 πρὲις
1396 4860 1455 4911 τὸ
1488 4858 1675 4923 σώζειν
1707 4860 1829 4923 τοὺς

264 4945 343 5004 εἰς
372 4948 541 4999 αὑτὸν
566 4944 887 5012 ἠλπικότας.
922 4962 939 4992 ι
978 4945 1081 4995 Ἴδε
1112 4942 1201 4997 οὖν
1228 4950 1557 5019 χρηστότητα
1588 4950 1679 5001 και⁵
1699 4951 1829 5002 ἁπο-

265 5038 481 5100 τομίαν,
515 5054 534 5085 ι
576 5034 740 5102 φησὶν
766 5036 794 5085 ὀ
830 5034 1164 5094 Ἀπόστολοςο
1188 5037 1278 5088 ἐπὶ
1301 5039 1395 5106 μὲν
1422 5041 1541 5102 τοὺς
1572 5040 1826 5103 πεσόντας

258 5121 576 5195 ἀποτομίαν
607 5123 693 5175 διὰ
727 5122 819 5174 τοῦ
857 5122 1108 5191 κράτους,
1138 5124 1226 5174 ἐπὶ
1260 5126 1314 5177 δὲ
1343 5128 1399 5179 σὲ
1422 5128 1717 5198 χρηστότης
1741 5128 1827 5182 διὰ

258 5209 354 5261 τοῦ
378 5215 586 5275 ἐλέους.
614 5212 779 5263 Ταῦτ’
802 5211 994 5270 εἰπὼν,
1020 5212 1127 5263 ἄνω
1148 5214 1206 5263 τὸ
1228 5217 1506 5285 πρόσωπον
1526 5221 1822 5285 ἀνατείνας,

260 5304 707 5373 προσφθέγγεται
740 5300 819 5368 τῷ
853 5300 971 5368 Θεῷ
994 5299 1187 5365 λέγων⁸
1227 5322 1244 5353 ι
1287 5306 1401 5358 Ὀτι
1442 5308 1502 5359 σὺ
1531 5308 1825 5373 ἀποδώσεις

253 5386 467 5465 ἑκάστῳ
492 5392 636 5445 κατὰ
659 5389 729 5441 τὰ
773 5388 915 5456 ἔργα
954 5388 1128 5439 αὑτοῦ.
1161 5409 1178 5440 ι
1218 5393 1324 5446 Καὶ
1354 5399 1381 5448 ὁ
1424 5397 1649 5460 Ἀκύλας
1679 5400 1733 5451 δὲ
1756 5401 1826 5454 τὰ

248 5484 589 5553 tegam?”
631 5475 832 5529 τοῦτον
868 5475 1165 5541 ἡρμήνευσε
1188 5479 1275 5531 τὸν
1300 5485 1510 5550 τρόπον·
1545 5504 1561 5535 ι
1606 5486 1823 5559 Ἐλάλη-

223 5567 337 5617 σε»,
370 5578 396 5627 ὁ
422 5572 584 5631 θεὸς,
623 5564 723 5616 καὶ
760 5561 1015 5627 δεύτερον
1043 5563 1329 5631 ἐπήκουσα·
1366 5575 1441 5625 ὅτι
1482 5578 1513 5632 ἡ
1550 5577 1694 5638 ἰσχὺς
1728 5582 1822 5631 τοῦ

900 5726 943 5756 τ’
986 5725 1125 5781 lietu.
1164 5747 1239 5785 λι,
1275 5738 1341 5785 22

1227 5776 1239 5799 ι
1280 5777 1358 5793 --ι

288 5744 347 5783 ³⁵
379 5742 530 5801 Ρρἐί.
571 5749 667 5788 (λυ
697 5769 711 5793 ν
756 5729 810 5780 9.

1932 4591 2170 4652 pozestas
2202 4581 2292 4635 Dei
2320 4590 2422 4644 est,
2474 4588 2526 4634 et
2556 4580 2671 4641 tibi,
2706 4578 2947 4642 Domine,
2982 4580 3393 4646 misericordia;
3437 4601 3458 4632 ι

1927 4680 2002 4733 et,
2040 4691 2057 4723 ι
2095 4673 2220 4741 quia
2253 4679 2307 4724 tu
2350 4669 2540 4724 reddes
2567 4668 2854 4737 unicuique
2878 4669 3033 4737 juxta
3062 4685 3226 4738 opera
3256 4672 3396 4727 sua?
3435 4691 3457 4725 ι

1931 4761 2318 4825 Misericordia,
2354 4763 2448 4825 ait,
2477 4767 2530 4813 et
2585 4766 2858 4829 potestas;
2913 4767 3153 4828 potestas
3204 4762 3270 4815 ad
3326 4764 3459 4818 ulci-

1930 4859 2185 4914 scendum
2219 4867 2273 4912 et
2297 4858 2685 4912 bmniliandum
2716 4855 2943 4911 eﬂrenes
2973 4856 3251 4918 homines;
3284 4855 3460 4910 mise-

1927 4950 2155 5004 ricordia
2185 4949 2251 5001 ad
2268 4950 2444 5004 salvos
2475 4947 2751 5003 faciendos
2781 4956 3057 5015 sperantes
3079 4946 3134 4999 in
3162 4960 3241 4999 se.
3271 4962 3288 4993 ι
3324 4944 3456 4999 Vido

1927 5055 2055 5107 ergo
2118 5040 2407 5093 bonitatem
2462 5046 2514 5090 et
2577 5037 2913 5090 severitatem
2964 5033 3055 5088 Dei
3089 5034 3156 5095 τ’,
3217 5053 3234 5083 ι
3284 5033 3459 5103 inquit
3540 5020 3543 5025 ’

1928 5130 2217 5199 Apostolus
2254 5148 2265 5181 :
2302 5130 2639 5183 severitatem
2689 5127 2741 5179 in
2792 5126 2969 5194 lapsos
3022 5139 3113 5192 per
3141 5132 3457 5193 potestatem
3518 5156 3525 5176 ι

1927 5236 2077 5275 suam
2104 5238 2118 5286 ;
2147 5236 2269 5289 erga
2323 5227 2372 5271 te
2420 5233 2547 5270 vero
2573 5217 2859 5270 bonitatem
2888 5229 2980 5282 per
3004 5214 3452 5269 misericordiam.
3524 5260 3525 5263 η

1927 5309 2216 5379 Postquam
2250 5310 2357 5360 hanc
2383 5307 2611 5368 dixerat,
2633 5314 2813 5360 erecto
2848 5319 3061 5357 sursum
3095 5305 3243 5357 vultu
3287 5304 3454 5360 Deum

1924 5404 2003 5455 sic
2033 5402 2320 5469 alloquitur
2354 5418 2366 5451 ;
2407 5417 2422 5445 ‹
2462 5397 2594 5460 Quia
2632 5405 2689 5449 tu
2742 5395 2926 5449 reddes
2979 5392 3452 5464 ttnicuiquejuxta

1926 5508 2086 5562 opera
2138 5507 2253 5546 sua.
2303 5508 2319 5538 ι
2379 5487 2565 5555 Aquila
2613 5487 2773 5541 etiam
2817 5485 2925 5537 ha-c
2957 5484 3035 5537 sic
3068 5485 3450 5552 interpretatus

1924 5592 2005 5635 est
2038 5603 2049 5637 :
2096 5602 2112 5635 ι
2154 5582 2380 5634 Locutus
2408 5593 2434 5631 c
2468 5585 2486 5629 t
2542 5576 2699 5641 Deus,
2731 5585 2780 5630 et
2811 5572 3041 5630 secundo
3072 5575 3273 5639 audivi,
3320 5579 3455 5649 quia
