3818 6372
168 404 251 460 σοι
1265 396 1755 456 COMMENTARIA
1793 401 1858 456 IN
1890 398 2218 456 PSALMOS.

3231 397 3332 452 603

165 520 250 583 v9,
276 516 432 588 ήνίκα
462 515 740 581 ἐπάταξεν
787 518 952 572 ἰωὰό
979 518 1072 588 τὴν
1102 517 1355 586 φάραγγα
1380 514 1487 568 τῶν
1521 515 1706 580 ⁹Αλῶν,

1815 536 1831 568 ι
1866 517 2080 586 quando
2108 515 2253 570 venit
2295 503 2359 568 ad
2397 514 2567 582 ipsum
2619 514 2826 570 Natban
2855 515 3136 586 prepheta,
3185 529 3331 584 post-

164 608 247 663 καὶ
285 605 622 676 ὑποχειρίους
665 601 782 659 εἷλε
833 610 963 670 τοὺς
1003 606 1173 662 Mth
1219 605 1283 659 ιϐ’
1323 605 1576 675 χιλιάδας.
1610 605 1710 657 Τὸν

165 698 211 750 δὲ
229 703 268 750 ν’
285 713 297 726 ·
327 695 459 775 μετά
485 694 684 759 ταῦτα,
715 696 810 749 ὅτε
835 693 970 766 ἦλθε
997 697 1130 768 προς
1154 697 1312 749 αὑτὸν
1337 695 1516 749 Ναθὰν
1541 697 1568 748 6
1588 711 1712 764 προ-

165 789 340 857 φήτης,
369 784 527 855 ήνίκα
556 785 655 837 καὶ
688 786 922 854 εἰσῆλθε
964 786 1096 857 πρὸς
1137 784 1427 856 Βηθσαῦεὲ.
1466 780 1596 837 Εἶτα
1620 784 1710 836 τὸν

160 874 320 942 τρίτον
363 871 668 933 συντάττει,
716 871 810 923 ὅτε
851 871 1237 943 ἀπεδίδρασκεν
1283 871 1386 924 ἀπὸ
1426 870 1708 941 προσώπου

174 957 504 1028 Ἀδεσσαλὼμ
541 957 638 1012 τοῦ
674 959 798 1012 υἱοῦ
842 960 1028 1012 αὐτοῦ·
1060 962 1150 1013 καὶ
1191 959 1326 1031 μετά
1363 960 1530 1012 ταῦτα
1559 960 1646 1012 16v
1668 960 1710 1022 ζ’

163 1053 284 1118 ὑπὲρ
310 1049 412 1102 τῶν
434 1049 612 1117 λόγων
645 1050 828 1102 Χουσὶ
859 1049 978 1102 υἱοῦ
1015 1051 1246 1119 Ἰεμινεί.
1278 1049 1372 1112 Τίς
1399 1045 1489 1102 οῦν
1520 1050 1616 1102 οὐκ
1646 1049 1710 1101 ἂν

161 1140 245 1210 ⁴ιὴν
267 1137 463 1192 τούτων
492 1138 792 1208 ζητήσειεν
827 1139 1042 1204 αἰτίαν;
1078 1140 1151 1192 06
1188 1140 1294 1210 γάρ
1325 1139 1436 1208 ἔχει
1471 1138 1622 1205 λόγον
1649 1137 1708 1189 16

165 1232 230 1300 μὴ
254 1229 334 1282 διά
358 1245 510 1291 τινας
544 1228 867 1296 ἀναγκαίας
895 1229 1170 1292 ὑποθέσεις
1202 1229 1368 1282 ταῦτα
1397 1228 1576 1280 τοῦτον
1603 1229 1712 1280 δια-

161 1319 390 1387 τετάχθαι
433 1318 525 1370 16v
560 1318 799 1388 τρόπον.
841 1319 1033 1381 Ἀλλος
1064 1319 1160 1388 μὲν
1186 1315 1275 1371 οὖν
1303 1321 1424 1380 τοὺς
1453 1319 1710 1388 ἀριθμοὺς

162 1410 336 1472 αὐτοὺς
364 1409 609 1478 οἰήσεται
645 1408 799 1478 ἔχειν
837 1409 963 1461 τινὰ
993 1408 1232 1477 δύναμιψ
1267 1409 1344 1460 διὸ
1373 1408 1711 1478 καταλλήλως

163 1499 353 1567 ἑκάστῳ
392 1497 613 1568 ἀριθμῷ
642 1498 999 1568 ἐφηρμόσθαι
1030 1498 1124 1568 τὴν
1157 1497 1384 1550 διάνοιαν
1411 1498 1515 1550 τῶν
1545 1501 1708 1568 ἐμφε-
1753 1530 1760 1535 -

168 1587 380 1656 φμὲνων
398 1585 592 1653 λόγων·
625 1580 742 1637 οἷον
769 1585 851 1647 ὡς
891 1586 984 1637 ἐπὶ
1020 1584 1449 1658 παραδείγματος
1475 1585 1503 1635 6
1529 1593 1568 1636 ν’
1598 1587 1713 1656 ἀρι-

167 1676 283 1744 θμὸς
315 1675 402 1728 τὸν
428 1675 556 1746 περὶ
577 1675 839 1742 ἀφέσεως
877 1673 1274 1744 ἁμαρτημάτων
1303 1672 1453 1739 λόγον
1477 1674 1710 1743 περιέχει

168 1765 238 1818 διὰ
260 1768 350 1836 τὴν
370 1763 426 1817 ὲν
449 1762 529 1834 τῷ
551 1763 710 1833 νόμῳ
733 1762 1045 1833 φερομένην
1067 1762 1619 1832 πεντηκονταετερίδα,
1645 1765 1710 1833 ἢν

181 1832 458 1923 Ἰωδηλαῖον
491 1832 688 1915 παῖδες
732 1832 1010 1922 Ἐϐραίων
1043 1851 1282 1910 ἐκάλουν,
1315 1852 1370 1901 ἐν
1495 1852 1708 1920 ἀφέσεις
1742 1832 1779 1883 Β

171 1944 253 1997 καὶ
280 1944 643 2014 συγχωρήσεις
677 1943 939 2011 ἐγένοντο
969 1945 1076 2004 τοῖς
1100 1944 1525 2012 χρεωφειλέταις,
1561 1943 1707 1994 ἐλευ-

173 2033 309 2102 θερία
334 2049 390 2085 τε
419 2033 682 2095 οἰκέταις,
733 2033 835 2084 καὶ
885 2032 1014 2085 ἄλλα
1048 2033 1165 2085 τινὰ
1203 2033 1420 2084 τοιαῦτα
1460 2032 1710 2102 πράττειν

174 2119 546 2190 νενομοθέτητο.
596 2119 813 2174 Τούτου
864 2120 1022 2192 χάριν
1070 2121 1164 2190 τὴν
1206 2121 1578 2190 ἐξομολόγησιν
1621 2121 1710 2172 τοῦ

177 2212 614 2280 πλημμελήματος
662 2212 811 2281 ὑπὲρ
875 2213 1262 2281 συγχωρήσεως
1323 2213 1415 2264 καὶ
1473 2211 1711 2279 ἀφέσεως

182 2301 434 2371 ἁμαρτιῶν
451 2301 526 2371 τῷ
549 2309 592 2354 ν’
611 2301 820 2371 ψαλμῷ
850 2302 1174 2371 ἐφήρμοσεν.
1203 2301 1385 2364 Οὕτως
1406 2299 1494 2354 οῦν
1517 2302 1606 2354 καὶ
1629 2305 1710 2371 ἐφ’

185 2392 370 2462 ἑκάστῳ
397 2391 590 2460 ψαλμῷ
629 2391 778 2444 κατά
821 2408 974 2453 τινας
1012 2390 1198 2456 λόγους
1239 2392 1303 2458 τῇ
1337 2389 1442 2441 τῶν
1474 2389 1712 2460 ἀριθμῶν

184 2478 378 2549 δυνάμει
409 2481 504 2544 τὰς
539 2482 753 2544 οἰκείας
784 2480 1026 2542 διανοίας
1069 2481 1205 2532 εἴποι
1250 2479 1315 2531 ἂν
1359 2478 1709 2549 ὲφηρμόσθαι.

198 2569 314 2620 Ἀλλ’
335 2572 361 2621 6
381 2571 549 2624 ταῦτα
579 2571 758 2639 λέγων
784 2569 848 2622 06
881 2587 967 2640 μοι
991 2570 1135 2622 δοκεῖ
1163 2570 1442 2638 τυγχάνειν
1469 2569 1560 2620 τοῦ
1595 2585 1714 2621 σκο-

186 2657 287 2709 ποῦο
316 2660 520 2730 πρῶτον
565 2662 667 2730 μὲν
707 2662 800 2712 ὅτι
841 2661 960 2712 οὐδὲ
1005 2660 1136 2721 ὅλως
1179 2659 1400 2730 ἀριθμός
1443 2678 1524 2722 τις
1565 2662 1620 2712 ἐν
1647 2663 1711 2730 τῇ

198 2748 422 2820 Ἐϐραῖκῇ
459 2750 622 2822 βίϐλῳ
658 2752 769 2804 τῶν
813 2749 1053 2820 Ψαλμῶν
1083 2750 1317 2820 φέρεται·
1363 2749 1486 2802 ἄνευ
1530 2749 1585 2801 δὲ
1620 2749 1714 2818 τῆς

189 2838 264 2888 τοῦ
290 2835 506 2909 ἀριθμοῦ
537 2841 871 2912 προσθήκης
893 2841 1288 2910 ἀνεγράφησαψ
1317 2837 1412 2892 εἶθ’
1431 2841 1509 2892 ὅτι
1537 2839 1717 2908 διαφόο

198 2945 284 2998 pm:
307 2932 458 3000 οἱμὲν
482 2934 586 2985 εἰσὶ
617 2951 751 3004 συνη
767 2934 982 3002 μμένοι,
1017 2935 1062 2984 οί
1083 2933 1137 2983 δὲ
1163 2932 1489 3003 διῃρημένοι.
1514 2931 1716 2984 Λύτίκα

196 3017 302 3082 γοῦν
331 3021 356 3072 6
392 3017 616 3092 πρῶτος
639 3023 737 3075 καὶ
780 3023 810 3072 6
850 3020 1096 3091 δεύτερος
1128 3020 1267 3072 κατά
1295 3020 1391 3090 τὴν
1419 3021 1588 3090 ἀρχὴν
1617 3020 1714 3089 τῆς

1808 623 1966 676 quam
2007 608 2283 675 ingressus
2308 615 2390 659 est
2420 607 2482 660 ad
2519 605 2798 661 Bersabee.
2836 627 2854 658 ι
2891 607 3087 660 Deinde
3111 609 3328 662 tertium

1808 696 2126 761 composuit,
2187 711 2204 744 ι
2257 709 2376 746 cum
2428 693 2634 762 aufugit
2671 708 2700 745 a
2753 692 2887 746 facie
2934 693 3184 747 Absalom
3239 693 3331 746 ﬁlii

1809 785 1932 847 sui;
1974 804 1991 835 ι
2031 786 2131 837 sub
2161 784 2271 836 lucc
2307 784 2585 851 septimum
2633 802 2650 832 ι
2701 797 2796 851 pro
2824 783 3002 837 verbis
3039 783 3204 836 Cliusi
3239 782 3330 836 ﬁlii

1806 873 2020 928 Jemini.
2055 893 2071 923 ›
2098 873 2230 937 Quis
2261 873 2450 925 horum
2481 887 2696 926 causam
2732 888 2840 925 non
2869 872 3182 941 perquirat?
3215 870 3329 924 Non

1806 963 1947 1017 enim
1982 963 2174 1016 rationi
2214 970 2631 1016 consentaneum
2655 968 2817 1022 esset,
2844 962 2959 1016 sine
2992 961 3098 1025 ulla
3148 975 3336 1014 neces-

1808 1051 1949 1106 saria
1980 1067 2142 1106 causa
2167 1052 2278 1104 haec
2303 1052 2395 1103 tali
2425 1051 2584 1103 modo
2603 1049 2849 1103 ordinata
2871 1049 3056 1105 fuisse.
3092 1049 3206 1104 Erit
3235 1049 3337 1103 for-

1807 1148 1952 1196 tasse
1975 1142 2064 1210 qui
2093 1157 2344 1194 numeros
2369 1141 2513 1209 ipsos
2544 1141 2650 1193 vim
2684 1141 2916 1209 aliquam
2944 1141 3140 1196 habere
3162 1148 3332 1210 putet;

1808 1232 2034 1300 ideoque
2067 1232 2294 1301 singulis
2326 1231 2564 1284 numeris
2593 1240 2974 1299 congruentem
3012 1231 3183 1300 aptari
3215 1247 3335 1286 ver-

1807 1321 1996 1374 borum
2045 1319 2400 1382 sententiam;
2451 1319 2679 1388 exempli
2714 1334 2900 1382 causa,
2933 1321 3334 1392 quinquagena-

1807 1411 1920 1464 rius
1972 1423 2226 1462 numerus
2277 1409 2613 1464 remissionis
2673 1416 3012 1479 peccatorum
3071 1411 3330 1465 rationem

1807 1499 2064 1559 continet,
2090 1497 2159 1550 ob
2183 1496 2684 1565 quinquagesimum
2727 1497 2872 1550 illum
2911 1512 3108 1551 annum
3139 1499 3191 1552 in
3220 1498 3335 1570 lege

1807 1594 2186 1647 memoratum,
2219 1587 2495 1655 juhilazum
2527 1586 2593 1638 ab
2625 1585 2863 1641 Hebraeis
2880 1587 3061 1640 vocari
3088 1589 3331 1651 solitum,

1807 1693 1911 1746 quo
1934 1675 2278 1731 remissiones
2303 1674 3138 1744 concessionesque'debitoribus
3158 1686 3332 1741 erant,

1811 1769 2025 1821 libertas
2055 1765 2292 1826 famulis,
2324 1771 2376 1819 et
2405 1765 2600 1818 similia
2623 1765 2863 1834 quaedam
2885 1767 2969 1835 agi
2999 1767 3112 1836 lege
3132 1767 3336 1820 constit-

1810 1865 1980 1908 tutum
2007 1863 2142 1908 erat.
2176 1852 2344 1920 Cujus
2383 1854 2458 1906 rei
2484 1853 2654 1922 gratia
2684 1852 3078 1906 confessionem
3117 1853 3338 1907 sceleris

1809 1960 1904 2013 pro
1955 1945 2108 1998 venia
2162 1950 2215 1997 et
2261 1943 2577 1996 remissione
2626 1951 2970 2010 peccatorum
3014 1943 3338 2011 quinquage-

1809 2035 1944 2087 simo
1965 2033 2172 2101 psalmo
2201 2032 2485 2098 aptaverit.
2537 2029 2626 2085 Sic
2671 2030 2836 2100 igitur
2881 2030 2968 2085 ille
2999 2031 3226 2100 singulis
3282 2031 3337 2083 in

1811 2123 2050 2192 psalmis.
2081 2122 2373 2175 secundum
2399 2120 2658 2190 quasdam
2704 2121 2961 2186 rationes,
2992 2135 3335 2174 numerorum

1811 2214 1994 2266 virtuti
2022 2211 2342 2266 sententiam
2390 2211 2658 2280 prepriam
2695 2209 3087 2263 accommbdari
3117 2209 3333 2264 dixerit.

1809 2306 1875 2356 At
1924 2304 2012 2372 qui
2064 2305 2188 2357 talia
2221 2304 2383 2365 dicat,
2425 2317 2530 2355 non
2566 2301 2775 2354 videtur
2811 2300 2938 2353 mihi
2987 2314 3207 2368 scopum
3255 2306 3338 2352 at-

1811 2394 2010 2462 tingere
2043 2411 2056 2446 :
2090 2395 2262 2462 primo
2281 2393 2495 2462 quidem
2524 2389 2665 2460 quod
2695 2390 2877 2444 nullus
2905 2391 3124 2443 omnino
3147 2403 3337 2442 nume-

1812 2497 1904 2535 rus
1943 2483 1995 2535 in
2026 2482 2287 2536 Hebraico
2336 2482 2671 2534 Psalmorum
2719 2480 2857 2532 libro
2905 2478 3137 2544 feratur;
3168 2477 3262 2533 sed
3300 2477 3338 2531 ii

1811 2574 1961 2626 nullo
1984 2573 2167 2626 addito
2197 2586 2421 2626 numero
2445 2570 2848 2624 inscribantur:
2879 2569 3071 2622 deinde
3099 2555 3225 2639 q'uia
3255 2569 3339 2622 di-

1811 2679 1964 2717 verso
1993 2663 2153 2715 modo
2191 2662 2267 2716 illi
2314 2661 2399 2715 vel
2446 2658 2698 2728 disjuncti
2733 2660 2814 2713 vel
2865 2659 3136 2726 conjuncti
3191 2667 3336 2712 sunt.

1812 2751 1943 2806 Nam
1969 2752 2049 2806 vel
2075 2752 2142 2806 ab
2168 2751 2283 2820 ipso
2317 2750 2471 2804 initio
2508 2750 2718 2820 primus
2743 2755 2795 2802 et
2839 2748 3108 2801 secundus
3143 2748 3198 2802 in
3243 2745 3342 2801 Hc-

1813 2839 1998 2893 braico
2019 2838 2309 2906 exemplari
2345 2837 2580 2906 copulati
2610 2842 2736 2890 sunt
2769 2854 2782 2888 :
2819 2850 3142 2903 rursumque
3165 2849 3341 2888 nonus

1813 2929 1902 2997 qui
1946 2928 2265 2996 conjunctus
2306 2927 2360 2979 in
2393 2933 2600 2992 nostro,
2630 2925 2682 2978 in
2722 2923 2986 2978 llebraico
3035 2924 3239 2978 divisus
3285 2923 3342 2977 in

1813 3015 1949 3067 duos
1997 3021 2098 3066 est.
2153 3011 2426 3080 Totusque
2457 3011 2795 3066 Psalmorum
2842 3011 2998 3071 liber,
3048 3019 3106 3063 ut
3139 3010 3342 3064 dictum

201 3107 351 3174 βίϐλου
372 3112 698 3182 συνημμένοι
723 3113 838 3164 elei.
867 3111 1005 3164 κατὰ
1025 3111 1084 3162 16
1117 3111 1411 3180 Ἐϐραῖκόψ
1441 3111 1533 3162 καὶ
1558 3109 1713 3162 πάλιν

1816 3101 2084 3168 superius,
2133 3101 2186 3153 in
2218 3100 2452 3168 quinque
2481 3109 2663 3168 partes
2693 3098 3012 3152 distributus
3061 3107 3162 3152 est.
3214 3099 3344 3165 Qua:

198 3197 221 3246 6
242 3197 279 3248 θ’
305 3203 632 3270 συνημμένος
663 3201 803 3271 παρ’
829 3202 956 3270 ἡμῖν
989 3201 1044 3252 ὲν
1069 3199 1146 3269 τῷ
1183 3198 1446 3269 Ἐϐραῖκῷ
1468 3199 1712 3270 διῄρηται

199 3291 262 3350 εἰς
277 3289 374 3344 δύο.
395 3294 500 3346 Καὶ⁸
526 3296 676 3347 πᾶσα
697 3294 758 3346 δὲ
787 3294 818 3361 ή
842 3291 947 3343 τῶν
962 3290 1200 3360 Ψαλμῶν
1226 3290 1398 3359 βίϐλος
1421 3291 1497 3352 είς
1521 3291 1656 3360 μέρη
1675 3295 1713 3340 ε’

199 3378 436 3450 διῄρηται,
476 3383 657 3445 καθὼς
702 3383 809 3452 ήδη
860 3381 1117 3450 πρότερον
1158 3379 1387 3448 εἴρηται.
1425 3373 1520 3429 Ὧν
1548 3377 1713 3441 οὕτως

201 3466 418 3542 ἐχόντων,
476 3470 728 3538 σχολάζοι
781 3468 844 3520 ἂν
894 3469 929 3537 ἡ
971 3465 1320 3538 προλεχθεῖσα
1349 3465 1452 3518 τῶν
1477 3465 1715 3536 ἀριθμῶν

202 3552 390 3623 θεωρία.
422 3559 577 3610 Ποῖον
609 3559 666 3610 δὲ
699 3556 798 3610 καὶ
828 3556 980 3622 λόγον
1021 3556 1160 3607 εἴποι
1192 3555 1254 3607 ἀν
1285 3571 1368 3615 τις
1408 3553 1568 3621 ἔχειν,
1600 3554 1716 3622 φέρ’

202 3645 366 3708 εἰπεῖν,
396 3648 484 3699 τοῦ
507 3648 643 3717 μετὰ
670 3650 861 3717 χεῖρας
880 3643 1109 3714 ψαλμοῦ,
1139 3644 1279 3710 λέγω
1307 3643 1361 3694 δὲ
1391 3643 1481 3696 τοῦ
1508 3642 1601 3705 ξδ’,
1623 3641 1717 3712 τὴν

201 3731 403 3786 διάνοιαν
424 3738 556 3805 πρὸς
576 3737 668 3788 τὸν
690 3735 890 3788 τοιόνδε
915 3733 1141 3803 ἀριθμὸν
1163 3730 1533 3801 ἐφαρμόττειν,
1562 3729 1594 3798 ἢ
1613 3730 1717 3781 τῶν

201 3820 272 3886 ἐφ’
296 3823 494 3894 ἑκάστῳ
534 3825 644 3877 τῶν
686 3831 765 3896 ρν¹
811 3822 1053 3893 ἀριθμῶν
1084 3821 1210 3872 ἴδιον
1242 3819 1572 3890 ἀφοριεῖσθαι
1600 3817 1718 3870 νοῦν

203 3916 512 3982 προσήκοντα
555 3916 634 3986 τῷ
674 3913 883 3984 τοιῷδε,
918 3915 950 3984 ἢ
983 3912 1058 3982 τῷ
1086 3911 1266 3980 τοιῷδε
1300 3909 1546 3982 ἁριθμῷ;
1588 3907 1718 3961 ἀλλὰ

201 4000 348 4056 ταῦτα
397 4006 492 4074 μὲν
543 4008 650 4077 ὅπη
701 4022 788 4068 τις
843 4003 1010 4056 ἐθέλοι
1052 4001 1450 4071 παραδεχέσθω.
1497 3999 1633 4067 Ἐγὼ
1664 4000 1720 4051 δὲ

201 4091 411 4161 ἠγοῦμαι
452 4097 549 4164 τῆς
599 4096 709 4149 τῶν
767 4093 1221 4163 ἐγγεγραμμένων
1268 4091 1497 4153 διανοίας
1541 4091 1720 4143 ἕνεκεν

205 4179 373 4252 ἐφεξῆς
400 4186 641 4256 ἀλλήλων
671 4186 797 4246 τοὺς
825 4183 1064 4252 ψαλμοὺς
1099 4183 1306 4235 κεῖσθαι
1335 4182 1471 4234 κατὰ
1500 4182 1559 4232 16
1578 4181 1723 4233 πλεῖ-

205 4282 326 4333 στον,
346 4273 509 4336 οὓτως
539 4277 595 4328 ὲν
621 4274 835 4333 πολλοῖς
857 4273 1186 4342 ἐπιτηρήσας
1208 4272 1299 4330 καὶ
1322 4269 1509 4340 εὑρὼν
1532 4270 1609 4321 διὸ
1632 4271 1722 4322 καὶ

206 4358 445 4426 συνῆφθαι
470 4364 667 4426 αὐτοῦς
689 4362 885 4415 ὡσανεὶ
906 4361 1214 4427 συγγένειαν
1241 4359 1456 4428 ἔχοντας
1479 4359 1571 4410 καὶ
1595 4359 1722 4410 ἀκο-

1817 3206 1936 3245 cum
1989 3191 2059 3244 ita
2090 3206 2148 3244 se
2171 3191 2423 3253 habeant,
2455 3199 2608 3242 vacet
2641 3187 2880 3257 profecto
2919 3189 3230 3257 inutilisque
3271 3189 3344 3243 sit

1790 3281 2066 3351 'przedicta
2096 3293 2440 3334 numerorum
2486 3277 2865 3332 consideratio.
2898 3276 3096 3344 Ecqua,
3130 3279 3340 3340 amabo,

1820 3371 1955 3422 ratio
2009 3368 2192 3431 fuerit,
2241 3367 2470 3436 exempli
2521 3380 2708 3429 causa,
2742 3365 3040 3434 przesentis,
3089 3366 3340 3419 nimirum

1820 3474 1924 3512 Lxu
1974 3457 2166 3526 psalmi
2213 3456 2556 3519 sententiam,
2609 3469 2730 3509 cum
2762 3455 3070 3522 huiusmodi
3119 3469 3343 3509 numero

1819 3555 2102 3616 coaptare;
2134 3546 2217 3600 vel
2251 3546 2303 3598 in
2333 3544 2561 3612 singulis
2602 3557 2666 3599 CL
2718 3544 2957 3597 numeris
2988 3543 3258 3612 propriam
3291 3551 3343 3596 et

1819 3645 2194 3704 congruentem
2234 3635 2327 3690 tali
2370 3633 2452 3688 vel
2479 3633 2570 3686 tali
2603 3647 2825 3686 numero
2850 3643 3080 3686 mentem
3103 3633 3344 3701 assigna-

1777 3801 1784 3804 _
1822 3727 1916 3779 re?
1947 3724 2051 3780 Sed
2085 3725 2198 3780 hac
2242 3724 2456 3794 quidem
2496 3722 2720 3776 arbitrio
2760 3737 2859 3775 suo
2887 3723 3065 3790 quivis
3095 3723 3344 3792 accipiat.

1823 3818 1929 3887 Ego
1952 3833 2078 3871 vero
2103 3816 2336 3869 arbitror
2377 3829 2476 3884 pro
2509 3813 2786 3868 sententia:
2828 3813 3035 3868 ratione
3079 3822 3131 3867 et
3161 3812 3345 3874 simili-

1823 3907 2028 3971 tudine,
2061 3907 2296 3977 psalmos
2324 3912 2383 3958 ut
2433 3904 2722 3973 plurimum
2751 3902 2990 3971 digestos
3031 3919 3173 3966 esse,
3223 3902 3347 3972 quia

1824 3997 1922 4049 hoc
1969 3995 2024 4048 in
2067 3994 2252 4048 multis
2300 3993 2640 4047 observatum
2672 3991 2908 4058 comperi
2951 4009 2964 4043 :
3002 3990 3230 4058 ideoque
3261 4006 3346 4044 or-

1825 4087 1948 4142 dine
1969 4086 2290 4154 coniunctos
2313 4099 2434 4139 esse
2459 4084 2550 4153 qui
2581 4081 2883 4136 aﬂinitatem
2911 4088 2965 4134 et
3011 4096 3346 4150 consequen-

1822 4176 1950 4235 tiam
1974 4174 2199 4228 invicem
2239 4172 2556 4241 praelerrent
2587 4189 2600 4222 :
2637 4167 2867 4235 indeque
2898 4181 3003 4219 non
3031 4181 3129 4234 pro
3150 4174 3346 4236 tempo’

1823 4263 1895 4318 ris
1921 4263 2149 4325 ratione,
2185 4260 2277 4314 sed
2309 4273 2404 4328 pro
2431 4257 2696 4312 sententia
2725 4257 2778 4308 in
2813 4255 2950 4309 serie
2992 4253 3139 4308 ferri.
3188 4253 3346 4324 quue

1819 4350 1927 4418 jam
1969 4349 2221 4418 superius
2261 4353 2740 4401 commonstratum
2771 4351 2873 4408 est,
2921 4357 3040 4396 cum
3072 4358 3136 4397 ex
3167 4344 3347 4397 multis

203 4445 394 4503 λουθίαν
420 4453 553 4522 πρὸς
583 4451 862 4522 ἀλλήλους.
899 4451 1086 4501 Ἔνθεν
1112 4449 1183 4518 μὴ
1204 4449 1340 4500 κατά
1359 4449 1479 4509 τοὺς
1505 4447 1715 4516 χρόνους

1825 4439 1966 4496 aliis.
1999 4445 2109 4490 tum
2142 4437 2371 4489 maxime
2399 4451 2428 4488 a
2469 4449 2554 4487 xu
2609 4433 2674 4485 ad
2719 4432 3243 4501 quinquagesimum,
3295 4431 3348 4484 in

205 4531 530 4602 ὲμφέρεσθαι,
559 4541 694 4592 ἀλλὰ
725 4538 864 4592 κατὰ
888 4539 982 4607 τὴν
1014 4539 1109 4606 τῆς
1137 4537 1365 4597 διανοίας
1388 4535 1715 4587 ἀκολουθίαν.

208 4620 458 4678 Δέδεικται
485 4629 540 4680 δὲ
573 4631 730 4682 τοῦτο
760 4630 857 4699 ήδη
894 4627 1152 4697 πρότερον
1187 4627 1279 4684 καὶ
1326 4625 1429 4676 ἀπὸ
1471 4625 1720 4678 πλειόνων

212 4710 292 4774 μὲν
311 4713 523 4784 ἐτέρων,
561 4721 790 4788 μάλιστα
820 4718 874 4770 δὲ
908 4716 1012 4769 ἀπὸ
1038 4715 1128 4768 τοῦ
1159 4721 1246 4784 μα’
1271 4713 1426 4784 μέχρι.
1453 4714 1542 4766 τοῦ
1572 4721 1634 4780 ν’,
1666 4716 1720 4766 ὲν

211 4792 277 4860 οἷς
321 4802 698 4872 ἀποδεικτικῶς
749 4808 1163 4878 παρεστήσαμεν
1213 4803 1338 4864 τοὺς
1396 4804 1489 4872 μὲν
1542 4806 1722 4871 ἐπιγε-

216 4894 529 4960 γραμμένους
563 4898 667 4952 τῶν
697 4898 824 4950 υἱῶν
855 4897 995 4966 Κορὲ
1036 4894 1233 4963 πολλὴν
1278 4891 1465 4954 σώζειν
1504 4894 1723 4946 ἀκολου-

215 4975 316 5029 θίαν
343 4985 468 5051 πρὸς
499 4987 590 5038 16v
622 4988 740 5041 νοῦν
771 4987 860 5038 τὸν
887 4987 944 5049 ἐξ
971 4985 1144 5038 αὐτῶν
1169 4981 1508 5052 δηλούμενον
1534 4983 1725 5054 ἐφεξῆς

219 5063 264 5116 δὲ
284 5069 473 5134 τούτοις
507 5076 748 5147 κείμενον
779 5077 868 5127 16v
897 5075 987 5127 106
1029 5071 1200 5138 Ἀσάφ
1227 5071 1317 5121 καὶ
1341 5071 1496 5123 πάλιν
1527 5074 1724 5127 τούτων

223 5160 536 5230 συνημμένην
562 5165 652 5215 τοῦ
678 5163 836 5216 Δαυῖδ
862 5162 958 5233 τὴν
985 5158 1360 5229 ἐξομολόγησιν
1382 5159 1478 5227 τὴν
1507 5162 1564 5210 ὲν
1583 5161 1660 5230 τῷ
1682 5161 1725 5212 ν’

229 5247 512 5319 φερομένην,
542 5253 788 5304 ἀδίαστον
821 5251 917 5319 τὴν
957 5246 1303 5301 ἀποδοθεῖσαν
1335 5246 1462 5311 ἡμῖν
1495 5247 1722 5314 θεωρίαν

232 5337 470 5404 παρέχειν.
498 5342 606 5394 Μία
635 5343 731 5412 μὲν
763 5335 855 5392 οῦν
887 5337 1014 5406 αὕτη
1045 5337 1076 5406 ή
1109 5331 1280 5391 αἰτία,
1307 5331 1378 5392 ὡς
1407 5333 1530 5400 ἐμοὶ
1559 5335 1724 5398 δοκεῖ,

235 5419 314 5485 τῆς
348 5426 635 5493 ἀκολουθίας
675 5429 868 5498 γένοιτ’
900 5427 960 5478 ἂν
983 5426 1083 5476 τῶν
1112 5419 1357 5489 ψαλμῶν·
1386 5420 1493 5488 ἔχω
1532 5423 1588 5474 δὲ
1635 5428 1732 5488 καὶ,

236 5503 370 5578 ἀλλην
399 5517 572 5572 εἰπεῖν.
617 5522 691 5586 (ι)
727 5515 925 5581 Πολλῆς
954 5513 1052 5580 γάρ
1080 5507 1518 5582 εῑδωλολατρείας
1551 5529 1724 5565 κατα-

249 5601 543 5672 κρατησάσης
572 5605 660 5657 τοῦ
703 5599 962 5654 Ἰουδαίων
992 5598 1182 5654 ἔθνους,
1215 5592 1376 5663 λήθην
1404 5596 1608 5660 αὐτοὺς
1633 5617 1735 5651 πε-.

307 5709 368 5777 (l)
396 5711 454 5770 lis
484 5717 583 5772 fere
611 5715 806 5771 similia
839 5713 890 5764 in
921 5708 1133 5778 prologis
1155 5721 1320 5774 supra
1355 5709 1662 5774 habentur,

1821 4529 2016 4598 quibus
2040 4527 2183 4580 clare
2207 4523 2692 4594 comprobavimus,
2717 4537 2809 4578 eos
2839 4522 2929 4588 qui
2955 4520 3181 4574 filiorum
3214 4521 3348 4575 Core

1824 4617 2062 4687 inscripti
2105 4625 2249 4682 sunt,
2292 4617 2508 4668 multam
2559 4614 2756 4666 habere
2779 4612 2920 4680 quod
2958 4611 3024 4664 ad
3051 4628 3265 4667 sensum
3297 4613 3350 4666 in

1824 4711 1890 4764 iis
1917 4709 2328 4778 deprehensum,
2363 4709 2502 4760 inter
2539 4720 2596 4758 se
2639 4704 2945 4757 aﬂiuitatem
2980 4721 2993 4755 :
3041 4711 3352 4771 sequentem

1823 4814 1951 4854 vero
1980 4801 2070 4870 qui
2100 4799 2295 4868 Asaplii
2325 4807 2426 4858 est,
2470 4805 2522 4849 et
2560 4795 2626 4847 iis
2654 4795 2950 4852 subnexam
2997 4794 3050 4846 in
3083 4793 3353 4862 quinqua-

1827 4891 2028 4958 gesimo
2089 4887 2305 4941 Davidis
2353 4883 2771 4944 confessionem,
2829 4881 3069 4948 opinioni
3131 4890 3351 4946 nostra,

1825 4979 1964 5047 quod
1995 4978 2195 5032 scilicet
2223 4978 2328 5028 vim
2364 4973 2561 5027 nullam
2594 4973 2755 5025 rebus
2797 4971 3013 5027 inferat,
3046 4970 3348 5037 astipulari.

1829 5066 1950 5120 Hmc
1998 5080 2102 5119 una
2152 5079 2314 5120 causa
2371 5061 2553 5122 fuerit,
2607 5067 2663 5111 ut
2718 5059 2845 5111 mibi
2875 5057 3086 5126 quidem
3117 5058 3352 5125 videtur,

1827 5172 1923 5208 cur
1957 5153 2145 5223 psalmi
2199 5166 2263 5205 eo
2312 5149 2496 5205 ordine
2543 5146 2701 5214 positi
2741 5145 2848 5198 sint
2903 5161 2915 5196 :
2968 5144 3123 5194 aliam
3173 5152 3356 5200 tamen

1829 5247 2064 5317 proferre
2091 5241 2402 5298 valeo.Cum
2427 5236 2592 5289 multo
2612 5234 2923 5287 idololatria‘
2948 5246 3140 5317 genere
3166 5229 3362 5286 Judai-

1830 5316 1925 5397 cus
1954 5333 2178 5402 populus
2206 5329 2548 5382 detineretur,
2578 5321 2725 5386 ipsos
2758 5321 2955 5387 patrias
2987 5316 3299 5382 scripturas
3334 5337 3366 5374 α

1830 5425 2081 5478 memoria
2105 5422 2416 5475 oblita-asse
2440 5419 2622 5465 narrat
2651 5411 2952 5478 Regnorum
2979 5406 3205 5459 l'isloria
3232 5425 3251 5471 ;
3291 5410 3368 5463 ita

1833 5521 1889 5564 ut
1923 5527 2093 5581 neque
2118 5507 2358 5561 Mosaicze
2384 5499 2512 5563 legis
2543 5499 2678 5550 liber
2711 5499 2846 5550 ultra
2872 5493 3230 5562 reperiretur.
3269 5512 3370 5547 no-

1829 5618 1932 5671 que
1963 5608 2194 5674 paterna:
2235 5591 2445 5674 pictatis
2474 5587 2724 5642 memoria
2761 5601 2920 5654 penes
2949 5583 3067 5635 illos
3104 5596 3370 5636 servare-
