3818 6372
1383 403 1869 462 COMMENTARIA
1906 407 1970 462 IN
2004 404 2332 462 PSALSIOS.

291 469 452 593 fit:
473 485 830 593 ὲτῗᾶτσδξεν
890 519 1066 575 ’Ῑωάὄ
1092 522 1188 593 τὴν
1217 521 1468 590 φάραγγα
1494 520 1601 574 τῶν
1635 521 1810 585 Ἁλῶν,

1927 541 1944 574 ι
1979 523 2194 592 quando
2222 521 2367 575 venit
2409 521 2473 574 ad
2510 520 2681 588 ipsum
2732 521 2940 576 Natlian
2970 522 3250 592 prOpheta,
3298 535 3445 591 post-

3345 404 3446 459 603

41 607 108 667 κᾶν
309 578 682 682 fili-Pico;
737 597 886 659 εἷλε
944 614 1076 675 τοὺς
1117 578 1307 666 binum.
1333 578 1690 680 ιδ’-χιλιάδας.
1724 578 1810 663 Tot

1927 629 2079 682 quam
2120 613 2397 681 ingressus
2421 621 2503 666 est
2533 614 2596 666 ad
2632 612 2912 668 Bersabee.
2949 633 2967 664 ι
3004 613 3200 668 Deinde
3224 615 3441 669 tertium

50 665 114 776 ,με
145 739 190 776 ι
241 665 492 776 ιμυιξξὺῐ
521 679 768 756 ταῦτα,
805 695 921 752 ὅτε
947 665 1082 770 ἦλθε
1111 703 1243 774 πρὸς
1268 665 1630 755 αὑτὸνῖἵαθάν
1701 717 1826 770 προ-

65 739 68 740 7
382 739 394 741 7
479 760 492 776 .
703 739 768 756 ’ν’
810 739 921 752 --ν
955 739 1082 770 ,ιηνῠ
1117 739 1149 755 ,δ
1196 739 1239 765 l‘
1268 739 1332 754 *υ
1349 739 1424 754 θυι
1450 739 1629 755 ..Ἰψυῆν
1655 739 1681 753 υ
1709 739 1823 770 C'r'li

398 757 594 890 Ἒικῗ
621 779 740 832 καὶ
778 786 1034 858 εἰσ-ἦλθε
1076 739 1209 862 πρξς
1250 789 1540 861 Βηθσαόεέ.
1580 785 1709 842 Εἶτα
1734 789 1823 841 τὸν

98 867 123 890 κς.
142 885 143 888 η
281 877 306 890 ρ
432 881 444 890 λ
469 868 554 890 ινφ
601 877 729 890 ο---
821 873 850 890 ’9
976 878 990 890 ι
1078 876 1151 890 σι..
1407 877 1417 890 ο
1474 877 1487 890 ι
1695 875 1706 890 ι

98 852 363 968 /’.ov
411 857 764 968 συντάττει,
817 873 924 927 ὅτε
965 852 1350 948 ἀπεδίδρασκεν
1395 877 1498 929 ἀπὸ
1539 875 1822 946 προσώπου

118 938 588 1044 ’κ’ἶὶῄεσσαλὼμ
628 954 737 1010 τοῦ
776 963 914 1016 υἱοῦ
958 965 1142 1018 αὐτοῦ·
1173 967 1263 1018 καὶ
1303 965 1440 1036 μετά
1477 965 1643 1018 ταῦτα
1673 965 1759 1017 τὸν
1781 965 1823 1028 ζ’

195 1038 312 1123 8;;
325 1055 366 1109 ρ
390 1038 502 1094 τῶν
520 1040 717 1115 λόγων
751 1051 944 1107 Χουσὶ
975 1055 1091 1108 υἱοῦ
1127 1056 1359 1124 Ἰεμινεί.
1391 1055 1485 1118 Τίς
1511 1050 1602 1107 οὖν
1633 1055 1730 1107 οὐκ
1759 1055 1823 1106 ἂν

229 1157 326 1220 ﬁt,
362 1132 570 1191 τοῦτων
602 1136 912 1210 ζητήσειεν
945 1145 1155 1209 αἰτίαν;
1191 1145 1264 1197 Οὐ
1301 1145 1407 1215 γάρ
1439 1145 1549 1214 ἔχει
1584 1144 1734 1210 λόγον
1761 1143 1821 1195 τὸ

263 1240 338 1305 μὴ
365 1230 456 1287 διά
476 1248 630 1294 τινας
666 1231 982 1300 ἀναγκαίας
1008 1234 1283 1297 ὑποθέσεις
1315 1234 1480 1288 ταῦτα
1509 1234 1688 1286 τοῦτον
1717 1234 1824 1285 δια-

254 1324 514 1393 τετάχθαι
559 1321 651 1376 τδν
686 1322 918 1394 τρόπον.
958 1325 1146 1386 Ἀλλος
1177 1324 1272 1394 μὲν
1299 1320 1388 1376 οὖν
1415 1325 1536 1386 τοὺς
1566 1325 1822 1393 ἀριθμοὺς

250 1415 458 1477 αὐτοὺς
489 1414 739 1484 οἰήσεται
773 1413 919 1484 ἔχειν
955 1414 1076 1466 τινὰ
1105 1413 1344 1482 δύναμινο
1379 1413 1457 1466 διὸ
1486 1414 1824 1483 καταλλήλως

238 1505 478 1574 ἑκάστῳ
521 1503 744 1574 ἀριθμῷ
773 1503 1112 1573 ἐφηρμόσθαι
1142 1503 1237 1573 τὴν
1270 1503 1496 1556 διάνοιαν
1525 1503 1628 1555 τῶν
1658 1506 1821 1573 ἐμφε-
1866 1537 1873 1541 -

235 1593 507 1662 ρομένων
527 1590 726 1658 λόγων·
759 1585 869 1643 οἷον
893 1591 967 1652 ὡς
1004 1591 1096 1642 ἐπὶ
1133 1589 1561 1662 παραδείγματος
1588 1591 1615 1641 ὁ
1641 1599 1681 1642 ν’
1710 1593 1826 1661 ἀρι-

227 1682 392 1750 Θμὸς
431 1681 530 1734 τὸν
557 1680 691 1752 περὶ
712 1681 957 1748 ἀφέσεως
989 1679 1387 1749 ἁμαρτημάτων
1415 1677 1566 1745 λόγον
1590 1680 1822 1748 περιέχει

222 1771 321 1824 διὰ
356 1774 468 1841 τὴν
493 1770 555 1822 ἐν
581 1769 665 1839 τῷ
687 1769 839 1838 νόμῳ
860 1767 1158 1838 φερομένην
1179 1769 1731 1837 πεντηκονταετερίδα,
1757 1771 1822 1839 ἣν

233 1861 587 1930 Ἰωῦηλατον
622 1858 814 1920 παῖδες
859 1857 1122 1926 Ἐϐραίων
1155 1855 1394 1915 ἐκάλουν,
1427 1857 1482 1907 ἐν
1528 1850 1570 1922 ᾧ
1607 1858 1821 1925 ἀφέσεις

213 1951 334 2004 καὶ
377 1950 776 2020 συγχωρήσεις
808 1948 1052 2016 ἐγένοντο
1081 1951 1188 2010 τοῖς
1212 1949 1637 2017 χρεωφειλέταις,
1674 1949 1819 2000 ἐλευ-

208 2039 408 2109 Θερία
440 2056 508 2091 τε
540 2037 812 2100 οἰκέταις,
859 2039 953 2089 καὶ
997 2037 1126 2090 ἄλλα
1161 2038 1277 2090 τινὰ
1314 2038 1532 2090 τοιαῦτα
1572 2037 1823 2108 πράττειν

204 2126 678 2196 νενομοθέτητο.
728 2124 932 2179 Τούτου
978 2125 1134 2196 χάριν
1181 2125 1276 2195 τὴν
1319 2126 1690 2196 ἐξομολόγησιν
1733 2126 1822 2178 τοῦ

202 2218 746 2286 πλημμελήματος
792 2217 930 2286 ὑπὲρ
987 2218 1374 2286 συγχωρήσεως
1435 2219 1527 2269 καὶ
1585 2217 1823 2284 ἀφέσεως

205 2308 550 2379 ἁμαρτιῶν
571 2307 654 2376 τῷ
679 2314 723 2358 ν’
742 2306 938 2376 ψαλμῷ
964 2307 1286 2376 ἐφήρμοσεν.
1315 2306 1496 2369 Οὕτως
1518 2303 1606 2360 οὖν
1629 2307 1718 2360 καὶ
1741 2311 1822 2376 ἐφ’

204 2400 473 2469 ἑκάστῳ
505 2396 718 2467 ψαλμῷ
759 2395 900 2448 κατά
938 2413 1086 2458 τινας
1123 2395 1310 2462 λόγους
1351 2398 1414 2464 τῇ
1449 2395 1554 2447 τῶν
1586 2395 1824 2466 ἀριθμῶν

202 2486 480 2558 δυνάμει
517 2488 628 2550 τὰς
667 2487 876 2549 οἰκείας
905 2485 1138 2547 διανοίας
1180 2485 1317 2536 εἴποι
1362 2484 1427 2536 ἂν
1471 2483 1820 2554 ἐφηρμόσθαι.

222 2577 393 2628 Ἀλλ’
424 2580 458 2630 ὁ
483 2577 677 2630 ταῦτα
708 2576 881 2644 λέγων
903 2574 962 2628 οὗ
993 2593 1079 2644 μοι
1103 2575 1248 2627 δοκεῖ
1275 2575 1554 2644 τυγχάνειν
1581 2574 1671 2626 τοῦ
1707 2591 1826 2627 σκο-

208 2667 362 2719 ποῦ
402 2667 649 2739 πρῶτον
699 2667 796 2736 μὲν
835 2667 914 2717 ὅτι
953 2666 1072 2716 οὐδὲ
1117 2665 1248 2726 ὅλως
1290 2665 1512 2734 ἀριθμός
1554 2683 1635 2728 τις
1677 2667 1732 2716 ἐν
1759 2668 1823 2735 τῇ

224 2758 536 2827 Ἐϐραῖκῇ
581 2756 756 2826 βίϐλῳ
791 2757 896 2808 τῶν
926 2755 1165 2825 Ψαλμῶν
1195 2755 1428 2824 φέρεται·
1475 2755 1598 2807 ἄνευ
1641 2755 1696 2807 δέ
1732 2755 1826 2824 τῆς

191 2848 316 2899 τοῦ
352 2841 634 2918 ἀριθμοῦ
668 2846 983 2916 προσθήκης
1004 2846 1398 2915 ἀνεγράφησαν·
1429 2841 1523 2897 εἷθ’
1543 2847 1624 2899 ὅτι,
1648 2845 1828 2913 διαφόο

171 2956 333 3010 pan;
368 2943 434 2993 οἱ
459 2940 576 3009 μὲν
604 2939 716 2990 εἰσὶ
747 2939 1094 3008 συνημμένοι,
1128 2940 1174 2989 οἱ
1195 2938 1248 2989 δὲ
1274 2938 1600 3008 διῃρημένοι.
1627 2937 1828 2989 Αὐτίκα

178 3028 365 3095 τοῖιν
409 3031 443 3082 ὁ
491 3020 746 3098 πρῶτος
767 3027 861 3078 καὶ
893 3027 922 3077 ὁ
962 3025 1206 3096 δεύτερος
1240 3025 1378 3078 κατὰ
1406 3025 1502 3095 τὴν
1530 3025 1698 3096 ἀρχὴν
1729 3026 1826 3095 τῆς

1922 702 2240 767 composuit,
2299 717 2317 750 Ι
2371 715 2490 752 cum
2542 699 2747 768 aufugit
2785 715 2813 752 a
2865 699 3000 754 facie
3048 700 3296 754 Absalom
3352 700 3444 753 lilii

1922 791 2045 854 sui;
2087 810 2104 841 ι
2145 792 2244 844 sub
2274 790 2384 843 liazc
2421 790 2698 857 septimum
2747 809 2764 839 ι
2815 803 2909 857 pro
2937 789 3115 844 verbis
3153 789 3318 843 Chusi
3353 789 3443 842 ﬁlii

1919 879 2133 934 Jemini.
2168 899 2184 929 ι
2211 879 2343 944 Quis
2375 879 2564 932 horum
2594 893 2810 932 causam
2845 894 2953 931 non
2982 878 3295 948 perquirat?
3329 877 3442 932 Non

1919 969 2060 1022 enim
2095 969 2288 1022 rationi
2327 977 2744 1022 consentaneum
2768 975 2930 1029 esset,
2957 968 3072 1022 sine
3105 968 3211 1020 ulht
3261 981 3449 1020 ncces-

1921 1057 2062 1111 saria
2093 1073 2255 1111 causa
2280 1058 2391 1111 haec
2416 1058 2508 1110 tali
2539 1057 2697 1109 modo
2717 1055 2962 1110 ordinata
2984 1056 3170 1112 fuisse.
3205 1055 3319 1110 Erit
3347 1056 3450 1109 for-

1920 1153 2064 1201 tasse
2087 1148 2177 1216 qui
2205 1163 2456 1201 numeros
2483 1148 2626 1215 ipsos
2656 1147 2763 1200 vim
2798 1148 3030 1216 aliquam
3057 1147 3253 1202 habere
3275 1155 3445 1217 putet;

1921 1238 2148 1306 ideoque
2181 1238 2406 1307 singulis
2439 1237 2677 1290 numeris
2705 1247 3088 1306 congruentem
3125 1239 3296 1307 aptari
3327 1253 3448 1293 ver—

1919 1326 2108 1380 bnrum
2158 1325 2513 1388 sententiam;
2563 1325 2792 1394 exempli
2827 1340 3012 1389 causa,
3046 1327 3447 1398 quinquagena-

1920 1417 2033 1470 rius
2085 1430 2339 1468 numerus
2391 1415 2726 1470 remissionis
2786 1423 3124 1485 peccatorum
3185 1418 3443 1472 rationem

1919 1504 2177 1565 continet,
2203 1503 2272 1556 ob
2295 1502 2796 1571 quinquagesimum
2839 1504 2985 1556 illum
3023 1518 3220 1558 annum
3251 1505 3304 1558 in
3333 1505 3447 1576 lege

1919 1600 2298 1653 memoratum,
2331 1592 2607 1661 jubilanum
2639 1593 2706 1646 ab
2738 1591 2976 1648 llebrmis
2993 1594 3174 1647 vocari
3201 1595 3443 1658 solitum,

1919 1698 2024 1752 quo
2047 1681 2391 1736 remissiones
2416 1681 3250 1750 concessionesque'debitoribus
3269 1693 3444 1748 erant,

1923 1775 2137 1827 libertas
2167 1771 2404 1832 famulis,
2436 1778 2488 1825 et
2517 1772 2712 1824 similia
2736 1772 2975 1840 quaedam
2997 1773 3082 1842 agi
3111 1773 3224 1842 lege
3244 1774 3449 1827 constie

1923 1871 2093 1914 tutum
2119 1869 2255 1914 erat.
2288 1858 2456 1926 Cujus
2495 1859 2570 1912 rei
2597 1859 2767 1928 gratia
2796 1858 3190 1913 confessionem
3228 1859 3450 1914 sceleris

1922 1966 2016 2019 pro
2067 1951 2219 2004 venia
2274 1957 2327 2003 et
2373 1949 2690 2002 remissione
2739 1957 3083 2017 peccatorum
3126 1949 3450 2018 quinquage-

1921 2042 2056 2094 simo
2078 2039 2284 2107 psalmo
2313 2039 2597 2105 aptaverit.
2649 2035 2739 2091 Sic
2783 2037 2948 2106 igitur
2993 2037 3080 2092 ille
3111 2037 3338 2107 singulis
3394 2038 3450 2090 in

1923 2129 2162 2198 psalmis.
2193 2127 2485 2181 secundum
2511 2126 2771 2196 quasdam
2817 2127 3073 2193 rationes,
3104 2143 3447 2181 numerorum

1924 2219 2106 2271 virtuti
2134 2217 2454 2272 sententiam
2501 2218 2770 2286 propriam
2807 2215 3199 2270 accommodari
3229 2216 3445 2270 dixerit.

1921 2312 1987 2362 At
2036 2310 2124 2377 qui
2175 2311 2300 2363 talia
2332 2310 2495 2370 dicat,
2537 2323 2642 2361 non
2678 2307 2887 2360 videtur
2923 2307 3050 2359 mihi
3099 2321 3318 2375 scopum
3367 2313 3450 2359 at—

1923 2400 2121 2467 tingere
2155 2417 2167 2452 :
2202 2401 2373 2468 primo
2393 2399 2606 2468 quidem
2636 2396 2778 2466 quod
2808 2397 2989 2450 nullus
3016 2397 3235 2450 omnino
3259 2409 3449 2449 nume-

1923 2503 2016 2540 rus
2055 2489 2107 2541 in
2137 2487 2399 2542 llebraico
2448 2488 2783 2541 Psalmorum
2831 2486 2969 2539 libro
3017 2484 3248 2550 feratur;
3279 2484 3373 2540 scd
3411 2485 3449 2537 ii

1923 2580 2073 2632 nullo
2095 2579 2279 2632 addito
2309 2592 2533 2632 numero
2557 2577 2959 2630 inscribantur:
2991 2575 3183 2629 deinde
3211 2562 3337 2645 q'uia
3367 2575 3450 2629 di-

1923 2684 2076 2723 verso
2104 2668 2264 2721 modo
2303 2667 2379 2721 illi
2426 2667 2512 2721 vel
2557 2664 2810 2734 disiuncti
2845 2666 2925 2718 vel
2976 2665 3247 2732 conjuncti
3302 2673 3448 2719 sunt.

1923 2757 2054 2812 Nam
2080 2758 2161 2812 vel
2186 2757 2254 2811 ab
2279 2757 2394 2826 ipso
2429 2756 2582 2810 initio
2621 2757 2830 2825 primus
2855 2762 2906 2808 et
2950 2754 3220 2807 secundus
3254 2755 3309 2808 in
3355 2752 3453 2808 He-

1925 2845 2110 2899 braico
2130 2844 2420 2912 exemplari
2456 2843 2690 2912 c0pulati
2722 2849 2848 2896 sunt
2880 2861 2893 2895 :
2930 2856 3253 2910 rursumque
3276 2855 3452 2895 nonus

1925 2934 2014 3003 qui
2057 2934 2376 3001 conjunctus
2418 2933 2472 2985 in
2504 2940 2712 2997 nostro,
2741 2931 2793 2984 in
2834 2929 3096 2984 llebraico
3146 2930 3350 2986 divisus
3397 2930 3452 2984 in

1925 3021 2060 3073 duos
2108 3027 2209 3072 est.
2264 3017 2537 3087 Totusque
2568 3017 2906 3072 Psalmorum
2955 3018 3109 3078 liber,
3160 3026 3218 3070 ut
3250 3017 3453 3071 dictum

204 3119 434 3188 ῗδὶῧλου
461 3116 823 3186 συνημμένοι
847 3117 950 3168 eici
978 3117 1116 3169 κατά
1137 3117 1195 3168 τὸ
1228 3116 1522 3185 Ἐὅραῖκόνο
1553 3115 1644 3167 καὶ
1669 3115 1810 3167 πάλιε,

1927 3107 2195 3174 superius,
2245 3107 2296 3159 in
2329 3106 2563 3174 quinque
2594 3115 2774 3174 partes
2805 3104 3124 3158 distributus
3172 3115 3274 3159 est.
3326 3106 3455 3171 Qua:

211 3211 249 3260 ὁ
282 3209 336 3262 6'
372 3208 757 3278 συνημμένος
789 3207 914 3275 παρ’
940 3207 1067 3275 ἡμῖν
1100 3207 1155 3258 ἐν
1180 3203 1257 3274 τῷ
1294 3203 1558 3274 Ἐὁραῖκῷ
1579 3205 1823 3276 διῄρηται

213 3305 313 3364 εἰς
334 3302 463 3355 δύο.
490 3300 619 3354 Καὶ
649 3299 798 3351 πᾶσα
820 3297 874 3349 δὲ
899 3299 930 3366 ἡ
953 3296 1058 3348 τῶν
1073 3295 1312 3365 Ψαλμῶν
1337 3295 1509 3364 βίὸλος
1533 3297 1608 3357 είς
1632 3296 1767 3364 μέρη
1786 3301 1824 3346 ε’

212 3393 543 3463 διῄρηται,
591 3387 779 3448 καθὼς
823 3387 920 3456 ἤδη
971 3386 1228 3454 πρότερον
1269 3384 1498 3454 εἴρηται.
1536 3378 1631 3434 Ὧν
1659 3383 1824 3446 οὕτως

216 3481 520 3548 ἐχόντων,
590 3474 846 3543 σχολάζοι
892 3473 955 3524 ἂν
1005 3474 1039 3542 ὴ
1082 3471 1430 3543 προλεχθεῖσα
1459 3471 1564 3524 τῶν
1588 3471 1826 3541 ἀριθμῶν

217 3569 484 3638 Θεωρία.
526 3566 699 3617 Ποῖον
731 3563 786 3614 δὲ
818 3561 908 3614 καὶ
939 3561 1090 3628 λόγον
1131 3561 1270 3612 εἴποι
1302 3560 1365 3612 ἄν
1397 3576 1480 3620 τις
1519 3559 1679 3626 ἔχειν,
1711 3559 1826 3628 φέρ’

219 3663 455 3720 εἰπεῖν,
493 3655 598 3709 τοῦ
624 3652 762 3722 μετὰ
789 3655 972 3721 χεῖρας
990 3649 1220 3718 ψαλμοῦ,
1249 3649 1390 3716 λέγω
1417 3647 1472 3699 δὲ
1502 3648 1592 3700 τοῦ
1619 3647 1712 3710 ξδ’,
1733 3647 1828 3717 τὴν

217 3749 501 3801 διάνοιαν
528 3744 676 3812 πρὸς
696 3741 786 3792 τὸν
807 3740 1000 3792 τοιόνδε
1025 3738 1251 3808 ἀριθμὸν
1273 3736 1644 3806 ἐφαρμόττειν,
1673 3735 1828 3804 ἡτῶν
1889 3807 1892 3809 _

218 3840 326 3906 ἐφ’
361 3835 608 3902 ἑκάστῳ
651 3829 761 3882 τῶν
802 3836 875 3900 ρν¹
921 3827 1164 3898 ἀριθμῶν
1195 3827 1320 3878 ἴδιον
1353 3825 1683 3895 ἀφοριεῖσθαι
1711 3823 1828 3876 νοῦν

222 3930 627 3999 προσήκοντα
673 3920 751 3990 τῷ
789 3918 992 3989 τοιῷδε,
1027 3920 1060 3988 ἢ
1093 3917 1169 3988 τῷ
1196 3916 1376 3986 τοιῷδε
1411 3915 1657 3986 άριθμῷ;
1698 3913 1829 3966 ἀλλά

220 4019 434 4072 ταῦτα
496 4014 604 4085 μὲν
659 4013 765 4081 ὅπη
815 4027 897 4073 τις
953 4008 1120 4060 ἐθέλοι
1163 4006 1560 4076 παραδεχέσθω.
1607 4005 1744 4073 Ἐγὼ
1775 4005 1830 4057 δὲ

221 4109 512 4180 ἠγοῦμαι
559 4104 665 4171 τῆς
714 4101 821 4153 τῶν
876 4098 1332 4168 ἐγγεγραμμένων
1379 4097 1608 4160 διανοίας
1651 4097 1830 4149 ἕνεκεν

228 4200 467 4269 ἑφεξῆς
499 4192 754 4262 ἀλλήλων
783 4191 906 4252 τοὺς
934 4188 1175 4258 ψαλμοὺς
1209 4187 1418 4240 κεῖσθαι
1447 4188 1582 4240 κατά
1611 4189 1669 4239 τὸ
1689 4188 1833 4239 πλεῖ-

227 4305 409 4351 στον,
435 4285 622 4344 οὕτως
651 4283 709 4334 ὲν
733 4279 945 4338 πολλοῖς
967 4278 1298 4347 ἐπιτηρήσας
1320 4277 1410 4335 καὶ
1433 4276 1620 4346 εὐρώνο
1643 4276 1720 4327 διὸ
1743 4277 1832 4328 καὶ

231 4374 548 4445 συνῆφθαι
576 4369 776 4430 αὐτοὺς
797 4367 995 4420 ὡσανεὶ
1016 4366 1326 4432 συγγένειαν
1352 4364 1566 4434 ἔχοντας
1589 4365 1681 4416 καὶ
1706 4365 1832 4416 ἀκο-

1928 3212 2047 3251 cum
2100 3197 2171 3249 ita
2202 3212 2258 3250 se
2282 3196 2534 3259 habeant,
2567 3206 2719 3249 vacet
2752 3194 2990 3263 profecto
3029 3195 3342 3264 inutilisque
3383 3195 3455 3250 sit

1901 3287 2177 3356 'prtedicta
2207 3299 2551 3340 numerorum
2597 3284 2976 3338 consideratio.
3010 3283 3206 3351 Ecqua,
3241 3285 3451 3348 amabo,

1931 3376 2066 3428 ratio
2119 3374 2303 3437 fuerit,
2352 3373 2581 3442 exempli
2633 3387 2820 3435 causa,
2853 3373 3151 3440 praesentis,
3200 3373 3451 3426 nimirum

1930 3479 2035 3518 Lxu
2085 3463 2276 3532 psalmi
2325 3462 2668 3525 sententiam,
2720 3476 2840 3516 cum
2874 3461 3180 3529 hujusmodi
3230 3477 3454 3515 numero

1931 3560 2213 3622 coaptare;
2244 3551 2328 3606 vel
2363 3551 2414 3604 in
2444 3551 2672 3618 singulis
2713 3564 2778 3606 Ct.
2828 3551 3068 3604 numeris
3099 3550 3368 3619 propriam
3403 3558 3454 3602 et

1931 3651 2305 3709 congruentem
2345 3641 2438 3696 tali
2480 3640 2563 3694 vel
2589 3639 2682 3692 tali
2714 3654 2936 3692 numero
2961 3650 3191 3692 mentem
3214 3640 3454 3708 assigna-

1932 3732 2027 3785 re?
2057 3730 2162 3785 Sed
2195 3731 2309 3786 haec
2353 3731 2567 3800 quidem
2607 3729 2831 3782 arbitrio
2871 3744 2969 3782 suo
2998 3729 3176 3796 quivis
3205 3729 3454 3798 accipiat.

1933 3824 2040 3892 Ego
2063 3838 2188 3877 vero
2213 3822 2447 3875 arbitror
2488 3835 2587 3890 pro
2620 3819 2897 3873 sententia:
2939 3819 3146 3874 ratione
3189 3828 3242 3874 et
3272 3819 3455 3879 simili-

1934 3913 2138 3977 tudine,
2171 3913 2406 3983 psalmos
2435 3918 2494 3964 ut
2544 3910 2833 3979 plurimum
2862 3908 3102 3978 digestos
3142 3925 3283 3972 esse,
3334 3909 3458 3979 quia

1934 4003 2034 4055 hoc
2080 4001 2135 4054 in
2178 4000 2362 4054 multis
2411 3999 2751 4053 observatum
2783 3997 3019 4065 comperi
3062 4015 3075 4050 :
3113 3997 3341 4065 ideoque
3371 4012 3457 4050 or-

1935 4094 2059 4148 dine
2080 4093 2400 4160 conjunctos
2424 4105 2544 4146 esse
2570 4090 2660 4159 qui
2692 4088 2994 4142 alIinitatem
3021 4094 3076 4140 et
3121 4103 3457 4156 consequen-

1932 4182 2060 4240 tiam
2084 4180 2310 4235 invicem
2349 4178 2666 4248 prwlerrent
2698 4195 2711 4228 :
2747 4174 2977 4241 indeque
3009 4187 3113 4225 non
3142 4187 3240 4240 pro
3261 4181 3456 4242 tempo-

1933 4269 2006 4324 ris
2031 4269 2259 4331 ratione,
2295 4266 2386 4321 sed
2420 4280 2514 4336 pro
2541 4264 2806 4318 sententia
2836 4263 2888 4315 in
2923 4261 3060 4314 serie
3101 4259 3250 4314 ferri.
3299 4261 3458 4330 quue

1929 4357 2037 4424 jam
2079 4355 2331 4424 superius
2370 4359 2851 4407 commonstratum
2881 4357 2983 4414 est,
3031 4363 3150 4401 cum
3183 4364 3246 4404 ex
3279 4351 3458 4404 multis

225 4437 489 4521 λουθίαν
519 4461 662 4532 πρὸς
693 4456 972 4527 ἀλλήλους.
1009 4455 1197 4506 Ἔνθεν
1223 4455 1450 4523 μὴκατὰ
1470 4456 1590 4515 τοὺς
1616 4453 1810 4522 χῴνου.

1935 4445 2076 4502 aliis,
2109 4451 2220 4496 tum
2252 4443 2480 4496 maxime
2509 4458 2538 4494 a
2580 4456 2664 4494 xu
2719 4439 2783 4492 ad
2829 4438 3354 4507 quinquagesimum,
3405 4437 3458 4490 in

229 4549 638 4624 ἐμφέρεσθαι,
667 4546 801 4599 ἀλλά
833 4543 974 4596 κατά
999 4543 1093 4611 τὴν
1124 4544 1220 4610 τῆς
1248 4541 1476 4604 διανοίας
1499 4541 1826 4593 ἀκολουθίαν.

230 4645 556 4697 Δέδεικται
587 4637 646 4688 δὲ
680 4635 838 4687 τοῦτο
869 4633 968 4703 ἤδη
1005 4631 1264 4701 πρότερον
1298 4632 1390 4683 καὶ
1437 4631 1538 4682 ἀπὸ
1580 4631 1830 4683 πλειόνων

237 4736 356 4804 μὲν
385 4730 625 4798 ἐτέρων,
664 4725 899 4794 μάλιστα
931 4721 985 4773 δὲ
1019 4721 1123 4772 ἀπὸ
1149 4718 1239 4772 τοῦ
1271 4725 1356 4788 μα’
1381 4719 1535 4789 μέχρι
1563 4719 1652 4771 τοῦ
1683 4726 1744 4785 ν’ν
1777 4721 1830 4772 ὲν

232 4819 334 4886 οἷς
395 4814 803 4875 ἀποδεικτικῶς
857 4812 1276 4881 παρεστήσαμεν
1324 4808 1448 4870 τοὺς
1507 4810 1600 4878 μὲν
1653 4811 1832 4877 ἐπιγε-

239 4909 624 4982 γραμμένους
659 4904 770 4956 τῶν
801 4901 936 4952 υἱῶν
967 4901 1107 4969 Κορὲ
1147 4897 1344 4966 πολλὴν
1387 4897 1575 4960 σώζειν
1615 4900 1833 4952 ἀκολου-

236 5005 384 5056 θίαν
419 4999 556 5068 πρὸς
588 4996 684 5047 τὸν
716 4991 847 5045 νοῦν
880 4989 974 5040 τὸν
1000 4989 1058 5051 ἐξ
1084 4989 1256 5041 αὐτῶν
1281 4987 1618 5057 δηλούμενον·
1644 4989 1834 5060 ἐφεξῆς

238 5094 308 5145 δὲ
336 5088 552 5149 τούτοις
589 5081 855 5151 κείμενον
888 5077 983 5127 τὸν
1011 5077 1101 5129 τοῦ
1143 5075 1312 5141 Ἀσάφ
1336 5077 1424 5127 καὶ
1449 5078 1607 5130 πάλιν
1638 5080 1834 5133 τούτων

242 5175 614 5248 συνημμένην
643 5167 746 5219 τοῦ
776 5163 953 5215 Δαυῒδ
979 5164 1074 5235 τὴν
1100 5161 1468 5230 ἐξομολόγησιν
1491 5166 1589 5234 τὴν
1618 5169 1674 5217 ἐν
1693 5167 1770 5236 τῷ
1792 5167 1835 5218 ν’

245 5268 580 5339 φερομένην,
615 5256 900 5311 ἀϐίαστον
937 5252 1033 5320 τὴν
1073 5248 1409 5302 ἀποδοθεῖσαν
1442 5252 1573 5318 ἡμῖν
1607 5253 1832 5321 θεωρίαν

247 5335 527 5427 παρέξειν.
559 5347 687 5401 Μία
722 5342 834 5410 μὲν
871 5335 973 5390 οὖν
1005 5338 1192 5427 £1.51an)
1225 5335 1487 5427 αἰτίαὶὼς
1519 5341 1642 5406 ἐμοὶ
1671 5341 1833 5403 δοκεῖ,

237 5423 340 5512 τῆξ
372 5423 721 5500 ἀκολουθίας
769 5428 986 5494 γένοιτ’
1018 5425 1201 5479 ἀντῶν
1229 5423 1465 5492 ψαλμῶν
1497 5427 1606 5495 ἔχω
1644 5429 1699 5480 δὲ
1746 5433 1842 5493 καὶ.

237 5533 395 5606 ἄλλην
428 5528 642 5583 εζπεῖν.
697 5519 786 5582 (ι)
820 5513 1044 5606 {lolii-7.};
1073 5512 1171 5606 γάρ
1200 5512 1630 5606 είδωλολατρείας
1663 5535 1833 5570 κατα,-

237 5597 604 5688 κραὴσάσης
641 5601 750 5653 τοῦ
801 5599 1082 5650 Ἰουδαίων
1112 5597 1297 5659 ἔθνους,
1326 5598 1487 5670 λήθην
1517 5602 1719 5665 αὐτοὺς
1744 5622 1844 5656 πε-.

316 5734 383 5804 (ι)
414 5729 490 5781 [is
529 5721 656 5772 fere
690 5710 925 5765 similia
963 5711 1012 5762 in
1043 5711 1256 5778 prologis
1277 5728 1428 5782 supra
1466 5716 1771 5778 habentur.

1932 4535 2126 4603 quibus
2150 4533 2292 4585 clare
2317 4530 2802 4600 comprobavimus,
2827 4543 2919 4586 eos
2948 4527 3038 4594 qui
3065 4526 3292 4580 ﬁliorum
3325 4528 3459 4581 Core

1934 4623 2172 4692 inscripti
2215 4631 2359 4687 sunt,
2403 4623 2618 4674 multam
2669 4621 2865 4672 habere
2889 4617 3030 4686 quod
3067 4617 3133 4670 ad
3161 4634 3376 4674 sensum
3407 4619 3461 4671 in

1935 4716 2000 4769 iis
2027 4715 2438 4784 deprehensum,
2472 4715 2611 4766 inter
2649 4727 2707 4765 se
2748 4710 3054 4762 allinitatem
3089 4726 3102 4761 :
3151 4717 3462 4778 sequentem

1933 4819 2060 4862 vero
2090 4807 2179 4876 qui
2210 4805 2405 4874 Asaplii
2435 4812 2536 4864 cst,
2580 4811 2632 4855 et
2671 4801 2735 4853 iis
2764 4801 3059 4857 subnexam
3106 4799 3160 4852 in
3194 4799 3463 4868 quinqua-

1937 4897 2138 4964 gesimo
2199 4893 2415 4947 Davidis
2463 4890 2880 4950 confessionem,
2938 4887 3179 4954 opinioni
3242 4898 3461 4952 nostrae,

1935 4986 2074 5053 quod
2104 4984 2305 5038 scilicet
2333 4984 2438 5034 vim
2474 4979 2671 5032 nullam
2703 4979 2864 5031 rebus
2906 4975 3122 5033 inferat.
3155 4977 3458 5044 astipulari.

1939 5073 2059 5126 Haec
2108 5086 2211 5124 una
2261 5085 2424 5126 causa
2481 5067 2662 5128 fuerit,
2715 5073 2773 5118 ut
2827 5065 2952 5117 mihi
2983 5062 3196 5130 quidem
3227 5065 3460 5131 videtur,

1937 5178 2032 5214 cur
2066 5159 2254 5229 psalmi
2308 5172 2372 5211 eo
2421 5155 2605 5210 ordine
2652 5152 2810 5220 positi
2850 5151 2956 5203 sint
3011 5166 3023 5200 :
3076 5149 3233 5199 aliam
3284 5160 3464 5207 tamen

1939 5253 2173 5322 proferre
2201 5246 2512 5303 valeo.Cum
2535 5242 2701 5294 multo
2721 5239 3030 5293 idololatria)
3055 5251 3250 5301 genere
3275 5237 3468 5293 Judai-

1939 5321 2034 5403 cus
2063 5338 2287 5408 populus
2315 5334 2658 5388 detineretur,
2687 5327 2834 5392 ipsos
2866 5325 3062 5392 patrias
3094 5321 3404 5388 scripturas
3439 5343 3471 5382 c

1939 5431 2190 5483 memoria
2214 5428 2525 5481 omnm-asse
2549 5424 2731 5470 narrat
2760 5416 3058 5482 Regnorum
3086 5412 3314 5464 l-istoria
3339 5433 3358 5478 ;
3396 5417 3471 5470 ita

1941 5525 1999 5570 ιιι
2032 5533 2201 5586 neque
2227 5513 2468 5567 Mosaica:
2493 5505 2621 5569 legis
2652 5504 2786 5556 liber
2819 5504 2953 5555 ultra
2979 5499 3336 5565 reperiretur.
3374 5519 3471 5554 n0—

1939 5623 2041 5676 quc
2073 5614 2303 5679 paterna:
2344 5595 2554 5684 pictatis
2583 5593 2833 5647 memoria
2868 5604 3026 5660 penes
3055 5587 3174 5641 illos
3210 5602 3470 5644 scrvare.
