3818 6386
509 436 609 487 63")

1155 432 1414 484 EUSEBH
1452 432 1916 488 CAESAlllENSlS
1944 435 2091 491 ()PP.
2134 436 2309 491 PARS
2349 437 2435 490 ΙΙΙ.
2475 467 2542 477 --
2569 435 2980 491 EXEGETICA.

3543 442 3626 499 6θί

508 561 615 608 tur.
658 553 746 605 Sic
796 552 970 619 itaque
1002 550 1285 617 pmphetas
1334 547 1656 615 impietatem
1686 565 1835 604 suam
1863 567 2001 605 coar‘

2122 554 2370 623 ποιῆσθαι
2395 553 2498 606 τῶν
2525 555 2760 624 πατρίων
2787 550 3017 622 γραφῶν
3036 553 3069 621 ἡ
3090 551 3195 604 τῶν
3222 552 3489 609 Βασιλειῶν
3514 557 3628 612 ἰστος

506 655 728 713 gnentes
759 638 1141 693 interflcieliant
1168 655 1179 688 :
1212 637 1407 704 quibus
1444 638 1510 691 de
1538 640 1718 693 causis
1747 641 1799 693 in
1848 643 2021 710 capti-

507 734 718 788 vitatem
750 728 1082 797 Assyriorum
1111 726 1280 793 primo
1306 727 1482 779 traditi
1505 738 1649 781 sunt.
1673 729 1813 783 Nihil
1848 731 2024 799 itaque

505 824 695 876 mirum
731 826 812 872 est
867 818 921 869 in
964 817 1054 868 tali
1088 823 1380 883 temporum
1420 818 1726 872 conditione
1757 821 2021 888 quaedam,

500 924 618 976 qua:
656 908 707 960 in
761 906 897 958 libro
940 902 1271 957 Psalmorum
1322 907 1626 967 exstabant,
1674 908 1827 976 longo
1856 923 2024 960 anno-

502 1008 617 1043 rum
653 990 919 1042 curriculo
948 989 1214 1042 oblivione
1250 990 1550 1054 obliterata,
1595 994 1878 1048 excidisse.
1913 993 2022 1048 Sub

501 1081 612 1134 haec
643 1089 815 1132 autem
851 1080 963 1133 sive
997 1078 1212 1140 Esdras,
1246 1080 1359 1134 sive
1392 1082 1658 1150 quispiam
1714 1087 1849 1138 alius
1897 1102 2023 1155 pro-

500 1169 776 1238 phetarum
830 1167 976 1237 ipsos
1030 1168 1314 1238 colligendi
1357 1185 1540 1223 curam
1572 1175 1829 1242 suscepit,
1863 1184 2021 1243 atque

500 1273 604 1310 una
631 1267 751 1311 eum
785 1256 903 1311 aliis
959 1256 1151 1309 librum
1206 1273 1416 1326 quoque
1449 1258 1782 1313 Psalmorum
1835 1278 2022 1317 conse-

498 1347 666 1400 cravit
695 1364 709 1399 :
739 1359 909 1412 neque
938 1342 1218 1398 confertim
1247 1361 1432 1400 omnes
1462 1352 1677 1416 reperit,
1715 1350 1808 1404 sed
1844 1351 2021 1405 diver-

498 1436 574 1490 sis
600 1435 949 1503 temporibus.
982 1432 1037 1485 ln
1076 1435 1262 1501 primis
1305 1443 1481 1488 autem
1532 1438 1723 1490 locavit
1770 1455 1882 1502 eos,
1928 1442 2018 1509 qui

497 1525 654 1595 primi
691 1524 889 1577 inventi
919 1522 1129 1575 fuerant
1161 1541 1173 1575 :
1208 1523 1438 1592 hincque
1469 1524 1686 1588 factum,
1731 1534 1789 1580 ut
1842 1529 1874 1580 ii
1927 1530 2016 1598 qui

497 1613 710 1667 Davidis
733 1620 878 1674 sunt,
906 1628 1008 1666 non
1036 1622 1421 1681 consequenter
1450 1630 1635 1669 omnes
1662 1616 1900 1684 iaceant;
1925 1620 2017 1674 sed

494 1704 759 1760 commisti
792 1718 913 1755 cum
961 1703 1026 1757 iis
1056 1702 1146 1771 qui
1187 1703 1412 1755 filiorum
1443 1704 1597 1767 Core,
1626 1705 1821 1775 Asaph,
1854 1708 2018 1762 Solo-

495 1793 690 1853 monis,
719 1788 935 1861 Moysis.
959 1790 1179 1848 IEthan,
1210 1790 1423 1855 1Eman,
1457 1807 1774 1861 rursumque
1804 1794 2014 1850 Βιινίιίίδ

2127 644 2212 712 ρία
2239 642 2487 695 διδάσκει·
2514 643 2585 712 ὡς
2618 645 2747 712 μηδὲ
2766 642 3051 710 φαίνεσθαι
3076 641 3251 710 βίῦλον
3282 641 3369 694 τοῦ
3396 645 3626 712 Μωὺσέως

2122 733 2303 802 νόμου,
2347 734 2476 803 μηδὲ
2526 737 2739 804 μνήμην
2790 736 2890 801 τῆς
2936 731 3049 784 τῶν
3105 732 3348 802 πατέρων
3392 736 3627 803 εὐσεϐείας

2124 821 2384 885 σώζεσθαι
2413 823 2538 893 παρ’
2560 824 2759 885 αὐτοῖς.
2793 822 2953 874 Οὑτω
2978 821 3109 889 γοῦν
3131 822 3223 873 καὶ
3246 823 3363 884 τοὺς
3391 827 3628 894 προφήτας

2121 911 2347 981 ἀνῄρουν
2399 911 2767 981 διελέγχοντας
2819 910 3002 963 αὑτῶν
3054 910 3156 972 τὰς
3204 912 3517 976 δυσσεϐείας,
3556 920 3628 969 καὶ

2119 999 2317 1051 τούτων
2346 999 2504 1051 ἕνεκα
2542 1001 2601 1052 τὸ
2631 1000 2843 1069 πρῶτον
2874 1001 2945 1068 τῇ
2975 998 3084 1050 τῶν
3123 1001 3411 1070 Ἀσσυρίων
3441 1005 3629 1074 παρεδόο

2121 1089 2285 1158 θησαν
2323 1089 2683 1159 αἰχμαλωσίᾳ.
2720 1089 2888 1141 Οὐδὲν
2922 1085 3017 1142 οὗν
3043 1089 3348 1160 θαυμαστὸν
3374 1094 3426 1145 ἐν
3452 1094 3630 1166 τοιαύτῃ

2119 1181 2439 1233 καταστάσει
2472 1181 2700 1253 καιρῶν,
2748 1182 2842 1233 καὶ
2889 1181 2961 1234 τὰ
3004 1182 3350 1252 ὲμφερόμενα
3394 1186 3454 1254 τῇ
3502 1184 3628 1256 βίϐλῳ

2117 1268 2219 1320 τῶν
2243 1270 2478 1339 Ψαλμῶν
2509 1271 2971 1333 διαπεπτωκὲθαι,
2994 1271 3134 1342 λήθῃ
3169 1290 3226 1324 τε
3256 1277 3469 1343 μακροῖς
3490 1293 3628 1345 παρα-

2116 1357 2350 1410 δεδόσθαι
2384 1361 2612 1429 χρόνοις.
2647 1361 2804 1413 Μετὰ
2841 1361 2901 1413 δὲ
2935 1360 3116 1415 ταῦτα
3147 1364 3256 1414 εἴτε
3291 1363 3525 1430 Ἔσδραν,
3548 1367 3630 1418 εἴτε

2116 1447 2234 1499 τινὰ
2266 1447 2444 1517 ἕτερον
2476 1448 2794 1519 προφητῶν,
2839 1450 2976 1520 περὶ
3005 1451 3108 1520 τὴν
3152 1451 3458 1522 συναγωγὴν
3491 1454 3630 1507 αὑτῶν

2117 1535 2516 1598 ἐσπουδακέναι,
2550 1537 2689 1606 μετά
2723 1553 2783 1589 τε
2830 1536 2946 1590 τῶν
2990 1537 3195 1591 λοιπῶν
3232 1541 3325 1594 καὶ
3361 1541 3452 1609 τὴν
3493 1541 3631 1611 βίϐλον

2115 1620 2218 1672 τῶν
2236 1622 2473 1692 Ψαλμῶν
2497 1624 2915 1694 συναγηοχέναι,
2940 1626 3044 1678 οὑκ
3069 1626 3280 1698 ἀθρόως
3306 1628 3512 1699 εὑρόντα
3535 1632 3630 1694 τοὺς

2115 1709 2334 1772 πάντας,
2357 1710 2487 1764 ἀλλᾶ
2508 1712 2647 1764 κατὰ
2667 1713 2965 1782 διαφόρους
2981 1716 3227 1784 χρόνους.
3249 1718 3630 1773 Κατατάττεινδὲ

2115 1800 2169 1850 ἐν
2184 1797 2411 1869 πρώτοις
2439 1802 2563 1863 τοὺς
2581 1800 2832 1871 πρώτους
2849 1803 3298 1874 εὑρισκομένους·
3324 1808 3401 1860 διὸ
3416 1808 3532 1880 μηδὲ
3558 1809 3630 1869 τοῦ

494 1881 551 1936 in
583 1882 719 1935 libro
744 1880 1240 1948 deprehenduntur,
1276 1896 1379 1932 non
1404 1882 1609 1936 ratione
1636 1887 1887 1952 temporis
1912 1902 2001 1954 ῳι(

2113 1866 2270 1936 Δαυῖδ
2303 1885 2497 1955 ἐφεξῆς
2530 1866 2738 1941 κεῖσθαι
2769 1866 3174 1954 τοὺςνπάντας
3210 1866 3273 1946 ἐν
3291 1895 3344 1947 δὲ
3372 1866 3444 1966 τῶ
3471 1866 3627 1965 μεταξὺ

493 1969 843 2040 pronuntiati,
878 1969 969 2023 sed
1015 1985 1122 2038 quo
1166 1971 1359 2038 reperti
1399 1981 1543 2025 sunt.
1579 1971 1817 2043 Hineque
1843 1978 2016 2027 conti-

490 2059 586 2127 git,
622 2066 678 2110 ut
706 2059 794 2127 qui
849 2066 1084 2126 tempore
1130 2060 1453 2127 posteriores
1492 2070 1664 2124 erant,
1705 2064 1828 2131 quia
1860 2065 2013 2130 primi

491 2144 708 2210 reperti,
753 2143 908 2211 primi
960 2144 1182 2212 repositi
1237 2145 1379 2210 sint;
1441 2161 1503 2199 ac
1541 2149 1656 2202 vice
1709 2166 1885 2213 versa,
1920 2153 2009 2219 qui

490 2233 646 2300 primi
674 2233 904 2295 fuerant,
939 2236 1064 2302 quia
1096 2243 1216 2302 post
1247 2235 1382 2290 alios
1407 2238 1542 2289 eruti
1570 2246 1713 2301 sunt,
1749 2244 2007 2308 posterio-

488 2326 611 2375 rem’
646 2322 699 2374 in
747 2323 921 2375 locum
957 2324 1066 2376 sint
1108 2324 1410 2380 constituti.
1464 2327 1528 2380 Et
1584 2328 1695 2382 harc
1747 2330 1902 2384 nobis
1949 2331 2013 2383 de

487 2410 779 2478 quaestione
820 2412 1091 2480 proposita
1140 2413 1495 2481 conjectando
1543 2416 1684 2471 dicta
1735 2420 1862 2473 sint.
1895 2419 2012 2473 Jam

486 2511 694 2568 tempus
742 2508 844 2561 est,
884 2509 942 2555 ut
990 2505 1055 2556 ad
1106 2503 1250 2557 dicta
1296 2505 1456 2575 hujus
1507 2524 1665 2578 quem
1718 2517 2011 2564 tractamus

488 2590 676 2656 psalmi
702 2590 1037 2646 accedamus.

2113 1977 2204 2027 καὶ
2235 1975 2339 2028 τῶν
2367 1976 2493 2028 υἱῶν
2522 1977 2690 2047 Κορὲ,
2737 1980 2836 2032 καὶ
2882 1980 2983 2033 τοῦ
3031 1982 3226 2051 Ἀσὰφ,
3255 1984 3347 2038 καί⁵
3374 1985 3629 2058 Σολομῶνος

2111 2066 2203 2119 καὶ
2227 2067 2512 2129 Μωῡσέως,
2537 2068 2702 2121 Αίθάν
2745 2088 2809 2123 τε
2858 2073 2958 2124 καὶ
3003 2073 3205 2143 Αἰμὰν,
3257 2077 3348 2130 καὶ
3391 2077 3529 2131 πάλιν
3559 2080 3628 2132 τοῦ

2109 2154 2267 2207 Δαυῒδ
2297 2156 2638 2225 εὑρίσκεσθαι
2667 2161 2878 2231 ἀναμὶξ
2907 2164 2968 2215 ἐν
2992 2167 3058 2234 τῇ
3094 2165 3258 2237 βίϐλῳ
3280 2171 3627 2241 κατατεταγμέ-

2110 2259 2249 2305 νους,
2283 2243 2343 2294 οὑ
2371 2243 2491 2297 καθ’
2523 2242 2618 2306 οὓς
2650 2246 2966 2319 ἐλέχθησαν
2997 2252 3247 2323 χρόνους,
3284 2256 3414 2310 ἀλλὰ
3439 2257 3540 2310 καθ’
3560 2257 3629 2320 οὓς

2108 2330 2378 2400 εὕρηνται.
2415 2331 2603 2384 Ἔνθεν
2637 2337 2921 2407 συμϐῆναι
2962 2341 3093 2404 τοὺς
3132 2346 3244 2406 τοῖς
3277 2343 3471 2415 χρόνοις
3507 2346 3627 2401 ὑπέ-

2112 2436 2232 2488 ρους
2258 2418 2498 2491 πρώτους
2520 2422 2858 2491 εὑρεθέντας
2893 2428 3275 2502 ἀναληφθῆναι
3297 2435 3535 2509 πρώτους,
3557 2436 3628 2488 καὶ

2105 2510 2227 2570 τοὺς
2244 2513 2355 2571 τοῖς
2374 2511 2582 2581 χρόνοις
2609 2517 2940 2589 προτέρους,
2976 2522 3119 2591 μετὰ
3140 2524 3310 2578 ταῦτα
3333 2526 3626 2596 εὑρημένους.

2103 2595 2159 2650 ἐν
2189 2598 2410 2669 δευτέρα
2440 2603 2819 2673 καταταγῆναι
2847 2608 3031 2680 χώρα.
3063 2612 3249 2667 Ταῦτα
3294 2595 3497 2685 μὲνοῦν
3528 2618 3627 2685 ἡμῖν

486 2683 564 2744 εἰς
598 2682 692 2752 τὴν
735 2684 1083 2753 προταθεῖσαν
1126 2686 1346 2757 ζήτησιν
1378 2686 1452 2752 ἐξ
1497 2692 1716 2745 εἰκότων
1755 2691 2005 2762 εἰρήσθω.
2048 2693 2182 2762 Ἤδη
2211 2693 2267 2745 δὲ
2331 2694 2426 2747 καὶ
2464 2695 2572 2749 τῶν
2612 2696 3018 2769 ἐμφερομένων
3068 2704 3127 2757 ἐν
3174 2704 3251 2775 τῷ
3291 2682 3418 2776 μετὰ

482 2772 677 2843 ψαλμῷ
703 2773 1002 2842 ἐφάψασθαι
1031 2778 1235 2848 καιρός.

551 2860 683 2912 Cum
745 2861 859 2929 pari
909 2868 1068 2930 atque
1115 2865 1294 2920 caeteri
1340 2870 1607 2937 propinata:
1650 2873 1807 2927 modo
1838 2873 2002 2928 David

483 2957 685 3001 erraret
707 2949 759 3001 in
788 2950 1186 3017 solitudinibus,
1228 2954 1282 3008 in
1316 2959 1609 3023 montibus,
1644 2961 1696 3014 in
1732 2964 2002 3031 speluncis

2173 2868 2522 2939 Πλανὼμενος
2550 2872 2711 2925 Δαυῒδ
2758 2877 2969 2946 ὁμοίως
3000 2883 3114 2944 τοῖς
3153 2881 3352 2948 λοιποῖς
3380 2887 3627 2957 προφήταις
3682 2890 3683 2893 “

2105 2958 2160 3009 ὲν
2191 2960 2442 3029 ἐρημίαις
2474 2962 2566 3014 καὶ
2587 2963 2770 3032 ὄρεσι,
2805 2970 2903 3021 καὶ
2925 2971 3232 3041 σπηλαίοις,
3255 2976 3346 3028 καὶ
3373 2981 3479 3041 ταῖς
3504 2978 3624 3039 ὀπαῖς

481 3044 536 3091 et
584 3035 641 3091 in
689 3038 1039 3097 foraminibus
1088 3054 1274 3111 terrae,
1331 3052 1655 3107 exercitatus
1710 3055 2001 3120 laboribus,

2102 3047 2197 3116 τῆς
2222 3049 2343 3117 γῆς,
2374 3053 2484 3113 τοῖς
2509 3066 2566 3103 τε
2603 3052 2702 3121 τῆς
2746 3035 3103 3124 ἀνεξικακίας
3131 3035 3309 3126 πόνοις
3343 3035 3622 3135 ἐγγυμναζᾶ

481 3142 618 3196 quos
647 3129 749 3182 sibi
775 3131 973 3185 oblivio
998 3133 1314 3202 iniuriarum
1346 3150 1642 3206 pepererat,
1680 3144 1823 3198 hunc
1862 3161 1999 3213 quo-

481 3233 584 3285 que
614 3218 870 3286 psalmum
898 3223 1110 3287 cecinit,
1130 3225 1297 3279 otium
1330 3229 1653 3294 solitudinis,
1683 3233 1873 3289 divina:
1893 3236 2004 3304 phi-

482 3306 735 3375 losophiae
765 3323 1085 3367 consecrans
1116 3332 1129 3365 :
1159 3315 1505 3387 excitansque
1534 3335 1690 3374 suum
1742 3338 1865 3393 erga
1915 3340 2001 3379 res

479 3392 688 3448 divinas
723 3410 975 3459 amorem.
1005 3402 1286 3456 conﬁtetur
1313 3419 1372 3459 se
1401 3392 1819 3465 immortalitatis
1840 3428 2001 3481 pocu-

481 3482 588 3536 lum
643 3484 830 3538 sitire:
865 3502 1029 3554 quare
1085 3489 1151 3542 ad
1211 3490 1374 3548 Deum
1417 3494 1488 3547 ita
1533 3497 1771 3554 clamat:
1807 3519 1825 3552 ι
1859 3499 1998 3558 Deus

481 3572 619 3626 Deus
649 3589 798 3627 meus
822 3614 838 3635 ,
868 3576 936 3628 ad
962 3584 1012 3630 te
1034 3577 1099 3632 de
1129 3580 1245 3635 luce
1272 3583 1452 3653 vigilo.
1485 3584 1661 3641 Sitivit
1702 3590 1792 3643 tibi
1823 3593 1999 3646 anima

480 3674 797 3728 mea,quam
851 3662 1162 3728 simpliciter
1205 3669 1297 3723 tibi
1352 3684 1482 3723 caro
1531 3687 1666 3726 mea.
1701 3692 1719 3725 ι
1756 3672 1860 3728 Pro
1908 3676 1999 3730 illo

480 3754 678 3808 autem,
711 3766 728 3796 ι
761 3762 917 3815 quam
948 3749 1258 3818 simpliciter
1289 3756 1384 3809 tibi
1415 3772 1540 3811 caro
1572 3776 1710 3822 mea,
1735 3780 1754 3813 ι
1785 3763 1996 3833 Aquila,

484 3853 504 3885 ι
537 3850 771 3904 expansa
800 3844 882 3890 est
927 3839 1020 3891 tibi
1071 3854 1196 3894 caro
1225 3858 1362 3908 mea,
1399 3864 1418 3896 ι
1467 3846 1846 3918 interpretatus
1877 3865 1995 3921 est;

481 3919 835 3991 Symmachus
865 3941 1010 3989 vero,
1048 3945 1067 3978 ι
1103 3931 1436 3999 concupiscit
1468 3942 1519 3987 te
1541 3950 1665 3989 caro
1690 3953 1844 4005 mea;
1873 3958 1891 3990 ι
1926 3942 1997 3995 ita

478 4016 537 4062 ut
563 4026 668 4063 non
702 4014 812 4066 sola
841 4013 1053 4070 Davidis
1075 4017 1250 4071 anima
1284 4020 1350 4072 ad
1386 4020 1548 4075 Deum
1572 4026 1993 4096 expanderetur,

477 4096 567 4151 sed
596 4097 711 4166 ipsa
748 4115 958 4170 quoque
990 4117 1115 4156 caro
1162 4113 1213 4159 et
1255 4121 1450 4176 corpus
1477 4110 1625 4177 ejus,
1660 4119 1842 4181 utpote
1879 4118 1992 4185 qui,

474 4199 594 4238 cum
623 4186 727 4241 Deo
751 4199 986 4251 vacaret,
1019 4200 1166 4247 caste
1202 4204 1253 4248 et
1294 4211 1425 4264 pure
1449 4206 1644 4268 ageret.
1674 4199 1808 4256 Illud
1845 4219 1990 4270 vero,

479 4294 497 4324 ι
539 4274 676 4330 Deus
709 4277 845 4333 Deus
876 4296 1048 4342 meus,
1080 4285 1145 4337 ad
1175 4291 1228 4339 te
1260 4284 1325 4339 de
1356 4286 1474 4341 luce
1506 4290 1685 4357 vigilo,
1720 4311 1739 4343 ι
1771 4305 1990 4350 noctur-

473 4380 553 4418 na:
576 4380 685 4419 suae
715 4368 954 4434 puritatis
988 4381 1356 4441 argumentum
1378 4384 1511 4430 erat.
1549 4376 1715 4434 Nemo
1737 4382 1876 4435 enim
1894 4385 1985 4453 qui

471 4452 525 4508 in
554 4455 818 4511 cubilibus
845 4468 1001 4527 atque
1030 4462 1375 4532 impudicitiis
1400 4469 1632 4523 animam
1658 4486 1808 4526 suam
1839 4489 1989 4529 com-

469 4545 832 4613 maculaverit,
863 4564 1190 4621 corporeque
1226 4557 1394 4623 turpis
1432 4557 1846 4631 immundusque
1877 4564 1992 4620 fue—

468 4633 557 4695 rit,
604 4635 802 4691 talibus
850 4641 1020 4706 possit
1071 4642 1145 4694 uti
1180 4646 1420 4701 vocibus.
1454 4646 1713 4704 Caaterum
1761 4668 1988 4723 magnus

467 4720 554 4774 ille
585 4721 748 4777 David
776 4725 955 4780 fidenti
984 4731 1332 4796 conscientia,
1359 4750 1462 4787 non
1487 4738 1798 4807 simpliciter
1825 4720 1987 4796 Deum

467 4809 762 4879 invocabat,
796 4815 1001 4880 dicens,
1038 4836 1057 4868 ι
1088 4819 1262 4886 Deus;
1299 4843 1316 4872 ι
1350 4827 1441 4877 sed
1472 4825 1553 4879 bis
1569 4841 1686 4879 eum
1709 4830 1862 4897 quasi
1884 4831 1987 4884 sibi

466 4903 734 4966 pr0prium
777 4905 995 4957 ascribit
1029 4923 1043 4959 :
1079 4922 1243 4974 quare
1284 4909 1488 4978 adjic.t,
1530 4931 1547 4963 ι
1585 4913 1724 4968 Deus
1757 4932 1924 4971 mens.
1961 4937 1980 4969 ι

466 4982 663 5041 Deinde
691 4991 817 5058 quia
861 5000 917 5045 ut
947 4995 1049 5047 sibi
1098 4999 1369 5066 prOpI-ium
1424 4999 1586 5054 Deum
1637 5007 1983 5072 pronuntiare

465 5087 626 5129 ausus
671 5089 805 5145 erat,
845 5084 967 5137 talis
1007 5098 1170 5141 ausus
1198 5103 1414 5143 causam
1445 5092 1633 5145 educet
1664 5093 1748 5147 his
1782 5095 1980 5159 verbis,

469 5178 487 5211 ι
523 5162 601 5216 Ad
640 5173 690 5219 te
718 5166 783 5222 de
853 5172 969 5226 luce
1014 5174 1192 5242 vigilo.
1233 5176 1409 5231 Sitivit
1456 5180 1551 5232 tibi
1596 5182 1773 5233 anima
1822 5198 1937 5236 mea
1965 5224 1979 5248 ,

465 5264 620 5316 quam
653 5255 962 5325 simpliciter
996 5264 1089 5316 tibi
1120 5280 1247 5319 caro
1280 5284 1415 5322 mea.
1448 5288 1466 5320 ι
1497 5269 1626 5322 Nam
1658 5271 1776 5324 ideo
1820 5272 1980 5326 Deum

467 5352 638 5392 meum
667 5349 996 5414 compellari,
1023 5355 1145 5420 quia
1176 5357 1318 5410 nullo
1344 5366 1699 5422 terrenarum,
1744 5361 1827 5413 vel
1863 5378 1981 5430 qua:

466 5429 634 5481 oculis
662 5437 963 5491 carnalibus
987 5444 1368 5512 pcrcipiuntur,
1398 5467 1576 5505 rerum
1617 5451 1884 5506 desiderio
1910 5461 1985 5507 te-

467 5532 615 5572 neor.
649 5519 1096 5585 Quemadmodum
1119 5537 1255 5589 enim
1279 5540 1563 5609 Apostolus
1593 5543 1728 5596 dixit
1754 5561 1767 5597 :
1799 5564 1817 5595 ι
1849 5542 1979 5597 Vivo

467 5614 665 5668 autem.
692 5608 800 5674 jam
831 5628 933 5667 non
952 5632 1068 5687 ego,
1093 5624 1219 5677 vivit
1248 5608 1369 5685 vero
1398 5631 1450 5685 in
1481 5647 1562 5688 me
1593 5633 1923 5700 Cl:ri:tns'°;
1955 5653 1972 5685 ι

539 5714 582 5746 ⁸⁸
618 5714 729 5770 Gal.
764 5734 822 5783 tr,
853 5722 938 5776 20.

2107 3151 2280 3204 μενος,
2309 3139 2401 3190 καὶ
2450 3140 2539 3192 τὸν
2591 3143 2737 3211 μετὰ
2771 3149 2965 3218 χεῖρας
2996 3144 3093 3223 ᾖδε
3136 3151 3363 3224 ψαλμὸν,
3407 3159 3467 3227 τῇ
3515 3154 3620 3208 κατὰ

2100 3227 2229 3280 Θεὸν
2256 3229 2524 3293 ἀνατιθεὶς
2543 3231 2840 3307 φιλοσοφίᾳ
2868 3237 2967 3308 τὴν
2988 3241 3081 3293 ἐπὶ
3111 3242 3211 3310 τῆς
3234 3246 3426 3315 ἐρήμου
3452 3246 3618 3315 σχολήν

2100 3318 2192 3370 καὶ
2224 3319 2311 3370 τὸν
2345 3319 2531 3372 ἑαυτοῦ
2564 3324 2698 3390 περὶ
2739 3324 2813 3378 τὰ
2858 3327 2983 3382 θεῖα
3017 3329 3195 3401 ἔρωτα
3225 3333 3500 3407 διεγείρων,
3523 3338 3620 3405 ὁμο-

2098 3406 2325 3474 λογεῖται
2353 3408 2508 3479 διψῇν
2535 3409 2628 3462 τοῦ
2663 3413 2771 3484 τῆς
2811 3415 3120 3483 ἀθανασίας
3153 3406 3413 3493 πόματος·
3437 3424 3504 3477 διὸ
3526 3425 3620 3477 ἐϐόα

2098 3497 2231 3565 πρὸς
2274 3498 2361 3550 τὸν
2385 3497 2513 3551 Θεὸν
2541 3498 2721 3568 λέγων
2741 3518 2755 3531 ο
2790 3522 2808 3555 ι
2850 3505 2909 3559 Ὀ
2936 3507 3072 3572 Θεὸς
3104 3513 3133 3563 6
3161 3512 3290 3576 Θεός
3315 3532 3427 3584 μου,
3455 3514 3564 3584 πρὸς
3578 3515 3620 3566 σὲ

2097 3585 2345 3656 ὀρθρίζω.
2391 3588 2635 3659 Ἐδίψησέ
2673 3608 2764 3645 σοι
2802 3596 2837 3666 ὴ
2884 3596 3034 3669 ψυχή
3074 3618 3197 3670 μου,
3234 3604 3347 3668 πῶς
3376 3605 3535 3669 ἁπλῶς
3560 3621 3620 3657 σοι

2097 3677 2129 3744 ἡ
2158 3674 2291 3746 σάρξ
2325 3694 2446 3747 μου.
2479 3698 2497 3730 ι
2539 3680 2690 3770 Ἀντὶ
2724 3684 2785 3737 δὲ
2818 3687 2939 3752 τοῦ,
2970 3708 2991 3740 ε
3020 3692 3137 3757 πῶς
3164 3695 3344 3760 ἁπλῶς
3375 3700 3496 3769 σοιή
3519 3695 3619 3770 σάρξ

2098 3781 2214 3834 μου,
2254 3785 2272 3816 ι
2297 3765 2325 3816 6
2358 3767 2454 3836 μὲν
2491 3768 2750 3837 Ἀκύλας,
2793 3794 2812 3827 ι
2858 3779 3099 3853 ἐπετάθη
3135 3801 3214 3837 σοι
3244 3787 3275 3856 ή
3315 3786 3438 3856 σάρξ
3481 3765 3615 3857 μουξι

2095 3855 2458 3947 ἡρμήνευσεν·
2493 3858 2520 3910 6
2556 3857 2612 3910 δὲ
2640 3860 2976 3936 Σύμμαχος,
3009 3890 3025 3921 ι
3064 3855 3348 3945 Ἰμείρεταί
3381 3855 3433 3930 σε
3465 3855 3622 3947 ήσάρξ

2099 3960 2226 4012 μου·
2266 3962 2285 3994 ι
2313 3944 2458 4037 ’ὥστε
2506 3947 2604 4037 οὑχ
2659 3952 2704 4022 ἡ
2748 3954 2901 4028 ψυχὴ
2943 3961 3078 4033 μόνη
3119 3944 3211 4017 του
3234 3967 3388 4021 Δαυῖδ
3416 3944 3530 4037 πρὸς
3554 3944 3622 4017 τὸν

2091 4030 2217 4082 Θεὸν
2268 4031 2474 4097 τέτατο,
2523 4035 2659 4089 ἀλλὰ
2727 4044 2824 4096 καὶ
2869 4046 3010 4120 αὑτὴ
3145 4055 3278 4127 σὰρξ
3305 4057 3392 4110 καὶ
3420 4030 3473 4109 τὸ
3500 4054 3620 4124 σῶμα

2092 4120 2270 4181 αὑτοῦ,
2319 4122 2635 4188 ἁγνεύοντος
2671 4129 2878 4212 δηλαδὴ
2913 4139 3009 4190 καὶ
3044 4120 3425 4212 καθαρεύοντος
3468 4142 3540 4194 διὰ
3564 4120 3618 4191 ’τὸ

2089 4208 2163 4279 τῷ
2207 4208 2322 4280 Θεῷ
2364 4211 2664 4281 σχολάζειν.
2716 4206 2831 4275 Καὶ
2879 4225 2943 4278 τὸ
2998 4228 3176 4297 λέγειν
3191 4206 3281 4297 ⁷δὲ,
3319 4251 3338 4285 ι
3378 4206 3431 4285 Ὀ
3458 4228 3617 4291 Θεὺςδ

2089 4298 2216 4361 Θεός
2247 4317 2365 4392 μου,
2395 4301 2535 4392 πρὸς,
2581 4306 2648 4357 σὲ
2696 4309 2963 4382 ὀρθρίζω,
2993 4337 3012 4369 ι
3047 4323 3438 4391 παραστατικὸν
3461 4317 3519 4392 ἦν
3543 4318 3617 4386 τῆς

2015 4405 2062 4463 ι)
2088 4390 2399 4459 νυκτερινῆς
2445 4390 2848 4468 καθαρότητος.
2913 4390 3137 4471 Οὐδεὶς
3179 4411 3284 4483 γαρ
3340 4412 3394 4463 ἐν
3450 4390 3617 4468 κοίταις

2089 4478 2180 4528 καὶ
2229 4476 2531 4543 ἀσελγείαις
2596 4484 2858 4553 ρυπάνας
2937 4493 3132 4547 ἐαυτοῦ
3191 4476 3285 4566 ἐπὴν
3344 4496 3519 4566 ψυχὴν,
3545 4490 3617 4544 xal

2086 4565 2146 4617 τὸ
2178 4565 2348 4655 σῶμα-
2369 4568 2560 4638 μιαρὸς
2610 4572 2691 4624 ὢν
2750 4580 2848 4631 καὶ
2893 4581 3205 4655 ἀκάθαρτος
3224 4565 3251 4650 ,7
3272 4580 3375 4649 οἶός
3399 4565 3443 4637 τ’
3467 4583 3523 4637 ἄν
3548 4578 3615 4648 εἴη

2085 4650 2181 4714 τὰς
2206 4652 2453 4715 τοιαύτας
2483 4660 2817 4724 προσίεσθαι
2845 4671 3051 4735 φωνάς.
3081 4650 3226 4744 ΪΙλὴν
3252 4677 3280 4728 6
3310 4675 3467 4743 μέγας
3488 4667 3617 4723 Δαυῖδ

2086 4743 2613 4832 πεπαρῤησιασμένῃ
2639 4756 2952 4828 συνειδήσει
2974 4763 3072 4832 οὑχ
3094 4743 3276 4828 ἁπλῶς
3294 4766 3377 4818 τὸν
3394 4763 3508 4816 Θεὸν
3521 4762 3614 4814 ἀνευ

2085 4828 2315 4894 καλεῖτο,
2359 4831 2551 4900 λέγων,
2589 4856 2609 4887 ι
2659 4843 2717 4895 '0
2744 4845 2908 4920 656;-
2953 4870 2971 4902 ι
3006 4828 3254 4925 δεύτερον
3285 4856 3337 4907 δὲ
3365 4855 3432 4937 ᾡς
3457 4846 3613 4905 ἐαυτοῦ

2087 4919 2211 4971 ίδιον
2247 4920 2371 4973 ὄντα
2400 4923 2770 5016 ἐπεγράφετοο
2808 4938 2889 4992 διὸ
2918 4919 3241 5016 προστίθησι
3290 4920 3504 5015 φάσκων-
3526 4960 3542 4991 ι
3568 4940 3612 4991 '0

2082 5007 2209 5104 Θεδξῗ
2235 5026 2354 5078 μουο
2405 5030 2422 5060 ⁸
2456 5011 2567 5067 Εἶτ’
2597 5021 2903 5100 ἐπειδήπερ
2928 5007 3122 5086 ἑαυτοῦ
3149 5007 3277 5088 θεὸν
3301 5007 3611 5104 αναγορεῦσαι

2082 5097 2239 5149 αὑτὸν
2272 5101 2590 5193 τετόλμηκε,
2621 5112 2725 5182 τῆς
2760 5097 2968 5190 τόλμης
2984 5124 3081 5193 τὴν
3114 5126 3284 5179 αἰτίαν
3297 5097 3508 5178 διδάσκει
3529 5119 3609 5171 λέ·-

2079 5205 2222 5285 γων,
2239 5208 2255 5239 ι
2281 5192 2418 5263 Πρὸς
2438 5196 2495 5247 σὲ
2517 5198 2778 5271 ὀρθρίζω.
2800 5192 3050 5282 Earl/nos
3076 5231 3153 5267 σοι
3180 5218 3210 5285 ἡ
3234 5215 3367 5285 ψυχή
3392 5207 3607 5283 μου,πιῖ)ς

2081 5278 2261 5342 ἁπλῶς
2293 5287 2430 5355 σοιὴ
2463 5289 2598 5360 σάρξ
2659 5312 2785 5362 μου.
2825 5317 2843 5349 ι
2877 5278 2985 5355 Διάι⁷
3024 5278 3210 5358 ταῦτα.
3357 5278 3487 5357 ’θεάν
3523 5312 3603 5369 μου

2080 5371 2386 5436 προσεῖπον,
2437 5375 2739 5449 ἐπειδήπερ
2792 5389 3006 5453 οὐδενὸς
3060 5392 3167 5444 τῶν
3216 5391 3466 5460 ἐπιγείων,
3508 5383 3601 5440 ἀλλ’

2077 5457 2195 5508 οὑδέ
2237 5459 2342 5512 τῶν
2372 5462 2673 5538 ὀφθαλμοῖς
2717 5477 2923 5545 σαρκὸς
2950 5481 3240 5551 ὁρωμένων
3279 5457 3518 5553 περιέλκει
3542 5489 3597 5543 μ⁸

2079 5547 2255 5612 πόθος.
2295 5553 2506 5630 Ὥσπερ
2567 5560 2625 5613 δέ
2679 5568 2709 5618 6
2762 5569 3144 5638 Ἀπόστολος,‹
3170 5577 3272 5640 Ζῶ,
3312 5568 3597 5645 φησὶννούκ’

2078 5637 2154 5690 ἐτι
2189 5639 2319 5707 £75”
2360 5642 2425 5716 ζῇ
2467 5649 2527 5703 δὲ
2575 5652 2632 5705 ἐν
2688 5656 2812 5725 ἐμοὶ
2847 5663 3108 5733 Χριστός·
3146 5687 3163 5716 ι
3200 5665 3402 5736 τοιαύτῃ
3430 5655 3594 5723 διανοίᾳ
