3818 6376
132 407 215 463 ωε
1229 416 1723 474 (ΣΟΜΜΕΝΤΛΚΙΔ
1754 420 1817 473 IN
1857 420 2184 473 ιδ.

3159 420 3258 474 606

130 518 202 570 καί
226 517 373 570 Δαυῖδ
411 519 484 588 τῷ
510 521 628 592 Θεῷ
662 524 818 594 ἔλεγε
842 547 854 559 ο
895 549 914 581 ‹
957 532 1093 601 Πρὸς
1123 533 1180 584 σὲ
1211 535 1454 604 όρθρίξω.
1501 537 1629 588 Ἐδί-

1734 537 1918 592 eadem
1969 537 2235 591 sententia
2292 535 2454 588 David
2511 533 2616 588 Deo
2667 534 2917 589 dicebat:
2961 555 2975 585 ι
3014 535 3090 588 Ad
3121 544 3170 588 te
3192 536 3257 587 de

126 607 237 676 ψησέ
264 609 386 678 σοιή
417 607 554 680 ψυχή
590 628 711 680 μου.
759 635 778 666 ι
825 617 969 671 Ὡσεὶ
1011 622 1102 673 καὶ
1139 620 1289 692 χώρα
1317 641 1416 686 τις,
1444 625 1514 694 μὴ
1546 643 1634 676 τυ-

125 697 263 764 χοῦσα
308 697 394 749 τοῦ
448 701 713 769 συνήθους
765 705 949 770 ὑετοῦ,
983 709 1137 778 eum
1170 710 1372 778 λέγοιτο
1411 712 1593 766 τούτου
1616 731 1628 744 ο

123 787 192 838 τὸν
220 786 361 838 αὐτὸν
383 786 653 858 δὲτρόπον
676 793 902 864 ἐδίψησέ
937 815 1034 858 σοι,
1071 799 1102 869 ἢ
1135 799 1394 870 ἱμείρεται
1424 819 1479 853 σε
1503 803 1633 872 πρὸς

123 878 172 943 τῇ
203 874 322 944 ,ιυχῇ
368 893 465 944 μου
507 879 599 929 καὶ
631 879 772 951 αὑτὴ
806 886 839 953 ἡ
872 884 1004 955 σάρξ
1035 904 1152 955 μου,
1185 887 1530 942 πολυπλπιον
1561 891 1633 953 ὡς

121 963 307 1032 διψῶσα.
349 965 549 1036 Ὥσπερ
581 967 690 1038 γὰρ
733 977 986 1038 φυσικοῖς
1023 975 1194 1043 λόγοις
1221 977 1314 1048 τὴν
1346 979 1444 1049 γῆν
1469 980 1633 1048 αὐτήν

122 1072 266 1123 ςαμεν
291 1053 437 1124 διψῆν
491 1055 702 1121 ὕδατος,
736 1061 883 1113 οῦτω
919 1064 1008 1115 καὶ
1043 1066 1072 1132 ἠ
1113 1066 1244 1136 σάρξ
1280 1084 1377 1135 μου
1422 1067 1630 1136 ἐδίψησέ

124 1159 200 1203 σοι,
223 1142 364 1211 φησί·
387 1142 464 1194 διὸ
495 1145 746 1216 ἐπιφέρει
767 1165 780 1177 ο
819 1167 838 1198 ι
880 1151 966 1202 Ἐν
991 1155 1058 1222 γῇ
1093 1156 1276 1224 ἐρήμῳ
1306 1158 1396 1208 καὶ
1427 1157 1628 1225 ἀϐάτῳ,

123 1235 194 1283 καὶ
240 1231 449 1302 ἀνύδρῳ,
493 1252 512 1284 ι
552 1233 585 1303 ἢ
631 1236 779 1289 κατὰ
821 1239 914 1292 τὸν
958 1242 1274 1312 Σύμμαχον
1309 1263 1326 1293 ι
1369 1245 1450 1306 Ὧς
1478 1248 1532 1297 ἐν
1561 1249 1628 1317 γῇ

121 1322 260 1388 enodat
283 1323 365 1372 καὶ
400 1322 612 1375 ὲκλῦσει
656 1326 734 1395 μὴ
766 1327 1103 1399 ὑπάρχοντος
1135 1331 1336 1394 ὓδατος.
1373 1331 1631 1385 ›Δῦναται

123 1412 166 1463 δὲ
194 1413 271 1463 καὶ
298 1411 384 1481 τὴν
407 1410 609 1482 ἔρημον
653 1415 829 1485 αὐτὴν
879 1419 1161 1487 σημαίνειν
1198 1420 1284 1472 διὰ
1321 1420 1546 1486 τούτων,
1576 1423 1632 1474 ἐν

124 1496 350 1573 ᾖρεῦγων
379 1502 466 1554 τὸν
497 1504 671 1557 Σαοὺλ
704 1505 807 1568 τὰς
841 1507 1119 1580 διατριϐὰς
1145 1513 1388 1562 ἐποιεῖτο.
1417 1513 1632 1574 Πάντως

125 1590 208 1658 γάρ
237 1606 320 1641 που
364 1591 416 1643 ὲν
447 1591 617 1664 ταύτῃ
647 1595 938 1663 τυγχάνων
963 1599 1055 1649 καὶ
1083 1599 1289 1668 μακρὰν
1320 1600 1629 1670 ἀπῳκισμέ-

126 1679 288 1747 νοςτῆς
316 1679 536 1732 κιϐωτοῦ
583 1681 678 1733 τοῦ
723 1682 866 1735 Θεοῦ
901 1684 991 1735 καῖ⁸
1031 1685 1127 1754 τῆς
1176 1685 1266 1737 τοῦ
1304 1686 1632 1754 ἁγιάσματος

131 1766 311 1836 σκηνῆς,
353 1767 406 1818 ἐν
519 1769 619 1832 τὰς
665 1769 813 1822 κατὰ
864 1772 1022 1841 νόμον
1069 1771 1338 1825 ἐποιοῦντο
1363 1773 1628 1842 λατρείας,

1734 629 1852 680 luce
1883 628 2057 696 vigilo.
2102 625 2278 679 Sitivit
2308 625 2399 677 tibi
2435 626 2610 677 anima
2641 640 2773 678 mea.
2800 645 2817 676 ι
2843 624 2954 678 Ceu
2977 641 3101 693 ager
3126 639 3256 692 eou-

1731 726 1880 771 sueta
1908 717 2127 770 orbatus
2154 714 2350 784 pluvia,
2378 729 2495 768 eam
2529 715 2676 768 sitire
2713 713 2954 774 dicatur,
2989 714 3067 764 sie
3090 712 3254 765 sitivit

1731 807 1848 865 tibi.
1879 807 1958 859 vel
1982 806 2311 873 concupiscit
2347 813 2417 865 te,
2450 819 2570 856 cum
2605 803 2779 855 anima
2813 817 2948 860 mea.
2981 809 3090 852 tum
3143 801 3251 868 ipsa

1731 911 1857 949 caro
1903 910 2038 958 mea,
2064 908 2222 964 quam
2256 893 2622 962 multipliciter
2653 893 2863 946 sitiens.
2912 889 3062 943 Sicut
3113 891 3248 941 enim

1732 984 1950 1052 physice
1978 985 2240 1052 loquendo
2276 991 2471 1035 terram
2497 981 2722 1033 dicimus
2746 980 2894 1033 sitire
2925 992 3145 1046 aquam,
3181 977 3245 1028 ita

1728 1079 1781 1126 et
1822 1086 1944 1124 caro
1990 1086 2127 1134 mea,
2166 1071 2357 1139 inquit,
2389 1069 2555 1124 sitivit
2581 1069 2676 1120 tibi
2705 1087 2717 1121 :
2746 1084 2909 1136 quare
2938 1067 3115 1125 infert,
3142 1083 3160 1116 ι
3193 1064 3250 1118 ιιι

1730 1169 1869 1212 terra
1898 1160 2131 1222 deserta,
2161 1167 2214 1212 et
2255 1158 2417 1220 invia,
2449 1166 2502 1211 et
2535 1159 2822 1225 inaquosa;
2866 1176 2883 1208 ι
2919 1158 3030 1210 sive
3057 1171 3252 1210 secun—

1728 1248 1855 1301 dum
1913 1247 2286 1318 Symmachum
2325 1266 2338 1301 :
2376 1265 2393 1296 c
2435 1247 2598 1312 Quasi
2655 1247 2706 1298 in
2755 1253 2898 1299 terra
2959 1245 3158 1300 sitienti
3197 1252 3252 1298 et

1729 1333 1975 1402 languida
2023 1348 2129 1386 non
2185 1334 2478 1387 exsistente
2511 1347 2666 1401 aqua.
2707 1351 2726 1383 ι
2767 1331 2860 1386 llis
2909 1348 3034 1386 vero
3077 1335 3249 1402 ipsam

1728 1424 2068 1479 solitudinem
2115 1424 2416 1492 signiﬁcare
2444 1431 2640 1492 potest,
2670 1423 2722 1476 in
2751 1437 2877 1492 qua,
2913 1421 3122 1476 Saulem
3166 1423 3251 1476 fu—

1727 1513 1898 1582 giens,
1932 1527 2115 1566 moras
2148 1511 2408 1568 trahebat.
2444 1510 2716 1580 Siquidem
2747 1514 2872 1564 dum
2903 1511 2975 1564 ibi
3013 1524 3252 1564 versare—

1729 1611 1834 1666 tur,
1871 1602 1938 1655 ab
1965 1617 2088 1655 arca
2119 1601 2211 1656 Dei
2250 1609 2304 1656 et
2337 1616 2367 1654 a
2397 1601 2741 1656 tabernaculo
2769 1599 3206 1655 sanctiﬁcationis
3233 1636 3248 1660 ,

1728 1691 1782 1744 in
1838 1706 1945 1760 quo
2015 1691 2235 1761 legalem
2295 1692 2497 1744 cultum
2547 1691 3011 1760 exsequebantur,
3066 1688 3252 1757 procul

1728 1790 1964 1837 remotus
1995 1790 2128 1836 erat.
2165 1780 2365 1835 ﬂerunt
2417 1783 2505 1836 ille
2556 1788 2898 1850 conspectum
2947 1779 3249 1848 emptabat.

129 1857 288 1909 τούτων
316 1857 484 1909 ἐπόθει
521 1859 620 1928 τὴν
665 1859 821 1912 θέαν.
856 1861 1060 1930 Ὠσπερ
1088 1861 1142 1914 δὲ
1169 1862 1238 1930 γῆ
1270 1861 1470 1931 διψῶσα
1509 1861 1627 1913 ὓδα-

1731 1871 2184 1937 Quemadmodum
2212 1880 2388 1925 autem
2416 1881 2558 1926 terra
2592 1873 2779 1926 sitiens
2807 1886 3000 1940 aquam
3031 1871 3249 1940 expetit,

131 1963 198 2010 τος
221 1946 461 2018 ὀρέγεται,
480 1947 641 2010 οὕτω,
677 1949 838 2018 φησι,
876 1951 965 2002 καὶ
996 1951 1028 2020 ἡ
1056 1951 1158 2020 ὲμὴ
1177 1951 1317 2020 ψυχὴ
1347 1951 1413 2002 τὰ
1444 1951 1523 2004 σοὶ
1553 1950 1627 2019 τῷ

102 2037 215 2105 σθεῷ
236 2037 417 2108 ἀρεστὰ
441 2039 529 2090 καὶ
551 2038 682 2106 φίλα
706 2038 876 2106 διψεῖο
907 2040 982 2102 ὡς
1009 2040 1270 2092 ἐκλείπειν
1303 2042 1391 2093 καὶ
1409 2042 1629 2110 ἐκτήκε-

129 2127 238 2193 ceae,
266 2127 398 2198 εἱ¹μὴ
431 2127 720 2197 μεταλάϐοι
751 2130 863 2200 τῆς
892 2129 1039 2200 παρὰ
1080 2130 1160 2182 σοὶ
1188 2131 1388 2200 πηγῆς
1416 2132 1540 2200 περὶ
1563 2126 1629 2200 ἧς

133 2217 328 2286 εἴρηται.
363 2234 380 2268 t
417 2219 528 2270 Ὀτι
571 2216 724 2288 παρὰ
781 2219 881 2270 -σοὶ
922 2219 1068 2288 πηγὴ
1100 2218 1260 2286 ζωῆς.
1295 2219 1383 2271 Διὸ
1417 2220 1627 2289 ὲδίψησέ

137 2309 244 2378 σαὴ
282 2307 409 2380 ψυχή
438 2325 552 2378 μου.
589 2328 608 2360 ι
655 2309 922 2377 Ἐδίψησε
960 2308 1016 2360 δὲ
1046 2309 1177 2370 πῶς,
1219 2310 1499 2379 ἐρμηνεύει
1541 2309 1629 2360 λέ..

138 2412 221 2462 των
258 2396 398 2467 ἑξῆςο
431 2416 447 2448 ι
485 2397 668 2462 Οῦτως
698 2400 756 2450 ὲν
810 2397 886 2468 τῷ
924 2399 1061 2468 ἁγίῳ
1102 2397 1283 2467 ὤφθην
1311 2415 1410 2462 σοι,
1448 2418 1465 2449 ι
1501 2400 1629 2452 ὡσεὶ

141 2489 254 2555 ἔλεγε
281 2488 444 2542 τοῦτο’
481 2490 760 2561 Ἐδίψησεν
818 2491 850 2559 ὴ
890 2489 1030 2560 ψυχή
1063 2507 1158 2559 μου
1191 2490 1251 2542 τὸ
1291 2490 1512 2561 ὀφθῆναί
1551 2509 1629 2545 σοι

144 2581 185 2630 ὲν
205 2579 265 2648 τῷ
285 2579 351 2649 σῷ
372 2580 678 2651 ἁγιάσματι,
708 2599 726 2630 ε
765 2579 866 2632 τοῦ
904 2579 1026 2632 [δεῖν
1053 2579 1147 2650 τὴν
1169 2581 1390 2651 δύναμίν
1418 2599 1506 2634 σου
1541 2584 1631 2635 καὶ

146 2672 216 2738 τὴν
257 2669 390 2734 δόξαν
432 2688 542 2723 σου.
597 2691 614 2718 ι
667 2669 924 2723 Τοιοῦτον
957 2669 1012 2722 δέ
1039 2670 1164 2736 ’ἐστι
1206 2671 1296 2723 καὶ
1324 2672 1380 2722 τὸ
1403 2672 1486 2724 διὰ
1527 2671 1630 2724 τῶν

149 2759 388 2829 ἔμπροσθεν
415 2759 690 2831 εἰρημένον
710 2776 722 2789 ·
761 2776 785 2809 ι
828 2757 1099 2826 Ἐδίῂσεν
1128 2760 1159 2828 ἡ
1195 2758 1335 2828 ψυχή
1368 2777 1463 2828 μου
1499 2761 1629 2830 πρὸς

150 2852 214 2904 τὸν
229 2849 333 2901 Θεὸν
353 2850 434 2902 τὸν
467 2851 676 2921 ἰσχυρὸν
705 2850 803 2902 τὸν
835 2847 1030 2911 ζῶντα,
1061 2849 1186 2900 πότε
1208 2849 1317 2918 ἥξω
1351 2851 1440 2902 καὶ
1466 2851 1628 2921 ὀφθή-

154 2953 274 3006 σομαι
311 2938 378 3009 τῷ
419 2939 686 3010 προσώπῳ
732 2937 831 2990 τοῦ
877 2937 1028 2992 Θεοῦ.
1067 2957 1085 2988 ι
1117 2938 1399 3007 Γενόμενος
1437 2939 1542 3006 γὰρ
1571 2941 1627 2990 ὲν

153 3025 206 3092 τῷ
244 3027 357 3096 ἁγίῳ
408 3043 516 3090 σου,
560 3029 687 3097 περὶ
743 3018 807 3077 οῦ
858 3026 1064 3095 εἴρηται
1095 3027 1149 3076 ὲν
1177 3025 1408 3094 ὲτέρῳ,ι
1454 3026 1627 3088 Ἂπαξ

155 3116 294 3185 ὤμοσα
319 3121 368 3171 ὲν
396 3118 466 3189 τῷ
489 3119 624 3188 ἁγίῳ
652 3134 777 3188 μου,
821 3135 839 3167 ι
873 3115 1079 3184 πρῶτον
1109 3115 1203 3184 μὲν
1234 3116 1388 3177 αὐτὸς
1406 3115 1629 3186 ὀφθήσο-

1727 1962 1806 2014 sic
1840 1961 2014 2012 anima
2043 1974 2181 2022 mea,
2216 1960 2310 2023 ait,
2343 1975 2461 2028 quae
2489 1960 2581 2012 tibi
2615 1960 2809 2027 placita
2832 1967 2884 2012 et
2916 1959 3110 2012 dilecta
3129 1968 3254 2012 sunt

1727 2048 2000 2104 sitibunda
2033 2049 2400 2117 concupiscit;
2435 2050 2506 2100 ita
2536 2055 2594 2101 ut
2637 2051 2682 2102 si
2718 2048 2862 2100 illius
2885 2048 2974 2115 qui
3009 2061 3175 2115 penes
3201 2055 3254 2100 te

1726 2149 1804 2192 est
1834 2138 1996 2192 fontis
2035 2139 2298 2207 particeps
2327 2153 2432 2191 non
2470 2137 2646 2196 inerit.
2670 2136 2879 2190 deﬁciat
2916 2143 2969 2190 et
3009 2135 3256 2188 contabe-

1726 2236 1868 2290 scat;
1907 2228 1972 2281 de
2008 2243 2114 2296 quo
2159 2226 2304 2280 fonte
2359 2227 2558 2280 dictum
2593 2239 2675 2280 est
2705 2243 2718 2281 :
2755 2243 2772 2275 ι
2809 2225 3072 2289 Quoniam
3111 2224 3251 2293 apud

1727 2325 1778 2371 te
1823 2327 1907 2371 est
1965 2315 2085 2372 fons
2129 2316 2248 2370 vita).
2269 2317 2335 2371 ⁸⁸.
2377 2335 2394 2367 ι
2429 2315 2604 2381 Quare
2658 2333 2676 2365 ι
2706 2315 2873 2369 sitivit
2929 2315 3027 2368 tibi
3075 2314 3252 2366 anima

1728 2423 1864 2462 mea.
1902 2426 1920 2458 ι
1959 2407 2075 2471 Quo
2109 2414 2266 2475 pacto
2297 2406 2463 2470 sitiat,
2488 2420 2610 2458 mox
2640 2405 2849 2473 aperit:
2889 2423 2906 2454 ι
2940 2403 3027 2457 Sic
3050 2404 3103 2456 in
3134 2417 3254 2456 san-

1727 2504 1814 2551 cto
1870 2497 2094 2566 apparui
2135 2496 2252 2558 tibi,
2286 2515 2305 2547 ι
2351 2510 2412 2548 ac
2463 2495 2508 2549 si
2560 2495 2804 2548 diceret:
2840 2493 3017 2547 Sitivit
3073 2494 3252 2547 anima

1727 2599 1841 2637 mea
1895 2593 2166 2653 aspectum
2217 2590 2368 2636 tuum
2418 2583 2472 2637 in
2523 2582 2828 2637 sanctuario
2879 2590 2992 2643 tuo,
3033 2599 3050 2631 ι
3091 2589 3146 2633 ut
3172 2581 3252 2633 vi-

1725 2673 1874 2726 deam
1903 2676 2150 2728 virtutem
2180 2681 2326 2726 tuam
2348 2680 2399 2726 et
2418 2673 2638 2742 gloriam
2672 2678 2837 2724 tuam.
2873 2691 2891 2722 ι
2931 2671 3113 2724 Simile
3129 2670 3255 2723 huic

1726 2770 1808 2816 est
1831 2763 1957 2816 illud
1986 2764 2235 2833 superius
2266 2762 2468 2815 dictum
2499 2780 2510 2814 :
2541 2778 2558 2810 ι
2591 2759 2772 2813 Sitivit
2795 2761 2972 2814 anima
3021 2775 3136 2814 mea
3187 2759 3252 2812 ad

1729 2850 1890 2905 Deum
1935 2850 2124 2906 fortem
2163 2852 2366 2916 vivum,
2398 2849 2612 2920 quando
2645 2852 2854 2903 veniam
2896 2857 2949 2902 et
2988 2849 3254 2918 apparebo

1726 2950 1851 2996 ante
1904 2941 2094 2996 faciem
2153 2941 2325 2995 Dei".
2364 2960 2381 2991 ι
2422 2939 2478 2994 1η
2509 2950 2696 2996 sancto
2749 2942 2945 3010 quippe
2999 2947 3093 2992 tuo
3125 2953 3254 2992 eon-

1727 3032 1964 3093 stitutus,
1993 3032 2057 3085 de
2089 3045 2194 3100 quo
2240 3031 2292 3083 in
2343 3032 2447 3084 alio
2477 3032 2684 3099 psalmo
2711 3031 2911 3084 dictum
2935 3035 3055 3082 est:
3093 3046 3111 3078 ‹
3159 3028 3254 3082 Se-

1728 3120 1832 3174 mel
1862 3119 2037 3188 juravi
2061 3120 2114 3172 in
2144 3126 2333 3172 sancto
2367 3135 2485 3172 meo
2509 3119 2575 3180 ⁸³,
2608 3137 2626 3169 ι
2653 3119 2822 3187 primo
2845 3117 3110 3186 apparebo
3133 3117 3251 3179 tibi,

157 3209 226 3273 μιί
244 3225 326 3272 σοι,
344 3209 848 3279 δοκιμασθησόμενος
883 3209 927 3258 εί
956 3205 1098 3268 ἄξιος
1119 3205 1231 3275 εἴην
1252 3205 1347 3274 τῆς
1368 3205 1463 3274 σῆς
1484 3205 1625 3268 θέας.

1731 3213 1786 3264 'u
1811 3211 2066 3280 probetur
2094 3225 2221 3262 num
2251 3209 2441 3279 dignus
2467 3219 2754 3276 conspectu
2793 3217 2882 3260 tuo
2903 3208 3024 3260 sint.
3057 3205 3254 3261 Deinde

159 3292 254 3349 Εἶτα
281 3298 407 3364 ἄξιος
445 3299 640 3367 ὀφθεὶς,
675 3298 876 3366 ὄψομαι
907 3297 1002 3366 τὴν
1031 3294 1250 3364 δύναμίν
1279 3311 1369 3346 σου
1411 3296 1502 3346 καὶ⁸
1535 3294 1628 3364 τὴν

157 3384 272 3449 δόξαν
292 3404 400 3440 σου·
429 3383 497 3440 ὢν
526 3386 780 3440 ἀδύνατόν
812 3386 954 3436 ἐστιν
988 3385 1065 3446 είς
1091 3383 1316 3453 θεωρίαν
1340 3383 1527 3447 ἐλθεῖν,
1555 3384 1627 3453 μὴ

159 3473 243 3540 οὐχὶ
289 3476 520 3546 πρότερον
566 3478 621 3527 ὲν
661 3473 740 3542 τῷ
783 3473 919 3541 ἁγίῳ
965 3471 1265 3540 γενόμενον,
1299 3473 1390 3523 κοιλ⁵
1423 3472 1628 3541 πρῶτον

158 3561 333 3626 iisetiam
356 3564 488 3629 ἄξιον
507 3564 610 3616 τῶν
640 3562 732 3615 τοῦ
754 3560 885 3613 Θεοῦ
913 3560 1146 3628 ἀγαθῶν.
1170 3561 1318 3613 Μετὰ
1338 3560 1443 3630 γὰρ
1465 3561 1629 3613 ταῦτα

160 3650 301 3719 ἂᾲεταί
331 3670 422 3717 τις,
451 3655 522 3716 ὡς
562 3653 625 3706 ἂν
657 3652 756 3722 ἤδη
787 3649 1249 3720 δεδοκιμασμένος,
1279 3650 1374 3718 τὴν
1411 3649 1629 3718 δύναμιν

161 3741 228 3791 τοῦ
249 3741 360 3794 Θεοῦ
384 3743 470 3795 καὶ
493 3743 586 3813 τὴν
611 3741 766 3804 δόξαν
794 3739 972 3792 αὑτοῦ.
996 3741 1102 3792 Καὶ
1129 3740 1274 3802 τέλος
1289 3739 1393 3790 τῶν
1415 3739 1629 3808 ἀγαθῶν

161 3829 265 3882 τοῦτ’
293 3832 346 3885 ἂν
367 3833 442 3904 είη
469 3834 525 3886 τὸ
551 3835 606 3884 ὲν
634 3831 834 3902 θεωρία
857 3830 1054 3882 τούτων
1076 3828 1348 3898 γενέσθαι·
1377 3829 1454 3880 διὸ
1490 3829 1630 3881 λέλε-

163 3934 278 3972 κταιο
302 3941 317 3973 ι
349 3924 602 3991 Μακάριοι
627 3923 674 3974 οἱ
699 3920 926 3988 καθαροὶ
944 3923 1005 3989 τῇ
1025 3919 1234 3990 καρδίᾳ,
1264 3919 1342 3970 ὅτι
1372 3919 1518 3970 αὐτοὶ
1542 3919 1630 3970 τὸν

163 4006 260 4060 Θεὸν
309 4010 525 4079 θψονται.
585 4031 604 4062 ι
643 4009 811 4062 Τοῦτο
848 4005 937 4060 οῦν
983 4008 1224 4077 eaq/136w
1271 4011 1303 4077 ἡ
1352 4007 1493 4077 ψυχὴ
1537 4007 1628 4059 τοῦ

165 4097 310 4150 Δαυῖδ·
338 4100 407 4152 διὸ
445 4101 637 4168 ἔλεγενο
673 4118 690 4149 1
736 4100 792 4150 '0
833 4097 961 4161 Θεὸς
1017 4099 1040 4149 5
1087 4098 1213 4160 Θεός
1257 4113 1374 4168 μου,
1397 4098 1527 4167 πρὸς
1573 4097 1630 4149 σὲ

165 4184 360 4256 ὀρθρίξω.
398 4189 634 4259 Ἑδίψησέ
677 4205 756 4241 σοι
783 4189 816 4256 ὴ
849 4187 987 4256 ψυχή
1017 4203 1136 4256 μου.
1170 4207 1188 4238 ι

221 4301 356 4353 «Ὅτι
385 4305 619 4371 κρεῖσσον
642 4300 699 4352 τὸ
734 4299 879 4361 ἔλεός
918 4315 1006 4350 σου
1041 4298 1175 4368 ὑπὲρ
1198 4295 1357 4361 ζωὰς,
1384 4298 1450 4351 τὰ
1481 4299 1626 4370 χείλη

171 4405 242 4454 μου
275 4392 578 4446 ὲπαινέσουσί
606 4410 678 4447 σε.
725 4413 743 4444 ι
787 4394 846 4444 '0
877 4391 974 4461 τὴν
999 4391 1154 4458 φύσιν
1175 4390 1264 4442 τοῦ
1289 4389 1476 4460 θνητοῦ
1517 4391 1628 4459 βίου

1728 3313 1847 3352 cum
1894 3299 2086 3368 dignus
2125 3297 2445 3367 comperiar,
2475 3296 2664 3349 videbo
2720 3295 2969 3347 virtutem
3026 3303 3170 3348 tuam
3199 3301 3256 3349 et

1729 3385 1950 3455 gloriam
2013 3391 2158 3437 tuam
2193 3403 2204 3436 :
2239 3385 2305 3436 ad
2357 3397 2582 3452 quarum
2643 3390 2987 3448 conspectum
3045 3380 3254 3434 admitti

1727 3490 1883 3528 nemo
1923 3481 2116 3543 potest,
2143 3474 2271 3542 quin
2306 3474 2456 3541 prius
2504 3473 2556 3525 in
2589 3479 2774 3525 sancto
2793 3471 2884 3535 sit,
2906 3486 2966 3524 ac
2989 3472 3138 3540 prius
3170 3471 3254 3524 dic

1726 3566 1866 3618 vinis
1921 3566 2074 3619 bonis
2125 3565 2318 3634 dignus
2359 3574 2631 3633 appareat.
2665 3562 2854 3616 Postea
2883 3563 3024 3616 enim
3054 3562 3252 3631 quivis,

1729 3653 2030 3722 utpotejam
2057 3653 2329 3721 probatus,
2351 3653 2598 3706 virtutem
2619 3651 2902 3720 etgloriam
2927 3649 3018 3704 Dei
3036 3651 3251 3704 videbit.

1728 3741 1884 3812 Isque
1932 3743 2052 3796 linis
2083 3743 2344 3797 bonorum
2387 3743 2564 3806 fuerit,
2605 3742 2670 3794 ad
2696 3758 2879 3795 eorum
2929 3742 3256 3810 contempla-

1729 3831 1923 3884 tionem
1947 3829 2191 3886 admitti:
2219 3845 2384 3900 quare
2425 3830 2625 3883 dictum
2655 3837 2738 3884 est
2766 3849 2778 3882 ς
2815 3849 2832 3880 ι
2871 3829 3017 3883 Beati
3055 3829 3255 3884 mundo

1729 3921 1913 3984 corde,
1953 3923 2204 3990 quoniam
2249 3921 2349 3991 ipsi
2387 3921 2548 3975 Deum
2577 3920 2906 3973 videbunt".
2938 3940 2956 3971 ι
2995 3920 3104 3974 Hoc
3151 3923 3254 3972 ita-

1729 4026 1832 4078 que
1859 4011 2073 4064 sitiebat
2099 4010 2314 4065 Davidis
2352 4010 2529 4062 anima
2563 4028 2574 4061 :
2609 4023 2774 4077 quare
2803 4008 3028 4069 dicebat,
3058 4027 3075 4058 ‹
3115 4008 3255 4065 Deus

1731 4099 1869 4153 Deus
1903 4114 2074 4164 meus,
2099 4099 2166 4152 ad
2192 4108 2241 4154 te
2271 4099 2337 4152 de
2369 4099 2487 4152 luce
2519 4098 2698 4164 vigilo.
2735 4093 2914 4148 Sitivit
2943 4095 3037 4146 tibi
3077 4096 3257 4148 anima

1729 4202 1863 4241 mea.
1907 4205 1956 4257 η

1801 4301 1960 4357 Vens.
2015 4303 2128 4355 4-6.
2175 4319 2192 4353 ι
2227 4299 2488 4367 Quoniam
2533 4299 2720 4353 melior
2772 4304 2852 4351 est
2892 4294 3256 4350 misericordia

1733 4403 1820 4448 tua
1867 4411 2027 4462 super
2060 4394 2241 4457 nitas,
2276 4393 2412 4444 labia
2464 4407 2577 4445 mea
2630 4388 2918 4441 laudabunt
2969 4394 3039 4438 te.
3081 4405 3098 4436 ι
3155 4382 3255 4448 Qui

170 4484 455 4552 κατανοήσας,
491 4485 580 4535 καὶ
619 4485 714 4554 τὴν
743 4482 1066 4553 πρόσκαιρον
1099 4479 1238 4551 ζωὴν
1269 4482 1364 4552 ὅση
1407 4481 1486 4543 τίς
1519 4483 1629 4532 ἐστι

1737 4486 1975 4538 mortalis
2009 4484 2128 4536 vita:
2182 4491 2426 4534 naturam
2461 4477 2838 4538 consideravit,
2877 4482 2928 4526 et
2976 4489 3092 4542 qua:
3124 4488 3257 4542 qua-

170 4570 235 4618 καὶ
271 4571 403 4624 ὁποία
448 4573 732 4642 ἐξητακὼς,
767 4572 1155 4640 ἀποστρέφεται
1205 4571 1298 4640 μὲν
1359 4571 1524 4622 ταῦτα
1557 4572 1630 4633 ὡς

176 4661 302 4726 μικρὰ
323 4663 403 4714 καὶ
422 4662 612 4724 οὐδενὸς
638 4662 792 4728 λόγου
826 4661 946 4726 ἄξια
965 4678 978 4690 ·
1008 4661 1124 4722 ὅλος
1145 4660 1200 4712 δὲ
1223 4660 1318 4730 τῆς
1343 4661 1452 4714 ἄνω
1479 4661 1627 4713 ἐλπί-

173 4743 231 4804 δἰς
265 4751 528 4818 γενόμενος,
575 4752 782 4819 ἐκείνης
829 4753 1004 4819 τυχεῖν
1059 4749 1290 4819 εὔχεται,
1319 4751 1450 4820 ἐλέῳ
1495 4750 1625 4802 Θεοῦ

179 4839 522 4908 χορηγουμένης.
567 4839 636 4890 Οὐ
667 4839 778 4909 γὰρ
818 4839 879 4906 δὴ
923 4839 1057 4890 κατὰ
1102 4837 1331 4908 ὀφειλὴν,
1363 4839 1477 4891 οὐδὲ
1513 4841 1627 4890 κατ’

180 4919 290 4980 ἀξίαν
304 4927 384 4994 τῆς
409 4928 581 4979 ἑαυτοῦ
601 4927 938 4996 δικαιοσύνης
966 4927 1207 4990 τεύξεταί
1240 4945 1320 4990 τις
1345 4929 1448 4980 τῶν
1471 4930 1630 4980 ἐπου-

188 5011 354 5074 ρανίων.
382 5017 556 5086 Διόπερ
581 5016 811 5085 ἀλλαχοῦ
845 5034 940 5068 που
975 5016 1212 5084 alimur
1255 5033 1272 5064 ι
1305 5017 1368 5068 Τί
1393 5019 1497 5088 γάρ
1545 5034 1631 5086 μοι

186 5096 358 5170 ὑπάρχει
396 5107 444 5156 ἐν
468 5105 537 5174 τῷ
567 5105 812 5174 οῦρανῷ;
856 5124 873 5154 ι
908 5106 966 5156 τὸ
993 5105 1048 5155 δὲ
1085 5104 1187 5153 πᾶν
1216 5103 1347 5174 ἐλέῳ
1381 5107 1510 5158 Θεοῦ
1544 5106 1633 5158 καὶ

194 5187 481 5264 φιλανθρωπίᾳ
504 5195 766 5262 δωρεῖται,
805 5196 910 5255 τοῖς
933 5190 1130 5261 σμικρὰ
1161 5194 1537 5264 κατωρθωκόσι
1567 5196 1633 5248 τὰ

194 5277 343 5342 μεγάλα
369 5283 713 5350 χαριζομένου.
749 5282 811 5332 '0
844 5281 904 5350 δὴ
938 5278 1177 5348 σημαίνει
1216 5280 1243 5330 ὁ
1272 5282 1458 5351 παρὼν
1485 5282 1634 5348 λόγος

199 5365 376 5428 φάσκων
411 5391 428 5422 ι
461 5375 563 5424 Ὀτι
590 5372 843 5439 κρεῖσσον
875 5369 931 5419 τὸ
955 5365 1093 5426 ἔλεός
1124 5381 1211 5416 σου
1243 5368 1387 5438 ὑπὲρ
1420 5370 1576 5432 ζωὰς.
1610 5389 1627 5420 ι

197 5451 276 5504 Κᾶν
305 5458 389 5529 γὰρ
417 5459 691 5529 μακρόϐιος
731 5456 822 5508 καὶ
863 5452 1223 5524 μακροχρόνιος
1259 5456 1360 5509 ἐπὶ
1397 5457 1487 5509 τοῦ
1532 5474 1634 5508 πα-

241 5675 272 5708 ⁸¹
301 5675 406 5736 Ptal.
437 5697 582 5743 xxxv,
631 5678 716 5731 ιο.
791 5677 830 5708 ⁸³
865 5673 995 5730 Psal.
1025 5689 1134 5737 ιιι,
1171 5677 1228 5735 5,.

1736 4574 1868 4627 lisve
1915 4581 2250 4638 temporanea
2294 4569 2400 4620 vita
2458 4568 2546 4629 sit,
2580 4563 2893 4633 exploravit,
2921 4561 3032 4614 lucc
3078 4571 3258 4622 utpote

1735 4676 1896 4732 parva
1926 4669 1973 4713 cl
1999 4661 2196 4711 nullius
2221 4657 2373 4727 pretii
2402 4662 2678 4708 aversatur
2703 4670 2716 4717 ;
2753 4651 2842 4706 sed
2871 4667 3115 4719 superna:
3143 4652 3255 4718 spei

1734 4769 1850 4808 sese
1883 4759 2050 4804 totum
2088 4749 2361 4816 applicans
2386 4761 2501 4798 eam
2549 4741 2910 4797 misericordia
2947 4742 3036 4796 Dei
3067 4756 3258 4794 conse-

1733 4845 1822 4912 qui
1847 4849 2081 4910 ex0ptat.
2115 4840 2294 4908 Neque
2317 4839 2456 4892 enim
2490 4837 2750 4905 quispiam
2779 4835 2846 4888 ex!
2869 4836 3046 4889 debito
3072 4844 3162 4888 aut
3194 4851 3258 4887 ex

1730 4932 1952 5000 justitire
1999 4945 2107 4984 sua:
2153 4929 2340 4982 merito
2387 4927 2626 4980 caelestia
2671 4923 3016 4991 adipiscetur.
3062 4926 3261 4989 Quam-

1737 5023 1921 5075 obrcm
1978 5022 2099 5074 alibi
2149 5020 2342 5072 dicitur
2379 5036 2392 5070 :
2429 5036 2448 5067 ί
2488 5015 2626 5080 Quid
2688 5013 2826 5066 enim
2880 5015 3012 5065 mihi
3069 5023 3151 5066 est
3209 5015 3261 5067 in

1735 5111 1959 5163 cmlo”?
1997 5128 2016 5159 ι
2053 5108 2153 5161 Sed
2191 5115 2356 5161 totum
2389 5103 2477 5155 Dei
2511 5099 2873 5156 misericordia
2915 5108 2969 5153 et
3018 5101 3264 5155 humani-

1742 5207 1850 5252 tate
1879 5199 2055 5258 datur,
2087 5197 2177 5265 qui
2211 5195 2413 5248 modica
2474 5188 2845 5261 pne-stantibus
2882 5203 3074 5257 magna
3126 5193 3264 5242 elar-

1736 5289 1898 5357 gitur.
1956 5285 2106 5350 Quod
2157 5286 2239 5337 his
2285 5283 2460 5336 verbis
2514 5279 2841 5348 signiﬁcatur
2888 5295 2900 5328 :
2947 5297 2964 5328 ε
2999 5278 3263 5341 Quoniam

1737 5377 1926 5429 melior
1981 5382 2063 5428 est
2115 5371 2479 5427 misericordia
2530 5378 2620 5421 tua
2671 5380 2830 5432 super
2877 5367 3035 5419 vitas.
3070 5386 3088 5417 ι
3131 5367 3263 5420 Nam

1737 5466 1944 5519 etiamsi
1982 5463 2102 5530 quis
2134 5462 2401 5527 longaevus
2431 5465 2484 5509 ct
2532 5467 2767 5509 annosus
2801 5452 2852 5503 in
2896 5452 2995 5505 bac
3027 5454 3134 5507 vita
3172 5458 3262 5520 sit,

1319 5679 1366 5714 ⁸³
1407 5679 1544 5736 Ρειιι.
1581 5695 1852 5745 uuvm,
1889 5680 1974 5734 56.
2053 5679 2094 5711 "
2134 5673 2314 5729 Matth.
2353 5690 2400 5739 v,
2439 5672 2488 5726 8.
2566 5674 2607 5704 "
2646 5669 2780 5724 Psal.
2821 5681 3001 5727 Lxxtt,
3036 5665 3106 5721 25
