3818 6380
440 341 534 394 6H

1084 329 1356 397 λῖιηξςΕιιιι
1387 325 1849 382 (ΣΑΞὸΑΙὶΙΕΝΞΙδ
1873 325 2021 382 ΟΡΡ.
2064 323 2247 378 PARS
2288 321 2376 377 Ill.
2411 349 2478 358 —
2515 316 2592 371 ΕΣ

1430 325 1849 382 ΑΞὸΑΙὶΙΕΝΞΙδ
1873 325 2021 382 ΟΡΡ.
2064 323 2247 378 PARS
2288 321 2376 377 Ill.
2411 349 2478 358 —
2515 312 2933 371 EXEGETICA.

3614 307 3716 362 612

441 466 583 506 mam
611 465 804 505 meum.
831 468 849 501 ι
889 448 997 517 Ego
1023 445 1258 514 quidem,
1295 442 1391 507 ait,
1415 439 1508 493 tibi
1547 436 1816 493 Servatori
1858 452 1949 492 mei

2205 434 2230 486 ‘u
2265 433 2382 503 μὲν,
2411 429 2564 500 φησι,
2599 427 2683 479 σοὶ
2703 423 2782 494 τῷ
2811 415 3073 492 ἐμαυτοῦ
3123 414 3356 488 Σωτῆρι
3391 417 3713 486 προσεῖχον,

443 541 729 602 haerebam,
764 548 924 607 atque
967 534 1222 604 perfugus
1247 541 1300 583 et
1336 531 1389 584 in
1429 528 1968 607 solitudinedegens,

445 631 539 682 tibi
572 629 804 680 animam
837 603 1168 692 'c0pulabam
1202 633 1395 680 meam,
1429 625 1482 670 et
1515 603 1795 670 sermones
1850 621 1973 668 tuos

445 718 773 772 meditabar:
831 727 1002 781 neque
1058 710 1200 764 enim
1237 711 1581 780 insequentes
1615 720 1700 758 me
1751 719 1881 773 pref,

446 810 650 867 sabam,
684 821 855 872 neque
887 804 1071 864 etiam,
1111 800 1236 853 dum
1269 800 1364 853 tibi
1414 785 1522 850 Deo
1553 810 1818 856 vacarem,
1856 809 1973 862 με’·-

443 913 536 950 ces
568 895 852 948 fundebam
882 902 1068 946 contra
1101 891 1388 951 inimicos;
1421 887 1514 942 sed
1539 886 1633 940 tibi
1667 887 1782 951 nni,
1815 892 1872 938 ut
1893 885 1976 937 di~

446 995 590 1037 ctum
631 991 735 1044 est,
771 982 1129 1035 adhaerebam.
1170 979 1250 1031 Illi
1299 992 1426 1032 vero
1480 976 1681 1030 futilem
1717 975 1974 1029 adversus

444 1075 677 1127 animam
719 1086 890 1124 meam
942 1069 1360 1124 sollicitudinem
1411 1066 1686 1135 suscipere
1722 1079 1830 1118 non
1885 1062 1977 1116 de-

445 1164 743 1218 sistehant:
779 1162 830 1212 in
868 1174 1060 1211 vanum
1093 1157 1290 1226 quippe
1320 1155 1629 1225 quazrebant
1656 1170 1796 1220 eam,
1837 1169 1974 1222 quae,

444 1257 698 1324 quoniam
761 1253 855 1304 tibi
895 1251 1152 1310 hmrebat,
1188 1249 1254 1301 ab
1307 1247 1438 1316 ipsis
1488 1246 1709 1299 minime
1757 1243 1977 1314 reperiri

445 1352 687 1417 poterat:
725 1359 890 1411 quare
943 1356 1060 1409 qua?
1091 1355 1147 1393 se
1185 1347 1402 1390 manent
1436 1338 1536 1406 ipsi
1582 1336 1794 1404 quidem
1823 1335 1978 1403 igno-

446 1445 588 1495 rant,
619 1433 710 1485 sed
749 1431 982 1500 Spiritus
1007 1437 1226 1484 sanctus
1259 1427 1598 1480 vaticinatur.
1633 1424 1832 1478 Deinde
1854 1437 1979 1478 vero

446 1524 558 1576 haec
589 1521 895 1590 prophetice
919 1519 1278 1571 vociferatur:
1317 1535 1335 1565 ‹
1360 1515 1657 1568 lntroibunt
1678 1515 1740 1582 ιἰιι
1765 1513 1981 1567 inferio-

448 1627 506 1666 ra
534 1622 739 1664 teme.»
794 1609 1231 1676 Quandoquidem
1255 1607 1399 1659 enim
1432 1614 1644 1661 terrena
1675 1605 1978 1673 sapiebant,

447 1714 500 1755 et
527 1703 580 1754 in
623 1702 818 1754 inlimis
851 1700 1123 1754 constituti
1153 1706 1325 1762 crant,
1363 1698 1484 1766 jure
1515 1697 1813 1750 facinorum
1846 1711 1981 1764 pra:-

449 1793 556 1846 mia
599 1792 872 1861 recipient.
928 1789 1060 1843 Nam
1092 1792 1181 1858 qui
1222 1788 1328 1841 Deo
1371 1788 1692 1855 coniunctus
1720 1795 1772 1841 et
1800 1786 1977 1838 anima

450 1884 553 1952 ipsi
580 1882 976 1950 conglutinatus
999 1888 1101 1942 est,
1134 1879 1280 1948 regni
1305 1879 1562 1931 ecelorum
1591 1892 1736 1945 spem
1767 1877 1979 1930 obtine-

450 1973 560 2038 hit;
592 1973 683 2040 qui
733 1986 862 2023 vero
914 1968 1241 2022 contrariam
1289 1968 1582 2021 decurrunt
1613 1967 1772 2031 viam,
1802 1973 1854 2019 et
1898 1968 1980 2020 in-

453 2063 574 2115 ﬁma
624 2061 857 2130 sapiunt,
906 2063 958 2112 in
996 2060 1168 2111 lacum
1220 2058 1352 2110 alias
1384 2066 1732 2109 memoratum
1762 2056 1978 2124 dejecti,

451 2150 750 2205 introibunt
792 2149 844 2200 in
894 2146 1148 2200 inferiora
1183 2152 1358 2197 terrae.
1429 2141 1561 2195 Dum
1610 2143 1753 2196 enim
1805 2142 1980 2210 quivis

452 2241 613 2292 homo
674 2236 1011 2306 superﬁciem
1063 2242 1216 2287 terra:
1262 2232 1470 2295 incolit,
1515 2233 1566 2285 in
1628 2231 1979 2286 inferioribus

451 2341 660 2385 tantum
709 2331 952 2384 habitare
981 2327 1195 2389 dicitur,
1245 2332 1304 2378 ut
1350 2325 1481 2378 dicit
1526 2325 1765 2394 quidam,
1803 2343 1820 2374 ι
1847 2322 1980 2389 Quia

453 2423 594 2476 Deus
627 2422 679 2474 in
710 2421 849 2473 cmlo
879 2435 1116 2482 sursum,
1149 2426 1201 2472 et
1228 2425 1286 2470 tu
1333 2417 1386 2470 in
1418 2426 1559 2470 terra
1605 2414 1857 2468 deorsum
1878 2414 1976 2470 ⁸⁸.»

453 2515 583 2569 Post
619 2516 820 2567 exitum
865 2519 1040 2563 autem
1080 2525 1146 2562 ex
1186 2509 1286 2561 hac
1315 2510 1446 2570 vita,
1482 2507 1717 2575 religiosi
1765 2506 1981 2576 quidem

455 2603 700 2656 homines
738 2601 932 2653 cmlum
970 2613 1064 2668 pro
1113 2597 1384 2651 domicilio
1428 2597 1721 2658 habebunt,
1769 2611 1983 2650 sursum

454 2695 602 2755 elati,
632 2708 693 2745 ac
745 2689 984 2760 rapiendi
1036 2689 1088 2742 in
1125 2689 1358 2741 nubibus
1387 2687 1596 2740 obviam
1629 2686 1875 2752 Domino,
1922 2701 1985 2741 ac

456 2785 535 2838 sic
559 2796 770 2849 semper
816 2795 936 2832 cum
969 2777 1193 2831 Domino
1219 2777 1412 2840 futuri;
1450 2779 1597 2846 impii
1628 2793 1755 2832 vero
1785 2786 1837 2832 et
1863 2793 1986 2848 pec-

457 2881 667 2925 catores
704 2873 757 2923 in
803 2869 1056 2923 inferiora
1106 2877 1257 2922 terrae
1292 2867 1650 2924 descendent:
1691 2884 1808 2938 quae
1839 2884 1988 2923 com-

456 2977 763 3016 memorans
793 2961 1079 3030 Apostolus
1108 2960 1350 3015 dicebat:
1401 2979 1418 3010 ι
1443 2960 1499 3013 In
1537 2959 1822 3014 inferiores
1862 2975 1985 3030 par-

2075 525 2167 578 καὶ
2194 523 2272 575 σοὶ
2301 521 2397 592 τὴν
2429 520 2564 591 ἐμὴν
2595 517 2773 588 ψυχὴν
2814 511 3110 581 συνῆπτον
3129 545 3146 569 ,
3182 512 3303 570 τοῖς
3338 523 3408 559 τε
3439 509 3561 569 σοῖς
3591 509 3700 575 ἐμε-

2073 614 2236 667 λέτων
2270 613 2482 681 λόγοις,
2529 612 2586 662 ὲν
2637 610 2784 676 φυγῇ
2839 601 3169 669 το,›γχάνων,
3199 599 3302 651 καὶ
3342 599 3412 650 ἐν
3449 597 3710 668 ἐρημίαις

2073 706 2386 775 ποιούμενος
2425 703 2520 764 τὰς
2564 697 2876 769 διατριϐάς,
2935 694 3016 743 τῖὲὺ
3071 689 3184 759 γὰρ
3217 689 3555 759 ἠμυνόμην
3592 691 3707 752 τοὺς

2075 794 2386 856 ελαύνοντάς
2412 809 2496 861 με,
2521 790 2634 843 ἀλλ’
2669 787 2792 840 οὐδὲ
2825 783 2911 836 σοὶ
2938 780 3024 850 τῷ
3051 779 3176 848 Θεῷ
3204 778 3519 848 σχολάζων
3553 779 3710 851 εὐχὰς

2075 891 2212 944 κατὰ
2230 891 2334 943 τῶν
2365 889 2571 959 ἐχθρῶν
2593 886 2920 953 ἀνέπεμπον
2942 897 2957 911 ο
2986 878 3077 930 σοὶ
3107 877 3164 928 δέ
3195 876 3378 946 μόνῳ
3403 879 3729 948 προσεῖχον,

2074 987 2147 1047 ώς
2187 983 2340 1052 ἔφην.
2384 981 2445 1032 Οί
2475 979 2530 1031 δέ
2569 979 2629 1030 οὐ
2672 975 2951 1027 διέλειπον
2985 967 3234 1040 ματαίαν
3300 967 3576 1036 σπουδὴν
3609 969 3740 1020 κατὰ

2071 1075 2169 1144 τῆς
2202 1073 2376 1142 ψυχῆς
2409 1087 2507 1141 μου
2540 1065 2859 1134 ποιούμενοι
2882 1079 2895 1092 ’
2935 1063 3020 1122 εἰς
3055 1058 3333 1128 μάταιων
3362 1057 3489 1126 γὰρ
3521 1055 3734 1124 ἐζήτουν

2074 1165 2274 1235 αὐτην,
2320 1161 2604 1232 ἀνεύρετον
2653 1157 2842 1217 αὐτοῖς
2876 1147 3054 1205 οὖσαν
3088 1147 3182 1201 διὰ
3227 1149 3320 1201 τὸ
3362 1147 3724 1213 κεκολλῆσοατ

2073 1257 2243 1308 ὀπίσω
2273 1271 2363 1306 σου
2383 1270 2396 1284 ·
2427 1253 2613 1320 διόπερ
2647 1249 2716 1302 τὰ
2753 1245 3143 1316 περιμένοντα
3173 1239 3246 1292 αὐ
3265 1241 3416 1301 τοὺς
3446 1238 3605 1290 αὐτοὶ
3631 1238 3716 1305 μὲν

2075 1347 2172 1399 οὑκ
2195 1346 2356 1408 ἴσασι,
2378 1344 2438 1397 τὸ
2466 1344 2521 1396 δέ
2548 1339 2774 1409 Πνεῦμα
2805 1338 2869 1389 τὸ
2902 1336 3067 1402 ἅγιον
3100 1329 3399 1393 θεσπίζει.
3435 1325 3561 1380 Εἴθ’
3588 1328 3704 1395 ἑξῆς

2074 1439 2278 1499 τούτοις
2305 1433 2655 1506 προφητικῶς
2691 1429 2982 1496 ἀναφωνεῖ
3019 1425 3200 1491 λέγων
3223 1440 3236 1454 ·
3290 1441 3311 1473 ι
3345 1419 3705 1473 Εἰσελεύσον-

2076 1548 2163 1583 ται
2191 1531 2269 1592 είς
2299 1528 2367 1580 τά
2399 1525 2686 1578 κατώτατα
2723 1521 2826 1590 τῆς
2853 1519 2989 1588 γῆς.
3020 1537 3040 1568 ι
3089 1514 3326 1584 Ἐπειδὴ
3365 1512 3490 1582 γὰρ
3519 1511 3588 1562 τὰ
3623 1511 3707 1580 τῆς

2076 1622 2176 1691 γῆς
2199 1620 2448 1690 ἐφρόνουν
2475 1616 2568 1669 καὶ
2595 1613 2705 1666 τῶν
2730 1611 2889 1666 κάτω
2917 1608 3245 1676 γεγόνασιν,
3277 1603 3534 1665 εἰκότως
3563 1601 3710 1691 τάπίέ

2079 1690 2231 1783 χειρα
2279 1710 2552 1762 πείσονται
2611 1702 2692 1766 οἷς
2733 1703 3002 1773 ἔδρασαν.
3057 1700 3119 1751 '0
3170 1697 3269 1767 μὲν
3307 1695 3434 1765 γὰρ
3476 1693 3561 1762 τῷ

2083 1781 2385 1871 συναφθεὶς,
2413 1800 2506 1852 καὶ
2534 1798 2631 1867 τὴν
2655 1795 2841 1864 ψυχὴν
2871 1789 3038 1860 αύτῷ
3068 1784 3561 1861 προσκολληθεὶς,
3579 1781 3718 1832 ἐλπί-

2081 1896 2174 1958 δας
2205 1894 2312 1957 seu
2342 1889 2614 1961 βασιλείας
2641 1882 2899 1956 οὐρανῶν
2921 1899 2936 1912 ·
2971 1883 3026 1934 οἱ
3059 1880 3122 1933 δέ
3159 1879 3261 1950 τὴν
3304 1874 3586 1928 ἐναντίαν
3608 1871 3732 1942 δρα-

2087 1987 2273 2056 μόντες
2302 1982 2396 2035 καὶ
2433 1979 2502 2031 τά
2542 1977 2695 2030 κάτω
2740 1975 3184 2045 φρονήσαντες,
3233 1968 3340 2028 εἰς
3380 1965 3482 2018 τὸν
3513 1961 3740 2056 ἀλλαχοῦ

2083 2055 2278 2125 λάκκον
2307 2067 2686 2137 ὠνομασμένον
2717 2061 3139 2132 καταχθέντες,
3173 2061 3237 2111 ἐν
3268 2059 3417 2119 ’τοῖς
3451 2055 3745 2108 κατειπάτω

2083 2164 2181 2234 τῆς
2222 2163 2323 2231 γῆς
2368 2158 2694 2211 ἐλεύσονται.
2739 2154 2898 2216 Τέως
2941 2152 3052 2222 μὲν
3089 2150 3211 2220 γὰρ
3245 2149 3392 2211 τεᾶς
3425 2145 3747 2218 ἄνθρωπος,

2084 2256 2181 2324 τὴν
2207 2252 2519 2321 ἐπιφάνειαν
2545 2248 2710 2300 οἰκῶν
2737 2246 2840 2316 τῆς
2871 2245 2991 2314 γῆς
3013 2283 3030 2308 ,
3073 2243 3154 2296 τὰ
3180 2243 3376 2296 κάς-ω
3420 2241 3567 2312 μόνα
3591 2241 3751 2292 οἰκεῖν

2085 2345 2295 2412 λέγεται
2323 2340 2462 2395 κατὰ
2489 2340 2578 2392 τὸν
2630 2338 2887 2407 φήσαντα
2916 2352 2930 2365 ·
2975 2352 2998 2386 ι
3039 2336 3180 2388 ’Ότι
3208 2335 3240 2386 6
3267 2331 3450 2396 Θεὸς
3474 2333 3537 2386 ἐν
3566 2330 3646 2402 τῷ
3673 2331 3752 2384 οὑ-

2089 2433 2231 2505 ρανῷ
2271 2433 2380 2486 ἄνω
2407 2470 2420 2494 ,
2465 2431 2558 2482 καὶ
2601 2429 2665 2480 σὺ
2699 2429 2758 2479 ἐν
2787 2429 2859 2496 τῇ
2908 2429 2987 2495 γῇ
3032 2425 3228 2478 κάτω.
3270 2444 3292 2477 ι
3355 2424 3524 2478 Μετὰ
3562 2425 3622 2476 δὲ
3661 2423 3749 2493 τὴν

2087 2523 2291 2576 ἐνθένδε
2322 2518 2657 2588 ἀπαλλαγὴν,
2685 2519 2735 2570 οἱ
2767 2518 2870 2587 μὲν
2908 2517 3214 2586 θεοφιλεῖς
3241 2514 3516 2586 οὖρανδν
3549 2515 3752 2582 ἕξουσιν

2087 2615 2389 2685 οἰκητήριον
2408 2653 2422 2675 ,
2465 2615 2544 2674 εἰς
2571 2611 2642 2663 τὰ
2665 2610 2926 2682 ἀνώτερα
2968 2610 3499 2682 μετεωρισθέντες
3532 2611 3627 2663 καὶ
3656 2610 3744 2680 ἀρ-

2089 2705 2449 2775 παγησόμενοι
2485 2703 2542 2754 ἐν
2570 2701 2824 2770 νεφέλαις
2863 2702 2952 2764 εἰς
2985 2702 3296 2771 ἀπάντησι
3316 2720 3348 2754 ν
3383 2700 3491 2754 τοῦ
3523 2700 3737 2771 Κυρίου,

2089 2797 2226 2849 οὕτω
2249 2813 2306 2848 τε
2333 2795 2559 2847 πάντοτε
2599 2793 2695 2844 σὺν
2736 2792 2943 2864 Κυρίῳ
2979 2794 3291 2864 ἐσόμενον
3339 2797 3392 2847 οἱ
3441 2795 3494 2848 δ’
3529 2795 3733 2854 ἀσεϐεῖς

2091 2889 2181 2941 καὶ
2211 2883 2518 2955 ἁμαρτωλοὶ
2542 2883 2622 2946 εἱς
2649 2883 2718 2936 τά
2746 2883 3071 2938 κατώτατα
3101 2887 3212 2956 τῆς
3235 2885 3350 2954 γῆς
3385 2885 3720 2956 καταϐήσον-

2090 2995 2208 3032 ται·
2250 2971 2322 3029 ὧν
2354 2974 2701 3046 μεμνημένος
2741 2975 2769 3025 6
2823 2975 3185 3039 Ἀπόστολος
3221 2976 3420 3044 ἔλεγεν
3441 2993 3456 3007 ·
3493 2995 3512 3027 ι
3541 2977 3634 3038 Εἰς
3658 2975 3718 3026 τὰ

457 3062 540 3110 tes
573 3064 728 3107 terra:
758 3055 846 3122 qui
875 3053 1171 3113 descendit,
1210 3052 1323 3120 ipse
1353 3059 1433 3106 est
1477 3053 1576 3122 qui.
1609 3051 1850 3107 ascendit
1891 3068 1965 3107 su-

2208 3065 2362 3134 ὺτερα
2388 3063 2487 3132 τῆς
2511 3062 2614 3129 γῆς
2638 3064 2666 3114 ὁ
2694 3063 2957 3126 καταϐὰς
2979 3103 2996 3128 ,
3045 3065 3223 3130 αὑτός
3251 3067 3412 3119 ἐστιν
3448 3067 3480 3118 6
3523 3063 3716 3126 ἀναϐὰς

456 3160 552 3213 per
585 3158 770 3197 omnes
801 3143 988 3204 ccelos,
1031 3150 1089 3194 ut
1133 3141 1378 3208 impleret
1425 3143 1603 3194 omnia
1624 3142 1720 3194 ⁸³.»
1779 3140 1984 3195 Etenim

460 3234 714 3288 Servator
737 3244 788 3288 et
821 3234 1075 3286 Dominus
1104 3240 1285 3286 uoster
1318 3248 1488 3302 usque
1521 3233 1585 3286 ad
1621 3233 1800 3286 inﬁma
1831 3239 1988 3286 terrae

458 3325 756 3388 descendit,
789 3333 851 3378 ut
886 3324 1106 3378 salutari
1142 3324 1338 3378 virtute
1371 3325 1612 3392 impleret
1643 3323 1842 3378 omnia.
1875 3323 1986 3378 Hoc

459 3417 635 3485 ipsum
677 3413 812 3469 Joho
869 3415 1139 3483 signiﬁcat
1189 3414 1277 3468 ille
1329 3414 1419 3482 qui
1468 3412 1724 3466 Dominus
1767 3423 1986 3467 vocatur

459 3507 694 3560 dicens:
736 3505 984 3560 «Venisti
1029 3515 1202 3558 autem
1258 3505 1313 3558 in
1364 3504 1560 3558 fontem
1606 3506 1789 3568 maris,
1843 3512 1896 3559 et
1932 3505 1986 3558 in

460 3598 701 3666 vestigiis
747 3597 924 3667 abyssi
958 3596 1266 3649 ambulasti.
1315 3596 1646 3664 Aperiuntur
1682 3605 1856 3652 autem
1890 3597 1989 3651 tibi

463 3688 656 3742 timore
699 3695 865 3754 portae
910 3687 1132 3738 mortis:
1175 3685 1384 3738 ostiarii
1440 3685 1633 3740 inferni
1665 3687 1906 3741 videntes
1939 3698 1990 3742 te

465 3776 740 3828 conterriti
799 3782 924 3827 sunt
947 3776 1011 3828 “.
1046 3795 1064 3826 ι
1103 3773 1203 3828 Sed
1241 3776 1326 3828 ille
1373 3775 1584 3843 quidem
1640 3777 1706 3830 ad
1755 3793 1847 3832 eos
1901 3780 1989 3847 qui

465 3864 586 3918 istic
638 3865 948 3917 habitabant
1001 3865 1296 3930 descendit,
1349 3876 1407 3920 ut
1457 3869 1664 3921 animas
1713 3868 1988 3936 justorum

465 3951 660 4006 ibidem
689 3954 893 4020 jamdiu
947 3953 1190 4008 detentas
1239 3955 1486 4008 libertate
1533 3955 1777 4012 donaret.
1835 3957 1988 4026 lmpii

463 4057 593 4094 vero
624 4043 674 4094 in
711 4042 966 4096 inferiora
1006 4050 1160 4096 terrae
1202 4043 1416 4111 dejecti,
1463 4044 1744 4099 tradentur
1787 4048 1840 4100 in
1879 4063 1988 4100 ma-

465 4147 567 4185 nus
599 4131 782 4200 gladii.
829 4132 922 4185 Est
951 4133 1090 4186 enim
1129 4133 1322 4186 ibidem
1347 4133 1554 4202 gladius
1587 4135 1802 4203 quidam
1848 4152 1992 4190 mor-

463 4222 556 4281 tis,
588 4237 743 4288 qmm
789 4220 1040 4274 Servator
1093 4222 1144 4274 in
1199 4238 1290 4274 xxi
1341 4223 1545 4290 psalmo
1593 4235 1855 4279 memorat
1906 4227 1990 4282 his

463 4309 673 4362 verbis:
714 4327 731 4357 ι
767 4308 903 4361 Erue
931 4324 958 4359 a
997 4308 1215 4371 framea,
1250 4307 1410 4372 Deus,
1447 4311 1677 4364 animam
1712 4327 1906 4376 meam,
1939 4320 1992 4368 et

2087 3158 2334 3228 ὑπεράνω
2377 3154 2591 3206 πάντων
2634 3152 2743 3204 τῶν
2785 3153 3098 3222 οὐρανῶν,
3168 3157 3260 3208 ἵνα
3315 3156 3596 3228 πληρώσῃ
3654 3155 3712 3206 τὰ

2089 3249 2277 3302 πάντα.
2313 3264 2331 3296 ι
2381 3244 2490 3297 Καὶ
2537 3241 2698 3312 μέχρι
2731 3241 2846 3312 γὰρ
2890 3243 3014 3296 τῶν
3059 3247 3388 3300 κατωτάτω
3420 3247 3527 3313 τῆς
3558 3247 3657 3314 γῆς
3691 3247 3714 3296 ὁ

2088 3339 2274 3408 Σωτὴρ
2298 3337 2390 3389 καὶ
2420 3333 2626 3405 Κύριος
2657 3333 2818 3403 ἡμῶν
2857 3337 3295 3408 καταϐέϐηκεν,
3340 3339 3436 3391 ἵνα
3462 3337 3708 3409 πληρώσῃ

2087 3430 2155 3482 τὰ
2194 3429 2370 3480 πάντα
2413 3426 2511 3495 τῆς
2545 3424 2820 3494 σωτηρίου
2853 3424 3190 3497 δυνάμεως.
3223 3429 3410 3483 Τοῦτο
3439 3430 3497 3482 δὲ
3529 3430 3617 3481 καὶ
3645 3427 3710 3495 τῷ

2099 3518 2218 3572 Ἰὼϐ
2261 3515 2510 3588 σημαίνει
2549 3517 2578 3567 6
2623 3515 2997 3584 χρηματίζων
3042 3519 3267 3590 Κύριος
3313 3523 3376 3574 ἐν
3403 3517 3490 3584 οἷς
3527 3533 3699 3589 φησιν·

2095 3630 2113 3661 ι
2142 3606 2342 3671 Ἦλθες
2370 3607 2427 3660 δὲ
2461 3607 2552 3658 ἐπὶ
2583 3607 2690 3674 γῆν
2710 3606 2727 3636 ¹
2759 3605 3084 3677 θαλάσσης,
3119 3612 3184 3661 ἐν
3217 3611 3278 3664 δέ
3321 3611 3534 3680 ἴχνεσιν
3561 3606 3704 3661 ἀϐύσο

2089 3717 2179 3753 σου
2223 3696 2648 3767 περιεπάτησας.
2704 3695 3064 3763 Ἀνοίγονται
3108 3699 3170 3752 δέ
3223 3716 3311 3752 σοι
3355 3700 3514 3770 φόϐῳ
3559 3696 3698 3751 πύλαι

2088 3787 2346 3839 θανάτου’
2409 3783 2648 3853 πυλωροὶ
2688 3781 2746 3834 δὲ
2803 3784 2940 3854 ᾇδου
2998 3788 3219 3853 ἰδόντες
3274 3807 3342 3842 σε
3395 3790 3650 3859 ἔπτηξαν,
3679 3804 3695 3834 ι

2101 3876 2234 3928 Ἀλλ’
2257 3877 2284 3927 ὁ
2315 3875 2411 3944 μὲν
2435 3875 2526 3926 κει.)⁵
2562 3873 2725 3943 μέχρι
2753 3874 2866 3927 τῶν
2901 3877 3032 3930 ἐκεῖ
3062 3881 3491 3952 καταϐέϐηκεν,
3517 3881 3598 3932 ἵνα
3615 3879 3697 3937 τὰς

2088 3967 2251 4019 πάλαι
2279 3964 2386 4016 τῶν
2416 3964 2585 4031 ἁγίων
2620 3963 2812 4016 αὐτόθι
2845 3970 3244 4039 συνεχομένας
3283 3972 3476 4042 ψυχὰς
3511 3967 3697 4022 ἐλευθε-

2094 4057 2210 4128 ρίας
2237 4053 2440 4124 ἀξιώσῃ
2457 4071 2470 4083 ·
2499 4055 2548 4106 οἱ
2572 4053 2627 4105 δέ
2647 4054 2894 4118 ἀσεϐεῖς,
2929 4059 3019 4120 εἰς
3049 4061 3126 4113 τὰ
3152 4064 3462 4115 κατώτατα
3493 4061 3587 4130 τῆς
3606 4058 3692 4126 γῆς

2088 4143 2522 4214 κατενεχθέντες,
2546 4144 3038 4215 παραδοθήσονται
3065 4153 3154 4214 εἰς
3186 4155 3396 4224 χεῖρας
3423 4151 3688 4224 ῥομφαίας.

2094 4235 2244 4286 Ἔστι
2285 4232 2394 4301 γάρ
2439 4249 2521 4295 τις
2574 4234 2692 4286 ἐκεῖ
2745 4236 3006 4307 ῥομφαία
3043 4240 3333 4307 θανάτου,
3369 4239 3442 4316 ἦς
3467 4247 3494 4296 ὁ
3524 4242 3690 4309 Σωτὴρ

2093 4322 2440 4394 μνημονεύων
2472 4324 2532 4374 ἐν
2564 4331 2649 4375 κα⁹
2684 4324 2894 4396 ψαλμῷ
2927 4328 3099 4399 ἔλεγε
3121 4350 3134 4363 ·
3180 4353 3198 4385 ι
3225 4336 3427 4389 Ῥὖσαι
3450 4335 3553 4389 ἀπὸ
3575 4337 3690 4406 ῥομ-

463 4399 528 4451 de
556 4413 714 4450 manu
755 4399 905 4452 cauis
953 4399 1164 4451 unicam
1215 4413 1406 4454 meam.
1463 4398 1618 4453 Salva
1653 4417 1735 4454 me
1781 4417 1846 4454 ex
1893 4417 1971 4456 οτι

2182 4414 2249 4474 ξας
2272 4411 2367 4482 τὴν
2399 4411 2577 4482 ψυχήν
2609 4431 2734 4484 μου,
2771 4419 2868 4470 καὶ
2903 4421 2973 4472 ἐκ
3002 4424 3209 4494 χειρὸς
3241 4428 3410 4490 κυνὸς
3434 4428 3531 4497 τὴν
3560 4398 3690 4492 ροᾆο-

379 4490 390 4508 ‘
465 4487 663 4546 leonis,
726 4495 778 4539 et
843 4503 869 4540 a
924 4488 1178 4540 cornibus
1224 4489 1566 4541 unicornium
1634 4490 1988 4545 humilitatem

465 4589 635 4628 meam
654 4577 720 4628 °'.
755 4595 771 4626 ι
811 4575 932 4629 llaec
961 4587 1135 4629 autem
1166 4577 1345 4630 omnia
1377 4577 1441 4631 de
1469 4578 1796 4634 adversariis
1841 4591 1992 4649 pote-

465 4665 693 4718 statibus
733 4665 872 4718 dicta
902 4675 1065 4727 (smul.
1116 4665 1234 4719 Non
1283 4666 1427 4721 enim
1484 4669 1537 4721 in
1595 4685 1785 4722 manus
1826 4672 1986 4739 gladii

464 4762 670 4807 tantum
706 4755 942 4821 priedicti
972 4756 1216 4810 homines
1239 4757 1535 4821 tradentur,
1573 4759 1666 4813 sed
1696 4761 1855 4813 etiam
1883 4761 1987 4815 huc

464 4841 590 4892 illuc
630 4839 996 4892 distrahentur
1034 4857 1063 4894 a
1100 4845 1254 4898 saevis
1283 4846 1604 4914 quibusdam
1648 4848 1992 4918 versutisque

464 4932 763 4999 spiritibus,
794 4931 884 4996 qui
928 4934 1110 5001 vulpes
1147 4937 1233 4990 hic
1279 4947 1676 5007 nuncupantur,
1725 4943 1850 5009 quia
1910 4941 1993 4996 fo-

465 5036 589 5074 veas
619 5019 868 5080 subeunt,
908 5029 960 5073 et
1012 5025 1063 5076 in
1113 5026 1310 5082 inﬁmis
1352 5030 1716 5096 penetralibus
1768 5031 1988 5085 latibula

461 5110 684 5162 habent.
746 5107 836 5162 lla:
866 5111 1044 5181 itaque
1083 5119 1272 5188 vulpes
1301 5120 1584 5188 impiorum
1620 5121 1826 5176 animas
1849 5123 1990 5176 istuc

463 5200 734 5266 delapsas.
769 5209 824 5252 ut
855 5203 1084 5260 oblatam
1118 5209 1372 5277 praedam,
1404 5212 1825 5278 comprehensas
1854 5213 1990 5266 diri-

465 5289 617 5354 piunt
661 5297 818 5358 alque
867 5293 1004 5348 inter
1049 5315 1106 5353 se
1153 5301 1416 5356 dividunt.
1491 5301 1631 5356 Sane
1673 5303 1829 5356 talem
1879 5303 1991 5359 fore

467 5375 749 5443 impiorum
786 5381 938 5437 ﬁnem
977 5383 1207 5454 Spiritus
1252 5398 1472 5444 sanctus
1520 5390 1863 5446 vaticinatur.
1919 5391 1990 5445 De

537 5515 581 5546 "
619 5515 770 5574 Deut.
806 5538 876 5582 iv,
912 5523 997 5577 39.
1072 5527 1116 5557 ⁸⁸
1155 5527 1347 5597 Ephes.
1381 5545 1454 5617 tv,
1491 5530 1574 5585 i0.
1650 5515 1827 5585 "'Job
1863 5549 2042 5590 sum

842 5538 876 5582 π,
912 5523 997 5577 59.
1072 5527 1116 5557 ⁸⁸
1155 5527 1347 5597 Ephes.
1381 5545 1454 5617 tv,
1491 5530 1574 5585 i0.
1650 5515 1827 5585 "'Job
1863 5549 2062 5590 xxxvm
2086 5576 2100 5600 ,
2136 5538 2226 5603 16,
2263 5544 2350 5598 17.

537 5630 613 5700 (1)
643 5631 696 5685 ltt
723 5633 926 5703 Bibliis,
962 5642 1157 5709 πηγήν.

2094 4500 2222 4568 γενῆ
2273 4517 2402 4570 μου’
2434 4503 2607 4556 σῶσόν
2644 4523 2712 4574 με
2747 4508 2814 4560 ὲκ
2849 4509 3140 4580 στόματος
3181 4515 3427 4577 λέοντος
3451 4555 3466 4576 ,
3498 4514 3591 4564 κώ,
3619 4509 3710 4560 iub

2094 4591 2334 4660 κεράτων
2367 4594 2757 4663 μονοκερώτων
2803 4597 2904 4668 τὴν
2929 4605 3300 4664 ταπείνωσίν
3340 4620 3492 4686 μου.
3520 4620 3541 4650 ι
3566 4598 3728 4650 Tuba:

2092 4681 2147 4732 δέ
2178 4681 2353 4733 πάντα
2397 4683 2524 4752 περὶ
2569 4685 2977 4758 ἀντικειμένων
3007 4681 3363 4768 δυνάμεων⁷
3421 4690 3648 4756 ἐλέγετο.
3679 4681 3738 4732 Dii

2097 4770 2252 4863 μόνον
2401 4774 2480 4836 εἰς
2531 4778 2724 4846 χεῖρας
2787 4783 3072 4850 ῥομφαίας
3132 4780 3676 4863 παραδρθὴσονται
3717 4769 3757 4820 οἱ

2091 4859 2492 4930 προλεχθέντες,
2515 4865 2652 4919 ἀλλά
2675 4871 2775 4922 καὶ
2805 4859 3375 4950 διασπασθήσονται
3455 4863 3556 4921 ὦδε
3578 4864 3768 4918 *διεῖπε

2090 4950 2499 5021 περιελκόμενοι
2523 4957 2630 5010 ὑπὸ
2653 4959 2850 5017 δεινῶν
2875 4982 3045 5020 τινων
3076 4973 3185 5025 καὶ
3211 4961 3484 5037 navo/‘3
3495 4975 3630 5030 ργων
3650 4968 3782 5006 “’3‘”

2094 5043 2295 5144 μάτων,
2331 5043 2438 5144 ᾳοθς
2471 5047 2768 5118 ἀλώπεκας
2801 5056 3073 5129 ὀνομάζει
3108 5065 3139 5116 ὁ
3182 5076 3378 5144 παρὰ)
3441 5052 3662 5124 “bl/’0"!
3693 5042 3770 5101 id

2094 5129 2608 5236 :cb'xataisfuxévat
2645 5143 2744 5196 καὶ
2794 5151 2910 5211 τοῖς
2945 5129 3304 5216 κατωτάτω.
3321 5156 3538 5236 μνηθῶ
3551 5152 3712 5227 {apt/1'

2094 5220 2286 5329 λεύειν.
2325 5220 2490 5281 Οὗτοι
2520 5230 2564 5283 δ’
2599 5229 2695 5287 οὖν
2731 5239 2786 5290 οἱ
2820 5240 3117 5310 ἀλώπεκες
3151 5220 3349 5329 ὥσπερ
3380 5220 3583 5326 εύρεμα
3608 5247 3688 5304 τὰς

2095 5313 2206 5404 ἐκει
2265 5325 2726 5404 καταπιπτούσας
2779 5331 2963 5404 ψυχὰς
3018 5339 3134 5391 τῶν
3201 5313 3413 5402 ἀσεύῶν
3451 5313 3690 5397 ’λαϐόντες

2093 5399 2529 5476 διαρπάζουσιν,
2573 5417 2654 5481 εὶς
2699 5399 2936 5490 ἑαυτούς
2971 5429 3148 5494 αὑτὰς
3205 5399 3556 5511 μεριῶμενοι.
3593 5422 3688 5481 Καὶ

2433 5553 2484 5588 ’⁵
2519 5557 2671 5618 Psal.
2710 5581 2833 5635 XXI,
2857 5570 2954 5635 2!,
2979 5571 3048 5626 ‘22
