3818 6372
204 334 333 393 613

1433 337 1916 397 COMMENTARIA
1956 340 2016 393 IN
2054 333 2384 398 PSALMOS.

3352 346 3454 402 6N

197 445 334 504 τῶν
377 445 487 516 μὲν
513 448 740 503 ἀσεϐῶν
768 455 1016 508 τοιοῦτον
1050 456 1260 510 ἔσεσθαι
1291 457 1349 510 τὸ
1376 459 1522 519 τέλος
1535 456 1594 508 τὸ
1615 454 1808 524 Πνεῦμι

1929 455 2078 523 justo
2106 465 2303 520 autem,
2338 459 2428 527 qui
2473 473 2635 527 supra
2687 469 2976 514 memorata
3003 461 3256 530 ιιι-ποιοῖο
3291 477 3452 532 opera

178 542 250 598 τὸ
289 537 493 604 ἅγιον
523 537 803 603 θεσπίζει.
836 546 982 615 ,Περὶ
1015 545 1069 598 δὲ
1097 547 1188 598 τοῦ
1239 547 1440 599 δικαίου
1466 545 1558 598 τοῦ
1603 545 1670 596 τὰ
1704 561 1833 614 προ-

164 627 509 708 λεγὶέὶέντα
535 633 982 701 κατωρθωκότος
1017 638 1256 707 ἐπιφέρει
1285 637 1466 704 λέγον·
1510 654 1527 685 ι
1569 637 1624 687 '0
1656 635 1710 686 δέ
1743 635 1832 703 βα-

191 721 438 783 uvae-vste;
486 719 936 792 εὐφρανθήσεται
983 727 1073 777 ἐπὶ
1121 726 1195 794 τῷ
1235 726 1381 794 Θεῷ·
1432 724 1829 793 ἐπαινεθήσεται

211 817 352 876 πᾶς’
397 813 423 863 ὁ
447 811 666 880 ὀμνύων
695 815 754 863 ὲν
781 814 931 882 αὐτῷ
953 832 966 845 ·
998 816 1077 866 ὅτι
1125 817 1391 886 ἐνεφράγη
1424 817 1590 884 στόμα
1614 814 1825 866 λαλούν-

214 922 354 956 των
403 902 584 955 ἄδικα.
617 921 635 952 ι
670 903 888 973 Σφόδρα
922 905 1232 974 παραδόξως
1269 906 1495 958 ἐνταῦθα
1526 906 1586 956 τὸ
1617 904 1706 956 τοῦ
1738 903 1830 972 βα-

227 992 456 1053 σιλέως
503 991 755 1060 εἰσῆκται
787 993 986 1062 δνομα·
1019 994 1176 1046 Δαυῒδ
1224 996 1316 1062 μέν
1348 993 1454 1063 γὰρ
1501 993 1709 1061 φεύγων
1741 992 1828 1044 τὸν

221 1081 458 1142 Σαοὺλ,
490 1081 586 1132 καὶ
617 1081 719 1151 τὴν
760 1081 964 1151 ἔρημον
988 1084 1084 1151 τῆς
1117 1084 1370 1144 Ἰουδαίας
1405 1083 1564 1135 οἰκῶν
1591 1082 1708 1134 καθ’
1738 1081 1828 1144 οὓς

219 1171 436 1223 ταῦτα
469 1171 623 1237 ἔλεγε
657 1171 904 1242 χρόνους,
939 1173 1223 1233 δείκνυται,
1257 1174 1315 1224 οὺ
1352 1173 1456 1242 μὴν
1484 1174 1580 1241 ήδη
1611 1189 1709 1224 που
1745 1171 1827 1239 βα-

229 1260 492 1313 σιλεύων
513 1277 526 1290 ·
553 1261 728 1314 Σαοὺλ
754 1261 832 1322 δὲ,
861 1260 1076 1329 κρατῶν
1103 1261 1194 1312 τοῦ
1218 1261 1418 1323 ἔθνους,
1439 1261 1536 1328 τῆς
1559 1260 1826 1328 βασιλείας

233 1353 468 1420 ἡγεῖτο.
515 1351 681 1412 Ποῖος
731 1347 823 1402 οὖν
869 1349 1117 1417 βασιλεὺς
1157 1350 1582 1420 εὐφρανθήσεται
1631 1350 1719 1400 ἐπὶ
1749 1347 1825 1417 τῷ

237 1440 413 1509 Θεῷς
446 1439 588 1492 Ἀλλ’
626 1441 744 1510 ἐρεί⁹
786 1455 869 1500 τις
917 1440 1053 1490 κατὰ
1095 1440 1392 1508 πρόγνωσιν
1422 1438 1512 1489 τοῦ
1552 1437 1824 1506 μέλλοντος

237 1528 424 1580 αὑτὸν
453 1527 817 1597 σημαίνεσθαι
845 1528 931 1579 τὸν
963 1528 1119 1579 Δαυῖδ
1139 1546 1150 1557 ·
1185 1527 1378 1597 ἤμελλε
1401 1527 1506 1597 γὰρ
1529 1528 1646 1579 ὅσον
1676 1525 1823 1576 οῦπω

235 1617 689 1686 τελευτήσαντος
721 1617 810 1668 τοῦ
847 1617 1013 1669 Σαοὺλ
1074 1616 1366 1684 βασιλεύειν
1393 1617 1568 1678 αὐτός.
1606 1617 1822 1684 Ἕτερος

236 1703 310 1755 δέ
374 1721 500 1772 φησι
548 1706 647 1756 καὶ
683 1707 793 1755 τότ’
840 1704 940 1772 ἥδη
994 1703 1213 1772 βασιλέα
1247 1701 1382 1757 εἶναι
1415 1706 1603 1756 αὐτόν·
1640 1704 1819 1772 ἐπειδὴ

239 1795 516 1861 κέχριστο
551 1794 660 1844 ὑπὸ
686 1793 778 1844 τοῦ
815 1793 1061 1862 Σαμουὴλ
1085 1796 1164 1856 εἰς
1200 1793 1438 1862 βασιλέα,
1465 1795 1554 1846 καὶ
1581 1795 1723 1864 παρὰ
1745 1793 1819 1862 τῷ
1852 1773 1890 1824 Β

235 1880 380 1951 Θεῷ
417 1881 700 1948 λελόγιστο
733 1881 830 1950 ἤδη
872 1881 1118 1949 βασιλεύς
1141 1898 1153 1910 ·
1185 1883 1242 1932 ού
1279 1882 1383 1952 μὴν
1411 1881 1539 1933 ἀλλὰ
1577 1884 1667 1934 καὶ
1696 1883 1820 1933 ἐϐα-

239 1970 433 2022 σίλευε
470 1971 570 2023 τοῦ
603 1971 854 2032 συνόντος
891 1971 1034 2041 αὐτῷ
1089 1971 1316 2042 πλήθους
1338 2010 1352 2034 ,
1394 1966 1452 2024 οῦ
1495 1971 1754 2040 μέμνηται
1789 1973 1819 2040 ή

241 2059 493 2129 ἱστορία.
531 2059 692 2110 Ἐπεὶ
715 2059 891 2110 τοίνυν
922 2057 982 2110 τὸ
1013 2058 1159 2120 τέλος
1190 2057 1293 2109 τῶν
1319 2057 1638 2110 ἐλαυνόντων
1665 2058 1820 2110 αὑτὸν

236 2148 604 2217 παρέστησεν
630 2149 658 2198 ό
686 2148 861 2214 λόγος,
890 2146 1107 2208 εἰκότως
1136 2147 1226 2198 καὶ
1256 2145 1414 2198 αὑτοῦ
1435 2145 1506 2205 ὼς
1533 2145 1595 2197 ἂν
1626 2145 1820 2215 πολλὴν

236 2240 640 2309 ὲνδειξαμένου
680 2237 961 2307 προκοπὴν
990 2236 1057 2288 τὰ
1086 2235 1212 2304 τέλη
1256 2235 1362 2286 τῶν
1407 2236 1577 2288 πόνων
1615 2251 1820 2304 προφη-

232 2331 490 2383 τεύεται.
522 2329 618 2381 Διὸ
650 2327 867 2394 λέγεται
887 2343 900 2357 ο
926 2345 943 2376 ι
968 2327 1022 2378 '0
1049 2326 1104 2377 δὲ
1138 2324 1381 2394 βασιλεὺς
1406 2325 1818 2395 εὐφρανθήσεται

236 2421 348 2473 ἐπὶ
371 2420 448 2490 τῷ
633 2438 652 2468 ι
683 2418 772 2479 Ὠς
793 2418 899 2486 γὰρ
923 2417 1160 2483 γενναῖος
1185 2415 1276 2466 τοῦ
1298 2414 1428 2466 Θεοῦ
1454 2413 1700 2484 ἀθλητής,
1725 2433 1818 2483 με-

233 2512 450 2578 γάλους
494 2508 718 2577 ἀγῶνας
766 2506 1073 2570 διεξελθὼν,
1115 2505 1378 2576 βραδείων
1420 2521 1477 2556 τε
1522 2505 1614 2556 καὶ
1664 2504 1817 2558 θείων

237 2601 531 2670 στεφάνων
563 2597 999 2667 κατηξιωμένος,
1029 2594 1356 2666 εὐφροσύνης
1389 2593 1680 2647 ἀπολαύσει
1719 2596 1816 2663 τῆς

234 2693 381 2762 παρ’
415 2691 570 2760 αὐτῷ
599 2689 680 2759 τῷ
713 2686 1038 2756 ἁγωνοθέτῃ.
1069 2687 1271 2756 Ὥσπερ
1302 2684 1407 2754 γὰρ
1437 2688 1484 2738 οἱ
1509 2685 1688 2757 ἐχθροὶ
1718 2686 1812 2736 αύ-

233 2781 343 2833 τοῦ
371 2782 527 2843 τέλος
551 2781 657 2831 οὐκ
685 2778 858 2831 αἶσιον
884 2776 1179 2845 εἰλήφασιν,
1211 2777 1287 2838 είς
1318 2775 1384 2827 τὰ
1418 2775 1699 2827 κατώτατα
1720 2774 1816 2843 τῆς

232 2873 350 2942 γῆς
384 2871 758 2932 εἰσελθόντες,
793 2868 884 2919 καὶ
936 2865 1324 2936 παραδοθέντες
1355 2867 1431 2927 εἰς
1461 2868 1644 2935 χεῖρας
1688 2866 1816 2933 ῥομ-

235 2963 447 3028 φαίας,
499 2959 720 3029 μερίδες
750 2973 809 3008 τε
862 2955 1153 3008 ἀλωπέκων
1197 2954 1500 3024 γενόμενοι·
1547 2952 1582 3005 ἃ
1623 2952 1684 3021 δὴ
1725 2951 1815 3003 καὶ

233 3049 556 3120 ἐπληροῦτο
599 3048 736 3118 πρὸς
765 3046 906 3110 λέξιν
945 3045 1083 3098 κατὰ
1120 3045 1213 3114 τὴν
1257 3044 1519 3114 ἱστορίαν,
1553 3043 1810 3111 ὁπηνίκα,
1840 3082 1880 3136 C

233 3137 467 3204 φεύγων
492 3138 521 3188 ὁ
552 3133 728 3186 Σαοὺλ
755 3136 877 3195 τοὺς
907 3132 1208 3202 πολεμίους,
1234 3131 1612 3202 ὲκρυπτάζετο,
1637 3131 1808 3200 ζητῶν

229 3244 298 3279 τε
333 3227 489 3296 παρὰ
515 3225 614 3278 τοῦ
649 3224 782 3276 Θεοῦ
819 3223 1082 3293 βοήθειαν,
1111 3223 1206 3290 οὐχ
1249 3222 1493 3288 εὕρισκεν
1515 3239 1526 3250 ·
1558 3221 1667 3273 ἀλλ’
1693 3222 1808 3274 οὐδὲ

228 3319 604 3387 ἀποκρίσεως
637 3315 787 3376 θείας
816 3313 1053 3381 ἠξιοῦτοσ
1080 3313 1152 3374 ὡς
1177 3311 1263 3363 διὰ
1296 3311 1433 3363 τοῦτ’
1464 3311 1629 3363 ἐλθεῖν
1652 3312 1809 3364 αὐτὸν

226 3409 336 3459 ἐπὶ
366 3409 469 3477 τήν
492 3403 949 3474 ὲγγαστρίμυθον,
975 3403 1064 3454 καὶ
1091 3401 1551 3471 πολυπραγμονεῖν
1581 3401 1646 3452 τὰ
1671 3402 1808 3470 ἁπη-

223 3497 560 3566 γορευμένα
592 3494 698 3546 ὑπὸ
725 3492 820 3545 τοῦ
852 3493 1006 3544 Θεοῦ.
1031 3493 1160 3544 Τότε
1192 3490 1318 3557 γοῦν
1352 3490 1561 3559 ἀληθῶς
1597 3492 1808 3560 μερίδες

221 3589 552 3640 ἀλωπέκων
592 3585 876 3652 γεγόνασιν
908 3583 1063 3646 αὑτός
1097 3600 1152 3634 τε
1197 3581 1288 3634 καὶ
1325 3583 1372 3632 οἱ
1398 3581 1491 3632 σὺν
1522 3581 1684 3649 αὐτῷ.
1719 3581 1806 3633 Διό

224 3679 337 3730 καὶ
374 3673 831 3742 καταλειφθέντες
858 3673 959 3724 ὑπὸ
987 3672 1076 3724 τοῦ
1110 3671 1241 3723 Θεοῦ
1267 3710 1280 3734 ,
1309 3675 1372 3740 τῇ
1398 3671 1503 3723 τῶν
1543 3671 1805 3739 πολεμίων

223 3767 499 3836 ῥομφαία
522 3764 896 3836 παρεδόθησαν
915 3763 1163 3824 πεσόντες
1184 3763 1240 3813 ἐν
1261 3761 1336 3831 τῷ
1362 3761 1804 3832 πολέμῳ.”Ωσπερ

223 3853 332 3909 οὖν
365 3855 546 3907 ταῦτα
585 3853 811 3923 μηδέπω
841 3853 1102 3920 γενόμενα
1133 3851 1269 3903 κατὰ
1298 3851 1594 3920 πρόγνωσιν
1626 3851 1804 3919 εἴρητο

222 3945 516 4014 μέλλοντα
560 3942 777 3994 ἔσεσθαι
820 3945 928 4003 τοῖς
974 3942 1060 3993 τὸν
1105 3941 1262 3993 Δαυῒδ
1295 3940 1628 3993 ἐλαύνουσινο
1667 3940 1803 3992 οὕτω

215 4035 330 4085 καὶ
362 4031 516 4102 αύτῷ
542 4031 614 4082 τὰ
643 4029 791 4081 αἴσια
818 4027 941 4097 τέλη
964 4027 1024 4079 τὸ
1052 4027 1267 4096 Πνεῦμα
1289 4027 1346 4078 τὸ
1376 4027 1523 4092 ἆγιον
1548 4023 1801 4092 ἁνεφὼνει

213 4121 401 4188 λέγον
420 4137 433 4149 ·
471 4137 490 4168 ι
515 4119 574 4170 Ὀ
607 4117 665 4168 δὲ
696 4116 940 4185 βασιλεὺς
965 4114 1385 4184 εὐφρανθήσεται
1415 4113 1502 4164 ἐπὶ
1527 4111 1601 4180 τῷ
1619 4112 1750 4181 Θεῷ.
1777 4132 1795 4162 ι

230 4207 518 4269 Ἐλπίσας
553 4205 666 4274 γὰρ
707 4205 800 4255 ἐπὶ
848 4203 936 4255 τὸν
963 4204 1122 4266 Θεὸν,
1175 4206 1264 4256 καὶ
1310 4204 1406 4272 τὴν
1439 4202 1595 4254 αὑτοῦ
1627 4202 1799 4271 ψυχήν

215 4299 487 4362 συνάψας
516 4296 699 4364 αύτῷ,
728 4295 801 4356 ὡς
825 4295 992 4345 εἰπεῖν
1017 4332 1032 4355 ,
1073 4314 1090 4345 ι
1128 4294 1409 4364 Ἐκολλήθη
1523 4293 1662 4363 ψυχή
1699 4311 1797 4362 μου

1930 547 2114 613 edidit,
2169 549 2280 600 haec
2334 548 2646 618 subjungit:
2715 548 2868 602 «Rex
2922 567 3048 604 vero
3088 551 3351 605 laetabitur
3399 553 3451 605 in

1929 631 2076 686 Deo:
2119 634 2476 686 laudabuntur
2506 650 2696 688 omnes
2735 636 2826 704 qui
2863 637 3046 704 jnrant
3101 639 3152 690 in
3191 654 3275 701 eo,
3327 640 3454 707 quia

1927 723 2259 776 obstructum
2287 732 2368 775 est
2408 738 2469 776 os
2503 725 2830 792 loquentium
2881 726 3116 794 iniqua.)
3164 727 3352 780 Mirum
3397 729 3451 781 in

1929 813 2141 864 modum
2177 812 2267 865 hic
2297 815 2436 881 regis
2472 830 2663 866 nomen
2706 815 2982 867 inductum
3018 823 3135 869 est:
3188 819 3450 884 siquidem

1926 903 2091 956 David
2122 919 2264 962 cum.
2311 915 2368 958 ut
2392 907 2896 969 demonstravimus,
2935 923 3040 975 quo
3071 914 3309 976 tempore
3341 910 3452 962 haec

1925 992 2137 1046 dicebat
2181 1010 2208 1046 a
2251 993 2408 1048 Saule
2459 997 2683 1065 fugeret,
2721 998 3098 1064 desertumque
3140 995 3338 1050 Iudaeae
3368 997 3454 1050 in-

1924 1084 2140 1147 coleret,
2175 1087 2408 1138 nondum
2445 1103 2536 1139 rex
2571 1099 2687 1140 erat
2712 1129 2726 1152 ,
2777 1087 2870 1139 sed
2925 1085 3051 1140 Saul
3084 1087 3226 1154 genti
3276 1088 3446 1155 impe-

1922 1189 2050 1227 rans
2091 1190 2310 1241 regnum
2344 1176 2637 1229 obtinebat.
2672 1177 2803 1240 Quis
2829 1192 2952 1243 ergo
2983 1192 3072 1228 rex
3106 1177 3372 1228 laetabitur
3394 1176 3447 1228 in

1923 1260 2064 1312 Deo?
2123 1260 2224 1312 Sed
2273 1262 2411 1316 dicet
2466 1263 2750 1330 quispiam,
2801 1279 2862 1314 ex
2899 1253 3230 1330 praescienlia
3281 1261 3444 1315 futuri

1921 1354 2092 1419 ipsum
2125 1351 2373 1405 Davidem
2412 1354 2681 1407 indicare:
2713 1356 2860 1407 brevi
2891 1369 3137 1421 namque,
3167 1365 3285 1422 post
3312 1369 3451 1408 mor-

1921 1451 2023 1497 tem
2063 1442 2257 1506 Saulis,
2292 1453 2613 1511 regnaturus
2639 1445 2748 1511 ipse
2782 1453 2915 1497 erat.
2962 1443 3112 1496 Dicet
3143 1445 3303 1506 alius,
3334 1445 3446 1512 jam

1920 1539 2029 1584 tum
2066 1533 2315 1585 Davidem
2351 1534 2516 1586 fuisse
2557 1550 2756 1602 regem,
2798 1540 2981 1600 utpote
3032 1548 3060 1582 a
3098 1531 3348 1585 Samuele
3392 1533 3445 1585 in

1919 1639 2094 1691 regem
2130 1632 2370 1689 unctum,
2407 1633 2566 1692 atque
2592 1631 2648 1676 ut
2699 1625 2854 1676 talem
2895 1638 2923 1674 a
2960 1623 3067 1688 Deo
3101 1631 3443 1690 reputatum;

1921 1713 2027 1765 imo
2056 1715 2214 1766 etiam
2248 1722 2374 1765 tunc
2411 1715 2664 1781 temporis
2705 1728 2957 1781 regnasse
2996 1713 3046 1764 in
3083 1721 3292 1780 gentem
3327 1727 3446 1764 sese

1921 1802 2283 1864 comitantem,
2339 1802 2494 1868 cujus
2536 1801 2778 1853 meminit
2827 1801 3068 1852 historia.
3114 1798 3251 1862 Quia
3286 1799 3446 1866 igitur

1919 1891 2308 1960 insequentium
2340 1893 2512 1962 ipsum
2553 1892 2706 1944 linem
2742 1906 2918 1943 sermo
2949 1889 3237 1942 declaravit
3261 1931 3273 1953 ,
3307 1903 3440 1940 con-

1919 1989 2202 2050 sequenter
2244 1983 2414 2050 ipsius
2453 1997 2684 2050 quoque.
2739 1988 2922 2047 utpote
2977 1994 3168 2046 magno
3199 1977 3441 2046 profectu

1918 2071 2083 2127 aucti.
2117 2071 2358 2122 laborum
2402 2069 2558 2122 ﬁnem
2590 2068 2935 2120 vaticinatur.
2992 2066 3168 2130 Quare
3206 2065 3439 2118 dicitur:

1924 2179 1940 2209 ι
1972 2159 2082 2213 Rex
2113 2175 2238 2213 vero
2270 2159 2535 2212 laztabitur
2566 2159 2618 2209 in
2670 2157 2827 2209 Deo.»
2881 2155 3009 2207 Nam
3042 2163 3096 2206 ut
3146 2167 3442 2222 generosus

1918 2249 2008 2303 Dei
2040 2249 2257 2310 athleta,
2317 2248 2522 2317 magnis
2570 2239 2729 2300 editis
2771 2244 3174 2304 certaminibus,
3208 2242 3443 2310 praemiis

1916 2339 2216 2406 divinisque
2255 2339 2470 2391 coronis
2507 2337 2758 2398 donatus,
2791 2351 2874 2394 ea.
2911 2350 3029 2403 qua:
3061 2348 3221 2400 penes
3262 2331 3438 2398 ipsum

1917 2430 2286 2497 agonothctam
2331 2435 2433 2488 est,
2475 2427 2650 2480 laetitia
2686 2425 2915 2478 fruetur.
2983 2422 3051 2476 Ut
3101 2437 3130 2474 e
3180 2433 3443 2483 converso

1916 2519 2116 2571 inimici
2132 2518 2248 2585 ejus
2273 2532 2377 2569 non
2408 2517 2640 2570 faustum
2669 2515 2825 2567 linem
2856 2514 3222 2572 obtinuerunt,
3248 2510 3442 2578 quippe

1915 2607 2004 2675 qui
2031 2607 2083 2658 in
2114 2607 2368 2658 inferiora
2396 2614 2553 2658 terra:
2587 2604 2838 2670 ingressi,
2871 2611 2921 2654 et
2950 2600 3129 2652 traditi
3171 2599 3224 2651 in
3247 2611 3441 2649 manus

1914 2699 2093 2768 gladii,
2126 2706 2302 2767 partes
2353 2695 2587 2763 vulpium
2633 2694 2848 2746 fuerint.
2909 2691 3036 2755 Quae
3079 2689 3144 2740 ad
3203 2687 3439 2739 litteram

1914 2790 2127 2856 impleta
2156 2802 2275 2839 esse
2309 2786 2361 2837 in
2405 2783 2631 2836 historia
2680 2787 2952 2841 narratur,
2983 2777 3198 2847 quando
3239 2778 3305 2829 ab
3338 2775 3444 2828 ini-

1913 2877 2068 2929 micis
2114 2875 2320 2944 fugiens
2355 2871 2479 2926 Saul
2522 2872 2755 2923 latebras
2785 2867 3078 2937 qurerebat,
3115 2867 3444 2935 petitamquo

1913 2980 1942 3017 a
1967 2964 2071 3018 Deo
2125 2980 2276 3033 opem
2320 2979 2425 3017 non
2454 2962 2705 3022 obtinuit,
2741 2975 2913 3026 neque
2955 2959 3133 3010 divino
3185 2969 3444 3022 responso

1914 3055 2163 3122 dignatus
2191 3064 2310 3118 est;
2346 3056 2417 3107 ita
2467 3063 2524 3105 ut
2567 3052 2686 3104 ideo
2735 3047 3213 3119 engastrimytham
3246 3044 3438 3104 adiret,

1913 3152 1964 3195 et
2003 3159 2030 3195 a
2061 3143 2164 3195 Deo
2201 3145 2363 3194 vetita
2395 3142 2660 3194 curiosius
2692 3139 3005 3206 inquireret.
3059 3132 3208 3185 Tunc
3251 3144 3436 3182 revera

1915 3241 2090 3301 partes
2132 3233 2366 3301 vulpium
2413 3232 2577 3290 fuere,
2612 3244 2731 3281 cum
2765 3228 3004 3286 ille,tum
3030 3222 3253 3274 comites
3298 3219 3438 3285 ejus.

1912 3324 2087 3388 Quare
2109 3324 2202 3376 abs
2240 3322 2344 3375 Deo
2371 3319 2633 3379 derelicti,
2659 3311 2838 3385 gladio
2869 3313 3209 3367 inimicorum
3256 3307 3437 3360 traditi

1912 3418 2055 3472 sunt,
2088 3418 2140 3463 ct
2172 3410 2223 3461 in
2259 3409 2396 3461 bello
2421 3407 2748 3459 ceciderunt.
2809 3402 2958 3454 Sicut
2998 3400 3156 3467 igitur
3189 3397 3277 3449 illa
3308 3409 3438 3447 non-

1911 3499 2035 3551 dum
2071 3499 2232 3558 edita,
2266 3494 2674 3564 insequentibus
2716 3491 2968 3543 Davidem
3009 3488 3323 3548 obventura,
3371 3499 3436 3536 ex

1910 3591 2243 3659 praescicntia
2271 3585 2750 3645 renuntiabantur,
2783 3583 2856 3634 ita
2877 3587 2929 3633 et
2960 3579 3062 3646 ipsi
3089 3575 3274 3628 Davidi
3306 3588 3435 3642 pro-

1909 3694 2120 3747 sperum
2151 3678 2302 3730 linem
2341 3674 2573 3744 Spiritus
2594 3681 2812 3725 sanctus
2843 3668 3160 3736 praedicebat
3200 3664 3281 3717 his
3311 3677 3435 3715 ver-

1912 3773 2012 3834 bis,
2052 3790 2068 3820 ι
2094 3769 2206 3822 Rex
2236 3784 2363 3821 vero
2385 3766 2648 3819 laetabitur
2680 3764 2732 3814 in
2779 3760 2938 3813 Deo.»
3005 3757 3136 3811 Cum
3183 3753 3325 3806 enim
3378 3751 3433 3805 in

1907 3861 2014 3914 Deo
2059 3874 2203 3928 Spem
2242 3856 2497 3926 posuerit,
2549 3854 2757 3922 ipsique
2805 3851 3036 3901 animam
3089 3841 3435 3911 coniunxerit

1905 3964 2076 4009 suam,
2107 3950 2178 4000 ita
2208 3955 2266 3998 ut
2300 3946 2462 4003 dicat,
2500 3962 2516 3992 ι
2542 3940 2778 3994 Adhaesit
2809 3938 2985 3990 anima
3014 3949 3129 3986 mea
3164 3940 3282 4000 post
3303 3941 3375 3992 te,
3403 3947 3424 3980 ι

1906 4051 2188 4106 supernam
2218 4051 2246 4088 a
2280 4034 2383 4086 Deo
2440 4031 2673 4084 hetitiam
2729 4022 3007 4079 obtinebit.
3064 4020 3141 4071 Ac
3185 4015 3432 4084 quisquis

1907 4103 2003 4178 hac
2035 4122 2100 4176 de
2130 4139 2185 4174 re
2210 4122 2428 4189 juravit,
2464 4126 2520 4171 ut
2555 4118 2688 4169 bene
2721 4114 2926 4192 prolato
2970 4110 3276 4176 iuramento
3315 4103 3429 4154 lau-

1904 4215 2154 4275 dabitur;
2225 4211 2358 4274 sive,
2391 4207 2681 4263 secundum
2725 4203 2989 4270 Aquilam,
3056 4215 3072 4244 ι
3101 4194 3430 4246 Gloriabitur

1902 4306 1990 4376 qui
2015 4305 2158 4372 jurat
2183 4303 2235 4354 in
2270 4316 2331 4354 eo
2367 4319 2384 4350 ι
2427 4298 2555 4350 Nam
2585 4295 2830 4364 quisquis
2870 4288 2996 4340 nihil
3031 4285 3303 4344 dubitans,
3339 4282 3429 4349 ju-

210 4390 414 4442 ὀπίσω
444 4405 542 4440 σου
568 4426 581 4450 ,
620 4406 638 4436 ι
679 4389 778 4457 τῆς
825 4388 1080 4441 ἀνωτάτω
1116 4385 1354 4447 τεύξεται
1405 4382 1550 4451 παρὰ
1581 4384 1656 4452 τῷ
1684 4385 1796 4454 Θεῷ

1912 4374 2141 4446 ramento
2175 4387 2533 4445 allirmaverit,
2585 4396 2758 4449 regem
2793 4396 2818 4430 ιι
2852 4374 3120 4444 proposita
3154 4386 3248 4439 spe
3281 4386 3421 4422 nun-

212 4479 603 4550 εὐφροσύνης.
641 4479 747 4529 Καὶ
776 4480 882 4540 πᾶς
919 4478 974 4528 δὲ
1000 4479 1027 4528 ὁ
1060 4477 1149 4526 ἐπὶ
1193 4473 1394 4534 τούτοις
1423 4472 1585 4540 ὀμνὺς
1626 4474 1699 4536 ὡς
1739 4475 1801 4527 ἂν

211 4568 482 4639 εὐορκῶν
511 4565 929 4635 ἐπαινεθήσεται
950 4582 964 4595 ’
996 4565 1027 4634 ἢ
1059 4564 1194 4616 κατά
1225 4563 1314 4614 τὸν
1342 4559 1587 4621 Ἀκύλαν,
1624 4585 1640 4613 ι
1661 4567 1804 4616 Καυ-

214 4662 462 4727 χήσεται
490 4659 520 4708 δ
548 4656 760 4724 ὀμνύων
790 4659 848 4707 ὲν
870 4656 1039 4725 αὐτῷ.
1073 4674 1089 4703 ι
1125 4656 1181 4707 Ὀ
1207 4657 1310 4726 γὰρ
1338 4657 1408 4726 μὴ
1437 4656 1800 4728 ἀμφιϐἀλλων,

214 4751 368 4802 ἀλλὰ
407 4751 505 4801 καὶ
547 4748 709 4816 ὅρκον
733 4747 1016 4816 τιθέμενος
1057 4746 1180 4814 περῖ
1211 4746 1301 4797 τοῦ
1332 4749 1530 4817 μήποτε
1563 4749 1804 4798 ἐκπεσεῖ-

221 4843 356 4894 σθαι
388 4842 483 4894 τὸν
515 4839 738 4910 βασιλέα
779 4839 879 4906 τῆς
908 4835 1318 4904 ἐπηγγελμένης
1344 4836 1578 4899 ἐλπίδος,
1610 4834 1802 4886 ὡσανεὶ

220 4932 510 5003 εὐορκῶν,
556 4929 998 4990 ἐπαινεθήσεται.
1036 4922 1144 4974 Καὶ
1181 4923 1346 4975 ταῦτα
1379 4923 1524 4976 ἔσται
1561 4925 1684 4994 περὶ
1713 4923 1802 4975 τὸν

225 5022 450 5090 βασιλέα
471 5021 566 5074 καὶ
588 5021 710 5090 περὶ
737 5017 914 5069 πάντα
930 5013 1027 5063 τὸν
1053 5011 1286 5079 ὀμνύντα
1312 5013 1435 5081 περὶ
1458 5013 1670 5070 αὑτοῦ,‹
1685 5013 1800 5064 Ὅτι

228 5113 496 5182 ἐνεφράγη
529 5111 590 5164 τὸ
624 5109 802 5176 στόμα
828 5101 1143 5154 λαλούντων
1173 5099 1351 5152 ἄδικα.
1394 5119 1411 5148 ι
1451 5100 1582 5151 Καθ’
1613 5101 1799 5169 ἑτέραν

227 5201 279 5252 δὲ
303 5202 534 5256 διάνοιαν
573 5197 666 5254 τοῦ
696 5193 915 5246 δικαίου
967 5187 1336 5254 τελειουμένου
1370 5187 1504 5239 κατὰ
1542 5187 1634 5249 τὰς
1666 5190 1798 5240 ἀπο-

224 5287 444 5362 δοθείσης
470 5297 529 5347 ἐν
561 5286 736 5360 ἀρετῇ
773 5275 1082 5348 προκοπὰς
1102 5315 1115 5337 ,
1145 5277 1320 5344 χαίρει
1345 5277 1434 5326 καί
1461 5277 1797 5345 εὐφραίνεται

218 5375 506 5454 Nam,“
527 5425 541 5445 ν
580 5383 610 5432 ὁ
650 5371 752 5426 τοῦ
803 5363 958 5417 Θεοῦ
992 5365 1300 5434 Μονογενὴς
1326 5364 1447 5424 Υἱὸς
1470 5365 1796 5434 εὐχαριστῶν

207 5450 473 5543 etiame
509 5462 726 5532 Πατρὶ,
754 5453 841 5521 τῷ
877 5450 956 5500 ’(εέι
986 5452 1285 5519 τηλικαῦτα
1308 5451 1604 5519 Χαρίσματα
1635 5452 1796 5504 δεδω’

414 5570 484 5638 τῇ
527 5555 650 5610 τῶν
690 5538 1043 5606 ἀνθρώπων
1073 5541 1226 5606 φύσε.
1266 5539 1454 5590 Τοῦτον
1487 5538 1540 5589 δὲ
1579 5539 1664 5590 τὸν
1693 5539 1792 5606 βα-

178 5554 240 5606 ,εδ

229 5581 240 5606 ³
283 5581 362 5647 ένίὶ
414 5581 484 5636 τῆ
527 5581 649 5610 των
690 5581 1038 5606 νινντσ”“ν-’
1075 5581 1226 5606 ‘r""
1278 5581 1449 5590 ’ν’-ν’
1490 5581 1540 5589 ⁷-
1588 5581 1633 5590 "

229 5602 280 5655 δμ
451 5621 462 5638 ’
489 5655 502 5668 .
539 5665 555 5668 -
614 5635 714 5668 νηῒ
752 5631 973 5668 ὅηκεον
1007 5627 1172 5668 urbem.)
1208 5629 1506 5668 mmv'iu:vn:
1532 5628 1634 5668 τοῦ·

656 5635 718 5686 αὶ
752 5631 973 5697 ὅρκιον
1007 5628 1172 5680 αὑτοῦ
1208 5629 1506 5695 ποιούμενος
1532 5628 1785 5695 τοῦνομα,

193 5659 296 5735 ψη
320 5673 350 5725 ό
381 5655 574 5734 γνοὺιῖν
614 5656 651 5691 κ

1903 4497 2058 4552 quam
2089 4482 2361 4547 lapsurum
2398 4490 2536 4534 esse,
2573 4479 2631 4523 ut
2685 4468 2774 4536 qui
2824 4473 2966 4518 recte
2994 4461 3278 4530 juraverit.
3312 4460 3427 4510 lau-

1899 4549 2134 4624 dabitur.
2178 4568 2241 4620 Et
2271 4567 2383 4618 haec
2425 4563 2729 4627 contingent
2761 4563 2871 4607 tum
2919 4552 3050 4621 regi,
3088 4561 3198 4602 tum
3241 4551 3305 4602 iis
3334 4549 3426 4617 qui

1900 4659 1965 4711 de
2002 4659 2118 4727 ipso
2160 4651 2479 4724 juraverint,
2530 4668 2547 4698 ι
2574 4648 2698 4716 quia
2742 4644 3078 4696 obstructum
3123 4648 3204 4692 est
3249 4654 3310 4691 os
3348 4640 3427 4689 lo-

1901 4748 2177 4818 qnentium
2209 4744 2410 4811 iniqua.
2438 4758 2456 4789 ›
2507 4735 2811 4792 Secundum
2847 4732 3005 4783 aliam
3047 4743 3174 4781 vero
3210 4736 3428 4780 senten-

1899 4841 2028 4892 tiam
2061 4835 2374 4902 cumjustus
2398 4831 2652 4884 virtutum
2685 4820 2923 4891 profectu
2950 4825 3140 4870 auctus
3169 4831 3423 4868 consum-

1898 4938 2107 4990 matur,
2161 4935 2288 4977 tune
2331 4921 2522 4990 gaudet
2564 4932 2655 4969 rex
2705 4919 2758 4966 et.
2803 4909 3054 4970 exsultat,
3105 4903 3424 4971 Unigeuitus

1899 5017 2103 5071 scilicet
2135 5013 2225 5067 Dei
2255 5009 2441 5071 Filius,
2491 5004 2634 5056 Patri
2667 5015 2765 5054 suo
2809 4997 3010 5066 gratias
3039 4993 3297 5051 referens,
3332 4993 3423 5058 qui

1897 5105 2144 5157 humanae
2179 5109 2379 5152 natura:
2415 5101 2559 5146 tanta
2592 5091 2882 5158 gratiarum
2928 5083 3065 5135 dona
3109 5080 3421 5132 contulerit.

1899 5194 2053 5247 Hune
2110 5205 2270 5260 porro
2317 5199 2492 5253 regem
2543 5182 2634 5249 qui
2678 5175 2904 5236 noverit,
2939 5174 3164 5238 ejusque
3208 5170 3423 5220 nomine

1895 5287 1958 5336 ad
2007 5257 2371 5352 juramcntum
2402 5287 2529 5326 usus
2593 5267 2770 5325 fuerit,
2808 5265 2852 5317 is
2898 5277 3026 5315 sane
3075 5259 3218 5312 omni
3263 5257 3420 5310 laude

1896 5344 2088 5440 dignus
2124 5367 2413 5422 habeatur;
2454 5365 2635 5424 utpote
2684 5353 2770 5419 qui
2821 5346 3116 5440 edidicerit,
3153 5344 3415 5440 ejus-vir-

1895 5431 2006 5512 tuie
2035 5459 2235 5525 justum
2263 5450 2712 5502 consummatum,
2745 5446 2797 5490 ct
2823 5452 2884 5489 os
2915 5433 3185 5525 quodlibet
3209 5431 3418 5525 injust:

1897 5517 2060 5594 multa
2096 5535 2369 5607 proferens
2400 5530 2732 5582 obstructum
2763 5522 2946 5574 fuisse.
3000 5517 3222 5569 Etiamsi
3271 5519 3415 5570 enim

1896 5604 2175 5700 aliquanto
2215 5633 2453 5690 tempore
2509 5625 2818 5666 concessum
2852 5607 3024 5677 impiis
3059 5604 3178 5664 fuit,
3233 5613 3290 5656 ut
3323 5619 3417 5656 om
