3818 6370
1456 384 1781 440 COMMENT

1882 392 1943 444 ιιι
1983 394 2050 445 IN
2088 395 2420 452 PSALMOS.
3349 386 3449 479 6‘l3

912 482 1004 534 Διὸ
1043 483 1371 554 εὐχαριστῶν
1401 494 1490 544 ἐπὶ
1528 499 1636 557 τοῖς
1680 514 1784 567 παρ

919 570 1074 591 εον.
1204 576 1215 591 ρ
1394 582 1405 591 -
1460 583 1472 591 -
1755 587 1778 591 ~

1881 506 2093 561 ,texisti
2146 522 2229 560 me
2284 524 2313 562 a
2355 524 2621 567 conventu
2660 522 3086 589 madgnantium,
3140 546 3168 582 a
3214 537 3453 591 multitu-

147 545 503 634 ;r;¢¢6aw,
535 554 835 628 ἐπιλέγει·
873 587 893 619 ι
919 570 1253 639 Ἐσκὲπασάς
1289 596 1352 647 με
1382 582 1485 633 ἀπὸ
1519 545 1784 655 συστροφῆ

330 643 707 691 cauom-Evam-
737 652 861 691 ἇ-ηιλ
897 659 1131 691 πὶάηλημ
1162 664 1530 691 ι-.,,.›·,.-ι,,.ν,.
1565 672 1619 691 ,γε
1683 674 1694 688 .

1881 545 2093 561 υνυς..
2146 545 2228 560 ...υ
2284 545 2313 562 α
2356 545 2621 567 unm;qu
2660 545 3086 589 illaugttanttum,
3140 546 3168 582 a
3214 545 3449 591 multitu-

1917 592 2041 644 dine
2069 596 2404 663 operantium
2436 599 2824 671 iniquitatem.»
2857 610 2987 665 Cum
3013 616 3123 682 jam
3145 621 3285 674 enim
3315 641 3449 691 prte-

161 643 313 732 £34m
330 643 709 736 ρευξδμένωνν
737 652 861 706 ἀπὸ
897 659 1131 728 πλήθους
1162 643 1531 736 ἐργαζομένων
1557 643 1811 725 ἀδικίαν..)
1919 643 2198 736 teritoriim
2259 690 2438 736 exneri

104 393 231 535 ἣξει
252 469 439 515 λων
465 473 867 535 ευεργεσιῶν.

189 727 360 805 ’ἱλζῆ
402 727 776 828 γᾴρ-πεῖραν
810 727 1052 813 εἰληφὼς
1085 727 1201 801 τῶν.
1229 727 1541 819 φθασάντων
1574 760 1650 820 είς
1684 761 1813 828 ἐμὲ,

220 828 425 879 οῗδποτε
452 819 636 893 λήθην
666 827 861 881 αὐτῶν
910 837 1233 904 ποιήσασθαι
1265 841 1521 912 δύναμαι·
1555 819 1729 916 φέρων
1759 819 1813 905 δὲ

228 915 380 965 αὒτὰ
410 909 501 963 διὰ
530 914 739 976 παντὸς
775 919 838 971 ὲν
874 922 1060 993 μνήμῃ
1080 960 1095 985 ,
1140 909 1450 999 εὐχάριστός
1478 909 1646 984 είσαελ.
1684 952 1812 1002 τυγ-

232 1002 412 1070 χάνω.
444 1003 638 1073 ’Ὅμως
679 1006 739 1057 δὲ
780 1010 879 1060 καὶ
930 1011 1023 1065 νῦν
1052 1014 1150 1081 τῆς
1181 1018 1349 1087 αὐτῆς
1376 1019 1506 1093 ἁξιῷ
1540 1021 1687 1089 παρὰ
1720 1024 1810 1075 σοῦ

232 1090 499 1161 βοηθείας
533 1096 739 1162 τυχεῖν.
782 1098 942 1149 Κατὰ
967 1098 1022 1149 δὲ
1054 1103 1177 1164 τοὺς
1206 1104 1418 1168 λοιποὺς
1449 1090 1807 1178 ἑρμηνευτὰς,

228 1181 347 1247 μία
380 1181 474 1234 καὶ
504 1185 537 1251 ὴ
570 1184 710 1253 αὑτὴ
740 1186 1079 1252 πεφύλακται
1104 1190 1194 1242 τοῦ
1221 1192 1372 1260 λόγου
1406 1195 1655 1263 ἕγκλησις
1677 1237 1690 1261 ,
1720 1202 1809 1250 καὶ

221 1269 341 1336 μία
386 1271 599 1323 διάνοια
632 1272 740 1323 τῶν
782 1275 1113 1343 εἰρημένων·
1147 1279 1223 1330 διὸ
1256 1280 1492 1332 λέλεκται
1535 1284 1672 1336 κατὰ
1720 1285 1808 1337 τὸν

218 1357 579 1427 Σύμμαχονο
620 1379 638 1409 ι
668 1361 1029 1423 Είσὰκουσον,
1079 1366 1107 1414 6
1151 1364 1309 1429 Θεὸς,
1351 1368 1450 1435 τῆς
1482 1371 1661 1439 φωνῆς
1707 1389 1805 1440 μου

207 1446 711 1514 προσλαλοῦντος,
746 1448 852 1498 ἀπὸ
886 1448 1190 1517 ἐκπλήξεως
1226 1454 1415 1524 ἐχθροῦ
1460 1459 1806 1526 περιφράξεις

202 1533 329 1601 τὴν
363 1532 515 1603 ζωήν
544 1551 650 1603 μου
672 1551 685 1563 ⁸
720 1534 947 1602 κρύψεις
981 1554 1045 1604 με
1092 1540 1198 1591 ἀπὸ
1236 1543 1545 1610 συσκέψεων
1574 1548 1803 1618 κακούρ-

196 1638 363 1687 γων,
402 1623 521 1673 ἀπὸ
552 1624 843 1691 κυκήσεως
872 1625 1244 1694 ἐργαζομένων
1274 1631 1500 1685 ἀδικίαν.
1532 1651 1549 1683 ι
1586 1635 1657 1685 Οὐ
1697 1635 1802 1704 γὰρ

194 1709 294 1772 ὡς
337 1713 468 1781 περὶ
505 1713 950 1782 παρῳχηκότων,
987 1715 1098 1766 ἀλλ’
1131 1717 1206 1779 ὼς
1235 1720 1359 1789 περὶ
1406 1722 1700 1789 μελλόντων
1736 1724 1801 1775 τὰ

1913 870 2064 926 grato
2107 877 2318 935 semper
2356 868 2534 921 animo
2568 886 2707 924 sum.
2767 873 2869 928 Sed
2921 885 3097 935 tamen
3146 884 3256 953 jam
3303 868 3445 944 idem

1913 949 2008 1001 abs
2058 959 2109 1004 te
2156 954 2413 1033 auxilium
2445 961 2676 1025 postulo.
2732 961 3036 1027 Secundum
3068 949 3306 1043 reliquos
3346 993 3445 1031 au-

1914 1043 2018 1089 tem
2058 1039 2378 1108 interpretes
2409 1058 2515 1097 una
2543 1047 2835 1119 eademque
2889 1064 3133 1111 servatur
3160 1039 3309 1116 verbi
3353 1082 3448 1135 ex-

1909 1129 2218 1194 postulatio,
2256 1148 2466 1202 unaque
2502 1141 2768 1193 sermonis
2803 1149 3100 1201 sententia:
3146 1166 3270 1217 nam
3303 1159 3445 1223 apud

1910 1211 2289 1281 Symmachum
2319 1220 2555 1276 dicitur:
2588 1242 2605 1273 α
2630 1224 2859 1291 Exaudi,
2892 1230 3055 1298 Deus,
3100 1214 3286 1296 voc—em
3337 1211 3445 1298 ιι)ρί

1907 1300 2231 1365 invocantis,
2289 1321 2318 1359 a
2356 1317 2559 1364 terrore
2592 1312 2795 1368 inimici
2826 1319 3247 1391 circummunies
3276 1332 3442 1386 vitam

1906 1406 2113 1444 meam:
2157 1395 2458 1461 abscondes
2493 1416 2577 1453 me
2601 1416 2629 1454 a
2663 1406 3031 1466 moliminibus
3057 1417 3438 1485 malignorum,

1905 1493 1933 1530 a
1956 1482 2352 1547 perturbatione
2372 1490 2705 1554 operantium
2730 1493 3086 1563 iniquitatem.
3112 1522 3129 1553 ι
3160 1482 3274 1559 Non
3295 1482 3438 1563 enim

1902 1570 2056 1635 quasi
2103 1571 2168 1624 de
2219 1576 2522 1640 praeteritis,
2557 1577 2651 1631 sed
2700 1585 2852 1649 quasi
2900 1586 2965 1640 de
3010 1588 3226 1659 futuris,
3259 1601 3437 1651 omnia

1902 1656 2045 1709 dicta
2075 1669 2221 1724 sunt,
2273 1677 2335 1716 ac
2381 1665 2629 1721 similiter
2675 1671 2969 1726 secundum
3001 1656 3237 1749 reliquos
3269 1685 3436 1739 inter-

191 1799 324 1852 ὅλα.
376 1800 642 1868 εἴρηται,
691 1801 784 1861 καὶ
834 1802 971 1853 κατὰ
1018 1805 1141 1865 τοὺς
1195 1806 1409 1868 λοιποὺς
1466 1809 1870 1877 ἐρμηνευτὰςΒ

190 1883 451 1951 ὁμοίως.

292 2015 316 2047 ι
347 1996 573 2058 Οῖτινες
602 1998 876 2067 ἠκόνησαν
906 2001 980 2064 ὡς
1005 2001 1272 2072 ῥομφαίας
1300 2003 1398 2065 τὰς
1426 2004 1668 2071 γλώσσας
1702 2009 1796 2060 αὑ-

188 2084 349 2144 τῶν,
380 2086 666 2139 ἐνέτειναν
692 2090 841 2157 τόξον
882 2094 1107 2161 πρᾶγμα
1130 2093 1339 2161 πικρόν,
1364 2094 1454 2146 τοῦ
1478 2097 1795 2160 κατατοξεῦ-

190 2189 307 2225 σαι
346 2174 408 2224 ὲν
440 2175 792 2247 ἁποκρύφοις
825 2179 1068 2247 ἄμωμον.
1110 2182 1361 2243 Ἑξάπινα
1384 2184 1795 2248 κατατοξεύσω-

190 2274 298 2310 σιν
328 2261 523 2325 αὐτὸν,
545 2264 642 2314 καὶ
668 2263 728 2314 οὐ
754 2265 1168 2334 φοϐηθήσονται.
1204 2288 1221 2317 ι
1247 2269 1307 2320 Εἰ
1343 2270 1433 2321 καὶ
1462 2272 1662 2339 προῆγε
1685 2277 1794 2335 τοῖς

186 2347 436 2416 χρόνοις
467 2351 553 2411 είς
575 2351 676 2419 τὴν
713 2353 1151 2424 σωτήριονμὲπιδη
1161 2356 1285 2424 μίαν
1308 2358 1335 2408 6
1362 2358 1539 2419 Δαυῒδ,
1563 2358 1673 2417 ἀλλ’
1695 2362 1792 2413 οὐκ

187 2437 401 2502 ἠγνόει
432 2438 502 2489 τὰ
531 2440 861 2506 εὐαγγελικὰ
894 2442 1185 2512 μαθήματα
1226 2445 1351 2514 Θείῳ
1386 2446 1657 2521 Πνεύματι
1700 2467 1793 2516 με-

188 2529 674 2598 μαθητευμένοςο
704 2531 817 2600 ᾔδει
854 2532 909 2583 δὲ
950 2529 1006 2583 εὖ
1058 2534 1197 2601 μάλα
1223 2534 1282 2584 τὸ
1316 2536 1574 2605 σωτήριον
1615 2536 1789 2606 λόγιον

183 2615 258 2665 τὸ
283 2616 482 2684 φῆσαν
501 2634 513 2645 ο
550 2637 570 2669 ι
599 2618 689 2686 Μὴ
714 2619 981 2688 φοϐηθῆτε
1007 2621 1112 2685 ἀπὸ
1144 2621 1250 2672 τῶν
1283 2624 1700 2679 ἀποκτεινόντων
1728 2629 1787 2679 τὸ

186 2704 396 2772 σῶμα,
426 2706 534 2773 τὴν
563 2705 621 2757 δὲ
654 2705 830 2774 ψυχὴν
862 2707 933 2775 μὴ
962 2700 1268 2776 δυναμένων
1296 2711 1608 2767 ἀποκτεῖναι
1629 2729 1642 2743 ο
1660 2734 1678 2763 ο
1707 2715 1786 2777 διὸ

185 2792 302 2853 οὐκ
336 2793 564 2858 ἠγωνία
600 2794 994 2861 στρατιωτικῆς
1039 2796 1387 2865 παρατάξεως
1415 2798 1637 2867 πληθῶν,
1671 2802 1786 2854 οὐδὲ

185 2880 332 2942 τοὺς
364 2881 730 2948 παντευχίαις
757 2882 849 2933 καὶ
875 2881 1059 2951 δόρασι
1093 2887 1593 2955 παραταττομένους
1616 2905 1627 2916 ⁸
1653 2889 1785 2943 ἀλλὰ

182 2970 418 3022 τούτων
453 2970 559 3039 μὲν
588 2971 939 3039 κατεφρόνει,
970 2970 1042 3033 ὡς
1080 2971 1144 3023 ἂν
1171 2972 1260 3024 τὸν
1302 2974 1547 3028 τοσοῦτον
1598 2976 1782 3030 Γολιὰδ

183 3060 426 3128 ἀκμητὶ
462 3060 561 3111 καὶ
587 3058 841 3126 ἀνιδρωτὶ
864 3059 1180 3112 καταϐαλών
1201 3076 1214 3088 ·
1246 3062 1480 3124 ἐκείνους
1503 3063 1557 3119 δὲ
1577 3065 1780 3133 ἠγωνία.

182 3147 287 3212 οὓς
322 3147 586 3217 ᾐνίττετο
616 3145 705 3196 διὰ
737 3146 844 3197 τῶν
877 3147 1243 3215 προκειμένων
1279 3147 1480 3214 λέγων·
1522 3168 1539 3199 ‹
1573 3150 1777 3214 Οῖτινες

175 3237 489 3305 ἠκόνησαν
516 3236 594 3297 ὡς
620 3235 891 3304 ῥομφαίαν
910 3236 1006 3297 τὰς
1028 3234 1271 3303 γλώσσας
1296 3236 1491 3300 αὐτῶν,
1516 3238 1775 3295 ἐνέτειναν

176 3325 361 3389 τόξον
412 3325 653 3392 πρᾶγμα
704 3323 917 3392 πικρόν.
967 3341 983 3373 ι
1044 3324 1202 3393 Ὁρᾷς
1246 3325 1433 3379 ὁποίαν
1489 3326 1774 3395 διαγράφει

176 3410 522 3463 πανοπλίαν
560 3409 803 3478 ἐχθρῶν;
838 3410 944 3461 Καὶ
989 3412 1045 3462 ὲν
1075 3413 1186 3472 τοῖς
1230 3411 1527 3480 ἔμπροσθεν
1573 3413 1628 3471 δὲ
1666 3416 1777 3467 ἑλέ-

173 3518 324 3567 rato
353 3516 366 3529 '
416 3520 435 3551 ι
477 3501 602 3551 Υἱοὶ
640 3498 966 3567 ἀνθρώπων,
1026 3502 1075 3552 oi
1128 3500 1335 3561 ὀδόντες
1390 3502 1563 3557 αὐτῶν
1616 3504 1773 3561 ὅπλον

172 3592 281 3641 καὶ
350 3589 508 3657 βέλη,
570 3589 663 3651 καὶ
712 3590 743 3655 ή
794 3587 1009 3653 γλῶσσα
1061 3588 1235 3653 αὐτῶν
1279 3589 1518 3658 μάχαιρα
1555 3590 1717 3653 ὀξεῖα.
1750 3611 1768 3643 ι

170 3678 391 3730 Ταῦτα
427 3676 488 3727 δὲ
522 3676 933 3743 ἀναγέγραπται
968 3675 1223 3747 εἰρηκὼς,
1260 3695 1277 3727 ι
1308 3678 1465 3729 ὁπότε
1492 3678 1774 3748 ἀπεδίδρα-

173 3783 329 3827 σκεν
376 3766 489 3818 ἀπὸ
537 3765 830 3834 προσώπου
864 3764 1031 3815 Σαοὺλ
1073 3765 1150 3826 εἰς
1181 3766 1238 3816 τὸ
1280 3765 1554 3835 σπήλαιον.
1592 3786 1609 3817 ι
1645 3768 1772 3827 Ἀπὸ

168 3856 296 3917 τῶν
358 3854 566 3921 ὁμοίων
627 3852 909 3921 τοιγαροῦν
954 3852 1120 3919 λόγων
1170 3853 1409 3919 φαίνεται
1438 3854 1465 3903 6
1501 3855 1659 3917 αὐτὸς
1698 3856 1773 3908 ὢν

169 3945 416 4013 χρόνος,
444 3942 571 3995 καθ’
607 3942 666 3997 ὃν
699 3942 791 3992 καὶ
814 3940 880 3992 τὰ
907 3941 1041 4009 μετὰ
1068 3946 1251 4010 χεῖρας
1277 3944 1400 4012 περὶ
1434 3944 1607 3996 αὐτῶν
1635 3946 1773 3996 ὲκεί-

168 4050 295 4086 νων
323 4033 423 4084 καὶ
445 4030 556 4085 τῶν
580 4031 809 4091 ἐκείνοις
831 4031 1218 4100 παραπλησίων
1237 4031 1470 4087 λέλεκτο.
1503 4033 1658 4087 Ἀλλὰ
1680 4036 1771 4087 καὶ

172 4140 190 4171 ι
229 4124 349 4173 ὅτε
367 4119 660 4173 ἀπέστειλε
702 4118 890 4183 Σαοὺλ,
932 4120 1022 4170 καὶ
1051 4119 1277 4186 ἐφύλαξε
1309 4120 1396 4171 τὸν
1431 4116 1573 4174 οἷκον
1610 4123 1768 4175 αὑτοῦ

163 4210 275 4262 τοῦ
345 4207 663 4269 Θανατῷσαι
707 4207 889 4267 αὑτὸν,
923 4226 940 4256 ι
980 4209 1104 4276 περὶ
1135 4208 1241 4260 τῶν
1281 4209 1454 4262 αὐτῶν
1494 4210 1649 4263 πάλιν
1672 4212 1769 4274 τὰς

161 4298 390 4367 ὁμοίας
426 4296 583 4364 ἠφίει
634 4294 815 4361 φωνὰς
859 4294 1062 4361 λέγων·
1104 4313 1123 4345 ι
1184 4297 1310 4349 Ἰδοὺ
1346 4298 1766 4367 ἀποφθέγξονται

1965 1994 2125 2051 Vens.
2164 1999 2282 2054 4-7.
2324 2004 2819 2068 «Quiexacuerunt
2867 2021 2921 2065 ut
2963 2016 3197 2082 gladium
3223 2021 3434 2090 linguas

1894 2102 2043 2146 suas,
2076 2088 2419 2145 intenderunt
2464 2109 2670 2162 aretur),
2702 2115 2810 2151 rem
2864 2117 3130 2169 amaram;
3178 2118 3234 2161 ut
3267 2114 3432 2179 sagit-

1895 2180 2007 2226 tent
2036 2175 2089 2226 in
2138 2178 2365 2232 occultis
2410 2182 2831 2240 immaculatum.
2874 2189 3064 2245 Subito
3097 2175 3432 2263 sagittabunt

1892 2276 2036 2325 eum,
2060 2271 2114 2315 et
2159 2280 2266 2318 non
2300 2267 2614 2323 timebunt.)
2670 2272 2891 2328 Etiamsi
2938 2277 3105 2333 David
3138 2284 3429 2338 salutarem

1892 2349 2176 2404 adventum
2204 2362 2446 2422 tempore
2480 2361 2831 2424 prteverterit,
2877 2368 3212 2433 evangelicas
3252 2379 3427 2425 tamen

1891 2438 2225 2507 disciplinas,
2256 2445 2511 2511 magistro
2557 2444 2757 2513 Spiritu
2808 2450 3011 2516 divino,
3045 2469 3152 2508 non
3215 2458 3429 2526 ignora-

1890 2526 2011 2591 bat;
2038 2528 2131 2581 sed
2160 2531 2398 2585 salutare
2440 2533 2572 2585 illud
2627 2536 2899 2603 eloquium
2933 2542 3099 2607 probe
3164 2556 3421 2602 noverat:

1896 2631 1913 2662 ι
1942 2613 2116 2669 Nolite
2146 2618 2334 2673 timere
2375 2621 2444 2674 ab
2493 2624 2560 2678 i-is
2609 2628 2698 2693 qui
2753 2629 3004 2682 occidunt
3058 2646 3276 2700 corpus,
3309 2638 3427 2688 ani.

1887 2717 2027 2754 mam
2059 2713 2235 2759 autem
2280 2723 2386 2761 non
2418 2720 2643 2778 possunt
2676 2715 3010 2769 occidere”:
3064 2738 3082 2769 ι
3128 2735 3294 2787 quare
3329 2724 3427 2775 mi-

1886 2787 2058 2843 litaris
2103 2793 2235 2845 aciei
2271 2796 2691 2862 multitudinem,
2739 2815 2799 2854 ac
2834 2806 2981 2857 omni
3012 2821 3205 2874 genere
3246 2824 3427 2865 armo-

1884 2891 2003 2930 rum
2043 2879 2322 2950 hastisque
2349 2886 2645 2943 instructos
2678 2889 2924 2946 homines
2955 2909 3062 2947 non
3106 2896 3424 2953 reformida-

1883 2965 2005 3032 bat;
2035 2969 2128 3022 sed
2176 2971 2298 3026 illos
2334 2975 2572 3041 quidem,
2624 2985 2808 3046 utpote
2853 2982 2943 3049 qui
2978 2985 3095 3037 sine
3137 2985 3336 3061 sudore
3367 2998 3421 3042 et

1883 3056 2063 3111 labore
2106 3060 2392 3115 immanem
2450 3064 2599 3118 illum
2645 3066 2857 3120 Goliath
2891 3056 3291 3140 prostravi-s'set,
3327 3080 3421 3131 de-

1880 3144 2172 3212 spiciebat;
2227 3162 2319 3202 eos
2367 3160 2544 3204 autem
2605 3156 3033 3221 pertimescebat,
3083 3177 3218 3228 quos
3269 3165 3417 3220 hisce

1876 3233 2055 3287 verbis
2088 3243 2245 3287 antea
2299 3239 2659 3292 subindieavit
2710 3261 2722 3294 :
2763 3260 2780 3291 ι
2825 3243 2925 3307 Qui
2974 3262 3302 3304 exacuerunt
3358 3264 3415 3306 ut

1877 3321 2108 3388 gladium
2135 3323 2343 3392 linguas
2370 3341 2516 3387 suas,
2543 3329 2885 3385 intendemnt
2907 3348 3111 3398 arcum,
3143 3353 3254 3391 rem
3274 3354 3415 3393 ama-

1876 3424 2010 3462 ram.
2028 3430 2044 3461 ι
2064 3409 2252 3464 Viden’
2267 3429 2384 3481 quae
2401 3416 2668 3470 describat
2686 3418 3024 3477 inimicorum
3041 3429 3223 3479 arma?
3239 3427 3413 3497 Supra

1874 3513 1998 3551 vero
2013 3500 2286 3554 dicebatur
2306 3520 2346 3556 ;‹
2369 3502 2485 3556 Filii
2502 3505 2772 3561 hominum
2790 3510 2975 3566 dentes
2991 3528 3174 3567 eorum
3193 3530 3341 3570 arma
3360 3528 3414 3571 et

1874 3588 2098 3654 sagittae,
2130 3597 2183 3643 et
2218 3590 2396 3660 lingua
2446 3609 2630 3647 eorum
2676 3598 2883 3665 gladius
2918 3611 3107 3657 acutus
3139 3606 3176 3655 ¹.
3211 3622 3230 3656 ι
3288 3604 3412 3660 Haec

1872 3684 2049 3729 autem
2077 3672 2280 3734 dixisse
2308 3682 2587 3745 scribitur,
2631 3704 2647 3734 ι
2678 3702 2801 3739 cum
2837 3688 3040 3758 fugeret
3062 3708 3091 3744 a
3120 3692 3255 3747 facie
3282 3697 3411 3749 Sau-

1872 3765 1939 3819 lis
1964 3766 2017 3817 in
2048 3768 2359 3835 speluncam
2393 3774 2433 3825 ’.
2476 3792 2494 3823 ι
2524 3773 2564 3824 Α
2596 3775 2884 3829 verborum
2909 3792 3037 3832 sane
3060 3781 3412 3838 similitudine

1871 3853 2121 3908 videntur
2141 3856 2230 3909 illa
2253 3859 2438 3921 eodem
2470 3867 2706 3929 tempore
2733 3864 2934 3933 scripta
2960 3881 3099 3933 esse,
3136 3884 3242 3936 quo
3275 3870 3410 3936 hac,

1869 3957 1987 4008 qua
2008 3932 2117 4010 jam
2139 3954 2452 4009 tractamus,
2491 3948 2555 4001 de
2584 3949 2650 4003 iis
2687 3957 2740 4003 et
2770 3932 3038 4007 similibus
3062 3932 3201 4010 dicta
3238 3957 3407 4013 fuere.

1871 4028 1975 4085 Sed
2018 4033 2178 4086 etiam
2218 4053 2235 4083 ι
2276 4037 2491 4106 quando
2534 4039 2680 4092 misit
2729 4040 2878 4102 Saul,
2910 4048 2962 4094 et
2995 4043 3286 4100 custodivit
3313 4048 3411 4098 do-

1869 4134 2013 4172 mum
2040 4121 2178 4189 ejus,
2206 4132 2262 4174 ut
2291 4140 2411 4177 eum
2431 4126 2752 4179 interficeret
2769 4127 2809 4189 ³,
2844 4147 2861 4177 ι
2891 4129 2956 4181 de
2986 4130 3175 4183 iisdem
3212 4133 3405 4187 iterum

1868 4209 2068 4264 similes
2098 4211 2397 4278 proferebat
2430 4230 2589 4269 voces
2633 4216 2813 4269 dicens
2851 4231 2864 4267 :
2899 4234 2917 4265 ‹
2956 4216 3091 4271 Ecce
3119 4220 3403 4286 loquentur

1868 4297 1919 4350 in
1951 4313 2043 4359 ore
2066 4315 2183 4361 suo,
2216 4310 2269 4354 et
2289 4302 2496 4371 gladius
2523 4303 2576 4356 in
2599 4305 2783 4357 oribus
2812 4320 2997 4359 eorum
3030 4306 3069 4358 ⁵.
3109 4326 3127 4358 ι
3158 4306 3260 4361 Sed
3292 4310 3402 4363 haec

162 4387 227 4439 ἂν
282 4385 374 4453 τῷ
430 4384 665 4453 στόματι
711 4383 910 4445 αὐτῶν,
965 4385 1057 4436 καὶ
1103 4385 1340 4453 ῥομφαία
1380 4389 1435 4438 ὲν
1485 4390 1595 4449 τοῖς
1647 4390 1763 4440 στό-

1881 4388 2078 4454 ιυίάειη
2112 4389 2213 4455 ibi;
2254 4391 2306 4443 in
2336 4392 2419 4443 his
2446 4407 2567 4444 vero
2599 4392 2663 4446 de
2684 4393 2880 4460 quibus
2908 4410 3050 4447 nunc
3069 4411 3265 4459 sermo,
3298 4401 3401 4452 ini-

165 4490 364 4544 μασιν
420 4472 625 4531 αὐτῶν.
681 4490 698 4520 ι
762 4472 894 4522 Ἀλλ’
951 4473 1007 4522 ὲν
1057 4472 1278 4534 ἐκείνοις
1315 4474 1410 4541 μὲν
1449 4474 1596 4526 ταῦτ’
1650 4477 1761 4528 ὲλέ-

160 4576 350 4629 γετό*
412 4562 475 4617 ὲν
526 4559 583 4609 δὲ
638 4562 746 4620 τοῖς
773 4558 909 4629 μετὰ
937 4562 1119 4629 χεῖρας
1162 4560 1284 4621 τοὺς
1317 4561 1537 4631 ἐχθροὺς
1574 4563 1755 4626 αὐτοῦ,

160 4642 248 4702 ὧν
276 4648 399 4703 ἀπὸ
432 4646 602 4714 φόϐου
640 4645 898 4716 ῥυσοῆναι
921 4646 1135 4717 ηὔχετο,
1161 4649 1477 4717 ὴκονηκέναι
1505 4652 1635 4719 φησὶ
1660 4653 1756 4714 τὰς

162 4736 444 4806 γλώσσας
475 4734 661 4793 αὐτῶν
676 4734 826 4802 δίκην
853 4737 1120 4804 ῥομφαίας
1138 4753 1151 4765 °
1180 4738 1366 4806 ἢκατὰ
1386 4742 1509 4799 τοὺς
1540 4740 1752 4804 λοιποὺς

163 4804 555 4893 ἑρμηνευτᾲς,
598 4839 617 4869 ‹
655 4820 729 4881 ὡς
787 4823 1052 4891 μάχαιραν
1075 4839 1088 4851 °
1131 4841 1149 4873 ι
1186 4804 1316 4875 ἀλλὰ
1364 4828 1455 4885 καὶ
1490 4827 1753 4880 ἐνέτειναν

163 4918 229 4967 τὸ
254 4914 421 4977 τόξον
477 4910 680 4973 αὐτῶν,
718 4911 857 4975 κατὰ
878 4913 975 4980 μὲν
1008 4915 1129 4977 τοὺς
1162 4915 1552 4986 Ἑϐδομήκοντα
1583 4918 1753 4987 ἑρμηυ

162 5005 427 5065 νευτὰς,‹
464 5004 523 5055 ἐν
542 5002 823 5068 πράγματι
850 5001 1044 5071 πικρῷ·
1076 5021 1093 5054 ι
1114 5003 1199 5054 διὰ
1223 5003 1328 5069 γὰρ
1360 5004 1553 5072 πικροῦ
1604 5008 1744 5074 πρά-

165 5112 390 5164 γματος
430 5090 815 5153 κατατοξεύειν
842 5092 1131 5158 ἐπειρῶντο
1154 5094 1240 5144 τὸν
1263 5095 1462 5147 δίκαιον
1486 5110 1513 5129 ἰ
1534 5095 1669 5155 κατὰ
1692 5097 1747 5148 δὲ

163 5185 250 5234 τὸν
280 5184 622 5250 Σύμμαχον,
672 5196 689 5237 ς
740 5176 1105 5246 Ἐπλήρωσαν,
1141 5182 1286 5249 φησι,
1311 5182 1367 5231 τὸ
1396 5181 1549 5242 τόξον
1574 5183 1749 5235 αὐτῶν

164 5270 304 5341 λόγῳ
374 5265 591 5333 πικρῷ.
643 5283 661 5313 r
700 5260 879 5315 Ἶισαν
933 5265 1034 5335 γὰρ
1083 5269 1287 5337 ἀληθῶς
1333 5271 1540 5338 πικροὶ,
1595 5273 1748 5325 οὐδὲν

159 5358 327 5422 γλυκὺ
369 5354 752 5423 περιέχοντες,
783 5353 830 5401 οἰ
874 5352 961 5401 τὸν
1009 5355 1164 5406 Δαυῖδ
1201 5355 1570 5416 διαϐάλλοντες
1610 5361 1747 5427 πρὸς

156 5444 226 5499 τὸν
291 5442 527 5500 Σαούλ·
567 5433 679 5499 οἷος
735 5431 801 5504 ἦν
829 5438 857 5486 6
895 5439 1061 5505 Δωὴκ,
1099 5443 1183 5493 καὶ
1222 5442 1539 5509 οίΖιφαῖοι,
1569 5444 1659 5494 καὶ
1693 5449 1741 5497 oi

1867 4475 2034 4528 micos
2065 4492 2212 4539 suos,
2249 4494 2278 4531 a
2307 4495 2533 4547 quorum
2564 4489 2705 4534 metu
2734 4483 2868 4549 eripi
2897 4485 3238 4551 precabatur,
3269 4504 3399 4543 exa-

1864 4564 2043 4618 cuisse
2073 4566 2146 4616 ait
2170 4576 2226 4618 ut
2250 4568 2482 4635 gladium
2534 4569 2741 4636 linguas
2775 4582 2924 4633 suas,
2958 4576 3072 4626 sive
3104 4577 3399 4631 secundum

1860 4652 2092 4722 reliquos
2124 4655 2464 4723 interpretes,
2495 4675 2512 4705 ι
2547 4659 2684 4711 sicut
2738 4660 3091 4728 macharam;
3126 4684 3143 4714 ι
3178 4667 3284 4718 imo
3317 4668 3400 4720 in—

1858 4743 2143 4797 tenderunt
2176 4761 2357 4799 areum
2377 4762 2554 4808 suntm,
2580 4750 2874 4802 secundum
2896 4752 3033 4806 LXX
3053 4755 3396 4824 lnterpretes,

1825 4831 1912 4888 .in
1938 4846 1993 4885 re
2019 4848 2200 4885 amara
2227 4853 2239 4887 :
2270 4850 2361 4903 per
2396 4851 2508 4888 rem
2539 4837 2734 4904 quippe
2785 4853 3021 4895 amaram
3048 4842 3253 4909 justum
3312 4862 3397 4898 sa-

1857 4920 2004 4987 gittis
2072 4922 2360 4976 confodere
2418 4925 2727 4989 tentabant;
2789 4931 3085 4982 secundum
3146 4931 3395 4999 Symma-

1850 5008 2007 5062 chum
2041 5018 2238 5073 autem,
2273 5031 2290 5061 ι
2321 5013 2691 5080 impleverunt,
2731 5014 2904 5079 inquit
2934 5055 2947 5076 ,
2986 5030 3171 5069 arcum
3229 5033 3388 5072 suum

1852 5097 2011 5149 verbo
2033 5112 2232 5152 amaro.
2274 5120 2291 5148 ι
2322 5100 2451 5152 Nam
2482 5102 2569 5170 qui
2607 5101 2855 5154 Davidem
2876 5103 3015 5170 apud
3049 5102 3263 5160 Saulem
3293 5113 3393 5161 erit

1854 5187 2212 5253 minabantur,
2260 5204 2382 5243 vere
2430 5190 2592 5242 amari
2644 5198 2818 5245 erant.
2875 5190 3157 5245 dulcedine
3212 5195 3390 5248 allecti

1855 5275 1999 5327 nulla
2028 5293 2039 5327 :
2064 5276 2236 5342 qualis
2262 5283 2376 5329 erat
2405 5276 2562 5337 Doce,
2594 5277 2779 5343 quales
2820 5276 3021 5345 Ziphazi
3069 5287 3121 5330 et
3140 5279 3210 5331 iis
3237 5282 3390 5335 simi-

1852 5364 1944 5417 les.
1982 5364 2120 5428 Quin
2143 5373 2195 5417 et
2217 5366 2389 5432 quivis
2410 5381 2583 5419 sermo
2616 5365 2832 5429 impius,
2867 5381 3110 5429 amarus;
3146 5375 3203 5419 ut
3226 5378 3280 5421 et
3307 5372 3391 5424 di-

1850 5454 2024 5514 vinus,
2058 5453 2228 5505 dulcis
2256 5461 2308 5505 et
2332 5455 2513 5506 suavis
2560 5451 2736 5503 fuerit.
2769 5453 2949 5515 Quare
3002 5453 3205 5506 dictum
3246 5467 3384 5512 est:

201 5606 245 5636 ε)
281 5591 503 5653 nauli.
546 5604 602 5645 ι,
637 5585 730 5637 28.
812 5585 828 5613 ¹
870 5582 1004 5639 Psal.
1032 5593 1202 5646 Lvt.5.
1276 5595 1294 5623 ⁸
1320 5590 1463 5647 ibid.
1504 5592 1554 5645 1.
1631 5596 1653 5626 ³
1683 5594 1830 5652 Psal.
1866 5615 2017 5659 Lvm.
2054 5603 2102 5655 l.
2178 5603 2196 5633 ⁸
2224 5603 2351 5658 ibid.
2385 5606 2435 5658 8.

476 5678 759 5734 ΡΑτκοῐ..
810 5669 922 5727 Gn.
968 5675 1186 5740 XXIII.

2912 5693 2987 5749 ‘20
