3818 6370
142 496 213 547 «Ἀ

1410 464 1897 523 ςονΜεΝτΑιιιΑ
1934 464 1996 516 IN
2034 458 2367 519 PSALMOS.
2661 445 2691 485 ⁵

3337 463 3440 515 62?.

176 602 249 652 mg
286 557 432 648 ρδν.
478 564 545 619 οὗ
596 570 831 653 γυμνὸν
866 556 1028 630 αὐτὸν
1056 578 1450 649 προϐάλλονται,
1490 578 1621 633 ἀλλὰ
1658 594 1807 647 περι-

1915 588 2013 625 ηοη
2042 576 2241 627 nudum
2276 572 2571 642 proferunt,
2607 572 2697 625 sed
2724 572 2927 639 laqueis
2951 572 3283 627 extrinsecus
3304 576 3443 628 clam

188 669 507 733 εῶαυουσιν
548 658 768 721 ἔξωθεν
819 667 1036 733 παγίσι,
1061 666 1383 735 κρύπτοντες
1408 667 1494 719 διά
1537 682 1694 720 τινων
1738 682 1815 716 σο-

222 742 517 827 ,ἓωμάτων
546 749 649 798 καὶ
698 752 1135 820 παραλογισμῶν
1172 755 1266 821 τὴν
1291 753 1427 805 κατά
1466 752 1571 804 τῶν
1602 752 1815 803 ἐπιὸου-

245 834 547 904 λιυομὲνων
580 842 868 909 συσκευήν
888 858 902 871 ·
934 841 1072 893 οὕτω
1103 841 1208 909 γὰρ
1240 840 1462 909 ἄληπτοι
1493 842 1583 892 καὶ
1610 839 1813 906 ἀοὴρα-

256 946 331 981 τοι
356 922 579 975 ἔσεσθαι
606 924 1076 995 ὑπολαμϐάνουσι.
1101 928 1192 978 Διὸ
1220 946 1237 978 ο
1275 924 1429 979 εἶπαν
1461 947 1477 975 ι
1505 929 1560 977 ἑν
1585 927 1809 986 ἐαυτοίςο

273 1033 292 1064 ι
320 1012 413 1075 Τίς
473 1012 663 1079 δψεται
714 1014 954 1077 αὐτούς
1003 1033 1021 1063 ι
1072 1015 1185 1075 καὶ,
1232 1034 1249 1064 ι
1299 1013 1644 1085 ἑξερεύνησαν
1693 1013 1813 1063 ἀνο-

264 1103 407 1171 μίας.
425 1120 444 1151 ›
466 1101 634 1153 Οὐδὲν
652 1100 763 1170 γὰρ
784 1101 1055 1169 ὠφέλιμον
1076 1102 1179 1152 ἀπὸ
1194 1102 1282 1152 τοῦ
1312 1102 1451 1153 θείου
1470 1100 1628 1169 νόμου
1654 1098 1815 1167 ζητή-

260 1207 448 1251 σαντες
470 1186 631 1259 εὖρον
648 1206 661 1218 ⁸
696 1189 809 1242 ἀλλ’
835 1190 1057 1257 ἀνομίας
1086 1191 1291 1250 ἑαυτοῖς
1318 1190 1629 1257 ἐπενόησαν.
1663 1187 1814 1240 Κατά

248 1278 307 1330 δὲ
346 1279 434 1330 τὸν
491 1277 815 1346 Σύμμαχον,
857 1297 875 1328 ‹
912 1275 1264 1351 ἑξερεύνησαν
1302 1278 1523 1344 ἀνομίας
1571 1275 1812 1343 σύμπαν-

248 1379 345 1425 τες
365 1379 378 1393 ο
414 1382 435 1413 ι
477 1365 574 1414 καὶ
607 1364 699 1415 ἐπὶ
731 1362 937 1422 τούτοις
971 1361 1136 1413 πολλά
1167 1363 1490 1430 ζητήσαντες
1516 1363 1603 1412 καὶ
1651 1361 1813 1431 μυρία

243 1453 382 1522 παρ’
420 1454 641 1514 ἑαυτοῖς
662 1453 1060 1520 ἐπινοήσαντες,
1091 1451 1249 1520 μηδὲν
1273 1451 1329 1501 ’δὲ
1344 1449 1535 1517 ἀληθὲς
1555 1450 1643 1499 ἐπὶ
1674 1448 1812 1498 τέλει

240 1541 525 1609 εὑρόντες,
547 1540 813 1602 ἐξέλιπον,
847 1539 1003 1590 πλέον
1028 1539 1172 1589 οὐδὲν
1198 1538 1301 1589 ἀπὸ
1326 1538 1423 1604 τῆς
1452 1536 1646 1603 πολλῆς
1670 1535 1814 1605 ἐρεύ-

236 1646 347 1698 νης
366 1629 756 1697 οκτησάμενοι.
806 1626 895 1677 Διὸ
921 1626 1187 1677 λέλεκται·
1236 1644 1253 1674 ι
1303 1624 1569 1689 Ἐξέλιπον
1602 1624 1812 1692 ἐξερευο

232 1717 450 1777 νῶντες
512 1717 906 1786 ἑξερευνήσεις.
941 1733 958 1764 ι
996 1713 1284 1773 Τοσούτους
1340 1712 1487 1773 τινὰς
1531 1710 1812 1779 διέγραψεν

229 1807 264 1857 ὀ
304 1804 476 1855 Δαυῒδ
509 1805 640 1865 τοὺς
685 1803 907 1871 ἐχθροὺς
935 1801 1025 1853 καὶ
1057 1800 1354 1868 πολεμίους,
1377 1798 1433 1863 ἐξ
1456 1794 1528 1849 ὧν
1559 1798 1654 1866 τὴν
1683 1800 1808 1848 ἑαυ-

1916 662 2355 729 circumsepiunt,
2392 660 2813 727 sophismatibus
2843 660 3156 727 cavillisque
3185 677 3319 730 quas
3349 677 3442 730 pa.

1916 756 2034 799 rant
2061 750 2191 817 ipsis
2238 749 2459 803 insidias
2499 748 2852 812 occultantes,
2909 748 2980 799 ita
3027 764 3084 802 se
3112 751 3227 816 capi
3260 758 3313 803 et
3347 752 3443 805 deo

1915 836 2169 902 prehendi
2202 852 2307 889 non
2340 851 2497 904 posse
2533 836 2839 904 opinantur.
2879 834 3057 900 Quare
3087 853 3104 885 ι
3135 837 3385 891 dixerunt
3421 855 3440 890 ι

1913 926 1967 977 in
1995 926 2185 992 seipsis
2218 945 2230 979 :
2257 944 2275 975 ι
2306 926 2437 989 Quis
2471 926 2670 978 videbit
2702 926 2836 978 eos?
2866 943 2883 974 ι
2922 932 2993 988 et,
3022 942 3041 974 ι
3074 926 3296 978 scrutati
3321 935 3447 979 sunt

1913 1011 2244 1080 iniquitates.
2286 1031 2303 1062 ι
2338 1012 2481 1065 Nihil
2515 1012 2711 1079 quippe
2738 1011 2985 1064 utilitatis
3016 1011 3070 1062 in
3116 1011 3296 1064 divina
3331 1014 3447 1080 lege

1915 1098 2308 1164 perquisierunt
2337 1100 2419 1152 vel
2447 1099 2797 1161 invenerunt;
2856 1092 2948 1149 sed
2982 1098 3291 1165 iniquitates
3341 1099 3445 1152 sibi

1912 1186 2313 1252 excogitarunt;
2342 1174 2473 1247 sive,
2501 1185 2790 1239 secundum
2822 1185 3221 1252 Symmachum,
3250 1203 3267 1234 ι
3297 1200 3449 1239 δοται.

1913 1274 2004 1323 tati
2036 1282 2161 1327 sunt
2190 1276 2498 1342 iniquitates
2521 1274 2759 1328 universi
2792 1289 2803 1322 :
2844 1292 2861 1323 ι
2898 1288 2960 1325 ac
3001 1288 3125 1324 cum
3166 1274 3279 1327 hac
3304 1275 3444 1327 mula

1915 1366 2024 1410 tum
2059 1360 2519 1427 perquisivissent,
2552 1368 2603 1414 et
2643 1360 2846 1413 infinita
2873 1360 3289 1427 excogitassent,
3322 1373 3446 1412 cum

1913 1446 2044 1499 nihil
2074 1449 2183 1499 veri
2208 1448 2418 1511 tandem
2442 1449 2756 1517 reperirent,
2789 1446 3118 1511 defecerunt,
3144 1447 3276 1499 nihil
3303 1447 3447 1499 aliud

1912 1548 1975 1585 ex
2010 1541 2154 1587 tanta
2186 1536 2613 1602 perscrutatione
2649 1535 2963 1589 referentes.
3018 1536 3195 1599 Quare
3242 1534 3446 1587 dictum

1912 1628 2029 1673 est:
2063 1640 2080 1671 ι
2114 1621 2432 1677 Defecerunt
2457 1630 2759 1677 scrutantes
2776 1623 3106 1693 scrutinia.)
3132 1622 3448 1689 Hujusmoui

1912 1708 2095 1764 hostes
2123 1719 2177 1763 et
2210 1712 2455 1764 inimicos
2485 1711 2771 1780 descripsit
2793 1711 2981 1775 David,
3021 1726 3050 1764 e
3080 1726 3309 1779 quorum
3341 1726 3451 1763 ma-

1913 1799 2069 1852 nibus
2101 1798 2329 1850 animam
2364 1800 2497 1866 eripi
2528 1814 2679 1852 suam
2722 1800 3042 1867 precabatur
3073 1815 3086 1849 :
3121 1806 3277 1852 erant
3305 1799 3451 1852 scili-

228 1890 340 1942 τοῦ
374 1890 565 1958 ψυχὴν
594 1889 854 1959 ρυσθῆναι
910 1886 1121 1959 ηὔχετο,
1171 1887 1601 1955 ἑξερευνητικους
1642 1900 1809 1947 τινας,

1915 1893 1995 1941 cet
2047 1887 2081 1938 ii
2113 1894 2516 1955 perscrutantes
2546 1896 2598 1941 et
2657 1888 3030 1955 perquirentes
3088 1887 3446 1954 iniquitatem.

228 1979 339 2031 καὶ
372 1977 711 2047 ζητητικοῦς
740 1976 981 2049 ἀνομίας.
1016 1977 1076 2026 Oi
1106 1975 1209 2050 γὰρ
1233 1973 1452 2024 τοιοῦτοι
1480 1970 1651 2039 ψυχῆς
1682 1971 1810 2040 ἀλη-

226 2065 356 2126 θῶς
389 2065 459 2118 ἂν
508 2060 622 2117 εἷεν
656 2062 906 2130 φονευταί
931 2079 942 2091 ·
980 2063 1057 2113 διὸ
1088 2062 1149 2131 δὴ
1187 2062 1411 2135 μάλιστα
1457 2060 1587 2111 Θεὸν
1620 2059 1811 2128 βοηθὸν

223 2155 335 2205 ἐπὶ
366 2154 483 2206 τῶν
516 2153 777 2207 τοιούτων
808 2151 1132 2211 ἀνεκαλεῖτο,
1192 2152 1312 2211 τοὺς
1346 2148 1627 2216 αἰσθητοὺς
1660 2148 1813 2201 πολει⁹

227 2241 409 2309 μξους
439 2242 539 2291 καὶ
559 2240 689 2300 τοὺς
707 2242 818 2300 τοῖς
853 2236 1060 2306 σώμασι
1092 2233 1588 2306 παραταττομένους
1610 2233 1694 2285 ἐπ’
1718 2232 1776 2283 οὑ
1793 2256 1834 2269 -ι

221 2327 351 2379 δενὶ
389 2328 542 2395 λόγῳ
568 2326 869 2394 τιθέμενος.

315 2433 336 2464 σ
385 2412 823 2483 Προσελεύσεται
854 2410 1130 2480 ἄνθρωπος
1176 2413 1231 2463 ἑν
1264 2413 1452 2482 καρδίᾳ
1487 2413 1692 2482 βαθείᾳ,
1720 2414 1811 2464 καὶ

224 2502 610 2570 ὐζαωθήσεται
669 2501 698 2550 ὁ
756 2500 904 2561 Θεός.
938 2500 1094 2562 Βέλος
1127 2501 1350 2567 νηπίων,
1392 2520 1409 2551 ι
1449 2503 1538 2553 καὶ
1566 2501 1634 2552 τὰ
1666 2501 1807 2569 ἑξῆς.

223 2593 297 2641 OE
335 2592 444 2658 μὲν
470 2591 577 2657 τῆς
615 2588 791 2657 ψυχῆς
819 2588 1077 2656 πολέμιοι,
1112 2589 1285 2655 λόγοις
1315 2593 1561 2660 πονηροῖς
1594 2592 1811 2651 ἑαυτοὺς

222 2678 718 2752 περιφράξαντες,
778 2676 869 2729 καὶ
896 2676 992 2737 τὰς
1020 2676 1221 2729 ἑαυτῶν
1247 2678 1610 2747 ἐγκρύψαντες
1648 2678 1809 2745 παγί-

220 2771 357 2831 δας,
389 2767 633 2836 ἀνομίας
666 2784 724 2823 τε
762 2766 1157 2835 ἐξερευνῶντες,
1210 2768 1300 2817 καὶ
1339 2766 1423 2817 διὰ
1468 2767 1667 2818 τούτων
1714 2768 1811 2828 τὰς

223 2856 460 2909 ἑαυτῶν
490 2856 764 2924 ῥομφαίας
782 2856 1157 2923 ἀκονήσαντες,
1180 2855 1270 2905 καὶ
1291 2859 1404 2916 ταῖς
1418 2854 1620 2906 ἑαυτῶν
1637 2853 1810 2920 γλώσ-

224 2961 365 3005 σαις
385 2942 729 3003 ἑντείναντες
754 2941 900 3003 τόξα,
928 2941 1017 2991 τὸν
1049 2942 1290 3009 ἄμωμον,
1317 2941 1348 3009 ἢ
1371 2942 1457 2992 τὸν
1492 2941 1691 2993 ἁπλοῦν
1718 2944 1811 2993 καὶ

221 3032 510 3100 ἀκέραιον
544 3030 838 3099 περιῄεσαν
866 3028 1164 3097 ζητοῦντες,
1197 3030 1338 3088 ὅπως
1370 3029 1623 3079 ἀνέλωσιν
1649 3030 1809 3081 αὐτοῦ

219 3119 335 3187 τὴν
392 3118 613 3185 ψυχήν·
662 3115 774 3167 ἀλλ’
824 3116 1022 3165 ἐκεῖνον
1075 3115 1217 3181 μὲνὸ
1254 3113 1380 3175 Θεὸς
1415 3114 1648 3183 ῥύσεται.
1691 3112 1808 3165 Τῶν

220 3185 348 3277 γάρ
392 3204 615 3273 μικρῶν
649 3205 705 3255 ἑν
748 3206 813 3272 τῇ
858 3202 1146 3272 Ἐκκλησία
1175 3204 1221 3252 ot
1262 3202 1476 3268 ἄγγελοι
1505 3202 1590 3253 διὰ
1612 3202 1809 3263 παντὸς
1836 3185 1877 3238 C

216 3297 415 3367 ὁρῶσι
445 3294 509 3345 τὸ
545 3292 833 3362 πρόσωπον
881 3290 973 3342 τοῦ
1007 3292 1061 3342 ἑν
1082 3291 1321 3359 οὐρανοῖς
1374 3291 1599 3359 Πατρός.
1644 3292 1812 3357 Προσ-

216 3384 534 3437 ελεύσεται
586 3381 643 3432 δέ
704 3397 790 3441 τις
847 3380 1025 3440 αὐτοῖς
1068 3378 1366 3447 ἄνθρωπος,
1416 3379 1627 3447 ἀληθῶς
1677 3379 1811 3448 ἀνὴρ

215 3473 458 3530 τέλειος
484 3471 583 3525 καὶ
609 3468 787 3538 φορῶν
806 3468 895 3520 τὸν
921 3471 1037 3518 κατ’
1067 3469 1244 3519 εἰκόνα
1272 3467 1403 3518 Θεοῦ
1432 3469 1808 3535 πεποιημένον,

217 3562 314 3623 ὃς,
358 3561 423 3611 ἐν
478 3556 681 3625 καρδίᾳ
745 3555 931 3623 βαθείᾳ
965 3555 1358 3623 πεφραγμένος,
1405 3555 1810 3623 ἀκατάπληκτος

218 3651 437 3709 αἶ’-,τοῖς
489 3644 882 3715 παρατάξεται,
939 3644 1141 3705 πάντας
1175 3659 1230 3693 τε
1262 3643 1455 3703 αὐτοὺς
1501 3643 1808 3703 καταλύσει,

213 3739 305 3800 ὡς
332 3734 634 3802 ὑψωθῆναι
665 3733 757 3783 καὶ
794 3731 1107 3797 δοξασθῆναι
1132 3730 1196 3784 δι’
1231 3730 1391 3781 αὑτοῦ
1415 3731 1504 3783 τὸν
1534 3730 1683 3792 Θεὸν,
1719 3732 1810 3783 καὶ

217 3827 473 3879 πάντων
495 3823 719 3874 ἐκείνων
733 3819 801 3872 τὰ
822 3819 944 3887 βέλη
964 3818 1272 3886 ἐλεγχθῆναι
1293 3818 1451 3870 ἄτονα
1475 3819 1565 3870 καὶ
1593 3820 1808 3888 ἀσθενῆ,

212 3916 309 3976 ὡς
348 3912 571 3981 νηπίων
629 3908 935 3975 λογισθῆναι
970 3906 1095 3974 βέλη
1126 3907 1222 3967 τὰς
1256 3906 1463 3976 πληγὰς
1493 3908 1685 3969 αὐτῶν,
1721 3910 1811 3960 καὶ

214 4004 341 4063 τὰς
387 3999 644 4065 γλώσσας
694 3997 869 4048 αὐτῶν
902 3998 983 4046 ἐπ’
1010 3996 1202 4056 αὐτοὺς
1235 3994 1600 4065 ἐξασθενῆσαι.
1627 3997 1811 4048 Τοιοῦ-

215 4106 331 4153 τος
394 4090 506 4159 γάρ
544 4090 692 4138 ἐστιν
720 4089 747 4137 ὁ
780 4086 869 4137 τοῦ
900 4086 1029 4137 Θεοῦ
1075 4084 1370 4152 ἄνθρωπος,
1418 4087 1445 4136 ὁ
1473 4086 1807 4157 παραταττό-

218 4193 415 4249 μενος
442 4178 557 4235 τοῖς
590 4170 956 4241 προλεχθεῖσιν
999 4174 1054 4222 ἐν
1084 4172 1276 4239 καρδία
1303 4170 1514 4241 βαθεῖαι
1557 4173 1630 4232 ὡς
1665 4172 1811 4240 δέχε-

218 4266 378 4318 σθαι
407 4264 505 4331 μὲν
538 4261 701 4312 αὐτὸν
751 4261 847 4320 τὰς
881 4259 1087 4326 πληγὰς
1121 4260 1209 4310 καὶ
1242 4260 1307 4310 τὰ
1342 4258 1427 4310 διὰ
1470 4259 1809 4328 σοφισμάτων

217 4356 405 4425 βέλη,
440 4352 609 4419 γελᾷν
655 4350 710 4401 δὲ
744 4349 878 4400 αῦτά
907 4350 997 4399 καὶ
1024 4347 1082 4399 τὸ
1118 4349 1276 4416 μηδὲν
1308 4348 1570 4416 ἡγεῖσθαι,
1602 4350 1675 4411 ὡς
1706 4350 1809 4400 ὑπὸ

214 4442 458 4513 νηπίων
488 4440 693 4491 ἀτόνων
724 4440 840 4489 κατ’
862 4436 1022 4488 αὑτοῦ
1053 4438 1389 4504 πεμπόμενα.
1427 4436 1549 4488 Εἶτα
1578 4438 1669 4488 καὶ¹
1692 4439 1808 4490 ἑπιε
1839 4472 1881 4523 D

214 4534 513 4600 λυόμενος
565 4526 744 4579 αὐτῶν
772 4527 839 4577 τὰ
890 4525 1206 4592 σοφίσματα,
1240 4525 1334 4587 τὰς
1370 4525 1613 4590 γλώσσας
1633 4526 1807 4577 αὐτῶν

217 4624 338 4675 καὶ
387 4622 516 4679 τοὺς
557 4616 749 4680 λόγους
780 4613 1186 4676 ἐξασθενοῦντας
1238 4613 1458 4680 ἐλέγξει.
1515 4614 1709 4669 Βαθεῖα
1754 4614 1808 4667 δὲ

216 4708 450 4778 καρδία
513 4708 547 4774 ἡ
599 4704 672 4773 μὴ
721 4703 777 4767 ἑξ
834 4701 1092 4770 ἐπιπολῆς
1134 4700 1324 4769 ἔχουσα
1382 4701 1449 4757 τά
1493 4701 1807 4770 μαθήματα,

223 4798 383 4868 μηδὲ
417 4799 478 4847 ἐν
512 4792 591 4860 τῷ
619 4790 932 4860 προφορικῷ
952 4790 1091 4857 λόγῳ
1122 4790 1502 4859 σεμνυνομένη,
1530 4788 1641 4841 ἀλλ’
1664 4789 1808 4842 ἔνδον

220 4889 291 4938 ὲν
328 4885 473 4950 αὖτῇ
509 4883 640 4940 τοὺς
670 4880 766 4946 τῆς
792 4878 1025 4938 πίστεως
1073 4877 1344 4945 θεμελίους
1392 4878 1804 4948 ὲῤῥιζωμένους.

236 4969 601 5029 ’Δκολοῦθως
615 4968 789 5019 τοίνυν
802 4966 1046 5031 λογικούς
1065 4982 1209 5026 τινας
1230 4966 1514 5033 πολεμίους
1529 4965 1626 5032 τὴν
1642 4966 1810 5030 γλῶτ-

226 5080 337 5114 ταν
382 5058 789 5124 ἀκονήσαντας,
813 5054 903 5107 καὶ
944 5052 1068 5115 τόξα
1088 5055 1196 5114 τοῖς
1229 5053 1455 5120 χείλεσιν
1480 5050 1810 5114 ἑντείνοντας

229 5147 725 5217 ὑποστησάμενος,
784 5141 1081 5196 ἀντιτάττει
1131 5141 1306 5200 αὐτοῖς
1350 5140 1631 5208 ἄνθρωπον
1675 5139 1809 5193 Θεοῦ

228 5240 475 5311 καρδίαν
545 5232 768 5302 βαθεῖαν
825 5228 1179 5295 κεκτημένον·
1242 5227 1459 5278 καὶτὸν
1523 5226 1623 5292 μὲν
1678 5227 1811 5280 Θεὸν

224 5329 307 5382 διὰ
328 5328 555 5383 τούτου
582 5319 961 5386 δοξαζόμενον,
1005 5316 1233 5376 ἐκείνους
1266 5315 1319 5366 δὲ
1338 5313 1693 5383 ἡττωμένους
1717 5318 1811 5371 καὶ

223 5418 361 5492 ἀσχη
372 5411 693 5489 μονοῦντας
704 5445 719 5459 .

279 5555 300 5587 ι
360 5519 806 5590 Ἐταράχθησαν
848 5510 1038 5571 πάντες
1057 5515 1103 5562 el
1129 5513 1437 5584 Θεωροῦντες
1467 5512 1685 5572 αὐτοὺς,
1715 5515 1811 5564 καὶ

212 5615 474 5689 ἐφοβήθη
512 5610 626 5666 πᾶς
663 5601 968 5689 ἄνθρωπος.
1000 5615 1016 5646 ι
1052 5600 1344 5689 Ἀκόλουθον
1374 5598 1463 5669 ἦν,
1496 5598 1610 5689 τῶν
1645 5599 1811 5689 δοκή-

209 5685 279 5773 eg,
326 5685 538 5773 σρφῶν
570 5685 993 5756 ἀνατραπέντων
1026 5688 1114 5739 καὶ
1159 5690 1255 5741 τῶν
1294 5690 1387 5762 τῆς
1412 5685 1603 5759 ψυχῆς
1640 5685 1805 5745 πολε-

1915 1971 2047 2025 Nam
2076 1972 2167 2039 qui
2196 1972 2329 2025 tales
2377 1980 2526 2034 sunt,
2562 1986 2686 2024 vere
2727 1971 2918 2024 anima
2950 1970 3319 2023 interfectores
3351 1970 3475 2025 hau.

1914 2062 2142 2114 beantur
2173 2077 2184 2110 :
2220 2076 2385 2129 quare
2410 2060 2575 2113 Deum
2606 2068 2793 2112 contra
2818 2059 3125 2126 hujusmodi
3149 2059 3332 2112 hostes
3354 2058 3450 2109 ad-

1909 2149 2141 2215 jutorem
2166 2149 2483 2212 invocabat;
2509 2163 2630 2200 cum
2656 2148 2883 2201 scnsiles
2904 2147 3170 2213 inimicos,
3203 2146 3295 2216 qui
3319 2160 3448 2201 con-

1915 2244 1995 2290 tra
2024 2251 2249 2308 corpora
2284 2237 2760 2302 acieminstruunt,
2788 2235 2938 2288 nihili
2972 2234 3191 2288 faceret.
3458 2220 3463 2261 ³

1982 2414 2145 2468 Vens.
2166 2414 2219 2476 8,
2243 2415 2293 2467 9.
2308 2433 2325 2464 ι
2346 2414 2576 2467 Accedet
2593 2415 2754 2467 homo
2778 2413 2830 2465 in
2848 2412 3008 2465 corde
3024 2413 3217 2473 alto,et
3243 2411 3449 2464 exalta~

1912 2506 2056 2557 bitur
2070 2503 2228 2556 Deus.
2252 2502 2467 2570 Sagitta
2478 2504 2839 2569 parvulorum,
2865 2520 2882 2551 ι
2902 2509 3001 2553 etc.
3018 2499 3447 2567 lnimiciquidem

1914 2594 2102 2646 anima
2144 2592 2323 2645 verbis
2362 2606 2486 2645 sese
2517 2591 2761 2659 malignis
2802 2589 3335 2648 circummunientes,
3368 2588 3450 2639 la-

1912 2697 2080 2751 queos
2109 2698 2238 2736 suos
2286 2682 2644 2742 occultantes,
2680 2681 2991 2747 iniquitates
3021 2684 3448 2745 perscrutantes.

1913 2774 2085 2840 iisque
2108 2772 2315 2840 gladios
2356 2784 2483 2823 suos
2515 2780 2858 2831 exacuenzes,
2895 2767 3195 2834 linguisque
3224 2765 3338 2818 suis
3369 2764 3453 2817 in-

1912 2861 2191 2914 tendentes
2226 2874 2406 2919 arcus,
2437 2858 2859 2917 immaculatum,
2893 2856 3187 2922 simplicem
3211 2860 3265 2906 et
3293 2854 3451 2906 inno-

1912 2955 2118 3001 centem
2151 2947 2504 3015 undequaque
2556 2945 2960 3015 perquircbant,
2993 2951 3050 2995 ut
3071 2944 3188 3009 ejus
3215 2943 3450 2994 animam

1913 3035 2296 3088 interficerent.
2326 3035 2391 3085 At
2416 3036 2562 3085 illum
2596 3034 2735 3087 Deus
2759 3034 2983 3099 eripiet;
3016 3032 3191 3099 angeli
3220 3044 3451 3098 namque

1914 3123 2229 3188 pusillorum
2263 3124 2317 3174 in
2352 3122 2589 3176 Ecclesia
2644 3136 2854 3188 semper
2882 3121 3064 3173 vident
3113 3119 3302 3172 faciem
3348 3118 3453 3170 Pa-

1914 3212 2011 3263 tris
2043 3212 2134 3278 qui
2163 3212 2216 3263 in
2241 3212 2392 3265 coelis
2423 3219 2525 3265 est.
2544 3210 2963 3263 Accedetautem
2992 3209 3150 3261 homo
3180 3208 3451 3275 quispiam

1914 3298 1980 3350 ad
2013 3314 2125 3362 eos,
2159 3300 2241 3350 vir
2270 3314 2388 3352 vere
2434 3298 2724 3365 perfectus,
2756 3311 2985 3365 eumque
3040 3295 3216 3349 ferens
3244 3297 3335 3363 qui
3382 3294 3451 3354 ad

1914 3388 2197 3455 imaginem
2230 3387 2319 3439 Dei
2352 3387 2525 3440 factus
2555 3400 2657 3450 est,
2685 3390 2775 3455 qui
2828 3388 2934 3440 alto
2963 3386 3125 3439 corde
3185 3388 3449 3448 munitus.

1914 3477 2305 3544 imperterritus
2343 3486 2529 3531 contra
2551 3494 2645 3531 eos
2699 3479 2865 3531 aciem
2909 3478 3159 3537 instruet,
3194 3456 3451 3544 ipsosque

1913 3577 2101 3616 omnes
2132 3564 2434 3631 dissipabit,
2462 3566 2531 3615 ita
2565 3572 2621 3615 ut
2670 3565 2786 3630 ejus
2811 3577 2971 3630 Opera
3014 3560 3154 3617 Deus
3188 3562 3450 3615 exaltetur

1911 3657 1964 3702 et
1998 3650 2166 3717 gloria
2196 3650 2477 3712 aﬂiciatur,
2510 3666 2803 3717 eorumque
2847 3650 3086 3702 omnium
3127 3649 3335 3717 sagitta
3366 3649 3450 3701 in-

1912 3735 2079 3788 ﬁrma
2124 3737 2434 3803 debilesque
2484 3736 2921 3804 comprobentur,
2954 3750 3018 3788 ac
3070 3735 3236 3804 plaga
3262 3748 3450 3787 eorum

1911 3839 2010 3891 pro
2034 3825 2244 3893 sagittis
2269 3826 2614 3893 parvulorum
2670 3832 3006 3892 reputentur,
3033 3832 3086 3878 et
3144 3824 3336 3890 lingua
3364 3838 3452 3880 eoo

1911 3929 2031 3966 rum
2066 3914 2119 3967 in
2144 3914 2275 3982 ipsis
2298 3914 2653 3968 infirmentur.
2698 3912 3014 3980 llujusmodi
3067 3911 3208 3964 enim
3238 3911 3325 3963 ille
3355 3911 3451 3975 ho:

1910 4020 1998 4057 mo
2028 4003 2117 4058 Dei
2141 4013 2244 4065 est,
2274 4003 2365 4070 qui
2388 4002 2547 4055 corde
2603 4003 2712 4054 alto
2745 4009 2932 4054 contra
2982 4008 3311 4055 memoratos
3355 4000 3451 4053 ὺοπ

1911 4094 2081 4147 mines
2127 4094 2294 4146 aciem
2344 4092 2581 4152 instruit,
2618 4098 2672 4142 ut
2698 4091 2879 4157 plagas
2940 4089 3075 4155 ipse,
3108 4094 3161 4139 et
3219 4089 3448 4154 sagittas

1911 4182 2331 4250 sophismatibus
2358 4190 2573 4249 paratas
2595 4181 2857 4247 excipiat;
2916 4180 3185 4245 ipsasque.
3212 4183 3395 4244 utpote
3415 4192 3447 4232 a

1910 4273 2144 4339 parvulis
2173 4272 2401 4324 infirmis
2424 4272 2672 4329 emissas,
2703 4270 2923 4322 irrideat
2945 4281 3005 4318 ac
3038 4283 3131 4333 pro
3153 4266 3321 4318 nihilo
3343 4266 3445 4319 ha-

1910 4358 2051 4412 beat.
2081 4359 2193 4411 θυι)
2223 4359 2335 4413 hac
2356 4369 2639 4427 postquam
2673 4370 2856 4411 eorum
2910 4354 3239 4421 sophismata
3268 4354 3449 4407 solve-2

1910 4448 1998 4507 rit,
2022 4447 2234 4515 linguas
2258 4456 2311 4501 et
2335 4461 2612 4501 sermones
2640 4458 2823 4499 eorum
2867 4443 3109 4496 infirmos
3130 4444 3449 4512 comprobaq

1910 4535 2007 4589 bit.
2034 4534 2140 4588 Cor
2173 4544 2348 4593 autem
2400 4536 2567 4593 altum
2613 4539 2712 4593 est,
2771 4530 2915 4596 quod
2970 4530 3282 4598 disciplinas
3337 4547 3449 4588 non

1907 4624 2083 4689 quoad
2113 4622 2446 4690 superficiem
2471 4630 2675 4675 tantum
2716 4619 2939 4679 obtinet,
2974 4635 3147 4685 neque
3193 4621 3245 4671 in
3277 4621 3451 4687 prola-

1909 4710 2027 4762 titio
2052 4724 2300 4763 sermone
2329 4708 2627 4776 gloriatur;
2675 4705 2763 4758 sed
2795 4705 2940 4771 quod
2994 4705 3137 4761 intus
3164 4707 3283 4759 fidei
3320 4707 3445 4761 fun-
3474 4738 3483 4743 -

1909 4798 2159 4851 damenta
2192 4798 2429 4851 radicata
2460 4796 2637 4849 habet.
2671 4793 3076 4860 Consequenter
3109 4795 3270 4859 igitur
3293 4806 3444 4862 post-

1910 4903 2067 4955 quam
2102 4888 2446 4943 rationabiles
2475 4884 2733 4952 quosdam
2781 4883 3030 4937 inimicos
3064 4883 3296 4948 linguam
3320 4900 3447 4935 exa-

1909 4983 2148 5037 cuentes,
2176 4976 2396 5028 etlabiis
2415 4974 2516 5028 tela
2538 4974 2807 5025 vibrantes
2837 4970 3142 5030 induxerat,
3174 4970 3445 5031 hominem

1911 5066 2003 5119 Dei
2037 5067 2143 5119 alto
2176 5068 2336 5119 corde
2367 5066 2684 5119 instructum
2720 5061 2853 5128 ipsis
2880 5062 3137 5128 opponit,
3168 5059 3446 5129 Deumque

1909 5154 2025 5220 ejus
2048 5168 2209 5221 opera
2233 5152 2400 5220 gloria
2449 5150 2796 5209 celebratum,
2839 5148 3067 5216 illosque
3115 5146 3355 5213 abjectos
3382 5164 3446 5203 ac

1911 5243 2136 5309 turpiter
2162 5247 2374 5309 agentes
2399 5238 2565 5295 effert.

1995 5511 2142 5563 (ens.
2174 5508 2256 5560 lO.
2300 5524 2316 5557 ι
2352 5501 2665 5559 Conturbati
2689 5509 2810 5553 sunt
2842 5513 3031 5553 omnes
3060 5498 3151 5565 qui
3188 5497 3451 5558 videbant

1910 5618 2023 5665 eos,
2058 5610 2109 5655 et
2138 5599 2313 5652 timuit
2352 5599 2530 5652 omnis
2574 5597 2754 5648 homo.
2787 5609 2803 5639 ι
2837 5588 3271 5642 Consentaneum
3306 5598 3449 5653 erat,

1911 5690 2112 5747 eversis
2161 5687 2225 5739 iis
2270 5685 2360 5761 qui
2406 5686 2507 5742 sibi
2554 5680 2823 5757 sapientes
2850 5676 3207 5735 videbantur.
3253 5673 3446 5737 ἰαὶιιῑίτ
3506 5738 3511 5743 ,
