3818 6368
0 22 307 89 Fur-ur
376 11 380 19 '
991 40 1283 45 —~W~‘
1352 44 1405 46 -ί
1616 42 1833 47 ἢκεν-

174 355 337 432 τιεῦ
1425 364 1855 423 οοιιιιειιτλιιγ

1956 362 2021 417 lN
2058 361 2390 416 PSALMOS.
3396 365 3500 417 626

198 475 463 538 πάντων
497 478 618 515 των
658 471 947 538 περάτων
975 476 1068 545 τῆς
1107 478 1207 544 γῆς
1256 480 1347 529 καὶ
1381 477 1485 528 τῶν
1530 479 1587 528 ἐν
1625 477 1855 545 θαλάσσῃ

1963 481 2016 527 et
2048 487 2233 526 eorum
2282 472 2374 539 qui
2408 470 2461 522 in
2508 470 2641 521 mari
2673 475 2798 523 sunt
2826 469 2981 538 longe
3015 488 3028 523 :
3069 490 3087 545 ι
3116 472 3223 526 imo
3261 477 3497 541 apertius

225 549 503 638 μύρων
550 572 569 603 ι
618 558 726 608 καὶ
764 559 857 612 ἔτι
905 565 1233 633 σαφέστερον
1275 566 1547 632 ἐπιλέγει·
1585 584 1605 615 ‹
1642 567 1746 618 Καὶ
1773 582 1863 632 φο-

243 643 603 727 ξηθήσονται
647 648 712 698 οἱ·
750 652 1145 714 κατοικοῦντες
1166 654 1233 706 τὰ
1264 654 1469 723 πέρατα
1507 655 1612 705 ἀπὸ
1639 654 1744 705 τῶν
1765 670 1860 721 ση-

266 736 439 809 μείων
480 748 603 785 σου.
645 752 667 783 ι
698 735 782 788 Τὸ
826 738 944 807 γὰρ
974 740 1271 807 φοϐηθῆναι
1300 743 1500 803 πάντας
1532 742 1654 802 τοὺς
1683 757 1864 794 κατοι-

281 820 506 883 κοῦντας
541 820 615 873 τὰ
636 822 865 892 πέρατα
885 826 993 877 ἀπὸ
1033 826 1137 879 τῶν
1167 829 1401 895 σημείων
1439 828 1529 882 τοῦ
1555 828 1687 879 Θεοῦ
1729 829 1862 894 ἀγα-

279 914 392 965 οων
420 906 489 981 ἣν
522 913 620 963 καὶ
648 914 854 981 σοφίας
878 916 1018 985 ἀρχή
1040 932 1053 944 ·
1084 916 1309 983 ἐπείπερ
1344 934 1362 966 ι
1395 917 1533 986 ἀρχὴ
1558 918 1745 983 σοφίας
1769 917 1860 983 φό-

282 1004 385 1066 ϐος
416 1003 643 1073 Κυρίου.
685 1021 706 1053 ι
742 1005 847 1056 Διά
873 1006 938 1075 δὴ
968 1006 1133 1059 ταῦτα
1163 1026 1180 1057 ι
1208 1008 1299 1069 Είς
1334 1009 1393 1060 τὸ
1420 1008 1568 1069 τέλος
1606 1027 1624 1059 ι
1665 1010 1859 1078 προγέ-

277 1110 535 1163 γραπται
557 1095 584 1144 6
615 1092 834 1162 ψαλμός
857 1112 869 1125 ο
906 1097 999 1147 καὶ
1027 1095 1167 1147 ἐστιν
1186 1095 1327 1163 ᾠδῆς
1352 1096 1579 1165 ψαλμδς,
1604 1099 1857 1153 ἐπινίκιον

282 1182 463 1250 ὖμνον
491 1183 570 1243 είς
605 1182 697 1233 τὸν
730 1183 960 1251 Σωτῆρα
983 1182 1088 1233 τῶν
1112 1182 1277 1234 ἐθνῶν
1306 1184 1588 1252 περιέχων.
1639 1186 1751 1252 Ἐφ’
1779 1182 1856 1247 οἷς

276 1270 355 1321 τὸ
389 1270 615 1339 Πνεῦμα
656 1271 719 1322 τὸ
772 1271 930 1337 ἅγιον
977 1272 1068 1323 τὸν
1116 1272 1206 1323 ἐπὶ
1233 1272 1443 1323 πάντων
1480 1273 1609 1324 Θεὸν
1638 1274 1858 1342 ἀνυμνεῖ

280 1357 535 1423 φάσκονο
577 1376 597 1407 r
617 1358 710 1409 Σοὶ
735 1358 933 1427 πρέπει
960 1358 1144 1427 ὕμνος,
1176 1361 1204 1411 6
1231 1360 1379 1422 Θεὸς,
1415 1364 1472 1412 ἐν
1504 1362 1693 1415 Σιών.»
1727 1362 1855 1414 Τίνα

274 1446 403 1515 γὰρ
438 1446 608 1514 ἐχρῆν
631 1446 792 1498 ἄλλον
815 1447 909 1497 ἐπὶ
939 1450 1002 1516 τῇ
1031 1448 1242 1499 πάντων
1280 1448 1571 1519 ἀνθρώπων
1619 1450 1855 1520 σωτηρίᾳ

272 1534 583 1602 ὖμνεῖσθαι
635 1534 670 1600 ἢ
704 1535 794 1585 τὸν
837 1535 1035 1597 παντὸς
1057 1535 1225 1587 αἴτιον
1251 1536 1485 1603 ἀγαθοῦ;
1516 1537 1758 1590 Διδάσκει
1799 1539 1853 1590 δὲ

270 1622 347 1672 τὸ
376 1621 511 1672 αὐτὸ
545 1621 778 1690 Πνεῦμα
824 1624 951 1683 τοὺς
990 1623 1303 1691 προσιόντας
1331 1622 1389 1687 ἐξ
1418 1625 1581 1677 ἐθνῶν
1611 1626 1752 1695 μόνῳ
1780 1626 1854 1695 τῷ

266 1708 410 1776 Θεῷ
439 1708 665 1775 λέγεινί
700 1726 717 1758 ι
756 1708 846 1762 Σοὶ
879 1711 1075 1779 πρέπει
1109 1712 1271 1780 ὕμνος
1293 1729 1307 1742 ν
1347 1731 1365 1761 ι
1389 1712 1461 1775 ὡς
1489 1713 1551 1766 ἂν
1584 1732 1851 1782 κατεγνω-

1963 558 2238 629 subjungit
2270 573 2283 609 :
2328 576 2347 608 ι
2382 558 2446 610 Et
2478 556 2744 609 timebunt
2773 558 2863 624 qui
2912 544 3155 612 habitant
3182 562 3438 617 terminos
3465 580 3495 617 α

1960 651 2127 719 signis
2149 648 2277 702 tuis.
2320 666 2339 698 ι
2370 647 2507 697 Nam
2533 645 2674 713 quod
2701 660 2889 698 omnes
2917 648 3005 714 qui
3045 648 3357 703 habitabant
3382 659 3499 705 ter-

1959 740 2135 793 minos
2160 746 2319 792 terra:
2336 736 2589 789 timerent
2645 748 2673 784 a
2713 734 2884 800 signis
2913 732 3027 797 Dei,
3072 736 3123 788 id
3152 737 3414 791 honorum
3442 748 3496 794 et

1958 826 2455 895 sapientiminitium
2472 831 2587 877 erat
2613 838 2625 871 :
2647 822 2908 890 siquidem
2936 841 2953 872 ι
2984 824 3195 878 initium
3222 828 3496 895 sapientiae

1958 917 2119 970 timor
2145 914 2355 969 Domini
2380 915 2444 967 ¹³.
2477 932 2495 963 ι
2526 912 2621 966 His
2663 911 2729 965 de
2776 910 2957 965 causis
2986 930 3003 961 ι
3034 910 3091 965 In
3123 913 3277 968 ﬁnem
3306 935 3322 966 ι
3352 918 3492 984 psal-

1958 1021 2077 1059 mus
2101 1005 2424 1059 inscribitur
2448 1020 2461 1054 :
2486 1011 2675 1072 estque
2696 1003 2933 1070 psalmus
2959 1003 3176 1066 cantici,
3206 1005 3496 1074 triumpha-

1957 1095 2058 1147 lem
2072 1095 2328 1165 hymnum
2348 1096 2401 1147 in
2421 1092 2761 1147 Servatorem
2777 1095 3014 1162 gentium
3034 1094 3411 1162 complectens.
3432 1095 3494 1148 Et

1956 1182 2024 1234 ob
2041 1197 2155 1236 eam
2180 1197 2291 1235 rem
2315 1182 2550 1249 Spiritus
2566 1188 2786 1236 sanctus
2806 1181 2991 1245 Deum,
3020 1183 3109 1251 qui
3140 1197 3299 1250 supra
3314 1185 3493 1237 omnia

1956 1277 2038 1323 est
2059 1308 2072 1331 ,
2106 1271 2341 1324 celebrat
2376 1270 2562 1324 dicens
2592 1290 2604 1323 :
2648 1290 2663 1320 ι
2684 1268 2761 1324 Te
2794 1271 2945 1324 decet
2974 1270 3397 1339 hymnus,Deus,
3438 1273 3492 1325 in

1956 1356 2105 1410 Sion.
2133 1375 2151 1408 ι
2176 1358 2341 1421 Quem
2360 1358 2501 1411 enim
2517 1359 2679 1411 alium
2700 1374 2796 1427 pro
2815 1360 3051 1412 omnium
3066 1359 3340 1413 hominum
3356 1361 3494 1415 salu-

1953 1453 2007 1497 te
2017 1444 2277 1499 celebrari
2292 1446 2550 1513 oportuit,
2563 1447 2667 1501 nisi
2686 1448 2861 1501 omnis
2876 1448 3000 1501 boni
3018 1449 3493 1503 auetorem?Docet

1954 1542 2129 1586 autem
2148 1533 2285 1587 idem
2306 1533 2539 1602 Spiritus
2553 1549 2645 1587 eos
2659 1534 2746 1602 qui
2762 1550 2824 1588 ex
2850 1536 3096 1604 gentibus
3111 1536 3367 1590 accedunt
3392 1540 3490 1593 soli

1952 1620 2059 1674 Deo
2072 1621 2245 1674 dicere
2257 1621 2448 1675 debere
2464 1640 2505 1674 τι
2518 1621 2589 1675 Te
2604 1622 2757 1677 decet
2768 1624 3014 1692 hymnus,
3030 1625 3206 1693 iquasl
3220 1639 3334 1679 sese
3344 1626 3493 1679 dam-

1956 1716 2167 1771 nantes,
2201 1708 2343 1777 quod
2368 1710 2659 1764 multorum
2726 1712 3009 1766 numinum
3040 1714 3209 1767 errori
3238 1713 3491 1768 indecen-

272 1798 456 1855 κότας
477 1797 717 1859 ἑαυτῶν,
748 1799 835 1850 ὅτε
881 1799 954 1867 μὴ
984 1802 1284 1867 πρέποντας
1314 1802 1511 1871 ὕμνους
1546 1806 1855 1873 ἀνέπεμπον

1955 1804 2037 1849 ter
2066 1797 2292 1865 hymnos
2319 1798 2643 1851 emisissent.
2678 1798 2837 1852 Deum
2865 1809 3038 1853 autem
3071 1800 3300 1869 hymnus
3322 1800 3490 1862 decet,

266 1889 348 1953 τῇ
388 1886 647 1955 πολυθέῳ
674 1887 872 1956 πλάνῃ.
902 1887 1104 1956 Πρέπει
1130 1888 1186 1940 δὲ
1222 1888 1385 1957 ὕμνος
1408 1890 1483 1958 τῷ
1503 1891 1619 1959 Θεῷ
1646 1893 1705 1943 οὐ
1730 1895 1852 1955 πᾶς,

263 1973 404 2024 ἀλλ’
434 1974 463 2023 6
487 1975 547 2024 ἐν
588 1973 730 2025 Σιὼν
773 1975 1241 2043 ἀναπεμπόμενος,
1282 1976 1476 2045 δηλαδὴ
1503 1980 1531 2028 6
1555 1980 1611 2030 ἐν
1638 1983 1700 2048 τῇ
1736 1982 1855 2031 Ἐκ-

268 2061 489 2129 κλησίᾳ
519 2062 714 2114 αὐτοῦ.
744 2062 880 2114 Σιὼν
920 2064 1015 2131 μὲν
1043 2064 1148 2132 γάρ
1185 2064 1331 2116 ἐστιν
1368 2064 1587 2135 ἀληθινὴ
1627 2070 1657 2136 ἡ
1694 2070 1853 2119 ἐπου-

274 2150 479 2217 ράνιος
514 2150 889 2220 Ἰερουσαλὴμ,
916 2153 1005 2203 καὶ
1032 2153 1088 2203 τὸ
1104 2150 1414 2219 ἐπουράνιον
1435 2153 1555 2221 ὅρος
1582 2155 1673 2206 τοῦ
1687 2155 1817 2207 Θεοῦ
1837 2173 1849 2185 ο

270 2239 419 2307 περὶ
453 2234 517 2290 οὕ
550 2237 819 2293 διδάσκων
862 2242 890 2291 6
929 2240 1243 2303 Ἀπόστολος
1262 2242 1407 2309 ἔλεγε
1431 2259 1443 2272 ο
1483 2261 1500 2291 ι
1526 2244 1855 2313 Προσεληλῦ-

268 2326 591 2378 Θατε-Σιὼν
617 2326 755 2395 δρει,
798 2328 890 2378 καὶ
922 2327 1069 2380 πόλει
1096 2328 1227 2381 Θεοῦ
1261 2330 1473 2401 ζῶντος,
1517 2330 1855 2402 Ἰερουσαλὴμ

270 2413 627 2481 ἐπουρανίῳ,
686 2416 779 2465 καὶ
822 2416 1073 2484 μυριάσιν
1124 2417 1368 2483 ἀγγέλων
1414 2418 1727 2488 πανηγύρει,
1763 2421 1855 2471 καὶ

288 2501 605 2572 Ἐκκλησία
668 2505 1021 2573 πρωτοτόκων
1069 2507 1564 2577 ἀπογεγραμμένων
1602 2511 1658 2561 ἐν
1694 2511 1855 2579 οὐρα-

268 2592 400 2652 νοῐς
424 2606 439 2619 ο
484 2608 503 2640 ι
534 2591 631 2642 καὶ
693 2593 881 2644 πάλιν·
910 2612 928 2642 ι
984 2595 1045 2644 Ἢ
1101 2593 1155 2644 δὲ
1184 2594 1292 2647 ἀνω
1335 2597 1676 2666 Ἰερουσαλὴμ
1705 2598 1854 2649 ἐλευα

267 2677 427 2746 Θέρα
465 2679 645 2739 ἐστὶν,
689 2679 809 2745 ἥτις
848 2680 963 2731 ἐστὶ
998 2682 1175 2750 μήτηρ
1201 2682 1374 2750 ημῶν.
1418 2702 1435 2732 ι
1499 2683 1641 2754 Αὕτη
1676 2682 1739 2736 ἂν
1770 2685 1852 2754 εἴη

264 2768 307 2835 ἠ
352 2766 574 2835 ἀληθὴς
626 2768 995 2837 Ἰερουσαλὴμ,
1030 2770 1120 2821 καὶ¹
1170 2774 1201 2839 ἡ
1247 2771 1444 2839 κυρίως
1492 2772 1856 2841 ἀναδειχθεϊσα

266 2853 452 2917 Σιὼν,
483 2856 572 2921 ἐφ’
605 2850 677 2923 ἦς
706 2857 799 2907 καὶ
848 2856 1145 2923 βασιλεύειν
1196 2859 1434 2911 λέλεκται
1475 2863 1503 2913 6
1549 2860 1733 2930 Σωτὴρ
1766 2862 1855 2913 καλ⁴

260 2943 497 3011 Κύριος
542 2943 726 3010 ἡμῶν,
762 2943 951 3014 ὥσπερ
1000 2942 1089 2997 οὖν
1121 2946 1354 2999 διδάσκει
1394 2947 1562 3013 λέγων
1590 2948 1745 3009 αὐτὸς
1798 2949 1854 2999 ἐν

261 3032 320 3083 6'
362 3031 575 3100 ψαλμῷ
596 3048 610 3061 ο
645 3050 663 3081 ι
708 3032 847 3098 Ἐγὼ
880 3033 934 3084 δὲ
959 3034 1290 3103 κατεστάθην
1328 3034 1575 3103 βασιλεὺς
1600 3036 1691 3087 ἐπὶ
1718 3034 1853 3086 Σιὼν

258 3121 296 3172 ὅ
304 3137 415 3190 ρος
426 3120 489 3171 τὸ
524 3120 682 3187 ἅγιον
710 3120 891 3172 αὐτοῦ.
906 3139 923 3169 i
946 3122 1007 3174 Ἡ
1032 3121 1165 3190 αὕτη
1184 3123 1226 3174 δ’
1252 3122 1315 3174 ἂν
1336 3125 1416 3192 εἴη
1437 3127 1466 3192 ὴ
1487 3122 1855 3189 καταγγελλο-

263 3212 431 3282 μένη
492 3213 609 3271 τοῖς
637 3210 700 3260 τὸ
750 3210 1071 3276 Εὐαγγέλιον
1116 3211 1566 3280 παραδεχομένοις
1617 3213 1852 3281 βασιλεία

253 3299 559 3367 οὐρανῶν.
619 3298 797 3351 Elicth
856 3298 898 3350 δ’
947 3300 1156 3369 ἐκείνης
1204 3302 1236 3368 ή
1285 3301 1376 3352 ἐπὶ
1408 3302 1506 3369 γῆς
1551 3302 1740 3367 γένοιτ’
1788 3302 1852 3353 ἂν

273 3385 605 3454 Ἐκκλησία
625 3401 638 3413 ’
670 3384 971 3453 ὁμωνύμως
1000 3388 1091 3438 καὶ
1121 3386 1254 3454 αὑτὴ
1280 3384 1579 3453 καλουμένη
1607 3386 1729 3436 ποτὲ
1758 3387 1851 3452 μὲν

255 3475 468 3536 Σιὼν,
524 3472 659 3524 ποτὲ
705 3472 762 3523 δὲ
817 3472 1197 3542 Ἰερουσαλὴμ,
1256 3475 1348 3525 καὶ
1390 3473 1570 3525 ἄλλοτε
1614 3473 1851 3541 θυγάτηρ

254 3561 449 3623 Σιὼν,
499 3561 533 3628 ἦ
582 3560 828 3629 θυγάτηρ
867 3560 1229 3631 Ἰερουσαλήμ.
1268 3561 1419 3614 Οὕτω
1450 3561 1575 3629 γοῦν
1604 3562 1768 3631 αὐτὴν
1802 3562 1848 3612 oi

257 3650 573 3720 προφῆται
638 3647 980 3711 θεσπίζοντες
1024 3640 1361 3719 ἀνηγόρευον.
1409 3652 1465 3701 '0
1491 3649 1665 3701 τοίνυν
1687 3649 1851 3718 ὕμνος

253 3745 297 3794 ὀ
338 3742 402 3791 ἐν
437 3741 506 3808 τῇ
547 3736 708 3799 Σιὼν,
748 3739 865 3806 ἤτοι
913 3742 974 3806 τῇ
1017 3740 1333 3808 ἐπουρανίῳ,
1365 3739 1396 3807 ἢ
1424 3742 1515 3791 καὶ
1541 3742 1603 3808 τῇ
1630 3739 1719 3791 ἐπὶ
1749 3740 1851 3807 γῆς

276 3827 609 3897 Ἐκκλησία
640 3826 732 3877 τοῦ
766 3823 898 3877 Θεοῦ
954 3823 1222 3896 ᾀδόμενος,
1260 3828 1453 3897 πρέποι
1483 3827 1547 3880 ἂν
1583 3829 1737 3896 μόνος
1777 3827 1850 3896 τῷ

263 3921 463 3985 ὕμνου
472 3916 627 3983 μένῳ
645 3913 781 3981 Θεῷ.
804 3915 956 3965 Πᾶσα
980 3915 1034 3966 δὲ
1059 3919 1089 3983 ἡ
1114 3916 1263 3977 ἐκτὸς
1284 3917 1379 3984 τῆς
1422 3916 1735 3984 Ἑκκλησίας
1759 3916 1848 3968 τοῦ

256 4009 421 4061 Θεοῦ
480 4006 750 4075 λεγομένη
814 4006 1074 4071 θεολογία,
1127 4008 1229 4057 εἴτε
1262 4006 1408 4074 παρά
1445 4010 1554 4067 τοῖς
1594 4005 1855 4074 Ἑλλήνων

260 4100 497 4165 σοφοῖς,
553 4096 661 4146 εἴτε
697 4093 843 4162 παρά
881 4098 990 4155 τοῖς
1020 4094 1193 4155 ἀθέοις
1236 4093 1571 4163 ἐτεροδόξοις,
1604 4094 1850 4163 ἀπρεπὴς

260 4190 344 4241 ἂν
393 4185 510 4253 εἴη.
576 4182 699 4233 Τῶν
744 4181 855 4249 ,γὰρ
906 4184 1034 4253 παρ’
1068 4182 1285 4251 Ἕλλησι
1342 4182 1515 4249 σοφῶν
1548 4185 1595 4234 οἱ
1635 4184 1729 4250 μεέν
1772 4183 1850 4242 είς

259 4275 563 4339 ἀθεότητα
604 4268 840 4335 παντελῆ
875 4268 1380 4330 καταπεπτώκασιν,
1405 4271 1452 4320 οί
1484 4270 1539 4321 δὲ
1571 4270 1668 4338 τὴν
1693 4269 1850 4320 πολύ-

1956 1900 2059 1937 non
2084 1886 2280 1953 quivis,
2310 1887 2402 1939 scd
2426 1888 2516 1953 qui
2535 1888 2585 1939 in
2610 1887 2761 1949 Sion,
2793 1889 3038 1941 videlicet
3059 1888 3148 1956 qui
3183 1887 3491 1945 inEcclcsia

1953 1973 2070 2039 ejus
2122 1974 2401 2026 emittitur.
2442 1973 2572 2024 Nam
2603 1989 2725 2027 vera
2786 1973 2915 2028 Sion
2949 1974 3493 2029 estvcmlestisleru-

1954 2062 2141 2122 salem,
2194 2070 2247 2115 et
2303 2062 2541 2115 caelestis
2594 2077 2749 2115 mons
2784 2061 2918 2115 Dei:
2981 2063 3046 2115 de
3075 2078 3181 2129 quo
3207 2064 3492 2129 Apostolus

1953 2148 2069 2199 haec
2102 2146 2290 2200 docuit
2324 2168 2334 2200 :
2374 2166 2391 2197 ι
2429 2146 2752 2201 Accessistis
2778 2147 2843 2199 ad
2894 2147 3021 2200 Sion
3050 2159 3303 2211 montem,
3340 2157 3395 2203 et
3415 2150 3492 2202 ci-

1952 2235 2167 2288 vitatem
2190 2234 2285 2289 Dei
2306 2235 2558 2298 viventis,
2605 2230 2901 2289 Jerusalem
2949 2235 3242 2297 cmlestem,
3277 2244 3328 2289 et
3353 2236 3492 2289 mul-

1953 2329 2126 2377 torum
2165 2324 2389 2377 millium
2441 2325 2748 2393 angelorum
2801 2322 3174 2389 frequentiam,
3207 2332 3260 2376 et
3310 2324 3491 2378 Eccle-

1952 2411 2083 2465 siam
2116 2414 2527 2480 primitivorum,
2555 2414 2644 2481 qui
2677 2413 3105 2481 conscriptisunt
3132 2412 3183 2464 in
3212 2413 3484 2477 cmlis”;i

1953 2514 2015 2554 ac
2043 2517 2289 2555 rursum:
2329 2522 2346 2551 ι
2381 2505 2473 2556 Illa
2518 2512 2695 2557 autem
2730 2520 2848 2572 qua?
2881 2520 3095 2559 sursum
3142 2512 3226 2556 est
3270 2502 3488 2557 Jerusa-

1953 2589 2074 2654 lem,
2107 2590 2275 2643 libera
2330 2597 2431 2652 est,
2476 2606 2596 2658 quae
2648 2596 2729 2643 est
2776 2598 2948 2644 mater
2998 2600 3179 2642 nostra
3218 2592 3278 2639 ⁸⁵.
3311 2608 3329 2639 ι
3367 2589 3488 2642 Haec

1953 2694 2081 2733 sane
2108 2679 2265 2733 fuerit
2302 2696 2427 2733 vera
2458 2679 2776 2744 Jerusalem,
2831 2689 2883 2735 et
2946 2697 3064 2749 qua:
3092 2682 3306 2749 proprie
3361 2680 3487 2734 Sion

1952 2767 2303 2835 comprobata
2324 2775 2426 2827 est,
2464 2770 2516 2820 in
2542 2781 2645 2835 qua
2673 2782 2897 2836 regnare
2930 2767 3129 2821 dicitur
3164 2766 3411 2821 Salvator
3437 2774 3490 2822 et

1952 2856 2209 2911 Dominus
2241 2868 2444 2922 noster,
2476 2865 2531 2909 ut
2562 2858 2675 2925 ipse
2695 2857 2853 2911 docet
2885 2858 2938 2910 in
2980 2856 3218 2912 secundo
3248 2858 3484 2925 psalmo:

1958 2945 2121 3014 «Ego
2181 2954 2359 2998 autem
2424 2946 2753 2999 constitutus
2821 2961 2939 3000 sum
3000 2961 3091 2999 rex
3152 2962 3311 3014 super
3359 2945 3487 3000 Sion

1954 3042 2184 3087 montem
2211 3040 2456 3087 sanctum
2484 3033 2603 3100 ejus
2646 3035 2707 3085 ".
2753 3053 2769 3083 ι
2805 3033 2861 3086 Id
2916 3034 3089 3101 ipsum
3121 3042 3297 3086 autem
3330 3034 3489 3087 fuerit

1954 3136 2175 3190 regnum
2205 3122 2487 3183 canorum,
2513 3121 2655 3188 quod
2707 3121 3098 3188 accipientibus
3141 3121 3481 3187 Evangelium

1952 3211 2320 3263 annuntiatur.
2354 3210 2532 3275 Imago
2553 3209 2887 3262 autemillius
2916 3206 3076 3261 fuerit
3098 3208 3335 3261 Ecclesia
3371 3225 3487 3276 qua:

1951 3302 2004 3351 in
2040 3307 2181 3351 terra
2212 3304 2293 3359 est
2332 3312 2343 3346 :
2378 3308 2495 3363 qua:
2530 3295 2643 3361 pari
2674 3294 2889 3345 nomine
2933 3293 3092 3346 modo
3124 3291 3275 3352 Sion,
3326 3292 3484 3346 modo

1949 3386 2267 3446 Jerusalem,
2303 3383 2589 3451 aliquando
2624 3381 2730 3433 lilia
2762 3380 2913 3441 Sion,
2944 3379 3229 3447 aliquando
3262 3378 3368 3431 ﬁlia
3400 3378 3485 3433 Je-

1950 3476 2184 3529 rusalem
2205 3474 2488 3525 vocitatur.
2530 3468 2621 3521 Sic
2644 3470 2823 3537 itaque
2854 3469 2997 3520 illam
3036 3467 3305 3537 propheta:
3338 3467 3486 3519 vati-

1948 3564 2191 3617 cinantes
2232 3558 2587 3630 appellabant.
2619 3556 2860 3626 Hymnus
2908 3556 3067 3625 igitur
3116 3556 3206 3623 qui
3243 3556 3298 3607 in
3331 3552 3482 3617 Sion,

1948 3652 2039 3705 illa
2075 3650 2280 3702 scilicet
2323 3647 2550 3707 emlesti,
2601 3644 2712 3697 sive
2758 3644 2809 3695 in
2852 3642 3089 3696 Ecclesia
3124 3640 3215 3694 Dei
3265 3655 3382 3709 quae
3429 3641 3483 3693 in

1949 3746 2091 3791 terra
2114 3745 2215 3797 est,
2243 3735 2477 3796 canitur,
2510 3733 2657 3786 solus
2683 3719 3007 3782 celebrando
3049 3727 3153 3780 Deo
3183 3726 3480 3780 conveniat.

1952 3824 2137 3879 Omnis
2154 3838 2281 3877 vero
2332 3836 2452 3890 qua:
2484 3830 2634 3874 extra
2658 3818 2953 3871 Ecclesiam
2993 3816 3082 3869 Dei
3106 3815 3371 3882 theologia
3402 3814 3483 3866 di-

1950 3912 2109 3974 citur,
2160 3910 2271 3963 sive
2325 3907 2464 3977 apud
2508 3904 2815 3959 Graecorum
2846 3902 3137 3969 sapientes,
3188 3902 3300 3954 sive
3346 3899 3483 3967 apud

1951 4000 2142 4067 impios
2187 3998 2540 4050 heterodoxos
2574 4033 2587 4057 ,
2641 3992 2893 4046 indecens
2941 3989 3043 4042 dici
3104 3988 3294 4053 possit.
3350 3986 3483 4038 Nam

1950 4088 2119 4142 Graeci
2156 4088 2443 4155 sapientes,
2470 4084 2561 4135 alii
2585 4083 2637 4134 in
2667 4081 2867 4133 nullius
2902 4077 2995 4130 Dei
3023 4080 3224 4128 cultum
3271 4076 3484 4143 penitus

1950 4177 2083 4245 lapsi
2117 4183 2270 4239 sunt;
2308 4174 2395 4226 alii
2425 4173 2715 4224 multorum
2768 4165 3047 4220 numinum
3078 4178 3315 4216 errorem
3345 4163 3485 4214 cele-

1949 4261 2191 4314 brarunt.
2228 4259 2375 4325 lmpii
2402 4264 2577 4311 autem
2611 4252 2843 4306 lneretici
2870 4289 2885 4313 ,
2918 4251 3005 4301 alii
3028 4249 3326 4325 plurimae!
3355 4264 3484 4302 con-

464 4323 680 4425 πλάνην
722 4323 1033 4424 ἐσέμνυναν.
1071 4357 1187 4407 Τῶν
1218 4357 1273 4408 δὲ
1306 4323 1474 4409 ἀθέων
1518 4323 1845 4426 αίρέσιωτῶν

1953 4348 2116 4400 traria
2148 4323 2409 4414 principia
2437 4341 2868 4402 constituerunt;
2900 4336 2988 4388 alii
3018 4335 3195 4404 pravis
3224 4323 3485 4402 malisque

255 4455 313 4506 ot
344 4449 462 4520 μὲν
501 4443 759 4504 πλείστας
792 4446 882 4517 καὶ
907 4445 1149 4504 ἐναντίας
1176 4444 1343 4512 ἀρχὰς
1374 4446 1756 4513 ὑπεστήσαντο,
1798 4446 1845 4495 εί

253 4544 314 4596 δὲ
352 4537 644 4605 πονηραῖς
678 4535 771 4585 καὶ
815 4532 1042 4599 φαύλαις
1073 4532 1327 4599 δυνάμεσι
1373 4533 1468 4600 τὴν
1512 4533 1601 4584 τοῦ
1653 4533 1846 4594 παντὸς

250 4631 556 4695 διοίκησιν
577 4622 1002 4676 ἀνατεθείκασιν.
1027 4621 1162 4686 Ἤδη
1186 4621 1240 4671 δὲ
1269 4622 1360 4671 καὶ
1380 4622 1551 4673 αὐτῶν
1588 4621 1846 4673 Ἰουδαίων

250 4717 501 4775 παῖδες.
541 4710 1004 4780 ἀνθρωπόμορφον
1038 4710 1127 4759 καὶ
1155 4707 1547 4776 ἁνθρωποπαθῆ
1576 4709 1664 4760 τὸν
1696 4709 1845 4769 Θεὸν,

242 4811 334 4879 τῷ
384 4805 471 4873 μὴ
506 4803 647 4853 νοεῖν
683 4798 778 4859 τὰς
805 4796 1047 4866 Γραφάς,
1082 4795 1381 4861 εἰσάγοντες
1406 4812 1418 4825 ·
1455 4795 1585 4847 ἀλλά
1614 4798 1704 4846 καὶ
1753 4814 1850 4863 μυ-

240 4898 356 4968 ρία
394 4890 614 4941 ἔκτοπα
633 4886 725 4936 καὶ
754 4882 983 4936 ταπεινά
1023 4880 1451 4968 μυθολογοῦντες,
1480 4881 1687 4952 μακρὰν
1721 4884 1851 4934 ἀπο..

233 4967 613 5038 πεπτώκασι
656 4972 747 5024 τοῦ
786 4972 1091 5040 πρέποντος
1123 4968 1305 5033 ὕμνου.
1340 4967 1502 5019 Μόνοι
1528 4968 1581 5017 δέ
1602 4971 1647 5019 oi
1681 4971 1737 5020 ἐν
1784 4972 1846 5037 τῇ

241 5062 597 5132 Ἐκκλησία
623 5061 716 5113 τοῦ
750 5057 887 5111 Θεοῦ
924 5058 1015 5108 τὸν
1048 5056 1317 5122 πρέποντα
1343 5053 1504 5121 ὕμνον
1538 5057 1663 5124 παρ’
1689 5058 1848 5109 αὑτοῦ

224 5152 652 5220 δεδιδαγμένοι
698 5146 793 5199 τοῦ
828 5143 1090 5211 Σωτῆρος
1122 5140 1465 5203 ἐπαξίωςτδν
1491 5142 1701 5211 Πατέρα
1737 5145 1849 5197 θεο-

223 5243 524 5315 λογοῦσιν
544 5257 556 5270 ·
587 5239 615 5291 ὃ
640 5237 702 5305 δὴ
726 5234 1037 5303 παρίστησι
1054 5228 1140 5279 διὰ
1165 5228 1258 5293 τῆς
1282 5226 1411 5293 μετὰ
1432 5230 1611 5315 χεῖρας
1632 5232 1850 5295 φάσκων

224 5314 430 5404 ᾠδῆς.
464 5352 481 5382 ε
509 5330 601 5382 Σοὶ
628 5324 836 5394 πρέπει
867 5320 1073 5404 ὕμνος,
1157 5314 1298 5404 Θεὸς,
1329 5315 1383 5363 ὲν
1415 5314 1563 5404 Σιών.
1602 5334 1619 5365 ι
1660 5318 1851 5404 ,Ἀπρε-

393 5420 449 5474 δὲ
475 5419 652 5487 ὕμνος
678 5405 911 5475 λεχθείη
942 5402 1013 5453 ἂν
1034 5403 1062 5449 6
1093 5400 1297 5466 δαίμοσι
1322 5402 1563 5465 πονηροῖς
1588 5403 1678 5452 καὶ
1701 5405 1852 5454 πνεύ-

306 5603 350 5635 ”
377 5594 537 5653 "sui.
572 5600 664 5640 cx,
704 5576 797 5629 10.
940 5570 989 5598 ³³
1018 5567 1176 5619 Hebr.
1222 5582 1312 5629 xu,
1349 5566 1429 5619 .2;

1507 5571 1542 5597 ’⁵
1576 5570 1751 5625 Gaiat.
1793 5589 1864 5636 iv,
1898 5576 1985 5628 9.6.

1952 4434 2241 4486 virtutibus
2303 4431 2541 4484 universi
2586 4424 3102 4481 administrationem
3164 4423 3481 4490 ascripsere.

1951 4521 2066 4575 Jam
2128 4535 2253 4573 vero
2314 4520 2416 4587 ipsi
2458 4516 2648 4577 Judaei,
2702 4514 2990 4564 humanam
3031 4510 3255 4564 formam
3296 4513 3485 4563 huma-

1952 4625 2157 4679 nosque
2189 4609 2429 4670 affectus,
2481 4603 2622 4673 quod
2660 4601 2963 4666 Scripturas
3021 4615 3128 4653 non
3164 4601 3483 4667 intelligunt,

1954 4698 2062 4753 Deo
2107 4699 2366 4765 afﬁngunt
2400 4714 2411 4746 :
2446 4694 2551 4745 imo
2582 4705 2708 4743 vero
2731 4687 2938 4741 inﬁnita
2992 4688 3227 4741 absurda
3250 4686 3486 4754 objecta-

1950 4802 2053 4855 que
2105 4786 2423 4843 fabulantes,
2464 4781 2529 4832 ab
2584 4780 2781 4847 hymno
2812 4777 2903 4843 qui
2937 4775 3126 4827 deceat
3172 4776 3327 4843 longe
3367 4790 3489 4841 pro-

1948 4876 2082 4942 lapsi
2099 4881 2245 4928 sunt.
2267 4873 2307 4925 li
2338 4884 2461 4923 vero
2500 4864 2598 4920 soli
2631 4866 2720 4933 qui
2747 4868 2798 4916 in
2819 4862 3058 4914 Ecclesia
3092 4862 3183 4916 Dei
3211 4864 3486 4914 decentem

1948 4963 2202 5033 hymnum
2231 4962 2297 5014 ab
2329 4963 2443 5027 ipso
2470 4955 2753 5009 Servatore
2781 4950 2955 5003 edocti
2990 4959 3137 5012 sunt,
3171 4950 3486 5017 condignam

1955 5052 2296 5117 divinamquc
2321 5048 2385 5100 de
2415 5046 2572 5098 Patre
2607 5040 2901 5095 doctrinam
2934 5035 3204 5100 eﬂ‘erunt;
3241 5036 3381 5103 quod
3433 5038 3486 5087 in

1954 5140 2201 5209 praesenti
2248 5136 2457 5190 cantico
2490 5132 2790 5184 declaratur
2813 5124 2896 5176 his
2926 5126 3151 5177 verbis:
3187 5145 3203 5174 ι
3246 5124 3321 5176 Te
3340 5124 3491 5177 decet

1956 5231 2206 5300 hymnus,
2239 5226 2395 5287 Deus,
2422 5226 2477 5277 in
2515 5221 2659 5275 Sion.
2691 5238 2708 5268 ι
2748 5215 3007 5269 lndecens
3041 5230 3207 5282 porro
3262 5217 3492 5283 hymnus

1955 5318 2185 5378 dicatur,
2211 5316 2300 5384 qui
2336 5311 2579 5378 malignis
2612 5301 2940 5359 dmmonibus
2963 5301 3303 5371 iinpurisque
3330 5302 3492 5370 spiri-

1954 5407 2097 5459 tibus
2126 5403 2409 5457 emittitur:
2436 5398 2685 5450 indecens
2717 5394 2837 5443 item
2855 5389 2942 5455 qui
2975 5390 3104 5453 soli,
3147 5393 3305 5455 luam,
3335 5389 3495 5444 astris

2068 5578 2109 5605 ¹⁶
2142 5573 2279 5625 Psal.
2315 5585 2372 5630 ιι,
2406 5566 2456 5617 6.
