3818 6370
162 364 315 436 s29

1425 366 1911 421 COMMENTARIA
1951 366 2013 418 IN
2054 365 2379 420 PSAIMOS.

3383 367 3485 419 050

186 472 308 534 τοῦ
354 456 615 529 ψαλμοῦ,
649 464 969 537 ζητήσειεν
989 474 1051 525 ἀν
1080 490 1179 534 τις,
1219 474 1342 525 πότε
1377 475 1461 526 τὸν
1494 476 1651 529 ama
1683 476 1855 544 ἢτοὺς

1965 490 2077 527 cum
2105 475 2313 543 psalmi,
2348 493 2363 522 ι
2408 472 2617 524 Davidis
2654 491 2669 513 ι
2697 471 3007 539 inscriptum
3032 481 3145 536 est;
3191 482 3485 538 opportune

216 570 335 619 ὡς)
400 550 560 620 αυτῷ
609 553 778 623 λόγοι
832 561 1054 630 ἀνόμων
1107 562 1619 631 ὑπερεδυνάμωσαν·
1656 563 1853 631 ἢκατὰ

235 654 337 703 τδν
386 637 733 711 Σῦμμςαχον,
778 664 798 695 ι
838 649 1363 700 κατεδυνάστευσαν·
1398 670 1413 697 ι
1458 652 1610 711 ποίας
1647 650 1702 700 δέ
1762 644 1852 702 καὶ

254 728 516 792 ἀσεϐείας
552 733 847 803 ἐκτήσατο
866 738 895 787 ό
921 737 1167 799 τοσοῦτος
1198 738 1287 788 τοῦ
1318 738 1447 789 Θεοῦ
1467 741 1743 808 προφήτης
1762 739 1853 789 καὶ

271 828 335 878 οἱ
360 823 445 875 σὺν
463 823 640 891 αὐτῷ,
667 825 935 896 ἐπείπερ,
958 845 975 876 ι
997 828 1093 889 τὰς
1120 828 1361 889 ἀσεϐείας
1381 828 1531 896 ήμῶν
1561 830 1622 881 σὺ
1644 829 1814 896 ἱλάσῃ,
1830 848 1847 877 ι

272 913 463 982 φησίν.
493 911 662 964 Ἀλλά
710 914 851 982 γὰρ,
904 915 979 975 ὼς
1041 914 1467 984 ἀποδεδώκαμεν,
1514 917 1853 985 προφητικῶς

275 1003 347 1053 στδ
374 1000 599 1069 Πνεῦμα
632 1001 694 1052 τὸ
726 1001 908 1068 ἆγιον,
945 1003 1044 1069 τῆς
1070 1002 1176 1053 τῶν
1206 1003 1369 1056 ἐθνῶν
1392 1004 1625 1074 κλήσεως
1655 1021 1854 1073 μνημο-

273 1091 506 1151 νεῦσαν,
568 1090 665 1142 καὶ
716 1091 921 1158 φῆσαν·
966 1112 982 1142 ι
1020 1092 1158 1161 Πρὸς
1194 1092 1250 1143 σέ
1292 1096 1438 1145 πᾶσα
1480 1094 1611 1162 σὰρξ
1640 1094 1786 1161 ἥξει,
1832 1113 1849 1144 ι

273 1179 605 1241 ἀκολούθως
654 1181 757 1249 τὴν
810 1180 1190 1249 ἐξομολόγησιν
1231 1181 1405 1232 αὐτῶν
1448 1181 1747 1250 διαγράφει,
1799 1182 1856 1245 ἐξ

272 1268 473 1320 αὐτῶν
520 1265 819 1335 προσώπου
890 1267 1120 1333 φάσκον·
1174 1284 1191 1316 ι
1240 1266 1396 1332 Λόγοι
1440 1268 1648 1335 ἀνόμων
1693 1270 1855 1337 ὑπερ-

276 1356 652 1423 εδυνάμωσαν
681 1355 850 1422 ἡμᾶς,
890 1372 908 1404 ι
940 1354 1180 1405 τουτέστι
1220 1355 1493 1423 κρείττους
1524 1355 1674 1423 ήμῶν
1705 1356 1857 1422 γεγό-

274 1461 416 1494 νασι
450 1443 546 1493 καὶ
579 1440 939 1509 δυνατώτεροι
983 1442 1133 1511 ήμῶν
1181 1443 1229 1492 οἱ
1279 1442 1383 1492 τῶν
1427 1444 1636 1511 ἀνόμων
1690 1443 1854 1509 λόγοι.

280 1531 525 1597 Ἀνομοι
557 1528 619 1578 δέ
650 1527 851 1587 πάντες
874 1521 1010 1594 ἦσαν
1049 1527 1097 1576 οἱ
1122 1527 1321 1593 πρῶτοι
1352 1529 1739 1597 συστησάμενοι
1762 1530 1856 1598 τὴν

272 1620 398 1671 τῶν
428 1616 668 1668 εἰδώλων
702 1615 976 1666 Θεοποιίαν
998 1631 1010 1643 ·
1051 1616 1194 1681 λόγοι
1222 1633 1281 1666 τε
1320 1617 1493 1668 αὐτῶν
1520 1620 1566 1669 οί
1595 1618 1679 1669 διὰ
1704 1635 1856 1686 ποιη-

267 1705 397 1756 τῶν
418 1704 513 1756 καὶ
547 1703 660 1754 τῶν
696 1703 872 1768 σοφῶν
896 1701 988 1752 τοῦ
1018 1702 1207 1764 αἰῶνος
1226 1703 1408 1755 τούτου
1435 1706 1559 1773 περὶ
1582 1707 1675 1774 τῆς
1702 1706 1857 1757 πολυ-

1955 573 2223 631 quaaratur
2248 561 2583 630 quandonam
2608 561 2658 613 in
2687 560 2933 613 Davndem
2954 570 3043 612 aut
3070 575 3195 614 suos
3216 562 3372 613 verba
3389 562 3489 613 ini-

1957 668 2181 721 quorum
2201 654 2619 720 prmvaluerunt;
2646 652 2757 704 sive
2775 650 3066 705 secundum
3091 649 3485 720 Symmachum,

1964 758 1981 788 ι
2012 738 2265 791 dominati
2297 746 2421 791 sunt
2455 753 2467 785 :
2515 757 2531 787 ι
2566 737 2720 804 queis
2778 752 2904 790 vero
2954 737 3322 804 impietatibus
3366 754 3487 791 cum

1958 834 2138 879 tantus
2190 828 2277 879 ille
2330 825 2423 879 Dei
2476 827 2753 893 prOpheta,
2815 833 2926 877 tum
2964 826 3241 894 sociicjus
3283 829 3487 881 addicti

1958 913 2174 975 fuerint,
2203 914 2463 983 siquidem
2491 913 2587 975 ait,
2618 931 2635 962 ι
2674 914 3030 981 iinpietatibus
3062 917 3257 968 nostris
3287 924 3341 967 tu
3364 931 3487 984 pro-

1965 1001 2257 1068 pitiaberis.
2302 1021 2319 1051 ι
2356 999 2572 1060 Verum,
2604 1000 2679 1051 uti
2707 1001 2814 1066 jam
2845 999 3177 1062 tradidimus,
3209 1018 3330 1055 cum
3365 1002 3487 1070 Spi-

1959 1092 2095 1143 ritus
2127 1098 2347 1143 sanctus
2376 1089 2611 1157 gentium
2644 1090 2977 1141 vocationem
3003 1090 3308 1157 prophetico
3336 1106 3486 1143 com-

1959 1186 2213 1231 memoret
2243 1192 2303 1229 ac
2346 1177 2527 1229 dicat:
2566 1175 2693 1227 oAd
2724 1185 2776 1228 te
2832 1177 3007 1230 omnis
3047 1192 3175 1230 caro
3232 1178 3429 1239 veniet,
3464 1196 3482 1227 ι

1959 1279 2141 1316 earum
2172 1262 2563 1315 confessionem
2604 1271 2992 1328 consequenter
3014 1261 3290 1323 describit,
3325 1276 3387 1313 ac
3424 1277 3487 1315 ex

1959 1365 2141 1403 earum
2160 1364 2386 1416 persona
2405 1349 2531 1400 dicit
2558 1363 2571 1397 :
2603 1366 2620 1397 ‹
2667 1347 2836 1400 Verba
2854 1348 3157 1416 iniquorum
3194 1350 3487 1416 praevalue-

1961 1447 2085 1489 runt
2130 1452 2291 1505 super
2315 1451 2434 1496 nos,
2484 1455 2502 1489 ι
2537 1436 2586 1489 id
2612 1444 2713 1499 est,
2770 1436 2931 1489 verba
2984 1436 3286 1504 iniquorum
3330 1452 3488 1505 supe-

1962 1525 2105 1577 riora
2138 1539 2199 1576 ac
2232 1524 2529 1591 potentiora
2594 1524 2794 1577 nostris
2840 1524 3073 1577 fuerunt.
3115 1524 3287 1592 Iniqui
3313 1532 3487 1577 autem

1962 1613 2129 1677 fuere,
2169 1613 2259 1680 qui
2296 1613 2449 1680 primi
2502 1612 2642 1664 idola
2709 1612 2846 1664 inter
2892 1612 3020 1665 deos
3068 1620 3485 1679 computarunt:

1962 1702 2121 1754 verba
2151 1716 2309 1768 porro
2342 1716 2522 1754 eorum
2549 1708 2694 1763 sunt,
2730 1716 2849 1768 qua:
2875 1719 2899 1749 ιι
2936 1702 3103 1769 poetis
3135 1709 3187 1753 et
3231 1703 3485 1769 sapienti-

272 1793 416 1845 Θέου
452 1792 671 1859 πλάνης
706 1793 763 1842 ἐν
794 1791 1183 1859 συγγράμμασι
1206 1791 1675 1861 καταϐεϐλημένοι.
1725 1795 1855 1845 Ἀλλ’

1965 1791 2059 1843 bus
2087 1789 2245 1855 hujus
2304 1790 2483 1842 saeculi
2538 1790 2604 1841 de
2650 1790 2934 1841 multorum
2985 1789 3262 1841 numinum
3309 1804 3490 1842 errore

267 1876 435 1933 οὗτοι
501 1880 606 1948 μέν
661 1898 679 1929 ι
746 1879 1237 1931 κατεδυνάστευσαν
1290 1879 1475 1947 ήμῶν,
1528 1901 1545 1930 ι
1583 1881 1718 1933 κατὰ
1770 1882 1856 1934 τὸν

271 1968 629 2036 Σύμμαχον·
690 1968 753 2017 σὺ
816 1967 862 2018 δ’
912 1968 1008 2034 οὐχ
1057 1968 1333 2035 ὑπερεῖδες
1388 1970 1552 2035 ἡμᾶς,
1582 1970 1854 2021 Δέσποτα·

274 2055 466 2107 ﬁdam
494 2054 557 2105 δὲ
591 2053 691 2114 τάς
735 2052 987 2114 ἀσεϐείας
1031 2052 1204 2121 ήμῶν,
1242 2055 1593 2123 καταπέμψας
1620 2059 1747 2125 ἡμῖν
1771 2056 1858 2107 τὸν

270 2142 547 2209 ἱλασμὸν.
584 2141 652 2192 δι’
683 2134 743 2191 οῦ
775 2141 1039 2201 κατέστης
1070 2143 1198 2208 ἡμῖν
1240 2142 1412 2203 ἵλεως,
1447 2144 1680 2210 ὑπερϐὰς
1709 2145 1857 2213 ὴμῶν

270 2233 387 2291 τὰς
424 2228 713 2289 ἀσεϐείας.
736 2228 830 2287 Τίς
852 2226 907 2277 δέ
932 2230 1075 2278 ἐστιν
1101 2229 1128 2278 ὀ
1163 2226 1401 2294 ἱλασμδς,
1430 2228 1658 2281 διδάσκει
1692 2230 1857 2297 λέγων

267 2321 315 2371 ὁ
342 2316 681 2377 Ἀπόστολος
710 2332 775 2365 πε
784 2316 834 2383 ρὶ
856 2314 946 2366 τοῦ
964 2314 1206 2383 Σωτῆρος
1227 2333 1238 2344 ·
1267 2333 1282 2363 ι
1301 2318 1391 2367 “Ov
1419 2319 1666 2385 προέθετο
1685 2321 1711 2370 0
1732 2320 1859 2382 Θεὸς

272 2407 616 2475 ἱλαστήριον
674 2404 761 2455 διά
819 2404 1051 2465 πίστεως
1084 2406 1140 2455 ἐν
1171 2404 1247 2471 τῷ
1274 2404 1431 2455 αὑτοῦ
1476 2407 1691 2474 αἵματι·
1728 2428 1744 2458 ι
1770 2410 1859 2461 καὶ

271 2495 491 2548 πάλιν·
538 2512 556 2542 ι
600 2492 770 2553 Αὐτὸς
819 2491 1036 2559 ἱλασμός
1086 2494 1228 2543 ἐστιν
1259 2492 1393 2560 ὑπὲρ
1440 2494 1543 2545 τῶν
1582 2496 1858 2565 ἁμαρτιῶν

269 2583 452 2653 ἡμῶν
479 2598 492 2610 ·
525 2581 627 2647 οὐχ
667 2580 804 2646 ὑπὲρ
835 2579 940 2628 τῶν
990 2579 1262 2648 ἡμετέρων
1297 2579 1349 2629 δέ
1383 2580 1557 2646 μόνον,
1606 2583 1735 2634 ἀλλὰ
1772 2585 1859 2635 καὶ

271 2672 436 2738 ὑπὲρ
465 2670 593 2722 ὅλου
629 2667 723 2718 τοῦ
754 2668 973 2734 κόσμου.
1010 2686 1026 2714 ι

370 2882 409 2912 σε
442 2858 737 2927 Μακάριος
772 2857 829 2908 δν
857 2856 1078 2919 ἐξελέξω
1113 2858 1202 2908 καὶ
1232 2857 1579 2926 προσελάϐου,
1612 2863 1859 2930 κατοική-

273 2968 380 3002 σει
422 2952 481 3000 ἐν
518 2950 641 3007 ταῖς
682 2946 869 3007 αὐλαῖς
909 2962 1020 2996 σου.
1051 2964 1067 2993 ι
1116 2946 1177 2996 Οἱ
1202 2945 1260 3007 ἐξ
1288 2947 1535 2998 ἁπάντων
1561 2948 1665 2999 τῶν
1697 2950 1859 3001 ἐονῶν

270 3036 769 3107 ἐπιστρέψαντες,
812 3034 909 3095 τὰς
940 3033 1143 3084 ἑαυτῶν
1187 3034 1434 3096 ἀσεϐείας
1475 3037 1861 3107 ἐξομολογησά.

276 3144 478 3197 μενοι,
517 3126 615 3177 καὶ
644 3125 719 3185 ῶς
749 3122 1154 3192 κατηξιώθησαν
1184 3122 1272 3173 τοῦ
1312 3124 1555 3194 ἱλασμοῦ,
1591 3130 1861 3198 προκοπὴν

273 3215 722 3275 ἐπιδείκνυνται,
771 3213 860 3264 καὶ
902 3211 1077 3280 ψυχῆς
1117 3211 1377 3277 ὠφέλειαν
1421 3215 1634 3284 πολλὴν,
1669 3217 1863 3282 γνῶσιν

266 3304 656 3372 ἀνειληφέναι
695 3302 1029 3362 διδάσκοντες
1066 3302 1156 3353 τοῦ
1186 3302 1395 3370 ἀληθῶς
1429 3306 1711 3374 μακαρίου.
1760 3309 1865 3360 Πά-

270 3396 391 3445 λαι
438 3394 539 3461 μὲν
580 3393 689 3459 γὰρ
727 3390 816 3441 τὸν
858 3392 1046 3459 θνητὸν
1095 3392 1206 3459 βίον
1260 3393 1351 3443 καὶ
1395 3393 1490 3460 τήν
1543 3394 1865 3465 πρόσκαιρον

274 3480 451 3548 ζωήν
500 3480 672 3548 μόνην
702 3478 913 3539 εἰδότες,
967 3479 1180 3541 πάντως
1230 3496 1328 3531 που
1380 3481 1706 3549 ἐμακάριζον
1744 3486 1866 3546 τοὺς

273 3568 510 3635 ταύτης
564 3566 951 3627 ἀπολαύοντας,
993 3567 1141 3628 τέλος
1184 3567 1373 3636 ἡδονὴν
1413 3568 1732 3639 ὁριζόμενοι,
1776 3574 1866 3624 καλ⁵

278 3654 606 3715 πλούτους,
662 3654 755 3705 καὶ
800 3654 895 3722 τὴν
933 3654 988 3704 ἐν
1041 3654 1246 3722 σώματι
1288 3657 1522 3725 τρυφήν·
1574 3657 1666 3708 νῦν
1703 3658 1746 3710 δ’
1780 3658 1864 3710 ὅτε

275 3742 646 3809 τετυχήκασι
685 3739 776 3790 τοῦ
825 3739 1069 3808 ἱλασμοῦ,
1116 3742 1206 3792 καὶ
1251 3740 1347 3802 τάς
1382 3742 1583 3795 ἑαυτῶν
1620 3744 1865 3805 ἀσεϐείας

280 3830 763 3899 ἀπεκαθήραντο,
811 3828 1007 3895 γνῶσιν
1050 3829 1365 3898 ἀνειλήφασι
1405 3830 1497 3881 τοῦ
1526 3830 1738 3899 άληθῶς
1772 3849 1867 3900 μα·-

281 3920 499 3991 καρίου
521 3936 534 3947 ·
583 3919 677 3969 καὶ
702 3917 885 3969 τοῦτον
911 3914 1046 3970 εἶναί
1086 3936 1213 3985 φασι
1244 3919 1331 3970 τὸν
1362 3919 1465 3971 ὑπὸ
1498 3919 1628 3971 Θεοῦ
1657 3919 1867 3985 ἐκλεγό-

283 4026 471 4081 μενον
502 4005 717 4072 καὶτῆς
751 4005 840 4055 ὑπ’
872 4004 1031 4057 αὑτοῦ
1063 4006 1411 4075 προσλήψεως
1441 4006 1863 4075 κατηξιωμένον·

279 4097 379 4149 διό
423 4110 594 4162 φασι·
648 4093 851 4153 Πάντες
893 4095 1050 4161 ἡμεῖς
1081 4095 1177 4161 τῆς
1220 4094 1457 4162 κλήσεως
1497 4094 1867 4167 κατηξιώμεθα

279 4190 344 4243 οἱ
397 4187 575 4239 πάλαι
628 4183 777 4244 ὄντες
835 4184 994 4251 σάρξ·
1045 4184 1155 4235 ἀλλ’
1212 4186 1383 4252 ῐσμεν,
1434 4186 1525 4236 ὅτι
1555 4186 1732 4237 πολλοὶ¹
1773 4188 1869 4255 μέν

279 4275 501 4346 κλητοὶ
531 4311 546 4333 ,
594 4273 764 4338 ὀλίγοι
814 4274 867 4324 δέ
918 4274 1175 4325 ἐκλεκτοί.
1248 4275 1479 4336 Εἰκότως
1539 4273 1628 4327 οὖν
1680 4276 1752 4338 ὡς
1804 4276 1867 4328 ἂν

1959 1879 2172 1944 scriptis
2194 1878 2504 1945 consignata
2533 1886 2677 1929 sunt.
2711 1876 2813 1930 Sed
2849 1878 2883 1929 ii
2931 1876 3141 1945 quidem
3186 1894 3203 1927 ι
3233 1877 3488 1931 dominati

1958 1972 2083 2019 sunt
2112 1966 2286 2027 nobis,
2334 1984 2351 2014 ι
2382 1966 2671 2019 secundum
2708 1965 3117 2035 Symmachum;
3158 1975 3212 2019 tu
3240 1983 3365 2021 vero
3388 1983 3491 2020 non

1958 2054 2245 2122 despexisti
2276 2069 2393 2115 nos,
2430 2054 2673 2115 Domine,
2709 2056 2799 2107 sed
2833 2057 3151 2122 pr0pitiatus
3203 2057 3492 2122 impietati-

1959 2142 2058 2195 bus
2088 2144 2310 2201 nostris.
2345 2143 2538 2194 misisti
2567 2143 2998 2209 propitiationem
3035 2144 3210 2205 nobis,
3241 2159 3345 2212 qua
3393 2145 3491 2197 im-

1959 2231 2184 2298 pietates
2238 2240 2652 2298 praztergressus
2703 2240 2935 2291 nostras,
2988 2232 3226 2298 placatus
3253 2234 3489 2285 evasisti.

1959 2320 2087 2382 Quae
2104 2333 2262 2386 porro
2290 2319 2360 2371 sit
2394 2320 2481 2371 illa
2536 2318 2860 2387 pr0pitiatio,
2920 2319 3074 2371 docet
3111 2320 3398 2386 Apostolus
3428 2320 3493 2373 de

1962 2406 2244 2461 Servatore
2302 2409 2519 2461 dicens:
2558 2428 2575 2457 ι
2616 2408 2781 2472 Quem
2822 2410 3097 2475 proposuit
3144 2408 3283 2460 Deus
3318 2409 3493 2475 propi-

1962 2500 2233 2552 tiationem
2264 2514 2358 2567 per
2386 2500 2539 2552 [idem
2571 2498 2621 2549 in
2647 2499 2903 2565 sanguine
2925 2496 3091 2563 ipsius
3121 2496 3191 2559 ¹⁸;
3235 2514 3252 2546 ι
3287 2511 3345 2548 ac
3372 2512 3491 2548 rur-

1959 2603 2117 2641 sum:
2158 2606 2173 2636 ‹
2208 2589 2321 2656 Ipse
2358 2587 2662 2655 propitiatio
2704 2595 2785 2640 est
2818 2601 2912 2653 pro
2968 2584 3199 2652 peccatis
3245 2586 3444 2638 nostris
3478 2602 3489 2635 :

1962 2693 2066 2730 non
2116 2692 2210 2745 pro
2271 2678 2469 2731 nostris
2518 2684 2691 2730 autem
2745 2684 2972 2739 tantum,
3040 2676 3129 2731 sed
3182 2692 3277 2745 pro
3331 2677 3495 2730 totius

1961 2766 2144 2818 mundi
2180 2766 2238 2815 ¹⁹.
2275 2785 2292 2815 ι

2032 2876 2193 2932 Vens.
2231 2878 2345 2933 5-9.
2399 2899 2415 2931 ι
2444 2879 2641 2935 Beatus
2676 2895 2832 2947 quem
2873 2880 3076 2948 elegiin
3124 2888 3175 2932 et
3204 2878 3496 2946 assumpsi-

1962 2966 2052 3027 sti,
2102 2968 2421 3021 inhabitabit
2466 2969 2517 3020 in
2568 2968 2719 3022 atriis
2763 2970 2888 3021 tuis.
2932 2988 2949 3018 ι
3003 2968 3104 3032 Qui
3140 2984 3205 3021 ex
3248 2968 3495 3020 omnibus

1887 3077 1926 3129 ε
1962 3058 2213 3123 gentibus
2238 3058 2483 3111 conversi
2506 3068 2651 3117 sunt,
2680 3056 2981 3123 impietates
3001 3056 3234 3109 confessi
3267 3071 3413 3115 suas.
3440 3064 3495 3107 ut

1966 3142 2347 3210 propitiatione
2380 3141 2602 3209 dignati,
2637 3140 2932 3208 profectum
2974 3140 3266 3205 animmque
3297 3138 3497 3190 utilita-

1962 3238 2071 3283 tem
2112 3231 2361 3291 multam,
2404 3230 2547 3282 illius
2578 3230 2667 3294 qui
2696 3242 2817 3279 vere
2858 3227 3048 3279 beatus
3085 3235 3165 3278 est
3197 3227 3381 3278 notitia
3415 3225 3495 3277 in-

1964 3316 2177 3373 structi.
2232 3315 2509 3367 exhibent.
2573 3311 2711 3365 Olim
2759 3327 2988 3379 namque
3041 3327 3162 3365 cum
3217 3314 3495 3366 mortalem

1964 3411 2173 3456 tantum
2227 3414 2279 3457 et
2332 3411 2727 3468 Icmporaneam
2784 3402 2942 3453 vitam
3003 3411 3243 3462 nossent,
3292 3400 3382 3467 qui
3436 3415 3498 3453 ea

1967 3491 2272 3543 fruerentur
2324 3490 2507 3542 beatos
2553 3486 2773 3539 omnino
2826 3486 3208 3555 praedicabant,
3262 3486 3499 3553 volupta-

1967 3588 2090 3641 tem,
2124 3578 2362 3640 divitias,
2397 3576 2639 3644 corporis
2669 3575 2887 3628 delicias
2911 3590 3008 3643 pro
3038 3574 3140 3627 line
3167 3573 3500 3627 constituen-

1966 3676 2065 3722 tes.
2114 3668 2268 3721 Nunc
2300 3682 2425 3720 vero
2453 3664 2887 3734 prOpitiationem
2926 3664 3092 3725 nacti,
3140 3663 3500 3731 depositisque

1967 3756 2258 3823 impietatis
2292 3754 2566 3817 sordibus,
2618 3753 2765 3804 illius
2801 3751 2891 3822 qui
2924 3768 3048 3805 vere
3079 3752 3266 3805 beatus
3302 3759 3386 3805 est
3416 3765 3503 3803 co-

1964 3845 2257 3912 gnitionem
2289 3844 2467 3912 adepti
2500 3849 2658 3903 sunt,
2683 3841 2933 3908 huncque
2957 3856 3076 3894 esse
3107 3841 3313 3902 dicunt,
3343 3854 3499 3907 quem

1968 3932 2108 3986 Deus
2128 3947 2404 3986 assumere
2423 3939 2476 3983 et
2499 3930 2695 3999 eligere
2719 3929 2972 3998 dignatus
2993 3936 3074 3981 est
3096 3946 3113 3979 :1
3128 3943 3294 3995 quare
3319 3930 3465 3980 aiunt
3486 3947 3497 3979 :

1966 4021 2075 4075 Nos
2109 4036 2295 4074 omnes
2325 4020 2601 4073 vocatione
2628 4018 2773 4086 digni
2808 4016 2978 4069 habiti
3011 4031 3220 4079 sumus,
3255 4018 3344 4084 qui
3374 4017 3499 4068 olim

1967 4124 2095 4162 caro
2126 4124 2384 4162 eramus:
2411 4107 2503 4161 sed
2549 4106 2750 4159 scimus
2796 4105 2991 4157 multos
3018 4111 3260 4165 vocatos,
3302 4118 3501 4171 paucos

1967 4197 2170 4249 electos
2198 4210 2318 4248 esse
2342 4215 2355 4247 :
2378 4195 2499 4262 jure
2531 4195 2690 4261 igitur
2710 4194 2956 4250 electum,
2988 4198 3170 4258 utpote
3200 4192 3290 4258 qui
3319 4206 3501 4258 perra-

1971 4298 2063 4335 rus
2098 4283 2186 4345 sit,
2218 4281 2430 4334 beatum
2461 4280 2834 4348 prmdicamus.
2867 4278 2999 4341 Quis
3030 4277 3118 4329 ille
3139 4284 3242 4337 est,
3272 4277 3377 4329 nisi
3408 4278 3497 4345 qui

280 4364 542 4419 σπάνιον
589 4360 961 4429 μακαρίζομεν
1008 4361 1097 4411 τὸν
1145 4362 1411 4413 ἐκλεκτόν.
1473 4363 1565 4424 Τίς
1618 4364 1673 4414 δέ
1729 4366 1855 4415 ἐστιι

1972 4366 2037 4423 ex
2070 4370 2253 4422 multis
2285 4375 2597 4436 segregatus
2638 4376 2687 4420 et
2718 4382 2745 4417 a
2781 4365 2888 4418 Deo
2914 4375 3221 4432 assumptus
3252 4364 3370 4418 est?
3402 4364 3501 4417 Ec-

275 4451 460 4513 οὗτος
510 4449 691 4517 ἀλλ’ἢ
748 4450 776 4499 ό
828 4448 1138 4518 ἀφορισθεὶς
1188 4450 1294 4499 τῶν
1342 4450 1544 4500 πολλῶν
1590 4452 1681 4501 καὶ
1739 4453 1865 4503 ἀνα-⁹

275 4540 538 4614 ληφθεὶς
581 4537 686 4587 ὑπὸ
732 4536 825 4587 τοῦ
862 4536 1027 4598 Θεοῦ;
1078 4537 1185 4587 Καὶ
1235 4536 1350 4597 πῶς
1377 4536 1482 4605 γὰρ
1525 4538 1583 4588 οὐ
1612 4540 1870 4608 μακάριος

268 4628 527 4699 ἀληθῶς
594 4628 623 4676 0
654 4623 910 4687 τοιοῦτος,
961 4624 1140 4687 ὁπότε,
1180 4624 1286 4675 τῶν
1318 4624 1409 4675 δύο
1444 4625 1643 4676 τούτων
1675 4626 1867 4694 τυχὼν,

266 4721 447 4786 λέγω
480 4714 542 4764 δὲ
568 4713 669 4779 τῆς
698 4712 924 4779 ἐκλογῆς
962 4712 1057 4762 καὶ
1086 4711 1182 4777 τῆς
1208 4710 1298 4762 τοῦ
1330 4712 1458 4762 Θεοῦ
1500 4713 1865 4783 προσλήψεως,

261 4807 497 4873 ἑτέρου
548 4799 852 4867 κρείττονος
887 4798 1381 4866 καταξιωθήσεται;
1430 4804 1736 4870 κατοικήσει
1766 4804 1869 4874 γὰρ

256 4902 334 4951 ὲν
395 4891 535 4949 ταῖς
583 4887 769 4947 αὐλαῖς
818 4886 913 4938 τοῦ
941 4885 1097 4937 Θεοῦ.
1155 4886 1262 4937 Καὶ
1310 4886 1505 4956 ταύτην
1548 4887 1728 4940 λοιπὸν
1776 4892 1871 4960 τὴν

255 4981 477 5060 μονὴν
544 4975 717 5045 εὑρὼν
768 4976 864 5027 καὶ
921 4976 1021 5042 τὴν
1084 4975 1421 5037 ἀνάπαυλαν,
1473 4978 1699 5030 ἐνταῦθα
1747 4998 1871 5050 στη-

256 5068 627 5149 ριχθὴσεται
659 5080 671 5092 ·
731 5063 791 5115 τὸ
836 5062 991 5149 τέλος
1035 5061 1233 5125 ἀγαθὸν
1281 5061 1430 5112 τοῦτο
1476 5064 1773 5131 ἀπολαύων,
1812 5062 1871 5120 οὗ

247 5148 485 5231 τυχεῖν
517 5155 610 5206 καὶ
640 5152 799 5211 ἄλλος
825 5148 1035 5217 ηὔχετο
1081 5149 1354 5215 προφήτης
1392 5151 1419 5199 ὁ
1452 5152 1645 5202 εἰπών·
1684 5174 1701 5203 ι
1727 5158 1871 5209 Ἐπι-

251 5248 454 5306 ποθεί
504 5243 596 5295 καὶ
641 5239 889 5291 ἐκλείπει
931 5237 965 5301 ή
1004 5233 1149 5301 ψυχή
1197 5250 1292 5300 μου
1333 5237 1408 5294 είς
1445 5237 1539 5297 τὰς
1578 5240 1739 5303 αὐλὰς
1776 5244 1867 5296 τοῦ

253 5337 519 5407 κυρίου.
551 5354 569 5383 ι
603 5329 780 5383 Αὐλαὶ
809 5326 871 5376 δέ
900 5323 1004 5374 τοῦ
1038 5322 1235 5390 Κυρίου
1264 5322 1394 5372 εἰσὶν
1428 5327 1479 5374 αἱ
1508 5329 1622 5378 κατ’
1646 5330 1869 5398 οὐρανὸν

256 5430 462 5508 μοναὶ,
492 5424 621 5494 περὶ
650 5413 728 5471 ὧν
754 5416 985 5481 εἴρηται
1012 5411 1070 5459 ἐν
1090 5408 1404 5476 Εὖαγγελίῳ·
1442 5428 1459 5460 ι
1489 5412 1680 5465 Πολλαὶ
1713 5422 1869 5485 μοναὶ⁵

331 5611 374 5641 η
404 5601 575 5658 Bom.
615 5604 707 5651 ιιι,
751 5578 853 5632 25-

1968 4458 2059 4524 qui
2092 4471 2195 4509 non
2222 4471 2347 4509 vere
2379 4456 2569 4508 beatus
2608 4455 2674 4506 sit
2703 4453 2793 4519 qui
2824 4452 3132 4518 hujusmodi
3161 4460 3265 4513 est,
3290 4452 3503 4519 quando

1967 4544 2073 4595 duo
2110 4543 2221 4595 liaic
2263 4556 2292 4594 a
2326 4541 2434 4594 Deo
2477 4546 2818 4601 consecutus,
2848 4538 3165 4601 electionem
3215 4540 3419 4591 scilicet
3450 4546 3504 4591 et

1969 4632 2409 4697 assumptionem,
2443 4631 2546 4681 alio
2592 4628 2959 4697 praestantiore
2990 4626 3334 4695 dignabitur?
3380 4642 3501 4679 nam

1969 4719 2291 4773 iuliabitabit
2322 4721 2374 4771 in
2407 4719 2558 4771 atriis
2587 4716 2700 4769 Dei.
2747 4714 2809 4766 Et
2837 4715 2938 4767 hac
2968 4715 3185 4769 inventa
3230 4717 3505 4770 mansione

1967 4816 2019 4862 et
2050 4810 2249 4877 quiete,
2272 4809 2394 4862 istic
2421 4804 2843 4865 conlirmabitur,
2874 4804 3085 4869 ﬁneque
3114 4804 3255 4856 bono
3277 4804 3505 4864 fruetur,

1972 4913 2129 4965 quem
2197 4897 2439 4949 nancisci
2503 4894 2723 4961 rogabat
2777 4892 2915 4944 alius
2959 4893 3221 4961 propheta
3275 4894 3501 4947 dicens:

1974 4986 2369 5053 rConcupiscit
2402 4991 2455 5036 et
2499 4982 2681 5035 deﬁcit
2721 4978 2895 5031 anima
2947 4993 3068 5031 mea
3118 4982 3173 5033 in
3225 4983 3361 5033 atria
3404 4980 3507 5032 Do-

1970 5072 2102 5125 mini
2132 5074 2201 5125 ὀ.
2235 5090 2253 5121 ι
2289 5071 2436 5123 Atria
2482 5084 2608 5123 vero
2654 5065 2859 5120 Domini
2901 5074 3028 5117 sunt
3060 5070 3308 5122 caelestes
3357 5085 3508 5121 man-

1976 5162 2177 5220 siones,
2232 5161 2297 5213 de
2345 5159 2537 5227 quibus
2587 5158 2781 5210 dicitur
2812 5155 2863 5205 in
2913 5153 3211 5223 Evangelio
3242 5176 3254 5210 :
3290 5175 3307 5205 ι
3357 5157 3506 5224 Apud

1975 5247 2186 5301 Patrem
2224 5248 2526 5300 mansiones
2574 5242 2841 5297 multm".
2872 5258 2889 5289 ι
2926 5238 2977 5292 Is
3013 5242 3196 5310 itaque
3239 5260 3306 5297 ex
3341 5244 3509 5311 genti:

1974 5336 2094 5397 bus,
2122 5336 2230 5403 qui.
2260 5336 2384 5388 olim
2423 5347 2548 5384 caro
2588 5341 2721 5390 erat,
2774 5328 2865 5382 sed
2903 5327 3017 5392 jam
3060 5340 3321 5393 mutatus,
3351 5330 3511 5384 homo

1977 5422 2069 5476 Dei
2106 5424 2323 5477 elfeclus
2349 5427 2448 5481 est,
2473 5434 2590 5469 cum
2615 5417 2702 5485 qui
2731 5420 3048 5481 segregatus
3085 5423 3139 5467 ct
3171 5416 3514 5484 jamcleoms

980 5576 1028 5605 ⁸⁹
1059 5574 1076 5625 l
1109 5573 1252 5627 Joan.
1286 5590 1343 5640 ιι,
1367 5576 1419 5628 2.
1492 5580 1533 5609 ²⁰
1560 5579 1680 5634 Psal
1744 5601 1975 5655 Lxxxui,
2012 5593 2064 5647 3.
2142 5592 2183 5624 ²¹
2210 5591 2361 5646 luant
2397 5603 2502 5648 XIV,
2531 5587 2587 5641 2.
