3818 6352
109 375 216 428 ειᾎὸ

1335 345 1823 410 COMMENTARIA
1862 350 1926 403 ΙΝ
1963 349 2292 405 PSALMOS.

3301 355 3402 409 851

130 496 255 538 σω,
280 455 635 521 Θαυμαστὸς
660 458 726 509 ἐν
759 458 1142 532 δικαιοσύνῃ.»
1172 462 1335 530 Τήρει
1360 462 1413 513 δὲ
1440 462 1584 520 ὅπως
1614 457 1778 511 ταῦτα

1881 457 2096 513 Davidis
2142 467 2378 526 tempore
2414 457 2557 510 dicta
2600 458 2785 522 fuisse,
2839 471 2947 526 quo
2991 463 3243 529 templum
3276 465 3404 530 illud
3439 507 3448 516 .

153 561 312 613 κατὰ
358 544 493 604 τοὺς
529 545 788 612 χρόνους
838 549 1060 616 ἐλέγετο
1098 549 1190 601 τοῦ
1234 550 1418 611 Δαυῒδ,
1454 549 1573 600 καθ’
1619 546 1710 608 οὓς
1753 549 1780 598 ὀ

170 631 442 702 αἰσθητὸς
475 633 588 684 ὺῖ.ὸ
605 633 947 703 Σολομῶνος
975 638 1181 689 οὐδέπω
1207 636 1599 688 κατεσκεύαστο
1627 633 1776 695 νεώς·

184 722 498 784 δεικνύντος
549 723 816 792 ἐναργῶς
849 725 946 776 τοῦ
994 726 1171 791 λόγου,
1217 719 1296 776 ὃτι
1332 727 1360 776 6
1409 724 1618 792 ἀληθῶς
1661 723 1782 783 ναὸς

194 820 304 870 τοῦ
336 813 460 867 Θεοῦ
503 815 606 882 οὐχ
635 817 664 865 6
707 817 777 866 ἐκ
803 815 970 866 λίθων
1003 815 1218 883 ἀψύχων
1256 814 1660 883 ᾠκοδομημένος
1693 809 1778 880 ἦν,

199 909 332 959 ἀλλ’
355 909 382 958 6
407 903 695 965 ἀποδοθεὶς
733 889 872 972 ἡμίν
906 905 1044 954 κατά
1073 903 1168 971 τὴν
1197 903 1548 969 ἀποστολικὴν
1584 910 1783 970 μαρτυ-

197 995 362 1063 ρίαν.
428 992 535 1042 Καὶ
575 989 756 1048 ἄλλως
809 992 868 1040 δὲ
915 989 1033 1040 καθ’
1073 990 1259 1056 ἑτέραν
1313 988 1548 1056 ἐκδοχὴν,
1600 987 1781 1054 ἐπειδὴ

194 1083 474 1150 ἀνωτέρω
501 1079 854 1148 ἐμακάρισαν
877 1079 966 1129 τὸν
998 1079 1281 1143 ἐκλεγέντα
1306 1078 1397 1129 καὶ
1421 1075 1782 1144 ἀναληφθέντα

194 1171 325 1220 ὑπὸ
360 1169 455 1220 τοῦ
488 1167 626 1219 Θεοῦ
648 1207 662 1228 ,
713 1168 1110 1233 κατοικήσαντά
1141 1183 1199 1217 τε
1231 1166 1326 1234 ήδη
1365 1169 1420 1216 ἐν
1454 1168 1569 1226 ταῖς
1601 1163 1782 1224 αὐλαῖς

187 1257 387 1308 αὑτοῦ
433 1259 555 1317 ταῖς
611 1253 991 1322 ἐπουρανίοις,
1048 1253 1264 1312 εἰκότως
1313 1253 1404 1304 καλ⁸
1461 1252 1611 1304 αὐτοὶ
1651 1251 1781 1310 τέως

189 1347 478 1414 μένοντες
511 1345 725 1415 κλητοὶ,
759 1343 1036 1411 εὐχόμενοι
1064 1343 1118 1392 δέ
1143 1342 1380 1394 ἐκλεκτοὶ
1409 1341 1655 1408 γενέσθαι
1689 1341 1782 1392 καὶ

181 1432 322 1482 τῶν
346 1431 531 1482 αὐτῶν
557 1429 899 1498 ἐπουρανίων
927 1429 1098 1496 μονῶν
1126 1429 1537 1495 καταξιωθῆναι,
1572 1428 1782 1488 ἐλπίδας

182 1520 431 1585 ἀγαθᾶς
475 1521 698 1580 ἑαυτοῖς
754 1518 1184 1585 ὑπογράφουσιν,
1233 1518 1553 1578 ἱκετεύοντες
1606 1520 1786 1583 τυχεῖν

178 1608 301 1658 τοῦ
328 1607 500 1660 αὐτοῦ
525 1606 851 1675 ἐπουρανίου
880 1607 1026 1658 οἴκου
1053 1606 1268 1657 καὶτῶν
1294 1608 1350 1656 ἐν
1368 1605 1512 1674 αὐτῷ
1544 1605 1780 1672 ἀγαθῶν.

180 1693 329 1748 Εἴθ’
360 1697 440 1757 ὠς
501 1695 888 1764 μεμαθηκότες
922 1695 1097 1755 ὁποῖός
1127 1698 1268 1746 ἐστιν
1298 1697 1325 1746 6
1353 1697 1662 1765 ἐπουράνιος
1691 1697 1785 1747 τοῦ

178 1783 351 1834 Θεοῦ
394 1780 569 1844 οἶκος,
608 1782 968 1850 ἐρμηνεύουσι
1001 1781 1096 1849 τὴν
1133 1783 1326 1852 ἀρετὴν
1360 1783 1518 1834 αὐτοῦ
1556 1784 1782 1849 φάσκον-

178 1883 300 1927 τες
321 1883 335 1896 ·
388 1885 406 1914 ι
425 1867 620 1932 ’Ἀγιος
652 1867 681 1915 6
716 1866 839 1927 ναός
865 1882 976 1926 σου,
1004 1867 1303 1934 θαυμαστὸς
1332 1871 1386 1919 ἐν
1415 1869 1776 1939 δικαιοσύνῃ.»

174 1953 356 2014 Ναὸς
400 1953 458 2003 δὲ
500 1954 829 2021 ἐπουράνιος
868 1954 960 2004 καὶ
1002 1955 1211 2022 ἀληθῶς
1247 1958 1459 2018 ἐπάξιος
1498 1958 1589 2010 τοῦ
1626 1958 1778 2017 Θεοῦ,

175 2042 254 2091 ἐν
297 2034 346 2105 ᾧ
377 2040 660 2092 κατοικῶν
699 2043 990 2092 ἐπινοεῖται
1034 2043 1061 2091 6
1102 2042 1206 2092 τῶν
1246 2044 1378 2094 ὅλων
1411 2045 1566 2106 Θεὸς,
1601 2046 1682 2107 τίς
1719 2045 1781 2098 ἂν

173 2129 445 2194 γένοιτο,
483 2129 516 2196 ἢ
552 2130 584 2179 6
620 2129 910 2197 μονογενὴς
940 2128 1100 2180 αὐτοῦ
1131 2128 1317 2195 Λόγος,
1344 2133 1420 2191 εἰς
1447 2132 1503 2183 ὃν
1531 2133 1780 2201 εὐδόκησε

174 2218 316 2267 πᾶν
369 2216 434 2267 τὸ
474 2217 755 2285 πλήρωμα
800 2217 897 2284 τῆς
937 2217 1180 2284 θεότητος
1221 2220 1566 2286 κατοικῆσαις
1619 2215 1782 2282 Οὗτος

171 2299 293 2354 οὖν
327 2303 564 2371 ἀληθῶς
599 2303 908 2370 θαυμαστός
950 2305 1093 2355 ἐστιν
1130 2306 1186 2355 ἐν
1212 2305 1516 2374 δικαιοσύνῃ
1541 2323 1552 2335 ·
1599 2307 1781 2376 ἐπειδὴ

172 2392 436 2459 γέγονεν
474 2395 607 2460 ἡμῖν
637 2393 799 2453 αὐτὸς
843 2393 1000 2459 σοφία
1027 2394 1131 2445 ἀπὸ
1160 2394 1250 2445 τοῦ
1278 2394 1428 2457 Θεοῦ,
1475 2395 1778 2464 δικαιοσύνη

168 2494 248 2530 τε
290 2480 397 2531 καὶ
438 2481 718 2548 ἁγιασμὸς
745 2482 838 2532 καὶ
869 2481 1256 2550 ἀπολύτρωσις.

269 2588 291 2618 ο
321 2567 675 2619 Ἐπάκουσον
705 2569 878 2636 ἡμῶν,
913 2570 939 2619 6
962 2570 1090 2631 Θεὸς
1119 2573 1146 2621 6
1171 2571 1356 2638 Σωτὴρ
1379 2573 1409 2638 ἡ
1419 2571 1552 2638 μῶν,
1579 2575 1609 2639 ἠ
1635 2572 1784 2633 ἐλπὶς

173 2657 436 2709 πάντων
465 2656 580 2708 τῶν
612 2657 862 2724 περάτων
903 2657 999 2724 τῆς
1027 2659 1146 2725 γῆς,
1198 2659 1289 2709 καὶ
1314 2659 1419 2710 τῶν
1457 2661 1514 2710 ἐν
1543 2659 1782 2732 θαλάσσῃ

175 2745 459 2814 μακράν.
503 2763 522 2794 ι
601 2745 659 2795 '0
721 2745 820 2812 μὲν
872 2744 934 2812 δὴ
977 2745 1357 2814 ἐκλελεγμένος
1401 2749 1639 2800 ὐπὸ.σοῦ
1693 2751 1785 2801 καὶ

171 2831 556 2899 ἀναληφθεὶς
584 2833 665 2891 είς
687 2832 776 2881 τὸν
801 2832 1116 2899 ἐπουράνιον
1144 2834 1265 2884 ναὸν
1289 2836 1550 2903 μακάριος
1577 2837 1784 2903 ἀληθῶς

170 2922 290 2972 καὶ
343 2919 758 2988 τρισμακάριος
776 2935 788 2947 °
816 2921 974 2986 ἡμεῖς
1001 2920 1055 2970 δὲ
1077 2922 1132 2970 ἐν
1152 2923 1492 2988 ἐπαγγελίαις
1506 2924 1653 2986 ὄντες
1678 2927 1784 2977 τῶν

1879 548 2132 601 sensibile
2179 563 2210 599 a
2250 547 2534 602 Salomone
2573 547 2809 600 nomium
2860 550 3150 603 excitatum
3195 551 3402 606 fuerat:

1879 635 2062 701 sicque
2093 635 2239 687 clare
2267 634 2512 694 docetur,
2555 649 2736 686 verum
2777 634 2866 688 Dei
2895 639 3174 703 templum,
3206 654 3312 691 non
3339 640 3405 692 il-

1879 723 1968 774 lud
2027 737 2146 774 esse
2191 723 2331 789 quod
2359 739 2421 775 ex
2477 725 2782 776 inanimatis
2825 725 3092 792 lapidibus
3143 737 3405 782 structum

1878 817 2021 871 erat,
2055 811 2146 862 sed
2176 810 2319 874 quod
2349 826 2413 862 ex
2455 811 2753 877 apostolico
2785 814 3094 864 testimonio
3117 815 3411 882 designavi-

1880 913 2018 950 mus.
2056 897 2359 950 Secundum
2391 898 2548 948 aliam
2582 913 2711 950 vero
2736 899 3256 964 interpretationem,
3284 904 3409 968 quia

1879 987 2104 1038 electum
2147 995 2198 1037 et
2229 994 2562 1051 assumptum
2597 1000 2625 1036 a
2666 985 2793 1047 Deo,
2829 987 2918 1052 qui
2945 987 3054 1052 jam
3083 989 3132 1038 in
3176 990 3412 1040 cmlesti-

1880 1073 1980 1125 bus
2007 1073 2123 1138 ejus
2145 1073 2298 1124 atriis
2319 1072 2545 1130 habitat,
2578 1073 2787 1124 beatum
2814 1075 3267 1141 praedicaverunt;
3292 1076 3413 1141 jure

1880 1165 1930 1210 et
1953 1159 2053 1224 ipsi
2084 1159 2177 1225 qui
2207 1157 2381 1208 vocati
2428 1166 2761 1223 permanent,
2798 1167 2957 1225 atque
2993 1161 3145 1212 electi
3179 1176 3319 1221 esse,
3360 1171 3413 1213 et

1880 1245 2189 1297 cmlestibus
2237 1245 2613 1298 mansionibus
2653 1245 2839 1297 donari
2877 1255 3178 1314 peroptant.
3217 1250 3411 1301 bonam

1881 1333 1982 1385 sibi
2039 1347 2186 1399 spem
2235 1331 2535 1396 ascribunt,
2574 1333 2815 1384 eamdem
2867 1334 3084 1385 domum
3141 1337 3411 1387 caelestem

1881 1421 2102 1486 ejusque
2152 1421 2289 1474 bona
2337 1423 2596 1488 consequi
2641 1429 2913 1489 rogantes.
2962 1421 3180 1485 Deinde,
3230 1429 3415 1490 utpote

1881 1508 1971 1575 qui
2012 1508 2328 1561 edidicerint
2363 1511 2539 1576 qualis
2571 1510 2660 1562 illa
2695 1511 2929 1562 caelestis
2962 1510 3052 1562 Dei
3091 1511 3280 1564 domus
3323 1514 3412 1573 sit,

1881 1597 1996 1662 ejus
2033 1597 2282 1650 virtutem
2336 1606 2455 1664 post
2499 1599 2768 1666 esplicant
2801 1599 3080 1651 dicentes:
3111 1617 3128 1646 σ
3162 1601 3414 1652 Sanctum

1882 1692 1963 1736 est
1991 1686 2245 1752 templum
2274 1693 2449 1748 tuum,
2475 1687 2720 1738 mirabile
2750 1686 2800 1737 in
2831 1686 3062 1753 justitia.
3097 1704 3113 1736 ι
3140 1686 3414 1754 Templum

1883 1783 2056 1824 autem
2093 1775 2308 1826 caeleste
2333 1789 2395 1826 ac
2424 1787 2547 1826 vere
2572 1773 2679 1827 Deo
2699 1773 2918 1840 dignum
2953 1777 3007 1827 in
3042 1791 3150 1843 quo
3177 1773 3418 1830 habitare

1881 1861 2252 1914 universorum
2303 1861 2444 1915 Deus
2492 1862 2829 1930 intelligitur,
2881 1864 3007 1930 quid
3059 1865 3202 1917 aliud
3236 1864 3415 1928 fuerit,
3474 1909 3488 1921 ,

1879 1957 2039 2009 quam
2092 1943 2426 2009 unigenitum
2476 1943 2594 2008 ejus
2633 1941 2888 2005 Verbum,
2923 1945 2975 1996 in
3019 1959 3126 2012 quo
3160 1947 3416 2012 placitum

1879 2031 1961 2076 est
1989 2039 2199 2076 omnem
2241 2027 2628 2092 plenitudinem
2671 2027 2882 2080 deitatis
2927 2029 3264 2083 inhabitare?
3308 2031 3419 2084 lloc

1881 2112 2060 2180 itaque
2088 2129 2212 2167 vere
2264 2116 2508 2169 mirabile
2554 2125 2638 2169 est
2672 2117 2723 2168 in
2756 2115 3002 2182 justitia;
3052 2126 3234 2184 utpote
3273 2115 3415 2182 quod

1880 2198 2077 2251 factum
2112 2201 2180 2253 sit
2206 2204 2363 2256 nobis
2397 2204 2660 2271 sapientia
2696 2221 2725 2256 a
2752 2205 2880 2268 Deo,
2903 2204 3136 2272 justitia,
3179 2203 3419 2258 sanctiﬁ-

1881 2288 2020 2340 catio
2049 2296 2100 2340 et
2132 2290 2447 2358 redemptio.

1955 2586 1974 2617 ι
1993 2567 2194 2619 Exaudi
2221 2583 2338 2630 nos,
2365 2569 2501 2624 Deus
2531 2569 2774 2623 Salvator
2801 2580 3002 2638 noster,
3036 2588 3158 2642 spes
3180 2578 3415 2630 omnium

1883 2653 2070 2706 ﬁnium
2103 2665 2277 2716 terrm,
2325 2663 2379 2708 et
2408 2671 2590 2708 eorum
2634 2660 2723 2725 qui
2757 2660 2809 2711 in
2848 2662 2980 2712 mari
3026 2671 3154 2714 sunt
3189 2664 3360 2733 longe.
3393 2684 3411 2716 ι

1880 2741 1980 2806 Qui
2001 2743 2103 2800 abs
2134 2751 2184 2796 te
2213 2744 2434 2803 electus,
2468 2751 2520 2796 et
2552 2745 2604 2796 in
2640 2747 2860 2799 caeleste
2887 2747 3014 2798 illud
3049 2751 3304 2816 templum
3329 2766 3418 2803 as-

1882 2837 2130 2897 sumptus
2156 2838 2258 2893 est,
2287 2843 2416 2883 vere
2449 2831 2638 2885 beatus
2667 2841 2718 2885 et
2748 2841 2829 2886 ter
2852 2835 3041 2889 beatus
3069 2854 3080 2888 :
3115 2851 3213 2890 nos
3241 2846 3416 2892 autem

1882 2920 1971 2985 qui
2006 2919 2057 2969 in
2089 2917 2462 2985 praedictorum
2505 2919 2766 2996 bonorum
2797 2924 3244 2989 promissionlbus
3274 2935 3326 2978 et
3364 2928 3416 2981 in

170 3007 624 3077 προλεχθέντων
637 3006 872 3072 ἀγαθῶν,
887 3007 1061 3058 ἐλπίσι
1078 3024 1136 3059 τε
1151 3009 1247 3076 ἀνη
1255 3024 1352 3078 ρτη
1359 3011 1503 3078 μένοι
1513 3051 1525 3073 ,
1541 3013 1638 3080 ήδη
1661 3015 1781 3064 ποτέ

1886 3021 1980 3072 spe
2021 3022 2321 3067 versamur,
2345 3008 2453 3073 jam
2499 3009 2608 3061 hinc
2647 3011 2761 3078 ipsa
2813 3015 3066 3079 consequi
3100 3028 3415 3081 precamur:

170 3097 422 3149 τούτων
444 3098 633 3162 τυχεῖν
662 3095 947 3163 εὐχόμεθα·
969 3096 1046 3146 διὸ
1076 3099 1486 3166 παρακαλοῦμεν
1514 3100 1782 3167 λέγοντες·

176 3202 199 3234 c
231 3185 606 3238 Ἐπάκουσον
638 3183 815 3251 ήμῶν,
844 3187 872 3235 6
899 3184 1028 3246 Θεὸς
1049 3187 1075 3235 6
1104 3187 1290 3254 Σωτὴρ
1309 3188 1481 3256 ἡμῶψ
1518 3209 1536 3238 ι
1557 3192 1786 3242 ἐπακούο

169 3293 294 3335 σας
307 3273 401 3333 δὲ,
421 3271 730 3341 μακαρίους
745 3271 992 3337 γενέσθαι
1005 3274 1352 3337 καταξίωσον,
1368 3278 1458 3329 καὶ
1476 3279 1616 3345 ἡμᾶς
1632 3295 1788 3347 προσ.

167 3360 537 3426 λαϐόμενος,
557 3358 654 3408 καὶ
673 3356 1023 3426 ἐκλεξάμενος
1042 3359 1134 3410 καὶ
1148 3361 1456 3424 κατοικίσας
1481 3364 1537 3412 ἐν
1549 3367 1664 3424 ταῖς
1689 3367 1785 3417 αὐ-

165 3448 321 3508 λαῖς
367 3460 464 3495 σου
488 3461 501 3474 ·
542 3445 608 3495 ἵν’
641 3446 758 3494 ἐκεῖ
787 3445 1060 3513 γενόμενοι
1090 3446 1410 3517 πλησθῶμεν
1439 3449 1543 3500 τῶν
1575 3451 1786 3515 ἀγαθῶν

166 3535 286 3587 τοῦ
333 3534 497 3585 οῑκου
535 3548 656 3587 σου.
685 3532 885 3598 Ἀγαθὰ
913 3533 966 3584 δὲ
992 3535 1082 3585 τοῦ
1106 3536 1420 3605 ἐπουρανίου
1447 3537 1786 3599 οἵκου,όποῖα

167 3621 246 3674 ἄν
300 3636 400 3680 τις
433 3620 706 3686 νοήσειεν,
747 3613 896 3686 ἢοῖα
938 3621 965 3670 6
993 3619 1128 3682 θεῖος
1143 3621 1455 3682 Ἀπόστολος
1499 3622 1783 3692 διέγραψεν

169 3707 414 3760 εἰπών·
453 3726 469 3753 ι
504 3707 572 3756 Ἀ
603 3705 878 3773 ὀφθαλμὸς
908 3707 1006 3757 οὐκ
1030 3705 1186 3772 εἶδεν,
1220 3709 1311 3760 καὶ
1335 3706 1424 3770 οὖς
1450 3711 1545 3761 οὐκ
1569 3713 1776 3779 ἢκουσε,

170 3798 288 3850 καὶ
351 3795 450 3846 ἐπὶ
497 3794 730 3862 καρδίαν
768 3795 1048 3864 ἀνθρώπου
1091 3799 1187 3850 οὐκ
1214 3800 1398 3867 ἀνέϐη,
1430 3800 1464 3851 ἃ
1493 3802 1776 3869 ἡτοίμασεν

168 3890 203 3938 ὁ
229 3884 395 3944 Θεὸς
440 3885 558 3943 τοῖς
601 3882 884 3947 ἀγαπῶσιν
935 3885 1124 3949 αὐτόν;
1158 3906 1175 3935 ι
1243 3889 1570 3940 Ἐπάκουσον
1607 3889 1777 3943 τοίνυν

172 3973 402 4043 ἡμῶν,
445 3973 474 4021 6
510 3969 691 4030 Θεὸςό
716 3971 903 4040 Σωτὴρ
933 3973 1116 4040 ἡμῶν,
1158 3976 1247 4026 καὶ
1289 3977 1596 4038 ἐπακούσας
1650 3994 1777 4028 κατε

170 4061 445 4123 αξίωσον
508 4057 604 4108 καὶ
669 4059 816 4124 ἡμᾶς
869 4060 973 4110 τῶν
1023 4062 1238 4127 ἀγαθῶν
1318 4065 1412 4115 τοῦ
1464 4065 1611 4116 οἴκου
1666 4083 1776 4120 σου.

175 4149 390 4200 Ταῦτα
441 4147 788 4198 διδάσκονται
850 4147 1024 4212 λέγειν
1069 4153 1114 4200 oi
1160 4152 1321 4204 πάλαι
1365 4153 1513 4216 ὅντες
1562 4155 1777 4224 σάρκες,

1889 3107 2055 3159 quare
2077 3093 2158 3146 his
2182 3095 2359 3147 verbis
2387 3109 2667 3162 rogamus:
2707 3117 2724 3146 ι
2759 3097 2958 3150 Exaudi
2983 3112 3102 3158 nos,
3134 3101 3272 3156 Deus
3301 3102 3420 3156 Sal-

1886 3190 2038 3233 vator
2071 3188 2254 3234 noster
2289 3200 2302 3233 :
2338 3199 2355 3230 »
2391 3191 2674 3248 postquam
2721 3192 2897 3236 autem
2925 3187 3256 3252 exaudieris,
3285 3204 3418 3242 eon-

1886 3268 2016 3321 cede
2038 3272 2198 3321 etiam
2222 3270 2378 3322 nobis
2409 3277 2465 3319 ut
2497 3271 2633 3321 beati
2665 3271 2973 3331 eﬂieiamur.
3005 3276 3096 3340 qui
3125 3290 3223 3328 nos
3261 3287 3417 3331 antea

1884 3366 2188 3426 assumptos
2223 3367 2276 3410 et
2303 3359 2501 3411 electos
2533 3359 2771 3412 habitare
2798 3361 2968 3414 fecisti
3001 3364 3053 3414 in
3082 3365 3233 3416 atriis
3266 3367 3412 3430 tuis;

1885 3456 1941 3499 ut
1970 3448 2040 3500 ibi
2069 3447 2341 3500 constituti
2375 3445 2689 3513 impleamnr
2717 3448 2870 3502 bonis
2892 3450 3083 3503 domus
3113 3459 3234 3503 tuae.
3270 3449 3414 3505 Bona

1884 3549 2008 3587 vero
2039 3533 2274 3586 caelestis
2311 3532 2500 3586 domus
2527 3547 2769 3600 quaenam
2817 3551 2935 3589 esse
2977 3539 3270 3604 putaveris.
3310 3540 3414 3593 nisi

1882 3637 2000 3690 quae
2028 3622 2312 3689 Apostolus
2355 3622 2437 3676 his
2481 3624 2659 3676 verbis
2700 3624 2987 3692 descripsit
3019 3645 3031 3677 ε
3067 3641 3085 3675 ι
3123 3625 3253 3689 Quae
3293 3640 3418 3680 ocu-

1883 3712 1966 3763 lus
1995 3726 2099 3762 non
2130 3710 2281 3772 vidit,
2316 3724 2414 3764 nec
2455 3711 2603 3763 auris
2634 3713 2857 3770 audivit,
2889 3723 2984 3764 nec
3018 3717 3070 3764 in
3103 3729 3202 3765 cor
3242 3716 3417 3768 homi-

1883 3800 1966 3852 nis
2026 3799 2294 3860 ascendit,
2343 3813 2466 3866 qute'
2503 3801 2826 3867 praeparavit
2878 3799 3018 3853 Deus
3065 3801 3413 3870 diligentibus

1881 3903 1938 3941 se
1957 3889 2034 3938 "?
2063 3907 2082 3938 ι
2115 3887 2316 3939 Exaudi
2362 3888 2540 3954 itaque
2569 3903 2687 3949 nos,
2734 3887 2872 3940 Deus
2924 3887 3168 3941 Salvator
3209 3897 3410 3954 noster,

1875 3981 1932 4030 et
1962 3986 2241 4044 postquam
2288 3977 2613 4038 exaudieris,
2661 3983 2762 4029 nos
2791 3976 2946 4028 hortis
2980 3975 3174 4028 domus
3199 3985 3304 4029 tite
3340 3978 3416 4029 di-

1878 4047 2056 4132 gnare,
2094 4063 2214 4116 Hzec
2235 4065 2417 4118 dicere
2457 4067 2773 4124 edocentnr,
2815 4063 2907 4130 qui
2937 4073 3057 4114 eum
3108 4064 3234 4114 olim
3283 4076 3412 4116 caro

1875 4161 2076 4212 essent,
2109 4152 2201 4205 Dei
2241 4153 2520 4204 vocatione
2562 4151 2746 4204 donati
2790 4156 2932 4202 sunt.
2963 4147 3277 4214 Opportune
3315 4164 3412 4200 au-

170 4240 289 4307 τῆς
343 4239 411 4289 δὲ
470 4234 569 4286 τοῦ
620 4235 753 4285 Θεοῦ
807 4235 1045 4303 κλήσεως
1085 4239 1492 4308 κατηξιωμένοι.
1558 4244 1776 4295 Ἐπικα-

1881 4246 1982 4292 tem
2004 4239 2151 4292 hisce
2181 4239 2356 4292 verbis
2387 4239 2733 4292 Servatorem
2767 4237 3017 4288 invocant
3051 4250 3228 4297 suum,
3253 4250 3410 4302 quem

173 4325 425 4378 λοῦνται
467 4323 528 4374 δὲ
564 4322 834 4390 εὐκαίρως
857 4324 912 4372 ἐν
941 4323 1146 4386 τούτοις
1174 4327 1262 4377 τὸν
1306 4329 1506 4382 ἑαυτῶν
1537 4331 1777 4401 Σωτῆρα,

1881 4325 2130 4393 superius
2173 4326 2607 4393 propitiationem
2655 4324 3074 4392 appellaverunt,
3113 4337 3233 4374 cum
3273 4321 3417 4374 dice-

174 4412 242 4465 ὃν
281 4415 390 4466 καὶ
425 4411 694 4478 ἀνωτέρω
733 4409 956 4478 ἱλασμὸν
1002 4411 1284 4480 ὠνόμασαν
1315 4417 1582 4478 είπόντες,
1637 4434 1655 4469 ι
1690 4421 1781 4471 καὶ⁸

1881 4423 2016 4478 rent,
2058 4434 2076 4466 ι
2102 4425 2154 4469 et
2191 4416 2560 4483 impietatibns
2609 4413 2810 4466 nostris
2853 4419 2912 4462 tu
2953 4411 3353 4479 propitiaberis.
3384 4428 3404 4460 ι

174 4500 287 4562 τὰς
329 4499 589 4566 ἀνομίας
617 4497 770 4565 ἡμῶν
831 4500 898 4550 σὺ
934 4499 1108 4570 ἱλάσῃ.
1153 4519 1169 4549 ι
1196 4504 1303 4556 Καὶ
1344 4504 1574 4556 ἐνταῦθα
1604 4506 1659 4557 δὲ
1693 4507 1780 4559 τὸν

1881 4505 1975 4557 Hic
2012 4505 2221 4572 quoque
2264 4502 2528 4556 Hebraica
2578 4502 2852 4568 Scriptura
2903 4495 3233 4554 Salvatorem
3280 4497 3411 4568 ipsis

174 4590 436 4660 Σωτῆρα
492 4589 528 4654 ἡ
569 4586 831 4655 Ἐὀραῖκὴ
887 4589 1074 4658 Γραφὴ
1119 4590 1321 4653 τούτοις
1367 4593 1628 4661 ἐγγράφει
1672 4599 1779 4657 τοῖς

175 4676 597 4748 χαρακτῆρσι,
641 4675 708 4726 δι’
739 4665 812 4727 ὧν
853 4677 945 4727 καὶ
979 4677 1007 4727 6
1049 4678 1310 4747 ἡμέτερος
1342 4680 1526 4750 Σωτὴρ
1576 4683 1774 4749 Ἰησοῦς

172 4771 504 4836 γράψεται.
572 4761 771 4814 Τοῦτον
826 4763 880 4814 δὲ
936 4765 1098 4816 αὐτὸν
1146 4765 1234 4815 τὸν
1277 4767 1499 4836 Σωτῆρα
1546 4771 1637 4820 καὶ
1685 4771 1774 4822 τὸν

173 4849 456 4925 ἱλασμὸν,
502 4869 523 4898 ‹
559 4850 746 4902 ἐλπίδα
777 4852 990 4903 πάντων
1021 4851 1128 4902 τῶν
1161 4854 1400 4920 περάτων
1425 4855 1521 4922 τῆς
1553 4858 1651 4924 γῆς
1683 4860 1773 4910 καὶ

165 4941 269 5000 τῶν
325 4947 408 4995 ἐν
458 4939 710 5008 Θαλάσσῃ
767 4937 988 5007 μακράν
1027 4957 1048 4986 9
1102 4938 1464 5006 ὀνομάζουσιν,
1524 4941 1774 5012 ἄντικρυς

163 5026 588 5106 παριστῶντες
631 5025 797 5093 μηδὲν
828 5023 1005 5076 ταῦτα
1049 5025 1184 5090 πρὸς
1228 5026 1537 5088 Ἰουδαίους·
1581 5031 1640 5080 οὐ
1668 5033 1774 5103 γὰρ

160 5119 373 5179 μόνοις
411 5114 639 5174 αὐτοῖς,
677 5113 810 5162 πᾶσι
839 5111 898 5161 δὲ
932 5111 1048 5170 τοῖς
1083 5110 1252 5161 ἔθνεσι
1291 5113 1386 5179 τὴν
1412 5115 1502 5164 τοῦ
1530 5117 1776 5186 Σωτῆρος

153 5204 336 5283 χάριν
391 5198 872 5266 εὐαγγελίζεσθαι,
913 5191 999 5256 οἷς
1029 5195 1247 5264 γνώμην
1277 5197 1401 5248 Θεοῦ
1435 5203 1524 5252 καὶ
1553 5205 1774 5276 ἐπιστή-

151 5301 270 5369 μην
333 5289 731 5352 Θεσπίζουσιν·
782 5286 862 5345 ὼς
917 5284 1120 5350 μηκέτι
1156 5285 1249 5345 τὰς
1285 5285 1496 5348 ἐλπίδας
1540 5291 1772 5361 ἀναρτᾷν

147 5373 248 5442 by:
299 5381 448 5443 τοὺς
481 5378 651 5431 πάλαι
684 5369 1097 5440 νομιζομένους
1133 5371 1301 5424 αὐτῶν
1332 5372 1500 5437 θεοὺς,
1533 5378 1641 5430 ἀλλ’
1679 5383 1770 5434 ἐπὶ

222 5562 279 5592 ιι
305 5558 474 5614 [σωκ
511 5567 574 5609 η,
617 5545 670 5596 9.

1874 4595 2274 4647 characteribus
2311 4591 2497 4652 eﬂ‘ert,
2549 4590 2699 4658 queis
2746 4588 2992 4641 Salvator
3039 4601 3224 4643 noster
3253 4592 3417 4641 Jesus

1872 4686 2148 4738 scribitur.
2190 4683 2444 4736 Eumdem
2489 4693 2651 4748 porro
2684 4678 3020 4731 Servatorem
3063 4687 3117 4731 et
3149 4678 3410 4746 propitia-

1873 4771 2073 4824 tionem
2112 4772 2185 4822 ita
2217 4783 2431 4838 quoque
2462 4774 2674 4828 vocant,
2712 4781 2729 4814 ι
2763 4762 2918 4830 Spem
2949 4765 3188 4817 omnium
3219 4765 3412 4816 [inium

1873 4871 2032 4914 terrae
2071 4868 2123 4913 et
2167 4871 2347 4913 eorum
2377 4859 2470 4924 qui
2515 4858 2568 4907 in
2618 4855 2752 4906 mari
2805 4860 2930 4905 sunt
2974 4853 3152 4921 longe,
3183 4873 3201 4903 ι
3232 4853 3405 4920 palam

1875 4950 2208 5002 declarantes
2254 4949 2364 4999 hac
2397 4945 2529 4998 nihil
2563 4944 2628 4996 ad
2661 4942 2870 4994 Iudaeos
2901 4943 3209 5006 pertinere:
3237 4957 3414 5009 neque

1875 5039 2018 5090 enim
2066 5037 2196 5105 ipsis
2244 5043 2475 5093 tantum,
2521 5032 2617 5084 sed
2659 5031 2813 5083 etiam
2864 5027 3120 5080 omnibus
3161 5031 3410 5098 gentibus

1881 5125 2176 5179 Senatoris
2219 5123 2463 5190 gratiam,
2521 5127 2579 5170 ut
2616 5129 2671 5172 et
2724 5113 2962 5168 notitiam
3019 5117 3412 5184 scientiamque

1875 5212 1966 5265 Dei
1998 5209 2411 5265 annuntiandam
2444 5207 2820 5258 vaticinantur,
2859 5199 2926 5249 ita
2963 5207 3026 5249 ut
3049 5216 3158 5254 non
3191 5205 3327 5255 ultra
3355 5205 3412 5256 in

1873 5300 1987 5353 suis
2018 5300 2143 5352 olim
2170 5296 2375 5351 vocatis
2405 5295 2529 5353 diis,
2576 5291 2671 5344 sed
2697 5293 2748 5342 in
2776 5299 2841 5340 eo
2875 5286 2994 5338 solo
3026 5291 3121 5354 qui
3159 5289 3410 5343 Servator

1871 5399 2058 5440 eorum
2110 5387 2326 5440 ellectus
2371 5389 2470 5446 est,
2513 5393 2659 5465 spem
2710 5380 2988 5442 reponant.
3048 5392 3067 5424 ι
3093 5370 3421 5447 Praeparatis
