3818 6372
164 385 248 441 ΘΗ
1286 391 1779 451 COMMENTARIA
1817 392 1884 445 ΙΝ
1922 391 2255 447 PSALMOS.

168 501 330 572 ςηξῆς
360 498 889 565 ἀναὸλυσταίνοντα,
923 501 1030 561 τοῖς
1072 502 1164 554 ἐπὶ
1198 502 1299 571 γῆς
1329 502 1530 555 οἰκοῦσι
1560 503 1729 572 δωρη-

1834 502 2215 570 sapientiaeque
2282 500 2547 556 imbribus
2601 501 2895 567 inebrians,
2944 522 2962 555 ι
3008 505 3373 573 multiplicasti

170 590 397 659 σάμενος,
435 588 536 659 τὴν
560 588 801 661 λογικὴν
844 591 933 644 καὶ
978 592 1168 662 νοερὰν
1211 593 1385 646 αὐτῶν
1420 594 1596 663 χώραν
1624 594 1727 662 γῆν

167 681 569 749 ὀνομαζομένην,
602 681 795 750 πολλῷ
823 682 899 751 τῷ
925 682 1150 753 ῥεύματι
1176 684 1530 746 κατακλύσας,
1564 683 1725 752 μεθύ-

169 786 252 831 σας
278 770 385 829 τοῖς
412 769 512 837 τῆς
540 769 745 833 σοφίας
772 770 1139 840 όμόρήμασιν,
1172 789 1189 820 r
1225 771 1521 841 ὲπλήθυνάς
1550 788 1607 822 τε
1634 772 1724 822 τοῦ

166 858 423 909 πλουτίσαι
450 856 631 925 αὐτὴν
679 875 698 907 ι
731 861 850 919 τοῖς
883 858 973 910 τοῦ
1006 859 1158 924 ἁγίου
1202 859 1507 927 Πνεύματος
1546 860 1728 925 διαφό-

164 962 260 1014 ροις
292 944 616 1013 χαρίσμασι.
667 944 882 998 Τούτου
912 947 967 998 δὲ
998 964 1016 995 ι
1046 946 1137 998 τοῦ
1172 947 1410 1015 ποταμοῦ
1454 946 1519 997 τὰ
1561 946 1729 1015 ὁρμή-

165 1053 291 1102 ματα
317 1033 677 1103 εὐφραίνουσι
701 1034 810 1102 τὴν
836 1034 986 1086 πόλιν
1011 1033 1103 1085 τοῦ
1132 1034 1283 1086 Θεοῦ.
1318 1054 1335 1083 ι
1364 1035 1471 1085 Καὶ
1494 1037 1521 1085 ὁ
1542 1033 1727 1102 Σωτὴρ

160 1126 207 1176 δὲ
236 1124 353 1193 περὶ
387 1123 480 1174 τοῦ
514 1122 689 1175 αὖτοῦ
737 1125 982 1176 ἐδίδασκε
1014 1125 1215 1191 λέγων·
1256 1143 1274 1173 ‹
1315 1126 1407 1185 Ὃς
1445 1124 1508 1175 ἂν
1543 1123 1636 1191 πίῃ
1666 1124 1728 1174 ὲκ

160 1212 237 1264 τοῦ
266 1213 470 1273 ὕδατος,
500 1206 564 1264 οὗ
602 1211 724 1277 ἐγὼ
772 1212 930 1264 δώσω
969 1212 1131 1280 αὐτῷ,
1164 1212 1389 1280 ποταμοὶ
1410 1213 1473 1263 ὲκ
1497 1214 1593 1280 τῆς
1620 1227 1728 1261 κοι-

160 1302 263 1362 λίας
301 1299 461 1353 αὐτοῦ
511 1300 817 1368 ῥεύσουσιν
863 1301 1044 1361 ὓδατος
1086 1300 1304 1363 ζῶντος,
1334 1299 1616 1367 ἁλλομένου
1651 1301 1727 1360 είς

160 1386 285 1456 ζωὴν
316 1386 550 1439 αἰώνιον.
583 1387 771 1439 Τοῦτο
790 1388 847 1439 δὲ
872 1388 1019 1453 ἔλεγε
1048 1388 1171 1455 περὶ
1197 1387 1288 1438 τοῦ
1314 1386 1643 1453 Πνεύματος,
1667 1379 1727 1436 οὗ

159 1476 370 1545 ἤμελλον
409 1476 725 1544 λαμϐάνειν
781 1477 833 1526 oi
884 1475 1220 1535 πιστεύοντες
1247 1475 1325 1535 είς
1354 1474 1530 1525 αὐτόν.
1572 1494 1588 1524 ι
1627 1464 1729 1523 Οὗ-

157 1583 235 1627 τος
255 1560 340 1618 οῦν
365 1567 392 1616 ὀ
431 1564 689 1632 ποταμὸς
732 1564 833 1617 τοῦ
862 1563 992 1615 Θεοῦ
1028 1562 1312 1631 ἐπληρώθη
1341 1563 1568 1614 ὑδάτων·
1602 1561 1728 1613 ὥστ’

161 1653 215 1704 ἂν
246 1655 409 1703 εἰπεῖν
430 1669 443 1682 ·
486 1671 503 1701 ι
559 1653 663 1703 Ἐκ
699 1650 804 1703 τοῦ
839 1650 1195 1719 πληρώματος
1227 1650 1386 1702 αὐτοῦ
1413 1652 1567 1719 ἡμεῖς
1598 1650 1728 1700 πάν-

158 1758 237 1804 τες
259 1740 538 1809 ἐλάϐομεν.
576 1760 595 1791 ι
624 1740 859 1792 Πολλῶν
881 1741 935 1792 δὲ
962 1741 1161 1791 ὑδάτων
1197 1742 1224 1789 ὁ
1263 1740 1499 1807 ποταμὸς
1530 1737 1729 1807 πεπλή-

1832 590 2156 656 locupletare
2186 603 2301 642 eam
2336 606 2353 639 ο
2390 588 2557 641 variis
2598 592 2833 656 Spiritus
2877 593 3050 643 sancti
3089 593 3377 644 charisma-

1832 676 1994 729 tibus.
2052 674 2222 742 Hujus
2270 689 2430 743 porro
2474 693 2491 724 ‹
2530 674 2767 728 ﬂuminis
2816 676 3053 743 impetus
3109 679 3378 734 lzeliﬂcant

1834 763 2104 816 civitatem
2154 763 2266 817 Dei.
2301 782 2319 814 ι
2349 762 2597 815 Salvator
2639 764 2763 816 item
2819 763 2885 817 de
2932 766 3114 818 eadem
3166 768 3276 833 ipsa
3319 785 3379 822 re

1833 852 1948 905 ιιιεο
1991 852 2179 904 docuit
2213 868 2224 900 :
2264 869 2281 900 ι
2322 850 2374 903 Si
2407 853 2528 919 quis
2551 851 2748 904 biberit
2776 868 2841 905 ex
2884 867 3043 920 aqua,
3075 870 3231 922 quam
3278 872 3379 924 ego

1832 938 1971 991 dabo
1998 939 2066 998 ei,
2093 939 2310 990 ﬂumina
2354 938 2419 990 de
2449 946 2631 991 ventre
2663 939 2780 1005 ejus
2830 939 2992 992 ﬂuent
3039 956 3188 1008 aqua:
3220 944 3371 1006 viva),

1834 1025 2077 1078 salientis
2108 1025 2160 1076 in
2198 1027 2359 1076 vitam
2398 1032 2668 1077 arternam.
2709 1025 2821 1078 Hoc
2864 1035 3038 1079 autem
3068 1029 3278 1081 dicebat
3309 1031 3375 1084 de

1834 1112 2057 1180 Spiritu,
2078 1128 2232 1179 quem
2265 1114 2536 1180 accepturi
2564 1121 2715 1165 erant
2746 1114 3020 1168 credentes
3039 1116 3091 1167 in
3122 1118 3321 1170 eum”.
3340 1138 3358 1167 ι

1833 1199 1943 1252 Hoc
1970 1200 2149 1267 itaque
2183 1199 2376 1253 ﬂumen
2429 1200 2523 1254 Dei
2561 1203 2818 1269 repletum
2867 1210 2949 1256 est
2998 1205 3185 1271 aquis;
3212 1206 3284 1256 ita
3316 1214 3374 1257 ut

1833 1286 2013 1339 dicant
2049 1302 2061 1337 :
2098 1305 2115 1336 ι
2158 1287 2231 1338 Ex
2267 1289 2597 1355 plenitudine
2640 1289 2756 1355 ejus
2808 1305 2906 1342 nos
2950 1305 3137 1343 omnes
3167 1294 3377 1360 accepi-

1836 1388 1956 1427 mus
1980 1374 2045 1425 ”.
2088 1393 2107 1424 ι
2144 1373 2324 1427 Multis
2354 1382 2529 1428 autem
2558 1377 2713 1443 aquis
2746 1378 3006 1444 repletum
3042 1377 3236 1432 ﬂumen
3257 1387 3371 1443 cst,

1832 1462 2085 1529 quoniam
2113 1463 2204 1528 qui
2241 1477 2305 1513 eo
2332 1469 2605 1529 petantur,
2639 1463 2775 1515 inter
2798 1478 2854 1516 se
2900 1464 3189 1518 dissimiles
3228 1474 3370 1518 sunt.

1832 1548 1965 1602 Cum
1997 1549 2196 1602 diversi
2240 1564 2400 1616 porro
2447 1550 2555 1603 sint
2599 1551 2815 1603 ordines
2868 1567 3075 1615 eorum,
3111 1554 3202 1620 qui
3254 1554 3372 1620 ejus

1834 1646 2113 1691 consortes
2137 1642 2283 1702 sunt,
2302 1640 2425 1705 jure
2458 1640 2686 1708 singulis
2727 1642 3075 1707 congruentia
3107 1644 3377 1709 praebens,

1834 1727 2021 1779 multis
2063 1728 2219 1795 aquis
2252 1729 2511 1794 repletum
2546 1744 2666 1781 esse
2713 1728 2911 1781 dicitur
2944 1746 2956 1777 :
2994 1744 3220 1796 quarmn
3254 1745 3376 1799 par-

161 1845 329 1897 ρωται,
361 1829 446 1880 διὰ
489 1829 552 1880 τὸ
599 1829 679 1897 μὴ
726 1828 951 1897 ὁμοίους
987 1825 1121 1879 εἶναι
1159 1829 1281 1889 τοὺς
1309 1828 1363 1892 ἐξ
1392 1828 1553 1878 αὑτοῦ
1583 1844 1730 1877 ποτι-

1834 1816 1998 1881 ticeps
2044 1816 2381 1868 rationabilis
2415 1830 2567 1881 ager,
2598 1822 2957 1883 congruentes
2987 1816 3213 1883 singulis
3237 1830 3375 1883 prte-

161 1917 415 1987 ζομένους.
471 1919 775 1987 Διαφόρων
821 1917 876 1968 δὲ
903 1916 1076 1967 όντων
1108 1918 1394 1985 ταγμάτων
1425 1917 1528 1968 τῶν
1564 1933 1728 1985 μετα-

159 2006 523 2074 λαμϐανόντων
578 2004 786 2067 αὐτοῦ,
841 2004 1060 2065 είκότως
1106 2004 1315 2071 ἑκάστῳ
1366 2005 1614 2072 παρέχων
1666 1992 1743 2057 τά

162 2094 446 2163 πρόσφορα,
476 2092 697 2143 πολλῶν
742 2093 954 2144 ὑδάτων
988 2090 1367 2160 πεπληρῶσθαι
1394 2091 1634 2157 λέγεται·
1657 2085 1729 2143 ὧν

164 2181 519 2249 μεταλαϐοῦσα
567 2182 602 2249 ἡ
657 2180 861 2248 λογικὴ
896 2178 1064 2247 χώρα,
1108 2177 1203 2239 τὰς
1242 2178 1570 2246 ἐπιτηδείους
1608 2180 1731 2231 ἑκά-

165 2286 259 2337 στῳ
288 2269 465 2321 δίδωσι
492 2267 735 2337 τροφὰς,
775 2268 868 2318 καὶ
899 2268 1021 2329 τοὺς
1055 2266 1306 2328 ἐπαξίους
1350 2266 1443 2317 τοῦ
1481 2268 1727 2319 τοσούτου

164 2357 387 2425 ποταμοῦ
425 2356 703 2425 καρπούς.
759 2356 849 2406 Διὸ
890 2355 1169 2405 λέλεκται·
1206 2373 1223 2403 ‹
1274 2355 1598 2423 ῚΙτοίμασας
1635 2356 1730 2423 τὴν

163 2446 351 2515 τροφήν
383 2446 602 2506 αὐτῶν,
655 2446 745 2497 ὅτι
803 2445 1034 2513 οὖτωςή
1086 2444 1379 2512 ὲτοιμασία.
1432 2465 1448 2494 ι
1479 2446 1629 2497 Κατὰ
1675 2446 1730 2497 δὲ

165 2532 245 2582 τὸν
307 2533 626 2601 Σύμμαχον·
669 2551 689 2583 ς
730 2532 1172 2600 Τελεσφορήσεις,
1220 2532 1366 2598 φησι,
1410 2530 1505 2598 τὴν
1565 2548 1730 2600 σπερ-

169 2623 349 2690 ματίαν
373 2622 568 2691 αὐτῆς,
598 2622 685 2673 ὅτι
730 2620 905 2682 οὕτως
942 2620 1179 2688 ἦδρασας
1228 2618 1411 2687 αὐτὴν,
1444 2638 1460 2668 ι
1497 2620 1731 2688 δηλονότι

167 2708 252 2777 τὴν
291 2710 427 2777 γῆν,
479 2728 498 2759 ι
555 2711 657 2761 καὶ
692 2707 966 2777 ἐμέθυσας
1016 2707 1217 2775 αὐτὴν,
1275 2707 1571 2776 ὲπλήθυνας
1639 2706 1730 2758 τοῦ

169 2798 432 2851 πλουτίσαι
470 2799 670 2867 αὑτήν.
716 2815 738 2848 ι
781 2796 867 2865 Τῷ
906 2792 995 2847 οὖν
1020 2796 1242 2864 ποταμῷ
1269 2796 1343 2864 τῷ
1376 2796 1452 2864 σῷ
1482 2797 1731 2861 τελεσφοο

170 2886 339 2954 ρήσεις
360 2886 459 2955 τὴν
486 2884 848 2955 σπερματίαν
872 2884 1058 2952 αὐτῆς,
1088 2884 1323 2935 τουτέστι
1350 2884 1415 2936 τά
1453 2884 1733 2951 σπέρματα

168 2975 217 3023 ἑν
248 2976 378 3043 αὐτῇ
408 2972 838 3042 κατασληθέντα
885 2973 947 3024 σὺ
988 2972 1146 3034 αὐτὸς
1173 2972 1258 3024 διὰ
1290 2971 1380 3023 τοῦ
1417 2972 1607 3043 σαυτοῦ
1642 2989 1735 3023 πο-

165 3062 325 3131 ταμοῦ
352 3040 833 3135 Ᾰτιελεσιρορήθττιναι
866 3064 1129 3131 ποιήσεις;
1155 3061 1227 3123 ὼς
1257 3040 1734 3122 τελείουςάποδοῦ-

167 3168 246 3202 ναι
290 3153 414 3213 τοὺς
450 3152 686 3219 στάχυς.
730 3150 883 3201 Οὕτω
910 3149 1038 3215 γοῦν
1074 3149 1209 3200 κατά
1236 3149 1296 3198 τὸ
1329 3148 1671 3214 Εύαγγέλιον,
1697 3151 1729 3217 ή

170 3239 260 3306 μὲν
284 3240 500 3309 ποιήσει
528 3238 596 3301 λ’,
623 3242 658 3307 ἠ
696 3237 754 3289 δὲ
784 3236 844 3300 ξ’,
878 3239 910 3306 ἡ
940 3238 995 3288 δὲ
1030 3243 1094 3305 ρ’,
1129 3237 1227 3304 τῆς
1261 3234 1599 3307 ἀνθρωπίνης
1636 3236 1734 3302 ψυ-

167 3326 257 3394 χῆς
282 3331 383 3395 γῆς
425 3326 868 3396 ὀνομαζομένης,
903 3325 993 3376 καὶ
1025 3324 1164 3376 κατά
1205 3324 1301 3392 τὴν
1344 3325 1600 3392 σωτήριον
1633 3338 1736 3373 πα-

169 3412 418 3484 ραϐολήν·
461 3433 480 3465 ‹
531 3415 683 3475 Τοὺς
730 3413 965 3477 αὔλακας
1018 3413 1184 3479 αὐτῆς
1239 3412 1492 3480 μέθυσον·
1537 3411 1732 3480 πλήθυ-

167 3516 246 3552 νον
276 3501 341 3553 τά
369 3504 699 3571 γεννήματα
752 3501 951 3569 αὐτῆς·
1008 3502 1064 3551 ὲν
1114 3501 1230 3558 ταῖς
1277 3498 1524 3564 σταγόσιν
1568 3497 1734 3565 αὐτῆς

168 3588 595 3661 εὐφρανθήσεται
624 3589 1007 3642 ἀνατέλλουσα.
1050 3606 1066 3637 ι
1094 3584 1380 3648 Διεξελθὼν
1405 3588 1432 3637 ό
1472 3602 1733 3657 προφητι-

169 3675 253 3737 κδς
284 3678 437 3745 λόγος
480 3679 553 3730 τά
596 3680 797 3747 σημεῖα
829 3678 925 3744 τῆς
968 3675 1057 3727 τοῦ
1095 3672 1339 3744 Σωτῆρος
1388 3675 1602 3743 ἀρετῆς,
1644 3675 1734 3725 καὶ

167 3766 227 3832 τῇ
267 3767 358 3818 τοῦ
403 3768 734 3836 ΙΙνεύματος
780 3764 1078 3834 προγνώσει
1120 3764 1189 3815 τὰ
1232 3764 1477 3831 ἐσόμενα,
1521 3763 1593 3826 ὼς
1637 3763 1734 3831 ήδη

167 3853 229 3903 δι’
262 3856 436 3925 ἔργων
492 3856 859 3926 κεχωρηκότα
902 3853 1245 3923 τεθεαμένος·
1302 3854 1446 3913 ὅπως
1499 3853 1595 3920 μὲν
1632 3851 1735 3903 τῶν

170 3944 555 4014 ἀντικειμένων
587 3944 899 4015 ἀνατροπὴν
930 3943 1236 4011 εἰργάσατο,
1262 3943 1406 4003 ὅπως
1437 3942 1490 3993 δὲ
1515 3940 1736 3993 ἐπεσκέ-

169 4034 298 4099 ψατο
328 4034 428 4103 τὴν
467 4035 578 4103 γῆν
606 4034 704 4085 καὶ
727 4032 984 4101 ὲμέθυσεν
1025 4030 1207 4099 αὐτὴν,
1247 4031 1339 4082 καὶ
1370 4030 1442 4091 ὡς
1472 4029 1734 4099 ἐπλήθυνε

170 4122 255 4173 τοῦ
294 4123 586 4175 πλουτίσαι
630 4122 818 4190 αὐτὴν,
863 4119 1233 4189 πληρωθέντος
1264 4119 1467 4171 ὑδάτων
1513 4118 1604 4170 τοῦ
1637 4136 1733 4170 πο-

172 4212 336 4279 ταμοῦ
375 4212 471 4263 τοῦ
500 4209 667 4263 Θεοῦ.
711 4209 892 4260 Ταῦτα
934 4208 1208 4270 θεσπίσας,
1244 4208 1336 4260 καὶ
1383 4208 1458 4269 ὡς
1500 4208 1597 4277 ήδη
1634 4207 1735 4275 πρὸ

173 4297 455 4369 ὀφθαλμῶν
483 4300 744 4370 ὁρώμενα
778 4298 1122 4365 θεασάμενος,
1152 4298 1234 4348 ἐπ’
1265 4294 1425 4365 εὐχὴν
1461 4296 1729 4366 τρέπεται,

177 4388 264 4438 καὶ
292 4389 381 4440 τὸν
412 4388 547 4441 Θεὸν
577 4387 807 4438 ἱκετεύει
844 4386 1012 4451 λέγων
1031 4401 1043 4414 ·
1083 4403 1099 4434 ι
1137 4384 1272 4444 Τοὺς
1304 4382 1539 4445 αῦλακας
1571 4384 1734 4450 αὑτῆς

181 4473 420 4539 μέθυσον,
455 4477 557 4529 καὶ
595 4476 864 4545 πλήθυνον
905 4473 973 4525 τὰ
1011 4475 1317 4543 γεννήματα
1355 4473 1536 4541 αὐτῆς.
1579 4492 1595 4523 ι
1628 4471 1734 4523 Λύ-

178 4558 329 4622 λακες
355 4563 411 4614 δὲ
440 4563 628 4631 ψυχῆς
656 4558 762 4613 εἶεν
809 4560 875 4613 ἃν
909 4561 958 4611 οἱ
1005 4561 1142 4612 κατὰ
1181 4560 1372 4627 βάθους
1401 4560 1563 4627 αὐτῆς
1594 4559 1734 4627 λογι-

184 4650 320 4715 σμοὶ,
350 4652 444 4702 καὶ
470 4652 574 4720 τῆς
604 4649 952 4717 συνειδήσεως
981 4648 1146 4717 αὐτῆς
1184 4650 1217 4717 ή
1245 4647 1466 4716 κρύφιος
1494 4649 1584 4699 καὶ
1612 4650 1734 4710 τοὺς

185 4735 396 4800 πολλοὺς
438 4738 778 4791 λανθάνουσα
821 4736 1061 4805 δύναμις,
1097 4738 1161 4805 ἠν
1202 4740 1230 4789 ὁ
1273 4736 1365 4787 τοῦ
1412 4736 1543 4787 Θεοῦ
1583 4736 1733 4802 λόγος

188 4824 403 4895 ἀρότρου
456 4829 618 4898 δίκην
667 4828 980 4895 ἀνατέμνων
1029 4828 1120 4878 καὶ
1177 4825 1544 4895 μεταϐάλλων,
1597 4826 1734 4877 λεῖον

189 4915 567 4985 ἀπεργάζεται·
632 4914 897 4986 περιελών
944 4931 999 4965 τε
1045 4915 1139 4977 τὰς
1187 4914 1449 4977 ἀκάνθας,
1502 4914 1594 4967 καὶ
1640 4915 1734 4983 τὴν

196 5006 434 5073 περιττὴν
461 5004 613 5073 ὓλην,
652 5001 896 5068 ἐντίθησι
932 5001 997 5055 τὰ
1034 5000 1220 5053 ἑαυτοῦ
1269 5002 1549 5069 σπέρματα
1576 5017 1588 5029 ·
1624 4997 1737 5053 εἶτα

192 5094 288 5153 τοῖς
316 5093 549 5159 λογικοῖς
573 5093 813 5158 νάμασιν
844 5088 1099 5156 ἀρδεύων,
1137 5088 1388 5157 μεθύσκει
1421 5087 1602 5157 αύτήν.
1650 5088 1737 5139 Διὸ

200 5175 451 5231 λέλεκται·
490 5199 508 5229 ‹
550 5180 686 5238 Τοὺς
716 5175 960 5236 αὔλακας
989 5178 1156 5243 αὐτῆς
1194 5175 1439 5243 μέθυσον,
1476 5176 1565 5224 καὶ
1605 5175 1738 5244 πλή-

196 5263 331 5316 θυνον
370 5267 435 5318 τὰ
488 5267 815 5333 γεννήματα
857 5264 1039 5332 αὐτῆς.
1080 5283 1095 5313 ι
1125 5260 1255 5313 Εἶτα
1298 5264 1413 5315 ἀντὶ
1442 5262 1555 5313 τοῦ·
1584 5280 1602 5311 ί
1652 5264 1736 5314 Ἐν

202 5353 299 5410 ταῖς
330 5353 563 5416 σταγόσιν
600 5347 789 5413 αὐτῆς
830 5347 1249 5417 εὐφρανθήσεται
1285 5346 1665 5399 ἀνατέλλουσα·
1710 5369 1727 5397 ι

196 5437 311 5486 κατὰ
337 5438 416 5489 τὸν
449 5438 779 5504 Σύμμαχον·
814 5450 831 5481 ι
873 5435 1001 5495 Ταῖς
1047 5435 1273 5503 ψεκάσιν
1322 5433 1484 5500 αὑτῆς
1530 5435 1732 5502 χαυνώ-

253 5603 291 5633 ³⁸
308 5604 441 5657 Ιοέιη.
471 5618 565 5669 vn,
595 5600 701 5662 38,
737 5598 833 5650 39.
912 5601 1153 5658 ".‘Joan.
1183 5617 1222 5662 t,
1256 5599 1341 5655 16.

1828 1903 1916 1955 bet
1948 1917 2122 1964 escas,
2156 1912 2317 1970 atque
2346 1904 2643 1969 condignus
2678 1905 2808 1955 tanti
2853 1903 3091 1956 ﬂuminis
3141 1904 3378 1958 fructus.

1829 1990 2007 2054 Quare
2042 1991 2241 2045 dictum
2292 1999 2374 2044 est
2409 2006 2421 2039 :
2460 2008 2477 2039 ο
2517 1990 2721 2043 Parasti
2753 1992 2930 2044 cibum
2974 1994 3208 2053 illorum,
3239 2008 3375 2060 quo-

1830 2078 1969 2129 niam
1996 2080 2066 2130 ita
2096 2088 2177 2131 est
2204 2079 2537 2146 praeparatio.
2579 2097 2596 2127 ι
2632 2078 2936 2132 Secundum
2994 2078 3372 2147 Symmachum

1828 2178 1955 2217 vero
1988 2183 2001 2219 :
2042 2183 2059 2214 ‹
2095 2164 2439 2219 Fructiﬂcare
2464 2164 2626 2217 facies
2648 2179 2828 2217 semen
2850 2165 2987 2231 ejus,
3019 2166 3271 2232 quoniam
3298 2165 3376 2217 ita

1828 2250 2064 2305 fundasti
2089 2267 2227 2316 eam,
2260 2272 2278 2303 ι
2304 2252 2553 2306 videlicet
2577 2259 2796 2314 terram,
2822 2270 2839 2301 ι
2866 2245 3206 2305 etinehriasti
3228 2266 3368 2313 eam,

1836 2341 2199 2408 multiplicasti
2261 2341 2588 2408 locupletare
2645 2352 2787 2392 eam.
2830 2360 2849 2391 ι
2903 2339 3148 2393 Flumine
3192 2340 3374 2407 itaque

1830 2436 1921 2481 tuo
1950 2429 2179 2481 friictum
2211 2445 2395 2497 parere
2435 2429 2599 2482 facies
2656 2429 2846 2483 semini
2881 2430 3018 2496 ejus,
3045 2429 3096 2481 id
3128 2436 3231 2490 est,
3285 2443 3374 2482 se-

1830 2518 1974 2569 mina
2016 2518 2153 2571 istuc
2197 2518 2460 2584 conjecta,
2497 2525 2554 2568 tu
2614 2516 2749 2584 ipse,
2784 2524 2986 2583 tuoque
3020 2516 3238 2568 ﬂumine
3259 2515 3379 2567 Eru-

1831 2614 1972 2658 ctum
1996 2620 2181 2673 parere
2215 2605 2395 2669 facies,
2434 2605 2506 2656 ita
2530 2612 2589 2655 ut
2610 2603 2876 2671 perfectas
2908 2605 3085 2671 spicas
3109 2604 3367 2671 praebeat.

1834 2693 1921 2747 Sic
1956 2694 2250 2748 secundum
2306 2693 2653 2760 Evangelium
2702 2693 2802 2743 alia
2845 2699 2989 2744 terra
3019 2693 3371 2755 tricesimum,

1832 2783 1935 2835 alia
1965 2782 2382 2849 sexagesimum,
2412 2779 2768 2833 centesimum
2817 2779 2919 2831 alia
2945 2780 3180 2847 proferet
3206 2794 3219 2831 :
3252 2794 3379 2832 nam

1834 2873 1887 2924 in
1915 2870 2209 2924 Salvatoris
2232 2869 2488 2938 parabola
2527 2868 2706 2919 anima
2752 2867 2987 2920 hominis
3040 2877 3180 2920 terra
3213 2882 3374 2920 voca-

1835 2968 1941 3012 tur.
1988 2976 2005 3007 ι
2044 2958 2210 3011 Rivos
2284 2957 2400 3023 ejus
2462 2955 2700 3017 inebria,
2761 2955 3058 3021 multiplica
3105 2956 3379 3022 genimina

1834 3046 1950 3113 ejus
2002 3065 2014 3098 :
2059 3047 2113 3097 in
2167 3043 2457 3098 stillicidiis
2506 3042 2625 3107 ejus
2682 3040 2948 3092 laetabitur
3003 3041 3372 3108 germinans.»

1760 3108 1804 3166 (ἶ
1832 3108 2124 3202 Postquam
2151 3132 2496 3201 propheticus
2527 3144 2704 3183 sermo
2751 3130 2901 3196 signa
2938 3128 3151 3181 virtutis
3184 3128 3377 3181 Serva-

1836 3223 1969 3275 toris
1994 3221 2284 3281 recensuit,
2317 3227 2456 3273 etex
2502 3216 2840 3283 praescientia
2887 3212 3120 3281 Spiritus
3170 3214 3375 3275 futura,

1836 3315 1893 3360 ut
1914 3310 2027 3374 jam
2058 3321 2219 3373 Opere
2247 3303 2531 3369 completa,
2571 3299 2841 3367 praevidit;
2868 3300 3137 3366 quomodo
3165 3299 3376 3351 scilicet

1834 3395 2173 3448 adversarios
2204 3388 2575 3460 prostraverit,
2601 3386 2869 3455 quomodo
2900 3395 3095 3437 terram
3124 3385 3377 3437 visitave-

1834 3487 1903 3538 rit
1929 3494 1981 3539 et
2004 3482 2366 3543 inebriaverit,
2403 3492 2511 3546 quo
2542 3483 2699 3545 pacto
2745 3473 3187 3543 multiplicaverit
3221 3472 3372 3525 locu-

1834 3575 2034 3642 pletare
2052 3586 2188 3633 eam,
2220 3569 2439 3621 ﬂumine
2467 3566 2560 3619 Dei
2603 3565 2759 3632 aquis
2789 3563 3009 3631 repleto.
3042 3560 3166 3614 Haac
3187 3560 3376 3613 vatici-

1834 3671 2014 3723 natus,
2039 3669 2090 3713 et
2119 3659 2275 3728 quasi
2305 3671 2414 3725 prae
2460 3654 2633 3709 oculis
2684 3652 2903 3704 haberet
2955 3650 3375 3717 contemplatus.

1835 3751 1899 3802 ad
1932 3764 2118 3815 preces
2147 3747 2395 3805 vertitur,
2429 3743 2645 3811 Deoque
2700 3741 2969 3809 supplicat
3020 3738 3105 3791 bis
3146 3736 3327 3789 verbis
3356 3752 3373 3790 :

1841 3858 1857 3889 ι
1893 3838 2057 3891 Divos
2085 3836 2206 3903 ejus
2243 3832 2474 3897 inebt‘ia,
2516 3830 2812 3898 multiplica
2853 3827 3126 3896 genimina
3172 3825 3309 3892 ejus.
3349 3844 3371 3876 ι

1835 3926 1952 3978 Rivi
1984 3924 2175 3976 anima;
2201 3921 2443 3993 ejusdem
2468 3918 2747 3988 profundae
2768 3914 3119 3982 cogitationes
3152 3912 3377 3976 fuerint,

1834 4026 1885 4070 et
1931 4014 2246 4069 abscondita
2295 4010 2587 4076 multisque
2637 4008 2809 4059 latens
2877 4002 3225 4056 conscientia:
3271 4002 3374 4062 vis,

1834 4118 1997 4174 quam
2049 4103 2143 4157 Dei
2186 4100 2406 4154 verbum
2452 4112 2551 4150 ceu
2595 4102 2831 4147 aratrum
2870 4090 3087 4143 sulcans
3108 4095 3159 4139 et
3179 4089 3377 4140 immu-

1836 4210 1975 4259 tans,
1999 4199 2211 4266 planam
2238 4193 2398 4247 eﬂicit
2428 4210 2440 4244 :
2474 4190 2748 4258 spinisque
2770 4200 2831 4237 ac
2854 4180 3124 4249 superﬂua
3152 4180 3377 4232 materia

1836 4287 2048 4349 amotis,
2084 4284 2288 4338 semina
2336 4294 2433 4333 sua
2487 4277 2674 4331 inserit
2704 4288 2718 4323 :
2750 4270 3048 4336 deindeque
3079 4266 3375 4318 rationabi-

1838 4375 1976 4427 libus
2007 4371 2223 4425 ﬂuentis
2268 4369 2520 4434 irrigans,
2567 4363 2737 4430 ipsam
2792 4356 3041 4408 inebriat.
3084 4352 3260 4417 Quare
3292 4351 3376 4404 di-

1839 4470 1983 4517 ctum
2019 4468 2102 4513 est
2142 4476 2154 4510 :
2196 4474 2213 4506 ι
2250 4456 2416 4508 Rivos
2457 4454 2573 4521 ejus
2625 4445 2849 4504 inebria,
2880 4441 3179 4508 multiplica
3225 4438 3375 4506 geni-

1839 4552 1983 4605 mina
2016 4549 2153 4616 ejus.
2192 4566 2210 4597 ι
2248 4544 2439 4597 Postea
2473 4552 2599 4591 vero
2629 4536 2771 4588 illius
2798 4532 2920 4616 loco
2954 4549 2965 4583 :
3007 4548 3025 4578 ι
3064 4528 3119 4581 ln
3166 4527 3375 4616 stillici-

1838 4639 1943 4692 diis
2000 4613 2118 4706 ejius
2172 4630 2434 4686 laetabitur
2474 4623 2799 4695 germinans,
2840 4636 2858 4666 ι
2904 4615 3259 4706 Symmachus
3295 4613 3374 4665 sic

1837 4728 1998 4781 habet
2018 4703 2040 4779 :v
2057 4743 2074 4774 ι
2101 4722 2272 4776 Stillis
2287 4719 2402 4786 ejus
2426 4713 2665 4769 emollies
2684 4710 2854 4777 ipsam
2877 4717 2930 4759 et
2947 4718 3162 4774 germen
3177 4703 3316 4769 ejus.
3351 4719 3369 4751 ι

1840 4816 1904 4869 Ει
1953 4817 2066 4868 haec
2113 4812 2291 4865 omnia
2335 4801 2604 4859 visitantis
2655 4794 2953 4849 Ecclesiam
3013 4806 3164 4845 suam
3222 4790 3371 4856 signa

1838 4912 1964 4960 sunt
2000 4923 2011 4956 :
2046 4918 2163 4970 quae
2196 4911 2324 4952 sane
2365 4893 2490 4947 olim
2552 4883 2928 4956 prmnuntiata,
2951 4893 3059 4932 non
3083 4878 3188 4928 alio
3216 4878 3371 4970 modo

1837 5006 1995 5060 quam
2045 4965 2139 5058 per
2170 4980 2468 5039 Servatoris
2521 4973 2691 5027 nostri
2773 4969 3062 5022 adventum
3110 4965 3372 5031 completa
3410 5000 3415 5008 .

1837 5054 1963 5135 sunt
1997 5098 2008 5130 :
2044 5054 2135 5145 per
2160 5088 2315 5142 quem
2358 5068 2447 5136 qui
2472 5067 2591 5131 ejus
2635 5058 2803 5128 gratia
2844 5054 3051 5145 dignati
3089 5058 3236 5145 sunt,
3268 5066 3373 5101 cm-

1836 5169 1987 5222 lestia
2012 5139 2215 5220 semina
2242 5162 2296 5213 in
2326 5152 2605 5210 animabus
2640 5147 2752 5200 suis
2803 5143 3154 5210 excipientes,
3184 5139 3371 5190 uberes

1837 5260 2044 5311 fructus
2091 5251 2401 5323 proferunt;
2454 5239 2543 5291 alii
2607 5247 2796 5299 nempe
2849 5228 3228 5323 centesimum,
3286 5223 3375 5321 alii

1838 5312 2252 5413 sexagesimum,
2285 5334 2371 5387 alii
2425 5327 2775 5378 tricesimum.
2830 5315 3087 5413 Quisqpis
3128 5325 3263 5413 ‘vero
3319 5312 3377 5413 in

1839 5395 2198 5487 Deiiécclesia
2242 5395 2480 5478 diversos
2531 5422 2720 5465 eorum
2765 5405 2860 5473 qui
2890 5398 3181 5456 ianristo
3214 5395 3378 5463 proﬂ-

3234 398 3383 455 ,διε
3474 474 3478 483 1
