3818 6370
110 382 232 434 6L5
1330 392 1825 451 COMMENTARIA
1865 397 1927 451 IN
1968 396 2304 453 PSALMOS.
3319 410 3419 461 διδ

107 490 487 547 ἐνδύσασθαι
542 491 896 569 ἀφθαρσίαν·
927 520 943 552 ι
978 501 1068 553 καὶ
1092 503 1265 556 πάλιν·
1286 524 1309 555 1
1340 506 1451 574 Ἐφ’
1476 502 1519 573 ᾧ
1536 511 1599 559 οὐ
1626 508 1730 560 θέλε

1877 518 1934 562 ut
1956 510 2308 563 absorbeatur
2329 508 2468 578 quod
2490 504 2712 565 mortale
2727 506 2808 566 é'st
2825 525 2855 563 a
2871 510 2979 565 vita
2994 512 3061 568 ".
3091 535 3108 565 ι
3127 513 3417 570 lnducntur

109 601 228 653 μεν
247 581 627 639 ἐνδύσασθαι
662 587 749 657 (1)
768 591 913 651 ,ἀλλ’
934 594 1339 661 ἐπενδύσασθαι,
1367 598 1452 650 ἴνα
1481 602 1730 653 καταποθέ

1861 602 2036 671 itaque
2063 604 2255 656 arietes
2279 604 2589 670 congruenti
2616 603 2713 655 sibi
2736 605 3072 666 vestimento,
3089 615 3293 661 mutato
3306 624 3400 661 cor

110 676 183 725 τδ
214 672 458 743 θνητὸν
522 673 636 725 ὑπὸ
681 678 790 746 τῆς
850 680 1011 750 ζωῆς.
1046 702 1062 733 ι
1128 685 1456 740 Ἐνδύσονται
1506 690 1682 741 τοίνυν
1710 708 1730 741 ο

1859 691 2094 759 ruptibili
2122 705 2345 759 corpore
2366 690 2418 742 in
2442 691 2919 759 incorruptionem,
2938 700 2991 746 et
3015 698 3227 749 mortali
3251 697 3301 749 in
3322 698 3413 749 im-

126 763 303 829 κριοὶ
324 762 405 813 τὸ
432 762 731 832 ἐμπρέπον
755 768 937 831 αὐτοῖς
972 770 1188 841 ἔνδυμα,
1212 775 1301 825 τοῦ
1327 776 1559 846 φθαρτοῦ
1586 778 1730 848 σῶμα

1857 776 2350 834 ιηοτιειιὶιειῑυηισεὶο
2369 779 2545 845 itaque
2564 779 2857 831 secundum
2878 782 3103 848 exempli
3126 786 3409 847 rationem,

125 862 237 937 τος
278 848 491 937 αὑτοῖς
542 851 978 937 μεταϐάλλοντος
1020 860 1098 920 είς
1139 860 1463 930 ἀφθαρσίαν,
1523 865 1615 918 καὶ
1666 870 1730 918 τοί

1857 864 2051 917 arietes
2078 866 2451 919 vestimentum
2471 865 2569 917 sibi
2588 865 2908 931 producunt,
2934 881 3155 935 corpore
3180 871 3294 937 ipso
3311 873 3410 924 vel-

127 933 376 1003 θνητοῦ
405 938 489 999 είς
524 936 851 994 ἀθανασίαν.
914 945 1066 998 Οὕτω
1118 949 1243 1015 γοῦν
1291 952 1429 1004 κατὰ
1476 954 1535 1004 τὸ
1581 956 1730 1023 παρά

1856 953 1939 1004 lus
1961 953 2254 1006 emittente.
2284 956 2393 1006 lmo
2414 969 2540 1005 vero
2569 954 2741 1021 ipsum
2767 952 3045 1007 Dominum
3061 967 3300 1010 nostrum
3319 957 3407 1009 Je-

157 1040 377 1094 ειγμα
400 1028 498 1078 καὶ
533 1029 586 1079 οἱ
609 1032 757 1099 κριοὶ
785 1031 991 1085 οίκοθεν
1019 1037 1306 1104 ἐπάγονται
1329 1040 1390 1092 τὸ
1415 1041 1632 1110 ἔνδυμα,
1663 1050 1730 1096 τοί

1857 1040 2264 1093 SuinChristum
2297 1041 2517 1092 iuduent
2544 1042 2986 1108 praestantissimo
3014 1044 3104 1096 illo
3126 1044 3407 1098 indumen-

123 1112 432 1181 σώματος
501 1118 694 1180 αὑτοῖς
750 1124 1210 1192 καρποφοροῦντος
1260 1128 1349 1179 τὸν
1384 1129 1565 1182 πόκον.
1602 1132 1730 1183 Ἀλλ‹

1856 1138 1929 1191 ιο,
1958 1130 2075 1183 luce
2093 1146 2283 1199 nempe
2299 1132 2512 1183 deitatis
2534 1132 2812 1186 vestiendi.
2840 1134 2917 1185 Ad
2942 1133 3053 1186 hazc
3084 1144 3258 1189 autem
3280 1145 3406 1190 tunc

118 1200 236 1251 καὶ
274 1202 468 1253 αὐτὸν
499 1203 820 1257 ἐνδύσονται
852 1208 941 1259 τὸν
972 1211 1168 1282 Κύριον
1190 1214 1341 1282 ήμῶν
1385 1217 1586 1285 Ἰησοῦν
1622 1219 1749 1288 Χρι⁹

118 1289 303 1354 στὸν,
337 1291 408 1342 τὸ
439 1293 735 1364 ἐξαίρετον
762 1295 962 1365 ἔνδυμα
990 1300 1048 1351 τὸ
1076 1301 1187 1367 φῶς
1205 1304 1301 1371 τῆς
1321 1303 1564 1374 θεότητος
1596 1308 1754 1360 αὑτοῦ

118 1380 669 1449 περιϐαλούμενοι.
704 1385 822 1435 Ἔτι
870 1387 963 1453 μὲν
1016 1389 1108 1439 καὶ
1144 1406 1162 1438 ι
1202 1392 1255 1442 αἱ
1297 1391 1535 1455 κοιλάδες
1566 1412 1584 1443 ι
1636 1396 1754 1446 τότε

123 1486 145 1515 ι
202 1468 595 1537 πληθυνοῦσι
643 1472 805 1523 σῖτον.
833 1491 850 1523 ι
888 1475 1030 1525 Ἔδει
1056 1476 1161 1545 γὰρ
1193 1479 1323 1545 μηδὲ
1352 1480 1455 1530 τῶν
1503 1481 1755 1534 κοιλάδων

115 1558 599 1627 ἀμνημονῆσαι·
637 1560 890 1629 ἀνωτέρω
915 1562 1010 1630 μὲν
1042 1564 1146 1635 γὰρ
1172 1566 1413 1628 πεδιάδες
1443 1567 1756 1638 ὠνομάσθη-

119 1663 244 1697 σαν
282 1647 393 1697 καὶ
415 1648 562 1716 ὄρεα
596 1649 806 1717 ἐρήμου
838 1650 930 1702 καὶ
957 1651 1151 1719 βουνοί.
1204 1654 1415 1725 Ἐπειδὴ
1449 1657 1504 1707 δέ
1532 1660 1633 1709 είσι
1663 1659 1755 1709 καὶ

118 1733 311 1801 παρὰ
339 1733 417 1785 τὰ
440 1732 721 1801 λεχθέντα
749 1735 1000 1805 τάγματα
1032 1738 1175 1789 ἄλλοι
1205 1741 1345 1801 τινὲς
1368 1744 1751 1813 ταπεινότεροι,

1861 1236 1878 1267 ι
1904 1219 2070 1271 valles
2090 1220 2438 1271 abundabunt
2461 1218 2745 1274 frumento.
2771 1240 2787 1271 ι
2812 1219 2915 1271 Par
2944 1223 3138 1290 quippe
3165 1224 3263 1276 fuit
3289 1225 3404 1277 val-

1855 1306 1931 1358 les
1952 1320 2057 1357 non
2081 1305 2292 1359 silentio
2307 1307 2609 1373 praeterire;
2632 1322 2753 1358 nam
2774 1308 3018 1374 superius
3037 1311 3232 1379 campi,
3251 1326 3404 1364 mon-

1854 1400 1935 1445 tes
1950 1393 2165 1455 deserti,
2182 1400 2234 1444 et
2247 1393 2410 1446 colles
2444 1395 2698 1446 nominati
2713 1402 2853 1447 sunt.
2876 1395 3009 1458 Quia
3032 1412 3157 1451 vero
3174 1400 3259 1451 alii
3278 1408 3404 1453 sunt

1861 1481 2171 1532 memoratis
2196 1480 2476 1535 ordinibus
2508 1482 2741 1545 viliores,
2768 1498 2937 1549 neque
2959 1494 3135 1538 tamen
3156 1502 3217 1539 ex
3238 1503 3403 1556 regno

1854 1567 2119 1633 ejiciendi,
2146 1567 2275 1621 licet
2301 1570 2568 1636 prmdictis
2587 1571 2898 1635 comparati,
2914 1574 3081 1639 parvi,
3100 1575 3297 1640 pusilli,
3314 1591 3401 1640 ac,

1855 1665 1916 1707 ut
1957 1656 2029 1706 ita
2058 1655 2252 1718 dicam,
2282 1660 2538 1725 postremi
2571 1657 2867 1711 habeantur
2894 1674 2909 1721 ;
2966 1675 3185 1714 necesse
3217 1662 3313 1715 fuit
3341 1673 3400 1716 ut

1862 1758 2033 1810 neque
2072 1760 2258 1796 eorum
2288 1746 2487 1797 mentio
2514 1746 2906 1813 prmteriretur;
2941 1749 3034 1802 sed
3062 1766 3156 1804 eos
3183 1767 3399 1820 quoque

117 1824 236 1875 καὶ
278 1824 397 1875 οὐκ
421 1825 739 1893 άπόὸλητοι
770 1826 865 1894 μὲν
884 1826 980 1894 τῆς
1003 1826 1290 1895 βασιλείας,
1322 1830 1455 1899 πλὴν
1476 1832 1547 1893 ὡς
1571 1835 1625 1885 ἐν
1653 1851 1727 1886 πα

1852 1843 2231 1897 c0ngruentem
2275 1830 2506 1881 fructum
2552 1831 2754 1883 laturos
2794 1846 2914 1884 esse
2961 1831 3267 1886 declaratur
3314 1835 3399 1888 his

117 1911 384 1979 ραθέσει
448 1913 575 1964 τῶν
638 1912 1035 1983 προλεχθέντων
1095 1920 1313 1986 σμικροὶ
1360 1920 1451 1970 καὶ
1502 1910 1750 1989 βραχεῖς,

116 2000 379 2053 πάντων
403 2018 479 2053 τε
502 2002 586 2063 ὡς
619 2001 685 2053 ἂν
706 2001 847 2053 εἴποι
875 2020 975 2065 τις,
1028 2003 1258 2072 ἔσχατοι·
1307 2007 1611 2073 ἀναγκαίως
1640 2010 1753 2062 ούδέ

115 2090 363 2142 τούτων
401 2089 671 2160 παρῆλθε
701 2089 798 2159 τὴν
841 2093 1056 2160 μνήμην
1098 2095 1125 2143 ὁ
1176 2093 1345 2160 λόγος·
1376 2095 1508 2147 ἀλλά
1533 2098 1624 2147 καὶ
1661 2099 1756 2149 αύ-

118 2180 274 2242 τοὺς
317 2180 556 2250 καρπὸν
584 2179 751 2231 οῐσειν
783 2179 872 2230 τὸν
903 2180 1253 2233 ἐπιϐάλλοντα
1277 2182 1512 2234 διδάσκει
1564 2184 1751 2251 λέγων·

125 2288 145 2320 α
178 2268 319 2323 Καὶ
345 2269 413 2320 αἱ
447 2265 707 2328 κοιλάδες
730 2266 1053 2335 πληθυνοῦσι
1079 2270 1219 2319 σῖτον
1244 2287 1261 2318 ι
1294 2270 1675 2338 προφέρουσαι,
1695 2273 1749 2340 ἢ,

128 2379 147 2408 ι
180 2361 305 2429 τὴν
334 2357 624 2430 τροφὴν,»
656 2356 796 2409 κατὰ
817 2356 908 2407 τὸν
941 2355 1248 2425 Σύμμαχον.
1284 2376 1301 2408 ι
1331 2358 1746 2425 Κεκράξονται.»

122 2448 200 2499 Τί
222 2448 293 2500 δὲ
319 2446 733 2516 κεκράξονται,
766 2444 1051 2517 ἐρμηνεύει
1079 2446 1201 2516 ἑξῆς
1256 2446 1443 2513 λέγων·
1468 2468 1484 2498 ι
1514 2450 1619 2502 Καὶ
1647 2452 1751 2520 γάρ

123 2537 573 2607 ὑμνήσουσινη
622 2536 753 2587 ὡσεὶ
788 2536 1111 2606 σαφέστερον
1167 2539 1390 2608 εἰρήκει·
1421 2538 1481 2590 Εί
1507 2540 1611 2608 γὰρ
1642 2557 1751 2591 κοι-

126 2625 311 2687 λάδες
342 2626 753 2694 τυγχάνουσιν,
788 2626 933 2694 ὅμως
984 2626 1028 2678 δ’
1061 2622 1151 2679 οῦν
1197 2627 1489 2697 ὑμνήσουσι
1538 2628 1626 2680 τὸν
1661 2630 1749 2681 καὶ

127 2712 336 2774 αὐτοῖς
373 2713 502 2764 τῶν
526 2711 750 2778 ἀγαθῶν
775 2713 1030 2784 πάροχον.
1072 2714 1360 2782 ’Υμνοῦσαι
1390 2717 1444 2767 δὲ
1466 2717 1761 2786 κεκράξον-·

129 2815 260 2859 ται,
299 2799 613 2869 παρρησίᾳ
638 2798 912 2868 χρώμεναι
940 2800 1034 2851 καὶ
1073 2800 1166 2869 βοῇ
1199 2801 1422 2872 μεγάλῃ.
1452 2803 1654 2855 Βοῶσαι
1692 2805 1746 2855 δὲ

131 2890 375 2956 κραυγῇ
414 2886 523 2938 καὶ
560 2886 822 2953 ὑμνοῦσαι
856 2885 1009 2947 ποίας
1042 2888 1360 2956 προήσονται
1384 2889 1582 2955 φωνὰς,
1605 2890 1747 2957 ἢτάς

132 2974 200 3025 ἐν
235 2976 396 3043 ἀρχῇ
461 2974 672 3035 παντὸς
719 2972 928 3042 ψαλμοῦ
990 2974 1310 3042 φερομένας·
1369 2976 1499 3027 ιΣοὶ
1552 2978 1745 3045 πρέπει

134 3063 347 3131 ὕμνος,
378 3066 413 3115 ὁ
449 3063 612 3127 Θεὸς,
643 3064 699 3113 ἐν
748 3061 935 3124 Σιὼν,ι
986 3062 1277 3129 λέγουσαι;
1312 3066 1641 3132 Ἀναγκαίως
1690 3067 1744 3117 δέ

135 3150 461 3219 πρόκειται
490 3148 558 3199 τό
594 3164 607 3177 ·
646 3167 663 3197 ι
690 3148 1074 3217 Κεκράξονται,
1121 3150 1213 3199 καὶ
1263 3152 1367 3216 γὰρ
1396 3151 1736 3219 ὑμνήσουσῳ

134 3242 283 3311 περὶ
309 3241 433 3292 τῶν
462 3240 752 3300 κοιλάδων,
787 3240 820 3308 ἢ
880 3240 970 3291 καὶ
1004 3241 1127 3309 περὶ
1187 3240 1293 3291 τῶν
1350 3242 1744 3311 προλεχθέντων

135 3332 453 3391 ἁπάντων,
485 3330 566 3391 ὡς
594 3329 661 3381 ἂν
688 3328 968 3398 μάθοιμεν,
1010 3330 1089 3381 ὅτι
1115 3329 1187 3397 μή
1218 3332 1341 3399 περὶ
1367 3331 1629 3401 αἰσθητῶν
1655 3334 1745 3383 καὶ

137 3418 510 3482 σωματικῶν
559 3417 742 3468 τόπων
789 3418 817 3468 ὁ
866 3416 1016 3483 λόγος
1070 3415 1237 3469 ταῦτα
1277 3418 1528 3469 διδάσκει·
1574 3420 1744 3471 καίτοι

134 3511 245 3561 καὶ
281 3510 427 3577 περὶ
458 3506 670 3557 τούτων
720 3505 861 3566 εἰκὸς
892 3500 957 3573 ἦν
988 3505 1055 3556 τά
1100 3505 1460 3574 προλεχθέντα
1496 3506 1743 3573 λέγεσθαι

135 3596 410 3666 νομίζειν
442 3596 543 3646 ἐπὶ⁵
568 3594 679 3655 τοῖς
706 3592 977 3662 αίσθητοίς
996 3594 1088 3645 τοῦ
1107 3592 1237 3645 Θεοῦ
1259 3594 1593 3664 δωρήμασιν,
1619 3596 1742 3647 ὥστ’

137 3681 294 3737 εἶναι
327 3682 760 3752 εὐχαριστήριον
793 3679 978 3748 ὕμνον,
1021 3680 1094 3741 ὡς
1123 3680 1255 3751 πρὸς
1288 3681 1383 3747 τὴν
1410 3681 1569 3743 λέξιν,
1606 3684 1743 3750 ὑπὲρ

133 3774 259 3826 τῶν
293 3773 430 3825 κατ’
466 3770 588 3830 ἔτος
615 3768 919 3838 ἀνθρώποις
948 3768 1357 3838 χορηγουμένων
1385 3769 1474 3820 τὸν
1507 3772 1742 3839 παρόντα

134 3863 340 3929 λόγον.
372 3860 520 3913 Καθ’
562 3859 793 3910 ἕκαστον
857 3856 983 3924 γοῦν
1015 3858 1255 3909 ἐνιαυτὸν
1302 3860 1329 3909 ὁ
1373 3858 1744 3928 φιλάνθρωπος

136 3954 243 4003 καὶ
276 3949 500 4009 παντὸς
522 3945 729 4013 ἀγαθοῦ
763 3945 924 4014 δοτὴρ
951 3946 1099 4007 Θεὸς,
1149 3947 1601 4015 ἐπισκεπτόμενος
1646 3946 1742 4016 τὴν

133 4040 280 4108 γῆν,
328 4037 602 4107 μεθύσκει
636 4033 823 4102 αὐτὴν,
859 4034 1029 4103 ἄρδων
1060 4036 1170 4096 τοῖς
1204 4035 1477 4103 συνήθεσιν
1501 4035 1738 4104 θμόροις,

135 4129 367 4200 πληροῖ
405 4143 466 4178 τε
504 4124 675 4191 αὐτῆς
703 4124 827 4184 τοὺς
853 4122 1091 4185 αὔλακας
1120 4126 1233 4183 ταῖς
1260 4123 1366 4175 τῶν
1391 4124 1556 4175 ὑετῶν
1584 4141 1742 4192 χορη-

135 4218 330 4284 γίαις.
364 4216 451 4267 Τά
478 4230 541 4265 τε
568 4214 882 4282 γεννήματα
915 4212 1078 4279 αὐτῆς
1115 4210 1391 4280 πληθύνων
1439 4213 1731 4281 εὐλογήσει.

149 4305 223 4356 ’ίί
289 4304 353 4355 δέ
397 4302 776 4371 εὐφραίνεται,
832 4297 1273 4368 νεαροποιηθεῖσά
1331 4316 1389 4350 τε
1439 4300 1730 4351 ἀνατέλλει.

1854 1918 2031 1970 verbis
2067 1932 2079 1966 :
2118 1936 2137 1966 ι
2172 1916 2236 1968 Et
2266 1918 2428 1971 valles
2472 1919 2819 1971 abundabunt
2863 1919 3153 1981 frumento,
3194 1940 3212 1971 ι
3252 1923 3395 1988 quod

1851 2007 2141 2075 proferent,
2170 2007 2282 2069 sive
2319 2025 2336 2055 ι
2376 2022 2574 2069 escam,
2612 2026 2629 2057 ι
2668 2009 2959 2061 secundum
2993 2008 3393 2078 Symmachum.

1857 2113 1874 2144 ι
1914 2094 2253 2148 Clamabunt.
2287 2115 2303 2145 ι
2336 2095 2472 2159 Quid
2522 2105 2701 2148 autem
2758 2096 3087 2156 clamabunt,
3144 2099 3244 2150 sub
3282 2098 3397 2150 haec

1849 2185 2081 2252 explicat
2120 2183 2308 2237 dicens
2343 2203 2356 2237 :
2387 2202 2404 2233 ι
2445 2185 2652 2237 Etenim
2693 2184 2947 2253 hymnum
2980 2185 3192 2250 dicent;
3258 2203 3276 2235 ι
3332 2200 3394 2237 ac

1850 2272 1893 2325 si
1927 2273 2162 2339 apertius
2196 2273 2420 2325 dixisset
2467 2291 2479 2325 :
2527 2272 2749 2324 Etiamsi
2784 2273 2947 2325 valles
2977 2272 3104 2336 sint,
3158 2281 3391 2326 attamen

1851 2362 2033 2413 talium
2065 2362 2165 2415 sibi
2197 2362 2455 2414 bonorum
2479 2361 2684 2413 auctori
2713 2361 2966 2429 hymnum
2997 2361 3193 2414 dicent.
3230 2361 3391 2430 Hym-

1849 2463 1974 2500 num
2000 2463 2126 2501 vero
2162 2448 2400 2501 dicentes
2435 2448 2763 2511 clamabunt,
2807 2448 3001 2500 ﬁducia
3050 2450 3391 2515 clamoreque

1850 2551 2041 2603 magno
2097 2545 2325 2589 utentes.
2379 2536 2686 2589 Clamantes
2738 2543 2913 2588 autem
2953 2549 3085 2589 voce
3118 2550 3307 2604 magna
3336 2544 3390 2588 et

1850 2624 2101 2690 hymnum
2155 2625 2391 2677 dicentes
2430 2640 2564 2691 quas
2610 2638 2770 2676 voces
2821 2625 3089 2686 emittent,
3149 2624 3251 2676 nisi
3296 2638 3389 2676 eas

1848 2728 1964 2781 qua:
1992 2713 2329 2765 initiototius
2361 2714 2551 2781 psalmi
2577 2712 2821 2765 feruntur
2857 2730 2871 2764 :
2908 2729 2925 2760 ι
2957 2710 3032 2763 Te
3062 2712 3214 2764 decet
3235 2711 3391 2781 hym~

1848 2818 1969 2863 nus,
1992 2801 2154 2862 Deus,
2184 2801 2236 2852 in
2265 2798 2437 2853 Sion?
2470 2818 2485 2851 ι
2514 2799 2834 2852 Necessario
2850 2806 3026 2850 autem
3047 2798 3197 2858 illud,
3236 2817 3253 2847 ι
3286 2799 3390 2850 cla-

1846 2892 2087 2952 mabunt,
2127 2889 2320 2940 ctenim
2356 2892 2609 2957 hymnum
2641 2887 2840 2946 dicent,
2878 2904 2896 2935 ι
2933 2888 3241 2939 enuntiatur
3279 2895 3389 2938 tam

1844 2976 1909 3029 de
1937 2976 2163 3028 vallibus
2200 2990 2358 3041 quam
2402 2974 2468 3025 de
2503 2973 2813 3025 memoratis
2856 2974 3129 3037 omnibus,
3166 2980 3225 3024 ut
3272 2972 3387 3027 edi-

1847 3077 2079 3123 scamus,
2114 3062 2225 3113 haec
2256 3076 2359 3113 non
2390 3060 2456 3112 de
2485 3058 2832 3112 sensibilibus
2870 3066 2921 3109 et
2951 3060 3223 3125 corporeis
3254 3059 3387 3111 locis

1846 3147 2074 3203 doceri:
2116 3147 2329 3200 tametsi
2386 3147 2639 3215 praedicta
2699 3146 2859 3197 verba
2918 3146 2983 3197 de
3040 3147 3387 3198 sensibilibus

1842 3250 2053 3302 quoque
2088 3235 2177 3287 Dei
2214 3234 2369 3287 donis
2403 3234 2546 3284 dicta
2593 3239 2782 3299 putare
2821 3247 2915 3297 par
2956 3240 3060 3293 est,
3109 3235 3181 3283 ita
3212 3240 3269 3283 ut
3315 3232 3387 3284 sit

1844 3324 2072 3392 hymnus
2130 3322 2183 3372 in
2222 3322 2514 3389 gratiarum
2564 3319 2826 3369 actionem
2876 3332 2971 3383 pro
3005 3318 3090 3379 iis,
3140 3319 3184 3369 si
3223 3318 3384 3369 verba

1841 3417 2168 3478 Spectentur,
2201 3424 2319 3477 quae
2350 3406 2635 3475 quotannis
2683 3420 2711 3456 a
2761 3404 2866 3457 Deo
2916 3406 3223 3458 hominibus
3256 3405 3385 3457 sub~

1842 3499 2236 3551 ministrantur.
2271 3495 2509 3563 Singulis
2561 3495 2928 3559 itaqueannis
2977 3494 3250 3548 hominum
3296 3494 3385 3545 ille

1842 3594 2045 3637 amator
2090 3585 2415 3653 largitorque
2450 3582 2712 3633 bonorum
2744 3581 2985 3632 omnium
3038 3582 3195 3639 Deus,
3251 3579 3373 3631 visi-

1841 3681 1960 3726 tans
1988 3680 2207 3734 terram,
2241 3670 2470 3723 inebriat
2507 3682 2624 3721 eam
2652 3668 2935 3734 solitisque
2965 3668 3228 3720 imbribus
3261 3667 3384 3719 irri-

1840 3769 1947 3830 gat,
1978 3762 2123 3813 rivos
2156 3760 2274 3827 ejus
2314 3758 2505 3826 pluviis
2551 3765 2756 3809 tumere
2805 3764 3083 3824 procurat,
3115 3755 3382 3823 genimina

1838 3848 1955 3915 ejus
1994 3846 2353 3914 multiplicans
2384 3844 2669 3897 benedicit.
2714 3844 2806 3895 Illa
2834 3857 2960 3895 vero
2990 3843 3108 3894 laeta
3139 3852 3193 3895 et
3226 3857 3385 3895 reno-

1838 3944 1961 3987 vata
2000 3935 2190 3988 iterum
2221 3934 2524 3986 elliorescil.
2553 3930 2754 3984 Deinde
2786 3932 3049 3983 fructibus
3087 3932 3265 3984 omnis
3292 3945 3385 3998 ge-

1840 4024 1983 4077 neris
2006 4022 2227 4084 referta,
2262 4022 2531 4089 segetibus
2564 4027 2616 4073 et
2656 4019 2827 4087 pomis
2865 4024 3175 4077 coronatur,
3221 4026 3279 4069 ut
3316 4032 3383 4069 ne

1839 4100 2014 4180 pigeat
2067 4126 2181 4163 eam
2249 4126 2414 4162 verno
2469 4119 2708 4177 tempore
2762 4113 3070 4159 coronatam
3141 4106 3381 4158 dicere:

1839 4200 2012 4269 campi
2052 4201 2324 4268 replentur
2365 4199 2645 4261 ubertate;
2688 4195 2819 4262 quin
2870 4192 3029 4245 etiam
3076 4198 3129 4241 et
3172 4199 3382 4243 montes

1839 4289 2034 4343 deserti
2057 4289 2417 4349 efﬂorescunt,
2445 4296 2497 4340 et
2529 4286 2693 4337 colles
2715 4280 3068 4335 exsultatione
3088 4279 3384 4347 accingun-

138 4393 423 4445 Κᾶπειτα
456 4368 808 4457 πληρουμένη
861 4386 1119 4437 παντοίων
1172 4385 1412 4454 καρπῶν,
1464 4386 1730 4455 σπορίμων

1846 4386 1930 4429 tur
1965 4396 1976 4429 :
2005 4380 2198 4431 arietes
2230 4378 2411 4430 ovium
2443 4374 2727 4428 velleribus
2759 4370 2871 4423 suis
2901 4368 3229 4433 vestiuntur;
3254 4369 3384 4435 ipsae

2018 4468 2048 4476 ..
2194 4468 2205 4476 .
2512 4465 2532 4476 ρ
2721 4471 2733 4476 -
2823 4456 3083 4476 _.-__,.‘-_.
3163 4466 3207 4476 _.
3250 4457 3379 4476 τηε,

138 4493 203 4529 τε
244 4478 351 4529 καὶ
415 4473 736 4545 ἀκροδρύων
786 4472 1157 4539 στεφανοῦται,
1204 4474 1277 4535 ὡς
1320 4475 1392 4542 μὴ
1425 4474 1488 4525 ἂν
1517 4475 1739 4542 ὀκνῆσαι

141 4567 301 4618 κατὰ
334 4566 434 4617 τὸν
456 4564 551 4615 τοῦ
575 4564 734 4632 ἔαρος
764 4560 952 4629 καιρὸν
990 4562 1387 4629 ἐστεφανῶσθαι
1428 4561 1601 4629 λέγειν
1638 4564 1737 4615 αὑ-

138 4654 273 4720 τὴν,
310 4654 384 4705 τά
412 4669 476 4703 τε
516 4650 675 4702 πεδία
704 4648 1037 4717 πληθύεσθαι
1087 4651 1352 4717 πιότητος·
1387 4652 1477 4702 καὶ
1512 4653 1615 4719 μὴν
1647 4653 1737 4703 καὶ

140 4742 215 4793 τά
243 4742 393 4811 θρεα
426 4741 526 4807 τῆς
554 4740 767 4808 ἐρήμου
800 4736 1001 4798 ἀνθεῖν,
1032 4738 1122 4790 καὶ
1166 4742 1288 4800 τοὺς
1326 4738 1539 4806 βουνοὺς
1568 4741 1735 4806 ἀγαλ-

139 4830 336 4885 λίασιν
379 4826 848 4900 περιζώννυσθαι·
911 4826 1041 4877 ἀλλά
1088 4828 1177 4878 καὶ
1240 4828 1363 4887 τοὺς
1402 4826 1583 4894 κριοὺς
1630 4830 1736 4881 τῶν

145 4919 448 4987 προόάτων
469 4919 586 4976 τοῖς
612 4912 838 4965 ἑαυτῶν
884 4912 1067 4975 πόκοις
1128 4912 1537 4975 ἐνδιδύσκεσθαι,
1574 4916 1739 4979 αὐτάς

144 5016 206 5050 τε
238 5004 336 5064 τὰς
366 4998 627 5058 κοιλάδας
661 4994 857 5063 χώρας
908 4997 1159 5059 πολλάκις
1204 4996 1528 5065 πληροῦσθαι
1571 5001 1737 5066 σίτου,

146 5091 240 5139 καὶ
265 5088 558 5160 μονονουχὶ
588 5083 672 5150 τῷ
699 5083 857 5150 ἔργῳ
920 5084 1045 5154 βοᾷν
1072 5087 1163 5138 καὶ
1194 5086 1283 5136 τδν
1328 5077 1455 5137 Θεὸν
1472 5088 1737 5152 δοξάζειν.

143 5176 315 5233 Ταῦτα
337 5180 395 5232 δὲ
420 5180 471 5228 εί
497 5174 599 5225 καὶ
624 5172 714 5221 ὄτι
739 5169 981 5235 μάλιστα
1002 5173 1271 5241 αἰσθητῶς
1302 5173 1589 5241 πληροῦται
1615 5180 1739 5230 καθ’

141 5262 353 5322 ἕκαστον
375 5267 523 5323 ἔτος,
564 5257 691 5309 ἀλλ’
718 5257 752 5321 ἡ
792 5257 1109 5329 σύμφρασις
1129 5261 1226 5327 τῆς
1239 5259 1329 5310 τοῦ
1356 5262 1541 5324 παντὸς
1575 5263 1738 5330 λόγου

98 5338 101 5341 Α
137 5350 449 5411 ἀκολουθίας
472 5346 575 5398 ἐπὶ
611 5343 720 5408 τὴν
759 5342 997 5413 θεωρίαν
1031 5348 1176 5416 ἡμᾶς
1200 5346 1579 5414 ἀναπέμπουσα
1612 5353 1744 5405 ἀποο

134 5434 407 5493 δέδεικται.
454 5428 641 5498 Ὁμοῦ
667 5426 738 5493 δὴ
770 5424 874 5481 οῦν
910 5435 973 5487 τὰ
998 5433 1357 5503 προλεχθέντα
1374 5436 1559 5501 πάντα,
1590 5440 1742 5506 λέγω

191 5570 226 5600 ⁸³
257 5571 299 5621 ll
335 5567 475 5618 Cor.
512 5575 569 5617 v,
601 5568 662 5606 4.

189 5662 251 5728 (.l)
291 5658 465 5710 Forte
501 5643 639 5698 ἐκδύ
653 5660 718 5693 σα
730 5644 883 5701 σθαι.

1842 4468 2113 4521 convalles
2158 4468 2470 4536 plerumque
2509 4465 2774 4516 frumento
2815 4456 3111 4515 abundant,
3158 4466 3210 4508 et
3250 4457 3383 4524 ipsis

1843 4556 2096 4622 Operibus
2119 4564 2323 4608 tantum
2352 4569 2455 4606 non
2479 4554 2709 4604 clamant
2736 4548 3003 4611 Deumque
3032 4544 3287 4599 laudibus
3315 4546 3387 4597 cf-

1841 4655 2037 4707 fcrunt.
2071 4648 2193 4701 llazc
2216 4660 2374 4714 porro
2401 4642 2609 4696 etiamsi
2631 4636 2917 4707 quotannis
2948 4634 3195 4685 sensibili
3227 4634 3385 4686 modo

1840 4737 2161 4805 impleantur
2177 4770 2190 4794 ,
2210 4746 2272 4784 ex
2296 4730 2433 4784 serie
2454 4737 2627 4779 tamen
2649 4720 2969 4777 narrationis
2986 4730 3386 4773 commonstra-

1841 4834 1955 4878 tum
2002 4831 2105 4886 cst,
2134 4821 2318 4876 eadem
2350 4832 2448 4873 nos
2477 4815 2546 4868 ad
2593 4807 3095 4877 contemplationem
3133 4820 3387 4859 evocare.

1840 4912 2199 4966 Nihilominus
2255 4912 2543 4961 memorata
2595 4901 2792 4961 omnia,
2851 4894 3105 4946 nimirum
3190 4896 3392 4961 campi,

1842 5011 2051 5057 montes
2077 4999 2295 5059 deserzi,
2324 4996 2489 5049 colles
2513 5000 2568 5044 et
2599 4991 2791 5043 arietes
2819 4981 3015 5037 ovium,
3042 4983 3223 5043 atque
3257 4982 3403 5033 insn-

1841 5108 1935 5159 per
1960 5094 2109 5160 prius
2134 5088 2406 5154 explicata:
2437 5079 2727 5136 convalles,
2746 5080 2856 5123 tum
2877 5062 3189 5118 secundum
3219 5065 3406 5117 damn

1843 5157 2351 5248 interpretationem,
2381 5176 2493 5219 tum
2534 5166 2690 5218 obvio
2743 5168 2902 5212 sensu
2949 5157 3213 5247 accepta.
3247 5167 3415 5203 unam

1845 5245 2052 5330 vocem,
2087 5263 2470 5325 melodiamque
2499 5262 2787 5309 consonam
2821 5245 2932 5296 Deo
2962 5245 3262 5330 enlissura
3305 5254 3424 5330 esse

1847 5325 2116 5411 dicuntur.
2146 5354 2317 5417 Quare
2348 5347 2398 5398 in
2435 5345 2681 5397 omnibus
2714 5339 2826 5390 hanc
2864 5327 3145 5392 intelligas
3184 5342 3202 5375 :
3248 5344 3271 5375 ι
3312 5325 3424 5376 Cla-

1849 5446 2070 5499 mabunt
2100 5450 2152 5497 et
2181 5441 2434 5509 hymnum
2475 5432 2672 5485 dicent.
2708 5444 2727 5477 ι
