3818 6368
52 474 161 528 ειν

1350 446 1834 505 ΟΟΜΜΕΝΤΑΒΙΑ
1875 450 1939 504 lN
1976 452 2307 508 PSALMOS.

3300 464 3402 518 650

81 522 541 644 gg/‘ljfgfil
559 542 635 595 τδ
677 551 865 625 σῶμα
892 559 949 611 τὸ
969 556 1316 628 ἀνθρώπειον,
1348 563 1531 634 ὥσπερ
1561 567 1758 634 δργανο

1880 568 2057 629 homo,
2088 568 2324 623 membra
2353 576 2405 622 et
2432 584 2622 622 sensus
2643 584 2758 638 ejus
2776 570 2909 627 scite
2934 572 3035 644 legi
3064 574 3158 631 Dei
3178 578 3403 644 psallere

441 616 801 733 ξεδοὲξὲνον,
857 616 1149 718 ψαλτήριον
1199 616 1382 705 εῐωθεν
1414 616 1758 723 ὀνομάξεοσθαι

1880 616 2057 629 -------,
2090 616 2324 623 --η-η---
2357 616 2403 622 η
2432 616 2619 622 ---η---
2646 616 2757 638 ..η
2777 616 2909 627 --ην
2934 616 3035 644 ηδ.
3064 616 3158 631 νυ.
3178 616 3402 644 rem...“

1879 658 1998 725 jure
2027 658 2294 713 dicantur.
2321 657 2448 723 Qua:
2476 658 2637 728 igitur
2664 659 2727 712 ad
2756 662 3107 730 cognitionem
3139 666 3404 733 pertinent

132 745 193 793 se
224 752 273 789 ο

272 709 389 812 ξδ’-ὸ
415 714 561 771 εἵσω
593 724 704 780 ἀνθ
716 709 934 801 ρωπος,
952 709 1393 807 ἀνακρουόμενος,
1422 709 1786 812 ἐπιστημόνως

174 832 247 880 «ἀλ
270 805 426 891 ρὲλη
456 816 563 869 xui.
583 820 661 874 τὰ
696 827 1040 902 αἰσθητήρια
1065 805 1141 900 τῷ
1161 805 1305 903 νόμῳ
1323 833 1413 885 τοῦ
1431 834 1562 886 Θεοῦ
1593 805 1784 901 λέγοιτ’

194 912 263 967 ἀν
293 905 523 972 ε’ἱκὸτως
544 909 809 978 ψάλλειν.
847 921 929 973 Τὰ
951 922 1045 991 μὲν
1077 918 1167 975 οὖν
1196 925 1290 993 τῆς
1312 923 1556 991 γνώσεως
1586 926 1676 977 καὶ
1700 927 1786 979 διὰ

201 1003 300 1057 τοῦ
330 998 659 1073 ἀλαλαγμοῦ
694 1009 838 1079 αύτὴ
869 1011 988 1064 καθ’
1022 1013 1214 1082 ἑαυτὴν
1243 1016 1275 1084 ἡ
1315 1015 1455 1084 ψυχὴ
1488 1015 1781 1086 κατώρθου·

195 1094 286 1148 διὸ
320 1094 482 1165 αὐτῷ
508 1094 587 1165 τῷ
617 1096 742 1167 Θεῷ
773 1100 1025 1169 ἠλάλαξε·
1046 1103 1114 1155 τὰ
1140 1104 1194 1157 δὲ
1214 1104 1307 1157 τοῦ
1336 1106 1550 1174 ψάλλειν
1576 1106 1662 1159 διὰ
1690 1109 1785 1177 τῆς

194 1188 303 1241 τοῦ
339 1186 603 1257 σώματος
628 1189 828 1260 ἠθικῆς
845 1193 934 1244 καὶ
957 1194 1256 1263 πρακτικῆς
1276 1196 1534 1264 κινήσεως
1559 1198 1781 1267 ἐνεργεῖ*

187 1279 283 1331 διὸ
314 1278 603 1331 λέλεκται·
638 1297 657 1330 ι
694 1279 784 1349 Τῷ
808 1281 1024 1351 ὀνόματι
1076 1284 1257 1336 αὑτοῦ.
1298 1303 1315 1335 ι
1352 1284 1629 1355 Εὐφημίαν
1679 1288 1783 1358 γὰρ

184 1370 279 1439 τῷ
315 1369 417 1421 τοῦ
449 1369 593 1421 Θεοῦ
616 1370 841 1439 ὀνόματι
876 1373 1025 1442 φέροι
1076 1372 1142 1426 ἂν
1192 1375 1223 1443 ἡ
1264 1373 1352 1426 διὰ
1406 1375 1512 1428 τῶν
1541 1376 1783 1446 πράξεων

184 1464 318 1522 τοῖς
356 1460 589 1522 πολλοῖς
620 1459 966 1531 θεωρουμένη
994 1462 1340 1532 κατόρθωσις.
1376 1464 1482 1517 Καὶ
1505 1466 1681 1536 τρίτον
1706 1467 1781 1530 δὲ,

181 1551 553 1621 πρόσταγμα
581 1551 745 1602 πᾶσιν
777 1552 906 1620 ἡμῖν
931 1553 1041 1613 τοῖς
1083 1552 1139 1617 ἐξ
1170 1551 1334 1605 ἐθνῶν
1365 1555 1453 1605 τὸν
1485 1554 1614 1607 Θεὸν
1662 1556 1784 1607 ἐπε-

179 1642 451 1708 γνωκόσι
511 1642 909 1711 παρήγγελται,
943 1643 1002 1693 τὸ
1046 1642 1261 1695 κελεῦον
1298 1645 1491 1697 διδόναι
1542 1646 1694 1709 δόξαν
1722 1647 1779 1697 ού

177 1730 274 1800 τῷ
303 1730 459 1799 Θεῷ,
494 1732 741 1800 ἀπήρκει
773 1730 879 1802 γὰρ
905 1731 1183 1795 ἀλαλάζειν
1224 1734 1386 1803 αὐτῷ·
1424 1734 1533 1787 ἀλλ’
1562 1736 1675 1787 οὐδὲ
1707 1735 1781 1805 τῷ

177 1821 435 1891 ὀνόματι
470 1820 669 1882 αὑτοῦ,
692 1819 864 1889 τούτῳ
914 1820 1019 1891 γὰρ
1048 1821 1265 1889 ψάλλειν
1303 1824 1673 1893 ὲκελευόμεθα·
1712 1827 1776 1894 τῇ

1883 749 2059 801 anima
2107 750 2160 802 in
2215 749 2385 817 seipsa
2433 764 2525 817 per
2572 749 2939 818 jubilationem
2994 758 3402 824 exsequebatur,

1882 836 2227 903 quamobrem
2259 836 2360 904 ipsi
2390 834 2496 889 Deo
2516 836 2808 903 jubilabat;
2840 852 2933 905 per
2964 851 3278 898 consuetum
3308 863 3404 900 au-

1882 931 1986 977 tem
2010 926 2220 994 corpori
2244 924 2432 995 agendi
2459 934 2659 979 motum
2684 927 2942 995 psallendi
2973 930 3134 984 ritum
3155 948 3407 1003 exseque-

1882 1015 2078 1069 batur:
2109 1030 2273 1083 quare
2300 1015 2493 1069 dicitur
2546 1034 2559 1069 :
2611 1034 2630 1065 ι
2685 1016 2896 1071 Nomini
2936 1021 3070 1087 ejus.
3119 1042 3137 1073 ι
3173 1022 3404 1078 Laudem

1883 1105 2078 1173 quippe
2120 1105 2322 1158 nomini
2376 1104 2466 1159 Dei
2499 1107 2786 1161 conciliant
2831 1117 2973 1164 recte
3019 1111 3179 1177 facta,
3223 1131 3341 1184 qua:
3372 1130 3403 1169 a

1884 1193 2064 1246 multis
2090 1193 2514 1261 conspiciuntur.
2546 1192 2744 1257 Tertio,
2770 1196 3075 1253 mandatum
3107 1202 3261 1258 nobis
3285 1194 3405 1257 om-

1882 1280 2062 1344 nibus,
2095 1280 2187 1347 qui
2216 1296 2279 1335 ex
2311 1280 2559 1350 gentibus
2589 1280 2655 1333 ad
2689 1280 2779 1335 Dei
2819 1285 3174 1352 cognitionem
3221 1303 3405 1344 acces-

1883 1371 2082 1432 simus,
2122 1372 2371 1423 traditum
2420 1380 2523 1433 est,
2572 1385 2677 1439 quo
2717 1372 2967 1440 jubemur
3004 1376 3225 1444 gloriam
3255 1379 3403 1443 dare,

1881 1470 1989 1508 non
2022 1454 2129 1509 Deo
2149 1495 2161 1519 ,
2188 1456 2318 1510 satis
2347 1457 2487 1510 enim
2516 1464 2631 1510 erat
2654 1458 2884 1527 jubilare
2905 1463 3036 1530 ipsi;
3062 1480 3167 1517 non
3201 1470 3403 1522 nomini

1881 1544 2017 1611 ejus,
2048 1544 2170 1598 huic
2202 1548 2342 1599 enim
2382 1547 2608 1614 psallere
2646 1549 2927 1617 jubemur,
2955 1553 3047 1605 sed
3100 1555 3240 1608 laudi
3266 1560 3403 1625 ejus.

1881 1632 2181 1689 Laudantes
2218 1636 2358 1689 enim
2389 1637 2562 1703 ipsum
2597 1653 2690 1706 par
2719 1646 2801 1692 est
2834 1654 2937 1693 non
2985 1641 3275 1707 humiliter,
3307 1662 3407 1702 nec

1881 1722 1995 1775 sine
2019 1722 2185 1790 gloria
2214 1722 2265 1775 id
2297 1738 2469 1792 agere,
2500 1724 2593 1778 sed
2618 1740 2808 1795 magno
2843 1743 2963 1781 cum
2995 1729 3195 1785 honore
3223 1742 3273 1786 et
3292 1733 3407 1802 glo-

1882 1828 1980 1865 ria.
2022 1812 2292 1881 Siquidem
2346 1825 2535 1883 praeter
2582 1817 2939 1885 cognitionem
2985 1819 3075 1875 Dei
3127 1822 3182 1876 in
3230 1835 3406 1878 mente

176 1910 243 1963 δὲ
278 1911 506 1963 αἰνέσει
537 1908 727 1963 αὐτοῦ.
754 1909 1038 1972 Δίνοῦντας
1068 1912 1172 1981 γὰρ
1223 1914 1379 1965 αὐτὸν
1422 1915 1678 1983 προσήκει
1708 1893 1758 1982 μί

1877 1902 2123 1964 deﬁxam,
2150 1918 2268 1971 qua:
2297 1894 2391 1972 per
2418 1906 2832 1961 instrumentum
2855 1910 3173 1974 celebratur,
3205 1928 3301 1982 par
3322 1921 3404 1968 est

175 2000 511 2063 ταπεινῶς,
549 2000 686 2069 μηδὲ
716 1998 915 2062 ἀδόξως
945 2002 1130 2063 αἰνεῖν,
1178 2002 1272 2053 σὺν
1332 2002 1494 2073 πολλῇ
1542 2004 1597 2056 δὲ
1650 2006 1776 2074 τιμῇ

174 2092 292 2144 καὶ
321 2090 484 2161 δόξῃ.
524 2088 674 2159 Πρὸς
702 2088 810 2157 γάρ
837 2091 902 2157 τῇ
936 2088 1070 2140 κατὰ
1097 2089 1327 2142 διάνοιαν
1354 2092 1636 2162 ὲρῤωμένῃ
1656 2093 1779 2161 περὶ

170 2183 341 2236 Θεοῦ
381 2181 590 2249 γνώσει
624 2180 692 2233 δι’
724 2179 954 2250 ὀργάνου
985 2180 1383 2253 κατορθουμένῃ
1408 2184 1779 2256 προσήκεικαὶ

170 2270 282 2324 διὰ
314 2269 505 2335 λόγων
528 2267 690 2320 θείων
719 2269 898 2330 αῖνους
927 2266 1018 2319 καὶ
1057 2267 1253 2337 ὕμνους
1280 2270 1402 2332 τοὺς
1434 2272 1513 2333 εἰς
1542 2270 1631 2323 τὸν
1650 2266 1777 2324 Θεὸν

173 2362 583 2432 περιεχόντων
642 2362 737 2413 σὺν
771 2360 1022 2431 εὐλαϐείᾳ
1072 2362 1163 2413 καὶ
1221 2360 1495 2431 σεδασμίῳ
1544 2352 1671 2431 τιμῇ
1718 2363 1777 2415 τὸ

176 2452 429 2521 πρῶτον
458 2449 819 2520 ἀποπληροῦν
852 2451 1190 2520 πρόσταγμα.
1214 2450 1303 2502 Διὸ
1329 2451 1586 2504 λέλεκταιο
1612 2470 1629 2502 ι
1652 2454 1776 2504 Δότε

174 2542 361 2606 δόξαν
379 2540 595 2592 αἰνέσει
616 2536 804 2590 αὐτοῦ’
846 2557 864 2590 ι
889 2539 921 2607 ἢ
944 2538 1080 2591 κατὰ
1100 2539 1187 2591 τὸν
1215 2538 1463 2605 Ἀκύλαν,
1498 2557 1515 2589 ι
1541 2540 1665 2592 Δότε
1696 2541 1778 2592 δό-

174 2632 290 2697 ξαν
334 2631 587 2701 ὑμνήσει
618 2624 889 2697 αὐτοῦ·ιῆ
920 2628 1056 2680 κατά
1082 2630 1169 2680 τὸν
1196 2628 1500 2698 Σύμμαχον,
1535 2649 1554 2681 ι
1574 2630 1775 2700 Τάξατε

177 2725 268 2783 εἰς
304 2721 491 2789 τιμὴν
526 2719 621 2770 τὸν
656 2717 822 2787 ὕμνον
869 2716 1083 2771 αὑτοῦ.ι
1133 2719 1251 2769 Ἔτι
1310 2718 1443 2787 πρὸς
1484 2720 1689 2782 τούτοις
1719 2721 1776 2773 τὸ

177 2811 437 2880 Πνεῦμα
472 2808 537 2861 τὸ
569 2806 905 2878 προφητικὸν
963 2806 1381 2877 παρακελεύεται
1433 2810 1595 2862 πᾶσιν
1649 2812 1775 2879 ἡμῖν

177 2900 646 2971 τιθεωρημένως
675 2896 990 2961 ὲνατενίζειν
1042 2900 1152 2960 τοῖς
1181 2897 1357 2968 ἔργοις
1386 2898 1478 2951 τοῦ
1501 2899 1652 2963 Θεοῦ,
1683 2901 1775 2952 καὶ

177 2993 281 3045 τὸν
308 2992 451 3043 νοῦν
482 2990 734 3058 ὲφιστᾷν,
762 2990 907 3049 ὅπως
953 2988 1113 3055 φόϐου
1169 2990 1259 3040 καὶ
1303 2989 1606 3060 ἐκπλήξεως
1634 2991 1775 3063 γέμῃ

177 3083 253 3136 τὰ
289 3083 405 3151 τῆς
462 3080 662 3147 σοφίας
713 3078 873 3130 αὑτοῦ
908 3077 1404 3148 μεγαλουργήματα.
1444 3098 1462 3129 ι
1504 3080 1593 3131 Ἐκ
1618 3081 1774 3149 μεγέ-

179 3171 325 3233 ῑευς
360 3170 475 3239 γὰρ
526 3168 623 3220 κα)⁵
680 3165 938 3233 καλλονῆς
985 3167 1286 3235 κτισμάτων
1342 3167 1660 3259 ἀναλόγωςᾼὸ
1691 3185 1774 3236 γε·
1800 3204 1840 3259 c

178 3259 526 3330 νεσιουργὸς
555 3257 856 3325 θεωρεῖται·
899 3274 916 3305 ι
940 3256 1060 3308 καί·
1086 3275 1103 3305 ι
1134 3256 1211 3308 Τά
1236 3256 1435 3328 ἀόρατα
1464 3257 1622 3309 αὐτοῦ
1666 3259 1770 3310 ἀπὸ

178 3352 441 3410 γτίσεως
472 3347 684 3415 κόσμου
716 3346 827 3406 τοῖς
873 3348 1130 3415 ποιήμασι
1166 3346 1422 3415 νοούμενα
1459 3348 1764 3417 καθορᾶται·

177 3440 213 3509 ἦ
244 3455 318 3492 τε
355 3437 532 3497 ἀΐδιος
568 3432 733 3485 αὐτοῦ
777 3432 1000 3502 δύναμις
1044 3434 1135 3485 καὶ
1191 3434 1418 3505 θειότης.
1441 3454 1459 3485 ι
1490 3435 1651 3489 Ταῦτ’
1677 3433 1768 3489 οὖν

178 3526 582 3598 θεωροῦντας,
624 3523 1155 3593 ὑπερεκπλήττεσθαι
1208 3524 1303 3588 δεῖ,
1360 3527 1450 3578 καὶ
1488 3526 1658 3594 λέγειν
1691 3528 1767 3597 τῷ

176 3619 341 3689 Θεῷο
388 3636 406 3669 ι
445 3618 538 3678 Ὠς
568 3613 775 3686 φοϐερά
809 3615 874 3666 τὰ
900 3613 1032 3684 ἔργα
1054 3630 1197 3666 σου.)
1231 3614 1506 3685 Ἀλλ’ἡμῖν
1540 3616 1636 3685 μὲν
1658 3620 1767 3680 τοῖς

178 3710 295 3762 ὑπὸ
334 3707 438 3759 σοῦ
480 3702 912 3773 πεφωτισμένοις
941 3702 1309 3771 ἐγνωσαιταικα)⁵
1332 3704 1675 3774 κατείληπται
1700 3706 1766 3759 τὰ

177 3799 335 3870 ἔργα
375 3813 473 3848 σου
503 3795 636 3846 δντα
664 3792 885 3861 φοϐεράο
920 3794 966 3844 οἱ
996 3793 1049 3844 δὲ
1074 3792 1254 3864 ἐχθροί
1284 3809 1374 3845 σου
1398 3796 1452 3845 ὲν
1471 3794 1641 3864 σκότῳ
1671 3812 1767 3848 κα-

176 3888 571 3957 λινδούμενοι,
608 3884 710 3937 κᾶν
744 3883 963 3936 ὲθέλωσί
999 3902 1125 3936 ποτε
1157 3885 1405 3955 περὶτῶν
1438 3887 1541 3940 σῶν
1593 3888 1764 3958 ἔργων

173 3978 480 4043 διεξιέναι,
518 3976 614 4028 καὶ
640 3974 826 4041 λόγους
850 3975 922 4036 ὼς
951 3970 1057 4026 οἷόν
1087 3991 1143 4026 τε
1170 3978 1420 4042 φυσικοὺς
1446 3976 1760 4040 ἀποδιδόναι,

177 4070 424 4141 μακρὰν
463 4066 835 4120 ἀποπίπτουσι
855 4064 945 4115 τοῦ
970 4064 1197 4133 πλήθους
1218 4066 1315 4134 τῆς
1348 4066 1444 4135 σῆς
1469 4067 1758 4136 δυνάμεως,

174 4163 353 4215 οὐδὲν
388 4159 548 4225 ὑγιὲς
581 4156 700 4207 οὐδὲ
736 4154 929 4223 ἀληθὲς
959 4154 1165 4222 ἔχοντες
1210 4156 1400 4223 λέγειν.
1432 4159 1520 4210 Διό
1566 4175 1756 4229 φαμεν·

180 4269 201 4300 ι
224 4252 333 4303 Ἑν
370 4248 451 4317 τῷ
483 4245 685 4315 πλήθει
713 4246 809 4313 τῆς
838 4244 1110 4313 δυνάμεώς
1167 4261 1257 4297 σου
1300 4246 1582 4313 ψεύσονται
1624 4265 1682 4299 σε
1713 4251 1759 4300 οἱ

175 4340 386 4410 ἐχθροί
424 4354 546 4389 σου.
586 4336 744 4387 Πᾶσα
792 4336 824 4402 ἡ
858 4335 929 4403 γῆ
991 4337 1507 4405 προσκυνησάτωσαν
1559 4354 1636 4389 σοι
1670 4340 1760 4390 καὶ

172 4428 535 4498 ψαλάτωσάν
570 4441 674 4487 σοι,
708 4423 1028 4492 ψαλάτωσαν
1058 4423 1132 4493 τῷ
1155 4425 1371 4494 ὀνόματί
1400 4443 1509 4478 σου.
1532 4428 1759 4495 Διάψαλ-

1877 1993 2034 2046 etiam
2094 1992 2291 2048 divinis
2335 1996 2671 2051 sermonibus
2707 1998 2889 2053 laudes
2939 2009 2991 2054 et
3041 2002 3265 2071 hymnos
3313 2003 3402 2058 Dei

1876 2082 2346 2149 complectentibus
2374 2100 2492 2137 cum
2516 2084 2707 2153 pietate
2726 2102 2786 2141 ac
2804 2091 3141 2145 veneratione
3173 2093 3401 2160 primum

1876 2180 2195 2240 praaceptum
2220 2173 2455 2241 implere.
2483 2174 2658 2239 Quare
2688 2176 2886 2231 dictum
2915 2186 2998 2233 est
3030 2198 3043 2233 :
3075 2197 3092 2229 ι
3133 2180 3260 2235 Date
3283 2184 3400 2251 glo-

1878 2261 2008 2312 riam
2033 2261 2176 2315 laudi
2204 2263 2350 2330 ejus;
2396 2283 2414 2315 ι
2456 2266 2557 2331 vel,
2585 2268 2877 2321 secundum
2903 2268 3183 2337 Aquilam:
3227 2290 3243 2322 ι
3272 2270 3399 2326 Date

1875 2349 2095 2416 gloriam
2114 2349 2323 2419 hymnis
2338 2351 2453 2419 ejus
2473 2373 2487 2417 ,
2514 2372 2531 2402 ι
2554 2354 2655 2417 vel,
2679 2355 2971 2409 secundum
2989 2356 3361 2427 Symmachum
3382 2376 3395 2411 :

1881 2456 1898 2488 ι
1929 2439 2249 2495 Constituite
2278 2443 2331 2495 in
2363 2443 2616 2498 honorem
2645 2445 2901 2514 hymnum
2936 2448 3073 2518 ejus.
3114 2468 3132 2500 ι
3163 2450 3241 2503 Ad
3285 2452 3396 2506 haec

1874 2544 1998 2582 vero
2026 2530 2258 2599 Spiritus
2284 2532 2625 2601 propheticus
2651 2535 2804 2603 jubet
2834 2551 2933 2590 nos
2966 2552 3152 2595 omnes
3196 2548 3396 2596 attento

1875 2621 2051 2674 animo
2077 2636 2238 2690 opera
2268 2622 2360 2677 Dei
2393 2625 2753 2690 considerare,
2783 2634 2941 2696 atque
2967 2637 3143 2684 mente
3172 2645 3395 2700 perpen-

1873 2708 2017 2772 dere,
2047 2726 2153 2778 quo
2187 2719 2341 2780 pacto
2370 2728 2558 2784 magna
2581 2716 2856 2784 sapientiae
2884 2718 3026 2774 illius
3048 2734 3210 2790 opera
3244 2724 3386 2778 timo

1875 2811 1983 2849 rem
2017 2808 2391 2867 stuporemque
2422 2800 2671 2856 inferant.
2711 2822 2729 2853 ι
2761 2802 2892 2857 Nam
2931 2819 2997 2860 ex
3039 2810 3395 2878 magnitudine

1871 2899 1921 2940 et
1962 2888 2356 2956 pulchritudine
2394 2899 2764 2948 creaturarum
2801 2899 3146 2966 proportione
3168 2903 3395 2969 quadam

1870 2976 2046 3044 opifex
2086 2978 2401 3048 intelligitur
2437 2981 2517 3047 ";
2556 3002 2575 3033 ›
2610 2991 2705 3037 et:
2746 3004 2762 3037 ι
2811 2985 3104 3043 lnvisibilia
3147 2992 3315 3061 ipsius
3366 3009 3395 3046 a

1872 3074 2118 3120 creatura
2160 3070 2365 3133 mundi,
2409 3085 2502 3139 per
2531 3087 2593 3125 ea
2619 3088 2737 3142 qua:
2758 3073 2899 3129 facta
2928 3087 3072 3143 sunt,
3103 3080 3393 3147 intellecta,

1871 3158 2293 3224 conspiciuntur,
2349 3162 2670 3229 sempiterna
2716 3181 2928 3235 quoque
2981 3168 3101 3236 ejus
3141 3171 3311 3226 virtus
3343 3182 3393 3227 et

1870 3244 2123 3300 divinitas
2142 3247 2206 3301 ⁸⁷.
2241 3265 2260 3298 ι
2294 3247 2415 3302 Han:
2437 3256 2875 3323 contemplantes,
2899 3265 3115 3326 stupore
3140 3260 3273 3314 allici
3299 3279 3391 3331 par

1866 3340 1964 3396 est,
2005 3348 2067 3387 ac
2093 3336 2266 3391 dicere
2293 3338 2401 3391 Deo
2433 3354 2445 3389 :
2476 3358 2493 3388 ι
2531 3341 2698 3404 Quam
2729 3345 2987 3398 terribilia
3013 3362 3174 3415 opera
3203 3352 3325 3403 tua!
3366 3369 3388 3403 ι

1870 3420 1970 3476 Sed
2003 3437 2032 3475 a
2062 3425 2215 3479 nobis
2243 3428 2456 3495 quidem
2489 3430 2585 3484 abs
2617 3440 2668 3486 te
2706 3434 3018 3489 illuminatis
3046 3441 3390 3507 cognoscitur

1864 3521 1918 3567 et
1943 3515 2408 3582 comprehenditur
2429 3534 2591 3588 opera
2612 3529 2700 3574 tua
2730 3525 2988 3577 terribilia
3020 3541 3156 3581 esse.
3183 3527 3388 3584 Inimici

1865 3618 1991 3656 vero
2021 3605 2094 3657 tui
2130 3606 2183 3657 in
2218 3608 2449 3663 tenebris
2477 3611 2719 3677 volutati,
2758 3615 2967 3671 etiamsi
3008 3632 3386 3689 nonnunquam
3478 3614 3497 3641 ⁸

1864 3695 2026 3748 velint
2053 3696 2119 3750 de
2155 3699 2406 3766 operibus
2449 3702 2561 3755 tuis
2591 3703 2749 3757 verba
2779 3704 2973 3770 facere,
3013 3709 3387 3779 naturalesque

1863 3798 2134 3841 sermones
2170 3802 2269 3855 pro
2298 3788 2553 3845 facultate
2606 3800 2802 3857 texere,
2853 3794 3007 3865 longe
3056 3798 3306 3853 aberrant
3360 3815 3386 3852 a

1862 3874 2224 3943 magnitudine
2252 3878 2469 3934 virtutis
2515 3888 2638 3945 tua},
2682 3883 2920 3953 nihilque
2959 3900 3169 3952 sanum,
3204 3905 3383 3945 verum

1860 3964 1990 4017 nihil
2018 3965 2204 4022 efferre
2240 3970 2432 4024 valent.
2474 3968 2653 4036 Quare
2691 3975 2919 4029 dicimus
2952 3995 2966 4030 :
3002 3994 3020 4026 ι
3058 3978 3112 4031 In
3142 3982 3381 4035 multitu-

1859 4055 1983 4110 dine
2009 4058 2221 4112 virtutis
2246 4067 2350 4114 tua:
2378 4062 2702 4116 mentientur
2722 4065 2817 4118 tibi
2849 4065 3050 4118 inimici
3077 4068 3174 4122 tui.
3202 4068 3381 4125 Omnis

1858 4152 1997 4199 terra
2022 4147 2206 4202 adoret
2229 4159 2296 4213 te,
2319 4158 2372 4204 et
2393 4153 2585 4219 psallat
2602 4155 2717 4217 tibi,
2742 4154 3001 4223 psalmum
3019 4155 3161 4209 dicat
3184 4160 3387 4213 nomini

1858 4244 1968 4291 tuo.
2020 4237 2337 4306 Diapsalma.
2370 4260 2388 4290 ι
2442 4241 2627 4296 Priora
2681 4246 2893 4312 quidem
2934 4253 3195 4315 praecepta
3241 4252 3386 4301 omni

1858 4332 2029 4385 terrai,
2060 4328 2305 4383 videlicet
2345 4332 2595 4387 omnibus
2628 4335 2893 4401 gentibus,
2941 4336 3248 4403 prophetice
3277 4347 3387 4391 tra-

1852 4414 1965 4467 dita
1996 4414 2223 4469 fuerant.
2246 4418 2381 4482 Quia
2411 4436 2555 4484 vero,
2580 4431 2637 4475 ut
2664 4424 2775 4475 hzec
2802 4438 2962 4491 opere
2983 4426 3237 4494 compleri
3260 4443 3385 4496 pos-

177 4537 282 4587 μα.
303 4538 327 4568 ι
375 4516 459 4568 Τὰ
486 4515 587 4584 μὲν
618 4513 804 4581 πρῶτα
834 4512 1256 4582 παραγγέλματα
1284 4510 1351 4583 ἦν
1404 4515 1548 4588 πάσῃ
1567 4518 1630 4585 τῇ
1664 4519 1753 4584 γῇ.

1868 4512 1994 4568 sent,
2011 4505 2250 4560 oratione
2266 4524 2401 4577 opus
2423 4520 2553 4572 erat,
2580 4510 2808 4579 Spiritus
2827 4513 3040 4567 divinus
3062 4522 3183 4582 post
3205 4518 3382 4585 priora

171 4608 398 4680 δηλαδὴ
427 4608 568 4659 πᾶσι
596 4607 709 4665 τοῖς
740 4603 936 4663 ἔθνεσι,
957 4603 1294 4671 προφητικῶς
1325 4605 1755 4675 παρηγγελμένα·

174 4700 311 4753 ἐπεὶ
347 4698 405 4750 δὲ
427 4696 601 4764 εὐχῆς
658 4689 726 4762 ἦν
782 4692 939 4762 χρεία
973 4695 1049 4754 είς
1076 4692 1135 4744 τὸ
1175 4694 1455 4764 δυνηθῆναι
1485 4697 1548 4748 δι’
1588 4696 1757 4766 ἔργων

171 4789 363 4839 ταῦτα
396 4784 674 4854 χωρῆσαι,
708 4780 1015 4847 ἀναγκαίως
1040 4781 1099 4833 τὸ
1130 4781 1267 4834 θεῖον
1291 4782 1508 4853 Πνεῦμα
1538 4785 1670 4852 μετὰ
1690 4786 1756 4838 τὰ

174 4876 386 4944 πρῶτα
418 4872 562 4942 πρὸς
596 4870 755 4921 αὐτὸν
785 4870 1092 4938 ἐπιστρέφει
1125 4870 1212 4921 τὸν
1258 4871 1402 4935 Θεὸν,
1435 4872 1593 4941 εὐχὴν
1619 4875 1757 4943 ὑπὲρ

90 5024 91 5033 η
176 4966 372 5033 πάσης
392 4962 501 5030 τῆς
531 4960 637 5027 γῆς
686 4958 1023 5025 ἀνα-πέμπον.
1074 4958 1161 5009 Διό
1211 4976 1358 5027 (mot-
1396 4980 1413 5009 ι
1444 4962 1654 5031 uagas]
1686 4964 1756 5033 γῆ

177 5048 737 5125 προσκυνησάτωσαν
773 5063 853 5098 σοι
886 5047 978 5097 καὶ
1029 5046 1342 5113 ψαλάτωσάν
1380 5067 1479 5110 σοι,
1514 5050 1756 5118 ψαλάτω-

182 5160 285 5195 σαν
316 5142 400 5211 τῷ
423 5137 653 5207 ὀνόματί
676 5151 826 5186 σου.)
879 5134 1018 5184 Ἀντὶ
1047 5135 1101 5185 δὲ
1161 5134 1268 5185 τοῦ·
1302 5154 1319 5185 ι
1362 5139 1513 5188 Πᾶσα
1546 5139 1577 5205 ἡ
1608 5141 1696 5207 γῆ,
1733 5158 1749 5189 ι

179 5235 209 5284 ὁ
241 5228 552 5301 Σύμμαχος
587 5226 922 5291 σαφέστερον
952 5224 1275 5292 ἡρμήνευσεν
1294 5226 1481 5276 εἰπών·
1514 5243 1530 5273 ι
1554 5228 1755 5290 Πάντες

183 5324 231 5372 οἱ
265 5321 359 5371 ἐπὶ
384 5320 547 5386 γῆς’»
588 5311 913 5377 λευκότερον
960 5309 1210 5378 δηλώσας,
1252 5311 1332 5364 ὅτι
1375 5312 1447 5382 μὴ
1491 5314 1753 5377 Ἰουδαίοις

182 5409 242 5464 τὸ
267 5406 641 5478 παράγγελμα
675 5398 879 5456 δέδοτο,
939 5396 1065 5448 ἀλλὰ
1103 5399 1221 5448 πᾶσι
1246 5403 1368 5462 τοῖς
1404 5400 1498 5451 ἐπὶ
1528 5401 1629 5469 γῆς
1659 5404 1750 5453 ἀν-

185 5496 432 5566 θρώποις.
466 5488 759 5554 Μεγίστης
782 5481 893 5548 γὰρ
913 5482 1105 5533 ὲδέονθῐο
1125 5483 1291 5552 εὐχῆς,
1326 5489 1406 5547 ὼς
1428 5486 1496 5538 ἂν
1531 5487 1750 5556 δυνάμει

184 5584 305 5652 θεῷ
332 5575 642 5652 παράδοξος
677 5566 897 5636 γένοιτό
930 5582 1007 5628 τις
1029 5569 1081 5617 ὲν
1100 5568 1255 5631 αὐτοῖς
1300 5573 1582 5643 μεταῦολὴ
1613 5574 1749 5643 πρὸς

246 5762 280 5795 ιι
301 5764 426 5832 δερ,
467 5768 594 5813 xm,
630 5747 684 5798 5.
770 5742 815 5770 ⁸⁷
839 5739 990 5793 Rom.
1022 5759 1053 5803 ι,
1079 5744 1152 5796 20.

470 5853 758 5910 ΡΑτιιοι.
795 5835 911 5893 Gn.
944 5834 1139 5896 XXI".

1858 4594 1979 4655 illa,
2024 4598 2332 4650 necessario
2381 4599 2446 4652 ad
2492 4598 2655 4652 Deum
2695 4600 2933 4661 vertitur,
2978 4604 3383 4673 orationemque

1856 4698 1951 4752 pro
1977 4686 2223 4739 universa
2259 4698 2396 4741 terra
2424 4688 2636 4742 emittit.
2664 4688 3019 4753 Quamobrem
3053 4694 3127 4745 ait
3160 4715 3173 4747 :
3210 4713 3227 4744 ι
3265 4695 3385 4749 Om-

1855 4774 1938 4827 nis
1970 4782 2107 4826 terra
2140 4775 2325 4830 adoret
2355 4785 2425 4839 te,
2457 4786 2509 4830 et
2538 4778 2729 4846 psallat
2776 4778 2893 4842 tibi,
2928 4780 3195 4845 psalmum
3240 4784 3385 4837 dicat

1854 4863 2053 4915 nomini
2088 4872 2199 4918 tuo.
2224 4886 2242 4916 ο
2265 4865 2368 4919 Pro
2398 4867 2488 4921 illo
2512 4876 2721 4922 autem:
2764 4886 2783 4919 ι
2814 4868 3000 4921 Omnis
3024 4877 3194 4935 terra,
3231 4894 3249 4926 ι
3276 4876 3385 4929 cla-

1854 4953 1965 5006 rius
1990 4952 2338 5023 Symmachus
2361 4958 2738 5025 interpretatur
2759 4959 2938 5013 dicens
2971 4977 2982 5009 :
3018 4976 3036 5007 ι
3066 4962 3271 5020 Omnes
3296 4969 3386 5035 qui

1852 5039 1905 5090 in
1940 5048 2081 5094 terra
2113 5052 2255 5107 sunt,
2281 5063 2300 5094 ι
2328 5047 2560 5113 apertius
2588 5048 2884 5109 declarans,
2912 5059 3018 5097 non
3050 5046 3262 5108 Judaais
3287 5062 3391 5107 tra-

1850 5126 2018 5181 ditum
2060 5139 2375 5200 praeceptum
2420 5149 2558 5194 csse,
2596 5134 2688 5187 sed
2734 5132 2979 5187 omnibus
3012 5135 3112 5198 qui
3166 5138 3225 5191 in
3254 5149 3395 5193 terra

1851 5227 1975 5270 sunt
2012 5218 2333 5274 hominibus.
2387 5220 2641 5276 Precibus
2682 5233 2909 5287 namque
2955 5221 3213 5277 maxime
3268 5242 3400 5293 opus

1849 5322 1983 5374 erat,
2019 5318 2077 5363 ut
2117 5328 2181 5365 ex
2228 5310 2322 5363 Dei
2376 5319 2653 5378 potestate,
2711 5313 3084 5373 inexspectata
3153 5313 3407 5376 quaedam

1849 5400 2073 5453 mutatio
2097 5401 2227 5469 ipsis
2256 5399 2545 5460 accederet,
2587 5407 2643 5451 ut
2688 5413 2753 5451 ne
2782 5396 2925 5447 ultra
2954 5392 3289 5449 multorum
3328 5410 3417 5448 nu~

1848 5490 2049 5545 minum
2080 5493 2246 5546 errori
2274 5492 2450 5544 animo
2473 5491 2841 5547 adhaererent;
2869 5481 2962 5537 sed
2984 5496 3184 5535 unum
3232 5486 3424 5546 Deum.

1848 5581 2019 5636 solum
2048 5582 2371 5637 adorandum
2413 5596 2599 5637 reapse
2619 5581 2867 5636 colerent
2901 5580 2953 5627 et
2971 5570 3334 5629 adorarent.
3358 5577 3437 5621 at-

2229 5806 2283 5840 ἐο
2348 5784 2355 5789 ’
2632 5772 2645 5788 ³
3048 5825 3135 5883 21
