3818 6312
520 331 617 392 651

1222 336 1482 391 EUSEBII
1522 334 1984 391 CESARIENSIS
2020 336 2167 393 OPP.
2207 336 2384 391 PARS
2418 335 2506 391 lll.
2546 365 2612 377 ——
2647 334 3030 391 EXEGETICA.
3490 349 3565 402 652

516 461 620 515 que
653 453 971 515 praeceptum
1015 442 1318 511 huiusmodi
1346 442 1691 497 observarent
1722 462 1733 496 :
1775 462 1791 494 ι
1829 444 2030 498 Psallitt

2141 446 2200 497 τὸ
2225 446 2416 515 μηκέτι
2449 444 2544 513 μὲν
2591 445 2654 513 τῇ
2694 444 2930 513 πολυθέῳ
2959 446 3220 517 προσέχειν
3263 450 3429 523 πλάνῃ,
3456 458 3573 524 μόνον

519 539 721 592 nomini
757 538 894 603 eius.
934 554 951 585 ι
993 532 1063 587 Ut
1098 535 1280 600 itaque
1328 532 1439 585 haec
1480 533 1746 595 eveniant,
1804 532 2034 601 Spiritus

519 641 731 683 sanctus
764 629 832 679 ita
865 630 1149 694 precatur:
1178 638 1198 671 ι
1236 619 1420 676 Omnis
1457 628 1599 674 terra
1647 621 1832 675 adoret
1881 630 1934 677 te
1982 630 2035 677 et

518 720 707 787 psallat
737 716 851 777 tibi,
885 713 1146 782 psalmum
1175 712 1314 765 dicat
1349 711 1552 764 nomini
1586 719 1698 767 tuo.
1740 731 1758 763 ι

2136 535 2190 586 δὲ
2224 534 2396 586 σέϐειν
2417 534 2473 585 ὃν
2503 534 2581 585 δεῖ
2608 535 2699 585 καὶ
2756 537 3077 602 προσκυνεῖν,
3125 537 3208 588 τὸν
3229 537 3313 591 ἕνα
3345 542 3425 593 καὶ
3460 546 3576 612 μόνον

2136 625 2227 676 καὶ
2262 624 2626 694 προσκυνητὸν
2686 622 2833 686 Θεὸν,
2864 623 3111 675 ἐπιτελεῖν
3140 642 3194 677 τε
3239 628 3294 679 τὸ
3323 630 3582 701 πρόσταγμα

2136 712 2201 763 δι’
2222 708 2280 764 οὗ
2310 712 2538 779 ἐλέγετο·
2569 731 2586 760 ι
2612 711 2828 763 Ψάλατε
2847 711 2914 781 ’δὴ
2936 712 3008 781 τῷ
3048 713 3248 783 ὀνόματι
3276 718 3431 774 αὑτοῦ.
3465 740 3479 771 ι
3513 722 3582 774 'lv’

516 809 604 861 οὖν
645 809 810 861 ταῦτα
864 806 1103 876 γένηται,
1164 803 1374 874 εὔχεται
1404 804 1464 856 τὸ
1519 804 1738 875 Πνεῦμα
1785 805 1844 856 τὸ
1891 804 2038 872 ἅγιον
2073 804 2255 873 λέγον⁹
2304 825 2321 855 ι
2354 807 2565 874 Πᾶσαή
2613 804 2684 873 γῆ
2735 805 3234 874 προσκυνησάτωσαν
3265 824 3335 859 σοι
3386 811 3463 862 καὶ
3505 813 3584 880 ψα-

515 898 749 951 λάτωσάν
774 901 874 959 σοι,
898 894 1210 964 ψαλάτωσαν
1238 893 1313 963 τῷ
1339 893 1555 963 ὀνόματί
1576 910 1686 945 σου.
1715 913 1734 944 ι

584 1015 744 1068 Vens.
770 1014 821 1077 5,
858 1011 909 1066 6.
951 1031 969 1062 ι
994 1010 1185 1066 Venite
1214 1018 1265 1064 et
1291 1009 1464 1063 videte
1485 1024 1645 1078 Opera
1683 1008 1796 1071 Dei,
1828 1009 2039 1063 terribi-

514 1107 578 1161 lis
598 1107 652 1159 in
675 1102 913 1158 consiliis
936 1116 1096 1170 super
1117 1100 1254 1153 ﬁlios
1284 1098 1577 1151 hominum.
1611 1116 1629 1148 ι
1660 1095 1726 1152 Ut
1753 1097 1905 1165 longe
1931 1097 2039 1150 dis-

514 1186 633 1252 sitis
680 1195 747 1248 iis
781 1194 872 1261 qui
904 1193 1155 1245 invocant
1180 1204 1375 1243 nomen
1406 1188 1516 1249 Dei,
1548 1198 1605 1241 ut
1634 1189 1853 1256 propius
1885 1203 2038 1241 acce-

513 1287 640 1340 dant
667 1285 903 1353 praecipit
932 1281 1150 1335 dicens:
1175 1298 1193 1330 ι
1224 1277 1430 1332 Venite.
1466 1296 1483 1328 ι
1516 1276 1669 1343 Quod
1697 1280 1873 1347 ipsum
1904 1278 2038 1332 divi-

514 1393 614 1430 nus
656 1373 940 1441 Apostolus
988 1371 1277 1424 declaravit
1308 1370 1392 1425 bis
1413 1370 1628 1423 verbis:
1661 1387 1679 1418 ι
1714 1370 1775 1420 [ﬁt
1814 1369 2031 1424 veniens

514 1462 851 1519 annuntiavit
892 1475 1075 1529 pacem
1124 1461 1274 1514 vobis
1313 1460 1404 1528 qui
1438 1460 1592 1528 longe
1625 1459 1821 1519 fuistis,
1856 1466 1909 1511 et
1938 1473 2032 1527 pa-

513 1568 626 1607 cem
678 1552 742 1605 iis
784 1550 874 1619 qui
924 1563 1086 1618 prope
1108 1548 1173 1599 ⁸⁸.
1207 1567 1224 1597 ι
1269 1546 1467 1603 Omnes
1514 1562 1675 1616 porro
1714 1561 1808 1615 per
1848 1546 2030 1599 orbem

513 1648 696 1711 gentes
752 1638 816 1691 ad
859 1637 951 1692 Dei
1003 1637 1271 1701 notitiam,
1321 1644 1374 1690 et
1420 1636 1487 1689 ad
1532 1634 2030 1702 contemplationem

514 1749 730 1804 operum
765 1735 881 1802 ejus
927 1748 1101 1789 sermo
1129 1743 1331 1789 evocat.
1360 1732 1491 1785 Nam
1523 1731 1708 1800 procul
1740 1729 1846 1784 Deo
1886 1731 2030 1798 posi-
2065 1768 2103 1821 Β

512 1835 598 1889 tte,
641 1840 811 1893 neque
856 1824 1125 1888 videbant,
1168 1838 1341 1892 neque
1370 1829 1647 1876 noverant.
1677 1819 2033 1885 Quamobrem

514 1918 586 1970 ait
612 1935 624 1969 :
655 1933 673 1965 ι
706 1914 890 1969 Venite
922 1920 975 1967 et
1004 1912 1178 1967 videte
1207 1927 1367 1981 opera
1400 1910 1490 1966 Dei
1520 1927 1533 1964 :
1570 1930 1587 1961 ι
1627 1910 1692 1964 de
1720 1910 1915 1979 quibus
1945 1925 2035 1964 su-

514 2021 607 2076 pra
631 2006 830 2059 dictum
858 2011 940 2058 est
965 2020 977 2056 :
1007 2020 1027 2051 ι
1062 2002 1233 2056 Dicite
1268 2003 1371 2057 Deo
1396 2021 1407 2054 :
1435 2001 1604 2067 Quam
1634 2001 1891 2055 terribilia
1915 2010 2035 2056 sunt

511 2108 672 2148 onera
703 2093 823 2145 tua!
853 2109 871 2142 ι
901 2090 1005 2144 Sed
1032 2091 1157 2144 olim
1189 2090 1399 2159 quidem
1434 2088 1772 2158 praecipiebat
1810 2089 1989 2143 dicere
2018 2107 2029 2141 :

518 2200 538 2232 ι
566 2180 733 2246 Quam
767 2179 1023 2233 terribilia
1055 2188 1179 2232 sunt
1221 2192 1378 2246 opera
1430 2181 1548 2231 tua!
1584 2198 1600 2229 ι
1636 2177 1896 2242 Quoniam
1940 2195 2035 2232 au-

513 2279 617 2325 tem
645 2270 931 2324 verisimile
957 2277 1073 2323 erat
1102 2283 1214 2327 eos,
1250 2269 1431 2336 procul
1465 2269 1687 2336 positos,
1721 2284 1838 2337 quae
1856 2276 2035 2323 essent

514 2376 672 2429 opera
716 2360 806 2413 Dei
849 2359 1114 2428 ignorare,
1150 2358 1236 2410 hic
1273 2366 1665 2426 consequenter
1704 2358 1917 2413 eosdem
1956 2360 2035 2413 sic

514 2450 835 2519 alloquitur:
865 2465 882 2497 ι
913 2446 1100 2500 Venite
1127 2454 1179 2500 et
1207 2447 1377 2499 videte
1409 2460 1568 2515 opera
1596 2445 1708 2499 Dei.
1740 2465 1758 2497 ι
1792 2445 1924 2499 Cum
1950 2461 2035 2500 au-

516 2543 621 2588 tem
654 2547 715 2586 ea
747 2531 1009 2586 videritis.
1039 2529 1309 2590 ediscetis.
1352 2543 1472 2582 eum
1507 2530 1798 2583 terribilem
1828 2545 1946 2584 esse
1978 2530 2033 2583 in

514 2623 750 2677 consiliis
775 2635 871 2690 pro
903 2620 1024 2672 ﬁliis
1060 2618 1352 2671 hominum.
1379 2617 1576 2671 Horum
1608 2619 1923 2672 sententiam
1956 2619 2035 2673 sic

513 2712 710 2765 clarius
744 2711 1118 2777 interpretatur
1154 2706 1505 2777 Symmachus
1531 2706 1717 2761 dicens
1756 2724 1770 2759 :
1799 2725 1817 2756 ι
1848 2706 2035 2760 Venite

424 2834 429 2843 -
513 2810 567 2857 et
603 2802 778 2856 videte
818 2814 976 2868 opera
1010 2797 1123 2860 Dei,
1172 2798 1439 2852 terribiles
1480 2798 1899 2851 machinationes
1939 2814 2035 2866 pro

518 2893 639 2946 ﬁliis
667 2890 957 2944 hominum.
992 2907 1012 2940 ι
1049 2886 1236 2943 Omnia
1263 2889 1457 2957 quippe
1489 2902 1584 2956 pro
1610 2889 1780 2943 salute
1807 2889 2033 2940 ﬁliorum

515 2982 786 3035 hominum
832 2978 1164 3032 machinatus
1196 2986 1297 3033 est.
1343 2976 1454 3030 Sub
1488 2977 1597 3031 ιιωο
1648 2978 1803 3031 docet
1834 2986 2032 3046 quanta

2206 1026 2224 1056 ι
2264 1004 2425 1058 Δεῦτε
2458 1005 2551 1056 καὶ¹
2588 1002 2724 1055 ἴδετε
2774 1000 2842 1053 τὰ
2873 999 3001 1070 ἔργα
3038 999 3125 1053 τοῦ
3158 1000 3301 1066 Θεοῦ,
3328 1002 3515 1072 φοϐερὸς
3549 1008 3589 1059 ὲν

2134 1097 2342 1167 βουλαῖς
2371 1093 2519 1164 παρά
2552 1094 2679 1155 τοὺς
2707 1092 2851 1154 υἱοὺς
2882 1090 2986 1143 τῶν
3032 1088 3325 1159 ἀνθρώπων.
3351 1111 3366 1142 ι
3414 1092 3485 1154 'ﬂ;
3516 1111 3589 1162 μα.

2133 1186 2264 1257 κράν
2315 1183 2661 1253 ἀφεστηκόσι.
2691 1185 2801 1243 τοῖς
2848 1180 3182 1249 καλουμένοις
3211 1181 3266 1231 τὸ
3311 1180 3431 1232 θεῖον
3468 1183 3591 1250 δνομα

2134 1276 2349 1347 πλησίον
2373 1274 2625 1345 ἔρχεσθαι
2654 1272 2972 1343 προστάττει
3001 1271 3149 1338 λέγον
3166 1288 3178 1301 ·
3218 1289 3234 1320 ι
3252 1270 3413 1323 Δεῦτε.
3435 1291 3449 1321 ι
3470 1273 3591 1325 Τοῦτο

2132 1366 2186 1417 δὲ
2222 1367 2249 1417 6
2281 1365 2416 1426 θεῖος
2463 1362 2780 1423 Ἀπόστολος
2807 1362 3037 1430 παρίστη
3078 1358 3262 1413 εἰπών·
3307 1379 3323 1410 ι
3350 1361 3446 1412 Καὶ
3472 1361 3592 1414 ἐλθὼν

2133 1454 2509 1523 εὐηγγελίσατο
2537 1452 2763 1523 εἰρήνην
2797 1452 2922 1519 ὑμῖν
2946 1452 3054 1511 τοῖς
3088 1449 3305 1519 μακρὰν,
3332 1451 3413 1502 καὶ
3431 1452 3593 1520 εἰρήνην

2132 1549 2239 1606 τοῖς
2287 1543 2465 1611 ἐγγύς.
2509 1561 2527 1593 ι
2582 1541 2752 1595 Καλεῖ
2786 1540 2842 1592 δὲ
2885 1542 2912 1592 6
2961 1539 3108 1606 λόγος
3143 1540 3209 1591 τὰ
3241 1539 3347 1591 καθ’
3388 1539 3494 1609 ὅλης
3529 1542 3594 1609 τῆς

2134 1633 2445 1703 οἰκουμένης
2489 1632 2614 1701 έθνη
2665 1631 2759 1682 ἐπὶ
2788 1632 2886 1699 τὴν
2932 1628 3020 1680 τοῦ
3055 1627 3184 1680 Θεοῦ
3215 1627 3424 1694 γνῶσιν,
3455 1629 3526 1679 ἐπί
3555 1646 3596 1679 τε

2134 1723 2229 1794 τὴν
2263 1722 2488 1792 θεωρίαν
2536 1722 2643 1772 τῶν
2698 1720 2873 1787 ἔργων
2904 1716 3085 1771 αὑτοῦ.
3135 1716 3347 1786 Μακράν
3373 1716 3464 1786 γὰρ
3502 1718 3596 1782 ἀφε-

2133 1811 2305 1864 στῶτα
2327 1810 2419 1863 τοῦ
2440 1810 2571 1863 Θεοῦ
2601 1808 2726 1862 οὔτε
2757 1807 2921 1878 ἐώρα,
2950 1807 3070 1860 οῦτε
3098 1807 3357 1874 ἐγίνωσκε.
3383 1807 3459 1858 Διό
3481 1822 3596 1875 φησι·

2135 1919 2153 1950 ι
2188 1900 2347 1952 Δεῦτε
2382 1900 2474 1951 καὶ
2512 1898 2652 1950 ίδετε
2707 1897 2778 1949 τὰ
2828 1895 2964 1965 ἔργα
3010 1896 3100 1947 τοῦ
3149 1894 3309 1946 Θεοῦ-
3343 1913 3359 1944 ι
3408 1893 3511 1963 περὶ
3549 1886 3598 1943 ὧν

2129 1989 2377 2057 ἀνωτέρω
2408 1987 2621 2055 ἐλέγετο
2639 2004 2651 2016 ·
2702 2005 2721 2037 ι
2749 1987 2956 2038 Εἴπατε
2996 1984 3072 2054 τῷ
3100 1984 3238 2056 Θεῷ·
3257 1984 3335 2045 Ὡς
3360 1982 3529 2051 φοϐερὰ
3556 1983 3600 2032 τὰ

2129 2079 2262 2147 ἔργα
2293 2079 2415 2131 σουί
2454 2096 2472 2129 ι
2534 2074 2696 2127 Ἀλλά
2752 2075 2918 2128 πάλαι
2962 2074 3057 2145 μὲν
3082 2073 3407 2143 προσέταττε
3443 2071 3598 2138 λέγειν·

2134 2187 2152 2217 ι
2197 2169 2284 2230 Ὠς
2332 2165 2534 2235 φοϐερὰ
2575 2164 2643 2217 τὰ
2686 2164 2825 2234 ἔργα
2876 2167 2997 2216 σουι
3039 2163 3282 2233 »Ἐπειδὴ
3321 2163 3374 2214 δὲ
3409 2162 3525 2223 εἰκὸς
3558 2156 3603 2229 ἦν

2128 2258 2333 2323 ἀγνοεῖν
2361 2257 2483 2317 τοὺς
2523 2254 2742 2324 μακρὰν
2765 2252 3082 2322 ἀφεστῶτας
3099 2252 3215 2304 τίνα
3234 2248 3298 2322 ἦν
3321 2251 3383 2303 τὰ
3409 2250 3520 2320 ἔργα
3540 2248 3603 2299 τοῦ

2129 2343 2281 2404 Θεοῦ,
2312 2342 2614 2405 ἀκολούθως
2639 2342 2883 2395 ἐνταῦθα
2913 2341 3046 2411 πρὸς
3083 2343 3204 2403 τοὺς
3234 2340 3408 2400 αὐτοὺς
3436 2338 3604 2407 φάσκεν

2135 2455 2152 2486 ι
2183 2434 2341 2487 Δεῦτε
2373 2435 2466 2487 καὶ
2508 2434 2645 2486 ἴδετε
2691 2434 2766 2487 τὰ
2812 2434 2950 2505 ἔργα
2991 2432 3082 2486 τοῦ
3137 2431 3291 2483 Θεοῦ’
3328 2450 3345 2481 ι
3383 2430 3541 2489 ἰδόντες
3570 2426 3609 2477 ει

2127 2526 2294 2603 ταῦτα
2328 2525 2653 2595 μαθήσεσθε,
2684 2527 2774 2579 ὅτι
2804 2526 3029 2594 φοϐερός
3066 2526 3203 2576 ἐστιν
3230 2526 3282 2575 ὲν
3311 2522 3491 2591 βουλαῖς
3514 2518 3610 2588 ὑπὲρ

2127 2619 2249 2678 τοὺς
2263 2618 2408 2679 υἱοὺς
2439 2617 2546 2668 τῶν
2572 2616 2904 2687 ἀνθρώπων.
2944 2616 3283 2686 Τρανώτερον
3315 2615 3401 2681 τὴν
3432 2610 3611 2663 διάνοιαν

2129 2708 2401 2760 ἀπέδωκεν
2434 2709 2462 2760 ό
2509 2708 2815 2778 Σύμμαχος
2866 2706 3035 2760 εἰπών
3057 2723 3071 2736 ·
3116 2726 3133 2757 ι
3171 2705 3375 2757 Ἐλθετε
3405 2703 3482 2755 καί
3518 2700 3613 2752 ἴδετε

2130 2796 2350 2866 πράξεις
2396 2796 2488 2849 τοῦ
2530 2797 2689 2859 Θεοῦ,
2741 2798 2950 2869 φοϐερὰ
2980 2800 3328 2868 μηχανήματα
3374 2796 3491 2863 ὑπὲρ
3522 2792 3613 2843 υἱῶν

2130 2885 2442 2956 ἀνθρώπων.
2470 2907 2485 2938 ι
2524 2888 2714 2941 Πάντα
2753 2888 2864 2957 γὰρ
2918 2889 3056 2959 ὑπὲρ
3098 2888 3354 2957 σωτηρίας
3392 2884 3481 2937 τῶν
3522 2880 3613 2933 υἱῶν

2129 2976 2234 3030 τῶν
2299 2976 2595 3046 ἀνθρώπων
2654 2981 3061 3050 ἐμηχανήσατο.
3121 2976 3248 3031 Εἶτα
3302 2977 3506 3031 διδάσκει
3546 2973 3613 3022 ὅσα

513 3069 650 3139 apud
680 3068 927 3135 antiquos
954 3068 1074 3121 illos
1105 3069 1242 3120 Deus
1271 3065 1461 3120 fecisse
1487 3076 1748 3120 narretur.
1779 3065 2028 3131 Quanam

2134 3067 2389 3138 πρότερον
2412 3068 2558 3137 παρά
2578 3072 2695 3131 τοῖς
2722 3070 2970 3131 παλαιοῖς
2996 3067 3298 3138 πεποιηκὼς
3327 3068 3353 3118 6
3378 3065 3488 3126 Θεὸς
3514 3066 3615 3114 ἱστο-

511 3174 636 3213 νειυο
676 3160 764 3211 illa
820 3159 960 3221 sint,
1018 3164 1199 3226 postea
1263 3156 1586 3210 declarata
1616 3155 1717 3221 Qui
1769 3157 2034 3210 convertit

511 3261 657 3301 mare
688 3250 739 3300 in
785 3246 1022 3314 aridam;
1054 3248 1106 3300 in
1138 3246 1351 3300 ﬂumine
1398 3246 1792 3315 pertransibunt
1824 3245 1957 3314 pede
2008 3264 2027 3296 ι

513 3336 812 3392 Secundum
839 3336 1211 3407 Symmachum
1236 3347 1409 3390 autem
1430 3354 1444 3389 ε
1468 3356 1487 3387 ι
1517 3335 1811 3397 Convertit,
1838 3337 2030 3404 inquit,

512 3447 658 3485 mare
707 3432 759 3484 in
813 3431 1046 3495 aridam;
1098 3429 1314 3483 ﬂuvium
1364 3430 1785 3499 pertransierunt
1829 3429 1976 3497 pede.
2009 3447 2027 3478 ι

394 3512 403 3529 ’
512 3521 634 3575 Haec
679 3536 839 3589 porro
885 3522 939 3573 in
981 3521 1201 3574 historia
1252 3520 1541 3589 Scripturze
1593 3519 1837 3572 feruntur
1873 3539 1885 3572 :
1917 3533 2034 3587 quae

510 3610 776 3678 gentibus,
804 3616 984 3676 utpote
1010 3608 1398 3675 ignorantibus,
1440 3609 1746 3661 necessario
1771 3622 2033 3661 enarran-

452 3726 455 3729 λ
512 3705 620 3756 tur,
666 3706 722 3749 ut
752 3696 1013 3758 ediscant,
1040 3711 1159 3749 eum
1201 3697 1290 3763 qui
1340 3697 1465 3749 olim
1508 3699 1732 3765 p0pulus
1764 3697 1855 3750 Dei
1894 3706 2028 3760 erat,

513 3786 567 3838 in
597 3786 847 3839 servitute
876 3784 1241 3853 IEgyptiorum
1275 3784 1556 3853 aliquando
1579 3787 1761 3850 tuisse,
1797 3797 1848 3840 et
1870 3787 2032 3856 Egy-

513 3876 697 3944 ptiacae
728 3874 1039 3927 idololatriae
1086 3873 1419 3942 subjectum;
1454 3873 1547 3927 sed
1592 3874 1754 3928 Deum
1798 3891 1895 3941 pro
1924 3877 2030 3931 illis

512 3980 698 4031 magna
733 3971 784 4017 ct
827 3964 1084 4018 terribilia
1116 3963 1366 4025 edidisse,
1398 3963 1655 4018 divinitus
1692 3965 1897 4019 scilicet
1930 3966 2030 4019 im-

512 4055 692 4108 missis
731 4055 897 4123 plagis
926 4052 1202 4123 Egyptios
1247 4055 1576 4118 verberasse,
1622 4055 1901 4123 ipsumque
1935 4072 2029 4124 po-

513 4144 692 4209 pulum
723 4158 752 4195 a
779 4143 893 4196 dira
918 4145 1171 4198 servitute
1195 4145 1470 4198 liberasse.
1500 4144 1620 4198 Haec
1650 4149 1843 4213 quippe
1876 4155 2028 4200 erant

510 4231 771 4285 terribilia
802 4231 893 4286 Dei
916 4247 1105 4301 opera'
1135 4248 1307 4301 neque
1336 4241 1538 4285 tantum
1568 4247 1630 4286 ea
1652 4233 1724 4286 ibi
1747 4233 1909 4296 edita,
1933 4235 2026 4290 sed

2136 3157 2320 3224 ρεῖται.
2349 3154 2475 3207 Τίνα
2500 3155 2555 3207 δὲ
2573 3158 2772 3221 ταῦτα,
2803 3157 3043 3224 ἐπιλέγει
3068 3158 3190 3226 ἑξῆς
3208 3173 3221 3187 ’
3253 3176 3270 3206 ι
3308 3157 3360 3208 Ὀ
3384 3149 3615 3225 μεταστρέ-

2132 3260 2244 3311 φων
2289 3244 2384 3313 τὴν
2436 3244 2715 3300 θάλασσαν
2762 3250 2842 3310 εἰς
2886 3247 3053 3318 ξηράν
3080 3262 3092 3275 °
3130 3248 3185 3299 ὲν
3219 3244 3427 3315 ποταμῷ
3468 3238 3615 3294 διελεί»⁴

2134 3349 2308 3385 σονται
2342 3334 2481 3388 ποδί.
2519 3355 2536 3386 ι
2590 3338 2758 3390 Κατὰ
2800 3339 2857 3391 δὲ
2882 3339 2974 3390 τὸν
3002 3339 3304 3407 Σύμμαχονο
3348 3355 3363 3383 ι
3388 3330 3619 3389 Μετέεαλετ

2130 3426 2281 3492 φησὶ,
2327 3425 2423 3495 τὴν
2470 3425 2749 3483 θάλασσαν
2792 3432 2872 3493 εἰς
2932 3429 3129 3501 ξηράν·
3175 3427 3400 3497 ποταμὸν
3431 3423 3619 3491 διέϐησαι

2130 3514 2269 3567 ποδί.
2293 3534 2310 3565 ι
2348 3515 2528 3568 Ταῦτα
2550 3516 2606 3569 δὲ
2643 3520 2873 3588 φέρεται
2902 3523 2959 3573 ὲν
2992 3524 3059 3591 τῇ
3091 3521 3186 3589 τῆς
3214 3518 3433 3588 ἱστορίας
3456 3515 3621 3584 γρανῗγ

2129 3605 2164 3658 δ’
2195 3604 2257 3675 δὴ
2282 3606 2590 3673 ἀναγκαίως
2623 3610 2705 3673 ὡς
2747 3610 2823 3681 μὴ
2845 3612 3013 3664 εἰδόσι
3051 3613 3160 3673 τοῖς
3197 3609 3387 3662 ἔθνεσιν
3414 3600 3621 3670 ἀπαγγέλ-

2129 3695 2297 3757 λεται,
2325 3696 2400 3758 ὡς
2419 3696 2482 3748 ἂν
2516 3698 2769 3767 μάθοιεν,
2793 3702 2877 3753 ὅτι
2909 3702 3004 3753 καὶ
3024 3704 3052 3754 6
3079 3700 3240 3754 πάλαι
3286 3697 3373 3751 τοῦ
3404 3693 3517 3747 Θεοῦ
3538 3690 3623 3749 hi;

2127 3782 2193 3856 ἦν
2222 3803 2350 3839 ποτε
2383 3788 2704 3855 Αἰγυπτίοις
2730 3791 3151 3862 δεδουλωμένος,
3174 3789 3266 3843 καί
3296 3790 3358 3859 τῇ
3390 3784 3536 3851 πλάνῃ
3559 3778 3623 3845 τῆς

2127 3875 2497 3943 Αἰγυπτιακῆς
2521 3878 2978 3951 εἰδωλολατρείας
3006 3880 3309 3949 ὑπηγμένας
3326 3894 3339 3907 ⁶
3367 3875 3468 3928 ἀλλ’
3491 3871 3623 3938 εἴρῃ·

2130 3980 2249 4015 σται
2271 3963 2409 4033 ὑπὲρ
2438 3965 2615 4018 αὐτῶν
2643 3971 2673 4020 6
2698 3968 2833 4032 Θεὸς
2867 3970 3080 4039 μεγάλα
3107 3970 3200 4022 καὶ
3226 3964 3434 4036 φοϐερὰ,
3456 3958 3626 4028 τληγαῐς

2132 4054 2228 4122 μὲν
2256 4057 2380 4117 τοὺς
2409 4058 2749 4124 Αἰγυπτίους
2778 4062 3068 4132 θεηλάτοις
3101 4060 3373 4131 μαστίξας,
3412 4050 3570 4109 αὐτοὺς
3593 4044 3631 4095 δὲ

2124 4145 2221 4213 τῆς
2268 4148 2467 4216 πικρᾶς
2520 4148 2775 4215 δουλείας
2828 4152 3216 4224 ἐλευθερώσας.
3262 4148 3433 4203 Ταῦτα
3470 4143 3556 4212 γὰρ
3584 4134 3630 4206 ἦν

2121 4234 2189 4285 τὰ
2221 4235 2422 4305 φοϐερὰ
2452 4237 2544 4289 τοῦ
2567 4238 2713 4293 Θεοῦ
2748 4242 2909 4313 ἔργα,
2934 4245 2996 4296 οὑ
3022 4245 3177 4315 μόνα,
3203 4241 3331 4295 ἀλλὰ
3352 4239 3436 4292 καί
3468 4235 3542 4287 ἐπὶ
3565 4228 3633 4296 τῆς

511 4319 668 4371 etiam
703 4320 756 4373 in
785 4320 920 4372 mari
951 4317 1131 4374 Rubro
1156 4338 1170 4374 :
1195 4335 1300 4389 quo
1330 4320 1383 4372 in
1414 4320 1616 4373 aridam
1644 4330 1866 4383 mutato,
1898 4338 2025 4378 suos

2128 4323 2391 4394 θαλάσσης
2417 4326 2516 4395 τῆς
2568 4329 2886 4404 Ἐρυθρᾶς·
2924 4336 2989 4406 ἢν
3024 4337 3103 4397 εἰς
3151 4332 3314 4404 ξηρὰν
3363 4320 3631 4401 μεταϐαλὼνν

510 4406 723 4474 quidem
753 4410 966 4477 eripuit,
1008 4410 1200 4480 impios
1232 4425 1358 4464 vero
1396 4411 1448 4464 in
1496 4410 1813 4479 profundum
1844 4415 2022 4481 perni-

2128 4413 2342 4466 διέσωσε
2390 4415 2487 4484 μὲν
2539 4395 2675 4485 τοὺ-ς
2709 4395 2988 4489 οίκείουξ,
3023 4395 3249 4488 τοῦςνδέ
3302 4395 3494 4479 ἀσεϐεῖς
3528 4408 3635 4482 βυθῷ

513 4496 613 4548 eiei
641 4498 887 4565 coniecit.
927 4497 1048 4555 Haec
1079 4499 1276 4561 edocti,
1302 4499 1460 4553 heus!
1491 4516 1605 4564 vos,
1642 4502 1831 4570 inquit,
1864 4503 2028 4556 conﬁ-

509 4586 638 4649 dite,
678 4602 741 4640 ac
784 4588 984 4642 credite.
1025 4605 1145 4643 eum
1187 4590 1280 4659 qui
1328 4590 1453 4643 talia
1508 4605 1603 4659 pro
1649 4592 1881 4661 antiquis
1922 4594 2026 4648 illis

508 4684 755 4744 operatus
783 4684 885 4739 est,
915 4691 1021 4730 non
1060 4680 1313 4747 imparem
1346 4677 1580 4731 futurum
1611 4680 1676 4733 ad
1708 4681 1901 4734 similia
1931 4697 2027 4750 pro

509 4763 660 4817 Vobis
690 4764 910 4833 agenda.
938 4763 1113 4829 Quare
1147 4786 1164 4818 ι
1195 4767 1367 4822 venite
1392 4776 1446 4822 et
1473 4768 1643 4822 videte
1669 4784 1828 4837 opera
1858 4769 1972 4834 Dei,
2002 4789 2021 4821 ι

510 4866 668 4918 quam
719 4854 973 4908 terribilis
1023 4856 1092 4909 sit
1124 4874 1142 4907 ι
1172 4856 1226 4909 in
1275 4857 1516 4913 consiliis
1553 4874 1646 4927 pro
1695 4859 1815 4913 ﬁliis
1856 4859 2027 4913 homi-

510 4953 657 4992 num.
689 4959 707 4990 ι
740 4940 1010 4995 Convertit
1039 4943 1198 5012 igitur
1231 4961 1377 5000 mare
1404 4947 1457 4999 in
1485 4945 1685 5000 aridam
1710 4964 1726 5012 ;
1751 4956 1804 5001 et
1832 4951 1884 5000 in
1907 4946 2027 5000 Jor-

510 5026 645 5082 dane
684 5028 843 5083 ﬂuvio
874 5032 977 5084 alia
1016 5035 1254 5101 quaedam
1286 5036 1542 5089 terribilia
1577 5050 1739 5104 opera
1780 5036 2026 5105 designa-

512 5115 608 5175 vit,
655 5117 865 5184 quando
907 5120 1138 5176 demisso
1185 5123 1401 5178 ﬂumine
1443 5125 1665 5193 pedibus
1705 5127 2026 5192 pertransie-

512 5213 657 5265 runt,
686 5207 774 5273 qui
802 5222 868 5260 ex
905 5209 1115 5264 deserto
1142 5213 1207 5266 ad
1240 5213 1395 5269 istam
1422 5223 1620 5268 terram
1666 5224 2021 5268 accesserant.

513 5294 646 5358 Ipsis
692 5295 851 5361 igitur
877 5296 1167 5369 iisdemque
1209 5305 1584 5358 calceamentis
1631 5304 1735 5366 usi,
1776 5304 2025 5360 conﬁdite

515 5380 683 5447 ipsum
716 5382 874 5435 Deum
906 5388 1204 5454 spirituale‘s
1229 5392 1525 5464 Agyptios,
1549 5388 1814 5448 daemones
1835 5409 2025 5463 nempe

514 5471 791 5537 ωυιῖεῐιοδο
839 5475 931 5540 (lui
972 5477 1120 5549 olim_
1144 5482 1350 5540 azimas
1387 5493 1593 5541 vestras
1626 5487 1676 5538 in
1713 5485 2021 5540 servitutem

580 5638 623 5668 ⁸⁸
649 5633 839 5704 Ephes.
868 5656 926 5705 ιι,
958 5644 1040 5702 Π.

2123 4508 2429 4576 παρέδωκεν
2482 4512 2799 4582 ἀπωλείας.
2862 4520 3052 4573 Ταῦτα
3097 4520 3152 4573 δὲ
3219 4518 3570 4591 μανθάνοντεςν
3604 4508 3636 4553 ὼ

2121 4591 2283 4662 οὗτοι,
2314 4602 2465 4670 φησὶ,
2492 4602 2781 4675 θαρσεῖτε,
2818 4613 3185 4675 πιστεύοντες,
3218 4612 3295 4663 ὅτι
3321 4613 3347 4662 6
3370 4608 3431 4659 τὰ
3458 4599 3637 4656 τοσαῦτα

2122 4689 2491 4757 ἐργασάμενος
2530 4694 2631 4749 ἐπὶ
2670 4700 2785 4753 τῶν
2832 4701 3080 4753 παλαιῶν
3133 4702 3231 4753 οὐκ
3281 4694 3556 4763 ἀδυνατήσει
3588 4683 3635 4735 τά

2122 4776 2278 4845 ὃμοια
2308 4781 2404 4833 καὶ
2436 4784 2518 4851 ἐφ’
2554 4785 2721 4857 ὑμῶν
2752 4791 3231 4863 καταπράξασθαι.
3250 4788 3335 4840 Διὸ
3370 4806 3386 4836 ι
3417 4781 3544 4837 δεῦτε
3570 4792 3636 4827 καί

2124 4863 2258 4917 ἴδετε
2285 4866 2352 4919 τὰ
2383 4868 2517 4939 έργα
2539 4875 2639 4927 τοῦ
2663 4878 2831 4943 Θεοῦ,
2859 4899 2877 4930 ι
2913 4881 2989 4943 ὡς
3020 4880 3246 4950 φοϐερός
3268 4878 3401 4928 ἐστιν
3434 4890 3449 4923 ‘
3473 4872 3520 4921 ἐν
3545 4864 3635 4950 βψ

2121 4952 2239 5017 λαῖς
2269 4956 2409 5027 ὑπὲρ
2436 4960 2567 5024 τοὺς
2601 4966 2759 5030 υἱοὺς
2819 4969 2929 5021 τῶν
2962 4948 3281 5039 ἀνθρώπων.
3308 4984 3325 5015 ι
3355 4948 3635 5023 Μετέστρείιε

2121 5044 2249 5111 γοῦν
2284 5045 2381 5116 τὴν
2415 5048 2698 5108 θάλασσαν
2729 5060 2812 5120 εἰς
2835 5058 3011 5129 ξηράν
3030 5077 3042 5089 ·
3074 5061 3167 5113 καὶ
3189 5059 3278 5111 ἐπὶ
3300 5054 3385 5108 τοῦ
3426 5045 3634 5118 Ἰορδάνου

2120 5136 2175 5188 δὲ
2205 5138 2447 5208 ποταμοῦ
2486 5142 2626 5197 ἄλλα
2666 5149 2796 5202 τινὰ
2850 5150 3061 5221 φοϐερά
3102 5149 3344 5218 θαύματα
3380 5138 3631 5211 εἰργάσατον

2120 5229 2207 5281 ὅτε
2239 5230 2449 5301 διῆλθον
2485 5239 2599 5300 τοῖς
2638 5241 2835 5305 ποσὶν,
2870 5242 3265 5304 ὐποσταλέντος
3293 5236 3380 5292 τοῦ
3419 5221 3629 5297 ποταμοῦ.

2120 5320 2168 5369 οἱ
2201 5320 2306 5372 ἀπὸ
2353 5322 2453 5392 τῆς
2504 5328 2714 5398 ἐρήμου
2770 5332 3066 5402 παριόντες
3111 5333 3203 5384 ἐπὶ
3242 5328 3383 5399 τήνδε
3428 5323 3509 5391 τὴν
3538 5314 3629 5383 ﬁt“

2122 5405 2340 5470 Τούτοις
2371 5409 2437 5481 δὴ
2483 5410 2575 5467 οὖν
2611 5416 2805 5481 αὐτοῖς
2838 5418 3150 5489 ὑποδήμασι
3187 5416 3510 5489 χρησάμενοι.
3534 5404 3630 5469 ϐαρ·

2124 5496 2286 5564 σείτε,
2318 5497 2393 5563 ὡς
2436 5506 2532 5559 καὶ
2576 5506 2707 5570 τοὺς
2757 5509 3062 5583 ὑμετέρους
3109 5511 3320 5582 νοητοὺς
3344 5497 3627 5572 Αἰγυπτίους,
