3818 6336
181 403 299 459 657

1304 421 1793 476 COMMENTARIA
1835 423 1902 475 IN
1937 422 2268 478 PSALMOS.

3291 429 3391 482 638

198 517 473 609 Ἱεζεκιὴλ
498 521 661 609 λέγον
680 543 693 556 ·
724 546 742 576 ι
769 528 863 581 re
887 531 1187 601 ἀνθρώπου,
1214 536 1544 601 ἐξαποστελῶ
1576 556 1631 590 σε
1658 538 1758 606 ἐγὼ

1867 541 2048 599 Israel,
2075 540 2138 594 ad
2166 547 2564 608 exasperantes,
2591 541 2678 608 qui
2708 551 3157 609 exasperaverunt
3183 557 3265 595 me
3292 541 3392 609 ipsi

182 608 333 678 πρὸς
386 610 479 663 τὸν
529 608 683 666 οἷκον
747 618 988 689 Ἰσραὴλ,
1038 625 1161 685 τοὺς
1207 628 1761 697 παραπικραίνοντας,

181 701 397 764 οἵτινες
429 705 855 775 Μρεπίκρανάν
878 728 942 779 με
973 714 1121 766 αὐτοὶ
1155 718 1246 767 καὶ
1273 718 1318 768 οἱ
1345 717 1571 787 πατέρες
1592 716 1763 770 αὐτῶν

179 789 292 852 ἕως
339 792 451 861 τῆς
495 798 739 866 σήμερον
784 800 1023 871 ἡμέρας·
1071 822 1088 854 ι
1129 807 1219 857 καὶ
1255 805 1404 875 ἐξῆςο
1450 827 1468 857 ι
1500 807 1621 859 Ἐὰν
1661 808 1765 877 ἄρα

179 880 541 949 ἀκούσωσιν,
578 886 612 954 ἦ
648 889 985 958 ποηθῶσιν,
1034 893 1163 946 διότι
1203 893 1346 959 οἶκος
1399 915 1763 968 παραπικραι-

180 972 391 1023 νόντων
422 976 548 1026 ὲστί
568 993 581 1005 ·
617 999 636 1027 ι
670 979 763 1030 καὶ
796 980 983 1033 πάλιν
1013 1001 1031 1033 ι
1058 985 1166 1036 Καὶ
1194 986 1407 1055 λαλήσω
1428 989 1551 1049 τοὺς
1579 987 1762 1053 λόγους

183 1082 289 1132 μου
323 1065 478 1134 πρὸς
509 1066 730 1131 αὐτοὺς,
768 1071 861 1122 ἐὰν
892 1072 996 1141 ἀρα
1023 1074 1348 1139 ἀκούσωσιν,
1378 1076 1409 1145 ἢ
1443 1076 1758 1144 πτοηθῶσιν,

178 1154 262 1205 ὅτι
306 1150 472 1217 οἶκος
513 1161 1059 1230 παραπικραινόντων
1108 1165 1239 1216 ἐστί.
1289 1184 1306 1213 ι
1356 1166 1462 1216 Καὶ
1496 1168 1550 1217 ἐν
1601 1172 1669 1236 ρε¹
1708 1167 1761 1217 δὲ

177 1244 388 1314 ψαλμῷ
446 1245 731 1300 λέλεκται·
779 1268 797 1300 ι
832 1251 951 1303 Ὀτι
992 1256 1396 1325 παρεπίκραναν
1440 1257 1498 1307 τὸ
1552 1256 1759 1326 πνεῦμα

178 1335 350 1386 αὑτοῦ
372 1352 387 1364 °
426 1355 449 1386 ι
494 1337 594 1388 καὶ⁵
642 1339 802 1391 πάλιν
824 1357 835 1369 ·
873 1359 891 1391 ι
923 1341 1210 1405 Πλεονόικις
1244 1345 1502 1413 ὲρρύσατο
1535 1346 1754 1407 αὐτούς·

179 1426 339 1478 αὐτοὶ
375 1426 441 1478 δὲ
479 1429 897 1498 παρεπίκραναν
939 1432 1094 1483 αὑτὸν
1124 1435 1178 1484 ὲν
1211 1437 1273 1503 τῇ
1313 1434 1469 1505 βουλῇ
1509 1435 1704 1487 αὐτῶν.
1737 1455 1753 1485 ι

178 1517 286 1568 Ναὶ
332 1516 454 1586 μὴν
504 1519 602 1569 καὶ
631 1520 870 1589 Μωῦσῆς
896 1522 991 1591 τὴν
1016 1524 1231 1592 πικρίαν
1263 1525 1438 1576 αὐτῶν
1476 1525 1758 1596 παρίστησι

177 1606 392 1673 λέγων’
464 1626 485 1657 ι
526 1608 623 1659 Ἐκ
674 1608 781 1678 γὰρ
852 1611 1091 1679 ἀμπέλου
1138 1613 1376 1683 Σοδόμων
1432 1617 1464 1682 ἠ
1525 1614 1759 1683 ἄμπελος

177 1697 389 1763 αὐτῶν,
431 1698 537 1751 καὶ
572 1701 605 1768 ὴ
635 1698 901 1768 κληματὶς
931 1701 1106 1753 αὐτῶν
1142 1704 1205 1754 ὲκ
1234 1704 1539 1774 Γομόρῤας’
1577 1707 1608 1773 ἡ
1638 1722 1760 1755 στα-

178 1785 317 1856 φυλὴ
350 1786 553 1839 αὐτῶν
590 1786 832 1856 σταφυλὴ
866 1788 1044 1856 χολῆς,
1073 1789 1261 1859 βότρυς
1286 1792 1503 1861 πικρίας
1528 1791 1753 1844 αὐτῶν.»

179 1878 286 1929 Καὶ
339 1880 405 1929 ὲν
446 1877 530 1947 τῷ
583 1877 824 1948 Ἱερεμίᾳ
869 1878 925 1929 δὲ
958 1880 1165 1949 εἴρηται
1204 1881 1336 1950 πρὸς
1382 1882 1504 1943 τοὺς
1543 1880 1759 1943 αὐτούς⁸

181 1986 199 2017 ι
224 1966 355 2029 Πῶς
388 1968 654 2036 ἐστράφη
680 1969 761 2029 είς
788 1968 1008 2037 πικρίαν
1037 1972 1069 2038 ἡ
1102 1969 1337 2038 ἄμπελος
1366 1972 1397 2039 ἡ
1430 1970 1679 2039 ἀλλοτρία
1703 1987 1716 2034 ;
1741 1989 1757 2019 ι

178 2060 433 2120 Εἰκότως
474 2058 657 2110 τοίνυν
689 2061 782 2111 καὶ
816 2059 1047 2112 ἐνταῦθα
1086 2059 1603 2130 παραπικραίνοντες
1633 2060 1765 2133 ὠνο-

177 2149 507 2219 μάσθησαν.
566 2149 663 2200 Ἐκ
718 2148 1058 2219 παραλλήλου
1110 2149 1163 2200 δὲ
1234 2148 1601 2218 μνημονεύσας
1659 2148 1765 2199 τῶν

174 2239 357 2294 ὲθνῶν
388 2238 493 2291 καὶ
524 2237 627 2307 τῆς
661 2237 865 2291 τούτων
897 2239 1163 2309 σωτηρίας
1194 2242 1222 2291 ό
1274 2238 1443 2306 λόγος,
1475 2238 1765 2308 παράθεσιν

174 2326 282 2378 τῶν
322 2328 394 2379 ὲκ
432 2326 747 2397 περιτομῆς
793 2327 1081 2395 πεποίηται
1116 2324 1313 2379 εἰπών’
1354 2344 1372 2375 ι
1412 2326 1472 2378 Οἱ
1502 2325 1765 2394 ὀφθαλμοὶ

174 2418 343 2471 αὑτοῦ
367 2416 478 2469 ἐπὶ
500 2415 571 2468 τὰ
597 2414 726 2485 ἔθνη
752 2414 1126 2467 ὲπιῦλέπουσιν
1145 2457 1158 2477 ,
1179 2416 1226 2467 οἱ
1251 2416 1765 2485 παραπικραίνοντες

178 2508 253 2577 μὴ
285 2505 668 2575 ύψούσθωσαν
695 2506 752 2557 ἐν
774 2505 1001 2567 ἑαυτοῖς.
1030 2505 1328 2571 Εὐλογείτε,
1356 2504 1501 2574 ἔθνη,
1525 2505 1614 2556 τὸν
1637 2504 1765 2557 Θεὸν

177 2597 361 2666 ήμῶν,
400 2596 510 2647 καὶ
554 2593 875 2646 ἀκουτίσατε
914 2594 1008 2662 τὴν
1040 2592 1216 2662 φωνὴν
1247 2594 1345 2662 τῆς
1375 2594 1627 2655 αἰνέσεως
1674 2594 1768 2645 αὐ·

178 2687 294 2741 τοῦ.
330 2707 349 2738 ι
394 2683 786 2752 Εὐαγγελικὸν
825 2680 961 2736 εἶναι
989 2684 1078 2736 τὸν
1115 2684 1317 2753 ψαλμὸν
1346 2684 1435 2736 καὶ
1480 2683 1766 2753 ἀρχόμενοι

174 2777 268 2831 τοῦ
298 2778 482 2845 λόγου
512 2776 896 2846 τετηρήκαμεν
919 2791 930 2803 ·
964 2774 991 2825 ὂ
1013 2775 1103 2828 καὶ
1128 2774 1194 2826 δι’
1215 2774 1333 2826 ὅλου
1360 2773 1453 2827 τοῦ
1480 2773 1646 2842 ὓφους
1673 2775 1767 2843 τῆς

177 2867 548 2938 προφητείας
602 2864 951 2936 παρίσταται.
1008 2863 1217 2916 Ἐκὰλει
1254 2865 1348 2933 μὲν
1389 2864 1493 2934 γὰρ
1541 2866 1595 2915 ὲν
1628 2865 1764 2933 ἀρχῇ

176 2960 365 3011 πᾶσαν
396 2957 511 3026 τὴν
542 2955 648 3023 γῆν
670 2970 684 2983 °
715 2950 830 3006 εἶτα
856 2955 911 3005 έν
941 2953 1016 3022 τῷ
1060 2952 1255 3022 μεταξὺ
1296 2953 1509 3006 πλείονα
1535 2952 1763 3016 διδάξας,

176 3049 544 3118 σαφέστερον
576 3045 703 3112 περὶ
736 3044 841 3096 τῶν
875 3042 1037 3094 ἐθνῶν
1068 3046 1295 3094 ποιεῖται
1324 3042 1647 3112 προφητείαν
1678 3042 1763 3094 λέ-

171 3156 287 3207 γων
306 3155 320 3168 ’
355 3157 375 3189 ι
404 3138 481 3189 Ol
505 3133 778 3203 ὀφθαλμοὶ
802 3131 963 3184 αὑτοῦ
992 3133 1081 3184 ἐπὶ
1102 3132 1167 3185 τὰ
1194 3132 1314 3200 ἔθνη
1338 3130 1759 3184 ἐπιϐλέπουσιν.»

171 3198 335 3284 Μετὰ
365 3229 448 3299 δὴ
470 3198 569 3278 οὖν
597 3198 701 3294 τὴν⁷
718 3223 919 3275 τούτων
947 3222 1284 3275 διδασκαλίαν
1305 3198 1610 3284 ἀκολούθως
1636 3223 1764 3274 πᾶσι
1796 3198 1836 3253 C

167 3322 287 3382 τοῖς
318 3318 591 3377 ἔθνεσιν,
631 3312 709 3375 ὡς
752 3310 814 3362 ἂν
845 3311 1208 3380 ὡφελημένοις
1255 3312 1319 3361 ὲκ
1351 3309 1442 3362 τοῦ
1489 3326 1767 3381 προμεμα-

168 3408 418 3479 θηκέναι
474 3404 552 3457 τὰ
598 3401 961 3473 προλεχοέντα
990 3440 1003 3463 ,
1066 3399 1300 3467 εὐλογεῖν
1347 3399 1451 3451 τῶν
1503 3397 1768 3452 τοσούτων

170 3499 501 3569 θαυμάτων
531 3495 642 3546 τῶν
671 3510 730 3545 τε
775 3491 1017 3562 φοϐερῶν
1048 3490 1222 3561 ἔργων
1261 3484 1483 3558 ποιητὴν
1527 3505 1763 3558 παρακε-

165 3590 405 3642 λεύεται
430 3588 621 3653 λέγων
641 3601 654 3614 ο
690 3602 708 3634 ‹
736 3583 1036 3651 Εὑλογεῖτε,
1068 3581 1190 3649 ἔθνη
1211 3618 1225 3642 ,
1260 3579 1347 3630 τὸν
1379 3579 1507 3631 Θεὸν
1534 3578 1704 3647 ἡμῶν.
1744 3598 1761 3628 ι

167 3683 264 3751 Μὴ
296 3681 424 3750 γὰρ
458 3678 598 3737 τοὺς
631 3675 944 3745 ὑμετέρους,
974 3672 1124 3743 φησὶ,
1155 3672 1278 3732 τοὺς
1312 3670 1475 3724 πάλαι
1497 3670 1767 3737 πεπλανη-

166 3771 364 3841 μένως
392 3763 800 3838 νομιζομένους
828 3763 1008 3824 θεοὺς,
1038 3760 1169 3814 ἀλλά
1193 3759 1279 3812 τὸν
1312 3760 1590 3829 ἡμέτερον,
1622 3759 1681 3810 όν
1709 3760 1771 3811 ἐκ

167 3860 452 3931 πατέρων
501 3858 670 3927 ἡμεῖς
697 3853 1141 3924 ὲπεγραψάμεθα,
1172 3850 1355 3904 τοῦτον
1388 3849 1597 3917 γνόντες
1635 3844 1768 3900 εἶναι

162 3950 262 4003 τὸν
316 3946 603 4018 ἀληθινὸν
634 3944 784 3997 Θεόν.
832 3944 944 3996 Νὖν
968 3942 1118 4011 γοῦν,
1148 3943 1195 3993 εἰ
1241 3941 1333 3994 καὶ
1377 3939 1450 4010 μὴ
1493 3939 1770 4009 πρότερον,

164 4041 268 4094 καὶ
327 4041 515 4110 ὑμεῖς
571 4036 860 4104 εὐλογεῖτε.
912 4031 1293 4103 Εὑφημοῧντες
1338 4030 1392 4083 δὲ
1440 4031 1619 4095 αὐτὸν,
1681 4030 1772 4082 καὶ

160 4130 563 4199 εὐλογοῦντες
601 4125 678 4188 ὡς
718 4125 873 4195 μόνον
907 4123 1153 4194 ἀληθινὸν
1196 4122 1288 4174 καὶ
1324 4121 1494 4174 κοινὸν
1524 4121 1772 4174 ἁπάντων

162 4219 340 4288 ἡμῶν
378 4234 450 4269 τε
500 4214 599 4267 καὶ
625 4212 777 4282 ὑμῶν
809 4211 941 4264 Θεὸν
965 4252 980 4277 ,
1017 4211 1089 4280 μὴ
1138 4208 1553 4278 σεσιωπημένως
1576 4247 1591 4272 ,
1642 4207 1773 4278 μηδὲ

162 4308 409 4378 ἡρεμέᾳ
446 4304 576 4372 (sic)
622 4304 689 4372 τῇ
722 4303 869 4372 φωνῇ
923 4299 1078 4353 τοῦτο
1130 4299 1426 4369 πράττετε’
1462 4298 1558 4350 σὺν
1606 4296 1770 4365 πολλῇ

160 4398 222 4449 δὲ
257 4393 586 4467 παρρησίᾳ
639 4392 731 4445 καὶ
771 4390 959 4461 θάρσει
984 4430 999 4453 ,
1038 4393 1235 4459 φωναῖς
1270 4406 1329 4441 τε
1376 4389 1629 4456 γεγωνοῖς
1680 4387 1772 4439 καὶ

1861 637 1914 683 et
1946 642 2119 699 patres
2150 630 2386 698 ipsorum
2432 645 2601 699 usque
2630 631 2692 682 ad
2744 640 3053 698 praesentem
3090 633 3225 686 diem
3245 634 3291 663 "
3321 651 3333 685 :
3370 651 3387 682 ο

1861 729 1911 771 et
1954 730 2133 788 postea
2162 738 2173 772 :
2204 740 2220 770 ι
2252 720 2305 773 Si
2332 720 2468 774 forte
2512 721 2730 774 audiant
2754 730 2807 774 et
2847 720 3237 783 deterreantur,
3269 724 3393 790 quia

1860 808 2050 863 domus
2088 810 2517 878 exasperantium
2550 811 2732 875 est";
2769 830 2785 860 ι
2820 819 2871 864 et
2912 814 3101 863 iterum
3129 830 3141 863 :
3175 829 3193 859 ι
3223 811 3288 863 Ει
3318 812 3398 863 lo-

1861 914 1996 967 quar
2041 915 2316 954 sermones
2349 915 2497 956 meos
2542 900 2606 954 ad
2643 902 2784 965 illos,
2826 902 2871 955 si
2919 901 3054 955 forte
3097 896 3315 955 audiant
3345 910 3399 955 et

1860 986 2248 1052 deterreantur,
2299 989 2424 1058 quia
2462 989 2652 1043 domus
2708 990 3133 1057 exasperantium
3178 995 3260 1041 est
3281 988 3348 1042 °°.
3376 1005 3393 1037 ι

1859 1076 1922 1128 Et
1953 1078 2005 1130 in
2036 1093 2101 1132 cv
2122 1079 2325 1148 psalmo
2359 1079 2559 1132 dictum
2590 1087 2710 1133 est:
2742 1097 2758 1129 ι
2789 1078 2923 1143 Quia
2945 1078 3399 1132 exacerbaverunt

1860 1168 2108 1234 spiritum
2155 1168 2273 1235 ejus
2296 1169 2370 1229 “;
2405 1186 2423 1218 ι
2482 1182 2544 1219 ac
2596 1182 2811 1221 rursum
2851 1186 2863 1219 :
2906 1184 2924 1216 ι
2958 1165 3108 1234 Saepe
3155 1165 3400 1218 liberavit

1858 1272 1969 1310 eos.
2016 1256 2119 1327 Ipsi
2177 1265 2357 1309 autem
2406 1256 2864 1310 exacerbaveruut
2917 1270 3039 1308 eum
3079 1255 3132 1307 in
3174 1254 3401 1308 consilio

1860 1359 1958 1398 suo
1988 1345 2053 1397 ⁶¹.
2086 1364 2102 1393 ο
2150 1346 2262 1397 Imo
2291 1344 2451 1398 etiam
2478 1344 2687 1413 Moyses
2721 1344 3065 1398 acerbitatem
3095 1358 3281 1397 eorum
3307 1344 3401 1397 de-

1859 1435 2027 1487 clarat
2069 1435 2151 1488 his
2194 1436 2406 1490 verbis:
2439 1454 2456 1484 ‹
2489 1434 2621 1488 Nam
2645 1451 2708 1489 ex
2742 1436 2895 1489 vinea
2932 1433 3284 1487 Sodomorum
3328 1434 3402 1488 vi-

1860 1542 1957 1577 nca
2006 1541 2212 1589 eorum,
2266 1534 2319 1579 et
2351 1527 2554 1593 palmes
2594 1541 2777 1580 eorum
2819 1541 2885 1579 ex
2930 1524 3246 1579 Gomorrha.
3290 1523 3401 1579 Uva

1858 1632 2042 1668 eorum
2075 1632 2177 1670 uva
2211 1616 2370 1678 fellis,
2407 1617 2595 1670 botrus
2635 1616 2945 1669 acerbitatis
2977 1630 3163 1670 eorum
3188 1614 3251 1668 ⁸³.
3293 1634 3310 1665 ι
3344 1618 3402 1668 In

1857 1706 2088 1760 Jcremia
2118 1714 2295 1760 autem
2330 1708 2394 1758 ad
2419 1706 2632 1760 eosdem
2662 1706 2861 1759 dicitur
2887 1724 2898 1758 :
2932 1724 2949 1755 ι
2981 1703 3260 1769 Quomodo
3282 1721 3407 1758 cou-

1857 1811 2012 1852 versa
2064 1805 2146 1851 est
2179 1797 2231 1849 in
2282 1795 2695 1848 amaritudinem
2736 1794 2861 1847 vitis
2907 1794 3079 1847 aliena
3106 1792 3190 1846 “‘l
3221 1814 3237 1845 ι
3276 1792 3405 1848 Jure

1798 1873 2023 1954 Bigitur
2092 1886 2181 1938 hic
2248 1900 2462 1954 quoque
2511 1891 2893 1952 exasperantes
2942 1891 3219 1937 vocantur.
3268 1882 3407 1936 Dum

1865 1983 2042 2027 autem
2060 1990 2122 2028 ex
2150 1974 2374 2028 adverso
2397 1974 2630 2041 gentium
2656 1981 2709 2026 et
2738 1973 2929 2027 salutis
2959 1988 3143 2025 eorum
3173 1972 3404 2026 mentio-

1863 2080 1983 2117 nem
2018 2079 2193 2118 sermo
2224 2062 2370 2126 facit,
2405 2062 2855 2128 comparationem
2901 2060 3128 2119 inducit,
3169 2076 3289 2113 cum
3338 2061 3405 2114 iis

1862 2152 1953 2220 qui
1978 2167 2042 2204 ex
2072 2149 2480 2205 circumcisione
2513 2155 2659 2213 sunt,
2688 2148 2874 2202 dicens
2901 2165 2913 2199 :
2944 2166 2962 2199 ι
2993 2146 3143 2201 Oculi
3160 2150 3277 2215 ejus
3310 2164 3403 2202 su-

1864 2256 1957 2309 per
1985 2248 2167 2309 gentes
2200 2240 2511 2308 respiciunt,
2543 2239 2634 2307 qui
2662 2248 2983 2307 exasperant
3010 2252 3119 2291 non
3156 2238 3398 2292 exalten-

1864 2339 1953 2382 tur
2000 2330 2053 2382 in
2103 2330 2424 2397 semetipsis.
2472 2328 2800 2391 Benedicite,
2847 2334 3053 2397 gentes,
3108 2326 3271 2382 Deum
3311 2344 3405 2382 no-

1865 2428 2059 2481 strum,
2087 2426 2139 2472 et
2161 2418 2394 2471 auditam
2426 2416 2585 2471 facite
2607 2432 2790 2472 vocem
2814 2418 2986 2472 laudis
3011 2418 3147 2486 ejus.
3182 2436 3199 2467 ι
3230 2416 3404 2470 Evan-

1864 2509 2091 2576 gelicum
2125 2522 2242 2561 esse
2273 2506 2537 2574 psalmum
2567 2505 2673 2573 jam
2724 2505 2825 2559 sub
2864 2504 3073 2558 initium
3097 2505 3405 2559 observavi-

1863 2614 2018 2652 mus:
2045 2596 2187 2667 quod
2218 2598 2377 2651 etiam
2409 2611 2473 2648 ex
2505 2602 2617 2648 tota
2657 2596 2950 2665 prophetiae
2991 2596 3128 2651 serie
3154 2610 3402 2662 compro-

1865 2690 2041 2743 batur.
2090 2687 2221 2740 Nam
2275 2687 2427 2740 initio
2474 2700 2686 2740 omnem
2749 2694 2945 2740 terram
2997 2686 3400 2754 compellabat:

1865 2779 2161 2849 deindeque
2190 2777 2343 2847 plura
2386 2777 2609 2841 docens,
2646 2777 2848 2831 clarius
2879 2776 2944 2830 de
2973 2776 3220 2846 gentibus
3267 2777 3404 2829 vati-

1866 2872 2079 2925 cinatur
2122 2869 2349 2922 dicens:
2390 2886 2407 2917 ι
2440 2867 2594 2921 Oculi
2634 2868 2749 2936 ejus
2797 2882 2957 2935 super
3007 2874 3193 2936 gentes
3231 2868 3404 2934 respi-

1866 2963 2036 3016 ciunt.
2069 2980 2087 3012 ι
2126 2958 2254 3014 Post
2297 2958 2607 3026 hujusmodi
2665 2959 2842 3026 itaque
2889 2957 3186 3010 doctrinam
3222 2971 3407 3011 conse-

1866 3059 2092 3120 quenter
2129 3050 2382 3104 omnihus
2430 3048 2703 3118 gentibus,
2738 3054 2921 3114 utpote
2944 3060 3061 3114 qua:
3094 3058 3256 3112 supra
3294 3058 3408 3097 me-

1868 3152 2074 3195 morata
2109 3139 2469 3196 edidicerunt,
2499 3144 2552 3189 et
2586 3136 2710 3187 hinc
2752 3135 3033 3187 utilitatem
3064 3141 3235 3185 nacta:
3258 3144 3405 3199 sunt,

1868 3231 2105 3300 praecipit
2133 3237 2190 3281 ut
2212 3236 2291 3281 tot
2318 3226 2695 3280 miraculorum
2725 3224 3149 3290 terribiliumque
3181 3237 3403 3290 operum

1868 3320 2124 3373 artiﬁcem
2165 3318 2500 3371 benedicant.
2562 3332 2579 3362 ι
2614 3313 2934 3377 Benedicite,
2983 3312 3177 3380 inquit.
3220 3323 3407 3381 gentes

1868 3394 2033 3463 Deum
2072 3413 2333 3460 nostrum.
2369 3425 2387 3455 ι
2420 3403 2534 3456 Non
2567 3398 2842 3472 pristinos,
2874 3401 2968 3463 ait,
2999 3409 3231 3465 vestros,
3269 3416 3406 3469 quos

1868 3497 1997 3551 deos
2024 3509 2144 3548 esse
2169 3501 2413 3547 errantes
2444 3492 2750 3562 putabatis;
2796 3489 2889 3543 scd
2932 3498 3202 3553 nostrum,
3242 3505 3404 3557 quem

1869 3588 1935 3640 ab
1963 3586 2075 3641 avis
2110 3599 2279 3655 usque
2317 3584 2518 3639 nostris
2549 3581 2714 3635 Deum
2763 3579 3135 3647 ascripsimus,
3173 3581 3407 3634 scientes

1869 3675 2014 3729 hunc
2053 3688 2237 3727 verum
2279 3688 2398 3727 esse
2446 3671 2632 3725 Deum.
2685 3668 2836 3722 Nunc
2862 3669 3043 3737 igitur,
3101 3669 3311 3722 etiamsi
3356 3669 3407 3722 id

1869 3766 2021 3836 prius
2045 3780 2151 3819 non
2184 3763 2438 3825 feceritis,
2468 3777 2562 3816 vos
2584 3775 2797 3829 quoque
2829 3759 3148 3814 benedicite.
3179 3756 3409 3813 Benedi-

1870 3865 2052 3910 centes
2082 3861 2258 3908 autem
2282 3860 2335 3907 et
2371 3852 2651 3906 laudantes
2682 3852 2830 3904 illum
2862 3858 2920 3903 ut
2948 3850 3121 3903 solum
3144 3865 3327 3902 verum
3358 3858 3410 3903 et

1871 3958 2209 3998 communem
2257 3944 2497 3994 omnium
2539 3946 2648 3991 tam
2693 3946 2937 3991 nostrum
2970 3950 3131 4002 quam
3172 3940 3409 3990 vestrum

1871 4033 2059 4097 Deum,
2107 4046 2175 4085 ne
2218 4030 2404 4093 tacite,
2445 4044 2551 4083 neu
2580 4027 2816 4082 demissa
2853 4038 2984 4077 voce
3020 4023 3074 4077 id
3115 4023 3284 4092 agite;
3316 4023 3410 4078 sed

1871 4136 1993 4176 cum
2043 4121 2208 4173 multa
2254 4119 2447 4172 ﬁducia
2491 4124 2544 4172 et
2592 4114 2934 4172 conﬁdentia,
2977 4111 3084 4163 alta
3117 4125 3248 4164 voce
3294 4125 3409 4162 ma-

1869 4210 2095 4279 gnisque
2143 4206 2468 4260 clamoribus
2530 4202 2782 4267 utimini,
2834 4209 2891 4253 ut
2948 4199 3134 4251 laudes
3182 4212 3211 4249 a
3261 4196 3413 4252 vobis

1873 4297 1982 4350 Deo
2029 4296 2239 4351 emissae
2288 4294 2449 4348 etiam
2486 4292 2553 4346 ab
2599 4290 2867 4345 extraneis
2913 4287 3220 4350 audiantur,
3264 4285 3410 4354 quod

1872 4388 2032 4442 etiam
2093 4383 2344 4439 Servator
2409 4382 2493 4435 his
2550 4381 2726 4434 verbis
2790 4376 3137 4431 declarabat:
3206 4393 3224 4425 ι
3255 4374 3421 4441 Quod

162 4465 684 4557 βοαῖς-χρήσασθε
734 4482 1025 4552 μεγάλαις⁸
1079 4480 1154 4543 ὡς
1194 4481 1286 4532 καὶ
1326 4481 1436 4541 τοῖς
1478 4476 1758 4548 ἀλλοτρίοις

1873 4477 1995 4531 dico
2039 4474 2193 4529 vobis
2230 4474 2284 4527 in
2311 4470 2568 4537 tenebris,
2610 4468 2771 4521 dicite
2809 4467 2862 4519 in
2902 4465 3127 4529 lumine,
3174 4474 3227 4521 et
3269 4465 3413 4533 quod

161 4576 505 4631 ἀκούεσθαι
560 4574 661 4643 τὴν
711 4570 1170 4640 ἀναπεμπομένην
1227 4572 1304 4632 εἰς
1335 4569 1464 4623 Θεὸν
1494 4570 1580 4636 ὑφ’
1622 4567 1772 4637 ὑμῶν

162 4670 395 4721 αι’νεσιν
418 4682 435 4695 ·
472 4664 503 4716 ὃ
527 4662 591 4733 δὴ
631 4663 725 4714 καὶ
749 4663 779 4713 ὁ
808 4661 995 4730 Σωτὴρ
1032 4660 1215 4730 ἐδήλου
1258 4659 1455 4727 λέγων·
1487 4676 1505 4709 t
1550 4659 1613 4711 ⁸0
1634 4656 1773 4724 λέγω

160 4760 304 4829 ὑμῖν
335 4759 407 4808 ὲν
431 4757 508 4823 τῇ
535 4752 728 4822 σκοτίᾳ
753 4750 940 4803 εἴπατε
963 4752 1020 4801 ὲν
1040 4751 1115 4821 τῷ
1140 4752 1294 4819 φωτὶ,
1324 4750 1416 4803 καὶ
1441 4749 1469 4801 ὃ
1498 4750 1575 4812 είς
1603 4748 1662 4800 τὸ
1683 4743 1773 4809 οὖς

162 4849 452 4910 ἀκούετε,
487 4842 797 4914 κηρύσσετε
822 4842 913 4892 ἐπὶ
933 4840 1039 4892 τῶν
1073 4842 1350 4911 δωμάτων.
1386 4859 1403 4891 ι
1441 4840 1652 4909 Ταύτης
1680 4834 1771 4890 οὖν

157 4934 364 5004 ἔχεται
404 4935 517 5000 τῆς
549 4928 798 4989 διανοίας
828 4928 888 4979 τὸ
925 4928 1126 4994 φάσκον
1173 4929 1376 4996 λόγιον·
1425 4947 1443 4978 ι
1476 4930 1585 4981 Καὶ
1611 4930 1767 4980 ἀκου-

161 5022 367 5074 τίσατε
406 5020 517 5088 τὴν
552 5016 744 5085 φωνὴν
769 5014 871 5081 τῆς
895 5015 1144 5077 αἰνέσεως
1174 5015 1365 5068 αὑτοῦ⁹
1405 5034 1423 5065 ι
1457 5015 1489 5084 ἢ
1524 5016 1661 5068 κατὰ
1685 5015 1773 5066 τὸν

160 5112 513 5180 Σύμμαχον·
540 5127 559 5157 ι
587 5103 950 5166 Ἑξάκουστον
972 5106 1168 5156 ποιεῖτε
1183 5105 1278 5173 τὴν
1295 5104 1472 5173 φωνὴν
1495 5105 1586 5156 τοῦ
1608 5104 1775 5173 ὕμνου

161 5201 364 5253 αὐτοῦ.
394 5216 417 5249 ι
460 5193 773 5263 Θαυμάσαι
798 5190 857 5240 δὲ
885 5190 994 5241 ἐστι
1026 5193 1118 5244 τοῦ
1148 5193 1301 5261 λόγου
1330 5192 1388 5244 τὸ
1416 5193 1774 5262 ἀποτέλεσμα,

1876 4568 1929 4620 in
1966 4580 2095 4620 aure
2141 4564 2358 4622 auditis,
2411 4560 2695 4631 pradicate
2738 4570 2898 4624 super
2937 4563 3082 4609 tecta
3103 4557 3167 4606 ⁸⁸.
3200 4574 3218 4607 ι
3280 4554 3415 4608 Huic

1878 4658 2040 4727 igitur
2094 4654 2375 4709 sententiae
2437 4649 2591 4703 aliine
2644 4647 2749 4700 hoc
2806 4646 3010 4700 dictum
3081 4655 3165 4699 est
3218 4664 3232 4699 :
3291 4664 3309 4696 ι
3351 4643 3415 4696 Et

1877 4746 2109 4801 auditam
2162 4744 2322 4797 facite
2366 4755 2547 4795 vocem
2582 4738 2758 4791 laudis
2786 4736 2939 4805 ejus;
2982 4754 3001 4787 ι
3045 4736 3178 4797 sive,
3215 4749 3413 4789 secun-

1876 4838 2002 4892 dum
2035 4833 2413 4905 Symmachum
2450 4848 2464 4883 :
2502 4848 2519 4879 ι
2549 4829 2797 4881 Auditam
2829 4825 2989 4878 facite
3014 4838 3200 4877 vocem
3231 4824 3416 4894 hymni

1874 4929 2010 4996 ejus.
2052 4940 2078 4976 γ
2110 4923 2289 4979 Mirari
2326 4934 2485 4990 porro
2508 4920 2655 4972 subit
2686 4918 2778 4985 qui
2826 4916 3078 4984 impletus
3110 4914 3199 4967 hic
3237 4930 3417 4969 sermo

1876 5013 2059 5074 fuerit,
2084 5009 2297 5080 quando
2325 5022 2418 5076 per
2451 5008 2761 5059 universum
2793 5004 2998 5065 orbem,
3027 5003 3079 5054 in
3100 5003 3292 5057 mediis
3324 5020 3416 5056 ur—
3510 5006 3535 5027 ί

1881 5104 2056 5163 bibus.
2094 5102 2147 5153 in
2172 5099 2333 5162 vicis,
2366 5098 2419 5149 in
2462 5097 2603 5164 agris
2649 5109 2744 5161 per
2789 5093 3068 5147 universas
3111 5091 3203 5145 Dei
3234 5092 3420 5147 Eccle-

1884 5194 2015 5257 sias,
2044 5190 2249 5245 Christi
2279 5185 2461 5257 pOpuli
2501 5200 2567 5238 ex
2608 5183 2881 5236 universis
2913 5181 3160 5251 gentibus
3200 5181 3416 5245 delecti,

1886 5282 2115 5350 hymnos
2135 5291 2187 5332 et
2220 5276 2475 5345 psalmos,
2510 5286 2614 5324 non
2641 5271 2830 5339 patriis
2865 5272 2971 5324 diis
2992 5309 3008 5332 ,
3049 5284 3155 5322 non
3192 5268 3286 5322 Dei
3317 5270 3422 5322 ini-

1885 5371 2040 5425 micis
2060 5367 2426 5428 dazmonibus;
2456 5362 2548 5416 sed
2576 5361 2667 5413 uni
2707 5359 2813 5412 Deo
2859 5377 2889 5411 a
2924 5358 3195 5428 prophetis
3232 5360 3421 5428 praedi.

1889 5470 2030 5527 cato,
2059 5462 2164 5513 alta
2197 5458 2444 5512 emittunt
2474 5466 2621 5514 voce,
2651 5450 2723 5502 ita
2762 5458 2822 5503 ut
2848 5449 3187 5518 psallentium
3206 5463 3309 5503 vox
3337 5467 3419 5533 vel

163 5290 252 5341 δτε
305 5288 447 5341 καθ’
481 5286 612 5352 ὅλης
669 5281 780 5347 τῆς
811 5278 1104 5346 ἀνθρώπων
1129 5282 1465 5350 οἰκουμένης,
1500 5284 1555 5333 ὲν
1592 5283 1781 5351 μέσαις

162 5384 289 5442 ταῖς
338 5378 567 5434 πόλεσι,
606 5372 670 5423 ἐν
716 5383 782 5417 τε
836 5368 1040 5436 κώμαις
1079 5373 1173 5423 καὶ
1203 5370 1402 5439 χώραις
1433 5371 1572 5423 κατὰ
1609 5371 1781 5434 πάσας

163 5472 267 5531 τὰς
293 5463 648 5532 Ἐκκλησίας
673 5456 778 5507 τοῦ
797 5456 945 5521 Θεοῦ,
964 5461 1009 5509 οῖ
1031 5461 1128 5512 τοῦ
1146 5458 1377 5531 Χριστοῦ
1393 5460 1511 5512 λαοὶ
1535 5461 1591 5527 ἐξ
1614 5462 1783 5514 ἀπάν-

234 5646 283 5677 ⁸⁸
307 5638 517 5693 Ezech.
555 5649 625 5691 ιι.
660 5630 725 5682 3.
806 5628 850 5659 "
877 5628 996 5683 Ibid.
1044 5634 1101 5687 5.

1184 5638 1224 5666 ⁶⁰
1251 5633 1383 5687 Ibid.
1434 5633 1483 5687 7.
1560 5638 1600 5669 "
1630 5636 1758 5691 Psal.

1867 5657 1904 5703 ι’,
1940 5640 2028 5693 '55.
2101 5638 2144 5669 ⁶¹
2176 5634 2307 5691 Ibid.
2363 5631 2446 5686 45.
2523 5628 2565 5659 ⁸³
2594 5625 2749 5679 Deut.
2788 5640 2958 5687 xxx",
2983 5622 3067 5678 52.
3146 5624 3188 5654 ⁸⁸
3217 5623 3420 5677 Jerem.

165 5728 226 5766 ll.
257 5714 350 5765 21.
440 5706 488 5736 “
518 5697 736 5755 Matth.
780 5711 830 5757 ι,
851 5695 932 5748 27.
