3818 6380
225 410 354 467 651

1346 404 1830 461 COMMENTARIA
1870 405 1935 459 IN
1969 402 2299 459 PSALMOS.

3333 390 3436 448 66‘2

223 516 437 569 Φωναὶ
479 512 539 566 δὲ
578 509 764 577 αὗται,
790 519 865 581 ὡς
897 518 1049 585 ἔφην,
1085 518 1386 573 ἀποστόλων
1435 523 1524 574 καὶ
1569 520 1803 591 μαθητῶκ

1917 522 2131 576 minasti
2182 519 2319 573 sicut
2370 515 2707 570 examinatur
2764 518 3059 581 argentum.
3097 529 3114 562 ι
3166 508 3257 563 Hae
3311 510 3437 577 ipsa:

222 608 339 660 καὶ
398 608 810 675 εὐαγγελιστῶν
849 610 1166 679 τυγχάνουσι
1216 612 1305 663 τοῦ
1356 612 1617 681 Σωτῆρος,
1641 606 1712 664 ὧν
1742 613 1817 674 εἰς

222 700 444 751 πᾶσαν
473 701 575 768 τὴν
604 701 709 770 γῆν
738 700 957 770 ἐξῆλθεν
984 702 1013 753 6
1039 700 1285 768 φθόγγος,
1309 703 1402 754 καὶ
1429 705 1506 764 είς
1524 702 1591 754 τὰ
1615 702 1820 772 πέρατα

219 790 337 856 τῆς
380 790 718 859 οἰκουμένης
746 790 814 842 τά
841 792 1075 860 ῥήματα.
1108 788 1227 844 Εἶεν
1252 793 1294 844 δ’
1319 792 1383 845 ἂν
1407 792 1624 846 καὶτῶν
1651 792 1816 859 ἁγίων

220 879 332 931 τοῦ
377 878 526 931 Θεοῦ
566 880 879 950 μαρτύρων,
912 881 959 933 οἳ
1004 881 1141 934 κατά
1183 882 1406 952 μίμησιν
1445 881 1552 934 τῶν
1595 880 1818 951 πρώτων

218 969 329 1020 τοῦ
373 970 641 1040 Σωτῆρος
690 969 846 1039 ἡμῶν
874 969 1211 1040 κηρύκωντά
1253 972 1339 1024 ῐσα
1379 956 1731 1024 πεπόνθασιν·
1761 972 1817 1021 ὲν

219 1052 314 1119 οἷς
369 1059 513 1121 τοὺς
561 1058 705 1128 ὑπὲρ
736 1059 1037 1121 θεοσεϐείας
1068 1059 1257 1123 ἄθλους
1279 1062 1626 1130 ἠγωνίσαντο.
1656 1060 1818 1111 Φασὶν

219 1143 329 1199 οὖν
363 1146 779 1217 ἑρμηνεύοντες
812 1149 905 1200 καλ⁵
928 1149 1325 1216 διασαφοῦντες,
1359 1151 1502 1212 ὅπως
1526 1149 1619 1218 τὴν
1647 1149 1818 1217 ψυχὴν

219 1235 430 1289 αὐτῶν
470 1236 634 1289 ἐθετο
666 1238 744 1299 είς
772 1237 932 1306 ζωὴν,
960 1237 1053 1289 καὶ
1082 1239 1226 1300 ὅπως
1266 1240 1390 1301 τοὺς
1435 1239 1597 1300 πόδας
1644 1238 1817 1291 αὐτῶν

218 1327 333 1377 οὐκ
396 1326 615 1378 ἔδωκεν
661 1329 741 1388 εἰς
790 1327 974 1379 σάλον·
1022 1328 1171 1380 ι”Οτι
1220 1328 1539 1399 ἐδοκίμασας
1583 1330 1747 1398 ἡμᾶς,
1791 1332 1818 1381 6

217 1416 393 1479 Θεὸς.
428 1416 515 1478 ὡς
540 1416 808 1485 πυροῦται
824 1416 883 1470 τὸ
910 1416 1179 1486 ἀργύριον.
1204 1436 1223 1468 ι
1242 1418 1452 1487 Ἐπειδὴ
1466 1419 1569 1489 γὰρ
1596 1419 1819 1488 ἀπείρα-

218 1521 365 1568 cro;
400 1505 558 1574 ἀνὴρ
600 1505 878 1574 ἀδόκιμος,
909 1508 1123 1569 εἰκότως
1152 1507 1497 1577 ὲγγυμνάζων
1544 1510 1653 1570 τοῖς
1698 1524 1817 1559 πει-

221 1596 489 1663 ρασμοῖς
536 1593 871 1663 παραδίδωσι
921 1596 1042 1657 τοὺς
1088 1595 1314 1657 οἰκείους
1343 1598 1370 1647 6
1398 1594 1555 1656 Θεόςο
1594 1595 1689 1664 οὐχ
1736 1597 1818 1648 ἵνα

220 1683 409 1744 αὐτὸς
444 1682 571 1753 γνῷ
599 1683 770 1734 ὁποῖοί
800 1683 943 1745 τινές
972 1684 1125 1746 εἰσιν,
1160 1683 1269 1735 ἀλλ’
1300 1685 1404 1747 ἵνα,
1438 1684 1591 1738 αὐτοὶ
1640 1702 1817 1755 πυρω-

218 1773 431 1835 θέντες
465 1773 843 1843 λαμπρότεροι
869 1774 957 1824 καὶ
982 1773 1344 1844 καθαρώτεροι
1371 1774 1813 1827 ἀποτελεσθῶσιν.

1915 620 2062 674 sunt,
2087 620 2145 665 ut
2183 611 2293 679 jam
2342 608 2475 670 dixi,
2520 605 2905 676 apostolorum,
2962 602 3345 672 discipulorum
3386 609 3438 654 et

1913 702 2359 772 evangelistarum
2388 697 2682 754 Salvatoris
2706 710 2884 759 voces,
2912 710 3139 764 quorum
3171 709 3336 749 sonus
3384 692 3435 745 iu

1912 808 2121 847 omnem
2154 800 2352 859 terram
2382 790 2564 852 exivit,
2596 789 2725 842 etin
2768 786 2901 840 ﬁnes
2922 786 3069 839 orbis
3095 792 3249 839 terra;
3279 784 3436 838 verba

1912 894 2117 934 eorum.
2152 877 2374 931 Fuerint
2409 891 2620 945 quoque
2652 883 2958 928 sanctorum
2995 870 3086 926 Dei
3120 881 3433 941 martyrum,

1912 970 2002 1038 qui
2036 970 2099 1023 ad
2134 968 2478 1022 imitationem
2512 968 2745 1035 priorum
2776 964 3072 1018 Servatoris
3102 977 3434 1031 prazconum,

1913 1060 2061 1129 paria
2100 1058 2335 1127 perpessi
2368 1064 2511 1119 sunt,
2546 1070 2666 1108 cum
2694 1070 2790 1122 pro
2819 1054 2994 1109 divina
3028 1052 3283 1121 religione
3322 1066 3436 1103 cer-

1913 1148 2115 1201 tamina
2144 1147 2441 1203 subierunt.
2477 1145 2641 1198 Aiunt
2670 1144 2863 1213 itaque,
2897 1144 3220 1214 explicantes
3247 1157 3309 1196 ae
3339 1143 3434 1197 de-

1914 1238 2181 1291 clarantes
2209 1250 2317 1305 quo
2357 1241 2514 1305 pacto
2539 1234 2769 1287 animam
2821 1248 2970 1288 suam
3004 1234 3241 1302 posuerit
3266 1233 3332 1286 ad
3361 1233 3436 1285 vi-

1915 1337 2043 1390 tam,
2065 1326 2396 1397 etquomodo
2415 1340 2521 1380 non
2546 1325 2750 1379 dederit
2779 1324 2833 1377 in
2857 1324 3263 1377 commotionem
3280 1322 3438 1391 pedes

1914 1434 2042 1473 suos
2074 1436 2086 1471 :
2125 1435 2143 1468 ι
2181 1416 2441 1481 Quoniam
2471 1414 2708 1485 probasti
2746 1429 2867 1477 nos,
2902 1412 3061 1478 Deus,
3082 1419 3138 1465 ut
3166 1412 3287 1480 igne
3313 1426 3436 1465 exa-

1914 1509 2146 1562 minatur
2177 1515 2479 1576 argentum.
2515 1524 2532 1557 »
2571 1504 2705 1569 Quia
2735 1504 2875 1565 enim
2910 1504 3154 1571 quisquis
3180 1517 3285 1555 non
3314 1515 3436 1569 pro-

1914 1599 2074 1652 batur
2099 1597 2360 1666 inglorius
2391 1603 2494 1659 est,
2518 1596 2637 1665 jure
2662 1594 2801 1648 Deus
2828 1590 3111 1647 familiares
3139 1606 3265 1645 suos
3283 1606 3435 1645 excr-

1914 1703 2065 1749 cens,
2117 1686 2501 1739 tentationibus
2531 1684 2734 1749 tradit;
2765 1697 2869 1735 non
2904 1688 2962 1734 ut
2997 1687 3284 1750 cognoscat
3326 1680 3438 1748 ipse

1916 1777 2132 1845 quinam
2168 1776 2242 1828 illi
2272 1775 2399 1837 sint,
2428 1774 2522 1829 sed
2546 1782 2604 1827 ut
2634 1774 2732 1841 ipsi
2757 1773 2874 1841 igne
2902 1771 3225 1833 examinati,
3258 1772 3437 1839 splen-

222 1863 463 1931 Ὠσπερ
501 1861 616 1931 γὰρ
645 1863 703 1913 ὲν
733 1862 953 1932 ἀργύρῳ
978 1862 1231 1925 πολλάκις
1261 1864 1559 1934 εὑρίσκεται
1579 1864 1704 1927 ύλης
1725 1865 1803 1917 ἀλ-

1912 1867 2149 1920 didiores
2180 1881 2240 1918 ac
2268 1865 2518 1933 puriores
2535 1864 2777 1918 evadant.
2809 1862 3263 1930 Quemadmodum
3294 1862 3435 1914 enim

220 1953 470 2023 λοτρίας
502 1952 708 2021 μίγμα,
732 1952 760 2003 6
779 1954 912 2014 τέως
940 1952 1035 2021 μὲν
1059 1952 1305 2005 λανθάνει
1334 1954 1436 2024 πρὸ
1455 1954 1551 2023 τῆς
1571 1954 1812 2022 χωνείας,

221 2043 284 2094 ὲν
308 2043 373 2095 δὲ
409 2044 487 2112 τῇ
516 2040 763 2110 πυρώσει
788 2042 1124 2110 ,διελέγχεται
1156 2045 1248 2096 καὶ
1276 2044 1601 2113 διακρίνεται
1622 2062 1633 2075 '
1669 2044 1813 2112 μένει

221 2148 287 2183 τε
343 2131 550 2184 λοιπὸν
599 2131 763 2192 αὐτὸς
817 2131 1050 2201 καθαρὸς
1090 2133 1118 2183 6
1153 2133 1405 2203 ἄργυρος,
1439 2132 1691 2201 κρείττων
1723 2133 1814 2183 καὶ¹

223 2220 638 2291 λαμπρότερος
666 2219 905 2287 γεγονὼς
940 2224 1001 2272 ὲκ
1043 2222 1140 2290 τῆς
1173 2222 1483 2292 καθάρσεως
1502 2237 1516 2251 ·
1542 2222 1631 2273 τὸν
1657 2222 1812 2274 αὐτὸν

221 2310 450 2379 τρόπον
486 2310 585 2360 καὶ
610 2310 661 2360 οἱ
689 2308 781 2359 τοῦ
810 2309 941 2361 Θεοῦ
971 2309 1176 2380 ἄνδρες,
1201 2311 1322 2362 ὅσον
1346 2310 1615 2379 ἀλλότριον
1652 2310 1708 2361 ὲν
1748 2311 1811 2379 τῇ

220 2398 463 2452 ἑαυτῶν
512 2398 663 2467 ψυχῇ
712 2399 775 2449 ὲκ
818 2397 915 2465 τῆς
970 2400 1095 2468 περὶ
1139 2399 1236 2469 τὴν
1286 2400 1458 2468 σάρκα
1505 2398 1813 2468 συμπλοκῆς

220 2488 671 2556 ἐφειλκύσαντο,
695 2486 852 2538 τοῦτο
878 2490 983 2540 πᾶν
1012 2489 1068 2539 ὲν
1094 2491 1205 2551 τοῖς
1234 2489 1569 2558 πειρασμοῖς,
1594 2488 1813 2549 καὶτοῖς

224 2581 350 2630 κατ’
394 2577 598 2631 αὐτῶν
632 2577 1076 2645 ὲπανισταμένοις
1121 2577 1372 2647 διωγμοῖς
1402 2577 1811 2648 ἀπορύπτονται,

224 2666 357 2735 (sic)
396 2664 754 2734 πυρούμενοι
800 2665 889 2717 καὶ⁵
931 2664 1303 2735 καθαιρόμενοι
1344 2666 1429 2718 διὰ
1472 2667 1571 2735 τῆς
1608 2665 1811 2718 τοιᾶσδε

224 2756 503 2823 χωνείας,
539 2754 617 2815 ώς
647 2757 824 2806 πᾶσαν
856 2754 1144 2807 ἀποϐαλεῖν
1186 2756 1453 2826 ἁμαρτίας
1477 2757 1684 2825 κηλίδα,
1722 2757 1813 2825 ἦν-

222 2844 352 2894 τινά
402 2860 572 2904 ποτε,
602 2843 678 2903 ώς
711 2841 1000 2912 ἄνθρωποι,
1032 2843 1087 2894 ἐν
1124 2859 1259 2895 τισιν
1293 2844 1627 2914 ἐλαττώμασι
1666 2845 1815 2912 γενό-

229 2949 390 3000 μενοι
452 2933 918 3001 προσεκτήσαντο.
938 2933 1056 2985 Ἐπὶ
1088 2933 1287 2997 τούτοις
1329 2930 1419 2988 οὖν
1445 2935 1815 3008 εὐχαριστοῦν-

220 3040 341 3085 τες,
372 3024 587 3091 φασίν⁸
627 3025 780 3076 ιὌτι
818 3024 1139 3093 ἐδοκίμασας
1167 3025 1330 3093 ἡμᾶς,
1364 3026 1392 3075 6
1433 3024 1580 3087 Θεὸς,
1607 3024 1814 3093 ὲπύρω-

226 3132 331 3178 σας
362 3116 532 3185 ἡμᾶς
560 3114 636 3175 ώς
668 3113 929 3185 πυροῦται
956 3113 1016 3164 τὸ
1043 3112 1317 3183 ἀργύριον.
1348 3133 1365 3162 ι
1391 3114 1463 3164 Οὐ
1488 3113 1591 3182 γὰρ
1618 3113 1691 3174 ὡς
1717 3131 1812 3165 κα-

223 3205 453 3275 λάμην,
506 3203 620 3256 οὐδ’
655 3204 730 3266 ὡς
776 3204 981 3273 χόρτον,
1023 3203 1128 3256 οὐδ’
1152 3203 1226 3265 ὡς
1271 3203 1456 3272 ἑτέραν
1496 3201 1812 3274 εὔθραυστον

224 3296 368 3366 ὓλην
406 3294 717 3364 ὲπύρωσας
748 3296 910 3363 ἡμᾶς,
944 3294 1055 3347 ἀλλ’
1082 3294 1155 3356 ὡς
1180 3293 1453 3363 ἀργύριον,
1487 3294 1545 3345 τὸ
1574 3292 1680 3345 ἀπὸ
1716 3293 1812 3361 τῆς

222 3386 562 3455 πυρώσεως
592 3382 971 3452 καθαρώτερον
1001 3384 1332 3452 γιγνόμενον.
1375 3382 1496 3444 Πῶς
1522 3383 1576 3435 δὲ
1601 3381 1811 3453 ὲπυρώ-

220 3476 413 3545 θησαν
468 3472 812 3543 ὑφηγοῦνται
861 3474 1141 3541 λέγοντες·
1175 3490 1192 3521 ι
1230 3473 1527 3542 Εἰσήγαγες
1564 3474 1708 3542 ἡμᾶς
1735 3475 1812 3535 είς

220 3566 325 3635 τὴν
373 3562 619 3631 παγίδαο
668 3580 685 3613 ι
737 3562 872 3614 κατά
918 3562 972 3613 δὲ
1015 3562 1105 3613 τὸν
1141 3560 1402 3625 Ἀκύλαν,
1461 3580 1476 3610 ι
1514 3561 1811 3630 Εἰσήγαγες

221 3656 413 3725 ἡμᾶς,
454 3652 651 3721 φασιν,
685 3652 741 3702 ἐν
767 3651 1074 3720 ὀχυρώματι
1096 3668 1108 3681 ο
1142 3669 1160 3701 ι
1197 3649 1334 3702 κατά
1376 3649 1431 3701 δὲ
1468 3650 1558 3703 τὸν
1592 3649 1813 3718 Σύμμαη

223 3758 325 3808 χον
347 3779 364 3801 ,
412 3758 431 3789 ι
469 3738 781 3806 Είσήγαγες
810 3738 954 3805 ἡμᾶς
986 3736 1133 3799 ὲντδς
1161 3736 1497 3807 πολιορκίαςο
1540 3756 1558 3787 ι
1594 3736 1733 3790 κατὰ
1757 3736 1811 3788 δὲ

225 3830 335 3898 τὴν
387 3828 665 3896 πέμπτην
708 3824 941 3878 ἐκδοσιψ
976 3847 994 3876 ι
1025 3828 1327 3895 Εἰσήγαγες
1359 3829 1504 3896 ἡμᾶς
1538 3828 1614 3889 εἰς
1639 3843 1811 3896 περιο-

224 3920 359 3986 χήν.
398 3936 418 3967 ι
461 3914 632 3984 Δηλοῖ
650 3914 702 3965 δὲ
730 3913 817 3965 διὰ
842 3915 1040 3968 τούτων
1067 3919 1094 3967 6
1116 3916 1263 3984 λόγος
1292 3917 1508 3987 εἱρκτάς
1538 3918 1629 3970 καὶ
1654 3920 1811 3986 φυλα-

225 4007 334 4069 κάς
388 4008 500 4059 καὶ
550 4004 914 4075 δεσμωτήρια,
945 4008 1000 4057 ὲν
1031 4001 1109 4068 οἷς
1143 4007 1245 4077 πρὸ
1269 4007 1359 4059 τοῦ
1390 4007 1613 4059 θανάτου
1643 4009 1808 4060 κατά-

225 4097 492 4148 κλειστοι
528 4094 801 4163 γίγνονται
834 4099 881 4148 οἱ
923 4096 1015 4148 τοῦ
1053 4097 1183 4149 Θεοῦ
1218 4097 1511 4167 μάρτυρες·
1542 4098 1579 4151 ἃ
1618 4098 1679 4167 δὴ
1709 4118 1810 4152 πα-

224 4187 345 4250 γίδι
380 4187 594 4248 ἔοικεν,
622 4187 749 4238 εἵσω
767 4186 934 4255 αὐτῆς
961 4187 1297 4258 άπολαϐούσῃ
1320 4189 1379 4240 τὸ
1400 4188 1803 4259 τεθηρευμένον.

226 4275 474 4345 Ταύτης
506 4275 565 4326 δὲ
594 4276 691 4345 τῆς
718 4277 938 4344 παγίδος
964 4276 1256 4345 μέμνηνται
1276 4276 1367 4328 καὶ
1389 4262 1689 4346 ἅλλαχοῦδοί
1710 4280 1805 4330 αὐ-

224 4368 318 4418 τοὶ
363 4366 710 4434 φάσκοντεςο
750 4384 769 4415 ι
793 4366 854 4416 Ἥ
882 4364 1025 4433 ψυχὴ
1052 4365 1204 4434 ἡμῶν
1242 4367 1315 4427 ὡς
1346 4366 1613 4435 στρουθίον
1652 4367 1806 4438 ἐρρύ-

1913 1956 1965 2008 in
2010 1961 2227 2023 argento
2276 1955 2461 2009 aliena:
2504 1952 2741 2004 materia.-
2783 1953 3094 2020 plerumque
3137 1950 3439 2004 commistio

1911 2048 2193 2115 reperitur,
2221 2059 2339 2114 qua:
2367 2059 2496 2099 sane
2532 2044 2660 2097 latet
2688 2050 2971 2111 antequam
3002 2043 3055 2095 in
3088 2043 3434 2095 coullaturam

1911 2143 2235 2204 reponatur;
2264 2135 2390 2188 dum
2422 2141 2597 2187 autem
2625 2133 2745 2202 igne
2774 2130 3054 2193 conﬂatur,
3083 2139 3210 2184 tunc
3239 2132 3439 2185 discer-

1910 2228 2057 2281 nitur
2087 2233 2140 2281 et
2164 2225 2454 2295 probatur;
2491 2223 2772 2291 ipsumque
2801 2230 3080 2291 argentum
3105 2221 3317 2275 tandem
3339 2237 3433 2289 pu-

1909 2317 2047 2379 rius,
2080 2315 2417 2385 praestantius
2446 2329 2509 2367 ac
2545 2313 2874 2381 splendidius
2910 2328 2973 2366 ex
3007 2312 3319 2382 purgatione
3346 2327 3433 2366 re-

1910 2415 2089 2461 manet
2128 2424 2141 2460 :
2175 2406 2252 2460 sic
2279 2414 2332 2459 et
2363 2405 2462 2457 viri
2495 2403 2626 2468 Dei,
2659 2404 2704 2457 si
2731 2403 2854 2471 quid
2889 2403 3118 2456 alienum
3168 2402 3220 2455 in
3259 2400 3433 2453 anima

1912 2510 2009 2549 sua
2062 2511 2129 2551 ex
2176 2495 2358 2549 carnis
2405 2493 2778 2548 commistione
2842 2491 3237 2549 contraxerint.
3304 2489 3433 2542 illud

1910 2601 2067 2641 omne
2102 2586 2155 2639 in
2179 2586 2563 2640 tentationibus
2599 2594 2653 2640 et
2690 2584 3015 2638 instantibus
3047 2582 3433 2651 persecutioni-

1909 2676 2010 2730 bus
2031 2677 2363 2745 abstergunt,
2394 2677 2512 2745 igne
2538 2675 2823 2730 examinati
2852 2681 2907 2726 et
2934 2688 3029 2742 per
3056 2673 3216 2727 talem
3238 2670 3435 2725 conﬂa-

1910 2775 2084 2819 turam
2122 2768 2351 2836 purgati,
2384 2768 2455 2819 ita
2487 2773 2544 2818 ut
2583 2779 2793 2819 omnem
2840 2762 3041 2832 peccati
3068 2761 3240 2815 labem
3270 2761 3433 2831 depo—

1911 2865 2062 2916 nant,
2086 2872 2245 2926 quam
2272 2856 2579 2925 aliquando,
2610 2862 2791 2924 utpote
2816 2852 3079 2915 homines,
3114 2852 3167 2905 in
3194 2852 3432 2921 quaedam

1912 2946 2045 3016 lapsi
2086 2946 2296 3007 delicta,
2338 2945 2687 2999 admiserant.
2737 2943 2809 2998 De
2868 2944 2952 2997 his
3004 2942 3182 3010 itaque
3234 2940 3434 3011 gratias

1913 3045 2149 3105 agentes,
2180 3035 2363 3090 dicunt
2396 3053 2408 3088 :
2450 3054 2468 3085 ι
2503 3033 2766 3098 Quoniam
2799 3031 3039 3101 probasti
3067 3045 3168 3084 nos
3194 3068 3208 3093 ,
3255 3030 3431 3094 Deus;

1913 3124 2034 3191 igne
2068 3137 2166 3177 nos
2190 3121 2500 3177 examinasti
2528 3122 2665 3175 sicut
2704 3121 3039 3175 examinatur
3065 3132 3362 3190 argentum.
3411 3139 3431 3171 ι

1911 3210 2027 3263 Non
2050 3209 2191 3263 enim
2221 3216 2279 3261 ut
2310 3209 2509 3276 paleam
2532 3217 2583 3260 et
2608 3206 2807 3265 fenum,
2842 3220 3014 3273 neque
3043 3212 3101 3257 ut
3130 3206 3287 3257 aliam
3322 3205 3432 3257 ira-

1911 3300 2070 3369 gilem
2101 3299 2378 3353 materiam
2423 3312 2522 3353 nos
2568 3298 2689 3364 igne
2711 3295 3189 3358 examinasti;sed
3245 3303 3302 3348 ut
3348 3310 3432 3346 ar-

1912 3395 2148 3458 gentum,
2180 3389 2320 3457 quod
2350 3388 2417 3442 ab
2442 3389 2562 3457 igne
2593 3387 2778 3455 purius
2807 3387 3005 3441 evadit.
3030 3384 3306 3451 Quomodo
3338 3400 3432 3439 au-

1910 3488 2015 3533 tem
2063 3482 2184 3548 igne
2231 3480 2520 3533 examinati
2557 3479 2774 3538 fuerint,
2806 3477 2890 3531 his
2927 3478 3105 3532 verbis
3136 3487 3429 3531 euarrant:

1916 3587 1933 3619 ι
1970 3568 2230 3623 luduxisti
2259 3584 2357 3623 nos
2390 3569 2443 3622 in
2474 3570 2762 3639 laqueum;
2809 3587 2828 3619 ι
2864 3566 3157 3625 secundum
3182 3566 3429 3636 Aquilam

1909 3674 2032 3714 vero
2065 3678 2078 3713 :
2113 3678 2131 3710 ι
2166 3657 2426 3713 lndnxisti
2452 3675 2589 3726 nos,
2632 3660 2803 3723 aiunt,
2840 3660 2894 3712 in
2934 3659 3364 3725 munimentum;
3407 3676 3428 3710 ι

1909 3749 2199 3804 secundum
2224 3764 2350 3805 vero
2381 3748 2755 3819 Symmachum
2786 3767 2801 3803 :
2837 3768 2855 3801 ι
2884 3748 3149 3803 lnduxisti
3174 3763 3272 3804 nos
3293 3749 3432 3803 intra

1908 3838 2277 3907 obsidionem;
2308 3858 2327 3889 ι
2361 3838 2652 3894 secundum
2677 3839 2919 3907 quintam
2935 3838 3257 3893 editionem:
3293 3856 3313 3891 ι
3348 3836 3433 3892 ln-

1907 3928 2107 3983 duxisti
2137 3944 2238 3984 nos
2267 3930 2322 3982 in
2351 3929 2720 3983 munitionem.
2757 3947 2775 3979 ι
2809 3926 2905 3981 His
2927 3942 3088 3995 porro
3118 3928 3433 3997 signitlcam

1906 4026 1993 4071 tur
2021 4019 2317 4087 ergastula,
2345 4018 2631 4078 custodiae.
2659 4032 2903 4072 carceres
2950 4017 3004 4069 in
3042 4017 3239 4079 quibus
3283 4025 3432 4070 ante-

1905 4122 2064 4176 quam
2098 4109 2255 4162 morti
2284 4108 2581 4167 tradantur,
2613 4105 2853 4159 conclusi
2887 4104 3086 4172 degunt
3114 4103 3207 4157 Dei
3230 4115 3431 4173 marty-

1907 4211 1991 4250 res
2025 4214 2037 4249 :
2071 4211 2189 4264 quae
2216 4211 2343 4251 sane
2370 4197 2543 4264 laquei
2577 4197 2770 4250 similia
2804 4201 2949 4256 sunt,
2996 4208 3103 4261 quo
3148 4194 3432 4248 venatione

1905 4293 2056 4357 capta
2079 4285 2401 4341 detinentur.
2431 4285 2664 4354 Hujusce
2697 4285 2870 4353 laquei
2915 4283 3234 4338 mentionem
3272 4284 3430 4338 iidem

1904 4378 2028 4431 alibi
2060 4378 2260 4431 iaciunt
2281 4376 2520 4431 dicentes
2550 4395 2563 4430 :
2603 4394 2620 4425 ι
2654 4376 2844 4428 Anima
2869 4382 3053 4427 nostra
3082 4374 3221 4428 sicut
3248 4388 3431 4442 passer

230 4458 342 4528 σθη
378 4472 455 4511 εκ
482 4459 582 4525 τῆς
616 4457 841 4523 παγίδος
866 4456 971 4507 τῶν
999 4456 1359 4525 θηρευόντων·
1407 4458 1438 4526 ή
1487 4458 1649 4525 παγὶς
1694 4474 1803 4509 συν-

1909 4473 2085 4535 erepta
2112 4474 2194 4520 est
2220 4465 2286 4520 de
2314 4466 2502 4535 laqueo
2531 4466 2835 4519 venantium
2871 4482 2884 4517 :
2919 4464 3142 4530 laqueus
3167 4465 3442 4518 contritus.

228 4548 441 4618 ετρίὸη
474 4549 571 4600 καὶ
600 4548 762 4616 ἡμεῖς
790 4544 1145 4616 ὲρῤύσθημεν.
1181 4564 1199 4596 ι
1236 4545 1449 4615 Πρῶτον
1478 4546 1570 4614 μὲν
1620 4542 1710 4599 οὖν
1731 4548 1807 4608 είς

226 4636 335 4706 τὴν
370 4636 589 4702 παγίδα
618 4637 668 4688 οἱ
700 4634 1026 4704 πυρούμενοι
1051 4634 1375 4701 εἰσάγονται,
1402 4635 1433 4705 ἢ
1461 4636 1539 4697 είς
1579 4636 1639 4688 τὸ
1681 4635 1805 4705 ὀχύ-

236 4743 437 4795 ρωμα,
466 4726 498 4795 ἢ
524 4726 605 4787 εἰς
625 4725 723 4794 τὴν
753 4724 1029 4793 περιοχὴν,
1059 4723 1090 4792 ἢ
1120 4727 1198 4786 είς
1217 4725 1315 4792 τὴν
1338 4724 1641 4795 πολιορκίαν
1658 4742 1671 4755 ·
1692 4722 1806 4778 εἶτα

230 4812 506 4883 δεύτερον
532 4811 695 4866 ἆθλον
727 4809 1093 4877 ἀγωνίζονται,
1124 4811 1180 4863 ὂν
1192 4812 1505 4879 ὅιασαφοῦσι
1532 4814 1801 4881 λέγοντες·

236 4902 457 4954 «Ἕθου
490 4902 701 4970 θλίψεις
747 4901 840 4951 ἐπὶ
878 4901 966 4952 τὸν
1002 4900 1163 4953 νῶτον
1194 4901 1364 4970 ἡμῶν.
1397 4920 1414 4951 ι
1455 4904 1604 4956 Κατά
1632 4904 1687 4956 δὲ
1716 4904 1806 4957 τὸν

240 4990 492 5042 Ἀκύλαν
508 4991 679 5058 φασίν
695 5005 709 5018 ·
736 5006 755 5036 ι
769 4988 1004 5057 Ἔθηκας
1023 4991 1243 5059 τρισμὺν
1264 4992 1319 5042 ὲν
1340 4991 1414 5059 τῷ
1434 4992 1582 5063 νώτῳ
1595 4995 1765 5063 ἡμῶν·
1781 5015 1797 5044 ι

231 5077 382 5127 κατά
418 5076 476 5127 δὲ
503 5079 599 5129 τὸν
632 5074 950 5142 Σύμμαχον·
986 5078 1253 5147 «Ἔθηκας
1281 5077 1540 5131 κύκλωσιν
1562 5085 1625 5150 τῇ
1649 5084 1804 5151 ὀσφύϊ

225 5165 417 5230 ἡμῶν,
454 5186 471 5216 ι
504 5161 753 5232 Δηλοῦσι
776 5162 835 5213 δὲ
854 5163 938 5216 διὰ
960 5165 1156 5218 τούτων
1176 5166 1271 5227 τὰς
1293 5167 1427 5225 κατὰ
1444 5169 1536 5221 τοῦ
1562 5170 1803 5240 σώματος

232 5252 478 5320 πληγὰς,
512 5253 583 5313 ἃς
616 5249 815 5318 ἐδήλου
847 5252 1165 5323 σαφέστερον
1199 5256 1227 5306 6
1262 5256 1571 5321 Ἀπὸστολος
1596 5261 1761 5327 λέγων
1786 5280 1799 5293 ·

237 5356 257 5388 ι
288 5340 431 5408 Τρὶς
474 5335 871 5408 ἐρραὁδίσθην,
898 5339 1038 5403 ἅπαξ
1077 5343 1377 5411 ἐλιθάσθην,
1411 5346 1512 5397 ὑπὸ
1545 5348 1803 5404 Ἰουδαίων

233 5430 663 5497 τεσσαράκοντα
695 5424 849 5491 παρὰ
871 5427 991 5494 μίαν
1021 5430 1228 5484 ἔλαὸον.
1261 5452 1277 5481 ι
1310 5433 1458 5485 Μετά
1493 5435 1547 5486 δὲ
1581 5436 1676 5499 τὰς
1702 5441 1804 5509 είρ-

228 5516 368 5578 κτὰς
398 5516 495 5567 καὶ
527 5513 638 5571 τὰς
685 5510 832 5561 κατὰ
876 5516 973 5566 τῶν
1021 5519 1203 5572 νώτων
1232 5520 1263 5589 ἢ
1297 5521 1435 5572 κατά
1462 5524 1568 5578 τῶν
1597 5525 1803 5593 ὀσφύων

323 5687 367 5718 ⁸⁷
391 5686 547 5741 Psal.
586 5696 795 5745 cxxm,
824 5684 870 5740 7.
940 5690 984 5722 ⁸⁸
1026 5692 1074 5745 ll
1109 5695 1230 5752 Cor.
1263 5713 1336 5759 ιι,
1370 5698 1463 5754 25.

1906 4564 2009 4616 est,
2040 4560 2093 4606 et
2121 4569 2219 4607 nos
2248 4554 2455 4607 liberati
2488 4568 2672 4607 sumus
2696 4553 2763 4608 ⁸⁷.
2807 4571 2824 4604 ι
2858 4536 3041 4606 Primi)
3072 4554 3284 4621 quidem
3337 4554 3431 4621 qui

1906 4641 2026 4710 igne
2055 4643 2449 4705 examinantur,
2492 4643 2545 4695 in
2593 4642 2838 4710 laqueum
2875 4641 3203 4696 inducuntur
3235 4643 3346 4697 sive
3375 4645 3429 4697 in

1904 4733 2230 4801 pmsidium,
2281 4734 2335 4786 in
2382 4733 2733 4786 munitionem
2788 4741 2880 4785 aut
2936 4733 2991 4786 in
3050 4733 3425 4799 obsidionem;

1904 4822 2139 4877 secundo
2167 4831 2434 4877 certamen
2460 4825 2690 4890 obeunt;
2718 4825 2857 4893 quod
2886 4824 3187 4894 signiﬁcant
3216 4826 3299 4880 his
3322 4841 3430 4880 ver-

1902 4911 1987 4965 bis
2023 4930 2036 4964 :
2072 4930 2091 4963 ι
2129 4912 2361 4967 Posuisti
2412 4913 2783 4967 tribulationes
2827 4914 2879 4966 in
2931 4915 3092 4967 dorso
3153 4926 3376 4982 nostro;
3405 4937 3433 4968 ι.

1903 5002 2196 5057 seeundum
2227 5003 2470 5072 Aquilam
2500 5017 2628 5056 vero
2655 5003 2875 5057 dicunt:
2911 5022 2929 5054 ι
2962 5002 3192 5057 Posuisti
3222 5007 3427 5060 contri-

1902 5093 2100 5147 tionem
2128 5095 2183 5147 in
2212 5093 2372 5148 dorso
2389 5103 2609 5157 nostro;
2641 5112 2659 5144 ι
2695 5093 2987 5147 secundum
3010 5092 3385 5161 Symmachum
3410 5118 3422 5151 :

1906 5201 1925 5233 ι
1958 5182 2195 5237 Posuisti
2225 5183 2481 5236 circulum
2515 5181 2711 5234 lumbis
2750 5182 2970 5235 nostris.
3010 5200 3027 5231 ι
3065 5180 3159 5235 His
3183 5199 3309 5238 vero
3337 5186 3428 5238 de-

1901 5273 2109 5327 clarant
2135 5270 2361 5326 inﬂictas
2396 5270 2602 5337 corpori
2627 5268 2830 5336 plagas,
2852 5284 2986 5337 quas
3014 5270 3252 5337 apertius
3268 5288 3425 5325 enar-

1900 5362 2041 5415 ravit
2088 5361 2373 5430 Apostolus
2416 5359 2598 5412 dicens
2628 5376 2640 5410 :
2679 5376 2697 5408 (
2729 5359 2834 5411 Ter
2863 5359 3028 5427 virgis
3060 5373 3233 5414 caesus
3280 5377 3420 5423 smn,

1903 5450 2068 5505 semel
2094 5450 2355 5518 lapidatus
2385 5461 2523 5505 sum,
2566 5460 2596 5498 a
2638 5445 2837 5501 Judzeis
2892 5446 3263 5516 quadragenas
3323 5466 3424 5503 uua

1902 5541 2083 5595 minus
2111 5538 2369 5595 accepi“.
2403 5554 2424 5589 ι
2456 5534 2581 5589 Post
2602 5550 2868 5601 carceres,
2896 5546 3017 5606 post
3041 5537 3225 5605 plagas
3264 5541 3426 5597 dorso
