3818 6370
192 423 330 481 665
1385 410 1700 480 (ΞΟΜΜΕΝἸ

1981 426 1989 479 Ι
2025 425 2355 480 PSALMOS.
3390 435 3489 490 666

226 539 243 554 η
257 518 505 589 Ἀδελφά
538 537 657 596 γαρ
699 542 772 584 αν
810 536 905 607 εἴη
946 539 1109 592 ταῦτα
1131 551 1238 589 των
1262 537 1348 592 διὰ
1371 539 1479 592 τῶν
1512 532 1646 607 μετά
1670 536 1734 602 κε’

1978 530 2117 593 sunt:
2145 558 2162 589 ι
2198 538 2297 603 Qui
2337 540 2519 607 posuit
2545 530 2780 589 animam
2807 554 2974 595 meam
3007 541 3069 595 ad
3096 541 3276 604 vitam,
3305 550 3356 596 et
3384 558 3486 595 non

240 611 590 701 φασκόντων
611 634 626 647 ο
665 637 685 669 ι
717 622 837 676 Τοῦ
871 627 1092 698 θεμένου
1119 626 1211 697 τὴν
1240 630 1415 701 ψυχήν
1452 646 1550 701 μου
1583 627 1659 689 εἰς
1688 623 1748 688 Cu

1978 631 2102 683 ledit
2160 631 2211 683 in
2273 626 2694 683 commotionem
2753 629 2913 696 pedes
2974 646 3177 698 meos;
3219 651 3237 683 ι
3281 648 3343 686 ac
3370 649 3486 687 rur-

250 710 375 760 κσλ
406 700 483 775 μὴ
520 703 711 771 δόντος
749 713 835 775 είς
876 716 1031 768 σάλον
1076 715 1197 777 τοὺς
1228 700 1387 778 πόδας
1415 733 1510 785 μου
1530 732 1543 744 ·
1586 733 1603 763 ι
1634 711 1723 764 καὶ
1755 735 1758 745 ·

1978 735 2073 772 sum
2112 737 2124 772 ε
2166 737 2184 770 ι
2221 719 2283 770 Et
2308 716 2543 772 eduxisti
2573 728 2673 769 nos
2703 716 2754 769 in
2790 719 3145 788 refrigerium.
3185 740 3204 772 ι
3247 721 3346 787 Qui
3392 736 3486 773 au-

258 797 374 851 λιν
391 813 404 827 ·
435 814 453 847 ι
478 796 594 851 Καὶ
627 798 907 869 ἐξήγαγες
939 806 1081 873 ἡμᾶς
1109 806 1184 867 εἰς
1208 806 1499 875 ἀναψυχήν.
1526 806 1586 858 Οἱ
1613 802 1669 855 δὲ
1698 803 1756 855 ὲν

1977 824 2057 862 em
2097 810 2415 877 superstites
2440 804 2638 859 servati
2678 816 2823 869 sunt,
2854 810 3275 877 restinctumque
3305 826 3485 879 perse-

261 890 395 961 βίῳ
442 889 857 961 πεφυλαγμένοι
910 898 1001 949 καὶ
1047 896 1142 967 τὴν
1183 896 1273 948 τοῦ
1316 894 1546 965 διωγμοῦ
1589 902 1769 963 πυρκα

1974 899 2184 952 :utionis
2214 897 2521 951 incendium
2546 895 2813 959 viderunt,
2840 899 2890 951 in
2919 898 3153 966 jucunda
3185 915 3314 968 pace
3354 916 3482 954 con-

257 979 728 1033 ἀποσὸεσθεῖσαν
769 982 1107 1052 τεθεαμένοι,
1140 984 1194 1035 ὲν
1238 986 1423 1055 εἰρήνη
1470 983 1662 1051 φαιδρᾷ
1690 998 1765 1032 και

1972 986 2146 1051 ίιίιιιιί,
2191 985 2531 1054 refrigerium
2579 985 2722 1037 nacti
2759 994 2904 1047 sunt,
2942 996 2994 1040 et
3042 988 3093 1039 in
3134 990 3480 1057 tranquillum

254 1072 541 1134 στάντες,
569 1072 671 1141 τῆς
709 1071 993 1142 ἀναψυχῆς
1033 1073 1238 1142 ἔτυχον,
1263 1074 1353 1124 καὶ
1375 1076 1451 1135 εἰς
1479 1071 1644 1123 εῦδιον
1666 1069 1759 1138 λιμ

1973 1084 2162 1129 tortum
2204 1076 2453 1143 ingressi,
2481 1082 2601 1144 post
2640 1075 3064 1143 persecutionem
3117 1076 3296 1129 lwtitia
3338 1076 3481 1131 frue-

250 1162 759 1232 καταντήσαντες,
792 1164 887 1215 καὶ
920 1163 1015 1231 τῆς
1053 1164 1185 1232 μετὰ
1215 1163 1305 1215 τοῦ
1327 1160 1559 1231 διωγμοῦ
1587 1163 1758 1230 εὐφροι

1966 1175 2160 1219 tantur.
2205 1164 2343 1219 Sane
2388 1167 2654 1233 intelligas
2712 1181 2812 1233 qua
2866 1168 3071 1218 ratione
3112 1166 3199 1218 hic
3231 1167 3474 1221 dicatur:

245 1268 379 1319 νης
410 1251 848 1313 ἀπολαύσαντες.
883 1253 1109 1319 Νοήσεις
1137 1253 1191 1305 δὲ
1220 1255 1360 1314 ὅπως
1388 1253 1592 1323 εἴρηται
1623 1253 1753 1303 εντα

2005 1254 2309 1321 lmposuisti
2344 1255 2586 1307 homines
2613 1269 2775 1321 super
2798 1254 2974 1321 capita
3006 1263 3211 1316 nostra,
3245 1274 3262 1305 ι
3294 1254 3337 1307 si
3368 1254 3477 1309 haec

248 1342 359 1393 té'
379 1360 397 1391 ι
423 1342 805 1405 Ἐπεὸίὸασας
826 1342 921 1394 ἀνθ
931 1343 1136 1413 ρώπους
1158 1345 1248 1396 ἐπὶ
1270 1343 1365 1405 τὰς
1387 1343 1619 1410 κεφαλὰς
1638 1343 1756 1412 ἡμῶ

1968 1343 2190 1398 :onferas
2224 1360 2345 1397 cum
2377 1345 2476 1397 hoc
2506 1346 2728 1399 alterius
2759 1344 2947 1413 psalmi
2982 1344 3126 1397 dicto
3156 1362 3169 1397 :
3206 1362 3224 1394 ι
3252 1343 3313 1396 Et
3335 1359 3476 1397 nunc

243 1432 558 1502 παραθεὶς
594 1433 658 1485 τὸ
687 1434 745 1483 ὲν
780 1433 949 1503 ἑτέρῳ
978 1433 1282 1503 εἰρημένον·
1330 1452 1347 1483 ι
1376 1433 1484 1483 Καὶ
1528 1431 1619 1483 νῦν
1670 1432 1751 1499 ὕψι

1967 1434 2195 1487 :xaltavit
2216 1442 2374 1501 caput
2402 1449 2576 1488 meum
2603 1449 2763 1502 super
2785 1434 3030 1487 inimicos
3060 1434 3475 1487 meos.Circuivi

240 1522 532 1592 κεφαλήν
571 1539 677 1591 μου
714 1522 806 1573 ἐπὶ
844 1521 1066 1591 ἐχθρούς
1102 1539 1217 1591 μου.
1238 1521 1544 1574 Ἐκύκλωσα
1569 1523 1660 1573 καὶ
1684 1522 1748 1572 ἔθ’

1974 1530 1991 1573 t
2022 1522 2290 1575 immolavi
2345 1522 2399 1574 in
2448 1522 2794 1574 tabernaculo
2825 1532 2916 1575 tuo
2947 1521 3176 1575 hostiam
3205 1521 3477 1589 jubilatio-

238 1614 323 1664 ὲν
356 1615 427 1682 τῇ
456 1615 641 1681 σκηνῇ
676 1628 768 1664 σου
805 1612 990 1664 Θυσίαν
1014 1612 1342 1681 ἀλαλαγμοῦ.
1374 1604 1606 1681 »Ὥσπερ
1624 1610 1729 1681 γὰρ

1964 1605 2107 1659 Iis".
2146 1625 2165 1657 ι
2218 1606 2676 1670 Quemadmodum
2719 1609 2859 1661 enim
2907 1608 3297 1677 persecutionis
3337 1618 3472 1663 tem-

237 1702 337 1755 τὰ
384 1704 520 1763 τοὺς
571 1700 684 1753 τῶν
733 1700 983 1770 διωγμῶν
1026 1702 1241 1772 καιροὺς
1274 1701 1613 1771 ἐπανίστησιν
1657 1703 1683 1751 ὁ
1715 1702 1745 1751 Θ

1966 1710 2067 1750 »ονε
2093 1698 2317 1766 imponit
2347 1697 2487 1753 Deus
2512 1699 2756 1753 homines
2787 1715 2947 1767 super
2972 1700 3145 1768 capita
3168 1708 3368 1762 nostra,
3401 1700 3474 1753 ita

236 1793 608 1864 ἀνθρώπους
638 1794 730 1845 ἑπὶ
748 1793 845 1857 τὰς
866 1793 1099 1862 κεφαλὰς
1119 1794 1150 1862 ἡ
1159 1792 1290 1862 μῶν,
1312 1792 1449 1844 οὕτω
1484 1792 1617 1860 μετά
1656 1792 1744 1843 ταῦ

1966 1796 2224 1855 iostquam
2251 1787 2432 1841 eduxit
2463 1803 2561 1843 nos
2592 1790 2644 1841 in
2677 1789 3041 1858 refrigerium,
3075 1790 3274 1843 exaltat
3300 1791 3474 1859 capita

233 1886 354 1936 ὅτε
388 1886 674 1955 ἐξήγαγεν
702 1884 849 1952 ἡμᾶς
889 1884 968 1944 εἰς
1009 1881 1302 1950 ἀναψυχὴν,
1333 1881 1454 1949 ὑψοϊ
1481 1880 1577 1942 τάς
1610 1897 1741 1947 κεφα

1966 1885 2123 1928 iostra
2174 1891 2335 1943 super
2384 1877 2631 1931 inimicos
2675 1886 2908 1932 nostros.
2959 1876 3122 1947 quue
3166 1879 3474 1949 prophetice

234 1976 428 2044 ἡμῶν
452 1976 554 2026 ἑπὶ
583 1974 712 2035 τοὺς
741 1972 964 2042 ἐχθροὺς
987 1972 1159 2041 ἡμῶν.
1186 1973 1293 2023 Καὶ
1324 1969 1475 2024 τοῦτο
1503 1988 1742 2041 προφητιε

1966 1963 2242 2017 leclarabat
2286 1964 2377 2031 qui
2423 1963 2557 2016 dixit
2594 1982 2606 2016 :
2646 1982 2665 2014 ι
2707 1966 2770 2017 Et
2813 1981 2957 2018 nunc
3011 1966 3265 2018 exaltavit
3314 1974 3474 2035 caput

232 2067 465 2136 ἐδήλου
493 2069 523 2119 ὁ
546 2066 756 2135 φήσας·
800 2083 818 2114 ι
846 2064 955 2116 Καὶ
983 2064 1073 2116 νῦν
1104 2062 1280 2132 ὖψωσε
1329 2063 1562 2132 κεφαλήν
1610 2079 1706 2131 μου

1962 2067 2113 2105 neum
2167 2068 2328 2121 super
2374 2054 2622 2107 inimicos
2669 2070 2839 2110 meos.
2888 2054 3125 2109 lntroibo
3162 2058 3213 2108 in
3255 2057 3470 2109 domum

232 2156 506 2226 ἐχθρούς
542 2172 667 2225 μου.
702 2153 1091 2222 Εἱσελεύσομαι
1122 2155 1199 2215 είς
1223 2152 1313 2204 τὸν
1344 2148 1488 2205 οἶκόν
1523 2169 1611 2204 σου
1637 2154 1693 2204 ἑν
1726 2155 1740 2204 ἐ

1963 2156 2080 2192 nam
2128 2142 2182 2193 in
2222 2142 2571 2196 holocaustis.
2608 2163 2626 2193 ›
2662 2142 2795 2195 Nam
2856 2145 3028 2196 sancti
3072 2144 3164 2198 Dei
3208 2153 3471 2214 martyres

232 2245 661 2314 καυτώμασιν.
703 2264 720 2295 ι
758 2245 820 2296 υἱ
858 2243 954 2313 μὲν
982 2244 1086 2312 γὰρ
1119 2244 1258 2309 ἅγιοι
1279 2242 1369 2294 τοῦ
1399 2242 1529 2295 Θεοῦ
1573 2243 1740 2313 μάρτυ

1962 2238 2056 2283 lost
2106 2246 2318 2300 magna,
2373 2247 2492 2300 qua:
2546 2233 2942 2297 sustinuerunt,
2999 2234 3324 2295 certamina,
3373 2250 3470 2302 per

238 2335 411 2404 μετά
444 2334 578 2395 τοὺς
608 2332 875 2403 μεγάλους
903 2331 1107 2392 ἄθλους,
1138 2331 1229 2393 οὓς
1253 2332 1711 2401 ὑπομεμενήκασι,

1960 2337 2110 2391 gnem
2153 2331 2207 2376 et
2258 2338 2449 2392 aquam
2498 2327 2859 2394 transgressi,
2905 2327 2958 2378 in
3003 2325 3341 2393 refrigerium
3380 2339 3468 2378 re-

238 2424 445 2494 πυρὸς
500 2423 600 2474 καὶ
645 2421 835 2482 ὕδατος
858 2418 1166 2480 διελθόντες,
1194 2421 1270 2481 είς
1294 2419 1564 2487 ἀναψυχὴν
1600 2417 1746 2487 παρεῖ

1957 2413 2072 2480 εει)ιὶ
2114 2421 2260 2466 sunt.
2293 2412 2493 2467 Deinde
2532 2414 2697 2483 petita
2741 2415 2828 2467 illa
2869 2416 3076 2469 cmlesti
3113 2430 3175 2468 ac
3204 2430 3328 2469 vera
3370 2414 3465 2470 Dei

238 2512 508 2581 φθησαν.
549 2506 688 2562 Εἶτα
716 2509 806 2561 τὸν
829 2508 1140 2577 ἐπουράνιον
1168 2505 1258 2557 τοῦ
1285 2505 1414 2557 Θεοῦ
1437 2500 1579 2557 οἶκον
1599 2504 1686 2556 τὸν
1715 2506 1746 2556 ἀ

1956 2501 2111 2565 lomo,
2145 2504 2293 2555 aiunt
2327 2522 2339 2556 :
2378 2521 2396 2553 ι
2431 2503 2737 2557 lntroiboin
2770 2505 2985 2557 domum
3022 2512 3169 2557 tuam
3211 2506 3265 2557 in
3312 2506 3464 2558 holo-

238 2598 411 2652 θινὸν
459 2592 851 2657 ἀπολαϐόντες,
902 2595 1094 2663 φασίν’
1153 2612 1170 2643 ι
1207 2592 1584 2661 Εἰσελεύσομαι
1630 2593 1708 2653 εἰς
1745 2616 1746 2624 ι

1955 2592 2151 2645 :austis.
2191 2610 2210 2641 ι
2266 2590 2458 2661 Utpote
2506 2594 2648 2646 enim
2692 2595 2782 2661 qui
2831 2608 2925 2664 per
2980 2596 3152 2663 ignem
3184 2603 3236 2647 et
3274 2609 3463 2663 aquam

234 2684 413 2740 οἶκόν
448 2705 547 2741 σου
593 2690 652 2738 ἑν
696 2685 1122 2753 όλοκαυτώμασι.
1151 2702 1168 2733 ι
1188 2684 1274 2745 Ὠς
1297 2682 1402 2752 γὰρ
1429 2682 1515 2734 διὰ
1546 2682 1711 2751 πυρὸς

1958 2677 2264 2742 ransierinl,
2295 2678 2606 2735 holocausta
2642 2696 2759 2745 sua,
2786 2682 2937 2750 queis
2972 2682 3284 2750 martyrium
3317 2684 3462 2750 passi

235 2778 459 2840 Εδατος
496 2777 819 2839 διελθόντες,
846 2774 913 2827 τὰ
956 2773 1155 2827 ἑαυτῶν
1197 2772 1625 2841 ὁλοκαυτώματα,
1660 2774 1715 2823 ὲν

1959 2774 2054 2818 unt
2101 2768 2268 2821 instar
2305 2768 2493 2823 hostia:
2536 2771 2642 2823 Deo
2671 2786 2771 2826 suo
2791 2770 3243 2834 offerunt,‘multa
3290 2772 3370 2825 usi
3407 2773 3463 2826 in

233 2867 687 2937 ἐμαρτύρησαν,
717 2865 869 2934 δίκην
906 2863 1089 2926 θυσίας
1129 2862 1204 2931 τῷ
1247 2861 1447 2913 ἑαυτῶν
1472 2860 1741 2931 προσφέρο

1954 2856 2176 2911 ιΓεείὺυδ
2203 2856 2494 2913 fundendis
2527 2858 2739 2914 fiducia.
2772 2860 3011 2915 Orabant
3046 2862 3241 2931 quippe
3266 2870 3323 2915 ut
3345 2878 3462 2917 cer—

234 2956 402 3024 Θεῷ,
443 2954 622 3023 πολλῇ
655 2954 935 3023 παρρησίᾳ
966 2951 1228 3022 χρώμενοι
1264 2953 1344 3018 ἐφ’
1367 2946 1451 3012 αἷς
1483 2949 1708 3019 ηῦξαντο

1952 2944 2127 2997 amina
2162 2946 2378 3011 inirent,
2406 2947 2505 3001 hac
2545 2950 2667 3001 data
2692 2950 3072 3018 promissione,
3116 2966 3173 3005 se
3198 2967 3366 3020 usque
3395 2953 3460 3005 ad

237 3047 408 3112 χαῖς.
426 3042 683 3106 Ηῦξαντο
710 3040 767 3092 δὲ
796 3038 1175 3106 ἀγωνίσασθαι,
1190 3039 1279 3090 καὶ
1299 3037 1495 3108 ταύτην
1515 3038 1745 3107 ἑποιήσα·

1955 3043 2148 3088 nortem
2184 3051 2281 3105 pro
2310 3038 2505 3105 pietate
2535 3047 2854 3095 certaturos.
2892 3039 3085 3109 Utpote
3112 3057 3240 3097 vero
3258 3059 3315 3097 re
3331 3044 3463 3098 bene

233 3134 353 3200 τὴν
404 3130 773 3197 ἐπαγγελίαν,
804 3129 864 3181 τὸ
902 3130 1059 3199 μέχρι
1108 3127 1332 3180 θανάτου
1381 3128 1517 3198 ὑπὲρ
1556 3128 1738 3179 εύσεὸε

1556 3127 1827 3189 εὐσεϐείας
1924 3135 2071 3193 gesta
2103 3140 2199 3194 pro
2229 3142 2331 3195 qua
2359 3130 2558 3197 precati
2588 3128 2821 3192 fuerant,
2847 3130 3062 3184 dicunt:

228 3226 515 3295 ἀθλῆσαι.
549 3226 639 3286 Ὠς
658 3219 751 3275 οὖν
776 3220 1187 3293 κατωρθωκότες
1218 3219 1355 3289 ειπερ
1380 3218 1627 3287 ηὔξαντο,
1647 3218 1823 3287 φασίνο
1853 3215 1894 3270 C

319 3353 345 3387 α
376 3333 680 3387 Ἀποδώσω
703 3331 893 3394 σοιτὰς
908 3331 1067 3399 εὐχάς
1094 3348 1212 3400 μου,
1238 3331 1300 3391 ἃς
1315 3329 1565 3381 διέστειλε
1588 3329 1653 3382 τά
1674 3329 1822 3399 χείλη

1993 3324 2157 3382 Vens.
2193 3327 2277 3389 M,
2320 3328 2403 3381 l5.
2435 3345 2453 3377 ι
2488 3327 2723 3381 Reddam
2754 3326 2851 3380 tibi
2881 3336 3004 3381 vota
3025 3343 3162 3391 mea,
3192 3345 3310 3398 qua:
3342 3332 3457 3386 dis-

229 3444 361 3498 μου
382 3443 397 3456 ·
438 3426 537 3478 καὶ
573 3424 799 3493 ἑλάλησε
830 3421 891 3474 τὸ
924 3422 1094 3491 στόμα
1128 3438 1227 3493 μου
1261 3423 1316 3473 ἑν
1346 3422 1409 3490 τῇ
1444 3420 1614 3488 θλίψει
1654 3437 1737 3488 μοι

1948 3416 2194 3468 inxerunt
2232 3417 2376 3469 labia
2417 3431 2568 3469 mea:
2599 3424 2651 3471 et
2689 3416 2928 3469 locutum
2958 3424 3041 3471 est
3089 3433 3151 3472 os
3200 3434 3376 3472 meum
3401 3420 3456 3471 in

226 3516 397 3568 Κατ’
433 3512 613 3573 αὐτὰς
645 3511 752 3580 γὰρ
780 3510 877 3570 τὰς
908 3509 1109 3577 θλίψεις
1129 3548 1142 3571 ,
1178 3509 1302 3579 περὶ
1329 3501 1401 3561 ὧν
1435 3508 1682 3577 ἀνωτέρω
1714 3507 1734 3558 ἔ

1949 3504 2264 3557 ribulatione
2312 3520 2481 3558 mea.»
2524 3505 2579 3557 In
2632 3506 2766 3573 ipsis
2822 3520 3053 3573 namque
3099 3506 3457 3560 tribulationi-

222 3621 343 3671 γον
371 3619 386 3633 ο
428 3621 448 3653 ι
476 3601 648 3653 Ἔθου
677 3599 879 3668 θλίψεις
908 3600 998 3650 ἐπὶ
1030 3598 1119 3651 τὸν
1141 3598 1304 3650 νῶτον
1323 3597 1495 3666 ἡμῶν,
1522 3616 1539 3647 ι
1572 3597 1667 3667 τὴν
1693 3616 1730 3648 π

1949 3606 2042 3654 ιυε,
2076 3592 2141 3645 de
2162 3592 2357 3661 quibus
2389 3607 2549 3661 supra
2584 3594 2873 3648 dicebant:
2913 3612 2929 3643 ι
2963 3593 3197 3648 Posuisti
3228 3597 3457 3649 tribula-

220 3694 337 3746 τὸν
363 3692 504 3746 Θεὸν
529 3691 753 3758 ἀγάπην
771 3689 975 3740 τελείαν
998 3689 1089 3741 καὶ
1108 3688 1294 3757 ὁλόκλη
1304 3705 1393 3757 ρον
1413 3687 1645 3739 ὲνδεικνύ
1655 3705 1728 3757 με’

1946 3681 2094 3735 iones
2148 3683 2199 3734 in
2254 3684 2417 3737 dorso
2468 3691 2709 3746 nostro,»
2765 3684 3057 3752 perfectam
3089 3697 3143 3740 et
3188 3687 3450 3756 integram

223 3784 421 3853 εὐχάς
448 3780 694 3835 ἐτίθεντο
723 3779 814 3831 καὶ
842 3778 1162 3845 ἐπαγγελίας
1186 3776 1456 3829 ἐποιοῦντο
1484 3777 1638 3846 μέχρι
1660 3776 1731 3828 θαε

1947 3787 2042 3840 rga
2074 3771 2237 3826 Deum
2265 3774 2581 3827 charitatem
2615 3774 2953 3840 exhibentes,
2986 3790 3172 3843 preces
3217 3776 3455 3831 eﬂ‘unde-

222 3892 341 3928 του
379 3870 649 3939 ἐνστῆναι
669 3908 683 3931 ,
718 3869 990 3938 μονονουχὶ
1020 3868 1215 3937 ὁμοίως
1241 3866 1316 3937 τῷ
1339 3866 1528 3935 Παύλῳ
1544 3867 1727 3934 λέγοντ

1950 3877 2049 3922 iant
2083 3882 2135 3924 et
2164 3870 2427 3937 promissa
2457 3870 2677 3930 dabant,
2713 3885 2769 3923 se
2798 3868 2865 3921 ad
2893 3876 3116 3923 mortem
3147 3886 3317 3939 usque
3345 3885 3458 3940 perv

226 3987 247 4018 ι
278 3965 397 4027 Τίς
436 3963 592 4033 ἡμᾶς
621 3961 841 4031 χωρίσει
874 3960 978 4013 ἀπὸ
1006 3962 1102 4030 τῆς
1135 3960 1348 4028 ἀγάπης
1374 3958 1465 4011 τοῦ
1485 3946 1665 4021 ’Θεοῦς
1708 3960 1734 4009 θ

1944 3967 2284 4025 everaturos,
2332 3968 2540 4014 tantum
2608 3977 2713 4015 non
2763 3962 3004 4017 dicentes
3071 3978 3194 4016 cum
3252 3963 3452 4019 Paulo:

218 4057 365 4126 ψις,
396 4054 431 4123 ἢ
469 4050 823 4119 στενοχωρία,
855 4050 887 4120 ἢ
922 4050 1173 4118 διωγμὸς,
1206 4050 1238 4119 ἦ
1269 4049 1440 4118 λιμὸς,
1469 4048 1500 4117 ἦ
1531 4049 1726 4118 γυμνότ

1965 4048 2097 4114 Quis
2118 4065 2218 4104 nos
2251 4052 2521 4120 separabit
2549 4066 2579 4104 a
2610 4052 2873 4105 charitate
2906 4051 3036 4104 Dei?
3056 4052 3354 4115 tribulatio,
3388 4069 3456 4107 an

217 4148 259 4218 ἢ
304 4145 625 4205 κίνδυνος»
652 4141 763 4192 καί’
790 4140 1117 4209 «Πέπεισμαι
1144 4141 1272 4209 γὰρ,
1302 4141 1381 4193 ὅτι
1429 4139 1548 4194 οὔτε
1577 4138 1725 4191 θάναει

1952 4140 2187 4208 ngustia,
2215 4156 2281 4192 an
2310 4142 2634 4208 persecutio,
2671 4156 2740 4193 an
2786 4140 2976 4203 fames,
3011 4154 3078 4193 an
3111 4141 3352 4203 nuditas,
3384 4156 3454 4193 an

215 4236 374 4291 οὔτε
403 4233 546 4301 ζωὴ,
580 4230 703 4283 οὔτε
736 4229 1000 4282 ἐνεστῶτα
1019 4270 1033 4293 ,
1067 4230 1188 4283 οὔτε
1219 4226 1470 4300 μέλλοντα
1494 4270 1508 4292 ,
1540 4230 1723 4299 δυνήσε

2044 4230 2213 4283 culum
2236 4231 2320 4282 7'?
2345 4248 2364 4281 ι
2401 4238 2487 4284 et:
2520 4250 2537 4279 ι
2560 4230 2750 4284 Certus
2781 4245 2899 4285 sum
2922 4230 3085 4293 enim,
3119 4230 3261 4298 quod
3282 4245 3454 4298 neque

214 4327 399 4399 ἡμᾶς
424 4321 663 4393 χωρίσαι
695 4320 802 4371 ἀπὸ
832 4320 929 4388 τῆς
959 4320 1175 4390 ἀγάπης
1204 4319 1297 4373 τοῦ
1329 4320 1459 4372 Θεοῦ
1485 4319 1581 4387 τῆς
1604 4321 1660 4371 ἑν
1687 4319 1722 4371 Χ

1944 4333 2082 4380 nors,
2124 4332 2298 4387 neque
2325 4318 2456 4382 vita,
2489 4335 2662 4386 neque
2707 4318 3009 4387 praesentia,
3046 4332 3220 4386 neque
3267 4316 3452 4369 futura

214 4412 359 4483 στῷ
400 4408 604 4479 Ἰησοῦ.
638 4427 655 4459 ι
680 4407 891 4470 Ταύτας
919 4404 1009 4461 οὖν
1029 4425 1156 4477 φησι
1182 4408 1278 4475 τὰς
1301 4408 1459 4478 εὐχὰς
1485 4408 1721 4460 ἀποδεδω

1943 4413 2166 4460 mter-unt
2193 4422 2291 4461 nos
2320 4422 2572 4476 separare
2597 4423 2627 4459 a
2659 4407 2920 4459 charitate
2946 4405 3062 4469 Dei,
3109 4421 3230 4475 qua:
3271 4413 3355 4460 est
3396 4405 3451 4458 in

213 4520 332 4557 ναι
364 4499 447 4568 τῷ
463 4496 610 4566 Θεῷ,
638 4495 702 4559 ἃς
730 4494 983 4548 διέστειλε
1002 4496 1068 4547 τὰ
1085 4496 1231 4566 χείλη
1254 4497 1447 4559 αὐτῶν,
1480 4498 1570 4549 καὶ
1590 4495 1721 4548 ἑλάλε

1937 4497 2129 4551 Ihristo
2156 4495 2342 4551 Jesu"
2363 4518 2408 4551 ,ι
2447 4498 2568 4552 Haec
2600 4513 2658 4551 se
2680 4505 2801 4550 vota
2832 4495 2942 4550 Deo
2992 4496 3295 4552 reddidisse
3349 4497 3445 4560 ait,

214 4594 295 4645 τὸ
334 4589 519 4657 στόμα
551 4584 731 4639 αὐτῶν
762 4586 820 4635 ἑν
847 4587 913 4654 τῇ
944 4584 1112 4653 θλίψει
1146 4586 1338 4637 αὐτῶν.
1372 4587 1478 4638 Καὶ
1504 4584 1722 4638 τοιαῦτά

1937 4602 2037 4655 [ure
2065 4586 2429 4641 distinxerunt
2456 4588 2597 4640 labia
2633 4600 2753 4648 sua,
2785 4592 2837 4638 et
2883 4586 3120 4638 locutum
3149 4594 3233 4640 est
3262 4601 3323 4639 os
3351 4598 3445 4638 eo-

213 4679 304 4752 ἦν
336 4700 354 4731 ι
379 4678 452 4731 τὰ
478 4673 910 4743 ὁλοκαυτώματα
928 4693 945 4724 ι
975 4675 1147 4726 αὐτῶν
1172 4693 1189 4724 ι
1217 4674 1611 4743 μεμυαλωμένα
1634 4693 1651 4724 ι
1686 4676 1720 4727 ἁ

1940 4692 2033 4729 ἰιιη
2071 4678 2123 4729 in
2155 4677 2500 4730 tribulatione
2532 4678 2791 4745 ipsorum.
2833 4674 2896 4727 Et
2927 4676 3041 4730 haec
3088 4692 3213 4732 vere
3262 4694 3448 4733 eorum

216 4771 370 4832 θῶς.
434 4766 508 4818 Αἱ
560 4763 690 4831 γοῦν
735 4763 905 4831 ψυχαὶ
947 4762 1119 4814 αὐτῶν
1142 4802 1155 4824 ,
1191 4763 1448 4832 φέρουσαι
1482 4761 1540 4812 τὸ
1573 4764 1690 4814 πῖον
1722 4782 1724 4787 ⁴

1980 4766 2292 4819 holocausta
2344 4766 2650 4819 medullata.
2686 4782 2703 4813 ι
2747 4764 2952 4817 Animae
2985 4766 3166 4832 itaque
3210 4766 3448 4833 ipsorum

214 4858 469 4914 δυνατὸν
525 4854 624 4921 τῆς
676 4852 909 4913 πίστεως
934 4889 949 4913 ,
998 4847 1143 4904 εἷπον
1188 4852 1251 4903 ἂν
1292 4851 1351 4903 τὸ
1388 4852 1445 4900 ἑν
1477 4849 1643 4920 ἑτέρῳ
1669 4852 1722 4903 λε

1940 4854 2129 4923 adipem
2174 4868 2238 4907 ac
2285 4854 2536 4907 virtutem
2585 4851 2708 4905 lidei
2746 4851 3000 4917 ferentes,
3045 4852 3176 4905 illud
3213 4852 3448 4907 dixerint

214 4950 444 5021 γμένον
467 4960 480 4972 °
522 4962 539 4994 ι
573 4944 714 4994 Ὠσεὶ
748 4941 970 5003 στέατος
1022 4942 1112 4993 καὶ
1140 4942 1382 5009 πιότητος
1412 4940 1722 5010 ἐμπλησθείτ

1940 4947 2027 5000 ilio
2065 4950 2119 5000 in
2156 4947 2362 5015 psalmo
2404 4946 2669 5014 positum:
2708 4963 2725 4994 ι
2748 4943 2895 4997 Sicut
2942 4944 3096 5011 adipe
3126 4951 3180 4996 et
3227 4945 3448 5014 pingue-

217 5041 378 5109 ψυχή
430 5051 571 5104 μου,
607 5033 701 5083 καὶ
739 5030 893 5099 χείλη
929 5030 1287 5095 ἀγαλλιάσεως
1313 5029 1513 5081 αίνέσει
1549 5031 1611 5083 τὸ
1639 5034 1725 5085 στό

1940 5036 2040 5089 line
2087 5036 2357 5103 repleatur
2389 5035 2566 5086 anima
2594 5047 2735 5096 mea,
2786 5041 2840 5087 et
2888 5032 3044 5086 labiis
3074 5033 3448 5090 exsultationis

222 5144 353 5195 μου.
389 5143 411 5173 ι
441 5120 599 5172 Οὕτω
630 5116 760 5183 γοῦν
794 5136 812 5164 ι
842 5115 1233 5184 μεμυαλωμένα
1252 5136 1270 5166 ›
1298 5116 1509 5181 λέγεται
1532 5119 1601 5170 τὰ
1626 5122 1724 5172 εύτ

2050 5124 2149 5177 abit
2192 5139 2253 5177 os
2282 5123 2560 5176 meum'h
2607 5120 2699 5174 Sic
2725 5136 2852 5191 ergo
2882 5120 3262 5183 crassitudine,
3292 5123 3449 5191 adipe
3550 5186 3558 5189 _

220 5216 293 5283 φῆ
330 5213 433 5266 καὶ
462 5211 621 5263 πίονα
648 5207 743 5257 καὶ
771 5204 1000 5271 λιπαρά.
1021 5204 1261 5256 Τοιαῦται
1285 5202 1340 5252 δὲ
1364 5206 1728 5272 τυγχάνουσιν

1939 5223 1968 5266 :t
2004 5212 2322 5281 pinguedine
2362 5210 2577 5272 referta,
2627 5226 2645 5257 ι
2669 5210 2959 5263 medullata
2983 5228 3001 5259 ι
3035 5210 3309 5263 dicuntur.
3344 5211 3447 5265 Ta-

218 5306 329 5357 τῶν
362 5299 618 5369 ἀθλητῶν
651 5294 749 5346 τοῦ
783 5292 923 5343 Θεοῦ
954 5295 1138 5363 ψυχαὶ,
1169 5296 1227 5344 ἐκ
1256 5291 1365 5343 τῶν
1402 5292 1552 5347 θείων
1587 5300 1690 5350 καὶ

1939 5319 1993 5355 es
2042 5316 2201 5370 porro
2248 5308 2373 5354 sunt
2418 5299 2741 5351 athletarum
2777 5299 2866 5353 Dei
2914 5298 3124 5359 animm,
3166 5297 3368 5352 divinis
3394 5309 3447 5354 et

217 5392 389 5461 γικῶν
416 5385 641 5458 τροφῶν
682 5400 700 5430 ι
728 5379 1146 5447 μεμυαλωμέναι
1166 5420 1178 5437 ,
1205 5398 1219 5428 ι
1256 5378 1348 5429 καὶ
1379 5381 1533 5450 μηδὲν
1571 5386 1725 5439 ὑποκ

1936 5391 2318 5446 ὀιίοιιιὼίιὶὴυε
2362 5389 2495 5443 cibis
2528 5404 2545 5435 ‹
2570 5388 2898 5451 medullatze,
2934 5406 2953 5438 ι
2991 5386 3120 5439 nihil
3149 5386 3444 5454 abiectum,

213 5502 368 5552 μενον
393 5482 651 5550 ἔχουσαι,
684 5468 829 5537 μηδὲ
857 5468 1083 5530 ἀσθενές·
1114 5471 1188 5521 διό
1213 5485 1394 5535 φασιν*
1424 5490 1441 5521 ι
1465 5473 1721 5529 Ὀλοκαυε

1940 5483 2180 5535 nlirmum
2230 5479 2360 5533 nihil
2401 5476 2658 5528 habentes
2702 5494 2714 5528 :
2769 5492 2936 5545 quare
2989 5474 3207 5528 dicunt:
3235 5473 3448 5529 «Holo-

212 5591 348 5642 μπα
404 5552 850 5639 μ,εμιδοιλωμένα
884 5554 1068 5606 ἀνοίσω
1090 5573 1166 5607 σοι
1196 5555 1329 5622 μετά
1367 5556 1720 5631 θυμιάματος

1942 5581 2101 5626 ιουειε
2134 5571 2418 5625 medullala
2470 5563 2692 5619 offeram
2737 5568 2839 5621 tibi
2867 5579 2985 5623 eum
3019 5566 3290 5618 incenso.)
3352 5562 3450 5619 ln-

252 5733 293 5767 n
318 5720 481 5782 p53].
528 5717 697 5765 xxvr,
731 5700 790 5751 6.
872 5701 909 5728 '”
941 5698 1085 5755 Rom.
1121 5720 1221 5768 vni,
1252 5702 1338 5757 35.
1423 5711 1465 5741 ⁷³
1494 5712 1651 5767 Ibid,
1697 5717 1760 5771 δε

872 5701 909 5728 ⁷¹
941 5698 1085 5755 Rom.
1121 5720 1221 5768 vni,
1252 5702 1338 5757 35’.
1423 5711 1465 5741 ⁷³
1494 5712 1651 5767 Ibid.
1697 5717 1801 5772 58.
1873 5721 1916 5752 ⁷³
1946 5719 2085 5776 Psal.
2113 5733 2246 5785 ιιιι,
2270 5717 2320 5771 6-
