3818 6374
431 418 534 478 ϐὓἹ

436 562 517 601 cel
539 559 658 601 sum
697 556 824 594 vero
856 535 982 591 illud
1025 529 1293 597 intelligas
1348 537 1412 575 ex
1448 522 1550 574 hoc
1580 518 1761 571 dicto:
1809 533 1827 565 ι
1855 513 1971 567 Fiat
1999 519 2043 573 Α

438 636 612 705 oratio
662 645 778 685 mea
829 627 972 680 sicut
1016 623 1298 673 incensum
1347 611 1404 665 in
1441 614 1731 676 conspectu
1763 602 1967 657 tuo“.i

441 702 532 778 Ha:
561 725 725 791 igitur
752 716 963 773 animae,
1016 703 1282 777 spirituali
1330 703 1452 769 igne
1507 702 1767 766 purgatae,
1824 693 1975 746 holo-

440 820 628 868 causta
684 807 871 861 fuere:
923 800 1033 854 sive
1080 791 1423 850 sacerdotum
1464 787 1639 841 instar
1683 783 1814 852 ipsa:
1854 793 1975 834 cor-

442 920 570 976 pora
603 914 722 961 sua,
770 900 955 962 utpote
984 889 1106 957 igne
1132 884 1530 939 consummata,
1562 875 1619 928 in
1663 874 1975 926 holocausta

440 963 771 1050 obtulerunt.
824 982 1108 1037 Orationes
1138 981 1317 1027 autem
1348 969 1591 1037 ipsarum
1623 963 1975 1034 thymiamata

447 1082 668 1139 fuerint.
724 1073 991 1142 Quoniam
1048 1080 1176 1121 vero
1225 1061 1444 1122 arietes,
1496 1058 1660 1111 boves
1700 1064 1754 1108 et
1800 1052 1980 1105 hircos

442 1173 718 1226 oblaturas
755 1141 816 1218 ise
849 1160 1193 1230 pollicentur,
1222 1159 1397 1205 tecum
1434 1152 1648 1214 reputes
1677 1143 1837 1196 velim
1861 1141 1975 1193 haec

443 1261 559 1327 ipsa
625 1270 688 1308 ex
748 1228 1113 1320 apostolorum
1175 1235 1479 1293 Servatoris
1550 1244 1781 1302 persona
1837 1228 1982 1282 dicta

442 1350 629 1409 fuisse,
665 1354 869 1413 perque
903 1338 1107 1396 hircos,
1139 1333 1304 1385 boves
1372 1333 1426 1380 et
1486 1324 1682 1377 arietes
1718 1335 1833 1378 eos,
1890 1318 1980 1386 qui

443 1455 546 1494 suo
597 1405 964 1504 apostolorum
1019 1425 1182 1478 ductu
1226 1419 1461 1479 luerunt,
1513 1412 1800 1479 intelligas.
1850 1405 1982 1460 Nam

445 1530 620 1598 primo
648 1523 753 1593 ipsi
787 1527 1054 1588 martyres
1105 1512 1200 1565 Dei
1244 1510 1429 1571 fuere;
1485 1503 1677 1559 deinde
1709 1500 1849 1554 alios
1902 1498 1982 1553 sui

448 1590 690 1666 inﬁnitos
746 1606 1049 1659 imitatores
1097 1604 1150 1651 et
1201 1595 1424 1649 aemulos
1472 1590 1800 1651 excitarunt,
1850 1599 1986 1653 quos

449 1702 605 1773 quasi
635 1701 901 1755 culturam
927 1707 1079 1748 suam
1110 1691 1219 1743 Deo
1247 1686 1497 1741 offerunt.
1532 1682 1742 1735 Arietes
1764 1677 1985 1739 dixeris,

454 1764 724 1861 principes
766 1783 1153 1840 Ecclesiarum,
1196 1779 1264 1832 de
1314 1774 1512 1843 quibus
1554 1770 1611 1822 in
1667 1764 1989 1837 praecedenti

1102 409 1364 468 EUSEBll
1394 397 1867 461 CZESARIENSIS
1903 394 2050 450 OPP.
2085 390 2263 448 PARS
2287 389 2376 446 111.
2422 416 2491 428 -
2516 376 2941 439 EXEGETICA.

2070 509 2299 577 Νοήσεις
2321 504 2376 556 δὲ
2398 502 2492 555 καί⁵
2518 500 2579 551 τὸ
2608 495 2872 566 θυμίαμα
2898 485 3019 540 ἀπὸ
3047 481 3156 550 τῆς
3181 471 3467 577 λεγούσης
3488 470 3691 577 φωνῆς’

3594 356 3692 409 668

2079 620 2097 651 ι
2124 562 2452 667 Γενηθήτωή
2471 562 2748 662 προσευχή
2780 600 2886 654 μου
2910 580 2993 640 ὼς
3010 562 3544 667 θυμίαμαὲνώπιόν
3558 577 3663 667 rion.
3676 579 3692 609 ι

2073 651 2361 757 Δῦταιιμέν
2383 651 2473 737 οὖν
2495 651 2550 735 αἱ
2576 651 2886 748 equi,ch
2914 684 3062 721 πνευ
3072 656 3308 734 ματικῷ
3332 653 3477 725 πυρὶ
3501 651 3635 705 καθα
3644 669 3697 721 ρ-

2075 743 2290 837 θεῖσαι..
2339 743 2766 839 ὁλοκαυτῶματα
2807 760 3124 832 γεγόνασιν
3150 791 3167 816 ,
3303 748 3469 839 δίκην
3504 743 3701 839 ἱερείων

2075 831 2232 921 αῦται
2248 831 2315 916 τά
2332 860 2535 915 έαυτῶν
2559 831 2805 927 ὁνύματα
2823 831 2930 920 (1),
2955 847 3041 908 ὡς
3065 842 3141 896 ἂν
3162 838 3259 893 διὰ
3291 832 3476 906 πυρὸς
3502 831 3702 885 τελειω-

2078 958 2255 1018 θέντα,
2281 925 2706 1018 ὁλοκαυτώματα
2736 937 3243 1013 προσηνέγκαντα
3292 928 3365 979 Αἱ
3397 925 3457 976 δὲ
3485 939 3702 992 προσευ-

2078 1049 2169 1119 χαὶ
2195 1015 2373 1101 αύτῶν
2399 1040 2506 1095 εἷεν
2535 1015 2601 1093 ἀν
2624 1037 2693 1089 τὰ
2716 1032 3082 1103 θυμιάματα.
3136 1021 3311 1076 Ἐπεὶ
3334 1019 3397 1071 δὲ
3417 1016 3605 1088 κριοὺς
3623 1015 3704 1068 καὶ

2082 1108 2206 1209 βόας
2243 1134 2379 1207 μετὰ
2416 1132 2667 1203 χιμάρων
2706 1124 2949 1179 ἀνοίσειν
2972 1113 3466 1184 ἐπαγγέλλονται,
3501 1108 3705 1175 ἐπιστή-

2082 1246 2192 1290 σεις
2230 1228 2377 1286 ὅπως
2407 1224 2624 1293 εἴρηται
2657 1217 2755 1270 καὶ
2781 1213 2963 1267 ταῦτα
2990 1211 3061 1261 ὲκ
3100 1201 3429 1276 προσώπου
3461 1199 3568 1253 τῶν
3589 1198 3703 1250 ἀπο-

2084 1287 2280 1366 στόλων
2305 1311 2395 1364 τοῦ
2440 1287 2695 1377 έωτῆρος
2722 1343 2737 1364 ,
2785 1300 2916 1362 τοὺς
2963 1297 3064 1349 ὑπ’
3094 1292 3299 1347 αὐτῶν
3340 1287 3705 1359 προηγμένους

2082 1406 2342 1475 χιμάρους
2375 1401 2470 1453 καὶ
2518 1399 2651 1468 βόας
2685 1395 2781 1449 καὶ
2824 1391 3027 1462 κριοὺς
3074 1387 3325 1456 νοήσας.
3383 1378 3599 1451 Πρῶτοι
3628 1377 3707 1448 μὲν

2222 1470 2491 1566 μάρτυρες
2519 1489 2678 1543 αὐτοὶ
2713 1485 2809 1539 τοῦ
2839 1481 2985 1536 Θεοῦ
3023 1479 3353 1549 γεγόνασιν
3374 1492 3389 1505 ο
3417 1470 3540 1526 εἶτα
3565 1488 3708 1541 μιμη-

2084 1563 2181 1652 ius;
2213 1563 2417 1639 έαυτῶν
2438 1583 2533 1636 καὶ
2557 1577 2810 1653 ζηλωτὰς
2842 1573 3087 1645 μυρίους
3116 1569 3338 1628 ἄλλους
3372 1563 3711 1633 κατεστήσανι

2086 1696 2146 1730 το
2166 1718 2180 1739 ,
2212 1676 2301 1739 οὒς
2329 1675 2517 1743 ὥσπερ
2548 1671 2727 1722 οἰκεῖα
2755 1666 3012 1736 γεώργια
3042 1660 3130 1730 τῷ
3166 1658 3306 1728 Θεῷ
3340 1654 3708 1726 προσφέρουσι.

2088 1734 2298 1837 Κριοὺς⁷
2317 1764 2411 1834 μὲν
2441 1734 2567 1822 τοὺς
2603 1734 2885 1826 ἄρχοντας
2911 1751 3029 1804 τῶν
3062 1745 3464 1817 Ἐκκλησιῶν,
3509 1741 3627 1810 περὶ
3652 1734 3709 1790 ὧν

456 1832 724 1861 νηηντυ..
768 1832 1005 1839 --.,---η
1052 1832 1059 1833 ,
1143 1832 1153 1840 ,
1331 1832 1345 1843 _
1668 1832 1684 1837 _

456 1884 660 1952 psalmo
680 1877 987 1932 dicebatur:
1027 1889 1044 1920 ι
1075 1868 1246 1922 lnduti
1280 1872 1405 1919 sunt
1443 1863 1641 1914 arietes
1673 1854 1984 1911 ovium"::

2178 1896 2182 1906 .
2212 1858 2266 1907 ὲν
2289 1852 2366 1922 τῷ
2398 1850 2503 1920 πρὸ
2539 1848 2733 1900 τούτου
2767 1841 2978 1914 ψαλμῷ
3015 1840 3267 1906 ἐλέγετο
3290 1854 3306 1869 ’
3350 1855 3369 1887 ι
3394 1832 3711 1888 Ἔνεδύσαντο

2286 1945 2295 1952 ⁵
2360 1941 2385 1952 ⁸
2554 1938 2582 1952 η
2602 1938 2612 1952 '
2866 1933 2887 1949 "
2917 1951 2928 1952 ί
2966 1932 2991 1947 ’⁷
3019 1948 3125 1952 -—-
3147 1948 3169 1952 Α
3205 1927 3423 1952 ----...ι.
3442 1922 3710 1952 ηιάυιηιηζ,

454 1986 592 2040 quos
624 1967 767 2022 velut
800 1976 1018 2033 gregum
1049 1958 1214 2015 duces
1242 1955 1343 2022 ipsi
1368 1950 1798 2010 constituerunt;
1832 1944 1995 1995 hci-es

456 2070 656 2120 autem,
701 2056 908 2109 animas
947 2053 1002 2104 in
1041 2046 1299 2102 armentis
1330 2040 1587 2095 Ecclesia:
1628 2036 1994 2097 constitutas;

457 2150 656 2204 etenim
691 2164 707 2196 α
734 2145 812 2197 Au
847 2143 913 2196 de
958 2141 1150 2200 bobus,
1186 2134 1378 2203 inquit.
1431 2144 1562 2185 cura
1611 2134 1693 2181 est
1722 2125 1828 2178 Deo
1872 2122 1993 2175 7°?)

412 2268 417 2276 ι
460 2241 557 2295 sed
592 2239 655 2292 de
690 2236 848 2290 nobis
892 2245 1118 2301 prorsus
1159 2227 1414 2295 loquitur.
1464 2218 1610 2273 Hirci
1650 2230 1775 2270 vero
1802 2213 2000 2267 fuerint

462 2333 498 2385 ii
540 2330 631 2400 qui
658 2341 844 2382 recens
872 2323 1006 2384 nati,
1030 2329 1082 2374 et
1117 2316 1369 2387 procellae
1410 2325 1652 2380 tempore
1708 2306 1814 2360 orti
1867 2305 1997 2359 sint.

463 2395 640 2486 Quare
668 2416 964 2472 secundum
990 2412 1230 2478 reliquos
1250 2408 1596 2472 interpretes,
1628 2419 1645 2448 ι
1668 2406 1721 2451 et
1746 2395 1997 2458 deserti,»

465 2519 649 2580 utpote
695 2508 785 2577 qui
836 2502 1267 2575 persecutionem
1336 2492 1643 2561 ellugerint,
1716 2496 1999 2541 vocantur.

468 2576 658 2655 Et—lios
703 2601 883 2666 itaque
916 2593 1072 2663 quasi
1099 2589 1338 2644 novellos
1367 2594 1419 2639 et
1465 2584 1532 2636 ab
1578 2596 1635 2634 se
1673 2579 1867 2632 ductos
1898 2576 2004 2628 Deo

468 2692 718 2752 oll‘erunt,
751 2666 1045 2753 gloriantes
1075 2677 1272 2747 singuli
1299 2675 1364 2727 de
1395 2674 1460 2725 iis
1479 2684 1617 2740 quos
1638 2669 2000 2721 adduxerunt.

471 2781 593 2833 ll:ec
626 2780 805 2846 itaque
834 2790 865 2827 a
893 2772 1051 2826 nobis
1082 2768 1242 2821 modo
1280 2761 1571 2834 spirituali,
1614 2769 1666 2813 et
1699 2757 2003 2810 divinarum

471 2870 877 2937 Scripturarum
922 2857 1203 2930 promissis
1247 2859 1633 2912 conscntaneo,
1665 2846 2006 2901 considerata

473 2967 622 3013 sunt.
680 2953 744 3006 Et
792 2965 922 3006 sane
968 2962 1061 3017 par
1102 2944 1355 3001 esthaac
1394 2954 1513 3009 qua:
1557 2937 1669 3005 jam
1711 2942 2008 2986 tractamus

476 3048 633 3101 verba
678 3046 758 3098 sic
785 3040 1101 3109 intelligere,
1136 3034 1313 3105 potius
1341 3044 1502 3098 quam
1543 3025 1859 3080 Iudaeorum
1893 3022 2009 3075 ine-

477 3151 594 3214 ptas
634 3140 755 3193 illas
784 3134 994 3189 fabulas
1024 3130 1394 3187 admittamus,
1423 3123 1591 3177 Deum
1621 3117 1830 3173 scilicet
1858 3113 2009 3166 holo-

478 3231 704 3292 caustis,
756 3222 1125 3297 thymiamatis
1196 3231 1413 3274 sensum
1486 3207 1847 3267 moventibus,
1921 3210 2014 3255 aut

478 3323 730 3378 arietum,
786 3316 946 3369 boum
998 3319 1052 3367 et
1104 3309 1379 3363 hircorum
1427 3300 1689 3371 sanguine
1738 3294 2013 3351 delectari.

479 3411 608 3476 Quae
638 3420 768 3462 sane
799 3403 979 3459 omnia
1024 3416 1119 3470 per
1164 3398 1481 3468 prophetam
1533 3394 1649 3462 ipse
1692 3391 1832 3445 Deus
1856 3404 2017 3457 repu-

482 3502 589 3556 diat
618 3499 701 3551 his
748 3494 965 3549 verbis:
1004 3510 1021 3542 ι
1046 3489 1185 3555 Quid
1216 3488 1345 3541 mihi
1380 3483 1777 3538 multitudinem
1811 3478 2019 3534 sacriﬁ-

482 3593 688 3645 ciorum
714 3593 1034 3644 vestrorum,
1062 3581 1191 3634 dicit
1226 3576 1518 3631 Dominus:
1550 3575 1742 3643 plenus
1769 3585 1888 3625 sum
1923 3570 2023 3622 ho-

484 3675 740 3732 locaustis
780 3671 1033 3730 arietum,
1080 3676 1135 3722 et
1191 3667 1403 3734 adipem
1457 3676 1739 3732 agnorum,
1801 3657 2022 3727 sangui-

486 3780 711 3833 nemque
759 3772 1034 3814 taurorum
1080 3765 1133 3810 et
1173 3756 1451 3809 hircorum
1499 3753 1642 3806 nolo.
1701 3749 1836 3814 Quis
1879 3748 2022 3802 enim

491 3860 605 3912 haec
643 3855 922 3924 requisivit
970 3852 1037 3905 de
1085 3850 1333 3903 manibus
1384 3849 1583 3902 vestris
1604 3847 1646 3877 ⁷⁷
1675 3846 1694 3898 i
1722 3864 1739 3895 ι
1792 3844 1858 3896 Ει
1891 3844 2027 3897 alias

494 3951 607 4002 bzec
639 3946 910 4001 contraria
950 3942 1152 3997 fuerint
1193 3940 1261 3993 iis
1295 3953 1417 4007 qua:
1457 3938 1609 4004 prius
1650 3936 1857 4004 psalmo
1902 3948 2030 3986 xux

492 4041 634 4093 dicta
676 4044 820 4097 sunt,
855 4036 946 4088 ubi
997 4050 1062 4088 ex
1100 4044 1329 4102 persona
1382 4027 1470 4080 Dei
1534 4025 1736 4079 fertur:
1781 4041 1800 4073 ι
1828 4021 1943 4074 Non
1974 4022 2029 4073 in

494 4129 775 4184 sacriﬁciis
804 4127 911 4181 tuis
940 4139 1161 4194 arguam
1193 4130 1249 4175 te
1269 4121 1314 4151 ⁷⁸
1340 4137 1354 4181 ς
1387 4137 1405 4168 ι
1443 4125 1528 4171 et:
1568 4135 1586 4166 ι
1618 4114 1734 4167 Non
1772 4113 2030 4181 accipiam

493 4218 561 4271 de
590 4218 750 4270 domo
779 4224 869 4268 tua
903 4214 1121 4274 vitulos,
1167 4223 1342 4278 neque
1371 4207 1437 4261 de
1476 4205 1728 4274 gregibus
1768 4202 1876 4256 tuis
1915 4200 2032 4253 hir-

496 4324 609 4362 cos.
649 4306 912 4372 Quoniam
935 4317 1066 4357 meae
1090 4309 1216 4356 sunt
1248 4313 1434 4354 omnes
1461 4295 1587 4350 ferae
1634 4294 1913 4351 silvarum,
1944 4291 2034 4359 ju-

498 4404 677 4450 menta
710 4396 765 4449 in
796 4393 1071 4447 montibus
1120 4399 1174 4444 et
1204 4385 1459 4450 boves";
1495 4402 1513 4435 ι
1551 4382 1652 4437 sub
1684 4381 1796 4434 haec
1822 4387 2031 4435 autem:

506 4506 525 4538 ι
562 4485 809 4554 Nunquid
839 4481 1172 4537 manducabo
1198 4492 1391 4532 carnes
1424 4484 1725 4533 taurorum,
1775 4478 1868 4523 aut
1909 4483 2037 4524 san-

502 4574 713 4642 guinem
738 4571 1006 4624 hircorum
1024 4568 1216 4637 potabo
1231 4565 1313 4617 8°?
1336 4583 1354 4615 ι
1384 4563 1484 4627 Qui
1514 4561 1657 4614 enim
1702 4558 1808 4613 illis
1841 4572 2036 4613 conso-

502 4670 632 4716 nent
669 4675 788 4731 qua:
816 4660 881 4714 de
904 4657 1253 4717 holocaustis,
1282 4655 1560 4711 arietibus.
1589 4650 1761 4703 bobus
1784 4656 1838 4703 et
1867 4647 2034 4702 hircis

504 4749 593 4802 hic
632 4746 958 4801 traduntur?
996 4744 1060 4798 Et
1087 4759 1217 4799 sane
1263 4744 1376 4811 ipse
1411 4740 1576 4793 David
1621 4738 1871 4806 superius
1900 4752 2027 4789 conv

507 4839 703 4891 litendo
732 4839 975 4891 dixerat:
1011 4854 1029 4885 ι
1053 4835 1316 4900 Quoniam
1341 4833 1386 4886 si
1409 4831 1671 4885 voluisses
1694 4827 2038 4887 sacriﬁcium,

508 4928 774 4982 dedissem
802 4928 1009 4995 utique,
1037 4923 1367 4978 holocaustis
1408 4936 1514 4974 non
1539 4916 1948 4973 delectabcris‘“
1976 4932 1991 4980 ;
2017 4934 2033 4965 ο

509 5026 563 5071 et
593 5017 646 5070 in
675 5019 780 5070 alio
818 5018 1010 5071 iterum
1035 5035 1048 5070 :
1088 5033 1106 5065 ι
1134 5012 1473 5067 Sacriﬁcium
1503 5020 1558 5066 et
1587 5010 1917 5064 oblationem
1951 5022 2042 5060 no-

510 5104 682 5168 luisti,
713 5120 911 5175 corpus
938 5110 1117 5157 autem
1169 5102 1366 5171 aptasti
1414 5100 1567 5154 mihi.
1620 5098 1944 5152 Holocausta
1988 5104 2042 5149 et

512 5207 611 5261 pro
639 5200 860 5263 peccato
905 5208 1011 5247 non
1040 5200 1189 5261 grata
1222 5191 1456 5245 habuisti
1479 5192 1577 5242 ⁸³.»

583 5281 747 5337 Vsus.
770 5281 952 5336 lii-‘20.
990 5299 1008 5333 ι
1038 5280 1247 5345 Venite,
1287 5281 1469 5335 audite
1492 5289 1547 5334 et
1576 5277 1829 5337 narrabo,
1856 5289 2047 5329 omnes

504 5371 611 5453 qui
637 5373 837 5426 timetis
865 5370 1051 5434 Deum,
1077 5379 1276 5439 quanta
1302 5370 1426 5424 fecit
1450 5370 1639 5424 anima:
1668 5380 1847 5420 meae.)
1880 5363 2044 5418 lidem

521 5461 774 5529 superius
833 5459 1108 5513 dicebant:
1151 5458 1380 5514 «Venite
1425 5468 1478 5515 et
1532 5458 1707 5512 videte
1742 5468 1905 5523 opera
1929 5452 2045 5517 Dei,

2095 1949 2142 1999 οἱ
2165 1945 2308 2015 κριοὶ
2320 1941 2426 1994 τῶν
2443 1938 2733 2009 προϐάτων
2752 1953 2764 1965 ⁸
2791 1954 2809 1988 ι
2833 1933 2932 1996 οὒς
2955 1932 3175 2001 ὥσπερ
3200 1927 3486 1997 ποιμνίων
3503 1922 3711 1994 ἡγουμέ-

2094 2014 2213 2099 νους
2242 2034 2392 2089 αὐτοὶ
2418 2029 2762 2098 κατέστησαν
2790 2043 2804 2056 ο
2862 2026 3006 2096 βόας
3035 2023 3102 2074 δὲ
3153 2020 3264 2082 τὰς
3313 2020 3375 2070 ἐν
3410 2020 3479 2087 τῇ
3518 2014 3690 2082 Ἐκκλη

2098 2128 2185 2196 σίᾳ
2210 2122 2609 2193 ἀγελαξομένας
2628 2117 2809 2187 ψυχάς
2829 2133 2843 2147 ·
2881 2135 2902 2166 ι
2924 2115 3026 2185 Μὴ
3056 2114 3185 2185 γὰρ
3235 2112 3354 2165 τῶν
3395 2108 3562 2178 βοῶν,
3586 2104 3710 2174 φησι,

2101 2217 2248 2287 μέλει
2293 2200 2564 2283 τῷΘεῷς
2600 2229 2618 2260 ι
2656 2210 2691 2279 ἢ
2727 2208 2794 2260 δι’
2827 2207 2987 2276 ἡμᾶς
3022 2205 3276 2266 πάντως
3304 2201 3495 2268 λέγει·
3524 2200 3712 2280 χίμαροι

2096 2305 2153 2357 δὲ
2185 2306 2232 2356 οἱ
2258 2303 2559 2374 άρτιγενεῖς
2590 2299 2685 2351 καὶ
2717 2296 2795 2365 τῷ
2827 2294 3021 2365 καιρῷ
3054 2292 3165 2345 τοῦ
3201 2290 3486 2362 χειμῶνος
3517 2302 3712 2355 γεγενη-

2103 2396 2247 2465 μένοι
2297 2389 2403 2445 εἷεν
2448 2391 2541 2447 ἄν,
2613 2389 2705 2440 Διὸ
2737 2388 2884 2440 κατά
2918 2388 3060 2448 τοὺς
3096 2385 3349 2447 λοιποὺς
3384 2379 3711 2453 ὲρμηνευτάς,

2107 2503 2124 2535 ι
2148 2485 2241 2537 καὶ
2256 2483 2350 2554 έρη
2360 2498 2449 2557 μοι
2467 2521 2481 2545 ,
2506 2498 2525 2531 ι
2548 2480 2625 2541 ὡς
2646 2478 2737 2530 τὸν
2756 2477 2853 2529 τοῦ
2870 2475 3146 2545 διωγμοῦ
3171 2474 3378 2545 καιρὸν
3395 2471 3713 2540 ἐκφυγόντες,

2100 2575 2510 2647 ὠνομάσθησαν.
2544 2572 2657 2625 Καὶ
2682 2568 2912 2630 τούτους
2940 2565 3275 2638 τοιγαροῦν
3304 2565 3383 2628 ὼς
3411 2564 3477 2617 ἂν
3498 2559 3712 2628 νεογνοὺς

2103 2667 2194 2720 καὶ
2239 2667 2328 2718 ὑπ’
2360 2662 2537 2717 αὐτῶν
2564 2658 2959 2732 προηγμένους
3012 2654 3104 2725 τῷ
3157 2655 3292 2727 Θεῷ
3348 2652 3690 2723 προσάγουσιν

2102 2758 2329 2818 ἕκαστος
2370 2755 2453 2822 ἐφ’
2487 2747 2569 2816 οἷς
2611 2750 2972 2821 προηγάγετο
3030 2747 3489 2818 σεμνυνόμενος,
3562 2740 3715 2795 Ταῦτα

2109 2850 2206 2919 μὲν
2231 2842 2321 2899 οὖν
2344 2840 2728 2913 πνευματικῶς
2754 2840 2851 2892 καὶ
2874 2840 3241 2909 πρεπόντως
3266 2841 3336 2907 τῇ
3366 2836 3476 2889 τῶν
3499 2831 3717 2886 ligone}

2108 2956 2243 2992 στων
2257 2934 2481 3007 Γραφῶν
2504 2930 2809 3000 ἐπαγγελίᾳ
2832 2929 3215 3000 τεθεώρηται
3240 2932 3403 2999 ἡμῖν.
3426 2929 3531 2980 Καὶ
3551 2926 3716 2996 πρέπει

2107 3046 2168 3097 γε
2198 3030 2361 3088 ὅντως
2392 3024 2609 3077 ἀκούειν
2635 3023 2744 3074 τῶν
2773 3013 3222 3091 προκειμένων,
3252 3022 3288 3091 ἢ
3319 3020 3465 3072 κατά
3489 3018 3581 3078 τὰς
3611 3018 3716 3067 'lou-

2111 3118 2271 3171 δαίων
2291 3114 2549 3175 ταπεινὰς
2584 3112 2912 3183 μυθολογίας
2937 3110 3405 3181 ὁλοκαυτώμασι
3433 3110 3628 3181 χαίρειν
3645 3106 3716 3158 τὸν

2114 3210 2263 3269 Θεὸν,
2295 3208 2327 3278 ἢ
2359 3204 2697 3274 θυμιάμασιν
2726 3202 3046 3271 αἰσθητοῖς,
3082 3203 3122 3272 ἢ
3166 3203 3352 3273 κριῶν
3379 3204 3473 3254 καὶ
3502 3201 3625 3270 βοῶν
3645 3197 3718 3249 καὶ

2114 3296 2361 3366 χιμάρων
2392 3294 2619 3363 αἴμασιν
2654 3289 3069 3343 ὑπονοούντων.
3123 3293 3201 3343 "A
3231 3291 3301 3361 δὴ
3334 3290 3517 3344 πάντα
3544 3289 3625 3342 διὰ
3643 3282 3718 3338 τοῦ

2117 3384 2391 3454 προφήτου
2424 3380 2586 3442 αὐτὸς
2617 3381 2645 3432 ὁ
2670 3377 2804 3441 Θεὸς
2841 3380 3237 3444 παραιτεῖται
3274 3379 3455 3447 λέγων
3474 3393 3488 3407 '
3538 3375 3632 3427 «Τί
3653 3389 3721 3442 μοι

2118 3474 2319 3542 πλῆθος
2337 3470 2445 3525 τῶν
2478 3470 2680 3524 θυσιῶν
2704 3469 2860 3539 ὑμῶν
2882 3485 2898 3533 ;
2934 3469 3101 3538 λέγει
3125 3472 3352 3543 Κύριος
3368 3488 3383 3502 ο
3415 3468 3617 3540 πλήρης
3635 3463 3723 3533 εἰμὶ

2118 3562 2581 3633 ὁλοκαυτωμάτων
2609 3561 2809 3629 κριῶν,
2844 3564 2945 3614 καὶ
2983 3562 3176 3634 στέαρ
3210 3563 3403 3633 ἀρνῶν
3426 3563 3521 3614 καὶ
3551 3559 3723 3627 αἵματα

2121 3654 2332 3724 ταύρων
2361 3653 2456 3705 καὶ
2481 3653 2696 3723 τράγων
2719 3652 2781 3703 ού
2818 3651 3129 3721 βούλομαι.
3190 3654 3295 3716 Τίς
3313 3652 3438 3725 ,γὰρ
3470 3648 3722 3718 ὲξεζήτησε

2124 3745 2288 3799 ταῦτα
2304 3748 2368 3797 ὲκ
2387 3745 2492 3797 τῶν
2516 3743 2716 3813 χειρῶν
2739 3742 2900 3812 ὑμῶν
2923 3761 2973 3804 ;›
2997 3746 3123 3798 Καὶ
3155 3746 3346 3808 ἄλλως
3369 3748 3421 3812 γ’
3440 3745 3504 3798 ἂν
3529 3744 3607 3810 εἴη
3626 3738 3726 3791 ταῦ-

2123 3855 2191 3889 τα
2219 3835 2436 3887 ἐναντία
2463 3838 2574 3895 τοῖς
2607 3833 2928 3903 ἔμπροσθεν
2964 3835 3127 3888 κατά
3159 3837 3258 3890 τὸν
3300 3836 3399 3907 μθ¹
3434 3836 3634 3905 ψαλμὸν
3660 3830 3725 3881 λε-

2125 3925 2422 3993 λεγμένοις,
2445 3924 2502 3975 ὲν
2524 3917 2603 3983 οἷς
2625 3923 2689 3972 ὲκ
2710 3922 3021 3990 προσώπου
3050 3926 3157 3979 τοῦ
3179 3926 3327 3979 Θεοῦ
3353 3927 3593 3993 ἐλέγετο·
3613 3922 3724 3974 «Οὐκ

2128 4014 2219 4112 επὶ
2245 4016 2362 4112 ταῖς
2375 4012 2604 4112 ..θυσίαις
2627 4028 2723 4064 σου
2758 4012 2974 4081 ἐλέγξω
3002 4031 3071 4067 σε
3092 4032 3107 4044 ·
3143 4036 3163 4067 ι
3200 4019 3301 4069 καί
3325 4033 3340 4047 ·
3374 4037 3393 4067 ι
3420 4018 3495 4069 Οὐ
3526 4014 3727 4083 λήψομαι

2130 4107 2192 4156 ὲκ
2220 4102 2312 4155 τοῦ
2343 4101 2491 4154 οἴκου
2517 4118 2609 4154 σου
2639 4103 2879 4172 μόσχους
2897 4144 2913 4168 ,
2948 4106 3085 4159 οὐδὲ
3116 4108 3190 4161 ὲκ
3226 4108 3341 4161 τῶν
3368 4106 3623 4177 ποιμνίων
3657 4118 3727 4154 σου

2132 4194 2422 4264 χιμάρουςο
2454 4192 2535 4244 ὅτι
2568 4193 2680 4261 ἐμά
2706 4193 2827 4245 ἐστι
2861 4194 3057 4249 πάντα
3095 4197 3173 4250 τὰ
3209 4197 3389 4269 θηρία
3413 4196 3508 4250 τοῦ
3535 4189 3727 4266 δρυμοῦ,

2136 4285 2302 4353 κτήνη
2332 4284 2388 4334 έν
2414 4285 2525 4344 τοῖς
2554 4282 2709 4352 ὄρεσι
2739 4283 2840 4337 καὶ
2870 4285 3003 4354 βόες
3023 4304 3037 4316 ·
3064 4307 3084 4338 ι
3147 4290 3251 4341 καὶ
3286 4289 3421 4359 ἑξῆς
3446 4305 3459 4317 ·
3500 4307 3517 4338 ι
3538 4286 3621 4353 Μὴ
3652 4280 3732 4350 φάν

2134 4391 2298 4443 γομαι
2323 4372 2459 4442 κρέα
2480 4372 2719 4443 ταύρων,
2744 4375 2779 4445 ἢ
2805 4373 2951 4445 αἷμα
2974 4379 3161 4447 κριῶν
3191 4379 3435 4451 πίομαι;
3462 4400 3478 4431 ι
3511 4377 3624 4438 Πῶς
3644 4371 3731 4441 γὰρ

2072 4503 2112 4557 D
2137 4460 2657 4557 ἐκείνοις-σύμφωνα
2696 4463 2763 4516 ἂν
2794 4465 2883 4534 εἴη
2910 4468 2986 4518 τὸ.
3013 4469 3095 4531 ὡς
3126 4472 3268 4541 περὶ
3298 4467 3732 4536 ὁλοκαυτωμάτων

2137 4554 2230 4605 καὶ
2256 4549 2424 4621 κριῶν
2448 4552 2544 4602 καὶ
2570 4551 2710 4621 βοῶν
2742 4559 2838 4608 καὶ
2861 4559 3131 4629 χιμάρων
3151 4562 3408 4616 ἐνταῦθα
3433 4557 3725 4628 λελεγμέναὲ

2138 4642 2245 4694 Καὶ
2281 4640 2383 4711 μὴν
2416 4641 2579 4705 αὐτὸς
2618 4646 2648 4696 ὁ
2678 4646 2842 4699 Δαυῖδ
2871 4648 2963 4701 διὰ
3008 4651 3123 4702 τῶν
3164 4651 3493 4723 ἔμπροσθεν
3517 4645 3730 4717 ἐξομολο-

2136 4733 2396 4801 γούμενος
2422 4730 2610 4799 ἔλεγεν
2634 4750 2647 4764 ’
2694 4755 2714 4788 ι
2740 4738 2884 4800 Ὅτι,
2919 4742 2972 4792 εἰ
3003 4742 3296 4814 ἠθέλησας
3328 4744 3519 4796 θυσίαν
3544 4781 3558 4804 ,
3589 4740 3733 4791 ἔδωκα

2144 4823 2242 4885 ἂν,
2276 4823 2712 4899 ὁλοκαυτώματα
2755 4831 2857 4882 οὐκ
2902 4832 3263 4904 εύδοκήσεις,
3296 4855 3315 4886 ι
3378 4835 3489 4889 Καὶ
3518 4831 3661 4885 πάλιν
3691 4829 3733 4877 ἐν

2146 4915 2346 4985 ιέτέρῳ⁹
2381 4937 2399 4968 ‹
2423 4917 2630 4972 Θυσίαν
2651 4921 2746 4973 καὶ
2773 4924 3103 4993 προσφορὰν
3131 4926 3242 4977 οὐκ
3270 4924 3566 4993 ὲθέλησας,
3603 4919 3732 4985 σῶμα

2145 5008 2201 5059 δὲ
2226 5009 2542 5079 κατηρτίσω
2574 5030 2687 5083 μοι.
2732 5012 3203 5084 Ὀλοκαυτώματα
3224 5016 3323 5067 καὶ
3345 5015 3475 5085 περὶ
3492 5010 3733 5081 ἁμαρτίας

2147 5100 2246 5150 οὐκ
2276 5100 2612 5172 ηὐδόκησας.
2659 5126 2678 5157 ι

2225 5271 2444 5336 «Δεῦτε,
2467 5276 2766 5346 ἀκούσατε,
2782 5277 3255 5348 καὶδιηγήσομαι,
3274 5278 3480 5338 πάντες
3498 5274 3546 5327 οί
3569 5266 3730 5339 φοῦοὐο

2155 5376 2305 5430 μενοι
2325 5363 2420 5418 τὸν
2450 5367 2612 5435 Θεὸν,
2646 5374 2748 5426 ὅσα
2781 5370 3003 5441 ἐποίησε
3036 5370 3102 5438 τῇ
3126 5367 3284 5438 ψυχῇ
3313 5384 3437 5437 μου.
3465 5386 3483 5417 ι
3517 5364 3575 5417 Οί
3602 5352 3728 5411 αὐτοὶ

2154 5453 2249 5504 καὶ
2277 5454 2337 5506 ὲν
2365 5462 2483 5525 τοῖς
2519 5462 2831 5541 ἔμπροσθεν
2861 5463 3043 5529 ἔλεγον
3061 5477 3074 5489 ·
3139 5477 3161 5509 ι
3192 5459 3367 5511 Δεῦτε
3398 5458 3491 5510 καὶ
3522 5454 3645 5507 ἴδετε
3672 5446 3727 5496 τὰ

592 5591 646 5671 ’.ξ
668 5590 972 5671 _Ifsal:_ciu:2
1097 5591 1143 5671 ξ’
1169 5589 1317 5671 Ρειξι,ἱ
1334 5592 1600 5671 ικιγικλψ
1670 5586 1757 5641 "l
1785 5587 1909 5671 Cor:
1935 5601 2011 5652 Ix,
2041 5586 2095 5642 9.
2172 5590 2218 5623 "’
2248 5592 2355 5651 lsa.
2393 5615 2440 5667 ι,
2467 5603 2561 5671 H,
2602 5610 2692 5666 1‘2.
2762 5608 2807 5641 "
2835 5603 2975 5661 Psal.
3008 5612 3131 5652 xux
3154 5636 3170 5662 ,
3213 5597 3271 5653 8.
3345 5596 3393 5628 '"
3428 5592 3556 5651 ibid.
3578 5584 3719 5652 9,10.

529 5660 576 5694 ⁸⁸
613 5661 740 5715 ibid.
773 5661 857 5712 l3.
930 5660 973 5692 “
1001 5658 1139 5713 Psal.
1171 5673 1223 5720 ι..
1257 5660 1339 5715 l8.
1407 5662 1449 5693 ”
1471 5659 1613 5716 Psal.
1654 5673 1836 5722 nux,
1869 5656 1899 5708 7

603 5751 678 5823 (Ι)
701 5750 1003 5822 Legendum
1037 5747 1274 5818 σώματα.
