3818 6370
163 413 286 471 ωθ

1347 405 1488 464 COM
1498 394 1854 463 MENTABIA
1890 411 1960 466 ΙΝ
1996 411 2324 470 PSALMOS.

3371 427 3470 482 επ)

177 529 354 600 una,
384 507 487 562 τοῦ
515 511 666 568 Θεοῦ
690 558 708 580 ,
767 522 1001 597 φοϐερὸς
1032 525 1088 576 ὲν
1119 517 1335 590 βουλαῖς
1370 523 1508 591 ὑπὲρ
1534 515 1656 578 τοὺς
1685 517 1838 584 υἱοὺς

1941 525 2200 581 terribilis
2235 527 2289 580 in
2338 521 2592 581 consiliis
2647 538 2810 596 super
2851 527 2987 584 ﬁlios
3027 518 3350 585 hominum.»
3407 532 3472 588 Ει

211 618 332 668 τῶν
350 602 448 663 ἀνθ
457 603 670 675 ρώπων
688 626 705 640 ·
722 629 740 661 ι
763 615 868 667 καὶ
892 612 1256 684 ταῦταβλεγον
1271 619 1380 678 τοῖς
1397 615 1588 666 ἔθνεσι.
1607 607 1713 660 Καὶ
1727 610 1824 663 νῦν

217 702 332 758 οὖν
347 695 577 754 πάλινοὶ
593 700 760 755 αὐτοὶ
778 705 968 769 αὐτοῖς
981 707 1090 766 τοῖς
1117 704 1486 774 προσφωνοῦσι
1501 702 1793 770 φάσκοντες
1809 718 1823 732 ο

241 812 264 843 ς
288 790 456 845 Δεῦτε
488 789 586 843 καὶ
613 791 920 853 ἀκούσατε,
941 797 1033 848 καὶ
1057 795 1398 866 διηγήσομαι.
1427 815 1444 846 ι
1465 795 1618 854 Τίνες
1631 791 1686 843 δὲ
1705 791 1826 845 δεῦ-

229 901 302 937 τε
331 902 351 950 ;
383 883 629 950 ἐπιλέγει
659 883 814 954 ἑξῆς·
849 905 868 937 ι
891 887 1094 948 Πάντες
1120 887 1167 938 ol
1189 886 1500 955 φοϐούμενοι
1524 884 1611 937 τὸν
1631 883 1821 936 Θεόνοι

228 976 349 1040 οὓς
377 975 640 1046 ἀνωτέρω
668 975 802 1028 ποτὲ
831 975 930 1046 μὲν
951 977 1126 1028 πᾶσαν
1146 975 1241 1045 τὴν
1262 977 1363 1045 γῆν
1383 973 1675 1046 ὠνόμαζον,
1699 975 1826 1026 ποτὲ

221 1069 297 1122 δὲ
358 1068 546 1121 πάντα
574 1068 645 1120 τά
676 1066 823 1138 ἔθνη.
869 1069 1004 1131 Τοὺς
1062 1067 1250 1130 αὐτοὺς
1297 1066 1399 1138 γὰρ
1432 1067 1524 1118 καὶ
1585 1065 1675 1116 ἐπὶ
1734 1065 1824 1116 τοῦ

221 1177 328 1212 πα
338 1160 528 1230 ρόντος
564 1156 786 1228 δηλοῦσι
803 1157 967 1226 φοδου
974 1159 1159 1227 μένους
1173 1158 1260 1209 τὸν
1275 1157 1401 1208 Θεὸν
1416 1152 1822 1218 ἀποκαλοῦντες.

219 1249 528 1310 Πολλάκις
557 1247 618 1300 δὲ
647 1249 742 1300 καὶ
771 1250 828 1299 ὲν
860 1248 1061 1317 ἑτέροις
1093 1247 1441 1316 ἀπεδείξαμεν
1464 1285 1480 1307 ,
1509 1246 1580 1307 ὡς
1613 1247 1734 1306 τοὺς
1767 1243 1826 1307 ἐξ

218 1339 424 1392 ἐθνῶν
475 1336 874 1398 θεοσεϐοῦντας
919 1335 1276 1404 φοϐουμένους
1304 1334 1392 1386 τὸν
1420 1333 1616 1403 Κύριον
1645 1332 1824 1385 καλεῖν

215 1427 445 1481 εἴωθεν
466 1430 498 1481 ὁ
521 1427 716 1493 Λόγος.
737 1427 890 1478 Ἐπεὶ
911 1427 1084 1478 τοίνυν
1108 1425 1292 1495 μνείας
1309 1425 1472 1476 δεῖται
1491 1424 1550 1476 τὸ
1573 1424 1825 1492 κήρυγμα

216 1518 300 1570 τὸ
335 1514 734 1579 ἀποστολικὸν,
769 1513 1075 1581 ἀναγκαίως
1102 1512 1512 1580 ἐπαγγέλλονται
1537 1510 1633 1580 τὴν
1658 1510 1825 1579 ἑρμη-

216 1624 295 1658 νε
305 1606 399 1658 ίαν
422 1603 780 1675 παραδώσειν
799 1606 909 1664 τοῖς
926 1603 1097 1654 ἔθνεσι
1117 1601 1357 1669 λέγοντες
1375 1617 1386 1629 ·
1417 1619 1436 1651 ‹
1458 1600 1618 1652 Δεῦτε
1637 1638 1650 1662 ,
1673 1599 1826 1652 ἀκού-

219 1711 407 1756 σατε,
439 1695 544 1746 καὶ
571 1693 903 1763 διηγήσομαι
924 1708 938 1720 ·
965 1710 983 1741 ›
1014 1691 1237 1759 Λέγουσι
1261 1690 1316 1742 δὲ
1342 1689 1506 1742 ταῦτα
1530 1689 1602 1751 ὠς
1628 1689 1684 1753 ἐξ
1709 1690 1825 1752 ἑνὸς

220 1781 530 1850 στόματος
569 1779 662 1832 διά
693 1779 793 1849 τὴν
818 1778 1092 1831 τελείωσιν
1114 1795 1128 1809 ο
1159 1781 1206 1830 οἱ
1235 1777 1341 1847 γάρ
1370 1779 1563 1840 πάντες
1585 1778 1642 1830 ἓν
1671 1779 1826 1846 γεγό-

218 1889 374 1924 νασι
411 1869 804 1930 τελειωθέντες
833 1870 889 1921 ὲν
918 1867 1120 1938 Κυρίῳ.
1166 1869 1274 1920 Καὶ
1303 1867 1469 1919 ταῦτα
1501 1866 1740 1931 θεσπίζει
1768 1869 1826 1920 τὸ

221 1955 485 2029 Πνεῦμα
504 1958 569 2012 τὸ
590 1957 748 2025 ἅγιον
763 1957 839 2019 ὼς
857 1955 915 2020 ἐξ
934 1955 1047 2018 ἑνὸς
1064 1955 1221 2024 χοροῦ
1241 1954 1330 2006 τοῦ
1354 1954 1699 2008 ἀποστολικοῦ
1717 1959 1826 2017 τοῖς

215 2053 434 2104 ἔθνεσι
467 2045 858 2119 προσφωνοῦν,
888 2045 1338 2114 ὲπαγγελλόμενόν
1362 2061 1420 2097 τε
1440 2044 1824 2114 διερμηνεύειν,

219 2141 350 2192 ὅσα
383 2139 652 2207 εποίησεν
680 2138 708 2188 ὁ
742 2135 873 2198 Θεὸς
901 2137 967 2205 τῇ
995 2135 1136 2204 ψυχῇ
1165 2133 1357 2188 αὐτῶν.
1413 2134 1582 2186 Πάλαι
1618 2135 1713 2204 μὲν
1738 2131 1826 2186 οὖν

221 2229 447 2296 ἔλεγον
466 2244 481 2257 ·
521 2248 538 2273 ι
565 2225 732 2277 Δεῦτε
758 2224 852 2276 καὶ
879 2222 1013 2275 ἴδετε
1036 2222 1101 2274 τά
1127 2221 1258 2292 ἔργα
1284 2219 1374 2273 τοῦ
1400 2221 1551 2285 Θεοῦ,
1577 2221 1651 2284 ὡς
1675 2222 1825 2291 μετέ-

223 2318 461 2389 στρεψέ
493 2333 632 2368 ποτε
653 2315 751 2385 τὴν
774 2304 1043 2366 θάλασσαν
1063 2314 1141 2374 εἰς
1166 2311 1468 2382 ξηράν,.καὶ
1489 2313 1561 2375 ὠς
1586 2315 1640 2365 ἐν
1670 2331 1827 2366 ποτα-

229 2408 338 2479 μῷ
367 2407 595 2476 διῆλθον
627 2402 768 2456 ποδί.
785 2421 803 2453 ι
841 2402 974 2454 Νυνὶ
987 2401 1043 2453 δὲ
1065 2400 1242 2453 οὐκέτι
1264 2399 1331 2452 τὰ
1359 2400 1584 2460 παλαιὰ.
1609 2400 1739 2453 άλλά
1761 2402 1827 2453 τὰ

227 2501 348 2570 τῆς
385 2499 521 2560 νέας
549 2497 649 2549 καὶ
669 2494 861 2563 καινῆς
891 2493 1124 2563 ἱστορίας
1146 2490 1568 2562 παραδεδώκασι,
1595 2494 1688 2554 τὰς
1707 2493 1828 2544 ἐαυ-

229 2590 360 2643 τῶν
414 2585 657 2658 πράξεις
702 2583 1100 2654 ὑφηγούμενοι,
1153 2584 1244 2635 καὶ
1274 2582 1370 2644 τὰς
1396 2585 1472 2643 είς
1504 2583 1695 2645 αὐτοὺς
1726 2582 1828 2634 ὑπὸ

228 2680 341 2733 τοῦ
377 2677 524 2732 Θεοῦ
555 2675 854 2745 γενομένας
884 2672 1212 2742 εὐεργεσίας.
1262 2673 1352 2724 Διό
1384 2689 1542 2740 φασιν
1566 2690 1580 2702 ·
1647 2692 1664 2723 ι
1692 2674 1828 2726 Ὅσα

228 2772 489 2840 ἐποίησε
527 2769 599 2836 τῇ
627 2766 772 2834 ψυχῇ
807 2780 966 2832 μου·›
999 2759 1114 2815 εἶτα
1147 2763 1448 2832 διηγοῦνται
1473 2762 1566 2831 τὴν
1595 2763 1827 2830 ἐπαγγε-

229 2860 377 2914 λίαν
405 2857 773 2927 πληροῦντες.
822 2854 923 2915 Τίς,
945 2853 1000 2905 δὲ
1032 2854 1064 2920 ή
1094 2852 1364 2922 διήγησις;
1418 2871 1436 2903 ι
1479 2853 1619 2922 Πρὸς
1650 2853 1826 2914 αὑτὸν,

232 2951 392 3019 φησὶ
418 2988 434 3010 ,
483 2945 566 3015 τῷ
607 2943 832 3013 στόματί
887 2959 985 3012 μου
1037 2941 1336 3011 ἐκέκραξα,
1396 2942 1488 2993 καὶ
1518 2940 1703 3009 ῦψωσα
1729 2942 1830 2993 ὑπὸ

232 3043 351 3110 τὴν
379 3035 648 3106 γλῶσσάν
673 3051 794 3103 μου.
825 3052 842 3082 ι
890 3031 1101 3101 Ἐπειδὴ
1123 3031 1228 3101 γὰρ
1253 3030 1347 3092 τὰς
1367 3033 1444 3094 είς
1471 3032 1660 3093 αὐτοὺς
1680 3032 1830 3101 εὐερ-

233 3129 452 3199 γεσίας
498 3123 596 3178 τοῦ
631 3121 768 3176 Θεοῦ
799 3121 1266 3190 κατηριθμήσαντο
1288 3161 1302 3184 ,
1335 3119 1410 3182 ὡς
1451 3119 1822 3190 ὲπυρώθησαν,
1854 3163 1894 3218 C

231 3221 323 3283 ὡς
355 3213 811 3286 ἐδοκιμάσθησαν
831 3249 845 3271 ,
877 3210 951 3272 ὼς
976 3208 1214 3280 εἰσῆλθον
1237 3209 1315 3271 εἰς
1345 3209 1443 3271 τὰς
1475 3209 1708 3278 θλίψεις,
1756 3209 1829 3271 ὡς

232 3308 596 3377 ὑπέμειναν,
622 3302 700 3364 ὼς
719 3301 928 3370 διῆλθον
946 3299 1033 3352 διὰ
1057 3300 1223 3369 πυρὸς
1245 3299 1336 3352 καὶ
1357 3299 1563 3362 ῦδατος,
1584 3299 1656 3362 ὡς
1681 3297 1832 3367 ἐξῆλ-

232 3403 346 3455 θον
374 3401 460 3461 εἰς
486 3394 772 3464 ἀναψυχήν
792 3409 804 3421 ·
833 3393 912 3445 ὅτι
942 3391 1014 3461 μὴ
1043 3390 1223 3461 ἀργῶς
1245 3390 1412 3444 ταῦτα
1434 3391 1611 3453 αὐτοῖς
1637 3391 1828 3452 πάντα,

233 3495 272 3562 ἡ
311 3491 450 3543 Θεία
477 3486 782 3556 δεδώρηται
812 3485 966 3553 χάρις
989 3499 1001 3512 ·
1036 3481 1167 3534 ἀλλά
1198 3480 1304 3550 γὰρ
1328 3481 1501 3533 αὐτῶν
1528 3480 1594 3539 τὰ
1627 3479 1832 3549 μεγάλα

235 3599 311 3634 συ
322 3576 735 3650 μϐαλλομένων
751 3575 829 3635 είς
842 3573 902 3624 τὸ
921 3571 1210 3641 μαρτύριον
1229 3569 1559 3622 διδάσκουσιν
1577 3569 1831 3635 ἀναγκαί-

236 3689 356 3734 ως.
388 3667 626 3738 Πρῶτον
665 3663 765 3734 μὲν
793 3662 932 3733 γάρ,
968 3660 1149 3729 φασὶν,
1182 3659 1430 3710 οὐδέποτε
1459 3657 1831 3728 ἀνεχωροῦμεν

235 3761 562 3830 εὐχόμενοι
599 3755 695 3806 καὶ
731 3752 955 3821 βοῶντες
982 3751 1115 3820 πρὸς
1140 3748 1317 3802 αὐτόν.
1389 3749 1654 3817 Ἐϐοωμεν
1685 3749 1738 3801 δὲ
1770 3749 1828 3799 οὐ

235 3850 486 3922 κραυγῇ
520 3844 620 3898 καὶ
646 3844 795 3911 φωνῇ
829 3838 1067 3908 γεγωνῷ.
1103 3838 1213 3891 ἀλλ’
1248 3857 1265 3888 ι
1292 3838 1393 3889 ὑπὸ
1420 3837 1511 3908 τὴν
1539 3838 1782 3904 γλῶσσαν
1808 3857 1826 3888 ι

235 3939 399 3993 εἵσω
424 3933 748 4001 συνέχοντες
769 3928 944 3981 αὐτῶν
965 3927 1060 3989 τὰς
1088 3927 1234 3996 βοάς·
1261 3927 1476 3996 ᾔδειμεν
1493 3927 1617 3997 γὰρ,
1641 3929 1721 3980 ὅτι
1741 3928 1832 3978 καὶ.

237 4022 610 4080 σιωπώντων
639 4015 824 4070 ἀκούει
851 4016 878 4067 ὁ
902 4014 1052 4076 Θεὸς,
1076 4013 1165 4066 καί
1192 4017 1294 4066 εἰσι
1320 4015 1556 4084 κραυγαὶ
1580 4015 1752 4085 ψυχῆς
1773 4016 1830 4068 οὐ

239 4117 354 4171 διὰ
385 4111 643 4181 γλώττης
674 4107 1072 4178 προφερόμεναι
1091 4145 1105 4168 ,
1135 4107 1353 4176 ἀρρήτῳ
1375 4107 1430 4158 δὲ
1455 4107 1676 4176 δυνάμει
1703 4108 1833 4177 πρὸς

239 4207 358 4260 τὸν
378 4203 520 4255 Θεὸν
549 4197 1023 4266 άναπεμπόμεναι.
1060 4195 1167 4248 Καὶ
1192 4194 1346 4248 τοῦτὸ
1374 4199 1516 4249 ἐστιν
1542 4197 1572 4248 ὃ
1601 4198 1833 4261 ἐδίδαξεν

242 4301 273 4352 5
298 4292 511 4363 Σωτὴρ
534 4287 706 4342 εἰπών
723 4305 736 4318 ·
761 4285 1006 4339 (Εἵσελθε
1032 4285 1111 4346 εἰς
1124 4285 1183 4337 τὸ
1200 4286 1439 4355 ταμιεῖόν
1456 4303 1567 4347 σου,
1585 4287 1676 4338 καὶ
1695 4286 1835 4338 κλεῖ-

242 4401 362 4439 σον
382 4381 488 4452 τὴν
520 4377 694 4447 θύραν
724 4391 814 4427 σου
834 4415 849 4439 ,
880 4373 974 4426 καὶ
1006 4371 1292 4442 πρόσευξαι
1317 4389 1330 4404 ·
1357 4373 1450 4427 καὶ
1481 4375 1509 4424 ὁ
1534 4375 1718 4444 Πατήρ
1742 4391 1832 4427 σου

242 4479 274 4528 5
319 4471 548 4542 βλέπων
577 4469 637 4518 ἐν
668 4463 745 4534 τῷ
771 4461 992 4533 κρυπτῷ
1023 4462 1284 4514 ἀποδώσει
1310 4479 1410 4515 σοι.
1441 4482 1458 4514 ι
1533 4463 1714 4525 Οὕτως
1740 4459 1830 4516 οῦν

241 4564 362 4615 καὶ
391 4555 638 4612 ἐνταῦθά
660 4569 853 4622 φασιν,
877 4553 958 4605 ὃτι
993 4570 1010 4600 ι
1030 4552 1169 4621 Πρὸς
1197 4552 1352 4604 αὐτὸν
1376 4551 1453 4620 τῷ
1481 4552 1701 4621 στόματί
1734 4570 1832 4622 μου

241 4648 553 4721 ἐκέκραξα
580 4645 676 4698 κα)⁸
702 4642 890 4712 ῦψωσα
920 4641 1023 4693 ὑπὸ
1044 4641 1139 4711 τὴν
1159 4641 1405 4708 γλῶσσάν
1430 4658 1549 4710 μουο
1576 4661 1594 4692 ι
1623 4643 1760 4695 κατά
1780 4644 1836 4696 δὲ

241 4743 355 4794 τὸν
390 4738 715 4807 Σύμμαχον,
746 4752 764 4784 ι
783 4732 954 4784 Αὐτὸν
972 4733 1145 4799 ,ςφασὶ
1163 4773 1177 4795 ,
1215 4731 1291 4801 τῷ
1320 4731 1544 4800 στόματί
1581 4749 1679 4800 μου
1709 4735 1835 4785 ἐπε-

243 4830 617 4898 καλεσάμην,
665 4825 758 4877 καὶ
784 4822 971 4892 ὑψώθη
1005 4823 1331 4891 παραχρῆμα
1364 4823 1398 4889 ὴ
1432 4821 1649 4887 γλῶσσά
1679 4841 1832 4893 μου.»

257 4921 416 4976 Ἀλλ’
441 4919 509 4970 οὐ
539 4915 697 4984 μόνον
723 4916 844 4975 ταῖς
862 4913 1046 4979 εύχαῖς
1069 4911 1421 4980 ἐσχολάζομεν
1441 4911 1533 4962 καὶ
1557 4915 1677 4975 ταῖς
1707 4915 1840 4985 πρὸς

243 5015 346 5066 τὸν
376 5009 524 5064 Θεὸν
553 5007 769 5076 δεήσεσι
799 5002 895 5056 καὶ
929 5003 1219 5071 ἱκετηρίαις
1238 5018 1250 5031 '
1275 5001 1408 5054 ἀλλὰ
1434 5002 1526 5054 καὶ
1548 5003 1729 5073 ἔργοις
1749 5007 1842 5058 αὑ-

245 5109 366 5166 τοῖς
398 5094 869 5166 άπεστρεφόμεθα
903 5092 1001 5160 μὲν
1029 5093 1200 5143 πᾶσαν
1225 5089 1454 5152 ἀδικίαν,
1477 5091 1550 5153 ὡς
1575 5093 1716 5163 μηδὲ
1747 5097 1844 5164 έμ-

245 5193 485 5244 6).έπειν
507 5186 645 5254 αὐτῇ
667 5181 898 5241 ἐθέλειν,
922 5179 955 5247 ἢ
977 5179 1066 5231 καὶ
1087 5179 1168 5248 τῷ
1182 5178 1252 5247 νῷ
1275 5176 1620 5244 ἐνθυμεῖσθαί
1645 5199 1703 5233 τι
1731 5183 1845 5235 άδι-

241 5299 363 5336 κον.
403 5278 468 5330 El
492 5275 600 5344 γάρ
629 5287 684 5321 τι
704 5266 952 5318 τοιοῦτον
977 5265 1294 5334 ἐνενοοῦμεν,
1321 5263 1434 5314 οὐδ’
1457 5267 1845 5326 είσακούεσθαι

1935 612 2020 666 his
2047 623 2234 683 gentes
2266 613 2702 684 alloquebantur.
2751 614 2902 670 Nunc
2932 616 3094 686 igitur
3123 619 3222 687 ipsi
3254 620 3467 674 eosdem

1933 703 2256 770 compellant
2288 704 2370 758 his
2395 701 2573 758 verbis
2605 719 2616 754 :
2653 722 2672 755 ι
2697 701 2906 768 Venite,
2923 712 2977 761 et
3027 707 3224 770 audite,
3259 719 3310 762 et
3344 725 3467 763 nar-

1934 791 2084 844 rabo.
2118 811 2136 844 ι
2181 791 2430 857 Quinam,
2464 791 2681 847 venite?
2732 795 2922 851 deinde
2986 797 3143 851 infert
3178 815 3191 851 :
3224 815 3243 848 ‹
3268 796 3468 854 Omnes

1932 880 2028 948 qui
2058 881 2258 935 timetis
2285 881 2478 937 Deum:
2516 902 2534 934 ι
2568 899 2706 951 quos
2735 901 2896 954 supra
2925 886 3083 940 modo
3114 901 3324 941 omnem
3355 899 3466 944 ter-

1935 985 2049 1022 ram
2085 983 2547 1041 nuncupaverant,
2580 975 2738 1028 modo
2763 991 2950 1030 omnes
2979 984 3186 1046 gentes.
3235 977 3462 1032 Eosdem

1933 1060 2074 1112 enim
2124 1061 2178 1114 in
2227 1065 2478 1131 praesenti
2509 1062 2805 1125 declarant,
2853 1082 2973 1119 cum
3009 1067 3257 1120 timentes
3299 1067 3463 1122 Deum

1932 1153 2269 1220 compellant.
2320 1151 2642 1224 Plerumque
2677 1157 2732 1209 in
2763 1156 2883 1210 aliis
2903 1159 3460 1222 commonstravimus,

1929 1254 2022 1293 eos
2044 1256 2107 1294 ex
2138 1242 2387 1309 gentibus
2407 1245 2498 1311 qui
2525 1246 2666 1312 piam
2696 1246 2881 1299 colunt
2909 1247 3238 1316 religionem,
3271 1249 3461 1304 timen-

1930 1335 2012 1384 tes
2045 1329 2327 1385 Dominum
2383 1333 2710 1404 Scripturam
2764 1337 3031 1404 appellare
3084 1339 3274 1392 solere.
3327 1338 3462 1404 Quo-

1930 1421 2074 1474 niam
2135 1421 2301 1491 igitur
2360 1426 2672 1492 prtedicatio
2723 1428 3027 1495 evangelica
3077 1430 3463 1482 commentario

1927 1518 2066 1578 eget,
2113 1524 2171 1563 se
2203 1512 2321 1579 ejus
2355 1513 2853 1582 interpretationem
2903 1515 3194 1570 tradituros
3220 1532 3458 1572 necessa-

1929 1602 2011 1654 rio
2061 1603 2309 1671 gentibus
2363 1605 2704 1672 pollicentur,
2739 1606 2980 1661 dicentes
3016 1626 3028 1660 :
3061 1625 3079 1656 ι
3110 1605 3312 1670 Venite,
3359 1623 3457 1660 au-

1929 1691 2056 1751 dite,
2092 1700 2144 1745 et
2190 1694 2477 1748 narrabo.»
2520 1693 2642 1748 Haec
2666 1710 2828 1763 porro
2883 1697 3036 1764 quasi
3090 1712 3156 1750 ex
3202 1712 3311 1750 uno
3367 1712 3464 1751 ore

1928 1781 2209 1850 proferunt
2233 1792 2450 1852 propter
2465 1786 3017 1840 consummationem:
3047 1802 3234 1842 omnes
3261 1787 3463 1856 quippe

1927 1871 1979 1923 in
2006 1871 2226 1926 Christo
2253 1874 2612 1926 consummati
2643 1890 2807 1926 unum
2855 1874 3028 1929 effecti
3063 1884 3210 1930 sunt.
3267 1875 3332 1928 Et
3359 1875 3462 1929 hoc

1928 1959 2160 2030 Spiritus
2212 1969 2433 2017 sanctus
2469 1964 2623 2032 quasi
2673 1979 2736 2017 ex
2793 1979 2900 2018 uno
2945 1967 3244 2034 apostolico
3293 1967 3462 2020 choro

1925 2049 2173 2118 gentibus
2198 2051 2425 2120 loquens
2453 2052 2819 2118 vaticinatur;
2867 2069 2929 2106 ac
2962 2056 3242 2123 pollicetur
3271 2070 3330 2110 se
3368 2056 3465 2110 de-

1926 2139 2255 2194 claraturum
2303 2150 2505 2209 quanta
2559 2143 2746 2196 fecerit
2787 2142 2926 2198 Deus
2966 2145 3158 2198 animae
3198 2145 3458 2212 ipsorum.

1925 2225 2060 2280 Olim
2091 2229 2310 2296 quidem
2339 2245 2353 2280 :
2387 2228 2658 2292 dicebant,
2699 2247 2715 2278 ι
2742 2229 2930 2285 Venite
2962 2239 3015 2284 et
3069 2233 3245 2286 videte
3299 2248 3462 2300 opera

1929 2318 2038 2380 Dei,
2070 2320 2161 2387 qui
2200 2319 2488 2388 aliquando
2538 2323 2800 2374 convertit
2840 2337 2988 2376 mare
3025 2323 3080 2375 in
3125 2323 3350 2384 aridam,
3408 2330 3463 2376 et

1927 2411 1980 2462 in
2010 2409 2226 2465 ﬁumine
2255 2413 2687 2480 pertransierunt
2707 2413 2858 2481 pede.
2911 2432 2930 2466 ι
2957 2411 3109 2467 Nunc
3143 2423 3319 2468 autem
3355 2427 3463 2468 non

1927 2509 2102 2554 vetera
2128 2501 2375 2567 ulterius,
2407 2503 2500 2558 sed
2543 2518 2604 2558 ea
2635 2519 2754 2571 quae
2781 2517 2972 2556 novam
3011 2513 3254 2570 spectant
3291 2504 3462 2557 histo-

1927 2591 2061 2643 riam
2109 2591 2347 2655 tradunt,
2389 2600 2537 2661 gesta
2569 2608 2688 2656 sua,
2738 2607 2951 2646 necnon
2993 2605 3021 2643 a
3054 2591 3162 2646 Deo
3213 2593 3315 2646 sibi
3353 2592 3467 2646 colo

1928 2679 2032 2730 lata
2093 2677 2351 2731 beneﬁcia
2388 2687 2692 2734 narrantes.
2717 2679 2894 2744 Quare
2926 2679 3113 2732 dicunt
3145 2696 3159 2731 ι
3206 2697 3226 2728 ι
3254 2678 3466 2744 Quanta

1929 2767 2054 2821 fecit
2082 2767 2273 2820 anima:
2307 2782 2468 2833 meae;
2492 2787 2510 2822 ι
2545 2768 2738 2822 deinde
2770 2768 3052 2836 promissis
3103 2777 3307 2823 stantes
3343 2783 3466 2823 nar-

1926 2858 2184 2912 rationem
2206 2859 2510 2922 ordjuntur.
2533 2860 2662 2924 Quae
2689 2861 2925 2914 narratio
2956 2860 3080 2914 illa?
3122 2879 3139 2910 ι
3161 2861 3238 2914 Ad
3268 2861 3462 2930 ipsum,

1930 2946 2120 3013 inquit,
2187 2962 2281 3000 ore
2309 2963 2425 3001 meo
2455 2949 2702 3009 clamavi,
2741 2957 2795 3003 et
2855 2949 3080 3003 exaltavi
3137 2950 3239 3004 sub
3288 2952 3467 3020 lingua

1930 3049 2099 3087 mea.»
2142 3033 2273 3087 Nam
2309 3035 2436 3103 quia
2477 3035 2571 3089 Dei
2600 3051 2728 3104 erga
2771 3051 2828 3090 se
2871 3037 3127 3090 beneﬁcia
3181 3053 3466 3093 recensue-

1928 3133 2071 3186 rnnt,
2124 3125 2395 3192 quomodo
2436 3125 2643 3179 scilicet
2691 3126 2812 3194 igne
2839 3127 3126 3178 examinati
3170 3135 3224 3179 et
3257 3128 3464 3195 probati

1931 3213 2058 3275 sint,
2087 3214 2354 3282 quomodo
2381 3215 2431 3267 in
2462 3215 2719 3268 airumnis
2767 3216 2927 3282 positi
2965 3228 3059 3268 eas
3087 3215 3464 3281 sustinuerint,

1926 3319 2033 3373 quo
2065 3311 2220 3373 pacto
2250 3305 2569 3360 transierint
2592 3320 2686 3373 per
2733 3305 2906 3373 ignem
2937 3313 2992 3358 et
3037 3319 3250 3373 aquam,
3297 3315 3350 3359 et
3381 3306 3466 3358 in-

1927 3396 2100 3463 gressi
2133 3395 2242 3448 sint
2273 3392 2327 3447 in
2385 3394 2760 3463 refrigerium;
2793 3393 2934 3462 quod
2969 3408 3076 3446 non
3127 3395 3239 3448 haec
3283 3394 3466 3448 omnia

1852 1861 1898 1922 ,Β

1927 3486 2031 3540 sibi
2068 3484 2266 3538 frustra
2311 3482 2502 3560 divina
2537 3483 2709 3551 gratia
2753 3483 3078 3546 contulerit;
3132 3483 3228 3538 sed
3280 3484 3466 3538 isthaec

1927 3572 2028 3626 sibi
2068 3574 2296 3627 maxime
2325 3573 2391 3627 ad
2435 3575 2748 3642 martyrium
2799 3573 3124 3642 profuerint,
3161 3576 3467 3629 necessario

1926 3664 2170 3718 edocent.
2211 3662 2394 3716 Primo
2452 3661 2690 3731 quidem,
2747 3663 2918 3724 aiunt,
2975 3678 3252 3732 nunquam
3306 3663 3465 3716 ﬁnem

1926 3753 2178 3822 precandi
2213 3754 2389 3822 ipsum
2421 3763 2473 3806 et
2494 3753 2760 3806 clamandi
2793 3751 3038 3807 fecimus.
3074 3752 3254 3822 Neque
3291 3763 3468 3807 tamen

1928 3841 2034 3892 alta
2064 3847 2117 3893 et
2147 3854 2342 3894 sonora
2363 3853 2494 3894 voce
2516 3839 2901 3898 clamabamus,
2923 3840 3015 3894 sed
3055 3857 3073 3890 ι
3101 3841 3202 3894 sub
3228 3841 3462 3910 lingua,»

1929 3937 2075 3990 intus
2116 3938 2385 3990 clamores
2412 3943 2632 3988 nostros
2661 3933 3096 4002 comprimentes.
3136 3933 3468 3988 Noveramus

1928 4029 2128 4096 quippe
2159 4026 2323 4080 Deum
2357 4027 2440 4080 vel
2495 4032 2734 4078 tacentes
2785 4023 2992 4085 audire,
3023 4035 3251 4092 esseque
3275 4025 3470 4076 clamo-

1929 4134 2017 4173 res
2049 4135 2155 4172 non
2205 4119 2390 4188 lingua
2437 4119 2533 4174 sed
2581 4126 2762 4172 mente
2817 4115 3076 4184 prolatos,
3115 4131 3178 4167 ac
3214 4116 3468 4170 ineffabili

1931 4210 2134 4264 virtute
2183 4210 2250 4264 ad
2298 4209 2465 4264 Deum
2514 4209 2765 4264 emissos.
2827 4206 3171 4274 Idipsumque
3198 4221 3229 4258 a
3275 4205 3471 4260 Serva-

1930 4309 2047 4356 tore
2115 4302 2340 4356 docetur
2387 4301 2474 4355 his
2530 4300 2749 4354 verbis:
2803 4295 2989 4348 «intra
3052 4295 3107 4347 in
3161 4295 3468 4349 cubiculum

1933 4400 2109 4460 tuum,
2139 4401 2193 4446 et
2227 4391 2412 4444 clauso
2454 4388 2596 4444 ostio
2623 4401 2750 4440 ora:
2785 4391 2839 4440 et
2868 4383 3027 4437 Pater
3055 4389 3181 4437 tuus
3208 4383 3298 4452 qui
3326 4384 3470 4438 videt

1862 4479 1904 4532 ι)
1929 4483 1983 4536 in
2008 4482 2344 4543 abscondito,
2380 4480 2567 4534 reddet
2591 4477 2686 4530 tibi
2702 4475 2767 4529 ⁸³.
2797 4493 2816 4525 ι
2845 4473 2933 4527 Sic
2949 4473 3112 4542 igitur
3138 4472 3229 4528 hic
3245 4475 3472 4543 loquun-

1935 4583 2022 4627 tnr
2063 4593 2076 4626 :
2131 4592 2148 4622 ι
2173 4573 2251 4625 Ad
2288 4574 2458 4640 ipsum
2488 4583 2581 4622 ore
2622 4580 2740 4620 meo
2785 4565 3010 4618 clamavi
3037 4571 3090 4618 et
3115 4565 3343 4619 exaltavi
3371 4564 3472 4620 sub

1934 4665 2114 4733 lingua
2156 4677 2308 4727 mea;
2359 4681 2378 4713 ι
2404 4658 2694 4715 secundum
2730 4653 3109 4724 Symmachum
3131 4670 3262 4708 vero
3291 4673 3304 4708 :
3342 4672 3361 4704 ι
3389 4653 3473 4722 Ip-

1937 4771 2078 4818 sum,
2128 4755 2310 4816 aiunt,
2355 4766 2450 4805 ore
2502 4761 2620 4802 meo
2672 4743 2950 4806 invocavi,
2993 4752 3046 4798 et
3113 4744 3345 4797 exaltata
3390 4751 3474 4797 est

1939 4845 2222 4900 confestim
2262 4843 2440 4895 anima
2491 4851 2663 4892 mea.»
2719 4833 2829 4888 Sed
2875 4849 2985 4887 non
3017 4839 3226 4885 tantum
3273 4833 3474 4885 oratio-

1939 4936 2121 4995 nibus,
2200 4930 2450 5002 precibus
2507 4933 2561 4980 et
2617 4921 3106 4992 supplicationibus
3178 4919 3246 4972 ad
3305 4918 3473 4972 Deum

1938 5023 2152 5078 emissis
2175 5020 2510 5080 vacavimus;
2541 5011 2634 5068 sed
2666 5011 2801 5080 ipsis
2847 5009 3102 5078 operibus
3139 5006 3472 5074 iniquitatem

1941 5126 2152 5167 omnem
2181 5107 2418 5164 aversati.
2441 5116 2659 5165 sumus;
2701 5100 2775 5152 ita
2828 5104 2889 5152 ut
2932 5112 2999 5150 ne
3041 5094 3256 5162 quidem
3297 5095 3474 5162 respi-

1941 5217 2063 5256 cere
2113 5201 2257 5252 illam
2297 5193 2644 5250 voluerimus,
2678 5196 2774 5241 aut
2816 5187 3088 5256 quidpiam
3120 5182 3362 5250 iniquum
3392 5185 3476 5239 vel

1945 5293 2124 5346 animo
2151 5288 2408 5358 cogitare.
2444 5280 2572 5334 Nam
2608 5278 2653 5330 si
2683 5278 2818 5346 quid
2850 5276 3023 5331 simile
3060 5273 3478 5340 cogitassemus,

237 5371 386 5436 ἄξιοι
413 5365 482 5419 ἂν
513 5358 686 5432 ἦμεν·
719 5353 806 5406 διό
833 5367 1027 5417 φασιν⁹
1085 5371 1104 5402 ι
1139 5351 1362 5403 Ἀδικίαν
1391 5352 1439 5402 εί
1471 5353 1755 5424 ἐθεώρουν
1788 5361 1840 5412 ἐν

1950 5398 2058 5438 non
2089 5351 2246 5449 digni
2277 5387 2487 5430 eramus
2529 5367 2618 5436 qui
2667 5367 3068 5421 exaudiremur.
3118 5360 3479 5426 Quamobrem

234 5457 436 5531 καρδίᾳ
465 5467 574 5522 μου
595 5485 610 5509 ,
651 5443 733 5512 μὴ
765 5439 1128 5536 είσακρυσάτω
1161 5438 1373 5536 Κύριοςἶ
1399 5457 1418 5488 ι
1466 5441 1617 5494 Ἐπεὶ
1653 5445 1840 5501 τοίνυν

1948 5473 2097 5526 aiunt
2123 5438 2192 5524 ιν(
2218 5464 2549 5536 lniquitatem
2581 5459 2626 5511 si
2672 5460 2859 5528 aspexi
2893 5460 2945 5510 in
2989 5451 3150 5508 corde
3188 5463 3334 5511 meo,
3369 5465 3490 5532 no.1:-

227 5525 324 5608 καί
347 5525 456 5618 τήν
481 5539 747 5594 διάνοιαν
781 5526 1034 5596 τοιαύτην
1060 5525 1166 5598 εἶχε
1190 5529 1271 5580 καὶ
1315 5528 1419 5592 τὰς
1449 5533 1614 5604 εὐχάς
1639 5539 1846 5593 τοιαύ-

271 5734 322 5777 ιι
353 5716 568 5783 Matth.
613 5722 694 5765 γε,
725 5700 783 5751 5-

1947 5562 2200 5618 exaudiat
2226 5555 2537 5613 Dominusa
2592 5543 2737 5610 Quia
2769 5563 2898 5620 ergo
2937 5542 3031 5599 tali
3063 5544 3240 5594 mente
3279 5537 3491 5606 ιιι-πάξ.

1857 5649 1939 5665 ,Ὦ
