3818 6374
441 394 535 448 6⁸71
1082 381 1343 438 EUSEBII
1382 374 1856 434 CAESARIENSIS
1896 374 2049 430 OPP.
2094 372 2276 428 PARS
2313 370 2402 427 lll.
2433 399 2497 411 —
2536 362 2965 422 EXEGETICA.
3596 346 3692 396 67⁸1

442 520 530 565 tus
558 508 691 563 tales
727 504 999 560 orationes
1035 499 1307 562 fundebat,
1338 496 1458 564 jure
1510 494 1637 548 dicit
1669 512 1687 542 ι
1716 492 1965 561 Ρτοριρτ-

2111 508 2164 553 ις
2198 488 2532 557 ἀνέπεμπεν,
2587 484 2815 543 εἰκότως
2849 476 3028 547 φησι·
3076 490 3098 522 ι
3126 466 3240 565 Διὰ
3270 463 3435 565 Eoi-370
3458 462 3698 565 εἰσήκου-

443 616 503 655 ea
541 596 807 653 exaudivit
856 593 1016 655 Deus,
1061 598 1113 643 et
1159 588 1387 641 attendit
1416 586 1534 639 voci
1573 583 1968 651 deprecationis

2184 580 2212 630 6
2242 549 2379 639 Θεὸς·
2398 575 2490 628 καὶ
2522 572 2796 645 προσέσχε
2819 569 2890 635 τῇ
2923 563 3097 655 φωνῇ
3130 557 3243 626 τῆς
3270 549 3522 655 δεήσεώς
3542 567 3657 655 μου.
3676 568 3694 599 »

444 704 622 742 mere.»
681 685 743 737 Et
779 684 887 735 haec
936 681 990 733 in
1023 694 1187 733 causa
1222 684 1373 731 erant
1423 690 1519 729 cur
1573 673 1713 728 Deus
1744 680 1863 741 post
1891 679 1970 724 tot

2111 670 2185 723 Lai
2202 666 2370 720 ταῦτα
2400 660 2466 735 ἦν
2498 643 2576 717 τὰ.
2597 661 2750 715 αἴτια
2781 659 2851 710 δι’
2878 657 2917 709 ἃ
2944 652 3255 742 ἐξήγαγεν
3289 645 3448 742 ἡμᾶς
3476 644 3557 742 είς
3575 643 3701 742 ἀνα-

442 775 782 835 tentationes,
815 768 1060 823 eduxerit
1090 782 1189 847 nos
1223 767 1277 819 in
1310 763 1671 833 refrigerium.
1707 761 1812 814 Pro
1849 761 1969 829 qui-

2111 760 2239 829 υχὴν
2262 756 2397 827 μετά
2416 729 2538 817 τοὺς
2556 751 2851 811 τοσούτους
2874 763 2974 798 πει
2984 738 3281 814 ρασμούς.
3324 734 3448 803 Ἐφ’
3468 729 3551 795 οἷς
3574 732 3702 785 ᾶπα-

2391 846 2395 847 ν
2436 846 2441 847 ί
2673 843 2685 847 -
2926 837 2937 847 -
3139 830 3168 847 σι
3363 824 3677 847 2--.__1___.._

442 870 537 920 bus
566 861 813 916 omnibus
841 858 1076 912 debitum
1109 857 1402 926 gratiarum
1454 853 1686 907 actionis
1712 851 1970 922 hymnum

443 952 550 1004 Deo
579 948 910 1008 emittentes,
947 953 1119 998 totum
1168 957 1472 998 sermonem
1518 942 1623 995 hoc
1666 955 1762 994 ceu
1797 938 1974 1007 sigillo

440 1039 804 1094 concludunt:
860 1056 877 1087 ‹
906 1036 1228 1091 Benedictus
1273 1034 1434 1096 Deus,
1487 1032 1581 1101 qui
1620 1046 1728 1084 non
1774 1029 1973 1082 amovit

428 1132 735 1187 orationem
770 1144 941 1183 meam
972 1135 1025 1182 et
1083 1126 1510 1181 misericordiam
1561 1137 1713 1178 suam
1753 1136 1783 1174 a
1831 1136 1967 1173 me.»

439 1224 560 1277 Haec
586 1236 748 1291 porro
791 1220 970 1273 omnia
995 1218 1193 1271 chorus
1222 1216 1551 1285 apostolicus
1581 1229 1645 1268 ex
1672 1200 1831 1266 unius
1856 1226 1975 1278 pcr-

354 1332 365 1359 \
437 1329 590 1377 sona,
615 1310 1070 1370 benedictionem,
1115 1306 1328 1359 laudem
1383 1312 1435 1359 et
1490 1304 1782 1373 gratiarum
1810 1300 1975 1352 actio-

437 1416 555 1455 nem
586 1414 682 1468 pro
728 1397 981 1452 omnibus
1026 1410 1189 1463 supra
1238 1393 1547 1447 memoratis
1581 1389 1690 1444 Deo
1722 1387 1973 1453 oﬂ‘erens,

436 1499 558 1563 post
587 1499 665 1545 tot
694 1490 932 1558 prolatos
963 1501 1241 1541 sermones
1270 1482 1597 1552 obsignavit.

437 1603 487 1655 ί.
538 1601 604 1655 ΙΝ
643 1599 860 1654 FINEM
909 1597 974 1651 IN
1011 1594 1275 1718 IIYi‘glel
1327 1591 1645 1648 PSALMUS
1676 1587 1967 1646 CANTICI.

504 1782 669 1836 Vens.
698 1781 750 1841 2,
784 1781 837 1835 5.
878 1778 1058 1833 «Deus
1091 1777 1411 1831 misereatur
1427 1772 1597 1827 nostri
1620 1779 1672 1825 et
1698 1769 1977 1823 benedicat

2071 824 2122 903 σι
2264 824 2608 916 όφειλόμενον
2638 837 3089 911 εὐχαριστήριον
3139 830 3324 899 ὕμνον
3355 824 3702 916 ἀναπέμπον-

2070 958 2158 1003 τες
2189 938 2264 1008 τῷ
2293 914 2429 1006 Θεῷ,
2458 914 2887 1003 ἑπισφράγισμα
2919 924 3026 977 τοῦ
3061 919 3284 982 παντὸς
3316 915 3608 969 ποιοῦνται
3630 914 3703 965 λό-

2071 1047 2166 1097 γου
2198 1006 2493 1097 φάσκοντες
2514 1042 2528 1055 ·
2558 1043 2577 1075 ι
2600 1019 2917 1090 Εὐλογητὸς
2943 1019 2975 1068 6
3010 1013 3183 1076 Θεὸς,
3218 1011 3283 1072 ὃς
3314 1008 3425 1060 οὐκ
3452 1006 3704 1075 ἀπέστρε-

2071 1121 2137 1190 ψε
2160 1120 2254 1190 τὴν
2280 1115 2585 1189 προσευχήν
2613 1131 2736 1184 μου,
2789 1111 2888 1164 καὶ
2913 1108 2978 1160 τὸ
3004 1106 3170 1167 ἕλεος
3197 1100 3386 1156 αὐτοῦ
3410 1101 3507 1153 ἀπ’
3530 1097 3698 1166 ὲμοῦ.ι

2071 1211 2249 1264 Ταῦτα
2274 1210 2336 1261 δὲ
2354 1208 2528 1261 πάντα
2560 1207 2588 1257 6
2617 1204 2778 1274 χορὸς
2811 1203 2841 1253 6
2874 1196 3273 1256 ἀποστολικὸς
3303 1192 3371 1256 ἐξ
3396 1191 3521 1252 ἑνὸς
3553 1205 3702 1259 προσ-

2073 1303 2217 1355 ώπου
2260 1300 2396 1371 μετὰ
2434 1299 2641 1358 πάντας
2693 1295 2822 1356 τοὺς
2876 1286 3328 1361 προλεχθέντας
3380 1283 3579 1349 λόγους
3623 1282 3705 1332 ἑπ-

2073 1393 2453 1462 εσφραγίσατο,
2484 1386 2735 1453 εὐλογίαν
2763 1384 2859 1436 καὶ
2882 1378 3225 1446 δοξολογίαν
3244 1376 3356 1427 καὶ
3372 1370 3704 1443 εὐχαριστίαν

2074 1461 2329 1533 ὲπὶίπᾶσι
2368 1481 2478 1539 τοῖς
2513 1474 2897 1547 προλεχθεῖσιν
2934 1468 3331 1537 ἀναπέμπων
3367 1463 3452 1533 τῷ
3477 1461 3615 1532 Θεῷ.

2075 1591 2125 1644 1.
2165 1587 2270 1640 ΕΙΣ
2303 1588 2387 1639 ΤΟ
2417 1584 2640 1639 ΤΕΛΟΣ
2684 1582 2779 1635 ΕΝ
2803 1576 3109 1715 ΞέξΝΟΙΣ
3155 1571 3489 1626 ΨΑΛΜΟΣ
3526 1568 3702 1639 ῼΛΗΣ.

2149 1789 2167 1820 ‹
2190 1770 2244 1822 Ὀ
2266 1768 2393 1829 Θεὸς
2414 1766 2753 1835 οἰκτειρήσαι
2774 1764 2927 1832 ἡμᾶς
2942 1760 3048 1813 καὶ
3073 1758 3304 1827 εὐλογὴ
3315 1774 3410 1809 σαι
3428 1755 3593 1826 ἡμᾶς,
3610 1756 3705 1807 ἐπι-

437 1873 613 1935 nobis,
630 1872 893 1926 illuminet
907 1872 1108 1923 vultum
1122 1882 1274 1922 suum
1289 1880 1450 1933 super
1460 1878 1580 1925 nos,
1594 1870 1646 1916 et
1660 1862 1976 1915 misereatur

2111 1860 2235 1911 άναι
2258 1857 2318 1909 τὸ
2337 1857 2625 1927 πρόσωπον
2644 1851 2811 1905 αὐτοῦ
2831 1852 2920 1917 ἐφ’
2938 1852 2975 1919 ἡ
2988 1850 3109 1918 μᾶς
3129 1848 3237 1900 καὶ
3257 1846 3501 1916 ὲλεήσαι
3526 1845 3699 1913 ἡμᾶς.»

435 1962 661 2016 nostri.»
704 1959 948 2013 Praesens
975 1971 1188 2025 quoque
1204 1954 1462 2023 psalmus,
1487 1949 1825 2018 evangelicus
1852 1961 1973 2001 cum

435 2052 528 2114 sit,
579 2049 751 2104 eidem
797 2064 860 2102 ac
906 2046 1214 2119 praecedens
1252 2046 1416 2097 haeret
1463 2040 1772 2103 sententiae;
1807 2052 1975 2107 quare

442 2142 555 2195 «ad
609 2141 763 2195 ﬁnem
794 2158 812 2189 »
850 2146 902 2191 et
952 2138 1067 2205 ipse
1122 2136 1380 2198 remittit,
1439 2140 1599 2199 atque
1662 2128 1977 2181 «canticum

435 2228 667 2298 psalmi»
700 2226 1048 2290 inscribitur;
1080 2225 1205 2292 quia
1235 2223 1325 2276 ille
1347 2235 1561 2290 quoque
1587 2218 1826 2287 psalmus
1855 2229 1978 2269 can-

436 2319 527 2373 tici
559 2333 680 2372 esse
708 2316 1010 2370 dicebatur.
1052 2313 1309 2367 Fortasse
1334 2325 1463 2364 vero
1505 2309 1624 2363 ideo
1665 2316 1854 2362 neuter
1883 2320 1976 2359 eo-

436 2424 557 2461 rum
585 2407 743 2474 cujus
797 2407 908 2460 sint
959 2418 1236 2458 sermones
1272 2403 1322 2454 in
1359 2400 1514 2453 titulo
1545 2399 1803 2459 declarat,
1833 2394 1978 2465 quod

438 2496 785 2551 manifestum
838 2496 909 2547 sit
950 2506 1195 2561 qumnam
1230 2505 1472 2559 personae
1520 2489 1573 2541 in
1628 2495 1856 2554 utroque
1900 2485 1982 2536 lo-

438 2594 666 2656 quentes
694 2584 1037 2637 inducantur.
1063 2580 1270 2634 Etenim
1294 2579 1530 2648 gentium
1556 2590 1851 2645 praecones,
1869 2574 1980 2627 sive

437 2675 667 2743 apostoli
720 2672 1022 2727 Servatoris
1064 2671 1258 2730 nostri,
1323 2670 1378 2722 in
1420 2676 1648 2735 utroque
1694 2680 1980 2719 assumun-

446 2774 558 2815 tur.
616 2760 717 2826 Qui
750 2762 929 2813 statim
962 2760 1028 2812 ab
1050 2758 1272 2812 exordio
1301 2759 1354 2810 in
1382 2756 1628 2825 praesenti
1657 2755 1863 2823 psalmo
1883 2768 1981 2806 nec

440 2852 654 2905 occulte
686 2850 985 2903 acclamant
1014 2849 1067 2901 in
1096 2858 1234 2901 terra
1266 2853 1319 2900 et
1360 2847 1414 2899 in
1460 2846 1709 2898 omnibus
1733 2843 1980 2912 gentibus

440 2942 676 2994 salutare
731 2938 848 3003 Dei,
904 2948 959 2992 et
1022 2938 1166 2990 viam
1225 2936 1343 3004 ejus
1391 2936 1645 3004 cognosci
1678 2940 1979 3001 precantes,

440 3027 630 3082 deinde
653 3028 835 3079 aiunt:
873 3044 891 3075 ‹
915 3024 1284 3079 Conﬁteantur
1310 3023 1406 3075 tibi
1431 3023 1635 3090 populi,
1667 3019 1826 3080 Deus,
1855 3034 1982 3072 con-

442 3116 693 3171 fiteantur
720 3116 817 3168 tibi
870 3115 1050 3184 populi
1079 3127 1291 3167 omnes.
1336 3111 1607 3164 Laetentur
1630 3121 1682 3164 et
1712 3110 1982 3164 exsultent

441 3214 680 3278 gentes.»
722 3205 891 3270 Quem
925 3218 1225 3258 sermonem
1258 3200 1495 3256 secundo
1527 3201 1593 3254 ad
1624 3199 1861 3254 vaticinii
1892 3200 1980 3251 lir-

440 3298 679 3354 mitatcm
733 3304 1005 3365 repetunt.
1047 3293 1259 3348 Chorus
1288 3294 1450 3364 igitur
1487 3292 1838 3360 apostolicus,
1887 3291 1979 3359 qui

441 3390 592 3460 prius
617 3389 851 3443 dixerat;
879 3407 895 3438 ι
942 3385 1172 3440 Jubilate
1214 3385 1343 3447 Deo,
1380 3383 1556 3437 omnis
1600 3382 1834 3446 terra“;
1862 3400 1880 3432 »
1928 3387 1981 3435 et

446 3496 696 3534 rursum:
739 3498 757 3530 ι
785 3479 972 3533 Omnis
1002 3486 1144 3531 terra
1176 3476 1362 3529 adoret
1408 3482 1459 3527 te
1474 3474 1551 3539 ⁸δ;
1577 3492 1594 3524 »
1633 3473 1975 3540 iterumque:

450 3588 470 3621 ι
496 3569 821 3632 Benedicite,
855 3577 1060 3636 gentes.
1092 3566 1258 3619 Deum
1305 3572 1553 3617 nostrum
1574 3564 1649 3630 ⁸⁶;
1679 3582 1696 3613 »
1722 3564 1792 3633 in
1837 3578 1978 3631 pra:-

442 3644 582 3714 senti
629 3658 836 3726 psalmo
870 3656 1139 3718 similiter,
1181 3654 1611 3708 animadvertens
1646 3642 1839 3722 magno
1876 3652 1979 3706 sibi

440 3762 580 3816 Opus
625 3761 747 3800 esse
803 3745 869 3798 ad
930 3744 1164 3799 faustum
1215 3744 1535 3813 evangelicae
1583 3742 1981 3813 praedicationis

442 3836 644 3888 exitum
680 3833 769 3887 Dei
802 3833 1021 3896 auxilio,
1059 3832 1212 3901 quasi
1252 3831 1355 3885 sibi
1405 3832 1699 3886 accinendo
1743 3831 1822 3885 sic
1854 3846 1979 3900 pre-

443 3932 627 3977 catur:
666 3941 685 3974 ι
707 3924 846 3977 Deus
874 3924 1189 3977 misereatur
1220 3921 1389 3975 nostri
1421 3928 1475 3975 et
1494 3921 1774 3975 benedicat
1803 3920 1980 3983 nobis,

445 4013 711 4068 illuminet
741 4014 949 4066 vultum
988 4027 1145 4067 suum
1179 4026 1342 4080 super
1381 4025 1504 4073 nos,
1559 4018 1613 4065 et
1659 4011 1983 4065 misereatur

398 4103 672 4177 gnostri.»
748 4102 857 4158 Nos
901 4103 1098 4173 quippe
1154 4101 1289 4155 nihil
1346 4100 1580 4155 dicimus
1637 4114 1781 4161 esse,
1846 4098 1981 4151 nihil

446 4208 605 4262 posse
631 4192 878 4257 fatemur,
913 4206 1036 4245 cum
1069 4192 1203 4245 viles
1228 4190 1498 4254 homines,
1540 4189 1831 4258 simplices,
1857 4203 1985 4256 pau-

445 4298 600 4354 peres
624 4293 678 4338 et
691 4284 966 4338 hominum
995 4282 1252 4351 postremi
1283 4282 1473 4336 simus.
1505 4279 1623 4348 Ipse
1650 4293 1777 4334 vero
1808 4278 1975 4341 Deus,

445 4377 537 4447 qui
571 4391 670 4430 nos
698 4376 751 4428 in
781 4372 969 4430 salutis
998 4372 1233 4442 gentium
1261 4370 1537 4426 ministros
1568 4368 1786 4438 adlegit,
1812 4369 1983 4437 primo

2006 3173 2046 3228 C

2073 1948 2180 2000 Καὶ
2209 1950 2237 2000 6
2265 1945 2451 2016 παρὼν
2475 1942 2689 2012 ψαλμὸς
2715 1939 3104 2008 εὐαγγελικὸς
3132 1936 3248 2001 ὣν,
3285 1937 3395 2005 τῆς
3424 1935 3591 2003 αὐτῆς
3610 1933 3705 2002 ἔχε-

2073 2056 2159 2090 ται
2190 2032 2264 2105 τῷ
2293 2034 2397 2104 πρὸ
2424 2032 2587 2087 αὐτοῦ
2623 2029 2869 2091 διανοίας
2890 2046 2903 2058 ·
2952 2028 3173 2097 διόπερ
3236 2044 3258 2076 ί
3287 2026 3375 2087 εἰς
3421 2024 3484 2077 τὸ
3534 2023 3699 2082 τέλος»

2074 2124 2421 2195 παραπέμπει
2450 2121 2544 2172 καὶ
2570 2118 2733 2180 αὐτὸς
2759 2157 2774 2180 ,
2813 2135 2832 2167 ι
2853 2116 2974 2186 ᾠδή
3009 2134 3030 2167 »
3076 2132 3147 2167 τε
3185 2133 3206 2166 ι
3234 2111 3505 2183 ψαλμοῦ»
3546 2112 3706 2179 ἐπιγέ-

2073 2230 2313 2285 γραπται
2337 2226 2351 2240 °
2383 2210 2504 2263 ἐπεὶ
2532 2211 2783 2269 κάκεῖνος
2809 2206 3048 2276 ψαλμὸς
3080 2206 3247 2276 ᾠδῆς
3299 2206 3529 2273 ἐλέγετο
3570 2201 3701 2285 εἶναι.

2073 2280 2296 2374 Μήποτε
2332 2303 2387 2354 δὲ
2420 2302 2480 2353 τὸ
2514 2301 2659 2361 τίνος
2692 2295 2801 2351 εἷεν
2826 2298 2988 2366 λόγοι
3019 2298 3350 2370 οὐδέτερος
3374 2296 3556 2350 αὐτῶν
3577 2280 3627 2347 ἓν
3651 2298 3702 2366 τῇ

2076 2395 2359 2465 προγραφῇ
2390 2391 2683 2459 παρίστησι
2710 2390 2800 2441 διὰ
2826 2390 2890 2441 τὸ
2927 2389 3195 2460 ἐναργὲς
3228 2388 3351 2441 τῶν
3376 2386 3704 2458 προφητικᾷ

2075 2486 2406 2553 εἰσηγμένων
2456 2484 2513 2534 ὲν
2545 2482 2731 2543 αὐτοῖς
2764 2479 3130 2550 προσώπων.
3209 2481 3284 2534 Οἱ
3321 2481 3569 2551 κήρυκες
3598 2477 3705 2547 γοῦν

2074 2574 2180 2627 τῶν
2206 2573 2368 2625 ἐθνῶν
2387 2611 2401 2636 ,
2434 2573 2485 2626 οἱ
2512 2572 2800 2625 ἀπόστολοι
2830 2572 3057 2643 δηλαδὴ
3097 2573 3210 2625 τοῦ
3251 2574 3521 2643 Σωτῆρος
3550 2572 3703 2640 ἡμῶν,

2075 2668 2131 2717 ὲν
2166 2664 2403 2734 ἑκατέρῳ
2436 2663 2886 2734 παρελήφθησαν.
2924 2663 3169 2716 Αὐτίκα
3205 2664 3354 2731 γοῦν
3388 2665 3484 2715 καὶ
3514 2662 3595 2714 διὰ
3617 2661 3705 2713 τῶν

2077 2755 2442 2826 προκειμένων
2472 2754 2803 2817 ἀκαλύπτως
2839 2754 3185 2807 ἀναϐοῶσιν
3231 2758 3297 2809 ὲν
3332 2758 3402 2826 τῇ
3439 2759 3510 2825 γῇ
3547 2755 3631 2808 καὶ
3658 2755 3706 2804 ὲν

2078 2847 2209 2897 πᾶσι
2228 2848 2337 2906 τοῖς
2360 2844 2533 2897 ἔθνεσι
2552 2845 2612 2896 τό
2632 2861 2690 2896 τε
2716 2846 3003 2914 σωτήριον
3026 2845 3139 2897 τοῦ
3160 2846 3313 2900 Θεοῦ
3337 2888 3351 2911 ,
3379 2849 3475 2900 καὶ
3496 2847 3590 2917 τὴν
3607 2845 3703 2896 ὁδὸν

2078 2933 2238 2987 αὐτοῦ
2265 2932 2569 3003 γνωσθῆναι
2592 2934 2877 3002 εὐχόμενοι
2900 2950 2916 2965 ο
2944 2931 3061 2987 εἷθ’
3088 2936 3240 3005 ἑξῆς
3258 2955 3273 2967 ·
3319 2958 3338 2989 ι
3378 2936 3705 3007 Ἐξομολογη-

2080 3025 2358 3079 σάσθωσάν
2387 3041 2466 3077 σοι
2496 3025 2615 3077 λαοὶ
2633 3065 2647 3088 ,
2695 3028 2724 3077 6
2755 3026 2895 3087 Θεὸς
2917 3065 2932 3088 ,
2973 3026 3611 3099 ἐξομολογησάσθωσάν
3637 3045 3703 3079 σοι

2078 3116 2194 3169 λαοὶ
2247 3115 2461 3177 πάντες.
2539 3115 3044 3186 Εὐφρανθήτωσαν
3105 3121 3215 3171 καὶ
3276 3120 3705 3189 ἀγαλλιάσθωσαν

2079 3208 2255 3276 ἔθνη.»
2288 3205 2397 3256 Καὶ
2423 3199 2576 3266 αὖθις
2610 3205 2937 3275 δευτεροῦσι
2970 3206 3078 3259 τὸν
3112 3208 3296 3276 λόγον
3329 3212 3415 3273 είς
3446 3209 3705 3278 βεϐαίωσιν

2078 3295 2182 3348 τῶν
2211 3292 2636 3362 θεσπιζομένων.
2683 3293 2742 3345 Ὀ
2771 3293 2943 3363 χορὸς
2978 3296 3189 3349 τοίνυν
3229 3301 3262 3350 6
3293 3298 3662 3360 ἁποστολικὸς,
3688 3296 3706 3348 5

2077 3384 2162 3438 διά
2182 3383 2287 3436 τῶν
2308 3382 2612 3452 ἔμπροσθεν
2631 3381 2894 3452 είρηκώςο
2922 3402 2943 3434 ί
2969 3384 3349 3450 Ἀλαλὰξατε
3366 3387 3450 3457 τῷ
3466 3387 3599 3455 Θεῷ,
3622 3387 3706 3437 πᾶ.

2077 3476 2190 3543 σαή
2208 3472 2279 3541 γῆ
2295 3490 2307 3503 ·
2323 3480 2345 3523 »‘
2371 3472 2464 3525 καὶ
2483 3468 2641 3534 αὖθις
2657 3487 2670 3501 ι
2698 3491 2715 3521 ‹
2740 3473 2904 3525 Πᾶσα
2923 3476 2959 3542 ἡ
2983 3475 3068 3544 γῆ
3090 3479 3700 3549 προσκυνησάτωσαν)

2079 3564 2171 3617 καὶ
2196 3562 2371 3615 πάλιν·
2403 3581 2420 3611 ι
2446 3560 2759 3627 Εὐλογείτε,
2783 3561 2943 3632 ἔθνη,
2966 3564 3073 3617 τὸν
3100 3567 3253 3620 Θεὸν
3285 3569 3452 3639 ἡμῶν
3473 3587 3485 3599 ·
3516 3588 3533 3619 »
3559 3568 3641 3621 καὶ
3660 3568 3706 3618 ἐν

2079 3651 2153 3722 τῷ
2183 3651 2319 3721 μετά
2347 3654 2531 3721 χεῖρας
2559 3650 2782 3720 ὁμοίως,
2808 3652 2985 3722 ὁρῶν,
3008 3655 3101 3707 ὅτι
3136 3658 3365 3727 πολλῆς
3397 3660 3568 3712 δεῖται
3602 3675 3706 3710 συν-

2079 3743 2262 3813 εργίας
2291 3742 2423 3794 Θεοῦ
2457 3744 2535 3803 είς
2577 3742 2927 3812 κατόρθωσιν
2973 3745 3080 3798 τοῦ
3140 3749 3523 3818 εὐαγγελικοῦ
3559 3749 3704 3820 κηρύ-

2079 3848 2305 3899 γματος,
2322 3830 2509 3901 ὥσπερ
2531 3832 2856 3901 κατεπᾴδων
2881 3833 3079 3906 ἐαυτῷ
3100 3838 3178 3890 δι’
3202 3841 3389 3910 εὐχῆς
3412 3857 3600 3911 φησιν’
3627 3838 3704 3891 (Ὀ

2079 3921 2207 3983 Θεὸς
2226 3922 2561 3991 οἰκτειρήσαι
2584 3921 2735 3991 ἡμᾶς
2758 3924 2856 3975 καὶ
2886 3925 3216 3999 εὐλογῆσαι
3249 3932 3444 4001 ἡμᾶς,
3473 3930 3704 3999 ἐπιφᾶναι

2079 4009 2139 4060 τὸ
2170 4008 2458 4078 πρόσωπον
2485 4009 2651 4061 αὐτοῦ
2699 4012 2786 4078 ἐφ’
2818 4014 2853 4081 ή
2865 4014 2981 4081 μᾶς
3010 4055 3026 4078 ,
3063 4018 3172 4070 καὶ
3225 4020 3466 4091 ὲλεήσαι
3518 4021 3666 4091 ἡμᾶς.
3686 4036 3700 4065 ι

2093 4098 2278 4167 Ἡμεῖς
2311 4097 2409 4167 μὲν
2441 4096 2549 4167 γὰρ
2580 4099 2808 4163 ἑαυτοὺς
2851 4102 2917 4153 τὸ
2958 4105 3150 4176 μηθὲν
3196 4105 3353 4164 εἷναί
3388 4129 3598 4181 φαμεν,
3632 4109 3707 4161 καὶ

2080 4188 2141 4241 τὸ
2176 4188 2339 4258 μηδὲν
2361 4187 2622 4242 δύνασθαι
2646 4190 3041 4264 ὁμολογοῦμεν
3064 4237 3081 4260 ,
3119 4202 3381 4267 εὐτελεῖς
3436 4204 3586 4267 ὄντες
3629 4202 3707 4253 καὶ

2086 4277 2288 4331 ἰδιῶται
2310 4317 2325 4342 ,
2357 4278 2592 4348 πένητές
2617 4298 2681 4333 τε
2716 4282 2813 4335 καὶ⁵
2845 4283 3088 4342 πάντων
3119 4291 3363 4363 ἔσχατοι
3391 4294 3703 4366 ἀνθρώπων

2082 4367 2239 4430 αὐτὸς
2257 4366 2313 4419 δὲ
2330 4368 2359 4418 6
2374 4367 2504 4431 Θεὸς
2527 4368 2818 4442 βουληθεὶς
2841 4375 3002 4444 ἡμᾶς
3021 4380 3335 4452 ὑπηρέτας
3355 4385 3607 4454 γενέσθαι
3626 4384 3707 4451 τῆς

446 4465 658 4534 quidem
708 4463 1028 4516 misereatur
1059 4460 1251 4522 nostri,
1290 4467 1487 4513 nostra:
1516 4458 1725 4513 scilicet
1752 4457 1978 4510 inﬁrmi-

2111 4457 2187 4548 fbv
2206 4456 2695 4548 ὲθνιῦν-σωτηρίας,
2721 4463 2949 4534 πρῶτον
2981 4470 3091 4538 μὲν
3117 4475 3540 4546 οἰκτειρὴσειεν
3563 4476 3705 4545 ἡμᾶς,

445 4554 573 4608 tatis
625 4552 1093 4606 commiseratione
1141 4556 1460 4615 moveatur;
1510 4546 1704 4601 deinde
1771 4546 1978 4615 aliquid

2111 4540 2258 4633 ἷκτον
2278 4543 2440 4633 -ήμῶν
2469 4544 2655 4600 λαϐὼν
2682 4551 2782 4622 τῆς
2810 4553 3123 4624 ἀσθενείας
3146 4579 3161 4592 ο
3223 4540 3349 4617 εἶτα
3373 4540 3640 4633 ’προσθείη
3663 4578 3707 4613 τι

449 4644 665 4711 adjiciat
692 4642 834 4712 quod
861 4641 1169 4696 confortare
1210 4641 1409 4705 valeat;
1451 4639 1506 4693 id
1534 4646 1636 4698 est.
1679 4645 1737 4691 ut
1766 4638 1982 4691 benedi-

447 4741 535 4787 cat
560 4733 736 4795 nobis,
768 4730 1141 4786 benedictione
1170 4744 1299 4784 sane
1342 4727 1638 4798 spirituali;
1692 4742 1799 4796 quo
1835 4727 1981 4781 illius

448 4825 616 4893 gratia
665 4824 717 4876 in
745 4837 843 4876 nos
872 4822 1175 4890 impleatur,
1206 4827 1264 4872 ut
1293 4834 1387 4888 par
1416 4826 1518 4881 est,
1550 4816 1858 4886 hujusmodi
1887 4816 1981 4869 be-

447 4914 716 4973 nedictio:
782 4931 800 4962 ι
823 4911 1079 4976 Crescite,
1114 4920 1167 4965 et
1197 4908 1652 4977 multiplicamini,
1698 4916 1750 4961 et
1783 4906 1983 4974 replete

450 5008 667 5065 terram,
690 5010 743 5056 et
766 5000 1113 5055 dominamini
1142 5001 1397 5055 illius".»
1442 4997 1564 5051 Haec
1588 4996 1731 5051 enim
1762 5011 1791 5048 a
1824 4996 1978 5064 prin-

451 5092 589 5159 cipio
618 5093 672 5144 in
698 5091 883 5145 mundi
924 5100 1109 5145 exortu
1143 5091 1286 5145 dicta
1334 5099 1493 5145 sunt:
1524 5104 1643 5157 qua:
1672 5085 1841 5139 Judaei
1872 5101 1979 5139 non

454 5182 557 5233 alio
592 5197 752 5250 quam
808 5196 1068 5250 corporeo
1113 5197 1284 5246 more,
1336 5196 1432 5251 per
1477 5176 1979 5246 multiplicationem

453 5267 667 5337 impleta
712 5278 923 5339 putant.
960 5269 1069 5324 Nos
1112 5278 1289 5325 autem
1337 5270 1488 5339 gnari
1539 5268 1731 5321 anima:
1769 5280 1981 5334 quoque

453 5359 658 5426 prolem
690 5375 811 5413 esse
884 5368 1043 5427 atque
1088 5359 1383 5429 discipulos
1432 5374 1551 5414 esse
1601 5356 1981 5425 magistrorum

459 5444 615 5505 lllios,
654 5446 957 5512 hujusmodi
997 5448 1423 5502 benedictionem
1472 5445 1731 5514 consequi
1790 5457 1981 5512 preca‘

467 5546 607 5594 mur,
635 5542 692 5585 ut
729 5549 1033 5590 crescamus
1082 5549 1137 5591 et
1188 5539 1605 5608 multiplicemur
1641 5532 1984 5590 multitudine

529 5704 578 5740 ⁸⁸
599 5703 739 5759 Psal.
766 5721 885 5765 ων.
914 5707 961 5761 1.
1035 5709 1078 5741 ⁸⁸
1102 5709 1229 5763 ibid.
1264 5712 1315 5765 4.

2084 4633 2145 4726 τὸ
2169 4631 2462 4726 δυναμενον
2489 4637 2642 4706 ἡμᾶς
2664 4639 2993 4712 δυναμῶσαι
3021 4664 3036 4677 ·
3091 4651 3267 4705 τοῦτο
3298 4655 3361 4708 δὲ
3485 4658 3544 4709 τὸ
3575 4631 3706 4708 εὐλο-

2083 4723 2246 4815 γῆσᾳι
2276 4725 2456 4815 ἡμᾶς.
2510 4727 2740 4802 εὐλογίᾳ
2766 4732 2831 4803 δὴ
2864 4748 3235 4815 πνευματικῇ
3264 4785 3280 4807 ,
3321 4723 3498 4810 ὼςνᾶν
3528 4748 3616 4799 καὶ
3640 4746 3707 4806 εἰς

2090 4814 2233 4882 ἡμᾶς
2267 4812 2589 4908 πληρωθείη
2646 4824 2980 4894 πρεπόντως
3010 4834 3085 4903 τῇ
3122 4812 3299 4889 αὐτοῦ
3335 4836 3524 4907 χάριτι
3556 4841 3587 4908 ἠ
3622 4836 3707 4905 φάο

2089 4917 2291 4997 σκουσα
2344 4904 2569 4975 εὐλογία
2593 4923 2609 4937 ·
2666 4931 2685 4962 ι
2715 4913 3027 4977 Αὐξάνεσθε
3055 4924 3160 4976 καὶ
3209 4904 3589 4997 πληθ-ὐνεσθε,
3628 4925 3705 4976 καὶ

2088 4993 2410 5090 πληίξωσαξτε
2428 4997 2530 5069 τὴν
2556 5002 2685 5073 γῆν,
2712 5006 2806 5059 καὶ
2830 5024 3049 5064 κατακυ
3060 5017 3326 5083 ριεύσατε
3355 5015 3704 5090 αὐτῆς.›Ταῧ-

2085 5099 2151 5185 τα
2183 5082 2280 5152 μὲν
2301 5085 2411 5185 γάρ
2436 5091 2535 5185 καὶ
2551 5095 2734 5185 πάλαι
2754 5099 2872 5150 κατ’
2900 5082 3083 5171 ἀρχὰς
3106 5108 3205 5159 επὶ
3227 5110 3333 5178 τῆς
3360 5082 3702 5178 κοσμοποιίας

2085 5177 2301 5273 εἴρητο)
2338 5177 2616 5273 ἐνομίσθη
2649 5207 2711 5244 τε
2750 5191 3028 5257 Ἰουδαίοις
3055 5197 3159 5249 οὐκ
3193 5177 3381 5262 ἄλλως
3411 5200 3444 5268 ἢ
3472 5177 3699 5267 σωματι-

2086 5265 2197 5358 ξξῦς
2226 5265 2405 5358 ξξόγως
2430 5271 2527 5328 διά
2557 5280 2665 5352 τῆς
2692 5284 3045 5349 πολυτελείας
3077 5265 3452 5358 πληροῦσθαι..
3526 5265 3696 5357 Ἡμεῖς

2085 5350 2425 5457 δὲζείδότες,
2451 5363 2532 5430 ὼς
2555 5350 2679 5430 έσξτι
2708 5376 2801 5431 καὶ
2826 5376 3004 5446 ψυχῆς
3030 5350 3253 5445 ἔκγονα,
3282 5350 3620 5431 διδασκάλων
3641 5389 3692 5424 τε

2089 5443 2275 5541 παῖοες
2313 5450 2364 5501 οἱ
2407 5456 2854 5541 μαθητευόμενοι
2878 5508 2892 5533 ,
2931 5468 3183 5537 τοιαύτης
3229 5469 3499 5538 ἀξιοῦμεν
3526 5465 3691 5532 τυχεῖν

2089 5531 2339 5602 εὐλογίας
2362 5580 2378 5607 ,
2394 5543 2479 5611 ὡς
2505 5552 2577 5609 ἂν
2600 5531 2968 5637 αὺξίηθείημεν
2991 5559 3085 5614 xal.
3108 5531 3550 5630 πληθυνθείημεν
3566 5531 3687 5622 πλή·

1466 5714 1509 5744 ⁸⁶
1537 5711 1665 5765 ibid.
1689 5709 1743 5765 8.
1817 5709 1862 5749 ⁸⁷
1890 5708 2023 5762 Gen.
2056 5724 2094 5774 ι,
2129 5708 2225 5766 ‘28.
