3818 6382
73 435 135 484 iiii)

86 543 147 590 bu.
155 543 237 589 ’τῶν

123 653 265 769 ἓξὲξ
625 666 807 769 πάξη
842 676 1076 769 εὐλογίᾳ
1089 653 1421 769 ματῗικῇ
1443 681 1498 731 ὲν
1512 681 1621 741 τοῖς
1649 681 1806 731 ἐπου-

160 744 357 853 ξᾷξᾷλις
403 744 475 853 ἐξ
502 748 791 853 xewrii).
832 782 855 814 ι
890 744 1081 831 Οὕτως
1120 744 1276 822 οῦν-ό
1306 744 1434 832 Θεός
1477 770 1804 840 οἰκτειρήσαι

164 838 296 939 ζωῆς
342 838 689 939 σξῗότξρον,
735 850 852 909 εἶτ’
902 861 1246 931 οίκτειρήσας
1296 861 1587 931 εὐλογήσαι

188 928 349 1005 δίοῖπο
389 928 450 987 δὲ
484 934 595 989 οὒκ
629 940 829 1008 ἄλλως
855 946 1031 1013 ἔσται,
1060 928 1107 1002 εἰ
1133 928 1212 1019 μὴ
1238 928 1491 1018 ἐπιφάναι
1540 950 1600 1001 τὸ
1642 928 1805 1021 πρόσ-

213 1056 352 1091 υπον
384 1024 555 1084 αἶ)τοῦ
579 1029 672 1100 ἐφ’
707 1034 895 1105 ἡμᾶς,
922 1038 1058 1091 ὥστε
1086 1039 1177 1091 καὶ
1203 1042 1346 1109 ημᾶς
1371 1042 1540 1093 εἰπεῖν
1558 1056 1571 1069 ·
1613 1059 1629 1090 ι
1655 1041 1804 1110 Ἐση-

227 1126 429 1195 μειὼθη
453 1118 539 1189 ἐφ’
556 1122 715 1193 ἡμᾶς
738 1126 807 1179 rb
839 1127 956 1196 φῶς
985 1127 1076 1180 τοῦ
1103 1129 1386 1200 προσώπου
1420 1147 1534 1194 σου,
1562 1129 1751 1200 Κύριε.
1777 1148 1795 1179 ι

232 1216 308 1271 J‘b
348 1215 407 1267 δὲ
447 1211 846 1281 ἐπιλεγόμενον
885 1216 1030 1281 ἑξῆς,
1063 1235 1081 1263 ι
1111 1218 1200 1269 καὶ
1235 1217 1448 1287 ὲλεήσαι
1487 1219 1652 1287 ἡμᾶς,
1679 1237 1697 1268 ι
1729 1217 1801 1288 μὴ

228 1306 484 1375 κείμενον
531 1306 667 1375 μήτε
711 1307 771 1358 ὲν
816 1306 898 1377 τῷ
943 1308 1226 1379 Ἑϐραϊκῶ,
1274 1310 1408 1378 μήτε
1457 1308 1512 1360 ὲν
1553 1311 1661 1369 τοῖς
1696 1308 1801 1361 λοι-

224 1399 351 1460 τοῖς
405 1398 801 1467 ἐρμηνευταῖς,
863 1400 1170 1467 ἀναγκαίως
1222 1400 1521 1452 ὼὸέλισται.
1577 1398 1693 1451 Τῶν
1745 1399 1800 1452 δὲ

216 1488 648 1558 προλεχθέντων
696 1488 967 1558 εὐχόμεθα
1003 1492 1198 1559 τυχεῖν,
1243 1490 1325 1541 ἵνα
1364 1488 1670 1560 δυνηθῶμεν
1704 1490 1799 1558 τὴν

213 1578 340 1631 Βδὸν
390 1576 569 1629 αὑτοῦ
598 1579 848 1648 γνωστὴν
880 1579 1098 1647 ποιῆσαι
1125 1581 1182 1630 ἐν
1209 1580 1352 1649 πάσῃ
1390 1583 1453 1649 τῇ
1481 1582 1569 1650 γῇ.
1602 1580 1689 1631 Διδ
1715 1580 1799 1631 λέ-

205 1672 451 1719 λεκταιο
497 1686 515 1717 ι
553 1668 660 1719 Τοῦ
697 1669 899 1736 γνῶναι
931 1672 987 1723 ὲν
1024 1672 1089 1739 τῇ
1126 1672 1194 1739 γῇ
1225 1668 1319 1739 τὴν
1347 1670 1461 1723 ὁδόν
1495 1686 1606 1722 σου.
1644 1689 1661 1719 ι
1707 1671 1798 1732 Τίς

206 1760 262 1812 δὲ
312 1762 352 1828 ἡ
392 1760 471 1827 γῆ
502 1760 600 1814 καὶ
628 1760 710 1822 τίς
743 1763 776 1831 ἡ
812 1762 927 1823 ὁδὸς
955 1760 1044 1813 τοῦ
1077 1759 1243 1823 Θεοῦ;
1274 1761 1347 1829 Γῆ
1396 1760 1491 1829 μὲν
1517 1762 1713 1822 πάντες
1749 1763 1797 1813 οἱ

1337 384 1838 445 LOMMENTABIA
1878 387 1944 443 IN
1980 386 2317 445 PSALMOS.

175 485 335 578 εν]
348 477 930 578 Ῠωῗητξυομενων
950 541 968 567 ,
995 504 1218 574 μυριάσι
1238 522 1295 557 τε
1313 506 1418 559 τῶν
1438 505 1506 557 δι’
1529 505 1562 574 ἡ
1571 504 1683 573 μῶν
1709 521 1796 560 σω

1910 506 2317 573 discipulorum,
2334 509 2497 570 atque
2511 499 2719 555 inﬁnito
2737 517 2921 558 eorum
2939 505 3029 573 qui
3054 520 3148 574 per
3177 519 3275 559 nos
3298 507 3441 560 salu-

338 573 384 663 ςδ
408 598 427 621 ς
444 570 551 663 ξος
577 570 658 625 ἂν
702 581 955 639 εἰπεῖν’
1002 570 1342 663 ὶέιλογητδς
1378 596 1405 645 ό
1431 570 1622 653 οεδξὸ
1659 592 1796 645 εὐλο-

1906 601 2011 645 tem
2041 570 2360 645 obtinebunt
2391 604 2637 652 numero,
2660 598 2716 643 ut
2741 570 2982 647 dicamus
3008 613 3020 646 :
3054 570 3091 644 -ι
3121 594 3440 653 Benedictus

3340 394 3437 450 674

1904 681 2044 735 Deus
2056 680 2431 752 quihenedixit
2448 695 2546 735 nos
2564 681 2617 734 in
2636 681 2780 734 omni
2798 681 3166 736 benedictione
3178 683 3438 752 spirituali

1904 772 1958 825 in
1983 772 2294 826 ccelestihus
2326 770 2382 825 in
2424 770 2715 825 Christo”.
2733 791 2753 823 ι
2779 769 2868 825 Sic
2894 787 3021 841 ergo
3038 772 3178 828 Deus
3209 773 3438 843 primum

1901 861 2424 927 misereaturnostri,
2446 860 2638 915 deinde
2663 862 2915 916 misertus
2944 863 3228 917 benedicat
3257 864 3436 919 nobis.

1900 951 1957 1005 ld
1985 966 2145 1020 porro
2172 966 2510 1021 nequaquam
2539 952 2767 1017 eveniet,
2807 952 2912 1006 nisi
2943 953 3206 1008 illuminet
3232 954 3436 1008 vultum

1901 1056 2057 1095 suum
2082 1056 2242 1110 super
2271 1056 2407 1096 nos:
2444 1041 2516 1093 ita
2546 1049 2604 1094 ut
2627 1049 2680 1094 et
2726 1056 2824 1097 nos
2852 1041 3098 1096 dicamus
3127 1058 3140 1096 :
3182 1059 3202 1092 ι
3245 1041 3424 1111 Signa-

1900 1140 2009 1185 tum
2039 1140 2122 1187 est
2152 1147 2313 1200 super
2359 1147 2462 1187 nos
2505 1133 2688 1187 lumen
2735 1132 2911 1188 vultus
2936 1133 3035 1195 tui,
3079 1131 3381 1187 Domine”.
3411 1150 3430 1182 ι

1899 1217 2050 1283 Quod
2108 1220 2353 1288 sequitur
2401 1232 2592 1288 porro,
2632 1237 2651 1270 ι
2693 1226 2746 1275 et
2797 1222 3116 1275 misereatur
3158 1229 3359 1283 nostri,
3408 1239 3431 1272 ι

1898 1324 2019 1362 cum
2043 1324 2215 1377 neque
2240 1310 2293 1362 in
2318 1309 2601 1374 Hebraico,
2630 1325 2805 1379 neque
2844 1310 2899 1363 in
2935 1311 3153 1380 reliquis
3177 1311 3420 1380 interpre

1896 1397 2040 1451 tibus
2068 1398 2290 1465 legatur,
2309 1398 2483 1463 obelo,
2514 1406 2573 1451 ut
2598 1408 3011 1453 consentaneum
3040 1406 3434 1462 erat,notatum

1896 1493 1997 1540 est.
2029 1485 2152 1539 ldeo
2178 1496 2352 1541 autem
2374 1486 2485 1554 jam
2521 1495 2811 1542 memorata
2838 1486 3051 1555 assequi
3083 1502 3355 1557 rogamus,
3380 1495 3433 1542 ut

1898 1577 2035 1629 viam
2056 1577 2172 1644 ejus
2204 1579 2257 1630 in
2283 1578 2530 1631 universa
2565 1584 2709 1631 terra
2734 1589 2913 1632 notam
2947 1578 3120 1634 facere
3143 1580 3431 1633 valeamus.

1896 1665 2073 1729 Quare
2118 1667 2356 1721 dicitur:
2397 1686 2415 1717 ι
2463 1666 2532 1720 Ut
2565 1682 2953 1738 cognoscamus
3002 1670 3059 1722 in
3108 1678 3249 1724 terra
3296 1670 3435 1722 viam

1895 1766 2061 1809 tuam.
2095 1775 2113 1807 ›
2151 1757 2405 1821 Quaenam
2436 1765 2579 1810 terra
2609 1757 2750 1809 illa?
2798 1772 2916 1826 quae
2966 1758 3049 1811 via
3094 1756 3223 1812 Dei?
3272 1756 3433 1812 Terre

202 1849 311 1918 τὴν
345 1847 467 1915 γῆν
495 1847 775 1910 οἰκοῦντες
803 1849 1071 1918 ἄνθρωποι
1101 1848 1192 1900 καὶ
1225 1848 1399 1900 πάντα
1427 1848 1496 1900 τὰ
1527 1848 1645 1901 καθ’
1674 1849 1796 1918 ὅλης

1900 1847 2151 1899 nimirum
2201 1856 2326 1901 sunt
2363 1862 2550 1902 omnes
2583 1848 2826 1902 homines
2856 1856 3052 1902 terram
3102 1848 3397 1902 incolentes

202 1938 312 2006 τῆς
350 1936 696 2006 οἰκουμένης
732 1937 896 2005 έθνηο
936 1938 1051 2000 ὁδὸς
1087 1938 1141 1990 δὲ
1176 1938 1267 1990 τοῦ
1309 1935 1440 1989 Θεοῦ
1478 1938 1505 1988 ό
1551 1937 1797 2006 θεοσεϐὴς

195 2026 334 2096 βίος
358 2045 373 2057 ·
413 2021 480 2078 οῦ
510 2027 575 2078 rb
602 2026 757 2088 τέλος
782 2027 916 2095 πρὸς
954 2027 1112 2079 αὐτὸν
1142 2028 1261 2094 ἄγει
1301 2027 1389 2078 τὸν
1416 2026 1566 2090 Θεὸν,
1600 2026 1672 2088 ὡς
1710 2027 1799 2078 ἐπὶ

195 2117 575 2187 μητρόπολιν
604 2116 844 2183 ἀγαθῶν.
880 2118 997 2170 Καὶ
1018 2118 1174 2179 αὐτὸς
1204 2117 1260 2169 δὲ
1303 2119 1330 2170 ὁ
1364 2118 1620 2186 σωτήριος
1649 2118 1798 2183 λόγος

194 2204 301 2272 εἴη
340 2203 414 2256 ἂν
451 2204 574 2265 ὁδὸς
608 2202 703 2254 τοῦ
736 2202 891 2255 Θεοῦ.
935 2202 1024 2255 Διὸ
1065 2202 1188 2273 ἑξῆς
1221 2203 1405 2271 ὥσπερ
1440 2204 1798 2272 διερμηνεύων

194 2292 311 2361 τὴν
352 2293 609 2345 διάνοιαν
638 2292 881 2358 ἐπιλέγει
901 2307 915 2322 ’
956 2309 975 2341 ‹
1019 2292 1105 2344 Ἐν
1128 2294 1257 2344 πᾶσι
1282 2295 1389 2354 τοῖς
1418 2291 1590 2344 ἔθνεσι
1622 2293 1679 2344 τὸ
1704 2310 1799 2343 σω-

194 2382 411 2451 τήριόν
456 2398 577 2435 σου.
616 2400 634 2431 ι
668 2383 854 2443 Ὅπως
900 2376 991 2432 οῦν
1026 2380 1332 2450 δυνηθῶμεν
1363 2383 1418 2434 ὲν
1450 2382 1594 2453 πάσῃ
1623 2384 1686 2451 τῇ
1727 2384 1793 2451 γῇ

197 2474 308 2524 καὶ
349 2473 414 2525 ὲν
460 2473 601 2524 πᾶσι
650 2473 761 2533 τοῖς
809 2470 982 2522 ἔθνεσι
1026 2474 1136 2533 τοῖς
1179 2472 1276 2541 τὴν
1323 2473 1422 2541 γῆν
1453 2471 1656 2523 οἰκοῦσι
1701 2473 1796 2542 τὴν

196 2563 336 2615 ὁδόν
376 2580 478 2615 σου
507 2563 608 2614 καὶ
631 2562 693 2613 τὸ
719 2561 982 2631 σωτήριόν
1009 2577 1122 2625 σου,
1153 2562 1343 2614 ταύτὸν
1367 2562 1472 2630 γάρ
1496 2564 1627 2626 ἐστι,
1661 2579 1798 2629 γνω-

201 2653 347 2704 στὸν
378 2653 640 2721 ποιῆσαι,
668 2650 1007 2720 οίκτείρησον
1033 2651 1199 2719 ἡμᾶς,
1221 2653 1247 2703 ὁ
1279 2651 1427 2714 Θεὸς,
1456 2652 1546 2704 καὶ
1576 2652 1795 2721 εὐλόγη-

200 2757 309 2794 σον
348 2745 532 2812 ἡμᾶς,
581 2743 674 2793 καὶ
714 2741 775 2792 rb
804 2740 1086 2809 πρόσωπόν
1115 2758 1203 2793 σου
1237 2741 1490 2808 ὲπίφανον
1526 2742 1607 2808 ἐφ’
1632 2743 1794 2811 ἡμᾶς,

205 2830 305 2883 ἵνα
345 2829 741 2901 πληρωθέντες
771 2830 943 2897 φωτὸς
970 2832 1031 2881 ὲκ
1061 2830 1152 2882 τοῦ
1179 2829 1460 2899 προσώπου
1487 2846 1602 2893 σου,
1634 2848 1797 2882 κατα-

203 2920 539 2991 λάμψωμεν
572 2920 781 2982 πάντας
809 2918 1139 2989 ἀνθρώπους.
1168 2920 1229 2970 Εἰ
1257 2918 1362 2987 γὰρ
1388 2920 1460 2989 μὴ
1491 2918 1638 2971 ταῦθ’
1670 2922 1796 2989 ἡμῖν

209 3012 552 3081 ὑπάρξειεν,
585 3010 735 3061 οὐδέν
760 3012 920 3078 ἐσμεν
949 3011 1105 3079 ἡμεῖς
1135 3009 1269 3080 πρὸς
1297 3010 1392 3078 τὴν
1426 3009 1519 3062 τοῦ
1546 3009 1797 3079 τηλικοῦ-

207 3118 311 3153 του
353 3102 691 3171 πράγματος
722 3098 1072 3169 κατόρθωσιν.

1898 1943 1950 1987 et
1974 1942 2157 2003 gentes
2185 1935 2494 1988 universum
2528 1935 2711 1988 orbem
2743 1944 3098 2004 occupantes;
3131 1936 3217 1990 via
3259 1944 3431 1990 auten.

1900 2022 2009 2086 Dei,
2033 2034 2113 2078 est
2142 2025 2391 2092 religiosa
2414 2024 2543 2087 vita,
2570 2025 2725 2093 cujus
2774 2022 2895 2078 ﬁnis
2929 2027 2994 2079 ad
3020 2027 3196 2094 ipsum
3233 2025 3399 2079 Deum
3417 2078 3430 2089 ,

1896 2132 1991 2171 ceu
2039 2117 2106 2171 ad
2157 2116 2439 2184 quamdam
2492 2117 2756 2171 bonorum
2812 2117 3147 2185 metropolim
3198 2117 3430 2171 deducit.

1895 2205 2117 2275 Ipseque
2145 2206 2396 2260 salutaris
2422 2220 2598 2259 sermo
2620 2206 2703 2259 via
2732 2204 2825 2258 Dei
2854 2206 3034 2259 fuerit.
3076 2205 3431 2270 Quamobrem

1895 2296 1996 2349 sub
2040 2296 2151 2348 htec
2201 2297 2343 2348 velut
2381 2297 2698 2348 sententiam
2748 2295 3019 2363 explicans
3050 2294 3274 2362 adjicit:
3316 2313 3335 2346 ι
3375 2295 3432 2349 la

1894 2386 2144 2438 omnibus
2186 2385 2432 2453 gentibus
2478 2385 2715 2439 salutare
2743 2393 2913 2437 tuum.
2947 2404 2965 2434 ι
3021 2383 3090 2437 Ut
3129 2380 3308 2453 itaque
3339 2400 3428 2439 va.

1894 2475 2097 2529 leamus
2121 2475 2172 2526 in
2203 2475 2345 2527 omni
2372 2482 2513 2527 terra
2538 2485 2589 2527 et
2611 2475 2663 2527 in
2691 2475 2939 2528 omnibus
2961 2474 3211 2543 gentibus
3237 2484 3431 2531 terram

1894 2564 2253 2617 incolentibus
2276 2564 2417 2616 viam
2444 2570 2589 2617 tuam
2612 2571 2664 2617 et
2686 2564 2921 2618 salutare
2946 2572 3116 2627 tuum,
3145 2578 3266 2617 nam
3293 2564 3432 2618 idem

1895 2655 2067 2724 ipsum
2106 2662 2210 2717 est,
2244 2662 2429 2706 notum
2466 2653 2661 2714 facere.
2697 2654 2951 2709 miserere
2975 2652 3346 2717 nostri,Deus,
3380 2662 3433 2708 et

1894 2745 2117 2800 benedic
2167 2745 2356 2808 nobis,
2401 2745 2709 2814 vultumque
2761 2752 2913 2798 tuum
2975 2745 3213 2798 illumina
3272 2758 3434 2815 super

1892 2852 2021 2902 nos;
2056 2844 2113 2889 ut
2148 2837 2349 2891 lumine
2381 2837 2560 2891 vultus
2598 2836 2673 2890 tui
2704 2837 2928 2905 repleti,
2979 2852 3165 2891 omnes
3192 2836 3436 2892 homines

1891 2925 2243 2981 illustremus.
2275 2927 2486 2981 Atenim
2530 2928 2633 2982 nisi
2662 2928 2773 2981 haec
2806 2929 2960 2983 nobis
2993 2928 3433 2991 adfuerint,nihil

1893 3016 1959 3070 ad
1984 3025 2187 3070 tantam
2214 3032 2328 3071 rem
2355 3017 2731 3087 perﬁciendam
2766 3034 2969 3073 sumus.

295 3230 318 3263 ι
367 3208 992 3280 Ἐξομολογησάσθωσάν
1038 3226 1116 3261 σοι
1146 3208 1283 3270 λαοὶ,
1317 3209 1344 3259 ὁ
1375 3207 1524 3271 Θεὸς,
1548 3206 1791 3277 ἐξομολο-

1957 3211 2121 3267 Vens.
2144 3214 2252 3267 4-8.
2284 3230 2303 3264 ι
2338 3214 2705 3268 Confiteantur
2733 3214 2828 3266 tibi
2849 3214 3051 3281 populi,
3078 3213 3241 3275 Deus,
3265 3213 3433 3267 conﬂ-

208 3302 600 3374 γησάσθωσάν
641 3317 721 3352 σοι
750 3300 868 3352 λαοὶ
900 3300 1114 3361 πάντες.
1146 3297 1625 3367 Εὑφρανθήτωσαν.
1659 3316 1676 3348 ›
1714 3299 1793 3349 Τὰ

217 3394 327 3464 μὲν
360 3393 561 3463 πρῶτα
592 3392 799 3452 ἑαυτοῖς
820 3388 1119 3459 ὲπηῦξαντο
1138 3390 1185 3439 οἰ
1212 3388 1316 3439 τῶν
1344 3387 1507 3439 ἐθνῶν
1529 3389 1595 3457 κή
1606 3404 1787 3457 ρυκες”

212 3482 289 3535 τὰ
318 3484 378 3536 δὲ
414 3480 761 3551 προκείμενα
787 3482 896 3541 τοῖς
925 3479 983 3531 rb
1010 3478 1076 3529 δι’
1109 3476 1282 3528 αὐτῶν
1322 3477 1577 3545 κήρυγμα
1617 3493 1793 3545 παρα-

216 3572 573 3642 δεξαμένοις.
620 3570 730 3621 Καὶ
756 3568 820 3638 δὴ
850 3568 941 3621 καὶ
970 3566 1180 3637 πρῶτον
1215 3566 1310 3635 μὲν
1349 3566 1526 3626 αὐτοῖς
1553 3564 1795 3634 ἐξομολο-

217 3666 445 3732 γήσεως
475 3659 760 3728 ὲνδοθῆναι
789 3659 970 3730 χώραν
995 3656 1261 3727 εὔχονται,
1292 3656 1438 3717 ὅπως
1464 3654 1532 3706 τὰ
1560 3655 1795 3725 πρότερα

221 3752 443 3805 ἑαυτῶν
496 3749 947 3819 πλημμελήματα
994 3748 1087 3799 καὶ
1133 3746 1229 3808 τὰς
1287 3746 1343 3797 ὲν
1394 3744 1794 3815 εἰδωλολατρείᾳ.

219 3839 559 3901 δυσσεϐείας
603 3837 1019 3906 ἀπορῤύψωνται
1065 3834 1151 3887 διὰ
1192 3835 1289 3903 τῆς
1338 3833 1789 3905 ἐξομολογήσεως.

221 3930 489 4001 δεύτερον
520 3927 892 3997 καθαρθέντας
922 3928 1113 3989 αὐτοὺς
1142 3929 1318 3994 τυχεῖν
1352 3928 1681 3997 εὐφροσύνης
1706 3928 1796 3979 καὶ

223 4020 616 4088 ἀγαλλιάσεως
642 4017 741 4084 τῆς
774 4016 921 4086 παρὰ
949 4015 1024 4084 τῷ
1052 4015 1167 4084 Θεῷ
1204 4016 1515 4069 ἱκετεύουσι.
1538 4016 1625 4068 Διὸ
1648 4016 1795 4086 πρῶ-

223 4127 323 4162 τον
349 4110 515 4177 φασίν
534 4124 549 4138 ·
592 4124 612 4156 ι
654 4102 1259 4174 Ἐξομολογησάσθωσάν
1281 4120 1361 4155 σοι
1389 4105 1525 4169 λαοὶ,
1547 4108 1574 4157 ό
1599 4104 1744 4167 Θεός.
1773 4123 1790 4154 ι

240 4200 386 4252 Ἀλλ’
419 4198 549 4250 ἐπεὶ
586 4195 861 4248 συνέϐαινε
894 4195 1056 4263 μήπω
1081 4196 1312 4245 συνεῖναι
1336 4196 1481 4263 ἡμᾶς
1514 4194 1693 4257 ποίους
1721 4196 1795 4246 εἰ-

229 4292 440 4361 ρήκασι
489 4285 690 4347 λαούς·
740 4285 861 4335 ἐπεὶ
894 4284 987 4334 καὶ
1021 4283 1080 4334 rb
1123 4283 1384 4335 Ἰουδαίων
1428 4282 1575 4344 ἔθνος
1616 4283 1795 4353 ἀθροί-

228 4396 420 4449 σματα
454 4377 554 4429 καὶ
588 4374 751 4435 λαοὺς
794 4372 1080 4441 ἐκέκτητο·
1114 4372 1436 4439 ἀναγκαίως,
1470 4372 1553 4423 ἵνα
1595 4373 1795 4440 νοήσω-

1892 3305 2102 3352 teantur
2118 3300 2213 3353 tibi
2233 3301 2411 3369 populi
2431 3316 2633 3354 omnes.
2654 3299 2939 3353 Laetentur.
2974 3320 2991 3351 ι
3013 3299 3200 3353 Priora
3215 3302 3430 3368 quidem

1890 3389 1992 3442 sibi
2009 3404 2279 3457 praecones
2309 3392 2543 3459 gentium
2563 3390 2933 3459 postularunt;
2955 3390 3064 3443 haec
3086 3405 3211 3443 vero
3241 3391 3307 3444 iis
3337 3390 3429 3459 qui

1890 3476 2320 3544 praedicationem
2347 3492 2498 3531 suam
2523 3485 2866 3545 exceperunt.
2883 3476 2946 3529 Et
2961 3480 3130 3546 primo
3148 3479 3280 3547 ipsis
3301 3494 3432 3531 con-

1890 3566 2140 3622 fessionis
2169 3570 2342 3621 locum
2363 3569 2475 3622 dari
2498 3576 2800 3637 precantur,
2834 3576 2891 3621 ut
2921 3585 3015 3638 per
3039 3570 3430 3624 confessionem

1891 3657 2115 3726 pristina
2162 3656 2351 3710 delicta
2394 3666 2447 3712 et
2485 3659 2793 3712 idololatria:
2848 3658 3168 3727 impietatem
3226 3660 3433 3713 abster-

1890 3752 2036 3815 gant.
2076 3743 2323 3799 Secundo
2352 3754 2539 3816 rogant
2568 3755 2625 3800 ut
2654 3748 2859 3815 purgati
2893 3748 3128 3803 lauitiam
3163 3758 3215 3803 et
3253 3751 3433 3803 exsul-

1892 3835 2146 3889 tationem
2185 3849 2215 3887 a
2259 3835 2366 3889 Deo
2427 3844 2844 3904 consequantur.
2894 3836 3071 3901 Quare
3127 3840 3297 3908 primo
3351 3841 3434 3894 dl-

1892 3935 2019 3990 cunt
2072 3945 2086 3980 :
2131 3945 2149 3977 ι
2184 3926 2551 3980 Conﬁteantur
2614 3927 2706 3979 tibi
2771 3929 2983 3996 populi,
3052 3928 3210 3984 Deus.
3261 3949 3279 3981 ι
3327 3930 3432 3986 Sed

1891 4016 2014 4085 quia
2050 4018 2285 4070 nondum
2319 4017 2474 4071 nobis
2496 4024 2683 4069 notum
2715 4028 2848 4078 erat,
2879 4018 2969 4085 qui
3002 4020 3183 4085 populi
3226 4020 3427 4074 indica-

1892 4114 2117 4172 rentur;
2158 4122 2280 4161 nam
2332 4108 2444 4177 ipsa
2477 4122 2691 4176 quoque
2735 4105 2954 4159 Judaica
2987 4121 3115 4174 gens
3163 4118 3336 4162 coetus
3378 4116 3432 4165 ει

1893 4196 2115 4263 populos
2140 4194 2358 4260 habuit;
2391 4202 2448 4246 ut
2481 4194 2715 4247 sciamus
2739 4192 2932 4261 quibus
2961 4192 3024 4245 de
3058 4195 3270 4261 populis
3305 4210 3433 4263 aga-

1893 4291 2002 4345 tur,
2032 4285 2339 4337 necessario
2368 4288 2635 4352 repetunt,
2665 4290 2999 4347 mentemque
3053 4296 3204 4335 suam
3254 4283 3433 4337 decla-

1894 4383 2014 4427 rant
2048 4375 2131 4428 his
2152 4374 2368 4427 verbis:
2415 4391 2434 4422 ‹
2471 4370 2948 4425 Conﬁteanturtibi
2975 4372 3153 4438 populi
3180 4386 3384 4427 omnes.
3408 4394 3426 4426 ι

233 4486 340 4538 μεν
365 4468 539 4520 ποίων
552 4462 957 4533 ἐμνημόνευσαν
983 4460 1144 4522 λαῶν,
1169 4460 1470 4531 δευτεροῦσι
1487 4461 1796 4531 τρανοῦντες

1899 4463 2033 4516 Num
2068 4463 2203 4516 forte
2254 4478 2349 4530 per
2377 4462 2581 4531 priores
2635 4460 2792 4522 illos,
2853 4458 3160 4514 Judazorum
3206 4465 3434 4532 populos

227 4558 335 4624 τὴν
378 4557 625 4609 διάνοιαν
664 4554 721 4603 ὲν
762 4550 838 4620 τῷ
877 4550 1082 4617 λέγειν·
1124 4570 1141 4599 ι
1197 4550 1796 4618 Ἐξομολογησάσθωσάν

235 4662 325 4696 σοι
344 4646 463 4698 λαοὶ
482 4645 706 4703 πάντες.
746 4660 764 4691 ι
800 4642 1018 4710 Μήποτε
1045 4640 1100 4692 δὲ
1130 4641 1215 4693 διὰ
1244 4642 1347 4693 τῶν
1376 4640 1649 4710 προτέρων
1674 4641 1797 4702 τοὺς

236 4736 389 4803 παρὰ
434 4731 713 4792 Ἰουδαίοις
741 4729 899 4791 λαοὺς
926 4730 1262 4794 αἰνίττονται,
1288 4729 1426 4798 ὑπὲρ
1454 4728 1627 4780 αὐτῶν
1655 4728 1796 4797 πρῶ-

238 4838 334 4874 τον
362 4825 462 4894 τὴν
504 4821 672 4890 εὐχὴν
712 4820 1142 4888 ἁναπέμψαντες,
1183 4819 1269 4872 διὰ
1305 4819 1360 4871 δὲ
1400 4818 1505 4870 τῶν
1537 4818 1795 4888 δευτέρων

239 4910 366 4972 τοὺς
398 4910 461 4977 ἐξ
509 4908 680 4960 ἐθνῶν
718 4906 909 4970 λαούς;
938 4908 1110 4975 Ὅπερ
1150 4907 1235 4959 ἵνα.
1272 4906 1540 4974 γνώριμον
1576 4906 1796 4973 γένηται

243 5000 355 5060 τοῖς
386 4997 798 5065 ἐντυγχάνουσι,
832 4997 1081 5062 διασαφεῖ
1109 4996 1325 5062 φάσκων
1352 4996 1381 5045 ὁ
1407 4992 1563 5058 λόγος
1586 5008 1600 5023 ο
1638 5013 1657 5042 ι
1692 4995 1795 5045 Εὐ-

252 5087 650 5157 φρανθήτωσαν
677 5086 767 5137 καὶ
794 5083 1232 5152 ἀγαλλιάσθωσαν
1263 5083 1408 5149 ἔθνη.
1448 5099 1466 5130 ι
1502 5082 1712 5153 Ἐπειδὴ
1740 5082 1798 5135 δὲ

254 5173 331 5236 ἥς
371 5178 457 5239 rb,
515 5194 533 5225 ι
590 5172 1163 5243 ὲξομολογησάσθωσάν
1211 5188 1310 5233 σοι,
1364 5187 1383 5218 ι
1438 5169 1665 5237 εἴρηται,
1704 5173 1800 5238 ὅρα

255 5265 465 5333 μήποτε
500 5265 563 5318 rb
596 5264 692 5333 μὲν
720 5264 932 5334 πρῶτον
962 5261 1142 5331 ἐδήλου
1179 5260 1285 5312 τῶν
1318 5255 1590 5325 προτέρων
1622 5260 1801 5327 ἀμαρ-

254 5356 509 5422 τημάτων
552 5353 648 5421 τὴν
673 5352 973 5421 ὁμολογίαν,
1005 5349 1065 5400 rb
1102 5348 1155 5399 δὲ
1180 5346 1444 5413 δεύτερον,
1484 5343 1580 5411 τὴν
1606 5347 1692 5412 ἐφ’
1724 5344 1802 5411 οἷς

256 5439 439 5514 ἔτυχον
467 5443 692 5511 ἀγαθοῖς
722 5442 1079 5512 εὐχαριστίαν.
1116 5436 1456 5506 Λαμὸἀνεται
1485 5433 1591 5503 γὰρ
1625 5438 1657 5505 ἡ
1689 5438 1801 5503 ἐξο-

260 5534 546 5604 μηλόγησις
583 5534 675 5586 καὶ
702 5533 792 5584 ἐπὶ
821 5527 1173 5599 εὐχαριστίας.
1211 5524 1362 5576 Οὕτω
1393 5522 1515 5588 γοῦν
1545 5526 1574 5575 ὁ
1607 5526 1800 5598 Σωτὴρ

338 5689 374 5723 ιθ
395 5691 591 5760 Ephes,
626 5704 663 5752 ι,
685 5688 736 5741 5.
811 5685 856 5718 ⁸⁵
875 5683 1015 5738 Psal.
1043 5696 1112 5743 iv,
1141 5680 1186 5731 7.
1294 5675 1340 5707 “
1359 5673 1543 5729 Matth.
1579 5692 1663 5741 ιι,
1701 5681 1791 5734 25'.

1899 4551 2254 4612 subindicant,
2312 4564 2409 4619 pro
2457 4550 2666 4617 illisque
2714 4547 3010 4602 orationem
3056 4548 3231 4619 primo
3281 4553 3437 4606 emit-

1898 4649 2048 4706 tunt;
2086 4656 2180 4709 per
2207 4639 2472 4693 secundos
2499 4644 2695 4699 autem,
2722 4637 2956 4705 gentium
2993 4640 3253 4706 populos?
3282 4639 3433 4703 Quod

1897 4738 1955 4781 ut
1988 4726 2279 4795 legentibus
2332 4726 2546 4793 planum
2595 4722 2703 4784 ﬁat,
2742 4722 2826 4775 his
2869 4722 3044 4775 verbis
3081 4722 3431 4777 declaratur:

1905 4836 1923 4867 ι
1970 4816 2237 4871 Laelenlur
2266 4822 2319 4868 et
2341 4812 2605 4868 exsultent
2624 4819 2830 4881 gentes.
2868 4830 2885 4861 ι
2912 4810 3176 4876 Quoniam
3205 4828 3331 4866 vero
3352 4814 3437 4867 bis

1899 4906 2050 4970 illud,
2086 4923 2105 4955 ι
2149 4904 2501 4958 conﬁteantur
2529 4900 2660 4963 tibi,
2700 4919 2718 4952 ι
2758 4902 2958 4954 dictum
3004 4911 3113 4966 est;
3166 4899 3436 4970 perpende

1900 5012 2027 5049 num
2066 4995 2295 5064 primum
2324 4992 2669 5061 pristinorum
2697 4989 3010 5043 delictorum
3041 4989 3435 5045 confessionem

1901 5082 2191 5152 signiﬁcet;
2230 5080 2519 5135 secundum
2551 5092 2698 5137 vero,
2735 5077 3028 5144 gratiarum
3084 5092 3181 5145 pro
3223 5079 3435 5135 collatis

1900 5174 2057 5229 bonis
2086 5172 2369 5225 actionem.
2388 5168 2518 5221 Nam
2542 5166 2811 5219 confessio
2839 5165 2999 5218 etiam
3027 5181 3121 5234 pro
3140 5167 3435 5234 gratiarum

1904 5265 2113 5317 actione
2156 5267 2464 5329 usurpatur.
2498 5253 2585 5305 Sic
2615 5255 2758 5306 enim
2797 5254 3046 5307 Servator
3074 5254 3278 5322 gratias
3329 5258 3437 5325 agit

1904 5355 2130 5408 dicens:
2174 5371 2193 5403 ι
2241 5349 2507 5404 Conﬁteor
2560 5342 2696 5406 tibi,
2741 5342 2919 5404 Pater,
2964 5342 3183 5395 Domine
3224 5345 3352 5396 caeli
3385 5352 3440 5399 et

1901 5451 2057 5498 terra:
2083 5444 2147 5494 ὀ.
2189 5461 2206 5493 ι
2239 5439 2367 5493 Post
2392 5435 2614 5505 primam
2648 5446 2780 5485 vero
2826 5442 2877 5485 et
2905 5433 3191 5485 secundam
3221 5434 3447 5488 confes-

1905 5532 2129 5592 sionem,
2157 5528 2265 5596 jam
2288 5524 2445 5580 tertio
2474 5533 2568 5588 pro
2607 5519 2858 5576 sentibus
2894 5518 2999 5571 illis
3025 5516 3294 5573 confessis
3325 5532 3450 5589 pro-
