3818 6378
425 347 529 401 675

1099 342 1358 399 EUSEBII
1397 336 1867 395 CIESARIENSIS
1905 337 2053 391 OPP.
2091 336 2269 390 PARS
2300 333 2389 388 Ill.
2427 365 2491 374 —
2522 329 2954 387 EXEGETICA.

3626 316 3726 369 67b

423 480 630 524 cantur.
689 468 894 534 Quibus
952 464 1164 518 verbis?
1212 481 1229 511 ι
1287 460 1558 514 Laetentur
1609 467 1662 511 et
1706 458 1931 512 exsultet

2218 456 2383 525 ρίστει
2409 452 2578 521 λέγων
2596 468 2609 481 ’
2647 469 2664 500 ε
2690 436 3355 534 Ἐξομολογοῦμαί-σοι,
3388 433 3726 534 [ἐάτερῧίύ-

423 568 627 631 gentes.
670 579 687 611 ι
719 558 833 621 Qua
866 569 989 609 vero
1032 554 1097 606 de
1133 566 1297 604 causa
1322 591 1336 615 ,
1368 549 1561 603 deinde
1590 548 1745 603 docet
1785 552 1864 601 sic
1897 549 1975 600 lo-

424 668 632 721 quens:
670 668 689 700 ι
726 648 985 712 Quoniam
1011 643 1277 713 judicabis
1297 643 1521 711 populos
1544 643 1597 693 in
1632 642 1919 709 aequitate;
1950 661 1969 692 ι

426 738 651 809 populos
708 741 882 786 autem
912 746 1019 783 non
1067 732 1311 800 aliquos,
1373 730 1494 783 aliis
1554 728 1834 791 dimissis;
1879 727 1973 783 sed

426 842 633 887 omnes,
665 830 721 876 ut
749 821 1175 874 demonstratum
1222 820 1469 889 superius
1514 827 1637 874 est:
1680 820 1771 887 qui
1823 820 1973 888 gnari

426 917 645 981 insuper
676 926 734 965 se
762 910 857 965 abs
895 919 947 964 te
972 910 1191 963 ductum
1224 911 1325 973 iri,
1373 921 1431 963 ut
1455 911 1598 963 viam
1624 910 1724 962 sibi
1754 925 1782 962 a
1821 910 1975 965 nobis

426 1004 712 1057 indicatam
745 1001 1143 1069 perambulent,
1173 1000 1293 1067 jure
1325 1000 1508 1051 latitia
1533 1005 1587 1051 et
1618 999 1975 1052 exsultatione

425 1090 789 1160 replebuntur.
827 1084 932 1139 Pro
959 1088 1048 1139 illo
1080 1095 1278 1146 autem,
1309 1103 1327 1134 ι
1360 1092 1412 1138 et
1435 1085 1725 1147 exsultent,
1765 1102 1782 1133 ι
1810 1084 1976 1152 Aqui—

424 1175 494 1236 la,
526 1190 545 1220 ‹
575 1178 627 1224 et
657 1168 994 1236 laudabunt;
1030 1188 1048 1219 ι
1085 1168 1437 1237 Symmachus
1467 1181 1613 1231 vero,
1642 1186 1661 1218 ‹
1719 1176 1771 1221 et
1815 1167 1977 1220 bene-

424 1262 621 1323 dicant,
651 1280 669 1313 ι
706 1260 1041 1330 interpretati
1097 1267 1245 1314 sunt.
1291 1278 1309 1309 ‹
1345 1258 1711 1313 Conﬁteantur
1736 1258 1833 1311 tibi
1883 1272 1977 1326 po-

424 1354 555 1421 puli,
582 1352 743 1414 Deus,
774 1353 1138 1405 conﬁteantur
1168 1350 1261 1403 tibi
1320 1349 1500 1417 populi
1557 1362 1743 1402 omnes
1785 1367 1798 1401 :
1832 1356 1975 1401 terra

422 1443 568 1497 dedit
596 1443 827 1497 fructum
852 1457 1029 1496 suum.
1065 1460 1083 1492 ι
1122 1441 1194 1495 De
1237 1440 1392 1494 bonis
1425 1439 1704 1507 promissis
1733 1438 1841 1491 tuis
1885 1438 1975 1491 lae-

424 1535 694 1587 tabundus
721 1534 950 1602 Spiritus
990 1542 1230 1594 sanctus,
1260 1529 1447 1584 iisdem
1488 1530 1711 1582 vocibus
1756 1528 1973 1590 insistit,

423 1625 578 1690 quasi
607 1625 674 1678 de
723 1626 992 1676 communi
1052 1624 1420 1675 universorum
1478 1620 1752 1674 hominum
1806 1620 1978 1672 salute

425 1711 741 1766 delectatus.
772 1711 946 1775 Quare
991 1712 1075 1765 bis
1110 1720 1255 1763 terve
1309 1710 1570 1772 resumit,
1602 1724 1773 1777 neque
1802 1709 1917 1760 vult
1947 1723 1977 1760 a

425 1801 650 1855 salutari
695 1812 748 1854 et
793 1803 1097 1869 evangelica
1140 1800 1361 1873 cantico
1416 1799 1685 1852 secedere.
1744 1796 1975 1851 Rursum
2007 1786 2048 1839 Β

426 1888 608 1957 itaque
630 1891 703 1942 ait
735 1906 747 1941 :
781 1911 797 1940 ι
821 1890 1189 1943 Conliteantur
1215 1891 1310 1943 tibi
1339 1889 1539 1958 populi,
1574 1888 1729 1942 Deus.
1771 1906 1789 1938 ι
1820 1887 1973 1952 Quod

426 1994 555 2033 sane
588 1980 875 2032 maximum
904 1988 1020 2034 erat
1055 1980 1538 2048 miraculum,quia
1560 1978 1727 2033 Judaei
1759 1980 1973 2047 quidem

428 2066 799 2121 universorum
830 2068 924 2122 Dei
959 2069 1160 2123 cultum
1191 2084 1219 2121 a
1250 2070 1491 2138 patribus
1512 2069 1708 2132 edocti,
1736 2069 1787 2121 in
1810 2068 1977 2121 idolo-

427 2156 597 2211 latria:
637 2172 876 2212 errorem
910 2160 1221 2227 frequenter
1261 2160 1607 2228 proruebant.
1647 2158 1836 2230 Populi
1876 2175 1974 2211 au-

425 2252 533 2300 tem
569 2262 663 2315 per
702 2249 887 2302 orbem
916 2250 1177 2312 universi,
1203 2250 1295 2319 qui
1323 2265 1353 2302 a
1378 2250 1560 2305 multis
1582 2259 1726 2305 retro
1765 2253 1976 2305 saeculis

424 2337 598 2390 errori
621 2337 787 2391 dediti
817 2345 993 2400 erant,
1024 2353 1262 2407 eousque
1308 2353 1487 2393 mores
1515 2339 1895 2405 immutabuut,
1920 2348 1977 2392 ut

425 2441 535 2479 non
567 2429 738 2481 solum
767 2436 818 2482 te
839 2429 1076 2480 omnium
1109 2429 1271 2482 Deum
1308 2436 1629 2498 agnoscant;
1683 2429 1775 2483 sed
1814 2429 1974 2481 etiam

425 2516 671 2570 ediscant
703 2519 801 2571 tibi
833 2520 1032 2588 duplici
1079 2520 1188 2588 jam
1240 2519 1438 2573 tradito
1483 2535 1630 2574 more
1683 2521 1972 2575 conﬁteri:

427 2608 569 2674 quod
602 2615 659 2659 ut
699 2611 911 2662 eveniat
942 2610 1052 2677 jam
1082 2610 1395 2662 vaticinium
1447 2620 1688 2675 matura;
1730 2619 1788 2663 ut
1822 2619 1976 2664 teter-

427 2707 621 2746 narum
680 2696 1099 2762 promissionum
1147 2695 1342 2749 oculati
1396 2703 1562 2750 testes
1610 2697 1798 2751 simus.
1854 2697 1976 2751 Haec

428 2796 591 2849 porro
615 2782 694 2834 sic
724 2783 1033 2850 accipienda
1066 2791 1212 2843 sunt,
1239 2790 1296 2835 ut
1333 2785 1543 2852 possint
1581 2796 1647 2838 ex
1690 2788 1975 2855 propheta-

428 2886 550 2924 rum
587 2886 811 2939 persona
837 2872 940 2924 dici
968 2889 982 2936 ;
1019 2873 1087 2923 ita
1116 2877 1172 2923 ut
1197 2885 1315 2939 quae
1344 2879 1469 2926 ante
1500 2872 1799 2942 diapsalma
1826 2881 1971 2936 sunt,

430 2959 791 3027 apostolorum
820 2974 1058 3028 persona
1086 2959 1445 3023 conveniant;
1477 2974 1595 3028 qua:
1630 2975 1756 3014 vero
1785 2976 1975 3016 secun-

427 3048 555 3101 dum
590 3049 884 3117 diapsalma
916 3057 1209 3117 ponuntur,
1247 3050 1626 3118 prophetarum
1662 3050 1850 3111 choro,
1882 3052 1973 3118 qui

428 3155 491 3195 ea
518 3155 631 3209 quae
655 3155 752 3193 nos
792 3138 1052 3202 videmus,
1098 3139 1201 3208 ipsi
1226 3154 1439 3208 quoque
1470 3141 1782 3208 conspicere
1828 3139 1976 3209 ﬂagi-

427 3232 636 3290 tabant,
660 3237 714 3283 et
743 3239 920 3282 tamen
948 3244 1056 3283 nou
1083 3228 1331 3282 viderunt
1356 3230 1649 3283 secundum
1685 3229 1975 3284 Salvatoris

427 3329 613 3369 vocem
644 3316 710 3367 ⁸⁸.
767 3315 965 3369 Deinde
1030 3315 1261 3369 dicitur:
1308 3334 1328 3367 ι
1370 3315 1534 3369 Terra
1566 3318 1710 3371 dedit
1746 3317 1975 3372 fructum

427 3418 618 3471 suum;
647 3424 665 3455 ι
695 3407 826 3468 sive,
857 3405 1151 3459 secundum
1178 3406 1557 3474 Symmachum
1584 3425 1597 3460 :
1635 3425 1654 3457 ι
1687 3406 1853 3462 Terra
1881 3408 1977 3461 da-

356 3494 357 3497 “
428 3492 505 3546 bit
537 3504 849 3561 proventum
896 3510 1073 3548 suum.
1133 3514 1150 3545 ι
1188 3493 1323 3549 Vere
1379 3511 1608 3565 namque
1648 3497 1856 3553 fructus
1893 3512 1977 3553 se-

428 3581 664 3633 cundum
719 3589 876 3635 terra:
921 3590 1164 3634 naturam
1212 3590 1334 3645 est,
1395 3600 1554 3640 nosse
1604 3587 1975 3642 universorum

430 3668 617 3731 Deum,
642 3685 843 3738 eosque
870 3672 1022 3738 queis
1060 3673 1113 3725 in
1148 3674 1234 3725 illa
1262 3674 1503 3731 habitare
1529 3691 1843 3732 concessum
1871 3686 1975 3741 est,

428 3758 638 3813 debitas
697 3760 801 3827 ipsi
848 3762 1215 3816 confessiones
1272 3774 1324 3817 et
1388 3767 1680 3833 gratiarum
1740 3767 1979 3821 actiones

429 3849 694 3903 emittere.
730 3848 860 3902 Nam
893 3865 954 3905 ea
985 3851 1050 3906 de
1076 3862 1417 3908 causaterrte
1452 3856 1771 3910 elementum
1791 3859 1979 3911 condi-

431 3957 542 4001 tum
565 3956 667 4011 est,
697 3957 755 4002 ut
776 3949 866 4019 qui
896 3950 947 4003 in
986 3950 1074 4003 illa
1104 3961 1448 4006 versarentur
1471 3995 1485 4017 ,
1524 3954 1735 4021 pietatis
1771 3956 1977 4011 fructus

428 4038 760 4109 proferrent;
805 4039 895 4094 sed
926 4040 995 4092 ob
1025 4041 1181 4109 primi
1225 4040 1458 4095 hominis
1484 4043 1974 4110 praavaricationem

429 4128 630 4183 dictum
668 4137 789 4184 est:
832 4149 851 4181 ι
889 4129 1162 4185 Maledicta
1201 4139 1342 4184 terra
1382 4132 1436 4184 in
1475 4133 1728 4200 operibus
1760 4135 1886 4187 tuis.
1919 4135 1973 4188 In

431 4218 614 4273 dolore
637 4218 884 4273 comedes
928 4219 1095 4287 ipsam
1149 4220 1399 4273 omnibus
1428 4220 1619 4274 diebus
1675 4221 1796 4275 vitae
1851 4230 1974 4275 tum.

430 4306 626 4377 Spinas
656 4316 709 4364 et
736 4309 966 4363 tribulos
994 4310 1312 4378 germinabit
1334 4310 1432 4363 tibi
1465 4312 1531 4362 θ’.
1570 4329 1587 4360 ι
1626 4312 1693 4362 At
1723 4326 1829 4363 non
1862 4322 1977 4364 erat

2077 522 2271 617 ῥιέτὸῡ
2304 542 2529 613 ούρανοῦ
2556 543 2648 593 καὶ
2677 541 2781 608 τῆς
2813 538 2952 604 γῆς.
2997 551 3019 583 ι
3065 526 3243 583 Μετὰ
3278 525 3343 577 δὲ
3372 525 3483 617 τὴν
3513 522 3732 617 πρωτην

2073 612 2166 689 καὶ
2211 612 2462 703 δευτέραν
2513 630 2913 699 ἐξομολόγησιν
2964 619 3342 689 ἐπεύχονται
3384 616 3517 703 ,τοῖς
3564 612 3733 703 ἔθνεσι

2072 730 2183 788 τοῖς
2227 700 2782 793 ἐξομολογησαμένοις
2828 714 2905 767 τὰ
2959 711 3172 783 τρίτα.
3212 700 3479 759 Τίνα’δὲ
3529 702 3733 768 ruina;

2079 839 2096 867 ι
2142 813 2606 884 Εὐφρανθήτωσαν
2640 810 2736 861 καὶ
2786 800 3303 875 ἀγαλλιάσθωσαν
3355 796 3521 866 ἔθνη.
3571 814 3591 848 ι
3634 796 3733 847 Καὶ

2071 905 2158 959 διὰ
2201 904 2361 956 ποίαν
2399 902 2596 963 αἰτίαν,
2626 900 2755 969 ἐξῆς
2790 896 3060 950 διδάσκει
3102 890 3332 957 λέγων·
3377 905 3399 937 ι
3441 887 3575 937 Ὅτι
3622 902 3735 955 κρι-

2072 997 2180 1057 νεῖς
2211 993 2370 1055 λαοὺς
2413 994 2470 1043 ἐν
2519 989 2799 1058 εὐθύτητι,
2844 1006 2863 1037 ›
2914 985 3024 1038 καὶ
3078 982 3172 1034 ὅτι
3219 977 3434 1040 λαοὺς,
3482 976 3546 1029 οὐ
3595 976 3736 1040 τινάς

2077 1081 2193 1151 μὲν,
2225 1079 2374 1142 τινὰς
2401 1079 2457 1131 δὲ
2495 1077 2591 1129 οὐ.⁸
2635 1076 2774 1128 ἀλλὰ
2823 1075 3059 1134 πάντας
3092 1067 3257 1122 κατὰ
3294 1066 3373 1119 τὰ
3427 1066 3735 1134 ἔμπροσθεν

2071 1169 2424 1239 δεδηλωμένα.
2466 1168 2589 1219 Ἔτι
2637 1166 2695 1218 δέ
2724 1164 2957 1232 γνόντα,
3007 1161 3102 1213 ὅτι
3145 1156 3598 1227 ὀδηγηθήσεται
3642 1155 3734 1209 ὑπὸ

2076 1258 2167 1311 σοῦ
2208 1259 2343 1329 πρὸς
2385 1259 2444 1311 τὸ
2488 1257 2708 1326 βαδίσαι
2734 1256 2837 1325 τὴν
2881 1252 3012 1305 ὁδὸν
3052 1251 3169 1321 τὴν
3200 1249 3309 1317 ὐφ’
3350 1246 3532 1316 ἡμῶν
3564 1249 3733 1310 αὒτὺέ

2074 1349 2499 1422 γνωριζομένην,
2529 1348 2758 1408 εἰκότως
2786 1343 3166 1415 εὐφροσύνης
3203 1342 3315 1393 καὶ
3354 1338 3731 1407 ἀγαλλιάσεως

2074 1436 2454 1506 πλησθήσεται.
2501 1436 2647 1488 Ἀντὶ
2691 1435 2747 1486 δὲ
2801 1433 2927 1495 τοῦ,
2963 1452 2983 1483 ι
3028 1433 3137 1484 καὶ
3172 1428 3726 1497 ἀγαλλιάσθωσαν,ι

2080 1545 2098 1576 ι
2124 1527 2211 1578 καὶ
2244 1528 2540 1579 αἱνέσουσιν
2580 1545 2600 1577 ι
2638 1526 2667 1576 ὁ
2713 1523 2959 1585 Ἀκύλας
2981 1538 2998 1552 ’
3036 1524 3069 1574 ὁ
3104 1521 3169 1573 δὲ
3210 1520 3572 1590 Σύμμαχος,
3604 1538 3623 1570 ‹
3655 1521 3733 1573 καὶ

2076 1615 2506 1685 εύφημείτωσαν,
2535 1633 2552 1664 ι
2589 1614 2979 1683 ἡρμήνευσαν.
3014 1630 3036 1661 ε
3065 1609 3732 1679 Ἐξομολογησάσθωσάν

2078 1724 2157 1758 σοι
2190 1707 2326 1767 λαοὶ,
2361 1708 2388 1758 ὁ
2419 1706 2571 1768 Θεὸς,
2611 1703 3272 1774 ἐξομολογησάσθωσάν
3323 1719 3420 1755 σοι
3463 1701 3585 1755 λαοί
3615 1705 3733 1756 πάν-

2074 1813 2182 1859 τες
2224 1795 2294 1863 γῆ
2322 1796 2506 1847 νέδωκε
2536 1796 2629 1847 τὸν
2661 1795 2879 1865 καρπὸν
2924 1794 3149 1863 αὐτῆς.
3188 1812 3209 1843 ι
3262 1795 3407 1846 Ἐπὶ
3455 1796 3582 1856 ταῖς
3614 1812 3729 1864 χρη-

2076 1888 2223 1948 σταῖς
2276 1885 2367 1938 καὶ
2417 1885 2649 1952 ἀγαθαῖς
2695 1885 3089 1952 ἐπαγγελίαις
3149 1885 3628 1955 εὐφραινόμενον
3680 1884 3731 1938 τὸ

2076 1976 2295 2047 Πνεῦμα
2333 1974 2393 2027 τὸ
2437 1974 2613 2042 ἆγιον,
2662 1978 2782 2036 ταῖς
2827 1975 3043 2037 αὐταῖς
3079 1975 3463 2046 ἐνδιατρίϐει
3521 1979 3727 2044 φωναῖς,

2073 2067 2259 2138 ὥσπερ
2290 2065 2568 2137 ἐντρυφῶν
2596 2068 2665 2136 τῇ
2699 2068 2858 2135 κοινῇ
2896 2065 3152 2119 πάντων
3190 2066 3308 2119 ἀνθ
3320 2066 3540 2137 ρώπων
3572 2084 3729 2137 σωτηο

2077 2159 2186 2230 ρίᾳ.
2219 2157 2308 2210 Διὸ
2342 2156 2788 2226 ἐπαναλαμϐάνει
2822 2156 3109 2227 δεύτερον
3147 2158 3263 2210 καὶ
3300 2158 3529 2229 τριτον,
3564 2160 3653 2212 καὶ
3678 2160 3727 2211 οὗ

2076 2248 2319 2317 βούλεται
2363 2248 2668 2316 ἀναχωρεῖν
2700 2247 2797 2300 τοῦ
2850 2248 3163 2318 σωτηρίου
3225 2249 3339 2302 καὶ
3378 2249 3728 2317 εὐαγγελικαῦ

2074 2336 2327 2407 ᾄσματος.
2372 2337 2538 2389 Πάλιν
2584 2331 2678 2388 οὖν
2728 2352 2922 2407 φησιν·
2987 2355 3011 2386 ς
3070 2337 3728 2409 Ἐξομολογησάσθωσάν

2075 2444 2155 2479 σοι
2194 2427 2328 2492 λαοὶ,
2366 2430 2395 2480 ό
2439 2428 2589 2490 Θεός.
2632 2446 2651 2478 ι
2698 2429 2765 2479 Ὃ
2807 2427 2876 2497 δὴ
2926 2428 3232 2499 μέγιστον
3280 2425 3360 2499 ἦν
3399 2429 3620 2499 θαῦμα,
3658 2431 3725 2481 ὅτι

2085 2516 2321 2570 Ἰουδαῖοι
2349 2519 2466 2586 μὲν,
2506 2519 2570 2571 ἐκ
2598 2517 2855 2587 πατέρων
2890 2518 2994 2570 τὸν
3028 2518 3158 2571 τῶν
3192 2519 3355 2573 ὅλων
3388 2521 3531 2573 Θεὸν
3563 2521 3720 2574 σέϐειν

2071 2605 2451 2676 δεδιδαγμένοι,
2485 2608 2725 2677 συνεχῶς
2757 2607 3310 2679 ἐξετραχηλίςοντο
3344 2614 3447 2666 ἐπὶ
3482 2612 3583 2683 τὴν
3608 2612 3727 2663 πλά-

2072 2714 2167 2767 νην
2196 2698 2295 2768 τῆς
2318 2698 2759 2768 εἰδωλολατρείας
2779 2715 2795 2730 ο
2830 2700 2959 2752 λαοὶ
2987 2701 3056 2754 δὲ
3096 2703 3335 2767 πάντες
3363 2706 3418 2757 οἱ
3466 2705 3590 2759 καθ’
3614 2704 3725 2775 ὅλης

2071 2790 2168 2861 τῆς
2202 2789 2520 2859 οἰκουμένης
2546 2791 2610 2841 ἐκ
2641 2789 2738 2842 τοῦ
2777 2791 3014 2861 μακροῦ
3048 2793 3284 2859 αἰῶνος
3320 2797 3721 2867 πεπλανημένοι

2073 2881 2152 2941 εἰς
2192 2878 2459 2949 τοσαύτην
2497 2878 2686 2947 ἥξουσι
2737 2882 3097 2953 μεταϐολὴν,
3144 2885 3236 2948 ὼς
3280 2888 3368 2958 μὴ
3410 2889 3577 2959 μόνον
3616 2890 3720 2941 ἐπι-

2074 2969 2354 3036 γνῶναισε
2380 2970 2473 3022 τὸν
2503 2972 2594 3023 ἐπὶ
2627 2972 2848 3025 πάντων
2872 2973 3052 3038 Θεὸν,
3088 2976 3254 3031 ἀλλὰ
3287 2982 3397 3034 καὶ
3424 2983 3720 3052 ἐπιστήμην

2074 3057 2356 3110 ἀναλαϐεῖν
2391 3057 2485 3111 τοῦ
2532 3059 2988 3130 ἐξομολογεῖσθαι
3044 3083 3143 3119 σοι
3199 3070 3368 3123 κατὰ
3413 3072 3512 3125 τὸν
3547 3071 3721 3126 ἀποδο-

2076 3145 2232 3200 θέντα
2272 3147 2448 3201 διττὸν
2482 3149 2715 3213 τρόπον’
2758 3151 2911 3223 ,ὅπερ
2970 3154 3075 3208 ἵνα
3134 3158 3395 3229 γένηται
3439 3162 3544 3232 ἤδη
3583 3161 3716 3223 ποτὲ,

2073 3236 2294 3306 τάχυνον
2320 3237 2387 3290 τὰ
2415 3238 2516 3307 τῆς
2545 3242 2913 3312 προφητείας,
2944 3246 3049 3300 ἵνα
3105 3251 3417 3305 αὐτόπται
3461 3253 3573 3307 τῶν
3605 3255 3722 3307 αἰω-

2075 3326 2199 3379 νίων
2230 3328 2566 3395 ἐπαγγελιῶν
2599 3333 2927 3403 γενοίμεθα.
2980 3338 3357 3398 Ἀκουστέον
3390 3346 3450 3399 δὲ
3479 3346 3587 3398 τῶν
3611 3362 3721 3414 προ-

2074 3416 2335 3485 κειμένων
2368 3418 2443 3479 ὼς
2480 3418 2800 3489 δυναμένων
2826 3426 2926 3477 καὶ
2964 3426 3041 3480 ἐκ
3084 3432 3425 3501 προσώπου
3471 3434 3580 3486 τῶν
3606 3450 3720 3503 τερο-

2075 3506 2256 3575 φητῶν
2280 3507 2559 3574 λέγεσθαι·
2593 3510 2723 3564 ὥστ’
2768 3509 2915 3567 εἷναι
2947 3517 3024 3571 τὰ
3060 3520 3178 3589 μὲν
3204 3525 3328 3593 πρὸ
3367 3525 3470 3578 τοῦ
3513 3526 3718 3594 διαψάλ-

2078 3614 2260 3666 ματος,
2298 3599 2602 3668 ἁρμόζοντα
2645 3602 2726 3671 τῷ
2757 3604 3059 3678 προσώπῳ
3098 3611 3227 3666 τῶν
3276 3616 3630 3681 ἀποστόλων,
3662 3614 3717 3667 τὰ

2073 3690 2130 3741 δὲ
2162 3690 2294 3759 μετὰ
2319 3690 2380 3742 τὸ
2404 3690 2704 3762 διάψαλμα,
2733 3695 2816 3764 τῷ
2846 3699 3006 3769 χορῷ
3044 3703 3171 3758 τῶν
3205 3713 3558 3781 προφητῶν,
3597 3713 3714 3763 οῖτρ

2075 3799 2162 3843 νες
2184 3782 2486 3851 ἐπεθύμουν
2523 3784 2650 3836 ἰδεῖν
2675 3786 2712 3839 ἃ
2744 3789 2911 3857 ἡμεῖς
2954 3791 3290 3867 βλέπομεν,
3326 3804 3431 3856 καὶ
3465 3805 3568 3856 οὐκ
3594 3802 3714 3856 εἶδον

2075 3870 2340 3965 κατάτὴν
2382 3876 2648 3965 σωτήριον
2701 3880 2914 3949 φωνήν.
2960 3882 3143 3956 Ἑξῆς
3186 3891 3429 3957 τούτοις
3477 3894 3711 3965 εἴρητοι’

2080 3982 2097 4011 ι
2129 3962 2202 4031 Γῆ
2231 3962 2393 4057 ἔδεσκε
2536 3966 2750 4057 καρπὸν
2781 3971 2959 4041 αὐτῆς
2980 3990 2996 4003 ·
3038 3994 3058 4026 ι
3105 3977 3143 4047 ἢ
3183 3983 3345 4036 κατὰ
3378 3984 3478 4038 τὸν
3510 3962 3715 4057 έύμμα.

2074 4069 2258 4146 χονᾏς
2417 4052 2577 4146 δώσει
2598 4056 2713 4146 ,τὴν
2755 4060 2936 4130 φορὰν
2993 4066 3213 4137 αὐτῆς.
3255 4090 3277 4123 ι
3336 4052 3713 4146 Καρπὸςνγάρ

2074 4141 2147 4236 ως
2178 4140 2388 4236 άληθῶς
2416 4143 2444 4194 ὁ
2477 4144 2633 4236 κατὰΔ
2667 4146 2834 4214 φύσιν
2860 4150 2969 4221 τῆς
3015 4155 3137 4225 γῆς
3174 4161 3306 4216 ἐστι
3338 4165 3407 4217 τὸ
3437 4140 3712 4236 γνωρίζειν

2073 4229 2162 4327 τὸν
2192 4230 2282 4327 ἐπὶ
2306 4231 2523 4327 πάντων
2546 4232 2702 4327 Θεὸν,
2734 4238 2960 4303 καὶτὰς
2996 4243 3402 4321 ὀφειλομένας
3431 4229 3585 4327 ἀοτῷ
3613 4258 3713 4321 ἑξο-

2078 4319 2392 4389 μολογήσεις
2435 4324 2528 4375 καὶ
2562 4326 2923 4398 εὐχαριστίας
2974 4334 3364 4410 ἀναπέμπειν
3391 4350 3526 4411 τοὺς
3557 4319 3711 4399 οἰκεῖν

430 4395 520 4451 hic
550 4396 756 4451 fructus
774 4404 928 4450 terra:
950 4398 1244 4453 secundum
1271 4409 1553 4463 naturam;
1585 4399 1677 4453 sed
1695 4400 1932 4468 praedicti

2200 4426 2239 4479 ιν
2269 4395 2859 4507 ἐπιτραπένταςξἙπὶ
2885 4422 3061 4479 τοῦτο
3096 4395 3208 4499 μὲν

431 4487 650 4540 malitiae
715 4501 832 4555 quae
878 4495 1071 4556 prater
1126 4498 1370 4543 naturam
1428 4489 1484 4542 in
1538 4504 1601 4543 ea
1643 4491 1972 4558 pullulatura

430 4581 567 4629 erat.
620 4573 750 4627 Nam
791 4588 982 4644 praater
1013 4588 1257 4631 naturam
1296 4578 1463 4648 spinae
1505 4587 1559 4634 et
1588 4581 1768 4635 tribuli
1801 4583 1974 4637 oborti

431 4671 559 4718 sunt
582 4673 802 4733 propter
832 4668 1321 4734 praavaricationem
1354 4684 1463 4722 non
1489 4671 1665 4723 solum
1688 4673 1844 4740 primi
1880 4673 1974 4726 ho-

431 4752 608 4806 minis.
635 4754 724 4806 sed
752 4754 910 4808 etiam
930 4770 1115 4810 eorum
1147 4758 1237 4826 qui
1274 4768 1394 4825 post
1420 4758 1569 4812 illum
1619 4760 1674 4814 in
1721 4761 1971 4830 impieta-

432 4856 539 4903 tem
568 4853 797 4922 prolapsi
830 4861 976 4909 sunt.
1002 4855 1136 4920 Quia
1193 4859 1245 4911 in
1299 4860 1561 4929 principio
1592 4862 1806 4930 quando
1840 4862 1977 4917 dixit

434 4936 611 4993 Deus:
652 4959 670 4991 ι
706 4941 977 4997 Germinet
1002 4952 1144 4999 terra
1174 4947 1392 5001 herbam
1417 4947 1558 5011 feni,
1616 4950 1972 5004 seminantem

433 5039 637 5089 semen,
669 5031 960 5084 secundum
988 5047 1156 5102 genus
1180 5043 1232 5086 et
1259 5036 1682 5099 similitudinem,
1700 5044 1753 5091 et
1771 5038 1969 5107 lignum

434 5112 765 5170 fructiferum
822 5118 997 5175 ferens
1048 5122 1298 5187 fructum,
1332 5126 1488 5194 cujus
1519 5141 1702 5181 semen
1751 5127 1805 5179 in
1853 5128 1972 5195 ipso

436 5203 507 5255 sit
536 5206 826 5259 secundum
870 5224 1036 5277 genus
1080 5228 1241 5281 super
1271 5224 1466 5269 terram
1498 5216 1572 5282 ⁹³;
1634 5233 1653 5267 ι
1708 5231 1968 5284 nusquam

438 5293 635 5347 mentio
667 5295 937 5362 spinarum
986 5315 1049 5354 ac
1087 5304 1403 5358 tribulorum
1431 5313 1542 5371 est;
1601 5320 1776 5372 neque
1829 5312 1969 5358 terra

438 5383 622 5440 nisthzec
653 5392 1019 5457 produxisset.
1054 5398 1157 5451 nisi
1206 5400 1510 5457 hominibus
1554 5402 1970 5469 inobsequentite

437 5485 726 5543 subsecuta
748 5493 879 5546 ultio
906 5505 1065 5551 esset.
1092 5498 1148 5550 ln
1180 5502 1395 5557 malitiae
1415 5518 1562 5575 ergo,
1586 5518 1704 5575 qua:
1730 5503 1966 5557 homini-

514 5653 705 5709 "Luc.
743 5674 793 5720 x.
830 5661 917 5715 24.
990 5666 1185 5723 "Gen.
1221 5687 1300 5737 Ill,
1335 5675 1417 5730 17.
1531 5678 1576 5709 ³³
1600 5675 1732 5731 Gen.
1782 5692 1821 5740 ι,
1876 5679 1963 5735 Η.

2079 4516 2196 4602 erat
2237 4499 2309 4602 τὸ
2327 4502 2425 4571 τῆς
2456 4505 2561 4575 γῆς
2596 4514 2884 4602 στοιχεῖον,
2934 4516 3036 4571 ἐπὶ
3071 4521 3141 4574 τὸ
3174 4499 3335 4591 τούς.
3355 4532 3420 4583 ἐν
3454 4534 3593 4602 αὐτῇ
3622 4532 3709 4593 τὰς

2074 4587 2353 4694 διατριϐὰς
2385 4598 2762 4694 ,ποιουμένους
2809 4605 3116 4676 εὐσεϐείας
3170 4587 3529 4694 προσφέρειν

2076 4677 2207 4782 πξύς
2229 4694 2242 4707 ⁹
2380 4680 2437 4733 δὲ
2603 4689 2700 4742 τοῦ
2734 4694 2960 4763 πρώτου
2999 4677 3572 4782 ἀνδρὸς-’παράϐασιν
3600 4677 3706 4766 ἐλέ-

2074 4766 2176 4871 χθη
2202 4785 2214 4796 ο
2253 4787 2271 4819 ι
2310 4769 2751 4871 Ἐπικατάρατος
2782 4786 2817 4855 ἡ
2848 4786 2926 4857 γῆ
2961 4790 3024 4843 ὲν
3060 4766 3424 4871 τοῖςνέργοις
3466 4820 3583 4859 σου.
3628 4806 3707 4858 Ἑν

2073 4857 2265 4965 λύπαις
2520 4870 2695 4965 αὐτὴν
2738 4877 2931 4965 πάσας
2971 4883 3081 4948 τάς
3137 4857 3365 4962 ἡμέρας
3401 4857 3517 4963 ἰι’·ῖὶίῖ
3567 4857 3705 4965 ζωῆς

2075 4962 2167 5039 σου
2230 4947 2476 5019 ἀκάνθας
2502 4960 2599 5014 καὶ
2623 4964 2915 5035 τριϐόλους
2939 4947 3208 5032 ἀνατελεῖ
3236 4947 3361 5037 σοι..
3380 5003 3400 5035 ι
3440 4947 3593 5038 ’.ιλλλΓ

2068 5030 2135 5147 illi
2158 5032 2317 5147 favo;
2397 5051 2567 5147 fere;
2613 5030 2779 5124 φύσιν
2810 5030 3031 5135 καρπὸς
3074 5030 3355 5144 ﬁeri].ng

2069 5125 2255 5238 ff?
2292 5135 2603 5238 μελλούσης
2633 5150 2791 5219 φύειν
2819 5125 3052 5231 ἐνιαύτῇ
3089 5125 3248 5234 παρά
3276 5125 3692 5235 ’ᾦύσιῖᾇιὲῖιίᾷξ

2258 5222 2428 5329 φύξιν
2454 5235 2571 5310 γὰρ
2601 5216 2660 5296 αῖ
2688 5244 2922 5301 ἄκανθαι
2954 5216 3053 5303 καῖ
3087 5216 3444 5325 τρὶιϐολόι-διά

2070 5308 2660 5424 ςξίξξ-σινιῦποστᾶσαι
2689 5340 2751 5393 οὐ
2788 5341 2948 5412 μόνον
2990 5346 3088 5399 τοῦ
3121 5348 3337 5419 πρώτου
3374 5352 3686 5424 ἀνθρώπου,

2069 5400 2203 5511 ἢ)ξά
2226 5411 2337 5510 fa"
2362 5418 2485 5511 τῷν
2522 5432 2642 5499 μετ’
2672 5400 2832 5489 αὑτὸν
2860 5400 3409 5509 ἠσεϐηκότων

2069 5490 2190 5559 χὰςν
2223 5495 2319 5553 ὅτε
2372 5490 2541 5574 εἶπεν
2572 5526 2602 5578 ὁ
2647 5526 2807 5594 Θεόςο
2840 5548 2857 5582 ι
2885 5490 3411 5602 ’Βλαὲτησάὲωῆξῆ
