3818 6376
154 356 276 416 677

1348 362 1836 424 (ΞΟΜΗΕΝΤΑΒΙΑ
1878 367 1939 420 IN
1982 368 2309 424 PSALMOS.

3323 379 3424 431 678

140 480 423 547 169m"
458 468 693 541 σπεῖρον
729 473 963 546 σπέρμα
986 476 1125 530 κατά
1156 476 1309 546 γένος
1340 480 1432 532 καὶ
1461 478 1581 532 καθ’
1614 480 1780 549 ὁμοιό-

1887 480 1987 534 bus
2030 490 2211 551 postea
2263 480 2473 537 inbmsit
2500 520 2517 545 ,
2568 478 2891 553 imaginem,
2931 486 3097 554 spinae
3141 494 3196 541 et
3244 490 3423 543 tribuli

158 583 328 636 τητα,
404 560 504 614 καὶ
557 560 719 625 ξύλον
786 566 1067 637 κάρπιμον
1113 566 1295 621 ποιοῦν
1344 569 1570 639 καρπὸν,
1618 564 1676 622 οὗ
1722 569 1783 621 τὸ

169 655 437 723 σπέρμνα
471 650 640 704 αὑτοῦ
682 654 743 705 ἐν
789 655 942 726 αύτῷ
973 656 1110 709 κατὰ
1151 656 1302 724 γένος
1331 658 1421 709 ἐπὶ
1450 658 1550 725 τῆς
1583 657 1685 726 γῆς
1705 675 1718 689 ·
1759 677 1777 709 t

165 741 414 811 οὐδαμῆ
453 740 651 810 μνήμη
683 741 914 809 γέγονεν
943 743 1188 796 ἀκανθῶν
1212 744 1330 795 οὐδὲ
1357 744 1616 814 τριϐόλων
1640 760 1652 774 ·
1677 746 1780 797 οὐδ’

165 832 236 885 ἂν
270 830 485 898 ἔφυσε
516 828 692 881 ταῦτα
720 831 755 899 ἡ
778 830 875 899 γῆ,
904 832 952 883 εἰ
980 833 1052 901 μὴ
1079 831 1145 883 τά
1164 832 1259 901 τῆς
1293 832 1571 903 παρακοῆς
1595 834 1785 902 ἐπηκο-

165 920 479 990 λούθησεν
511 917 812 989 ἀνθρώπῳ.
841 920 952 988 Τῆς
993 920 1119 987 γοῦν
1152 920 1370 989 ὕστερον
1412 921 1782 990 ἐπισυμϐἀσης

167 1009 531 1080 ἀνθρώποις
560 1007 760 1069 κακίας
804 1008 1005 1069 εἰκόνες
1031 1008 1268 1077 ἐφύησαν
1295 1010 1520 1063 ἄκανθαι
1548 1010 1637 1061 καὶ
1668 1008 1782 1077 τρί-

178 1098 361 1149 ϐολοι.
407 1093 591 1147 ’Ὀθεν
624 1094 712 1146 ἵνα
753 1094 924 1147 ταῦτα
969 1095 1249 1164 ἀπόληται,
1295 1098 1402 1167 πῦρ
1431 1094 1558 1167 ἦλθε
1609 1096 1782 1165 βαλεῖν

193 1181 297 1232 ἐπλ.
338 1178 451 1249 ’τὴν
484 1179 597 1247 γῆν
636 1181 666 1231 6
702 1180 911 1250 Σωτήρ.
959 1183 1065 1234 Καὶ
1095 1182 1158 1251 δὴ
1197 1182 1289 1235 τοῦ
1333 1185 1594 1254 σωτηρίου
1626 1184 1781 1251 λόγου

192 1272 366 1341 δίκην
398 1270 582 1340 πυρὸς
623 1271 722 1333 τάς
747 1272 983 1335 ἀκάνθας
1014 1275 1105 1325 καὶ
1140 1277 1263 1337 τοὺς
1290 1275 1562 1346 τριϐόλους
1594 1262 1785 1343 ἀφανί-

191 1362 415 1425 ζοντος,
445 1360 716 1414 νεωθεῖσα
746 1362 843 1431 τῆς
868 1362 1113 1431 κακίαςή
1143 1362 1306 1432 ψυχὴ,
1333 1363 1421 1415 τὸν
1450 1363 1783 1433 προσήκοντα

188 1453 341 1521 αὐτῇ
377 1452 481 1503 καὶ
507 1450 847 1520 κατάλληλον
880 1451 1085 1519 καρπὸν
1122 1452 1418 1503 ἀποδίδωσι.
1454 1453 1647 1522 Διόπερ
1667 1452 1783 1505 λαοὶ

194 1545 301 1612 μὲν
357 1544 583 1604 πάντες
635 1542 1111 1611 ἐξομολογοῦνταιο
1156 1542 1277 1612 ἔθνη
1324 1543 1377 1594 δέ
1425 1544 1515 1595 ἐπὶ
1544 1544 1639 1613 τῆς
1683 1544 1780 1611 γῆς

189 1632 563 1704 ὁδηγοῦνται.
604 1633 825 1694 Τούτοις
854 1649 913 1683 τε
953 1631 1271 1694 ἀκολούθως,
1303 1633 1646 1702 ἐπενήνεκται
1685 1633 1743 1684 τό
1765 1649 1778 1663 °

198 1742 218 1775 ι
250 1724 334 1793 Γῆ
372 1724 558 1775 ἔδωκε
602 1723 696 1774 τὸν
734 1722 943 1793 καρπὸν
984 1723 1169 1792 αὐτῆς.
1229 1722 1526 1792 Εύλογήσαι
1570 1724 1715 1791 ἡμᾶς
1754 1725 1782 1775 6

190 1814 355 1877 Θεὸς,
410 1815 444 1864 6
480 1812 622 1874 Θεὸς
661 1812 841 1881 ἡμῶν,
885 1812 1173 1881 εὐλογῆσαι
1209 1814 1351 1882 ἡμᾶς
1396 1814 1425 1864 6
1470 1812 1619 1874 Θεός.
1670 1814 1779 1865 Καὶ
1812 1801 1851 1854 Β

191 1902 623 1972 φοϐηθήτωσαν
675 1902 835 1953 αὑτὸν
884 1903 1056 1955 πάντα
1098 1903 1166 1953 τὰ
1211 1902 1419 1972 πέρατα
1459 1903 1556 1973 τῆς
1587 1903 1705 1971 γῆς.
1754 1920 1773 1953 s

188 1994 324 2045 Εῖτε
354 1993 411 2043 οἱ
446 1990 747 2045 ἀπόστολοι
776 1991 869 2043 τοῦ
894 1991 1137 2062 Σωτῆρος
1164 1991 1338 2061 ἡμῶν,
1359 1994 1465 2045 εἴτε
1492 1993 1537 2044 οἱ
1568 1992 1782 2045 παλαιοὶ

186 2081 289 2133 τοῦ
323 2080 478 2133 Θεοῦ
540 2080 821 2151 προφῆται
851 2080 1109 2150 (ἐκατέρῳ
1147 2081 1252 2149 γάρ
1281 2081 1514 2150 τάγματι
1547 2082 1783 2151 ἐφαρμό-

189 2173 277 2235 ζει
305 2170 387 2223 τὰ
419 2170 760 2239 λεγόμενα),
794 2168 1037 2239 εὖχονται
1080 2171 1177 2239 τῆς
1205 2171 1357 2240 παρά
1400 2170 1491 2222 τοῦ
1523 2170 1653 2223 Θεοῦ
1687 2172 1778 2223 εύ-

187 2259 394 2328 λογίας
438 2262 655 2328 τυχεῖν,
694 2254 764 2329 ἦς
792 2260 884 2311 καί¹
914 2257 1168 2327 ἀνωτέρω
1208 2258 1303 2328 τὴν
1335 2258 1566 2311 διάνοιαν
1613 2276 1780 2331 παρε-

189 2351 521 2421 στήσαμεν,
578 2348 888 2410 δεικνύντες
940 2350 1084 2410 ὅπως
1125 2349 1204 2411 τὸ,
1265 2366 1285 2397 ι
1340 2349 1638 2412 Αύξάνεσθε
1689 2351 1781 2402 καὶ

189 2440 559 2513 πληθύνεσθε
594 2441 692 2492 καὶ
738 2437 1058 2510 πληρώσατε
1100 2438 1197 2507 τὴν
1244 2438 1368 2506 γῆν,
1414 2439 1505 2491 καὶ
1544 2456 1781 2491 κατακυ-

201 2516 475 2603 ριεύτατε
520 2531 718 2599 αὐτῆς,
755 2548 773 2580 ι
813 2529 903 2581 ἐπὶ
934 2528 1130 2580 τούτων
1161 2528 1457 2598 ἐπληροῦτο
1488 2546 1781 2599 πνευματι-

201 2624 344 2686 κῶς.
377 2623 637 2687 Πάρεστι
668 2620 797 2689 γοῦν
830 2620 971 2690 ἔργῳ
997 2618 1342 2688 παραλαϐεῖν,
1368 2620 1439 2682 ὡς
1466 2623 1497 2689 ὴ
1530 2620 1784 2691 σύμπασα

200 2714 274 2783 γῆ
310 2714 419 2781 τῆς
461 2710 693 2763 ἐκείνων
732 2709 975 2777 διαδοχῆς
1008 2707 1310 2778 ἐπληρώθη.
1343 2711 1410 2761 Αἵ
1433 2710 1637 2775 τεκαθ⁹
1660 2710 1785 2779 ὅλης

193 2803 297 2871 τῆς
327 2800 679 2871 οἰκουμένης
706 2798 995 2868 ἱδρυθεῖσαι
1019 2797 1111 2849 τοῦ
1137 2799 1380 2868 Σωτῆρος
1396 2800 1545 2869 ἡμῶν
1561 2799 1779 2869 Ἑκκλη-

195 2893 337 2955 σίαι,
369 2893 479 2944 καὶ
512 2891 566 2943 οἰ
600 2889 722 2943 καθ’
756 2891 989 2957 ἑκάστην
1024 2890 1334 2959 μυρίανδροι
1359 2889 1475 2941 λαοὶ
1504 2890 1601 2958 τῆς
1632 2890 1783 2943 εύλο-

192 2985 326 3051 γίας
380 2982 581 3035 αὐτῶν
630 2981 951 3050 ἐμφαίνουσι
982 2979 1048 3031 τά
1079 2980 1504 3048 ἀποτελέσματα.
1543 2980 1783 3049 Πρεπόν-

1882 571 2086 624 suborti
2138 579 2285 630 sunt.
2342 573 2740 638 Quamobrem,
2794 583 2851 626 ut
2900 575 3012 629 haec
3079 576 3423 645 dispeream,

1881 657 2053 724 ignem
2092 657 2145 710 in
2175 667 2375 711 terram
2421 658 2645 712 missum
2682 659 2932 713 Servator
2976 662 3138 715 venit.
3186 662 3251 716 Et
3297 678 3428 717 sane

1881 747 2100 801 salutari
2141 748 2307 801 verbo
2338 748 2478 817 ignis
2511 749 2682 803 instar
2708 750 2891 817 spinas
2925 759 2978 804 et
3008 753 3236 808 tribulos
3265 756 3425 809 absu-

1882 844 2056 889 mente
2076 875 2091 893 .
2140 845 2395 890 renovata
2425 839 2603 891 anima
2632 839 2888 891 malitiam
2937 855 3142 896 exuens
3166 881 3181 905 ,
3229 859 3426 897 conve-

1880 924 2109 977 nientem
2136 926 2237 979 sibi
2261 934 2311 979 et
2339 936 2756 981 consentaneum
2781 927 3013 982 fructum
3032 929 3253 998 profert.
3281 930 3424 995 Qua-

1881 1022 2097 1084 propter
2135 1016 2317 1083 populi
2362 1032 2549 1070 omnes
2582 1018 2940 1083 conﬁtentur;
2974 1028 3159 1088 gentes
3190 1035 3320 1074 vero
3368 1022 3423 1075 in

1882 1117 2018 1159 terra
2043 1106 2366 1176 diriguntur.
2397 1108 2476 1161 Ad
2502 1108 2613 1161 haec
2643 1115 2817 1161 autem
2845 1120 3233 1178 consequenter
3256 1110 3426 1165 infer-

1881 1196 2160 1249 turillud:
2203 1214 2221 1246 ι
2264 1196 2429 1249 Terra
2460 1197 2604 1250 dedit
2653 1194 2881 1249 fructum
2927 1214 3104 1252 suum.
3137 1200 3423 1254 Benedicat

1880 1300 1979 1337 nos
2007 1284 2167 1348 Deus,
2207 1284 2348 1339 Deus
2375 1296 2578 1347 noster,
2607 1284 2886 1339 benedicat
2914 1302 3015 1341 nos
3048 1288 3207 1350 Deus,
3234 1297 3287 1342 et
3312 1304 3424 1342 me-

1879 1382 2032 1427 tuant
2054 1390 2174 1428 eum
2202 1390 2390 1431 omnes
2418 1378 2549 1432 ﬁnes
2585 1385 2761 1431 terrae.
2803 1397 2821 1428 ι
2858 1376 2982 1433 Sive
3022 1380 3244 1446 apostoli
3292 1379 3425 1433 Ser-

1878 1464 2080 1517 vatoris
2110 1466 2310 1527 nostri,
2342 1466 2453 1519 sive
2494 1466 2657 1535 prisci
2711 1460 2785 1517 illi
2822 1464 2915 1520 Dei
2962 1468 3229 1535 propheta:
3278 1470 3423 1535 (nam

1880 1555 2093 1623 utrique
2147 1558 2323 1610 Ordini
2374 1558 2485 1611 haec
2535 1558 2677 1611 dicta
2727 1558 3078 1627 competunt),
3134 1558 3221 1613 Dei
3263 1559 3426 1613 bene-

1880 1642 2167 1697 dictionem
2203 1647 2461 1715 consequi
2514 1656 2831 1716 precantur,
2881 1647 3037 1715 cujus
3068 1659 3294 1701 mentem
3331 1663 3427 1702 su-

1880 1747 1974 1801 pra
2001 1734 2411 1800 declaravimus,
2446 1752 2567 1791 cum
2605 1738 2758 1794 illud.
2796 1756 2814 1789 ι
2855 1736 3103 1793 Crsecite
3138 1748 3191 1791 et
3241 1738 3426 1791 multi-

1880 1822 2151 1891 plicamini
2171 1834 2223 1878 et
2245 1828 2441 1895 replete
2467 1839 2683 1890 terram,
2700 1837 2753 1880 et
2772 1828 3121 1881 dominamini
3150 1828 3372 1888 illius",
3398 1845 3419 1880 ι

1880 1913 1934 1965 in
1988 1913 2118 1981 ipsis
2156 1916 2508 1983 spiritualiter
2535 1918 2857 1985 completum
2894 1933 3015 1971 esse
3052 1918 3422 1986 probaremus.

1880 2005 2028 2060 Licet
2068 2003 2233 2072 igitur
2267 2006 2350 2058 vel
2378 2020 2445 2059 ex
2475 2006 2640 2075 gestis
2663 2006 2825 2058 rebus
2858 2006 3174 2075 intelligere,
3207 2007 3424 2059 univer-

1881 2114 1994 2152 sam
2022 2104 2219 2151 terram
2248 2110 2434 2149 eorum
2476 2096 2821 2148 successione
2861 2096 3118 2163 repletam
3152 2110 3291 2149 esse.
3323 2095 3426 2147 Ec-

1880 2188 2057 2241 clesia;
2107 2198 2339 2254 namque
2403 2183 2706 2239 Servatoris
2762 2184 2931 2238 nOStri
2992 2198 3087 2252 per
3121 2185 3423 2238 universam

1880 2282 2078 2331 terram
2110 2276 2359 2340 fundatae,
2388 2283 2442 2329 et
2476 2274 2739 2328 innumeri
2795 2289 2890 2342 per
2941 2274 3183 2343 singulas
3237 2288 3423 2328 earum

1881 2366 2095 2435 populi,
2141 2364 2561 2419 benedictionem
2614 2363 2851 2431 ipsorum
2900 2362 3217 2430 completam
3268 2361 3424 2415 exhi-

1883 2458 2029 2510 bent.
2061 2454 2198 2524 lpsis
2224 2469 2383 2523 porro
2419 2454 2669 2507 convenit
2692 2450 2842 2513 illud,
2876 2470 2894 2502 ι
2923 2452 3064 2505 Deus
3087 2459 3289 2512 noster,
3320 2468 3338 2500 ι
3369 2451 3424 2504 in

1883 2547 1983 2599 hoc
2011 2547 2153 2600 dicto
2182 2558 2513 2614 expressum,
2551 2561 2569 2593 ι
2604 2541 2888 2596 Benedicat
2934 2556 3035 2595 nos
3079 2539 3251 2601 Dens,
3283 2539 3426 2595 Deus

1884 2637 2093 2693 noster;
2135 2646 2152 2679 ι
2181 2634 2362 2695 utpote
2383 2625 2474 2695 qui
2516 2634 2787 2694 paternam
2821 2622 2911 2676 Dei
2946 2623 3029 2675 sui
3067 2624 3427 2692 cognitionem

1883 2718 2175 2771 obtineant.
2207 2714 2402 2767 Verum
2451 2713 2642 2765 deinde
2683 2711 2814 2764 illud
2869 2710 3167 2779 adjiciunt:
3204 2726 3222 2759 t
3262 2708 3429 2763 Bene-

1883 2808 2029 2859 dicat
2053 2820 2151 2859 nos
2173 2803 2351 2867 Deus;
2384 2822 2402 2854 ι
2437 2812 2616 2871 utpote
2646 2803 2736 2870 qui
2766 2816 2873 2855 non
2907 2802 3143 2869 ipsorum
3182 2806 3425 2865 tantum,

1883 2896 1976 2951 sed
2002 2896 2161 2949 etiam
2182 2908 2367 2947 eorum
2393 2895 2653 2954 omnium,
2686 2893 2777 2960 qui
2830 2906 2923 2960 per
2947 2906 3041 2944 eos
3078 2890 3301 2943 salutem
3328 2904 3427 2942 na-

1884 2985 2020 3040 cturi
2050 2993 2195 3045 sunt,
2222 2980 2363 3036 Deus
2413 2982 2501 3034 sit.
2534 2979 2662 3035 Post
2692 2981 2802 3033 haec
2832 2979 3013 3032 omnia
3056 2990 3232 3032 autem
3263 2980 3429 3034 totius

190 3092 305 3139 τως
342 3075 407 3127 δὲ
447 3075 641 3135 αὐτοῖς
666 3073 746 3133 τὸ,
781 3089 800 3123 t
847 3073 904 3123 '0
925 3071 1053 3133 Θεὸς
1089 3071 1262 3140 ἡμῶν,
1301 3090 1318 3121 ι
1357 3072 1412 3121 ἐν
1438 3069 1534 3138 τῷ,
1569 3088 1587 3119 ι
1622 3071 1780 3122 Εὐλο-

1885 3074 2172 3143 prophetiaz
2227 3072 2673 3138 complementum
2731 3069 3016 3137 obsignant
3067 3070 3151 3122 his
3207 3070 3426 3124 verbis:

189 3170 372 3237 γήσαι
411 3166 572 3235 ἡμᾶς
605 3164 635 3215 6
676 3163 827 3225 Θεὸς,
857 3163 886 3214 6
916 3162 1043 3224 Θεὸς
1071 3162 1253 3231 ὴμὼν’
1292 3180 1309 3212 ι
1341 3161 1414 3223 ὡς
1454 3160 1517 3213 ἂν
1554 3161 1777 3230 πάτριον

1885 3182 1901 3214 ι
1944 3163 2007 3215 Et
2036 3169 2274 3216 metuant
2295 3176 2414 3214 eum
2443 3174 2627 3213 omnes
2654 3160 2786 3213 lines
2816 3170 2988 3211 terrae.
3029 3177 3047 3210 ι
3074 3158 3423 3227 Quandoqui-

192 3255 552 3327 κεκτημένοι
574 3254 634 3305 τὸ
654 3252 747 3305 τοῦ
781 3251 913 3304 Θεοῦ
944 3251 1119 3303 αὐτῶν
1146 3250 1443 3321 γνώρισμα.
1486 3250 1619 3301 Ἀλλ’
1658 3248 1780 3318 ἐξῆς

192 3346 686 3398 ἐπισυνάπτουσιν
723 3342 985 3412 ἀορίστως
1017 3341 1263 3407 λέγοντες
1300 3340 1379 3398 τὸ.
1418 3358 1435 3389 ι
1479 3338 1779 3408 Εὑλογήσαι

192 3436 353 3501 ἡμᾶς
388 3434 422 3483 6
454 3431 593 3491 Θεός
616 3446 630 3458 ’
670 3448 689 3479 ι
734 3429 817 3491 ὡς
846 3428 1035 3497 μηκέτι
1066 3427 1237 3496 μόνων
1273 3425 1478 3485 αὐτῶν,
1525 3424 1659 3477 ἀλλά
1688 3425 1782 3477 καὶ

192 3522 442 3573 πάντων
484 3518 598 3570 τῶν
631 3516 698 3567 δι’
728 3517 904 3568 αὐτῶν
928 3513 1311 3585 σωθησομένων
1336 3512 1463 3564 Θεὸν
1490 3512 1633 3565 ὄντα.
1673 3512 1782 3564 Καὶ

196 3608 349 3677 μετά
401 3606 593 3659 πάντα
636 3605 696 3657 τὸ
744 3605 1107 3675 συμπέρασμα
1146 3602 1246 3671 τῆς
1291 3602 1414 3671 ὅλης
1456 3602 1783 3671 προφητείας

192 3694 720 3767 ἐπισφραγίζονται
750 3695 1023 3761 λέγοντες·
1075 3713 1092 3744 ι
1133 3694 1240 3745 Καὶ
1279 3692 1659 3762 φοϐηθήτωσαν
1691 3693 1785 3743 αύ-

191 3788 292 3840 τὸν
325 3788 528 3840 πάντα
552 3785 623 3837 τὰ
653 3786 862 3851 πέρατα
892 3785 987 3849 τῆς
1012 3783 1134 3852 γῆς.
1171 3802 1189 3833 ι
1231 3781 1442 3851 Ἐπειδὴ
1471 3781 1575 3853 γὰρ
1609 3800 1625 3831 t
1644 3782 1784 3851 ἀρχὴ

196 3881 415 3948 σοφίας
464 3876 637 3945 φόϐος
677 3876 901 3945 Κυρίου,
952 3894 970 3926 ι
1012 3872 1314 3941 ἀναγκαίως
1348 3872 1531 3942 ὥσπερ
1561 3874 1784 3939 εἰσαγω-

195 3970 308 4040 γὴν
342 3970 457 4038 τῆς
494 3966 807 4028 θεοσεϐείας
849 3965 938 4017 τὸν
985 3964 1143 4033 φόϐον
1180 3964 1271 4016 τοῦ
1311 3963 1444 4016 Θεοῦ
1477 3962 1784 4031 ἐγγενέσθαι

196 4062 385 4112 πᾶσιν
415 4056 735 4127 ἀνθρώποις
780 4058 890 4117 τοῖς
931 4056 1023 4107 καὶ
1074 4054 1229 4125 μέχρι
1260 4054 1365 4107 τῶν
1410 4054 1650 4123 ἐσχάτων
1687 4052 1786 4121 τῆς

200 4152 315 4219 γῆς
355 4148 617 4202 οἰκοῦσιν
658 4145 977 4215 ἐπεύχονται
999 4162 1011 4175 ·
1043 4145 1072 4196 6
1110 4144 1173 4214 δὴ
1213 4145 1305 4196 κοιλ⁸
1330 4142 1625 4214 ἐπληροῦτο
1655 4142 1789 4211 μετά

1878 3254 1996 3307 dem
2034 3252 2176 3305 enim
2220 3268 2238 3301 t
2277 3250 2485 3303 initium
2525 3249 2798 3317 sapientiae
2833 3249 2992 3301 timor
3021 3247 3233 3301 Domini
3283 3249 3351 3310 ",
3400 3266 3419 3298 ι

1883 3343 2185 3397 necessario
2212 3348 2520 3409 precantur,
2555 3346 2613 3391 ut
2642 3339 2836 3399 timor,
2896 3338 3051 3405 quasi
3094 3337 3327 3391 initiatio
3360 3337 3427 3392 ad

1880 3433 2018 3501 piam
2046 3431 2375 3499 religionem,
2419 3428 2669 3482 omnibus
2700 3427 3028 3491 hominibus,
3054 3426 3213 3481 etiam
3245 3428 3453 3480 extre?

1884 3538 1967 3576 ma
1989 3531 2144 3577 terra:
2177 3520 2567 3580 incolentibus,
2616 3520 2908 3587 ingeratur.
2940 3516 3095 3581 Quod
3139 3523 3257 3586 post
3290 3516 3429 3569 divi-

1886 3628 2011 3666 num
2070 3609 2363 3664 Salvatoris
2413 3609 2580 3662 nostri
2634 3607 2920 3660 adventum
2982 3608 3272 3675 impletum'
3296 3614 3423 3661 est:

1887 3714 2008 3773 post
2037 3703 2184 3755 illum
2214 3704 2355 3755 enim
2379 3700 2433 3753 in
2450 3714 2661 3752 omnem
2691 3707 2887 3751 terram
2914 3698 3079 3751 exivit
3104 3712 3271 3751 sonus
3302 3713 3427 3766 apo-

1889 3794 2148 3847 stolorum
2182 3792 2319 3860 ejus,
2350 3798 2402 3845 et
2432 3791 2485 3842 in
2514 3790 2643 3841 ﬁnes
2672 3788 2819 3840 orbis
2840 3795 2995 3840 terra:
3020 3787 3176 3839 verba
3220 3801 3427 3840 eorum.

1887 3881 1962 3936 De
2016 3881 2100 3935 his
2149 3895 2363 3949 quoque
2408 3888 2563 3931 terra:
2595 3878 2789 3930 ﬁnibus
2826 3877 3074 3944 superius
3107 3876 3429 3929 dicebatur:

1894 3990 1911 4023 ι
1952 3970 2157 4026 Exaudi
2188 3986 2306 4033 nos,
2333 3969 2473 4023 Dens
2502 3970 2749 4022 Salvator
2780 3976 2983 4028 noster,
3019 3981 3141 4034 spes
3188 3966 3430 4019 omnium

1891 4061 2076 4114 ﬁnium
2105 4070 2260 4115 terra?
2283 4101 2298 4127 ,
2328 4068 2381 4113 et
2398 4075 2583 4113 eorum
2607 4060 2697 4128 qui
2722 4058 2775 4111 in
2801 4056 2932 4109 mari
2957 4063 3081 4107 sunt
3120 4055 3276 4123 longe
3302 4056 3367 4106 ".
3404 4072 3428 4106 ο

196 4243 308 4314 τῆν
356 4242 462 4295 τοῦ
498 4239 753 4309 Σωτῆρος
815 4236 967 4307 ἡμῶν
1002 4237 1332 4304 θεοφάνειαν,
1363 4234 1479 4306 μεθ’
1522 4236 1587 4303 ῆν
1629 4236 1707 4296 εἰς
1740 4236 1914 4287 πᾶσαν
1952 4236 2047 4305 τὴν
2107 4235 2207 4303 γῆν
2269 4232 2486 4303 ἐξῆλθεν
2518 4233 2548 4284 6
2580 4231 2805 4299 φθόγγος
2836 4228 2942 4280 τῶν
2980 4225 3285 4279 ἀποστόλων
3337 4226 3433 4314 αύι.

197 4313 331 4394 τοῦ,
377 4332 480 4383 καὶ
524 4329 609 4388 εἰς
648 4326 715 4377 τὰ
746 4325 954 4396 πέρατα
983 4324 1079 4393 τῆς
1116 4324 1431 4394 οἰκουμένης
1467 4322 1538 4375 τὰ
1568 4323 1781 4393 ῥήματα
1817 4322 2009 4373 αὐτῶν.
2037 4323 2168 4391 Περί
2188 4321 2384 4373 τούτων
2408 4321 2463 4372 δὲ
2495 4321 2599 4372 τῶν
2625 4319 2868 4389 περάτων
2905 4316 3001 4383 τῆς
3043 4314 3141 4382 γῆς
3194 4314 3288 4366 καὶ
3347 4313 3434 4365 διά

197 4426 319 4477 τῶν
348 4413 676 4489 ἔμπροσθεν
703 4414 915 4480 ἐλέγετο
939 4428 951 4441 ο
993 4430 1011 4461 ι
1062 4411 1387 4464 Ἐπάκουσον
1415 4410 1591 4482 ἡμῶν,
1622 4412 1649 4461 ό
1672 4407 1801 4470 Θεὸς
1837 4409 1865 4459 6
1900 4408 2096 4481 Σωτὴρ
2138 4408 2311 4478 ἡμῶν,
2353 4410 2387 4477 ἡ
2450 4407 2599 4468 ἐλπὶς
2646 4405 2857 4457 πάντων
2884 4401 2988 4454 τῶν
3034 4401 3279 4469 περάτων
3336 4400 3433 4468 τῆς

198 4515 315 4582 γῆς
346 4512 451 4563 καὶ
479 4506 596 4559 τῶν
621 4506 677 4555 ἐν
720 4502 959 4571 θαλάσσῃ
991 4500 1222 4569 μακράν.

260 4601 384 4655 ΕΙΣ
410 4600 503 4650 Τυ
527 4594 750 4647 ΤΕΛΟΣ
774 4593 858 4662 Τῼ
879 4591 1071 4643 ΔΑΥΙΔ
1101 4589 1384 4641 ΨΑΛΜΟΣ
1412 4588 1582 4659 ῼΔΗΣ
1611 4587 1728 4640 ΞΖ’.

287 4734 307 4764 ι
360 4707 687 4775 Ἀναστήτω
731 4706 760 4757 6
803 4702 966 4767 Θεὸς,
999 4702 1089 4754 καὶ
1119 4700 1680 4771 διασκορπισθήτωσαν
1735 4700 1783 4750 οἱ

205 4804 411 4874 ἐχθροὶ
454 4797 650 4861 αὑτοῦ,
689 4794 782 4847 καὶ
811 4794 1125 4863 φυγέτωσαν
1167 4792 1272 4845 ἀπὸ
1308 4789 1589 4861 προσώπου
1622 4788 1785 4843 αὑτοῦ

205 4895 264 4946 οἰ
303 4889 607 4963 μισοῦντες
636 4886 811 4937 αὐτόν.
856 4903 875 4935 ι
923 4884 985 4936 Οἰ
1031 4882 1126 4953 μὲν
1158 4881 1261 4952 πρὸ
1300 4880 1392 4933 τοῦ
1436 4880 1570 4951 μετά
1605 4882 1787 4963 χεῖρας

208 4962 370 5054 τρεῖς
393 4977 603 5047 ἐφεξῆς
637 4975 732 5045 τὴν
757 4974 947 5042 κλῆσιν
966 4970 1073 5023 τῶν
1111 4971 1273 5023 ἐθνῶν
1307 4968 1642 5040 προεφώνουν
1665 4984 1679 4998 ·
1714 4962 1788 5020 ὧν

213 5078 244 5128 6
272 5076 375 5146 μὲν
409 5072 488 5135 ξδ’
513 5088 531 5119 t
565 5067 785 5136 Ψαλμὸς
807 5063 950 5133 ᾠδῆς
984 5079 1002 5111 ι
1032 5061 1402 5129 ἐπεγέγραπτο
1429 5077 1447 5109 ι
1469 5058 1557 5126 Τῷ
1576 5057 1749 5110 Δαυῖδ’
1768 5076 1785 5107 ι

1809 4586 1857 4643 D
1885 4581 1928 4634 ,Ι
1966 4576 2029 4631 ΙΝ
2056 4574 2259 4629 FINEM
2280 4571 2524 4635 DAVIDI,
2568 4567 2880 4623 PSALMUS
2906 4566 3188 4623 CANTICI.
3225 4571 3429 4626 LXVII.

1958 4687 2119 4741 Vens.
2142 4686 2258 4739 2-4.
2278 4704 2297 4735 ι
2329 4683 2591 4750 Exsurgat
2610 4679 2768 4742 Deus,
2794 4690 2847 4733 et
2872 4679 3199 4748 dissipentur
3230 4681 3439 4759 inimici

1893 4781 2034 4849 ejus,
2067 4787 2119 4832 et
2147 4777 2351 4846 fugiant
2375 4775 2464 4843 qui
2491 4771 2713 4825 oderunt
2738 4786 2859 4825 eum
2881 4785 2909 4822 a
2928 4769 3065 4825 facie
3090 4772 3226 4839 ejus.
3252 4792 3270 4823 ι
3299 4774 3434 4828 Tres

1892 4870 2081 4940 psalmi
2106 4875 2235 4921 ante
2254 4873 2565 4935 praesentem
2581 4868 2973 4929 consequenter
2996 4861 3177 4928 positi,
3195 4862 3437 4927 vocatio-;

1894 4976 2011 5014 nem
2026 4959 2259 5028 gentium
2281 4952 2706 5025 praenuntiabant
2724 4968 2737 5003 :
2754 4951 2990 5019 equibus
3011 4964 3128 5001 utv
3147 4966 3164 4997 ι
3187 4946 3434 5005 Psalmus

1894 5053 2089 5105 cantici
2119 5049 2307 5103 Davidi
2338 5066 2357 5099 ι
2380 5045 2663 5111 inscriptus
2692 5051 2837 5105 erat;
2859 5054 3087 5107 sequens
3108 5040 3436 5101 vero,rCan-

215 5169 246 5218 6
272 5128 325 5217 δ’
356 5128 633 5230 ἑπόμενος
664 5128 702 5206 ι’
734 5128 854 5223 ᾮδῆ
896 5128 1137 5220 ψαλμοῦο
1188 5128 1265 5201 »ό
1311 5148 1365 5200 δὲ
1421 5147 1597 5217 τρίτος
1645 5165 1663 5196 ι
1706 5148 1780 5198 ‘Et

1891 5146 2051 5196 ticum
2071 5142 2293 5210 psalmi;
2329 5157 2346 5189 ι
2363 5135 2550 5189 tertius
2569 5149 2586 5181 ι
2612 5130 2670 5183 In
2683 5130 2895 5200 hymnis
2908 5128 3146 5196 psalmus
3166 5128 3384 5180 cantici.
3410 5147 3430 5179 ο

221 5216 419 5325 ῦμνοις
465 5216 679 5319 ᾇαλμὸς
724 5216 961 5315 ᾠδῆς.-)
1011 5216 1249 5302 *Εἰκότως
1295 5236 1573 5307 τοιγαροῦν
1622 5237 1714 5288 καὶ
1765 5240 1780 5289 ἐ

1888 5233 1916 5288 J
1925 5250 2014 5287 ure
2028 5233 2203 5299 itaque
2220 5239 2450 5298 praesens
2469 5220 2706 5290 psalmus
2717 5234 2839 5272 cum
2850 5216 3185 5283 evangelicus
3202 5216 3328 5267 item
3340 5216 3434 5279 sit,

2174 5319 2184 5325 .
2310 5316 2322 5325 .
2478 5307 2640 5325 _.!A_-
2666 5307 2892 5325 _-_.2_-__
2951 5304 3040 5325 --Δ
3067 5303 3222 5325 -.ἕρ-ι.
3240 5302 3432 5325 -I-2_--

226 5346 368 5415 μετά
402 5343 615 5413 χεῖρας,
648 5331 1000 5400 εὖαγγελικὸς
1024 5329 1097 5383 ὢν
1124 5331 1213 5382 καί
1240 5328 1414 5389 αὐτὸς,
1455 5326 1543 5415 καὶ
1577 5326 1641 5415 οὐν
1667 5328 1790 5397 περὶ

227 5414 328 5505 τῆς
370 5436 622 5504 κλήσεως
654 5426 762 5478 τῶν
803 5420 975 5473 ἐθνῶν
1021 5419 1197 5486 μόνον,
1235 5416 1366 5470 ἀλλά
1405 5414 1498 5505 καί
1535 5414 1659 5505 περὶ
1688 5415 1788 5505 τοῦ

507 5514 675 5573 αὑτοῦ
706 5505 1047 5580 προφητείαν
1079 5507 1357 5577 περιέχων,
1393 5521 1412 5553 ι
1449 5503 1525 5563 εἰς
1554 5500 1613 5552 τὸ
1642 5501 1791 5564 τέλος

302 5678 495 5738 "Gen.
542 5690 583 5731 ι,
632 5668 727 5720 28.
809 5659 859 5691 "
889 5658 1030 5712 Psal.
1062 5676 1151 5724 cx,
1191 5662 1273 5713 10.

1376 5656 1421 5689 ⁸⁸
1443 5653 1581 5709 Psal.
1624 5668 1770 5717 ulv,
1802 5656 1852 5708 6.

1894 5339 1955 5375 ac
1970 5336 2077 5375 non
2110 5319 2279 5374 solum
2292 5316 2357 5368 de
2372 5307 2645 5364 vocatione
2659 5307 2920 5373 gentium,
2950 5304 3041 5356 sed
3063 5303 3222 5355 etiam
3237 5302 3307 5355 de
3319 5304 3438 5371 ipso

1895 5411 2173 5466 Servatore
2202 5399 2522 5474 prophetiam
2541 5396 2835 5457 contineat,
2864 5411 2883 5443 ι
2916 5392 2966 5443 in
2992 5393 3146 5443 ﬁnem
3172 5388 3384 5455 Davidi,
3411 5411 3435 5443 ι

1895 5516 2051 5571 atque
2087 5518 2105 5550 ι
2143 5496 2374 5567 psalmus
2413 5483 2662 5547 cantici,»
2700 5482 2922 5554 perinde
2981 5489 3140 5550 atque
3186 5481 3415 5549 superio
