3818 6372
415 344 519 400 6⁸19

1117 331 1377 390 EUSEB‘II
1414 326 1882 384 C/ESARIENSIS
1917 326 2062 381 OPP.
2105 325 2286 381 PARS
2318 324 2388 379 ll.
2420 352 2485 363 —
2524 318 2954 377 EXEGETIL‘A.

3585 308 3685 361 680

411 478 521 525 res,
546 461 836 530 inscriptus
855 464 956 512 est.
978 455 1077 508 Par
1092 460 1204 507 erat
1228 451 1368 503 enim
1386 461 1658 502 sermones
1683 446 1944 499 bonorum

2070 444 2120 513 ’ᾦ
2144 443 2305 495 Δαυῖδ
2328 462 2345 491 ι
2371 439 2790 510 ἐπιγέγραπται,
2817 433 2919 488 καὶ
2946 449 2969 482 ι
3000 425 3249 498 ψαλμδς
3279 422 3468 530 ιξῶῖιξι
3498 424 3690 491 ὁμοίως

413 557 677 625 promissa
703 553 1109 619 complectentes
1134 583 1147 606 ,
1201 558 1308 595 non
1343 540 1501 593 modo
1554 539 1818 607 psalmos,
1852 537 1944 591 sed

415 661 525 701 una
552 646 783 715 psalmos
804 637 1019 698 cantici,
1042 642 1094 689 et
1118 633 1326 688 cantica
1348 630 1541 700 psalmi
1562 630 1763 692 vocari,
1789 636 1947 697 atque

422 755 442 788 ι
483 738 535 790 in
570 736 723 788 ﬁnem
754 750 773 781 ι
804 729 1102 789 remittere;
1134 723 1258 792 quia
1280 737 1342 776 ea
1372 736 1489 790 qua
1530 720 1586 774 in
1634 719 1828 772 horum
1854 734 1946 771 va-

417 827 617 881 ticiniis
653 823 917 879 feruntur.
942 814 1211 870 diuturnis
1235 821 1353 883 post
1382 811 1713 880 temporibus
1742 810 1795 863 in
1820 823 1948 862 con-

418 912 767 969 summatione
796 905 976 962 saeculi
1006 901 1323 973 perﬁcienda
1369 906 1543 954 erant.
1598 897 1697 952 Hic
1737 913 1949 967 quoque

418 1000 650 1071 psalmus
679 1013 710 1050 a
739 994 939 1064 Spiritu
973 990 1285 1062 prophetico
1322 1003 1387 1042 ex
1419 1000 1647 1055 persona
1671 985 1946 1054 apostolo-

416 1104 531 1143 rum
564 1085 938 1155 pronuntiatus
967 1088 1069 1136 est.
1105 1080 1255 1133 Sicut
1290 1093 1417 1146 ergo
1447 1077 1498 1131 in
1529 1075 1949 1146 praecedentibus

413 1179 657 1239 orabant,
689 1175 850 1229 Deum
875 1172 977 1226 sibi
1007 1170 1071 1223 ad
1114 1167 1477 1236 evangelicam
1515 1163 1946 1233 praedicationem

414 1269 709 1336 adjutorem
736 1268 1020 1317 evocantes
1046 1277 1061 1326 ;
1093 1258 1275 1312 eodem
1301 1270 1512 1324 quoque
1543 1255 1701 1308 modo
1730 1253 1784 1306 in
1816 1268 1949 1321 pra:-

414 1356 553 1411 senti
590 1354 811 1408 ulterius
860 1346 1126 1419 progressi
1165 1346 1395 1400 dicunt:
1438 1363 1455 1394 ‹
1499 1344 1817 1398 Benedictus
1848 1341 1950 1395 Do-

416 1446 593 1498 minus
629 1440 863 1512 quotidie
899 1457 913 1505 ;
950 1451 1262 1507 prosperum
1306 1437 1406 1489 iter
1429 1433 1588 1488 faciet
1620 1434 1774 1488 nobis
1812 1433 1949 1487 Deus

414 1533 726 1590 salutarium
753 1539 1055 1584 nostrorum
1083 1544 1094 1578 :
1136 1545 1152 1576 ι
1179 1532 1232 1578 et
1250 1528 1440 1579 iterum
1468 1542 1480 1577 :
1512 1541 1530 1573 ‹
1559 1521 1945 1588 Manda,Deus,

419 1624 601 1676 virtuti
622 1631 744 1684 tute,
775 1620 1027 1673 conﬁrma
1062 1618 1184 1680 hoc,
1215 1613 1387 1675 Deus,
1436 1612 1578 1682 quod
1613 1621 1861 1680 operatus
1892 1626 1950 1664 es

418 1712 471 1764 in
506 1713 677 1765 nobis.
728 1730 744 1759 ι
797 1708 959 1762 Vides
1014 1706 1155 1761 enim
1204 1701 1469 1772 quomodo
1520 1709 1836 1770 precentur,
1892 1706 1949 1752 ut

2042 512 2153 593 τοῖς
2185 533 2289 603 πρὸ
2331 530 2513 584 αὑτοῦ.
2543 529 2690 582 Ἔδει
2720 526 2836 595 γὰρ
2871 522 3016 583 τοὺς
3076 518 3202 570 τῶν
3238 512 3478 580 ἀγαθῶν
3527 515 3693 583 ἐπαγ-

2044 625 2319 693 γελτικοὺς
2362 622 2549 690 λόγους
2597 619 2671 689 μὴ
2710 617 2880 688 μόνον
2917 609 3232 681 ψαλμοὺς,
3278 605 3406 658 ἀλλ’
3435 605 3576 693 ὁμοῦ
3607 608 3695 658 καὶ

2045 692 2182 766 κατὰ
2210 711 2268 763 τὸ
2295 709 2423 761 αὐτὸ
2450 707 2697 777 ψαλμοὺς
2727 702 2892 774 ᾠδῶν
2936 702 3050 753 καλ¹
3099 698 3269 766 ᾠδὰς
3302 692 3552 762 ψαλμῶν
3587 694 3697 747 ὀνο-

2048 800 2307 872 μάζεσθαι
2327 799 2418 852 καὶ
2439 816 2457 849 ι
2480 800 2556 859 εἰς
2596 795 2657 848 τὸ
2689 794 2848 856 τέλος
2875 811 2892 844 ι
2919 788 3319 857 ἀναπέμπειν
3338 801 3352 814 ⁸
3392 784 3475 845 ὡς
3512 782 3578 836 ἂν
3604 801 3698 852 μα·

2045 894 2193 963 κροῖς
2231 888 2451 958 ὕστερον
2477 886 2690 956 χρόνοις
2721 884 2819 935 ἐπὶ
2855 877 3175 946 συντελείᾳ
3203 874 3314 926 τοῦ
3347 874 3555 935 αἰῶνος
3580 874 3698 942 μελ-

2044 961 2238 1033 λόντων
2267 974 2602 1047 πληροῦσθαι
2623 972 2735 1025 τῶν
2764 972 2825 1022 ὲν
2853 970 3060 1029 αὐτοῖς
3098 961 3577 1032 θεσπιζομένων.
3603 962 3696 1013 Λέ-

2046 1071 2229 1123 λεκται
2256 1069 2311 1121 δὲ
2347 1068 2438 1121 καὶ
2476 1065 2636 1127 αὐτὸς
2677 1063 2783 1117 ὑπὸ
2821 1061 2923 1113 τοῦ
2953 1054 3353 1129 προφητικοῦ
3382 1053 3695 1121 Πνεύματος

2046 1164 2108 1215 ὲκ
2156 1161 2444 1233 προσώπου
2489 1158 2599 1211 τῶν
2646 1153 3001 1210 ἀποστόλων.
3042 1150 3293 1218 Ὠσπερ
3324 1141 3429 1200 οὖν
3468 1144 3562 1199 διὰ
3598 1144 3695 1197 τῶν

2046 1253 2346 1325 ἔμπροσθεν
2397 1249 2700 1319 έπηύχοντο
2758 1246 2985 1305 ἑαυτοῖς
3047 1238 3537 1308 ἀνακαλούμενοι
3578 1236 3697 1287 θεὸν

2049 1344 2300 1414 συνεργὸν
2324 1343 2403 1403 εἰς
2427 1340 2488 1393 τὸ
2511 1336 2872 1406 εύαγγελικὸν
2906 1334 3241 1403 κήρυγμα,
3271 1329 3376 1382 τὸν
3406 1326 3574 1382 αὑτὸν
3595 1326 3698 1399 τρό-

2047 1451 2142 1487 πον
2168 1434 2259 1486 καὶ
2284 1432 2340 1483 ὲν
2371 1432 2483 1491 τοῖς
2512 1426 2908 1499 προκειμένοις
2934 1425 2989 1476 οἱ
3028 1421 3214 1475 αὐτοὶ
3253 1419 3579 1490 προϊόντες,
3608 1437 3696 1487 φα-

2048 1525 2157 1577 σίν’
2189 1542 2207 1573 ι
2232 1520 2531 1589 Εὐλογητὸς
2568 1516 2777 1587 Κύριος
2811 1514 3048 1584 ἡμέραν
3080 1510 3225 1563 καθ’
3262 1507 3498 1579 ἡμέραν
3521 1524 3535 1537 ·
3573 1524 3693 1561 κατ·

2047 1612 2289 1666 ευοδώσει
2320 1613 2448 1680 ἡμῖν
2496 1610 2523 1660 6
2580 1609 2714 1668 Θεὸς
2759 1605 2873 1656 τῶν
2929 1600 3264 1672 σωτηρίων
3311 1598 3523 1668 ἡμῶν·
3558 1616 3577 1648 ι
3615 1600 3695 1649 καὶ

2050 1702 2203 1756 πάλιν
2223 1718 2234 1730 ·
2267 1720 2285 1751 ‹
2324 1699 2618 1761 Ἔντειλαι,
2648 1698 2677 1749 6
2703 1695 2859 1758 Θεὸς,
2902 1694 3019 1763 τὴν
3053 1690 3326 1759 δύναμίν
3375 1705 3475 1741 σου
3500 1704 3513 1718 ⁸
3555 1688 3693 1741 δυνὰ-

418 1803 558 1857 Deus
580 1803 680 1856 sibi
704 1815 1013 1869 prosperum
1042 1801 1143 1853 iter
1168 1804 1338 1866 paret,
1363 1769 1536 1863 seque
1570 1792 1865 1856 confirmet,
1893 1802 1951 1846 ut

2070 1808 2246 1853 ιωσον,
2284 1792 2312 1842 6
2355 1788 2505 1851 Θεὸς,
2542 1788 2701 1839 τοῦτο
2745 1786 2774 1837 ὃ
2814 1782 3218 1853 κατειργάσω
3269 1783 3442 1851 ἡμῖν.
3482 1800 3501 1830 ι
3550 1781 3694 1850 Ὁρᾷς

418 1893 687 1962 Evangelii
715 1905 931 1944 cursum
979 1890 1094 1942 sine
1124 1888 1277 1941 obice
1324 1884 1618 1955 perﬁciant.
1671 1882 1952 1951 Evangeli—

417 1983 689 2037 camitem
719 1978 1146 2049 praedicationem
1194 1982 1373 2044 aperte
1417 1979 1718 2026 memorant
1769 1973 1953 2027 dicen-

418 2081 535 2129 tes:
570 2090 588 2122 ι
622 2070 879 2122 Dominus
912 2067 1057 2120 dabit
1077 2065 1296 2119 verbum
1341 2061 1828 2131 evangelizantibus
1853 2064 1955 2114 vir-

421 2171 535 2218 tute
564 2162 748 2215 multa.
786 2178 803 2209 ι
842 2158 951 2210 lmo
975 2157 1296 2224 quibusnam
1324 2154 1668 2223 Evangelium
1699 2152 1954 2219 praedica-

418 2252 526 2308 turi
549 2258 727 2305 essent
748 2247 1109 2302 vaticinantur
1136 2245 1220 2298 his
1247 2244 1423 2298 verbis
1450 2261 1464 2297 :
1492 2261 1511 2293 ι
1546 2241 1769 2295 Venient
1798 2241 1955 2309 legati

418 2357 485 2397 ex
522 2340 770 2408 Egypto,
794 2336 1066 2404 [Ethiopia
1092 2335 1324 2403 porriget
1346 2348 1560 2385 manum
1591 2346 1743 2386 suam
1778 2329 1905 2384 Deo.
1931 2348 1951 2381 ι

420 2432 574 2485 Clare
609 2430 750 2483 enim
784 2427 932 2481 hisce
964 2425 1139 2479 verbis
1175 2423 1440 2491 Aﬁgyptiis
1474 2421 1818 2490 Evangelium
1861 2435 1957 2472 an-

422 2520 704 2580 nuntiant,
756 2516 1069 2569 idololatras
1130 2512 1564 2566 subindicantes:
1612 2527 1677 2563 ex
1706 2500 1957 2578 ‘IEgypto

422 2622 652 2676 namque
676 2603 979 2658 idololatria
1000 2610 1176 2654 ortum
1194 2602 1419 2669 accepit.
1436 2599 1735 2663 Quinetiam
1748 2597 1958 2649 [Ethio-

422 2698 563 2767 piam
591 2695 698 2748 Deo
724 2707 935 2745 manum
967 2690 1234 2760 porrigere
1277 2704 1428 2743 suam
1471 2688 1688 2749 dicunt,
1722 2693 1953 2740 extrema

423 2798 578 2842 terra:
605 2784 985 2854 signiﬁcantes.
1018 2780 1218 2835 Deinde
1248 2794 1371 2833 vero
1402 2777 1581 2831 omnia
1610 2790 1773 2846 regna
1802 2784 1957 2828 terrae

423 2874 702 2930 confertim
735 2873 1012 2933 advocant,
1059 2869 1264 2938 hocque
1314 2868 1419 2920 ritn
1450 2867 1729 2920 universas
1776 2872 1958 2934 gentes

424 2966 744 3036 signiﬁcant.
774 2964 843 3018 Ut
882 2971 1058 3016 autem
1099 2976 1161 3015 ea
1189 2975 1306 3030 quae
1346 2961 1401 3012 in
1429 2959 1682 3012 vaticinio
1707 2956 1956 3011 fereban-

2051 1881 2155 1950 γὰρ
2182 1882 2327 1941 ὅπως
2359 1876 2795 1945 κατευοδωθῆναι
2826 1874 2940 1927 ὑπὸ
2975 1872 3088 1924 τοῦ
3126 1871 3285 1924 Θεοῦ
3328 1872 3431 1923 καὶ
3459 1870 3691 1941 δυναμω-

2052 1971 2203 2039 θῆναι
2243 1970 2321 2032 εἰς
2350 1968 2409 2021 τὸ
2449 1966 2745 2026 ἀκωλύτως
2776 1964 2871 2016 τὸν
2918 1964 3158 2034 δρόμον
3211 1962 3318 2014 τοῦ
3368 1963 3691 2029 Εὑαγγελξου

2050 2059 2323 2111 τελειῶσαι
2365 2057 2632 2127 εὔχονται.
2684 2056 3040 2125 Μέμνηνται
3094 2053 3164 2105 δὲ
3216 2051 3430 2121 σαφῶς
3476 2053 3571 2103 καὶ
3611 2050 3691 2103 τοῦ

2052 2148 2397 2217 εύαγγελικοῦ
2439 2145 2800 2217 κηρύγματος
2832 2144 3139 2211 σλέγοντες
3160 2160 3177 2174 ο
3238 2163 3259 2194 ι
3292 2142 3515 2214 Κύριος
3552 2142 3690 2194 δώσει

2056 2241 2201 2311 ῥῆμα
2237 2241 2345 2300 τοῖς
2384 2235 2900 2305 εύαγγελιζομένοις
2929 2235 3205 2305 δυνάμει
3245 2234 3433 2305 πολλῇ
3462 2253 3476 2264 ο
3517 2253 3536 2285 ι
3577 2233 3691 2287 ἀλλά

2054 2331 2145 2382 καὶ
2169 2328 2304 2380 τίσιν
2334 2327 2561 2396 ἤμελλον
2586 2325 2884 2396 κηρύττειν
2909 2325 2979 2377 τὸ
3008 2326 3400 2394 Εὐαγγέλιον
3424 2325 3692 2387 θεσπίζου-

2056 2435 2136 2470 σιν
2163 2419 2216 2470 ὲν
2248 2412 2327 2478 οἷς
2367 2434 2560 2483 φασιν’
2600 2435 2619 2466 ι
2661 2414 2897 2478 Ἧξουσι
2930 2416 3242 2486 πρέσϐεις
3290 2416 3357 2479 ἐξ
3392 2415 3690 2482 Αίγύπτουο

2055 2507 2301 2559 Αἰθιοπία
2340 2506 2642 2576 προφθάσει
2670 2507 2834 2575 χεῖρα
2877 2507 3081 2575 αὐτῆς
3112 2508 3203 2577 τῷ
3252 2507 3408 2577 Θεῷ.
3449 2527 3468 2557 ι
3517 2507 3689 2575 Σαφῶς

2054 2599 2159 2668 γὰρ
2184 2598 2270 2649 διὰ
2312 2596 2512 2649 τούτων
2556 2597 2839 2662 Αἴγυπτον
2876 2596 3418 2665 εὐαγγελίζονται,
3469 2599 3593 2659 τοὺς
3622 2600 3687 2649 εὶ-

2054 2688 2385 2757 δωλολάτρας
2416 2686 2778 2755 αἰνιττόμενοι
2804 2702 2818 2716 ο
2858 2686 2997 2738 ἐπεὶ
3046 2687 3121 2754 ἐξ
3160 2689 3469 2757 Αἰγύπτου
3512 2690 3687 2757 κατήρ-

2058 2778 2180 2842 ξατο
2215 2781 2247 2849 ἡ
2277 2778 2699 2848 εἰδωλολατρεία.
2740 2776 2908 2829 Ἀλλά
2943 2780 3053 2839 καὶ
3077 2780 3192 2850 τὴν
3239 2782 3541 2834 Αἰθιοπίαν
3574 2798 3687 2851 προ-

2056 2869 2253 2937 φθάσαι
2294 2872 2446 2940 χεῖρα
2486 2868 2654 2934 αὐτῆς
2696 2867 2776 2936 τῷ
2824 2869 2958 2937 Θεῷ
3008 2888 3192 2938 φασι,
3248 2872 3326 2925 τὰ
3370 2871 3577 2942 ἔσχατα
3601 2873 3685 2939 τῆς

2055 2954 2368 3024 οἰκουμένης
2406 2955 2707 3025 δηλοῦντες.
2754 2955 2876 3010 Εἶθ’
2923 2959 3077 3028 ἑξῆς
3118 2961 3236 3024 τὰς
3278 2962 3566 3031 βασιλείας
3601 2961 3685 3031 τῆς

423 3066 534 3121 tur,
564 3071 709 3109 nunc
732 3054 945 3108 tandem
978 3066 1136 3121 opere
1156 3050 1552 3117 perﬁcerentur,
1573 3049 1628 3100 in
1659 3048 1776 3116 ipso
1806 3048 1953 3115 prin-

2070 3044 2156 3113 γῆς
2186 3045 2360 3108 πάσας
2401 3045 2609 3115 ἀθρόως
2638 3048 3016 3114 συγκαλοῦσι,
3063 3052 3194 3105 τῶν
3227 3053 3415 3107 ἐθνῶν
3451 3054 3684 3106 ἁπάντων

423 3149 564 3219 cipio
593 3146 822 3217 Spiritus
852 3154 1071 3200 sanctus
1111 3157 1203 3211 per
1252 3141 1499 3194 Davidem
1537 3153 1721 3208 preces
1763 3139 1958 3193 emittit

423 3238 641 3292 dicens:
665 3255 683 3288 ι
711 3235 973 3305 Exsurgat
994 3234 1133 3288 Deus
1154 3238 1207 3285 et
1226 3232 1551 3300 dissipentur
1568 3228 1769 3283 inimici
1785 3230 1917 3298 ejus.
1935 3250 1952 3280 ι

424 3327 711 3396 Pergraves
733 3326 871 3379 enim
898 3323 1096 3376 inimici
1119 3320 1209 3375 Dei
1229 3320 1339 3388 jam
1364 3319 1490 3372 olim
1519 3318 1574 3371 in
1603 3331 1789 3371 omnes
1806 3327 1959 3371 terrae

425 3418 748 3471 habitatores
769 3415 1103 3485 tyrannidem
1141 3411 1479 3474 exercebant,
1513 3408 1729 3477 maligni
1774 3407 1960 3461 videli-

424 3518 509 3560 cet
537 3506 803 3559 dzemones
826 3543 842 3568 ,
882 3505 971 3571 qni
1016 3500 1367 3569 multiplicum
1412 3497 1690 3550 numinum
1724 3509 1957 3550 errorem

425 3597 481 3650 in
514 3598 819 3649 universum
851 3595 1031 3646 orbem
1077 3591 1414 3643 induxerant.
1444 3587 1609 3641 Nemo
1645 3601 1804 3654 porro
1845 3594 1958 3638 erat

426 3685 519 3752 qui
548 3684 683 3735 mala
706 3681 1047 3750 propelleret,
1088 3693 1197 3731 non
1228 3678 1311 3735 vir
1353 3678 1587 3744 sapiens,
1623 3691 1727 3729 non
1754 3675 1955 3743 justus,

428 3788 535 3826 non
562 3772 835 3839 propheta,
859 3769 966 3822 imo
999 3783 1097 3822 nec
1129 3768 1392 3837 quispiam
1425 3782 1489 3820 ex
1516 3767 1719 3834 angelis
1754 3775 1806 3819 et
1835 3780 1959 3818 san-

428 3862 533 3916 ctis
560 3861 860 3930 spiritibus,
894 3860 1006 3913 sive
1032 3874 1097 3912 ex
1128 3857 1437 3911 coelestibus
1469 3856 1769 3923 divinisque
1791 3856 1959 3907 virtu-

431 3954 595 4007 tibus.
654 3952 987 4020 Quapropter
1013 3948 1175 4003 Deum
1206 3954 1356 4016 rogat
1405 3958 1462 3999 ut
1507 3954 1779 4014 exsurgat,
1812 3954 1865 3999 et
1895 3961 1960 4000 ex

429 4044 577 4112 regio
605 4043 796 4096 throno
845 4057 943 4096 suo
986 4041 1264 4094 excitetur.
1318 4034 1451 4089 Nam
1494 4036 1584 4089 Dei
1629 4038 1958 4105 providentia

432 4139 562 4187 tunc
596 4147 828 4194 cessare,
865 4145 1053 4183 vacare
1084 4136 1137 4181 et
1161 4142 1255 4181 ceu
1280 4126 1553 4195 quiescere
1584 4123 1800 4187 dicitur,
1837 4141 1958 4179 cum

431 4239 495 4278 ex
523 4223 723 4278 divitiis
748 4220 1022 4279 bonitatis,
1067 4227 1120 4271 et
1148 4233 1214 4271 ex
1254 4215 1508 4285 patientia
1536 4213 1959 4282 longanimitate-~

414 4310 536 4382 'qne
560 4327 655 4367 sua
684 4318 967 4380 peccantes
986 4315 1039 4362 et
1066 4321 1189 4376 erga
1217 4321 1273 4359 se
1301 4305 1459 4373 impie
1490 4312 1706 4372 agentes
1738 4304 1957 4368 tolerat;

2055 3132 2237 3185 τοῦτον
2270 3136 2677 3203 σημαινομένων
2708 3137 2799 3191 τὸν
2826 3128 3084 3210 τρόπον.
3127 3145 3264 3198 ’Ἰνα
3292 3146 3355 3198 δὲ
3388 3147 3459 3199 τὰ
3485 3145 3571 3198 διὰ
3591 3143 3683 3196 τῶν

2055 3222 2222 3286 λόγων
2264 3226 2706 3295 προφητευόμενα
2746 3229 2853 3298 ἤδη
2902 3235 3054 3286 ποτὲ
3114 3237 3222 3287 καὶ
3271 3237 3343 3289 δι’
3380 3237 3556 3306 ἔργων
3593 3254 3685 3305 χω-

2058 3314 2215 3385 ρήσῃ,
2245 3314 2537 3382 ἀρχόμενον
2571 3316 2631 3368 τὸ
2663 3318 2897 3389 Πνεῦμα
2930 3323 3001 3375 τὸ
3046 3329 3453 3398 προφητικὸν,
3483 3329 3569 3380 διὰ
3601 3325 3682 3379 τοῦ

2055 3403 2213 3455 Δαυῒδ
2236 3403 2394 3472 εὐχὴν
2424 3406 2919 3477 ἀναπέμπειλέγον
2946 3431 2961 3442 ·
2992 3433 3012 3465 ‹
3050 3417 3403 3490 Ἀναστήτω
3422 3422 3453 3473 6
3476 3419 3681 3489 Κύριος.

2056 3495 2146 3545 καὶ
2165 3494 2733 3565 διασκορπισθήτωσαν
2754 3500 2806 3550 οἱ
2838 3502 3046 3574 ἐχθροὶ
3085 3508 3301 3562 αὐτοῦ.
3350 3529 3370 3560 ι
3397 3510 3571 3563 Δεινοὶ
3590 3507 3683 3577 γὰρ

2056 3585 2235 3654 ἐχθροὶ
2268 3584 2361 3637 τοῦ
2391 3585 2524 3636 Θεοῦ
2556 3589 3008 3658 κατετυράννουν
3053 3597 3249 3651 πάλαι
3286 3600 3561 3671 πρότερον
3589 3598 3680 3651 τῶν

2057 3676 2146 3724 ἐπὶ
2166 3674 2264 3743 γῆς
2279 3674 2548 3738 ἁπάντων,
2571 3677 2619 3727 οἱ
2637 3676 2734 3746 τὴν
2753 3679 3035 3735 πολύθεον
3055 3687 3298 3759 πλάνην
3315 3690 3447 3742 καθ’
3463 3691 3588 3760 ὅλης
3599 3690 3681 3759 τῆς

2056 3763 2370 3849 οἰκουμένης
2411 3767 2812 3835 συστησάμενοι
2868 3778 3129 3844 πονηροὶ
3172 3779 3469 3849 δαίμονες.
3515 3779 3681 3841 Οὐδείς

2056 3869 2115 3903 τε
2148 3848 2212 3924 ἦν
2238 3853 2526 3923 ὲπαμύνων
2556 3859 2667 3919 τοῖς
2701 3863 2923 3923 κακοῖς,
2980 3865 3049 3917 οὐ
3108 3848 3293 3937 σοφὸς
3329 3874 3496 3944 ἀνὴρ,
3528 3872 3585 3924 οὐ
3615 3870 3681 3922 δί-

2058 3959 2225 4005 καιος,
2272 3944 2331 3995 οὐ
2366 3947 2667 4015 προφήτης
2716 3948 2833 4001 ἀλλ’
2866 3953 3000 4005 οὐδὲ
3048 3957 3330 4026 ἀγγέλων
3364 3980 3451 4025 τις
3478 3963 3511 4032 ἢ
3540 3978 3679 4014 πνευ·

2060 4031 2239 4099 μάτων
2278 4032 2467 4098 ἁγίων,
2504 4035 2536 4105 ἢ
2571 4036 2678 4088 τῶν
2714 4041 2839 4090 κατ’
2876 4041 3137 4112 οὐρανὸν
3176 4048 3356 4103 θείων
3390 4031 3673 4121 δυνάμεων.

2057 4121 2146 4211 Διὸ
2172 4121 2422 4211 δὴῗαύτὸν
2451 4124 2746 4194 ἀναστῆναι
2780 4128 2876 4183 τὸν
2916 4132 3091 4199 Θεὸν,
3139 4142 3245 4191 καὶ
3282 4141 3384 4193 τοῦ
3420 4138 3676 4211 βασιλικοῦ

2056 4210 2390 4302 διεγερθῆναι
2443 4213 2633 4282 θρόνου
2697 4222 3048 4286 παρακαλεῖ.
3115 4229 3401 4301 Ἠρεμεῖν
3460 4234 3555 4302 μὲν
3600 4232 3677 4282 καὶ

2236 4301 2337 4321 νέην
2439 4304 2454 4321 \
2501 4304 2525 4321 η

2028 4338 2029 4341 η
2057 4303 2339 4370 ἡσυχάζειν
2368 4304 2461 4356 καὶ
2491 4304 2681 4376 ὥσπερ
2712 4308 3175 4374 διαναπαύεσθαι
3205 4325 3281 4376 τὰ
3309 4327 3417 4395 τῆς
3444 4326 3537 4379 τοῦ
3561 4324 3675 4377 Θεοῦ

433 4400 633 4454 moveri
674 4406 849 4451 autem
878 4404 931 4449 et
963 4395 1182 4449 excitari
1229 4393 1443 4455 dicitur,
1485 4407 1605 4444 cum
1648 4400 1953 4460 peccatores

2070 4392 2564 4487 mpovoiaikyemt,
2603 4398 2828 4455 ἐπειδὰν
2862 4405 2945 4473 τῷ
2978 4408 3219 4482 πλούτῳ
3254 4392 3675 4487 τῆς-χρηστότη-

433 4503 715 4558 aggressus
743 4487 1033 4540 ulciscitur.
1079 4483 1148 4539 Ut
1180 4484 1341 4554 igitur
1370 4482 1645 4536 memorati
1679 4482 1863 4536 hostes
1896 4483 1953 4533 li-

436 4592 554 4630 nem
592 4576 825 4630 facerent
852 4574 1162 4630 dominandi
1191 4573 1526 4637 hominibus,
1556 4571 1663 4625 Deo
1694 4573 1957 4641 supplicat

438 4672 497 4718 ut
520 4673 772 4734 exsurgat
815 4678 1040 4732 seseque
1066 4662 1298 4715 concitet
1329 4660 1395 4713 ad
1444 4660 1723 4723 ultionem,
1776 4666 1833 4713 ut
1866 4658 1956 4727 qui

436 4754 565 4809 olim
591 4756 645 4807 in
676 4769 839 4808 unum
881 4752 1185 4822 congregati
1233 4757 1405 4810 erant,
1435 4756 1489 4803 et
1516 4748 1811 4818 improbam
1844 4765 1958 4801 mn-

437 4849 533 4898 tuo
559 4843 899 4899 concordiam
934 4842 1182 4905 inierant,
1214 4855 1330 4894 eam
1361 4839 1564 4893 scilicet
1589 4838 1959 4908 quaaﬁiaboli-

440 4945 558 4983 cam
596 4930 948 4985 idololatriam
981 4929 1288 4997 spectabat,
1340 4926 1724 4994 dissiparentur
1774 4928 1958 4994 procul

443 5018 689 5087 dispersi.
741 5019 781 5072 li
825 5034 950 5073 vero
998 5018 1198 5071 inimici
1231 5017 1324 5070 Dei
1360 5024 1531 5078 erant,
1583 5031 1809 5085 eumque
1835 5017 1955 5070 ode-

447 5114 582 5168 rant,
612 5111 703 5175 qui
731 5122 905 5161 aerem
929 5116 1081 5161 terrae
1101 5107 1418 5161 eminentem
1452 5106 1742 5174 replebant,
1784 5114 1836 5159 et
1863 5106 1961 5157 im-

446 5195 762 5260 probitatem
794 5198 935 5249 illam
966 5199 1274 5267 multiplicis
1294 5197 1491 5252 erroris
1515 5195 1783 5258 fovebant,
1814 5196 1958 5264 impii

452 5295 637 5350 nempe
664 5284 877 5351 quidam
909 5293 961 5339 et
984 5287 1124 5341 athei
1157 5287 1440 5341 daemones.
1473 5285 1571 5350 Qui
1595 5283 1702 5337 Deo
1725 5285 1807 5338 vel
1840 5292 1959 5336 tan-

454 5370 562 5416 tum
592 5381 952 5426 commovente
980 5389 1054 5435 se,
1086 5383 1137 5427 et
1160 5375 1224 5427 ad
1244 5375 1539 5428 facinorum
1566 5373 1813 5427 ultionem
1845 5387 1962 5425 sese

455 5452 733 5542 escitante,
753 5460 922 5521 primo
950 5463 1157 5528 quidem
1185 5463 1427 5532 dissipati
1446 5472 1498 5517 et
1522 5463 1610 5516 alii
1632 5462 1813 5530 procul
1844 5461 1961 5513 aliis

457 5532 701 5600 dispersi.
729 5542 915 5597 deinde
942 5546 993 5598 in
1013 5546 1187 5614 fugam
1210 5553 1347 5604 versi
1372 5560 1529 5616 sunt,
1562 5566 1623 5604 ac
1646 5558 1826 5620 postea
1858 5551 1962 5603 sic-

462 5626 518 5670 ut
545 5621 720 5677 deﬁcit
754 5627 929 5685 fumus
959 5633 1291 5700 defecerunt,
1314 5647 1367 5693 et
1400 5641 1542 5696 sicut
1566 5640 1813 5697 liquescit
1840 5655 1959 5695 cera

2052 4500 2139 4543 τος
2164 4483 2323 4577 αὐτοῦ
2353 4485 2444 4577 καὶ
2474 4489 2544 4577 τῇ
2584 4493 2951 4565 μακροθυμίᾳ
2986 4501 3146 4574 φέρῃ
3181 4483 3325 4569 τοὺς
3349 4483 3675 4577 ἀῇἀρτάνον-

2052 4588 2145 4632 τας
2190 4571 2279 4623 καὶ
2319 4575 2398 4634 εἰς
2428 4575 2588 4627 αὐτὸν
2618 4580 2987 4649 ἀσεϐοῦντας·
3029 4571 3216 4647 τὸῄδὲ
3273 4571 3549 4651 κινεῖσθαι
3597 4596 3674 4649 καὶ

2051 4660 2435 4756 διανίστασθαι,
2481 4665 2704 4756 ἐπειδὰν
2743 4672 2845 4735 τὰς
2907 4677 3247 4751 ὲκδικήσεις
3277 4684 3674 4756 ποιῆσαιὲπεξο

2057 4747 2146 4799 ιὼν
2191 4750 2298 4809 τοῖς
2333 4749 2765 4820 ἁμαρτάνουσιν.
2822 4763 2923 4815 Ἵν⁹
2961 4764 3063 4821 οὖν
3101 4747 3212 4842 ἤδη
3250 4747 3409 4826 ποτὲ.
3443 4774 3672 4826 παύσων-

2052 4840 2298 4932 caecati;
2328 4841 2471 4893 κατά
2511 4845 2624 4898 τῶν
2677 4852 2992 4922 ἀνθρώπων
3052 4840 3419 4927 δυναστείαις
3463 4866 3513 4916 οἱ
3558 4878 3671 4932 προ·

2054 4927 2324 4997 λεχθέντες
2357 4933 2568 5004 ἐχθροὶ,
2605 4939 2968 5015 διαναστῆναι
3011 4952 3110 5003 τὸν
3166 4956 3306 5009 Θεὸν
3359 4957 3456 5009 καὶ
3496 4927 3661 5019 διεγεῖο

2057 5034 2143 5088 ραι
2171 5018 2375 5109 Δἑαυτὸν
2426 5025 2509 5087 εἰς
2561 5030 2846 5105 ἐκδίκησιν
2888 5038 3162 5109 ἱκετεύει,
3204 5047 3363 5109 ὅπως
3419 5048 3468 5098 οἱ
3519 5018 3669 5096 πάλαι

2218 5108 2279 5160 τὸ
2303 5111 2435 5205 αὐτὸ
2468 5124 2807 5193 συνηγμένοι
2834 5128 2929 5179 καλ⁵
2956 5106 3157 5203 κακὴν
3184 5106 3513 5205 συμφωνίαν
3548 5129 3666 5202 πρὸς

2057 5194 2341 5293 ἀιλλ”ξ1λο’-κιῖΔ
2366 5197 2631 5274 θέμενοι,
2707 5215 2803 5286 τὴν
2854 5216 2954 5286 τῆς
3010 5194 3348 5293 δαιμονικῆς
3398 5194 3651 5276 εἰδωλολα-

2056 5284 2276 5394 τρείῗςῖ
2314 5287 2766 5394 δὶιασκεδασθῶσι
2821 5308 3045 5377 μακρὰν
3086 5284 3337 5383 ἀλλήλω-ν
3373 5295 3659 5382 γενόμενοι,

2090 5373 2281 5481 ξὶχθροξ
2310 5378 2366 5430 δὲ
2408 5384 2517 5481 ξοδ
2577 5392 2725 5451 Θεοῦ
2770 5373 2863 5452 καὶ
2892 5373 3187 5467 μισοῦντες
3212 5373 3402 5456 ἀὑτὸν
3430 5373 3587 5473 ἦσαν,
3618 5397 3657 5447 03

2059 5463 2145 5514 τδν
2180 5466 2319 5565 ὑπὲρ
2518 5481 2676 5557 ἀέρα
2722 5463 3055 5562 πληροῦντες
3103 5463 3201 5547 καὶ
3230 5497 3330 5565 τὴν
3366 5496 3425 5546 ὲν
3453 5463 3639 5560 ’ἀνθρώ

2060 5570 2179 5651 “of;
2204 5560 2536 5651 Ϊολυπλαννῆ
2581 5586 2793 5640 κακίαν
2835 5584 3185 5651 ἐνεργοῦντες
3227 5586 3505 5645 δυσσεόεἰς
3527 5596 3651 5633 τινες

2063 5645 2154 5697 καὶ
2196 5647 2348 5707 ἄθεοι
2391 5658 2697 5741 δαίμονεςο
2737 5680 2803 5743 οἳ,
2841 5645 3147 5744 κινηθέντος
3165 5645 3339 5732 ⁷αὑτοῦ
3392 5676 3545 5747 μόνον
3572 5665 3647 5721 τοῖ
