3818 6372
423 373 525 429 685
1079 377 1163 430 EL‘
1176 373 1342 427 SEBII
1384 367 1855 424 CESABIENSIS
1894 367 1931 421 0

2169 364 2258 420 BS
2295 363 2378 417 ΙΙΙ.
2418 393 2485 405 -
2521 359 2945 419 EXEGETICA.
3571 357 3672 412 θειι

424 499 661 559 tempore
711 489 972 560 passionis
1028 486 1225 553 ipsius,
1279 480 1492 550 quando
1559 499 1575 529 ‹
1618 479 1932 533 fremuerunt

2169 493 2220 528 ιν
2243 476 2291 527 οἱ
2320 474 2496 545 ἐχθροὶ
2520 473 2698 527 αὑτοῦ·
2715 492 2734 525 ι
2769 469 2916 523 Θεοῦ
2943 465 3261 535 νοουμένου
3283 466 3379 519 τοῦ
3402 464 3549 519 Θεοῦ
3574 469 3677 521 Λό-

421 556 626 647 geiites,
671 556 726 633 et
766 577 942 647 populi
974 572 1208 626 meditati
1243 579 1367 624 sunt
1400 570 1598 622 inania.
1649 570 1929 623 Asliterunl

2183 565 2252 617 Ἦ
2280 567 2376 635 τῆς
2403 565 2563 633 εὐχῆς
2597 565 2725 633 περὶ
2756 562 2862 632 μὲν
2889 557 2994 612 τοῦ
3025 556 3280 627 Χριστοῦ
3303 556 3679 626 λεγούσηςτὸ,

420 645 589 734 reges,
625 674 678 720 et
724 645 988 733 principes
1017 666 1377 713 convenerunt
1407 658 1461 711 in
1491 673 1655 711 unum
1688 658 1928 710 adversus

2176 656 2390 725 ιαστήτω
2409 694 2423 717 ,
2446 673 2463 704 ι
2485 655 2612 724 πρὸς
2624 654 2681 705 δὲ
2698 652 2792 704 τὸν
2810 649 2955 701 Θεὸν
2973 648 3090 700 τῶν
3110 645 3256 699 ὅλων
3270 647 3455 698 ἀναπε
3466 645 3684 715 μπομέ..

421 733 695 805 Dominum
714 759 766 804 et
783 749 1038 803 adversus
1059 747 1331 801 Christum
1361 745 1477 813 ejus
1493 745 1565 799 ⁸.»
1588 744 1759 797 Hosce
1784 758 1929 813 porrc

2179 741 2285 818 ἵν”ᾖ
2299 746 2378 808 τὸ,
2396 765 2412 794 ι
2433 746 2460 795 ὁ
2477 744 2623 806 Θεὸς,
2638 762 2656 792 ι
2677 742 2802 795 uvri
2812 739 2936 802 τοῦ,
2962 733 3011 790 ὦ
3024 737 3159 798 Θεέ,
3180 737 3486 805 ἀναστήτω
3501 737 3530 787 ὁ
3548 738 3684 805 Χρι-

417 855 601 893 omnes
636 836 955 891 resurrectio
1000 833 1198 888 Christi
1247 848 1312 887 ex
1362 833 1586 886 mortuis
1615 831 1891 901 dissipavit

2178 853 2289 900 σου,
2304 836 2395 889 xui
2409 832 3001 904 διασκορπισθήτωσαν
3033 830 3087 879 οἱ
3107 827 3304 897 ἐχθροὶ
3320 825 3529 878 αὐτοῦ.
3557 826 3686 878 Συν-

417 938 646 994 tuncque
693 923 1000 977 defecerunt
1034 932 1091 974 ut
1122 922 1299 974 deﬁcit
1330 920 1529 982 fumus,
1561 927 1614 973 et
1643 920 1780 973 sicut
1831 918 1925 970 ilni‘

2184 944 2279 979 σαν
2318 927 2411 996 μὲν
2428 924 2533 995 γὰρ
2563 927 2609 975 οἱ
2631 922 2820 991 ἐχθροὶ
2836 919 3017 973 αὐτοῦ
3050 918 3206 971 κατά
3221 919 3314 970 τὸν
3332 916 3438 969 τοῦ
3478 917 3687 980 πάθους

415 1030 538 1070 cera
570 1030 598 1066 a
634 1013 769 1067 facie
816 1013 971 1082 ignis.
1042 1011 1193 1065 Hunc
1226 1026 1356 1065 sane
1377 1011 1647 1064 Christum
1688 1008 1774 1063 Dei
1822 1008 1923 1061 Odit

2180 1010 2427 1079 ῠκαιρὸν,
2458 1009 2729 1078 ὁπηνίκα(
2759 1005 3058 1076 ἐφρύαξαν
3096 1004 3258 1073 ἔθνη,
3279 1005 3383 1056 xui
3414 1004 3543 1056 λαοὶ
3564 1005 3688 1073 ἐμε-

415 1103 734 1163 habuerunt,
786 1115 847 1153 ac
889 1100 1178 1153 etiamnum
1225 1098 1472 1160 oderunt,
1507 1098 1596 1166 qui
1645 1097 1923 1163 frequente:

2178 1114 2269 1148 σαν
2295 1096 2441 1149 κενά.
2462 1096 2821 1164 Παρέστησαν
2838 1096 2888 1145 οί
2920 1092 3184 1162 βασιλεῖς
3210 1094 3311 1146 καὶ
3330 1095 3388 1145 οἱ
3418 1094 3686 1163 ἄρχοντες

414 1194 573 1262 impia
603 1192 765 1253 dicta,
787 1192 1026 1245 convicia
1054 1201 1107 1244 et
1126 1190 1432 1259 blasphema
1461 1190 1620 1242 vcrba
1648 1187 1922 1257 proferunt

2178 1186 2377 1255 χθησαν
2394 1186 2483 1238 ἐπὶ
2503 1186 2564 1237 τὸ
2589 1185 2721 1237 αὐτὸ
2740 1184 2887 1237 κατά
2918 1183 3021 1236 τοῦ
3043 1184 3269 1253 Κυρίου
3299 1188 3406 1236 xui.
3423 1183 3575 1236 κατά
3596 1184 3686 1237 τοῦ

412 1283 529 1351 ejus
552 1282 844 1337 Ecclesium
874 1290 1181 1351 Oppugnant
1206 1296 1271 1334 ac
1300 1279 1596 1333 doctrinam
1620 1280 1919 1332 calumnian

2178 1276 2274 1327 τοῦ
2291 1276 2471 1328 αὑτοῦ.
2488 1295 2505 1325 ι
2528 1275 2753 1327 Πάντων
2772 1276 2829 1327 δὲ
2845 1274 3067 1327 τούτων
3086 1275 3562 1344 διασκορπισμὸν
3577 1276 3610 1344 ἡ
3628 1278 3686 1327 ἐκ

413 1381 521 1428 tur.
551 1371 680 1425 Nam
710 1372 843 1425 alias
867 1373 1041 1426 nullos
1077 1370 1314 1439 reperire
1344 1377 1425 1423 est
1451 1370 1541 1438 qui
1575 1370 1921 1423 universorun

2179 1366 2245 1417 ὧν
2263 1367 2549 1427 ἀνάστασις
2564 1365 2656 1418 τοῦ
2670 1364 2917 1434 Χριστοῦ
2945 1366 3417 1435 κατειργάσατοο
3439 1365 3687 1430 ἐξέλιπόν

414 1460 579 1515 Deum
610 1460 855 1526 oderint;
886 1474 1058 1528 neque
1090 1459 1229 1513 enim
1262 1459 1361 1527 ipsi
1393 1459 1535 1512 athei
1562 1464 1614 1511 et
1639 1459 1818 1527 impii,
1849 1472 1922 1511 nea

2178 1457 2425 1509 έέκλείπει
2440 1457 2666 1518 καπνὸς,
2682 1456 2776 1508 xui
2793 1456 2871 1518 ώς
2891 1457 3143 1525 τήκεται
3166 1456 3358 1525 κηρὸς
3384 1457 3505 1509 ἀπὸ
3522 1474 3686 1529 προσ-

414 1567 515 1619 que
548 1550 763 1619 maligni
788 1551 1074 1613 daemones,
1116 1564 1288 1618 neque
1318 1549 1511 1617 impuri
1542 1548 1760 1617 spiritus
1790 1547 1843 1600 id
1867 1547 1919 1599 di

2176 1566 2190 1599 i
2225 1548 2410 1618 πυρός.
2442 1549 2551 1601 Καὶ
2593 1546 2786 1599 τοῦτόν
2820 1564 2885 1614 γε
2934 1548 3039 1600 τὸν
3107 1548 3373 1617 Χριστὸν
3419 1547 3522 1600 τοῦ
3556 1549 3684 1602 Θεοῦ

414 1638 607 1693 xerint.
640 1639 707 1689 At
733 1638 1003 1693 Christum
1033 1637 1125 1692 Dei
1154 1652 1211 1691 se
1233 1636 1355 1690 odio
1386 1636 1581 1690 habere
1609 1643 1788 1705 aperte
1821 1651 1917 1705 pro

2173 1655 2323 1707 ησαν,
2357 1637 2571 1706 μισοῦσί
2607 1655 2668 1689 τε
2703 1638 2875 1690 εἰσέτι
2906 1640 3007 1691 xui
3040 1637 3173 1703 νῦν,
3204 1640 3261 1690 oi.
3301 1640 3564 1709 συνεχῶς
3590 1642 3681 1693 αὑ-

417 1728 653 1790 ﬁtentur,
704 1727 877 1796 primo
925 1727 961 1779 ii
1011 1728 1077 1781 de
1108 1727 1302 1795 quibus
1327 1728 1438 1795 ipse
1474 1743 1565 1797 per
1615 1727 1925 1797 prophetian

2175 1727 2338 1789 Ξιθὲοις
2367 1727 2543 1794 λόγοις
2576 1727 2671 1779 xui.
2711 1726 3015 1798 λοιδορίαις
3049 1728 3569 1799 βλασφημοῦντες,
3594 1733 3683 1801 τήν

414 1820 486 1871 ita
517 1818 658 1871 fatur
700 1836 711 1871 :
768 1836 785 1868 ι
838 1815 1019 1870 Locuti
1062 1826 1187 1871 sunt
1221 1818 1499 1871 adversum
1526 1834 1608 1873 me
1646 1820 1823 1886 lingua
1850 1816 1922 1869 do

2173 1815 2459 1885 Ξκκλησίαν
2489 1816 2651 1869 αὑτοῦ
2688 1797 3099 1887 πολεμοῦντες,
3150 1820 3256 1872 xui.
3282 1797 3403 1890 τὴν
3436 1797 3681 1875 διδασκα-

414 1908 557 1970 losa,
590 1916 641 1959 et
669 1904 1003 1959 sermonibus
1030 1898 1138 1955 odii
1165 1898 1622 1957 circumdederunt
1652 1917 1754 1965 me,
1770 1908 1823 1956 et
1853 1917 1922 1957 ex!

2180 1905 2565 1968 διαϐάλλοντες.
2616 1907 2831 1969 Ἀλλως
2863 1908 2980 1979 γὰρ
3012 1908 3117 1961 τὸν
3156 1911 3261 1962 ἐπὶ
3289 1912 3528 1965 πάντων
3560 1913 3681 1964 Θεὸν

413 2001 779 2064 pugnaverunt
805 2009 887 2047 me
911 1992 1094 2062 gratis.
1126 1992 1228 2046 Pro
1250 2008 1313 2047 eo
1337 2001 1393 2045 ut
1415 2009 1497 2047 me
1518 1994 1816 2062 diligerent,
1848 1992 1921 2045 de-

2186 1989 2249 2041 ἂν
2307 1991 2453 2061 εὖροι
2505 1993 2801 2061 μισοῦντας
2845 2012 3036 2058 τινας·
3089 1998 3227 2051 οὐδέ
3270 2000 3392 2071 γὰρ
3442 2003 3598 2054 αὐτοὶ
3635 2004 3679 2055 oi

412 2085 693 2139 trahebant
736 2083 885 2137 mihi.
946 2084 1008 2135 Et
1056 2093 1347 2153 posuerunt
1379 2084 1657 2137 adversum
1692 2098 1774 2136 me
1806 2084 1920 2135 mal:

2170 2099 2184 2132 t
2218 2083 2309 2135 xui.
2340 2083 2635 2146 δυσσεϐεῖς·
2687 2084 2805 2136 ἀλλ’
2853 2086 2987 2139 οὐδὲ
3018 2088 3076 2139 οί
3112 2092 3370 2160 πονηροὶ
3411 2092 3676 2162 δαίμονες,

411 2190 509 2244 pro
535 2174 710 2237 bonis,
753 2181 805 2227 et
833 2173 1011 2227 odium
1039 2190 1135 2243 pro
1166 2175 1447 2229 dilectione
1478 2176 1665 2240 mea';
1703 2192 1720 2223 ι
1756 2173 1919 2228 ᾶεὶηὼ

2181 2169 2247 2220 τὰ
2276 2170 2558 2239 ἀκάθαρτα
2588 2171 2881 2241 πνεύματα
2910 2173 3075 2226 τοῦτ’
3109 2175 3186 2229 ἂν
3222 2178 3471 2231 εἴποιεν.
3503 2179 3604 2232 Τὸν
3625 2179 3675 2231 δὲ

410 2262 503 2331 qui
533 2270 654 2332 post
682 2262 802 2317 illos
831 2263 989 2317 etiam
1024 2278 1167 2316 nunc
1200 2264 1253 2317 in
1295 2264 1468 2333 ipsum
1508 2264 1812 2334 lilasphema
1855 2264 1918 2317 di

2169 2259 2267 2309 nov
2294 2258 2383 2310 τοῦ
2425 2258 2558 2311 Θεοῦ
2597 2259 3077 2331 ὁμολογουμένως
3107 2265 3436 2335 ἐμίσησαν·
3486 2268 3677 2336 πρῶτοι

413 2360 499 2405 cta
545 2352 840 2422 proferunt.
898 2352 1155 2407 Caeterum
1202 2367 1386 2406 omnes
1438 2353 1638 2406 inimici
1688 2353 1836 2421 ejus,
1889 2370 1918 2407 ρ

2188 2349 2399 2411 ἐκεῖνοι,
2425 2350 2553 2419 περὶ
2581 2342 2656 2401 ὧν
2681 2351 2847 2412 αὐτὸς
2876 2350 2974 2403 διὰ
3006 2354 3123 2423 τῆς
3155 2357 3529 2427 προφητείας
3553 2357 3673 2427 ἐφα-

409 2441 501 2510 qui
561 2442 788 2495 oderunt
845 2455 964 2495 eum
1024 2442 1267 2509 dissipati
1325 2450 1449 2495 sunt
1513 2450 1566 2495 et
1624 2442 1917 2511 fugerunt:

2171 2455 2183 2467 ·
2236 2457 2253 2488 ι
2303 2437 2593 2508 Ἐλάλησαν
2627 2440 2748 2492 κατ’
2784 2440 2925 2510 ἐμοῦ
2959 2442 3216 2517 γλώσσῃ
3257 2446 3444 2518 δολία,
3480 2448 3572 2500 xui
3608 2447 3676 2498 λό-

412 2532 551 2587 facie
595 2533 810 2587 virtutis
839 2534 976 2601 ejus,
1022 2532 1431 2600 defeceruntque
1479 2531 1615 2586 sicut
1646 2532 1822 2587 delicit
1853 2533 1920 2586 fui

2175 2528 2359 2597 μίσους
2374 2527 2687 2582 ἐκύκλωσάν
2708 2547 2797 2599 με,
2817 2530 2919 2582 xui
2938 2532 3123 2585 ἐπολέ
3133 2536 3339 2605 μησάν
3360 2554 3432 2607 με
3457 2537 3670 2607 δωρεάν.

411 2636 567 2686 mus,
600 2630 654 2676 et
694 2623 833 2677 sicut
868 2621 982 2676 ﬂuit
1011 2636 1131 2675 cera
1177 2636 1205 2673 a
1254 2620 1389 2675 facie
1421 2622 1579 2691 ignis.
1632 2621 1799 2675 Nemo
1840 2624 1919 2693 igi-

2162 2618 2190 2668 :i
2214 2616 2305 2669 τοῦ
2340 2619 2555 2688 ἀγαπᾷν
2575 2637 2640 2688 με
2669 2620 3027 2694 ἐνδιὲϐαλλόν
3071 2642 3171 2694 με.
3209 2628 3338 2680 Καὶ
3351 2628 3539 2682 ἔθεντο
3566 2632 3670 2681 κατ’

410 2722 501 2767 tur
523 2729 588 2767 ex
619 2714 920 2769 odientibus
949 2730 1069 2768 eum
1103 2714 1318 2782 impune
1346 2730 1582 2783 unquam
1613 2724 1678 2769 e'x
1706 2716 1805 2768 hac
1827 2717 1918 2769 vit:

2162 2707 2322 2759 ικακά
2349 2708 2467 2759 ἀντὶ
2480 2708 2719 2776 ἀγαθῶν,
2741 2688 2841 2763 καί
2856 2716 3027 2781 μῖσος
3043 2688 3181 2768 ἀντὶ
3211 2719 3325 2788 τῆς
3350 2718 3670 2790 ἀγαπήσεὼς

410 2802 675 2873 migravit.
703 2803 804 2858 Sed
835 2805 993 2858 etiam
1028 2804 1291 2873 principes
1326 2805 1682 2869 sacerdotum,
1715 2804 1912 2860 Scriba:

2186 2817 2202 2847 ι
2250 2797 2434 2850 ἔπειτα
2481 2799 2573 2851 xui
2613 2801 2662 2851 οί
2698 2802 2815 2870 μετ’
2848 2804 3122 2869 ἐκείνους
3169 2810 3363 2863 εἰσέτι
3395 2812 3492 2864 νῦν
3526 2811 3668 2863 αὑτὸν

410 2893 666 2948 Pharisaai
698 2903 751 2949 et
780 2895 1079 2958 Sadduczei,
1111 2895 1201 2964 qui
1224 2896 1449 2949 insidias
1486 2896 1611 2949 olim
1646 2896 1747 2964 ipsi
1779 2912 1918 2965 para-

2160 2885 2488 2956 τφημοῦντες.
2536 2887 2681 2958 Πλὴν
2734 2891 2946 2954 πάντες
2995 2896 3051 2946 οἱ
3095 2896 3310 2968 ἐχθροὶ
3362 2899 3550 2961 αὐτοῦ,
3590 2900 3668 2951 καὶ

410 2989 557 3047 runt,
591 2983 662 3035 ita
691 2981 1020 3046 defecerunt,
1046 2991 1103 3034 ut
1136 2997 1310 3051 neque
1358 2983 1614 3035 memoria
1648 2997 1833 3037 eorum
1866 2986 1918 3039 ac

2156 2978 2398 3041 ηισοῦντες
2428 2978 2588 3032 αὑτὸν
2617 2979 3151 3054 διεσκορπίσθησαν
3196 2990 3308 3042 καὶ
3345 2990 3664 3059 πεφεύγασιν

410 3074 509 3130 hoc
530 3087 698 3142 usque
723 3080 952 3139 tempus,
987 3087 1160 3141 neque
1188 3086 1382 3126 nomen
1404 3072 1545 3140 apud
1577 3070 1788 3127 Judaeos
1815 3088 1918 3129 ser-

2171 3068 2457 3139 προσώπου
2504 3069 2604 3138 τῆς
2647 3069 2941 3140 δυνάμεως
2999 3076 3212 3131 αὐτοῦ.
3296 3081 3575 3146 Ἐξὲλιπόν
3614 3096 3664 3132 τε

408 3168 579 3216 vetor.
618 3162 768 3216 Tunc
795 3170 905 3215 tota
933 3176 1118 3216 eorum
1164 3162 1310 3216 natio
1352 3163 1408 3216 in
1440 3177 1625 3218 omnes
1655 3171 1837 3232 gentes
1863 3164 1915 3217 di

2152 3158 2376 3212 ἐκλείπει
2406 3160 2611 3222 καπνὸς
2641 3162 2733 3213 xui
2755 3161 2834 3223 ὡς
2873 3165 3128 3233 τήκεται
3163 3172 3360 3241 κηρὸς
3383 3172 3493 3226 ἀπὸ
3514 3187 3660 3241 προσ·

411 3268 593 3322 spersa
628 3252 995 3322 dissipataque
1032 3260 1133 3308 est.
1166 3252 1576 3322 Insequentibus
1632 3270 1758 3309 vero
1801 3262 1919 3309 tem-

2156 3268 2181 3302 υ
2228 3250 2417 3321 πυρός.
2477 3251 2686 3303 Αὐτίκα
2730 3253 2865 3320 γοῦν
2932 3256 3134 3321 οὐδεὶς
3172 3260 3421 3316 πώποτε
3448 3263 3553 3316 τῶν
3582 3279 3664 3332 με·

408 3344 628 3412 poribus
651 3352 911 3413 quotquot
942 3344 1239 3398 Ecclesiam
1280 3344 1402 3413 ejus
1438 3351 1832 3414 oppugnarunt,
1865 3345 1916 3399 sil

2154 3343 2336 3411 ικότων
2362 3344 2521 3397 αὐτὸν
2548 3344 2903 3417 ἀτιμώρητος
2938 3349 3216 3421 διεξῆλθε
3255 3357 3362 3410 τὸν
3390 3358 3523 3428 βίον·
3546 3357 3662 3411 ἀλλὰ

408 3432 606 3486 militer
626 3441 678 3486 et
710 3433 810 3502 ipsi
841 3432 1149 3488 defecerunt
1171 3432 1507 3487 sicutdelicit
1528 3434 1725 3496 fumus,
1752 3442 1804 3487 et
1836 3434 1915 3487 sic

2156 3431 2204 3481 οἱ
2241 3431 2403 3484 πάλαι
2458 3434 2558 3503 τὴν
2591 3436 2896 3507 ἐπιϐουλὴν
2951 3440 3123 3511 αὐτῷ
3158 3460 3230 3495 τυ
3243 3448 3551 3514 ρεύσαντες
3577 3447 3661 3518 ἀρ-

409 3530 468 3573 ιιι
499 3520 613 3574 ﬂuit
642 3537 765 3575 cera
805 3538 834 3574 a
887 3521 1023 3576 facie
1055 3524 1212 3591 ignis.
1248 3522 1454 3577 Inimici
1493 3539 1622 3593 ergo
1651 3522 1851 3578 Christi
1882 3540 1917 3579 e‘

2155 3523 2232 3582 εἰς
2255 3522 2348 3574 xui
2379 3529 2746 3594 γραμματεῖς,
2782 3529 3099 3599 Φαρισαῖοι
3162 3536 3282 3588 xui
3334 3539 3662 3591 Σαδδουκαῖοι

408 3609 501 3677 qui
535 3608 763 3661 oderunt
786 3624 907 3662 eum
933 3610 1058 3663 talia
1085 3610 1230 3678 passi
1278 3618 1436 3676 sunt;
1491 3611 1823 3679 maximeque
1851 3611 1916 3664 in-

2152 3629 2200 3673 υς
2224 3612 2482 3677 ἐξέλιπον,
2526 3614 2609 3677 ὡς
2647 3617 2784 3687 μηδὲ
2824 3621 3069 3691 μνήμην
3107 3625 3320 3680 αὐτῶν
3378 3629 3543 3681 εἰσέτι
3582 3626 3660 3679 νῦν

408 3698 646 3751 visibiles
676 3705 729 3749 et
754 3698 948 3749 occulti
985 3698 1207 3760 inimici,
1254 3699 1472 3768 maligni
1501 3715 1691 3769 nempe
1737 3700 1916 3755 daemo-

2151 3699 2337 3771 ’ὄνομα
2360 3702 2509 3773 παρά
2540 3705 2821 3769 Ἰουδαίοις
2852 3708 3173 3772 σώζεσθαι.
3212 3717 3370 3772 Τότε
3403 3723 3512 3773 πᾶν
3532 3719 3659 3780 ἔθνος

410 3800 506 3839 nes
529 3793 580 3839 et
606 3786 826 3854 spiritus
852 3787 1221 3857 nequam,qui
1252 3787 1377 3841 olim
1419 3789 1708 3841 multorum
1756 3790 1918 3843 numi-

2148 3790 2206 3843 ὒν
2272 3791 2664 3864 διασκεδασμὸν
2722 3799 2819 3850 xui
2875 3800 3367 3880 διασκορπισμὸν
3424 3811 3656 3880 ὑπέμεινε

409 3890 538 3928 num
569 3875 770 3929 erroris
792 3884 1041 3930 auctores
1073 3884 1226 3929 erant
1258 3895 1271 3929 :
1303 3876 1394 3944 qui
1427 3886 1547 3946 post
1581 3880 1917 3934 resurrectio

2148 3881 2307 3934 πάντα
2328 3881 2395 3933 τὰ
2414 3881 2563 3954 ἔθνη·
2592 3886 2688 3937 xui
2720 3889 2779 3940 ἐν
2813 3894 2936 3954 τοῖς
2959 3875 3115 3963 μετά
3146 3875 3345 3954 ταῦτα
3375 3902 3434 3954 δὲ
3468 3875 3656 3972 χρόνοις

411 3979 530 4017 nem
564 3980 629 4019 ex
674 3966 900 4018 mortuis
930 3966 1170 4034 penitus'
1195 3966 1439 4035 dissipati
1488 3975 1634 4021 sunt.
1668 3968 1919 4038 lidemqm

2144 3989 2229 4064 τες
2257 3974 2368 4064 ὅσοι
2400 3973 2495 4044 τὴν
2544 3977 2883 4049 Ἐκκλησίαν
2938 3987 3126 4040 αὐτοῦ
3182 3966 3652 4064 πεπολεμηκασιν.

409 4054 510 4122 ipsi
533 4054 890 4123 liquescentes
917 4057 1058 4110 sicut
1085 4070 1208 4109 cera
1226 4071 1253 4108 a
1276 4056 1409 4110 facie
1438 4056 1600 4124 ignis,
1632 4058 1917 4113 clamabant

2145 4062 2227 4124 Ξως
2248 4062 2487 4127 ἐξέλιπον
2521 4066 2617 4119 xui
2653 4070 2813 4122 αὐτοὶ
2860 4073 2944 4136 ὡς
2989 4076 3270 4136 ἐκλείπει
3328 4054 3533 4146 καπνὸς
3576 4080 3653 4136 καὶ

407 4146 645 4200 dicentes
684 4165 697 4199 :
755 4165 773 4195 ‹
806 4145 953 4209 Sine,
981 4148 1109 4216 quid
1145 4148 1300 4202 nobis
1332 4154 1385 4202 et
1412 4148 1529 4211 tibi,
1554 4147 1652 4200 Fili
1686 4148 1814 4203 Dei?
1842 4166 1915 4204 ve-

2142 4155 2357 4245 τήκεται
2410 4156 2579 4225 κηρὸς
2613 4158 2724 4211 ἀπὸ
2754 4162 3074 4232 προσώπου
3112 4175 3330 4243 πυρός.
3360 4177 3426 4228 Οἱ
3460 4176 3552 4245 μὲν
3576 4168 3650 4224 οὖν

406 4234 535 4287 nisti
559 4243 680 4288 ante
706 4242 916 4305 tempus
944 4212 1193 4306 torquere
1223 4251 1322 4291 nos
1339 4239 1379 4293 ⁸.
1412 4255 1431 4288 ι
1465 4235 1596 4289 Nam
1620 4237 1832 4292 deitatis
1856 4240 1909 4308 ip

2183 4212 2193 4221 ,
2469 4212 2498 4225 ..
2561 4212 2575 4218 -
2801 4212 2812 4232 .
2846 4212 3070 4220 -——--vv
3120 4212 3330 4243 --νισυν
3361 4212 3426 4228 υ-
3460 4212 3550 4245 ιιι-ν
3577 4212 3649 4224 "'

2141 4243 2211 4312 poi
2238 4242 2328 4295 τοῦ
2350 4244 2587 4314 Χριστοῦ
2639 4250 2737 4301 xui.
2793 4254 2843 4304 oi
2904 4258 3223 4325 μισοῦντες
3251 4266 3424 4318 αὑτὸν
3451 4262 3649 4318 τοιαῦτα

407 4324 521 4379 sius
560 4326 855 4380 invisibiles
885 4336 940 4381 et
972 4328 1168 4382 occulti
1199 4326 1356 4391 radii,
1394 4335 1660 4381 tormenta
1691 4328 1906 4384 dolores

2141 4330 2348 4395 όνθασι,
2378 4334 2472 4385 xui
2497 4332 2579 4385 ἔτι
2619 4336 2823 4405 μᾶλλον
2847 4324 3178 4415 οίνάόρατοι
3203 4324 3313 4406 καὶ
3341 4356 3561 4422 ἀφανεῖς
3582 4353 3649 4419 ὲχ-

404 4430 508 4482 que
561 4414 687 4468 talia
752 4416 1054 4470 dicentibus
1114 4388 1448 4471 invexerunt.
1510 4416 1705 4471 Dexter
1775 4434 1912 4487 porri

2138 4425 2413 4516 ιζπονηροι
2436 4424 2692 4516 δαίμονες
2715 4432 2809 4483 xui
2840 4388 3121 4510 μοχθηρά
3156 4388 3491 4516 πνέύμυαῗτὶά,
3507 4388 3570 4496 δί’
3586 4388 3646 4495 ἐν

406 4504 699 4557 amicorum
728 4503 819 4559 Dei
842 4506 975 4559 ordo
1003 4508 1198 4576 quibus
1228 4508 1281 4561 in
1306 4505 1608 4561 Servatoris
1640 4509 1809 4562 nostri
1844 4524 1914 4562 rei

2138 4512 2231 4580 τῆς
2258 4485 2765 4591 πολυθέουῡπλάνης
2792 4485 3107 4596 ἐνηργεῖτο
3132 4485 3646 4591 πάλάῖῄεἷέξ

407 4596 741 4649 surrectione
772 4595 1039 4650 frueretur
1077 4598 1251 4660 bonis,
1301 4597 1554 4666 deinceps
1600 4596 1752 4651 docet
1779 4613 1915 4666 pro

2153 4602 2579 4676 διασκορπισμὸς
2612 4611 2754 4679 μετὰ
2804 4595 2911 4684 τὴν
2966 4621 3039 4674 ἐκ
3092 4629 3325 4684 νεκρῶν
3376 4631 3645 4684 ἀνάστασιν

407 4683 585 4751 phetia
605 4699 723 4750 qua:
751 4684 827 4736 ait
860 4703 873 4737 :
911 4703 929 4735 ι
964 4684 1028 4737 Ει
1045 4686 1175 4753 justi
1209 4686 1453 4739 laetentur
1483 4648 1535 4739 ξι
1573 4648 1840 4740 exsultenrt
1877 4687 1915 4739 ir

2158 4648 2577 4676 --.η-ηι-γ--νι-η,
2612 4648 2754 4679 ruscu-
2816 4648 2910 4684 ηιν
2966 4648 3039 4674 ιιι
3092 4648 3325 4700 νεκρων
3376 4648 3643 4685 αναστασιν

2136 4708 2289 4744 ονεν·
2360 4695 2408 4746 οἱ
2463 4696 2508 4748 δ’
2565 4701 2751 4766 αὐτοὶ,
2812 4709 3134 4780 τηκόμενοι
3208 4720 3294 4780 ὡς
3346 4720 3511 4780 κηρὸς
3554 4715 3643 4769 ἀπὸ

408 4720 585 4751 νην...
606 4720 723 4750 ,μω
751 4720 827 4736 ε...
861 4726 873 4737 .
912 4720 929 4735 .
964 4720 1028 4737 υ.
1045 4720 1175 4753 ,μου
1210 4720 1444 4739 ..μυκω-
1483 4720 1535 4739 ι.
1573 4720 1840 4740 unum...
1877 4720 1911 4739 ..

405 4782 694 4842 conspectu
740 4774 852 4839 Dei,
881 4775 1210 4830 delectentur
1237 4778 1290 4830 in
1320 4776 1522 4829 laetitia.
1568 4795 1585 4827 ›
1619 4775 1757 4841 Quid
1800 4776 1913 4829 illut

2136 4720 2288 4744 υνεν-
2360 4720 2408 4746 υι
2463 4720 2493 4748 ο
2565 4720 2751 4766 αυτοι,
2812 4720 3134 4780 τηκόμενοι
3208 4720 3294 4783 ὡς
3346 4720 3511 4790 κηρὸς
3554 4720 3641 4769 ἀπὸ

2133 4781 2325 4836 ισώπου
2390 4787 2582 4857 πυρὸς,
2627 4792 2802 4846 ἐϐόων
2860 4796 3161 4867 λέγοντεςο
3199 4828 3220 4860 ι
3262 4812 3388 4864 Ἔα·
3426 4810 3478 4863 τί
3528 4808 3641 4867 ἡμῖν

406 4811 694 4842 “mum...
740 4811 852 4839 μω,
881 4811 1199 4830 “meum...”
1320 4811 1522 4829 ww"...
1568 4811 1585 4827 .
1621 4811 1757 4841 κων.
1800 4811 1913 4829 ......

405 4863 496 4925 sit,
522 4878 628 4921 non
658 4864 979 4934 simpliciter
1008 4867 1176 4920 laetari
1203 4874 1255 4920 et
1282 4868 1575 4930 exsultare,
1603 4867 1697 4921 sed
1721 4867 1775 4919 in
1801 4880 1913 4921 con-

2133 4811 2325 4836 ιυω-ιιυυ
2390 4811 2582 4857 πυρος,
2627 4811 2802 4846 εοοων
2861 4811 3161 4869 λεγοντεςο
3199 4828 3220 4860 ι
3262 4812 3388 4864 Ἔα·
3426 4811 3478 4863 τί
3528 4811 3641 4878 ἡμῖν

2160 4872 2265 4971 σοι,
2330 4874 2641 4971 reseas;
2699 4880 2915 4952 Ἧλθες
2998 4896 3118 4967 πρὸ
3179 4902 3383 4971 καιροῦ
3444 4897 3641 4971 βασανί-

406 4919 591 5020 spectu
642 4954 735 5009 Dei
765 4919 842 5009 σοι
888 4958 1027 5025 apud
1057 4919 1239 5012 Deum
1277 4919 1622 5026 his‘perfrui,
1645 4919 1914 5027 divinaqut

2166 4919 2264 4935 νη.
2338 4919 2427 4929 ---
2475 4919 2641 4947 νυνυ,
2731 4919 2913 4952 unus
2998 4919 3118 4967 προ
3179 4919 3383 4972 καιρου
3444 4919 3638 4971 ρασανμ

2153 4964 2351 5032 ἡμᾶς.»
2388 4969 2455 5020 Αἱ
2487 4970 2600 5042 γὰρ
2626 4974 2726 5045 τῆς
2774 4975 3049 5051 θεότητος
3099 4989 3279 5046 αὐτοῦ
3311 4992 3529 5051 ἀόρατοι
3562 4985 3638 5038 καὶ

405 5044 671 5112 voluptate
708 5046 972 5114 gaudere,
1016 5063 1123 5101 non
1152 5052 1343 5117 {potest
1396 5064 1491 5118 pro
1536 5048 1725 5101 merito
1772 5009 1913 5102 enar-

2160 5009 2348 5032 “ww...
2388 5009 2455 5020 --υ
2500 5009 2600 5042 ιυιγ
2637 5009 2723 5045 μιν
2775 5009 3049 5051 νευ⁷ιητος
3099 5009 3279 5046 αυτου
3311 5009 3529 5062 αορατοι
3562 5009 3636 5038 και

2128 5055 2256 5115 ινεῖς
2286 5055 2523 5125 ἀκτῖνες,
2559 5061 2828 5131 βασάνους
2855 5074 2958 5125 xui
2986 5075 3311 5149 ἀλγηδόνας
3352 5083 3465 5143 τοῖς
3486 5078 3636 5133 ταῦτα

404 5140 534 5241 :3“:
600 5226 611 5241 '
761 5231 773 5241 .
858 5230 870 5241 ι
980 5231 991 5241 .
1060 5231 1092 5241 ﬂ
1302 5235 1313 5241 -
1403 5233 1465 5241 ﬂ
1536 5235 1548 5241 Α
1678 5234 1704 5241 μ
1804 5232 1828 5241 -
1878 5234 1915 5241 _
1997 5140 2556 5241 -1éyouctarupaixov.
2621 5155 2697 5208 Τὸ
2728 5156 2787 5211 δέ
2820 5176 2890 5227 γε
2941 5140 3142 5231 δεξιὸν.
3181 5140 3304 5225 τῶν
3345 5140 3510 5241 φίλιον
3554 5164 3633 5219 τοῦ

405 5224 733 5337 Θεοῦτάγμα
752 5230 948 5337 όνποίων
969 5231 1257 5337 ἀπέλαυεν.
1291 5233 1504 5337 ἁγαθᾼών
1532 5235 1588 5284 ἐν
1647 5234 1708 5300 τῇ
1734 5232 2127 5337 ,τοῦδὶΣιρτῗιρος
2186 5240 2343 5337 ἠμών
2393 5245 2716 5316 ἀναστάσει,
2780 5224 2914 5327 rei;
2946 5224 3206 5320 διδάσκει
3250 5270 3285 5337 ὴ
3350 5224 3631 5337 προφητεία

633 5282 672 5297 -ι
1184 5282 1221 5285 ⁷⁷
1295 5282 1494 5301 ⁷⁷ο-⁷⁷”⁷
1538 5282 1577 5284 ’-
1660 5282 1708 5300 ⁷η
1734 5326 1745 5337 .
1784 5282 1821 5283 ⁷⁷
1882 5282 1955 5284 ⁷⁷⁷⁷
1978 5282 2123 5304 ⁷⁷11⁷⁷1
2192 5282 2339 5308 ἠ’-ν*-
2394 5282 2530 5299 m"Mn!
2546 5282 2716 5316 θυιυςι,
2780 5282 2914 5327 δςης
2946 5282 3206 5320 οιοασκει
3250 5282 3285 5337 η

406 5314 645 5381 λέγουσαι
686 5340 704 5369 ι
752 5323 855 5373 Καὶ
890 5324 937 5373 οἱ
971 5324 1160 5378 δίκαιοι
1208 5327 1676 5397 εὑφρανθήτωσαν,
1723 5324 2160 5391 αγαλλιάσθωσαν
2220 5333 2453 5393 ἐνώπιον
2514 5344 2612 5397 τοῦ
2658 5348 2817 5415 Θεοῦ,
2869 5360 3288 5432 τερφθήτωσαν
3336 5362 3395 5413 ὲν
3450 5358 3626 5427 εὐφροα

410 5408 533 5432 με...
570 5428 583 5432 -
625 5411 790 5432 'L-’_
859 5414 905 5432 θ’
950 5417 963 5432 ς
1124 5419 1138 5432 ι
1245 5421 1256 5432 ι
1341 5422 1353 5432 .
1406 5420 1471 5432 ι..
1595 5420 1608 5432 ο
1739 5417 1750 5432 ι
1848 5416 1872 5432 Λ
2042 5422 2054 5432 .
2138 5425 2150 5432 .
2236 5426 2281 5432 --

408 5408 587 5509 ξύν’-ῃ.»
619 5411 828 5509 ἷοποῐον
855 5414 910 5509 δέ
948 5417 1059 5468 ἐστι
1090 5419 1151 5470 τὸ
1202 5421 1273 5490 μὴ
1331 5420 1511 5483 ἁπλῶς
1559 5416 1935 5487 εὐφραίνεσθαι
1971 5422 2064 5473 xui
2127 5425 2411 5501 ἀγαλλιᾷν,
2447 5435 2565 5490 ἀλλ’
2600 5408 2837 5499 ἐνώπιον
2896 5408 3009 5505 “rei;
3337 5408 3615 5509 ⁷Σπαράυτιῖ

487 5465 537 5513 ..⁵⁸
618 5502 630 5518 ,
768 5508 779 5521 ,
1102 5465 1147 5470 ⁷⁷
1202 5465 1273 5490 τ’·
1333 5465 1508 5483 """"‘
1560 5465 1933 5487 ⁷⁷π⁷”’⁷⁷·⁷’⁷
1974 5465 2064 5473 ⁷⁷⁷⁷⁷
2127 5465 2411 5501 ἠ’-’ωιτη
2447 5465 2547 5490 ww
2600 5465 2837 5499 wwmov
2896 5465 2998 5505 του
3040 5465 3184 5509 uago
3220 5465 3316 5510 χαι
3375 5465 3521 5523 παρα
3559 5465 3624 5515 τῳ

407 5501 523 5569 Θεῳ
547 5518 737 5557 τουτων
758 5508 1056 5573 απολαυειν,
1094 5514 1246 5583 ἡδονῇ
1270 5532 1325 5566 τε
1352 5515 1468 5584 θείᾳ
1500 5514 1780 5585 ἐντρυφᾷν,
1823 5512 1919 5564 οὐκ
1956 5513 2096 5569 ἐστιν
2120 5520 2360 5589 ἐπαξίως
2382 5528 2527 5603 λόγῳ
2559 5534 2955 5609 διηγήσασθαι,

490 5672 659 5729 'Psal.
680 5688 738 5741 ιι,
769 5678 819 5739 i,
849 5682 900 5735 ἓν..
974 5687 991 5715 τ
1020 5684 1155 5741 Psal.
1185 5693 1460 5757 cvm,3-5.
1535 5697 1555 5727 '
1581 5693 1762 5747 Matth.
1789 5708 1906 5759 \‘lll,
1933 5693 2023 5753 29.
