3818 6334
162 394 291 454 685

1298 354 1784 455 communia
1821 396 1888 450 lN
1924 398 2252 457 PSALMOS.

3265 411 3367 464 686

254 527 276 559 σ
317 508 518 579 ’ᾼσατε
554 507 633 578 τῷ
690 510 831 581 Θεῷ,
857 510 1055 580 ψάλατε
1080 512 1152 582 τῷ
1184 514 1397 583 ὀνόματι
1431 513 1610 566 αὑτοῦ·
1638 514 1744 566 ὁδο-

1918 511 2078 567 Veas.
2105 514 2157 576 5,
2196 512 2250 568 6.
2295 530 2314 564 ‹
2355 512 2576 569 Cantate
2620 513 2748 582 Deo,
2783 516 3047 585 psalmum
3080 517 3243 574 dicite
3278 535 3374 572 uo-

179 601 453 669 ποιήσατε
486 599 565 668 τῷ
586 601 936 672 ὲπιϐεὸηκότι
959 604 1047 655 ἐπὶ
1083 603 1344 673 δυσμῶν.»
1378 606 1476 657 Τὸν
1505 606 1599 674 μὲν
1626 604 1748 674 περὶ

175 690 287 742 τῶν
320 690 539 761 ἐχθρῶν
573 693 667 743 καὶ
726 694 1020 761 μισούντων
1052 696 1138 747 τὸν
1169 695 1298 746 Θεὸν
1333 695 1485 762 λόγον
1511 694 1594 746 διὰ
1624 694 1748 764 βρα-

169 782 319 847 χέων
358 781 663 849 ἐπετέμετο
680 784 713 852 ἡ
732 784 1045 853 προφητεία·
1072 784 1159 836 τὸν
1182 784 1235 835 δὲ
1264 784 1509 853 περὶτῶν
1533 784 1747 836 δικαίων

170 870 434 933 ἑξαπλοῖ,
466 871 877 941 ἐνδιατρίϐουσα
901 876 964 943 τῇ
997 874 1121 943 περὶ
1170 874 1344 926 αὐτῶν
1379 876 1580 945 μνήμῃ.
1638 874 1746 925 Καὶ

166 959 233 1029 δὴ
272 961 339 1012 τὸ
396 959 629 1028 Πνεῦμα
661 961 721 1013 τὸ
745 962 894 1029 ἆγιον
923 962 1342 1032 παρακελεύεται
1387 964 1494 1023 τοῖς
1526 960 1747 1021 δικαίοις

167 1050 325 1119 ᾄδειν
360 1052 463 1103 καὶ
494 1051 719 1119 ψάλλειν
750 1051 825 1121 τῷ
856 1052 992 1121 Θεῷ,
1047 1054 1120 1114 ὡς
1164 1053 1226 1105 ἂν
1259 1053 1343 1105 διὰ
1372 1052 1568 1104 τούτων
1626 1050 1747 1119 μὲλ-

164 1140 365 1192 λουσιν
389 1141 694 1194 ἀπολαύειν
719 1142 818 1210 τῆς
849 1142 995 1204 θείας
1024 1143 1349 1211 εὐφροσύνης
1378 1144 1467 1193 καὶ
1492 1142 1586 1210 τῆς
1617 1158 1746 1211 προ-

165 1230 478 1300 λεχθείσης
512 1232 797 1301 τερπωλῆς
823 1234 913 1284 καὶ
965 1232 1342 1299 ἀγαλλιάσεως.
1374 1233 1479 1283 Καὶ
1524 1232 1745 1301 ἐπείπερ

165 1322 282 1372 τῶν
309 1321 417 1373 δύο
455 1320 688 1384 τούτων,
745 1322 883 1388 λέγω
930 1322 985 1373 δὲ
1016 1321 1106 1374 τοῦ
1140 1322 1280 1393 ᾄδειν
1308 1322 1399 1374 καὶ
1427 1320 1660 1390 ψάλλειν,
1687 1322 1745 1373 τὸ

170 1407 276 1477 μὲν
312 1410 583 1478 κρεῖττον
614 1403 682 1476 ἦν
710 1407 770 1458 τὸ
823 1407 984 1476 ᾅδειν,
1030 1408 1088 1458 τὸ
1124 1409 1179 1459 δὲ
1216 1408 1541 1478 ὑποδεΰηκὸς
1573 1410 1631 1460 τὸ
1680 1409 1743 1459 δι’

166 1498 423 1568 ὀργάνου
460 1496 883 1566 ἀνακρούεσθαι,
932 1497 1146 1558 εἰκότως
1173 1498 1232 1549 τὸ
1265 1498 1361 1566 μὲν
1394 1502 1630 1568 κρεῖττον
1659 1500 1745 1551 ἀν·
1784 1488 1790 1493 ⁷

170 1588 343 1657 ἐθηκε
371 1587 459 1655 τῷ
488 1586 631 1655 Θεῷ,
664 1587 724 1637 τὸ
741 1587 795 1637 δὲ
824 1588 909 1640 διὰ
933 1586 1024 1639 τοῦ
1043 1588 1267 1657 ὀργάνου
1285 1588 1519 1658 ἐνεργεῖν
1545 1588 1618 1658 τῷ
1634 1589 1745 1641 ὀνό-

173 1697 307 1747 ματι
348 1678 552 1733 αὑτοῦ.
605 1699 625 1729 ‹
653 1679 851 1749 ’ᾼσατε
878 1698 894 1729 ι
955 1679 1080 1751 γὰρ,
1116 1680 1263 1748 φησὶ,
1330 1699 1347 1730 ι
1382 1680 1457 1749 τῷ
1486 1680 1619 1750 Θεῷ,
1652 1681 1744 1733 καὶ

167 1769 389 1838 ψάλατε
430 1768 513 1836 τῷ
557 1768 779 1837 ὀνόματι
829 1769 1042 1821 αὐτοῦ.»
1081 1769 1225 1839 ’ᾼδει
1272 1770 1327 1822 δὲ
1366 1770 1440 1839 τῷ
1491 1770 1605 1839 Θεῷ
1630 1771 1741 1824 ὁδι’

172 1860 346 1928 ὑγιῶν
382 1860 685 1927 δογμάτων
713 1859 809 1928 τὴν
841 1859 1011 1929 ψυχὴν
1052 1862 1465 1931 πεπαιδευμένος
1521 1862 1613 1913 καὶ
1654 1862 1748 1924 τὰς
1778 1840 1820 1893 Β

169 1951 513 2022 πρεπούσας
538 1950 688 2018 αὐτῷ
714 1949 986 2015 θεολογίας
1005 1953 1067 2002 ἐκ
1096 1951 1324 2014 διανοίας
1347 1950 1749 2020 κεκαθαρμένης

166 2040 555 2107 ἀναπέμπων·
598 2036 787 2104 ψάλλει
819 2038 874 2089 δέ
906 2036 980 2107 τῷ
1016 2039 1231 2107 ὀνόματι
1265 2039 1446 2101 αὑτοῦ,
1480 2041 1507 2090 6
1537 2038 1620 2090 διὰ
1644 2040 1748 2091 τῷν

162 2129 262 2181 τοῦ
317 2130 587 2197 σώματος
622 2130 884 2197 κινήσεων
911 2129 1002 2180 καὶ
1029 2128 1114 2180 διὰ
1149 2129 1246 2196 τῆς
1265 2128 1370 2179 τῶν
1390 2129 1748 2198 αἰσθητηρίων

167 2217 473 2286 ἐνεργείας
493 2214 723 2267 τοιαῦτα
749 2216 1015 2286 πράττων,
1045 2216 1118 2277 ὡς
1144 2215 1447 2281 δοξάζεσθαι
1492 2216 1559 2267 δι’
1588 2216 1747 2268 αὐτοῦ

166 2306 326 2375 παρά
346 2308 473 2367 τοῖς
494 2305 667 2376 ὁρῶσι
694 2305 751 2357 τὸ
772 2306 936 2374 ὄνομα
960 2305 1049 2358 τοῦ
1075 2305 1225 2358 Θεοῦ.
1285 2305 1465 2359 Ταῦτα
1516 2308 1612 2376 μὲν
1659 2303 1748 2359 οῦν

168 2396 368 2465 πρῶτα
411 2394 854 2464 παρακελεύεται
897 2394 974 2463 τῷ
1017 2395 1121 2447 τῶν
1167 2395 1384 2447 δικαίων
1413 2396 1554 2466 χορῷ
1582 2398 1749 2466 πράτ-

166 2501 280 2537 τειν
302 2487 333 2537 6
366 2485 561 2552 λόγος·
605 2484 733 2553 ἑξῆς
762 2485 817 2536 δὲ
836 2485 1059 2554 πρᾶγμά
1088 2502 1138 2536 τι
1162 2488 1329 2537 ποιεῖν
1347 2486 1547 2556 ἑτέροις
1570 2489 1749 2556 χρήσι-

170 2594 269 2643 μον
301 2576 675 2647 προστάττει.
706 2576 820 2627 Ἵνα
874 2577 978 2645 γὰρ
1031 2576 1188 2645 ἐπιϐῇ
1216 2578 1243 2627 6
1270 2576 1397 2638 Θεὸς
1418 2576 1492 2644 τῷ
1518 2577 1621 2628 τῶν
1656 2577 1747 2628 ἀν-

166 2662 413 2732 θρώπων
454 2662 585 2730 βίῳ,
622 2663 715 2713 καὶ
734 2662 879 2723 ὅπως
911 2663 1325 2733 ἑμπεριπατήσῃ
1365 2665 1474 2723 τοῖς
1510 2663 1599 2714 ἐπὶ
1625 2664 1743 2732 γῆς,

163 2754 264 2824 τὴν
291 2754 419 2807 ὁδὸν
455 2752 616 2821 αὐτῷ
647 2752 794 2804 λείαν
837 2754 928 2805 καὶ
970 2752 1171 2823 ὁμαλὴν
1216 2752 1610 2823 ἀπεργάζεσθαι
1636 2754 1747 2805 δια-

163 2846 465 2897 κελεύεται
492 2845 739 2911 φάσκων·
777 2862 793 2893 ι
816 2844 1244 2913 ⁹Οδοποιήσατε·›
1278 2843 1310 2913 ἢ
1338 2844 1475 2896 κατὰ
1500 2844 1589 2897 τὸν
1606 2844 1747 2912 Σύμ-

165 2953 368 3005 μαχον,
448 2954 467 2984 ι
507 2932 961 3004 Καταστρώσατε·
990 2953 1007 2984 ι
1058 2934 1196 2986 κατά
1245 2935 1300 2987 δέ
1353 2934 1441 2987 τὸν
1502 2934 1743 2995 Ἀκύλαν,

169 3045 187 3075 ι
225 3025 802 3087 Ἀποσκολοπίσατε,›
837 3024 1075 3076 τουτέστι
1126 3026 1230 3077 πᾶν
1259 3025 1462 3077 σκολιὸν
1502 3025 1743 3093 ἀφέλετε,

162 3117 259 3169 καὶ
290 3119 409 3169 πᾶν
444 3117 628 3186 τραχὺ
664 3114 1097 3187 καταστρώσατε,
1125 3115 1198 3176 ὡς
1214 3114 1277 3166 ἂν
1303 3115 1505 3182 γένοιτο
1525 3115 1639 3167 λεία
1653 3115 1744 3167 καὶ
1770 3146 1812 3201 C

158 3209 346 3277 ὁμαλὴ
379 3207 489 3258 τοῦ
524 3205 662 3257 Θεοῦ
692 3208 724 3274 ἠ
776 3206 853 3267 είς
894 3204 1206 3275 ἀνθρώπους
1260 3206 1469 3275 πορεία.
1500 3206 1664 3258 Τοῦτο
1689 3206 1745 3258 δέ

158 3299 257 3349 καὶ
296 3297 553 3357 Ἡσαΐας
603 3295 788 3364 ἐδήλου
829 3295 1017 3361 λέγων·
1071 3313 1092 3345 ί
1125 3294 1469 3363 Ἑτοιμάσατε
1516 3294 1612 3364 τὴν
1636 3295 1748 3346 ὁδὸν

157 3389 405 3458 Κυρίου,
448 3385 675 3448 εὐθείας
726 3389 922 3438 ποιεῖτε
976 3386 1070 3447 τάς
1102 3385 1315 3455 τρίϐους
1361 3384 1542 3439 αὑτοῦ.
1596 3387 1748 3438 Πᾶσα

1853 600 1983 654 mini
2026 602 2162 670 ejus,
2193 602 2293 655 iter
2320 600 2477 657 facite
2504 605 2574 665 ei,
2607 605 2697 672 qui
2740 606 2985 659 ascendit
3031 622 3190 676 super
3220 622 3376 660 occa-

1852 706 1989 743 sum.
2030 710 2048 741 ι
2081 691 2390 745 Sermonem
2416 692 2481 745 de
2506 692 2735 746 inimicis
2757 702 2810 747 et
2836 696 3085 749 osoribus
3115 696 3206 749 Dei
3247 695 3380 750 Ver-

1851 780 1903 833 bi
1953 782 2270 849 compendio
2299 781 2525 834 absolvit
2546 782 2858 849 prophetia;
2892 783 2962 835 de
2987 783 3151 850 justis
3197 792 3377 837 autem

1851 872 2021 924 fusius
2045 872 2172 940 agit,
2202 886 2492 940 eorumque
2517 873 3017 926 commemorationi
3048 874 3269 927 insistit.
3312 874 3378 927 Et

1850 975 1977 1013 sane
2001 959 2234 1028 Spiritus
2256 969 2478 1015 sanctus
2498 962 2650 1029 jubet
2676 963 2853 1029 justus
2879 971 3095 1016 cantare
3129 972 3182 1017 et
3227 965 3374 1031 psal-

1850 1047 1957 1100 lere
1990 1047 2127 1112 Deo;
2150 1057 2334 1117 utpote
2360 1050 2451 1117 qui
2470 1050 2553 1102 his
2574 1060 2847 1112 vacantes,
2876 1051 3108 1103 divinam
3136 1051 3375 1104 laetitiam

1849 1146 2303 1207 memoratamque
2325 1140 2731 1193 delectationem
2761 1150 2813 1194 et
2848 1143 3256 1196 exsultationem
3280 1157 3376 1196 na-

1849 1228 1987 1279 cturi
2016 1228 2141 1279 sint.
2179 1227 2313 1292 Quia
2346 1245 2470 1284 vero
2505 1246 2571 1283 ex
2615 1231 2700 1284 his
2746 1231 2977 1293 duobus,
3026 1233 3279 1286 nimirum
3309 1249 3376 1288 ex

1849 1325 2009 1369 cantu
2042 1325 2094 1370 et
2140 1334 2206 1372 ex
2256 1321 2572 1388 psalmodia,
2628 1322 2984 1389 praestabilior
3016 1334 3203 1379 cantus
3237 1333 3373 1387 erat,

1850 1413 2008 1474 atque
2036 1405 2260 1459 inferior
2292 1407 2394 1476 ipsi
2416 1416 2531 1461 erat
2562 1408 2906 1463 instrumenti
2955 1412 3217 1478 pulsatio;
3254 1413 3378 1481 jure

1847 1498 1987 1565 quod
2023 1500 2368 1566 praestantius
2425 1510 2539 1554 erat
2595 1500 2701 1556 Deo
2756 1500 2979 1565 addixit,
3036 1503 3376 1558 instrumenti

1848 1601 1974 1638 vero
2004 1588 2265 1641 actionem
2300 1590 2505 1643 nomini
2533 1591 2670 1659 ejus.
2704 1591 2841 1646 Nam
2876 1593 3069 1662 inquit,
3104 1611 3122 1643 ι
3165 1603 3378 1649 cantate

1848 1672 1976 1736 Deo,
2006 1683 2058 1729 et
2086 1678 2348 1745 psalmum
2377 1678 2540 1733 dicite
2578 1681 2781 1734 nomini
2814 1682 2950 1750 ejus.
3006 1702 3024 1734 ι
3068 1682 3175 1736 Deo
3199 1693 3379 1743 autem

1847 1774 2044 1827 cantat,
2075 1766 2230 1831 cujus
2261 1769 2438 1821 anima
2468 1785 2598 1823 sana
2629 1770 2873 1824 doctrina
2902 1773 3148 1826 instituta
3188 1782 3291 1836 est,
3324 1781 3379 1828 et

1848 1856 2194 1921 congruentia
2234 1856 2521 1928 divinaque
2570 1860 2733 1913 verba
2779 1877 2843 1914 ex
2884 1877 3016 1930 pura
3047 1865 3377 1917 conscientia

1848 1945 1949 2011 ipsi
1973 1946 2320 2011 transmittit;
2358 1948 2537 2015 psallit
2566 1964 2692 2001 vero
2719 1951 2923 2003 nomini
2946 1952 3083 2019 ejus,
3132 1954 3222 2022 qui
3252 1969 3377 2007 cor-

1848 2033 2023 2099 poreis
2054 2034 2287 2088 motibus
2326 2044 2377 2089 et
2426 2037 2665 2090 sensibili
2728 2041 2938 2093 actione
2979 2042 3102 2094 talia
3136 2044 3375 2110 exhibet,

1846 2138 1963 2191 qua:
1993 2132 2321 2191 spectatores
2342 2125 2407 2177 ad
2434 2141 2625 2181 nomen
2657 2127 2750 2182 Dei
2790 2131 2959 2198 gloria
2995 2132 3377 2185 celebrandum

1847 2213 2119 2266 inducant.
2143 2213 2268 2267 llaec
2295 2214 2457 2283 igitur
2481 2217 2896 2285 primojuhetur
2934 2219 3203 2287 justorum
3243 2222 3376 2274 cho-

1846 2318 1939 2355 rus
1964 2318 2252 2373 peragere;
2283 2305 2478 2359 deinde
2498 2322 2624 2360 vero
2645 2307 2813 2360 cidem
2836 2310 3139 2378 praecipitur
3163 2318 3220 2363 ut
3242 2325 3377 2379 opus

1845 2390 1963 2445 aliis
1988 2392 2116 2445 utile
2148 2393 2408 2460 perﬁciat.
2444 2393 2576 2448 Nam
2608 2403 2664 2447 ut
2708 2396 2848 2450 Deus
2880 2398 2946 2450 ad
2972 2398 3248 2452 hominum
3287 2416 3379 2470 ge-

1844 2495 1947 2534 nus
1971 2482 2209 2541 accedat.
2239 2491 2291 2537 ct
2312 2498 2432 2537 cum
2470 2485 2753 2554 terrigenis
2787 2488 3139 2555 perambulet,
3183 2492 3376 2557 praeci-

1845 2571 1921 2640 pit
1952 2580 2009 2625 ut
2037 2573 2178 2626 viam
2214 2572 2421 2627 facilem
2447 2583 2605 2643 atque
2637 2578 2848 2645 planam
2882 2578 2982 2646 ipsi
3011 2580 3273 2642 muniant,
3297 2580 3378 2634 di-

1843 2676 1970 2715 cens
2003 2679 2018 2717 :
2055 2678 2075 2709 α
2116 2663 2221 2717 lter
2244 2663 2432 2727 facite;
2466 2682 2485 2715 ι
2521 2666 2632 2719 sive
2661 2666 2955 2720 secundum
2977 2667 3374 2738 Symmachum,

1849 2769 1867 2799 ‹
1899 2750 2163 2818 Sternite;
2192 2772 2209 2803 ι
2245 2753 2539 2807 secundum
2568 2754 2815 2824 Aquilam
2843 2772 2986 2820 vero,
3017 2774 3035 2806 ι
3069 2757 3114 2809 Α
3143 2760 3378 2813 surculis

1842 2844 2118 2906 mundate,
2149 2863 2167 2894 ι
2204 2844 2256 2897 id
2279 2850 2382 2909 est,
2413 2859 2568 2898 omne
2594 2852 2895 2899 tortuosum
2921 2844 3213 2909 auferte,et
3236 2846 3379 2915 quod

1844 2948 2090 3001 asperum
2121 2940 2224 2995 est,
2260 2934 2502 2997 sternite,
2533 2940 2591 2986 ut
2622 2934 2723 2986 iter
2757 2932 2850 2988 Dei
2880 2934 2946 2988 ad
2975 2935 3219 2990 homines
3265 2938 3380 3006 pla-

1842 3038 1970 3075 num
1999 3022 2260 3091 facileque
2309 3024 2519 3077 evadat.
2560 3022 2797 3091 Idipsum
2833 3024 2911 3078 sic
2941 3024 3105 3080 Isaias
3138 3026 3379 3080 declara-

1844 3113 1955 3164 vit’
1987 3131 1999 3165 :
2036 3131 2054 3163 ‹
2094 3112 2285 3166 Parate
2313 3113 2455 3166 viam
2481 3112 2714 3177 Domini,
2747 3121 2925 3167 rectas
2950 3113 3108 3169 facite
3158 3117 3378 3170 semitas

1844 3202 1977 3269 ejus.
2016 3200 2202 3257 Omnis
2227 3204 2380 3257 vallis
2421 3203 2746 3271 implebitur,
2789 3210 2843 3256 et
2886 3203 3061 3256 omnis
3116 3220 3269 3259 mons
3326 3215 3381 3259 et

1844 3293 1995 3346 collis
2042 3293 2430 3347 humiliahitur.
2471 3292 2534 3346 Et
2569 3302 2725 3346 erunt
2755 3300 2998 3348 tortuosa
3039 3294 3093 3345 in
3121 3294 3261 3348 viam
3292 3312 3378 3349 re-

1844 3392 2008 3443 ctam,
2037 3389 2089 3436 et
2116 3398 2303 3451 aspera
2328 3384 2384 3436 in
2407 3384 2521 3437 vias
2566 3384 2774 3451 planas.
2840 3383 2903 3436 Et
2952 3386 3154 3440 videbit
3200 3386 3376 3440 omnis

158 3479 393 3550 φάραγξ
457 3476 901 3546 πληρωθήσεται,
946 3478 1039 3528 καὶ
1098 3478 1201 3528 πᾶν
1244 3476 1365 3545 ὅρος
1425 3478 1515 3528 καὶ
1568 3476 1744 3545 βουνὸς

1844 3488 1969 3526 caro
1995 3474 2230 3527 salutare
2256 3473 2368 3527 Dei.
2404 3495 2422 3525 ›
2461 3473 2557 3527 llic
2575 3490 2702 3527 vero
2730 3490 2835 3527 non
2863 3476 3011 3544 prius
3059 3480 3163 3531 iter
3201 3476 3377 3531 facere

154 3569 685 3637 ταπεινωθήσεται.
743 3568 850 3619 Καὶ
889 3567 1037 3619 ἔσται
1069 3566 1137 3618 τὰ
1180 3565 1363 3618 σκολιά
1404 3568 1481 3627 είς
1518 3567 1744 3631 εὐθεῖαν,

158 3664 256 3713 καὶ
292 3663 327 3730 ἡ
386 3662 635 3731 τραχεῖα
698 3660 775 3720 είς
828 3658 976 3719 ὁδοὺς
1029 3658 1191 3718 λείας,
1236 3656 1326 3708 atati.
1371 3656 1554 3724 ὄψεται
1603 3660 1746 3709 πᾶσα

158 3753 302 3823 σὰρξ
335 3753 405 3803 τὸ
448 3751 722 3820 σωτήριον
751 3748 841 3800 τοῦ
870 3748 1052 3800 Θεοῦ.)
1097 3747 1350 3798 Ἐνταῦθα
1370 3747 1425 3798 δὲ
1468 3748 1525 3799 ού
1556 3748 1745 3817 πρότε-

160 3856 255 3909 ρον
290 3839 582 3891 ὁδοποιεῖν
634 3835 839 3887 κελεύει
902 3835 934 3905 ἢ
991 3835 1199 3905 πρῶτον
1247 3836 1439 3897 αὐτοὺς
1484 3836 1745 3905 μαθόντας

154 3932 314 3990 ὅπως
352 3928 474 3997 χρὴ
506 3926 651 3996 ᾄδειν
689 3925 762 3994 τῷ
809 3925 924 3994 Θεῷ
955 3926 1046 3977 καὶ
1100 3927 1245 3986 ὅπως
1278 3924 1493 3993 ψάλλειν
1532 3925 1606 3994 τῷ
1631 3927 1744 3977 ὀνό-

160 4038 297 4089 ματι
321 4017 528 4071 αὑτοῦ.
558 4015 740 4068 Ταῦτα
768 4015 875 4086 γάρ
904 4016 1270 4086 προμαθόντας
1310 4018 1400 4069 καὶ
1432 4017 1607 4087 ἔργοις
1631 4020 1745 4069 ἑπι-

155 4111 535 4169 τελέσαντας,
589 4106 711 4174 ἑξῆς
755 4105 996 4173 βούλεται
1042 4106 1314 4167 ὁδοποιεῖν,
1368 4107 1604 4159 τουτέστι
1650 4107 1746 4169 τὰς

155 4201 324 4268 παρὰ
359 4199 483 4251 τῶν
517 4196 815 4265 ἀνθρώπων
833 4196 1006 4264 ψυχὰς
1036 4198 1481 4265 παρασκευάζειν,
1507 4198 1745 4269 καθαράς

153 4307 214 4342 τε
253 4290 360 4341 καὶ
398 4288 663 4355 ἑτοίμους
692 4286 861 4346 αύτάς
906 4285 1297 4354 ἀπεργάζεσθαι
1326 4288 1403 4348 είς
1442 4287 1538 4355 τὴν
1566 4288 1745 4356 ἐπιδη-

159 4379 297 4449 μίαν
334 4377 443 4429 τοῦ
470 4373 905 4445 προδηλωθὲντος
930 4372 1081 4437 Θεοῦ.
1109 4374 1197 4425 Διό
1217 4392 1392 4443 φησιν·
1423 4393 1440 4425 ι
1478 4375 1744 4444 Ὀδοποιή..

1839 3561 2011 3629 jubet,
2067 3578 2228 3631 quam
2278 3560 2595 3617 edidicerint
2652 3563 2744 3632 qui
2799 3566 3097 3618 canendum
3132 3575 3376 3636 oporteat

1844 3650 1951 3703 Deo
2009 3658 2061 3704 et
2113 3652 2449 3720 psallendum
2496 3652 2701 3705 nomini
2756 3651 2895 3719 ejus.
2952 3653 3046 3708 His
3079 3656 3374 3715 institutos,

1843 3749 2126 3810 postquam
2157 3743 2208 3796 id
2239 3743 2411 3811 reipsa
2445 3743 2810 3812 praestiterint,
2848 3743 2949 3797 iter
2981 3744 3173 3800 deinde
3203 3746 3378 3801 facere

1843 3833 2101 3900 praecipit,
2141 3832 2195 3885 id
2228 3842 2329 3893 est,
2361 3834 2623 3885 humanas
2658 3834 2862 3887 animas
2912 3850 3234 3903 praeparare,
3277 3854 3376 3907 pu-

1842 3937 2035 3991 rasque
2064 3922 2182 3975 illas
2216 3930 2267 3975 et
2297 3921 2361 3973 ad
2387 3922 2555 3990 ipsius
2587 3919 2675 3973 Dei
2704 3923 2987 3975 adventum
3024 3932 3235 3990 paratas
3266 3926 3374 3979 ciii-

1842 4027 1981 4065 cere.
2013 4011 2366 4076 Quamobrem
2398 4011 2475 4064 ait
2510 4031 2522 4064 :
2561 4028 2579 4061 ‹
2620 4011 2723 4065 lter
2747 4012 2903 4065 facite
2932 4012 2981 4064 ei
3003 4013 3094 4079 qui
3131 4014 3370 4067 ascendit

1844 4116 2005 4168 super
2030 4116 2302 4163 occasum,
2338 4099 2597 4154 Dominus
2620 4115 2813 4154 nomen
2850 4100 2945 4152 illi.
2994 4117 3012 4148 ι
3064 4099 3159 4153 llic
3212 4116 3374 4169 porro

1844 4186 2123 4240 Dominum
2158 4203 2293 4242 nova
2339 4203 2469 4241 voce
2517 4187 2810 4241 secundum
2842 4185 3158 4240 Hebraicam
3188 4189 3375 4242 lectio-

1840 4292 1959 4331 nem
1989 4279 2253 4345 expressit
2316 4294 2332 4333 :
2392 4279 2567 4346 ipsum
2598 4278 2812 4344 quippe,
2870 4278 2941 4340 ia,
2989 4280 3367 4346 nuncupavit:

1841 4382 2005 4433 quare
2036 4365 2410 4437 Symmachus,
2448 4385 2466 4416 ε
2507 4366 2605 4421 Per
2636 4367 2689 4418 ia
2716 4366 3029 4420 vocabulum
3059 4367 3198 4435 ejus,
3241 4388 3260 4420 ι
3290 4370 3372 4421 in-

159 4483 299 4519 σατε
361 4464 453 4533 τῷ
493 4461 841 4531 ἐπιϐεϐηκότι
897 4459 986 4509 ἐπὶ
1040 4460 1271 4529 δυσμῶν,
1336 4460 1531 4530 Κύριος
1575 4462 1741 4530 ὄνομα

1844 4463 2166 4524 terpretatus
2193 4463 2276 4509 est
2311 4475 2323 4507 :
2360 4457 2543 4525 quinta
2572 4468 2699 4507 vero
2730 4454 2914 4517 editio,
2952 4472 2973 4505 ι
3000 4453 3057 4508 ln
3091 4457 3143 4509 ia
3176 4472 3369 4511 nomen

157 4557 382 4625 αὐτῷ.»
426 4554 683 4622 Κέκληκε
736 4551 792 4603 δὲ
830 4550 919 4601 τὸν
971 4549 1165 4621 Κύριον
1212 4550 1433 4603 ἐνταῦθα
1461 4552 1741 4622 καινοτέρα

160 4650 319 4716 φωνῇ
392 4644 546 4697 κατὰ
614 4644 713 4713 τὴν
766 4642 1053 4712 Ἐδραῖκὴν
1109 4641 1267 4704 λέξιν·
1318 4643 1377 4694 ἴα
1426 4642 1532 4712 γὰρ
1586 4644 1741 4695 αὑτὸν

156 4738 493 4806 ὠνόμασεν·
524 4735 646 4786 ὅθεν
668 4736 696 4786 6
725 4732 1031 4800 Σύμμαχος,
1087 4751 1104 4781 ι
1133 4733 1227 4785 Διά
1256 4731 1347 4784 τοῦ
1383 4733 1441 4784 ἴα
1486 4735 1517 4801 ἡ
1552 4734 1742 4801 ὀνομα-

162 4827 256 4878 σία
288 4824 529 4885 αὺτοῦ,›
564 4823 925 4892 ἡρμήνευσεν·
957 4821 1062 4889 ἡδὲ
1095 4822 1313 4891 πέμπτη
1344 4822 1567 4883 ἕκδοσις,
1599 4839 1616 4871 ι
1656 4822 1741 4873 Ἐν

158 4917 237 4984 τῷ
266 4919 334 4967 ἴα
365 4915 436 4966 τὸ
492 4914 665 4981 ὄνομα.
724 4910 938 4963 αὐτοῦ.)
973 4911 1212 4980 ᾘνίξατο
1251 4912 1305 4963 δέ
1346 4911 1405 4962 τὸ
1454 4911 1618 4979 ὄνομα
1647 4910 1739 4962 τοῦ

158 5006 437 5074 Σωτῆρος
481 4999 656 5069 Ἰησοῦ
696 4999 784 5050 διὰ
812 4999 909 5066 τῆς
941 5000 1156 5070 πρώτης
1188 5001 1467 5070 συλλαϐῆς.
1493 5002 1598 5052 Καὶ
1624 5001 1743 5052 τοῦ-

158 5110 253 5145 τον
283 5090 650 5160 τὸν·1(ύριον,
686 5081 751 5139 οὗ
779 5088 839 5138 τὸ
864 5088 1028 5156 ὄνομά
1048 5105 1203 5157 φησιν
1231 5086 1365 5142 εἶναι
1396 5090 1481 5141 διὰ
1516 5089 1608 5141 τοῦ
1661 5091 1739 5151 ἴα,

159 5179 197 5247 ἦ
247 5181 308 5231 ἐν
356 5178 449 5246 τῷ
506 5177 589 5236 Ia,
642 5173 1025 5243 ἐπιϐεϐηκέναι
1079 5178 1168 5229 ἐπὶ
1218 5177 1430 5246 δυσμῶν
1487 5177 1737 5231 διδάσκει·

166 5270 434 5336 σημαίνει
472 5265 527 5316 δὲ
578 5263 689 5331 τὴν
722 5264 804 5323 είς
829 5263 1133 5334 ἀνθρώπους
1183 5267 1342 5319 αὑτοῦ
1398 5265 1623 5334 πάροδον
1650 5272 1741 5321 καὶ

156 5358 254 5426 τῆν
276 5358 559 5423 ἕνσαρκον
590 5350 915 5416 ἐπιδημίαν.
945 5355 1015 5404 Ού
1067 5354 1172 5425 γὰρ
1203 5356 1291 5407 τὸν
1326 5358 1381 5407 ἐν
1408 5359 1580 5427 μορφῇ
1609 5358 1740 5410 Θεοῦ

160 5448 290 5498 Θεὸν
306 5446 491 5509 Λόγον
523 5438 757 5506 γυμνὸν
778 5440 1035 5503 ἐπιδείξας
1064 5444 1251 5509 φώτων
1268 5445 1419 5515 δίκην
1444 5445 1739 5515 ἐξήστραψε

156 5536 240 5589 rev
262 5536 374 5589 τῶν
404 5529 748 5600 ἀνθρώπων
784 5527 907 5594 βίον,
941 5535 1145 5603 μορφὴν
1165 5535 1220 5587 δὲ
1246 5536 1426 5590 δούλου
1450 5536 1620 5589 λαϐὼν
1648 5542 1741 5593 καὶ

215 5689 357 5739 ηδε,
394 5700 486 5744 η,
535 5674 679 5731 5-5.
774 5678 815 5709 '°
844 5679 1034 5749 Ephes.
1067 5702 1134 5749 νι,
1168 5688 1252 5743 l2.

1842 4546 1981 4612 ejus.
2022 4564 2039 4595 ι
2080 4544 2181 4599 Per
2200 4547 2426 4614 primam
2462 4552 2637 4598 autem
2663 4543 2918 4613 syllabam
2941 4560 3138 4598 nomen
3172 4545 3371 4599 Serva-

1845 4638 1972 4690 toris
1999 4635 2124 4691 Jesu
2164 4636 2540 4690 subindicavit.
2586 4635 2650 4687 Et
2682 4634 2768 4686 hic
2799 4642 2881 4686 est
2907 4633 3166 4689 Dominus
3216 4637 3373 4704 cujus

1841 4742 2034 4781 nomen
2060 4741 2153 4795 per
2186 4728 2259 4789 ia,
2307 4727 2389 4779 vel
2430 4727 2483 4779 in
2513 4726 2567 4777 ia
2596 4724 2725 4777 dicit
2755 4738 2877 4777 esse
2926 4742 2938 4776 :
2980 4733 3034 4778 et
3065 4726 3375 4781 ascendisse

1840 4831 1958 4869 eum
1990 4816 2055 4868 ad
2088 4829 2340 4869 occasum
2371 4812 2550 4874 docet,
2580 4810 2953 4881 signiﬁcatque
2972 4813 3089 4881 ejus
3124 4813 3177 4865 in
3209 4828 3372 4868 carne

1840 4905 2125 4958 transitum
2156 4904 2222 4957 ad
2257 4904 2518 4957 homines.
2555 4903 2737 4971 Neque
2779 4906 2924 4957 enim
2984 4917 3127 4965 cum,
3178 4904 3269 4973 qui
3316 4907 3374 4959 in

1841 4992 2010 5046 forma
2042 4992 2135 5046 Dei
2158 4999 2295 5054 erat,
2327 4991 2491 5045 Deum
2524 4989 2752 5045 Verbum
2781 4990 2986 5044 nudum
3016 4992 3277 5047 exhibens
3297 4994 3376 5046 lu-

1840 5083 1919 5136 cis
1953 5082 2143 5145 instar,
2170 5082 2462 5134 humanum
2499 5093 2669 5148 genus
2719 5079 3040 5142 illustravit;
3075 5080 3167 5134 sed
3198 5080 3370 5137 forma

1842 5174 1982 5225 servi
2011 5180 2250 5238 accepta,
2285 5170 2557 5235 radiisque
2584 5168 2801 5222 deitatis
2825 5183 2938 5222 suae
2968 5170 3281 5231 contractis,
3315 5180 3372 5225 et

1841 5261 2139 5329 incorpore
2160 5258 2313 5327 quasi
2337 5258 2636 5316 demersus,
2668 5270 2788 5308 cum
2821 5256 2888 5308 ad
2915 5271 3168 5311 occasum
3200 5273 3372 5327 usque

1841 5352 2079 5406 mortalis
2110 5351 2232 5403 vita!
2270 5348 2568 5402 devenisset
2595 5350 2773 5414 (quam
2809 5346 2974 5397 vitam
2993 5347 3209 5402 divinus
3226 5348 3371 5419 Apo.

1842 5452 2011 5504 stolus
2036 5449 2279 5504 tenebras
2302 5451 2473 5506 vocat,
2498 5442 2683 5495 dicens
2735 5460 2747 5493 :
2814 5459 2833 5490 ι
2876 5442 3151 5499 Adversus
3184 5448 3372 5510 mundi

1840 5552 2075 5596 rectores
2101 5540 2436 5595 tenebrarum
2467 5534 2720 5587 harum”
2753 5532 2795 5602 ›)
2821 5549 2834 5598 ;
2861 5534 2977 5588 sive
3032 5538 3196 5594 etiam
3246 5554 3371 5595 cum
