3818 6374
104 430 238 485 σεε.

1320 415 1817 474 COMMENTARIA
1856 421 1917 473 IN
1958 358 2287 476 ίιεΑιΜοδ.

3259 494 3266 511 Ι
3290 425 3391 482 cae

129 546 241 595 δτι
267 521 417 591 κτεὶς
456 529 556 600 μὲν
582 531 1003 604 προλεχθείσαις
1032 532 1256 601 δυσμαῖς
1282 529 1371 584 διά
1397 550 1546 597 τινας
1564 536 1761 587 οἰκονο-

1867 536 2058 588 docens
2077 549 2198 587 eum
2218 531 2282 585 ad
2310 532 2618 600 praedictum
2645 548 2894 587 occasum
2924 550 3018 602 per
3042 533 3391 593 oeconomiam

166 631 332 697 μὶας
358 621 488 692 πρὸς
526 619 739 691 βραχὺν
773 623 1036 677 ἐπιϐαίνει
1065 621 1266 691 χρόνον·
1296 622 1356 673 τό
1390 641 1451 691 γε
1493 627 1593 695 μὴν
1620 626 1767 694 οἰκη-

165 717 389 785 τήριον
428 709 594 763 αὑτοῦ
626 716 724 763 καὶ
763 713 1097 784 ήπρέτιουσα
1145 710 1288 780 αὐτῷ
1314 711 1556 784 διατριϐὴ
1584 714 1679 767 οὐκ
1710 715 1765 765 ὲν

170 802 435 872 δυσμαῖς
492 800 665 865 ἐστιν,
726 821 745 851 ι
776 803 888 855 ἀλλ’
915 804 971 854 ὲν
1030 802 1174 872 τόπῳ
1197 803 1353 872 ἁγίῳ·
1390 823 1407 851 ι
1455 804 1651 874 ἢκατὰ
1675 805 1763 856 τὸν

186 888 472 951 Ἀκύλαν,
508 890 604 939 (ὲν
638 889 940 959 οἰκητηρίῳ
975 890 1283 960 ἡγιασμένῳ
1318 892 1529 944 αὐτοῦ’»
1562 893 1593 961 ἢ
1630 890 1767 945 κατὰ

166 977 288 1030 τὸν
328 977 651 1047 Σύμμαχον,
713 998 731 1030 ι
766 981 823 1030 ὲν
870 980 1151 1049 βασιλείοις
1178 981 1349 1048 ἁγίοις
1368 982 1578 1035 αὐτοῦ.»
1616 983 1765 1033 Ἔστι

170 1069 305 1139 μὲν
334 1068 445 1137 γὰρ
476 1068 627 1137 αὐτῷ
665 1070 825 1133 τόπος
847 1072 1141 1141 ἐμπρέπων
1180 1072 1271 1125 καὶ
1304 1074 1549 1142 ἁρμόζων
1577 1076 1640 1145 τῇ
1670 1074 1766 1124 αὺ-

162 1158 289 1210 τοῦ
327 1158 567 1227 θεότητι’
585 1159 735 1227 ὅμως
759 1160 803 1212 δ’
821 1155 930 1224 οὖν,
950 1161 1316 1232 φιλάνθρωπος
1336 1163 1428 1224 ῶν,
1463 1162 1553 1213 τοῦ
1574 1162 1764 1213 οἰκείου

168 1248 472 1320 μεγέθους
528 1249 973 1314 ὑποκαταϐαίνει,
1029 1252 1437 1319 συγκαταϐαίνει
1472 1269 1528 1303 τε
1571 1254 1679 1314 τοῖς
1712 1253 1766 1303 ὲν

158 1337 433 1406 δυσμαῖς
459 1338 706 1391 οἰκοῦσιν
733 1340 980 1409 ὀρφανοῖς
1031 1341 1123 1393 καὶ
1174 1343 1382 1411 χήραις.
1427 1340 1513 1392 Διὸ
1544 1342 1634 1392 καὶ
1684 1340 1770 1391 ἁλ-

160 1426 362 1495 λαχοῦ
409 1428 655 1497 εἴρηται·
718 1445 737 1478 ι
784 1431 901 1482 Ὀτι
955 1430 1059 1482 ἰδοὺ
1118 1430 1313 1498 Κύριος
1362 1430 1560 1498 Κύριος
1611 1430 1769 1479 ἐκποο

166 1514 421 1584 ρεύεται
454 1516 554 1566 καὶ
580 1515 946 1584 καταϐήσεται
974 1519 1035 1567 ὲκ
1062 1516 1152 1567 τοῦ
1173 1518 1334 1568 τόπου
1365 1516 1546 1569 αὐτοῦ.
1572 1534 1589 1566 ι
1627 1516 1769 1566 Κατ-

164 1603 288 1657 ιὼν
324 1604 381 1656 δὲ
440 1604 663 1657 ἐνθένδε
720 1605 813 1656 καὶ
868 1603 1156 1656 ἐπιϐαίνων
1195 1604 1286 1655 ἐπὶ
1333 1604 1555 1675 δυσμὰς,
1608 1603 1763 1654 ὁποῖα

160 1696 599 1765 διαπράττεται
645 1694 979 1764 θεασώμεθα.
1044 1694 1411 1757 «Κατοικίζει,
1470 1696 1619 1763 φησι,
1678 1709 1769 1762 μο-

163 1790 505 1860 νοτρόπους
530 1790 589 1839 ἐν
607 1786 791 1857 οἴκῳ.)
826 1786 979 1839 Κατὰ
1012 1785 1065 1838 δὲ
1108 1786 1196 1837 τὸν
1230 1785 1534 1855 Σύμμαχον,
1567 1802 1584 1834 ι
1610 1782 1769 1834 Δίδω-

172 1897 280 1933 σιν
312 1882 493 1931 οἰκεῖν
523 1879 776 1947 μοναχοῖς
805 1876 1028 1927 οἰκίανί
1091 1874 1183 1926 καὶ
1209 1874 1345 1926 κατὰ
1380 1874 1466 1926 τὸν
1526 1871 1766 1933 Ἀκύλαν,

173 1990 196 2019 ι
223 1967 477 2030 Καθίζει
510 1968 820 2037 μονογενεῖς
848 1964 1099 2017 οῖκονδε·›
1136 1964 1271 2017 κατὰ
1299 1965 1354 2016 δὲ
1381 1964 1478 2033 τὴν
1511 1963 1761 2032 πέμπτην

166 2060 432 2121 ἔκδοσιν,
512 2078 530 2107 ι
559 2056 871 2118 Κατοικξζει
913 2054 1235 2125 μονοζώνους
1292 2058 1348 2109 ὲν
1390 2058 1539 2126 οίκῳ.
1582 2074 1600 2107 ι
1657 2056 1763 2108 Καὶ

164 2150 339 2201 τοῦτ’
375 2145 449 2218 ἦν
480 2148 545 2201 τὸ
576 2148 790 2217 πρῶτον
811 2146 971 2199 αὐτοῦ
1023 2146 1359 2216 κατόρθωμα·
1388 2147 1416 2198 ὃ
1453 2146 1516 2216 δὴ
1549 2147 1640 2198 καὶ
1667 2147 1761 2213 μέ-

170 2257 384 2307 γιστον
418 2238 533 2290 τῶν
563 2236 729 2290 αὐτοῦ
783 2236 1209 2307 κατορθωμάτων
1241 2236 1316 2307 τῷ
1342 2237 1447 2289 τῶν
1470 2234 1762 2307 ἀνθρώπων

165 2328 505 2398 δεδώρηται
548 2326 717 2393 γένει.
778 2325 850 2376 Τὸ
900 2324 1027 2392 γοῦν
1084 2324 1291 2395 πρῶτον
1327 2325 1507 2394 τάγμα
1555 2325 1659 2377 τῶν
1706 2326 1762 2377 ὲν

172 2417 424 2489 Χριστῷ
454 2416 878 2488 προκοπτόντων
927 2416 986 2467 τὸ
1046 2416 1153 2467 τῶν
1208 2417 1446 2486 μοναχῶν
1490 2415 1758 2483 τυγχάνει.

170 2508 426 2559 Σπάνιοι
460 2506 522 2557 δέ
566 2507 705 2556 εἰσιν
733 2499 893 2556 οὗτοι·
961 2504 1039 2556 διὸ
1087 2504 1225 2558 κατὰ
1278 2506 1365 2557 τὸν
1418 2504 1640 2557 Ἀκύλαν
1673 2521 1763 2573 μο-

173 2598 438 2663 νογενεῖς
505 2593 901 2661 ὠνομάσθησαν
927 2592 1335 2661 ἀφωμοιωμένοι
1380 2591 1454 2661 τῷ
1496 2595 1765 2661 μονογενεῖ

177 2685 310 2755 Υἰῷ
341 2684 441 2736 τοῦ
478 2681 642 2734 Θεοῦ.
682 2680 837 2733 Κατὰ
863 2682 918 2733 δὲ
945 2682 1067 2742 τοὺς
1106 2680 1491 2750 Ἑϐδομήκοντα
1516 2681 1762 2749 μονότρο-

180 2793 283 2828 ποι
347 2775 743 2843 τυγχάνουσιν,
794 2771 906 2824 ἀλλ’
935 2772 992 2822 ού
1040 2770 1377 2840 πολύτροποι,
1425 2770 1540 2823 οὐδὲ
1582 2771 1762 2823 ἄλλοτε

177 2866 371 2926 ἄλλως
398 2864 495 2915 τὸν
534 2860 743 2914 ἑαυτῶν
770 2859 1181 2930 μεταϐάλλοντες
1212 2859 1424 2930 τρόπον,
1475 2860 1568 2911 ἕνα
1593 2859 1647 2910 δὲ
1680 2860 1766 2928 μό-

178 2973 281 3007 νον
309 2951 741 3022 κατορθοῦντες,
774 2951 862 3003 τὸν
891 2953 968 3012 εἰς
999 2950 1160 3021 ἄκρον
1187 2952 1382 3020 ἥκοντα
1408 2953 1620 3021 ἀρετῆς.
1656 2954 1765 3005 Μο-

181 3048 469 3110 νοζώνους
498 3045 558 3096 δὲ
598 3043 845 3110 αὑτοὺςή
876 3042 1094 3110 πέμπτη
1122 3042 1325 3105 ἕκδοσις
1374 3043 1668 3112 ὠνόμασεν,
1690 3046 1763 3104 ῶς

182 3135 254 3187 ἂν
292 3135 567 3204 μονήρεις
590 3130 684 3182 καὶ
704 3128 822 3181 καθ’
836 3130 1055 3191 ἑαυτοὺς
1082 3129 1495 3205 ἀνεζωσμένους.
1527 3128 1761 3181 Τοιοῦτοι

180 3227 244 3278 δὲ
275 3192 492 3285 πάντες
528 3222 670 3273 εἰσιν
698 3221 747 3272 οἰ
780 3221 869 3273 τὸν
905 3221 1108 3289 μονήρη
1131 3196 1222 3271 καί
1265 3192 1423 3285 άγνὺν
1452 3219 1758 3289 κατορθοῦν⁸
1792 3192 1832 3249 C

180 3329 282 3375 τες
315 3313 461 3381 βίον,
489 3304 569 3362 ὧν
605 3307 811 3377 πρῶτοι
842 3306 1121 3374 γεγόνασιν
1154 3307 1200 3357 οἱ
1225 3306 1316 3357 τοῦ
1348 3307 1590 3375 Σωτῆρος
1617 3306 1767 3375 ήμῶν

186 3404 469 3473 μαθηταὶ,
499 3396 586 3463 οἷς
649 3400 849 3469 εἴρητο·
892 3418 909 3447 ι
950 3398 1038 3466 Μὴ
1073 3396 1339 3467 κτήσησθε
1394 3397 1607 3468 χρυσὸν,
1641 3397 1769 3467 μηδὲ

183 3496 442 3563 ἄργυρον
473 3491 558 3552 εἰς
600 3488 702 3550 τὰς
759 3486 929 3551 ζώνας
962 3486 1133 3556 ὑμῶν,
1201 3486 1273 3555 μὴ
1316 3488 1491 3556 πήραν
1525 3489 1601 3549 εἰς
1632 3487 1766 3551 ὁδὸν,

188 3583 331 3652 μηδὲ
367 3580 725 3649 ὑποδήματα,
751 3577 882 3647 μηδὲ
917 3577 1158 3645 ῥάϐδον.»
1206 3577 1292 3628 Ἐν
1323 3576 1429 3646 γὰρ
1476 3577 1551 3645 τῷ
1597 3576 1770 3643 λέγειν

188 3672 267 3741 μὴ
294 3672 414 3723 δεῖν
440 3666 752 3737 κτήσασθαι
774 3665 966 3735 χρυσὸν
996 3664 1125 3734 μηδὲ
1149 3664 1379 3734 ἄργυρον
1396 3666 1471 3725 εἰς
1486 3664 1581 3727 τὰς
1602 3663 1770 3727 ζώνας

185 3759 624 3829 ἀνεζωσμένους
680 3755 871 3818 αὐτοὺς
930 3755 1154 3822 εἰσάγει.
1190 3752 1344 3808 Οὖτω
1397 3754 1451 3805 δὲ
1484 3756 1576 3807 καὶ
1609 3756 1769 3808 πᾶσιν

190 3851 329 3919 ἡμῖν
389 3848 420 3899 ό
468 3844 793 3907 Ἀπόστολος
848 3842 1270 3914 παρακελεύεται
1328 3842 1515 3910 λέγων’
1566 3845 1769 3914 ιΣτῆτε

188 3937 287 3992 οὖν
313 3937 768 4010 περιζωσάμενοι
799 3936 896 4005 τὴν
920 3936 1084 4003 ὀσφὺν
1110 3934 1259 4005 ὑμῶν
1288 3936 1343 3987 ὲν
1376 3935 1644 4006 ἀληθεία.»
1666 3938 1772 3988 Καὶ

188 4032 240 4083 οἰ
282 4030 346 4083 τὸ
378 4028 589 4098 Πάσχα
618 4026 677 4078 δὲ
705 4025 969 4087 ἐσθίοντες
994 4024 1298 4077 ἐκελεύοντο
1322 4023 1417 4087 τὰς
1445 4024 1609 4092 ὀσφῦς
1632 4024 1771 4093 ἔχειν

191 4118 682 4191 περιεζωσμένας.
719 4115 885 4167 Τοῦτο
915 4115 977 4185 δὴ
1009 4111 1100 4168 οὖν
1131 4116 1343 4186 πρῶτον
1388 4115 1635 4185 κατορθοῖ
1664 4119 1772 4179 τοῖς

191 4213 251 4263 ὲν
307 4211 556 4278 δυσμαῖς
607 4204 843 4258 οἰκοῦσιν
896 4206 1232 4275 ἐπιδημήσας
1285 4208 1313 4259 ό
1375 4206 1767 4275 θεσπιζόμενος.

204 4302 340 4353 Ἀπὸ
361 4301 483 4368 γὰρ
509 4296 621 4348 τῶν
654 4294 1049 4367 προλεχθέντων
1087 4296 1330 4365 ὀρφανῶν
1352 4298 1444 4349 καὶ
1473 4298 1578 4349 τῶν
1608 4298 1771 4367 δηλωο

194 4388 396 4441 θεισῶν
443 4386 637 4456 χηρῶν
667 4384 961 4454 ζάφορίσας,
1024 4384 1293 4454 ἐξαίρετον
1340 4388 1432 4439 καὶ
1455 4385 1771 4455 τιμιώτατον

194 4479 376 4549 ἑαυτῷ
414 4478 612 4544 τάγμα
640 4476 698 4526 τὸ
733 4476 839 4526 τῶν
875 4474 1216 4544 μονοτρόπων
1250 4476 1539 4539 κατοικίζει
1576 4477 1767 4537 αὐτοὺς
1797 4512 1843 4570 D

198 4571 255 4620 ὲν
285 4570 451 4636 οἴκῳ,
486 4564 689 4633 δηλαδὴ
710 4566 768 4615 ἐν
799 4567 863 4633 τῇ
900 4564 1189 4633 Ἐκκλησία
1220 4564 1401 4628 αὑτοῦ,
1439 4567 1766 4636 παραμένειν

197 4661 292 4712 καὶ
316 4658 607 4712 κατοικεῖν
666 4657 725 4710 ὲν
781 4656 916 4723 αὐτῇ
951 4653 1214 4717 καταξιῶν
1246 4656 1458 4718 αὐτούς.
1509 4656 1661 4710 Μετὰ
1714 4657 1770 4707 δὲ

198 4749 423 4811 τούτους
461 4745 717 4815 δεύτερον
766 4744 923 4813 ἔργον
956 4743 1276 4812 κοινωφελὲς
1306 4747 1397 4798 καὶ
1437 4749 1514 4809 είς
1544 4746 1770 4807 πολλοὺς

199 4835 481 4889 διαϐαῖνον
525 4831 799 4902 κατορθοῖ,
840 4850 859 4880 ι
889 4829 1094 4896 ἐξάγων
1143 4831 1539 4901 πεπεδημένους
1573 4835 1629 4885 ὲν
1677 4834 1768 4884 ἀν-

201 4921 373 4993 δρείᾳ·
390 4942 409 4973 ι
452 4924 523 4990 τῇ
548 4918 655 4987 γὰρ
683 4916 880 4969 ἑαυτοῦ
907 4916 1126 4985 ἀνδρείᾳ
1149 4915 1329 4983 ἐξάγει
1370 4923 1493 4982 τοὺς
1516 4921 1769 4990 πρότερον

205 5014 411 5081 σειραῖς
449 5006 741 5078 ἁμαρτιῶν
770 5005 1194 5072 πεπεδημένους.
1262 5008 1403 5060 Ἀντὶ
1427 5008 1482 5060 δὲ
1507 5010 1619 5070 τοῦ,
1655 5028 1673 5060 ι
1713 5013 1770 5064 ὲν

206 5101 441 5171 ἀνδρεία,
468 5101 549 5157 εἰς
572 5096 895 5155 άπόλυσιν,ι
939 5094 1273 5161 ήρμήνευσεν
1303 5098 1330 5147 ό
1363 5096 1667 5165 Σύμμαχος,
1698 5102 1771 5152 εξ-

208 5188 331 5241 71:”,-
372 5207 393 5240 ι
439 5186 658 5250 Ἐξάγει
698 5182 1020 5250 δεδεμένους
1062 5183 1137 5242 είς
1196 5182 1502 5235 ἀπόλυσιν.»
1549 5188 1771 5255 Νοήσεις

207 5277 259 5330 δὲ
283 5281 368 5331 καὶ
392 5277 557 5330 τοῦτο
580 5276 646 5325 ὲκ
672 5272 777 5339 τῆς
807 5270 1071 5338 λεγούσης
1110 5271 1166 5322 ἐν
1221 5272 1415 5342 Ἡσαΐᾳ
1444 5278 1771 5344 προφητείας

208 5368 276 5429 εἰς
296 5367 449 5422 αὐτοῦ
482 5362 799 5433 πρόσωπον
849 5358 943 5409 τοῦ
982 5359 1201 5427 Κυρίου’
1251 5379 1269 5410 ι
1309 5361 1434 5413 Ἰδοὺ
1468 5361 1670 5415 δέδωκά
1713 5383 1772 5417 σε

209 5455 275 5516 εις
294 5458 559 5527 διαθήκην
584 5450 816 5515 γένους,
853 5447 933 5506 είς
985 5446 1097 5513 φῶς
1130 5448 1316 5513 ἐθνῶν,
1342 5450 1539 5514 ἀνοῖξαι
1570 5454 1769 5520 ὀφθαλ-

202 5544 308 5610 μοὺς
342 5539 594 5612 τυφλῶν,
629 5533 867 5597 ἐξάγειν
900 5533 964 5582 ὲκ
995 5531 1201 5602 δεσμῶν
1227 5537 1552 5608 δεδεμένους,
1589 5544 1683 5595 καὶ
1712 5544 1771 5607 ἐξ

251 5736 492 5799 "Matth.
551 5743 612 5788 χ,
655 5722 717 5785 9,
764 5720 854 5772 10.
944 5722 1201 5793 "nglires.
1230 5747 1298 5797 γι,
1333 5734 1407 5787 M.

1869 624 1934 677 ad
1972 625 2130 677 breve
2174 630 2381 690 tempus
2427 620 2755 676 ascendisse.
2811 620 3146 677 Domicilium
3201 626 3395 697 quippe

1866 714 1982 782 ejus
2012 721 2066 768 et
2092 712 2355 781 condigna
2376 711 2544 779 ipsius
2578 710 2835 766 habitatio
2859 728 2967 766 non
3003 714 3055 766 in
3081 730 3272 770 occasu
3289 726 3391 784 est;

1866 804 1954 859 sed
2000 822 2018 854 ι
2059 803 2259 857 inloco
2305 808 2523 866 sancto;
2575 819 2594 851 ι
2653 802 2765 855 sive
2797 803 3090 856 secundum
3126 804 3391 873 Aquilam,

1872 911 1889 942 (
1936 892 1990 945 in
2013 891 2323 945 habitaculo
2359 888 2691 943 sanctificata
2720 904 2850 955 suo;
2892 908 2910 940 ι
2956 900 3047 943 aut
3100 895 3392 949 secundum

1870 981 2267 1052 Symmachum,
2294 997 2311 1028 ι
2339 980 2392 1032 in
2423 979 2564 1049 regia
2593 987 2776 1032 sancta
2810 993 2926 1033 sua.
2959 999 2976 1030 ι
3012 979 3105 1034 Est
3131 983 3269 1036 enim
3290 984 3392 1052 ipsi

1866 1073 2021 1126 locus
2044 1070 2365 1133 condecens,
2404 1077 2455 1123 et
2489 1069 2672 1123 deitati
2706 1068 2823 1137 ejus
2853 1080 3274 1135 consentaneus;
3299 1073 3391 1127 scd

1864 1169 2042 1215 tamen
2076 1161 2346 1213 humanus
2375 1174 2497 1213 cum
2551 1159 2642 1223 sit,
2688 1173 2719 1211 a
2766 1159 2980 1228 propria
3028 1161 3393 1230 magnitudine

1865 1251 2161 1312 descendit,
2192 1248 2555 1318 orphanisque
2587 1258 2642 1303 et
2675 1249 2854 1303 viduis
2893 1250 2946 1302 in
2996 1265 3192 1304 occasu
3242 1251 3393 1306 habi-

1867 1339 2104 1394 tantibus
2153 1353 2270 1392 sese
2332 1346 2666 1407 attemperat.
2724 1336 2900 1402 Quare
2954 1340 3077 1393 alibi
3127 1340 3321 1395 dicitur
3376 1363 3387 1396 :

1873 1446 1890 1478 ι
1926 1426 2061 1492 Quia
2083 1441 2207 1481 ecce
2230 1426 2486 1479 Dominus
2519 1426 2773 1481 Dominus
2808 1428 3078 1496 egreditur
3100 1436 3151 1483 et
3178 1430 3394 1485 descen-

1868 1517 1955 1570 det
1992 1516 2057 1570 de
2081 1516 2200 1569 loco
2236 1530 2355 1570 suo.
2399 1536 2417 1567 ι
2448 1515 2581 1570 Cum
2606 1524 2780 1571 autem
2814 1517 2935 1571 inde
2963 1519 3320 1583 descenderit,
3341 1528 3395 1575 et

1867 1606 2170 1661 ascenderit
2228 1620 2391 1673 super
2432 1620 2706 1669 occasum,
2754 1621 2871 1675 qua:
2900 1616 3169 1675 operetur,
3208 1608 3393 1663 videa-

1870 1711 2009 1750 mus.
2051 1714 2068 1746 ι
2110 1693 2416 1749 lnhabitare
2470 1694 2618 1759 facit,
2665 1696 2859 1764 inquit,
2905 1697 3065 1751 unius
3126 1698 3291 1753 moris
3338 1698 3392 1752 in

1868 1785 2047 1838 domo.
2088 1802 2107 1834 ι
2139 1782 2447 1837 Secundum
2474 1782 2852 1853 Symmachum
2898 1794 3097 1852 autem,
3135 1806 3152 1839 (
3189 1787 3286 1841 Dat
3310 1788 3392 1842 in.

1800 1868 1837 1919 Β
1869 1872 2208 1926 habitandam
2232 1872 2509 1927 monachis
2535 1872 2781 1939 domum;
2831 1893 2849 1925 ι
2886 1877 3178 1931 secundum
3229 1879 3395 1948 Aqui-

1866 1963 1993 2027 lam,
2052 1979 2069 2011 ι
2108 1960 2303 2015 Sedere
2333 1961 2460 2014 facit
2504 1962 2807 2031 unigenitos
2841 1964 3014 2032 domi;
3053 1987 3071 2019 ι
3101 1968 3393 2023 secundum

1867 2052 2107 2121 quintam
2156 2050 2464 2113 editionem,
2517 2068 2533 2099 ι
2582 2052 2882 2107 lnhabitare
2931 2053 3059 2108 facit
3104 2072 3210 2109 una
3261 2072 3393 2112 zona

1867 2141 2187 2209 prazcinctos
2216 2138 2381 2192 domi.
2425 2158 2443 2189 ›
2477 2138 2541 2193 Et
2572 2141 2701 2194 illud
2728 2150 2843 2196 erat
2868 2144 3100 2211 primum
3129 2146 3245 2213 ejus
3269 2163 3398 2216 pra:-

1866 2232 2069 2284 clarnm
2102 2245 2259 2298 opus,
2289 2229 2432 2299 quod
2469 2231 2759 2283 maximum
2786 2232 2906 2300 ejus
2955 2232 3165 2289 facinus
3210 2242 3294 2290 est
3338 2237 3392 2289 in

1866 2321 2089 2390 gratiam
2147 2320 2365 2373 humani
2421 2321 2634 2389 generis
2674 2320 2896 2376 editum.
2950 2321 3164 2378 Primus
3216 2324 3395 2395 itaque

1866 2410 1996 2462 ordo
2023 2424 2209 2463 eorum
2229 2411 2319 2478 qui
2344 2410 2399 2462 in
2425 2408 2638 2464 Christo
2664 2409 2969 2479 proficiunt,
2998 2418 3081 2464 est
3103 2411 3395 2465 monacho-

1865 2516 2005 2554 rum.
2032 2501 2134 2555 Sed
2162 2502 2267 2554 rari
2294 2508 2418 2554 sunt
2445 2502 2560 2569 illi;
2592 2517 2757 2571 quare
2803 2502 3098 2557 secundum
3146 2505 3392 2573 Aquilam

1868 2593 2130 2661 unigeniti
2165 2593 2337 2646 vocati
2369 2600 2513 2655 sunt,
2552 2592 2756 2649 similes
2794 2593 2919 2646 facti
2960 2594 3232 2663 unigenito
3263 2592 3397 2648 Filio

1866 2684 1980 2739 Dei.
2012 2681 2315 2738 Secundum
2342 2682 2482 2735 LXX
2503 2690 2700 2747 autem,
2720 2683 2900 2748 unius,
2924 2699 3030 2737 non
3060 2684 3256 2738 diversi
3283 2699 3397 2740 mo-

1869 2775 1944 2829 ris
1972 2784 2115 2837 sunt,
2143 2790 2317 2844 neque
2344 2775 2572 2830 subinde
2599 2790 2801 2830 morem
2837 2776 3066 2839 variant,
3110 2774 3203 2829 sed
3233 2790 3395 2829 unum

1868 2866 2049 2917 colunt
2080 2864 2172 2934 qui
2200 2864 2267 2917 ad
2298 2864 2514 2918 virtutis
2544 2879 2801 2917 cacumen
2835 2864 3069 2917 advenit.
3093 2863 3240 2933 Ipsos
3272 2879 3397 2919 vero

1866 2956 2027 3009 unius
2053 2970 2201 3008 zona:
2236 2955 2424 3023 quinta
2450 2955 2616 3008 editio
2645 2956 2877 3016 vocavit,
2916 2962 3099 3023 utpote
3139 2954 3230 3023 qui
3264 2956 3397 3009 soli-

1869 3043 2011 3106 tarii,
2046 3050 2099 3098 et
2130 3058 2225 3111 per
2270 3044 2476 3110 seipsos
2527 3043 2798 3111 praecincti
2830 3044 2956 3097 sint.
3017 3042 3172 3097 Tales
3221 3051 3398 3098 autem

1869 3140 2012 3194 sunt,
2035 3138 2297 3200 quotquot
2320 3132 2669 3185 monasticam
2689 3138 3000 3199 castamque
3026 3132 3186 3183 vitam
3210 3141 3396 3201 agunt,

1865 3236 2090 3291 quorum
2144 3222 2301 3289 primi
2352 3221 2499 3275 fuere
2550 3219 2843 3273 Salvatoris
2897 3222 3067 3274 nostri
3126 3221 3394 3291 discipuli,

1866 3312 2062 3381 quibus
2089 3312 2289 3366 dictum
2319 3320 2401 3366 est
2434 3331 2447 3365 :
2488 3332 2505 3362 ‹
2548 3310 2719 3365 Nolite
2768 3310 3045 3379 possidere
3083 3326 3272 3364 aurum
3302 3327 3397 3366 ne-

1865 3418 1968 3471 que
2014 3411 2292 3470 argentum
2349 3401 2402 3454 in
2455 3401 2603 3453 zonis
2647 3402 2860 3462 vestris,
2902 3416 3074 3468 neque
3112 3415 3290 3469 peram
3342 3400 3396 3455 in

1867 3490 2030 3553 viam,
2059 3503 2232 3557 neque
2259 3488 2643 3549 calceamenta,
2675 3502 2848 3554 neque
2879 3487 3082 3557 virgam
3102 3488 3164 3540 ¹¹.
3208 3507 3226 3538 ›
3262 3485 3395 3541 Cum

1867 3578 2065 3631 dicitur
2090 3577 2253 3639 enim,
2283 3591 2387 3629 non
2420 3584 2667 3644 oportere
2695 3576 2971 3644 possidere
3010 3590 3198 3629 aurum
3227 3593 3399 3646 neque

1868 3676 2143 3736 argentum
2163 3667 2218 3719 in
2250 3669 2423 3727 zonis,
2459 3667 2606 3734 ipsos
2640 3667 2792 3719 zonis
2818 3666 3139 3734 praecinctos
3173 3667 3396 3722 indicat.

1870 3758 1958 3811 Sic
1988 3764 2163 3811 autem
2200 3757 2449 3809 omnibus
2502 3756 2658 3810 nobis
2703 3756 2993 3824 Apostolus
3039 3758 3283 3827 praecipit
3320 3760 3401 3812 di-

1868 3862 2030 3901 cens:
2071 3864 2089 3897 ι
2142 3845 2290 3899 State
2338 3846 2502 3915 igitur
2549 3847 2825 3914 prmeincti
2866 3848 3077 3902 lumbos
3104 3857 3313 3903 vestros
3346 3849 3399 3902 in

1869 3936 2093 3989 veritate
2116 3937 2180 3988 ¹².
2212 3954 2229 3984 ι
2260 3933 2497 4003 Itemque
2522 3935 2612 4003 qui
2637 3936 2833 4003 pascha
2856 3937 3228 4005 comedebant,
3264 3940 3403 3992 lum-

1870 4024 1967 4076 bos
1998 4023 2317 4093 praecinctos
2349 4022 2915 4090 haberejubebantur.
2966 4022 3021 4076 ω
3076 4025 3241 4093 igitur
3287 4027 3400 4094 pri-

1869 4126 2014 4163 mum
2030 4126 2165 4179 opus
2181 4110 2548 4164 habitantibus
2573 4110 2624 4161 in
2651 4124 2847 4163 occasu
2878 4107 3172 4162 adventans
3187 4109 3399 4162 exhibet

1870 4204 1917 4257 is
1943 4202 2035 4271 qui
2062 4203 2116 4255 in
2144 4201 2397 4255 vaticinio
2442 4200 2630 4254 fertur.
2675 4198 2806 4251 Nam
2850 4214 2916 4253 ex
2973 4200 3282 4251 memoratis
3311 4214 3399 4253 or-

1871 4294 2063 4365 phanis
2081 4300 2135 4347 et
2166 4292 2341 4346 viduis
2366 4289 2630 4344 adlectum
2660 4289 2762 4343 sibi
2790 4296 3132 4358 praestantem
3164 4288 3311 4340 illum
3347 4295 3399 4341 et

1872 4382 2315 4455 pretiosissimum
2366 4380 2525 4434 unius
2574 4380 2737 4433 moris
2782 4377 3047 4439 ordinem,
3098 4376 3400 4432 inhabitare

1872 4473 1999 4527 facit
2028 4473 2081 4525 in
2104 4471 2284 4533 domo,
2316 4470 2521 4524 scilicet
2550 4468 2603 4520 in
2660 4465 2897 4519 Ecclesia
2934 4481 3053 4526 sua,
3100 4465 3401 4535 dignosque

1867 4579 1959 4620 eos
1990 4562 2178 4616 habuit
2201 4562 2293 4630 qui
2324 4561 2378 4612 in
2401 4574 2463 4613 ea
2488 4563 2763 4610 manerent
2789 4562 2842 4608 et
2877 4553 3199 4608 habitarent.
3242 4553 3397 4608 Post-

1866 4669 2023 4724 quam
2046 4654 2192 4723 ipsos
2216 4651 2429 4720 delegit,
2464 4647 2608 4700 aliud
2654 4661 2789 4715 opus
2818 4651 3054 4713 praestat,
3097 4644 3150 4697 in
3202 4647 3400 4698 multo-

1866 4760 1983 4798 rum
2011 4744 2295 4796 utilitatem
2326 4748 2381 4795 et
2414 4738 2853 4797 emolumentum,
2912 4751 2931 4783 ι
2992 4733 3232 4788 educens
3280 4735 3399 4787 vin-

1867 4842 1984 4889 ctos
2010 4834 2065 4887 in
2103 4831 2417 4886 fortitudine
2461 4847 2474 4882 :
2536 4845 2557 4878 ι
2613 4841 2736 4881 nam
2771 4825 2971 4878 virtute
3022 4836 3123 4875 sua
3177 4838 3274 4875 eos
3310 4826 3405 4890 qui

1866 4926 2067 4995 pridem
2092 4929 2434 4992 peccatorum
2464 4918 2694 4971 vinculis
2720 4910 3249 4977 constringebantur,
3269 4912 3405 4964 edu-

1868 5017 1959 5069 cit.
1982 5014 2084 5067 Pro
2114 5015 2204 5067 illo
2243 5020 2441 5073 autem,
2480 5028 2499 5060 ι
2536 5009 2590 5061 in
2625 5003 2953 5061 fortitudine,
2993 5018 3009 5047 ι
3043 4998 3409 5066 Symmachus

1874 5123 1891 5156 ι
1921 5106 1975 5159 in
2000 5104 2362 5159 dimissionem
2403 5120 2422 5152 ι
2462 5101 2841 5168 interpretatus
2863 5098 2945 5145 est
2966 5089 3153 5141 dicens
3182 5107 3196 5140 :
3221 5107 3240 5136 ι
3267 5089 3414 5142 Edu-

1868 5198 1940 5249 cit
1967 5197 2172 5249 vinctos
2199 5194 2255 5247 in
2284 5190 2668 5247 dimissionem.
2713 5209 2730 5239 »
2764 5184 2887 5237 Haec
2931 5192 3087 5246 porro
3134 5178 3420 5245 intelligas

1867 5301 1933 5341 ex
1964 5284 2239 5355 prophetia
2265 5281 2433 5343 Isaiae,
2462 5292 2580 5346 quae
2614 5294 2679 5331 ex
2707 5274 2875 5343 ipsius
2918 5264 3126 5317 Domini
3173 5278 3428 5328 persona

1870 5375 1948 5428 sic
1970 5373 2245 5441 loquitur:
2284 5389 2303 5421 ι
2343 5367 2477 5420 Ecce
2502 5364 2623 5417 dedi
2659 5373 2711 5417 te
2749 5362 2803 5412 in
2835 5358 3227 5441 testamentum
3263 5362 3434 5414 gene-

1870 5467 1966 5529 ris,
2004 5464 2057 5517 in
2085 5465 2256 5515 lucem
2296 5459 2552 5532 gentium,
2599 5456 2665 5508 ad
2696 5442 3052 5532 aperiendum
3094 5434 3446 5532 oculosgcaz.

1870 5527 2081 5618 corum,
2116 5552 2180 5605 ad
2221 5527 2553 5607 educendum
2602 5561 2665 5599 ex
2709 5532 2960 5594 vinculis
3010 5527 3234 5591 ligatos,
3278 5530 3344 5575 et
3376 5538 3451 5575 ex
