3818 6378
394 410 493 470 Ct’i

1048 395 1308 455 EUSEBII
1344 385 1809 448 C/ES‘ABIENSIS
1849 383 1991 438 OPP.
2034 377 2210 432 PARS
2252 374 2339 429 ΠΙ.
2378 402 2448 412 -—-
2479 367 2916 425 EXEGETICA.

3542 349 3636 406 θθῖ

398 527 557 584 domo
584 530 839 583 custodiae
865 522 1110 576 sedentes
1141 519 1196 569 in
1230 513 1466 569 tenebris
1495 512 1557 562 '3.
1600 531 1615 562 3
1654 507 1758 561 Eos
1787 507 1927 559 enim

2120 517 2172 551 ου
2211 494 2456 565 φυλακῆς
2483 490 2837 560 καθημένους
2870 487 2931 538 ὲν
2961 481 3219 535 σκότει.»
3255 476 3402 537 Τοὺς
3430 472 3534 542 γὰρ
3557 473 3641 524 πά·

398 621 490 688 qui
520 619 646 672 olim
677 613 954 669 diabolicis
984 607 1214 662 vinculis
1257 600 1781 670 constringebant'ur.
1812 598 1924 649 dia-

399 708 573 762 bolico
600 704 886 758 multorum
918 697 1196 751 numinum
1251 695 1422 746 errori
1471 689 1926 753 deditos,\sol‘utis

399 796 626 849 vinculis
659 790 861 851 eduxit,
895 800 1154 840 concessa
1184 790 1529 853 peccatorum
1587 778 1926 833 remissione.

399 885 509 937 Imo
540 884 701 937 etiam
741 895 833 933 eos
866 879 958 946 qui
1017 892 1047 929 a
1106 875 1301 930 sarculo
1359 874 1414 926 in
1471 879 1642 925 morte
1697 867 1927 936 colligati

398 980 552 1027 erant
606 987 786 1025 secum
820 965 1182 1026 resuscitavil,
1217 979 1338 1017 cum
1371 962 1564 1015 acerba
1591 960 1780 1014 mortis
1814 960 1929 1011 vin-

398 1062 521 1114 cula
554 1058 822 1113 solvisset.
860 1054 971 1108 Hoc
996 1063 1171 1107 autem
1203 1052 1326 1106 fecit
1357 1070 1374 1100 ‹
1417 1052 1470 1104 in
1498 1052 1722 1112 virtute;
1763 1069 1780 1100 ι
1806 1064 1928 1100 nam

398 1155 615 1217 accepta
652 1147 886 1200 hominis
912 1145 1083 1198 forma
1107 1158 1308 1211 perque
1328 1141 1619 1201 humanum
1645 1155 1840 1208 corpus
1860 1138 1931 1189 vi-

398 1241 569 1294 riliter
594 1253 779 1307 agens,
809 1238 1021 1289 vinctos
1049 1235 1298 1303 superius
1343 1239 1664 1285 memoratos
1706 1244 1769 1281 ex
1814 1229 1931 1281 vin-

399 1329 539 1384 culis
569 1328 770 1382 eduxit.
807 1325 928 1379 Haec
953 1332 1106 1377 erant
1138 1323 1394 1392 prmelara
1425 1320 1517 1374 Dei
1549 1317 1709 1372 Verbi
1745 1319 1809 1370 ad
1837 1318 1932 1369 ho-

399 1420 572 1473 mines
599 1416 937 1470 adventantis
969 1414 1231 1472 facinora,
1262 1411 1458 1479 quibus
1490 1409 1684 1463 deinde
1708 1408 1933 1474 subjun-

401 1501 542 1570 gitur
580 1519 591 1553 :
635 1519 652 1551 ι
694 1497 956 1551 Similiter
1000 1511 1094 1551 eos
1136 1494 1228 1563 qui
1260 1499 1601 1562 exasperant,
1644 1492 1735 1559 qui
1783 1488 1934 1541 habi-

400 1592 593 1645 lantin
621 1588 903 1658 sepulcris.
948 1605 966 1637 ι
1011 1582 1164 1651 Quod
1221 1581 1572 1652 Symmachus
1621 1580 1723 1633 hoc
1780 1585 1935 1647 pacto

401 1682 599 1735 clarius
631 1690 681 1733 et
717 1678 953 1746 apertius
985 1673 1270 1745 explicavit
1301 1690 1312 1724 :
1355 1691 1372 1721 ι
1408 1670 1824 1738 lnobsequentes
1841 1682 1936 1721 au-

401 1781 509 1827 tem
540 1769 916 1824 inhabitabunt
944 1774 1108 1820 aestus
1140 1763 1473 1828 siccitatem;
1516 1780 1533 1811 ι
1560 1760 1754 1829 Aquila
1783 1774 1933 1821 vero,

2024 593 2108 643 λαι
2138 590 2355 657 δεσμοῖς
2386 582 2707 642 διαϐολικοῖς
2763 571 3302 643 κατεσφιγμένους,
3353 564 3449 618 καὶ
3473 564 3538 634 τῇ
3561 581 3649 615 πο-

2024 676 2318 748 λυθὲῳλκαὶ
2378 673 2658 741 δαιμονικῇ
2705 668 2898 736 πλάνῃ
2942 658 3443 733 προστετηκότας,
3499 652 3649 715 λύσας

2023 769 2132 820 τῶν
2162 744 2373 835 δεσμῶν
2404 762 2658 829 ἐξήγαγε,
2688 760 2820 820 δοὺς
2862 759 3075 825 ἄφεσιν
3143 747 3469 820 ἁμαρτιῶν.
3506 744 3654 798 Ἀλλὰ

2028 860 2276 919 καὶτοὺς
2316 857 2374 907 ἐν
2427 852 2504 921 τῷ
2567 850 2788 917 θανάτῳ
2826 845 3109 915 δεσμίους
3154 842 3326 902 ὄντας
3382 838 3444 901 ἐξ
3474 837 3655 898 αἰῶνος

2028 948 2412 1015 συναελέστησεν
2444 940 2640 1009 ἐαυτῷ,
2675 939 2854 1000 λύσας
2884 937 3001 988 τῶν
3037 931 3275 1002 πικρῶν
3300 928 3402 981 τοῦ
3437 928 3655 980 Θανάτου

2026 1036 2257 1105 δεσμῶν.
2290 1014 2399 1085 Καὶ
2456 1028 2616 1081 τοῦτο
2648 1024 2897 1096 ἔπραξεν
2963 1041 2984 1073 ι
3016 1024 3082 1073 ὲν
3121 1016 3425 1088 ἀνδρείας»
3484 1014 3658 1081 ἀνδρὸς

2027 1126 2131 1194 γάρ
2162 1126 2344 1193 σχῆμα
2372 1120 2571 1183 λαϐὼν,
2617 1118 2712 1171 καὶ
2763 1116 2831 1168 δι’
2876 1110 3253 1183 ἀνθρωπείου
3288 1105 3550 1177 σώματος
3581 1104 3658 1156 ἀν-

2027 1216 2366 1286 δρισάμενος,
2392 1210 2632 1280 ἐξήγαγε
2661 1206 2775 1259 τῶν
2798 1204 3030 1274 δεσμῶν
3063 1201 3206 1263 τοὺς
3245 1196 3655 1269 προλεχθέντας.

2030 1306 2192 1358 Ταῦτ’
2213 1302 2278 1373 ἦν
2308 1304 2374 1356 τὰ
2393 1299 2803 1371 κατορθώματα
2834 1296 2939 1364 τῆς
2962 1297 3055 1358 είς
3104 1290 3457 1361 ἀνθρώπους
3489 1288 3657 1358 ἐπιδη-

2034 1399 2155 1469 μίας
2185 1394 2277 1447 τοῦ
2310 1394 2443 1446 Θεοῦ
2508 1392 2706 1458 Λόγου,
2763 1384 2847 1449 οἷς
2895 1387 3035 1455 ἑξῆς
3084 1385 3346 1453 εἴρηταιο
3386 1400 3405 1430 ι
3445 1382 3657 1450 Ὁμοίως

2030 1488 2151 1548 τοὺς
2174 1481 2717 1554 παραπικραίνοντας
2732 1480 2864 1540 τοὺς
2891 1473 3327 1535 κατοικοῦντας
3352 1474 3413 1523 ὲν
3432 1472 3613 1539 τάφοις
3641 1490 3655 1519 ι

2035 1580 2205 1646 Ὅπερ
2230 1579 2258 1628 ὁ
2286 1574 2578 1643 Σύμμαχος
2619 1570 2945 1641 ἡρμήνευσε
2997 1565 3381 1634 λευκότερον,
3415 1564 3663 1631 διασαφήο

2036 1685 2130 1729 σας
2158 1666 2252 1735 τήν
2292 1666 2527 1717 διάνοιαν
2553 1663 2648 1714 καὶ
2680 1658 2874 1713 εἰπών·
2920 1677 2938 1708 ι
2971 1658 3043 1709 Οἱ
3083 1656 3149 1709 δὲ
3197 1654 3467 1716 ἀπειθεῖς
3500 1671 3663 1706 κατοι·

2036 1758 2259 1827 κήσουσι
2289 1753 2570 1812 καύσωνος
2606 1750 2945 1820 ξηρότητα·›
2983 1748 3016 1798 ὀ
3055 1744 3121 1797 δὲ
3160 1743 3436 1805 Ἀκύλας,
3485 1763 3503 1793 ι
3538 1743 3663 1812 Πλὴν

408 1878 428 1908 ‹
467 1859 843 1912 Verumtamen
876 1856 1196 1908 absistentes
1233 1825 1602 1904 inhabitarunt
1625 1825 1809 1902 laevem
1842 1863 1935 1916 pel

2120 1845 2427 1914 ιστάμενοι,
2476 1843 2671 1911 φησὶν,
2717 1840 3067 1908 ἐσκήνωσαν
3164 1834 3605 1905 λεωπετρίανδε.
3646 1853 3658 1883 ι

402 1956 564 2000 tram.
605 1965 622 1997 ι
650 1943 771 2014 Ipse
792 1945 989 2013 quippe
1021 1942 1232 1995 volebat
1259 1939 1647 1995 exacerbantes
1692 1951 1720 1988 a
1743 1936 1936 1989 vincu-

404 2038 474 2092 lis
501 2052 693 2091 eruere
725 2043 777 2089 et
808 2036 1056 2087 liberare.
1090 2032 1158 2084 At
1189 2032 1266 2084 illi
1299 2031 1355 2083 in
1384 2026 1691 2097 hujusmodi
1734 2026 1940 2079 inobse-

404 2126 627 2197 quentia
656 2130 1084 2194 perseverantes,
1126 2120 1400 2188 Deumque
1427 2133 1489 2171 ea
1520 2118 1573 2169 in
1622 2131 1678 2169 re
1726 2128 1940 2168 exacer-

404 2217 598 2270 bantes
628 2223 682 2269 et
723 2219 1128 2282 exasperantes,
1184 2210 1237 2264 in
1280 2207 1544 2278 sepulcris
1587 2206 1700 2260 suis
1733 2204 1940 2256 habita-

403 2306 560 2370 bunt,
586 2306 659 2358 ita
684 2314 742 2358 ut
768 2304 962 2358 deillis
992 2303 1205 2355 dicatur
1242 2319 1255 2354 :
1294 2319 1311 2351 ι
1351 2299 1481 2353 Sine
1511 2304 1753 2351 mortuos
1788 2310 1940 2363 sepe-

404 2394 505 2449 lire
534 2403 776 2448 mortuos
812 2407 940 2447 suos
975 2392 1053 2457 “;
1086 2410 1105 2441 ι
1143 2389 1256 2445 sive
1302 2390 1463 2442 etiam
1499 2407 1517 2437 ¢
1566 2386 1942 2439 inbabitabunt

406 2496 571 2543 estus
603 2485 899 2538 siccitatem
922 2500 936 2548 ;
957 2476 995 2531 ἰ
1023 2488 1203 2549 utpote
1230 2479 1321 2547 qui
1346 2478 1473 2531 ituri
1497 2478 1605 2531 sint
1644 2496 1662 2527 ι
1695 2477 1749 2529 in
1769 2477 1941 2545 ignem

406 2584 685 2638 aeternum,
720 2580 963 2642 paratum
988 2571 1202 2626 diabolo
1227 2578 1282 2625 et
1308 2568 1509 2638 angelis
1541 2567 1658 2636 ejus
1677 2567 1738 2618 ³³.
1768 2585 1787 2617 ι

477 2748 639 2803 Vens.
666 2748 719 2812 8,
747 2746 802 2801 9.
833 2745 1027 2809 (Deus,
1062 2760 1182 2801 cum
1210 2742 1542 2813 egredereris
1576 2740 1630 2793 in
1654 2747 1944 2809 conspectu

408 2840 589 2912 populi
606 2838 705 2902 tui,
736 2851 855 2891 cum
870 2836 1233 2906 pertransires
1256 2835 1309 2887 in
1334 2819 1565 2887 deserto.
1588 2830 1939 2899 Diapsalma.»

408 2930 505 2983 Dei
540 2926 771 2981 Verbum
803 2940 914 2979 non
936 2924 1091 2977 modo
1137 2924 1192 2975 in
1237 2915 1698 2975 consummatione
1725 2918 1947 2971 saeculo-

409 3034 531 3072 rum
557 3017 626 3071 ad
648 3016 890 3070 homines
919 3013 1221 3075 advenisse,
1269 3011 1361 3065 sed
1392 3010 1551 3063 etiam
1577 3009 1749 3077 ipsum
1785 3006 1948 3061 fuisse

409 3107 553 3177 quod
595 3119 689 3174 per
736 3103 969 3174 Moysem
1025 3101 1246 3154 oracula
1304 3098 1578 3161 fundebat,
1614 3096 1699 3149 hic
1726 3096 1949 3150 docetur

410 3200 498 3253 his
520 3196 697 3253 verbis
726 3211 740 3246 :
775 3214 793 3245 ι
833 3195 999 3255 Deus,
1033 3207 1155 3246 cum
1190 3189 1521 3260 egredereris
1577 3187 1631 3240 in
1657 3194 1947 3255 conspectu

408 3288 593 3358 populi
625 3287 723 3350 tui,
749 3300 869 3339 cum
902 3281 1262 3352 pertransires
1284 3281 1337 3332 in
1352 3280 1565 3333 deserto
1586 3317 1599 3339 ,
1626 3286 1768 3331 terra
1806 3283 1949 3329 mota

410 3387 514 3441 est,
543 3379 736 3433 etenim
791 3375 913 3429 cmli
963 3372 1382 3429 distillaverunt.
1421 3388 1439 3420 ι
1495 3367 1646 3421 Τυιιο
1673 3369 1836 3430 enim,
1870 3368 1951 3420 in-

410 3470 547 3539 quit,
580 3483 703 3521 cum
752 3465 1007 3520 educeres
1047 3463 1184 3516 filios
1236 3461 1398 3516 Israel
1450 3476 1512 3514 ex
1541 3469 1679 3514 terra
1710 3457 1949 3528 Egypti,

412 3560 556 3614 fama
588 3572 764 3612 rerum
794 3556 850 3608 in
882 3555 1112 3625 Egypto
1143 3561 1411 3622 gestarum
1446 3550 1513 3603 ad
1554 3565 1740 3604 omnes
1764 3565 1952 3619 perva—

415 3655 593 3717 gante,
645 3647 896 3698 universa
951 3653 1094 3697 terra
1144 3650 1286 3695 mota
1323 3648 1424 3694 est.
1464 3640 1567 3695 Sed
1592 3648 1720 3694 tunc
1738 3641 1951 3710 quidem

416 3746 558 3788 terra
588 3742 729 3787 mota
762 3739 875 3794 est;
909 3732 1021 3785 sive
1070 3729 1231 3792 fama,
1262 3738 1322 3781 ut
1337 3730 1541 3783 dictum
1585 3738 1687 3792 est,
1712 3730 1951 3784 omnium

413 3824 801 3893 terrigenarum
832 3836 989 3875 aures
1014 3821 1266 3887 implente
1291 3837 1306 3884 ;
1337 3820 1447 3873 sive
1474 3820 1633 3873 etiam
1662 3822 1779 3889 ipso
1799 3828 1953 3878 terra:

415 3915 676 3969 elemento
705 3914 770 3967 de
798 3914 1026 3967 adventu
1054 3911 1145 3966 Dei
1174 3912 1411 3965 lietante.
1446 3911 1599 3976 Quod
1638 3912 1761 3965 item
1797 3913 1953 3966 docet

415 4002 553 4055 alius
604 4002 844 4070 psalmus
895 4002 980 4055 his
1028 4001 1252 4054 verbis:
1291 4019 1309 4051 ι
1350 4001 1411 4054 In
1467 4000 1617 4055 exitu
1672 4003 1836 4056 Israel
1886 4003 1953 4057 de

417 4089 669 4160 Egypto,
692 4090 883 4145 domus
898 4089 1066 4145 Jacob
1087 4090 1151 4145 de
1162 4090 1357 4158 p0pulo
1373 4090 1623 4155 barbaro,
1642 4098 1849 4144 montes
1864 4107 1955 4144 ex—

413 4179 744 4232 sultaverunt
766 4187 824 4233 ut
851 4180 1066 4241 arietes,
1089 4188 1140 4233 et
1160 4180 1325 4233 colles
1347 4179 1485 4232 sicut
1500 4179 1621 4248 agni
1636 4180 1816 4234 ovium
1841 4181 1903 4232 ιθ.
1928 4198 1948 4232 ι

414 4264 579 4320 Terra
612 4267 791 4337 itaque
817 4269 1057 4338 gaudens
1098 4268 1575 4334 commovebatur;
1621 4268 1745 4322 cmli
1776 4275 1953 4323 autem

413 4355 806 4411 distillaverunt
868 4377 880 4411 :
944 4357 1075 4426 quid
1129 4357 1561 4424 distillaverunt,
1615 4358 1719 4412 nisi
1773 4359 1952 4413 cibum

411 4447 831 4517 inexspectatum
857 4448 912 4501 in
934 4448 1147 4502 deserto
1176 4446 1490 4518 degentibus
1516 4448 1813 4516 delapsum,
1841 4448 1953 4502 sive

412 4538 574 4591 etiam
640 4538 851 4592 divinos
901 4553 1175 4592 sermones
1197 4546 1249 4592 et
1297 4539 1442 4608 leges
1487 4554 1605 4607 qua;
1651 4538 1950 4592 animarum

410 4627 812 4682 rationabilium
868 4627 974 4682 cibi
1005 4629 1172 4681 sunt?
1211 4627 1352 4683 Mota
1376 4638 1457 4682 est
1502 4639 1678 4682 autem
1703 4635 1864 4694 terra,
1899 4638 1953 4682 et

413 4716 537 4769 οωιί
563 4715 960 4769 distillaverunt
989 4734 1006 4766 ι
1044 4731 1073 4768 a
1101 4715 1237 4770 facie
1270 4715 1361 4770 Dei
1393 4715 1564 4782 Sinai,
1600 4735 1618 4767 ι
1657 4716 1709 4769 id
1741 4725 1845 4781 est,
1898 4719 1952 4771 in

414 4816 593 4861 monte
617 4806 766 4859 Sinai
790 4807 1007 4859 oracula
1029 4806 1258 4862 edentis.
1312 4806 1436 4861 Haec
1485 4822 1614 4862 vero
1643 4807 1842 4861 clarius
1872 4809 1955 4861 in-

412 4902 736 4965 terpretatus
771 4894 1125 4965 Symmachus
1141 4904 1224 4950 est
1243 4896 1429 4951 dicens
1463 4913 1478 4947 :
1518 4914 1537 4946 ι
1570 4894 1735 4954 Terra
1769 4912 1952 4951 move-

413 4980 592 5045 batur,
622 4984 817 5036 coelum
843 4998 971 5037 vero
1002 4982 1279 5038 distillavit
1319 5000 1347 5037 a
1374 4985 1510 5039 facie
1542 4984 1635 5038 Dei
1672 4984 1834 5051 hujus
1871 4985 1954 5038 Si-

414 5071 523 5133 nai,
543 5081 640 5124 eta
664 5071 800 5125 facie
834 5071 947 5133 Dei,
981 5073 1070 5127 Dei
1102 5074 1284 5129 Israel.
1326 5094 1344 5126 ι
1378 5074 1514 5128 Num
1546 5074 1682 5127 forte
1708 5076 1954 5130 caelestes

415 5157 641 5212 virtutes
666 5175 762 5213 ceu
791 5162 1028 5215 nutrices
1057 5165 1298 5231 quaedam
1327 5180 1358 5218 e
1387 5179 1619 5218 mamma
1668 5164 1748 5215 lac
1778 5164 1953 5217 infan-

418 5242 833 5300 tibusdistillare
880 5247 1159 5317 facientes,
1205 5255 1282 5308 sic
1308 5262 1362 5309 et
1399 5255 1528 5323 ipsae
1557 5253 1865 5306 alimentum
1886 5270 1953 5308 ex

420 5344 481 5382 se
511 5333 577 5385 iis
597 5336 687 5401 qui
712 5341 839 5388 tunc
885 5339 1119 5395 infantes
1169 5344 1347 5397 animo
1373 5355 1546 5408 erant,
1574 5344 1955 5398 subministra-

419 5421 585 5503 runt?
628 5424 903 5486 Quarelex
955 5444 984 5481 a
1034 5430 1209 5500 Moyse
1264 5434 1457 5496 edicta,
1510 5433 1827 5503 paedagogus
1888 5435 1955 5487 ab

418 5500 673 5571 Apostolo
695 5516 878 5557 vocata
913 5509 1010 5561 fuit
1043 5510 1105 5563 ".

418 5587 511 5656 γὺς
547 5589 850 5657 ωνόμασται
880 5598 1023 5664 παρὰ
1059 5597 1132 5664 τῷ
1168 5600 1460 5672 Ἀτ.ι;τέόλ‹;›
1494 5607 1521 5656 ὁ
1551 5606 1636 5660 διὰ
1680 5606 1948 5667 Μωῦσὲως
1984 5587 2235 5681 λαληθεὶς

2419 5670 2444 5695 ξ

2419 5670 2470 5697 δ.

497 5703 536 5735 ³³
565 5706 667 5757 lsa.
694 5718 825 5767 nu,
854 5707 904 5772 6,
947 5709 997 5762 7.
1078 5713 1117 5742 ¹⁵
1146 5712 1271 5767 Luc.
1300 5732 1372 5784 Ix,
1406 5720 1495 5775 60-

1573 5723 1611 5751 ”
1638 5721 1822 5777 Matth.
1860 5740 1985 5791 xxv,
2012 5725 2099 5783 41.

2048 1935 2321 1989 Ἐϐούλετο
2352 1934 2447 2003 μὲν
2473 1933 2581 2001 γὰρ
2614 1930 2780 1994 αὐτὸς
2802 1929 2904 1983 καὶ
2946 1929 3095 1990 τοὺς
3121 1925 3665 1997 παραπικραίνοντας

2036 2025 2317 2092 ἐξαγαγεῖν
2345 2024 2438 2075 καὶ
2470 2020 2841 2090 ἐλευθερῶσαι
2870 2017 2992 2071 τῶν
3045 2017 3313 2086 δεσμῶν.
3367 2016 3663 2085 Ἐπιμένου-

2036 2135 2126 2179 τες
2151 2116 2207 2168 δὲ
2227 2111 2372 2168 οῦτοι
2430 2117 2496 2184 τῇ
2532 2112 2814 2182 ἀπειθείᾳ,
2870 2110 3321 2182 παροξύνοντες
3352 2128 3417 2163 τε
3448 2112 3506 2163 ἐν
3541 2110 3665 2177 αὑτῴ

2037 2207 2207 2275 τούτῳ
2256 2206 2348 2258 καὶ
2369 2203 2915 2274 παραπικραίνοντες
2946 2204 3053 2256 τὸν
3088 2204 3262 2265 Θεὸν,
3292 2204 3664 2272 κατοικήσουσι

2038 2297 2161 2357 τοὺς
2196 2293 2396 2346 ἑαυτῶν
2427 2292 2655 2361 τάφους,
2674 2291 2751 2353 ὡς
2770 2291 3050 2359 λέγεσθαι
3070 2309 3147 2344 πε
3159 2292 3220 2363 pl.
3250 2291 3461 2345 αὐτῶν·
3490 2292 3667 2356 (Ἄφες

2038 2382 2161 2443 τοὺς
2181 2382 2400 2451 νεκροὺς
2427 2380 2653 2432 θάπτειν
2692 2380 2824 2441 τοὺς
2869 2379 3109 2433 ἑαυτῶν
3144 2381 3451 2452 νεκρούς»
3482 2380 3514 2449 ἢ
3540 2396 3666 2431 «κατ-

2038 2475 2309 2544 οικήσουσι
2356 2474 2635 2534 καύσωνος
2697 2471 3020 2542 ξηρότητα·
3058 2493 3082 2525 ι
3147 2474 3234 2536 ὡς
3286 2473 3358 2526 ἂν
3409 2473 3667 2544 μέλλοντες

2044 2564 2364 2635 πορεύεσθαι
2398 2582 2415 2613 ι
2449 2564 2528 2625 εἰς
2554 2563 2617 2615 τὸ
2658 2562 2774 2633 πῦρ
2804 2564 2870 2615 τὸ
2898 2563 3155 2619 αἰώνιον
3191 2566 3259 2617 τὸ
3285 2565 3666 2635 ἡτοιμασμένον

2042 2655 2116 2724 τῷ
2143 2654 2366 2724 διαϐόλῳ
2382 2655 2600 2716 καὶτοῖς
2632 2653 2895 2721 ἀγγέλοις
2918 2654 3136 2707 αὐτοῦ.
3154 2675 3176 2706 ι

2120 2766 2139 2797 ι
2178 2748 2235 2799 '0
2275 2747 2438 2812 Θεὸς,
2481 2748 2537 2798 ὲν
2568 2745 2646 2815 τῷ
2704 2746 3148 2816 ἐκπορεύεσθαι
3204 2765 3269 2799 σε
3319 2747 3550 2800 ἐνώπιον
3591 2744 3666 2796 τοῦ

2044 2834 2171 2888 λαοῦ
2202 2853 2325 2897 σου,
2370 2838 2427 2888 ἐν
2474 2834 2550 2904 τῷ
2590 2834 2901 2888 διαϐαίνειν
2950 2853 3023 2888 σε
3080 2839 3147 2889 ὲν
3191 2840 3263 2908 τῇ
3304 2839 3521 2908 ἐρήμῳ.
3560 2838 3667 2889 Διά-

2044 2927 2248 2996 ψαλμα.
2276 2947 2302 2974 ιο
2328 2927 2448 2978 ’Ότι
2478 2925 2549 2995 μὴ
2582 2925 2741 2994 μόνον
2785 2927 2846 2977 ἐν
2888 2928 2959 2995 τῇ
2991 2927 3314 2997 συντελείᾳ
3342 2928 3454 2979 τῶν
3485 2925 3687 2979 αἰώνων

2046 3015 2351 3087 ἀνθρώποις
2390 3015 2652 3085 ἐπεδήμει
2704 3016 2733 3066 ὁ
2774 3015 2875 3068 τοῦ
2926 3017 3085 3071 Θεοῦ
3144 3020 3367 3087 Λόγος,
3419 3018 3550 3073 ἀλλά
3593 3015 3668 3069 καὶ

1975 3146 2015 3202 C
2050 3104 2501 3202 πρότερονλαύτὸς
2658 3107 2686 3157 ό
2725 3105 2816 3202 διά
2862 3108 3186 3172 Μωῦσέως
3222 3109 3613 3182 χρηματίζων,
3646 3111 3668 3157 ὁ

2050 3193 2236 3265 παρὼν
2266 3193 2504 3246 διδάσκει
2534 3192 2693 3259 λόγος
2732 3194 3006 3262 φάσκωνο
3045 3216 3066 3247 ι
3112 3197 3177 3249 Ὀ
3215 3198 3381 3261 Θεὸς,
3412 3199 3472 3249 ὲν
3496 3195 3568 3266 τῷ
3596 3196 3668 3246 '27.-

2048 3284 2366 3354 πορεύεσθαί
2398 3300 2457 3334 σε
2491 3281 2722 3335 ἐνώπιον
2745 3283 2840 3336 τοῦ
2864 3284 3009 3337 λαοῦ
3047 3304 3183 3352 σου,
3206 3290 3270 3341 ὲν
3291 3290 3375 3359 τῷ
3402 3287 3671 3341 διαϐαίνειν

2049 3390 2106 3424 σε
2140 3376 2195 3426 ὲν
2227 3376 2292 3443 τῇ
2339 3375 2566 3444 ἐρήμῳ,
2595 3373 2670 3442 γῆ
2714 3375 2945 3446 ἐσείσθη
2972 3416 2988 3439 ,
3056 3381 3167 3432 καὶ
3213 3387 3338 3451 γὰρ
3382 3382 3434 3433 οἱ
3480 3377 3672 3451 οὐρανοὶ

2047 3462 2296 3527 ἔπταξαν.
2328 3483 2346 3514 ι
2375 3464 2483 3515 Καὶ
2517 3463 2637 3515 τότε
2660 3463 2792 3534 γὰρ,
2813 3468 2977 3535 φησὶ,
3000 3470 3148 3521 καθ’
3176 3470 3242 3524 ὃν
3275 3474 3475 3542 χρόνον
3503 3471 3673 3539 ἐξῆγες

2047 3555 2171 3617 τοὺς
2200 3556 2350 3616 υἱοὺς
2382 3553 2597 3623 Ἰσραὴλ
2628 3554 2738 3606 ἀπὸ
2761 3556 2869 3624 γῆς
2896 3557 3239 3625 Αἰγύπτου,
3262 3565 3298 3631 ή
3332 3563 3596 3632 σύμπασα
3616 3560 3672 3627 γῆ

2049 3646 2249 3697 ἐσείετο
2291 3644 2390 3713 τῆς
2437 3645 2626 3714 φήμης
2670 3645 2781 3697 τῶν
2832 3648 2892 3699 ὲν
2939 3649 3239 3721 Αἰγύπτῳ
3283 3653 3674 3723 πεπραγμένων

2047 3733 2524 3805 διατρεχούσηςείς
2540 3733 2777 3797 πάντας.
2797 3736 2944 3789 Ἀλλ’
2971 3740 3006 3807 ἡ
3039 3742 3155 3809 μὲν
3186 3743 3267 3811 γῆ
3304 3744 3435 3794 τότε
3462 3742 3670 3794 ἐσείετο·

2048 3823 2163 3891 ἦτοι
2201 3824 2297 3893 τῆς
2327 3825 2548 3893 φήμης,
2592 3823 2671 3886 ὡς
2720 3826 2946 3895 εἴρηται
2969 3868 2984 3891 ,
3024 3831 3142 3895 τὰς
3182 3832 3423 3885 πάντων
3457 3833 3563 3885 τῶν
3601 3829 3677 3881 ἐπὶ

2049 3915 2149 3995 γῆς
2181 3909 2346 3971 ἀκοὰς
2378 3909 2736 3981 πληρούσης,
2775 3914 2809 3981 ἢ
2870 3918 2969 3967 καὶ
3026 3920 3218 3971 αὑτοῦ
3271 3921 3375 3973 τοῦ
3435 3919 3675 3988 στοιχείου

2050 4003 2321 4074 χαίροντος
2349 4000 2441 4051 ἐπὶ
2471 4002 2540 4069 τῇ
2570 4001 2831 4055 ἐπιϐάσει
2874 4005 2973 4057 τοῦ
3011 4007 3194 4062 Θεοῦ.
3244 4013 3319 4062 "U
3362 4010 3430 4079 δὴ
3460 4011 3678 4063 διδάσκει

2051 4090 2142 4140 καὶ
2188 4086 2372 4155 ἕτερος
2402 4084 2622 4154 ψαλμὸς
2660 4086 2839 4156 λέγων
2862 4107 2877 4121 ·
2916 4109 2936 4141 ι
2982 4093 3083 4147 Ἐν
3130 4096 3320 4166 ἐξόδῳ
3385 4096 3597 4167 Ἰσραήλ
3632 4093 3678 4153 ἐξ

2050 4176 2318 4244 Αἰγύπτου
2343 4215 2357 4237 ,
2385 4174 2535 4227 οίκου
2580 4175 2777 4230 Ἰακὼϐ
2830 4181 2899 4233 ἐκ
2928 4182 3074 4236 λαοῦ
3118 4185 3429 4260 βαρϐάρου
3456 4229 3470 4251 ,
3503 4187 3568 4240 τὰ
3597 4186 3680 4257 ὅρη

2052 4268 2374 4336 ἑσκίρτησαν
2399 4265 2474 4329 ὡς
2505 4268 2653 4351 κριοὶ
2673 4309 2688 4333 ,
2715 4272 2815 4322 καὶ
2845 4274 2897 4324 οἱ
2928 4273 3128 4342 βουνοὶ
3170 4280 3258 4342 ὡς
3287 4281 3465 4351 ἀρνία
3501 4278 3683 4346 προϐά-

2050 4373 2172 4407 των.
2206 4373 2224 4405 ι
2245 4355 2307 4405 Ἡ
2343 4354 2437 4422 μὲν
2473 4350 2568 4406 οῦν
2593 4356 2667 4426 γῆ
2701 4359 2981 4430 χαίρουσα
3033 4367 3291 4419 ἐσείετο·
3321 4350 3377 4420 οἱ
3403 4368 3462 4421 δὲ
3486 4363 3685 4436 οὐρανοὶ

1984 4471 2033 4530 D
2057 4444 2301 4511 ἔσταξαν.
2337 4445 2401 4496 Τί
2433 4444 2490 4496 δὲ
2535 4444 2807 4515 ἔσταξαν,
2853 4453 2976 4506 ἀλλ’
3014 4457 3147 4526 ἢτοι
3193 4460 3308 4529 τὴν
3343 4462 3556 4531 τροφὴν
3598 4457 3683 4523 τήν

2054 4533 2364 4606 παραδόξως
2392 4535 2707 4604 ἐνεχθεῖσαν
2741 4543 2856 4603 τοῖς
2904 4545 3006 4596 ἐπὶ
3048 4547 3160 4616 τῆς
3212 4549 3445 4620 ἐρήμου
3471 4591 3487 4615 ,
3530 4549 3563 4617 ἢ
3604 4546 3685 4599 καὶ

2050 4627 2172 4688 τοὺς
2197 4623 2371 4686 θείους
2396 4624 2592 4691 λόγους
2615 4644 2676 4679 τε
2703 4630 2800 4681 καὶ
2825 4633 3038 4702 νόμους
3061 4610 3494 4709 τροφήνδντας
3513 4610 3683 4709 ψυχῶν

2050 4714 2309 4783 λογικῶν;
2351 4715 2591 4769 Ἐσείετο
2616 4717 2674 4770 δὲ
2707 4722 2741 4789 ἡ
2772 4721 2847 4791 γῆ
2873 4762 2888 4784 ,
2942 4728 3040 4778 καὶ
3070 4727 3334 4793 ἕσταξαν
3378 4734 3431 4784 οἱ
3482 4727 3684 4801 οὐρανοὶ

2056 4828 2073 4857 ι
2102 4806 2206 4860 ἀπὸ
2238 4805 2533 4875 προσώπου
2564 4808 2662 4860 τοῦ
2692 4811 2830 4864 Θεοῦ
2866 4815 2965 4866 τοῦ
3010 4819 3175 4871 Σιναῒ
3198 4863 3214 4884 ,
3250 4841 3271 4871 ι
3316 4824 3569 4875 τουτέστι
3601 4819 3683 4873 τοῦ

2051 4901 2107 4950 ὲν
2143 4896 2219 4966 τῷ
2260 4896 2378 4966 ὄρει
2412 4897 2568 4952 Σιναῒ
2602 4904 3077 4972 χρηματίσαντος.
3109 4912 3235 4964 Καὶ
3267 4915 3455 4967 ταῦτα
3499 4915 3556 4967 δὲ
3601 4928 3683 4963 σα-

2052 4984 2308 5055 φέστερον
2330 4986 2683 5057 ἡρμήνευσεν
2707 4994 2735 5045 ὁ
2755 4992 3065 5065 Σύμμαχος
3080 5000 3295 5053 εἰπών·
3328 5022 3347 5052 ι
3364 5005 3440 5073 Γῆ
3467 5003 3679 5063 ἐσείετο,

2053 5076 2276 5144 οὐρανὸς
2295 5075 2353 5128 δὲ
2381 5078 2696 5149 ἀπέσταξεν
2725 5084 2832 5136 ἀπὸ
2861 5088 3167 5155 προσώπου
3198 5093 3302 5145 τοῦ
3327 5095 3469 5146 Θεοῦ
3504 5093 3678 5145 τούτου

2052 5165 2143 5217 τοῦ
2167 5166 2340 5230 Σινατ,
2360 5170 2458 5222 καὶ
2482 5172 2594 5227 ἀπὸ
2619 5176 2913 5248 προσώπου
2941 5180 3038 5231 τοῦ
3055 5180 3225 5245 Θεοῦ,
3247 5184 3392 5236 Θεοῦ
3411 5184 3670 5253 Ἰσραή)..ι

2056 5256 2285 5324 Μήποτε
2317 5256 2376 5309 δὲ
2409 5262 2510 5315 καὶ
2544 5267 2601 5318 αἱ
2647 5268 2889 5338 οὐράνιοι
2930 5266 3201 5337 δυνάμεις
3252 5272 3453 5342 ῶσπερ
3501 5268 3675 5340 τροσοί

2058 5360 2198 5407 τινες
2225 5347 2322 5399 καὶ
2350 5351 2577 5426 τιθηνολ.
2600 5361 2710 5416 ἀπὸ
2732 5359 2895 5431 θηλῆς
2914 5357 3054 5425 γάλα
3082 5362 3316 5428 νηπίοις
3343 5362 3670 5425 ἀποστάξου-

2063 5448 2171 5496 σαιν
2215 5436 2399 5505 οὓτως
2425 5449 2531 5502 καὶ
2559 5448 2725 5511 αὗται
2756 5455 2849 5526 τὴν
2882 5451 2938 5515 ἐξ
2971 5449 3147 5503 αὐτῶν
3180 5455 3463 5523 χορηγίαν
3488 5452 3667 5521 παρεῖ-

2061 5540 2153 5628 ῩΨΪ
2180 5530 2303 5628 Ῐτδῖῗ
2321 5536 2472 5628 -τ⁶τε
2498 5546 2607 5618 τὰς
2639 5552 2811 5628 ψυχὰς
2836 5543 3069 5617 νηπίοιςς
3096 5542 3178 5592 Δι’
3207 5542 3238 5595 δ
3263 5546 3364 5597 και
3404 5543 3665 5609 παιδαγω-

2581 5592 2606 5618 Ξ

2185 5735 2229 5765 ¹⁶
2263 5736 2432 5809 Psal.
2460 5772 2643 5841 (ςχιιι³
2680 5775 2729 5845 ι,
2756 5772 2807 5831 ,δ’
2877 5751 3036 5811 “Gal.
3068 5763 3143 5811 ιιι,
3172 5745 3271 5802 2L.
