3818 6378
250 416 397 478 (ω

1394 412 1880 469 COMMENTARIA
1918 412 1986 466 ΙΝ
2023 412 2354 468 PSALMOS.

3342 409 3441 462 σοι

348 547 379 581 α
406 528 617 600 Βροχὴν
640 530 885 583 ἑκούσιον
911 532 1165 602 ἁφοριεῖς,
1186 534 1213 583 ό
1241 531 1390 593 Θεὸς,
1413 532 1477 599 τῇ
1509 526 1808 599 κληρονομίι

2000 526 2162 583 Vens.
2196 529 2280 593 10,
2308 528 2393 581 ii.
2425 545 2443 577 ι
2474 525 2712 579 Pluviam
2739 523 3089 580 voluntariam
3119 525 3439 595 segregabis.

255 634 373 671 σου
392 657 408 681 ,
444 619 545 670 καὶ
576 618 838 689 ⁴Ιπσθένησε
860 659 875 683 ,
913 622 975 673 σὺ
1005 621 1058 673 δὲ
1086 620 1390 691 κατηρτίσω
1420 619 1605 687 αὐτὴν.
1643 637 1661 668 ι
1695 616 1824 669 Τότε

255 707 409 774 μὲν,
457 706 662 775 φησὶν,
703 723 722 755 ι
751 708 808 758 ἐν
842 706 920 776 τῷ
966 706 1349 778 ἐκπορεύεσθαί
1383 722 1440 757 σε
1475 704 1696 757 ἐνώπιον
1732 702 1823 756 τοῦ

246 795 399 849 λαοῦ
433 812 537 848 σου
558 836 572 860 ,
614 798 706 849 καὶ
746 799 802 849 ἐν
832 797 910 867 τῷ
939 798 1221 851 διαϐαίνειν
1246 814 1302 849 σε
1333 798 1388 849 ἐν
1414 798 1478 866 τῇ
1511 795 1697 865 ἐρήμῳ
1717 832 1731 855 ,
1756 794 1823 862 γῆ

248 878 492 953 ἐσείσθη
514 922 531 946 ,
564 885 659 936 καὶ
705 886 755 937 οἱ
782 887 997 956 οὐρανοὶ
1023 887 1246 950 ἕσταξαν
1264 902 1279 916 ο
1306 905 1323 937 ι
1343 886 1432 938 ἐπὶ
1458 886 1512 938 δέ
1550 884 1643 937 τοῦ
1691 899 1826 952 παρ-

245 969 418 1032 όντος
440 1011 458 1033 ,
493 973 589 1025 ὅτε
637 973 961 1044 ἐπιόέὸηκας
987 976 1074 1027 ἐπὶ
1099 975 1330 1044 δυσμῶν,
1361 974 1517 1044 ἔτερα
1558 971 1826 1044 παράδοξα

247 1062 540 1129 εἰργάσω.
597 1062 677 1131 Τῇ
702 1062 809 1134 γὰρ
848 1064 1173 1135 κληρονομίᾳ
1206 1082 1294 1118 σου
1330 1064 1601 1135 ἀφώρισας
1630 1064 1823 1132 βροχὴν

248 1149 543 1205 ἑκούσιον.
576 1154 923 1223 Κληρονομία
950 1154 1005 1206 δὲ
1037 1155 1195 1207 αὐτοῦ
1224 1157 1305 1219 τίς
1330 1153 1395 1226 ἦν
1424 1155 1557 1225 μετὰ
1574 1156 1661 1207 τὸν
1697 1155 1824 1225 πρό-

247 1256 418 1309 τερον
465 1241 606 1293 λαὸν
648 1242 819 1312 ἀλλ’ἢ
863 1244 920 1307 ἐξ
962 1243 1127 1295 ἐθνῶν
1173 1245 1486 1314 Ἐκκλησία,
1520 1244 1703 1314 ὥσπερ
1732 1240 1822 1296 οὖν

245 1329 512 1383 διδάσκει
553 1332 729 1399 λέγων
769 1334 925 1396 αὐτὸς
966 1336 1021 1387 ἐν
1057 1337 1287 1407 δευτέρῳ
1318 1338 1540 1408 ψαλμῷ·
1576 1357 1593 1387 ι
1627 1338 1823 1407 Κύριος

246 1416 379 1472 εἶπε
403 1421 557 1489 πρὸς
577 1423 647 1491 μέ
666 1439 679 1452 °
698 1424 821 1486 Υἱός
841 1442 938 1494 μου
966 1423 1014 1477 εἴ
1037 1428 1119 1489 σὺ,
1146 1426 1252 1494 ἐγὼ
1276 1430 1340 1499 σή
1349 1446 1412 1497 με
1422 1445 1508 1499 ρον
1528 1429 1824 1497 γεγέννηκά

245 1525 338 1564 σε.
374 1511 630 1580 Δί’τησαι
654 1513 784 1581 παρ’
822 1512 952 1583 ἐμοῦ
974 1554 987 1576 ,
1016 1516 1106 1568 καὶ
1131 1515 1281 1569 δώσω
1318 1533 1396 1569 σοι
1424 1517 1547 1587 ἔθνη
1570 1518 1666 1587 τὴν
1696 1518 1823 1586 κλη-

246 1599 535 1668 ρονομίαν
570 1615 666 1652 σου
700 1602 792 1653 καὶ
821 1601 918 1671 τὴν
944 1604 1260 1672 κατάσχεσίν
1291 1621 1382 1657 σου
1412 1603 1477 1657 τὰ
1505 1604 1708 1674 πέρατα
1728 1605 1825 1675 τῆς

240 1688 377 1756 γῆς.
428 1709 448 1739 ι
482 1690 620 1752 Υἱὸς
652 1692 760 1760 γὰρ
787 1691 917 1744 Θεοῦ
955 1694 1297 1764 κελευόμενος
1334 1696 1466 1766 πρὸς
1491 1695 1583 1748 τοῦ
1617 1697 1824 1766 Πατρός

240 1779 432 1830 αἰτεῖν
457 1778 851 1849 κληρονομίαν,
877 1779 997 1834 οὔτε
1029 1782 1285 1835 Ἰουδαίων
1311 1783 1475 1846 ἔθνος,
1498 1784 1627 1837 ἀλλὰ
1652 1785 1824 1837 πάντα

1926 616 2085 679 Deus,
2115 615 2406 670 haereditati
2434 623 2556 678 tuae,
2588 620 2641 668 et
2676 613 2939 666 inﬁrmata
2964 620 3065 678 est,
3092 620 3148 666 tu
3174 629 3296 667 vero
3325 627 3445 681 per-

1925 708 2096 761 fecisti
2123 722 2260 761 eam.
2288 725 2307 759 ι
2362 705 2533 769 Tunc,
2590 704 2783 773 inquit,
2824 718 2987 756 «cum
3036 705 3365 773 egredereris
3389 703 3445 756 in

1923 803 2207 865 conspectu
2240 794 2415 863 populi
2431 794 2526 857 tui,
2549 800 2734 846 etcum
2757 792 3109 861 pertransires
3134 792 3188 844 in
3212 792 3442 856 deserto,

1924 891 2064 936 terra
2096 891 2239 937 mota
2260 890 2362 945 est,
2393 888 2448 934 et
2471 880 2592 934 cceli
2622 879 3031 933 distillaverunt.
3069 896 3087 927 ι
3108 876 3165 930 1η
3194 880 3442 945 przesenti

1924 978 2099 1025 autem
2122 987 2240 1025 cum
2273 970 2559 1025 ascendisti
2587 984 2746 1037 super
2766 981 3038 1028 occasum,
3069 964 3443 1017 mirabiliaalia

1922 1064 2260 1131 perpetrasti.
2293 1061 2422 1115 Nam
2453 1059 2745 1114 haareditati
2764 1068 2867 1112 tua:
2897 1058 3188 1126 segregasti
3210 1055 3442 1123 pluviam

1922 1152 2294 1213 voluntariam.
2330 1150 2623 1204 Haereditas
2652 1164 2809 1217 porro
2858 1147 3001 1200 illius
3052 1158 3292 1213 quaenam
3329 1151 3444 1197 erat

1921 1249 2040 1311 post
2072 1242 2299 1310 priorem
2327 1240 2473 1293 illum
2504 1240 2774 1307 populum,
2800 1237 2901 1290 nisi
2923 1234 3157 1287 Ecclesia
3186 1232 3440 1302 gentium,

1922 1336 1980 1379 ut
2011 1327 2121 1394 ipse
2146 1326 2300 1379 docet
2329 1325 2384 1378 in
2414 1324 2647 1380 secundo
2703 1323 2941 1392 psalmo:
2974 1339 2992 1371 ι
3022 1320 3277 1374 Dominus
3309 1320 3444 1373 dixit

1922 1414 1986 1467 ad
2012 1429 2096 1469 me
2129 1433 2141 1467 :
2178 1412 2346 1467 Filius
2367 1428 2517 1467 meus
2546 1429 2605 1467 es
2636 1419 2712 1478 tu,
2747 1426 2844 1481 ego
2869 1410 3023 1464 hodie
3053 1411 3207 1479 genui
3233 1420 3304 1463 te.
3349 1409 3445 1462 Po-

1923 1504 2062 1557 stula
2092 1517 2123 1555 a
2150 1517 2256 1565 me,
2278 1508 2332 1555 et
2360 1502 2497 1556 dabo
2527 1501 2625 1556 tibi
2645 1509 2825 1571 gentes
2882 1500 3241 1555 haareditatem
3272 1508 3440 1564 tuam,

1920 1599 1973 1646 et
1992 1592 2384 1661 possessionem
2403 1600 2542 1645 tuam
2558 1591 2813 1645 terminos
2826 1598 2979 1646 terra:
2998 1592 3061 1646 ‘°.
3090 1610 3107 1642 ι
3132 1590 3261 1642 Nam
3279 1590 3443 1645 Filius

1922 1681 2035 1743 Dei,
2067 1682 2153 1735 cui
2192 1680 2347 1735 Pater
2392 1681 2634 1751 praecipit
2661 1690 2720 1734 ut
2752 1687 2895 1750 petat
2944 1681 2999 1735 in
3054 1680 3441 1743 haereditatem,

1922 1786 2029 1826 non
2059 1769 2361 1824 Judaaorum
2389 1780 2618 1840 gentem,
2643 1770 2733 1824 sed
2758 1785 2944 1826 omnes
2969 1778 3153 1839 gentes
3186 1778 3238 1825 et
3261 1772 3446 1825 termi-

239 1866 314 1917 τὰ
351 1865 493 1936 ἔθνη
524 1870 623 1919 καὶ
652 1868 719 1920 τὰ
747 1870 954 1940 πέρατα
982 1871 1076 1940 τῆς
1102 1872 1233 1941 γῆς,
1268 1874 1350 1935 τίς
1385 1872 1449 1924 ἂν
1481 1873 1681 1939 γένοιτο
1718 1872 1748 1942 ἢ
1788 1875 1808 1925 ό

1921 1875 2020 1915 nos
2062 1868 2236 1925 terrae,
2271 1861 2519 1929 quisnam
2558 1860 2738 1924 fuerit,
2797 1860 2901 1915 nisi
2930 1861 3020 1929 qui
3054 1860 3346 1935 Ecclesiam
3378 1875 3443 1914 ex

235 1954 347 2023 τὴν
396 1952 463 2016 ἐξ
499 1954 674 2006 ἐθνῶν
707 1956 1030 2027 Ἐκκλησίαν
1063 1960 1453 2029 συστησάμενος
1475 1977 1488 2023 ;
1513 1960 1692 2030 Ταύτῃ
1723 1956 1813 2012 οὖν
1850 1972 1857 1979 ‘

236 2044 310 2111 τῇ
350 2043 707 2114 κληρονομίᾳ
738 2045 899 2098 αὑτοῦ
940 2045 1174 2116 ἀφώρισε
1214 2048 1409 2119 βροχὴν
1439 2048 1674 2101 ἑκούσιον
1696 2066 1708 2077 ·
1737 2048 1813 2101 διὸ

238 2131 517 2185 λέλεκται
553 2136 684 2205 περὶ
724 2134 921 2186 αὐτοῦ’
969 2154 987 2185 ι
1018 2136 1393 2206 Καταόήσεται
1430 2137 1503 2200 ὼς
1534 2138 1683 2201 ὑετὸς
1722 2139 1813 2193 ἐπὶ

240 2222 429 2274 πόκον
448 2262 465 2286 ,
499 2224 598 2275 καὶ
626 2223 757 2275 ὡσεὶ
785 2224 1037 2291 σταγόνες
1064 2225 1346 2289 στάξουσαι
1389 2230 1478 2280 ἐπὶ
1519 2227 1615 2299 τὴν
1637 2228 1757 2298 γῆν.
1788 2248 1806 2280 ι

237 2312 433 2380 Λόγος
478 2313 540 2364 δὲ
568 2308 639 2381 ἦν
668 2313 1015 2381 εύαγγελικὸς
1047 2317 1080 2384 ἡ
1120 2315 1281 2387 βροχὴ
1306 2318 1338 2386 ἡ
1364 2318 1606 2380 ἐκουσία,
1637 2319 1729 2370 καὶ
1753 2319 1813 2371 τὸ

237 2404 344 2472 τῆς
377 2403 603 2471 Καινῆς
618 2405 889 2474 Διαθήκης
912 2406 1164 2475 κήρυγμα
1183 2410 1246 2476 τῇ
1272 2408 1328 2473 ἐξ
1349 2408 1511 2460 ἐθνῶν
1526 2409 1812 2480 Ἐκκλησία

237 2493 722 2562 παραδεδομένον.
758 2494 911 2564 Καλὴ
937 2494 991 2546 δὲ
1021 2497 1053 2564 ἡ
1089 2496 1367 2567 προσθήκη
1398 2498 1494 2567 τῆς
1526 2517 1543 2548 ι
1567 2500 1811 2562 ἑκουσίας

240 2582 490 2650 βροχῆς·
536 2601 556 2634 ι
600 2583 689 2635 διὰ
737 2585 1005 2648 Μωῦσέως
1051 2587 1270 2656 μὲνγὰρ
1313 2588 1408 2655 οὐχ
1445 2588 1680 2653 ἑκούσιος
1703 2594 1810 2654 τοῖς

237 2671 513 2732 παλαιοῖς
540 2672 833 2740 παρείχετο
853 2673 1023 2740 λόγος,
1049 2676 1167 2727 ἐπεὶ
1194 2677 1251 2727 ού
1288 2678 1425 2730 κατὰ
1461 2678 1678 2748 γνώμην
1716 2680 1810 2750 τὴν

237 2759 420 2813 αὑτοῦ
445 2761 837 2830 ἐνομοθετεῑτο·
867 2763 945 2815 διὸ
976 2764 1105 2833 πρὸς
1134 2766 1322 2828 αὐτοὺς
1348 2765 1524 2834 ἔλεγεν
1551 2769 1579 2819 ό
1604 2768 1805 2840 Σωτήρο

241 2869 259 2897 σ
298 2850 567 2919 Μωῦσῆς
595 2849 731 2918 πρὸς
763 2849 857 2920 τὴν
882 2851 1298 2922 σκληροκαρδίαν
1327 2855 1476 2924 ὑμῶν
1496 2856 1746 2926 ἔγραψεν·
1784 2876 1803 2909 ι

235 2940 264 2989 ό
284 2939 354 2991 δὲ
392 2938 558 3005 λόγος
590 2941 620 2990 ό
642 2940 993 3006 εύαγγελικὸς
1022 2942 1159 2994 κατὰ
1184 2944 1371 3013 βουλὴν
1401 2947 1492 2997 καὶ
1516 2946 1653 2998 κατὰ
1678 2963 1808 3017 προ-

234 3030 475 3096 αίρεσιν
501 3028 639 3080 Θεοῦ
664 3030 946 3100 ἀφωρίσθη
974 3050 991 3081 ι
1020 3034 1084 3101 τῇ
1111 3032 1433 3105 κληρονομίᾳ
1472 3055 1489 3086 ι
1532 3036 1720 3097 αὐτοῦ,
1744 3036 1808 3105 ἣν

236 3116 644 3183 ἀεθενήσασαν
693 3117 789 3181 σὺ,
835 3119 1001 3185 φησὶ,
1052 3121 1385 3189 κατηρτίσω.⁸
1441 3124 1577 3176 κατὰ
1620 3124 1675 3175 δέ
1718 3123 1806 3174 τὸν

249 3204 537 3267 Ἀκύλαν,
588 3221 607 3254 ι
653 3205 1101 3274 Μεμοχθηκυῖαν,
1141 3210 1299 3277 φησὶ,
1342 3212 1405 3262 σὺ
1444 3211 1680 3279 ἧδρασας
1719 3213 1811 3264 αύ-

233 3294 344 3362 τήν
368 3308 387 3321 ο
441 3309 461 3341 ι
502 3290 649 3343 κατὰ
690 3291 745 3343 δὲ
786 3293 875 3345 τὸν
914 3293 1228 3363 Σύμμαχον,
1269 3315 1287 3347 ι
1323 3299 1420 3349 Ἦν
1455 3299 1805 3369 ἐξεπόνησας,

233 3379 424 3449 φησὶ,
471 3379 569 3431 καὶ
608 3378 868 3447 ἧδρασας.
910 3401 928 3432 ›
969 3382 1041 3434 Ού
1069 3384 1149 3436 δεῖ
1182 3385 1237 3437 δὲ
1272 3387 1478 3440 πολλῶν
1524 3389 1691 3456 λόγων
1731 3392 1809 3453 είς

230 3469 297 3521 τὸ
326 3467 701 3537 παραστῆσαι
728 3468 872 3531 ὅπως
905 3472 937 3539 ἡ
979 3470 1037 3534 ἐξ
1078 3471 1243 3526 ἐθνῶν
1272 3476 1431 3528 πάλαι
1467 3479 1720 3548 πρότερον
1741 3475 1807 3548 ἦν

234 3577 308 3628 με
320 3558 649 3628 μοχθηκυῖα
682 3559 863 3619 πόνοις
906 3563 998 3613 καὶ
1045 3562 1259 3632 μόχθοις
1300 3566 1396 3635 τῆς
1436 3568 1806 3639 εἰδωλολάτρου

230 3648 471 3716 πλάνης
505 3648 962 3717 καταπονηθείσα·
992 3651 1327 3721 ἀσθενήσασά
1360 3673 1414 3706 τε
1440 3652 1507 3726 ἦν
1538 3660 1614 3719 είς
1642 3660 1805 3728 ὑπερ-

232 3735 442 3806 ὃολὴν,
479 3735 558 3797 ὡς
585 3735 853 3805 μηδεμίαν
884 3740 940 3789 ἐν
966 3739 1096 3809 αὐτῇ
1124 3741 1534 3813 καταλειφθῆναι
1564 3745 1804 3815 δύναμιν.

245 3827 410 3881 Ἀλλ’
440 3825 728 3877 ἀναλαϐὼν
767 3828 932 3897 αὐτὴν
963 3831 991 3880 ό
1021 3830 1205 3900 Σωτὴρ
1236 3833 1591 3902 κατηρτίσατο
1618 3836 1803 3905 αὐτὴν,

231 3915 492 3987 ἐδράσας
537 3915 635 3966 ἐπὶ
676 3914 769 3985 τὴν
814 3917 1012 3987 πέτραν
1057 3919 1152 3989 τὴν
1196 3921 1407 3992 ἀρραγῆ
1444 3924 1533 3976 καὶ
1564 3925 1805 3978 ἄσειστον

229 4008 349 4076 τῆς
399 4005 570 4058 αὑτοῦ
606 4006 855 4069 πίστεως·
884 4007 913 4059 ὃ
949 4006 1010 4077 δὴ
1055 4010 1145 4060 καὶ
1184 4012 1536 4081 ἐπηγγείλατο
1564 4017 1803 4085 ποιήσειν

228 4092 445 4147 εἰπών’
483 4112 501 4144 ι
558 4094 681 4146 Ὲπ)⁵
704 4094 802 4164 τὴν
826 4095 1025 4165 πέτραν
1053 4098 1381 4168 οἰκοδομήσω
1420 4119 1517 4171 μου
1544 4104 1640 4171 τὴν
1682 4106 1800 4157 Ἐκ-

229 4187 506 4255 κλησίαν·
547 4186 644 4239 καὶ
675 4185 834 4238 πύλαι
862 4186 985 4256 ᾆδον
1018 4190 1077 4241 οὐ
1112 4192 1516 4261 κατισχύσουσιν
1549 4196 1734 4265 αὐτῆς.
1777 4216 1796 4249 ι

239 4276 536 4346 Ἐδράσας
560 4276 618 4327 δὲ
643 4276 810 4345 αὐτὴν
839 4278 931 4329 καὶ
957 4282 1432 4351 καταρτισάμενος,
1454 4284 1521 4338 τὰ
1545 4284 1654 4350 ξῶα
1679 4289 1801 4339 ἐαυ-

228 4366 333 4420 τοῦ
388 4363 700 4433 κατῴκισεν
741 4368 798 4417 ἐν
838 4366 992 4436 αὐτῇ.
1028 4367 1147 4420 Ζῶα
1182 4370 1237 4422 δὲ
1276 4372 1393 4425 τίνα
1415 4373 1478 4425 ἂν
1510 4376 1677 4438 εἴποις
1708 4376 1798 4429 τοῦ

228 4455 379 4555 ςεοῦ
404 4457 441 4524 ἢ
472 4455 670 4555 τὰςιὲκ
709 4456 809 4555 τῆς
848 4458 974 4555 παρ’
1005 4458 1149 4555 αὐτῷ
1190 4460 1331 4555 ζωῆς
1371 4464 1670 4533 ἁρυομένας
1701 4468 1797 4520 καὶ⁸
1822 4499 1866 4555 D

229 4544 690 4612 ζωοποιουμένας
738 4545 939 4615 ψυχάς;
990 4549 1099 4602 Καὶ
1144 4549 1313 4603 ταῦτα
1355 4554 1556 4618 πάντα,
1602 4544 1834 4625 φησὶν,ί

235 4657 253 4688 ι
290 4637 616 4708 ἡτοίμασας
658 4655 677 4686 ι
716 4636 800 4689 διὰ
825 4639 923 4707 τῆς
968 4639 1064 4709 σῆς
1105 4643 1460 4712 χρηστότητος
1496 4646 1586 4698 καὶ
1610 4648 1794 4715 φιλαν-

231 4721 578 4795 Opem-fagi}
609 4722 696 4774 διὰ
734 4742 753 4773 ι
791 4724 887 4793 τῆς
917 4725 1013 4794 σῆς
1045 4728 1415 4796 ἀγαθωσύνης,
1453 4750 1471 4781 ι
1498 4734 1634 4786 κατὰ
1672 4739 1795 4800 τοὺς

228 4814 467 4875 λοιποὺς
508 4813 873 4882 ἐρμηνευτὰς,
908 4834 926 4865 ι
971 4816 1045 4884 τῷ
1084 4817 1301 4887 πτωχῷ.
1339 4837 1357 4868 ι
1389 4821 1603 4891 Πτωχδν
1631 4826 1685 4877 δὲ
1717 4829 1796 4879 ὲν-

228 4902 414 4956 ταῦθα
449 4900 691 4969 κέκληκε
721 4904 989 4971 μυστικῶς
1029 4906 1115 4959 τὸν
1145 4906 1285 4958 κατὰ
1317 4906 1487 4975 σάρκα
1516 4912 1794 4983 ἄνθρωπον

228 4994 324 5047 τοῦ
359 4991 626 5061 Σωτῆρος
654 4992 824 5061 ἡμῶν,
850 4994 907 5055 ὃς
941 5012 960 5044 ι
999 4995 1246 5055 πλούσιος
1280 4993 1355 5044 ὢν
1395 4997 1699 5068 ἐπτώχευσε
1730 5006 1794 5058 δι’

231 5084 408 5152 ἡμᾶς.
449 5080 544 5131 ἵνα
568 5080 724 5147 ἡμεῖς
754 5084 817 5152 τῇ
847 5080 1004 5134 αὐτοῦ
1043 5080 1282 5149 πτωχεία
1322 5081 1724 5157 πλουτήσωμεν,
1771 5113 1795 5147 ,η

245 5168 474 5237 Ἑδήλου
521 5164 579 5216 δὲ
619 5166 774 5218 αὐτοῦ
823 5169 931 5237 τὴνο
962 5166 1223 5235 πτωχείαν
1268 5165 1358 5216 καὶ
1396 5170 1554 5233 αὐτὸς
1599 5175 1795 5243 λέγων.

240 5276 258 5306 ι
288 5255 522 5310 Μάθετε
550 5253 643 5305 ἀπ’
680 5255 840 5324 ἐμοῦ,
873 5258 949 5309 ότι
985 5258 1148 5328 πρᾶός
1179 5255 1294 5321 ειμι
1324 5257 1409 5308 καὶ
1433 5264 1695 5326 ταπεινὸς
1726 5270 1790 5338 τῇ

236 5344 459 5415 καρδίᾳ.
522 5361 541 5393 ι
588 5343 766 5415 Τούτῳ
794 5341 882 5397 οὖν
911 5346 983 5415 τῷ
1009 5342 1201 5412 πτωχῷ
1238 5343 1268 5392 ό
1305 5342 1427 5408 Θεὸς
1465 5349 1564 5401 καὶ
1598 5352 1795 5427 Πατὴρ

237 5430 406 5484 αὑτοῦ
451 5432 521 5499 τῇ
562 5431 718 5483 αὐτοῦ
746 5431 1094 5500 φιλανθρωπίᾳ
1129 5426 1224 5478 καὶ
1268 5434 1591 5504 χρηστότητι
1642 5426 1797 5507 ἡτοίν.

315 5611 532 5687 "__i_’sal.
583 5626 642 5676 ιι,
683 5612 728 5674 7,
761 5612 809 5664 8.
883 5605 1067 5659 “Psal-
1120 5615 1273 5664 ιω,
1306 5602 1352 5659 6.
1427 5612 1470 5642 ²⁰
1500 5611 1692 5673 Marc.
1730 5637 1786 5687 ι,

1948 5627 1988 5660 ³⁸
2018 5622 2200 5677 Matth.
2238 5639 2325 5687 xv,
2363 5623 2445 5677 l8.

242 5692 315 5742 xl,
344 5678 434 5733 29.

1916 1949 2164 2019 gentibus
2223 1950 2550 2005 constituit?
2602 1948 2739 2003 Huic
2776 1951 2955 2019 itaque
3010 1950 3302 2004 haareditati
3335 1964 3444 2005 sua

1915 2040 2208 2110 segregavit
2251 2042 2482 2109 pluviam
2511 2042 2864 2096 voluntariam
2895 2059 2908 2094 :
2940 2055 3106 2109 quare
3147 2040 3335 2095 de'illo
3363 2042 3445 2095 di—

1916 2138 2061 2183 ctum
2116 2138 2197 2184 est
2234 2150 2245 2184 :
2285 2148 2304 2182 ι
2342 2129 2642 2185 Descendet
2696 2130 2836 2185 sicut
2863 2131 3041 2200 pluvia
3085 2130 3138 2183 in
3164 2130 3357 2193 vellus,
3390 2140 3445 2183 et

1915 2219 2053 2273 sicut
2084 2219 2354 2274 stillicidia
2406 2220 2661 2275 stillantia
2690 2236 2850 2289 super
2880 2229 3072 2274 terram
3115 2220 3177 2271 ‘°.
3200 2238 3218 2270 ι
3256 2217 3443 2272 Pluvia

1914 2316 2086 2364 autem
2116 2308 2413 2363 voluntaria
2439 2318 2551 2365 erat
2570 2310 2787 2364 verbum
2817 2309 3174 2380 evangelicum
3207 2347 3222 2372 ,
3244 2317 3296 2363 et
3317 2323 3444 2377 prae-

1913 2396 2110 2450 dicatio
2135 2395 2263 2451 Novi
2294 2396 2619 2452 Testamenti
2634 2396 2883 2451 Ecclesiae
2907 2396 3137 2466 gentium
3172 2393 3444 2447 tradita.E

1913 2499 1972 2538 re
2000 2483 2245 2553 adjicitur
2265 2485 2332 2537 ad
2363 2505 2381 2537 ι
2416 2486 2647 2555 pluviam
2673 2504 2690 2536 ι
2724 2484 2872 2552 illud,
2938 2503 2956 2536 ‹
2993 2484 3382 2539 voluntariam:
3416 2502 3439 2535 ι

1914 2589 2036 2627 nam
2061 2591 2155 2644 per
2185 2575 2420 2645 Moysem
2474 2590 2585 2630 non
2642 2575 3001 2629 voluntarium
3039 2575 3274 2642 antiquis
3336 2573 3443 2626 illis

1914 2666 2223 2721 tradebatur
2241 2666 2481 2731 verbum,
2514 2666 2638 2736 quia
2665 2682 2772 2720 non
2799 2666 3092 2720 secundum
3122 2665 3291 2733 ipsius
3316 2680 3442 2720 sen-

1912 2755 2132 2808 tentiam
2156 2755 2243 2811 lex
2276 2755 2522 2809 dabatur.
2559 2752 2919 2819 Quamobrem
2949 2754 3068 2809 illos
3092 2754 3169 2808 sic
3198 2753 3443 2809 Salvator

1913 2844 2201 2912 alloquitur
2246 2864 2257 2899 :
2313 2863 2332 2896 ‹
2363 2843 2574 2914 Moyses
2629 2844 2693 2897 ad
2746 2843 3000 2898 duritiam
3054 2843 3234 2899 cordis
3274 2844 3440 2897 vestri

1913 2934 2128 3002 scripsit
2170 2937 2236 2989 ὀ.
2274 2955 2291 2986 ι
2355 2936 2424 2988 At
2476 2936 2697 2990 verbum
2736 2935 3095 3004 evangelicum
3147 2934 3439 2988 secundum

1910 3026 2238 3080 voluntatem
2294 3032 2348 3078 et
2404 3024 2719 3079 electionem
2763 3022 2857 3077 Dei
2907 3042 2925 3073 ‹
2960 3022 3248 3075 haereditati
3278 3042 3296 3074 ›
3324 3023 3441 3091 ejus

1911 3116 2163 3168 traditum
2183 3122 2263 3169 est
2289 3132 2302 3167 :
2328 3129 2486 3183 quam
2512 3113 2775 3167 inﬁrmam
2803 3120 2882 3176 tu,
2913 3113 3104 3181 inquit,
3135 3112 3437 3180 perfecisti;

1916 3202 2206 3271 secundum
2258 3201 2535 3270 Aquilam,
2612 3219 2631 3251 ι
2661 3200 2989 3254 laborantem
3019 3240 3033 3261 ,
3095 3202 3317 3270 inquit,
3381 3212 3438 3257 tu

1915 3289 2149 3344 fundasti
2201 3304 2355 3354 eam;
2414 3309 2432 3339 ι
2488 3288 2783 3342 secundum
2842 3286 3218 3358 Symmachum
3290 3307 3436 3353 vero,

1918 3396 2120 3450 (quam
2173 3380 2479 3443 elaborasti,
2532 3380 2741 3449 inquit,
2805 3388 2856 3433 et
2898 3378 3153 3433 fundasti.
3183 3400 3202 3431 ι
3258 3380 3439 3450 Neque

1911 3472 2092 3524 multis
2114 3485 2246 3538 opus
2291 3469 2624 3525 sermonibus
2666 3475 2748 3522 est
2791 3468 2857 3521 ad
2902 3468 3278 3523 declarandum
3331 3486 3438 3539 quo

1908 3572 2066 3631 pacto
2093 3561 2328 3630 gentium
2361 3559 2598 3613 Ecclesia
2647 3558 2850 3627 pridem
2877 3558 3106 3621 defessa,
3136 3559 3436 3613 laboribus-

1909 3664 2012 3718 que
2039 3648 2241 3703 erroris
2275 3646 2535 3702 idolorum
2568 3646 2811 3701 confecta
2843 3656 3005 3709 esset,
3039 3662 3103 3700 ac
3133 3662 3293 3715 supra
3321 3663 3436 3699 mo-

1910 3738 2281 3800 duminﬁrma,
2310 3743 2369 3790 ut
2397 3736 2543 3790 nulla
2601 3736 2705 3805 ipsi
2761 3735 2933 3789 virtus
2985 3742 3307 3804 superesset.
3335 3734 3440 3789 Sed

1909 3831 2076 3899 ipsam
2111 3829 2362 3883 Servator
2399 3833 2703 3895 susceptam
2746 3826 2990 3895 perfecit,
3023 3826 3182 3895 inque
3208 3826 3358 3879 firma
3385 3834 3440 3881 et

1910 3919 2125 3973 immota
2150 3929 2300 3987 petra
2356 3919 2477 3971 ﬁdei
2515 3932 2624 3971 sua:
2689 3915 2970 3969 fundavit:
3001 3918 3145 3985 quod
3180 3932 3239 3971 se
3272 3916 3443 3970 factu-

1907 4024 2025 4062 rum
2059 4009 2334 4078 pollicitus
2369 4015 2484 4063 erat
2514 4008 2737 4062 dicens:
2775 4024 2793 4055 ι
2833 4005 3003 4075 Supra
3040 4016 3242 4074 petram
3273 4008 3439 4062 aediﬁ-

1905 4097 2043 4157 cabo,
2084 4096 2374 4152 Ecclesiam
2408 4110 2601 4158 meam,
2633 4102 2686 4149 et
2718 4100 2882 4165 porta:
2921 4094 3077 4147 inferi
3105 4110 3212 4149 non
3244 4110 3441 4163 praava-

1906 4187 2089 4242 lebunt
2118 4188 2375 4242 adversus
2402 4202 2538 4242 eam.
2574 4188 2639 4240 “.
2677 4205 2695 4237 ›
2721 4185 3009 4253 Postquam
3051 4198 3179 4239 vero
3200 4185 3441 4239 fundavit

1904 4287 1956 4333 et
1982 4277 2205 4348 perfecit
2233 4317 2248 4341 ,
2282 4276 2535 4331 animalia
2571 4274 2931 4341 sua‘habitare
2967 4272 3088 4325 fecit
3118 4274 3175 4327 in
3203 4289 3287 4329 ea.
3313 4273 3439 4327 Ani-

1903 4370 2061 4423 malia
2088 4384 2213 4423 vero
2252 4367 2345 4421 Dei
2372 4380 2489 4436 qua:
2533 4365 2731 4419 dixeris
2758 4377 2897 4425 esse,
2932 4363 3038 4417 nisi
3069 4364 3278 4419 animas
3328 4366 3437 4418 vita

1904 4473 2020 4527 quae
2049 4458 2187 4526 apud
2216 4456 2389 4524 ipsum
2417 4464 2516 4517 est,
2542 4455 2831 4507 instructas
2858 4458 2911 4506 et
2939 4452 3277 4509 donatas?Et
3301 4455 3411 4510 haec

1896 4547 2088 4616 inquit,
2119 4545 2297 4600 omnia
2325 4559 2420 4612 per
2434 4541 2764 4597 dulcedinem
2777 4547 2829 4595 et
2857 4540 3244 4626 humanitatem
3267 4533 3436 4625 tuam:

1897 4639 2007 4693 sive
2048 4651 2145 4706 per
2173 4654 2192 4687 ‹
2221 4636 2512 4690 bonitatem
2546 4639 2688 4685 tuam
2712 4650 2730 4681 ι
2765 4631 3060 4686 secundum
3090 4636 3328 4704 reliquos
3351 4636 3438 4689 in-

1895 4735 2174 4798 terpretes,
2192 4745 2210 4776 ι
2236 4724 2454 4795 pauperi
2485 4721 2713 4792 parasti.
2742 4740 2761 4772 ι
2779 4720 3087 4790 Pauperem.
3114 4725 3200 4778 hic
3213 4728 3439 4796 mystice

1898 4829 2052 4874 vocat
2076 4818 2342 4872 hominem
2367 4813 2659 4868 Salvatoris
2684 4811 2857 4866 nostri
2880 4813 3174 4868 secundum
3198 4830 3433 4879 carnem,

1900 4909 1991 4978 qui
2018 4927 2036 4959 ι
2066 4922 2187 4961 cum
2211 4905 2358 4959 dives
2377 4912 2536 4966 esset,
2554 4916 2750 4972 egenus
2776 4908 2993 4969 propter
3014 4903 3305 4959 nosfactus
3329 4914 3433 4968 est,

1900 5008 1959 5054 ut
1989 5014 2089 5053 nos
2119 4998 2235 5066 ejus
2274 4994 2452 5063 inopia
2481 4993 2672 5047 divites
2696 5004 2939 5045 essemus
2969 4994 3035 5043 ²¹.
3077 5012 3093 5042 ι
3118 4993 3280 5047 Suam
3311 5012 3436 5050 vero

1899 5092 2014 5159 ipse
2040 5088 2268 5158 inopiam
2299 5087 2381 5139 his
2412 5084 2590 5139 verbis
2619 5079 2905 5135 declaravit
2933 5094 2945 5129 :
2983 5097 3001 5129 ι
3038 5079 3239 5138 Discite
3264 5100 3294 5138 a
3327 5101 3432 5151 me,

1903 5180 2030 5250 quia
2058 5178 2200 5232 mitis
2234 5191 2351 5231 sum
2402 5181 2456 5228 et
2496 5169 2711 5225 humilis
2734 5166 2894 5219 corde
2926 5167 2995 5219 “.
3035 5187 3053 5219 ι
3102 5167 3239 5226 Huic
3272 5175 3436 5244 igitur

1897 5267 2116 5345 pauperi
2152 5266 2291 5319 Deus
2309 5272 2361 5319 et
2388 5263 2542 5316 Pater
2563 5260 2677 5328 ejus
2695 5256 3023 5345 humanitate
3055 5273 3117 5312 ac
3145 5261 3437 5321 dulcedine

1896 5344 1995 5417 sua
2020 5355 2273 5426 praedicta
2294 5353 2485 5406 omnia,
2522 5344 2869 5417 praeparavit;
2918 5344 3161 5400 videlicet
3190 5351 3435 5416 pluviam

1898 5446 2277 5507 voluntariam,
2319 5441 2587 5512 praefatam
2622 5432 2984 5488 haereditatem
3030 5442 3082 5487 ct
3132 5452 3439 5493 memorata

2554 5619 2599 5648 ⁸³
2630 5614 2670 5665 ll
2697 5612 2818 5669 Cor.
2846 5625 2964 5674 vlu,
3000 5613 3050 5665 9.
3162 5617 3211 5646 ⁸⁸
3246 5617 3443 5669 Matth.
