3818 6374
390 393 493 447 6135

1065 383 1320 439 EUSEBII
1359 379 1819 436 CIESARIENSIS
1857 378 2004 434 OPP.
2043 378 2219 431 PARS
2254 375 2340 429 Ill.
2382 402 2449 412 -——
2486 369 2913 426 EXEGETICA.

3563 353 3659 408 696

390 512 660 563 animalia.
695 505 1047 572 Quamobrem
1099 508 1219 568 post
1270 499 1384 553 hazc
1424 498 1603 553 omnia
1633 495 1859 550 i‘nfertur
1892 513 1898 547 :

2200 491 2267 545 τὰ
2311 488 2671 560 προλεχθέντα
2704 487 2911 537 πάντα·
2948 479 3125 545 λέγω
3174 474 3243 572 δε
3276 468 3662 572 τὴνκέκοὶῖσιον

395 617 414 649 ι
437 595 642 651 Parasti
667 597 720 648 in
752 591 1030 646 dulcedine
1078 598 1169 641 tua
1194 588 1432 656 pauperi.
1485 586 1740 641 Dominus
1764 586 1910 639 dabit

387 687 607 741 verbum
633 679 1119 750 evangelizantibus
1148 678 1342 731 virtute
1373 677 1557 735 multa.
1598 696 1617 731 ι
1650 675 1771 731 Haec
1789 683 1913 730 sunt

389 776 637 843 praeclara
668 770 874 825 Domini
918 781 1102 836 Opera,
1134 767 1225 834 qui
1283 768 1523 822 ascendit
1551 783 1713 836 super
1756 782 1913 821 occa-

389 881 524 919 sum.
553 862 812 928 Quoniam
844 874 971 913 vero
1000 872 1062 911 ea
1091 856 1340 911 omnibus
1367 857 1630 911 declarari
1655 857 1911 926 oportuit,

388 955 439 1007 id
461 955 619 1007 etiam
655 952 771 1019 ipse
823 948 1081 1003 Dominus
1131 955 1250 1015 post
1270 947 1474 1015 reliqua
1516 948 1693 1001 omnia
1735 946 1910 1001 allicit.

384 1041 658 1109 Quomodo
704 1048 757 1095 et
798 1056 901 1109 qua
931 1039 1180 1092 ratione?
1208 1037 1526 1095 Hominibus
1572 1039 1784 1108 quidem
1823 1040 1912 1107 qui

386 1148 481 1187 nec
504 1130 774 1200 proprium
799 1130 1019 1183 verbum
1047 1145 1145 1183 nec
1174 1129 1442 1197 propriam
1470 1129 1784 1197 sapientiam
1819 1128 1914 1181 ha-

384 1225 528 1284 bent,
554 1222 648 1276 sed
677 1221 767 1290 qui
802 1222 1022 1275 omnino
1081 1221 1243 1274 rudes
1268 1220 1593 1275 etineruditi
1620 1226 1764 1281 sunt,
1802 1220 1914 1287 ipse

380 1312 601 1366 verbum
650 1310 1011 1379 suppeditabit
1055 1310 1267 1378 plenum
1325 1308 1673 1362 inenarrabili
1700 1307 1912 1359 virtute.

380 1400 483 1469 lpsi
540 1414 668 1453 vero
703 1398 940 1453 roborati
988 1406 1040 1451 et
1094 1399 1291 1453 tradito
1333 1398 1438 1452 sibi
1490 1398 1650 1451 verbo
1701 1396 1913 1461 diserti,

380 1504 650 1557 praecones
680 1488 943 1541 bonorum
994 1487 1160 1541 totius
1191 1487 1377 1540 mundi
1428 1486 1839 1545 constituentur,
1862 1493 1917 1535 ut

380 1588 674 1633 memorata
707 1579 1013 1633 hominibus
1066 1580 1319 1633 omnibus
1370 1578 1707 1632 annuntient.
1744 1576 1918 1641 Quare

379 1677 767 1737 consequenter
794 1677 915 1738 post
944 1670 1195 1737 praeclara
1246 1670 1337 1722 illa
1388 1667 1598 1721 Domini
1630 1682 1791 1736 opera
1825 1666 1918 1719 ad-

376 1759 561 1826 jicitur
585 1757 713 1811 illud
757 1776 771 1810 :

2012 556 2225 655 θροχήν,
2253 556 2691 649 τὴννδηλωθείσαν
2714 566 3150 655 κληρονομίαν,
3177 560 3256 614 τὰ
3283 556 3668 655 προλεχθὲντα

2010 647 2267 738 ’Διὸ
2307 647 2414 730 τοῖς
2460 668 2622 718 πᾶσιν
2659 663 3042 731 ἐπενήνεκται
3086 654 3205 715 τὸ,
3249 668 3273 702 ι
3322 647 3668 738 Ἠτοίμαοας

2011 735 2067 815 ἐν
2111 764 2174 831 τῇ
2208 755 2528 829 χρηστότητι
2578 770 2671 805 σου
2716 750 2796 820 τῷ
2844 745 3096 816 πτωχῷ.
3148 740 3389 831 Κύριος
3418 735 3672 831 Madet—ti)

2012 827 2173 921 ῥῆμα⁷
2363 842 2878 913 εὐαγγελιζομένοις
2927 836 3198 903 δυνάμει
3260 829 3475 921 πολλῇΣ
3534 846 3553 877 ι
3596 827 3672 921 ’ξά

2174 934 2568 1007 κατορθώματα
2616 931 2712 985 τοῦ
2769 924 3215 995 ἐπιϐεϐηκότος
3278 920 3385 971 ἐπὶ
3451 916 3673 988 δυσμιῖιν

2011 1030 2214 1100 Κυρίου
2242 1026 2481 1081 τοιαῦτα.
2524 1023 2678 1076 Ἐπεὶ
2708 1021 2752 1073 δ’
2787 1019 2965 1089 ἐχρῆν
2995 1013 3166 1069 αὐτὰ
3202 1010 3544 1075 ὲξάκουστα
3574 1011 3674 1061 πᾶ-

2014 1138 2095 1173 σιν
2131 1117 2431 1187 ἀνθρώποις
2460 1112 2737 1183 γενέσθαι,
2786 1109 2958 1161 πάλιν
2996 1109 3030 1159 ὁ
3082 1104 3278 1166 αὐτὸς
3323 1101 3547 1172 Κύριος
3585 1103 3674 1153 καὶ

2010 1211 2166 1263 τοῦτο
2206 1209 2342 1280 πρὸς
2380 1207 2496 1268 τοῖς
2538 1202 2720 1264 ἄλλοις
2765 1200 3044 1252 ἐπιτελεῖ.
3105 1193 3257 1255 Πῶς
3297 1192 3365 1245 δὲ
3417 1192 3522 1243 καὶ
3561 1191 3673 1243 τίνα

2010 1301 2235 1371 τρόπον;
2291 1295 2623 1366 Ἀνθρώποις
2672 1293 2747 1362 μὴ
2787 1291 3019 1361 ἔχουσιν
3084 1287 3242 1338 ἴδιον
3296 1282 3475 1349 λόγον
3499 1320 3515 1343 ,
3548 1280 3673 1351 μηδὲ

2012 1390 2212 1442 οἰκείαν
2263 1386 2473 1454 σοφίαν,
2510 1382 2793 1444 παντελῶς
2839 1380 2899 1433 δὲ
2954 1375 3241 1436 ἰδιώταις
3290 1375 3674 1441 ἀνεπιστήμο-

2015 1495 2116 1541 σιν,
2164 1475 2322 1535 αὐτὸς
2364 1471 2757 1543 ὲπιχορηγήσει
2811 1469 2974 1539 ῥῆμα
3016 1464 3254 1536 μεστὸν
3306 1461 3540 1529 άφάτου
3587 1462 3673 1513 καὶ

2015 1568 2210 1638 πολλῆς
2247 1567 2543 1634 δυνάμεως.
2593 1564 2654 1615 Οί
2698 1561 2758 1613 δὲ
2802 1557 3276 1629 δυναμωθέντες
3321 1554 3429 1608 καὶ
3466 1570 3673 1622 στομω-

2015 1658 2195 1719 θέντες
2228 1656 2330 1708 ὑπὸ
2358 1652 2448 1706 τοῦ
2486 1651 2826 1722 δωρηθέντος
2860 1650 3069 1710 αὐτοῖς
3112 1647 3401 1717 ῥήματος
3438 1644 3673 1713 κήρυκες

2015 1747 2227 1816 ἀγαθῶν
2272 1745 2364 1798 τοῦ
2407 1743 2607 1805 παντὸς
2650 1740 2862 1810 κόσμου
2898 1737 3409 1807 καταστήσονται
3446 1735 3673 1802 εὐαγγε-

380 1849 640 1919 λιζόμενοι
689 1851 849 1901 πᾶσιν
896 1849 1197 1918 ἀνθρώποις
1239 1849 1311 1901 τά
1356 1849 1771 1919 προλελεγμένα.
1824 1845 1912 1897 Διὸ
1949 1839 2251 1901 ἀκολούθως
2286 1843 2397 1900 τοῖς
2437 1834 2531 1889 τοῦ
2565 1836 2775 1889 Κυοίου
2847 1831 3342 1903 κατορθώμασιν
3420 1832 3674 1900 ἐπενήνε-

380 1956 500 1992 κται
526 1941 584 1993 τό
611 1958 626 1971 ο

454 2074 474 2105 ι
506 2056 763 2112 Dominus
786 2058 931 2111 dabit
952 2058 1172 2111 verbum
1201 2059 1689 2126 evangelizantibus
1721 2057 1916 2111 virtute
1944 2063 1962 2116 l

2162 2049 2359 2119 Κύριος
2404 2046 2561 2099 δώσει
2601 2045 2751 2115 ῥῆμα
2799 2044 2925 2105 τοῖς
2965 2041 3552 2110 εὐαγγελιζομένοις
3586 2039 3670 2094 δυ-

381 2145 564 2197 multa.
606 2166 622 2196 ι
644 2145 1014 2200 Necessarium
1041 2161 1173 2199 vero
1211 2147 1311 2199 fuit
1340 2147 1390 2200 id
1424 2163 1522 2200 nos
1554 2160 1897 2216 cognoscere,

379 2237 504 2303 quia
525 2238 774 2305 superius
800 2237 1017 2305 quidam
1056 2236 1195 2304 jussi
1227 2245 1353 2291 sunt
1378 2219 1573 2289 canere
1601 2248 1652 2291 et
1684 2237 1913 2305 psallere

379 2322 508 2388 Deo,
540 2324 745 2391 iterque
777 2323 953 2377 facere
983 2324 1031 2377 ei
1055 2324 1145 2393 qui
1174 2325 1416 2378 ascendit
1443 2340 1602 2393 super
1624 2339 1908 2379 occasum:

379 2412 537 2481 idque
567 2412 800 2465 declarat
854 2414 1037 2467 dicens
1075 2432 1088 2465 :
1124 2432 1142 2463 ι
1180 2410 1451 2469 ’Βοιηὶηυε
1498 2415 1645 2468 dabit
1695 2413 1911 2468 verbum

380 2501 867 2570 evangelizantibus
904 2503 1100 2556 virtute
1147 2504 1329 2556 multa.
1372 2523 1393 2554 ›
1438 2502 1532 2556 liis
1572 2504 1714 2557 enim
1746 2519 1911 2558 evan-

380 2590 752 2658 gelizantibus,
779 2590 868 2658 qui
904 2606 1002 2644 suo
1022 2591 1087 2643 ad
1113 2591 1356 2645 homines
1377 2592 1628 2645 transitui
1659 2593 1799 2644 viam
1826 2608 1913 2661 pa-

381 2679 597 2742 rabunt,
638 2678 753 2747 ipse
785 2680 876 2748 qui
916 2679 1316 2732 annuntiandus
1346 2680 1437 2733 ab'
1464 2680 1594 2747 ipsis
1635 2690 1735 2739 est,
1767 2681 1914 2735 dabit

385 2770 597 2824 verbum
629 2770 891 2823 divinum.
921 2768 1052 2821 Nam
1082 2769 1234 2821 inulti
1291 2778 1443 2822 erant
1484 2769 1723 2836 ejusdem
1763 2771 1912 2824 verbi

381 2874 605 2928 capaces
636 2875 755 2914 cum
786 2861 984 2913 virtute
1012 2859 1176 2911 multa
1203 2877 1217 2911 :
1247 2873 1603 2927 magnumque
1636 2860 1765 2928 ipsis
1802 2870 1915 2913 erat

382 2950 685 3018 hujusmodi
713 2950 954 3007 verbum.
985 2950 1126 3017 quod
1156 2948 1221 3001 ad
1260 2948 1531 3015 Evangelii
1559 2950 1912 3003 ministerium

385 3043 665 3097 suiﬁceret.
707 3041 825 3111 Ipse
864 3056 1094 3110 namque
1148 3039 1406 3093 Dominus
1459 3040 1752 3107 perfectum
1800 3048 1915 3094 erat

382 3131 475 3186 Dei
504 3131 758 3186 Verbum.
784 3130 824 3182 li
854 3146 980 3184 vero
1010 3132 1100 3199 qui
1125 3131 1344 3183 verbum
1402 3138 1723 3199 acceperunt
1766 3129 1912 3183 brevi

384 3222 615 3291 quodam
662 3220 879 3275 virtutis
914 3220 1032 3288 ejus
1080 3220 1257 3273 amatu
1293 3218 1515 3287 dignati,
1561 3219 1757 3272 virtute
1794 3233 1913 3270 cum

383 3311 549 3364 multa
570 3310 940 3380 praedicantes,
966 3310 1276 3363 universum
1299 3308 1481 3361 orbem
1519 3306 1802 3376 Evangelia
1820 3323 1914 3385 re-

384 3402 661 3469 pleverunt
698 3400 882 3468 :quod
911 3401 1024 3468 ipse
1054 3400 1240 3454 iisdem
1290 3398 1558 3466 pollicitus
1605 3398 1689 3450 his
1738 3397 1915 3451 verbis

385 3499 499 3543 erat
530 3509 542 3542 ε
583 3508 601 3539 ‹
626 3488 736 3542 Vos
763 3499 936 3542 autem
965 3489 1239 3558 accipietis
1265 3488 1512 3540 virtutem
1539 3489 1916 3556 supervenien-

387 3582 457 3635 tis
491 3579 725 3649 Spiritus
767 3578 938 3632 sancti
967 3579 1019 3630 in
1064 3593 1159 3630 vos
1179 3577 1257 3639 ";
1292 3596 1308 3626 ι
1340 3575 1642 3629 Secundum
1676 3576 1916 3648 Symma-

387 3671 544 3723 chum
602 3676 827 3720 autem:
893 3685 911 3716 ι
973 3665 1250 3725 Dominus,
1318 3666 1513 3734 inquit,
1566 3668 1710 3721 dedit
1754 3669 1915 3721 verba

389 3758 777 3827 evangelizanti
803 3756 1061 3811 exercitui
1090 3757 1277 3809 multo.
1322 3774 1338 3806 )
1367 3756 1557 3825 lugens
1579 3767 1753 3813 autem
1803 3768 1916 3813 erat

389 3850 682 3904 Salvatoris
710 3848 876 3903 nostri
906 3847 1191 3911 exercitus,
1238 3861 1421 3899 eorum
1482 3848 1684 3901 sciiicet
1723 3849 1916 3918 quibus

388 3941 550 3994 verba
597 3939 686 3992 illa
716 3937 838 3990 data
869 3945 920 3991 et
962 3935 1273 3987 annuntiata
1311 3933 1521 3988 fuerant
1550 3954 1564 4001 ;
1602 3936 1774 4004 primo
1794 3937 1915 4006 qui-

388 4027 509 4081 dem
541 4027 902 4095 apostolorum
936 4023 1252 4087 duodecim;
1278 4023 1513 4078 secundo
1531 4026 1915 4094 discipulorum

389 4116 755 4186 septuaginta;
798 4121 990 4183 praater
1029 4112 1142 4167 hac
1176 4128 1303 4167 vero
1333 4113 1559 4167 aliorum
1602 4117 1918 4185 quingento-

388 4219 529 4266 rum,
553 4204 749 4273 quibus
772 4203 935 4257 simul
962 4208 1083 4271 post
1105 4202 1551 4257 resurrectionem
1579 4205 1844 4274 apparuit,
1862 4215 1918 4257 ut

388 4293 602 4347 divinus
646 4291 933 4362 Apostolus
957 4289 1274 4347 testificatur
1304 4291 1387 4345 his
1408 4292 1585 4345 verbis
1619 4310 1633 4347 :
1666 4311 1685 4343 ι
1721 4292 1918 4346 Deinde

386 4384 535 4438 visus
557 4391 640 4438 est
676 4383 975 4452 plusquam
1011 4381 1316 4450 quingentis
1348 4380 1603 4435 fratribus
1623 4382 1781 4436 simul
1814 4398 1827 4436 :
1854 4395 1918 4435 ex

388 4474 585 4541 quibus
612 4471 764 4525 multi
811 4478 1029 4525 manent
1057 4486 1226 4540 usque
1269 4471 1463 4537 adhuc,
1493 4472 1707 4540 quidam
1742 4482 1918 4526 autem

386 4563 722 4617 dormierunt
749 4563 832 4627 ²⁸;
867 4580 887 4611 ι
911 4571 1093 4630 postea
1124 4561 1397 4630 subjungit
1426 4580 1438 4614 :
1485 4580 1504 4612 ι
1539 4560 1738 4616 Deinde
1770 4563 1919 4617 visus

2008 2143 2164 2212 νάμει
2207 2139 2392 2208 πολλῇ.
2430 2156 2448 2187 ι
2494 2137 2819 2202 Ἀναγκαῖον
2861 2134 2923 2186 δέ
2975 2128 3061 2203 ἦν
3110 2132 3351 2201 γνῶναι
3386 2134 3545 2202 ἡμᾶς
3586 2133 3670 2185 καὶ

2010 2236 2181 2287 τοῦτο.
2235 2228 2448 2298 Ἐπειδὴ
2491 2227 2752 2297 ἀνωτέρω
2808 2222 3274 2294 παρεκελεύετό
3326 2240 3484 2275 τισιν
3534 2224 3671 2293 ᾅδειν

2011 2325 2104 2378 καί¹
2147 2322 2365 2391 ψάλλειν
2405 2317 2482 2388 τῷ
2522 2316 2662 2387 Θεῷ,
2706 2317 2993 2370 ὁδοποιεῖν
3054 2332 3127 2367 τε
3175 2314 3271 2384 τῷ
3310 2314 3668 2383 ἐπιόεὸηκὸτι

2010 2417 2099 2469 ἐπὶ
2149 2412 2397 2482 δυσμῶν,
2447 2408 2799 2479 παρέστησεν
2857 2404 3085 2459 εἰπών·
3149 2426 3173 2456 ε
3237 2406 3471 2476 Κύριος
3515 2406 3668 2458 δώσει

2013 2507 2160 2576 ῥῆμα
2192 2506 2301 2565 τοῖς
2335 2497 2851 2567 εὐαγγελιζομένοις
2897 2495 3169 2565 δυνάμει
3224 2495 3443 2566 πολλῇ.
3486 2514 3505 2546 ι
3538 2494 3665 2548 T05-

2009 2612 2119 2656 τοις
2152 2592 2258 2662 γὰρ
2286 2594 2396 2653 τοῖς
2423 2585 2951 2656 εὐαγγελιζομένοις
2974 2586 3090 2638 καὶ
3115 2585 3501 2639 ὁδοποιοῦσιν
3528 2584 3670 2653 αὐτῷ

2009 2685 2104 2755 τὴν
2130 2686 2207 2745 εἰς
2230 2679 2543 2750 ἀνθρώπους
2572 2675 2808 2746 πάροδον
2823 2675 3003 2737 αὐτὸς
3033 2678 3068 2728 ὀ
3107 2677 3272 2747 πρὸς
3301 2676 3501 2731 αὐτῶν
3546 2696 3669 2731 κατ-

2012 2773 2393 2842 αγγελλόμενος
2452 2768 2612 2820 δώσει
2680 2766 2835 2837 ῥῆμα
2917 2765 3156 2821 θεῖκόν.
3226 2768 3514 2822 Τοσοῦτοι
3565 2768 3665 2835 γὰο

2008 2858 2145 2931 ἦσαν
2193 2855 2483 2929 χωρητικοὶ
2529 2854 2624 2906 σὺν
2670 2852 2845 2922 πολλῇ
2884 2856 3190 2925 δυνάμειο
3242 2858 3353 2911 καὶ
3403 2858 3552 2928 μέγα
3600 2854 3662 2926 ἦν

2011 2955 2190 3014 αὐτοῖς
2216 2951 2363 3001 τουτὶ
2386 2948 2445 3000 τὸ
2478 2947 2630 3017 ῥῆμα
2657 2947 2753 2997 καὶ
2793 2944 3101 3017 αὔταρκες
3137 2951 3233 3012 εἰς
3265 2949 3379 3019 τὴν
3421 2950 3520 3002 τοῦ
3567 2949 3664 3001 E5-

2011 3038 2257 3107 αγγελίου
2299 3036 2593 3089 διακονίαν.
2644 3034 2819 3096 Αὐτὸς
2860 3035 2970 3103 μὲν
3022 3036 3150 3108 γὰρ
3188 3039 3223 3089 ὁ
3256 3039 3487 3109 Κύριος
3529 3040 3559 3091 ὁ
3584 3037 3666 3090 τέ-

2009 3112 2149 3190 λείος
2192 3124 2261 3197 ἦν
2290 3124 2381 3177 τοῦ
2424 3124 2559 3177 Θεοῦ
2593 3125 2789 3192 Λόγος.
2833 3126 2900 3176 Οἱ
2935 3125 2999 3177 δὲ
3042 3126 3227 3197 ῥῆμα
3272 3128 3552 3190 λαϐόντες
3579 3130 3664 3179 καὶ

2013 3219 2262 3290 βραχείας
2288 3217 2427 3279 τινὸς
2449 3216 2549 3285 τῆς
2575 3215 2741 3267 αὑτοῦ
2762 3215 3071 3285 δυνάμεως
3102 3219 3505 3287 ἐμπνεύσεως
3545 3236 3665 3272 κατ-

2013 3308 2322 3373 ἀξιωθέντες
2351 3305 2450 3375 τὴν
2505 3305 2800 3375 σύμπασαν
2846 3306 3158 3377 ἐπλήρουν
3189 3311 3551 3381 οἰκουμένην
3576 3309 3665 3362 τοῦ

2014 3396 2336 3466 Εὐαγγελίου
2379 3396 2474 3448 σὺν
2516 3394 2684 3465 πολλῇ
2730 3395 2973 3465 δυνάμει
3024 3399 3469 3470 κηρύττοντες.
3504 3400 3669 3454 Τοῦτο

2014 3490 2138 3557 γοῦν
2166 3488 2255 3541 καὶ
2289 3486 2589 3557 ἐπήγγελτο
2621 3488 2808 3550 αὐτοῖς
2829 3488 2899 3539 δι’
2929 3490 3153 3543 ἑαυτοῦ
3182 3495 3267 3562 φή
3279 3511 3415 3558 σαςο
3440 3515 3460 3545 ‹
3486 3496 3669 3565 Ὑμεῖς

2014 3581 2070 3633 δὲ
2098 3579 2329 3648 λήψεσθε
2360 3578 2586 3647 δύναμιν
2615 3577 2949 3642 ἐπελθόντος
2978 3581 3083 3633 τοῦ
3119 3583 3307 3651 ἁγίου
3342 3585 3667 3655 Πνεύματος

2014 3672 2096 3738 ἐφ’
2125 3670 2286 3739 ὑμᾶς.
2320 3687 2339 3718 ι
2366 3668 2525 3720 Κατὰ
2550 3667 2606 3719 δέ
2632 3666 2724 3719 τὸν
2750 3668 3095 3740 Σύμμαχον,
3135 3693 3159 3723 ‹
3197 3675 3458 3747 Κύριος,
3485 3678 3664 3745 φησιν,

2013 3759 2174 3812 ἔδωκε
2226 3760 2407 3828 ῥήσεις
2438 3758 2514 3825 (1)
2549 3758 3032 3832 εὐαγγελιζομένῃ
3075 3768 3345 3835 στρατιᾷ
3396 3766 3596 3837 πολλῇ.
3646 3784 3664 3815 >

2014 3847 2240 3917 Στρατιά
2271 3846 2325 3898 δὲ
2346 3842 2413 3916 ἦν
2442 3844 2731 3915 πολλὴτοῦ
2766 3847 3041 3919 Σωτῆρος
3070 3852 3256 3921 ἡμῶν
3288 3856 3327 3925 ἡ
3364 3855 3486 3907 τῶν
3518 3857 3668 3922 εὐαγ-

2014 3935 2369 4005 γελιζομένων
2398 3935 2495 3997 τὰς
2523 3934 2775 4000 δοθείσας
2799 3939 2999 4003 αὐτοῖς
3034 3943 3272 4012 ῥήσεις,
3301 3944 3544 4014 πρῶτον
3576 3946 3668 4015 μὲν

2015 4024 2319 4079 ἀποστόλων
2366 4023 2453 4076 ιϐ’·
2497 4024 2691 4079 ἔπειτα
2738 4029 3015 4100 μαθητῶν
3050 4033 3119 4084 θ’·
3159 4036 3273 4088 καὶ
3319 4038 3425 4090 ἐπὶ
3459 4038 3667 4097 τούτοις

2016 4113 2210 4183 ἑτέρων
2246 4118 2316 4180 φ’,
2362 4109 2443 4174 οἷς
2472 4113 2687 4182 ἀθρόως
2726 4118 2908 4187 ἐφάνη
2964 4120 3121 4189 μετὰ
3168 4125 3290 4195 τὴν
3333 4126 3663 4185 ἀνάστασιν,

2016 4203 2088 4266 ὡς
2116 4203 2144 4254 ὁ
2177 4202 2314 4266 θεῖος
2346 4204 2731 4274 ἐμαρτύρησεν
2756 4209 3107 4276 Ἀπόστολος
3131 4215 3351 4271 εἰπών’
3380 4237 3401 4270 ι
3434 4220 3667 4271 Ἔπειτα

2017 4290 2169 4360 ὤφθη
2201 4291 2383 4344 ἐπάνω
2416 4297 2469 4359 φ’
2496 4293 2750 4362 ἀδελφοῖς
2780 4298 3037 4364 ἐφάπαξ·
3080 4302 3145 4368 ἐξ
3188 4298 3279 4357 ὧν
3326 4308 3382 4358 οἱ
3419 4306 3665 4366 πλείονες

2022 4383 2237 4452 μένουσι
2279 4381 2383 4444 ἓως
2428 4382 2585 4451 ἄρτι,
2619 4387 2766 4448 τινὲς
2804 4388 2864 4441 δὲ
2913 4393 3017 4444 καὶ
3056 4395 3494 4469 ἐκοιμήθησαν’
3537 4419 3556 4450 ι
3589 4393 3666 4459 οἷς

2017 4472 2269 4540 ἐπιλέγει·
2321 4490 2340 4524 ί
2373 4474 2605 4526 Ἔπειτα
2649 4474 2812 4548 ὤφθη
2847 4484 2969 4544 τοῖς
3020 4485 3380 4551 ἀποστόλοις
3410 4491 3606 4542 πᾶσιν.
3641 4506 3661 4536 ι

2016 4559 2191 4615 Ἦσαν
2219 4561 2326 4632 γὰρ
2354 4563 2474 4631 (sic)
2503 4559 2645 4634 ἦσαν
2690 4568 2789 4620 καὶ
2837 4573 2987 4639 μετὰ
3043 4578 3176 4639 τοὺς
3231 4578 3334 4643 ιϐ’,
3375 4580 3486 4633 καὶ
3530 4578 3665 4650 μετὰ

388 4661 471 4708 est
525 4652 780 4721 apostolis
832 4652 1080 4706 omnibus
1112 4653 1178 4704 “.
1220 4670 1242 4703 ›
1298 4651 1363 4703 Ει
1405 4658 1556 4705 erant
1607 4667 1736 4707 sane
1794 4667 1896 4707 cun

2157 4657 2248 4752 ‘0',
2291 4652 2400 4752 καῖ.
2441 4653 2580 4723 μετὰ
2611 4656 2745 4752 τοὺς
2788 4665 2839 4726 φ’
2870 4660 3067 4733 ἕτεροι
3120 4666 3366 4732 πλείους
3417 4671 3665 4741 κήρυκες

388 4743 496 4797 illis
533 4742 833 4803 duodecim,
884 4756 1007 4795 cum
1043 4742 1148 4796 illis
1187 4742 1548 4811 septuaginta,
1579 4749 1633 4796 et
1661 4757 1780 4796 cum
1814 4743 1917 4798 illis

389 4831 714 4899 quingentis,
768 4830 858 4884 alii
904 4831 1037 4884 bene
1086 4832 1238 4884 multi
1299 4830 1568 4899 Evangelii
1625 4848 1914 4901 praecones,

393 4919 703 4986 apostolicis
748 4918 1099 4986 temporibus,
1139 4924 1190 4971 et
1219 4927 1341 4986 post
1392 4919 1512 4973 illos
1560 4920 1671 4981 alii,
1699 4919 1790 4988 qui
1824 4936 1919 4988 per

389 5011 558 5059 totum
583 5009 763 5062 orbem
796 5009 851 5061 in
875 5007 1127 5061 Ecclesiis
1148 5007 1487 5078 Evangelium
1515 5010 1632 5077 ejus
1662 5011 1917 5078 praedica-

394 5102 540 5158 runt,
565 5097 759 5163 quibus
794 5111 885 5150 rex
919 5096 1174 5149 virtutum
1221 5097 1413 5151 Dilecti
1441 5100 1689 5152 virtutem
1724 5115 1915 5168 suppe-

396 5179 620 5237 ditabat.
650 5184 781 5236 Aliae
809 5185 935 5237 item
973 5192 1164 5252 praeter
1207 5186 1326 5240 illas
1356 5195 1511 5242 erant
1534 5187 1721 5241 Dilecti
1746 5189 1916 5242 virtu-

396 5275 500 5329 tes,
523 5271 768 5325 cmlestes
803 5273 1055 5326 nimirum
1088 5276 1376 5341 exercitus,
1404 5278 1596 5346 angeli,
1630 5277 1926 5348 archange-~

398 5353 438 5405 ii
462 5362 517 5407 et
542 5358 707 5410 divini
731 5361 966 5427 spiritus.
999 5360 1089 5415 Hae
1110 5364 1335 5421 virtutes
1360 5367 1548 5421 Dilecti
1570 5373 1741 5421 erant.
1775 5365 1917 5432 Qua-

377 5489 391 5525 ,’
468 5500 516 5533 at
538 5502 655 5556 Αρι,
692 5522 731 5567 ι,
763 5510 813 5559 8δ
886 5511 930 5541 ²⁵
953 5511 971 5561 1
998 5511 1121 5565 Cor.
1157 5530 1242 5578 xv,
1283 5517 1336 5570 6.
1410 5519 1454 5552 ⁸³⁸
1475 5519 1600 5572 ibid-
1631 5518 1677 5571 τι

476 5651 550 5719 (ι)
592 5651 826 5721 Drusius,
854 5659 1363 5729 εὐαγγελιζομένοις.

2019 4739 2108 4793 τοῦ
2134 4739 2486 4807 Εὐαγγελίου,
2534 4745 2680 4798 κατά
2706 4763 2766 4798 τε
2804 4750 2939 4812 τοὺς
2973 4754 3210 4822 χρόνους
3245 4758 3394 4821 τοὺς

2019 4830 2219 4894 λικοὺς,
2251 4832 2346 4885 καὶ
2383 4836 2498 4902 μετ’
2533 4836 2780 4901 ἐκείνους
2820 4839 3013 4911 ἕτεροι
3050 4846 3106 4897 οἱ
3150 4847 3305 4900 κατὰ
3347 4850 3543 4901 πᾶσαν
3565 4847 3661 4916 τὴν

2018 4922 2335 4993 οἰκουμένην
2369 4926 2428 4977 ἐν
2465 4930 2585 4991 ταῖς
2619 4928 2985 5000 Ἐκκλησίαις
3010 4936 3183 4990 αὐτοῦ
3203 4937 3273 4989 τὸ
3311 4939 3659 5008 Εὐαγγέλιον

2020 5012 2183 5065 αὐτοῦ
2207 5016 2587 5085 κηρύττοντες,
2611 5015 2693 5083 οἷς
2716 5024 2746 5075 ὁ
2776 5022 3043 5092 βασιλεὺς
3076 5028 3188 5079 τῶν
3221 5028 3535 5099 δυνάμεων
3560 5029 3658 5100 τὴν

2017 5100 2111 5191 τοῦ,
2144 5103 2453 5177 Ἀγαπητοῦ
2499 5110 2729 5181 δύναμιν
2782 5116 3066 5185 ἐχορήγει.
3108 5118 3351 5187 ’Ἐτεραι
3396 5120 3457 5171 δὲ
3502 5119 3655 5191 παρά

2019 5190 2361 5259 ταύταιςτοῦ
2398 5200 2710 5272 Ἀγαπητοῦ
2734 5203 3002 5274 δυνάμεις
3032 5202 3179 5276 ἦσαν
3214 5211 3279 5260 αἱ
3316 5213 3450 5263 κατ’
3484 5190 3653 5281 οὐρα-

2019 5281 2110 5374 νὸν
2136 5291 2409 5357 στρατιαὶ,
2439 5294 2659 5365 ἄγγελοι
2693 5298 2791 5351 κα)⁸
2819 5296 3174 5368 ἀρχάγγελοι,
3201 5299 3318 5351 καὶ
3350 5300 3653 5374 πνεύματα

2021 5372 2159 5429 θεῖα.
2195 5374 2371 5437 Δῦται
2413 5387 2523 5461 γὰρ
2562 5384 2703 5459 ἦσαν
2746 5392 2804 5444 αἰ
2839 5388 3094 5459 δυνάμεις
3132 5388 3244 5441 τοῦ
3296 5372 3646 5465 ’Δγαπητοῦ.
