3818 6368
79 419 152 473 691

1336 382 1822 440 COMMENTARl-A
1857 382 1923 438 IN
1960 383 2289 442 PSALMOS.

3296 389 3398 443 €08

78 533 150 588 ωδ
170 515 281 587 κδ
296 492 484 588 ριξξ
516 485 1020 588 τῷν-δυνάμεων
1054 504 1421 574 ἀνηγόρευται.
1478 502 1741 588 ’Δγαπητο

1873 517 1931 557 re
1960 502 2215 559 Dominus
2246 505 2502 558 virtutum
2544 514 2784 559 vocatur.
2832 506 3065 568 Dilectus
3092 513 3264 561 autem
3299 505 3391 559 Dei

78 570 257 675 ἓζτέζ
278 570 489 675 θεοῦ
524 577 621 643 τίς
652 579 737 656 ἦν
768 590 810 661 ἢ
925 570 1238 665 Μονογενηςν
1258 596 1382 657 Υἱὸς
1412 594 1500 646 τοῦ
1526 570 1687 656 Beati;
1721 585 1765 660 ᾧ

86 662 263 779 ἰξυῖ(
280 662 469 753 ρ”κὴ
501 674 681 779 ψ’*Ὓῆ
711 680 1040 755 ἐμαρτύρει
1084 662 1298 756 φήσασα
1319 701 1332 714 °
1365 703 1382 735 ι
1423 680 1585 746 Οῦτύς
1624 685 1765 779 ἐστιν

105 764 129 849 θ
164 775 363 848 γυνά
396 772 528 849 ﬁt?“
580 764 612 815 ὁ
657 768 993 843 ἀγαπητὸς,
1027 778 1104 838 είς
1142 774 1199 826 ὃν
1238 774 1523 843 ηὐδόκησαο
1560 792 1576 823 ι
1604 765 1765 831 Dia-:0;

112 879 297 926 mkwv
390 842 421 895 δ
467 843 748 919 βασιλεὺς
803 861 924 915 τῶν
966 862 1058 915 τοῦ
1114 862 1412 932 Ἀγαπητοῦ
1451 861 1762 930 δυνάμεων,

154 959 369 1026 insz
411 941 536 1003 ταῖς
586 949 719 998 κατ’
774 950 1008 1021 οὐρανὸν
1055 952 1337 1021 δυνάμεσιν
1387 954 1630 1022 ἐχορήγει
1668 952 1764 1013 τὰς

166 1038 383 1096 ἑαυτοῦ
420 1033 771 1105 εὐεργεσίας,
812 1043 988 1105 οὕτως
1024 1044 1116 1097 καὶ
1150 1047 1257 1106 τοῖς
1286 1045 1375 1095 ἐπὶ
1404 1043 1504 1112 γῆς
1543 1043 1764 1109 εὐαγγε-

180 1132 505 1203 λιζομένοις
541 1131 728 1184 δίδωσι
754 1133 819 1185 τὸ
858 1134 1199 1201 εύαγγελικὺν
1235 1134 1381 1202 ῥῆμα
1419 1132 1512 1183 σὺν
1545 1131 1761 1199 δυνάμει

180 1225 397 1295 πολλῇ.
432 1224 544 1277 Καὶ
567 1224 721 1281 αὐτοὶ
760 1224 819 1276 δὲ
851 1207 993 1278 οὗτοι
1020 1226 1069 1277 οἱ
1101 1225 1189 1276 ἐπὶ
1222 1223 1323 1293 γῆς
1353 1224 1594 1293 στρατιαὶ
1624 1218 1761 1291 ἦσαν

176 1316 368 1370 αὐτοῦ
413 1316 511 1368 καὶ
559 1314 822 1383 δυνάμεις
865 1312 1046 1366 αὑτοῦ.
1074 1312 1160 1365 Διὸ
1194 1310 1328 1364 κατὰ
1355 1310 1442 1362 τὸν
1477 1310 1760 1379 Σύμμαχον

165 1405 471 1461 λέλεκταιο
514 1422 532 1454 ι
567 1402 820 1463 Βασιλεῖς
850 1401 955 1453 τῶν
997 1400 1284 1470 στρατειῶν
1322 1398 1695 1469 ἠγαπήθησαν,
1734 1416 1751 1448 ι

162 1497 228 1566 ἦ,
280 1495 586 1563 ἀγαπητοὶ
640 1494 903 1561 ἐγένοντο.
944 1490 1158 1553 Τούτοις
1198 1491 1252 1542 δὲ
1294 1490 1467 1552 αὐτοῖς
1510 1489 1600 1542 καὶ
1636 1488 1759 1542 ἄλλο

153 1585 444 1655 χάρισμα
478 1584 825 1653 ἐδωρήσατο·
850 1581 1004 1634 τοῦτο
1041 1581 1096 1632 δὲ
1126 1576 1191 1650 ἦν
1220 1580 1278 1632 τὸ
1308 1579 1569 1635 διελέσθαι
1591 1579 1756 1631 σκύλα

151 1679 247 1739 είς
295 1675 639 1745 ὡραιότητα
678 1674 771 1725 τοῦ
819 1674 986 1726 οἴκου.
1045 1671 1319 1741 Ὠραιότης
1363 1671 1457 1738 μὲν
1506 1671 1650 1721 οἴκου
1690 1669 1757 1721 τὰ

145 1767 571 1838 διαπρέποντα
622 1766 684 1815 ὲν
722 1766 788 1832 τῇ
836 1760 1123 1831 Ἐκκλησία
1152 1760 1241 1813 τοῦ
1281 1759 1412 1812 Θεοῦ
1452 1759 1534 1827 εἴη
1566 1758 1630 1810 ἂν
1657 1759 1753 1810 τά-

1864 594 1985 662 quis
2010 592 2188 658 fuerit,
2219 593 2323 647 nisi
2354 592 2665 664 Unigenitus
2698 595 2863 651 Filius
2892 596 3003 661 Dei,
3036 598 3119 651 eui
3142 596 3255 649 hac
3299 611 3393 663 pa-

1863 690 2014 736 terna
2041 699 2143 737 vox
2168 683 2554 737 testificabatur
2582 703 2595 739 :
2634 705 2651 736 ι
2691 684 2787 738 Hic
2818 694 2899 740 est
2926 686 3091 739 Filius
3128 702 3277 739 meus
3309 686 3391 739 di-

1863 773 2052 835 lectus,
2092 772 2147 825 in
2178 790 2284 841 quo
2312 774 2439 827 mihi
2476 762 2888 843 complacui"'?
2926 795 2942 827 ι
2970 774 3065 829 Hic
3088 776 3259 845 itaque
3298 791 3387 828 rex

1861 862 2113 914 virtutum
2140 860 2346 923 Dilecti,
2375 863 2815 932 quemadmodum
2847 864 3152 932 emlestihus
3172 864 3387 915 virtuti-

1860 951 1960 1004 bus
1991 952 2244 1005 beneficia
2289 968 2387 1007 sua
2430 954 2901 1017 subministrabat,
2934 956 3012 1009 sic
3039 963 3091 1009 et
3120 954 3387 1022 evangeli—

1862 1040 2106 1094 zantibus
2151 1043 2204 1093 in
2252 1048 2393 1094 terra
2442 1042 2661 1097 verbum
2717 1044 2807 1095 dat
2864 1044 3224 1113 evangelicum
3263 1056 3384 1094 cum

1861 1126 2054 1181 virtute
2088 1128 2270 1180 multa.
2302 1128 2343 1181 li
2375 1144 2500 1182 vero
2548 1130 2670 1198 ipsi,
2702 1133 2793 1198 qui
2847 1130 2899 1183 in
2934 1138 3074 1183 terra
3104 1130 3385 1199 degebant,

1858 1219 2124 1271 exercitus
2152 1227 2203 1272 et
2232 1219 2458 1273 virtutes
2499 1220 2615 1289 ejus
2662 1232 2833 1275 erant.
2889 1220 3063 1286 Quare
3092 1220 3385 1275 secundum

1860 1306 2232 1377 Symmachum
2281 1310 2510 1373 dicitur,
2552 1330 2570 1359 ι
2615 1309 2785 1380 Reges
2825 1312 3152 1365 exercituum
3206 1311 3384 1364 dilecti

1859 1405 2002 1462 sunt,
2034 1419 2050 1448 ι
2084 1400 2194 1454 sive
2223 1400 2401 1453 dilecti
2430 1411 2732 1458 evaserunt.
2780 1401 2874 1455 llis
2902 1418 3027 1456 vero
3060 1403 3190 1471 ipsis
3218 1404 3383 1455 altera
3410 1422 3413 1427 ·

1856 1490 2025 1559 gratia
2077 1491 2270 1543 collata
2306 1501 2418 1555 est;
2454 1491 2505 1544 id
2547 1501 2681 1555 erat,
2714 1500 2770 1545 ut
2803 1492 3098 1547 dividerent
3127 1494 3294 1561 spolia
3329 1494 3382 1546 in

1856 1580 2087 1647 speciem
2120 1580 2329 1635 domus.
2361 1580 2577 1651 Species
2614 1583 2826 1651 quidem
2857 1585 3045 1638 domus
3070 1582 3265 1638 fuerint
3295 1599 3385 1637 or-

1855 1668 1965 1719 nati
1993 1675 2045 1721 et
2070 1668 2247 1723 decori
2281 1669 2354 1722 illi
2387 1671 2440 1723 in
2469 1670 2705 1726 Ecclesia
2755 1672 2845 1725 Dei
2876 1671 3120 1738 ordines;
3157 1688 3382 1742 quorum

1854 1772 1913 1810 se
1943 1756 2190 1825 cupidum
2221 1758 2484 1827 quispiam
2509 1758 2925 1822 fatetur,dicens
2951 1780 2962 1814 :
2989 1779 3006 1809 ι
3033 1760 3272 1823 Domine,
3303 1761 3384 1813 di-

140 1873 392 1927 γματαο
442 1849 526 1908 ὧν
577 1855 674 1906 καί
701 1852 1036 1922 ἐπιθυμητὴς
1062 1850 1304 1920 ὁμολογεῖ
1344 1866 1425 1911 τις
1461 1849 1741 1917 γεγονέναι1

1853 1846 1952 1899 lexi
1984 1847 2229 1900 decorem
2252 1847 2442 1901 domus
2469 1855 2590 1911 tute,
2617 1859 2668 1902 ct
2694 1850 2867 1903 locum
2900 1848 3238 1902 habitationis
3272 1849 3383 1917 glo-

141 1947 387 2015 φήσαςο
422 1961 443 1994 σ
497 1942 721 2011 Κύριε,
759 1940 1016 2009 ἠγάπησα
1070 1938 1388 2008 εὐπρέπειαν
1442 1937 1587 1989 οἴκου
1637 1953 1748 2000 σου,

134 2034 251 2085 atat
310 2031 498 2083 τόπον
557 2027 916 2097 σκηνώματος
962 2025 1112 2095 δόξης
1164 2043 1275 2077 σου.
1329 2046 1347 2077 ι
1396 2025 1503 2077 Καὶ
1560 2023 1747 2076 πάλινο

141 2140 163 2171 ι
207 2122 390 2175 Μίαν
417 2121 725 2189 ᾐτησάμην
757 2116 907 2186 παρά
939 2117 1135 2185 Κυρίου
1156 2154 1170 2176 ,
1202 2114 1399 2184 ταύτην
1430 2114 1659 2183 ζητήσω,
1693 2113 1751 2165 τὸ

132 2214 460 2264 κατοικεῖν
498 2225 571 2278 με
598 2210 659 2260 ὲν
686 2209 818 2275 οἴκῳ
853 2204 1053 2275 Κυρίου
1092 2205 1263 2266 πάσας
1300 2204 1394 2264 τὰς
1425 2202 1629 2271 ἡμέρας
1656 2204 1751 2269 τῆς

132 2300 314 2367 ζωῆς
368 2317 476 2369 μου
500 2338 517 2361 ,
571 2295 669 2349 τοῦ
718 2296 937 2365 θεωρεῖν
985 2313 1051 2364 με
1080 2296 1174 2365 τὴν
1200 2293 1528 2364 τερπνότητα
1552 2292 1748 2361 Κυρίου

131 2392 248 2444 καὶ
290 2387 753 2443 ἐπισκέπτεσθαι
774 2386 863 2438 τόν
898 2386 1019 2438 ναὸν
1048 2385 1227 2437 αὑτοῦ.
1268 2405 1287 2436 ι

213 2499 320 2551 Τὰ
342 2500 527 2566 ’Ἀγια
548 2496 732 2549 τοίνυν
755 2494 861 2547 τῶν
886 2493 1050 2560 ἀγίων
1071 2492 1152 2563 εἴη
1180 2492 1243 2546 ἂν
1274 2494 1305 2563 ἡ
1337 2495 1627 2563 τερπνότης
1657 2497 1749 2547 καὶ

131 2588 455 2658 ὡραιότης
490 2584 591 2637 τοῦ
622 2583 772 2637 οἴκου
814 2582 906 2633 τοῦ
949 2582 1099 2634 Θεοῦ.
1142 2582 1318 2634 Ταῦτα
1352 2583 1407 2634 δέ
1448 2584 1557 2635 ἐστι
1600 2583 1667 2635 τὰ
1694 2584 1748 2634 ὲν

133 2676 514 2748 σωφροσύνῃ
546 2675 645 2727 καὶ
681 2673 891 2740 ἁγνείᾳ,
924 2674 1014 2726 καὶ¹
1043 2672 1361 2743 δικαιοσύνῃ,
1394 2672 1482 2725 καὶ
1508 2676 1623 2734 ταῖς
1646 2674 1751 2724 λοι-

134 2771 293 2829 παῖς
327 2768 573 2837 ἀρεταῖς
604 2762 973 2831 διαλάμποντα
1002 2764 1098 2831 τῆς
1143 2761 1454 2830 Ἐκκλησίας
1490 2761 1580 2814 τοῦ
1616 2762 1746 2814 Θεοῦ

132 2858 462 2926 τάγματα.
497 2857 596 2917 Είς
630 2854 687 2905 δὲ
710 2853 808 2923 τὴν
835 2852 1131 2923 ὡραιότητα
1159 2852 1355 2921 ταύτην
1387 2852 1552 2906 σκύλα
1583 2852 1745 2905 διελέ-

137 2947 286 3000 σθαι
327 2950 456 3007 τοῖς
500 2943 672 2997 αὑτοῦ
716 2941 1065 3011 στρατιώταις
1108 2941 1402 3012 ἐδωρήσατο
1445 2944 1473 2995 ό
1506 2944 1747 3012 βασιλεὺς

134 3038 262 3088 τῶν
325 3036 650 3103 δυνάμεων.
714 3031 832 3084 Τῶν
888 3031 993 3101 γὰρ
1041 3030 1303 3100 πολεμίων
1346 3033 1747 3102 ἀνατραπέντων

136 3129 248 3191 καὶ
311 3130 405 3189 είς
453 3125 640 3194 φυγὴν
688 3121 1094 3192 κεχωρηκότων,
1133 3121 1271 3188 λέγω
1303 3122 1357 3173 δὲ
1396 3123 1498 3175 τῶν
1528 3124 1742 3191 ἀφανῶν

136 3220 249 3272 ra).
304 3217 578 3286 ἀοράτων
610 3214 909 3281 δυνάμεων,
948 3212 1072 3281 περὶ
1109 3205 1180 3265 ὧν
1220 3212 1466 3283 ἀνωτέρω
1510 3213 1737 3280 ἐλέγετοο

145 3326 165 3360 ι
243 3307 594 3375 Ἀναστήτω
654 3304 685 3354 ὁ
743 3302 873 3363 Θεὸς
936 3302 1026 3352 καὶ
1083 3301 1641 3371 διασκορπισθήτωσαν
1693 3305 1740 3355 οἱ

138 3396 357 3466 ἐχθροὶ
388 3391 591 3455 αὐτοῦ,
625 3389 939 3457 φυγέτωσαν
971 3390 1164 3452 πάντες
1205 3392 1251 3441 οί
1286 3391 1559 3459 μισοῦντες
1587 3392 1742 3445 αὑτὸν

140 3487 264 3539 ἀπὸ
327 3483 643 3556 προσώπου
688 3479 885 3540 αὐτοῦ,
939 3498 957 3529 ι
997 3482 1043 3531 οἱ
1084 3479 1175 3531 τοῦ
1226 3480 1438 3548 νικητοῦ
1487 3480 1741 3549 βασιλέως

145 3574 522 3644 στρατιῶται
558 3570 629 3623 τὰ
675 3568 842 3621 σκύλα
872 3558 1070 3620 τούτων
1101 3570 1177 3630 είς
1207 3569 1423 3630 ἑαυτοὺς
1448 3568 1735 3640 διῃροῦντο.

145 3663 353 3715 Σκύλα
404 3663 469 3715 δὲ
525 3656 673 3729 ἦμεν
708 3659 867 3727 ἡμεῖς
904 3658 995 3710 καὶ
1042 3658 1146 3709 πᾶν
1191 3655 1249 3707 τὸ
1298 3657 1400 3708 τῶν
1449 3656 1740 3727 ἀνθρώπων

147 3753 349 3819 γένος,
382 3752 449 3805 τὸ
498 3749 677 3802 πάλαι
724 3747 982 3817 πρότερον
1029 3746 1328 3815 ὑποχείριον
1372 3746 1475 3798 τῶν
1507 3749 1738 3800 ἀντικει-

108 3860 119 3871 “
150 3842 348 3911 μένων
385 3840 699 3906 δυνάμεων
731 3835 1113 3904 γεγενημένον·
1143 3828 1215 3886 ὧν
1248 3834 1662 3897 ἀπελασθεισῶν,
1692 3838 1738 3887 οἱ

145 3933 249 3986 τοῦ
285 3934 565 4002 Σωτῆρος
592 3926 747 3997 ἡμῶν
772 3926 999 3996 μαθηταὶ¹
1026 3926 1117 3978 καὶ
1145 3926 1439 3990 ἀπόστολοι,
1469 3929 1559 3979 καὶ
1592 3928 1741 3994 εὐαγ-

144 4024 454 4093 γελισταὶ,
494 4023 534 4090 ἦ
585 4036 645 4071 τε
689 4016 846 4087 λοιπὴ
898 4016 1055 4069 αὐτοῦ
1110 4018 1389 4086 στρατεία,
1436 4018 1531 4078 τὰς
1578 4018 1738 4069 πάλαι

149 4116 439 4187 πρότερον
490 4108 896 4177 ἐσκυλευμένας
921 4107 1113 4176 ψυχὰς,
1147 4107 1327 4176 κτῆμα
1359 4108 1483 4160 ἰδιον
1520 4109 1739 4179 ποιησά-

146 4222 341 4273 μενοι,
397 4200 765 4268 διενείμαντο
820 4197 896 4258 είς
940 4196 1211 4263 ἀλλήλους.
1258 4195 1462 4258 Παῦλος
1508 4196 1609 4265 μὲν
1650 4192 1739 4249 οῦν

145 4295 260 4347 ἀπὸ
322 4287 711 4366 Ἰερουσαλὴμ
760 4285 849 4338 καὶ
897 4285 1076 4353 κύκλῳ
1119 4285 1273 4353 μέχρι
1310 4284 1399 4336 τοῦ
1456 4284 1738 4355 Ἰλλυρικοῦ

144 4384 216 4437 τὰ
249 4384 315 4448 ἐξ
340 4381 546 4440 ἐθνῶν
582 4374 877 4446 ἐκληροῦτο
908 4373 1093 4426 σκύλα⁶
1118 4375 1315 4443 Πέτρος
1356 4374 1411 4426 δὲ
1442 4373 1595 4426 πάλιν
1628 4374 1740 4426 ἐτέ-

1849 1933 1940 1986 ria:
1974 1942 2080 1986 tum
2107 1934 2178 1997 ’3;
2213 1952 2231 1983 ›
2269 1948 2329 1987 ac
2359 1950 2570 1988 rursum
2600 1954 2611 1988 :
2658 1953 2676 1985 ι
2718 1936 2888 1990 Unam
2928 1938 3051 2004 petii
3077 1951 3105 1988 a
3135 1936 3379 1999 Domino,

1847 2020 1983 2072 hanc
2007 2020 2291 2088 requiram,
2319 2028 2375 2073 ut
2403 2022 2691 2075 inbabitem
2720 2025 2773 2075 in
2800 2024 2957 2077 domo
2986 2023 3381 2077 Dominiomni-

1848 2109 1945 2162 bus
1964 2108 2150 2162 diebus
2178 2110 2296 2162 vitm
2329 2126 2454 2163 mem
2479 2129 2492 2168 ;
2513 2120 2570 2163 ut
2606 2112 2809 2165 videam
2830 2113 3151 2181 voluptatem
3171 2110 3378 2164 Domini

1845 2207 1897 2253 ct
1930 2200 2138 2255 visitem
2173 2202 2428 2269 templum
2459 2203 2577 2270 ejus
2604 2202 2665 2255 ²⁹.
2704 2222 2722 2253 ι

1916 2477 2111 2532 Sancta
2168 2488 2477 2534 sanctorum
2532 2482 2712 2549 itaque
2765 2489 3009 2550 votuptas
3063 2497 3127 2535 ac
3169 2484 3373 2552 species

1846 2566 2035 2621 domus
2065 2567 2155 2621 Dei
2192 2570 2404 2622 fuerint.
2437 2568 2500 2621 lli
2533 2584 2696 2637 porro
2727 2580 2852 2623 sunt
2882 2571 3133 2625 Ecclesia:
3174 2571 3265 2626 Dei
3289 2588 3375 2626 or-

1845 2657 2015 2717 dines,
2065 2658 2436 2725 temperantia,
2493 2660 2741 2713 castitate
2769 2699 2783 2721 ,
2826 2660 3033 2727 justitia
3080 2670 3131 2714 et
3168 2664 3374 2716 caeteris

1845 2744 2132 2800 virtutibus
2164 2747 2447 2815 fulgentes.
2479 2747 2556 2799 Ad
2591 2749 2749 2801 talem
2785 2764 2910 2817 ergo
2949 2750 3175 2817 speciem
3206 2750 3375 2818 spolia

1844 2835 2081 2891 dividere
2108 2852 2199 2891 rex
2224 2838 2480 2892 virtutum
2505 2838 2766 2893 militibus
2793 2840 2907 2894 suis
2933 2842 3217 2895 concessit.
3246 2840 3376 2896 Ver-

1846 2926 1921 2980 sis
1952 2927 2091 2980 enim
2149 2935 2202 2980 et
2250 2926 2443 2995 fugatis
2498 2929 2750 2993 inimicis,
2793 2933 3017 2985 occultis
3050 2933 3289 2987 videlicet
3322 2941 3375 2987 et

1846 3015 2203 3070 invisibilibus
2234 3018 2541 3080 virtutibus,
2567 3018 2631 3070 de
2657 3020 2854 3087 quibus
2895 3022 3138 3088 superius
3160 3022 3345 3075 diceba

1845 3115 1933 3158 tur
1960 3124 1972 3157 :
2006 3124 2023 3156 ι
2062 3104 2325 3175 Exsurgat
2358 3105 2519 3168 Deus,
2547 3115 2599 3159 et
2630 3107 2961 3176 dissipentur
2994 3111 3191 3163 inimici
3232 3112 3370 3179 ejus,

1768 3165 1809 3219 ο
1843 3193 2046 3262 fugiant
2103 3165 2288 3248 omnes
2327 3195 2416 3263 qui
2457 3195 2683 3247 oderunt
2737 3165 2857 3249 eum
2908 3213 2936 3249 a
2977 3198 3109 3251 facie
3153 3165 3305 3266 ejus;
3345 3219 3365 3252 ι

1840 3284 2058 3337 victoris
2088 3284 2228 3351 regis
2260 3285 2457 3338 milites
2490 3286 2656 3353 spolia
2699 3301 2882 3338 eorum
2933 3287 3069 3340 inter
3104 3304 3159 3342 se
3188 3290 3371 3341 distri-

1838 3374 2089 3427 buerunt.
2123 3374 2301 3443 Spolia
2335 3384 2510 3429 autem
2553 3391 2649 3430 nos
2678 3392 2932 3443 eramus;
2965 3386 3239 3446 totumque
3272 3381 3369 3432 ho-

1839 3465 2040 3516 minum
2091 3480 2278 3533 genus,
2315 3466 2441 3518 olim
2491 3466 2817 3521 adversariis
2857 3469 3147 3521 virtutibus
3192 3469 3368 3522 subdi-

1838 3561 1970 3606 tum.
2003 3554 2210 3617 Quibus
2257 3556 2485 3623 repulsis
2533 3554 2823 3612 Salvatoris
2870 3558 3036 3613 nostri
3096 3559 3363 3631 discipuli,

1839 3646 2064 3712 apostoli
2103 3654 2155 3699 et
2181 3648 2536 3713 evangelistm,
2571 3655 2623 3700 et
2670 3648 2908 3716 reliquus
2945 3649 3060 3716 ejus
3101 3653 3367 3706 exercitus

1839 3736 2067 3798 animas,
2101 3752 2218 3804 quae
2247 3738 2371 3789 olim
2399 3746 2563 3806 raptae
2592 3738 2825 3801 fuerant,
2855 3741 3009 3808 quasi
3047 3741 3099 3794 in
3129 3751 3365 3811 potesta-

1838 3829 1943 3875 tem
1970 3831 2023 3876 et
2055 3823 2308 3878 ditionem
2356 3841 2505 3879 suam
2549 3826 2811 3891 redactas,
2839 3829 2975 3883 inter
2995 3845 3053 3884 se
3080 3831 3369 3885 distribue-

1838 3921 1980 3966 runt.
2011 3912 2207 3968 Paulus
2237 3915 2496 3983 siquidem
2518 3916 2586 3969 ab
2612 3915 2904 3971 Jerusalem
2937 3927 2989 3973 et
3022 3921 3209 3975 vicinis
3238 3922 3375 3975 locis

1839 4019 2007 4071 usque
2059 4004 2124 4056 ad
2176 4005 2462 4075 Illyricum,
2488 4006 2725 4074 gentium
2769 4008 2937 4075 spolia
2984 4009 3206 4062 sortitus
3236 4018 3363 4063 est:

1837 4093 2027 4149 Petrus
2065 4097 2187 4148 item
2220 4097 2440 4149 aliarum
2467 4098 2723 4165 gentium,
2754 4096 2986 4150 Joannes
3012 4098 3211 4167 pariter
3243 4101 3368 4151 alia-

1837 4199 1976 4247 rum,
2004 4199 2067 4237 ex
2100 4185 2317 4253 reliquis
2346 4188 2601 4254 apostolis
2634 4187 2827 4255 singuli
2867 4187 3087 4239 aliarum
3120 4189 3367 4241 similiter

1837 4274 2074 4344 gentium
2106 4277 2277 4343 spolia
2302 4277 2600 4332 obtinuere.
2641 4277 2713 4330 Ex
2744 4278 2939 4345 quibus
2974 4278 3157 4345 spoliis
3186 4279 3365 4331 excel-

1839 4363 2064 4418 lentiora
2093 4364 2308 4418 donaria
2336 4364 2399 4418 ad
2419 4368 2646 4434 speciem
2667 4366 2857 4420 domus
2886 4365 2975 4419 Dei
3000 4375 3362 4435 segregarunt.

148 4489 262 4541 ρων
298 4473 496 4527 ἐθνῶν
530 4464 627 4518 καὶ
679 4462 925 4529 Ἰωάννης
960 4459 1209 4521 ὡσαύτως
1241 4459 1467 4529 ἐτέρων,
1510 4460 1600 4511 καὶ
1632 4459 1737 4511 τῶν

1846 4454 2188 4517 Quamobrem
2221 4455 2418 4508 dictum
2448 4464 2561 4509 est:
2602 4473 2620 4504 ι
2657 4454 2716 4506 Ει
2756 4455 2951 4522 speciei
2996 4454 3187 4509 domus
3231 4456 3367 4509 divi-

145 4562 353 4617 λοιπῶν
413 4554 749 4613 ἀποστόλων
789 4552 1014 4612 ἕκαστος
1054 4550 1453 4619 παραπλησίως.
1502 4549 1614 4617 Ἀφ’
1664 4543 1737 4601 ὧν

152 4649 368 4705 σκύλων
423 4645 510 4699 τὰ
558 4642 808 4712 ἐξαίρετα
841 4639 1177 4707 ἀναθήματα,
1217 4641 1292 4701 εἰς
1322 4638 1620 4709 ὡραιότητα
1643 4638 1734 4690 τοῦ

151 4740 307 4793 οἴκου
330 4739 445 4795 τοῦ
478 4732 617 4789 Θεοῦ
652 4730 942 4801 ἁφὼριζον.
975 4728 1062 4779 Διὸ
1090 4728 1346 4780 λέλεκται·
1371 4748 1387 4778 ε
1414 4728 1519 4780 Καὶ
1540 4729 1732 4797 ὡραιό-

153 4844 280 4897 τητι
339 4826 457 4881 τοῦ
514 4821 665 4873 οἴκου
724 4816 987 4869 διελέσθαι
1036 4815 1219 4869 σκύλα.
1268 4815 1388 4867 Ἐὰν
1446 4815 1734 4885 κοιμηθῆτε

158 4917 261 4971 ἀνὰ
312 4919 495 4987 μέσον
530 4911 636 4963 τῶν
668 4908 884 4977 κλήρων
931 4904 1189 4973 πτέρυγες
1231 4907 1549 4975 περιστεράς
1584 4922 1733 4974 περι-

158 5002 589 5078 ηργυρωμέναι,
645 4995 843 5051 καὶτὰ
892 4994 1198 5061 μετάφρενα
1244 4994 1406 5063 αὐτῆς
1438 4996 1495 5045 ὲν
1539 4994 1735 5065 χλωρά.

166 5112 286 5163 τητι
330 5094 584 5166 χρυσίου.
640 5107 661 5139 ι
713 5081 1110 5152 Μνημονεύσας
1152 5086 1180 5135 ὁ
1228 5083 1378 5148 λόγος
1420 5083 1524 5134 τῶν
1579 5086 1735 5152 εύαγ-

170 5184 526 5257 γελιςομένων
571 5175 807 5243 δυνάμει
858 5170 1022 5238 πολλῇ
1076 5172 1168 5223 τοῦ
1213 5188 1269 5223 τε
1319 5170 1462 5222 οἴκου
1503 5173 1593 5223 καὶ
1639 5174 1733 5242 τῆς

160 5256 488 5347 ὡραιότητος
527 5264 725 5322 αὑτοῦ,
776 5260 859 5309 ἔτι
916 5256 1016 5326 μὴν
1055 5261 1145 5311 καὶ
1187 5259 1291 5311 τῶν
1330 5261 1386 5309 ὲν
1423 5258 1564 5327 αύτῴ
1608 5261 1731 5312 σκύ-

144 5350 274 5411 λων»
334 5344 407 5420 δέ’
466 5353 547 5411 ὦν
619 5347 883 5420 ᾐνίττετο
937 5344 1028 5412 τὴν
1095 5346 1409 5415 Ἐκκλησίαν
1461 5347 1551 5398 τοῦ
1603 5348 1732 5400 θεοῦ

136 5438 217 5486 καὶ
273 5458 412 5517 τοὺς
466 5451 533 5499 ιν
592 5438 741 5502 αὐτῇ
797 5431 1236 5499 διαπρέποντας·
1299 5434 1593 5498 ἀκολούθως
1647 5437 1734 5489 διὰ

116 5521 213 5571 πῦν
251 5542 413 5613 μετὰ
447 5536 653 5606 χεῖρας
688 5518 792 5571 καὶ
833 5518 943 5571 τῶν
983 5520 1354 5577 θεοπνεύστων
1386 5525 1730 5597 ἀναγνωσμά-

156 5668 196 5695 81

1840 4541 1966 4595 dere
1996 4542 2183 4611 spolia.
2223 4542 2278 4596 Si
2312 4544 2591 4597 dormiatis
2632 4544 2770 4595 inter
2800 4543 3005 4599 medios
3036 4545 3210 4600 cleros
3238 4562 3364 4615 pen-

1840 4647 1922 4685 nae
1946 4634 2203 4686 columba:
2222 4635 2591 4702 deargentaue,
2619 4641 2669 4686 et
2702 4634 2998 4700 posteriora
3026 4634 3145 4702 ejus
3173 4636 3224 4688 in
3255 4636 3366 4703 pal-

1839 4725 1948 4777 lore
1961 4725 2099 4780 auri.
2118 4744 2136 4775 ι
2158 4723 2442 4794 Postquam
2481 4724 2950 4792 evangelizantium
2976 4724 3171 4778 virtute
3201 4725 3364 4779 multa

1838 4814 2135 4884 domusque
2157 4831 2219 4867 ac
2278 4815 2471 4883 Speeici
2509 4815 2643 4881 ejus,
2676 4828 2886 4867 necnon
2925 4815 3213 4880 spoliorum
3248 4830 3369 4882 qua:

1837 4904 1891 4957 in
1923 4904 2033 4972 ipsa
2063 4912 2235 4968 erant,
2266 4906 2418 4974 queis
2459 4902 2689 4956 Ecclesia
2728 4901 2821 4955 Dei
2863 4910 2914 4956 et
2945 4904 2980 4957 ii
3018 4904 3109 4973 qui
3154 4903 3207 4955 in
3252 4903 3365 4972 ipsa

1837 4994 2111 5063 conspicui
2141 4995 2287 5049 fuere
2318 4994 2812 5055 subindicabantur,
2852 4995 3051 5046 mentio
3076 4993 3211 5046 facta
3240 5000 3322 5047 est
3347 5012 3364 5060 ;

1836 5092 2227 5153 Consequenter
2252 5086 2302 5137 in
2335 5085 2400 5139 iis
2424 5098 2540 5153 qua:
2560 5082 2667 5149 jam
2687 5088 2984 5136 tractamus
3013 5082 3265 5135 divinitus
3289 5082 3368 5135 in-

1836 5176 2065 5243 Spiratas
2095 5176 2347 5229 lectiones
2369 5179 2770 5227 commemorat.
2790 5187 2890 5225 nos
2908 5173 2979 5224 ita
3004 5172 3327 5240 compellans
3349 5193 3362 5227 :

1838 5263 1923 5316 cSi
1944 5264 2216 5318 dormiatis
2233 5265 2367 5316 inter
2393 5262 2591 5315 medios
2605 5259 2831 5313 cleros.»
2857 5260 2997 5314 Cleri
3025 5269 3218 5323 autem,
3252 5261 3367 5316 sive

1832 5355 1995 5410 fortes
2025 5356 2289 5415 Ecclesim,
2326 5360 2449 5406 sunt
2468 5350 2627 5402 Vetus
2654 5356 2704 5398 et
2734 5347 2943 5402 Novum
2966 5349 3365 5415 Testamentum

1832 5442 1921 5496 Dei
1959 5463 1970 5497 :
2006 5444 2279 5512 docetque,
2323 5456 2413 5494 eos
2457 5438 2543 5507 qui
2578 5437 2627 5488 in
2662 5436 2842 5489 medio
2876 5450 3055 5491 eorum
3086 5444 3369 5490 versantur

1832 5548 2031 5587 pennas
2060 5532 2315 5585 columba:
2351 5531 2718 5597 deargentatas
2749 5525 3061 5581 inventuros
3089 5539 3235 5591 esse;
3266 5540 3370 5578 ru-

266 5688 462 5751 Hatth.
506 5692 594 5736 Ill,
638 5668 749 5727 i7;
790 5646 925 5729 κίίί,
957 5668 1004 5721 5.
1092 5676 1137 5705 ³⁸
1161 5674 1279 5729 Psal
1327 5691 1446 5738 xxv,
1482 5676 1531 5730 8.
1610 5680 1652 5711 η
1673 5677 1741 5733 P5

1847 5697 1991 5750 xxvi,
2024 5682 2073 5734 4,
