3818 6372
464 416 570 473 699

1136 370 1394 462 EUSEBH
1432 399 1895 458 CIESARIENSIS
1933 398 2080 454 OPP.
2122 393 2298 449 PARS
2336 392 2423 448 Ill.
2462 423 2532 433 —
2570 384 3007 445 EXEGETICA.

3644 378 3737 434 700

465 536 555 603 jus
586 532 839 588 columbae
890 524 1183 595 posteriora
1229 522 1358 575 dicit
1384 535 1503 574 esse
1529 519 1581 570 in
1612 518 1812 586 pallore
1857 516 1993 569 auri.

2179 529 2201 564 ν
2259 510 2355 579 τὴν
2409 508 2627 579 μνήμην
2683 505 2928 556 ποιεῖται
2985 499 3075 562 ὡς
3136 496 3293 603 πρός
3350 494 3508 563 ἡμᾶς
3542 492 3737 603 λέγων*

466 622 597 677 Nam
628 637 746 676 cum
780 618 1011 687 Spiritus
1042 619 1259 667 sanctus
1306 609 1549 663 columba
1579 623 1699 662 esse
1739 606 1999 675 intelliga-

466 719 576 773 tur,
596 723 713 777 quae
737 704 894 757 verba
920 702 974 753 in
1000 698 1176 751 Veteri
1204 704 1251 750 et
1278 695 1423 749 Novo
1445 694 1784 749 Testamento
1814 694 1997 761 legun-

467 806 577 861 tur,
632 791 922 849 secundum
954 787 1147 841 nudam
1178 793 1229 840 et
1256 785 1463 838 obviam
1493 784 1772 837 lectionem
1793 821 1807 844 ,
1842 779 1996 849 quasi

466 885 567 939 sub
599 883 696 935 alis
727 879 933 933 occulta
957 884 1104 939 sunt,
1136 876 1255 940 alis,
1284 876 1521 942 inquam,
1553 872 1841 931 deauratis,
1872 869 1997 938 quia

464 973 673 1041 eloquia
722 970 930 1024 Domini
976 975 1251 1038 argentum
1286 974 1410 1020 sunt
1452 965 1574 1033 igne
1617 961 1994 1022 examinatum,

464 1062 745 1131 probatum
771 1069 944 1113 terrae.
1002 1057 1167 1112 Sensa
1199 1066 1375 1109 autem
1409 1055 1461 1107 in
1487 1050 1750 1123 profundo
1772 1052 1998 1104 abscon-

464 1150 595 1211 dita,
647 1163 766 1217 quae
811 1153 1114 1200 memorata:
1158 1144 1436 1205 columbae,
1482 1141 1735 1195 nimirum
1767 1138 1996 1207 Spiritus

466 1237 660 1299 sancti,
692 1235 1076 1305 posterioribus
1106 1232 1480 1302 comparanda,
1512 1232 1566 1284 in
1589 1230 1789 1301 pallore
1810 1230 1997 1282 dicun-

466 1333 552 1378 tur
582 1340 723 1388 esse,
765 1325 889 1392 quia
914 1324 1177 1377 sententia
1206 1331 1257 1375 et
1285 1322 1571 1390 purissima
1605 1336 1756 1374 mens
1785 1320 1883 1374 sub
1917 1318 1997 1372 di-

464 1414 642 1467 ctione
673 1412 983 1467 abscondita
1018 1411 1134 1463 auri
1172 1411 1341 1464 instar
1381 1408 1609 1478 effulget.
1663 1407 1862 1476 Hisque
1886 1422 1998 1459 rur-

466 1517 583 1556 sum
608 1517 714 1554 ‘nos
742 1500 1024 1568 compellat
1047 1514 1252 1562 omnes,
1270 1498 1360 1566 qui
1391 1498 1445 1549 in
1476 1497 1633 1550 domo
1659 1495 1751 1550 Dei
1776 1510 1997 1564 congre-

467 1591 575 1661 gati
616 1606 823 1655 sumus,
867 1603 1000 1658 quos
1035 1589 1203 1657 spolia
1234 1587 1478 1656 superius
1500 1586 1841 1655 nuncupavit.
1890 1584 1996 1639 Pro

464 1679 558 1733 illo
588 1687 798 1744 autem,
848 1695 865 1727 ι
912 1678 967 1730 Si
1001 1675 1298 1738 dormiatis,
1338 1694 1355 1725 ›
1398 1673 1747 1743 Symmachus
1794 1674 1871 1727 sic
1896 1672 1994 1725 ha-

463 1771 574 1832 bet,
634 1787 651 1819 ι
689 1767 744 1822 Si
768 1768 1067 1822 recideritis
1110 1768 1247 1820 inter
1291 1767 1484 1820 cleros.
1523 1784 1540 1815 ›
1584 1762 1714 1817 Nam
1742 1762 1993 1824 dormire,

2109 620 2128 652 ι
2150 600 2272 653 Ἐἀν
2309 597 2607 667 κοιμηθῆτε
2651 592 2759 648 άνά
2800 592 2975 663 μέσον
3011 587 3143 641 τῶν
3198 584 3460 655 κλήρων.
3496 602 3515 635 ι
3551 583 3740 654 Κλῆροι

2102 690 2156 743 δὲ
2197 690 2293 758 τῆς
2334 686 2655 755 Ἐκκλησίας
2687 683 2833 735 εἰσὶν
2878 682 2917 750 ἦ
2978 696 3049 731 τε
3110 673 3359 728 Παλαιά
3392 672 3491 725 καὶ
3524 674 3738 742 ήΚαινὴ

2101 777 2336 846 Διαθήκη
2365 775 2457 827 τοῦ
2483 772 2617 826 Θεοῦ
2635 790 2648 803 ·
2675 768 2751 824 ὧν
2781 770 2918 831 τοὺς
2944 770 3007 821 ἐν
3040 765 3220 837 μέσῳ
3250 761 3739 833 διαστρεφομένους

2100 863 2331 915 διδάσκει
2365 861 2641 931 πτέρυγας
2669 857 3021 928 περιστερᾶς
3061 850 3639 924 περιηργυρωμένας
3667 852 3739 901 εὑ-

2106 956 2312 1025 ρήσεινο
2348 949 2415 1025 ἦς
2444 954 2778 1024 περιστερᾶς
2815 950 2891 1001 τά
2941 948 3304 1018 μετάφρενα
3351 940 3500 996 εἶναι
3543 943 3599 995 ὲν
3622 942 3739 1013 χλω-

2105 1046 2285 1116 ρότητι
2310 1047 2553 1117 χρυσίου.
2591 1047 2699 1098 Τοῦ
2729 1047 2844 1115 γὰρ
2887 1043 3059 1110 ἁγίου
3110 1038 3474 1105 Πνεῦματος
3515 1050 3738 1103 περιστε-

2106 1138 2198 1206 ρᾶς
2232 1137 2539 1207 νοουμένου,
2569 1139 2619 1188 οἱ
2653 1138 2711 1188 ὲν
2748 1135 2978 1203 Παλαιᾷ
3017 1130 3129 1183 καὶ
3166 1129 3372 1195 Καινῇ
3405 1123 3735 1193 λελαλημένοι

2100 1227 2265 1294 λόγοι,
2287 1226 2427 1279 κατὰ
2460 1228 2556 1296 μὲν
2593 1226 2693 1297 τὴν
2724 1223 3073 1277 ἐπιπόλαιον
3106 1218 3481 1286 ἀνάγνωσιν,
3509 1214 3735 1283 πτέρυξιν

2100 1316 2283 1384 ὥσπερ
2315 1315 2793 1385 ἐγκεκαλυμμένοι
2818 1311 3221 1381 τυγχάνουσι,
3258 1304 3366 1358 καὶ
3407 1300 3635 1373 πτέρυξι
3659 1319 3733 1354 πε-

2102 1404 2590 1477 ριηργυρωμέναις,
2638 1402 2830 1473 ἐπειδὴ
2873 1402 2949 1453 τὰ
3000 1399 3185 1466 λόγια
3223 1396 3459 1466 Κυρίου
3504 1394 3733 1463 ἀργύριόν

2099 1496 2211 1546 ἐστι
2236 1493 2651 1563 πεπυρωμένον,
2680 1492 2934 1561 δοκίμιον
2956 1492 3033 1559 τῇ
3060 1490 3170 1557 γῇσ
3188 1485 3270 1537 τά
3294 1485 3357 1536 δὲ
3386 1482 3538 1536 κατά
3568 1482 3732 1551 βάθους

2100 1583 2515 1653 ὲγκεκρυμμένα
2542 1584 2816 1653 νοήματα,
2854 1582 3013 1651 ἅπερ
3054 1579 3225 1631 ἔοικε
3263 1576 3636 1647 μεταφρένοις
3656 1575 3731 1642 τῆς

2100 1669 2448 1739 ἀποδοθείσης
2483 1672 2842 1740 περιστερᾶς,
2879 1667 3113 1737 δηλαδὴ
3163 1666 3274 1719 τοῦ
3310 1666 3483 1733 ἁγίου
3514 1662 3731 1733 Πνεῦμα·

2096 1776 2204 1821 τος,
2240 1760 2294 1810 ὲν
2326 1759 2629 1830 χλωρότητι
2658 1760 2881 1827 λέγεται
2915 1757 3102 1823 εἶναι,
3134 1758 3254 1829 τῆς
3288 1753 3729 1850 ἐγκεκρυμμένης

464 1873 608 1913 nunc
632 1858 964 1927 requiescere
997 1857 1279 1924 signiﬁcat.
1314 1856 1383 1908 lis
1407 1855 1565 1923 igitur
1598 1856 1687 1922 qui
1714 1866 1993 1908 sacrorum

2202 1847 2341 1911 λέξει
2383 1847 2623 1912 διανοίας
2671 1850 2766 1901 καὶ
2798 1850 2899 1902 τοῦ
2946 1850 3402 1920 καθαρωτάτου
3434 1845 3529 1897 νοῦ
3559 1842 3727 1915 χρυσοῦ

462 1948 750 2002 verborum
776 1946 1141 2000 exercitationi
1170 1951 1377 2006 vacant,
1397 1943 1689 1997 hortatorio
1705 1941 1859 1995 modo
1880 1956 1999 2009 pro-

465 2039 695 2092 mittitur
727 2037 1024 2090 divinarum
1049 2033 1444 2103 Scripturarum
1475 2032 1676 2086 utilitas
1708 2051 1719 2085 :
1756 2046 1875 2083 nam
1907 2044 1993 2084 sa-

462 2143 677 2181 crarum
706 2126 991 2181 lectionum
1024 2124 1185 2177 dictio
1214 2131 1435 2192 purgata
1467 2130 1549 2175 est
1578 2122 1745 2174 instar
1785 2121 1989 2190 argenti

462 2217 582 2287 igne
608 2216 917 2279 examinati,
952 2216 1242 2270 secundum
1272 2213 1409 2267 hanc
1430 2212 1742 2268 sententiam
1774 2230 1786 2265 :
1826 2229 1843 2261 ι
1866 2210 1988 2264 Elo-

461 2308 586 2374 quia
609 2306 815 2359 Domini
846 2305 964 2375 igne
993 2304 1292 2356 examinata
1318 2303 1394 2367 ³⁰;
1419 2320 1437 2353 ›
1466 2316 1528 2355 ac
1556 2315 1765 2354 rursum
1795 2319 1807 2353 :
1837 2319 1854 2351 ι
1873 2300 1989 2354 Elo-

461 2398 585 2465 quia
623 2395 830 2449 Domini
861 2394 1068 2463 eloquia
1113 2402 1282 2455 casta,
1333 2398 1609 2460 argentum
1645 2390 1765 2458 igne
1792 2390 1990 2443 exami-

462 2491 667 2545 natum,
703 2482 979 2550 probatum
1007 2488 1183 2543 terrae,
1216 2486 1497 2548 purgatum
1542 2477 1840 2546 septuplum
1867 2476 1931 2531 δι.
1966 2495 1985 2527 ι

462 2571 738 2624 Sententia
769 2585 895 2624 vero
924 2570 1217 2639 spiritualis
1259 2575 1519 2638 praestans
1566 2576 1618 2621 et
1664 2568 1840 2636 magni
1873 2583 1992 2636 pre-

461 2662 521 2714 tii
552 2676 690 2733 esse,
740 2675 860 2713 cum
911 2660 1128 2726 dicitur,
1168 2678 1186 2710 ι
1219 2659 1279 2712 In
1322 2659 1523 2728 pallore
1571 2657 1720 2721 auri,
1755 2676 1772 2708 ι
1812 2657 1990 2712 decla-

461 2758 627 2803 ratur.

2092 1939 2245 2009 δίκην
2278 1940 2785 2010 ἀπαστράπτοντος.
2815 1941 3020 1993 Ταῦτα
3061 1941 3129 1993 δὲ
3170 1940 3569 2009 ἀναφωνεῖται
3593 1938 3728 1989 πᾶσιν

2088 2030 2217 2097 ἡμῖν
2250 2032 2358 2092 τοῖς
2393 2032 2450 2081 ὲν
2480 2029 2558 2098 τῷ
2583 2029 2720 2098 οἴκῳ
2749 2030 2848 2084 τοῦ
2881 2031 3037 2083 Θεοῦ
3084 2030 3513 2100 συνηγμένοις,
3548 2027 3634 2089 οῦς
3661 2026 3727 2078 δια

2086 2119 2194 2172 τῶν
2222 2119 2526 2191 ἔμπροσθεν
2562 2120 2735 2173 σκύλα
2753 2123 2782 2172 6
2807 2121 2979 2190 λόγος
3010 2121 3365 2192 ὠνόμαζεν.
3388 2121 3543 2175 Ἀντὶ
3562 2119 3615 2171 δὲ
3632 2118 3721 2174 τοῦ.

2089 2224 2108 2257 ι
2130 2209 2253 2261 Ἐἀν
2278 2209 2592 2280 κοιμηθῆτε,
2626 2229 2645 2261 ι
2687 2211 2834 2264 κατὰ
2865 2212 2968 2262 τὸν
3002 2210 3375 2281 Σύμμαχον,
3418 2229 3438 2260 ι
3463 2209 3588 2261 Ἐὰν
3611 2216 3725 2261 ἀνα-

2090 2296 2288 2367 πέσητε
2314 2299 2514 2367 μεταξὺ
2552 2299 2662 2352 τῶν
2694 2302 2946 2371 κλήρων,
2985 2321 3006 2351 ι
3052 2301 3331 2373 εἴρηται.
3368 2300 3449 2353 Τὸ
3491 2299 3598 2370 γὰρ
3636 2317 3724 2353 κοιρ

2094 2386 2322 2457 μηθῆναι
2346 2388 2436 2441 νῦν
2456 2389 2935 2444 διαναπαύσεσθαι
2959 2392 3317 2463 δηλοῖ.Τοῖς
3339 2390 3442 2445 οὖν
3465 2392 3572 2443 τῶν
3594 2391 3726 2460 ἱερῶν

2086 2477 2350 2547 ἀσκηταῖς
2384 2478 2558 2546 λόγων
2585 2482 3035 2551 προτρεπτικῶς
3067 2486 3107 2553 ή
3144 2484 3569 2555 προσφώνησις
3590 2484 3725 2550 ἕπετ’

2090 2567 2332 2635 γέλλεται
2364 2569 2461 2640 τὴν
2489 2571 2553 2623 ὲκ
2579 2571 2687 2624 τῶν
2717 2572 2881 2625 θείων
2908 2573 3115 2641 λόγων
3139 2575 3445 2645 ὠφέλειαν
3465 2592 3479 2606 ⁶
3503 2576 3539 2643 ἦ
3560 2589 3616 2625 τε
3638 2573 3726 2643 γὰρ

2086 2657 2228 2722 λέξις
2275 2661 2383 2713 τῶν
2430 2661 2589 2732 ἱερῶν
2636 2663 3127 2733 ἀναγνωσμάτων
3187 2666 3553 2739 κεκάθαρται
3599 2668 3724 2735 δίκην

2090 2749 2348 2821 ἀργυρίου
2395 2752 2821 2822 πεπυρωμένου,
2859 2754 3020 2807 κατά
3073 2757 3185 2810 τὸν
3246 2759 3516 2828 φήσαντα
3555 2760 3725 2825 λόγον’

462 2865 484 2897 ι
511 2844 590 2897 Τὰ
618 2845 769 2913 λόγια
810 2844 1009 2915 Κυρίου
1055 2843 1449 2914 πεπυρωμένα·
1484 2861 1502 2892 ι
1534 2843 1626 2894 καὶ
1653 2842 1833 2894 πάλιν
1901 2858 1919 2891 ι
1981 2841 2060 2893 Τά
2096 2843 2247 2910 λόγια
2282 2845 2485 2916 Κυρίου
2533 2845 2689 2913 λόγια
2737 2848 2904 2913 ἀγνά,
2954 2850 3283 2921 ἀργύριον·
3327 2854 3723 2925 πεπυρωμένον,

463 2934 696 3003 δοκίμιον
717 2937 779 3004 τῇ
806 2937 895 3005 γῇ,
916 2933 1365 3004 κεκαθαρισμένον
1390 2931 1790 2993 ἐπταπλασίως’
1829 2948 1846 2981 ι
1876 2931 1910 2999 ἤ
1930 2947 1988 2982 τε
2024 2931 2227 2986 διάνοια
2250 2937 2283 3004 ή
2314 2935 2653 3005 πνευματικὴ
2681 2935 2976 3006 ἐξαίρετος
3047 2942 3167 2992 καὶ
3242 2943 3620 3014 πολυτίμητος
3656 2944 3725 2994 διὰ

462 3025 554 3077 τοῦ
599 3025 873 3093 λέγεσθαι,
911 3045 929 3078 ι
952 3028 1037 3079 Ἐν
1078 3026 1371 3097 χλωρότητι
1409 3025 1650 3095 χρυσίου,
1680 3042 1698 3075 ι
1736 3024 2082 3093 παρίσταται.

524 3139 689 3195 Vens.
718 3142 901 3194 15-17.
946 3159 965 3192 ι
1004 3141 1133 3195 Dum
1160 3140 1417 3195 discernit
1468 3139 1701 3193 caelestis
1724 3154 1877 3207 reges
1907 3155 1997 3193 su-
2024 3156 2065 3212 ο

462 3245 553 3305 per
580 3246 695 3284 eam
728 3231 850 3284 nive
875 3230 1264 3284 dealbabuntur
1307 3229 1362 3281 in
1410 3228 1641 3282 Selmon.
1681 3247 1699 3278 ι
1738 3226 1841 3280 Pro
1876 3228 1985 3291 illo,

467 3336 485 3368 ι
500 3316 631 3371 Dum
645 3317 902 3371 discernit
922 3316 1175 3382 cmlestis,
1189 3336 1206 3366 ι
1226 3323 1277 3369 et
1292 3323 1501 3379 caetera,
1518 3315 1596 3369 sic
1612 3315 1988 3383 interpretatur

462 3404 813 3476 Symmachus
846 3424 859 3460 :
903 3424 921 3456 ι
951 3404 1172 3469 Quando
1200 3404 1528 3474 dispensavit
1556 3414 1744 3473 potens
1768 3418 1988 3473 regnare

462 3496 628 3557 Illam,
661 3496 813 3564 quasi
839 3495 957 3548 nive
980 3494 1223 3547 dealbata
1248 3505 1379 3548 erat.
1452 3493 1666 3548 Selmon
1693 3508 1847 3549 mons
1873 3478 1986 3559 Dei,

459 3599 613 3637 mons
634 3585 865 3653 pinguis,
883 3599 1036 3638 mons
1054 3585 1366 3651 altissimus,
1382 3600 1534 3638 mons
1554 3585 1763 3655 pinguis
1788 3603 1800 3637 :
1824 3599 1989 3653 quare

460 3672 672 3725 curiose
701 3673 1086 3739 investigantur
1138 3683 1344 3742 montes
1366 3675 1605 3728 excelsi?
1634 3673 1780 3728 Mons
1804 3674 1857 3726 in
1882 3689 1987 3743 quo

463 3760 783 3813 desideravit
820 3759 960 3815 Deus
1000 3761 1260 3825 habitare,
1292 3770 1344 3817 et
1369 3762 1624 3817 Dominus
1650 3764 1905 3817 habitabit
1931 3764 1986 3817 in

463 3848 645 3903 ﬁnem.
675 3868 693 3902 ι
730 3849 820 3905 His
845 3859 1019 3904 autem
1042 3853 1314 3919 docemur,
1341 3869 1459 3906 cum
1484 3855 1715 3909 cmlestis
1741 3856 1846 3919 ille,
1878 3858 1988 3910 sive

462 3937 757 3990 caelestium
793 3939 1083 3992 incolarum
1125 3939 1297 4006 Deus,
1348 3942 1650 4009 praedictam
1697 3944 1994 3997 columbam

462 4026 677 4095 regibus
704 4034 859 4081 terra:
896 4029 1133 4093 donavit,
1167 4028 1219 4081 id
1243 4037 1343 4092 est,
1375 4030 1443 4084 iis
1475 4028 1565 4098 qui
1592 4030 1646 4082 in
1671 4037 1811 4085 terra
1847 4032 1994 4102 regni

462 4115 581 4184 ejus
612 4127 884 4173 consortes
923 4119 1138 4173 fuerunt
1176 4119 1251 4188 (hi
1301 4134 1459 4188 porro
1507 4126 1660 4173 erant
1703 4122 1991 4189 prophetae,

460 4206 592 4275 justi
634 4214 686 4262 et
717 4209 788 4277 pii
816 4209 937 4272 viri,
978 4224 1040 4263 ac
1066 4210 1316 4278 discipuli
1366 4218 1418 4263 et
1448 4211 1671 4278 apostoli
1700 4208 1995 4267 Salvatoris

462 4297 654 4362 nostri,
696 4299 891 4366 quibus
930 4297 1187 4368 Spiritum
1217 4305 1460 4352 sanctum
1486 4299 1718 4353 caelestis
1746 4299 1833 4354 ille
1858 4300 1996 4356 Deus

462 4385 784 4455 distribuit);
829 4397 958 4441 tunc
1001 4404 1094 4443 eos
1132 4388 1223 4457 qui
1257 4388 1424 4441 divini
1473 4386 1705 4457 Spiritus
1736 4388 1892 4445 donis
1917 4407 1998 4445 or-

2179 3157 2197 3189 ι
2221 3139 2306 3190 Ἐν
2337 3137 2414 3207 τῷ
2436 3137 2765 3191 διαστέλλειν
2796 3140 2892 3193 τὸν
2923 3142 3219 3211 οὐράνιον
3259 3146 3518 3216 βασιλεῖς
3548 3147 3625 3199 ἐπ’
3646 3147 3727 3198 αὑ-

2088 3230 2210 3299 τὴν,
2246 3228 2668 3299 χιονωθήσονται
2695 3230 2754 3281 ὲν
2780 3230 3049 3300 Σελμών.
3076 3254 3098 3286 ι
3132 3237 3301 3290 Ἀντὶ
3340 3239 3465 3302 τοῦ,
3508 3258 3525 3291 ι
3548 3240 3629 3292 Ἐν
3661 3238 3723 3307 τῷ

2085 3319 2410 3372 διαστέλλειν
2429 3319 2521 3372 τὸν
2539 3319 2866 3390 ἐπουράνιον
2893 3340 2912 3372 ι
2952 3325 3058 3376 καὶ
3084 3327 3173 3380 τὰ
3210 3328 3375 3399 έξῆς,
3401 3334 3431 3383 6
3461 3331 3723 3399 Σύμμαχος

2086 3409 2267 3462 τοῦτον
2296 3410 2603 3479 ἡρμήνευσε
2646 3408 2739 3462 τὸν
2779 3410 3031 3478 τρόπον’
3081 3432 3103 3465 ι
3137 3415 3360 3469 Ὁπότε
3392 3418 3720 3489 κατεμέριζεν

2085 3501 2114 3551 6
2150 3499 2331 3560 ἱκανὸς
2361 3498 2665 3567 βασιλεύειν
2700 3500 2901 3570 αὐτὴν,
2952 3501 3037 3564 ὡς
3092 3508 3474 3574 χιονισθεῖσα
3505 3506 3589 3579 ἦν.
3620 3506 3719 3557 Σελ-

2091 3588 2203 3658 μὼν
2247 3589 2370 3658 ὅρος
2414 3588 2572 3651 Θεοῦ,
2614 3588 2740 3660 ὅρος
2797 3591 3146 3661 εὐτροφίας,
3190 3597 3336 3667 ὅρος
3390 3597 3717 3669 ὑψηλότατον.

2087 3680 2210 3749 ὅρος
2250 3677 2567 3747 εὐτροφίας·
2604 3680 2684 3741 εἰς
2724 3679 2779 3731 τί
2828 3686 3393 3751 περισπουδάζεται
3444 3689 3513 3741 τὰ
3553 3689 3642 3756 ὅρη
3660 3689 3713 3738 τὰ

2090 3768 2298 3837 ὑψηλά;
2330 3768 2402 3819 Τὸ
2437 3768 2561 3837 ὅρος
2593 3770 2730 3839 ὅπερ
2763 3771 3053 3842 ἐπόθησεν
3089 3776 3123 3826 ὁ
3165 3778 3317 3841 Θεὸς
3359 3780 3446 3843 είς
3479 3780 3541 3831 τὸ
3566 3795 3717 3832 κατοι-

2091 3863 2204 3912 κεῖν
2251 3861 2307 3909 ὲν
2350 3859 2517 3928 αὐτῷ,
2549 3862 2643 3913 καὶ
2670 3861 2883 3933 Κύριος
2911 3870 3389 3940 κατασκηνώσει
3416 3874 3500 3936 είς
3520 3872 3674 3934 τέλος.
3699 3889 3711 3917 ν

2093 3948 2337 4000 Διδάσκει
2370 3949 2425 3999 δὲ
2457 3951 2485 4001 6
2513 3948 2690 4016 λόγος,
2724 3951 2802 4013 ὼς
2834 3952 2952 4024 ἄρα
2996 3957 3159 4011 κατὰ
3202 3961 3305 4013 τὸν
3334 3964 3532 4033 καιρὸν
3559 3963 3612 4014 ὲν
3634 3953 3670 4026 ᾧ
3696 3961 3715 4010 ὁ

2093 4039 2428 4110 ἐπουράνιος,
2456 4040 2656 4110 δηλαδὴ
2685 4044 2713 4094 6
2733 4044 2846 4096 τῶν
2868 4046 2931 4097 ὲν
2955 4048 3239 4119 οὐρανοῖς
3262 4054 3572 4107 οἰκούντων
3589 4052 3714 4113 Θεὸς.

2093 4130 2188 4201 τὴν
2234 4128 2619 4200 προλεχθεῖσαν
2668 4136 3020 4205 περιστερὰν
3076 4144 3450 4213 κατεμέριζε
3484 4146 3596 4205 τοῖς
3641 4145 3715 4193 ἐπὶ

2094 4221 2190 4290 τῆς
2230 4220 2331 4289 γῆς
2382 4218 2681 4287 βασιλεῦσι,
2714 4224 2973 4277 τουτέστι
3000 4232 3127 4292 τοῖς
3161 4232 3227 4284 ὲν
3270 4237 3344 4303 τῇ
3380 4225 3455 4305 γῇ
3498 4235 3715 4304 μετόχοις

2094 4309 2193 4377 τῆς
2224 4306 2384 4359 αὑτοῦ
2431 4307 2728 4376 βασιλείας,
2766 4310 3109 4384 (προφῆται
3159 4319 3223 4372 δὲ
3277 4318 3435 4391 ἦσαν
3465 4315 3624 4383 οὗτοι,
3648 4318 3713 4371 δέ-

2096 4398 2237 4450 καιοί
2267 4414 2324 4448 τε
2351 4398 2444 4450 καὶ
2469 4397 2735 4467 θεοφιλεῖς
2756 4401 2980 4472 ἄνδρες,
3015 4407 3074 4458 οἵ
3096 4426 3162 4461 τε
3193 4411 3459 4482 μαθηταὶ
3487 4413 3579 4465 καὶ
3602 4408 3714 4463 ἀπό-

463 4476 576 4527 nati
606 4475 835 4542 fuerant,
863 4479 1032 4533 instar
1064 4479 1202 4531 nivis
1227 4478 1480 4532 candidos
1508 4479 1785 4548 clarosque
1805 4479 1989 4536 fuisse.

2179 4485 2268 4578 »λοι
2300 4484 2394 4578 τοῦ
2421 4486 2673 4558 Σωτῆρος
2700 4490 2889 4559 ἡμῶν,
2923 4490 3015 4558 οἷς
3051 4497 3120 4549 τὸ
3157 4475 3406 4571 Πνεῦμα
3440 4503 3503 4555 τὸ
3529 4504 3668 4569 ἆγιον
3692 4499 3717 4547 ὁ

463 4567 639 4632 Quare
669 4568 865 4621 dictum
908 4578 1030 4624 est:
1072 4589 1089 4621 ι
1127 4568 1326 4638 thuid
1393 4570 1734 4638 suspicamini
1784 4582 1993 4629 montes

2179 4580 2223 4639 ὅς
2251 4576 2551 4648 διεμέριζεν
2576 4581 2605 4630 6
2631 4581 3022 4655 έποῦρανιος,)
3046 4590 3242 4658 χιόνος
3265 4567 3440 4664 δίκην
3466 4567 3715 4663 ἐλαμπρύ-

460 4656 810 4725 coagulatos?
846 4678 862 4709 ›
913 4657 1276 4729 Objurgantur
1317 4659 1518 4713 scilicet
1558 4660 1649 4729 qui
1698 4652 1893 4729 aliquid
1924 4664 1993 4717 si-

2179 4682 2246 4716 ντο
2271 4667 2321 4717 οἱ
2355 4665 2462 4719 τῶν
2489 4667 2585 4719 τοῦ
2616 4668 2763 4724 θείου
2794 4674 3144 4745 Πνεῦματος
3206 4652 3585 4753 χαρισμάτων
3611 4696 3716 4733 κατ-

460 4744 586 4799 mile
611 4748 870 4801 exsistere
896 4750 1222 4803 arbitrantur
1254 4768 1266 4806 :
1294 4748 1443 4802 addit
1466 4764 1592 4803 vero
1621 4766 1723 4818 qua
1750 4752 1814 4805 de
1836 4767 1993 4805 causa

2179 4752 2415 4822 ούμενοι.
2460 4755 2552 4809 Διὸ
2570 4757 2843 4812 λέλεκταν
2879 4744 3043 4818 «Ἵνα
3071 4768 3131 4819 τί
3170 4744 3603 4842 ὑπολαμϐάνετε
3630 4769 3712 4839 ὅρη

462 4847 571 4887 non
612 4845 853 4905 Oporteat
889 4839 1101 4906 quidvis
1131 4839 1273 4892 aliud
1303 4856 1422 4895 cum
1467 4840 1584 4909 ipso
1625 4840 1888 4904 conferre,
1915 4842 1993 4895 di-

2179 4844 2442 4913 ῖυρωμένα
2462 4862 2477 4908 ;
2501 4865 2518 4895 ι
2540 4847 2949 4918 Ἐπιτιμῶντος
2977 4856 3083 4908 τοῦ
3118 4858 3290 4925 λόγου
3323 4866 3445 4924 τοῖς
3475 4860 3653 4930 ἕτερόν
3672 4874 3713 4907 τι

462 4940 588 5017 cens
617 4949 631 4980 ι
663 4927 845 4982 «Mons
874 4929 927 4982 in
958 4945 1064 4998 quo
1091 4930 1479 5000 beneplacitum
1508 4939 1590 4984 est
1624 4930 1730 4985 Deo
1757 4932 1993 4987 habitare

2179 4933 2403 4996 ιίζουσιν
2431 4936 2617 5006 ὅμοιον
2648 4942 2802 5012 αὐτῴ
2830 4939 3000 4998 εἶναι.
3022 4948 3317 5017 Ἐπιλέγει
3343 4953 3403 5005 δὲ
3428 4944 3524 5005 καὶ
3554 4927 3713 5003 αἰτίαν

462 5011 517 5064 in
553 5028 616 5066 eo
651 5034 663 5068 :
696 5018 891 5069 etenim
922 5016 1178 5073 Dominus
1210 5020 1469 5074 habitabit
1504 5021 1557 5072 in
1592 5020 1767 5074 ﬁnem.
1806 5041 1825 5072 ι
1862 5021 1992 5076 Nam

463 5100 551 5155 ille
576 5103 722 5157 solus
756 5120 908 5160 mons
937 5116 1018 5161 est
1048 5109 1101 5160 in
1134 5124 1238 5177 quo
1268 5108 1407 5163 Deus
1435 5109 1677 5162 habitare
1703 5112 1990 5178 cooptavit,

463 5198 516 5242 et
540 5192 593 5244 in
622 5209 725 5261 quo
743 5194 899 5250 Pater
927 5199 1252 5254 domicilium
1284 5200 1442 5255 habet
1465 5202 1518 5253 in
1538 5200 1729 5253 smcula
1756 5200 1989 5265 inﬁnita;

468 5294 630 5346 quare
662 5298 769 5335 non
792 5284 942 5338 decet
975 5287 1133 5339 alium
1169 5303 1288 5342 cum
1316 5291 1407 5343 illo
1428 5288 1688 5342 conferre.
1735 5287 1865 5342 Nam
1889 5291 1990 5343 etsi

468 5366 533 5419 de
555 5370 670 5423 aliis
700 5372 896 5431 dictum
931 5374 1029 5427 fuit
1057 5377 1185 5430 illud
1208 5418 1222 5442 ,
1277 5397 1296 5429 ι
1330 5377 1639 5436 Inhabitabo
1684 5378 1737 5431 in
1786 5380 1890 5434 illis
1935 5389 1988 5434 et

470 5451 824 5521 inambulabo,
854 5468 905 5513 et
932 5477 1022 5514 ero
1056 5464 1265 5518 illorum
1294 5468 1520 5533 Deus,et
1550 5469 1649 5539 ipsi
1682 5476 1839 5523 erunt
1857 5469 1987 5522 mibi

471 5544 696 5609 populus
720 5544 791 5610 ³²;
828 5565 845 5596 ι
878 5557 931 5598 at
958 5566 1063 5603 non
1091 5557 1307 5620 perinde
1335 5558 1389 5611 in
1420 5560 1549 5629 ipsis
1576 5560 1778 5613 habitat
1800 5566 1851 5613 et
1874 5573 1986 5611 am-

2096 5022 2160 5073 δι’
2191 5024 2256 5092 ἣν
2282 5024 2343 5075 οὐ
2376 5030 2643 5097 προσήκει
2671 5032 3190 5105 ἀντιπαραϐάλλειν
3212 5042 3378 5112 αὐτῷ
3411 5044 3628 5112 ἕτερον·
3648 5038 3711 5090 διά

2100 5129 2230 5181 φησι
2249 5130 2262 5142 ’
2298 5132 2315 5163 ⁸
2344 5115 2417 5167 Τδ
2453 5118 2582 5188 ὅρος
2610 5122 2639 5173 ὃ
2666 5124 2978 5196 ηὐδόκησεν
3075 5132 3213 5195 Θεὸς
3240 5109 3535 5187 κατοικεῖν
3562 5134 3618 5184 ἐν
3636 5130 3711 5183 αὑ-

2094 5202 2203 5271 τῴ’
2236 5205 2329 5256 καὶ
2371 5206 2482 5276 γὰρ
2535 5210 2563 5259 ὁ
2612 5213 2823 5285 Κύριος
2876 5222 3317 5293 κατασκηνώσει
3367 5228 3451 5287 είς
3498 5224 3705 5279 τέλος.»

2093 5294 2267 5346 Μόνον
2303 5297 2413 5368 γάρ
2443 5302 2563 5353 ἐστι
2591 5305 2756 5360 τοῦτο
2788 5310 2846 5361 ὲν
2873 5304 2919 5378 ᾧ
2940 5312 3254 5384 ηὐδόκησεν
3297 5319 3327 5369 ό
3367 5317 3506 5380 Θεὸς
3538 5329 3707 5368 κατοιν

2094 5388 2225 5446 κεῖν,
2252 5388 2351 5476 καὶ
2378 5390 2435 5441 ὲν
2460 5385 2504 5459 ᾧ
2533 5396 2562 5447 6
2594 5397 2793 5473 Πατὴρ
2820 5407 3162 5473 κατασκηνοῖ
3188 5406 3272 5467 είς
3302 5408 3572 5476 ἀπείρους
3597 5402 3705 5455 αίῶ

2091 5488 2185 5563 ξας
2203 5474 2327 5563 ’,διδ
2367 5478 2430 5528 οὐ
2481 5487 2760 5556 προσήκει
2789 5491 2980 5562 ἓτερον
3008 5474 3519 5563 ἀντιπαραϐάλλειν
3546 5487 3701 5560 αὐτῷ.

2090 5561 2151 5613 Et
2183 5561 2291 5633 γὰρ
2318 5568 2416 5619 καὶ
2458 5569 2720 5633 λέλεκται
2759 5561 2897 5655 περι
2923 5584 3122 5656 ἑτέρων
3151 5561 3234 5648 τὸ,
3276 5602 3298 5635 ι
3327 5586 3630 5655 Ἐνοικήσω
3649 5581 3700 5632 ιν

541 5689 755 5747 "Psal.
798 5707 923 5758 xm,
958 5697 1044 5751 51.
1122 5704 1159 5733 ³⁸
1186 5703 1325 5761 Psal.
1366 5726 1437 5775 χι,
1471 5711 1517 5763 7.
1594 5714 1636 5744 ³²
1662 5712 1828 5768 Levit.
1862 5727 1993 5775 xxvi

2180 5713 2218 5767 ΙΙ
2251 5718 2381 5774 Cor.
2422 5740 2500 5792 γι,
2550 5730 2644 5788 16,
