3818 6364
106 394 188 447 τοι

1293 366 1805 434 'COMMENTARIA
1843 380 1906 435 IN
1943 381 2274 439 PSALMOS.

3270 396 3370 451 ’ΖῢΞ

131 482 347 573 ὠτειίί
387 479 1015 573 κβὶρέμπεριπατήσω,
1040 496 1131 548 καὶ⁸
1159 494 1345 563 ἔσομαι
1388 489 1562 544 αὐτῶν
1601 491 1747 556 Θεὸς,

1869 495 2016 559 mlat,
2048 503 2207 566 atque
2238 497 2293 550 in
2319 505 2498 552 monte
2524 513 2623 553 suo
2668 518 2683 556 :
2722 502 2914 557 etenim
2946 503 3104 561 Pater
3130 508 3183 561 in
3212 507 3367 573 Filio,

156 592 241 642 χιχ
262 571 451 643 αὐτοὶ
492 571 717 628 ἔσονταί
771 597 880 649 μου
910 584 1033 645 λαός
1052 601 1065 613 ·
1102 602 1120 633 ι
1159 582 1266 635 ἀλλ’
1290 583 1389 650 οὐχ
1419 577 1587 642 οὕτως
1615 582 1749 632 tvm-

168 681 251 729 χεῖ
277 665 387 727 καὶ.
411 663 794 734 ὲμπεριπατεῖ
823 670 884 725 ὲν
915 672 1234 734 τούτοιςγὼς
1253 674 1309 724 ὲν
1335 670 1409 740 τῷ
1432 669 1589 722 αὑτοῦ
1615 670 1746 741 όρει·

190 767 219 815 b
236 763 348 830 γαρ
366 754 556 825 Πατὴρ
577 756 637 808 ὲν
663 757 742 827 τῷ
765 759 886 829 Υἱῷ
917 763 1006 813 καὶ
1027 762 1054 812 6
1089 761 1211 827 Υἱὸς
1233 763 1287 813 ὲν
1305 759 1381 829 τῷ
1402 760 1569 828 Πατρί
1583 775 1595 788 ·
1624 780 1641 809 ι
1662 760 1752 812 καὶ

192 852 251 903 ὲν
278 847 423 917 αὐτῷ
452 846 725 918 ηὑδόκησε
754 851 866 903 πᾶν
890 852 950 902 τὸ
966 852 1231 920 πλήρωμα
1252 851 1348 919 τῆς
1369 849 1610 917 θεότητος
1630 865 1755 900 κατ-

190 938 411 1007 οικῆσαι
432 954 447 966 ο
485 957 503 989 ι
534 936 630 990 καὶ
652 938 711 990 οὑ
759 940 892 992 ποτὲ
941 941 1034 1009 μὲν
1060 938 1265 1009 ᾤκησεν
1292 942 1347 991 ὲν
1374 938 1538 1006 αὐτῷ,
1570 937 1749 989 ἄλλοτε

184 1030 244 1084 δὲ
270 1028 445 1082 αὐτοῦ
476 1029 689 1099 ἀπέστη
707 1046 719 1058 ·
750 1029 866 1082 ἀλλ’
896 1032 973 1092 εἰς
1002 1030 1058 1082 τὸ
1082 1031 1298 1099 ἄπειρον
1320 1028 1465 1089 τέλος
1489 1028 1572 1080 ἀεὶ
1595 1030 1622 1078 6
1650 1028 1753 1077 IIot-

184 1120 293 1189 τήρ
314 1120 373 1171 ἐν
394 1118 477 1188 τῷ
504 1117 620 1187 Υἰῷ
642 1122 901 1171 κατοικεῖ.
921 1120 1085 1180 Αὐτὸς
1102 1119 1157 1171 δέ
1182 1121 1321 1171 ἐστιν
1344 1120 1376 1186 ἡ
1399 1119 1579 1185 εἰρήνη
1600 1112 1752 1183 ήμῶν

182 1207 337 1261 κατὰ
357 1209 454 1259 τὸν
484 1209 826 1261 Ἀπόστολον.
844 1209 933 1261 Διὸ
953 1210 1042 1261 καὶ
1057 1206 1274 1277 Σαλμὼν
1293 1205 1409 1276 (sic)
1430 1205 1750 1273 ὠνόμασται,

1852 591 1905 637 et
1930 583 2097 640 Filius
2138 587 2193 639 in
2233 585 2413 651 Patre,
2457 604 2475 637 ι
2510 596 2562 642 et
2589 590 2641 642 in
2669 590 2784 659 ipso
2816 595 3134 662 complacuit
3163 611 3370 652 omnem

1852 673 2232 741 plenitudinem
2252 675 2546 731 divinitatis
2575 678 2871 735 inhabitare
2888 683 2930 713 ³³
2958 700 2972 738 :
2998 703 3017 734 ι
3044 702 3215 754 neque
3231 689 3371 740 enim

1854 764 2012 817 modo
2040 763 2295 818 habitavit
2325 766 2377 819 in
2411 766 2523 830 illo,
2558 770 2715 823 modo
2744 772 2965 826 recessit
2995 774 3061 833 ab
3087 790 3184 839 eo;
3208 778 3297 830 sed
3320 779 3374 831 in

1854 851 2117 905 inﬁnitum
2153 869 2214 907 ac
2246 870 2454 924 semper
2478 856 2634 913 Pater
2664 860 2716 913 in
2756 859 2887 913 Filio
2928 861 3204 918 inhabitat.
3258 862 3375 934 Ipse

1854 949 2029 994 autem
2045 952 2125 995 est
2144 958 2245 1011 pax
2259 955 2461 1008 nostra,
2486 949 2778 1002 secundum
2797 950 3104 1019 Apostolum
3119 953 3178 1004 “.
3202 954 3376 1018 Quare

1857 1027 2069 1083 Selmon
2098 1040 2337 1096 vocat-ur,
2379 1035 2431 1087 id
2453 1043 2567 1099 est,
2595 1036 2738 1102 Pax;
2770 1047 2822 1090 et
2856 1040 3004 1093 locus
3041 1038 3131 1093 Dei
3162 1057 3261 1110 pax
3290 1041 3375 1093 di-

1854 1116 2026 1178 citur,
2088 1120 2378 1173 secundum
2427 1122 2555 1177 illud
2582 1162 2597 1188 ,
2656 1141 2674 1173 t
2716 1123 2772 1177 In
2826 1140 2956 1194 pace
3003 1134 3187 1181 sancta
3228 1128 3376 1182 locus

1854 1205 1970 1272 ejus
1998 1206 2059 1259 ⁸⁵.
2088 1227 2107 1258 ι

182 1302 332 1369 ὅπερ
360 1300 516 1350 ἐστὶν
544 1300 750 1368 Εἰρήνη
770 1315 782 1328 ·
813 1300 906 1351 καὶ
938 1300 1097 1360 τόπος
1124 1298 1215 1350 τοῦ
1242 1297 1370 1351 Θεοῦ
1399 1298 1431 1365 ή
1461 1296 1645 1364 εἰρήνη
1678 1292 1935 1355 λέλεκται,
1966 1295 2101 1347 κατὰ
2128 1297 2207 1359 τὸ,
2244 1318 2261 1348 ι
2284 1301 2370 1351 Ἐν
2401 1301 2586 1371 εἰρήνῃ
2616 1302 2742 1372 ἁγίᾳ
2783 1304 2811 1354 6
2844 1304 3003 1364 τόπος
3031 1305 3212 1357 αὑτοῦ.
3251 1325 3268 1353 ι

262 1408 283 1439 ι
322 1389 400 1440 Τὸ
433 1388 597 1458 ᾶρμα
627 1387 722 1440 τοῦ
770 1388 901 1440 Θεοῦ
936 1388 1330 1457 μυριοπλάσιον,
1359 1386 1585 1455 χιλιάδες
1608 1382 1759 1451 εὐθη-

179 1477 454 1532 νούντων·
473 1477 685 1547 Κύριος
714 1478 772 1529 ὲν
799 1479 977 1538 αὐτοῖς
1000 1479 1056 1529 ὲν
1073 1476 1217 1529 Σιναῒ
1233 1478 1289 1527 ὲν
1308 1475 1382 1545 τῷ
1406 1476 1557 1544 ἁγίῳ.
1575 1494 1592 1525 ι
1612 1476 1761 1525 Ἀπο-

178 1569 312 1629 δοὺς
349 1569 383 1619 ὁ
412 1567 582 1634 λόγος
622 1566 842 1637 πρώτην
874 1566 969 1635 τὴν
998 1568 1123 1635 περὶ
1150 1565 1239 1617 τοῦ
1272 1566 1422 1631 άγίου
1453 1564 1759 1634 Πνεύματος

177 1654 559 1709 διδασκαλίαν
586 1654 673 1706 διὰ
702 1653 800 1721 τῆς
829 1654 1166 1722 περιστερᾶς,
1194 1653 1375 1705 ἔπειτα
1400 1652 1494 1723 τὴν
1520 1653 1644 1723 περὶ
1666 1652 1757 1704 τοῦ

183 1744 322 1797 Υἰοῦ
356 1744 454 1797 διὰ
501 1742 599 1795 τοῦ
630 1742 788 1811 ὅρους
812 1741 902 1793 τοῦ
931 1742 1080 1806 Θεοῦ,
1111 1742 1415 1795 καταϐαίνει
1453 1741 1630 1794 λοιπὸν
1669 1742 1757 1793 ἐπὶ
1789 1781 1829 1837 Β

177 1836 284 1899 τὰς
312 1832 738 1902 ὑποϐεϐηκυίας
763 1832 1013 1901 δυνάμεις
1031 1849 1044 1861 °
1070 1832 1347 1902 παριστὰς,
1374 1834 1474 1893 ὅτι,
1507 1834 1554 1883 εἰ
1578 1832 1667 1883 καὶ
1691 1832 1757 1883 τὰ

182 1924 441 1993 μάλιστα
469 1920 535 1972 τὸ
567 1920 695 1989 ὅρος
738 1920 797 1971 τὸ
839 1920 1088 1972 ἀποδοθὲν
1133 1920 1362 1972 τοιοῦτον
1390 1922 1655 1990 τυγχάνει,
1686 1922 1759 1982 ὡς

178 2017 241 2066 ἐν
294 2012 459 2080 αὐτῷ
511 2014 791 2062 κατοικεῖν
838 2010 944 2061 πᾶν
986 2010 1045 2061 τὸ
1087 2009 1351 2080 πλήρωμα
1375 2011 1471 2080 τῆς
1497 2010 1759 2078 πατρικῆς

180 2103 480 2172 θεότητος,
502 2101 622 2153 ἀλλ’
639 2102 700 2153 οὐ
729 2102 884 2169 μόνον
907 2100 1058 2152 τοῦτο
1086 2100 1267 2169 κτῆμά
1287 2103 1400 2152 ἐστι
1423 2101 1512 2153 τοῦ
1535 2100 1757 2168 Πατρὸς,

183 2193 305 2262 ἔχει
351 2193 415 2244 δὲ
461 2193 563 2243 καὶ
588 2190 753 2251 ἄλλας
782 2190 1170 2261 ὑποϐεϐηκυίας
1209 2189 1508 2251 διακονικὰς
1540 2188 1630 2241 καὶ
1662 2189 1763 2240 λει-

181 2280 505 2351 τουργικάς
530 2279 807 2347 δυνάμεις,
834 2279 899 2341 ἃς
934 2280 1123 2349 μυρίας
1152 2278 1311 2341 οὔσας
1346 2279 1437 2330 καὶ
1461 2278 1673 2341 πολλὰς,
1694 2280 1759 2348 τῇ

185 2388 246 2423 τε
277 2373 461 2439 ἀρετῇ
491 2368 856 2437 διαφερούσας
881 2370 967 2437 ὑφ’
996 2370 1087 2421 ἕνα
1126 2369 1283 2436 ζυγὸν
1312 2369 1759 2438 καταδησάμενος,

184 2462 348 2531 ἅρμα
377 2458 568 2527 ἑαυτῷ
591 2459 909 2523 κατέζευξεν
933 2462 960 2510 6
978 2458 1341 2528 παμϐασιλεὺς
1378 2458 1525 2521 Θεὸς,
1557 2459 1641 2526 ὑφ’
1658 2460 1763 2527 ήνι-

186 2551 301 2620 όχῳ
335 2549 423 2618 τῷ
456 2550 758 2614 Μονογενεῖ
785 2547 943 2599 αὑτοῦ
974 2548 1142 2616 Λόγῳ.
1166 2548 1236 2600 Τὸ
1261 2548 1315 2600 δὲ
1341 2548 1536 2600 τούτων
1570 2547 1762 2617 πλῆθος

188 2642 285 2692 καί¹
316 2639 535 2708 Δανιὴλ
561 2641 591 2691 6
617 2639 895 2708 προφήτης
930 2640 985 2690 ὲν
1010 2642 1074 2708 τῇ
1106 2638 1323 2709 θεοπτίᾳ
1364 2640 1647 2709 παρίστησι
1680 2637 1764 2689 λέ-

186 2747 332 2799 γων·
370 2748 390 2779 ι
414 2729 633 2799 Μύριαι
661 2728 915 2798 μυριάδες
934 2727 1297 2798 ἐλειτούργουν
1326 2729 1591 2798 αὑτῷ,καί
1604 2729 1763 2798 χίλιαι

190 2822 445 2892 χιλιάδες
472 2821 935 2888 παρειστήκεισαν
961 2819 1256 2889 ἔμπροσθεν
1286 2818 1461 2870 αὑτοῦ.
1494 2814 1595 2889 »ᾮ
1628 2836 1763 2888 συμ-

192 2910 398 2979 φώνως
427 2910 527 2961 καὶ
561 2908 657 2960 νῦν
692 2908 965 2960 λέλεκται·
998 2926 1016 2958 t
1039 2908 1109 2958 Tb
1133 2909 1279 2977 ἅρμα
1305 2908 1394 2960 τοῦ
1422 2908 1553 2965 Θεοῦ
1589 2925 1766 2978 μυριο-

193 3003 458 3060 πλάσιον,
501 2998 742 3067 χιλιάδες
775 2996 1152 3066 εὐθηνούντων.
1183 3016 1200 3046 ι
1222 2997 1354 3048 Ἀνθ’
1384 2990 1441 3049 οῦ
1481 3000 1508 3049 6
1548 2998 1766 3066 Σύμμα-

1928 1386 2090 1441 Vsas.
2127 1387 2210 1440 l8.
2234 1406 2251 1437 t
2276 1388 2478 1443 Currus
2500 1391 2591 1446 Dei
2612 1393 2793 1447 decem
2825 1395 3057 1449 millibus
3083 1398 3377 1465 multiplex,

1856 1477 2019 1530 millia
2049 1479 2355 1541 laetantium,
2386 1479 2641 1536 Dominus
2673 1483 2724 1535 in
2750 1484 2849 1547 eis,
2890 1484 2942 1536 in
2971 1482 3138 1547 Sinai,
3172 1485 3225 1537 in
3252 1500 3379 1540 san-

1856 1576 1961 1621 cto.
2003 1588 2022 1619 ι
2059 1568 2186 1623 Post
2211 1570 2432 1638 primam
2465 1572 2710 1625 traditam
2739 1572 2805 1627 de
2832 1572 3036 1641 Spiritu
3074 1584 3259 1627 sancto
3286 1574 3381 1627 «Io-

1857 1657 2081 1710 ctrinam
2112 1674 2206 1727 per
2232 1660 2491 1713 columbae
2516 1662 2917 1717 similitudinem
2938 1702 2953 1726 ,
2995 1663 3290 1733 deindeque
3316 1664 3383 1719 de

1857 1742 1991 1799 Filio
2021 1761 2114 1814 per
2141 1745 2359 1814 ﬁguram
2392 1749 2585 1801 montis
2614 1749 2736 1813 Dei,
2769 1751 2834 1804 ad
2868 1750 3146 1804 inferiores
3170 1753 3383 1805 demum

1862 1841 2149 1901 potestates
2174 1836 2489 1903 descendit;
2519 1838 2816 1902 declarans,
2851 1838 3057 1893 etiamsi
3101 1855 3254 1895 mons
3297 1843 3384 1896 ille

1860 1935 2183 1981 memoratus
2232 1928 2535 1997 hujusmodi
2587 1931 2692 1994 sit,
2752 1938 2809 1983 ut
2857 1930 2913 1982 in
2964 1930 3080 1999 ipso
3130 1932 3384 1986 inhabitet

1862 2015 2036 2069 omnis
2078 2016 2353 2084 plenitudo
2384 2027 2615 2086 paternae
2637 2018 2960 2083 divinitatis,
2992 2034 3097 2071 non
3138 2035 3256 2073 esse
3298 2028 3382 2072 ta-

1861 2116 1981 2155 men
2015 2105 2181 2156 solam
2229 2103 2403 2160 Patris
2442 2107 2869 2175 possessionem;
2916 2108 3007 2161 sed
3037 2109 3207 2175 ipsum
3251 2109 3384 2162 alias

1863 2189 2057 2243 habere
2086 2191 2429 2247 administras
2454 2202 2506 2247 et
2535 2194 2773 2249 subditas
2803 2195 3044 2252 virtutes.
3078 2210 3233 2263 quas,
3262 2196 3385 2250 licet

1863 2274 2069 2328 inﬁnito
2098 2292 2319 2329 numero
2342 2276 2469 2341 sint,
2498 2287 2657 2346 atque
2688 2278 2882 2331 virtute
2922 2286 3252 2345 praestantes,
3283 2279 3385 2331 sub

1863 2378 1970 2416 uno
1994 2365 2123 2433 jugo
2144 2365 2400 2433 colligans
2427 2366 2662 2418 omnium
2682 2380 2773 2419 rex
2805 2366 2891 2419 ille
2910 2364 3055 2420 Deus
3082 2366 3261 2418 currui
3285 2365 3385 2419 ad.

1859 2452 2035 2522 junxit
2067 2468 2185 2515 suo,
2218 2455 2491 2522 aurigante
2519 2453 2800 2522 Unigenito
2824 2452 2995 2507 Verbo
3018 2469 3134 2507 suo.
3184 2453 3384 2508 Harum

1864 2555 1990 2593 vero
2021 2540 2410 2594 multitudinem
2454 2541 2508 2593 in
2547 2541 2723 2593 divina
2768 2555 2861 2594 sua
2910 2541 3112 2595 visione
3154 2542 3387 2595 declarat

1865 2628 2069 2693 Daniel,
2097 2632 2278 2686 dicens
2307 2652 2321 2685 :
2363 2649 2381 2681 ι
2410 2630 2595 2685 Decies
2628 2632 2818 2685 millies
2853 2632 2987 2684 dena
3024 2632 3185 2684 millia
3231 2631 3389 2684 mini~

1867 2730 2106 2786 strabant
2130 2731 2199 2792 ei,
2224 2737 2276 2783 et
2298 2729 2463 2781 millia
2494 2728 2717 2782 millium
2745 2729 2989 2782 astabant
3022 2728 3076 2781 in
3101 2736 3388 2799 conspectu

1866 2821 1984 2887 ejus
2013 2822 2077 2875 “.
2114 2840 2133 2873 ι
2170 2820 2265 2874 Cui
2291 2820 2486 2873 accinit
2514 2819 2601 2873 hic
2628 2820 2775 2873 locus
2805 2837 2817 2872 :
2860 2838 2879 2870 ι
2915 2819 3117 2874 Currus
3140 2819 3229 2874 Dei
3260 2821 3391 2873 mul-

1868 2912 2029 2981 tiplex
2059 2911 2224 2965 millia
2261 2910 2572 2983 laetantium.
2602 2929 2621 2961 ι
2672 2909 2776 2963 Pro
2805 2924 2911 2977 quo
2939 2909 3285 2979 Symmachus
3313 2911 3390 2964 sic

1870 3003 2268 3071 interpretatur,
2305 3000 2562 3055 «Vectura
2589 3000 2682 3054 Dei
2711 3000 2969 3052 denorum
2997 2999 3237 3063 millium,
3272 3000 3390 3052 mil-

193 3110 289 3163 χος
317 3092 711 3162 ήρμήνευσεν·
744 3105 762 3138 t
778 3086 1001 3155 Ὄχησις
1024 3086 1113 3137 τοῦ
1136 3086 1266 3137 Θεοῦ
1289 3086 1572 3155 μυριάδων,
1600 3086 1765 3154 χιλιά-

1870 3093 1938 3147 lia
1971 3093 2295 3147 sonantium.
2327 3110 2345 3142 ι
2387 3090 2523 3155 Quid
2553 3088 2703 3152 illud,
2735 3106 2752 3138 t
2776 3089 3131 3151 sonantium,»
3164 3088 3267 3140 nisi
3293 3104 3388 3141 vo-

195 3185 286 3247 δες
339 3182 658 3251 ἠχούντων.
688 3197 706 3229 ι
747 3178 811 3229 Τί
859 3178 913 3228 δὲ
949 3196 965 3227 t
995 3176 1260 3245 ήχούντων
1289 3196 1306 3225 ι
1337 3177 1368 3246 ἢ
1416 3177 1624 3239 πάντως
1669 3194 1767 3230 που

196 3274 394 3343 φωνὰς
428 3272 667 3341 πλήρεις
695 3268 993 3335 δοξολογίας
1024 3268 1115 3319 καὶ
1142 3266 1438 3333 θεολογίας;
1471 3262 1567 3320 Οἷα
1591 3268 1680 3320 καὶ
1704 3268 1771 3321 τὰ

200 3363 490 3431 σεραφείμ
514 3360 930 3428 ἀναγέγραπται
957 3357 1104 3427 παρὰ
1130 3356 1204 3425 τῷ
1238 3356 1429 3426 Ἡσαΐᾳ.
1460 3356 1657 3426 βοῶντα
1681 3357 1771 3408 καὶ

196 3451 437 3518 λέγοντα
458 3466 471 3478 ο
505 3467 527 3498 ‹
544 3449 753 3513 Ἀγιος,
780 3447 948 3513 ἅγιος,
980 3446 1129 3512 ἆγιος
1153 3444 1350 3515 Κύριος
1379 3446 1615 3510 Σαϐαὼθ,
1639 3446 1771 3515 πλή-

202 3559 305 3613 ρης
342 3542 508 3592 πᾶσα
536 3540 573 3607 ἡ
600 3540 670 3605 γῆ
697 3536 796 3605 τῆς
813 3535 967 3605 δόξης
986 3534 1163 3588 αὐτοῦ.
1195 3554 1213 3585 ι
1234 3536 1317 3587 Ἑν
1337 3536 1550 3598 ταύταις
1572 3536 1626 3587 δὲ
1656 3538 1771 3599 ταῖς

199 3632 417 3701 χιλιάσι
486 3628 589 3681 καὶ
637 3629 756 3688 ταῖς
808 3625 1028 3695 μυριάσι
1069 3627 1188 3686 ταῖς
1237 3625 1656 3695 ὑπεζευγμέναις
1696 3626 1773 3695 τῷ

199 3722 418 3793 ἅρματι
451 3717 553 3771 τοῦ
587 3715 721 3768 Θεοῦ
762 3717 854 3768 καί⁵
881 3716 1037 3777 αὐτὸς
1078 3716 1105 3767 6
1138 3713 1334 3784 Κύριος
1361 3715 1518 3784 μέσος
1557 3715 1773 3784 ἐμπολι-

196 3813 453 3875 τεύεται,
491 3806 685 3874 ὥσπερ
712 3804 936 3875 ἡνιοχῶν
964 3802 1129 3866 αὐτάς
1156 3805 1246 3856 καὶ
1270 3803 1345 3875 τῷ
1377 3806 1643 3874 Πνεύματι
1672 3822 1773 3857 πα-

202 3897 604 3971 ρασκευάζων.
652 3896 742 3946 Διὸ
783 3894 1104 3961 ὲπιλέγεται,
1146 3912 1165 3944 t
1193 3894 1385 3965 Κύριος
1422 3897 1478 3946 ὲν
1525 3896 1718 3957 αὐτοῖς.
1747 3914 1765 3946 ι

200 3992 369 4053 Ποῖος
404 3988 471 4041 δὲ
506 3984 732 4055 Κύριος,
764 3984 1010 4053 σημαίνει
1040 3982 1237 4053 προῖὼν
1261 3985 1350 4036 καὶ
1372 3984 1613 4052 φάσκωνο
1649 4001 1666 4034 t
1689 3984 1775 4034 Ἐν

200 4081 362 4134 Σιναῒ
396 4081 461 4131 ὲν
492 4075 576 4145 τῷ
603 4075 759 4143 ἁγίῳ.
793 4092 810 4123 ι
839 4073 1007 4135 Αὐτὸς
1030 4073 1136 4143 γὰρ
1169 4075 1386 4137 ἐκεῖνος,
1420 4074 1600 4142 φησὶν,
1624 4075 1651 4125 ὁ
1675 4072 1777 4124 Κύ-

200 4189 324 4242 ριος
364 4171 397 4221 6
444 4171 508 4220 ὲν
559 4164 709 4217 Σιναῖ
741 4163 817 4232 τῷ
844 4163 981 4232 ἁγίῳ
1010 4163 1121 4233 ὄρει
1148 4164 1357 4230 ὀφθείς·
1393 4159 1459 4233 ἦν
1489 4164 1543 4216 δὲ
1573 4156 1722 4225 οῦτος
1747 4164 1775 4214 6

196 4262 298 4314 τοῦ
338 4257 489 4317 Θεοῦ
517 4256 711 4323 Λόγος,
744 4254 941 4323 δηλαδὴ
985 4257 1093 4316 τοῖς
1134 4254 1236 4305 ὑπὸ
1266 4254 1325 4305 τὸ
1349 4253 1497 4323 ἆρμα
1524 4252 1613 4305 τοῦ
1645 4251 1773 4304 Θεοῦ

199 4348 597 4418 ἐζευγμένοις.
618 4344 708 4396 Διὸ
719 4344 778 4395 οὑ
799 4342 874 4411 τῷ
887 4342 1049 4412 [τετυ]
1066 4341 1461 4411 τετραγράμμῳ
1473 4342 1725 4410 κέχρηται
1742 4343 1772 4410 ή

1868 3198 1957 3237 ces
1985 3183 2228 3237 laudibus
2262 3182 2561 3248 divinisque
2584 3178 2917 3233 sermonibus
2941 3178 3125 3246 plenas
3152 3176 3391 3230 emitten-

1868 3272 2033 3327 tinm?
2060 3271 2247 3336 Qualia
2276 3269 2540 3337 seraphim
2569 3266 2704 3335 apud
2728 3265 2920 3319 Isaiam
2965 3264 3195 3317 clamare
3220 3277 3281 3315 ac
3303 3263 3388 3315 di-

1868 3375 1988 3414 cere
2017 3360 2270 3427 scriptum
2293 3365 2374 3412 est
2405 3375 2418 3409 :
2454 3375 2472 3406 t
2507 3353 2752 3415 Sanctus,
2779 3359 3018 3413 sanctus,
3042 3358 3258 3405 sanctus
3286 3348 3391 3403 Do-

1868 3448 2044 3502 minus
2069 3446 2319 3508 Sabaoth,
2339 3446 2492 3514 plena
2514 3452 2595 3499 est
2610 3443 2782 3497 omnis
2798 3450 2937 3495 terra
2965 3439 3131 3510 gloria
3156 3438 3271 3506 ejus
3287 3439 3386 3491 ⁸”¹.›

1869 3538 2011 3592 Inter
2059 3538 2171 3591 haec
2216 3537 2380 3590 millia
2418 3543 2470 3590 et
2494 3535 2629 3587 dena
2661 3533 2858 3596 millia,
2909 3546 3027 3600 qua:
3075 3530 3165 3585 Dei
3212 3533 3391 3584 currui

1865 3628 2051 3697 juncta
2081 3634 2235 3687 sunt.
2270 3626 2476 3680 medius
2502 3630 2744 3678 versatur
2773 3622 2886 3690 ipse
2919 3619 3209 3683 Dominus,
3238 3621 3392 3687 quasi

1871 3717 2122 3784 aurigans
2152 3730 2213 3768 ac
2241 3712 2461 3783 Spiritui
2489 3724 2789 3780 praeparans
2814 3710 2977 3777 ipsas.
3040 3707 3394 3773 Quamobrem

1873 3808 2230 3875 subjungitur,
2267 3823 2286 3856 ι
2316 3805 2570 3857 Dominus
2614 3803 2666 3855 in
2699 3801 2798 3855 eis.
2834 3818 2851 3851 ι
2903 3799 3005 3863 Qui
3040 3799 3108 3853 sit
3140 3796 3395 3850 Dominus

1873 3893 2097 3948 subinde
2118 3893 2352 3946 declarat
2384 3892 2466 3945 his
2489 3890 2683 3953 verbis,
2720 3904 2738 3939 t
2775 3888 2831 3941 In
2865 3886 3033 3949 Sinai,
3066 3887 3119 3938 in
3154 3892 3390 3939 sancto.»

1873 3987 2002 4040 Nam
2028 3988 2158 4054 ipse,
2192 3985 2384 4053 inquit,
2416 3984 2670 4037 Dominus
2695 3990 2773 4036 est
2807 3980 2897 4047 qui
2929 3980 2980 4031 in
3009 3987 3187 4032 monte
3211 3985 3396 4032 sancto

1876 4074 2020 4127 Sinai
2050 4075 2196 4128 visus
2219 4080 2337 4138 est;
2370 4082 2483 4126 erat
2511 4079 2685 4126 autem
2712 4070 2798 4122 ille
2830 4066 2921 4120 Dei
2956 4065 3184 4119 Verbum
3206 4103 3222 4128 ,
3247 4066 3397 4118 visus

1873 4162 2076 4216 scilicet
2102 4162 2169 4215 iis
2196 4161 2288 4230 qui
2337 4161 2437 4215 sub
2463 4174 2624 4213 curru
2668 4156 2757 4210 Dei
2798 4155 2968 4222 juncti
2999 4161 3170 4207 erant.
3219 4152 3396 4216 Quare

1874 4251 2133 4305 IIebraica
2164 4252 2338 4313 lectio,
2379 4264 2486 4303 non
2533 4257 2935 4315 tetragrammo,
2972 4243 3083 4297 sive
3114 4255 3243 4294 voce
3269 4255 3396 4308 qua-

1875 4349 1995 4395 tuor
2016 4344 2309 4395 litterarum
2342 4340 2528 4402 utitur,
2559 4337 2650 4391 sed
2673 4336 2929 4388 elementa
2958 4331 3258 4384 communia
3290 4328 3397 4381 Do-

212 4410 496 4510 T'ZBP'a'ixi}
530 4433 695 4498 λέξις,
728 4410 1003 4501 στοιχείοις
1038 4410 1092 4483 δὲ
1121 4410 1313 4494 κοινοῖς
1338 4410 1425 4483 τόν
1456 4432 1651 4500 Κύριον
1680 4447 1765 4482 πε-

1876 4430 2073 4483 minum
2102 4443 2400 4483 memorans
2426 4429 2648 4494 usurpat
2673 4423 2726 4475 in
2744 4421 2853 4482 illo,
2883 4418 3167 4472 «Dominus
3186 4418 3238 4468 in
3259 4417 3389 4471 eis.»

204 4532 387 4601 ριέχει
437 4529 500 4579 ὲν
548 4524 645 4595 τῷ,
683 4543 701 4574 t
728 4523 928 4593 Κύριος
962 4524 1018 4573 ὲν
1067 4523 1264 4584 αὐτοῖς.
1297 4523 1438 4573 »Ἵνα
1465 4522 1570 4590 γὰρ
1596 4521 1773 4589 ἕτερον

198 4621 556 4692 παραστήσῃ
580 4615 765 4667 τοῦτον
796 4612 887 4664 τοῦ
917 4612 1164 4682 ἀνωτέρω
1205 4611 1288 4663 διὰ
1316 4610 1406 4662 τοῦ
1438 4610 1774 4679 τετραγράμ-

206 4730 313 4781 μου
342 4706 721 4779 σημανθέντος
749 4704 902 4766 Θεοῦ,
931 4705 1016 4755 ὅτε
1050 4702 1147 4771 μὲν
1178 4721 1196 4752 ι
1224 4701 1282 4753 τὸ
1304 4701 1450 4768 ἆρμα
1474 4699 1564 4751 τοῦ
1592 4699 1722 4751 Θεοῦ
1750 4717 1768 4749 ι

205 4801 457 4868 ἐλέγετο,
495 4795 587 4848 διὰ
634 4796 738 4845 τῶν
781 4795 1169 4861 ἀνεκφωνήτων
1203 4791 1328 4859 παρ’
1368 4788 1627 4858 Ἑϐραίοις
1659 4789 1775 4857 ἐδη-

203 4894 372 4947 λοῦτο
404 4888 690 4957 στοιχείων
711 4902 725 4917 ο
760 4885 874 4938 νυνὶ
905 4885 961 4936 δὲ
992 4887 1095 4945 τοῖς
1126 4879 1443 4948 κοινοτέροις
1472 4885 1776 4952 χαρακτῆρ-

207 4999 318 5047 σιν,
337 4978 425 5044 οἷς
454 4979 554 5032 καί⁵
573 4978 601 5027 6
627 4977 751 5045 παρ’
779 4973 1080 5043 ἀνθρώποις
1099 4972 1366 5041 γράφεται
1388 4966 1451 5017 κύ
1461 4985 1589 5035 ριος.
1609 4972 1781 5041 Ἀκρι-

208 5068 324 5133 δῶς
356 5070 417 5122 δὲ
456 5066 552 5119 καὶ
579 5064 668 5115 τὸν
694 5063 852 5114 τόπον
878 5060 1284 5128 ἐπισημαίνεται
1309 5052 1397 5105 τὸν
1429 5074 1446 5104 t
1473 5057 1530 5106 ἐν
1560 5056 1726 5120 Σιναῒ,
1754 5076 1772 5107 ι

212 5160 303 5213 ἵνα
345 5158 579 5227 σημήνῃ
606 5154 693 5205 τὸν
727 5154 815 5203 ἐπὶ
842 5152 941 5219 γῆς
978 5150 1196 5216 ὀφθέντα
1224 5143 1443 5211 Κύριον.
1476 5146 1691 5216 Σφόδρα
1724 5147 1779 5199 δὲ

222 5249 539 5309 ἀκολούθως
561 5243 797 5309 ἐπιλέγει
826 5240 968 5307 ἐξῆςο

327 5363 347 5395 ⁸
403 5339 636 5406 ,Ανέδης
703 5336 781 5395 είς
855 5331 1013 5398 ὕψος,
1078 5319 1489 5395 ᾐχμαλώτευσας
1568 5326 1774 5394 αἰχμα-

232 5433 463 5485 λωσίαν·
539 5425 729 5485 ἔλαϐες
795 5421 988 5489 δόματα
1046 5418 1099 5468 ἐν
1149 5406 1470 5477 ἀνθρώποις.
1518 5430 1541 5461 ι
1590 5414 1774 5466 Αἰνίτ-

1881 4519 1945 4573 Ut
1971 4520 2111 4573 enim
2157 4534 2277 4573 eum
2308 4518 2467 4570 alium
2491 4530 2609 4569 esse
2644 4512 2935 4566 declararet
2974 4508 3040 4561 ab
3068 4522 3151 4569 eo,
3183 4507 3273 4575 qui
3306 4522 3395 4561 su-

1875 4611 2052 4679 perius
2100 4625 2195 4679 per
2240 4624 2431 4662 nomen
2460 4611 2686 4675 quatuor
2716 4602 3007 4654 litterarum
3037 4598 3393 4657 indicabatur,

1876 4698 2005 4762 Deo,
2042 4713 2163 4751 cum
2196 4715 2214 4747 ι
2246 4710 2438 4749 currus
2469 4692 2557 4746 Dei
2594 4709 2611 4740 ι
2644 4689 2930 4752 diceretur,
2958 4686 3234 4739 elementis
3254 4683 3394 4752 apud

1873 4790 2121 4844 Hebraeos
2146 4785 2498 4841 ineﬂ'abilibus
2523 4796 2649 4835 usus
2692 4788 2807 4842 est;
2839 4790 2980 4829 nunc
3000 4788 3126 4827 vero
3158 4787 3396 4824 commu-

1876 4881 2115 4936 nioribus
2144 4874 2562 4935 characteribus,
2607 4869 2800 4938 quibus
2848 4865 3113 4919 indicatur
3145 4861 3396 4914 dominus

1877 4971 2097 5040 quilibet
2125 4967 2262 5036 apud
2290 4964 2546 5017 homines.
2597 4958 2795 5010 Locum
2830 4956 2952 5008 item
2983 4958 3229 5005 accurate
3258 4949 3398 5002 indi-

1877 5070 1980 5122 cat.
2017 5078 2035 5109 ι
2068 5060 2120 5112 in
2150 5056 2327 5118 Sinai,
2363 5073 2380 5105 ι
2413 5062 2470 5106 ut
2509 5049 2828 5118 signiﬁcaret
2861 5044 3136 5098 Dominum
3170 5042 3224 5094 in
3256 5049 3399 5095 terra

1879 5153 2071 5205 visum.
2137 5145 2333 5201 Deinde
2387 5147 2770 5206 consequenter
2825 5132 3108 5188 admodum
3166 5128 3330 5181 infert
3377 5144 3395 5184 ι

1947 5329 2108 5382 Vens.
2138 5324 2225 5377 29..
2287 5339 2305 5370 ι
2342 5311 2637 5372 Ascendisti
2668 5310 2723 5361 in
2755 5310 2936 5367 altum,
2963 5303 3147 5371 cepisti
3180 5301 3400 5369 captivi-

1880 5427 2059 5481 tatem,
2095 5409 2341 5479 accepisti
2379 5408 2517 5459 dona
2564 5400 2616 5451 in
2655 5396 2981 5450 hominibus.
3020 5410 3037 5439 ι
3078 5391 3402 5442 Descensum

295 5662 569 5719 “Coloss.
608 5675 646 5721 ι,
695 5654 777 5707 l9.
852 5649 1082 5718 “Ephcs.
1115 5661 1170 5709 ιι,
1224 5642 1313 5696 Η.
1380 5646 1605 5702 "Psal.
1647 5664 1765 5703 Lxx.

1869 5653 1897 5707 ἱ.
1974 5653 2015 5684 “
2036 5649 2166 5702 Dan.
2200 5659 2293 5707 vn,
2329 5642 2406 5696 l0.
2481 5638 2521 5669 ³⁷
2548 5632 2648 5687 lsa.
2680 5646 2763 5696 vt,
2793 5632 2847 5686 3.
