3818 6374
479 405 586 462 699
1153 360 1410 453 sustam!
1450 392 1912 451 cmssmnusns
1950 391 2096 448 OPP.
2138 387 2315 443 rans
2352 386 2440 442 ιιι.
2479 417 2548 427 -
2586 378 3016 439 exsomnes.
3413 369 3429 387 '
3638 374 3729 432 τω

481 524 571 592 jus
602 522 855 577 columba:
905 516 1200 585 posteriora
1245 513 1374 567 dicit
1401 528 1520 566 esse
1546 511 1598 563 in
1628 511 1828 579 pallore
1873 509 1988 562 auri

2275 504 2371 574 τὴν
2425 502 2641 573 μνήμην
2700 499 2940 550 ποιεῖται
2995 494 3082 557 ὡς
3141 491 3303 592 πρός.
3351 490 3505 559 ἡμᾶς
3538 488 3728 592 λέγων’

482 580 613 666 ῘἺειιιι
644 626 762 665 cum
796 580 1028 677 Spiritus
1058 611 1275 658 sanctus
1322 601 1565 655 columba
1595 615 1715 655 esse
1756 600 1985 669 intelliga

2226 594 2288 646 ἀν
2325 591 2621 661 κοιμηθῆτε
2666 587 2775 641 ἀνὰ
2814 586 2985 656 μέσον
3022 582 3149 635 τῶν
3202 580 3458 650 κλήρων.
3493 598 3511 631 ι
3548 580 3731 650 Κλῆρει

482 707 592 761 tur,
612 712 729 766 quae
753 668 910 747 ver-ha
936 693 990 744 in
1017 689 1192 743 Veteri
1220 696 1269 742 et
1294 687 1439 741 Novo
1461 686 1800 741 Testamento
1830 686 1984 754 legun

2222 684 2309 752 τῆς
2350 679 2670 749 Ἐκκλησίας
2702 677 2847 728 εἰσιν
2893 675 2929 744 ἡ
2988 690 3058 725 τε
3118 668 3359 723 Παλαιὰ
3391 668 3489 720 καὶ
3521 670 3555 738 ή
3577 670 3730 738 Καινὴ

483 794 593 849 tur,
629 757 938 839 “secundum
970 779 1164 833 nudam
1193 786 1245 831 et
1272 777 1480 831 obviam
1509 776 1787 830 lectionem
1809 814 1823 836 ,
1858 788 1990 842 quas

2222 770 2352 839 θήκη
2380 769 2472 821 τοῦ
2498 767 2662 820 Θεοῦ·
2690 761 2766 819 ὧν
2796 764 2930 825 τοὺς
2956 764 3017 815 ἐν
3049 760 3224 831 μέσῳ
3254 757 3730 829 διαστρεφομένους

482 846 587 928 sub
615 873 712 925 alis
743 870 950 923 occulta
973 876 1120 930 sunt,
1151 868 1271 932 alis,
1301 868 1537 935 inquam,
1569 864 1857 925 deauratis,
1887 862 1990 931 qui:

2223 873 2347 908 ισκει
2381 855 2655 925 πτέρυγας
2683 851 3032 921 περιστερᾶς
3070 846 3634 918 περιηργυρωμένας
3661 848 3731 898 εὖ-

479 963 689 1031 eloquia
738 961 947 1015 Domini
991 966 1266 1029 argentum
1301 966 1425 1012 sunt
1468 957 1589 1025 igne
1632 954 1983 1009 examinatum

2222 965 2327 1001 ειν·
2363 942 2429 1018 ἦς
2460 948 2792 1018 περιστερᾶς
2829 944 2903 995 τὰ
2952 943 3308 1012 μετάφρενα
3353 935 3498 991 εἶναι
3540 939 3595 991 ἐν
3618 938 3730 1009 χλω-

480 1051 760 1121 probatum
786 1060 960 1104 terrae.
1017 1048 1183 1103 Sensa
1215 1058 1391 1101 autem
1424 1047 1476 1099 in
1502 1042 1765 1115 profundo
1788 1044 1983 1097 abscon

2221 1057 2300 1109 ητι
2325 1040 2567 1110 χρυσίου.
2605 1041 2713 1092 Τοῦ
2742 1041 2857 1110 γὰρ
2899 1037 3069 1105 ἁγίου
3118 1032 3483 1121 Πνεῦματος.
3512 1046 3729 1121 περιστε-

480 1118 611 1200 dita,
663 1153 781 1208 quae
826 1145 1129 1191 memorata:
1173 1136 1451 1197 columbae,
1497 1134 1750 1187 nimirum
1782 1130 1988 1200 Spiritu:

2247 1131 2553 1200 νοουμένου,
2583 1133 2632 1182 οί
2666 1132 2724 1183 ὲν
2760 1129 2990 1197 Παλαιᾷ
3029 1125 3139 1177 καὶ
3172 1124 3373 1190 Καινῇ
3405 1118 3727 1189 λελαλημένοι

481 1228 676 1290 sancti,
708 1227 1091 1296 posterioribus
1121 1224 1495 1293 comparanda,
1527 1224 1580 1276 in
1604 1223 1804 1292 pallore
1825 1222 1989 1275 dicunt

2218 1237 2279 1283 οι,
2301 1220 2441 1272 κατὰ
2474 1221 2570 1290 μὲν
2606 1220 2705 1290 τὴν
2738 1217 3083 1271 ἐπιπόλαιον
3116 1213 3480 1280 ἀνάγνωσιν,
3507 1210 3726 1279 πτέρυξιν

481 1324 567 1368 tur
597 1330 739 1379 esse,
780 1316 904 1383 quia
929 1315 1192 1368 sententia
1221 1322 1272 1367 et
1300 1313 1585 1381 purissima
1620 1328 1770 1367 mens
1799 1312 1897 1367 sub
1931 1311 1989 1365 die

2217 1326 2297 1377 τερ
2329 1309 2805 1379 ἐγκεκαλυμμένοι
2831 1304 3228 1374 τυγχάνωσι,
3263 1300 3368 1352 καὶ
3408 1296 3630 1368 πτέρυξι
3654 1315 3725 1350 7:-

479 1405 657 1458 ctione
688 1402 997 1457 abscondita
1033 1402 1149 1454 auri
1186 1402 1356 1455 instar
1395 1400 1624 1469 eﬂ‘ulget.
1677 1399 1877 1468 Hisque
1901 1415 1987 1451 rur

2217 1398 2602 1468 ργυρωμέναις,
2650 1396 2842 1467 ἐπειδὴ
2886 1395 2961 1447 τὰ
3012 1394 3193 1461 λόγια
3229 1390 3459 1461 Κυρίου
3502 1389 3725 1459 ἀργύριόν

481 1508 597 1547 sum
631 1508 729 1545 nos
757 1491 1038 1559 compellat
1061 1505 1266 1553 omnes,
1285 1489 1374 1557 qui
1405 1489 1459 1541 in
1490 1489 1648 1542 domo
1674 1487 1765 1543 Dei
1790 1503 1989 1557 congre

2216 1505 2225 1538 '.
2250 1487 2663 1557 πεπυρωμένον,
2693 1485 2946 1555 δοκίμιον
2968 1486 3045 1553 τῇ
3072 1484 3179 1551 γῇο
3196 1479 3276 1532 τὰ
3300 1479 3361 1530 δὲ
3388 1478 3535 1531 κατὰ
3565 1478 3724 1547 βάθους

481 1582 590 1652 gati
630 1597 837 1646 sumus,
881 1594 1014 1649 quos
1050 1580 1218 1648 spolia
1248 1578 1493 1648 superius
1514 1578 1855 1647 nuncupavit.
1904 1577 1989 1632 Prt

2215 1577 2527 1647 εκρυμμένα
2555 1578 2829 1647 νοήματα,
2866 1576 3026 1645 ἅπερ
3067 1572 3233 1625 ἔοικε
3270 1570 3632 1641 μεταφρένοις
3650 1570 3723 1638 τῆς

479 1670 573 1724 illo
602 1678 812 1734 autem,
862 1686 880 1718 ι
926 1669 981 1720 Si
1015 1667 1312 1729 dormiatis,
1352 1685 1369 1716 ›
1411 1665 1761 1734 Symmachus
1807 1666 1884 1719 sic
1909 1665 1987 1717 hat

2215 1662 2461 1733 δοθείσης
2495 1666 2855 1734 περιστερᾶς,
2890 1661 3125 1732 δηλαδὴ
3172 1660 3280 1714 τοῦ
3315 1661 3483 1727 ἁγίου
3512 1657 3723 1729 Πνεύμι-

478 1761 589 1822 bet,
648 1778 666 1809 ‹
703 1758 758 1812 Si
783 1759 1081 1813 recideritis
1124 1758 1261 1811 inter
1305 1758 1497 1812 cleros.
1536 1775 1554 1807 ι
1598 1754 1728 1809 Nam
1756 1754 1985 1809 dormire

2212 1794 2217 1813 ,
2253 1754 2308 1804 ὲν
2340 1753 2641 1824 χλωρότητι
2670 1754 2893 1822 λέγεται
2927 1751 3115 1817 εἴναι,
3146 1753 3261 1823 τῆς
3294 1748 3720 1846 ὲγκεκρυμὲέης

478 1864 621 1903 nunc
646 1850 977 1918 requiescere
1011 1848 1291 1915 significat.
1328 1847 1396 1900 lis
1420 1846 1579 1915 igitur
1611 1847 1702 1914 qui
1728 1859 1986 1901 sacrorun

2215 1841 2354 1904 λέξει
2396 1842 2635 1905 διανοίας
2683 1845 2778 1896 καὶ
2810 1844 2911 1897 τοῦ
2957 1844 3404 1914 καθαρωτάτου
3436 1840 3527 1893 νοῦ
3557 1838 3719 1911 χρυσοῦ

476 1938 763 1993 verborum
789 1937 1153 1991 exercitationi
1183 1943 1391 1998 vacant,
1410 1936 1703 1989 hortatorio
1719 1934 1872 1987 modo
1893 1948 1984 2002 pro

2212 1951 2258 2002 ῃν
2290 1934 2798 2004 ἀπαστράπτοντος.
2826 1935 3033 1988 Ταῦτα
3075 1936 3141 1987 δὲ
3180 1936 3567 2003 ἀναφωνεῖται
3590 1934 3720 1985 πᾶσιν

478 2029 708 2082 mittitur
741 2027 1036 2081 divinarum
1062 2025 1456 2095 Scripturarum
1487 2024 1688 2079 utilitas
1721 2043 1733 2078 :
1768 2039 1888 2076 nam
1920 2037 1986 2077 sat

2212 2039 2230 2073 ν
2263 2026 2371 2086 τοῖς
2405 2026 2462 2075 ὲν
2493 2023 2570 2093 τῷ
2595 2023 2731 2092 οἴκῳ
2761 2024 2859 2078 τοῦ
2892 2026 3051 2078 Θεοῦ
3098 2026 3513 2095 συνηγμένοις,
3547 2022 3629 2085 οὓς
3656 2022 3720 2073 δια

475 2133 690 2172 crarum
720 2117 1003 2171 lectionum
1037 2116 1197 2168 dictio
1228 2124 1448 2184 purgata
1480 2123 1562 2168 est
1591 2115 1758 2168 instar
1798 2121 1980 2183 argent

2235 2113 2537 2184 ἔμπροσθεν
2573 2115 2747 2167 σκὺλα
2764 2117 2794 2167 6
2819 2116 2990 2184 λόγος
3023 2116 3371 2187 ὠνόμαζεν.
3392 2116 3542 2170 Ἀντὶ
3559 2114 3611 2166 δὲ
3627 2113 3714 2170 τοῦ.

475 2207 595 2277 igne
621 2207 930 2270 examinati,
964 2207 1255 2261 secundum
1284 2205 1421 2260 hanc
1442 2205 1754 2260 sententiam
1787 2223 1799 2258 :
1838 2223 1855 2254 ι
1878 2203 1983 2257 Elo-

2209 2202 2265 2254 ἄν
2290 2203 2604 2274 κοιμηθῆτε,
2637 2223 2656 2254 ι
2698 2205 2846 2258 κατὰ
2877 2206 2980 2257 τὸν
3014 2205 3379 2276 Σύμμαχον,
3421 2225 3440 2256 ι
3464 2205 3585 2257 Ἐὰν
3607 2214 3717 2257 ανα-

474 2298 599 2364 quia
622 2296 828 2350 Domini
858 2296 976 2365 igne
1005 2296 1305 2348 examinata
1330 2295 1373 2325 ³ο
1394 2313 1407 2359 ;
1431 2312 1449 2345 ι
1478 2309 1539 2347 ac
1568 2308 1778 2347 rursum
1807 2312 1820 2347 :
1849 2312 1866 2344 r
1886 2293 1982 2347 Elo

2209 2308 2299 2361 ητε
2326 2293 2525 2361 μεταξὺ
2563 2293 2673 2346 τῶν
2705 2296 2958 2365 κλήρων,
2996 2316 3019 2346 ι
3068 2296 3337 2368 εἴρηται.
3373 2296 3450 2349 Τὸ
3491 2294 3594 2366 γὰρ
3632 2312 3717 2348 κοι-

474 2388 597 2455 quia
636 2386 841 2439 Domini
873 2386 1080 2454 eloquia
1125 2393 1295 2447 casta,
1346 2390 1621 2453 argentum
1658 2384 1776 2451 igne
1803 2384 1982 2436 exami-

2214 2382 2334 2451 ἧναι
2357 2382 2448 2435 νῦν
2467 2384 2947 2439 διαναπαύσεσθαι
2971 2387 3325 2458 δηλοῖ,Τοῖς
3345 2385 3444 2440 οὖν
3465 2387 3569 2439 τῶν
3591 2386 3718 2456 ἱερῶν

475 2481 679 2536 natum,
715 2473 991 2540 probatum
1020 2479 1195 2535 terrae,
1228 2479 1509 2540 purgatum
1554 2470 1852 2539 septuplum
1879 2470 1943 2524 ³¹.
1978 2489 1983 2520 ι

2209 2474 2361 2540 ηταῖς
2395 2472 2569 2541 λόγων
2596 2478 3049 2546 προτρεπτικῶς
3084 2482 3122 2548 ή
3158 2479 3567 2550 προσφώνησις
3587 2480 3717 2545 ἐπαῖ-

474 2561 750 2614 Sententia
780 2576 906 2615 vero
936 2562 1229 2630 spiritualis
1272 2567 1531 2630 praestans
1578 2569 1630 2614 et
1676 2561 1851 2630 magni
1884 2577 1982 2630 pret

2210 2574 2343 2614 terat
2374 2563 2471 2634 τὴν
2499 2566 2565 2617 ὲκ
2590 2566 2697 2618 τῶν
2728 2567 2894 2620 θείων
2921 2568 3130 2637 λόγων
3153 2571 3448 2640 ὠφέλειαν
3467 2587 3480 2601 ·
3504 2572 3538 2639 ἠ
3559 2585 3613 2621 τε
3634 2569 3718 2639 ’μὰρ

473 2652 533 2705 tii
564 2666 702 2724 esse,
752 2666 872 2704 cum
923 2651 1141 2717 dicitur,
1180 2670 1199 2701 ‹
1232 2651 1291 2704 In
1335 2651 1534 2720 pallore
1583 2649 1732 2714 auri,
1766 2669 1784 2701 ι
1824 2650 1981 2705 άεοιδι

2211 2671 2238 2716 ς
2286 2655 2392 2707 τῶν
2440 2656 2600 2726 ἱερῶν
2647 2658 3142 2728 ἀναγνωσμάτων
3200 2662 3551 2735 κεκάθαρται
3596 2663 3716 2731 δίκην

473 2749 639 2794 ratur.
2101 2743 2358 2814 ἀργυρίου
2404 2747 2833 2816 πεπυρωμένου,
2872 2749 3033 2803 κατὰ
3088 2753 3197 2805 τὸν
3256 2755 3516 2823 φήσαντα
3552 2756 3717 2821 λόγον’

473 2855 495 2887 ι
522 2835 602 2888 Τὰ
630 2836 781 2903 λόγια
821 2836 1021 2906 Κυρίου
1066 2835 1460 2905 πεπυρωμένα·
1496 2854 1513 2885 ι
1546 2835 1637 2887 καὶ
1664 2834 1845 2886 πάλιν·
1913 2852 1930 2884 ι
1992 2834 2071 2887 Τὰ
2107 2836 2257 2904 λόγια
2291 2838 2494 2909 Κυρίου
2542 2840 2701 2908 λόγια
2748 2843 2917 2909 ἁγνὰ,
2966 2844 3291 2917 ἀργύριονι
3333 2849 3715 2920 πεπυρωμένον,

474 2925 707 2994 δοκίμιον
729 2928 791 2995 τῇ
817 2928 907 2995 γῇ,
928 2924 1377 2996 κεκαθαρισμένον
1401 2924 1801 2986 ὲπταπλασίως”
1840 2942 1858 2974 ›
1887 2924 1999 2993 ἥτε
2035 2924 2236 2979 διάνοια
2261 2930 2292 2998 ἡ
2323 2930 2664 3000 πνευματικὴ
2692 2930 2988 3001 ἐξαίρετος
3064 2938 3179 2989 καὶ
3251 2938 3615 3010 πολυτίμητος
3651 2939 3717 2989 διὰ

474 3015 565 3068 τοῦ
610 3015 885 3084 λέγεσθαι,
923 3035 940 3069 ι
963 3018 1049 3070 Ἑν
1089 3018 1382 3088 χλωρότητι
1420 3017 1661 3087 χρυσίου,
1691 3035 1709 3067 ι
1747 3016 2093 3086 παρίσταται.

536 3130 700 3186 Vsus.
729 3132 912 3185 15-17.
957 3150 975 3183 ι
1015 3132 1145 3185 Dum
1171 3131 1427 3186 discernit
1479 3132 1712 3186 caelestis
1734 3146 1887 3200 reges
1918 3148 2044 3200 su-t

2230 3131 2315 3182 Ἑν
2346 3130 2423 3200 τῷ
2445 3131 2776 3186 διαστέλλειν
2808 3135 2904 3187 τὸν
2935 3137 3229 3207 οὐράνιον
3268 3142 3517 3211 βασιλεῖς
3545 3143 3621 3194 ἐπ’
3641 3142 3717 3193 αὑ-

473 3235 564 3295 per
591 3236 706 3275 eam
738 3221 861 3275 nive
886 3220 1275 3275 dealbabuntur
1319 3220 1374 3273 in
1421 3220 1652 3274 Selmon.
1692 3240 1709 3270 ι
1748 3219 1851 3273 Pro
1886 3221 1974 3274 illo

2206 3261 2219 3285 ,
2256 3221 2678 3292 χιονωθήσονται
2706 3225 2765 3277 ἐν
2792 3225 3067 3295 Σελμών.
3097 3250 3121 3282 ›
3147 3233 3310 3285 Ἀντὶ
3346 3234 3466 3297 τοῦ,
3507 3254 3524 3286 ι
3546 3235 3623 3287 Ἐν
3655 3232 3714 3297 τῷ

477 3287 496 3358 λ
510 3306 641 3361 Dum
655 3307 913 3362 discernit
932 3308 1185 3373 cmlestis,
1200 3328 1217 3358 ι
1237 3315 1288 3360 et
1303 3315 1512 3370 caetera,
1529 3307 1606 3361 sic
1623 3307 1985 3375 interpretatur

2207 3287 2419 3365 ιτέλλειν
2438 3287 2531 3365 τίον
2548 3313 2877 3384 ἐπουράνιον
2963 3321 3076 3372 καὶ
3104 3323 3187 3375 τὰ
3222 3324 3382 3394 ἑξῆς,
3407 3329 3436 3378 6
3454 3287 3715 3395 'Zt'xppaxo‘;

472 3394 823 3466 Symmachus
857 3415 869 3451 :
914 3415 932 3447 ι
962 3396 1183 3461 Quando
1211 3395 1538 3465 dispensavit
1566 3406 1754 3465 potens
1777 3411 1980 3479 regnart

2206 3419 2277 3454 :ov
2305 3403 2613 3471 ἡρμήνευσε
2656 3402 2751 3456 τὸν
2790 3405 3008 3473 τρόπον
3030 3426 3046 3439 ⁸
3096 3428 3125 3461 t
3156 3410 3370 3465 Ὁπότε
3399 3394 3714 3483 κατεμέριζεν

472 3486 638 3548 Illam,
671 3487 824 3555 quasi
849 3486 969 3540 nive
991 3486 1233 3539 dealbata
1259 3497 1389 3541 erat.
1462 3485 1676 3541 Selmon
1703 3501 1857 3541 mons
1884 3486 1972 3540 Dei

2205 3491 2340 3553 :avb;
2370 3491 2675 3560 βασιλεύειν
2710 3495 2913 3565 αὐτὴν,
2962 3496 3049 3558 ὡς
3103 3504 3478 3570 χιονισθείσα
3509 3500 3589 3573 ἦν.
3619 3500 3713 3552 Σελ-

469 3590 623 3627 mons
644 3576 875 3644 pinguis,
894 3591 1047 3629 mons
1065 3576 1376 3642 altissimus,
1393 3592 1545 3631 mons
1564 3577 1773 3647 pinguis
1798 3596 1810 3630 :
1835 3592 1977 3645 quan

2203 3598 2212 3630 ο
2256 3581 2379 3650 ὅρος
2423 3581 2582 3645 Θεοῦ,
2624 3582 2751 3654 ὅρος
2807 3585 3165 3656 εὐτροφίας,
3206 3593 3346 3662 ὅρος
3397 3593 3711 3665 ὑψηλότατον,

471 3664 683 3716 curiose
711 3664 1096 3737 investigantur
1148 3675 1354 3733 montes
1376 3667 1614 3720 excelsi?
1642 3666 1790 3720 Mons
1813 3666 1866 3719 in
1892 3682 1979 3735 qu<

2198 3689 2219 3731 ς
2258 3670 2576 3740 εὐτροφίας’
2613 3674 2695 3734 είς
2735 3674 2790 3725 τί
2839 3681 3400 3746 περισπουδάζεται
3448 3684 3516 3735 τὰ
3553 3684 3639 3751 ὄρη
3656 3684 3706 3732 τὰ

472 3750 793 3805 desideravit
832 3751 970 3806 Deus
1010 3753 1270 3817 habitare,
1302 3762 1353 3808 et
1379 3754 1633 3810 Dominus
1660 3756 1914 3810 habitabit
1941 3757 1980 3809 ir

2202 3760 2308 3830 ιλάς
2340 3760 2411 3813 Τὸ
2446 3761 2570 3830 ὅρος
2602 3764 2741 3834 ὅπερ
2774 3765 3064 3837 ἐπόθησεν
3100 3771 3145 3821 ὁ
3181 3773 3327 3836 Θεὸς
3367 3775 3451 3837 είς
3482 3775 3542 3826 τὸ
3566 3750 3710 3827 κατοι-

473 3838 654 3894 ﬂnem.
684 3859 704 3893 ι
740 3840 831 3897 His
855 3850 1029 3896 autem
1052 3844 1323 3911 docemur,
1351 3861 1469 3898 cum
1494 3847 1725 3901 cmlestis
1750 3848 1855 3911 ille,
1888 3850 1981 3902 sive

2197 3870 2213 3903 ν
2260 3854 2316 3903 ὲν
2360 3852 2526 3922 αὐτῷ,
2558 3855 2654 3907 καὶ
2681 3855 2893 3927 Κύριος
2922 3865 3396 3935 κατασκηνώσει
3423 3869 3503 3931 είς
3522 3867 3669 3928 τέλος.
3694 3884 3705 3911 ι

471 3928 767 3981 caelestium
801 3930 1093 3983 incolarum
1135 3931 1307 3997 Deus,
1358 3933 1660 4000 praedictam
1706 3936 1979 3989 columban

2200 3941 2346 3993 ἅσκει
2379 3943 2435 3993 δὲ
2466 3944 2495 3994 6
2523 3942 2701 4010 λόγος,
2735 3945 2813 4008 ὼς
2844 3946 2962 4017 ἄρα
3006 3953 3176 4006 κατὰ
3202 3928 3316 4008 ’τὸν
3343 3928 3533 4027 καιρόν
3560 3958 3611 4008 ἐν
3632 3947 3666 4020 ᾧ
3690 3955 3708 4005 ὁ

472 4017 687 4084 regibus
714 4025 869 4072 terra:
905 4020 1143 4085 donavit,
1176 4021 1228 4073 id
1253 4029 1352 4083 est,
1384 4021 1451 4076 iis
1485 4020 1574 4090 qui
1601 4022 1656 4074 in
1680 4029 1820 4077 terra
1855 4039 1979 4093 regn

2199 4032 2437 4103 ηυράνιος,
2465 4033 2666 4104 δηλαδὴ
2695 4038 2724 4088 6
2745 4038 2856 4089 τῶν
2879 4040 2941 4091 ὲν
2965 4042 3253 4113 οὐρανοῖς
3274 4017 3572 4102 οἰκούντων
3588 4017 3707 4108 Θε-δς.

471 4106 591 4175 ejus
621 4118 894 4164 consortes
933 4110 1147 4165 fuerunt
1186 4111 1261 4181 (hi
1310 4126 1468 4181 porro
1516 4118 1669 4165 erant
1711 4113 1979 4181 prophetae

2243 4122 2628 4193 προλεχθεῖσαν
2679 4106 3054 4199 περιστερὰν-
3086 4106 3455 4209 κατεμέριζε
3488 4142 3594 4201 τοῖς
3639 4106 3708 4188 ἔτι

469 4197 601 4265 justi
643 4205 695 4253 et
726 4200 798 4268 pii
825 4200 947 4263 viri,
987 4215 1049 4254 ac
1076 4201 1325 4270 discipuli
1375 4210 1426 4255 et
1456 4202 1680 4270 apostoli
1708 4200 1973 4257 Salvatori

2238 4213 2339 4281 γῆς
2390 4212 2691 4281 βασιλεῦσι,
2725 4197 2983 4272 τουτέστι
3010 4227 3139 4288 τοῖς
3176 4197 3353 4299 ἐν.τῇ
3501 4197 3709 4299 μετόχοις

471 4287 663 4353 nostri,
706 4290 900 4357 quibus
939 4288 1195 4359 Spiritum
1226 4296 1469 4343 sanctum
1495 4291 1726 4344 ccelestis
1754 4291 1841 4345 ille
1866 4291 1979 4346 Deu

2198 4300 2392 4352 ἀὐτοῦ
2439 4300 2738 4369 βασιλείας,
2776 4284 3133 4379 (προφῆται.
3174 4315 3238 4368 δὲ
3288 4284 3706 4387 ﬁééJoﬁaatQ

471 4375 793 4445 distribuit);
838 4388 967 4432 tunc
1010 4395 1103 4434 eos
1140 4379 1231 4448 qui
1266 4379 1432 4432 divini
1481 4378 1713 4449 Spiritus
1744 4381 1900 4438 donis
1926 4399 1979 4436 or

2200 4390 2245 4479 οί
2275 4406 2333 4440 τε
2359 4391 2452 4479 καὶ
2479 4391 2746 4461 θεοφιλεῖς
2767 4375 3085 4467 ἄνδρεςξοῖ
3108 4421 3175 4457 τε
3207 4375 3464 4479 μαθηταὶ
3491 4409 3580 4461 καὶ
3601 4403 3708 4458 ἀπό-

472 4466 585 4518 nati
615 4466 844 4533 fuerant,
872 4470 1040 4523 instar
1072 4470 1210 4522 nivis
1235 4469 1488 4524 candidos
1516 4471 1793 4540 clarosque
1814 4471 1978 4528 fuisse

2202 4478 2276 4570 λοι
2308 4477 2400 4529 τοῦ
2429 4480 2682 4552 Σωτῆρος
2710 4487 2744 4554 ὴ
2756 4466 2898 4554 μῶν,
2932 4484 3025 4553 οἷς
3061 4493 3131 4545 τὸ
3170 4466 3414 4567 Ιίνεῦμα
3446 4499 3506 4550 τὸ
3532 4500 3665 4564 ἅγιον
3687 4494 3710 4541 ὁ

471 4557 647 4623 Quare
677 4559 874 4611 dictum
917 4569 1038 4615 est:
1080 4580 1097 4611 ‹
1135 4559 1334 4630 thuid
1401 4562 1743 4629 suspicamini
1793 4573 1979 4618 monte:

2205 4586 2231 4631 ς
2259 4568 2560 4641 διεμέριζεν
2585 4575 2613 4624 ὁ
2640 4576 2775 4627 ὲπού
2786 4583 3033 4649 ρανιος,)
3057 4586 3255 4653 χιόνος
3278 4557 3446 4659 δίκην
3471 4557 3710 4658 ἐλαμπρύ-

469 4647 818 4715 coagulatos?
853 4668 871 4698 ι
920 4648 1284 4720 Ohjurgantur
1325 4650 1526 4705 scilicet
1566 4652 1657 4720 qui
1706 4644 1901 4721 aliquid
1932 4656 1976 4709 si

2202 4674 2253 4708 ro
2279 4660 2329 4709 οἱ
2362 4659 2471 4712 τῶν
2498 4662 2593 4713 τοῦ
2624 4663 2771 4718 θείου
2804 4668 3155 4739 Πνεύματος
3219 4680 3586 4749 χαρισμάτων
3611 4690 3710 4728 κατα

468 4734 594 4789 mile
619 4738 878 4791 exsistere
904 4741 1231 4793 arbitrantur
1262 4759 1274 4795 :
1302 4739 1450 4793 addit
1474 4756 1600 4795 vero
1629 4758 1732 4810 qua
1758 4744 1822 4797 de
1844 4758 1976 4798 causa

2199 4746 2423 4815 stipator.
2468 4748 2559 4802 Διὸ
2578 4751 2852 4807 λέλεκταιο
2888 4734 3053 4813 ι”ίνα
3081 4734 3149 4814 τί
3180 4734 3603 4837 ὑπολαμϐάνετε
3630 4764 3707 4833 ὅρη

470 4837 579 4877 non
620 4834 861 4895 Oporteat
897 4829 1109 4896 quidvis
1139 4830 1280 4883 aliud
1311 4847 1429 4885 cum
1474 4832 1592 4901 ipso
1633 4831 1894 4896 conferre,
1923 4834 1975 4887 di

2199 4837 2450 4906 υρωμένα
2470 4855 2485 4903 ;
2509 4858 2526 4889 ι
2548 4840 2959 4913 Ἐπιτιμῶντος
2986 4851 3093 4903 τοῦ
3128 4853 3303 4922 λόγου
3334 4860 3450 4919 τοῖς
3480 4855 3651 4925 ἕτερόν
3670 4868 3707 4901 τι

470 4930 596 4969 cens
625 4940 638 4970 -.
671 4917 852 4973 «Mons
882 4920 935 4972 in
966 4935 1071 4988 quo
1099 4920 1487 4990 beneplacitum
1516 4931 1597 4976 est
1632 4922 1737 4976 Deo
1764 4924 1978 4977 habitar.

2199 4926 2410 4989 ,ίζουσιν
2438 4930 2625 5000 ὅμοιον
2655 4936 2810 5005 αὐτῷ
2837 4933 3009 4993 εἶναι.
3032 4944 3328 5013 Ἐπιλέγει
3353 4949 3411 5001 δὲ
3436 4939 3528 5001 καὶ
3556 4943 3707 4999 αἰτίαν

470 5001 526 5054 in
560 5018 624 5057 eo
659 5024 671 5059 :
704 5008 898 5059 etenim
930 5007 1185 5063 Dominus
1218 5011 1476 5064 habitabit
1512 5012 1565 5064 in
1599 5012 1775 5066 finem.
1814 5033 1832 5064 ι
1870 5014 1978 5068 Nan

2198 5016 2263 5085 ἣν
2289 5018 2350 5068 οὐ
2382 5023 2651 5091 προσήκει
2678 5026 3201 5099 ἀντιπαραϐάλλειν
3226 5038 3387 5107 αὐτῷ
3420 5041 3627 5107 ἕτερον’
3646 5032 3706 5084 διά

471 5090 559 5144 ille
584 5094 729 5147 solus
763 5110 915 5150 mons
944 5106 1025 5151 est
1055 5099 1108 5150 in
1141 5114 1245 5168 quo
1275 5099 1415 5153 Deus
1442 5100 1685 5153 habitare
1710 5104 1976 5170 c00ptavit

2199 5122 2237 5157 ιι
2256 5123 2269 5135 ·
2304 5126 2322 5156 ι
2351 5109 2424 5160 Τὸ
2459 5090 2589 5182 ὅρος
2616 5115 2646 5167 ὃ
2671 5090 2987 5191 ηὐδόκησεν
3085 5128 3226 5192 Θεὸς
3254 5090 3538 5183 κατοικεῖν
3565 5129 3618 5179 ἐν
3636 5124 3707 5178 αὑ·

471 5188 523 5233 et
547 5182 601 5234 in
630 5199 732 5252 quo
750 5184 906 5240 Pater
933 5189 1260 5244 domicilium
1291 5192 1450 5246 habet
1473 5193 1526 5244 in
1545 5192 1736 5244 saecula
1763 5193 1967 5245 inﬁnita

2198 5212 2210 5224 ·
2243 5199 2336 5249 καὶ
2377 5200 2488 5270 γὰρ
2541 5204 2570 5253 ὁ
2618 5207 2829 5279 Κύριος
2882 5219 3330 5283 κατασκηνώσει
3378 5225 3458 5283 είς
3502 5220 3701 5274 τέλοςοι

475 5284 637 5337 quare
669 5288 775 5326 non
799 5274 948 5329 decet
981 5277 1141 5330 alium
1175 5294 1296 5332 cum
1324 5281 1415 5334 illo
1435 5280 1696 5333 conferre.
1741 5278 1872 5333 Nam
1896 5291 1977 5335 ets

478 5357 537 5379 Δ-
563 5360 673 5379 -l19-
724 5362 755 5379 1ο
795 5370 806 5379 .
940 5365 961 5379 ιι
997 5367 1029 5379 ο-
1064 5368 1115 5379 σι.
1180 5370 1191 5379 ι
1337 5369 1355 5379 ε
1398 5372 1409 5379 .
1468 5372 1479 5379 .
1505 5373 1515 5379 .
1579 5374 1590 5379 -
1693 5370 1704 5379 ι
1794 5372 1864 5379 ....

2389 5258 2400 5266 “
2459 5258 2470 5270 ⁸
2690 5258 2731 5279 ι
2754 5258 2826 5272 "v
2886 5258 3330 5289 """"'VI‘VWUS|
3378 5258 3455 5283 ι...
3513 5258 3661 5274 ...ωη-
3688 5258 3697 5263 -

2194 5304 2274 5339 νον
2309 5290 2419 5360 γάρ
2449 5295 2568 5379 ἐστι
2596 5298 2760 5353 τοῦτο
2791 5303 2849 5354 ἐν
2878 5298 2924 5371 ᾧ
2946 5308 3269 5379 ηὐδόκησεν
3310 5315 3340 5366 6
3378 5313 3511 5375 Θεὸς
3541 5324 3702 5364 καιτοι.

475 5357 541 5451 de
562 5360 903 5469 aliis‘dictum
938 5365 1036 5418 fuit
1064 5368 1192 5421 illud
1216 5409 1230 5433 ,
1284 5388 1303 5420 ι
1337 5369 1646 5427 lnhabitabo
1691 5370 1744 5423 in
1793 5372 1897 5426 illis
1942 5381 1983 5426 et

2193 5395 2233 5438 ν,
2259 5381 2357 5469 καὶ
2385 5383 2441 5434 ὲν
2538 5389 2567 5439 6
2600 5389 2796 5464 Πατὴρ
2823 5350 3173 5469 καζασκηνοί
3199 5404 3286 5463 είς
3316 5350 3576 5469 ἀπίξυς
3598 5396 3701 5450 αἰῶ

478 5442 830 5555 inambulabo,
860 5459 911 5504 et
938 5469 1029 5506 ero
1062 5455 1273 5509 illorum
1302 5459 1527 5524 Deus,et
1556 5460 1656 5530 ipsi
1689 5468 1846 5514 erunt
1864 5461 1986 5514 mihi

2195 5420 2233 5438 .,
2267 5420 2357 5432 η...
2385 5420 2438 5434 ...ν
2465 5420 2510 5451 ψ
2538 5420 2567 5439 υ
2602 5420 2796 5464 nutu}?
2824 5420 3170 5469 κατασκηνοῖν
3199 5420 3286 5463 εις
3316 5420 3576 5471 απειρους
3598 5420 3698 5450 σιω

2190 5466 2333 5555 ηδιὸ
2373 5470 2435 5521 οὑ
2486 5480 2762 5548 προσήκει
2791 5482 2986 5554 ἕτερον
3015 5487 3524 5555 ἀντιπαραϐάλλειν
3550 5483 3698 5555 αὐτῷ.

478 5533 703 5602 populus
725 5536 797 5602 ³²;
834 5557 851 5588 ι
885 5549 937 5591 at
965 5557 1070 5596 non
1098 5548 1314 5612 perinde
1342 5549 1395 5602 in
1426 5551 1556 5620 ipsis
1576 5507 1785 5605 habitat
1807 5559 1858 5605 et
1881 5565 1986 5603 am-

2189 5512 2190 5519 η
2255 5507 2333 5518 -.υ
2375 5507 2434 5521 νυ
2493 5507 2762 5548 ιιρυυηχει
2794 5507 2986 5554 ετερον
3015 5507 3524 5559 αντιπαραοαΑ-Αειν
3550 5507 3697 5555 auriga.

2190 5554 2298 5625 γὰρ
2324 5560 2422 5612 καὶ
2463 5561 2722 5624 λέλεκται
2761 5577 2891 5645 περὶ
2925 5578 3135 5649 ἑτέρων
3164 5580 3247 5643 τὸ,
3291 5599 3311 5631 ι
3340 5581 3631 5650 Ἐνοικήσω
3649 5576 3697 5627 ἓν

553 5681 597 5713 ²⁹
623 5678 761 5736 Psal.
804 5700 929 5751 xm,
964 5690 1050 5743 3i.
1127 5696 1165 5725 "
1192 5694 1331 5752 Psal.
1372 5718 1444 5767 χι,
1478 5703 1524 5755 7.
1600 5706 1643 5737 ³³
1668 5704 1835 5760 Levit.
1868 5720 2011 5770 xxvt,
2050 5704 2061 5756 l

1137 5696 1165 5725 ¹¹
1192 5694 1331 5752 Psal.
1372 5718 1444 5767 χι,
1478 5703 1524 5755 7.
1600 5706 1643 5737 ³³
1668 5704 1835 5760 Levit.
1868 5720 2011 5770 xxvi,
2050 5704 2147 5774 12;
2187 5706 2225 5760 ΙΙ
2258 5711 2387 5767 Cor.
2426 5732 2502 5783 vt,
2552 5722 2645 5779 16.
