3818 6402
56 482 115 533 m
266 521 304 533 _
427 446 458 533 χ
1316 431 1765 499 Communi

1870 449 1922 501 [Ν
1960 449 2291 509 PSALMOS.

156 521 509 650 ἄξω-ἷῗὶ
528 537 1032 650 ὲμιπεξισιυατήσω,
1058 558 1148 610 καὶ
1177 557 1362 627 ἔσομαι
1403 557 1579 650 αὐτῶν
1617 557 1764 623 Θεδς,

1870 562 2032 627 bulat,
2064 572 2223 635 atque
2255 567 2309 620 in
2335 576 2514 623 monte
2540 585 2639 625 suo
2684 590 2699 628 :
2738 575 2930 630 etenim
2962 577 3119 635 Pater
3145 583 3199 636 in
3227 582 3383 650 Filio,

96 593 107 608 ‘
568 593 583 609 ι
625 593 1013 616 "‘r""---vw
1060 593 1148 610 own-
1177 593 1264 610 wv
1310 593 1362 612 υι...
1403 593 1578 610 ut.th
1618 593 1764 623 Vw.”

74 607 439 725 “it/{‘3‘
483 625 724 687 ἔσονταί
782 657 896 709 μου
917 593 1081 708 ,λαός
1119 665 1137 696 ι
1175 593 1404 716 ἀλλΐούχ
1434 644 1602 708 οὕτως
1632 648 1765 698 ένοις

113 711 374 806 ἓνκαὶ
398 713 805 790 ἐμπεριπατεῖ
836 732 899 787 ὲν
930 735 1154 797 τούτοις,
1169 736 1251 797 ’ὡς
1270 739 1325 788 ἐν
1351 736 1424 805 τῷ
1446 735 1605 788 αὐτοῦ
1630 735 1761 807 δρει·

146 804 334 903 σὴρ
352 804 554 903 qui}?
570 812 639 903 ibi
667 816 751 887 τῷ
776 819 901 891 Υἱῷ
932 826 1022 876 καὶ
1042 825 1069 875 6
1104 824 1226 890 Υἱὸς
1248 827 1302 877 ὲν
1321 804 1610 894 τῷίΠατρί·
1640 804 1767 878 (καὶ

156 897 216 969 ἰς
241 897 419 971 πλωτῷ
446 901 732 975 ηὐδόκησε
763 912 880 965 πᾶν
904 914 965 965 τὸ
981 915 1245 984 πλήρωμα
1268 915 1362 983 τῆς
1384 914 1625 982 θεότητος
1645 931 1769 966 κατ-

196 1003 445 1067 σιγέτχσσιι·
486 1012 504 1045 t
534 994 634 1047 καὶ
658 998 719 1049 οὑ
768 1002 906 1054 ποτὲ
955 1004 1048 1072 μὲν
1075 1002 1279 1073 ᾣκησεν
1306 1006 1361 1055 ὲν
1389 1004 1552 1072 αὐτῷ,
1583 1003 1763 1055 ἄλλοτε

205 1088 263 1141 δὲ
289 1085 450 1140 αὐτοῦ
480 1087 696 1159 ἀπέστη
715 1106 728 1118 θ
760 1091 879 1143 ἀλλ’
908 1095 986 1154 εἰς
1016 1094 1071 1144 τὸ
1096 1095 1312 1162 ἄπειρον
1334 1093 1479 1155 τέλος
1503 1094 1586 1145 ἀεὶ
1608 1096 1635 1144 6
1664 1094 1767 1143 Πα-

204 1177 310 1247 τὴρ
330 1178 383 1229 ἐν
404 1176 485 1246 τῷ
510 1176 626 1246 Υἱῷ
648 1185 914 1233 κατοικεῖ.
933 1183 1098 1244 Αὐτὸς
1115 1183 1170 1234 δέ
1195 1184 1334 1235 ἐστιν
1358 1184 1389 1251 ἡ
1412 1184 1591 1251 εἰρήνη
1613 1180 1765 1250 ἡμῶν

194 1266 351 1319 κατὰ
372 1267 467 1318 τὸν
495 1268 837 1323 Ἀπόστολον.
855 1272 945 1323 Διὸ
965 1273 1053 1324 καὶ
1069 1270 1287 1341 Σαλμὼν
1306 1271 1422 1341 (sic)
1443 1271 1762 1339 ὠνόμασται,

3287 471 3386 526 70!

1868 659 1920 704 et
1946 651 2113 709 Filius
2153 656 2208 708 in
2249 655 2428 721 Patre,
2473 676 2491 708 ι
2525 668 2577 713 et
2605 660 2656 714 in
2684 662 2799 730 ipso
2831 668 3148 736 complacuit
3178 686 3385 728 onmem

1867 740 2246 808 plenitudinem
2267 745 2560 802 divinitatis
2590 750 2885 809 inhabitare
2902 757 2945 787 ³⁸
2973 774 2987 811 :
3013 776 3031 809 ι
3059 776 3229 829 neque
3245 765 3386 815 enim

1869 832 2026 885 modo
2055 832 2310 888 habitavit
2341 836 2392 890 in
2426 837 2537 902 illo,
2572 842 2728 895 modo
2758 846 2978 899 recessit
3010 849 3075 906 ab
3101 865 3197 914 eo;
3222 854 3311 906 scd
3334 855 3387 907 in

1868 918 2131 975 inﬁnitum
2167 938 2228 977 ac
2261 940 2468 995 semper
2491 928 2648 984 Pater
2676 932 2729 985 in
2768 932 2900 987 Filio
2941 935 3216 992 inhabitat.
3272 938 3389 1010 Ipse

1868 1016 2042 1062 autem
2058 1022 2138 1064 est
2159 1028 2258 1081 pax
2273 1025 2473 1078 nostra,
2499 1021 2791 1074 secundum
2810 1023 3117 1092 Apostolum
3132 1027 3191 1080 “.
3215 1029 3389 1093 Quare

1870 1095 2082 1185 Selmon
2112 1110 2350 1167 vocat-ur,
2392 1106 2443 1158 id
2465 1114 2579 1172 est,
2609 1109 2750 1175 Pax;
2782 1120 2835 1163 et
2868 1113 3016 1167 locus
3054 1113 3144 1167 Dei
3175 1132 3274 1185 pax
3302 1116 3387 1169 di-

1868 1184 2039 1247 citur,
2100 1190 2391 1243 secundum
2440 1193 2609 1259 illud,
2668 1213 2687 1245 (
2728 1196 2784 1249 In
2838 1213 2969 1267 pace
3014 1184 3198 1255 sancta
3240 1203 3389 1258 locus

1867 1273 1982 1340 ejus
2010 1274 2071 1328 ³⁵.
2101 1295 2119 1327 ι

192 1360 345 1427 ὅπερ
373 1359 527 1409 ἐστὶν
555 1359 761 1429 Εἰρήνη
780 1376 792 1389 ο
824 1361 917 1412 καὶ
950 1362 1108 1424 τόπος
1135 1362 1227 1414 τοῦ
1254 1363 1382 1415 Θεοῦ
1412 1364 1444 1431 ή
1474 1362 1657 1430 εἰρήνη
1690 1359 1946 1423 λέλεκται,
1977 1364 2112 1416 κατὰ
2139 1367 2218 1429 τὸ,
2255 1388 2273 1418 ί
2297 1370 2382 1422 Ἐν
2413 1373 2597 1443 εἰρήνῃ
2628 1374 2753 1445 ἁγίᾳ
2794 1377 2822 1427 6
2855 1378 3014 1438 τόπος
3042 1380 3223 1432 αὐτοῦ.
3262 1401 3279 1429 ι

272 1466 295 1497 ι
334 1448 412 1499 T6
444 1448 607 1518 ἅρμα
637 1448 731 1501 τοῦ
781 1449 912 1502 Θεοῦ
947 1452 1342 1520 μυριοπλάσιον,
1370 1452 1596 1520 χιλιάδες
1619 1449 1770 1518 εύθη-

183 1535 465 1590 νούντωνσ
483 1537 694 1607 Κύριος
724 1539 782 1591 ὲν
810 1540 988 1601 αὐτοῖς
1011 1542 1067 1592 ὲν
1083 1540 1228 1593 Σιναῒ
1244 1542 1300 1592 ὲν
1319 1541 1393 1609 τῷ
1417 1542 1602 1610 ἁγίῳ.»
1623 1542 1771 1591 Ἀπο-

179 1627 321 1688 δοὺς
358 1628 391 1678 6
422 1626 592 1694 λόγος
632 1628 852 1697 πρώτην
884 1628 979 1698 τὴν
1010 1631 1134 1698 περὶ
1160 1628 1250 1680 τοῦ
1283 1631 1433 1696 ἁγίου
1464 1630 1769 1700 Πνεύματος

175 1714 569 1767 διδασκαλίαν
596 1714 683 1767 διὰ
711 1714 810 1783 τῆς
838 1716 1175 1784 περιστερᾶς,
1203 1717 1385 1769 ἔπειτα
1410 1717 1504 1787 τὴν
1530 1719 1654 1789 περὶ
1676 1718 1767 1771 τοῦ

1938 1454 2101 1510 Vens.
2138 1457 2221 1510 i8.
2245 1476 2263 1507 ι
2287 1458 2489 1515 Currus
2511 1462 2601 1518 Dei
2623 1465 2804 1520 decem
2835 1469 3068 1523 millibus
3093 1472 3386 1541 multiplex,

1867 1545 2030 1599 millia
2059 1548 2365 1612 laetantium,
2396 1550 2651 1608 Dominus
2683 1556 2734 1608 in
2760 1557 2859 1620 eis,
2900 1558 2951 1610 in
2982 1556 3148 1623 Sinai,
3182 1560 3235 1612 in
3262 1576 3388 1616 san-

1867 1644 1971 1689 cto.
2014 1657 2032 1688 ι
2070 1637 2196 1692 Post
2221 1640 2442 1708 primam
2475 1643 2720 1697 traditam
2749 1645 2814 1700 de
2842 1645 3045 1714 Spiritu
3084 1659 3268 1703 sancto
3296 1650 3390 1703 do-

1867 1725 2090 1779 ctrinam
2122 1743 2216 1796 per
2241 1730 2500 1784 columba:
2525 1733 2926 1790 similitudinem
2947 1775 2963 1800 ,
3004 1737 3300 1809 deindeque
3326 1741 3391 1795 de

179 1802 328 1855 Υίοῦ
363 1803 464 1856 διὰ
511 1802 609 1855 τοῦ
639 1803 797 1872 ὅρους
821 1803 911 1855 τοῦ
940 1805 1089 1869 Θεοῦ,
1121 1807 1425 1859 καταϐαίνει
1463 1807 1640 1858 λοιπὸν
1679 1808 1765 1859 ἐπὶ

1870 1810 2000 1867 Filio
2031 1830 2124 1883 per
2150 1814 2368 1884 ﬁguram
2401 1821 2594 1873 montis
2624 1821 2745 1885 Dei,
2778 1824 2843 1876 ad
2877 1824 3155 1879 inferiores
3179 1802 3391 1880 deniqu

170 1894 287 1957 τὰς
318 1892 747 1962 ύποϐεϐηκυίας
772 1893 1021 1963 δυνάμεις
1040 1912 1053 1924 ·
1079 1896 1356 1966 παριστὰς,
1384 1898 1482 1959 ὅτι,
1516 1899 1563 1948 εί
1587 1898 1676 1949 καὶ
1700 1898 1765 1950 τὰ

1870 1910 2157 1969 potestates
2182 1906 2456 1961 descendit
2484 1926 2497 1974 ;
2527 1909 2824 1975 declarans,
2860 1912 3066 1967 etiamsi
3108 1930 3263 1969 mons
3305 1918 3392 1972 ille

174 1982 449 2051 μάλιστα
478 1980 544 2032 16
576 1980 702 2050 ὅρος
746 1981 806 2032 τὸ
847 1982 1096 2035 ἁποδοθὲν
1141 1984 1370 2037 τοιοῦτον
1398 1988 1663 2055 τυγχάνει,
1694 1988 1767 2048 ὡς

166 2074 238 2124 ὲν
296 2071 467 2139 αὐτῷ
520 2075 799 2123 κατοικεῖν
846 2073 952 2124 πᾶν
994 2073 1053 2124 τὸ
1095 2072 1359 2144 πλήρωμα
1383 2076 1479 2145 τῆς
1506 2077 1767 2145 πατρικῆς

169 2162 488 2231 θεότητος,
510 2161 629 2212 ἀλλ’
646 2163 707 2213 οὐ
736 2163 891 2231 μόνον
914 2162 1065 2214 τοῦτο
1094 2163 1274 2233 κτῆμά
1294 2167 1407 2216 ἐστι
1430 2166 1520 2218 τοῦ
1542 2167 1764 2235 Πατρὸς,

171 2252 306 2320 ἔχει
355 2252 422 2304 δὲ
469 2252 570 2303 καὶ
595 2250 760 2311 ἄλλας
789 2252 1177 2323 ὑποϐεϐηκυίας
1216 2254 1515 2316 διακονικὰς
1547 2254 1637 2307 καὶ
1668 2255 1769 2307 λει-

168 2339 513 2409 τουργικὰς
537 2339 813 2409 δυνάμεις,
840 2341 905 2403 ἃς
940 2343 1130 2411 μυρίας
1159 2341 1317 2405 ούσας
1353 2344 1443 2396 καὶ
1468 2343 1679 2407 πολλὰς,
1701 2347 1765 2414 τῇ

172 2447 239 2482 τε
273 2432 468 2499 ἀρετῇ
498 2429 862 2499 διαφερούσας
886 2432 973 2499 ὑφ’
1002 2433 1092 2484 ἕνα
1133 2432 1288 2500 ζυγὸν
1318 2434 1765 2503 καταδησάμενος,

170 2520 350 2590 ἅρμα
380 2518 573 2588 ἐαυτῷ
597 2520 914 2585 κατέζευξεν
938 2524 965 2573 6
982 2522 1346 2591 παμϐασιλεὺς
1384 2524 1531 2587 Θεὸς,
1562 2526 1646 2592 ὑφ’
1663 2527 1768 2593 ήνι-

173 2609 299 2678 όχῳ
336 2608 429 2678 τῷ
460 2611 763 2675 Μονογενεῖ
790 2609 947 2661 αὑτοῦ
978 2612 1146 2680 Λόγῳ.
1171 2612 1240 2663 T6
1265 2613 1319 2664 δὲ
1346 2613 1541 2665 τούτων
1575 2613 1766 2683 πλῆθος

174 2701 281 2751 καὶ
314 2700 539 2769 Δανιὴλ
566 2702 596 2751 6
621 2701 899 2769 προφήτης
934 2702 989 2753 ὲν
1014 2704 1077 2771 τῇ
1110 2701 1326 2773 Θεοπτίᾳ
1368 2705 1651 2774 παρίστησι
1684 2703 1768 2756 λέ-

173 2806 333 2858 γων·
373 2807 395 2839 ι
420 2789 637 2859 Μύριαι
665 2790 919 2859 μυριάδες
938 2791 1301 2862 ἐλειτούργουν
1329 2794 1595 2864 αύτῷ,καὶ
1608 2794 1767 2864 χίλιαι

176 2881 449 2951 χιλιάδες
477 2882 938 2950 παρειστήκεισαν
963 2881 1259 2953 ἔμπροσθεν
1288 2884 1463 2936 αὑτοῦ.
1496 2904 1513 2934 ι
1531 2879 1597 2954 ᾯ
1631 2902 1765 2955 συμ-

178 2970 403 3039 φώνως
431 2970 529 3021 καὶ
565 2968 660 3021 νῦν
695 2970 968 3023 λέλεκται·
1001 2990 1019 3021 ι
1042 2971 1111 3023 T6
1135 2972 1281 3041 ἅρμα
1307 2973 1397 3025 τοῦ
1424 2974 1555 3031 Θεοῦ
1591 2992 1769 3045 μυριο-

180 3062 461 3120 πλάσιον,
504 3058 744 3127 χιλιάδες
777 3059 1154 3128 εὐθηνούντων.
1185 3080 1202 3110 ι
1224 3062 1357 3113 Ἀνθ’
1384 3055 1443 3114 οῦ
1482 3065 1509 3114 6
1550 3064 1769 3133 Σύμμα-

1868 2004 2191 2050 memoratus
2240 1998 2544 2066 hujusmodi
2595 2002 2700 2066 sit,
2760 2010 2817 2055 ut
2865 2004 2921 2056 in
2972 2003 3088 2073 ipso
3138 2006 3393 2061 inhabitet

1870 2083 2043 2137 omnis
2086 2085 2360 2153 plenitudo
2391 2098 2623 2156 paterna:
2645 2090 2967 2156 divinitatis,
2999 2109 3104 2145 non
3144 2110 3263 2149 esse
3306 2104 3390 2147 ta-

1867 2184 1988 2223 men
2022 2174 2187 2225 solam
2236 2173 2410 2230 Patris
2450 2178 2875 2246 possessionem;
2923 2182 3013 2234 sed
3044 2184 3214 2250 ipsum
3258 2185 3391 2238 alias

1870 2256 2063 2312 habere
2092 2260 2436 2318 administras
2460 2273 2512 2318 et
2541 2266 2780 2321 subditas
2809 2268 3050 2327 virtutes.
3084 2285 3239 2337 quas,
3269 2272 3391 2326 licet

1869 2342 2075 2396 inlinito
2104 2361 2325 2399 numero
2348 2347 2475 2412 sint,
2504 2359 2663 2418 atque
2694 2351 2888 2404 virtute
2927 2361 3258 2419 praestantes,
3289 2355 3390 2407 sub

1870 2445 1975 2484 uno
2000 2432 2128 2501 jugo
2149 2434 2405 2503 colligans
2432 2437 2668 2489 omnium
2688 2453 2778 2491 rex
2810 2439 2897 2492 ille
2916 2438 3060 2494 Deus
3088 2441 3266 2493 currui
3290 2441 3391 2495 ado

1863 2520 2040 2589 junxit
2072 2536 2190 2585 suo,
2223 2525 2496 2592 aurigante
2524 2525 2805 2594 Unigenito
2829 2525 2999 2581 Verbo
3022 2543 3139 2582 suo.
3189 2528 3388 2584 Harum

1868 2622 1994 2661 vero
2025 2609 2414 2664 multitudinem
2458 2612 2512 2664 in
2552 2613 2728 2665 divina
2772 2629 2865 2667 sua
2914 2616 3116 2669 visione
3158 2617 3391 2671 declarat

1869 2696 2072 2762 Daniel,
2100 2700 2282 2755 dicens
2311 2722 2325 2755 :
2367 2719 2385 2751 ι
2414 2701 2599 2757 Decies
2631 2704 2821 2759 millies
2856 2706 2990 2758 dena
3027 2707 3189 2759 millia
3234 2708 3392 2761 mini-

1870 2798 2109 2853 strabant
2133 2800 2203 2861 ei,
2228 2806 2279 2852 et
2301 2799 2467 2852 millia
2497 2800 2721 2854 millium
2748 2802 2992 2856 astabant
3025 2803 3078 2856 in
3104 2812 3391 2876 conspectu

1869 2888 1987 2955 ejus
2016 2890 2080 2944 ³⁸.
2117 2908 2136 2942 ›
2173 2889 2268 2944 Cui
2293 2891 2489 2943 accinit
2517 2891 2603 2944 hic
2630 2892 2778 2946 locus
2808 2911 2820 2945 :
2862 2911 2881 2943 ι
2917 2892 3119 2949 Currus
3143 2894 3231 2950 Dei
3262 2898 3394 2950 mul-

1870 2980 2031 3048 tiplex
2061 2980 2226 3033 millia
2264 2981 2575 3053 laetantium.
2605 3000 2624 3033 ι
2674 2982 2778 3036 Pro
2807 2997 2913 3051 quo
2940 2983 3287 3054 Symmachus
3315 2987 3392 3041 sic

1871 3071 2270 3140 interpretatur,
2306 3070 2564 3125 «Vectura
2591 3070 2684 3125 Dei
2713 3073 2970 3126 denorum
2997 3073 3239 3138 millium,
3273 3076 3392 3128 mil-

179 3170 285 3223 χος
315 3151 685 3221 ἡρμήνευσεν
700 3165 713 3178 ·
746 3167 764 3199 ι
779 3147 1002 3217 Ὀχησις
1025 3149 1114 3201 τοῦ
1137 3150 1267 3202 Θεοῦ
1290 3152 1573 3220 μυριάδων,
1602 3153 1765 3222 χιλιά-

1870 3161 1939 3214 lia
1972 3162 2296 3215 sonantium.
2328 3180 2347 3212 ›
2388 3161 2524 3226 Quid
2555 3161 2705 3225 illud,
2736 3178 2753 3211 ι
2777 3163 3131 3225 sonantium,»
3165 3163 3267 3216 nisi
3294 3180 3389 3217 vo-

182 3244 281 3306 δες
338 3241 659 3311 ἠχούντων.
689 3258 707 3290 ›
748 3240 812 3291 Τί
860 3240 915 3290 δὲ
950 3260 966 3289 ί
996 3240 1261 3308 ἠχούντων
1290 3260 1307 3291 ι
1338 3243 1369 3311 ἢ
1416 3243 1625 3306 πάντως
1670 3261 1767 3297 που

183 3334 394 3402 φωνὰς
429 3332 668 3401 πλήρεις
695 3330 993 3397 δοξολογίας
1024 3332 1115 3383 καὶ
1142 3331 1438 3398 θεολογίας;
1471 3329 1568 3386 Οἷα
1590 3334 1680 3387 καὶ
1704 3334 1771 3388 τὰ

187 3423 491 3491 σεραφεὶμ
513 3420 931 3489 ἀναγέγραπται
956 3421 1103 3490 παρὰ
1130 3420 1204 3488 τῷ
1238 3420 1428 3491 Ἡσαΐᾳ
1459 3422 1657 3491 βοῶντα
1681 3424 1771 3476 καὶ

182 3510 436 3579 λέγοντα
458 3527 471 3538 ·
506 3528 527 3559 ι
544 3510 752 3575 ”Αγιος,
780 3509 947 3575 ἆγιος,
979 3509 1128 3575 ἅγιος
1153 3509 1349 3579 Κύριος
1378 3511 1614 3576 Σαϐαὼθ,
1638 3513 1771 3582 πλή-

189 3619 300 3673 ρης
338 3602 507 3653 πᾶσα
536 3601 571 3668 ἡ
598 3602 669 3667 γῆ
696 3598 795 3667 τῆς
812 3598 966 3668 δόξης
985 3598 1162 3652 αὐτοῦ.
1194 3618 1211 3649 ι
1232 3600 1316 3651 Ἐν
1336 3600 1549 3663 ταύταις
1571 3602 1625 3653 δὲ
1654 3605 1770 3666 ταῖς

186 3693 415 3761 χιλιάσι
485 3689 587 3741 καὶ
635 3690 755 3750 ταῖς
807 3688 1026 3758 μυριάσι
1068 3691 1186 3750 ταῖς
1235 3690 1654 3760 ὑπεζευγμέναις
1694 3692 1771 3762 τῷ

185 3782 415 3853 ἅρματι
448 3778 551 3832 τοῦ
585 3777 719 3830 Θεοῦ
761 3779 853 3829 καὶ
879 3779 1035 3840 αὐτὸς
1075 3780 1103 3830 6
1136 3777 1332 3848 Κύριος
1359 3780 1515 3849 μέσος
1554 3782 1771 3851 ἐμπολι-

183 3872 450 3935 τεύεται,
489 3867 682 3936 ὥσπερ
711 3866 934 3937 ἡνιοχῶν
963 3866 1127 3930 αὑτάς
1153 3869 1243 3921 καὶ
1267 3868 1343 3939 τῷ
1374 3871 1640 3940 Πνεύματι
1668 3889 1769 3924 πα-

188 3958 600 4031 ρασκευάζων.
649 3957 739 4008 Διὸ
780 3957 1101 4024 ὲπιλέγεται,
1143 3976 1162 4007 ‹
1190 3958 1381 4029 Κύριος
1418 3961 1475 4012 ὲν
1521 3962 1714 4024 αὐτοῖς.
1743 3981 1762 4013 ι

186 4052 364 4113 Ποῖος
400 4048 467 4101 δὲ
502 4046 729 4116 Κύριος,
761 4047 1007 4115 σημαίνει
1036 4046 1233 4117 προῖὼν
1257 4049 1346 4100 καὶ
1368 4049 1610 4116 φάσκων⁹
1644 4067 1663 4100 ι
1686 4051 1771 4101 Ἐν

186 4141 356 4194 Σιναῒ
393 4142 458 4190 ἐν
488 4136 573 4205 τῷ
599 4136 755 4205 ἁγίῳ.
789 4155 806 4186 ι
835 4136 1002 4198 Αὐτὸς
1026 4136 1131 4207 γὰρ
1164 4139 1381 4201 ἐκεῖνος,
1415 4140 1596 4208 φησὶν,
1619 4142 1647 4191 6
1671 4139 1772 4190 Κύ-

186 4249 317 4301 ριος
359 4232 392 4282 6
440 4231 504 4280 ὲν
555 4226 705 4278 Σιναῒ
737 4225 813 4295 τῷ
840 4226 976 4296 ἁγίῳ
1005 4226 1116 4297 ὄρει
1143 4228 1352 4294 ὀφθείς·
1388 4225 1454 4299 ἦν
1484 4229 1539 4281 δὲ
1567 4222 1717 4292 οὗτος
1742 4231 1770 4281 6

181 4321 290 4374 τοῦ
331 4318 484 4377 Θεοῦ
512 4316 706 4384 Λόγος,
740 4316 936 4387 δηλαδὴ
979 4320 1087 4379 τοῖς
1129 4318 1230 4369 ὑπὸ
1261 4319 1319 4370 16
1343 4318 1491 4388 ἆρμα
1518 4319 1608 4371 τοῦ
1639 4318 1768 4371 Θεοῦ

183 4408 592 4478 ἐζευγμένοις.
614 4407 703 4457 Διὸ
714 4407 773 4457 οὐ
795 4404 868 4475 τῷ
882 4404 1043 4475 [Γιτβ]
1060 4407 1455 4476 τετραγράμμῳ
1467 4408 1766 4477 κέχρηταιή

196 4497 490 4570 Ἑϐραῖκὴ
526 4494 690 4559 λέξις,
723 4496 997 4564 στοιχείοις
1033 4495 1087 4547 δὲ
1115 4500 1306 4559 κοινοῖς
1332 4498 1418 4549 τὸν
1448 4498 1644 4567 Κύριον
1674 4514 1768 4549 πε-

189 4591 381 4661 ριέχει
431 4589 495 4639 ὲν
542 4585 640 4655 τῷ,
678 4604 696 4635 ι
723 4585 923 4655 Κύριος
956 4586 1012 4637 ἐν
1061 4587 1257 4649 αὐτοῖς.
1290 4588 1430 4639 »Ἵνα
1458 4588 1562 4656 γὰρ
1589 4588 1766 4656 ἕτερον

183 4680 549 4752 παραστήσῃ
575 4676 758 4728 τοῦτον
790 4674 881 4726 τοῦ
911 4675 1158 4745 ἀνωτέρω
1198 4675 1281 4728 διὰ
1308 4676 1398 4727 τοῦ
1430 4676 1766 4745 τετραγρὰμ-

191 4789 303 4841 μου
335 4766 715 4839 σημανθέντος
743 4766 895 4828 Θεοῦ,
926 4767 1010 4818 ὅτε
1044 4766 1140 4835 μὲν
1172 4787 1189 4816 ι
1217 4766 1275 4817 16
1296 4766 1442 4835 ἆρμα
1466 4765 1555 4817 τοῦ
1583 4766 1713 4817 Θεοῦ
1742 4784 1759 4816 ι

188 4860 450 4928 ἐλέγετο,
488 4856 579 4908 διὰ
627 4857 730 4907 τῶν
775 4857 1163 4924 ἀνεκφωνήτων
1197 4857 1320 4925 παρ’
1359 4855 1617 4923 Ἑϐραίοις
1650 4856 1766 4923 ὲδη-

188 4954 364 5006 λοῦτο
396 4948 682 5017 στοιχείων
704 4964 718 4978 ο
753 4948 868 4999 νυνὶ
899 4947 955 4998 δὲ
985 4950 1089 5008 τοῖς
1120 4946 1435 5015 κοινοτέροις
1464 4950 1766 5018 χαρακτῆρ-

191 5059 309 5108 σιν,
327 5038 416 5104 οἷς
446 5040 545 5092 καὶ
565 5039 592 5088 6
618 5038 744 5106 παρ’
772 5034 1074 5104 ἀνθρώποις
1092 5037 1356 5105 γράφεται
1379 5033 1579 5102 κύριος.
1599 5037 1769 5106 Ἀκρι-

193 5128 313 5192 ϐὦς
345 5129 409 5181 δὲ
448 5127 544 5179 καὶ
570 5124 659 5175 τὸν
685 5124 845 5175 τόπον
871 5123 1277 5190 ἐπισημαίνεται
1302 5120 1389 5171 τὸν
1423 5140 1439 5170 ι
1468 5123 1522 5172 ὲν
1549 5122 1715 5186 Σιναῒ,
1742 5143 1760 5173 ι

197 5220 292 5272 ινα
335 5218 568 5287 σημήνῃ
595 5215 683 5266 τὸν
717 5215 807 5264 ἐπὶ
835 5212 935 5280 γῆς
972 5212 1194 5279 ὀφθέντα
1221 5211 1439 5278 Κύριον.
1474 5212 1679 5282 Σφόδρα
1712 5214 1767 5266 δὲ

208 5309 528 5369 ἀκολούθως
550 5304 789 5370 ἐπιλέγει
819 5300 963 5368 ἐξῆςο

316 5422 335 5454 ι
392 5399 624 5467 Ἀνέδης
692 5397 773 5456 είς
850 5392 1011 5458 ὕψος,
1078 5387 1489 5460 ᾐχμαλώτευσας
1557 5392 1761 5461 αίχμα..

218 5493 450 5545 λωσίαν·
526 5485 719 5545 ἔλαϐες
787 5481 987 5549 δόματα
1048 5482 1102 5532 ὲν
1154 5474 1471 5545 ἀνθρώποις.
1513 5497 1533 5528 ι
1579 5481 1762 5532 Αἰνετ-

1868 3266 1957 3305 ces
1985 3252 2228 3307 laudibus
2262 3252 2561 3320 divinisque
2584 3250 2917 3305 sermonibus
2942 3252 3125 3319 plenas
3152 3252 3391 3306 emitten-

1868 3341 2032 3395 tium?
2061 3341 2248 3404 Qualia
2276 3340 2540 3408 seraphim
2568 3339 2705 3407 apud
2729 3338 2919 3391 Isaiam
2965 3338 3195 3391 clamare
3220 3353 3281 3391 ac
3303 3339 3388 3392 di-

1868 3443 1988 3483 cere
2016 3429 2270 3496 scriptum
2293 3435 2374 3483 est
2404 3445 2417 3479 :
2453 3446 2471 3477 (
2506 3424 2752 3488 Sanctus,
2779 3432 3017 3488 sanctus,
3041 3432 3258 3479 sanctus
3284 3424 3390 3479 Do.

1867 3517 2043 3570 minus
2068 3515 2317 3579 Sabaoth,
2337 3516 2491 3584 plena
2513 3524 2593 3571 est
2609 3516 2781 3569 omnis
2796 3522 2936 3568 terra
2964 3514 3130 3584 gloria
3155 3514 3270 3582 ejus
3287 3514 3348 3568 "’.
3364 3533 3385 3567 ι

1868 3606 2009 3661 Inter
2057 3607 2169 3661 haec
2214 3607 2378 3660 millia
2415 3614 2468 3660 et
2493 3606 2627 3659 dena
2659 3606 2857 3669 millia,
2907 3620 3026 3674 quae
3072 3604 3163 3659 Dei
3210 3610 3390 3660 currui

1864 3696 2049 3765 juncta
2079 3704 2232 3757 sunt.
2268 3697 2473 3751 medius
2500 3703 2742 3750 versatur
2770 3695 2885 3763 ipse
2916 3694 3206 3758 Dominus,
3236 3697 3390 3763 quasi

1869 3785 2120 3853 aurigans
2149 3799 2211 3837 ac
2238 3782 2457 3853 Spiritui
2485 3797 2786 3852 praeparans
2811 3784 2975 3851 ipsas.
3037 3782 3391 3848 Quamobrem

1869 3877 2226 3943 subjungitur,
2263 3892 2283 3926 ι
2314 3875 2567 3929 Dominus
2610 3875 2662 3927 in
2696 3873 2795 3927 eis.
2830 3891 2848 3924 ι
2900 3873 3002 3937 Qui
3036 3874 3105 3928 sit
3137 3872 3392 3926 Dominus

1869 3962 2093 4016 subinde
2114 3963 2348 4016 declarat
2380 3963 2462 4016 his
2485 3962 2679 4025 verbis,
2716 3976 2735 4012 ι
2770 3961 2827 4013 lu
2862 3959 3029 4022 Sinai,
3062 3962 3116 4013 in
3150 3968 3386 4015 sancto.»

1869 4055 1997 4107 Nam
2023 4057 2153 4123 ipse,
2188 4055 2379 4123 inquit,
2411 4054 2666 4109 Dominus
2690 4062 2769 4108 est
2802 4053 2893 4120 qui
2925 4053 2976 4105 in
3005 4062 3183 4107 monte
3206 4062 3392 4108 sancto

1871 4142 2016 4195 Sinai
2045 4143 2191 4197 visus
2214 4150 2331 4208 est;
2365 4152 2478 4197 erat
2506 4150 2680 4198 autem
2707 4142 2793 4195 ille
2825 4139 2916 4193 Dei
2952 4139 3180 4194 Verbum
3202 4179 3217 4205 ,
3243 4143 3392 4196 visus

1868 4231 2070 4284 scilicet
2097 4232 2163 4284 iis
2190 4231 2281 4300 qui
2331 4232 2431 4286 sub
2457 4246 2617 4285 curru
2662 4228 2752 4283 Dei
2793 4229 2963 4295 juncti
2993 4237 3165 4281 erant.
3214 4228 3390 4292 Quare

1868 4319 2126 4374 Ilebraica
2157 4322 2332 4384 lectio,
2372 4336 2479 4374 non
2527 4329 2929 4388 tetragrammo,
2966 4318 3078 4371 sive
3109 4331 3237 4370 voce
3264 4331 3390 4385 qua-

1869 4416 1989 4462 tuor
2011 4412 2302 4464 litterarum
2336 4412 2521 4474 utitur,
2552 4410 2643 4464 sed
2666 4409 2922 4461 elementa
2951 4407 3252 4459 communia
3284 4404 3391 4458 Do-

1869 4498 2067 4551 minum
2095 4514 2393 4553 memorans
2418 4502 2640 4566 usurpat
2666 4496 2719 4548 in
2737 4495 2846 4556 illo,
2876 4492 3161 4546 «Dominus
3180 4494 3232 4545 in
3252 4494 3382 4547 eis.»

1873 4587 1938 4641 Ut
1964 4588 2103 4642 enim
2150 4604 2269 4642 eum
2300 4589 2459 4641 alium
2483 4602 2600 4641 esse
2636 4585 2926 4638 declararet
2966 4582 3032 4635 ab
3060 4598 3144 4644 eo,
3176 4584 3266 4651 qui
3298 4598 3388 4637 su-

1867 4679 2044 4746 perius
2092 4694 2187 4747 per
2232 4694 2422 4733 nomen
2452 4683 2677 4746 quatuor
2706 4675 2999 4726 litterarum
3029 4672 3385 4734 indicabatur,

1867 4766 1996 4830 Deo,
2034 4782 2154 4819 cum
2187 4784 2205 4816 σ
2238 4781 2428 4819 currus
2458 4763 2548 4817 Dei
2584 4781 2601 4812 ι
2635 4762 2920 4826 diceretur,
2948 4760 3227 4814 elementis
3246 4759 3385 4828 apud

1864 4857 2111 4912 Hebraeos
2136 4856 2487 4910 inellabilibus
2512 4868 2639 4906 usus
2682 4860 2797 4916 est;
2830 4863 2970 4902 nunc
2992 4864 3117 4902 vero
3150 4864 3386 4901 commu-

1865 4950 2105 5004 niorihus
2134 4944 2550 5005 characteribus,
2596 4941 2789 5009 quibus
2838 4938 3103 4992 indicatur
3136 4937 3387 4991 dominus

1866 5039 2086 5108 quilibet
2114 5036 2251 5105 apud
2279 5035 2534 5087 homines.
2586 5029 2783 5081 Locum
2819 5029 2941 5081 item
2971 5034 3219 5079 accurate
3248 5026 3388 5079 indic

1866 5138 1969 5190 cat,
2006 5146 2023 5177 ι
2056 5128 2109 5180 in
2139 5125 2315 5187 Sinai,
2352 5143 2369 5175 ι
2400 5132 2457 5176 ut
2496 5121 2815 5189 signiﬁcaret
2848 5117 3126 5170 Dominum
3160 5118 3212 5169 in
3245 5125 3388 5170 terra

1867 5220 2059 5273 visum.
2126 5214 2321 5270 Deinde
2374 5219 2757 5276 consequenter
2812 5206 3097 5259 admodum
3156 5204 3319 5257 infert
3367 5220 3385 5260 :

1936 5397 2096 5450 Vens.
2126 5393 2213 5446 29..
2274 5409 2291 5440 ι
2329 5382 2622 5441 Ascendisti
2656 5382 2709 5433 in
2740 5382 2920 5438 altum,
2947 5378 3136 5445 cepisti
3168 5376 3389 5443 captivi-

1867 5495 2047 5548 tatem,
2082 5478 2328 5548 accepisti
2365 5476 2501 5528 dona
2548 5469 2601 5520 in
2641 5466 2966 5521 hominibus.
3009 5483 3025 5511 ι
3067 5465 3393 5516 Descensum

283 5721 554 5779 ιδοοιοεε,
592 5735 632 5781 ι,
682 5714 769 5767 l9.
850 5712 893 5745 ⁸⁸
914 5712 1094 5781 Ephes.
1128 5729 1181 5777 ιι,
1227 5711 1308 5765 14.
1378 5712 1594 5770 "Psal.
1634 5731 1765 5771 ιλιι

1872 5765 1883 5775 .
1960 5721 2002 5752 ³⁸
2022 5717 2152 5770 Dan.
2186 5729 2279 5776 vn,
2314 5710 2390 5763 ιο.
2466 5705 2504 5735 ³⁷
2530 5700 2630 5755 lsa.
2663 5716 2742 5764 vr,
2771 5701 2821 5753 5.
