3818 6382
432 374 534 430 703

1078 369 1344 425 EUSEBII’
1376 365 1846 424 C/ESARIENSIS
1881 368 2028 425 OPP.
2066 368 2245 423 PARS
2280 366 2366 421 Ill.
2407 397 2471 408 —
2511 366 2942 421 EXEGETICA.

3610 364 3710 418 ῗθηῑ

430 506 589 561 porro
614 490 730 557 ejus
754 486 1054 543 subindicat
1073 500 1193 537 cum
1222 484 1314 545 ait,
1343 483 1663 538 «ascendisti
1698 505 1711 538 :
1740 505 1757 536 ι
1785 502 1938 556 nequi

2248 484 2303 536 δὲ
2358 482 2519 535 αὑτοῦ
2550 484 2646 554 τὴν
2685 484 2962 545 κάθοδον,
3026 478 3130 531 διὰ
3177 476 3282 529 τοῦ
3327 477 3542 545 φάναι,
3585 482 3712 532 «ἀνα

428 581 570 633 enim
629 590 945 631 ascensurus
1003 580 1149 635 erat,
1214 573 1318 625 nisi
1372 573 1523 641 prius
1574 573 1956 631 descendisset.

433 687 451 718 ι
472 667 601 721 Nam
638 666 729 734 qui
756 662 1048 724 descendit,
1076 662 1189 730 ipse
1212 670 1294 715 est
1327 673 1378 717 et
1416 664 1505 732 qui
1532 666 1773 719 ascendit
1801 682 1962 736 super

426 770 611 810 omnes
652 754 838 813 caelos,
874 760 932 804 ut
962 751 1207 818 impleret
1251 754 1431 807 omnia
1462 754 1523 806 ³⁸.
1560 772 1578 804 ι
1621 753 1755 819 Quid
1786 764 1961 810 autem

427 845 553 898 fecit
598 857 717 895 cum
753 840 1121 895 ascendisset?
1174 840 1446 910 Captivam
1480 844 1634 897 duxit
1686 847 1960 914 captivita-

426 944 556 995 tem,
587 940 639 986 et
663 932 868 1000 accepit
894 933 1032 985 dona
1056 932 1108 984 in
1135 931 1460 986 hominibus.
1519 933 1687 999 Quam
1716 951 1841 989 vero
1871 951 1961 990 ea-

423 1024 717 1092 ptivitatem
738 1023 999 1090 captivam
1023 1022 1194 1081 duxit.
1222 1024 1323 1076 nisi
1354 1025 1606 1092 praedicta
1640 1028 1961 1095 spolia,qua:

422 1114 618 1167 milites
661 1113 743 1166 sui
778 1112 1074 1167 diviserant
1106 1113 1128 1163 ?
1168 1112 1270 1165 Sed
1321 1115 1480 1167 etiam
1521 1116 1778 1184 largiente
1806 1116 1961 1171 Patre

423 1218 522 1257 suo
550 1204 755 1271 accepit
783 1203 923 1255 dona
952 1203 1006 1255 in
1033 1202 1360 1269 hominibus,
1416 1206 1707 1259 secundum
1734 1209 1961 1275 promis-

423 1291 628 1345 sionem
663 1290 728 1343 ad
768 1290 940 1359 ipsum
986 1288 1181 1343 factam
1229 1292 1313 1345 his
1362 1294 1542 1348 verbis
1575 1314 1587 1347 :
1626 1314 1643 1344 ι
1678 1294 1894 1349 Postula
1929 1312 1958 1349 a

421 1394 527 1443 me,
578 1384 631 1433 ct
674 1378 813 1431 dabo
844 1378 939 1432 tibi
971 1388 1155 1448 gentes
1190 1379 1550 1435 hzereditatem
1578 1390 1724 1435 tuam
1754 1394 1805 1436 et
1838 1400 1959 1452 pos-

423 1468 718 1522 sessionem
745 1474 890 1520 tuam
915 1469 1171 1522 terminos
1200 1478 1373 1523 terrae.
1403 1470 1445 1502 ‘9
1480 1488 1499 1520 ι
1530 1470 1776 1540 Acceptis
1805 1489 1833 1525 a
1861 1472 1959 1526 Pa—

421 1565 504 1612 tre
550 1557 853 1626 hujusmodi
905 1558 1060 1613 donis
1098 1577 1116 1609 ι
1147 1560 1202 1612 in
1235 1560 1559 1624 hominibus,
1592 1580 1609 1611 ι
1648 1578 1796 1615 suam
1827 1578 1958 1616 eon-

424 1648 604 1702 stituit-
643 1646 960 1703 Ecclesiam.
1019 1646 1115 1703 His
1162 1648 1447 1717 subjicitur
1491 1668 1504 1703 :
1559 1668 1577 1700 ι
1615 1650 1820 1705 Etenim
1852 1668 1957 1707 non

423 1738 701 1792 credentes
742 1737 1080 1804 inhabitare;
1119 1758 1139 1790 ›
1185 1739 1327 1807 quod
1352 1740 1552 1794 clarius
1578 1740 1955 1810 interpretatus

2059 574 2222 643 έϐηςο
2254 592 2273 624 ι
2310 574 2370 624 οὐ
2400 572 2506 642 γὰρ
2534 571 2598 624 ἂν
2624 572 2803 634 ἄλλως
2843 569 3072 637 ἀνέϐη,
3106 566 3159 617 εί
3198 565 3283 635 μὴ
3316 567 3596 638 πρότερον
3622 585 3713 621 κα-

2055 662 2393 732 ταϐεϐήκειά
2416 663 2473 714 '0
2489 663 2593 733 γὰρ
2628 661 2911 725 καταϐὰς,
2946 659 3137 721 αὐτός
3169 660 3304 709 ἐστι
3339 658 3443 709 καὶ⁵
3469 660 3499 709 ὀ
3520 661 3711 725 ἀναϐὰς

2058 752 2306 822 ὑπεράνω
2336 752 2547 804 πάντων
2568 753 2675 804 τῶν
2703 750 3002 821 οὐρανῶν,
3038 750 3137 802 ἵνα
3172 745 3471 817 πληρώσῃ
3498 748 3570 801 τὰ
3598 753 3716 803 πᾶν·

2055 859 2140 895 τα.
2174 862 2192 893 ι
2214 842 2441 905 Ἀναϐὰς
2474 843 2531 895 δὲ
2559 842 2612 894 τί
2644 842 2928 913 ἐπραξεν;
2974 838 3495 911 ’ῌχμαλώτευσεν
3532 841 3717 908 αἰχμα-

2056 932 2271 996 λωσίαν,
2307 934 2401 985 καὶ
2450 932 2606 984 ἔλαϐε
2652 932 2869 1001 δόματα
2923 933 2990 983 ἐν
3045 930 3425 1000 ἀνθρώποις.
3469 930 3637 982 Ποίαν
3664 932 3714 985 δὲ

2056 1008 2424 1092 αἰχμαλωσίαν
2447 1022 2879 1093 ᾐχμαλώτευσεν
2907 1023 2945 1092 ἢ
2976 1022 3056 1074 τὰ
3087 1021 3507 1093 προλεχθέντα
3536 1022 3713 1084 σκῦλα,

2054 1112 2089 1165 ἃ
2114 1112 2443 1183 διενείμαντο
2472 1115 2521 1165 οἱ
2557 1113 2723 1165 αὐτοῦ
2756 1112 3170 1184 στρατι‹ῖ›ται;
3225 1110 3414 1163 Ἀλλά
3450 1113 3548 1165 καὶ
3574 1112 3716 1167 ἔλαϐε

2054 1202 2257 1272 δόματα
2285 1205 2341 1255 ἐν
2367 1203 2698 1273 ἀνθρώποις,
2716 1203 2811 1256 τοῦ
2846 1204 3092 1274 Πατρὸς
3115 1203 3292 1274 αὐτῷ
3310 1203 3713 1274 δεδωρημένου,

2054 1294 2172 1346 καθ’
2200 1296 2263 1363 ἢν
2292 1294 2627 1365 ἐπήγγελται
2670 1296 2811 1365 πρὸς
2844 1294 3029 1347 αὐτὸν
3076 1294 3487 1362 ἐπαγγελίαν,
3520 1297 3714 1367 φήσαςδ

2060 1397 2079 1431 ι
2106 1379 2332 1449 Αίτησαι
2364 1381 2674 1451 παρ’ἐμοῦ,
2699 1383 2796 1435 καὶ
2822 1382 2994 1435 δώσω
3025 1400 3119 1435 σοι
3160 1382 3309 1453 ἔθνη
3340 1382 3451 1451 τὴν
3482 1384 3718 1455 κληρονο-

2058 1468 2182 1537 μίαν
2209 1486 2297 1522 σου
2318 1472 2410 1522 καὶ
2433 1472 2533 1542 τὴν
2559 1473 2902 1542 κατάσχεσίν
2930 1491 3035 1526 σου
3060 1473 3140 1526 τά
3167 1473 3417 1544 πέρατα
3442 1474 3551 1543 τῆς
3573 1477 3709 1546 γῆς.»

2054 1560 2233 1613 Ταῦτα
2254 1561 2307 1614 δὲ
2320 1562 2387 1613 τὰ
2414 1562 2623 1632 δόματα
2646 1583 2664 1613 ι
2691 1565 2750 1615 ὲν
2773 1564 3119 1635 ἀνθρώποις
3147 1586 3167 1615 ι
3203 1565 3379 1638 παρά
3390 1566 3495 1619 τοῦ
3520 1568 3714 1639 Πατρὶς

2056 1649 2249 1713 λαϐὼν,
2289 1655 2655 1723 συνεστήσατο
2695 1655 2798 1724 τὴν
2842 1655 3217 1724 Ἐκκλησίαν
3269 1658 3482 1710 αὑτοῦ.
3513 1660 3715 1723 Τούτοις

2055 1739 2175 1809 ἑξῆς
2218 1742 2458 1811 εἴρηται·
2500 1760 2518 1793 ι
2551 1744 2662 1795 Καὶ
2707 1744 2822 1813 γὰρ
2852 1744 3263 1809 ἀπειθοῦντες
3308 1747 3417 1800 τοῦ
3451 1767 3717 1820 κατασκη-

425 1825 777 1896 Symmachus
806 1834 907 1890 est,
959 1845 977 1877 ι
1012 1828 1197 1883 Adhuc
1225 1836 1276 1883 et
1300 1830 1354 1883 in
1380 1844 1484 1884 non
1509 1831 1848 1887 credentibus
1876 1834 1928 1886 in

2207 1847 2249 1880 ι·
2281 1849 2299 1879 ι
2333 1832 2468 1900 ὅπερ
2498 1833 2840 1903 σαφέστερον
2880 1834 3207 1888 ἀπέδωκεν
3233 1839 3267 1889 ὁ
3307 1838 3625 1908 Σύμμαχος
3653 1844 3715 1892 εξ-

421 1915 685 1969 hahitare.
729 1935 749 1967 ι
794 1915 927 1968 Nam
959 1925 1012 1970 et
1044 1915 1198 1980 illud,
1232 1919 1427 1987 inquit,
1482 1934 1511 1971 a
1538 1918 1694 1974 Patre
1729 1923 1952 1990 accepit,

422 2013 481 2058 ut
510 2005 831 2060 inhabitaret
866 2007 919 2059 in
948 2007 1026 2061 eis
1064 2011 1155 2077 qui
1186 2008 1313 2061 olim
1343 2024 1450 2062 non
1491 2010 1862 2075 crediderant,
1904 2023 1957 2065 et

421 2096 603 2165 pietati
628 2095 681 2148 in
707 2096 873 2151 Deum
905 2098 1361 2154 contradixerant.
1416 2099 1546 2152 Nam
1578 2101 1716 2155 hanc
1746 2116 1957 2171 quoque

421 2192 734 2253 potestatem
762 2187 988 2255 accepit,
1017 2194 1077 2240 ut
1104 2187 1160 2239 in
1178 2188 1354 2240 medio
1376 2202 1483 2241 non
1518 2189 1846 2243 credentium
1874 2190 1957 2243 iu-

421 2278 704 2342 habitaret,
750 2285 910 2346 atque
941 2293 1005 2332 ex
1033 2279 1164 2347 ipsis
1195 2295 1301 2333 non
1332 2279 1670 2334 credentibus
1702 2280 1837 2334 dona
1867 2296 1957 2334 ac-

386 2390 399 2399 λ
420 2369 637 2437 ciperet.
667 2367 955 2437 Postquam
985 2377 1160 2424 autem
1194 2381 1270 2425 tot
1294 2382 1553 2441 praecepta
1582 2379 1702 2440 post
1728 2372 1957 2443 prophe—

419 2460 545 2512 tiam
596 2460 718 2513 data
766 2469 910 2524 sunt,
946 2461 1201 2531 deinceps
1246 2462 1479 2531 Spiritus
1527 2472 1767 2526 sanctus,
1799 2465 1954 2532 quasi

417 2548 687 2617 praeclaris
718 2549 1157 2619 mirabilibusque
1190 2552 1353 2620 gestis
1388 2553 1659 2621 operibus,
1688 2560 1767 2606 tot
1788 2554 1954 2608 bono-

417 2653 535 2691 rum
565 2639 803 2706 largitori
832 2639 1099 2692 benedicit
1122 2640 1205 2694 his
1230 2642 1403 2695 verbis
1437 2659 1448 2693 :
1490 2660 1507 2690 ι
1529 2640 1784 2695 Dominus
1816 2640 1954 2696 Deus

416 2726 751 2792 benedictus,
805 2727 1117 2783 benedictus
1164 2728 1421 2784 Dominus
1475 2730 1730 2798 quotidie.
1766 2750 1785 2783 ι
1838 2730 1954 2784 Non

417 2816 555 2871 uitta
602 2817 762 2882 enim,
805 2817 997 2885 inquit,
1030 2818 1274 2873 homines
1329 2819 1588 2889 malignos
1620 2821 1841 2888 spiritus
1869 2836 1954 2874 er-

416 2920 539 2959 rore
570 2906 716 2959 ducti
741 2908 944 2969 colunt,
976 2908 1070 2961 sed
1103 2909 1328 2977 singulis
1355 2910 1541 2964 diebus
1565 2917 1616 2963 et
1648 2910 1793 2963 horis
1818 2926 1954 2979 prae-

416 2995 617 3049 dictum
652 2995 934 3049 Dominum
985 2997 1331 3051 benedicunt.
1394 2999 1511 3068 Ipse
1538 3014 1664 3053 vero
1693 2999 1952 3054 Dominus

421 3102 440 3136 ι
470 3101 778 3154 prosperum
810 3087 912 3141 iter
933 3087 1090 3141 faciet
1118 3090 1289 3150 nobis,
1315 3110 1333 3141 ι
1373 3105 1493 3143 eum
1517 3091 1630 3159 ipse
1653 3092 1721 3145 sit
1756 3110 1773 3141 ι
1812 3090 1951 3146 Deus

2054 1918 2199 1971 πών-
2233 1922 2384 1974 «Ἔτι
2425 1924 2519 1975 καὶ
2566 1925 2625 1975 ὲν
2673 1924 2985 1977 ἀπειθοῦσι
3036 1929 3545 1999 κατασκηνιῖηαι.
3575 1950 3593 1983 ι
3622 1934 3715 1986 Καὶ

2052 2012 2205 2066 τοῦτο
2237 2014 2363 2084 γὰρ,
2398 2016 2551 2085 φησι,
2583 2016 2738 2088 παρά
2764 2018 2863 2069 τοῦ
2900 2020 3152 2091 Πατρὸς
3190 2022 3404 2086 ἔλαϐε,
3451 2023 3516 2076 τὸ
3565 2043 3713 2078 κατα-

2055 2105 2325 2175 ηηνῶσαι
2349 2108 2405 2158 ἐν
2428 2111 2540 2170 τοῖς
2570 2109 2742 2161 πάλαι
2769 2110 3096 2165 ἀπειθοῦσι
3126 2114 3236 2167 καὶ
3277 2113 3639 2185 ἀντιλέγουσι
3658 2120 3711 2189 τῇ

2052 2199 2143 2251 τοῦ
2170 2199 2301 2251 Θεοῦ
2330 2201 2598 2271 εὐσεϐείᾳ.
2628 2203 2743 2254 Καὶ
2776 2202 3005 2272 ταύτην
3035 2206 3162 2276 γὰρ
3203 2206 3425 2278 εἴληφε
3460 2210 3563 2279 τὴν
3592 2210 3714 2272 ego».

2054 2289 2192 2351 σίαν,
2223 2288 2360 2341 ὥστε
2394 2292 2449 2342 ὲν
2484 2291 2635 2361 μέσῳ
2676 2292 2788 2343 τῶν
2837 2294 3267 2349 ἀπειθούντων
3306 2299 3710 2370 κατασκηνοῦν,

2052 2381 2110 2443 ἐξ
2142 2380 2315 2433 αὐτῶν
2360 2397 2416 2431 τε
2462 2380 2570 2432 τῶν
2617 2382 3017 2437 ἀπειθούντων
3052 2386 3399 2457 λαμϐάνειν
3432 2390 3614 2461 ἑαυτῷ
3638 2392 3687 2442 δό

2056 2486 2214 2538 ματα.
2246 2468 2521 2521 Τοσούτων
2573 2469 2637 2540 δὴ
2695 2472 3079 2542 μαθημάτων
3140 2479 3600 2549 παραδοθέντων
3639 2482 3712 2535 διὰ

2049 2560 2148 2629 τῆς
2170 2560 2520 2629 προφητείας,
2544 2561 2671 2631 ἑξῆς
2693 2562 2756 2615 τὸ
2781 2563 3038 2635 Πνεῦμα
3067 2567 3139 2619 τὸ
3168 2569 3372 2637 ἆγιον,
3402 2572 3485 2634 ὡς
3512 2574 3604 2624 ἐπὶ
3631 2592 3712 2643 με-

2051 2649 2230 2716 γάλοις
2263 2650 2355 2702 καὶ
2384 2650 2709 2720 παραδόξοις
2743 2655 3245 2728 κατορθώμασιν,
3275 2661 3513 2730 εὐλογετ
3534 2664 3621 2715 τὸν
3642 2681 3712 2715 τοι

2052 2740 2249 2792 σούτων
2279 2741 2497 2809 ἀγαθῶν
2524 2742 2730 2812 δοτῆρα
2764 2745 2997 2811 φάσκον
3024 2765 3040 2777 ·
3083 2767 3104 2800 ι
3136 2751 3373 2822 Κύριος
3412 2756 3443 2806 ό
3479 2754 3609 2817 Θεὸς
3634 2756 3711 2806 εύ-

2049 2830 2288 2900 λογητὸς,
2334 2832 2623 2902 εὐλογητὸς
2666 2835 2886 2906 Κύριος
2937 2841 3188 2913 ἡμέραν
3240 2845 3381 2898 καθ’
3430 2847 3657 2918 ἡμέραν.
3686 2866 3702 2898 ι

2051 2921 2241 3009 Ούκέτι
2274 2922 2398 2992 γὰρ,
2433 2925 2618 2993 φησὶν,
2656 2926 2955 2998 ἄνθρωποι
2990 2932 3291 3004 δαίμονας
3326 2942 3610 3009 πονηροὺς

2050 3008 2399 3079 πλανημένως
2423 3012 2763 3081 δοξάζουσιν,
2792 3018 2920 3071 ἀλλ’
2953 3022 3055 3092 ἐφ’
3076 3026 3355 3100 ἑκάστης
3386 3008 3603 3103 ἡμέρας
3626 3034 3706 3085 καὶ

2051 3097 2167 3191 καθ’
2193 3099 2423 3191 ἑκάστην
2463 3101 2613 3172 ὥραν
2663 3107 2758 3158 τὸν
2808 3097 3539 3191 προδηλωοένταΚύριον
3567 3123 3703 3174 εὐλο-

415 3176 730 3229 salutarium
759 3186 1118 3232 nostrorum.»
1153 3179 1276 3233 Ilaec
1307 3196 1432 3234 vero
1460 3197 1523 3234 ex
1549 3197 1774 3250 persona
1801 3183 1923 3236 chor

2379 3168 2389 3170 _
2513 3168 2523 3172 _
2858 3168 2869 3180 ,
2990 3168 3002 3181 ,
3250 3168 3280 3170 ,κ
3320 3168 3531 3191 --γαν
3568 3168 3675 3174 η-.-

2196 3190 2323 3243 ινοὊ
2348 3191 2402 3242 δὲ
2438 3194 2601 3257 αὐτὸς
2626 3197 2839 3269 Κύριος
2876 3219 2895 3250 ί
2931 3207 3353 3261 κατευοδώσει
3383 3213 3545 3281 ἡμῖν,
3571 3233 3587 3262 ι
3618 3215 3704 3265 αύ-

414 3266 774 3334 apostolorum
809 3267 1041 3335 Spiritus
1067 3277 1286 3323 sanctus
1314 3271 1579 3338 loquitur,
1617 3279 1674 3324 ut
1705 3271 1770 3324 ab
1801 3271 1952 3325 i-nitio

414 3357 678 3409 sermonis
710 3356 1121 3413 deelaravimus.
1151 3360 1410 3424 Quoniam
1441 3361 1604 3429 igitur
1633 3376 1951 3430 prosperum

415 3444 514 3497 iter
545 3459 574 3498 a
603 3444 711 3499 Deo
740 3447 815 3500 illi
843 3450 1219 3516 precabantur,
1250 3461 1305 3503 ut
1331 3466 1449 3504 eum
1479 3452 1705 3515 adirent,
1739 3453 1813 3506 uti
1838 3453 1949 3521 jam

414 3541 571 3587 antea
603 3535 806 3588 dictum
830 3545 931 3600 est,
972 3540 1275 3595 necessario
1310 3540 1495 3593 dicunt
1527 3559 1541 3592 :
1582 3560 1599 3593 ι
1632 3540 1949 3596 Benedictus

415 3621 669 3676 Dominus
697 3624 954 3692 quotidie,
987 3642 1297 3696 prosperum
1330 3631 1429 3683 iter
1454 3630 1609 3685 faciet
1632 3633 1783 3686 nobis
1809 3632 1948 3688 Deus

415 3711 728 3764 salutarium
759 3723 1084 3769 nostrorum.
1124 3736 1143 3768 ι
1209 3718 1312 3772 Pro
1338 3721 1429 3773 illo
1458 3730 1655 3786 autem,
1695 3742 1713 3773 ι
1747 3725 1948 3778 saluta~

414 3798 552 3852 rium
577 3807 937 3865 nostrorum,»
979 3803 1329 3874 Symmachus
1367 3828 1383 3859 ι
1410 3808 1701 3865 Salvatoris
1729 3815 1897 3867 nostri
1920 3834 1937 3865 ι

415 3886 790 3956 interpretatus
814 3901 895 3946 est
915 3911 929 3959 ;
962 3909 1057 3962 pro
1077 3910 1184 3963 quo
1204 3912 1416 3950 rursum
1431 3897 1747 3954 Hebraieum
1768 3918 1945 3956 exem-

415 3976 552 4044 plar,
587 3977 878 4035 Salvatoris
910 3985 1077 4037 nostri
1098 3983 1225 4038 Jesu
1256 4001 1449 4040 nomen
1488 3992 1941 4047 commemoravit.

420 4083 440 4116 ι
463 4065 602 4122 Deus
637 4080 839 4136 noster,
860 4071 998 4127 Deus
1034 4075 1208 4128 salvos
1239 4074 1486 4139 faciendi,
1519 4086 1571 4131 et
1599 4077 1808 4132 Domini
1839 4080 1945 4135 Do-

412 4156 543 4211 mini
573 4161 748 4214 exitus
771 4163 975 4216 mortis.
1018 4182 1037 4215 ι
1069 4163 1189 4218 Haec
1220 4180 1432 4218 rursum
1461 4181 1526 4218 ex
1556 4182 1785 4234 persona
1819 4185 1944 4239 apo-

412 4247 670 4300 stoloruin
714 4251 1019 4319 prephetiee
1048 4252 1187 4306 dicta
1219 4263 1362 4307 sunt.
1412 4253 1547 4319 Quia
1577 4257 1719 4309 enim
1749 4258 1813 4312 de
1836 4258 1944 4314 Deo

410 4338 560 4407 prius
587 4342 747 4394 locuti
777 4348 1328 4413 sunt,consequenter
1357 4348 1409 4400 in
1439 4349 1686 4417 praesenti
1717 4351 1901 4405 dicunt
1927 4372 1939 4405 :

416 4445 435 4476 ι
471 4428 610 4484 Deus
642 4439 843 4491 noster,
874 4433 1009 4487 Deus
1039 4436 1216 4490 salvos
1246 4437 1495 4504 faciendi,
1524 4448 1576 4495 et
1601 4438 1809 4495 Domini
1839 4442 1943 4497 Do-

408 4517 540 4568 mini
565 4518 738 4572 exitus
768 4523 980 4584 mortis;
1005 4541 1022 4573 ι
1056 4523 1168 4577 sive
1195 4526 1486 4580 secundum
1512 4526 1883 4597 Symmachum
1920 4553 1933 4587 :
1970 4508 2013 4561 θ

413 4627 432 4659 ι
471 4610 611 4665 Deus
645 4614 819 4677 nobis,
844 4614 981 4671 Deus
1015 4618 1068 4669 in
1098 4619 1343 4685 salutem,
1376 4628 1429 4675 et
1461 4620 1669 4676 Domini
1693 4623 1935 4678 domina-

408 4703 541 4757 toris
564 4705 738 4759 exitus
767 4707 817 4759 in
844 4718 1086 4762 mortem.
1123 4729 1140 4761 ›
1177 4709 1307 4763 Nam
1339 4728 1460 4766 cum
1492 4713 1579 4766 hic
1606 4714 1753 4769 solus
1796 4715 1935 4773 Deus

408 4794 498 4855 sit,
535 4795 580 4848 is
611 4811 739 4849 sane
772 4799 948 4853 exitus
992 4800 1191 4856 invenit
1228 4806 1379 4872 queis
1407 4819 1435 4857 a
1464 4813 1634 4860 morte
1665 4808 1931 4863 evaderet.

400 4882 841 4953 Quandoquidem
886 4889 1060 4944 omnis
1091 4891 1251 4945 homo
1282 4894 1346 4947 ad
1388 4894 1685 4964 ingressum
1720 4900 1934 4967 quidem

407 4973 592 5025 mortis
616 4976 874 5043 pervenit,
905 4977 1140 5032 nondum
1172 4988 1350 5036 tamen
1381 4985 1447 5038 ab
1472 5001 1535 5039 eo
1571 4988 1717 5042 exire
1740 4991 1930 5056 potuit.

407 5057 661 5118 Dominus
701 5075 876 5120 autem
910 5054 997 5121 hic
1024 5080 1368 5138 memoratus,
1399 5077 1486 5143 qui
1512 5076 1622 5144 jam
1645 5081 1936 5133 communi-

408 5146 508 5202 bus
536 5151 809 5209 elementis
839 5156 891 5208 in
920 5156 1179 5213 Hebraico
1210 5162 1345 5217 libro
1372 5166 1644 5230 scribitur,
1675 5182 1796 5220 eum
1841 5184 1934 5223 ex-

411 5235 516 5292 itus
544 5254 572 5293 a
599 5252 767 5297 morte
794 5248 1077 5313 aperuerit,
1100 5248 1237 5306 Deus
1261 5255 1418 5308 saluti
1441 5257 1775 5325 cognominis
1808 5259 1934 5312 effe.

410 5329 527 5377 ctus
556 5335 652 5380 est.
695 5329 1045 5394 Quamobrem
1073 5337 1266 5393 dicitur
1292 5360 1305 5396 :
1347 5361 1366 5394 ι
1396 5344 1534 5399 Deus
1561 5353 1762 5409 noster,
1794 5345 1932 5401 Deus

413 5409 587 5501 salvos
621 5414 866 5471 faciendi.
907 5439 925 5472 ι
965 5423 1140 5488 Quare
1184 5430 1273 5485 hic
1305 5432 1419 5501 ipse
1464 5433 1600 5489 Jobo
1630 5435 1931 5493 vaticinans

414 5496 658 5554 dicebat:
695 5523 713 5554 ι
744 5505 950 5563 Venisti
988 5522 1162 5569 autem
1210 5520 1262 5573 in
1297 5496 1494 5579 fontem
1547 5527 1732 5593 maris,
1767 5538 1820 5583 et
1876 5530 1929 5583 in

488 5672 531 5703 ³³
556 5671 726 5738 Ephes
777 5695 845 5744 Iv,
890 5684 970 5737 Hi.
1048 5689 1089 5721 ⁸³
1114 5690 1252 5747 Psal.
1292 5715 1350 5764 ιι,
1383 5703 1433 5755 8.

2051 3279 2138 3341 τὸς
2164 3278 2281 3370 ὣνι
2310 3283 2337 3333 ό
2354 3281 2487 3345 Θεὸς
2506 3284 2612 3337 τῶν
2640 3290 2941 3359 σωτηριῶν
2974 3295 3176 3364 ἡμῶν.
3202 3318 3224 3349 ι
3252 3278 3443 3370 Λέγει
3464 3304 3523 3356 δὲ
3550 3304 3705 3357 ταῦτα

2047 3368 2107 3419 τὸ
2132 3369 2351 3440 Πνεῦμα
2382 3373 2444 3423 τὸ
2476 3374 2629 3441 ἅγιον
2655 3377 2720 3428 ἐκ
2747 3381 3073 3448 προσώπου
3105 3387 3208 3439 τοῦ
3240 3392 3429 3462 χοροῦ
3454 3394 3567 3445 τῶν
3588 3396 3702 3446 ἀπο-

2050 3459 2263 3523 στόλων,
2311 3463 2499 3533 ὥσπερ
2531 3461 2628 3518 οῦν
2687 3469 2781 3520 καὶ
2816 3471 3145 3542 ἀρχόμενοι
3166 3481 3277 3533 τοῦ
3325 3459 3511 3552 λόγου
3582 3503 3702 3555 παρ-

2046 3552 2369 3621 εστήσαμεν.
2423 3555 2575 3608 Ἐπεὶ
2618 3560 2802 3612 τοίνυν
2847 3568 2960 3635 τῆς
2999 3571 3071 3622 ὲκ
3088 3572 3191 3624 τοῦ
3210 3574 3372 3628 Θεοῦ
3409 3578 3699 3631 κατευοδὼ-

2048 3656 2180 3703 σεως
2208 3642 2412 3696 ἐδέοντο
2441 3641 2608 3713 οὗτοι,
2638 3651 2721 3713 είς
2758 3652 2822 3704 τὸ
2853 3656 3207 3732 ὁδοποιῆσαι
3247 3667 3442 3738 αὐτῷ,
3478 3670 3622 3723 κατὰ
3644 3671 3699 3721 τὰ

2044 3729 2345 3829 έμπροσθεν
2369 3736 2651 3829 εἰρημένα,
2690 3741 3030 3811 ἀναγκαίως
3086 3729 3296 3818 ξρασίν·
3344 3777 3363 3807 ι
3387 3729 3697 3829 Ἐὐλογητὸς

2044 3821 2276 3921 Ιξύριος⁸
2296 3825 2507 3896 ἡμέραν
2558 3828 2680 3921 καθ’
2717 3833 2987 3904 ἡμέραν,
3042 3847 3451 3902 κατευοδώσει
3504 3821 3632 3921 ἡμῖν
3675 3852 3697 3901 ὁ

2041 3911 2196 4004 Θεὸς.
2210 3914 2316 3967 τῶν
2360 3920 2641 3989 σωτηριῶν
2679 3923 2867 3992 ἡμῶν.
2901 3946 2921 3979 ι
2947 3931 3111 3986 ’Λντὶ
3138 3936 3199 3988 δὲ
3239 3939 3374 4004 τοῦ,
3412 3961 3432 3992 ι
3604 3960 3695 3994 σω·

2041 4002 2238 4101 τηριιῦν
2266 4004 2495 4101 eam,»
2582 4010 2916 4101 Σύμμαχος,
2962 4036 2983 4069 ι
3015 4022 3119 4074 τοῦ
3152 4002 3442 4099 Σωτῆρος
3471 4029 3646 4101 ἡμῶν,
3676 4050 3692 4081 ι

2039 4092 2379 4189 ἡρμήνευῖεν
2397 4111 2435 4189 ’ᾳ
2446 4097 2565 4151 ἀνθ’
2593 4095 2656 4154 οὗ
2686 4102 2748 4154 τὸ
2795 4105 3113 4177 Ἐϐραῖκὸν
3150 4092 3352 4177 πάλιν⁷
3370 4092 3473 4174 τοῦ
3493 4092 3695 4189 ’όνόμα-

2039 4181 2541 4277 τος-τοῦΑΣωτῆρος
2588 4190 2749 4259 ἡμῶν
2789 4194 2979 4265 Ἰησοῦ
3043 4204 3371 4277 μέμνηται.
3420 4231 3440 4263 ι
3471 4211 3531 4265 Ὀ

2042 4269 2444 4371 ἡμωνᾍὸᾳθεὸς
2493 4277 2591 4328 τοῦ
2627 4279 2849 4348 σώζειν,
2884 4289 2990 4341 καὶ
3028 4269 3138 4345 τοῦ
3198 4269 3433 4369 Κυρίου
3495 4269 3690 4371 Κυρίοῦ

2042 4361 2097 4412 αἱ
2138 4360 2355 4425 διέξοδοι
2396 4365 2489 4417 τοῦ
2538 4368 2798 4429 θανάτου.
2836 4396 2856 4427 ι
2904 4379 3094 4437 Πάλιν
3141 4388 3211 4440 ἐκ
3250 4360 3566 4459 προσώπου
3585 4360 3691 4445 ,τῶν

2044 4451 2347 4548 ἀποστόλων
2368 4460 2727 4548 προφητικῶς
2746 4465 2845 4516 καὶ
2872 4468 3062 4523 ταῦτα
3090 4451 3389 4531 λέλεκται.
3415 4482 3475 4533 Ἐ
3486 4484 3575 4533 πεὶ
3593 4481 3690 4548 γὰρ

2041 4539 2392 4633 ὲθεολόγησαν
2434 4544 2524 4597 διὰ
2563 4548 2677 4602 τῶν
2716 4551 3072 4624 ἔμπροσθεν,
3114 4565 3457 4633 ἀκολούθως
3489 4573 3585 4624 καὶ

2190 4630 2324 4699 μετὰ
2362 4635 2550 4705 χεῖράς
2578 4656 2745 4707 φασιν
2764 4660 2780 4673 ⁸
2823 4663 2842 4693 ‹
2869 4646 2930 4699 Ὁ
2966 4648 3113 4716 Θεὸς
3144 4656 3336 4725 ἡμῶν,
3374 4662 3406 4712 ὁ
3434 4628 3578 4723 Θεὸς
3602 4660 3687 4712 τοῦ

2041 4719 2256 4814 σώζειν,
2283 4725 2496 4814 καὶτοῦ
2526 4730 2738 4800 Κυρίου
2774 4735 3000 4807 Κυρίου
3035 4746 3095 4796 αἱ
3132 4719 3375 4814 διέξοδοι
3405 4752 3509 4804 τοῦ
3542 4719 3689 4805 θανάο

2039 4824 2158 4859 του·
2187 4828 2203 4858 ι
2290 4812 2555 4910 κατὰ-τὸν
2585 4820 2897 4895 Σύμμαχον
2921 4844 2935 4856 ·
2980 4849 3001 4881 ι
3027 4834 3090 4887 '0
3116 4809 3255 4902 Θεὸς
3276 4842 3425 4910 ἡμῖν
3452 4844 3591 4906 Θεὸς
3612 4847 3685 4904 εἰς

2043 4900 2332 4997 σωττγρίαν,
2367 4906 2461 4997 καὶ
2487 4909 2583 4962 τοῦ
2610 4914 2822 4985 Κυρίου
2862 4921 2965 4974 τοῦ
3002 4900 3277 4982 δεσπότου
3299 4900 3381 4983 ἀἱ
3420 4936 3506 4997 είς
3529 4900 3685 4986 θάνοιζ

2037 4988 2344 5087 τονᾲέξοδοι.
2378 5013 2397 5045 ι
2432 4995 2610 5065 Μόνος
2646 5005 2757 5078 γὰρ
2806 5006 2969 5076 οὗτος
3017 5016 3161 5081 Θεὸς
3206 5020 3281 5074 ὢν
3333 5023 3439 5076 τοῦ
3484 4988 3682 5087 σώζειν

2038 5078 2245 5187 ἐξόδους
2266 5084 2458 5187 εὕρετο
2477 5093 2572 5145 τοῦ
2597 5095 2856 5156 θανάτου.
2877 5106 3110 5179 Ἐπειδὴ
3138 5078 3250 5175 πᾶς
3271 5078 3678 5187 ἄνθρωπος-,εἰς

2041 5170 2136 5266 μὲν
2301 5176 2506 5235 εἴσοδον
2539 5187 2637 5240 τοῦ
2674 5189 2908 5247 θανάτου
2945 5170 3443 5266 ἔφθασενίοὺκέτι
3491 5170 3675 5259 lis-mi

2035 5262 2323 5365 ξιξξελθεῖν
2370 5274 2536 5330 αὑτὸν
2588 5262 3063 5356 δεδύνηταιΧΟ-δὲ
3093 5262 3345 5347 διὰττῶν
3376 5296 3673 5365 παρόντων

2033 5351 2364 5453 δηλούμενος
2386 5365 2624 5440 Κύριος,
2650 5378 2749 5430 καὶ
2782 5378 2875 5433 νῦν
2899 5377 2988 5430 διὰ
3009 5380 3119 5431 τῶν
3148 5382 3357 5435 κοινῶν
3381 5384 3668 5453 στοιχείων

2035 5443 2092 5494 έν
2123 5447 2498 5543 τῇ.”Εξραῖκῇ
2528 5463 2702 5539 βίϐλῳ
2720 5470 3084 5543 γραφόμενος,
3110 5470 3397 5535 διεξόδους
3433 5443 3663 5543 7:0;ch-

2038 5549 2195 5601 μενος
2223 5539 2320 5593 τοῦ
2358 5544 2626 5624 θανάτου,
2653 5539 2853 5631 γέγονεν
2877 5558 3005 5622 Θεὸς
3034 5558 3333 5628 ἐπώνυμος
3357 5539 3658 5632 σωτηρνίαςι
