3818 6384
1357 402 1853 460 COMMENTARIA
1888 408 1961 462 ΙΝ
1998 408 2330 465 PSALMOS.

574 509 613 595 ς.
624 497 719 595 :0
783 509 951 578 Θεὸς
1004 520 1177 589 ἡμῶν,
1205 522 1232 574 ὁ
1260 521 1388 584 Θεὸς
1418 519 1510 573 τοῦ
1541 520 1746 584 σώζειν.
1773 542 1791 575 ι

1894 525 2135 595 vestigiis
2186 524 2366 594 abyssi
2412 524 2718 580 ambulasti.
2767 525 3092 595 Aperiuntur
3127 541 3300 586 autem
3326 533 3421 588 tibi

72 459 133 512 ibi)

94 562 328 691 δῗζῖάθ
344 582 467 691 is:
720 594 756 645 ὁ
797 602 990 669 αὐτὸς
1024 562 1177 672 οἶτος
1207 562 1550 681 χρημτῖηίξων
1579 562 1757 679 εἶεγεν
1779 626 1796 644 ⁶

137 657 266 691 λογον
398 657 466 717 δὲ
800 692 815 708 ἢ
944 657 990 669 τ-
1031 657 1173 672 πη.
1209 657 1543 681 Amr—ns“-
1582 657 1751 679 ---ηπ

137 674 393 773 (Ἦλθέῆ
500 668 615 773 επὶ
646 695 880 761 πηγην
920 696 1219 769 θαλάσσης·
1243 702 1299 752 ὲν
1326 701 1381 752 δὲ
1413 701 1608 768 ἴχνεσιν
1636 702 1798 754 ἀϐύσ-

167 762 783 860 ξςςεριετξάτλησας.
806 762 1160 854 Ἀνοιγονταί
1205 789 1261 841 δέ
1311 806 1391 842 σοι
1432 762 1584 860 esse
1636 792 1796 844 πύλαι

171 873 430 949 bavium?
487 856 780 937 Πυλωροὶ
836 874 903 926 δὲ
960 877 1085 947 ᾅδου
1141 878 1333 941 ἰδόντες
1385 856 1460 932 σε⁷
1485 856 1733 949 ἔπτηξαν.
1771 900 1790 931 ι

208 948 496 1037 δωηᾲὴδην
528 955 635 1008 καὶ
666 957 731 1011 ὲν
760 962 1007 1029 ἐκείνοις
1034 968 1128 1037 τὴν
1164 970 1242 1031 εἰς
1269 968 1356 1022 τὸν
1385 948 1614 1022 θάνατον
1635 970 1793 1023 αὐτοῦ

207 1056 426 1108 κάθοδον
470 1045 572 1097 καὶ
620 1048 729 1119 τὴν
789 1054 1010 1109 ἐκεῖθεν
1056 1057 1283 1120 διέξοδον
1307 1060 1589 1128 παριστὰς,
1613 1059 1795 1130 ῶσπερ

220 1140 312 1197 οῦν
339 1137 430 1195 καὶ
459 1138 520 1190 ὲν
545 1142 663 1201 τοῖς
688 1146 1102 1215 προκειμένοις,
1131 1144 1209 1208 οἷς
1247 1147 1545 1210 ἀκολούθως
1572 1149 1668 1217 τὴν
1691 1149 1794 1201 τῶν

216 1228 437 1300 ἐχθρῶν
480 1228 648 1281 αὐτοῦ
694 1233 992 1303 συντριϐὴν
1024 1234 1258 1286 διδάσκει
1298 1234 1498 1301 λέγων·
1546 1253 1564 1283 ι
1594 1236 1737 1305 Πλὴν
1767 1237 1794 1288 ό

213 1321 359 1383 Θεὸς
396 1317 683 1372 συνθλὰσει
719 1322 968 1389 κεφαλὰς
998 1322 1203 1392 ἐχθρῶν
1242 1322 1422 1374 αὐτοῦ.
1453 1341 1470 1373 ι
1506 1324 1612 1375 Καὶ
1643 1323 1794 1375 τοῦτο

203 1411 271 1464 δὲ
307 1412 533 1481 νοήσεις
580 1411 851 1481 παραθεὶς
881 1413 977 1483 τὴν
1008 1416 1063 1465 ὲν
1085 1414 1251 1483 ἑτέρῳ
1282 1414 1536 1480 λέγουσαν
1580 1416 1758 1482 φωνήν
1777 1433 1790 1446 υ

202 1518 225 1549 ι
259 1500 345 1551 Σὺ
385 1500 777 1570 ἐκραταίωσας
807 1504 872 1571 τῇ
900 1501 1118 1571 δυνάμει
1159 1519 1249 1554 σου
1280 1504 1375 1572 τὴν
1404 1502 1688 1563 θάλασσαν,
1730 1504 1792 1556 σὺ

194 1591 563 1659 συνέτριψας
582 1592 683 1653 τὰς
709 1592 951 1658 κεφαλὰς
979 1593 1084 1644 τῶν
1109 1594 1409 1663 δρακόντων
1434 1595 1525 1645 ἐπὶ
1551 1594 1641 1645 τοῦ
1673 1594 1795 1647 ὓδα-

184 1698 320 1743 τος.
352 1682 431 1733 Σὺ
471 1682 811 1744 συνέθλασας
837 1682 933 1751 τὴν
961 1683 1195 1752 κεφαλὴν
1217 1684 1307 1736 τοῦ
1336 1685 1636 1753 δράκοντος.
1662 1705 1678 1734 ι
1699 1684 1794 1737 Διὰ

183 1770 317 1840 γὰρ
348 1769 688 1823 τούτωνκαὶ
725 1774 774 1823 οἱ
794 1770 972 1840 ἐχθροὶ
1002 1771 1092 1822 τοῦ
1125 1772 1256 1824 Θεοῦ
1285 1772 1639 1842 ὲδηλὼθησαν,
1670 1772 1793 1842 περὶ

3324 421 3421 478 706

1894 613 2082 667 timore
2116 621 2281 682 portae
2325 611 2507 665 inferi.
2560 611 2777 667 Ostiarii
2806 629 2932 669 vero
2961 617 3155 681 inferni
3183 619 3422 676 videntes

1894 710 1946 756 te
1985 703 2260 757 conterriti
2305 709 2431 756 sunt
2470 702 2536 755 ‘°.
2575 722 2593 755 ι
2634 702 2841 757 Diserte
2873 707 2927 757 in
2957 706 3066 761 illis
3094 724 3304 777 quoque
3329 711 3423 765 de-

1893 808 2139 848 scensum
2174 794 2291 862 ejus
2315 794 2366 846 in
2396 802 2620 847 mortem
2656 802 2709 848 et
2747 796 2945 849 exitum
2976 797 3100 851 inde
3122 799 3419 865 declarans,

1892 887 2334 954 quemadmodum
2364 893 2417 939 et
2447 886 2501 939 in
2534 888 2904 955 praesentibus,
2931 898 3112 958 postea
3143 906 3269 946 vero
3294 902 3424 947 con—

1892 983 2175 1042 sequenter
2222 975 2559 1028 inimicorum
2590 991 2808 1029 suorum
2856 980 3227 1034 contritionem
3267 981 3423 1036 docet

1892 1066 1976 1118 his
2002 1063 2178 1120 verbis
2211 1084 2223 1118 :
2260 1084 2277 1115 ι
2311 1063 2689 1119 Verumtamen
2738 1066 2876 1122 Deus
2908 1068 3204 1140 confringet
3244 1070 3421 1139 capita

1890 1154 2229 1207 inimicorum
2255 1168 2495 1207 suorum.
2536 1173 2553 1203 ι
2616 1154 2737 1209 Haec
2760 1172 2916 1225 porro
2949 1157 3229 1227 intelliges,
3255 1158 3301 1212 si
3329 1170 3423 1213 v0-

1889 1259 2003 1296 cem
2033 1244 2139 1297 alio
2166 1244 2217 1295 in
2253 1245 2459 1311 psalmo
2486 1245 2710 1312 positam
2734 1246 2856 1298 huic
2883 1261 3177 1315 compares,
3195 1262 3416 1315 nempe:

1896 1355 1913 1383 ‹
1945 1332 2021 1386 Tu
2051 1333 2379 1387 conﬁrmasti
2407 1334 2601 1387 virtute
2623 1345 2712 1387 tua
2735 1350 2898 1398 mare,
2929 1345 2983 1389 tu
3008 1339 3304 1391 contrivisti
3332 1352 3421 1391 ca-

1889 1424 1999 1491 pita
2020 1423 2309 1475 draconum
2342 1423 2396 1475 in
2430 1436 2587 1490 aqua.
2619 1420 2697 1474 Tu
2724 1424 3033 1493 confregisti
3060 1433 3217 1493 caput
3238 1426 3424 1479 draco-

1890 1516 1995 1568 nis.
2036 1532 2053 1564 ι
2091 1513 2185 1568 His
2212 1514 2353 1567 enim
2384 1515 2586 1567 inimici
2638 1514 2726 1569 Dei
2755 1515 3112 1577 declarantur,
3141 1514 3205 1568 de
3226 1514 3420 1582 quibus

1890 1605 1976 1657 hic
1998 1604 2198 1657 dictum
2234 1611 2354 1657 est:
2391 1621 2409 1653 ι
2440 1602 2814 1658 Verumtamen
2847 1604 2986 1658 Deus
3008 1604 3303 1671 confringet
3331 1618 3419 1657 ca-

1889 1693 1998 1761 pita
2030 1693 2368 1746 inimicorum
2394 1707 2631 1745 suorum.
2671 1713 2690 1745 ι
2749 1693 2913 1746 Erant
2939 1701 3113 1747 autem
3138 1694 3214 1745 illi
3238 1694 3423 1746 draco-

1891 1798 1986 1837 nes
2014 1783 2070 1835 in
2098 1786 2231 1838 mari
2263 1794 2315 1839 et
2341 1787 2392 1838 in
2417 1786 2633 1840 humida
2664 1786 2960 1840 substantia
2997 1794 3206 1848 nantes,
3236 1785 3421 1839 videli-

174 1851 268 1910 «In
302 1859 572 1911 ἐνταῦθα
594 1858 843 1909 λέλεκται
863 1875 875 1887 ⁸
904 1877 920 1907 ι
951 1859 1094 1928 Πλὴν
1121 1860 1149 1910 ό
1178 1860 1307 1922 Θεὸς
1333 1860 1608 1913 συνθλάσει
1629 1878 1792 1929 κεφα-

1890 1881 1973 1925 cet
2001 1874 2319 1927 adversarize
2361 1884 2653 1943 potestates
2695 1875 2785 1930 Dei
2819 1877 3067 1939 inimicae,
3098 1876 3152 1927 in
3182 1875 3339 1928 salsis
3367 1881 3422 1928 et

170 1948 298 2011 λὰς
351 1947 585 2017 ἐχθρῶν
631 1947 818 2000 αὐτοῦ.
852 1944 1054 1999 ι’Ἦσαν
1087 1948 1141 1999 δὲ
1173 1943 1313 2002 οῦτοι
1354 1950 1637 2019 δράκοντες
1662 1953 1707 2002 οἱ
1737 1952 1792 2002 ὲν

174 2036 472 2105 θαλάσσῃ
525 2035 627 2086 καὶ
674 2035 767 2086 ἐπὶ
796 2035 965 2103 ὑγρᾶς
993 2034 1176 2097 οὐσίας
1220 2036 1517 2105 νηχόμενοι,
1546 2037 1792 2105 δυνάμεις

166 2125 419 2195 δηλαδὴ
454 2124 844 2193 ἁντικείμεναι
881 2124 1069 2193 ἐχθραὶ
1104 2125 1194 2176 τοῦ
1219 2126 1371 2189 Θεοῦ,
1400 2129 1508 2188 τοῖς
1537 2127 1791 2195 ἁλμυροῖς

169 2216 291 2267 καὶ
364 2217 637 2286 ρευστοῖς
704 2213 795 2264 τοῦ
847 2213 960 2281 βίου
1020 2214 1250 2284 κύμασιν
1304 2214 1787 2285 ὲγκαλινδούμεναι.

171 2306 377 2359 Ὀθεν
412 2307 516 2359 καὶ
550 2307 608 2357 ὲν
639 2304 717 2373 τῷ
758 2302 876 2355 ’1ὼὸ
906 2303 1143 2370 ἐλέγετο·
1172 2301 1397 2368 «Ἧλθες
1421 2306 1474 2358 δὲ
1496 2307 1585 2357 ἐπὶ
1614 2307 1791 2375 πηγὴν

172 2396 547 2466 Θαλάσσης,
605 2398 664 2448 ὲν
715 2394 772 2446 δὲ
821 2395 1017 2463 ἴχνεσιν
1075 2394 1305 2448 ἀϐύσσου
1373 2396 1786 2465 περιεπάτησας.

188 2488 579 2554 Ἀνοίγονται
608 2483 668 2536 δέ
700 2500 781 2535 σοι
816 2483 963 2552 φόὸῳ
1001 2484 1163 2535 πύλαι
1194 2483 1437 2536 θανάτου.
1466 2484 1707 2553 Πυλωρολ⁸
1734 2485 1788 2536 δὲ

174 2577 356 2647 ᾅδου,
389 2576 611 2637 ἰδόντες
646 2591 727 2634 σε,
760 2572 1014 2641 ἔπτηξαν.
1048 2591 1065 2622 ι
1098 2573 1526 2643 Συντριῦομένων
1553 2574 1659 2642 γὰρ
1682 2573 1788 2625 τῶν

176 2665 474 2733 κεφαλῶν
522 2664 637 2717 τῶν
682 2663 1006 2732 δρακόντων,
1040 2661 1300 2732 ἔπτησσον
1342 2664 1388 2713 οἱ
1436 2663 1667 2732 πυλωροὶ
1696 2662 1787 2714 τοῦ

177 2755 332 2825 ᾅδου
355 2776 369 2786 ο
408 2754 498 2806 διὸ
540 2753 639 2805 καὶ
685 2751 833 2820 φόϐῳ
866 2750 960 2812 τὰς
991 2750 1159 2813 πύλας
1192 2752 1401 2819 ἤνοιγον
1440 2750 1532 2801 τοῦ
1566 2751 1786 2803 θανάτου

179 2844 273 2914 τῷ
314 2846 429 2907 τὰς
463 2842 719 2911 κεφαλὰς
748 2840 853 2892 τῶν
880 2838 1084 2908 ἐχθρῶν
1114 2838 1272 2891 αὑτοῦ
1303 2838 1608 2891 συνθλῶντι.
1633 2832 1786 2893 Οὗτοι

177 2936 244 2988 δὲ
275 2939 333 2988 οἱ
382 2935 586 3005 ἐχθροὶ
626 2931 722 2984 τοῦ
761 2931 962 3000 Κυρίου
987 2930 1045 2981 τὸ
1076 2930 1281 2982 πάντων
1315 2929 1607 3001 ἀνθρώπων
1660 2947 1789 2982 κατ-

183 3028 456 3080 επάτουν
505 3024 693 3090 γένος.
735 3022 823 3073 Διὸ
842 3021 1081 3074 λέλεκται
1104 3023 1255 3090 ἑξῆς·
1286 3041 1303 3071 ι
1335 3021 1584 3092 Κορυφὴν
1609 3022 1787 3091 τριχὸς

182 3116 703 3189 διαπορευομένων
750 3115 806 3166 ἐν
847 3112 1235 3183 πλημμελείαις
1274 3113 1467 3166 αὐτῶν.
1508 3133 1526 3165 ι
1578 3115 1785 3167 Τούτων

186 3207 310 3277 γὰρ
444 3178 590 3266 Θεὸς
626 3202 908 3255 συνθλάσει
1078 3202 1328 3269 κεφαλὰς,
1361 3204 1509 3271 φησὶ,
1542 3204 1646 3255 τῶν
1678 3204 1788 3257 δια-
1813 3178 1856 3237 C

186 3296 614 3366 πορευομένων
662 3292 760 3353 τὰς
785 3292 889 3343 τῶν
919 3290 1210 3362 ἀνθρώπων
1244 3291 1499 3359 κεφαλάς.
1519 3294 1658 3345 Ἀντὶ
1683 3295 1787 3364 γὰρ

186 3386 318 3448 τοῦ,
365 3406 382 3437 ι
413 3383 681 3455 κορυφὴν
734 3381 935 3449 τριχὸς,
980 3380 1216 3451 κορυφὴν
1264 3380 1520 3450 ἔντριχον,
1552 3400 1570 3432 ι
1617 3384 1789 3452 ἡρμή-

186 3491 395 3528 νευσεν
447 3476 481 3526 ὁ
533 3471 853 3541 Σύμμαχος.
890 3471 1112 3540 Κορυφὴ
1142 3471 1198 3522 δὲ
1227 3471 1465 3541 ἔντριχος
1505 3474 1537 3542 ή
1585 3472 1787 3543 κεφαλὴ

187 3565 310 3619 τῶν
357 3562 688 3634 ἀνθρώπων
738 3561 1073 3629 σημαίνεται.
1106 3560 1318 3613 Τούτων
1363 3557 1453 3613 οῦν
1480 3562 1653 3613 αὐτῶν
1685 3562 1787 3614 τῶν

187 3656 419 3726 ἐχθρῶν
457 3653 692 3715 ἑαυτοῦ,
716 3652 821 3704 τῶν
848 3651 1104 3720 πρότερον
1129 3650 1224 3713 τὰς
1250 3651 1357 3704 τῶν
1386 3650 1678 3722 ἀνθρώπων
1707 3669 1789 3704 κε-

190 3746 379 3814 φαλὰς
410 3742 901 3812 διαπορευομένων
934 3741 1026 3793 καὶ
1049 3741 1152 3792 ὑπὸ
1174 3744 1283 3803 τοῖς
1313 3741 1514 3793 ἑαυτῶν
1542 3742 1664 3793 ποσὶ
1692 3760 1788 3796 κα-

188 3836 641 3895 ιτοι-πατούντων,
674 3834 702 3883 ὁ
725 3833 820 3894 τὰς
844 3830 1104 3895 διεξόδους
1128 3830 1218 3882 τοῦ
1246 3831 1470 3884 θανάτου
1498 3833 1788 3903 πεποιημέ-

192 3944 293 3989 νος
342 3927 490 3983 Θεὸς
541 3921 646 3984 τὰς
690 3920 924 3989 κεφαλὰς
960 3919 1415 3973 συνθλάσει.Ἀντὶ
1446 3920 1501 3972 δὲ
1532 3920 1642 3983 τοῦ,
1682 3940 1698 3971 ι
1730 3922 1785 3973 ὲν

194 4016 313 4086 πλη
326 4014 638 4085 μμελείαις
665 4010 858 4073 αὐτῶν,
890 4029 908 4059 ι
948 4010 976 4060 ὁ
1005 4009 1308 4080 Σύμμαχος,
1345 4028 1363 4059 ι
1396 4011 1450 4060 ἐν
1480 4010 1595 4069 ταῖς
1620 4009 1787 4078 πλημ-

197 4106 470 4176 μελείαις
500 4101 696 4170 αὐτῆς,
730 4119 748 4151 ›
784 4100 1115 4169 ἡρμήνευσεν
1148 4097 1311 4151 εἰπών
1336 4116 1348 4129 ·
1385 4116 1403 4148 ι
1432 4098 1787 4168 Κορυφὴν.ἕνο

192 4213 398 4267 τριχον
439 4192 926 4260 ἀναστρεφομένην
944 4190 1000 4241 ὲν
1018 4192 1132 4253 ταῖς
1148 4188 1249 4259 πλη
1259 4189 1534 4258 μμελείαις
1554 4190 1735 4258 αὐτῆς.
1762 4208 1780 4241 ι

194 4270 349 4340 υῦδὲ
382 4286 509 4353 γὰρ
545 4282 722 4343 ἄλλως
752 4280 971 4332 δυνατὸν
1010 4275 1078 4348 ἧν
1119 4282 1229 4338 τοῖς
1261 4277 1471 4349 ἐχθροῖς
1514 4277 1604 4330 τοῦ
1653 4277 1785 4331 Θεοῦ

195 4375 567 4430 καταπατεῖν
608 4370 847 4441 κορυφὴν
879 4369 1134 4439 ἔντριχον,
1166 4368 1405 4421 τουτέστι
1436 4367 1530 4429 τὰς
1560 4368 1664 4421 τῶν
1693 4370 1785 4423 ἀν-

1890 1963 2214 2016 volubilibus
2260 1965 2379 2017 vita:
2412 1966 2662 2019 fluctibus
2706 1966 2971 2018 volutatae.
3017 1964 3192 2029 Quare
3233 1964 3288 2016 in
3322 1962 3420 2018 Job

1889 2066 2100 2120 quoque
2126 2054 2403 2107 dicebatur
2431 2073 2444 2107 :
2492 2072 2509 2104 ι
2548 2054 2753 2109 Venisti
2780 2063 2956 2108 autem
2986 2056 3039 2108 in
3080 2054 3278 2108 fontem
3307 2068 3421 2107 ma-

1889 2141 1987 2203 ris,
2013 2149 2065 2195 et
2089 2143 2140 2194 in
2168 2143 2406 2211 vestigiis
2431 2143 2608 2211 abyssi
2640 2145 2943 2198 ambulasti.
2979 2144 3303 2212 Aperiuntur
3326 2158 3422 2194 au-

1888 2236 1993 2281 tem
2021 2231 2117 2283 tibi
2150 2232 2339 2285 timore
2388 2241 2552 2300 portae
2579 2233 2754 2287 inferi.
2819 2232 3036 2285 Ostiarii
3066 2248 3191 2286 vero
3224 2231 3420 2284 inferni

1889 2319 2126 2373 videntes
2153 2327 2205 2373 te
2238 2322 2513 2375 conterriti
2543 2334 2719 2375 sunt.»
2749 2323 3006 2375 Contritis
3036 2335 3265 2389 namque
3290 2320 3418 2372 dra-

1887 2424 2081 2462 conum
2124 2410 2391 2477 capitibus
2431 2412 2637 2465 ostiarii
2686 2412 2879 2465 inferni
2922 2412 3196 2465 conterriti
3244 2419 3415 2466 sunt".

1886 2512 2051 2566 quare
2078 2498 2268 2552 timore
2298 2499 2527 2567 correpti
2552 2506 2731 2567 portas
2761 2501 2947 2554 mortis
2973 2502 3148 2568 capita
3172 2502 3419 2555 inimico-

1886 2600 2002 2637 rum
2026 2600 2246 2638 suorum
2282 2586 2635 2655 confringenti
2666 2588 2995 2655 aperiebant.
3040 2587 3103 2641 Hi
3152 2604 3277 2642 vero
3317 2591 3420 2643 ini-

1886 2676 2011 2728 mici
2052 2675 2262 2729 Domini
2308 2677 2613 2731 universum
2644 2678 2915 2731 hominum
2939 2694 3107 2748 genus
3144 2681 3422 2732 conculca-

1884 2766 2029 2820 bant.
2088 2767 2426 2836 Quapropter
2457 2767 2681 2821 inferius
2709 2767 2903 2820 dicitur
2932 2787 2944 2822 :
2980 2784 2998 2816 ι
3038 2768 3297 2821 Verticem
3331 2784 3423 2821 ca-

1884 2857 1995 2925 pilli
2028 2857 2510 2926 perambulantium
2538 2858 2590 2910 in
2622 2858 2829 2912 delictis
2855 2858 2988 2911 suis.
3024 2876 3042 2907 ι
3076 2855 3274 2909 Horum
3295 2898 3309 2922 ,
3339 2857 3420 2909 in-

1882 2946 2019 3013 quit,
2052 2944 2192 2999 Deus
2225 2945 2399 3013 capita
2428 2944 2747 3013 confringet,
2776 2944 3280 3012 perambulantium,
3320 2942 3417 3005 ait,

1882 3042 1935 3088 et
1967 3034 2287 3087 calcantium
2336 3033 2511 3101 capita
2556 3034 2849 3086 hominum.
2904 3031 3005 3086 Pro
3048 3032 3137 3085 illo
3168 3046 3417 3101 namque,

1890 3141 1907 3173 ι
1936 3125 2188 3177 verticem
2239 3124 2437 3191 capilli,
2482 3141 2501 3173 ›
2539 3121 2909 3191 Symmachus,
2969 3139 2986 3171 ‹
3034 3121 3287 3174 verticem
3330 3134 3420 3174 ca-

1887 3212 2150 3281 pillatum,
2190 3231 2209 3263 ι
2262 3214 2438 3266 vertit.
2481 3210 2674 3264 Vertex
2717 3220 2889 3263 autem
2919 3210 3214 3276 capillatus.
3244 3214 3417 3278 ipsum

1885 3298 2160 3351 hominum
2184 3306 2344 3366 caput
2366 3297 2647 3367 signiﬁcat.
2680 3294 2877 3347 liorum
2907 3296 3085 3363 itaque
3113 3296 3212 3349 sibi
3242 3297 3417 3349 inimi-

1884 3402 2094 3449 corum,
2140 3389 2230 3455 qui
2267 3388 2415 3455 prius
2468 3386 2742 3438 hominum
2785 3384 2957 3452 capita
2997 3384 3241 3437 terebant
3270 3384 3420 3451 pedi-

1885 3478 2092 3546 busque
2120 3479 2233 3532 suis
2266 3478 2564 3540 calcabant,
2596 3477 2769 3543 capita
2800 3475 3097 3544 confringet
3131 3474 3289 3539 Deus,
3325 3475 3417 3544 qui

1884 3569 2061 3621 exitus
2092 3567 2281 3619 mortis
2324 3566 2515 3619 effecit.
2582 3563 2687 3616 Pro
2718 3564 2808 3616 illo
2832 3570 3030 3625 autem,
3073 3583 3091 3613 ι
3126 3565 3177 3616 in
3209 3563 3417 3617 delictis

1884 3656 2017 3715 suis,
2050 3673 2067 3705 ›
2103 3653 2473 3724 Symmachus,
2503 3672 2521 3704 ι
2554 3654 2609 3707 in
2650 3653 2858 3706 delictis
2903 3654 3019 3719 ejus
3054 3670 3071 3702 ι
3101 3652 3417 3719 interpreta-

1884 3752 1972 3797 tus
1995 3750 2097 3805 est,
2122 3743 2308 3796 dicens
2339 3761 2353 3795 ε
2390 3741 2682 3796 (νενιίοειη
2706 3741 3008 3809 capillatum
3037 3741 3332 3794 revolutum
3363 3740 3419 3793 in

1884 3833 2097 3887 delictis
2120 3833 2255 3900 ejus.
2271 3851 2289 3881 ι
2306 3830 2488 3900 Neque
2509 3834 2648 3885 enim
2669 3833 2772 3884 alio
2790 3832 2945 3884 modo
2962 3838 3201 3900 poterant
3217 3830 3419 3884 inimici

1885 3923 1976 3978 Dei
1995 3924 2245 3976 verticem
2264 3923 2592 3991 capillatum,
2615 3922 2665 3976 id
2678 3930 2757 3976 est
2785 3922 3059 3974 hominum
3075 3923 3269 3991 capita,
3291 3935 3421 3974 con-

1884 4014 2117 4078 culcare,
2133 4012 2232 4065 nisi
2251 4011 2481 4080 pr0priis
2494 4011 2703 4065 delictis
2717 4025 2778 4063 ac
2794 4010 3028 4077 peccatis
3039 4009 3274 4076 depressi
3289 4008 3422 4064 fuis-

1888 4110 2026 4155 sent.
2064 4100 2241 4165 Quare
2282 4100 2349 4153 iis
2373 4101 2461 4167 qui
2490 4101 2624 4153 tales
2660 4112 2765 4152 non
2794 4104 2947 4151 erant
2985 4097 3196 4150 dicebat
3228 4096 3422 4150 Serva-

1887 4200 1968 4245 tor
2002 4209 2015 4244 :
2065 4210 2081 4240 ι
2109 4189 2281 4245 Vestri
2313 4197 2489 4244 autem
2513 4190 2691 4257 capilli
2715 4188 2905 4256 capitis
2938 4201 3125 4240 omnes
3152 4188 3419 4241 numerati

1886 4287 2010 4332 sunt
2028 4279 2094 4332 ⁸¹.
2125 4296 2143 4328 ι
2164 4276 2295 4330 Nam
2321 4278 2701 4346 discipulorum
2720 4276 2894 4345 capilli
2917 4275 3112 4342 singuli
3140 4275 3419 4330 nobilioris

1885 4367 2128 4434 corporis
2155 4366 2344 4434 partis,
2391 4373 2449 4419 ut
2475 4365 2766 4420 necessarii
2799 4374 2852 4418 et
2884 4363 2949 4416 ad
2978 4372 3225 4416 ornatum
3252 4362 3418 4418 totius

199 4465 462 4536 θρὼπων
496 4459 764 4527 κεφαλὰς,
801 4461 848 4511 εἰ
881 4459 953 4528 μὴ
990 4458 1107 4519 ταῖς
1148 4457 1370 4520 οἰκείαις
1398 4458 1786 4528 πλημμελείαις

1889 4453 2224 4509 conferentes
2243 4494 2258 4519 ,
2298 4454 2698 4508 enumeratione
2728 4461 2780 4506 et
2804 4450 3045 4504 custodia
3066 4450 3242 4503 divina
3271 4449 3419 4518 digni

197 4557 305 4608 καὶ
336 4552 653 4624 ἁμαρτίαις
685 4549 1087 4602 τεταπείνωντο.
1112 4548 1200 4599 Διδ
1226 4550 1336 4609 τοῖς
1374 4547 1445 4617 μὴ
1483 4548 1735 4609 τοιούτοις
1760 4550 1789 4601 ό

1889 4542 2071 4608 fuere;
2104 4551 2163 4595 ut
2204 4558 2272 4596 ne
2312 4541 2629 4595 raderentur
2652 4539 2908 4593 novacula
2938 4538 3298 4600 inimicorum,
3325 4538 3418 4606 qui

201 4644 376 4713 Σωτὴ
385 4660 418 4712 ρ
456 4640 650 4705 ἔλεγεν
666 4654 678 4666 °
711 4656 728 4686 ι
750 4636 930 4705 ’Υμῶν
957 4635 1013 4687 δὲ
1037 4636 1129 4687 καὶ
1152 4636 1204 4687 αἱ
1229 4636 1408 4706 τρίχες
1429 4636 1523 4705 τῆς
1552 4636 1786 4706 κεφαλῆς

200 4737 396 4787 πᾶσαι
439 4727 822 4800 ἠριθμημέναι
862 4725 1015 4776 εἰσίν.
1048 4743 1066 4775 ι
1104 4724 1220 4777 Τῶν
1253 4725 1360 4794 γὰρ
1393 4726 1567 4778 αὐτῶν
1613 4726 1786 4796 μαθη-

1888 4634 2258 4703 perambulant
2299 4640 2351 4687 et
2377 4632 2697 4686 conculcant
2731 4644 2943 4683 omnem
2970 4630 3222 4682 verticem
3255 4628 3419 4695 capil-

1889 4725 2053 4777 latum
2086 4723 2383 4777 revolutum
2407 4722 2461 4773 in
2484 4720 2693 4774 delictis
2716 4718 2852 4785 ejus.

202 4826 329 4878 τῶν
359 4825 460 4878 καὶ
495 4820 704 4888 ἑκάστη
733 4816 851 4889 θρὶξ
881 4816 972 4868 τοῦ
1000 4816 1320 4885 τιμιωτέρου
1351 4816 1547 4885 μέρους
1573 4817 1664 4869 τοῦ
1692 4816 1965 4887 σώματος,
2006 4816 2079 4876 ὡς
2106 4813 2371 4882 ἀναγκαία
2403 4810 2494 4863 καὶ
2560 4809 2741 4878 κόσμῳ
2803 4806 2893 4859 τοῦ
2952 4807 3147 4869 παντὸς
3181 4804 3418 4875 συμϐαλ-

205 4920 452 4990 λομένη,
486 4912 722 4985 ἀριθμοῦ
767 4910 1091 4979 κατηξίωται
1122 4908 1262 4961 θείου
1289 4910 1379 4960 καὶ
1414 4909 1652 4979 φυλακῆς
1674 4928 1687 4941 ·
1718 4911 1791 4972 ὡς
1827 4907 1889 4961 ἂν
1917 4909 1990 4979 μὴ
2024 4906 2289 4978 ξυρηθῶσι
2313 4904 2390 4974 τῷ
2422 4901 2565 4973 ξυρῷ
2580 4902 2685 4953 τῶν
2728 4898 2933 4968 ἐχθρῶν
2987 4898 3093 4949 τῶν
3119 4900 3419 4970 ἐμπεριπαο

205 5015 466 5068 τούντων
492 5004 947 5062 καταπατούντων
981 5004 1158 5054 πᾶσαν
1180 5000 1419 5069 κορυφὴν
1440 5000 1676 5071 ἔντριχον
1700 5005 1796 5075 τὴν
1832 5001 2300 5073 ἀναστρεφομένην
2329 5000 2385 5052 ὲν
2417 4996 2519 5066 πλη
2529 4993 2802 5066 μμελείαις
2826 4993 3014 5061 αὐτῆς.

298 5146 319 5177 ι
351 5123 497 5179 Εἷπε
555 5119 755 5188 Κύριος
778 5134 790 5147 ·
810 5117 903 5169 Ἐκ
925 5115 1098 5168 Βασὰν
1129 5111 1454 5181 ἐπιστρέψω,
1482 5114 1789 5186 ἐπιστρέψω

216 5219 281 5270 ἐν
324 5215 511 5284 βυθοῖς
542 5208 835 5276 θαλάσσης.
860 5225 880 5256 ι
917 5205 1079 5258 Πάλιν
1124 5199 1393 5256 κάνταῦθα
1437 5218 1454 5249 ι
1483 5203 1509 5252 ό
1536 5204 1737 5273 Κᾶριος
1766 5225 1785 5257 ι

218 5310 285 5362 οὐ
308 5305 403 5357 διὰ
420 5299 845 5370 τετραγράμμου
868 5298 992 5367 παρ’
1015 5293 1273 5365 Ἑϐραίοις
1295 5290 1693 5359 ὲκπεφὼνηται,
1709 5296 1794 5348 διὰ

219 5396 287 5448 δὲ
314 5395 424 5447 τῶν
447 5388 772 5457 κοινοτέρων
807 5385 1087 5453 στοιχείων.
1123 5381 1258 5445 Ἤδη
1313 5378 1368 5429 δὲ
1391 5379 1566 5447 τρίτον
1603 5384 1792 5439 τοῦτον

226 5484 503 5552 ἐδήλωσεν
530 5483 561 5549 ή
585 5473 836 5544 παροῦσα
854 5473 1029 5542 Γραφὴ
1051 5467 1320 5537 ὲφιστῶσα
1347 5466 1431 5518 τὸν
1458 5468 1531 5532 ὡς
1555 5470 1631 5523 ἂν
1655 5474 1794 5527 εἴποι

224 5591 343 5635 τις,
373 5575 621 5639 δεύτερον
651 5562 874 5630 Κύριον.
892 5562 1028 5613 Ἐπεὶ
1054 5562 1143 5614 καὶ
1173 5560 1233 5608 ὲν
1256 5554 1333 5623 τῷ
1364 5559 1623 5622 φάσκοντι
1660 5564 1793 5631 ψαλ-

287 5722 469 5784 ιοιοδ
507 5730 749 5778 mm...
790 5710 867 5775 ιο,
902 5711 976 5765 17.
1046 5705 1301 5760 “Matth.
1336 5722 1386 5771 ι,
1418 5709 1501 5763 30.

1956 5114 2121 5170 Vens.
2154 5115 2241 5167 23.
2290 5132 2307 5164 ι
2342 5111 2487 5166 Dixit
2535 5108 2806 5169 Dominus,
2851 5103 2931 5157 In
2968 5104 3144 5157 Basan
3196 5116 3418 5157 conver.

1890 5216 2018 5272 tam,
2043 5213 2345 5262 convertam
2374 5205 2428 5256 in
2460 5198 2778 5271 profundum
2811 5196 2999 5247 maris.
3028 5212 3048 5245 ι
3088 5192 3184 5245 Hic
3205 5206 3417 5247 rursum

1897 5319 1915 5350 ι
1944 5299 2223 5360 Dominus,
2256 5314 2273 5346 ι
2304 5310 2411 5348 non
2437 5294 2526 5347 illa
2549 5296 2776 5360 quatuor
2804 5284 3115 5337 iitterarum
3130 5297 3259 5336 voce
3282 5282 3419 5350 apud

1894 5390 2144 5445 Hebraeos
2170 5384 2502 5452 exprimitur,
2545 5378 2635 5433 sed
2674 5373 3135 5427 communioribus
3182 5372 3419 5425 elemen-

1895 5480 1981 5534 tis.
2013 5477 2234 5544 Jamque
2264 5472 2418 5525 tertio
2443 5472 2584 5523 hunc
2608 5477 2841 5536 prasens
2874 5462 3144 5528 scriptura
3178 5461 3420 5514 nomina-

1895 5569 1991 5632 vit,
2015 5564 2410 5630 secundumque
2433 5560 2752 5617 Dominum,
2796 5557 2857 5604 ut
2893 5549 3164 5619 quispiam
3204 5548 3424 5613 dixerit,
