3818 6374
421 390 522 445 703

1067 378 1332 436 EUSEBII
1365 372 1834 431 CA‘ISARIENSlS
1869 374 2016 429 OPP.
2054 371 2234 426 PARS
2269 368 2354 423 lll.
2395 397 2459 409 --
2499 365 2931 421 EXEGETICA.

3584 356 3684 410 τοι

419 520 579 576 porro
603 504 720 570 eius
743 498 1044 555 subindicat
1063 510 1183 547 cum
1211 493 1304 554 ait,
1332 490 1653 546 «ascendisti
1688 512 1701 545 :
1729 511 1747 542 ι
1775 508 1927 561 nequi

2177 506 2190 539 ι
2238 486 2293 539 δὲ
2348 483 2508 537 αὐτοῦ
2538 483 2635 554 τὴν
2674 482 2949 541 κάθοδον,
3011 474 3116 528 διὰ
3165 473 3269 576 τοῦ
3312 472 3521 576 φάναι,
3562 475 3685 524 «ἀν.

418 596 560 649 enim
619 601 935 644 ascensurus
993 591 1139 645 erat,
1205 582 1308 635 nisi
1363 581 1513 649 prius
1564 580 1947 636 descendisset.

424 702 442 733 ι
462 682 592 735 Nam
629 679 719 747 qui
746 674 1039 735 descendit,
1068 673 1180 741 ipse
1203 680 1285 725 est
1318 682 1368 726 et
1407 672 1496 740 qui
1524 672 1764 726 ascendit
1792 688 1953 740 super

418 784 603 825 omnes
644 767 830 825 caelos,
866 772 923 816 ut
953 762 1198 829 impleret
1242 762 1423 814 omnia
1454 762 1515 813 ³⁸.
1552 778 1570 811 ι
1612 760 1747 825 Quid
1778 769 1952 815 autem

420 860 545 913 fecit
590 871 709 909 cum
745 852 1113 907 ascendisset?
1166 850 1439 919 Captivam
1472 852 1626 905 duxit
1678 852 1953 920 captivita-

419 959 549 1009 tem,
580 954 633 1000 et
657 945 861 1013 accepit
886 945 1025 997 dona
1049 943 1101 994 in
1128 941 1452 995 hominibus.
1511 940 1680 1006 Quam
1709 956 1833 994 vero
1865 956 1954 994 ca-

416 1039 711 1108 ptivitatem
732 1036 993 1103 captivam
1016 1032 1188 1091 duxit.
1215 1033 1317 1085 nisi
1348 1033 1600 1101 praedicta
1633 1033 1955 1102 spolia,quze

418 1128 612 1182 milites
655 1127 737 1179 sui
772 1125 1068 1179 diviserant
1100 1123 1122 1174 ?
1162 1121 1264 1175 Sed
1315 1124 1475 1175 etiam
1514 1123 1772 1191 largiente
1801 1121 1955 1176 Patre

418 1233 517 1273 suo
545 1217 749 1285 accepit
778 1216 917 1268 dona
948 1215 1001 1267 in
1028 1213 1355 1278 hominibus,
1411 1213 1702 1267 secundum
1730 1214 1956 1281 promis—

419 1306 624 1360 sionem
659 1304 723 1356 ad
763 1304 936 1371 ipsum
983 1301 1177 1354 factam
1225 1302 1309 1354 his
1358 1302 1538 1355 verbis
1571 1321 1583 1354 :
1622 1321 1638 1351 ι
1674 1300 1890 1354 Postula
1925 1317 1953 1353 a

418 1409 523 1459 me,
574 1399 627 1447 ct
670 1392 809 1446 dabo
840 1391 936 1444 tibi
967 1399 1152 1460 gentes
1187 1389 1547 1443 luereditatem
1574 1397 1721 1441 tuam
1750 1400 1801 1441 et
1834 1405 1955 1457 pos—

420 1483 715 1538 sessionem
742 1487 887 1533 tuam
912 1480 1168 1533 terminos
1196 1488 1370 1533 terrae.
1400 1478 1442 1510 ‘9
1477 1496 1496 1528 ι
1526 1477 1773 1546 Acceptis
1802 1494 1830 1530 a
1858 1476 1956 1531 Pa-

418 1582 501 1627 tre
548 1571 852 1641 hujusmodi
902 1571 1057 1624 donis
1095 1588 1113 1620 ι
1145 1571 1199 1623 in
1232 1569 1557 1631 hominibus,
1590 1587 1607 1619 ι
1645 1584 1793 1621 suam
1825 1583 1955 1621 con-

422 1663 601 1718 stituit
642 1660 958 1715 Ecclesiam.
1018 1658 1113 1713 His
1159 1658 1445 1727 subjicitur
1489 1676 1502 1710 :
1557 1675 1575 1707 ι
1613 1657 1818 1711 Etenim
1850 1672 1955 1711 non

422 1753 700 1806 credentes
741 1750 1079 1815 inhabitare;
1118 1769 1137 1801 ι
1184 1748 1325 1817 quod
1351 1748 1551 1802 clarius
1576 1748 1954 1817 interpretatus

2049 578 2212 645 έϐης’
2244 594 2263 627 ι
2299 576 2359 626 οὐ
2391 573 2496 643 γὰρ
2524 572 2587 624 ἂν
2614 571 2793 632 ἄλλως
2832 566 3058 634 ἀνέϐη,
3091 562 3146 613 ει
3187 559 3271 629 μὴ
3303 560 3574 631 πρότερον
3600 578 3688 613 κα-

2046 665 2383 734 ταϐεϐήκει.ι
2407 664 2463 714 '0
2479 663 2582 733 γὰρ
2618 660 2901 721 καταϐὰς,
2934 655 3125 716 αὐτός
3159 655 3292 704 ἐστι
3326 652 3427 702 καὶ
3452 654 3480 702 ό
3501 652 3687 715 ἀναϐὰς

2049 756 2298 825 ὑπεράνω
2327 754 2538 805 πάντων
2558 752 2665 804 τῶν
2693 748 2989 819 οὐρανῶν,
3024 746 3125 798 ἴνα
3164 738 3455 810 πληρώσῃ
3482 740 3551 793 τὰ
3578 745 3693 794 πάνυ

2047 862 2133 898 τα.
2166 865 2183 895 ι
2206 844 2433 906 Ἀναϐὰς
2466 843 2523 895 δὲ
2550 842 2603 894 τί
2635 840 2918 911 ἐπραξεν;
2963 833 3479 908 ’ῌχμαλώτευσεν
3515 834 3695 900 αἰχμαί-

2048 936 2264 998 λωσίαν,
2300 935 2393 986 καὶ
2443 932 2598 984 ἔλαϐε
2644 932 2859 1000 δόματα
2914 930 2979 980 ἐν
3033 924 3412 994 ἀνθρώποις.
3454 922 3620 975 Ποίαν
3645 923 3693 976 δὲ

2050 1010 2417 1095 αἰχμαλωσίαν
2440 1021 2870 1093 ᾐχμαλώτευσεν
2899 1019 2936 1088 ἢ
2966 1018 3045 1070 τά
3078 1014 3493 1087 προλεχθέντα
3521 1014 3694 1075 σκῦλα,

2049 1115 2083 1168 ἃ
2108 1114 2437 1184 διενείμαντο
2466 1115 2514 1165 οἰ
2550 1111 2716 1164 αὐτοῦ
2749 1108 3123 1181 στρατιῶται
3149 1123 3165 1171 ;
3220 1103 3403 1156 ⁹Α).λά
3438 1105 3534 1157 καὶ
3560 1104 3697 1158 ἔλαϐε

2049 1206 2253 1275 δόματα
2280 1208 2336 1257 ὲν
2362 1204 2691 1274 ἀνθρώποις,
2708 1201 2805 1255 τοῦ
2839 1200 3085 1270 Πατρὸς
3110 1196 3286 1267 αὐτῷ
3304 1197 3696 1266 δεδωρημένου,

2050 1297 2168 1350 καθ’
2196 1299 2258 1365 ἢν
2287 1294 2621 1365 ἐπήγγελται
2664 1294 2805 1363 πρὸς
2838 1290 3021 1344 αὐτὸν
3070 1287 3477 1355 ἐπαγγελίαν,
3508 1288 3697 1358 φήσαςί

2056 1400 2075 1434 t
2103 1382 2328 1451 Αἴτησαι
2360 1380 2669 1452 παρ’ἐμοῦ,
2694 1382 2791 1433 καὶ
2816 1379 2987 1432 δώσω
3019 1396 3116 1430 σοι
3157 1376 3305 1447 ἔθνη
3336 1376 3443 1443 τὴν
3473 1377 3702 1446 κληρονο-

2055 1472 2179 1541 μίαν
2206 1488 2294 1524 σου
2315 1472 2406 1524 καὶ
2430 1473 2529 1542 τὴν
2555 1470 2896 1539 κατάσχεσίν
2924 1487 3031 1522 σου
3056 1468 3139 1520 τὰ
3166 1467 3410 1537 πέρατα
3436 1466 3540 1534 τῆς
3562 1468 3693 1537 γῆς.»

2051 1563 2231 1615 Ταῦτα
2251 1563 2305 1615 δὲ
2318 1563 2384 1615 τὰ
2411 1564 2620 1632 δόματα
2642 1582 2659 1613 ‹
2687 1564 2747 1613 ὲν
2769 1560 3118 1631 ἀνθρώποις
3147 1580 3167 1609 ι
3203 1558 3487 1631 παράτοῦ
3512 1560 3699 1631 Πατρὶς

2054 1652 2248 1715 λαϐὼν,
2287 1655 2652 1723 συνεστήσατο
2691 1653 2795 1721 τὴν
2838 1650 3219 1719 Ἐκκλησίαν
3270 1650 3476 1703 αὐτοῦ.
3505 1652 3701 1713 Τούτοις

2054 1742 2174 1811 ἑξῆς
2217 1744 2456 1813 εἴρηται·
2498 1760 2516 1792 ι
2547 1743 2660 1793 Καὶ
2704 1742 2819 1811 γάρ
2848 1740 3265 1803 ἀπειθοῦντες
3307 1740 3413 1793 τοῦ
3446 1759 3703 1811 κατασκη-

424 1840 777 1912 Symmachus
806 1846 907 1902 est,
958 1857 977 1888 ‹
1012 1839 1197 1895 Adhuc
1225 1845 1276 1892 et
1299 1840 1353 1892 in
1380 1853 1483 1892 non
1508 1838 1847 1892 credentibus
1875 1839 1927 1891 in

2194 1849 2248 1882 ,t'
2281 1850 2299 1882 ι
2331 1833 2467 1900 ὅπερ
2496 1831 2837 1901 σαφέστερον
2877 1830 3211 1883 ἀπέδωκεν
3236 1832 3269 1882 ὁ
3308 1830 3615 1900 Σύμμαχος
3642 1834 3702 1882 εξ-

423 1930 685 1983 habitare.
730 1949 750 1980 ι
795 1929 927 1981 Nam
959 1937 1013 1982 et
1045 1926 1198 1989 illud,
1232 1928 1427 1996 inquit,
1482 1942 1510 1979 a
1538 1926 1694 1979 Patre
1729 1928 1952 1995 accepit,

423 2028 482 2073 ut
512 2020 833 2073 inhabitaret
866 2020 921 2071 in
948 2019 1026 2073 eis
1065 2021 1157 2087 qui
1187 2018 1314 2071 olim
1344 2033 1451 2071 non
1492 2016 1863 2079 crediderant,
1904 2027 1957 2070 et

422 2111 605 2180 pietati
630 2110 683 2162 in
710 2109 875 2163 Deum
907 2109 1362 2163 contradixerant.
1417 2107 1547 2159 Nam
1579 2107 1717 2162 hanc
1747 2121 1958 2176 quoque

424 2206 737 2268 potestatem
764 2199 990 2266 accepit,
1020 2205 1079 2251 ut
1106 2197 1161 2250 in
1181 2197 1356 2250 medio
1379 2210 1485 2249 non
1520 2195 1848 2249 credentium
1876 2196 1958 2247 iu-

424 2292 707 2355 habitaret,
753 2298 914 2359 atque
944 2305 1009 2343 ex
1037 2290 1166 2357 ipsis
1196 2304 1305 2342 non
1334 2288 1673 2341 credentibus
1704 2286 1839 2340 dona
1870 2301 1959 2339 ac-

394 2385 641 2453 -ciperet.
671 2380 959 2449 Postquam
988 2388 1164 2435 autem
1196 2391 1273 2434 tot
1298 2389 1556 2449 praecepta
1586 2385 1706 2447 post
1731 2377 1960 2448 prophe—

422 2475 549 2527 tiam
600 2474 722 2527 data
771 2481 915 2535 sunt,
950 2472 1205 2541 deinceps
1250 2471 1483 2540 Spiritus
1531 2478 1771 2531 sanctus,
1803 2470 1958 2538 quasi

422 2563 693 2633 praeclaris
723 2561 1161 2630 mirabilibusque
1195 2561 1358 2629 gestis
1392 2560 1664 2629 operibus,
1693 2566 1771 2611 tot
1792 2559 1958 2612 bono-

422 2668 540 2706 rum
570 2652 809 2720 largitori
838 2650 1105 2704 benedicit
1128 2650 1210 2703 his
1234 2650 1409 2704 verbis
1442 2668 1453 2701 :
1496 2667 1513 2697 ι
1535 2648 1790 2701 Dominus
1822 2645 1959 2700 Deus

422 2741 757 2805 benedictus,
811 2739 1123 2793 benedictus
1169 2738 1426 2792 Dominus
1481 2736 1736 2806 quotidie.
1772 2755 1791 2788 ι
1844 2735 1959 2788 Non

424 2832 562 2885 ultra
609 2830 769 2894 enim,
812 2828 1003 2897 inquit,
1038 2829 1281 2882 homines
1335 2827 1595 2896 malignos
1627 2826 1847 2894 spiritus
1876 2840 1960 2879 er-

424 2935 547 2974 rore
577 2920 723 2972 ducti
748 2921 951 2981 colunt,
984 2918 1077 2972 sed
1110 2918 1336 2987 singulis
1362 2918 1549 2971 diebus
1573 2924 1623 2969 et
1656 2916 1801 2968 horis
1826 2930 1961 2983 pra:-

424 3010 625 3064 dictum
660 3009 942 3061 Dominum
993 3008 1339 3061 benedicuut.
1403 3007 1519 3076 Ipse
1547 3020 1673 3060 vero
1702 3005 1960 3058 Dominus

430 3118 449 3151 ι
478 3114 787 3169 prosperum
819 3099 921 3153 iter
942 3098 1099 3151 faciet
1127 3099 1298 3159 nobis,
1324 3118 1342 3149 ι
1382 3114 1501 3151 cum
1526 3099 1639 3166 ipse
1662 3098 1730 3151 sit
1765 3115 1781 3147 ι
1822 3095 1959 3149 Deus

425 3190 740 3244 salutarium
769 3198 1127 3243 nostronth
1162 3188 1286 3242 Haec
1316 3204 1441 3242 vero
1470 3205 1532 3241 ex
1559 3202 1783 3257 persona
1810 3188 1961 3240 chori

425 3281 785 3349 apostolorum
820 3279 1052 3347 Spiritus
1077 3287 1297 3333 sanctus
1324 3279 1590 3346 loquitur,
1627 3285 1684 3330 ut
1716 3277 1781 3329 ab
1811 3276 1962 3329 initio

426 3370 689 3423 sermonis
721 3369 1132 3423 declaravimus.
1162 3370 1421 3434 Quoniam
1452 3368 1615 3436 igitur
1645 3381 1962 3436 prosperum

426 3460 526 3512 iter
557 3474 586 3512 a
616 3458 722 3514 Deo
752 3460 827 3512 illi
855 3461 1231 3528 precabantur,
1262 3470 1317 3512 ut
1342 3475 1461 3512 eum
1491 3459 1717 3521 adirent,
1751 3458 1824 3511 uti
1850 3457 1961 3525 jam

426 3556 583 3602 antea
616 3549 818 3602 dictum
842 3557 944 3611 est,
985 3550 1287 3605 necessario
1322 3549 1507 3601 dicunt
1540 3566 1554 3600 :
1594 3567 1612 3600 ι
1644 3546 1961 3601 Benedictus

428 3637 682 3690 Dominus
710 3637 967 3705 quotidie,
999 3654 1310 3707 prosperum
1343 3640 1442 3691 iter
1468 3638 1623 3692 faciet
1645 3639 1795 3691 nobis
1822 3636 1961 3692 Deus

429 3726 742 3778 salutarium
774 3736 1097 3780 nostrorum.
1138 3747 1156 3779 ι
1222 3728 1326 3781 Pro
1352 3730 1443 3781 illo
1472 3738 1669 3792 autem,
1709 3747 1726 3779 ι
1761 3730 1962 3783 saluta-

428 3813 567 3867 rium
592 3821 952 3877 nostrorum,»
993 3815 1343 3885 Symmachus
1380 3836 1397 3867 ‹
1424 3816 1715 3871 Salvatoris
1744 3820 1911 3872 nostri
1935 3838 1952 3869 ι

430 3902 806 3971 interpretatus
829 3913 910 3958 est
930 3923 944 3971 ;
977 3920 1072 3973 pro
1092 3920 1199 3973 quo
1219 3921 1431 3959 rursum
1446 3905 1762 3960 chraicum
1783 3924 1961 3962 exem-

430 3991 568 4059 plar,
603 3991 894 4047 Salvatoris
926 3996 1093 4048 nostri
1114 3993 1240 4047 Jesu
1272 4010 1464 4049 nomen
1503 3997 1957 4051 commemoravit.

436 4099 456 4132 ι
479 4081 618 4136 Deus
654 4094 856 4148 noster,
876 4083 1015 4138 Deus
1051 4085 1225 4138 salvos
1254 4083 1503 4147 faciendi,
1535 4094 1587 4139 et
1616 4084 1824 4138 Domini
1856 4085 1961 4139 Do-

430 4172 561 4226 mini
591 4175 766 4227 exitus
789 4174 993 4228 mortis.
1035 4193 1054 4226 ›
1086 4174 1207 4227 Haac
1238 4188 1449 4227 rursum
1478 4189 1544 4226 ex
1573 4188 1801 4242 persona
1836 4190 1961 4243 apo-

430 4263 687 4316 stolorum
732 4263 1037 4332 prophetice
1065 4262 1205 4316 dicta
1236 4272 1380 4317 sunt.
1430 4261 1565 4326 Quia
1595 4263 1736 4316 enim
1766 4262 1831 4317 de
1854 4262 1961 4318 Deo

428 4354 578 4422 prius
605 4355 765 4409 locuti
795 4361 938 4417 sunt,
956 4363 1346 4423 consequenter
1376 4356 1427 4408 in
1458 4355 1705 4425 praesenti
1735 4356 1919 4409 dicunt
1945 4376 1957 4409 :

435 4459 455 4491 ι
490 4442 629 4498 Deus
662 4452 862 4503 noster.
893 4444 1029 4499 Deus
1058 4446 1236 4500 salvos
1266 4446 1514 4511 faciendi,
1543 4454 1595 4501 et
1620 4445 1827 4500 Domini
1858 4446 1961 4501 Do-

428 4532 559 4583 mini
584 4533 758 4586 exitus
787 4535 999 4596 mortis;
1024 4552 1042 4583 )
1076 4534 1188 4588 sive
1215 4534 1506 4587 secundum
1532 4534 1903 4603 Symmachum
1940 4556 1953 4590 :
1989 4511 2032 4564 D

433 4644 452 4675 ι
491 4625 632 4680 Deus
666 4627 839 4689 nobis,
863 4627 1002 4682 Deus
1035 4628 1088 4680 in
1118 4630 1363 4693 salutem,
1396 4636 1449 4683 et
1482 4628 1689 4681 Domini
1712 4629 1955 4683 domina-

428 4718 563 4772 toris
584 4720 758 4772 exitus
788 4720 837 4772 in
865 4729 1107 4773 mortem.
1144 4740 1161 4771 ι
1198 4719 1328 4772 Nam
1360 4735 1480 4774 cum
1513 4720 1599 4773 hic
1627 4720 1774 4775 solus
1817 4720 1956 4777 Deus

429 4810 519 4871 sit,
556 4810 602 4863 is
633 4825 760 4863 sane
793 4812 970 4865 exitus
1014 4812 1212 4865 invenit
1249 4814 1401 4881 queis
1429 4828 1457 4865 a
1485 4820 1655 4867 morte
1686 4814 1952 4868 evaderet.

424 4897 864 4967 Quandoquidem
909 4900 1082 4955 omnis
1114 4901 1274 4955 homo
1305 4903 1368 4955 ad
1410 4902 1707 4973 ingressum
1742 4905 1956 4973 quidem

429 4989 615 5040 mortis
640 4988 897 5057 pervenit,
928 4988 1163 5043 nondum
1196 5000 1373 5045 tamen
1404 4994 1471 5047 ab
1495 5009 1558 5048 eo
1593 4995 1739 5048 exire
1763 4996 1953 5062 potuit.

430 5074 684 5132 Dominus
724 5088 901 5133 autem
934 5079 1021 5133 hic
1049 5090 1392 5147 memoratus,
1423 5086 1510 5152 qui
1537 5084 1645 5152 jam
1668 5086 1959 5138 communi-

431 5162 532 5218 bus
560 5166 833 5222 elementis
863 5169 916 5220 in
945 5168 1204 5223 Hebraico
1234 5171 1369 5225 libro
1397 5174 1667 5236 scribitur,
1698 5188 1819 5226 cum
1865 5189 1958 5227 ex-

436 5251 540 5307 itus
568 5269 597 5306 a
622 5266 791 5311 morte
818 5258 1103 5326 aperuerit,
1124 5258 1263 5315 Deus
1287 5263 1443 5316 saluti
1466 5264 1800 5332 cognominis
1831 5264 1959 5316 etre-

436 5344 552 5392 ctus
580 5348 677 5393 est.
720 5342 1071 5407 Quamobrem
1099 5346 1292 5402 dicitur
1319 5368 1332 5404 :
1373 5369 1391 5401 ‹
1424 5352 1560 5406 Deus
1586 5359 1787 5414 noster,
1818 5349 1957 5405 Deus

439 5424 613 5479 salvos
647 5428 893 5483 faciendi.
932 5451 951 5483 ι
991 5433 1167 5498 Quare
1212 5439 1299 5493 hic
1332 5440 1445 5508 ipse
1490 5440 1625 5495 Jobo
1656 5440 1957 5498 vaticinans

440 5511 685 5568 dicebat:
722 5536 739 5567 ι
770 5517 977 5575 Venisti
1015 5532 1189 5579 autem
1237 5529 1290 5582 in
1325 5530 1521 5586 fontem
1574 5532 1759 5599 maris,
1793 5544 1847 5588 et
1902 5534 1956 5587 in

516 5687 559 5717 ³³
585 5686 755 5753 Ephes
805 5709 873 5757 tv,
918 5697 997 5749 1-0.
1076 5701 1117 5732 ⁸³
1142 5700 1281 5757 Psal.
1320 5723 1378 5771 ιι,
1412 5711 1462 5762 8.

2054 1921 2199 1974 πὼν’
2233 1923 2383 1975 (Ἔτι
2424 1924 2519 1974 καὶ
2565 1924 2623 1974 ὲν
2672 1921 2984 1974 ἀπειθοῦσι
3037 1921 3539 1992 κατασκηνῶσαι.
3568 1942 3585 1974 ι
3613 1926 3702 1976 Καὶ

2052 2016 2206 2068 τοῦτο
2238 2016 2363 2085 γὰρ,
2398 2016 2551 2085 φησι,
2583 2014 2737 2085 παρά
2763 2014 2862 2067 τοῦ
2900 2015 3156 2086 Πατρὸς
3195 2015 3404 2078 ἔλαϐε,
3449 2015 3511 2068 τὸ
3558 2034 3701 2068 κατα-

2056 2107 2325 2177 σκηνῶσαι
2350 2109 2405 2159 ἐν
2429 2110 2540 2169 τοῖς
2571 2107 2742 2159 πάλαι
2769 2106 3100 2160 ἀπειθοῦσι
3131 2107 3242 2161 καὶ
3282 2106 3699 2180 ἀντιλέγουσιτῇ

2054 2201 2145 2254 τοῦ
2171 2200 2302 2253 Θεοῦ
2331 2200 2599 2270 εὐσεϐείᾳ.
2630 2201 2744 2252 Καὶ
2777 2199 3007 2269 ταύτην
3038 2201 3167 2271 γὰρ
3210 2200 3425 2271 εἴληφε
3459 2202 3558 2270 τὴν
3586 2201 3702 2263 ἐξον-

2057 2292 2195 2354 σίαν,
2225 2290 2361 2342 ὥστε
2395 2293 2451 2342 ὲν
2487 2289 2638 2361 μέσῳ
2678 2290 2790 2342 τῶν
2838 2290 3273 2343 ἀπειθούντων
3311 2290 3699 2361 κατασκηνοῦν,

2055 2384 2113 2446 ἐξ
2145 2382 2317 2435 αὐτῶν
2362 2397 2419 2433 τε
2465 2380 2573 2433 τῶν
2620 2380 3021 2433 ἀπειθούντων
3056 2381 3402 2453 λαμϐάνειν
3433 2382 3608 2451 ἐαυτῷ
3631 2383 3679 2433 66

2060 2489 2217 2542 ματα.
2249 2469 2524 2522 Τοσούτων
2576 2469 2640 2539 δὴ
2699 2470 3084 2539 μαθημάτων
3147 2472 3595 2543 παραδοθέντων
3632 2472 3703 2525 διὰ

2054 2563 2151 2631 τῆς
2174 2560 2524 2631 προφητείας,
2548 2560 2675 2629 ἑξῆς
2698 2560 2760 2613 τὸ
2784 2560 3043 2631 Πνεῦμα
3072 2562 3146 2615 τὸ
3177 2564 3377 2631 ἅγιον,
3406 2564 3485 2626 ὡς
3512 2565 3600 2616 ἐπὶ
3626 2582 3703 2633 με-

2056 2651 2235 2719 γάλοις
2268 2651 2359 2703 καὶ
2388 2649 2714 2720 παραδόξοις
2748 2652 3256 2723 κατορθώμασιν,
3284 2654 3513 2723 εὐλογεί
3534 2656 3616 2707 τὸν
3637 2672 3704 2705 τοι

2058 2742 2254 2794 σούτων
2284 2741 2502 2809 ἀγαθῶν
2530 2742 2736 2811 δοτῆρα
2770 2742 3002 2808 φάσκον
3031 2761 3046 2773 °
3091 2762 3113 2795 ι
3146 2745 3379 2816 Κύριος
3417 2748 3447 2799 ό
3481 2746 3606 2808 Θεὸς
3630 2746 3703 2796 εὐ-

2055 2832 2294 2901 λογητὸς,
2340 2832 2629 2901 εὐλογητὸς
2672 2832 2892 2904 Κύριος
2943 2836 3200 2908 ἡμέραν
3252 2838 3387 2891 καθ’
3435 2838 3696 2910 ἡμέραν.)

2058 2922 2247 2974 Οὐκέτι
2280 2922 2405 2992 γὰρ,
2440 2924 2625 2992 φησὶν,
2664 2924 2961 2995 ἄνθρωποι
2996 2927 3303 2999 δαίμονας
3336 2933 3608 3001 πονηροὺς

2058 3011 2406 3080 πλανημένως
2431 3012 2771 3078 δοξάζουσιν,
2800 3015 2929 3067 ἀλλ’
2961 3018 3063 3087 ἐφ’
3085 3021 3365 3093 ἑκάστης
3395 3024 3603 3095 ἡμέρας
3626 3024 3702 3075 καὶ

2059 3099 2175 3152 καθ’
2202 3100 2432 3171 ἑκάστην
2472 3101 2621 3171 ὥραν
2672 3105 2767 3156 τὸν
2817 3107 3297 3177 προδηλωοέντα
3333 3114 3543 3183 Κύριον
3569 3113 3699 3164 εὐλο-

2058 3189 2332 3257 γοῦσιν.’0
2357 3191 2412 3243 δὲ
2447 3193 2610 3257 αὐτὸς
2635 3196 2848 3267 Κύριος
2885 3215 2904 3247 ι
2941 3202 3366 3255 κατευοδώσει
3395 3206 3549 3273 ἡμῖν,
3573 3223 3589 3253 ι
3620 3205 3701 3255 aﬂ-

2060 3281 2148 3343 τὸς
2174 3280 2247 3333 ῶν
2275 3300 2291 3331 ι
2319 3282 2495 3344 όΘεὸς
2515 3283 2622 3336 τῶν
2650 3287 2951 3356 σωτηριῶν
2984 3291 3197 3361 ἡμῶν.
3226 3313 3246 3344 ι
3270 3296 3452 3363 Λέγει
3472 3296 3527 3347 δὲ
3555 3294 3701 3347 ταῦτα

2058 3371 2117 3422 τὸ
2143 3371 2362 3441 Πνεῦμα
2394 3373 2454 3424 τὸ
2486 3373 2640 3440 ἅγιον
2666 3375 2731 3426 ἐκ
2758 3377 3083 3445 προσώπου
3120 3382 3232 3435 τοῦ
3260 3386 3440 3455 χοροῦ
3464 3385 3571 3437 τῶν
3592 3386 3701 3437 ἁπο-

2061 3461 2275 3525 στόλων,
2322 3464 2510 3533 ὥσπερ
2542 3460 2639 3517 οῦν
2699 3468 2793 3518 καὶ
2828 3468 3296 3538 ἀρχόμενοιτωῖ
3356 3476 3520 3545 λόγου
3586 3493 3701 3545 παρ-

2058 3554 2381 3623 εστήσαμεν.
2435 3555 2587 3608 Ἐπεὶ
2630 3558 2815 3610 τοίνυν
2860 3564 2971 3631 τῆς
3010 3567 3081 3618 ὲκ
3099 3568 3215 3620 τοῦ
3236 3569 3387 3622 Θεοῦ
3422 3567 3700 3623 κατευοδὼ-

2061 3659 2193 3705 σεως
2222 3644 2425 3697 ἐδέοντο
2454 3641 2621 3711 οὗτοι,
2651 3650 2734 3711 είς
2772 3650 2835 3702 τὸ
2866 3652 3233 3727 ὁδοποιῆσαι
3270 3660 3457 3731 αὐτῷ,
3492 3663 3627 3714 κατὰ
3648 3662 3701 3711 τὰ

2058 3732 2359 3803 ἔμπροσθεν
2383 3736 2664 3805 εἰρημένα,
2704 3740 3043 3808 ἀναγκαίως
3098 3750 3317 3814 φασίν·
3363 3770 3383 3801 ‹
3415 3749 3700 3819 Εὐλογητὸς

2058 3824 2256 3893 Κύριος
2310 3826 2520 3896 ἡμέραν
2571 3826 2695 3880 καθ’
2732 3831 3001 3901 ἡμέραν,
3056 3841 3468 3894 κατευοδώσει
3516 3846 3638 3912 ἡμῖν
3680 3842 3701 3890 ὁ

2056 3914 2183 3977 Θεὸς
2225 3916 2331 3967 τῶν
2375 3919 2655 3988 σωτηριῶν
2694 3920 2881 3990 ἡμῶν.
2915 3943 2935 3975 ι
2961 3927 3127 3981 Ἀντὶ
3158 3932 3223 3984 δὲ
3263 3934 3395 3996 τοῦ,
3430 3954 3450 3985 ε
3478 3934 3585 3986 τῶν
3614 3950 3700 3984 σω-

2056 4004 2253 4074 τηριῶν
2281 4004 2457 4074 ἡμῶν,
2492 4025 2511 4057 ι
2541 4009 2569 4059 ό
2598 4008 2931 4079 Σύμμαχος,
2978 4032 2998 4064 ί
3029 4018 3137 4069 τοῦ
3172 4021 3461 4092 Σωτῆρος
3488 4021 3654 4093 ἡμῶν,
3682 4040 3697 4070 ι

2056 4095 2428 4163 ἡρμήνευσεν·
2463 4097 2581 4151 ἀνθ’
2609 4093 2671 4152 οὗ
2701 4100 2763 4151 τὸ
2811 4102 3131 4174 Ἐϐραῖκὸν
3171 4112 3355 4171 πάλιν
3392 4114 3491 4167 τοῦ
3527 4112 3703 4179 ὀνόμα-

2056 4182 2272 4272 τοςτοῦ
2307 4185 2558 4257 Σωτῆρος
2604 4188 2765 4257 ἡμῶν
2805 4191 2996 4262 Ἰησοῦ
3060 4200 3396 4272 μέμνηται.
3442 4224 3460 4255 ι
3489 4203 3547 4255 Ὀ
3590 4201 3702 4263 Θεὸς

2059 4271 2303 4363 ἡμῶν,-ό
2332 4273 2462 4337 Θεὸς
2510 4275 2608 4327 τοῦ
2644 4276 2867 4345 σώζειν,
2902 4285 3007 4337 καὶ
3047 4289 3154 4341 τοῦ
3222 4271 3455 4363 Κυρίου
3514 4291 3699 4361 Κυρίου

2061 4363 2115 4414 at
2156 4361 2373 4426 διέξοδοι
2415 4365 2508 4417 τοῦ
2556 4366 2817 4427 θανάτου.
2856 4394 2874 4425 ι
2921 4376 3112 4432 Πάλιν
3159 4384 3234 4435 ἐκ
3275 4361 3582 4454 προσώπου
3608 4383 3701 4435 τῶν

2063 4452 2367 4504 ἀποστόλων
2388 4458 2747 4525 προφητικῶς
2766 4463 2865 4514 καὶ
2892 4464 3081 4519 ταῦτα
3109 4452 3415 4524 λέλεκται.
3438 4475 3497 4525 Ἐ
3507 4475 3592 4525 πε).
3608 4470 3701 4538 γὰρ

2060 4541 2413 4612 ὲθεολόγησαν
2455 4544 2544 4597 διά
2583 4547 2697 4600 τῶν
2735 4549 3092 4622 ἔμπροσθεν,
3133 4560 3480 4625 ἀκολούθως
3511 4563 3602 4615 καὶ
3625 4561 3700 4612 διὰ

2058 4631 2165 4682 τῶν
2210 4632 2345 4701 μετὰ
2383 4636 2571 4705 χεῖράς
2599 4656 2767 4706 φασιν
2786 4658 2801 4671 ⁸
2844 4660 2864 4691 ‹
2890 4643 2951 4695 '0
2987 4645 3133 4711 Θεὸς
3163 4651 3197 4719 ἡ
3208 4651 3365 4719 μῶν,
3401 4656 3432 4705 ό
3462 4654 3596 4714 Θεὸς
3619 4650 3699 4701 τοῦ

2062 4721 2270 4786 σώζειν,
2304 4726 2398 4777 καὶ
2423 4727 2517 4778 τοῦ
2547 4730 2760 4799 Κυρίου
2797 4734 3021 4804 Κυρίου
3057 4742 3116 4792 αἱ
3153 4742 3404 4808 διέξοδοι
3432 4744 3532 4797 τοῦ
3563 4743 3702 4796 θανά-

2060 4827 2180 4862 τουο
2208 4830 2225 4860 ι
2312 4814 2452 4867 κατά
2484 4816 2578 4868 τὸν
2608 4819 2919 4892 Σύμμαχον
2942 4840 2957 4853 ⁸
3002 4845 3023 4878 ι
3048 4829 3112 4883 '0
3138 4832 3283 4896 Θεὸς
3309 4837 3453 4905 ἡμῖν
3478 4836 3609 4897 Θεὸς
3631 4836 3699 4894 εἰς

2065 4902 2355 4970 σωτηρίαν,
2390 4906 2607 4962 καὶτοῦ
2634 4914 2845 4984 Κυρίου
2885 4918 2987 4970 τοῦ
3024 4921 3311 4976 δεσπότου
3334 4902 3411 4977 ἀί
3448 4928 3531 4989 είς
3552 4924 3699 4977 θάνα-

2060 5008 2150 5043 τον
2181 4990 2368 5055 ἔξοδοι.
2402 5014 2421 5045 ι
2456 4996 2635 5066 Μόνος
2671 5004 2781 5077 γὰρ
2830 5002 2993 5073 οὗτος
3039 5012 3181 5077 Θεὸς
3229 5014 3316 5069 ὢν
3366 5016 3467 5070 τοῦ
3515 5015 3697 5077 σώζειν

2061 5081 2270 5181 ἐξόδους
2290 5086 2484 5181 εὕρετο
2503 5093 2599 5146 τοῦ
2624 5096 2882 5153 θανάτου.
2901 5102 3135 5175 Ἐπειδὴ
3164 5107 3283 5170 πᾶς
3306 5108 3412 5160 ἀνθ
3421 5123 3605 5181 ρωπος
3624 5106 3695 5164 εἰς

2066 5173 2161 5242 μὲν
2194 5176 2294 5246 τὴν
2325 5178 2533 5236 εἴσοδον
2567 5188 2667 5242 τοῦ
2703 5190 2933 5246 θανάτου
2970 5173 3241 5262 ἔφθασεν,
3276 5173 3474 5251 οὐκέτι
3518 5198 3575 5250 δὲ
3609 5197 3693 5248 καὶ

2060 5265 2348 5358 διεξελθεῖν
2396 5276 2566 5332 αὐτὸν
2618 5284 3001 5355 δεδύνηται.’0
3033 5286 3090 5338 δὲ
3120 5288 3210 5339 διά
3257 5289 3380 5340 τῶν
3410 5288 3690 5358 παρόντων

2059 5354 2217 5424 δηλού
2227 5375 2391 5426 μενος
2412 5366 2657 5441 Κύριος,
2683 5378 2780 5431 καὶ
2812 5376 2904 5431 νῦν
2927 5374 3016 5427 διὰ
3036 5376 3149 5427 τῶν
3180 5378 3392 5430 κοινῶν
3414 5375 3686 5444 στοιχείων

2061 5445 2118 5496 ἐν
2149 5449 2530 5545 τῇ,Ἐξραῖκῇ
2561 5466 2736 5542 βίϐλῳ
2754 5468 3115 5545 γραφόμενος,
3142 5466 3429 5530 διεξόδους
3463 5464 3680 5534 ποιησά-

2066 5552 2221 5604 μενος
2249 5540 2349 5594 τοῦ
2387 5546 2664 5628 θανάτου,
2690 5540 2878 5634 γέγονε
2908 5555 3036 5618 Θεὸς
3066 5554 3368 5625 ἐπώνυμος
3391 5552 3674 5623 σωτηρίαςι
