3818 6368
95 403 170 457 Wo

1352 369 1845 426 COMMENTARIA
1879 374 1953 428 ΙΝ
1991 374 2323 433 Ρελωίοε.

3318 393 3415 449 706

203 453 599 565 ᾤμωξας
618 488 655 565 ,⁸
672 474 754 565 :0
812 481 951 544 Θεὸς
998 484 1170 553 ἡμῶν,
1197 486 1225 537 6
1253 485 1381 549 Θεὸς
1411 486 1501 539 τοῦ
1533 486 1738 550 σώζειν.
1765 508 1774 541 ι

1886 492 2128 562 vestigiis
2178 492 2357 562 abyssi
2404 492 2710 549 ambulasti.
2759 494 3085 565 Aperiuntur
3120 511 3293 557 autem
3320 505 3414 560 tibi

158 550 387 645 ζιζάίῴ
430 553 518 645 ’ἳῷ
564 558 698 612 ’ίὼδ
750 568 784 618 ὁ
819 570 983 634 αὐτὸς
1017 550 1167 636 ὄῦτος
1199 575 1542 645 χρηματίζων
1570 575 1788 644 ἔλεγεν

179 643 424 721 ﬁbra“
450 642 514 699 δὲ
546 649 649 704 ἐπὶ
679 662 883 729 πηγὴν
918 662 1210 733 θαλάσσης·
1235 642 1299 717 ἑν
1311 642 1373 717 ’δὲ
1404 666 1600 733 ἴχνεσιν
1627 642 1789 719 ἀϐύσ-

208 769 284 802 αω
339 740 798 814 περιεπάτησας.
820 751 1148 818 Ἀνοίγονται
1196 753 1253 805 δέ
1302 771 1382 807 σοι
1430 755 1575 825 φόϐῳ
1627 757 1787 810 πύλαι

217 835 466 889 θανάτου.
524 832 791 906 Πυλωροὶ
840 840 899 891 δὲ
952 841 1075 911 ᾇδου
1131 843 1324 905 ἰδόντες
1376 861 1433 896 σε
1476 845 1724 915 ἔπτηξαν.
1761 866 1781 897 ι

224 922 523 996 Διαρρήδην
554 925 652 978 καὶ
682 926 741 979 ὲν
769 929 998 993 ἐκείνοις
1025 932 1119 1001 τὴν
1155 934 1232 995 είς
1260 933 1347 986 τὸν
1375 934 1597 987 θάνατον
1626 936 1783 989 αὑτοῦ

216 1015 446 1069 κάθοδον
493 1016 589 1068 κιύ⁵
634 1017 735 1086 τὴν
791 1020 1001 1073 ἐκεῖθεν
1047 1020 1273 1084 διέξοδον
1297 1025 1578 1093 παριστὰς,
1604 1025 1785 1095 ὥσπερ

215 1102 309 1159 οὖν
338 1105 435 1157 καὶ
470 1108 528 1157 ἑν
557 1109 669 1167 τοῖς
693 1110 1092 1178 προκειμένοις,
1121 1109 1199 1173 οἷς
1237 1111 1535 1175 ἀκολούθως
1563 1115 1658 1183 τὴν
1681 1115 1784 1167 τῶν

208 1192 430 1262 ἐχθρῶν
478 1193 650 1246 αὐτοῦ
695 1196 982 1266 συντριΰὴν
1014 1197 1248 1249 διδάσκει
1288 1199 1487 1266 λέγων’
1535 1218 1553 1249 ι
1585 1202 1727 1271 Πλὴν
1757 1204 1783 1253 6

205 1283 345 1345 θεὸς
383 1282 679 1335 συνθλάσει
716 1285 958 1353 κεφαλὰς
987 1286 1192 1355 ἐχθρῶν
1232 1286 1411 1338 αὑτοῦ.
1443 1306 1460 1337 ›
1495 1289 1600 1339 Καὶ
1633 1289 1783 1340 τοῦτο

200 1372 261 1425 δὲ
296 1374 526 1442 νοήσεις
574 1374 841 1444 παραθεὶς
871 1377 967 1445 τὴν
998 1380 1053 1428 ἑν
1076 1377 1241 1447 ἑτέρῳ
1271 1379 1525 1445 λέγουσαν
1569 1380 1747 1448 φωνήν
1766 1398 1778 1411 ·

201 1480 221 1510 ι
252 1462 333 1513 Σὺ
369 1463 768 1532 ἑκραταίωσας
797 1467 861 1534 τῇ
888 1464 1107 1534 δυνάμει
1148 1483 1238 1518 σου
1270 1467 1364 1536 τὴν
1393 1467 1677 1529 θάλασσαν,
1719 1470 1781 1522 σὺ

194 1553 554 1621 συνέτριψας
572 1555 673 1615 τὰς
700 1556 939 1621 κεφαλὰς
968 1556 1072 1608 τῶν
1098 1558 1397 1627 δρακόντων
1423 1560 1513 1610 ἐπὶ
1539 1559 1630 1611 τοῦ
1662 1560 1783 1612 ὓδα-

187 1660 310 1705 τος.
340 1644 417 1696 Σὺ
461 1644 801 1707 συνέθλασας
825 1645 921 1715 τὴν
951 1647 1183 1716 κεφαλὴν
1205 1648 1295 1700 τοῦ
1324 1649 1625 1717 δράκοντος.
1651 1670 1667 1699 ›
1687 1650 1783 1703 Διά

187 1732 309 1802 γὰρ
337 1732 677 1786 τούτωνκαὶ
713 1737 763 1785 0i
783 1734 961 1803 εέχθρο)⁸
990 1734 1080 1786 τοῦ
1114 1736 1243 1788 Θεοῦ
1273 1736 1627 1806 ἑδηλὼθησαν,
1658 1738 1781 1809 περὶ

1885 580 2073 633 timore
2108 588 2273 649 porta:
2316 579 2499 634 inferi.
2553 580 2769 635 Ostiarii
2798 599 2924 638 vero
2954 587 3148 651 inferni
3176 590 3415 647 videntes

1885 676 1937 722 te
1976 671 2251 725 conterriti
2296 678 2423 724 sunt
2462 671 2528 723 ⁸⁸.
2567 690 2585 723 ι
2626 671 2833 727 Diserte
2865 676 2919 727 in
2949 676 3058 731 illis
3086 694 3297 748 quoque
3321 682 3415 736 de-

1884 774 2130 815 scensum
2165 762 2282 830 ejus
2306 761 2357 813 in
2387 770 2611 815 mortem
2647 771 2701 817 et
2738 765 2937 818 exitum
2968 767 3092 821 inde
3113 769 3411 836 declarans,

1883 854 2325 921 quemadmodum
2355 861 2407 906 et
2438 854 2491 907 in
2525 857 2895 924 prmsentibus,
2923 868 3104 927 postea
3134 876 3261 916 vero
3285 872 3415 918 con—

1882 950 2165 1009 sequenter
2213 943 2549 996 inimicorum
2581 960 2799 998 suorum
2847 949 3218 1004 contritionem
3258 952 3413 1006 docet

1882 1033 1966 1085 his
1992 1030 2168 1086 verbis
2200 1051 2213 1085 :
2251 1052 2268 1082 ι
2302 1031 2680 1087 Verumtamen
2728 1036 2867 1091 Deus
2898 1038 3195 1109 confringet
3235 1041 3412 1109 capita

1880 1121 2219 1173 inimicorum
2245 1136 2485 1176 suorum.
2526 1141 2544 1171 ι
2607 1122 2728 1178 Haec
2750 1141 2907 1193 porro
2939 1126 3219 1198 intelliges,
3246 1128 3293 1182 si
3319 1141 3413 1183 vo-

1879 1224 1992 1262 cem
2023 1212 2128 1263 alio
2155 1211 2207 1262 in
2243 1212 2448 1278 psalmo
2476 1214 2701 1280 positam
2724 1214 2845 1268 huic
2873 1231 3167 1285 compares,
3187 1233 3406 1286 nempe:

1885 1320 1903 1349 ι
1934 1298 2011 1352 Tu
2040 1300 2368 1354 conﬁrmasti
2396 1302 2591 1355 virtute
2612 1313 2702 1356 tua
2724 1319 2888 1367 mare,
2919 1315 2973 1358 tu
2998 1309 3293 1362 contrivisti
3322 1322 3412 1362 ca-

1878 1390 1987 1457 pita
2009 1388 2299 1441 draconum
2331 1390 2386 1442 in
2420 1404 2576 1458 aqua.
2609 1389 2687 1443 Tu
2714 1393 3022 1462 confregisti
3049 1404 3207 1463 caput
3228 1396 3413 1449 draco-

1879 1483 1984 1535 nis.
2024 1500 2042 1531 »
2079 1480 2173 1535 His
2200 1482 2343 1535 enim
2374 1483 2574 1535 inimici
2627 1483 2715 1537 Dei
2744 1485 3101 1547 declarantur,
3130 1485 3195 1538 de
3216 1485 3410 1553 quibus

1879 1572 1965 1624 hic
1986 1571 2187 1623 dictum
2222 1578 2304 1625 est
2330 1588 2342 1623 :
2380 1589 2397 1621 ι
2429 1570 2803 1627 Verumtamen
2836 1573 2975 1627 Deus
2996 1574 3293 1641 confringet
3320 1589 3408 1627 ca-

1876 1660 1986 1728 pita
2018 1660 2356 1714 inimicorum
2382 1675 2619 1714 suorum.
2660 1681 2679 1714 ι
2738 1662 2901 1715 Erant
2927 1671 3101 1717 autem
3127 1664 3201 1715 illi
3227 1664 3411 1716 draco-

1878 1765 1974 1804 nes
2004 1750 2057 1802 in
2086 1754 2219 1806 mari
2251 1762 2303 1807 et
2329 1755 2381 1807 in
2406 1755 2621 1809 humida
2653 1755 2948 1809 substantia
2986 1764 3195 1819 nantes,
3224 1756 3409 1809 videli-

182 1813 266 1871 ὧν
297 1821 561 1874 ἐνταῦθα
583 1822 863 1872 λέλεκται·
892 1840 909 1870 ‹
938 1822 1082 1892 Πλὴν
1108 1824 1136 1874 6
1166 1824 1294 1887 Θεὸς
1321 1826 1597 1878 συνθλάσει
1618 1844 1774 1895 κειρα-

1877 1848 1961 1892 cet
1989 1841 2307 1895 adversaria:
2349 1853 2640 1912 potestates
2684 1845 2773 1899 Dei
2808 1846 3054 1908 inimicae,
3085 1846 3139 1898 in
3170 1846 3327 1899 salsis
3356 1852 3409 1899 et

179 1910 292 1972 λάς
339 1910 573 1979 ἐχθρῶν
620 1910 805 1962 αὑτοῦ.
839 1906 1041 1962 »Ἦσαν
1075 1912 1129 1963 δὲ
1161 1908 1301 1965 οὗτοι
1342 1915 1625 1984 δράκοντες
1650 1919 1695 1968 οί
1725 1918 1780 1969 ἑν

182 1998 459 2066 θαλάσσῃ
514 1997 615 2048 καὶ
662 1997 753 2049 ἐπὶ
783 1998 952 2066 ὑγρᾶς
980 1998 1163 2060 οὐσίας
1208 2001 1504 2071 νηχόμενοι,
1534 2003 1780 2071 δυνάμεις

175 2087 406 2157 δηλαδὴ
442 2087 831 2155 ἀντικείμεναι
868 2088 1056 2157 ἑχθραὶ
1090 2089 1180 2141 τοῦ
1206 2090 1358 2153 Θεοῦ,
1387 2094 1495 2153 τοῖς
1524 2093 1778 2162 ἁλμυροῖς

177 2178 286 2229 καὶ
351 2179 623 2247 ρευστοῖς
690 2176 781 2227 τοῦ
833 2176 947 2244 βίου
1007 2178 1237 2248 κύμασιν
1291 2179 1775 2250 ἑγκαλινδούμεναι.

179 2268 364 2321 Ὅθεν
400 2269 503 2320 καὶ
536 2270 594 2319 ἑν
625 2266 702 2336 τῷ
744 2266 862 2318 Ἰὼὸ
892 2266 1131 2334 ἑλέγετοσ
1159 2266 1383 2332 «Ἦλθες
1408 2272 1461 2323 δὲ
1482 2272 1571 2323 ἐπὶ
1601 2272 1778 2341 πηγὴν

178 2357 534 2428 θαλάσσης,
590 2360 649 2410 ἑν
700 2357 757 2409 δὲ
807 2358 1003 2427 ἴχνεσιν
1061 2358 1291 2412 ἀϐύσσου
1359 2361 1772 2430 περιεπάτησας.

192 2450 565 2515 Ἀνοίγονται
594 2446 653 2499 δέ
685 2464 767 2499 σοι
801 2446 949 2515 φόϐῳ
987 2448 1149 2499 πύλαι
1180 2448 1423 2501 θανάτου.
1452 2450 1693 2519 Πυλωροὶ
1720 2451 1774 2501 δὲ

176 2538 343 2608 ᾅδου,
375 2538 597 2599 ίδόντες
631 2554 712 2597 σε,
745 2536 1000 2605 ἔπτηξαν.
1034 2556 1051 2587 ι
1083 2538 1512 2607 Συπριῦομένων
1539 2539 1645 2608 γὰρ
1668 2539 1774 2591 τῶν

179 2626 459 2694 κεφαλῶν
508 2627 622 2679 τῶν
666 2625 991 2695 δρακόντων,
1026 2625 1286 2695 ἔπτησσον
1327 2629 1373 2678 οἱ
1421 2628 1653 2697 πυλωροὶ
1681 2628 1773 2681 τοῦ

177 2716 321 2786 ᾅδου
341 2737 355 2747 ·
394 2716 483 2768 διὸ
526 2716 623 2767 καί
669 2714 818 2783 φόϐῳ
850 2714 945 2776 τὰς
976 2713 1145 2776 πύλας
1177 2716 1386 2783 ἤνοιγον
1426 2715 1517 2767 τοῦ
1551 2716 1771 2769 θανάτου

178 2806 264 2875 τῷ
303 2808 415 2868 τὰς
448 2805 703 2872 κεφαλὰς
732 2803 838 2855 τῶν
864 2802 1068 2872 ἐχθρῶν
1098 2802 1257 2856 αὑτοῦ
1288 2804 1593 2857 συνθλῶντι.
1618 2798 1771 2859 Οὗτοι

176 2897 238 2949 δὲ
266 2900 320 2949 οἱ
366 2896 571 2967 ἐχθροὶ
610 2893 706 2946 τοῦ
744 2894 947 2963 Κυρίου
971 2894 1029 2944 τὸ
1060 2893 1266 2946 πάντων
1300 2894 1592 2965 ἀνθρώπων
1646 2913 1773 2948 κατ-

179 2990 440 3041 επάτουν
490 2986 677 3052 γένος.
718 2985 807 3036 Διὸ
826 2984 1065 3038 λέλεκται
1088 2986 1208 3054 ἑξῆς
1227 3003 1239 3015 ⁸
1270 3006 1287 3036 ι
1320 2987 1568 3057 Κορυφὴν
1594 2989 1771 3057 τριχὸς

177 3078 686 3151 διαπορευομένων
733 3078 790 3129 ὲν
831 3076 1219 3146 πλημμελείαις
1258 3078 1451 3132 αὐτῶν.
1492 3099 1510 3131 ι
1562 3081 1769 3133 Τούτων

179 3168 297 3238 γὰρ
428 3144 573 3229 Θεὸς
610 3165 892 3218 συνθλάσει
1061 3167 1312 3234 κεφαλὰς,
1345 3170 1492 3237 φησι,
1526 3170 1630 3222 τῶν
1662 3171 1772 3223 δια·
1797 3144 1839 3204 C

179 3258 597 3327 πορευομένων
645 3255 743 3316 τὰς
768 3256 873 3307 τῶν
903 3255 1195 3326 ἀνθρώπων
1228 3257 1481 3324 κεφαλάς.
1503 3260 1642 3311 Ἀντὶ
1667 3261 1770 3331 γὰρ

177 3347 303 3410 τοῦ,
347 3367 365 3398 ι
395 3345 664 3417 κορυφὴν
717 3345 918 3413 τριχὸς,
964 3344 1199 3415 κορυφὴν
1248 3345 1503 3416 ἐντριχον,
1535 3366 1553 3397 ι
1600 3350 1772 3417 ἡρμή-

176 3453 377 3489 νευσεν
429 3437 463 3487 6
516 3434 836 3503 Σύμμαχος.
874 3435 1096 3505 Κορυφὴ
1125 3436 1181 3487 δὲ
1210 3435 1447 3506 ἑντριχος
1487 3440 1519 3507 ἡ
1568 3438 1769 3509 κεφαλὴ

176 3526 294 3579 τῶν
337 3524 670 3595 ἀνθρώπων
720 3525 1056 3592 σημαίνεται.
1089 3524 1300 3577 Τούτων
1345 3523 1435 3578 οὖν
1463 3528 1635 3579 αὐτῶν
1667 3528 1769 3579 τῶν

175 3617 400 3687 ἐχθρῶν
437 3615 675 3678 ἑαυτοῦ,
698 3614 805 3667 τῶν
830 3615 1087 3684 πρότερον
1112 3615 1206 3677 τὰς
1232 3616 1338 3669 τῶν
1368 3616 1660 3687 ἀνθρώπων
1689 3635 1771 3670 κε-

176 3708 360 3775 (pali;
389 3706 883 3775 διαπορευομένων
917 3705 1008 3757 καὶ
1032 3706 1134 3756 ὑπὸ
1156 3708 1264 3767 τοῖς
1295 3706 1497 3757 ἑαυτῶν
1524 3709 1646 3759 ποσὶ
1674 3725 1769 3762 κα-

176 3798 623 3857 ταπατούντων,
656 3796 684 3846 6
707 3796 803 3857 τὰς
827 3795 1087 3859 διεξόδους
1109 3794 1200 3847 τοῦ
1227 3796 1452 3849 θανάτου
1480 3799 1769 3868 πεποιημέ-

178 3905 275 3950 νος
319 3889 469 3947 Θεὸς
520 3884 627 3946 τὰς
672 3883 906 3952 κεφαλὰς
941 3884 1397 3937 συνθλάσει.Ἀν⁴ι;)⁸
1427 3885 1482 3937 δὲ
1512 3886 1624 3947 τοῦ,
1663 3906 1681 3936 ι
1712 3888 1767 3940 ἑν

181 3976 619 4047 πλημμελείαις
646 3974 839 4036 αὐτῶν,
872 3993 890 4023 ι
929 3974 957 4024 6
986 3973 1289 4043 Σύμμαχος,
1326 3993 1344 4023 ι
1378 3975 1431 4024 ἐν
1460 3976 1576 4034 ταῖς
1601 3975 1769 4044 πλημ-

181 4068 447 4137 μελείαις
479 4064 677 4132 αὐτῆς,
711 4082 730 4113 ›
766 4064 1095 4133 ἡρμήνευσεν
1128 4061 1292 4115 είπών
1317 4081 1329 4094 ·
1366 4081 1383 4113 ι
1412 4064 1769 4134 Κορυφὴν.έν-

176 4174 374 4229 τριχον
415 4156 908 4223 ἀναστρεφομένην
925 4154 980 4204 ἑν
998 4156 1112 4216 ταῖς
1128 4153 1230 4223 πλη
1239 4154 1514 4223 μμελείαις
1534 4156 1716 4225 αὐτῆς.
1743 4175 1761 4207 ι

179 4248 325 4301 υύδὲ
358 4248 487 4315 γὰρ
523 4244 702 4306 ἄλλως
733 4243 951 4295 δυνατὸν
990 4239 1057 4312 ἦν
1100 4246 1210 4303 τοῖς
1241 4242 1451 4313 ἐχθροῖς
1494 4243 1584 4296 τοῦ
1634 4243 1765 4297 Θεοῦ

178 4338 545 4392 καταπατεῖν
587 4333 827 4403 κορυφὴν
859 4332 1114 4402 ἑντριχον,
1146 4334 1385 4385 τουτέστι
1416 4332 1511 4395 τὰς
1540 4334 1645 4386 τῶν
1673 4336 1765 4388 ἀν-

1878 1930 2202 1983 volubilihus
2249 1933 2367 1985 vita:
2400 1934 2649 1987 ﬂuctibus
2693 1935 2959 1987 volutataa.
3005 1934 3179 1999 Quare
3220 1935 3275 1986 in
3310 1933 3408 1989 Joh

1877 2034 2087 2086 quoque
2114 2021 2391 2075 dicebatur
2418 2042 2431 2076 :
2480 2041 2497 2073 ι
2536 2022 2739 2078 Venisti
2767 2033 2943 2077 antem
2974 2025 3027 2077 in
3067 2025 3265 2078 fontem
3294 2039 3409 2077 ma-

1876 2108 1973 2170 ris,
2001 2115 2052 2161 et
2077 2110 2128 2161 in
2156 2110 2393 2179 vestigiis
2418 2112 2594 2180 abyssi
2627 2114 2930 2167 anthulasti.
2967 2114 3291 2182 Aperiuntur
3313 2129 3409 2165 au-

1875 2202 1980 2247 tem
2008 2198 2103 2250 tibi
2137 2200 2325 2253 timore
2375 2210 2539 2268 portae
2566 2202 2741 2255 inferi.
2806 2202 3023 2256 Ostiarii
3055 2218 3179 2255 vero
3211 2203 3407 2255 inferni

1875 2286 2112 2341 videntes
2140 2294 2191 2341 te
2224 2291 2499 2343 conterriti
2529 2302 2706 2344 sunt.»
2735 2292 2992 2345 Contritis
3023 2306 3251 2360 namque
3276 2290 3405 2343 dra-

1874 2390 2068 2429 conum
2110 2378 2377 2445 capitibus
2417 2380 2624 2433 ostiarii
2672 2381 2865 2434 inferni
2908 2382 3183 2435 conterriti
3230 2390 3401 2437 sunt“:

1873 2479 2037 2532 quare
2064 2466 2254 2519 timore
2284 2468 2514 2535 correpti
2538 2475 2717 2535 portas
2747 2471 2933 2524 mortis
2958 2472 3133 2538 capita
3159 2473 3405 2526 inimico-

1872 2567 1988 2604 rum
2012 2567 2231 2605 suorum
2268 2554 2621 2623 confringenti
2652 2558 2981 2624 aperiebant.
3026 2558 3089 2611 Hi
3137 2574 3263 2612 vero
3303 2561 3406 2614 ini-

1872 2642 1996 2695 mici
2038 2642 2247 2697 Domini
2293 2646 2598 2699 universum
2630 2647 2901 2700 hominum
2925 2664 3092 2717 genus
3130 2652 3407 2704 conculca-

1868 2732 2015 2786 bant.
2073 2734 2411 2804 Quapropter
2442 2736 2666 2789 inferius
2694 2736 2930 2792 dicitur:
2965 2754 2983 2787 ι
3023 2738 3282 2791 Verticem
3317 2755 3408 2792 ca-

1869 2824 1981 2891 pilli
2013 2824 2494 2893 perambulantium
2524 2827 2575 2879 in
2607 2826 2814 2881 delictis
2840 2828 2973 2881 suis.
3008 2846 3027 2877 ι
3061 2826 3259 2880 Horum
3280 2868 3295 2892 ,
3324 2828 3405 2881 in-

1867 2912 2003 2980 quit.
2038 2911 2176 2966 Deus
2210 2912 2383 2979 capita
2413 2912 2732 2981 confringet,
2760 2913 3265 2981 perambulantinm,
3305 2913 3402 2976 ait,

1867 3008 1919 3054 et
1952 3001 2272 3054 calcantium
2321 3001 2495 3069 capita
2540 3002 2833 3055 hominum.
2888 3000 2990 3055 Pro
3032 3002 3121 3055 illo
3152 3017 3401 3071 namque,

1874 3108 1891 3140 ι
1920 3092 2172 3143 verticem
2223 3092 2422 3159 capilli,
2466 3109 2485 3142 ›
2523 3089 2893 3159 Symmachus,
2953 3108 2971 3140 ι
3018 3091 3271 3145 verticem
3314 3106 3404 3145 ca-

1871 3179 2133 3247 pillatum,
2174 3198 2192 3231 ›
2245 3182 2422 3233 vertit.
2465 3178 2659 3233 Vertex
2701 3190 2873 3232 autem
2902 3180 3199 3247 capillatus.
3229 3185 3402 3248 ipsum

1868 3266 2143 3318 hominum
2167 3274 2327 3333 caput
2349 3266 2631 3335 significat.
2663 3264 2861 3316 llorum
2891 3266 3069 3333 itaque
3096 3266 3197 3320 sibi
3226 3268 3401 3319 inimi-

1867 3368 2077 3416 corum,
2123 3356 2213 3423 qui
2250 3356 2399 3423 pritts
2452 3355 2725 3406 hominum
2768 3354 2941 3421 capita
2981 3354 3225 3407 terebant
3254 3356 3403 3422 pedi-

1867 3444 2074 3512 busque
2104 3446 2216 3499 suis
2249 3446 2547 3509 calcabant,
2579 3446 2752 3512 capita
2783 3444 3079 3514 confringet
3114 3445 3273 3509 Deus,
3309 3446 3401 3515 qui

1867 3536 2044 3588 exitus
2075 3535 2264 3587 mortis
2307 3534 2497 3587 eifecit.
2564 3532 2669 3585 Pro
2700 3533 2791 3586 illo
2814 3540 3013 3595 autem,
3056 3554 3073 3584 ι
3109 3535 3160 3587 in
3192 3534 3401 3588 delictis

1867 3622 1999 3682 suis,
2032 3640 2049 3671 ›
2085 3620 2455 3692 Symmachus,
2486 3641 2503 3673 ι
2537 3623 2591 3675 in
2633 3622 2841 3676 delictis
2886 3624 3002 3690 ejus
3037 3641 3054 3672 ι
3085 3623 3400 3690 interpreta-

1867 3718 1954 3763 tus
1978 3717 2079 3772 est,
2105 3710 2290 3764 dicens
2322 3729 2335 3763 :
2373 3709 2664 3765 «Verticem
2688 3712 2991 3778 capillatum
3020 3712 3315 3765 revolutum
3346 3711 3401 3765 in

1866 3800 2079 3854 delictis
2102 3801 2236 3867 ejus.
2254 3820 2271 3849 ›
2289 3798 2470 3868 Neque
2491 3803 2630 3855 enim
2650 3802 2754 3853 alio
2771 3802 2928 3853 modo
2945 3808 3185 3870 poterant
3200 3800 3401 3855 inimici

1867 3890 1959 3945 Dei
1976 3892 2226 3944 verticem
2245 3891 2574 3959 capillatum,
2596 3892 2647 3945 id
2659 3900 2739 3945 est
2766 3891 3041 3943 hominum
3057 3892 3251 3961 capita,
3274 3906 3404 3944 con—

1865 3981 2098 4045 culcare,
2114 3980 2213 4032 nisi
2233 3980 2462 4048 pr0priis
2475 3979 2684 4033 delictis
2698 3994 2759 4032 ac
2776 3980 3010 4046 peccatis
3021 3979 3256 4046 depressi
3272 3979 3404 4034 fuis-

1869 4077 2007 4122 sent.
2044 4067 2222 4132 Quare.
2263 4068 2330 4121 iis
2354 4069 2443 4136 qui
2471 4069 2604 4122 tales
2642 4081 2746 4121 non
2775 4074 2929 4119 erant
2967 4066 3179 4120 dicebat
3210 4066 3404 4121 Serva-

1868 4167 1949 4212 tor
1983 4176 1996 4210 :
2046 4177 2063 4207 ι
2091 4157 2261 4212 Vestri
2294 4166 2470 4212 autem
2494 4158 2671 4226 capilli
2695 4157 2886 4225 capitis
2920 4172 3107 4211 omnes
3134 4159 3401 4212 numerati

1867 4254 1991 4298 sunt
2009 4245 2075 4299 “.
2107 4263 2124 4296 ι
2145 4243 2275 4298 Nam
2301 4246 2681 4314 discipulorum
2700 4245 2874 4313 capilli
2899 4245 3093 4312 singuli
3122 4245 3401 4301 nohiiioris

1865 4334 2109 4401 corporis
2136 4334 2324 4401 partis,
2371 4341 2429 4387 ut
2454 4334 2745 4389 necessarii
2778 4342 2831 4386 et
2864 4332 2930 4386 ad
2959 4342 3206 4386 ornatum
3233 4332 3399 4389 totius

182 4426 437 4499 θρὼπων
472 4422 744 4491 κεφαλὰς,
780 4424 828 4473 εἰ
860 4422 932 4492 μὴ
969 4422 1087 4483 ταῖς
1128 4422 1351 4484 οἰκείαις
1378 4422 1766 4493 πλημμελείαις

1874 4420 2204 4476 conferentes
2223 4462 2239 4486 ,
2278 4422 2678 4476 enumeratione
2707 4430 2759 4475 et
2782 4420 3026 4474 custodia
3046 4420 3223 4473 divina
3251 4419 3400 4489 digni

181 4519 285 4569 καὶ
312 4515 631 4586 ἁμαρτίαις
663 4511 1067 4564 τεταπείνωντο.
1091 4512 1179 4563 At?)
1206 4514 1315 4574 τοῖς
1354 4511 1425 4582 μὴ
1462 4514 1715 4575 τοιούτοις
1740 4516 1769 4567 6

1874 4509 2051 4575 fuere;
2084 4518 2144 4563 ut
2184 4526 2251 4563 ne
2292 4509 2608 4563 raderentnr
2630 4508 2888 4562 novacula
2918 4508 3278 4570 inimicorum,
3306 4509 3398 4576 qui

185 4605 392 4675 Σωτὴρ
431 4603 627 4667 ἔλεγεν
643 4616 655 4629 ο
688 4618 705 4649 ι
729 4599 909 4668 ’Υμῶν
936 4599 992 4650 δὲ
1016 4600 1107 4652 καὶ
1130 4600 1183 4651 ai
1208 4600 1387 4671 τρίχες
1409 4601 1502 4670 τῆς
1531 4602 1765 4671 κεφαλῆς

184 4698 370 4747 πᾶσαι
414 4690 801 4762 ἠριθμημέναι
841 4689 993 4740 εἰσίν.
1026 4707 1045 4739 ι
1082 4689 1198 4742 Τῶν
1231 4690 1339 4759 γὰρ
1372 4691 1546 4744 αὐτῶν
1591 4692 1764 4762 μαθη-

1868 4602 2237 4669 perambulant
2278 4608 2330 4655 et
2356 4600 2675 4653 conculcant
2710 4613 2923 4652 omnem
2950 4600 3201 4652 verticem
3234 4599 3399 4665 capil-

1868 4691 2031 4744 latum
2065 4691 2362 4744 revolutum
2386 4689 2440 4741 in
2462 4688 2671 4743 delictis
2694 4686 2830 4754 ejus.

185 4787 305 4838 τῶν
333 4787 435 4839 καὶ
470 4782 681 4850 ἑκάστη
711 4780 829 4852 θρὶξ
858 4780 950 4832 τοῦ
978 4781 1298 4849 τιμιωτέρου
1330 4782 1525 4850 μέρους
1552 4783 1642 4835 τοῦ
1671 4782 1944 4852 σώματος,
1985 4782 2058 4843 ὡς
2084 4780 2349 4849 ἀναγκαία
2382 4778 2472 4831 καὶ
2538 4778 2719 4847 κόσμῳ
2780 4774 2871 4827 τοῦ
2932 4777 3127 4839 παντὸς
3161 4773 3397 4845 συμϐαλ-

188 4882 426 4951 λομένη,
461 4874 699 4947 ἀριθμοῦ
744 4874 1068 4943 κατηξίωται
1100 4873 1240 4925 θείου
1267 4875 1357 4925 καὶ
1392 4875 1630 4945 φυλακῆς
1652 4894 1665 4907 -
1696 4877 1769 4938 ὡς
1805 4873 1867 4927 ἂν
1895 4876 1968 4945 μὴ
2003 4872 2267 4945 ξυρηθῶσι
2292 4872 2368 4941 τῷ
2400 4869 2543 4940 ξυρῷ
2559 4870 2662 4922 τῶν
2706 4866 2911 4936 ἐχθρῶν
2966 4868 3072 4919 τῶν
3098 4870 3398 4940 ἐμπεριπα-

188 4976 440 5029 τούντων
467 4967 924 5024 καταπατούντων
958 4968 1135 5019 πᾶσαν
1158 4964 1397 5033 κορυφὴν
1417 4965 1653 5035 ἑντριχον
1678 4970 1773 5040 τὴν
1810 4967 2278 5039 ἀναστρεφομένην
2307 4968 2362 5019 ἑν
2395 4961 2779 5034 πλημμελείαις
2802 4962 2992 5029 αὐτῆς·

275 5108 295 5138 ι
325 5084 471 5141 Eii-te
530 5081 732 5150 Κύριος
755 5098 766 5110 ’
787 5081 878 5132 Ἐκ
902 5078 1075 5131 Βασάν
1106 5076 1431 5145 ἐπιστρέψω,
1459 5078 1765 5150 ἐπιστρέψω

196 5180 258 5231 ἑν
300 5177 485 5246 βυθοῖς
516 5171 809 5239 θαλάσσης.
836 5188 855 5220 ι
893 5168 1056 5221 Πάλιν
1102 5163 1371 5219 κάνταῦθα
1414 5182 1431 5213 ι
1461 5167 1487 5215 ὀ
1514 5168 1712 5237 Κύριος
1742 5190 1761 5221 ι

198 5270 263 5323 οὐ
285 5268 374 5320 διὰ
393 5262 820 5333 τετραγράμμου
843 5262 969 5331 παρ’
992 5257 1252 5328 Ἑϐραίοις
1274 5254 1668 5324 ἐκπεφώνηται,
1684 5260 1769 5313 διὰ

200 5357 264 5409 δὲ
289 5358 398 5409 τῶν
421 5351 747 5421 κοινοτέρων
779 5349 1065 5418 στοιχείων.
1101 5344 1238 5409 Ἤδη
1292 5341 1346 5393 δὲ
1369 5343 1543 5411 τρίτον
1579 5348 1767 5404 τοῦτον

206 5446 481 5514 ἐδήλωσεν
507 5446 539 5512 ἡ
562 5439 809 5509 παροῦσα
828 5438 1005 5507 Γραφὴ
1028 5432 1299 5501 ἑφιστῶσα
1326 5430 1411 5482 τὸν
1439 5433 1509 5497 ὼς
1533 5434 1605 5488 ἂν
1629 5438 1768 5492 εἴποι

204 5553 316 5598 τις,
347 5536 599 5602 δεύτερον
628 5529 847 5597 Κύριον.
865 5529 1004 5579 Ἐπεὶ
1031 5526 1121 5577 καὶ
1154 5525 1213 5573 ἑν
1237 5519 1313 5587 τῷ
1344 5522 1598 5587 φάσκοντι
1633 5529 1767 5596 ψαλ-

286 5688 328 5719 ⁸⁸
355 5688 453 5744 Job
488 5699 721 5743 xxxvm,
758 5679 838 5743 16,
876 5678 949 5731 t7.
1022 5674 1064 5707 ιι
1093 5669 1282 5724 Matth.
1318 5686 1367 5735 ι,
1400 5673 1481 5728 30.

1933 5080 2098 5136 Vens.
2131 5081 2218 5134 25.
2266 5098 2283 5131 ι
2320 5078 2463 5133 Dixit
2512 5077 2782 5135 Dominus,
2828 5070 2906 5123 hx
2945 5071 3122 5125 Basan
3174 5087 3397 5127 conver-

1867 5182 1995 5237 tam,
2020 5180 2321 5228 convertam
2350 5172 2404 5224 in
2436 5167 2754 5239 profundum
2786 5162 2975 5213 maris.
3005 5179 3025 5211 ι
3066 5160 3163 5214 Ηίο
3182 5177 3397 5216 rursum

1873 5284 1890 5315 ι
1920 5265 2199 5326 Dominus,
2233 5281 2250 5313 ι
2281 5277 2387 5315 non
2412 5261 2502 5314 illa
2525 5264 2753 5327 quatuor
2780 5250 3093 5303 iitterarum
3109 5266 3238 5305 voce
3261 5252 3399 5319 apud

1870 5355 2120 5411 Hebreos
2146 5351 2477 5419 exprimitur,
2521 5345 2612 5401 sed
2650 5339 3115 5395 communioribus
3162 5340 3400 5394 elemen-

1870 5446 1956 5499 tis.
1988 5442 2210 5510 Jamque
2240 5439 2394 5493 tertio
2418 5439 2559 5491 hunc
2583 5443 2816 5504 praesens
2847 5427 3125 5492 scriptura
3160 5429 3402 5482 nomina-

1869 5535 1965 5598 vit,
1990 5531 2385 5598 secundumque
2408 5528 2728 5584 Dominum,
2774 5523 2831 5570 ut
2866 5514 3149 5584 quispiam
3188 5515 3408 5581 dixerit,
