3796 6370
323 362 435 420 707

1016 348 1278 409 EUSEBII
1316 345 1782 402 CESARIENSIS
1818 347 1964 402 OPP.
2006 344 2183 400 PARS
2219 342 2305 397 Ill.
2344 373 2414 383 -—
2450 336 2899 398 EXEGETICA.

3576 332 3705 389 ‘NS

331 475 560 531 induxit.
596 473 865 541 Siquidem
892 468 946 520 in
968 465 1172 534 psalmo
1203 462 1292 529 qui
1329 461 1407 514 sic
1436 460 1593 513 habet
1620 477 1634 511 :
1665 477 1682 510 ι
1711 459 1827 513 Dixi

2197 455 2288 511 ἷπε
2311 456 2512 527 Κύριος
2542 454 2622 523 τῷ
2651 448 2869 520 Κυρίῳ
2900 462 3047 515 μου..
3092 442 3363 499 Κάέθου
3400 446 3473 499 ἐκ
3506 446 3696 512 δεξιῶν

330 566 587 619 Dominus
644 559 865 623 Domino
896 568 1013 606 meo
1050 571 1062 604 :
1103 550 1238 603 Sede
1273 566 1301 601 a
1336 548 1538 603 dextris
1562 549 1697 602 meis
1714 549 1790 612 δ’,
1829 567 1848 600 ι

330 655 535 724 primus
577 666 669 718 per
702 645 987 699 ineffabilia
1012 641 1148 709 apud
1186 640 1435 693 Hebraeos
1467 647 1697 707 quatuor
1742 642 1852 693 ele-

330 750 504 796 menta
543 737 832 799 scribitur;
863 733 1129 786 secundus
1161 739 1356 792 autem,
1384 744 1541 798 quem
1567 730 1646 783 sui
1683 729 1858 782 Domi-

329 847 455 884 num
502 826 765 893 Propheta
818 821 1053 875 declarat
1093 819 1297 881 dicens,
1329 836 1348 867 ι
1379 816 1602 870 Domino
1631 832 1749 870 meo
1773 855 1788 880 ,
1830 836 1850 868 ι

327 922 445 973 aliis
478 916 752 971 elementis
783 912 1122 981 exprimitur,
1152 910 1305 978 queis
1328 908 1569 975 cujusvis
1600 908 1739 962 servi
1767 908 1857 961 do-

318 1010 504 1061 minus
531 1004 879 1074 significatur.
915 1001 1003 1054 Sic
1028 1016 1156 1069 ergo
1183 1015 1327 1052 nunc
1353 1013 1566 1067 quoque
1587 998 1698 1066 jam
1748 1004 1858 1052 ter-

224 1102 235 1119 ’
327 1100 401 1151 tio
430 1098 517 1149 ille
542 1094 818 1158 Dominus,
847 1092 937 1161 qui
960 1107 1131 1158 usque
1161 1089 1227 1141 ad
1260 1088 1528 1142 infernum
1558 1087 1854 1153 descendit,

325 1188 606 1252 exitusque
648 1185 836 1236 mortis
870 1181 1097 1250 paravit,
1132 1177 1444 1247 vulgaribus
1491 1184 1544 1230 et
1586 1176 1857 1230 consuetis

326 1276 467 1344 apud
504 1273 753 1327 Hebrmos
779 1270 1058 1325 elementis
1106 1266 1444 1335 exprimitur.
1498 1264 1675 1329 Quare
1706 1264 1859 1335 Sym-

328 1367 552 1419 machus
600 1363 879 1431 δεσπότην,
921 1362 1033 1415 sive
1069 1359 1442 1412 dominatorem
1478 1357 1858 1425 interpretatus

326 1466 429 1511 est.
464 1455 559 1508 Hic
601 1468 728 1523 ergo
760 1451 1038 1512 Dominus,
1067 1448 1313 1501 videlicet
1340 1446 1431 1499 Dei
1462 1444 1716 1508 Verbum,
1764 1444 1856 1507 ait,

334 1564 354 1596 ι
386 1545 459 1597 Ex
481 1544 651 1598 Basan
683 1549 1025 1604 convertam;
1065 1558 1082 1589 ι
1123 1552 1185 1591 ac
1216 1552 1463 1599 rursum,
1489 1554 1510 1585 ‹
1540 1535 1859 1589 Convertam

326 1652 390 1691 ex
425 1635 690 1706 profundo
715 1632 897 1686 maris.
927 1649 945 1680 ι
972 1629 1077 1682 Pro
1096 1629 1185 1681 illo
1204 1636 1404 1689 autem,
1434 1645 1453 1676 ι
1482 1633 1806 1686 convertam,
1836 1641 1853 1674 ι

329 1743 391 1781 ac
422 1726 678 1787 secundo,
717 1742 734 1773 ι
765 1730 1091 1783 convertam,
1134 1738 1152 1769 ι
1192 1716 1544 1787 Symmachus
1582 1715 1661 1770 sic
1696 1716 1861 1768 inter-

326 1823 589 1885 pretatur,
628 1832 645 1863 ι
676 1812 819 1864 Dixit
848 1808 1103 1862 Dominus
1132 1825 1147 1858 :
1187 1805 1261 1857 Ex
1301 1804 1473 1856 Basan
1503 1810 1772 1864 revertar,
1807 1808 1861 1854 et

330 1903 522 1958 reverti
572 1902 760 1954 faciam
806 1915 871 1952 ex
920 1894 1185 1965 profundo
1234 1892 1416 1945 maris.
1454 1910 1472 1942 ι
1509 1889 1700 1943 Viden‘
1742 1905 1861 1957 quae

329 2005 491 2059 Opera
531 1988 757 2041 ediderit
804 1984 1062 2037 Dominus
1100 1996 1222 2035 cum
1270 1976 1634 2032 descendisset
1659 1978 1714 2030 in
1740 1991 1863 2045 pro-

330 2080 553 2139 fundum
577 2078 777 2131 maris?
805 2074 1078 2142 Confregit
1101 2072 1273 2140 capita
1301 2069 1593 2122 draconum
1623 2068 1677 2120 in
1700 2082 1860 2135 aqua,

329 2184 536 2225 necnon
567 2168 788 2236 capillos
818 2164 1156 2217 inimicorum
1187 2174 1430 2220 suorum,
1453 2158 1545 2226 qui
1568 2176 1585 2207 ι
1612 2157 1859 2211 verticem

327 2262 634 2331 capillatum
668 2259 722 2311 in
761 2255 972 2310 delictis
1002 2272 1019 2303 )
1053 2250 1474 2313 conculcabant;
1505 2247 1699 2301 reverti
1738 2245 1861 2299 fecit

327 2369 394 2407 ex
440 2352 613 2405 Basan
642 2356 695 2403 et
737 2363 801 2401 ex
830 2343 1095 2416 profundo
1140 2341 1307 2395 maris
1351 2341 1557 2393 animas
1592 2338 1713 2392 istic
1734 2337 1861 2391 olim

329 2443 622 2496 demersas.
669 2437 843 2491 Basan
890 2442 1069 2487 autem
1103 2431 1401 2499 explicatur
1444 2426 1758 2497 ignominia,
1807 2427 1862 2476 in

327 2547 489 2603 quam
540 2529 793 2597 delapsus
840 2532 922 2579 est
963 2522 1221 2576 Dominus
1270 2534 1364 2588 per
1414 2524 1705 2572 memorata
1756 2514 1863 2568 ele-

329 2631 509 2675 menta
554 2619 841 2677 indicatus,
883 2614 974 2683 qui
1019 2611 1371 2681 ignominiam
1408 2607 1729 2676 contempsit
1767 2620 1863 2673 pre

329 2714 501 2767 salute
530 2724 715 2763 eorum
744 2709 835 2775 qui
866 2706 989 2761 istic
1028 2705 1083 2756 in
1131 2701 1437 2771 captivitate
1458 2698 1659 2752 detenti
1689 2703 1860 2750 erant.

329 2801 685 2870 Quamobrem
733 2798 932 2850 dicitur
960 2814 973 2849 :
1004 2814 1022 2845 ι
1059 2793 1199 2846 Dixit
1248 2792 1541 2845 Dominus:
1574 2788 1651 2841 Ex
1688 2787 1862 2840 Basan

328 2895 982 2953 eonvertam,convertam
1012 2901 1073 2939 ex
1099 2882 1365 2953 profundo
1396 2880 1597 2934 maris:
1624 2898 1643 2930 ι
1670 2876 1861 2931 deinde

328 2983 616 3052 adjicitur:
642 2998 664 3030 ‹
699 2978 767 3033 Ut
798 2977 1092 3045 iutingatur
1138 2988 1233 3042 pes
1267 2981 1389 3026 tuus
1417 2970 1472 3024 in
1513 2970 1792 3038 sanguine.
1835 2986 1853 3018 ι

1960 568 2081 622 μου,
2111 569 2128 600 ι
2159 549 2244 601 διὰ
2271 548 2376 600 τῶν
2407 543 2825 612 ἁνεκφωνήτων
2879 552 2969 588 πα
2981 535 3038 605 ρ’
3087 532 3449 605 Ἑδῖ-ραίοις
3493 537 3688 590 τεττά.

1959 658 2065 711 ρων
2097 639 2369 711 στοιχείων
2396 636 2733 705 ἐγέγραπτο.
2779 629 2846 681 Ὀ
2881 627 2948 678 δὲ
2983 622 3346 689 δεύτερος,
3384 624 3452 676 ὃν
3486 626 3683 681 ἑαυτοῦ

1956 731 2156 801 Κύριον
2178 733 2205 782 6
2228 729 2509 798 προφήτης
2529 723 2724 794 ἐδήλου
2747 720 3038 788 φάσκων,
3069 732 3090 763 ‹
3106 711 3248 782 Teii
3272 713 3493 785 Κυρίῳ
3520 734 3673 783 μου,ο

1955 822 2158 891 ἑτέροις
2190 818 2472 887 στοιχείοις
2505 813 2793 885 ἐδηλοῦτο,
2830 803 2923 871 οἷς
2960 806 3070 860 καὶ
3104 805 3263 868 ni;
3296 808 3345 891 ξ
3360 807 3428 857 ἐν
3460 806 3675 876 ἀνθρώ-

1956 888 2076 971 ποις
2105 909 2287 960 δούλου
2318 907 2504 974 κύριος
2552 901 2929 972 σημαίνεται.
2971 894 3211 954 Οὕτως
3272 888 3384 945 οὖν
3430 894 3535 945 καὶ
3588 895 3669 945 ἐν-

1956 1000 2126 1053 ταῦθα
2170 1000 2269 1068 ήδη
2305 997 2485 1067 τρίτον
2534 996 2563 1046 6
2618 992 2828 1062 μέχρις
2872 988 3020 1058 ᾅδου
3076 982 3395 1045 καταϐὰς
3444 984 3548 1037 καὶ
3590 982 3665 1036 δι-

1956 1090 2164 1153 εξόδους
2200 1087 2430 1140 θανάτου
2463 1082 2852 1151 πεποιημένος
2909 1078 3149 1146 Κύριος
3223 1074 3332 1128 διὰ
3385 1074 3511 1126 τῶν
3539 1078 3662 1145 παρ’

1968 1180 2229 1250 Ἑϐραίοις
2274 1174 2469 1236 κοινῶς
2497 1170 2882 1243 γραφομένων
2922 1165 3265 1234 στοιχείων
3300 1162 3653 1232 ὠνόμασται.

1956 1268 2151 1336 Διόπερ
2177 1269 2204 1318 6
2234 1265 2526 1333 Σύμμαχος
2558 1279 2576 1310 ι
2608 1259 2897 1326 δεσπότην
2934 1274 2954 1303 ι
2994 1253 3416 1324 ἡρμήνευσεν
3465 1250 3639 1301 αὐτόν.

1958 1352 2122 1421 Οὗτος
2148 1354 2237 1410 οὖν
2258 1359 2285 1409 6
2318 1355 2544 1425 Κύριος,
2570 1351 2739 1412 αὐτὸς
2767 1351 2799 1401 6
2829 1347 2936 1399 τοῦ
2976 1344 3131 1397 Θεοῦ
3166 1344 3377 1410 Λόγος
3409 1339 3637 1409 δηλαδὴ,

1898 1427 1905 1437 Ι
1955 1444 2073 1499 εἷπε
2088 1463 2100 1475 ·
2115 1466 2131 1493 ι
2155 1447 2246 1497 Ἐκ
2259 1444 2440 1495 Βασὰν
2457 1438 2801 1509 ἐπιστρέψω·
2821 1435 2961 1489 »καὶ
2982 1433 3159 1487 πάλιν
3175 1449 3189 1462 ·
3206 1449 3233 1481 ι
3264 1428 3638 1497 Ἐπιστρέιμυ

1958 1539 2020 1589 ἐκ
2044 1536 2213 1605 βυθῶν
2242 1534 2570 1601 θαλάσσης.)
2593 1530 2745 1583 Ἀντὶ
2770 1530 2833 1582 δὲ
2855 1526 2992 1590 τοῦ,
3027 1545 3049 1576 ‹
3085 1521 3480 1594 ἐπιστρέψω,
3506 1538 3526 1571 ι
3555 1519 3643 1573 καὶ

1956 1628 2048 1680 τοῦ
2077 1629 2343 1698 δεύτερον,
2376 1645 2394 1677 ι
2419 1623 2765 1694 ἐπιστρέψω,
2800 1641 2821 1673 ι
2862 1623 2895 1673 6
2928 1620 3280 1689 Σύμμαχος
3311 1615 3534 1668 τοῦτον
3563 1615 3657 1683 ἡρ-

1962 1722 2188 1790 μήνευσε
2209 1720 2297 1771 τὸν
2328 1718 2530 1788 τρόπον
2551 1732 2564 1745 ο
2595 1734 2615 1766 ι
2643 1710 2787 1766 Εἷπε
2815 1711 2910 1766 Κύ
2925 1729 3059 1783 ριος
3080 1730 3091 1741 ·
3113 1710 3288 1763 Ἀπὸ
3310 1708 3529 1761 Bas?“
3557 1708 3671 1759 ἐπι-

1889 1778 1931 1831 B
1960 1778 2191 1878 στρέψω,
2218 1807 2313 1858 καὶ
2339 1778 2684 1874 αναστρέψαι
2729 1778 2971 1871 ποιήσω
3027 1798 3158 1852 ἀπὸ
3211 1798 3434 1867 βυθῶν
3473 1798 3675 1851 θαλάσ-

1961 1915 2078 1968 σης.
2110 1915 2127 1947 ι
2175 1896 2338 1967 Ὀρᾷς
2370 1896 2532 1946 ὁποῖα
2586 1890 3033 1963 κατορθώματα
3086 1888 3460 1960 εἰργάσατο
3510 1905 3678 1945 κατα-

1956 1988 2058 2050 ϐὰς
2104 1989 2183 2049 είς
2214 1987 2336 2047 τοὺς
2379 1984 2575 2053 βυθοὺς
2602 1983 2707 2052 τῆς
2750 1981 3071 2051 Θαλάσσης
3108 1982 3142 2033 6
3195 1980 3508 2049 Κύριοςς
3567 1998 3682 2034 συν-

1959 2078 2145 2131 έθλασε
2175 2076 2271 2138 τὰς
2304 2073 2545 2144 κεφαλὰς
2579 2073 2692 2126 τῶν
2733 2072 3096 2143 δρακόντων
3128 2071 3251 2125 ἐπὶ
3292 2071 3412 2124 τοῦ
3465 2070 3684 2137 ὓδατος,

1961 2168 2051 2221 καὶ
2079 2168 2174 2229 τὰς
2203 2167 2391 2238 τρίχας
2412 2164 2519 2217 τῶν
2547 2163 2764 2234 ἐχθρῶν
2800 2162 2997 2214 αὑτοῦ
3031 2163 3167 2217 τῶν
3202 2181 3238 2214 ε
3272 2164 3402 2233 τὴν
3435 2164 3690 2236 ἔντριχον

1959 2256 2196 2327 κορυφὴν
2239 2258 2295 2307 ἐν
2339 2253 2748 2324 πλημμελείαις
2789 2271 2809 2302 ι
2860 2253 3457 2324 διαπορευομένων
3492 2270 3513 2287 ο
3567 2258 3688 2309 ἐπι.

1962 2347 2184 2416 στρέψαι
2241 2347 2294 2398 δὲ
2339 2346 2510 2397 ἐποίει
2556 2344 2665 2396 ἀπὸ
2700 2343 2902 2397 Βασὰν
2960 2346 3076 2397 καὶ
3142 2346 3285 2398 ἀπὸ
3347 2347 3566 2416 βυθῶν
3597 2349 3693 2419 τῆς

1958 2437 2231 2506 θαλάσσης
2286 2434 2385 2496 τὰς
2458 2433 2631 2486 πάλαι
2707 2437 3389 2504 καταπεποντωμένας
3472 2439 3675 2491 αύτόσε

1959 2526 2150 2595 ψυχάς.
2183 2524 2358 2577 Βασὰν
2392 2524 2447 2575 δὲ
2478 2524 2837 2593 ἡρμήνευται
2868 2524 3163 2596 αἰσχύνη,
3194 2526 3365 2579 ἔνθα
3404 2529 3486 2581 δι’
3522 2532 3679 2600 ἡμᾶς

1959 2616 2218 2686 κατῆλθεν
2254 2616 2281 2665 ὁ
2312 2614 2398 2666 διὰ
2439 2614 2550 2667 τῶν
2603 2614 2941 2684 εἰρημένων
2983 2617 3319 2686 στοιχείων
3383 2620 3677 2689 δηλωθεὶς

1962 2706 2181 2776 Κύριος,
2211 2705 2467 2775 αἰσχύνης
2500 2709 2959 2776 καταφρονήσας
2998 2707 3158 2778 ὑπὲρ
3194 2711 3538 2781 σωτηρίας
3567 2712 3680 2764 τῶν

1963 2799 2142 2852 αὐτόθι
2171 2798 2754 2867 καταδεδουλωμένων.
2782 2801 2886 2852 Διὸ
2922 2800 3207 2855 λέλεκται
3242 2821 3259 2833 ·
3305 2824 3329 2855 ι
3369 2800 3535 2857 Εἷπε
3566 2806 3681 2858 Κύ-

1965 2905 2109 2959 ριος·
2150 2889 2244 2940 Ἐκ
2276 2886 2453 2939 Βασὰν
2499 2888 2828 2960 ἐπιστρέψω
2860 2930 2876 2951 ,
2933 2892 3306 2964 ἐπιστρέψω
3370 2897 3450 2948 ἐκ
3491 2896 3681 2966 βυθῶν

1966 2978 2229 3047 θαλάσσης
2253 2994 2264 3006 ·
2297 2996 2315 3027 ι
2350 2972 2448 3029 εἶθ’
2476 2976 2607 3046 ea;
2632 2977 2904 3032 λέλεκται
2934 2998 2949 3011 ·
3006 3001 3028 3031 ‹
3069 2985 3290 3047 ’Όπως
3330 2986 3415 3038 ἂν
3460 2987 3621 3059 βαφῇ
3651 2989 3680 3039 6

328 3073 433 3127 Pro
460 3087 565 3142 quo
608 3068 961 3141 Symmachus
983 3067 1387 3133 interpretatur.
1427 3080 1445 3111 ι
1479 3058 1827 3127 Utconl‘ring:

2179 3086 2235 3120 ου
2286 3070 2343 3119 ἐν
2374 3069 2591 3137 αἵματι.
2626 3088 2644 3118 ι
2689 3070 2843 3122 Ἀνθ*
2897 3067 2969 3127 οὗ
3001 3076 3034 3126 6
3088 3075 3449 3147 Σύμμαχος
3487 3080 3678 3148 ἡρμή-

328 3175 416 3218 tur
440 3179 531 3233 pes
559 3169 684 3216 tuus
705 3176 825 3214 cum
855 3157 1134 3226 sanguine,
1158 3162 1209 3208 et
1238 3153 1435 3206 lambat
1459 3152 1638 3219 lingua
1666 3164 1859 3203 canum

327 3265 543 3308 tuorum
572 3253 637 3305 ab
668 3263 990 3320 unoquoque
1024 3244 1365 3299 inimicorum
1395 3250 1632 3296 tuorum.
1672 3260 1689 3292 ι
1727 3239 1862 3293 Nam

328 3359 451 3398 cum
506 3341 752 3395 inimicos
804 3354 934 3394 suos
984 3341 1302 3396 contereret,
1356 3340 1409 3386 et
1452 3333 1626 3402 capita
1676 3345 1861 3385 eorum

328 3433 713 3503 confringeret,
743 3431 927 3502 pedem
957 3443 1111 3484 suum
1142 3425 1403 3495 sanguine
1436 3440 1502 3479 ex
1546 3422 1720 3492 capite
1760 3421 1864 3474 ini-

327 3525 453 3579 mici
487 3525 569 3577 sui
599 3521 796 3574 ﬂuente
824 3519 1080 3587 replebat.
1105 3516 1283 3582 Quare
1336 3517 1390 3568 in
1442 3513 1579 3567 lsaia
1625 3513 1859 3567 dicitur:

334 3630 355 3663 ι
394 3612 527 3677 Quis
577 3617 660 3663 est
709 3608 794 3661 hic
848 3608 939 3675 qui
986 3607 1132 3660 venit
1174 3622 1240 3660 ex
1294 3604 1485 3666 Edom,
1515 3603 1678 3657 rubor
1700 3603 1863 3656 vesti-

330 3708 628 3754 mentorum
657 3713 721 3750 ex
754 3696 918 3749 Bosor
934 3696 1015 3748 "‘1
1042 3715 1059 3747 ι
1100 3709 1160 3748 ac
1193 3693 1383 3749 deinde
1410 3712 1421 3746 :
1458 3711 1476 3742 ι
1502 3692 1679 3758 Quare
1702 3693 1863 3746 rubra

330 3792 648 3843 vestimenta
672 3794 783 3850 tua,
811 3794 864 3840 et
910 3786 1218 3839 indumenta
1242 3793 1332 3838 tua
1361 3783 1503 3837 sicut
1532 3783 1721 3843 calcati
1750 3790 1863 3836 tor-

332 3878 552 3939 cularis,
585 3877 770 3945 plenus
800 3874 1212 3929 conculcata“?
1247 3895 1265 3925 ι
1304 3875 1498 3927 Postea
1548 3874 1861 3942 rogantibus

330 3969 406 4020 ita
442 3966 724 4034 respondet
755 3984 767 4017 :
805 3982 824 4014 ι
864 3963 1077 4017 Calcavi
1108 3964 1255 4032 ipsos
1281 3964 1335 4016 in
1383 3963 1566 4016 furore
1600 3977 1719 4015 meo
1740 3961 1805 4015 ".
1838 3980 1855 4012 ι

330 4053 430 4109 Hic
472 4056 594 4109 item
643 4061 766 4123 post
801 4054 1005 4107 calcata
1056 4053 1346 4105 draconum
1384 4053 1583 4120 capita,
1615 4050 1813 4104 dicitur
1844 4070 1856 4104 :

332 4163 354 4196 ι
386 4143 456 4199 Ut
503 4144 870 4213 confringatur
919 4158 1013 4212 pes
1054 4150 1181 4196 tuus
1224 4156 1344 4194 cum
1394 4141 1672 4209 sanguine,
1702 4159 1720 4190 ι
1754 4139 1858 4205 vel,

335 4252 354 4283 ι
394 4233 463 4287 Ut
495 4235 787 4303 intiugatur
812 4248 906 4301 pes
937 4240 1062 4286 tuus
1085 4232 1136 4284 in
1163 4230 1443 4300 sanguine,
1474 4237 1526 4283 et
1563 4230 1743 4298 lingua
1769 4244 1858 4282 ca-

330 4341 455 4378 num
478 4332 689 4378 tuorum
714 4341 780 4379 ex
803 4322 1034 4376 inimicis
1065 4323 1131 4375 ab
1156 4322 1291 4391 ipso.
1334 4340 1351 4370 ι
1393 4318 1498 4372 Pro
1526 4334 1632 4387 quo
1660 4318 1857 4372 clarius

1961 3175 2142 3211 νευσεν
2168 3158 2361 3211 εἰπών·
2399 3178 2417 3208 ι
2449 3160 2642 3222 Ὅπως
2673 3163 3070 3236 συγκατεάξῃ
3104 3168 3136 3218 6
3172 3167 3346 3230 ποῦς
3386 3186 3496 3222 σου
3535 3168 3679 3238 μετὰ

1960 3251 2204 3319 αἵματος,
2245 3249 2339 3302 καὶ
2386 3249 2530 3320 λάψῃ
2574 3252 2609 3321 ἡ
2642 3250 2883 3318 γλῶσσα
2937 3255 3062 3307 τῶν
3114 3258 3333 3311 κυνῶν
3402 3276 3514 3312 σου
3564 3260 3674 3313 ἀπὸ

1961 3340 2185 3392 ἑκάστου
2240 3338 2347 3390 τῶν
2397 3339 2608 3411 ἐχθρῶν
2661 3357 2780 3393 σου.
2836 3361 2856 3392 ›
2931 3345 3296 3416 Συντρίϐων
3357 3350 3491 3420 γὰρ
3541 3350 3671 3411 τοὺς

1963 3426 2152 3480 ἑαυτοῦ
2198 3426 2423 3496 ἐχθροὺς
2454 3427 2551 3478 καὶ
2598 3426 2702 3490 τὰς
2758 3430 3033 3497 κεφαλὰς
3086 3434 3301 3486 αὐτῶν
3375 3436 3660 3497 συνθλῶν,

1961 3517 2194 3586 ἐπλήρου
2240 3515 2331 3567 τὸν
2364 3514 2558 3567 ἐαυτοῦ
2604 3515 2749 3567 πόδα
2781 3517 3070 3586 αἵματος,
3108 3520 3213 3572 τοῦ
3276 3523 3360 3575 ὲκ
3394 3522 3521 3573 τῶν
3572 3539 3660 3575 κεν

1962 3605 2142 3673 φαλῶν
2188 3603 2284 3655 τοῦ
2319 3604 2514 3674 ἐχθροῦ
2567 3604 2741 3656 αὑτοῦ
2800 3607 3074 3675 ῥυέντος.
3134 3611 3241 3662 Διὸ
3307 3612 3564 3680 ἐλέγετο
3603 3612 3658 3664 ἐν

1972 3695 2197 3763 Ἠσαῖγ
2236 3713 2253 3744 ι
2290 3695 2383 3756 Τίς
2414 3687 2572 3755 οὗτος
2625 3697 2655 3746 ὁ
2707 3699 3207 3768 παραγενόμενος
3270 3700 3349 3765 ἐξ
3427 3700 3645 3769 Ἐδὼμ,

1961 3787 2205 3857 ἐρύθημα
2242 3786 2471 3855 ἱματίων
2502 3788 2567 3837 ἐκ
2589 3786 2770 3857 Βοσόρ
2797 3804 2812 3851 ;
2847 3807 2866 3837 ›
2897 3790 3003 3842 καὶ
3037 3790 3179 3860 ἐξῆς
3202 3811 3215 3823 ·
3248 3813 3271 3845 ι
3305 3793 3428 3846 Διά
3464 3792 3522 3843 τί
3559 3806 3646 3841 σου

1961 3874 2159 3945 ἐρυθρὰ
2197 3874 2264 3925 τὰ
2294 3874 2502 3943 ἱμάτια,
2549 3873 2643 3926 καὶ
2674 3875 2747 3926 τὰ
2784 3875 3091 3948 ἐνδύματά
3123 3898 3224 3933 σου
3279 3882 3373 3943 ὡς
3415 3883 3637 3933 ἀποπα-

1959 3966 2118 4035 τητοῦ
2143 3963 2323 4031 ληνοῦ,
2350 3964 2564 4033 πλήρης
2593 3981 2824 4033 πεπατη
2838 3967 3025 4039 μένης
3054 3986 3069 4033 ;
3106 3990 3124 4019 ι
3155 3967 3285 4023 Εἶθ’
3324 3971 3472 4041 ἑξῆς
3504 3970 3636 4021 ἀπο-

1961 4056 2200 4126 κρίνεται
2232 4055 2365 4125 πρὸς
2392 4055 2517 4117 τοὺς
2546 4056 2985 4126 ἐρωτήσαντας,
3026 4062 3133 4114 καί
3175 4080 3329 4133 φησι
3356 4081 3372 4093 ο
3424 4081 3445 4112 ι
3482 4063 3627 4114 Κατο

1962 4145 2206 4215 επάτησα
2231 4145 2425 4206 αὐτοὺς
2461 4145 2518 4195 ἐν
2548 4144 2712 4216 θυμῷ
2748 4164 2883 4217 μου.
2944 4169 2965 4199 ι
3000 4153 3124 4206 Καὶ
3162 4152 3432 4206 ἐνταῦθα
3448 4150 3625 4202 τοίνυν

1963 4233 2098 4304 μετὰ
2141 4233 2237 4303 τὴν
2288 4232 2577 4302 συντριϐὴν
2611 4234 2725 4287 τῶν
2778 4239 3064 4305 κεφαλῶν
3113 4241 3226 4293 τῶν
3302 4238 3620 4309 δρακόντων

1961 4325 2226 4376 λέλεκται·
2264 4342 2280 4373 ι
2315 4324 2500 4385 Ὅπως
2532 4323 2598 4376 ἂν
2648 4328 3036 4402 συγκατεὰξῃ
3068 4334 3100 4384 ὁ
3134 4328 3297 4391 ποῦς
3342 4343 3449 4379 σου
3504 4319 3634 4392 μετὰ

332 4410 684 4482 Symmachus
718 4413 1096 4479 interpretatus
1128 4418 1211 4463 est
1252 4409 1458 4470 dicens,
1493 4426 1512 4457 ‹
1550 4406 1613 4459 Ει
1654 4407 1827 4460 lamba

2130 4431 2236 4477 ος,»
2256 4414 2312 4483 ἢ,
2333 4415 2553 4477 «Ὅπως
2578 4416 2730 4487 βαφῇ
2755 4420 2785 4469 6
2803 4419 2956 4483 ποῦς
2982 4440 3087 4475 σου
3118 4426 3186 4477 ἐν
3220 4421 3469 4489 αἵματι,
3488 4414 3579 4467 καὶ
3601 4416 3629 4479 ἠ

331 4501 509 4571 lingua
536 4516 727 4555 canum
762 4510 997 4562 tuorum,
1027 4501 1094 4554 ab
1143 4512 1466 4567 unoquoque
1512 4496 1830 4550 inimicorun

2136 4518 2171 4554 α
2224 4500 2331 4553 τῶν
2366 4502 2544 4555 κυνῶν
2602 4522 2698 4557 σου
2760 4506 2824 4571 ἐξ
2887 4510 3128 4582 ἐχθρῶν
3187 4512 3348 4581 παρ’
3393 4504 3581 4562 αὐτοῦ.
3616 4519 3632 4548 ι

329 4599 564 4645 tuorum.
607 4611 625 4643 ›
660 4591 833 4646 Canes
868 4606 1027 4660 porro
1057 4589 1267 4643 Domini
1319 4586 1635 4656 sanguinem
1675 4586 1858 4639 inimi-

329 4695 514 4734 corum
547 4681 663 4748 ejus
697 4681 1009 4744 lambentes,
1045 4694 1182 4749 quos
1209 4693 1329 4732 esse
1358 4676 1583 4739 dixeris,
1611 4676 1715 4729 nisi
1739 4691 1854 4745 gre-

1967 4591 2105 4645 Ἀνθ’
2135 4585 2194 4643 οῦ
2228 4591 2552 4664 λευκότερον
2580 4597 2609 4647 6
2632 4596 2955 4669 Σύμμαχος
2991 4604 3409 4677 ἡρμήνευσεν
3435 4592 3598 4649 εἰπών
3620 4605 3631 4619 ·

1960 4701 1977 4733 ι
2006 4684 2115 4734 Καὶ
2146 4681 2288 4753 λάψῃ
2317 4684 2350 4752 ἠ
2388 4683 2615 4750 γλῶσσα
2662 4686 2777 4739 τῶν
2818 4691 3021 4745 κυνῶν
3057 4693 3163 4748 ἇου
3222 4691 3367 4751 ἀπὸ
3420 4686 3638 4740 ἑκαστον

329 4772 411 4841 gis
456 4771 625 4841 ipsius
663 4772 912 4826 custodes
955 4769 1239 4839 pervigiles
1283 4768 1374 4836 qui
1422 4766 1714 4820 Ecclesiam
1741 4765 1825 4833 eju

2141 4772 2298 4843 [θρῶν
2344 4790 2460 4826 σου.
2494 4794 2513 4826 ι
2550 4777 2743 4842 Κύνας
2779 4780 2840 4832 δὲ
2876 4782 2982 4835 τοῦ
3039 4786 3307 4857 Κυρίου
3343 4778 3640 4830 λάπτοντας

328 4868 565 4925 tuentur,
618 4863 731 4916 sive
755 4862 974 4915 ultrices
1017 4859 1280 4928 quasdam
1324 4857 1572 4922 virtutes,
1597 4871 1713 4925 qua:
1739 4871 1861 4910 con-

328 4950 564 5005 terendis
595 4950 825 5006 inimicis
838 4951 955 5019 ejus
979 4949 1315 5011 incumbunt,
1333 4962 1553 5017 quaeque
1566 4946 1856 5016 perniciem

333 5054 517 5094 eorum
546 5041 936 5109 quodammodo
958 5039 1243 5110 degustare
1264 5037 1551 5108 satagunt?

1954 4860 2014 4912 τὸ
2035 4855 2171 4929 αἷμα
2202 4860 2310 4915 τῶν
2341 4863 2558 4935 ἐχθρῶν
2591 4866 2764 4919 αὑτοῦ
2799 4869 2968 4934 τίνας
3001 4871 3074 4926 ἂν
3105 4855 3256 4931 εἷ’πο
3268 4886 3347 4928 ις
3380 4867 3419 4934 ἢ
3447 4865 3569 4922 τοὺς
3588 4858 3646 4908 τὰ

1960 4949 2183 5018 ποίμνια
2226 4951 2393 5005 αὑτοῦ
2430 4953 2811 5022 φυλάττοντας
2847 4960 3121 5029 φύλακάς
3169 4972 3390 5022 τινας
3438 4946 3653 5019 ἐγρητά

1962 5055 2107 5108 ρους.
2134 5039 2231 5111 τὴν
2264 5043 2599 5114 Ἐκκλησίαν
2632 5048 2807 5102 αὑτοῦ
2845 5054 3291 5125 φρουροῦντας
3332 5043 3407 5110 ,ἢ
3427 5050 3654 5108 τιμωρη-

330 5133 482 5197 τικάς
499 5151 646 5195 τινας
668 5135 916 5204 δυνάμεις
939 5132 1363 5203 ἐπεμϐαινούσας
1387 5134 1451 5201 τῇ
1507 5128 1761 5199 συντριϐῇ
1786 5129 1893 5182 τῶν
1929 5131 2137 5203 ἐχθρῶν
2163 5135 2332 5189 αὐτοῦ
2350 5178 2366 5203 ,
2424 5140 2524 5193 καὶ
2557 5140 2754 5214 ὥσπερ
2804 5145 3219 5214 ἀπογεύεσθαι
3278 5127 3668 5200 Λειρωέλέναῖ

328 5225 423 5293 τῆς
452 5225 717 5286 ἀπωλείας
749 5226 960 5289 αὑτῶν-ς

394 5332 558 5389 Vens.
587 5335 675 5398 ‘25,
704 5336 792 5390 26.
825 5354 844 5387 ι
899 5337 1013 5391 Visi
1060 5346 1187 5391 sunt
1230 5338 1506 5407 ingressus
1542 5332 1644 5395 tui,
1692 5332 1856 5397 Deus,

330 5423 603 5489 ingressus
631 5424 720 5478 Dei
743 5428 869 5489 mei,
906 5427 1048 5495 regis
1080 5430 1218 5491 mei,
1245 5427 1339 5497 qui
1375 5435 1457 5481 est
1500 5425 1553 5478 in
1585 5432 1791 5478 sancto.
1831 5442 1850 5474 ι

326 5508 454 5563 Haec
478 5522 861 5581 consequenter
888 5518 1309 5584 praecedentibus
1333 5517 1682 5587 adjiciuntur.
1716 5513 1855 5579 Quia

402 5658 444 5688 δ’
468 5656 605 5713 Psal.
633 5675 739 5728 cu,
766 5663 818 5718 l.
888 5666 931 5697 “
955 5666 1057 5721 lsa.
1088 5679 1236 5735 um,
1260 5671 1310 5725 l.

2019 5355 2051 5435 ἔ
2087 5338 2520 5435 ΖΕθεωρήθησαν
2560 5351 2620 5403 αἱ
2654 5355 2885 5425 πορεῖαί
2930 5374 3053 5423 σου,
3083 5360 3276 5429 Θεὸς,
3406 5340 3463 5391 αἱ
3496 5345 3686 5435 πορειαι

2082 5425 2220 5480 Θεοῦ
2260 5449 2388 5502 μου,
2429 5438 2525 5490 τοῦ
2566 5439 2843 5511 βασιλέως
2876 5464 3008 5517 μου,
3053 5450 3162 5504 τοῦ
3199 5425 3272 5511 έν,
3349 5425 3589 5513 ἴῷίένψ
3611 5442 3639 5477 ¹

1955 5515 2065 5567 καὶ
2090 5518 2264 5575 ταῦτα
2286 5530 2401 5591 τοῖς
2435 5531 2825 5603 προλεχθεῖσιν
2854 5514 3195 5610 ἀκολούθως
3213 5514 3588 5617 ἐγπψίιωπίί

1422 5670 1467 5701 ⁸⁸
1490 5669 1618 5724 ibid.
1643 5666 1697 5720 2.
1771 5664 1815 5697 ⁸⁵
1844 5665 1973 5721 ibid.
2010 5668 2063 5722 5.
