3796 6368
157 323 247 379 Ἱθθ
1247 326 1741 387 COMMENTARIA
1780 330 1845 383 IN
1881 330 2212 389 PSALMOS.
3205 345 3303 399 ’110

165 435 360 506 Ἐπειδὴ
399 436 507 509 γὰρ
554 439 624 494 τὰ
679 441 1038 511 θεσπιζόμενα
1085 445 1208 516 πρὶν
1251 446 1495 514 γενέσθαι
1555 462 1661 516 προ

1785 448 1924 501 enim
1953 463 2071 516 qua:
2094 449 2146 502 in
2175 447 2431 503 vaticinio
2474 448 2738 518 feruntur,
2791 461 3072 525 antequam
3124 464 3304 512 essent

155 524 415 595 εθεωρεῖτο
440 530 555 590 τοῖς
590 529 770 593 ἁγίοις
798 530 887 582 τοῦ
918 531 1047 584 Θεοῦ
1073 534 1383 603 προφήταις,
1419 533 1503 585 διὰ
1527 534 1661 585 τοῦτ‹

1778 538 2205 605 ριέενὶἀεὺδηιυι·
2229 554 2256 590 a
2281 540 2480 594 sanctis
2504 539 2594 594 Dei
2622 542 2912 610 prophetis,
2935 545 3051 598 ideo
3073 544 3263 598 dicitur
3281 564 3298 599 :

153 630 295 683 φησιν
327 612 564 677 ὁλόγος·
616 631 637 663 ε
685 616 1094 690 Ἐθεωρὴθησαν
1135 624 1187 674 αἱ
1232 624 1439 693 πορεῖαί
1496 640 1606 685 σου,
1652 642 1661 673 ι

1781 643 1799 675 ι
1844 624 1952 679 Visi
2009 635 2136 681 sunt
2183 629 2456 696 ingressus
2502 631 2600 692 tui,
2635 629 2793 684 Deus.
2825 652 2843 684 ι
2878 633 2976 698 Qui
3006 635 3297 704 ingressus,

152 706 276 766 Θεός.
304 723 321 754 ι
349 705 505 755 Ποῖαι
531 705 588 758 δὲ
613 713 860 779 πορεῖαις
894 712 1025 764 ἀλλά
1053 712 1234 785 πρώτη
1270 715 1370 784 μὴν
1403 717 1434 785 ἡ
1462 716 1661 777 κάθοδος

1776 714 1880 767 nisi
1934 717 2161 783 primum
2219 718 2511 773 descensus
2540 720 2656 787 ejus
2697 722 2749 774 in
2783 722 2950 785 Sinai,
2984 739 3046 776 ac
3085 740 3299 778 rursum

150 792 339 862 αὐτοῦὴ
378 793 433 844 ὲν
464 794 637 858 Σιναῒ,
669 800 767 850 acati.
801 800 957 853 πάλιν
997 802 1029 870 ἡ
1062 802 1314 865 ἀνάϐασις
1343 807 1373 874 ὴ
1418 807 1495 867 εἰς
1528 805 1675 873 ὕψος,

150 883 227 936 καὶ
255 879 403 945 αὖθις
442 887 473 953 ἡ
497 886 732 950 κάθοδος
751 892 784 959 ή
811 892 899 942 ἐπὶ
924 892 1098 945 Βασὰν
1138 895 1228 945 καὶ
1269 896 1300 963 ἡ
1335 894 1535 946 ἐκεῖθεν
1557 898 1674 947 ἐπι-

148 973 354 1045 στροφὴ,
403 975 437 1043 ἦ
480 992 537 1027 τε
589 978 759 1047 μέχρι
809 980 899 1032 τοῦ
949 982 1172 1035 Θανάτου
1219 984 1538 1047 κατάϐασις,
1585 985 1675 1036 καὶ

148 1061 363 1113 ἐντεῦθεν
411 1063 637 1128 διέξοδοι
685 1068 888 1131 αὐτοῦ,
935 1071 1027 1121 καὶ
1063 1071 1150 1123 ἐπὶ
1187 1073 1402 1141 πᾶσινὴ
1451 1073 1512 1123 ἐκ
1571 1072 1673 1124 τῶν

144 1153 297 1221 βυθῶν
321 1154 415 1223 τῆς
438 1153 726 1225 Θαλάσσης
760 1158 1013 1221 ἐπάνοδος
1038 1176 1051 1224 ;
1078 1155 1243 1213 Αὖται
1278 1163 1441 1214 πᾶσαι
1468 1164 1671 1231 πορεῖαι

146 1241 261 1313 ἦσαν
291 1243 379 1296 τοῦ
410 1245 750 1315 δηλουμένου
790 1249 1014 1319 Κυρίου,
1045 1251 1238 1312 αἵτινες
1273 1254 1380 1314 τοῖς
1419 1250 1508 1303 τοῦ
1542 1250 1670 1303 Θεοῦ

148 1335 418 1405 προφήταις
438 1333 833 1404 ὲθεωρήθησαν
856 1339 982 1407 πρὶν
1014 1338 1285 1406 γενέσθαι·
1328 1339 1405 1391 διὸ
1440 1341 1529 1392 καὶ
1556 1345 1671 1404 ταῖς

148 1426 475 1493 προφητικαῖς
524 1424 910 1495 παρεδόθησαν
972 1426 1223 1496 Γραφαίς.
1290 1428 1521 1491 Εἰκότως
1581 1426 1669 1482 οῦν

148 1509 351 1580 εἴρηται·
382 1527 399 1559 ι
440 1509 864 1582 Ἐθεωρὴθησαν
907 1515 960 1565 αἱ
1009 1517 1214 1585 πορεῖαί
1244 1534 1330 1568 σου
1356 1556 1370 1580 ,
1399 1519 1427 1569 6
1463 1518 1608 1582 Θεὸς.
1644 1539 1663 1570 ι

148 1595 238 1650 Εἶτ’
272 1600 621 1667 ἀσφαλίζεται
671 1602 940 1656 διδάσκων
990 1604 1139 1656 ποίου
1184 1606 1312 1657 Θεοῦ
1358 1611 1413 1659 αἱ
1460 1613 1667 1678 πορεῖαι

149 1690 522 1760 ὲθεωρήθησαψ
570 1691 655 1744 διὸ
697 1693 937 1757 ἐπιλέγει
963 1709 975 1720 ’
1026 1710 1043 1741 ι
1073 1694 1136 1743 Αἰ
1174 1699 1378 1764 πορεῖαι
1406 1698 1496 1749 τοῦ
1534 1698 1664 1751 Θεοῦ

1774 819 2033 859 ascensus
2068 807 2120 859 in
2156 807 2343 870 altum,
2380 808 2679 878 iterumque
2704 811 2994 865 descensus
3024 815 3078 866 in
3124 813 3300 869 Basan

1773 907 1834 944 ac
1863 909 2138 963 regressus
2160 894 2213 947 in
2245 896 2430 958 altum,
2462 904 2513 951 et
2552 914 2738 953 rursus
2768 901 3024 955 demissio
3057 902 3174 970 ejus
3206 918 3300 958 us-

1774 997 1877 1050 que
1928 983 1993 1034 ad
2050 993 2301 1047 mortem,
2329 993 2381 1038 et
2425 988 2600 1041 exitus
2644 990 2786 1045 illius
2811 1006 2872 1045 ex
2897 1006 2980 1055 ea,
3004 1007 3065 1046 ac
3107 1004 3300 1060 praeter

1774 1073 1885 1125 haec
1941 1075 2119 1126 omnia
2180 1076 2383 1130 reditus
2410 1092 2471 1130 ex
2503 1078 2767 1146 profundo
2795 1082 2987 1136 maris?
3020 1082 3078 1134 Hi
3111 1098 3298 1153 omnes

1772 1160 2044 1230 ingressus
2087 1170 2239 1216 erant
2284 1169 2561 1220 memorati
2605 1168 2834 1235 Domini,
2864 1171 2956 1239 qui
3013 1182 3294 1241 antequam

1769 1251 2087 1304 exsisterent
2116 1267 2144 1304 a
2180 1255 2451 1322 prophetis
2487 1254 2579 1309 Dei
2632 1258 2732 1310 visi
2778 1266 2902 1311 sunt
2935 1278 2946 1310 :
2978 1275 3143 1327 quare
3172 1275 3297 1329 pro-

1770 1337 1993 1405 pheticis
2021 1339 2074 1392 in
2128 1342 2340 1410 scriptis
2368 1346 2669 1413 consignati
2707 1355 2850 1401 sunt.
2905 1348 3030 1403 Jure
3068 1364 3194 1419 ergo
3218 1350 3297 1403 di-

1768 1435 1909 1480 ctum
1944 1437 2025 1483 est
2061 1448 2075 1483 :
2113 1448 2131 1480 ι
2166 1430 2277 1484 Visi
2310 1442 2434 1486 sunt
2462 1436 2733 1504 ingressus
2764 1438 2862 1500 tui,
2890 1438 3048 1494 Deus.
3084 1459 3101 1490 ι
3140 1439 3296 1493 Dein-

1767 1517 1936 1585 deque
1960 1534 2068 1573 rem
2092 1520 2371 1574 confirmat
2398 1523 2643 1578 indicans
2669 1526 2947 1595 cujusnam
2975 1526 3063 1581 Dei
3089 1529 3296 1598 ingres-

1767 1621 1859 1660 sus
1890 1609 1987 1662 visi
2018 1608 2249 1675 fuerint;
2283 1626 2404 1664 nam
2436 1613 2619 1679 adjicit
2648 1634 2659 1666 :
2690 1634 2707 1665 ι
2744 1616 3020 1686 Ingressus
3052 1618 3144 1672 Dei
3166 1620 3291 1681 mei,

1765 1696 1904 1764 regis
1950 1697 2073 1751 mei.
2111 1717 2130 1749 ι
2177 1697 2292 1752 Non
2338 1702 2647 1768 simpliciter
2674 1701 2795 1766 Dei,
2830 1718 2916 1759 aut
2963 1709 3102 1774 regis
3130 1748 3145 1772 ,
3200 1708 3295 1764 sed

152 1798 250 1848 μου,
279 1780 364 1833 τοῦ
391 1780 659 1850 βασιλέως
691 1798 816 1850 μου.
848 1801 866 1832 ›
898 1782 970 1833 Οὐ
1015 1781 1119 1853 γὰρ
1147 1784 1325 1847 ἁπλῶς
1368 1787 1519 1851 Θεοῦ,
1550 1790 1661 1841 οὐδὲ

1770 1801 1787 1831 ‹
1815 1783 1903 1836 Dei
1933 1785 2058 1838 mei.
2082 1804 2099 1836 ι
2130 1784 2242 1840 Hoc
2270 1804 2431 1856 porro
2454 1790 2626 1843 simile
2659 1788 2817 1843 fuerit
2848 1791 2946 1854 illi,
2967 1811 2985 1842 ι
3014 1770 3156 1846 Dixit
3191 1796 3295 1859 Doe

148 1870 407 1935 βασιλέως,
441 1869 578 1921 ἀλλὰ
605 1869 704 1922 τοῦ
757 1888 775 1921 ‹
806 1871 936 1923 Θεοῦ
977 1890 1095 1942 μου.
1146 1892 1163 1923 ι
1202 1875 1365 1927 Τοῦτο
1405 1876 1459 1929 δὲ
1490 1879 1664 1947 ὅμοιον

150 1960 365 2029 τυγχάνει
390 1957 497 2027 τῷ,
529 1977 548 2010 ι
581 1955 722 2011 Εἷπε
751 1959 951 2030 Κύριος
975 1962 1049 2031 τῷ
1081 1964 1264 2033 Κυρίῳ
1290 1982 1386 2033 μου
1406 1982 1419 1994 ⁸
1467 1985 1485 2017 ι
1516 1971 1542 2020 6
1570 1970 1664 2037 μὲν

149 2050 234 2117 γὰρ
253 2048 451 2117 πρῶτος
479 2050 507 2100 6
529 2050 626 2102 ἐπὶ
655 2051 875 2102 πάντων
908 2052 989 2120 εἴη
1021 2051 1084 2104 ἂν
1112 2053 1266 2115 Θεός’
1294 2057 1321 2106 ό
1342 2056 1397 2107 δὲ
1421 2056 1664 2129 δεύτερος

150 2138 316 2207 Κύριος
355 2138 381 2189 6
424 2138 671 2192 ἀκούων’
729 2157 748 2189 ι
784 2138 964 2191 Κάθου
1004 2142 1067 2192 ὲκ
1114 2140 1296 2205 δεξιῶν
1347 2162 1506 2213 μου,›
1538 2148 1663 2216 ἐμὸς

150 2224 365 2293 τυγχάνει
382 2224 583 2295 Κύριος
602 2240 615 2254 ⁸
652 2224 755 2286 διὸ,
781 2242 799 2274 ι
824 2219 956 2275 Εἶπε
980 2225 1175 2295 Κύριος
1193 2226 1266 2296 τῷ
1293 2229 1476 2298 Κυρίῳ
1500 2247 1616 2298 μου.
1640 2249 1657 2281 ι

152 2314 239 2365 Καὶ
259 2314 475 2366 ἐνταῦθα
499 2314 681 2367 τοίνυν
713 2314 807 2365 τὸν
851 2312 1093 2384 δεύτερον
1154 2318 1420 2385 σημαίνων
1449 2320 1476 2369 ὁ
1507 2320 1661 2383 αὐτὸς

152 2406 392 2475 προφήτης
440 2407 605 2475 φησίν
628 2424 643 2436 σ
681 2424 701 2457 ι
735 2408 804 2458 At
844 2410 1051 2478 πορεῖαι
1099 2408 1190 2460 τοῦ
1232 2409 1363 2462 Θεοῦ
1396 2429 1491 2481 μου
1514 2450 1528 2475 ,
1570 2412 1660 2464 τοῦ

155 2492 375 2560 βασιλέως
403 2512 535 2565 μου,
584 2493 681 2546 τοῦ
731 2495 792 2547 ὲν
822 2494 899 2564 τῷ
942 2496 1094 2565 ἁγίῳ.
1125 2515 1143 2546 ι
1203 2496 1324 2549 Ἐὰν
1369 2497 1473 2567 γὰρ
1524 2499 1662 2566 λέγω

155 2581 485 2653 θεωρουμένας
521 2585 751 2654 πορείας
773 2622 787 2647 ,
843 2586 914 2654 μή
951 2602 1032 2646 τις
1068 2583 1328 2655 νομιζέτω
1380 2604 1444 2657 με
1489 2588 1661 2657 λέγειν

154 2667 227 2721 τοῦ
254 2671 336 2721 ἐπὶ
377 2673 591 2724 πάντων
634 2671 806 2723 Θεοῦ’
840 2671 971 2723 ἀλλὰ
1014 2671 1104 2723 τοῦ
1140 2672 1269 2724 Θεοῦ
1301 2691 1398 2742 μου
1441 2676 1529 2726 καὶ
1570 2674 1659 2727 τοῦ

157 2758 380 2825 βασιλέως
424 2778 521 2829 μου
565 2763 805 2829 πορεῖαι.
862 2760 995 2812 Ἀλλ’
1040 2761 1220 2832 ἐπειδὴ
1269 2782 1286 2813 ‹
1325 2763 1659 2839 προέφθασαν

156 2848 371 2917 ἄρχοντες
427 2851 675 2921 ἐχόμενοι
734 2850 1035 2917 ψαλλόντων
1091 2853 1147 2904 ἐν
1214 2853 1359 2921 μέσῳ
1412 2854 1657 2909 νεανίδων

155 2946 573 3015 τυμπανιστριῶν.
612 2963 632 2997 ι
668 2944 834 2996 Αὐτοὶ
870 2943 973 3013 γὰρ
1004 2936 1144 2996 οῦτοι
1175 2946 1221 2996 οἱ
1264 2945 1659 3014 προφθάσαντες

156 3032 392 3103 ἄρχοντες,
428 3036 460 3106 ἢ
492 3037 540 3088 οἱ
566 3037 785 3107 ᾅδοντες
808 3036 898 3088 καὶ
927 3034 1191 3105 Πνεύματι
1219 3036 1353 3106 ἁγίῳ
1378 3036 1437 3089 τὸ
1474 3037 1657 3106 μέλλον

158 3120 457 3185 θεσπίζοντες
481 3163 495 3187 ,
537 3122 958 3194 προεθεώρησαν
1004 3121 1099 3185 τὰς
1144 3124 1359 3192 πορείας
1402 3122 1492 3175 τοῦ
1527 3123 1656 3176 Θεοῦ

159 3225 239 3275 μου
267 3213 459 3265 καὶτοῦ
486 3214 754 3283 βασιλέως
790 3231 910 3282 μου.
946 3207 1098 3265 Οὗτοι
1123 3212 1178 3264 δὲ
1212 3207 1346 3281 ἦσαν
1370 3214 1418 3264 οἱ
1453 3214 1658 3283 προφῆ-

155 3315 243 3361 ται,
270 3304 313 3354 οἱ
350 3305 756 3374 προφθάσαντες
789 3306 911 3366 τούς
954 3303 1088 3373 μετὰ
1112 3303 1281 3356 ταῦτα
1310 3303 1660 3373 προελθόντας

156 3387 461 3454 ἀποστόλους.
491 3392 595 3445 Δύο
632 3393 742 3465 γὰρ
776 3393 947 3463 χορῶν
975 3393 1070 3461 τὴν
1100 3392 1463 3471 τοῦΣωτῆρος
1507 3393 1659 3463 ήμῶν

158 3476 391 3546 θεολογίαν
411 3482 716 3552 ἀνθρώποις
751 3482 1214 3552 παραδεδωκότων,
1237 3482 1265 3532 6
1291 3482 1386 3551 μὲν
1418 3483 1657 3552 προφθά-

160 3580 236 3626 σας
262 3569 404 3637 χορὸς
433 3566 498 3639 ἦν
526 3573 554 3622 ὁ
588 3570 941 3640 προφητικδς,
990 3571 1017 3621 6
1047 3570 1103 3621 δὲ
1147 3568 1389 3639 δεύτερος
1426 3569 1657 3622 ἐπελθὼν

156 3652 290 3707 ὁτῶν
325 3658 627 3711 ἀποστόλων
663 3660 756 3711 καὶ
794 3657 1041 3728 μαθητῶν
1078 3657 1167 3709 τοῦ
1218 3658 1481 3728 Σωτῆρος.
1515 3659 1657 3729 Πλὴν

158 3740 267 3795 ἀλλά
291 3746 661 3819 ὲθεωρήθησαν
704 3750 757 3800 αἱ
784 3751 992 3817 πορεῖαι
1032 3746 1122 3799 τοῦ
1153 3746 1470 3816 δηλωθέντος
1493 3748 1653 3800 Θεοῦ·

158 3828 311 3897 ἧτοίς
356 3836 452 3903 μὲν
510 3837 824 3900 ἀποστόλοις
866 3836 1266 3906 ὲθεωρήθησαν,
1310 3838 1357 3890 οἳ
1405 3839 1495 3891 καὶ
1540 3837 1657 3906 ὄψει

159 3922 424 3989 παρέλαϐον
478 3925 546 3978 τὰ
599 3926 764 3979 πάλαι
821 3925 1114 3996 προγνώσει
1175 3928 1653 3997 προπεφωνημένα.

160 4000 290 4059 Οὗτοι
322 4011 413 4079 μὲν
450 4008 539 4065 οῦν
573 4016 757 4076 αὐτοῖς
799 4013 1088 4083 ὀφθαλμοῖς
1116 4013 1210 4075 τὰς
1248 4015 1463 4083 πορείας
1502 4014 1659 4068 ἐθεώ-

162 4110 301 4163 ρησαν
344 4102 431 4153 τοῦ
471 4103 640 4156 Θεοῦ’
690 4103 1031 4174 προέφθασαν
1073 4103 1130 4155 δὲ
1172 4104 1362 4167 αὐτοὺς
1408 4106 1657 4175 ἄρχοντές

160 4198 275 4249 τινες
301 4185 434 4243 οῦτοι
464 4195 511 4244 οἱ
553 4194 797 4262 ἐχόμενοι
835 4193 939 4246 τῶν
970 4192 1285 4262 ψαλλόντων.
1321 4195 1571 4264 Σημαίνει
1601 4194 1657 4246 δὲ

162 4270 333 4341 δλόγος
359 4279 446 4330 τὸν
473 4281 634 4333 Δαυῖδ
666 4282 822 4334 αὐτὸν
854 4283 1088 4344 καὶτοὺς
1119 4282 1211 4333 σὺν
1233 4282 1375 4352 αὐτῷ
1403 4284 1492 4335 καὶ
1522 4283 1657 4336 κατὰ

1764 1871 1940 1924 minus
1970 1872 2192 1927 Domino
2225 1891 2341 1929 meo
2382 1896 2393 1929 :
2444 1898 2462 1929 ι
2509 1881 2711 1946 primus
2771 1880 2964 1949 quippe
3018 1884 3296 1947 universoe

1763 1973 1882 2011 rum
1917 1958 2053 2014 Deus
2086 1960 2285 2026 fuerit;
2317 1965 2582 2017 secundus
2606 1980 2733 2018 vero
2762 1964 3037 2029 Dominus,
3073 1966 3163 2034 qui
3206 1981 3297 2033 au-

1762 2047 1858 2109 dit,
1896 2067 1913 2097 ‹
1955 2047 2087 2103 Sede
2116 2065 2145 2103 a
2169 2049 2369 2105 dextris
2399 2053 2609 2117 meis“,
2650 2073 2667 2104 ι
2702 2070 2851 2108 meus
2872 2053 3127 2108 Dominus
3157 2063 3238 2109 est
3273 2073 3289 2109 :

1761 2154 1943 2213 quare,
1981 2158 1999 2190 ι
2044 2140 2184 2193 Dixit
2225 2140 2481 2198 Dominus
2512 2142 2733 2197 Domino
2757 2160 2892 2198 meo.
2926 2164 2946 2195 ι
2985 2144 3082 2197 Hic
3126 2146 3292 2214 igitur

1761 2226 1906 2279 illum
1944 2230 2180 2293 secundo
2209 2231 2326 2285 loco
2371 2234 2599 2301 poSitum
2628 2236 2739 2302 ipse
2776 2233 3036 2302 Propheta
3086 2235 3290 2303 signifi-

1760 2329 1887 2369 cans
1917 2315 2046 2369 dicit
2075 2336 2088 2370 :
2126 2336 2144 2367 ι
2182 2317 2459 2388 Ingressus
2487 2320 2575 2375 Dei
2601 2322 2723 2383 mei,
2760 2323 2900 2390 regis
2938 2323 3064 2386 mei,
3096 2325 3292 2392 quiest

1761 2404 1813 2456 in
1850 2413 2055 2460 sancto.
2090 2426 2107 2457 ι
2134 2406 2264 2459 Nam
2320 2423 2439 2462 cum
2486 2410 2761 2479 ingressus
2818 2411 2984 2464 videri
3034 2412 3175 2475 dico,
3220 2428 3289 2467 ne

1759 2494 1881 2560 quis
1906 2496 2171 2550 existimet
2200 2498 2571 2552 universorum
2597 2498 2687 2553 Dei
2726 2499 2845 2553 illos
2871 2515 3023 2564 esse;
3060 2501 3151 2554 sed
3195 2500 3288 2556 Dei

1758 2582 1894 2645 mei,
1927 2584 2066 2653 regis
2095 2586 2198 2639 mei
2240 2586 2516 2656 ingressus
2540 2596 2685 2642 sunt.
2720 2586 2912 2642 Verum
2937 2591 3064 2658 quia
3100 2609 3117 2641 ι
3153 2608 3288 2660 prte-

1757 2681 2016 2725 venerunt
2042 2674 2309 2743 principes
2337 2676 2609 2743 conjuncti
2637 2677 3009 2744 psallenlibus,
3038 2679 3089 2731 in
3111 2680 3287 2735 medio

1753 2758 2157 2827 juvencularum
2213 2764 2725 2832 tympanistriarum.
2770 2785 2788 2815 ι
2844 2764 2906 2817 Ili
2969 2767 3109 2820 enim
3181 2768 3286 2837 ipsi

1758 2849 2027 2918 principes
2058 2851 2147 2919 qui
2186 2859 2576 2920 praevenerunt,
2604 2854 2715 2907 sive
2746 2854 2837 2922 qui
2877 2867 3095 2919 canunt,
3133 2866 3185 2909 et
3230 2858 3287 2911 in

1760 2935 1961 3006 Spiritu
1996 2949 2183 2995 sancto
2212 2940 2389 2994 futura
2415 2943 2795 3010 praenuntiant,
2821 2945 3179 3011 praeviderunt
3202 2945 3289 2998 in-

1684 3073 1724 3127 c
1760 3044 1979 3098 gressus
2030 3028 2119 3083 Dei
2165 3031 2268 3083 mei
2317 3032 2456 3100 regis
2502 3032 2624 3085 mei.
2681 3032 2758 3085 Illi
2806 3048 2970 3096 vero,
3017 3035 3293 3103 prophetae

1758 3132 1965 3186 nempe,
1997 3120 2287 3187 apostolos,
2317 3121 2407 3190 qui
2455 3130 2575 3189 post
2624 3137 2849 3187 venere,
2883 3133 3284 3190 praevenerunt.

1756 3206 1963 3261 Etenim
2020 3224 2141 3262 cum
2183 3209 2288 3263 duo
2321 3210 2469 3263 chori
2520 3209 2811 3264 Salvatoris
2864 3213 3032 3264 nostri
3077 3212 3287 3266 theolo-

1755 3296 1895 3364 giam
1946 3296 2250 3352 horninibus
2299 3299 2633 3361 tradiderint,
2679 3299 2768 3366 qui
2818 3299 3020 3367 primus
3064 3301 3283 3367 prodiit,

1756 3385 2097 3454 propheticus
2124 3386 2493 3455 chorus,erat;
2524 3387 2613 3455 qui
2645 3403 2770 3439 vero
2808 3389 3077 3441 secundus
3102 3402 3286 3444 acces-

1756 3473 1843 3535 sit,
1878 3474 2245 3543 apostolorum
2269 3475 2719 3543 etdiscipulorum
2748 3474 2945 3529 Christi
2970 3475 3168 3530 chorus
3192 3493 3285 3530 ex-

1756 3563 1909 3618 stitit.
1941 3563 2202 3618 Cmterum
2233 3566 2333 3619 visi
2365 3572 2491 3619 sunt
2535 3565 2808 3633 ingressus
2835 3567 3113 3619 memorati
3148 3565 3282 3635 Dei;

1755 3652 1867 3707 sive
1892 3652 2145 3719 apostolis
2173 3652 2387 3721 quidem
2417 3653 2515 3705 visi
2564 3660 2708 3714 sunt,
2738 3653 2827 3720 qui
2876 3668 2994 3721 quae
3042 3654 3169 3707 olim
3217 3671 3285 3709 ex

1756 3743 2094 3812 praescientia
2134 3743 2485 3812 praenuntiata
2520 3742 2729 3797 fuerant
2777 3744 2907 3813 ipsis
2946 3745 3118 3799 oculis
3154 3759 3286 3799 con-

1756 3844 2061 3905 spexerunt.
2109 3836 2173 3890 Hi
2211 3837 2389 3906 itaque
2436 3837 2630 3891 oculati
2666 3838 2940 3907 ingressus
2986 3838 3078 3893 Dei
3116 3848 3285 3896 testes

1756 3928 1904 3981 fuere
1934 3946 1946 3980 :
1982 3927 2125 3995 ipsos
2156 3933 2331 3980 tamen
2357 3935 2721 3994 praevenerunt
2750 3927 3017 3994 principes
3068 3929 3284 3997 quidam

1756 4018 2028 4086 conjuncti
2077 4016 2425 4086 psallentibus
2456 4034 2468 4069 :
2502 4016 2654 4085 queis
2728 4015 3098 4083 significantur
3158 4032 3282 4070 cum

1756 4108 1869 4178 ipse
1908 4106 2092 4170 David,
2140 4114 2249 4159 tum
2306 4106 2342 4159 ii
2392 4107 2483 4175 qui
2532 4120 2636 4158 una
2692 4119 2809 4157 cum
2841 4119 2905 4157 eo
2956 4112 3085 4157 tunc
3117 4105 3283 4161 duces

1760 4195 1938 4263 populi
1968 4201 2138 4247 erant.
2190 4192 2252 4244 Hi
2286 4192 2559 4260 conjuncti
2612 4190 2965 4261 psallentibus
3012 4206 3282 4258 praevene-

1755 4286 1879 4330 runt
1901 4278 1953 4331 in
1970 4278 2559 4345 mediojuvencularum
2591 4276 3100 4344 tympanistriarum.
3125 4276 3282 4332 Tales

164 4364 261 4425 τοὺς
291 4369 474 4432 αὐτοὺς
517 4373 738 4442 χρόνους
775 4373 1099 4442 ἡγουμένους
1128 4372 1219 4426 τοῦ
1264 4372 1421 4427 λαοῦ·
1471 4375 1657 4437 οἵτινες

1763 4377 1900 4421 certe
1927 4376 2077 4420 erant
2122 4365 2355 4419 Iudaica:
2383 4378 2678 4434 synagogae,
2719 4361 3044 4429 imperfecta:
3075 4364 3282 4418 scilicet

166 4452 371 4522 ἐχόμενοι
399 4460 500 4512 τῶν
548 4462 852 4530 ψαλλόντων
888 4462 1226 4533 προέφθασαν
1269 4465 1325 4516 ὲν
1367 4465 1511 4533 μέσῳ
1538 4480 1658 4517 νεαρ

165 4539 290 4595 νὶδων
315 4554 759 4621 τυμπανιστριῶν.
780 4553 1032 4604 Τοιαῦται
1060 4553 1116 4604 δὲ
1137 4549 1271 4622 ἦσαν
1296 4555 1350 4605 αἱ
1383 4553 1658 4605 Ἰουδαῖκαὶ

168 4638 456 4702 συναγωγαὶ,
484 4640 693 4705 ἀτελεῖς
719 4643 812 4695 καὶ
850 4643 1010 4694 εἰσέτι
1037 4645 1285 4708 νεάνιδες,
1326 4645 1479 4697 πλέον
1510 4646 1659 4697 οὐδὲν

167 4717 477 4791 ἐπιστάμεναι
520 4729 554 4798 ἢ
598 4732 898 4801 τυμπάνοις
939 4731 1164 4801 χρῆσθαι
1191 4737 1301 4795 τοῖς
1340 4736 1658 4802 σωματικοῖς

171 4804 375 4877 ὀργάνοις
408 4818 467 4868 ὲκ
503 4818 661 4888 δορᾶς
699 4820 903 4890 νεκρῶν
936 4819 1085 4881 ζώων
1127 4822 1652 4891 κατεσκευασμένοις.

171 4891 241 4946 Διὸ
260 4904 653 4974 τυμπανίστριαι
680 4908 943 4977 εἴρηνται,
972 4906 1048 4975 τῷ
1075 4908 1231 4976 μηδὲν
1260 4907 1441 4976 ἕτερον
1465 4909 1657 4963 εἰδέναι

178 4979 203 5049 ἦ
226 4984 279 5037 τὰ
309 4995 569 5061 σωματικὰ
598 4997 691 5050 τοῦ
714 4998 881 5066 νόμου
906 4997 1345 5066 παραγγέλματα.

235 5110 252 5142 ι
284 5096 360 5151 Ἐν
396 5101 728 5175 Ἐκκλησίαις
754 5107 1019 5173 εὐλογεῖτε
1045 5106 1133 5159 τὸν
1178 5107 1305 5191 Θεδν
1349 5105 1545 5175 Κύριον
1599 5109 1663 5161 ὲκ

186 5183 336 5248 πηγῶν
373 5187 588 5263 Ἰσραήλ.
617 5215 637 5249 ι
695 5197 853 5251 Μετὰ
900 5198 1020 5258 τοὺς
1051 5183 1525 5267 προθεωρήσαντας
1566 5198 1665 5260 τὰς

184 5267 253 5318 τοῦ
297 5273 589 5345 animum;
624 5285 763 5339 Θεοῦ
802 5284 1047 5352 πορείας,
1093 5283 1392 5345 ἀκολούθως
1429 5285 1457 5335 6
1507 5283 1665 5352 λόγος

193 5353 353 5425 ἑτέροις
376 5370 471 5419 τισὶ
518 5374 647 5439 μετὰ
689 5374 820 5433 τοὺς
868 5371 1103 5440 πρώτους
1128 5362 1442 5441 γενομένους
1493 5389 1667 5443 προσ-

193 5452 320 5504 φωνεί
332 5449 480 5519 λέγων
498 5475 509 5487 ·
544 5478 560 5509 ι
600 5461 687 5513 Ἐν
714 5458 1028 5526 ἐκκλησίαις
1054 5462 1313 5530 εὐλογεῖτε
1336 5461 1425 5514 τὸν
1443 5461 1606 5515 Θεόν·
1638 5482 1658 5515 ι

247 5594 411 5654 “Psal.
437 5620 531 5669 cn,
564 5610 609 5663 f.

1758 4462 1810 4510 et
1860 4455 2032 4508 adhuc
2068 4454 2383 4523 juvenculae,
2416 4453 2561 4505 nulla
2615 4451 2717 4501 alia
2758 4449 2982 4501 scientia
3022 4449 3280 4518 praedita},

1758 4561 1916 4615 quam
1954 4553 2010 4598 ut
2032 4543 2294 4615 tympanis
2323 4542 2434 4596 sive
2459 4538 2729 4607 corporeis
2762 4537 3134 4593 instrumentis
3158 4549 3279 4593 ute-

1758 4644 1965 4699 rentur,
2009 4650 2072 4689 ex
2101 4643 2430 4687 mortuorum
2465 4628 2775 4682 animalium
2818 4628 2954 4696 pelle
2999 4629 3278 4683 confectis.

1758 4725 1934 4789 Quare
1992 4722 2374 4795 tympanistria:
2433 4720 2705 4781 dicuntur,
2764 4717 2908 4786 quod
2950 4717 3085 4771 nihil
3139 4716 3283 4771 aliud

1760 4823 2002 4879 nossent,
2026 4829 2184 4884 quam
2209 4825 2463 4882 corporea
2486 4810 2615 4878 legis
2638 4815 2923 4877 praecepta.

1830 5104 1995 5159 Vens.
2022 5103 2111 5167 27,
2135 5100 2221 5154 28.
2250 5116 2268 5148 c
2295 5095 2353 5150 In
2384 5094 2632 5149 Ecclesiis
2659 5092 2957 5146 benedicite
3009 5088 3117 5145 Deo
3177 5088 3283 5146 Do.

1765 5193 1910 5246 mino
1939 5191 2005 5244 de
2048 5187 2282 5242 fontibus
2326 5183 2505 5237 Israel.
2543 5199 2561 5232 ι
2597 5178 2668 5231 De
2702 5180 2769 5233 iis
2808 5180 3017 5233 locutus
3058 5178 3146 5245 qui
3188 5176 3284 5233 Dei

1763 5283 1873 5353 jam
1918 5278 2191 5335 memorati
2239 5276 2514 5343 ingressus
2557 5270 2933 5337 praeviderant,
2995 5275 3114 5336 post
3161 5268 3286 5323 illos

1768 5375 1973 5445 primos
2001 5372 2382 5435 consequenter
2427 5362 2560 5414 alios
2591 5361 2876 5426 compellat
2902 5358 3085 5411 dicens
3112 5372 3177 5445 τι
3227 5359 3287 5445 l-n

1768 5441 2005 5522 ecclesiis
2050 5453 2339 5512 benedicite
2386 5448 2513 5503 Deo.
2551 5468 2569 5498 ι
2601 5445 2735 5510 Quia
2778 5461 2904 5501 vero
2942 5445 2991 5498 hi
3022 5458 3050 5496 a
3081 5441 3292 5512 princi-
