3796 6390
1389 392 1882 453 COMMENTARIA
1918 396 1985 450 IN
2024 396 2355 453 PSALMOS.

733 503 1036 585 φθαλείμ.
1083 518 1202 570 Ἐπὶ
1233 518 1421 588 σχολῆς
1446 520 1488 571 δ’
1528 521 1593 575 ἄν
1622 536 1704 581 τις
1735 536 1815 586 φι-

1920 533 2041 571 nam
2075 520 2246 573 cuivis
2279 518 2536 587 quaarenti
2560 518 2716 574 datur
2743 535 2775 576 a
2823 521 3103 580 Servatore
3146 526 3444 582 inveniendi

374 575 527 678 ῗαξι
570 582 714 678 ’τὴν
781 597 1041 658 ἑκάστου
1100 608 1205 660 τῶν
1257 610 1558 661 ἀποστόλων
1609 610 1824 678 εὑρήσει
1922 608 2205 672 promissio
2227 608 2286 660 ⁵⁰.

76 454 159 521 πθ
237 471 579 545 θῬΧοντας
625 489 729 548 Ne.

92 575 149 665 ιι
204 547 372 665 At

124 653 393 775 :VY.
442 660 603 775 ,ᾖξε-’⁸
666 690 862 742 παντὶ
916 695 1002 764 τῷ
1060 697 1300 766 ζητοῦντι
1349 700 1381 763 ή
1429 698 1525 761 τῆς
1564 653 1823 765 εῦρῖσέως

136 746 413 854 ἳζῑβτὲ
435 755 555 814 ὑπὸ
573 768 683 822 τοῦ
722 746 1001 853 Σωτῆρος
1032 746 1341 849 ἐπαγγελία.

254 902 277 931 ‘
344 847 661 925 Ἒντειλαι,
695 863 727 915 ὁ
773 847 935 930 Θεὸς,
974 873 1068 939 τὴν
1096 847 1315 940 δύναμιν
1346 887 1456 935 σου,
1493 872 1819 941 δυνάμωσον,

226 945 441 1017 δεδέὸς,
463 950 630 1005 τοῦτο
648 953 679 1004 ὸ
702 960 1063 1028 κατειργάσω
1088 961 1231 1030 ἡμῖν.
1255 979 1273 1012 ι
1302 962 1526 1013 ’Ἐπεται
1547 964 1638 1015 καὶ
1656 962 1820 1015 ταῦτα

258 1053 366 1109 τοῖς
414 1042 823 1115 προλεχθεῖσιν.
875 1048 1090 1117 Ἐπειδὴ
1130 1048 1234 1118 γὰρ
1270 1050 1612 1120 προφητικῶς
1659 1068 1821 1120 προσ-

245 1136 481 1188 έταττεν
511 1136 540 1186 ὁ
578 1132 741 1202 λόγος
770 1139 883 1199 τοῖς
914 1138 1222 1201 ἀποστόλοις
1245 1141 1300 1191 ἐν
1329 1141 1635 1210 ἐκκλησίαις
1669 1141 1819 1201 αὐλο-

238 1225 369 1288 γεῖν
394 1222 493 1276 τὸν
526 1223 759 1295 Κύριον,
790 1227 885 1278 καὶ⁴
930 1227 1083 1278 τοῦτο
1120 1232 1285 1280 ποιεῖν
1325 1228 1396 1298 μὴ
1425 1230 1622 1300 ἐτέρων
1662 1230 1818 1283 τινῶν

220 1315 619 1385 ὁρμωμένους
670 1318 880 1386 λόγων,
915 1319 1026 1371 ἀλλ’
1074 1321 1137 1372 ἐκ
1188 1322 1292 1373 τῶν
1340 1322 1523 1391 πηγῶν
1589 1322 1814 1391 Ἰσραὴλ,

219 1404 575 1468 ἀκολούθως
613 1407 756 1475 ὑπὲρ
786 1407 963 1459 αὐτῶν
989 1408 1148 1478 εὐχὴν
1174 1410 1478 1479 ἀναπέμπει
1512 1410 1571 1463 τὸ
1600 1411 1817 1480 Πνεῦμα

200 1495 281 1546 τὸ
313 1494 709 1564 προφητικὸν,
742 1498 946 1564 φάσκον
968 1515 980 1527 ·
1008 1516 1026 1548 ι
1058 1498 1336 1562 Ἐντειλαι,
1368 1502 1396 1552 δ
1428 1493 1575 1565 Θεὸς,
1602 1501 1698 1571 τὴν
1723 1501 1814 1552 δύο

197 1585 401 1654 ναμίν
459 1601 564 1636 σου
590 1602 604 1615 ·
643 1606 664 1637 ι
707 1586 840 1638 ὡσεὶ
882 1587 1204 1657 σαφέστερον
1253 1589 1430 1657 ἔλεγεν
1455 1605 1467 1619 ’
1530 1591 1816 1644 Ἑπισπευ-

186 1673 383 1726 om
425 1674 469 1743 ἠ
497 1673 740 1744 δύναμίς
770 1692 885 1738 σου,
921 1676 1013 1728 καὶ
1038 1678 1356 1749 συνεργείτω
1385 1681 1494 1741 τοῖς
1530 1680 1778 1751 ἀνδράσιν
1796 1697 1810 1712 ·

183 1761 369 1815 ἀλλὰ
417 1763 530 1814 καὶ
555 1763 659 1833 ἤδη
690 1764 821 1815 ποτὲ
845 1767 910 1834 τῇ
935 1765 1076 1834 ἰσχύϊ
1102 1782 1192 1818 σου
1221 1766 1286 1819 δι’
1314 1767 1486 1839 ἔργων
1517 1771 1812 1840 χωρησάτω

177 1854 277 1905 τὰ
316 1853 825 1923 προφητευόμενα
845 1869 859 1883 ο
894 1854 1159 1909 καὶτοῦτο
1187 1856 1243 1909 δὲ
1268 1856 1297 1908 δ
1326 1860 1662 1928 κατειργάσω
1690 1861 1817 1929 ἡμῖν

175 1945 269 2011 τῇ
322 1946 405 2011 σῇ
444 1941 625 2012 βουλῇ
659 1943 974 2014 προορίσας,
1009 1946 1101 1997 καὶ
1130 1945 1257 1997 αὐτὸ
1287 1946 1631 2016 δυνάμωσονο
1672 1950 1816 2012 ὅπως

170 2033 267 2099 τῇ
322 2034 410 2101 σῇ
444 2032 691 2102 δυνάμει
718 2032 897 2102 ἔργοις
936 2033 1318 2105 ἐπιτελεσθείη.
1343 2036 1405 2087 Τί
1432 2035 1488 2088 δὲ
1514 2032 1581 2107 ἦν
1602 2037 1754 2091 τοῦτο
1778 2040 1812 2108 ἢ

171 2119 259 2171 τὸ
307 2118 474 2188 ἑξῆς
528 2120 949 2189 ἐπιφερόμενον,
991 2136 1009 2168 ι
1051 2120 1170 2171 Ἐπὶ
1209 2119 1299 2174 τὸν
1332 2122 1454 2175 ναόν
1487 2140 1577 2176 σου
1624 2124 1713 2177 τὸν
1758 2127 1815 2178 ἐν

186 2206 631 2282 Ἰερουσαλὴμ
670 2209 753 2259 σοὶ
779 2207 984 2260 οἴσουσι
1020 2209 1256 2278 βασιλεῖς
1282 2212 1453 2281 δῶρα;
1485 2232 1504 2263 ι
1529 2213 1683 2267 τοῦτο
1709 2216 1813 2288 γάρ

174 2301 359 2352 αὐτὸ
393 2297 887 2366 ἐπαγγειλάμενος
926 2300 1057 2368 ἡμῖν
1086 2299 1390 2370 δυνάμυσον
1418 2303 1682 2369 γενέσθαι.
1713 2306 1815 2356 Βα-

181 2390 407 2450 σιλεῖς
452 2388 518 2440 δὲ
564 2387 657 2439 διὰ
684 2386 839 2439 τοῦτο
872 2389 928 2439 αί
979 2388 1237 2456 βασιλεῖαι
1274 2390 1373 2459 τῆς
1403 2392 1504 2460 γῆς
1551 2392 1809 2463 εἴρηνται,

174 2476 327 2528 τῶν
352 2475 558 2528 ἐθνῶν
580 2476 835 2528 ἁπάντων
857 2476 1041 2529 τοῦτον
1070 2481 1469 2549 σημαινομένων
1486 2483 1575 2535 τὸν
1595 2485 1807 2555 τρόπον.

178 2563 387 2627 Neci);
434 2563 502 2616 δὲ
529 2564 592 2614 ἐν
635 2562 1004 2632 Ἰερουσαλὴμ,
1033 2565 1113 2632 ἐφ’
1140 2565 1196 2617 ὃν
1225 2566 1291 2617 τὰ
1323 2567 1467 2638 δῶρα
1505 2569 1735 2624 οἴσουσιν
1761 2574 1809 2623 οἱ

189 2655 515 2724 βασιλεῖς,
546 2653 660 2705 οὐδ’
691 2653 876 2723 ἔτερος
927 2653 991 2705 ἂν
1030 2654 1110 2723 εἴη
1143 2655 1240 2723 τῆς
1285 2655 1555 2724 βασιλείας
1593 2660 1698 2712 τῶν
1724 2661 1811 2712 οὐ-

190 2747 419 2817 ρανῶν
444 2760 461 2774 ⁸
523 2746 691 2814 εἰπερ
744 2745 899 2813 ῐσμεν
958 2745 1298 2815 Ἰερουσαλὴμ
1347 2748 1657 2817 ἐπουράνιον
1680 2790 1694 2813 ,
1743 2753 1808 2821 ἢν

190 2836 446 2900 ἔδειξεν
488 2835 521 2887 ὁ
557 2834 765 2887 εἰπών·
806 2854 823 2885 ι
859 2836 921 2886 Ἠ
951 2835 1006 2887 δὲ
1036 2836 1145 2888 ἀνω
1186 2836 1530 2909 Ἰερουσαλὴμ
1554 2840 1808 2912 ἐλευθέρα

192 2927 404 2989 ἐστὶν,
439 2927 573 2995 ἥτις
595 2925 716 2976 ἐστὶ
748 2926 927 2994 μήτηρ
947 2925 1127 2993 ἡμῶν·
1155 2944 1173 2975 ι
1194 2928 1305 2988 καὶ,
1335 2946 1353 2977 ι
1378 2929 1806 3001 Προσεληλύθατε

197 3014 372 3068 Σιὼν
399 3015 535 3085 ὄρει
571 3014 668 3064 καὶ
693 3012 841 3064 πόλει
864 3012 996 3064 Θεοῦ
1026 3013 1239 3076 ζῶντος,
1283 3016 1627 3088 Ἰερουσαλὴμ
1651 3020 1808 3072 ἐπου-

3348 408 3447 462 ἰιι

1990 871 2149 925 Vens.
2182 871 2272 926 29.
2310 890 2329 921 ι
2368 871 2578 936 Manda,
2609 872 2767 937 Deus,
2800 875 2981 927 virtuti
3012 883 3152 940 tua};
3192 882 3443 932 conﬁrma

1921 960 2039 1023 hoc,
2072 960 2231 1025 Deus,
2260 961 2403 1029 quod
2436 969 2693 1030 operatus
2720 979 2778 1017 es
2813 964 2866 1016 in
2898 964 3075 1018 nobis.
3106 983 3123 1015 ι
3160 964 3283 1019 Haec
3312 982 3444 1036 pra:-

1918 1050 2230 1104 cedentibus
2285 1060 2695 1105 connectuntur.
2756 1053 2890 1118 Quia
2942 1054 3083 1108 enim
3142 1056 3443 1123 praphetice

1916 1138 2221 1206 praecipitur
2274 1140 2531 1207 apostolis
2578 1140 2631 1193 in
2684 1140 2928 1195 ecclesiis
2987 1141 3303 1196 benedicere
3343 1141 3444 1195 Do-

1917 1229 2095 1293 mino,
2130 1230 2288 1298 idque
2327 1239 2579 1298 praestare
2622 1245 2730 1283 non
2778 1230 2897 1284 aliis
2929 1232 3264 1287 sermonibus
3292 1248 3441 1287 exon»

1916 1332 2006 1372 sos
2029 1359 2042 1380 ,
2074 1319 2166 1371 sed
2197 1334 2259 1373 ex
2296 1319 2533 1373 fontibus
2587 1319 2782 1384 Israel;
2815 1329 3208 1389 consequenter
3242 1337 3341 1391 pro
3378 1323 3446 1379 iis

1914 1405 2204 1460 orationem
2262 1406 2496 1475 Spiritus
2546 1407 2895 1476 propheticus
2938 1408 3181 1473 eﬁ‘undit,
3212 1410 3442 1466 dicens:

1918 1513 1935 1545 ι
1976 1495 2187 1561 Manda,
2218 1495 2377 1562 Deus,
2409 1498 2591 1550 virtuti
2618 1506 2765 1558 tuae;
2806 1515 2824 1548 ι
2862 1511 2925 1550 ac
2956 1498 3003 1552 si
3034 1500 3271 1566 apertius
3303 1501 3447 1555 dice-

1913 1592 1994 1638 ret
2029 1604 2042 1639 :
2076 1584 2313 1641 Festinet
2335 1587 2504 1640 virtus
2534 1594 2623 1639 tua
2646 1624 2659 1648 ,
2687 1586 2900 1656 illisque
2925 1587 3055 1641 viris
3078 1596 3395 1657 cooperetur
3419 1607 3435 1652 ;

1913 1674 2008 1727 sed
2054 1675 2137 1729 vel
2167 1690 2289 1730 sero
2322 1676 2538 1730 tandem
2588 1676 2787 1730 virtute
2837 1683 2929 1728 tua
2981 1691 3101 1746 quae
3139 1677 3446 1747 prophetice

1913 1762 2055 1816 dicta
2084 1770 2209 1818 sunt
2241 1779 2403 1833 opere
2429 1765 2800 1833 compleantur
2825 1783 2839 1818 :
2873 1773 2926 1818 et
2955 1765 3056 1820 hoc
3098 1765 3273 1836 ipsum
3300 1768 3443 1836 quod

1915 1860 2166 1922 Operatus
2204 1868 2264 1908 es
2302 1854 2356 1907 in
2406 1854 2563 1909 nobis
2607 1862 2890 1923 postquam
2931 1854 3173 1909 iuturqu
3202 1870 3323 1911 esse
3352 1874 3446 1911 vo-

1916 1943 2118 1998 luntate
2145 1952 2234 1996 tua
2272 1943 2576 2005 delinieras,
2609 1946 2867 1998 conﬁrma
2894 1981 2907 2005 ,
2941 1951 2999 1997 ut
3044 1948 3308 2014 potestate
3354 1954 3445 2000 tua

1913 2044 1999 2085 res
2032 2030 2147 2100 ipsa
2191 2028 2517 2098 perﬁciatur.
2547 2028 2683 2094 Quid
2734 2039 2910 2085 autem
2946 2032 3087 2086 aliud
3129 2032 3260 2086 illud
3304 2044 3442 2095 erat,

1911 2136 2071 2190 quam
2101 2120 2152 2174 id
2181 2119 2324 2189 quod
2350 2118 2609 2187 sequitur,
2650 2136 2668 2169 ι
2705 2118 2784 2173 Ad
2812 2120 3063 2190 templum
3098 2130 3245 2175 tuum
3275 2121 3330 2176 in
3350 2121 3442 2176 Je-

1912 2212 2143 2265 rusalem
2188 2211 2283 2263 tibi
2335 2209 2558 2264 oﬁ'erent
2604 2225 2756 2279 reges
2787 2211 3051 2265 munera?
3088 2229 3107 2262 ι
3146 2210 3258 2266 Hoc
3299 2212 3442 2267 enim

1911 2303 2083 2370 ipsum
2108 2300 2251 2369 quod
2284 2300 2440 2354 nobis
2472 2300 2766 2370 promisisti
2811 2301 3085 2366 conﬁrma,
3124 2310 3182 2355 ut
3212 2302 3438 2356 eveniat.

1913 2391 2080 2460 Reges
2110 2399 2287 2444 autem
2314 2403 2475 2458 regna
2521 2397 2678 2443 teme
2721 2389 3045 2457 signiﬁcant,
3080 2405 3186 2458 qua
3233 2391 3441 2446 ratione

1910 2479 2170 2532 universa:
2191 2487 2375 2547 gentes
2408 2477 2728 2531 indicantur.
2760 2477 3037 2547 Templum
3066 2486 3243 2533 autem
3270 2479 3324 2532 in
3351 2478 3442 2534 Je-

1908 2568 2164 2629 rusalem,
2216 2583 2323 2637 quo
2372 2566 2612 2621 deferent
2666 2582 2820 2636 reges
2870 2582 3112 2631 munera,
3144 2584 3252 2623 non
3293 2569 3440 2623 aliud

1908 2655 2067 2712 fuerit
2099 2672 2258 2725 quam
2287 2671 2507 2725 regnum
2541 2656 2819 2711 caelorum.
2869 2655 3123 2711 Novimus
3174 2658 3436 2728 siquidem

1905 2746 2200 2802 Jerusalem
2230 2748 2499 2802 cmlestem
2553 2761 2712 2814 quam
2763 2746 3016 2803 iudicavit
3058 2748 3325 2817 quispiam
3355 2748 3441 2803 his

1908 2838 2123 2892 verbis:
2155 2855 2173 2887 ι
2203 2837 2276 2891 Ea
2319 2853 2446 2891 vero
2489 2853 2607 2907 qua:
2650 2852 2865 2891 sursum
2908 2846 2991 2891 est
3021 2836 3338 2904 Jerusalem,
3373 2839 3440 2891 li-

1907 2929 2033 2983 bera
2060 2937 2163 2991 est,
2195 2944 2312 2997 quae
2340 2935 2422 2983 est
2474 2936 2642 2981 mater
2686 2941 2865 2982 nostra
2887 2930 2928 2959 δι
2955 2947 2970 2995 ;
3013 2949 3031 2980 ι
3065 2936 3117 2983 et
3146 2947 3158 2982 :
3186 2946 3205 2978 ι
3249 2929 3443 2983 Acces-

1906 3014 2055 3068 sistis
2101 3014 2167 3067 ad
2212 3014 2341 3067 Sion
2389 3022 2623 3067 montem
2666 3024 2717 3067 et
2757 3016 3029 3069 civitatem
3076 3016 3168 3070 Dei
3211 3017 3441 3072 viventis

206 3107 441 3175 ρανίῳ.
478 3124 498 3156 ι
560 3104 782 3172 Ταύτης
834 3098 925 3155 οὖν
971 3104 1071 3172 τῆς
1120 3106 1430 3176 ἐπουρανίου
1474 3109 1675 3173 πόλεως
1720 3114 1810 3165 τοῦ

1910 3103 2202 3158 Jerusalem
2237 3106 2506 3159 cwlestem
2529 3106 2592 3157 ⁸³.
2631 3124 2648 3155 ι
2682 3103 2831 3169 Quod
2857 3106 3017 3176 igitur
3038 3107 3093 3160 in
3122 3108 3212 3159 illa
3232 3109 3437 3163 caelesti

208 3196 375 3249 Θεοῦ
408 3195 477 3247 τὸ
509 3193 796 3262 ἐξαίρετον
830 3192 922 3243 καὶ
953 3192 1216 3246 ἀνώτατον
1245 3196 1336 3247 καὶ
1362 3199 1597 3266 κρεῖττον
1622 3201 1649 3251 ὁ
1682 3200 1812 3261 νεώς

202 3288 341 3339 ἐστι
369 3285 477 3338 τοῦ
517 3283 683 3336 Θεοῦ.
728 3282 846 3333 Ἐπὶ
873 3281 1055 3334 τοῦτον
1085 3284 1256 3337 τοίνυν
1282 3286 1370 3337 τὸν
1401 3286 1532 3339 νεών
1558 3305 1671 3350 σου,
1707 3306 1809 3359 φη-

206 3376 332 3440 σὶν,
393 3375 485 3426 σοὶ
537 3373 749 3425 οῑσουσι
784 3371 1016 3438 βασιλεῖς
1059 3372 1230 3441 δῶρα’
1272 3377 1319 3426 οί
1368 3375 1463 3445 τὴν
1506 3376 1688 3447 λοιπὴν
1720 3378 1810 3449 δη-

203 3464 360 3535 λαδὴ
398 3464 569 3514 πόλιν
597 3460 701 3529 τὴν
730 3458 1041 3527 ἐπουράνιον
1084 3460 1352 3524 οἰκοῦντες
1382 3462 1611 3531 βασιλεῖς
1640 3467 1805 3531 ὄντες,

203 3555 307 3608 διὰ
338 3554 408 3608 τὸ
435 3548 827 3621 κατηξιῶσθαι
855 3548 952 3616 τῆς
982 3548 1253 3617 βασιλείας
1273 3552 1376 3604 τῶν
1421 3555 1678 3623 οὐρανῶν,
1716 3558 1808 3609 καὶ

203 3645 308 3698 διὰ
338 3643 519 3698 τοῦτο
544 3637 962 3708 συμϐασιλεύειν
981 3637 1058 3707 τῷ
1080 3639 1285 3692 ἑαυτῶν
1315 3642 1517 3711 Κυρίῳ.
1553 3662 1570 3693 ι
1609 3645 1671 3694 Ei
1702 3645 1806 3714 γὰρ

204 3733 700 3799 συναπεθάνομεν
722 3767 736 3791 ,
765 3728 857 3779 καὶ
904 3726 1202 3798 συζήσομεν
1227 3768 1241 3793 ,
1271 3732 1365 3783 καὶ
1393 3733 1440 3783 εί
1474 3733 1806 3802 ὑπομένομεν

203 3826 381 3889 Θεὸν,
419 3824 527 3877 καὶ
568 3816 1084 3887 ωμὸασιλεύσομεν.
1122 3836 1141 3868 ι
1167 3813 1320 3871 Οὗτοι
1348 3816 1438 3873 οὖν
1475 3822 1524 3872 οἱ
1553 3821 1801 3889 βασιλεῖς,

198 3922 291 3983 ὡς
327 3922 396 3973 ἂν
431 3916 554 3970 ὑπὸ
611 3912 828 3982 μεγάλῳ
866 3913 1108 3981 ἀρχιερεῖ
1142 3910 1218 3978 τῷ
1250 3911 1535 3978 Μονογενεῖ
1558 3910 1650 3963 τοῦ
1673 3912 1803 3964 Θεοῦ

198 4007 712 4081 λειτουργοῦντες,
742 4006 901 4072 ἱερεῖς
920 4020 979 4054 τε
1002 4002 1168 4063 ὄντες,
1195 4003 1287 4053 καὶ
1308 4002 1457 4054 αὑτοῖ⁸
1482 4002 1623 4073 δῶρα
1649 4020 1806 4072 προσ-

199 4103 472 4157 οίσουσιν
510 4099 601 4158 είς
642 4095 732 4146 τὸν
766 4093 889 4146 ναὸν
927 4093 1088 4145 αὐτοῦ
1114 4093 1203 4145 τὸν
1233 4093 1562 4162 ἐπουράνιον,
1595 4109 1801 4145 συνεισα

199 4194 528 4265 ερχόμενοι
572 4185 655 4254 τῷ
696 4185 909 4253 μεγάλῳ
939 4185 1195 4254 ἀρχιερεῖ.
1225 4184 1408 4244 Ὅπως
1441 4181 1496 4233 δὲ
1527 4181 1679 4234 τοῦτο
1711 4183 1801 4249 γέ..

199 4303 379 4356 νηται
410 4283 519 4335 καὶ
548 4278 620 4330 δι’
647 4277 819 4344 ἔργων
843 4279 1185 4345 προχωρήσῃ,
1212 4272 1515 4340 ἀναγκαίως
1539 4272 1803 4340 ἐπηύξατο

200 4374 428 4428 εἰπών’
473 4389 495 4420 ι
540 4365 834 4425 Ἐντειλαι,
864 4366 892 4415 δ
925 4363 1075 4423 Θεὸς,
1116 4361 1209 4431 τὴν
1245 4360 1465 4429 δύναμίν
1498 4375 1609 4423 σου,
1650 4360 1802 4412 δυνά-

201 4480 449 4535 μωσον,
500 4461 532 4510 ὁ
567 4453 721 4518 Θεὸς,
755 4455 908 4506 τοῦτο
939 4452 967 4505 ὃ
1006 4451 1339 4520 κατειργάσω
1382 4452 1527 4519 ἡμῖν.
1565 4468 1583 4500 ι

295 4574 320 4606 ι
345 4548 539 4605 Ἐπιτί
547 4564 625 4617 μη
634 4561 723 4597 σον
738 4548 847 4607 τοῖς
864 4543 1068 4614 θηρίοις
1082 4541 1173 4593 τοῦ
1190 4541 1450 4609 καλάμου.
1465 4558 1482 4589 ι
1493 4540 1696 4608 ’Ὠσπερ
1711 4538 1803 4607 ηὕ-

202 4648 358 4712 ξατο
378 4638 728 4707 συνεργῆσαι
740 4638 850 4696 τοῖς
862 4632 1227 4704 προλεχθεῖσιν
1239 4629 1418 4681 είπὼν⁴
1441 4645 1459 4677 ι
1472 4628 1752 4687 Ἕντειλαι,
1775 4631 1802 4679 ὁ

197 4738 381 4798 Θεὸς,
412 4733 523 4803 τὴν
550 4726 779 4795 δύναμίν
800 4740 911 4777 σου’
942 4742 959 4773 ι
982 4724 1073 4775 καὶ
1090 4720 1456 4789 «Δυνάμωσον,
1475 4718 1661 4779 ὁΘεὸς,
1686 4717 1801 4769 τοῦ-

197 4827 327 4880 τοὸ
355 4820 721 4889 κατειργάσω
735 4818 864 4885 ἡμῖν
884 4830 899 4845 ο
934 4833 951 4864 ι
979 4810 1118 4864 οὕτω
1134 4811 1290 4863 πάλιν
1313 4808 1522 4877 εὔχεται
1541 4809 1607 4861 τά
1628 4807 1767 4860 κωλύ
1783 4839 1799 4847 -

205 4932 381 4988 ματα
410 4907 667 4988 ἐκποδὼν
695 4905 921 4976 ἀρθῆναι
961 4904 1024 4953 ἐκ
1069 4899 1249 4968 μέσου,
1277 4899 1420 4955 ὅπως
1464 4896 1746 4988 ἀκωλύτως
1772 4900 1799 4949 δ

198 4985 389 5073 λόγος
441 4986 745 5069 διαδράμῃ.
793 4990 1043 5063 Συνεὼρα
1088 4989 1193 5057 γὰρ
1234 4991 1296 5056 τῇ
1339 4985 1635 5071 προγνώσει
1676 4988 1799 5048 τοὺς

204 5095 535 5166 μέλλοντας
584 5081 965 5139 ἐπανίστασθαι
1006 5078 1083 5147 τῷ
1126 5075 1453 5166 εὐαγγελικῶ
1492 5073 1795 5143 κηρύγματι

198 5158 511 5254 διωγμοὺς
540 5178 637 5231 καὶ
662 5178 783 5236 τοὺς
819 5171 1039 5244 νοητοὺς
1074 5167 1262 5235 θῆρας,
1282 5158 1361 5254 ⁸ὧν
1386 5164 1578 5254 ηὔχετο
1605 5167 1798 5254 pucea-

203 5293 317 5328 ναι
402 5268 609 5324 εἰπών·
650 5282 667 5313 ι
706 5261 795 5330 Μὴ
829 5255 1082 5327 παραδῷς
1125 5257 1234 5313 τοῖς
1276 5250 1477 5319 θηρίοις
1513 5249 1684 5317 ψυχὰς
1715 5252 1797 5315 ἐξ.

205 5356 682 5435 ομολογουμένας
747 5365 858 5401 σοι·
900 5368 918 5397 ι
956 5344 1119 5435 θηρία
1160 5338 1215 5393 δὲ
1270 5339 1793 5435 διαλέμοὲιμνοῄῗεις,

212 5425 424 5527 μῖειθὼν
453 5446 567 5502 ἀπὸ
594 5443 686 5495 τοῦ
729 5438 845 5489 ’1ὼὸ
875 5438 1021 5494 ὅπως
1046 5433 1254 5502 εἴρηται
1285 5428 1386 5481 ὑπό
1410 5425 1757 5527 τοῦδιαξόλου
1779 5444 1791 5458 ·

213 5515 237 5599 'c
306 5542 447 5595 Ὑπὸ
477 5528 799 5590 παντοδαπά
840 5523 1028 5589 δένδρα
1077 5522 1347 5589 κοιμᾶται,
1381 5516 1520 5569 παοά
1545 5515 1796 5569 πάπυοον

1912 3189 2002 3244 Dei
2049 3193 2261 3245 civitate
2310 3193 2670 3259 priestantius.
2716 3193 2999 3246 sublimius
3038 3201 3090 3246 et
3129 3195 3320 3248 melius
3344 3195 3431 3247 hc.-

1908 3280 2081 3343 betur,
2114 3281 2365 3349 templum
2409 3281 2501 3335 Dei
2529 3292 2628 3335 est.
2674 3282 2729 3333 In
2755 3282 2854 3334 hoc
2880 3282 3077 3351 templo
3099 3291 3211 3347 tuo,
3242 3283 3437 3353 inquit,

1909 3370 2003 3422 tibi
2063 3369 2285 3423 ollerent
2333 3385 2486 3438 reges
2564 3370 2943 3438 munerazqui
3008 3372 3216 3425 scilicet
3278 3373 3439 3427 aliam

1907 3457 2052 3509 illam
2103 3457 2369 3510 civitatem
2426 3458 2697 3511 caelestem
2756 3457 3035 3519 incolunt,
3086 3473 3212 3512 vere
3259 3474 3433 3528 reges.

1905 3546 2030 3615 quia
2101 3561 2264 3615 regno
2340 3547 2594 3599 caelorum
2674 3546 2875 3616 dignati
2963 3554 3135 3613 sunt;
3212 3547 3437 3618 ideoque

1907 3652 2008 3690 una
2069 3651 2189 3690 cum
2262 3636 2485 3690 Domino
2537 3651 2637 3690 suo
2695 3646 2936 3706 regnant.
2976 3656 2994 3687 ι
3030 3637 3164 3690 Nam
3204 3638 3249 3692 si
3290 3654 3439 3693 com~

1903 3728 2097 3780 mortui
2128 3743 2346 3791 sumus,
2398 3736 2450 3781 et
2497 3729 2858 3792 convivemus,
2918 3729 3050 3783 etsi
3109 3730 3437 3786 sustinemus

1903 3813 2067 3869 Deum
2118 3823 2169 3867 et
2219 3814 2663 3882 conregnabimus
2685 3814 2751 3867 ⁸³.
2787 3833 2805 3865 ι
2844 3812 2905 3866 lli
2944 3814 3121 3882 itaque
3147 3830 3318 3882 reges,
3353 3827 3439 3868 ut-

1902 3914 2022 3972 pote
2048 3904 2139 3972 qui
2166 3905 2265 3959 sub
2299 3920 2489 3972 magno
2515 3904 2850 3958 sacerdotum
2884 3904 3126 3971 principe
3154 3902 3438 3972 Unigenitu

1902 3992 1994 4046 Dei
2025 3994 2378 4048 ministerium
2404 3994 2615 4056 obeant,
2641 4002 2695 4046 et
2725 3992 3032 4046 sacerdotes
3054 3993 3184 4053 sint,
3216 4007 3437 4046 munera

1901 4089 1952 4135 et
1984 4081 2086 4149 ipsi
2113 4081 2166 4133 in
2195 4080 2448 4148 templum
2497 4081 2611 4148 ejus
2641 4080 2855 4133 cmleste
2893 4076 3136 4139 silerent,
3160 4092 3266 4130 una
3311 4091 3435 4131 cum

1902 4185 2094 4240 magno
2124 4169 2460 4224 sacerdotum
2491 4168 2731 4237 principe
2780 4169 3129 4220 introeuntes.
3162 4165 3229 4219 Ut
3256 4177 3433 4220 autem

1904 4260 2002 4312 hoc
2029 4260 2119 4310 ﬁat
2145 4264 2198 4312 et
2223 4272 2383 4325 opere
2411 4257 2762 4325 compleatur,
2798 4254 3106 4309 neceSsario
3139 4253 3218 4306 sic
3246 4269 3435 4321 preca-

1902 4354 1987 4400 tus
2011 4354 2092 4399 est
2121 4363 2134 4398 :
2170 4363 2188 4394 ι
2222 4343 2431 4408 Manda,
2463 4342 2623 4406 Deus,
2660 4341 2843 4396 virtuti
2866 4349 2968 4393 tum
2988 4357 3002 4398 ς
3022 4339 3277 4393 conlirma
3306 4340 3430 4407 hoc,

1833 4423 1877 4476 Ῑ)
1904 4436 2063 4501 Deus,
2094 4434 2238 4503 quod
2268 4440 2518 4501 operatus
2544 4448 2602 4486 es
2632 4431 2684 4484 in
2710 4430 2885 4484 nobis.
2922 4448 2939 4478 ι

1972 4522 2135 4579 Vens.
2166 4524 2346 4578 51.53.
2392 4541 2409 4572 ι
2449 4522 2664 4588 lncrepa
2701 4519 2839 4573 feras
2866 4518 3167 4572 arundinis.
3198 4538 3215 4569 ›
3236 4518 3433 4584 Quem-

1902 4614 2184 4668 admodum
2228 4623 2475 4681 precatus
2521 4612 2715 4671 fuerat,
2754 4617 2810 4661 ut
2857 4608 3143 4676 praedictos
3187 4608 3435 4666 homines

1901 4705 2177 4775 adjuvaret
2208 4686 2392 4758 dicens
2436 4722 2447 4755 :
2503 4719 2519 4750 ι
2546 4700 2756 4759 hianda,
2804 4698 2965 4763 Deus,
2995 4699 3181 4751 virtuti
3236 4708 3376 4762 tum;
3408 4720 3426 4749 ι

1899 4804 1987 4857 et,
2024 4814 2041 4846 ι
2063 4795 2334 4849 Conﬁrma
2358 4793 2480 4854 hoc,
2510 4790 2671 4850 Deus,
2702 4788 2844 4856 quod
2873 4796 3126 4857 operatus
3155 4804 3214 4841 es
3244 4789 3299 4840 in
3333 4804 3433 4842 no-

1903 4887 2018 4950 bis;
2045 4906 2063 4936 ι
2101 4887 2178 4939 sic
2208 4883 2365 4937 modo
2398 4887 2665 4950 precatur,
2700 4886 2758 4931 ut
2790 4878 2973 4932 obices
3012 4876 3078 4931 de
3112 4878 3289 4931 medio
3333 4878 3433 4933 tol-

1901 4980 2099 5039 lantur,
2158 4983 2212 5030 et
2270 4975 2384 5029 sine
2443 4969 2821 5037 impedimento
2886 4983 3061 5021 sermo
3126 4980 3424 5035 percurrat.

1900 5068 2240 5123 Praescientia
2267 5067 2458 5134 quippe
2482 5068 2701 5116 noverat
2731 5075 2824 5114 eas
2850 5075 2970 5127 qua:
2997 5058 3259 5113 adversus
3289 5075 3426 5128 pra:-

1900 5159 2220 5212 dicationem
2262 5150 2616 5219 evangelicam
2653 5146 2951 5199 excitandas
2988 5151 3138 5197 erant
3171 5159 3425 5210 perseeu-

1896 5251 2090 5310 tiones,
2135 5242 2542 5313 spiritualesque
2578 5236 2741 5296 feras,
2796 5250 2826 5287 a
2872 5234 3069 5303 quibus
3096 5235 3230 5300 eripi
3266 5250 3423 5303 roga-

1898 5340 1987 5391 bat
2036 5338 2122 5391 ille
2148 5335 2240 5403 qui
2279 5334 2388 5385 haec
2421 5328 2734 5395 loquebatur
2776 5345 2787 5377 :
2842 5344 2861 5376 ι
2884 5324 2961 5379 Ne
2994 5322 3176 5379 tradas
3232 5324 3423 5379 bestiis

1897 5430 2101 5482 animas
2146 5423 2456 5477 conﬁtentes
2511 5414 2717 5468 tibi“.»
2783 5413 2914 5477 Quae
2963 5413 3068 5467 sint
3127 5410 3233 5462 illae
3296 5415 3424 5467 tera:

1898 5515 2173 5570 arundinis
2203 5510 2484 5577 intelligas.
2520 5505 2564 5556 si
2610 5517 2638 5552 a
2665 5500 2766 5554 Job
2801 5503 3016 5556 ediscas
3055 5498 3185 5565 quid
3214 5500 3422 5555 dictum

297 5697 349 5729 ⁸⁸
376 5691 565 5747 Matth.
602 5697 701 5742 vn,
738 5679 788 5739 7,
829 5675 882 5726 8.
953 5668 995 5703 ⁸¹
1026 5668 1203 5724 Galat.
1240 5687 1306 5734 ιν,
1336 5670 1418 5724 26.
1488 5670 1528 5700 "
1554 5667 1724 5723 Hebr.
1762 5685 1815 5722 χι

1910 5671 1977 5724 ιε.
2055 5670 2098 5700 ⁸³
2124 5666 2165 5718 Il
2190 5663 2327 5717 Tim.
2363 5677 2419 5727 It,
2455 5659 2537 5719 ll,
2567 5652 2648 5705 12.
2724 5652 2771 5682 ⁸⁵
2798 5650 2939 5704 Psal.
2965 5662 3149 5703 LXXIII,
3182 5647 3274 5700 I‘J.

474 5786 759 5840 ΡΑτιιοι..
809 5768 925 5823 Gn.
971 5765 1213 5826 XXIII.

3035 5738 3110 5795 23
