3796 6366
410 368 514 422 71⁸5

1062 350 1322 411 EUSEBII
1360 341 1821 403 CESA-RIENSIS
1855 341 2001 397 OPP.
2039 339 2217 395 PARS
2256 338 2341 393 Ill.
2378 366 2450 382 —
2484 331 2923 391 EXEGETICA.
3568 321 3657 375 ‘llfi

410 486 477 539 de
502 483 714 538 diabolo
744 481 813 534 sit
843 497 855 531 :
878 495 905 527 ι
943 475 1053 529 Sub
1088 469 1262 525 omnis
1281 466 1488 535 generis
1510 462 1789 515 arboribus
1809 460 1936 514 dor-

2088 460 2125 511 Li
2163 458 2400 527 κάλαμον
2434 456 2527 508 καὶ
2569 454 2863 524 βούτομον.
2910 466 2935 501 ι
2970 444 3059 500 Οὔ
3115 441 3237 511 γὰρ
3279 435 3438 507 παρὰ
3487 436 3662 503 συκῆν,

414 577 533 641 mit,
563 576 711 644 juxta
738 581 1017 639 papyrum,
1049 563 1313 614 calamum
1346 563 1397 609 et
1425 554 1654 607 caricem
1669 553 1766 605 ⁵⁸.»
1823 549 1937 602 Νοη

408 638 767 733 juxta'ﬂcumi,
796 658 981 714 vitem,
1030 652 1198 705 oleam
1252 654 1343 699 aut
1394 644 1644 711 palmam,
1680 647 1770 691 aut
1812 638 1939 706 quid

412 757 479 811 iis
501 754 674 808 simile
700 788 715 808 ,
748 748 837 800 sed
860 745 1011 811 juxta
1033 752 1308 808 papyrum,
1340 734 1603 787 calamum
1631 738 1682 781 et
1709 727 1938 780 caricem

412 842 687 909 quiescere
727 834 900 902 ipsum
940 829 1044 890 ait,
1077 826 1338 882 inﬁrmas,
1375 819 1594 888 frigidas
1630 816 1940 881 nullumque

412 904 643 983 fructum
677 925 873 977 bonum
927 916 1263 988 proferentes
1307 912 1514 965 animas
1564 908 1649 961 his
1698 904 1943 960 subindi-

413 1031 581 1080 cans;
617 1013 769 1076 juxta
795 1009 912 1062 illas
945 1007 1140 1075 quippe
1167 1004 1328 1057 draco
1359 998 1688 1070 quiescebat.
1735 995 1942 1048 Truces

413 1115 586 1156 autem
622 1100 724 1152 illa:
775 1097 897 1150 lene
942 1092 1243 1154 arundinis,
1274 1097 1400 1145 sunt
1447 1085 1765 1140 adversaria
1797 1092 1943 1152 pote-

414 1203 599 1254 states,
630 1188 845 1255 maligni
879 1186 1168 1245 dmmones,
1222 1191 1276 1235 et
1316 1179 1570 1234 venenosi
1616 1175 1942 1244 reptilesque

414 1284 653 1352 spiritus,
685 1293 822 1347 quos
854 1282 911 1328 ut
940 1275 1177 1340 increpet
1218 1270 1380 1330 Deus,
1433 1266 1669 1335 Spiritus
1719 1271 1943 1316 sanctus

411 1380 563 1440 rogat
590 1370 739 1422 hisce
768 1366 977 1419 verbis:
1004 1381 1035 1412 -ι
1058 1362 1278 1429 lncrepa
1312 1360 1452 1412 feras
1486 1355 1789 1410 arundinis.
1823 1374 1841 1405 ι
1880 1353 1944 1405 Et

413 1460 875 1531 congregationem
922 1464 1229 1518 taurorum;
1276 1453 1407 1513 sive,
1449 1448 1740 1505 secundum
1790 1448 1945 1516 Sym-

412 1551 682 1610 machum,
748 1553 983 1600 ccmtum
1037 1539 1523 1612 prmgrandiump
1576 1552 1770 1592 vaccas
1817 1536 1944 1589 item

414 1641 730 1710 populorum
766 1633 1028 1703 increpari
1062 1631 1297 1701 postulat
1344 1648 1357 1682 :

2037 550 2155 601 οὐδὲ
2188 526 2337 618 παρά
2359 546 2618 616 ἄμπελον,
2646 544 2772 597 οὺδέ
2825 537 3003 607 παρά
3058 532 3288 591 ἐλαίαν,
3318 528 3353 597 ἢ
3380 526 3610 595 φοίνικα,
3637 527 3667 596 ἡ

2038 652 2090 687 τι
2134 634 2240 686 τῶν
2273 615 2488 694 *τούτοις
2534 630 2987 705 παραπλησίων,
3045 619 3201 677 ἀλλά
3233 618 3393 687 παρὰ
3437 615 3668 684 πάι-τυρον

2040 727 2131 777 καὶ
2162 722 2402 792 κάλαμον
2432 722 2523 773 καὶ
2549 720 2811 788 βούτομον
2841 710 3273 772 ἀναπαύεσθαί
3305 724 3475 777 φησιν
3503 706 3669 766 αὐτὸν,

2038 816 2136 877 τὰς
2167 814 2385 874 ἀτόνους
2417 812 2509 864 καὶ
2535 809 2848 877 καθύγρους
2878 809 2989 858 καί
3025 803 3262 873 μηδένα,
3287 798 3506 869 καρπὸν
3531 798 3671 863 ἀναγ-

2042 906 2191 956 καῖον
2242 898 2620 970 προφερούσας
2666 895 2848 965 ψυχὰς
2924 892 3144 946 τοῦτον
3201 889 3560 956 αἰνιξάμενος
3596 887 3671 937 τὸν

2040 994 2267 1064 τρόπον·
2322 988 2473 1060 παρὰ
2519 987 2802 1048 τοιαύταις
2846 984 2976 1054 γὰρ
3018 977 3366 1034 ἀνεπαύετο
3398 980 3427 1029 ὁ
3456 977 3669 1045 δράκων,

2042 1082 2198 1135 Δεινὰ
2229 1081 2285 1134 δὲ
2310 1078 2472 1149 θηρία
2496 1078 2747 1147 καλάμου
2783 1076 3184 1144 τυγχάνουσιν
3217 1072 3278 1123 αἱ
3319 1066 3672 1135 ἁντικείμεναι

2040 1172 2313 1241 δυνάμεις,
2353 1170 2407 1221 οἴ
2439 1186 2502 1220 τε
2550 1167 2781 1238 πονηροὶ
2820 1166 3111 1235 δαίμονες
3151 1161 3258 1214 καὶ
3287 1159 3362 1212 τά
3399 1158 3573 1211 ἱοϐόλα
3596 1158 3672 1209 καὶ

2042 1258 2341 1331 ὲρπυστικὰ
2383 1256 2695 1326 πνεύματα,
2746 1249 2828 1316 οἷς
2877 1251 3251 1319 ἐπιτιμῆσαι
3304 1248 3404 1299 τὸν
3458 1246 3586 1297 Θεὸν
3625 1245 3672 1295 τὸ

2042 1351 2257 1420 Πνεῦμα
2284 1348 2346 1401 τὸ
2379 1348 2532 1415 ἅγιον
2562 1346 2652 1398 διὰ
2682 1345 2792 1397 τῶν
2826 1343 2981 1413 μετὰ
3009 1344 3226 1410 χεῖρας
3254 1338 3487 1409 εὔχεται
3518 1336 3669 1404 λέγον·

2048 1458 2065 1489 ι
2117 1439 2467 1507 Ἐπιτίμησον
2509 1438 2623 1499 τοῖς
2669 1433 2887 1505 θηρίοις
2944 1431 3056 1483 τοῦ
3108 1427 3409 1496 καλάμου.
3442 1445 3459 1476 ι
3494 1426 3669 1495 Καὶ.τῇ

2045 1531 2322 1598 συναγωγῇ
2372 1527 2429 1579 δὲ
2478 1525 2587 1578 τῶν
2636 1524 2880 1594 ταύρων,
2928 1521 2995 1591 ἢ,
3032 1518 3194 1572 κατά
3247 1516 3346 1569 τὸν
3385 1514 3668 1586 Σύμμαχον,

1421 1642 1597 1681 vaccae
1628 1633 1805 1679 autem
1850 1638 1948 1692 po-

2103 1620 2300 1687 συνόδῳ
2347 1615 2757 1686 παμμεγέθων,
2807 1631 2827 1664 ι
2885 1611 2997 1664 καὶ
3057 1612 3197 1672 ταῖς
3260 1606 3534 1676 δαμάλεσι
3584 1606 3672 1657 τῶν

414 1735 661 1803 pulorum
730 1736 783 1781 et
847 1726 1010 1785 tauri,
1074 1729 1198 1778 sunt
1254 1722 1290 1775 ii
1365 1720 1502 1772 inter
1575 1716 1793 1771 Iudaeos
1854 1713 1944 1783 qui

2088 1710 2181 1762 ιῶν
2234 1707 2557 1777 ἐπιτιμῆσαι
2609 1702 2889 1757 ἱκετεύειο
2950 1700 3253 1771 δαμάλεις
3304 1699 3365 1751 δὲ
3414 1696 3555 1749 λαῶν
3594 1696 3668 1749 καί

416 1823 568 1875 verbi
618 1824 988 1888 persecutores
1036 1820 1180 1868 sunt.
1241 1810 1336 1863 llis
1381 1808 1525 1861 aliud
1552 1822 1687 1876 opus
1725 1803 1949 1872 subjun-

417 1915 580 1982 gitur,
621 1917 714 1962 «ιιι
737 1905 1086 1961 excludantur
1126 1903 1162 1955 ii
1200 1901 1290 1969 qui
1316 1899 1522 1968 probati
1566 1904 1692 1952 sunt
1749 1907 1945 1963 argen-

417 1979 508 2056 to:
534 2018 550 2049 ›
596 1996 734 2067 quod
775 1993 1031 2060 liquidius
1074 1989 1303 2059 explicat
1335 1983 1687 2056 Symmachus
1729 1979 1943 2033 dicens:

424 2089 562 2155 «Qui
594 2086 829 2141 calcibus
876 2083 1079 2152 pellunt
1106 2095 1198 2135 eos
1227 2076 1319 2147 qui
1364 2073 1576 2145 probati
1619 2078 1744 2125 sunt
1787 2068 1941 2138 quasi

417 2178 733 2248 probatione
778 2172 1037 2241 argenti»
1093 2167 1157 2221 Hi
1203 2180 1435 2234 namque
1466 2161 1628 2224 tauri,
1664 2166 1717 2214 et
1746 2171 1948 2241 memo—

417 2277 547 2321 rata:
576 2279 769 2326 vaccze,
804 2277 831 2315 a
868 2260 994 2314 feris
1029 2255 1310 2310 arundinis
1349 2253 1581 2321 agitatae,
1633 2247 1841 2301 nullum
1871 2231 1952 2297 la-

421 2358 594 2426 pidem
619 2370 726 2408 non
748 2357 982 2412 movent,
1015 2354 1074 2400 ut
1112 2345 1286 2400 sancti
1315 2342 1407 2395 Dei
1438 2356 1465 2392 a
1491 2354 1583 2408 spe
1612 2338 1713 2391 sibi
1750 2349 1950 2404 prapo-

421 2423 525 2503 sita
572 2445 942 2501 deturbentur.
984 2436 1169 2492 Sancti
1197 2448 1324 2488 vero
1360 2431 1450 2484 Dei
1477 2427 1715 2496 suntqui
1743 2423 1949 2495 probati

422 2545 548 2592 sunt
584 2542 826 2603 argento.
866 2524 1325 2596 Quemadmodum
1369 2521 1509 2574 enim
1561 2536 1578 2568 ι
1602 2517 1813 2585 eloquia
1849 2512 1954 2567 Do-

422 2626 554 2681 mini
583 2630 754 2684 casta,
784 2626 1062 2690 argentum
1094 2617 1214 2685 igne
1241 2608 1706 2673 examinatum";
1736 2628 1754 2656 ι
1795 2604 1877 2659 sic
1900 2610 1953 2657 et

423 2716 664 2771 homines
702 2712 795 2766 Dei
850 2708 1056 2779 probati
1112 2711 1238 2758 sunt
1290 2710 1349 2755 ut
1410 2702 1732 2769 argentum:
1785 2707 1954 2762 quare

423 2808 640 2861 dicunt:
676 2822 694 2855 ι
716 2800 963 2856 Probasti
991 2812 1110 2860 nos,
1140 2794 1299 2854 Deus,
1345 2792 1465 2861 igne
1508 2804 1608 2843 nos
1638 2783 1951 2841 examinasti

426 2897 564 2952 sicut
591 2893 923 2948 examinatur
973 2893 1249 2957 argentum
1268 2883 1367 2934 ⁸⁷.»
1410 2879 1575 2951 lgitur
1618 2878 1743 2933 fera:
1791 2891 1956 2929 arun-

2042 1798 2228 1869 ταῦροι
2275 1798 2326 1848 οἱ
2377 1795 2528 1864 παρά
2572 1793 2856 1855 Ἰουδαίοις
2920 1792 3044 1843 εἰσὶ
3090 1790 3342 1843 διῶκται
3379 1787 3477 1841 τοῦ
3515 1788 3667 1853 λόγου.

2049 1883 2152 1939 Ὠν
2200 1886 2373 1956 ἔργων
2417 1884 2477 1936 τὸ
2528 1882 2656 1951 ἑξῆς
2700 1882 3129 1952 ἐπιλεγόμενον
3173 1884 3238 1934 ἐν
3288 1879 3392 1949 τῷ,
3425 1898 3445 1930 ι
3476 1878 3565 1931 τοῦ
3602 1880 3672 1931 ἐκ·

2044 1976 2350 2046 κλεισθῆναι
2409 1973 2536 2035 τοὺς
2592 1972 3139 2040 δεδοκιμασμένους
3196 1971 3282 2041 τῷ
3338 1969 3609 2041 ἀργυρίῳ⁶
3650 1987 3666 2020 ο

2044 2067 2177 2136 ὅπερ
2220 2064 2552 2133 σαφέστερον
2598 2062 2971 2132 ¹ἢρμήνευσεν
3026 2061 3059 2112 ὁ
3120 2061 3441 2131 Σύμμαχος
3496 2058 3667 2112 εἰπών’

2052 2175 2070 2206 ι
2102 2158 2223 2219 Τοῖς
2245 2152 2647 2215 διαλακτίζουσι
2675 2153 2807 2212 τοὺς
2835 2150 3211 2221 εὐδοκήτους
3234 2151 3317 2212 ὡς
3345 2152 3569 2222 δοκιμὴν
3592 2153 3669 2221 ἀρ-

2047 2244 2257 2313 γυρίου.
2295 2260 2314 2295 ι
2344 2236 2502 2294 Οὗτοι
2540 2238 2651 2309 γὰρ
2696 2240 2747 2291 οἱ
2803 2236 3057 2310 ταῦροι,
3096 2240 3205 2290 καὶ
3233 2239 3295 2289 αἱ
3322 2239 3668 2309 προλεχθεῖσα

2047 2334 2319 2403 δαμάλεις,
2354 2331 2458 2383 ὑπὸ
2486 2329 2595 2382 τῶν
2638 2328 2851 2398 θηρίων
2893 2329 3004 2382 τοῦ
3066 2329 3342 2399 καλάμου
3382 2330 3669 2400 ἐνεργούμε-

2049 2440 2154 2485 ναι,
2183 2422 2279 2491 τὴν
2310 2422 2487 2472 πᾶσαν
2525 2417 2808 2469 ποιοῦνται
2838 2427 2850 2437 ⁸
2870 2418 3151 2489 σπουδὴν
3201 2418 3350 2489 πρὸς
3392 2418 3453 2471 τὸ
3495 2417 3671 2471 ἐκκλει·

2052 2515 2236 2584 σθῆναι
2266 2514 2387 2575 τοὺς
2421 2511 2609 2579 ἁγίους
2642 2511 2741 2563 τοῦ
2776 2510 2935 2563 Θεοῦ
2981 2513 3095 2583 τῆς
3136 2514 3565 2584 ἐπηγγελμένης
3592 2513 3668 2566 αὺ-

2049 2606 2156 2663 τοῖς
2184 2602 2409 2663 έλτίίδος.
2441 2602 2624 2666 ’Ἅγιοι
2672 2599 2732 2652 δὲ
2782 2599 2941 2652 Θεοῦ
2998 2603 3055 2654 οἱ
3106 2603 3568 2672 δεδοκιμασμένοι
3609 2601 3669 2671 τῷ

2050 2693 2306 2764 ἀργυρίῳ.
2347 2691 2554 2760 Ὥσπερ
2585 2690 2695 2761 γὰρ
2725 2709 2743 2741 ι
2774 2691 2847 2744 τὰ
2876 2691 3064 2760 λόγια
3095 2694 3323 2764 Κυρίου
3347 2693 3506 2761 ἁγνὰ,
3532 2693 3669 2765 ἀργύ-

2054 2800 2163 2853 ριον
2192 2779 2599 2850 πεπυρωμένον,
2632 2798 2652 2832 ι
2680 2778 2866 2842 οὕτως
2916 2782 3027 2834 καὶ
3050 2783 3107 2834 οἱ
3136 2782 3240 2835 τοῦ
3267 2784 3408 2836 Θεοῦ
3432 2784 3669 2854 ἄνθρωποι

2060 2869 2495 2940 δεδοκιμασμένοι
2543 2868 2682 2921 είσὶν
2731 2870 2813 2931 ὡς
2868 2871 2951 2924 τὸ
3012 2872 3335 2944 ἀργύριον*
3392 2874 3470 2928 διό
3509 2891 3664 2942 φασιν·

425 2988 590 3049 dinis,
627 2982 963 3053 congregatio
988 2988 1284 3037 taurorum.
1317 2983 1369 3029 et
1393 2987 1568 3027 vaccae
1596 2970 1935 3040 populorum,

2116 2960 2467 3053 Ἰέδοκίμασας
2490 2960 2660 3053 ημᾶς,
2686 2959 2717 3010 ὁ
2751 2960 2928 3026 Θεὸς,
2971 2963 3294 3034 ἐπύρωσας
3324 2968 3473 3035 ἡμᾶς
3498 2966 3567 3028 ὡς
3588 2982 3667 3015 πυ-

425 3092 518 3131 cos
556 3075 643 3145 qui
674 3072 881 3143 probati
913 3076 1039 3124 sunt
1069 3072 1292 3138 argento
1324 3078 1356 3116 a
1398 3062 1673 3146 proposita
1722 3060 1824 3146 sibi
1860 3073 1954 3127 spe

427 3165 707 3219 excludere
735 3166 1001 3229 satagunt.
1056 3156 1199 3220 Sive,
1227 3131 1517 3209 secundum
1552 3131 1953 3221 Symmachum,

432 3273 452 3305 ι
477 3254 725 3309 Calcibus
756 3251 961 3321 pellunt
990 3263 1083 3303 eos
1126 3246 1218 3316 qui
1248 3242 1458 3315 probati
1493 3252 1617 3296 sunt
1645 3239 1799 3309 quasi
1833 3253 1958 3307 pro-

426 3345 641 3398 batione
678 3341 935 3412 argenti.»
978 3337 1048 3393 Ut
1075 3353 1143 3392 ne
1174 3337 1355 3405 itaque
1386 3333 1463 3386 illi
1488 3342 1650 3400 supra
1674 3329 1803 3383 dicti
1831 3342 1957 3381 san-

429 3436 532 3489 ctis
568 3434 661 3489 Dei
698 3431 1075 3501 impedimento
1108 3428 1236 3489 sint,
1263 3422 1569 3478 necessario
1616 3420 1820 3473 dictum
1844 3424 1956 3472 est:

436 3530 695 3597 «lncrepa
746 3524 888 3577 feras
935 3519 1236 3577 arundinis,
1285 3513 1627 3583 congregatio
1680 3519 1958 3564 taurorum

432 3619 488 3670 in
538 3613 718 3667 vaccis
761 3608 1135 3677 populorum.»
1190 3604 1308 3656 Alia
1360 3603 1486 3656 item
1524 3601 1734 3654 ratione
1777 3606 1960 3651 tauros

432 3700 698 3768 intelligas
716 3695 1017 3749 Iudaeorum
1038 3691 1338 3759 principes:
1369 3703 1559 3742 vaccas
1583 3694 1758 3741 autem
1775 3699 1960 3740 eorum

435 3800 730 3859 synagogas
783 3784 850 3837 iis
901 3779 1163 3841 subditas,
1208 3786 1261 3831 et
1309 3777 1532 3844 populos
1582 3776 1673 3844 qui
1722 3783 1962 3844 tempore

434 3875 702 3949 passionis
733 3870 1034 3926 Servatoris
1056 3867 1227 3921 nostri
1257 3867 1682 3919 insurrexerunt.
1717 3863 1813 3918 Cui
1838 3879 1961 3916 sen-

435 3967 615 4021 tentia:
669 3961 986 4032 astipulatur
1020 3972 1124 4013 vox
1178 3955 1271 4008 illa
1318 3968 1382 4008 ex
1441 3952 1611 4020 ipsius
1664 3951 1960 4005 Salvatoris

435 4070 664 4127 persona
715 4053 769 4105 in
793 4050 1000 4120 psalmo
1040 4061 1130 4101 XXI
1162 4043 1337 4114 posita
1363 4060 1376 4097 :
1418 4060 1435 4091 ι
1455 4040 1715 4105 Quoniam
1739 4041 1964 4093 circum-

436 4146 692 4201 dederunt
724 4158 806 4196 me
831 4138 983 4193 vituli
1015 4135 1190 4197 multi,
1220 4133 1361 4187 tauri
1391 4132 1615 4201 pingues
1638 4130 1962 4183 obsederunt

437 4251 541 4288 me.
580 4232 919 4301 Aperuerunt
968 4227 1020 4279 in
1051 4239 1136 4277 me
1171 4238 1233 4277 os
1262 4236 1419 4276 suum
1438 4221 1539 4274 ⁸⁸.»
1581 4218 1745 4284 Queis
1774 4219 1961 4271 subin-

2055 3051 2237 3124 ρθῦται
2283 3050 2343 3102 τὸ
2384 3048 2667 3120 ἀργύριον.
2710 3069 2729 3101 ι
2763 3053 2831 3103 Οἱ
2866 3048 2982 3106 οὖν
3016 3054 3199 3126 θῆρες
3234 3058 3286 3111 ei
3329 3057 3426 3110 τοῦ
3458 3056 3663 3126 καλάμου

2055 3143 2148 3195 καὶ
2181 3143 2212 3211 ἡ
2256 3139 2539 3209 συναγωγὴ
2570 3140 2682 3192 τῶν
2714 3141 2983 3211 ταύρων,
3020 3146 3125 3198 καὶ
3173 3148 3235 3198 αί
3286 3146 3543 3216 δαμάλεις
3580 3144 3664 3196 τῶν

2054 3227 2215 3290 λαῶν,
2246 3228 2370 3288 τοὺς
2392 3225 2897 3295 δεδοκιμασμένους
2929 3231 3019 3300 τῷ
3050 3233 3320 3305 ἀργυρίῳ
3343 3232 3663 3302 ἁποκλεισθῆ-

2056 3334 2140 3370 ναι
2180 3313 2530 3377 σπουδάζουσι
2569 3317 2669 3384 τῆς
2720 3316 3190 3391 ἐπηγγελμένης
3230 3325 3421 3386 αὐτοῖς
3463 3323 3660 3384 ἐλπίδος.

2057 3406 2150 3468 Ἣ,
2200 3402 2338 3457 κατά
2384 3403 2473 3455 τὸν
2507 3401 2841 3471 Σύμμαχον,
2897 3425 2921 3458 ι
2980 3410 3425 3477 Διαλακτίζουσι
3479 3412 3662 3474 τούτους

2058 3493 2249 3553 αὐτοὺς
2299 3491 2621 3561 εύδοκήτους
2666 3491 2832 3554 ὄντας
2901 3496 2995 3559 ὡς
3053 3499 3302 3571 δοκιμὴν
3353 3504 3655 3573 ἀργυρίου.»

2061 3586 2153 3637 ’Ίν’
2181 3579 2271 3636 οῦν
2302 3582 2375 3652 μὴ
2409 3582 2656 3651 ἐμποδὼν
2687 3584 2980 3650 γένωνται
3037 3593 3164 3654 τοίς
3216 3594 3400 3661 ἁγίοις
3429 3594 3518 3648 τοῦ
3552 3591 3658 3647 Θεοῦ

2058 3676 2106 3727 οἱ
2138 3672 2536 3743 προλεχθέντες,
2580 3672 2916 3739 ἀναγκαίως
2966 3679 3239 3750 εἴρηται·
3276 3702 3296 3734 ι
3343 3685 3657 3754 Ἐπιτίμησον

2058 3765 2167 3824 τοῖς
2197 3762 2400 3831 θηρίοις
2428 3761 2523 3812 τοῦ
2557 3761 2835 3831 καλάμου,
2888 3766 2931 3835 ἡ
2994 3773 3311 3843 συναγωγὴ
3346 3774 3452 3826 τῶν
3479 3775 3657 3845 ταύρων

2061 3853 2117 3903 ἐν
2157 3852 2274 3913 ταῖς
2312 3851 2572 3920 δαμάλεσι
2616 3851 2729 3903 τῶν
2762 3852 2948 3907 λαῶν.
3003 3877 3023 3910 ι
3066 3863 3187 3914 Καὶ
3237 3862 3418 3926 ἄλλως
3463 3864 3657 3931 ταύρους

2061 3944 2268 4014 νοήσεις
2296 3944 2418 4005 τοὺς
2452 3943 2719 3997 Ἰουδαίων
2757 3946 3059 4018 ἄρχοντας
3082 3973 3097 3985 ·
3137 3956 3412 4026 δαμάλεις
3436 3954 3656 4010 aggeri”

2060 4034 2157 4097 τὰς
2194 4034 2296 4085 ὑπὸ
2338 4033 2557 4097 τούτους
2599 4040 2947 4106 συναγωγὰς
3008 4046 3114 4097 καὶ
3180 4050 3315 4112 τοὺς
3365 4050 3521 4111 λαοὺς
3556 4048 3656 4107 τοὺς

2063 4124 2446 4186 ἐπισυστάντας
2496 4125 2637 4178 κατὰ
2682 4127 2747 4179 τὸ
2800 4130 2994 4196 πάθος
3054 4135 3160 4188 τοῦ
3212 4138 3471 4209 Σωτῆρος
3507 4136 3652 4207 ήμῶν.

2062 4211 2416 4281 Μαρτυρεῖδέ
2440 4210 2517 4279 τῷ
2552 4210 2697 4283 λόγῳ
2726 4216 2760 4283 ἡ
2795 4216 2859 4279 ἐξ
2888 4220 3077 4273 αὐτοῦ
3117 4226 3423 4295 προσώπου
3450 4225 3536 4277 τοῦ
3566 4224 3653 4275 Σω-

436 4292 650 4375 dicabat
674 4321 943 4391 principes
982 4318 1190 4373 Iudaici
1232 4316 1435 4387 populi,
1473 4330 1683 4369 necnon
1716 4314 1953 4367 multitu-

2088 4301 2223 4391 τῆρος
2250 4300 2307 4350 ὲν
2331 4307 2409 4391 κα¹
2438 4300 2639 4391 ψαλμῷ
2669 4305 2825 4374 φωνὴ
2854 4292 3202 4374 φάσκουσαν·
3240 4333 3261 4366 ι
3298 4318 3419 4369 ’Ότι
3452 4314 3652 4369 ἐκύκλω-

436 4412 615 4466 dinem
668 4412 801 4483 ipsis
847 4409 1115 4466 subditam
1166 4422 1285 4478 quae
1334 4406 1616 4460 adversum
1675 4418 1733 4458 se
1780 4403 1963 4457 insur-

438 4503 598 4558 rexit.

514 4749 764 4819 «Dissipa
803 4754 988 4819 gentes
1032 4735 1319 4816 quae'bella
1357 4745 1595 4800 volunt.»
1639 4744 1767 4810 Quae
1804 4761 1964 4816 supe-

438 4840 554 4895 rius
580 4838 848 4901 feruntur,
892 4838 958 4891 de
1008 4836 1334 4893 adversariis
1381 4835 1743 4906 potestatibus
1796 4844 1849 4890 et
1898 4834 1967 4889 de

439 4928 770 4997 principibus
798 4928 1103 4982 Iudaeorum
1167 4936 1417 4982 enarrata
1459 4934 1624 4981 sunt:
1676 4925 1791 4978 haec
1840 4940 1966 4979 vero

443 5015 509 5069 de
538 5015 770 5071 inimicis
810 5014 1061 5069 Ecclesiae
1107 5030 1171 5069 ex
1209 5015 1534 5084 reliquarum
1582 5014 1820 5083 gentium
1865 5029 1967 5065 nu-

443 5120 607 5159 mero.
646 5104 985 5173 Prospiciens
1018 5119 1248 5173 namque
1280 5103 1513 5173 Spiritus
1542 5109 1761 5157 sanctus
1788 5117 1881 5156 eos
1899 5116 1965 5155 ex

445 5192 687 5260 gentibus
711 5193 803 5261 qui
838 5191 893 5244 in
937 5193 1314 5246 incredulitate
1357 5189 1750 5261 perscveraturi
1788 5196 1964 5252 erant,

448 5280 701 5336 adversus
730 5280 910 5335 ﬁdeles
932 5281 1067 5334 bella
1089 5290 1143 5336 et
1170 5282 1567 5351 persecutiones
1583 5286 1823 5333 moturos
1847 5294 1966 5332 esse

449 5375 633 5419 contra
671 5367 967 5422 Ecclesiam
1008 5369 1123 5428 Dei.
1170 5371 1479 5425 necessario
1530 5367 1740 5439 baclde
1782 5382 1843 5420 re
1886 5368 1966 5422 sic

449 5464 695 5521 precatur
726 5454 746 5509 ἰ
784 5473 802 5506 ι
820 5454 1031 5525 Dissipa
1059 5466 1243 5525 gentes
1268 5474 1387 5528 quae
1414 5460 1552 5513 bella
1579 5457 1815 5510 volunt.»
1871 5455 1967 5511 His

450 5556 682 5621 namque
710 5543 1006 5614 dissipatis,
1045 5548 1214 5616 gratia
1244 5550 1548 5619 evangelica
1596 5548 1771 5601 locum
1798 5546 1965 5601 hahe-

2062 4388 2157 4441 σάν
2198 4404 2264 4457 με
2310 4388 2497 4456 μόσχοι
2541 4389 2749 4456 πολλοὶ,
2802 4395 3018 4467 ταῦροι
3055 4403 3255 4467 πίονες
3280 4406 3557 4476 περιέσχον
3581 4419 3649 4471 με.

2065 4476 2311 4540 Ἤνοιξαν
2336 4477 2423 4528 ἐπ’
2452 4476 2555 4546 ἐμὲ
2588 4478 2651 4531 τὸ
2680 4481 2862 4551 στόμα
2898 4489 3124 4545 αὐτῶν.
3163 4512 3183 4544 ι
3220 4495 3302 4545 Δι’
3339 4488 3414 4547 ὧν
3450 4494 3651 4563 ᾐνίττετο

2060 4566 2181 4628 τοὺς
2207 4566 2471 4635 ἄρχοντας
2495 4568 2591 4620 τοῦ
2618 4550 2905 4627 Ἰουδαίων
2928 4577 3073 4632 λαοῦ
3120 4583 3225 4635 καὶ
3258 4584 3332 4637 τὰ
3362 4550 3651 4641 ὑπἠαὑτοὺς

2063 4654 2238 4724 πλήθη
2262 4654 2332 4707 τά
2359 4656 2727 4713 ἐπισυστάντα
2758 4667 2886 4717 κατ’
2918 4669 3125 4726 αὐτοῦ.

2136 4761 2153 4792 ι
2192 4744 2587 4833 ᾼιασκόρπισον
2619 4749 2750 4822 ἔθνη
2792 4754 2863 4808 τὰ
2903 4760 3043 4823 τοὺς
3088 4762 3369 4833 πολέμους
3392 4763 3646 4818 θέλοντα.»

2060 4832 2142 4922 Τά
2171 4832 2266 4901 μὲν
2304 4832 2551 4905 ἀνώτερα
2598 4842 2730 4912 περὶ
2773 4844 2887 4898 τῶν
2930 4832 3348 4922 ἀντικειμένων
3384 4855 3647 4922 δυνάμεων,

2059 4921 2151 5019 οιαὶ.
2200 4923 2340 5019 περὶ.
2370 4925 2481 5019 τξν
2528 4930 2812 5000 ἀρχόντων
2862 4937 2964 4990 τοῦ
3012 4921 3297 4996 Ἰουδαίων
3343 4921 3520 5006 ἔθνους
3553 4941 3649 5004 ὲδη’

2060 5009 2241 5113 λοῦτο,
2287 5012 2356 5113 τά
2392 5014 2449 5068 δὲ
2495 5020 2843 5091 προκείμενα
2890 5027 3027 5096 περὶ
3066 5030 3183 5083 τῶν
3228 5034 3288 5085 ἐν
3330 5036 3439 5094 τοῖς
3476 5029 3646 5085 λοιποῖς

2060 5099 2233 5203 ἔθνὶσι
2260 5104 2541 5203 πολεμίων
2568 5111 2671 5181 τῆς
2717 5113 3088 5187 Ἐκκλησίας.
3134 5122 3357 5193 Ἐπειδὴ
3390 5120 3492 5191 γὰρ
3528 5119 3645 5189 ἐώρα

2061 5188 2129 5292 τό.
2150 5192 2375 5292 Πνεῦμα
2407 5197 2469 5292 τὸ
2515 5199 2671 5266 ἅγιον
2716 5206 2848 5268 τοὺς
2894 5208 2954 5259 ὲν
2989 5209 3236 5282 ἀπιστίᾳ
3283 5188 3644 5279 ἀπομείναντὰς

2062 5284 2185 5386 τῶν.
2217 5284 2968 5386 ἐθνῶν-ἐπαναστησομένους
3012 5302 3131 5363 τοῖς
3166 5305 3398 5367 πιστοῖς,
3437 5300 3523 5353 καὶ
3549 5298 3643 5349 διον

2062 5377 2233 5461 γμοὺς
2274 5377 2419 5431 κατὰ
2472 5381 2572 5451 τῆς
2618 5384 2954 5455 Ἐκκλησῐας
2995 5390 3098 5443 τοῦ
3153 5391 3292 5445 Θεοῦ
3336 5393 3637 5461 κινήσαντας,

2064 5458 2377 5528 ἀναγκαίως
2426 5470 2522 5521 καὶ
2566 5474 2698 5543 περὶ
2740 5475 2934 5530 τούτου
2985 5477 3217 5547 εὔχεται
3260 5480 3411 5549 λέγον
3429 5458 3451 5508 ’Ἴ
3482 5496 3499 5528 ι
3533 5478 3637 5527 Δια-

2065 5548 2358 5619 σκόρπισον
2402 5558 2533 5631 ἔθνη
2584 5564 2654 5621 τά
2707 5568 2835 5632 τοὺς
2886 5568 3167 5640 πολέμους
3218 5572 3452 5626 θέλοντα.
3481 5588 3499 5622 ι
3530 5570 3631 5620 Aia-

521 5689 686 5743 "Job
709 5704 792 5752 XL,
828 5692 907 5745 16.
980 5694 1024 5726 ⁸⁸
1052 5693 1190 5749 Psal.
1228 5712 1296 5760 χι,
1320 5698 1373 5754 7.
1447 5701 1489 5734 ⁵⁷
1513 5699 1652 5755 Psal.
1685 5714 1805 5765 va,
1840 5697 1925 5763 10,

2088 5698 2217 5756 Psal.
2243 5720 2362 5773 xxi,
2394 5710 2485 5781 1'5,
2514 5714 2602 5773 Μ.
