3796 6368
156 335 301 405 τιἿ

1347 352 1834 407 COMMENTARIA
1870 352 1936 406 IN
1973 350 2306 407 PSALMOS.

3301 355 3397 409 718

174 452 665 525 πορπιζομένων
691 464 809 536 γὰρ
860 469 1081 533 τούτων,
1122 474 1154 539 ἡ
1202 471 1355 543 χάρις
1390 473 1423 541 ἡ
1469 472 1774 539 εὐαγγελικί

1884 471 1982 525 bit.
2040 470 2155 523 Jam
2199 469 2436 523 futurum
2492 474 2606 521 crat
2652 475 2710 519 ut
2746 467 2913 536 gratia
2964 474 3294 536 operaretur,
3333 468 3399 519 ah

188 556 387 623 χώραν
411 549 549 613 ἷξεν-ο
583 554 839 624 Ἥμελλε
862 560 953 612 τοῦ
979 565 1210 631 ἐνεργεῖν
1242 561 1333 614 καὶ
1360 562 1417 624 ἐξ
1442 561 1615 613 αὐτῶν
1636 559 1781 629 πρώ-

201 657 317 694 των
369 639 642 709 ἄρχεσθαι
693 647 807 699 τῶν
859 650 977 701 καθ’
1032 650 1323 721 ὑπερϐολὴν
1376 649 1778 718 εἰδωλολατρῶν.

207 729 503 797 Αἰγύπτιοι
532 733 592 785 δὲ
621 731 767 806 ἦσαν
806 739 855 790 οί
883 740 1091 792 πάντων
1138 738 1430 807 ἀνθρώπων
1457 740 1547 792 καὶ
1575 741 1782 792 πάντων

211 821 393 873 ἐθνῶν
414 822 984 894 δεισιδαιμονέστατοι.
1008 827 1095 878 Διὸ
1118 827 1244 895 ἑξῆς
1260 828 1513 896 ἐπιλέγει·
1535 827 1782 891 (Ἠξουσι

211 912 483 981 πρέσϐεις
510 912 569 975 ἐξ
594 914 891 980 Αἰγύπτου.
929 935 945 964 ι
979 917 1130 968 Κατὰ
1168 918 1221 969 δὲ
1244 918 1334 969 τὸν
1369 918 1611 981 Ἀκύλαν,
1647 938 1664 963 σ
1696 919 1784 971 Ot-

209 1018 404 1055 σουσιν
430 1005 818 1071 ἐσπευσμένως
842 1006 898 1069 ἐξ
923 1005 1188 1072 Αἰγύπτου
1204 1024 1217 1038 ·
1256 1026 1273 1057 ι
1302 1008 1437 1060 κατὰ
1457 1009 1513 1061 δὲ
1532 1009 1619 1060 τὸν
1643 1009 1783 1078 Σύμ-

209 1109 415 1161 μαχον,
450 1112 468 1141 ι
496 1092 832 1146 Ἑλθέτωσαν
875 1097 1196 1162 ἐκφάναντες
1235 1100 1281 1149 οἱ
1328 1097 1383 1160 ἐξ
1434 1099 1720 1166 Αἰγύπτου.
1759 1118 1776 1147 ι

203 1182 327 1233 Καὶ
379 1181 443 1232 τὸ
498 1182 602 1250 μὲν
650 1185 866 1236 πάντων
914 1184 1299 1255 εἰδωλολατρῶν
1341 1188 1493 1252 γένος
1540 1186 1625 1238 διὰ
1677 1186 1782 1238 τῶν

201 1266 598 1335 ἐλευσομένων
621 1268 680 1333 ἐξ
708 1270 977 1336 Αἰγύπτου
1012 1272 1103 1322 καὶ
1131 1272 1521 1341 διαϐησομένοΝ
1557 1274 1647 1325 ἐπὶ
1685 1272 1781 1341 τὴν

200 1356 305 1407 τοῦ
346 1357 492 1408 Θεοῦ
518 1359 722 1425 γνῶσιν
758 1360 1073 1428 δεδήλωται·
1109 1362 1193 1412 διὰ
1227 1362 1281 1413 δὲ
1326 1362 1416 1414 τοῦ
1449 1363 1572 1431 ἑξῆς
1610 1364 1783 1415 ὲπιλε-

202 1440 477 1509 γομένου·
501 1459 520 1490 ι
540 1442 791 1494 Αἰθιοπία
812 1446 1104 1513 προφθάσει
1132 1450 1283 1515 χεῖρα
1308 1450 1470 1517 αὐτῆς
1490 1449 1565 1518 τῷ
1591 1450 1725 1519 Θεῷ,
1758 1470 1775 1501 ι

199 1530 278 1582 τὰ
311 1531 470 1600 ἄκρα
512 1532 614 1600 τῆς
658 1533 765 1585 τῶν
803 1534 1094 1602 ἀνθρώπων
1143 1538 1476 1606 οἰκουμένης.
1528 1539 1780 1608 Σημαίνει

197 1620 320 1689 γὰρ
366 1622 399 1673 ὁ
433 1621 623 1687 λόγος,
668 1624 744 1684 ὡς
776 1624 881 1693 ἄρα
930 1624 988 1686 ἐξ
1031 1626 1276 1678 ἁπάντων
1318 1628 1423 1678 τῶν
1472 1628 1634 1682 ἐθνῶν
1676 1629 1781 1681 τῶν

196 1710 301 1762 ἀπ’
334 1710 617 1779 ἀνατολῆς
644 1711 793 1780 ἡλίου
828 1712 983 1782 μέχρι
1034 1714 1245 1783 δυσμῶν
1288 1716 1517 1784 ἥξουσιν,
1561 1719 1694 1771 κατὰ
1722 1720 1781 1772 τὸ

1880 561 1946 614 iis
1996 561 2264 628 prioribus
2315 573 2438 611 orsa
2487 557 2576 626 qui
2624 572 2782 626 supra
2840 556 3055 610 modum
3106 556 3400 609 idololatrac

1878 658 2064 703 erant:
2105 648 2338 717 Aigyptii
2374 654 2549 700 autem
2583 636 2673 699 illi
2698 655 2850 699 erant
2889 646 3123 699 onmium
3164 645 3399 713 gentium

1880 754 1941 791 ac
1968 740 2285 806 populorum
2317 736 2850 805 superstitiosissimi.
2882 735 3056 799 Quare
3072 742 3257 803 postea
3282 734 3403 787 sub-

1876 828 2051 896 jungit
2090 847 2102 881 :
2146 847 2163 878 ι
2195 828 2417 881 Venient
2459 826 2615 893 legati
2664 842 2726 878 ex
2775 825 3057 894 Egypto.»
3100 823 3399 877 Secundum

1879 920 2124 987 Aquilam
2160 934 2307 977 vero,
2363 937 2380 967 ι
2408 916 2599 970 Ferent
2646 916 2960 968 festinanter
2982 930 3045 967 ex
3081 912 3311 982 JEgypto
3336 930 3350 975 ;
3376 931 3395 961 ι

1880 1009 2173 1061 secundum
2228 1006 2626 1077 Symmachum,
2682 1004 2953 1057 «Veniant
3004 1003 3282 1056 efferentes
3336 1016 3401 1055 ex

1880 1096 2159 1167 Egypto.»
2195 1096 2491 1164 Totumque
2532 1097 2930 1148 idololatrarum
2960 1108 3149 1163 genus,
3182 1108 3273 1161 per
3309 1106 3403 1145 eos

1879 1188 1970 1254 qui
2006 1202 2069 1239 ex
2105 1186 2332 1255 Aigvpto
2362 1186 2593 1246 venturi,
2638 1194 2690 1237 et
2723 1184 2787 1236 ad
2822 1183 2910 1237 Dei
2941 1184 3182 1236 notitiam
3234 1192 3403 1235 trans-

1879 1277 2005 1327 ituri
2034 1284 2177 1336 sunt,
2211 1276 2511 1339 indicatur;
2545 1291 2640 1343 per
2682 1275 2731 1327 id
2762 1288 2889 1326 vero
2929 1272 3067 1340 quod
3103 1286 3224 1323 mox
3252 1270 3404 1323 addi-

1880 1373 2002 1417 tur:
2051 1382 2069 1414 ι
2092 1364 2361 1432 [Ethiopia
2391 1364 2624 1432 porriget
2676 1378 2887 1415 manum
2914 1376 3063 1415 suam
3097 1361 3222 1420 Deo,
3255 1379 3272 1409 ι
3311 1374 3403 1412 cx-

1880 1461 2046 1507 trema
2076 1454 2222 1507 orbls
2256 1454 2643 1522 significantur.
2688 1451 2995 1504 Declaratur
3018 1465 3177 1519 porro
3199 1465 3261 1502 ex
3289 1450 3407 1501 uni-

1878 1544 2048 1596 versis
2078 1542 2324 1610 gentibus
2352 1542 2419 1595 ab
2449 1543 2655 1595 oriente
2694 1542 2804 1595 sole
2836 1554 3004 1607 usque
3046 1538 3111 1591 ad
3154 1538 3406 1590 occiden-

1878 1639 1985 1685 tem
2019 1647 2334 1685 accessuros
2382 1648 2520 1694 esse,
2570 1639 2629 1684 ut
2660 1630 2785 1683 alibi
2836 1629 3035 1682 dicitur
3069 1646 3082 1681 :
3119 1646 3137 1677 ι
3161 1626 3406 1680 Remini-

1880 1730 2097 1774 scentur
2120 1730 2173 1774 et
2208 1729 2586 1774 convertentur
2610 1720 2675 1772 ad
2704 1718 2983 1772 Dominum
3016 1717 3251 1771 universi
3273 1716 3405 1771 fines

195 1800 427 1868 φάσκον
465 1802 528 1854 ὲν
562 1802 774 1871 ἑτέροις
800 1802 1002 1869 λόγιον·
1043 1823 1061 1853 ι
1094 1806 1495 1875 Μνησθήσονται
1527 1809 1618 1859 καὶ
1662 1811 1774 1861 ὲπι-

1877 1814 2032 1859 terrae
2075 1824 2088 1860 :
2135 1813 2189 1860 et
2234 1806 2531 1859 adorabunt
2557 1807 2610 1858 in
2642 1813 2933 1873 conspectu
2973 1804 3091 1872 ejus
3142 1803 3405 1858 universa:

197 1893 633 1961 στραφήσονται
684 1893 817 1961 πρὸς
866 1893 1067 1963 Κύριον
1114 1895 1283 1946 πάντα
1330 1895 1395 1946 τὰ
1439 1896 1643 1965 πέρατα
1678 1899 1775 1967 τῆς

194 1983 329 2051 γῆς,
362 1982 468 2034 καὶ
518 1984 981 2051 προσκυνήσουσιν
1030 1981 1250 2035 ἐνώπιον
1296 1986 1454 2037 αὐτοῦ
1509 1990 1672 2047 πᾶσαι
1715 1990 1773 2041 αἰ

196 2072 446 2141 πατριαὶ
498 2071 609 2123 τῶν
654 2071 838 2122 ὲθνῶν.
874 2091 893 2122 ι
930 2073 1079 2125 Κατὰ
1120 2075 1174 2125 δὲ
1211 2075 1299 2126 τὸν
1341 2076 1590 2129 Ἀκύλαν·
1625 2096 1643 2127 ι
1679 2080 1772 2131 Αἰ-

195 2160 353 2229 θίοψ,
383 2162 547 2230 φησί,
579 2160 846 2230 δρομώσει
870 2164 1022 2231 χεῖρα
1044 2163 1202 2215 αὑτοῦ
1228 2164 1301 2233 τῷ
1329 2164 1468 2234 Θεῷ·
1506 2185 1524 2217 ι
1558 2167 1692 2219 κατά
1718 2168 1773 2219 δὲ

194 2250 292 2302 τὸν
325 2250 671 2317 Σύμμαχον·
705 2267 723 2298 ‹
764 2250 1009 2302 Αἰθιοπία
1054 2253 1331 2305 σπευσάτω
1375 2253 1581 2305 διδοῦσα
1621 2257 1774 2323 χεῖρα

192 2337 276 2405 τῷ
313 2336 463 2405 Θεῷ.
510 2356 526 2386 ι
569 2338 723 2388 Ἐστι
768 2337 824 2389 δὲ
875 2341 967 2391 καὶ
1017 2339 1153 2392 κατὰ
1208 2342 1302 2409 τὴν
1344 2342 1574 2412 ἱστορίαν
1620 2342 1774 2395 τοῦτο

193 2424 614 2494 πεπληρῶσθαι
651 2426 813 2492 φάναι
852 2427 940 2478 ἐπὶ
969 2427 1058 2479 τοῦ
1091 2429 1356 2491 Αἰθίοπος,
1387 2424 1445 2481 οὗ
1481 2431 1773 2500 μέμνηνται

188 2514 306 2565 τῶν
344 2513 673 2565 ἀποστόλων
705 2516 759 2566 αἰ
793 2514 1040 2584 Πράξεις.
1087 2518 1274 2585 Σχεδὸν
1306 2517 1411 2587 γὰρ
1444 2518 1772 2588 προέφθασεν

188 2597 361 2666 οὗτος
397 2603 473 2654 τὰ
520 2603 684 2654 λοιπὰ
718 2603 863 2673 ἔθνη,
918 2605 1263 2670 καταξιωθεὶς
1295 2608 1397 2677 πρὸ
1438 2609 1646 2662 πάντων
1676 2610 1774 2679 τῆς

186 2694 469 2763 γνώσεως
496 2693 595 2744 τοῦ
624 2695 889 2763 Σωτῆρος.
922 2695 1100 2756 Ὅπως
1123 2695 1177 2746 δὲ
1214 2696 1305 2748 καὶ
1346 2698 1591 2767 πρέσϐεις
1617 2695 1773 2769 ἦλθον

186 2783 249 2845 ἐξ
313 2782 603 2848 Αἰγύπτου
640 2782 779 2833 κατὰ
823 2782 918 2852 τὴν
962 2785 1225 2852 ἱστορίαν,
1268 2786 1422 2838 πάλιν
1458 2789 1512 2840 al
1546 2790 1774 2859 Πράξεις

183 2871 314 2923 τὼν
368 2871 693 2921 ἀποστόλων
737 2869 998 2940 δηλοῦσιν,
1051 2874 1105 2922 ἐν
1156 2868 1239 2936 αἶς
1290 2876 1512 2944 εἴρηται,
1559 2878 1631 2939 ὼς
1670 2880 1774 2949 ἄρα

186 2961 346 3014 κατὰ
398 2960 504 3029 τὴν
556 2961 767 3029 ἡμέραν
814 2960 911 3028 τῆς
957 2962 1321 3031 Πεντηκοστῆς
1362 2965 1420 3016 τὸ
1465 2967 1681 3036 Πνεῦμα
1715 2970 1774 3020 τὸ

188 3052 362 3118 ἅγιον
406 3050 703 3120 ἐπλήρωσε
742 3049 829 3101 τὸν
873 3046 1015 3102 οἷκον
1058 3050 1181 3102 ἔνθα
1210 3048 1344 3121 ἦσαν
1384 3054 1433 3105 οἰ
1476 3055 1770 3121 ἀπόστολοι,

193 3141 434 3195 ὲκάθισέ
465 3158 528 3192 τε
565 3140 657 3191 ἐπὶ
692 3140 815 3202 τοὺς
844 3140 1107 3210 παρόντας
1142 3141 1406 3205 ἅπαντας·
1441 3146 1495 3195 ὲν
1525 3142 1603 3208 οἷς
1642 3142 1776 3217 ἦσαν
1801 3123 1841 3178 C

195 3232 421 3305 Πάρθοι
458 3230 560 3282 καὶ
593 3230 767 3297 Μῆδοι
806 3230 895 3282 καὶ
937 3229 1212 3299 Ἐλαμῖται
1260 3233 1349 3283 καὶ
1389 3234 1435 3284 οἰ
1477 3237 1779 3289 κατοικοῦν-

192 3341 290 3387 τες
334 3320 443 3392 τὴν
492 3320 947 3388 Μεσοποταμίαν,
983 3320 1233 3372 Ἰουδαίαν
1265 3339 1323 3373 τε
1368 3324 1459 3375 καὶ
1497 3327 1781 3380 Καππαδο-

193 3416 352 3475 κίαν,
389 3412 605 3463 Πόντον
653 3411 744 3461 καὶ
785 3410 881 3479 τὴν
916 3412 1113 3472 Ἀσίαν,
1144 3412 1375 3481 Φρυγίαν
1405 3431 1463 3465 τε
1500 3415 1589 3466 καὶ
1626 3418 1779 3485 Παμ-

195 3502 433 3570 φυλίαν,
471 3497 748 3563 Αἴγυπτον
779 3497 870 3548 καὶ
896 3496 963 3548 τὰ
1004 3498 1138 3567 μέρη
1173 3500 1267 3567 τῆς
1299 3499 1497 3569 Λιϐύης
1520 3502 1617 3570 τῆς
1643 3503 1780 3555 κατὰ

192 3592 502 3661 Κυρήνην.
553 3579 711 3638 Οὗτοι
761 3586 822 3655 δὴ
871 3584 961 3638 οὖν
1014 3587 1205 3649 πάντες
1248 3587 1480 3658 ὡσπερεὶ
1530 3591 1779 3658 πρέσϐεις

192 3683 516 3749 ἐτύγχανον
575 3677 681 3729 τῶν
730 3678 925 3740 ἐθνῶν,
977 3679 1076 3747 τῆς
1121 3680 1212 3732 τοῦ
1266 3682 1416 3747 ἁγίου
1474 3682 1780 3751 Πνεύματος

192 3770 477 3840 ἀπαρχῆς
539 3765 947 3834 κατηξιωμένοι.
990 3766 1144 3818 Ἀλλὰ
1193 3768 1298 3836 γὰρ
1354 3768 1487 3837 μετὰ
1545 3771 1666 3831 τοὺς
1722 3770 1779 3833 ἐξ

196 3860 529 3928 Αἰγύπτου,
580 3856 673 3907 καὶ
721 3854 856 3924 μετὰ
903 3856 998 3925 τὴν
1056 3856 1435 3925 προφθάσασαν
1483 3859 1775 3924 Αἰθιοπίαν,

194 3952 340 4019 ἑξῆς
377 3951 438 4000 αἰ
472 3946 659 3997 λοιπαὶ
702 3944 959 4013 βασιλεῖαι
1000 3946 1097 4014 τῆς
1126 3948 1225 4014 γῆς
1253 3948 1551 4010 καλοῦνται,
1586 3949 1777 4020 δηλαδὴ

197 4043 300 4093 καὶ
332 4038 407 4090 τὰ
443 4036 553 4088 ὑπὸ
580 4035 798 4095 ταύταις
830 4034 975 4104 ἔθνη.
1006 4036 1095 4085 Διὸ
1130 4036 1462 4103 ὲπιλέγεται·
1491 4058 1508 4087 ι
1538 4040 1599 4090 Αἰ
1631 4040 1779 4107 βασι-

194 4130 351 4180 λεῖαι
379 4126 487 4192 τῆς
529 4123 651 4190 γῆς,
704 4121 865 4190 ᾁσατε
906 4120 982 4189 τῷ
1011 4121 1144 4190 Θεῷ,
1178 4121 1377 4189 ψάλατε
1408 4123 1482 4192 τῷ
1510 4126 1709 4194 Κυρίῳ.
1753 4144 1771 4175 ι

203 4220 276 4269 Ἀ
327 4214 431 4267 καὶ
473 4210 584 4263 οὐδ’
624 4209 791 4271 ἄλλως
832 4210 863 4277 ἢ
920 4209 1005 4261 διὰ
1054 4211 1216 4279 μόνης
1259 4212 1356 4280 τῆς
1400 4212 1489 4264 τοῦ
1534 4215 1776 4283 Σωτῆρος

200 4303 373 4375 ἡμῶν
408 4298 763 4359 διδασκαλίας
796 4299 977 4360 τέλους
1020 4301 1324 4368 ἐτύγχανεν.
1361 4303 1471 4354 Οὐκ
1510 4302 1651 4354 ἔστιν
1687 4299 1776 4356 οὖν

197 4396 389 4455 ἔθνος,
438 4392 502 4442 ού
551 4387 721 4459 χώρα,
772 4390 830 4439 οὐ
884 4389 1033 4455 γένος
1080 4389 1391 4460 ἀνθρώπων,
1438 4393 1496 4444 οὐ
1538 4393 1775 4462 βασιλεία

1877 1895 2093 1948 familiae
2123 1896 2425 1963 gentium”.
2454 1894 2794 1967 iSecundum
2813 1893 3055 1961 Aquilam
3084 1910 3136 1946 ζ(
3156 1892 3405 1962 Ειιιίορε

1878 2000 2159 2039 accurrere
2200 1984 2357 2037 faciet
2411 1999 2626 2035 manum
2675 1998 2826 2037 suam
2876 1982 3013 2047 Deo;
3044 2001 3062 2033 ι
3106 1981 3399 2036 secundum

1879 2072 2302 2142 Symmachum:
2340 2070 2648 2139 «Ethiopia
2713 2072 2928 2125 festinet
2998 2072 3126 2125 dare
3183 2086 3404 2125 manum

1879 2163 2036 2216 Deo.»
2079 2162 2156 2214 Ex
2184 2162 2407 2215 historia
2445 2178 2605 2230 porro
2652 2162 2772 2215 licet
2820 2177 2937 2214 eam
2976 2176 3089 2215 rem
3133 2161 3401 2228 impletam

1877 2252 2057 2305 dicere
2092 2251 2143 2303 in
2178 2248 2450 2319 IEthiOpe,
2477 2250 2634 2317 cujus
2664 2250 2985 2302 mentionem
3024 2250 3223 2303 habent
3268 2250 3400 2302 Acta

1878 2340 2261 2409 apostolorum.
2325 2339 2444 2407 Ipse
2496 2354 2725 2407 namque
2774 2346 2996 2391 cazteras
3041 2346 3226 2405 gentes
3288 2336 3397 2388 fere

1881 2430 2155 2498 praevenit,
2187 2428 2484 2482 Salvatoris
2513 2430 2817 2497 cognitione
2845 2435 2969 2481 ante
3010 2442 3194 2481 omnes
3217 2427 3405 2496 digna-

1878 2527 1983 2571 tus.
2025 2516 2303 2581 Quomodo
2336 2527 2512 2570 autem
2562 2517 2717 2585 legati
2767 2517 3009 2569 venerint
3050 2531 3115 2568 ex
3146 2512 3401 2584 Egypto,

1876 2622 2090 2661 rursum
2142 2615 2397 2660 enarrant
2445 2605 2579 2659 Acta
2634 2607 3017 2674 apostolorum,
3067 2604 3157 2658 ubi
3185 2603 3401 2666 dicitur,

1879 2698 1932 2750 in
1970 2697 2056 2750 die
2106 2694 2450 2750 Pentecostes
2508 2693 2766 2764 Spiritum
2819 2706 3061 2749 sanctum
3118 2696 3407 2764 replevisse

1877 2785 2113 2846 domum,
2145 2784 2233 2836 ubi
2270 2790 2425 2836 erant
2458 2785 2708 2851 apostoli,
2753 2784 3065 2853 sedisseque
3093 2799 3256 2852 supra
3290 2799 3408 2837 om-

1878 2890 1975 2930 nes
2028 2874 2119 2944 qui
2173 2873 2417 2927 aderant.
2459 2872 2514 2925 In
2559 2875 2756 2941 quibus
2797 2883 2950 2927 erant
2996 2873 3199 2936 Parthi,
3244 2873 3401 2935 Medi,

1878 2962 2132 3027 Elamitaa,
2187 2972 2237 3017 et
2285 2962 2375 3030 qui
2435 2963 2745 3015 habitabant
2813 2961 3269 3032 Mesopotamiam,
3309 2962 3407 3015 1η·-

1878 3052 2041 3105 dazam
2092 3059 2145 3103 et
2192 3051 2607 3121 Cappadociam,
2643 3050 2875 3103 Pontum
2904 3059 2955 3105 et
2987 3052 3194 3114 Asiam,
3235 3050 3403 3121 Phry-

1875 3142 2012 3211 giam
2045 3150 2097 3195 et
2144 3142 2535 3211 Pamphyliam,
2572 3140 2860 3211 IEgyptum
2902 3148 2954 3193 et
3010 3148 3191 3209 partes
3224 3140 3403 3211 Libyae

1876 3231 2018 3283 circa
2049 3230 2392 3299 Cyrenem“.
2434 3228 2497 3281 lli
2528 3230 2689 3298 igitur
2722 3245 2910 3282 omnes
2953 3244 3050 3281 ceu
3086 3230 3244 3296 legati
3271 3245 3398 3297 gen-

1876 3324 2005 3375 tium
2064 3330 2235 3383 erant,
2286 3321 2516 3389 Spiritus
2562 3321 2731 3373 sancti
2767 3320 3015 3389 primitiis
3053 3319 3250 3373 donati.
3300 3322 3386 3373 At-

1879 3414 2019 3466 enim
2054 3420 2175 3481 post
2193 3412 2493 3481 Egyptios,
2535 3418 2655 3479 post
2696 3409 3020 3478 Ethiopiam
3055 3424 3172 3478 qua:
3203 3424 3400 3478 praeve-

1876 3512 2048 3563 nerat,
2090 3511 2278 3555 eaatera
2307 3500 2500 3555 deinde
2547 3516 2705 3569 regna
2744 3510 2896 3553 terra:
2924 3508 3206 3559 vocantur,
3254 3499 3397 3552 vide-

1875 3591 2001 3644 licet
2078 3600 2263 3658 gentes
2326 3592 2393 3644 iis
2447 3590 2719 3656 subjectzc.
2795 3589 2969 3654 Quare
3025 3589 3399 3657 subjungitur:

1882 3678 2104 3750 «Regna
2156 3692 2331 3746 terraa,
2388 3690 2599 3733 cantate
2655 3679 2782 3743 Deo,
2850 3680 3059 3748 psallite
3119 3678 3396 3732 Domino.»

1879 3772 2006 3836 Quae
2036 3788 2140 3825 non
2193 3772 2299 3824 alio
2347 3771 2503 3824 modo
2546 3786 2705 3839 quam
2754 3786 2847 3838 per
2892 3784 3052 3823 unam
3103 3769 3404 3823 Servatoris

1877 3864 2046 3916 nostri
2095 3862 2393 3915 doctrinam
2438 3860 2594 3914 finem
2647 3866 2992 3927 acceperunt.
3032 3859 3188 3912 Nulla
3240 3859 3405 3928 igitur

1876 3967 2025 4019 gens,
2053 3951 2195 4003 nulla
2228 3951 2394 4019 regio,
2417 3950 2622 4003 nullum
2654 3965 2821 4018 genus
2862 3949 3158 4012 hominum,
3186 3951 3397 4004 nullum

1876 4042 1931 4093 in
1964 4048 2076 4093 toto
2103 4040 2231 4094 orbe
2257 4055 2501 4108 regnum,
2547 4039 2601 4091 in
2640 4054 2745 4107 quo
2776 4054 2880 4091 non
2913 4040 3094 4106 populi
3130 4038 3235 4093 Deo
3266 4055 3400 4093 con-

1872 4132 2077 4201 gregali
2099 4132 2309 4199 jussum
2340 4142 2725 4200 exsequantur.
2779 4129 2875 4182 llic
2900 4144 3027 4183 vero
3058 4146 3269 4184 rursum
3312 4148 3405 4185 cao

1876 4234 2001 4273 nere
2048 4219 2175 4283 Deo,
2228 4221 2452 4288 psallere
2492 4220 2715 4273 Domino
2759 4219 2927 4284 jubet,
2978 4233 3082 4271 non
3132 4235 3226 4287 per
3272 4221 3401 4274 illud

1876 4315 2103 4376 quatuor
2129 4309 2425 4361 litterarum
2458 4323 2671 4369 nomen,
2720 4307 2811 4361 sed
2843 4322 2907 4360 eo
2950 4307 3041 4374 qui
3091 4310 3403 4377 vulgaribus

1875 4399 2153 4452 elementis
2194 4400 2521 4453 enuntiatur.
2562 4397 2732 4465 Atque
2777 4403 2834 4448 ut
2875 4396 3074 4451 clarius
3107 4400 3403 4469 perspicia—

199 4483 335 4537 καθ’
380 4480 518 4551 ὅλης
550 4480 648 4548 τῆς
690 4479 1023 4547 οἰκουμένης,
1057 4480 1179 4532 ἔνθα
1227 4481 1342 4549 οὐχὶ
1389 4480 1501 4533 λαοί
1542 4482 1618 4552 τῷ
1659 4484 1772 4553 Θεῷ

1877 4504 1993 4541 mus
2022 4489 2141 4558 quis
2182 4489 2250 4543 sit
2289 4490 2374 4542 ille
2403 4488 2677 4550 Dominus,
2728 4485 2946 4541 subdit:
2987 4505 3005 4536 ι
3031 4486 3132 4553 Qui
3165 4491 3405 4544 ascendit

200 4574 516 4631 συστάντες
548 4568 609 4620 τὸ
640 4568 908 4638 κέλευσμα
939 4568 1347 4639 ἀποπληροῦσιν.
1370 4571 1534 4625 Πάλιν
1563 4573 1617 4625 δὲ
1650 4575 1773 4629 κάν-

198 4663 387 4716 ταῦθα
418 4660 571 4730 ᾅδειν
603 4658 701 4726 μὲν
728 4657 1043 4727 προστάττει
1071 4658 1148 4726 τῷ
1179 4658 1313 4726 Θεῷ,
1351 4661 1564 4729 ψάλλειν
1605 4662 1660 4714 δὲ
1697 4664 1773 4731 τῷ

202 4752 406 4823 Κυρίῳ
423 4752 528 4819 οὐχ
550 4749 634 4800 ἵνα
653 4750 725 4817 (Ι)
742 4747 833 4799 τοῦ
850 4750 1285 4817 τετραγράμμου,
1299 4751 1373 4819 τῷ
1388 4752 1441 4803 δὲ
1460 4754 1774 4823 κοινοτέροις

205 4840 508 4910 στοιχείοις
554 4837 863 4906 δηλουμένῳ
902 4838 1137 4906 ὀνόματι.
1172 4839 1280 4890 Καὶ
1318 4841 1403 4893 ἴνα
1454 4843 1772 4911 σαφέστερον

203 4932 435 5001 γνῶμεν
451 4927 538 4989 τίς
555 4944 680 4977 ποτε
700 4923 767 4995 ἦν
785 4922 936 4988 οὗτος
953 4927 982 4976 ὁ
1006 4924 1221 4995 Κύριος,
1240 4928 1583 4983 ὲπισυνάπτει
1602 4931 1771 4999 λέγων

206 5028 334 5097 ἑξῆς
354 5043 369 5053 ·
410 5042 431 5073 ι
465 5021 561 5090 Τῷ
607 5020 950 5089 ὲπιϐεὸηκότι
990 5019 1081 5070 ἐπὶ
1122 5020 1209 5073 τὸν
1243 5023 1461 5091 οὐρανὸν
1489 5024 1578 5075 τοῦ
1610 5026 1771 5095 ούρα-

207 5117 299 5168 νοῦ
354 5112 510 5168 κατὰ
552 5110 812 5171 ἀνατολάς
833 5125 846 5139 ο
902 5128 918 5159 ι
972 5109 1168 5177 σφόδρα
1214 5112 1540 5173 ἀκολούθως·
1592 5116 1770 5183 ἐπειδὴ

206 5205 315 5273 γὰρ
364 5202 462 5254 διὰ
523 5198 631 5250 τῶν
684 5197 936 5265 ἀνωτέρω
984 5196 1193 5266 εἴρητο·
1227 5216 1244 5248 ι
1291 5200 1654 5267 Ὀδοποιήσατε
1697 5203 1772 5271 τῷ

208 5287 570 5358 ἑπιδεϐηκὸτι
630 5287 724 5338 ἐπὶ
781 5284 1017 5353 δυσμῶν,
1070 5286 1264 5355 Κύριος
1320 5287 1484 5357 ὄνομα
1539 5290 1709 5358 αὐτῷ·
1748 5311 1767 5340 ι

209 5378 521 5439 ἀκολούθως
546 5374 637 5428 διὰ
680 5372 791 5423 τῶν
821 5372 956 5439 μετὰ
988 5374 1168 5440 χεῖρας
1197 5374 1371 5425 οὐκέτι
1401 5375 1771 5445 ὲπιϐεΰηκέναι

210 5472 370 5523 αὐτὸν
411 5469 506 5523 ἐπὶ
549 5462 776 5531 δυσμῶν
813 5475 991 5528 φησιν,
1021 5460 1131 5512 ἀλλ’
1160 5464 1248 5513 ἐπὶ
1281 5462 1367 5515 τὸν
1400 5465 1617 5534 οὐρανὸν
1655 5472 1769 5521 κατ’

274 5580 492 5636 "Psal.
529 5590 650 5633 xxi,
682 5570 782 5623 28.
863 5570 903 5601 ⁸⁸
929 5572 1044 5624 Act.
1078 5587 1137 5636 ιι,
1166 5560 1333 5630 1-1οζ

271 5675 341 5747 (1)
366 5672 511 5738 Lege
539 5664 604 5715 ού
637 5659 751 5710 διά.

1879 4594 2039 4647 super
2067 4579 2258 4631 cmlum
2294 4579 2416 4631 caeli
2446 4579 2509 4631 ad
2538 4578 2833 4632 orientem:
2864 4594 2882 4626 ι
2926 4576 3086 4643 idque
3114 4578 3399 4632 admodum

1878 4676 2282 4737 consequenter,
2306 4669 2428 4737 quia
2456 4666 2700 4735 superius
2730 4665 2932 4718 dictum
2963 4666 3062 4719 fuit
3087 4685 3100 4720 :
3139 4685 3157 4716 ι
3188 4669 3293 4722 lter
3327 4668 3405 4720 fa-

1877 4758 1983 4813 cile
2007 4759 2051 4812 ei
2075 4758 2166 4826 qui
2191 4758 2431 4813 ascendit
2454 4772 2610 4825 super
2632 4770 2902 4815 occasum,
2932 4753 3188 4810 Dominus
3209 4772 3400 4811 nomen

1876 4848 2005 4903 illi.»
2047 4847 2089 4901 E
2118 4865 2176 4903 re
2226 4850 2279 4903 in
2326 4847 2569 4918 praesenti
2614 4859 2723 4898 non
2772 4845 2846 4897 ait
2874 4844 3050 4912 ipsum
3094 4846 3403 4902 ascendisse

1874 4955 2034 5009 super
2077 4954 2347 5001 occasum,
2404 4936 2494 4992 sed
2543 4949 2705 5001 super
2758 4933 2952 4988 calum
2995 4932 3061 4985 ad
3111 4934 3399 4988 orientem.

1872 5029 1975 5083 Par
2003 5030 2196 5099 quippe
2230 5036 2344 5083 erat
2376 5041 2473 5080 nos
2507 5024 2597 5092 qui
2638 5022 2960 5077 descensum
3001 5024 3118 5090 ejus
3159 5023 3400 5079 edidice-

1874 5134 2076 5181 ramus,
2118 5118 2343 5172 reditum
2395 5119 2516 5169 item
2563 5110 2801 5165 edoceri.
2864 5110 3171 5164 Desceusus
3214 5111 3399 5180 itaque

1877 5218 1933 5262 ut
1981 5209 2193 5263 deitatis
2235 5222 2343 5261 sure
2374 5203 2571 5258 lumina
2601 5201 2903 5253 occultaret
2934 5199 3002 5251 ad
3038 5213 3291 5251 occasum
3325 5200 3406 5253 fa-

1874 5305 1997 5350 ctus
2019 5307 2128 5360 est;
2173 5308 2427 5349 ascensus
2455 5294 2630 5341 autem
2680 5286 2802 5355 ejus
2829 5287 2891 5338 ad
2932 5288 3127 5339 caelum
3156 5288 3308 5347 caeli,
3342 5292 3407 5341 ad

1880 5386 2159 5447 orientem,
2194 5385 2262 5437 ob
2295 5380 2580 5451 gloriosam
2637 5375 2762 5442 ejus
2799 5375 2851 5426 in
2907 5376 3103 5427 ere-lum
3142 5376 3411 5443 remigra-

1875 5474 2090 5528 tionem.
2130 5471 2240 5526 Hoc
2270 5484 2427 5539 porro
2456 5464 2658 5518 dictum
2688 5461 2935 5529 exemplo
2961 5462 3091 5514 solis
3114 5461 3414 5530 intelligas.
