3796 6368
368 444 372 449 Ι
466 363 567 420 m

1128 353 1388 410 EUSEBII
1425 343 1886 405 οΑεΑῐιιεΝειε
1921 344 2065 401 OPP.
2106 341 2284 397 PARS
2320 341 2404 395 III.
2442 366 2513 381 -η
2538 338 2955 395 EXEGETICA.
3510 338 3593 394 τευ

468 478 620 531 Sicut
661 474 803 529 enim
847 472 926 526 sel
960 471 1013 522 in
1051 465 1328 521 occidente
1358 462 1567 516 occulte
1608 458 1979 529 progreditur,
2015 510 2016 516 η

2121 454 2363 516 νατολάς.
2412 454 2558 506 Ἔδει
2588 454 2693 523 γὰρ
2726 452 2900 522 ἡμᾶς,
2930 448 3031 518 τὴν
3068 444 3281 498 κάθοδον
3314 444 3462 500 αὐτοῦ
3489 462 3596 522 πρυ

464 565 760 632 deindeque
786 567 1066 630 postquam
1091 554 1157 606 ad
1189 551 1505 605 orientalem
1537 549 1866 601 horizontem
1892 547 1985 599 ad-

465 656 633 719 venit,
675 658 815 706 recta
848 650 901 701 in
930 644 1067 700 cmlo
1098 641 1287 711 pergit,
1335 640 1514 692 omnia
1548 638 1878 700 illuminans,
1910 637 1990 688 lu-

468 744 750 807 cidamque
779 738 916 789 diem
947 732 1199 792 efficiens,
1250 728 1434 782 eadem
1481 725 1691 778 ratione
1734 723 1990 776 Dominus

470 832 558 885 hic
583 826 915 884 enuntiatus,
946 820 1037 889 qui
1075 826 1313 887 tempore
1358 815 1630 885 passionis
1671 820 1725 866 et
1777 810 1990 872 mortis,

470 930 742 975 occasum,
770 921 826 964 ut
855 912 928 963 ita
967 909 1164 969 dicam,
1201 907 1418 968 fecerat,
1450 914 1732 974 postquam
1761 901 1995 970 regionis

471 1007 616 1061 illius
639 1017 858 1057 cursum
888 998 1229 1058 confecisset,
1259 1003 1441 1064 postea
1463 994 1661 1049 dicitur
1688 991 1995 1046 ascendisse

471 1109 633 1165 super
663 1093 861 1147 caelum
891 1090 1013 1144 οωιὶ
1061 1088 1127 1141 ad
1171 1087 1450 1141 orientem.
1495 1082 1800 1137 Secundum
1829 1081 1998 1148 Aqui-

471 1187 576 1238 lam
603 1198 762 1239 vero:
787 1200 805 1232 ι
828 1181 930 1245 Qui
958 1177 1197 1233 ascendit
1226 1176 1279 1228 in
1307 1175 1499 1230 caelum
1530 1172 1651 1226 cmli
1675 1172 1741 1225 ab
1762 1169 1953 1236 initio;
1975 1188 1992 1220 ι

473 1273 763 1330 secundum
794 1268 1168 1340 Symmachum
1192 1284 1206 1319 :
1234 1283 1252 1315 ι
1272 1264 1374 1328 Qui
1399 1262 1610 1316 vehitur
1640 1261 1694 1314 in
1726 1260 1862 1314 cmlo
1884 1259 2005 1312 οωιί

473 1379 537 1416 ex
568 1361 788 1430 prima.»
830 1356 962 1411 Illud
991 1363 1189 1419 autem,
1224 1370 1243 1404 ι
1292 1369 1359 1407 ex
1397 1352 1590 1421 prima,
1619 1368 1638 1402 ι
1672 1358 1754 1413 et,
1792 1367 1810 1398 ο
1835 1350 1901 1401 ab
1924 1349 2005 1401 in-

475 1452 620 1513 itio,»
653 1449 818 1518 probe
846 1460 1140 1515 cognoscas
1179 1443 1401 1497 audiens
1443 1440 1774 1494 Servatorem
1806 1438 1877 1490 ita
1929 1436 2006 1489 lo-

474 1548 724 1611 quentem
772 1557 834 1593 ε(
870 1534 1047 1600 Pater,
1081 1536 1317 1606 glorifica
1363 1550 1447 1589 me
1487 1532 1655 1603 gloria
1699 1544 1858 1597 quam
1909 1527 2004 1580 ha-

475 1632 566 1685 bui
596 1638 881 1698 antequam
914 1628 1146 1681 mundus
1179 1634 1322 1681 esset
1352 1624 1489 1693 apud
1512 1631 1565 1676 te
1581 1622 1646 1672 “.
1686 1637 1705 1670 ι

2096 543 2489 614 μεμαθηκότας,
2514 544 2620 594 ικαὶ
2660 542 2756 611 τὴν
2793 539 3054 592 ἐπάνοδον
3086 534 3400 604 διδαχθῆναι.
3436 537 3492 588 Ἥ
3527 540 3602 606 μὲν

2092 630 2182 686 οὖν
2209 632 2427 694 κάθοδος
2472 631 2558 682 διὰ
2601 630 2695 683 τοῦ
2747 627 3047 683 καλύπτειν
3091 623 3253 679 αὑτοῦ
3281 626 3345 677 τὰ
3366 624 3501 694 φῶτα
3528 629 3604 695 τῆς

2095 724 2340 790 θεότητος
2380 722 2471 773 ἐπὶ
2517 718 2738 788 δυσμῶν
2785 719 2997 784 ἐγίνετο
3018 733 3033 747 ·
3068 719 3102 786 ή
3141 717 3198 768 δὲ
3233 716 3403 776 ἄνοδος
3432 715 3512 765 ἐπὶ
3537 716 3607 767 τὸν

2095 811 2314 881 οὐρανὸν
2346 808 2438 861 τοῦ
2467 808 2526 859 ού
2536 805 2692 877 ρανοῦ
2740 806 2860 857 κατ’
2895 805 3156 867 ἀνατολὰς
3204 804 3290 857 διὰ
3327 803 3418 874 τὴν
3447 804 3610 869 ἔνδοξον

2098 898 2256 951 αὐτοῦ
2303 898 2381 958 εἰς
2433 895 2688 964 οὐρανοὺς
2726 891 3190 947 ἀποκατάστασιν.
3243 892 3457 961 Νοήσεις
3494 891 3542 943 δὲ
3568 891 3612 944 ιδ

2097 988 2411 1056 λελεγμένον
2450 988 2514 1038 ἐκ
2564 984 2657 1036 τοῦ
2709 982 2852 1034 κατά
2895 982 2990 1034 τὸν
3034 980 3183 1049 ἥλιον
3214 978 3611 1049 παραδείγματος.

2103 1080 2314 1148 Ὠσπερ
2339 1078 2446 1148 γὰρ
2493 1078 2521 1127 ό
2564 1075 2713 1143 ἥλιος
2737 1114 2753 1136 ,
2800 1072 2948 1126 κατά
2992 1072 3200 1141 δυσμὰς
3236 1072 3517 1140 γενόμενος,
3543 1073 3615 1140 τὴν

2100 1168 2275 1237 ἀφανῆ
2304 1166 2527 1234 πορείαν
2561 1166 2819 1225 ποιεῖται,
2851 1158 2951 1215 εἶτ’
2979 1162 3073 1213 ἐπὶ
3108 1160 3200 1213 τὸν
3230 1159 3512 1213 ἀνατολικὸν
3534 1160 3617 1227 δρί-

2108 1256 2262 1320 ζοντα
2317 1255 2655 1323 καταντήσας
2677 1293 2693 1316 ,
2751 1252 2881 1305 εύθὺ
2924 1250 3023 1303 τοῦ
3069 1248 3292 1320 ούρανοῦ
3342 1248 3537 1318 φέρεται
3569 1249 3618 1301 τὰ

2108 1346 2388 1415 σύμπαντα
2420 1343 2669 1412 φωτίζων
2697 1342 2793 1395 καὶ
2838 1340 3099 1411 λαμπρὰν
3132 1338 3338 1409 ἡμέραν
3373 1338 3617 1409 ἐργαζόμε-

2106 1453 2211 1497 νος,
2256 1435 2393 1488 κατά
2432 1434 2526 1486 τὸν
2576 1433 2739 1485 αὑτὸν
2770 1431 2977 1502 τρόπον
3025 1431 3120 1484 καὶ
3170 1432 3198 1482 ό
3240 1428 3530 1498 δηλούμενος
3559 1431 3619 1480 ὲν-

2104 1525 2277 1577 ταῦθα
2309 1523 2530 1593 Κύριος,
2574 1523 2674 1591 τὴν
2717 1519 3075 1574 ἀποδοθεῖσαν
3123 1519 3406 1572 κατάδυσιν
3442 1519 3619 1587 ποιησά-

2111 1631 2264 1684 μενος
2307 1612 2447 1666 κατὰ
2476 1612 2565 1665 τὸν
2597 1609 2791 1681 καιρὸν
2822 1608 2919 1663 τοῦ
2954 1608 3162 1672 πάθους
3189 1610 3283 1662 καὶ
3306 1606 3395 1660 τοῦ
3427 1606 3621 1667 θανάτω,

476 1724 571 1793 τὴν
622 1721 799 1793 χώραν
844 1718 1228 1790 διαπορευθεὶς,
1277 1718 1410 1787 μετά
1429 1714 1595 1768 ταῦτα
1636 1712 1846 1779 λέγεται
1878 1706 2262 1775 ἀναδεδηκέναι
2323 1706 2414 1757 ἐπὶ
2458 1705 2549 1757 τὸν
2593 1704 2826 1776 οὐρανὸν
2890 1702 2988 1756 τοῦ
3053 1702 3278 1772 οὐρανοῦ
3317 1702 3426 1754 κατ’
3478 1700 3620 1751 ἀνατο-

477 1813 591 1875 λάς.
630 1812 971 1865 Κατάδὲτὸν
1001 1810 1242 1871 Ἀκύλαν,
1285 1826 1303 1859 ι
1339 1808 1426 1877 Τῷ
1458 1803 1797 1874 ὲπιϐεὸηκότι
1837 1803 1894 1853 ἐν
1952 1799 2162 1871 οὐρανῷ
2192 1798 2417 1869 οὐρανοῦ
2458 1798 2696 1867 ἀρχῆθεν
2744 1812 2759 1827 ·

2837 1813 2859 1848 ι
2927 1795 3088 1849 Κατά
3137 1796 3195 1848 δὲ
3244 1795 3331 1848 τὸν
3371 1792 3622 1865 Σύμμαχον,

485 1922 503 1955 ι
544 1903 630 1972 Τῷ
657 1902 990 1973 ἐποχουμένῳ
1036 1902 1126 1953 ἐπὶ
1166 1900 1254 1952 τὸν
1303 1898 1524 1968 οὐρανὸν
1559 1895 1649 1948 τοῦ
1689 1891 1914 1966 ούρανοῦ
1980 1894 2043 1944 ἐκ
2074 1890 2311 1962 πρώτης,
2360 1908 2380 1941 ι
2435 1888 2670 1959 εἴρηται.
2704 1887 2780 1940 Τὸ
2822 1887 2902 1949 δὲ,
2936 1905 2954 1936 ι
2982 1889 3048 1939 ἐκ
3078 1885 3297 1957 πρώτης
3327 1902 3346 1937 ι
3371 1885 3471 1946 καὶ,
3498 1900 3514 1933 ι
3556 1883 3625 1951 ἀρ-

479 1998 659 2068 χῆθεν,
692 2016 711 2047 ›
745 1998 950 2065 νοήσεις
993 1992 1151 2046 αὐτοῦ
1184 1992 1429 2059 λέγοντος
1471 1989 1681 2043 ἀκούων
1712 1988 1806 2040 τοῦ
1838 1986 2080 2055 Σωτῆρος

480 2088 571 2140 τὸν
602 2085 802 2156 κόσμον
835 2082 970 2137 εἷναι
1004 2082 1153 2153 παρά
1186 2082 1284 2134 σοί.
1332 2099 1350 2133 ι

2121 2001 2136 2016 ο
2171 2003 2189 2036 ι
2227 1983 2425 2053 Πάτερ,
2472 1981 2696 2046 δόξασόν
2747 1997 2818 2051 με
2865 1981 2932 2050 τῇ
2974 1973 3162 2051 δόξῃῇ
3224 1973 3362 2047 εἶχον
3420 1974 3512 2046 πρὸ
3557 1969 3623 2025 τοῦ

552 2197 714 2253 Vens.
747 2197 930 2251 51-56.
967 2215 983 2246 ι
1010 2196 1145 2249 Ecce
1177 2195 1326 2248 dabit
1356 2192 1472 2246 voci
1528 2206 1640 2247 sua:
1682 2206 1861 2245 vocem
1913 2191 2016 2243 vir-

2190 2221 2208 2254 ι
2258 2201 2383 2254 Ἰδοὺ
2428 2198 2587 2253 δώσει
2630 2201 2700 2269 τῇ
2757 2200 2912 2267 φωνῇ
2965 2195 3131 2249 αὐτοῦ
3179 2194 3351 2264 φωνὴν
3389 2194 3621 2264 away.st

484 2288 638 2351 tutis,
697 2287 818 2341 date
854 2287 1072 2356 gloriam
1122 2284 1228 2338 Deo
1286 2298 1445 2351 super
1490 2280 1707 2335 Israel.»
1758 2279 2008 2333 Notitiam

486 2380 683 2450 praebet
708 2376 987 2431 memorati
1028 2374 1235 2428 Domini
1258 2375 1445 2428 dicens
1474 2391 1488 2427 :
1514 2391 1532 2423 ι
1562 2372 1697 2425 Ecce
1728 2370 1875 2424 dabit
1896 2370 2012 2422 voci

485 2482 599 2521 sua:
632 2479 818 2518 vocem
852 2463 1120 2516 virtutis.)
1164 2460 1263 2514 llic
1316 2476 1441 2514 vere
1473 2459 1599 2513 licet
1651 2458 1873 2511 formam
1923 2456 2015 2509 de-

488 2557 720 2610 scribere
762 2553 975 2606 virtutis
1008 2551 1123 2618 ejus
1147 2589 1162 2614 ,
1195 2550 1286 2619 qui
1314 2568 1332 2599 ι
1364 2549 1417 2602 in
1446 2547 1709 2617 principio
1731 2554 1845 2601 erat
1876 2545 2014 2615 apud

487 2645 655 2700 Deum
672 2645 737 2708 ",
773 2660 790 2694 ι
818 2641 911 2696 Dei
939 2640 1121 2703 Verbi,
1152 2639 1293 2709 quod
1316 2654 1413 2691 vos
1442 2638 1558 2705 ejus
1601 2652 1706 2688 non
1740 2635 2015 2688 hominum

489 2735 608 2789 voci
653 2734 868 2798 similis,
919 2731 1015 2786 sed
1057 2731 1237 2784 divina
1284 2732 1481 2782 virtute
1534 2728 1687 2797 plena
1739 2728 1828 2780 sit.
1878 2725 2012 2778 Nam

496 2823 703 2887 «dabit,
764 2822 958 2893 inquit,
1026 2822 1143 2875 voci
1200 2835 1310 2875 sua:
1353 2834 1536 2873 vocem
1600 2818 1873 2870 virtutis.»
1918 2815 2019 2869 Su-

491 2914 674 2984 perius
706 2915 830 2993 item
861 2913 1140 2967 dicebatur
1177 2930 1191 2966 :
1247 2929 1265 2961 ι
1296 2911 1555 2963 Dominus
1603 2908 1750 2961 dabit
1794 2907 2018 2961 verbum

492 3004 1000 3073 evangelizantibus,
1052 3002 1251 3055 virtute
1297 3001 1515 3053 multa.»
1557 2999 1694 3064 Quia
1726 2999 1868 3052 enim
1919 3012 2018 3051 vox

494 3095 612 3163 ejus
667 3094 863 3148 virtute
916 3092 1244 3161 replebatur,
1324 3089 1516 3142 merito
1586 3086 2017 3157 praedicationem

496 3198 647 3238 suam
691 3181 1180 3252 evangelizantibus
1209 3181 1429 3234 verbum
1475 3179 1634 3232 dabat
1660 3192 1781 3230 cum
1825 3177 2021 3231 virtute

495 3275 682 3328 multa.
721 3271 866 3342 Opus
896 3282 1069 3326 autem
1098 3271 1270 3341 ipsum
1303 3270 1553 3322 virtutem
1588 3267 1845 3320 declarat.
1884 3265 2019 3318 Nam

496 3379 621 3419 cum
639 3363 867 3433 simplici
912 3361 1099 3416 vocula
1147 3359 1425 3429 discipulis
1454 3357 1566 3411 suis
1591 3356 1835 3418 dixisset,
1877 3374 1894 3406 ι
1918 3353 2023 3408 Ve-

496 3457 627 3517 nite,
673 3453 957 3522 sequimini
1002 3467 1107 3513 me,
1139 3458 1193 3504 ct
1226 3451 1416 3503 faciam
1472 3463 1563 3501 vos
1593 3447 1890 3515 piscatores
1922 3445 2020 3497 ho-

2114 2293 2230 2345 δότε
2258 2290 2409 2353 δόξαν
2436 2288 2513 2358 τῷ
2545 2287 2664 2356 Θεῷ
2698 2286 2797 2338 ἐπὶ
2831 2286 2922 2338 τὸν
2957 2284 3192 2356 Ἰσραήλ.
3228 2301 3246 2335 ι
3281 2281 3537 2353 Γνώρισμα
3558 2283 3627 2335 τοῦ

2116 2379 2433 2451 δηλωθέντος
2476 2377 2685 2447 Κυρίου
2739 2376 3084 2447 παραδίδωσι
3132 2375 3328 2442 λέγων·
3362 2392 3378 2424 ι
3419 2373 3525 2425 Ἰδοὺ
3557 2372 3627 2423 δὼ-

2120 2486 2199 2525 σει
2223 2474 2286 2541 τῇ
2319 2471 2464 2539 φωνῇ
2489 2465 2651 2520 αὑτοῦ
2685 2467 2878 2536 φωνὴν
2909 2466 3211 2535 δυνάμεως.
3250 2483 3267 2515 ι
3306 2462 3545 2517 Ἐντεῦθεν
3564 2458 3629 2513 οὖν

2117 2562 2327 2632 ἀληθῶς
2357 2561 2470 2612 ἐστι
2500 2558 2918 2628 χαρακτηρίσαι
2946 2558 3045 2626 τὴν
3080 2556 3275 2626 ἀρετὴν
3311 2574 3328 2606 ι
3357 2553 3441 2607 τοῦ
3457 2556 3504 2608 ὲν
3526 2554 3628 2623 ἀρχῇ

2121 2649 2250 2720 πρὸς
2282 2648 2369 2700 τὸν
2397 2647 2527 2698 Θεὸν
2559 2665 2577 2696 ι
2599 2646 2743 2698 Θεοῦ
2777 2647 2980 2713 Λόγου,
3009 2647 3073 2697 ἐκ
3094 2645 3185 2697 τοῦ
3208 2646 3301 2715 τὴν
3328 2644 3487 2713 φωνὴν
3511 2640 3629 2694 αὑτοῦ

2124 2741 2196 2810 μὴ
2225 2738 2407 2808 ὁμοίαν
2441 2734 2577 2789 εἶναι
2610 2736 2954 2807 ἀνθρώποις,
2995 2738 3272 2807 δυνάμεως
3309 2737 3360 2789 δὲ
3399 2732 3628 2805 πεπληρῶ,

2124 2830 2241 2881 σθαι
2275 2828 2437 2890 θείας.
2480 2845 2498 2878 ι
2530 2826 2706 2879 Δώσει
2750 2846 2769 2878 ι
2802 2827 2938 2898 γὰρ,
2985 2828 3139 2898 φησὶ,
3175 2846 3194 2878 ι
3223 2831 3286 2898 τῇ
3337 2829 3469 2896 φωνῇ
3511 2824 3630 2877 αὐτοῦ

2123 2918 2298 2989 φωνὴν
2331 2917 2629 2988 δυνάμεως.
2669 2936 2687 2967 ι
2717 2918 2833 2971 Καὶ
2878 2919 3140 2989 ἀνωτέρω
3168 2919 3224 2971 δὲ
3260 2918 3478 2985 ἐλέγετο·
3507 2935 3521 2968 ι
3552 2912 3631 2969 Κύι

2126 3025 2235 3080 ριος
2288 3006 2441 3059 δώσει
2506 3006 2660 3075 ῥῆμα
2731 3009 2849 3070 τοῖς
2926 3007 3417 3078 εύαγγελιζομένοις
3462 3006 3629 3073 δυνάμει

2123 3099 2302 3168 πολλῇ.
2342 3116 2359 3149 ι
2400 3096 2612 3167 Ἐπειδὴ
2649 3098 2764 3168 γὰρ
2810 3098 2845 3169 ἡ
2897 3100 3051 3169 φωνὴ
3080 3098 3240 3152 αὐτοῦ
3270 3098 3549 3169 πεπλήρωτο
3568 3097 3630 3147 δυσ

2123 3188 2349 3255 νάμεως,
2384 3184 2603 3246 εἰκότως
2646 3184 2747 3236 καὶ
2798 3188 2915 3248 τοῖς
2958 3185 3442 3254 εύαγγελιζομένοις
3468 3183 3518 3236 τὸ
3542 3184 3630 3252 περὶ

2124 3273 2281 3327 αὐτοῦ
2304 3274 2560 3343 κήρυγμα
2582 3271 2761 3327 ἐδίδου
2790 3275 2943 3345 ῥῆμα
2972 3275 3068 3328 σὺν
3091 3276 3310 3347 δυνάμει
3332 3274 3495 3346 πολλῇ.
3517 3270 3631 3341 Πιιρί⁴

2126 3382 2275 3433 στησι
2306 3363 2360 3415 δὲ
2393 3362 2451 3415 τὺ
2483 3361 2649 3432 ἔργον
2702 3364 2805 3435 τὴν
2836 3364 3089 3435 δύναμιν.
3117 3366 3258 3435 Ψιλῇ
3285 3365 3384 3436 γὰρ
3408 3366 3532 3433 φωνῇ
3555 3362 3631 3420 τοῖς

2126 3453 2284 3508 αὑτοῦ
2332 3452 2596 3522 μαθηταῖς
2651 3454 2862 3506 εἰπών’
2930 3472 2949 3506 ι
3002 3454 3167 3507 Δεῦτε
3214 3451 3521 3508 ἀκολουθεῖτέ
3555 3464 3629 3519 μοι,

497 3541 817 3603 ηιίιιιιιιι⁶³,›
868 3556 1002 3608 opus
1058 3539 1232 3606 ipsum
1284 3538 1481 3590 virtute
1532 3551 1630 3589 sua
1686 3534 1877 3589 edebat
1912 3552 1925 3587 :
1959 3549 2016 3587 ac

2120 3542 2212 3594 καὶ
2227 3541 2430 3610 ποιήσω
2446 3540 2586 3608 ὑμᾶς
2603 3539 2785 3603 ἁλιεῖς
2802 3541 2901 3594 ἀνθ
2912 3541 3131 3613 ρώπων,
3169 3562 3187 3593 ι
3215 3542 3423 3610 δυνάμει
3447 3539 3499 3591 τὺ
3523 3537 3633 3607 ἔργον

498 3644 713 3684 rursum
745 3644 865 3682 cum
898 3629 1237 3695 praecepisset
1272 3628 1456 3680 iisdem
1506 3627 1691 3681 dicens
1727 3645 1740 3680 :
1777 3646 1794 3677 ι
1824 3627 2024 3681 Euntes

500 3720 687 3771 docete
711 3732 895 3769 omnes
920 3724 1103 3784 gentes
1134 3716 1186 3768 in
1210 3717 1423 3768 nomine
1454 3715 1684 3779 meo“,»
1719 3731 1880 3785 opere
1909 3716 2023 3768 vir-

501 3816 666 3861 tutem
696 3806 965 3861 exhibuit:
997 3821 1058 3858 ac
1090 3820 1303 3859 rursum
1340 3820 1462 3857 cum
1495 3805 1723 3859 diceret:
1765 3824 1782 3855 ι
1808 3804 2027 3874 Oportet

504 3897 780 3969 praedicari
814 3896 1154 3965 Evangelium
1206 3895 1356 3964 regni
1389 3896 1441 3947 in
1492 3904 1603 3948 toto
1632 3898 1767 3950 orbe
1789 3897 1841 3948 in
1876 3897 2025 3951 testi-

496 3986 738 4041 monium
763 3986 1012 4038 omnibus
1042 3984 1400 4054 gentibus”,n
1437 3984 1586 4038 verbi
1617 3986 1864 4038 virtutem
1896 3986 2027 4053 ipsis

505 4076 760 4147 operibus
798 4074 1229 4144 conspiciendam
1269 4075 1490 4142 praebuit
1517 4114 1531 4137 ,
1561 4084 1613 4126 et
1664 4073 1797 4126 alias
1847 4076 1925 4127 sic
1950 4074 2029 4127 lo-

505 4174 661 4221 cutus
692 4184 707 4221 :
738 4184 755 4217 ι
777 4163 949 4234 Supra
980 4173 1183 4233 petram
1211 4163 1482 4217 aedificabo
1517 4163 1802 4217 Ecclesiam
1830 4178 2024 4227 meam,

504 4267 558 4311 et
589 4264 756 4326 porta:
794 4255 950 4311 inferi
979 4270 1085 4309 non
1111 4256 1474 4324 prazvalebunt
1499 4253 1757 4309 adversus
1790 4270 1907 4308 eam
1925 4256 2023 4319 ⁶“,›

504 4363 564 4401 re
596 4348 713 4416 ipsa
743 4346 850 4400 vim
897 4346 1203 4400 declaravit.
1251 4344 1447 4397 Eodem
1496 4359 1719 4413 prorsus
1767 4345 1925 4398 modo
1976 4346 2028 4399 in

508 4436 716 4490 caeteris
765 4436 1014 4490 omnibus
1069 4435 1186 4503 ejus
1223 4435 1482 4488 doctrinae
1517 4434 1696 4490 verbis
1740 4436 2025 4490 admistam

509 4525 743 4578 divinam
780 4525 896 4593 ejus
932 4525 1183 4580 virtutem
1220 4524 1609 4593 deprehendas.
1664 4525 1829 4596 Cujus
1865 4542 2030 4581 causa

510 4614 710 4667 dictum
738 4622 820 4668 est
845 4633 857 4669 :
894 4633 911 4664 ι
936 4614 1070 4669 Ecce
1093 4615 1241 4667 dabit
1274 4615 1392 4668 voci
1415 4631 1525 4668 sua:
1551 4628 1733 4669 vocem
1763 4618 2024 4670 virtutis.»

513 4701 617 4757 Sed
656 4701 811 4756 etiam
866 4702 949 4757 his
978 4703 1189 4756 traditis
1238 4703 1520 4765 institutis,
1554 4705 1656 4758 sub
1696 4704 1807 4758 haec
1847 4707 2034 4775 praaci-

511 4793 621 4861 pit:
661 4810 679 4842 ι
700 4790 829 4846 Date
859 4792 1080 4861 gloriam
1136 4792 1241 4847 Deo
1277 4809 1437 4863 super
1469 4793 1660 4849 Israel:
1691 4796 2034 4865 magnificen-

513 4880 590 4932 tia
620 4879 738 4949 ejus
771 4886 826 4934 et
852 4880 1021 4933 virtus
1049 4880 1165 4949 ejus
1193 4881 1247 4934 in
1290 4882 1575 4937 nubibus.»
1635 4882 1768 4936 Illud
1795 4883 2029 4951 quidem,

523 4987 541 5020 ε
566 4968 694 5023 Date
736 4970 959 5039 gloriam
989 4969 1146 5034 Deo,»
1177 4972 1428 5026 omnibus
1453 4971 1671 5037 dicitur,
1710 4973 1801 5040 qui
1848 4971 1915 5025 ad
1945 4986 2032 5025 sa-

2125 3631 2326 3684 ἐποίει·
2364 3631 2457 3683 καὶ
2496 3629 2666 3683 πάλιν
2722 3632 3106 3703 ἐντειλάμενος
3149 3632 3323 3695 αὐτοῖς
3371 3630 3455 3682 καὶ
3489 3624 3630 3680 εἰπών’

2128 3740 2147 3772 ι
2186 3720 2537 3791 Πορευθέντες
2604 3720 2993 3791 μαθητεύσατε
3040 3725 3215 3777 πάντα
3248 3722 3313 3774 τὰ
3351 3721 3462 3789 ἔθνη
3496 3720 3541 3770 ἐν
3580 3713 3632 3782 τῷ

2121 3810 2341 3879 ὀνόματί
2372 3826 2493 3879 μου,
2538 3827 2558 3859 ι
2592 3810 2745 3880 ἔργῳ
2777 3812 2879 3883 τὴν
2914 3812 3142 3883 δύναμιν
3174 3812 3398 3865 ἐδείκνυ’
3425 3807 3504 3862 καὶ
3525 3801 3630 3863 αὖθις

2123 3898 2318 3953 εἰπών’
2359 3918 2376 3949 ι
2432 3900 2524 3950 Δεῖ
2571 3900 2927 3971 κηρυχθῆναι
2972 3902 3033 3955 τὸ
3062 3902 3378 3970 Εὗαγγέλιον
3414 3900 3497 3967 τῆς
3533 3895 3632 3964 βασν

2123 3988 2269 4051 λείας
2308 3990 2363 4041 ἐν
2406 3989 2503 4060 ὅλῃ
2552 3992 2623 4059 τῇ
2659 3992 2968 4064 οἰκουμένῃ
3014 3994 3093 4056 εἰς
3125 3991 3404 4063 μαρτύριον
3430 3989 3537 4041 πᾶσι
3557 3984 3633 4042 vi:

2125 4078 2319 4141 ἔθνεσι,
2348 4096 2365 4127 ι
2402 4076 2495 4128 τοῦ
2526 4076 2694 4146 λόγου
2730 4080 2832 4150 τὴν
2862 4081 3091 4149 δύναμιν
3120 4082 3295 4142 αὐτοῖς
3323 4080 3482 4150 ἐρίοις
3500 4070 3634 4141 παρείη

2125 4184 2216 4238 χεν
2249 4168 2377 4238 όρᾷν
2397 4182 2410 4196 °
2444 4166 2537 4218 καὶ
2583 4167 2776 4220 ἄλλοτε
2812 4171 3021 4239 φήσας·
3062 4189 3083 4221 ο
3129 4170 3250 4222 Ἐπὶ
3278 4168 3371 4239 τὴν
3398 4166 3564 4235 πέτραν
3583 4158 3635 4209 οἱ·

2126 4255 2405 4324 κοδομήσω
2455 4271 2557 4323 μου
2603 4256 2709 4327 τὴν
2750 4258 3103 4330 Ἐκκλησίαν,
3150 4260 3242 4312 καὶ
3284 4258 3437 4311 πύλαι
3467 4255 3566 4325 ᾅδου
3592 4249 3632 4299 οὗ

2128 4344 2530 4411 κατισχύσουσιν
2559 4345 2763 4416 αὐτῆς,
2798 4368 2815 4401 ι
2855 4348 3006 4420 αὐτῷ
3047 4350 3320 4419 πράγματι
3344 4348 3434 4417 τὴν
3463 4343 3632 4408 δύναμιν

2129 4432 2520 4501 παρεστήσατο.
2558 4433 2668 4487 Τὸν
2702 4438 2869 4491 αὐτὸν
2897 4436 2991 4492 οὖν
3021 4440 3218 4510 τρόπον
3250 4438 3339 4491 καὶ
3362 4438 3461 4497 τοῖς
3485 4428 3634 4483 λοιπά

2128 4521 2297 4573 ἆπασι
2322 4523 2431 4584 τοῖς
2462 4523 2564 4592 τῆς
2596 4524 2951 4593 διδασκαλίας
2981 4528 3144 4582 αὐτοῦ
3175 4530 3368 4601 ῥήμασι
3401 4534 3633 4591 συγκεκρα·

2133 4611 2293 4682 μένην
2323 4612 2501 4683 εὕροις
2532 4615 2604 4670 ἂν
2630 4620 2735 4691 τὴν
2769 4621 2959 4693 θεῖκὴν
2999 4621 3242 4692 δύναμιν.
3277 4614 3346 4672 Οὗ
3376 4619 3511 4688 χάριν
3530 4613 3633 4679 είρτΓ

2127 4718 2215 4754 ται
2234 4718 2247 4732 ο
2279 4721 2296 4752 ι
2331 4703 2460 4756 Ἰδοὺ
2485 4705 2655 4760 δώσει
2683 4713 2752 4781 τῇ
2778 4715 2931 4782 φωνῇ
2957 4712 3121 4765 αὑτοῦ
3155 4712 3328 4782 φωνὴν
3354 4708 3596 4776 δυνάμεωςο
3618 4717 3629 4748 ν

2144 4790 2299 4843 Ἀλλά
2335 4790 2443 4862 γὰρ
2474 4795 2655 4850 ταῦτα
2678 4801 3001 4865 παιδεύσας,
3025 4802 3150 4870 ἑξῆς
3169 4797 3545 4871 παρακελεύεται
3564 4788 3633 4857 φά-

2136 4896 2275 4932 σκων
2300 4900 2312 4911 ·
2352 4901 2370 4930 ‹
2401 4884 2531 4936 Δότε
2562 4887 2726 4954 δόξαν
2760 4890 2839 4961 τῷ
2869 4891 2989 4962 Θεῷ
3024 4893 3115 4945 ἐπὶ
3143 4892 3230 4944 τὸν
3268 4887 3488 4958 Ἰσραήλ”
3513 4884 3539 4951 ἡ
3568 4892 3633 4947 με·

2132 4966 2496 5038 γαλοπρέπεια
2527 4975 2698 5029 αὑτοῦ
2737 4979 2834 5030 καὶ
2864 4982 2898 5049 ἡ
2927 4980 3153 5050 δύναμις
3177 4979 3330 5032 αὑτοῦ
3363 4978 3414 5029 ὲν
3449 4972 3544 5030 ταῖς
3576 4979 3633 5015 V“

518 5058 742 5112 lutarem
764 5058 918 5113 ﬁdem
943 5068 1231 5126 vocantur;
1263 5060 1393 5115 illud
1415 5069 1613 5124 autem,
1652 5078 1669 5110 ι
1699 5075 1859 5128 super
1878 5059 2016 5114 Israe

2133 5056 2336 5123 φέλαις.
2381 5080 2398 5111 ι
2419 5060 2493 5112 Τὸ
2529 5065 2631 5132 μὲν
2674 5064 2791 5130 οὖν,
2829 5087 2849 5119 ι
2887 5072 3015 5124 Δότε
3044 5071 3194 5135 δόξαν
3218 5067 3289 5138 τῷ
3319 5063 3438 5134 Θεῷ,
3471 5079 3487 5111 ι
3512 5057 3630 5109 πᾶσιν

521 5144 913 5214 magniﬁcentia
967 5146 1137 5215 ejus,»
1196 5147 1456 5215 Signiﬁcat
1485 5162 1577 5201 eos
1614 5161 1675 5199 ex
1721 5144 1916 5199 Israele
1944 5145 2034 5212 qui

2139 5148 2344 5218 εἴρηται
2384 5153 2496 5212 τοῖς
2524 5154 2893 5227 κεκλημένοις
2932 5162 3035 5214 ὑπὸ
3074 5162 3169 5231 τὴν
3200 5159 3435 5227 σωτήριον
3466 5148 3628 5202 πίστιν·

523 5234 732 5289 deitatls
779 5235 896 5304 ejus
935 5251 1206 5304 praecones
1245 5235 1481 5297 fuerunt.
1522 5235 1791 5304 apostolos
1835 5234 2013 5288 scilice

2142 5237 2213 5290 Τὸ
2238 5238 2314 5302 δὲ,
2345 5258 2363 5290 ι
2394 5241 2487 5292 ἐπὶ
2529 5243 2625 5296 τὸν
2676 5247 2893 5319 Ἰσραὴλ
2931 5252 2967 5321 ἡ
3004 5249 3419 5320 μεγαλοπρέπεια
3443 5234 3587 5294 αὐτοῦ,
3613 5247 3624 5277 ι

527 5327 579 5372 et
608 5322 983 5390 evangelistas,
1015 5338 1044 5375 a
1072 5325 1266 5391 quibus
1303 5324 1694 5394 magnificentia
1722 5322 1861 5390 ejus,
1889 5320 2035 5373 vide-

529 5407 651 5462 licet
708 5411 938 5476 deitatis,
1009 5414 1351 5468 noscebatur.
1409 5413 1585 5479 Quare
1634 5412 1757 5465 alibi
1797 5410 2031 5463 dicitur:

2141 5328 2391 5395 σημαίνει
2432 5330 2560 5394 τοὺς
2607 5334 2668 5399 ἐξ
2709 5337 2929 5410 Ἰσραὴλ
2966 5341 3276 5411 γενομένους
3317 5337 3402 5405 τῆς
3437 5329 3627 5393 θεότητος

2140 5413 2302 5465 αὑτοῦ
2330 5417 2599 5486 κήρυκας,
2626 5422 2956 5491 ἀποστόλους
2978 5410 3170 5498 δηλαδὴ
3196 5427 3281 5480 καὶ
3297 5410 3623 5490 εὐαγγελιστάςν

598 5557 637 5641 ξ’
662 5556 813 5641 {eam
844 5577 973 5625 xvii,
1001 5562 1054 5617 5.
1127 5565 1168 5596 “
1196 5563 1346 5618 Joan.
1377 5582 1413 5630 I,
1439 5568 1489 5618 Ι.
1561 5566 1604 5597 ⁸³
1626 5563 1804 5617 Matth.
1844 5577 1914 5625 iv,
1942 5562 2028 5616 I9.
2101 5562 2146 5594 “
2168 5562 2357 5619 Matth.
2393 5583 2593 5636 xxvm,
2626 5573 2718 5629 l9.
2792 5578 2840 5609 “
2871 5578 3056 5633 Matth.
3107 5595 3253 5641 xxxv,
3281 5577 3358 5632 14.
3421 5571 3458 5602 ⁸⁸
3481 5559 3621 5621 Iatlh.

534 5633 640 5683 xvi,
674 5625 757 5675 18.
