3796 6380
168 378 307 431 ’ἶῖὶ

1364 371 1860 433 COMMENTARIA
1897 370 1962 425 IN
2000 367 2332 424 PSALMOS.

3343 361 3447 415 722

184 488 351 563 παᾴ
379 481 461 550 οἷς
500 489 536 559 ή
587 489 1039 563 μεγαλοπρέπεια
1079 495 1239 549 αὐτοῦ
1286 494 1604 565 ὲγνωρίζετο
1628 510 1641 525 ·
1676 491 1811 544 οὕτω

1922 488 2227 554 «Quoniam
2280 486 2483 538 elevata
2542 491 2625 537 est
2696 480 3091 551 magniﬁcentia
3141 490 3229 533 tua
3284 492 3445 544 super

200 582 327 649 τῆς
356 577 615 647 θεότητος
649 581 824 635 αὑτοῦ
857 582 1208 654 καλουμένης.
1235 584 1322 636 Διὸ
1345 584 1583 637 λέλεκται
1612 585 1666 635 ὲν
1696 582 1812 635 ἑτέ-ο

206 672 384 736 ροίς·
420 685 441 719 ι
483 668 613 720 Ὀτι
654 670 871 741 ὲπήρθη
904 673 935 741 ή
975 672 1409 742 μεγαλοπρέπειά
1444 689 1535 724 σου
1568 670 1814 739 ὑπεράνω

202 757 342 809 τῶν
371 757 641 829 οὐρανῶν.
694 779 712 810 ι
744 761 866 813 Ὅτι
899 761 954 813 δὲ
990 762 1049 813 οὑ
1078 762 1274 824 πάντες
1302 764 1350 813 οἱ
1385 763 1441 826 ἐξ
1485 760 1694 830 Ἰσραήλ
1723 753 1812 811 οὖ-

206 865 313 900 τοι
358 850 604 920 Ἰσραὴλ,
637 850 759 902 οὐδὲ
802 852 881 903 ὅτι
920 853 1027 904 εἰσὶ
1080 852 1295 922 σπέρμα
1330 851 1574 922 Ἀϐραὰμ
1621 852 1814 913 πάντες

204 939 403 993 τέκνα
424 957 438 969 ·
475 940 573 992 καὶ
599 940 676 1002 ὡς
711 940 772 993 οὐ
801 940 869 992 τὰ
902 940 1062 993 τέκνα
1105 941 1200 1009 τῆς
1229 939 1425 1010 σαρκὸς
1452 937 1619 992 ταῦτα
1649 939 1812 990 τέκνα

205 1028 328 1081 τοῦ
366 1027 541 1080 Θεοῦο
584 1028 708 1081 οὐδὲ
730 1031 757 1081 6
784 1030 840 1081 ὲν
868 1027 944 1096 τῷ
983 1027 1196 1098 φανερῷ
1238 1028 1481 1089 Ἰουδαῖός
1503 1030 1667 1090 ἐστιν,
1698 1027 1815 1081 οὐδὲ

207 1118 249 1183 ἡ
289 1117 355 1167 ὲν
388 1114 472 1184 τῷ
505 1114 733 1185 φανερῷ
782 1116 840 1166 ὲν
891 1115 1051 1184 σαρκὶ
1097 1115 1381 1185 περιτομὴ,
1413 1116 1524 1167 ἀλλ’
1568 1118 1596 1167 6
1640 1116 1696 1165 ὲν
1740 1113 1815 1183 τῷ

205 1205 465 1277 κρυπτῷ
500 1206 780 1268 Ἰουδαῖος,
810 1208 903 1260 καὶ
927 1207 1188 1279 περιτομὴ
1214 1206 1432 1275 καρδίας
1459 1208 1513 1259 ὲν
1531 1205 1811 1274 πνεύματι,

200 1297 282 1348 οὗ
320 1296 649 1366 γράμματι,
684 1297 923 1350 διδάσκει
954 1296 1135 1365 σαφῶς
1160 1298 1188 1348 6
1220 1298 1549 1359 Ἀπόστολος.
1578 1297 1697 1349 Ἐπὶ
1726 1298 1815 1348 τὸν

219 1384 467 1456 Ἰσραὴλ
488 1386 676 1437 τοίνυν
698 1388 729 1456 ή
765 1387 1202 1457 μεγαλοπρέπεια
1242 1386 1400 1442 αὑτοῦ
1423 1404 1435 1416 ο
1465 1386 1596 1440 ἀλλὰ
1621 1386 1712 1439 καὶ
1738 1405 1753 1436 ι
1781 1389 1813 1457 ἡ

199 1475 463 1544 δύναμις
512 1475 683 1528 αὑτοῦ
710 1478 766 1528 ὲν
792 1480 907 1538 ταῖς
940 1478 1213 1545 νεφέλαις⁹
1252 1497 1269 1529 ι
1303 1478 1427 1549 περὶ
1470 1471 1543 1529 ὧν
1594 1479 1814 1542 Ἡσαΐας

202 1564 483 1627 θεσπίζει
523 1564 729 1632 λέγων·
770 1584 791 1617 ι
823 1567 930 1618 Καὶ
965 1568 1081 1628 ταῖς
1114 1565 1355 1634 νεφέλαις
1398 1566 1706 1634 ὲντελοῦμαι
1743 1568 1813 1637 μὴ

204 1652 423 1724 βρέξαι
469 1654 569 1706 ἐπὶ
621 1654 714 1706 τὸν
760 1654 1050 1723 ἀμπελῶνα
1080 1655 1249 1707 ὑετόν.
1288 1674 1305 1706 ι
1352 1655 1563 1724 Ἐδήλου
1607 1656 1663 1707 δὲ
1707 1658 1812 1726 ἄρα

202 1745 365 1805 τοὺς
403 1745 708 1814 προφήτας
736 1745 827 1796 καὶ
874 1745 996 1807 τοὺς
1037 1744 1143 1797 τῶν
1186 1745 1341 1797 θείων
1383 1745 1709 1816 μαθημάτων
1738 1746 1815 1797 δι-

1912 578 2185 631 ρωιοεθτδ
2229 574 2381 639 Quod
2429 582 2743 625 autemnon
2788 584 2973 623 omnes
3011 568 3105 637 qu-i
3149 583 3215 620 ex
3248 565 3446 619 lsraele

1912 676 2058 729 sunt,
2088 667 2247 719 lsrael
2277 661 2501 719 vocandi
2533 664 2670 727 sint;
2704 676 2875 729 neque
2900 660 3025 727 quia
3057 674 3237 712 semen
3276 656 3446 709 Abra-

1911 756 1993 809 baa
2018 762 2162 817 sunt,
2201 752 2320 806 ideo
2354 765 2541 804 omnes
2588 748 2680 801 ﬁlii
2722 748 2841 816 ejus
2886 748 3022 811 sint;
3068 745 3319 815 quodque
3353 744 3445 796 ﬁlii

1912 847 2093 899 carnis
2120 861 2227 898 non
2277 844 2368 896 ﬁlii
2402 842 2493 895 Dei
2541 840 2731 902 sint“,
2781 854 2954 907 neque
3007 838 3097 906 qui
3144 838 3319 905 palam
3353 833 3449 888 Ju-

1912 934 2079 995 daeus.
2110 949 2233 987 vere
2271 932 2396 986 talis
2425 933 2516 989 sit.
2550 946 2722 999 neque
2752 944 2878 983 vera
2909 927 3252 981 circumcisio
3283 928 3354 980 sit
3386 942 3447 980 ea

1913 1039 2032 1091 qua:
2065 1023 2119 1077 in
2152 1038 2313 1077 carne
2344 1021 2436 1082 ﬁt;
2472 1020 2567 1075 sed
2594 1018 2813 1073 Judaaus
2840 1032 2997 1071 verus
3037 1018 3090 1069 in
3129 1016 3362 1079 occulto,
3395 1024 3449 1068 et

1912 1114 2257 1167 circumcisio
2284 1111 2463 1165 cordis
2501 1112 2552 1163 in
2584 1110 2774 1178 spiritu
2799 1150 2813 1174 ,
2859 1123 2967 1161 non
2996 1108 3050 1160 in
3079 1107 3256 1160 littera
3285 1106 3445 1178 sit”,

1913 1202 2057 1254 clare
2087 1202 2243 1254 docet
2269 1200 2575 1269 Apostolus.
2617 1176 2792 1266 Super
2821 1194 2988 1249 lsrael
3038 1195 3203 1263 igitur
3241 1176 3448 1263 mag’ni-

1914 1290 2124 1344 ﬁcentia
2150 1290 2267 1358 ejus
2290 1307 2305 1355 ;
2347 1288 2442 1344 sed
2467 1288 2629 1343 etiam
2664 1305 2683 1336 ι
2709 1287 2881 1339 virtus
2903 1286 3020 1353 ejus
3052 1286 3105 1338 in
3136 1285 3399 1339 nubibus:
3420 1301 3443 1337 ι

1912 1383 1979 1437 de
2012 1383 2206 1451 quibus
2253 1381 2419 1435 Isaias
2444 1380 2765 1434 vaticinatur
2817 1377 3037 1432 dicens:
3080 1395 3099 1427 ι
3127 1375 3192 1429 Et
3216 1376 3447 1431 nubibus

1915 1472 2181 1525 mandabo
2207 1484 2275 1524 ne
2302 1471 2487 1538 pluant
2512 1484 2675 1538 supra
2702 1469 2910 1522 vineam
2946 1467 3184 1535 pluviam
3201 1467 3245 1497 "'
3267 1484 3282 1532 ;
3308 1484 3325 1517 ι
3361 1466 3446 1519 itt-

1914 1564 2104 1618 dicans
2159 1562 2363 1617 scilicet
2414 1560 2724 1629 prophetas,
2776 1566 2830 1613 et
2863 1559 3165 1611 divinarum
3196 1557 3444 1624 discipli--

1913 1667 2103 1705 narum
2156 1651 2424 1712 doctores,
2455 1650 2566 1717 qui,
2599 1648 3042 1702 subministrante
3070 1645 3298 1714 Spiritu,
3337 1659 3449 1699 co:-

1914 1742 2033 1796 lesti
2060 1740 2237 1809 pluvia
2265 1741 2471 1794 animas
2501 1740 2777 1792 hominum
2808 1745 2867 1791 ut
2892 1738 3090 1792 bonum
3126 1752 3309 1806 agrum
3335 1735 3453 1789 irri-

196 1833 565 1897 δισκάλους,
603 1836 654 1887 οἳ
686 1837 752 1904 τῇ
790 1834 881 1886 τοῦ
925 1835 1234 1902 Πνεύματος
1260 1835 1488 1906 χορηγίᾳ
1532 1836 1619 1887 τὸν
1659 1837 1811 1905 οὐρά-

1916 1830 2132 1900 gabant.
2171 1831 2245 1883 lta
2278 1844 2404 1899 ergo
2431 1830 2603 1883 virtus
2638 1828 2757 1896 ejus
2790 1829 2844 1881 in
2878 1827 3141 1881 nubibus.
3188 1844 3207 1877 ι
3229 1825 3450 1879 Mirabi-

199 1940 343 1977 νων
372 1924 538 1975 ὑετὸν
563 1926 687 1985 ταῖς
724 1921 832 1976 τῶν
866 1921 1158 1993 ἀνθρώπων
1180 1924 1373 1992 ψυχαῖς
1418 1923 1601 1994 ῶσπερ
1623 1925 1680 1975 ὲν
1713 1923 1816 1993 χώ-

200 2030 355 2083 ραις
384 2013 632 2079 ἀγαθαῖς
658 2012 973 2082 ὲπήρδευον.
1021 2011 1201 2074 Οὕτως
1251 2008 1341 2064 οὖν
1388 2013 1479 2065 καὶ
1516 2014 1549 2081 ή
1595 2012 1815 2081 δύναμις

197 2101 400 2155 αὐτοῦ
451 2104 513 2155 ὲν
536 2103 664 2164 ταῖς
700 2100 963 2169 νεφέλαις.
998 2118 1020 2153 ι
1046 2102 1359 2170 Θαυμαστὸς
1402 2103 1430 2153 6
1472 2102 1598 2165 Θεὸς
1625 2102 1681 2153 ἐν
1707 2105 1815 2163 τοῖς

198 2194 289 2259 ἀγ
300 2190 412 2253 (ot;
436 2189 638 2252 αὐτοῦ,
673 2208 692 2241 ι
732 2189 934 2260 ἑτέροις
954 2186 1068 2242 οὖσι
1089 2190 1233 2261 παρὰ
1253 2191 1376 2253 τοὺς
1400 2190 1816 2261 προωνομασμέ-

198 2298 347 2343 γους
370 2280 679 2349 προφήτας
710 2278 805 2330 καὶ
832 2279 1176 2341 ἀποστόλους.
1211 2279 1364 2341 Τίνες
1388 2279 1430 2331 δ’
1458 2280 1520 2331 ἂν
1546 2274 1650 2331 εἷεν
1676 2274 1815 2332 οὗτοι

200 2370 336 2423 ἀλλ’
364 2370 423 2421 οἱ
451 2367 518 2432 ἐξ
548 2370 809 2421 ἀπάντων
832 2368 937 2420 τῶν
964 2368 1132 2421 ἐθνῶν
1162 2370 1378 2437 ἁγνείας
1400 2370 1491 2423 καὶ
1517 2370 1814 2439 ἁγιωσύνης

199 2458 572 2528 ἠξιωμένος
606 2458 665 2508 ὲν
692 2451 773 2519 οἷς
800 2458 893 2509 καὶ
926 2456 1231 2526 θαυμαστός
1253 2459 1396 2510 ἐστιν
1419 2460 1447 2510 6
1473 2459 1621 2522 Θεὸς,
1646 2458 1814 2522 διδοὺς

196 2526 416 2609 αὖτοῖς
445 2544 688 2613 δύναμιν
729 2544 824 2596 καὶ
862 2546 1209 2613 κραταίωσιν.
1236 2547 1324 2599 Διὸ
1365 2546 1626 2614 συνῆπται
1662 2547 1809 2616 ἑξῆς·

204 2653 229 2685 ‹
281 2635 347 2687 Ὀ
377 2634 527 2695 Θεὸς
574 2632 795 2703 Ἰσραὴλ
820 2633 978 2693 αὐτὸς
1004 2632 1160 2684 δώσει
1186 2632 1408 2703 δύναμιν
1434 2636 1524 2687 καὶ
1552 2637 1816 2705 κραταίω-

198 2740 302 2777 σιν
337 2722 427 2793 τῷ
460 2721 587 2791 λαῷ
618 2721 806 2783 αὐτοῦ,
832 2721 1115 2791 εὐλογητὸς
1140 2723 1169 2774 6
1197 2723 1343 2786 Θεός.
1378 2742 1396 2774 ι
1423 2724 1587 2777 Πάλιν
1614 2726 1669 2778 δὲ
1692 2726 1810 2779 κὰνσ

198 2813 404 2866 ταῦθα
447 2811 694 2879 δύναμιν
741 2811 1048 2878 ἀναγκαίως
1075 2811 1267 2864 διδόναι
1292 2812 1531 2865 λέλεκται
1566 2814 1640 2883 τῷ
1678 2816 1814 2886 ἁγίῳ

202 2900 332 2967 ἱ.αῴ
364 2897 576 2961 αὐτοῦ,
629 2898 717 2950 ἵνα
762 2897 981 2968 δύνηται
1028 2898 1236 2967 λέγειν’
1268 2917 1287 2950 ι
1328 2900 1508 2953 Πάντα
1558 2903 1719 2971 ἰσχύω
1758 2904 1813 2956 ὲν

198 2993 294 3061 τῷ
320 2988 741 3060 ἐνδυναμοῦντί
772 3006 856 3058 με.
887 3009 906 3040 ι
931 2990 1073 3045 Ἔδει
1103 2991 1228 3061 γὰρ,
1257 2990 1440 3061 ὥσπερ
1459 2995 1569 3055 τοῖς
1592 2995 1812 3062 εὐαγγε-

201 3082 549 3152 λιζομένοις
580 3079 762 3132 δέδοτο
784 3079 934 3149 ῥῆμα
965 3081 1059 3133 σὺν
1086 3081 1305 3152 δυνάμει
1337 3082 1524 3153 πολλῇ,
1550 3083 1688 3137 οὕτω
1721 3084 1809 3137 καὶ

1920 1920 1984 1974 lis
2030 1918 2170 1972 Deus
2206 1919 2259 1971 in
2309 1920 2509 1973 sana-tis
2565 1919 2729 1981 suis,n
2786 1918 2879 1986 qui
2929 1918 3019 1970 alii
3070 1925 3252 1970 sunta
3288 1931 3452 1984 supra

1918 2008 2225 2062 memoratis
2273 2008 2547 2076 prophetis
2598 2016 2651 2061 et
2719 2008 2999 2077 apostolis.
3055 2006 3288 2072 Quinam
3343 2007 3447 2069 illi,

1918 2100 2022 2153 nisi
2062 2099 2152 2168 qui
2186 2114 2252 2153 ex
2278 2098 2529 2151 omnibus
2572 2098 2822 2167 gentibus
2858 2098 3110 2152 castitate
3154 2104 3208 2151 et
3251 2097 3452 2152 sanctiu

1918 2190 2097 2243 monia
2128 2188 2314 2242 donati
2346 2189 2505 2243 sunt?
2534 2188 2587 2241 in
2627 2188 2821 2256 quibus
2870 2187 3136 2240 mirabilis
3174 2185 3316 2242 Deus
3343 2195 3449 2249 est,

1917 2283 2011 2352 qui
2039 2282 2292 2336 virtutem
2316 2288 2371 2334 et
2398 2280 2562 2333 robur
2584 2279 2715 2347 ipsis
2746 2277 3020 2345 impertiit.
3053 2277 3229 2342 Quare
3258 2275 3452 2331 deinde

1917 2371 2257 2440 subjungitur
2286 2388 2299 2423 :
2359 2387 2377 2419 ι
2399 2368 2539 2422 Deus
2586 2366 2750 2422 lsrael
2798 2367 2913 2435 ipse
2946 2364 3094 2418 dabit
3122 2365 3367 2418 virtutem
3398 2370 3451 2417 et

1919 2463 2285 2517 fortitudinem
2331 2459 2472 2528 plebi
2535 2474 2667 2522 suae,
2715 2456 3033 2511 benedictus
3091 2454 3285 2509 Deus.»
3351 2452 3451 2508 Hic

1918 2567 2132 2608 rursum
2187 2551 2435 2604 virtutem
2489 2556 2678 2603 sancto
2726 2547 2925 2615 populo
2973 2547 3092 2614 ejus
3142 2544 3450 2600 necessario

1917 2640 2029 2694 dari
2064 2640 2158 2701 ait,
2209 2646 2267 2692 ut
2295 2637 2466 2706 possit
2494 2637 2673 2689 dicere
2711 2653 2723 2687 :
2782 2654 2799 2686 ι
2824 2634 3013 2688 Omnia
3044 2641 3262 2703 passum
3292 2633 3345 2685 in
3386 2648 3452 2689 eo

1916 2730 2007 2800 qui
2055 2745 2140 2783 me
2185 2727 2567 2782 confortat'”.t
2606 2724 2859 2793 Oportuit
2884 2724 3051 2785 enim,
3083 2731 3140 2776 ut
3174 2722 3447 2790 evangeli-

1918 2818 2166 2873 zantibus
2198 2817 2420 2872 verbum
2448 2814 2631 2868 datum
2680 2812 2854 2866 fuerat
2878 2828 2998 2865 cum
3032 2813 3229 2865 virtute
3257 2810 3448 2871 multa,

1918 2906 1991 2959 ita
2021 2919 2236 2973 quoque
2270 2903 2469 2973 populo
2513 2902 2632 2970 ejus
2682 2901 2846 2954 robur
2877 2908 2930 2953 et
2959 2899 3207 2954 virtutem
3243 2897 3449 2955 submi-

1917 2993 2159 3056 nistrari,
2192 2999 2252 3045 ut
2283 2992 2453 3060 possit
2497 2999 2683 3046 contra
2714 2990 2991 3047 versutias.
3028 2989 3229 3043 diaboli
3267 2988 3450 3042 consi-

1917 3092 2078 3148 stere,
2111 3098 2173 3137 ac
2204 3083 2425 3153 perinde
2454 3090 2614 3150 atque
2644 3080 2842 3134 Paulus
2873 3080 3054 3132 dicere
3085 3097 3098 3131 :
3143 3097 3160 3129 ι
3190 3076 3321 3142 Quis
3351 3092 3451 3131 nos

196 3173 293 3249 τῷ
343 3172 475 3242 λαῷ
518 3169 689 3223 αὑτοῦ
740 3169 1065 3238 κραταίωσιν
1120 3172 1211 3223 καὶ
1252 3171 1473 3242 δύναμιν
1531 3175 1803 3244 παρέχειν,

1916 3173 2173 3243 separabit
2204 3187 2233 3225 a
2263 3172 2527 3227 cbaritate
2553 3171 2679 3224 Dei?
2717 3170 3016 3230 tribulatio,
3066 3183 3139 3222 an
3173 3167 3447 3236 angustia,

198 3263 366 3331 πρὸς
406 3262 473 3314 τὸ
503 3258 766 3313 δύνασθαι
806 3259 1049 3313 ἵστασθαι
1094 3261 1227 3329 πρὸς
1272 3260 1369 3325 τὰς
1400 3262 1673 3332 μεθοδείας
1715 3263 1805 3318 τοῦ

1913 3281 1979 3318 an
2011 3262 2335 3333 persecutio,
2363 3276 2429 3314 an
2459 3260 2686 3313 fames"
2706 3259 2728 3311 ?
2749 3277 2768 3310 ι
2806 3268 2859 3312 et
2886 3259 2969 3312 bis
2996 3256 3212 3311 similia.

195 3351 510 3417 διαϐόλου,
538 3353 635 3405 καὶ
675 3352 849 3418 λέγειν
881 3351 1078 3434 δμοίως
1140 3351 1362 3421 Παύλῳο
1418 3372 1437 3405 ι
1470 3355 1563 3417 Τίς
1619 3357 1763 3425 ἡμᾶς
1798 3357 2015 3426 χωρίσει
2058 3356 2163 3408 ἀπὸ
2203 3355 2301 3423 τῆς
2342 3352 2554 3420 ἀγάπης
2605 3347 2697 3401 τοῦ
2736 3348 2907 3411 Θεοῦς
2957 3347 3128 3415 θλίψις
3171 3347 3205 3416 ἢ
3274 3360 3450 3400 στενο·

197 3444 433 3514 χωρία,
469 3441 505 3511 ἢ
532 3440 793 3509 διωγμὸς,
834 3441 867 3511 ἢ
914 3440 1094 3510 λιμὸς;
1123 3458 1144 3508 ρ
1179 3442 1271 3494 καὶ
1300 3442 1367 3493 τὰ
1403 3442 1609 3506 τούτοις
1642 3445 2008 3517 παραπλήσια.

202 3555 335 3607 ΕΙΣ
387 3550 484 3605 ΤΟ
527 3551 787 3609 ΤΕΛΟΣ,
840 3549 1022 3602 ΥΠΕΡ
1079 3551 1211 3601 ΤΩΝ
1258 3552 1809 3608 ΑΛΛΟΙΩΘΗΣΟΜΕο

691 3620 851 3681 ΝΩΝ,
890 3620 976 3688 Τῼ
1016 3620 1231 3673 ΔΑΥΙΔ.
1270 3618 1391 3673 ΞΗ’.

294 3728 321 3763 ε
374 3706 575 3762 Σῶσόν
628 3723 719 3777 με,
765 3706 794 3758 ὁ
836 3706 985 3771 Θεὸς,
1015 3706 1097 3763 ὅτι
1144 3706 1456 3778 είσήλθοσαν
1503 3709 1668 3766 ὕδατα
1710 3712 1814 3774 ἕως

204 3798 423 3870 ψυχῆς
486 3814 613 3868 μου.
659 3814 679 3847 ι
741 3796 1005 3865 Τέτταρές
1059 3796 1194 3850 εἰσιν
1249 3798 1297 3852 οἱ
1355 3799 1811 3870 ἐπιγεγραμμένοι

214 3908 236 3941 ι
291 3887 493 3957 ’Υπὲρ
518 3886 632 3939 τῶν
654 3884 1187 3955 ἀλλοιωθησομένωνο
1226 3904 1244 3938 ι
1279 3886 1369 3940 δύο
1396 3889 1492 3959 μὲν
1513 3888 1605 3942 τοῦ
1633 3890 1810 3953 Δαυῒδ,

210 3983 242 4034 6
279 3978 447 4051 μετά
475 3979 670 4046 χεῖρας
695 3977 787 4028 καί
809 3978 838 4029 6
868 3975 963 4029 v0"
985 3976 1092 4028 τῶν
1122 3976 1179 4029 δὲ
1207 3976 1336 4032 υῑῶν
1356 3979 1496 4049 Κορὲ
1520 3974 1619 4043 εἷς,
1647 3982 1675 4033 6
1710 3980 1810 4050 μδν,

213 4068 331 4119 καὶ
386 4065 490 4117 τοῦ
534 4061 711 4131 ’Δσάφ
753 4062 951 4131 ὁμοίως
995 4063 1024 4113 6
1064 4061 1156 4115 00'.
1201 4062 1322 4117 Ἐπὶ
1364 4065 1574 4120 πάντων
1610 4066 1665 4119 δὲ
1697 4068 1815 4121 ἀντ)⁸

216 4155 361 4218 τοῦ,
410 4172 431 4206 ι
478 4153 659 4225 ’Υπὲρ
706 4151 814 4204 τῶν
858 4152 1377 4223 ἀλλοιωθησομένων,
1413 4176 1431 4207 ι
1464 4158 1492 4209 6
1526 4157 1621 4226 μὲν
1659 4157 1814 4210 Ἀκύ-

216 4246 362 4308 λας,
400 4262 421 4294 ι
475 4241 607 4295 Ἐπὶ
650 4241 870 4311 κρίνων,
905 4260 924 4293 ι
969 4241 1290 4296 ἐκδέδωκεν·
1337 4246 1365 4296 6
1405 4245 1461 4297 δὲ
1506 4245 1812 4316 Σύμμαχος,

223 4355 246 4387 ε
300 4332 500 4401 ’Υπὲρ
541 4329 653 4383 τῶν
696 4328 889 4383 ἀνθῶν.
928 4347 946 4380 ι
994 4328 1051 4382 Ὁ
1077 4332 1171 4401 μὲν
1197 4328 1286 4385 οὖν
1320 4333 1401 4402 μδ⁹
1425 4333 1521 4403 τήν
1565 4337 1691 4405 περὶ
1723 4336 1813 4390 τοῦ

236 4420 583 4491 Ἀγαπητοῦ
634 4419 968 4491 προφητείαν
1006 4424 1263 4490 περιεῖχε,
1308 4423 1404 4492 τῆς
1444 4440 1501 4475 τε
1549 4423 1608 4486 ἐξ
1650 4423 1812 4477 ἐθνῶν

1909 3552 1974 3607 IN
2022 3551 2266 3616 manu,
2304 3547 2439 3603 rso
2488 3546 2574 3600 IIS
2601 3545 2737 3616 om
2780 3541 3446 3616 cogittumsuuruu,

2338 3617 2465 3673 IPSI
2506 3614 2734 3669 DAVID.
2775 3612 3000 3668 LXVIIL

1980 3709 2143 3765 Vsus.
2174 3710 2229 3771 2.
2259 3710 2311 3764 3.
2350 3727 2368 3761 ι
2406 3707 2623 3763 Salvum
2652 3721 2737 3760 me
2772 3704 2877 3766 fac,
2906 3702 3066 3764 Deus,
3098 3700 3350 3771 quoniam
3377 3700 3451 3754 in-

1912 3809 2190 3856 traverunt
2210 3814 2361 3869 aqua:
2387 3813 2556 3868 usque
2584 3796 2650 3870 ad
2673 3794 2905 3849 animam
2934 3806 3131 3856 meam.
3158 3809 3177 3843 ι
3213 3790 3456 3855 Quatuor

1913 3890 2100 3961 psalmi
2138 3908 2156 3940 ι
2209 3887 2316 3943 Pro
2364 3888 2433 3942 iis
2482 3885 2574 3956 qui
2614 3882 3088 3939 commutabuntur
3142 3900 3161 3933 ι
3206 3881 3453 3953 inscripti

1913 3984 2060 4033 sunt.
2091 3974 2206 4029 Duo
2237 3972 2475 4036 Davidis.
2507 3986 2700 4040 nempe
2731 3970 2818 4023 hic
2864 3983 3021 4038 quem
3075 3976 3368 4026 tractamus
3400 3978 3454 4025 et

1916 4083 2005 4121 ιιι
2036 4086 2048 4120 :
2078 4066 2307 4119 ﬁliorum
2333 4063 2470 4117 Core
2491 4076 2650 4123 unus,
2669 4059 2877 4115 scilicet
2894 4071 3015 4113 κων
3039 4074 3053 4123 ;
3081 4058 3205 4126 Asaj
3224 4058 3277 4111 hi
3304 4060 3455 4112 simi-

1910 4157 2032 4211 liter
2062 4169 2245 4210 um.
2276 4152 2332 4205 ln
2359 4150 2611 4205 omnibus
2658 4162 2819 4217 porro
2846 4146 2989 4199 illius
3020 4145 3157 4211 loco,
3190 4167 3207 4196 ι
3252 4147 3356 4201 Pro
3386 4148 3451 4203 iis

1914 4245 2005 4314 qui
2035 4244 2529 4301 commutabuntur,
2568 4258 2587 4291 ι
2624 4237 2836 4307 Aquila,
2870 4254 2888 4286 ι
2922 4234 3095 4305 Super
3116 4237 3245 4301 lilia,
3281 4254 3305 4288 ι.
3335 4237 3449 4290 edi—

1917 4336 1996 4391 dit
2022 4354 2036 4401 ;
2061 4334 2411 4405 Symmachus
2441 4345 2588 4392 vero.
2620 4346 2638 4379 ι
2680 4328 2783 4379 Pro
2810 4325 3050 4379 ﬁoribus.
3089 4344 3107 4377 ι
3146 4324 3455 4397 Quadrage-

1918 4426 2087 4479 simus
2112 4425 2293 4492 itaque
2322 4428 2547 4491 quartus
2576 4419 2641 4471 de
2673 4415 2875 4468 Dilecto
2913 4415 3267 4483 praphet'tam,
3290 4423 3452 4486 atque

239 4510 597 4580 Ἐκκλησίας
643 4509 741 4580 τὴν
774 4509 882 4561 ἀπὸ
923 4509 1029 4561 τῶν
1057 4511 1304 4581 χειρόνων
1344 4513 1434 4566 ἐπὶ
1473 4513 1542 4567 τά
1586 4513 1811 4585 κρείττω

1916 4516 2145 4587 gentium
2185 4512 2441 4566 Ecclesiae
2470 4525 2499 4562 a
2539 4505 2812 4577 pejoribus
2844 4504 2908 4558 ad
2944 4504 3165 4559 meliora
3207 4506 3454 4559 immuta-

224 4606 543 4659 ἀλλοίωσιν
565 4620 580 4633 ·
623 4602 653 4652 6
695 4602 752 4655 δὲ
798 4603 1155 4669 πεντηκοστὸς
1199 4603 1380 4666 ἔνατος
1417 4604 1680 4675 ἀποϐολὴν
1719 4604 1811 4657 τοῦ

245 4694 539 4749 Ἰουδαίων
571 4691 759 4754 ἔθνους
788 4692 883 4744 καὶ
912 4691 1019 4742 τῶν
1052 4693 1352 4760 ἀλλοφύλων
1390 4693 1554 4747 ἐθνῶν
1593 4695 1690 4763 τὴν
1722 4695 1812 4746 ἐπὶ

232 4783 307 4834 τὰ
338 4780 613 4833 κάλλιστα
643 4777 947 4847 μεταϐολήν
965 4792 978 4806 ·
1018 4779 1045 4829 6
1071 4778 1127 4830 δὲ
1153 4778 1225 4830 06'
1258 4775 1408 4842 αὖθις
1436 4781 1532 4850 τὴν
1560 4780 1652 4833 τοῦ
1689 4782 1814 4833 Ἰουο

236 4871 408 4925 δαίων
435 4869 628 4929 ἔθνους
654 4866 999 4928 ἀπόπτωσιν,
1025 4869 1116 4921 καὶ
1148 4867 1237 4920 τοῦ
1259 4869 1504 4940 Σωτῆρος
1530 4870 1684 4940 ήμῶν
1716 4870 1811 4940 τήν

238 4956 660 5028 ὲνανθρὼπησιν
696 4952 975 5023 σημαίνει.
1004 4956 1235 5018 Εἰκότως
1261 4951 1353 5008 οὖν
1380 4960 1471 5015 καὶ
1499 4960 1527 5010 6
1551 4958 1685 5029 μετά
1708 4960 1815 5027 χεῖ-

240 5066 353 5119 ρας,
410 5067 431 5101 ι
480 5046 657 5115 Ὑπὲρ
707 5043 823 5095 τῶν
869 5043 1384 5116 ἁλλοιωθησομένων,
1437 5066 1454 5097 ι
1485 5048 1541 5117 ἦ,
1587 5066 1605 5097 ‹
1651 5049 1815 5120 ’Υπὲρ

234 5137 329 5200 τῶν
348 5140 558 5200 ἀνθῶν,
594 5154 615 5186 ›
651 5131 809 5185 κατά
831 5132 924 5184 τὸν
958 5134 1348 5204 Σύμμαχον,’ή,
1382 5155 1399 5187 ι
1422 5138 1542 5191 Ἑπὶ
1563 5139 1807 5209 κρίνων.)

225 5236 353 5293 κατὰ
380 5232 481 5285 τὸν
530 5219 806 5279 Ἀκύλαν,
838 5218 1267 5291 ἐπιγέγραπταιο
1294 5225 1477 5297 ἐπειδὴ
1506 5228 1603 5297 τὴν
1634 5229 1723 5279 ἐπὶ
1754 5229 1813 5281 τὸ

192 5320 373 5405 arsz
425 5310 772 5405 dn‘olwatv'
795 5307 898 5357 τοῦ
931 5310 1335 5405 έκμστεριτομῆς
1366 5312 1494 5366 λαοῦ
1537 5316 1628 5368 καὶ
1658 5316 1813 5379 αὐτὸς

176 5391 456 5490 agn“,
491 5398 626 5490 οὓς,
660 5391 854 5490 κρκίναξ
870 5398 968 5490 ,διαὶ
996 5400 1135 5467 ἄνθη
1164 5401 1297 5453 κατά
1324 5404 1513 5474 καιρὸν
1535 5404 1811 5473 ὀφθέντας,

194 5434 456 5498 ’ξριεχεη
491 5434 626 5457 νυν
661 5434 849 5493 ’τι-δ”*-
882 5434 968 5448 "'"
996 5434 1135 5467 *Νη
1166 5434 1297 5453 MM“
1326 5434 1513 5474 δια-Ψυν
1535 5434 1811 5473 υΨυεηυιεη

145 5466 176 5534 ’θ
236 5513 321 5572 ἐπὶ
367 5498 445 5553 τὰ
474 5485 681 5559 χείρω
722 5480 1014 5547 διεδέξατο
1063 5490 1339 5562 μεταϐολή.
1374 5494 1591 5546 Ἀνθεσι
1615 5494 1670 5545 δὲ
1716 5495 1815 5546 αὺ-

637 5628 653 5650 .
753 5589 815 5644 2.
902 5597 944 5629 ⁸⁸
977 5597 1141 5655 Rom.
1176 5618 1245 5666 ix,
1275 5603 1383 5659 6-8.

1490 5610 1532 5641 ⁶⁹
1556 5608 1707 5664 llom.
1743 5626 1801 5675 ιι,
1834 5613 1922 5681 28,
1960 5614 2048 5669 29.

1914 4608 2132 4668 tionem,
2184 4600 2594 4669 complectitur;
2633 4594 3111 4664 quinquagesimus
3144 4610 3318 4651 nonus
3358 4598 3453 4649 ab-

1908 4695 2196 4764 jectionem
2217 4690 2425 4745 Iudaici
2446 4687 2647 4759 populi,
2665 4685 3191 4753 alienigenarumque
3214 4687 3448 4753 gentium

1916 4785 1981 4838 ad
2031 4779 2470 4852 praestantissima
2496 4773 2899 4830 conversionem
2930 4789 2953 4837 ι
2984 4787 3197 4826 rursum
3232 4783 3452 4841 septua-

1916 4873 2150 4944 gesimus
2187 4884 2361 4923 nonus
2408 4864 2617 4920 Judaici
2647 4863 2827 4933 populi
2861 4863 3088 4931 lapsum,
3122 4868 3174 4913 et
3207 4860 3451 4916 Salvatoo

1919 4968 1994 5020 ris
2045 4964 2216 5018 nostri
2268 4958 2687 5014 incarnationem
2750 4953 3036 5023 signiﬁcat.
3083 4950 3213 5005 Jure
3270 4952 3450 5020 itaque

1917 5071 2151 5127 praesens
2180 5055 2304 5109 item
2335 5052 2593 5121 psalmus,
2631 5065 2649 5095 ι
2684 5045 2786 5099 Pro
2822 5046 2890 5100 iis
2916 5045 3008 5113 qui
3039 5043 3450 5099 commutabum

1916 5155 2042 5211 tur;
2090 5166 2108 5196 ι
2141 5150 2232 5197 aut
2279 5160 2297 5191 ι
2333 5139 2434 5193 Pro
2471 5135 2711 5194 ﬁoribus,
2756 5155 2775 5185 υ
2817 5140 2875 5185 ut
2918 5132 3446 5201 Symmachus;aut,

1922 5256 1941 5289 ι
1976 5238 2147 5304 Super
2168 5232 2300 5295 lilia,
2338 5248 2356 5280 ι
2394 5237 2452 5281 ut
2486 5225 2697 5293 Aquila.
2730 5221 3025 5290 inscriptus
3052 5228 3154 5281 est,
3186 5221 3312 5290 quia
3349 5236 3447 5289 po-

1912 5326 2024 5393 puli
2051 5339 2116 5379 ex
2145 5317 2551 5376 circumcisione
2582 5312 2646 5364 ad
2675 5312 2858 5379 pejora
2896 5310 3243 5363 mutationem
3277 5311 3451 5364 conti-

1912 5421 2025 5476 net,
2075 5411 2164 5480 qui
2209 5421 2329 5462 cum
2380 5403 2508 5457 liliis
2557 5405 2610 5451 et
2651 5397 2876 5451 ﬁoribus
2923 5399 3052 5450 olim
3097 5397 3300 5450 similes
3346 5400 3447 5453 visi

1914 5500 2163 5559 fuissent,
2214 5497 2322 5564 jam
2364 5490 2429 5544 ad
2479 5486 2745 5541 deteriora
2797 5484 3155 5538 declinarunt.
3199 5484 3450 5545 Floribus

2148 5612 2192 5644 ⁷⁸
2231 5612 2337 5664 lsa.
2370 5624 2421 5671 v,
2453 5603 2503 5659 6-
2601 5603 2643 5633 ⁷⁸
2671 5600 2900 5671 Pliilipp.
2937 5616 3013 5662 tv,
3056 5599 3139 5652 15.
3215 5603 3258 5630 ⁷⁸
3287 5600 3443 5654 Rom.
