  <div class='ocr_page' id='page_1' title='image "/cluster/home/n/w/nwhite01/storage/ocr_20150623/23 (Eusebius, pt. 5)/nyp.33433081862363/379.png"; bbox 0 0 3796 6364; ppageno 0'>
   <div class='ocr_carea' id='block_1_1' title="bbox 431 410 528 442">
    <p class='ocr_par' dir='ltr' id='par_1_1' title="bbox 431 410 528 442">
     <span class='ocr_line' id='line_1_1' title="bbox 431 410 528 442; baseline 0 0"><span class='ocrx_word' id='word_1_1' title='bbox 431 410 528 442; x_wconf 61' lang='lat'><strong>7.)&quot;.</strong></span> 
     </span>
    </p>
   </div>
   <div class='ocr_carea' id='block_1_2' title="bbox 441 431 533 462">
    <p class='ocr_par' dir='ltr' id='par_1_2' title="bbox 441 431 533 462">
     <span class='ocr_line' id='line_1_2' title="bbox 441 431 533 462; baseline -0.011 -1"><span class='ocrx_word' id='word_1_2' title='bbox 441 431 456 460; x_wconf 73' lang='grc' dir='ltr'><strong><em>Δ</em></strong></span> <span class='ocrx_word' id='word_1_3' title='bbox 468 431 533 462; x_wconf 68' lang='grc' dir='ltr'><strong>Ζι)</strong></span> 
     </span>
    </p>
   </div>
   <div class='ocr_carea' id='block_1_3' title="bbox 1094 366 2928 457">
    <p class='ocr_par' dir='ltr' id='par_1_3' title="bbox 1094 366 2928 457">
     <span class='ocr_line' id='line_1_3' title="bbox 1094 366 2928 457; baseline -0.021 0"><span class='ocrx_word' id='word_1_4' title='bbox 1094 399 1352 457; x_wconf 82' lang='lat' dir='ltr'><strong>EUSEBH</strong></span> <span class='ocrx_word' id='word_1_5' title='bbox 1390 377 1857 450; x_wconf 60' lang='lat' dir='ltr'><strong>CJESARIENSIS</strong></span> <span class='ocrx_word' id='word_1_6' title='bbox 1895 386 2039 440; x_wconf 83' lang='lat' dir='ltr'><strong>OPP.</strong></span> <span class='ocrx_word' id='word_1_7' title='bbox 2079 381 2256 436; x_wconf 76' lang='lat' dir='ltr'><strong>PARS</strong></span> <span class='ocrx_word' id='word_1_8' title='bbox 2294 378 2378 433; x_wconf 89' lang='lat' dir='ltr'><strong>Ill.</strong></span> <span class='ocrx_word' id='word_1_9' title='bbox 2411 408 2476 417; x_wconf 80' lang='lat'><strong>——-</strong></span> <span class='ocrx_word' id='word_1_10' title='bbox 2515 366 2928 428; x_wconf 73' lang='lat' dir='ltr'><strong>EXEGEI‘lCA.</strong></span> 
     </span>
    </p>
   </div>
   <div class='ocr_carea' id='block_1_4' title="bbox 3503 357 3584 408">
    <p class='ocr_par' dir='ltr' id='par_1_4' title="bbox 3503 357 3584 408">
     <span class='ocr_line' id='line_1_4' title="bbox 3503 357 3584 408; baseline 0.025 -2"><span class='ocrx_word' id='word_1_11' title='bbox 3503 357 3584 408; x_wconf 69' lang='grc' dir='ltr'><strong>’ῖὲῑ</strong></span> 
     </span>
    </p>
   </div>
   <div class='ocr_carea' id='block_1_5' title="bbox 433 471 1992 582">
    <p class='ocr_par' dir='ltr' id='par_1_5' title="bbox 433 505 1963 582">
     <span class='ocr_line' id='line_1_5' title="bbox 433 505 1963 582; baseline -0.014 -8"><span class='ocrx_word' id='word_1_12' title='bbox 433 531 614 577; x_wconf 87' lang='lat' dir='ltr'><strong>autem</strong></span> <span class='ocrx_word' id='word_1_13' title='bbox 641 523 760 577; x_wconf 87' lang='lat' dir='ltr'><strong>illos</strong></span> <span class='ocrx_word' id='word_1_14' title='bbox 801 521 967 575; x_wconf 85' lang='lat' dir='ltr'><strong>Isaias</strong></span> <span class='ocrx_word' id='word_1_15' title='bbox 1017 522 1292 582; x_wconf 80' lang='lat' dir='ltr'><strong>comparat</strong></span> <span class='ocrx_word' id='word_1_16' title='bbox 1321 512 1540 565; x_wconf 82' lang='lat' dir='ltr'><strong>dicens:</strong></span> <span class='ocrx_word' id='word_1_17' title='bbox 1577 526 1593 556; x_wconf 76' lang='grc' dir='ltr'><strong>ι</strong></span> <span class='ocrx_word' id='word_1_18' title='bbox 1626 505 1813 559; x_wconf 82' lang='lat' dir='ltr'><strong>Omnis</strong></span> <span class='ocrx_word' id='word_1_19' title='bbox 1836 517 1963 556; x_wconf 88' lang='lat' dir='ltr'><strong>caro</strong></span> 
     </span>
    </p>
   </div>
   <div class='ocr_carea' id='block_1_6' title="bbox 2094 471 3589 582">
    <p class='ocr_par' dir='ltr' id='par_1_6' title="bbox 2094 471 3589 564">
     <span class='ocr_line' id='line_1_6' title="bbox 2094 471 3589 564; baseline -0.02 -14"><span class='ocrx_word' id='word_1_20' title='bbox 2094 498 2184 558; x_wconf 79' lang='grc' dir='ltr'><strong>οὺς</strong></span> <span class='ocrx_word' id='word_1_21' title='bbox 2209 489 2538 564; x_wconf 79' lang='grc' dir='ltr'>παραϐάλλει</span> <span class='ocrx_word' id='word_1_22' title='bbox 2565 487 2658 539; x_wconf 75' lang='grc' dir='ltr'>καὶ</span> <span class='ocrx_word' id='word_1_23' title='bbox 2691 486 2718 535; x_wconf 99' lang='lat'><strong>6</strong></span> <span class='ocrx_word' id='word_1_24' title='bbox 2753 480 2990 538; x_wconf 74' lang='grc' dir='ltr'>Ἡσαΐας</span> <span class='ocrx_word' id='word_1_25' title='bbox 3015 475 3189 542; x_wconf 81' lang='grc' dir='ltr'>λέγων</span> <span class='ocrx_word' id='word_1_26' title='bbox 3209 489 3224 504; x_wconf 84' lang='grc'>·</span> <span class='ocrx_word' id='word_1_27' title='bbox 3262 490 3279 522; x_wconf 76' lang='grc' dir='ltr'><strong>ι</strong></span> <span class='ocrx_word' id='word_1_28' title='bbox 3315 471 3456 526; x_wconf 70' lang='grc' dir='ltr'>Πᾶσα</span> <span class='ocrx_word' id='word_1_29' title='bbox 3478 471 3589 542; x_wconf 75' lang='grc' dir='ltr'>σὰρξ</span> 
     </span>
    </p>
   </div>
   <div class='ocr_carea' id='block_1_7' title="bbox 435 592 1963 678">
    <p class='ocr_par' dir='ltr' id='par_1_7' title="bbox 435 592 1963 678">
     <span class='ocr_line' id='line_1_7' title="bbox 435 592 1963 678; baseline -0.014 -12"><span class='ocrx_word' id='word_1_30' title='bbox 435 613 637 678; x_wconf 83' lang='lat' dir='ltr'><strong>fenum,</strong></span> <span class='ocrx_word' id='word_1_31' title='bbox 667 618 719 664; x_wconf 89' lang='lat' dir='ltr'><strong>ct</strong></span> <span class='ocrx_word' id='word_1_32' title='bbox 750 609 921 662; x_wconf 88' lang='lat' dir='ltr'><strong>omnis</strong></span> <span class='ocrx_word' id='word_1_33' title='bbox 948 607 1114 674; x_wconf 78' lang='lat' dir='ltr'><strong>gloria</strong></span> <span class='ocrx_word' id='word_1_34' title='bbox 1147 602 1265 670; x_wconf 88' lang='lat' dir='ltr'><strong>ejus</strong></span> <span class='ocrx_word' id='word_1_35' title='bbox 1294 599 1446 668; x_wconf 91' lang='lat' dir='ltr'><strong>quasi</strong></span> <span class='ocrx_word' id='word_1_36' title='bbox 1481 597 1577 651; x_wconf 83' lang='lat' dir='ltr'><strong>flos</strong></span> <span class='ocrx_word' id='word_1_37' title='bbox 1608 594 1736 648; x_wconf 82' lang='lat' dir='ltr'><strong>feni.</strong></span> <span class='ocrx_word' id='word_1_38' title='bbox 1776 592 1963 646; x_wconf 81' lang='lat' dir='ltr'><strong>Exsic-</strong></span> 
     </span>
    </p>
   </div>
   <div class='ocr_carea' id='block_1_8' title="bbox 432 681 1967 754">
    <p class='ocr_par' dir='ltr' id='par_1_8' title="bbox 432 681 1967 754">
     <span class='ocr_line' id='line_1_8' title="bbox 432 681 1967 754; baseline -0.013 -2"><span class='ocrx_word' id='word_1_39' title='bbox 432 707 612 753; x_wconf 80' lang='lat' dir='ltr'><strong>catum</strong></span> <span class='ocrx_word' id='word_1_40' title='bbox 640 707 724 752; x_wconf 87' lang='lat' dir='ltr'><strong>cst</strong></span> <span class='ocrx_word' id='word_1_41' title='bbox 771 696 969 754; x_wconf 86' lang='lat' dir='ltr'><strong>fenum,</strong></span> <span class='ocrx_word' id='word_1_42' title='bbox 1010 698 1062 743; x_wconf 88' lang='lat' dir='ltr'><strong>et</strong></span> <span class='ocrx_word' id='word_1_43' title='bbox 1094 691 1190 742; x_wconf 88' lang='lat' dir='ltr'><strong>llos</strong></span> <span class='ocrx_word' id='word_1_44' title='bbox 1229 685 1424 740; x_wconf 83' lang='lat' dir='ltr'><strong>decidit</strong></span> <span class='ocrx_word' id='word_1_45' title='bbox 1451 685 1517 736; x_wconf 82' lang='grc'><strong>’¹³.</strong></span> <span class='ocrx_word' id='word_1_46' title='bbox 1562 703 1579 734; x_wconf 76' lang='grc' dir='ltr'><strong>ι</strong></span> <span class='ocrx_word' id='word_1_47' title='bbox 1631 681 1794 746; x_wconf 83' lang='lat' dir='ltr'><strong>Queis</strong></span> <span class='ocrx_word' id='word_1_48' title='bbox 1845 693 1967 747; x_wconf 56' lang='lat' dir='ltr'><strong>spec</strong></span> 
     </span>
    </p>
   </div>
   <div class='ocr_carea' id='block_1_9' title="bbox 433 774 1964 844">
    <p class='ocr_par' dir='ltr' id='par_1_9' title="bbox 433 774 1964 844">
     <span class='ocr_line' id='line_1_9' title="bbox 433 774 1964 844; baseline -0.015 -2"><span class='ocrx_word' id='word_1_49' title='bbox 433 790 638 842; x_wconf 89' lang='lat' dir='ltr'><strong>ciosum</strong></span> <span class='ocrx_word' id='word_1_50' title='bbox 670 785 816 838; x_wconf 89' lang='lat' dir='ltr'><strong>illum</strong></span> <span class='ocrx_word' id='word_1_51' title='bbox 838 781 903 834; x_wconf 91' lang='lat' dir='ltr'><strong>ad</strong></span> <span class='ocrx_word' id='word_1_52' title='bbox 930 780 1088 831; x_wconf 82' lang='lat' dir='ltr'><strong>breve</strong></span> <span class='ocrx_word' id='word_1_53' title='bbox 1113 784 1322 844; x_wconf 77' lang='lat' dir='ltr'><strong>tempus</strong></span> <span class='ocrx_word' id='word_1_54' title='bbox 1349 774 1623 827; x_wconf 84' lang='lat' dir='ltr'><strong>florentem</strong></span> <span class='ocrx_word' id='word_1_55' title='bbox 1651 781 1964 837; x_wconf 90' lang='lat' dir='ltr'><strong>corporeum</strong></span> 
     </span>
    </p>
   </div>
   <div class='ocr_carea' id='block_1_10' title="bbox 432 855 1966 928">
    <p class='ocr_par' dir='ltr' id='par_1_10' title="bbox 432 855 1966 928">
     <span class='ocr_line' id='line_1_10' title="bbox 432 855 1966 928; baseline -0.014 1"><span class='ocrx_word' id='word_1_56' title='bbox 432 874 732 928; x_wconf 73' lang='lat' dir='ltr'><strong>Judmorum</strong></span> <span class='ocrx_word' id='word_1_57' title='bbox 765 869 966 922; x_wconf 90' lang='lat' dir='ltr'><strong>cultum</strong></span> <span class='ocrx_word' id='word_1_58' title='bbox 1005 865 1127 919; x_wconf 92' lang='lat' dir='ltr'><strong>feno</strong></span> <span class='ocrx_word' id='word_1_59' title='bbox 1158 873 1211 917; x_wconf 92' lang='lat' dir='ltr'><strong>et</strong></span> <span class='ocrx_word' id='word_1_60' title='bbox 1239 863 1460 916; x_wconf 79' lang='lat' dir='ltr'><strong>floribus</strong></span> <span class='ocrx_word' id='word_1_61' title='bbox 1491 859 1717 913; x_wconf 83' lang='lat' dir='ltr'><strong>confert.</strong></span> <span class='ocrx_word' id='word_1_62' title='bbox 1747 855 1805 909; x_wconf 87' lang='lat' dir='ltr'><strong>In</strong></span> <span class='ocrx_word' id='word_1_63' title='bbox 1830 870 1966 925; x_wconf 71' lang='lat' dir='ltr'><strong>pra:-</strong></span> 
     </span>
    </p>
   </div>
   <div class='ocr_carea' id='block_1_11' title="bbox 435 949 1967 1032">
    <p class='ocr_par' dir='ltr' id='par_1_11' title="bbox 435 949 1967 1032">
     <span class='ocr_line' id='line_1_11' title="bbox 435 949 1967 1032; baseline -0.015 -12"><span class='ocrx_word' id='word_1_64' title='bbox 435 966 572 1020; x_wconf 87' lang='lat' dir='ltr'><strong>senti</strong></span> <span class='ocrx_word' id='word_1_65' title='bbox 603 975 814 1032; x_wconf 88' lang='lat' dir='ltr'><strong>quoque</strong></span> <span class='ocrx_word' id='word_1_66' title='bbox 842 957 1013 1011; x_wconf 85' lang='lat' dir='ltr'><strong>lloridi</strong></span> <span class='ocrx_word' id='word_1_67' title='bbox 1043 971 1227 1010; x_wconf 87' lang='lat' dir='ltr'><strong>eorum</strong></span> <span class='ocrx_word' id='word_1_68' title='bbox 1263 961 1434 1008; x_wconf 89' lang='lat' dir='ltr'><strong>status</strong></span> <span class='ocrx_word' id='word_1_69' title='bbox 1457 952 1522 1005; x_wconf 89' lang='lat' dir='ltr'><strong>ad</strong></span> <span class='ocrx_word' id='word_1_70' title='bbox 1548 949 1814 1004; x_wconf 77' lang='lat' dir='ltr'><strong>deteriora</strong></span> <span class='ocrx_word' id='word_1_71' title='bbox 1846 962 1967 999; x_wconf 88' lang='lat' dir='ltr'><strong>mu-</strong></span> 
     </span>
    </p>
   </div>
   <div class='ocr_carea' id='block_1_12' title="bbox 435 1036 1967 1106">
    <p class='ocr_par' dir='ltr' id='par_1_12' title="bbox 435 1036 1967 1106">
     <span class='ocr_line' id='line_1_12' title="bbox 435 1036 1967 1106; baseline -0.012 -2"><span class='ocrx_word' id='word_1_72' title='bbox 435 1054 687 1106; x_wconf 76' lang='lat' dir='ltr'><strong>lationem</strong></span> <span class='ocrx_word' id='word_1_73' title='bbox 723 1055 776 1102; x_wconf 90' lang='lat' dir='ltr'><strong>et</strong></span> <span class='ocrx_word' id='word_1_74' title='bbox 806 1044 1209 1100; x_wconf 84' lang='lat' dir='ltr'><strong>conversionem</strong></span> <span class='ocrx_word' id='word_1_75' title='bbox 1240 1041 1474 1095; x_wconf 78' lang='lat' dir='ltr'><strong>declarat</strong></span> <span class='ocrx_word' id='word_1_76' title='bbox 1515 1040 1568 1092; x_wconf 90' lang='lat' dir='ltr'><strong>in</strong></span> <span class='ocrx_word' id='word_1_77' title='bbox 1602 1036 1967 1106; x_wconf 76' lang='lat' dir='ltr'><strong>sequentibus,</strong></span> 
     </span>
    </p>
   </div>
   <div class='ocr_carea' id='block_1_13' title="bbox 436 1125 1968 1197">
    <p class='ocr_par' dir='ltr' id='par_1_13' title="bbox 436 1125 1968 1197">
     <span class='ocr_line' id='line_1_13' title="bbox 436 1125 1968 1197; baseline -0.014 1"><span class='ocrx_word' id='word_1_78' title='bbox 436 1144 524 1197; x_wconf 77' lang='lat' dir='ltr'><strong>ubi</strong></span> <span class='ocrx_word' id='word_1_79' title='bbox 565 1141 763 1196; x_wconf 89' lang='lat' dir='ltr'><strong>dicitur</strong></span> <span class='ocrx_word' id='word_1_80' title='bbox 793 1158 806 1192; x_wconf 92' lang='lat'><strong>:</strong></span> <span class='ocrx_word' id='word_1_81' title='bbox 834 1157 851 1188; x_wconf 75' lang='grc' dir='ltr'><strong>ε</strong></span> <span class='ocrx_word' id='word_1_82' title='bbox 889 1135 1005 1189; x_wconf 84' lang='lat' dir='ltr'><strong>Fiat</strong></span> <span class='ocrx_word' id='word_1_83' title='bbox 1037 1149 1218 1191; x_wconf 91' lang='lat' dir='ltr'><strong>mensa</strong></span> <span class='ocrx_word' id='word_1_84' title='bbox 1273 1147 1457 1186; x_wconf 87' lang='lat' dir='ltr'><strong>eorum</strong></span> <span class='ocrx_word' id='word_1_85' title='bbox 1510 1144 1689 1182; x_wconf 87' lang='lat' dir='ltr'><strong>coram</strong></span> <span class='ocrx_word' id='word_1_86' title='bbox 1740 1127 1870 1196; x_wconf 84' lang='lat' dir='ltr'><strong>ipsis</strong></span> <span class='ocrx_word' id='word_1_87' title='bbox 1915 1125 1968 1177; x_wconf 91' lang='lat' dir='ltr'><strong>in</strong></span> 
     </span>
    </p>
   </div>
   <div class='ocr_carea' id='block_1_14' title="bbox 435 1215 1967 1300">
    <p class='ocr_par' dir='ltr' id='par_1_14' title="bbox 435 1215 1967 1300">
     <span class='ocr_line' id='line_1_14' title="bbox 435 1215 1967 1300; baseline -0.014 -16"><span class='ocrx_word' id='word_1_88' title='bbox 435 1233 720 1300; x_wconf 75' lang='lat' dir='ltr'><strong>laqueum,</strong></span> <span class='ocrx_word' id='word_1_89' title='bbox 771 1234 824 1279; x_wconf 90' lang='lat' dir='ltr'><strong>et</strong></span> <span class='ocrx_word' id='word_1_90' title='bbox 876 1225 930 1278; x_wconf 91' lang='lat' dir='ltr'><strong>in</strong></span> <span class='ocrx_word' id='word_1_91' title='bbox 976 1222 1380 1278; x_wconf 79' lang='lat' dir='ltr'><strong>retributionem</strong></span> <span class='ocrx_word' id='word_1_92' title='bbox 1432 1225 1484 1272; x_wconf 93' lang='lat' dir='ltr'><strong>et</strong></span> <span class='ocrx_word' id='word_1_93' title='bbox 1528 1219 1582 1271; x_wconf 90' lang='lat' dir='ltr'><strong>in</strong></span> <span class='ocrx_word' id='word_1_94' title='bbox 1635 1215 1967 1270; x_wconf 84' lang='lat' dir='ltr'><strong>scandalum.</strong></span> 
     </span>
    </p>
   </div>
   <div class='ocr_carea' id='block_1_15' title="bbox 435 1302 1972 1374">
    <p class='ocr_par' dir='ltr' id='par_1_15' title="bbox 435 1302 1972 1374">
     <span class='ocr_line' id='line_1_15' title="bbox 435 1302 1972 1374; baseline -0.014 -1"><span class='ocrx_word' id='word_1_95' title='bbox 435 1320 800 1374; x_wconf 72' lang='lat' dir='ltr'><strong>Obscnrentur</strong></span> <span class='ocrx_word' id='word_1_96' title='bbox 829 1313 969 1368; x_wconf 91' lang='lat' dir='ltr'><strong>oculi</strong></span> <span class='ocrx_word' id='word_1_97' title='bbox 1012 1326 1220 1373; x_wconf 88' lang='lat' dir='ltr'><strong>eorum,</strong></span> <span class='ocrx_word' id='word_1_98' title='bbox 1271 1323 1340 1362; x_wconf 91' lang='lat' dir='ltr'><strong>ne</strong></span> <span class='ocrx_word' id='word_1_99' title='bbox 1390 1308 1626 1372; x_wconf 80' lang='lat' dir='ltr'><strong>videant,</strong></span> <span class='ocrx_word' id='word_1_100' title='bbox 1683 1324 1700 1355; x_wconf 75' lang='grc' dir='ltr'><strong>ι</strong></span> <span class='ocrx_word' id='word_1_101' title='bbox 1755 1311 1858 1357; x_wconf 89' lang='lat' dir='ltr'><strong>etc.</strong></span> <span class='ocrx_word' id='word_1_102' title='bbox 1911 1302 1972 1352; x_wconf 77' lang='lat' dir='ltr'><strong>Et</strong></span> 
     </span>
    </p>
   </div>
   <div class='ocr_carea' id='block_1_16' title="bbox 437 1396 1968 1475">
    <p class='ocr_par' dir='ltr' id='par_1_16' title="bbox 437 1396 1968 1475">
     <span class='ocr_line' id='line_1_16' title="bbox 437 1396 1968 1475; baseline -0.012 -17"><span class='ocrx_word' id='word_1_103' title='bbox 437 1407 559 1475; x_wconf 83' lang='lat' dir='ltr'><strong>quia</strong></span> <span class='ocrx_word' id='word_1_104' title='bbox 593 1405 768 1473; x_wconf 83' lang='lat' dir='ltr'><strong>longis</strong></span> <span class='ocrx_word' id='word_1_105' title='bbox 799 1411 981 1471; x_wconf 89' lang='lat' dir='ltr'><strong>postea</strong></span> <span class='ocrx_word' id='word_1_106' title='bbox 1003 1399 1334 1468; x_wconf 85' lang='lat' dir='ltr'><strong>temporibus</strong></span> <span class='ocrx_word' id='word_1_107' title='bbox 1373 1397 1485 1449; x_wconf 83' lang='lat' dir='ltr'><strong>haec</strong></span> <span class='ocrx_word' id='word_1_108' title='bbox 1514 1402 1769 1449; x_wconf 72' lang='lat' dir='ltr'><strong>eventura</strong></span> <span class='ocrx_word' id='word_1_109' title='bbox 1793 1396 1968 1450; x_wconf 81' lang='lat' dir='ltr'><strong>erant,</strong></span> 
     </span>
    </p>
   </div>
   <div class='ocr_carea' id='block_1_17' title="bbox 440 1475 1973 1552">
    <p class='ocr_par' dir='ltr' id='par_1_17' title="bbox 440 1475 1973 1552">
     <span class='ocr_line' id='line_1_17' title="bbox 440 1475 1973 1552; baseline -0.014 -7"><span class='ocrx_word' id='word_1_110' title='bbox 440 1489 769 1552; x_wconf 88' lang='lat' dir='ltr'><strong>necessario,</strong></span> <span class='ocrx_word' id='word_1_111' title='bbox 813 1507 829 1537; x_wconf 71' lang='grc' dir='ltr'><strong>ι</strong></span> <span class='ocrx_word' id='word_1_112' title='bbox 863 1486 920 1539; x_wconf 90' lang='lat' dir='ltr'><strong>ln</strong></span> <span class='ocrx_word' id='word_1_113' title='bbox 960 1487 1142 1547; x_wconf 85' lang='lat' dir='ltr'><strong>tinem,</strong></span> <span class='ocrx_word' id='word_1_114' title='bbox 1183 1501 1203 1534; x_wconf 74' lang='grc' dir='ltr'><strong>ι</strong></span> <span class='ocrx_word' id='word_1_115' title='bbox 1238 1480 1556 1548; x_wconf 91' lang='lat' dir='ltr'><strong>inscriptum</strong></span> <span class='ocrx_word' id='word_1_116' title='bbox 1603 1484 1704 1531; x_wconf 90' lang='lat' dir='ltr'><strong>est.</strong></span> <span class='ocrx_word' id='word_1_117' title='bbox 1741 1475 1804 1526; x_wconf 86' lang='lat' dir='ltr'><strong>Et</strong></span> <span class='ocrx_word' id='word_1_118' title='bbox 1849 1487 1973 1525; x_wconf 88' lang='lat' dir='ltr'><strong>vero</strong></span> 
     </span>
    </p>
   </div>
   <div class='ocr_carea' id='block_1_18' title="bbox 438 1565 1970 1648">
    <p class='ocr_par' dir='ltr' id='par_1_18' title="bbox 438 1565 1970 1648">
     <span class='ocr_line' id='line_1_18' title="bbox 438 1565 1970 1648; baseline -0.012 -16"><span class='ocrx_word' id='word_1_119' title='bbox 438 1593 612 1648; x_wconf 88' lang='lat' dir='ltr'><strong>neque</strong></span> <span class='ocrx_word' id='word_1_120' title='bbox 649 1578 910 1647; x_wconf 84' lang='lat' dir='ltr'><strong>psalmus,</strong></span> <span class='ocrx_word' id='word_1_121' title='bbox 950 1588 1122 1641; x_wconf 91' lang='lat' dir='ltr'><strong>neque</strong></span> <span class='ocrx_word' id='word_1_122' title='bbox 1164 1571 1452 1630; x_wconf 88' lang='lat' dir='ltr'><strong>canticum,</strong></span> <span class='ocrx_word' id='word_1_123' title='bbox 1503 1581 1676 1634; x_wconf 89' lang='lat' dir='ltr'><strong>neque</strong></span> <span class='ocrx_word' id='word_1_124' title='bbox 1724 1565 1970 1633; x_wconf 87' lang='lat' dir='ltr'><strong>hymnus,</strong></span> 
     </span>
    </p>
   </div>
   <div class='ocr_carea' id='block_1_19' title="bbox 445 1655 1976 1736">
    <p class='ocr_par' dir='ltr' id='par_1_19' title="bbox 445 1655 1976 1736">
     <span class='ocr_line' id='line_1_19' title="bbox 445 1655 1976 1736; baseline -0.011 -16"><span class='ocrx_word' id='word_1_125' title='bbox 445 1681 614 1736; x_wconf 85' lang='lat' dir='ltr'><strong>neque</strong></span> <span class='ocrx_word' id='word_1_126' title='bbox 637 1665 765 1734; x_wconf 90' lang='lat' dir='ltr'><strong>quid</strong></span> <span class='ocrx_word' id='word_1_127' title='bbox 794 1662 970 1717; x_wconf 90' lang='lat' dir='ltr'><strong>simile</strong></span> <span class='ocrx_word' id='word_1_128' title='bbox 998 1667 1080 1714; x_wconf 88' lang='lat' dir='ltr'><strong>est</strong></span> <span class='ocrx_word' id='word_1_129' title='bbox 1108 1677 1121 1712; x_wconf 93' lang='lat'><strong>:</strong></span> <span class='ocrx_word' id='word_1_130' title='bbox 1153 1659 1276 1727; x_wconf 90' lang='lat' dir='ltr'><strong>quia</strong></span> <span class='ocrx_word' id='word_1_131' title='bbox 1326 1671 1388 1710; x_wconf 90' lang='lat' dir='ltr'><strong>ea</strong></span> <span class='ocrx_word' id='word_1_132' title='bbox 1431 1670 1548 1723; x_wconf 90' lang='lat' dir='ltr'><strong>quae</strong></span> <span class='ocrx_word' id='word_1_133' title='bbox 1575 1655 1976 1720; x_wconf 81' lang='lat' dir='ltr'><strong>subsequuntur</strong></span> 
     </span>
    </p>
   </div>
   <div class='ocr_carea' id='block_1_20' title="bbox 443 1742 1977 1810">
    <p class='ocr_par' dir='ltr' id='par_1_20' title="bbox 443 1742 1977 1810">
     <span class='ocr_line' id='line_1_20' title="bbox 443 1742 1977 1810; baseline -0.009 0"><span class='ocrx_word' id='word_1_134' title='bbox 443 1772 548 1810; x_wconf 90' lang='lat' dir='ltr'><strong>non</strong></span> <span class='ocrx_word' id='word_1_135' title='bbox 597 1762 957 1809; x_wconf 83' lang='lat' dir='ltr'><strong>consentanea</strong></span> <span class='ocrx_word' id='word_1_136' title='bbox 985 1750 1076 1803; x_wconf 89' lang='lat' dir='ltr'><strong>tali</strong></span> <span class='ocrx_word' id='word_1_137' title='bbox 1129 1749 1283 1802; x_wconf 90' lang='lat' dir='ltr'><strong>titulo</strong></span> <span class='ocrx_word' id='word_1_138' title='bbox 1333 1754 1505 1800; x_wconf 90' lang='lat' dir='ltr'><strong>erant.</strong></span> <span class='ocrx_word' id='word_1_139' title='bbox 1556 1743 1732 1809; x_wconf 85' lang='lat' dir='ltr'><strong>Quare</strong></span> <span class='ocrx_word' id='word_1_140' title='bbox 1777 1742 1977 1797; x_wconf 74' lang='lat' dir='ltr'><strong>dixeris</strong></span> 
     </span>
    </p>
   </div>
   <div class='ocr_carea' id='block_1_21' title="bbox 444 1835 2054 1918">
    <p class='ocr_par' dir='ltr' id='par_1_21' title="bbox 444 1835 2054 1918">
     <span class='ocr_line' id='line_1_21' title="bbox 444 1835 2054 1918; baseline -0.012 -15"><span class='ocrx_word' id='word_1_141' title='bbox 444 1848 775 1918; x_wconf 78' lang='lat' dir='ltr'><strong>prophetiam</strong></span> <span class='ocrx_word' id='word_1_142' title='bbox 801 1858 922 1898; x_wconf 88' lang='lat' dir='ltr'><strong>esse</strong></span> <span class='ocrx_word' id='word_1_143' title='bbox 953 1857 1020 1896; x_wconf 79' lang='lat' dir='ltr'><strong>ex</strong></span> <span class='ocrx_word' id='word_1_144' title='bbox 1048 1853 1275 1910; x_wconf 89' lang='lat' dir='ltr'><strong>persona</strong></span> <span class='ocrx_word' id='word_1_145' title='bbox 1306 1836 1606 1891; x_wconf 87' lang='lat' dir='ltr'><strong>Servatoris</strong></span> <span class='ocrx_word' id='word_1_146' title='bbox 1629 1835 1800 1888; x_wconf 85' lang='lat' dir='ltr'><strong>nostri</strong></span> <span class='ocrx_word' id='word_1_147' title='bbox 1831 1849 1982 1888; x_wconf 88' lang='lat' dir='ltr'><strong>enar-</strong></span> <span class='ocrx_word' id='word_1_148' title='bbox 2013 1835 2054 1890; x_wconf 85' lang='grc' dir='ltr'><strong>Β</strong></span> 
     </span>
    </p>
   </div>
   <div class='ocr_carea' id='block_1_22' title="bbox 444 1925 1980 2004">
    <p class='ocr_par' dir='ltr' id='par_1_22' title="bbox 444 1925 1980 2004">
     <span class='ocr_line' id='line_1_22' title="bbox 444 1925 1980 2004; baseline -0.011 -12"><span class='ocrx_word' id='word_1_149' title='bbox 444 1940 614 1992; x_wconf 88' lang='lat' dir='ltr'><strong>rantis</strong></span> <span class='ocrx_word' id='word_1_150' title='bbox 658 1951 719 1991; x_wconf 88' lang='lat' dir='ltr'><strong>ea</strong></span> <span class='ocrx_word' id='word_1_151' title='bbox 754 1950 872 2004; x_wconf 67' lang='lat' dir='ltr'><strong>qua;</strong></span> <span class='ocrx_word' id='word_1_152' title='bbox 910 1933 1012 1988; x_wconf 89' lang='lat' dir='ltr'><strong>sibi</strong></span> <span class='ocrx_word' id='word_1_153' title='bbox 1047 1939 1232 2000; x_wconf 93' lang='lat' dir='ltr'><strong>postea</strong></span> <span class='ocrx_word' id='word_1_154' title='bbox 1269 1929 1645 1996; x_wconf 83' lang='lat' dir='ltr'><strong>contigerunt;</strong></span> <span class='ocrx_word' id='word_1_155' title='bbox 1675 1925 1980 1994; x_wconf 75' lang='lat' dir='ltr'><strong>przedictio-</strong></span> 
     </span>
    </p>
   </div>
   <div class='ocr_carea' id='block_1_23' title="bbox 446 2015 1983 2096">
    <p class='ocr_par' dir='ltr' id='par_1_23' title="bbox 446 2015 1983 2096">
     <span class='ocr_line' id='line_1_23' title="bbox 446 2015 1983 2096; baseline -0.011 -14"><span class='ocrx_word' id='word_1_156' title='bbox 446 2041 672 2096; x_wconf 85' lang='lat' dir='ltr'><strong>nemque</strong></span> <span class='ocrx_word' id='word_1_157' title='bbox 701 2039 884 2078; x_wconf 86' lang='lat' dir='ltr'><strong>eorum</strong></span> <span class='ocrx_word' id='word_1_158' title='bbox 913 2037 1030 2092; x_wconf 75' lang='lat' dir='ltr'><strong>qua:</strong></span> <span class='ocrx_word' id='word_1_159' title='bbox 1051 2021 1250 2074; x_wconf 68' lang='lat' dir='ltr'><strong>.Iudzeis</strong></span> <span class='ocrx_word' id='word_1_160' title='bbox 1279 2028 1398 2088; x_wconf 91' lang='lat' dir='ltr'><strong>post</strong></span> <span class='ocrx_word' id='word_1_161' title='bbox 1431 2026 1610 2070; x_wconf 87' lang='lat' dir='ltr'><strong>tantos</strong></span> <span class='ocrx_word' id='word_1_162' title='bbox 1641 2031 1806 2069; x_wconf 91' lang='lat' dir='ltr'><strong>ausus</strong></span> <span class='ocrx_word' id='word_1_163' title='bbox 1838 2015 1983 2066; x_wconf 92' lang='lat' dir='ltr'><strong>illata</strong></span> 
     </span>
    </p>
   </div>
   <div class='ocr_carea' id='block_1_24' title="bbox 446 2105 1984 2182">
    <p class='ocr_par' dir='ltr' id='par_1_24' title="bbox 446 2105 1984 2182">
     <span class='ocr_line' id='line_1_24' title="bbox 446 2105 1984 2182; baseline -0.009 -11"><span class='ocrx_word' id='word_1_164' title='bbox 446 2125 592 2173; x_wconf 74' lang='lat' dir='ltr'><strong>Statii.</strong></span> <span class='ocrx_word' id='word_1_165' title='bbox 630 2116 850 2169; x_wconf 85' lang='lat' dir='ltr'><strong>Orditur</strong></span> <span class='ocrx_word' id='word_1_166' title='bbox 888 2115 1068 2182; x_wconf 85' lang='lat' dir='ltr'><strong>itaque</strong></span> <span class='ocrx_word' id='word_1_167' title='bbox 1115 2111 1369 2165; x_wconf 87' lang='lat' dir='ltr'><strong>Servator</strong></span> <span class='ocrx_word' id='word_1_168' title='bbox 1406 2108 1702 2161; x_wconf 88' lang='lat' dir='ltr'><strong>orationem</strong></span> <span class='ocrx_word' id='word_1_169' title='bbox 1735 2105 1984 2159; x_wconf 76' lang='lat' dir='ltr'><strong>emitteus</strong></span> 
     </span>
    </p>
   </div>
   <div class='ocr_carea' id='block_1_25' title="bbox 445 2195 1983 2262">
    <p class='ocr_par' dir='ltr' id='par_1_25' title="bbox 445 2195 1983 2262">
     <span class='ocr_line' id='line_1_25' title="bbox 445 2195 1983 2262; baseline -0.01 0"><span class='ocrx_word' id='word_1_170' title='bbox 445 2208 512 2262; x_wconf 88' lang='lat' dir='ltr'><strong>ad</strong></span> <span class='ocrx_word' id='word_1_171' title='bbox 559 2207 768 2262; x_wconf 89' lang='lat' dir='ltr'><strong>Patrem</strong></span> <span class='ocrx_word' id='word_1_172' title='bbox 821 2205 904 2259; x_wconf 90' lang='lat' dir='ltr'><strong>his</strong></span> <span class='ocrx_word' id='word_1_173' title='bbox 953 2204 1128 2257; x_wconf 81' lang='lat' dir='ltr'><strong>verbis</strong></span> <span class='ocrx_word' id='word_1_174' title='bbox 1181 2222 1192 2255; x_wconf 93' lang='lat'><strong>:</strong></span> <span class='ocrx_word' id='word_1_175' title='bbox 1251 2219 1270 2247; x_wconf 69' lang='grc' dir='ltr'><em>η</em></span> <span class='ocrx_word' id='word_1_176' title='bbox 1313 2199 1527 2253; x_wconf 88' lang='lat' dir='ltr'><strong>Salvum</strong></span> <span class='ocrx_word' id='word_1_177' title='bbox 1561 2213 1644 2251; x_wconf 91' lang='lat' dir='ltr'><strong>me</strong></span> <span class='ocrx_word' id='word_1_178' title='bbox 1693 2197 1795 2258; x_wconf 88' lang='lat' dir='ltr'><strong>fac,</strong></span> <span class='ocrx_word' id='word_1_179' title='bbox 1823 2195 1983 2257; x_wconf 86' lang='lat' dir='ltr'><strong>Deus,</strong></span> 
     </span>
    </p>
   </div>
   <div class='ocr_carea' id='block_1_26' title="bbox 445 2286 1986 2368">
    <p class='ocr_par' dir='ltr' id='par_1_26' title="bbox 445 2286 1986 2368">
     <span class='ocr_line' id='line_1_26' title="bbox 445 2286 1986 2368; baseline -0.01 -17"><span class='ocrx_word' id='word_1_180' title='bbox 445 2298 699 2368; x_wconf 87' lang='lat' dir='ltr'><strong>quoniam</strong></span> <span class='ocrx_word' id='word_1_181' title='bbox 771 2297 1107 2348; x_wconf 78' lang='lat' dir='ltr'><strong>intraverunt</strong></span> <span class='ocrx_word' id='word_1_182' title='bbox 1175 2306 1326 2360; x_wconf 64' lang='lat' dir='ltr'><strong>aquae</strong></span> <span class='ocrx_word' id='word_1_183' title='bbox 1385 2304 1556 2357; x_wconf 90' lang='lat' dir='ltr'><strong>usque</strong></span> <span class='ocrx_word' id='word_1_184' title='bbox 1622 2286 1689 2340; x_wconf 84' lang='lat' dir='ltr'><strong>ad</strong></span> <span class='ocrx_word' id='word_1_185' title='bbox 1754 2286 1986 2338; x_wconf 87' lang='lat' dir='ltr'><strong>animam</strong></span> 
     </span>
    </p>
   </div>
   <div class='ocr_carea' id='block_1_27' title="bbox 449 2377 1983 2453">
    <p class='ocr_par' dir='ltr' id='par_1_27' title="bbox 449 2377 1983 2453">
     <span class='ocr_line' id='line_1_27' title="bbox 449 2377 1983 2453; baseline -0.012 -9"><span class='ocrx_word' id='word_1_186' title='bbox 449 2404 640 2444; x_wconf 86' lang='lat' dir='ltr'><strong>meam.</strong></span> <span class='ocrx_word' id='word_1_187' title='bbox 677 2407 695 2437; x_wconf 70' lang='grc' dir='ltr'><strong>ι</strong></span> <span class='ocrx_word' id='word_1_188' title='bbox 743 2385 1109 2453; x_wconf 81' lang='lat' dir='ltr'><strong>Videnturqne</strong></span> <span class='ocrx_word' id='word_1_189' title='bbox 1145 2381 1273 2436; x_wconf 92' lang='lat' dir='ltr'><strong>mihi</strong></span> <span class='ocrx_word' id='word_1_190' title='bbox 1312 2381 1378 2434; x_wconf 87' lang='lat' dir='ltr'><strong>de</strong></span> <span class='ocrx_word' id='word_1_191' title='bbox 1405 2377 1667 2433; x_wconf 86' lang='lat' dir='ltr'><strong>industria</strong></span> <span class='ocrx_word' id='word_1_192' title='bbox 1702 2377 1815 2429; x_wconf 66' lang='lat' dir='ltr'><strong>haec</strong></span> <span class='ocrx_word' id='word_1_193' title='bbox 1863 2388 1983 2428; x_wconf 89' lang='lat' dir='ltr'><strong>cum</strong></span> 
     </span>
    </p>
   </div>
   <div class='ocr_carea' id='block_1_28' title="bbox 449 2463 1987 2546">
    <p class='ocr_par' dir='ltr' id='par_1_28' title="bbox 449 2463 1987 2546">
     <span class='ocr_line' id='line_1_28' title="bbox 449 2463 1987 2546; baseline -0.013 -13"><span class='ocrx_word' id='word_1_194' title='bbox 449 2480 607 2533; x_wconf 89' lang='lat' dir='ltr'><strong>dictis</strong></span> <span class='ocrx_word' id='word_1_195' title='bbox 637 2479 692 2532; x_wconf 90' lang='lat' dir='ltr'><strong>in</strong></span> <span class='ocrx_word' id='word_1_196' title='bbox 725 2474 1042 2546; x_wconf 68' lang='lat' dir='ltr'><strong>praecedenti</strong></span> <span class='ocrx_word' id='word_1_197' title='bbox 1077 2473 1286 2541; x_wconf 89' lang='lat' dir='ltr'><strong>psalmo</strong></span> <span class='ocrx_word' id='word_1_198' title='bbox 1319 2468 1606 2537; x_wconf 88' lang='lat' dir='ltr'><strong>conjuncta</strong></span> <span class='ocrx_word' id='word_1_199' title='bbox 1636 2481 1773 2520; x_wconf 90' lang='lat' dir='ltr'><strong>esse.</strong></span> <span class='ocrx_word' id='word_1_200' title='bbox 1808 2465 1864 2517; x_wconf 86' lang='lat' dir='ltr'><strong>In</strong></span> <span class='ocrx_word' id='word_1_201' title='bbox 1894 2463 1987 2516; x_wconf 90' lang='lat' dir='ltr'><strong>illo</strong></span> 
     </span>
    </p>
   </div>
   <div class='ocr_carea' id='block_1_29' title="bbox 451 2553 1988 2637">
    <p class='ocr_par' dir='ltr' id='par_1_29' title="bbox 451 2553 1988 2637">
     <span class='ocr_line' id='line_1_29' title="bbox 451 2553 1988 2637; baseline -0.012 -15"><span class='ocrx_word' id='word_1_202' title='bbox 451 2583 681 2637; x_wconf 89' lang='lat' dir='ltr'><strong>namque</strong></span> <span class='ocrx_word' id='word_1_203' title='bbox 731 2566 1045 2619; x_wconf 86' lang='lat' dir='ltr'><strong>dicebatur:</strong></span> <span class='ocrx_word' id='word_1_204' title='bbox 1095 2581 1111 2612; x_wconf 78' lang='grc' dir='ltr'><strong>ι</strong></span> <span class='ocrx_word' id='word_1_205' title='bbox 1173 2560 1313 2612; x_wconf 80' lang='lat' dir='ltr'><strong>Dixit</strong></span> <span class='ocrx_word' id='word_1_206' title='bbox 1345 2558 1639 2611; x_wconf 88' lang='lat' dir='ltr'><strong>Dominus:</strong></span> <span class='ocrx_word' id='word_1_207' title='bbox 1691 2555 1768 2606; x_wconf 83' lang='lat' dir='ltr'><strong>Ex</strong></span> <span class='ocrx_word' id='word_1_208' title='bbox 1815 2553 1988 2606; x_wconf 89' lang='lat' dir='ltr'><strong>Basan</strong></span> 
     </span>
    </p>
   </div>
   <div class='ocr_carea' id='block_1_30' title="bbox 449 2642 1988 2718">
    <p class='ocr_par' dir='ltr' id='par_1_30' title="bbox 449 2642 1988 2718">
     <span class='ocr_line' id='line_1_30' title="bbox 449 2642 1988 2718; baseline -0.009 -10"><span class='ocrx_word' id='word_1_209' title='bbox 449 2664 779 2718; x_wconf 64' lang='lat' dir='ltr'><strong>convertam,</strong></span> <span class='ocrx_word' id='word_1_210' title='bbox 813 2662 1120 2707; x_wconf 78' lang='lat' dir='ltr'><strong>convertam</strong></span> <span class='ocrx_word' id='word_1_211' title='bbox 1150 2665 1214 2703; x_wconf 82' lang='lat' dir='ltr'><strong>ex</strong></span> <span class='ocrx_word' id='word_1_212' title='bbox 1240 2647 1506 2718; x_wconf 83' lang='lat' dir='ltr'><strong>profundo</strong></span> <span class='ocrx_word' id='word_1_213' title='bbox 1549 2645 1714 2698; x_wconf 90' lang='lat' dir='ltr'><strong>maris</strong></span> <span class='ocrx_word' id='word_1_214' title='bbox 1736 2644 1811 2708; x_wconf 69' lang='lat'><strong>7&quot;;</strong></span> <span class='ocrx_word' id='word_1_215' title='bbox 1867 2661 1885 2692; x_wconf 72' lang='grc' dir='ltr'><strong>ι</strong></span> <span class='ocrx_word' id='word_1_216' title='bbox 1935 2642 1988 2694; x_wconf 88' lang='lat' dir='ltr'><strong>in</strong></span> 
     </span>
    </p>
   </div>
   <div class='ocr_carea' id='block_1_31' title="bbox 452 2737 1990 2808">
    <p class='ocr_par' dir='ltr' id='par_1_31' title="bbox 452 2737 1990 2808">
     <span class='ocr_line' id='line_1_31' title="bbox 452 2737 1990 2808; baseline -0.009 -6"><span class='ocrx_word' id='word_1_217' title='bbox 452 2751 554 2802; x_wconf 85' lang='lat' dir='ltr'><strong>hoc</strong></span> <span class='ocrx_word' id='word_1_218' title='bbox 581 2761 727 2808; x_wconf 90' lang='lat' dir='ltr'><strong>vero,</strong></span> <span class='ocrx_word' id='word_1_219' title='bbox 756 2763 774 2794; x_wconf 75' lang='grc' dir='ltr'><strong>ι</strong></span> <span class='ocrx_word' id='word_1_220' title='bbox 811 2744 939 2798; x_wconf 82' lang='lat' dir='ltr'><strong>Veni</strong></span> <span class='ocrx_word' id='word_1_221' title='bbox 971 2743 1024 2795; x_wconf 93' lang='lat' dir='ltr'><strong>in</strong></span> <span class='ocrx_word' id='word_1_222' title='bbox 1055 2741 1389 2794; x_wconf 87' lang='lat' dir='ltr'><strong>altitudinem</strong></span> <span class='ocrx_word' id='word_1_223' title='bbox 1413 2737 1598 2799; x_wconf 88' lang='lat' dir='ltr'><strong>maris,</strong></span> <span class='ocrx_word' id='word_1_224' title='bbox 1619 2743 1672 2789; x_wconf 89' lang='lat' dir='ltr'><strong>et</strong></span> <span class='ocrx_word' id='word_1_225' title='bbox 1701 2743 1990 2804; x_wconf 85' lang='lat' dir='ltr'><strong>tempestas</strong></span> 
     </span>
    </p>
   </div>
   <div class='ocr_carea' id='block_1_32' title="bbox 453 2828 1991 2902">
    <p class='ocr_par' dir='ltr' id='par_1_32' title="bbox 453 2828 1991 2902">
     <span class='ocr_line' id='line_1_32' title="bbox 453 2828 1991 2902; baseline -0.008 -11"><span class='ocrx_word' id='word_1_226' title='bbox 453 2837 706 2892; x_wconf 87' lang='lat' dir='ltr'><strong>demersit</strong></span> <span class='ocrx_word' id='word_1_227' title='bbox 731 2851 834 2889; x_wconf 91' lang='lat' dir='ltr'><strong>me.</strong></span> <span class='ocrx_word' id='word_1_228' title='bbox 872 2855 890 2886; x_wconf 74' lang='grc' dir='ltr'><strong>ι</strong></span> <span class='ocrx_word' id='word_1_229' title='bbox 917 2833 1164 2902; x_wconf 83' lang='lat' dir='ltr'><strong>Oportuit</strong></span> <span class='ocrx_word' id='word_1_230' title='bbox 1187 2831 1326 2886; x_wconf 92' lang='lat' dir='ltr'><strong>enim</strong></span> <span class='ocrx_word' id='word_1_231' title='bbox 1346 2828 1558 2883; x_wconf 90' lang='lat' dir='ltr'><strong>edoceri</strong></span> <span class='ocrx_word' id='word_1_232' title='bbox 1584 2842 1682 2880; x_wconf 91' lang='lat' dir='ltr'><strong>nos</strong></span> <span class='ocrx_word' id='word_1_233' title='bbox 1708 2839 1815 2895; x_wconf 91' lang='lat' dir='ltr'><strong>quo</strong></span> <span class='ocrx_word' id='word_1_234' title='bbox 1835 2833 1991 2894; x_wconf 90' lang='lat' dir='ltr'><strong>pacto</strong></span> 
     </span>
    </p>
   </div>
   <div class='ocr_carea' id='block_1_33' title="bbox 455 2919 1988 2990">
    <p class='ocr_par' dir='ltr' id='par_1_33' title="bbox 455 2919 1988 2990">
     <span class='ocr_line' id='line_1_33' title="bbox 455 2919 1988 2990; baseline -0.008 -6"><span class='ocrx_word' id='word_1_235' title='bbox 455 2927 795 2986; x_wconf 87' lang='lat' dir='ltr'><strong>descenderit</strong></span> <span class='ocrx_word' id='word_1_236' title='bbox 826 2927 1081 2982; x_wconf 89' lang='lat' dir='ltr'><strong>Dominus</strong></span> <span class='ocrx_word' id='word_1_237' title='bbox 1100 2927 1154 2978; x_wconf 90' lang='lat' dir='ltr'><strong>in</strong></span> <span class='ocrx_word' id='word_1_238' title='bbox 1186 2924 1378 2985; x_wconf 86' lang='lat' dir='ltr'><strong>Basan,</strong></span> <span class='ocrx_word' id='word_1_239' title='bbox 1405 2921 1545 2990; x_wconf 93' lang='lat' dir='ltr'><strong>quod</strong></span> <span class='ocrx_word' id='word_1_240' title='bbox 1569 2927 1651 2974; x_wconf 90' lang='lat' dir='ltr'><strong>est</strong></span> <span class='ocrx_word' id='word_1_241' title='bbox 1675 2919 1988 2989; x_wconf 81' lang='lat' dir='ltr'><strong>ignominia,</strong></span> 
     </span>
    </p>
   </div>
   <div class='ocr_carea' id='block_1_34' title="bbox 454 3008 1994 3092">
    <p class='ocr_par' dir='ltr' id='par_1_34' title="bbox 454 3008 1994 3092">
     <span class='ocr_line' id='line_1_34' title="bbox 454 3008 1994 3092; baseline -0.009 -19"><span class='ocrx_word' id='word_1_242' title='bbox 454 3031 508 3074; x_wconf 74' lang='lat' dir='ltr'><strong>rt</strong></span> <span class='ocrx_word' id='word_1_243' title='bbox 537 3018 804 3092; x_wconf 89' lang='lat' dir='ltr'><strong>quomodo</strong></span> <span class='ocrx_word' id='word_1_244' title='bbox 832 3017 1044 3079; x_wconf 78' lang='lat' dir='ltr'><strong>dixerit,</strong></span> <span class='ocrx_word' id='word_1_245' title='bbox 1080 3035 1098 3064; x_wconf 76' lang='grc' dir='ltr'><strong>ι</strong></span> <span class='ocrx_word' id='word_1_246' title='bbox 1133 3014 1452 3069; x_wconf 89' lang='lat' dir='ltr'><strong>Convertam</strong></span> <span class='ocrx_word' id='word_1_247' title='bbox 1483 3027 1550 3065; x_wconf 80' lang='lat' dir='ltr'><strong>ex</strong></span> <span class='ocrx_word' id='word_1_248' title='bbox 1587 3008 1852 3079; x_wconf 90' lang='lat' dir='ltr'><strong>profundo</strong></span> <span class='ocrx_word' id='word_1_249' title='bbox 1881 3023 1994 3060; x_wconf 81' lang='lat' dir='ltr'><strong>ma-</strong></span> 
     </span>
    </p>
   </div>
   <div class='ocr_carea' id='block_1_35' title="bbox 2067 562 3593 658">
    <p class='ocr_par' dir='ltr' id='par_1_35' title="bbox 2067 562 3593 658">
     <span class='ocr_line' id='line_1_35' title="bbox 2067 562 3593 658; baseline -0.022 -17"><span class='ocrx_word' id='word_1_250' title='bbox 2067 589 2273 658; x_wconf 82' lang='grc' dir='ltr'><strong>χόρτος,</strong></span> <span class='ocrx_word' id='word_1_251' title='bbox 2294 562 2396 636; x_wconf 70' lang='grc' dir='ltr'><strong>καὶ</strong></span> <span class='ocrx_word' id='word_1_252' title='bbox 2420 583 2566 633; x_wconf 76' lang='grc' dir='ltr'>πᾶσα</span> <span class='ocrx_word' id='word_1_253' title='bbox 2595 576 2722 639; x_wconf 81' lang='grc' dir='ltr'>δόξα</span> <span class='ocrx_word' id='word_1_254' title='bbox 2755 571 2931 641; x_wconf 76' lang='grc' dir='ltr'>αὐτῆς</span> <span class='ocrx_word' id='word_1_255' title='bbox 2961 568 3040 630; x_wconf 85' lang='grc' dir='ltr'>ὡς</span> <span class='ocrx_word' id='word_1_256' title='bbox 3079 564 3236 626; x_wconf 77' lang='grc' dir='ltr'>ἄνθος</span> <span class='ocrx_word' id='word_1_257' title='bbox 3261 562 3593 658; x_wconf 42' lang='grc' dir='ltr'>χόρτουζέξη-</span> 
     </span>
    </p>
   </div>
   <div class='ocr_carea' id='block_1_36' title="bbox 2072 644 3595 750">
    <p class='ocr_par' dir='ltr' id='par_1_36' title="bbox 2072 644 3595 750">
     <span class='ocr_line' id='line_1_36' title="bbox 2072 644 3595 750; baseline -0.018 -18"><span class='ocrx_word' id='word_1_258' title='bbox 2072 644 2296 750; x_wconf 44' lang='lat' dir='ltr'><strong>Selene</strong></span> <span class='ocrx_word' id='word_1_259' title='bbox 2337 673 2548 744; x_wconf 84' lang='grc' dir='ltr'><strong>χόρτος,</strong></span> <span class='ocrx_word' id='word_1_260' title='bbox 2580 670 2672 720; x_wconf 77' lang='grc' dir='ltr'><strong>καὶ</strong></span> <span class='ocrx_word' id='word_1_261' title='bbox 2700 666 2763 717; x_wconf 83' lang='grc' dir='ltr'><strong>τὸ</strong></span> <span class='ocrx_word' id='word_1_262' title='bbox 2805 660 2972 721; x_wconf 76' lang='grc' dir='ltr'>ἄνθος</span> <span class='ocrx_word' id='word_1_263' title='bbox 2999 656 3227 722; x_wconf 77' lang='grc' dir='ltr'>ἐξέπεσε</span> <span class='ocrx_word' id='word_1_264' title='bbox 3251 670 3265 684; x_wconf 74' lang='grc' dir='ltr'><strong>ο</strong></span> <span class='ocrx_word' id='word_1_265' title='bbox 3301 672 3319 704; x_wconf 75' lang='grc' dir='ltr'><strong>ι</strong></span> <span class='ocrx_word' id='word_1_266' title='bbox 3367 651 3427 704; x_wconf 81' lang='grc' dir='ltr'>δι’</span> <span class='ocrx_word' id='word_1_267' title='bbox 3449 644 3513 704; x_wconf 73' lang='grc' dir='ltr'>ὧν</span> <span class='ocrx_word' id='word_1_268' title='bbox 3547 653 3595 704; x_wconf 82' lang='grc' dir='ltr'>τὺ</span> 
     </span>
    </p>
   </div>
   <div class='ocr_carea' id='block_1_37' title="bbox 2068 742 3599 840">
    <p class='ocr_par' dir='ltr' id='par_1_37' title="bbox 2068 742 3599 840">
     <span class='ocr_line' id='line_1_37' title="bbox 2068 742 3599 840; baseline -0.021 -17"><span class='ocrx_word' id='word_1_269' title='bbox 2068 742 2202 840; x_wconf 75' lang='grc' dir='ltr'>πρὸς</span> <span class='ocrx_word' id='word_1_270' title='bbox 2227 742 2445 837; x_wconf 25' lang='grc' dir='ltr'>*βραχύν</span> <span class='ocrx_word' id='word_1_271' title='bbox 2473 777 2590 814; x_wconf 90' lang='grc' dir='ltr'>τινα</span> <span class='ocrx_word' id='word_1_272' title='bbox 2629 757 2820 827; x_wconf 87' lang='grc' dir='ltr'>χρόνον</span> <span class='ocrx_word' id='word_1_273' title='bbox 2855 749 3102 818; x_wconf 80' lang='grc' dir='ltr'>ἀνθῆσαν</span> <span class='ocrx_word' id='word_1_274' title='bbox 3131 744 3224 797; x_wconf 67' lang='grc' dir='ltr'><strong>καὶ</strong></span> <span class='ocrx_word' id='word_1_275' title='bbox 3255 744 3442 813; x_wconf 83' lang='grc' dir='ltr'>ὡραῖον</span> <span class='ocrx_word' id='word_1_276' title='bbox 3465 742 3599 809; x_wconf 74' lang='grc' dir='ltr'>ὁφθὲν</span> 
     </span>
    </p>
   </div>
   <div class='ocr_carea' id='block_1_38' title="bbox 2069 832 3602 930">
    <p class='ocr_par' dir='ltr' id='par_1_38' title="bbox 2069 832 3602 930">
     <span class='ocr_line' id='line_1_38' title="bbox 2069 832 3602 930; baseline -0.02 -17"><span class='ocrx_word' id='word_1_277' title='bbox 2069 832 2165 930; x_wconf 56' lang='grc' dir='ltr'><strong>της</strong></span> <span class='ocrx_word' id='word_1_278' title='bbox 2193 832 2506 926; x_wconf 78' lang='grc' dir='ltr'>σωματικῆς</span> <span class='ocrx_word' id='word_1_279' title='bbox 2539 848 2808 902; x_wconf 78' lang='grc' dir='ltr'><strong>Ἰουδαίων</strong></span> <span class='ocrx_word' id='word_1_280' title='bbox 2855 836 3158 911; x_wconf 88' lang='grc' dir='ltr'>θρησκείας</span> <span class='ocrx_word' id='word_1_281' title='bbox 3201 835 3371 905; x_wconf 78' lang='grc' dir='ltr'>χόρτῳ</span> <span class='ocrx_word' id='word_1_282' title='bbox 3405 832 3490 886; x_wconf 72' lang='grc' dir='ltr'><strong>καὶ</strong></span> <span class='ocrx_word' id='word_1_283' title='bbox 3525 833 3602 898; x_wconf 78' lang='grc' dir='ltr'><strong>ἆν-</strong></span> 
     </span>
    </p>
   </div>
   <div class='ocr_carea' id='block_1_39' title="bbox 2071 923 3603 1004">
    <p class='ocr_par' dir='ltr' id='par_1_39' title="bbox 2071 923 3603 1004">
     <span class='ocr_line' id='line_1_39' title="bbox 2071 923 3603 1004; baseline -0.018 -4"><span class='ocrx_word' id='word_1_284' title='bbox 2071 923 2216 1000; x_wconf 27' lang='grc' dir='ltr'>θετσιν</span> <span class='ocrx_word' id='word_1_285' title='bbox 2262 923 2565 1004; x_wconf 77' lang='grc' dir='ltr'>ἀπεικάζει.</span> <span class='ocrx_word' id='word_1_286' title='bbox 2602 937 2711 989; x_wconf 79' lang='grc' dir='ltr'>Καὶ</span> <span class='ocrx_word' id='word_1_287' title='bbox 2756 932 2846 985; x_wconf 83' lang='grc' dir='ltr'><strong>διὰ</strong></span> <span class='ocrx_word' id='word_1_288' title='bbox 2889 929 3003 981; x_wconf 84' lang='grc' dir='ltr'><strong>τῶν</strong></span> <span class='ocrx_word' id='word_1_289' title='bbox 3049 924 3414 996; x_wconf 76' lang='grc' dir='ltr'>προκειμένων</span> <span class='ocrx_word' id='word_1_290' title='bbox 3455 923 3603 973; x_wconf 81' lang='grc' dir='ltr'>τοίνυν</span> 
     </span>
    </p>
   </div>
   <div class='ocr_carea' id='block_1_40' title="bbox 2071 1013 3604 1111">
    <p class='ocr_par' dir='ltr' id='par_1_40' title="bbox 2071 1013 3604 1111">
     <span class='ocr_line' id='line_1_40' title="bbox 2071 1013 3604 1111; baseline -0.022 -15"><span class='ocrx_word' id='word_1_291' title='bbox 2071 1041 2165 1111; x_wconf 79' lang='grc' dir='ltr'>τὴν</span> <span class='ocrx_word' id='word_1_292' title='bbox 2195 1039 2473 1093; x_wconf 84' lang='grc' dir='ltr'>ἀλλοίωσιν</span> <span class='ocrx_word' id='word_1_293' title='bbox 2504 1033 2597 1086; x_wconf 72' lang='grc' dir='ltr'>καὶ</span> <span class='ocrx_word' id='word_1_294' title='bbox 2627 1031 2728 1099; x_wconf 71' lang='grc' dir='ltr'><strong>τὴν</strong></span> <span class='ocrx_word' id='word_1_295' title='bbox 2765 1025 2858 1078; x_wconf 72' lang='grc' dir='ltr'><strong>ἐπὶ</strong></span> <span class='ocrx_word' id='word_1_296' title='bbox 2900 1023 2964 1075; x_wconf 83' lang='grc' dir='ltr'><strong>τὸ</strong></span> <span class='ocrx_word' id='word_1_297' title='bbox 2994 1023 3175 1090; x_wconf 85' lang='grc' dir='ltr'>χεῖρον</span> <span class='ocrx_word' id='word_1_298' title='bbox 3227 1013 3501 1088; x_wconf 80' lang='grc' dir='ltr'>μεταϐολὴν</span> <span class='ocrx_word' id='word_1_299' title='bbox 3525 1015 3604 1111; x_wconf 57' lang='grc' dir='ltr'><strong>της</strong></span> 
     </span>
    </p>
   </div>
   <div class='ocr_carea' id='block_1_41' title="bbox 2072 1101 3604 1198">
    <p class='ocr_par' dir='ltr' id='par_1_41' title="bbox 2072 1101 3604 1198">
     <span class='ocr_line' id='line_1_41' title="bbox 2072 1101 3604 1198; baseline -0.02 -13"><span class='ocrx_word' id='word_1_300' title='bbox 2072 1101 2235 1198; x_wconf 75' lang='grc' dir='ltr'>ἄνθης</span> <span class='ocrx_word' id='word_1_301' title='bbox 2264 1128 2378 1198; x_wconf 83' lang='lat' dir='ltr'><strong>(sic)</strong></span> <span class='ocrx_word' id='word_1_302' title='bbox 2423 1123 2600 1178; x_wconf 79' lang='grc' dir='ltr'>αὐτῶν</span> <span class='ocrx_word' id='word_1_303' title='bbox 2646 1117 2952 1188; x_wconf 78' lang='grc' dir='ltr'>παρίστησι</span> <span class='ocrx_word' id='word_1_304' title='bbox 2999 1110 3204 1182; x_wconf 81' lang='grc' dir='ltr'>προῖὼν</span> <span class='ocrx_word' id='word_1_305' title='bbox 3232 1110 3259 1160; x_wconf 91' lang='lat'><strong>6</strong></span> <span class='ocrx_word' id='word_1_306' title='bbox 3284 1107 3430 1198; x_wconf 84' lang='grc' dir='ltr'>λόγος</span> <span class='ocrx_word' id='word_1_307' title='bbox 3469 1108 3516 1157; x_wconf 84' lang='grc' dir='ltr'><strong>ἐν</strong></span> <span class='ocrx_word' id='word_1_308' title='bbox 3543 1101 3604 1167; x_wconf 73' lang='grc' dir='ltr'>οἷς</span> 
     </span>
    </p>
   </div>
   <div class='ocr_carea' id='block_1_42' title="bbox 2075 1194 3607 1288">
    <p class='ocr_par' dir='ltr' id='par_1_42' title="bbox 2075 1194 3607 1288">
     <span class='ocr_line' id='line_1_42' title="bbox 2075 1194 3607 1288; baseline -0.019 -15"><span class='ocrx_word' id='word_1_309' title='bbox 2075 1194 2204 1288; x_wconf 76' lang='grc' dir='ltr'>φησι</span> <span class='ocrx_word' id='word_1_310' title='bbox 2225 1237 2238 1248; x_wconf 90' lang='grc'><strong>·</strong></span> <span class='ocrx_word' id='word_1_311' title='bbox 2273 1194 2296 1268; x_wconf 57' lang='grc' dir='ltr'><strong>⁷ι</strong></span> <span class='ocrx_word' id='word_1_312' title='bbox 2330 1194 2683 1284; x_wconf 76' lang='grc' dir='ltr'>Γενηθήτωοὴ</span> <span class='ocrx_word' id='word_1_313' title='bbox 2709 1203 2967 1274; x_wconf 81' lang='grc' dir='ltr'>τράπεζα</span> <span class='ocrx_word' id='word_1_314' title='bbox 3010 1200 3192 1255; x_wconf 73' lang='grc' dir='ltr'>αὐτῶν</span> <span class='ocrx_word' id='word_1_315' title='bbox 3225 1195 3440 1250; x_wconf 85' lang='grc' dir='ltr'>ἐνώπιον</span> <span class='ocrx_word' id='word_1_316' title='bbox 3464 1194 3607 1246; x_wconf 76' lang='grc' dir='ltr'>αὐτῶν</span> 
     </span>
    </p>
   </div>
   <div class='ocr_carea' id='block_1_43' title="bbox 2075 1283 3604 1374">
    <p class='ocr_par' dir='ltr' id='par_1_43' title="bbox 2075 1283 3604 1374">
     <span class='ocr_line' id='line_1_43' title="bbox 2075 1283 3604 1374; baseline -0.019 -13"><span class='ocrx_word' id='word_1_317' title='bbox 2075 1283 2152 1371; x_wconf 76' lang='grc' dir='ltr'><strong>εἰς</strong></span> <span class='ocrx_word' id='word_1_318' title='bbox 2181 1305 2380 1374; x_wconf 83' lang='grc' dir='ltr'>παγίδα</span> <span class='ocrx_word' id='word_1_319' title='bbox 2421 1283 2513 1355; x_wconf 78' lang='grc' dir='ltr'><strong>καὶ</strong></span> <span class='ocrx_word' id='word_1_320' title='bbox 2548 1302 2628 1361; x_wconf 87' lang='grc' dir='ltr'><strong>είς</strong></span> <span class='ocrx_word' id='word_1_321' title='bbox 2673 1293 3040 1349; x_wconf 77' lang='grc' dir='ltr'>ἀνταπόδοσιν</span> <span class='ocrx_word' id='word_1_322' title='bbox 3081 1289 3175 1341; x_wconf 69' lang='grc' dir='ltr'><strong>καὶ</strong></span> <span class='ocrx_word' id='word_1_323' title='bbox 3223 1289 3300 1349; x_wconf 82' lang='grc' dir='ltr'>εἰς</span> <span class='ocrx_word' id='word_1_324' title='bbox 3341 1283 3604 1337; x_wconf 82' lang='grc' dir='ltr'>σκάνδαλον.</span> 
     </span>
    </p>
   </div>
   <div class='ocr_carea' id='block_1_44' title="bbox 2076 1373 3604 1465">
    <p class='ocr_par' dir='ltr' id='par_1_44' title="bbox 2076 1373 3604 1465">
     <span class='ocr_line' id='line_1_44' title="bbox 2076 1373 3604 1465; baseline -0.019 -14"><span class='ocrx_word' id='word_1_325' title='bbox 2076 1373 2512 1465; x_wconf 84' lang='grc' dir='ltr'>Σκοτισθήτωσαν</span> <span class='ocrx_word' id='word_1_326' title='bbox 2540 1393 2590 1443; x_wconf 90' lang='grc' dir='ltr'><strong>οί</strong></span> <span class='ocrx_word' id='word_1_327' title='bbox 2615 1386 2894 1456; x_wconf 68' lang='grc' dir='ltr'>ὀφθαλμοὶ</span> <span class='ocrx_word' id='word_1_328' title='bbox 2921 1379 3104 1435; x_wconf 77' lang='grc' dir='ltr'>αὐτῶν</span> <span class='ocrx_word' id='word_1_329' title='bbox 3129 1378 3221 1430; x_wconf 73' lang='grc' dir='ltr'>τοῦ</span> <span class='ocrx_word' id='word_1_330' title='bbox 3256 1375 3327 1445; x_wconf 78' lang='grc' dir='ltr'>μὴ</span> <span class='ocrx_word' id='word_1_331' title='bbox 3363 1373 3567 1443; x_wconf 78' lang='grc' dir='ltr'><strong>βλέπειν,</strong></span> <span class='ocrx_word' id='word_1_332' title='bbox 3591 1393 3604 1421; x_wconf 69' lang='grc' dir='ltr'><strong>ι</strong></span> 
     </span>
    </p>
   </div>
   <div class='ocr_carea' id='block_1_45' title="bbox 2076 1463 3610 1552">
    <p class='ocr_par' dir='ltr' id='par_1_45' title="bbox 2076 1463 3610 1552">
     <span class='ocr_line' id='line_1_45' title="bbox 2076 1463 3610 1552; baseline -0.019 -12"><span class='ocrx_word' id='word_1_333' title='bbox 2076 1487 2168 1540; x_wconf 74' lang='grc' dir='ltr'><strong>καὶ</strong></span> <span class='ocrx_word' id='word_1_334' title='bbox 2191 1486 2257 1538; x_wconf 79' lang='grc' dir='ltr'><strong>τά</strong></span> <span class='ocrx_word' id='word_1_335' title='bbox 2280 1463 2422 1552; x_wconf 75' lang='grc' dir='ltr'>ἑξῆς.</span> <span class='ocrx_word' id='word_1_336' title='bbox 2449 1482 2558 1535; x_wconf 76' lang='grc' dir='ltr'><strong>Καὶ</strong></span> <span class='ocrx_word' id='word_1_337' title='bbox 2587 1476 2894 1546; x_wconf 78' lang='grc' dir='ltr'>ἐπειδήπερ</span> <span class='ocrx_word' id='word_1_338' title='bbox 2933 1472 3165 1542; x_wconf 79' lang='grc' dir='ltr'>μακροῖς</span> <span class='ocrx_word' id='word_1_339' title='bbox 3193 1466 3409 1534; x_wconf 72' lang='grc' dir='ltr'>ὕστερον</span> <span class='ocrx_word' id='word_1_340' title='bbox 3438 1463 3610 1532; x_wconf 75' lang='grc' dir='ltr'>χρόνοις</span> 
     </span>
    </p>
   </div>
   <div class='ocr_carea' id='block_1_46' title="bbox 2076 1552 3610 1643">
    <p class='ocr_par' dir='ltr' id='par_1_46' title="bbox 2076 1552 3610 1643">
     <span class='ocr_line' id='line_1_46' title="bbox 2076 1552 3610 1643; baseline -0.018 -14"><span class='ocrx_word' id='word_1_341' title='bbox 2076 1576 2246 1630; x_wconf 77' lang='grc' dir='ltr'>ταῦτα</span> <span class='ocrx_word' id='word_1_342' title='bbox 2276 1575 2338 1626; x_wconf 82' lang='grc' dir='ltr'>δι’</span> <span class='ocrx_word' id='word_1_343' title='bbox 2368 1573 2541 1643; x_wconf 76' lang='grc' dir='ltr'>ἔργων</span> <span class='ocrx_word' id='word_1_344' title='bbox 2573 1569 2773 1638; x_wconf 86' lang='grc' dir='ltr'>χωρεῖν</span> <span class='ocrx_word' id='word_1_345' title='bbox 2803 1562 3054 1634; x_wconf 79' lang='grc' dir='ltr'>ἔμελλον,</span> <span class='ocrx_word' id='word_1_346' title='bbox 3079 1555 3382 1624; x_wconf 77' lang='grc' dir='ltr'>ἀναγκαίως</span> <span class='ocrx_word' id='word_1_347' title='bbox 3415 1571 3433 1603; x_wconf 80' lang='grc' dir='ltr'><strong>ι</strong></span> <span class='ocrx_word' id='word_1_348' title='bbox 3463 1554 3546 1614; x_wconf 75' lang='lat' dir='ltr'><strong>Ei;-</strong></span> <span class='ocrx_word' id='word_1_349' title='bbox 3566 1552 3610 1602; x_wconf 70' lang='grc' dir='ltr'>τὸ</span> 
     </span>
    </p>
   </div>
   <div class='ocr_carea' id='block_1_47' title="bbox 2079 1643 3609 1732">
    <p class='ocr_par' dir='ltr' id='par_1_47' title="bbox 2079 1643 3609 1732">
     <span class='ocr_line' id='line_1_47' title="bbox 2079 1643 3609 1732; baseline -0.017 -13"><span class='ocrx_word' id='word_1_350' title='bbox 2079 1667 2224 1728; x_wconf 85' lang='grc' dir='ltr'>τέλος</span> <span class='ocrx_word' id='word_1_351' title='bbox 2262 1685 2278 1714; x_wconf 76' lang='grc' dir='ltr'><strong>ι</strong></span> <span class='ocrx_word' id='word_1_352' title='bbox 2315 1661 2753 1732; x_wconf 76' lang='grc' dir='ltr'>προγέγραπται.</span> <span class='ocrx_word' id='word_1_353' title='bbox 2792 1653 2938 1706; x_wconf 72' lang='grc' dir='ltr'>Οὔτε</span> <span class='ocrx_word' id='word_1_354' title='bbox 2987 1652 3046 1703; x_wconf 75' lang='grc' dir='ltr'>δὲ</span> <span class='ocrx_word' id='word_1_355' title='bbox 3090 1648 3301 1717; x_wconf 72' lang='grc' dir='ltr'>ψαλμός</span> <span class='ocrx_word' id='word_1_356' title='bbox 3331 1648 3484 1706; x_wconf 83' lang='grc' dir='ltr'>ἐστιν,</span> <span class='ocrx_word' id='word_1_357' title='bbox 3517 1643 3609 1695; x_wconf 72' lang='grc' dir='ltr'>οὔτε</span> 
     </span>
    </p>
   </div>
   <div class='ocr_carea' id='block_1_48' title="bbox 2080 1735 3612 1826">
    <p class='ocr_par' dir='ltr' id='par_1_48' title="bbox 2080 1735 3612 1826">
     <span class='ocr_line' id='line_1_48' title="bbox 2080 1735 3612 1826; baseline -0.016 -18"><span class='ocrx_word' id='word_1_358' title='bbox 2080 1757 2204 1826; x_wconf 76' lang='grc' dir='ltr'>ᾠδὴ,</span> <span class='ocrx_word' id='word_1_359' title='bbox 2237 1754 2356 1806; x_wconf 66' lang='grc' dir='ltr'>οὔτε</span> <span class='ocrx_word' id='word_1_360' title='bbox 2401 1753 2586 1820; x_wconf 72' lang='grc' dir='ltr'>ὕμνος,</span> <span class='ocrx_word' id='word_1_361' title='bbox 2610 1747 2734 1800; x_wconf 72' lang='grc' dir='ltr'>οὔτε</span> <span class='ocrx_word' id='word_1_362' title='bbox 2779 1763 2835 1798; x_wconf 91' lang='grc' dir='ltr'><strong>τι</strong></span> <span class='ocrx_word' id='word_1_363' title='bbox 2881 1741 3126 1795; x_wconf 74' lang='grc' dir='ltr'>τοιοῦτον</span> <span class='ocrx_word' id='word_1_364' title='bbox 3149 1757 3164 1769; x_wconf 72' lang='grc' dir='ltr'><strong>ο</strong></span> <span class='ocrx_word' id='word_1_365' title='bbox 3193 1738 3311 1790; x_wconf 75' lang='grc' dir='ltr'>ἐπεὶ</span> <span class='ocrx_word' id='word_1_366' title='bbox 3353 1735 3474 1806; x_wconf 77' lang='grc' dir='ltr'>μηδὲ</span> <span class='ocrx_word' id='word_1_367' title='bbox 3513 1750 3612 1787; x_wconf 78' lang='grc' dir='ltr'>κατ-</span> 
     </span>
    </p>
   </div>
   <div class='ocr_carea' id='block_1_49' title="bbox 2082 1822 3612 1914">
    <p class='ocr_par' dir='ltr' id='par_1_49' title="bbox 2082 1822 3612 1914">
     <span class='ocr_line' id='line_1_49' title="bbox 2082 1822 3612 1914; baseline -0.016 -16"><span class='ocrx_word' id='word_1_368' title='bbox 2082 1822 2278 1914; x_wconf 76' lang='grc' dir='ltr'>άλληλα</span> <span class='ocrx_word' id='word_1_369' title='bbox 2304 1841 2369 1913; x_wconf 83' lang='grc' dir='ltr'>ἦν</span> <span class='ocrx_word' id='word_1_370' title='bbox 2415 1841 2482 1893; x_wconf 81' lang='grc' dir='ltr'><strong>τά</strong></span> <span class='ocrx_word' id='word_1_371' title='bbox 2515 1837 2888 1906; x_wconf 85' lang='grc' dir='ltr'>ἐπιλεγόμενα.</span> <span class='ocrx_word' id='word_1_372' title='bbox 2948 1831 3176 1900; x_wconf 77' lang='grc' dir='ltr'>τοιαύτῃ</span> <span class='ocrx_word' id='word_1_373' title='bbox 3217 1827 3509 1899; x_wconf 74' lang='grc' dir='ltr'>προγραφῇ.</span> <span class='ocrx_word' id='word_1_374' title='bbox 3545 1822 3612 1875; x_wconf 75' lang='grc' dir='ltr'><strong>Διὸ</strong></span> 
     </span>
    </p>
   </div>
   <div class='ocr_carea' id='block_1_50' title="bbox 2081 1915 3612 2002">
    <p class='ocr_par' dir='ltr' id='par_1_50' title="bbox 2081 1915 3612 2002">
     <span class='ocr_line' id='line_1_50' title="bbox 2081 1915 3612 2002; baseline -0.016 -14"><span class='ocrx_word' id='word_1_375' title='bbox 2081 1937 2251 1996; x_wconf 80' lang='grc' dir='ltr'>εἴποις</span> <span class='ocrx_word' id='word_1_376' title='bbox 2300 1933 2361 1985; x_wconf 83' lang='grc' dir='ltr'>ἂν</span> <span class='ocrx_word' id='word_1_377' title='bbox 2413 1929 2752 2002; x_wconf 79' lang='grc' dir='ltr'>προφητείαν</span> <span class='ocrx_word' id='word_1_378' title='bbox 2804 1929 2871 1978; x_wconf 86' lang='grc' dir='ltr'><strong>ἐκ</strong></span> <span class='ocrx_word' id='word_1_379' title='bbox 2919 1922 3216 1994; x_wconf 83' lang='grc' dir='ltr'>προσώπου</span> <span class='ocrx_word' id='word_1_380' title='bbox 3260 1917 3349 1970; x_wconf 80' lang='grc' dir='ltr'>τοῦ</span> <span class='ocrx_word' id='word_1_381' title='bbox 3407 1915 3612 1985; x_wconf 81' lang='grc' dir='ltr'>Σωτῆρος</span> 
     </span>
    </p>
   </div>
   <div class='ocr_carea' id='block_1_51' title="bbox 2082 2008 3613 2096">
    <p class='ocr_par' dir='ltr' id='par_1_51' title="bbox 2082 2008 3613 2096">
     <span class='ocr_line' id='line_1_51' title="bbox 2082 2008 3613 2096; baseline -0.014 -18"><span class='ocrx_word' id='word_1_382' title='bbox 2082 2026 2233 2096; x_wconf 77' lang='grc' dir='ltr'>ἡμῶν</span> <span class='ocrx_word' id='word_1_383' title='bbox 2263 2023 2543 2086; x_wconf 82' lang='grc' dir='ltr'>διεξιόντος</span> <span class='ocrx_word' id='word_1_384' title='bbox 2605 2019 2674 2070; x_wconf 80' lang='grc' dir='ltr'>τὰ</span> <span class='ocrx_word' id='word_1_385' title='bbox 2709 2016 2844 2086; x_wconf 70' lang='grc' dir='ltr'>περὶ</span> <span class='ocrx_word' id='word_1_386' title='bbox 2879 2014 3047 2067; x_wconf 77' lang='grc' dir='ltr'>αὐτὸν</span> <span class='ocrx_word' id='word_1_387' title='bbox 3087 2008 3473 2080; x_wconf 82' lang='grc' dir='ltr'>συμϐεϐηκότα,</span> <span class='ocrx_word' id='word_1_388' title='bbox 3514 2021 3613 2074; x_wconf 79' lang='grc' dir='ltr'>προ-</span> 
     </span>
    </p>
   </div>
   <div class='ocr_carea' id='block_1_52' title="bbox 2081 2098 3612 2186">
    <p class='ocr_par' dir='ltr' id='par_1_52' title="bbox 2081 2098 3612 2186">
     <span class='ocr_line' id='line_1_52' title="bbox 2081 2098 3612 2186; baseline -0.014 -15"><span class='ocrx_word' id='word_1_389' title='bbox 2081 2115 2419 2186; x_wconf 77' lang='grc' dir='ltr'>αναιρὼνησίν</span> <span class='ocrx_word' id='word_1_390' title='bbox 2460 2131 2518 2166; x_wconf 88' lang='grc' dir='ltr'><strong>τε</strong></span> <span class='ocrx_word' id='word_1_391' title='bbox 2563 2112 2672 2164; x_wconf 82' lang='grc' dir='ltr'><strong>τῶν</strong></span> <span class='ocrx_word' id='word_1_392' title='bbox 2724 2109 3008 2169; x_wconf 79' lang='grc' dir='ltr'>Ἰουδαίοις</span> <span class='ocrx_word' id='word_1_393' title='bbox 3031 2104 3360 2158; x_wconf 78' lang='grc' dir='ltr'>ἐπελθόντων</span> <span class='ocrx_word' id='word_1_394' title='bbox 3410 2099 3525 2171; x_wconf 81' lang='grc' dir='ltr'><strong>μετά</strong></span> <span class='ocrx_word' id='word_1_395' title='bbox 3564 2098 3612 2151; x_wconf 69' lang='grc' dir='ltr'><strong>τά</strong></span> 
     </span>
    </p>
   </div>
   <div class='ocr_carea' id='block_1_53' title="bbox 2083 2185 3611 2270">
    <p class='ocr_par' dir='ltr' id='par_1_53' title="bbox 2083 2185 3611 2270">
     <span class='ocr_line' id='line_1_53' title="bbox 2083 2185 3611 2270; baseline -0.014 -10"><span class='ocrx_word' id='word_1_396' title='bbox 2083 2207 2197 2260; x_wconf 85' lang='grc' dir='ltr'>κατ’</span> <span class='ocrx_word' id='word_1_397' title='bbox 2233 2185 2424 2265; x_wconf 75' lang='grc' dir='ltr'>αὐτοὺς</span> <span class='ocrx_word' id='word_1_398' title='bbox 2462 2198 2870 2270; x_wconf 76' lang='grc' dir='ltr'>τετολμημένα.</span> <span class='ocrx_word' id='word_1_399' title='bbox 2910 2195 3243 2265; x_wconf 85' lang='grc' dir='ltr'>Ἀρχόμενος</span> <span class='ocrx_word' id='word_1_400' title='bbox 3272 2191 3315 2243; x_wconf 77' lang='grc' dir='ltr'>δ’</span> <span class='ocrx_word' id='word_1_401' title='bbox 3345 2185 3430 2243; x_wconf 78' lang='grc' dir='ltr'><strong>οὖν</strong></span> <span class='ocrx_word' id='word_1_402' title='bbox 3470 2190 3494 2240; x_wconf 89' lang='lat'><strong>6</strong></span> <span class='ocrx_word' id='word_1_403' title='bbox 3526 2188 3611 2238; x_wconf 86' lang='grc' dir='ltr'><strong>Σω-</strong></span> 
     </span>
    </p>
   </div>
   <div class='ocr_carea' id='block_1_54' title="bbox 2082 2275 3593 2369">
    <p class='ocr_par' dir='ltr' id='par_1_54' title="bbox 2082 2275 3593 2369">
     <span class='ocr_line' id='line_1_54' title="bbox 2082 2275 3593 2369; baseline -0.016 -19"><span class='ocrx_word' id='word_1_404' title='bbox 2082 2298 2203 2369; x_wconf 79' lang='grc' dir='ltr'>τὴρ,</span> <span class='ocrx_word' id='word_1_405' title='bbox 2229 2297 2392 2366; x_wconf 76' lang='grc' dir='ltr'>εὐχὴν</span> <span class='ocrx_word' id='word_1_406' title='bbox 2417 2292 2734 2360; x_wconf 80' lang='grc' dir='ltr'>ἀναπέμπει</span> <span class='ocrx_word' id='word_1_407' title='bbox 2761 2286 2905 2357; x_wconf 83' lang='grc' dir='ltr'>πρὸς</span> <span class='ocrx_word' id='word_1_408' title='bbox 2937 2284 3032 2336; x_wconf 77' lang='grc' dir='ltr'><strong>τὸν</strong></span> <span class='ocrx_word' id='word_1_409' title='bbox 3058 2282 3276 2352; x_wconf 86' lang='grc' dir='ltr'>Πατέρα</span> <span class='ocrx_word' id='word_1_410' title='bbox 3293 2279 3451 2346; x_wconf 84' lang='grc' dir='ltr'>λέγων</span> <span class='ocrx_word' id='word_1_411' title='bbox 3471 2295 3485 2308; x_wconf 74' lang='grc' dir='ltr'><strong>ο</strong></span> <span class='ocrx_word' id='word_1_412' title='bbox 3509 2275 3593 2327; x_wconf 62' lang='lat' dir='ltr'><strong>«at</strong></span> 
     </span>
    </p>
   </div>
   <div class='ocr_carea' id='block_1_55' title="bbox 2087 2366 3614 2458">
    <p class='ocr_par' dir='ltr' id='par_1_55' title="bbox 2087 2366 3614 2458">
     <span class='ocr_line' id='line_1_55' title="bbox 2087 2366 3614 2458; baseline -0.016 -15"><span class='ocrx_word' id='word_1_413' title='bbox 2087 2366 2176 2444; x_wconf 85' lang='grc' dir='ltr'><strong>σόν</strong></span> <span class='ocrx_word' id='word_1_414' title='bbox 2231 2406 2316 2458; x_wconf 91' lang='grc' dir='ltr'><strong>με,</strong></span> <span class='ocrx_word' id='word_1_415' title='bbox 2365 2388 2392 2438; x_wconf 89' lang='lat'><strong>6</strong></span> <span class='ocrx_word' id='word_1_416' title='bbox 2444 2383 2596 2445; x_wconf 82' lang='grc' dir='ltr'>Θεὸς,</span> <span class='ocrx_word' id='word_1_417' title='bbox 2646 2382 2734 2433; x_wconf 82' lang='grc' dir='ltr'><strong>ὅτι</strong></span> <span class='ocrx_word' id='word_1_418' title='bbox 2785 2375 3114 2446; x_wconf 82' lang='grc' dir='ltr'>εἱσήλθοσαν</span> <span class='ocrx_word' id='word_1_419' title='bbox 3167 2373 3330 2424; x_wconf 72' lang='grc' dir='ltr'>ὕδατα</span> <span class='ocrx_word' id='word_1_420' title='bbox 3357 2369 3452 2430; x_wconf 72' lang='grc' dir='ltr'><strong>ἕως</strong></span> <span class='ocrx_word' id='word_1_421' title='bbox 3477 2366 3614 2436; x_wconf 69' lang='grc' dir='ltr'>ψυχῆς</span> 
     </span>
    </p>
   </div>
   <div class='ocr_carea' id='block_1_56' title="bbox 2091 2453 3614 2551">
    <p class='ocr_par' dir='ltr' id='par_1_56' title="bbox 2091 2453 3614 2551">
     <span class='ocr_line' id='line_1_56' title="bbox 2091 2453 3614 2551; baseline -0.018 -20"><span class='ocrx_word' id='word_1_422' title='bbox 2091 2497 2208 2551; x_wconf 85' lang='grc' dir='ltr'>μου.</span> <span class='ocrx_word' id='word_1_423' title='bbox 2250 2496 2268 2528; x_wconf 73' lang='grc' dir='ltr'><strong>ι</strong></span> <span class='ocrx_word' id='word_1_424' title='bbox 2302 2473 2412 2527; x_wconf 84' lang='grc' dir='ltr'>Καί</span> <span class='ocrx_word' id='word_1_425' title='bbox 2455 2489 2542 2542; x_wconf 89' lang='grc' dir='ltr'><strong>μοι</strong></span> <span class='ocrx_word' id='word_1_426' title='bbox 2581 2470 2735 2522; x_wconf 87' lang='grc' dir='ltr'>δοκεῖ</span> <span class='ocrx_word' id='word_1_427' title='bbox 2777 2465 2926 2519; x_wconf 84' lang='grc' dir='ltr'><strong>κατά</strong></span> <span class='ocrx_word' id='word_1_428' title='bbox 2958 2464 3117 2530; x_wconf 89' lang='grc' dir='ltr'>λόγον</span> <span class='ocrx_word' id='word_1_429' title='bbox 3159 2460 3326 2514; x_wconf 83' lang='grc' dir='ltr'>ταῦτα</span> <span class='ocrx_word' id='word_1_430' title='bbox 3361 2460 3462 2518; x_wconf 83' lang='grc' dir='ltr'>τοῖς</span> <span class='ocrx_word' id='word_1_431' title='bbox 3489 2457 3535 2507; x_wconf 85' lang='grc' dir='ltr'><strong>ἐν</strong></span> <span class='ocrx_word' id='word_1_432' title='bbox 3558 2453 3614 2522; x_wconf 82' lang='grc' dir='ltr'><strong>τῷ</strong></span> 
     </span>
    </p>
   </div>
   <div class='ocr_carea' id='block_1_57' title="bbox 2087 2543 3615 2640">
    <p class='ocr_par' dir='ltr' id='par_1_57' title="bbox 2087 2543 3615 2640">
     <span class='ocr_line' id='line_1_57' title="bbox 2087 2543 3615 2640; baseline -0.016 -18"><span class='ocrx_word' id='word_1_433' title='bbox 2087 2543 2432 2640; x_wconf 77' lang='grc' dir='ltr'>προλεχθέντι</span> <span class='ocrx_word' id='word_1_434' title='bbox 2467 2561 2742 2630; x_wconf 75' lang='grc' dir='ltr'>συνῆφθαι</span> <span class='ocrx_word' id='word_1_435' title='bbox 2790 2555 3017 2626; x_wconf 72' lang='grc' dir='ltr'>ψαλμῷ.</span> <span class='ocrx_word' id='word_1_436' title='bbox 3067 2557 3152 2608; x_wconf 89' lang='grc' dir='ltr'>Ἐν</span> <span class='ocrx_word' id='word_1_437' title='bbox 3196 2551 3380 2620; x_wconf 79' lang='grc' dir='ltr'>ἐκείνῳ</span> <span class='ocrx_word' id='word_1_438' title='bbox 3419 2547 3505 2618; x_wconf 80' lang='grc' dir='ltr'><strong>μὲν</strong></span> <span class='ocrx_word' id='word_1_439' title='bbox 3534 2543 3615 2613; x_wconf 75' lang='grc' dir='ltr'>γὰρ</span> 
     </span>
    </p>
   </div>
   <div class='ocr_carea' id='block_1_58' title="bbox 2087 2635 3615 2722">
    <p class='ocr_par' dir='ltr' id='par_1_58' title="bbox 2087 2635 3615 2722">
     <span class='ocr_line' id='line_1_58' title="bbox 2087 2635 3615 2722; baseline -0.018 -13"><span class='ocrx_word' id='word_1_440' title='bbox 2087 2635 2297 2722; x_wconf 76' lang='grc' dir='ltr'>ἐλέγετο</span> <span class='ocrx_word' id='word_1_441' title='bbox 2318 2669 2331 2682; x_wconf 88' lang='grc'><strong>·</strong></span> <span class='ocrx_word' id='word_1_442' title='bbox 2371 2672 2386 2701; x_wconf 83' lang='grc' dir='ltr'><strong>ι</strong></span> <span class='ocrx_word' id='word_1_443' title='bbox 2420 2647 2552 2702; x_wconf 83' lang='grc' dir='ltr'>Εἷπε</span> <span class='ocrx_word' id='word_1_444' title='bbox 2588 2646 2802 2716; x_wconf 83' lang='grc' dir='ltr'>Κύριος</span> <span class='ocrx_word' id='word_1_445' title='bbox 2825 2661 2840 2674; x_wconf 78' lang='grc'><strong>⁸</strong></span> <span class='ocrx_word' id='word_1_446' title='bbox 2879 2643 2976 2694; x_wconf 85' lang='grc' dir='ltr'><strong>Ἐκ</strong></span> <span class='ocrx_word' id='word_1_447' title='bbox 3007 2641 3186 2693; x_wconf 77' lang='grc' dir='ltr'>Βασὰν</span> <span class='ocrx_word' id='word_1_448' title='bbox 3212 2635 3513 2707; x_wconf 71' lang='grc' dir='ltr'>ἐπιστρέψω,</span> <span class='ocrx_word' id='word_1_449' title='bbox 3534 2635 3615 2682; x_wconf 82' lang='grc' dir='ltr'>ἐπι·</span> 
     </span>
    </p>
   </div>
   <div class='ocr_carea' id='block_1_59' title="bbox 2099 2720 3614 2817">
    <p class='ocr_par' dir='ltr' id='par_1_59' title="bbox 2099 2720 3614 2817">
     <span class='ocr_line' id='line_1_59' title="bbox 2099 2720 3614 2817; baseline -0.017 -17"><span class='ocrx_word' id='word_1_450' title='bbox 2099 2720 2309 2817; x_wconf 69' lang='grc' dir='ltr'>στρέψω</span> <span class='ocrx_word' id='word_1_451' title='bbox 2350 2743 2412 2794; x_wconf 84' lang='grc' dir='ltr'><strong>ἐκ</strong></span> <span class='ocrx_word' id='word_1_452' title='bbox 2459 2738 2635 2808; x_wconf 84' lang='grc' dir='ltr'>βυθῶν</span> <span class='ocrx_word' id='word_1_453' title='bbox 2670 2739 2990 2808; x_wconf 81' lang='grc' dir='ltr'>θαλάσσης·</span> <span class='ocrx_word' id='word_1_454' title='bbox 3027 2754 3046 2786; x_wconf 74' lang='grc' dir='ltr'><strong>ι</strong></span> <span class='ocrx_word' id='word_1_455' title='bbox 3085 2735 3142 2785; x_wconf 86' lang='grc' dir='ltr'><strong>ἐν</strong></span> <span class='ocrx_word' id='word_1_456' title='bbox 3176 2731 3343 2799; x_wconf 80' lang='grc' dir='ltr'>τούτῳ</span> <span class='ocrx_word' id='word_1_457' title='bbox 3367 2728 3438 2787; x_wconf 85' lang='grc' dir='ltr'><strong>δέ,</strong></span> <span class='ocrx_word' id='word_1_458' title='bbox 3472 2744 3488 2775; x_wconf 80' lang='grc' dir='ltr'><strong>ι</strong></span> <span class='ocrx_word' id='word_1_459' title='bbox 3513 2720 3614 2775; x_wconf 84' lang='grc' dir='ltr'><strong>Ἦλ-</strong></span> 
     </span>
    </p>
   </div>
   <div class='ocr_carea' id='block_1_60' title="bbox 2089 2816 3615 2897">
    <p class='ocr_par' dir='ltr' id='par_1_60' title="bbox 2089 2816 3615 2897">
     <span class='ocr_line' id='line_1_60' title="bbox 2089 2816 3615 2897; baseline -0.016 -11"><span class='ocrx_word' id='word_1_460' title='bbox 2089 2816 2177 2888; x_wconf 87' lang='grc' dir='ltr'><strong>θον</strong></span> <span class='ocrx_word' id='word_1_461' title='bbox 2207 2835 2282 2893; x_wconf 86' lang='grc' dir='ltr'><strong>είς</strong></span> <span class='ocrx_word' id='word_1_462' title='bbox 2329 2829 2397 2882; x_wconf 80' lang='grc' dir='ltr'>τὰ</span> <span class='ocrx_word' id='word_1_463' title='bbox 2431 2827 2566 2897; x_wconf 83' lang='grc' dir='ltr'>βάθη</span> <span class='ocrx_word' id='word_1_464' title='bbox 2612 2827 2718 2896; x_wconf 79' lang='grc' dir='ltr'><strong>τῆς</strong></span> <span class='ocrx_word' id='word_1_465' title='bbox 2753 2826 3060 2894; x_wconf 84' lang='grc' dir='ltr'>θαλάσσης,</span> <span class='ocrx_word' id='word_1_466' title='bbox 3120 2822 3214 2874; x_wconf 74' lang='grc' dir='ltr'><strong>καὶ</strong></span> <span class='ocrx_word' id='word_1_467' title='bbox 3256 2816 3486 2884; x_wconf 71' lang='grc' dir='ltr'>καταιγὶς</span> <span class='ocrx_word' id='word_1_468' title='bbox 3517 2827 3615 2864; x_wconf 82' lang='grc' dir='ltr'>κατ-</span> 
     </span>
    </p>
   </div>
   <div class='ocr_carea' id='block_1_61' title="bbox 2088 2902 3615 2989">
    <p class='ocr_par' dir='ltr' id='par_1_61' title="bbox 2088 2902 3615 2989">
     <span class='ocr_line' id='line_1_61' title="bbox 2088 2902 3615 2989; baseline -0.018 -11"><span class='ocrx_word' id='word_1_469' title='bbox 2088 2921 2329 2977; x_wconf 83' lang='grc' dir='ltr'>επόντισέ</span> <span class='ocrx_word' id='word_1_470' title='bbox 2373 2936 2458 2989; x_wconf 88' lang='grc' dir='ltr'><strong>με.</strong></span> <span class='ocrx_word' id='word_1_471' title='bbox 2494 2937 2511 2968; x_wconf 75' lang='grc' dir='ltr'><strong>ι</strong></span> <span class='ocrx_word' id='word_1_472' title='bbox 2549 2916 2703 2968; x_wconf 84' lang='grc' dir='ltr'>Ἔδει</span> <span class='ocrx_word' id='word_1_473' title='bbox 2752 2916 2865 2984; x_wconf 80' lang='grc' dir='ltr'><strong>γὰρ</strong></span> <span class='ocrx_word' id='word_1_474' title='bbox 2899 2916 3048 2985; x_wconf 79' lang='grc' dir='ltr'>ἡμᾶς</span> <span class='ocrx_word' id='word_1_475' title='bbox 3075 2910 3378 2980; x_wconf 83' lang='grc' dir='ltr'>διδαχθῆναι</span> <span class='ocrx_word' id='word_1_476' title='bbox 3420 2903 3519 2966; x_wconf 85' lang='grc' dir='ltr'><strong>πῶς</strong></span> <span class='ocrx_word' id='word_1_477' title='bbox 3556 2902 3615 2961; x_wconf 80' lang='grc' dir='ltr'><strong>είς</strong></span> 
     </span>
    </p>
   </div>
   <div class='ocr_carea' id='block_1_62' title="bbox 2088 2990 3612 3083">
    <p class='ocr_par' dir='ltr' id='par_1_62' title="bbox 2088 2990 3612 3083">
     <span class='ocr_line' id='line_1_62' title="bbox 2088 2990 3612 3083; baseline -0.016 -18"><span class='ocrx_word' id='word_1_478' title='bbox 2088 3015 2183 3083; x_wconf 79' lang='grc' dir='ltr'><strong>τὴν</strong></span> <span class='ocrx_word' id='word_1_479' title='bbox 2212 3009 2386 3062; x_wconf 84' lang='grc' dir='ltr'>Βασὰν</span> <span class='ocrx_word' id='word_1_480' title='bbox 2416 3003 2688 3073; x_wconf 76' lang='grc' dir='ltr'>κατῆλθεν</span> <span class='ocrx_word' id='word_1_481' title='bbox 2729 3006 2760 3056; x_wconf 89' lang='lat'><strong>6</strong></span> <span class='ocrx_word' id='word_1_482' title='bbox 2807 3004 3039 3074; x_wconf 81' lang='grc' dir='ltr'>Κύριος,</span> <span class='ocrx_word' id='word_1_483' title='bbox 3077 3001 3212 3069; x_wconf 83' lang='grc' dir='ltr'>ὅπερ</span> <span class='ocrx_word' id='word_1_484' title='bbox 3244 2998 3381 3049; x_wconf 77' lang='grc' dir='ltr'>ἐστὶν</span> <span class='ocrx_word' id='word_1_485' title='bbox 3415 2990 3612 3059; x_wconf 74' lang='grc' dir='ltr'>αἰσχύνη,</span> 
     </span>
    </p>
   </div>
   <div class='ocr_carea' id='block_1_63' title="bbox 457 3087 1992 3176">
    <p class='ocr_par' dir='ltr' id='par_1_63' title="bbox 457 3087 1992 3176">
     <span class='ocr_line' id='line_1_63' title="bbox 457 3087 1992 3176; baseline -0.01 -10"><span class='ocrx_word' id='word_1_486' title='bbox 457 3087 570 3167; x_wconf 64' lang='grc' dir='ltr'><strong>ι’ἱε.⁷</strong></span> <span class='ocrx_word' id='word_1_487' title='bbox 603 3131 620 3163; x_wconf 84' lang='grc'><strong>›</strong></span> <span class='ocrx_word' id='word_1_488' title='bbox 668 3109 844 3176; x_wconf 83' lang='lat' dir='ltr'><strong>Quare</strong></span> <span class='ocrx_word' id='word_1_489' title='bbox 893 3108 1005 3161; x_wconf 67' lang='lat' dir='ltr'><strong>haec</strong></span> <span class='ocrx_word' id='word_1_490' title='bbox 1055 3107 1168 3175; x_wconf 90' lang='lat' dir='ltr'><strong>ipsa</strong></span> <span class='ocrx_word' id='word_1_491' title='bbox 1219 3103 1274 3157; x_wconf 91' lang='lat' dir='ltr'><strong>in</strong></span> <span class='ocrx_word' id='word_1_492' title='bbox 1307 3101 1555 3172; x_wconf 58' lang='lat' dir='ltr'><strong>praesenti</strong></span> <span class='ocrx_word' id='word_1_493' title='bbox 1604 3099 1882 3154; x_wconf 84' lang='lat' dir='ltr'><strong>declarat:</strong></span> <span class='ocrx_word' id='word_1_494' title='bbox 1927 3095 1992 3151; x_wconf 92' lang='lat' dir='ltr'><strong>de</strong></span> 
     </span>
    </p>
   </div>
   <div class='ocr_carea' id='block_1_64' title="bbox 2094 3087 3608 3176">
    <p class='ocr_par' dir='ltr' id='par_1_64' title="bbox 2094 3087 3608 3168">
     <span class='ocr_line' id='line_1_64' title="bbox 2094 3087 3608 3168; baseline -0.015 -11"><span class='ocrx_word' id='word_1_495' title='bbox 2094 3102 2318 3165; x_wconf 75' lang='grc' dir='ltr'>καὶπῶς</span> <span class='ocrx_word' id='word_1_496' title='bbox 2346 3100 2546 3166; x_wconf 77' lang='grc' dir='ltr'>ἔλεγεν,</span> <span class='ocrx_word' id='word_1_497' title='bbox 2578 3116 2598 3148; x_wconf 75' lang='grc' dir='ltr'><strong>ι</strong></span> <span class='ocrx_word' id='word_1_498' title='bbox 2639 3098 2838 3149; x_wconf 87' lang='grc' dir='ltr'>Ἐπιστ</span> <span class='ocrx_word' id='word_1_499' title='bbox 2853 3097 3004 3168; x_wconf 68' lang='grc' dir='ltr'>ρέψω</span> <span class='ocrx_word' id='word_1_500' title='bbox 3035 3096 3100 3147; x_wconf 85' lang='grc' dir='ltr'><strong>ἐκ</strong></span> <span class='ocrx_word' id='word_1_501' title='bbox 3128 3091 3299 3162; x_wconf 81' lang='grc' dir='ltr'>βυθῶν</span> <span class='ocrx_word' id='word_1_502' title='bbox 3329 3087 3608 3155; x_wconf 77' lang='grc' dir='ltr'>θαλάσσης.»</span> 
     </span>
    </p>
   </div>
   <div class='ocr_carea' id='block_1_65' title="bbox 457 3174 1992 3273">
    <p class='ocr_par' dir='ltr' id='par_1_65' title="bbox 457 3188 1992 3273">
     <span class='ocr_line' id='line_1_65' title="bbox 457 3188 1992 3273; baseline -0.01 -17"><span class='ocrx_word' id='word_1_503' title='bbox 457 3202 747 3273; x_wconf 83' lang='lat' dir='ltr'><strong>ignominia</strong></span> <span class='ocrx_word' id='word_1_504' title='bbox 791 3199 1006 3270; x_wconf 88' lang='lat' dir='ltr'><strong>quidem</strong></span> <span class='ocrx_word' id='word_1_505' title='bbox 1043 3198 1096 3250; x_wconf 91' lang='lat' dir='ltr'><strong>in</strong></span> <span class='ocrx_word' id='word_1_506' title='bbox 1128 3193 1494 3264; x_wconf 89' lang='lat' dir='ltr'><strong>sequentibus,</strong></span> <span class='ocrx_word' id='word_1_507' title='bbox 1520 3191 1704 3244; x_wconf 89' lang='lat' dir='ltr'><strong>dicens</strong></span> <span class='ocrx_word' id='word_1_508' title='bbox 1734 3209 1746 3242; x_wconf 92' lang='lat'><strong>:</strong></span> <span class='ocrx_word' id='word_1_509' title='bbox 1787 3207 1805 3239; x_wconf 77' lang='grc' dir='ltr'><strong>ι</strong></span> <span class='ocrx_word' id='word_1_510' title='bbox 1847 3188 1992 3252; x_wconf 89' lang='lat' dir='ltr'><strong>Quo-</strong></span> 
     </span>
    </p>
   </div>
   <div class='ocr_carea' id='block_1_66' title="bbox 2094 3174 3610 3273">
    <p class='ocr_par' dir='ltr' id='par_1_66' title="bbox 2094 3178 3610 3265">
     <span class='ocr_line' id='line_1_66' title="bbox 2094 3178 3610 3265; baseline -0.015 -17"><span class='ocrx_word' id='word_1_511' title='bbox 2094 3197 2182 3249; x_wconf 76' lang='grc' dir='ltr'><strong>Διὸ</strong></span> <span class='ocrx_word' id='word_1_512' title='bbox 2213 3195 2275 3265; x_wconf 84' lang='grc' dir='ltr'>δὴ</span> <span class='ocrx_word' id='word_1_513' title='bbox 2302 3192 2470 3245; x_wconf 79' lang='grc' dir='ltr'>ταῦτα</span> <span class='ocrx_word' id='word_1_514' title='bbox 2501 3187 2640 3240; x_wconf 84' lang='grc' dir='ltr'><strong>αὑτά</strong></span> <span class='ocrx_word' id='word_1_515' title='bbox 2671 3188 2765 3241; x_wconf 85' lang='grc' dir='ltr'>διὰ</span> <span class='ocrx_word' id='word_1_516' title='bbox 2793 3189 2907 3240; x_wconf 85' lang='grc' dir='ltr'><strong>τῶν</strong></span> <span class='ocrx_word' id='word_1_517' title='bbox 2938 3183 3310 3256; x_wconf 80' lang='grc' dir='ltr'>προκειμένων</span> <span class='ocrx_word' id='word_1_518' title='bbox 3345 3178 3610 3250; x_wconf 80' lang='grc' dir='ltr'>παρίστησι·</span> 
     </span>
    </p>
   </div>
   <div class='ocr_carea' id='block_1_67' title="bbox 457 3262 1992 3362">
    <p class='ocr_par' dir='ltr' id='par_1_67' title="bbox 457 3280 1992 3362">
     <span class='ocr_line' id='line_1_67' title="bbox 457 3280 1992 3362; baseline -0.011 -15"><span class='ocrx_word' id='word_1_519' title='bbox 457 3294 602 3347; x_wconf 86' lang='lat' dir='ltr'><strong>niam</strong></span> <span class='ocrx_word' id='word_1_520' title='bbox 628 3300 845 3362; x_wconf 84' lang='lat' dir='ltr'><strong>propter</strong></span> <span class='ocrx_word' id='word_1_521' title='bbox 870 3298 921 3343; x_wconf 90' lang='lat' dir='ltr'><strong>te</strong></span> <span class='ocrx_word' id='word_1_522' title='bbox 967 3287 1201 3343; x_wconf 87' lang='lat' dir='ltr'><strong>sustinui</strong></span> <span class='ocrx_word' id='word_1_523' title='bbox 1227 3284 1596 3354; x_wconf 87' lang='lat' dir='ltr'><strong>opprobrium,</strong></span> <span class='ocrx_word' id='word_1_524' title='bbox 1627 3280 1837 3350; x_wconf 79' lang='lat' dir='ltr'><strong>aperuit</strong></span> <span class='ocrx_word' id='word_1_525' title='bbox 1864 3293 1992 3332; x_wconf 90' lang='lat' dir='ltr'><strong>con-</strong></span> 
     </span>
    </p>
   </div>
   <div class='ocr_carea' id='block_1_68' title="bbox 2094 3262 3614 3362">
    <p class='ocr_par' dir='ltr' id='par_1_68' title="bbox 2094 3262 3614 3356">
     <span class='ocr_line' id='line_1_68' title="bbox 2094 3262 3614 3356; baseline -0.021 -11"><span class='ocrx_word' id='word_1_526' title='bbox 2094 3285 2220 3356; x_wconf 66' lang='grc' dir='ltr'>περὶ</span> <span class='ocrx_word' id='word_1_527' title='bbox 2253 3262 2349 3353; x_wconf 54' lang='grc' dir='ltr'><strong>μὲν</strong></span> <span class='ocrx_word' id='word_1_528' title='bbox 2390 3279 2489 3350; x_wconf 76' lang='grc' dir='ltr'>τῆς</span> <span class='ocrx_word' id='word_1_529' title='bbox 2522 3277 2794 3346; x_wconf 83' lang='grc' dir='ltr'>αἰσχύνης</span> <span class='ocrx_word' id='word_1_530' title='bbox 2839 3273 3050 3347; x_wconf 85' lang='grc' dir='ltr'>προϊὼν</span> <span class='ocrx_word' id='word_1_531' title='bbox 3099 3274 3192 3326; x_wconf 78' lang='grc' dir='ltr'>καὶ</span> <span class='ocrx_word' id='word_1_532' title='bbox 3238 3271 3433 3339; x_wconf 86' lang='grc' dir='ltr'>λέγων·</span> <span class='ocrx_word' id='word_1_533' title='bbox 3476 3283 3492 3316; x_wconf 75' lang='grc' dir='ltr'><strong>ι</strong></span> <span class='ocrx_word' id='word_1_534' title='bbox 3525 3262 3614 3312; x_wconf 79' lang='grc' dir='ltr'><strong>Ὅτι</strong></span> 
     </span>
    </p>
   </div>
   <div class='ocr_carea' id='block_1_69' title="bbox 463 3350 1992 3441">
    <p class='ocr_par' dir='ltr' id='par_1_69' title="bbox 463 3367 1992 3441">
     <span class='ocr_line' id='line_1_69' title="bbox 463 3367 1992 3441; baseline -0.011 -7"><span class='ocrx_word' id='word_1_535' title='bbox 463 3380 602 3434; x_wconf 89' lang='lat' dir='ltr'><strong>fusio</strong></span> <span class='ocrx_word' id='word_1_536' title='bbox 628 3380 816 3433; x_wconf 80' lang='lat' dir='ltr'><strong>faciem</strong></span> <span class='ocrx_word' id='word_1_537' title='bbox 852 3392 1024 3432; x_wconf 87' lang='lat' dir='ltr'><strong>meam</strong></span> <span class='ocrx_word' id='word_1_538' title='bbox 1051 3393 1065 3441; x_wconf 90' lang='lat'><strong>;</strong></span> <span class='ocrx_word' id='word_1_539' title='bbox 1108 3393 1125 3424; x_wconf 83' lang='grc'><strong>›</strong></span> <span class='ocrx_word' id='word_1_540' title='bbox 1162 3389 1224 3426; x_wconf 91' lang='lat' dir='ltr'><strong>ac</strong></span> <span class='ocrx_word' id='word_1_541' title='bbox 1247 3387 1474 3426; x_wconf 86' lang='lat' dir='ltr'><strong>rursus:</strong></span> <span class='ocrx_word' id='word_1_542' title='bbox 1503 3389 1522 3421; x_wconf 75' lang='grc' dir='ltr'><strong>ι</strong></span> <span class='ocrx_word' id='word_1_543' title='bbox 1559 3369 1639 3422; x_wconf 89' lang='lat' dir='ltr'><strong>Tu</strong></span> <span class='ocrx_word' id='word_1_544' title='bbox 1665 3368 1772 3423; x_wconf 90' lang='lat' dir='ltr'><strong>scis</strong></span> <span class='ocrx_word' id='word_1_545' title='bbox 1797 3367 1992 3436; x_wconf 91' lang='lat' dir='ltr'><strong>impro-</strong></span> 
     </span>
    </p>
   </div>
   <div class='ocr_carea' id='block_1_70' title="bbox 2094 3350 3615 3441">
    <p class='ocr_par' dir='ltr' id='par_1_70' title="bbox 2095 3350 3615 3440">
     <span class='ocr_line' id='line_1_70' title="bbox 2095 3350 3615 3440; baseline -0.013 -12"><span class='ocrx_word' id='word_1_546' title='bbox 2095 3350 2264 3429; x_wconf 27' lang='grc' dir='ltr'>’ἐνεκα-</span> <span class='ocrx_word' id='word_1_547' title='bbox 2301 3370 2395 3426; x_wconf 84' lang='grc' dir='ltr'>σοῦ</span> <span class='ocrx_word' id='word_1_548' title='bbox 2441 3371 2735 3440; x_wconf 80' lang='grc' dir='ltr'>ὑπήνεγκα</span> <span class='ocrx_word' id='word_1_549' title='bbox 2780 3367 3109 3436; x_wconf 83' lang='grc' dir='ltr'>ὀνειδισμὸν,</span> <span class='ocrx_word' id='word_1_550' title='bbox 3145 3363 3396 3430; x_wconf 74' lang='grc' dir='ltr'>ἐκάλυψεν</span> <span class='ocrx_word' id='word_1_551' title='bbox 3434 3350 3615 3426; x_wconf 74' lang='grc' dir='ltr'>ἐντροπὴ</span> 
     </span>
    </p>
   </div>
   <div class='ocr_carea' id='block_1_71' title="bbox 462 3444 1992 3540">
    <p class='ocr_par' dir='ltr' id='par_1_71' title="bbox 462 3457 1992 3540">
     <span class='ocr_line' id='line_1_71' title="bbox 462 3457 1992 3540; baseline -0.012 -15"><span class='ocrx_word' id='word_1_552' title='bbox 462 3470 668 3540; x_wconf 84' lang='lat' dir='ltr'><strong>perium</strong></span> <span class='ocrx_word' id='word_1_553' title='bbox 695 3483 869 3522; x_wconf 88' lang='lat' dir='ltr'><strong>meum</strong></span> <span class='ocrx_word' id='word_1_554' title='bbox 900 3474 951 3521; x_wconf 90' lang='lat' dir='ltr'><strong>et</strong></span> <span class='ocrx_word' id='word_1_555' title='bbox 978 3464 1349 3518; x_wconf 87' lang='lat' dir='ltr'><strong>confusionem</strong></span> <span class='ocrx_word' id='word_1_556' title='bbox 1374 3476 1544 3516; x_wconf 87' lang='lat' dir='ltr'><strong>meam</strong></span> <span class='ocrx_word' id='word_1_557' title='bbox 1571 3467 1624 3514; x_wconf 91' lang='lat' dir='ltr'><strong>ct</strong></span> <span class='ocrx_word' id='word_1_558' title='bbox 1648 3457 1992 3513; x_wconf 88' lang='lat' dir='ltr'><strong>reverentiam</strong></span> 
     </span>
    </p>
   </div>
   <div class='ocr_carea' id='block_1_72' title="bbox 2094 3444 3616 3540">
    <p class='ocr_par' dir='ltr' id='par_1_72' title="bbox 2097 3444 3616 3536">
     <span class='ocr_line' id='line_1_72' title="bbox 2097 3444 3616 3536; baseline -0.013 -18"><span class='ocrx_word' id='word_1_559' title='bbox 2097 3468 2156 3518; x_wconf 86' lang='grc' dir='ltr'><strong>τὸ</strong></span> <span class='ocrx_word' id='word_1_560' title='bbox 2182 3462 2466 3536; x_wconf 87' lang='grc' dir='ltr'>πρόσωπόν</span> <span class='ocrx_word' id='word_1_561' title='bbox 2507 3477 2608 3531; x_wconf 85' lang='grc' dir='ltr'><strong>μου</strong></span> <span class='ocrx_word' id='word_1_562' title='bbox 2638 3478 2658 3492; x_wconf 76' lang='grc' dir='ltr'><strong>ο</strong></span> <span class='ocrx_word' id='word_1_563' title='bbox 2699 3481 2718 3512; x_wconf 75' lang='grc' dir='ltr'><strong>ι</strong></span> <span class='ocrx_word' id='word_1_564' title='bbox 2763 3461 2862 3512; x_wconf 72' lang='grc' dir='ltr'>καὶ</span> <span class='ocrx_word' id='word_1_565' title='bbox 2906 3455 3066 3521; x_wconf 77' lang='grc' dir='ltr'>αὖθις</span> <span class='ocrx_word' id='word_1_566' title='bbox 3086 3476 3098 3489; x_wconf 91' lang='grc'><strong>·</strong></span> <span class='ocrx_word' id='word_1_567' title='bbox 3134 3477 3151 3508; x_wconf 79' lang='grc' dir='ltr'><strong>ι</strong></span> <span class='ocrx_word' id='word_1_568' title='bbox 3179 3456 3249 3509; x_wconf 79' lang='grc' dir='ltr'><strong>Σὺ</strong></span> <span class='ocrx_word' id='word_1_569' title='bbox 3279 3451 3530 3522; x_wconf 82' lang='grc' dir='ltr'>γινώσκεις</span> <span class='ocrx_word' id='word_1_570' title='bbox 3551 3444 3616 3496; x_wconf 72' lang='grc' dir='ltr'>τὸν</span> 
     </span>
    </p>
   </div>
   <div class='ocr_carea' id='block_1_73' title="bbox 464 3541 1992 3626">
    <p class='ocr_par' dir='ltr' id='par_1_73' title="bbox 464 3547 1992 3626">
     <span class='ocr_line' id='line_1_73' title="bbox 464 3547 1992 3626; baseline -0.009 -12"><span class='ocrx_word' id='word_1_571' title='bbox 464 3577 656 3614; x_wconf 88' lang='lat' dir='ltr'><strong>meam.</strong></span> <span class='ocrx_word' id='word_1_572' title='bbox 689 3579 706 3610; x_wconf 89' lang='grc'><strong>›</strong></span> <span class='ocrx_word' id='word_1_573' title='bbox 745 3559 816 3612; x_wconf 89' lang='lat' dir='ltr'><strong>De</strong></span> <span class='ocrx_word' id='word_1_574' title='bbox 843 3556 1106 3626; x_wconf 87' lang='lat' dir='ltr'><strong>profundo</strong></span> <span class='ocrx_word' id='word_1_575' title='bbox 1136 3562 1313 3608; x_wconf 90' lang='lat' dir='ltr'><strong>autem</strong></span> <span class='ocrx_word' id='word_1_576' title='bbox 1341 3553 1506 3606; x_wconf 90' lang='lat' dir='ltr'><strong>maris</strong></span> <span class='ocrx_word' id='word_1_577' title='bbox 1538 3551 1690 3614; x_wconf 89' lang='lat' dir='ltr'><strong>illud,</strong></span> <span class='ocrx_word' id='word_1_578' title='bbox 1721 3568 1740 3601; x_wconf 78' lang='grc' dir='ltr'><strong>ι</strong></span> <span class='ocrx_word' id='word_1_579' title='bbox 1785 3547 1992 3602; x_wconf 86' lang='lat' dir='ltr'><strong>Salvum</strong></span> 
     </span>
    </p>
   </div>
   <div class='ocr_carea' id='block_1_74' title="bbox 2094 3541 3617 3626">
    <p class='ocr_par' dir='ltr' id='par_1_74' title="bbox 2100 3541 3617 3626">
     <span class='ocr_line' id='line_1_74' title="bbox 2100 3541 3617 3626; baseline -0.012 -17"><span class='ocrx_word' id='word_1_580' title='bbox 2100 3555 2395 3626; x_wconf 88' lang='grc' dir='ltr'>ὀνειδισμόν</span> <span class='ocrx_word' id='word_1_581' title='bbox 2427 3570 2525 3624; x_wconf 88' lang='grc' dir='ltr'><strong>μου</strong></span> <span class='ocrx_word' id='word_1_582' title='bbox 2551 3553 2655 3605; x_wconf 70' lang='grc' dir='ltr'><strong>καὶ</strong></span> <span class='ocrx_word' id='word_1_583' title='bbox 2681 3553 2784 3621; x_wconf 81' lang='grc' dir='ltr'><strong>τὴν</strong></span> <span class='ocrx_word' id='word_1_584' title='bbox 2819 3549 3084 3620; x_wconf 79' lang='grc' dir='ltr'>αἰσχύνην</span> <span class='ocrx_word' id='word_1_585' title='bbox 3125 3567 3222 3620; x_wconf 90' lang='grc' dir='ltr'><strong>μου</strong></span> <span class='ocrx_word' id='word_1_586' title='bbox 3249 3546 3339 3598; x_wconf 75' lang='grc' dir='ltr'><strong>καὶ</strong></span> <span class='ocrx_word' id='word_1_587' title='bbox 3369 3543 3457 3612; x_wconf 83' lang='grc' dir='ltr'>τὴν</span> <span class='ocrx_word' id='word_1_588' title='bbox 3479 3541 3617 3606; x_wconf 72' lang='grc' dir='ltr'>ἐντρο-</span> 
     </span>
    </p>
   </div>
   <div class='ocr_carea' id='block_1_75' title="bbox 466 3626 1992 3718">
    <p class='ocr_par' dir='ltr' id='par_1_75' title="bbox 466 3636 1992 3712">
     <span class='ocr_line' id='line_1_75' title="bbox 466 3636 1992 3712; baseline -0.007 -12"><span class='ocrx_word' id='word_1_589' title='bbox 466 3662 552 3701; x_wconf 85' lang='lat' dir='ltr'><strong>me.</strong></span> <span class='ocrx_word' id='word_1_590' title='bbox 584 3647 690 3709; x_wconf 84' lang='lat' dir='ltr'><strong>fac,</strong></span> <span class='ocrx_word' id='word_1_591' title='bbox 722 3645 881 3707; x_wconf 90' lang='lat' dir='ltr'><strong>Deus,</strong></span> <span class='ocrx_word' id='word_1_592' title='bbox 907 3645 1158 3712; x_wconf 88' lang='lat' dir='ltr'><strong>quoniam</strong></span> <span class='ocrx_word' id='word_1_593' title='bbox 1192 3644 1527 3695; x_wconf 85' lang='lat' dir='ltr'><strong>intraverunt</strong></span> <span class='ocrx_word' id='word_1_594' title='bbox 1561 3653 1896 3709; x_wconf 72' lang='lat' dir='ltr'><strong>aquacusque</strong></span> <span class='ocrx_word' id='word_1_595' title='bbox 1936 3636 1992 3688; x_wconf 90' lang='lat' dir='ltr'><strong>ad</strong></span> 
     </span>
    </p>
   </div>
   <div class='ocr_carea' id='block_1_76' title="bbox 2094 3626 3614 3718">
    <p class='ocr_par' dir='ltr' id='par_1_76' title="bbox 2102 3626 3614 3718">
     <span class='ocr_line' id='line_1_76' title="bbox 2102 3626 3614 3718; baseline -0.01 -17"><span class='ocrx_word' id='word_1_596' title='bbox 2102 3651 2209 3718; x_wconf 84' lang='grc' dir='ltr'>πήν</span> <span class='ocrx_word' id='word_1_597' title='bbox 2263 3651 2403 3718; x_wconf 56' lang='lat' dir='ltr'><strong>non&quot;</strong></span> <span class='ocrx_word' id='word_1_598' title='bbox 2447 3665 2466 3696; x_wconf 75' lang='grc' dir='ltr'><strong>ι</strong></span> <span class='ocrx_word' id='word_1_599' title='bbox 2524 3644 2659 3714; x_wconf 82' lang='grc' dir='ltr'>περῖ</span> <span class='ocrx_word' id='word_1_600' title='bbox 2711 3644 2770 3697; x_wconf 86' lang='grc' dir='ltr'><strong>δέ</strong></span> <span class='ocrx_word' id='word_1_601' title='bbox 2817 3644 2914 3697; x_wconf 79' lang='grc' dir='ltr'>τοῦ</span> <span class='ocrx_word' id='word_1_602' title='bbox 2962 3643 3125 3714; x_wconf 82' lang='grc' dir='ltr'>βυθοῦ</span> <span class='ocrx_word' id='word_1_603' title='bbox 3163 3641 3258 3707; x_wconf 82' lang='grc' dir='ltr'>τῆς</span> <span class='ocrx_word' id='word_1_604' title='bbox 3289 3635 3530 3702; x_wconf 84' lang='grc' dir='ltr'>θαλάσσης</span> <span class='ocrx_word' id='word_1_605' title='bbox 3557 3626 3614 3718; x_wconf 63' lang='grc' dir='ltr'><strong>τδν</strong></span> 
     </span>
    </p>
   </div>
   <div class='ocr_carea' id='block_1_77' title="bbox 466 3725 2006 3798">
    <p class='ocr_par' dir='ltr' id='par_1_77' title="bbox 466 3725 2006 3798">
     <span class='ocr_line' id='line_1_77' title="bbox 466 3725 2006 3798; baseline -0.008 -10"><span class='ocrx_word' id='word_1_606' title='bbox 466 3735 702 3788; x_wconf 87' lang='lat' dir='ltr'><strong>animam</strong></span> <span class='ocrx_word' id='word_1_607' title='bbox 733 3748 926 3787; x_wconf 88' lang='lat' dir='ltr'><strong>meam.</strong></span> <span class='ocrx_word' id='word_1_608' title='bbox 966 3731 1166 3785; x_wconf 82' lang='lat' dir='ltr'><strong>lnlixus</strong></span> <span class='ocrx_word' id='word_1_609' title='bbox 1201 3746 1320 3786; x_wconf 91' lang='lat' dir='ltr'><strong>sum</strong></span> <span class='ocrx_word' id='word_1_610' title='bbox 1371 3731 1424 3784; x_wconf 91' lang='lat' dir='ltr'><strong>in</strong></span> <span class='ocrx_word' id='word_1_611' title='bbox 1473 3731 1600 3783; x_wconf 92' lang='lat' dir='ltr'><strong>limo</strong></span> <span class='ocrx_word' id='word_1_612' title='bbox 1646 3725 1919 3798; x_wconf 88' lang='lat' dir='ltr'><strong>profundi,</strong></span> <span class='ocrx_word' id='word_1_613' title='bbox 1952 3731 2006 3779; x_wconf 88' lang='lat' dir='ltr'><strong>et</strong></span> 
     </span>
    </p>
   </div>
   <div class='ocr_carea' id='block_1_78' title="bbox 471 3817 2007 3877">
    <p class='ocr_par' dir='ltr' id='par_1_78' title="bbox 471 3817 2007 3877">
     <span class='ocr_line' id='line_1_78' title="bbox 471 3817 2007 3877; baseline -0.007 0"><span class='ocrx_word' id='word_1_614' title='bbox 471 3839 578 3877; x_wconf 87' lang='lat' dir='ltr'><strong>non</strong></span> <span class='ocrx_word' id='word_1_615' title='bbox 603 3831 684 3877; x_wconf 89' lang='lat' dir='ltr'><strong>est</strong></span> <span class='ocrx_word' id='word_1_616' title='bbox 722 3823 1042 3877; x_wconf 88' lang='lat' dir='ltr'><strong>substantia.</strong></span> <span class='ocrx_word' id='word_1_617' title='bbox 1075 3821 1206 3875; x_wconf 79' lang='lat' dir='ltr'><strong>Veni</strong></span> <span class='ocrx_word' id='word_1_618' title='bbox 1257 3823 1310 3874; x_wconf 91' lang='lat' dir='ltr'><strong>in</strong></span> <span class='ocrx_word' id='word_1_619' title='bbox 1359 3821 1695 3872; x_wconf 88' lang='lat' dir='ltr'><strong>altitudinem</strong></span> <span class='ocrx_word' id='word_1_620' title='bbox 1734 3817 1919 3877; x_wconf 90' lang='lat' dir='ltr'><strong>maris,</strong></span> <span class='ocrx_word' id='word_1_621' title='bbox 1953 3821 2007 3867; x_wconf 90' lang='lat' dir='ltr'><strong>et</strong></span> 
     </span>
    </p>
   </div>
   <div class='ocr_carea' id='block_1_79' title="bbox 470 3901 2010 3982">
    <p class='ocr_par' dir='ltr' id='par_1_79' title="bbox 470 3901 2010 3982">
     <span class='ocr_line' id='line_1_79' title="bbox 470 3901 2010 3982; baseline -0.008 -16"><span class='ocrx_word' id='word_1_622' title='bbox 470 3920 758 3982; x_wconf 88' lang='lat' dir='ltr'><strong>tempestas</strong></span> <span class='ocrx_word' id='word_1_623' title='bbox 796 3909 1049 3965; x_wconf 82' lang='lat' dir='ltr'><strong>demersit</strong></span> <span class='ocrx_word' id='word_1_624' title='bbox 1075 3924 1178 3962; x_wconf 69' lang='lat' dir='ltr'><strong>me.</strong></span> <span class='ocrx_word' id='word_1_625' title='bbox 1227 3927 1246 3958; x_wconf 75' lang='grc' dir='ltr'><strong>ι</strong></span> <span class='ocrx_word' id='word_1_626' title='bbox 1290 3907 1413 3960; x_wconf 68' lang='grc' dir='ltr'>Ηιεο</span> <span class='ocrx_word' id='word_1_627' title='bbox 1439 3907 1580 3960; x_wconf 91' lang='lat' dir='ltr'><strong>enim</strong></span> <span class='ocrx_word' id='word_1_628' title='bbox 1618 3919 1861 3973; x_wconf 84' lang='lat' dir='ltr'><strong>magnam</strong></span> <span class='ocrx_word' id='word_1_629' title='bbox 1897 3901 2010 3955; x_wconf 69' lang='lat' dir='ltr'><strong>alii-</strong></span> 
     </span>
    </p>
   </div>
   <div class='ocr_carea' id='block_1_80' title="bbox 473 3993 2011 4066">
    <p class='ocr_par' dir='ltr' id='par_1_80' title="bbox 473 3993 2011 4066">
     <span class='ocr_line' id='line_1_80' title="bbox 473 3993 2011 4066; baseline -0.008 -9"><span class='ocrx_word' id='word_1_630' title='bbox 473 4005 691 4058; x_wconf 87' lang='lat' dir='ltr'><strong>nitatem</strong></span> <span class='ocrx_word' id='word_1_631' title='bbox 726 4003 955 4056; x_wconf 86' lang='lat' dir='ltr'><strong>habeant</strong></span> <span class='ocrx_word' id='word_1_632' title='bbox 987 4016 1108 4056; x_wconf 90' lang='lat' dir='ltr'><strong>cum</strong></span> <span class='ocrx_word' id='word_1_633' title='bbox 1133 3999 1200 4052; x_wconf 90' lang='lat' dir='ltr'><strong>iis</strong></span> <span class='ocrx_word' id='word_1_634' title='bbox 1223 4013 1339 4066; x_wconf 75' lang='lat' dir='ltr'><strong>qua:</strong></span> <span class='ocrx_word' id='word_1_635' title='bbox 1367 3999 1420 4050; x_wconf 92' lang='lat' dir='ltr'><strong>in</strong></span> <span class='ocrx_word' id='word_1_636' title='bbox 1463 3995 1778 4065; x_wconf 62' lang='lat' dir='ltr'><strong>praacedenti</strong></span> <span class='ocrx_word' id='word_1_637' title='bbox 1804 3993 2011 4062; x_wconf 90' lang='lat' dir='ltr'><strong>psalmo</strong></span> 
     </span>
    </p>
   </div>
   <div class='ocr_carea' id='block_1_81' title="bbox 473 4083 2012 4161">
    <p class='ocr_par' dir='ltr' id='par_1_81' title="bbox 473 4083 2012 4161">
     <span class='ocr_line' id='line_1_81' title="bbox 473 4083 2012 4161; baseline -0.007 -14"><span class='ocrx_word' id='word_1_638' title='bbox 473 4094 614 4150; x_wconf 81' lang='lat' dir='ltr'><strong>dicta</strong></span> <span class='ocrx_word' id='word_1_639' title='bbox 650 4102 795 4155; x_wconf 85' lang='lat' dir='ltr'><strong>sunt,</strong></span> <span class='ocrx_word' id='word_1_640' title='bbox 846 4107 1036 4161; x_wconf 92' lang='lat' dir='ltr'><strong>nempe</strong></span> <span class='ocrx_word' id='word_1_641' title='bbox 1081 4091 1134 4145; x_wconf 91' lang='lat' dir='ltr'><strong>in</strong></span> <span class='ocrx_word' id='word_1_642' title='bbox 1183 4089 1313 4141; x_wconf 91' lang='lat' dir='ltr'><strong>illo:</strong></span> <span class='ocrx_word' id='word_1_643' title='bbox 1352 4106 1370 4138; x_wconf 92' lang='grc'><em>‹</em></span> <span class='ocrx_word' id='word_1_644' title='bbox 1409 4085 1552 4138; x_wconf 75' lang='lat' dir='ltr'><strong>Dixit</strong></span> <span class='ocrx_word' id='word_1_645' title='bbox 1591 4085 1882 4137; x_wconf 87' lang='lat' dir='ltr'><strong>Dominus:</strong></span> <span class='ocrx_word' id='word_1_646' title='bbox 1935 4083 2012 4136; x_wconf 80' lang='lat' dir='ltr'><strong>Ex</strong></span> 
     </span>
    </p>
   </div>
   <div class='ocr_carea' id='block_1_82' title="bbox 475 4175 2006 4247">
    <p class='ocr_par' dir='ltr' id='par_1_82' title="bbox 475 4175 2006 4247">
     <span class='ocr_line' id='line_1_82' title="bbox 475 4175 2006 4247; baseline -0.008 -9"><span class='ocrx_word' id='word_1_647' title='bbox 475 4187 647 4240; x_wconf 88' lang='lat' dir='ltr'><strong>Basan</strong></span> <span class='ocrx_word' id='word_1_648' title='bbox 677 4192 1005 4247; x_wconf 87' lang='lat' dir='ltr'><strong>convertam,</strong></span> <span class='ocrx_word' id='word_1_649' title='bbox 1041 4189 1345 4235; x_wconf 88' lang='lat' dir='ltr'><strong>convertam</strong></span> <span class='ocrx_word' id='word_1_650' title='bbox 1378 4194 1442 4232; x_wconf 81' lang='lat' dir='ltr'><strong>ex</strong></span> <span class='ocrx_word' id='word_1_651' title='bbox 1468 4175 1729 4246; x_wconf 86' lang='lat' dir='ltr'><strong>profundo</strong></span> <span class='ocrx_word' id='word_1_652' title='bbox 1773 4175 1955 4226; x_wconf 88' lang='lat' dir='ltr'><strong>maris.</strong></span> <span class='ocrx_word' id='word_1_653' title='bbox 1988 4192 2006 4224; x_wconf 77' lang='grc' dir='ltr'><strong>ι</strong></span> 
     </span>
    </p>
   </div>
   <div class='ocr_carea' id='block_1_83' title="bbox 475 4266 2014 4344">
    <p class='ocr_par' dir='ltr' id='par_1_83' title="bbox 475 4266 2014 4344">
     <span class='ocr_line' id='line_1_83' title="bbox 475 4266 2014 4344; baseline -0.007 -15"><span class='ocrx_word' id='word_1_654' title='bbox 475 4275 610 4343; x_wconf 85' lang='lat' dir='ltr'><strong>Quia</strong></span> <span class='ocrx_word' id='word_1_655' title='bbox 656 4276 710 4328; x_wconf 90' lang='lat' dir='ltr'><strong>in</strong></span> <span class='ocrx_word' id='word_1_656' title='bbox 743 4275 833 4329; x_wconf 92' lang='lat' dir='ltr'><strong>illo</strong></span> <span class='ocrx_word' id='word_1_657' title='bbox 882 4275 996 4344; x_wconf 90' lang='lat' dir='ltr'><strong>ipse</strong></span> <span class='ocrx_word' id='word_1_658' title='bbox 1043 4271 1300 4326; x_wconf 87' lang='lat' dir='ltr'><strong>Dominus</strong></span> <span class='ocrx_word' id='word_1_659' title='bbox 1353 4268 1432 4322; x_wconf 87' lang='lat' dir='ltr'><strong>sic</strong></span> <span class='ocrx_word' id='word_1_660' title='bbox 1483 4266 1732 4329; x_wconf 89' lang='lat' dir='ltr'><strong>dicebat;</strong></span> <span class='ocrx_word' id='word_1_661' title='bbox 1771 4271 1824 4317; x_wconf 90' lang='lat' dir='ltr'><strong>et</strong></span> <span class='ocrx_word' id='word_1_662' title='bbox 1871 4278 2014 4318; x_wconf 89' lang='lat' dir='ltr'><strong>nunc</strong></span> 
     </span>
    </p>
   </div>
   <div class='ocr_carea' id='block_1_84' title="bbox 476 4354 2015 4444">
    <p class='ocr_par' dir='ltr' id='par_1_84' title="bbox 476 4354 2015 4444">
     <span class='ocr_line' id='line_1_84' title="bbox 476 4354 2015 4444; baseline -0.009 -24"><span class='ocrx_word' id='word_1_663' title='bbox 476 4381 686 4444; x_wconf 87' lang='lat' dir='ltr'><strong>quoque</strong></span> <span class='ocrx_word' id='word_1_664' title='bbox 701 4365 944 4420; x_wconf 89' lang='lat' dir='ltr'><strong>eumdem</strong></span> <span class='ocrx_word' id='word_1_665' title='bbox 991 4364 1164 4434; x_wconf 90' lang='lat' dir='ltr'><strong>ipsum</strong></span> <span class='ocrx_word' id='word_1_666' title='bbox 1209 4375 1327 4422; x_wconf 84' lang='lat' dir='ltr'><strong>esse</strong></span> <span class='ocrx_word' id='word_1_667' title='bbox 1366 4357 1455 4428; x_wconf 88' lang='lat' dir='ltr'><strong>qui</strong></span> <span class='ocrx_word' id='word_1_668' title='bbox 1496 4357 1606 4412; x_wconf 59' lang='lat' dir='ltr'><strong>haec</strong></span> <span class='ocrx_word' id='word_1_669' title='bbox 1635 4354 1864 4423; x_wconf 89' lang='lat' dir='ltr'><strong>loquitur</strong></span> <span class='ocrx_word' id='word_1_670' title='bbox 1904 4355 2015 4407; x_wconf 82' lang='lat' dir='ltr'><strong>exi-</strong></span> 
     </span>
    </p>
   </div>
   <div class='ocr_carea' id='block_1_85' title="bbox 479 4453 823 4506">
    <p class='ocr_par' dir='ltr' id='par_1_85' title="bbox 479 4453 823 4506">
     <span class='ocr_line' id='line_1_85' title="bbox 479 4453 823 4506; baseline 0 0"><span class='ocrx_word' id='word_1_671' title='bbox 479 4453 823 4506; x_wconf 87' lang='lat' dir='ltr'><strong>stimandum.</strong></span> 
     </span>
    </p>
   </div>
   <div class='ocr_carea' id='block_1_86' title="bbox 552 4644 2016 4722">
    <p class='ocr_par' dir='ltr' id='par_1_86' title="bbox 552 4644 2016 4722">
     <span class='ocr_line' id='line_1_86' title="bbox 552 4644 2016 4722; baseline -0.007 -16"><span class='ocrx_word' id='word_1_672' title='bbox 552 4651 668 4722; x_wconf 86' lang='lat' dir='ltr'><strong>Ipse</strong></span> <span class='ocrx_word' id='word_1_673' title='bbox 695 4652 858 4720; x_wconf 80' lang='lat' dir='ltr'><strong>igitur</strong></span> <span class='ocrx_word' id='word_1_674' title='bbox 893 4666 1047 4720; x_wconf 91' lang='lat' dir='ltr'><strong>quem</strong></span> <span class='ocrx_word' id='word_1_675' title='bbox 1076 4665 1180 4703; x_wconf 90' lang='lat' dir='ltr'><strong>non</strong></span> <span class='ocrx_word' id='word_1_676' title='bbox 1230 4650 1392 4703; x_wconf 89' lang='lat' dir='ltr'><strong>alium</strong></span> <span class='ocrx_word' id='word_1_677' title='bbox 1424 4663 1543 4703; x_wconf 88' lang='lat' dir='ltr'><strong>esse</strong></span> <span class='ocrx_word' id='word_1_678' title='bbox 1589 4661 1745 4718; x_wconf 90' lang='lat' dir='ltr'><strong>quam</strong></span> <span class='ocrx_word' id='word_1_679' title='bbox 1773 4645 1863 4699; x_wconf 89' lang='lat' dir='ltr'><strong>Dei</strong></span> <span class='ocrx_word' id='word_1_680' title='bbox 1890 4644 2016 4699; x_wconf 79' lang='lat' dir='ltr'><strong>Ver—</strong></span> 
     </span>
    </p>
   </div>
   <div class='ocr_carea' id='block_1_87' title="bbox 483 4735 2017 4811">
    <p class='ocr_par' dir='ltr' id='par_1_87' title="bbox 483 4735 2017 4811">
     <span class='ocr_line' id='line_1_87' title="bbox 483 4735 2017 4811; baseline -0.006 -13"><span class='ocrx_word' id='word_1_681' title='bbox 483 4744 609 4798; x_wconf 87' lang='lat' dir='ltr'><strong>bum</strong></span> <span class='ocrx_word' id='word_1_682' title='bbox 640 4744 888 4811; x_wconf 89' lang='lat' dir='ltr'><strong>superius</strong></span> <span class='ocrx_word' id='word_1_683' title='bbox 925 4741 1428 4802; x_wconf 89' lang='lat' dir='ltr'><strong>demonstravimus,</strong></span> <span class='ocrx_word' id='word_1_684' title='bbox 1466 4739 1762 4793; x_wconf 90' lang='lat' dir='ltr'><strong>orationem</strong></span> <span class='ocrx_word' id='word_1_685' title='bbox 1794 4735 2017 4790; x_wconf 73' lang='lat' dir='ltr'><strong>effundit</strong></span> 
     </span>
    </p>
   </div>
   <div class='ocr_carea' id='block_1_88' title="bbox 486 4828 2017 4900">
    <p class='ocr_par' dir='ltr' id='par_1_88' title="bbox 486 4828 2017 4900">
     <span class='ocr_line' id='line_1_88' title="bbox 486 4828 2017 4900; baseline -0.004 -13"><span class='ocrx_word' id='word_1_686' title='bbox 486 4835 552 4889; x_wconf 87' lang='lat' dir='ltr'><strong>ad</strong></span> <span class='ocrx_word' id='word_1_687' title='bbox 580 4834 813 4898; x_wconf 85' lang='lat' dir='ltr'><strong>Patrem,</strong></span> <span class='ocrx_word' id='word_1_688' title='bbox 841 4831 1072 4887; x_wconf 89' lang='lat' dir='ltr'><strong>hominis</strong></span> <span class='ocrx_word' id='word_1_689' title='bbox 1099 4848 1258 4900; x_wconf 90' lang='lat' dir='ltr'><strong>quem</strong></span> <span class='ocrx_word' id='word_1_690' title='bbox 1289 4830 1579 4898; x_wconf 88' lang='lat' dir='ltr'><strong>assumpsit</strong></span> <span class='ocrx_word' id='word_1_691' title='bbox 1610 4828 1878 4884; x_wconf 87' lang='lat' dir='ltr'><strong>cruciatus</strong></span> <span class='ocrx_word' id='word_1_692' title='bbox 1913 4828 2017 4882; x_wconf 87' lang='lat' dir='ltr'><strong>sibi</strong></span> 
     </span>
    </p>
   </div>
   <div class='ocr_carea' id='block_1_89' title="bbox 487 4917 2015 4993">
    <p class='ocr_par' dir='ltr' id='par_1_89' title="bbox 487 4917 2015 4993">
     <span class='ocr_line' id='line_1_89' title="bbox 487 4917 2015 4993; baseline -0.003 -17"><span class='ocrx_word' id='word_1_693' title='bbox 487 4924 734 4992; x_wconf 83' lang='lat' dir='ltr'><strong>pr0prios</strong></span> <span class='ocrx_word' id='word_1_694' title='bbox 777 4929 1053 4993; x_wconf 85' lang='lat' dir='ltr'><strong>reputans,</strong></span> <span class='ocrx_word' id='word_1_695' title='bbox 1093 4936 1259 4989; x_wconf 90' lang='lat' dir='ltr'><strong>quare</strong></span> <span class='ocrx_word' id='word_1_696' title='bbox 1308 4922 1420 4974; x_wconf 87' lang='lat' dir='ltr'><strong>ait:</strong></span> <span class='ocrx_word' id='word_1_697' title='bbox 1460 4939 1477 4970; x_wconf 85' lang='grc'><em>‹</em></span> <span class='ocrx_word' id='word_1_698' title='bbox 1516 4918 1730 4972; x_wconf 87' lang='lat' dir='ltr'><strong>Salvum</strong></span> <span class='ocrx_word' id='word_1_699' title='bbox 1781 4933 1864 4971; x_wconf 90' lang='lat' dir='ltr'><strong>me</strong></span> <span class='ocrx_word' id='word_1_700' title='bbox 1913 4917 2015 4980; x_wconf 90' lang='lat' dir='ltr'><strong>fac,</strong></span> 
     </span>
    </p>
   </div>
   <div class='ocr_carea' id='block_1_90' title="bbox 2109 3717 3616 3806">
    <p class='ocr_par' dir='ltr' id='par_1_90' title="bbox 2109 3717 3616 3806">
     <span class='ocr_line' id='line_1_90' title="bbox 2109 3717 3616 3806; baseline -0.012 -16"><span class='ocrx_word' id='word_1_701' title='bbox 2109 3759 2127 3790; x_wconf 78' lang='grc' dir='ltr'><strong>ι</strong></span> <span class='ocrx_word' id='word_1_702' title='bbox 2161 3717 2338 3790; x_wconf 84' lang='grc' dir='ltr'>Σῶσόν</span> <span class='ocrx_word' id='word_1_703' title='bbox 2365 3753 2452 3806; x_wconf 88' lang='grc' dir='ltr'><strong>με,</strong></span> <span class='ocrx_word' id='word_1_704' title='bbox 2478 3737 2507 3787; x_wconf 92' lang='lat'><strong>6</strong></span> <span class='ocrx_word' id='word_1_705' title='bbox 2531 3734 2688 3798; x_wconf 82' lang='grc' dir='ltr'>Θεὸς,</span> <span class='ocrx_word' id='word_1_706' title='bbox 2719 3735 2799 3786; x_wconf 81' lang='grc' dir='ltr'>ὅτι</span> <span class='ocrx_word' id='word_1_707' title='bbox 2829 3735 3150 3804; x_wconf 86' lang='grc' dir='ltr'>είσήλθοσαν</span> <span class='ocrx_word' id='word_1_708' title='bbox 3182 3729 3340 3782; x_wconf 78' lang='grc' dir='ltr'>ὕδατα</span> <span class='ocrx_word' id='word_1_709' title='bbox 3369 3724 3462 3785; x_wconf 71' lang='grc' dir='ltr'>ἕως</span> <span class='ocrx_word' id='word_1_710' title='bbox 3481 3717 3616 3806; x_wconf 67' lang='grc' dir='ltr'><strong>ψυχῆς</strong></span> 
     </span>
    </p>
   </div>
   <div class='ocr_carea' id='block_1_91' title="bbox 2109 3803 3616 3898">
    <p class='ocr_par' dir='ltr' id='par_1_91' title="bbox 2109 3803 3616 3898">
     <span class='ocr_line' id='line_1_91' title="bbox 2109 3803 3616 3898; baseline -0.015 -18"><span class='ocrx_word' id='word_1_711' title='bbox 2109 3803 2642 3898; x_wconf 79' lang='grc' dir='ltr'>μου.Ἐνεπάγηνείς</span> <span class='ocrx_word' id='word_1_712' title='bbox 2673 3823 2810 3894; x_wconf 80' lang='grc' dir='ltr'>ὕλην</span> <span class='ocrx_word' id='word_1_713' title='bbox 2838 3823 2916 3893; x_wconf 85' lang='grc'><strong>(1)</strong></span> <span class='ocrx_word' id='word_1_714' title='bbox 2935 3803 3120 3892; x_wconf 80' lang='grc' dir='ltr'>βυθοῦ,</span> <span class='ocrx_word' id='word_1_715' title='bbox 3151 3821 3242 3874; x_wconf 73' lang='grc' dir='ltr'><strong>καὶ</strong></span> <span class='ocrx_word' id='word_1_716' title='bbox 3268 3817 3360 3870; x_wconf 80' lang='grc' dir='ltr'><strong>οὑκ</strong></span> <span class='ocrx_word' id='word_1_717' title='bbox 3379 3814 3506 3865; x_wconf 77' lang='grc' dir='ltr'>ἔστιν</span> <span class='ocrx_word' id='word_1_718' title='bbox 3519 3803 3616 3859; x_wconf 82' lang='grc' dir='ltr'>ὑπό·</span> 
     </span>
    </p>
   </div>
   <div class='ocr_carea' id='block_1_92' title="bbox 2109 3903 3615 3986">
    <p class='ocr_par' dir='ltr' id='par_1_92' title="bbox 2109 3903 3615 3986">
     <span class='ocr_line' id='line_1_92' title="bbox 2109 3903 3615 3986; baseline -0.015 -15"><span class='ocrx_word' id='word_1_719' title='bbox 2109 3934 2312 3980; x_wconf 89' lang='grc' dir='ltr'>στασις.</span> <span class='ocrx_word' id='word_1_720' title='bbox 2345 3913 2545 3968; x_wconf 87' lang='grc' dir='ltr'>Ἦλθον</span> <span class='ocrx_word' id='word_1_721' title='bbox 2577 3918 2661 3978; x_wconf 76' lang='grc' dir='ltr'>εἰς</span> <span class='ocrx_word' id='word_1_722' title='bbox 2688 3915 2760 3968; x_wconf 80' lang='grc' dir='ltr'><strong>τά</strong></span> <span class='ocrx_word' id='word_1_723' title='bbox 2803 3914 2944 3986; x_wconf 81' lang='grc' dir='ltr'>βάθη</span> <span class='ocrx_word' id='word_1_724' title='bbox 2977 3914 3077 3982; x_wconf 73' lang='grc' dir='ltr'>τῆς</span> <span class='ocrx_word' id='word_1_725' title='bbox 3101 3912 3382 3978; x_wconf 81' lang='grc' dir='ltr'>θαλάσσης,</span> <span class='ocrx_word' id='word_1_726' title='bbox 3405 3903 3484 3957; x_wconf 72' lang='grc' dir='ltr'><strong>καὶ</strong></span> <span class='ocrx_word' id='word_1_727' title='bbox 3519 3913 3615 3952; x_wconf 80' lang='grc' dir='ltr'>κατ·</span> 
     </span>
    </p>
   </div>
   <div class='ocr_carea' id='block_1_93' title="bbox 2109 3988 3614 4076">
    <p class='ocr_par' dir='ltr' id='par_1_93' title="bbox 2109 3988 3614 4076">
     <span class='ocr_line' id='line_1_93' title="bbox 2109 3988 3614 4076; baseline -0.017 -14"><span class='ocrx_word' id='word_1_728' title='bbox 2109 4009 2251 4076; x_wconf 74' lang='grc' dir='ltr'>αιγὶς</span> <span class='ocrx_word' id='word_1_729' title='bbox 2279 4005 2629 4060; x_wconf 85' lang='grc' dir='ltr'>κατεπόντισέ</span> <span class='ocrx_word' id='word_1_730' title='bbox 2693 4023 2783 4074; x_wconf 89' lang='grc' dir='ltr'><strong>με.</strong></span> <span class='ocrx_word' id='word_1_731' title='bbox 2834 4025 2852 4056; x_wconf 73' lang='grc' dir='ltr'><strong>ι</strong></span> <span class='ocrx_word' id='word_1_732' title='bbox 2893 4005 3078 4057; x_wconf 81' lang='grc' dir='ltr'>Ταῦτα</span> <span class='ocrx_word' id='word_1_733' title='bbox 3114 4003 3218 4072; x_wconf 79' lang='grc' dir='ltr'>γὰρ</span> <span class='ocrx_word' id='word_1_734' title='bbox 3275 3998 3503 4064; x_wconf 74' lang='grc' dir='ltr'>πλείστην</span> <span class='ocrx_word' id='word_1_735' title='bbox 3533 3988 3614 4058; x_wconf 79' lang='grc' dir='ltr'>ἔχοι</span> 
     </span>
    </p>
   </div>
   <div class='ocr_carea' id='block_1_94' title="bbox 2111 4077 3595 4164">
    <p class='ocr_par' dir='ltr' id='par_1_94' title="bbox 2111 4077 3595 4164">
     <span class='ocr_line' id='line_1_94' title="bbox 2111 4077 3595 4164; baseline -0.013 -12"><span class='ocrx_word' id='word_1_736' title='bbox 2111 4100 2175 4152; x_wconf 81' lang='grc' dir='ltr'><strong>ἂν</strong></span> <span class='ocrx_word' id='word_1_737' title='bbox 2205 4095 2519 4150; x_wconf 84' lang='grc' dir='ltr'>ἀκολουθίαν</span> <span class='ocrx_word' id='word_1_738' title='bbox 2550 4095 2692 4164; x_wconf 78' lang='grc' dir='ltr'>πρὸς</span> <span class='ocrx_word' id='word_1_739' title='bbox 2717 4095 2786 4148; x_wconf 77' lang='grc' dir='ltr'>τὰ</span> <span class='ocrx_word' id='word_1_740' title='bbox 2829 4096 2888 4146; x_wconf 84' lang='grc' dir='ltr'><strong>ἐν</strong></span> <span class='ocrx_word' id='word_1_741' title='bbox 2918 4094 2997 4163; x_wconf 78' lang='grc' dir='ltr'>τῷ</span> <span class='ocrx_word' id='word_1_742' title='bbox 3027 4093 3131 4163; x_wconf 81' lang='grc' dir='ltr'><strong>πρὸ</strong></span> <span class='ocrx_word' id='word_1_743' title='bbox 3158 4092 3340 4143; x_wconf 75' lang='grc' dir='ltr'>τούτου</span> <span class='ocrx_word' id='word_1_744' title='bbox 3363 4079 3533 4155; x_wconf 74' lang='grc' dir='ltr'>ψαλμῷ</span> <span class='ocrx_word' id='word_1_745' title='bbox 3553 4077 3595 4126; x_wconf 80' lang='grc' dir='ltr'><strong>λε</strong></span> 
     </span>
    </p>
   </div>
   <div class='ocr_carea' id='block_1_95' title="bbox 2110 4168 3615 4257">
    <p class='ocr_par' dir='ltr' id='par_1_95' title="bbox 2110 4168 3615 4257">
     <span class='ocr_line' id='line_1_95' title="bbox 2110 4168 3615 4257; baseline -0.017 -17"><span class='ocrx_word' id='word_1_746' title='bbox 2110 4187 2371 4257; x_wconf 77' lang='grc' dir='ltr'><strong>λεγμένα⁸</strong></span> <span class='ocrx_word' id='word_1_747' title='bbox 2405 4186 2462 4237; x_wconf 86' lang='grc' dir='ltr'><strong>ἐν</strong></span> <span class='ocrx_word' id='word_1_748' title='bbox 2490 4183 2588 4252; x_wconf 80' lang='grc' dir='ltr'><strong>τῷ,</strong></span> <span class='ocrx_word' id='word_1_749' title='bbox 2629 4205 2647 4234; x_wconf 84' lang='grc'><em>‹</em></span> <span class='ocrx_word' id='word_1_750' title='bbox 2683 4180 2857 4237; x_wconf 77' lang='grc' dir='ltr'>Εἶπεν</span> <span class='ocrx_word' id='word_1_751' title='bbox 2896 4186 2924 4236; x_wconf 91' lang='grc' dir='ltr'><strong>ό</strong></span> <span class='ocrx_word' id='word_1_752' title='bbox 2950 4184 3151 4253; x_wconf 82' lang='grc' dir='ltr'>Κύριος</span> <span class='ocrx_word' id='word_1_753' title='bbox 3171 4197 3184 4209; x_wconf 87' lang='grc'>·</span> <span class='ocrx_word' id='word_1_754' title='bbox 3223 4180 3312 4231; x_wconf 85' lang='grc' dir='ltr'>Ἐκ</span> <span class='ocrx_word' id='word_1_755' title='bbox 3340 4171 3496 4226; x_wconf 79' lang='grc' dir='ltr'>Βασάν</span> 
     </span>
    </p>
   </div>
   <div class='ocr_carea' id='block_1_96' title="bbox 2115 4251 3613 4349">
    <p class='ocr_par' dir='ltr' id='par_1_96' title="bbox 2115 4251 3613 4349">
     <span class='ocr_line' id='line_1_96' title="bbox 2115 4251 3613 4349; baseline -0.023 -9"><span class='ocrx_word' id='word_1_756' title='bbox 2115 4251 2346 4349; x_wconf 63' lang='grc' dir='ltr'>στρὲψω.</span> <span class='ocrx_word' id='word_1_757' title='bbox 2381 4251 2701 4344; x_wconf 53' lang='grc' dir='ltr'>ἐπιστρέψω</span> <span class='ocrx_word' id='word_1_758' title='bbox 2749 4277 2816 4327; x_wconf 83' lang='grc' dir='ltr'><strong>ἐκ</strong></span> <span class='ocrx_word' id='word_1_759' title='bbox 2866 4251 3049 4343; x_wconf 27' lang='grc' dir='ltr'>βυθῶν.</span> <span class='ocrx_word' id='word_1_760' title='bbox 3073 4271 3356 4336; x_wconf 85' lang='grc' dir='ltr'>θαλάσσης.</span> <span class='ocrx_word' id='word_1_761' title='bbox 3391 4285 3407 4313; x_wconf 75' lang='grc' dir='ltr'><strong>ι</strong></span> <span class='ocrx_word' id='word_1_762' title='bbox 3447 4251 3613 4320; x_wconf 76' lang='grc' dir='ltr'>Ἐπειδὴ</span> 
     </span>
    </p>
   </div>
   <div class='ocr_carea' id='block_1_97' title="bbox 2115 4348 3614 4435">
    <p class='ocr_par' dir='ltr' id='par_1_97' title="bbox 2115 4348 3614 4435">
     <span class='ocr_line' id='line_1_97' title="bbox 2115 4348 3614 4435; baseline -0.019 -14"><span class='ocrx_word' id='word_1_763' title='bbox 2115 4371 2170 4421; x_wconf 84' lang='grc' dir='ltr'><strong>ἐν</strong></span> <span class='ocrx_word' id='word_1_764' title='bbox 2199 4367 2387 4434; x_wconf 86' lang='grc' dir='ltr'>ἐκείνῳ</span> <span class='ocrx_word' id='word_1_765' title='bbox 2418 4364 2580 4425; x_wconf 82' lang='grc' dir='ltr'>αὐτὸς</span> <span class='ocrx_word' id='word_1_766' title='bbox 2613 4361 2683 4435; x_wconf 80' lang='grc' dir='ltr'>ἦν</span> <span class='ocrx_word' id='word_1_767' title='bbox 2712 4366 2740 4416; x_wconf 87' lang='grc' dir='ltr'><strong>ό</strong></span> <span class='ocrx_word' id='word_1_768' title='bbox 2764 4365 2970 4434; x_wconf 83' lang='grc' dir='ltr'>Κύριος</span> <span class='ocrx_word' id='word_1_769' title='bbox 3014 4365 3040 4416; x_wconf 88' lang='lat'><strong>6</strong></span> <span class='ocrx_word' id='word_1_770' title='bbox 3077 4359 3242 4413; x_wconf 81' lang='grc' dir='ltr'>ταῦτα</span> <span class='ocrx_word' id='word_1_771' title='bbox 3267 4357 3448 4423; x_wconf 85' lang='grc' dir='ltr'>λέγων·</span> <span class='ocrx_word' id='word_1_772' title='bbox 3473 4348 3614 4400; x_wconf 75' lang='grc' dir='ltr'>ἔπειτα</span> 
     </span>
    </p>
   </div>
   <div class='ocr_carea' id='block_1_98' title="bbox 2045 4437 3613 4532">
    <p class='ocr_par' dir='ltr' id='par_1_98' title="bbox 2045 4437 3613 4532">
     <span class='ocr_line' id='line_1_98' title="bbox 2045 4437 3613 4532; baseline -0.014 -23"><span class='ocrx_word' id='word_1_773' title='bbox 2045 4479 2088 4532; x_wconf 80' lang='lat' dir='ltr'><strong>D</strong></span> <span class='ocrx_word' id='word_1_774' title='bbox 2116 4457 2205 4509; x_wconf 73' lang='grc' dir='ltr'>καὶ</span> <span class='ocrx_word' id='word_1_775' title='bbox 2235 4453 2330 4506; x_wconf 81' lang='grc' dir='ltr'><strong>νῦν</strong></span> <span class='ocrx_word' id='word_1_776' title='bbox 2369 4453 2460 4504; x_wconf 71' lang='grc' dir='ltr'><strong>τὸν</strong></span> <span class='ocrx_word' id='word_1_777' title='bbox 2488 4453 2653 4504; x_wconf 75' lang='grc' dir='ltr'>αὐτὸν</span> <span class='ocrx_word' id='word_1_778' title='bbox 2684 4450 2828 4507; x_wconf 76' lang='grc' dir='ltr'>εἶναι</span> <span class='ocrx_word' id='word_1_779' title='bbox 2859 4451 3105 4524; x_wconf 82' lang='grc' dir='ltr'>ἡγεῖσθαι</span> <span class='ocrx_word' id='word_1_780' title='bbox 3137 4448 3225 4500; x_wconf 84' lang='grc' dir='ltr'>τὸν</span> <span class='ocrx_word' id='word_1_781' title='bbox 3257 4446 3322 4497; x_wconf 78' lang='grc' dir='ltr'>τὰ</span> <span class='ocrx_word' id='word_1_782' title='bbox 3346 4437 3613 4512; x_wconf 71' lang='grc' dir='ltr'>προκείμενα</span> 
     </span>
    </p>
   </div>
   <div class='ocr_carea' id='block_1_99' title="bbox 2116 4544 2392 4610">
    <p class='ocr_par' dir='ltr' id='par_1_99' title="bbox 2116 4544 2392 4610">
     <span class='ocr_line' id='line_1_99' title="bbox 2116 4544 2392 4610; baseline -0.011 -13"><span class='ocrx_word' id='word_1_783' title='bbox 2116 4544 2392 4610; x_wconf 81' lang='grc' dir='ltr'>διεξιόντα.</span> 
     </span>
    </p>
   </div>
   <div class='ocr_carea' id='block_1_100' title="bbox 2185 4627 3612 4724">
    <p class='ocr_par' dir='ltr' id='par_1_100' title="bbox 2185 4627 3612 4724">
     <span class='ocr_line' id='line_1_100' title="bbox 2185 4627 3612 4724; baseline -0.028 3"><span class='ocrx_word' id='word_1_784' title='bbox 2185 4653 2350 4716; x_wconf 59' lang='grc' dir='ltr'><strong>Αὐτὸς</strong></span> <span class='ocrx_word' id='word_1_785' title='bbox 2379 4654 2692 4724; x_wconf 77' lang='grc' dir='ltr'>τοιγαροῦν,</span> <span class='ocrx_word' id='word_1_786' title='bbox 2721 4655 2780 4707; x_wconf 78' lang='grc' dir='ltr'>ὃν</span> <span class='ocrx_word' id='word_1_787' title='bbox 2819 4656 2929 4708; x_wconf 75' lang='grc' dir='ltr'>οὐδ’</span> <span class='ocrx_word' id='word_1_788' title='bbox 2968 4655 3149 4722; x_wconf 75' lang='grc' dir='ltr'>ἕτερον</span> <span class='ocrx_word' id='word_1_789' title='bbox 3183 4646 3312 4701; x_wconf 73' lang='grc' dir='ltr'>εἶναι</span> <span class='ocrx_word' id='word_1_790' title='bbox 3338 4645 3369 4714; x_wconf 82' lang='grc' dir='ltr'>ἢ</span> <span class='ocrx_word' id='word_1_791' title='bbox 3405 4638 3484 4692; x_wconf 81' lang='grc' dir='ltr'>τοῦ</span> <span class='ocrx_word' id='word_1_792' title='bbox 3513 4627 3612 4686; x_wconf 65' lang='grc' dir='ltr'>Θεοῦ</span> 
     </span>
    </p>
   </div>
   <div class='ocr_carea' id='block_1_101' title="bbox 2117 4724 3612 4812">
    <p class='ocr_par' dir='ltr' id='par_1_101' title="bbox 2117 4724 3612 4812">
     <span class='ocr_line' id='line_1_101' title="bbox 2117 4724 3612 4812; baseline -0.021 -3"><span class='ocrx_word' id='word_1_793' title='bbox 2117 4741 2282 4807; x_wconf 80' lang='grc' dir='ltr'>Λόγον</span> <span class='ocrx_word' id='word_1_794' title='bbox 2307 4737 2392 4790; x_wconf 64' lang='grc' dir='ltr'><strong>διὰ</strong></span> <span class='ocrx_word' id='word_1_795' title='bbox 2428 4737 2534 4790; x_wconf 70' lang='grc' dir='ltr'><strong>τῶν</strong></span> <span class='ocrx_word' id='word_1_796' title='bbox 2559 4740 2872 4812; x_wconf 79' lang='grc' dir='ltr'>ἔμπροσθεν</span> <span class='ocrx_word' id='word_1_797' title='bbox 2905 4741 3329 4812; x_wconf 80' lang='grc' dir='ltr'>παρεστήσαμεν,</span> <span class='ocrx_word' id='word_1_798' title='bbox 3357 4727 3497 4799; x_wconf 79' lang='grc' dir='ltr'>εὐχὴν</span> <span class='ocrx_word' id='word_1_799' title='bbox 3517 4724 3612 4812; x_wconf 50' lang='grc' dir='ltr'><strong>ἀμ’</strong></span> 
     </span>
    </p>
   </div>
   <div class='ocr_carea' id='block_1_102' title="bbox 2120 4811 3612 4901">
    <p class='ocr_par' dir='ltr' id='par_1_102' title="bbox 2120 4811 3612 4901">
     <span class='ocr_line' id='line_1_102' title="bbox 2120 4811 3612 4901; baseline -0.009 -12"><span class='ocrx_word' id='word_1_800' title='bbox 2120 4830 2323 4900; x_wconf 81' lang='grc' dir='ltr'>πέμπει</span> <span class='ocrx_word' id='word_1_801' title='bbox 2353 4827 2431 4897; x_wconf 81' lang='grc' dir='ltr'><strong>τῷ</strong></span> <span class='ocrx_word' id='word_1_802' title='bbox 2458 4829 2657 4901; x_wconf 68' lang='grc' dir='ltr'>Πατρὶ,</span> <span class='ocrx_word' id='word_1_803' title='bbox 2698 4831 3116 4900; x_wconf 82' lang='grc' dir='ltr'>ίδιοποιούμενος</span> <span class='ocrx_word' id='word_1_804' title='bbox 3140 4829 3206 4880; x_wconf 76' lang='grc' dir='ltr'><strong>τὰ</strong></span> <span class='ocrx_word' id='word_1_805' title='bbox 3234 4825 3345 4880; x_wconf 83' lang='grc' dir='ltr'>καθ’</span> <span class='ocrx_word' id='word_1_806' title='bbox 3374 4816 3426 4872; x_wconf 72' lang='grc' dir='ltr'>οὗ</span> <span class='ocrx_word' id='word_1_807' title='bbox 3452 4811 3612 4875; x_wconf 79' lang='grc' dir='ltr'>ἀνείλη·</span> 
     </span>
    </p>
   </div>
   <div class='ocr_carea' id='block_1_103' title="bbox 2121 4898 3608 4992">
    <p class='ocr_par' dir='ltr' id='par_1_103' title="bbox 2121 4898 3608 4992">
     <span class='ocr_line' id='line_1_103' title="bbox 2121 4898 3608 4992; baseline -0.013 -19"><span class='ocrx_word' id='word_1_808' title='bbox 2121 4898 2216 4992; x_wconf 56' lang='lat' dir='ltr'><strong>cev</strong></span> <span class='ocrx_word' id='word_1_809' title='bbox 2247 4917 2532 4989; x_wconf 85' lang='grc' dir='ltr'>ἀνθρώπου</span> <span class='ocrx_word' id='word_1_810' title='bbox 2564 4898 2714 4990; x_wconf 83' lang='grc' dir='ltr'>πάθη</span> <span class='ocrx_word' id='word_1_811' title='bbox 2733 4939 2746 4952; x_wconf 76' lang='grc' dir='ltr'><strong>ο</strong></span> <span class='ocrx_word' id='word_1_812' title='bbox 2783 4922 2864 4974; x_wconf 88' lang='grc' dir='ltr'><strong>διό</strong></span> <span class='ocrx_word' id='word_1_813' title='bbox 2894 4898 3024 4991; x_wconf 79' lang='grc' dir='ltr'>φησι</span> <span class='ocrx_word' id='word_1_814' title='bbox 3047 4938 3059 4950; x_wconf 88' lang='grc'>·</span> <span class='ocrx_word' id='word_1_815' title='bbox 3096 4939 3114 4971; x_wconf 76' lang='grc' dir='ltr'><strong>ι</strong></span> <span class='ocrx_word' id='word_1_816' title='bbox 3150 4917 3318 4969; x_wconf 85' lang='grc' dir='ltr'>Σῶσόν</span> <span class='ocrx_word' id='word_1_817' title='bbox 3348 4927 3424 4981; x_wconf 84' lang='grc' dir='ltr'><strong>με,</strong></span> <span class='ocrx_word' id='word_1_818' title='bbox 3449 4908 3472 4958; x_wconf 91' lang='lat'><strong>6</strong></span> <span class='ocrx_word' id='word_1_819' title='bbox 3495 4898 3608 4992; x_wconf 56' lang='grc' dir='ltr'><strong>Θεὸς,</strong></span> 
     </span>
    </p>
   </div>
   <div class='ocr_carea' id='block_1_104' title="bbox 491 4987 1992 5080">
    <p class='ocr_par' dir='ltr' id='par_1_104' title="bbox 491 5007 1992 5080">
     <span class='ocr_line' id='line_1_104' title="bbox 491 5007 1992 5080; baseline -0.004 -14"><span class='ocrx_word' id='word_1_820' title='bbox 491 5009 652 5079; x_wconf 81' lang='lat' dir='ltr'><strong>Deus,</strong></span> <span class='ocrx_word' id='word_1_821' title='bbox 681 5011 932 5079; x_wconf 89' lang='lat' dir='ltr'><strong>quoniam</strong></span> <span class='ocrx_word' id='word_1_822' title='bbox 963 5011 1297 5064; x_wconf 87' lang='lat' dir='ltr'><strong>intraverunt</strong></span> <span class='ocrx_word' id='word_1_823' title='bbox 1326 5026 1476 5080; x_wconf 64' lang='lat' dir='ltr'><strong>aqua:</strong></span> <span class='ocrx_word' id='word_1_824' title='bbox 1504 5026 1673 5080; x_wconf 91' lang='lat' dir='ltr'><strong>usque</strong></span> <span class='ocrx_word' id='word_1_825' title='bbox 1694 5008 1759 5065; x_wconf 88' lang='lat' dir='ltr'><strong>ad</strong></span> <span class='ocrx_word' id='word_1_826' title='bbox 1789 5007 1992 5060; x_wconf 86' lang='lat' dir='ltr'><strong>animan</strong></span> 
     </span>
    </p>
   </div>
   <div class='ocr_carea' id='block_1_105' title="bbox 2094 4987 3610 5080">
    <p class='ocr_par' dir='ltr' id='par_1_105' title="bbox 2119 4987 3610 5080">
     <span class='ocr_line' id='line_1_105' title="bbox 2119 4987 3610 5080; baseline -0.001 -18"><span class='ocrx_word' id='word_1_827' title='bbox 2119 4987 2199 5062; x_wconf 75' lang='grc' dir='ltr'><strong>ότι</strong></span> <span class='ocrx_word' id='word_1_828' title='bbox 2230 4987 2546 5079; x_wconf 78' lang='grc' dir='ltr'>είσήλθοσαν</span> <span class='ocrx_word' id='word_1_829' title='bbox 2577 4987 2747 5065; x_wconf 75' lang='grc' dir='ltr'>ὕδατα</span> <span class='ocrx_word' id='word_1_830' title='bbox 2778 5013 2883 5075; x_wconf 73' lang='grc' dir='ltr'><strong>ἕως</strong></span> <span class='ocrx_word' id='word_1_831' title='bbox 2907 4987 3080 5080; x_wconf 44' lang='grc' dir='ltr'>ψυχῆς</span> <span class='ocrx_word' id='word_1_832' title='bbox 3113 5025 3228 5078; x_wconf 69' lang='grc' dir='ltr'>μου.</span> <span class='ocrx_word' id='word_1_833' title='bbox 3268 4998 3528 5062; x_wconf 72' lang='grc' dir='ltr'>Ἐνεπάγην</span> <span class='ocrx_word' id='word_1_834' title='bbox 3551 4987 3610 5080; x_wconf 45' lang='lat' dir='ltr'><strong>Et?</strong></span> 
     </span>
    </p>
   </div>
   <div class='ocr_carea' id='block_1_106' title="bbox 493 5099 2021 5178">
    <p class='ocr_par' dir='ltr' id='par_1_106' title="bbox 493 5099 2021 5178">
     <span class='ocr_line' id='line_1_106' title="bbox 493 5099 2021 5178; baseline 0 -28"><span class='ocrx_word' id='word_1_835' title='bbox 493 5115 682 5178; x_wconf 81' lang='lat' dir='ltr'><strong>meam.</strong></span> <span class='ocrx_word' id='word_1_836' title='bbox 733 5099 932 5154; x_wconf 76' lang='lat' dir='ltr'><strong>lntixus</strong></span> <span class='ocrx_word' id='word_1_837' title='bbox 970 5115 1088 5155; x_wconf 88' lang='lat' dir='ltr'><strong>sum</strong></span> <span class='ocrx_word' id='word_1_838' title='bbox 1121 5100 1174 5152; x_wconf 92' lang='lat' dir='ltr'><strong>in</strong></span> <span class='ocrx_word' id='word_1_839' title='bbox 1225 5101 1350 5153; x_wconf 90' lang='lat' dir='ltr'><strong>limo</strong></span> <span class='ocrx_word' id='word_1_840' title='bbox 1395 5100 1662 5168; x_wconf 87' lang='lat' dir='ltr'><strong>profundi,</strong></span> <span class='ocrx_word' id='word_1_841' title='bbox 1700 5107 1753 5152; x_wconf 92' lang='lat' dir='ltr'><strong>et</strong></span> <span class='ocrx_word' id='word_1_842' title='bbox 1789 5113 1892 5151; x_wconf 92' lang='lat' dir='ltr'><strong>non</strong></span> <span class='ocrx_word' id='word_1_843' title='bbox 1939 5106 2021 5152; x_wconf 93' lang='lat' dir='ltr'><strong>est</strong></span> 
     </span>
    </p>
   </div>
   <div class='ocr_carea' id='block_1_107' title="bbox 496 5188 2020 5255">
    <p class='ocr_par' dir='ltr' id='par_1_107' title="bbox 496 5188 2020 5255">
     <span class='ocr_line' id='line_1_107' title="bbox 496 5188 2020 5255; baseline 0.003 -17"><span class='ocrx_word' id='word_1_844' title='bbox 496 5189 808 5243; x_wconf 87' lang='lat' dir='ltr'><strong>substantia.</strong></span> <span class='ocrx_word' id='word_1_845' title='bbox 838 5188 968 5242; x_wconf 80' lang='lat' dir='ltr'><strong>Veni</strong></span> <span class='ocrx_word' id='word_1_846' title='bbox 999 5191 1050 5243; x_wconf 90' lang='lat' dir='ltr'><strong>in</strong></span> <span class='ocrx_word' id='word_1_847' title='bbox 1077 5190 1407 5242; x_wconf 89' lang='lat' dir='ltr'><strong>altitudinem</strong></span> <span class='ocrx_word' id='word_1_848' title='bbox 1439 5189 1623 5252; x_wconf 88' lang='lat' dir='ltr'><strong>maris,</strong></span> <span class='ocrx_word' id='word_1_849' title='bbox 1655 5199 1707 5242; x_wconf 91' lang='lat' dir='ltr'><strong>et</strong></span> <span class='ocrx_word' id='word_1_850' title='bbox 1734 5195 2020 5255; x_wconf 83' lang='lat' dir='ltr'><strong>tempestas</strong></span> 
     </span>
    </p>
   </div>
   <div class='ocr_carea' id='block_1_108' title="bbox 499 5278 2023 5349">
    <p class='ocr_par' dir='ltr' id='par_1_108' title="bbox 499 5278 2023 5349">
     <span class='ocr_line' id='line_1_108' title="bbox 499 5278 2023 5349; baseline 0.001 -21"><span class='ocrx_word' id='word_1_851' title='bbox 499 5279 748 5334; x_wconf 80' lang='lat' dir='ltr'><strong>demersit</strong></span> <span class='ocrx_word' id='word_1_852' title='bbox 776 5294 877 5333; x_wconf 90' lang='lat' dir='ltr'><strong>me.</strong></span> <span class='ocrx_word' id='word_1_853' title='bbox 920 5298 937 5328; x_wconf 74' lang='grc' dir='ltr'><strong>ι</strong></span> <span class='ocrx_word' id='word_1_854' title='bbox 970 5279 1281 5339; x_wconf 78' lang='lat' dir='ltr'><strong>Praecedens</strong></span> <span class='ocrx_word' id='word_1_855' title='bbox 1303 5281 1484 5349; x_wconf 86' lang='lat' dir='ltr'><strong>utique</strong></span> <span class='ocrx_word' id='word_1_856' title='bbox 1510 5279 1745 5349; x_wconf 89' lang='lat' dir='ltr'><strong>psalmus</strong></span> <span class='ocrx_word' id='word_1_857' title='bbox 1770 5278 1852 5330; x_wconf 92' lang='lat' dir='ltr'><strong>his</strong></span> <span class='ocrx_word' id='word_1_858' title='bbox 1878 5293 2023 5332; x_wconf 88' lang='lat' dir='ltr'><strong>com-</strong></span> 
     </span>
    </p>
   </div>
   <div class='ocr_carea' id='block_1_109' title="bbox 502 5365 2024 5436">
    <p class='ocr_par' dir='ltr' id='par_1_109' title="bbox 502 5365 2024 5436">
     <span class='ocr_line' id='line_1_109' title="bbox 502 5365 2024 5436; baseline 0.001 -20"><span class='ocrx_word' id='word_1_859' title='bbox 502 5365 768 5432; x_wconf 83' lang='lat' dir='ltr'><strong>pellabat:</strong></span> <span class='ocrx_word' id='word_1_860' title='bbox 803 5386 820 5416; x_wconf 82' lang='grc'><em>‹</em></span> <span class='ocrx_word' id='word_1_861' title='bbox 860 5367 962 5419; x_wconf 89' lang='lat' dir='ltr'><strong>Iter</strong></span> <span class='ocrx_word' id='word_1_862' title='bbox 985 5368 1140 5422; x_wconf 81' lang='lat' dir='ltr'><strong>facite</strong></span> <span class='ocrx_word' id='word_1_863' title='bbox 1185 5370 1232 5424; x_wconf 90' lang='lat' dir='ltr'><strong>ei</strong></span> <span class='ocrx_word' id='word_1_864' title='bbox 1284 5369 1376 5436; x_wconf 89' lang='lat' dir='ltr'><strong>qui</strong></span> <span class='ocrx_word' id='word_1_865' title='bbox 1407 5367 1646 5423; x_wconf 82' lang='lat' dir='ltr'><strong>ascendit</strong></span> <span class='ocrx_word' id='word_1_866' title='bbox 1683 5381 1840 5433; x_wconf 89' lang='lat' dir='ltr'><strong>super</strong></span> <span class='ocrx_word' id='word_1_867' title='bbox 1871 5379 2024 5418; x_wconf 91' lang='lat' dir='ltr'><strong>occa-</strong></span> 
     </span>
    </p>
   </div>
   <div class='ocr_carea' id='block_1_110' title="bbox 499 5452 2024 5513">
    <p class='ocr_par' dir='ltr' id='par_1_110' title="bbox 499 5452 2024 5513">
     <span class='ocr_line' id='line_1_110' title="bbox 499 5452 2024 5513; baseline 0.002 -9"><span class='ocrx_word' id='word_1_868' title='bbox 499 5467 642 5513; x_wconf 65' lang='lat' dir='ltr'><strong>sum,</strong></span> <span class='ocrx_word' id='word_1_869' title='bbox 681 5452 934 5507; x_wconf 88' lang='lat' dir='ltr'><strong>Dominus</strong></span> <span class='ocrx_word' id='word_1_870' title='bbox 981 5472 1169 5512; x_wconf 86' lang='lat' dir='ltr'><strong>nomen</strong></span> <span class='ocrx_word' id='word_1_871' title='bbox 1212 5459 1373 5512; x_wconf 83' lang='lat' dir='ltr'><strong>illi&quot;.</strong></span> <span class='ocrx_word' id='word_1_872' title='bbox 1423 5478 1441 5509; x_wconf 73' lang='grc' dir='ltr'><strong>ι</strong></span> <span class='ocrx_word' id='word_1_873' title='bbox 1477 5457 1675 5513; x_wconf 90' lang='lat' dir='ltr'><strong>Deinde</strong></span> <span class='ocrx_word' id='word_1_874' title='bbox 1724 5469 1874 5510; x_wconf 88' lang='lat' dir='ltr'><strong>suam</strong></span> <span class='ocrx_word' id='word_1_875' title='bbox 1903 5468 2024 5508; x_wconf 89' lang='lat' dir='ltr'><strong>cum</strong></span> 
     </span>
    </p>
   </div>
   <div class='ocr_carea' id='block_1_111' title="bbox 576 5602 2028 5674">
    <p class='ocr_par' dir='ltr' id='par_1_111' title="bbox 576 5602 2028 5674">
     <span class='ocr_line' id='line_1_111' title="bbox 576 5602 2028 5674; baseline 0 -16"><span class='ocrx_word' id='word_1_876' title='bbox 576 5602 747 5658; x_wconf 76' lang='lat' dir='ltr'><strong>&quot;lsa.</strong></span> <span class='ocrx_word' id='word_1_877' title='bbox 771 5621 857 5668; x_wconf 70' lang='lat' dir='ltr'><strong>XL,</strong></span> <span class='ocrx_word' id='word_1_878' title='bbox 888 5605 941 5668; x_wconf 72' lang='grc' dir='ltr'>ι),</span> <span class='ocrx_word' id='word_1_879' title='bbox 983 5609 1032 5659; x_wconf 87' lang='lat'><strong>7.</strong></span> <span class='ocrx_word' id='word_1_880' title='bbox 1105 5609 1148 5639; x_wconf 76' lang='grc'><strong>⁷³⁵</strong></span> <span class='ocrx_word' id='word_1_881' title='bbox 1185 5608 1325 5662; x_wconf 86' lang='lat' dir='ltr'><strong>Psal.</strong></span> <span class='ocrx_word' id='word_1_882' title='bbox 1365 5626 1528 5674; x_wconf 71' lang='lat' dir='ltr'><strong>uvn,</strong></span> <span class='ocrx_word' id='word_1_883' title='bbox 1565 5610 1653 5664; x_wconf 66' lang='lat'><strong>23.</strong></span> <span class='ocrx_word' id='word_1_884' title='bbox 1725 5609 1770 5640; x_wconf 84' lang='grc'><strong>⁷³</strong></span> <span class='ocrx_word' id='word_1_885' title='bbox 1809 5605 1936 5660; x_wconf 84' lang='lat' dir='ltr'><strong>ibid.</strong></span> <span class='ocrx_word' id='word_1_886' title='bbox 1975 5604 2028 5659; x_wconf 81' lang='grc'>5.</span> 
     </span>
    </p>
   </div>
   <div class='ocr_carea' id='block_1_112' title="bbox 2124 5071 3608 5168">
    <p class='ocr_par' dir='ltr' id='par_1_112' title="bbox 2124 5071 3608 5168">
     <span class='ocr_line' id='line_1_112' title="bbox 2124 5071 3608 5168; baseline -0.009 -18"><span class='ocrx_word' id='word_1_887' title='bbox 2124 5099 2251 5168; x_wconf 83' lang='grc' dir='ltr'>ὓλην</span> <span class='ocrx_word' id='word_1_888' title='bbox 2279 5071 2462 5166; x_wconf 73' lang='grc' dir='ltr'>βυθοῦ,</span> <span class='ocrx_word' id='word_1_889' title='bbox 2491 5099 2588 5150; x_wconf 73' lang='grc' dir='ltr'><strong>καὶ</strong></span> <span class='ocrx_word' id='word_1_890' title='bbox 2628 5101 2731 5153; x_wconf 81' lang='grc' dir='ltr'><strong>οὑκ</strong></span> <span class='ocrx_word' id='word_1_891' title='bbox 2764 5071 3248 5156; x_wconf 50' lang='grc' dir='ltr'>ἔστικὺπόστασις.</span> <span class='ocrx_word' id='word_1_892' title='bbox 3274 5087 3450 5142; x_wconf 85' lang='grc' dir='ltr'>Ἦλθον</span> <span class='ocrx_word' id='word_1_893' title='bbox 3472 5082 3536 5140; x_wconf 78' lang='grc' dir='ltr'>εἰς</span> <span class='ocrx_word' id='word_1_894' title='bbox 3560 5071 3608 5124; x_wconf 53' lang='grc' dir='ltr'><strong>τά</strong></span> 
     </span>
    </p>
   </div>
   <div class='ocr_carea' id='block_1_113' title="bbox 2128 5172 3602 5295">
    <p class='ocr_par' dir='ltr' id='par_1_113' title="bbox 2128 5172 3602 5295">
     <span class='ocr_line' id='line_1_113' title="bbox 2128 5172 3602 5295; baseline -0.043 -15"><span class='ocrx_word' id='word_1_895' title='bbox 2128 5187 2406 5295; x_wconf 42' lang='lat' dir='ltr'><strong>@fo‘l‘ﬁlﬁ</strong></span> <span class='ocrx_word' id='word_1_896' title='bbox 2422 5188 2722 5295; x_wconf 49' lang='grc' dir='ltr'>θαλάξσσηςι</span> <span class='ocrx_word' id='word_1_897' title='bbox 2752 5192 2858 5295; x_wconf 55' lang='grc' dir='ltr'><strong>καὶ.</strong></span> <span class='ocrx_word' id='word_1_898' title='bbox 2883 5188 3129 5295; x_wconf 26' lang='grc' dir='ltr'>κὶατίκιγις</span> <span class='ocrx_word' id='word_1_899' title='bbox 3160 5172 3579 5295; x_wconf 34' lang='grc' dir='ltr'>κατεπόντισλέκνιῖεῲ</span> 
     </span>
    </p>
   </div>
   <div class='ocr_carea' id='block_1_114' title="bbox 2137 5261 3604 5350">
    <p class='ocr_par' dir='ltr' id='par_1_114' title="bbox 2137 5261 3604 5350">
     <span class='ocr_line' id='line_1_114' title="bbox 2137 5261 3604 5350; baseline 0.016 -21"><span class='ocrx_word' id='word_1_900' title='bbox 2137 5279 2192 5330; x_wconf 90' lang='lat'><strong>&#39;0</strong></span> <span class='ocrx_word' id='word_1_901' title='bbox 2226 5277 2320 5346; x_wconf 82' lang='grc' dir='ltr'><strong>μὲν</strong></span> <span class='ocrx_word' id='word_1_902' title='bbox 2349 5272 2440 5330; x_wconf 79' lang='grc' dir='ltr'><strong>οὖν</strong></span> <span class='ocrx_word' id='word_1_903' title='bbox 2471 5280 2578 5350; x_wconf 83' lang='grc' dir='ltr'><strong>πρὸ</strong></span> <span class='ocrx_word' id='word_1_904' title='bbox 2612 5261 2805 5334; x_wconf 61' lang='grc' dir='ltr'>τοδτου</span> <span class='ocrx_word' id='word_1_905' title='bbox 2831 5279 3041 5350; x_wconf 75' lang='grc' dir='ltr'>ψαλμὸς</span> <span class='ocrx_word' id='word_1_906' title='bbox 3073 5270 3380 5346; x_wconf 73' lang='grc' dir='ltr'>προσεφώνει</span> <span class='ocrx_word' id='word_1_907' title='bbox 3403 5261 3604 5350; x_wconf 37' lang='lat' dir='ltr'><strong>(enim.</strong></span> 
     </span>
    </p>
   </div>
   <div class='ocr_carea' id='block_1_115' title="bbox 2133 5347 3604 5440">
    <p class='ocr_par' dir='ltr' id='par_1_115' title="bbox 2133 5347 3604 5440">
     <span class='ocr_line' id='line_1_115' title="bbox 2133 5347 3604 5440; baseline -0.004 -25"><span class='ocrx_word' id='word_1_908' title='bbox 2133 5384 2150 5415; x_wconf 75' lang='grc' dir='ltr'><strong>ι</strong></span> <span class='ocrx_word' id='word_1_909' title='bbox 2199 5347 2576 5437; x_wconf 76' lang='grc' dir='ltr'>Ὀδοποιήσατε</span> <span class='ocrx_word' id='word_1_910' title='bbox 2607 5370 2687 5440; x_wconf 81' lang='grc' dir='ltr'>τῷ</span> <span class='ocrx_word' id='word_1_911' title='bbox 2724 5347 3068 5440; x_wconf 39' lang='grc' dir='ltr'>ἐπιϐεϐη-κότι</span> <span class='ocrx_word' id='word_1_912' title='bbox 3107 5367 3193 5418; x_wconf 75' lang='grc' dir='ltr'>ἐπὶ</span> <span class='ocrx_word' id='word_1_913' title='bbox 3218 5356 3427 5428; x_wconf 69' lang='grc' dir='ltr'>δυσμῶν,</span> <span class='ocrx_word' id='word_1_914' title='bbox 3450 5347 3604 5440; x_wconf 62' lang='grc' dir='ltr'><strong>Κύριος</strong></span> 
     </span>
    </p>
   </div>
   <div class='ocr_carea' id='block_1_116' title="bbox 2127 5439 3603 5531">
    <p class='ocr_par' dir='ltr' id='par_1_116' title="bbox 2127 5439 3603 5531">
     <span class='ocr_line' id='line_1_116' title="bbox 2127 5439 3603 5531; baseline -0.003 -25"><span class='ocrx_word' id='word_1_915' title='bbox 2127 5455 2294 5525; x_wconf 76' lang='grc' dir='ltr'>ὄνομα</span> <span class='ocrx_word' id='word_1_916' title='bbox 2328 5457 2503 5528; x_wconf 76' lang='grc' dir='ltr'>αὐτῷ·</span> <span class='ocrx_word' id='word_1_917' title='bbox 2544 5478 2563 5510; x_wconf 76' lang='grc' dir='ltr'><strong>ι</strong></span> <span class='ocrx_word' id='word_1_918' title='bbox 2605 5456 2705 5512; x_wconf 73' lang='grc' dir='ltr'>εἷθ’</span> <span class='ocrx_word' id='word_1_919' title='bbox 2737 5460 2865 5531; x_wconf 77' lang='grc' dir='ltr'>ἑξῆς</span> <span class='ocrx_word' id='word_1_920' title='bbox 2895 5439 2992 5530; x_wconf 74' lang='grc' dir='ltr'>τὴν</span> <span class='ocrx_word' id='word_1_921' title='bbox 3016 5459 3127 5526; x_wconf 74' lang='grc' dir='ltr'>ἃμα</span> <span class='ocrx_word' id='word_1_922' title='bbox 3149 5448 3421 5522; x_wconf 82' lang='grc' dir='ltr'>ἀνθρώποις</span> <span class='ocrx_word' id='word_1_923' title='bbox 3443 5439 3603 5503; x_wconf 64' lang='grc' dir='ltr'><strong>διατρι⁴</strong></span> 
     </span>
    </p>
   </div>
   <div class='ocr_carea' id='block_1_117' title="bbox 573 5683 3468 5769">
    <p class='ocr_par' dir='ltr' id='par_1_117' title="bbox 573 5683 3468 5769">
     <span class='ocr_line' id='line_1_117' title="bbox 573 5683 3468 5769; baseline -0.009 -8"><span class='ocrx_word' id='word_1_924' title='bbox 573 5690 852 5761; x_wconf 70' lang='grc' dir='ltr'><strong>(ω’Ύλην·</strong></span> <span class='ocrx_word' id='word_1_925' title='bbox 889 5691 1146 5761; x_wconf 69' lang='grc' dir='ltr'><strong>ιιιιενιπθε</strong></span> <span class='ocrx_word' id='word_1_926' title='bbox 1175 5697 1363 5766; x_wconf 71' lang='lat' dir='ltr'><strong>legisse</strong></span> <span class='ocrx_word' id='word_1_927' title='bbox 1385 5699 1590 5755; x_wconf 86' lang='lat' dir='ltr'><strong>videtur</strong></span> <span class='ocrx_word' id='word_1_928' title='bbox 1616 5698 1744 5764; x_wconf 71' lang='grc' dir='ltr'>ἰλύν,</span> <span class='ocrx_word' id='word_1_929' title='bbox 1779 5696 1922 5769; x_wconf 90' lang='lat' dir='ltr'><strong>quod</strong></span> <span class='ocrx_word' id='word_1_930' title='bbox 1951 5691 2292 5750; x_wconf 82' lang='lat' dir='ltr'><strong>verisimilius</strong></span> <span class='ocrx_word' id='word_1_931' title='bbox 2315 5701 2399 5750; x_wconf 86' lang='lat' dir='ltr'><strong>est</strong></span> <span class='ocrx_word' id='word_1_932' title='bbox 2426 5705 2482 5751; x_wconf 88' lang='lat' dir='ltr'><strong>et</strong></span> <span class='ocrx_word' id='word_1_933' title='bbox 2500 5696 2662 5753; x_wconf 87' lang='lat' dir='ltr'><strong>nobis</strong></span> <span class='ocrx_word' id='word_1_934' title='bbox 2684 5711 2899 5766; x_wconf 87' lang='lat' dir='ltr'><strong>quoque</strong></span> <span class='ocrx_word' id='word_1_935' title='bbox 2931 5693 3098 5765; x_wconf 79' lang='lat' dir='ltr'><strong>magis</strong></span> <span class='ocrx_word' id='word_1_936' title='bbox 3133 5691 3309 5761; x_wconf 86' lang='lat' dir='ltr'><strong>placet.</strong></span> <span class='ocrx_word' id='word_1_937' title='bbox 3339 5683 3468 5737; x_wconf 76' lang='lat' dir='ltr'><strong>Eutr.</strong></span> 
     </span>
    </p>
   </div>
  </div>
