3796 6372
144 353 277 413 ’35

1312 367 1804 424 εοιιιιΕΝτΑωΑ
1838 367 1905 423 IN
1941 366 2269 424 PSALMOS.

3294 366 3407 429 7'26,

144 473 267 545 δὴν
298 475 493 566 αὐτου
521 478 820 552 παρίστησι
845 482 1100 566 λέγωνχι
1128 485 1235 539 Καὶ
1262 485 1581 555 ἀγαλλιᾶσθε
1613 484 1740 539 ἐνώ-

1844 467 2152 541 bominibus
2178 483 2653 539 commorationem
2674 483 2984 538 enuntiabat
3017 483 3245 538 dicens:
3279 503 3295 534 4
3329 482 3393 535 Et

143 580 291 615 πιον
329 564 533 630 αὑτοῦ,
556 567 653 620 τοῦ
682 570 885 641 πατρὸς
906 573 1013 625 τῶν
1043 564 1287 643 ὀρφανῶν
1314 575 1406 628 καὶ⁵
1429 574 1609 645 κριτοῦ
1638 574 1745 626 τῶν

142 651 388 721 χηρῶν.
436 676 456 705 ο
490 655 602 707 Καὶ
637 656 747 710 τῶν
781 659 1035 729 μαθητῶν
1059 661 1114 715 δὲ
1153 661 1315 715 αὐτοῦ
1349 662 1439 714 καὶ
1482 661 1587 715 τῶν
1617 662 1749 714 ἀπο-

142 742 387 796 στόλων
434 744 535 814 τὴν
572 746 766 817 κλῆσιν
820 749 1004 818 ἐδήλου
1053 753 1110 804 ἐν
1153 751 1248 820 τῷ,
1301 770 1318 802 ι
1361 752 1559 823 Κύριος
1595 750 1749 804 δώσει

142 832 324 901 ῥῆμα
382 839 505 897 τοῖς
549 836 1054 910 εὐαγγελιζομένοις
1103 841 1322 911 δυνάμει
1354 843 1538 911 πολλῇ.
1572 862 1589 892 ι
1638 838 1749 894 Εἶθ’

138 924 284 995 ἑξῆς
317 928 415 990 είς
443 927 537 980 τὸν
568 928 794 982 θάνατον
819 930 978 983 αὑτοῦ
1010 930 1227 985 κάθοδον
1269 933 1360 985 καὶ
1391 931 1485 1002 τὴν
1528 932 1750 997 διέξοδον

140 1015 250 1085 τὴν
284 1016 565 1069 ἐντεῦθεν
597 1018 874 1072 ἐδίδασκεν
903 1023 958 1072 ἐν
984 1020 1079 1091 τῷ,
1112 1039 1131 1071 4
1163 1021 1269 1073 Καὶ
1296 1021 1386 1074 τοῦ
1418 1021 1751 1092 Κυρίου.Κυ-

140 1107 272 1177 ρίου
311 1109 380 1159 ai
404 1107 639 1171 διέξοδοι
658 1108 748 1161 τοῦ
779 1109 1004 1162 θανάτου
1028 1127 1040 1139 ·
1069 1130 1088 1161 ι
1125 1111 1218 1165 καὶ
1241 1113 1297 1161 ἐν
1321 1110 1419 1180 τῷ,
1456 1128 1477 1160 4
1497 1106 1628 1162 Εἷπε
1648 1110 1753 1161 K6-

142 1215 289 1267 ριος·
312 1199 420 1250 Ἐκ
438 1197 627 1250 Βασὰν
643 1199 970 1269 ἐπιστρέψω,
984 1200 1367 1277 ἐπιπρέψωέκ.
1376 1200 1545 1269 βυθῶν
1564 1200 1752 1255 θαλάσ-

142 1304 321 1356 σηςσι
364 1288 467 1340 ἐπὶ
497 1290 638 1340 πᾶσι
669 1289 726 1340 δὲ
755 1289 960 1351 τούτοις
990 1290 1085 1357 τὴν
1114 1292 1191 1351 είς
1221 1292 1473 1361 οὐρανοὺς
1500 1291 1750 1344 ἐπάνοδον

140 1377 321 1430 αὑτοῦ
348 1378 448 1430 διὰ
486 1378 589 1430 τοῦ
613 1377 777 1431 αὑτοῦ
806 1379 989 1449 ἐδήλου
1020 1380 1219 1447 λέγων·
1250 1381 1494 1434 «Ψάλατε
1525 1381 1601 1450 τῷ
1633 1382 1749 1451 Θεῷ

140 1468 221 1538 τῷ
239 1468 639 1538 ἐπιδεδηκότι
659 1470 748 1521 ἐπὶ
776 1470 864 1521 τὸν
879 1470 1102 1540 οὐρανὸν
1124 1470 1215 1522 τοῦ
1233 1471 1457 1541 οὐρανοῦ
1483 1473 1600 1524 κατ’
1630 1473 1753 1524 ἀνα-

139 1557 339 1619 τολάς.
388 1577 409 1609 ι
451 1558 649 1610 Ταῦτα
680 1561 776 1627 μὲν
805 1577 894 1613 ουν
924 1562 980 1612 ἐν
1008 1561 1230 1625 ἐκείνοις
1251 1579 1263 1591 σ
1287 1561 1373 1614 διὰ
1400 1561 1456 1613 δὲ
1486 1562 1591 1614 τῶν
1616 1579 1748 1633 προ-

142 1647 449 1715 κειμένων
490 1647 673 1735 τάνώς
698 1651 763 1701 ἐν.
784 1649 1101 1719 παραδρομῇ
1138 1651 1257 1702 τότε
1286 1650 1581 1720 λελεγμένα
1613 1651 1748 1703 πλα-

140 1736 326 1800 τύνει,
375 1736 612 1800 δεικνὺς
639 1738 785 1801 ὅπως
822 1739 1065 1793 λέλεκτο·
1105 1758 1122 1789 4
1153 1741 1262 1792 Καὶ
1293 1740 1384 1792 τοῦ
1411 1742 1611 1811 Κυρίου
1636 1745 1747 1795 Κυ-

1851 576 2117 630 exsultate
2150 574 2205 627 in
2229 579 2520 639 conspectu
2554 571 2690 640 ejus,
2724 574 2893 640 patris
2930 574 3292 643 orphanorum
3340 581 3393 626 et

1845 665 2046 736 judicis
2071 664 2350 718 viduarum
2372 663 2438 716 ".
2466 680 2484 713 ι
2522 660 2915 730 Diseipulorum
2941 662 3064 715 item
3097 669 3150 715 et
3181 670 3394 731 aposto-

1850 758 2023 812 lorum
2046 770 2265 812 suorum
2293 752 2631 807 vocationem
2656 753 2965 806 declarabat
2995 753 3048 806 in
3078 754 3201 807 illo:
3240 772 3256 804 4
3290 752 3393 806 Do-

1849 848 2027 901 minus
2094 845 2241 898 dabit
2311 843 2533 896 verbum
2596 842 3121 911 evangelizantibus,
3199 842 3393 897 virtute

1849 938 2016 991 multa
2039 937 2103 991 ⁷⁷.
2150 955 2169 987 ι
2218 933 2330 988 Sub
2363 934 2476 987 haec
2517 932 2636 1001 ejus
2683 932 2751 986 ad
2795 941 3018 985 mortem
3051 931 3389 995 descensum,

1848 1028 2041 1083 etinde
2060 1025 2287 1081 reditum
2319 1024 2501 1079 docuit
2533 1024 2604 1077 ita
2634 1022 2775 1077 fatus
2795 1045 2808 1077 :
2832 1041 2848 1073 4
2875 1021 2939 1074 Et
2956 1021 3164 1076 Domini
3182 1022 3392 1077 Domini

1847 1119 2018 1172 exitus
2047 1116 2337 1181 mortis";
2378 1133 2397 1165 ι
2434 1122 2488 1168 et
2510 1114 2563 1166 in
2598 1114 2709 1179 illo,
2747 1131 2764 1163 4
2812 1112 2952 1165 Dixit
2975 1111 3233 1166 Dominus
3267 1130 3281 1166 :
3314 1110 3391 1167 Ex

1849 1208 2701 1267 Basanconvertam,convertam
2742 1218 2807 1257 ex
2847 1201 3112 1272 profundo
3158 1202 3340 1257 maris.
3366 1220 3383 1252 I

1846 1298 1927 1351 Ad
1957 1298 2067 1351 haec
2105 1303 2281 1350 autem
2310 1295 2510 1359 omnia,
2566 1293 2795 1348 reditum
2842 1294 2961 1362 ejus
2999 1293 3065 1347 ad
3094 1295 3287 1347 cmlum
3336 1294 3392 1347 in

1847 1385 2032 1440 eodem
2080 1386 2286 1455 psalmo
2337 1387 2417 1440 sic
2465 1385 2775 1440 enarravit:
2834 1402 2853 1434 4
2897 1382 3116 1439 Psallite
3163 1384 3271 1438 Deo
3298 1386 3391 1452 qui

1848 1476 2091 1531 ascendit
2117 1492 2277 1547 super
2314 1478 2507 1530 caelum
2555 1476 2675 1530 caeli
2708 1475 2771 1529 ad
2827 1475 3085 1529 orientem
3108 1476 3173 1529 “°.
3215 1494 3233 1526 ι
3270 1474 3391 1528 υιιξο

1850 1565 1945 1618 ibi.
2004 1564 2061 1618 In
2116 1566 2367 1633 pnesenti
2413 1573 2589 1619 autem
2620 1580 2737 1633 qua;
2775 1566 2926 1633 quasi
2979 1568 3033 1619 in
3078 1572 3397 1619 transcursu

1848 1662 1979 1707 tunc
2027 1654 2169 1707 dicta
2217 1654 2429 1708 fuerant
2487 1652 2661 1708 fusius
2712 1654 2903 1721 aperit,
2950 1653 3239 1707 ostendens
3285 1668 3399 1721 quo

1852 1758 2016 1797 sensu
2064 1742 2265 1796 dictum
2291 1744 2358 1796 de
2397 1743 2623 1796 Domino
2652 1742 2812 1797 fuerit
2845 1760 2858 1796 :
2906 1760 2923 1793 4
2960 1742 3025 1795 Et
3053 1742 3263 1796 Domini
3295 1742 3395 1797 Do-

146 1824 267 1895 ρίου
317 1826 383 1876 αἱ
432 1826 669 1886 διέξοδοι
710 1826 801 1879 τοῦ
833 1828 1095 1891 θανάτου,
1123 1848 1141 1879 ι
1177 1831 1268 1881 καὶ
1298 1830 1375 1895 1:6,
1421 1849 1439 1882 4
1480 1828 1611 1883 Εἷπε
1640 1832 1740 1884 Κύ-

1849 1832 1979 1885 mini
2018 1831 2194 1886 exitus
2228 1832 2437 1895 mortis,
2490 1850 2508 1882 ι
2543 1839 2703 1900 atque
2752 1829 2882 1883 illud
2909 1870 2924 1894 ,
2959 1848 2977 1881 4
3019 1829 3159 1884 Dixit
3212 1829 3395 1883 Domi.

145 1932 299 1985 ριος⁹
364 1916 475 1967 Ἐκ
514 1916 703 1969 Βασὰν
746 1918 1075 1987 ἐπιστρέψω,
1116 1918 1427 1989 ἐπιστρέψω
1470 1921 1534 1973 ἐκ
1575 1920 1747 1989 βυθῶν

142 2004 472 2074 θαλάσσης.
507 2024 528 2054 ι
568 2005 753 2057 Ταῦτα
779 2006 886 2076 γάρ
916 2008 995 2068 είς
1023 2006 1217 2069 πλάτος
1246 2007 1342 2059 ἐπὶ
1367 2008 1460 2060 τοῦ
1493 2009 1748 2078 παρόντος

139 2096 507 2166 διεξέρχεται
539 2096 754 2163 λέγων·
786 2116 803 2148 4
834 2096 1012 2151 Σῶσόν
1047 2114 1131 2167 με,
1161 2099 1188 2149 6
1217 2096 1365 2163 Θεὸς,
1395 2101 1476 2152 ὅτι
1513 2099 1749 2169 εἰσήλθο-

144 2202 246 2239 σαν
288 2186 483 2238 ῦδατα
518 2185 629 2248 ’ἐως
678 2186 852 2256 ψυχῆς
887 2205 1008 2256 μου.
1050 2190 1344 2261 Ἐνεπάγην
1383 2192 1459 2254 εἰς
1494 2191 1622 2260 ὓλην
1654 2192 1745 2260 βυ-

142 2275 262 2338 θοῦ,
296 2276 404 2328 xui.
461 2274 573 2327 οὐκ
618 2275 764 2327 ἔστιν
803 2277 1112 2341 ὑπόστασις.
1145 2277 1340 2332 Ἦλθον
1385 2283 1462 2343 εἰς
1503 2281 1571 2334 τὰ
1611 2282 1745 2352 βάθη

143 2366 243 2435 τῆς
288 2366 602 2436 θαλάσσης
650 2367 745 2419 καὶ
785 2370 1032 2435 καταιγὶς
1062 2371 1410 2423 κατεπόντισέ⁹
1458 2389 1542 2442 με.
1573 2392 1591 2424 ι
1626 2374 1750 2425 Πει-

146 2459 412 2527 ςασμοὺς
460 2457 522 2509 δὲ
570 2458 665 2509 καϊ
699 2457 966 2527 διωγμοὺς
997 2461 1088 2513 καὶ
1119 2460 1503 2523 ἐπαναστάσεις
1542 2462 1748 2516 ἀσεϐῶν

144 2546 364 2616 ἀνδρῶν
397 2545 585 2599 εἴδατα
618 2546 800 2598 καλεῖν
830 2546 1016 2599 εἴωθεν
1042 2549 1071 2599 6
1098 2549 1267 2617 Λόγος
1286 2566 1299 2580 ⁸
1338 2549 1490 2603 Οῦτω
1522 2550 1649 2618 γοῦν
1674 2551 1749 2604 εῖ-

148 2653 312 2706 ρηται
364 2634 663 2704 ἀλλαχοῦ·
706 2654 723 2687 4
760 2638 863 2689 T6v
911 2639 1204 2711 χείμαρρον
1253 2639 1463 2711 διῆλθεν
1520 2643 1553 2711 ἡ
1605 2641 1747 2713 ψυχὴ

144 2729 304 2801 ἡμῶν
323 2746 339 2759 ·
373 2729 505 2799 ἄρα
533 2727 749 2796 διῆλθεν
774 2729 806 2797 ἡ
832 2727 975 2798 ψυχὴ
1000 2728 1152 2799 ἡμῶν
1191 2729 1251 2781 τὸ
1285 2729 1427 2801 ὕδωρ
1455 2732 1749 2784 ἀνυπόστα-

144 2835 251 2875 τον,
299 2837 319 2869 ι
358 2818 492 2869 Καὶ
532 2816 696 2879 αὐτὸς
727 2817 783 2868 δὲ
813 2817 841 2867 6
875 2818 1061 2887 Σωτὴρ
1094 2818 1335 2871 ἐδίδασκε
1358 2820 1512 2873 τοῦτο
1544 2821 1745 2889 λέγων’

150 2929 167 2959 4
204 2908 458 2977 Κατέὸη
499 2909 535 2977 ὴ
588 2905 777 2981 βροχὴ,
824 2902 983 2976 ἦλθον
1025 2908 1071 2959 οἱ
1102 2911 1353 2979 ποταμοὶ,
1400 2910 1660 2963 ἔπνευσαν
1696 2912 1745 2962 οἱ

143 3000 363 3070 ἄνεμοι,
403 2998 518 3051 xal.
565 2995 941 3066 προσέρρηξαν
978 3000 1041 3067 τῇ
1083 2998 1225 3069 οἰκίᾳ
1269 3001 1471 3071 ἐκείνῃ,
1508 3001 1602 3054 καὶ
1646 3002 1745 3054 οὐκ

143 3090 309 3144 ἔπεσε
333 3108 345 3120 ·
373 3088 759 3157 τεθεμελίωτο
791 3087 899 3158 γὰρ
936 3089 1026 3140 ἐπὶ
1082 3090 1179 3159 τὴν
1210 3090 1428 3161 πέτραν.
1462 3111 1481 3142 ι
1524 3092 1632 3144 Καὶ
1659 3092 1746 3145 διὰ

1846 1940 1949 1979 nus
1979 1943 1991 1978 :
2030 1922 2103 1976 Ex
2134 1923 2304 1977 Basan
2331 1931 2664 1986 convertam,
2696 1931 3003 1977 convertam
3025 1938 3092 1977 ex
3125 1922 3394 1992 profundo

1844 2014 2028 2068 maris.
2071 2031 2089 2064 ι
2143 2012 2269 2066 Haec
2300 2014 2452 2067 enim.
2483 2012 2655 2066 fusius
2690 2012 2746 2065 in
2779 2014 3031 2082 praesenti
3063 2021 3280 2066 enarrat
3308 2012 3395 2066 di-

1844 2119 1973 2158 cens
1998 2122 2013 2158 :
2046 2121 2065 2153 4
2100 2101 2319 2156 Salvum
2347 2118 2431 2157 me
2456 2101 2560 2167 fac,
2585 2103 2747 2166 Deus,
2774 2102 3027 2171 quoniam
3059 2103 3395 2158 intraverunt

1845 2208 1996 2263 aqua:
2028 2208 2198 2263 usque
2230 2192 2296 2246 ad
2320 2194 2550 2246 animam
2581 2206 2773 2245 meam.
2806 2191 3007 2246 lniixus
3040 2206 3158 2244 sum
3186 2192 3239 2245 in
3266 2191 3392 2245 limo

1844 2282 2118 2351 profundi,
2152 2290 2205 2336 et
2246 2296 2354 2335 non
2400 2288 2483 2335 est
2537 2280 2857 2335 substantia.
2898 2278 3033 2333 Veni
3068 2280 3121 2333 in
3150 2280 3391 2333 altitudi«

1846 2388 1970 2427 nem
2003 2372 2190 2436 maris,
2224 2379 2277 2426 et
2306 2378 2595 2440 tempestas
2624 2370 2877 2425 demersit
2920 2386 3024 2424 me.
3062 2390 3080 2422 ι
3119 2369 3392 2425 Tentatio-

1844 2480 1941 2518 nes
1972 2470 2172 2527 autem,
2218 2462 2526 2517 vexationes
2559 2471 2612 2515 et
2658 2460 2890 2516 insultus
2936 2459 3221 2529 impiorum
3250 2459 3392 2513 viro-

1844 2570 1985 2618 rum,
2037 2568 2204 2623 aquas
2243 2566 2436 2606 vocare
2478 2549 2769 2619 Scriptura:
2821 2566 2939 2605 mos
2977 2558 3081 2604 est.
3129 2549 3205 2603 lta
3248 2551 3390 2604 enim

1843 2642 2044 2697 dicitur
2106 2641 2233 2695 alibi
2289 2660 2303 2695 :
2370 2658 2390 2693 4
2457 2639 2771 2695 Torrentem
2808 2641 3155 2709 pertransivit
3213 2642 3392 2695 anima

1844 2740 2049 2795 nostra,
2080 2730 2305 2785 forsitan
2338 2730 2723 2799 pertransisset
2751 2730 2929 2783 anima
2972 2738 3165 2785 nostra
3197 2745 3392 2799 aquam

1845 2823 1962 2879 sine
1996 2821 2161 2875 fundo
2185 2821 2251 2875 ⁸¹.
2295 2839 2313 2873 ι
2345 2817 2693 2889 ldipsumque
2739 2819 2879 2874 idem
2933 2818 3186 2874 Servator
3236 2820 3396 2875 docet

1846 2913 1929 2966 his
1957 2912 2138 2967 verbis
2166 2928 2178 2964 :
2213 2928 2231 2960 4
2283 2909 2569 2964 Descendit
2598 2910 2811 2979 pluvia,
2852 2918 3115 2964 venerunt
3149 2908 3389 2973 ﬂumina.

1844 3000 2108 3055 ﬂaverunt
2139 3000 2304 3063 venti,
2336 3006 2391 3053 et
2419 2999 2757 3069 impegerunt
2791 3000 2845 3052 in
2877 3000 3095 3053 domum
3147 3000 3312 3065 illam,
3339 3009 3393 3054 et

1844 3105 1952 3143 non
1988 3088 2185 3144 cecidit
2215 3108 2227 3142 ε
2259 3087 2486 3143 fundata
2511 3089 2655 3141 enim
2681 3096 2798 3143 erat
2833 3103 2995 3157 supra
3029 3099 3233 3157 petram
3257 3091 3322 3145 ⁸⁸.
3366 3109 3387 3143 ι

145 3181 252 3233 τῶν
302 3178 713 3251 προκειμένων
758 3178 935 3231 τοίνυν
983 3179 1107 3241 τοὺς
1154 3182 1485 3250 πειρασμοὺς
1518 3182 1608 3233 καὶ
1649 3181 1740 3245 τάς

1846 3179 1901 3232 ln
1931 3179 2015 3233 his
2046 3180 2226 3247 itaque
2255 3177 2416 3232 dictis
2440 3178 2769 3232 tentationes
2804 3187 2857 3231 et
2902 3179 3129 3233 insidias
3161 3179 3264 3233 sibi
3293 3196 3391 3247 pa-

144 3271 267 3325 κατ’
296 3268 493 3323 αὑτοῦ
526 3266 838 3330 ἐπιϐουλὰς,
880 3268 1044 3322 ῦδατα
1088 3270 1364 3339 ὀνομάζων
1408 3271 1739 3340 εἰσεληλυθέ-

143 3378 229 3415 ναι
254 3362 367 3424 ἕως
405 3359 528 3427 τῆς
555 3358 736 3427 ψυχῆς
768 3358 929 3411 αὑτοῦ
962 3358 1216 3411 διδάσκει.
1263 3360 1381 3413 Ἐπὶ
1410 3362 1506 3431 μὲν
1531 3358 1620 3414 οὖν
1646 3363 1739 3415 τοῦ

156 3449 297 3513 Ἰὼϐ,
361 3447 597 3517 καίπερ
643 3447 790 3509 ὄντος
838 3445 1067 3516 ἀθλητοῦ
1126 3450 1386 3515 γενναίου,
1441 3450 1741 3521 γέγραπται

142 3538 394 3611 εἰρηκὼς
455 3538 485 3588 6
524 3536 656 3597 Θεὸς
702 3534 778 3606 τῷ
817 3538 1152 3607 πειράζοντιο
1204 3557 1222 3587 4
1264 3538 1391 3590 Ἰδοὺ
1434 3540 1607 3592 πάντα
1643 3542 1740 3596 ὅσα

143 3629 390 3700 ὑπάρχει
447 3625 603 3695 αὐτῷ
634 3625 823 3696 δίδωμι
855 3628 911 3678 ἐν
941 3629 1006 3696 τῇ
1038 3627 1176 3697 χειρί
1206 3644 1317 3692 σου,
1344 3630 1499 3698 μόνον
1524 3629 1618 3699 τὴν
1645 3630 1741 3699 ψυ-

142 3720 242 3790 χὴν
270 3717 470 3772 αὑτοῦ
502 3714 843 3783 διαφύλαξον.
878 3734 896 3766 ›
946 3716 1201 3769 Ἐνταῦθα
1228 3717 1283 3769 δὲ
1319 3719 1427 3788 τὴν
1447 3718 1619 3789 ψυχὴν
1647 3722 1741 3774 αὐ-

140 3810 239 3881 τὴν
292 3811 323 3862 ὁ
382 3805 688 3876 πειράζων
738 3804 1003 3876 πειράζει,
1053 3807 1172 3876 ἥτις
1218 3809 1343 3859 ποτέ
1374 3804 1440 3878 ἦν
1472 3809 1626 3880 αῦτη,
1673 3806 1740 3881 ἦς

146 3900 420 3970 μέμνητα
446 3896 547 3949 καὶ
581 3894 739 3956 αὐτὸς
764 3894 933 3961 λέγων
954 3912 968 3926 ⁶
1007 3914 1025 3945 4
1066 3895 1251 3957 Οὐδεὶς
1279 3895 1423 3964 αἴρει
1448 3898 1541 3965 τὴν
1566 3897 1739 3968 ψυχήν

152 4007 251 4059 μου
286 3991 387 4042 ἀπ’
435 3982 583 4053 ἐμοῦ
607 3999 618 4011 ·
650 3981 893 4045 ἐξουσίαν
925 3982 1030 4051 ἔχω
1059 3982 1227 4034 θεῖναι
1255 3984 1441 4053 αὐτὴν,
1468 3986 1561 4037 καὶ
1593 3985 1739 4050 ἐξου-

152 4079 276 4132 σίαν
322 4078 446 4147 ἔχω
495 4072 681 4125 λαϐεῖν
709 4072 877 4141 αὑτήν
901 4087 913 4099 ’
950 4090 968 4121 ι
1008 4072 1099 4123 καὶ
1138 4071 1324 4124 πάλιν·
1365 4091 1383 4123 4
1427 4074 1535 4143 Τὴν
1566 4074 1739 4145 ψυχήν

154 4183 256 4234 μευ
300 4164 521 4233 τίθημι
562 4160 703 4229 ὑπὲρ
743 4160 850 4213 τῶν
890 4159 1170 4230 προϐάτων
1205 4179 1336 4230 μου·
1370 4182 1388 4213 ι
1434 4164 1544 4227 καὶ,
1580 4183 1597 4213 4
1629 4163 1740 4218 Νῦν

151 4257 185 4323 ἡ
211 4255 365 4325 ψυχή
402 4266 516 4322 μου
546 4249 873 4318 τετάρακται
893 4266 904 4277 ·
946 4268 964 4299 ι
995 4250 1106 4310 καὶ,
1143 4268 1160 4299 4
1190 4249 1488 4320 Περίλυπός
1532 4252 1675 4304 ἐστιν
1705 4254 1738 4322 ἡ

152 4345 299 4414 ψυχή
358 4359 477 4413 μου
541 4339 648 4401 ἕως
694 4338 941 4391 θανάτου.
982 4358 1000 4388 ι
1049 4339 1207 4393 Ὅθεν
1263 4342 1355 4392 καὶ
1398 4340 1491 4394 νῦν
1543 4359 1734 4411 φησιν’

160 4454 179 4485 4
214 4437 345 4487 Ὅτι
390 4429 723 4500 είσήλθοσαν
752 4428 917 4481 ὕδατα
945 4427 1047 4491 ἐως
1077 4428 1249 4498 ψυχῆς
1295 4447 1392 4499 μου
1412 4447 1425 4460 ⁶
1461 4449 1481 4482 ι
1520 4430 1657 4483 κατὰ
1682 4431 1737 4483 δὲ

1839 3274 2005 3327 ratas,
2038 3282 2207 3336 aquas
2244 3281 2587 3335 nuncupans,
2640 3282 2809 3334 usque
2838 3266 2904 3319 ad
2953 3268 3186 3319 animam
3234 3282 3388 3320 suam

1837 3356 2049 3409 venisse
2099 3354 2275 3408 docet.
2330 3352 2404 3407 De
2460 3352 2594 3407 Jobo
2655 3368 2822 3416 sane,
2875 3356 3086 3408 tametsi
3134 3362 3388 3409 strenuus

1840 3445 2038 3498 athleta
2068 3452 2203 3511 erat,
2240 3445 2441 3499 dixisse
2466 3443 2633 3498 Deum
2665 3446 2915 3498 tentatori
2953 3444 3158 3499 fertur:
3198 3465 3214 3497 4
3253 3444 3388 3500 Ecce

1838 3536 2018 3589 omnia
2058 3551 2391 3604 quaecunque
2420 3536 2522 3604 ipsi
2558 3543 2684 3591 sunt
2711 3536 2780 3590 do
2815 3536 2868 3589 in
2902 3552 3061 3590 manu
3120 3545 3230 3600 tua,
3269 3546 3387 3591 tan-

1841 3634 1951 3679 tum
1988 3625 2221 3678 animam
2251 3624 2368 3692 ejus
2396 3635 2607 3679 servato
2629 3625 2695 3677 ⁸³.
2732 3644 2751 3676 ι
2788 3623 2886 3678 Hic
2916 3641 3040 3679 vero
3071 3626 3239 3695 ipsam
3271 3628 3389 3681 ani-

1838 3731 1977 3767 mam
2004 3722 2236 3770 tentator
2257 3713 2586 3783 aggreditur,
2611 3728 2727 3767 eam
2754 3714 2925 3782 ipsam
2964 3715 3168 3769 scilicet
3193 3715 3258 3770 de
3283 3731 3389 3786 qua

1838 3803 2096 3859 Dominus
2116 3804 2299 3857 dicit:4
2322 3802 2489 3857 Nemo
2503 3802 2640 3855 tollit
2658 3803 2887 3856 animam
2912 3818 3082 3857 meam
3100 3819 3129 3857 a
3148 3821 3231 3860 me
3254 3824 3267 3859 :
3297 3820 3391 3877 po-

1839 3900 2083 3948 testatem
2097 3893 2266 3947 habeo
2281 3891 2510 3961 ponendi
2538 3891 2681 3944 illam
2692 3900 2762 3957 ,et
2779 3900 3095 3961 potestatem
3116 3897 3286 3951 habeo
3302 3911 3391 3952 ac-

1840 3982 2071 4052 cipiendi
2099 3998 2215 4037 eam
2236 3982 2303 4036 ⁸⁸.
2341 4001 2360 4033 ι
2391 3982 2457 4035 Et
2489 3983 2713 4035 iterum:
2743 3999 2761 4031 4
2788 3982 3036 4034 Animam
3057 3999 3227 4037 meam
3248 4001 3389 4054 pono

1840 4088 1938 4143 pro
1971 4073 2162 4127 ovibus
2196 4072 2329 4126 meis
2352 4072 2418 4135 ⁸⁸,
2458 4090 2477 4122 ι
2513 4079 2585 4134 et,
2619 4089 2637 4122 4
2669 4068 2821 4123 Nunc
2837 4070 3014 4122 anima
3044 4086 3158 4125 mea
3177 4075 3386 4128 turbata

1838 4164 1975 4217 est”
1993 4171 2146 4229 νειμ
2158 4162 2351 4216 Tristis
2367 4168 2448 4217 est
2464 4161 2638 4214 anima
2658 4176 2772 4215 mea
2790 4175 2956 4227 usque
2970 4160 3035 4212 ad
3055 4163 3348 4216 mortem".
3362 4183 3381 4215 ι

1841 4253 2199 4318 Quamobrem
2240 4269 2384 4306 nunc
2410 4266 2624 4321 quoque
2654 4251 2728 4303 ait
2765 4268 2778 4303 :
2809 4268 2827 4299 4
2856 4248 3118 4313 Quoniam
3152 4250 3387 4304 intrave-

1840 4352 1965 4397 runt
1983 4358 2133 4413 aqua:
2161 4358 2329 4412 usque
2341 4342 2407 4395 ad
2428 4343 2661 4394 animam
2695 4354 2862 4393 meam
2884 4357 2896 4391 :
2920 4340 3072 4393 tsive
3090 4340 3387 4395 secundum

1843 4430 2219 4508 Symmachum
2244 4451 2257 4485 :
2283 4452 2301 4483 4
2326 4431 2585 4497 Quoniam
2599 4438 2941 4483 accesserunt
2957 4443 3109 4497 aqua:
3130 4445 3297 4499 usque
3318 4431 3385 4483 ad

153 4526 246 4576 τὸν
300 4491 652 4593 Σύμμάχον·
711 4538 728 4568 4
762 4519 882 4570 Ὅτι
914 4491 1365 4588 ἐπῆλθενηῦδατα
1412 4521 1513 4584 ἕως
1565 4522 1739 4591 ψυχῆς

1844 4509 2074 4572 animam
2089 4495 2281 4573 meam.
2308 4538 2326 4570 ι
2353 4518 2547 4572 Deinde
2569 4515 2842 4585 subjungit
2868 4533 2881 4567 :
2917 4533 2935 4565 4
2964 4514 3164 4571 lnﬁxus
3183 4534 3299 4572 sum
3333 4519 3387 4572 in

160 4630 286 4681 μου.
335 4634 356 4664 ι
414 4608 561 4665 Εἶτα
592 4610 862 4677 ἐπιλέγει·
896 4627 914 4659 4
962 4610 1259 4679 Ἐνεπάγην
1292 4613 1367 4673 εἰς
1394 4610 1522 4680 ῦλην
1558 4611 1738 4681 βυθοῦ,

160 4702 254 4752 καὶ
281 4703 391 4755 οὐκ
441 4700 595 4751 ἔστιν
625 4697 919 4758 ὑπόστασις
944 4713 957 4726 ·
995 4716 1012 4747 ι
1042 4698 1181 4749 κατὰ
1216 4697 1272 4748 δὲ
1299 4698 1385 4750 τὸν
1410 4699 1696 4768 Σύμμαχον
1721 4716 1736 4729 ο

165 4810 184 4841 4
233 4789 625 4858 Ἑόαπτίσθην
667 4792 747 4851 εἰς
792 4788 1124 4858 ἀπεράντους
1153 4789 1486 4853 καταδύσεις,
1513 4793 1606 4844 καὶ
1643 4793 1742 4843 οὐκ

162 4880 279 4933 ἐστι
308 4882 534 4941 στάσις,
567 4898 585 4929 ι
620 4879 928 4947 ἡρμήνευσε
951 4896 963 4907 ·
997 4878 1197 4947 σφόδρα
1226 4878 1544 4941 ἀκολούθως.
1578 4881 1742 4932 Ἔνθα

162 4968 271 5039 γὰρ
296 4970 409 5021 οὐκ
433 4964 509 5036 ἦν.
530 4967 717 5027 στάσις
743 4965 964 5036 ἑτέροις,
994 4965 1079 5017 διὰ
1103 4965 1163 5016 τὸ
1187 4966 1387 5028 πάντας
1415 4967 1538 5027 τοὺς
1559 4966 1740 5019 αὐτόθι

168 5059 547 5118 κατελθόντας
596 5055 794 5124 ὀλίσθῳ
841 5056 1150 5125 περιπεσεῖν
1199 5057 1289 5107 καὶ
1346 5057 1739 5127 κατασύρεσθαι

168 5147 278 5199 ὑπὸ
320 5146 443 5198 τῶν
474 5144 570 5197 τοῦ
603 5144 835 5196 θανάτου
880 5144 1179 5211 ῥευμάτων,
1208 5144 1434 5196 ἐνταῦθα
1462 5146 1554 5196 καὶ
1582 5145 1741 5207 αὐτὸς

169 5232 357 5304 ἦλθον,
392 5233 633 5303 ὁπηνίκα
661 5233 742 5293 είς
775 5231 842 5282 τὰ
881 5231 1016 5301 βάθη
1041 5232 1141 5299 τῆς
1181 5232 1447 5302 θαλάσσης
1481 5232 1736 5303 ἐλήλυθα’

174 5325 228 5392 ἢ,
260 5326 411 5377 κατὰ
438 5325 526 5376 τὸν
562 5322 876 5389 Σύμμαχον,
905 5340 921 5371 4
955 5322 1209 5391 Είσῆλθον
1237 5324 1314 5383 εἰς
1352 5322 1419 5374 τὰ
1461 5321 1595 5391 βάθη
1636 5322 1741 5375 τῶν

172 5415 405 5473 ὑδάτων,
455 5415 549 5467 καὶ
583 5410 801 5482 ῥεῖθρον
843 5412 1101 5464 ἐπέκλυσέ
1137 5429 1221 5481 με.
1261 5432 1278 5462 ι
1315 5411 1425 5463 Καὶ
1464 5411 1531 5463 τά
1572 5429 1743 5481 παρα·

166 5503 374 5570 πλήσια
411 5502 470 5557 δὲ
524 5501 744 5560 τούτοις
778 5499 867 5549 καὶ
905 5502 1083 5565 Ἰωνᾶς
1128 5503 1156 5554 6
1197 5504 1475 5573 προφήτης
1509 5501 1613 5554 ἀπὸ
1645 5502 1743 5570 τῆς

229 5655 273 5682 ⁷⁶
312 5654 468 5711 Psal.
512 5664 699 5710 Lm",
734 5647 787 5707 5,
830 5648 878 5700 6.

151 5720 195 5749 ⁸³
230 5719 331 5775 10b
373 5737 449 5789 tl,
495 5725 551 5775 (5.

966 5655 1007 5683 ⁷⁷
1051 5654 1175 5708 ibid.
1219 5654 1300 5706 19..

1844 4608 1969 4662 limo
1984 4609 2255 4676 profundi,
2289 4619 2341 4662 et
2370 4624 2475 4661 non
2523 4618 2605 4661 est
2650 4605 2988 4671 substantia;
3030 4627 3047 4658 ι
3090 4608 3384 4662 secundum

1846 4695 2223 4766 Symmachum
2242 4712 2396 4750 vero:
2424 4693 2747 4749 41mmersus
2764 4708 2881 4746 sum
2902 4693 2956 4745 in
2976 4694 3211 4748 infinitas
3234 4710 3385 4747 vora-

1844 4788 2012 4856 gines,
2052 4794 2105 4840 et
2136 4800 2242 4840 non
2272 4792 2352 4839 est
2405 4792 2599 4846 status,
2649 4802 2666 4833 »
2712 4780 3047 4849 explicatur;
3087 4789 3140 4836 et
3168 4782 3385 4851 quidem

1843 4893 1874 4930 e
1907 4891 1964 4930 re
1992 4874 2299 4929 admodum.
2328 4872 2457 4925 Nam
2490 4872 2579 4924 ubi
2620 4871 2797 4924 nullus
2840 4870 3015 4922 standi
3045 4870 3235 4925 modus
3266 4871 3387 4925 aliis

1844 4974 1979 5028 erat,
2019 4965 2143 5033 quia
2170 4970 2430 5030 quotquot
2455 4974 2519 5011 eo
2554 4958 2943 5012 descenderant
2989 4958 3045 5011 in
3097 4959 3385 5027 perniciem

1847 5055 2013 5115 ibant,
2039 5061 2091 5107 et
2136 5068 2165 5105 a
2200 5052 2450 5105 fluctibus
2485 5049 2674 5101 mortis
2711 5047 3148 5110 detrahebantur,
3199 5050 3385 5102 eodem

1846 5144 2049 5197 accessi
2094 5143 2305 5211 quando
2339 5138 2451 5192 veni
2503 5137 2558 5189 in
2610 5137 2945 5190 altitudinem
3002 5138 3382 5204 maris;sive,

1847 5235 2142 5291 secundum
2180 5228 2577 5302 Symmachum,
2625 5245 2642 5275 4
2679 5224 2961 5293 Ingressus
2993 5242 3112 5281 sum
3161 5228 3212 5279 in
3263 5244 3385 5295 pru-

1849 5327 2070 5379 fundum
2102 5302 2379 5393 aquarum,
2405 5327 2456 5371 et
2488 5316 2681 5369 ﬂuctus
2712 5317 2991 5370 inundavit
3013 5334 3114 5371 me.
3153 5337 3171 5368 ι
3208 5317 3272 5370 Ει
3302 5320 3384 5372 his

1847 5414 2040 5468 similia
2076 5411 2240 5465 Jonas
2279 5407 2530 5479 propheta
2554 5420 2582 5455 ιι
2610 5414 2798 5458 ventre
2825 5405 2929 5459 ceti
2972 5412 3223 5473 precatus
3252 5410 3385 5462 scri-

1848 5505 2023 5567 bitur;
2064 5502 2136 5554 ait
2166 5501 2322 5570 igitur
2353 5496 2477 5549 ille:
2524 5513 2540 5543 4
2583 5492 2924 5549 Circumfusa
2956 5506 3038 5549 est
3080 5497 3213 5550 mihi
3247 5514 3385 5567 aqua

1408 5655 1453 5685 "
1492 5652 1617 5706 ibid.
1656 5651 1740 5704 2|.

1844 5654 1932 5685 ⁸-8ο
1975 5654 2101 5706 ibid.
2139 5653 2224 5707 54,
2298 5645 2500 5699 ⁸³Ρειι1.
2539 5648 2799 5708 οχχιιιῶ.
2862 5650 2918 5679 "’
2938 5648 3119 5702 Matth.
3161 5665 3256 5714 vn,
3295 5649 3380 5705 25

636 5720 685 5749 ⁸³
728 5714 880 5771 loan.
917 5736 967 5787 x,
1005 5723 1063 5779 18
1158 5724 1202 5755 ⁸⁵
1240 5722 1368 5778 ibid.
1416 5723 1499 5776 15.
1573 5723 1617 5756 ⁸⁸
1652 5719 1740 5774 Joa

1858 5738 1952 5790 xtl,
1991 5722 2078 5787 27.
2153 5724 2193 5753 ⁸⁷
2237 5718 2419 5775 Matth.
2460 5730 2598 5779 xxvi,
2639 5716 2726 5768 58.
