3796 6360
182 388 297 440 7‘29
1330 388 1821 445 COMMENTARIA
1860 390 1922 444 ιΝ
1965 386 2292 442 PSALMOS.
3286 387 3386 439 750

187 501 353 554 αὐτὸν
400 498 846 574 πεπληρωμένον
888 509 943 560 ὲν
974 507 1049 577 τῷ
1078 506 1213 561 κατὰ
1246 506 1494 574 Ἰωάννην
1534 507 1686 573 Εὐαγ·

1889 506 2060 559 Iicitur
2095 523 2108 558 :
2148 523 2167 555 ‹
2222 503 2288 556 Et
2325 500 2561 556 ascendit
2589 499 2746 554 Jesus
2788 499 3191 570 Jerosolymam,
3223 505 3275 551 et
3304 501 3388 552 in-

189 592 319 661 λίῳ,
342 592 399 643 ὲν
430 582 476 657 ᾧ
500 591 850 663 γέγραπται·
889 616 906 647 ‹
940 597 1046 648 Kal.
1074 597 1236 666 ἀνέϐη
1265 598 1293 648 6
1332 595 1532 665 Ἰησοῦς
1558 597 1635 657 είς
1670 596 1683 613 ⁹

1889 595 2011 646 lenit
2039 594 2093 645 in
2129 592 2326 659 templo
2356 588 2645 642 vendentes
2679 602 2805 642 oves
2836 595 2889 641 et
2920 588 3080 640 boves
3107 596 3157 639 et
3184 587 3388 640 colum-

194 681 499 751 ροσόλυμα,
535 683 632 737 καὶ
660 677 821 754 εὗρεν
851 687 907 737 ὲν
933 686 1008 754 τῷ
1042 686 1166 754 ἱερῷ
1196 685 1432 755 πρόϐατα
1460 684 1693 736 πωλοῦντ

1894 699 1983 737 ias.
2020 702 2037 733 ι
2070 682 2268 735 Deinde
2287 690 2565 749 postquam
2593 678 2836 746 ejecisset
2858 693 2949 731 eos
2976 677 3194 730 dicens:
3229 695 3247 727 ι
3285 677 3393 729 Au-

189 771 291 824 καὶ
324 770 459 839 βόας
503 771 600 823 καὶ
641 776 989 844 περιστεράς.
1025 794 1041 825 ι
1091 772 1198 826 Εἶθ’
1231 774 1303 836 ὡς
1344 773 1505 843 ήλασε
1548 772 1688 824 τούτε

1891 781 2000 827 erte
2035 773 2136 826 ista
2173 771 2335 834 hinc;
2372 769 2537 822 nolite
2576 768 2751 820 facere
2804 765 3018 820 domum
3070 765 3243 820 Patris
3288 766 3390 819 mei

188 861 401 913 εἰπών’
439 880 461 911 ι
504 862 710 930 Ἄρατε
733 863 902 915 ταῦτα
947 864 1208 926 ἐντεῦθεν,
1243 863 1315 932 μὴ
1347 865 1543 914 ποιεῖτε
1574 862 1664 913 τὸν

1893 863 2081 914 lomum
2128 859 2521 927 negotiationis,
2551 875 2569 907 ι
2598 856 2780 910 subdit
2827 854 3192 922 evangelista:
3230 872 3249 903 ε
3289 853 3392 907 Re-

188 969 291 1004 κον
326 950 430 1003 τοῦ
482 952 703 1022 Πατρός
756 969 855 1022 μου
898 950 1039 1005 οἷκον
1077 953 1353 1022 ἐμπορίου,
1391 970 1409 1002 ι
1459 950 1687 1017 ἐπιλέγει

1893 946 2070 999 :ordati
2096 954 2221 999 sunt
2240 944 2483 1012 discipuli
2508 944 2622 1011 ejus
2650 943 2772 1009 quia
2800 943 3056 1008 scriptum
3080 948 3162 995 est
3190 960 3202 994 :
3237 941 3392 995 Zelus

185 1044 644 1117 εὐαγγελιστής·
700 1064 719 1096 ί
769 1045 1141 1115 Ἐμνήσθησαν
1193 1045 1240 1096 οἱ
1299 1042 1530 1111 μαθηταὶ
1584 1042 1684 1093 αὐτη

1888 1032 2058 1086 lomus
2111 1040 2213 1085 tua:
2260 1030 2490 1083 comedit
2540 1044 2624 1082 me
2644 1028 2707 1082 9".
2772 1046 2790 1077 ι
2847 1027 2951 1080 Sed
3013 1027 3172 1080 etiam
3222 1028 3387 1090 illud,

186 1134 275 1186 ὅτι
306 1138 715 1206 γεγραμμένον
748 1136 919 1188 ἐστίν’
959 1136 1016 1187 '0
1041 1135 1193 1204 ζῆλος
1224 1133 1315 1186 τοῦ
1342 1136 1487 1188 οῐκου
1510 1147 1599 1182 σου
1646 1148 1685 1181 κε

1929 1122 2196 1175 Dederunt
2227 1121 2280 1173 in
2310 1134 2487 1174 escam
2522 1133 2691 1171 meam
2717 1117 2807 1181 fel,
2845 1125 2897 1170 et
2926 1117 2980 1169 in
3022 1116 3110 1170 siti
3140 1130 3257 1171 mea
3297 1130 3394 1184 po-

183 1223 366 1291 έφαγέ
559 1204 581 1276 -ι
638 1226 797 1277 Ἀλλά
838 1225 929 1277 καὶ
977 1224 1054 1285 τὸ,
1087 1242 1105 1273 ι
1154 1223 1393 1275 Ἐδωκαν
1435 1222 1512 1282 είς
1579 1218 1682 1288 βρῶ

1893 1217 2119 1262 averunt
2151 1224 2234 1261 me
2260 1216 2431 1268 aceto,
2468 1225 2485 1257 ι
2527 1205 2667 1273 quod
2701 1206 2756 1257 in
2788 1205 2888 1257 hoc
2915 1205 3121 1272 psalmo
3146 1204 3390 1265 habetur,

184 1327 295 1379 μου
322 1311 526 1380 χολὴν,
553 1312 649 1366 καὶ
672 1314 749 1373 είς
774 1312 870 1379 τὴν
896 1310 1047 1379 δίψαν
1072 1327 1169 1379 μου
1202 1308 1450 1361 ὲπότισάν
1485 1322 1549 1375 με
1582 1305 1683 1369 ὄξος

1888 1315 1932 1350 ex
1963 1313 2189 1366 persona
2218 1295 2509 1348 Salvatoris
2540 1293 2923 1347 nostridictum
2952 1293 3274 1353 declaratur,
3304 1308 3387 1346 se-

180 1399 245 1450 ὲν
278 1379 400 1461 τοῖς
434 1400 581 1467 μετά
613 1402 800 1469 χεῖρας
826 1399 1090 1466 κείμενον,
1120 1400 1181 1449 ὲκ
1222 1394 1505 1466 προσώπου
1532 1392 1623 1445 τοῦ
1658 1394 1679 1442 ὶ

1894 1386 2100 1438 undum
2138 1382 2414 1443 Joannem,
2459 1382 2550 1451 qui
2600 1383 2715 1433 ait:
2749 1400 2767 1430 ι
2804 1380 2993 1435 Postea
3026 1381 3211 1435 videns
3238 1379 3393 1435 Jesus

178 1487 355 1559 τῆρος
417 1490 455 1557 ὴ
466 1488 589 1557 μῶν
655 1468 1065 1558 μεμαρτύρηται
1116 1484 1457 1551 λελεγμένον,
1488 1481 1624 1533 κατὰ

1897 1475 1990 1542 Luia
2037 1473 2215 1526 omnia
2245 1478 2611 1526 consummata
2643 1478 2788 1533 sunt,
2822 1477 2880 1522 ut
2911 1470 3217 1538 impleretur
3250 1468 3396 1523 Scri-

192 1557 494 1646 Ὶωάννην,
526 1577 792 1647 φήσαντα·
828 1593 845 1626 ι
878 1575 1028 1629 Μετὰ
1049 1573 1218 1625 ταῦτα
1246 1571 1363 1623 ἰδὼν
1385 1573 1412 1622 6
1444 1567 1662 1637 Ἰησοῦς,
1688 1591 1691 1609 ε

1892 1571 2043 1627 itura,
2065 1561 2201 1613 dixit
2229 1580 2243 1615 :
2278 1558 2432 1613 Sitio.
2455 1557 2561 1610 Vas
2585 1567 2697 1612 erat
2722 1559 2951 1626 positum
2982 1566 3131 1613 aceto
3160 1559 3391 1625 plenum.

179 1666 374 1717 πάντα
403 1644 728 1716 τετέλεσται
753 1664 874 1733 ήδη.
903 1664 989 1715 ἵνα
1016 1661 1269 1732 πληρωθῇ
1292 1662 1323 1729 ἡ
1353 1657 1558 1728 Γραφὴ,
1582 1656 1675 1722 λέγ

1897 1650 1947 1701 Ιιὶ
1986 1654 2160 1701 autem
2197 1648 2471 1715 spongiam
2504 1645 2713 1713 plenam
2763 1652 2913 1698 aceto
2942 1660 3062 1697 cum
3106 1644 3226 1698 felle
3270 1645 3396 1714 hys-

178 1752 363 1821 Διψῶ.
413 1752 643 1821 Λεκάνη
672 1750 846 1809 ἔκειτο
885 1750 1034 1815 ὄξους
1065 1750 1231 1819 μεστή
1252 1766 1264 1778 ο
1302 1748 1532 1813 σπόγγον
1557 1739 1647 1795 οὖν

1899 1752 1998 1806 opo
2048 1737 2551 1804 circumponeutes,
2596 1736 2904 1791 obtulerunt
2946 1736 3024 1789 ori
3079 1734 3214 1802 ejus.
3263 1733 3394 1788 Cum

180 1844 311 1894 στὸν
366 1842 708 1912 ποιήσαντες
745 1840 897 1904 ὄξους
951 1840 1083 1909 μετά
1125 1838 1303 1907 χολῆς,
1340 1835 1568 1902 ὑσσώπῳ
1610 1849 1676 1883 πε

1895 1841 1981 1895 rgo
2026 1825 2318 1893 accepisset
2368 1823 2524 1877 Jesus
2576 1832 2783 1877 acetum
2840 1839 2960 1877 cum
3012 1824 3171 1889 felle,
3221 1824 3394 1877 dixit;

177 1934 403 1997 θέντες,
460 1934 846 2002 προσήνεγκαν
896 1931 1058 1982 αὐτοῦ
1101 1929 1175 1998 τῷ
1218 1928 1457 1997 στόματι.
1506 1925 1629 1975 ’Ὀτε
1674 1948 1676 1959 ‹

1897 1917 2251 1969 lonsummata
2280 1924 2361 1967 est
2388 1923 2439 1967 et
2467 1915 2581 1967 haec
2630 1913 2907 1982 Scriptura
2927 1916 2993 1976 ”,
3032 1933 3051 1965 ι
3103 1923 3156 1968 et
3204 1920 3396 1968 calet-tt

177 2025 386 2078 ἔλαϐεν
440 2025 472 2076 6
524 2021 733 2092 Ἰησοῦς
774 2023 835 2074 τὸ
875 2021 991 2085 ὅξος
1025 2018 1159 2089 μετὰ
1190 2018 1369 2087 χολῆς,
1409 2012 1524 2067 εἶπε
1549 2030 1561 2044 ο
1608 2013 1676 2063 Τε

1908 2020 1988 2057 um
2013 2005 2076 2056 ad
2105 2019 2387 2072 personam
2421 2002 2724 2059 Servatoris
2769 2006 2939 2058 nostri
2967 2006 3272 2059 referuntur
3302 2022 3317 2069 ;
3346 2011 3398 2059 et

175 2117 382 2169 λεσται
444 2116 548 2169 καὶ
591 2113 728 2184 αὕτη
772 2116 804 2183 ή
851 2113 1057 2183 Γραφὴ,
1096 2130 1113 2161 ι
1155 2108 1344 2163 καὶτὰ
1388 2106 1545 2159 λοιπὰ
1586 2104 1641 2155 δὲ

1870 2096 1984 2149 sine
2012 2095 2118 2147 ulla
2153 2093 2407 2147 violentia
2436 2094 2929 2161 interpretationem
2961 2094 3099 2147 banc
3124 2101 3342 2148 tuentur

177 2207 506 2276 πρόσωπσν
551 2200 646 2256 τοῦ
692 2203 939 2272 Σωτῆρος
981 2200 1130 2271 ήμῶν
1169 2199 1555 2268 ἀναφερόμενα,
1601 2193 1759 2257 σώζοι
1783 2188 2094 2243 άναὸίαστον
2127 2186 2200 2257 (1)
2236 2187 2330 2254 τὴν
2358 2186 2665 2255 ἑρμηνείαν.

255 2317 276 2347 ι
305 2295 630 2348 Ἐκοπίασα
674 2292 911 2363 κράζων,
964 2292 1318 2362 ὲῦραγχίασεν
1356 2293 1383 2343 6
1408 2289 1607 2360 λάρυγξ
1642 2304 1754 2357 μου,

1939 2279 2099 2333 Vens.
2132 2279 2187 2342 4,
2219 2279 2270 2331 5.
2318 2296 2335 2327 ι
2380 2278 2643 2331 Laboravi
2694 2278 2958 2342 clamans,
3010 2292 3186 2331 raucae
3243 2278 3398 2331 facta

178 2388 453 2454 ἐξέλιπον
498 2388 550 2437 ot
592 2383 859 2453 ὀφθαλμοί
902 2401 999 2453 μου
1039 2383 1145 2435 ἀπὸ
1174 2382 1266 2434 τοῦ
1308 2381 1539 2443 ἐλπίζειν
1580 2396 1644 2449 με

1899 2385 1994 2428 unt
2044 2374 2228 2427 fauces
2262 2387 2412 2435 meae,
2442 2370 2756 2425 defecerunt
2787 2369 2926 2424 oculi
2958 2371 3058 2425 mei
3091 2370 3215 2423 dum
3240 2385 3398 2438 spero

177 2475 272 2529 τὸν
317 2475 466 2528 Θεόν
506 2490 633 2544 μου.
674 2491 692 2523 ι
758 2473 867 2525 Kal.
904 2472 1073 2525 ταῦτα
1118 2473 1173 2523 ἐν
1214 2471 1293 2540 τῷ
1335 2470 1472 2522 κατὰ
1522 2469 1676 2521 Ἰωάνε

1903 2480 1919 2516 ι
1949 2463 2112 2516 Deum
2146 2476 2342 2515 meum.
2369 2479 2388 2512 ι
2420 2460 2541 2514 Ilaec
2563 2475 2774 2529 quoque
2811 2461 2865 2512 in
2890 2458 3175 2527 Evangelio
3205 2474 3400 2512 secun-

178 2562 513 2634 ὲπληροῢτο
545 2561 860 2631 Εὐαγγελίῳ
883 2577 895 2589 ·
941 2562 996 2613 ὲν
1034 2553 1077 2626 ᾧ
1106 2560 1341 2628 εἱστήκει
1378 2560 1405 2610 6
1447 2555 1646 2627 Ἰησοῦς

1908 2568 1995 2606 um
2028 2552 2284 2606 Joannem
2318 2552 2535 2619 impleta
2583 2551 2845 2611 feruntur,
2874 2551 3089 2618 quando
3116 2550 3290 2602 stabat
3314 2548 3400 2603 Je-

180 2653 401 2724 ἔκραζε
448 2652 666 2719 λέγων·
711 2669 728 2701 t
770 2652 889 2702 Ἐάν
934 2667 1016 2712 τις
1058 2649 1210 2719 διψᾷ,
1256 2648 1492 2718 ἐρχέσθω
1532 2648 1664 2717 πρὸς

1903 2661 1963 2698 us
1994 2650 2046 2696 et
2075 2642 2158 2696 bis
2182 2640 2360 2695 verbis
2393 2640 2658 2694 clamabat
2689 2660 2701 2694 :
2738 2658 2755 2691 ι
2794 2639 2849 2693 Si
2883 2639 3005 2709 quis
3052 2639 3187 2703 sitit,
3221 2639 3402 2694 veniat

182 2745 281 2798 καὶ
320 2742 572 2796 πινέτωυ
601 2761 619 2792 ι
654 2736 807 2802 αὖθις
844 2740 899 2791 δὲ
931 2740 1161 2809 εἴρηταιο
1201 2757 1219 2788 ‹
1263 2737 1463 2808 Ἰησοῦς
1492 2737 1547 2789 δὲ
1573 2736 1681 2805 ἕκρ<

1898 2733 1935 2785 ,(1
1966 2746 2050 2785 me
2083 2740 2134 2784 et
2171 2730 2319 2784 bibat
2343 2732 2409 2783 ⁸⁸.
2444 2749 2462 2779 ι
2494 2728 2706 2785 Rursus
2756 2744 2970 2798 quoque
3013 2730 3215 2783 dictum
3266 2735 3352 2781 est
3382 2744 3397 2782 :

181 2838 281 2889 καὶ
342 2834 575 2900 ἔλεγενο
625 2832 682 2883 Ὀ
724 2830 983 2882 πιστεύων
1027 2831 1104 2892 είς
1151 2829 1248 2898 ἐμὲ
1299 2828 1358 2880 ού
1407 2826 1644 2879 πιστεύει

1935 2819 2093 2873 Jesus
2126 2827 2301 2871 autem
2334 2818 2600 2870 clamabat
2630 2826 2684 2872 et
2703 2818 2906 2871 dicebat
2940 2837 2952 2870 :
2990 2816 3091 2881 Qui
3140 2817 3305 2870 credit
3346 2816 3402 2869 in

182 2927 316 2999 ἐμὲ,
372 2924 496 2978 ἀλλ’
532 2924 611 2983 εἰς
650 2922 741 2973 τὸν
782 2918 1067 2989 πέμψαντά
1109 2935 1193 2987 με.
1228 2917 1333 2969 Kal.
1365 2918 1393 2969 ὁ
1425 2916 1636 2986 θεωρῶν
1669 2919 1681 2967 ἑ

1903 2924 1980 2971 ne,
2006 2923 2111 2961 non
2146 2907 2319 2961 credit
2348 2907 2402 2959 in
2436 2922 2540 2973 me,
2564 2907 2656 2961 sed
2681 2907 2732 2959 in
2757 2921 2877 2960 eum
2910 2907 2997 2977 qui
3020 2920 3103 2959 me
3146 2905 3311 2959 misit.
3336 2903 3402 2957 Et

182 2990 402 3087 θεωρεῖ
433 3014 530 3066 τὸν
565 3009 855 3081 πέμψαντά
896 3026 980 3079 με.
1021 3006 1159 3075 Ἐγὼ
1185 3007 1295 3076 φῶς
1327 3010 1405 3069 είς
1445 3006 1535 3057 τὸν
1567 3006 1681 3074 κὸσε

1909 2996 1959 3048 ui
1990 2994 2131 3047 videt
2159 3009 2263 3055 me,
2294 2994 2439 3047 videt
2471 3008 2593 3047 eum
2627 2993 2718 3061 qui
2746 2993 2891 3045 misit
2931 3008 3032 3045 me.
3061 2991 3170 3060 Ego
3218 2991 3307 3043 lux
3343 2990 3401 3044 in

181 3080 476 3179 ἐλήλυθα,
511 3102 597 3154 ἴνα
640 3080 746 3161 πᾶς
777 3101 805 3152 6
837 3098 1102 3151 πιστεύων
1132 3098 1210 3159 είς
1241 3097 1339 3166 ἐμὲ
1380 3098 1437 3149 ὲν
1480 3098 1542 3165 τῇ
1581 3112 1680 3147 σκο

1897 3085 2129 3139 uundum
2155 3084 2297 3145 veni,
2328 3090 2388 3136 ut
2424 3082 2602 3137 omnis
2623 3082 2715 3150 qui
2748 3081 2917 3135 credit
2947 3081 3132 3147 inme,
3169 3080 3222 3132 in
3246 3086 3396 3134 tene-

184 3168 281 3270 μὴ·
335 3196 529 3267 μείνῃ.
561 3213 578 3245 ι
621 3192 732 3244 Kal.
780 3189 871 3242 ἐπὶ
902 3187 993 3241 τοῦ
1022 3186 1267 3256 Λαζάρου
1311 3186 1365 3238 δὲ
1409 3185 1612 3256 ἐπάρας
1642 3202 1683 3236 τε

1906 3174 1980 3228 ris
2003 3188 2109 3225 non
2128 3179 2339 3225 maneat
2351 3172 2416 3223 "'.
2447 3190 2465 3222 ι
2498 3170 2557 3223 Et
2584 3186 2741 3239 super
2759 3168 3013 3221 Lazarum
3047 3168 3262 3222 elevatis
3280 3182 3402 3222 ocu-

567 3277 732 3333 αὐτοῦ
776 3280 856 3339 εἰς
898 3277 989 3328 τὸν
1030 3274 1252 3344 οὐρανὸν
1305 3270 1449 3325 εἷπε·
1507 3291 1525 3322 ι
1566 3273 1677 3325 Πάτ

1897 3263 1939 3316 is
1959 3263 2071 3316 suis
2119 3261 2174 3313 in
2215 3261 2409 3314 caelum
2449 3261 2626 3313 dixit:
2666 3277 2684 3307 ι
2720 3258 2896 3320 Pater,
2938 3259 3134 3326 gratias
3182 3272 3281 3327 ago
3302 3258 3396 3311 tibi

183 3347 523 3449 εύχαριστῶ
556 3388 659 3433 σοι,
695 3370 776 3422 ὅτι
808 3364 1043 3437 ήκουσάς
1077 3380 1196 3433 μου.
1243 3361 1379 3429 Ἐγὼ
1409 3362 1465 3413 δὲ
1497 3362 1659 3431 ᾔδειν,

1900 3353 1997 3421 μιίσ
2030 3350 2224 3405 audisti
2254 3366 2359 3404 me.
2387 3349 2497 3419 Ego
2526 3356 2701 3402 autem
2749 3348 2981 3400 sciebam
3034 3347 3158 3415 quia
3188 3361 3399 3416 semper

482 3479 586 3533 μου
620 3436 854 3519 ἀκούεις.
901 3456 1009 3509 Kal
1053 3454 1221 3505 ταῦτα
1264 3450 1449 3513 εἰπὼν,
1489 3453 1636 3519 φωνῇ
1673 3468 1681 3519 ι

1901 3457 1957 3495 ne
1979 3439 2152 3494 audis.
2184 3439 2388 3493 Etcum
2412 3438 2524 3492 haec
2551 3438 2792 3501 dixisset,
2822 3450 2953 3489 voce
2976 3449 3165 3504 magna
3200 3436 3400 3488 clama—

184 3557 350 3627 γάλῃ
394 3523 748 3623 ὲκραύγασεο
799 3547 1033 3615 Λάζαρε,
1077 3541 1231 3612 δεῦρο
1276 3541 1395 3607 ιεω.
1429 3559 1448 3591 ι
1493 3538 1683 3593 una:

1901 3531 1948 3583 'it
1982 3546 1996 3582 :
2030 3529 2250 3592 Lazare,
2298 3528 2415 3583 veni
2469 3526 2696 3583 foras".
2737 3545 2755 3578 ι
2792 3523 2898 3579 Sed
2953 3525 3113 3579 etiam
3168 3524 3235 3578 de
3282 3524 3400 3593 ipso

185 3614 497 3703 κατςάὒτδ
525 3614 783 3699 τὸπάθος
811 3614 1008 3704 ἱστορεῖ
1033 3636 1061 3687 6
1082 3631 1352 3692 Ματθαῖος
1375 3629 1571 3697 λέγων.
1610 3628 1684 3681 (Ἃ

1903 3620 2140 3678 ιοεείοηίε
2159 3626 2401 3689 tempore
2427 3617 2542 3672 haec
2558 3622 2745 3670 narrat
2773 3615 3052 3669 Matthaaus
3080 3632 3095 3668 :
3129 3632 3149 3664 ‹
3186 3614 3230 3667 Α
3251 3622 3402 3670 sexta

184 3736 244 3792 δὲ
298 3736 481 3803 ἕκτης
510 3729 660 3799 ὥρας
710 3725 895 3787 σκότος
934 3703 1151 3790 ἐγένετο
1203 3720 1292 3773 ἐπὶ
1334 3721 1511 3772 πᾶσαν
1537 3719 1633 3789 τὴν
1669 3736 1683 3785 1

1908 3716 2050 3763 utem
2084 3709 2215 3763 hora
2246 3709 2478 3763 tenebrae
2520 3706 2676 3760 facta;
2731 3711 2857 3761 sunt
2900 3719 3064 3773 super
3100 3703 3402 3759 universam

187 3829 313 3889 tu);
342 3792 500 3895 ὥρας
529 3792 741 3886 ἐνάτης.
775 3812 908 3884 Περὶ
934 3811 991 3864 δὲ
1017 3810 1113 3881 τὴν
1144 3810 1333 3878 ὲνάτην
1356 3807 1521 3879 ὥραν,
1555 3807 1686 3861 ἀνεᾶ

1903 3813 2069 3854 erram
2119 3812 2289 3867 usque
2340 3795 2407 3850 ad
2435 3796 2621 3850 horam
2662 3808 2881 3848 nonam.
2928 3792 2993 3845 Et
3019 3793 3165 3846 circa
3218 3794 3402 3846 horam

361 3879 408 3966 ὁ.
434 3879 645 3979 Ἰησοῦς
679 3879 867 3974 ’φωνῇτ
905 3879 1109 3971 μεγάλη
1155 3899 1355 3968 λέγων’
1402 3898 1567 3962 Ἠλεὶ,
1607 3896 1688 3949 Ἦλ

1902 3900 2068 3940 nonam
2113 3886 2361 3941 clamavit
2403 3884 2565 3940 Jesus
2616 3898 2746 3938 voce
2797 3898 2989 3949 magna
3022 3881 3208 3936 dicens
3244 3899 3260 3936 :
3297 3879 3401 3946 Eli,

188 3971 379 4076 Ᾰαμὰ
410 3971 770 4068 Σαδαχθανεί.
797 3971 979 4045 »ΠΤότε
1007 3991 1101 4061 μὲν
1127 3986 1218 4042 οὖν
1249 3987 1418 4041 συνὼν
1451 3987 1687 4058 ἀνθρώπε

1907 3975 1976 4037 ιιι,
2007 3973 2165 4030 Latna
2208 3974 2570 4029 Sabachtbani
2595 3974 2663 4028 ”.
2702 3992 2720 4023 ι
2760 3971 2911 4024 Tunc
2961 3972 3140 4039 itaque
3162 3987 3283 4025 cum
3307 3971 3406 4025 bo~

472 4060 615 4158 βοών
643 4080 938 4152 παρεκάλει
966 4060 1118 4149 ήκειν
1147 4077 1238 4130 καὶ
1272 4076 1514 4128 σπεύδειν
1558 4076 1647 4127 ἐπὶ
1676 4092 1690 4124 η

1902 4066 2110 4121 niuibus
2166 4065 2384 4135 degens,
2434 4062 2713 4118 clamando
2765 4075 2952 4115 omnes
3002 4060 3401 4126 cohortabatur,

191 4147 379 4237 aiatait
406 4147 806 4231 διδασκαλίαν·
863 4168 954 4222 καὶ
992 4147 1084 4219 τὸν
1129 4168 1437 4236 τεταρταῖον
1484 4164 1540 4217 δὲ
1586 4181 1690 4237 νεκι

1905 4163 1936 4211 ιι
1964 4155 2206 4209 venirent
2246 4161 2680 4221 maturarentque
2721 4148 2787 4201 ad
2823 4147 2942 4216 ejus
2974 4147 3270 4201 doctrinam
3302 4166 3319 4202 τ
3349 4156 3404 4203 et

198 4233 357 4343 μδτὰ
400 4261 649 4336 μεγάλης
688 4256 994 4312 ἀνεκαλεῖτο
1034 4233 1295 4324 κραυγῆς,
1343 4252 1497 4305 Ἀλλά
1527 4253 1618 4305 καὶ

1901 4240 2295 4310 [uatriduanum
2328 4246 2596 4293 mortuum
2643 4236 2876 4290 clamore
2906 4248 3099 4302 magno
3125 4233 3400 4289 evocabat.

1901 4332 1907 4343 .
1963 4331 1976 4343 .
2049 4331 2080 4343 -.
2241 4331 2251 4341 .
2670 4324 2857 4343 ξμς-με,
2899 4323 3081 4343 ._-___.
3144 4323 3400 4343 _.m-._.

194 4316 547 4430 vevlitrjv
582 4316 729 4420 ώραν
759 4345 853 4399 τοῦ
885 4316 1085 4406 πάθους
1112 4316 1303 4396 ἀνεϐόα
1334 4346 1480 4413 φωνῇ
1532 4341 1693 4411 μεγάλ

1906 4331 1980 4386 Led
2013 4331 2172 4385 etiam
2205 4331 2348 4382 circa
2378 4343 2573 4381 nouam
2596 4324 2860 4395 passionis
2899 4323 3108 4384 horam,
3139 4323 3405 4383 clamabat

198 4411 309 4503 έεᾶι
359 4411 513 4516 μετὰ¹
562 4411 736 4491 ταύτα
776 4434 967 4491 πάλινο
1029 4450 1047 4484 ‹
1077 4431 1295 4499 Κράξας
1341 4411 1487 4500 φωνῇ
1544 4427 1697 4499 μεγά)

1910 4435 1999 4475 oce
2027 4434 2218 4488 magna
2248 4437 2261 4471 :
2304 4432 2366 4471 ac
2407 4425 2589 4485 postea
2647 4428 2860 4467 rursum
2900 4430 2913 4465 :
2944 4430 2963 4460 ι
2992 4411 3245 4466 Clamans
3273 4426 3409 4469 voce

200 4501 397 4606 ἀφῆκε
443 4532 509 4584 τὸ
554 4526 787 4596 πνεῦμα.
848 4522 956 4576 Kal.
1002 4522 1108 4573 ἰδοὺ
1156 4520 1214 4572 τὸ
1253 4519 1636 4586 καταπέτασμα
1679 4534 1699 4567 τ

1907 4524 2089 4577 magna,
2120 4508 2298 4562 emisit
2320 4506 2588 4575 spiritum.
2622 4505 2685 4556 Et
2712 4516 2838 4555 ecce
2860 4501 3032 4554 velum
3063 4501 3243 4571 templi
3267 4501 3406 4555 scis-

201 4593 343 4681 νσὶοξς
372 4618 604 4692 ἐσχίσθη
627 4593 706 4677 ειξ
727 4613 837 4675 δύο,
864 4613 955 4663 και
980 4612 1012 4679 ὴ
1034 4611 1105 4679 γῆ
1126 4609 1359 4679 ἐσείσθη,
1383 4609 1474 4661 καὶ
1499 4609 1553 4658 αι
1581 4606 1700 4676 πέτε

1915 4614 2000 4651 um
2028 4606 2110 4653 est
2133 4599 2185 4651 in
2206 4597 2333 4659 duo,
2368 4604 2422 4650 et
2450 4603 2591 4648 terra
2618 4599 2760 4646 mota
2807 4600 2911 4655 est,
2948 4600 3002 4646 et
3029 4603 3187 4662 petrae
3226 4593 3414 4649 scissa

204 4684 565 4788 ἐρράγησαν,
594 4684 694 4757 ’καὶ
729 4701 797 4754 τὰ
825 4703 1055 4770 μνημεῖα
1082 4697 1441 4766 ἀνεῴχθησαν,
1477 4696 1568 4747 καὶ
1610 4697 1703 4748 πολ

1912 4697 2023 4751 unt,
2053 4697 2106 4741 et
2136 4694 2479 4741 monumenta
2503 4692 2684 4753 aperta
2712 4690 2857 4744 sunt,
2883 4691 2936 4735 et
2982 4684 3146 4743 multa
3178 4696 3411 4749 corpora

494 4795 608 4847 τῶν
645 4768 1054 4859 κεκοιμημένων
1097 4787 1260 4854 ἁγίων
1297 4786 1599 4854 ἠγέρθησαν
1621 4802 1633 4814 .
1656 4803 1672 4833 ,

1913 4785 2190 4830 anctorum
2217 4776 2307 4844 qui
2352 4774 2679 4828 dormierant
2708 4778 3117 4825 resurrexerunt
3151 4771 3190 4823 ι.
3229 4788 3250 4821 ι
3285 4768 3412 4823 Haec

208 4859 465 4949 τοσαῦτα
508 4885 607 4954 τῆς
645 4881 882 4952 μεγάλης
919 4874 1079 4935 αὑτοῦ
1114 4874 1294 4942 φωνῆς
1341 4874 1575 4941 ἐνεργεῖν
1622 4871 1707 4922 δυν

1913 4868 2087 4920 cilicet
2117 4880 2305 4934 magna
2336 4865 2502 4937 ipsius
2534 4877 2636 4915 vox
2687 4863 2846 4915 edere
2904 4868 3130 4929 poterat.
3164 4859 3317 4923 Quod
3364 4862 3412 4920 si

215 4981 416 5052 μένης.
456 4976 525 5027 Εἰ
557 4948 613 5023 δὲ
640 4948 944 5036 ἐπιστήσειε
989 4979 1090 5023 τις,
1134 4961 1207 5022 ὡς
1252 4960 1307 5024 ἐξ
1345 4960 1547 5011 ἐκείνου
1584 4960 1714 5011 καὶε

1917 4955 1998 5008 uis
2019 4953 2318 5007 consideret
2351 4950 2440 5020 qui
2489 4950 2555 5001 ab
2583 4949 2672 5000 illo
2714 4948 2781 4999 ad
2838 4948 2939 5000 hoc
2982 4961 3149 5013 usque
3198 4954 3416 5016 tempus

214 5036 389 5141 δεῦρο⁷
424 5063 555 5118 καθ’
591 5060 717 5128 ὅλης
748 5057 846 5124 τῆς
878 5052 1171 5141 ἀνθρώπων
1215 5049 1530 5141 οἰκουμένης
1565 5050 1620 5098 ἐν
1661 5065 1713 5099 το

1918 5060 1974 5097 er
2002 5052 2172 5097 totum
2196 5043 2377 5095 orbem
2425 5041 2475 5091 in
2518 5037 2762 5090 ecclesiis
2790 5038 2904 5090 suis
2927 5038 3039 5105 ipse
3066 5036 3283 5101 clamet,
3319 5053 3411 5090 co-

216 5125 554 5227 ὲκκλησίαις
603 5125 765 5202 αὐτοῦ
818 5145 933 5213 βοᾷ,
988 5140 1230 5193 σπεύδειν
1280 5137 1368 5188 ἐπὶ
1422 5138 1479 5188 τὸ
1525 5137 1715 5199 ζωοποι

1921 5140 2106 5188 ortans
2135 5131 2375 5199 singulos
2418 5136 2475 5181 ut
2516 5133 2784 5178 maturent
2838 5127 2900 5177 ad
2937 5125 3206 5177 vivificum
3238 5126 3413 5193 ipsius

218 5211 394 5302 αὐτοέ
426 5243 584 5311 πόμα
608 5232 955 5306 παρακαλῶν,
982 5229 1072 5281 καὶ
1099 5227 1222 5286 τοὺς
1252 5227 1367 5284 ταῖς
1399 5224 1529 5293 πρὸς
1560 5224 1717 5277 θάνατ

1918 5228 2097 5286 otum;
2132 5234 2195 5272 ac
2244 5230 2501 5271 revocans
2550 5214 2667 5265 illos
2707 5213 2799 5280 qui
2830 5211 3143 5264 mortalibus
3178 5213 3415 5277 peccatis

218 5302 531 5406 ἁμαρτίαις
606 5302 1038 5389 νενεκρωμένους
1096 5308 1561 5376 ἀνακαλούμενος·
1607 5309 1682 5378 τῷ

1919 5313 2132 5366 ιειίῐιω
2186 5317 2340 5373 sunt;
2391 5304 2571 5359 audiat
2622 5302 2749 5355 item
2800 5303 3111 5355 clamantem
3158 5302 3418 5368 passione

298 5486 347 5518 ’δ
384 5482 546 5535 Joan.
576 5490 636 5531 Il,
664 5467 853 5523 1547.
918 5466 967 5535 ff
1002 5464 1157 5535 Joan.
1182 5456 1524 5535 _x_tx,_28_-_§0.
1599 5458 1646 5489 "
1682 5458 1797 5513 Joat

1914 5478 1970 5526 ιι,
2012 5462 2098 5515 37.
2172 5459 2214 5491 ⁹⁷
2252 5456 2403 5510 Joau.
2436 5469 2532 5515 xu,
2572 5449 2755 5506 ιιι-46.
2830 5451 2875 5484 ⁸³
2910 5448 3061 5503 Joan.
3105 5464 3185 5515 ιι,
3227 5453 3412 5513 n43.

223 5557 281 5591 ο·
320 5524 727 5606 Μεῖιῖᾗῖιέσὶηι,
766 5535 858 5596 45,
905 5532 989 5585 46.
1064 5533 1079 5561 ε
1125 5527 1267 5583 ibid.
1320 5524 1489 5577 sese.

309 5663 386 5731 (Ι)
419 5655 589 5717 Σὼζοι
623 5646 1002 5706 ἀναόίαστον.
1031 5641 1186 5695 Forte
1216 5635 1371 5699 σώζει
1397 5636 1808 5706 ἀκατασίαστον,

904 5658 1002 5694 'or.
1031 5641 1186 5695 Forte
1216 5635 1371 5699 σώζει
1397 5636 1808 5706 ἀκαταδίαστον,
1842 5638 1923 5693 vel
1954 5634 2217 5692 ἀδίαστον.
2254 5628 2403 5683 Enn.
