3796 6374
170 390 315 451 7‘55

1362 397 1854 456 COMMENTARIA
1890 399 1953 453 IN
1990 399 2319 455 PSALMOS.

3316 397 3416 452 7’5!

194 524 218 555 ι
252 496 347 557 ’Δ
392 495 496 568 οὐχ
538 498 801 570 ἥρπαζον
851 507 972 560 τότε
1013 507 1349 563 ἀπετίννυονσ
1383 529 1401 561 ι
1427 511 1485 579 ἢ,
1523 510 1658 563 κατά
1696 511 1755 563 τὸ

1885 512 2032 565 lam:
2076 532 2095 565 ι
2135 512 2264 578 Quae
2296 526 2402 565 non
2434 510 2695 565 violenter
2738 512 2934 567 abstuli
2993 518 3123 566 tunc
3168 512 3417 567 restitue-

216 590 493 646 ’Ᾱκύλαψ
535 593 643 646 «Ἀ
673 596 781 649 οὐκ
813 597 1115 669 ἐϐιασάμην
1145 600 1261 652 τότε
1294 601 1639 672 ἐπέστρεφον.
1661 621 1680 653 ι

299 721 320 753 ε
340 701 398 754 ’0
421 701 581 768 Θεὸς,
615 704 679 757 σὺ
709 704 883 773 ἔγνως
906 706 1002 777 τὴν
1036 709 1337 779 ἀφροσύνην
1367 727 1487 781 μου.
1524 730 1542 761 ι
1580 712 1783 780 Ὥσπερ

203 791 574 862 ἀνεγκλήτως
598 793 628 844 ὁ
658 793 803 857 θεῖος
827 795 1139 859 Ἀπόστολος
1157 800 1351 866 μωρὸν
1366 800 1470 852 τοῦ
1487 800 1631 853 Θεοῦ
1650 800 1783 853 ὠνό-

208 897 362 949 μασε
387 882 451 934 τὸ
476 882 655 944 πάθος
678 883 774 934 τοῦ
798 885 1067 955 Σωτῆρος,
1092 888 1184 938 καὶ
1208 886 1484 940 ἀσθένειαν
1504 889 1594 941 τὸν
1622 906 1781 941 σταυ-

204 971 329 1042 ρὸν,
369 972 548 1025 εἰπών
566 991 581 1004 ο
614 991 633 1024 ι
657 974 1001 1046 Ἐσταυρὼθη
1027 976 1084 1040 ἐξ
1114 977 1388 1040 ἀσθενείας
1408 995 1453 1029 ἰ
1477 980 1567 1031 καὶ
1592 978 1745 1031 πάλιν
1762 995 1777 1009 ο

187 1086 211 1117 α
254 1064 465 1133 Ἡμεῖς
539 1064 599 1117 δὲ
661 1064 1003 1134 κηρύσσομεν
1068 1068 1295 1136 Χριστὸν
1357 1068 1777 1139 ἐσταυρωμένον,

180 1152 509 1214 Ἰουδαίοις
546 1153 649 1221 μὲν
681 1152 992 1215 σκάνδαλον,
1032 1152 1203 1204 ἔθνεσι
1229 1153 1284 1205 δὲ
1326 1155 1563 1223 μωρίαν·
1604 1154 1681 1206 ὃτι
1721 1155 1779 1205 τὸ

167 1262 262 1312 μω
289 1240 385 1309 ρὸν
417 1240 528 1292 τοῦ
565 1240 705 1292 Θεοῦ
745 1239 1041 1310 σοφώτερον
1068 1240 1172 1292 τῶν
1198 1241 1490 1312 ἀνθρώπων
1521 1244 1653 1305 ἐστὶ,
1687 1244 1777 1294 καὶ

178 1334 246 1383 τὸ
282 1331 536 1393 ἀσθενὲς
572 1331 670 1383 τοῦ
696 1329 829 1382 Θεοῦ
864 1330 1204 1400 ἰσχυρότερον
1250 1331 1354 1384 τῶν
1396 1331 1720 1400 ἀνθρώπων·
1751 1352 1769 1385 ι

186 1421 336 1473 οῦτω
374 1422 487 1473 καὶ
532 1420 634 1473 νῦν
676 1422 774 1473 οὐκ
814 1421 878 1474 ἂν
922 1422 1180 1491 ἁμάρτοις
1212 1423 1307 1491 τὴν
1361 1422 1583 1474 ἐνταῦθα
1622 1422 1773 1490 λεγο-

187 1512 362 1582 μένην
418 1512 756 1581 ἀφροσύνην
804 1512 1191 1583 παραπλησίως
1236 1514 1427 1581 νοήσας
1472 1515 1535 1581 τῇ
1583 1513 1776 1581 ὀνομα-

185 1602 372 1670 σθείσῃ
407 1603 587 1672 παρὰ
616 1602 691 1671 τῷ
728 1603 1028 1671 Ἀποστόλῳ
1060 1601 1251 1671 μωρίᾳ,
1292 1601 1445 1653 Ἀλλὰ
1473 1603 1564 1654 καὶ¹
1591 1602 1773 1671 ὥσπερ

181 1693 332 1759 ἔγνω
362 1691 601 1761 Κύριος
650 1693 777 1753 τοὺς
820 1691 977 1754 ὄντας
1018 1692 1212 1754 αὑτοῦ,
1252 1692 1473 1761 ἐπείπερ
1512 1692 1771 1762 ὲξαίρετοί

180 1782 329 1843 τινές
368 1783 536 1834 εἰσιν
569 1783 621 1833 οἱ
654 1783 753 1851 τῆς
783 1781 875 1833 τοῦ
901 1782 1031 1834 Θεοῦ
1072 1782 1317 1850 γνώσεως
1354 1782 1765 1852 κατηξιωμένοιο

178 1872 355 1934 οὕτως
388 1873 504 1923 καὶ
536 1874 572 1941 ἡ
625 1871 857 1924 ἐνταῦθα
903 1871 1195 1942 ἀφροσύνη,
1231 1871 1351 1934 ἀξία
1390 1871 1483 1939 τῆς
1525 1870 1770 1937 γνώσεως

178 1962 556 2029 τυγχάνουσα
603 1960 699 2011 τοῦ
748 1959 899 2023 Θεοῦ,
953 1960 1121 2028 μέγαν
1163 1960 1279 2012 τινὰ
1314 1960 1405 2011 καὶ
1450 1958 1613 2028 βαθὺν
1658 1954 1768 2027 εἷχε

178 2049 360 2116 λόγον.
417 2050 506 2100 Ού
553 2047 667 2116 γάρ
723 2047 873 2117 παρά
920 2046 1014 2118 τὴν
1068 2046 1161 2117 σὴν
1206 2047 1413 2117 βουλὴν,
1459 2048 1577 2099 οὐδὲ
1624 2048 1769 2118 παρά

176 2140 283 2209 τὴν
338 2139 449 2209 σὴν
486 2137 695 2205 γνῶσιν
739 2138 970 2205 ἐγένετο,
1024 2138 1203 2207 φησὶν,
1248 2140 1279 2206 ή
1328 2137 1599 2207 ἀφροσύνη
1645 2156 1765 2207 μου.

179 2228 325 2281 Ποία
379 2228 447 2279 δὲ
506 2226 650 2297 αὕτη
700 2228 749 2278 εί
806 2227 877 2295 μὴ
924 2229 955 2295 ἡ
996 2225 1318 2295 νομιζομένη
1382 2230 1492 2289 τοῖς
1532 2227 1765 2294 πολλοῖς;

189 2316 286 2377 Ὠς
328 2317 452 2385 γὰρ
501 2316 536 2384 ὴ
580 2314 758 2384 μωρία
790 2315 1037 2384 Ἕλλησιν
1090 2314 1357 2384 ἐνομίζετο
1403 2316 1598 2386 μωρία,
1632 2318 1769 2370 κατά

183 2402 382 2470 βαθεῖς
451 2402 515 2453 δὲ
564 2401 756 2467 λόγους
807 2401 940 2453 Θεοῦ
1004 2401 1389 2454 συνεστελεῖτο·
1451 2404 1542 2456 καὶ
1593 2400 1658 2474 ἦν
1709 2405 1768 2457 τὸ

178 2494 317 2563 παρ’
351 2491 683 2561 ἀνθρώποις
723 2491 902 2560 μωρὸν
947 2491 1289 2562 νομιζόμενον
1337 2491 1633 2564 σοφώτερον
1663 2494 1767 2547 τῶν

177 2582 509 2653 ἀνθρώπων
536 2598 550 2610 ·
596 2581 863 2651 ηὑδόκησε
912 2581 1017 2651 γὰρ
1064 2583 1091 2633 ὁ
1133 2580 1265 2643 Θεὸς
1306 2581 1390 2635 διὰ
1434 2583 1529 2652 τῆς
1563 2583 1766 2653 μωρίας

176 2673 275 2726 τοῦ
310 2672 689 2743 κηρύγματος
717 2671 885 2723 σῶσαι
928 2672 1048 2733 τοὺς
1084 2669 1444 2734 πιστεύοντας·
1476 2673 1641 2735 οὕτως
1674 2674 1765 2726 καὶ

178 2764 211 2831 ἡ
244 2760 592 2831 ἀφροσύνη,
634 2762 700 2829 ἢν
745 2760 811 2811 δι’
858 2762 1001 2828 ἡμᾶς
1044 2760 1244 2829 ὑπῆλθε
1299 2758 1533 2823 κενώσας
1580 2762 1764 2815 ἑαυτὸν

177 2854 275 2906 καὶ
330 2850 566 2921 μορφὴν
594 2849 780 2901 δούλου
823 2848 996 2903 λαϐὼν
1023 2851 1113 2901 καί
1153 2850 1339 2920 μέχρις
1369 2850 1591 2903 θανάτου
1624 2868 1764 2921 παρ..

177 2942 386 3005 ελθὼν,
463 2942 751 3010 σοφωτέρα
796 2940 893 3008 τῆς
939 2940 1044 2991 τῶν
1096 2940 1386 3010 ἀνθρώπων
1450 2942 1635 3009 σοφίας
1675 2938 1761 3012 ἦν.

186 3034 248 3089 Ὀ
272 3036 453 3102 λόγος
481 3032 596 3102 γάρ
642 3034 670 3084 ὁ
710 3029 801 3083 τοῦ
837 3029 1065 3100 σταυροῦ
1097 3032 1205 3092 τοῖς
1242 3032 1335 3100 μὲν
1360 3031 1760 3101 ἀπολλυμένοις,

177 3127 358 3196 φησὶν
417 3126 450 3175 ὁ
503 3121 831 3183 Ἀπόστολος
856 3158 870 3181 ,

174 3218 274 3269 καὶ
332 3210 667 3282 ἀφροσύνη,
728 3212 840 3271 τοῖς
890 3209 945 3263 δὲ
993 3210 1313 3281 σωζομένοις
1365 3214 1492 3280 ἡμῖν
1541 3211 1763 3281 δύναμις

173 3303 324 3357 Θεοῦ
394 3304 543 3353 ἐστι.
608 3299 817 3367 Ταύτην
875 3295 963 3351 οὖν
1012 3300 1108 3367 τὴν
1163 3300 1465 3369 ἀφροσύνην
1527 3302 1617 3352 καὶ
1668 3301 1762 3370 τὴν

177 3391 410 3462 μωρίαν
465 3388 572 3442 οὐκ
624 3389 886 3458 ἠγνόησεν
929 3390 956 3440 ὁ
1005 3387 1164 3450 Θεόςο
1208 3388 1366 3440 αὑτοῦ
1425 3388 1531 3459 γὰρ
1589 3390 1762 3459 κρίσει

173 3484 518 3551 γεγένηται.
584 3479 675 3531 Διό
723 3494 920 3548 φησιν·
978 3495 996 3528 ι
1032 3477 1087 3530 '0
1139 3476 1295 3540 Θεὸς,
1342 3480 1402 3531 σὺ
1450 3479 1615 3546 ἔγνως
1666 3478 1761 3548 τὴν

174 3571 519 3643 ἀφροσύνην
555 3585 678 3637 μου.
712 3586 730 3617 ›
799 3564 1090 3635 Ἀπήλλαξε
1143 3565 1198 3617 δὲ
1234 3567 1378 3635 ἡμᾶς
1429 3568 1760 3637 πραγμάτων

172 3665 199 3715 ό
227 3662 589 3732 Σύμμαχος,
630 3656 963 3726 ἑρμηνεύσας
1000 3655 1091 3708 καὶ
1132 3655 1329 3707 εἰπών·
1385 3674 1403 3705 ι
1426 3656 1483 3708 ὐ
1514 3656 1661 3719 Θεὸς,
1696 3658 1758 3709 σὺ

172 3754 341 3819 οἶδας
374 3754 479 3823 τὴν
515 3749 769 3818 ἀπειρίαν
815 3766 913 3818 μου
940 3764 953 3776 ο
987 3767 1004 3797 ι
1062 3748 1312 3817 ἀπειρίαν
1343 3748 1537 3818 δηλαδὴ
1574 3750 1669 3819 τὴν
1703 3752 1759 3803 ὲν

174 3848 279 3902 ἀνθ
290 3845 534 3919 ρώποις.
582 3842 692 3909 Τῆς
717 3839 823 3909 γὰρ
849 3841 904 3892 ὲν
937 3837 1234 3908 ἀνθρώποις
1273 3839 1465 3901 κακίας
1492 3839 1760 3909 ἀλλότριος

174 3940 278 4000 ὢν,
322 3938 425 4006 τὴν
456 3932 634 4002 καλὴν
666 3929 863 3998 ταύτην
888 3928 1134 3999 ἀπειρίαν
1166 3928 1443 3997 ἀνατίθησι
1474 3932 1537 3998 τῇ
1567 3929 1759 3996 γνώσει

172 4030 275 4082 τοῦ
328 4022 533 4079 ἑαυτοῦ
564 4020 795 4090 Πατρός.
836 4021 945 4073 Καὶ
977 4020 1104 4090 άλλη
1146 4020 1201 4071 δὲ
1233 4019 1416 4090 Γραφὴ
1450 4019 1565 4073 θεία
1596 4022 1759 4089 ἀφρο-

178 4120 365 4187 σύνης
403 4115 684 4185 μέμνηται
716 4110 807 4162 τοῦ
836 4110 1083 4180 Σωτῆρος
1118 4108 1411 4178 συμφώνως
1448 4113 1511 4179 τῇ
1543 4128 1753 4180 προκει-

180 4210 358 4278 μένῃ.
397 4204 721 4272 Γέγραπται
766 4198 894 4266 γοῦν
933 4199 987 4249 ὲν
1012 4198 1333 4267 Παροιμίαις
1356 4215 1368 4227 ·
1408 4216 1424 4247 ‹
1449 4198 1581 4250 Τάδε
1618 4198 1757 4265 λέγει

176 4300 332 4369 ἀνὴρ
376 4298 499 4357 τοῖς
548 4290 859 4346 πιστεύουσι
898 4289 1033 4358 Θεῷ,
1073 4289 1161 4341 καὶ
1206 4289 1461 4358 παύομαι.
1514 4290 1758 4359 Ἀφρονέ-

180 4404 392 4448 στα-τος
429 4385 546 4452 γάρ
593 4383 707 4448 εἰμι
753 4379 967 4431 πάντων
1018 4377 1331 4447 ἀνθρώπων,
1368 4379 1457 4430 καὶ
1503 4380 1757 4449 φρόνησις

179 4475 489 4546 ἀνθρώπου
516 4470 619 4521 οῦκ
645 4468 785 4519 ἐστιν
814 4469 869 4519 ὲν
895 4466 1031 4535 ἐμοί.
1051 4466 1177 4527 Θεὸς
1202 4466 1430 4535 δεδίδαχέ
1457 4484 1519 4536 με
1550 4470 1755 4537 σοφίαν,

181 4570 284 4621 καὶ
337 4564 552 4634 γνῶσιν
608 4561 776 4625 ἁγίων
821 4558 1048 4625 ἔγνωκα.
1077 4577 1093 4608 ι
1154 4558 1261 4610 Καὶ
1316 4560 1373 4610 ἐν
1414 4559 1615 4621 τούτοις
1653 4561 1757 4631 γὰρ

183 4658 413 4709 πάντων
472 4651 577 4721 μὲν
620 4647 917 4717 ἀνθρώπων
968 4649 1352 4717 ἀφρονέστατον
1400 4650 1583 4701 ἑαυτὸν
1623 4647 1758 4704 εἶναι

182 4747 359 4814 λέγει,
394 4743 498 4795 καὶ
529 4740 790 4809 φρόνησιν
836 4738 1113 4807 ἀνθρώπου
1157 4740 1229 4807 μὴ
1270 4739 1578 4807 ἐσχηκέναι*
1614 4742 1759 4811 ὅμως

182 4833 236 4886 δὲ
274 4831 415 4901 παρ’
448 4825 621 4881 αὑτοῦ
660 4823 751 4876 τοῦ
777 4823 908 4875 Θεοῦ
941 4823 1234 4891 δεδιδάχθαι
1267 4826 1361 4892 τὴν
1396 4829 1757 4899 πνευματικὴν

187 4922 406 4988 σοφίαν,
448 4915 552 4967 καὶ
577 4912 673 4979 τὴν
702 4911 898 4977 γνῶσιν
924 4910 1028 4961 τῶν
1055 4911 1218 4978 ἀγίων
1247 4913 1553 4978 ἐγνωκέναι.
1603 4916 1757 4969 ’Λλλά

186 5015 275 5063 καὶ
318 5032 337 5063 ι
389 5010 454 5062 αἱ
520 5002 891 5072 πλημμέλειαι
934 5020 1066 5069 μου,
1116 5004 1308 5069 φησὶν,
1372 5004 1475 5055 ἀπὸ
1524 5006 1615 5057 σοῦ
1661 5009 1757 5059 οὐκ

187 5095 621 5169 ἀπεκρύϐησαν.
653 5110 670 5139 ι
725 5090 786 5139 Εἰ
827 5088 934 5158 γὰρ
979 5084 1115 5157 ἦσάν
1158 5106 1297 5150 τινες
1341 5092 1395 5140 ὲν
1426 5092 1545 5159 ἐμοὶ
1584 5092 1758 5162 πλημ-

191 5188 431 5254 μέλειαι,
482 5182 555 5233 δι’
599 5179 665 5240 ἃς
708 5177 783 5246 τῷ
824 5177 1033 5246 σταυρῷ
1066 5194 1129 5245 με
1166 5178 1581 5247 προσετίμησαν,
1622 5183 1757 5250 τάχα

190 5290 291 5328 που
340 5276 411 5327 σὺ
457 5268 681 5340 πρῶτος
714 5266 910 5331 ἔγνως,
956 5265 1012 5316 ὃν
1041 5265 1314 5318 λανθάνειν
1352 5265 1497 5316 οὐδὲν
1533 5261 1640 5317 οἷόν
1667 5286 1753 5319 τε·

192 5364 304 5415 ἀλλ’
333 5358 563 5417 οὐδένες
592 5354 714 5423 (sic)
749 5348 905 5420 ἦσαν.
946 5352 1035 5403 Διὸ
1066 5354 1114 5403 οἱ
1149 5352 1425 5422 μισοῦντές
1459 5369 1522 5421 με
1554 5353 1757 5423 δωρεὰν

196 5453 457 5513 ἑμίσουν,
540 5444 637 5497 καὶ
698 5444 745 5491 οἱ
813 5441 1151 5504 ὲκδιώκοντές
1204 5459 1269 5510 με
1323 5442 1518 5502 ἀδίκως
1579 5442 1613 5493 ἃ
1665 5445 1759 5513 οὐχ

195 5508 454 5617 ῆιρπασα,
482 5535 841 5602 ἐξέπραττον.
901 5531 1047 5583 Ἐπεὶ
1088 5531 1143 5582 δὲ
1176 5508 1617 5601 ψευδομάρτυρας
1668 5508 1759 5583 καί

272 5696 289 5725 ⁸
325 5693 369 5747 Η
404 5691 539 5746 Cor.
588 5698 716 5747 xm,
757 5681 804 5734 ιι.
878 5684 897 5714 ³
937 5682 955 5735 ι
988 5640 1103 5739 ᾖον,
1151 5700 1186 5750 ι,
1224 5684 1351 5738 πθ

1884 602 2025 653 bam.
2057 619 2077 651 ι

1950 708 2116 765 Vens.
2146 710 2198 763 θ.
2234 728 2253 760 ‹
2292 709 2451 773 Deus,
2486 717 2543 763 tu
2588 709 2697 764 scis
2746 709 3103 776 insipientiam
3159 723 3353 762 meam.
3390 727 3408 757 ι

1882 799 2343 864 Quemadmodum
2417 800 2632 853 divinus
2683 798 2972 866 Apostolus
3026 798 3241 851 stultum
3292 797 3408 858 Dei,

1881 890 2183 957 passionem
2216 886 2511 941 Salvatoris
2534 928 2547 950 ,
2579 895 2632 941 et
2665 903 2900 949 crucem,
2933 887 3295 942 infirmitatem
3324 887 3409 939 in-

1878 979 2131 1046 culpatim
2160 978 2369 1032 vocavit
2413 979 2599 1033 dicens
2640 996 2653 1031 :
2690 997 2708 1029 ι
2743 978 3042 1031 Crucilixus
3067 988 3150 1031 est
3170 994 3234 1032 ex
3263 976 3410 1031 inﬁr—

1877 1067 2065 1121 mitate
2088 1067 2149 1131 ἰς
2187 1086 2207 1118 ι
2241 1081 2303 1119 ac
2350 1083 2602 1121 rursum:
2640 1085 2657 1116 ‹
2698 1066 2805 1120 Nos
2852 1078 3024 1121 autem
3062 1067 3408 1136 praedicamus

1876 1149 2147 1204 Christum
2202 1152 2539 1221 cruciﬁxum,
2569 1151 2769 1207 Judazis
2812 1155 3026 1221 quidem
3060 1154 3404 1217 scandalum,

1875 1240 2125 1307 gentibus
2154 1248 2330 1293 autem
2386 1242 2689 1304 stultitiam,
2718 1244 2841 1310 quia
2886 1244 3024 1310 quod
3070 1244 3291 1295 stultum
3324 1249 3407 1295 est

1876 1327 1990 1389 Dei,
2022 1331 2318 1397 sapientius
2347 1339 2429 1385 est
2455 1331 2787 1385 hominibus:
2809 1333 3017 1400 etquod
3037 1333 3301 1385 inﬁrmum
3322 1337 3405 1385 est

1874 1418 1989 1479 Dei,
2016 1419 2205 1471 fortius
2221 1427 2303 1473 est
2325 1420 2630 1475 hominibus
2650 1423 2704 1487 ⁸;
2731 1442 2747 1472 ι
2769 1423 2845 1475 sic
2867 1432 2921 1475 ct
2950 1423 3001 1473 in
3032 1422 3279 1490 prmsenti
3296 1436 3403 1472 non

1879 1508 2236 1569 aberraveris,
2269 1510 2315 1562 si
2351 1510 2710 1577 insipientiam
2752 1512 2837 1565 hic
2888 1521 3253 1571 memoratam,
3290 1509 3405 1577 pari

1871 1597 2077 1649 ratione
2122 1597 2384 1667 intelligas
2417 1609 2575 1667 atque
2620 1601 2903 1653 stultitiam
2937 1601 3003 1652 ab
3033 1600 3288 1668 Apostolo
3322 1597 3406 1651 di-

1870 1690 2031 1735 ctam.
2059 1684 2162 1737 Sed
2195 1686 2333 1737 sicut
2364 1688 2509 1739 novit
2545 1687 2800 1740 Dominus
2829 1688 2919 1755 qui
2949 1698 3072 1741 sunt
3093 1688 3230 1755 ejus,
3271 1702 3400 1755 quo-

1871 1770 2015 1822 niam
2038 1772 2253 1840 quidam
2282 1774 2461 1827 selecti
2488 1776 2729 1829 homines
2756 1784 2880 1829 sunt
2900 1776 2990 1830 Dei
3007 1778 3309 1846 cognitione
3331 1776 3407 1829 di-

1870 1861 2035 1926 gnati,
2086 1861 2154 1913 ita
2201 1861 2301 1914 hoc
2353 1862 2471 1915 loco
2522 1865 2825 1933 insipientia
2856 1867 2963 1931 illa,
2990 1882 3107 1934 qua:
3133 1866 3291 1934 digna
3320 1871 3405 1918 est

1870 1947 1961 2001 Dei
2009 1951 2330 2017 cognitione,
2366 1970 2612 2023 magnam
2660 1956 3088 2024 profundamque
3139 1957 3402 2010 rationem

1869 2036 2268 2107 habuit.Neque
2292 2041 2431 2093 enim
2460 2052 2650 2109 pra-ter
2678 2044 3003 2097 voluntatem
3030 2060 3091 2097 ac
3112 2056 3301 2113 praater
3319 2060 3405 2099 co-

1867 2125 2157 2193 gnitionem
2184 2134 2327 2179 tuam
2360 2128 2458 2181 fuit
2480 2130 2567 2182 illa
2621 2130 2926 2199 insipientia
2968 2146 3107 2185 mea.
3147 2132 3401 2196 Quaenam

1868 2215 1978 2281 illa,
2004 2216 2105 2269 nisi
2128 2232 2245 2285 quae
2275 2220 2395 2271 talis
2442 2235 2472 2272 a
2509 2222 2693 2274 multis
2724 2223 3039 2291 reputatur?
3069 2220 3219 2276 Sicut
3262 2223 3402 2274 cnim

1866 2305 2178 2375 insipientia
2203 2311 2292 2362 illa
2320 2311 2520 2365 Graecis
2552 2312 2857 2382 insipientia
2897 2313 3293 2376 aestimabatur,
3318 2326 3403 2366 se-

1867 2400 2105 2453 cundum
2136 2403 2457 2470 profundam
2485 2420 2610 2458 vero
2650 2404 2743 2459 Dei
2783 2406 3066 2467 rationem,
3105 2405 3171 2458 ad
3208 2404 3399 2458 melius

1867 2491 2212 2557 vertebatur;
2241 2500 2293 2543 et
2324 2491 2465 2559 quod
2500 2492 2567 2545 ab
2603 2493 2911 2546 hominibus
2931 2492 3150 2545 stultum
3180 2491 3403 2561 putaba-

1867 2585 1977 2642 tur,
2027 2580 2323 2648 sapientius
2360 2589 2474 2635 erat
2508 2582 2850 2647 hominibus;
2885 2597 3007 2634 nam
3055 2580 3163 2635 Deo
3203 2581 3402 2650 placuit

1866 2682 1960 2736 per
1990 2668 2268 2722 stultitiam
2292 2670 2687 2737 praedicationis
2702 2672 2982 2725 credentes
3003 2671 3179 2725 salvos
3202 2670 3398 2733 facere,

1867 2760 1946 2812 sic
1973 2768 2025 2813 et
2054 2760 2301 2821 stultitia,
2324 2776 2482 2829 quam
2513 2770 2729 2831 propter
2754 2778 2853 2815 nos
2898 2762 3081 2825 subiit,
3113 2762 3402 2815 humilians

1865 2849 2122 2917 seipsum,
2182 2847 2407 2901 formam
2487 2852 2627 2903 servi
2695 2851 2988 2919 accipiens,
3014 2860 3067 2905 et
3110 2868 3279 2920 usque
3332 2850 3404 2904 ad

1866 2946 2091 2991 mortem
2130 2939 2413 3003 accedens,
2462 2942 2756 3009 sapientior
2804 2943 2918 3010 ipsa
2978 2943 3252 2996 hominum
3313 2959 3401 2997 sa-

1865 3028 2064 3096 pientia
2097 3039 2229 3082 erat.
2255 3029 2387 3082 Nam
2421 3032 2599 3085 crucis
2626 3033 2758 3086 ratio
2785 3036 3129 3103 pereuntibus
3160 3035 3397 3103 quidem,

925 3120 1099 3189 μωρία
1146 3121 1321 3182 ἐστὶν,
1361 3124 1408 3174 εἰ
1455 3122 1509 3174 δὲ
1562 3122 1756 3191 μωρία,

1867 3118 2037 3187 inquit
2064 3117 2374 3186 Apostolus,
2412 3120 2641 3173 stultitia
2671 3131 2772 3177 est.
2804 3121 2958 3185 Quod
2998 3123 3040 3177 si
3091 3124 3313 3176 stultitia
3346 3130 3401 3177 et

1863 3207 2168 3275 insipientia
2196 3216 2297 3271 est,
2339 3208 2495 3262 nobis
2525 3217 2699 3262 tamen
2730 3210 2957 3264 salutem
3018 3213 3191 3267 nactis
3223 3213 3399 3266 virtus

1862 3292 1955 3347 Dei
1983 3302 2083 3347 est.
2113 3293 2259 3347 llanc
2288 3294 2450 3363 igitur
2491 3295 2851 3363 insipientiam
2887 3308 2939 3349 et
2977 3299 3257 3351 stultitiam
3290 3315 3397 3352 non

1862 3383 2125 3452 ignoravit
2162 3382 2337 3449 Deus;
2371 3399 2495 3437 nam
2550 3384 2720 3451 ipsius
2763 3385 2968 3451 judicio
3012 3388 3237 3440 exstitit.
3272 3388 3398 3440 Ideo

1861 3473 1972 3526 ait:
2012 3493 2029 3523 ‹
2071 3472 2228 3536 Deus,
2282 3484 2337 3527 tu
2394 3476 2502 3529 scis
2569 3476 2927 3544 insipientiam
2994 3492 3185 3530 meam.
3230 3496 3248 3528 ι
3285 3476 3395 3532 Nos

1859 3576 1986 3615 vero
2019 3560 2372 3631 Symmachus
2402 3563 2469 3615 ab
2512 3563 2611 3616 hac
2644 3580 2701 3617 re
2746 3564 3032 3631 expedivit,
3085 3565 3164 3619 sic
3224 3566 3393 3619 inter-

1859 3659 2100 3720 pretatus
2132 3671 2143 3704 :
2182 3669 2199 3701 ι
2240 3651 2399 3712 Deus.
2433 3661 2487 3705 tu
2520 3654 2627 3707 scis
2652 3654 2971 3722 imperitiam
3004 3671 3195 3722 meam,
3238 3674 3257 3707 ι
3295 3657 3399 3709 im-

1860 3740 2103 3808 peritiam
2132 3741 2339 3795 scilicet
2369 3759 2487 3811 quaa
2532 3744 2587 3796 in
2633 3744 2941 3799 hominibus
2978 3754 3077 3801 est.
3104 3745 3235 3799 Nam
3273 3764 3392 3800 cum

1860 3830 1926 3882 ab
1959 3830 2233 3883 hominum
2284 3834 2487 3886 malitia
2546 3834 2756 3888 alienus
2790 3844 2953 3899 esset,
2987 3838 3123 3891 hanc
3174 3839 3394 3907 probam

1858 3924 2178 3991 imperitiam
2212 3924 2387 3979 Patris
2441 3928 2526 3980 sui
2607 3928 2896 3996 cognitioni
2952 3929 3210 3995 assignat.
3257 3928 3395 3981 Alibi

1857 4027 2070 4080 quoque
2094 4012 2273 4066 divina
2308 4014 2586 4085 Scriptura
2612 4018 2933 4085 insipientia:
2965 4016 3259 4071 Salvatoris
3285 4034 3395 4071 me-

1858 4102 2033 4167 minit,
2071 4102 2264 4173 hisque
2319 4115 2601 4161 consonat.
2661 4106 2931 4175 Scriptum
2991 4107 3170 4175 itaque
3211 4115 3293 4160 est
3339 4108 3395 4160 in

1856 4192 2159 4248 Proverbiis
2224 4214 2236 4248 :
2275 4213 2293 4245 ι
2350 4194 2471 4249 Ππο
2497 4197 2627 4251 dicit
2667 4199 2747 4251 vir
2796 4196 3136 4251 credentibus
3171 4198 3296 4259 Deo,
3342 4207 3396 4251 et

1857 4297 2032 4336 cesso.
2084 4281 2443 4339 Stultissimus
2465 4287 2606 4339 enim
2639 4303 2756 4341 sum
2808 4288 3043 4340 omnium
3097 4289 3392 4349 hominum,

1858 4380 1909 4424 et
1941 4372 2223 4441 prudentia
2267 4374 2500 4429 hominis
2530 4391 2634 4427 non
2679 4385 2760 4429 est
2812 4376 2863 4428 in
2900 4392 3004 4430 me.
3046 4375 3185 4429 Deus
3214 4377 3395 4430 docuit

1862 4475 1947 4512 me
1977 4461 2316 4529 sapientiam,
2344 4471 2395 4516 et
2424 4464 2779 4532 cognitionem
2810 4475 3115 4517 sanctorum
3158 4466 3277 4516 novi
3298 4464 3337 4516 ⁸.
3371 4482 3389 4514 ι

1862 4549 1919 4602 in
1954 4550 2038 4605 his
2075 4568 2307 4620 namque
2329 4568 2387 4607 se
2421 4550 2658 4605 omnium
2709 4553 2984 4606 hominum
3025 4552 3399 4621 insipientissi-

1862 4650 2008 4690 mum
2046 4640 2376 4708 pronuntiat,
2416 4646 2468 4692 et
2520 4638 2858 4705 prudentiam
2907 4641 3137 4693 hominis
3193 4655 3249 4693 se
3284 4655 3394 4693 non

1865 4729 2058 4782 habere
2089 4730 2217 4781 dicit
2251 4748 2263 4781 :
2293 4728 2385 4783 sed
2436 4737 2614 4781 tamen
2648 4728 2714 4781 ab
2751 4729 2867 4798 ipso
2898 4728 3007 4783 Deo
3044 4729 3289 4783 edoetum
3339 4746 3397 4784 se

1863 4819 2197 4886 Spiritualem
2234 4818 2570 4885 sapientiam,
2601 4825 2654 4870 et
2686 4817 3044 4885 cognitionem
3088 4827 3396 4871 sanctorum

1863 4924 2024 4963 nosse
2047 4914 2252 4961 narrat.
2288 4905 2390 4960 Sed
2426 4906 2607 4968 etiam,
2647 4906 2841 4975 inquit,
2868 4924 2885 4956 ι
2923 4906 3113 4961 delicta
3147 4922 3262 4960 mea
3284 4922 3314 4959 a
3346 4918 3399 4962 te

1858 4995 1968 5052 non
2029 5007 2153 5053 sunt
2214 4996 2541 5053 abscondita.
2579 5014 2598 5047 ι
2635 4994 2765 5048 Nam
2802 4998 2846 5050 si
2901 4998 3141 5066 quaedam
3195 4998 3249 5049 in
3313 5015 3399 5053 me

1860 5088 2059 5142 delicta
2105 5096 2306 5149 essent,
2364 5088 2432 5139 ob
2477 5100 2597 5153 quae
2652 5102 2736 5139 me
2792 5088 2941 5141 cruci
2990 5088 3396 5153 destinaverint,

1861 5193 1991 5233 sane
2017 5186 2073 5230 tu
2106 5177 2309 5246 primus
2334 5189 2543 5235 nosses,
2568 5174 2653 5226 cui
2692 5175 2858 5229 latere
2894 5178 3025 5229 nihil
3056 5184 3266 5245 potest;
3299 5180 3395 5233 sed

1862 5268 2008 5320 nulla
2031 5275 2203 5321 erant.
2245 5266 2418 5329 Quare
2438 5264 2525 5331 qui
2550 5263 2775 5317 oderant
2799 5282 2901 5328 me,
2930 5268 3095 5335 gratis
3127 5266 3352 5322 oderant
3380 5287 3393 5321 :

1861 5364 1914 5410 et
1939 5358 2028 5426 qui
2052 5355 2506 5426 persequebantur
2536 5368 2640 5414 me,
2685 5354 2886 5423 injuste
2930 5373 3048 5424 quae
3101 5371 3206 5409 non
3241 5363 3397 5429 rapui

1861 5448 2163 5517 exigebant.
2197 5444 2330 5508 Quia
2376 5456 2503 5495 vero
2529 5441 2693 5495 falsos
2737 5449 2904 5499 testes
2950 5454 3001 5499 et
3034 5446 3399 5514 sycophantas

1862 5536 1929 5588 ad
1964 5551 2047 5590 me
2075 5532 2433 5590 accusandum
2488 5530 2880 5599 subornarunt,
2906 5543 2962 5589 tu
3001 5537 3166 5602 nosti,
3197 5537 3401 5608 inquit,

1788 4431 1830 4484 D

1228 5683 1407 5738 9.5—9.5.
1486 5683 1505 5712 ⁸
1544 5681 1699 5738 Prov.
1742 5700 1865 5750 xxx,
1908 5688 2013 5741 1-5.
