  <div class='ocr_page' id='page_1' title='image "/cluster/home/n/w/nwhite01/storage/ocr_20150623/23 (Eusebius, pt. 5)/nyp.33433081862363/385.png"; bbox 0 0 3796 6364; ppageno 0'>
   <div class='ocr_carea' id='block_1_1' title="bbox 448 455 550 509">
    <p class='ocr_par' dir='ltr' id='par_1_1' title="bbox 448 455 550 509">
     <span class='ocr_line' id='line_1_1' title="bbox 448 455 550 509; baseline 0.02 -2"><span class='ocrx_word' id='word_1_1' title='bbox 448 455 550 509; x_wconf 78' lang='grc'><strong>735</strong></span> 
     </span>
    </p>
   </div>
   <div class='ocr_carea' id='block_1_2' title="bbox 1092 384 2010 495">
    <p class='ocr_par' dir='ltr' id='par_1_2' title="bbox 1092 414 2010 495">
     <span class='ocr_line' id='line_1_2' title="bbox 1092 414 2010 495; baseline -0.031 1"><span class='ocrx_word' id='word_1_2' title='bbox 1092 434 1356 495; x_wconf 87' lang='lat' dir='ltr'><strong>EUSEBll</strong></span> <span class='ocrx_word' id='word_1_3' title='bbox 1392 419 1860 486; x_wconf 67' lang='lat' dir='ltr'><strong>CESARIENSIS</strong></span> <span class='ocrx_word' id='word_1_4' title='bbox 1893 414 2010 472; x_wconf 75' lang='lat' dir='ltr'><strong>OPF</strong></span> 
     </span>
    </p>
   </div>
   <div class='ocr_carea' id='block_1_3' title="bbox 2112 384 3608 495">
    <p class='ocr_par' dir='ltr' id='par_1_3' title="bbox 2112 384 3608 466">
     <span class='ocr_line' id='line_1_3' title="bbox 2112 384 3608 466; baseline -0.019 0"><span class='ocrx_word' id='word_1_5' title='bbox 2112 408 2264 466; x_wconf 69' lang='grc' dir='ltr'><strong>ἈΗΒ</strong></span> <span class='ocrx_word' id='word_1_6' title='bbox 2298 405 2385 461; x_wconf 83' lang='lat' dir='ltr'><strong>Ill.</strong></span> <span class='ocrx_word' id='word_1_7' title='bbox 2426 432 2496 447; x_wconf 91' lang='lat'><strong>—-</strong></span> <span class='ocrx_word' id='word_1_8' title='bbox 2530 394 2947 456; x_wconf 77' lang='lat' dir='ltr'><strong>EXEGETICA.</strong></span> <span class='ocrx_word' id='word_1_9' title='bbox 3527 384 3608 438; x_wconf 73' lang='lat'><strong>7‘56</strong></span> 
     </span>
    </p>
   </div>
   <div class='ocr_carea' id='block_1_4' title="bbox 448 502 2010 635">
    <p class='ocr_par' dir='ltr' id='par_1_4' title="bbox 448 536 1990 635">
     <span class='ocr_line' id='line_1_4' title="bbox 448 536 1990 635; baseline -0.023 -12"><span class='ocrx_word' id='word_1_10' title='bbox 448 570 590 625; x_wconf 88' lang='lat' dir='ltr'><strong>Deus</strong></span> <span class='ocrx_word' id='word_1_11' title='bbox 613 584 740 623; x_wconf 90' lang='lat' dir='ltr'><strong>num</strong></span> <span class='ocrx_word' id='word_1_12' title='bbox 774 564 899 635; x_wconf 93' lang='lat' dir='ltr'><strong>quid</strong></span> <span class='ocrx_word' id='word_1_13' title='bbox 926 566 1204 632; x_wconf 84' lang='lat' dir='ltr'><strong>peccatum</strong></span> <span class='ocrx_word' id='word_1_14' title='bbox 1237 570 1267 606; x_wconf 91' lang='lat' dir='ltr'><strong>a</strong></span> <span class='ocrx_word' id='word_1_15' title='bbox 1306 566 1390 605; x_wconf 93' lang='lat' dir='ltr'><strong>me</strong></span> <span class='ocrx_word' id='word_1_16' title='bbox 1437 549 1524 602; x_wconf 90' lang='lat' dir='ltr'><strong>sit.</strong></span> <span class='ocrx_word' id='word_1_17' title='bbox 1554 544 1736 612; x_wconf 80' lang='lat' dir='ltr'><strong>Neque</strong></span> <span class='ocrx_word' id='word_1_18' title='bbox 1776 540 1918 594; x_wconf 91' lang='lat' dir='ltr'><strong>enim</strong></span> <span class='ocrx_word' id='word_1_19' title='bbox 1945 536 1990 591; x_wconf 92' lang='lat' dir='ltr'><strong>si</strong></span> 
     </span>
    </p>
   </div>
   <div class='ocr_carea' id='block_1_5' title="bbox 2112 502 3614 635">
    <p class='ocr_par' dir='ltr' id='par_1_5' title="bbox 2112 502 3614 635">
     <span class='ocr_line' id='line_1_5' title="bbox 2112 502 3614 597; baseline -0.021 -13"><span class='ocrx_word' id='word_1_20' title='bbox 2112 528 2430 597; x_wconf 71' lang='grc' dir='ltr'>πυκοφάντας</span> <span class='ocrx_word' id='word_1_21' title='bbox 2463 523 2688 590; x_wconf 79' lang='grc' dir='ltr'>ἔστησαν</span> <span class='ocrx_word' id='word_1_22' title='bbox 2723 518 2782 570; x_wconf 78' lang='grc' dir='ltr'>ὲν</span> <span class='ocrx_word' id='word_1_23' title='bbox 2812 516 2882 583; x_wconf 83' lang='grc' dir='ltr'>τῇ</span> <span class='ocrx_word' id='word_1_24' title='bbox 2921 510 3043 565; x_wconf 74' lang='grc' dir='ltr'>κατ’</span> <span class='ocrx_word' id='word_1_25' title='bbox 3079 504 3211 576; x_wconf 72' lang='grc' dir='ltr'>ἐμοῦ</span> <span class='ocrx_word' id='word_1_26' title='bbox 3244 502 3535 573; x_wconf 67' lang='grc' dir='ltr'>κατηγορίᾳ,</span> <span class='ocrx_word' id='word_1_27' title='bbox 3564 505 3614 556; x_wconf 75' lang='grc' dir='ltr'><strong>σὺ</strong></span> 
     </span>
     <span class='ocr_line' id='line_1_6' title="bbox 2117 592 3613 635; baseline -0.01 15"><span class='ocrx_word' id='word_1_28' title='bbox 2117 617 2167 635; x_wconf 62' lang='grc' dir='ltr'><strong>τα</strong></span> <span class='ocrx_word' id='word_1_29' title='bbox 2396 617 2464 635; x_wconf 60' lang='grc' dir='ltr'><strong>λη</strong></span> <span class='ocrx_word' id='word_1_30' title='bbox 2538 616 2555 635; x_wconf 76' lang='grc' dir='ltr'><strong>ι</strong></span> <span class='ocrx_word' id='word_1_31' title='bbox 2587 610 2717 635; x_wconf 69' lang='lat' dir='ltr'><strong>0-x-</strong></span> <span class='ocrx_word' id='word_1_32' title='bbox 2802 605 2856 635; x_wconf 77' lang='grc' dir='ltr'><strong>..γ</strong></span> <span class='ocrx_word' id='word_1_33' title='bbox 2882 601 3006 635; x_wconf 60' lang='lat' dir='ltr'><strong>nul.</strong></span> <span class='ocrx_word' id='word_1_34' title='bbox 3052 614 3137 635; x_wconf 81' lang='lat' dir='ltr'><strong>nm</strong></span> <span class='ocrx_word' id='word_1_35' title='bbox 3188 592 3613 635; x_wconf 67' lang='grc' dir='ltr'>πεπλνιιιιέλγιται-</span> 
     </span>
    </p>
   </div>
   <div class='ocr_carea' id='block_1_6' title="bbox 447 628 1984 730">
    <p class='ocr_par' dir='ltr' id='par_1_6' title="bbox 447 628 1984 730">
     <span class='ocr_line' id='line_1_7' title="bbox 447 628 1984 730; baseline -0.025 -14"><span class='ocrx_word' id='word_1_36' title='bbox 447 660 689 730; x_wconf 77' lang='lat' dir='ltr'><strong>quaedam</strong></span> <span class='ocrx_word' id='word_1_37' title='bbox 712 628 845 710; x_wconf 86' lang='lat' dir='ltr'><strong>mihi</strong></span> <span class='ocrx_word' id='word_1_38' title='bbox 899 628 1092 705; x_wconf 79' lang='lat' dir='ltr'><strong>delicta</strong></span> <span class='ocrx_word' id='word_1_39' title='bbox 1122 648 1382 702; x_wconf 89' lang='lat' dir='ltr'><strong>inessent,</strong></span> <span class='ocrx_word' id='word_1_40' title='bbox 1419 639 1515 692; x_wconf 88' lang='lat' dir='ltr'><strong>tibi</strong></span> <span class='ocrx_word' id='word_1_41' title='bbox 1542 640 1722 689; x_wconf 91' lang='lat' dir='ltr'><strong>essent</strong></span> <span class='ocrx_word' id='word_1_42' title='bbox 1757 628 1984 683; x_wconf 90' lang='lat' dir='ltr'><strong>occulta.</strong></span> 
     </span>
    </p>
   </div>
   <div class='ocr_carea' id='block_1_7' title="bbox 447 718 1989 806">
    <p class='ocr_par' dir='ltr' id='par_1_7' title="bbox 447 718 1989 806">
     <span class='ocr_line' id='line_1_8' title="bbox 447 718 1989 806; baseline -0.023 -4"><span class='ocrx_word' id='word_1_43' title='bbox 447 718 515 801; x_wconf 55' lang='lat' dir='ltr'><strong>Et</strong></span> <span class='ocrx_word' id='word_1_44' title='bbox 545 746 700 806; x_wconf 90' lang='lat' dir='ltr'><strong>alias,</strong></span> <span class='ocrx_word' id='word_1_45' title='bbox 732 743 776 796; x_wconf 91' lang='lat' dir='ltr'><strong>si</strong></span> <span class='ocrx_word' id='word_1_46' title='bbox 807 747 986 792; x_wconf 89' lang='lat' dir='ltr'><strong>nostra</strong></span> <span class='ocrx_word' id='word_1_47' title='bbox 1021 736 1135 801; x_wconf 93' lang='lat' dir='ltr'><strong>ipse</strong></span> <span class='ocrx_word' id='word_1_48' title='bbox 1167 737 1382 799; x_wconf 88' lang='lat' dir='ltr'><strong>peccata</strong></span> <span class='ocrx_word' id='word_1_49' title='bbox 1416 722 1689 785; x_wconf 87' lang='lat' dir='ltr'><strong>abstersit,</strong></span> <span class='ocrx_word' id='word_1_50' title='bbox 1715 728 1766 773; x_wconf 92' lang='lat' dir='ltr'><strong>et</strong></span> <span class='ocrx_word' id='word_1_51' title='bbox 1818 718 1989 769; x_wconf 88' lang='lat' dir='ltr'><strong>factus</strong></span> 
     </span>
    </p>
   </div>
   <div class='ocr_carea' id='block_1_8' title="bbox 448 810 1989 904">
    <p class='ocr_par' dir='ltr' id='par_1_8' title="bbox 448 810 1989 904">
     <span class='ocr_line' id='line_1_9' title="bbox 448 810 1989 904; baseline -0.025 -11"><span class='ocrx_word' id='word_1_52' title='bbox 448 845 532 892; x_wconf 92' lang='lat' dir='ltr'><strong>est</strong></span> <span class='ocrx_word' id='word_1_53' title='bbox 559 850 656 904; x_wconf 86' lang='lat' dir='ltr'><strong>pro</strong></span> <span class='ocrx_word' id='word_1_54' title='bbox 698 830 856 884; x_wconf 90' lang='lat' dir='ltr'><strong>nobis</strong></span> <span class='ocrx_word' id='word_1_55' title='bbox 904 823 1272 880; x_wconf 71' lang='lat' dir='ltr'><strong>maledictum.</strong></span> <span class='ocrx_word' id='word_1_56' title='bbox 1306 819 1379 871; x_wconf 92' lang='lat' dir='ltr'><strong>ita</strong></span> <span class='ocrx_word' id='word_1_57' title='bbox 1420 823 1478 868; x_wconf 93' lang='lat' dir='ltr'><strong>ut</strong></span> <span class='ocrx_word' id='word_1_58' title='bbox 1521 813 1586 866; x_wconf 91' lang='lat' dir='ltr'><strong>de</strong></span> <span class='ocrx_word' id='word_1_59' title='bbox 1612 811 1703 864; x_wconf 91' lang='lat' dir='ltr'><strong>illo</strong></span> <span class='ocrx_word' id='word_1_60' title='bbox 1730 810 1939 862; x_wconf 88' lang='lat' dir='ltr'><strong>dicatur</strong></span> <span class='ocrx_word' id='word_1_61' title='bbox 1974 821 1989 855; x_wconf 89' lang='lat'><strong>:</strong></span> 
     </span>
    </p>
   </div>
   <div class='ocr_carea' id='block_1_9' title="bbox 456 900 1993 994">
    <p class='ocr_par' dir='ltr' id='par_1_9' title="bbox 456 900 1993 994">
     <span class='ocr_line' id='line_1_10' title="bbox 456 900 1993 994; baseline -0.02 -14"><span class='ocrx_word' id='word_1_62' title='bbox 456 947 472 977; x_wconf 77' lang='grc' dir='ltr'><strong>ι</strong></span> <span class='ocrx_word' id='word_1_63' title='bbox 512 900 630 994; x_wconf 70' lang='lat' dir='ltr'><strong>Ipse</strong></span> <span class='ocrx_word' id='word_1_64' title='bbox 664 925 885 991; x_wconf 90' lang='lat' dir='ltr'><strong>peccata</strong></span> <span class='ocrx_word' id='word_1_65' title='bbox 925 923 1108 968; x_wconf 88' lang='lat' dir='ltr'><strong>nostra</strong></span> <span class='ocrx_word' id='word_1_66' title='bbox 1155 916 1355 982; x_wconf 87' lang='lat' dir='ltr'><strong>portat,</strong></span> <span class='ocrx_word' id='word_1_67' title='bbox 1381 916 1433 961; x_wconf 89' lang='lat' dir='ltr'><strong>et</strong></span> <span class='ocrx_word' id='word_1_68' title='bbox 1476 919 1572 974; x_wconf 88' lang='lat' dir='ltr'><strong>pro</strong></span> <span class='ocrx_word' id='word_1_69' title='bbox 1602 902 1757 955; x_wconf 90' lang='lat' dir='ltr'><strong>nobis</strong></span> <span class='ocrx_word' id='word_1_70' title='bbox 1786 900 1993 953; x_wconf 88' lang='lat' dir='ltr'><strong>crucia-</strong></span> 
     </span>
    </p>
   </div>
   <div class='ocr_carea' id='block_1_10' title="bbox 449 996 1990 1079">
    <p class='ocr_par' dir='ltr' id='par_1_10' title="bbox 449 996 1990 1079">
     <span class='ocr_line' id='line_1_11' title="bbox 449 996 1990 1079; baseline -0.02 -10"><span class='ocrx_word' id='word_1_71' title='bbox 449 1026 557 1069; x_wconf 93' lang='lat' dir='ltr'><strong>tur.</strong></span> <span class='ocrx_word' id='word_1_72' title='bbox 590 1012 653 1064; x_wconf 89' lang='lat' dir='ltr'><strong>Et</strong></span> <span class='ocrx_word' id='word_1_73' title='bbox 684 1015 797 1079; x_wconf 90' lang='lat' dir='ltr'><strong>ipse</strong></span> <span class='ocrx_word' id='word_1_74' title='bbox 820 1007 1134 1060; x_wconf 77' lang='lat' dir='ltr'><strong>vulneratus</strong></span> <span class='ocrx_word' id='word_1_75' title='bbox 1168 1008 1251 1054; x_wconf 90' lang='lat' dir='ltr'><strong>est</strong></span> <span class='ocrx_word' id='word_1_76' title='bbox 1283 1005 1500 1067; x_wconf 83' lang='lat' dir='ltr'><strong>propter</strong></span> <span class='ocrx_word' id='word_1_77' title='bbox 1530 1000 1748 1062; x_wconf 88' lang='lat' dir='ltr'><strong>peccata</strong></span> <span class='ocrx_word' id='word_1_78' title='bbox 1786 996 1990 1049; x_wconf 88' lang='lat' dir='ltr'><strong>nostra,</strong></span> 
     </span>
    </p>
   </div>
   <div class='ocr_carea' id='block_1_11' title="bbox 452 1076 1991 1163">
    <p class='ocr_par' dir='ltr' id='par_1_11' title="bbox 452 1076 1991 1163">
     <span class='ocr_line' id='line_1_12' title="bbox 452 1076 1991 1163; baseline -0.02 -5"><span class='ocrx_word' id='word_1_79' title='bbox 452 1076 751 1159; x_wconf 80' lang='lat' dir='ltr'><strong>infirmatus</strong></span> <span class='ocrx_word' id='word_1_80' title='bbox 781 1108 862 1151; x_wconf 89' lang='lat' dir='ltr'><strong>est</strong></span> <span class='ocrx_word' id='word_1_81' title='bbox 906 1103 1121 1163; x_wconf 88' lang='lat' dir='ltr'><strong>propter</strong></span> <span class='ocrx_word' id='word_1_82' title='bbox 1159 1087 1471 1156; x_wconf 88' lang='lat' dir='ltr'><strong>iniquitates</strong></span> <span class='ocrx_word' id='word_1_83' title='bbox 1529 1089 1765 1136; x_wconf 89' lang='lat' dir='ltr'><strong>nostras.</strong></span> <span class='ocrx_word' id='word_1_84' title='bbox 1796 1078 1857 1130; x_wconf 83' lang='lat' dir='ltr'><strong>Et</strong></span> <span class='ocrx_word' id='word_1_85' title='bbox 1894 1076 1991 1129; x_wconf 92' lang='lat' dir='ltr'><strong>Do-</strong></span> 
     </span>
    </p>
   </div>
   <div class='ocr_carea' id='block_1_12' title="bbox 452 1166 1996 1249">
    <p class='ocr_par' dir='ltr' id='par_1_12' title="bbox 452 1166 1996 1249">
     <span class='ocr_line' id='line_1_13' title="bbox 452 1166 1996 1249; baseline -0.02 -2"><span class='ocrx_word' id='word_1_86' title='bbox 452 1195 635 1247; x_wconf 86' lang='lat' dir='ltr'><strong>minus</strong></span> <span class='ocrx_word' id='word_1_87' title='bbox 669 1186 892 1241; x_wconf 86' lang='lat' dir='ltr'><strong>tradidit</strong></span> <span class='ocrx_word' id='word_1_88' title='bbox 922 1198 1043 1238; x_wconf 86' lang='lat' dir='ltr'><strong>eum</strong></span> <span class='ocrx_word' id='word_1_89' title='bbox 1094 1179 1327 1249; x_wconf 77' lang='lat' dir='ltr'><strong>peccatis</strong></span> <span class='ocrx_word' id='word_1_90' title='bbox 1386 1172 1645 1228; x_wconf 78' lang='lat' dir='ltr'><strong>nostris’.</strong></span> <span class='ocrx_word' id='word_1_91' title='bbox 1681 1188 1697 1221; x_wconf 78' lang='grc' dir='ltr'><strong>ι</strong></span> <span class='ocrx_word' id='word_1_92' title='bbox 1737 1167 1880 1230; x_wconf 61' lang='lat' dir='ltr'><strong>Haec,</strong></span> <span class='ocrx_word' id='word_1_93' title='bbox 1915 1166 1996 1217; x_wconf 83' lang='lat' dir='ltr'><strong>in-</strong></span> 
     </span>
    </p>
   </div>
   <div class='ocr_carea' id='block_1_13' title="bbox 452 1256 1993 1353">
    <p class='ocr_par' dir='ltr' id='par_1_13' title="bbox 452 1256 1993 1353">
     <span class='ocr_line' id='line_1_14' title="bbox 452 1256 1993 1353; baseline -0.02 -16"><span class='ocrx_word' id='word_1_94' title='bbox 452 1284 588 1353; x_wconf 89' lang='lat' dir='ltr'><strong>quit,</strong></span> <span class='ocrx_word' id='word_1_95' title='bbox 632 1279 828 1334; x_wconf 89' lang='lat' dir='ltr'><strong>delicta</strong></span> <span class='ocrx_word' id='word_1_96' title='bbox 898 1288 996 1343; x_wconf 88' lang='lat' dir='ltr'><strong>pro</strong></span> <span class='ocrx_word' id='word_1_97' title='bbox 1043 1267 1351 1323; x_wconf 87' lang='lat' dir='ltr'><strong>hominibus</strong></span> <span class='ocrx_word' id='word_1_98' title='bbox 1418 1260 1679 1330; x_wconf 89' lang='lat' dir='ltr'><strong>suscepi:</strong></span> <span class='ocrx_word' id='word_1_99' title='bbox 1719 1264 1777 1310; x_wconf 89' lang='lat' dir='ltr'><strong>tu</strong></span> <span class='ocrx_word' id='word_1_100' title='bbox 1827 1256 1993 1317; x_wconf 90' lang='lat' dir='ltr'><strong>nosti,</strong></span> 
     </span>
    </p>
   </div>
   <div class='ocr_carea' id='block_1_14' title="bbox 454 1347 1988 1439">
    <p class='ocr_par' dir='ltr' id='par_1_14' title="bbox 454 1347 1988 1439">
     <span class='ocr_line' id='line_1_15' title="bbox 454 1347 1988 1439; baseline -0.02 -12"><span class='ocrx_word' id='word_1_101' title='bbox 454 1347 615 1433; x_wconf 86' lang='lat' dir='ltr'><strong>Deus,</strong></span> <span class='ocrx_word' id='word_1_102' title='bbox 644 1369 770 1439; x_wconf 88' lang='lat' dir='ltr'><strong>quia</strong></span> <span class='ocrx_word' id='word_1_103' title='bbox 799 1380 908 1419; x_wconf 91' lang='lat' dir='ltr'><strong>non</strong></span> <span class='ocrx_word' id='word_1_104' title='bbox 942 1358 1252 1416; x_wconf 82' lang='lat' dir='ltr'><strong>abscondita</strong></span> <span class='ocrx_word' id='word_1_105' title='bbox 1296 1356 1391 1408; x_wconf 87' lang='lat' dir='ltr'><strong>tibi</strong></span> <span class='ocrx_word' id='word_1_106' title='bbox 1446 1361 1591 1406; x_wconf 91' lang='lat' dir='ltr'><strong>sunt.</strong></span> <span class='ocrx_word' id='word_1_107' title='bbox 1630 1349 1811 1417; x_wconf 86' lang='lat' dir='ltr'><strong>Neque</strong></span> <span class='ocrx_word' id='word_1_108' title='bbox 1842 1347 1988 1401; x_wconf 90' lang='lat' dir='ltr'><strong>enim</strong></span> 
     </span>
    </p>
   </div>
   <div class='ocr_carea' id='block_1_15' title="bbox 454 1437 1997 1533">
    <p class='ocr_par' dir='ltr' id='par_1_15' title="bbox 454 1437 1997 1533">
     <span class='ocr_line' id='line_1_16' title="bbox 454 1437 1997 1533; baseline -0.019 -17"><span class='ocrx_word' id='word_1_109' title='bbox 454 1469 645 1533; x_wconf 56' lang='lat' dir='ltr'><strong>praeter</strong></span> <span class='ocrx_word' id='word_1_110' title='bbox 663 1437 960 1512; x_wconf 73' lang='lat' dir='ltr'><strong>consilium</strong></span> <span class='ocrx_word' id='word_1_111' title='bbox 992 1464 1138 1505; x_wconf 91' lang='lat' dir='ltr'><strong>tuum</strong></span> <span class='ocrx_word' id='word_1_112' title='bbox 1192 1448 1377 1501; x_wconf 69' lang='lat' dir='ltr'><strong>isthaec</strong></span> <span class='ocrx_word' id='word_1_113' title='bbox 1427 1441 1662 1498; x_wconf 84' lang='lat' dir='ltr'><strong>suscepi.</strong></span> <span class='ocrx_word' id='word_1_114' title='bbox 1691 1438 1867 1504; x_wconf 91' lang='lat' dir='ltr'><strong>Quare</strong></span> <span class='ocrx_word' id='word_1_115' title='bbox 1908 1437 1997 1488; x_wconf 91' lang='lat' dir='ltr'><strong>illa</strong></span> 
     </span>
    </p>
   </div>
   <div class='ocr_carea' id='block_1_16' title="bbox 456 1539 1238 1615">
    <p class='ocr_par' dir='ltr' id='par_1_16' title="bbox 456 1539 1238 1615">
     <span class='ocr_line' id='line_1_17' title="bbox 456 1539 1238 1615; baseline -0.02 -7"><span class='ocrx_word' id='word_1_116' title='bbox 456 1553 643 1609; x_wconf 87' lang='lat' dir='ltr'><strong>notitia</strong></span> <span class='ocrx_word' id='word_1_117' title='bbox 675 1559 769 1603; x_wconf 90' lang='lat' dir='ltr'><strong>tua</strong></span> <span class='ocrx_word' id='word_1_118' title='bbox 798 1548 958 1615; x_wconf 81' lang='lat' dir='ltr'><strong>digna</strong></span> <span class='ocrx_word' id='word_1_119' title='bbox 993 1539 1238 1597; x_wconf 82' lang='lat' dir='ltr'><strong>effecisti.</strong></span> 
     </span>
    </p>
   </div>
   <div class='ocr_carea' id='block_1_17' title="bbox 527 1810 1999 1883">
    <p class='ocr_par' dir='ltr' id='par_1_17' title="bbox 527 1810 1999 1883">
     <span class='ocr_line' id='line_1_18' title="bbox 527 1810 1999 1883; baseline -0.019 0"><span class='ocrx_word' id='word_1_120' title='bbox 527 1828 692 1883; x_wconf 72' lang='lat' dir='ltr'><strong>Vens.</strong></span> <span class='ocrx_word' id='word_1_121' title='bbox 722 1828 772 1879; x_wconf 90' lang='lat'><strong>7.</strong></span> <span class='ocrx_word' id='word_1_122' title='bbox 802 1844 820 1876; x_wconf 84' lang='grc'><strong>‹</strong></span> <span class='ocrx_word' id='word_1_123' title='bbox 859 1824 975 1878; x_wconf 84' lang='grc' dir='ltr'><strong>Νοη</strong></span> <span class='ocrx_word' id='word_1_124' title='bbox 1004 1819 1328 1876; x_wconf 87' lang='lat' dir='ltr'><strong>erubescant</strong></span> <span class='ocrx_word' id='word_1_125' title='bbox 1374 1815 1429 1868; x_wconf 90' lang='lat' dir='ltr'><strong>in</strong></span> <span class='ocrx_word' id='word_1_126' title='bbox 1451 1828 1536 1866; x_wconf 92' lang='lat' dir='ltr'><strong>me</strong></span> <span class='ocrx_word' id='word_1_127' title='bbox 1565 1810 1657 1879; x_wconf 91' lang='lat' dir='ltr'><strong>qui</strong></span> <span class='ocrx_word' id='word_1_128' title='bbox 1683 1811 1999 1876; x_wconf 81' lang='lat' dir='ltr'><strong>exspectant</strong></span> 
     </span>
    </p>
   </div>
   <div class='ocr_carea' id='block_1_18' title="bbox 459 1893 2001 1984">
    <p class='ocr_par' dir='ltr' id='par_1_18' title="bbox 459 1893 2001 1984">
     <span class='ocr_line' id='line_1_19' title="bbox 459 1893 2001 1984; baseline -0.021 -9"><span class='ocrx_word' id='word_1_129' title='bbox 459 1928 535 1984; x_wconf 91' lang='lat' dir='ltr'><strong>te,</strong></span> <span class='ocrx_word' id='word_1_130' title='bbox 587 1918 832 1977; x_wconf 88' lang='lat' dir='ltr'><strong>Domine,</strong></span> <span class='ocrx_word' id='word_1_131' title='bbox 880 1912 1103 1964; x_wconf 90' lang='lat' dir='ltr'><strong>Domine</strong></span> <span class='ocrx_word' id='word_1_132' title='bbox 1145 1908 1423 1962; x_wconf 86' lang='lat' dir='ltr'><strong>virtutum.</strong></span> <span class='ocrx_word' id='word_1_133' title='bbox 1464 1921 1481 1953; x_wconf 74' lang='grc' dir='ltr'><strong>ι</strong></span> <span class='ocrx_word' id='word_1_134' title='bbox 1514 1898 1651 1964; x_wconf 86' lang='lat' dir='ltr'><strong>Quia</strong></span> <span class='ocrx_word' id='word_1_135' title='bbox 1705 1893 2001 1949; x_wconf 85' lang='lat' dir='ltr'><strong>doctrinam</strong></span> 
     </span>
    </p>
   </div>
   <div class='ocr_carea' id='block_1_19' title="bbox 461 1987 2003 2075">
    <p class='ocr_par' dir='ltr' id='par_1_19' title="bbox 461 1987 2003 2075">
     <span class='ocr_line' id='line_1_20' title="bbox 461 1987 2003 2075; baseline -0.021 -10"><span class='ocrx_word' id='word_1_136' title='bbox 461 2025 634 2065; x_wconf 83' lang='lat' dir='ltr'><strong>meam</strong></span> <span class='ocrx_word' id='word_1_137' title='bbox 660 2007 930 2075; x_wconf 86' lang='lat' dir='ltr'><strong>sapientes</strong></span> <span class='ocrx_word' id='word_1_138' title='bbox 974 2001 1137 2068; x_wconf 88' lang='lat' dir='ltr'><strong>hujus</strong></span> <span class='ocrx_word' id='word_1_139' title='bbox 1170 1996 1352 2053; x_wconf 64' lang='lat' dir='ltr'><strong>saeculi</strong></span> <span class='ocrx_word' id='word_1_140' title='bbox 1393 1993 1769 2051; x_wconf 86' lang='lat' dir='ltr'><strong>criminantur,</strong></span> <span class='ocrx_word' id='word_1_141' title='bbox 1803 1987 2003 2054; x_wconf 86' lang='lat' dir='ltr'><strong>ipsam-</strong></span> 
     </span>
    </p>
   </div>
   <div class='ocr_carea' id='block_1_20' title="bbox 461 2080 2004 2170">
    <p class='ocr_par' dir='ltr' id='par_1_20' title="bbox 461 2080 2004 2170">
     <span class='ocr_line' id='line_1_21' title="bbox 461 2080 2004 2170; baseline -0.02 -14"><span class='ocrx_word' id='word_1_142' title='bbox 461 2116 567 2170; x_wconf 91' lang='lat' dir='ltr'><strong>que</strong></span> <span class='ocrx_word' id='word_1_143' title='bbox 591 2098 797 2168; x_wconf 92' lang='lat' dir='ltr'><strong>pellunt</strong></span> <span class='ocrx_word' id='word_1_144' title='bbox 825 2102 883 2147; x_wconf 89' lang='lat' dir='ltr'><strong>ut</strong></span> <span class='ocrx_word' id='word_1_145' title='bbox 914 2089 1224 2160; x_wconf 90' lang='lat' dir='ltr'><strong>insipientia</strong></span> <span class='ocrx_word' id='word_1_146' title='bbox 1266 2093 1319 2140; x_wconf 92' lang='lat' dir='ltr'><strong>et</strong></span> <span class='ocrx_word' id='word_1_147' title='bbox 1370 2082 1597 2138; x_wconf 80' lang='lat' dir='ltr'><strong>stultitia</strong></span> <span class='ocrx_word' id='word_1_148' title='bbox 1631 2080 1840 2149; x_wconf 83' lang='lat' dir='ltr'><strong>plenam</strong></span> <span class='ocrx_word' id='word_1_149' title='bbox 1879 2088 2004 2144; x_wconf 87' lang='lat' dir='ltr'><strong>pro-</strong></span> 
     </span>
    </p>
   </div>
   <div class='ocr_carea' id='block_1_21' title="bbox 461 2181 2004 2261">
    <p class='ocr_par' dir='ltr' id='par_1_21' title="bbox 461 2181 2004 2261">
     <span class='ocr_line' id='line_1_22' title="bbox 461 2181 2004 2261; baseline -0.016 -15"><span class='ocrx_word' id='word_1_150' title='bbox 461 2199 580 2261; x_wconf 89' lang='lat' dir='ltr'><strong>pter</strong></span> <span class='ocrx_word' id='word_1_151' title='bbox 638 2185 1051 2257; x_wconf 82' lang='lat' dir='ltr'><strong>ignominiosam</strong></span> <span class='ocrx_word' id='word_1_152' title='bbox 1103 2193 1340 2240; x_wconf 90' lang='lat' dir='ltr'><strong>crucem,</strong></span> <span class='ocrx_word' id='word_1_153' title='bbox 1392 2189 1583 2245; x_wconf 72' lang='lat' dir='ltr'><strong>precor</strong></span> <span class='ocrx_word' id='word_1_154' title='bbox 1615 2188 1678 2225; x_wconf 90' lang='lat' dir='ltr'><strong>ac</strong></span> <span class='ocrx_word' id='word_1_155' title='bbox 1728 2184 1876 2238; x_wconf 83' lang='lat' dir='ltr'><strong>rogo,</strong></span> <span class='ocrx_word' id='word_1_156' title='bbox 1911 2181 2004 2221; x_wconf 87' lang='lat' dir='ltr'><strong>eos</strong></span> 
     </span>
    </p>
   </div>
   <div class='ocr_carea' id='block_1_22' title="bbox 463 2258 2004 2351">
    <p class='ocr_par' dir='ltr' id='par_1_22' title="bbox 463 2258 2004 2351">
     <span class='ocr_line' id='line_1_23' title="bbox 463 2258 2004 2351; baseline -0.017 -16"><span class='ocrx_word' id='word_1_157' title='bbox 463 2281 556 2351; x_wconf 89' lang='lat' dir='ltr'><strong>qui</strong></span> <span class='ocrx_word' id='word_1_158' title='bbox 587 2278 815 2334; x_wconf 84' lang='lat' dir='ltr'><strong>credunt</strong></span> <span class='ocrx_word' id='word_1_159' title='bbox 856 2276 911 2328; x_wconf 92' lang='lat' dir='ltr'><strong>in</strong></span> <span class='ocrx_word' id='word_1_160' title='bbox 941 2289 1025 2327; x_wconf 91' lang='lat' dir='ltr'><strong>me</strong></span> <span class='ocrx_word' id='word_1_161' title='bbox 1059 2272 1155 2325; x_wconf 90' lang='lat' dir='ltr'><strong>abs</strong></span> <span class='ocrx_word' id='word_1_162' title='bbox 1183 2278 1235 2323; x_wconf 91' lang='lat' dir='ltr'><strong>te</strong></span> <span class='ocrx_word' id='word_1_163' title='bbox 1274 2267 1475 2322; x_wconf 88' lang='lat' dir='ltr'><strong>servari</strong></span> <span class='ocrx_word' id='word_1_164' title='bbox 1525 2260 1901 2320; x_wconf 85' lang='lat' dir='ltr'><strong>immutabiles,</strong></span> <span class='ocrx_word' id='word_1_165' title='bbox 1932 2258 2004 2310; x_wconf 89' lang='lat' dir='ltr'><strong>ita</strong></span> 
     </span>
    </p>
   </div>
   <div class='ocr_carea' id='block_1_23' title="bbox 464 2350 2002 2439">
    <p class='ocr_par' dir='ltr' id='par_1_23' title="bbox 464 2350 2002 2439">
     <span class='ocr_line' id='line_1_24' title="bbox 464 2350 2002 2439; baseline -0.017 -13"><span class='ocrx_word' id='word_1_166' title='bbox 464 2379 524 2426; x_wconf 90' lang='lat' dir='ltr'><strong>ut</strong></span> <span class='ocrx_word' id='word_1_167' title='bbox 580 2383 853 2439; x_wconf 90' lang='lat' dir='ltr'><strong>nunquam</strong></span> <span class='ocrx_word' id='word_1_168' title='bbox 915 2366 1256 2419; x_wconf 83' lang='lat' dir='ltr'><strong>erubescant.</strong></span> <span class='ocrx_word' id='word_1_169' title='bbox 1290 2358 1467 2424; x_wconf 87' lang='lat' dir='ltr'><strong>Quare</strong></span> <span class='ocrx_word' id='word_1_170' title='bbox 1498 2364 1554 2408; x_wconf 91' lang='lat' dir='ltr'><strong>tu</strong></span> <span class='ocrx_word' id='word_1_171' title='bbox 1588 2355 1723 2422; x_wconf 81' lang='lat' dir='ltr'><strong>ipse,</strong></span> <span class='ocrx_word' id='word_1_172' title='bbox 1762 2350 2002 2412; x_wconf 91' lang='lat' dir='ltr'><strong>Domine,</strong></span> 
     </span>
    </p>
   </div>
   <div class='ocr_carea' id='block_1_24' title="bbox 464 2440 2003 2521">
    <p class='ocr_par' dir='ltr' id='par_1_24' title="bbox 464 2440 2003 2521">
     <span class='ocr_line' id='line_1_25' title="bbox 464 2440 2003 2521; baseline -0.018 -5"><span class='ocrx_word' id='word_1_173' title='bbox 464 2460 691 2515; x_wconf 87' lang='lat' dir='ltr'><strong>Domine</strong></span> <span class='ocrx_word' id='word_1_174' title='bbox 746 2459 1026 2515; x_wconf 84' lang='lat' dir='ltr'><strong>virtutum,</strong></span> <span class='ocrx_word' id='word_1_175' title='bbox 1061 2467 1154 2506; x_wconf 91' lang='lat' dir='ltr'><strong>eos</strong></span> <span class='ocrx_word' id='word_1_176' title='bbox 1209 2449 1301 2518; x_wconf 89' lang='lat' dir='ltr'><strong>qui</strong></span> <span class='ocrx_word' id='word_1_177' title='bbox 1352 2454 1569 2521; x_wconf 73' lang='lat' dir='ltr'><strong>propter</strong></span> <span class='ocrx_word' id='word_1_178' title='bbox 1645 2440 2003 2509; x_wconf 84' lang='lat' dir='ltr'><strong>cognitionem</strong></span> 
     </span>
    </p>
   </div>
   <div class='ocr_carea' id='block_1_25' title="bbox 464 2528 2005 2605">
    <p class='ocr_par' dir='ltr' id='par_1_25' title="bbox 464 2528 2005 2605">
     <span class='ocr_line' id='line_1_26' title="bbox 464 2528 2005 2605; baseline -0.017 0"><span class='ocrx_word' id='word_1_179' title='bbox 464 2559 611 2605; x_wconf 91' lang='lat' dir='ltr'><strong>tuam</strong></span> <span class='ocrx_word' id='word_1_180' title='bbox 674 2564 703 2600; x_wconf 92' lang='lat' dir='ltr'><strong>a</strong></span> <span class='ocrx_word' id='word_1_181' title='bbox 752 2562 837 2601; x_wconf 93' lang='lat' dir='ltr'><strong>me</strong></span> <span class='ocrx_word' id='word_1_182' title='bbox 889 2543 1145 2598; x_wconf 82' lang='lat' dir='ltr'><strong>traditam</strong></span> <span class='ocrx_word' id='word_1_183' title='bbox 1195 2541 1599 2605; x_wconf 77' lang='lat' dir='ltr'><strong>impugnantur,</strong></span> <span class='ocrx_word' id='word_1_184' title='bbox 1666 2530 1759 2600; x_wconf 90' lang='lat' dir='ltr'><strong>qui</strong></span> <span class='ocrx_word' id='word_1_185' title='bbox 1824 2528 2005 2598; x_wconf 81' lang='lat' dir='ltr'><strong>gravia</strong></span> 
     </span>
    </p>
   </div>
   <div class='ocr_carea' id='block_1_26' title="bbox 466 2625 1994 2706">
    <p class='ocr_par' dir='ltr' id='par_1_26' title="bbox 466 2625 1994 2706">
     <span class='ocr_line' id='line_1_27' title="bbox 466 2625 1994 2706; baseline -0.016 -12"><span class='ocrx_word' id='word_1_186' title='bbox 466 2652 675 2706; x_wconf 78' lang='lat' dir='ltr'><strong>semper</strong></span> <span class='ocrx_word' id='word_1_187' title='bbox 697 2636 994 2704; x_wconf 88' lang='lat' dir='ltr'><strong>patiuntur,</strong></span> <span class='ocrx_word' id='word_1_188' title='bbox 1015 2638 1068 2685; x_wconf 88' lang='lat' dir='ltr'><strong>et</strong></span> <span class='ocrx_word' id='word_1_189' title='bbox 1092 2644 1263 2697; x_wconf 89' lang='lat' dir='ltr'><strong>usque</strong></span> <span class='ocrx_word' id='word_1_190' title='bbox 1289 2626 1355 2679; x_wconf 86' lang='lat' dir='ltr'><strong>ad</strong></span> <span class='ocrx_word' id='word_1_191' title='bbox 1381 2632 1606 2678; x_wconf 87' lang='lat' dir='ltr'><strong>mortem</strong></span> <span class='ocrx_word' id='word_1_192' title='bbox 1629 2625 1994 2690; x_wconf 83' lang='lat' dir='ltr'><strong>perseverant,</strong></span> 
     </span>
    </p>
   </div>
   <div class='ocr_carea' id='block_1_27' title="bbox 466 2710 2004 2793">
    <p class='ocr_par' dir='ltr' id='par_1_27' title="bbox 466 2710 2004 2793">
     <span class='ocr_line' id='line_1_28' title="bbox 466 2710 2004 2793; baseline -0.015 -10"><span class='ocrx_word' id='word_1_193' title='bbox 466 2744 535 2783; x_wconf 86' lang='lat' dir='ltr'><strong>ne</strong></span> <span class='ocrx_word' id='word_1_194' title='bbox 580 2727 944 2793; x_wconf 88' lang='lat' dir='ltr'><strong>derelinquas,</strong></span> <span class='ocrx_word' id='word_1_195' title='bbox 978 2736 1043 2774; x_wconf 89' lang='lat' dir='ltr'><strong>ne</strong></span> <span class='ocrx_word' id='word_1_196' title='bbox 1095 2720 1151 2773; x_wconf 92' lang='lat' dir='ltr'><strong>in</strong></span> <span class='ocrx_word' id='word_1_197' title='bbox 1201 2732 1285 2771; x_wconf 85' lang='lat' dir='ltr'><strong>me</strong></span> <span class='ocrx_word' id='word_1_198' title='bbox 1325 2722 1603 2784; x_wconf 90' lang='lat' dir='ltr'><strong>sperantes</strong></span> <span class='ocrx_word' id='word_1_199' title='bbox 1667 2710 2004 2765; x_wconf 88' lang='lat' dir='ltr'><strong>confundan-</strong></span> 
     </span>
    </p>
   </div>
   <div class='ocr_carea' id='block_1_28' title="bbox 464 2792 2021 2887">
    <p class='ocr_par' dir='ltr' id='par_1_28' title="bbox 464 2792 2021 2887">
     <span class='ocr_line' id='line_1_29' title="bbox 464 2792 2021 2887; baseline -0.014 -15"><span class='ocrx_word' id='word_1_200' title='bbox 464 2825 577 2883; x_wconf 83' lang='lat' dir='ltr'><strong>tur,</strong></span> <span class='ocrx_word' id='word_1_201' title='bbox 605 2816 697 2887; x_wconf 90' lang='lat' dir='ltr'><strong>qui</strong></span> <span class='ocrx_word' id='word_1_202' title='bbox 734 2823 786 2868; x_wconf 92' lang='lat' dir='ltr'><strong>te</strong></span> <span class='ocrx_word' id='word_1_203' title='bbox 830 2812 996 2866; x_wconf 91' lang='lat' dir='ltr'><strong>Deum</strong></span> <span class='ocrx_word' id='word_1_204' title='bbox 1054 2807 1219 2863; x_wconf 88' lang='lat' dir='ltr'><strong>Israel</strong></span> <span class='ocrx_word' id='word_1_205' title='bbox 1264 2804 1573 2875; x_wconf 75' lang='lat' dir='ltr'><strong>exquirunt.</strong></span> <span class='ocrx_word' id='word_1_206' title='bbox 1603 2800 1826 2855; x_wconf 80' lang='lat' dir='ltr'><strong>Etiamsi</strong></span> <span class='ocrx_word' id='word_1_207' title='bbox 1867 2792 2021 2852; x_wconf 86' lang='lat' dir='ltr'><strong>enim</strong></span> 
     </span>
    </p>
   </div>
   <div class='ocr_carea' id='block_1_29' title="bbox 467 2889 2008 2968">
    <p class='ocr_par' dir='ltr' id='par_1_29' title="bbox 467 2889 2008 2968">
     <span class='ocr_line' id='line_1_30' title="bbox 467 2889 2008 2968; baseline -0.012 -6"><span class='ocrx_word' id='word_1_208' title='bbox 467 2920 519 2962; x_wconf 89' lang='lat' dir='ltr'><strong>te</strong></span> <span class='ocrx_word' id='word_1_209' title='bbox 546 2908 674 2961; x_wconf 92' lang='lat' dir='ltr'><strong>olim</strong></span> <span class='ocrx_word' id='word_1_210' title='bbox 702 2921 811 2959; x_wconf 90' lang='lat' dir='ltr'><strong>non</strong></span> <span class='ocrx_word' id='word_1_211' title='bbox 839 2907 1145 2962; x_wconf 87' lang='lat' dir='ltr'><strong>noscerent,</strong></span> <span class='ocrx_word' id='word_1_212' title='bbox 1175 2898 1300 2968; x_wconf 89' lang='lat' dir='ltr'><strong>quia</strong></span> <span class='ocrx_word' id='word_1_213' title='bbox 1324 2895 1658 2950; x_wconf 61' lang='lat' dir='ltr'><strong>daemonibus</strong></span> <span class='ocrx_word' id='word_1_214' title='bbox 1688 2892 1844 2946; x_wconf 90' lang='lat' dir='ltr'><strong>malis</strong></span> <span class='ocrx_word' id='word_1_215' title='bbox 1879 2889 2008 2945; x_wconf 84' lang='lat' dir='ltr'><strong>sub-</strong></span> 
     </span>
    </p>
   </div>
   <div class='ocr_carea' id='block_1_30' title="bbox 468 2983 2006 3063">
    <p class='ocr_par' dir='ltr' id='par_1_30' title="bbox 468 2983 2006 3063">
     <span class='ocr_line' id='line_1_31' title="bbox 468 2983 2006 3063; baseline -0.014 -10"><span class='ocrx_word' id='word_1_216' title='bbox 468 2998 569 3052; x_wconf 89' lang='lat' dir='ltr'><strong>diti</strong></span> <span class='ocrx_word' id='word_1_217' title='bbox 601 3004 756 3052; x_wconf 90' lang='lat' dir='ltr'><strong>erant</strong></span> <span class='ocrx_word' id='word_1_218' title='bbox 780 3013 794 3063; x_wconf 89' lang='lat'><strong>;</strong></span> <span class='ocrx_word' id='word_1_219' title='bbox 823 3002 877 3047; x_wconf 87' lang='lat' dir='ltr'><strong>at</strong></span> <span class='ocrx_word' id='word_1_220' title='bbox 897 2993 1007 3062; x_wconf 87' lang='lat' dir='ltr'><strong>jam</strong></span> <span class='ocrx_word' id='word_1_221' title='bbox 1033 3006 1154 3045; x_wconf 91' lang='lat' dir='ltr'><strong>cum</strong></span> <span class='ocrx_word' id='word_1_222' title='bbox 1173 2996 1225 3043; x_wconf 92' lang='lat' dir='ltr'><strong>te</strong></span> <span class='ocrx_word' id='word_1_223' title='bbox 1244 2996 1489 3049; x_wconf 87' lang='lat' dir='ltr'><strong>noscant,</strong></span> <span class='ocrx_word' id='word_1_224' title='bbox 1507 2986 1561 3039; x_wconf 92' lang='lat' dir='ltr'><strong>in</strong></span> <span class='ocrx_word' id='word_1_225' title='bbox 1590 2984 1829 3038; x_wconf 93' lang='lat' dir='ltr'><strong>omnium</strong></span> <span class='ocrx_word' id='word_1_226' title='bbox 1862 2983 2006 3036; x_wconf 85' lang='lat' dir='ltr'><strong>obli-</strong></span> 
     </span>
    </p>
   </div>
   <div class='ocr_carea' id='block_1_31' title="bbox 469 3074 2010 3149">
    <p class='ocr_par' dir='ltr' id='par_1_31' title="bbox 469 3074 2010 3149">
     <span class='ocr_line' id='line_1_32' title="bbox 469 3074 2010 3149; baseline -0.01 -6"><span class='ocrx_word' id='word_1_227' title='bbox 469 3089 680 3143; x_wconf 91' lang='lat' dir='ltr'><strong>vionem</strong></span> <span class='ocrx_word' id='word_1_228' title='bbox 713 3092 997 3146; x_wconf 89' lang='lat' dir='ltr'><strong>venerunt,</strong></span> <span class='ocrx_word' id='word_1_229' title='bbox 1028 3090 1187 3149; x_wconf 89' lang='lat' dir='ltr'><strong>teque</strong></span> <span class='ocrx_word' id='word_1_230' title='bbox 1225 3079 1398 3134; x_wconf 88' lang='lat' dir='ltr'><strong>solum</strong></span> <span class='ocrx_word' id='word_1_231' title='bbox 1448 3074 1735 3147; x_wconf 74' lang='lat' dir='ltr'><strong>quaerendo</strong></span> <span class='ocrx_word' id='word_1_232' title='bbox 1764 3087 2010 3143; x_wconf 83' lang='lat' dir='ltr'><strong>perseve-</strong></span> 
     </span>
    </p>
   </div>
   <div class='ocr_carea' id='block_1_32' title="bbox 471 3165 2077 3243">
    <p class='ocr_par' dir='ltr' id='par_1_32' title="bbox 471 3165 2077 3243">
     <span class='ocr_line' id='line_1_33' title="bbox 471 3165 2077 3243; baseline -0.012 -10"><span class='ocrx_word' id='word_1_233' title='bbox 471 3185 612 3233; x_wconf 86' lang='lat' dir='ltr'><strong>rant.</strong></span> <span class='ocrx_word' id='word_1_234' title='bbox 640 3175 998 3243; x_wconf 89' lang='lat' dir='ltr'><strong>Quamobrem</strong></span> <span class='ocrx_word' id='word_1_235' title='bbox 1029 3170 1294 3241; x_wconf 90' lang='lat' dir='ltr'><strong>supplicio</strong></span> <span class='ocrx_word' id='word_1_236' title='bbox 1328 3184 1395 3223; x_wconf 89' lang='lat' dir='ltr'><strong>ne</strong></span> <span class='ocrx_word' id='word_1_237' title='bbox 1440 3165 1864 3226; x_wconf 82' lang='lat' dir='ltr'><strong>confundantur,</strong></span> <span class='ocrx_word' id='word_1_238' title='bbox 1904 3178 2007 3217; x_wconf 88' lang='lat' dir='ltr'><strong>neu</strong></span> <span class='ocrx_word' id='word_1_239' title='bbox 2037 3184 2077 3239; x_wconf 73' lang='grc' dir='ltr'>ο</span> 
     </span>
    </p>
   </div>
   <div class='ocr_carea' id='block_1_33' title="bbox 475 3257 2011 3336">
    <p class='ocr_par' dir='ltr' id='par_1_33' title="bbox 475 3257 2011 3336">
     <span class='ocr_line' id='line_1_34' title="bbox 475 3257 2011 3336; baseline -0.008 -17"><span class='ocrx_word' id='word_1_240' title='bbox 475 3285 496 3319; x_wconf 73' lang='grc' dir='ltr'><strong>ι</strong></span> <span class='ocrx_word' id='word_1_241' title='bbox 535 3264 829 3336; x_wconf 77' lang='lat' dir='ltr'><strong>ignominia</strong></span> <span class='ocrx_word' id='word_1_242' title='bbox 877 3261 1198 3327; x_wconf 80' lang='lat' dir='ltr'><strong>afficiantur;</strong></span> <span class='ocrx_word' id='word_1_243' title='bbox 1239 3278 1257 3310; x_wconf 74' lang='grc' dir='ltr'><strong>ι</strong></span> <span class='ocrx_word' id='word_1_244' title='bbox 1305 3258 1384 3312; x_wconf 91' lang='lat' dir='ltr'><strong>sic</strong></span> <span class='ocrx_word' id='word_1_245' title='bbox 1438 3257 1580 3311; x_wconf 91' lang='lat' dir='ltr'><strong>enim</strong></span> <span class='ocrx_word' id='word_1_246' title='bbox 1627 3257 2011 3324; x_wconf 84' lang='lat' dir='ltr'><strong>interpretatus</strong></span> 
     </span>
    </p>
   </div>
   <div class='ocr_carea' id='block_1_34' title="bbox 473 3345 2010 3426">
    <p class='ocr_par' dir='ltr' id='par_1_34' title="bbox 473 3345 2010 3426">
     <span class='ocr_line' id='line_1_35' title="bbox 473 3345 2010 3426; baseline -0.01 -16"><span class='ocrx_word' id='word_1_247' title='bbox 473 3353 829 3426; x_wconf 81' lang='lat' dir='ltr'><strong>Symmachus</strong></span> <span class='ocrx_word' id='word_1_248' title='bbox 876 3359 1005 3406; x_wconf 88' lang='lat' dir='ltr'><strong>est:</strong></span> <span class='ocrx_word' id='word_1_249' title='bbox 1043 3368 1061 3401; x_wconf 87' lang='grc'><strong>‹</strong></span> <span class='ocrx_word' id='word_1_250' title='bbox 1104 3348 1181 3404; x_wconf 87' lang='lat' dir='ltr'><strong>Ne</strong></span> <span class='ocrx_word' id='word_1_251' title='bbox 1239 3345 1643 3401; x_wconf 82' lang='lat' dir='ltr'><strong>confundantur</strong></span> <span class='ocrx_word' id='word_1_252' title='bbox 1691 3357 1852 3412; x_wconf 90' lang='lat' dir='ltr'><strong>super</strong></span> <span class='ocrx_word' id='word_1_253' title='bbox 1904 3357 2010 3404; x_wconf 91' lang='lat' dir='ltr'><strong>me,</strong></span> 
     </span>
    </p>
   </div>
   <div class='ocr_carea' id='block_1_35' title="bbox 472 3433 2017 3516">
    <p class='ocr_par' dir='ltr' id='par_1_35' title="bbox 472 3433 2017 3516">
     <span class='ocr_line' id='line_1_36' title="bbox 472 3433 2017 3516; baseline -0.008 -18"><span class='ocrx_word' id='word_1_254' title='bbox 472 3446 565 3516; x_wconf 91' lang='lat' dir='ltr'><strong>qui</strong></span> <span class='ocrx_word' id='word_1_255' title='bbox 601 3450 914 3513; x_wconf 78' lang='lat' dir='ltr'><strong>exspectant</strong></span> <span class='ocrx_word' id='word_1_256' title='bbox 943 3450 1017 3507; x_wconf 89' lang='lat' dir='ltr'><strong>te,</strong></span> <span class='ocrx_word' id='word_1_257' title='bbox 1046 3441 1269 3494; x_wconf 88' lang='lat' dir='ltr'><strong>Domine</strong></span> <span class='ocrx_word' id='word_1_258' title='bbox 1294 3439 1436 3493; x_wconf 90' lang='lat' dir='ltr'><strong>Deus</strong></span> <span class='ocrx_word' id='word_1_259' title='bbox 1463 3436 1746 3497; x_wconf 90' lang='lat' dir='ltr'><strong>virtutum,</strong></span> <span class='ocrx_word' id='word_1_260' title='bbox 1776 3448 1843 3487; x_wconf 88' lang='lat' dir='ltr'><strong>ne</strong></span> <span class='ocrx_word' id='word_1_261' title='bbox 1864 3433 2017 3501; x_wconf 79' lang='lat' dir='ltr'><strong>igno-</strong></span> 
     </span>
    </p>
   </div>
   <div class='ocr_carea' id='block_1_36' title="bbox 473 3521 2016 3598">
    <p class='ocr_par' dir='ltr' id='par_1_36' title="bbox 473 3521 2016 3598">
     <span class='ocr_line' id='line_1_37' title="bbox 473 3521 2016 3598; baseline -0.008 -9"><span class='ocrx_word' id='word_1_262' title='bbox 473 3534 640 3590; x_wconf 87' lang='lat' dir='ltr'><strong>minia</strong></span> <span class='ocrx_word' id='word_1_263' title='bbox 684 3531 990 3585; x_wconf 82' lang='lat' dir='ltr'><strong>afficiantur</strong></span> <span class='ocrx_word' id='word_1_264' title='bbox 1033 3543 1196 3598; x_wconf 91' lang='lat' dir='ltr'><strong>super</strong></span> <span class='ocrx_word' id='word_1_265' title='bbox 1234 3543 1320 3583; x_wconf 91' lang='lat' dir='ltr'><strong>me</strong></span> <span class='ocrx_word' id='word_1_266' title='bbox 1350 3527 1445 3597; x_wconf 92' lang='lat' dir='ltr'><strong>qui</strong></span> <span class='ocrx_word' id='word_1_267' title='bbox 1491 3534 1738 3595; x_wconf 63' lang='lat' dir='ltr'><strong>quarunt</strong></span> <span class='ocrx_word' id='word_1_268' title='bbox 1768 3529 1841 3585; x_wconf 89' lang='lat' dir='ltr'><strong>te,</strong></span> <span class='ocrx_word' id='word_1_269' title='bbox 1876 3521 2016 3576; x_wconf 87' lang='lat' dir='ltr'><strong>Deus</strong></span> 
     </span>
    </p>
   </div>
   <div class='ocr_carea' id='block_1_37' title="bbox 475 3611 2015 3687">
    <p class='ocr_par' dir='ltr' id='par_1_37' title="bbox 475 3611 2015 3687">
     <span class='ocr_line' id='line_1_38' title="bbox 475 3611 2015 3687; baseline -0.01 -9"><span class='ocrx_word' id='word_1_270' title='bbox 475 3623 661 3678; x_wconf 83' lang='lat' dir='ltr'><strong>Israel.</strong></span> <span class='ocrx_word' id='word_1_271' title='bbox 704 3640 723 3672; x_wconf 75' lang='grc' dir='ltr'><strong>ν</strong></span> <span class='ocrx_word' id='word_1_272' title='bbox 764 3614 1030 3674; x_wconf 79' lang='lat' dir='ltr'><strong>Observes</strong></span> <span class='ocrx_word' id='word_1_273' title='bbox 1089 3631 1249 3686; x_wconf 92' lang='lat' dir='ltr'><strong>porro</strong></span> <span class='ocrx_word' id='word_1_274' title='bbox 1323 3615 1596 3687; x_wconf 90' lang='lat' dir='ltr'><strong>quomodo</strong></span> <span class='ocrx_word' id='word_1_275' title='bbox 1654 3613 1859 3667; x_wconf 92' lang='lat' dir='ltr'><strong>dictum</strong></span> <span class='ocrx_word' id='word_1_276' title='bbox 1924 3611 2015 3672; x_wconf 81' lang='lat' dir='ltr'><strong>sit,</strong></span> 
     </span>
    </p>
   </div>
   <div class='ocr_carea' id='block_1_38' title="bbox 482 3697 2019 3769">
    <p class='ocr_par' dir='ltr' id='par_1_38' title="bbox 482 3697 2019 3769">
     <span class='ocr_line' id='line_1_39' title="bbox 482 3697 2019 3769; baseline -0.008 -7"><span class='ocrx_word' id='word_1_277' title='bbox 482 3728 504 3762; x_wconf 70' lang='grc' dir='ltr'><strong>ε</strong></span> <span class='ocrx_word' id='word_1_278' title='bbox 548 3708 795 3767; x_wconf 88' lang='lat' dir='ltr'><strong>Domine.</strong></span> <span class='ocrx_word' id='word_1_279' title='bbox 825 3705 1049 3759; x_wconf 92' lang='lat' dir='ltr'><strong>Domine</strong></span> <span class='ocrx_word' id='word_1_280' title='bbox 1084 3705 1378 3769; x_wconf 84' lang='lat' dir='ltr'><strong>virtutum;</strong></span> <span class='ocrx_word' id='word_1_281' title='bbox 1414 3723 1433 3756; x_wconf 76' lang='grc' dir='ltr'><strong>ν</strong></span> <span class='ocrx_word' id='word_1_282' title='bbox 1467 3703 1540 3758; x_wconf 92' lang='lat' dir='ltr'><strong>ita</strong></span> <span class='ocrx_word' id='word_1_283' title='bbox 1584 3711 1643 3756; x_wconf 90' lang='lat' dir='ltr'><strong>ut</strong></span> <span class='ocrx_word' id='word_1_284' title='bbox 1693 3714 1887 3755; x_wconf 89' lang='lat' dir='ltr'><strong>nomen</strong></span> <span class='ocrx_word' id='word_1_285' title='bbox 1916 3697 2019 3751; x_wconf 83' lang='lat' dir='ltr'><strong>Do-</strong></span> 
     </span>
    </p>
   </div>
   <div class='ocr_carea' id='block_1_39' title="bbox 477 3787 2018 3863">
    <p class='ocr_par' dir='ltr' id='par_1_39' title="bbox 477 3787 2018 3863">
     <span class='ocr_line' id='line_1_40' title="bbox 477 3787 2018 3863; baseline -0.008 -11"><span class='ocrx_word' id='word_1_286' title='bbox 477 3796 612 3852; x_wconf 87' lang='lat' dir='ltr'><strong>mini</strong></span> <span class='ocrx_word' id='word_1_287' title='bbox 634 3793 937 3863; x_wconf 86' lang='lat' dir='ltr'><strong>repetitum,</strong></span> <span class='ocrx_word' id='word_1_288' title='bbox 968 3799 1022 3845; x_wconf 89' lang='lat' dir='ltr'><strong>et</strong></span> <span class='ocrx_word' id='word_1_289' title='bbox 1059 3790 1126 3844; x_wconf 89' lang='lat' dir='ltr'><strong>ad</strong></span> <span class='ocrx_word' id='word_1_290' title='bbox 1154 3789 1321 3845; x_wconf 88' lang='lat' dir='ltr'><strong>Deum</strong></span> <span class='ocrx_word' id='word_1_291' title='bbox 1359 3791 1736 3847; x_wconf 86' lang='lat' dir='ltr'><strong>universorum</strong></span> <span class='ocrx_word' id='word_1_292' title='bbox 1791 3787 2018 3842; x_wconf 90' lang='lat' dir='ltr'><strong>relatum</strong></span> 
     </span>
    </p>
   </div>
   <div class='ocr_carea' id='block_1_40' title="bbox 552 3987 2024 4061">
    <p class='ocr_par' dir='ltr' id='par_1_40' title="bbox 552 3987 2024 4061">
     <span class='ocr_line' id='line_1_41' title="bbox 552 3987 2024 4061; baseline -0.007 -10"><span class='ocrx_word' id='word_1_293' title='bbox 552 3996 719 4051; x_wconf 71' lang='lat' dir='ltr'><strong>Vens.</strong></span> <span class='ocrx_word' id='word_1_294' title='bbox 745 3996 798 4059; x_wconf 89' lang='lat'><strong>8,</strong></span> <span class='ocrx_word' id='word_1_295' title='bbox 826 3994 880 4049; x_wconf 90' lang='lat'><strong>9.</strong></span> <span class='ocrx_word' id='word_1_296' title='bbox 916 4013 935 4046; x_wconf 73' lang='grc' dir='ltr'><strong>ι</strong></span> <span class='ocrx_word' id='word_1_297' title='bbox 973 3993 1240 4059; x_wconf 90' lang='lat' dir='ltr'><strong>Quoniam</strong></span> <span class='ocrx_word' id='word_1_298' title='bbox 1296 3998 1516 4061; x_wconf 90' lang='lat' dir='ltr'><strong>propter</strong></span> <span class='ocrx_word' id='word_1_299' title='bbox 1561 3997 1614 4045; x_wconf 89' lang='lat' dir='ltr'><strong>te</strong></span> <span class='ocrx_word' id='word_1_300' title='bbox 1665 3987 1899 4045; x_wconf 88' lang='lat' dir='ltr'><strong>sustinui</strong></span> <span class='ocrx_word' id='word_1_301' title='bbox 1925 4002 2024 4057; x_wconf 87' lang='lat' dir='ltr'><strong>op-</strong></span> 
     </span>
    </p>
   </div>
   <div class='ocr_carea' id='block_1_41' title="bbox 480 4077 2022 4160">
    <p class='ocr_par' dir='ltr' id='par_1_41' title="bbox 480 4077 2022 4160">
     <span class='ocr_line' id='line_1_42' title="bbox 480 4077 2022 4160; baseline -0.008 -18"><span class='ocrx_word' id='word_1_302' title='bbox 480 4088 784 4160; x_wconf 85' lang='lat' dir='ltr'><strong>probrium,</strong></span> <span class='ocrx_word' id='word_1_303' title='bbox 814 4088 1026 4157; x_wconf 87' lang='lat' dir='ltr'><strong>operuit</strong></span> <span class='ocrx_word' id='word_1_304' title='bbox 1067 4083 1315 4141; x_wconf 83' lang='lat' dir='ltr'><strong>confusio</strong></span> <span class='ocrx_word' id='word_1_305' title='bbox 1372 4082 1560 4135; x_wconf 83' lang='lat' dir='ltr'><strong>faciem</strong></span> <span class='ocrx_word' id='word_1_306' title='bbox 1609 4095 1807 4134; x_wconf 89' lang='lat' dir='ltr'><strong>meam.</strong></span> <span class='ocrx_word' id='word_1_307' title='bbox 1850 4097 1869 4131; x_wconf 77' lang='grc'><strong>»</strong></span> <span class='ocrx_word' id='word_1_308' title='bbox 1909 4077 2022 4131; x_wconf 60' lang='grc' dir='ltr'>ϐαι·</span> 
     </span>
    </p>
   </div>
   <div class='ocr_carea' id='block_1_42' title="bbox 479 4168 2018 4246">
    <p class='ocr_par' dir='ltr' id='par_1_42' title="bbox 479 4168 2018 4246">
     <span class='ocr_line' id='line_1_43' title="bbox 479 4168 2018 4246; baseline -0.008 -15"><span class='ocrx_word' id='word_1_309' title='bbox 479 4176 607 4243; x_wconf 80' lang='lat' dir='ltr'><strong>teri,</strong></span> <span class='ocrx_word' id='word_1_310' title='bbox 638 4176 835 4246; x_wconf 85' lang='lat' dir='ltr'><strong>inquit,</strong></span> <span class='ocrx_word' id='word_1_311' title='bbox 870 4175 1117 4229; x_wconf 88' lang='lat' dir='ltr'><strong>homines</strong></span> <span class='ocrx_word' id='word_1_312' title='bbox 1155 4174 1224 4227; x_wconf 89' lang='lat' dir='ltr'><strong>ob</strong></span> <span class='ocrx_word' id='word_1_313' title='bbox 1268 4177 1484 4241; x_wconf 90' lang='lat' dir='ltr'><strong>peccata</strong></span> <span class='ocrx_word' id='word_1_314' title='bbox 1534 4184 1631 4224; x_wconf 90' lang='lat' dir='ltr'><strong>sua</strong></span> <span class='ocrx_word' id='word_1_315' title='bbox 1662 4168 2018 4237; x_wconf 86' lang='lat' dir='ltr'><strong>correptioni-</strong></span> 
     </span>
    </p>
   </div>
   <div class='ocr_carea' id='block_1_43' title="bbox 482 4258 2024 4336">
    <p class='ocr_par' dir='ltr' id='par_1_43' title="bbox 482 4258 2024 4336">
     <span class='ocr_line' id='line_1_44' title="bbox 482 4258 2024 4336; baseline -0.007 -15"><span class='ocrx_word' id='word_1_316' title='bbox 482 4267 586 4322; x_wconf 87' lang='lat' dir='ltr'><strong>bus</strong></span> <span class='ocrx_word' id='word_1_317' title='bbox 609 4277 660 4322; x_wconf 91' lang='lat' dir='ltr'><strong>et</strong></span> <span class='ocrx_word' id='word_1_318' title='bbox 685 4266 993 4336; x_wconf 87' lang='lat' dir='ltr'><strong>opprobriis</strong></span> <span class='ocrx_word' id='word_1_319' title='bbox 1044 4263 1440 4332; x_wconf 86' lang='lat' dir='ltr'><strong>subjiciuntur;</strong></span> <span class='ocrx_word' id='word_1_320' title='bbox 1468 4274 1565 4330; x_wconf 61' lang='lat' dir='ltr'><strong>ego</strong></span> <span class='ocrx_word' id='word_1_321' title='bbox 1611 4273 1741 4312; x_wconf 83' lang='lat' dir='ltr'><strong>vero</strong></span> <span class='ocrx_word' id='word_1_322' title='bbox 1765 4258 1856 4326; x_wconf 91' lang='lat' dir='ltr'><strong>qui</strong></span> <span class='ocrx_word' id='word_1_323' title='bbox 1896 4272 2024 4325; x_wconf 77' lang='lat' dir='ltr'><strong>pec-</strong></span> 
     </span>
    </p>
   </div>
   <div class='ocr_carea' id='block_1_44' title="bbox 480 4349 2020 4425">
    <p class='ocr_par' dir='ltr' id='par_1_44' title="bbox 480 4349 2020 4425">
     <span class='ocr_line' id='line_1_45' title="bbox 480 4349 2020 4425; baseline -0.008 -13"><span class='ocrx_word' id='word_1_324' title='bbox 480 4368 662 4413; x_wconf 73' lang='lat' dir='ltr'><strong>catum</strong></span> <span class='ocrx_word' id='word_1_325' title='bbox 697 4374 805 4412; x_wconf 91' lang='lat' dir='ltr'><strong>non</strong></span> <span class='ocrx_word' id='word_1_326' title='bbox 838 4357 982 4419; x_wconf 86' lang='lat' dir='ltr'><strong>novi,</strong></span> <span class='ocrx_word' id='word_1_327' title='bbox 1016 4365 1237 4425; x_wconf 88' lang='lat' dir='ltr'><strong>propter</strong></span> <span class='ocrx_word' id='word_1_328' title='bbox 1268 4363 1321 4407; x_wconf 92' lang='lat' dir='ltr'><strong>te</strong></span> <span class='ocrx_word' id='word_1_329' title='bbox 1365 4351 1596 4408; x_wconf 86' lang='lat' dir='ltr'><strong>sustinui</strong></span> <span class='ocrx_word' id='word_1_330' title='bbox 1650 4349 2020 4421; x_wconf 83' lang='lat' dir='ltr'><strong>cpprobrium,</strong></span> 
     </span>
    </p>
   </div>
   <div class='ocr_carea' id='block_1_45' title="bbox 481 4440 2021 4517">
    <p class='ocr_par' dir='ltr' id='par_1_45' title="bbox 481 4440 2021 4517">
     <span class='ocr_line' id='line_1_46' title="bbox 481 4440 2021 4517; baseline -0.006 -16"><span class='ocrx_word' id='word_1_331' title='bbox 481 4448 611 4516; x_wconf 86' lang='lat' dir='ltr'><strong>quia</strong></span> <span class='ocrx_word' id='word_1_332' title='bbox 638 4455 697 4501; x_wconf 92' lang='lat' dir='ltr'><strong>tu</strong></span> <span class='ocrx_word' id='word_1_333' title='bbox 724 4448 858 4517; x_wconf 89' lang='lat' dir='ltr'><strong>ipse,</strong></span> <span class='ocrx_word' id='word_1_334' title='bbox 886 4446 1028 4501; x_wconf 89' lang='lat' dir='ltr'><strong>Deus</strong></span> <span class='ocrx_word' id='word_1_335' title='bbox 1082 4446 1359 4499; x_wconf 91' lang='lat' dir='ltr'><strong>hominum</strong></span> <span class='ocrx_word' id='word_1_336' title='bbox 1407 4452 1633 4503; x_wconf 86' lang='lat' dir='ltr'><strong>amator,</strong></span> <span class='ocrx_word' id='word_1_337' title='bbox 1658 4456 1757 4510; x_wconf 91' lang='lat' dir='ltr'><strong>pro</strong></span> <span class='ocrx_word' id='word_1_338' title='bbox 1790 4440 2021 4493; x_wconf 90' lang='lat' dir='ltr'><strong>humano</strong></span> 
     </span>
    </p>
   </div>
   <div class='ocr_carea' id='block_1_46' title="bbox 483 4530 2015 4605">
    <p class='ocr_par' dir='ltr' id='par_1_46' title="bbox 483 4530 2015 4605">
     <span class='ocr_line' id='line_1_47' title="bbox 483 4530 2015 4605; baseline -0.005 -16"><span class='ocrx_word' id='word_1_339' title='bbox 483 4550 682 4605; x_wconf 76' lang='lat' dir='ltr'><strong>genere</strong></span> <span class='ocrx_word' id='word_1_340' title='bbox 711 4551 797 4589; x_wconf 90' lang='lat' dir='ltr'><strong>me</strong></span> <span class='ocrx_word' id='word_1_341' title='bbox 828 4545 1105 4604; x_wconf 87' lang='lat' dir='ltr'><strong>peccatum</strong></span> <span class='ocrx_word' id='word_1_342' title='bbox 1130 4533 1331 4597; x_wconf 84' lang='lat' dir='ltr'><strong>fecisti;</strong></span> <span class='ocrx_word' id='word_1_343' title='bbox 1362 4543 1417 4586; x_wconf 92' lang='lat' dir='ltr'><strong>ut</strong></span> <span class='ocrx_word' id='word_1_344' title='bbox 1448 4533 1538 4601; x_wconf 85' lang='lat' dir='ltr'><strong>qui</strong></span> <span class='ocrx_word' id='word_1_345' title='bbox 1569 4531 1800 4585; x_wconf 88' lang='lat' dir='ltr'><strong>credunt</strong></span> <span class='ocrx_word' id='word_1_346' title='bbox 1828 4530 1881 4582; x_wconf 91' lang='lat' dir='ltr'><strong>in</strong></span> <span class='ocrx_word' id='word_1_347' title='bbox 1910 4544 2015 4593; x_wconf 91' lang='lat' dir='ltr'><strong>me,</strong></span> 
     </span>
    </p>
   </div>
   <div class='ocr_carea' id='block_1_47' title="bbox 481 4619 2019 4697">
    <p class='ocr_par' dir='ltr' id='par_1_47' title="bbox 481 4619 2019 4697">
     <span class='ocr_line' id='line_1_48' title="bbox 481 4619 2019 4697; baseline -0.004 -19"><span class='ocrx_word' id='word_1_348' title='bbox 481 4623 693 4697; x_wconf 83' lang='lat' dir='ltr'><strong>justitia</strong></span> <span class='ocrx_word' id='word_1_349' title='bbox 720 4622 1034 4680; x_wconf 86' lang='lat' dir='ltr'><strong>etliciantur.</strong></span> <span class='ocrx_word' id='word_1_350' title='bbox 1065 4624 1176 4678; x_wconf 88' lang='lat' dir='ltr'><strong>Imo</strong></span> <span class='ocrx_word' id='word_1_351' title='bbox 1213 4624 1372 4678; x_wconf 88' lang='lat' dir='ltr'><strong>etiam</strong></span> <span class='ocrx_word' id='word_1_352' title='bbox 1405 4640 1423 4672; x_wconf 75' lang='grc' dir='ltr'><strong>ι</strong></span> <span class='ocrx_word' id='word_1_353' title='bbox 1454 4630 1670 4690; x_wconf 77' lang='lat' dir='ltr'><strong>prepter</strong></span> <span class='ocrx_word' id='word_1_354' title='bbox 1700 4629 1751 4674; x_wconf 92' lang='lat' dir='ltr'><strong>te</strong></span> <span class='ocrx_word' id='word_1_355' title='bbox 1788 4619 2019 4674; x_wconf 88' lang='lat' dir='ltr'><strong>sustinui</strong></span> 
     </span>
    </p>
   </div>
   <div class='ocr_carea' id='block_1_48' title="bbox 483 4709 2019 4786">
    <p class='ocr_par' dir='ltr' id='par_1_48' title="bbox 483 4709 2019 4786">
     <span class='ocr_line' id='line_1_49' title="bbox 483 4709 2019 4786; baseline -0.007 -15"><span class='ocrx_word' id='word_1_356' title='bbox 483 4715 850 4786; x_wconf 79' lang='lat' dir='ltr'><strong>approhrium,</strong></span> <span class='ocrx_word' id='word_1_357' title='bbox 882 4734 900 4766; x_wconf 72' lang='grc' dir='ltr'><strong>ι</strong></span> <span class='ocrx_word' id='word_1_358' title='bbox 930 4731 1050 4767; x_wconf 90' lang='lat' dir='ltr'><strong>cum</strong></span> <span class='ocrx_word' id='word_1_359' title='bbox 1079 4731 1146 4768; x_wconf 79' lang='lat' dir='ltr'><strong>ex</strong></span> <span class='ocrx_word' id='word_1_360' title='bbox 1180 4714 1456 4768; x_wconf 90' lang='lat' dir='ltr'><strong>voluntate</strong></span> <span class='ocrx_word' id='word_1_361' title='bbox 1484 4719 1576 4764; x_wconf 83' lang='lat' dir='ltr'><strong>tua</strong></span> <span class='ocrx_word' id='word_1_362' title='bbox 1596 4726 1680 4765; x_wconf 92' lang='lat' dir='ltr'><strong>me</strong></span> <span class='ocrx_word' id='word_1_363' title='bbox 1701 4709 1765 4763; x_wconf 90' lang='lat' dir='ltr'><strong>ad</strong></span> <span class='ocrx_word' id='word_1_364' title='bbox 1794 4709 2019 4762; x_wconf 89' lang='lat' dir='ltr'><strong>nihilum</strong></span> 
     </span>
    </p>
   </div>
   <div class='ocr_carea' id='block_1_49' title="bbox 485 4801 2025 4874">
    <p class='ocr_par' dir='ltr' id='par_1_49' title="bbox 485 4801 2025 4874">
     <span class='ocr_line' id='line_1_50' title="bbox 485 4801 2025 4874; baseline -0.005 -14"><span class='ocrx_word' id='word_1_365' title='bbox 485 4804 688 4874; x_wconf 74' lang='lat' dir='ltr'><strong>redegi,</strong></span> <span class='ocrx_word' id='word_1_366' title='bbox 736 4813 789 4858; x_wconf 86' lang='lat' dir='ltr'><strong>et</strong></span> <span class='ocrx_word' id='word_1_367' title='bbox 843 4804 909 4857; x_wconf 87' lang='lat' dir='ltr'><strong>ad</strong></span> <span class='ocrx_word' id='word_1_368' title='bbox 946 4812 1173 4858; x_wconf 88' lang='lat' dir='ltr'><strong>mortem</strong></span> <span class='ocrx_word' id='word_1_369' title='bbox 1203 4819 1375 4873; x_wconf 91' lang='lat' dir='ltr'><strong>usque</strong></span> <span class='ocrx_word' id='word_1_370' title='bbox 1416 4801 1679 4871; x_wconf 89' lang='lat' dir='ltr'><strong>depressi,</strong></span> <span class='ocrx_word' id='word_1_371' title='bbox 1737 4816 1843 4870; x_wconf 87' lang='lat' dir='ltr'><strong>quo</strong></span> <span class='ocrx_word' id='word_1_372' title='bbox 1890 4809 2025 4854; x_wconf 89' lang='lat' dir='ltr'><strong>tem-</strong></span> 
     </span>
    </p>
   </div>
   <div class='ocr_carea' id='block_1_50' title="bbox 486 4894 2025 4966">
    <p class='ocr_par' dir='ltr' id='par_1_50' title="bbox 486 4894 2025 4966">
     <span class='ocr_line' id='line_1_51' title="bbox 486 4894 2025 4966; baseline -0.004 -17"><span class='ocrx_word' id='word_1_373' title='bbox 486 4911 616 4966; x_wconf 90' lang='lat' dir='ltr'><strong>pore</strong></span> <span class='ocrx_word' id='word_1_374' title='bbox 666 4901 1051 4964; x_wconf 60' lang='lat' dir='ltr'><strong>praetereuntes</strong></span> <span class='ocrx_word' id='word_1_375' title='bbox 1102 4894 1568 4963; x_wconf 85' lang='lat' dir='ltr'><strong>blasphemabant,</strong></span> <span class='ocrx_word' id='word_1_376' title='bbox 1625 4900 1901 4944; x_wconf 88' lang='lat' dir='ltr'><strong>moventes</strong></span> <span class='ocrx_word' id='word_1_377' title='bbox 1934 4905 2025 4943; x_wconf 89' lang='lat' dir='ltr'><strong>ca-</strong></span> 
     </span>
    </p>
   </div>
   <div class='ocr_carea' id='block_1_51' title="bbox 488 4981 2021 5053">
    <p class='ocr_par' dir='ltr' id='par_1_51' title="bbox 488 4981 2021 5053">
     <span class='ocr_line' id='line_1_52' title="bbox 488 4981 2021 5053; baseline -0.004 -16"><span class='ocrx_word' id='word_1_378' title='bbox 488 4986 596 5053; x_wconf 86' lang='lat' dir='ltr'><strong>pita</strong></span> <span class='ocrx_word' id='word_1_379' title='bbox 629 5001 726 5041; x_wconf 89' lang='lat' dir='ltr'><strong>sua</strong></span> <span class='ocrx_word' id='word_1_380' title='bbox 756 4992 809 5039; x_wconf 88' lang='lat' dir='ltr'><strong>et</strong></span> <span class='ocrx_word' id='word_1_381' title='bbox 836 4985 1075 5039; x_wconf 88' lang='lat' dir='ltr'><strong>dicentes</strong></span> <span class='ocrx_word' id='word_1_382' title='bbox 1104 5003 1118 5037; x_wconf 89' lang='lat'><strong>:</strong></span> <span class='ocrx_word' id='word_1_383' title='bbox 1154 5003 1172 5034; x_wconf 74' lang='grc'><strong>(</strong></span> <span class='ocrx_word' id='word_1_384' title='bbox 1204 4982 1338 5045; x_wconf 85' lang='lat' dir='ltr'><strong>Vah,</strong></span> <span class='ocrx_word' id='word_1_385' title='bbox 1367 4982 1458 5052; x_wconf 90' lang='lat' dir='ltr'><strong>qui</strong></span> <span class='ocrx_word' id='word_1_386' title='bbox 1482 4981 1715 5036; x_wconf 89' lang='lat' dir='ltr'><strong>destruis</strong></span> <span class='ocrx_word' id='word_1_387' title='bbox 1745 4981 2021 5048; x_wconf 87' lang='lat' dir='ltr'><strong>templum,</strong></span> 
     </span>
    </p>
   </div>
   <div class='ocr_carea' id='block_1_52' title="bbox 490 5070 2025 5135">
    <p class='ocr_par' dir='ltr' id='par_1_52' title="bbox 490 5070 2025 5135">
     <span class='ocr_line' id='line_1_53' title="bbox 490 5070 2025 5135; baseline -0.003 -9"><span class='ocrx_word' id='word_1_388' title='bbox 490 5081 543 5132; x_wconf 79' lang='lat' dir='ltr'><strong>et</strong></span> <span class='ocrx_word' id='word_1_389' title='bbox 590 5074 643 5128; x_wconf 89' lang='lat' dir='ltr'><strong>in</strong></span> <span class='ocrx_word' id='word_1_390' title='bbox 692 5076 865 5129; x_wconf 90' lang='lat' dir='ltr'><strong>tribus</strong></span> <span class='ocrx_word' id='word_1_391' title='bbox 906 5076 1094 5129; x_wconf 86' lang='lat' dir='ltr'><strong>diebus</strong></span> <span class='ocrx_word' id='word_1_392' title='bbox 1149 5074 1402 5135; x_wconf 68' lang='lat' dir='ltr'><strong>aedificas,</strong></span> <span class='ocrx_word' id='word_1_393' title='bbox 1439 5074 1646 5127; x_wconf 87' lang='lat' dir='ltr'><strong>salvum</strong></span> <span class='ocrx_word' id='word_1_394' title='bbox 1702 5070 1790 5124; x_wconf 90' lang='lat' dir='ltr'><strong>fac</strong></span> <span class='ocrx_word' id='word_1_395' title='bbox 1836 5080 2025 5124; x_wconf 83' lang='lat' dir='ltr'><strong>temet-</strong></span> 
     </span>
    </p>
   </div>
   <div class='ocr_carea' id='block_1_53' title="bbox 493 5161 2027 5231">
    <p class='ocr_par' dir='ltr' id='par_1_53' title="bbox 493 5161 2027 5231">
     <span class='ocr_line' id='line_1_54' title="bbox 493 5161 2027 5231; baseline -0.003 -15"><span class='ocrx_word' id='word_1_396' title='bbox 493 5163 690 5231; x_wconf 88' lang='lat' dir='ltr'><strong>ipsum.</strong></span> <span class='ocrx_word' id='word_1_397' title='bbox 715 5165 771 5217; x_wconf 89' lang='lat' dir='ltr'><strong>Si</strong></span> <span class='ocrx_word' id='word_1_398' title='bbox 808 5164 977 5220; x_wconf 87' lang='lat' dir='ltr'><strong>Filius</strong></span> <span class='ocrx_word' id='word_1_399' title='bbox 1003 5164 1095 5219; x_wconf 89' lang='lat' dir='ltr'><strong>Dei</strong></span> <span class='ocrx_word' id='word_1_400' title='bbox 1124 5182 1204 5229; x_wconf 86' lang='lat' dir='ltr'><strong>es,</strong></span> <span class='ocrx_word' id='word_1_401' title='bbox 1231 5164 1495 5220; x_wconf 86' lang='lat' dir='ltr'><strong>descende</strong></span> <span class='ocrx_word' id='word_1_402' title='bbox 1518 5164 1585 5218; x_wconf 93' lang='lat' dir='ltr'><strong>de</strong></span> <span class='ocrx_word' id='word_1_403' title='bbox 1612 5177 1795 5218; x_wconf 89' lang='lat' dir='ltr'><strong>cruce.</strong></span> <span class='ocrx_word' id='word_1_404' title='bbox 1830 5161 2027 5215; x_wconf 91' lang='lat' dir='ltr'><strong>Simili-</strong></span> 
     </span>
    </p>
   </div>
   <div class='ocr_carea' id='block_1_54' title="bbox 494 5253 2028 5321">
    <p class='ocr_par' dir='ltr' id='par_1_54' title="bbox 494 5253 2028 5321">
     <span class='ocr_line' id='line_1_55' title="bbox 494 5253 2028 5321; baseline -0.001 -19"><span class='ocrx_word' id='word_1_405' title='bbox 494 5259 574 5304; x_wconf 82' lang='lat' dir='ltr'><strong>ter</strong></span> <span class='ocrx_word' id='word_1_406' title='bbox 595 5260 648 5306; x_wconf 88' lang='lat' dir='ltr'><strong>et</strong></span> <span class='ocrx_word' id='word_1_407' title='bbox 681 5253 952 5321; x_wconf 89' lang='lat' dir='ltr'><strong>principes</strong></span> <span class='ocrx_word' id='word_1_408' title='bbox 992 5255 1330 5309; x_wconf 89' lang='lat' dir='ltr'><strong>sacerdotum</strong></span> <span class='ocrx_word' id='word_1_409' title='bbox 1365 5255 1650 5309; x_wconf 89' lang='lat' dir='ltr'><strong>illudentes</strong></span> <span class='ocrx_word' id='word_1_410' title='bbox 1680 5265 1802 5305; x_wconf 90' lang='lat' dir='ltr'><strong>cum</strong></span> <span class='ocrx_word' id='word_1_411' title='bbox 1850 5263 2028 5303; x_wconf 87' lang='lat' dir='ltr'><strong>sacer-</strong></span> 
     </span>
    </p>
   </div>
   <div class='ocr_carea' id='block_1_55' title="bbox 496 5339 2027 5400">
    <p class='ocr_par' dir='ltr' id='par_1_55' title="bbox 496 5339 2027 5400">
     <span class='ocr_line' id='line_1_56' title="bbox 496 5339 2027 5400; baseline 0.001 -8"><span class='ocrx_word' id='word_1_412' title='bbox 496 5339 710 5395; x_wconf 88' lang='lat' dir='ltr'><strong>dotibus</strong></span> <span class='ocrx_word' id='word_1_413' title='bbox 755 5350 807 5397; x_wconf 91' lang='lat' dir='ltr'><strong>et</strong></span> <span class='ocrx_word' id='word_1_414' title='bbox 831 5342 1037 5397; x_wconf 81' lang='lat' dir='ltr'><strong>Scribis</strong></span> <span class='ocrx_word' id='word_1_415' title='bbox 1089 5352 1142 5398; x_wconf 92' lang='lat' dir='ltr'><strong>et</strong></span> <span class='ocrx_word' id='word_1_416' title='bbox 1186 5344 1474 5400; x_wconf 70' lang='lat' dir='ltr'><strong>Pharisaeis</strong></span> <span class='ocrx_word' id='word_1_417' title='bbox 1511 5343 1762 5398; x_wconf 85' lang='lat' dir='ltr'><strong>dicebant</strong></span> <span class='ocrx_word' id='word_1_418' title='bbox 1819 5355 1832 5391; x_wconf 89' lang='lat'><strong>:</strong></span> <span class='ocrx_word' id='word_1_419' title='bbox 1880 5340 2027 5393; x_wconf 91' lang='lat' dir='ltr'><strong>Alios</strong></span> 
     </span>
    </p>
   </div>
   <div class='ocr_carea' id='block_1_56' title="bbox 501 5427 2027 5502">
    <p class='ocr_par' dir='ltr' id='par_1_56' title="bbox 501 5427 2027 5502">
     <span class='ocr_line' id='line_1_57' title="bbox 501 5427 2027 5502; baseline 0.001 -21"><span class='ocrx_word' id='word_1_420' title='bbox 501 5428 677 5481; x_wconf 86' lang='lat' dir='ltr'><strong>salvos</strong></span> <span class='ocrx_word' id='word_1_421' title='bbox 731 5428 879 5491; x_wconf 77' lang='lat' dir='ltr'><strong>fecit,</strong></span> <span class='ocrx_word' id='word_1_422' title='bbox 910 5431 1145 5498; x_wconf 90' lang='lat' dir='ltr'><strong>seipsum</strong></span> <span class='ocrx_word' id='word_1_423' title='bbox 1196 5448 1303 5487; x_wconf 84' lang='lat' dir='ltr'><strong>non</strong></span> <span class='ocrx_word' id='word_1_424' title='bbox 1349 5440 1523 5502; x_wconf 84' lang='lat' dir='ltr'><strong>potest</strong></span> <span class='ocrx_word' id='word_1_425' title='bbox 1573 5431 1781 5487; x_wconf 90' lang='lat' dir='ltr'><strong>salvum</strong></span> <span class='ocrx_word' id='word_1_426' title='bbox 1830 5427 2027 5482; x_wconf 86' lang='lat' dir='ltr'><strong>facere.</strong></span> 
     </span>
    </p>
   </div>
   <div class='ocr_carea' id='block_1_57' title="bbox 501 5516 2030 5583">
    <p class='ocr_par' dir='ltr' id='par_1_57' title="bbox 501 5516 2030 5583">
     <span class='ocr_line' id='line_1_58' title="bbox 501 5516 2030 5583; baseline 0.003 -14"><span class='ocrx_word' id='word_1_427' title='bbox 501 5516 559 5569; x_wconf 91' lang='lat' dir='ltr'><strong>Si</strong></span> <span class='ocrx_word' id='word_1_428' title='bbox 613 5532 707 5570; x_wconf 78' lang='lat' dir='ltr'><strong>rex</strong></span> <span class='ocrx_word' id='word_1_429' title='bbox 764 5520 929 5572; x_wconf 82' lang='lat' dir='ltr'><strong>Israel</strong></span> <span class='ocrx_word' id='word_1_430' title='bbox 973 5529 1077 5583; x_wconf 90' lang='lat' dir='ltr'><strong>est,</strong></span> <span class='ocrx_word' id='word_1_431' title='bbox 1112 5522 1403 5579; x_wconf 84' lang='lat' dir='ltr'><strong>descendat</strong></span> <span class='ocrx_word' id='word_1_432' title='bbox 1455 5541 1598 5581; x_wconf 89' lang='lat' dir='ltr'><strong>nunc</strong></span> <span class='ocrx_word' id='word_1_433' title='bbox 1640 5524 1707 5578; x_wconf 91' lang='lat' dir='ltr'><strong>de</strong></span> <span class='ocrx_word' id='word_1_434' title='bbox 1769 5535 1950 5579; x_wconf 85' lang='lat' dir='ltr'><strong>cruce.</strong></span> <span class='ocrx_word' id='word_1_435' title='bbox 1977 5526 2030 5574; x_wconf 90' lang='lat' dir='ltr'><strong>et</strong></span> 
     </span>
    </p>
   </div>
   <div class='ocr_carea' id='block_1_58' title="bbox 498 5604 2028 5687">
    <p class='ocr_par' dir='ltr' id='par_1_58' title="bbox 498 5604 2028 5687">
     <span class='ocr_line' id='line_1_59' title="bbox 498 5604 2028 5687; baseline 0.014 -28"><span class='ocrx_word' id='word_1_436' title='bbox 498 5604 781 5663; x_wconf 74' lang='lat' dir='ltr'><strong>credemus</strong></span> <span class='ocrx_word' id='word_1_437' title='bbox 820 5605 891 5657; x_wconf 91' lang='lat' dir='ltr'><strong>ei.</strong></span> <span class='ocrx_word' id='word_1_438' title='bbox 932 5607 1172 5675; x_wconf 86' lang='lat' dir='ltr'><strong>Speravit</strong></span> <span class='ocrx_word' id='word_1_439' title='bbox 1233 5613 1287 5669; x_wconf 89' lang='lat' dir='ltr'><strong>in</strong></span> <span class='ocrx_word' id='word_1_440' title='bbox 1334 5614 1519 5680; x_wconf 76' lang='lat' dir='ltr'><strong>Deum,</strong></span> <span class='ocrx_word' id='word_1_441' title='bbox 1556 5615 1748 5687; x_wconf 86' lang='lat' dir='ltr'><strong>eripiat</strong></span> <span class='ocrx_word' id='word_1_442' title='bbox 1795 5628 1939 5678; x_wconf 62' lang='lat' dir='ltr'><strong>eum»</strong></span> <span class='ocrx_word' id='word_1_443' title='bbox 1982 5611 2028 5666; x_wconf 73' lang='grc' dir='ltr'><strong>εί</strong></span> 
     </span>
    </p>
   </div>
   <div class='ocr_carea' id='block_1_59' title="bbox 574 5733 1048 5795">
    <p class='ocr_par' dir='ltr' id='par_1_59' title="bbox 574 5733 1048 5795">
     <span class='ocr_line' id='line_1_60' title="bbox 574 5733 1048 5795; baseline -0.017 1"><span class='ocrx_word' id='word_1_444' title='bbox 574 5737 593 5773; x_wconf 78' lang='grc'><strong><em>⁷</em></strong></span> <span class='ocrx_word' id='word_1_445' title='bbox 632 5733 733 5795; x_wconf 74' lang='lat' dir='ltr'><strong>lsa,</strong></span> <span class='ocrx_word' id='word_1_446' title='bbox 776 5747 890 5795; x_wconf 83' lang='lat' dir='ltr'><strong>Lm,</strong></span> <span class='ocrx_word' id='word_1_447' title='bbox 932 5734 1048 5789; x_wconf 77' lang='grc'><strong>4-6.</strong></span> 
     </span>
    </p>
   </div>
   <div class='ocr_carea' id='block_1_60' title="bbox 2088 592 3614 686">
    <p class='ocr_par' dir='ltr' id='par_1_60' title="bbox 2088 592 3614 686">
     <span class='ocr_line' id='line_1_61' title="bbox 2088 592 3614 686; baseline -0.022 -12"><span class='ocrx_word' id='word_1_448' title='bbox 2088 592 2254 682; x_wconf 77' lang='grc' dir='ltr'>οἶδας,</span> <span class='ocrx_word' id='word_1_449' title='bbox 2305 617 2486 686; x_wconf 64' lang='grc' dir='ltr'>φησιν,</span> <span class='ocrx_word' id='word_1_450' title='bbox 2533 616 2560 666; x_wconf 91' lang='lat'><strong>6</strong></span> <span class='ocrx_word' id='word_1_451' title='bbox 2587 610 2753 671; x_wconf 85' lang='grc' dir='ltr'>Θεὸς,</span> <span class='ocrx_word' id='word_1_452' title='bbox 2801 605 2856 657; x_wconf 79' lang='grc' dir='ltr'>ετ</span> <span class='ocrx_word' id='word_1_453' title='bbox 2882 601 3009 654; x_wconf 86' lang='grc' dir='ltr'>τινά</span> <span class='ocrx_word' id='word_1_454' title='bbox 3052 614 3142 668; x_wconf 86' lang='grc' dir='ltr'><strong>μοι</strong></span> <span class='ocrx_word' id='word_1_455' title='bbox 3188 592 3614 686; x_wconf 64' lang='grc' dir='ltr'>πεπλημμέληται.</span> 
     </span>
    </p>
   </div>
   <div class='ocr_carea' id='block_1_61' title="bbox 2089 680 3619 779">
    <p class='ocr_par' dir='ltr' id='par_1_61' title="bbox 2089 680 3619 779">
     <span class='ocr_line' id='line_1_62' title="bbox 2089 680 3619 779; baseline -0.02 -15"><span class='ocrx_word' id='word_1_456' title='bbox 2089 711 2162 763; x_wconf 85' lang='grc' dir='ltr'>Ού</span> <span class='ocrx_word' id='word_1_457' title='bbox 2204 680 2329 779; x_wconf 43' lang='grc' dir='ltr'>γὰρ.</span> <span class='ocrx_word' id='word_1_458' title='bbox 2358 680 2421 760; x_wconf 74' lang='grc' dir='ltr'><strong>ἀν</strong></span> <span class='ocrx_word' id='word_1_459' title='bbox 2459 700 2763 773; x_wconf 79' lang='grc' dir='ltr'>ἐκρύϐησάν</span> <span class='ocrx_word' id='word_1_460' title='bbox 2817 712 2918 755; x_wconf 88' lang='grc' dir='ltr'><strong>σε,</strong></span> <span class='ocrx_word' id='word_1_461' title='bbox 2968 690 3021 742; x_wconf 83' lang='grc' dir='ltr'>εἴ</span> <span class='ocrx_word' id='word_1_462' title='bbox 3064 703 3209 747; x_wconf 88' lang='grc' dir='ltr'>τινες</span> <span class='ocrx_word' id='word_1_463' title='bbox 3256 680 3387 754; x_wconf 74' lang='grc' dir='ltr'>ἦσαν</span> <span class='ocrx_word' id='word_1_464' title='bbox 3430 683 3481 734; x_wconf 79' lang='grc' dir='ltr'>ὲν</span> <span class='ocrx_word' id='word_1_465' title='bbox 3520 683 3619 751; x_wconf 75' lang='grc' dir='ltr'>ἐμοὶ</span> 
     </span>
    </p>
   </div>
   <div class='ocr_carea' id='block_1_62' title="bbox 2091 772 3621 870">
    <p class='ocr_par' dir='ltr' id='par_1_62' title="bbox 2091 772 3621 870">
     <span class='ocr_line' id='line_1_63' title="bbox 2091 772 3621 870; baseline -0.02 -15"><span class='ocrx_word' id='word_1_466' title='bbox 2091 772 2473 870; x_wconf 79' lang='grc' dir='ltr'>πλημμέλειαι.</span> <span class='ocrx_word' id='word_1_467' title='bbox 2499 772 2608 847; x_wconf 69' lang='grc' dir='ltr'><strong>Καὶ</strong></span> <span class='ocrx_word' id='word_1_468' title='bbox 2633 789 2829 849; x_wconf 79' lang='grc' dir='ltr'>ἄλλως,</span> <span class='ocrx_word' id='word_1_469' title='bbox 2857 786 2908 837; x_wconf 85' lang='grc' dir='ltr'>εἰ</span> <span class='ocrx_word' id='word_1_470' title='bbox 2933 781 3035 843; x_wconf 80' lang='grc' dir='ltr'><strong>τὰς</strong></span> <span class='ocrx_word' id='word_1_471' title='bbox 3057 776 3327 870; x_wconf 80' lang='grc' dir='ltr'>ἡμετέρας</span> <span class='ocrx_word' id='word_1_472' title='bbox 3358 772 3621 841; x_wconf 78' lang='grc' dir='ltr'><strong>ἀνεμάξατο</strong></span> 
     </span>
    </p>
   </div>
   <div class='ocr_carea' id='block_1_63' title="bbox 2093 863 3622 961">
    <p class='ocr_par' dir='ltr' id='par_1_63' title="bbox 2093 863 3622 961">
     <span class='ocr_line' id='line_1_64' title="bbox 2093 863 3622 961; baseline -0.02 -18"><span class='ocrx_word' id='word_1_473' title='bbox 2093 863 2389 961; x_wconf 80' lang='grc' dir='ltr'>ἁμαρτίας,</span> <span class='ocrx_word' id='word_1_474' title='bbox 2426 884 2519 937; x_wconf 72' lang='grc' dir='ltr'>καὶ</span> <span class='ocrx_word' id='word_1_475' title='bbox 2542 882 2773 949; x_wconf 84' lang='grc' dir='ltr'>γέγονεν</span> <span class='ocrx_word' id='word_1_476' title='bbox 2809 874 2958 961; x_wconf 77' lang='grc' dir='ltr'>ὑπὲρ</span> <span class='ocrx_word' id='word_1_477' title='bbox 3003 867 3160 941; x_wconf 80' lang='grc' dir='ltr'>ἡμῶν</span> <span class='ocrx_word' id='word_1_478' title='bbox 3203 865 3435 935; x_wconf 79' lang='grc' dir='ltr'><strong>κατάρα,</strong></span> <span class='ocrx_word' id='word_1_479' title='bbox 3463 863 3529 925; x_wconf 85' lang='grc' dir='ltr'>ὠς</span> <span class='ocrx_word' id='word_1_480' title='bbox 3554 863 3622 916; x_wconf 76' lang='grc' dir='ltr'>λέ-</span> 
     </span>
    </p>
   </div>
   <div class='ocr_carea' id='block_1_64' title="bbox 2091 955 3622 1047">
    <p class='ocr_par' dir='ltr' id='par_1_64' title="bbox 2091 955 3622 1047">
     <span class='ocr_line' id='line_1_65' title="bbox 2091 955 3622 1047; baseline -0.019 -14"><span class='ocrx_word' id='word_1_481' title='bbox 2091 955 2279 1047; x_wconf 81' lang='grc' dir='ltr'>γεσθαι</span> <span class='ocrx_word' id='word_1_482' title='bbox 2329 977 2455 1046; x_wconf 74' lang='grc' dir='ltr'>περὶ</span> <span class='ocrx_word' id='word_1_483' title='bbox 2508 971 2703 1026; x_wconf 78' lang='grc' dir='ltr'>αὐτοῦ’</span> <span class='ocrx_word' id='word_1_484' title='bbox 2765 987 2782 1018; x_wconf 74' lang='grc' dir='ltr'><strong>ι</strong></span> <span class='ocrx_word' id='word_1_485' title='bbox 2820 959 2995 1022; x_wconf 70' lang='grc' dir='ltr'>Οὗτος</span> <span class='ocrx_word' id='word_1_486' title='bbox 3046 960 3147 1021; x_wconf 78' lang='grc' dir='ltr'><strong>τὰς</strong></span> <span class='ocrx_word' id='word_1_487' title='bbox 3193 955 3453 1026; x_wconf 86' lang='grc' dir='ltr'>ἁμαρτίας</span> <span class='ocrx_word' id='word_1_488' title='bbox 3494 955 3622 1023; x_wconf 81' lang='grc' dir='ltr'>ήμῶν</span> 
     </span>
    </p>
   </div>
   <div class='ocr_carea' id='block_1_65' title="bbox 2094 1043 3623 1139">
    <p class='ocr_par' dir='ltr' id='par_1_65' title="bbox 2094 1043 3623 1139">
     <span class='ocr_line' id='line_1_66' title="bbox 2094 1043 3623 1139; baseline -0.019 -19"><span class='ocrx_word' id='word_1_489' title='bbox 2094 1043 2265 1139; x_wconf 63' lang='grc' dir='ltr'>έρέρει,</span> <span class='ocrx_word' id='word_1_490' title='bbox 2302 1043 2412 1117; x_wconf 68' lang='grc' dir='ltr'><strong>καὶ⁷</strong></span> <span class='ocrx_word' id='word_1_491' title='bbox 2442 1062 2569 1131; x_wconf 71' lang='grc' dir='ltr'>περὶ</span> <span class='ocrx_word' id='word_1_492' title='bbox 2597 1057 2754 1129; x_wconf 80' lang='grc' dir='ltr'>ἡμῶν</span> <span class='ocrx_word' id='word_1_493' title='bbox 2798 1053 3079 1106; x_wconf 83' lang='grc' dir='ltr'>ὀδυνᾶται.</span> <span class='ocrx_word' id='word_1_494' title='bbox 3127 1047 3237 1099; x_wconf 69' lang='grc' dir='ltr'><strong>Καὶ</strong></span> <span class='ocrx_word' id='word_1_495' title='bbox 3280 1043 3432 1106; x_wconf 73' lang='grc' dir='ltr'>αὐτὸς</span> <span class='ocrx_word' id='word_1_496' title='bbox 3466 1043 3623 1114; x_wconf 80' lang='grc' dir='ltr'>ἐτραυ-</span> 
     </span>
    </p>
   </div>
   <div class='ocr_carea' id='block_1_66' title="bbox 2097 1134 3624 1227">
    <p class='ocr_par' dir='ltr' id='par_1_66' title="bbox 2097 1134 3624 1227">
     <span class='ocr_line' id='line_1_67' title="bbox 2097 1134 3624 1227; baseline -0.017 -17"><span class='ocrx_word' id='word_1_497' title='bbox 2097 1134 2327 1227; x_wconf 80' lang='grc' dir='ltr'>ματίσθη</span> <span class='ocrx_word' id='word_1_498' title='bbox 2361 1153 2448 1206; x_wconf 80' lang='grc' dir='ltr'><strong>διὰ</strong></span> <span class='ocrx_word' id='word_1_499' title='bbox 2478 1152 2578 1213; x_wconf 83' lang='grc' dir='ltr'>τὰς</span> <span class='ocrx_word' id='word_1_500' title='bbox 2610 1146 2887 1218; x_wconf 86' lang='grc' dir='ltr'>ἁμαρτίας</span> <span class='ocrx_word' id='word_1_501' title='bbox 2926 1141 3109 1212; x_wconf 82' lang='grc' dir='ltr'>ἡμῶν,</span> <span class='ocrx_word' id='word_1_502' title='bbox 3140 1138 3233 1191; x_wconf 57' lang='grc' dir='ltr'><strong>καὶ⁵</strong></span> <span class='ocrx_word' id='word_1_503' title='bbox 3276 1134 3624 1206; x_wconf 82' lang='grc' dir='ltr'>μεμαλάκισται</span> 
     </span>
    </p>
   </div>
   <div class='ocr_carea' id='block_1_67' title="bbox 2093 1225 3623 1313">
    <p class='ocr_par' dir='ltr' id='par_1_67' title="bbox 2093 1225 3623 1313">
     <span class='ocr_line' id='line_1_68' title="bbox 2093 1225 3623 1313; baseline -0.014 -13"><span class='ocrx_word' id='word_1_504' title='bbox 2093 1225 2177 1301; x_wconf 74' lang='grc' dir='ltr'>διὰ</span> <span class='ocrx_word' id='word_1_505' title='bbox 2203 1246 2303 1309; x_wconf 74' lang='grc' dir='ltr'><strong>τὰς</strong></span> <span class='ocrx_word' id='word_1_506' title='bbox 2334 1242 2560 1313; x_wconf 79' lang='grc' dir='ltr'>ἀνομίας</span> <span class='ocrx_word' id='word_1_507' title='bbox 2592 1238 2769 1309; x_wconf 83' lang='grc' dir='ltr'>ἡμῶν.</span> <span class='ocrx_word' id='word_1_508' title='bbox 2799 1234 2916 1288; x_wconf 69' lang='grc' dir='ltr'><strong>Καὶ</strong></span> <span class='ocrx_word' id='word_1_509' title='bbox 2939 1230 3148 1302; x_wconf 83' lang='grc' dir='ltr'>Κύριος</span> <span class='ocrx_word' id='word_1_510' title='bbox 3182 1226 3477 1298; x_wconf 86' lang='grc' dir='ltr'>παρέδωκεν</span> <span class='ocrx_word' id='word_1_511' title='bbox 3500 1225 3623 1278; x_wconf 76' lang='grc' dir='ltr'>αὑτὸν</span> 
     </span>
    </p>
   </div>
   <div class='ocr_carea' id='block_1_68' title="bbox 2094 1318 3623 1406">
    <p class='ocr_par' dir='ltr' id='par_1_68' title="bbox 2094 1318 3623 1406">
     <span class='ocr_line' id='line_1_69' title="bbox 2094 1318 3623 1406; baseline -0.015 -16"><span class='ocrx_word' id='word_1_512' title='bbox 2094 1339 2207 1398; x_wconf 80' lang='grc' dir='ltr'>ταῖς</span> <span class='ocrx_word' id='word_1_513' title='bbox 2231 1335 2520 1406; x_wconf 80' lang='grc' dir='ltr'><strong>ἁμαρτίαις</strong></span> <span class='ocrx_word' id='word_1_514' title='bbox 2544 1331 2755 1402; x_wconf 79' lang='grc' dir='ltr'><strong>ἡμῶν.»</strong></span> <span class='ocrx_word' id='word_1_515' title='bbox 2791 1326 2907 1379; x_wconf 77' lang='grc' dir='ltr'>Καὶ</span> <span class='ocrx_word' id='word_1_516' title='bbox 2933 1322 3158 1383; x_wconf 84' lang='grc' dir='ltr'>ταύτας,</span> <span class='ocrx_word' id='word_1_517' title='bbox 3191 1319 3339 1389; x_wconf 76' lang='grc' dir='ltr'>φησὶ,</span> <span class='ocrx_word' id='word_1_518' title='bbox 3369 1318 3458 1380; x_wconf 74' lang='grc' dir='ltr'><strong>τὰς</strong></span> <span class='ocrx_word' id='word_1_519' title='bbox 3485 1318 3623 1387; x_wconf 68' lang='grc' dir='ltr'>πλημ-</span> 
     </span>
    </p>
   </div>
   <div class='ocr_carea' id='block_1_69' title="bbox 2099 1406 3620 1495">
    <p class='ocr_par' dir='ltr' id='par_1_69' title="bbox 2099 1406 3620 1495">
     <span class='ocr_line' id='line_1_70' title="bbox 2099 1406 3620 1495; baseline -0.013 -18"><span class='ocrx_word' id='word_1_520' title='bbox 2099 1426 2312 1495; x_wconf 87' lang='grc' dir='ltr'>μελείας</span> <span class='ocrx_word' id='word_1_521' title='bbox 2362 1425 2502 1493; x_wconf 79' lang='grc' dir='ltr'>ὑπὲρ</span> <span class='ocrx_word' id='word_1_522' title='bbox 2565 1419 2873 1491; x_wconf 83' lang='grc' dir='ltr'>ἀνθρώπων</span> <span class='ocrx_word' id='word_1_523' title='bbox 2930 1412 3297 1481; x_wconf 80' lang='grc' dir='ltr'>ἀνεδεξάμην·</span> <span class='ocrx_word' id='word_1_524' title='bbox 3361 1410 3419 1461; x_wconf 74' lang='grc' dir='ltr'><strong>σὺ</strong></span> <span class='ocrx_word' id='word_1_525' title='bbox 3470 1406 3620 1473; x_wconf 79' lang='grc' dir='ltr'>ἔγνως,</span> 
     </span>
    </p>
   </div>
   <div class='ocr_carea' id='block_1_70' title="bbox 2094 1496 3622 1581">
    <p class='ocr_par' dir='ltr' id='par_1_70' title="bbox 2094 1496 3622 1581">
     <span class='ocr_line' id='line_1_71' title="bbox 2094 1496 3622 1581; baseline -0.012 -16"><span class='ocrx_word' id='word_1_526' title='bbox 2094 1517 2122 1566; x_wconf 97' lang='lat'><strong>6</strong></span> <span class='ocrx_word' id='word_1_527' title='bbox 2155 1513 2301 1575; x_wconf 87' lang='grc' dir='ltr'>Θεὸς,</span> <span class='ocrx_word' id='word_1_528' title='bbox 2324 1513 2443 1564; x_wconf 77' lang='grc' dir='ltr'>ἐπεὶ</span> <span class='ocrx_word' id='word_1_529' title='bbox 2492 1511 2566 1581; x_wconf 84' lang='grc' dir='ltr'>μὴ</span> <span class='ocrx_word' id='word_1_530' title='bbox 2610 1506 3015 1578; x_wconf 83' lang='grc' dir='ltr'>ἀπεκρύϐησάν</span> <span class='ocrx_word' id='word_1_531' title='bbox 3046 1520 3127 1556; x_wconf 89' lang='grc' dir='ltr'><strong>σε.</strong></span> <span class='ocrx_word' id='word_1_532' title='bbox 3166 1502 3242 1554; x_wconf 76' lang='grc' dir='ltr'><strong>Οὐ</strong></span> <span class='ocrx_word' id='word_1_533' title='bbox 3283 1498 3386 1568; x_wconf 82' lang='grc' dir='ltr'><strong>γὰρ</strong></span> <span class='ocrx_word' id='word_1_534' title='bbox 3417 1497 3523 1565; x_wconf 83' lang='grc' dir='ltr'>δίχα</span> <span class='ocrx_word' id='word_1_535' title='bbox 3549 1496 3622 1563; x_wconf 78' lang='grc' dir='ltr'>τῆς</span> 
     </span>
    </p>
   </div>
   <div class='ocr_carea' id='block_1_71' title="bbox 2099 1586 3623 1673">
    <p class='ocr_par' dir='ltr' id='par_1_71' title="bbox 2099 1586 3623 1673">
     <span class='ocr_line' id='line_1_72' title="bbox 2099 1586 3623 1673; baseline -0.013 -17"><span class='ocrx_word' id='word_1_536' title='bbox 2099 1604 2193 1673; x_wconf 74' lang='grc' dir='ltr'><strong>σῆς</strong></span> <span class='ocrx_word' id='word_1_537' title='bbox 2226 1602 2525 1672; x_wconf 83' lang='grc' dir='ltr'><strong>βουλήσεως</strong></span> <span class='ocrx_word' id='word_1_538' title='bbox 2585 1602 2793 1662; x_wconf 86' lang='grc' dir='ltr'>ταύτας</span> <span class='ocrx_word' id='word_1_539' title='bbox 2844 1594 3225 1664; x_wconf 56' lang='grc' dir='ltr'>ἀνεδεξάμην</span> <span class='ocrx_word' id='word_1_540' title='bbox 3269 1589 3346 1643; x_wconf 87' lang='grc' dir='ltr'><strong>διὸ</strong></span> <span class='ocrx_word' id='word_1_541' title='bbox 3388 1587 3474 1641; x_wconf 68' lang='grc' dir='ltr'><strong>καὶ</strong></span> <span class='ocrx_word' id='word_1_542' title='bbox 3505 1586 3623 1652; x_wconf 76' lang='grc' dir='ltr'>ἀξίας</span> 
     </span>
    </p>
   </div>
   <div class='ocr_carea' id='block_1_72' title="bbox 2097 1685 3184 1761">
    <p class='ocr_par' dir='ltr' id='par_1_72' title="bbox 2097 1685 3184 1761">
     <span class='ocr_line' id='line_1_73' title="bbox 2097 1685 3184 1761; baseline -0.008 -16"><span class='ocrx_word' id='word_1_543' title='bbox 2097 1692 2191 1761; x_wconf 80' lang='grc' dir='ltr'>τῆς</span> <span class='ocrx_word' id='word_1_544' title='bbox 2221 1691 2413 1744; x_wconf 79' lang='grc' dir='ltr'><strong>σαυτοῦ</strong></span> <span class='ocrx_word' id='word_1_545' title='bbox 2440 1690 2694 1759; x_wconf 86' lang='grc' dir='ltr'>γνώσεως</span> <span class='ocrx_word' id='word_1_546' title='bbox 2716 1687 2895 1749; x_wconf 77' lang='grc' dir='ltr'>αὑτὰς</span> <span class='ocrx_word' id='word_1_547' title='bbox 2922 1685 3184 1753; x_wconf 75' lang='grc' dir='ltr'>ἐποιήσω.</span> 
     </span>
    </p>
   </div>
   <div class='ocr_carea' id='block_1_73' title="bbox 2144 1788 3622 1872">
    <p class='ocr_par' dir='ltr' id='par_1_73' title="bbox 2144 1788 3622 1872">
     <span class='ocr_line' id='line_1_74' title="bbox 2144 1788 3622 1872; baseline -0.007 -22"><span class='ocrx_word' id='word_1_548' title='bbox 2144 1820 2161 1850; x_wconf 73' lang='grc' dir='ltr'><strong>ι</strong></span> <span class='ocrx_word' id='word_1_549' title='bbox 2174 1800 2262 1872; x_wconf 84' lang='grc' dir='ltr'><strong>Μὴ</strong></span> <span class='ocrx_word' id='word_1_550' title='bbox 2278 1800 2689 1869; x_wconf 78' lang='grc' dir='ltr'>αἰσχυνθείησαν</span> <span class='ocrx_word' id='word_1_551' title='bbox 2706 1796 2911 1866; x_wconf 78' lang='grc' dir='ltr'>ἐπ’ὲμὲ</span> <span class='ocrx_word' id='word_1_552' title='bbox 2936 1796 2986 1847; x_wconf 83' lang='grc' dir='ltr'><strong>οἱ</strong></span> <span class='ocrx_word' id='word_1_553' title='bbox 3007 1792 3365 1863; x_wconf 78' lang='grc' dir='ltr'>ὑπομένοντες</span> <span class='ocrx_word' id='word_1_554' title='bbox 3382 1806 3454 1853; x_wconf 87' lang='grc' dir='ltr'><strong>σε,</strong></span> <span class='ocrx_word' id='word_1_555' title='bbox 3473 1788 3622 1859; x_wconf 82' lang='grc' dir='ltr'>Κύριε,</span> 
     </span>
    </p>
   </div>
   <div class='ocr_carea' id='block_1_74' title="bbox 2032 1873 3625 1961">
    <p class='ocr_par' dir='ltr' id='par_1_74' title="bbox 2032 1873 3625 1961">
     <span class='ocr_line' id='line_1_75' title="bbox 2032 1873 3625 1961; baseline -0.007 -18"><span class='ocrx_word' id='word_1_556' title='bbox 2032 1873 2074 1927; x_wconf 71' lang='grc' dir='ltr'><strong>Β</strong></span> <span class='ocrx_word' id='word_1_557' title='bbox 2103 1891 2270 1961; x_wconf 84' lang='grc' dir='ltr'>Κύριε</span> <span class='ocrx_word' id='word_1_558' title='bbox 2294 1891 2399 1944; x_wconf 80' lang='grc' dir='ltr'><strong>τῶν</strong></span> <span class='ocrx_word' id='word_1_559' title='bbox 2430 1891 2730 1959; x_wconf 81' lang='grc' dir='ltr'>δυνάμεων.</span> <span class='ocrx_word' id='word_1_560' title='bbox 2748 1908 2766 1939; x_wconf 77' lang='grc' dir='ltr'><strong>ι</strong></span> <span class='ocrx_word' id='word_1_561' title='bbox 2788 1887 3018 1956; x_wconf 78' lang='grc' dir='ltr'>Ἐπειδὴ</span> <span class='ocrx_word' id='word_1_562' title='bbox 3047 1885 3146 1955; x_wconf 77' lang='grc' dir='ltr'><strong>τὴν</strong></span> <span class='ocrx_word' id='word_1_563' title='bbox 3175 1883 3308 1953; x_wconf 76' lang='grc' dir='ltr'>ἐμὴν</span> <span class='ocrx_word' id='word_1_564' title='bbox 3336 1881 3625 1935; x_wconf 80' lang='grc' dir='ltr'>διδασκαλίαν</span> 
     </span>
    </p>
   </div>
   <div class='ocr_carea' id='block_1_75' title="bbox 2102 1972 3623 2049">
    <p class='ocr_par' dir='ltr' id='par_1_75' title="bbox 2102 1972 3623 2049">
     <span class='ocr_line' id='line_1_76' title="bbox 2102 1972 3623 2049; baseline -0.007 -15"><span class='ocrx_word' id='word_1_565' title='bbox 2102 1983 2149 2034; x_wconf 86' lang='grc' dir='ltr'>οἱ</span> <span class='ocrx_word' id='word_1_566' title='bbox 2190 1982 2341 2049; x_wconf 70' lang='grc' dir='ltr'>σοφοὶ</span> <span class='ocrx_word' id='word_1_567' title='bbox 2382 1981 2473 2033; x_wconf 89' lang='grc' dir='ltr'><strong>τοῦ</strong></span> <span class='ocrx_word' id='word_1_568' title='bbox 2504 1980 2699 2041; x_wconf 83' lang='grc' dir='ltr'>αἰῶνος</span> <span class='ocrx_word' id='word_1_569' title='bbox 2732 1976 2928 2030; x_wconf 90' lang='grc' dir='ltr'>τούτου</span> <span class='ocrx_word' id='word_1_570' title='bbox 2971 1974 3363 2037; x_wconf 89' lang='grc' dir='ltr'>διαϐάλλουσιν,</span> <span class='ocrx_word' id='word_1_571' title='bbox 3396 1972 3623 2026; x_wconf 79' lang='grc' dir='ltr'>ἐλαύνουσί</span> 
     </span>
    </p>
   </div>
   <div class='ocr_carea' id='block_1_76' title="bbox 2101 2065 3624 2142">
    <p class='ocr_par' dir='ltr' id='par_1_76' title="bbox 2101 2065 3624 2142">
     <span class='ocr_line' id='line_1_77' title="bbox 2101 2065 3624 2142; baseline -0.007 -17"><span class='ocrx_word' id='word_1_572' title='bbox 2101 2091 2158 2125; x_wconf 91' lang='grc' dir='ltr'><strong>τε</strong></span> <span class='ocrx_word' id='word_1_573' title='bbox 2195 2073 2360 2142; x_wconf 85' lang='grc' dir='ltr'>αὐτὴν</span> <span class='ocrx_word' id='word_1_574' title='bbox 2395 2071 2469 2135; x_wconf 80' lang='grc' dir='ltr'>ὡς</span> <span class='ocrx_word' id='word_1_575' title='bbox 2507 2071 2709 2141; x_wconf 78' lang='grc' dir='ltr'>μεστὴν</span> <span class='ocrx_word' id='word_1_576' title='bbox 2747 2068 3071 2140; x_wconf 77' lang='grc' dir='ltr'>ἀφροσύνης</span> <span class='ocrx_word' id='word_1_577' title='bbox 3099 2067 3195 2120; x_wconf 79' lang='grc' dir='ltr'><strong>καὶ</strong></span> <span class='ocrx_word' id='word_1_578' title='bbox 3239 2067 3435 2136; x_wconf 85' lang='grc' dir='ltr'>μωρίας</span> <span class='ocrx_word' id='word_1_579' title='bbox 3460 2065 3532 2117; x_wconf 83' lang='grc' dir='ltr'>διὰ</span> <span class='ocrx_word' id='word_1_580' title='bbox 3559 2066 3624 2117; x_wconf 85' lang='grc' dir='ltr'><strong>τὸν</strong></span> 
     </span>
    </p>
   </div>
   <div class='ocr_carea' id='block_1_77' title="bbox 2103 2155 3623 2231">
    <p class='ocr_par' dir='ltr' id='par_1_77' title="bbox 2103 2155 3623 2231">
     <span class='ocr_line' id='line_1_78' title="bbox 2103 2155 3623 2231; baseline -0.007 -16"><span class='ocrx_word' id='word_1_581' title='bbox 2103 2163 2455 2216; x_wconf 79' lang='grc' dir='ltr'>ἐπονείδιστον</span> <span class='ocrx_word' id='word_1_582' title='bbox 2490 2161 2745 2231; x_wconf 88' lang='grc' dir='ltr'>σταυρὸν,</span> <span class='ocrx_word' id='word_1_583' title='bbox 2775 2156 3049 2213; x_wconf 76' lang='grc' dir='ltr'>ἀντιϐολῶ</span> <span class='ocrx_word' id='word_1_584' title='bbox 3080 2157 3175 2209; x_wconf 67' lang='grc' dir='ltr'><strong>καὶ</strong></span> <span class='ocrx_word' id='word_1_585' title='bbox 3206 2157 3405 2225; x_wconf 87' lang='grc' dir='ltr'>δέομαι,</span> <span class='ocrx_word' id='word_1_586' title='bbox 3432 2155 3540 2217; x_wconf 74' lang='grc' dir='ltr'>τοὺς</span> <span class='ocrx_word' id='word_1_587' title='bbox 3568 2157 3623 2216; x_wconf 84' lang='grc' dir='ltr'><strong>εἰς</strong></span> 
     </span>
    </p>
   </div>
   <div class='ocr_carea' id='block_1_78' title="bbox 2102 2245 3621 2326">
    <p class='ocr_par' dir='ltr' id='par_1_78' title="bbox 2102 2245 3621 2326">
     <span class='ocr_line' id='line_1_79' title="bbox 2102 2245 3621 2326; baseline -0.01 -17"><span class='ocrx_word' id='word_1_588' title='bbox 2102 2257 2199 2326; x_wconf 77' lang='grc' dir='ltr'>ἐμὲ</span> <span class='ocrx_word' id='word_1_589' title='bbox 2229 2252 2575 2314; x_wconf 81' lang='grc' dir='ltr'>πιστεύοντας</span> <span class='ocrx_word' id='word_1_590' title='bbox 2604 2248 2980 2319; x_wconf 73' lang='grc' dir='ltr'>φυλάττεσθαι</span> <span class='ocrx_word' id='word_1_591' title='bbox 3010 2249 3116 2301; x_wconf 82' lang='grc' dir='ltr'><strong>ὑπὸ</strong></span> <span class='ocrx_word' id='word_1_592' title='bbox 3150 2246 3243 2299; x_wconf 90' lang='grc' dir='ltr'><strong>σοῦ</strong></span> <span class='ocrx_word' id='word_1_593' title='bbox 3275 2245 3621 2315; x_wconf 80' lang='grc' dir='ltr'>ἀδιατρέπτους,</span> 
     </span>
    </p>
   </div>
   <div class='ocr_carea' id='block_1_79' title="bbox 2102 2331 3621 2417">
    <p class='ocr_par' dir='ltr' id='par_1_79' title="bbox 2102 2331 3621 2417">
     <span class='ocr_line' id='line_1_80' title="bbox 2102 2331 3621 2417; baseline -0.009 -18"><span class='ocrx_word' id='word_1_594' title='bbox 2102 2349 2176 2411; x_wconf 86' lang='grc' dir='ltr'>ὡς</span> <span class='ocrx_word' id='word_1_595' title='bbox 2213 2344 2416 2417; x_wconf 80' lang='grc' dir='ltr'>μήποτε</span> <span class='ocrx_word' id='word_1_596' title='bbox 2444 2341 2935 2413; x_wconf 83' lang='grc' dir='ltr'>καταισχυνθῆναι.</span> <span class='ocrx_word' id='word_1_597' title='bbox 2969 2341 3061 2393; x_wconf 84' lang='grc' dir='ltr'>Διὸ</span> <span class='ocrx_word' id='word_1_598' title='bbox 3099 2341 3162 2393; x_wconf 77' lang='grc' dir='ltr'><strong>σὺ</strong></span> <span class='ocrx_word' id='word_1_599' title='bbox 3198 2338 3378 2402; x_wconf 77' lang='grc' dir='ltr'>αὐτὸς,</span> <span class='ocrx_word' id='word_1_600' title='bbox 3408 2331 3449 2389; x_wconf 84' lang='grc' dir='ltr'><strong>ὧ</strong></span> <span class='ocrx_word' id='word_1_601' title='bbox 3474 2336 3621 2404; x_wconf 81' lang='grc' dir='ltr'>Κύριε,</span> 
     </span>
    </p>
   </div>
   <div class='ocr_carea' id='block_1_80' title="bbox 2103 2426 3624 2507">
    <p class='ocr_par' dir='ltr' id='par_1_80' title="bbox 2103 2426 3624 2507">
     <span class='ocr_line' id='line_1_81' title="bbox 2103 2426 3624 2507; baseline -0.01 -17"><span class='ocrx_word' id='word_1_602' title='bbox 2103 2438 2272 2507; x_wconf 89' lang='grc' dir='ltr'>Κύριε</span> <span class='ocrx_word' id='word_1_603' title='bbox 2311 2434 2416 2487; x_wconf 83' lang='grc' dir='ltr'><strong>τῶν</strong></span> <span class='ocrx_word' id='word_1_604' title='bbox 2459 2433 2766 2503; x_wconf 83' lang='grc' dir='ltr'>δυνάμεων,</span> <span class='ocrx_word' id='word_1_605' title='bbox 2821 2433 2950 2494; x_wconf 78' lang='grc' dir='ltr'>τοὺς</span> <span class='ocrx_word' id='word_1_606' title='bbox 3002 2428 3429 2499; x_wconf 80' lang='grc' dir='ltr'>πολεμουμένους</span> <span class='ocrx_word' id='word_1_607' title='bbox 3455 2426 3527 2478; x_wconf 86' lang='grc' dir='ltr'>διὰ</span> <span class='ocrx_word' id='word_1_608' title='bbox 3554 2426 3624 2494; x_wconf 77' lang='grc' dir='ltr'>τὴν</span> 
     </span>
    </p>
   </div>
   <div class='ocr_carea' id='block_1_81' title="bbox 2106 2518 3624 2597">
    <p class='ocr_par' dir='ltr' id='par_1_81' title="bbox 2106 2518 3624 2597">
     <span class='ocr_line' id='line_1_82' title="bbox 2106 2518 3624 2597; baseline -0.007 -18"><span class='ocrx_word' id='word_1_609' title='bbox 2106 2527 2201 2597; x_wconf 83' lang='grc' dir='ltr'><strong>σὴν</strong></span> <span class='ocrx_word' id='word_1_610' title='bbox 2248 2525 2477 2594; x_wconf 82' lang='grc' dir='ltr'>γνῶσιν,</span> <span class='ocrx_word' id='word_1_611' title='bbox 2528 2525 2594 2594; x_wconf 77' lang='grc' dir='ltr'>ἣν</span> <span class='ocrx_word' id='word_1_612' title='bbox 2643 2524 2740 2575; x_wconf 75' lang='grc' dir='ltr'>ὑπ’</span> <span class='ocrx_word' id='word_1_613' title='bbox 2795 2521 2935 2593; x_wconf 78' lang='grc' dir='ltr'>ἐμοῦ</span> <span class='ocrx_word' id='word_1_614' title='bbox 2998 2520 3395 2593; x_wconf 80' lang='grc' dir='ltr'>παρειλήφασι,</span> <span class='ocrx_word' id='word_1_615' title='bbox 3448 2518 3624 2571; x_wconf 81' lang='grc' dir='ltr'>πάντοτε</span> 
     </span>
    </p>
   </div>
   <div class='ocr_carea' id='block_1_82' title="bbox 2106 2608 3625 2687">
    <p class='ocr_par' dir='ltr' id='par_1_82' title="bbox 2106 2608 3625 2687">
     <span class='ocr_line' id='line_1_83' title="bbox 2106 2608 3625 2687; baseline -0.008 -17"><span class='ocrx_word' id='word_1_616' title='bbox 2106 2617 2466 2687; x_wconf 80' lang='grc' dir='ltr'>ὑπομένοντας</span> <span class='ocrx_word' id='word_1_617' title='bbox 2493 2615 2561 2668; x_wconf 84' lang='grc' dir='ltr'>τὰ</span> <span class='ocrx_word' id='word_1_618' title='bbox 2587 2615 2746 2667; x_wconf 87' lang='grc' dir='ltr'>δεινά</span> <span class='ocrx_word' id='word_1_619' title='bbox 2776 2615 2874 2667; x_wconf 74' lang='grc' dir='ltr'><strong>καὶ</strong></span> <span class='ocrx_word' id='word_1_620' title='bbox 2912 2614 3074 2685; x_wconf 86' lang='grc' dir='ltr'>μέχρι</span> <span class='ocrx_word' id='word_1_621' title='bbox 3102 2613 3328 2667; x_wconf 84' lang='grc' dir='ltr'>Θανάτου</span> <span class='ocrx_word' id='word_1_622' title='bbox 3360 2608 3625 2681; x_wconf 82' lang='grc' dir='ltr'>καρτεροῦν-</span> 
     </span>
    </p>
   </div>
   <div class='ocr_carea' id='block_1_83' title="bbox 2104 2699 3625 2777">
    <p class='ocr_par' dir='ltr' id='par_1_83' title="bbox 2104 2699 3625 2777">
     <span class='ocr_line' id='line_1_84' title="bbox 2104 2699 3625 2777; baseline -0.005 -18"><span class='ocrx_word' id='word_1_623' title='bbox 2104 2725 2230 2770; x_wconf 87' lang='grc' dir='ltr'>τας,</span> <span class='ocrx_word' id='word_1_624' title='bbox 2269 2706 2340 2777; x_wconf 91' lang='grc' dir='ltr'><strong>μὴ</strong></span> <span class='ocrx_word' id='word_1_625' title='bbox 2374 2706 2779 2776; x_wconf 79' lang='grc' dir='ltr'>ἐγκαταλείπῃς</span> <span class='ocrx_word' id='word_1_626' title='bbox 2805 2746 2820 2768; x_wconf 89' lang='grc'><strong>,</strong></span> <span class='ocrx_word' id='word_1_627' title='bbox 2864 2705 2999 2776; x_wconf 81' lang='grc' dir='ltr'>μηδὲ</span> <span class='ocrx_word' id='word_1_628' title='bbox 3044 2703 3431 2775; x_wconf 85' lang='grc' dir='ltr'>ὲντραπείησαν</span> <span class='ocrx_word' id='word_1_629' title='bbox 3468 2699 3625 2769; x_wconf 70' lang='grc' dir='ltr'>θαρσή-</span> 
     </span>
    </p>
   </div>
   <div class='ocr_carea' id='block_1_84' title="bbox 2108 2785 3625 2863">
    <p class='ocr_par' dir='ltr' id='par_1_84' title="bbox 2108 2785 3625 2863">
     <span class='ocr_line' id='line_1_85' title="bbox 2108 2785 3625 2863; baseline -0.015 -2"><span class='ocrx_word' id='word_1_630' title='bbox 2108 2812 2293 2858; x_wconf 79' lang='grc' dir='ltr'>σαντες</span> <span class='ocrx_word' id='word_1_631' title='bbox 2336 2796 2419 2846; x_wconf 80' lang='grc' dir='ltr'><strong>ὲπ’</strong></span> <span class='ocrx_word' id='word_1_632' title='bbox 2448 2794 2603 2863; x_wconf 74' lang='grc' dir='ltr'>ἐμοὶ,</span> <span class='ocrx_word' id='word_1_633' title='bbox 2646 2796 2699 2847; x_wconf 83' lang='grc' dir='ltr'>οἱ</span> <span class='ocrx_word' id='word_1_634' title='bbox 2745 2794 2808 2847; x_wconf 75' lang='grc' dir='ltr'>σὲ</span> <span class='ocrx_word' id='word_1_635' title='bbox 2852 2795 2947 2845; x_wconf 90' lang='grc' dir='ltr'><strong>τὸν</strong></span> <span class='ocrx_word' id='word_1_636' title='bbox 2977 2793 3110 2845; x_wconf 82' lang='grc' dir='ltr'>Θεὸν</span> <span class='ocrx_word' id='word_1_637' title='bbox 3142 2790 3233 2844; x_wconf 82' lang='grc' dir='ltr'><strong>τοῦ</strong></span> <span class='ocrx_word' id='word_1_638' title='bbox 3270 2788 3468 2861; x_wconf 80' lang='grc' dir='ltr'>Ἰσραήλ</span> <span class='ocrx_word' id='word_1_639' title='bbox 3504 2785 3625 2854; x_wconf 81' lang='grc' dir='ltr'>ἐκζη-</span> 
     </span>
    </p>
   </div>
   <div class='ocr_carea' id='block_1_85' title="bbox 2105 2877 3626 2956">
    <p class='ocr_par' dir='ltr' id='par_1_85' title="bbox 2105 2877 3626 2956">
     <span class='ocr_line' id='line_1_86' title="bbox 2105 2877 3626 2956; baseline -0.007 -17"><span class='ocrx_word' id='word_1_640' title='bbox 2105 2887 2339 2948; x_wconf 85' lang='grc' dir='ltr'>τοῦντες.</span> <span class='ocrx_word' id='word_1_641' title='bbox 2357 2887 2418 2937; x_wconf 81' lang='grc' dir='ltr'><strong>Εἰ</strong></span> <span class='ocrx_word' id='word_1_642' title='bbox 2443 2885 2549 2956; x_wconf 84' lang='grc' dir='ltr'>γὰρ</span> <span class='ocrx_word' id='word_1_643' title='bbox 2566 2885 2665 2937; x_wconf 72' lang='grc' dir='ltr'><strong>καὶ</strong></span> <span class='ocrx_word' id='word_1_644' title='bbox 2688 2885 2759 2938; x_wconf 82' lang='grc' dir='ltr'>τὰ</span> <span class='ocrx_word' id='word_1_645' title='bbox 2796 2885 3035 2956; x_wconf 83' lang='grc' dir='ltr'>μάλιστα</span> <span class='ocrx_word' id='word_1_646' title='bbox 3060 2880 3198 2955; x_wconf 77' lang='grc' dir='ltr'>ἦσάν</span> <span class='ocrx_word' id='word_1_647' title='bbox 3217 2900 3342 2935; x_wconf 88' lang='grc' dir='ltr'>ποτε</span> <span class='ocrx_word' id='word_1_648' title='bbox 3370 2877 3626 2948; x_wconf 80' lang='grc' dir='ltr'>ἀγνοοῦντές</span> 
     </span>
    </p>
   </div>
   <div class='ocr_carea' id='block_1_86' title="bbox 2109 2969 3622 3048">
    <p class='ocr_par' dir='ltr' id='par_1_86' title="bbox 2109 2969 3622 3048">
     <span class='ocr_line' id='line_1_87' title="bbox 2109 2969 3622 3048; baseline -0.006 -18"><span class='ocrx_word' id='word_1_649' title='bbox 2109 2996 2167 3030; x_wconf 89' lang='grc' dir='ltr'><strong>σε</strong></span> <span class='ocrx_word' id='word_1_650' title='bbox 2205 2976 2291 3029; x_wconf 79' lang='grc' dir='ltr'><strong>διά</strong></span> <span class='ocrx_word' id='word_1_651' title='bbox 2325 2976 2384 3029; x_wconf 88' lang='grc' dir='ltr'><strong>τὸ</strong></span> <span class='ocrx_word' id='word_1_652' title='bbox 2414 2977 2633 3045; x_wconf 85' lang='grc' dir='ltr'>δαίμοσι</span> <span class='ocrx_word' id='word_1_653' title='bbox 2677 2980 2949 3048; x_wconf 88' lang='grc' dir='ltr'>πονηροῖς</span> <span class='ocrx_word' id='word_1_654' title='bbox 2984 2975 3361 3037; x_wconf 83' lang='grc' dir='ltr'>δεδουλῶσθαι,</span> <span class='ocrx_word' id='word_1_655' title='bbox 3398 2971 3515 3025; x_wconf 83' lang='grc' dir='ltr'><strong>ἀλλά</strong></span> <span class='ocrx_word' id='word_1_656' title='bbox 3539 2969 3622 3030; x_wconf 81' lang='grc' dir='ltr'>νῦν,</span> 
     </span>
    </p>
   </div>
   <div class='ocr_carea' id='block_1_87' title="bbox 2110 3052 3625 3134">
    <p class='ocr_par' dir='ltr' id='par_1_87' title="bbox 2110 3052 3625 3134">
     <span class='ocr_line' id='line_1_88' title="bbox 2110 3052 3625 3134; baseline -0.008 -15"><span class='ocrx_word' id='word_1_657' title='bbox 2110 3066 2412 3134; x_wconf 74' lang='grc' dir='ltr'>ἐπιγνόντες</span> <span class='ocrx_word' id='word_1_658' title='bbox 2457 3052 2549 3126; x_wconf 55' lang='grc' dir='ltr'>σε]</span> <span class='ocrx_word' id='word_1_659' title='bbox 2603 3066 2834 3118; x_wconf 86' lang='grc' dir='ltr'>πάντων</span> <span class='ocrx_word' id='word_1_660' title='bbox 2884 3065 2983 3134; x_wconf 84' lang='grc' dir='ltr'><strong>μὲν</strong></span> <span class='ocrx_word' id='word_1_661' title='bbox 3030 3063 3199 3134; x_wconf 85' lang='grc' dir='ltr'>λήθην</span> <span class='ocrx_word' id='word_1_662' title='bbox 3247 3062 3559 3130; x_wconf 77' lang='grc' dir='ltr'>ἐποιήσαντο,</span> <span class='ocrx_word' id='word_1_663' title='bbox 3584 3054 3625 3106; x_wconf 73' lang='grc' dir='ltr'>οὲ</span> 
     </span>
    </p>
   </div>
   <div class='ocr_carea' id='block_1_88' title="bbox 2110 3144 3624 3225">
    <p class='ocr_par' dir='ltr' id='par_1_88' title="bbox 2110 3144 3624 3225">
     <span class='ocr_line' id='line_1_89' title="bbox 2110 3144 3624 3225; baseline -0.005 -18"><span class='ocrx_word' id='word_1_664' title='bbox 2110 3156 2165 3208; x_wconf 80' lang='grc' dir='ltr'>δὲ</span> <span class='ocrx_word' id='word_1_665' title='bbox 2226 3154 2378 3225; x_wconf 83' lang='grc' dir='ltr'>μόνον</span> <span class='ocrx_word' id='word_1_666' title='bbox 2434 3152 2743 3206; x_wconf 81' lang='grc' dir='ltr'>διατελοῦσι</span> <span class='ocrx_word' id='word_1_667' title='bbox 2805 3152 3121 3225; x_wconf 82' lang='grc' dir='ltr'>ζητοῦντες.</span> <span class='ocrx_word' id='word_1_668' title='bbox 3190 3152 3278 3204; x_wconf 83' lang='grc' dir='ltr'>Διὸ</span> <span class='ocrx_word' id='word_1_669' title='bbox 3333 3149 3531 3202; x_wconf 78' lang='grc' dir='ltr'>ἱκετεύω</span> <span class='ocrx_word' id='word_1_670' title='bbox 3574 3144 3624 3214; x_wconf 80' lang='grc' dir='ltr'>μὴ</span> 
     </span>
    </p>
   </div>
   <div class='ocr_carea' id='block_1_89' title="bbox 2112 3236 3627 3315">
    <p class='ocr_par' dir='ltr' id='par_1_89' title="bbox 2112 3236 3627 3315">
     <span class='ocr_line' id='line_1_90' title="bbox 2112 3236 3627 3315; baseline -0.008 -15"><span class='ocrx_word' id='word_1_671' title='bbox 2112 3244 2807 3315; x_wconf 62' lang='grc' dir='ltr'>καταισχυνθῖψαιαὺτοὸς,</span> <span class='ocrx_word' id='word_1_672' title='bbox 2848 3245 2987 3315; x_wconf 79' lang='grc' dir='ltr'>μηδὲ</span> <span class='ocrx_word' id='word_1_673' title='bbox 3023 3264 3041 3295; x_wconf 86' lang='grc'><strong>‹</strong></span> <span class='ocrx_word' id='word_1_674' title='bbox 3068 3242 3428 3314; x_wconf 83' lang='grc' dir='ltr'>ἀσχημονῆσαι</span> <span class='ocrx_word' id='word_1_675' title='bbox 3450 3257 3461 3270; x_wconf 90' lang='grc'><strong>·</strong></span> <span class='ocrx_word' id='word_1_676' title='bbox 3489 3236 3627 3290; x_wconf 77' lang='grc' dir='ltr'>»οὔτω</span> 
     </span>
    </p>
   </div>
   <div class='ocr_carea' id='block_1_90' title="bbox 2112 3335 3627 3407">
    <p class='ocr_par' dir='ltr' id='par_1_90' title="bbox 2112 3335 3627 3407">
     <span class='ocr_line' id='line_1_91' title="bbox 2112 3335 3627 3407; baseline -0.006 -18"><span class='ocrx_word' id='word_1_677' title='bbox 2112 3337 2218 3407; x_wconf 82' lang='grc' dir='ltr'>γὰρ</span> <span class='ocrx_word' id='word_1_678' title='bbox 2242 3337 2578 3407; x_wconf 87' lang='grc' dir='ltr'>ήρμήνευσεν</span> <span class='ocrx_word' id='word_1_679' title='bbox 2606 3336 2637 3387; x_wconf 87' lang='lat'><strong>6</strong></span> <span class='ocrx_word' id='word_1_680' title='bbox 2664 3335 2970 3406; x_wconf 77' lang='grc' dir='ltr'>Σύμμαχος</span> <span class='ocrx_word' id='word_1_681' title='bbox 2993 3335 3160 3387; x_wconf 77' lang='grc' dir='ltr'>εἰπών</span> <span class='ocrx_word' id='word_1_682' title='bbox 3176 3354 3189 3365; x_wconf 90' lang='grc'><strong>·</strong></span> <span class='ocrx_word' id='word_1_683' title='bbox 3224 3354 3241 3384; x_wconf 73' lang='grc' dir='ltr'>ί</span> <span class='ocrx_word' id='word_1_684' title='bbox 3263 3335 3350 3403; x_wconf 78' lang='grc' dir='ltr'><strong>Μὴ</strong></span> <span class='ocrx_word' id='word_1_685' title='bbox 3369 3341 3627 3396; x_wconf 72' lang='grc' dir='ltr'>καταισχυνο</span> 
     </span>
    </p>
   </div>
   <div class='ocr_carea' id='block_1_91' title="bbox 2114 3412 3627 3495">
    <p class='ocr_par' dir='ltr' id='par_1_91' title="bbox 2114 3412 3627 3495">
     <span class='ocr_line' id='line_1_92' title="bbox 2114 3412 3627 3495; baseline -0.008 -17"><span class='ocrx_word' id='word_1_686' title='bbox 2114 3427 2331 3495; x_wconf 82' lang='grc' dir='ltr'>θείησαν</span> <span class='ocrx_word' id='word_1_687' title='bbox 2373 3423 2459 3476; x_wconf 77' lang='grc' dir='ltr'>ἐπ’</span> <span class='ocrx_word' id='word_1_688' title='bbox 2507 3422 2633 3493; x_wconf 73' lang='grc' dir='ltr'>ἐμοὶ</span> <span class='ocrx_word' id='word_1_689' title='bbox 2688 3425 2742 3475; x_wconf 85' lang='grc' dir='ltr'><strong>οἱ</strong></span> <span class='ocrx_word' id='word_1_690' title='bbox 2788 3424 3202 3492; x_wconf 73' lang='grc' dir='ltr'>προσδοκῶντες</span> <span class='ocrx_word' id='word_1_691' title='bbox 3246 3439 3334 3482; x_wconf 89' lang='grc' dir='ltr'><strong>σε,</strong></span> <span class='ocrx_word' id='word_1_692' title='bbox 3378 3419 3527 3489; x_wconf 82' lang='grc' dir='ltr'>Κύριε</span> <span class='ocrx_word' id='word_1_693' title='bbox 3556 3412 3627 3466; x_wconf 58' lang='lat' dir='ltr'><strong>Osi</strong></span> 
     </span>
    </p>
   </div>
   <div class='ocr_carea' id='block_1_92' title="bbox 2113 3505 3628 3586">
    <p class='ocr_par' dir='ltr' id='par_1_92' title="bbox 2113 3505 3628 3586">
     <span class='ocr_line' id='line_1_93' title="bbox 2113 3505 3628 3586; baseline -0.006 -18"><span class='ocrx_word' id='word_1_694' title='bbox 2113 3515 2219 3568; x_wconf 82' lang='grc' dir='ltr'><strong>τῶν</strong></span> <span class='ocrx_word' id='word_1_695' title='bbox 2255 3515 2534 3585; x_wconf 86' lang='grc' dir='ltr'>δυνάμεων</span> <span class='ocrx_word' id='word_1_696' title='bbox 2556 3530 2569 3543; x_wconf 74' lang='grc'><strong><em>⁸</em></strong></span> <span class='ocrx_word' id='word_1_697' title='bbox 2609 3514 2693 3585; x_wconf 86' lang='grc' dir='ltr'>μὴ</span> <span class='ocrx_word' id='word_1_698' title='bbox 2719 3515 3170 3586; x_wconf 87' lang='grc' dir='ltr'>ἀσχημονήσαιεν</span> <span class='ocrx_word' id='word_1_699' title='bbox 3209 3513 3292 3566; x_wconf 80' lang='grc' dir='ltr'>ἐπ’</span> <span class='ocrx_word' id='word_1_700' title='bbox 3323 3512 3415 3583; x_wconf 74' lang='grc' dir='ltr'><strong>ἐμὲ</strong></span> <span class='ocrx_word' id='word_1_701' title='bbox 3439 3512 3481 3562; x_wconf 90' lang='grc' dir='ltr'>οἱ</span> <span class='ocrx_word' id='word_1_702' title='bbox 3509 3505 3628 3574; x_wconf 77' lang='grc' dir='ltr'>ὲκζη·</span> 
     </span>
    </p>
   </div>
   <div class='ocr_carea' id='block_1_93' title="bbox 2114 3600 3628 3677">
    <p class='ocr_par' dir='ltr' id='par_1_93' title="bbox 2114 3600 3628 3677">
     <span class='ocr_line' id='line_1_94' title="bbox 2114 3600 3628 3677; baseline -0.002 -18"><span class='ocrx_word' id='word_1_703' title='bbox 2114 3605 2329 3668; x_wconf 87' lang='grc' dir='ltr'>τοῦντές</span> <span class='ocrx_word' id='word_1_704' title='bbox 2378 3621 2460 3668; x_wconf 84' lang='grc' dir='ltr'><strong>σε,</strong></span> <span class='ocrx_word' id='word_1_705' title='bbox 2506 3603 2606 3657; x_wconf 75' lang='grc' dir='ltr'>Θεὲ</span> <span class='ocrx_word' id='word_1_706' title='bbox 2652 3604 2752 3658; x_wconf 87' lang='grc' dir='ltr'><strong>τοῦ</strong></span> <span class='ocrx_word' id='word_1_707' title='bbox 2794 3606 3037 3677; x_wconf 84' lang='grc' dir='ltr'>Ἰσραήλ.</span> <span class='ocrx_word' id='word_1_708' title='bbox 3071 3625 3089 3657; x_wconf 76' lang='grc' dir='ltr'><strong>ι</strong></span> <span class='ocrx_word' id='word_1_709' title='bbox 3151 3606 3417 3676; x_wconf 85' lang='grc' dir='ltr'>Ἐπιτήρει</span> <span class='ocrx_word' id='word_1_710' title='bbox 3449 3600 3628 3656; x_wconf 76' lang='grc' dir='ltr'>δὲδπως</span> 
     </span>
    </p>
   </div>
   <div class='ocr_carea' id='block_1_94' title="bbox 2118 3686 3631 3768">
    <p class='ocr_par' dir='ltr' id='par_1_94' title="bbox 2118 3686 3631 3768">
     <span class='ocr_line' id='line_1_95' title="bbox 2118 3686 3631 3768; baseline -0.006 -18"><span class='ocrx_word' id='word_1_711' title='bbox 2118 3698 2327 3768; x_wconf 78' lang='grc' dir='ltr'>εἴρηται</span> <span class='ocrx_word' id='word_1_712' title='bbox 2347 3696 2426 3759; x_wconf 89' lang='grc' dir='ltr'><strong>τὸ,</strong></span> <span class='ocrx_word' id='word_1_713' title='bbox 2445 3713 2464 3747; x_wconf 76' lang='grc' dir='ltr'><strong>ι</strong></span> <span class='ocrx_word' id='word_1_714' title='bbox 2489 3693 2691 3764; x_wconf 79' lang='grc' dir='ltr'>Κύριε,</span> <span class='ocrx_word' id='word_1_715' title='bbox 2719 3694 2899 3766; x_wconf 83' lang='grc' dir='ltr'>Κύριε</span> <span class='ocrx_word' id='word_1_716' title='bbox 2910 3696 3021 3750; x_wconf 86' lang='grc' dir='ltr'>τῶν</span> <span class='ocrx_word' id='word_1_717' title='bbox 3035 3696 3329 3767; x_wconf 86' lang='grc' dir='ltr'>δυνάμεων,</span> <span class='ocrx_word' id='word_1_718' title='bbox 3349 3712 3368 3747; x_wconf 72' lang='grc' dir='ltr'><strong>ι</strong></span> <span class='ocrx_word' id='word_1_719' title='bbox 3392 3686 3631 3758; x_wconf 79' lang='grc' dir='ltr'>δευτεροῦν·</span> 
     </span>
    </p>
   </div>
   <div class='ocr_carea' id='block_1_95' title="bbox 2119 3778 3629 3861">
    <p class='ocr_par' dir='ltr' id='par_1_95' title="bbox 2119 3778 3629 3861">
     <span class='ocr_line' id='line_1_96' title="bbox 2119 3778 3629 3861; baseline -0.009 -18"><span class='ocrx_word' id='word_1_720' title='bbox 2119 3806 2207 3853; x_wconf 90' lang='grc' dir='ltr'><strong>τος</strong></span> <span class='ocrx_word' id='word_1_721' title='bbox 2237 3787 2330 3841; x_wconf 88' lang='grc' dir='ltr'><strong>τοῦ</strong></span> <span class='ocrx_word' id='word_1_722' title='bbox 2357 3786 2515 3854; x_wconf 86' lang='grc' dir='ltr'>λόγου</span> <span class='ocrx_word' id='word_1_723' title='bbox 2558 3786 2664 3858; x_wconf 82' lang='grc' dir='ltr'>τὴν</span> <span class='ocrx_word' id='word_1_724' title='bbox 2698 3788 3054 3861; x_wconf 88' lang='grc' dir='ltr'>κυριολογίαν</span> <span class='ocrx_word' id='word_1_725' title='bbox 3073 3789 3167 3842; x_wconf 75' lang='grc' dir='ltr'>καὶ</span> <span class='ocrx_word' id='word_1_726' title='bbox 3187 3785 3278 3841; x_wconf 79' lang='grc' dir='ltr'>ἐπὶ</span> <span class='ocrx_word' id='word_1_727' title='bbox 3296 3784 3385 3838; x_wconf 88' lang='grc' dir='ltr'><strong>τὸν</strong></span> <span class='ocrx_word' id='word_1_728' title='bbox 3412 3782 3506 3836; x_wconf 84' lang='grc' dir='ltr'>τῶν</span> <span class='ocrx_word' id='word_1_729' title='bbox 3531 3778 3629 3832; x_wconf 79' lang='grc' dir='ltr'>ὅλων</span> 
     </span>
    </p>
   </div>
   <div class='ocr_carea' id='block_1_96' title="bbox 2120 3877 2714 3946">
    <p class='ocr_par' dir='ltr' id='par_1_96' title="bbox 2120 3877 2714 3946">
     <span class='ocr_line' id='line_1_97' title="bbox 2120 3877 2714 3946; baseline 0.003 -15"><span class='ocrx_word' id='word_1_730' title='bbox 2120 3878 2250 3931; x_wconf 89' lang='grc' dir='ltr'>Θεὸν</span> <span class='ocrx_word' id='word_1_731' title='bbox 2274 3877 2714 3946; x_wconf 85' lang='grc' dir='ltr'>ἀναπέμποντος.</span> 
     </span>
    </p>
   </div>
   <div class='ocr_carea' id='block_1_97' title="bbox 2197 3976 3628 4062">
    <p class='ocr_par' dir='ltr' id='par_1_97' title="bbox 2197 3976 3628 4062">
     <span class='ocr_line' id='line_1_98' title="bbox 2197 3976 3628 4062; baseline -0.006 -18"><span class='ocrx_word' id='word_1_732' title='bbox 2197 4009 2216 4044; x_wconf 75' lang='grc' dir='ltr'><strong>ι</strong></span> <span class='ocrx_word' id='word_1_733' title='bbox 2244 3992 2365 4043; x_wconf 80' lang='grc' dir='ltr'>Ὅτι</span> <span class='ocrx_word' id='word_1_734' title='bbox 2395 3987 2559 4042; x_wconf 72' lang='grc' dir='ltr'>ἕνεκά</span> <span class='ocrx_word' id='word_1_735' title='bbox 2600 4007 2699 4043; x_wconf 89' lang='grc' dir='ltr'><strong>σου</strong></span> <span class='ocrx_word' id='word_1_736' title='bbox 2742 3991 3035 4062; x_wconf 82' lang='grc' dir='ltr'>ὑπήνεγκα</span> <span class='ocrx_word' id='word_1_737' title='bbox 3077 3987 3387 4059; x_wconf 81' lang='grc' dir='ltr'>ὀνειδισμὸν,</span> <span class='ocrx_word' id='word_1_738' title='bbox 3424 3976 3628 4048; x_wconf 54' lang='grc' dir='ltr'>ἐκάλυψεν</span> 
     </span>
    </p>
   </div>
   <div class='ocr_carea' id='block_1_98' title="bbox 2121 4072 3625 4153">
    <p class='ocr_par' dir='ltr' id='par_1_98' title="bbox 2121 4072 3625 4153">
     <span class='ocr_line' id='line_1_99' title="bbox 2121 4072 3625 4153; baseline -0.004 -18"><span class='ocrx_word' id='word_1_739' title='bbox 2121 4079 2351 4152; x_wconf 72' lang='grc' dir='ltr'>ἐντροπὴ</span> <span class='ocrx_word' id='word_1_740' title='bbox 2385 4079 2448 4132; x_wconf 88' lang='grc' dir='ltr'><strong>τὸ</strong></span> <span class='ocrx_word' id='word_1_741' title='bbox 2478 4081 2783 4150; x_wconf 86' lang='grc' dir='ltr'>πρόσωπόν</span> <span class='ocrx_word' id='word_1_742' title='bbox 2821 4100 2945 4153; x_wconf 89' lang='grc' dir='ltr'>μου.</span> <span class='ocrx_word' id='word_1_743' title='bbox 2973 4102 2992 4134; x_wconf 71' lang='grc' dir='ltr'><strong>ι</strong></span> <span class='ocrx_word' id='word_1_744' title='bbox 3057 4084 3121 4135; x_wconf 81' lang='grc' dir='ltr'><strong>Οἱ</strong></span> <span class='ocrx_word' id='word_1_745' title='bbox 3165 4082 3259 4152; x_wconf 83' lang='grc' dir='ltr'><strong>μὲν</strong></span> <span class='ocrx_word' id='word_1_746' title='bbox 3285 4080 3464 4138; x_wconf 74' lang='grc' dir='ltr'>λοιποὶ,</span> <span class='ocrx_word' id='word_1_747' title='bbox 3491 4072 3625 4142; x_wconf 71' lang='grc' dir='ltr'>φησὶν.</span> 
     </span>
    </p>
   </div>
   <div class='ocr_carea' id='block_1_99' title="bbox 2121 4160 3625 4245">
    <p class='ocr_par' dir='ltr' id='par_1_99' title="bbox 2121 4160 3625 4245">
     <span class='ocr_line' id='line_1_100' title="bbox 2121 4160 3625 4245; baseline -0.011 -19"><span class='ocrx_word' id='word_1_748' title='bbox 2121 4171 2387 4241; x_wconf 78' lang='grc' dir='ltr'>ἄνθρωποι</span> <span class='ocrx_word' id='word_1_749' title='bbox 2425 4170 2492 4222; x_wconf 82' lang='grc' dir='ltr'>δι’</span> <span class='ocrx_word' id='word_1_750' title='bbox 2526 4171 2744 4235; x_wconf 76' lang='grc' dir='ltr'>οἰκείας</span> <span class='ocrx_word' id='word_1_751' title='bbox 2789 4174 3071 4245; x_wconf 86' lang='grc' dir='ltr'>ἁμαρτίας</span> <span class='ocrx_word' id='word_1_752' title='bbox 3108 4172 3343 4242; x_wconf 75' lang='grc' dir='ltr'>ἐλέγχοις</span> <span class='ocrx_word' id='word_1_753' title='bbox 3371 4168 3454 4221; x_wconf 81' lang='grc' dir='ltr'>καὶ</span> <span class='ocrx_word' id='word_1_754' title='bbox 3485 4160 3625 4215; x_wconf 79' lang='grc' dir='ltr'>ὀνειδι-</span> 
     </span>
    </p>
   </div>
   <div class='ocr_carea' id='block_1_100' title="bbox 2123 4250 3627 4332">
    <p class='ocr_par' dir='ltr' id='par_1_100' title="bbox 2123 4250 3627 4332">
     <span class='ocr_line' id='line_1_101' title="bbox 2123 4250 3627 4332; baseline -0.004 -19"><span class='ocrx_word' id='word_1_755' title='bbox 2123 4264 2276 4331; x_wconf 87' lang='grc' dir='ltr'>σμοῖς</span> <span class='ocrx_word' id='word_1_756' title='bbox 2318 4259 2752 4315; x_wconf 85' lang='grc' dir='ltr'>ὑποϐάλλονται·</span> <span class='ocrx_word' id='word_1_757' title='bbox 2801 4263 2915 4331; x_wconf 75' lang='grc' dir='ltr'>ἐγὼ</span> <span class='ocrx_word' id='word_1_758' title='bbox 2950 4264 3007 4316; x_wconf 81' lang='grc' dir='ltr'>δὲ</span> <span class='ocrx_word' id='word_1_759' title='bbox 3047 4265 3075 4314; x_wconf 90' lang='lat'><strong>6</strong></span> <span class='ocrx_word' id='word_1_760' title='bbox 3121 4262 3195 4332; x_wconf 85' lang='grc' dir='ltr'>μὴ</span> <span class='ocrx_word' id='word_1_761' title='bbox 3228 4260 3379 4328; x_wconf 78' lang='grc' dir='ltr'>γνοὺς</span> <span class='ocrx_word' id='word_1_762' title='bbox 3415 4250 3627 4325; x_wconf 76' lang='grc' dir='ltr'>ἁμαρτίαν</span> 
     </span>
    </p>
   </div>
   <div class='ocr_carea' id='block_1_101' title="bbox 2120 4338 3628 4425">
    <p class='ocr_par' dir='ltr' id='par_1_101' title="bbox 2120 4338 3628 4425">
     <span class='ocr_line' id='line_1_102' title="bbox 2120 4338 3628 4425; baseline -0.003 -23"><span class='ocrx_word' id='word_1_763' title='bbox 2120 4350 2283 4402; x_wconf 83' lang='grc' dir='ltr'>’ἐνεκά</span> <span class='ocrx_word' id='word_1_764' title='bbox 2310 4367 2400 4401; x_wconf 91' lang='grc' dir='ltr'><strong>σου</strong></span> <span class='ocrx_word' id='word_1_765' title='bbox 2432 4350 2727 4420; x_wconf 84' lang='grc' dir='ltr'>ὑπήνεγκα</span> <span class='ocrx_word' id='word_1_766' title='bbox 2751 4354 3056 4425; x_wconf 80' lang='grc' dir='ltr'>ὀνειδισμόν</span> <span class='ocrx_word' id='word_1_767' title='bbox 3074 4370 3087 4383; x_wconf 74' lang='grc' dir='ltr'><strong>ο</strong></span> <span class='ocrx_word' id='word_1_768' title='bbox 3125 4351 3402 4421; x_wconf 78' lang='grc' dir='ltr'>ἐπειδήπερ</span> <span class='ocrx_word' id='word_1_769' title='bbox 3435 4346 3489 4397; x_wconf 76' lang='grc' dir='ltr'><strong>σὺ</strong></span> <span class='ocrx_word' id='word_1_770' title='bbox 3512 4338 3628 4398; x_wconf 69' lang='grc' dir='ltr'>αὐτὸς</span> 
     </span>
    </p>
   </div>
   <div class='ocr_carea' id='block_1_102' title="bbox 2123 4435 3626 4515">
    <p class='ocr_par' dir='ltr' id='par_1_102' title="bbox 2123 4435 3626 4515">
     <span class='ocr_line' id='line_1_103' title="bbox 2123 4435 3626 4515; baseline -0.001 -24"><span class='ocrx_word' id='word_1_771' title='bbox 2123 4441 2151 4492; x_wconf 90' lang='lat'><strong>6</strong></span> <span class='ocrx_word' id='word_1_772' title='bbox 2174 4438 2546 4509; x_wconf 83' lang='grc' dir='ltr'>φιλάνθρωπος</span> <span class='ocrx_word' id='word_1_773' title='bbox 2571 4440 2712 4506; x_wconf 87' lang='grc' dir='ltr'>Θεὸς</span> <span class='ocrx_word' id='word_1_774' title='bbox 2747 4445 2891 4515; x_wconf 82' lang='grc' dir='ltr'>ὑπὲρ</span> <span class='ocrx_word' id='word_1_775' title='bbox 2928 4444 3024 4496; x_wconf 85' lang='grc' dir='ltr'><strong>τοῦ</strong></span> <span class='ocrx_word' id='word_1_776' title='bbox 3051 4444 3157 4496; x_wconf 80' lang='grc' dir='ltr'><strong>τῶν</strong></span> <span class='ocrx_word' id='word_1_777' title='bbox 3185 4441 3460 4512; x_wconf 83' lang='grc' dir='ltr'>ἀνθρώπων</span> <span class='ocrx_word' id='word_1_778' title='bbox 3486 4435 3626 4503; x_wconf 80' lang='grc' dir='ltr'>γένους</span> 
     </span>
    </p>
   </div>
   <div class='ocr_carea' id='block_1_103' title="bbox 2124 4520 3626 4603">
    <p class='ocr_par' dir='ltr' id='par_1_103' title="bbox 2124 4520 3626 4603">
     <span class='ocr_line' id='line_1_104' title="bbox 2124 4520 3626 4603; baseline 0.005 -23"><span class='ocrx_word' id='word_1_779' title='bbox 2124 4530 2391 4602; x_wconf 83' lang='grc' dir='ltr'>ἁμαρτίαν</span> <span class='ocrx_word' id='word_1_780' title='bbox 2422 4547 2488 4598; x_wconf 88' lang='grc' dir='ltr'><strong>με</strong></span> <span class='ocrx_word' id='word_1_781' title='bbox 2519 4532 2816 4603; x_wconf 77' lang='grc' dir='ltr'>ἐποίησας.</span> <span class='ocrx_word' id='word_1_782' title='bbox 2860 4538 3009 4598; x_wconf 86' lang='grc' dir='ltr'>ὃπως</span> <span class='ocrx_word' id='word_1_783' title='bbox 3043 4536 3091 4587; x_wconf 89' lang='grc' dir='ltr'>οἱ</span> <span class='ocrx_word' id='word_1_784' title='bbox 3122 4533 3443 4591; x_wconf 82' lang='grc' dir='ltr'>πιστεύοντες</span> <span class='ocrx_word' id='word_1_785' title='bbox 3470 4528 3533 4587; x_wconf 76' lang='grc' dir='ltr'>εἰς</span> <span class='ocrx_word' id='word_1_786' title='bbox 3557 4520 3626 4589; x_wconf 62' lang='grc' dir='ltr'><strong>ἐμὲ</strong></span> 
     </span>
    </p>
   </div>
   <div class='ocr_carea' id='block_1_104' title="bbox 2119 4620 3625 4693">
    <p class='ocr_par' dir='ltr' id='par_1_104' title="bbox 2119 4620 3625 4693">
     <span class='ocr_line' id='line_1_105' title="bbox 2119 4620 3625 4693; baseline -0.003 -18"><span class='ocrx_word' id='word_1_787' title='bbox 2119 4623 2376 4691; x_wconf 87' lang='grc' dir='ltr'>γένωνται</span> <span class='ocrx_word' id='word_1_788' title='bbox 2394 4620 2742 4693; x_wconf 87' lang='grc' dir='ltr'>δικαιοσύνη.</span> <span class='ocrx_word' id='word_1_789' title='bbox 2763 4626 2925 4679; x_wconf 80' lang='grc' dir='ltr'>Ἀλλά</span> <span class='ocrx_word' id='word_1_790' title='bbox 2952 4629 3045 4680; x_wconf 74' lang='grc' dir='ltr'><strong>καὶ</strong></span> <span class='ocrx_word' id='word_1_791' title='bbox 3069 4646 3085 4677; x_wconf 74' lang='grc' dir='ltr'><strong>ι</strong></span> <span class='ocrx_word' id='word_1_792' title='bbox 3109 4625 3266 4678; x_wconf 82' lang='grc' dir='ltr'>ἓνεκά</span> <span class='ocrx_word' id='word_1_793' title='bbox 3294 4640 3377 4675; x_wconf 92' lang='grc' dir='ltr'><strong>σου</strong></span> <span class='ocrx_word' id='word_1_794' title='bbox 3406 4620 3625 4685; x_wconf 66' lang='grc' dir='ltr'>ὑπήνεγκα</span> 
     </span>
    </p>
   </div>
   <div class='ocr_carea' id='block_1_105' title="bbox 2125 4698 3624 4785">
    <p class='ocr_par' dir='ltr' id='par_1_105' title="bbox 2125 4698 3624 4785">
     <span class='ocr_line' id='line_1_106' title="bbox 2125 4698 3624 4785; baseline -0.009 -24"><span class='ocrx_word' id='word_1_795' title='bbox 2125 4709 2452 4779; x_wconf 83' lang='grc' dir='ltr'>ὀνειδισμὸν,</span> <span class='ocrx_word' id='word_1_796' title='bbox 2486 4728 2505 4760; x_wconf 73' lang='grc' dir='ltr'><strong>ι</strong></span> <span class='ocrx_word' id='word_1_797' title='bbox 2546 4711 2639 4765; x_wconf 79' lang='grc' dir='ltr'>διὰ</span> <span class='ocrx_word' id='word_1_798' title='bbox 2668 4713 2770 4784; x_wconf 79' lang='grc' dir='ltr'><strong>τὴν</strong></span> <span class='ocrx_word' id='word_1_799' title='bbox 2796 4715 2896 4785; x_wconf 78' lang='grc' dir='ltr'>σὴν</span> <span class='ocrx_word' id='word_1_800' title='bbox 2946 4714 3136 4784; x_wconf 78' lang='grc' dir='ltr'>βουλὴν</span> <span class='ocrx_word' id='word_1_801' title='bbox 3176 4711 3403 4771; x_wconf 75' lang='grc' dir='ltr'>κενώσας</span> <span class='ocrx_word' id='word_1_802' title='bbox 3447 4698 3624 4775; x_wconf 69' lang='grc' dir='ltr'>ἐμαυτὸν</span> 
     </span>
    </p>
   </div>
   <div class='ocr_carea' id='block_1_106' title="bbox 2123 4790 3623 4870">
    <p class='ocr_par' dir='ltr' id='par_1_106' title="bbox 2123 4790 3623 4870">
     <span class='ocr_line' id='line_1_107' title="bbox 2123 4790 3623 4870; baseline -0.005 -17"><span class='ocrx_word' id='word_1_803' title='bbox 2123 4800 2216 4853; x_wconf 71' lang='grc' dir='ltr'><strong>καὶ</strong></span> <span class='ocrx_word' id='word_1_804' title='bbox 2268 4800 2426 4870; x_wconf 84' lang='grc' dir='ltr'>μέχρι</span> <span class='ocrx_word' id='word_1_805' title='bbox 2477 4799 2719 4856; x_wconf 85' lang='grc' dir='ltr'>θανάτου</span> <span class='ocrx_word' id='word_1_806' title='bbox 2789 4804 3159 4869; x_wconf 85' lang='grc' dir='ltr'>ταπεινώσας,</span> <span class='ocrx_word' id='word_1_807' title='bbox 3220 4803 3332 4855; x_wconf 82' lang='grc' dir='ltr'>καθ’</span> <span class='ocrx_word' id='word_1_808' title='bbox 3385 4801 3438 4852; x_wconf 87' lang='grc' dir='ltr'>ὃν</span> <span class='ocrx_word' id='word_1_809' title='bbox 3484 4790 3623 4858; x_wconf 68' lang='grc' dir='ltr'>καιρὸν</span> 
     </span>
    </p>
   </div>
   <div class='ocr_carea' id='block_1_107' title="bbox 2122 4877 3623 4965">
    <p class='ocr_par' dir='ltr' id='par_1_107' title="bbox 2122 4877 3623 4965">
     <span class='ocr_line' id='line_1_108' title="bbox 2122 4877 3623 4965; baseline -0.005 -23"><span class='ocrx_word' id='word_1_810' title='bbox 2122 4892 2169 4942; x_wconf 86' lang='grc' dir='ltr'>οἱ</span> <span class='ocrx_word' id='word_1_811' title='bbox 2230 4892 2750 4963; x_wconf 85' lang='grc' dir='ltr'>παραπορευόμενοι</span> <span class='ocrx_word' id='word_1_812' title='bbox 2810 4894 3189 4965; x_wconf 80' lang='grc' dir='ltr'>ἐϐλασφήμουν</span> <span class='ocrx_word' id='word_1_813' title='bbox 3267 4888 3509 4946; x_wconf 82' lang='grc' dir='ltr'>κινοῦντες</span> <span class='ocrx_word' id='word_1_814' title='bbox 3554 4877 3623 4936; x_wconf 67' lang='grc' dir='ltr'><strong>τὸς</strong></span> 
     </span>
    </p>
   </div>
   <div class='ocr_carea' id='block_1_108' title="bbox 2123 4967 3622 5054">
    <p class='ocr_par' dir='ltr' id='par_1_108' title="bbox 2123 4967 3622 5054">
     <span class='ocr_line' id='line_1_109' title="bbox 2123 4967 3622 5054; baseline -0.006 -22"><span class='ocrx_word' id='word_1_815' title='bbox 2123 4979 2361 5048; x_wconf 81' lang='grc' dir='ltr'>κεφαλὰς</span> <span class='ocrx_word' id='word_1_816' title='bbox 2386 4982 2569 5034; x_wconf 82' lang='grc' dir='ltr'>αὐτῶν</span> <span class='ocrx_word' id='word_1_817' title='bbox 2598 4984 2694 5038; x_wconf 75' lang='grc' dir='ltr'><strong>καὶ</strong></span> <span class='ocrx_word' id='word_1_818' title='bbox 2720 4985 2973 5054; x_wconf 86' lang='grc' dir='ltr'>λέγοντες</span> <span class='ocrx_word' id='word_1_819' title='bbox 2995 5002 3008 5016; x_wconf 75' lang='grc' dir='ltr'><strong><em>ο</em></strong></span> <span class='ocrx_word' id='word_1_820' title='bbox 3057 5005 3073 5035; x_wconf 76' lang='grc' dir='ltr'>σ</span> <span class='ocrx_word' id='word_1_821' title='bbox 3104 4983 3215 5037; x_wconf 84' lang='grc' dir='ltr'>0ύά</span> <span class='ocrx_word' id='word_1_822' title='bbox 3243 4986 3270 5035; x_wconf 91' lang='grc' dir='ltr'><strong>ό</strong></span> <span class='ocrx_word' id='word_1_823' title='bbox 3300 4976 3541 5033; x_wconf 85' lang='grc' dir='ltr'>καταλύων</span> <span class='ocrx_word' id='word_1_824' title='bbox 3558 4967 3622 5019; x_wconf 74' lang='grc' dir='ltr'><strong>τὸν</strong></span> 
     </span>
    </p>
   </div>
   <div class='ocr_carea' id='block_1_109' title="bbox 2122 5062 3621 5149">
    <p class='ocr_par' dir='ltr' id='par_1_109' title="bbox 2122 5062 3621 5149">
     <span class='ocr_line' id='line_1_110' title="bbox 2122 5062 3621 5149; baseline 0.017 -28"><span class='ocrx_word' id='word_1_825' title='bbox 2122 5072 2278 5132; x_wconf 90' lang='grc' dir='ltr'>ναὸν,</span> <span class='ocrx_word' id='word_1_826' title='bbox 2326 5073 2421 5124; x_wconf 72' lang='grc' dir='ltr'>καὶ</span> <span class='ocrx_word' id='word_1_827' title='bbox 2463 5074 2522 5125; x_wconf 85' lang='grc' dir='ltr'>ὲν</span> <span class='ocrx_word' id='word_1_828' title='bbox 2576 5078 2759 5147; x_wconf 73' lang='grc' dir='ltr'>τρισὶν</span> <span class='ocrx_word' id='word_1_829' title='bbox 2819 5078 3052 5149; x_wconf 79' lang='grc' dir='ltr'>ἡμέραις</span> <span class='ocrx_word' id='word_1_830' title='bbox 3122 5071 3426 5143; x_wconf 67' lang='grc' dir='ltr'><strong>οἰκοδομῶνν</strong></span> <span class='ocrx_word' id='word_1_831' title='bbox 3493 5062 3621 5149; x_wconf 51' lang='lat' dir='ltr'><strong>mme</strong></span> 
     </span>
    </p>
   </div>
   <div class='ocr_carea' id='block_1_110' title="bbox 2127 5145 3619 5233">
    <p class='ocr_par' dir='ltr' id='par_1_110' title="bbox 2127 5145 3619 5233">
     <span class='ocr_line' id='line_1_111' title="bbox 2127 5145 3619 5233; baseline -0.005 -20"><span class='ocrx_word' id='word_1_832' title='bbox 2127 5163 2367 5217; x_wconf 85' lang='grc' dir='ltr'>σεαυτόν.</span> <span class='ocrx_word' id='word_1_833' title='bbox 2419 5165 2483 5217; x_wconf 75' lang='lat' dir='ltr'><strong>Et</strong></span> <span class='ocrx_word' id='word_1_834' title='bbox 2508 5145 2643 5231; x_wconf 82' lang='grc' dir='ltr'>Υἱὸς</span> <span class='ocrx_word' id='word_1_835' title='bbox 2693 5165 2745 5221; x_wconf 72' lang='grc' dir='ltr'><strong>εί</strong></span> <span class='ocrx_word' id='word_1_836' title='bbox 2813 5145 2908 5221; x_wconf 73' lang='grc' dir='ltr'><strong>τοῦ</strong></span> <span class='ocrx_word' id='word_1_837' title='bbox 2933 5145 3113 5233; x_wconf 67' lang='grc' dir='ltr'><strong>⁷Θεοῦ,</strong></span> <span class='ocrx_word' id='word_1_838' title='bbox 3156 5161 3401 5232; x_wconf 86' lang='grc' dir='ltr'>κατάϐηθι</span> <span class='ocrx_word' id='word_1_839' title='bbox 3435 5156 3522 5209; x_wconf 80' lang='grc' dir='ltr'><strong>ἀπὸ</strong></span> <span class='ocrx_word' id='word_1_840' title='bbox 3552 5145 3619 5201; x_wconf 66' lang='grc' dir='ltr'>τοῦ</span> 
     </span>
    </p>
   </div>
   <div class='ocr_carea' id='block_1_111' title="bbox 2126 5245 3619 5329">
    <p class='ocr_par' dir='ltr' id='par_1_111' title="bbox 2126 5245 3619 5329">
     <span class='ocr_line' id='line_1_112' title="bbox 2126 5245 3619 5329; baseline -0.001 -25"><span class='ocrx_word' id='word_1_841' title='bbox 2126 5253 2377 5324; x_wconf 85' lang='grc' dir='ltr'>σταυροῦ.</span> <span class='ocrx_word' id='word_1_842' title='bbox 2426 5255 2661 5327; x_wconf 83' lang='grc' dir='ltr'>Ὁμοίως</span> <span class='ocrx_word' id='word_1_843' title='bbox 2701 5259 2758 5312; x_wconf 80' lang='grc' dir='ltr'>δὲ</span> <span class='ocrx_word' id='word_1_844' title='bbox 2799 5261 2893 5313; x_wconf 72' lang='grc' dir='ltr'><strong>καὶ</strong></span> <span class='ocrx_word' id='word_1_845' title='bbox 2936 5262 2984 5311; x_wconf 75' lang='grc' dir='ltr'>οἱ</span> <span class='ocrx_word' id='word_1_846' title='bbox 3034 5258 3295 5329; x_wconf 82' lang='grc' dir='ltr'>ἀρχιερεῖς</span> <span class='ocrx_word' id='word_1_847' title='bbox 3335 5245 3619 5329; x_wconf 58' lang='grc' dir='ltr'>ἐμπαίζοντες</span> 
     </span>
    </p>
   </div>
   <div class='ocr_carea' id='block_1_112' title="bbox 2129 5327 3617 5420">
    <p class='ocr_par' dir='ltr' id='par_1_112' title="bbox 2129 5327 3617 5420">
     <span class='ocr_line' id='line_1_113' title="bbox 2129 5327 3617 5420; baseline -0.021 -9"><span class='ocrx_word' id='word_1_848' title='bbox 2129 5341 2267 5411; x_wconf 76' lang='grc' dir='ltr'><strong>μετὰ</strong></span> <span class='ocrx_word' id='word_1_849' title='bbox 2318 5344 2427 5399; x_wconf 80' lang='grc' dir='ltr'>τῶν</span> <span class='ocrx_word' id='word_1_850' title='bbox 2469 5347 2664 5419; x_wconf 80' lang='grc' dir='ltr'>ἱερέων</span> <span class='ocrx_word' id='word_1_851' title='bbox 2701 5350 2799 5404; x_wconf 65' lang='grc' dir='ltr'><strong>καλ⁸</strong></span> <span class='ocrx_word' id='word_1_852' title='bbox 2835 5327 3208 5420; x_wconf 79' lang='grc' dir='ltr'>Γραμματέων</span> <span class='ocrx_word' id='word_1_853' title='bbox 3250 5343 3336 5397; x_wconf 77' lang='grc' dir='ltr'>καὶ</span> <span class='ocrx_word' id='word_1_854' title='bbox 3374 5327 3617 5407; x_wconf 74' lang='grc' dir='ltr'>Φαρισαίων</span> 
     </span>
    </p>
   </div>
   <div class='ocr_carea' id='block_1_113' title="bbox 2127 5420 3612 5504">
    <p class='ocr_par' dir='ltr' id='par_1_113' title="bbox 2127 5420 3612 5504">
     <span class='ocr_line' id='line_1_114' title="bbox 2127 5420 3612 5504; baseline -0.009 -21"><span class='ocrx_word' id='word_1_855' title='bbox 2127 5432 2332 5501; x_wconf 59' lang='grc' dir='ltr'>ἔλεγον</span> <span class='ocrx_word' id='word_1_856' title='bbox 2359 5436 2588 5501; x_wconf 84' lang='grc' dir='ltr'>Ἀλλους</span> <span class='ocrx_word' id='word_1_857' title='bbox 2634 5439 2861 5504; x_wconf 73' lang='grc' dir='ltr'>ἔσωσεν,</span> <span class='ocrx_word' id='word_1_858' title='bbox 2909 5439 3096 5492; x_wconf 74' lang='grc' dir='ltr'>ἑαυτὸν</span> <span class='ocrx_word' id='word_1_859' title='bbox 3136 5437 3194 5490; x_wconf 79' lang='grc' dir='ltr'>οὐ</span> <span class='ocrx_word' id='word_1_860' title='bbox 3238 5434 3432 5486; x_wconf 86' lang='grc' dir='ltr'>δύναται</span> <span class='ocrx_word' id='word_1_861' title='bbox 3466 5420 3612 5504; x_wconf 50' lang='lat' dir='ltr'><strong>adluat:</strong></span> 
     </span>
    </p>
   </div>
   <div class='ocr_carea' id='block_1_114' title="bbox 2129 5501 3611 5600">
    <p class='ocr_par' dir='ltr' id='par_1_114' title="bbox 2129 5501 3611 5600">
     <span class='ocr_line' id='line_1_115' title="bbox 2129 5501 3611 5600; baseline -0.017 -7"><span class='ocrx_word' id='word_1_862' title='bbox 2129 5524 2191 5577; x_wconf 68' lang='grc' dir='ltr'>Εί</span> <span class='ocrx_word' id='word_1_863' title='bbox 2242 5524 2495 5594; x_wconf 80' lang='grc' dir='ltr'>βασιλεὺς</span> <span class='ocrx_word' id='word_1_864' title='bbox 2533 5529 2757 5600; x_wconf 80' lang='grc' dir='ltr'>Ἰσραήλ</span> <span class='ocrx_word' id='word_1_865' title='bbox 2799 5501 2949 5596; x_wconf 68' lang='grc' dir='ltr'>ἐστι,</span> <span class='ocrx_word' id='word_1_866' title='bbox 2999 5527 3275 5583; x_wconf 83' lang='grc' dir='ltr'>καταϐάτω</span> <span class='ocrx_word' id='word_1_867' title='bbox 3309 5522 3392 5576; x_wconf 91' lang='grc' dir='ltr'><strong>νῦν</strong></span> <span class='ocrx_word' id='word_1_868' title='bbox 3422 5513 3512 5600; x_wconf 54' lang='grc' dir='ltr'>άπᾷ</span> <span class='ocrx_word' id='word_1_869' title='bbox 3543 5501 3611 5600; x_wconf 55' lang='grc' dir='ltr'><strong>ταξδ</strong></span> 
     </span>
    </p>
   </div>
   <div class='ocr_carea' id='block_1_115' title="bbox 2133 5592 3612 5691">
    <p class='ocr_par' dir='ltr' id='par_1_115' title="bbox 2133 5592 3612 5691">
     <span class='ocr_line' id='line_1_116' title="bbox 2133 5592 3612 5691; baseline -0.005 -15"><span class='ocrx_word' id='word_1_870' title='bbox 2133 5620 2390 5686; x_wconf 80' lang='grc' dir='ltr'>σταυροῦ,</span> <span class='ocrx_word' id='word_1_871' title='bbox 2436 5621 2536 5675; x_wconf 70' lang='grc' dir='ltr'><strong>καὶ</strong></span> <span class='ocrx_word' id='word_1_872' title='bbox 2580 5620 2947 5691; x_wconf 76' lang='grc' dir='ltr'>πιστεύσομεν</span> <span class='ocrx_word' id='word_1_873' title='bbox 2991 5617 3153 5689; x_wconf 80' lang='grc' dir='ltr'>αύτῷ.</span> <span class='ocrx_word' id='word_1_874' title='bbox 3196 5610 3428 5671; x_wconf 77' lang='grc' dir='ltr'>Πέποιθεν</span> <span class='ocrx_word' id='word_1_875' title='bbox 3451 5592 3612 5654; x_wconf 48' lang='lat' dir='ltr'><strong>“Hb”</strong></span> 
     </span>
    </p>
   </div>
  </div>
