3796 6368
107 347 287 461 11,1

1359 372 1858 433 COMMENTARIA
1894 374 1960 428 lN
1996 374 2327 430 PSALMOS.

3323 376 3426 431 738

126 464 359 567 996‘:
398 469 680 567 ρξςάσθω
741 491 944 558 αὐτὸν,
993 495 1041 547 ει
1089 492 1229 546 θέλει
1275 492 1453 547 αὐτόν.
1495 486 1628 543 Εἷπε
1676 490 1803 560 γὰρ,

1904 490 2019 543 vult
2055 504 2200 543 eum.
2254 488 2398 541 Dixit
2441 486 2606 550 enim,
2638 487 2763 555 quia
2810 486 2980 543 Filius
3027 487 3118 542 Dei
3166 502 3283 542 sum
3322 489 3364 541 ⁸.
3396 509 3428 567 Δι

323 558 468 615 Θεοῦ
494 564 639 662 Υἱός
684 579 837 649 ειμι,
881 602 901 635 ι
940 584 1118 637 Ταῦτα
1160 584 1221 654 δὴ
1270 580 1360 635 οὖν
1405 579 1669 641 θεσπίζων
1711 558 1803 632 ἐπὶ

172 657 310 732 ’ίοῦ
362 657 669 727 παρόντος,
725 673 932 741 φησίνο
984 690 1003 723 ε
1030 673 1147 725 Ὄτι
1190 673 1350 725 ἓνεκά
1392 688 1485 723 σου
1528 670 1802 740 ὑπήνεγκα

211 748 557 820 ωειδισμδν,
596 755 882 827 ἐκάλυψεν
919 762 1147 832 ἐντροπὴ
1186 762 1246 813 τὸ
1284 760 1564 831 πρόσωπόν
1633 776 1751 828 μου.
1777 776 1795 809 ι

240 848 314 901 Οὐ
357 844 471 917 γὰρ
520 845 586 899 δι’
641 848 924 921 ἁμαρτίας
968 852 1122 921 ἐμὰς,
1171 851 1288 903 οὐδὲ
1331 849 1416 903 διὰ
1460 848 1802 918 παρανόμους

232 938 512 1009 πράξεις,
544 937 661 989 ἀλλ’
683 977 698 1001 ,
738 958 757 991 ι
794 940 958 994 ἕνεκά
990 958 1078 993 σου
1116 959 1134 991 ι
1184 941 1276 993 καὶ
1312 940 1401 992 τὸν
1448 937 1801 1007 προλεχθέντα

230 1050 251 1081 ‹
306 1028 618 1099 ὀνειδισμὸν
652 1030 945 1099 ὑπέμεινα,
970 1030 1146 1081 καὶτὸ
1170 1028 1449 1098 πρόσωπόν
1484 1044 1581 1097 μου
1613 1026 1802 1078 ὲκάλυ-

221 1119 337 1187 ψεν
383 1118 628 1188 έντροπή
648 1135 663 1147 ο
691 1137 708 1169 ι
748 1118 806 1187 ἣ,
838 1117 975 1170 κατά
1016 1117 1104 1169 τὸν
1138 1116 1440 1186 Σύμμαχον,
1472 1134 1491 1164 ί
1514 1112 1800 1180 Ἐκάλυψεν

220 1210 633 1279 ἀσχημόνησις
655 1209 715 1261 τὸ
748 1209 1030 1278 πρόσωπον
1053 1206 1230 1260 αὑτοῦ.
1263 1226 1281 1257 ι
1314 1207 1418 1258 Καὶ
1431 1205 1599 1257 ταῦτα
1625 1204 1801 1256 πάντα

218 1300 336 1352 ὁπέ
348 1315 545 1367 μεινα,
582 1299 765 1368 φησὶν,
791 1297 953 1349 ἕνεκά
978 1314 1088 1359 σου,
1121 1295 1390 1348 τουτέστιν
1413 1296 1569 1347 ἓνεκα
1582 1293 1674 1345 τοῦ
1708 1292 1798 1345 σοῦ

215 1387 581 1457 θελήματος.
631 1386 787 1439 Ἀλλά
828 1386 920 1438 καὶ
963 1402 981 1435 ι
1010 1382 1504 1453 ἀπηλλοτριωμένος
1545 1380 1800 1450 ἐγενήθην

208 1480 347 1539 τοῖς
368 1477 633 1545 ἀδελφοῖς
674 1493 773 1546 μου
791 1514 806 1538 ,
837 1476 929 1528 καὶ
979 1474 1122 1540 ξένος
1155 1476 1264 1535 τοῖς
1293 1474 1422 1535 υίοῖς
1464 1470 1561 1539 τῆς
1603 1469 1800 1540 μητρός

212 1584 367 1636 μου.
402 1584 424 1617 ι
468 1566 579 1617 Δύο
608 1565 669 1618 δὲ
690 1565 940 1632 τάγματα
959 1563 1016 1614 ὲν
1038 1560 1241 1623 τούτοις
1261 1559 1595 1629 παρίστησιν·
1626 1556 1683 1608 ἓν
1704 1556 1798 1625 μὲν

204 1654 285 1708 τὸ
310 1654 439 1707 τῶν
474 1652 692 1722 ἀληθῶς
724 1648 957 1717 ἀδελφῶν
984 1646 1141 1700 αὑτοῦ
1162 1685 1177 1711 ,
1205 1642 1283 1709 οἷς
1321 1645 1543 1715 ἐγενήθη
1574 1642 1801 1713 ἀπηλλο-

200 1740 576 1812 τριωμένος·
610 1740 794 1809 ἕτερον
824 1738 880 1790 δὲ
899 1736 959 1788 τὸ
984 1736 1090 1788 τῶν
1113 1734 1240 1787 υἱῶν
1259 1733 1358 1803 τῆς
1387 1732 1587 1802 μητρὸς
1614 1730 1796 1793 αὐτοῦ,

196 1803 288 1885 ού
330 1803 450 1902 μήν
482 1803 729 1898 ἀδελφῶν
772 1826 934 1881 αὑτοῦ
953 1864 968 1889 ,
999 1821 1078 1888 οἷς
1104 1825 1326 1894 ἐγενήθη
1351 1822 1512 1889 ξένος.
1558 1822 1666 1875 Καὶ
1700 1821 1803 1891 μὴν
1834 1803 1874 1856 Β

196 1923 412 1993 ὲχρῆν
448 1922 611 1984 υἱοὺς
640 1919 841 1991 μητρὸς
872 1915 1053 1981 αὑτοῦ,
1084 1916 1237 1977 ὄντας
1279 1914 1552 1981 ἀδελφοὺς,
1587 1914 1679 1965 καὶ⁸
1711 1912 1805 1963 αύ-

194 2015 365 2075 ⁸τοὺς
403 2011 616 2081 ὁμοίως
656 2012 767 2071 τοῖς
807 2006 1084 2077 προτέροις
1116 2003 1481 2074 χρηματίζειν.
1540 2001 1673 2054 Ἀλλ’
1708 2002 1805 2053 οὐκ

195 2103 499 2171 ὠνόμασε
524 2100 655 2160 τοὺς
682 2098 826 2159 υἱοὺς
846 2097 943 2166 τῆς
983 2094 1180 2164 μητρὸς
1202 2093 1473 2160 ἀδελφοὺς,
1501 2090 1572 2152 ὼς
1593 2089 1806 2159 ἐτέρους

196 2193 401 2254 ὄντας
425 2189 637 2259 δηλαδὴ
660 2186 809 2257 παρὰ
834 2186 893 2237 τὸ
916 2185 1122 2254 πρῶτον
1154 2182 1335 2250 τάγμα
1361 2181 1466 2233 τῶν
1493 2178 1805 2250 ὀνομασθέν-

199 2278 634 2346 τωνάδελφῶν
664 2274 855 2329 αὑτοῦ.
893 2275 968 2344 (l)
1000 2274 1091 2335 Είς
1117 2268 1206 2324 οὖν
1234 2270 1486 2338 ἀδελφοὺς
1516 2268 1611 2337 μὲν
1646 2266 1803 2319 αὐτοῦ

204 2370 603 2440 γεγεγονέναι
629 2367 754 2427 τοὺς
780 2363 939 2417 αὑτοῦ
970 2362 1226 2433 μαθητὰς,
1255 2354 1458 2430 περὶῶν
1476 2360 1565 2411 καὶ
1579 2361 1634 2410 ὲν
1648 2358 1805 2427 ἑτέρᾳ

206 2459 429 2529 φησίν⁸
465 2475 484 2507 ι
529 2452 847 2520 Ἀπαγγελῶ
859 2451 920 2503 τὸ
942 2451 1109 2519 ὄνομα
1132 2466 1222 2501 σου
1256 2451 1365 2510 τοῖς
1402 2447 1641 2513 ἀδελφοῖς
1669 2460 1766 2514 μου
1788 2483 1801 2507 ,

207 2553 329 2603 καὶ
351 2552 417 2601 ὲν
449 2548 606 2617 μέσῳ
636 2543 957 2614 Ἐκκλησίας
974 2541 1195 2610 ὑμνήσω
1212 2555 1290 2591 σε.
1316 2556 1333 2588 ι
1352 2538 1461 2591 Καὶ
1479 2539 1535 2589 ἐν
1549 2536 1625 2605 τῷ
1640 2536 1807 2601 Εὐαγ-

206 2640 407 2709 γελίῳ
432 2640 502 2706 τῇ
529 2634 720 2704 Μαρίᾳ
758 2632 941 2699 φανεὶς
974 2629 1107 2699 μετά
1136 2629 1230 2698 τὴν
1263 2629 1325 2680 ὲκ
1357 2626 1559 2696 νεκρῶν
1581 2624 1805 2709 ἀνάστα-

210 2708 317 2781 σιν
348 2727 543 2793 ἔλεγε·
570 2743 587 2774 ι
614 2721 849 2791 Πορεύου
882 2718 1013 2789 πρὸς
1042 2718 1165 2779 τοὺς
1195 2714 1449 2783 ἀδελφούς
1481 2732 1599 2784 μου,
1622 2714 1712 2765 καὶ
1728 2708 1804 2764 εἶ-

210 2834 338 2872 πον
365 2817 582 2876 αὐτοῖς·
620 2810 915 2864 Ἀναϐαίνω
943 2808 1076 2878 πρὸς
1098 2806 1187 2858 τὸν
1213 2804 1424 2875 Πατέρα
1457 2820 1552 2873 μου
1582 2805 1673 2855 καὶ
1692 2803 1804 2854 Πά-

210 2909 373 2979 τέρα
412 2904 596 2975 ὑμῶν,
621 2904 713 2955 καὶ
738 2900 867 2952 Θεόν
887 2916 984 2968 μου
1009 2897 1099 2949 καὶ
1114 2896 1242 2948 Θεὸν
1260 2894 1428 2965 ὑμῶν.
1442 2913 1460 2945 ι
1481 2894 1698 2955 Τούτοις
1716 2888 1804 2944 οὖν

209 3003 347 3059 τοῖς
383 2994 643 3061 ἀδελφοῖς
676 2989 837 3044 αὑτοῦ
872 2986 1363 3057 ἀπηλλοτριωμένος
1397 2982 1622 3053 ἐγενήθη
1667 2981 1805 3034 κατά

212 3088 441 3158 καιρὸν
463 3083 562 3136 τοῦ
589 3081 914 3152 δηλουμένου
938 3077 1156 3139 πάθους,
1180 3076 1264 3128 ὅτε
1291 3075 1483 3136 πάντες
1500 3075 1547 3124 οἱ
1575 3073 1804 3143 μαθηταὶ
1830 3112 1870 3167 C

213 3176 411 3231 αὐτοῦ
444 3174 678 3240 ἀφέντες
706 3170 864 3224 αὑτὸν
906 3168 1128 3236 ἔφευγον
1152 3205 1167 3229 ,
1194 3164 1351 3225 αὑτός
1374 3180 1430 3214 τε
1456 3166 1483 3215 ὁ
1514 3165 1800 3232 κορυφαῖος

211 3269 348 3321 τῶν
372 3264 696 3319 ἀποστόλων
725 3262 925 3331 Πέτρος
950 3261 1215 3328 ἠρνήσατο
1246 3254 1403 3307 αὑτὸν
1442 3255 1637 3325 τρίτον.
1675 3252 1806 3305 Τού-

212 3377 353 3421 τοις
376 3358 538 3424 ξένος
565 3354 657 3407 καὶ
679 3348 1175 3421 ἀπηλλοτριωμένος
1192 3344 1437 3415 ἐγενήθη⁹
1465 3347 1574 3405 τοῖς
1597 3343 1652 3395 δὲ
1675 3345 1805 3406 υίοῖς

210 3447 341 3515 τῆς
376 3441 593 3513 μητρὸς
622 3438 803 3500 αὑτοῦ,
836 3438 896 3489 οὐ
931 3436 1032 3505 μὴν
1057 3435 1149 3486 καὶ
1179 3433 1419 3501 ἀδελφοῖς
1445 3428 1588 3485 οὖσιν
1623 3430 1802 3492 αὐτοῦ,

215 3537 396 3603 ξένος
428 3533 645 3600 γέγονε.
704 3528 985 3596 Μέμνηται
1031 3525 1086 3577 δὲ
1121 3525 1181 3575 τὸ
1208 3522 1527 3591 Εὐαγγέλιον
1570 3520 1805 3589 ἀδελφῶν

215 3622 414 3680 αὐτοῦ
446 3621 547 3674 καὶ
581 3617 802 3688 μητρὸς,
820 3617 928 3679 ὅτε,
950 3613 1113 3667 ἐλθὼν
1139 3615 1216 3675 εἰς
1245 3613 1341 3681 τὴν
1371 3611 1597 3679 πατρίδα
1623 3608 1802 3673 αὐτοῦ,

218 3715 535 3769 ιδίδασκεν
570 3710 629 3760 ὲν
660 3710 726 3776 τῇ
763 3706 1065 3774 συναγωγῇ,
1097 3704 1169 3765 ὼς
1199 3700 1589 3771 ἐκπλήσσεσθαι
1615 3701 1806 3762 αὐτοὺς

217 3804 342 3860 καὶ
369 3802 581 3868 λέγειν’
622 3814 641 3847 ι
672 3795 839 3847 Πόθεν
871 3794 1041 3863 τούτῳ
1075 3795 1107 3863 ή
1140 3791 1295 3859 σοφία
1332 3790 1496 3859 αὖτη;
1526 3791 1635 3858 Οὐχ
1658 3785 1805 3850 οὗτός

220 3896 398 3945 ἐστιν
423 3889 453 3938 ό
473 3883 571 3938 τοῦ
602 3881 845 3942 τέκτονος
869 3880 1008 3944 υίός;
1038 3880 1148 3946 Οὐχ
1172 3880 1204 3948 ὴ
1246 3880 1424 3947 μήτηρ
1450 3875 1610 3929 αὑτοῦ
1643 3875 1733 3927 καὶ
1757 3876 1805 3925 oi

220 3976 475 4047 ἀδελφοὶ
509 3971 675 4027 αὑτοῦ
705 3971 797 4023 καὶ
815 3972 869 4023 αί
899 3969 1115 4037 ἀδελφαὶ
1128 3966 1287 4019 αὐτοῦ
1314 3968 1478 4018 πᾶσαι
1508 3965 1640 4035 πρὸς
1664 3966 1805 4034 ἡμᾶς

221 4073 385 4132 ttat;
417 4066 594 4119 Πόθεν
630 4061 803 4132 τούτῳ
814 4060 980 4113 ταῦτα
1044 4060 1248 4121 πάντα;
1276 4075 1295 4108 ι
1316 4055 1436 4108 Ἐὰν
1460 4055 1554 4124 μὲν
1578 4049 1667 4104 οὖν
1687 4053 1807 4113 τοὺς

224 4164 302 4214 ὲν
344 4157 430 4226 τῷ
476 4153 619 4225 μετὰ
652 4155 837 4221 χεῖρας
885 4148 1198 4217 λεγομένους
1241 4145 1385 4207 υίοὺς
1421 4142 1618 4214 μητρὸς
1646 4141 1806 4194 αὐτοῦ

222 4247 479 4307 τούτους
517 4240 656 4294 εἶναι
694 4238 1032 4306 ὲκλάὁοιμεν,
1064 4235 1272 4304 ἀνάγκη
1294 4235 1390 4303 τὴν
1416 4231 1569 4300 ἁγίαν
1601 4228 1807 4299 Παρθέ-

225 4355 338 4394 νον
372 4335 597 4406 μητέρα
617 4332 778 4399 φάναι
815 4326 1086 4397 γεγονέναι
1110 4324 1214 4376 τῶν
1239 4322 1436 4375 λοιπῶν
1459 4318 1693 4388 ἀδελφῶν
1711 4319 1807 4370 αύ-

1900 578 2023 633 Haec
2071 594 2217 632 nunc
2271 577 2575 632 vaticinans
2624 576 2801 630 dicit:
2844 596 2863 628 σ
2905 576 3166 642 Quoniam
3216 564 3435 646 propter

1898 676 1952 723 te
2005 667 2239 721 sustinui
2278 668 2646 737 opprobrium,
2675 668 2886 735 operuit
2937 667 3183 720 confusio
3241 666 3432 721 faciem

1898 773 2091 811 meam.
2118 775 2137 807 ι
2167 756 2283 809 Non
2308 757 2449 810 enim
2484 757 2552 809 ob
2584 765 2797 825 peccata
2831 764 2885 808 et
2927 756 3168 824 improba
3196 754 3435 809 facinora

1898 860 2052 910 mea;
2086 845 2178 899 sed
2210 864 2227 896 ς
2265 854 2481 914 propter
2509 852 2561 898 te
2609 862 2628 895 ι
2662 843 2974 913 praedictum
3023 862 3040 893 ι
3078 844 3433 911 opprobrium

1897 935 2223 998 sustinui,et
2258 934 2471 1001 operuit
2499 933 2744 987 confusio
2770 932 2961 987 faciem
2990 948 3162 987 meam
3192 949 3206 998 ;
3240 951 3258 984 ι
3298 935 3433 996 sive,

1899 1023 2189 1078 secundum
2243 1022 2616 1093 Symmachum
2651 1040 2664 1075 :
2700 1040 2720 1074 ε
2756 1022 2977 1091 Operuit
3018 1022 3307 1091 ignominia
3351 1021 3439 1075 fa-

1897 1113 2033 1165 ciem
2059 1113 2198 1181 ejus.
2234 1132 2252 1163 »
2290 1112 2355 1164 Et
2380 1111 2490 1168 haec
2516 1113 2716 1177 omnia,
2745 1112 2915 1181 inquit
2942 1150 2957 1172 .
2988 1120 3207 1181 propter
3235 1122 3286 1166 te
3313 1126 3438 1180 pas-

1898 1214 1991 1255 sus
2028 1216 2169 1265 sum,
2198 1202 2251 1254 id
2300 1209 2403 1265 est,
2446 1210 2663 1269 propter
2710 1202 3036 1255 voluntatem
3072 1211 3239 1255 tuam.
3291 1202 3432 1266 Quin

1895 1292 2052 1344 etiam
2098 1312 2117 1343 ι
2171 1303 2459 1347 extraneus
2509 1291 2683 1345 factus
2729 1307 2845 1345 sum
2897 1290 3154 1346 fratribus
3186 1293 3343 1353 meis,
3382 1300 3437 1347 et

1897 1377 2209 1444 peregrinus
2254 1376 2378 1429 filiis
2415 1376 2602 1431 matris
2651 1392 2799 1431 mem.
2845 1395 2864 1427 ι
2900 1376 3044 1431 Duos
3093 1378 3181 1431 hic
3221 1378 3438 1433 ordines

1897 1462 2202 1531 significat;
2247 1464 2472 1517 alterum
2525 1479 2709 1517 eorum
2762 1465 2854 1531 qui
2905 1480 3031 1519 vere
3089 1466 3287 1520 fratres
3319 1466 3437 1535 ejus

1895 1558 2068 1615 erant,
2101 1552 2298 1621 quibus
2319 1560 2608 1606 extraneus
2641 1551 2814 1607 factus
2840 1560 2959 1623 est;
2987 1554 3212 1606 alterum
3245 1569 3435 1608 eorum

1897 1639 1987 1707 qui
2016 1637 2110 1690 filii
2162 1637 2349 1692 matris
2401 1638 2518 1707 ejus
2547 1646 2723 1704 erant,
2752 1639 2843 1694 sed
2892 1654 2998 1693 non
3052 1638 3249 1693 fratres
3294 1640 3436 1707 ejus,

1896 1730 2091 1799 quibus
2117 1730 2429 1799 peregrinus
2459 1729 2680 1785 effectus
2707 1738 2809 1785 est.
2861 1730 2925 1784 Et
2968 1738 3148 1786 tamen
3198 1733 3438 1801 oportuit

1902 1816 2041 1870 ﬁlios
2075 1817 2265 1871 matris
2289 1816 2428 1885 ejus,
2459 1832 2581 1871 cum
2618 1817 2812 1874 fratres
2844 1818 2964 1889 ejus
2989 1827 3192 1880 essent,
3215 1818 3439 1889 perinde

1900 1913 2060 1974 atque
2105 1905 2314 1974 priores
2363 1906 2664 1975 nuncupari
2722 1905 2939 1961 fratres.
2967 1906 3036 1960 At
3085 1905 3226 1959 filios
3253 1906 3442 1962 matris

1902 1995 2091 2049 fratres
2116 2008 2223 2047 non
2245 1993 2475 2056 vocavit,
2508 2003 2692 2063 utpote
2724 1995 2858 2049 alios
2880 2004 2935 2049 et
2953 1994 3196 2050 diversos
3230 2009 3260 2047 a
3292 1997 3440 2064 prio-

1902 2100 1961 2139 re
1983 2084 2173 2138 ordine
2214 2098 2400 2138 eorum
2433 2084 2525 2152 qui
2568 2084 2764 2138 fratres
2792 2084 2968 2138 vocati
3018 2091 3164 2138 sunt.
3220 2083 3439 2140 Fratres

1900 2190 2029 2244 ergo
2057 2175 2196 2241 ejus,
2228 2174 2477 2243 discipuli
2514 2173 2874 2239 existimandi,
2901 2173 2966 2227 de
2985 2174 3179 2242 quibus
3205 2174 3329 2227 alibi
3356 2174 3441 2228 di-

1900 2266 1973 2319 cit
2006 2285 2018 2319 :
2055 2284 2073 2316 ι
2106 2265 2344 2319 Narrabo
2376 2281 2570 2319 nomen
2604 2274 2754 2318 tuum
2806 2264 3065 2319 fratribus
3120 2265 3273 2327 meis,
3303 2272 3355 2319 et
3382 2266 3438 2320 in

1900 2355 2075 2409 medio
2092 2356 2349 2409 Ecclesia:
2370 2355 2599 2409 laudabo
2622 2362 2673 2408 te
2695 2357 2737 2411 ’.
2778 2373 2797 2406 ι
2831 2354 2897 2407 Et
2925 2355 2978 2407 in
3007 2352 3292 2422 Evangelia
3317 2362 3438 2422 post

1901 2446 2346 2499 resurrectionem
2388 2461 2455 2499 ex
2498 2444 2745 2507 mortuis,
2785 2458 2906 2497 cum
2948 2442 3126 2497 Maria:
3159 2444 3306 2497 visus
3331 2451 3435 2505 est,

1901 2533 2110 2588 dicebat
2152 2553 2166 2587 :
2213 2552 2231 2585 ι
2264 2532 2412 2589 Vade
2451 2534 2518 2588 ad
2569 2532 2763 2586 fratres
2816 2547 2983 2594 meos,
3039 2539 3093 2585 et
3148 2531 3236 2585 dic
3283 2531 3433 2585 illis:

1901 2623 2146 2678 Ascendo
2166 2623 2231 2676 ad
2252 2622 2464 2677 Patrem
2486 2637 2660 2676 meum
2689 2632 2740 2675 et
2764 2620 2972 2675 Patrem
2990 2628 3248 2681 vestrum,
3272 2619 3435 2673 Deum

1901 2730 2079 2768 meum
2111 2723 2163 2768 et
2194 2713 2360 2768 Deum
2391 2722 2628 2767 vestrum
2654 2713 2717 2765 ¹⁰.
2756 2731 2775 2763 ι
2810 2711 2904 2765 llis
2943 2712 3123 2779 itaque
3182 2711 3437 2765 fratribus

1902 2804 2015 2858 suis
2031 2812 2320 2857 extraneus
2351 2802 2526 2857 factus
2554 2810 2637 2857 est
2671 2809 2909 2870 tempore
2930 2801 3197 2870 praedictae
3230 2801 3438 2869 passio-

1902 2893 2004 2954 nis,
2039 2893 2255 2961 quando
2293 2907 2479 2946 omnes
2520 2891 2774 2960 discipuli
2797 2890 2915 2958 ejus
2948 2890 3135 2943 relicto
3171 2905 3234 2943 eo
3270 2890 3439 2958 fugie-

1902 2982 2048 3044 bant,
2080 2983 2298 3051 ipseque
2350 2981 2651 3050 prazcipuus
2709 2981 3074 3048 apostolorum
3130 2978 3319 3033 Petrus
3358 2987 3438 3033 ter

1904 3073 2114 3140 negavit
2140 3086 2283 3125 eum.
2316 3069 2410 3124 [iis
2460 3070 2774 3139 peregrinus
2821 3076 2873 3121 et
2901 3078 3190 3122 extraneus
3218 3069 3437 3122 effectus

1903 3166 2003 3215 est.
2041 3159 2193 3214 Filiis
2244 3161 2369 3213 item
2427 3159 2617 3211 matris
2648 3173 2778 3220 sum,
2806 3158 2895 3225 qui
2946 3157 3138 3211 fratres
3193 3159 3275 3211 sui
3327 3172 3435 3211 non

1902 3253 2074 3311 erant,
2106 3248 2415 3316 peregrinus
2462 3245 2581 3297 fuit.
2634 3244 2872 3298 Meminit
2901 3257 3059 3312 porro
3094 3243 3430 3310 Evangelium

1903 3334 2127 3387 fratrum
2179 3341 2232 3387 et
2276 3332 2465 3386 matris
2498 3332 2636 3399 ejus,
2665 3332 2755 3384 ubi
2806 3345 2926 3383 cum
2961 3331 3198 3383 venisset
3244 3331 3297 3381 in
3342 3345 3437 3397 pa-

1901 3423 2054 3475 triam
2086 3436 2261 3483 suam,
2293 3419 2521 3473 docebat
2567 3419 2619 3471 in
2677 3432 2963 3488 synagoga,
2996 3418 3065 3469 ita
3104 3426 3160 3470 ut
3191 3418 3289 3485 ipsi
3322 3426 3437 3471 stu-

1901 3517 2085 3579 perent
2118 3523 2179 3561 ac
2205 3508 2488 3561 dicerent:
2537 3526 2556 3558 (
2594 3506 2744 3560 Unde
2798 3506 2921 3558 huic
2968 3506 3229 3574 sapientia
3277 3505 3440 3559 haec?

1899 3597 2087 3651 Nonne
2114 3596 2201 3649 hic
2224 3605 2306 3650 est
2331 3595 2466 3649 fabri
2500 3595 2675 3649 filius?
2703 3593 2890 3647 Nonne
2918 3601 3087 3647 mater
3108 3592 3223 3660 ejus
3250 3604 3301 3647 et
3331 3594 3439 3646 fra.

1902 3693 2011 3738 tres
2035 3684 2172 3751 ejus,
2207 3690 2260 3736 et
2287 3696 2500 3737 sorores
2552 3684 2669 3749 ejus
2711 3695 2898 3734 omnes
2939 3679 3080 3749 apud
3127 3696 3225 3733 nos
3272 3680 3439 3734 sunt?

1903 3779 2055 3833 Unde
2090 3777 2217 3831 huic
2267 3778 2379 3830 hate
2415 3777 2594 3829 omnia
2626 3776 2704 3827 “?
2739 3794 2755 3826 ι
2786 3774 2842 3828 Si
2869 3775 3033 3843 igitur
3080 3774 3220 3829 filios
3253 3775 3439 3828 matris

1901 3868 2019 3936 ejus
2050 3867 2104 3921 in
2148 3868 2248 3921 hoc
2303 3867 2507 3936 psalmo
2538 3866 2617 3919 sic
2648 3874 2893 3927 vocatos,
2927 3879 3023 3932 pro
3056 3864 3175 3919 istis
3207 3863 3437 3933 accipia-

1902 3973 2044 4023 mus,
2080 3972 2299 4013 necesse
2328 3964 2409 4011 est
2452 3971 2552 4011 nos
2599 3962 2837 4009 sanctam
2874 3954 3163 4021 Virginem,
3203 3954 3439 4021 reliquo-

1902 4062 2022 4101 rum
2046 4048 2288 4100 fratrum
2332 4047 2447 4115 ejus
2479 4053 2702 4098 matrem
2750 4044 2946 4097 dicere.
2981 4040 3175 4094 Verum
3204 4041 3440 4097 Iacobus

1903 4140 1993 4208 qui
2037 4139 2231 4191 dicitur
2288 4137 2453 4189 frater
2484 4134 2714 4194 Domini,
2744 4146 2847 4184 non
2882 4130 3092 4183 videtur
3125 4131 3440 4199 peregrinus

1904 4230 2004 4298 ipsi
2034 4229 2220 4292 fuisse,
2251 4241 2351 4280 nec
2380 4224 2501 4280 fidei
2530 4224 2583 4276 in
2623 4224 2795 4291 ipsum
2826 4229 3146 4282 extraneus;
3170 4219 3278 4270 imo
3310 4233 3441 4271 vero

1905 4332 2044 4370 unus
2077 4330 2140 4368 ex
2190 4314 2257 4366 iis
2313 4311 2404 4381 qui
2437 4325 2557 4364 cum
2614 4308 2799 4376 primis
2846 4305 2986 4357 inter
3012 4319 3294 4373 germanos
3319 4305 3441 4373 ejus

225 4391 387 4483 ⁸τοῦ..
416 4391 559 4476 ’λλλσ
588 4391 924 4487 ἐπιφαίνεται
962 4414 1205 4475 Ἰάκωϐος
1239 4414 1266 4464 ὁ
1289 4409 1620 4481 χρηματίσας
1642 4406 1800 4459 αὑτοῦ

1903 4404 2195 4470 discipulos
2225 4408 2414 4463 erant;
2449 4398 2521 4451 ita
2547 4405 2601 4449 ut
2637 4397 2749 4463 ipse
2771 4393 2973 4461 primus
3004 4391 3441 4462 Hierosolymita-

229 4513 485 4583 ἁδελφὸς
511 4512 613 4563 οὐκ
636 4505 1038 4573 ἀπεξενωμένος
1053 4501 1211 4554 αὐτοῦ
1233 4500 1484 4567 γεγονὼς,
1511 4496 1628 4548 οὐδὲ
1656 4494 1806 4547 ἀλλό-

228 4621 403 4677 τριος
435 4603 541 4671 τῆς
570 4592 649 4662 sit
677 4597 835 4650 αὐτὸν
861 4595 1110 4653 πίστεως,
1134 4586 1213 4653 εἷς
1240 4591 1295 4642 δὲ
1319 4590 1423 4641 τῶν
1456 4586 1657 4677 σφόδρα
1673 4602 1803 4677 γνη-

234 4674 385 4749 σίων
423 4689 596 4744 αύτοῦ
630 4685 899 4759 μαθητῶψ
932 4684 1004 4745 ὡς
1033 4681 1229 4735 καὶτὸν
1260 4680 1441 4749 θρόνον
1458 4674 1807 4738 ἀναδέξασθαι

236 4785 476 4854 πρῶτον
500 4781 602 4849 τῆς
626 4780 687 4829 ὲν
716 4775 1096 4846 Ἱεροσολύμοις
1131 4769 1468 4837 Ἐκκλησίας.
1502 4765 1611 4817 Καὶ
1631 4766 1679 4817 οἱ
1710 4764 1811 4816 λοι-

237 4877 347 4931 ml.
372 4876 429 4928 δὲ
459 4870 627 4926 αὐτοῦ
660 4868 901 4937 ἀδελφοὶ,
940 4867 986 4917 εἰ
1017 4863 1110 4916 καὶ
1138 4860 1206 4916 σιᾰ
1232 4860 1458 4931 μάλιστα
1490 4856 1606 4909 κατ’
1640 4855 1810 4925 ἀρχὰς

238 4968 355 5021 οὐκ
381 4964 670 5018 ἐπίστευον
701 4960 777 5021 είς
809 4956 987 5017 αὑτὸν,
1014 4951 1146 5009 ἀλλά
1176 4949 1305 5020 μετά
1335 4946 1508 4999 ταῦτα
1538 4944 1686 5014 δῆλοί
1708 4948 1812 4997 εἱσι

1904 4509 1985 4547 me
2014 4491 2265 4544 Ecclesia:
2292 4489 2544 4541 thronum
2595 4482 2877 4549 acciperet.
2935 4477 3144 4547 Reliqui
3168 4480 3291 4533 item
3323 4479 3443 4547 ejus

1905 4583 2119 4643 fratres,
2150 4579 2250 4632 etsi
2286 4592 2313 4629 a
2339 4573 2602 4644 principio
2635 4586 2739 4624 nou
2764 4568 3045 4622 crederent
3080 4570 3134 4621 in
3160 4571 3357 4638 ipsum,
3388 4577 3440 4619 at

1905 4681 2108 4728 certum
2158 4676 2239 4723 est
2286 4681 2379 4719 eos
2437 4673 2620 4733 postea
2673 4659 2983 4713 credidisse.
3040 4658 3234 4711 Narrat
3297 4658 3439 4711 enim

1907 4760 2245 4830 Evangelium
2277 4758 2339 4820 “,
2364 4764 2587 4806 matrem
2635 4757 2688 4803 et
2735 4748 2929 4801 fratres
2959 4746 3078 4815 ejus
3129 4748 3273 4801 foras
3327 4754 3440 4801 ste-

1910 4854 2043 4907 tisse
2069 4853 2368 4918 quazrentes
2395 4856 2516 4897 eum
2547 4838 2764 4908 alloqui.
2801 4836 2865 4890 Et
2896 4838 2950 4890 in
2983 4837 3207 4890 Actibus
3232 4842 3444 4903 aposto-

1915 4942 2087 4995 lorum
2121 4937 2163 4968 ¹³
2186 4934 2400 4994 dicitur,
2450 4929 2616 4981 fuisse
2644 4928 2914 4996 apostolos
2950 4940 3056 4977 una
3097 4936 3445 4992 perseveran-

707 5009 924 5116 Ἱστορεῖ
1016 5038 1105 5094 οὖν
1135 5009 1193 5091 τὸ
1225 5034 1567 5101 Εὑαγγέλιον,
1591 5009 1679 5096 ⁷ὡς
1708 5035 1805 5104 ἄρα

1915 5039 1997 5083 tes
2027 5029 2081 5080 in
2108 5023 2349 5080 oratione
2370 5032 2489 5071 cum
2525 5015 2891 5068 Mariamatre
2912 5014 3031 5082 ejus
3074 5020 3129 5064 et
3185 5009 3440 5063 fratribus

241 5101 699 5216 {pegasea-os
729 5138 820 5190 καὶ
840 5101 887 5188 ὸί
915 5130 1123 5199 ἀδελφοὶ
1147 5126 1299 5181 αὑτοῦ
1334 5124 1682 5216 εἱστήκεισαν
1714 5101 1805 5216 ἐξα

1918 5121 2055 5189 ejus.
2105 5115 2206 5181 Qui
2256 5125 2382 5179 ergo
2417 5106 2753 5161 existimetur
2806 5106 2871 5158 iis
2922 5102 3236 5171 peregrinus
3285 5101 3443 5153 esse?

1914 5206 1957 5216 -.
2002 5207 2032 5216 ..
2148 5204 2180 5216 ._
2263 5212 2319 5216 α-
2370 5194 2516 5216 ι--....
2570 5200 2809 5216 -..κη-..-ι
2860 5198 2910 5216 ..ι
2951 5189 3014 5216 An
3066 5187 3129 5216 :h.
3182 5186 3391 5216 Αἱησιιιηι
3423 5202 3437 5215 .

247 5186 985 5305 Eure—35:2;
1012 5186 1192 5305 K.al_év
1216 5216 1331 5305 ταῖς
1347 5186 1595 5305 Πράξεσι
1618 5211 1680 5263 δὲ
1705 5186 1805 5305 τῶν

1914 5186 2103 5261 Nullus
2148 5204 2324 5267 itaque
2370 5194 2519 5247 locus
2569 5200 2809 5259 superest
2860 5198 2918 5241 ut
2949 5189 3015 5241 de
3066 5187 3132 5239 iis
3182 5186 3439 5239 dicatur:

1977 5295 2016 5305 ν-
2250 5303 2267 5305 _
2296 5285 2463 5305 μυ..-
2497 5292 2611 5305 -..ηε
2648 5278 2902 5305 Γ...ο..ει...ι-
2927 5275 3056 5305 Μοῖο
3112 5280 3162 5305 ιη
3202 5270 3439 5305 nm.”an

596 5278 857 5374 λέλεκται,
889 5278 961 5372 ὡς
991 5308 1093 5377 ἄρα
1108 5301 1236 5373 ἦσαν
1259 5300 1306 5351 οἱ
1336 5296 1625 5349 ἀπόστολοι
1654 5301 1805 5368 κοινῇ

1924 5314 1942 5347 ι
1977 5295 2272 5348 Extraneus
2296 5285 2466 5338 faetus
2497 5292 2615 5330 sum
2648 5278 2905 5330 fratribus
2926 5278 3081 5337 meis,
3112 5280 3166 5325 et
3202 5278 3443 5340 peregri-

250 5365 1007 5475 ζτάντεςνπροσκαρτερόῦντες
1029 5365 1095 5462 τῇ
1129 5365 1389 5460 προσευχῇ
1438 5384 1531 5436 σὺν
1564 5365 1805 5455 Μαριὰρ

1921 5401 2021 5439 nus
2053 5383 2174 5435 filiis
2207 5374 2389 5429 matris
2428 5381 2575 5420 meae.
2612 5384 2630 5415 ι
2673 5365 2792 5419 Non
2834 5366 2974 5419 enim
3007 5365 3071 5417 iis
3107 5365 3446 5429 peregrinus,

328 5523 349 5553 ³
390 5515 587 5571 Matth.
628 5524 795 5569 nm,
833 5506 1007 5559 40-45.
1079 5504 1097 5535 ’
1131 5498 1260 5552 Psal.
1306 5508 1430 5554 nl,
1471 5496 1557 5549 23.
1648 5495 1698 5525 "
1742 5493 1805 5548 Jo

1901 5544 1902 5548 η
1944 5511 2034 5557 xx,
2075 5493 2158 5544 l7.

255 5590 350 5644 47.
434 5586 479 5618 ³³
521 5586 641 5635 Act.
680 5595 717 5643 ι,
762 5577 845 5629 14.

337 5678 414 5747 (1)
447 5674 651 5727 Testes
672 5668 901 5719 vitiatus.

2244 5490 2282 5517 ιι
2326 5477 2504 5537 Matth.
2558 5490 2678 5540 xm,
2738 5474 2917 5531 εει-56.
3031 5473 3073 5503 ι’
3113 5468 3299 5521 Μειιιιι-
3341 5483 3446 5536 n2.
