3796 6352
109 334 283 505 β

86 460 261 505 1,,

1436 378 1930 435 COMMENTARIA

325 430 371 484 δῖ
403 440 642 521 dvenam

364 660 379 686 ’
419 636 548 743 λχσλ,
606 650 892 739 ἐγενήθη
960 636 1045 736 είς
1099 636 1619 743 ὀνειδισμοὺςιέμοί.
1660 692 1677 724 ι
1708 636 1866 724 ⁸’ὖτε

161 731 637 856 Ψῖῄςίινωῗῖδὲῗῖννῑ
683 731 901 825 ἐώῥων
958 731 1051 816 τὸν
1099 765 1186 816 σὸν
1228 731 1369 816 οἷκον
1407 731 1593 832 ’πάσης
1634 763 1735 832 πλη
1745 762 1866 830 ρ⁰ύ“

223 823 423 934 :9qu
465 823 741 934 ἀνομίιις,
771 823 880 899 ᾖα),
920 854 1054 904 ποτὲ
1087 854 1180 922 μὲν
1206 853 1510 921 γιγνόμενον
1538 823 1679 904 δίκον
1710 823 1869 919 ἐμπο-

268 933 419 1014 ςκθυς
445 921 582 974 “ME
608 926 669 979 δὲ
688 937 976 1005 σπήλαιον
1000 921 1221 1012 λῃστῶν,
1255 940 1583 1011 πυρούμενος
1607 940 1707 991 ὑπὸ
1726 939 1865 990 θείου

290 1022 481 1099 ςὴλου,
505 1015 744 1088 ἢλαυνον
778 1030 913 1091 τοὺς
944 1032 1086 1083 ἔνδον
1116 1032 1570 1101 παρανομοῦντας·
1610 1030 1741 1082 ἀλλὰ
1774 1031 1866 1081 καὶ

298 1121 389 1173 ὅτε
440 1112 564 1177 ταῖς
602 1113 817 1170 ἑαυτῶν
842 1120 1123 1189 ἀθεμίτοις
1168 1122 1421 1191 πράξεσιν
1463 1121 1658 1182 ὕνειδος
1706 1137 1860 1189 περι-

304 1207 482 1281 ῆπτόν
500 1224 580 1260 σοι
592 1206 669 1277 τῷ
688 1207 829 1277 Θεῷ,
847 1205 909 1262 οὗ
925 1210 1019 1281 τὴν
1035 1212 1332 1263 θεοσέϐειαν
1344 1211 1741 1280 ἐπηγγέλλοντο,
1763 1210 1865 1261 πά-

292 1300 386 1353 λιν
421 1301 503 1362 είς
545 1298 733 1351 ἑαυτὸν
796 1300 1184 1370 ἀναλαμϐάνων
1226 1302 1348 1363 τοὺς
1386 1301 1647 1363 τοιούτους
1683 1299 1864 1351 ὀνειδι-

284 1390 505 1458 σμοὺς,
521 1387 911 1458 ἠναγκαζόμην
928 1390 1200 1459 παρρησίᾳ
1214 1389 1461 1457 χρῆσθαι,
1482 1389 1702 1441 καὶτοὺς
1717 1388 1862 1455 ἐλέγ-

275 1497 434 1549 χους
465 1481 657 1541 αὐτοῖς
689 1478 1089 1548 θεραπευτικῶς
1122 1479 1457 1549 προσφέρειν·
1493 1480 1578 1530 ὅτε
1598 1478 1652 1529 δέ
1681 1477 1860 1546 ἐώρων

275 1570 657 1637 ἀναισθήτως
688 1568 881 1628 αὐτοὺς
900 1566 1134 1634 ἔχοντας,
1158 1568 1247 1619 καὶ
1281 1568 1352 1636 μὴ
1379 1568 1860 1637 ἐπιστρεφομένους

262 1659 429 1720 τοὺς
464 1658 641 1726 ἐμοὺς
668 1657 944 1725 ἐλέγχους,
986 1656 1400 1724 ἀποκλαιόμενος
1428 1656 1602 1708 αὐτῶν
1636 1656 1731 1726 τὴν
1755 1658 1858 1708 άπ-

258 1748 527 1809 ώλειαν,
569 1748 855 1816 ἐνήστευον
886 1747 975 1797 καὶ
998 1746 1317 1798 κατεπόνουν
1350 1748 1576 1815 ἐμαυτὸν
1593 1747 1728 1816 ὑπὲρ
1762 1748 1858 1799 αὐ-

256 1836 429 1889 τῶν.
466 1806 533 1889 Οί
566 1835 626 1887 δὲ
653 1806 755 1887 ’καὶ
786 1834 955 1896 οὕτως
987 1833 1249 1896 ὠνείδιζόν
1293 1806 1741 1904 μοι-διασύροντες
1769 1836 1859 1887 καὶ
1889 1806 1930 1858 Β

254 1925 665 1996 χλευάζοντες
683 1924 777 1994 τὴν
804 1925 940 1993 ἐμὴν
970 1923 1233 1992 νηστείαν.
1256 1924 1575 1993 Βουλόμενος
1597 1926 1651 1977 δὲ
1682 1926 1858 1987 αὐτοῖς

253 2011 677 2083 ὑπογραμμὸν
712 2010 994 2081 μετανοίας
1016 2010 1297 2072 δεικνύναι,
1323 2011 1381 2061 οὐ
1419 2011 1573 2079 μόνον
1591 2011 1858 2077 νηστείαις

250 2103 542 2174 ἐμαυτὸν
576 2101 923 2162 κατεπόνουν,
953 2098 1084 2151 ἀλλὰ
1115 2099 1203 2151 καὶ
1237 2099 1296 2150 τὸ
1315 2098 1511 2168 ένδυμά
1539 2117 1636 2167 μου
1662 2099 1857 2151 σάκκον

250 2192 635 2261 ἐποιούμην,
668 2190 910 2252 κολάζων
941 2189 1030 2240 καὶ
1069 2187 1464 2257 τιμωρούμενος
1494 2188 1588 2257 τὴν
1624 2187 1855 2257 ἐμαυτοῦ

250 2283 505 2352 σάρκα,
538 2280 694 2349 αὐτῷ
714 2297 773 2332 τε
800 2279 941 2349 ἔργῳ
971 2278 1165 2349 τρόπον
1188 2276 1613 2346 ἐξομολογήσεως
1630 2278 1721 2331 καὶ
1752 2278 1855 2331 τῶν

248 2372 591 2443 προτέρων
639 2368 1047 2439 ἁμαρτημάτων
1084 2367 1394 2435 καθάρσεως
1440 2368 1739 2429 ἐπιδεικνὺς
1764 2368 1858 2419 αύ-

247 2466 429 2525 τςῖς.
469 2463 535 2513 υἱ
570 2462 630 2513 δὲ
653 2459 747 2512 καὶ
778 2459 943 2511 ταῦτα
961 2458 1218 2525 γελῶντες
1238 2458 1355 2510 ἀντὶ
1376 2459 1683 2529 παραϐολῆς
1703 2476 1767 2528 με
1783 2454 1857 2511 εἷ-

247 2569 407 2622 χον,
445 2550 839 2619 συνερχόμενοι
874 2548 970 2617 μὲν
995 2548 1108 2616 ἃμα
1137 2549 1228 2601 καὶ
1259 2548 1390 2619 πρὸς
1403 2552 1518 2611 ταῖς
1534 2549 1733 2602 ἑαυτῶν
1752 2547 1855 2602 πύ-

249 2643 413 2703 λαις
448 2639 831 2707 καθεζόμενοι,
866 2639 1040 2690 πᾶσαν
1061 2637 1115 2688 δὲ
1137 2638 1232 2706 τὴν
1261 2638 1463 2690 ἑαυτῶν
1493 2638 1701 2707 ὁμιλίαν
1731 2639 1856 2711 περὶ

250 2730 431 2801 ἐμοῦ
462 2728 817 2797 ποιούμενοι,
862 2726 955 2779 καὶ
989 2727 1262 2796 μονονουχὶ
1293 2727 1693 2796 άδολεσχοῦντες
1724 2730 1855 2799 πρὸς

250 2821 567 2890 ἀλλήλους
604 2820 663 2869 ἐν
691 2820 757 2887 τῇ
781 2817 897 2869 κατ’
919 2816 1049 2886 ἐμοῦ
1078 2817 1255 2887 χλεύῃ.
1292 2818 1401 2870 Ούκ
1420 2818 1651 2888 ἀπήρκει
1678 2820 1731 2872 δὲ
1760 2820 1855 2871 αύ-

250 2914 401 2972 τοῖς
446 2904 734 2977 διασύρειν
765 2906 857 2958 καὶ
901 2904 1175 2974 χλευάζειν
1216 2906 1310 2966 τὰς
1340 2905 1475 2975 ἐμὰς
1504 2908 1639 2978 ὑπὲρ
1679 2909 1852 2961 αὐτῶν

252 3001 563 3069 ἀσκήσεις
584 3037 600 3059 ,
640 2995 775 3048 άλλά
807 2996 900 3047 καὶ
934 2994 1205 3063 συμπόσια
1242 2996 1684 3065 συγκροτοῦντες.,
1716 2999 1852 3068 ᾠδὰς

253 3092 379 3143 καὶ
412 3090 648 3160 ᾅσματα
677 3089 756 3149 είς
780 3086 877 3155 ἐμὲ
899 3084 1168 3153 διεξῄεσαν
1186 3085 1615 3153 οίωφλυγοῦντες
1639 3088 1730 3140 κα)⁸
1760 3106 1852 3157 με·
1877 3120 1920 3178 C

257 3179 632 3247 θυσκόμενοι
659 3178 717 3228 ἐν
743 3177 860 3236 ταῖς
889 3175 1009 3236 κατ’¹
1033 3172 1164 3242 ἐμοῦ
1184 3173 1500 3242 παροινίαις.
1535 3176 1647 3244 Ἐφ’
1677 3172 1755 3240 οἷς
1773 3178 1850 3231 ἔτι

258 3270 498 3342 μᾶλλον
527 3266 645 3334 ἐγὼ
676 3266 1065 3319 συνεκάλυπτον
1098 3265 1154 3315 ἐν
1185 3264 1402 3334 νηστείᾳ
1424 3266 1519 3335 τὴν
1541 3265 1713 3337 ψυχήν
1738 3286 1857 3338 μου,

255 3362 381 3415 καὶ
421 3358 695 3427 ἐτιθέμην
722 3356 784 3407 τὸ
819 3355 1017 3424 ἔνδυμά
1048 3371 1144 3423 μου
1179 3354 1397 3415 σάκκον,
1426 3355 1521 3424 τὴν
1556 3357 1730 3409 αὐτῶν
1752 3359 1859 3410 ἀπ-

253 3451 495 3503 ώλειαν
530 3445 977 3513 άωκλαιὸμενος.
1002 3444 1091 3496 Διὸ
1126 3442 1261 3495 κατὰ
1281 3443 1371 3496 τὸν
1387 3443 1608 3497 Ἀκύλαν
1624 3445 1855 3516 εἴρηται’

263 3561 284 3591 ι
341 3540 474 3593 Καὶ
520 3536 769 3589 ἔκλαυσα
790 3535 845 3585 ἐν
885 3534 1103 3603 νηστείᾳ
1132 3532 1304 3601 ψυχήν
1349 3549 1446 3601 μου
1466 3572 1481 3596 ,
1512 3534 1604 3587 καὶ
1632 3533 1857 3606 ἐγενήθη

255 3634 361 3696 εἰς
392 3626 747 3697 ὀνειδισμοὺς
773 3625 912 3694 ἐμοί.
933 3625 1040 3675 Καὶ
1064 3622 1257 3675 ἔδωκεν
1280 3622 1483 3675 ἐνδυσίν
1512 3640 1609 3692 μου
1635 3625 1853 3687 σάκκον,

256 3722 383 3774 καὶ
423 3717 705 3786 ἐγενόμην
726 3715 907 3775 αὐτοῖς
930 3714 1008 3775 είς
1025 3712 1350 3781 παραϐολήν.
1390 3713 1632 3781 Ὣμίλουν
1653 3714 1710 3764 ἐν
1738 3714 1859 3782 ἐμοὶ

257 3812 604 3879 καθήμενοι
637 3804 841 3874 πύλην·
907 3804 998 3856 καὶ
1030 3802 1227 3871 ψαλμοὶ
1264 3802 1515 3854 πινόντων
1535 3802 1795 3871 μέθυσμα.
1835 3821 1852 3853 ι

258 3897 436 3952 κατὰ
465 3897 525 3948 δὲ
557 3893 651 3947 τὸν
675 3890 980 3960 Σύμμαχον·
1016 3908 1033 3939 ι
1073 3890 1181 3941 Καὶ
1207 3888 1418 3942 κλάοντι
1453 3888 1588 3957 μετὰ
1614 3889 1860 3957 νηστείας

260 3989 390 4056 τὴν
424 3984 612 4053 ψυχήν
646 3998 746 4051 μου
777 3980 986 4045 ἐγένετο
1018 3980 1095 4040 εις
1124 3978 1315 4040 ὄνειδος
1349 3979 1487 4047 ἐμοί.
1516 3978 1623 4030 Καὶ
1650 3977 1859 4030 τάσσων

260 4080 340 4131 τὸ
374 4077 500 4129 ἐνδυ
508 4075 589 4144 μά
612 4090 716 4143 μου
748 4071 965 4133 σάκκον,
989 4072 1079 4122 καὶ
1101 4070 1358 4138 ἐγενόμην
1384 4069 1560 4130 αὐτοῖς
1580 4071 1656 4130 είς
1688 4086 1860 4138 παρα-

264 4168 481 4235 ϐολήν.
518 4161 820 4233 Διηγοῢντό
852 4178 916 4230 με
961 4159 1250 4228 καθήμενοι
1281 4161 1335 4211 ἐν
1367 4160 1503 4228 πύλῃ
1523 4199 1537 4221 ,
1571 4160 1662 4212 καὶ
1702 4157 1860 4226 ἔψαλ-

264 4256 387 4308 λὸν
419 4270 489 4322 με
551 4252 600 4304 οί
646 4249 890 4310 πίνοντες
931 4248 1200 4317 μέθυσμα.
1244 4247 1262 4299 i
1314 4247 1467 4299 Ἀλλὰ
1502 4248 1706 4309 τούτοις
1739 4264 1861 4300 συν-

268 4339 554 4402 εξετάσαι
584 4336 897 4401 ἀναγκαῖον,
930 4334 1042 4396 πῶς
1059 4334 1263 4403 εἴρηται
1296 4334 1399 4385 ύπδ
1412 4335 1502 4386 τοῦ
1534 4335 1776 4405 Σωτῆρος
1801 4336 1860 4388 ὲν

1968 380 2033 434 ΙΝ
2070 380 2403 439 PSALMOS.
3403 393 3502 447 742

264 415 304 471 ’t

110 479 261 605 γ
406 479 768 593 ”1ἒ’⁷”δισμοὶ
804 489 946 547 τῶν
990 496 1347 559 ὀνειδιζόντων
1396 514 1455 549 σε
1488 496 1751 550 ἐπέπεσαν
1783 495 1863 547 ἐπ’

202 514 319 619 1/
324 561 337 574 ’
496 549 565 603 αἱ
643 580 1053 619 συνεγάδωλ.
1130 586 1184 619 ε..
1257 586 1470 619 ...κριθείη
1539 584 1635 619 ηδ...
1694 584 1863 619 metu

1967 511 2107 549 mam
2162 513 2355 563 meam,
2397 507 2449 552 et
2478 497 2672 553 factum
2711 500 2869 557 estin
2899 502 3237 570 opprobrium
3289 504 3437 558 mihi.
3475 526 3494 556 ι

1966 585 2097 619 Dum
2150 585 2319 619 ἱππ-..ει
2358 588 2571 619 rlnmum
2612 597 2756 619 om...“
2784 590 3016 619 ..ιλιι-ιη...-
3054 593 3192 619 “un:
3224 593 3494 619 :..:....:.-...

133 514 337 698 φ.
428 514 768 615 Καὶ-*ἔνι
804 514 946 547 των
990 514 1347 559 ονειοιζοντων
1396 514 1455 549 σε
1488 514 1751 550 επεπεσαν
1783 514 1853 547 επ

685 581 1057 654 υνεκάλυψα
1129 586 1184 636 ἐν
1257 586 1474 655 νηστείᾳ
1539 584 1635 653 τὴν
1694 584 1863 652 ψυχήν

133 638 158 684 λ·
236 631 379 698 Αθν
426 636 538 693 χαλ
606 650 885 698 ὲνβυάη..
962 676 1045 698 -ι-
1103 674 1427 698 x..--x~--..-s.-
1482 674 1599 698 1..-:
1660 692 1674 698 _
1741 675 1863 698 νη--

1967 514 2107 549 mam
2162 514 2355 563 meam,
2397 514 2449 552 et
2478 514 2672 553 tacwm
2711 514 2794 557 est
2814 516 2869 554 In
2899 514 3237 570 oppronrtum
3289 514 3437 558 mihi.
3475 526 3494 556 ι

1966 585 2121 649 Cum,
2150 585 2571 656 inquit,domum
2612 597 2756 643 tuam
2784 590 3019 644 viderem
3052 593 3195 646 omni
3224 593 3501 662 iniquitate

1965 677 2217 698 _‘_I-I--_
2272 679 2492 698 -..ΑΔ-1-
2538 679 2740 698 ΔΑμ-Αμ-
2782 682 3034 698 _,-As.'._'
3114 683 3125 694 ο
3300 684 3315 698 1

1965 677 2244 744 repletam,
2265 687 2317 730 et
2341 679 2499 732 modo
2530 679 2748 731 domum
2782 682 3178 749 negotiationis,
3197 684 3352 737 modo
3382 700 3503 751 spe-

1965 764 2176 819 luncam
2210 768 2476 821 latronum
2525 769 2787 832 effectam,
2832 771 3015 824 divino
3055 772 3310 828 incensus
3363 775 3495 836 zelo,

1964 867 2056 907 eos
2100 857 2192 923 qui
2239 857 2382 910 intus
2418 857 2754 925 iniquitatem
2790 861 3153 927 operabantur
3200 863 3352 930 ejeci.
3391 864 3499 915 lmo

1962 944 2120 997 etiam
2162 961 2283 998 cum
2313 946 2535 1002 nefariis
2567 950 2730 1018 gestis
2756 952 2868 1003 suis
2897 952 3240 1018 opprobrium
3270 955 3365 1007 tibi
3392 954 3500 1007 Deo

1962 1034 2238 1102 inferrent,
2261 1053 2384 1106 erga
2414 1053 2569 1106 quem
2611 1046 2788 1091 tamen
2822 1040 3134 1107 religionem
3170 1041 3499 1108 proﬁteban-

1960 1133 2066 1187 tur,
2102 1125 2156 1177 in
2188 1140 2270 1177 me
2295 1140 2509 1178 rursum
2538 1126 2822 1194 opprobria
2859 1126 3165 1193 hujusmodi
3213 1130 3498 1196 recipiens,

1958 1216 2283 1270 necessitate
2310 1216 2643 1283 compulsus,
2678 1217 3044 1283 correptiones
3075 1218 3206 1285 ipsis
3231 1220 3295 1272 ad
3328 1234 3501 1273 reme-

1958 1304 2103 1356 dium
2146 1305 2511 1358 admovebam.
2563 1305 2632 1357 Ut
2685 1306 2930 1359 videbam
2990 1315 3165 1360 autem
3199 1310 3319 1363 illos
3353 1311 3499 1363 nullo

1958 1408 2118 1448 sensu
2162 1394 2385 1456 moveri,
2414 1409 2585 1463 neque
2618 1395 2934 1462 resipiscere
2976 1412 3040 1450 ex
3086 1399 3500 1465 reprehensione

1957 1496 2093 1543 mea,
2116 1496 2299 1534 eorum
2334 1484 2622 1549 perniciem
2649 1483 2933 1550 deplorans
2960 1483 3286 1551 jejunabam,
3309 1503 3501 1556 meque

1957 1570 2166 1623 illorum
2194 1584 2355 1622 causa
2381 1569 2738 1622 macerabam.
2755 1570 2832 1623 llli
2861 1579 3035 1623 autem
3063 1578 3192 1624 tunc
3217 1573 3375 1625 etiam
3398 1589 3495 1627 ex-

1955 1658 2287 1725 probrabant
2308 1657 2460 1719 mihi,
2481 1665 2532 1710 et
2557 1656 2817 1724 jejunium
2841 1673 3015 1710 meum
3034 1658 3268 1726 profusis
3281 1661 3502 1713 cachin-

1953 1745 2041 1798 nis
2069 1744 2383 1798 irridebant.
2412 1744 2545 1798 Cum
2586 1746 2774 1799 vellem
2809 1760 2970 1814 porro
3001 1750 3300 1816 exemplum
3328 1751 3500 1818 paeni-

1959 1834 2136 1886 tentiae
2166 1833 2299 1901 ipsis
2330 1848 2650 1902 proponere,
2692 1850 2798 1887 non
2829 1836 2986 1890 modo
3016 1836 3240 1905 jejuniis
3270 1853 3354 1892 me
3384 1852 3498 1891 ma-

1957 1923 2224 1987 cerabam,
2261 1922 2352 1976 sed
2385 1923 2545 1976 etiam
2587 1939 2684 1991 pro
2729 1925 3050 1979 vestimento
3084 1927 3346 1994 ponebam
3376 1930 3499 1981 cili-

1958 2012 2120 2076 cium,
2145 2023 2359 2066 carnem
2417 2028 2586 2065 meam
2646 2015 2917 2083 castigans
2957 2024 3011 2068 et
3051 2018 3301 2085 puniens,
3336 2027 3499 2087 atque

1958 2103 2074 2172 ipso
2122 2118 2282 2171 opere
2326 2103 2539 2157 modum
2574 2104 2930 2159 confessionis
2957 2115 3116 2175 atque
3166 2110 3499 2176 purgationis

1956 2182 2306 2259 pristinorum
2332 2200 2671 2261 peccatorum
2700 2193 2833 2261 ipsis
2868 2198 3385 2252 commonstrabam.
3420 2198 3498 2253 Illi

1956 2298 2081 2336 vero
2126 2283 2238 2336 haec
2280 2298 2493 2351 quoque
2523 2282 2829 2337 deridentes
2850 2299 2947 2353 pro
2986 2286 3237 2353 parabola
3276 2303 3361 2341 me
3401 2289 3497 2341 ha-

1954 2374 2205 2435 buerunt,
2234 2374 2393 2427 simul
2420 2375 2822 2438 convenientes,
2850 2383 2902 2429 et
2943 2376 3009 2429 ad
3041 2385 3222 2444 portas
3253 2391 3381 2430 suas
3410 2394 3498 2432 se—

1954 2462 2161 2527 dentes,
2192 2463 2257 2517 de
2287 2479 2370 2517 me
2415 2479 2519 2516 una
2572 2463 2836 2532 colloquia
2882 2464 3191 2529 miscentes,
3218 2483 3281 2521 ac
3310 2476 3496 2520 mutuo

1953 2565 2125 2619 nugas
2164 2559 2477 2619 spa‘rgentcs
2513 2551 2640 2605 dum
2684 2566 2767 2604 me
2818 2551 3130 2609 irriderent.
3190 2554 3374 2624 Neque
3412 2562 3498 2611 sat

1952 2640 2060 2693 illis
2091 2638 2189 2691 fuit
2217 2640 2361 2708 quod
2398 2656 2483 2695 me
2514 2642 2847 2704 deluderent,
2878 2651 3038 2711 atque
3072 2644 3139 2697 ob
3163 2660 3279 2698 mea
3309 2661 3405 2713 pro
3434 2646 3498 2698 il-

1952 2730 2019 2783 lis
2046 2736 2295 2797 suscepta
2327 2730 2583 2783 exercitia
2616 2731 2903 2783 ridiculum
2938 2742 3187 2801 agerent;
3212 2732 3305 2787 sed
3334 2733 3495 2786 etiam

1953 2819 2201 2872 convivia
2232 2826 2475 2887 agentes,
2505 2820 2802 2875 cantilenas
2828 2821 2953 2873 vino
2986 2822 3125 2889 capti
3161 2829 3214 2874 et
3260 2822 3416 2883 ebrii,
3443 2821 3494 2873 in

1952 2923 2037 2961 me
2062 2908 2455 2962 debacchantes
2479 2907 2727 2961 edebant.
2765 2908 2879 2973 Qua
2917 2907 2982 2963 de
3019 2923 3179 2962 causa
3200 2924 3298 2978 ego
3330 2909 3499 2961 multo

1952 2998 2124 3065 magis
2146 2997 2451 3065 operiebam
2487 2997 2540 3049 in
2568 2997 2772 3065 jejunio
2820 2997 3052 3051 animam
3084 3013 3274 3060 meam,
3310 3006 3361 3052 et
3398 3012 3497 3066 po-

1954 3087 2141 3138 ncbam
2167 3086 2541 3139 vestimentum
2585 3101 2761 3139 meum
2790 3086 3048 3147 cilicium,
3083 3086 3303 3139 exitium
3354 3087 3499 3153 ipso-

1957 3190 2074 3227 rum
2097 3176 2400 3243 deplorans.
2432 3175 2625 3239 Quare,
2645 3174 2939 3229 secundum
2970 3175 3235 3243 Aquilam,
3260 3175 3455 3228 dicitur

1963 3282 1980 3314 ι
2021 3264 2086 3318 Et
2124 3265 2326 3333 ploravi
2379 3266 2433 3318 in
2460 3265 2667 3333 jejunio
2694 3267 2925 3318 animam
2976 3280 3169 3329 meam,
3196 3274 3249 3318 et
3292 3265 3492 3319 factum

1958 3358 2040 3405 est
2073 3353 2127 3405 in
2152 3352 2440 3421 opprobria
2468 3351 2619 3404 mihi.
2651 3350 2716 3403 Et
2744 3351 2890 3404 dedit
2912 3352 3288 3406 vestimentum
3315 3339 3490 3405 meum

1959 3450 2267 3504 saccum,et
2296 3441 2473 3495 factus
2503 3456 2619 3495 sum
2650 3441 2758 3494 illis
2779 3441 2829 3492 in
2861 3441 3187 3509 parabolam.
3219 3441 3497 3510 Colloqua-

1959 3531 2155 3584 bantur
2198 3531 2251 3583 in
2293 3546 2377 3585 me
2409 3531 2655 3584 sedentes
2683 3530 2747 3583 ad
2798 3538 3005 3599 portam
3052 3549 3065 3584 :
3106 3537 3159 3583 et
3189 3531 3379 3598 psalmi
3414 3530 3468 3583 bi

1958 3621 2193 3676 bentium
2225 3622 2570 3686 ebrietatem;
2608 3640 2625 3671 ›
2659 3620 2953 3676 secundum
2991 3619 3369 3690 Symmachum
3397 3635 3494 3673 au-

1958 3719 2064 3764 tem
2095 3730 2108 3765 :
2149 3729 2165 3760 ι
2205 3710 2270 3762 Et
2309 3711 2539 3779 ploranti
2570 3717 2690 3779 post
2709 3710 2914 3778 jejunia
2940 3709 3171 3762 animam
3197 3726 3388 3770 meam,
3420 3708 3498 3762 fa-

1958 3813 2100 3855 ctum
2146 3810 2229 3856 est
2250 3802 2303 3855 in
2335 3800 2679 3870 opprobrium
2714 3799 2943 3852 mibi.Et
2977 3815 3181 3868 ponens
3215 3800 3497 3851 indumen-

1957 3900 2067 3943 tum
2098 3906 2271 3944 meum
2304 3906 2541 3953 saccum,
2573 3897 2626 3943 et
2660 3889 2836 3944 factus
2876 3905 2994 3943 sum
3036 3889 3142 3943 illis
3187 3890 3240 3941 in
3270 3889 3495 3957 parabo-

1957 3979 2084 4033 lam.
2113 3978 2448 4031 Enarrabant
2491 3994 2575 4032 me
2599 3978 2845 4032 sedentes
2887 3978 2940 4030 in
2993 3984 3167 4044 porta,
3204 3985 3256 4030 et
3290 3977 3455 4044 psalle

1957 4069 2086 4122 baut
2110 4083 2193 4122 me
2213 4069 2457 4123 bibentes
2487 4069 2817 4122 ebrietatem.
2851 4085 2869 4117 ›
2898 4065 2963 4117 At
2993 4065 3183 4118 horum
3215 4066 3496 4120 occasione

1956 4156 2357 4225 disquirendum
2387 4166 2490 4220 est,
2522 4172 2619 4210 cur
2645 4172 2672 4208 a
2701 4155 2984 4210 Servatore
3008 4153 3211 4206 dictum
3245 4154 3297 4206 in
3326 4152 3471 4205 Evan

1955 4248 2093 4315 gelio
2125 4246 2284 4300 fuerit
2319 4265 2331 4301 :
2367 4265 2385 4298 ι
2428 4247 2585 4301 Venit
2634 4248 2868 4302 Joannes
2921 4258 3095 4311 neque
3143 4242 3495 4302 manducans,

1959 4351 2131 4403 neque
2170 4336 2378 4399 bibens,
2413 4343 2467 4389 et
2495 4336 2720 4389 dicunt:
2755 4332 3083 4387 Daemonium
3132 4330 3309 4382 habet.
3340 4318 3497 4381 Venit

270 4422 681 4493 Εὐαγγελίοιςο
722 4439 741 4471 ι
772 4416 971 4471 ’Ἦλθεν
1026 4418 1268 4488 Ἰωάννης
1316 4422 1447 4489 μήτε
1490 4419 1678 4471 ἐσθίων
1721 4420 1854 4489 μήτε

1958 4425 2123 4479 Filius
2162 4425 2395 4479 hominis
2440 4426 2769 4479 manducans
2816 4430 2869 4476 et
2916 4421 3127 4480 bibens,
3158 4429 3210 4473 et
3260 4417 3493 4471 dicunt:

276 4515 499 4575 πίνων,
542 4511 640 4565 καὶ
667 4510 930 4575 λέγουσιν’
975 4508 1253 4578 Δαιμόνιον
1287 4510 1413 4579 ἔχει.
1439 4506 1637 4561 Ἦλθεν
1672 4512 1701 4563 ό
1731 4510 1856 4573 Υἱὸς

275 4603 395 4656 τοῦ
423 4599 720 4670 ἀνθρώπου
747 4596 935 4648 ἐσθίων
964 4597 1053 4648 καὶ
1085 4596 1269 4659 πίνων,
1303 4598 1393 4649 καὶ
1428 4597 1688 4664 λέγουσιν’
1728 4598 1857 4651 Ἰδοὺ

282 4693 596 4762 ἄνθρωπος
633 4688 803 4756 φάγος
830 4687 922 4738 καὶ
953 4686 1227 4762 οἰνοπότης
1249 4725 1263 4750 ,
1306 4686 1545 4739 τελωνῶν
1577 4687 1724 4755 φίλος
1768 4689 1860 4741 καὶ

287 4760 675 4851 ἁμαρτωλῶν.
702 4796 720 4827 ι
750 4775 887 4827 Ἀλλ’
904 4777 1045 4844 ἐρεῖς
1060 4760 1227 4827 ταῦτα
1251 4778 1365 4827 κατ’
1386 4776 1555 4845 ἀρχὰς
1578 4775 1670 4829 τοῦ
1686 4778 1861 4846 Εὐαγ..

290 4873 489 4941 γελίου
538 4865 841 4936 γίγνεσθαι,
876 4865 964 4916 ὅτε
990 4863 1076 4915 διὰ
1104 4864 1164 4915 τὸ
1199 4864 1270 4934 μή
1300 4864 1570 4933 νηστεύειν
1600 4868 1723 4929 τοὺς
1762 4885 1864 4937 μα-

294 4962 476 5031 θητάς
498 4957 691 5019 αὐτοῦ,
722 4955 818 5025 τὴν
843 4954 982 5023 ὑπὲρ
1008 4954 1179 5006 αὐτῶν
1206 4953 1490 5020 ἀπολογίαν
1532 4954 1863 5024 ποιούμενος,

297 5053 546 5118 ἔφασκεν
568 5066 580 5077 ·
609 5066 628 5097 σ
640 5046 712 5098 υύ
726 5044 974 5097 δύνανται
989 5045 1035 5094 οί
1056 5042 1158 5094 υίοὶ
1170 5042 1259 5093 τοῦ
1275 5042 1554 5110 νυμφῶνος
1568 5043 1863 5111 νηστεύειν,

300 5139 392 5206 ἐφ’
423 5142 547 5191 ὅσον
580 5137 698 5205 μετ’
725 5134 906 5185 αὐτῶν
930 5134 1072 5182 ἐστιν
1104 5132 1131 5183 ὁ
1157 5130 1381 5200 νυμφίος
1400 5145 1414 5159 ·
1441 5129 1730 5199 ἀρθήσεται
1767 5135 1859 5185 ἀπ’

302 5229 485 5282 αὐτῶν
529 5227 559 5279 ό
597 5222 853 5293 νυμφίος,
904 5217 996 5269 καὶ
1031 5219 1147 5270 τότε
1198 5214 1584 5287 νηστεύσουσιν.
1620 5236 1639 5268 ι
1704 5220 1864 5292 Ὁρᾷς

299 5318 424 5395 γὰρ,
455 5320 534 5382 ὡς
575 5316 670 5369 καὶ
706 5307 875 5366 αὐτὸς
906 5305 1164 5395 ἠπίστατο
1199 5307 1285 5357 τὸν
1321 5305 1418 5371 τῆς
1447 5306 1704 5395 Δνηςξττείσις
1741 5328 1865 5363 και-

294 5392 409 5481 prin;
436 5414 501 5467 Εί
519 5407 706 5462 τοίνυν
728 5397 822 5449 τὸν
851 5392 1039 5462 καιρὸν
1066 5397 1154 5447 τοῦ
1176 5395 1376 5453 πάθους
1399 5392 1557 5445 αὐτοῦ
1580 5398 1867 5461 συνεξετά-

276 5507 427 5572 σςιας
457 5504 577 5564 τοῖς
605 5488 755 5566 μετὰ
785 5484 981 5553 χεῖρας
1004 5486 1389 5554 προκειμένοις,
1424 5480 1592 5552 εὕροις
1614 5485 1681 5539 ἂν
1711 5488 1865 5554 ὅπως

338 5692 376 5726 ,ι
409 5673 615 5741 nam),
675 5676 761 5723 ιι,
820 5654 914 5717 18,
960 5655 1041 5709 19.
1117 5659 1158 5689 ³⁸
1196 5653 1381 5708 Matth.
1428 5668 1502 5719 ιι,
1546 5657 1628 5712 l5.

1957 4515 2094 4569 Ecce
2123 4515 2283 4567 homo
2308 4529 2469 4567 vorax
2508 4521 2560 4567 et
2598 4520 2810 4581 potator
2838 4510 2968 4572 vini,
3002 4508 3411 4577 publicanorum
3444 4512 3498 4560 et

1960 4611 2298 4672 peccatorum
2339 4606 2545 4656 amicus
2565 4603 2630 4653 ".
2660 4621 2677 4652 ›
2708 4601 2810 4654 Sed
2840 4600 2989 4653 dicas
3016 4598 3129 4650 haec
3154 4596 3306 4650 initio
3327 4594 3499 4647 Evan-

1962 4689 2082 4757 gelii
2105 4689 2245 4743 facta
2274 4704 2413 4751 esse,
2442 4686 2656 4757 quando
2682 4703 2747 4741 eo
2768 4686 2911 4755 quod
2943 4685 3194 4753 discipuli
3228 4683 3345 4750 ejus
3390 4695 3496 4734 non

1959 4779 2291 4849 jejunarent,
2340 4794 2438 4848 pro
2474 4779 2628 4847 ipsis,
2660 4778 2869 4845 objecta
2899 4775 3172 4843 depellens
3192 4814 3207 4836 ,
3234 4775 3446 4828 dicebat
3480 4792 3494 4827 :

1970 4887 1988 4919 ι
2049 4867 2166 4922 Non
2217 4875 2441 4938 possunt
2497 4866 2588 4919 lilii
2642 4865 2860 4918 thalami
2912 4863 3185 4930 sponsalis
3226 4863 3495 4929 jejunare,

1964 4957 2196 5026 quandiu
2235 4972 2354 5009 cum
2410 4956 2515 5009 illis
2562 4964 2641 5008 est
2689 4967 2957 5021 sponsus:
2996 4950 3270 5003 auferetur
3304 4951 3371 5001 ab
3421 4948 3499 5000 eis

1966 5062 2220 5116 Sponsus,
2252 5053 2306 5099 et
2336 5055 2464 5097 tunc
2487 5044 2805 5113 jejunabunt
2828 5042 2890 5091 “.
2930 5057 2948 5088 ι
2984 5037 3180 5091 Viden’
3212 5038 3355 5105 quod
3388 5038 3503 5105 ipse

1963 5151 2175 5204 quoque
2219 5135 2405 5203 jejunii
2453 5144 2659 5202 tempus
2685 5132 2849 5200 probe
2886 5127 3089 5181 sciret?
3129 5128 3183 5180 Si
3216 5142 3344 5192 ergo
3373 5136 3506 5178 tem-

1965 5240 2065 5293 pus
2107 5223 2371 5292 passionis
2421 5222 2590 5289 ipsius
2643 5234 2763 5273 cnm
2813 5219 2878 5271 iis
2906 5230 3026 5281 quae
3058 5214 3178 5279 jam
3212 5221 3509 5265 tractamus

1969 5314 2261 5367 contuleris
2317 5310 2681 5380 deprehendes
2741 5303 3007 5374 quomodo
3062 5302 3187 5355 haec
3249 5302 3515 5367 completa

1968 5404 2185 5466 fuerint,
2217 5402 2429 5470 quando
2486 5398 2692 5453 sublato
2732 5395 2943 5448 demum
2993 5404 3234 5457 sponso,
3265 5386 3519 5453 discipuli

1965 5492 2084 5561 ejus
2106 5492 2437 5561 jejunabant.
2463 5488 2641 5556 Neque
2668 5485 2774 5539 veri
2806 5480 3062 5536 absimilc
3090 5486 3205 5539 est,
3237 5490 3367 5528 eum
3393 5485 3531 5543 prae-
