3796 6388
146 302 249 357 743

856 296 1118 355 EUSEBll
1156 294 1626 351 CESARIENSIS
1655 295 1799 351 OPP.
1839 293 2015 349 PARS
2049 292 2134 347 Ill.
2173 317 2242 335 ι-
2278 289 2705 348 EXEGETICA.

3474 276 3624 330 ’144

146 419 415 473 videntem
467 433 525 473 se
568 418 712 472 brevi
756 426 878 484 post
930 425 1166 483 tempore
1200 414 1331 481 ipsis
1378 422 1670 467 extraneun

1786 412 1953 465 ταῦτα
1982 411 2294 483 ἐπληροῦτο,
2328 414 2413 465 ὅτε
2450 411 2651 465 λοιπὸν
2684 405 3039 478 αἰρομένου
3080 397 3236 452 τοῦ
3288 397 3631 467 νυμφίου

148 507 282 571 fore,
309 517 363 562 et
396 517 565 562 totum
610 523 674 560 cx
719 504 1136 558 circumcisione
1178 503 1431 571 populum
1466 504 1683 573 sangui-

148 613 271 652 nem
301 614 456 652 suum
490 597 886 665 postulaturum
913 609 1054 656 esse,
1085 592 1301 646 Petrum
1342 601 1679 662 negaturum,

149 694 203 739 et
232 686 358 737 talia
408 692 596 736 contra
640 698 697 736 se
745 681 1099 750 perpetranda
1139 696 1297 746 esse;
1349 690 1407 735 ut
1444 681 1681 735 futurum

1784 505 1875 555 καὶ
1903 504 1951 554 οἱ
1983 503 2392 573 μαθηταὶαύτοῦ
2415 503 2752 570 ὲνήστευον.
2789 496 2929 561 Ἐφ’
2952 487 3061 555 οἷς
3099 490 3265 543 οὐκ
3306 488 3467 540 ἀπε
3480 487 3639 549 Lach;

1779 587 1846 662 ἦν
1870 594 1963 645 καὶ
1996 594 2154 645 αὑτὸν
2182 592 2516 663 προορῶντα,
2545 589 2628 651 ὡς
2656 585 2888 657 μικρὸν
2913 583 3091 635 ὕστε
3102 596 3250 651 ρον
3294 577 3645 647 ἀπηλλο-

1778 682 2072 752 τριωμένος
2101 683 2248 733 ἔσται
2291 682 2492 743 αὐτοῖς,
2525 679 2629 731 καὶ
2664 678 2750 739 ὼς
2778 675 2851 727 τὺ
2889 674 3035 727 πᾶν
3074 670 3318 731 ἔθνος
3363 667 3509 720 τοῦ
3557 671 3645 720 ὲκ

148 781 295 827 esset
343 773 589 826 tenebras
639 770 817 822 omnia
875 770 1081 822 circum
1136 769 1455 832 obvolvere,
1517 771 1670 823 solem

1780 771 2076 841 περιτομῆς
2106 770 2233 823 λαοῦ
2271 770 2332 821 τὸ
2359 764 2499 838 αἷμα
2536 765 2719 819 αὐτοῦ
2758 764 3246 832 ἐξαιτήσεται
3279 799 3305 824 ,
3358 759 3499 812 καὶ
3541 759 3642 821 ὡς

145 863 321 931 ipsum
351 858 653 921 obscurari,
700 859 875 911 velum
921 859 1102 927 templi
1151 859 1345 920 scindi,
1400 860 1670 928 omniaque

1780 862 1979 932 Πέτρος
2003 858 2159 913 αὑτὸν
2188 861 2505 930 ἀρνήσεται,
2540 858 2643 910 καὶ
2666 855 2936 909 τοιαῦτα.
2964 853 3146 907 κατ’
3183 850 3439 903 αὑτοῦ
3480 850 3644 902 στολ-

144 953 270 1006 olim
299 952 352 1003 in
381 948 578 1003 lsraele
610 949 913 1003 veneranda
943 950 1142 1014 everti;
1170 949 1420 1003 nimirum
1460 964 1677 1019 regnum

144 1039 725 1103 eorum,sacerdotium
747 1046 800 1092 et
830 1039 1025 1092 Sancta
1055 1048 1392 1104 sanctorum;
1422 1041 1681 1093 omnium-

144 1146 247 1198 que
281 1143 464 1183 eorum
505 1127 859 1195 abjectionem
897 1134 951 1180 et
989 1126 1252 1180 excidium
1285 1127 1567 1181 confertim
1597 1127 1680 1181 fu-

144 1225 323 1269 turum
354 1234 367 1269 :
403 1230 509 1268 non
539 1215 671 1277 veri,
702 1214 942 1283 inquam,
967 1215 1212 1270 absimile
1249 1223 1352 1278 est,
1383 1217 1555 1285 ipsum
1588 1218 1678 1270 ho-

141 1322 262 1360 rum
284 1321 446 1360 causa
469 1320 770 1360 macerasse
805 1306 861 1358 in
884 1306 1090 1374 jejunio
1132 1308 1366 1361 animam
1416 1324 1589 1373 suam,
1622 1317 1677 1364 et

141 1397 388 1466 posuisse
420 1397 796 1450 vestimentum
826 1411 983 1449 suum
1014 1411 1253 1451 saccum.
1292 1396 1409 1462 Qua
1432 1399 1498 1453 de
1516 1415 1676 1454 causa

141 1486 291 1555 impii
316 1486 559 1541 homines
580 1486 755 1555 ipsum
783 1486 1096 1549 irridebant,
1118 1486 1243 1541 dum
1276 1488 1394 1542 loco
1415 1491 1678 1559 parabolae

140 1572 388 1628 futilibus
411 1574 525 1629 suis
556 1573 893 1627 sermonibus
938 1583 1296 1644 nugarentur;
1324 1575 1535 1645 alioque
1571 1577 1676 1631 diei

140 1674 380 1732 tempore
409 1663 462 1716 in
495 1665 660 1732 portis
706 1664 939 1730 collecti,
968 1679 1062 1719 eos
1085 1665 1178 1734 qui
1210 1666 1551 1734 prateribant
1582 1683 1676 1736 per

1781 950 2098 1019 μηθήσεται,
2123 948 2262 1001 ὥστε
2296 948 2484 1010 σκότος
2517 946 2819 999 διαλαϐεῖν
2858 944 2936 996 τὸ
2975 941 3406 1012 περιέχον,
3434 940 3640 1011 ἥλιόν

1775 1056 1833 1090 τε
1862 1038 2020 1091 αὐτὸν
2052 1038 2397 1107 σκοτισθῆναι
2421 1079 2435 1103 ,
2466 1038 2563 1089 καὶ
2598 1036 2663 1087 τὸ
2701 1034 3269 1101 καταπέτασμα
3316 1030 3460 1084 τοῦ
3504 1031 3641 1085 νεὼ

1778 1129 2084 1198 σχισθῆναι,
2144 1127 2519 1198 ἀνατραπῆναξ
2569 1143 2631 1178 τε
2701 1126 2921 1178 πάντα
3008 1122 3118 1175 τὰ
3180 1121 3443 1176 πάλαι
3515 1122 3639 1176 τοῦ

1786 1216 1994 1286 Ἰσραὴλ
2025 1216 2213 1286 σεμνὰ,
2249 1216 2393 1283 λέγω
2424 1216 2481 1268 δὲ
2505 1214 2605 1285 τὴν
2635 1213 2971 1284 βασιλείαν
3004 1211 3296 1267 αὐτῶν
3347 1210 3490 1265 καὶ
3514 1213 3641 1282 τὴν

1778 1306 2065 1377 ἱερωσύνην
2097 1306 2191 1358 καὶ
2222 1305 2293 1358 τὰ
2317 1307 2485 1375 Ἅγια
2514 1306 2627 1357 τῶν
2661 1304 2891 1372 ἀγίωψ
2936 1304 3289 1358 πάντων
3341 1319 3431 1356 τε
3482 1301 3643 1356 τού-

1775 1414 1880 1451 των
1912 1396 2175 1467 ἀποϐολὴν
2213 1397 2307 1448 καὶ
2332 1396 2656 1467 ἀνατροπὴν
2690 1395 2941 1467 ἀθρόαν
2985 1393 3393 1463 γενέσθαι
3417 1408 3440 1425 ⁸
3482 1396 3641 1448 τού-

1773 1504 1879 1540 των
1907 1486 2068 1541 ἒνεκα
2104 1488 2201 1540 οὐκ
2241 1487 2474 1550 ἀπεικὸς
2506 1483 2577 1556 ἦν
2616 1487 2793 1539 αὐτὸν
2838 1487 3341 1538 καταπονεϊν
3382 1486 3467 1539 ὲν
3518 1503 3639 1559 νη-

1775 1577 1925 1647 στείᾳ
1953 1576 2046 1647 τὴν
2079 1576 2253 1647 ψυχὴν
2276 1576 2466 1639 αὐτοῦ,
2500 1576 2600 1629 καὶ
2624 1575 2864 1628 τιθέναι
2897 1572 2994 1627 τὸ
3052 1575 3379 1646 ἔνδυμα
3421 1578 3640 1633 αὑτοῦ

1775 1668 1973 1721 σάκκον
2009 1669 2093 1735 ἐφ’
2120 1660 2164 1735 ᾧ
2191 1667 2285 1720 καὶ
2321 1665 2620 1735 ἐχλεύαζον
2656 1665 2846 1718 αὐτὸν
2887 1668 2959 1719 οἱ
3034 1666 3382 1731 ἀσεϐεῖς
3419 1707 3444 1733 ,
3490 1669 3645 1723 ἀντὶ

138 1755 437 1808 calumnias
484 1754 540 1807 in
589 1754 763 1821 ipsum
805 1762 1038 1809 structas
1076 1754 1132 1808 in
1164 1769 1400 1809 errorem
1443 1756 1670 1812 deduce-

1776 1757 2081 1827 παραϐολῆς
2099 1760 2216 1821 ταῖς
2247 1757 2366 1810 κατ’
2393 1756 2565 1809 αὑτοῦ
2582 1757 2967 1826 διηγήσεσιν
3000 1757 3639 1829 ἀδολεσχοῦντες⁴

136 1855 293 1912 rent;
334 1853 576 1914 tempore
607 1851 785 1897 autem
816 1844 943 1907 cibi,
973 1845 1099 1898 vino
1126 1852 1180 1899 et
1200 1844 1447 1899 ebrietati
1478 1861 1670 1902 vacan-

1774 1849 1868 1903 καὶ
1884 1848 1971 1901 τὸν
1989 1848 2084 1918 μὲν
2110 1848 2265 1902 ἄλλον
2283 1846 2478 1917 καιρὸν
2503 1847 2610 1917 τῆς
2636 1847 2923 1918 ἡμέρας,
2967 1850 3065 1902 ὲν
3116 1853 3311 1913 ταῖς
3383 1850 3643 1917 πύλαις

139 1949 240 1999 tes.
266 1937 564 1992 cantilenas
613 1942 800 1989 contra
848 1935 1022 1999 ipsum
1067 1935 1309 1990 ederent.
1358 1935 1535 2001 Quare
1586 1938 1670 1992 ille

1777 1936 2298 2007 συναγόμενοι,τοὺς
2331 1936 2399 1989 δι’
2430 1937 2622 1990 αὐτῶν
2664 1937 3208 2009 διερχομένους
3258 1946 3443 2007 ταῖς
3488 1942 3643 1999 κατ’

137 2028 413 2098 operiebat
445 2027 498 2080 in
534 2025 743 2094 jejunio
773 2025 1006 2078 animam
1038 2040 1214 2089 suam,
1244 2034 1299 2081 et
1342 2029 1571 2096 ponebat
1598 2030 1670 2084 in-

1774 2025 1935 2077 αὺτοῦ
1966 2023 2232 2085 διαϐολαῖς
2253 2023 2523 2076 ὲπλάνων·
2558 2026 2621 2078 ὲν
2644 2025 2707 2078 δὲ
2727 2026 2820 2096 τῷ
2843 2028 3124 2100 καιρῷ
3156 2031 3315 2100 τῆς
3339 2035 3637 2105 τροφῆς.

138 2117 451 2170 dumentum
500 2129 654 2168 suum
692 2128 932 2173 saccum.
967 2113 1127 2182 idque
1147 2130 1247 2182 pro
1274 2115 1499 2170 aliorum
1531 2118 1670 2172 salu-

1775 2118 1899 2187 οῐνῳ
1929 2115 2020 2168 καὶ
2060 2114 2196 2186 μέθῃ
2232 2115 2613 2184 σχολάζοντες,
2656 2114 2822 2187 ᾠδὰς
2886 2123 3433 2180 συνετίθεσαν
3494 2132 3637 2183 κατ’

136 2213 190 2259 te
217 2220 283 2259 ex
306 2204 563 2258 bonitatis
589 2203 967 2270 exsuperantia
997 2204 1301 2271 praestabat.

1775 2206 1955 2263 αὐτοῦ.
1984 2204 2073 2257 Διὸ
2098 2205 2317 2258 συνεκά)
2330 2223 2501 2258 υπτεν
2528 2208 2590 2260 ὲν
2621 2210 2884 2280 νηστείᾳ
2909 2213 3073 2283 τὴν
3093 2215 3372 2288 ψυχὴν
3400 2220 3642 2290 αὐτοῦ,

137 2294 230 2346 καὶ
260 2293 462 2346 ἐτίθετο
491 2292 550 2346 τὸ
615 2292 815 2361 ἔνδυμα
860 2292 1020 2346 αὐτοῦ
1055 2293 1281 2359 σάκκον,
1350 2295 1485 2366 ὑπὲρ
1522 2297 1617 2368 τῆς
1678 2298 1875 2369 ἐτέρων
1921 2297 2216 2366 σωτηρίας,
2260 2296 2327 2348 δι’
2376 2295 2700 2370 ὑπερϐολὴν
2751 2301 3375 2377 φιλανθρωπεας
3422 2313 3643 2368 ταῦτα,

136 2388 407 2457 πράττων.

209 2503 371 2555 Vens.
398 2501 483 2553 14.
513 2518 531 2549 ι
554 2498 662 2567 Ego
694 2514 822 2553 vero
845 2499 1140 2553 orationem
1169 2514 1343 2554 meam
1369 2501 1435 2554 ad
1468 2508 1537 2564 te,
1571 2501 1669 2554 Do.

139 2594 302 2654 mine,
335 2598 545 2657 tempus
598 2589 936 2657 beneplaciti,
980 2587 1160 2643 Deus:
1219 2590 1278 2643 In
1333 2591 1671 2646 multitudine

137 2679 516 2735 misericordia-2
541 2685 645 2730 tua:
664 2678 855 2731 exaudi
888 2694 988 2732 me.
1029 2697 1048 2730 ι
1082 2678 1160 2732 llli
1193 2680 1427 2747 quidem,
1454 2683 1545 2746 ait,
1578 2683 1670 2735 de-

135 2769 400 2829 ridebant,
442 2765 890 2832 aﬂlictionemque
932 2779 1103 2817 meam
1141 2765 1509 2819 traducebant.
1559 2768 1670 2837 Ego

136 2873 262 2912 vero
294 2856 719 2925 perseverabam,
751 2855 1043 2908 orationem
1093 2872 1265 2911 meam
1295 2857 1394 2910 tibi
1446 2857 1669 2912 Domino

136 2947 383 3002 offerens.
416 2946 676 3000 Observes
722 2960 884 3014 porro
934 2946 1111 3009 velim,
1154 2946 1467 3001 Hebraicam
1527 2946 1668 3002 Scri-

140 3044 352 3106 pturam
380 3036 467 3088 hic
493 3051 703 3104 quoque
732 3042 963 3103 quatuor
1007 3035 1305 3088 litterarum
1328 3051 1459 3091 voce
1485 3038 1666 3092 Domi-

138 3144 265 3181 num
298 3127 614 3195 exprimere.
641 3124 715 3178 Te
742 3140 869 3179 vero
903 3124 1185 3178 Dominum
1216 3125 1509 3195 deprecans
1535 3128 1673 3182 dice.
1696 3101 1737 3157 θ

135 3217 259 3271 bam
292 3235 305 3270 :
342 3235 359 3266 ι
396 3214 631 3284 Tempus
666 3215 1007 3283 beneplaciti,
1038 3214 1217 3279 Deus;
1260 3233 1277 3266 ι
1314 3216 1447 3279 sive,
1478 3231 1673 3270 secun-

136 3306 262 3359 dum
284 3303 660 3374 Symmachum
686 3321 699 3356 :
729 3320 745 3353 ι
766 3301 996 3371 Tempus
1020 3302 1491 3357 reconciliationis.
1509 3302 1668 3367 Deus,

136 3396 189 3448 in
214 3394 552 3447 multitudine
586 3392 970 3446 misericordiae
1006 3400 1111 3444 tua:
1130 3392 1323 3445 exaudi
1356 3407 1459 3446 me.
1495 3412 1513 3444 ι
1541 3391 1669 3445 Nam

136 3486 182 3538 si
211 3484 342 3537 alias
373 3498 472 3535 vox
503 3488 597 3533 tua
633 3480 808 3533 Patris
830 3482 932 3533 mei
964 3480 1093 3533 mihi
1117 3480 1229 3533 haec
1251 3480 1530 3534 testiﬁcata
1557 3488 1667 3534 est:

142 3592 161 3623 ι
202 3571 300 3625 Hic
330 3580 412 3624 est
450 3570 617 3622 Filius
665 3584 816 3622 meus
863 3569 1089 3623 dilectus
1134 3570 1188 3622 in
1223 3585 1329 3638 quo
1377 3570 1507 3622 mihi
1540 3570 1672 3623 bene

136 3661 434 3729 complacui
472 3661 551 3725 ²⁸;
595 3678 612 3709 ι
649 3673 792 3711 nunc
830 3658 1061 3712 maxime
1090 3669 1298 3727 tempus
1354 3657 1669 3727 beneplaciti

137 3758 221 3805 est
254 3764 459 3817 :quare
487 3762 680 3817 precor
725 3756 784 3799 ut
816 3747 870 3799 in
918 3747 1258 3800 multitudine
1294 3747 1672 3801 misericordiae

136 3844 245 3889 tua:
274 3836 527 3889 exaudias
557 3851 658 3899 me,
689 3842 741 3888 et
773 3833 825 3885 in
872 3834 1097 3889 veritate
1138 3835 1328 3889 salutis
1362 3842 1465 3887 tuae
1490 3849 1670 3888 serves

135 3939 240 3979 me.
288 3923 405 3978 Non
451 3925 737 3977 humanam
784 3926 979 3993 quippe
1028 3923 1242 3991 postulo
1296 3924 1541 3987 salutem,
1576 3922 1670 3977 sed

134 4029 336 4069 veram.
366 4014 511 4067 Talis
536 4029 697 4083 porro
724 4022 806 4068 est
846 4029 964 4082 qua:
991 4029 1057 4067 ex
1079 4022 1131 4066 te
1160 4012 1422 4082 provenit,
1453 4026 1556 4081 qua
1586 4028 1670 4066 me

136 4119 267 4174 rogo
315 4104 451 4172 eripi
502 4118 531 4155 a
563 4104 675 4156 luto
708 4111 767 4154 ut
809 4118 916 4155 non
962 4101 1170 4170 infigar.
1198 4101 1242 4152 A
1268 4116 1376 4170 quo
1401 4102 1533 4166 luto,
1566 4101 1669 4155 nisi

136 4190 203 4245 de
238 4205 344 4259 quo
373 4192 615 4259 superius
642 4189 921 4244 dicebam:
968 4206 985 4238 ι
1035 4187 1233 4242 lnﬁxus
1274 4202 1391 4241 sum
1441 4187 1496 4240 in
1544 4187 1670 4241 limo

134 4281 405 4351 profundi,
438 4290 491 4333 et
521 4294 624 4333 non
648 4289 730 4333 est
759 4279 1086 4333 substantia?
1113 4297 1130 4329 ι
1154 4277 1282 4330 Nam
1310 4277 1399 4346 qui
1423 4278 1668 4345 superius

134 4373 297 4426 limus
345 4370 594 4438 profundi
655 4370 832 4423 dictus
888 4378 1000 4432 est,
1058 4368 1145 4421 hic
1201 4368 1369 4420 lutum
1420 4378 1740 4464 vocatur.D

134 4459 230 4516 His
312 4477 469 4530 porro
545 4461 806 4530 significat
897 4459 1218 4513 solutionem
1289 4459 1531 4526 corporis
1613 4460 1668 4511 in

134 4559 338 4613 morte,
401 4551 467 4605 de
523 4567 627 4619 qua
691 4552 745 4603 iu
813 4550 916 4603 alio
961 4550 1041 4603 sic
1085 4548 1449 4616 loquebatur:
1486 4566 1505 4598 ι
1551 4547 1665 4600 Non

134 4643 475 4711 derelinques
515 4641 746 4693 animam
801 4656 971 4694 meam
1015 4640 1069 4693 in
1117 4637 1345 4700 inferno,
1378 4652 1477 4691 nec
1514 4636 1667 4691 dabis

131 4741 377 4789 sanctum
404 4740 552 4783 tuum
584 4730 766 4784 videre
789 4730 1188 4798 corruptionem
1218 4731 1283 4783 ’⁸.
1324 4747 1342 4779 ι
1376 4726 1478 4791 Qui
1508 4727 1668 4795 igitur

135 4838 164 4874 a
197 4828 370 4875 morte
396 4821 722 4882 detinentur,
770 4821 1163 4888 corruptionem
1206 4817 1373 4886 passi,
1413 4817 1466 4869 in
1498 4831 1665 4885 eaque

134 4912 434 4973 constituti,
469 4924 589 4964 cum
624 4910 679 4962 in
720 4924 782 4962 ea
811 4908 1233 4978 permanserint,
1264 4907 1410 4959 infixi
1444 4916 1568 4959 sunt
1610 4907 1665 4960 in

135 4998 247 5051 luto
280 5017 293 5052 :
325 5013 422 5068 ego
452 5012 577 5051 vero
604 4996 817 5051 etiamsi
861 4996 1246 5059 descenderim,
1275 4996 1337 5048 ad
1373 4996 1542 5047 lutum
1574 5011 1664 5050 us-

136 5101 238 5154 que
268 5087 556 5140 humilians
591 5087 871 5154 meipsum,
898 5100 1087 5154 precor
1124 5094 1298 5139 tamen
1331 5085 1414 5138 his
1444 5086 1621 5140 verbis
1646 5105 1658 5139 :

140 5359 170 5396 a
197 5348 385 5412 quibus
414 5352 543 5418 eripi
573 5367 630 5405 se
660 5360 808 5421 rogat
837 5352 1019 5407 dicens
1047 5370 1060 5405 :
1091 5372 1109 5404 ι
1148 5351 1363 5406 Liberer
1385 5351 1453 5404 ab
1478 5351 1544 5405 iis
1565 5353 1657 5421 qui

142 5433 368 5488 oderunt
392 5452 495 5500 me,
525 5448 578 5491 et
612 5440 674 5495 de
704 5441 981 5509 profundis
1006 5458 1283 5512 aquarum.
1311 5439 1424 5494 Non
1458 5457 1542 5496 me
1567 5442 1660 5498 de-

220 5605 265 5641 "
292 5606 471 5662 Matth.
512 5625 592 5677 ιιι,
634 5614 727 5685 17;
758 5634 887 5686 mi,
913 5620 963 5673 5.
1039 5620 1080 5651 ³⁸
1120 5618 1262 5674 Psal.
1300 5635 1388 5686 xv,
1428 5618 1512 5673 l0.

1846 2515 1863 2593 ι
1900 2494 2499 2593 ιςάγὼήδῖἡιπροσευχ-σή
2528 2515 2659 2593 μον
2681 2501 2845 2571 πρὸς
2886 2506 3015 2573 σὲ,
3054 2510 3360 2585 Κύριε,
3396 2536 3641 2593 καιρος

1770 2583 2029 2648 εὐδοκίας,
2067 2586 2095 2636 ὁ
2121 2584 2281 2647 Θεός’
2312 2585 2370 2638 ἐν
2409 2586 2491 2657 τῷ
2522 2588 2735 2659 πλήθει
2767 2594 2892 2647 τοῦ
2941 2583 3246 2665 ἐλέους»
3289 2624 3429 2662 σου
3474 2583 3643 2666 ὲέτάξ

1772 2670 1959 2775 aquarii;
1995 2686 2114 2775 ρον.
2150 2689 2167 2721 ι
2202 2672 2265 2775 Di
2299 2673 2398 2741 μὲν
2443 2674 2802 2775 ιὲχλεύαζον,
2842 2699 2945 2754 φη
2962 2688 3088 2751 σὶ,
3122 2694 3271 2747 καὶ
3314 2697 3643 2775 διέσυρον

1772 2760 1870 2856 τὰς
1917 2758 2054 2828 ἐμὰς
2098 2759 2388 2856 καιιώσεις·
2425 2763 2556 2856 μὲγῲ
2609 2765 2671 2817 δὲ
2738 2785 3474 2856 προσεκαρτέρουν,
3519 2758 3641 2856 τὴν

1772 2850 1908 2956 ξιὴτ
1940 2850 2347 2956 “afﬂati”
2482 2855 2687 2956 ιξγρίιρ
2708 2840 3375 2956 πξοξταναεέέρώνι
3426 2840 3640 2956 is};

1769 2938 1844 3003 δὲ,
1877 2938 1951 3043 αἶς
1974 2938 2077 3043 ﬁt),
2109 2938 2339 3043 ὲῗτῗιῦθα
2372 2941 2466 2994 τὸν
2504 2944 2727 3043 Ιξύριον
2764 2950 2877 3003 διὰ
2914 2958 3081 3011 τοῦ
3155 2938 3639 3043 τετραγρὲμτ

1772 3046 1873 3132 Po?
1904 3030 1936 3098 ἡ
1964 3028 2231 3132 ﬁmi-“ﬁ
2261 3032 2700 3132 έπισηὲίαίῖῗται
2737 3050 3039 3120 γραφή.
3085 3025 3638 3132 Εὺχέμεξιὲξὲὲ

1771 3121 1987 3222 egoeg-eis
2008 3121 2096 3222 τὸν
2126 3121 2329 3222 Κύριον
2347 3124 2523 3222 sarisa
2546 3126 2775 3196 ἔλεγονο
2833 3154 2857 3186 ι
2896 3139 3078 3195 Κατ.
3095 3121 3262 3217 pb;
3285 3121 3637 3222 ε-ὐδοκξας.

1770 3209 2761 3322 192.651’J'_’f“f?‘.f”"“i*‘ff°fx°v‘
2809 3244 2834 3275 ε
2868 3209 3179 3305 mea:
3208 3209 3632 3322 ὲιαλλατῆἐξ

1798 3299 2001 3409 ρθεὸς,
2030 3302 2090 3409 ὲν
2110 3301 2186 3369 τῷ
2202 3301 2398 3409 ad???
2412 3305 2518 3409 τοιῖι⁸
2532 3307 2736 3409 nec»;
2754 3330 2876 3367 σου
2905 3320 2944 3370 ἐ.
2956 3299 3245 3385 utinam)
3255 3299 3402 3390 σόν

1771 3388 1969 3506 ξ.ίῖῘῖ
1983 3389 2100 3506 ff.
2113 3404 2257 3506 Ϊῗτῗ
2274 3392 2464 3506 Ϋτλῗῗῗ
2484 3397 2621 3506 ,ἡσὴ
2640 3400 2940 3506 τῖ’ῗέἶατ
2954 3412 3112 3480 Pb;
3166 3388 3559 3506 ὲμρτῖρη
3569 3452 3636 3489 σε

1770 3480 1918 3596 ἱρωνὴ
1950 3480 2194 3596 λέὲἶουσω
2239 3502 2257 3535 ι
2481 3490 2637 3593 ἐστιν
2658 3493 2689 3544 ὁ
2727 3493 2891 3561 Υἱός
2933 3520 3106 3573 μου

1768 3573 1891 3683 tv};
1920 3573 2211 3683 ἷιὺδόιξτξσα.
2244 3594 2263 3626 ι
2312 3578 2474 3683 ’ρλλὰ
2501 3582 2609 3683 νῦν
2637 3585 2933 3683 μόιλιστα
2976 3610 3289 3678 καιρός

1767 4459 1892 4529 περὶ
1938 4455 2005 4529 ἦς
2063 4462 2119 4513 ὲν
2176 4465 2349 4535 ἑτέρῳ
2392 4469 2641 4537 ἔφασκεν
2678 4494 2692 4507 ο

1910 4547 2086 4619 ψυχήν
2139 4570 2240 4620 μου
2293 4558 2375 4609 εἰς
2425 4561 2518 4613 τὸν
2588 4563 2736 4638 ᾅδην
2770 4612 2789 4636 ,

1763 4636 1902 4688 ὅσιόν
1955 4655 2048 4691 σου
2100 4641 2224 4694 ἰδεῖν
2275 4646 2602 4723 διαφθοράν.
2653 4636 2799 4715 {Oi

1886 5361 1911 5373 ο
2130 5372 2142 5389 σ
2445 5359 2452 5361 -
2652 5359 2686 5371 n
2901 5359 2926 5362 -
2948 5359 2967 5381 ⁸
2991 5359 3059 5373 w
3074 5359 3105 5377 ν
3168 5359 3195 5381 “

1760 5359 1953 5471 ῗιλτων
1981 5384 2291 5437 μισουντων
2324 5400 2389 5454 με
2419 5386 2515 5443 καὶ
2541 5390 2608 5444 ὲκ
2637 5392 2749 5447 τῶν
2777 5394 3053 5465 βαθέων
3099 5422 3204 5471 te]

1760 5449 1851 5521 Μή
1879 5470 1946 5522 με
1975 5449 2392 5531 καταποπισατ
