3796 6374
163 420 328 483 ’745

1353 425 1848 483 (ΣΟΜΜΕΝΤᾹΚΙΑ
1888 429 1951 483 IN
1988 429 2322 484 i’SALMOS.

3321 441 3424 499 τις

182 541 389 599 πιέτω
413 556 483 611 με
512 539 694 610 βυθός.
730 560 748 593 ι
787 542 965 596 Ταῦτα
993 542 1048 598 δὲ
1073 544 1140 600 τὰ
1172 545 1332 600 ὕδατα
1357 548 1410 600 οῖ
1437 563 1494 599 τε
1519 550 1574 600 ἐν
1600 547 1769 611 αὐτοῖς

1878 559 2078 620 mergat
2105 555 2398 617 tempestas
2428 561 2597 616 aqua,
2642 565 2813 620 neque
2859 529 3144 606 absorbent
3187 567 3270 606 me
3296 567 3425 623 pro.

187 631 505 702 δράκοντες
537 630 631 683 καὶ
680 633 768 686 διὰ
815 632 922 685 τῶν
967 632 1268 704 ἔμπροσθεν
1322 636 1614 706 ἐδηλοῦντο,
1643 639 1779 691 κατὰ

191 722 313 774 τό’
354 741 372 773 ι
405 721 586 774 Σῶσόν
618 739 708 790 με,
741 724 772 774 ὁ
799 722 947 784 Θεὸς,
989 723 1069 775 ὅτι
1109 726 1417 795 εἰσήλθοσαν
1469 726 1637 780 ¹ὕδατα
1678 729 1780 792 ἓως

189 813 395 884 ψυχῆς
434 829 564 881 μου·
601 812 904 883 Ἑνεπὰγην
939 813 1016 875 είς
1041 812 1167 884 ὓλην
1195 816 1371 884 βυθοῦ,
1396 816 1488 868 καὶ
1509 816 1606 868 οὐκ
1637 816 1778 869 ἔστιν

189 902 537 964 ὑπόστασις·
570 897 776 954 τΗλθον
838 905 918 966 εἰς
973 903 1041 955 τὰ
1074 905 1206 976 βάθη
1236 907 1338 974 τῆς
1370 907 1657 976 Θαλάσσης,
1688 909 1780 959 καὶ

187 993 475 1060 καταιγὶς
508 992 862 1044 κατεπόντισέ
899 1011 984 1062 με.
1012 1015 1037 1045 »ο
1089 994 1245 1046 vim
1275 995 1360 1047 διὰ
1397 997 1491 1065 μὲν
1511 995 1612 1047 τῶν
1645 1013 1776 1065 προ-

183 1085 389 1156 τέρων
417 1083 520 1153 τὴν
551 1083 774 1136 κάθοδον
813 1083 972 1135 αὑτοῦ
1003 1083 1097 1154 τὴν
1126 1087 1202 1147 εἰς
1229 1084 1395 1138 ταῦτα
1421 1087 1671 1156 παρίστη,
1695 1087 1778 1138 διά

181 1171 262 1224 δὲ
295 1171 405 1224 τῶν
437 1170 581 1240 μετὰ
610 1173 795 1241 χεῖρας
815 1172 912 1240 τὴν
943 1171 1048 1222 ἀπὸ
1069 1170 1268 1224 τούτων
1295 1173 1567 1227 ἐπάνοδον.
1595 1192 1612 1223 ε
1659 1175 1779 1225 Ῥυ-

184 1260 401 1329 σθείην
423 1278 444 1310 ι
472 1260 586 1330 γάρ
619 1277 781 1327 φησιν
817 1279 834 1310 ι
879 1262 941 1313 ἐκ
975 1260 1079 1311 τῶν
1109 1260 1310 1329 βαθέων
1341 1261 1444 1314 τῶν
1463 1263 1667 1315 ὑδάτων
1690 1265 1778 1315 καὶ

185 1355 284 1422 μή
332 1369 401 1421 με
435 1353 888 1405 καταποντισάτω
935 1353 1178 1418 καταιγὶς
1211 1351 1416 1415 ὓδατος.
1453 1353 1581 1423 μηδέ
1614 1369 1778 1405 κατα-

182 1444 382 1496 πιέτω
419 1460 488 1512 με
537 1442 718 1511 βυθὸς,
751 1443 880 1513 μηδὲ
933 1444 1170 1512 συσχέτω
1220 1444 1303 1494 ἐπ’
1347 1444 1442 1511 ἐμὲ
1499 1443 1669 1512 φρέαρ
1720 1443 1778 1494 τὸ

185 1530 389 1599 στόμα
432 1529 629 1582 αὐτοῦ.
674 1548 691 1579 ι
723 1529 831 1590 Τὰς
867 1529 961 1598 μὲν
989 1531 1094 1598 γὰρ
1125 1529 1310 1591 λοιπὰς
1340 1529 1443 1580 τῶν
1487 1528 1777 1598 ἀνθρώπων

175 1620 385 1688 ψυχὰς
417 1619 684 1672 κατέπιεν
712 1621 739 1671 ὁ
763 1620 983 1682 Θάνατος
1013 1619 1251 1688 ἰσχύσας,
1270 1619 1360 1671 καὶ
1381 1619 1438 1670 τὸ
1463 1620 1632 1688 φρέαρ
1659 1637 1778 1671 συν-

179 1711 326 1780 έσχε
379 1712 478 1761 καὶ
551 1709 838 1761 ἀπέκλεισε
879 1709 954 1778 τῷ
991 1709 1180 1762 ἑαυτοῦ
1234 1709 1474 1778 στόματι,
1507 1709 1681 1779 Φρέαρ
1723 1710 1778 1762 δὲ

180 1800 386 1867 στόμα
437 1798 567 1867 ἕχον
605 1798 766 1860 αὐτὸς
797 1797 860 1849 ἂν
889 1796 1097 1865 λεχθείη
1131 1799 1158 1848 ὁ
1191 1795 1429 1858 θάνατος,
1453 1798 1480 1847 ὁ
1508 1796 1563 1861 ἐξ
1589 1797 1778 1859 αἰῶνος

1881 637 2127 692 fundum.
2164 657 2182 690 ι
2217 636 2309 691 liae
2345 651 2471 691 vero
2502 653 2671 707 aquae,
2701 648 2753 695 et
2782 639 3043 694 dracones
3071 641 3124 694 in
3161 641 3291 710 ipsis
3331 640 3425 696 de-

1879 735 2084 799 gentes,
2135 727 2385 796 superius
2445 727 2821 781 indicabantur
2876 729 2928 782 in
2965 729 3055 782 illo
3098 748 3111 783 :
3146 747 3164 780 ι
3200 729 3422 783 Salvum

1877 834 1962 872 me
1996 819 2096 879 fac,
2130 817 2288 877 Deus,
2328 816 2578 885 quoniam
2614 817 2949 872 intraverunt
2975 833 3126 887 aqua:
3157 833 3330 886 usque
3355 819 3424 872 ad

1876 909 2106 961 animam
2162 920 2353 959 meam.
2397 905 2596 959 inﬁxus
2643 922 2762 961 sum
2795 906 2847 958 in
2892 906 3021 958 limo
3059 905 3331 974 profundi,
3369 915 3426 964 et

1877 1013 1984 1052 non
2013 1004 2095 1050 est
2128 994 2448 1050 substantia.
2481 993 2612 1050 Veni
2669 997 2722 1048 in
2777 996 3110 1049 altitudinem
3148 994 3336 1056 maris,
3369 1002 3424 1050 et

1875 1095 2169 1155 tempestas
2219 1087 2474 1142 demersit
2517 1101 2618 1140 me.
2660 1105 2678 1136 ι
2725 1083 2830 1139 Sed
2876 1085 3030 1154 prius
3061 1084 3276 1154 quidem
3301 1084 3423 1152 ejus

1877 1179 1929 1232 in
1965 1194 2131 1247 aquas
2159 1179 2453 1232 descensus
2481 1177 2888 1242 declarabatur;
2924 1179 2976 1228 in
3007 1175 3091 1230 his
3122 1181 3300 1228 autem
3339 1189 3427 1226 re-

1877 1283 2091 1336 gressus
2145 1268 2266 1320 inde
2321 1275 2553 1319 notatur.
2586 1285 2605 1316 ‹
2644 1266 2880 1328 Liberer,
2928 1265 3120 1334 inquit,
3185 1263 3251 1317 de
3299 1279 3426 1332 pro-

1878 1356 2056 1410 fundis
2072 1371 2352 1424 aquarum,
2371 1364 2539 1408 etnon
2557 1355 2925 1424 medemergat
2939 1361 3231 1422 tempestas
3248 1367 3422 1420 aqum,

1877 1461 2050 1513 neque
2076 1445 2355 1499 absorbeat
2378 1459 2460 1497 me
2477 1443 2822 1512 profundum,
2853 1458 3026 1512 neque
3050 1451 3233 1512 urgeat
3259 1457 3424 1509 super

1877 1551 1961 1590 me
1983 1544 2173 1606 puteus
2199 1549 2259 1586 os
2285 1549 2461 1586 suum.
2490 1533 2757 1587 )Caateras
2787 1535 2982 1602 quippe
3006 1532 3282 1585 hominum
3305 1530 3424 1582 ani-

1879 1636 1994 1674 mas
2023 1636 2164 1674 mors
2190 1621 2478 1689 ahsorpsit,
2497 1631 2549 1674 et
2571 1621 2864 1689 prmvaluit.
2887 1635 2948 1672 ac
2974 1627 3165 1687 puteus
3188 1618 3343 1678 ursit,
3368 1624 3422 1670 ct

1879 1711 2141 1764 conclusit
2157 1726 2248 1765 ore
2276 1728 2394 1765 suo.
2426 1710 2627 1765 Puteus
2656 1719 2829 1763 autem
2851 1725 2945 1763 ore
2969 1711 3282 1768 instructus,
3303 1709 3419 1776 ipsa

1881 1813 2026 1852 mors
2049 1813 2169 1852 esse
2198 1799 2428 1863 dicatur,
2459 1815 2576 1869 quae
2600 1801 2666 1851 ab
2690 1799 2842 1852 initio
2868 1813 3054 1853 omnes
3076 1799 3253 1852 isthuc
3281 1797 3421 1850 dela-

177 1890 420 1950 πάντας
463 1885 883 1950 καταπεπωκὼς
911 1889 1034 1949 τοὺς
1066 1889 1143 1948 εἰς
1175 1887 1332 1939 αὐτὸν
1359 1886 1769 1938 καταπεπτωκό-

1876 1901 2000 1955 psos
2029 1888 2346 1956 deglutivit:
2380 1897 2434 1943 et
2469 1897 2751 1956 postquam
2777 1888 3074 1957 deglulivit,
3108 1885 3416 1949 momordit,

174 1995 316 2041 τας,
359 1979 460 2030 καὶ
524 1976 665 2045 μετὰ
709 1977 768 2029 τὸ
816 1979 1094 2029 καταπιεῖν
1145 1975 1398 2034 ἐνδακὼν,
1455 1973 1638 2044 ὥσπερ
1685 1977 1774 2027 καὶ

178 2068 548 2130 ἀποκλείσας
571 2067 630 2119 τὸ
659 2065 848 2119 ἐαυτοῦ
874 2066 1063 2134 στόμα,
1092 2065 1224 2135 πρὸς
1250 2065 1307 2116 τὸ
1339 2069 1409 2134 μή
1441 2080 1560 2116 τινα
1591 2063 1774 2115 παλιν-

176 2159 506 2228 δρομῆσαι.
550 2155 666 2206 Ἐπ’
700 2154 829 2224 ἐμοῦ
858 2155 912 2206 δὲ
961 2155 1033 2223 μὴ
1065 2153 1266 2219 γένοιτο
1297 2152 1469 2204 τοῦτο.
1509 2152 1597 2204 Διὸ
1629 2153 1775 2204 ἀντι-

178 2244 340 2298 ϐολῶ
379 2261 444 2296 σε
473 2243 569 2294 τὸν
599 2241 816 2310 Πατέρα
847 2241 1014 2307 λέγων
1035 2258 1046 2269 ’
1080 2258 1097 2289 ι
1127 2241 1213 2308 Μή
1246 2257 1308 2308 με
1340 2240 1774 2292 καταποντισάτω

178 2333 466 2400 καταιγὶς
521 2331 731 2392 ὓδατος,
791 2331 922 2400 μηδέ
972 2329 1277 2381 καταπιέτω
1328 2345 1392 2396 με
1437 2327 1607 2396 βυθὸς,
1644 2330 1774 2398 μηδὲ

183 2421 464 2492 συσχέτω
514 2421 606 2472 ἐπ’
641 2420 738 2489 ἐμὲ
786 2419 958 2488 φρέαρ
991 2419 1049 2470 τὸ
1093 2419 1260 2486 στόμα
1291 2417 1472 2468 αὐτοῦ’
1515 2435 1534 2467 ι
1573 2417 1604 2486 ἢ
1637 2417 1775 2470 κατὰ

179 2509 284 2563 τὸν
351 2509 683 2578 Σύμμαχον,
728 2524 747 2556 ι
796 2506 942 2574 Μηδέ
996 2506 1342 2574 ἐπιπωμάσαι
1382 2522 1467 2574 μοι
1512 2506 1684 2575 φρέαρ
1715 2506 1776 2557 τὸ

182 2599 384 2670 στόμα
412 2596 610 2650 αὑτοῦ.
653 2614 674 2646 ι
712 2595 818 2648 Καὶ
850 2594 941 2646 νῦν
989 2595 1082 2664 μὲν
1134 2594 1333 2646 ὑδάτων
1389 2594 1651 2664 μέμνηται
1685 2595 1776 2648 καὶ

182 2689 388 2760 βυθῶν
451 2688 552 2740 καὶ
604 2687 834 2756 φρέατος
853 2701 868 2714 ·
924 2685 980 2735 ἐν
1031 2684 1088 2736 δέ
1118 2683 1192 2752 τῷ
1216 2682 1298 2735 κα¹
1329 2683 1523 2753 ψαλμῷ
1546 2684 1612 2735 τὰ
1640 2684 1776 2736 αὐτὰ

180 2779 377 2833 ταῦτα
435 2775 747 2848 σημαίνων,
789 2773 989 2844 ἐτέροις
1019 2772 1236 2841 ὀνόμασι
1283 2773 1538 2843 κέχρηται
1569 2773 1770 2840 λέγων·

185 2890 206 2922 ‹
231 2869 448 2922 Ῥῦσαι
481 2866 595 2919 ἀπὸ
621 2863 892 2934 ῥομφαίας
917 2862 1012 2932 τὴν
1041 2862 1211 2930 ψυχήν
1240 2879 1357 2931 μου,
1389 2863 1480 2915 καὶ
1504 2863 1567 2915 ὲκ
1598 2864 1775 2934 χειρὸς

179 2958 368 3020 κυνὸς
393 2957 500 3024 τὴν
528 2952 785 3024 μονογενῆ
816 2967 932 3020 μου.
956 2950 1131 3003 Σῶσόν
1157 2967 1222 3020 με
1255 2953 1316 3002 ἐκ
1347 2952 1604 3022 στόματος
1628 2953 1773 3007 λέον-

181 3065 307 3109 τος,
348 3046 450 3097 καὶ
482 3043 594 3096 ἀπὸ
637 3041 880 3110 κεράτων
922 3039 1294 3108 μονοκερὼτων
1337 3039 1432 3110 τὴν
1456 3041 1774 3094 ταπείνωσίν

186 3155 330 3206 μου.
382 3155 402 3186 ι
439 3131 558 3185 Καὶ
583 3129 758 3182 ταῦτα
788 3129 894 3199 γὰρ
925 3129 1048 3199 περὶ
1079 3128 1184 3179 τῶν
1235 3129 1291 3180 ἐν
1341 3128 1417 3196 τῷ
1467 3129 1774 3198 καλουμένῳ

182 3227 300 3299 ᾄδῃ
327 3223 625 3292 δυνάμεων
646 3218 1025 3286 ἀντικειμένων
1053 3217 1312 3278 λέλεκται,
1336 3217 1409 3277 ὡς
1437 3217 1558 3278 τοὺς
1576 3217 1770 3282 τόπους

179 3314 568 3390 διηγούμενοι
600 3327 674 3360 πα
685 3309 1037 3378 ρεστήσαμεν.

262 3423 289 3458 c
331 3401 680 3458 Είσάκονσόν
737 3415 856 3467 μου,
910 3397 1097 3466 Κύριε,
1146 3397 1225 3448 ὅτι
1281 3396 1508 3466 χρηστὸν
1538 3395 1598 3448 τὺ
1630 3395 1772 3458 ἔλεός

183 3515 291 3551 σου
316 3513 332 3527 ο
369 3492 522 3547 κατὰ
565 3490 627 3542 τὸ
671 3489 867 3558 πλῆθος
906 3488 1010 3539 τῶν
1037 3487 1328 3556 οἰκτιρμῶν
1362 3503 1452 3539 σου
1491 3486 1771 3554 ἐπίϐλεψον

181 3588 279 3640 ἐπ’
316 3583 455 3653 ἐμέ.
495 3601 514 3633 ι
549 3579 659 3631 Καὶ
711 3576 934 3629 ἐνταῦθα
959 3575 1043 3628 διὰ
1064 3574 1154 3628 τοῦ
1182 3578 1308 3645 παρ’
1334 3575 1598 3646 Ἑϐραίοις
1618 3577 1772 3628 ἀνεκ-

182 3675 467 3745 φωνήτοι)
528 3669 620 3720 τὸν
669 3665 856 3720 ἐαυτοῦ
892 3666 1104 3735 Πατέρα
1155 3666 1182 3716 ὁ
1233 3664 1415 3735 Σωτὴρ
1442 3665 1771 3717 ἐπικαλεῖται

180 3766 384 3834 λέγων
407 3779 424 3793 °
469 3758 691 3829 Ἐπειδὴ
721 3757 844 3810 τάδε
877 3757 969 3809 καὶ
999 3755 1121 3808 τάδε
1152 3755 1348 3824 ᾔτησα,
1379 3757 1463 3808 ἵνα
1493 3755 1564 3825 μὴ
1593 3757 1770 3825 ἐμπά-

182 3873 276 3924 γω
306 3856 398 3914 εἰς
426 3851 522 3903 τὸν
558 3847 747 3919 πηλὸν,
766 3847 857 3900 καὶ
883 3848 1026 3908 ὅπως
1073 3845 1320 3914 ρυσθείην
1347 3847 1410 3896 ἐκ
1435 3845 1539 3897 τῶν
1571 3846 1771 3915 βαθέων

182 3943 308 3998 τῶν
334 3941 578 4001 ὑδάτων,
606 3937 672 3989 τά
703 3951 758 3990 τε
778 3933 981 3996 τούτοις
1003 3933 1146 4002 ἐξῆς,
1172 3932 1358 3986 τούτου
1381 3935 1534 4004 χάριν
1559 3934 1770 3986 ἐπίνευ-

187 4036 292 4088 σϐν
338 4049 448 4100 μου
479 4032 548 4098 τῇ
595 4027 794 4096 δεήσει,
826 4019 870 4074 ὧ
905 4023 1094 4094 Κύριε,
1128 4040 1147 4072 ι
1179 4024 1258 4074 ὅτι
1289 4023 1513 4094 χρηστδν
1542 4020 1600 4076 τὸ
1628 4024 1772 4086 ἔλεός

189 4141 300 4175 σου
313 4159 334 4189 _.
347 4121 446 4172 καὶ
469 4117 613 4170 κατὰ
631 4115 687 4167 τὸ
707 4114 905 4182 πλῆθος
932 4113 1036 4164 τῶν
1055 4113 1344 4182 οἰκτιρμῶν
1373 4130 1461 4164 σου
1486 4112 1770 4183 ἐπίϐλεψον

187 4217 286 4264 ἐπ’
323 4211 453 4280 ἐμέ.
486 4209 581 4277 Μὴ
615 4204 950 4273 ἁπόστρεψον
975 4202 1036 4254 τὸ
1061 4201 1342 4270 πρόσωπόν
1394 4217 1486 4252 σου
1521 4201 1627 4255 ἀπὸ
1679 4202 1769 4254 τοῦ

185 4301 401 4362 παιδός
445 4313 566 4350 σου.
607 4314 626 4345 ι
665 4295 754 4347 Ἐν
786 4287 865 4354 οἷς
915 4290 1214 4361 παρακαλεῖ
1256 4290 1554 4358 ἐπιϐλέψαι,
1581 4292 1670 4345 καὶ
1698 4290 1770 4361 μὴ

188 4385 560 4456 ἀποστρέψαι
593 4383 652 4433 τὸ
674 4381 958 4451 πρόσωπον
988 4379 1046 4444 ἐξ
1077 4377 1238 4430 αὑτοῦ
1259 4393 1272 4408 ⁸
1309 4379 1372 4429 ἶν’
1395 4377 1578 4448 ὥσπερ
1604 4380 1771 4448 μέγας

191 4474 563 4546 ἀγωνοθέτης
611 4469 874 4538 δοκιμάσῃ
902 4467 990 4518 τὸν
1019 4465 1198 4532 ἀγῶνα
1229 4464 1286 4517 ὃν
1323 4466 1524 4536 ὑπέστη
1557 4467 1649 4520 καὶ
1672 4468 1770 4538 τὴν

193 4564 493 4635 ὑπομονὴν
540 4559 635 4612 καὶ
687 4557 783 4627 τὴν
807 4556 1143 4616 ταπείνωσιν,
1185 4556 1266 4622 ἐφ’
1385 4556 1768 4625 σεμνυνόμενος

196 4657 350 4724 ἀξιοῖ
392 4652 487 4704 τὸν
540 4647 754 4715 Πατέρα
803 4645 877 4714 μὴ
916 4642 1241 4713 ἀποστρέψαι
1292 4642 1350 4694 τὸ
1390 4644 1672 4712 πρόσωπον
1708 4645 1769 4709 ἐξ

201 4743 398 4804 αὑτοῦ,
448 4739 566 4791 ἀλλ’
621 4734 907 4801 ἐπιϐλέψαι
975 4735 1050 4794 εἰς
1113 4731 1288 4784 αὐτόν.
1317 4727 1447 4784 Εἶτα
1500 4733 1768 4801 ἐπιλέγει·

207 4853 226 4886 ι
266 4835 395 4884 Ὅτι
439 4827 712 4895 θλίϐομαι,
750 4823 888 4891 ταχὺ
931 4821 1220 4877 ἐπάκουσον
1252 4836 1378 4888 μου·
1406 4820 1483 4888 »ἦ
1523 4823 1660 4876 κατὰ
1685 4826 1773 4878 τὸν

218 4921 473 4980 Ἀκύλαν,
515 4935 534 4967 ι
574 4918 694 4967 ’Ότι
741 4911 929 4962 στενόν
964 4927 1069 4978 μοι,
1102 4911 1235 4978 ταχὺ
1266 4909 1560 4962 ἐπάκουσον
1601 4931 1718 4982 μου.
1749 4933 1767 4964 ι

210 5013 433 5080 Νοήσεις
473 5008 531 5061 δὲ
574 5004 670 5056 καὶ
701 5000 899 5052 τούτου
929 4999 1024 5068 τὴν
1040 4999 1276 5051 διάνοιαν
1305 5001 1599 5068 ἐπιστήσας
1628 5003 1774 5064 ὅπως

214 5102 404 5173 εἴρηται
438 5099 518 5162 τὸ,
559 5112 580 5143 ι
600 5089 778 5157 Στενῂ
804 5088 902 5139 καὶ
932 5087 1300 5173 τεθλιμιιενηῄ
1327 5087 1440 5148 ὁδὸς
1470 5090 1501 5159 ἡ
1533 5090 1773 5158 ἀπάγου-

216 5203 276 5240 σα
297 5172 367 5254 εἰς
399 5189 500 5256 τὴν
531 5178 709 5246 ζωὴν,
740 5174 842 5225 καὶ
877 5173 1043 5239 ὀλίγοι
1073 5173 1204 5224 εἰσὶν
1235 5172 1281 5222 oi
1313 5173 1676 5242 είσερχόμενοι
1705 5179 1768 5229 δι’

214 5277 362 5348 αὐτῆς,
410 5297 430 5332 ,
472 5269 722 5340 Πρῶτος
760 5260 902 5326 γοῦν
948 5262 1108 5323 αὐτὸς
1143 5260 1235 5327 τὴν
1263 5259 1447 5328 στενὴν
1473 5262 1647 5332 αὐτὴν
1678 5269 1771 5319 καὶ

202 5325 671 5434 τὴνζέθλιμμένην
701 5325 944 5409 ὁδεύσας
965 5349 1176 5416 ἔλεγεν·
1194 5325 1232 5395 -ι
1260 5348 1374 5434 ’Ὁτι
1408 5325 1562 5418 στενή
1601 5325 1715 5418 μοι,
1743 5374 1763 5404 ο

187 5455 280 5517 καὶ.
313 5480 330 5514 1
496 5439 809 5502 θλίδομαεν
847 5436 982 5502 ταχὺ
1017 5433 1304 5488 ὲπάκουσόν
1338 5450 1454 5502 μου·
1482 5454 1502 5486 ι
1541 5439 1768 5509 ἰςδήλθυ

171 5525 215 5581 δὲ
248 5504 329 5611 zu;
350 5504 429 5599 δξά
461 5531 586 5586 τῶν
617 5521 955 5590 ἔμπροσθεν
981 5527 1081 5594 τὴν
1116 5523 1278 5590 θλίψιν
1309 5525 1494 5578 ἑαυτοῦ
1529 5529 1633 5581 καὶ
1661 5504 1770 5600 τὴν

135 5704 138 5710 1
217 5729 270 5770 ἱτ
302 5715 428 5779 Psnl.
478 5713 612 5756 xx"
664 5691 770 5747 2"
821 5693 916 5745 22-
991 5702 1037 5732 ’⁸
1079 5698 1251 5752 Matth.
1300 5715 1390 5766 νη,
1435 5703 1510 5758 14.

303 5809 570 5876 “tuon.
631 5784 767 5841 GR.
818 5785 1060 5851 XXIII.

1795 3199 1841 3259 ε

1873 1991 1936 2028 ac
1967 1977 2012 2029 si
2036 1977 2354 2032 occlusissct
2375 1995 2437 2032 os
2457 1994 2634 2041 suum,
2660 1992 2725 2030 nc
2753 1978 2876 2045 quis
2901 1976 3023 2030 inde
3041 1982 3416 2030 reverteretur.

1873 2065 2081 2120 Mecum
2111 2076 2287 2121 autem
2322 2084 2387 2122 ne
2412 2068 2525 2136 pari
2557 2069 2715 2120 modo
2744 2075 2948 2136 agatur.
2983 2066 3160 2131 Quare
3187 2067 3281 2118 tibi
3316 2065 3418 2116 Pa-

1870 2157 1942 2208 tri
1987 2158 2229 2225 supplico
2266 2159 2450 2211 dicens
2481 2177 2492 2211 :
2522 2177 2540 2206 ι
2574 2157 2690 2210 Non
2725 2174 2806 2210 me
2829 2159 3099 2224 demergat
3128 2162 3416 2224 tempestas

1873 2261 2042 2312 aquae,
2070 2263 2240 2315 neque
2289 2249 2572 2300 absorbeat
2622 2263 2704 2300 me
2737 2246 3083 2315 profundum,
3125 2260 3297 2312 neque
3328 2259 3417 2296 ur-

1873 2346 1992 2402 geat
2027 2353 2188 2405 super
2223 2353 2307 2390 me
2340 2347 2532 2405 puteus
2573 2351 2634 2390 os
2671 2351 2860 2401 suum;
2903 2354 2920 2386 ι
2961 2335 3072 2389 sive
3121 2333 3415 2388 secundum

1875 2419 2248 2490 Symmachum
2287 2444 2299 2478 :
2341 2443 2360 2476 ι
2396 2424 2579 2494 Neque
2621 2425 2833 2479 obturet
2881 2438 3042 2492 super
3088 2437 3173 2476 me
3222 2429 3417 2490 puteus

1873 2528 1935 2565 os
1966 2529 2142 2567 suum.
2176 2533 2196 2566 ι
2231 2514 2421 2584 Etjam
2456 2515 2669 2584 quidem
2701 2523 2888 2582 aquas,
2947 2511 3211 2582 profunda
3235 2517 3288 2564 et
3318 2527 3418 2579 pu-

1869 2609 2014 2655 teum
2043 2611 2304 2656 memorat
2333 2621 2347 2656 :
2381 2603 2434 2655 in
2467 2602 2721 2655 vicesimo
2763 2610 2940 2654 autem
2990 2599 3163 2668 primo
3210 2598 3416 2666 psalmo

1871 2689 2056 2744 eadem
2089 2693 2201 2760 ipsa
2244 2692 2364 2744 aliis
2398 2692 2676 2746 vocabulis
2711 2691 2913 2745 indicat
2949 2691 3135 2743 dicens
3167 2707 3180 2742 :
3217 2705 3236 2738 ι
3279 2687 3418 2741 Erue

1871 2794 1904 2831 a
1938 2778 2156 2844 framea,
2187 2779 2348 2844 Deus,
2383 2780 2618 2834 animam
2654 2796 2848 2845 meam,
2873 2787 2930 2834 et
2956 2780 3021 2834 de
3055 2793 3218 2832 manu
3265 2779 3416 2832 canis

1873 2864 2196 2932 unigenitam
2250 2882 2444 2921 meam.
2502 2867 2657 2921 Salva
2689 2883 2773 2921 me
2823 2883 2887 2921 ex
2941 2883 3034 2921 ore
3067 2868 3259 2929 leonis,
3301 2876 3354 2919 et
3386 2881 3416 2918 a

1873 2955 2128 3010 cornibus
2165 2956 2503 3010 unicornium
2562 2958 2915 3010 humilitatem
2966 2973 3137 3010 meam
3173 2958 3238 3010 "’.
3283 2976 3302 3008 ι
3353 2955 3419 3008 Et.

1874 3042 1986 3096 hzec
2021 3045 2086 3097 de
2116 3044 2442 3101 adversariis
2476 3046 2834 3116 pmcstaubus
2869 3047 2922 3098 in
2963 3046 3194 3108 inferno,
3235 3053 3292 3098 ut
3323 3061 3414 3097 vo-

1876 3140 2019 3198 cant,
2052 3133 2368 3202 degentibus
2400 3137 2543 3189 dicta
2574 3145 2718 3194 sunt,
2757 3145 2814 3187 ut
2839 3137 2890 3189 in
2927 3135 3233 3204 hujusmodi
3270 3137 3415 3189 loco-

1873 3230 1992 3268 rum
2022 3219 2378 3286 explicatione
2400 3220 2812 3274 declaravimns.

1953 3388 2112 3445 Vens.
2158 3391 2362 3445 17-21.
2419 3408 2441 3441 ι
2487 3388 2689 3442 Exaudi
2729 3404 2833 3450 me,
2883 3387 3127 3449 Domine,
3158 3387 3411 3456 quoniam

1870 3484 2100 3552 benigna
2136 3488 2218 3535 est
2249 3479 2614 3534 misericordia
2646 3486 2757 3543 tua,
2791 3479 3090 3532 secundum
3115 3480 3417 3534 multitudi-

1872 3589 1992 3628 nem
2053 3571 2456 3626 miserationum
2510 3577 2724 3622 tuarum
2771 3570 2977 3636 respice
3021 3569 3074 3622 in
3109 3585 3213 3623 me.
3251 3589 3270 3622 ι
3318 3570 3415 3625 llic

1871 3677 2082 3732 quoque
2119 3661 2374 3714 ineﬂ'abili
2413 3659 2554 3729 apud
2588 3659 2838 3713 Hebrmos
2867 3673 2998 3712 voce
3031 3659 3287 3713 Servatur
3313 3659 3416 3714 Pa-

1869 3762 2006 3806 trem
2023 3765 2183 3805 suum
2207 3751 2420 3802 invocat
2448 3749 2634 3802 dicens
2663 3767 2678 3803 :
2709 3747 2842 3812 Quia
2868 3748 2985 3801 haec
3011 3758 3064 3802 et
3090 3749 3180 3802 illa
3210 3751 3410 3819 rogavi.

1871 3852 1932 3896 ut
1959 3857 2024 3896 ne
2054 3841 2243 3910 infigar
2264 3841 2318 3894 in
2337 3841 2466 3902 luto,
2489 3847 2549 3892 ut
2573 3841 2766 3892 liberer
2785 3854 2812 3890 a
2830 3839 3110 3907 profundis
3133 3855 3413 3909 aquarum,

1871 3941 1928 3988 et
1962 3939 2152 3986 catera
2185 3945 2304 3998 qua:
2344 3937 2665 3998 sequuntur,
2703 3928 2822 3981 ideo
2846 3943 3023 3982 annue
3053 3929 3415 3983 obsecrationi

1873 4033 2022 4081 meae,
2044 4033 2078 4072 o
2104 4017 2345 4081 Domine,
2377 4034 2399 4068 ιι
2441 4017 2693 4085 quoniam
2725 4015 2954 4083 benigna
2986 4023 3066 4067 est
3107 4017 3416 4070 misericor-

1871 4108 1957 4160 'lia
1985 4116 2097 4172 tua,
2133 4115 2185 4162 et
2227 4105 2520 4162 secundum
2570 4103 2968 4156 multitudinem
3009 4104 3413 4159 miserationum

1871 4206 2082 4252 tuarum
2123 4199 2328 4266 respice
2361 4198 2413 4249 in
2446 4211 2548 4250 me.
2589 4195 2665 4249 Ne
2704 4201 2916 4247 avertas
2966 4192 3156 4246 faciem
3200 4203 3344 4246 tuam
3381 4210 3412 4247 a

1870 4303 2037 4356 puero
2065 4297 2176 4341 tuo.
2217 4306 2235 4337 ι
2277 4286 2483 4351 Quibus
2508 4294 2658 4354 rogat
2687 4291 2744 4336 ut
2774 4283 3043 4350 respiciat,
3077 4297 3176 4337 nec
3211 4290 3415 4338 avertat

1872 4379 2061 4433 faciem
2094 4394 2245 4431 suam
2288 4393 2318 4430 a
2363 4393 2440 4438 se,
2490 4384 2548 4428 ut
2612 4374 2766 4443 quasi
2815 4387 3039 4440 magnus
3089 4375 3411 4443 agonotheta

1873 4470 2060 4537 probet
2088 4468 2229 4537 quod
2259 4475 2528 4520 certamen
2555 4464 2802 4526 subierit,
2841 4476 2998 4531 quam
3029 4465 3340 4529 patientiam
3359 4473 3416 4519 et

1875 4558 2225 4610 humilitatem
2259 4575 2272 4611 :
2305 4557 2370 4610 de
2395 4571 2498 4624 qua
2529 4555 2807 4623 gloriatus,
2845 4551 3054 4604 Patrem
3089 4562 3242 4621 rogat
3267 4564 3416 4610 utne

1869 4656 2080 4702 avertat
2111 4647 2298 4701 faciem
2325 4661 2502 4702 suam.
2537 4644 2628 4698 sed
2658 4641 3013 4710 se'respiciat.
3053 4640 3258 4698 Dehinc
3288 4645 3419 4699 sub—

1870 4737 2046 4806 jungit
2075 4755 2088 4789 :
2129 4756 2146 4787 ι
2172 4735 2440 4801 Quoniam
2471 4733 2718 4796 tribulor,
2738 4729 2988 4785 velociter
3015 4733 3216 4784 exaudi
3240 4747 3325 4786 me
3350 4749 3365 4796 ;
3393 4752 3411 4783 ι

1871 4827 1988 4880 sive
2011 4826 2303 4880 secundum
2334 4823 2598 4892 Aquilam,
2625 4841 2644 4872 ‹
2672 4822 2805 4886 Quia
2824 4824 3116 4884 angustum
3149 4821 3304 4882 mihi,
3329 4835 3422 4874 ve-

1871 4916 2058 4969 lociter
2090 4915 2280 4969 exaudi
2308 4929 2410 4966 me.
2453 4931 2471 4963 ι
2511 4911 2659 4964 Hane
2690 4924 2848 4980 porro
2886 4908 3223 4960 sententiain
3262 4909 3423 4962 intel-

1872 5005 2026 5073 liges,
2060 5007 2105 5058 si
2140 5001 2446 5056 consideres
2476 4999 2619 5067 quod
2653 5001 2852 5052 dictum
2886 4999 3008 5046 est:
3042 5009 3068 5040 ε
3105 4995 3354 5062 Angusta
3378 5003 3432 5047 et

1875 5100 2020 5144 arcta
2057 5093 2142 5142 via
2187 5096 2414 5156 estquae
2463 5087 2610 5139 ducit
2660 5084 2724 5138 ad
2758 5082 2946 5140 vitam,
2997 5083 3059 5127 et
3108 5080 3282 5142 pauci
3311 5083 3438 5132 sunt

1873 5183 1964 5250 qui
2000 5179 2373 5249 ingrediuntur
2396 5190 2490 5244 per
2523 5191 2642 5229 eam
2674 5178 2736 5228 ’⁸.
2780 5193 2798 5225 ι
2839 5169 2959 5236 Ipse
2985 5165 3199 5231 igitur,
3225 5167 3321 5232 qui
3339 5164 3446 5230 pri-

1877 5287 1997 5325 mus
2025 5271 2126 5322 hac
2168 5274 2396 5335 angusta
2448 5272 2500 5317 et
2553 5273 2700 5317 arcta
2743 5263 2826 5314 via
2873 5251 3141 5309 incessit,
3189 5251 3408 5304 dicebat
3435 5265 3454 5302 ι

1881 5376 1900 5408 ι
1931 5359 2194 5423 Quoniam
2224 5359 2446 5421 angusta
2482 5351 2634 5410 mihi,
2673 5371 2690 5402 ι
2722 5360 2798 5410 et,
2829 5362 2848 5392 ι
2882 5339 3168 5410 quoniam
3208 5335 3468 5423 tribulor.

1875 5421 2128 5500 velociter
2147 5443 2334 5498 esaudi
2365 5455 2466 5493 me.
2499 5457 2515 5487 ι
2544 5437 2601 5491 In
2623 5432 3300 5507 superioribusquoque
3321 5421 3486 5507 tritu:-

1873 5537 2126 5592 latloncm
2172 5543 2222 5586 et
2255 5529 2548 5600 angustiam
2597 5502 2750 5582 suam
2801 5523 2891 5577 sic
2923 5508 3304 5571 declarabat:
3331 5527 3351 5562 -.
3380 5522 3402 5556 ι
3435 5502 3501 5554 Et

3088 5765 3197 5827 25
