3796 6372
250 346 353 484 ’(⁵³
1429 408 1749 471 conum

2001 422 2017 473 ἰ
2057 420 2406 477 ΡὸᾹιΜῦ8.’
3414 439 3500 484 Ibo

254 471 794 612 Ἓεὶ,ἔ..⁶ἕῖῗῖῖ⁰ίέν
850 534 872 566 ε
905 524 1313 593 συγκάμψας»
1358 527 1469 588 mh
1496 546 1513 578 ι
1543 531 1753 603 ἐκκεοκ

2034 540 2467 609 comprehendet.
2496 557 2512 587 ι
2543 536 2823 602 Quomodo
2853 549 3024 596 autem
3059 542 3241 597 isthme
3268 551 3385 612 post
3410 541 3505 597 Ju-

268 586 468 689 ἒυτῗδς
490 582 594 687 τῂν
610 590 792 689 ὀργήν
833 623 935 661 σου
960 651 973 675 ,
1001 633 1016 662 ι
1052 616 1167 666 ἀντὶ
1191 617 1304 678 τοῦ,
1330 638 1347 667 ι
1371 618 1578 686 ἐκχεείς
1595 582 1767 689 ἰ’κκαὶ1

2035 582 2467 609 νυ...,,..,..ν....ν..
2496 582 2510 587 -
2548 582 2821 602 κ-.ν...ν..ν
2853 582 3024 596 .....ν...
3060 582 3241 597 un...“
3268 582 3385 612 μνη.
3410 582 3504 597 ...-

2005 644 2208 682 aeorum
2238 638 2424 682 contra
2454 629 2793 682 Servatorem
2821 637 3064 683 nostrum
3098 633 3271 685 audax
3298 633 3504 688 facinus

518 675 544 687 ο
746 664 758 671 .
962 664 972 675 ι
1060 664 1067 665 κ
1131 664 1165 666 ~—
1204 664 1304 678 ηνι
1336 664 1346 667 -
1374 664 1575 686 "vv":
1623 664 1639 674 υ
1666 664 1776 689 σου-’9

280 664 451 742 mlh;
631 686 813 761 ὀργῆς
868 715 967 753 σου
1002 705 1290 758 καταλάϐοι
1322 709 1529 772 αὐτοὺς,
1557 730 1573 760 ι
1611 713 1729 766 ἀντὶ
1761 733 1779 767 ⁸1

1996 664 2106 682 Imus
2124 664 2208 681 υιιι
2238 664 2424 682 ιυιιιισι
2455 664 2542 682 Ub!
2566 664 2793 682 Vsltl'IK-lll
2825 664 2964 683 ιιυδιι
2980 664 3064 683 υΙΙΙ
3098 664 3271 685 «uua;
3298 664 3495 688 ιαιιιιυξ

1996 719 2114 783 genti
2143 719 2501 788 contigerint,
2543 732 2648 771 non
2678 718 2895 774 dillicilc
2924 721 3201 775 intellectu
3230 731 3332 776 est.
3363 722 3495 775 Nam

297 784 318 819 ι
337 767 775 875 καταλήψεται.»
815 787 1010 855 ’Ὀπως
1038 794 1093 845 δὲ
1130 797 1220 848 καὶ
1247 798 1413 851 ταῦτα
1450 804 1581 869 μετᾶ
1612 804 1706 874 τὴν
1738 824 1796 859 κο

3233 767 3332 776 --η

2011 809 2097 859 lim
2129 808 2363 875 quidem,
2395 808 2709 861 idololatria:
2737 824 2847 862 suae
2873 824 3056 869 causa.
3085 811 3422 865 inimicorum
3450 820 3504 866 et

300 862 393 965 τοῦ
418 862 674 965 Σωτῆρος
701 872 865 965 ἡμῶν
894 880 1097 949 τόλμαν
1122 885 1198 953 τῷ
1240 862 1501 940 Ἰουδαίων
1526 862 1799 960 συμϐέϐηκ

2001 862 2207 949 lostiu.m
2258 895 2507 949 servituti
2552 894 2617 949 ad
2664 896 2824 950 breve
2864 904 3077 965 tempus
3119 898 3500 959 tradebantur:

301 952 484 1017 ἔθνει,
525 955 586 1053 οὐ
625 956 891 1033 δυσχερὲς
930 952 1274 1039 καταμαθεῖν.
1325 974 1495 1026 Πάλαι
1527 952 1621 1043 μὲν
1654 952 1763 1049 γὰρ
1786 979 1800 1029 ἐ

2008 986 2163 1039 einde
2207 986 2262 1037 in
2304 986 2584 1053 pristinam
2629 986 2926 1039 libertatem
2969 986 3413 1050 restituebantur,
3440 1004 3502 1041 ac

434 1041 880 1121 είδὼλολατρείας
900 1058 1074 1113 αὐτῶν
1104 1061 1310 1130 ἐχθροῖς
1332 1065 1421 1115 καλ¹
1445 1041 1571 1116 πολε
1580 1041 1801 1136 μίοιςπε

2005 1078 2054 1129 ui
2093 1078 2233 1145 juris
2280 1078 2502 1145 suisque
2543 1077 2761 1144 regibus
2804 1075 3001 1130 subditi
3042 1076 3336 1145 degebant,
3370 1086 3504 1132 tem-

299 1137 486 1207 ὀλίγον
513 1141 703 1209 καιρὸν
726 1143 1036 1200 ἐδουλοῦντο
1054 1164 1067 1178 ·
1096 1147 1189 1202 εἶτ’
1214 1150 1361 1216 αὖθις
1384 1154 1479 1223 τήν
1505 1156 1703 1209 οἰκείαν
1725 1158 1798 1209 ἐλε

2006 1167 2145 1229 lum,
2176 1168 2488 1235 cultumque
2532 1167 2602 1220 ibi
2633 1183 2694 1220 ex
2742 1167 2936 1235 Moysis
2984 1167 3097 1231 lege
3132 1168 3500 1237 prmscriptum

299 1226 496 1297 θερίαν
530 1228 834 1300 ἐλάμϐανον
855 1251 869 1265 ι
900 1237 1179 1307 αὐτόνομοί
1209 1258 1266 1293 τε
1309 1243 1402 1295 καὶ
1446 1245 1798 1297 αὑτοϐασίλευι

2035 1254 2421 1321 ειιιιειιῐαὶιυιιις
2456 1264 2575 1321 post
2605 1252 2827 1307 insidias
2856 1270 2983 1306 vero
3022 1262 3210 1306 contra
3251 1253 3498 1307 Salvato-
3524 1250 3534 1257 ’

292 1318 600 1383 διετέλουν,
623 1321 684 1373 τὸ
699 1322 837 1392 ἱερὸν
863 1327 953 1377 καὶ
974 1326 1069 1397 τήν
1089 1330 1144 1380 ἐν
1170 1332 1314 1401 αὐτῷ
1341 1333 1476 1385 κατὰ
1496 1335 1791 1387 τὸνΜωῦσέ

1998 1360 2077 1397 em
2107 1352 2351 1398 nostrum
2383 1351 2656 1405 structas,
2689 1344 2941 1395 erunibus
2980 1342 3262 1396 confertim
3306 1344 3497 1412 privati

289 1407 467 1502 νόμον
510 1409 769 1481 λατρείαν
798 1414 1191 1485 διατρέχοντες*
1234 1422 1368 1489 μετὰ
1398 1422 1453 1474 δὲ
1486 1425 1581 1492 τὴν
1607 1425 1742 1477 κατὰ
1773 1444 1788 1476 1

2003 1441 2093 1484 unt
2119 1451 2131 1485 :
2159 1444 2321 1500 atque
2345 1432 2627 1485 obsidione
2652 1439 2704 1485 et
2732 1432 2988 1485 servitute
3011 1432 3267 1488 Romanis
3287 1407 3502 1502 oppres

290 1497 565 1568 Σωτῆρος
593 1502 625 1569 ἡ
636 1501 751 1570 μῶν
774 1504 1084 1574 ἐπιϐουλὴν,
1109 1508 1321 1563 πάντων
1348 1511 1553 1583 ἁθρόως
1580 1514 1789 1583 ἐστερὴε

1997 1524 2044 1583 i,
2084 1522 2163 1575 sic
2193 1497 2391 1589 abjccti
2412 1561 2426 1583 ,
2458 1536 2527 1574 ne
2552 1520 2766 1588 quidem
2796 1530 2958 1588 caput
2985 1523 3192 1590 erigere
3219 1497 3496 1586 audentes,

289 1603 396 1639 σαν
416 1604 432 1619 ο
482 1590 803 1661 πολιορκίαν
829 1611 885 1645 τε
918 1596 1013 1648 καὶ
1040 1597 1277 1653 δουλείαν
1313 1600 1409 1671 τὴν
1437 1602 1537 1654 ὑπὸ
1584 1604 1785 1673 Ῥωμαί

1999 1620 2355 1666 emanserunt.
2403 1610 2556 1676 Quod
2600 1612 2696 1663 hac
2737 1611 3015 1681 pmphetia
3056 1612 3387 1681 signiﬁcatur
3414 1613 3498 1668 his

287 1678 730 1747 ὑπομείναντες,
770 1681 1039 1751 διέμειναν
1072 1686 1210 1739 οῦτω
1246 1692 1518 1754 ταπεινοὶ,
1554 1694 1644 1744 καὶ
1678 1710 1786 1762 μηκ

1999 1701 2176 1755 erbis:
2208 1717 2227 1751 ι
2260 1699 2322 1752 Et
2351 1699 2570 1753 dorsum
2600 1716 2784 1753 eorum
2830 1716 3040 1769 semper
3081 1702 3325 1757 incurva.
3357 1721 3375 1752 ι
3404 1702 3498 1755 At-

284 1766 603 1820 ἁνανεῦσαι
634 1769 1007 1840 δεδυνημένοι·
1046 1775 1074 1826 ὃ
1097 1775 1158 1844 δὴ
1193 1779 1491 1849 σημαίνειή
1526 1781 1658 1849 μετὰ
1683 1786 1783 1851 χεῖ(

2002 1790 2119 1843 :nde
2142 1804 2269 1844 vero
2299 1789 2365 1842 ad
2397 1788 2527 1841 illud
2548 1828 2562 1850 ,
2589 1806 2606 1838 ι
2634 1804 2863 1856 semper.
2894 1808 2915 1839 ›
2936 1788 3050 1842 Νοη
3077 1791 3218 1853 enim
3249 1791 3311 1843 ad
3341 1791 3501 1845 breve

282 1858 617 1927 προφητεία
651 1860 811 1930 ἐντῷ
836 1862 1010 1931 λέγειν
1027 1882 1053 1900 ἰ
1081 1885 1098 1915 ι
1124 1868 1228 1919 Kal
1253 1868 1342 1919 τὸν
1365 1869 1528 1923 νῶτον
1556 1872 1729 1925 αὐτῶν
1756 1873 1781 1925 δ

1997 1894 2174 1947 empus
2204 1886 2261 1931 ut
2288 1879 2413 1932 olim
2436 1918 2450 1941 ,
2482 1878 2573 1932 sed
2597 1896 2615 1928 ι
2642 1894 2873 1948 semper,
2902 1899 2920 1929 ι
2944 1880 3037 1934 ait.
3061 1879 3169 1933 Pro
3183 1895 3291 1949 quo
3307 1881 3496 1949 Aquila

277 1947 502 2007 παντὸς
544 1947 919 2019 σύγκαμψον.»
974 1954 1208 2022 Πρὸσχες
1236 1956 1343 2025 γὰρ
1368 1960 1513 2021 ὅπως
1536 1960 1743 2030 εἴρηται

2002 1976 2344 2035 iterpretatus
2383 1975 2502 2022 est:
2534 1987 2551 2018 ι
2584 1967 2647 2019 Et
2694 1968 2853 2022 dorsa
2901 1984 3087 2023 eorum
3135 1970 3499 2024 indesinenter

278 2053 301 2125 ι
329 2035 653 2125 διαπαντός
672 2055 685 2069 ·
716 2057 737 2090 ι
775 2041 834 2092 οῦ
875 2041 980 2111 γὰρ
1012 2043 1147 2114 πρὸς
1177 2045 1350 2112 ὀλίγον
1382 2049 1501 2101 τινὰ
1538 2050 1722 2119 χρόνον
1760 2070 1777 2102 ι

1994 2072 2152 2109 ucrva
2180 2074 2197 2122 ;
2230 2075 2247 2107 ι
2280 2056 2634 2125 Symmachus
2690 2073 2852 2121 vero,
2886 2077 2903 2109 ι
2937 2059 3004 2111 Et
3052 2061 3265 2115 lumbos
3308 2076 3493 2114 eorum

650 2127 881 2215 ἐγένετο,
908 2131 1058 2195 ἀλλὰ,
1090 2152 1108 2184 ι
1127 2134 1471 2199 διαπαντὸς,›
1500 2139 1678 2209 φησίν.
1723 2142 1773 2192 Ἀ

1994 2161 2170 2213 eruper
2217 2122 2459 2200 debilita.
2497 2146 2694 2211 »ρυοά
2749 2148 2908 2201 etiam
2964 2150 3161 2202 accidit
3214 2151 3319 2203 illis
3339 2168 3363 2215 ;,
3413 2151 3493 2204 ira

270 2206 403 2264 05'6
439 2211 548 2281 μὲν
588 2213 819 2277 Ἀκύλας
855 2219 1189 2289 ἡρμήνευσε·
1231 2241 1249 2271 ι
1274 2223 1381 2275 Kal
1408 2224 1527 2287 τοὺς
1549 2206 1769 2289 νώτουςι

1997 2235 2153 2302 uippe
2184 2233 2274 2287 Dei
2307 2249 2413 2287 non
2443 2251 2566 2288 cum
2595 2251 2846 2290 mensura
2878 2237 3145 2304 quadam,
3177 2245 3234 2290 ut
3261 2238 3495 2306 antiqui-

269 2300 397 2353 τῶν
423 2301 726 2371 ἐνδελεχῶς
753 2305 1048 2359 ἁτόνωσον.⁶
1073 2327 1090 2359 ι
1119 2312 1145 2361 6
1167 2309 1221 2361 δὲ
1247 2311 1533 2382 Σύμμαχος
1551 2330 1564 2343 ·
1597 2333 1614 2364 ι
1636 2316 1740 2373 Kal
1763 2335 1768 2346 α

1995 2338 2067 2384 ιε,
2094 2322 2289 2376 invasit
2301 2336 2392 2376 eos
2412 2340 2425 2388 ;
2446 2322 2539 2377 sed
2567 2330 2676 2376 tota
2700 2324 2982 2378 confertim
2998 2324 3163 2379 eﬂ'usa
3175 2334 3277 2379 est.
3301 2325 3494 2391 Quam-

269 2392 470 2460 ὀσφῦς
503 2394 689 2447 αὐτῶν
726 2396 1011 2461 διαπαντὸς
1044 2400 1395 2472 ἐξὰρθρωσον.
1424 2423 1441 2455 ι
1484 2406 1590 2457 Kal
1621 2406 1768 2461 τοῦτο

1992 2412 2137 2465 brem
2182 2413 2434 2467 additur:
2464 2433 2481 2463 ι
2512 2413 2734 2468 Eil‘unde
2778 2428 2939 2482 super
2980 2429 3073 2469 eos
3113 2414 3251 2469 iram
3299 2423 3446 2468 tuam
3471 2454 3488 2476 .

269 2483 480 2545 αὐτοῖς
524 2484 731 2554 συνέϐη
756 2502 768 2516 ·
803 2488 921 2543 ἐπεὶ
949 2490 980 2557 ή
1011 2486 1143 2559 ὀργὴ
1180 2491 1272 2543 τοῦ
1311 2492 1440 2546 Θεοῦ
1469 2496 1644 2548 οὐκέτι
1680 2497 1768 2566 μέτ

1991 2509 2007 2552 ι
2046 2502 2200 2555 furor
2234 2502 2326 2556 irae
2368 2510 2471 2557 tuae
2506 2504 2925 2573 comprehendat
2954 2518 3066 2559 eos.
3100 2523 3117 2555 ι
3146 2504 3256 2559 Hoc
3284 2506 3338 2559 in
3385 2505 3490 2559 alio

270 2572 437 2627 κατὰ
467 2574 532 2625 τὸ
552 2574 783 2629 παλαιὸν
809 2578 1063 2647 μετῆλθεν
1092 2580 1281 2644 αὐτούς
1302 2599 1314 2610 ·
1344 2585 1376 2650 ἡ
1413 2584 1557 2636 πᾶσα
1575 2586 1631 2637 δέ
1654 2586 1769 2656 ἀθρι

1986 2603 2078 2645 Lem
2134 2593 2339 2660 psalmo
2389 2572 2702 2647 enuntiatur
2758 2593 2844 2646 bis
2896 2592 3122 2647 verbis:
3178 2611 3195 2644 ι
3253 2591 3485 2662 thuid.

270 2662 410 2716 κατ’
435 2662 625 2718 αὐτῶν
650 2664 895 2736 ἐξεχύθη.
918 2667 1007 2719 Διὸ
1025 2669 1324 2735 ἐπιλέγεται
1344 2689 1356 2700 ·
1381 2690 1397 2720 ι
1414 2673 1631 2741 ’Ἑκχεον
1653 2676 1737 2726 ἐπ’
1758 2694 1769 2727 ι

1991 2691 2094 2735 ὀιιε
2114 2721 2129 2743 ,
2164 2683 2402 2750 repulisti
2433 2682 2487 2735 in
2518 2683 2675 2737 linem
2700 2683 2744 2714 ³⁸
2767 2686 2789 2735 ἰ
2828 2702 2845 2733 ι
2875 2683 2969 2737 His
2995 2684 3158 2737 etiam
3185 2683 3360 2736 allinia
3395 2684 3490 2736 ha-

263 2754 414 2814 τοὺς
443 2753 548 2822 τὴν
576 2754 745 2824 ὀργήν
771 2772 861 2807 σου
876 2794 903 2815 ,,
916 2758 1006 2809 καὶ
1028 2759 1055 2809 6
1079 2759 1243 2827 θυμὸς
1266 2761 1361 2829 τῆς
1383 2763 1549 2831 ὀργῆς
1578 2782 1668 2816 σου
1693 2783 1762 2817 κα

1992 2778 2041 2823 et
2064 2771 2279 2825 divinus
2309 2771 2597 2840 Apostolus
2624 2793 2639 2827 :
2668 2792 2686 2823 ‹
2714 2772 2961 2827 Pervenit
2994 2773 3048 2826 in
3075 2787 3168 2827 eos
3195 2774 3275 2827 ira
3324 2775 3379 2826 in
3428 2775 3491 2826 ﬂ-

262 2842 447 2896 ).déot
477 2845 702 2907 αύτούς.
730 2864 747 2895 ι
785 2846 952 2898 Τοῦτο
974 2847 1027 2899 δὲ
1056 2849 1147 2901 καὶ
1179 2851 1234 2900 ἐν
1262 2852 1424 2922 ἑτέρῳ
1451 2854 1697 2922 δηλοῦται
1721 2856 1758 2923 ψ

1992 2875 2074 2912 em
2103 2861 2166 2914 ³³.
2197 2879 2216 2911 ι
2246 2859 2427 2915 Primo
2454 2861 2633 2931 itaque
2662 2878 2845 2917 mensa
2894 2877 3081 2917 eorum
3122 2863 3223 2917 fuit
3264 2864 3395 2932 ipsis
3432 2864 3488 2917 in

266 2928 376 2999 μῷ
408 2930 491 3001 τῷ
519 2934 787 3003 φήσαντι·
826 2953 843 2983 ι
881 2935 1054 2996 Ἰνατί,
1078 2938 1103 2987 6
1122 2937 1269 3000 Θεὸς,
1295 2940 1494 2993 ἀπώσω
1532 2943 1611 3005 είς
1630 2943 1765 3004 τέλος

1991 2964 2203 3015 iqueum
2230 2988 2246 3012 ,
2278 2949 2471 3005 deinde
2503 2954 2643 3005 oculi
2674 2967 2858 3007 eorum
2891 2954 3167 3007 obscurati
3194 2963 3323 3008 sunt
3349 2971 3364 3019 ;
3394 2969 3490 3022 po-

262 3022 397 3074 Katl
421 3022 452 3073 6
494 3022 643 3085 θεῖος
662 3023 718 3076 δέ
735 3025 1050 3089 Ἀπόστολος
1074 3027 1279 3092 τούτοις
1310 3031 1609 3099 συμφώνως
1641 3034 1759 3103 ἐλεγ

1987 3046 2066 3092 tea
2097 3039 2317 3094 dorsum
2350 3056 2533 3094 eorum
2567 3056 2780 3111 semper
2806 3043 3143 3096 incurvatum
3175 3052 3291 3105 est,
3321 3043 3486 3098 effusa

266 3111 593 3199 eff-Erpﬂaaa
623 3113 682 3164 δὲ
718 3114 805 3166 ἐπ’
835 3116 1026 3179 αὐτοὺς
1057 3119 1088 3186 ή
1128 3119 1259 3194 ὀργή
1291 3124 1366 3182 εἰς
1395 3124 1590 3186 τέλος.»
1632 3126 1765 3194 Πρῶ·

1987 3125 2157 3178 cilicet
2183 3127 2237 3180 in
2268 3128 2390 3181 illos
2419 3128 2498 3185 ira
2526 3127 2640 3182 Dei.
2674 3129 2788 3181 Sub
2814 3129 2927 3182 haec
2957 3139 3138 3183 autem
3169 3130 3317 3182 aliud
3350 3129 3486 3199 ipsis

259 3197 378 3253 οὖν
397 3204 430 3269 ὴ
460 3202 716 3272 τράπεζα
743 3204 917 3256 αὐτῶν
946 3207 1154 3274 ἐγένετο
1180 3209 1357 3271 αὐτοῖς
1378 3215 1455 3275 εἰς
1481 3214 1671 3281 παγίδα
1691 3230 1707 3245 ·
1733 3232 1757 3265 ε

1378 3215 1455 3275 εἰς
1481 3214 1671 3281 παγίδα
1691 3230 1707 3245 ·
1733 3211 1848 3267 εἶτα
1876 3210 1916 3263 C
1948 3226 2264 3271 eventurum
2296 3219 2619 3271 vaticinatur
2645 3218 2829 3272 dicens
2853 3238 2865 3271 :

257 3293 319 3345 οξ
363 3290 647 3360 ὀφθαλμοὶ
678 3291 855 3345 αὐτῶν
882 3295 1240 3358 ἐσκοτίζοντο·
1272 3294 1386 3350 εἶτα
1417 3301 1444 3350 6
1471 3300 1635 3364 νῶτος
1666 3302 1843 3355 αὐτῶν
1874 3304 2157 3365 διαπαντὸς
2177 3305 2500 3375 ἐκάμπτετο,
2535 3306 2630 3373 τῆς
2660 3305 2750 3357 τοῦ
2780 3304 2909 3357 Θεοῦ
2938 3306 3103 3376 ὀργῆς
3151 3307 3235 3360 ἐπ’
3293 3309 3486 3371 αὐτοὺς

257 3380 645 3450 ἐκχεομένης.
682 3381 835 3435 Μετὰ
854 3384 910 3435 δὲ
928 3384 1097 3438 ταῦτα
1117 3386 1240 3439 ἄλλο
1260 3405 1309 3440 τι
1328 3391 1641 3457 γενήσεσθαι
1669 3394 1848 3456 αὐτοῖς
1885 3392 2231 3463 προαγορεύει
2259 3396 2494 3463 φάσκων·

354 3496 699 3567 «Γενηθήτω
734 3500 766 3567 ή
808 3498 1029 3562 ἔπαυλις
1070 3502 1244 3556 αὐτῶν
1281 3508 1611 3579 ήρημωμένη
1633 3528 1646 3541 ·
1673 3530 1690 3562 ι
1728 3511 1845 3565 ἀντὶ

2009 3507 2176 3563 Vens.
2200 3508 2383 3564 26-29.
2422 3528 2440 3561 ι
2474 3509 2589 3562 Fiat
2618 3510 2875 3563 habitatio
2902 3524 3087 3564 eorum
3115 3507 3357 3573 deserta;
3389 3529 3405 3560 ι
3429 3511 3480 3565 id

253 3586 401 3649 τοῦ,
431 3587 850 3654 ’γενηθήσεται-
875 3609 891 3640 ι
915 3593 1006 3643 καὶ
1023 3593 1079 3645 ἐν
1095 3596 1203 3656 τοῖς
1218 3597 1392 3665 σκηνώ
1399 3616 1557 3665 μασιν
1571 3601 1744 3654 αὐτῶν

1982 3606 2022 3652 st
2042 3638 2055 3660 ,
2078 3600 2165 3666 ﬁet
2194 3614 2212 3651 :
2244 3618 2261 3648 ι
2292 3611 2339 3652 et
2369 3600 2421 3652 in
2450 3602 2809 3655 tabernaculis
2836 3616 3019 3653 eorum
3047 3616 3151 3653 non
3182 3601 3249 3654 sit
3281 3602 3369 3669 qui
3400 3602 3481 3653 in-

253 3680 425 3732 εστω
457 3681 486 3731 6
526 3678 823 3730 κατοικῶν·
855 3700 873 3731 ι
907 3682 1023 3733 ἀντὶ
1048 3683 1157 3745 τοῦ,
1186 3684 1271 3752 μὴ
1307 3688 1529 3744 ἔσεται.
1567 3692 1709 3744 Ἔδει
1736 3711 1752 3760 γ

1982 3689 2175 3750 abitet,
2221 3707 2239 3738 ι
2272 3690 2505 3751 scilicet,
2542 3708 2640 3743 non
2688 3692 2805 3745 erit.
2844 3691 2909 3742 At
2944 3691 3085 3742 enim
3116 3690 3476 3758 propheticam

258 3770 425 3840 μηδέ
490 3767 656 3819 τοῦτο
694 3769 978 3838 παρελθεῖν
1009 3773 1106 3842 τὴν
1139 3778 1471 3846 προφητικὴν
1503 3781 1696 3847 γνῶσιν
1718 3798 1732 3811 °

1981 3779 2182 3830 otitiam
2224 3777 2277 3830 id
2319 3780 2592 3848 praeterire
2632 3798 2740 3834 non
2780 3781 3052 3850 Oportuit,
3097 3781 3238 3849 quod
3290 3795 3480 3849 nempe

254 3858 394 3928 ἄρα
426 3856 525 3907 xal
557 3856 589 3924 ἡ
626 3854 849 3918 ἔπαυλις
875 3854 1050 3910 αὐτῶν
1089 3860 1237 3913 ἔσται
1270 3864 1466 3933 ἔρημος
1488 3884 1499 3894 ·
1530 3866 1562 3935 ἢ
1593 3868 1729 3920 κατὰ

1982 3868 2202 3921 abitatio
2226 3885 2409 3923 eorum
2437 3870 2650 3924 deserta
2680 3870 2855 3924 futura
2880 3875 2980 3936 sit;
3011 3872 3123 3924 sive
3142 3909 3156 3933 ,
3186 3871 3477 3924 secundum

256 3948 613 4016 Σύμμαχον,
646 3964 663 3994 ι
688 3946 935 4017 ἀοίκητος
956 3966 968 3977 ·
1019 3969 1036 3999 ι
1061 3951 1092 4020 ἢ
1120 3953 1255 4005 κατὰ
1274 3956 1362 4007 τὸν
1400 3957 1642 4021 Ἀκύλαν,
1671 3978 1687 4008 ι
1708 3962 1755 4027 ἡ(

1962 3957 2322 4028 Symmachum
2341 3999 2354 4022 ,
2379 3960 2777 4015 «inhabitabilis
2800 3961 2937 4025 ;ivel
2954 3998 2968 4023 ,
2995 3961 3286 4015 secundum
3310 3962 3461 4029 Aqui-

252 4037 534 4106 νισμὲνη,
554 4055 571 4085 ι
598 4036 858 4088 Ἔπαυλιν
887 4038 940 4089 δὲ
969 4040 1141 4092 αὐτῶν
1162 4042 1255 4112 τὴν
1290 4045 1632 4117 Ἰερουσαλὴμ
1656 4049 1751 4117 ὀνοέ

1976 4064 2047 4100 im
2066 4090 2080 4113 ,
2104 4067 2122 4098 ι
2146 4050 2340 4104 deleta.
2366 4070 2383 4100 ι
2408 4049 2801 4104 Habitatiouem
2840 4065 3027 4104 eorum
3067 4059 3221 4103 vocat
3260 4050 3475 4104 Jeroso-

256 4127 403 4207 Cen,
439 4123 629 4176 οὐκέτι
663 4122 796 4175 Θεοῦ
827 4125 978 4178 πόλιν
1002 4124 1196 4192 οὖσαν,
1244 4132 1356 4183 ἀλλ’
1390 4135 1563 4187 αὐτῶν
1601 4136 1755 4189 Er:an

1974 4154 2136 4206 ymam
2157 4180 2171 4202 ,
2201 4154 2319 4207 quaa
2348 4156 2455 4193 non
2487 4141 2629 4195 ultra
2659 4141 2854 4193 civitas
2886 4139 2977 4192 Dei
3007 4147 3119 4200 est,
3155 4140 3245 4193 sed
3290 4155 3473 4193 eorum

255 4192 502 4265 Διὸοιαὶ
532 4210 739 4280 ἔρημον
770 4212 935 4281 αὐτὴν
962 4214 1177 4273 ἔσεσθαί
1211 4236 1402 4289 φησιν’
1435 4222 1461 4271 ὃ
1492 4222 1553 4291 δή
1579 4226 1669 4276 καὶ
1702 4225 1754 4294 ἕρ

1981 4192 2237 4283 οὺίίῃιίο.⁸
2267 4229 2443 4293 Quare
2488 4230 2755 4283 desertam
2802 4230 2914 4281 fore
2962 4228 3133 4291 dicit;
3175 4230 3313 4297 quod
3358 4230 3475 4298 ipso

254 4302 586 4355 δείκνυται.
623 4297 737 4351 Εἶτ’
769 4300 1043 4369 ἐπιλέγει·
1098 4324 1115 4356 ι
1135 4308 1240 4360 Καὶ
1272 4311 1328 4361 ἐν
1360 4313 1467 4373 τοῖς
1501 4314 1753 4383 σκηνώμα

1980 4334 2101 4386 pere
2133 4320 2537 4387 comprobatur.
2572 4319 2764 4371 Subdit
2795 4325 2977 4386 postea
3005 4337 3017 4371 :
3051 4337 3068 4366 ι
3099 4316 3163 4369 Et
3200 4319 3258 4370 in
3295 4297 3476 4372 tabcra

256 4394 461 4448 αὐτῶν
513 4391 591 4461 μή
619 4390 756 4442 ἔστω
785 4394 812 4443 6
845 4394 1108 4446 κατοικῶν
1132 4435 1145 4457 ,
1174 4415 1190 4446 ›
1229 4397 1285 4460 ἐξ
1315 4399 1487 4451 αὐτῶν
1514 4402 1707 4473 δηλαδὴ
1739 4423 1755 4456 1

1980 4409 2151 4461 aculis
2194 4424 2378 4461 eorum
2427 4425 2534 4462 non
2580 4410 2649 4462 sit
2680 4411 2768 4475 qui
2814 4408 3107 4470 inhabitet,
3144 4428 3160 4459 ›
3185 4424 3248 4462 ex
3283 4410 3474 4477 priscis

261 4483 450 4535 πάλαι
470 4479 775 4548 οἰκητόρων
796 4496 809 4509 ’
832 4480 859 4531 δ
880 4480 969 4531 καὶ
995 4483 1121 4535 αὐτὸ
1147 4486 1437 4555 ὀφθαλμοῖς
1460 4490 1493 4558 ἡ
1513 4490 1760 4560 ἀλήθεια.

1978 4497 2151 4550 cilicet
2184 4498 2375 4551 incolis
2402 4516 2416 4562 ;
2452 4499 2594 4565 quod
2624 4498 2797 4564 ipsum
2829 4497 2987 4549 etiam
3016 4497 3190 4551 oculis
3221 4500 3294 4551 rei
3339 4500 3477 4551 νοτὶ-

259 4573 436 4641 λόγου
456 4570 806 4640 παρίστησιν.
826 4571 887 4621 Εἰ
904 4570 1030 4636 γοῦν
1049 4588 1131 4634 τις
1145 4573 1384 4640 ἀφίκοιτο
1401 4579 1475 4639 εἰς
1491 4580 1614 4642 τοὺς
1629 4582 1757 4635 τὸπο

1975 4604 2022 4639 ιε
2047 4587 2220 4641 oli'ert.
2253 4587 2308 4640 Si
2340 4590 2462 4655 quis
2503 4588 2643 4641 enim
2685 4587 2802 4638 loca
2841 4585 3028 4648 adeat,
3067 4597 3359 4642 extremam
3402 4588 3474 4643 ibi

261 4660 372 4714 ἴδοι
401 4660 472 4712 ἂν
496 4658 600 4728 τὴν
634 4660 868 4727 ἐσχάτην
898 4660 1125 4729 ἐρημίαν
1155 4662 1245 4714 τοῦ
1270 4665 1428 4718 τόπου
1447 4682 1461 4695 ⁸
1503 4669 1760 4725 Ἰουδαίων

1977 4678 2278 4731 olitndinem
2307 4678 2599 4745 conspiciet
2625 4692 2638 4737 ;
2664 4672 2969 4728 Judzeorum
2994 4677 3144 4729 nullo
3169 4677 3396 4730 audente
3421 4677 3476 4732 in

260 4748 468 4800 οὐδένα
507 4746 793 4814 τολμῶντα
827 4747 1120 4800 ἐπιϐαίνειν
1143 4754 1207 4819 τῇ
1243 4753 1414 4815 πόλει,
1444 4757 1646 4824 μήτιγε
1678 4764 1759 4813 οξκ

1974 4768 2129 4820 irhem
2158 4771 2415 4820 accedere
2435 4805 2448 4825 ,
2475 4766 2668 4818 nedum
2694 4765 2855 4817 isthic
2880 4764 3120 4819 habitare
3144 4784 3159 4829 ;
3186 4768 3289 4817 imo
3311 4768 3473 4820 etiam

258 4835 492 4889 αὐτόθιο
536 4834 653 4886 ἀλλ’
680 4833 800 4885 οὐδὲ
831 4834 1038 4903 οἴκησις
1075 4838 1329 4909 Ἰουδαῖκὴ
1359 4842 1751 4910 περιλέλειπται

1972 4859 2142 4909 iulium
2177 4856 2577 4909 ibiJudaeorum
2607 4855 2966 4907 habitaculum
2998 4857 3241 4909 relictum
3271 4867 3351 4910 cst
3383 4862 3471 4912 ubi

260 4926 348 4995 τῷ
374 4926 534 4993 τόπῳ
560 4964 575 4988 ,
627 4922 704 4982 ὥς
730 4939 853 4975 τινα
880 4923 985 4975 τῶν
1020 4925 1280 4995 Ἑλλήνων
1310 4931 1475 4982 οἰκεῖν
1502 4935 1556 4985 ἐν
1584 4938 1718 5007 αὐτῇ
1745 4940 1759 4991 ἔ

1975 4947 2244 4998 lrzrcorum
2293 4947 2559 5013 quispiam
2609 4944 2850 4996 habitare
2897 4946 3089 5010 possit.
3135 4946 3474 5017 Quapropter

258 5017 487 5067 νασθαι.
523 5013 619 5064 Διὸ
647 5012 928 5062 λέλεκται·
967 5032 984 5062 ι
1012 5016 1114 5067 Kal
1140 5020 1196 5067 ἐν
1223 5021 1332 5078 τοῖς
1365 5022 1709 5091 σκηνώμασιν
1740 5047 1757 5079 c

1971 5038 2140 5089 lictum
2171 5043 2251 5089 est
2275 5055 2287 5087 :
2312 5054 2329 5085 ι
2360 5035 2424 5086 lit
2451 5037 2503 5086 in
2535 5032 2893 5085 tabernaculis
2923 5048 3109 5085 eorum
3143 5050 3248 5086 non
3280 5036 3352 5088 sit
3377 5040 3470 5105 qui

259 5104 370 5155 τῶν
400 5104 477 5173 μὴ
498 5102 643 5154 ξπω
665 5103 693 5151 ὁ
716 5100 1005 5151 κατοικῶνε
1029 5122 1047 5153 ι
1069 5104 1098 5172 ἢ
1129 5105 1260 5155 κατὰ
1284 5104 1373 5159 τὸν
1397 5108 1729 5180 Σύμμαχον-ι
1755 5121 1758 5129 “

1973 5126 2235 5188 nhabitet;
2263 5144 2279 5175 ι
2305 5124 2406 5186 vel,
2429 5120 2716 5177 secundum
2749 5119 3148 5188 Symmachum,
3171 5140 3189 5170 ι
3209 5123 3263 5175 in
3294 5125 3472 5179 taber-

257 5196 379 5254 ταῖς
403 5193 639 5261 σκηναῖς
654 5188 842 5239 αὐτῶν
867 5188 937 5256 μὴ
957 5189 1090 5242 ἔστω
1110 5196 1137 5244 6
1159 5193 1435 5247 κατοικῶν.
1462 5216 1481 5245 δ
1511 5201 1708 5270 "Agam
1729 5220 1756 5270 γ

1966 5212 2145 5264 iaculis
2169 5225 2349 5264 eorum
2376 5224 2479 5261 non
2500 5210 2567 5263 sit
2591 5205 2679 5273 qui
2704 5204 2978 5257 inhabitet.
2995 5204 3303 5262 )Radicitus
3322 5212 3465 5266 enim

257 5281 321 5329 ἐκ
360 5283 588 5354 βάθρων
635 5279 820 5328 πᾶσαι
865 5276 1035 5327 αὐτῶν
1075 5283 1127 5331 αἱ
1160 5281 1350 5348 σκηναὶ
1385 5285 1473 5335 καὶ
1510 5290 1561 5337 ai
1593 5291 1753 5359 οἰκήσ

1973 5309 1991 5352 t
2018 5317 2045 5353 a
2077 5297 2618 5353 fundamentisomnia
2643 5294 2985 5346 tabernacula
3016 5296 3356 5351 etdomicilia
3382 5318 3470 5355 eo-

248 5377 709 5442 κατεσκάφησαν.
780 5366 921 5433 Ὅρα
951 5369 1121 5421 τοίνυν
1144 5370 1350 5421 ὁπόσων
1379 5374 1746 5444 ἐμνημόνευσε

1970 5406 2055 5443 um
2082 5391 2256 5444 excisa
2282 5398 2422 5442 sunt.
2453 5384 2821 5439 Animadverte
2847 5383 3010 5450 igitur
3037 5392 3165 5452 quot
3186 5392 3237 5437 et
3265 5403 3469 5455 quanta

239 5453 401 5534 λόγος,
433 5469 542 5535 έρη
554 5459 707 5527 μίας
730 5453 833 5504 τοῦ
864 5455 1011 5519 ἁγίου
1032 5458 1190 5510 τόπου
1211 5496 1223 5517 ,
1249 5460 1544 5531 ἀφανισμοῦ
1568 5467 1678 5518 τῶν
1703 5486 1738 5520 ση

1967 5479 2026 5529 ιίο
2054 5483 2433 5535 memorentur,
2463 5472 2633 5527 sancti
2677 5470 2774 5522 loci
2814 5470 3085 5530 solitudo,
3127 5473 3338 5527 evulsio
3389 5486 3466 5531 ta.

219 5556 493 5617 νευμάτων
527 5542 765 5603 αὐτῶν,
803 5540 896 5591 τοῦ
925 5543 1101 5606 ἔθνους
1126 5546 1407 5611 παντελοῦς
1429 5555 1718 5610 ταπεινώσε

1982 5567 2345 5620 ιν-Γηαριιιυιυυηι
2390 5567 2653 5634 ipsorum,
2698 5568 2927 5612 extrema
2973 5562 3145 5626 gentis
3190 5562 3432 5630 abjcctio
3466 5609 3481 5633 ,

238 5687 283 5722 ιο
343 5706 514 5769 Ρεαι,
570 5703 809 5751 ιχχιιι,
862 5690 910 5745 1.
982 5693 1022 5725 ⁸’
1060 5694 1077 5747 l
1116 5694 1294 5752 Thess.
1339 5714 1399 5764 ιι,
1446 5702 1524 5756 16.
