3796 6370
232 372 326 426 757

1345 381 1842 438 COMMENTANA
1880 384 1946 439 ΙΝ
1985 384 2311 440 PSALMOS.

3309 391 3407 446 758

220 487 278 541 δὲ
303 489 643 559 προσέθηκαν
668 492 796 563 ἐμοὶ
820 498 892 548 τὰ
914 498 1112 551 ἐαυτῶν
1130 502 1287 553 κακά.
1323 520 1340 550 ι
1357 502 1597 553 Ἔδωκαν
1619 520 1636 551 ι
1657 502 1776 569 γοῦν

1881 504 2010 556 mihi
2038 504 2403 558 addiderunt.¢
2426 502 2694 558 Dcderunt
2722 523 2740 556 ι
2762 504 2944 575 igiturc
2972 505 3025 559 in
3041 521 3218 560 escam
3238 522 3408 562 meam

193 599 196 604 ι
228 580 332 640 «είς
353 579 410 630 τὸ
442 580 640 649 βρῶμά
669 599 774 650 μου
803 587 987 656 χολὴν,
1015 589 1106 639 καὶ
1132 591 1208 651 είς
1233 592 1326 658 τὴν
1357 591 1634 659 δίψαν⁸μου
1661 591 1784 643 ἐπό-

221 672 367 720 τισάν
393 686 458 738 με
482 669 603 733 ὄξος
625 690 636 702 ·
671 692 689 722 ι
738 676 801 727 οὐ
830 678 992 745 μόνον
1021 679 1138 730 καθ’
1165 680 1220 731 ὃν
1249 681 1482 750 ἔπασχον
1504 682 1592 733 ὑπ’
1615 682 1786 733 αὐτῶν

221 759 399 830 καιρὸν
418 797 434 822 ,
469 761 605 813 ἀλλά
639 766 734 816 καὶ
761 768 820 816 ἐν
846 773 960 830 τοῖς
979 769 1112 836 μετά
1127 769 1290 822 ταῦτα
1305 773 1511 840 χρόδοις
1531 775 1645 834 ταῖς
1668 775 1785 823 κατ’

223 850 345 917 ἐμοῦ
378 845 758 922 βλασφημίαις
793 859 1215 928 παραμένοντες.
1241 861 1328 912 Διὸ
1351 861 1488 912 κατά
1515 862 1601 913 τὸν
1633 860 1786 912 Ἀκύ-

217 936 326 1004 ἓαν,
352 943 470 994 ἀντὶ
500 943 618 1004 τοῦ,
642 963 660 992 ι
691 945 1059 1015 προσέθηκαν,
1083 967 1098 996 ι
1133 947 1531 1016 διηγήσονται,
1557 951 1780 1018 εἴρηταιο

220 1032 346 1083 κατὰ
367 1031 420 1082 δέ
441 1031 532 1082 τὸν
552 1030 884 1102 Σύμμαχον,
916 1054 932 1086 ι
958 1035 1258 1104 ἐξηγοῦντο.
1281 1056 1299 1087 ι
1325 1037 1397 1088 Οὐ
1422 1037 1528 1105 γὰρ
1550 1037 1657 1104 ἀπή
1669 1053 1782 1104 ρκει

219 1122 275 1172 τὸ
300 1122 440 1186 ἅπαξ
481 1121 615 1173 ποτὲ
655 1126 1031 1193 τραυματίσαι
1059 1126 1250 1189 αὐτὸν,
1293 1127 1387 1178 καὶ
1421 1125 1638 1178 τοιαῦτα
1669 1128 1780 1176 κατ’

220 1211 370 1264 αὑτοῦ
389 1211 661 1281 τολμῆσαι
679 1231 692 1243 ο
714 1215 834 1266 ἀλλ’
853 1215 1039 1286 ῶσπερ
1056 1217 1145 1267 ἐπὶ
1165 1215 1571 1285 κατορθώμασιν
1589 1217 1782 1281 ἐγκαυ-

220 1301 450 1372 χώμενοι·
472 1308 586 1366 τοῖς
619 1306 839 1357 ἑαυτῶν
869 1305 1104 1368 τέκνοις,
1136 1305 1202 1357 τὰ
1245 1307 1359 1357 κατ’
1393 1305 1551 1359 αὑτοῦ
1581 1305 1780 1374 τολμη-

220 1394 366 1446 θέντα
415 1395 604 1455 αὐτοῖς
642 1394 955 1463 διηγοῦντο.
1000 1394 1150 1447 Ἐπεὶ⁵
1180 1395 1354 1447 τοίνυν
1396 1395 1545 1447 αὐτοὶ
1583 1393 1778 1462 ταύτην

219 1485 415 1537 εἵλαντο
442 1485 543 1554 τὴν
580 1485 784 1554 μερίδα
805 1523 820 1545 ,
869 1483 1151 1548 διώξαντες
1186 1485 1282 1553 μὲν
1306 1485 1363 1538 ὃν
1393 1487 1456 1538 σὺ
1487 1483 1775 1547 ἐπάταξας,

220 1577 431 1644 ἀνομίας
455 1575 513 1627 δὲ
543 1577 642 1627 καὶ
662 1576 925 1638 ἀσεϐείας
955 1578 1036 1643 ἐφ’
1062 1577 1281 1636 ἑαυτοὺς
1307 1575 1398 1626 καὶ
1421 1576 1510 1626 ἐπὶ
1531 1574 1595 1625 τὰ
1616 1574 1778 1625 τέκνα

218 1664 380 1715 αὐτῶν
434 1663 866 1733 σωρεύσαντεςο
921 1664 1138 1725 εἰκότως
1186 1663 1488 1729 ἐπιλέγεται
1538 1661 1773 1724 τούτοις·

226 1773 248 1803 ι
264 1751 496 1823 Πρόσθες
516 1753 755 1822 ἀνομίαν
780 1753 873 1804 ἐπὶ
895 1753 990 1822 τὴν
1021 1753 1244 1822 ἀνομίαν
1260 1752 1432 1804 αὐτῶν
1448 1769 1459 1782 °
1476 1771 1493 1803 ι
1519 1753 1634 1804 ἀντὶ
1660 1750 1772 1814 τοῦ,

225 1861 246 1892 ο
266 1843 613 1912 προσθήσεις
643 1862 662 1892 ι
705 1842 865 1894 ἔσται
897 1843 1002 1911 γὰρ
1034 1843 1211 1904 αὐτοῖς
1257 1841 1436 1894 κακῶν
1477 1841 1774 1910 προσθήκη.
1809 1824 1848 1876 Β

219 1932 291 1984 Τά
319 1933 408 2003 μὲν
443 1934 551 2002 γάρ
579 1934 645 1983 ἐκ
671 1932 770 1983 τοῦ
807 1933 896 1999 ἐφ’
929 1934 1056 2000 ἡμῖν
1089 1930 1384 1998 ἀνθρώποις
1408 1930 1682 1998 γίγνεται,
1711 1930 1780 1982 τὰ

218 2021 269 2073 δέ
299 2024 358 2073 ἐκ
389 2021 494 2073 τῶν
529 2020 1048 2072 ἐπακολουθούντων
1078 2018 1270 2081 ἔξωθεν
1299 2018 1376 2087 τῷ
1403 2019 1484 2086 ἐφ’
1515 2020 1660 2087 ἡμῖν.
1692 2018 1779 2069 Διὸ

150 2124 156 2134 ·
221 2109 448 2163 λέλεκταί
481 2127 584 2162 που
618 2111 759 2181 πρὸς
784 2110 880 2161 τὸν
905 2109 1032 2160 Θεὸν
1051 2126 1062 2138 ·
1103 2127 1119 2157 ι
1146 2108 1295 2160 Μετά
1317 2108 1460 2159 ὁσίου
1485 2107 1775 2176 ὁσιωθήσῃ,

223 2202 306 2253 καὶ
347 2202 480 2270 μετά
525 2199 795 2270 στρεϐλοῦ
849 2197 1256 2268 διαστρέψειςοι
1294 2196 1401 2248 Καὶ
1440 2197 1496 2247 ἐν
1527 2195 1604 2264 τῷ
1635 2195 1779 2264 νόμῳ

221 2289 271 2342 δὲ
296 2291 501 2360 εἴρηται
534 2291 599 2340 ἐκ
634 2287 939 2358 προσώπου
977 2285 1159 2338 αὑτοῦ.
1201 2285 1344 2336 «Καὶ
1368 2285 1458 2336 ἐὰν
1481 2281 1776 2352 πορευθῆτε

226 2377 348 2446 πρὸς
376 2378 440 2446 μὲ
470 2377 694 2443 πλάγιοι
715 2416 728 2436 ,
763 2372 1100 2444 πορεύσομαι
1133 2371 1283 2439 κάγὼ
1306 2370 1436 2441 πρὸς
1461 2370 1600 2438 ὑμᾶς
1625 2367 1779 2436 θυμῷ

227 2465 441 2535 πλαγίῳ.
469 2484 488 2517 ι
537 2464 696 2517 Ἐπεὶ
744 2461 927 2514 τοίνυν
957 2461 1105 2512 αὐτοὶ
1136 2459 1318 2530 ὥσπερ
1351 2457 1540 2528 μακρῷ
1567 2455 1778 2524 σχοινίῳ

225 2555 314 2616 τὰς
341 2556 566 2625 ἀνομίας
597 2554 817 2607 ἐαυτῶν
850 2551 1220 2604 ἐπεσπάσαντο
1239 2589 1254 2610 ,
1283 2549 1500 2609 εἰκότως
1536 2547 1627 2598 καὶ¹
1657 2546 1718 2597 σὺ
1750 2547 1777 2597 ό

224 2643 412 2706 δίκαιος
446 2643 640 2713 κριτὴς
682 2639 1016 2711 προσθήσεις
1047 2639 1266 2706 ἀνομίαν
1297 2637 1386 2688 ἐπὶ
1421 2635 1516 2704 τὴν
1553 2633 1775 2702 ἀνομίαν

229 2733 420 2785 αὐτῶν⁸
458 2731 725 2802 δευτέραν
758 2729 942 2789 αὐτοῖς
968 2727 1101 2798 πρὸς
1131 2729 1195 2796 τῇ
1237 2724 1470 2796 προτέρᾳ
1501 2714 1774 2790 λογιζόμε-

229 2840 326 2885 νος.
371 2823 528 2874 Ἀλλά
570 2823 668 2874 καὶ
705 2839 720 2870 ι
761 2817 855 2887 Μὴ
902 2817 1314 2877 εἰσελθέτωσαν,
1359 2813 1550 2883 φησιν,
1603 2814 1656 2862 ἐν
1701 2811 1779 2862 δι-

230 2911 472 2982 καιοσύνῃ
503 2928 618 2963 σου.
648 2929 665 2960 ι
732 2909 798 2959 Ἦ
838 2907 930 2974 μὲν
967 2905 1072 2975 γὰρ
1115 2903 1180 2973 σὴ
1212 2901 1519 2970 δικαιοσύνη
1545 2899 1776 2961 δικαίους

229 3001 561 3062 εἰσκαλεῖται,
588 3000 685 3052 καὶ
717 2999 925 3058 πάντας
948 2997 1024 3056 εἰς
1047 2995 1112 3045 τά
1144 2992 1401 3051 ἐνδοτάτω
1427 2992 1524 3059 τῆς
1557 2990 1653 3058 σῆς
1681 2989 1776 3058 βα-

232 3091 416 3152 σιλείας
447 3091 588 3142 κατά
620 3089 720 3150 τὰς
755 3083 1083 3153 ἐπαγγελίας
1110 3083 1455 3150 ύποδὲχεται’
1507 3083 1553 3133 οἱ
1584 3081 1637 3132 δὲ
1671 3097 1777 3132 τοι·

231 3181 355 3232 αῦτα
377 3181 751 3250 τολμήσαντες
777 3176 876 3228 οὐκ
908 3173 1291 3226 εἰσελεύσονται
1327 3170 1460 3240 μετά
1487 3171 1591 3223 τῶν
1614 3173 1676 3238 τῇ
1710 3172 1772 3239 σῇ
1803 3143 1843 3197 C

231 3269 524 3340 δικαιοσύνῃ
559 3264 1052 3333 συνελευσομὲνωνο
1093 3262 1203 3314 ἀλλ’
1235 3261 1352 3314 ούδέ
1407 3261 1775 3329 ἐγγραφήσον-

227 3375 307 3412 ται
338 3363 392 3412 ἐν
425 3360 593 3429 βίϐλῳ
626 3355 884 3420 ζώντων·
923 3352 1222 3404 τούναντίον
1261 3350 1315 3402 δὲ
1353 3349 1622 3401 πείσονται
1669 3351 1776 3408 τοίς

223 3447 658 3518 ἐγγραφομένοις.
696 3445 769 3495 Εἰ
801 3441 1011 3511 γὰρκαὶ
1045 3439 1245 3510 πρῶτοι
1276 3438 1373 3506 τῆς
1406 3438 1543 3507 ἐμῆς
1563 3438 1777 3506 χάριτος

225 3537 526 3601 ἀξιωθέντες
565 3531 955 3602 ἐνεγράφησάν
987 3546 1115 3581 ποτε
1141 3530 1194 3579 ἐν
1223 3531 1286 3596 τῇ
1321 3526 1484 3595 βίϐλῳ
1515 3525 1620 3578 τῶν
1647 3523 1778 3587 ζών-

226 3643 322 3678 των
351 3627 437 3679 διά
467 3626 594 3688 τοὺς
637 3641 715 3676 πα
730 3621 795 3690 ρὰ
826 3619 902 3688 τῷ
931 3618 1048 3688 Θεῷ
1091 3616 1289 3680 ζῶντας
1323 3616 1558 3684 πατέρας
1581 3613 1774 3676 αὐτῶν,

225 3714 292 3776 ὼς
313 3716 402 3767 καὶ
425 3717 608 3776 αὐτοῖς
633 3711 882 3764 δεδόσθαι
903 3709 1000 3770 τὰς
1022 3707 1344 3774 ἐπαγγελίας
1363 3724 1376 3737 ·
1403 3706 1513 3758 ἀλλ’
1536 3706 1653 3758 ἐπεὶ
1679 3722 1778 3756 τοι·

227 3803 353 3856 αὔτα
399 3805 844 3874 τετολμήκασιν,
903 3818 920 3849 ι
960 3797 1448 3866 Ἐξαλειφθήτωσαν
1491 3798 1552 3848 ἐκ
1599 3793 1774 3862 βίϐλου

229 3893 444 3954 ζώντων.
476 3914 494 3946 ι
549 3891 843 3960 Διασαφῶν
875 3891 932 3942 δὲ
954 3890 1052 3958 τὴν
1089 3888 1290 3939 ἔννοιαν
1329 3886 1426 3954 τῆς
1461 3885 1642 3954 βίϐλου
1669 3883 1775 3935 τῶν

230 3981 454 4046 ζώντων,
487 3985 734 4050 ἐπιλέγει
771 3981 893 4049 ἑξῆς
913 3997 926 4010 ⁶
970 3999 986 4029 ι
1008 3979 1116 4030 Καὶ
1143 3977 1277 4046 μετά
1301 3976 1516 4028 δικαίων
1544 3974 1618 4044 μὴ
1639 3989 1774 4043 γρα-

231 4073 495 4139 φήτωσαν.
511 4093 529 4124 ι
551 4072 814 4140 Ἐκλογῆς
835 4071 940 4140 γάρ
959 4068 1276 4138 γιγνομένης
1295 4065 1399 4118 τῶν
1422 4064 1556 4116 κατά
1577 4064 1663 4115 τὸν
1684 4064 1775 4114 ἀν-

231 4159 486 4228 θρώπινον
521 4164 636 4232 βίον
659 4200 674 4224 ,
715 4162 763 4213 οἱ
799 4162 894 4230 μὲν
917 4159 1056 4228 ζωῆς
1085 4158 1226 4222 ἄξιοι.
1251 4156 1347 4224 τῆς
1377 4153 1522 4224 παρὰ
1553 4153 1629 4222 τῷ
1661 4151 1776 4221 Θεῷ

230 4250 313 4303 διὰ
353 4253 448 4322 τήν
481 4251 693 4304 οἰκείαν
715 4247 1052 4315 δικαιοσύνην
1084 4246 1416 4315 ἀνάγραπτοι
1461 4243 1774 4312 γενήσονται

231 4341 350 4409 παρ’
378 4341 524 4410 αὐτῷ
545 4359 559 4372 ο
584 4342 635 4391 οἱ
663 4340 719 4392 δὲ
746 4337 1035 4404 ἀπόϐλητοι
1057 4336 1151 4403 τῆς
1180 4335 1358 4402 βίϐλου
1389 4335 1597 4386 ἔσονται
1618 4334 1664 4384 0i
1688 4331 1774 4383 τὸν

1887 595 1986 655 fel,
2017 605 2070 648 et
2104 595 2155 648 in
2187 595 2274 646 siti
2307 610 2420 646 mea
2457 602 2774 662 potaverunt
2809 610 2891 649 me
2921 604 3110 660 aceto;
3142 615 3160 646 ι
3191 611 3293 649 ιιοιι
3324 609 3414 651 so-

1885 685 1992 737 lum
2042 695 2278 753 tempore
2326 685 2588 752 passionis
2622 699 2785 747 meae,
2831 684 2924 738 sed
2969 687 3020 738 in
3064 686 3413 753 sequentibus

1884 775 2194 842 blasphema
2221 783 2406 826 contra
2435 789 2518 826 me
2548 773 2692 825 dicta
2723 773 2962 842 proferre
2989 787 3410 841 perseverantes.

1883 861 2083 926 Quare.
2109 863 2400 915 secundum
2432 862 2678 928 Aquilam
2699 897 2715 923 ,
2745 875 2840 929 pro
2863 861 2974 924 illo,
2999 880 3016 910 ι
3041 861 3409 925 addiderunt,»

1883 953 2099 1014 dicitur,
2155 970 2170 1000 |
2205 952 2572 1012 enarrabunt;
2615 970 2632 1002 ι
2687 949 2982 1003 secundum
3039 947 3411 1018 Symmachum

1886 1057 2010 1095 vero
2039 1059 2057 1091 ι
2086 1041 2430 1094 enarrabunt.
2464 1059 2482 1090 ι
2512 1039 2628 1092 Non
2677 1041 2818 1092 enim
2859 1049 2942 1092 sat
2983 1039 3087 1093 illis
3131 1038 3232 1092 fuit
3270 1041 3413 1108 quod

1883 1131 2046 1184 semel
2107 1131 2279 1198 ipsum
2329 1131 2738 1190 vulnerassent,
2785 1136 2840 1182 et
2887 1129 3012 1180 talia
3058 1138 3244 1182 contra
3291 1144 3412 1190 cum

1881 1222 1994 1272 ausi
2042 1221 2304 1282 luissrut;
2348 1221 2438 1272 sed
2487 1218 2640 1286 quasi
2689 1235 2745 1272 re
2794 1219 2929 1272 bene
2973 1226 3120 1286 gesta
3160 1217 3410 1286 gloriosi,

1880 1327 2044 1365 ausus
2093 1326 2220 1364 suos
2267 1311 2392 1363 tiliis
2429 1311 2772 1362 enarrabant.
2827 1309 3088 1373 Quoniam
3135 1309 3296 1377 igitur
3336 1307 3410 1362 illi

1881 1401 2037 1453 talem
2069 1403 2366 1468 portionem
2399 1406 2768 1466 cooptarunt,
2800 1414 2955 1466 quem
3002 1408 3054 1450 tu
3099 1397 3411 1466 percussisti

1879 1501 2287 1562 persequentes,
2321 1492 2634 1560 iniquitates
2661 1498 2836 1543 autem
2859 1499 2912 1543 et
2942 1490 3240 1556 impietates
3273 1489 3327 1541 in
3355 1502 3414 1542 se

1876 1590 1931 1634 et
1962 1582 2015 1634 in
2044 1582 2179 1634 lilios
2206 1596 2340 1634 suos
2359 1586 2738 1632 coaeervantcs
2763 1594 2779 1640 ;
2816 1577 2936 1644 jure
2963 1577 3244 1644 adjicitur:
3269 1575 3414 1645 «Ap-

1877 1685 2016 1738 pone
2053 1668 2388 1737 iniquitatem
2435 1682 2596 1735 super
2640 1666 2976 1733 iniquitatem
3013 1664 3292 1731 ipsorum,
3315 1679 3331 1712 ι
3359 1661 3411 1715 id

1877 1767 1989 1821 est,
2022 1777 2038 1808 ι
2073 1772 2308 1826 appones
2336 1774 2349 1810 :
2383 1775 2401 1806 ι
2429 1755 2565 1824 ipsis
2604 1768 2834 1821 namque
2867 1753 3131 1806 malorum
3174 1749 3412 1804 accessio

1877 1849 1998 1903 erit.
2051 1848 2166 1899 Alia
2213 1847 2354 1899 enim
2409 1845 2570 1898 nobis
2607 1843 2918 1896 hominibus
2958 1857 3026 1895 ex
3066 1838 3412 1894 interioribus

1877 1939 2169 2001 eveniunt;
2209 1938 2310 1990 alia
2351 1950 2476 1989 vero
2523 1935 2737 1987 aliunde
2779 1948 2844 1986 ex
2895 1931 3243 2000 sequentibus
3272 1930 3412 1982 inte-

1879 2030 2021 2082 riora
2073 2036 2279 2080 nostra.
2329 2025 2504 2089 Quare
2557 2023 2750 2076 alicubi
2805 2021 2915 2074 Deo
2961 2021 3194 2074 dicitur:
3225 2035 3244 2066 ι
3276 2017 3411 2080 Cum

1879 2127 2067 2171 sancto
2089 2124 2305 2170 sanctus
2326 2115 2456 2174 eris,
2478 2123 2666 2166 etcum
2701 2125 2950 2179 perverso
2976 2109 3298 2177 perverteris
3309 2105 3407 2162 ⁵⁸.»

1877 2207 1935 2260 In
1970 2207 2081 2274 lege
2113 2219 2324 2274 quoque
2355 2219 2419 2256 ex
2451 2202 2619 2270 ipsius
2655 2212 2880 2267 persona
2911 2197 3146 2250 dicitur:
3181 2213 3196 2242 ι
3228 2193 3284 2245 Si
3314 2207 3408 2246 ve-

1877 2298 2038 2350 niatis
2065 2295 2131 2348 ad
2163 2309 2244 2347 me
2273 2292 2504 2361 obliqui,
2533 2289 2782 2342 accedam
2810 2295 2864 2339 cl.
2891 2299 2990 2355 ego
3018 2287 3082 2336 ad
3111 2298 3205 2336 vos
3229 2281 3412 2334 animo

1875 2387 2097 2455 obliquo
2123 2385 2188 2436 δ’.
2222 2403 2239 2434 ι
2270 2383 2403 2448 Quia
2439 2382 2597 2451 igitur
2626 2380 2702 2434 illi
2731 2377 2882 2448 quasi
2915 2373 3153 2427 funiculo
3182 2372 3409 2439 ohlongo

1877 2477 2093 2540 peccata
2130 2484 2226 2522 sua
2260 2468 2580 2528 trahebant,
2613 2467 2734 2534 jure
2768 2474 2822 2517 tu
2853 2477 3066 2532 quoque
3097 2459 3280 2528 justus
3313 2457 3408 2525 ju-

1876 2561 1979 2614 dex
2019 2575 2255 2628 apponcs
2298 2557 2628 2626 iniquitatem
2676 2568 2836 2622 super
2883 2551 3220 2619 iniquitatem
3264 2547 3412 2616 ipso,

1877 2664 1993 2702 rum
2021 2666 2036 2714 ;
2066 2647 2131 2702 ad
2161 2649 2391 2716 priorem
2418 2647 2591 2705 illam,
2621 2643 2778 2695 aliam
2813 2643 3102 2710 imputans.
3131 2635 3241 2690 lmo
3271 2649 3408 2704 quo-

1877 2753 1980 2808 que
2022 2738 2133 2790 ait:
2167 2757 2185 2787 ι
2210 2735 2325 2788 Non
2377 2736 2576 2788 intrent
2623 2733 2675 2785 in
2719 2731 2982 2800 justitiam
3030 2736 3196 2781 tuam.
3227 2745 3246 2778 ι
3274 2724 3410 2777 Nam

1872 2827 2083 2895 justitia
2116 2825 2328 2895 quidem
2369 2832 2460 2875 tua
2502 2823 2681 2890 justos
2722 2819 2980 2880 advocat,
3016 2829 3309 2883 omnesque
3341 2812 3409 2866 ad

1879 2917 2062 2970 intima
2109 2893 2272 2984 regni.
2305 2915 2382 2968 tui
2421 2913 2715 2967 secundum
2748 2909 3160 2978 promissionem
3198 2903 3407 2973 recipit.

1877 3006 1978 3072 Qui
2024 3020 2150 3059 vero
2203 3005 2330 3058 talia
2378 3003 2493 3056 ausi
2538 3008 2663 3056 sunt
2711 3015 2815 3052 non
2866 2998 3144 3051 intrabunt
3189 3010 3310 3048 cum
3345 2993 3412 3047 iis

1877 3096 1968 3164 qui
2004 3109 2107 3148 una
2139 3109 2260 3148 cum
2292 3093 2499 3161 justitia
2533 3099 2624 3144 tua
2656 3087 2954 3157 ingressuri
2991 3092 3156 3141 sunt:
3192 3084 3285 3138 sed
3317 3097 3412 3136 ne?

1877 3201 1980 3254 que
2003 3185 2057 3238 in
2084 3184 2220 3237 libro
2244 3181 2529 3236 viventium
2548 3179 2858 3256 scribentur
2882 3193 2896 3240 ;
2924 3176 3030 3228 imo
3053 3173 3322 3227 contraria
3344 3172 3412 3227 iis

1876 3273 1968 3343 qui
2013 3272 2268 3341 descripti
2315 3279 2440 3324 sunt
2473 3271 2760 3338 patientur.
2809 3265 3029 3317 Etiamsi
3061 3263 3201 3318 enim
3237 3261 3410 3330 gratia

1876 3363 2061 3418 donati
2089 3378 2204 3416 mea
2235 3359 2524 3430 aliquando
2559 3359 2612 3411 in
2651 3357 2790 3410 libro
2823 3355 3116 3409 viventium
3144 3393 3158 3417 ,
3197 3359 3407 3421 patrum

1877 3467 2094 3508 suormn
2135 3451 2273 3520 apud
2334 3449 2494 3503 Deum
2545 3447 2832 3502 viventium
2888 3459 3080 3505 causa,
3118 3439 3410 3509 conscripti

1877 3547 2106 3604 fuerint,
2153 3543 2224 3595 ita
2271 3551 2327 3595 ut
2379 3539 2581 3608 etipsis
2630 3537 2897 3606 promissa
2943 3535 3119 3588 oblata
3172 3533 3312 3596 sint;
3357 3539 3414 3584 at

1874 3635 2126 3703 quoniam
2177 3633 2304 3684 talia
2385 3639 2512 3685 sunt
2572 3629 2723 3689 ausi,
2776 3645 2794 3678 ι
2844 3625 3123 3679 deleantur
3167 3623 3234 3676 de
3273 3621 3413 3675 libro

1875 3722 2186 3776 viventium.
2219 3740 2238 3770 ι
2265 3719 2410 3772 Libri
2438 3726 2613 3770 autem
2644 3715 2934 3768 viventiiun
2957 3713 3216 3766 rationem
3243 3708 3414 3778 expli-

1875 3827 2040 3872 cans,
2076 3809 2254 3864 subdit
2285 3816 2465 3877 postea
2486 3845 2500 3868 ,
2533 3824 2550 3854 ι
2581 3804 2650 3856 Ει
2678 3818 2800 3857 cum
2827 3803 2990 3870 justis
3030 3816 3148 3854 non
3169 3799 3412 3855 scriban-

1877 3909 1984 3954 tur.
2018 3919 2035 3951 ι
2061 3898 2333 3953 Electione
2363 3897 2558 3965 quippe
2591 3893 2732 3947 facta
2763 3906 2948 3946 eorum
2979 3891 3070 3960 qui
3118 3891 3170 3943 in
3212 3887 3412 3942 mundo

1875 3997 2030 4042 erant
2063 3987 2342 4038 hominum
2363 4023 2376 4045 ,
2414 3983 2504 4035 alii
2547 3982 2759 4051 quidem
2791 3979 2896 4031 vita
2928 3993 3047 4046 quatI
3077 3976 3214 4045 apud
3246 3977 3413 4030 Deum

1875 4087 1958 4131 est
1986 4075 2170 4146 digni,
2203 4075 2272 4128 oh
2304 4073 2573 4144 pr0priam
2603 4069 2865 4138 justitiam
2911 4067 3052 4135 apud
3099 4067 3275 4134 ipsum
3320 4065 3414 4120 de-

1875 4171 2209 4233 scribentur;
2235 4166 2323 4233 qui
2349 4173 2526 4219 autem
2552 4160 2783 4215 eslibro
2811 4156 3152 4215 delebuntur,
3187 4154 3222 4207 ii
3252 4162 3414 4208 erunt

1874 4262 1967 4332 qui
2001 4261 2124 4315 vita:
2159 4259 2454 4329 principem
2501 4253 2866 4324 repudiarunt.
2913 4246 2979 4298 Et
3029 4247 3115 4298 hic
3160 4244 3282 4298 ﬁnis
3309 4245 3413 4299 erit

1876 4368 2062 4407 eorum
2102 4351 2194 4420 qui
2226 4351 2335 4416 jam
2380 4351 2672 4400 memorata
2722 4347 2909 4392 contra
2950 4334 3285 4390 Servatorem
3314 4349 3412 4390 no-

233 4427 460 4498 ἀρχηγὸν
491 4431 592 4498 τῆς
625 4427 769 4497 ζωῆς
801 4425 1275 4501 παραιτῃσάμενοι.
1327 4424 1434 4474 Καὶ
1474 4421 1628 4474 τοῦτο
1677 4423 1771 4490 μὲν

1879 4451 2042 4496 strum
2074 4439 2313 4510 aggressi
2346 4445 2490 4490 sunt.
2521 4435 2646 4499 Quae
2677 4435 2973 4498 sequuntur
3001 4433 3200 4489 autem,
3235 4425 3289 4478 in
3321 4427 3411 4480 la:-

181 4589 188 4596 Ι
231 4516 286 4567 τὺ
309 4517 453 4580 τέλος
473 4519 584 4570 τῶν
609 4517 678 4570 τὰ
705 4515 1058 4586 προλεχθέντα
1084 4512 1221 4564 κατά
1244 4512 1334 4564 τοῦ
1359 4511 1600 4581 Σωτῆρος
1622 4511 1772 4581 ἡμῶν

232 4608 631 4677 τετολμηκότων
652 4625 664 4636 ·
700 4609 766 4660 τὰ
787 4609 830 4660 δ’
856 4607 977 4674 ἑξῆς
1005 4609 1032 4658 ὁ
1059 4605 1211 4667 λόγος
1240 4605 1330 4654 ἐπὶ
1355 4602 1413 4654 τὸ
1439 4603 1772 4672 φαιδρότερον

235 4696 546 4758 μεταϐάλλει
567 4735 582 4756 ,
611 4694 851 4746 ἐντεῦθεν
875 4692 1056 4744 λοιπὸν
1075 4692 1172 4761 τῆς
1193 4689 1542 4756 εύαγγελικῆς
1560 4689 1773 4757 χάριτος

237 4783 625 4854 ἀπαρχόμενος.

306 4911 322 4940 ι
345 4895 561 4962 Πτωχὸς
595 4896 687 4946 καὶ
719 4891 896 4958 ἀλγῶν
922 4891 1029 4958 ἐγώ
1063 4893 1175 4961 είμι
1198 4931 1212 4951 ,
1260 4892 1292 4958 ἡ
1327 4889 1558 4957 σωτηρία
1608 4905 1718 4951 σου,
1743 4891 1771 4941 ὁ

242 4978 377 5043 Θεὸς,
401 4985 720 5036 ἀντελάϐετό
767 5001 887 5052 μου.
915 5002 932 5031 ι
997 4981 1057 5035 '0
1085 4979 1248 5032 εἰπὼν
1297 4979 1354 5027 ἐν
1394 4977 1733 5042 Εὐαγγελίοις
1756 4995 1768 5006 ⁸

246 5085 263 5118 ι
285 5071 487 5124 Μάθετε
533 5075 628 5126 ἀπ’
655 5073 817 5142 ἐμοῦ,
858 5073 941 5122 ὅτι
973 5071 1142 5139 πρᾶός
1173 5071 1285 5135 εἰμι
1315 5065 1406 5116 καὶ
1431 5065 1674 5125 ταπεινὸς
1705 5070 1768 5136 τῇ

247 5158 423 5226 καρδίᾳ.
438 5199 450 5214 .
476 5180 494 5209 ι
521 5159 608 5211 διὰ
633 5161 736 5210 τῶν
753 5157 1115 5226 προκειμένων
1137 5152 1347 5220 πτωχὸς
1363 5150 1452 5201 καὶ
1470 5149 1646 5216 ἀλγῶν
1665 5151 1774 5218 ἐγώ

247 5239 376 5306 εἰμι,
411 5245 558 5312 φησί.
621 5242 842 5309 Πτωχὸς
873 5241 926 5292 δέ
961 5237 1027 5309 ἦν
1065 5242 1153 5293 τὸν
1182 5235 1404 5290 πλοῦτον
1427 5235 1520 5302 τῆς
1552 5238 1768 5289 αἰωνίου

247 5326 494 5392 βασιλείας
523 5331 866 5398 ἀποθέμενος.
897 5330 992 5380 Διό
1018 5347 1173 5398 φησιν
1192 5330 1218 5379 ό
1246 5322 1476 5383 Παῦλος·
1514 5339 1530 5370 ⁸
1565 5325 1771 5394 Ἰησοῦς

251 5415 455 5485 Χριστὸς
478 5422 726 5480 πλούσιος
745 5417 844 5478 ῶν,
867 5419 930 5469 δι’
954 5423 1098 5488 ἡμᾶς
1121 5418 1474 5484 ἐπτώχευσενν
1507 5416 1591 5466 ενα
1611 5419 1772 5486 ἡμεῖς

245 5507 464 5573 ﬁda-:05
491 5509 728 5578 πτωχείᾳ
751 5505 1144 5578 πλουτήσωμεν.
1161 5530 1176 5558 ι
1199 5502 1358 5558 Ἀλλὰ
1388 5503 1473 5554 καὶ
1493 5522 1510 5552 ι
1534 5505 1723 5571 ἀλγῶν
1747 5525 1765 5557 ι

306 5654 343 5683 ⁸³
375 5655 503 5710 Psal.
545 5672 688 5718 xvii,
719 5653 814 5716 9.6,
855 5653 938 5708 27.
1017 5659 1059 5689 ³⁸
1097 5656 1260 5711 chit.
1307 5665 1452 5716 nrt,
1487 5653 1580 5719 9.5,
1626 5654 1718 5710 ει.

1799 5659 1842 5691 ³ο
1884 5656 2064 5709 Matth.
2110 5669 2184 5713 XI,
2219 5649 2306 5703 29.

1880 4535 2070 4586 tiorem
2118 4529 2344 4583 formam
2394 4533 2699 4579 mutantur:
2751 4537 2873 4575 nam
2922 4520 3045 4577 inde
3091 4518 3412 4590 evangelica

1877 4621 2062 4691 gratiae
2087 4619 2300 4672 initium
2327 4615 2557 4668 ducitur.

1945 4879 2108 4932 Vsus.
2150 4878 2216 4930 ὅθ
2234 4875 2364 4938 ,.51.
2391 4873 2537 4942 «Ego
2563 4887 2678 4926 smn
2705 4885 2805 4937 pau
2818 4885 2910 4938 per
2938 4877 2991 4924 et
3015 4869 3200 4922 dolens
3220 4908 3234 4930 .
3265 4870 3414 4924 salus

1877 4982 1966 5024 tua
1987 5010 2000 5031 ,
2047 4968 2207 5028 Deus,
2232 4965 2470 5032 suscepit
2509 4979 2611 5015 me.
2637 4959 2776 5024 ιρμι
2810 4961 2870 5012 in
2902 4958 3203 5028 Evangeliis
3232 4959 3368 5011 dixit
3395 4980 3408 5014 :

1882 5079 1900 5108 ε
1926 5057 2124 5111 Discite
2146 5070 2176 5106 α
2201 5069 2286 5106 me
2312 5053 2435 5119 quia
2493 5050 2637 5101 mitis
2662 5063 2778 5099 sum
2807 5047 3104 5098 eLhumilis
3128 5043 3287 5097 corde
3309 5045 3407 5103 “.p

1877 5150 1928 5202 in
1965 5145 2210 5215 praesenti
2232 5157 2289 5196 se
2320 5154 2602 5209 pauperem
2634 5147 2685 5188 et
2712 5135 2982 5187 dolentem
3017 5134 3167 5187 dicit.
3203 5131 3410 5202 Pauper

1874 5248 2050 5293 autem
2079 5242 2230 5295 erat.
2261 5229 2516 5298 depositis
2556 5224 2738 5279 a:terni
2769 5224 2919 5292 regni
2947 5224 3168 5277 divitiis.
3217 5221 3415 5286 Quam-

1874 5330 2056 5381 obrem
2085 5326 2158 5377 ait
2176 5322 2372 5374 Paulus
2393 5336 2406 5370 :
2430 5337 2445 5365 ι
2467 5315 2623 5369 Jesus
2642 5314 2892 5366 Christus
2914 5327 3038 5366 cum
3068 5312 3215 5365 dives
3243 5320 3412 5373 esset,

1877 5425 2094 5487 propter
2123 5428 2220 5467 nos
2261 5412 2413 5475 inops
2443 5406 2663 5459 eﬂectus
2691 5411 2806 5463 est,
2840 5408 2899 5454 ut
2942 5417 3045 5457 nos
3074 5401 3191 5467 ejus
3232 5399 3413 5470 inopia

1877 5507 2068 5560 divites
2084 5514 2331 5555 essemus
2354 5497 2415 5550 ⁵¹.
2445 5515 2461 5546 ι
2487 5492 2591 5546 Sed
2612 5492 2769 5546 etiam
2794 5508 2812 5540 ι
2831 5489 3028 5546 dolens.
3049 5488 3194 5543 »ιυιι
3210 5505 3228 5554 ;
3246 5505 3316 5557 qu
3330 5504 3416 5547 ne

2405 5649 2444 5678 "
2487 5643 2526 5697 ll
2564 5643 2686 5698 Cor.
2726 5655 2842 5704 vnt,
2878 5639 2930 5696 9.
