3796 6342
178 438 261 498 Τϐῐ
1228 424 1716 484 COMMENTARIA
1752 423 1814 479 IN
1851 426 2179 497 PS.~\LMOS.

3187 424 3297 480 762

176 550 463 619 γέγρααιιοιιαι⁹
492 561 510 593 ι
545 544 649 594 Καὶ
674 538 895 612 ὲλάλησε
917 538 1123 611 Κύριος
1150 542 1283 611 πρὸς
1319 538 1555 606 Μωῡσῆν
1581 538 1665 588 λέ-

1769 538 1980 594 dicens:
2001 538 2242 608 Loquere
2275 537 2337 591 ad
2358 535 2493 591 ﬁlios
2521 534 2703 600 lsrael,
2726 536 2947 591 dicens:
2970 534 3025 589 Si
3047 550 3298 592 summus

173 654 282 705 γωνο
318 634 549 702 Λάλησον
577 632 705 700 πρὸς
733 633 855 693 τοὺς
885 632 1028 692 υἱοὺς
1068 631 1277 701 Ἰσραὴλ
1302 630 1488 696 λέγων’
1543 627 1665 679 Ἐὰν

172 728 193 777 6
217 722 471 793 ἀρχιερεὺς
500 722 527 772 6
554 720 901 789 κεχρισμένος
938 719 1153 791 ἁμάρτῃ
1213 720 1305 771 τοῦ
1342 718 1468 771 λαὸν
1497 719 1666 788 ἁμαρ-

170 815 277 871 τείν,
310 810 395 861 καὶ
424 808 672 876 προσάξει
727 810 853 878 περὶ
909 810 1003 878 τῆς
1061 809 1328 878 ἁμαρτίας
1391 806 1547 860 αὑτοῦ
1601 803 1666 877 ἧς

167 902 366 967 ἥμαρτε,
403 897 592 963 μόσχον
618 897 680 946 ὲκ
733 895 871 962 βοῶν
924 895 1145 965 ἄμωμον
1175 895 1252 964 τῷ
1305 896 1538 966 Κυρίῳη
1576 900 1667 950 καὶ

167 988 287 1053 ἑξῆς·
326 1005 343 1033 ι
379 987 495 1036 Ἐὰν
533 985 587 1037 δὲ
621 987 767 1036 πᾶσα
818 986 1099 1056 συναγωγὴ
1142 987 1349 1057 Ἰσραὴλ
1411 988 1663 1057 ἀγνοήσῃ,

166 1076 241 1127 καὶ
271 1074 392 1143 λάθη
418 1074 563 1143 ῥῆμα
613 1074 672 1137 ἐξ
724 1076 1013 1145 ὀφθαλμῶν
1062 1078 1158 1145 τῆς
1192 1078 1524 1155 συναγωγῆς·
1577 1078 1667 1130 καὶ

165 1168 391 1232 ποιήσωσι
427 1162 550 1231 μίαν
575 1163 679 1215 ἀπὸ
704 1164 891 1216 πασῶν
926 1164 1030 1217 τῶν
1061 1166 1283 1218 ἐντολῶν
1319 1167 1409 1218 τοῦ
1447 1167 1663 1236 Κυρίου,

163 1254 189 1322 ἥ
217 1254 266 1303 οὐ
298 1250 655 1321 ποιηθήσεται,
686 1253 781 1304 καὶ
815 1253 1185 1322 πλημμελῶσι,
1221 1256 1311 1306 καὶ
1339 1255 1545 1323 γνωσθῇ
1573 1255 1668 1305 αὑ-

164 1344 253 1402 τοῖς
280 1339 559 1409 ήάμαρτία
588 1340 655 1409 ἢν
691 1342 934 1410 ἥμαρτον
966 1344 1022 1393 ὲν
1043 1344 1197 1412 αὐτῇ·
1235 1342 1325 1395 καὶ
1355 1344 1607 1412 προσάξει
1633 1342 1666 1412 ἡ

164 1430 408 1499 συναγωγὴ
443 1429 636 1499 μόσχον
661 1432 725 1485 ἐκ
757 1433 894 1501 βοῶν
923 1434 1165 1504 περὶτῆς
1191 1433 1475 1504 ἁμαρτίας.
1519 1454 1535 1486 ι
1560 1436 1667 1488 Καὶ

165 1517 275 1583 μετὰ
319 1516 481 1570 ταῦτα
507 1520 539 1588 ὴ
570 1519 779 1589 ἱστορία
811 1522 1016 1589 εἰσάγει
1072 1522 1206 1592 ὑπὲρ
1231 1522 1322 1575 τοῦ
1378 1524 1668 1594 ἀρχιερέως

161 1604 318 1657 Θυσίαν
362 1606 574 1676 μόσχον,
628 1610 686 1663 ὲν
734 1605 816 1672 οἷς
863 1609 1094 1680 εἴρηται’
1160 1630 1180 1663 ι
1216 1613 1321 1664 Καὶ
1357 1614 1666 1683 προσήγαγε

160 1693 362 1762 Μωῡσῆς
388 1694 474 1747 τὸν
500 1695 697 1766 μόσχον
723 1698 814 1751 τὸν
831 1701 955 1768 περὶ
989 1700 1088 1769 τῆς
1112 1701 1395 1771 ἁμαρτίας,
1424 1703 1514 1755 καὶ
1542 1701 1667 1755 ἐπέ-

160 1780 297 1849 θηκεν
348 1783 544 1854 Ἀαρὼν
572 1787 666 1838 καὶ
688 1788 737 1839 οἱ
769 1789 873 1841 υἱοὶ
900 1788 1062 1842 αὑτοῦ
1089 1789 1190 1851 τὰς
1232 1790 1417 1861 χεῖρας
1455 1793 1545 1843 ἐπὶ
1570 1793 1667 1861 τὴν

157 1869 357 1939 κεφαλὴν
387 1871 476 1923 τοῦ
502 1874 701 1943 μόσχου
727 1876 822 1928 τοῦ
850 1876 946 1944 τῆς
977 1878 1263 1949 ἁμαρτίας,
1321 1880 1410 1933 καὶ
1443 1879 1666 1948 ἔσφαξεν
1698 1863 1739 1921 Β

156 1958 332 2010 αὐτόν.»
377 1960 533 2030 Ὁρᾷς
564 1963 656 2015 ἐπὶ
694 1965 873 2026 ποίοις
901 1968 928 2018 6
963 1967 1155 2036 μόσχος
1192 1969 1550 2039 προσεφέρετο
1577 1971 1667 2020 ἐπὶ

157 2044 278 2115 πάσῃ
298 2050 358 2116 τῇ
386 2054 667 2121 συναγωγῇ
709 2052 925 2124 Ἰσραὴλ
974 2056 1303 2127 ἁμαρτούσῃ,
1333 2055 1424 2109 καὶ
1450 2059 1539 2110 ἐπὶ
1567 2060 1665 2129 ἀρ-

156 2136 297 2199 χιερεῖ
341 2135 670 2206 ἡμαρτηκότι
695 2157 709 2170 ·
760 2142 861 2194 καὶ
912 2142 1006 2212 οὐχ
1056 2144 1237 2207 ἅπλῶς
1298 2146 1665 2217 ἡμαρτηκότι,

154 2220 263 2273 ἀλλὰ
288 2223 375 2275 καὶ
429 2225 503 2294 τῷ
535 2226 648 2297 λαῷ
680 2230 841 2300 αἰτίῳ
873 2232 1140 2301 γενομένῳ
1194 2235 1483 2304 ἁμαρτίας·
1525 2235 1667 2304 λέγει

155 2309 260 2378 γάρ·
289 2328 305 2360 ι
326 2313 440 2365 Ἐὰν
466 2318 494 2368 6
538 2318 833 2389 ἀρχιερεὺς
859 2320 886 2371 6
929 2321 1275 2390 κεχρισμένος
1315 2324 1529 2394 ἁμάρτῃ
1574 2324 1667 2377 τοῦ

156 2398 228 2448 τὸν
253 2399 362 2452 λαὸν
390 2404 674 2475 ἁμαρτεῖν·
692 2428 711 2459 ι
745 2409 865 2461 ἀνθ’
897 2405 955 2463 οὗ
982 2411 1010 2460 6
1056 2409 1277 2474 Ἀκύλας
1312 2415 1665 2483 ἡρμήνευσεψ

161 2506 174 2534 ι
206 2489 284 2551 Εἰς
310 2493 680 2565 πλημμέλησιν
717 2497 817 2551 τοῦ
851 2498 1033 2552 λαοῦ.»
1073 2501 1222 2553 Ἐπεὶ
1251 2503 1424 2556 τοίνυν
1454 2504 1590 2556 κατὰ
1611 2505 1669 2557 τὸ

159 2579 383 2647 σωτήριον
416 2583 582 2646 πάθος
626 2587 674 2637 οἱ
737 2588 1015 2656 ἀρχιερεῖς
1053 2588 1145 2639 καὶ
1194 2591 1240 2641 οἱ
1284 2590 1536 2659 ἄρχοντες
1575 2592 1666 2644 τοῦ

166 2662 392 2719 Ἰουδαίων
428 2668 610 2732 ἔθνους
642 2672 985 2742 συνήχθησαν
1041 2673 1129 2725 ἐπὶ
1173 2674 1232 2727 τὸ
1256 2674 1383 2728 αὐτὸ
1413 2678 1550 2731 κατὰ
1575 2679 1668 2732 τοῦ

157 2751 327 2838 Κυρίου
353 2758 611 2813 καὶκατὰ
655 2764 754 2815 τοῦ
807 2765 1039 2834 Χριστοῦ
1073 2767 1254 2830 αὑτοῦ,
1298 2768 1374 2838 τῷ
1417 2787 1475 2821 τε
1513 2769 1669 2823 παντὶ

154 2834 241 2906 λαῷ
275 2841 583 2917 διαστροφῆς
616 2850 775 2902 αὐτοὶ
830 2851 1109 2917 γεγόνασιν
1146 2853 1323 2906 αἴτιοιο
1346 2834 1670 2926 ⁷γέγραπται

154 2927 257 2996 γάρ’
289 2949 304 2979 ι
336 2934 437 2985 Καὶ
467 2938 513 2987 oi
550 2938 829 3011 ἀρχιερεῖς
868 2940 960 2991 καὶ
1009 2941 1068 2993 τὸ
1098 2943 1362 3013 συνέδριον
1410 2946 1526 2999 ὅλον
1550 2948 1671 3017 ἐζή-

154 3031 254 3069 τουν
278 3022 734 3100 Ψευδομαρτυρίαν
766 3032 902 3085 κατὰ
922 3033 1014 3086 τοῦ
1056 3033 1244 3102 Ἰησοῦ,
1265 3035 1407 3097 ὅπως
1432 3035 1672 3089 θανωτὼ-

154 3125 290 3163 σωσιν
312 3116 516 3170 αὐτόν-ι
551 3121 645 3174 καὶ
668 3122 830 3175 πάλιν
859 3123 1004 3192 ἑξῆςο
1034 3142 1051 3174 ι
1076 3126 1136 3175 Οἱ
1188 3125 1244 3176 δὲ
1276 3126 1544 3196 ἀρχιερεῖς
1577 3127 1668 3180 καὶ

152 3200 191 3247 οἱ
214 3205 546 3278 πρεσϐύτεροι
575 3209 803 3264 ἔπεισαν
827 3187 951 3272 τοὺς
974 3211 1158 3279 ὄχλους
1179 3213 1263 3264 ἵνα
1296 3187 1550 3283 αἰτήσωσι
1580 3216 1667 3267 τὸν
1693 3187 1735 3242 c

150 3286 424 3359 Βαραϐϐᾶν,
461 3299 552 3351 τὸν
575 3300 633 3353 δὲ
673 3300 882 3370 Ἰησοῦν
915 3301 1295 3353 ἀπολέσωσινη
1327 3304 1492 3372 Χρεία
1516 3304 1571 3355 δὲ
1600 3300 1668 3373 ἦν

148 3382 429 3452 καθάρσεως
456 3394 568 3453 τοῖς
601 3392 780 3445 ταῦτα
826 3392 1195 3462 τετολμηκόσι,
1228 3395 1317 3445 καὶ
1359 3394 1542 3457 θυσίας
1573 3397 1669 3448 οὐκ

141 3469 298 3542 ἄλλης,
323 3478 353 3546 ἢ
382 3479 477 3549 τῆς
498 3481 588 3534 διὰ
616 3482 721 3535 τοῦ
757 3480 971 3551 μόσχου,
1028 3481 1102 3543 ὡς
1141 3483 1548 3553 μεμαρτύρηται
1583 3483 1671 3536 διὰ

143 3561 225 3629 τῆς
246 3570 588 3641 προτεθείσης
611 3571 1120 3643 Γραφῆς·είκότως,
1143 3572 1253 3625 Οὐκ
1268 3572 1516 3642 αἰσθητὸν
1540 3572 1668 3640 ἐγὼ,

142 3655 273 3723 φησὶ,
306 3660 501 3730 μόσχον
537 3664 859 3735 προσφέρω,
886 3661 973 3714 διὰ
997 3662 1104 3715 τῶν
1133 3662 1495 3732 προκειμένων
1516 3663 1545 3714 6
1563 3664 1671 3715 Σω-

142 3742 227 3813 τὴρ
255 3747 423 3815 ἡμῶν,
461 3752 599 3805 ἀλλά
632 3754 739 3824 τὴν
793 3751 1033 3822 καθαρὰν
1057 3752 1150 3804 καὶ
1193 3753 1417 3820 ἄναιμον
1464 3751 1669 3814 θυσίαν,

143 3831 196 3897 ἦν
222 3835 369 3898 αὐτὸς
393 3838 504 3906 ἐγὼ
530 3841 946 3910 συνεστησάμην
999 3841 1055 3891 ὲν
1079 3842 1141 3909 τῇ
1186 3840 1413 3908 ἐμαυτοῦ
1454 3838 1670 3909 Ἐκκλη·

144 3920 218 3988 σία
235 3922 315 3975 διὰ
345 3927 441 3996 τῆς
474 3930 714 3999 ἁναίμου
740 3929 831 3982 καὶ
853 3929 1059 3998 ἀπύρου
1093 3928 1445 3999 λειτουργίας,
1480 3929 1575 3997 τῆς
1606 3929 1671 3982 δι’

142 4012 390 4079 αἰνέσεως·
424 4019 547 4087 ἥτις
603 4021 791 4092 ἀρέσει
840 4019 915 4088 τῷ
973 4018 1089 4089 Θεῷ
1136 4019 1328 4089 μᾶλλον
1378 4020 1409 4088 ἢ
1448 4022 1475 4073 6
1526 4018 1673 4088 παρὰ

139 4102 337 4159 Μωῦσεῖ
366 4112 695 4181 νενομοθετη
705 4114 859 4180 μένος
883 4111 1093 4181 μόσχος.
1127 4110 1214 4162 Διὸ
1237 4109 1499 4162 λέλεκται·
1521 4128 1539 4158 ι
1561 4112 1673 4163 Με-

140 4193 331 4255 γαλυνῶ
361 4200 526 4255 αὐτὸν
554 4205 613 4254 ὲν
645 4202 860 4254 αἰνέσει.
890 4200 999 4253 Καὶ
1026 4201 1207 4271 ἁρέσει
1237 4201 1314 4269 τῷ
1337 4200 1504 4269 δείξω
1532 4202 1563 4270 ὴ
1595 4201 1675 4253 αῖ-

140 4297 265 4347 νεσις
285 4288 507 4361 δηλαδὴ,
536 4312 555 4342 ι
586 4293 728 4361 ὑπὲρ
752 4291 948 4361 μόσχον
973 4291 1111 4353 νέον,
1141 4290 1343 4361 κέρατα
1373 4291 1673 4359 ἐκφέροντα

140 4373 219 4424 καὶ
243 4378 424 4441 ὁπλάς.
454 4401 473 4432 ι
514 4383 747 4451 Ἔτυχον
774 4382 817 4433 δ’
846 4381 911 4434 ἂν
942 4382 1183 4448 ἀφέσεως
1231 4381 1323 4433 καὶ
1367 4380 1675 4450 καθάρσεως

1764 630 2015 686 sacerdos
2037 631 2127 700 qui
2153 637 2348 683 unctus
2375 636 2457 684 est
2485 628 2801 697 peccaverit,
2848 635 2910 680 ut
2958 642 3183 698 peccare
3211 626 3293 680 fa-

1764 720 2160 789 ciatpopulum,
2192 718 2374 774 offeret
2407 734 2504 788 pro
2550 725 2766 787 peccato
2819 733 2917 773 suo
2951 734 3057 787 quo
3101 733 3295 787 pecca-

1763 811 1859 871 vit,
1893 811 2114 863 vitulum
2146 826 2208 862 ex
2234 809 2404 862 bobus
2456 809 2854 861 immaculatum
2898 806 3123 862 Domino
3154 809 3228 874 ’λς
3267 826 3287 859 ι

1764 911 1826 951 ac
1857 898 2049 952 deinde
2079 913 2091 947 :
2132 916 2148 946 ι
2176 896 2328 961 Quod
2371 898 2414 951 si
2454 897 2629 950 omnis
2665 910 2931 965 synagoga
2957 894 3119 948 Israel
3150 896 3293 963 igno-

1765 988 1979 1050 raverit,
2028 994 2081 1040 et
2123 987 2337 1039 latuerit
2379 987 2597 1040 verbum
2645 1000 2709 1039 ex
2755 984 2926 1039 oculis
2976 1000 3293 1055 synagogas:

1764 1086 1856 1130 aut
1890 1076 2259 1130 feceritunum
2313 1091 2379 1128 ex
2415 1074 2667 1129 omnibus
2712 1075 2992 1144 praeceptis
3049 1073 3301 1138 Domini;

1765 1174 1856 1218 aut
1888 1182 1993 1220 non
2026 1165 2230 1227 fecerit,
2265 1172 2318 1218 et
2343 1164 2625 1234 deliquerit
2661 1172 2714 1217 et
2766 1164 3075 1233 cognoverit
3105 1179 3291 1232 pecca-

1764 1264 1876 1309 tum
1903 1271 2057 1310 suum
2087 1270 2195 1323 quo
2236 1254 2508 1322 peccavit;
2536 1253 2722 1307 otl‘eret
2773 1268 3040 1324 synagoga
3066 1254 3302 1306 vitulum

1763 1362 1826 1399 ex
1855 1346 2023 1400 bobus
2056 1361 2152 1415 pro
2175 1354 2394 1413 peccato
2421 1346 2485 1397 “.
2520 1364 2538 1395 ι
2575 1344 2685 1403 Sub
2709 1344 2819 1398 haec
2851 1351 3026 1396 autem
3074 1358 3170 1411 pro
3220 1359 3305 1397 sa-

1763 1434 1975 1488 cerdote
1998 1434 2269 1487 inducitur
2320 1434 2373 1486 in
2431 1433 2753 1488 sacriﬁcium
2806 1433 3027 1496 vitulus,
3058 1448 3181 1485 nam
3211 1432 3292 1484 di-

1764 1523 1902 1576 citur
1929 1537 1941 1571 :
1970 1541 1988 1573 ι
2014 1521 2078 1574 Ει
2105 1521 2297 1575 obtulit
2319 1521 2528 1590 Moyses
2563 1521 2789 1573 vitulum
2818 1534 2915 1588 pro
2961 1526 3219 1588 peccato:
3243 1526 3297 1571 et

1764 1612 2017 1679 imposuit
2036 1612 2213 1663 Aaron
2230 1617 2283 1663 et
2327 1609 2417 1662 ﬁlii
2459 1610 2578 1678 ejus
2602 1623 2794 1663 manus
2821 1623 2985 1677 super
3038 1615 3198 1676 caput
3218 1608 3299 1660 vi-

1764 1701 1858 1754 tuli
1893 1716 1989 1769 pro
2013 1708 2255 1770 peccato,
2285 1706 2338 1753 et
2360 1699 2657 1753 immolavit
2701 1713 2821 1753 eum
2843 1700 2910 1749 ⁸⁵.
2942 1717 2961 1749 ι
2996 1698 3155 1752 Vides
3180 1696 3301 1766 qui-

1766 1793 1865 1846 bus
1885 1792 1950 1845 de
1973 1791 2154 1846 causis
2174 1791 2375 1844 vitulus
2405 1789 2691 1844 oﬁ'erretur
2729 1804 2828 1858 pro
2849 1789 3101 1843 universa
3133 1802 3298 1857 syna-

1766 1895 1897 1950 goga
1929 1878 2145 1934 lsraelis
2188 1887 2468 1948 peccante,
2516 1888 2568 1932 et
2611 1893 2708 1947 pro
2763 1893 2974 1933 summo
3023 1878 3301 1932 sacerdote

1765 1977 2015 2039 peccante
2039 1987 2054 2035 ;
2078 1986 2176 2023 nec
2208 1970 2365 2022 modo
2389 1975 2662 2038 peccante,
2717 1968 2811 2022 sed
2854 1969 3016 2022 etiam
3047 1968 3299 2036 populum

1766 2059 1819 2112 in
1849 2066 2126 2128 peccatum
2167 2059 2486 2123 inducente;
2521 2058 2650 2110 dicit
2700 2058 2875 2111 enim:
2913 2076 2931 2108 ι
2970 2057 3026 2112 Si
3056 2074 3300 2114 summus

1765 2149 2036 2213 sacerdos,
2063 2149 2152 2218 qui
2176 2157 2370 2203 unctus
2389 2157 2491 2209 est,
2527 2148 2844 2217 peccaverit,
2889 2156 2946 2201 ut
2973 2163 3193 2216 peccare
3224 2148 3303 2200 l‘a-

1764 2240 2206 2309 ciatpopuluma
2240 2238 2345 2293 Pro
2368 2254 2475 2307 quo
2530 2238 2721 2307 Aquila
2781 2238 2859 2292 sic
2918 2237 3303 2307 interpretatus

1763 2335 1884 2382 est:
1921 2345 1938 2377 ι
1976 2327 2033 2380 1η
2083 2326 2335 2381 delictum
2384 2326 2587 2395 populi.
2620 2345 2639 2376 ι
2696 2324 2831 2391 Quia
2888 2325 3301 2395 igiturtempore

1767 2419 2033 2487 passionis
2092 2416 2298 2471 Domini
2355 2418 2548 2471 summi
2607 2416 2917 2471 sacerdotes
2947 2426 2999 2470 et
3029 2415 3305 2484 principes

1764 2504 1998 2559 Judaica’:
2060 2506 2234 2574 gentis
2295 2513 2660 2560 convenerunt
2715 2505 2768 2558 in
2827 2520 2991 2557 unum
3045 2505 3301 2557 adversus

1766 2601 2044 2655 Dominum
2079 2609 2131 2655 et
2163 2601 2420 2654 adversus
2466 2599 2739 2653 Christum
2773 2599 2912 2667 ejus,
2959 2599 3163 2667 totique
3214 2613 3309 2665 po-

1766 2693 1891 2762 pulo
1951 2691 2311 2760 perversionis
2355 2698 2605 2744 auctores
2664 2688 2834 2751 fuere,
2901 2688 3160 2756 scriptum
3222 2695 3303 2739 est

1765 2783 1938 2840 enim:
1966 2800 1983 2833 ι
2014 2781 2289 2850 Principes
2322 2780 2663 2835 sacerdotum
2712 2786 2766 2833 et
2816 2778 3099 2833 consilium
3134 2783 3301 2831 totum

1766 2874 2075 2943 quaerebant
2096 2873 2287 2926 falsum
2324 2870 2691 2925 testimonium
2721 2878 2907 2923 contra
2940 2867 3144 2932 Iesum,
3166 2883 3303 2936 quc-

1767 2962 1927 3015 ntodo
1958 2962 2117 3014 morti
2145 2960 2415 3014 traderent
2430 2975 2552 3013 eum
2576 2960 2650 3025 5’;
2677 2978 2697 3009 ι
2732 2973 2794 3012 ac
2822 2973 3067 3012 rursum:
3097 2974 3115 3007 ι
3148 2956 3301 3010 Prin-

1768 3052 1914 3120 cipes
1943 3053 2282 3105 sacerdotum
2319 3058 2372 3103 et
2409 3050 2651 3103 seniores
2697 3055 3085 3116 persuaserunt
3130 3047 3303 3102 turbis

1772 3148 2085 3211 utpeterent
2130 3139 2447 3203 Barabbam,
2478 3136 2656 3192 Iesum
2702 3152 2829 3191 vero
2868 3136 3150 3205 perderent
3181 3136 3246 3190 ³⁸.
3278 3155 3298 3187 ι

1766 3231 1833 3285 lis
1856 3245 2016 3300 porro
2042 3229 2131 3297 qui
2160 3229 2283 3281 talia
2307 3228 2422 3281 ausi
2452 3227 3138 3295 fuerantpurgationeopus
3164 3234 3301 3287 erat,

1765 3329 1818 3376 et
1847 3320 2132 3383 sacriﬁcio,
2165 3318 2404 3372 non'alio
2429 3331 2586 3385 quam
2623 3316 2799 3378 vituli,
2820 3324 2878 3369 ut
2905 3314 3181 3384 Scriptura
3206 3332 3301 3371 su-

1767 3412 1947 3482 perius
1979 3411 2137 3463 allata
2187 3409 2523 3462 testiﬁcatur.
2556 3407 2683 3461 Jure
2717 3408 2804 3460 hic
2844 3406 3096 3461 Servator
3121 3415 3308 3462 noster

1768 3503 1877 3555 ait:
1909 3500 2024 3554 Non
2072 3500 2375 3553 sensibilem
2410 3512 2506 3566 ego
2540 3498 2763 3550 vitulum
2799 3496 3030 3565 profero.
3086 3496 3178 3550 sed
3207 3513 3305 3564 pu-

1768 3605 1880 3643 ram
1903 3597 1954 3643 et
1983 3591 2313 3641 incruentam
2364 3587 2613 3647 hostiam,
2654 3601 2811 3653 quam
2844 3602 2943 3655 ego
2971 3587 3083 3654 ipse
3122 3586 3175 3638 in
3205 3586 3305 3638 Ec-

1769 3682 1930 3735 clesia
1988 3694 2104 3731 mea
2132 3677 2410 3739 constitui,
2452 3692 2546 3744 per
2601 3676 2940 3729 incruentum
2986 3683 3037 3728 et
3063 3675 3183 3743 igne
3212 3690 3309 3728 va-

1770 3783 1926 3821 cuum
1956 3765 2330 3826 ministerium,
2364 3765 2505 3831 quod
2539 3763 2694 3816 laude
2742 3762 3104 3830 persolvitur;
3163 3762 3309 3832 quod

1772 3872 1901 3911 sane
1929 3855 2036 3911 Deo
2066 3858 2221 3926 longe
2271 3855 2543 3923 acceptius
2572 3861 2623 3905 et
2658 3852 2861 3921 gratius
2884 3852 3007 3913 erit,
3037 3867 3196 3921 quam
3221 3853 3315 3905 ille

1772 3945 1970 4015 Moysis
1998 3946 2113 4014 lege
2160 3944 2468 4013 assignatus
2498 3942 2718 3995 vitulus.
2744 3940 3080 4007 Quapropter
3101 3940 3306 3993 dictum

1771 4044 1853 4089 est
1881 4053 1893 4087 :
1931 4051 1951 4084 ι
1975 4032 2321 4102 Magniﬁcabo
2343 4046 2463 4084 eum
2504 4031 2554 4082 in
2584 4028 2758 4081 laude.
2792 4026 2853 4077 Et
2875 4028 3103 4093 placebit
3124 4027 3250 4086 Deo,
3282 4047 3307 4077 ι

1772 4126 1890 4179 laus
1939 4124 2178 4187 scilicet,
2236 4140 2254 4172 ι
2283 4136 2444 4190 super
2499 4120 2727 4172 vitulum
2773 4117 3060 4179 novellum,
3103 4132 3309 4169 cornua

1773 4213 2151 4283 producentem
2180 4220 2233 4266 et
2259 4210 2506 4280 ungulas.
2548 4228 2567 4261 ›
2602 4207 2667 4259 Ει
2693 4221 2821 4262 sane
2856 4206 3066 4259 veniam
3113 4220 3308 4273 purga-

1773 4307 2076 4374 tionetnque
2096 4320 2217 4358 cum
2256 4303 2526 4372 principes
2552 4298 2908 4358 sacerdotum,
2937 4305 3048 4349 tum
3080 4296 3309 4364 populus

1774 4397 1947 4451 omnis
2009 4395 2280 4450 consecuti
2343 4384 2559 4456 essent,'
2609 4390 2652 4443 si
2714 4403 2908 4441 novum
2975 4394 3029 4440 et
3077 4388 3311 4441 salutare

136 4463 228 4514 τῶν
257 4469 668 4540 ἡμαρτημένων
717 4472 897 4532 αὐτοῖς
946 4472 993 4521 οί
1030 4471 1298 4539 ἀρχιερεῖς
1346 4471 1435 4522 καὶ
1484 4472 1531 4522 οἱ
1583 4470 1669 4522 τοῦ

1774 4488 2175 4543 Testamentum
2219 4484 2594 4552 suscipientes,
2643 4478 2735 4537 tau
2789 4476 3055 4531 sacriﬁcio
3081 4476 3311 4532 fuissent

138 4554 314 4617 παντὸς
340 4557 546 4622 ἔθνους,
574 4563 627 4613 εἰ
665 4562 928 4630 κέχρηντο
951 4558 1117 4628 ταύτῃ
1142 4562 1206 4629 τῇ
1230 4559 1405 4628 θυσίᾳ,
1429 4559 1525 4627 τὴν
1550 4576 1670 4610 και-

137 4641 219 4709 νὴν
248 4647 337 4697 καὶ
375 4652 650 4720 σωτήριον
676 4650 946 4718 Διαθήκην
977 4649 1416 4719 παραδεξάμενοι.

197 4728 319 4786 Εἶτα
344 4738 511 4808 εὐχὴν
541 4741 853 4809 ἀναπέμπει
889 4741 917 4790 6
956 4739 1265 4809 προλεχθεὶς
1303 4737 1510 4807 πτωχὸς
1540 4737 1674 4806 ὑπὲρ

140 4819 230 4872 τῶν
256 4829 655 4898 παραπλησίως
681 4828 827 4897 αὐτῷ
884 4828 1127 4897 πτωχῶν,
1160 4826 1287 4895 περὶ
1337 4821 1410 4879 ὧν
1445 4827 1677 4879 διδάσκει

140 4905 309 4975 λέγων·
341 4934 358 4965 ι
383 4918 665 4987 Μακάριοι
695 4922 745 4972 oi
793 4918 993 4986 πτωχοὶ
1041 4918 1116 4985 τῷ
1150 4916 1435 4985 πνεύματι,
1468 4916 1547 4967 ὅτι
1585 4917 1678 4967 αύ-

140 4996 234 5048 τῶν
257 5002 397 5053 ἐστιν
425 5005 458 5073 ἡ
488 5005 732 5074 βασιλεία
782 5006 888 5057 τῶν
920 5005 1211 5074 οὐρανῶν.»
1266 5002 1372 5054 Καί
1422 5019 1549 5072 φησι
1590 5004 1679 5056 διὰ

140 5084 224 5152 τῆς
245 5091 421 5161 εὐχῆς·
462 5113 480 5143 ι
506 5094 785 5148 Ἰδέτωσαν
825 5095 1026 5163 πτωχοὶ
1057 5096 1147 5147 καὶ
1170 5089 1669 5161 εὐφρανθήτωσαν.»

145 5172 351 5244 Εὗχεται
411 5182 468 5234 δὲ
520 5184 625 5252 ἤδη
672 5182 803 5235 ποτὲ
836 5185 915 5244 είς
969 5183 1104 5252 ἔργα
1132 5182 1372 5254 χωρῆσαι
1427 5178 1494 5229 τὰ
1542 5196 1676 5249 προ-

144 5263 396 5333 λεχθέντα,
420 5272 564 5325 ὥστε
584 5272 881 5341 ὀφθαλμοῖς
905 5273 1039 5325 αὐτὰ
1061 5270 1351 5326 θεάσασθαι
1381 5269 1499 5329 τοὺς
1528 5272 1678 5340 εἱρη-

150 5351 319 5419 μένους
351 5362 616 5429 πτωχοὺς,
673 5358 875 5427 δηλαδὴ
930 5362 1054 5422 τοὺς
1108 5356 1351 5432 μαθητὰς
1389 5355 1544 5407 αὐτοῦ
1580 5360 1677 5409 καὶ

146 5443 253 5504 τοῦς
272 5448 612 5512 ἀποστόλους.
643 5449 794 5500 Ἰδεῖν
820 5447 875 5497 δὲ
906 5450 1109 5513 τούτοις
1132 5449 1343 5517 εὔχεται
1374 5444 1463 5513 τὴν
1488 5447 1679 5498 ἀποδο-

151 5533 402 5603 μασμένην
430 5537 557 5605 ὑμῖν
611 5533 890 5602 βασιλείαν
934 5535 1040 5588 ἀπὸ
1087 5533 1383 5601 καταϐολῆς
1410 5534 1668 5603 κόσμου.)

144 5641 458 5737 ..‘.‘....‘:£"':.
513 5663 589 5737 .1.“
655 5644 773 5695 "3-
851 5643 893 5675 "
940 5647 1067 5705 ibid.
1096 5648 1281 5715 15,”.

170 5707 181 5751 ε
214 5707 381 5765 Matth.
429 5730 478 5775 v.
512 5713 562 5767 5.

1382 5645 1424 5676 “
1450 5645 1628 5701 Levit.
1666 5665 1792 5714 vnt,
1834 5649 1913 5703 14.

1772 4579 1876 4633 usi.

1840 4726 2037 4780 Deinde
2056 4723 2332 4777 mendicus
2362 4721 2451 4774 ille
2478 4718 2777 4773 orationem
2806 4714 3029 4767 eﬁundit
3060 4729 3155 4783 pro
3179 4728 3314 4781 pau-

1771 4817 1988 4887 peribus
2014 4815 2096 4869 sui
2126 4810 2414 4870 similibus,
2446 4807 2512 4860 de
2536 4806 2730 4874 quibus
2764 4803 2874 4855 haac
2902 4803 3095 4856 tradit:
3124 4820 3142 4852 ι
3167 4801 3313 4858 Beati

1770 4919 2032 4976 pauperes
2084 4899 2300 4968 spiritu,
2357 4894 2609 4963 quoniam
2659 4891 2899 4959 ipsorum
2955 4899 3037 4943 est
3090 4905 3317 4958 regnum

1772 4995 2029 5049 cmlorum
2062 4992 2128 5043 ⁵³.
2158 5006 2177 5038 ι
2216 4986 2272 5040 In
2298 4984 2542 5040 oratione
2575 4996 2702 5035 vero
2750 4993 2845 5033 sua
2895 4978 2971 5030 ait
2998 4997 3011 5031 :
3043 4997 3059 5029 ι
3090 4976 3319 5030 Videant

1775 5095 2037 5153 pauperes
2065 5089 2118 5134 et
2145 5079 2403 5131 Iaztentur.
2438 5091 2457 5123 ›
2495 5071 2610 5124 Jam
2646 5079 2818 5122 autem
2843 5078 3094 5137 precatur
3125 5074 3317 5134 utqua:

1776 5188 1938 5242 supra
1958 5172 2097 5225 dicta
2119 5174 2244 5223 sunt
2272 5163 2538 5223 eveniant,
2571 5162 2640 5213 ita
2670 5169 2728 5210 ut
2746 5174 3016 5226 pauperes
3049 5157 3161 5219 isti,
3214 5157 3318 5208 sei.

1777 5267 1899 5320 licet
1935 5260 2182 5329 discipuli
2233 5265 2284 5310 et
2338 5251 2564 5321 apostoli
2616 5249 2721 5310 sui,
2768 5249 3004 5302 videant.
3060 5247 3318 5299 Precatur

1776 5373 1902 5409 vero
1934 5364 1990 5407 ut
2015 5350 2222 5405 laudem
2269 5346 2410 5399 illam
2438 5342 2606 5393 vitulo
2634 5338 2843 5392 novello
2873 5351 3077 5389 cornua
3109 5332 3313 5401 produ~

1780 5452 1935 5500 cente
1973 5450 2026 5497 et
2065 5436 2289 5506 ungulas
2327 5434 2611 5501 gratiorem
2664 5426 3023 5493 conspiciant.
3074 5422 3140 5475 Et
3182 5435 3317 5477 sane

1789 5553 1807 5585 ι
1845 5536 1917 5588 Ea
1959 5545 2082 5586 vero
2108 5542 2225 5597 quae
2283 5538 2494 5578 sursum
2552 5528 2634 5573 est
2687 5515 2984 5569 Jerusalem
3019 5516 3183 5569 libora
3207 5521 3334 5574 est,

2005 5649 2044 5678 ⁵⁷
2078 5642 2259 5698 Matth.
2321 5652 2461 5701 τινι,
2508 5633 2593 5689 59.
2689 5631 2732 5662 ⁸⁸
2783 5629 2972 5685 Matth.
3002 5641 3170 5691 xxvn,
3222 5623 3323 5681 9.0.
