3796 6330
94 377 204 435 765

1233 384 1594 439 COMMENTA
1605 385 1716 439 RM
1741 382 1809 436 IN
1845 381 2181 437 PSALMOS.

3213 380 3317 451 ⁷66

93 489 232 543 vel.»
291 487 524 558 Ἐπειδὴ
564 490 706 542 κατὰ
746 493 918 543 πᾶσαν
946 493 1044 561 τὴν
1079 495 1393 564 οἰκουμένην
1423 496 1561 547 κατά

1801 494 1910 546 celi.
1945 512 1963 543 ι
1994 492 2127 557 Quia
2178 505 2305 545 vero
2349 489 2586 544 futurum
2619 496 2756 553 erat,
2782 497 2840 544 ut
2871 505 2964 559 per
3009 497 3299 544 totum-or—

93 583 199 649 γῆν
227 581 330 632 καὶ
367 579 660 632 θάλασσαν
686 582 911 650 ημελλον
951 583 1259 653 Ἐκκλησίαι
1279 584 1353 654 τῷ
1393 584 1509 652 Θεῴ
1535 585 1680 635 συνί-

97 670 336 724 στασθαι
369 671 444 721 ἐκ
474 669 586 720 τῶν
636 670 1073 740 προλελεγμένων
1100 672 1343 741 πτωχῶν,
1385 663 1681 734 ἀκολούθως

95 759 511 828 ἐπισυνῆπται,
558 777 576 807 ι
614 759 708 810 καὶ
731 759 799 827 γῆ
857 760 948 810 καὶ
989 759 1225 812 θάλασσα
1267 761 1360 812 καὶ
1404 761 1576 817 πάντα
1617 761 1680 811 τὰ

94 851 338 918 ἓρποντα
382 849 449 898 ἐν
485 848 723 909 αὖτοίς.ι
756 849 1023 918 ’Ἑρποντα
1053 849 1108 900 δὲ
1156 848 1248 900 ἐπὶ
1285 849 1386 916 γῆς
1439 849 1528 901 καὶ
1577 848 1675 899 θα-

94 937 302 1002 λάσσης
332 934 593 987 ἐνταῦθα
616 934 940 1003 κελευόμενα
967 936 1061 987 σὺν
1087 934 1291 1004 οὐρανῷ
1306 935 1398 986 καὶ
1421 938 1488 1003 γῇ
1519 935 1682 986 αἰνεῖν

93 1025 158 1078 τὰ
187 1024 322 1092 ἔθνη
346 1024 628 1093 τυγχάνει
656 1025 722 1076 τὰ
744 1027 798 1076 ἐν
820 1023 894 1091 τῷ
929 1023 1099 1093 θνητῷ
1131 1023 1226 1092 βίῳ
1256 1022 1361 1074 τῶν
1388 1021 1681 1092 ἀνθρώπων

93 1112 347 1184 tgna“:th
364 1112 543 1180 δίκην
572 1112 633 1163 τὸ
649 1112 870 1163 παλαιὸν
887 1111 976 1164 ἐπὶ
997 1111 1069 1180 τῷ
1099 1112 1276 1179 στήθει
1303 1112 1394 1162 καὶ
1415 1113 1478 1179 τῇ
1511 1109 1682 1178 κοιλίᾳ

94 1202 483 1270 πορευόμενα.
517 1201 630 1252 Καὶ
652 1199 800 1264 παρὰ
842 1199 918 1266 τῷ
960 1199 1153 1266 Ἡσαΐᾳ
1183 1197 1341 1266 θηρία
1370 1199 1460 1248 καὶ
1485 1195 1683 1266 ἑρπετὰ

92 1287 466 1358 ἁλληγορικῷ
502 1287 696 1357 τρόπῳ
717 1287 784 1339 τὰ
831 1286 954 1356 ἔθνη
993 1286 1268 1356 κέκληται,
1307 1287 1364 1338 ἐν
1411 1280 1490 1347 οἷς
1537 1286 1684 1354 εἴρη-

92 1395 198 1432 ται’
240 1398 256 1426 ι
287 1378 420 1429 Καὶ
471 1377 916 1446 συμεοσκήσεται
964 1375 1122 1437 λύκος
1189 1374 1325 1445 μετὰ
1373 1374 1549 1442 ἀρνὸς,
1591 1375 1683 1424 καὶ

96 1467 366 1537 πάρδαλις
395 1464 884 1517 συναναπαύσεται
935 1464 1121 1532 ἐρίφῳ,
1161 1463 1252 1514 καὶ
1272 1461 1403 1513 λέων
1429 1460 1501 1522 ὡς
1562 1459 1682 1529 βοῦς

95 1559 328 1626 φάγεται
387 1556 608 1623 ἄχυρα.
674 1554 779 1605 Καὶ
821 1552 1024 1604 παιδίον
1071 1553 1258 1620 νήπιον
1306 1550 1396 1602 ἐπὶ
1442 1549 1683 1621 τρώγλην

94 1649 341 1701 ἀσπίδιον
387 1644 622 1697 κα“ι“ὲπὶ
655 1643 836 1709 κοίτην
862 1641 1093 1708 ἐγγόνων
1134 1639 1366 1694 ἀσπίδων
1414 1638 1508 1708 τὴν
1533 1641 1684 1708 χεῖρα

97 1735 374 1798 ἐπιϐαλεῖ,
412 1734 523 1786 καὶ
544 1734 606 1784 οὐ
650 1732 722 1801 μὴ
753 1731 1142 1799 ἀδικήσουσιψ)
1168 1729 1203 1782 ὃ,
1223 1730 1314 1781 καὶ
1328 1728 1692 1799 διερμηνεύων-

1782 585 1906 636 hem.
1930 583 1984 634 in
2017 593 2162 635 terra
2188 588 2240 634 et
2274 581 2328 633 in
2364 580 2495 632 mari
2529 577 2782 634 Ecclesiae
2826 581 3022 635 Deoex
3053 597 3314 634 memora-

1779 672 1849 725 tis
1881 671 2205 739 pauperibus
2233 670 2707 730 constituerentur,
2746 668 3034 722 secundum
3076 670 3188 721 haec
3219 669 3301 721 ad.

1780 761 1922 813 ditur
1954 779 1967 812 :
2002 778 2020 810 ι
2058 771 2110 812 et
2137 767 2276 812 terra
2309 767 2360 812 et
2390 774 2536 812 mare
2573 769 2625 812 et
2646 759 2825 811 omnia
2851 758 3055 825 reptilia
3085 759 3137 810 in
3167 758 3267 809 cis;
3289 776 3308 807 ι

1780 850 1908 914 Qua:
1939 850 2147 917 reptilia
2180 849 2231 900 in
2259 856 2399 902 terra
2422 855 2482 901 et-
2504 849 2558 901 in
2602 848 2736 900 mari
2787 863 2888 899 una
2929 862 3048 900 cum
3085 856 3238 898 terra
3262 856 3315 897 et

1779 939 1916 992 ccelo
1955 939 2172 991 laudare
2217 938 2498 1005 jubentnr'.
2541 945 2724 1006 gentes
2747 945 2891 998 sunt,
2937 953 3054 1006 qua:
3081 937 3206 988 olim
3260 938 3314 988 in

1781 1027 1990 1080 mortali
2016 1027 2287 1080 hominum
2323 1028 2428 1080 vita
2446 1027 2712 1096 reptilium
2745 1026 2920 1078 instar
2938 1039 3095 1094 supra
3125 1031 3315 1093 pectus

1780 1125 1831 1171 et
1882 1126 2114 1170 ventrem
2146 1117 2542 1185 gradiebantur.
2597 1115 2652 1169 In
2686 1117 2824 1170 Isaia
2869 1131 3080 1185 quoque
3115 1115 3238 1169 fera:
3260 1122 3312 1168 et

1781 1207 1986 1273 reptilia
2035 1206 2321 1275 allegorico
2353 1221 2499 1261 more
2529 1215 2714 1275 gentes
2748 1213 3023 1268 vocantur,
3075 1220 3197 1259 cum
3228 1206 3308 1264 dl-

1780 1299 1920 1350 citur
1951 1315 1963 1350 :
2003 1315 2021 1347 (
2061 1296 2124 1348 Ει
2154 1303 2338 1364 pascet
2359 1297 2514 1364 lupus
2551 1312 2671 1350 cum
2701 1311 2857 1364 agno,
2885 1303 2936 1349 et
2957 1295 3156 1364 pardus
3186 1311 3311 1349 cum

1781 1385 1930 1438 haedo
1959 1385 2259 1445 accubabit,
2302 1393 2353 1437 et
2387 1385 2471 1438 leo
2506 1387 2660 1453 quasi
2702 1386 2798 1440 bos
2842 1385 3083 1438 comedet
3106 1386 3306 1454 paleas.

1782 1471 1844 1523 Et
1875 1489 2006 1540 puer
2032 1471 2211 1526 infans
2242 1474 2294 1525 in
2327 1473 2527 1526 foveam
2587 1473 2848 1542 aspidum,
2882 1482 2933 1527 et
2963 1476 3013 1527 in
3049 1476 3221 1528 cubile
3247 1477 3309 1529 li-

1783 1562 1972 1616 liorum
2037 1561 2278 1627 aspidum
2336 1577 2549 1614 manum
2603 1563 2836 1629 injiciet;
2868 1571 2920 1617 et
2963 1565 3091 1616 nihil
3121 1563 3310 1617 laedent

1781 1667 1901 1704 eum
1933 1652 1995 1703 “.
2036 1670 2053 1700 ι
2092 1650 2220 1715 Quae
2259 1652 2358 1704 sub
2389 1653 2500 1705 hate
2538 1654 2812 1721 explicans
2841 1654 3035 1708 infert‘:
3068 1674 3085 1704 ι
3115 1653 3177 1705 Ει
3209 1655 3313 1708 erit

1783 1741 1931 1792 radix
1959 1739 2141 1801 lessze,
2171 1749 2223 1792 et
2254 1741 2343 1808 qui
2363 1741 2533 1809 surgit
2565 1743 3012 1809 adimperandum
3041 1745 3308 1812 gentibus,

97 1827 216 1890 ἑξῆς
244 1828 273 1876 ὁ
297 1824 483 1886 λόγος
528 1821 793 1890 ἐπιφέρει·
831 1838 848 1870 ι
875 1821 982 1872 Καὶ
1009 1818 1155 1871 ἔσται
1209 1819 1243 1888 ἡ
1279 1817 1398 1887 ῥίζα
1427 1816 1518 1869 τοῦ
1553 1815 1596 1867 Ἰε

1811 1837 1833 1872 n
1863 1836 1981 1873 eum
2016 1830 2199 1890 gentes
2237 1803 2603 1890 sperabunt".
2637 1844 2656 1874 ι
2694 1803 2860 1878 Tanta
2883 1803 3310 1896 igiturvgentinln

97 1915 181 1965 cal.
204 1912 304 1964 καὶ
343 1913 381 1962 ὁ
423 1909 790 1974 ἀνιστάμενος
825 1905 1010 1976 ἄρχειν
1053 1905 1235 1969 ἐθνῶν,
1289 1904 1347 1955 ἐν
1385 1901 1528 1970 αὐτῷ
1556 1903 1677 1973 ἔθνη

95 1999 411 2054 ἑλπιοῦσι.»
446 1996 570 2064 Τῆς
592 1993 684 2047 οὖν
715 1993 1006 2063 μεταϐολῆς
1041 1991 1240 2061 ταύτης
1275 1989 1380 2042 τῶν
1410 1989 1572 2042 ἐθνῶν
1591 1991 1682 2043 ἐπὶ

93 2092 155 2160 τῇ
186 2086 286 2140 τοῦ
331 2083 607 2154 Χριστοῦ
637 2081 906 2152 παρουσία
944 2080 1282 2149 γιγνομένης,
1328 2077 1546 2139 εἰκότως
1585 2079 1679 2130 σὺν

93 2177 304 2251 οὐρανῷ
378 2175 497 2228 καὶ
545 2175 656 2234 τοῖς
694 2173 812 2224 κατ’
848 2170 1069 2240 οὐρανὸν
1116 2168 1358 2236 ἀγγέλοις
1394 2167 1457 2219 τὰ
1495 2167 1680 2219 ἀποδο-

96 2271 247 2321 θέντα
300 2265 542 2338 ἑρπετὰ
598 2265 761 2315 αἰνεῖν
812 2262 1195 2329 προστάττεται
1246 2259 1333 2310 τὸν
1394 2259 1543 2310 Θεόν.
1593 2259 1682 2309 Διὸ

95 2357 362 2410 λέλεκται·
418 2380 438 2405 ι
471 2353 852 2406 Αἰνεσάτωσαν
898 2350 1054 2401 αὐτὸν
1097 2348 1306 2418 ούρανοί
1335 2349 1422 2399 καὶ
1461 2347 1551 2416 γῆ,
1591 2347 1684 2398 θά-

95 2449 263 2499 ὶ.ασσα
300 2447 414 2497 καὶ
471 2443 656 2494 πάντα
695 2438 762 2490 τὰ
815 2438 1050 2507 ἕρποντα
1079 2438 1136 2487 ἐν
1184 2436 1416 2496 αὐτοῖς.)
1460 2435 1580 2495 Πῶς
1626 2434 1680 2485 δέ

92 2538 313 2589 δύναται
348 2533 470 2585 τὸν
501 2529 637 2581 Θεόν
677 2530 842 2580 αἰνεῖν
872 2525 936 2577 τὰ
977 2525 1193 2595 ἑρπετὰ,
1232 2527 1278 2577 εἰ
1319 2525 1391 2594 μὴ
1435 2525 1682 2592 μετάσχοι

93 2629 432 2696 φρονήσεως
467 2622 568 2686 καὶ
623 2618 758 2670 Θεοῦ
813 2616 1092 2683 γνώσεωςς
1143 2615 1344 2667 Οὐκοῦν
1395 2615 1541 2666 θύσει
1585 2614 1679 2683 τὴν

93 2719 279 2772 θυσίαν
310 2717 437 2785 τῆς
480 2711 740 2771 αἰνέσεως
779 2709 871 2760 καὶ
897 2706 964 2758 τὰ
990 2705 1228 2776 epit-ead;
1258 2707 1375 2758 Ὅτι
1396 2706 1449 2758 δὲ
1475 2705 1678 2774 ἀνθρώ-

90 2825 220 2870 πους
249 2808 345 2860 διὰ
392 2801 621 2855 τούτων
653 2800 963 2859 αἰνίττεται,
983 2796 1216 2848 διδάσκει
1246 2795 1303 2848 τὸ
1333 2796 1672 2861 Εὐαγγέλιον,

1781 1911 2072 1962 mutatione
2102 1910 2154 1962 in
2187 1912 2412 1963 adventu
2445 1913 2645 1965 Christi
2665 1914 2868 1978 ell'eeta,
2888 1915 3005 1981 jure
3030 1931 3149 1968 cum
3173 1915 3320 1970 caelo

1779 1998 1918 2050 etiis
1939 1998 2115 2066 qui-in
2167 1999 2300 2052 cozlo
2351 2010 2474 2053 sunt
2531 2002 2733 2069 angelis
2795 2004 3046 2070 przedicta
3101 2006 3312 2073 reptilia

1785 2085 1942 2139 Deum
1987 2086 2187 2139 laudari
2219 2087 2493 2154 jubentnr.
2527 2088 2701 2152 Quare
2728 2089 2928 2143 dictum
2958 2105 3078 2145 est:
3111 2110 3128 2141 ι
3162 2092 3304 2145 Lau-

1779 2175 1904 2227 dent
1933 2176 2080 2227 illum
2121 2178 2238 2230 εαξΙί
2273 2186 2326 2230 et
2355 2185 2518 2240 terra,
2554 2194 2700 2231 mare
2731 2187 2782 2230 et
2824 2181 3002 2232 omnia
3019 2181 3225 2248 reptilia
3251 2181 3312 2232 in

1779 2265 1875 2316 eis.
1908 2283 1924 2312 ι
1965 2265 2241 2328 Quomodo
2273 2268 2717 2335 possuntreptilia
2750 2267 2910 2321 Deum
2947 2269 3179 2335 laudare,
3203 2270 3312 2324 nisi

1779 2351 2060 2418 prudentia
2089 2363 2140 2406 et
2172 2356 2475 2421 cognitione
2507 2354 2598 2408 Dei
2652 2356 2957 2409 instructa?
2985 2357 3063 2409 An
3097 2359 3311 2427 reptilia

1780 2442 2100 2494 sacrittcium
2131 2444 2303 2495 laudis
2349 2444 2608 2498 nilei-ent?
2665 2445 2815 2510 Quod
2875 2448 3153 2514 reptilihus
3201 2448 3315 2503 illis

1779 2529 2021 2584 homines
2048 2533 2470 2595 subindicentur,
2508 2539 2664 2586 docet
2695 2534 3035 2603 Evangelium
3069 2535 3152 2590 his
3187 2552 3310 2589 ver-

1774 2620 1856 2674 bis
1888 2638 1899 2671 :
1935 2643 1951 2671 ι
1982 2621 2260 2676 Genimina
2295 2626 2620 2692 viperarum,
2651 2627 2772 2692 quis
2802 2641 2895 2678 vos
2911 2625 3094 2678 docuit
3125 2625 3314 2693 fugere

1773 2725 1800 2762 a
1838 2719 2058 2763 ventura
2092 2714 2214 2766 ira?
2263 2712 2443 2767 Facite
2491 2729 2614 2782 ergo
2663 2713 2866 2768 fruetus
2912 2715 3101 2782 dignos
3139 2715 3309 2783 pmni-

1770 2803 1950 2856 tentia:
1971 2801 2033 2853 ⁸⁸.
2075 2821 2092 2854 ι

86 2902 142 2952 ἐν
167 2895 212 2967 ᾦ
241 2899 613 2967 γέγραπται·
662 2911 678 2942 ι
716 2891 1024 2956 Γεννήματα
1049 2888 1283 2956 ἐχιδνῶν,
1305 2888 1386 2950 τίς
1416 2888 1684 2953 ὑπέδειξεν
1719 2890 1841 2961 ὑμῖν
1877 2899 2060 2964 φυγεῖν
2087 2895 2190 2948 ἀπὸ
2216 2896 2310 2967 τῆς
2343 2897 2630 2966 μελλούσης
2655 2897 2853 2968 ὀργῆς;
2902 2899 3161 2967 Πονησατε
3218 2891 3316 2948 οὖν

88 2991 339 3062 καρποὺς
375 2986 594 3050 ἀξίους
620 2982 917 3053 μετανοίας.
945 2999 961 3031 ι

158 3110 320 3160 «Ὅτι
344 3108 375 3158 ό
405 3101 556 3163 Θεὸς
588 3099 744 3150 σώσει
771 3097 866 3166 τὴν
895 3090 1047 3156 Σιὼν,
1066 3096 1154 3147 καὶ
1173 3096 1670 3167 οἰκοδομηθήσονται
1697 3106 1738 3162 c

83 3204 139 3254 et!
180 3199 379 3258 πῶεις
428 3193 542 3261 τῆς
601 3189 905 3249 Ἰουδαίας.»
961 3188 1144 3239 Λίτίαν
1190 3188 1472 3239 ἀποδίδωσι
1526 3189 1674 3258 δι’ἣν

85 3289 312 3361 οὐρανοὶ
352 3283 471 3337 καὶ
527 3279 600 3348 γῆ
638 3279 730 3331 καὶ
771 3277 1005 3329 θάλασσα
1047 3277 1137 3327 καὶ
1186 3277 1445 3328 πάντατὰ
1483 3278 1540 3327 ὲν
1584 3279 1678 3330 αὺ-

85 3383 193 3440 τοῖς
228 3376 506 3429 αἰνεῖσειν
563 3369 807 3434 λέγονται
857 3365 946 3417 τὸν
987 3365 1134 3416 Θεόν.
1171 3366 1229 3416 Ἦ
1261 3366 1314 3416 δὲ
1347 3367 1490 3419 αἰτία
1536 3369 1676 3420 ἐστὶν

84 3468 249 3536 αὕτη,
301 3485 320 3515 ι
351 3466 504 3516 ’⁷οτι
538 3461 566 3511 ό
597 3457 726 3517 Θεὸς
757 3455 917 3508 σώσει
970 3455 1065 3524 τὴν
1095 3453 1247 3518 Σιὼν,
1273 3457 1364 3508 καὶ
1403 3459 1678 3528 οἰκοδομη-

83 3556 355 3625 θήσονται
409 3549 483 3602 αἱ
549 3545 731 3606 πόλεις
791 3541 1089 3604 Ἰουδαίας.)
1142 3543 1302 3594 Ποίαν
1359 3543 1414 3595 δὲ
1447 3545 1598 3607 Σιὼν,
1644 3547 1676 3616 ἢ

80 3642 336 3715 δηλονότι
370 3639 494 3708 τὴν
525 3634 645 3687 καθ’
673 3633 797 3702 ὅλης
818 3632 911 3701 τῆς
933 3631 1242 3701 οἰκουμένης
1269 3632 1558 3701 ἱδρυθεῖσαν
1586 3634 1677 3687 τοῦ

78 3734 350 3803 Σωτῆρος
404 3731 446 3797 ἡ
460 3724 586 3796 μῶν
631 3722 980 3791 Ἐκκλησίαν;
1006 3721 1188 3782 Πόλεις
1233 3721 1287 3772 δὲ
1332 3724 1579 3786 Ἰουδαίας
1607 3723 1680 3794 μὴ

79 3825 231 3874 ύκνει
289 3820 512 3886 λέγειν
559 3812 657 3873 τὰς
700 3810 1077 3871 θεοπνεύστους
1131 3810 1167 3860 Γ
1175 3809 1364 3878 ραφὰς,
1423 3811 1486 3863 δι’
1541 3807 1612 3865 ὦν
1643 3815 1676 3883 ἡ

88 3910 381 3977 Ἰουδαῖκὴ
419 3901 680 3956 πολιτεία
735 3899 1052 3951 τετύπωται.
1113 3899 1248 3949 Ἀλλ’
1298 3893 1452 3951 αὗται
1487 3901 1582 3969 μὲν
1625 3904 1680 3954 αἰ

77 4002 273 4062 πόλεις
311 3995 679 4064 καθῄρηντο,
711 3989 832 4040 ὅσον
871 3989 961 4039 ἐπὶ
1002 3987 1286 4050 Ἰουδαίοις,
1322 3989 1597 4058 οἰκοδομὴν
1625 3991 1710 4042 δὲ

74 4093 356 4160 εἰλήφασι
397 4084 507 4138 διὰ
539 4082 640 4150 τῆς
672 4083 727 4132 ἐν
756 4080 969 4150 Χριστῷ
999 4081 1186 4150 καινῆς
1217 4081 1574 4144 διδασκαλίπο
1614 4083 1679 4135 δι’

74 4178 142 4247 ἧς
174 4178 282 4230 καὶ
312 4178 353 4246 ἡ
383 4170 634 4239 ἀληθινὴ
659 4167 919 4236 περιτομὴ
949 4168 1270 4228 συνίσταται,
1310 4168 1404 4220 καὶ
1429 4168 1496 4219 τὰ
1528 4186 1683 4220 πνευ-

75 4266 303 4336 ματικὰ
371 4258 670 4319 Σάϐϐατα,
715 4257 808 4308 καὶ
863 4257 916 4308 αἰ
971 4256 1325 4324 πνευματικαί
1371 4256 1545 4308 θυσίαι
1592 4259 1683 4310 καὶ

74 4357 268 4407 πάντα
302 4349 553 4407 τούτοις
598 4341 900 4402 ἀκολούθως
944 4340 1082 4393 κατὰ
1117 4341 1213 4410 τὴν
1263 4340 1549 4409 ἑρμηνείαν
1593 4341 1681 4392 τοῦ

1841 3095 2002 3149 Vens.
2029 3095 2115 3157 36,
2138 3097 2221 3150 57.
2253 3115 2270 3146 ‹
2293 3094 2553 3159 Quoniam
2579 3094 2720 3149 Deus
2741 3095 2937 3147 salvam
2970 3096 3126 3151 faciet
3153 3101 3308 3164 Sion,

1773 3192 1822 3236 ct
1861 3183 2264 3236 aedilicabuntur
2292 3183 2535 3234 civitates
2585 3179 2797 3234 Judzete.
2842 3201 2860 3232 ι
2898 3182 3121 3236 Causam
3150 3187 3303 3240 eﬂ'ert

1773 3273 2029 3332 curcwli,
2096 3279 2257 3332 terra,
2314 3285 2459 3321 mare
2492 3277 2543 3320 et
2574 3269 2748 3320 omnia
2809 3287 2926 3337 qtne
2965 3271 3016 3324 in
3072 3274 3151 3327 eis
3182 3283 3308 3328 sunt

1775 3361 1937 3414 Deum
1967 3361 2245 3414 landatura
2266 3376 2384 3413 esse
2411 3359 2674 3411 dicantur.
2713 3358 2786 3410 Ea
2822 3376 2945 3414 vero
2969 3369 3049 3414 est
3074 3380 3086 3414 :
3125 3380 3143 3412 ι
3166 3362 3307 3428 Quo-

1775 3452 1915 3502 niam
1956 3450 2091 3502 Deus
2117 3450 2315 3503 salvam
2351 3447 2506 3499 faciet
2537 3446 2688 3510 Sion,
2721 3455 2772 3499 et
2797 3447 3202 3502 tediticahuntur
3227 3468 3308 3504 c1-

1773 3543 1964 3594 vitates
1994 3539 2204 3592 Judaeae.
2230 3557 2247 3586 ι
2280 3536 2446 3601 Quam
2469 3535 2681 3590 Siouem
2715 3537 2863 3598 dicit,
2889 3538 2989 3591 nisi
3017 3538 3309 3592 Ecclesiam

1779 3626 2078 3681 Servatoris
2114 3625 2280 3679 nostri
2327 3626 2379 3678 in
2415 3632 2525 3676 toto
2553 3623 2681 3676 orbe
2708 3623 3022 3676 fundatam?
3053 3626 3311 3682 Civitates

1778 3723 1952 3768 autem
1986 3713 2179 3767 Judaeze
2202 3731 2268 3766 ne
2310 3712 2580 3766 cuncter-is
2609 3711 2788 3766 dicere
2817 3713 3075 3767 divinitus
3105 3714 3312 3773 amatas

1780 3801 2104 3870 Scripturas,
2127 3803 2279 3870 queis
2306 3799 2605 3851 .ludreorum
2640 3800 2940 3867 respublica
2969 3800 3304 3857 informatur.

1781 3891 1882 3947 Sed
1932 3893 2012 3945 hie
2069 3892 2283 3959 quidem
2341 3890 2607 3953 civitates,
2673 3898 2930 3957 quantum
2984 3891 3046 3943 ad
3095 3890 3311 3948 Jndzeos

1779 3982 2082 4051 Spectat,de
2106 3980 2277 4033 niedio
2308 3980 2527 4032 sublatae
2545 3987 2694 4044 sunt;
2727 3980 2818 4031 sed
2847 3979 3021 4030 denuo
3040 3981 3311 4035 aedificatae

1781 4089 1873 4142 per
1905 4088 2092 4126 novam
2124 4073 2176 4124 in
2196 4072 2406 4124 Christo
2445 4073 2736 4124 doctrinam
2772 4070 2936 4130 fuere,
2974 4086 3075 4137 qua
3105 4080 3155 4124 et
3182 4089 3308 4126 vera

1781 4158 2117 4212 circumcisio
2169 4158 2438 4220 consistit,
2480 4173 2686 4211 necnon
2723 4157 3019 4225 spiritualia
3053 4158 3303 4217 Sabhata.

1781 4248 2084 4317 spirituales
2110 4249 2298 4302 hostiae
2335 4257 2387 4301 et
2412 4248 2588 4302 omnia
2609 4263 2725 4317 quae
2766 4248 2876 4299 haec
2907 4259 3311 4314 consequuntur

1783 4338 2074 4392 secundum
2123 4339 2610 4405 interpretationem
2666 4337 2956 4406 spiritualis
3006 4338 3154 4407 legis.
3218 4338 3306 4391 Sic

72 4436 506 4513 πνευματικοῦ
533 4433 718 4502 νόμου.
739 4430 922 4492 Οὕτως
945 4426 1035 4482 οὖν
1065 4429 1460 4497 οίκοδομοῦνται
1509 4430 1564 4482 αἱ

1807 4436 1962 4495 taque
1984 4426 2315 4480 adificantur
2342 4427 2587 4479 civitates
2606 4425 2822 4489 .ludaeze,
2854 4426 2904 4478 in
2936 4429 3122 4496 eisque
3155 4429 3305 4482 inha-

72 4535 190 4595 λεις
223 4533 344 4601 τῆς
396 4523 692 4584 Ἰουδαίας,
733 4520 826 4572 καὶ
869 4521 1279 4587 κατοικήσουσιν
1319 4520 1374 4568 ἐν
1415 4518 1600 4579 αὐταῖς
1634 4519 1681 4569 οἰ

73 4622 313 4674 πολῖται
344 4614 462 4668 καὶ
490 4613 539 4663 oi
572 4607 892 4677 κληρονόμοι
921 4604 1028 4656 τῶν
1045 4607 1099 4655 ὲν
1119 4607 1235 4664 ταῖς
1260 4604 1426 4665 θείαις
1445 4604 1682 4672 Γραφαῖς

73 4704 581 4779 ἐπηγγελμένων·
606 4698 685 4750 διὸ
717 4697 982 4749 λέλεκται·
1019 4713 1038 4744 ι
1069 4695 1176 4746 Καὶ
1203 4695 1681 4763 κληρονομήσουσιν

74 4799 287 4866 αὐτήν.
307 4814 328 4845 ι
387 4789 568 4844 Ἀλλὰ
606 4790 699 4841 καὶ
760 4807 778 4837 ι
811 4787 870 4838 τὸ
898 4786 1112 4855 σπέρμα
1143 4785 1249 4836 τῶν
1295 4785 1488 4836 δούλων
1521 4785 1684 4837 αὐτοῦ

74 4887 446 4951 καθέξουσιν
483 4880 668 4946 αὑτήν.
693 4896 710 4926 ι
765 4875 946 4926 Δοῦλοι
978 4874 1034 4924 δὲ
1078 4871 1237 4924 αὑτοῦ
1285 4873 1422 4934 τίνες
1450 4873 1514 4925 ἂν
1555 4868 1680 4936 εἷεν,

73 4975 110 5042 ἦ
137 4974 393 5030 πάντως
427 4967 486 5017 οἰ
543 4964 638 5015 τοῦ
675 4961 923 5029 Σωτῆρος
965 4960 1116 5028 ἡμῶν
1167 4959 1432 5027 μαθηταὶ,
1492 4961 1582 5011 καὶ
1625 4960 1688 5011 τὸ

78 5063 326 5130 σπέρμα
357 5057 434 5107 τὸ
478 5053 597 5104 καθ’
635 5051 764 5118 ὅλης
815 5049 912 5114 τῆς
958 5047 1270 5115 οἰκουμένης
1325 5048 1682 5117 κατασπαρὲν,

76 5152 224 5219 ὅπερ
275 5148 393 5215 τὴν
466 5138 830 5210 κληρονομίαν
881 5135 978 5203 τὴν
1033 5134 1436 5203 ἐπηγγελμένην
1481 5136 1536 5187 ἐν
1570 5139 1690 5198 ταῖς

80 5241 270 5298 θείαις
302 5232 576 5304 ι’ραφαῖς
630 5223 886 5284 καθέξεις
929 5223 1082 5275 Ἀλλὰ
1113 5225 1205 5275 καὶ
1267 5240 1284 5271 ι
1311 5225 1357 5274 οἱ
1379 5223 1686 5288 ἀγαπῶντες

77 5326 138 5375 τὸ
175 5324 376 5390 ὃνομα
409 5314 584 5367 αὐτοῦ
635 5305 1150 5375 κατασκηνώσουσιν
1187 5311 1243 5360 ἐν
1284 5307 1436 5375 αὐτῇ,
1468 5325 1486 5356 ι
1533 5307 1684 5377 δῆλον

82 5419 126 5468 δ’
159 5418 252 5467 ὅτι
286 5415 364 5479 τῇ
393 5401 770 5474 κληρονομίᾳ·
804 5394 887 5458 οἷς
930 5398 1260 5470 λεχθήσεται’
1301 5418 1318 5448 ι
1346 5399 1500 5453 Δεῦτε
1519 5401 1565 5450 οἱ
1595 5401 1682 5451 εύ-

78 5507 212 5572 λθτη
224 5503 402 5572 μένοι
440 5495 540 5546 τοῦ
564 5488 785 5556 Πατρός
822 5503 942 5554 μου,
973 5489 1400 5558 κληρονομήσατε
1427 5489 1518 5556 τὴν
1543 5490 1682 5558 ἡτοι-

155 5656 200 5686 aa
229 5651 347 5705 153,
384 5660 475 5707 ιι,
507 5640 618 5694 6-9.
705 5636 748 5664 ετ
777 5635 909 5686 ibid.
934 5636 1013 5687 l0.
1088 5639 1129 5668 “
1151 5636 1276 5691 Luc.
1315 5651 1390 5700 ιιι,
1422 5637 1470 5688 8.

1780 4519 2024 4571 bitahnnt
2055 4519 2199 4570 cives
2230 4527 2282 4570 et
2314 4518 2550 4571 herch
2585 4517 2966 4586 promissorum
3003 4536 3120 4586 quae
3150 4520 3201 4572 in
3229 4521 3309 4573 (li-

1779 4606 1918 4658 tinis
1967 4605 2260 4672 Scripturis
2300 4605 2562 4658 feruntur.
2593 4605 2767 4668 Quare
2796 4605 2996 4658 dictum
3044 4619 3125 4660 est
3152 4623 3164 4657 :
3194 4627 3210 4658 ‹
3244 4608 3310 4660 Et

1777 4693 2161 4746 ltazreditabunt
2195 4694 2356 4746 illam.
2396 4712 2414 4743 ι
2448 4691 2550 4744 Sed
2574 4692 2731 4744 etiam
2766 4711 2784 4741 ι
2822 4707 3001 4745 semen
3034 4710 3306 4748 servorum

1783 4785 1898 4852 ejus
1921 4785 2210 4853 possidebit
2231 4799 2368 4838 eam.
2398 4801 2416 4831 ι
2447 4781 2597 4836 Servi
2621 4788 2794 4834 autem
2822 4783 2938 4850 ejus
2960 4785 3049 4851 qui
3091 4785 3306 4846 fuerint,

1788 4875 1890 4928 nisi
1917 4873 2055 4926 haud
2111 4872 2271 4926 dubie
2315 4871 2606 4924 Salvatoris
2641 4871 2808 4923 nostri
2834 4870 3104 4939 discipuli,
3149 4882 3200 4926 et
3237 4890 3315 4927 se-

1787 4977 1904 5016 men
1931 4962 1986 5014 in
2009 4962 2260 5014 universo
2285 4962 2412 5014 orbe
2458 4973 2722 5026 sparsura,
2775 4961 2916 5026 quod
2946 4961 3313 5014 hmreditatem

1787 5050 1842 5103 in
1875 5051 2068 5104 divinis
2126 5049 2415 5118 Scripturis
2475 5048 2791 5115 promissam
2838 5050 3130 5103 obtinebit?
3164 5050 3315 5113 lino,

1796 5155 1815 5190 ι
1851 5139 1940 5206 qui
1971 5137 2197 5206 diligunt
2249 5151 2441 5189 nomen
2479 5135 2592 5202 ejus
2656 5134 2968 5187 habilabunt
3003 5138 3054 5188 in
3104 5153 3187 5200 ea,
3211 5157 3228 5187 ι
3267 5139 3314 5190 id

1787 5237 1890 5290 est,
1943 5228 1996 5280 in
2047 5243 2107 5280 ea
2147 5227 2465 5280 haereditate.
2521 5222 2726 5284 Quibus
2786 5223 3033 5276 dicetur:
3066 5224 3312 5283 «Venite.

1787 5315 2046 5370 benedicti
2069 5315 2238 5369 Patris
2265 5315 2383 5372 mei,
2409 5309 2658 5380 percipite
2711 5325 2938 5376 regnum
2971 5313 3122 5365 vobis
3159 5328 3314 5379 para-

1785 5413 1895 5457 tum
1923 5421 1951 5456 a
1983 5405 2360 5458 constitutione
2403 5398 2581 5451 mundi
2611 5398 2673 5446 θ’.
2729 5416 2748 5446 ι
2791 5398 2946 5461 Quod
2989 5400 3032 5451 si
3079 5398 3314 5453 cwlestia

1785 5493 1852 5546 sit
1883 5492 1970 5546 Dei
2003 5493 2184 5546 civitas
2221 5490 2365 5551 Sion,
2406 5489 2468 5541 de
2495 5501 2598 5554 qua
2633 5487 2934 5553 Apostolus
2959 5487 3068 5539 haec
3091 5487 3269 5541 docuit
3297 5501 3311 5536 :

1546 5639 1584 5666 "9
1620 5637 1804 5695 Matth.
1838 5659 1956 5704 xxv,
1983 5640 2064 5692 δι.
