3796 6362
558 370 657 428 767

1208 357 1472 421 EUSEBll
1508 360 1980 416 CAESARIENSIS
2016 358 2165 414 OPP.
2207 353 2386 408 PARS
2423 351 2522 407 lll.
2564 379 2631 390 ——
2671 342 3082 400 EXEGETICA.

3589 343 3654 396 768

556 500 680 560 quae
702 493 784 542 est
811 492 979 538 mater
1005 485 1187 533 nostra
1212 478 1290 539 7°;
1327 482 1380 529 et
1415 494 1429 528 :
1468 494 1486 519 ι
1518 474 1835 528 Accessislis
1864 451 2088 526 ad.Sion

2202 469 2251 520 Et
2283 467 2338 518 δὲ
2365 460 2684 533 ἐπουράνιός
2718 461 2835 512 ἐστι
2857 455 2952 509 τοῦ
2993 453 3126 507 Θεοῦ
3161 451 3302 515 πόλις
3331 451 3468 516 Σιὼν,
3504 456 3606 524 σειερλ⁸
3620 452 3654 526 ἧς

558 585 811 634 montem,
835 579 889 626 et
917 570 1182 624 civitatem
1224 564 1317 618 Dei
1354 565 1606 626 viventis,
1652 563 1947 617 Jerusalem
1979 575 2089 615 (ιω-

557 668 745 720 lestcm
764 665 868 727 ⁷¹;ι
899 658 1129 712 fueritne
1155 654 1350 708 Judaaae
1383 655 1610 708 civitas?
1643 653 1735 707 sed
1758 666 2090 721 consequen-

556 764 639 810 ter
690 754 932 805 dicamus
966 762 1087 802 esse
1141 747 1413 800 caalestem
1464 744 1590 798 Sion
1639 743 1730 796 ubi
1788 744 2093 797 mansiones

556 841 696 912 apud
723 839 936 892 Patrem
964 837 1142 890 multa:
1179 839 1250 887 7':
1281 851 1414 905 quas
1446 835 1677 886 incolent
1708 841 1758 885 et
1791 833 2094 886 haereditate

555 931 819 998 accipient
846 943 1033 982 omnes
1057 927 1197 981 servi
1223 926 1360 994 ejus,
1389 925 1502 978 sive
1536 924 1610 976 illi
1652 925 1782 976 olim
1826 924 2094 992 prophetae

551 1029 606 1073 et
639 1019 874 1090 religiosi
894 1019 1016 1082 viri,
1049 1019 1161 1073 sive
1182 1017 1273 1086 qui
1312 1025 1496 1085 postea
1549 1015 1783 1070 ministri
1822 1012 2094 1081 Evangelii

555 1110 724 1177 ipsius
755 1107 923 1163 fuere.
963 1107 1074 1161 lmo
1107 1106 1264 1160 etiam
1320 1120 1502 1158 semen
1547 1118 1731 1158 eorum
1755 1102 1958 1157 scilicet
2004 1099 2094 1167 qui

557 1200 624 1253 ab
653 1199 758 1254 illis
789 1198 1082 1252 secundum
1134 1195 1299 1250 Deum
1328 1195 1432 1249 orti
1482 1203 1627 1258 sunt,
1680 1193 1920 1262 profectu
1949 1189 2090 1242 aucti

555 1296 608 1340 et
633 1288 698 1342 ad
727 1287 1018 1358 perfectam
1044 1286 1132 1338 Dei
1161 1286 1477 1340 charitatem
1498 1283 1791 1353 progressi,
1837 1281 1938 1335 hoc
1981 1294 2093 1332 mu-

555 1391 658 1431 nus
717 1375 1148 1443 condignumque
1199 1373 1474 1442 praemium
1531 1370 1599 1423 ab
1653 1371 1773 1439 ipso
1813 1365 2092 1436 recipient,

553 1464 697 1532 quod
725 1463 1020 1516 inhabitent
1048 1462 1101 1514 in
1133 1461 1396 1529 promissa
1428 1457 1532 1513 sibi
1563 1455 1890 1510 haereditate.

2189 560 2216 611 ό
2265 554 2582 615 Ἀπόστολος
2612 548 2847 614 ἐδίδαξεν
2891 544 3077 598 εἰπών’
3119 562 3136 594 ι
3175 543 3315 596 Ἡ·δέ
3341 543 3439 595 ἄνω
3472 543 3653 614 'lepoaci

2189 647 2308 717 λὴμ,
2325 643 2584 712 ἐλευθέρα
2610 640 2778 702 ἐστὶν,
2830 636 2954 706 ἥτις
3001 634 3118 686 ἐστὶ
3165 632 3336 702 μήτηρ
3373 630 3552 701 ἡμῶν»
3589 635 3654 696 ui,

2198 757 2215 787 ι
2241 731 2678 804 Προσεληλύθατε
2708 726 2846 780 Σιὼν
2899 725 3036 794 ὄρει,
3085 724 3177 776 καὶ
3226 721 3366 774 πόλει
3387 721 3503 773 Θεοῦ
3526 721 3654 786 ζῶντος

2206 823 2508 894 Ἰερουσαλὴ
2517 839 2562 890 μ.
2580 817 2908 888 ἐπουρανίῳ,
2924 833 2940 865 ι
2969 809 3076 866 εἷεν
3105 811 3170 864 ἂν
3188 811 3330 872 πόλις
3351 810 3439 880 τῆς
3459 809 3654 874 Ἰουδαίας

2195 915 2269 985 (1)
2301 915 2366 966 δι’
2397 913 2462 975 ἃς
2511 909 2820 968 ἀκολούθως
2855 909 2923 975 τῇ
2951 903 3252 972 ἐπουρανίῳ
3290 901 3416 954 Σιὼν
3441 903 3490 952 αί
3535 902 3654 954 πολλαἲ

2196 1006 2343 1076 crept
2396 1003 2473 1072 τῷ
2512 1001 2688 1071 Πατρὶ
2720 998 2897 1068 μοναὶ,
2931 999 2990 1048 ὲν
3023 990 3110 1058 αῖς
3150 991 3654 1062 κατοικήσουσιααὶᾱέ

2198 1094 2660 1165 κληρονομήσουσι
2692 1089 2894 1150 πάντες
2921 1089 2970 1140 οἱ
2992 1085 3164 1137 δοῦλοι
3194 1081 3366 1136 αὑτοῦ·
3408 1081 3455 1132 οἷ
3487 1097 3536 1131 τε
3555 1081 3654 1131 edim

2196 1185 2472 1253 γενόμενοι
2494 1181 2768 1252 προφῆται
2792 1177 2888 1231 καὶ
2911 1173 3175 1243 Θεοφιλεῖς
3201 1171 3398 1242 ἄνδρες,
3425 1168 3506 1220 καὶ
3527 1170 3562 1219 οἱ
3576 1170 3654 1236 μετὲ

2195 1274 2362 1327 ταῦτα
2386 1271 2652 1340 ὑπηρέται
2713 1270 2808 1321 καὶ
2829 1267 3068 1320 διάκονοι
3097 1261 3188 1316 τοῦ
3221 1258 3518 1326 Εὐαγγελίου
3544 1259 3654 1308 αὐτοῦ.

2205 1363 2364 1415 Ἀλλὰ
2389 1363 2481 1416 καλ¹
2508 1361 2569 1412 τὸ
2613 1359 2841 1428 σπέρμα
2895 1353 3098 1416 αὐτῶν,
3133 1353 3182 1403 οἱ
3225 1349 3281 1415 ἐξ
3337 1347 3494 1402 αὐτῶν
3535 1346 3654 1415 δηλεὸί

2190 1455 2332 1505 κατὰ
2365 1452 2494 1503 Θεὸν
2541 1447 2928 1518 γεγενημένοι,
2966 1442 3325 1514 προκόψαντες
3345 1440 3430 1493 καὶ
3469 1436 3654 1498 είςτὸτέ-

553 1555 693 1610 λειον
739 1555 978 1617 ἐλθόντες
1019 1554 1118 1622 τῆς
1148 1552 1238 1605 τοῦ
1294 1552 1426 1604 Θεοῦ
1470 1550 1706 1618 ἀγάπης,
1749 1548 1902 1602 τούτο
1935 1545 2100 1617 γέρας
2125 1544 2303 1608 ἕξουσι
2326 1545 2417 1600 καὶ
2453 1544 2642 1615 μισθὸν
2673 1540 2901 1605 ἐπάξιον
2953 1539 3083 1610 παρ’
3143 1535 3322 1599 αύτοῦ,
3361 1535 3418 1588 τὸ
3471 1547 3654 1599 imam;

555 1649 718 1703 νῶσαι
737 1651 793 1701 ἐν
820 1652 882 1718 τῇ
917 1646 1286 1718 ἐπηγγελμένῃ
1313 1647 1491 1707 αὐτοῖς
1513 1642 1862 1713 κληρονομίᾳ.

557 1742 610 1795 ι.
650 1740 714 1794 IN
746 1716 974 1806 FINEM,
1010 1716 1153 1792 irsn
1211 1734 1528 1806 DAVjD___l_N
1566 1727 2090 1787 REMEMORATIO—

2202 1724 2300 1777 ΕΙΣ
2333 1724 2418 1777 ΤΟ
2481 1722 2708 1776 ΤΕΛΟΣ
2754 1722 2846 1792 Τῼ
2894 1721 3094 1806 Ala-Ind
3133 1717 3264 1788 ,ΕΙΣ
3331 1716 3654 1770 ΑΝΑΜΝΗΣΙΝ.

1147 1806 1307 1860 ΝΕΜ.
1337 1803 1521 1858 LXIX.

626 1898 791 1953 Vens.
826 1897 945 1952 2-4.
993 1915 1011 1948 ι
1051 1895 1212 1958 Deus,
1246 1894 1300 1948 in
1347 1891 1670 1961 adiutorium
1705 1903 1881 1944 meum
1929 1887 2101 1940 inten-

556 1989 643 2042 de.
676 2007 695 2039 ι
727 1987 907 2056 Neque
926 1986 1196 2045 canticum
1220 2023 1235 2046 ,
1266 1997 1437 2051 neque
1478 1982 1714 2051 psalmus
1734 2019 1750 2040 ,
1776 1993 1948 2047 neque
1971 1977 2100 2046 quid

557 2076 732 2130 simile
761 2075 840 2137 hi,
873 2090 1009 2143 quos
1039 2081 1331 2126 tractamus
1351 2110 1366 2134 ,
1407 2085 1679 2125 sermones
1727 2075 1852 2122 sunt
1879 2085 1891 2120 :
1942 2075 2099 2120 θεειο-

557 2181 676 2219 rum
707 2166 774 2218 ad
819 2165 977 2218 ﬁnem
1028 2164 1332 2226 remittunt,
1357 2162 1480 2230 quia
1513 2160 1580 2214 de
1610 2160 1791 2214 futuro
1834 2159 2100 2227 supplica-

557 2255 755 2308 tionem
787 2252 1002 2305 habent.
1061 2249 1320 2304 Dicuntur
1371 2256 1546 2302 autem
1566 2267 1588 2312 ,-
1625 2267 1645 2298 ι
1687 2246 1787 2316 ipsi
1829 2245 1994 2299 David
2044 2247 2100 2299 in

557 2344 1089 2405 rememorationem;
1126 2360 1143 2391 ι
1175 2349 1354 2408 utpote
1375 2338 1465 2408 qui
1492 2339 1610 2393 ideo
1637 2337 1766 2391 dicti
1795 2336 2009 2397 fuerint,
2041 2345 2094 2389 ut

557 2438 740 2499 posset
779 2445 871 2483 eos
912 2431 965 2482 in
1021 2437 1264 2498 promptu
1292 2443 1383 2482 ore
1417 2427 1674 2495 proferre,
1709 2435 1873 2494 utque
1903 2427 1969 2480 iis
2005 2440 2100 2494 pro

559 2519 794 2572 remedio
825 2520 878 2572 in
911 2520 1128 2572 casibus
1152 2519 1314 2572 variis
1337 2526 1594 2570 uteretur.
1627 2516 1740 2569 Duo
1773 2525 1947 2569 autem
1974 2521 2101 2568 sunt

564 2628 583 2658 ι
625 2610 675 2660 in
704 2608 1202 2662 rememorationem
1236 2627 1252 2658 ι
1283 2607 1560 2676 inscripti;
1588 2607 1675 2660 hic
1711 2621 1868 2675 quem
1901 2613 2103 2659 tracta-

559 2713 700 2762 mus,
730 2706 784 2752 et
835 2713 1037 2763 xxxwt,
1071 2698 1161 2767 qui
1216 2699 1340 2750 item
1376 2715 1394 2744 ι
1435 2698 1489 2750 in
1534 2695 2035 2751 rememorationem
2076 2712 2095 2746 ι

561 2788 853 2856 inscriptus
879 2797 981 2842 est.
1031 2786 1134 2841 Sed
1162 2787 1249 2840 ille
1283 2801 1390 2856 non
1420 2787 1484 2839 ad
1516 2787 1670 2839 liuent
1697 2785 1959 2849 remittit,
2007 2784 2100 2840 sed

561 2887 644 2932 est
675 2894 693 2926 ι
736 2878 972 2945 psalmus
1015 2874 1201 2929 Davidi
1256 2875 1309 2928 in
1367 2876 1894 2941 rememorationem;
1941 2893 1960 2926 ›
2017 2875 2101 2929 hic

561 2982 690 3020 vero
721 2985 738 3016 ι
769 2967 822 3019 in
850 2965 1004 3019 ﬁnem
1045 2985 1064 3016 ι
1102 2965 1394 3033 inscriptus
1437 2972 1536 3018 est.
1591 2963 1722 3016 Nam
1749 2979 1950 3026 xxxvu,
1995 2980 2100 3016 non

561 3058 738 3113 futura
770 3057 1189 3126 praenuntiabat,
1242 3057 1333 3111 sed
1367 3057 1752 3125 praeteritarum
1781 3069 1956 3107 rerum
1989 3069 2101 3106 me-

564 3149 788 3202 moriam
819 3147 1108 3201 refriealiat
1134 3165 1147 3199 :
1181 3147 1522 3215 quamobrem
1554 3145 1737 3198 eodem
1766 3160 1871 3214 quo
1921 3152 2103 3198 sextus

561 3237 780 3291 exordio
805 3239 988 3297 utitur,
1025 3252 1234 3305 nempe,
1271 3255 1288 3286 ι
1343 3236 1580 3294 Domine.
1602 3249 1668 3288 ne
1702 3235 1754 3287 in
1804 3234 1981 3287 furore
2013 3241 2104 3285 tuo

563 3339 757 3392 arguas
804 3340 914 3386 me,
965 3341 1136 3394 neque
1185 3325 1238 3377 in
1289 3325 1366 3376 ira
1404 3333 1492 3377 tua
1539 3324 1799 3391 corripias
1839 3338 1939 3376 me.
1981 3341 1999 3373 ι
2041 3321 2106 3374 Ει

563 3414 747 3467 eodem
783 3424 1006 3482 uterque
1031 3423 1345 3483 argumento
1386 3423 1558 3467 erant.
1620 3413 1892 3482 Siquidem
1924 3421 2105 3466 sextus

566 3503 619 3555 in
671 3504 1019 3571 sequentibus
1057 3505 1168 3555 ait:
1219 3522 1236 3553 ι
1285 3503 1545 3558 Laboravi
1600 3505 1651 3555 in
1701 3503 1894 3571 gemitu
1947 3517 2102 3555 meo:

563 3594 752 3646 lavabo
776 3609 868 3661 per
893 3595 1134 3663 singulas
1169 3603 1352 3648 noctes
1382 3596 1576 3649 lectum
1605 3609 1780 3647 meum
1802 3632 1816 3654 ,
1858 3593 2106 3663 laerymis

564 3681 696 3734 meis
741 3690 968 3735 stratum
1017 3698 1191 3734 meum
1228 3685 1410 3752 rigabo
1443 3685 1507 3737 ⁷³.
1569 3703 1586 3734 ι
1622 3683 1948 3737 Tricesimus
1981 3698 2106 3737 vero

564 3773 822 3841 septimus
853 3774 1046 3827 similia
1077 3774 1232 3827 docet
1288 3777 1370 3828 his
1423 3776 1598 3831 verbis
1631 3796 1642 3828 :
1683 3794 1701 3826 ‹
1741 3775 1857 3829 Νοη
1892 3783 1973 3830 est
2004 3789 2108 3842 pax

565 3862 778 3915 ossibus
812 3861 942 3915 meis
982 3876 1011 3914 a
1058 3861 1190 3916 facie
1238 3875 1573 3930 peccatorum
1624 3880 1862 3918 meorum
1899 3883 1913 3919 :
1967 3880 2104 3933 quo-

565 3951 706 4003 niam
765 3951 1073 4019 iniquitates
1135 3968 1263 4005 mea:
1327 3969 1685 4022 supergressa:
1761 3963 1887 4008 sunt
1947 3963 2106 4023 caput

565 4057 762 4104 meum,
795 4043 932 4097 sicut
963 4058 1101 4098 onus
1131 4059 1292 4111 grave
1331 4051 1562 4112 gravata:
1616 4053 1740 4098 sunt
1789 4059 1949 4113 super
2001 4060 2102 4097 me.

564 4131 888 4186 Putruerunt
919 4142 971 4187 et
991 4143 1253 4202 corrupta:
1287 4141 1412 4186 sunt
1443 4133 1722 4187 cicatrices
1753 4150 1882 4187 mem
1909 4150 1939 4187 a
1973 4135 2106 4188 facie

564 4221 881 4288 insipientia:
926 4237 1055 4275 mese
1082 4223 1148 4274 τι.
1192 4240 1211 4272 ι
1245 4219 1367 4273 ΙΙςεο
1396 4236 1557 4288 porro
1595 4230 1647 4274 et
1677 4222 1870 4274 similia
1900 4223 1964 4274 ad
1997 4238 2100 4276 me-

566 4311 787 4363 moriam
813 4311 1035 4366 admissi
1068 4311 1287 4365 sceleris
1318 4310 1600 4365 referebat.
1636 4311 1813 4375 Quare
1849 4330 1866 4360 ‹
1923 4312 1975 4364 in
2018 4328 2101 4366 re-

2483 1821 2509 1844 σε
2820 1790 2828 1792 ⁷
2958 1790 3076 1842 ΞΘ’.

2275 1901 2294 1935 ι
2327 1884 2382 1937 '0
2401 1883 2550 1946 Θεὸς,
2574 1886 2654 1946 είς
2665 1882 2769 1953 τὴν
2789 1879 3050 1951 βοήθειάν.
3066 1896 3164 1949 μου
3179 1877 3444 1948 πρόσχες.»
3465 1875 3654 1946 (ὶύτειξιςῖὴ1

2197 1974 2319 2030 οὔτε
2347 1973 2586 2044 ψαλμὸς,
2631 1971 2757 2026 οὔτε
2801 1989 2856 2024 τι
2902 1970 3014 2023 τῶν
3049 1969 3298 2023 τοιούτων
3328 1971 3372 2020 οί
3406 1969 3654 2038 προκείμενα

2196 2065 2514 2134 τυγχάνουσι
2555 2063 2742 2131 λόγοι*
2793 2063 2936 2131 πλὴν
2988 2061 3392 2129 ἁναπέμπουσιν
3439 2063 3504 2121 είς
3538 2059 3582 2111 τὸ

2198 2156 2304 2217 λος,
2347 2154 2465 2205 ἐπεὶ
2504 2153 2633 2222 περὶ⁸
2672 2152 2983 2221 μελλόντων
3021 2151 3122 2220 τὴν
3156 2150 3424 2221 ἱκετηρίαν
3459 2149 3654 2202 ποιοῦνται.

2199 2246 2450 2315 Εἴρηνται
2479 2243 2537 2294 δέ
2585 2261 2603 2294 ι
2627 2241 2705 2311 τῷ
2744 2242 2912 2295 Δαυῖδ
2962 2242 3043 2304 είς
3072 2241 3396 2309 ἀνάμνησιν·
3429 2258 3445 2290 ι
3480 2239 3540 2300 ὡς
3560 2239 3654 2299 ἂνείς

2197 2334 2328 2387 αὐτὸ
2355 2333 2510 2385 τοῦτο
2560 2332 2889 2402 λεχθέντες,
2949 2332 3014 2385 ἵν’
3059 2331 3170 2400 ἔχοι
3220 2329 3496 2401 προχείρως
3515 2329 3654 2380 eam

2202 2440 2363 2491 ματος
2417 2421 2899 2491 ἀπομνημονεύειν
2963 2422 3162 2483 αύτοὺς
3185 2461 3198 2485 ,
3242 2420 3331 2473 καὶ⁹
3388 2419 3493 2471 ἀντὶ
3526 2418 3654 2486 ἐπῳδῆς

2200 2513 2377 2573 αὐτοῖς
2403 2513 2461 2562 ἐν
2493 2513 2612 2572 ταῖς
2639 2511 3007 2581 περιστάσεσι
3045 2510 3294 2582 χρῆσθαι.
3326 2509 3420 2564 Δύο
3449 2509 3495 2562 δέ
3523 2510 3652 2560 alarm

2205 2620 2224 2653 ι
2250 2602 2328 2663 εἰς
2359 2601 2661 2670 ἀνάμνησιν
2693 2621 2710 2650 ι
2740 2603 3234 2671 ἐπιγεγραμμένοι,
3263 2603 3290 2654 ὃ
3316 2618 3370 2653 τε
3395 2599 3512 2670 μετὰ
3532 2601 3653 2668 χεῖρας

2199 2693 2292 2744 καὶ
2317 2691 2345 2742 ὁ
2379 2690 2451 2753 λζ’
2495 2671 2989 2761 ἐπιγεγραμμένος
3037 2693 3130 2744 καὶ
3171 2692 3326 2758 αὐτὸς
3361 2709 3379 2742 ι
3409 2693 3477 2753 είς
3509 2690 3654 2756 ἀνέμνη·

2201 2796 2304 2832 σιν.
2338 2798 2356 2829 ι
2403 2777 2541 2831 Ἀλλ’
2580 2779 2797 2842 ἐκεῖνος
2848 2781 2948 2850 μὲν
2997 2781 3097 2834 οὐκ
3125 2783 3204 2843 εἰς
3253 2781 3310 2834 τὸ
3353 2781 3486 2842 τέλος
3513 2780 3653 2844 ἀνέπεμ

2201 2885 2328 2932 πεν,
2363 2867 2474 2920 ἀλλ’
2505 2865 2570 2938 ἦν
2617 2889 2636 2919 ι
2665 2869 2888 2939 ψαλμὸς
2928 2871 3006 2940 τῷ
3055 2871 3215 2924 Δαυῖδ
3264 2874 3338 2935 είς
3378 2871 3653 2941 ἀνάμνησιν

2202 2952 2366 3021 Οὗτος
2393 2958 2448 3010 δὲ
2487 2977 2502 3007 ι
2533 2961 2614 3020 είς
2658 2960 2719 3011 τὸ
2752 2961 2908 3023 τέλος
2942 2982 2960 3012 ι
2997 2964 3306 3034 ἐπιγράφει.
3331 2964 3385 3015 '0
3423 2964 3502 3032 μὲν
3526 2957 3654 3020 οὖνλξ

2201 3050 2260 3100 οὐ
2292 3048 2586 3117 μελλόντων
2612 3044 2681 3118 ἦν
2704 3052 3191 3121 προαγορευτικὸς,
3227 3051 3353 3104 ἀλλὰ
3369 3048 3654 3120 παρῳχηκότωι

2203 3136 2538 3206 πραγμάτων
2563 3137 2789 3208 ύπομνη
2799 3141 2984 3203 στικός
3003 3156 3018 3169 ’
3047 3142 3126 3193 διὸ
3151 3142 3245 3212 τὴν
3273 3140 3425 3210 αὐτὴν
3449 3138 3579 3210 ἀρχὴν
3600 3131 3653 3202 si;

2203 3225 2277 3295 τῷ
2312 3226 2364 3289 ς’
2393 3225 2565 3293 λέγων
2584 3244 2597 3256 ·
2637 3247 2654 3278 ι
2682 3229 2883 3302 Κύριε,
2925 3231 3000 3302 μὴ
3025 3231 3102 3301 τῷ
3130 3230 3280 3302 θυμῷ
3311 3248 3394 3282 σου
3418 3229 3589 3296 ἐλέγξῃς
3613 3240 3653 3292 με

2207 3314 2337 3385 μηδέ
2379 3318 2441 3385 τῇ
2483 3317 2624 3388 όργῇ
2679 3335 2775 3370 σου
2818 3320 3117 3391 παιδεύσῃς
3147 3338 3232 3390 με.
3268 3340 3286 3371 ι
3317 3320 3446 3373 Μίαν
3477 3334 3524 3369 τε
3548 3318 3582 3367 οἱ
3604 3315 3654 3379 11;:

2205 3407 2414 3476 φότεροι
2437 3407 2694 3460 ὑπόθεσιν
2724 3413 3024 3480 περιεῖχον.
3059 3413 3116 3463 ’0
3145 3412 3242 3482 μὲν
3266 3411 3366 3481 γὰρ
3389 3411 3518 3471 ἕκτος
3538 3403 3654 3472 προῑυι

2205 3500 2472 3568 ἐπιλέγει·
2499 3519 2516 3550 ε
2573 3503 2880 3558 Ἐκοπίασα
2914 3507 2972 3556 ἐν
3007 3506 3086 3576 τῷ
3120 3503 3390 3574 στεναγμῷ
3427 3519 3537 3573 μουο
3558 3497 3654 3550 λούει

2205 3590 2321 3643 καθ’
2373 3591 2611 3662 ἑκάστην
2663 3594 2840 3648 νύκτα
2889 3597 2987 3666 τὴν
3039 3596 3224 3668 κλίνην
3273 3613 3397 3667 μου·
3442 3598 3489 3646 ἐν
3518 3592 3653 3656 δάκρυσί

2207 3696 2307 3748 μου
2343 3680 2438 3748 τὴν
2477 3685 2771 3754 στρωμνήν
2816 3703 2919 3755 μου
2971 3687 3172 3758 βρέξω·
3205 3707 3222 3738 ι
3253 3691 3280 3740 ὁ
3309 3687 3361 3739 δὲ
3397 3683 3463 3749 λζ
3482 3683 3535 3735 τὰ
3567 3681 3654 3746 ὃμοια

2203 3768 2438 3821 διδάσκει
2457 3769 2632 3837 λέγων
2651 3789 2665 3802 °
2695 3791 2715 3824 ι
2742 3775 2858 3826 Οὐκ
2881 3775 2973 3829 ἔστ
2983 3795 3028 3829 ιν
3041 3779 3226 3849 εἰρήνη
3248 3779 3301 3829 ἐν
3319 3779 3422 3838 τοῖς
3436 3772 3592 3828 ὀστέοις
3605 3782 3654 3835 μθ·-

2204 3859 2311 3911 ἀπὸ
2341 3860 2633 3928 προσώπου
2679 3865 2790 3918 τῶν
2833 3869 3122 3941 ἁμαρτιῶν
3169 3886 3294 3942 μου·
3338 3869 3411 3921 ὅτι
3454 3866 3500 3918 αἱ
3525 3858 3654 3927 ἀνομίαι

2207 3966 2306 4018 μου
2366 3950 2652 4023 ὑπερῇραν
2711 3956 2814 4026 τῆν
2885 3959 3126 4029 κεφαλήν
3197 3976 3293 4030 μου
3359 3955 3473 4008 ὡσεὶ
3523 3945 3654 4020 φορτίω

2207 4037 2340 4106 βαρὺ
2387 4037 2772 4112 ἐϐαρύνθησαν
2831 4044 2919 4095 ἐπ’
2950 4045 3068 4114 ἐμέ.
3111 4029 3442 4116 Προσὼζεσαν
3481 4038 3554 4090 καὶ
3585 4029 3654 4082 Esi-

2205 4143 2380 4195 πησαν
2418 4129 2464 4179 οἱ
2517 4129 2793 4198 μώλωπες
2842 4153 2944 4204 μου
2993 4136 3100 4187 ἀπὸ
3145 4133 3414 4206 προσώπου
3452 4130 3530 4199 τῆς
3560 4126 3654 4190 ἀφΡθ

2208 4215 2368 4284 σύνης
2421 4233 2546 4284 μου.
2579 4239 2598 4270 ι
2661 4221 2852 4275 Ταῦτα
2903 4223 2960 4276 δέ
3017 4226 3109 4277 καὶ
3157 4225 3220 4276 τὰ
3267 4221 3466 4275 τοιαῦτα
3507 4215 3572 4268 ἐπὶ
3607 4209 3654 4272 τῆπ

2209 4306 2427 4375 μνήμην
2475 4308 2572 4360 τοῦ
2624 4313 2968 4383 πραχθέντος
2991 4315 3136 4386 αύτῷ
3169 4314 3572 4385 πλημμελήματος
3590 4299 3654 4353 ἀνέ-

565 4402 999 4455 memorationem
1035 4421 1052 4452 ι
1090 4402 1378 4470 inscriptus
1423 4409 1544 4461 est,
1596 4401 1860 4470 frequenti
1894 4401 2100 4456 confes

2208 4412 2357 4466 φερε.
2406 4398 2610 4470 Διόπερ
2669 4420 2688 4452 ι
2719 4405 2801 4465 είς
2859 4406 3161 4477 ἀνάμνησιν
3196 4425 3212 4457 ι
3247 4404 3540 4474 ἐπέγραφεν,
3580 4395 3654 4443 ἐπι-

565 4489 713 4542 sione
747 4494 1010 4558 prmterita
1060 4503 1326 4561 repetens.
1373 4490 1501 4556 Quae
1549 4491 1672 4545 item
1721 4501 2010 4556 causaest,
2047 4503 2105 4546 ut

569 4602 587 4632 ι
626 4582 678 4635 ἱιι
720 4583 877 4636 linem
912 4603 930 4632 ›
965 4598 1071 4636 non
1093 4585 1440 4637 inscribatnr.
1474 4581 1570 4636 llic
1597 4599 1721 4637 vero
1750 4601 1767 4633 ι
1802 4584 1855 4638 in
1892 4584 2046 4638 linem
2081 4605 2099 4636 ι

563 4673 797 4736 dicitur,
832 4675 955 4743 quia
987 4682 1413 4743 exspectatarnm
1471 4689 1650 4726 rerum
1701 4677 1937 4742 precatio
1989 4684 2105 4738 est,

565 4772 912 4832 prmvertente
950 4762 1212 4832 Propheta
1264 4780 1326 4816 ac
1372 4771 1620 4829 rogante;
1675 4775 1731 4817 ut
1787 4767 1830 4818 si
1891 4767 2106 4834 quando

564 4853 879 4919 contingant
907 4851 1246 4905 inimicm'nm
1297 4854 1528 4908 insultus
1584 4863 1636 4908 et
1691 4855 1896 4910 insidia:
1942 4857 1998 4910 in
2049 4870 2108 4910 se

565 4949 783 5008 parata),
815 4942 897 4993 his
921 4941 1176 4995 remediis
1200 4959 1351 5006 usus,
1383 4959 1446 4998 ea
1481 4945 1632 5012 quasi
1664 4946 1903 5000 autidota
1929 4946 2106 5016 quod.

567 5029 645 5079 vis
676 5028 1034 5094 perniciosum
1062 5030 1350 5083 amuletum
1382 5032 1698 5100 depellentia
1731 5035 1932 5089 aﬂ‘erat.
1969 5034 2104 5087 Num

563 5116 723 5167 etiam
776 5117 886 5169 haec
943 5118 1086 5171 dicta
1141 5121 1204 5172 ad
1260 5136 1540 5188 personam
1591 5120 1884 5175 Salvatoris
1937 5124 2108 5178 nostri

565 5203 877 5269 prophetice
924 5205 1259 5259 referantur?
1309 5206 1744 5279 Quandoquidem
1799 5209 1852 5262 in
1911 5225 2108 5278 praece-

565 5288 709 5340 denti
740 5293 943 5358 psalmo
978 5295 1122 5348 clare
1154 5296 1456 5362 passionem
1507 5299 1622 5366 ejus
1667 5298 1980 5351 vaticinanti
2043 5313 2106 5352 ex

566 5375 684 5439 ejus
723 5393 948 5446 persona
974 5380 1292 5438 dicebatur:
1330 5405 1347 5436 ι
1390 5387 1495 5456 Ego
1540 5403 1660 5443 sum
1689 5403 1890 5457 pauper
1925 5395 1977 5441 et
2009 5387 2108 5442 do-

572 5460 708 5525 lens,
745 5467 891 5521 salus
922 5476 1033 5534 tua,
1067 5470 1229 5528 Deus.
1263 5479 1500 5547 suscepit
1541 5495 1624 5533 me
1655 5480 1728 5544 7‘;
1781 5495 1800 5529 ι
1861 5477 2107 5532 similiter

626 5573 671 5604 "
698 5573 865 5630 Galat.
893 5581 1069 5640 tv,‘26.
1119 5586 1161 5615 “
1193 5586 1352 5644 llebr.
1377 5608 1474 5655 xu,
1496 5594 1582 5647 22.
1655 5595 1696 5626 "
1721 5592 1872 5648 Joan.
1896 5609 2005 5659 xw,

654 5664 728 5734 (l)
749 5664 949 5734 Lectio,
987 5681 1038 5724 ut
1069 5675 1297 5744 videtur,
1326 5684 1526 5741 vitiata.

2024 5593 2057 5630 ο

2209 4485 2566 4555 ναλαμεάνων
2622 4491 2694 4544 τὰ
2741 4496 3083 4566 παρελθόντα
3125 4496 3210 4548 διὰ
3245 4495 3338 4564 τῆς
3368 4487 3571 4557 συνεχοῦς
3594 4479 3654 4540 έξθ

2213 4575 2573 4646 μολογήσεως.
2609 4584 2703 4635 Διὸ
2728 4587 2829 4637 οὐκ
2858 4587 3165 4658 ἐπέγραφεν
3202 4606 3221 4637 ‹
3251 4587 3325 4647 εἰς
3347 4584 3400 4636 τὸ
3425 4581 3557 4638 τέλος.
3584 4593 3596 4620 ι
3629 4567 3654 4616 ’θ

2209 4666 2265 4718 δὲ
2297 4667 2486 4737 παρὼν
2529 4688 2548 4721 ⁸
2586 4675 2667 4734 εἰς
2700 4674 2761 4726 τὸ
2778 4676 2932 4738 τέλος
2966 4698 2983 4728 ι
3025 4673 3522 4749 εἴρηται,ὲπειδήπερ
3547 4667 3654 4721 ίκετη⁴

2209 4756 2297 4826 ρία
2327 4757 2440 4809 ἐστὶ
2477 4762 2952 4834 προσδοκωμένων
2989 4766 3330 4837 πραγμάτων,
3361 4759 3442 4814 τοῦ
3465 4750 3654 4825 Προφήτου

2208 4849 2690 4918 προλαμϐάνοντος
2708 4859 2802 4910 καὶ
2826 4859 3134 4929 εὐχομένου·
3164 4859 3248 4918 ῖν”,
3279 4856 3329 4906 εἶ
3354 4867 3462 4906 ποτε
3481 4840 3654 4929 “Maia

2209 4938 2414 5011 ἐχθρῶν
2472 4943 2875 5011 ἐπαναστάσεις
2931 4949 3026 5000 καὶ
3067 4944 3336 5000 ἐπιϐουλαὶ
3398 4937 3495 4992 κατ’
3532 4931 3654 4983 ait-ou:

2207 5032 2326 5092 ταῖς
2359 5036 2754 5104 προκειμέναις
2779 5039 3010 5109 ἐπῳδαῖς
3053 5037 3316 5108 χρώμενος
3353 5023 3654 5092 ἀλεξιφάρμ²κ²

2213 5121 2396 5191 ὥσπερ
2418 5124 2767 5198 ἀποτρόπαια
2797 5130 2996 5192 παντὸς
3035 5126 3258 5199 πονηροῦ
3278 5111 3654 5187 ἀντιπεριάῖιματθί

2215 5213 2488 5279 ἐπάγοιτο.
2536 5218 2767 5287 Μήποτε
2789 5221 2845 5272 δὲ
2876 5221 2970 5273 καὶ
3000 5215 3334 5289 προφητικῶς
3357 5213 3424 5273 είς
3456 5201 3654 5289 πρόσωπξν

2213 5303 2543 5374 ἀναφέρεται
2575 5283 2646 5360 cdt
2674 5309 2944 5381 λεγόμενα
2973 5283 3066 5362 τού
3098 5283 3356 5377 itus-7:90;;
3379 5283 3654 5381 ἐπειδήπεξ.έν

2215 5393 2312 5459 μὲν
2366 5394 2442 5462 τῷ
2488 5398 2596 5467 πρὸ
2644 5399 2834 5452 τούτου
2897 5400 3078 5468 σαφῶς
3129 5396 3404 5456 θεσπίζον,τι
3457 5388 3501 5437 οδ
3543 5372 3653 5464 πάθος

2213 5482 2374 5534 αὑτοῦ
2417 5484 2636 5554 ἐλέγετο
2685 5493 2743 5557 ἐξ
2794 5491 2958 5544 αὐτού
3014 5489 3315 5561 προσώπου·
3352 5500 3368 5531 ι
3397 5471 3566 5539 Πτωχὸς
3593 5472 3651 5511 κω

2143 5593 2345 5652 ⁷³Ρ5ῖὶῖ-
2372 5615 2446 5662 νιν
2477 5600 2524 5656 7.
2593 5605 2641 5634 '”
2662 5603 2804 5660 Psal.
2830 5623 3030 5671 xxxvii,
3059 5604 3168 5658 4-6.
3227 5603 3265 5634 π
3285 5594 3407 5651 Psal.
3432 5595 3573 5640 [.Sl'lll,
3593 5573 3649 5624 50-
