3796 6358
94 350 207 403 769

1228 343 1718 401 COMMENTARIA
1750 342 1813 395 IN
1853 342 2182 396 PSALMOS.

3201 350 3303 403 770

94 464 293 533 ἀλγῶν
324 463 438 530 ἐγώ
463 464 598 533 είμι,
632 463 664 531 ἡ
700 463 937 533 σωτηρία
984 478 1095 523 σου,
1129 463 1156 513 ό
1177 462 1323 525 Θεὸς,
1358 458 1666 513 ἀντελάϐετό

1770 458 1824 511 in
1843 458 2089 528 praesenti
2121 463 2302 525 postea
2333 454 2462 509 dicit
2486 473 2501 509 :
2536 473 2557 509 ι
2595 454 2705 527 Ego
2724 470 2851 512 vero
2879 472 3081 522 egenus
3101 467 3152 515 et
3171 474 3304 531 pau-

97 572 204 625 μου
228 570 243 582 ·
286 572 305 603 ι
349 552 614 615 ὡσαύτως
651 553 707 604 δὲ
747 554 837 605 καὶ
873 554 928 604 ὲν
966 552 1039 618 τῷ
1075 551 1209 622 μετὰ
1240 554 1419 620 χεῖρας
1467 547 1662 619 προῖὼν

99 645 336 711 φάσκεν
370 660 389 690 ι
435 640 577 708 Ἐγὼ
609 641 665 692 δὲ
702 641 908 709 πτωχὸς
939 641 1030 693 καὶ
1062 640 1259 707 πένης,
1303 639 1331 688 ὁ
1367 637 1514 699 Θεὸς,
1547 636 1664 705 βοή-

97 734 271 803 θησόν
299 750 415 802 μοι.
455 751 473 781 ι
503 733 665 783 Ὥστε
700 731 791 783 καὶ
820 731 905 782 διὰ
929 731 1082 782 τοῦτο
1118 729 1416 796 ἀναγκαίως
1443 726 1664 796 ἐπιγρά-

100 842 221 892 φειν
261 843 279 873 ι
318 825 403 884 εἰς
445 821 505 873 τὸ
556 821 728 884 τέλος.
760 839 783 870 τ
831 822 954 872 Ἐὰν
1008 821 1103 889 μὲν
1136 816 1227 871 οὖν
1266 821 1330 870 ἐκ
1382 815 1664 887 προσώπου

98 917 189 968 τοῦ
224 913 400 966 Δαυῗδ
429 913 663 980 λέγοιτο,
693 912 860 972 εἴποι,
896 911 960 962 ἂν
1004 912 1083 962 ὃτι
1112 910 1338 980 μεγάλου
1377 907 1665 976 βασιλεύων

98 1006 325 1067 ἔθνους,
380 1003 595 1073 σφόδρα
652 1000 1045 1061 πλουσιώτατος
1085 998 1186 1060 ὣν,
1240 999 1339 1050 ούκ
1380 998 1559 1065 ἠγνόει
1606 995 1667 1046 τὸ

99 1096 314 1163 φάσκον
349 1093 567 1159 λόγιον⁸
601 1110 619 1143 ι
656 1092 802 1159 Ὂσῳ
839 1091 1007 1159 μέγας
1036 1086 1120 1149 εί,
1154 1088 1384 1156 τοσούτῳ
1413 1085 1664 1139 ταπεινοῦ

97 1184 362 1244 σεαυτὸν,
400 1185 500 1235 καὶ
541 1179 767 1234 ἐνώπιον
797 1181 998 1249 Κυρίου
1032 1180 1279 1249 εὑρήσεις
1310 1178 1485 1247 χάριν.
1524 1196 1540 1226 ι
1578 1177 1666 1229 Διὸ

100 1272 524 1343 μετριοφρονῶν
564 1272 657 1323 καὶ
700 1269 1126 1336 ταπεινοφρονῶν
1160 1269 1251 1320 καὶ
1292 1266 1501 1335 ἀληθῶς
1540 1283 1665 1334 σμι-

97 1364 316 1437 κρύνων
352 1363 590 1424 ἑαυτὸν,
635 1362 729 1413 καὶ
776 1359 908 1428 πρὸς
949 1354 1008 1409 τὸ
1053 1358 1273 1427 μέγεθος
1319 1357 1530 1427 ἀφορῶν
1574 1356 1665 1408 τοῦ

98 1456 332 1509 πλούτου
367 1454 478 1520 τῆς
506 1452 877 1521 χρηστότητος
909 1448 998 1500 τοῦ
1021 1448 1152 1499 Θεοῦ
1172 1489 1186 1511 ,
1215 1447 1421 1515 πτωχὸν
1448 1447 1539 1499 καὶ
1572 1447 1667 1498 πέ-

88 1564 231 1615 νητα
284 1543 494 1596 ἑαυτὸν
548 1541 635 1593 διά
682 1541 790 1591 τῶν
836 1537 1201 1608 προκειμένων
1250 1538 1489 1605 ὠνόμασε
1516 1553 1528 1565 ο
1576 1536 1665 1587 καὶ

99 1634 411 1707 ἀρχόμενος
454 1632 513 1683 δὲ
552 1628 645 1681 τοῦ
676 1629 851 1694 λόγου,
882 1623 956 1688 ὡς
990 1626 1148 1694 μηδὲν
1188 1623 1332 1693 αὐτῷ
1371 1622 1664 1692 συμϐαλλο-

100 1727 284 1790 μένου,
323 1721 474 1789 μήτε
502 1716 758 1779 πλούτου,
791 1716 923 1784 μήτε
959 1713 1245 1782 βασιλείας,
1280 1713 1410 1781 μήτε
1450 1712 1543 1780 τῆς
1574 1710 1662 1762 τοῦ

1766 564 1860 617 per
1886 565 2024 614 sum,
2063 548 2220 609 Deus,
2255 546 2445 610 adiuva
2496 561 2600 601 me.
2649 566 2667 598 ι
2700 546 2777 599 lta
2824 556 2883 601 ut
2931 564 2992 602 ea
3028 550 3094 605 de
3137 565 3301 605 causa

1770 656 1787 688 ι
1819 639 1873 691 in
1920 638 2075 692 ﬁnem
2113 657 2132 688 ι
2186 637 2489 691 necessario
2550 636 2891 691 inscribatur.
2945 640 3096 704 Quod
3151 642 3196 695 si
3233 655 3302 698 ex

1764 743 1993 796 persona
2026 728 2244 782 Davidis
2277 726 2600 795 proferatur,
2634 728 2781 781 dicas
2815 730 2938 782 licet
2974 730 3146 799 ipsum
3189 746 3304 785 ma-

1765 835 1879 888 gna:
1915 821 2085 889 gemis
2128 835 2322 888 regem,
2356 834 2419 873 ac
2448 820 2769 875 ditissimum
2795 858 2809 880 ,
2861 835 2968 872 non
3030 822 3305 889 ignorasse

1766 920 1940 963 tamen
1974 911 2172 963 dictum
2226 910 2401 963 illud:
2459 927 2477 959 ι
2517 908 2726 974 Quanto
2781 911 2953 975 major
3004 926 3092 973 es,
3154 918 3306 965 tanto

1766 998 1935 1065 magis
1974 998 2201 1066 teipsum
2253 997 2507 1062 humilia,
2558 1005 2611 1050 et
2658 997 2710 1048 in
2754 1006 3043 1064 conspectu
3091 996 3304 1051 Domini

1766 1087 2004 1141 invenies
2029 1090 2252 1157 gratiam
2282 1090 2369 1139 η’.
2394 1106 2412 1138 ι
2442 1087 2617 1151 Quare
2648 1089 2919 1141 moderate
2951 1096 3003 1141 et
3033 1088 3307 1142 humiliter

1765 1179 2022 1242 sentiens,
2052 1194 2281 1247 vereque
2311 1193 2428 1232 sese
2462 1193 2681 1246 parvum
2726 1186 2999 1246 reputans,
3035 1194 3098 1232 ac
3133 1179 3305 1244 respi-

1756 1269 1913 1323 ciens
1945 1269 2365 1338 magnitudinem
2390 1269 2694 1322 divitiarum
2733 1268 2987 1323 bonitatis
3021 1269 3149 1333 Dei,
3183 1284 3308 1338 ege-

1766 1375 1890 1410 num
1928 1374 1985 1411 se
2031 1368 2083 1412 et
2116 1373 2400 1427 pauperem
2449 1359 2512 1417 in
2559 1358 2803 1425 praesenti
2850 1360 3092 1413 vocavit:
3146 1364 3308 1426 atque

1765 1462 2063 1501 sermonem
2096 1447 2331 1508 ordiens,
2365 1460 2427 1498 ac
2461 1446 2507 1500 si
2545 1446 2776 1508 divitiae,
2834 1462 3085 1515 regnum,
3141 1449 3307 1501 totius

1765 1539 1943 1606 populi
1974 1538 2189 1599 auxilia,
2219 1538 2450 1608 itemque
2488 1537 2694 1605 justitia
2728 1552 2824 1605 per
2868 1538 3305 1592 exercitationem

1764 1634 2091 1694 comparata,
2126 1627 2257 1679 nihil
2288 1627 2389 1682 sibi
2440 1626 2770 1690 conferrent,
2799 1625 2966 1680 solius
3011 1624 3102 1679 Dei
3153 1628 3307 1680 auxi-

1766 1715 1892 1767 lium
1951 1717 2228 1782 expetebat
2286 1716 2514 1773 dicens:
2562 1734 2582 1769 ι
2636 1716 2810 1780 Deus,
2870 1716 2925 1769 in
2982 1714 3305 1782 adjutorium

99 1812 297 1873 παντὸς
341 1810 542 1870 ἔθνους
575 1806 821 1876 βοηθείας
841 1843 854 1863 ,
893 1806 1023 1874 μήτε
1048 1804 1143 1872 τῆς
1182 1800 1240 1863 ἐξ
1268 1803 1542 1870 ἀσκήσεως
1574 1818 1664 1852 πο-

1767 1815 1941 1856 meum
1960 1804 2170 1857 intende
2191 1823 2204 1869 ;
2223 1804 2463 1869 Domine,
2489 1806 2555 1860 ad
2576 1807 2934 1875 adjuvandum
2957 1822 3039 1861 me
3057 1807 3303 1861 festina.»

100 1901 385 1970 ρισθείσης
438 1896 590 1965 αὐτῷ
633 1895 989 1964 δικαιοσύνης,
1036 1894 1131 1962 τὴν
1177 1892 1320 1962 παρὰ
1374 1891 1528 1960 μόνου
1576 1888 1667 1941 τοῦ

85 1969 229 2042 ’Θεοῦ
272 1989 546 2059 βοήθειαν
582 1984 942 2055 ἐξῄτει).ἐγων
962 2000 974 2013 ο
1016 2002 1033 2032 ί
1058 1984 1113 2033 '0
1144 1982 1291 2044 Θεὸς,
1318 1982 1395 2042 είς
1418 1979 1513 2049 τὴν
1544 1969 1667 2047 βοή-

92 2081 243 2132 Δθε;όιν
273 2096 384 2150 μου
416 2076 677 2147 πρόσχες.
704 2075 893 2144 Κύριε,
929 2074 1005 2134 είς
1026 2073 1085 2123 τὸ
1105 2071 1361 2140 βοηθῆσαί
1391 2087 1477 2139 μοι
1506 2068 1668 2119 σπεῦ-

94 2187 205 2221 σον.
243 2188 261 2219 ι
313 2166 505 2236 Ὁρῶν
552 2165 607 2216 δὲ
642 2162 865 2222 πολλοὺς
910 2160 1380 2229 διαφθονουμένους
1425 2161 1489 2226 τῇ
1533 2154 1668 2208 κατά

90 2261 224 2311 ’Θεὸν
248 2256 432 2311 αὑτοῦ
462 2254 713 2325 προκοπῇ
748 2252 840 2302 καὶ
868 2249 1248 2318 βασκαίνοντας
1276 2249 1435 2302 αὑτοῦ
1464 2251 1527 2317 τῇ
1559 2265 1664 2299 σω-

100 2349 258 2420 τηρία
298 2350 412 2417 τῆς
449 2345 667 2414 ψυχῆς,
713 2339 1013 2410 προσετίθει
1046 2340 1136 2397 τὸ.
1166 2357 1183 2388 ι
1224 2339 1666 2408 Αἰσχυνθήτωσαν

101 2442 188 2493 καὶ
236 2437 685 2505 ἐντραπήτωσαν
735 2433 782 2482 οἱ
833 2427 1117 2497 ζητοῦντες
1164 2429 1259 2498 τὴν
1310 2428 1482 2497 ψυχήν
1544 2445 1663 2497 μου.

110 2524 660 2593 ’λιποστραφήτωσαν
689 2518 767 2578 είς
797 2517 862 2569 τὰ
898 2517 1068 2568 ὀπίσω
1090 2517 1179 2568 καὶ
1209 2515 1667 2585 καταισχυνθήτω-

100 2636 192 2671 σαν
223 2620 274 2669 οἱ
309 2610 646 2686 βουλόμενοί
682 2626 769 2679 μοι
806 2609 969 2662 κακά.
1009 2608 1523 2676 Ἀποστραφήτωσαν
1564 2624 1665 2659 πα-

105 2708 330 2780 ραυτίκα
362 2701 756 2770 αἰσχυνόμενοι
783 2700 830 2751 οί
860 2697 1101 2764 λέγοντές
1131 2714 1249 2765 μοι,
1280 2693 1437 2763 Εὖγε,
1464 2693 1609 2763 εὖγε.
1643 2714 1660 2746 ι

101 2798 190 2849 Α.ιᾶ
210 2797 425 2849 τούτων
443 2793 563 2861 γάρ
578 2789 823 2859 ὁμολογεῖ
838 2788 994 2848 αὐτὸς
1017 2787 1110 2856 μὲν
1127 2786 1300 2855 ἑαυτῷ
1326 2786 1398 2855 μὴ
1418 2786 1667 2839 δύνασθαι

102 2889 358 2956 ἐπαρκεῖν
380 2923 396 2946 ,
436 2880 653 2934 δεῖσθαι
690 2878 745 2930 δὲ
778 2877 872 2939 τῆς
909 2875 1055 2946 ποιρά
1096 2875 1187 2927 τοῦ
1210 2877 1505 2946 κρείττονος
1544 2876 1667 2946 βοη-

102 2976 243 3037 θείας
261 2990 277 3005 ο
306 2974 421 3037 ὡς,
457 2971 515 3023 εί
552 2968 625 3038 μὴ
652 2967 801 3035 τύχοι
832 2965 1047 3036 ταύτης,
1080 2964 1277 3035 ἔρημος
1303 2964 1551 3034 ἐσόμενος
1576 2965 1668 3017 καὶ

102 3063 580 3132 ἐλεγχοησόμενος
610 3056 837 3125 ἀσθενὴς
852 3055 943 3107 καὶ
969 3054 1126 3105 πλέον
1140 3054 1287 3106 οὐδὲν
1313 3054 1346 3123 ἢ
1375 3054 1558 3123 θνητὸς
1575 3055 1668 3107 ἀν-

102 3155 313 3223 θρωπος
334 3171 347 3182 ο
380 3150 498 3203 καὶ
527 3146 603 3209 ὦς
635 3148 681 3198 οἱ
708 3145 888 3216 ἐχθροὶ
919 3144 1075 3196 αὐτοῦ
1102 3143 1555 3213 ἐπιχαιρεσίκακοί
1590 3161 1669 3195 τι-

98 3260 180 3304 vs;
218 3242 379 3303 ὄντες
425 3233 665 3290 πεσόντι
710 3233 855 3302 αὐτῷ
894 3232 1335 3300 ὲπαναϐήσονται.
1377 3232 1438 3284 Et
1462 3231 1519 3282 δὲ
1550 3231 1671 3300 βοη-

98 3334 186 3387 θοῦ
243 3333 404 3402 τύχοι
466 3327 569 3379 τοῦ
623 3324 777 3387 Θεοῦ,
829 3323 985 3385 αὐτὸς
1030 3321 1130 3391 μὲν
1192 3320 1337 3372 ἔσται
1379 3320 1668 3389 ἀνώτεροςο

97 3425 361 3492 αἰσχύνην
400 3420 472 3472 δὲ
520 3413 907 3483 καταχεοῦνται
945 3413 993 3464 οἱ
1031 3411 1130 3479 τῆς
1156 3408 1314 3461 αὐτοῦ
1355 3408 1526 3477 ψυχῆς
1559 3407 1673 3459 επί-

95 3516 270 3573 σειυλοι
287 3530 302 3546 ο
332 3511 561 3569 οἵτινες
608 3506 691 3571 ἐφ’
719 3504 919 3574 ἑκάστῃ
949 3501 1140 3571 πράξει
1165 3499 1301 3551 κατὰ
1324 3499 1486 3561 πόδας
1510 3496 1668 3551 αὐτοῦ

95 3606 373 3673 βαίνοντες
386 3599 505 3654 καὶ
516 3613 605 3649 πει
614 3594 840 3667 μενοι
856 3590 1179 3661 ὲπιλαμϐἀνε
1186 3588 1305 3640 σθαι
1319 3588 1476 3640 αὐτοῦ
1495 3587 1613 3654 λέγε
1623 3605 1668 3639 ιν

93 3695 372 3754 εἰώθασιν,
416 3708 436 3740 ι
484 3683 626 3753 Εὖγε
646 3724 660 3748 ,
692 3679 814 3750 εὖγε
837 3721 850 3743 ,
880 3699 899 3732 ν
927 3680 1001 3742 ὡς
1022 3680 1086 3732 ἂν
1115 3676 1552 3745 ἐπιτυγχάνοντες
1575 3677 1668 3729 καὶ

94 3788 209 3838 κατ’
238 3783 418 3853 εὐχὰς
454 3777 793 3847 πράττοντες
816 3776 871 3824 ὲν
903 3766 981 3832 οἷς
1011 3769 1169 3821 αὑτὸν
1204 3766 1522 3834 σφάλλεσθαι
1553 3767 1667 3819 ὲνό-

93 3874 266 3943 μιξον.
310 3873 380 3923 EE
404 3870 477 3921 δὲ
518 3863 613 3917 ἐπὶ
645 3863 734 3914 τὸν
761 3858 983 3929 Σωτῆρα
1002 3875 1082 3919 τις
1106 3856 1358 3926 ἀναφέροι
1388 3853 1551 3907 ταῦτα
1585 3853 1669 3907 διὰ

91 3962 184 4031 τὴν
209 3958 599 4013 ἀποδοθεῖσαν
631 3951 825 4011 αίτίαν,
859 3950 1003 4019 ἐρεῖ,
1030 3947 1109 3998 ὅτι
1152 3948 1274 4007 τοὺς
1309 3943 1670 3997 ἐπιϐουλεῦον»

91 4068 191 4114 τας
210 4044 394 4103 αὐτοῦ
423 4045 513 4114 τῷ
530 4040 680 4109 ’λόγῳ
707 4038 799 4093 καὶ
823 4041 885 4107 τῇ
914 4035 1243 4105 διδασκαλίᾳ,
1272 4035 1347 4104 τῷ
1366 4051 1424 4086 τε
1455 4034 1669 4103 μεγάλῳ

96 4140 308 4209 σώματι
342 4139 454 4206 τῆς
498 4130 824 4199 Ἐκκλησίας
864 4126 1021 4180 αὐτοῦ
1062 4124 1275 4195 θεωρῶν
1311 4123 1658 4192 ὲπανισταμέο

1768 1895 2214 1950 Animadvertens
2247 1906 2421 1950 autem
2475 1898 2735 1966 plurimos
2774 1914 2895 1953 esse
2926 1899 3017 1967 qui
3066 1913 3167 1951 suo
3224 1913 3309 1952 se-

1767 1987 1998 2037 cundum
2030 1983 2193 2038 Deum
2226 1986 2505 2054 profectui,
2534 1989 2699 2041 livore
2725 1988 2892 2053 ducti,
2914 2004 2977 2041 ac
3000 1989 3161 2042 saluti
3185 1989 3306 2040 ani-

1764 2089 1865 2127 ma:
1890 2088 1998 2127 suae
2041 2073 2358 2137 inviderent,
2390 2076 2517 2129 illud
2567 2078 2799 2145 adjecit:
2840 2096 2858 2128 ί
2893 2077 3309 2131 Confundantur

1765 2170 1818 2217 et
1847 2174 2188 2218 revereantur
2224 2168 2315 2234 qui
2351 2175 2595 2235 quaerunt
2624 2168 2853 2220 animam
2887 2183 3080 2222 meam.
3137 2168 3307 2220 Aver-

1763 2262 1945 2307 tantur
1991 2263 2285 2310 retrorsum
2333 2266 2385 2311 et
2436 2259 2753 2313 erubescant
2796 2260 2888 2329 qui
2942 2260 3126 2312 volunt
3172 2259 3304 2313 mihi

1766 2341 1921 2391 mala.
1950 2338 2276 2395 Avertantur
2311 2344 2491 2397 statim
2548 2346 2929 2399 erubescentes
2968 2346 3060 2414 qui
3118 2348 3306 2399 dicunt

1763 2429 1915 2493 mihi,
1940 2429 2103 2499 Euge,
2130 2447 2283 2500 euge.
2324 2451 2342 2484 ›
2376 2432 2470 2487 His
2507 2435 2791 2488 conﬁtetur
2818 2450 2875 2488 se
2903 2449 3010 2487 non
3043 2434 3143 2487 sibi
3174 2438 3305 2491 satis

1764 2534 1903 2581 esse,
1931 2520 2023 2572 sed
2057 2519 2149 2573 Dei
2189 2522 2389 2577 auxilio
2424 2538 2598 2593 egere.
2633 2521 2891 2576 Futurum
2926 2524 3125 2593 quippe
3150 2532 3302 2589 erat,

1765 2609 1811 2663 si
1834 2609 1886 2662 id
1913 2625 2018 2663 non
2043 2622 2481 2680 consequeretur,
2516 2622 2574 2667 ut
2616 2613 2859 2668 desertus
2885 2623 3047 2675 esset,
3070 2630 3132 2668 ac
3159 2616 3307 2669 inﬁr-

1764 2715 1886 2754 mus
1911 2701 2150 2769 nihilque
2172 2703 2339 2772 magis
2362 2719 2519 2772 quam
2551 2707 2790 2759 mortalis
2817 2705 2972 2758 homo
3004 2705 3299 2774 deprehen-

1765 2790 2001 2853 deretur,
2020 2792 2328 2861 inimicique
2357 2794 2543 2847 alienis
2562 2794 2716 2848 malis
2748 2796 3063 2863 gaudentes,
3093 2797 3305 2864 lapsum

1768 2895 1825 2934 se
1853 2880 2090 2936 invasuri
2114 2890 2314 2937 essent.
2352 2882 2409 2936 Si
2453 2899 2581 2937 vero
2614 2885 2910 2953 adjutorem
2959 2885 3126 2940 Deum
3171 2901 3309 2940 nan-

1767 2972 2078 3036 cisceretur,
2110 2974 2437 3042 superiorem
2472 2988 2530 3027 se
2560 2973 2671 3028 fore
2701 2976 2995 3045 animaeque
3046 2991 3158 3030 sua:
3204 2977 3311 3031 ini-

1771 3059 1936 3113 micos
1962 3061 2163 3128 pudore
2192 3060 2451 3115 sumisum
2498 3061 2564 3115 iri
2608 3062 2876 3129 sperabat.
2933 3062 2996 3116 Hi
3043 3064 3184 3117 enim
3239 3063 3307 3119 ad

1770 3148 1978 3216 singula
2009 3160 2155 3218 gesta
2173 3150 2289 3217 ejus
2305 3165 2334 3203 e
2349 3151 2573 3219 vestigio
2594 3152 2901 3207 incedentes
2925 3154 3305 3227 observabant,

1772 3234 2052 3304 ipsumque
2104 3236 2551 3305 comprehendere
2604 3239 2879 3293 studentes
2939 3242 3120 3294 dicere
3163 3244 3307 3297 sole-

1772 3324 1917 3389 bant,
1947 3342 1965 3374 ι
2007 3324 2188 3394 Euge,
2225 3340 2377 3394 euge,
2411 3343 2428 3376 ι
2465 3326 2615 3393 quasi
2655 3342 2710 3377 re
2754 3327 2889 3382 bene
2931 3337 3079 3397 gesta
3123 3338 3177 3383 et
3208 3346 3308 3398 pro

1769 3422 1891 3466 voto
1923 3414 2263 3475 succedente,
2295 3427 2413 3466 cum
2450 3415 2653 3481 lapsum
2688 3430 2809 3468 eum
2853 3424 3121 3484 putarent.
3154 3417 3308 3484 Quod

1770 3502 1817 3557 si
1842 3503 1962 3571 quis
1988 3504 2101 3557 haec
2131 3502 2195 3556 ad
2231 3504 2556 3556 Salvator-em
2601 3503 2669 3557 ob
2712 3519 2873 3573 super
2898 3507 3148 3561 traditam
3176 3524 3308 3563 eau-

1772 3607 1885 3646 sam
1915 3592 2129 3655 referat,
2166 3594 2213 3647 is
2243 3594 2415 3657 dicet,
2462 3595 2633 3663 ipsum
2663 3610 2785 3648 eum
2821 3606 3060 3651 cerneret
3097 3614 3189 3653 eos
3215 3601 3309 3668 qui

1772 3683 1933 3737 verbo
1975 3690 2030 3737 et
2089 3684 2345 3738 doctrinae
2397 3700 2508 3738 suae
2552 3700 2849 3755 magnoque
2893 3685 3145 3743 Ecclesiae
3198 3702 3310 3745 sua

1772 3772 1985 3839 corpori
2026 3771 2440 3834 insidiabantur,
2477 3772 2751 3841 insurgere
2781 3788 2843 3828 ac
2885 3773 3192 3843 frequenter
3216 3778 3311 3831 ad-

1770 3874 1960 3914 versus
2008 3860 2149 3912 illam
2182 3861 2578 3929 persecutiones
2616 3863 2890 3929 excitare;
2926 3878 3110 3918 eorum
3158 3868 3311 3921 mali.

1768 3952 1894 4005 tiam
1918 3958 2275 4014 exsecratum,
2311 3950 2448 4006 hanc
2479 3953 2790 4021 prophetice
2829 3954 3126 4008 orationem
3175 3958 3311 4011 emi-

1768 4041 1924 4101 sisse,
1954 4040 2160 4108 hocque
2192 4040 2379 4094 orandi
2415 4041 2719 4097 institutum
2763 4041 3016 4096 Ecclesia:
3058 4059 3173 4098 suae
3201 4054 3312 4099 tra-

1768 4123 1985 4177 didisse.

90 4248 234 4295 νους,
260 4232 364 4285 καὶ
392 4228 536 4287 τοὺς
574 4222 838 4290 διωγμοὺς
877 4218 1105 4286 συνεχῶς
1140 4216 1255 4269 κατ’
1284 4216 1451 4284 αὐτῆς
1494 4214 1869 4282 ἐνεργοῦντας,
1902 4216 2416 4287 ἀποτροπιαζόμενος
2476 4219 2651 4273 αὐτῶν
2710 4220 2806 4291 τὴν
2855 4219 3080 4285 κακίαν,
3111 4221 3312 4294 ταύτην

92 4321 466 4392 προφητικῶς
527 4312 801 4382 ἀνέπεμπε
854 4312 951 4378 τὴν
992 4308 1182 4378 εὐχὴν,
1230 4308 1367 4361 οὕτω
1408 4308 1515 4360 δεῖν
1559 4307 1803 4376 εὔχεσθαι
1833 4307 2089 4391 διράσκων
2110 4310 2205 4381 τὴν
2250 4312 2565 4381 Ἐκκλησίαν
2596 4313 2776 4365 αὐτοῦ.

162 4430 183 4463 ι
230 4406 728 4479 Ἀγαλλιάσθωσαν
759 4404 850 4455 καὶ
878 4401 1324 4471 εύφρανθήτωσαν
1352 4401 1443 4452 ἐπὶ
1469 4400 1525 4452 σε
1546 4399 1666 4452 πάν-

1847 4397 2008 4453 Vens.
2049 4401 2100 4464 5,
2140 4403 2190 4453 6.
2215 4420 2232 4451 ‹
2260 4401 2537 4456 Exsultent
2572 4412 2624 4455 et
2657 4403 2898 4455 lazti-ntur
2916 4416 3080 4471 super
3113 4414 3165 4462 te
3197 4422 3313 4460 om-

93 4518 180 4563 τες
210 4503 264 4553 οἱ
316 4496 629 4570 ζητοῦντές
656 4512 733 4546 σε.
766 4513 783 4542 ι
822 4492 901 4544 Τὰ
943 4491 1038 4559 μὲν
1081 4490 1267 4560 πρῶτα
1312 4488 1673 4560 ἀνατρεπτικὰ

91 4587 157 4658 ἦν
215 4590 332 4642 τῶν
375 4585 683 4641 ἐναντίων·
740 4580 1040 4641 ἀκολούθως
1075 4579 1129 4631 δὲ
1170 4579 1236 4630 τὰ
1278 4579 1499 4649 δεύτερα
1537 4578 1671 4648 ὑπὲρ

94 4679 200 4731 τῶν
228 4679 468 4731 οἰκείων
517 4673 823 4744 πρεσϐεύει.
861 4671 968 4723 Καὶ
1003 4670 1049 4722 εί
1097 4670 1192 4739 μὲν
1230 4670 1257 4720 ὁ
1291 4667 1448 4720 Δαυῒδ
1484 4669 1671 4738 δικαίῳ

95 4769 429 4837 πρέπουσαν
460 4765 629 4833 εὐχὴν
659 4764 912 4821 ἐποιεῖτο,
948 4760 1021 4820 ὡς
1048 4759 1111 4811 ἂν
1144 4760 1337 4819 πάντες
1358 4761 1403 4810 οί
1429 4759 1517 4809 τὸν
1542 4759 1671 4811 Θεὸν

97 4858 419 4924 ζητοῦντες,
459 4848 543 4906 ὧν
590 4849 667 4915 εἷς
716 4852 810 4904 καὶ
854 4849 1017 4909 αῦτὸς
1061 4844 1158 4915 ἦν,
1190 4848 1548 4915 ἀγαλλιάσεως
1578 4848 1673 4901 καὶ

96 4945 452 5014 εὐφροσύνης
480 4941 754 5011 μετέχοιεν
774 4938 880 4991 τῶν
911 4934 1114 5007 ἐχθρῶν
1141 4935 1635 5003 καταισχυνομένων
1654 4954 1669 4967 ·

98 5034 145 5083 σί
180 5035 235 5087 δὲ
274 5032 621 5101 ἀγαπῶντες
655 5031 713 5081 τὸ
752 5029 1016 5096 σωτήριον
1059 5024 1148 5076 τοῦ
1180 5024 1313 5076 Θεοῦ
1354 5024 1553 5090 λέγοιεν
1579 5024 1668 5087 ἂν,

1774 4506 1868 4544 nes
1900 4491 1989 4559 qui
2024 4500 2266 4560 quaerunt
2291 4500 2359 4546 te.
2399 4512 2417 4544 ι
2464 4492 2648 4545 Priora
2689 4493 2900 4561 quidem
2936 4495 3005 4546 ad
3064 4497 3313 4553 inimicos

1771 4581 2088 4635 avertendos
2120 4582 2260 4635 dicta
2310 4592 2470 4647 sunt;
2511 4582 2741 4635 secunda
2773 4574 2895 4633 vero
2924 4596 3026 4648 pro
3058 4585 3316 4642 domesti-

1770 4669 1850 4721 cis
1891 4670 2212 4735 supplicant.
2248 4668 2312 4721 Et
2353 4683 2482 4721 sane
2534 4666 2746 4735 quidem
2799 4666 2958 4719 David
3012 4673 3317 4727 orationem

1767 4756 1914 4825 justo
1946 4766 2324 4827 congruentem
2357 4758 2555 4821 emisit,
2592 4767 2838 4826 precatus
2862 4764 2918 4807 ut
2951 4758 3197 4814 universi
3226 4762 3321 4829 qui

1772 4847 1937 4901 Deum
1973 4849 2270 4916 requirunt,
2304 4863 2368 4901 ex
2399 4863 2623 4914 quorum
2651 4848 2737 4901 ille
2762 4859 2986 4897 numero
3014 4855 3178 4910 erat,
3215 4850 3326 4902 ini-

1776 4937 1929 4991 micis
1952 4938 2152 5005 pudore
2180 4936 2417 4998 suﬂ'usis,
2440 4935 2810 4990 exsultationis
2832 4939 2883 4985 et
2923 4933 3117 4999 gaudii
3164 4938 3335 5002 partio

1776 5026 1924 5094 cipes
1954 5027 2081 5079 sint.
2137 5026 2173 5080 li
2211 5042 2334 5079 vero
2378 5028 2469 5095 qui
2500 5027 2726 5094 diligunt
2777 5020 3021 5075 salutare
3056 5018 3182 5083 Dei,
3218 5021 3342 5087 jure

1778 5115 2041 5177 dixerint,
2100 5134 2118 5165 ι
2184 5116 2547 5184 Magnilicetur
2604 5110 2891 5171 Dominus;
2934 5124 2952 5156 ι
3014 5104 3195 5159 idque
3240 5121 3349 5162 non

1778 5207 1962 5269 semel,
1994 5206 2085 5259 sed
2110 5206 2526 5273 omnitempore,
2551 5204 2673 5273 quia
2695 5202 2814 5268 ipse
2836 5194 3112 5248 Dominus
3133 5194 3194 5244 in
3218 5194 3357 5262 ipsis

1778 5295 2121 5365 ipsorumque
2148 5309 2309 5363 opera
2343 5310 2512 5363 genus
2555 5304 2714 5346 omne
2768 5279 3241 5337 adversariorum
3266 5279 3366 5333 Dei

1779 5385 2043 5453 proﬂigal.
2076 5383 2225 5448 Quod
2270 5384 2314 5437 si
2366 5382 2610 5437 Salvator
2657 5374 2939 5446 prmdictis
2966 5365 3178 5421 verbis
3232 5380 3376 5421 usus

1782 5475 2278 5541 sit,consequenter
2324 5471 2390 5524 de
2439 5469 2694 5525 omnibus
2749 5461 3005 5531 gentibus
3044 5453 3111 5503 in
3148 5465 3217 5503 se
3250 5465 3383 5506 crc-

92 5121 575 5190 σΜεγαλυνθήτω
622 5121 650 5171 ό
696 5119 857 5179 Θεόςο
892 5135 911 5167 ι
969 5117 1060 5167 καὶ
1097 5115 1251 5166 τοῦτο
1307 5114 1380 5183 μὴ
1424 5114 1669 5177 εἰσάπαξ,

94 5211 224 5276 μηδὲ
264 5211 350 5264 ἑνί
406 5225 559 5262 ποτε
610 5207 783 5276 καιρῷ
808 5246 821 5261 .
856 5204 993 5257 ἀλλά
1018 5203 1300 5265 διαπαντὸς
1338 5202 1571 5268 λέγοιεν,
1596 5222 1673 5256 νι-

100 5297 297 5361 κῶντος
351 5302 415 5351 ὲν
464 5298 657 5357 αὺτοῖς
702 5295 793 5345 καὶ
823 5293 887 5344 δι’
925 5291 1101 5341 αὐτῶν
1143 5292 1251 5342 πᾶν
1293 5290 1383 5343 τὸν
1420 5290 1671 5357 πολέμιον

109 5386 256 5449 γένος
280 5386 378 5441 τοῦ
406 5384 572 5438 Θεοῦ.
600 5386 666 5436 Εἰ
697 5383 754 5433 δὲ
778 5383 805 5432 ό
838 5378 1029 5447 Σωτὴρ
1052 5381 1160 5441 τοῖς
1200 5378 1556 5447 προλεχθεῖσιν
1591 5380 1670 5449 (1)

107 5474 411 5538 ἀκολούθως
450 5473 542 5541 εἴη
577 5472 721 5539 ὑπὲρ
747 5469 850 5518 τῶν
894 5465 958 5527 ἐξ
997 5468 1246 5520 ἁπάντων
1276 5466 1570 5538 τῶῃὲθνῶν
1593 5471 1673 5533 εἰς

174 5565 239 5595 τι·
266 5564 440 5618 Eccii.
481 5577 559 5617 ιιι,
588 5560 682 5613 20.

177 5657 249 5719 (l)
280 5656 496 5706 Λείπει.
