3796 6334
158 338 258 398 ’⁸1Ἱὸ

1243 349 1727 406 (ΖΟΜΜΕΝΤΑΠΙᾹ
1768 354 1830 407 ΙΝ
1867 354 2198 411 PSALMOS.

3195 367 3304 421 774

165 450 257 522 προ
290 449 444 502 αὐτοῦ
483 452 860 521 τεταγμένοις,
905 456 989 508 διὰ
1037 458 1098 508 τὸ
1134 458 1325 528 πολλὴν
1365 462 1497 531 πρὸς
1541 462 1668 514 αὐτά

1774 467 1891 519 beat
1943 443 2264 525 affinitatem.
2321 469 2451 524 Nam
2513 473 2563 525 in
2627 477 2940 544 pnecedcnti
2986 478 3300 536 dicebatur:

167 539 336 602 σώζειν
361 540 668 593 ἀκολουθίαν
688 557 702 571 ·
733 544 788 594 ἐν
829 545 955 610 γοῦν
986 545 1060 614 τῷ
1088 546 1189 616 πρὸ
1218 549 1400 601 «mg-:00
1427 551 1636 618 ἐλέγετο
1655 568 1670 582 .

168 651 184 682 ι
217 630 269 683 Ὀ
287 630 428 692 Θεὸς,
470 631 549 692 εἰς
568 631 666 699 τὴν
698 632 941 702 βοήθειάν
972 653 1069 704 μου
1098 637 1344 706 πρόσχες.
1376 640 1672 710 Αἰσχονθὴ-

163 733 316 771 τωσαν
359 718 450 769 καὶ
495 719 914 789 ὲντραπήτωσαν
950 724 998 773 οἰ
1042 725 1319 792 ζητοῦντες
1363 727 1458 796 τὴν
1499 729 1673 798 ψυχήν

165 824 266 877 μου.
298 808 792 878 Ἀποστραιρείησαν
823 814 901 873 εἰς
942 813 1002 864 τὰ
1031 815 1201 865 ὀπίσω
1239 817 1328 868 καὶ
1353 834 1671 888 καταισχυν-

163 898 357 966 θείησαν
391 897 440 948 οἱ
481 896 788 968 βουλόμενοί
821 917 907 969 μοι
939 902 1079 954 κακά
1099 922 1110 930 ·
1148 923 1165 952 ι
1203 905 1292 956 καὶ
1324 907 1380 956 ὲν
1403 909 1510 968 τοῖς
1541 906 1674 975 μετά

161 988 322 1057 χεῖρας
346 986 401 1038 δὲ
434 987 636 1056 προῖὼν
675 991 703 1040 δ
731 990 884 1057 λόγος
914 994 1030 1053 ταῖς
1061 993 1247 1056 αὐταῖς
1282 995 1538 1065 κέχρηται
1568 1014 1674 1064 φω-

161 1079 261 1137 ναῖς
279 1076 440 1142 λέγων
459 1093 472 1104 ’
503 1093 522 1125 ι
544 1077 602 1128 Ὀ
630 1078 784 1141 Θεδς,
813 1081 891 1142 εὶς
913 1080 1007 1150 τὴν
1027 1080 1270 1150 βοήθειάν
1298 1101 1394 1152 μου
1421 1085 1669 1153 πρόσχες,

153 1165 573 1236 αἰσχυνθείησαν
608 1186 626 1216 ι
673 1169 767 1220 καὶ
810 1171 878 1222 τα
913 1171 1068 1223 λοιπά
1096 1173 1150 1224 δὲ
1183 1175 1278 1241 τῆς
1303 1175 1466 1242 αὐτῆς
1500 1176 1670 1244 ἔχεται

160 1256 382 1316 διανοίας,
409 1259 486 1317 εἰς
518 1257 720 1319 πλάτος
751 1261 1117 1329 ἐκτεινομένου
1145 1265 1235 1314 τοῦ
1264 1264 1418 1330 λόγον
1453 1265 1538 1316 δια
1567 1267 1671 1316 τῶν

161 1346 530 1415 προκειμένων,
566 1346 711 1415 ἆπερ
737 1349 836 1399 οὐκ
868 1351 971 1401 ἀπὸ
1000 1352 1196 1403 σκόπου
1224 1353 1285 1405 ἄν
1311 1369 1390 1414 τις
1415 1354 1549 1405 εἴποι
1578 1355 1674 1424 ἀρ-

163 1436 320 1502 μόζειν
338 1435 411 1504 τῷ
433 1437 606 1505 Πατρί
627 1455 640 1465 ·
676 1439 776 1490 Διά
795 1456 851 1489 τε
881 1439 939 1489 τὸ
961 1439 1208 1505 λέγεσθαι
1245 1443 1300 1493 ὲν
1330 1442 1494 1511 αὐτῷ’
1525 1444 1672 1494 «Ὅτι

163 1526 214 1577 σὺ
237 1522 331 1594 εἷή
358 1527 597 1595 ύπομονή
636 1545 760 1596 μου,
797 1529 985 1597 Κύριε,
1021 1529 1204 1599 Κύριε,
1236 1533 1266 1600 ἡ
1299 1532 1447 1594 ἐλπίς
1481 1549 1577 1601 μου
1612 1535 1671 1584 ἐκ

158 1615 372 1684 νεότητός
405 1634 504 1685 μου
526 1633 539 1646 ·
575 1637 592 1666 ι
630 1619 771 1669 αὑτά
797 1619 898 1688 γὰρ
919 1620 1086 1672 ταῦτα
1117 1622 1172 1670 ἐν
1205 1622 1295 1671 καὶ
1321 1619 1395 1687 τῷ
1438 1620 1520 1670 κα¹
1548 1620 1673 1688 ψαλ-

156 1704 224 1772 μῷ
248 1705 300 1768 ἐξ
320 1705 476 1757 αὐτοῦ
508 1707 805 1776 προσώπου
835 1708 1044 1774 ἐλέγετο
1065 1711 1120 1759 ἐν
1149 1708 1378 1772 τούτοις·
1419 1727 1436 1758 ι
1468 1711 1582 1760 Ὅτι
1609 1712 1669 1762 σὺ

153 1791 192 1846 εἷ
212 1799 235 1846 ὀ
261 1797 524 1858 ὲκσπάσας
554 1813 619 1866 με
655 1798 732 1848 ὲκ
769 1797 1028 1864 γαστρὸς’
1060 1815 1077 1846 ι
1116 1798 1205 1848 καὶ
1248 1797 1314 1848 τὰ
1343 1797 1484 1866 ἑξῆς.
1520 1797 1672 1848 Ἀλλὰ

147 1885 230 1934 καὶ
257 1883 310 1933 τὸ
343 1881 462 1951 ἑξῆς
494 1883 888 1952 ἐπιλεγόμενον
908 1885 964 1935 ἐν
994 1887 1054 1952 τῇ
1093 1883 1225 1952 μετά
1252 1889 1434 1955 χεῖρας
1467 1903 1671 1955 προφη-

152 1974 252 2041 τεία
275 1974 325 2024 ὲν
353 1972 446 2040 τῷ,
480 1991 496 2022 ι
537 1973 593 2024 '0
624 1973 768 2034 Θεός
798 1990 918 2042 μου,
962 1973 1033 2042 μὴ
1084 1974 1442 2045 ἐγκαταλίπῃς
1465 1993 1550 2044 με,
1570 1978 1670 2038 ἕως

147 2062 204 2113 ἂν
232 2059 504 2127 ἀπαγγελῶ
523 2061 612 2114 τὸν
646 2061 912 2130 βραχίονα
940 2080 1029 2113 σου
1056 2066 1119 2132 τῇ
1143 2066 1299 2132 γενεᾷ
1329 2066 1471 2134 πάσῃ
1495 2068 1556 2134 τῇ
1585 2068 1671 2136 ἐρ-

152 2153 345 2222 χομένῃ,
370 2173 384 2202 ι
410 2154 755 2221 ἰσοδυναμεῖν
779 2152 914 2204 ἔοικε
934 2153 1008 2221 τῷ
1029 2154 1084 2203 ἐν
1105 2155 1186 2205 κα¹
1203 2153 1396 2222 ψαλμῴ
1419 2157 1668 2222 φάσκοντι

153 2239 274 2306 λόγῳ
289 2257 300 2268 ο
323 2258 339 2288 ι
362 2240 816 2308 Ἀναγγελήσεται
833 2239 907 2308 τῷ
923 2241 1105 2309 Κυρίῳ
1126 2241 1282 2306 γενεά
1301 2243 1332 2310 ἡ
1353 2242 1629 2313 ἐρχομένη.
1645 2261 1662 2291 ι

155 2325 366 2394 Πρόσχες
407 2327 509 2398 γὰρ
544 2328 796 2397 ἀκριϐῶς
835 2329 976 2400 ὅπως
1007 2329 1063 2378 ὲν
1090 2329 1279 2397 ἐκείνῳ
1312 2330 1406 2398 μὲν
1436 2330 1665 2397 ἐλέγετο,

161 2420 442 2490 ιἈναγγελή
452 2421 687 2488 σεταιτῷ
711 2421 1109 2489 Κυρίῳγενεάή
1134 2422 1412 2491 ἐρχομένη,
1428 2423 1575 2474 ιένδῖε
1593 2423 1668 2492 τῷ

155 2511 496 2580 προκειμένῳ,
535 2530 552 2562 ι
590 2513 743 2572 "Eua;
771 2511 833 2562 ἂν
867 2512 1154 2578 ἀπαγγελῶ
1174 2514 1264 2566 τὸν
1297 2512 1548 2584 βραχίονὰ
1575 2532 1666 2566 σου

157 2601 208 2666 τῇ
231 2603 373 2669 γενεᾷ
396 2603 538 2673 πάσῃ
562 2605 626 2670 τῇ
663 2601 954 2670 ἐρχομένῃ.
992 2620 1008 2650 ι
1047 2601 1200 2654 ’Λλλά
1237 2604 1328 2654 καὶ
1360 2604 1456 2672 τὴν
1489 2604 1554 2655 ὲκ
1581 2621 1668 2656 νε-

157 2689 276 2756 κρῶν
293 2691 568 2742 ἀνάστασιν
586 2690 754 2743 αὑτοῦ
772 2690 952 2757 σαφῶς
966 2693 1281 2761 παρίστησιν
1299 2694 1330 2761 ἡ
1346 2692 1476 2760 μετά
1487 2695 1669 2764 χεῖρας

156 2780 418 2848 προφητεία
447 2781 674 2847 λέγουσα
697 2778 756 2841 ἐξ
780 2779 936 2831 αὐτοῦ
956 2781 1238 2850 προσώπου
1255 2797 1266 2810 ο
1297 2799 1314 2830 ι
1339 2782 1393 2833 '0
1408 2781 1553 2844 Θεὸς,
1587 2782 1670 2845 τίς

155 2865 304 2934 ὅμοιός
331 2871 577 2932 conﬁsa;
607 2867 818 2931 ἔδειξας
837 2885 922 2937 μοι
950 2868 1148 2936 θλίψεις
1165 2869 1357 2931 πολλὰς
1382 2871 1472 2921 καί.
1499 2871 1669 2932 κακὰς

154 2959 228 3006 καὶ
245 2960 552 3028 ἐπιστρέψας
581 2959 950 3027 ἐζωοποίησάς
971 2975 1056 3026 με,
1080 2958 1170 3009 καὶ
1190 2958 1294 3010 τῶν
1314 2958 1558 3025 ἀναγκῶν
1572 2960 1666 3028 τῆς

153 3045 236 3114 τῆς
248 3047 390 3099 πάλιν
400 3049 668 3118 ἀνήγαγές
687 3063 753 3115 με
771 3063 784 3109 ;
811 3067 828 3096 ι
850 3047 960 3098 Εἶτ’
974 3043 1061 3099 οὖν
1075 3048 1137 3098 ἐκ
1157 3047 1436 3116 προσώπου
1451 3048 1542 3099 τοῦ
1561 3050 1669 3100 Σω-

1777 570 1796 602 ι
1827 553 1986 617 Deus,
2019 557 2071 608 in
2097 557 2420 623 adjutorium
2452 575 2625 614 meum
2663 564 2874 618 intende
2897 606 2910 622 .
2963 567 3280 622 Confundan

1772 649 1858 694 tur
1906 652 1959 697 et
2007 657 2347 699 revercantur
2393 651 2481 716 qui
2534 663 2776 718 quagrunt
2829 655 3056 709 animam
3109 673 3301 713 turam.

1770 729 2088 786 Avertantur
2139 742 2432 790 retrorsum
2490 747 2540 791 et
2586 740 2906 795 erubescant
2967 746 3056 812 qui
3121 749 3308 802 volunt

1771 819 1898 872 mihi
1929 821 2067 874 mala
2102 823 2164 876 ⁷⁸.
2210 843 2228 874 ι
2271 823 2326 877 la
2359 826 2460 880 hoc
2495 844 2622 882 vero
2649 868 2664 892 ,
2712 846 2869 898 quem
2921 849 3064 886 nunc
3117 847 3306 891 tracta-

1770 923 1916 972 mus,
1956 910 2235 978 ipsissimm
2260 931 2416 970 voces
2449 917 2501 969 in
2534 921 2879 987 sequentibus
2929 936 3256 991 usurpantur
3288 946 3301 980 :

1775 1013 1793 1044 ι
1829 995 1984 1060 Deus,
2015 999 2067 1050 in
2095 1000 2419 1066 adjutorium
2453 1020 2626 1058 meum
2660 1007 2876 1060 intende
2900 1048 2913 1068 ,
2969 1012 3305 1064 confundan-

1772 1091 1876 1145 tur,
1899 1105 1916 1136 ›
1942 1095 1994 1140 et
2019 1097 2230 1152 (δίκαιοι-ει,
2265 1106 2477 1161 quoque
2501 1095 2670 1148 eidem
2705 1099 2981 1151 sementim
3010 1099 3268 1153 insistunt
3292 1119 3306 1161 ;

1769 1175 1863 1226 sed
1893 1176 1979 1228 hic
2007 1176 2181 1231 fusius
2203 1195 2286 1233 res
2316 1194 2655 1246 enarrantur,
2687 1202 2819 1254 quas
2845 1187 2985 1240 Patri
3018 1189 3309 1241 convenire

1769 1278 1874 1315 non
1895 1266 1988 1318 abs
2014 1283 2073 1320 re
2100 1269 2361 1337 quispiam
2392 1272 2606 1326 dixerit.
2631 1275 2762 1328 Cum
2799 1279 2920 1329 item
2950 1277 3000 1328 in
3029 1278 3127 1330 hoc
3161 1279 3308 1346 psal-

1769 1370 1856 1407 mo
1882 1357 2110 1418 dicatur,
2139 1377 2157 1407 ‹
2193 1358 2452 1424 Quoniam
2471 1370 2526 1414 tu
2550 1379 2607 1416 es
2628 1365 2876 1432 patientia
2897 1380 3034 1427 mea,
3061 1365 3301 1430 Domine,

1775 1443 1998 1499 Domine
2028 1463 2148 1516 spcs
2184 1464 2297 1502 mea
2319 1464 2347 1502 a
2369 1451 2643 1516 juventute
2675 1467 2823 1516 nica;
2868 1472 2886 1504 ι
2918 1454 3018 1508 hoc
3048 1455 3218 1523 ipsum
3247 1457 3302 1509 in

1769 1537 1975 1602 psalmo
2005 1553 2117 1598 χιιι,
2145 1555 2208 1590 ex
2235 1540 2417 1593 eadem
2448 1556 2675 1609 persona
2715 1543 2948 1596 dicitur:
2981 1562 3000 1593 ι
3038 1543 3300 1608 Quoniam

1770 1632 1824 1674 tu
1850 1641 1906 1677 es
1929 1627 2017 1693 qui
2042 1629 2316 1686 extruxisti
2351 1645 2433 1680 me
2457 1631 2521 1684 de
2566 1641 2749 1685 ventre
2776 1635 2841 1694 ⁷⁸,
2879 1653 2896 1683 ›
2930 1642 2981 1686 et
3004 1635 3300 1702 sequentia.

1771 1709 1872 1765 Sed
1921 1713 2078 1766 etiam
2135 1715 2274 1782 quod
2323 1717 2375 1768 in
2429 1718 2528 1770 hac
2584 1721 2857 1788 prophetia
2922 1722 3303 1791 subjungitur,

1776 1817 1792 1847 ι
1826 1799 1964 1854 Deus
2000 1817 2150 1856 meus
2170 1843 2182 1863 ,
2215 1820 2280 1856 ne
2302 1804 2640 1873 derelinquas
2670 1823 2770 1870 me,
2794 1807 2960 1862 donec
2990 1811 3301 1862 annuntiem

1768 1886 2042 1939 brachium
2072 1895 2217 1941 tuum
2246 1893 2574 1958 generationi
2596 1897 2740 1948 omni
2763 1912 2879 1963 qua:
2906 1907 3120 1950 \entura
3150 1908 3250 1962 est;
3277 1917 3298 1949 ι

1769 1976 1940 2030 simile
1967 1978 2176 2031 videtur
2206 1982 2278 2033 illi
2328 1997 2415 2034 xxi
2457 1983 2645 2050 psalmi
2697 1985 2861 2046 dicto,
2899 2005 2916 2036 ι
2956 1988 3304 2040 Annuntiabi-
3339 2037 3350 2048 ,

1767 2074 1855 2117 tur
1887 2065 2105 2118 Domino
2133 2070 2406 2136 generatio
2423 2079 2648 2124 ventura
2679 2073 2744 2123 ⁸ο.
2779 2093 2796 2123 ι
2823 2075 3084 2128 Attendas
3106 2076 3303 2143 quippe

1767 2154 1943 2218 velim,
1967 2158 2232 2222 quomodo
2260 2158 2309 2209 in
2338 2159 2426 2211 illo
2447 2161 2657 2228 quidem
2685 2161 2912 2224 dicatur,
2942 2181 2960 2212 ι
2999 2165 3302 2216 Annuntia—

1768 2242 1912 2296 bitur
1950 2242 2176 2298 Domino
2218 2249 2490 2314 generatio
2521 2257 2779 2314 ventura;
2824 2269 2843 2303 ›
2880 2251 2934 2303 in
2963 2251 3062 2304 hoc
3098 2259 3297 2314 autem,

1773 2349 1790 2380 ι
1817 2331 1994 2387 Donec
2023 2338 2331 2389 annunticm
2359 2337 2632 2390 brachium
2655 2350 2800 2392 tuum
2830 2342 3153 2409 generationi
3184 2357 3301 2393 om-

1767 2421 1819 2472 ni
1844 2436 1959 2488 qua:
1981 2430 2199 2475 ventura
2241 2433 2340 2477 est.
2381 2443 2399 2474 ι
2438 2423 2576 2487 Quin
2621 2428 2778 2479 etiam
2811 2429 2927 2495 ejus
2962 2444 3023 2480 ex
3074 2429 3301 2481 mortuis

1768 2512 2210 2564 resurrectionem
2246 2521 2426 2580 aperte
2452 2516 2686 2568 declarat
2717 2515 2827 2569 haec
2862 2516 3135 2585 prophetia
3157 2555 3172 2578 ,
3233 2533 3300 2570 ex

1765 2602 1883 2668 ejus
1902 2617 2127 2670 persona
2145 2603 2361 2656 dicens:
2387 2622 2404 2653 ι
2441 2603 2599 2668 Deus,
2615 2605 2735 2672 quis
2763 2606 2954 2659 similis
2975 2607 3104 2658 tibi?
3127 2607 3301 2670 Quan-

1767 2698 1849 2744 tas
1881 2692 2160 2745 ostendisti
2188 2694 2315 2746 mihi
2338 2696 2712 2748 tribulationes
2735 2697 2927 2750 multas
2949 2705 2998 2749 et
3020 2698 3186 2752 malas
3209 2738 3224 2763 ,
3245 2707 3300 2751 et

1766 2793 2059 2833 conversus
2085 2781 2360 2837 viviﬁeasti
2397 2799 2498 2844 me,
2540 2784 2680 2836 etde
2711 2784 3116 2839 necessitatibus
3144 2792 3300 2838 terra:

1765 2863 1957 2916 iterum
1986 2866 2241 2921 reduxisti
2275 2870 2390 2922 me?
2428 2887 2446 2919 ι
2483 2868 2606 2921 Sive
2639 2870 2800 2938 igitur
2827 2886 2889 2924 ex
2914 2887 3141 2940 persona
3175 2871 3298 2926 Scr-

1765 2952 1984 3013 vatoris,
2017 2952 2127 3005 sive
2155 2968 2217 3005 ex
2250 2969 2488 3021 persona
2520 2954 2805 3020 cujuslibet
2835 2955 2966 3023 justi
3012 2956 3127 3010 haec
3155 2957 3298 3009 acci—

1765 3042 1954 3108 pienda
1976 3050 2119 3095 sunt.
2154 3041 2454 3096 Doctrinam
2500 3045 2640 3096 enim
2688 3045 3150 3112 complectuntur,
3177 3061 3296 3114 gum

151 3137 204 3202 τῆ
211 3154 305 3205 ρος,
328 3139 429 3190 εἴτε
457 3141 520 3190 ἐκ
543 3136 840 3208 προσώπου
865 3138 1056 3198 παντὸς
1077 3137 1298 3197 δικαίου,
1321 3138 1426 3188 τῶν
1456 3155 1668 3207 προκει-

1769 3147 1865 3184 nos
1891 3132 2121 3185 instituit
2151 3142 2208 3184 ut
2236 3149 2300 3186 ex
2335 3133 2474 3186 bono
2504 3134 2776 3202 proposito
2805 3135 2983 3186 omnia
3034 3143 3154 3202 post
3205 3135 3300 3188 du-

154 3227 301 3293 μένων
319 3227 620 3280 ἀκουστέον.
647 3227 895 3296 Περιέχει
919 3226 1024 3296 γὰρ
1042 3226 1376 3278 διδασκαλίαν
1399 3227 1667 3279 παιδεύου-

150 3333 233 3366 σαν
261 3319 394 3386 ήμᾶς
425 3319 558 3388 μετά
591 3317 884 3377 διαθέσεως
916 3316 1096 3383 ὑγιοῦς
1130 3317 1301 3368 πάντα
1327 3316 1426 3385 μὲν
1445 3317 1666 3386 δεύτερα

149 3407 378 3471 τίθεσθαι,
397 3410 488 3460 ἐπὶ
511 3407 670 3477 μόνον
693 3407 749 3458 δὲ
768 3407 856 3459 τὸν
879 3406 1076 3476 Κύριον
1094 3405 1192 3467 τάς
1213 3406 1415 3458 ἑαυτῶν
1436 3407 1665 3477 ἀναρτᾷν

149 3497 356 3562 ἐλπίδας,
378 3499 513 3551 ὥστε
535 3499 718 3564 λέγειν
739 3493 883 3566 αὐτῷ
902 3495 1130 3548 διαθέσει
1154 3495 1365 3564 γνησία.
1379 3515 1395 3545 ι
1420 3497 1539 3548 Ἐπὶ
1564 3497 1664 3558 σοὶ,

148 3589 312 3660 Κύριε,
328 3593 546 3661 ἤλπισα,
577 3592 652 3661 μὴ
681 3588 1119 3658 καταισχυνθείην
1143 3589 1220 3649 εἰς
1243 3587 1331 3638 τὸν
1356 3587 1542 3640 αἰῶνα.
1569 3607 1586 3637 ι
1605 3589 1666 3640 Οἱ

143 3680 328 3748 γὰρὲπὶ
351 3682 563 3750 πλούτῳ
583 3681 682 3733 καὶ
705 3678 864 3746 πολλῇ
886 3677 1162 3748 περιουσία
1194 3677 1326 3745 βίου,
1346 3676 1378 3746 ἢ
1401 3677 1491 3729 ἐπὶ
1507 3676 1668 3742 ἀξιώ-

146 3783 258 3833 μασι
273 3775 564 3839 κοσμικοῖς,
585 3770 618 3839 ἢ
641 3770 731 3820 ἐπὶ
748 3769 1014 3837 ἀρχόντων
1035 3767 1315 3835 οἰκειότητι
1339 3769 1426 3820 καί.
1447 3784 1670 3839 προστα-

142 3856 234 3924 σία,
278 3859 358 3926 ἐφ’
391 3860 564 3928 ἑτέρῳ
597 3859 707 3910 τινὶ
753 3857 858 3909 τῶν
891 3856 1092 3925 θνητῶν
1131 3856 1222 3909 καὶ
1267 3858 1538 3926 ἐπικήρων
1574 3856 1669 3920 τὰς

142 3944 322 3997 ἑαυτῶν
363 3949 708 4008 ἀνατιθέντες
757 3946 1294 4015 ὲλπίδας,·αἰσχύνην
1335 3946 1665 4015 ὀφλήσουσιν.

142 4050 156 4080 ι
190 4035 606 4106 Ἐπικατάρατος
623 4035 731 4105 γὰρ
752 4035 844 4088 ἀνθ
853 4051 1027 4103 ρωπος
1045 4021 1112 4098 ὅς’
1129 4035 1223 4103 τὴν
1241 4035 1422 4088 ἐλπίδα
1447 4035 1556 4104 ἔχει
1584 4037 1667 4089 ἐπ’

138 4120 416 4191 ᾇνθρωπον,
481 4126 578 4178 καὶ
640 4123 878 4192 στηρίξει
914 4123 1085 4192 σάρκα
1112 4123 1385 4194 βραχίονος
1420 4125 1599 4178 αὐτοῦ.
1646 4143 1664 4176 ι

135 4209 364 4281 Κέκραγέ
405 4231 463 4266 τε
498 4214 642 4283 βοῶν
669 4215 696 4265 ὁ
739 4213 889 4280 λόγος
914 4231 927 4243 ·
956 4234 974 4264 ι
1009 4213 1098 4282 Μὴ
1137 4213 1421 4265 πεποίθατε
1451 4215 1535 4266 ἐπ’
1575 4213 1670 4285 ἆρ-

134 4313 323 4364 χοντας,
361 4303 498 4372 μηδὲ
521 4302 609 4369 ἐφ’
644 4302 789 4364 υἱοὺς
837 4301 1149 4372 ἀνθρώπων,
1179 4297 1257 4364 οἷς
1287 4304 1382 4354 οὐκ
1411 4302 1522 4354 ἔστι
1566 4319 1672 4354 σω-

133 4389 275 4458 τηρία
299 4407 313 4421 ⁸
355 4411 374 4442 ι
403 4394 499 4445 καὶ
532 4392 694 4446 πάλιν
717 4409 729 4421 ο
761 4412 777 4442 ι
820 4393 1047 4454 Πλοῦτος
1080 4392 1170 4444 eam
1205 4391 1321 4461 ῥέῃ,
1353 4392 1425 4462 μὴ
1457 4392 1672 4463 προστί-

1763 3235 1966 3282 camus,
1995 3223 2046 3274 in
2067 3237 2279 3291 unoque
2303 3223 2528 3276 Domino
2549 3238 2697 3290 spem
2723 3231 3019 3278 statuamus
3036 3233 3295 3284 nostram.

1762 3311 1834 3365 ita
1863 3317 1920 3361 ut
1952 3310 2164 3364 sincero
2192 3311 2382 3365 aﬂ'ectu
2427 3312 2666 3366 dicamus
2699 3330 2712 3366 :
2751 3329 2771 3363 ι
2821 3312 2878 3366 In
2926 3321 3005 3375 te,
3039 3313 3259 3368 Domine
3282 3355 3296 3378 ,

1764 3401 1992 3463 speravi,
2011 3415 2114 3453 non
2138 3401 2436 3454 confundar
2457 3405 2508 3454 in
2526 3409 2801 3454 aeternum.
2827 3421 2845 3453 ι
2872 3401 2972 3466 Qui
2989 3403 3128 3455 enim
3148 3403 3199 3455 in
3217 3404 3300 3455 di-

1762 3490 1908 3543 vitiis
1925 3505 1987 3542 ae
2001 3490 2053 3543 in
2072 3491 2302 3560 copiosis
2316 3493 2438 3546 vitae
2456 3491 2932 3552 facultatibus,sive
2948 3493 2998 3544 in
3015 3492 3298 3545 mundanis

1767 3579 2145 3648 dignitatibus,
2173 3582 2287 3636 sive
2319 3581 2376 3634 in
2409 3583 2711 3650 principum
2762 3581 2942 3636 favore
2973 3591 3026 3635 et
3069 3583 3299 3651 patroci-

1765 3671 1876 3733 nio,
1912 3670 2024 3724 sive
2079 3672 2131 3723 in
2181 3671 2282 3723 alia
2319 3673 2568 3740 quapiam
2604 3671 2909 3724 mortalium
2951 3680 3004 3725 et
3037 3670 3298 3724 ﬂuxarula

1765 3775 1942 3814 rerum
1997 3776 2142 3829 spem
2203 3771 2489 3829 reponunt,
2525 3762 2830 3830 ignominiae
2858 3762 3072 3815 obnoxii
3121 3769 3298 3818 erunt.

1773 3867 1790 3900 ι
1834 3849 2148 3904 Maledictus
2177 3852 2319 3904 enim
2346 3851 2506 3904 homo
2539 3853 2630 3920 qui
2667 3867 2815 3920 spem
2842 3852 3002 3904 habet
3032 3854 3086 3905 in
3122 3852 3298 3905 homi-

1769 3955 1911 4002 nem,
1947 3949 1999 3994 ct
2021 3942 2193 3993 firmat
2224 3956 2441 3996 carnem
2475 3943 2678 3999 brachii
2708 3943 2873 3994 sui“.
2903 3962 2920 3992 ι
2941 3941 3144 3995 Clamat
3177 3947 3299 3996 item

1771 4030 2070 4099 Scriptura,
2104 4049 2122 4081 ι
2158 4030 2330 4086 Nolite
2365 4033 2632 4087 confidere
2664 4034 2718 4085 in
2748 4031 3103 4100 principibus,
3131 4047 3301 4100 neque

1769 4122 1822 4174 in
1876 4122 1998 4174 filiis
2039 4122 2334 4184 hominum,
2380 4123 2433 4176 in
2477 4123 2673 4192 quibus
2717 4137 2826 4175 non
2867 4128 2949 4175 est
2991 4122 3135 4175 salus
3157 4121 3238 4184 3';
3275 4139 3295 4170 ι

1768 4218 1820 4262 et
1847 4225 2085 4272 rursum,
2119 4229 2137 4262 ι
2179 4211 2385 4266 Divitiae
2429 4214 2472 4268 si
2523 4213 2760 4273 amuant,
2810 4209 2972 4262 nolite
3005 4223 3099 4261 cor
3131 4224 3295 4277 appo-

1770 4312 1896 4352 nere
1917 4298 1981 4348 ³³.
2014 4317 2032 4348 ι
2061 4296 2118 4350 Ιιι
2142 4299 2261 4353 aliis
2286 4301 2409 4354 item
2433 4301 2498 4353 ad
2527 4301 2636 4352 lucc
2667 4297 2893 4353 dicenda
2914 4296 3249 4351 instituimur
3279 4314 3293 4349 :

1776 4405 1793 4435 ι
1831 4385 2088 4441 Dominus
2138 4389 2265 4441 mihi
2309 4389 2540 4456 adjutor,
2593 4403 2696 4440 non
2741 4385 2936 4438 timebo
2967 4387 3098 4454 quid
3140 4387 3301 4440 faciat

135 4471 270 4527 θεσθε
299 4479 547 4549 καρδίαν.
564 4482 702 4533 »Καὶ
729 4484 782 4532 ὲν
807 4481 1007 4551 ἑτέροις
1029 4480 1084 4530 δὲ
1105 4480 1274 4546 λέγειν
1295 4480 1665 4550 διδασκόμεθα’

1771 4476 1898 4530 mihi
1937 4476 2114 4530 homo.
2150 4476 2354 4531 Bonum
2391 4488 2471 4532 est
2502 4477 2767 4531 conlidere
2792 4478 2844 4530 in
2869 4475 3117 4541 Domino,
3139 4493 3301 4547 quam

137 4579 152 4610 ι
181 4564 370 4635 Κύριος
398 4571 523 4639 ἐμοὶ
546 4569 756 4639 βοηθὸς,
780 4572 840 4621 οὐ
861 4569 1229 4638 φοϐηθήσομαι
1252 4568 1303 4619 τί
1330 4570 1543 4638 ποιήσει
1578 4587 1664 4640 μοι

133 4650 416 4721 ἄνθρωπος.
457 4657 689 4724 Ἀγαθὸν
709 4658 1017 4710 πεποιθέναι
1051 4659 1139 4710 ἐπὶ
1171 4656 1388 4726 Κύριον,
1420 4657 1452 4726 ἢ
1487 4674 1669 4710 πεποι-

132 4736 264 4792 θέναι
291 4746 380 4797 ἐπὶ
400 4746 711 4816 ἄνθρωπον.
757 4746 975 4814 Ἀγαθὸν
1011 4743 1244 4806 ἐλπίζειν
1269 4746 1359 4795 ἐπὶ
1393 4745 1664 4818 Κύριον,ἢ

133 4825 351 4891 ἐλπίζειν
399 4835 494 4885 ἐπὶ
520 4834 801 4904 ἄρχοντας.
843 4853 861 4884 ι
910 4836 966 4886 '0
991 4833 1049 4885 δὲ
1085 4831 1260 4898 ἀγαθὰ
1297 4833 1468 4901 ἐαυτῷ
1497 4852 1670 4888 συνει-

133 4909 220 4975 δὼς
247 4919 382 4970 εἴποι
405 4920 472 4972 ἂν
499 4920 581 4989 τῷ
605 4922 788 4991 Κυρίῳ
813 4921 903 4973 καὶ
939 4921 1018 4983 τὸ,
1055 4938 1073 4968 ι
1124 4920 1209 4970 Ἐν
1238 4918 1542 4992 δικαιοσύνῃ
1573 4941 1665 4976 σου

140 4998 278 5064 ῥῦσαί
339 5024 405 5075 με
464 5010 563 5060 καὶ
614 5009 789 5072 ἐξέλου
825 5027 910 5078 με.
955 5026 973 5058 ι
1012 5006 1184 5073 nam;
1216 5006 1319 5075 γὰρ
1353 5011 1666 5080 πεποιθήσει

139 5089 471 5163 τεθάρρηκεν,
501 5099 608 5160 ὅτι,
642 5099 777 5150 κατά
816 5099 874 5150 τὸ
901 5095 1231 5151 δικαιότατον
1264 5096 1447 5164 κρίνας
1470 5099 1672 5163 ὀΘεὸςί

147 5178 342 5249 εὑρήσει
377 5188 542 5238 αὐτὸν
572 5189 631 5239 οὐ
658 5188 1038 5257 κατακρίσεως,
1071 5184 1188 5235 οὐδὲ
1215 5184 1470 5252 ἀποϐολῆς
1495 5188 1670 5252 ἄξιον,

145 5266 258 5321 ἀλλᾶ
283 5271 532 5342 βοηθείας
565 5277 658 5327 καὶ
689 5276 1048 5346 ἀντιλήψεως⁸
1087 5272 1167 5324 διό
1192 5290 1372 5342 φησιν·
1409 5292 1427 5322 ε
1479 5277 1572 5328 Ἐν
1603 5283 1674 5349 τῇ·

152 5352 431 5434 δικαιοσύνῃ
461 5381 554 5416 σου
572 5363 729 5434 ῥῦσαί
763 5381 827 5432 με
862 5366 948 5416 καὶ
975 5361 1160 5426 ἐξέλου
1195 5380 1276 5432 με.
1301 5381 1319 5414 ι
1349 5365 1670 5438 Συνειδήσει

154 5614 192 5643 ⁸⁸
217 5615 344 5672 i‘sal.
376 5637 534 5686 cxvu,
575 5614 686 5676 7-9.

1767 4563 2034 4618 conlidere
2071 4563 2126 4618 in
2156 4564 2388 4619 homine.
2442 4566 2643 4618 Bonum
2675 4572 2758 4618 est
2784 4577 3004 4631 sperare
3038 4564 3094 4618 in
3122 4565 3302 4619 Domi-

1731 4685 1736 4691 -
1770 4669 1861 4716 no,
1896 4669 2055 4723 quam
2103 4670 2322 4723 sperare
2377 4656 2430 4709 in
2475 4655 2804 4724 principibus
2823 4651 2887 4702 “.
2929 4672 2948 4704 ›
2990 4654 3092 4719 Qui
3123 4662 3302 4708 autem

1770 4745 2036 4799 bonorum
2067 4745 2170 4798 sibi
2209 4746 2460 4799 conscius
2488 4754 2590 4808 est,
2624 4744 2849 4797 Domino
2879 4742 3080 4796 dixerit
3126 4743 3256 4796 illud
3286 4761 3299 4796 :

1779 4853 1812 4885 ι·
1839 4835 1896 4888 ιιι
1924 4835 2134 4903 justitia
2183 4843 2274 4887 tua
2323 4836 2489 4889 libera
2548 4850 2632 4888 me
2663 4841 2714 4887 et
2760 4832 2906 4899 eripe
2933 4847 3043 4887 me.
3087 4852 3106 4886 ι
3142 4833 3307 4887 Multa

1773 4927 1968 4994 quippe
2006 4925 2196 4978 fiducia
2224 4927 2478 4995 repletur,
2510 4928 2633 4996 quia
2658 4922 2966 4992 justissimo
3011 4939 3197 4977 secum
3225 4923 3309 4992 ju-

1773 5015 1915 5068 dicio
1947 5013 2086 5068 Deus
2108 5029 2291 5082 agens,
2318 5031 2423 5068 non
2457 5013 2818 5072 damnatione,
2855 5024 3042 5078 neque
3075 5012 3312 5079 repulsa,

1775 5104 1870 5158 sed
1897 5103 2096 5158 auxilio
2117 5112 2166 5156 et
2196 5104 2493 5171 patrocinio
2518 5103 2731 5172 dignum
2763 5099 3074 5162 comperiet
3097 5118 3111 5152 :
3150 5113 3319 5166 quare

1774 5193 1850 5246 ait
1882 5213 1894 5247 :
1924 5212 1950 5244 οι
1995 5195 2052 5246 In
2080 5193 2287 5259 justitia
2313 5200 2402 5245 tua
2432 5192 2594 5245 libera
2621 5202 2706 5241 me
2730 5192 2782 5238 et
2815 5186 2968 5249 eripe
2994 5201 3112 5240 me.
3147 5209 3168 5238 ι
3218 5185 3324 5238 Pu-

1773 5299 1938 5354 raque
1990 5284 2314 5339 conscientia
2361 5283 2630 5350 supplices
2657 5289 2818 5328 voces
2849 5273 2918 5324 ad
2955 5272 3140 5327 Deum
3173 5277 3331 5329 emit~

1776 5379 1896 5429 tens
1919 5374 1970 5428 id
1992 5389 2202 5443 quoque
2226 5372 2483 5426 dicebat:
2539 5387 2557 5419 ι
2613 5364 2818 5419 lnclina
2868 5360 2938 5413 ad
2995 5376 3099 5413 mu
3151 5378 3336 5416 aurem

218 5549 260 5636 ἰ,
286 5553 414 5636 Rm.
440 5557 720 5636 ωχζῌ,
793 5558 829 5588 τ.
849 5557 974 5610 p521.
1004 5569 1121 5619 χιι,
1158 5557 1232 5614 ιο,
1303 5560 1346 5590 ιο
1373 5559 1503 5615 ibid.
1532 5525 1634 5618 σε.

1788 5569 2197 5636 Jerem.'xvtt,5
2302 5568 2682 5625 "Psalmnv,
2712 5559 2769 5612 ἢ.
2843 5555 2886 5584 ⁸³
2921 5552 3087 5607 Ρείιιο
3124 5557 3346 5618 uult.
