3796 6370
223 417 318 470 πῖ

1332 423 1813 477 (ἎΠΙΜΕΝΤΑΠΙΛ
1854 424 1917 477 l-N
1956 425 2284 481 PSALMOS.

3278 435 3376 485 ηδ

212 532 313 585 ἀπὸ
338 530 597 600 γαστρὸς,
636 551 655 580 ι
692 534 754 605 οὑ
789 534 943 602 μόνον
968 535 1162 602 γνῶσιν
1202 538 1447 604 ἐμφαίνει
1469 539 1731 607 κεκτῆσθα

1856 540 2159 608 cognitione
2182 542 2439 594 imbutum
2474 542 2639 596 fuisse
2682 543 2934 607 ostendit,
2956 546 3047 599 sed
3073 547 3236 600 etiam
3270 560 3370 597 ma.

212 618 358 681 Θεοῦ,
386 618 520 671 ἀλλὰ
556 622 652 672 καὶ
682 623 938 691 μεγίστην
964 624 1155 693 ἀρετὴν
1192 625 1431 692 φιλοθέου
1463 626 1752 695 δυνάμεως,

212 710 270 762 δι’
298 706 364 779 ἧς
381 710 467 760 ἐπ’
502 711 671 762 αὑτὸν
713 712 804 764 τὸν
836 713 964 765 Θεὸν
1018 716 1342 786 ἐστηρίζετο.
1384 719 1490 769 Καὶ
1525 717 1755 779 τοιοῦτος

210 795 272 869 ἦν
318 800 681 867 κυῖσκόμενος
720 802 809 853 καὶ
854 803 909 853 ἐν
938 804 1130 873 γαστρὶ
1162 808 1255 874 τῆς
1278 806 1476 875 μητρὸς
1524 805 1751 873 συλλαμ-

211 885 514 947 ϐανόμενος.
540 887 615 937 Τὸ
641 885 725 947 δὲ,
761 904 781 936 t
829 888 919 941 Ἐκ
958 890 1156 953 κοιλίας
1184 892 1380 961 μητρός
1414 910 1511 961 μου
1536 889 1587 943 εἷ
1634 909 1753 943 σκε-

212 979 429 1043 παστης,
456 993 473 1023 ι
513 973 744 1028 δύναται
772 979 863 1029 καὶ
884 980 972 1030 ἐπὶ
1000 980 1207 1032 πάντων
1243 982 1508 1050 ἁρμόζειν.
1548 982 1607 1034 El
1648 982 1751 1053 γὰρ

216 1064 282 1131 μή
329 1064 461 1115 θεσῦ
516 1056 756 1134 δύναμις
797 1068 1045 1138 ἐφρούρει
1092 1070 1182 1120 καὶ
1232 1069 1486 1137 ἐφύλαττε
1518 1070 1576 1122 τὸ
1615 1071 1752 1122 κατὰ

212 1152 431 1223 γαπρὸς
470 1144 854 1224 κυΐσκόμενον,
895 1158 1001 1209 οὐδ’
1030 1157 1093 1210 ἂν
1141 1158 1381 1229 συνέστη,
1415 1159 1518 1211 οὐδ’
1537 1160 1599 1212 ἂν
1628 1178 1751 1229 μετ-

210 1241 325 1310 έσχε
360 1240 529 1311 ζωῆς,
575 1246 720 1313 μήτε
752 1248 898 1297 πνεῖν
922 1246 1230 1315 δυνάμενον,
1251 1249 1384 1317 μήτε
1415 1251 1523 1311 τοῖς
1552 1249 1751 1312 λοιποῖς

212 1329 496 1399 κεχρῆσθαι
522 1330 924 1403 αἰσθητηρίοις.
974 1334 1137 1386 Πάλιν
1169 1335 1225 1387 δὲ
1256 1335 1347 1387 καὶ
1379 1337 1435 1387 ὲν
1462 1336 1630 1404 τούτῳ
1663 1336 1748 1388 λέ-

211 1433 330 1483 γων,
362 1435 379 1466 ι
410 1416 481 1468 Σύ
530 1434 636 1485 μου
679 1415 734 1469 εἷ
775 1421 1095 1490 σκεπαστὴς,
1134 1440 1151 1472 ι
1183 1423 1454 1489 ἐνέφαινεν
1484 1423 1748 1493 ἐξαίρετόν

210 1521 257 1555 τι
281 1505 566 1574 ἐσχηκέναι
594 1507 750 1576 παρά
764 1509 885 1571 τοὺς
905 1509 1117 1572 λοιποὺς
1141 1511 1262 1573 τοὺς
1285 1514 1339 1563 ἐν
1359 1512 1529 1582 κοιλίᾳ
1550 1514 1748 1583 μητρὸς

213 1594 617 1663 συλληφθέντας.
680 1596 833 1666 Τάχα
874 1597 979 1668 γάρ
1021 1600 1109 1651 ἐπὶ
1146 1601 1241 1669 μὲν
1284 1602 1379 1671 τῆς
1418 1601 1522 1654 τῶν
1551 1602 1747 1656 λοιπῶν

212 1683 497 1752 ἀνθρώπων
530 1686 805 1751 γενέσεως
832 1687 974 1740 ἄλλοι
999 1690 1136 1752 τινὲς
1163 1692 1515 1761 ἐφεστήκασιν
1536 1694 1745 1760 ἄγγελοι

212 1772 599 1843 διακονούμενοι
642 1778 712 1844 τῇ
746 1776 968 1828 ἑκάστου
1011 1779 1089 1841 εις
1113 1778 1202 1831 τὸν
1235 1779 1343 1848 βίον
1376 1781 1618 1850 παρόδῳο
1656 1784 1744 1834 ἐπὶ

1850 642 2004 694 gnam
2038 645 2095 683 se
2124 630 2390 692 virtutem,
2425 633 2638 699 vimque
2671 633 2867 685 amoris
2896 648 3021 701 erga
3058 636 3241 695 Deum,
3268 649 3373 702 qua

1849 713 1902 765 in
1937 715 2055 781 ipso
2093 716 2528 781 confirmabatur,
2568 720 2819 773 habuisse
2848 720 3195 773 demonstrat.
3225 719 3373 774 Talis

1849 811 2023 857 autem
2052 806 2109 858 in
2148 816 2298 859 utero
2327 816 2378 861 ct
2428 808 2480 860 in
2522 816 2705 861 ventre
2753 809 2940 861 matris
2964 809 3255 864 conclusus
3284 813 3373 863 ille

1847 903 1981 947 eral.
2015 895 2149 948 lllud
2178 911 2325 958 vero,
2362 916 2380 947 ι
2417 896 2491 951 De
2510 908 2695 951 ventre
2718 899 2905 951 matris
2929 914 3056 952 mete
3084 907 3140 951 tu
3165 914 3222 953 es
3247 915 3372 968 pro-

1847 992 2033 1047 tector,
2069 1005 2087 1035 ι
2138 988 2387 1042 omnibus
2421 990 2707 1041 convenire
2733 989 2922 1058 possit.
2949 988 3062 1042 Nisi
3101 991 3241 1043 enim
3275 990 3365 1044 Dei

1845 1072 2015 1127 virtus
2044 1075 2338 1128 custodiret
2382 1092 2443 1129 ac
2496 1086 2734 1131 servaret
2784 1077 2948 1131 letum
2998 1079 3159 1141 uteri,
3194 1095 3368 1147 neque

1846 1160 2190 1228 formaretur,
2242 1182 2414 1234 neque
2457 1168 2579 1219 vitae
2627 1168 2894 1237 particeps
2920 1177 3082 1233 esset,
3118 1186 3239 1223 cum
3269 1186 3368 1224 nec

1845 1254 2129 1320 respirare,
2157 1270 2256 1308 nec
2295 1257 2513 1326 reliquis
2556 1259 2802 1313 sensibus
2853 1261 2931 1313 uti
2976 1261 3193 1314 valeret.
3229 1261 3368 1314 Rur-

1845 1352 2067 1409 sumque
2086 1357 2206 1394 cum
2239 1343 2389 1406 dicit,
2413 1363 2430 1394 ι
2456 1344 2532 1399 Tu
2552 1362 2610 1400 es
2636 1355 2907 1415 protector
2936 1364 3107 1410 meus,
3134 1368 3151 1400 ι
3180 1365 3238 1404 se
3270 1352 3367 1403 ali-

1844 1428 1970 1496 quid
1992 1433 2335 1499 praestantius
2362 1434 2583 1503 reliquis
2617 1435 2921 1491 hominibus
2954 1436 3009 1491 in
3039 1446 3224 1492 ventre
3254 1454 3367 1491 ma-

1843 1518 1942 1573 tris
2000 1522 2272 1589 conceptis
2336 1523 2586 1579 habuisse
2642 1535 3047 1581 commonstrat.
3114 1527 3365 1584 Fortasse

1843 1607 2035 1674 quippe
2067 1608 2119 1661 in
2162 1610 2488 1680 reliquorum
2518 1613 2793 1667 hominum
2816 1618 3155 1685 generatione
3186 1619 3356 1687 angeli

1842 1693 2058 1759 quidam
2080 1695 2280 1749 adsunt
2313 1699 2647 1768 singulorum
2684 1701 2750 1755 ad
2780 1704 2943 1755 vitam
2973 1705 3234 1773 ingressui
3262 1707 3363 1758 mi-

1842 1782 2166 1849 nistrantes;
2199 1788 2251 1838 in
2278 1788 2618 1855 generatione
2642 1805 2767 1843 vero
2800 1789 3100 1846 Servatoris
3128 1792 3243 1863 ipse
3263 1790 3365 1845 Pa-

211 1860 260 1910 δέ
286 1860 380 1929 τῆς
409 1862 679 1928 γενέσεως
733 1864 825 1916 τοῦ
879 1866 1124 1936 Σωτῆρος
1144 1907 1158 1927 ,
1190 1868 1344 1931 αὐτὸς
1376 1864 1443 1938 ἦν
1487 1871 1515 1921 ό
1560 1872 1731 1941 Πατὴρ

1838 1878 1918 1924 ter
1947 1879 2217 1939 protector
2243 1874 2359 1942 ejus
2386 1884 2532 1943 erat;
2565 1892 2731 1946 quare
2764 1879 2817 1931 in
2860 1882 2977 1948 ipso
3006 1882 3363 1935 continuaba-

216 1951 505 2021 σκεπαστὴς
532 1952 702 2005 αὑτοῦ
729 1955 1035 2024 γιγνόμενος
1053 1973 1066 1986 ·
1102 1957 1177 2009 διὸ
1198 1959 1288 2010 καὶ
1316 1959 1405 2010 ἐπὶ
1443 1961 1597 2013 αὑτὸν
1645 1962 1741 2013 ἐπ-

214 2043 529 2113 εστηρίζετο.
568 2044 764 2107 Οὕτως
808 2046 1089 2109 διαπαντὸς
1138 2068 1155 2098 ι
1205 2049 1431 2119 ὔμνησιν
1480 2071 1499 2102 ι
1552 2054 1737 2105 ἐαυτοῦ

215 2128 313 2202 εἶχε
339 2135 424 2186 τδν
456 2136 699 2206 Πατέρα.
735 2136 823 2187 Διὸ
853 2137 1114 2205 ἐπιλέγειν
1153 2157 1172 2189 ι
1223 2142 1308 2192 Ἐν
1329 2143 1409 2193 σοι
1439 2145 1469 2212 ἡ
1516 2143 1741 2213 ὑμνησίς

218 2239 307 2289 μου
330 2223 632 2287 διαπαντός.
670 2244 688 2276 ι
720 2226 794 2277 Ού
822 2225 927 2296 γὰρ
966 2228 1166 2281 διέλιπέ
1206 2247 1324 2282 τινα
1353 2233 1535 2301 καιρὸν
1562 2235 1739 2302 ὑμνῶν

215 2308 295 2363 τὸν
340 2311 571 2382 Πατέρα,
631 2312 665 2382 ἢ
728 2315 819 2365 καὶ
865 2314 1189 2385 ὑμνούμενος
1242 2319 1329 2370 ὑπ’
1358 2320 1517 2372 αὐτοῦ
1558 2324 1646 2375 ἐπὶ
1673 2326 1736 2394 τῇ

215 2400 425 2472 τοσαύτῃ
447 2403 684 2473 ὑπακοῇ.
736 2403 893 2468 Ἀλλ’,
935 2406 998 2457 Ἠ
1029 2406 1122 2474 μὲν
1143 2406 1269 2476 ἐμὴ,
1305 2409 1483 2476 φησιν,
1519 2411 1736 2473 αῖνεσις,

216 2487 352 2557 ἣκαὶ
381 2490 608 2561 ὑμνησις
638 2496 699 2545 ἐν
736 2494 816 2545 σοὶ
835 2494 1017 2561 γέγονε
1044 2494 1344 2558 διαπαντός.
1376 2498 1437 2550 Ol
1465 2497 1519 2548 δέ
1560 2499 1739 2552 πολλοὶ

215 2576 309 2628 τῶν
350 2579 666 2649 ἀνθρώπων,
725 2581 886 2649 μηδὲν
918 2582 1113 2634 τούτων
1151 2585 1510 2654 ἐπιστάμενοι,
1555 2587 1738 2658 ὥσπερ

216 2665 357 2732 τέρας
384 2668 677 2738 ὲκτήσαντό
722 2687 809 2738 με.
837 2671 1121 2741 Τεράστιον
1142 2672 1268 2739 γοῦν
1300 2691 1351 2726 τι
1384 2678 1609 2745 πρᾶγμα
1630 2682 1737 2740 τοῖς

218 2753 407 2818 πολλοῖς
458 2758 748 2827 ἐγενόμην,
799 2757 873 2819 ὼς
898 2760 1120 2829 διάφορα
1164 2763 1288 2832 περὶ
1331 2765 1463 2833 ἐμοῦ
1500 2766 1737 2832 δοξάζειν

216 2840 424 2904 αὐτούς’
467 2845 559 2896 καί
593 2862 748 2905 τινας
790 2844 885 2913 μὲν
906 2845 1034 2899 Θεὸν
1062 2843 1197 2901 εἶναι
1224 2852 1456 2918 ἄσαρκον
1488 2855 1575 2906 καί
1597 2855 1737 2907 ἀσώ-

216 2946 385 2997 ματον,
427 2933 642 3003 δοκήσει
702 2935 857 3003 μόνον
906 2936 1128 3003 ὀφθέντα
1177 2941 1265 2991 ἐπὶ
1306 2941 1426 3009 γῆς,
1470 2944 1732 3011 ἡγεῖσθαι,

215 3018 349 3081 τινὰς
374 3021 425 3074 δὲ
451 3022 604 3090 ψιλὸν
635 3023 935 3093 ἄνθρωπον,
976 3025 1048 3087 ὡς
1079 3027 1238 3096 μηδὲν
1267 3030 1420 3081 πλέον
1445 3033 1588 3102 παρὰ
1612 3035 1733 3097 τοὺς

216 3105 411 3171 λοιποὺς
433 3112 707 3181 ἐσχηκότα.
730 3128 742 3141 ⁸
770 3114 862 3164 καὶ
893 3114 1077 3178 ἄλλους
1102 3116 1199 3184 μὲν
1228 3119 1382 3187 ἀραῖς
1414 3123 1503 3173 καὶ
1536 3122 1731 3193 δυσφη-

217 3197 351 3262 μίαις
382 3200 725 3265 ὑποϐάλλειν,
744 3202 958 3273 ἐτέρους
986 3205 1041 3257 δὲ
1072 3206 1243 3258 σέϐειν
1281 3210 1371 3261 καὶ
1397 3218 1728 3281 προσκυνεῖν.

217 3286 371 3358 Τέρας
393 3290 448 3341 δέ
473 3293 586 3352 τοῖς
614 3292 781 3343 πᾶσιν
811 3292 1018 3363 ἀληθῶς
1042 3295 1255 3361 γέγονεν
1289 3297 1316 3348 ὁ
1342 3299 1468 3367 ἐμὸς
1493 3300 1732 3364 Θάνατος.

216 3375 280 3426 Τὸ
308 3377 408 3448 γὰρ
436 3382 664 3450 σταυρὸν
717 3380 994 3450 ὑπομεῖναι
1038 3382 1163 3435 Θεὸν
1199 3384 1340 3449 ὄντα,
1384 3389 1475 3440 καὶ
1516 3389 1733 3443 τοιαῦτα

216 3465 385 3518 παθεῖν
423 3467 511 3520 τὸν
560 3471 768 3540 ἑτέροις
816 3469 954 3540 ζωὴν
1009 3476 1407 3543 κεχαρισμένον,
1456 3479 1615 3547 τέρας
1665 3476 1732 3549 ἦν

214 3552 424 3621 ἀληθῶς.
475 3556 565 3608 Διό
610 3573 804 3626 φησιν’
854 3576 871 3608 t
928 3559 1064 3609 Ὠσεὶ
1117 3560 1275 3629 τέρας
1321 3562 1573 3633 ἐγενήθην
1625 3570 1731 3629 τοῖς

213 3641 421 3704 πολλοῖς.
462 3663 479 3695 ι
523 3645 660 3696 Ἀλλ’
686 3646 743 3696 ἐν
775 3647 901 3699 πᾶσι
935 3649 1133 3710 τούτοις
1160 3650 1242 3711 σὺ,
1270 3653 1416 3719 φησὶ,
1452 3670 1469 3701 ι
1497 3652 1682 3723 βοηθός
1706 3675 1723 3705 ι

214 3745 301 3794 μου
332 3734 557 3799 γέγονας
592 3754 610 3785 ι
650 3737 903 3805 κραταιός
925 3753 937 3765 ·
981 3757 998 3786 ι
1035 3738 1150 3789 οὐδὲ
1181 3737 1285 3809 γὰρ
1317 3741 1467 3793 ἄλλον
1507 3744 1729 3813 ἐκτησά-

210 3834 307 3886 μην
336 3820 543 3891 βοηθόν.
572 3825 755 3876 Πάντα
781 3824 886 3894 γὰρ
911 3821 977 3894 ἦν
1006 3826 1225 3897 δεύτερα
1250 3830 1340 3880 καὶ⁵
1366 3831 1729 3902 ὑποϐεϐηκότα

208 3907 295 3975 τὴν
322 3912 453 3981 ἐμὴν
500 3914 726 3983 δύναμιν
750 3929 763 3942 ⁸
793 3916 854 3967 σὺ
899 3915 952 3966 δὲ
989 3916 1161 3983 μόνος,
1193 3918 1249 3970 ὃν
1284 3919 1467 3973 ἐλπίδα
1499 3922 1725 3991 ἐμαυτὸν

209 3994 614 4072 ὑπεγραψάμην,
660 4023 679 4054 ‹
711 4004 896 4072 βοηθός
930 4024 947 4056 ι
975 4022 1072 4073 μου
1106 4006 1325 4073 γέγονας
1356 4028 1373 4058 ι
1398 4012 1665 4079 κραταιός.
1702 4032 1719 4063 ι

210 4086 305 4137 Καὶ
355 4090 492 4143 κατὰ
535 4093 626 4144 τὸν
656 4093 939 4163 Σύμμαχον
976 4095 1032 4146 δέ
1070 4097 1263 4165 ὁμοίως
1306 4099 1539 4167 εἴρηται*
1571 4121 1589 4153 ι
1638 4105 1724 4156 Σοὶ

210 4171 592 4250 ἐπεστηρίχοην
632 4181 739 4233 ἀπὸ
779 4184 1025 4252 γαστρὸς,
1062 4186 1165 4237 ἀπὸ
1194 4187 1298 4238 τῶν
1336 4190 1609 4244 ἐνδοσθίων
1630 4196 1723 4265 τῆς

209 4265 397 4352 μητρός
439 4284 543 4336 μου
597 4270 661 4321 σὺ
706 4271 907 4333 ἐπεῖδές
953 4289 1037 4341 με.
1068 4275 1157 4336 Εἰς
1193 4276 1250 4328 σὲ
1288 4280 1317 4346 ὴ
1354 4279 1583 4352 άναμονή
1621 4301 1720 4351 μου

206 4350 496 4424 ἐνδελεχῶς,
527 4359 658 4411 ὡσεὶ
688 4361 845 4430 τέρας
889 4362 1145 4431 ἐγενόμην
1169 4368 1277 4427 τοῖς
1300 4369 1504 4431 πολλοῖς
1523 4388 1535 4400 ο
1666 4374 1719 4425 δὲ

209 4444 509 4515 πεποίθησξς
549 4467 650 4518 μου
682 4450 891 4520 ἰσχυρά.
927 4470 945 4502 ι

273 4570 289 4601 ι
317 4554 657 4627 Πληρωθήτω
668 4562 729 4613 τὸ
751 4562 916 4631 στόμα
930 4581 1025 4633 μου
1042 4566 1310 4630 αἰνέσεως,
1334 4570 1476 4632 ὅπως
1501 4572 1720 4641 ὑμνήσω

208 4640 294 4709 τὴν
312 4643 460 4710 δόξαν
494 4665 610 4710 σου,
636 4650 760 4720 ὃλην
790 4652 883 4721 τὴν
906 4654 1109 4724 ἡμέραν
1146 4655 1241 4725 τὴν
1266 4640 1719 4730 μεγαλοπρέπεγιάν

210 4742 313 4819 σου.
344 4752 361 4782 ι
394 4736 529 4806 Ἤδη
566 4741 661 4807 μὲν
694 4740 828 4793 κατά
868 4741 956 4792 τὸν
990 4742 1313 4811 παρελθόντα
1345 4749 1527 4817 χρόνον
1551 4748 1717 4819 ὑμνη-

212 4813 284 4904 σίς
309 4833 424 4884 μου,
447 4827 629 4891 φησὶν,
675 4829 731 4877 ἐν
775 4827 857 4878 σοι
882 4827 1064 4893 γέγονε
1089 4813 1398 4894 διαπαντόςλ
1434 4833 1567 4904 πλὴν
1586 4813 1718 4889 ἀλλὰ

210 4901 293 4990 διαὶ
312 4907 432 4975 περὶ
462 4909 555 4960 τοῦ
583 4911 855 4979 μέλλοντος
872 4912 1075 4981 δέομαι,
1103 4913 1175 4975 ὼς
1202 4915 1265 4967 ἂν
1289 4916 1474 4987 μέχρις
1490 4901 1717 4990 ὲὰχάτης

213 4986 342 5079 ὦμ
370 4994 461 5047 τοῦ
494 4997 606 5065 βίου
633 5002 691 5053 τὸ
726 5001 894 5069 στόμα
921 5017 1019 5068 μου
1048 5002 1145 5069 τῆς
1179 5004 1274 5072 σῆς
1307 4986 1555 5067 αἰνέσεως
1586 4986 1717 5079 πλη⁸

213 5075 354 5165 pigro,
381 5084 472 5135 καὶ
496 5085 660 5147 οὕτως
677 5105 741 5155 γε
770 5087 1032 5157 πληρῷτο,
1062 5089 1134 5151 ὡς
1165 5091 1359 5159 μηδένα
1394 5092 1569 5161 χώραν
1594 5075 1713 5165 σχο-

216 5158 455 5252 λάςουσαν
499 5172 634 5240 ἔχειν
692 5174 819 5243 πρὸς
849 5177 907 5226 τὸ
937 5176 1060 5229 ἄλλο
1106 5158 1528 5246 τιφθέγγεσθαι,
1582 5158 1713 5252 μηδέ

215 5248 490 5321 ἀνθρώποις
538 5262 771 5328 ὁμιλεῖν·
818 5264 905 5315 καὶ
948 5265 1100 5317 τοῦτό
1155 5284 1241 5333 μοι
1299 5267 1527 5335 ὑπάρξαι
1580 5248 1711 5334 agis.

222 5342 341 5430 ana:
368 5348 534 5399 πᾶσαν
557 5351 787 5420 ἡμέραν,
814 5353 899 5402 καὶ
923 5355 979 5405 ἐν
1002 5355 1077 5423 τῷ
1106 5357 1258 5408 παντὶ
1283 5357 1451 5424 χρόνῳ
1473 5359 1566 5425 τῆς
1577 5362 1711 5430 ἐμῆς

222 5424 343 5496 ζωῆς
366 5435 434 5503 μὴ
462 5438 886 5507 ἀποστερηθῆναι
903 5443 992 5494 καὶ
1007 5444 1366 5513 ἀπρῤιφῆναι
1398 5424 1711 5519 ταύτης

224 5515 427 5585 χάριτος,
447 5524 541 5575 κᾶν
568 5526 658 5577 ἐπὶ
687 5526 882 5592 γήραος
911 5530 1041 5599 ούδῷ
1069 5532 1171 5582 δέοι
1190 5534 1407 5600 φθάσαι,
1438 5536 1568 5602 μηδὲ
1613 5515 1709 5605 μέ-

220 5607 536 5693 χριςέσχάτης
546 5613 800 5680 τελευτῆς
810 5615 931 5667 ἄλλο
942 5619 988 5668 τί
1001 5636 1063 5686 με
1079 5622 1328 5689 πράττειν
1341 5622 1374 5690 ἢ
1392 5622 1709 5693 πληροῦσθαι

222 5689 269 5738 ἐδδ
289 5696 436 5758 στόμα
460 5717 549 5764 μου
575 5702 675 5768 τῆς
712 5700 811 5766 σῆς
841 5705 1082 5768 αἰνέσεως
1102 5712 1192 5761 καὶ
1230 5711 1326 5778 τῆς
1364 5689 1455 5777 σῆς
1480 5689 1707 5779 μεγαλο-

420 5790 671 5849 Ριτκοι.
710 5788 825 5849 Gn.
865 5795 1082 5856 ΧΧΙΠ.

1842 1967 1948 2011 tur.
1984 1958 2073 2013 Sic
2114 1977 2322 2031 semper
2375 1983 2393 2016 ι
2442 1968 2800 2021 cantationem
2833 1986 2851 2018 ι
2888 1969 3075 2024 habuit
3104 1971 3159 2024 in
3187 1970 3363 2026 Patris

1840 2047 2069 2103 laudem.
2103 2049 2278 2114 Quare
2307 2054 2489 2107 subdit
2522 2073 2535 2108 :
2577 2073 2596 2105 ι
2634 2054 2689 2108 In
2720 2063 2772 2111 te
2798 2059 3033 2112 cantatio
3062 2075 3179 2114 mea
3222 2076 3363 2114 sem-

1840 2151 1950 2204 per.
1994 2156 2012 2188 ι
2047 2137 2261 2193 Nullum
2307 2146 2448 2197 enim
2478 2146 2817 2213 prmtermisit
2856 2155 3088 2217 tempus,
3121 2151 3249 2217 quin
3281 2152 3361 2205 vel

1837 2224 2047 2282 Patrem
2078 2230 2289 2300 hymnis
2339 2234 2652 2299 celebraret,
2697 2238 2777 2290 vel
2830 2237 2897 2291 ab
2926 2238 3045 2307 ipso
3087 2254 3184 2308 pro
3212 2249 3356 2292 tanta

1836 2318 2185 2387 obsequentia
2231 2323 2609 2379 celebraretur.
2662 2324 2858 2380 Verum
2912 2329 3006 2393 ait,
3053 2327 3195 2384 Laus
3246 2330 3359 2383 sive

1836 2408 2070 2461 cantatio
2092 2425 2206 2464 mea
2230 2411 2283 2464 in
2302 2422 2351 2467 te
2368 2411 2468 2465 fuit
2491 2428 2719 2483 semper.
2746 2414 3028 2470 Hominum
3053 2433 3181 2472 vero
3205 2419 3357 2471 multi

1836 2495 2025 2549 horum
2054 2499 2245 2567 ignari,
2283 2510 2535 2571 tanquam
2573 2505 2873 2575 prodigium
2915 2522 3000 2561 me
3033 2508 3353 2563 habuerunt.

1835 2581 2202 2654 Prodigiosum
2242 2604 2368 2659 ergo
2399 2590 2669 2659 quidpiam
2718 2594 2900 2650 multis
2941 2594 3161 2651 ellectus
3213 2613 3355 2662 sum,

1836 2672 1906 2725 ita
1936 2682 1991 2726 ut
2032 2676 2085 2728 in
2137 2678 2313 2732 varias
2348 2680 2413 2734 de
2463 2698 2547 2736 me
2583 2684 2876 2738 sententias
2911 2686 3154 2751 abirent;
3184 2695 3236 2741 et
3266 2689 3355 2741 alii

1833 2760 2045 2831 quidem
2077 2761 2239 2817 Deum
2268 2781 2429 2822 carne
2471 2784 2693 2823 vacuum
2723 2780 2778 2825 et
2807 2774 3200 2841 incorporeum,
3243 2777 3355 2828 sola

1832 2848 2009 2915 specie
2032 2851 2201 2905 visum
2231 2852 2286 2906 in
2316 2861 2457 2909 terra
2498 2866 2783 2926 putarent;
2816 2863 2907 2916 alii
2940 2862 3142 2916 nudum
3182 2864 3355 2917 homi-

1833 2949 1971 3000 nem,
2006 2936 2139 2990 nihil
2172 2939 2292 3007 plus
2337 2944 2497 3010 quam
2528 2944 2616 2996 alii
2648 2945 2960 3012 habentem;
2993 2948 3082 3000 alii
3106 2963 3354 3001 exsecra-

1832 3021 2069 3080 tionibus
2093 3034 2147 3080 et
2177 3030 2437 3085 conviciis
2466 3047 2549 3086 me
2576 3033 2931 3101 subjicerent;
2980 3037 3067 3088 alii
3118 3038 3354 3090 colerent

1829 3120 1882 3163 et
1914 3114 2217 3170 adorarent.
2249 3116 2390 3172 Mors
2438 3135 2565 3173 vero
2598 3136 2715 3175 mea
2759 3122 3007 3177 omnibus
3052 3124 3349 3194 prodigium

1832 3201 1986 3268 plane
2012 3202 2129 3256 fuit.
2169 3203 2300 3258 Nam
2330 3222 2450 3261 eum
2481 3209 2570 3278 qui
2599 3208 2737 3265 Deus
2774 3222 2917 3266 esset
2951 3228 3165 3267 crucem
3195 3217 3353 3269 susti-

1831 3306 1976 3355 nere,
2007 3300 2059 3345 et
2081 3294 2204 3345 talia
2235 3296 2344 3363 pati
2370 3311 2492 3350 eum
2533 3298 2625 3366 qui
2679 3300 2798 3352 aliis
2844 3302 3003 3353 vitam
3035 3302 3347 3370 impertiret,

1832 3392 1950 3432 vere
1975 3381 2272 3449 prodigium
2305 3392 2437 3436 erat.
2472 3382 2826 3448 Quamobrem
2858 3389 2969 3443 ait:
3011 3407 3029 3438 ‹
3069 3387 3344 3460 Tanquam

1830 3468 2126 3537 prodigium
2154 3470 2327 3526 lactus
2356 3488 2473 3527 sum
2494 3476 2695 3530 multis.
2727 3496 2745 3528 ι
2781 3477 2883 3532 Sed
2914 3480 2969 3532 in
2994 3480 3076 3535 his
3098 3484 3345 3537 omnibus

1827 3562 1882 3606 tu
1915 3556 2066 3620 mihi,
2099 3546 2299 3628 inquit,
2329 3580 2346 3611 ι
2384 3562 2595 3630 adjutor
2630 3563 2827 3628 l‘ortis,’
2875 3584 2893 3617 ι
2960 3568 3128 3622 fuisti.
3167 3569 3346 3640 Neque

1825 3642 1965 3694 enim
2014 3644 2140 3697 mihi
2190 3647 2326 3701 alius
2364 3648 2577 3717 adjutor
2627 3654 2853 3707 exstitit.
2909 3653 3096 3710 Omnia
3150 3660 3345 3728 quippe

1824 3732 2007 3784 virtuti
2031 3749 2160 3787 mea:
2186 3736 2434 3791 inferiora
2462 3749 2515 3793 et
2554 3741 2775 3810 imparia
2798 3755 2952 3798 erant
2984 3764 2996 3798 :
3032 3755 3086 3800 tu
3117 3764 3241 3801 vero
3261 3765 3347 3803 so-

1826 3818 1928 3881 lus,
1962 3836 2119 3889 quem
2146 3824 2272 3876 mihi
2298 3826 2350 3878 in
2375 3842 2522 3895 spem
2552 3831 2800 3900 ascripsi,
2842 3831 2988 3888 fuisti
3031 3836 3162 3889 mihi
3198 3856 3215 3886 ι
3253 3839 3348 3890 ad-

1819 3909 1966 3976 jutor
1996 3910 2168 3966 fortis.
2210 3932 2227 3963 ι
2262 3915 2564 3971 Secundum
2587 3920 2964 3990 Symmachum
2995 3925 3120 3979 item
3156 3927 3343 3980 simili-

1825 4009 1902 4053 ter
1935 4002 2150 4068 dicitur,
2191 4026 2209 4055 ε
2249 4004 2365 4059 Tibi
2402 4010 2746 4065 conﬁrmatus
2797 4028 2912 4065 sum
2943 4030 3007 4067 ex
3046 4024 3250 4077 ventre,
3277 4033 3343 4070 ex

1820 4091 2115 4144 visceribus
2145 4094 2331 4147 matris
2369 4110 2498 4149 mea:
2530 4104 2585 4148 tu
2618 4096 2891 4165 respexisti
2936 4114 3037 4151 me.
3085 4100 3139 4152 In
3170 4110 3220 4153 te
3251 4118 3344 4167 pa-

1820 4177 2005 4232 tientia
2054 4196 2170 4235 mea
2216 4192 2493 4252 perpetuo,
2537 4194 2786 4255 tanquam
2837 4188 3134 4257 prodigium
3166 4191 3342 4245 factus

1820 4284 1935 4321 sum
1968 4270 2148 4325 multis
2184 4290 2196 4325 :
2227 4281 2282 4325 ιιι
2311 4290 2436 4328 vero
2468 4271 2657 4329 ﬁducia
2692 4292 2806 4329 mea
2828 4278 3000 4330 fortis.
3042 4297 3059 4327 ι

1886 4564 2045 4619 Vens.
2090 4566 2234 4620 8-H.
2304 4584 2322 4614 ι
2391 4565 2674 4634 chleatur
2716 4584 2778 4621 os
2835 4586 3007 4625 meum
3044 4574 3217 4638 laude,
3279 4588 3335 4631 nt

1817 4663 2025 4709 cantem
2086 4655 2304 4722 gloriam
2360 4665 2545 4717 luam,
2608 4664 2716 4709 tota
2780 4659 2865 4713 die
2916 4667 3331 4733 magnitudinem

1815 4754 1982 4801 tuam.
2021 4764 2039 4795 ι
2072 4745 2188 4798 Jam
2242 4747 2525 4814 praeterito,
2567 4748 2756 4816 inquit,
2810 4759 3067 4822 tempore,
3097 4761 3334 4813 cantatio

1814 4846 1932 4886 mea
1962 4833 2014 4886 in
2048 4841 2099 4888 te
2133 4834 2231 4887 luit
2258 4850 2467 4904 semper
2500 4855 2511 4888 :
2562 4847 2810 4892 eteterum
2841 4857 2937 4909 pro
2970 4844 3148 4898 futuro
3196 4864 3333 4916 quo-

1813 4936 1916 4989 que
1944 4924 2204 4993 supplico,
2232 4932 2290 4977 nt
2313 4927 2377 4979 ad
2410 4929 2646 4981 ultimam
2687 4930 2808 4985 vitae
2851 4932 3035 4986 horam
3066 4951 3127 4991 os
3154 4952 3330 4992 meum

1813 5012 1968 5067 laude
1995 5021 2082 5067 tua
2109 5016 2391 5082 repleatur,
2421 5024 2473 5069 et
2504 5018 2573 5069 ita
2608 5020 2894 5087 repleatur,
2928 5031 2985 5076 ut
3011 5026 3153 5078 aliud
3175 5029 3331 5095 quid-

1810 5103 1948 5170 piam
1980 5105 2247 5173 loqnendi,
2280 5106 2361 5157 vel
2390 5121 2509 5158 cum
2542 5108 2847 5165 hominibus
2878 5116 3121 5168 versandi
3152 5119 3330 5173 nullus

1810 5194 2041 5261 supersit
2080 5194 2230 5247 locus
2261 5212 2273 5245 :
2299 5208 2489 5261 meque
2518 5197 2754 5263 quotidie
2784 5208 2837 5252 et
2879 5210 2990 5255 toto
3041 5205 3163 5259 vita:
3201 5222 3331 5261 mea:

1808 5282 2037 5337 decursu
2088 5283 2161 5335 ita
2206 5292 2569 5349 comparatum
2603 5300 2721 5340 esse
2762 5304 2913 5357 rogo,
2949 5301 3008 5346 ut
3035 5296 3126 5348 tali
3156 5300 3327 5366 gratia

1806 5372 2024 5425 orbatus
2056 5385 2325 5438 nunquam
2353 5385 2451 5423 nec
2471 5371 2723 5438 depulsus
2754 5378 2852 5429 sim
2884 5398 2896 5431 :
2930 5389 3093 5449 utque
3115 5388 3325 5442 etiamsi
3388 5370 3391 5373 ’

1808 5462 1873 5515 ad
1899 5463 2053 5514 limen
2080 5458 2367 5514 senectutis
2396 5457 2679 5524 devenero,
2714 5466 2847 5518 nihil
2895 5470 3037 5524 aliud
3091 5476 3157 5527 ad
3188 5493 3326 5528 mor-

1806 5557 1908 5601 tem
1932 5561 2095 5613 usque
2115 5557 2381 5611 peragam,
2405 5560 2582 5611 quam,
2602 5547 2740 5613 quod
2772 5552 3041 5615 repleatur
3066 5572 3124 5611 os
3148 5575 3322 5613 meum

1806 5637 1960 5689 laude
1991 5641 2043 5685 et
2076 5633 2466 5702 magnificentia
2500 5641 2609 5687 tua.
2644 5634 2749 5689 Pro
2790 5640 2879 5693 illo
2919 5652 3117 5707 autem,
3152 5665 3171 5695 ε
3210 5656 3321 5697 tota

1806 5724 1911 5790 die,
1947 5744 1962 5776 ι
2007 5723 2379 5793 Symmachus,
2419 5742 2435 5772 ‹
2474 5739 2565 5791 per
2614 5738 2826 5779 omnem
2880 5730 3042 5793 diem,
3098 5752 3114 5783 ι
3153 5734 3319 5785 edidit

2934 5822 3007 5879 2‘3
