3796 6366
3517 374 3616 426 780

387 395 484 452 773
1033 391 1290 444 EUSEBII
1332 385 1801 442 CASSARH‘INSIS
1838 385 1897 439 Ol

2185 383 2208 437 5
2245 383 2330 436 ill.
2353 413 2418 421 —-
2449 381 2867 436 EXEGETICA.

389 551 407 581 ι
442 532 745 599 llepleatur,
780 530 970 598 inquit,
1025 543 1085 580 os
1121 543 1294 579 meum
1327 526 1482 578 laude
1512 534 1623 586 tua,
1669 540 1761 592 per
1793 538 1897 576 om!

2187 520 2286 581 ίας.
2335 519 2474 569 ’Λντὶ
2503 518 2556 570 δέ
2579 517 2696 579 τοῦ,
2723 537 2740 566 ι
2774 515 2915 582 ὅλην
2950 511 3061 579 τὴν
3095 509 3343 580 ἡμέραν,
3374 526 3392 559 ο
3428 509 3458 559 ὁ
3481 508 3621 578 Σύμ-

383 636 504 674 ncm
534 620 693 682 diem,
737 619 791 669 in
831 619 1024 669 decore
1059 627 1147 667 tuo
1181 629 1247 668 ue
1294 615 1522 682 abjicias
1552 629 1637 667 me
1673 622 1908 679 tempore

385 707 693 763 senectutis.
748 724 767 756 ι
807 701 937 755 Nam
990 702 1035 755 si
1084 702 1147 754 ad
1185 709 1515 755 senectutem
1551 715 1718 766 usque
1746 698 1906 748 vitam

356 789 631 849 "devenire
667 807 838 846 meam
875 799 1138 859 Oporteat,
1175 805 1283 842 non
1341 789 1516 841 abnuo
1546 801 1559 838 :
1589 787 1640 839 id
1671 785 1907 852 supplico

383 896 608 949 tantum,
634 895 690 937 ut
717 899 778 936 os
805 897 984 935 meum
1025 896 1297 949 nunquam
1344 879 1501 932 ﬁnem
1550 877 1709 929 faciat
1768 875 1908 927 cele-

382 975 570 1030 brandi
594 973 804 1027 laudem
833 980 980 1025 tuam
1011 979 1062 1025 et
1089 969 1532 1040 magniﬁcentiam
1555 975 1719 1019 tuam.
1756 964 1907 1029 Quod

382 1065 426 1119 si
468 1063 760 1118 senectutis
793 1076 956 1114 causa
1002 1059 1290 1128 aliquando
1325 1061 1466 1112 vires
1508 1073 1592 1110 me
1638 1056 1904 1117 deﬁciant,

380 1169 448 1207 ne
486 1162 611 1206 tunc
643 1151 856 1220 quidem
889 1165 973 1202 me
999 1148 1363 1217 derelinquas.
1400 1145 1520 1198 "me
1569 1145 1620 1197 in
1668 1145 1906 1198 oratione

382 1245 562 1298 dicere
591 1242 842 1296 convenit
874 1249 986 1294 tum
1021 1239 1299 1300 Davidem,
1329 1247 1440 1291 tum
1475 1238 1716 1307 quemvis
1743 1235 1908 1288 homi-

379 1347 498 1385 nem
546 1331 872 1400 religiosum.
908 1328 1283 1382 Animadverte
1330 1341 1489 1394 porro
1534 1325 1798 1393 quomodo
1840 1324 1906 1377 de

380 1421 654 1475 Salvatore
677 1421 742 1474 ab
764 1420 1021 1489 Apostolo
1051 1419 1269 1471 dicatur
1295 1435 1309 1470 :
1349 1435 1365 1466 ι
1397 1415 1696 1469 Cruciﬁxus
1725 1423 1807 1468 est
1838 1431 1903 1466 ex

376 1511 704 1573 inﬁrmitate,
737 1509 830 1564 sed
861 1509 992 1562 vivit
1021 1523 1086 1562 ex
1110 1508 1308 1560 virtute
1341 1505 1433 1558 Dei
1458 1506 1522 1559 ⁸⁸.
1567 1525 1584 1554 ›
1617 1503 1727 1557 Etsi
1760 1503 1901 1556 enim

376 1617 440 1653 ex
467 1601 777 1653 inﬁrmitate
809 1599 1098 1650 crucifixus
1124 1597 1193 1651 sit
1232 1614 1246 1661 ;
1277 1605 1327 1647 at
1355 1609 1461 1647 non
1494 1594 1560 1646 ab
1592 1593 1712 1645 aliis
1747 1605 1904 1659 supe-

377 1698 526 1743 ratus
556 1709 569 1743 :
597 1690 710 1758 ipse
739 1688 934 1756 quippe
955 1701 1072 1740 sese
1100 1684 1366 1737 inﬁrmum
1393 1682 1589 1744 effecit,
1624 1695 1786 1748 seque
1810 1679 1903 1734 de-

377 1776 611 1829 dititium
641 1775 947 1827 hominibus
983 1773 1198 1825 obtulit.
1225 1770 1378 1834 Quod
1408 1770 1568 1823 etiam
1602 1768 1715 1836 ipse
1745 1767 1900 1819 docet

2013 627 2198 681 μαχος,
2231 629 2247 660 ι
2276 608 2413 661 κατὰ
2434 611 2607 660 πᾶσαν
2645 606 2874 675 ἡμέραν
2916 622 2935 654 ι
2967 601 3249 664 ἐξέδωκε·
3295 617 3314 648 ‹
3349 597 3623 668 Πλησθέἱη

2007 701 2066 752 τὸ
2093 701 2263 768 στόμα
2303 715 2393 750 σου
2433 699 2614 758 αἴνους
2645 712 2742 746 σου
2780 691 2936 745 κατᾶ
2976 693 3174 743 πᾶσαν
3198 687 3447 756 ἡμέραν,
3475 689 3532 737 ἐν
3560 692 3624 754 τῇ

2007 788 2301 859 εὐπρεπείᾳ
2339 804 2428 838 σου
2482 785 2554 855 μὴ
2596 783 2890 854 ἀποϐάλῃς
2925 797 2997 849 με
3037 777 3228 848 καιρῷ
3261 779 3480 847 γήρως.
3514 795 3532 828 ι
3567 779 3628 831 Εἰ

2007 878 2110 947 γὰρ
2135 876 2239 929 δέοι
2293 876 2384 927 καὶ⁸
2424 874 2580 943 μέχρι
2627 873 2823 941 γήρως
2863 870 3216 938 παρατεῖναι
3253 865 3360 934 τὴν
3393 865 3628 933 ἡλικίαν,

2005 966 2158 1019 τοῦτο
2188 965 2284 1032 μὲν
2311 965 2370 1015 οὐ
2414 960 2801 1032 παραιτητέον,
2828 956 3077 1010 ἱκετεύω
3113 955 3172 1007 δὲ
3194 952 3277 1022 μὴ
3316 953 3631 1023 ἀποστερη-

2006 1056 2158 1124 θῆναί
2195 1072 2321 1108 ποτε
2368 1053 2461 1105 τοῦ
2492 1049 2892 1120 πεπληρῶσθαι
2939 1047 3007 1098 τὸ
3042 1045 3234 1114 στόμα
3267 1061 3377 1112 μου
3407 1045 3514 1112 τῆς
3541 1045 3636 1113 σῆς

2005 1146 2255 1206 αἰνέσεως
2295 1144 2387 1196 καὶ
2430 1143 2528 1211 τῆς
2557 1141 2660 1209 σῆς
2697 1136 3234 1209 μεγαλοπρεπείας.
3273 1135 3343 1185 Εἰ
3380 1133 3441 1185 δέ
3466 1135 3636 1203 καιρῷ

2003 1252 2104 1287 τινι
2125 1233 2209 1286 διὰ
2235 1233 2407 1302 γῆρας
2432 1231 2646 1282 ἐκλίποι
2673 1231 2706 1296 ὴ
2761 1226 2923 1295 ἰσχύς
2949 1242 3085 1294 μου,
3125 1223 3276 1293 μηδέ
3311 1223 3444 1275 τότε
3483 1240 3549 1291 με
3577 1226 3637 1276 σὺ

2003 1323 2394 1390 ἐγκαταλίποις.
2441 1321 2628 1372 Ταῦτα
2663 1318 2767 1388 μὲν
2794 1313 2892 1369 οὖν
2929 1315 3184 1385 ἁρμόζοι
3226 1314 3302 1366 ἂν
3331 1313 3525 1380 λέγειν
3552 1315 3638 1366 καὶ

2003 1412 2078 1480 τῷ
2098 1411 2253 1464 Δαυῖδ
2281 1413 2371 1464 καὶ
2416 1412 2578 1462 παντὶ
2621 1406 2904 1477 ἀνθρώπῳ
2949 1403 3218 1472 θεοφιλεῖ
3251 1405 3317 1455 ἐν
3351 1405 3480 1465 ταῖς
3513 1403 3638 1473 πρὸς

2001 1502 2087 1553 τὸν
2119 1501 2246 1553 Θεὸν
2287 1500 2609 1570 ἱκετηρίαις.
2661 1497 2786 1548 Ἐπὶ
2809 1496 2871 1548 δέ
2901 1493 3007 1546 τοῦ
3027 1494 3314 1562 Σωτῆρος
3348 1493 3640 1562 ἐπίστησον

2001 1591 2142 1652 ὅπως
2166 1593 2373 1661 εἴρηται
2417 1589 2496 1658 τῷ
2541 1587 2856 1656 Ἀποστόλῳ
2885 1585 2974 1649 τὸ,
3013 1605 3033 1634 ι
3083 1582 3476 1654 Ἐσταυρώθη
3513 1582 3567 1636 δὲ
3588 1583 3643 1646 ἐξ

2001 1680 2297 1741 ἀσθενείας,
2329 1678 2462 1731 ἀλλὰ
2490 1677 2555 1748 ζῇ
2588 1679 2654 1730 ἐκ
2684 1677 2985 1745 δυνάμεως
3013 1674 3195 1728 Θεοῦ.
3241 1694 3263 1725 ι
3306 1676 3376 1727 Εἰ
3411 1674 3528 1745 γὰρ
3556 1677 3640 1726 καὶ

2001 1769 2056 1834 ἐξ
2104 1769 2381 1830 ἀσθενείας
2436 1766 2781 1838 ἐσταυρώθη,
2829 1765 2952 1818 ἀλλ’
2984 1764 3118 1817 οὔτι
3157 1782 3233 1832 γε
3273 1765 3533 1835 νικηθεὶς
3560 1765 3640 1832 ὑφ’

376 1866 459 1919 his
480 1864 654 1918 verbis
678 1883 692 1919 :
735 1883 752 1914 ι
792 1861 955 1916 Nemo
985 1863 1121 1915 tollit
1149 1862 1377 1913 animam
1403 1873 1572 1911 meam
1605 1871 1634 1909 a
1663 1873 1780 1910 me:
1806 1857 1897 1910 sed

2185 1876 2214 1920 ι,
2245 1857 2404 1918 αὐτὸς
2428 1857 2483 1908 δὲ
2523 1855 2717 1908 ἑαυτὸν
2739 1854 2954 1923 ἀσθενῆ
2991 1855 3286 1922 ποιήσας,
3327 1856 3433 1908 καὶ
3464 1854 3643 1906 ἐαυτὸν

375 1967 471 2020 ego
497 1966 636 2020 pono
668 1965 785 2004 eam
818 1965 846 2002 a
879 1950 1098 2018 meipso.
1123 1948 1447 2002 Potestatem
1475 1947 1646 2000 habeo
1670 1947 1898 2015 ponendi

374 2056 511 2104 eam,
529 2049 580 2094 et
598 2047 916 2110 potestatem
938 2040 1105 2092 habeo
1128 2037 1419 2106 recipiendi
1439 2051 1557 2091 eam
1571 2037 1636 2090 3°.
1667 2056 1684 2086 ι
1706 2037 1900 2100 Quem-

375 2129 659 2182 admodum
714 2129 875 2197 igitur
930 2127 1228 2180 humiliavit
1276 2126 1640 2195 semetipsum,
1675 2124 1899 2178 formam

375 2219 514 2270 servi
545 2217 850 2284 accipiens;
887 2218 964 2270 sic
997 2231 1115 2269 sese
1153 2215 1424 2267 inﬁrmum
1477 2215 1673 2276 eﬁ‘ecit,
1735 2221 1794 2267 ut
1835 2213 1902 2264 ab

374 2306 679 2362 hominibus
708 2307 824 2374 capi
849 2313 1049 2373 posset,
1087 2314 1250 2374 utque
1270 2320 1480 2359 crucem
1512 2305 1735 2368 subiret,
1774 2322 1792 2353 ι
1823 2303 1900 2356 fa-

373 2405 491 2450 ctus
517 2397 770 2450 obediens
800 2414 817 2445 ι
846 2395 993 2446 Patri
1028 2415 1045 2444 ι
1082 2411 1254 2464 usque
1286 2396 1350 2448 ad
1397 2404 1640 2457 mortem,
1676 2402 1901 2448 mortem

374 2496 550 2538 autem
579 2484 759 2537 erucis
781 2485 846 2535 "°.
889 2502 907 2533 ι
932 2481 1120 2547 Quare
1148 2484 1241 2547 ait;
1289 2503 1307 2534 ι
1347 2483 1480 2538 Cum
1513 2485 1767 2538 defecerit
1791 2485 1901 2537 vir-

374 2586 460 2629 tus
492 2589 628 2636 mea,
662 2589 728 2626 ne
748 2573 1090 2641 derelinquas
1124 2588 1225 2627 me.
1259 2592 1278 2624 ›
1313 2573 1516 2627 Deinde
1545 2589 1662 2626 cum
1694 2573 1902 2642 passio-

371 2679 492 2716 nem
525 2667 892 2725 memorasset,
926 2660 1191 2726 passionis
1240 2667 1518 2713 auctorum
1576 2661 1897 2712 mentionem

370 2752 499 2804 facit
528 2750 713 2802 dicens
744 2767 756 2801 :
794 2767 812 2798 ι
857 2748 988 2812 Quia
1025 2748 1271 2801 dixerunt
1303 2749 1505 2802 inimici
1535 2750 1638 2803 mei
1668 2749 1819 2810 mihi,
1849 2758 1899 2803 et

371 2841 460 2909 qui
485 2839 857 2893 custodiebant
887 2837 1117 2889 animam
1163 2853 1366 2902 meam;
1414 2857 1432 2889 ι
1462 2838 1573 2892 sive
1606 2839 1898 2892 secundum

373 2929 770 3000 Symmachum,
811 2945 829 2976 ι
867 2927 929 2978 Et
957 2927 1045 2995 qui
1075 2927 1433 2980 observabant
1454 2929 1683 2980 animam
1707 2943 1896 2993 meam,

373 3019 664 3073 consilium
690 3017 923 3070 inierunt
955 3017 1114 3071 simul
1145 3017 1384 3070 dicentes
1405 3056 1419 3080 ,
1452 3015 1591 3070 Deus
1620 3017 1902 3086 dereliquit

370 3125 519 3174 cum;
562 3106 943 3176 persequimini
987 3113 1037 3160 et
1089 3105 1520 3174 comprehendite
1577 3120 1736 3170 eum,
1774 3107 1899 3173 quia

2000 1949 2265 2018 παραδοὺς
2283 1947 2591 2016 ὑποχείριον
2633 1945 2956 2015 ἀνθρώποις
2984 1961 2997 1974 ·
3042 1946 3075 1997 ὃ
3112 1945 3188 2015 δὴ
3242 1945 3507 1998 διδάσκει
3552 1945 3644 2013 φά-

2000 2055 2169 2091 σκων·
2198 2057 2215 2086 ι
2245 2037 2430 2097 Οὐδεὶς
2476 2035 2619 2104 αἴρει
2663 2034 2763 2104 τὴν
2792 2034 2986 2103 ψυχήν
3022 2051 3141 2102 μου
3174 2035 3282 2087 ἀπ’
3317 2034 3465 2104 ἐμοῦ
3487 2052 3500 2064 ’
3541 2035 3639 2087 ἀλλ’

1999 2126 2104 2194 ἐγὼ
2123 2124 2307 2195 τίθημι
2339 2124 2507 2194 αὐτὴν
2540 2125 2636 2176 ἀπ’
2659 2124 2932 2193 ἐμαυτοῦ.
2985 2125 3310 2188 Ἐξουσίαν
3337 2125 3456 2194 ἔχω
3486 2125 3640 2178 θεῖναι

1999 2216 2183 2286 αὐτὴν,
2215 2216 2305 2268 καὶ
2335 2214 2578 2278 ἐξουσίαν
2605 2214 2714 2283 ἔχω
2749 2212 2948 2266 λαϐεῖν
2986 2216 3215 2286 αὑτήν.
3261 2236 3283 2267 ι
3319 2218 3542 2289 ’Ὠσπερ
3562 2212 3645 2268 οὖν

1998 2307 2255 2358 ἐκένωσεν
2286 2305 2445 2366 αὐτὸς
2477 2305 2667 2357 ἑαυτὸν
2700 2304 2930 2375 μορφὴν
2967 2305 3196 2359 δούλου
3232 2307 3457 2371 λαϐὼν,
3485 2308 3646 2370 οὕτως

1996 2395 2190 2463 ἀσθενῆ
2217 2394 2400 2448 ἐαυτὸν
2449 2395 2765 2463 εἰργάσατο,
2814 2395 2980 2457 ὅπως
3019 2397 3262 2460 ἀλωτδς
3305 2399 3540 2468 γένηται
3572 2399 3646 2451 ὀνο

1998 2484 2247 2554 θρώποις,
2270 2486 2361 2537 καὶ
2397 2487 2480 2537 ἵνα
2516 2485 2752 2554 σταυρὸν
2776 2485 3057 2556 ὑπομένῃ
3107 2508 3130 2537 ‹
3183 2489 3454 2559 ὑπήκοος
3484 2489 3644 2557 γιγνό‹

2001 2591 2155 2643 μενος
2199 2593 2217 2624 ι
2253 2573 2329 2644 τῷ
2382 2575 2557 2644 Πατρὶ
2590 2594 2608 2624 ι
2658 2575 2825 2644 μέχρι
2883 2574 3185 2640 Θανάτου,
3257 2580 3365 2632 καὶ
3427 2581 3642 2632 θανάτου

1999 2663 2244 2734 σταυροῦ.
2279 2682 2297 2714 ι
2332 2663 2421 2714 Διό
2467 2679 2631 2730 φησιν
2653 2680 2667 2692 ·
2711 2683 2729 2714 ι
2782 2665 2876 2716 Ἐν
2912 2666 3002 2734 τῷ
3029 2667 3352 2722 ἐκλείπειν
3375 2671 3478 2739 τὴν
3508 2668 3645 2740 ἰσχύν

2000 2771 2098 2822 μου
2130 2754 2201 2822 μὴ
2242 2751 2611 2821 ἐγκαταλίπῃς
2659 2771 2750 2822 με.
2790 2773 2810 2804 ι
2853 2752 3006 2807 Εἶτα
3041 2759 3264 2830 ἐπειδὴ
3309 2760 3412 2813 τοῦ
3455 2761 3644 2821 πάθους

1998 2842 2184 2894 ἐαυτοῦ
2211 2842 2576 2910 ἐμνημόνευσε
2612 2845 2710 2896 καὶ
2740 2845 2856 2897 τῶν
2883 2847 2954 2898 τὸ
2993 2849 3203 2913 πάθος
3253 2853 3645 2923 ἐργασαμένων

1997 2932 2294 2992 ἀκολούθως
2345 2936 2575 2984 ποιεῖται
2626 2935 2858 3004 μνήμην
2911 2936 3159 3006 λέγων’
3199 2963 3223 2992 ε
3266 2943 3400 2996 Ὅτι
3432 2941 3583 2996 εἶπαν
3602 2945 3646 2994 οἱ

1997 3022 2176 3093 ἐχθροί
2195 3039 2290 3091 μου
2321 3023 2462 3090 ἐμοὶ,
2487 3023 2583 3074 καὶ
2605 3025 2655 3074 οἱ
2673 3024 3079 3092 φυλάσσοντες
3111 3033 3240 3101 τὴν
3268 3033 3463 3106 ψυχήν
3491 3051 3584 3105 μου
3602 3050 3642 3082 ἰ

1996 3113 2029 3181 ἢ
2060 3111 2195 3164 κατά
2248 3111 2336 3164 τὸν
2372 3111 2686 3181 Σύμμαχον,
2737 3133 2754 3163 ι
2808 3117 2931 3168 Καὶ
2969 3119 3026 3169 οἱ
3079 3122 3526 3194 ἐπι-τηροῦντες
3561 3125 3650 3194 τὴν

369 3215 475 3254 non
501 3206 582 3252 est
613 3197 704 3266 qui
735 3195 946 3264 eripiat.
980 3214 996 3244 ι
1034 3194 1156 3248 Haec
1197 3195 1393 3264 quippe
1419 3194 1670 3247 dicebant
1695 3195 1896 3262 princi-

2190 3217 2288 3269 μου
2342 3199 2732 3289 ἐϐουλεύσαντο
2770 3205 2870 3256 ἐπὶ
2916 3207 2985 3258 τὸ
3035 3211 3197 3264 αὐτὸ
3259 3214 3555 3283 λέγοντες·
3595 3216 3646 3266 'U

370 3303 465 3358 pes
497 3286 832 3341 sacerdotum
862 3293 914 3338 et
942 3285 1032 3352 qui
1071 3299 1190 3336 cum
1225 3285 1291 3338 iis
1337 3291 1510 3346 erant,
1546 3284 1600 3335 in
1652 3289 1893 3352 tempore

369 3377 639 3448 passionis
675 3383 947 3429 moventes
973 3375 1148 3443 capita
1182 3388 1278 3428 sua
1332 3381 1384 3427 et
1437 3373 1515 3426 sic
1563 3373 1843 3442 loquentes
1877 3391 1891 3428 :

374 3486 393 3517 ι
427 3467 528 3531 Qui
557 3465 783 3519 destruit
810 3464 1065 3531 templum
1100 3473 1152 3517 et
1183 3464 1238 3516 in
1268 3463 1441 3516 tribus
1472 3461 1661 3517 diebus
1693 3464 1897 3517 excitat

370 3556 520 3618 illud,
546 3555 679 3608 alios
706 3554 881 3607 salvos
904 3551 1049 3614 fecit,
1085 3553 1318 3620 seipsum
1354 3569 1462 3606 non
1490 3562 1664 3622 potest
1690 3555 1892 3608 salvum

373 3646 565 3698 facere.
603 3642 659 3695 Si
684 3657 777 3695 rex
809 3640 970 3694 Israel
1003 3649 1106 3704 est,
1133 3641 1422 3696 descendat
1449 3656 1593 3696 nunc
1612 3644 1678 3698 de
1707 3658 1888 3708 cruce,

371 3741 423 3787 et
447 3732 724 3786 credemus
752 3730 799 3782 ei
826 3731 890 3780 ".
939 3750 956 3778 ›

1995 3289 2123 3350 Θεὸς
2160 3288 2508 3354 ἐγκατέλιπεν
2542 3290 2738 3343 αὐτόν·
2786 3295 3221 3364 καταδιώξατε
3273 3306 3380 3357 καὶ
3430 3304 3648 3359 καταλά-

1996 3376 2114 3428 ϐετε
2138 3377 2314 3441 αὑτὸν,
2339 3378 2420 3429 ὃτι
2468 3379 2570 3432 οὐκ
2612 3379 2762 3432 ἔστιν
2805 3384 2836 3434 ὁ
2874 3386 3213 3456 ῥυόμενος.
3264 3413 3284 3444 ι
3332 3395 3526 3447 Ταῦτα
3554 3395 3646 3465 γὰρ

1997 3467 2176 3534 ἔλεγον
2219 3469 2267 3519 ot
2308 3468 2582 3539 ἀρχιερεῖς
2615 3470 2712 3522 καὶ
2736 3472 2788 3523 οἱ
2828 3475 2936 3526 σὺν
2976 3479 3197 3544 αὐτοῖς
3236 3485 3397 3538 κατὰ
3427 3487 3521 3539 τὸν
3546 3505 3648 3540 και-

2000 3557 2087 3625 ρὸν
2115 3556 2207 3608 τοῦ
2262 3557 2486 3622 πάθους,
2536 3559 2824 3623 κινοῦντες
2855 3564 3063 3620 αὐτῶν
3113 3572 3240 3636 τὰς
3283 3578 3538 3645 κειραλὰς
3568 3576 3649 3630 καὶ

1995 3644 2267 3712 λέγοντες·
2311 3665 2329 3697 ι
2376 3647 2434 3698 '0
2487 3649 2778 3702 καταλύων
2841 3654 2943 3707 τὸν
3000 3660 3155 3712 ναδν
3229 3667 3337 3718 καὶ
3368 3644 3431 3720 ἐν
3488 3669 3647 3738 τρισὶν

1995 3734 2225 3804 ἡμέραις
2283 3735 2509 3804 ἐγείρων
2568 3737 2756 3800 αὐτὸν,
2805 3740 3024 3808 ἄλλους
3066 3747 3338 3818 ἔσωσεν,
3377 3734 3569 3808 ὲαυτξλν
3598 3756 3646 3806 οὺ

369 3819 578 3873 δύναται
608 3820 791 3872 σῶσαι.
833 3819 893 3870 Εί
958 3818 1197 3887 βασιλεύς
1228 3820 1340 3870 ἐστι
1389 3820 1477 3872 τοῦ
1523 3822 1766 3894 Ἰσραὴλ,
1807 3822 2089 3876 καταϐάτω
2122 3823 2348 3876 νῦνηάπὺ
2370 3824 2462 3876 τοῦ
2495 3827 2732 3897 σταυροῦ
2760 3868 2775 3894 ,
2829 3833 2938 3885 καὶ
2972 3843 3404 3917 πιστεύσομεν
3432 3847 3580 3902 αὑτῶ
3630 3868 3644 3896 ι

3554 3890 3598 3920 γε

439 3933 600 3986 Vens.
638 3931 816 3984 12-16.
855 3949 872 3981 ι
935 3928 1094 3991 Deus,
1128 3945 1192 3984 ne
1228 3932 1493 3998 elongeris
1534 3947 1563 3984 a
1610 3948 1714 3996 me,
1753 3934 1891 3989 Deus

368 4022 423 4075 in
452 4021 711 4075 auxilium
769 4036 942 4074 meum
993 4019 1220 4087 respice.
1261 4039 1278 4068 ι
1318 4019 1522 4072 Inimici
1573 4021 1678 4074 mei
1729 4037 1891 4091 supra

370 4112 651 4166 memorati
692 4109 962 4169 dicebant,
996 4128 1014 4159 ι
1047 4108 1189 4162 Deus
1215 4108 1496 4176 dereliquit
1529 4123 1648 4162 eum
1685 4128 1698 4163 :
1739 4129 1758 4160 ι
1793 4127 1890 4179 ego

369 4210 546 4253 autem
573 4215 703 4268 rogo
733 4201 1098 4268 deprecorqu
1124 4205 1180 4251 te
1225 4195 1389 4250 Deum
1425 4213 1620 4260 meum,
1651 4206 1708 4250 ut
1743 4199 1889 4255 adsis

367 4304 576 4357 seraper
624 4290 772 4352 mihi,
809 4304 983 4356 neque
1012 4288 1197 4356 procul
1229 4302 1256 4339 a
1310 4302 1393 4339 me
1423 4286 1661 4348 recedas,
1697 4289 1788 4341 sed
1824 4291 1890 4344 ad

366 4379 619 4431 auxilium
653 4393 828 4433 meum
857 4378 1134 4447 respicias.
1158 4375 1232 4430 Te
1257 4376 1451 4444 quippe
1477 4376 1772 4444 adjutorem
1797 4394 1892 4430 na-

367 4474 507 4528 ctus,
533 4468 696 4535 probe
736 4468 848 4521 scio
888 4483 972 4520 me
1003 4481 1188 4520 omnes
1215 4466 1466 4518 inimicos
1509 4481 1656 4520 meos
1688 4467 1888 4534 pudore

2185 4492 2278 4536 Ioc,
2307 4471 2402 4528 οἷδ’
2439 4479 2498 4530 ὅτ

366 4556 599 4610 suffusos
640 4557 878 4610 visurum
929 4571 1066 4608 esse.
1102 4555 1234 4607 lllud
1266 4562 1463 4620 autem,
1498 4574 1514 4604 ι
1560 4556 1896 4610 confundan-

364 4656 472 4710 tur,
511 4666 530 4698 ι
556 4661 650 4716 pro
678 4655 934 4700 consueto
956 4646 1010 4698 in
1035 4646 1213 4699 divina
1243 4643 1520 4713 Scriptura
1543 4661 1713 4708 more,
1749 4662 1892 4700 nunc

364 4754 576 4807 quoque
629 4753 724 4807 pro
770 4755 787 4784 ι
848 4735 1244 4789 confundeutur
1296 4755 1313 4786 ι
1349 4735 1553 4788 dictum
1602 4743 1718 4801 est;
1763 4736 1891 4789 illud

368 4827 515 4889 item,
553 4845 570 4877 ι
627 4835 678 4880 et
708 4825 977 4887 deﬁciant,
1023 4845 1040 4876 ι
1075 4841 1170 4894 pro
1215 4844 1232 4875 ι
1273 4824 1520 4878 deﬁcient
1549 4823 1892 4880 detrahentes

367 4917 553 4968 animae
581 4931 729 4978 mem,
770 4935 788 4966 ι
837 4915 1063 4983 positum
1093 4924 1215 4979 est;
1269 4914 1381 4969 sive
1411 4914 1700 4967 secundum
1738 4913 1891 4984 Sym—

368 5006 636 5066 machum,
677 5023 694 5054 ι
732 5004 1025 5058 adversarii
1055 5007 1243 5058 animae
1263 5021 1409 5058 mete.
1447 5023 1464 5055 ι
1497 5004 1774 5068 Quomodo
1794 5020 1890 5058 au-

370 5099 476 5144 tem
509 5095 708 5162 pudore
743 5095 931 5150 suﬁ‘usi
971 5096 1264 5150 defecerint
1291 5097 1382 5165 qui
1413 5111 1596 5149 necem
1625 5095 1744 5162 ejus
1775 5110 1889 5148 mo-

370 5180 450 5233 liti
480 5191 623 5246 sunt,
657 5199 763 5237 non
795 5185 954 5255 longo
988 5187 1142 5239 nobis
1165 5201 1411 5240 sermone
1439 5183 1737 5253 disquirere
1755 5198 1891 5250 opus

371 5277 453 5322 est
481 5290 494 5323 :
525 5287 642 5324 nam
673 5289 737 5327 ex
761 5289 826 5328 eo
854 5282 1089 5344 tempore
1119 5277 1365 5346 princeps
1387 5275 1722 5330 sacerdotum
1750 5272 1888 5340 apud

374 5373 466 5410 eos
498 5362 708 5426 penitus
753 5363 963 5427 defecit,
1009 5365 1398 5420 Pharisaeorum
1433 5380 1560 5420 vero
1592 5379 1660 5418 ne
1695 5380 1887 5419 nomen

375 5444 584 5511 quidem
617 5461 874 5516 superest,
923 5467 1093 5520 neque
1141 5455 1394 5508 memoria
1431 5455 1535 5508 ulla
1570 5453 1886 5522 dignitatum

2069 3954 2114 4029 ι-
2134 3936 2199 4029 Ὀ.
2212 3934 2361 3998 Θεὸς,
2391 3936 2463 4006 μὴ
2491 3938 2780 4029 μακρύνῃς
2809 3943 2913 3995 ἀπ’
2942 3947 3100 4017 ἐμοῦ
3127 3968 3145 3983 ο
3182 3959 3216 4006 ὁ
3248 3957 3420 4022 Θεὸς,
3458 3963 3538 4022 εἰς
3564 3960 3648 4029 τὴν

1996 4024 2235 4120 βοήθειάν
2273 4041 2373 4094 μου
2401 4028 2658 4097 πρόσχες.
2687 4050 2705 4081 ι
2736 4034 2802 4084 Οἱ
2849 4034 2961 4102 μὲν
3008 4043 3460 4116 προλεχθέντες
3485 4024 3649 4120 ἐχθροί

1998 4132 2097 4208 eo?
2142 4114 2350 4208 ἔλξτρΐ
2571 4120 2706 4184 Θεὸς
2760 4127 3174 4192 ὲΥκαττέλιττεν
3218 4114 3452 4194 αὐτόν’
3495 4114 3648 4208 »ηέχὼ

1993 4203 2048 4256 δὲ
2070 4202 2332 4302 ,ἀντιϐολιῦ
2359 4205 2453 4257 καὶ
2499 4207 2694 4302 θέομαί
2725 4230 2787 4264 σε
2832 4216 2936 4269 τὸν
2974 4223 3259 4291 ἐμαυτοῦ
3299 4231 3446 4285 Θεὸν
3480 4202 3649 4302 παρεῖ-

1994 4293 2080 4346 ναί
2141 4311 2228 4390 μοι
2283 4295 2598 4390 διαπαντὸς,
2667 4305 2807 4374 μηδέ
2872 4317 3131 4385 μακράν
3195 4339 3312 4390 μου
3379 4293 3648 4382 ἵστασθαι.

1996 4385 2276 4486 πρρσέχειν
2307 4385 2493 4486 δέμείς
2672 4394 2946 4465 βοήθειάν
3003 4423 3147 4475 μου.
3195 4385 3279 4465 Σὲ
3317 4415 3440 4486 γὰρ
3477 4416 3650 4486 βοηθὸν

2185 4482 2402 4578 ξος..οὶῗ“
2439 4482 2522 4532 ὅτι
2565 4482 2774 4553 ὄψομαι
2814 4482 3425 4572 καταισχυνομένρυξ
3460 4482 3649 4566 έάκζτας

1995 4580 2092 4664 μρυ
2121 4565 2267 4664 τουςλ
2289 4565 2540 4664 ἐχθρούς.
2590 4573 2666 4626 Τὸ
2707 4575 2788 4639 δὲ,
2835 4597 2854 4629 ι
2897 4565 3442 4664 αἰσχυνθή-τωσαν,
3489 4618 3508 4651 ι
3545 4565 3651 4652 σννξ

1991 4652 2130 4723 ήθως
2153 4657 2218 4756 τῇ
2243 4654 2361 4726 θείᾳ
2381 4657 2573 4756 Γραφῇ
2613 4665 2712 4756 καὶ
2746 4666 2848 4719 νῦν
2883 4652 3049 4727 ἀντὶ⁷
3067 4652 3206 4746 toﬁ,
3227 4652 3651 4756 «αἰσχύνθήσον-

1989 4760 2077 4836 ται
2161 4745 2372 4836 είρηται
2393 4765 2406 4776 ο
2457 4754 2555 4803 καὶ
2585 4754 2669 4816 τὺ,
2715 4774 2734 4805 ι
2786 4758 3276 4836 ὲκλειπέτωσαν,
3320 4797 3340 4828 ι
3369 4745 3506 4830 ’ἀντὶ
3531 4745 3647 4836 ,τοῦν

2000 4851 2017 4882 ι
2056 4831 2388 4937 ἐκλείψοὲσιν
2414 4840 2464 4890 οἱ
2502 4841 2964 4937 ἐνδιαϐάλλοντες
2995 4860 3115 4931 τὴν
3146 4831 3356 4936 ψυχήν
3392 4886 3499 4937 μου
3525 4887 3538 4898 ·
3570 4888 3588 4919 ι

2265 4924 2588 5029 ςξύμμαχον,
2619 4950 2638 4981 ι
2662 4935 2712 4986 οἱ
2735 4910 3274 5029 ἀντικείμενοιῖτῧ

1997 5008 2174 5116 ζῖπως
2195 5010 2250 5061 δέ
2276 5013 2664 5116 ἐριλελοίπασιν
2697 5008 2985 5102 αἰσχύνην
3015 5008 3466 5116 καταχεᾉείεεέί

1992 5094 2413 5207 ῗέῗῗλῗῖἶῗυτῗῖ
2445 5123 2847 5207 Τυρέυσφνῖεςν
2887 5124 2957 5174 οὒ
3005 5133 3262 5202 μακρῶν
3288 5139 3432 5207 ἡμῖν
3462 5139 3548 5191 δεῖ
3567 5137 3646 5190 λά-

1990 5199 2140 5292 γῳη
2167 5189 2327 5297 61:61:
2355 5193 2415 5258 εξ
2440 5175 2658 5297 ἐκείνου
2687 5175 2985 5266 ἐκλέλοιπε
3005 5175 3649 5297 ῖτέζῐρχῖξρξδζῖηζξ·

1990 5275 2189 5381 αὐτοῖς,
2214 5279 2534 5381 Φαρισαίων
2579 5293 2636 5346 δὲ
2680 5297 2804 5350 οὐδὲ
2850 5301 3043 5374 ὄνομα
3076 5310 3160 5364 ἔτι
3209 5275 3502 5381 istim-iret:
3537 5275 3645 5370 οὒὲὲ

1994 5369 2178 5476 ςγήιιη
2553 5385 2740 5451 αὐτοῖς
2760 5369 3134 5464 ἀξιωμάτων.
3198 5369 3502 5471 Ἐξὲλιπον
3546 5409 3646 5476 γὰρ

1991 5457 2248 5526 ἄρχοντες
2276 5463 2338 5527 ἐξ
2378 5467 2561 5527 Ἰούδα
2601 5481 2696 5532 καὶ
2725 5483 3038 5556 ἡγούμενοι
3075 5497 3140 5547 ἐκ
3169 5457 3302 5551 τῶν
3327 5501 3530 5572 μηρῶν

454 5633 493 5683 Il
533 5635 650 5686 Cor.
685 5649 800 5697 sui,
827 5638 875 5689 4.
950 5640 988 5670 δι’
1032 5639 1179 5696 han.
1225 5661 1274 5711 χ,
1313 5646 1388 5698 18.
1464 5648 1507 5677 ⁹⁰
1531 5645 1722 5714 Philip.
1761 5663 1818 5710 ιι,
1852 5646 1897 5701 8.

2185 5651 2235 5707 h.
2273 5672 2452 5727 xxvii,
2485 5667 2557 5724 ιυ
