3796 6388
106 483 190 537 78f
1291 477 1432 533 COM
1442 477 1723 532 MENTAR}

1823 447 1904 532 m’
1924 476 2252 532 nsanos.
3257 488 3353 541 τερ

130 594 238 652 τῷ,
311 581 412 650 τῆς
444 587 782 654 προσδοκίας
809 592 914 643 τῶν
946 593 1106 644 ἐθνῶν
1142 595 1434 664 ἐπιστάσης
1463 594 1601 646 κατὰ
1627 596 1722 663 τὴν

1823 610 2026 647 eorum.
2059 593 2375 647 Defecerunt
2404 593 2601 662 quippe
2628 593 2895 672 principes
2926 599 2990 650 e‘x
3021 597 3156 653 Juda
3187 603 3355 656 etdn-

150 677 323 728 τοῦτο
377 670 748 735 θεσπίζουσαν
785 681 1264 748 προφητείαν.Καὶ
1306 680 1424 732 οὔτε
1471 679 1721 748 βασιλεῖς,

1823 698 1912 736 ces
1943 699 2006 736 ex
2033 681 2329 736 femoribus
2369 681 2506 750 ejus,
2536 697 2656 735 cum
2688 670 2991 739 advenisset
3022 695 3352 758 exspectatio

165 765 280 816 οὒτε.
317 762 604 831 ἡγεμόνες,
632 764 759 818 οὗτε
782 769 921 830 τινὲς
940 769 1065 838 παρ’
1085 771 1262 832 αὐτοῖς
1293 771 1539 823 δυνάσται
1569 773 1723 831 εἰσὶν,

1824 771 2056 838 gentium
2088 771 2152 833 θ’,
2174 769 2466 824 secundum
2509 771 2842 840 prophetiam
2891 773 3003 827 haec
3055 779 3352 842 vaticinan-

176 855 293 907 οὐδὲ
323 871 376 904 τι
395 853 580 923 τάγμα
617 855 725 906 τῶν
757 858 920 910 πάλαι
950 862 1073 928 παρ’
1101 860 1279 921 αὐτοῖς
1313 860 1475 911 ὅντων
1516 860 1726 930 περιλέ-

175 949 414 1000 λειπται·
473 951 954 1018 καταισχυνθέντες
999 953 1053 1004 δὲ
1106 954 1301 1014 πάντες
1361 953 1724 1005 ἐκλελοίπασιν

174 1043 218 1091 οξ
247 1039 630 1102 διαϐάλλοντες
678 1043 838 1094 αὐτοῦ
877 1043 970 1112 τὴν
1016 1043 1208 1111 ψυχήν.
1245 1044 1329 1095 Ἐν
1358 1043 1513 1111 ὁποία
1547 1044 1604 1094 δὲ
1639 1046 1722 1094 αἰ-

173 1129 343 1202 σχύνῃ
395 1130 756 1199 τυγχάνουσιν
805 1134 965 1184 εἰσέτι
1008 1135 1099 1185 καὶ
1131 1132 1222 1184 νῦν
1248 1134 1296 1184 οἱ
1325 1133 1429 1184 τῶν
1463 1133 1723 1184 Ἰουδαίων

173 1221 507 1290 προεστάναι
567 1220 936 1289 νομιζόμενοι,
980 1220 1206 1291 ὁρῶντες
1246 1223 1462 1283 ἑαυτοὺς
1502 1225 1595 1290 μὲν
1638 1222 1723 1274 διὰ

171 1310 353 1377 πάσης
391 1307 624 1376 Γραφῆς
660 1309 752 1360 ἐπὶ
780 1308 1230 1377 εἰδωλολατρείαις
1261 1309 1720 1378 διαϐεϐλημένους,

1823 870 1948 912 tem.
1978 860 2054 914 Ac
2083 875 2255 928 neque
2299 875 2472 929 reges.
2507 876 2680 929 neque
2715 862 2901 926 duces,
2938 880 3111 933 neque
3142 868 3232 919 ulli
3265 883 3353 938 pe-

1823 967 1916 1004 nes
1936 967 2028 1005 eos
2053 959 2330 1015 magnates
2365 959 2508 1015 sunt,
2541 967 2649 1005 non
2681 953 2812 1006 ordo
2850 955 3114 1023 quispiam
3145 958 3351 1025 prisco-

1823 1057 1938 1094 rum
1966 1043 2370 1110 magistratuum
2403 1044 2507 1097 illis
2544 1053 2816 1112 superstes
2867 1055 2984 1111 est;
3038 1048 3131 1101 sed
3161 1064 3349 1103 omnes

1821 1129 2286 1196 quidetrahebant
2319 1130 2510 1183 anima:
2561 1131 2698 1198 ejus,
2757 1133 2969 1187 confusi
3019 1133 3344 1192 defecerunt.

1822 1220 2031 1282 Quanta
2061 1233 2186 1270 vero
2205 1219 2256 1270 in
2287 1218 2608 1273 confusione
2628 1229 2910 1275 versantur
2943 1224 3224 1294 hodieque,
3256 1230 3348 1296 qui

1820 1305 2018 1360 mularis
2071 1321 2298 1374 praeesse
2328 1315 2607 1374 putantur,
2662 1309 2904 1364 videntes
2955 1327 3012 1366 se
3060 1317 3254 1382 passim
3293 1317 3347 1370 in

1825 1393 2118 1461 Scripturis
2138 1395 2450 1449 idololatriae
2471 1398 2685 1450 nomine
2714 1403 2979 1467 accusari,
3007 1418 3193 1460 omnes
3224 1420 3350 1458 vero

1821 1498 1915 1552 per
1939 1485 2119 1537 orbem
2147 1492 2331 1553 gentes
2365 1501 2458 1553 per
2487 1487 2688 1541 Christi
2722 1489 3020 1544 doctrinam
3057 1508 3087 1545 a
3128 1503 3350 1561 paterno

1820 1585 2000 1625 errore
2026 1571 2322 1627 descivisse
2357 1589 2454 1627 :ac
2492 1576 2543 1628 in
2570 1578 2766 1644 quibus
2809 1580 2941 1634 locis
2991 1581 3098 1649 jam
3124 1583 3346 1651 degunt,

1820 1675 1917 1714 nec
1947 1661 2063 1714 sine
2079 1661 2402 1718 confusione
2425 1673 2730 1733 cernentes,
2757 1683 2814 1722 se
2833 1669 3046 1737 quidem
3081 1674 3225 1742 regia
3252 1689 3351 1728 sua

165 1401 343 1451 πάντα
373 1399 433 1450 δὲ
473 1398 542 1449 τὰ
583 1397 701 1449 καθ’
731 1398 857 1468 ὅλης
885 1400 980 1467 τῆς
1013 1399 1331 1469 οίκουμένης
1357 1399 1479 1468 ἔθνη
1513 1400 1598 1451 διὰ
1624 1400 1722 1467 τῆς

163 1488 254 1540 τοῦ
289 1485 540 1556 Χριστοῦ
587 1487 924 1549 διδασκαλίας
954 1487 1049 1556 τῆς
1091 1489 1554 1558 πατροπαραδότου
1593 1489 1725 1540 πλά-

162 1595 258 1648 νης
287 1577 776 1647 μεταϐεϐληκότα·
805 1573 956 1640 ὲνοῖς
971 1578 1070 1646 ήδη
1096 1578 1461 1647 τυγχάνουσιν,
1495 1580 1719 1648 ὲντροπῇ

162 1669 404 1738 ὁρῶντες
439 1668 668 1729 ἑαυτοὺς
704 1668 798 1736 μὲν
827 1668 924 1735 τῆς
947 1667 1218 1736 βασιλικῆς
1247 1667 1420 1720 αὐτῶν
1456 1669 1721 1737 μητροπό-

162 1759 300 1820 λεως
327 1759 433 1808 καὶ
463 1757 820 1826 ἀποϐλήτους,
841 1757 1094 1826 ’Έλληνας
1121 1758 1175 1809 δὲ
1207 1757 1396 1826 ἄνδρας
1426 1757 1722 1822 άλλογενεῖς

1823 1751 2106 1819 metrOpoli
2127 1759 2378 1807 extrusos
2408 1769 2469 1809 ac
2493 1755 2749 1822 dejectos,
2783 1756 2996 1812 Grzecos
3029 1769 3202 1815 autem
3228 1764 3354 1818 alie-

162 1849 254 1902 καὶ
308 1846 654 1915 ἀλλοφύλους
697 1847 785 1898 τὸν
829 1848 986 1898 τύπον
1036 1847 1208 1899 αὐτῶν
1259 1847 1549 1908 οἰκοῦντας,
1584 1847 1722 1899 κατὰ

1823 1840 2043 1909 nigenas
2073 1849 2126 1895 et
2157 1850 2441 1900 extraneos
2468 1847 2640 1899 locum
2677 1865 2832 1902 suum
2861 1850 3190 1917 incolentes;
3225 1869 3352 1924 gen-

163 1939 351 1999 πάσας
392 1953 454 1988 τε
491 1935 757 2004 ἐπαρχίας
797 1936 886 1987 καὶ
931 1934 1124 2004 χώρας,
1166 1936 1256 1987 καὶ
1291 1936 1468 1998 πόλεις
1509 1937 1631 1998 τοὺς
1663 1935 1720 2000 ἐξ

1823 1937 2004 1998 tesque
2026 1933 2079 1984 in
2107 1935 2356 1989 omnibus
2387 1938 2698 2004 provinciis,
2726 1938 3036 2008 regionibus
3058 1950 3112 1997 et
3127 1945 3351 1999 urbibus
3375 1953 3378 1956 ’

159 2025 333 2078 ἐθνῶν
359 2025 468 2087 τὰς
496 2024 624 2094 περὶ
657 2022 748 2074 τοῦ
779 2023 1020 2094 Σωτῆρος
1052 2022 1383 2093 προφητικάς
1413 2023 1590 2091 φωνάς
1627 2041 1723 2093 κη-

1825 2020 2167 2088 βτοριιιιῑὶεειε
2199 2020 2505 2077 Servatoris
2537 2040 2696 2080 voces
2725 2027 3118 2095 praedicantes?
3145 2031 3348 2085 Coniu—

161 2116 508 2186 ρύττονταςς
546 2113 785 2182 Δίσχύνη
821 2113 876 2164 δὲ
913 2112 1120 2182 άληθῶς
1165 2114 1255 2164 καὶ
1290 2113 1516 2182 ἐντροπὴ
1544 2112 1722 2165 κατεί-

1823 2109 1903 2161 sio
1948 2125 2130 2164 revera
2159 2122 2210 2163 et
2240 2111 2530 2179 ignominia
2563 2115 2769 2170 animas
2805 2131 2989 2170 eorum
3025 2119 3238 2183 invasit,
3271 2120 3349 2172 vi-

154 2208 330 2277 ληφεν
367 2205 557 2259 αὐτῶν
605 2204 703 2266 τὰς
736 2203 928 2272 ψυχάς,
961 2204 1050 2255 τὸν
1080 2203 1202 2271 χθὲς
1221 2203 1286 2255 δι’
1318 2203 1491 2254 αὐτῶν
1513 2202 1723 2273 σταυρῷ

1823 2197 2007 2250 dentes
2028 2213 2148 2250 eum
2165 2200 2256 2267 qui
2280 2201 2346 2253 ab
2365 2201 2496 2268 ipsis
2519 2201 2768 2256 hesterna
2795 2203 2880 2258 die
2910 2205 2976 2258 ad
3008 2220 3221 2260 crucem
3240 2215 3352 2261 tra-

155 2296 552 2366 παραδοθέντα
585 2293 706 2346 καθ’
747 2295 870 2364 ὅλης
908 2297 1004 2364 τῆς
1053 2293 1366 2362 οἰκουμένης
1398 2295 1723 2361 προσκυνού-

1823 2284 1962 2337 ditus
1979 2294 2079 2348 est,
2098 2301 2194 2354 per
2209 2294 2377 2340 totum
2397 2288 2578 2344 orbem
2596 2291 2804 2344 adorari
2817 2291 3092 2362 Deumque
3103 2295 3353 2362 praedica-

157 2403 321 2455 μενον
366 2386 470 2437 καὶ
507 2383 919 2452 θεολογούμενον
959 2383 1223 2452 ὁρῶντας·
1259 2383 1295 2435 ἃ.
1335 2382 1397 2452 δὴ
1431 2381 1723 2450 ἐπληροῦτο

1823 2371 1867 2422 ri
1886 2388 1903 2436 ;
1925 2387 2041 2440 quae
2060 2388 2189 2427 sane
2206 2375 2420 2443 impleta
2438 2385 2562 2429 sunt
2583 2389 2970 2448 consequenter
2984 2381 3051 2433 ad
3064 2382 3199 2435 hanc
3218 2398 3352 2450 prae-

155 2475 483 2536 ἅκολούθως
508 2476 575 2542 τῇ
605 2471 742 2541 μετὰ
769 2475 953 2541 χεῖρας
992 2474 1283 2542 προρρήσει
1311 2472 1593 2540 λεγούσῃ-ι
1623 2472 1723 2522 Πε-

1823 2460 2108 2514 dictionem
2128 2463 2203 2516 sic
2221 2463 2504 2519 habentem
2533 2485 2546 2521 :
2579 2475 2604 2518 ἰ
2637 2458 2934 2522 induantur
2958 2471 3276 2526 confusione
3298 2481 3352 2527 et

159 2565 584 2636 ριὸαλέσθωσαν
618 2561 872 2630 αἰσχύνην
905 2561 997 2613 καὶ
1019 2561 1273 2632 ἐντροπὴν
1297 2563 1344 2613 οἱ
1362 2561 1642 2631 ζητοῦντες
1660 2562 1723 2613 τά

1823 2552 2118 2604 reverentia
2130 2553 2217 2620 qui
2233 2562 2474 2620 quzerunt
2492 2557 2626 2608 mala
2642 2558 2789 2612 mihi.
2804 2558 2894 2612 »Ει
2908 2560 2980 2611 illi
2998 2560 3208 2628 quidem
3225 2563 3353 2614 talia

154 2655 303 2708 κακά
340 2671 494 2723 μοι.»
518 2653 628 2702 Καὶ
655 2645 796 2703 οὗτοι
829 2649 923 2717 μὲν
947 2649 1066 2702 τάδε
1095 2651 1381 2703 πείσονται·
1418 2669 1435 2700 t
1457 2649 1593 2716 Ἐγὼ
1613 2650 1719 2710 δὲ,›

1825 2641 2126 2707 patientur:
2149 2660 2166 2692 ι
2191 2657 2286 2711 ego
2301 2659 2448 2706 vero,
2475 2664 2492 2696 ›
2521 2647 2616 2709 ait,
2639 2656 2718 2700 tot
2732 2649 2887 2704 malis
2908 2649 3204 2707 aﬁ‘ectusab
3228 2652 3351 2716 illis,

156 2745 249 2796 ὑπ’
283 2742 482 2796 αὐτῶν
499 2741 569 2793 τὶ
596 2740 826 2792 τοσαῦτα
846 2739 1136 2802 πεπονθὼς,
1166 2758 1184 2788 ι
1219 2740 1516 2801 διαπαντὸς,
1546 2741 1723 2808 φησὶν.

1828 2750 1846 2781 t
1869 2747 2079 2800 semper
2109 2735 2354 2800 sperabo,
2391 2742 2443 2790 et
2489 2735 2737 2805 adjiciam
2787 2753 2948 2807 super
2987 2755 3198 2796 omnem
3235 2743 3353 2796 lau-

156 2835 356 2895 ὲλπιῶ,
384 2833 485 2885 καὶ
515 2830 806 2901 προσθήσω
833 2830 923 2882 ἐπὶ
974 2831 1147 2881 πᾶσαν
1170 2828 1263 2898 τὴν
1303 2829 1499 2882 αἶνεσίν
1552 2847 1664 2881 σου.
1701 2849 1719 2880 ι

1823 2821 1941 2874 dem
1976 2831 2173 2875 tuam.»
2215 2823 2350 2877 Cum
2378 2834 2554 2880 autem
2595 2827 2662 2879 ab
2692 2829 2942 2884 omnibus
2977 2830 3354 2901 interpretibus

167 2923 325 2974 Ἐπεὶ
369 2921 430 2971 δὲ
511 2916 652 2970 κατὰ
705 2916 908 2978 πάντας
957 2917 1079 2976 τοὺς
1152 2916 1580 2984 ἑρμηνεύσαντας
1630 2915 1723 2976 τὸ,

1829 2929 1846 2961 t
1868 2911 2114 2980 adjiciam
2143 2931 2161 2964 ι
2183 2913 2412 2977 dicatur.
2434 2923 2487 2970 et.
2504 2915 2692 2984 Aquila
2714 2918 2792 2972 sic
2808 2919 3020 2982 habeat,
3050 2939 3068 2971 ι
3091 2921 3352 2990 Adjiciant

161 3031 179 3062 ι
210 3010 526 3081 προσθήσω
558 3046 574 3070 ,
617 3007 903 3059 »λέλεκται
939 3007 966 3058 ὃ
998 3023 1056 3057 τε
1106 3004 1328 3066 Ἀκύλας
1353 3006 1509 3073 φησὶ,
1545 3024 1564 3056 ι
1620 3005 1723 3056 Καὶ

1824 3017 1984 3070 super
2015 3017 2202 3058 omnes
2231 3004 2478 3074 hymnos,
2521 3025 2540 3058 ι
2574 3005 2925 3077 Symmachus
2956 3026 3100 3075 vero,
3132 3031 3150 3063 ι
3169 3011 3233 3065 Ει
3262 3013 3356 3065 ad-

155 3102 473 3170 προσθήσω
507 3097 602 3148 ἐπὶ
636 3096 812 3158 πάσας
844 3096 1131 3163 ὑμνήσεις·
1175 3114 1194 3146 ι
1226 3096 1317 3147 καὶ
1345 3098 1372 3146 ὁ
1398 3095 1684 3164 Σύμμαχος
1708 3133 1722 3157 ,

1823 3089 2002 3156 jiciam
2036 3091 2282 3161 hymnis;
2308 3111 2326 3143 ι
2365 3093 2482 3146 vide
2512 3108 2640 3146 num
2692 3095 2904 3164 hymnis
2941 3096 3116 3153 Patris
3145 3101 3228 3153 sui
3258 3101 3354 3154 ad-

159 3214 177 3245 l
224 3193 329 3245 καὶ
369 3188 670 3260 προσθήσω
690 3188 799 3248 τοῖς
833 3183 1038 3253 ὕμνοις·
1073 3202 1090 3234 ι
1123 3185 1220 3254 ὅρα
1241 3186 1286 3236 εἰ
1318 3183 1388 3254 μὴ
1419 3184 1723 3253 προσθήκην

1825 3177 2177 3234 ditamentum
2234 3181 2441 3245 fecerit,
2491 3181 2696 3235 Novum
2739 3183 3138 3240 Testamentum
3176 3187 3354 3243 Veteri

151 3259 471 3350 ἐποιήσατο
507 3279 621 3337 τοῖς
652 3274 742 3327 τοῦ
772 3273 974 3342 Πατρὸς
1003 3271 1203 3341 ὕμνοις,
1230 3271 1324 3341 τήν
1367 3271 1564 3341 Καινήν
1612 3274 1723 3323 Δια-

1835 3268 2062 3323 addens.
2099 3269 2281 3339 Neque
2307 3271 2448 3325 enim
2481 3273 2657 3339 priora
2695 3275 2931 3337 sustulit,
2971 3291 3092 3328 cum
3119 3280 3354 3332 secunda

151 3375 342 3445 θήκ-ην
376 3369 534 3439 πρὸς·
554 3369 620 3436 τῇ
669 3364 874 3431 Παλαιᾷ
906 3360 1189 3432 παραδούς.
1219 3362 1290 3414 Οὐ
1341 3361 1444 3430 γὰρ
1458 3361 1627 3412 ἀνεῖλε
1659 3360 1723 3412 τὰ

1827 3358 2044 3424 adjecit,
2080 3361 2172 3412 sed
2199 3360 2622 3414 additamentum
2652 3361 2848 3416 effecit.
2904 3362 3056 3449 Quod
3095 3367 3255 3419 etiam
3297 3367 3352 3420 in

155 3461 389 3531 πρῶτα,
420 3451 735 3521 εἰσαγαγὼν
766 3451 832 3503 τὰ
861 3449 1102 3519 δεύτερα,
1134 3449 1440 3519 προσθήκην
1458 3450 1513 3502 δὲ
1541 3451 1723 3519 ὲποιή-

1823 3447 1940 3513 ejus
1980 3448 2222 3500 doctrina
2249 3449 2484 3516 reperire
2523 3459 2625 3514 est,
2681 3450 2766 3505 ubi
2802 3452 2882 3504 ait
2929 3472 2941 3506 :
2981 3472 2999 3504 ι
3024 3447 3230 3509 Dictum
3267 3467 3352 3511 est

154 3567 290 3604 σατο
310 3565 325 3577 ·
369 3545 469 3598 καὶ
501 3541 661 3595 τοῦτό
687 3543 831 3592 ἐστιν
856 3541 1035 3609 εὑρεῖν
1061 3540 1115 3590 ἐν
1139 3541 1255 3600 ταῖς
1283 3537 1440 3590 αὐτοῦ
1478 3538 1723 3591 διδασκα-

1825 3536 2083 3604 antiquis,
2119 3536 2231 3590 Non
2269 3537 2518 3604 occides;
2553 3554 2651 3608 ego
2681 3551 2856 3595 autem
2904 3543 3026 3597 dico
3077 3545 3250 3606 vobis.
3276 3544 3356 3601 Ne

151 3639 322 3701 λίαις,
351 3637 424 3688 δι’
455 3628 532 3685 ὧν
569 3646 760 3697 φησιν·
804 3649 821 3680 ι
845 3628 1066 3699 Ἐρρέθη
1097 3631 1204 3690 τοῖς
1229 3628 1486 3698 ἀρχαίοις,
1529 3629 1600 3680 οὐ
1630 3645 1723 3697 φο-

1825 3626 2153 3681 irascamini.
2185 3626 2394 3680 Dictum
2419 3638 2501 3682 est
2529 3631 2785 3700 antiquis,
2812 3631 2929 3688 Non
2961 3637 3352 3706 mmchaberis;

151 3729 384 3788 νεύσεις
401 3744 415 3756 ·
455 3721 569 3789 ἐγὼ
599 3722 654 3773 δὲ
679 3720 818 3787 λέγω
836 3758 850 3780 ,
877 3719 1004 3788 μηδὲ
1026 3716 1344 3786 ὀργίζεσθαι.
1383 3718 1601 3788 Ἐρρέθη
1620 3721 1723 3780 τοῖς

1825 3731 1922 3783 ego
1973 3726 2148 3770 autem
2179 3717 2300 3770 dico
2345 3719 2519 3781 vobis,
2552 3719 2628 3773 iVe
2673 3723 3072 3792 concupiscatis
3093 3727 3193 3791 ",r
3225 3737 3280 3783 et
3307 3733 3352 3784 si

150 3816 441 3888 ἀρχαίοις,
473 3812 548 3864 Ού
584 3807 914 3878 μοιχεύσεις⁶
946 3805 1053 3872 ἐγὼ
1097 3806 1152 3858 δὲ
1175 3806 1331 3874 λέγω,
1373 3807 1504 3876 μηδὲ
1547 3806 1723 3858 ἐπιου-

1825 3819 1929 3870 qua
1984 3805 2200 3868 similia,
2251 3821 2368 3874 qua:
2423 3807 2689 3876 spirituali
2734 3826 2898 3883 sensu
2945 3822 2999 3868 et
3037 3816 3357 3885 interpreta-

153 3912 279 3978 μεῖν
301 3923 316 3936 ·
364 3923 384 3954 ι
426 3901 524 3954 καὶ
558 3901 657 3951 ὃσα
688 3898 819 3951 ἄλλα
849 3897 1067 3950 τοιαῦτα
1098 3896 1405 3968 προσθήκην
1430 3895 1614 3964 ἔχοντα
1642 3897 1723 3950 διὰ

1827 3894 1971 3946 tione
2019 3895 2306 3957 intellecta,
2340 3904 2394 3949 et
2439 3897 2860 3954 additamentum
2912 3903 3014 3972 legi
3049 3905 3352 3968 inferentia.

151 3999 252 4066 τῆς
282 3989 677 4060 πνευματικῆς
700 3987 925 4056 θεωρίας
954 4003 1009 4038 τε
1037 3987 1128 4038 καὶ
1146 3986 1429 4056 ἑρμηνείας
1451 3985 1539 4037 τοῦ
1567 3987 1723 4055 νόμου

1825 3984 1878 4036 in
1918 3983 2154 4038 Ecclesia
2208 3987 2326 4054 ejus
2373 3987 2565 4043 tradita
2618 3998 2765 4043 sunt.
2808 3989 2914 4043 Sed
2943 3993 3126 4055 etiam.
3159 3997 3352 4064 inquit.

151 4087 210 4136 ἐν
239 4087 314 4154 τῇ
360 4077 666 4146 Ἐκκλησία
693 4075 854 4128 αὑτοῦ
887 4075 1252 4146 παραδέδοται.
1301 4075 1454 4127 Ἀλλά
1495 4077 1584 4128 καὶ
1616 4095 1633 4125 ι
1669 4077 1723 4130 τὸ

1831 4087 1848 4118 ς
1869 4084 1930 4124 os
1962 4085 2139 4124 meum
2164 4075 2502 4127 annuntiabit
2520 4075 2783 4142 justitiam
2826 4085 2992 4130 tuam.
3014 4095 3035 4129 ι
3079 4079 3352 4149 Siquidem

152 4175 344 4244 στόμα
415 4185 521 4238 μου
551 4205 564 4227 ,
659 4166 817 4234 φησιν
840 4203 854 4227 ,
912 4165 1191 4231 ἀναγγελεῖ
1253 4166 1349 4234 τὴν
1392 4165 1723 4235 δικαιοσύνην

1823 4159 2084 4226 justitiam
2117 4161 2209 4216 Dei
2242 4165 2455 4218 exhibet
2480 4165 2842 4234 Evangelium,
2872 4183 2975 4220 non
2995 4167 3194 4224 Iudaeis
3217 4173 3354 4226 duu-

153 4282 272 4316 σου.
305 4282 325 4313 ι
352 4261 430 4312 Τὸ
472 4257 584 4327 γὰρ
617 4255 936 4322 Εὑαγγέλιον
951 4255 1282 4325 δικαιοσύνην
1304 4256 1547 4324 ἐμφαίνει
1573 4256 1723 4315 Θεοῦ,

1826 4254 1970 4299 laxat
1999 4247 2344 4314 destinatum,
2374 4259 2432 4304 ut
2459 4254 2542 4306 lex
2571 4269 2664 4320 per
2685 4254 2916 4324 Moysetn
2961 4256 3104 4310 data.
3149 4257 3351 4322 Quam-

149 4359 254 4409 οὐκ
271 4350 569 4410 Ἰουδαίοις
603 4347 781 4417 μόνοις
802 4344 1173 4414 ἀφωρισμένον
1196 4345 1377 4414 ὥσπερ
1401 4347 1429 4397 ὁ
1454 4345 1538 4397 διὰ
1566 4349 1723 4399 Μωῦ-

1825 4337 2008 4391 obrem
2039 4339 2112 4390 ait
2139 4338 2460 4408 Apostolus:
2500 4361 2517 4392 ι
2548 4342 2664 4396 Non
2695 4346 2835 4397 enim
2877 4347 3137 4400 erubesco
3173 4347 3352 4404 Evan-

151 4445 301 4505 σέως
332 4439 529 4508 νόμος.
564 4434 654 4486 Διό
683 4450 842 4501 φησιν
863 4435 890 4484 ὁ
929 4432 1238 4494 Ἀπόστολος
1260 4449 1272 4461 ·
1303 4451 1320 4482 ι
1351 4433 1424 4484 Οὐ
1453 4432 1559 4502 γάρ
1574 4434 1723 4486 ἐπαι-

1826 4428 2040 4494 gelium.
2093 4429 2276 4484 Virtus
2308 4435 2448 4486 enim
2479 4433 2568 4487 Dei
2592 4443 2674 4487 est
2711 4435 2766 4487 in
2801 4436 3024 4489 salutem
3055 4440 3203 4493 omni
3231 4457 3352 4497 cre-

151 4534 441 4602 σχύνομαι
476 4526 540 4577 τὸ
563 4523 908 4590 Εὑαγγέλιον.
944 4521 1174 4590 Δύναμις
1199 4521 1301 4591 γὰρ
1327 4521 1456 4574 Θεοῦ
1483 4525 1623 4574 ἐστιν
1649 4526 1723 4587 εἰς

1826 4518 1992 4580 denti,
2025 4517 2209 4572 Iudaeo
2239 4523 2466 4588 prinutm
2496 4531 2548 4575 et
2569 4521 2774 4582 Graeco.
2827 4523 3043 4577 Justitia
3070 4531 3218 4582 enim
3260 4531 3356 4587 Dei

151 4620 451 4690 σωτηρίαν
481 4613 646 4667 παντὶ
673 4612 747 4680 τῷ
773 4611 1096 4674 πιστεύοντι,
1157 4611 1385 4681 Ἰουδαίῳ
1413 4630 1469 4665 τε
1516 4613 1723 4682 πρῶτον

1828 4606 1880 4658 in
1913 4622 1977 4661 eo
2005 4610 2269 4663 revelatur
2305 4611 2732 4666 ".rldcircohic
2758 4613 2992 4666 dicitur:
3026 4633 3044 4664 ι
3068 4614 3143 4669 Os
3179 4634 3356 4674 meum

149 4715 250 4765 καὶ
284 4708 545 4774 Ἕλληνι.
586 4703 904 4770 Δικαιοσύνη
934 4700 1037 4769 γὰρ
1073 4699 1203 4750 Θεοῦ
1237 4701 1292 4751 ἐν
1337 4701 1482 4770 αὐτῷ
1521 4702 1722 4754 ἀποκα-

1829 4698 2438 4767 annuntiabitjustitiam
2458 4712 2621 4763 tuam,
2642 4711 2750 4754 tota
2774 4701 2858 4756 die
2883 4703 3110 4755 salutem
3136 4715 3284 4761 tuam
3307 4728 3354 4773 ;›

148 4801 449 4852 λύπτεται.
509 4813 528 4844 ι
563 4791 653 4843 Διὸ
701 4789 926 4841 ἐνταῦθα
962 4787 1197 4838 λέλεκται
1219 4803 1232 4812 ·
1277 4805 1294 4835 ι
1329 4788 1398 4839 Τὸ
1421 4789 1587 4857 στόμα
1626 4807 1722 4857 μου

1829 4787 1941 4838 sive
1988 4789 2282 4841 secundum
2331 4790 2729 4856 Symmachum,
2783 4807 2802 4839 ι
2830 4787 2931 4841 Per
2965 4804 3188 4843 omnem
3220 4794 3361 4849 diem

149 4883 469 4953 ἀναγγελεῖ
499 4879 598 4948 τὴν
622 4875 958 4943 δικαιοσύνην
988 4890 1100 4937 σου,
1125 4872 1250 4940 ὅλην
1277 4873 1372 4941 τὴν
1396 4877 1599 4944 ήμέραν
1627 4877 1723 4945 τὴν

1832 4874 2058 4928 salutem
2095 4885 2299 4930 tuam.»
2343 4875 2505 4945 quue
2535 4894 2629 4946 per
2661 4889 2828 4932 totum
2857 4877 3038 4929 orbem
3071 4878 3367 4946 impletum

154 4974 455 5044 σωτηρίαν
484 4985 579 5020 σου
601 4983 614 4996 ⁸
658 4987 676 5017 ›
711 4967 742 5035 ἢ
771 4964 907 5018 κατά
937 4963 1024 5014 τὸν
1057 4960 1364 5029 Σύμμαχον,
1406 4981 1423 5012 ι
1457 4964 1592 5016 κατὰ
1632 4967 1723 5016 πᾶ-

1830 4962 2008 5016 videre
2059 4977 2180 5018 est:
2223 4965 2277 5017 in
2322 4981 2428 5034 quo
2458 4982 2520 5020 os
2553 4963 2844 5018 διήγειρε-ῖς
2876 4963 3045 5015 nostri
3076 4979 3181 5030 per
3230 4969 3383 5023 diviv

1829 5065 1926 5104 nas
1989 5051 2297 5121 Scripturas
2329 5055 2579 5109 omnibus
2611 5052 2914 5108 hominibus
2940 5051 3191 5118 quotidie
3226 5058 3378 5108 salu-

1830 5147 1934 5192 tem
1963 5143 2031 5195 ab
2067 5157 2124 5196 se
2151 5145 2398 5198 omnibus
2424 5153 2785 5212 ,procuratam
2819 5139 3092 5206 praedicat.
3143 5139 3253 5194 His
3277 5146 3349 5196 ad
3367 5176 3383 5184 -

1821 5227 1962 5293 jicit,
2021 5251 2038 5280 ι
2066 5229 2325 5294 Quoniam
2375 5247 2482 5285 non
2518 5231 2741 5302 cognovi
2783 5229 3165 5278 litteraturam.
3225 5245 3247 5275 ι
3279 5228 3390 5292 Qui

1827 5318 2066 5372 clavibus
2105 5321 2254 5388 regni
2283 5323 2533 5388 acceptis,
2565 5334 2737 5388 neque
2766 5317 2872 5384 ipsi
2903 5313 3395 5382 ingrediebantur.

1831 5419 2002 5473 neque
2030 5407 2162 5460 alios
2208 5409 2411 5477 ingredi
2453 5407 2856 5464 concedebant,
2885 5402 3254 5454 litteraturam
3291 5402 3404 5454 de-

1833 5499 2095 5553 tinebant.
2135 5499 2242 5570 Ego
2293 5517 2440 5568 vero,
2495 5504 2688 5574 inquit,
2735 5495 2838 5565 qui
2901 5493 3094 5560 Moysis
3152 5493 3408 5560 scriptis

1830 5605 1936 5642 non
1972 5589 2206 5655 attendo,
2241 5609 2412 5664 neque
2455 5604 2782 5668 corpoream
2834 5583 2968 5650 legis
3018 5582 3412 5633 litteraturam

1761 4585 1801 4636 D

155 5083 259 5118 σαν
293 5064 526 5134 ἡμέραν
559 5058 651 5127 τὴν
681 5054 948 5124 σωτηρίαν
981 5067 1093 5102 σου·
1137 5069 1154 5099 !
1198 5049 1305 5101 Καὶ
1347 5050 1500 5103 τοῦτο
1531 5054 1582 5106 δέ
1617 5057 1728 5106 ἐστι

153 5152 558 5225 πληρούμενον
587 5146 803 5214 θεωρεῖν
827 5141 946 5194 καθ’
963 5139 1088 5206 ὅλης
1114 5138 1210 5225 τῆς
1234 5139 1544 5225 οἰκουμένης
1567 5159 1579 5171 .
1614 5145 1668 5193 ἐν

152 5243 217 5294 τὸ
252 5222 446 5307 στόμα
479 5233 572 5287 τοῦ
608 5233 854 5300 Σωτῆρος
887 5225 1046 5296 ήμῶν
1079 5223 1162 5275 διὰ
1191 5223 1292 5274 τῶν
1323 5222 1477 5277 θείων
1504 5229 1728 5295 Γραφῶν

156 5333 332 5383 πᾶσιν
367 5323 679 5395 ἀνθρώποις
711 5322 796 5387 ἐφ’
827 5320 1065 5382 ἑκάστης
1105 5313 1305 5382 ἡμέρας
1347 5316 1441 5384 τὴν
1468 5317 1532 5369 δι’
1567 5321 1727 5372 αὑτοῦ

154 5412 596 5488 προξενηθεῖσαν
648 5409 820 5461 ἅπασι
864 5399 1138 5468 σωτηρίαν
1163 5399 1426 5467 κηρύττει.
1464 5404 1726 5472 Ἐπιλέγει

155 5509 216 5560 δὲ
245 5503 644 5567 τούτοις,‹”οτι
670 5497 770 5548 οὐκ
789 5495 962 5558 ἔγνων
989 5489 1377 5556 γραμματείας.
1409 5509 1428 5540 ι
1451 5493 1560 5562 Τὰς,
1581 5495 1725 5557 κλεῖς

153 5597 444 5666 εἰληφότες
478 5595 575 5662 τῆς
602 5582 903 5656 βασιλείας,
937 5577 1030 5626 καὶ
1058 5579 1188 5645 μήτε
1225 5579 1369 5631 αὐτοὶ
1409 5583 1722 5652 εἰσερχόμε-

231 5749 277 5780 ε·
300 5751 427 5806 (χρη.
459 5758 607 5802 XL”,
649 5736 732 5788 10,
812 5731 858 5763 ⁸³
893 5726 1082 5779 Matth.
1113 5745 1159 5794 γ,
1184 5730 1266 5794 21,
1295 5731 1381 5796 9.7,
1409 5731 1495 5788 9.8.
1576 5734 1624 5766 ⁸⁵
1657 5733 1723 5787 Rt

1823 5753 1858 5801 ι,
1895 5740 1976 5803 i6,
2009 5742 2086 5792 li'.
