3796 6344
163 325 277 382 785
1343 315 1831 373 COMMENTARIA
1864 312 1930 366 IN
1964 309 2296 369 PSALMOS.
3312 307 3408 363 186

155 462 278 500 κων
346 430 456 483 τῶν
493 432 1013 505 ἀπογεγραμμένων
1039 435 1094 487 ὲν
1114 436 1377 504 οὐρανοῖς.
1404 433 1556 486 Οὕτω
1576 434 1654 485 νοί

1915 429 2251 485 enovabitur.
2295 424 2387 479 Sic
2415 427 2539 478 item
2585 425 2851 494 intelligas
2881 425 3022 493 quod
3057 424 3304 495 superius
3331 427 3412 479 di-

177 534 289 585 ηιολ
340 523 399 576 τὸ
426 524 690 595 ἀνωτέρω
713 526 1034 596 λελεγμένον
1073 528 1130 578 ὲν
1158 524 1252 593 τῷ,
1294 543 1311 575 ι
1347 524 1437 593 Μὴ
1480 522 1676 591 ἀπορρί

1916 520 2060 572 itur:
2103 516 2221 570 «Ne
2260 513 2516 584 projicias
2571 530 2655 567 me
2703 515 2755 567 in
2802 522 3046 583 tempore
3092 515 3412 575 senectutis,

208 632 286 685 με
322 615 408 676 είς
440 612 633 683 καιρδν
653 615 861 685 γήρως,
895 617 952 667 ὲν
981 612 1056 683 τῷ
1084 612 1349 665 ἐκλείπειν
1372 612 1468 681 τὴν
1505 609 1652 679 ἰσχύν
1683 627 1707 678 μ

1913 630 2002 669 um
2024 613 2237 667 deﬁciet
2270 612 2439 664 virtus
2477 623 2615 675 mea,
2646 623 2712 663 ne
2741 608 3081 677 derelinquas
3104 624 3240 663 me.»
3276 606 3412 662 Nam

211 704 298 775 μὴ
348 702 719 775 ὲγκαταλίπῃς
758 720 842 773 με.
898 723 916 754 ι
968 703 1124 756 Κατὰ
1172 702 1279 772 γάρ
1333 700 1521 769 ἑτέραν
1564 699 1710 767 ὲκδοχ

1911 701 2177 757 ecundum
2228 700 2387 753 aliam
2437 699 2824 768 expositionem
2864 712 2962 766 pro
3022 698 3261 753 Ecclesia
3310 714 3410 754 sua

207 791 587 863 ὑπερεύχεται
626 793 724 862 τῆς
780 791 1099 861 Ἐκκλησίας
1144 787 1339 851 αὑτοῦ,
1378 789 1464 841 ἵνα
1507 787 1563 838 ὲν
1610 803 1706 848 και,

1911 800 2149 855 ιινεοιιῑωο,
2180 800 2239 844 ut
2271 806 2338 845 ne
2363 791 2416 844 in
2453 798 2689 859 tempore
2736 797 2965 843 terrena:
3011 790 3157 843 illius
3192 790 3410 843 diutur-

200 883 315 952 τῆς
349 882 494 935 κατά
526 882 630 951 γῆν
660 881 997 951 μακρότητος
1020 882 1093 951 μὴ
1117 878 1473 950 ἀπορῤιφθείη
1496 894 1509 907 ·
1541 879 1589 928 εἰ
1610 877 1699 928 δεῖ

1910 882 2065 934 litatis
2106 880 2441 949 projiciatur.
2489 878 2640 943 Quod
2697 879 2744 934 si
2790 885 2921 931 tunc
2973 877 3185 932 deﬁciat
3236 879 3409 935 virtus

198 971 338 1025 τότε
365 971 617 1024 ὲκλείπει
645 972 680 1039 ή
717 971 868 1039 ἰσχὺς
890 969 1089 1038 αὐτῆς,
1136 967 1266 1037 μηδὲ
1313 967 1432 1018 τότε
1474 963 1697 1032 ὲγκαταλ

1911 971 2017 1038 ςιυε,
2052 978 2206 1041 rogat
2244 977 2304 1023 ut
2336 985 2403 1024 ne
2441 970 2520 1024 sic
2561 969 2776 1038 quidem
2810 969 3237 1037 derelinquatur.
3275 967 3410 1022 Con-

195 1063 399 1135 φθείη.
433 1064 736 1134 Συμϐαίνει
768 1062 875 1132 γὰρ
905 1060 1158 1122 πολλάκις
1186 1042 1457 1110 ἐκλείπειν
1484 1054 1623 1108 κατά
1657 1071 1694 1105 τε

1907 1062 2035 1130 ingit
2085 1062 2227 1115 enim
2284 1061 2619 1130 plerumque,
2670 1068 2731 1114 ut
2784 1060 3222 1129 persecutionum
3270 1067 3406 1113 tem-

194 1156 444 1225 καιροὺς
496 1153 608 1206 τῶν
656 1151 907 1221 διωγμῶν
934 1190 949 1214 ,
994 1149 1208 1202 ἐπειδάν
1230 1149 1277 1200 οἱ
1322 1145 1503 1199 πολλοὶ
1542 1142 1635 1196 τοῦ
1680 1160 1693 1194 ι

1909 1168 2009 1207 ore
2037 1151 2271 1213 deﬁciat,
2308 1165 2431 1204 cum
2471 1151 2621 1203 multi
2658 1166 2721 1205 ex
2754 1150 3006 1204 Ecclesia:
3051 1164 3275 1219 corpore
3339 1149 3408 1202 ob

196 1262 386 1315 ματος
441 1245 547 1311 τῆς
603 1241 922 1311 Ἑκκλησίας
961 1241 1024 1292 δι’
1073 1239 1346 1292 ἀσθένειαν
1403 1235 1628 1296 πίστεως

1909 1240 2001 1293 .dei
2032 1239 2418 1304 inﬁrmitatem,
2459 1255 2577 1293 eam
2621 1239 2891 1308 abjurant.
2931 1238 3068 1293 Num
3114 1238 3254 1292 forte
3295 1239 3408 1292 haec

185 1335 510 1405 ομνύονται
543 1333 642 1403 τὴν
681 1334 878 1386 πίστιν.
918 1332 1026 1383 Καὶ
1075 1331 1277 1400 μήποτε
1324 1324 1490 1379 ταῦτα
1542 1325 1682 1376 ἀναπ

1910 1328 2155 1384 eferenda
2199 1330 2267 1383 ad
2306 1337 2519 1398 tempus
2552 1329 2894 1394 defectionis,
2928 1329 2996 1384 de
3044 1344 3151 1399 quo
3181 1331 3409 1399 Aposto-

191 1442 370 1479 πται
394 1425 494 1477 ἐπὶ
530 1424 625 1477 τὸν
654 1423 840 1492 καιρὸν
860 1422 958 1490 τῆς
991 1418 1336 1478 ἀποστασίας,
1354 1416 1478 1484 περὶ
1506 1408 1565 1466 οῦ
1587 1429 1690 1482 καιι

1906 1436 1962 1477 us
2011 1421 2123 1476 haec
2178 1421 2393 1475 docuit:
2445 1420 2601 1473 «Nisi
2642 1420 2849 1475 venerit
2880 1419 3112 1475 defectio
3154 1422 3405 1489 primum,

183 1518 220 1568 6
266 1514 612 1576 ’Δπὸστολος
666 1512 906 1565 ἐδίδασκε
957 1510 1155 1577 λέγων·
1205 1525 1224 1557 ι
1271 1504 1392 1557 'an
1443 1503 1515 1574 μὴ
1566 1501 1682 1573 ἔλθῃ

1908 1510 2232 1565 trevelatus
2287 1509 2451 1564 fuerit
2499 1510 2658 1564 homo
2705 1510 2933 1578 peccati,
2969 1510 3111 1565 ﬁlius
3158 1510 3407 1579 perditio-

186 1604 523 1660 ἀποστασία
588 1602 801 1673 πρῶτον
825 1640 839 1663 ,
909 1601 1000 1653 καὶ
1081 1596 1429 1665 ἀποκαλυφθῇ
1500 1593 1685 1663 ὀὶνθρω⁸

1888 1601 2072 1655 nis".i
2117 1599 2228 1654 Hoc
2258 1614 2382 1654 vero
2415 1607 2627 1668 tempus
2676 1598 2930 1653 Servator
2973 1599 3268 1655 declaravit
3302 1600 3387 1654 his

184 1694 297 1764 τῆς
355 1692 684 1762 ἁμαρτίας,
747 1692 776 1742 6
830 1690 954 1751 Υἱὸς
1008 1690 1105 1757 τῆς
1157 1685 1444 1747 ἀπωλείας.
1508 1703 1526 1734 ι
1582 1681 1683 1734 Τοῦ

1908 1692 2077 1747 erbis:
2109 1710 2126 1742 ι
2149 1690 2285 1744 Num
2309 1692 2529 1745 veniens
2554 1690 2720 1746 Filius
2745 1691 2979 1745 hominis
2999 1692 3232 1747 inveniet
3253 1692 3407 1746 ﬁdem

182 1781 248 1834 δὲ
312 1782 415 1835 τὸν
480 1782 676 1850 καιρὸν
749 1782 778 1831 6
823 1779 1009 1848 Σωτὴρ
1066 1776 1249 1847 ἐδήλου
1301 1775 1471 1842 λέγων
1494 1789 1508 1801 ·
1572 1790 1591 1822 ι
1625 1768 1681 1823 Ἀ

1918 1798 2031 1851 iper
2063 1792 2255 1836 terram
2278 1782 2356 1834 "7
2381 1801 2399 1833 ι
2432 1791 2484 1836 et
2517 1797 2741 1837 rursum
2768 1801 2781 1837 :
2812 1801 2831 1835 ι
2861 1782 2927 1836 Et
2956 1783 3210 1852 quoniam
3240 1783 3412 1837 abun-

186 1871 379 1927 ἐλθὼν
440 1873 471 1923 6
524 1871 653 1933 Υἱὸς
696 1870 789 1923 τοῦ
837 1868 1116 1938 ἀνθρώπου
1175 1866 1391 1936 εὑρήσει
1446 1865 1544 1935 τὴν
1593 1864 1685 1915 πίσ

1904 1874 2015 1926 ονίι
2061 1874 2335 1943 iniquitas,
2379 1872 2690 1942 refrigescet
2718 1874 2956 1928 Charitas
2998 1874 3353 1927 multorum’.
3385 1892 3403 1924 ι

184 1963 291 2014 ἐπὶ
320 1961 435 2030 τῆς
464 1961 607 2031 γῆς;
636 1980 654 2010 ι
685 1962 794 2013 Καὶ
841 1960 997 2013 πάλιν
1021 1976 1034 1990 ’
1085 1978 1103 2010 ι
1130 1958 1226 2011 Διά
1250 1958 1306 2010 δὲ
1334 1958 1394 2009 τὸ
1418 1952 1683 2023 πληθυνθῆ

1910 1964 2023 2017 'une
2053 1964 2193 2017 enim
2222 1978 2419 2031 corpus
2450 1962 2703 2018 Ecclesiae
2729 1964 2883 2018 senio
2910 1963 3228 2019 confectum'
3243 1971 3296 2018 et
3324 1963 3409 2017 in-

184 2054 297 2122 τὴν
327 2051 597 2121 ἀνομίαν,
621 2051 921 2119 ψυγήσεται
951 2051 983 2118 ἡ
1015 2048 1196 2117 ἀγάπη
1228 2047 1333 2100 τῶν
1357 2045 1580 2099 πολλῶν.
1606 2064 1623 2094 ι
1644 2045 1683 2095 Τ

1911 2069 2080 2107 rmum
2115 2054 2239 2107 erit.
2274 2053 2470 2107 Verum
2510 2069 2578 2108 ne
2607 2053 2700 2107 illo
2740 2063 2982 2123 tempore
3024 2054 3273 2109 desertus
3309 2068 3410 2123 po-

184 2142 309 2213 γὰρ
342 2142 511 2194 ἔσται
552 2141 818 2210 γηραλέον
850 2140 941 2191 καὶ
974 2137 1191 2199 ἀσθενὲς
1221 2138 1281 2189 τὸ
1327 2136 1479 2205 σῶμα
1520 2134 1617 2203 τῆς
1656 2135 1683 2186 Ἰ

1913 2145 2029 2199 ulus
2057 2144 2175 2210 ejus
2215 2144 2573 2212 relinquatur,
2615 2145 2925 2199 necessario
2968 2145 3067 2198 has
3098 2144 3300 2212 profert
3324 2161 3412 2201 vo-

186 2232 463 2302 κλησίας.
484 2230 627 2283 Ἀλλ’
654 2231 738 2282 ἵνα
776 2229 907 2299 μηδὲ
943 2229 1059 2281 τότε
1102 2228 1300 2298 ἕρημος
1340 2225 1685 2293 καταλειφθείλ

1912 2250 1997 2289 es:
2029 2252 2046 2283 ι
2077 2232 2238 2294 Deus,
2272 2234 2394 2301 quis
2433 2232 2625 2287 similis
2665 2232 2768 2286 erit
2798 2232 2933 2285 tibi?
2956 2232 3197 2296 Quantas
3227 2241 3411 2288 osten-

185 2323 327 2384 λαὸς
363 2320 565 2384 αὐτοῦ,
602 2320 908 2388 ἀναγκαίως
948 2319 1045 2382 τὰς
1083 2319 1435 2389 προκειμένας
1466 2318 1680 2386 ἀναπέμ

1912 2325 1998 2378 isti
2044 2324 2173 2377 mihi
2204 2324 2580 2378 tribulationes
2630 2324 2826 2378 multas
2857 2331 2911 2377 et
2962 2323 3132 2376 mala?
3162 2343 3179 2374 ι
3226 2333 3279 2378 et
3316 2339 3411 2378 ca:-

189 2411 393 2477 φωνάς
414 2426 429 2439 ο
471 2428 491 2460 ι
516 2410 576 2461 '0
611 2409 761 2470 Θεὸς,
794 2409 876 2471 τίς
902 2408 1286 2479 ὁμοιωθήσεταί
1313 2424 1421 2471 σοι;
1448 2408 1611 2469 Ὅσας
1644 2406 1688 2457 ἐξ

1911 2428 2005 2469 :ra.
2038 2413 2171 2466 Nam
2212 2423 2518 2466 accuratam
2552 2412 2817 2466 rationem
2850 2427 2949 2467 cur
2977 2413 3118 2495 Deus
3145 2410 3283 2467 Filio
3311 2428 3410 2467 suo

186 2502 294 2565 ξάς
355 2517 455 2569 μοι
511 2499 719 2566 θλίψεις
763 2499 960 2562 πολλάς
1011 2499 1102 2551 καὶ
1147 2499 1323 2562 κακά;
1350 2517 1367 2549 ι
1412 2498 1502 2550 καὶ
1532 2497 1598 2549 τὰ
1625 2496 1685 2561 ἐξ

1912 2519 1977 2557 οη
2013 2504 2330 2573 pepercerit,
2366 2503 2460 2557 sed
2505 2517 2603 2572 pro
2639 2502 2798 2557 nobis
2840 2503 3090 2557 omnibus
3132 2502 3411 2557 tradiderit

190 2591 343 2652 Τοὺς
370 2589 636 2659 ἀκριϐεῖς
666 2589 858 2655 λόγους
888 2588 1007 2641 καθ’
1041 2587 1130 2651 οὓς
1153 2589 1180 2640 6
1209 2588 1337 2650 Θεὸς
1364 2586 1457 2640 τοῦ
1493 2586 1616 2639 ἰδίου
1643 2587 1688 2637 Υ

1914 2592 2057 2657 lum;
2091 2607 2153 2644 ac
2174 2606 2295 2644 eum
2323 2599 2599 2660 peccatum
2627 2605 2733 2645 non
2758 2598 2961 2654 nosset,
2994 2599 3266 2659 peccatum
3287 2604 3410 2644 eum

186 2683 297 2735 οὐκ
357 2681 646 2749 ἐφείσατο,
690 2680 803 2732 ἀλλ’
830 2680 969 2750 ὑπὲρ
1011 2672 1189 2749 ήμῶιθ
1208 2679 1418 2731 πάντων
1468 2677 1685 2748 παρέδως

1912 2694 1969 2733 ro
1993 2679 2148 2734 nobis
2168 2678 2426 2742 effecerit,
2459 2693 2617 2733 nemo
2639 2686 2832 2749 praeter
2853 2680 3028 2748 ipsum
3059 2680 3231 2733 solum
3252 2693 3411 2734 enar-

189 2773 394 2835 αύτὺν,
435 2771 515 2841 μὴ
569 2770 764 2837 γνόντα
812 2786 871 2821 τε
916 2770 1074 2823 αὐτὸν
1121 2768 1387 2839 ἁμαρτίαν
1438 2769 1571 2839 ὑπὲρ
1618 2768 1688 2836 ήμ

1912 2783 1991 2822 ire
2022 2776 2218 2838 potest.
2258 2787 2277 2819 ι
2306 2768 2440 2833 Quis
2469 2770 2611 2823 enim
2637 2769 2787 2824 novit
2808 2785 3027 2825 sensum
3063 2767 3293 2833 Domini,
3318 2770 3411 2839 qui

192 2861 494 2933 ἁμαρτίαν
529 2860 804 2930 ἐποίησεν,
830 2858 1001 2921 οὐδεὶς
1030 2858 1247 2911 δύναται
1286 2857 1505 2910 διελθεῖν
1543 2858 1575 2926 ἢ
1620 2857 1691 2926 μόε

1910 2868 2107 2914 istruat
2141 2874 2264 2914 eum
2284 2860 2342 2912 "I
2370 2878 2388 2911 ι
2422 2858 2604 2928 Neque
2625 2859 2768 2914 enim
2798 2861 2921 2928 quis
2948 2860 3001 2914 in
3032 2860 3123 2914 Dei
3147 2860 3409 2927 judicium

188 2955 392 3015 αὐτός.
436 2969 457 3002 ι
486 2951 587 3013 Τίς
624 2950 732 3022 γὰρ
781 2949 918 3018 ἔγνω
953 2949 1073 3003 νοῦν
1110 2949 1331 3019 Κυρίου,
1359 2948 1415 3011 ὃς
1456 2947 1687 3017 συμϐιϐά

1915 2966 1995 3005 ese
2037 2950 2329 3004 immittere
2369 2949 2581 3011 audeat,
2636 2964 2810 3018 neque
2848 2951 3076 3004 consilia
3112 2949 3414 3018 deprehen-

189 3041 406 3102 αὑτόν;
440 3057 460 3088 ι
502 3037 627 3090 Οὐδ’
664 3037 729 3090 ἂν
776 3037 1018 3090 ἐπιϐάλοι
1060 3053 1142 3098 τις
1172 3038 1236 3105 τῇ
1277 3035 1369 3087 τοῦ
1411 3034 1543 3087 Θεοῦ
1576 3034 1688 3104 κρίε

1912 3054 2001 3094 ere
2024 3040 2215 3108 possit,
2250 3039 2403 3107 queis
2433 3038 2720 3108 Unigenitu
2767 3053 2868 3094 suo
2912 3039 3149 3094 ostendit
3192 3040 3410 3093 tribula-

185 3133 302 3185 οὐδ’
342 3130 419 3183 ἂν
474 3126 688 3195 ἐξεύροι
739 3127 864 3189 τοὺς
907 3104 1316 3195 λογισμοὺς,δι’
1350 3123 1438 3187 οὓς
1487 3124 1684 3187 ὲνεδεΞᾷ

1906 3104 2050 3185 iones
2080 3138 2134 3184 et
2162 3104 2329 3184 multa
2356 3130 2517 3182 mala.
2542 3104 2732 3196 Neque
2764 3129 2817 3181 in
2845 3129 2912 3183 iis
2942 3129 3116 3197 ipsum
3147 3130 3405 3190 deseruit,

190 3224 273 3293 τῷ
312 3220 631 3289 Μονογενεί
674 3217 876 3285 θλίψεις
904 3215 1099 3278 πολλάς
1126 3217 1217 3268 καὶ
1244 3214 1414 3268 κακά·
1450 3215 1509 3266 οὐ
1547 3214 1642 3282 μὲν
1670 3230 1689 3264 ε

1909 3218 1965 3273 ed
1994 3234 2304 3273 conversus-
2325 3218 2618 3272 viviﬁcavit
2640 3232 2783 3280 eum,
2815 3226 2869 3271 et
2912 3218 2980 3271 de
3011 3218 3222 3288 abyssis
3251 3226 3408 3272 terra:

194 3329 293 3365 σεν
348 3310 523 3363 αὐτὸν
569 3309 626 3360 ὲν
666 3307 879 3366 αὐταίςο
921 3303 1033 3357 ἀλλ’
1059 3302 1379 3372 ἐπιστρέψας
1421 3299 1693 3370 ἐζωοποίηι

1906 3324 2061 3363 .erum
2094 3310 2307 3363 reduxit
2342 3324 2485 3362 eum.
2520 3308 2941 3362 Acruratissime
2984 3316 3162 3363 autem
3204 3310 3405 3363 dictum

186 3402 372 3455 αὐτὸν
410 3400 510 3451 καὶ
544 3400 610 3449 ὲκ
652 3395 757 3447 τῶν
799 3394 1043 3446 ἀϐύσσων
1074 3395 1169 3462 τῆς
1193 3394 1293 3463 γῆς
1327 3393 1482 3445 πάλιν
1507 3393 1685 3461 ἀνήγα

1906 3401 1969 3452 iit
2003 3400 2154 3461 illud,
2192 3417 2211 3449 ι
2241 3398 2533 3452 Ostendisti
2561 3398 2691 3450 mihi
2717 3397 3091 3451 tribulationes
3124 3399 3323 3454 multas
3352 3408 3405 3453 et

187 3492 393 3546 αὐτόν.
432 3488 651 3557 Σφόδρα
682 3486 738 3538 δὲ
770 3485 1006 3555 ἀκριϐῶς
1036 3485 1241 3555 εἴρηται
1267 3484 1346 3546 τιὸ,
1378 3483 1649 3545 «Ἔδειξάς
1685 3544 1686 3547 η

1907 3489 2026 3541 tala.
2062 3507 2080 3538 ι
2140 3488 2274 3542 Cum
2327 3486 2654 3556 prospiceret
2697 3486 2839 3541 enim
2891 3488 3297 3549 tribulationes,
3351 3500 3406 3543 et

187 3582 423 3651 θλίψεις
452 3576 659 3637 πολλάς
688 3574 779 3627 καὶ
806 3573 968 3627 κακά.
993 3592 1009 3622 ι
1031 3570 1172 3624 Ἰδὼν
1196 3570 1302 3640 γάρ
1321 3570 1418 3633 τὰς
1446 3571 1648 3639 θλίψεις
1681 3588 1686 3620 :

1905 3576 2035 3630 mlta
2072 3577 2161 3630 illa
2193 3592 2313 3646 qua:
2344 3584 2604 3630 vocantur
2631 3576 2792 3639 mala,
2827 3591 2934 3631 non
2974 3586 3163 3645 captus
3196 3579 3263 3633 ab
3297 3580 3404 3635 illis

185 3673 256 3725 τά
313 3666 715 3737 ὀνομαζόμενα
755 3662 927 3725 κακὰ,
973 3662 1071 3729 οὐχ
1116 3660 1253 3713 ἑάλω
1295 3660 1383 3711 ὑπ’
1414 3659 1608 3721 αὐτῶν,
1654 3675 1681 3709 ο

1901 3681 2041 3736 eque
2085 3666 2258 3720 vietus
2300 3673 2418 3732 est;
2465 3665 2559 3721 sed
2597 3666 2849 3721 omnibus
2883 3669 3126 3736 superior
3160 3668 3400 3732 eﬂ‘ectus.

186 3758 423 3831 ἡττήθη
447 3774 461 3786 ·
500 3755 768 3825 κρείττων
798 3753 852 3805 δὲ
886 3752 1097 3803 πάντων
1129 3750 1432 3819 γενόμενος,
1468 3748 1666 3818 θεωρὸς

1902 3759 2334 3828 ontemplabatur
2376 3773 2471 3822 ea;
2525 3758 2598 3810 ita
2639 3766 2699 3811 ut
2732 3759 2816 3813 bis
2855 3760 3079 3814 vocibus
3121 3761 3401 3831 piusquam

188 3853 420 3907 αὐτῶνθ
458 3848 538 3910 ὡς
580 3847 795 3898 πάντων
831 3843 1025 3913 μᾶλλον
1054 3843 1225 3893 εἰπεῖν
1248 3839 1311 3891 ἂν
1337 3839 1416 3915 τὸ,
1452 3856 1470 3888 ι
1494 3839 1580 3890 Ἑν
1615 3854 1687 3889 πα

1905 3865 2055 3904 mnes
2102 3850 2193 3903 alii
2243 3865 2374 3904 usus
2421 3849 2489 3903 sit
2522 3868 2535 3903 :
2574 3867 2593 3898 ι
2623 3848 2679 3901 In
2713 3850 2966 3904 omnibus
3005 3852 3400 3906 tribulationem

187 3943 550 4010 θλιϐόμενοι,
600 3935 713 3988 ἀλλ’
739 3935 798 3986 ού
847 3930 1348 4001 στενοχωρούμενοι·
1394 3927 1686 3998 ἀπορούμει

1901 3940 2119 4001 atimur,
2143 3940 2239 3993 sed
2260 3954 2368 3992 non
2393 3939 2762 4009 angustiamur
2789 3958 2801 3991 :
2826 3940 3152 4005 aporiamur.
3180 3941 3273 3996 sed
3297 3957 3400 3995 non

187 4035 315 4088 ἀλλ’
355 4030 466 4083 οὐκ
517 4025 961 4096 ἐξαπορούμενοι·
1013 4019 1480 4088 καταϐαλλόμενοι,
1528 4017 1686 4070 ἀλλί

1898 4029 2213 4083 Lestituimur
2241 4048 2253 4082 :
2280 4029 2585 4097 dejicimur,
2615 4029 2707 4083 sed
2734 4044 2838 4081 non
2869 4028 3348 4100 derelinquimur'.
3382 4052 3397 4080 ι

188 4117 764 4193 ἐγκαταλειπόμενοι.
798 4133 815 4164 ι
849 4111 1028 4164 Ταῦτα
1074 4110 1179 4179 γὰρ
1206 4109 1412 4172 Παῦλος
1449 4108 1540 4160 καὶ
1581 4109 1629 4159 οἱ
1667 4125 1687 4157 τ

1905 4118 1990 4172 {aee
2018 4119 2215 4188 quippe
2246 4118 2468 4181 Paulus,
2514 4128 2566 4173 et
2595 4119 2684 4187 qui
2719 4132 2900 4186 parem
2952 4126 3113 4187 atque
3149 4121 3404 4189 magister

190 4214 512 4286 ραπλήσιοι
543 4205 724 4275 ὠφελη
735 4205 880 4274 μένοι
906 4201 994 4255 τὸν
1029 4198 1338 4253 διδάσκαλον
1366 4198 1564 4265 ἔλεγον.
1583 4196 1689 4249 Ἀϐι

1909 4209 1957 4263 le
1985 4208 2267 4263 utilitatem
2298 4217 2644 4277 perceperant
2670 4207 2937 4262 dicebant.
2978 4207 3215 4278 Abyssos
3248 4216 3404 4262 terrae

192 4285 335 4366 άους
367 4302 428 4354 δὲ
461 4298 569 4367 γῆς
598 4293 826 4347 ἐνταῦθα
868 4290 964 4361 τὴν
1005 4288 1113 4342 τῶν
1152 4287 1509 4357 καταχθονίων
1541 4288 1640 4355 γῆν
1664 4304 1691 4355 χ

1906 4300 1955 4352 ic
1996 4298 2284 4353 inferorum
2332 4299 2600 4368 regionem
2640 4297 2849 4351 vocavit
2881 4317 2893 4349 :
2933 4298 3075 4365 quod
3114 4298 3402 4366 Apostolus

192 4413 304 4466 ραν
338 4387 636 4466 ὠνόμαζεν
655 4401 669 4414 ·
710 4383 738 4435 ὃ
764 4382 825 4451 δὴ
861 4379 1135 4449 σαφηνίζει
1166 4379 1194 4429 6
1225 4377 1533 4440 Ἀπόστολος
1557 4376 1691 4444 λέγω

1907 4388 2096 4457 xplicat
2116 4388 2332 4443 dicens:
2360 4407 2377 4438 ι
2408 4388 2484 4442 Ne
2506 4388 2653 4441 dicas
2677 4384 2841 4449 :Quis
2866 4385 3154 4441 descendet
3178 4389 3231 4440 in
3253 4388 3406 4457 abys-

390 4432 580 4546 si’ggq‘,
608 4474 701 4536 Τίς
729 4432 1087 4541 καταϐήσεται
1106 4469 1181 4530 είς
1206 4468 1302 4538 τὴν
1326 4467 1573 4531 ἄϐυσσον,
1617 4483 1695 4518 τοι

1904 4432 2096 4457 .-,...._-
2118 4432 2302 4443 ...νην
2320 4432 2332 4442 .
2363 4432 2377 4438 -
2408 4432 2483 4442 -.ν
2508 4432 2652 4441 μη---
2677 4432 2689 4438 -
2716 4432 2839 4449 ν--
2871 4432 3153 4441 ---μην
3253 4432 3381 4457 ηρ

1900 4478 2063 4543 um‘;
2095 4478 2148 4531 id
2186 4484 2288 4539 est,
2335 4476 2609 4530 Christum
2658 4489 2723 4527 ex
2769 4474 3001 4529 mortuis
3053 4475 3347 4529 reducere?
3381 4494 3398 4523 ι

189 4576 321 4627 ἐστι
352 4565 596 4640 Χριστὸν
621 4566 686 4616 ὲκ
704 4560 911 4632 νεκρῶν
932 4561 1221 4627 ἀναγαγεῖν
1243 4576 1256 4623 ;
1299 4578 1316 4609 ›
1338 4558 1447 4611 Καὶ
1467 4560 1522 4608 ὲν
1543 4557 1620 4626 τῷ
1652 4557 1688 4608 Ί

1905 4566 1933 4618 ιι
1961 4567 2015 4620 in
2043 4565 2143 4619 Job
2164 4581 2376 4636 quoque
2404 4564 2657 4618 Dominus
2685 4563 2777 4630 qui
2808 4563 2862 4616 in
2893 4564 3011 4632 ipso
3032 4565 3250 4617 oracula
3282 4564 3404 4617 fun-

189 4666 249 4718 δὲ
273 4667 308 4717 6
340 4654 706 4742 χρηματίζων
732 4651 879 4719 αὐτῷ
905 4650 1103 4742 Κύριος
1131 4648 1279 4742 ἔλεγε
1296 4664 1309 4679 ο
1345 4645 1569 4709 «ἾΙλθες
1599 4647 1688 4742 δὲ.μέ

1907 4655 2023 4709 ebat
2060 4655 2172 4708 haec
2207 4653 2430 4723 protulit
2459 4670 2471 4705 :
2501 4671 2519 4702 ι
2554 4650 2760 4711 Venisti
2797 4666 2926 4705 vero
2975 4652 3029 4705 in
3064 4650 3263 4705 fontem
3292 4667 3406 4704 ma-

192 4751 395 4823 πηγὴν
430 4737 726 4813 θαλάσσης,
762 4745 820 4794 ὲν
861 4742 917 4793 δὲ
958 4739 1154 4807 ἴχνεσιν
1183 4737 1413 4790 ἀϐύσσου
1447 4737 1691 4806 περιεπάπ

1907 4751 1964 4808 is,
1998 4747 2053 4800 in
2097 4746 2338 4814 vestigiis
2371 4751 2548 4797 autem
2592 4742 2771 4811 abyssi
2804 4742 3110 4796 ambulasti.
3144 4742 3406 4811 Aperiun-

194 4860 330 4903 σας,
352 4836 692 4902 Ἀνοίγονται
736 4833 792 4884 δέ
834 4848 915 4882 σοι
951 4828 1096 4897 φόϐῳ
1130 4829 1291 4881 πύλαι
1321 4829 1542 4882 θανάτου
1562 4846 1575 4859 ⁸
1608 4831 1693 4882 πυ]

1905 4853 1957 4890 ur
1987 4852 2114 4891 vero
2159 4837 2252 4890 tibi
2282 4836 2476 4888 timore
2508 4840 2675 4901 portae
2706 4832 2894 4885 mortis
2928 4853 2941 4886 :
2976 4832 3185 4886 ostiarii
3226 4842 3404 4889 autem

194 4934 287 5004 poi.
318 4930 384 4982 δὲ
422 4926 553 4995 ᾅδου
590 4924 786 4983 ἰδόντες
813 4937 872 4971 σε
904 4916 1155 4986 ἔπτηξαν.
1187 4937 1205 4969 ι
1224 4920 1280 4971 Ὁ
1317 4919 1373 4971 δὲ
1415 4920 1577 4971 εἰπὼν
1598 4922 1693 4973 ἐντι

1909 4927 2067 4981 ιῖρτηί
2110 4926 2352 4979 videntes
2396 4934 2448 4977 te
2488 4923 2769 4977 conterriti
2818 4924 3004 4975 sunt“.
3039 4940 3057 4973 ι
3094 4920 3199 4985 Qui
3246 4939 3408 4991 porro

194 5023 293 5085 θα,
331 5037 353 5070 ι
389 5015 506 5069 Καὶ
539 5015 602 5065 ἐκ
641 5012 749 5064 τῶν
786 5008 1035 5062 ἀϐύσσων
1062 5007 1158 5071 τῆς
1187 5009 1289 5077 γῆς
1319 5010 1475 5061 πάλιν
1507 5013 1693 5080 ἀνήγαη

1911 5015 1959 5069 ie
1999 5016 2092 5075 ait,
2155 5031 2172 5063 ι
2205 5012 2268 5064 Et
2318 5011 2383 5065 de
2438 5010 2649 5079 abyssis
2693 5020 2845 5063 terra:
2898 5009 3091 5062 iterum
3140 5008 3407 5066 reduxisti

199 5129 300 5180 με,
340 5128 360 5160 ι
396 5105 588 5172 σαφῶς
621 5099 858 5162 ἐδίδαξεν
889 5095 1076 5147 ἑαυτὸν
1104 5097 1515 5165 κατεληλυθέναι
1563 5102 1640 5162 είς
1680 5118 1698 5152 1

1911 5121 1978 5170 te,
2010 5124 2028 5156 ι
2062 5105 2204 5158 clare
2226 5102 2406 5156 docuit
2436 5115 2494 5154 se
2520 5105 2574 5154 in
2602 5101 2825 5169 abyssos
2854 5105 3012 5151 terra:
3032 5096 3410 5162 descendisse.

193 5199 488 5254 ἀϐύσσους
512 5192 610 5259 τῆς
634 5190 759 5257 γῆς,
791 5188 884 5238 καὶ
917 5184 1075 5235 πάλιν
1098 5186 1487 5255 ἀνεληλυθέναι.
1518 5188 1628 5240 Οὐκ
1659 5186 1692 5241 ο¹

1919 5210 1940 5249 c
1973 5209 2184 5248 rursum
2226 5189 2552 5245 ascendisse.
2585 5188 2692 5242 Nec
2731 5188 2844 5241 scio
2872 5194 3050 5237 utrmn
3081 5186 3206 5252 quis
3236 5190 3418 5242 valeat

192 5289 255 5340 δὲ
299 5286 359 5338 ετ
385 5300 469 5345 τις
510 5280 730 5332 δύναται
776 5274 983 5342 ἑτέρως
1017 5274 1261 5327 ἐκλαϐεῖν
1304 5272 1468 5325 ταῦτα
1494 5275 1523 5342 ἢ
1554 5277 1646 5327 ἐπὶ
1681 5297 1691 5311 ι

1926 5298 1989 5335 ec
2017 5281 2118 5334 alio
2153 5280 2396 5346 accipere
2441 5274 2623 5339 modo,
2666 5286 2824 5343 quam
2866 5270 2932 5321 ad
2981 5269 3337 5323 Servatorem
3370 5282 3425 5326 et

193 5376 441 5444 Σωτῆρα
468 5372 561 5422 καὶ
583 5366 789 5434 Κύριον
817 5361 975 5429 ήμῶν
995 5362 1277 5432 ἀναφέρων
1299 5364 1395 5430 τὴν
1419 5366 1692 5432 προφητείι

1931 5371 2156 5424 ominum
2173 5376 2411 5420 nostrum
2426 5363 2704 5418 referendo
2718 5359 3068 5430 prophetiam.
3086 5356 3133 5411 Is
3150 5357 3279 5424 ipse
3297 5373 3430 5413 vero

259 5549 307 5581 ,ι
336 5544 379 5596 η
405 5542 599 5600 Thess,
635 5532 916 5611 n_.‘_5.._"
951 5533 1103 5600 Luc.,
1127 5552 1275 5602 xvm,
1297 5539 1345 5592 8.
1428 5541 1438 5567 '
1470 5539 1652 5594 Matth.
1688 5559 1756 5595 xv

1935 5549 1973 5601 Ξ.
2049 5549 2068 5577 ¹
2099 5545 2249 5597 lium.
2276 5556 2348 5603 χι,
2380 5537 2462 5593 54.
2546 5539 2564 5568 ³
2592 5537 2633 5590 11
2656 5537 2783 5590 Cor.
2822 5546 2894 5593 tv,
2918 5531 2969 5589 8.
3045 5530 3065 5560 "
3090 5528 3260 5582 Rom.
3291 5546 3353 5593 χ,
3377 5533 3434 5586 7.

194 5617 215 5649 '
238 5614 360 5680 Job,
382 5598 613 5670 xsxvm,
658 5603 741 5663 16,
786 5598 870 5649 Πο
