3796 6274
425 267 522 320 782’

423 384 728 454 subjungitt
754 405 770 435 ι
795 385 1156 453 Mnltiplicasti
1197 385 1645 452 magniﬁcentiam
1682 399 1875 444 meam,
1904 392 1957 437 ct
1984 394 2028 446 Α

421 488 714 528 conversus
736 477 1044 527 consolatus
1065 490 1122 525 es
1155 487 1259 524 me.
1292 492 1310 522 ι
1341 472 1622 535 Quomodo
1649 483 1824 525 autem
1856 472 1956 524 Pa-

423 570 504 615 ter
543 563 975 631 mnltiplicaverit
1026 560 1476 628 magniﬁcentiam
1530 561 1802 631 Unigeniti
1849 564 1953 626 sui,

423 653 526 705 nisi
549 669 668 704 eum
701 652 933 704 ostendit
963 651 1036 702 illi
1068 651 1443 705 tribulationes
1477 653 1673 706 multas
1703 661 1756 706 et
1786 655 1923 705 mala
1936 654 1958 705 ‘.'

423 737 876 803 Quemadmodum
927 739 1069 791 enim
1115 739 1436 808 agonotheta
1479 742 1782 810 quispiam,
1834 759 1956 796 cum

424 829 702 882 adversum
740 829 936 882 multos
977 829 1228 882 athletam
1261 839 1472 883 exercet
1517 847 1694 894 suum,
1729 832 1848 899 ejus
1893 832 1959 884 li-

423 918 636 986 quidius
688 918 938 972 virtutem
983 919 1244 981 ostendit,
1287 919 1503 987 quamlo
1554 936 1676 974 eum
1718 923 1955 975 omnium

420 1007 672 1060 victorem
708 1008 992 1075 pradicat;
1021 1007 1205 1062 eodem
1235 1008 1394 1062 modo
1424 1009 1581 1063 Pater
1603 1009 1721 1063 Filii
1749 1012 1956 1080 magni-

421 1096 686 1149 ﬁcentiam
718 1108 776 1150 ut
800 1098 1053 1152 omnibus
1093 1100 1266 1167 palam
1312 1099 1530 1163 faceret,
1566 1101 1749 1154 multis
1782 1102 1956 1169 ipsum

417 1185 860 1242 tribulationibus
887 1197 939 1242 et
967 1188 1122 1243 malis
1155 1189 1540 1256 circumdedit;
1575 1199 1634 1242 ut
1667 1198 1816 1259 parta
1837 1207 1960 1244 con-

418 1285 503 1330 tra
555 1292 743 1332 omnes
791 1280 1044 1344 victoria,
1105 1281 1245 1350 apud
1310 1296 1496 1334 omnes
1555 1281 1954 1350 pradicarctur.

417 1365 594 1431 Quare
625 1369 698 1420 ait
725 1387 738 1422 :
771 1387 789 1418 ι
819 1368 1183 1438 Mnltiplicasti
1215 1370 1669 1438 magniﬁcentiam
1700 1385 1901 1434 meam;
1933 1389 1951 1421 ι

417 1455 512 1512 sed
546 1466 668 1525 post
712 1457 822 1511 haec
855 1459 1058 1522 omnia,
1088 1459 1284 1527 inquit,
1325 1479 1342 1509 ι
1373 1473 1668 1512 conversus
1705 1459 1958 1512 consola-

417 1553 508 1600 tus
535 1562 594 1601 es
625 1563 726 1601 me.
762 1567 780 1596 ι
815 1546 932 1612 Quo
977 1555 1134 1617 pacto
1169 1549 1477 1602 consolatus
1509 1563 1630 1602 eum
1656 1555 1758 1611 est,
1795 1563 1957 1617 supe-

418 1637 532 1692 rius
574 1636 757 1690 docuit
804 1637 888 1691 his
932 1639 1108 1692 verbis
1141 1657 1154 1691 :
1187 1657 1203 1687 ι
1233 1637 1298 1690 Et
1335 1653 1630 1692 conversus
1679 1637 1957 1692 viviﬁcasti

417 1737 522 1785 me,
553 1731 605 1776 et
627 1723 692 1776 de
721 1724 930 1794 abyssis
954 1733 1111 1778 terrae
1135 1727 1327 1779 iterum
1356 1725 1617 1779 reduxisti
1644 1742 1746 1780 me.
1782 1747 1802 1777 θ
1834 1725 1956 1780 11³δο
1985 1711 2028 1768 Β

417 1813 613 1881 quippe
649 1815 948 1868 consolatio
982 1823 1117 1878 erat,
1151 1831 1310 1884 quam
1343 1815 1634 1885 Apostolus
1665 1816 1751 1870 his
1772 1816 1954 1870 decla-

416 1915 592 1957 ravit:
627 1923 643 1951 ι
672 1903 895 1973 Propter
929 1905 1070 1974 quod
1119 1914 1170 1958 et
1211 1905 1351 1960 Deus
1383 1902 1641 1960 exaltavit
1687 1907 1862 1967 illum,
1905 1915 1956 1958 et

416 1993 561 2049 dedit
595 1994 667 2046 illi
699 2011 914 2054 nomen.
943 1994 1088 2063 quod
1132 2002 1214 2048 est
1251 2011 1412 2064 super
1440 2011 1597 2049 omne
1629 2010 1859 2058 nomen;
1894 2003 1956 2048 ut

415 2083 475 2140 in
515 2085 730 2136 nomine
771 2082 897 2137 Jesu
945 2099 1104 2138 omne
1153 2100 1290 2154 genu
1339 2085 1583 2139 ﬂectatur
1629 2087 1951 2147 cmlestinm,

414 2175 752 2229 terrestrium
781 2184 832 2228 et
865 2173 1197 2229 infernarum
1224 2176 1264 2227 ⁸.
1298 2195 1315 2226 ι

485 2354 649 2409 Vens.
673 2355 866 2411 22-24.
912 2375 928 2406 ί
959 2354 1092 2408 Nam
1123 2363 1176 2410 ct
1205 2371 1302 2426 ego
1329 2357 1624 2411 conﬁtebor
1653 2358 1746 2411 tibi
1777 2359 1830 2410 in
1858 2371 1950 2412 va-

331 2453 334 2456 '
416 2445 492 2499 sis
524 2445 717 2513 psalmi
749 2447 1027 2499 veritatem
1064 2453 1229 2498 tuam.
1264 2464 1280 2494 ι
1315 2445 1396 2498 Tu
1423 2446 1549 2499 mihi
1579 2445 1794 2514 quidem
1820 2447 1952 2508 haec,

413 2535 592 2598 Pater,
643 2537 938 2604 praebuisti,
989 2536 1183 2604 inquit.
1233 2534 1362 2590 Post
1399 2539 1595 2592 multas
1644 2539 1784 2592 enim
1836 2539 1954 2590 illas

414 2626 812 2688 tribulationes,
847 2637 968 2694 post
999 2629 1254 2696 praedicta
1300 2631 1461 2690 mala,
1499 2647 1516 2678 ι
1547 2643 1844 2685 conversus
1875 2632 1954 2684 vi-

413 2715 640 2770 vilicasti
679 2731 782 2778 me,
817 2717 964 2770 etde
996 2717 1207 2785 abyssis
1256 2729 1409 2772 terrae
1451 2718 1645 2772 iterum
1695 2720 1952 2775 reduxisti

415 2819 520 2868 me,
553 2823 572 2856 ι
602 2814 655 2858 et
688 2807 1002 2861 consolatus
1065 2823 1150 2861 me
1183 2823 1262 2870 es,
1313 2808 1676 2876 multiplicans
1713 2809 1955 2878 magniﬁ-

414 2894 647 2947 centiam
681 2909 872 2947 meam.
911 2894 1020 2964 Ego
1050 2911 1174 2950 vero
1205 2910 1300 2964 pro
1329 2897 1540 2951 collatis
1579 2896 1676 2952 abs
1723 2906 1774 2951 te
1822 2897 1953 2950 mihi

416 2983 690 3037 beneﬁciis
719 2985 889 3038 vicem
925 2985 1241 3055 rependens,
1275 3003 1294 3035 ι
1323 2985 1616 3040 conﬁtebor
1647 2987 1740 3041 tibi
1770 2989 1822 3040 in
1862 3002 1955 3040 va-

417 3074 492 3128 sis
549 3074 778 3142 psalmi:
813 3093 835 3125 ι
862 3090 984 3128 nam
1017 3093 1034 3124 ι
1067 3075 1194 3143 quid
1248 3076 1537 3129 retribuam
1581 3074 1806 3129 Domino
1857 3091 1954 3144 pro

416 3167 665 3222 omnibus
695 3183 814 3236 quae
847 3169 1098 3222 retribuit
1127 3168 1254 3221 mihi
1280 3169 1340 3219 7?
1370 3188 1388 3219 ι
1428 3167 1538 3223 lmo
1569 3185 1696 3222 vero
1729 3185 1954 3239 appara-

417 3259 489 3312 tis
518 3257 662 3312 vasis
703 3258 796 3312 tibi
841 3260 1286 3328 congruentibus,
1329 3262 1772 3330 concinnatisqne
1807 3263 1952 3330 psal-

417 3346 608 3401 modiaa
644 3348 1019 3404 instrumentis
1064 3357 1116 3404 te
1159 3349 1355 3419 dignis,
1396 3366 1490 3419 per
1539 3351 1652 3404 lucc
1677 3353 1952 3406 veritatem

416 3447 562 3492 tuam
591 3439 820 3492 cantabo
845 3439 963 3501 tibi,
993 3440 1234 3508 talesque
1257 3441 1500 3495 excitabo
1521 3442 1778 3505 citharas,
1801 3444 1953 3512 queis

418 3527 553 3580 labia
584 3544 700 3580 mea
732 3529 1098 3591 exsultabunt,
1135 3545 1344 3584 necnon
1379 3549 1396 3580 ‹
1427 3531 1604 3584 anima
1646 3549 1762 3586 mea
1793 3548 1952 3601 quam

417 3613 712 3676 redemisti,
746 3633 765 3663 ι
800 3614 1061 3668 reducens
1086 3631 1201 3669 eam
1243 3618 1308 3670 de
1337 3617 1547 3686 abyssis
1589 3627 1764 3682 terrae,
1794 3629 1846 3673 ct
1875 3621 1954 3672 vi-

415 3702 640 3756 viﬁcans
671 3717 788 3756 eam
833 3711 1112 3771 postquam
1153 3713 1378 3757 mortem
1419 3709 1776 3760 sustinuerat.
1809 3705 1951 3761 Vasa

416 3799 592 3845 autem
631 3799 684 3845 et
729 3793 1081 3846 instrumenta
1122 3791 1228 3847 Deo
1260 3801 1432 3862 grata,
1455 3795 1653 3863 quibus
1690 3797 1953 3866 hodieque

414 3881 660 3934 Christus
693 3881 782 3935 Dei
813 3897 908 3951 per
937 3891 1106 3936 totum
1139 3885 1323 3937 orbem
1352 3886 1611 3953 psalmos,
1646 3887 1873 3956 hymnos
1899 3896 1952 3941 et

416 3972 601 4026 laudes
633 3971 776 4026 Patri
803 3975 1018 4038 emittit,
1049 3989 1168 4043 qum
1189 3975 1390 4028 dixeris
1418 3991 1558 4039 esse,
1589 3978 1691 4031 nisi
1728 3980 1950 4048 populos

415 4060 468 4112 in
499 4060 729 4128 singulis
761 4061 1016 4116 Ecclesiis
1042 4064 1444 4117 consistentes?
1477 4080 1704 4132 quorum
1744 4067 1951 4120 animas

414 4165 746 4220 componens
771 4151 863 4208 Dei
895 4151 1150 4216 Verbum,
1181 4155 1434 4223 ipsasque
1477 4170 1584 4209 uno
1625 4157 1952 4226 symphonia

413 4248 468 4293 et
513 4241 809 4296 harmonia:
864 4244 1074 4298 vinculo
1130 4243 1276 4298 Patri
1329 4245 1611 4314 colligatis,
1665 4248 1948 4302 amabilem

413 4331 734 4400 dulcemque
791 4335 1208 4388 modulationem
1263 4335 1476 4389 emittit.
1542 4334 1598 4388 Si
1651 4336 1773 4404 quis
1823 4352 1950 4406 ergo

415 4422 579 4474 animi
617 4423 810 4490 gratia,
842 4424 1197 4478 instrumenta
1236 4424 1324 4477 illa
1357 4423 1661 4478 Iudaeorum
1687 4432 1948 4488 veterum,

415 4511 722 4564 inanimatis
745 4527 812 4565 ex
845 4513 1064 4567 chordis
1098 4515 1346 4578 conﬁata,
1383 4529 1445 4567 ac
1477 4530 1584 4568 non
1615 4515 1949 4567 articulatam

413 4615 598 4656 vocem
624 4602 966 4669 proferentia,
1000 4619 1122 4658 cum
1158 4604 1370 4674 hymnis
1404 4605 1456 4658 in
1485 4604 1684 4659 Christi
1713 4604 1950 4659 Ecclesia

412 4705 445 4744 a
482 4693 893 4747 rationabilibns
924 4693 1207 4747 animabus
1238 4693 1346 4748 Deo
1373 4694 1595 4750 emissis
1621 4695 1946 4757 contulerit;

413 4780 546 4833 nihil
579 4781 630 4834 in
680 4782 764 4836 his
795 4782 971 4838 simile
999 4783 1382 4851 deprehendet.
1415 4783 1617 4848 Quovis
1659 4784 1798 4838 enim
1834 4799 1949 4836 cor—

413 4884 576 4935 poreo
605 4873 861 4938 psalterio
888 4873 1225 4940 prtestantior
1255 4881 1339 4927 est
1371 4874 1676 4937 multitudo,
1706 4887 1824 4941 quae
1853 4887 1946 4940 per

415 4967 582 5012 totum
625 4963 808 5015 orbem
840 4977 948 5016 uno
975 4970 1259 5027 concentu,
1291 4963 1568 5017 harmonia
1616 4979 1742 5026 una,
1779 4962 1946 5016 Deum

415 5046 506 5113 qui
534 5062 696 5117 super
727 5052 902 5102 omnia
932 5059 1014 5103 est
1043 5051 1296 5104 celebrat.
1330 5052 1498 5121 Cujus
1528 5051 1826 5106 ministerio
1856 5049 1946 5102 Fi-

416 5137 522 5192 lius
567 5155 623 5192 se
653 5138 798 5193 Patri
849 5144 1074 5210 psallere
1108 5145 1396 5198 conﬁtetur
1424 5146 1647 5198 dicens:
1681 5162 1699 5193 ι
1733 5143 1861 5195 Nam
1893 5150 1946 5196 et

415 5241 514 5292 ego
542 5229 834 5284 conﬁtebor
865 5233 960 5284 tibi
991 5233 1045 5286 in
1076 5236 1217 5290 vasis
1244 5236 1435 5304 psalmi
1463 5235 1740 5296 veritatem
1772 5241 1940 5296 tuam,

417 5310 574 5366 Dens.
610 5336 627 5365 ι
665 5317 783 5370 Non
810 5321 949 5374 ultra
987 5324 1128 5376 enim
1160 5325 1378 5394 ﬁguras,
1410 5341 1518 5380 non
1551 5325 1792 5386 umbras,
1840 5339 1947 5378 non

418 5404 656 5468 symbola
689 5410 866 5471 qualia
898 5413 1035 5478 apud
1067 5413 1300 5484 Moyscm
1331 5427 1504 5479 erant,
1550 5417 1641 5472 sed
1672 5415 1948 5469 veritatem

524 5581 532 5600 '
571 5575 760 5646 Philip.
789 5597 847 5645 ιι,
879 5586 909 5637 9
989 5590 1006 5618 '
1032 5589 1169 5644 Psal.
1202 5609 1321 5671 cxv,
1359 5596 1444 5650 12.

1081 269 1340 325 Ευειειιιι
1379 266 1847 321 C£SARIENSIS
1883 266 2031 321 OI‘P.

2075 263 2254 317 PARS
2292 261 2378 316 Ill.
2402 291 2472 303 -—
2505 255 2914 312 EXEGETICA.
3561 245 3656 299 73.3

2070 385 2126 434 '0
2154 382 2197 433 δ’
2231 371 2390 442 αὐτὸς
2421 377 2660 444 ἐπιλέγει
2680 391 2696 404 σ
2729 392 2750 424 ι
2774 369 3160 430 Ἐπλεόνασας
3209 366 3314 436 τὴν
3371 364 3656 435 μεγαλοσύ-

2056 492 2150 542 νην
2189 489 2311 541 μου,
2343 471 2435 522 καὶ
2463 465 2796 537 ἐπιστρέψας
2823 457 3240 532 παρεκάλεσάς
3273 474 3364 527 με.
3391 476 3409 507 ι
3449 457 3570 518 Πῶς
3604 457 3655 509 δὲ

2054 561 2372 613 ἐπλεόνασεν
2404 560 2433 609 6
2469 557 2658 625 Πατὴρ
2706 553 2804 623 τὴν
2841 547 3247 622 μεγαλοσύνην
3291 545 3388 598 τοῦ
3423 547 3656 611 Μονογε-

2054 651 2175 712 νοῦς
2202 649 2386 713 αὑτοῦ,
2410 650 2442 718 ἢ
2469 648 2554 700 διὰ
2577 645 2670 698 τοῦ
2699 643 2866 706 δεῖξαι
2900 639 3067 708 αὐτῷ
3094 637 3316 706 θλίψεις
3341 635 3538 698 πολλάς
3570 637 3654 688 καὶ

2055 740 2230 802 κακά;
2269 739 2476 806 Ὥσπερ
2521 736 2630 805 γάρ
2677 750 2761 795 τις
2795 728 3192 809 ἀγωνοθέτης,
3227 725 3445 788 πολλοῖς
3486 741 3653 794 παρα-

2055 828 2261 880 ϐάλλων
2290 827 2378 878 τὸν
2413 825 2604 878 ἑαυτοῦ
2629 822 2899 891 ἀθλητὴν,
2936 817 3221 889 μειζόνως
3248 813 3416 869 αὑτοῦ
3441 816 3535 886 τὴν
3569 817 3653 868 ἀν-

2053 918 2232 987 δρείαν
2264 917 2612 978 ἐπιδείκνυσι,
2647 913 2878 982 νικητὴν
2925 911 3104 964 αὑτὸν
3155 908 3418 962 ἁπάντων
3463 907 3651 976 ἀνακη-

2057 1007 2260 1076 ρύττων
2279 1025 2292 1037 ³
2322 1008 2412 1059 τὸν
2441 1007 2602 1059 αὑτὸν
2638 1005 2840 1074 τρόπον
2870 1005 2976 1056 καὶ
3025 1003 3056 1054 6
3108 999 3331 1070 Πατὴρ,
3363 997 3462 1068 τὴν
3496 1014 3648 1068 μεγα-

2054 1097 2276 1167 λοσύνην
2305 1097 2396 1150 τοῦ
2424 1096 2552 1148 Υίοῦ
2587 1097 2697 1157 τοῖς
2733 1095 2869 1147 πᾶσι
2896 1090 3159 1160 φανερὰν
3192 1090 3522 1150 ἐπιδεικνὺς,
3549 1089 3646 1142 ϐλί-

2054 1189 2170 1256 ψεις
2205 1187 2402 1249 πολλὰς
2444 1187 2538 1238 καὶ
2586 1183 2736 1237 κακά
2785 1181 3168 1253 περιέϐαλλεν
3199 1178 3372 1248 αὐτῷ,
3400 1179 3475 1240 ὡς
3506 1177 3566 1231 ἂν
3589 1180 3645 1231 τὰ

2056 1277 2194 1330 κατὰ
2236 1278 2447 1330 πάντων
2485 1276 2762 1345 ἀράμενος
2794 1273 3135 1342 νικητήρια,
3166 1269 3325 1339 παρὰ
3372 1270 3483 1328 τοῖς
3527 1269 3640 1319 πᾶσι

2055 1365 2367 1435 κηρυχθείη.
2403 1363 2493 1415 Διό
2523 1379 2716 1433 φησιν⁸
2759 1381 2778 1411 ι
2802 1360 3196 1420 Ἐπλεόνασας
3228 1357 3331 1427 τὴν
3361 1355 3642 1426 μεγαλοσύ-

2057 1471 2151 1523 νην
2197 1471 2318 1523 μου.
2349 1452 2544 1504 »Ἀλλά
2591 1451 2728 1521 μετά
2775 1449 2964 1502 ταῦτα
3019 1450 3230 1509 πάντα,
3281 1448 3466 1516 φησὶν,
3499 1465 3516 1496 ι
3545 1447 3638 1498 έπε-

2058 1543 2290 1613 στρέψας
2320 1541 2695 1612 παρεκάλεσάς
2728 1557 2820 1610 με.
2859 1559 2878 1590 ι
2915 1538 3049 1600 Πῶς
3082 1537 3142 1588 δὲ
3175 1534 3544 1605 παρεκάλεσεν
3563 1535 3638 1586 αύο

2057 1635 2168 1700 τὸν,
2195 1631 2531 1704 προεδίδαξεν
2578 1631 2843 1700 ἀνωτέρω
2886 1629 3099 1682 είπών·
3136 1647 3154 1678 ι
3181 1628 3296 1679 Καὶ
3329 1625 3634 1694 ἐπιστρέψας

2055 1725 2418 1793 ὲζωοποίησάς
2448 1741 2537 1794 με,
2570 1725 2662 1776 καὶ
2695 1725 2760 1775 ὲκ
2793 1723 2912 1773 τῶν
2943 1720 3212 1773 ἀϐύσσων
3240 1717 3342 1786 τῆς
3368 1716 3469 1786 γῆς
3498 1715 3634 1769 πάλιν

2055 1815 2322 1885 άνήγαγές
2352 1832 2438 1884 με.
2467 1834 2485 1865 ι
2517 1815 2665 1883 Αὕτη
2694 1814 2806 1884 γὰρ
2838 1809 2912 1883 ἦν
2959 1814 2996 1881 ἡ
3046 1808 3419 1880 παράκλησις,
3447 1809 3510 1877 ἢν
3550 1808 3628 1860 καὶ

2053 1907 2081 1957 6
2117 1905 2429 1968 Ἀπόστολος
2473 1905 2830 1975 παρέστησεν
2871 1901 3088 1956 εἰπών·
3141 1920 3158 1950 ι
3193 1899 3284 1952 Διὸ
3321 1899 3414 1952 καὶ
3456 1901 3482 1950 6
3519 1898 3630 1961 Θεὸς

2055 1993 2404 2064 ὑπερύψωσεν
2457 1993 2637 2054 αὐτὸν,
2672 1992 2770 2044 καὶ
2823 1991 3137 2060 ἐχαρίσατο
3185 1987 3336 2056 αύτῴ
3373 1986 3549 2056 ὄνομα,
3575 1985 3625 2037 τὸ

2053 2085 2186 2155 ὑπὲρ
2215 2086 2320 2136 πᾶν
2348 2084 2514 2153 ὄνομα
2535 2100 2548 2112 ·
2580 2084 2668 2136 ἵνα
2699 2086 2759 2136 ὲν
2792 2083 2878 2153 τῷ
2903 2084 3141 2152 ὀνόματι
3187 2078 3363 2150 Ἰησοῦ
3393 2080 3494 2130 πᾶν
3516 2078 3622 2145 γόνυ

2054 2174 2262 2243 κάμψῃ,
2319 2173 2677 2241 ἐπουρανίων,
2715 2171 2820 2225 καὶ
2876 2170 3172 2237 ἐπιγείων,
3235 2169 3327 2222 καὶ
3387 2164 3619 2234 καταχθο-

2054 2264 2200 2314 νίων.
2233 2282 2250 2314 ι

2125 2371 2143 2402 ι
2167 2353 2276 2403 Καὶ
2299 2353 2404 2421 γάρ
2428 2351 2534 2418 ἐγὼ
2557 2351 3050 2422 ὲξομολογήσομαί
3083 2369 3167 2404 σοι
3199 2353 3260 2404 ὲν
3288 2350 3492 2404 σκεύεσι
3511 2346 3616 2416 ψαλ·

2057 2443 2155 2512 μοῦ
2184 2447 2278 2512 τὴν
2311 2443 2562 2512 ἀλήθειάν
2596 2460 2712 2495 σου.
2748 2461 2769 2493 ι
2814 2444 2890 2496 Σὺ
2933 2443 3036 2512 μὲν
3079 2443 3208 2511 ἐμοὶ
3243 2441 3430 2504 ταῦτα,
3459 2439 3612 2506 φησὶν.

2053 2527 2096 2584 ὦ
2136 2533 2333 2603 Πάτερ,
2366 2532 2638 2602 παρέσχου
2660 2548 2675 2560 ’
2715 2532 2866 2601 μετά
2910 2533 3023 2602 γάρ
3057 2532 3162 2595 τὰς
3211 2531 3404 2594 πολλὰς
3435 2529 3614 2596 θλίψεις

2053 2627 2145 2678 καὶ
2187 2625 2253 2678 τὰ
2300 2623 2592 2692 λελεγμένα
2633 2625 2794 2678 ηκὰ
2835 2645 2854 2676 ι
2889 2623 3236 2694 ἐπιστρέψας
3279 2618 3610 2689 ἐζωοποίησάς

2057 2735 2140 2786 με,
2167 2717 2258 2769 καὶ
2283 2719 2344 2768 ὲκ
2363 2715 2469 2766 τῶν
2492 2715 2750 2768 ἀϐύσσων
2777 2719 2880 2788 τῆς
2905 2717 3013 2786 γῆς
3043 2716 3207 2769 πάλιν
3228 2712 3484 2782 ἀνήγαγές
3504 2726 3603 2779 μεθ

2053 2808 2146 2859 καὶ
2193 2805 2566 2876 παρεκάλεσάς
2613 2823 2702 2875 με,
2760 2807 3080 2870 πλεονάσας
3127 2807 3227 2878 τὴν
3278 2801 3606 2876 μεγαλοσύνην

2058 2914 2154 2966 μου
2175 2911 2188 2924 °
2219 2894 2370 2962 κάγὼ
2397 2896 2474 2957 δὲ,
2503 2896 2882 2966 ἀμειϐόμενος
2918 2899 3022 2962 τὰς
3049 2901 3131 2960 είς
3165 2897 3264 2967 ἐμέ
3299 2913 3387 2948 σου
3415 2895 3602 2962 εὐεργε-

2059 2988 2196 3050 σίας,
2234 3004 2252 3035 ι
2297 2985 2774 3057 ὲξομολογήσομαί
2818 3007 2906 3041 σοι
2949 2991 3007 3041 ἐν
3047 2989 3265 3041 σκεύεσι
3301 2982 3520 3054 ψαλμοῦ·
3559 2979 3602 3030 τί

2055 3077 2160 3147 γὰρ
2184 3075 2544 3130 ἀνταποδώσω
2577 3076 2655 3146 τῷ
2671 3079 2881 3150 Κυρίῳ
2908 3081 3040 3150 περί
3066 3079 3281 3132 πάντων
3315 3071 3385 3129 ὧν
3402 3070 3599 3128 ἀνταπέ-

2052 3165 2190 3218 δωκέ
2221 3183 2307 3234 μοι
2327 3182 2341 3229 ;
2371 3183 2391 3216 ›
2411 3165 2568 3219 Ἀλλά
2591 3167 2702 3237 γὰρ
2721 3169 2809 3223 τά
2832 3186 2915 3222 σοι
2947 3169 3228 3240 πρέποντα
3257 3166 3415 3235 σκεύη
3437 3175 3600 3228 καταςν

2052 3253 2348 3324 τιζόμενος,
2372 3255 2578 3322 ὄργανά
2598 3255 2656 3306 τέ
2687 3272 2798 3310 σαυ
2823 3259 2950 3322 ἄξια
2970 3257 3283 3328 ψαλμῳδίας
3311 3249 3598 3307 κατασκευά-

2055 3360 2170 3405 σας,
2203 3343 2268 3394 δι*
2296 3342 2470 3395 αὐτῶν
2497 3343 2595 3414 τὴν
2621 3343 2896 3415 ἀλήθειάν
2921 3365 3015 3399 σου
3035 3345 3191 3415 ψαλῶ
3213 3362 3312 3406 σοι,
3346 3342 3427 3394 καὶ
3454 3335 3595 3390 rotati;

2051 3451 2148 3496 τας
2181 3451 2260 3486 σοι
2293 3433 2520 3502 κιθάρας
2543 3435 2864 3508 ἀναστήσω,
2893 3438 2960 3490 δι’
2991 3432 3067 3490 ὧν
3097 3437 3163 3488 τά
3183 3435 3326 3506 χείλη
3351 3449 3442 3502 μου
3461 3425 3591 3494 diu)"

2051 3524 2310 3585 λιάσεται,
2341 3523 2474 3576 ἀλλά
2521 3525 2616 3578 καὶ
2665 3546 2684 3577 ι
2714 3531 2752 3598 ἡ
2799 3529 2949 3598 ψυχή
3005 3527 3216 3598 μου,ῆν
3259 3520 3534 3592 ὲλυτρώςω,
3567 3533 3582 3563 ι

2051 3613 2382 3676 ἀναϐιϐάσας
2407 3614 2575 3684 αὐτὴν
2597 3617 2660 3668 ὲκ
2683 3617 2800 3670 τῶν
2829 3617 3085 3670 ἀϐύσσων
3112 3615 3210 3683 τῆς
3241 3613 3358 3680 γῆς,
3383 3609 3464 3661 καὶ
3485 3606 3585 3668 CW

2055 3704 2280 3771 ποιήσας
2311 3703 2480 3774 αὑτὴν
2526 3704 2646 3773 μεθ’
2679 3706 2746 3758 ὃν
2781 3707 3042 3776 ὑπέμεινε
3083 3705 3323 3759 θάνατον.
3352 3697 3506 3765 Σκεύη
3537 3695 3581 3746 δὲ

2051 3793 2142 3846 καὶ
2188 3793 2388 3863 ὄργανα
2429 3794 2506 3863 τῷ
2552 3795 2670 3866 Θεῷ
2722 3798 3118 3867 κεχαρισμένα,
3144 3795 3210 3847 δι’
3238 3787 3308 3846 ὧν
3331 3791 3478 3843 εἰσέτι
3507 3784 3580 3837 καὶ

2051 3882 2144 3935 νῦν
2192 3885 2220 3936 ὁ
2264 3885 2495 3953 Χριστὸς
2540 3886 2632 3938 τοῦ
2684 3888 2828 3942 Θεοῦ
2877 3889 2998 3941 καθ’
3031 3887 3157 3956 ὅλης
3186 3886 3278 3954 τῆς
3302 3878 3576 3949 οἰκουμένης

2050 3971 2361 4042 ψαλμῳδίας
2385 3974 2705 4045 ἀναπέμπει
2743 3997 2838 4032 και
2868 3977 3068 4047 ὕμνους
3099 3977 3190 4029 καὶ
3211 3973 3380 4034 αἴνους
3409 3967 3474 4036 τῷ
3496 3964 3576 4015 ΠΨ

2050 4065 2157 4134 τρὶ,
2182 4064 2330 4126 τίνας
2365 4065 2430 4117 ἂν
2462 4065 2635 4129 εἴποις
2657 4067 2694 4138 ἦ
2723 4071 2852 4132 τοὺς
2879 4069 3005 4128 ,καθ’
3029 4068 3256 4134 ἑκάστην
3300 4055 3572 4126 Ἐκκλησίαν

2050 4153 2240 4216 λαούς;
2265 4147 2360 4204 Ὧν
2409 4153 2508 4216 τὰς
2549 4155 2736 4224 ψυχὰς
2787 4158 3064 4220 συντείνας
3091 4159 3119 4208 ὁ
3145 4154 3233 4205 τοῦ
3264 4147 3387 4204 Θεοῦ
3416 4144 3568 4208 Λόγος,

2052 4245 2333 4312 συμφωνίᾳ
2359 4260 2417 4296 τε
2451 4245 2543 4297 καὶ
2584 4247 2829 4319 ἁρμονίᾳ
2858 4250 2955 4319 μιᾷ
2985 4245 3362 4316 συνδησάμενος
3387 4235 3454 4304 τῷ
3481 4233 3568 4319 Πα-

2051 4336 2157 4404 τρῖν
2193 4334 2461 4404 προσφιλῆ
2509 4337 2604 4389 καὶ
2654 4318 3198 4409 ἡδεῖανγάναπέμπει
3245 4326 3496 4402 μελῳδίαν.
3517 4318 3566 4409 Εἰ

2052 4425 2180 4494 γοῦν
2219 4443 2302 4487 τις
2345 4425 2420 4488 ὡς
2450 4427 2506 4478 ὲν
2542 4431 2850 4500 παραθέσει
2883 4429 3161 4499 σύγκρισιν
3201 4423 3448 4490 ποιήσοιτο
3480 4423 3564 4500 τινν

2053 4516 2214 4568 πάλαι
2264 4515 2411 4584 παρὰ
2448 4498 2724 4585 Ἰουδαίοις
2753 4498 3074 4592 σωματικῶν
3119 4514 3348 4586 ὀργάνων
3374 4506 3426 4568 ἐξ
3449 4498 3559 4592 ᾁψὺ⁶

2051 4623 2157 4675 χων
2207 4606 2408 4676 χορδῶν
2457 4591 3000 4682 κατεσκευασμένων,
3033 4607 3207 4676 φωνήν
3241 4619 3295 4654 τε
3334 4591 3557 4682 ἄναρθρον

2053 4694 2403 4764 ἐξηκούντων,
2433 4698 2526 4750 καὶ
2554 4701 2666 4754 τῶν
2693 4705 2750 4756 ἐν
2775 4678 2839 4772 τῇ
2870 4697 3098 4769 Χριστοῦ
3134 4687 3403 4757 Ἐκκλησία
3416 4678 3557 4772 ἐκ.

2053 4787 2220 4854 γικῶν
2246 4787 2430 4858 ψυχῶν
2461 4764 2935 4864 ἀναπεμπομένων
2965 4789 3140 4858 ὓμνων
3173 4781 3246 4851 τῷ
3275 4774 3397 4843 Θεῷ,
3432 4764 3552 4860 οὖδὲξ

2049 4876 2114 4928 ἂν
2164 4876 2312 4947 εὖροι
2351 4880 2552 4949 ὅμοιον.
2590 4884 2798 4946 Παντὸς
2838 4881 2943 4950 γὰρ
2984 4877 3251 4948 κρείττονα
3289 4868 3550 4957 empta-rtqu

2050 4941 2343 5037 ψαλτηρίου
2384 4941 2649 5041 ξυγχάνει
2698 4941 2792 5026 ea?
2812 4941 2985 5040 πλήθη
3009 4941 3075 5018 ἑά
3104 4961 3216 5016 καθ’
3241 4957 3356 5052 δέηέ
3382 4941 3542 5052 τῗςῖἷῖ

2053 5056 2320 5125 κουμένης
2349 5063 2638 5134 συμφωνίᾳ
2668 5065 2763 5134 μιᾷ
2785 5062 2876 5114 καὶ
2902 5055 3126 5129 ἁρμονίᾳ
3154 5052 3237 5103 τὸν
3265 5044 3347 5134 ἐπὶ
3369 5044 3544 5134 πάῖτων

2051 5123 2180 5200 Θεὸν
2213 5123 2501 5219 ὑμνοῦντα,
2537 5123 2696 5209 διἰὧν
2781 5153 2904 5212 Υἱὸς
3030 5143 3192 5212 Πατρὶ
3219 5133 3412 5205 ψάλλειν
3430 5123 3539 5219 ﬁgim-

2048 5235 2194 5306 λογεῖ
2225 5213 2448 5308 φάσκων
2467 5213 2498 5274 ο.
2517 5265 2535 5297 ι
2564 5249 2676 5302 Καὶ
2726 5247 2833 5315 γὰρ
2877 5213 2991 5304 ἐγὼ⁷
3025 5213 3538 5317 ἐξομθλθγῄσθίξῗί

2049 5295 2348 5383 ἐν’σκεύεσι
2371 5295 2712 5406 ψαλμού-ξὶγν
2737 5295 2986 5404 ἀλλθείάν
3012 5295 3124 5384 σοῖδί
3146 5314 3326 5406 ὁ-θῖόίκ

2048 5419 2157 5489 γὰρ
2181 5421 2403 5486 τύπους,
2421 5427 2541 5480 οὐδὲ
2576 5428 2734 5490 σκιὰς
2763 5424 2852 5478 καὶ
2879 5402 3222 5489 σύμϐολανοῖα
3245 5399 3304 5472 ἦν
3329 5393 3386 5447 τὰ
3412 5395 3531 5451 mp:
