3796 6366
353 338 450 393 791

1006 331 1265 389 EUSEBII
1304 324 1773 383 CAESARIENSIS
1808 321 1958 375 OPP.
2001 319 2176 372 PARS
2213 318 2300 371 Ill.
2341 348 2407 357 --
2442 311 2859 369 EXEGETICA.
3552 295 3658 347 ’ἶθὲ

352 463 494 518 piam
534 447 839 501 hominibus
870 445 1220 498 adventuram
1257 450 1547 507 pauperum
1590 441 1642 488 et
1670 447 1885 500 inopum

2050 428 2149 480 νθεν
2178 429 2357 497 ἠρέμα
2402 423 2810 495 καταϐήσεσθαι
2838 420 2940 473 καὶ
2968 409 3295 483 ἀψοφητί·
3337 428 3357 459 ι
3392 408 3663 477 Raram;-

355 545 708 598 servatorem,
738 535 829 604 qui
857 549 918 587 ex
952 534 1059 583 alto
1087 529 1284 583 sensim
1315 534 1370 579 et
1396 525 1511 577 sine
1541 524 1765 590 strepitu
1794 536 1884 575 ac-

355 644 611 683 cessurus
659 637 787 681 cst:
830 642 847 673 ι
888 619 1182 674 Descendet
1229 618 1370 671 enim
1420 615 1562 669 sicut
1612 614 1790 681 pluvia
1832 612 1886 664 in

358 719 549 772 vellus.
582 736 599 767 ι
632 711 1098 782 Aitquejustitiam
1132 708 1384 775 deinceps
1426 708 1481 760 in
1514 706 1744 759 adventu
1770 702 1887 771 ejus

361 810 413 861 in
433 821 624 876 genere
651 803 925 857 hominum
955 806 1287 852 versaturam
1320 817 1332 849 :
1364 799 1644 866 ipsumque
1670 809 1776 847 non
1804 793 1889 846 Ju-

358 897 483 949 dmae
517 892 697 955 modo,
739 906 913 959 neque
959 888 1171 943 duabus
1203 888 1442 940 tribusve
1483 885 1750 955 gentibus,
1796 884 1889 937 sed

360 985 604 1037 omnibus
653 996 745 1049 per
791 980 975 1033 orbem
1015 977 1432 1039 dominaturum,
1475 989 1661 1028 onmes
1708 980 1891 1041 gentes

359 1072 679 1142 subigendas
710 1070 812 1139 ipsi
844 1069 978 1131 fore,
1019 1067 1399 1122 celebrandum
1430 1065 1603 1132 ipsum
1633 1078 1754 1118 esse
1777 1077 1893 1115 om-

360 1162 535 1222 nibus,
564 1174 670 1213 non
700 1158 846 1212 brevi
886 1165 1152 1225 tempore,
1183 1154 1275 1210 sed
1305 1170 1399 1223 per
1422 1168 1579 1207 omne
1616 1153 1887 1207 saeculum.

359 1250 416 1304 ιη
441 1264 650 1305 summa
674 1248 803 1317 quid
846 1246 991 1300 aliud
1029 1246 1118 1298 hic
1172 1258 1350 1299 sermo
1377 1251 1637 1305 recenset,
1668 1241 1770 1295 nisi
1814 1248 1892 1292 ta-

363 1343 463 1394 tem
491 1355 612 1394 esse
639 1338 730 1407 qui
763 1338 815 1390 in
847 1336 1102 1391 vaticinio
1139 1334 1329 1396 fertur,
1361 1334 1569 1402 qualem
1601 1346 1757 1385 nemo
1791 1346 1891 1382 un—

360 1446 541 1499 quam,
569 1443 669 1484 nec
697 1429 749 1481 in
778 1426 1087 1481 Judaeorum
1113 1432 1291 1493 gente,
1315 1437 1489 1490 neque
1512 1422 1567 1474 in
1590 1420 1712 1474 aliis
1733 1419 1895 1472 fuisse

364 1518 714 1575 memoravit?
744 1516 926 1585 Neque
951 1516 1091 1570 enim
1132 1515 1247 1582 ipse
1291 1511 1562 1573 Salomon,
1595 1524 1767 1577 neque
1796 1506 1896 1559 Da-

361 1615 471 1677 vid,
505 1627 677 1681 neque
699 1610 967 1679 quispiam
988 1620 1361 1663 successorum
1384 1606 1431 1659 is
1452 1603 1730 1657 videbatur
1753 1616 1891 1663 esse,

360 1702 449 1754 cui
473 1716 534 1752 ea
577 1713 696 1766 quae
741 1698 794 1750 in
836 1695 1115 1766 prophetia
1164 1694 1409 1747 feruntur
1449 1690 1623 1761 aptari
1666 1690 1891 1759 possint.

363 1790 636 1860 Perpende
667 1787 827 1857 igitur
865 1801 991 1839 num
1033 1784 1323 1853 praemissis
1356 1783 1423 1837 de
1460 1780 1760 1836 Servatoris
1804 1795 1897 1833 no-

366 1882 461 1936 stri
491 1881 737 1949 passione
770 1875 1206 1947 praedictionibus
1236 1877 1369 1935 haec,
1401 1886 1505 1940 qua
1535 1885 1755 1939 regnum
1781 1870 1898 1937 ejus

365 1971 715 2033 describitur,
745 1974 1139 2035 consequenter
1166 1962 1468 2032 adjiciatur.
1500 1959 1603 2012 Par
1620 1965 1733 2013 erat
1758 1959 1900 2013 enim

367 2077 466 2115 nos
507 2075 627 2129 quae
665 2059 729 2112 ad
770 2056 902 2111 illud
942 2069 1157 2124 quoque
1213 2053 1442 2107 attinent
1484 2051 1716 2107 edoceri.
1768 2051 1900 2103 Cum

368 2163 544 2205 autem
576 2150 821 2219 plurimae
852 2147 1144 2216 prophetiae
1170 2145 1465 2207 Christum,
1504 2143 1593 2213 qui
1618 2157 1682 2196 ex
1708 2141 1904 2194 Davide

366 2239 628 2307 originem
670 2237 934 2291 ducturus
990 2243 1126 2297 erat,
1177 2235 1536 2297 celebrarent,
1580 2233 1706 2303 quia
1761 2231 1902 2285 veri-

368 2331 541 2385 simile
559 2336 695 2391 erat,
718 2328 1008 2381 nonnullos
1032 2326 1099 2380 iis
1116 2324 1456 2379 Salomonem
1477 2322 1705 2377 indicari
1728 2321 1904 2389 suspi-

369 2430 586 2474 eaturos
616 2434 776 2478 esse;
810 2432 933 2470 nam
968 2416 1015 2469 is
1049 2416 1196 2470 solus
1241 2430 1305 2468 ex
1339 2414 1463 2469 filiis
1496 2412 1710 2466 Davidis
1744 2412 1796 2464 in
1829 2426 1907 2464 re-

369 2525 475 2577 εξηο
504 2509 733 2561 maxime
761 2504 978 2567 claruit,
1012 2502 1123 2557 Deo
1153 2502 1410 2571 templum
1435 2500 1708 2562 excitavit,
1739 2506 1790 2552 et
1819 2512 1908 2551 sa-

371 2596 573 2666 pientia
603 2603 827 2649 ornatus
858 2592 1026 2647 fuisse
1064 2600 1393 2646 memoratur
1419 2608 1433 2644 :
1464 2587 1773 2643 necessario
1807 2604 1827 2637 ι
1854 2586 1908 2637 in

376 2689 715 2741 Salomonem
741 2704 760 2736 ι
792 2686 905 2740 haec
927 2683 1204 2753 prophetia
1228 2681 1574 2742 inscribitur;
1604 2679 1717 2734 sive
1739 2677 1909 2745 ipsius

378 2777 683 2833 Salomonis
731 2790 853 2831 esse
914 2774 1118 2841 fertur;
1172 2779 1230 2826 ut
1286 2786 1394 2825 non
1442 2770 1581 2822 ultra
1618 2768 1912 2836 putaretur

378 2871 557 2936 ipsum
586 2880 705 2919 esse
735 2879 801 2917 ex
835 2862 1053 2917 Davidis
1091 2860 1295 2916 semine
1322 2859 1413 2927 qui
1450 2857 1867 2926 exspectabatur
1895 2875 1907 2909 :

379 2973 446 3011 ex
470 2958 589 3026 ipso
618 2954 816 3024 quippe
851 2951 1136 3006 Salomone
1169 2952 1309 3006 alius
1337 2958 1597 3005 venturus
1641 2953 1910 3016 speratur,

382 3056 441 3101 ut
473 3047 575 3117 ipsi
605 3044 927 3116 promissum
956 3053 1055 3097 est.
1082 3041 1139 3096 Si
1160 3042 1340 3110 itaque
1366 3040 1660 3096 secundum
1692 3036 1914 3106 Septua-

381 3137 529 3205 ginta
576 3133 931 3203 lnterpretum
976 3131 1189 3184 titulum
1238 3131 1295 3183 in
1345 3130 1520 3198 ipsum
1575 3126 1915 3180 Salomonem

381 3227 585 3282 dictum
618 3224 786 3279 fuisse
815 3223 1079 3293 psalmum
1125 3221 1507 3289 intelligamus,
1540 3218 1781 3273 dicemus
1814 3216 1917 3269 ιιιὶ-

383 3332 488 3387 que
536 3314 792 3385 Spiritum
832 3320 1102 3377 sanctum,
1146 3326 1269 3364 cum
1323 3325 1421 3379 pro
1463 3307 1581 3378 ipso
1623 3307 1918 3361 orationem

388 3408 497 3464 Deo
550 3410 821 3465 emisisset
871 3408 927 3461 in
988 3406 1163 3475 primo
1213 3419 1394 3466 versu,
1454 3402 1547 3472 qui
1607 3402 1687 3455 sic
1737 3400 1917 3461 habet,

392 3520 413 3553 ο
438 3499 878 3567 Deus,judicium
914 3505 1063 3550 tuum
1096 3494 1207 3564 regi
1238 3494 1326 3556 da,
1359 3512 1378 3544 ι
1414 3493 1468 3547 id
1498 3499 1581 3547 est
1610 3490 1918 3553 Salomoni;

389 3606 509 3661 qua!
536 3596 836 3659 sequuntur
873 3587 939 3641 de
968 3587 1061 3639 illo
1087 3585 1178 3654 qui
1207 3584 1275 3637 ab
1303 3584 1420 3653 ipso
1450 3582 1761 3637 nasciturus
1806 3586 1923 3633 erat

390 3682 592 3737 dixisse
617 3680 703 3732 his
732 3677 930 3738 verbis,
973 3693 990 3724 ι
1022 3674 1085 3726 Ει
1107 3674 1372 3742 justitiam
1396 3680 1541 3726 tuam
1574 3670 1682 3724 ﬁlio
1707 3669 1869 3739 regis,
1899 3687 1917 3719 ι

393 3768 446 3823 id
468 3776 570 3832 est,
602 3766 700 3835 ipsi
734 3763 861 3818 Iesu
889 3763 980 3831 qui
1017 3776 1082 3816 ex
1111 3760 1313 3814 semine
1343 3760 1460 3828 ejus
1486 3766 1745 3813 venturus
1786 3765 1920 3812 erat.

394 3856 490 3912 Vel
515 3857 703 3910 horum
727 3869 844 3923 qua:
882 3858 1174 3906 tractamus
1205 3851 1326 3904 talis
1356 3865 1508 3904 mens
1532 3849 1711 3909 fuerit,
1742 3849 1928 3904 decreo

394 3955 507 4002 tum
554 3961 584 3999 a
621 3945 818 4000 deitate
848 3951 939 3997 tua
993 3941 1194 3997 editum
1228 3941 1349 4003 fuit,
1398 3948 1557 4008 atque
1600 3940 1836 3994 edictum
1876 3946 1930 3992 et

393 4037 653 4107 judicium
692 4036 897 4105 regium
945 4049 1007 4088 ex
1063 4031 1397 4101 Spiritutuo
1441 4029 1792 4084 constitutum
1822 4036 1927 4095 est,

402 4135 459 4182 ut
482 4142 548 4182 ex
580 4126 880 4181 Salomonis
923 4123 1072 4194 prole
1117 4120 1370 4175 Servator
1410 4119 1595 4172 mundi
1631 4119 1929 4173 secundum

399 4231 615 4271 carnem
642 4215 909 4285 gignatur.
937 4211 1052 4265 Hoc
1086 4210 1249 4280 igitur
1267 4207 1531 4277 judicium
1565 4215 1737 4268 tuum,
1768 4209 1930 4267 Deus.

400 4319 543 4359 mmc
582 4302 795 4356 tandem
828 4301 940 4370 regi
967 4301 1054 4365 da,
1087 4298 1291 4352 scilicet
1338 4295 1630 4359 Salomoni,
1679 4303 1738 4348 ut
1773 4298 1935 4350 verba

1986 535 2132 570 σεται
2156 517 2262 587 γὰρ
2310 517 2383 579 ὡς
2410 515 2563 576 ὑετὸς
2591 515 2683 565 ἐπὶ
2724 512 2927 564 πόκον.
2962 526 2987 557 ι
3037 499 3458 568 Δικαιοσύνην
3473 515 3535 549 τε
3553 498 3664 550 λοι-

1984 605 2081 656 πὸν
2121 602 2561 673 ἐμπολιτεύεσθαι
2605 600 2684 670 τῷ
2733 599 2895 666 γένει
2924 594 3054 649 τῶν
3094 588 3447 661 ἀνθρώπων
3479 588 3577 639 ἐπὶ
3600 590 3664 657 τῇ

1985 692 2145 746 αὐτοῦ
2175 694 2463 764 παρουσίᾳ.
2484 691 2920 761 Ἐπικρατήσειν
2944 703 3014 738 τε
3051 683 3247 736 αὐτὸν
3288 683 3358 732 οὐ
3388 681 3498 749 τῆς
3536 681 3667 730 Ίου-

1984 783 2134 845 δαίας
2170 784 2353 852 μόνης,
2387 782 2507 835 οὐδὲ
2540 781 2685 832 δυεῖν
2713 779 2747 849 ἢ
2779 776 2959 848 τριῶν
2997 771 3231 834 ἐθνῶν,
3258 769 3414 822 ἀλλὰ
3442 769 3667 822 πάντων

1987 873 2091 925 τῶν
2134 872 2251 925 καθ’
2283 872 2410 941 ὅλης
2455 871 2555 937 τῆς
2603 867 2969 937 οἰκουμένης,
3012 864 3229 916 πάντα
3283 877 3354 911 τε
3408 858 3486 910 τά
3539 858 3667 927 ἔθνη

1989 962 2416 1031 ὑποταγήσεσθαι
2440 960 2611 1029 αὐτῷ,
2633 957 2948 1028 ὀνομαστόν
2973 972 3049 1007 τε
3074 951 3268 1007 αὐτὸν
3307 946 3551 1002 ἔσεσθαι
3574 965 3672 1001 πα-

1991 1054 2058 1123 ρὰ
2095 1055 2206 1115 τοῖς
2236 1055 2418 1113 πᾶσιν,
2450 1052 2508 1103 ού
2540 1051 2681 1103 κατά
2712 1066 2839 1101 τινα
2864 1048 3091 1118 χρόνον
3127 1043 3394 1113 βραχὺν,
3434 1040 3559 1093 ἀλλ’
3594 1042 3671 1103 εἰς

1991 1145 2200 1197 ἅπαντα
2235 1143 2323 1194 τὸν
2367 1141 2558 1193 αἰῶνα.
2596 1140 2708 1192 Καὶ
2741 1138 2795 1190 τί
2832 1136 2952 1206 γὰρ
2988 1135 3129 1189 ἀλλ’
3169 1132 3208 1201 ἢ
3250 1129 3526 1182 τοιοῦτόν
3551 1147 3671 1182 τινα

1991 1233 2203 1285 ἔσεσθαι
2235 1234 2325 1285 τὸν
2354 1232 2744 1301 θεσπιζόμενον
2785 1233 2815 1283 6
2854 1228 3008 1299 μετὰ
3061 1229 3291 1297 χεῖρας
3345 1223 3671 1291 ὑπογράφει

1990 1321 2160 1388 λόγος,
2193 1324 2371 1374 ὁποῖον
2406 1321 2583 1382 οὐδεὶς
2613 1318 2841 1371 πώποτε
2876 1317 3017 1371 οὔτε
3061 1313 3361 1384 παρὰ,τῴ
3395 1313 3674 1366 Ἰουδαίων

1992 1411 2151 1473 ἔθνει,
2182 1410 2303 1463 οὔτε
2336 1414 2464 1481 παρ’
2499 1412 2709 1481 ἑτέροις
2740 1409 3053 1478 γεγονέναι
3089 1425 3220 1477 μνη
3232 1405 3516 1475 μονεύει;
3540 1404 3673 1458 Οὔτε

1993 1500 2100 1571 γὰρ
2149 1502 2307 1564 αὐτὸς
2339 1499 2614 1570 Σολομὼν,
2638 1499 2763 1553 οὔτε
2815 1499 3022 1562 Δαυῒδ,
3064 1497 3217 1550 οὔτε
3268 1515 3370 1559 τις
3406 1497 3529 1550 τῶν
3562 1496 3674 1568 μετ’

1994 1591 2186 1653 αὐτοὺς
2232 1590 2468 1653 τοιοῦτος
2513 1592 2714 1661 ἐφάνη,
2750 1590 2831 1653 ὡς
2886 1588 3177 1658 ἁρμόσαι
3232 1589 3357 1640 τινὶ¹
3393 1588 3586 1640 αὐτῶν
3610 1588 3674 1640 τά

1998 1679 2099 1731 ὑπὸ
2127 1679 2225 1746 τῆς
2257 1679 2589 1749 προφητείας
2623 1678 3243 1747 σημαινόμενα.”ορα
3280 1677 3490 1729 τοίνυν
3521 1680 3570 1730 εἰ
3604 1677 3674 1748 μὴ

1929 1750 2114 1830 Βταῖς
2146 1767 2610 1837 προτεταγμέναις
2655 1765 2746 1819 διὰ
2797 1766 2914 1818 τῶν
2962 1764 3341 1835 ἔμπροσθεν
3397 1767 3538 1837 περὶ
3585 1766 3674 1818 τοῦ

1999 1858 2201 1920 πάθους
2243 1857 2336 1910 τοῦ
2379 1857 2631 1927 Σωτῆρος
2674 1858 3094 1928 προρρήσεσιν
3152 1856 3512 1919 ἀκολούθως
3562 1874 3652 1909 συν

1997 1950 2163 2018 ἧπται
2209 1949 2241 2017 ἡ
2295 1947 2430 2017 μετὰ
2476 1950 2667 2016 χεῖρας
2715 1947 2819 2017 τὴν
2850 1947 3185 2016 βασιλείαν
3226 1947 3420 2000 αὑτοῦ
3448 1948 3673 2018 διαγρά-

2001 2055 2190 2107 φουσα.
2210 2038 2403 2107 Ἐχρῆν
2434 2036 2541 2109 γὰρ
2575 2038 2724 2106 ἡμᾶς
2756 2039 2855 2090 καὶ
2887 2038 2967 2091 τὰ
3004 2040 3167 2111 περὶ
3196 2038 3435 2107 ταύτης
3469 2038 3675 2090 παιδευ-

2001 2128 2174 2198 θῆναι.
2214 2127 2424 2178 Πολλῶν
2456 2128 2512 2179 δέ
2540 2129 2900 2198 προφητειῶν
2946 2129 3062 2181 τὸν
3123 2130 3204 2181 ὲκ
3237 2128 3423 2180 Δαυῒδ
3468 2146 3672 2200 προφη-

2002 2219 2280 2288 τευόμενον
2310 2218 2541 2288 Χριστὸν
2572 2218 2942 2287 ἁνυμνουσῶν
2966 2235 2982 2247 ·
3022 2218 3257 2288 ἐπειδὴ
3283 2219 3451 2280 εἰκὸς
3470 2214 3540 2288 ἦν
3563 2220 3676 2270 ὑπον

2000 2309 2177 2361 λαϐεῖν
2207 2325 2353 2371 τινας
2380 2309 2469 2360 τὸν
2488 2308 2817 2377 Σολομῶντα
2830 2308 3181 2378 δηλοῦσθαι
3220 2310 3299 2362 δι’
3328 2310 3554 2361 αὐτῶν·
3586 2311 3659 2378 μό

2004 2417 2091 2462 νος
2115 2399 2221 2469 γάρ
2249 2392 2400 2460 οὗτος
2430 2397 2537 2450 τῶν
2571 2397 2704 2450 υἱῶν
2748 2398 2925 2450 Δαυῖδ
2963 2400 3389 2465 ἐπιδοξότατα
3432 2400 3674 2468 βασιλεύ-

2007 2507 2121 2553 σας,
2150 2491 2242 2542 καὶ
2270 2489 2359 2542 τὸν
2395 2488 2527 2542 νεὼν
2553 2490 2744 2559 ἤγειρε
2772 2489 2857 2559 τῷ
2891 2490 3055 2559 Θεῷ,
3100 2493 3217 2544 καὶ
3248 2491 3432 2562 σοφίᾳ
3454 2491 3674 2562 διαπρέ-

2005 2581 2100 2650 ψαι
2135 2578 2578 2649 μεμαρτύρηται·
2609 2579 2941 2646 ἀναγκαίως
2963 2582 3002 2649 ἡ
3036 2582 3438 2651 προκειμένη
3471 2598 3674 2651 προφηο

2005 2669 2124 2720 τεία
2161 2685 2179 2717 ι
2207 2668 2285 2729 εἰς
2311 2666 2630 2735 Σολομῶντα
2657 2685 2674 2715 ι
2712 2666 3215 2736 ἐπιγέγραπταιο
3272 2669 3310 2738 ἢ
3360 2669 3536 2721 αὑτοῦ
3587 2668 3675 2720 τοῦ

2010 2756 2345 2824 Σολομῶντος
2373 2752 2510 2806 εἶναι
2532 2754 2786 2807 λέλεκται
2807 2772 2820 2784 ·
2850 2756 2947 2807 ἵνα
2974 2759 3215 2827 μηκέτι
3246 2759 3431 2821 αὐτὸς
3463 2759 3677 2827 νομίζηο

2010 2863 2097 2897 ται
2126 2846 2154 2896 6
2186 2842 2630 2914 προσδοκώμενος
2684 2840 2829 2895 εἶναι
2878 2846 2950 2897 ἐκ
3003 2847 3249 2900 Δαυῖδο
3312 2849 3378 2914 ἐξ
3439 2847 3674 2901 αὺτοῦδὲ

2014 2934 2343 3004 Σολομῶντος
2373 2932 2648 2995 ἐλπίζεται
2679 2934 2873 3004 ἕτερος
2901 2936 2932 2986 6
2962 2938 3077 2989 mi.
3115 2940 3293 3009 αὐτῷ
3331 2936 3671 3010 ἐπηγγελμέ-

2015 3044 2121 3090 νος.
2139 3026 2259 3078 Ἐὰν
2292 3025 2389 3095 μὲν
2413 3020 2505 3077 οὖν
2539 3023 2898 3094 ἐκᾶξὼμεθα
2928 3028 3023 3089 εἰς
3062 3030 3267 3083 αὐτὸν
3296 3029 3566 3101 εἰρῆσθαι
3592 3031 3677 3083 τὸν

2017 3114 2325 3187 Σολομῶντα
2343 3113 2432 3166 τὸν
2456 3113 2672 3182 ψαλμὸν
2717 3114 2866 3165 κατὰ
2917 3116 3031 3185 τὴν
3076 3119 3215 3172 τῶν
3263 3120 3672 3190 Ἐὅδομήκοντα

2020 3206 2355 3278 προγραφὴν,
2381 3204 2635 3275 ἐροῦμεν,
2673 3204 2757 3257 ὅτι
2806 3205 2873 3256 τὸ
2918 3207 3195 3279 Πνεῦμα
3240 3211 3310 3263 τὸ
3342 3212 3526 3279 ἅγιον,
3556 3212 3672 3281 περὶ

2019 3297 2178 3352 αὑτοῦ
2216 3297 2310 3365 τὴν
2338 3295 2499 3364 εὐχὴν
2525 3294 2862 3364 ὰναπέμψαν
2900 3296 2988 3366 τῷ
3016 3298 3165 3370 Θεῷ
3200 3302 3302 3355 διὰ
3333 3303 3435 3356 τοῦ
3470 3301 3672 3372 πρώτου

2021 3389 2219 3456 στίχου,
2252 3387 2316 3438 δι’
2342 3379 2401 3437 οὗ
2434 3385 2682 3456 εἴρηται·
2726 3386 2829 3437 εὐ
2872 3386 3049 3452 Θεὸς,
3089 3391 3172 3443 τὸ
3227 3394 3422 3463 κρίμα
3470 3410 3563 3445 σου
3604 3392 3674 3461 τῷ

2021 3478 2223 3547 βασιλεῖ
2245 3476 2351 3538 δὸς,
2377 3495 2395 3526 ι
2431 3475 2675 3529 τουτέστι
2705 3475 2788 3547 τῷ
2816 3477 3207 3549 Σολομῶντι,
3228 3484 3331 3537 τὸν
3365 3484 3499 3556 ἑξῆς
3528 3484 3672 3551 λέγω

2020 3570 2147 3639 περ).
2165 3567 2254 3620 τοῦ
2277 3566 2332 3631 ἐξ
2353 3566 2515 3619 αὐτοῦ
2543 3567 2924 3637 γενησομένου
2952 3575 3238 3627 ποιεῖται
3260 3591 3273 3605 ·
3301 3575 3391 3627 διὸ
3419 3575 3672 3641 ἐπιλέγει·

2028 3678 2045 3708 ι
2075 3659 2180 3711 Καὶ
2221 3658 2316 3727 τὴν
2360 3657 2706 3728 δικαιοσύνην
2743 3676 2840 3711 σου
2876 3660 2965 3730 τῷ
3010 3663 3129 3733 υἱῷ
3158 3666 3279 3719 τοῦ
3314 3666 3614 3736 βασιλέως·
3651 3684 3667 3714 ι

2021 3746 2215 3817 δηλαδὴ
2241 3746 2317 3815 τῷ
2346 3746 2589 3815 μέλλοντι
2616 3748 3076 3817 προελεύσεσθαι
3117 3758 3202 3809 ἐκ
3233 3758 3570 3829 σπέρματος
3594 3757 3672 3808 αὺ-

2022 3838 2115 3890 τοῦ
2145 3836 2417 3907 Ἰησοῦ.“Ἡ
2433 3837 2544 3888 τῶν
2564 3839 2960 3908 προκειμένων
2989 3843 3023 3894 ὁ
3060 3845 3213 3909 νοῦς
3229 3848 3668 3918 τοιοῦτοςσὌρος

2030 3927 2178 3998 παρὰ
2212 3927 2311 3993 τῆς
2344 3927 2441 3996 σῆς
2490 3927 2746 3997 θεότητος
2788 3929 3205 4002 ἐξενήνεκται,
3259 3939 3453 4009 δόγμα
3498 3956 3557 3991 τε
3587 3937 3669 3990 καὶ

2026 4017 2198 4087 κρίμα
2250 4014 2520 4083 βασιλικὸν
2579 4018 2643 4069 ἐκ
2712 4017 2809 4069 σοῦ
2874 4021 3247 4093 Πνεύματος
3298 4029 3659 4085 διατέτακται,

2040 4108 2115 4169 ὡς
2131 4105 2194 4159 ἂν
2217 4106 2279 4156 ἐκ
2292 4104 2392 4172 τῆς
2410 4104 2757 4176 Σολομῶντος
2771 4108 3050 4182 διαδοχῆς
3083 4116 3117 4166 6
3158 4134 3235 4171 το
3253 4121 3475 4190 κόσμου
3492 4117 3667 4185 Σωτὴρ

2029 4193 2170 4249 κατὰ
2222 4196 2396 4266 σάρκα
2437 4196 2753 4269 γεννηθείη.
2780 4200 2964 4255 Τοῦτο
3012 4202 3123 4259 οὖν
3164 4210 3238 4262 τὸ
3284 4212 3474 4282 κρίμα
3507 4210 3663 4272 σου,ό

2033 4286 2181 4349 Θεὸς,
2209 4284 2309 4354 ἠδη
2353 4285 2485 4337 ποτὲ
2524 4283 2774 4357 δώρησαι
2805 4288 2890 4359 τῷ
2931 4290 3199 4361 βασιλεῖ,
3233 4299 3451 4369 δηλαδὴ
3479 4297 3555 4368 τῷ
3584 4298 3670 4349 Eo-

401 4412 563 4466 opere
598 4397 966 4465 compleantur
995 4412 1007 4446 :
1037 4392 1248 4462 ipsique
1273 4387 1380 4458 regi
1412 4394 1765 4441 memoratum
1790 4386 1915 4455 judi-

2050 4374 2284 4466 ιομῶπι,
2302 4371 2469 4466 eis»;
2486 4373 2552 4466 δι’
2569 4373 2750 4466 ἔργων
2778 4380 3127 4449 χωρήσειαν
3160 4389 3218 4439 οἱ
3248 4388 3409 4457 λόγοι
3430 4405 3444 4418 °
3477 4389 3567 4443 καὶ
3585 4385 3667 4439 αύ-

403 4487 545 4541 cium
581 4488 845 4556 praebeas;
875 4484 1138 4555 justitiam
1172 4495 1298 4536 vero
1334 4486 1482 4531 tuam
1517 4477 1625 4531 [ilio
1645 4476 1807 4546 regis,
1843 4477 1936 4546 qui

404 4589 470 4628 ex
499 4573 701 4628 semine
748 4573 865 4641 ejus
903 4572 1216 4640 proditurus
1246 4574 1363 4630 est;
1406 4574 1466 4618 ut
1495 4566 1587 4634 qui
1618 4580 1684 4618 ex
1735 4563 1937 4634 Spiritu

406 4664 653 4734 gignetur
685 4677 966 4718 successor
1005 4660 1143 4728 ejus,
1186 4666 1406 4727 accepta
1427 4655 1635 4724 justitia
1662 4663 1774 4717 tua,
1808 4673 1826 4704 ι
1852 4654 1940 4723 ju-

406 4754 548 4808 dicet
574 4752 827 4820 pupulum
881 4756 1033 4802 tuum
1074 4748 1126 4800 in
1152 4746 1381 4815 justitia,
1428 4753 1481 4798 et
1520 4758 1782 4813 pauperes
1822 4753 1942 4796 tuos

407 4846 463 4898 in
486 4843 712 4912 judicio.
745 4861 764 4892 ι
796 4840 860 4893 Et
881 4845 992 4894 haec
1017 4839 1253 4908 quidem,
1281 4838 1327 4890 si
1359 4836 1412 4888 in
1440 4835 1610 4905 ipsius
1641 4833 1944 4887 Salomonis

409 4948 687 5003 personam
732 4930 994 4985 referatur
1044 4926 1322 4996 inscriptio
1376 4924 1722 4994 Septuaginta
1775 4923 1946 4977 lanter-

413 5029 637 5089 pretum.
674 5036 791 5090 quae
824 5039 841 5070 ι
896 5020 952 5073 in
979 5017 1315 5071 Salomonem
1353 5035 1371 5066 ι
1402 5015 1581 5069 habet.
1615 5012 1708 5066 Sin
1750 5027 1946 5067 secun-

414 5111 539 5163 dum
566 5111 798 5178 reliquos
822 5110 1140 5177 interpretes
1163 5106 1463 5159 Salomonis
1488 5102 1766 5172 prophetia
1797 5101 1947 5155 dica-

418 5211 503 5252 tur
540 5216 690 5259 csse;
729 5199 966 5253 dicemus
1015 5198 1188 5266 ipsum
1239 5195 1574 5249 Salomonem
1612 5191 1813 5260 Spiritu
1862 5204 1948 5241 re—

420 5289 642 5357 pletum,
669 5297 777 5343 tres
822 5290 909 5342 hic
955 5302 1212 5358 personas
1262 5286 1567 5346 declarare,
1612 5280 1809 5343 Deum,
1862 5279 1950 5333 cui

423 5378 714 5429 orationem
735 5378 961 5441 emittit;
993 5392 1188 5444 regem,
1214 5391 1369 5444 quem
1402 5376 1456 5428 in
1479 5373 1730 5427 universa
1764 5383 1950 5438 regna-

427 5470 603 5513 turum
625 5466 890 5524 credebat,
914 5465 1159 5518 videlicet
1198 5464 1388 5517 Filium
1436 5463 1525 5517 Dei
1552 5480 1566 5529 ;
1601 5460 1759 5515 tertio
1782 5458 1948 5513 homi-

434 5562 573 5607 nem,
604 5564 758 5614 quem
783 5552 1069 5619 assumpsit
1094 5568 1156 5605 ex
1188 5555 1391 5606 semine
1412 5552 1595 5615 David,
1628 5566 1693 5605 ex
1733 5550 1954 5619 ipsoque

439 5634 721 5688 Salomone
755 5638 1116 5703 nasciturum;
1146 5640 1305 5692 alium
1331 5641 1397 5694 ab
1443 5640 1531 5693 illo
1578 5654 1698 5708 rcgc
1751 5637 1841 5706 qui
1901 5636 1954 5689 in

2034 4466 2109 4535 τῷ
2142 4465 2235 4534 μὲν
2261 4462 2337 4532 τῷ
2370 4463 2580 4533 βασιλεῖ
2605 4465 2668 4517 τὸ
2694 4466 2949 4536 δηλωθὲν
2985 4475 3194 4545 κρίμα
3230 4480 3551 4548 παράσχου,
3581 4476 3667 4543 τὴν

2035 4557 2093 4609 δὲ
2115 4554 2453 4622 δικαιοσύνην
2476 4571 2570 4607 σου
2598 4555 2678 4625 τῷ
2700 4555 2804 4626 υἱῷ
2827 4559 2929 4611 τοῦ
2962 4562 3288 4634 βασιλέως,
3323 4570 3409 4640 τῷ
3436 4569 3664 4640 μέλλοντι

2038 4645 2099 4694 ὲκ
2134 4641 2443 4710 σπέρματος
2480 4641 2644 4695 αὑτοῦ
2691 4646 3200 4714 προελεύσεσθαιο
3240 4659 3310 4712 ἵν’
3337 4661 3369 4712 6
3409 4658 3666 4727 γεννώμε-

2040 4750 2125 4795 νος
2162 4735 2191 4785 6
2226 4733 2289 4784 ἐκ
2318 4730 2627 4802 πνεύματος
2664 4736 2760 4787 καὶ
2788 4735 3058 4809 διάδοχος
3108 4748 3313 4813 αὑτοῦ,
3349 4746 3667 4816 ὑποδεξάμε-

2041 4842 2128 4886 νος
2156 4823 2250 4893 τὴν
2288 4822 2386 4893 σὴν
2416 4822 2795 4895 δικαιοσύνην.
2846 4847 2866 4878 ⁴
2896 4828 3187 4911 διακρίνῃ
3217 4841 3314 4893 τὸν
3347 4840 3476 4892 λαόν
3506 4855 3591 4890 σου
3616 4838 3666 4887 ἐν

2042 4913 2369 4985 δικαιοσύνῃ,
2402 4914 2502 4966 καὶ
2529 4917 2654 4977 τοὺς
2686 4918 2950 4987 πτωχούς
3003 4941 3110 4977 σου
3174 4931 3238 4982 ἐν
3282 4930 3489 5001 κρίσει.
3524 4948 3540 4979 ι
3571 4925 3665 4980 Καὶ

2043 5005 2212 5057 ταῦτα
2232 5006 2348 5075 μὲν,
2371 5005 2529 5076 εἴπερ
2545 5008 2624 5070 εἰς
2643 5008 2814 5061 αὑτοῦ
2848 5015 3179 5084 προσώπου
3218 5021 3313 5075 τοῦ
3338 5019 3664 5091 Σολομῶντος

2046 5096 2363 5167 ἀναφέροιτο
2420 5099 2455 5167 ἡ
2522 5100 2826 5172 προγραφὴ
2878 5108 3040 5160 κατὰ
3095 5113 3238 5175 τοὺς
3277 5112 3664 5182 Ἐὁδομήκοντα

2048 5191 2310 5260 φέρουσα,
2337 5207 2354 5239 ι
2380 5190 2459 5252 εἰς
2492 5190 2827 5258 Σολομῶντσ.
2845 5211 2861 5225 ·
2899 5215 2919 5247 ι
2952 5201 3008 5251 εἰ
3042 5200 3106 5255 δὲ
3135 5204 3286 5258 κατὰ
3311 5204 3441 5266 τοὺς
3463 5200 3663 5258 λοιποὺς

2049 5279 2387 5350 ἑρμηνευτὰς
2431 5278 2524 5332 τοῦ
2570 5280 2939 5354 Σολομῶντος
2976 5288 3130 5347 εἶναι
3152 5294 3368 5364 λέγοιτο
3395 5296 3428 5363 ἡ
3471 5303 3664 5361 προφη-

2050 5369 2167 5420 τεία
2191 5408 2205 5431 ,
2254 5370 2535 5439 φήσομεν,
2575 5370 2663 5423 ὃτι
2699 5374 2871 5440 αὐτὸς
2911 5378 2942 5430 6
2999 5382 3306 5454 Σολομὼν,
3362 5381 3499 5435 Πνεύ

2053 5457 2393 5545 πληρωθεὶς,
2430 5460 2558 5530 τρία
2604 5461 2701 5514 διὰ
2737 5466 2958 5523 τούτων
3009 5474 3321 5545 παρίστησι
3370 5473 3654 5543 πρόσωπ’

2052 5546 2142 5598 τον
2171 5547 2325 5609 Θεὸν,
2361 5543 2406 5616 ᾧ
2435 5550 2534 5619 τὴν
2570 5552 2746 5626 εὐχὴν
2784 5558 3142 5630 ἀναπέμπει,
3312 5565 3405 5616 τὸν
3434 5557 3651 5630 βασιλέα.

2057 5636 2112 5688 ὃν
2161 5636 2426 5692 πέπειστο
2462 5640 2780 5708 βασιλεύειν
2814 5651 2928 5704 τῶν
2960 5654 3103 5707 ὅλων
3123 5696 3139 5719 ,
3173 5655 3378 5725 δηλαδὴ
3412 5654 3499 5705 τὸν
3547 5648 3655 5701 Υὲὸν
