3796 6370
152 312 291 364 793
1310 327 1802 383 COMMENTARIA
1841 329 1905 383 IN
1946 326 2277 384 PSALMDS.
3310 338 3411 391 rut

149 428 273 481 τοῦ
340 428 511 483 Θεοῦ’
563 435 662 487 καὶ
708 438 894 505 τρίτον
945 441 1002 492 ὃν
1046 442 1327 513 ἀνείληφεν
1386 445 1648 514 ἄνθρωποη

1913 446 2081 500 salmo
2118 444 2227 498 ait:
2264 460 2282 493 ι
2322 441 2431 512 Ego
2475 450 2654 498 autem
2678 444 3005 500 constitutus
3050 461 3168 501 sum
3220 462 3313 501 rex
3341 449 3409 501 ab

153 520 521 591 σπέρματος
536 523 703 577 Δαυῒδ
718 527 778 592 ἐξ
803 530 963 582 αὐτοῦ
993 548 1051 583 τε
1078 532 1170 584 τοῦ
1207 533 1544 603 Σολομῶντος
1570 552 1652 601 γεν

1910 550 1933 587 ι)
1962 550 2124 604 super
2158 532 2285 587 Sion
2316 542 2550 587 montem
2610 543 2855 588 sanctum
2907 535 3058 603 ejus,
3112 537 3409 606 praedicans

162 626 391 678 μενον,
419 613 612 683 ἓτερον
662 615 795 669 ὄντα
829 620 979 691 παρὰ
1018 622 1109 674 τὸν
1163 622 1380 691 βασιλέα
1409 624 1497 676 τὸν
1540 624 1625 677 διὰ

1910 631 2191 691 rarceptum
2228 622 2452 676 Domini.
2485 620 2744 677 Dominus
2792 622 2926 678 dixit
2963 626 3032 678 ad
3072 641 3190 681 me:
3240 625 3409 682 Filius

152 700 420 775 ψαλμοῦ
462 705 640 772 φᾶντα
661 722 675 737 ο
712 726 731 758 ‹
768 708 911 778 Ἐγὼ
945 711 999 764 δὲ
1040 714 1369 784 κατεστάθην
1403 714 1646 783 βασιλεὺς

1911 730 2021 768 ieus
2058 729 2116 767 es
2140 721 2217 775 tu,
2251 727 2352 781 ego
2397 713 2553 766 hodie
2577 715 2736 781 genui
2771 721 2843 767 te.
2890 712 3109 768 Postula
3136 730 3167 768 a
3194 732 3279 771 me
3303 755 3318 780 ,
3355 725 3410 771 et

152 792 365 845 αὐτοῦ
422 796 519 848 ἐπὶ
548 795 691 849 Σιὼν
745 800 869 871 ὅρος
921 802 1070 869 ἆγιον
1115 805 1275 857 αὑτοῦ
1300 843 1314 867 ,
1358 805 1651 873 διαγγέλλω

1913 804 2008 857 abo
2041 802 2134 856 tibi
2170 810 2355 871 gentes
2401 801 2765 855 haereditatem
2803 809 2980 866 tuam,
3021 811 3074 857 et
3119 806 3412 873 possessio-

154 884 541 956 πρόσταγμα
570 889 800 959 Κυρίου.
825 892 1025 962 Κύριος
1038 888 1157 946 εἷπε
1176 895 1306 965 πρὸς
1330 896 1395 965 μέ
1416 915 1428 929 ·
1459 897 1582 959 Υἱός
1599 914 1653 965 με

1911 908 1989 947 em
2039 901 2185 945 tuam
2234 892 2490 946 terminos
2545 899 2698 946 terra:
2726 892 2770 947 ’.
2827 911 2847 944 ›
2893 891 2988 947 His
3042 893 3185 946 enim
3229 905 3410 963 aperte

155 973 235 1025 σύ
267 992 285 1004 ·
334 978 461 1044 ἐγὼ
492 980 737 1050 σήμερον
756 983 1059 1053 γεγέννηκά
1097 1001 1175 1038 σε.
1209 986 1430 1057 Αίτησαι
1452 988 1579 1057 παρ’
1609 990 1654 1057 ἐι

1909 984 2212 1045 onstitutus,
2248 983 2360 1036 hac
2414 998 2444 1035 a
2489 981 2649 1035 Patre
2697 982 2880 1036 audit:
2916 1001 2934 1033 ι
2971 982 3138 1037 Filius
3170 999 3322 1038 meus
3351 1001 3408 1038 es

154 1064 273 1117 κάὶ
313 1064 491 1118 δώσω
528 1084 613 1121 σοι
648 1070 776 1139 ἔθνη
826 1072 924 1141 τὴν
972 1074 1325 1146 κληρονομίαν
1372 1092 1461 1129 σου
1483 1118 1496 1140 ,
1533 1078 1625 1129 καὶ

1907 1088 1945 1135 ι,
1978 1088 2077 1141 ego
2117 1072 2274 1126 hodie
2306 1071 2468 1140 genui
2500 1080 2567 1124 te.
2593 1070 2808 1125 Postula
2837 1086 2866 1123 a
2908 1086 3011 1136 me,
3044 1078 3096 1126 et
3137 1073 3274 1127 dabo
3313 1074 3406 1125 tibi

149 1156 541 1226 κατάσχεσίν
595 1176 688 1212 σου
735 1163 802 1214 τά
844 1162 1051 1231 πέρατα
1090 1165 1189 1233 τῆς
1228 1170 1346 1236 γῆς.
1382 1186 1399 1217 ›
1429 1167 1523 1219 Διὰ
1564 1167 1648 1219 τοῦ

1908 1168 2051 1214 entes
2098 1159 2460 1213 hereditatem
2509 1169 2675 1211 tuam.
2728 1177 2746 1208 ι
2800 1157 2955 1215 Novit
3006 1174 3168 1227 porro
3212 1165 3264 1212 et
3295 1159 3407 1226 ipse

150 1246 285 1315 γὰρ
307 1248 520 1315 σαφῶς
544 1253 842 1315 καταστάς,
862 1253 1041 1306 ἀκούει
1069 1257 1201 1323 πρὸς
1218 1257 1310 1309 τοῦ
1331 1259 1538 1328 Πατρός
1555 1275 1569 1288 ο
1594 1277 1612 1308 ι
1638 1260 1649 1309 Τ

1904 1248 2120 1301 alomon
2154 1246 2347 1300 Filium
2381 1245 2492 1308 Dei,
2518 1247 2609 1314 qui
2634 1247 2806 1314 ipsum
2841 1247 3155 1314 sapientiam
3174 1254 3331 1299 vocat
3350 1246 3403 1298 in

155 1352 281 1403 μου
350 1333 410 1390 εἴ
463 1339 573 1391 σύ’
633 1341 744 1408 ἐγὼ
794 1343 1026 1414 σήμερον
1070 1347 1370 1415 γεγέννηκά
1419 1364 1494 1399 σε.
1542 1346 1654 1399 Afri

1912 1336 2193 1398 roverbiis,
2227 1337 2314 1390 ubi
2340 1351 2405 1389 ex
2436 1336 2552 1405 ejus
2574 1351 2801 1403 persona
2838 1337 2915 1390 sic
2948 1337 3215 1405 loquitur:
3244 1356 3265 1388 ι
3297 1338 3406 1408 Ego

153 1430 313 1497 παρ’
342 1429 517 1499 ἐμοῦ,
548 1432 644 1482 καὶ
670 1431 825 1485 δώσω
857 1450 936 1485 σοι
965 1434 1088 1504 ἔθνη
1114 1437 1209 1506 τὴν
1238 1436 1591 1507 κληρονομίαν
1614 1455 1652 1489 σε

1904 1428 2140 1496 ορίθηῑὶο
2166 1427 2456 1479 inliabitavi
2492 1426 2793 1489 consilium,
2818 1435 2871 1480 et
2899 1425 3198 1491 scientiam,
3228 1433 3282 1478 et
3311 1441 3403 1481 co—

152 1512 301 1567 Οἷδε
357 1517 423 1569 δὲ
473 1519 573 1569 καὶ
621 1520 782 1582 αὐτὸς
821 1524 849 1574 ὁ
896 1523 1140 1592 Σολομὼν
1188 1525 1276 1576 τὸν
1310 1526 1433 1579 Υίὸν
1474 1527 1566 1579 τοῦ
1609 1527 1650 1579 Θ

1902 1523 2174 1575 itationem
2198 1536 2296 1589 ego
2318 1519 2580 1573 invocavi.
2606 1518 2705 1573 Per
2732 1534 2815 1572 me
2840 1532 2993 1586 reges
3023 1525 3247 1585 regnant
3269 1518 3344 1581 ¹⁰;
3381 1539 3398 1569 ι

155 1605 386 1673 σοφίαν
435 1608 726 1677 ὀνομάζων
755 1611 931 1674 αὑτὸν,
966 1613 1023 1664 ἐν
1054 1608 1133 1675 οἷς
1182 1613 1239 1676 ἐξ
1272 1615 1431 1667 αὑτοῦ
1478 1616 1654 1686 προσὼ

1903 1608 2181 1663 cdeinde:
2218 1627 2234 1659 ι
2286 1607 2543 1663 Dominus
2591 1607 2789 1661 creavit
2825 1622 2909 1660 me
2952 1606 3162 1658 initium
3196 1606 3402 1658 viarum

151 1696 217 1744 ὲν
277 1694 641 1766 Παροιμίαις
696 1698 819 1750 τάδε
855 1700 1049 1769 φησίν·
1090 1721 1108 1750 ι
1166 1700 1303 1770 Ἐγὼ
1348 1704 1380 1773 ή
1419 1704 1583 1771 Σοφία
1630 1723 1650 1756 a

1899 1715 2083 1752 uarum
2116 1699 2168 1751 in
2207 1712 2368 1765 opera
2408 1713 2504 1750 sua
2532 1715 2544 1748 :
2582 1704 2704 1748 ante
2740 1695 2993 1749 saeculum
3020 1694 3259 1747 fundavit
3290 1708 3395 1755 me,

154 1786 480 1852 εσχήνωσα
508 1786 725 1856 βουλὴν,
756 1789 848 1840 καὶ
875 1790 1069 1857 γνῶσιν
1095 1792 1186 1843 καὶ
1204 1791 1405 1845 ἔννοιαν
1436 1793 1543 1861 ἐγὼ
1566 1795 1653 1846 ὲπε

1901 1799 2144 1859 ntequam
2180 1796 2390 1842 montes
2418 1788 2811 1841 collocarentur
2838 1805 2850 1840 :
2884 1794 3006 1839 ante
3029 1800 3216 1839 omnes
3239 1785 3400 1838 colles

154 1873 460 1945 λεσάμην.
491 1878 575 1927 Δι’
603 1876 737 1945 ἐμοῦ
772 1878 1009 1946 βασιλεῖς
1035 1880 1397 1949 βασιλεύουσιο
1429 1901 1447 1932 ι
1484 1884 1573 1935 καὶ
1604 1884 1653 1947 ἐξ

1902 1879 2031 1947 ignit
2060 1893 2145 1932 me
2168 1879 2230 1932 ¹¹.
2268 1897 2285 1928 ι
2313 1875 2498 1930 Proles
2529 1877 2691 1946 igitur
2720 1875 2811 1929 Dei
2844 1885 2926 1929 est
2954 1875 3215 1942 sapientia
3236 1884 3290 1930 et
3312 1872 3401 1927 Fi-

162 1982 183 2013 (
232 1963 471 2034 Κύριος
523 1965 708 2017 ἐκτισέ
773 1985 837 2036 με
877 1970 1044 2038 ἀρχὴν
1084 1970 1216 2022 ὁδῶν
1280 1971 1440 2023 αὐτοῦ
1501 1974 1579 2034 εἰς
1628 1973 1661 2042 ἔγ

1902 1980 1964 2019 us
2013 1965 2130 2032 ejus
2177 1964 2528 2033 Unigeuitus:
2580 1965 2752 2032 deque
2803 1965 2895 2016 illo
2952 1964 3203 2017 Salomon
3262 1965 3399 2017 banc

154 2054 371 2106 αὑτοῦ.
416 2055 534 2124 Πρὸ
562 2055 657 2107 τοῦ
698 2055 889 2120 αἰῶνος
918 2058 1236 2127 ἐθεμελίωσέ
1265 2078 1351 2129 με,
1391 2061 1494 2129 πρὸ
1529 2061 1621 2113 τοῦ

1894 2050 2036 2103 undit
2052 2052 2346 2104 oralionem
2368 2050 2580 2105 dicens:
2613 2070 2630 2100 ι
2658 2049 3089 2117 Deus,judiciutn
3113 2059 3260 2104 tuum
3286 2053 3393 2112 regi

157 2144 538 2214 ἑδρασθῆναι
564 2162 579 2176 ·
636 2146 742 2217 πρὸ
798 2146 855 2197 δὲ
905 2147 1118 2199 πάντων
1173 2148 1369 2217 βουνῶν
1412 2152 1570 2219 γεννᾷ
1623 2168 1656 2220 μ

1900 2155 1949 2202 a,
1987 2158 2005 2191 ι
2036 2141 2247 2207 scilicet
2278 2139 2558 2209 Unigenito
2585 2139 2761 2193 Verbo
2806 2148 2919 2193 tuo.
2956 2139 3091 2204 Quia
3122 2141 3264 2195 enim
3308 2143 3399 2211 ju-

158 2233 445 2304 Γεννημᾶ
476 2235 659 2288 τοίνυν
707 2236 798 2288 τοῦ
826 2237 960 2289 Θεοῦ
985 2239 1016 2307 ή
1066 2239 1221 2307 σοφία
1263 2242 1354 2292 καὶ
1381 2243 1409 2293 ό
1443 2241 1566 2303 Υίδς
1596 2242 1657 2293 αὖ

1899 2230 2052 2284 icasti
2090 2238 2145 2283 ut
2174 2230 2227 2283 in
2258 2238 2401 2284 terra
2436 2230 2725 2292 videretur,
2762 2237 2819 2282 ut
2846 2246 2950 2283 non
2982 2232 3138 2283 modo
3164 2231 3398 2285 coelesti-

156 2327 189 2377 ὁ
218 2326 600 2395 Μονογενής·
638 2326 734 2378 καὶ
785 2328 915 2397 περὶ
941 2328 1100 2379 αὑτοῦ
1142 2328 1237 2397 τὴν
1280 2328 1552 2399 παροῦσαν
1598 2330 1655 2380 εὐ

1897 2337 1981 2384 us,
2004 2321 2097 2375 sed
2122 2322 2282 2375 etiam
2315 2320 2541 2373 terrenis
2570 2327 2847 2388 regnaret;
2877 2320 2977 2372 hoc
3007 2319 3267 2386 judicium
3283 2321 3395 2389 jam

159 2415 509 2485 ἀναπέμπει
545 2416 575 2465 ὁ
608 2415 856 2484 Σολομὼν
886 2416 1129 2484 φάσκων
1170 2438 1187 2467 ι
1225 2418 1279 2470 '0
1302 2418 1450 2483 Θεὸς,
1480 2418 1540 2470 τὸ
1584 2436 1651 2490 κρ

1895 2427 2071 2467 emum
2109 2411 2175 2465 ad
2223 2410 2508 2481 terminum
2566 2409 2878 2464 deducatur.
2938 2410 3210 2465 Justitiam
3269 2412 3394 2465 item

162 2520 268 2557 σου
324 2506 410 2576 τῷ
446 2506 664 2575 βασιλεῖ
709 2506 830 2570 δὸς,
876 2524 897 2559 ι
935 2508 1089 2577 δῆλον
1134 2508 1177 2560 δ’
1220 2509 1301 2560 ὅτι
1348 2508 1425 2577 τῷ
1473 2511 1661 2575 Μονογε

1898 2515 1998 2555 tam
2035 2501 2141 2554 lilio
2171 2501 2311 2570 regis
2333 2538 2348 2563 ,
2387 2515 2419 2553 ο
2450 2498 2590 2553 Deus
2614 2539 2628 2561 ,
2660 2500 2893 2554 concede
2921 2518 2933 2553 :
2968 2500 3054 2554 hic
3094 2516 3221 2555 vero
3255 2500 3397 2555 ﬁlius

162 2595 341 2665 Λόγῳ
372 2612 496 2647 σου.
537 2594 760 2665 Ἐπειδὴ
794 2594 900 2666 γὰρ
924 2596 1139 2667 ἔκρινας
1168 2598 1325 2650 αὑτὸν
1350 2598 1440 2650 ἐπὶ
1463 2597 1565 2666 γῆς
1593 2599 1659 2666 ὀφ

1894 2588 1997 2657 egis
2046 2587 2362 2655 intelligitur
2390 2586 2684 2640 secundum
2718 2600 2934 2640 carnem
2963 2602 3029 2640 ex
3061 2587 3262 2642 semine
3293 2587 3393 2641 Da-

162 2701 285 2747 ναι,
316 2686 414 2737 ἴνα
450 2686 529 2754 μὴ
572 2686 732 2754 μόνον
765 2686 872 2737 τῶν
906 2687 1024 2738 κατ’
1057 2686 1317 2758 οὐρανῶν,
1354 2686 1490 2740 ἀλλὰ
1530 2688 1621 2740 καὶ
1648 2705 1661 2736 π

1896 2678 1962 2740 id,
1994 2693 2152 2747 quem
2185 2676 2276 2730 Dei
2301 2675 2554 2739 Verbum,
2588 2677 2727 2746 quod
2763 2686 2919 2730 antea
2942 2678 3255 2742 exsistebat,
3290 2678 3395 2732 sibi

167 2772 268 2823 ἐπὶ
300 2773 413 2841 γῆς
443 2772 728 2841 βασιλεύῃ,
750 2772 903 2825 τοῦτο
925 2774 985 2825 τὸ
1010 2774 1180 2844 κρίμα
1203 2776 1301 2845 ἤδη
1324 2774 1452 2827 ποτὲ
1480 2776 1569 2827 ἐπὶ
1587 2776 1666 2844 πέι

1891 2784 1917 2820 x
1968 2766 2167 2836 Spiritu
2216 2774 2403 2821 sancto
2464 2774 2516 2820 et
2573 2774 2760 2821 sancta
2804 2765 3021 2835 Virgine
3080 2767 3390 2821 constituit:

164 2860 432 2928 ἀγέσθω·
467 2864 568 2914 καὶ
601 2862 698 2931 τὴν
727 2862 1064 2933 δικαιοσύνην
1093 2864 1150 2916 δὲ
1177 2866 1274 2934 τὴν
1307 2865 1401 2935 σὴν
1430 2866 1507 2936 τῷ
1533 2866 1632 2935 υἱῷ
1660 2886 1663 2898 .

1893 2871 2009 2910 nem
2045 2856 2177 2909 item
2211 2863 2341 2924 puto
2375 2853 2713 2908 Salomonem
2768 2854 2822 2906 in
2868 2853 3171 2916 Proverbiis
3204 2854 3392 2909 subin-

168 2950 456 3016 βασιλέως
485 2952 599 3014 δὸς,
625 2952 816 3015 όΘεός·
835 2953 948 3005 υίοῦ
972 2953 1230 3022 βασιλέως
1254 2956 1481 3009 ἐνταῦθα
1504 2955 1595 3007 τοῦ
1615 2972 1667 3009 κε

1896 2949 2033 3001 icare
2057 2947 2139 2999 bis
2162 2946 2375 3001 verbis:
2412 2964 2429 2995 ι
2467 2946 2597 3009 Quis
2626 2946 2866 2999 ascendit
2897 2947 2947 2999 in
2978 2948 3171 3001 malum
3212 2960 3264 3002 et
3300 2947 3395 3000 de-

165 3040 362 3111 σάρκα
379 3041 680 3111 νοουμένου
711 3045 775 3094 ὲκ
800 3042 1107 3113 σπέρματος
1118 3044 1295 3107 Δαυῒδ,
1318 3045 1375 3096 ὃν
1401 3045 1557 3106 αὐτὸς
1580 3046 1664 3096 ὲαυ

1893 3038 2068 3092 endit?
2100 3037 2233 3102 Quis
2292 3038 2631 3107 congregavit
2692 3045 2880 3091 ventos
2944 3038 2997 3091 in
3046 3039 3212 3092 sinu?
3261 3038 3392 3103 Quis

164 3129 196 3181 ὁ
257 3129 456 3199 προὼν
488 3128 590 3182 τοῦ
622 3129 755 3183 Θεοῦ
806 3131 977 3203 Λόγος
1018 3131 1076 3195 ἐξ
1121 3134 1271 3200 ἁγίου
1311 3134 1620 3203 Πνεύματος
1657 3150 1663 3185 :

1893 3128 2112 3179 )nvertit
2138 3139 2327 3192 aquam
2370 3124 2424 3176 in
2452 3123 2874 3177 vestimentum?
2917 3124 3048 3188 Quis
3084 3124 3392 3178 dominatus

162 3216 271 3286 τῆς
300 3219 480 3287 ἁγίας
504 3219 791 3292 Παρθένου
837 3202 1193 3292 συνεστήσατο
1212 3239 1226 3253 ο
1253 3223 1309 3274 ὃν
1344 3224 1436 3275 καὶ
1460 3202 1519 3273 έν
1557 3223 1661 3290 Ila;

1893 3224 1933 3268 st
1955 3214 2191 3268 omnium
2234 3214 2418 3267 ﬁnium
2473 3213 2664 3267 teme?
2694 3212 2843 3276 Quod
2883 3228 3075 3266 nomen
3124 3213 3241 3281 ejus
3267 3253 3280 3276 ,
3340 3223 3392 3267 et

171 3306 333 3387 μίαις
359 3314 706 3372 αἰνίττεσθαι
740 3313 828 3366 τὸν
845 3312 1158 3382 Σολομῶντα
1178 3313 1309 3382 ήγοῦ
1319 3331 1411 3382 μαι
1435 3315 1500 3366 δι’
1519 3306 1591 3364 ὧν
1606 3305 1670 3383 ’γε

1891 3306 1988 3360 uod
2013 3321 2206 3360 nomen
2238 3305 2345 3358 lilio
2399 3305 2517 3373 ejus
2542 3304 2624 3356 "?
2659 3323 2677 3354 ι
2735 3302 2823 3358 Sie
2860 3304 2999 3357 enim
3055 3304 3390 3371 interpretati

168 3422 264 3474 φει
280 3407 486 3476 λέγων’
502 3428 516 3455 ι
532 3405 631 3468 Τίς
658 3404 822 3473 ἀνέϐη
843 3404 921 3465 είς
936 3403 1023 3455 τὸν
1042 3404 1262 3473 οὐρανὸν
1278 3404 1368 3455 καὶ
1395 3404 1593 3472 κατέόη
1617 3419 1631 3466 ;
1657 3403 1667 3420 ’

1889 3404 1984 3450 unt
2025 3398 2237 3465 reliqui,
2267 3396 2456 3465 Aquila
2506 3396 2711 3449 scilicet
2747 3395 2967 3447 dicens:
3019 3412 3038 3443 ι
3075 3393 3228 3459 Quod
3290 3409 3388 3446 no-

169 3497 499 3567 συνήγαγεν
527 3494 761 3564 ἀνέμους
788 3495 844 3545 ὲν
868 3493 1078 3562 κόλπῳς
1109 3493 1203 3554 Τίς
1230 3494 1580 3563 συνέστρεψεν
1611 3493 1668 3545 ὖδ

1891 3502 1966 3539 ien
1997 3486 2134 3554 ipsi,
2175 3493 2227 3539 et
2271 3484 2411 3553 quod
2449 3498 2639 3536 nomen
2674 3483 2781 3535 ﬁlio
2826 3483 2975 3551 ejus?
3015 3502 3032 3533 ι
3096 3481 3390 3536 Tbeodotio

167 3587 228 3636 ὲν
249 3586 470 3655 ἱματίῳ
495 3601 511 3648 ;
536 3583 634 3645 Τίς
650 3583 917 3653 ἐκράτησε
940 3582 1152 3634 πάντων
1170 3582 1275 3633 τῶν
1298 3582 1477 3651 ἄκρων
1498 3585 1596 3651 τῆς
1616 3582 1666 3648 γὶ

1900 3575 2126 3638 militer,
2183 3591 2202 3624 ι
2240 3574 2391 3638 Quod
2444 3588 2637 3628 nomen
2684 3574 2835 3641 ejus,
2895 3580 2947 3626 et
2997 3571 3139 3641 quod
3195 3586 3390 3625 nomen

167 3675 235 3727 Τί
257 3676 441 3748 ὃνομα
475 3672 648 3742 αὐτῷ,
677 3674 767 3725 καὶ
797 3672 850 3723 τί
875 3672 1039 3740 ὄνομα
1069 3671 1145 3741 τῷ
1170 3670 1283 3740 Υίῷ
1314 3671 1508 3736 αὐτοῦς
1541 3690 1559 3721 ι
1597 3671 1666 3722 υῠ

1892 3665 1956 3720 lio
1989 3665 2148 3732 ejus?
2181 3685 2199 3715 ι
2235 3663 2392 3718 Clare
2428 3664 2570 3719 enim
2603 3664 2694 3732 qui
2724 3663 2810 3716 hic
2844 3662 3013 3716 fertur
3032 3669 3188 3717 terra:
3225 3662 3391 3730 impc-

166 3760 282 3831 γὰρ
320 3763 692 3835 ἡρμήνευσαν
723 3760 771 3811 oi
815 3759 1017 3811 λοιποίο
1056 3759 1084 3809 ὁ
1130 3759 1225 3827 μὲν
1285 3759 1509 3822 Ἀκύλας
1544 3758 1665 3811 simi

1892 3768 2014 3816 isse,
2039 3754 2384 3809 descendisse
2426 3763 2478 3807 et
2503 3752 2811 3807 ascendisse
2844 3752 2897 3805 in
2928 3751 3148 3817 caelum,
3178 3759 3229 3804 et
3266 3751 3391 3805 reli-

174 3867 194 3900 c
226 3852 297 3902 Τί
324 3854 515 3921 ὄνομα
549 3848 716 3918 αὐτῷ,
742 3850 835 3901 καὶ
856 3848 907 3901 τί
934 3849 1099 3918 ὄνομα
1130 3846 1211 3915 τῷ
1244 3848 1353 3917 Υἱῴ
1378 3848 1576 3913 αὐτοῦς
1609 3868 1627 3899 ι
1657 3866 1673 3900 >

1896 3857 1950 3895 ia
1996 3841 2301 3910 peregisse,
2364 3856 2481 3910 qua:
2529 3840 2744 3894 nonnisi
2795 3855 2887 3907 per
2930 3838 3099 3891 otium
3138 3837 3395 3906 explicari

169 3942 198 3993 ὁ
219 3941 537 3996 Θεοδοτίων
554 3939 753 4009 ὁμοίως
770 3955 782 3968 ο
796 3957 814 3989 ι
833 3938 896 3989 Τί
924 3937 1088 4007 ὄνομα
1119 3936 1282 4006 αὐτῷ,
1304 3938 1394 3990 καὶ
1409 3938 1459 3990 τί
1485 3938 1651 4008 ὄνομα

1897 3938 2091 3994 )ssunt,
2122 3931 2303 3984 nullus
2330 3931 2467 3983 alius
2496 3944 2655 3998 quam
2687 3927 2854 3980 Filius
2895 3925 2989 3979 Dei
3042 3926 3242 3991 fuerit,
3302 3924 3396 3993 qui

170 4028 293 4098 Υἱῷ
325 4028 547 4091 αὑτοῦ;
577 4046 595 4077 ι
639 4026 828 4094 Σαφῶς
863 4025 971 4095 γὰρ
1001 4028 1057 4078 ὲν
1101 4025 1308 4088 τούτοις
1350 4028 1445 4096 μὲν
1475 4028 1669 4098 κρατή(

1897 4037 1959 4076 ec
1990 4021 2104 4090 ipsa
2137 4021 2362 4076 docebat
2408 4020 2494 4074 bis
2542 4019 2717 4073 verbis
2751 4036 2762 4071 :
2808 4035 2825 4065 ι
2862 4014 3030 4068 Nemo
3066 4014 3306 4069 ascendit
3338 4016 3396 4067 in

170 4119 273 4187 τῆς
306 4123 442 4191 γῆς,
481 4118 580 4170 καὶ
611 4113 998 4185 καταὸεϐηκὼς
1025 4115 1116 4167 καὶ
1147 4112 1378 4167 ἀνελθὼν
1403 4116 1482 4178 είς
1505 4116 1669 4186 οὑραν

1893 4111 2080 4175 mlum,
2135 4110 2239 4164 nisi
2289 4109 2378 4178 qui
2411 4109 2475 4162 de
2508 4109 2643 4162 cmlo
2694 4102 2970 4159 descendit
3021 4099 3188 4154 Filius
3218 4101 3392 4153 homi-

170 4209 244 4260 τά
274 4227 335 4262 τε
370 4189 549 4262 λοιπὰ
576 4206 801 4275 δεόμενα
824 4205 921 4273 τῆς
953 4204 1089 4256 κατὰ
1119 4204 1307 4275 σχολὴν
1332 4204 1619 4276 ἑρμηνείας
1657 4223 1669 4255 1

1890 4204 1930 4255 is
1962 4201 2026 4252 η.
2067 4219 2085 4251 ι
2125 4199 2227 4265 Qui
2256 4207 2433 4252 autem
2484 4197 2572 4250 hic
2601 4194 2766 4248 Filius
2796 4192 2911 4260 ejus
2950 4189 3166 4251 dicitur,
3198 4203 3389 4242 secun-

176 4300 458 4369 ποιηκὼς,
494 4297 670 4358 οὐδεὶς
700 4295 765 4348 ἂν
790 4294 992 4362 γένοιτο
1011 4293 1191 4364 ἕτερος
1207 4294 1300 4348 τοῦ
1326 4293 1454 4347 Υίοῦ
1477 4294 1569 4346 τοῦ
1591 4294 1675 4346 Θει

1891 4307 1972 4344 um
2006 4306 2222 4346 carnem
2258 4289 2607 4358 intelligatur,
2638 4300 2795 4353 quam
2818 4297 2881 4336 ex
2914 4279 3117 4334 semine
3150 4276 3315 4331 David
3338 4284 3390 4331 et

174 4390 235 4453 ὃς
262 4392 414 4445 αὐτὰ
443 4390 510 4457 δὴ
540 4387 712 4440 ταῦτα
736 4384 994 4437 διδάσκων
1032 4383 1213 4450 ἔλεγεν
1234 4400 1247 4413 ο
1288 4402 1306 4435 ι
1335 4384 1518 4447 Οὐδεὶς
1552 4384 1673 4437 άναε

1122 4399 1213 4450 γεν
1234 4400 1247 4413 ο
1288 4402 1306 4435 ι
1335 4384 1518 4447 Οὐδεὶς
1552 4383 1745 4437 ἀναϐέ-
1847 4382 2151 4438 Salomonis
2179 4380 2371 4434 factam
2402 4381 2621 4445 accepit.

178 4480 350 4551 δηκεν
384 4484 472 4544 είς
503 4480 596 4532 τὸν
627 4478 851 4547 οὐρανὸν
890 4478 940 4529 εί
976 4477 1050 4545 μὴ
1075 4477 1103 4527 ὁ
1127 4478 1191 4528 ὲκ
1221 4474 1314 4528 τοῦ
1358 4477 1579 4546 οὐρανοῦ
1612 4477 1848 4539 καταϐὰς
1886 4478 1915 4529 ὁ
1972 4476 2096 4537 Υἱὸς
2142 4474 2233 4527 τοῦ
2281 4471 2588 4543 ἀνθρώπου·
2639 4488 2656 4519 ι
2696 4469 2751 4519 '0
2776 4466 2817 4516 δ’
2844 4464 3068 4516 ἐνταῦθα
3094 4461 3398 4531 »λεγόμενος

177 4573 346 4627 αὐτοῦ
386 4573 523 4633 Υίὸς
553 4571 636 4639 εἴη
665 4569 730 4621 ἂν
763 4571 791 4621 ὁ
811 4568 950 4620 κατὰ
999 4568 1171 4638 σάρκα
1199 4567 1499 4637 νοούμενος,
1524 4569 1589 4639 ἢν
1648 4569 1933 4639 ἀνείληφεν
1962 4570 2026 4620 ὲκ
2060 4568 2369 4636 σπέρματος
2400 4561 2557 4615 Δαυῒδ
2590 4560 2677 4613 καὶ
2710 4556 3041 4626 Σολομῶντος
3077 4554 3389 4623 γενομένην.

263 4683 412 4737 Ἀλλ’
454 4681 582 4734 ἐπεὶ
615 4679 876 4732 Ἰουδαίων
905 4678 1086 4741 παῖδες
1124 4678 1224 4740 τὰς
1257 4681 1616 4749 προκειμένας
1644 4682 1749 4733 τῶν

1921 4679 2023 4735 Sed
2049 4681 2173 4748 quia
2202 4678 2370 4732 Judaei
2399 4677 2495 4730 has
2538 4670 2948 4725 Proverbiorum
2984 4682 3139 4720 voces
3170 4668 3394 4718 univer-

179 4769 513 4843 Παροιμιῶν
545 4768 723 4838 φωνὰς
753 4770 831 4830 είς
861 4769 949 4820 τὸν
986 4770 1076 4820 ἐπὶ
1105 4770 1315 4822 πάντων
1352 4768 1481 4820 Θεὸν
1521 4772 1678 4834 άνάξο

1897 4786 2022 4823 rrum
2054 4770 2159 4824 Deo
2209 4768 2460 4825 referent,
2494 4764 2793 4818 nescientes
2842 4758 3033 4813 Filium
3092 4756 3187 4809 Dei
3242 4757 3396 4809 hisce

182 4874 285 4923 σιν,
311 4866 418 4916 οὐκ
452 4862 655 4921 εἰδότες
676 4860 765 4912 τὸν
790 4860 913 4911 Υίὸν
926 4859 1017 4910 τοῦ
1049 4858 1201 4920 Θεοῦ,
1224 4856 1455 4908 δεικτέον
1477 4861 1657 4923 αὐτοῖς

1893 4862 2020 4915 :rbis
2057 4860 2211 4929 quasi
2248 4873 2372 4912 vere
2411 4855 2599 4908 Filium
2630 4853 2720 4905 Dei
2753 4847 3227 4904 demonstrandum
3261 4848 3392 4916 ipsis

178 4948 285 4999 τῶν
313 4950 705 5021 προκειμένων
727 4951 800 5012 ὡς
838 4949 962 5000 Υίὸν
999 4948 1151 5010 Θεοῦ,
1188 4946 1369 5013 σαφῶς
1394 4950 1488 4999 καὶ
1525 4951 1677 5020 διαρῥ

1893 4965 1985 5012 sse,
2013 4949 2064 5001 id
2099 4948 2242 5001 clare
2274 4953 2328 4999 et
2362 4950 2541 5013 aperte
2569 4940 2845 5006 Scriptura
2896 4938 3133 4990 declarat
3165 4936 3249 4988 his
3278 4950 3392 4988 ver-

180 5033 272 5102 δην
303 5040 649 5110 παρίστησιν
674 5040 706 5107 ἡ
744 5036 931 5110 Γραφὴ
959 5036 1181 5103 λέγουσα
1200 5051 1213 5063 ·
1255 5051 1273 5082 ι
1298 5033 1359 5083 Τί
1376 5034 1551 5103 ὄνομα
1579 5041 1677 5090 αὐτ

1884 5040 1961 5093 is:
1991 5057 2009 5089 ι
2032 5037 2185 5103 Quod
2212 5051 2405 5089 nomen
2432 5033 2569 5100 ejus,
2588 5039 2640 5085 et
2662 5030 2803 5098 quod
2828 5043 3019 5081 nomen
3038 5024 3173 5078 Filio
3192 5027 3335 5094 ejus?
3365 5045 3383 5076 ι

180 5126 270 5176 καὶ
287 5132 349 5183 τί
382 5131 557 5197 ὄνομα
590 5127 669 5196 τῷ
699 5127 809 5196 Υίῷ
840 5125 1030 5189 αὑτοῦ;
1065 5144 1081 5175 ι
1109 5124 1327 5176 Φάσκων
1354 5121 1408 5173 δὲ
1438 5125 1468 5174 ὁ
1509 5125 1661 5192 λόγος

1895 5144 1983 5182 um
2031 5137 2203 5181 autem
2233 5124 2509 5192 Scriptura
2549 5122 2601 5173 in
2636 5120 2840 5187 psalmo
2874 5119 3027 5178 dicit,
3064 5134 3080 5165 ι
3120 5114 3283 5175 Deus,
3310 5117 3392 5183 ju.

182 5213 255 5282 τῷ
278 5218 494 5289 ψαλμῷ
520 5234 532 5243 ο
558 5237 577 5267 ι
612 5218 670 5269 Ὀ
697 5217 845 5279 Θεὸς,
869 5218 928 5268 τὸ
950 5216 1113 5286 κρίμα
1142 5228 1235 5263 σου
1258 5209 1330 5278 τῷ
1359 5210 1581 5287 βασιλεῖ
1602 5217 1681 5279 δδς

1888 5220 2048 5274 icium
2100 5225 2247 5269 tuum
2296 5215 2404 5281 regi
2445 5210 2545 5274 da;
2588 5228 2605 5258 ι
2649 5209 2920 5261 diversum
2962 5221 3081 5260 esse
3124 5205 3387 5272 judicium

184 5300 314 5358 ἄλλο
344 5288 485 5361 εἶναι
508 5306 569 5358 τὸ
589 5305 763 5374 κρίμα
788 5306 930 5375 παρὰ
951 5304 1043 5374 τὴν
1067 5300 1243 5371 κρίσιν
1264 5298 1532 5354 διδάσκει.
1556 5288 1683 5375 Κρίι

1906 5307 2235 5376 judicatione
2262 5304 2434 5357 docet.
2463 5297 2592 5349 Nam
2642 5297 2904 5365 judicium
2938 5304 3021 5349 est
3048 5296 3190 5361 quod
3223 5298 3388 5350 semel

183 5391 289 5463 γὰρ
329 5399 393 5450 τὸ
425 5395 574 5458 ἅπαξ
604 5394 758 5458 δόξαν
784 5393 859 5461 τῷ
882 5393 990 5461 Θεῷ
1017 5390 1100 5443 καὶ
1126 5386 1187 5436 τὸ
1218 5385 1396 5453 κριθὲν
1427 5393 1569 5459 παρ’
1595 5394 1682 5444 αὑει

1887 5413 1954 5453 ἰεο
1994 5396 2244 5465 placitum
2279 5402 2331 5445 et
2355 5387 2647 5456 judicatutu
2683 5392 2802 5450 est;
2833 5384 3093 5451 judicatio
3140 5398 3271 5437 vero
3302 5392 3386 5438 est

189 5489 474 5556 ’τυγχάνει⁸
524 5486 702 5555 κρίσις
741 5482 798 5534 δὲ
844 5482 941 5534 τῶν
983 5472 1300 5550 κρινομένων
1337 5476 1666 5547 διάκρισις,

1887 5502 2029 5541 orum
2057 5499 2173 5553 quae
2197 5482 2503 5550 judicantur
2534 5488 2775 5535 examen,
2812 5473 2952 5540 quod
3004 5471 3250 5539 sequitur
3288 5488 3386 5541 pro

255 5657 685 5725 .psal,..,o-8.
765 5645 1213 5708 '°Prov.vm,12.
1295 5650 1754 5719 “ibid.‘22,

1319 5650 1517 5704 ‘ibid.
1550 5653 1642 5719 ‘22,
1845 5661 1883 5691 ¹¹
1914 5657 2069 5711 Prov.
2093 5655 2178 5709 '50,
2206 5654 2255 5707 .L
2369 5650 2408 5679 ⁸³
2437 5646 2586 5700 Joan.
2614 5661 2692 5708 ttt,
2738 5646 2818 5698 i5.
