3796 6356
133 281 233 334 τοι
1329 283 1732 352 commeans

1857 287 1920 340 IN
1959 287 2290 343 PSALMOS.
3288 297 3392 350 τοις

155 376 441 456 1.1139??-
488 387 872 452 προφητείαν,
916 383 1015 442 ᾆδε
1061 391 1350 459 λέγουσαν·
1397 413 1413 443 ι
1459 397 1624 464 Χαῖρε
1669 413 1732 448 κα

1866 415 1883 445 t
1921 397 2105 451 Gaude
2136 405 2189 451 et
2219 398 2419 459 hctarc,
2453 397 2554 449 filia
2591 395 2741 451 Sion.
2772 399 2908 454 Ecce
2944 416 3036 454 rex
3071 409 3195 457 tuus
3225 411 3389 469 venit,

167 465 510 543 εὺφραίνου,
549 468 793 542 θύγατερ
817 477 968 530 Σιών.
988 478 1112 530 Ἰδοὺ
1143 480 1169 529 ὁ
1200 478 1440 548 βασιλεύς
1485 498 1574 532 σου
1612 480 1732 551 ἕρχε

1859 494 1910 540 et
1943 487 2203 540 habitabit
2232 487 2284 538 in
2319 487 2493 539 tttetiio
2528 488 2624 548 tui,
2651 489 2781 541 dicit
2812 489 3086 546 Dominus.
3114 491 3176 544 Et
3205 465 3392 546 confu;

184 578 302 621 ται,
344 558 437 610 xal
459 564 878 630 κατασκηνώσει
913 569 968 617 ὲν
1013 568 1158 636 μέσῳ
1190 585 1302 634 σου,
1354 569 1496 636 λέγει
1539 570 1732 640 Κύριος

1857 578 2002 646 gient
2031 585 2213 644 gentes
2246 577 2427 629 multa:
2471 577 2537 629 ad
2563 575 2869 643 Dominum,
2903 588 2956 633 et
2984 593 3140 636 erunt
3170 583 3299 636 mihi
3333 584 3390 637 in

193 650 315 701 Kal
344 648 776 717 καταφεύξονται
812 653 937 725 ἔθνη
968 657 1132 708 πολλὰ
1169 657 1257 708 ἐπὶ
1293 658 1381 710 τὸν
1413 659 1636 729 Κύριον,
1668 677 1732 710 κα

1858 668 2134 736 populum,
2159 676 2212 720 et
2237 682 2336 736 ego
2367 682 2460 721 ero
2488 667 2568 721 cis
2601 667 2655 720 in
2705 667 2894 721 Deum.
2949 669 3014 723 Et
3063 684 3390 740 cognoscent

191 737 416 788 ἔσονταί
460 754 552 806 μοι
583 740 662 800 είς
697 739 854 804 λαὸν,
893 745 1042 810 κάγὼ
1083 744 1268 814 ἔσομαι
1299 748 1476 809 αὐτοῖς
1505 750 1582 809 είς
1608 748 1732 799 Θεόν

1854 759 1978 826 quia
2009 756 2270 810 Dominus
2303 759 2643 825 omnipotens
2672 760 2819 812 misit
2855 775 2939 813 me
2975 761 3038 813 ad
3071 769 3122 814 te
3145 765 3209 816 ¹⁹.
3246 783 3262 814 ι
3296 764 3390 819 His

188 827 310 879 Kal
377 827 715 894 γνώσονται,
767 833 847 884 ὅτι
908 832 1106 904 Κύριος
1163 838 1544 908 παντοκράτωρ
1591 839 1726 904 ὲξαπ

1853 847 2048 916 quippe
2074 846 2356 907 Dominus,
2408 862 2471 899 ex
2518 847 2767 916 gentibus
2818 863 2895 912 se,
2930 863 3036 900 non
3064 864 3129 902 ex
3164 848 3388 903 Jtttlait‘a

186 913 434 966 ἑσταλκέ
469 933 538 984 με
564 917 699 986 πρὸς
728 919 807 972 σέ.
833 939 850 971 ι
872 919 1184 992 Σαφῶς’γάρ
1204 923 1287 975 διὰ
1306 923 1504 977 τούτων
1525 925 1628 976 ἁτιὸ
1650 925 1732 976 τῷ·

1854 913 2028 1002 gente,
2057 933 2156 986 sibi
2185 935 2438 1002 populum
2465 913 2911 1002 congregaturum
2938 949 3058 988 esse
3104 937 3388 1003 perspicue

179 1003 391 1065 ἐθνῶν,
429 1005 547 1056 ἀλλ’
579 1007 677 1058 οὐκ
704 1007 808 1058 ἀπὸ
842 1009 934 1060 τοῦ
981 1010 1241 1062 Ἰουδαίων
1273 1011 1452 1074 ἔθνους
1483 1012 1732 1076 συντάξει·

1853 1021 2150 1077 denuntiat.
2196 1021 2335 1076 Huic
2387 1037 2515 1076 sane
2562 1024 2758 1091 populo
2789 1025 3016 1078 virtutes
3060 1041 3178 1093 quae
3225 1041 3387 1093 supra

179 1092 360 1155 αὐτὸς
395 1093 581 1163 ἑαυτῷ
600 1094 728 1147 λαὸν
756 1097 783 1147 ὁ
813 1096 1010 1166 Κύριος
1040 1097 1456 1165 εὐαγγελίζεται.
1485 1098 1664 1168 Τούτῳ
1691 1099 1732 1150 δί

1851 1113 2106 1165 mundum
2149 1120 2201 1165 et
2237 1112 2492 1180 angelica:
2543 1121 2689 1177 sunt,
2749 1113 2837 1166 hic
2885 1123 3096 1166 montes
3129 1120 3182 1166 et
3220 1115 3386 1167 colles
3443 1168 3450 1175 ,

176 1178 280 1232 οὖν
320 1181 400 1250 τῷ
430 1183 550 1252 λαῷ
576 1185 630 1235 αἱ
653 1185 905 1255 δυνάμεις
932 1187 985 1238 ai
1018 1187 1363 1256 ὑπερκόσμιοι
1397 1189 1486 1239 καὶ
1514 1188 1568 1240 αἱ
1593 1188 1732 1254 ὀιγγε¹

1849 1211 2071 1264 vocata,
2098 1201 2164 1253 ad
2189 1201 2339 1269 pacis
2383 1200 2722 1254 conditiones
2760 1211 3055 1266 venerunt;
3089 1218 3206 1272 qua:
3236 1204 3384 1270 olim,

173 1271 362 1334 λικαὶ,
394 1272 501 1342 ὅρη
537 1274 633 1325 καὶ
670 1274 845 1342 βουνοὶ⁸
891 1275 1116 1327 ἐνταῦθα
1153 1276 1570 1345 ὀνομαζόμεναι,
1605 1277 1732 1345 είρήι

1850 1306 1969 1343 cum
1988 1291 2215 1359 populus
2231 1291 2389 1358 impie
2409 1291 2722 1345 idololatriae
2739 1271 3196 1356 hmreretjnfesue
3208 1302 3384 1348 erant.

171 1378 389 1414 νευσαν
425 1362 810 1432 ὲχθραίνουσαι
843 1365 902 1416 τὸ
932 1367 1075 1435 πρὶν,
1105 1367 1189 1418 ὅτε
1218 1369 1281 1435 τῇ
1312 1366 1452 1435 ἀθέῳ
1474 1369 1732 1436 προσεῖχεε

1848 1380 1940 1433 Hae
1972 1395 2099 1434 vero
2127 1381 2257 1447 ipsa:
2283 1379 2550 1446 justitiam
2580 1381 2752 1434 eidem
2797 1383 2994 1450 populo
3038 1384 3382 1445 annuntiant,

169 1451 639 1523 εἰδωλολατρείᾳ.
689 1455 752 1505 Αἱ
801 1455 842 1506 δ’
883 1455 1039 1507 αὐτα)¹
1088 1456 1424 1524 δικαιοσύνην
1478 1457 1732 1523 εὐαγγελί-

1848 1469 2098 1522 videlicet
2127 1467 2400 1520 Christum
2448 1467 2563 1532 Dei,
2598 1470 2687 1537 qui
2730 1485 2856 1523 vere
2875 1470 3084 1537 justitia
3123 1481 3239 1536 est;
3273 1473 3386 1527 sive

169 1541 374 1604 ζονται
413 1541 499 1610 τῷ
546 1541 697 1611 αὐτῷ
729 1542 868 1612 λαῷ·
909 1543 1022 1612 ἦτοι
1055 1544 1141 1596 τὸν
1185 1545 1410 1613 Χριστὸν
1450 1545 1540 1596 τοῦ
1582 1543 1711 1595 Θεοῦ

1849 1560 2086 1612 salutare
2132 1556 2501 1626 Evangelium,
2564 1558 2722 1626 cujus
2780 1572 2944 1612 causa
2995 1559 3194 1612 dictum
3240 1569 3320 1613 est
3367 1581 3380 1614 :

169 1633 350 1685 αὐτὸν
380 1632 521 1684 ὄντα
541 1633 641 1701 τὴν
669 1633 1024 1702 δικαιοσύνην,
1062 1633 1092 1703 ἢ
1125 1633 1184 1684 τὸ
1217 1635 1472 1703 σωτήριον
1516 1633 1732 1700 Εύαγγέ·

1854 1666 1870 1697 t
1911 1646 2225 1714 Suscipiant
2251 1654 2462 1700 montes
2493 1660 2676 1714 pacem
2709 1646 2926 1714 populo,
2961 1653 3013 1699 et
3047 1647 3214 1700 colles
3231 1647 3386 1714 justi-

165 1722 317 1785 λιον,
347 1722 418 1773 δι’
447 1721 478 1772 ὃ
509 1721 789 1772 λέλεκται·
821 1739 838 1771 ι
874 1720 1300 1774 Ἀναλαϐέτωσαν
1322 1721 1388 1772 τὰ
1411 1721 1509 1791 ὅρη
1537 1723 1732 1789 είρήνηι

1850 1739 1998 1789 tiam.
2045 1756 2063 1787 ι
2100 1735 2222 1788 Haec
2244 1749 2408 1801 porro
2437 1734 2705 1795 evenient,
2739 1735 2861 1801 quia
2888 1742 3214 1789 memoratus
3245 1735 3383 1790 ﬁlius

167 1809 250 1879 τῷ
310 1807 467 1877 λαῷ,
515 1808 611 1860 καὶ
652 1809 700 1859 οἱ
754 1807 927 1876 βουνοὶ
973 1808 1322 1877 δικαιοσύνην.
1372 1826 1390 1858 ι
1433 1809 1540 1859 Kal
1582 1806 1732 1858 ταῦτα

1847 1828 1988 1894 regis
2028 1845 2045 1875 ι
2081 1825 2347 1893 judicabit
2384 1839 2644 1892 pauperes
2677 1823 2880 1892 populi,
2930 1832 2982 1878 et
3012 1825 3191 1880 salvos
3225 1825 3383 1878 faciet

166 1898 356 1959 ἔσται,
390 1897 588 1966 ἐπειδὴ
612 1897 640 1947 ό
668 1896 978 1966 προλεχθεὶς
1005 1898 1116 1959 υίὸς
1133 1897 1224 1948 τοῦ
1252 1897 1507 1966 βασιλέως
1535 1916 1552 1946 ι
1579 1899 1732 1967 κρινεῖ

1847 1918 1982 1970 filios
2013 1930 2339 1985 pauperum;
2380 1933 2397 1963 ι
2431 1929 2555 1966 nam
2591 1929 2712 1967 cum
2763 1914 2915 1982 prius
2967 1915 3138 1968 salute
3194 1914 3383 1984 dignos

166 1989 303 2049 τοὺς
341 1987 602 2055 πτωχοὺς
646 1985 736 2037 τοῦ
769 1985 928 2048 λαοῦ,
980 1987 1070 2037 καὶ
1105 1985 1261 2038 σώσει
1313 1987 1435 2048 τοὺς
1469 1988 1610 2047 υἱοὺς
1643 1985 1732 2037 τῶι

1839 2007 2158 2075 judicasset,
2181 2006 2260 2058 sic
2282 2005 2361 2058 eis
2386 2005 2610 2057 salutem
2646 2004 2900 2072 impertit.
2945 2003 3061 2056 Non
3095 2005 3236 2058 enim
3267 2005 3383 2058 sine

165 2078 437 2145 πενήτων
458 2092 474 2105 ·
509 2095 527 2125 ι
571 2074 763 2144 κρίνας
793 2073 900 2144 γὰρ
930 2074 1184 2144 πρότερον
1211 2074 1388 2138 ἀξίους
1420 2071 1552 2126 εἶναι
1581 2092 1732 2144 σωτη-

1844 2097 2042 2166 praevio
2083 2095 2312 2164 judicio,
2371 2094 2460 2148 sed
2516 2094 2794 2162 praemisso
2843 2084 3109 2154 examine,
3157 2096 3381 2148 salutem

170 2161 321 2232 ρίας,
359 2161 542 2224 οῦτως
590 2161 786 2222 αὐτοὺς
825 2160 1004 2222 σώζει.
1053 2162 1124 2212 Οὐ
1168 2161 1273 2232 γὰρ
1321 2163 1586 2232 ἀκρίτως,
1632 2166 1732 2231 μετ

1844 2160 2043 2256 praebet
2063 2160 2390 2254 pauperibus
2423 2160 2534 2238 suis
2558 2193 2608 2236 et
2639 2182 2761 2236 filiis
2786 2198 3104 2252 pauperum,
3148 2199 3378 2250 quorum

167 2249 566 2318 ὲξητασμένης
611 2248 668 2300 δὲ
696 2249 924 2317 κρίσεως
954 2249 1050 2318 τὴν
1081 2250 1346 2319 σωτηρίαν
1389 2251 1610 2319 παρέχει
1638 2252 1732 2311 τοῖς

1843 2248 2118 2347 prophetia
2147 2248 2390 2327 meminit
2411 2274 2595 2327 dicens
2623 2292 2635 2326 :
2674 2291 2691 2323 ι
2728 2248 3107 2341 Evangelizare
3131 2248 3380 2340 pauperi-

167 2339 378 2392 ἑαυτοῦ
419 2342 664 2408 πτωχοῖς
695 2339 788 2391 xal
825 2342 934 2400 τοῖς
971 2341 1103 2402 υἱοῖς
1131 2339 1238 2392 τῶν
1267 2343 1528 2410 πενήτων,
1560 2338 1631 2396 ὧν
1655 2343 1732 2396 καῖ

1843 2375 1944 2423 bus
1978 2367 2123 2420 misit
2165 2381 2249 2420 me
2278 2385 2290 2418 :
2321 2366 2609 2434 praedicare
2639 2363 2864 2432 captivis
2894 2363 3286 2424 dimissionem,
3327 2370 3381 2416 et

169 2432 204 2500 ἡ
253 2430 580 2498 προφητεία
631 2428 897 2498 μέμνηται
931 2428 1186 2495 λέγουσα·
1234 2447 1252 2480 ι
1288 2431 1742 2498 Εὐαγγελίσασθαι

170 2523 417 2590 πτωχοῖς
443 2518 757 2572 ἀπέσταλκέ
789 2533 882 2587 με·
915 2518 1140 2588 κηρῦξαι
1173 2521 1526 2590 αἰχμαλώτοις
1557 2525 1743 2592 ἄφεσιν

171 2612 269 2663 καὶ
303 2611 539 2677 τυφλοῖς
569 2608 877 2675 ἀνάϐλεψιν.
895 2629 911 2658 ι
934 2610 1184 2678 Πτωχοὺς
1211 2610 1265 2661 δὲ
1293 2611 1473 2674 ποίους
1495 2615 1675 2683 φησὶν,
1708 2616 1740 2685 ἢ

169 2700 296 2762 τοὺς
332 2698 677 2766 δυναμένους
706 2695 901 2765 ὁμοίως
943 2695 1134 2765 Παύλῳ
1164 2696 1338 2764 λέγειν
1358 2717 1370 2728 ·
1401 2718 1418 2749 ι
1453 2703 1607 2771 Ἀχρι
1646 2705 1742 2773 τῆς

169 2788 292 2856 ἄρτι
332 2787 494 2856 ὥρας
531 2788 629 2837 κιιι
684 2783 948 2853 πεινῶμεν
997 2784 1086 2837 καὶ
1112 2785 1367 2855 διψῶμεν,
1397 2789 1486 2840 καὶ
1537 2807 1742 2860 γυμνη-

169 2877 426 2946 τεύομεν,
481 2876 581 2927 καὶ
609 2873 1024 2942 κολαφιζόμεθα,
1059 2875 1151 2926 καὶ
1174 2876 1502 2945 ἀστατοῦμεν
1523 2897 1534 2909 ·
1567 2898 1586 2928 ι
1619 2880 1732 2942 τούς

1842 2909 1987 2964 sunt,
2021 2919 2038 2950 ι
2064 2899 2353 2969 Argentum
2389 2906 2440 2951 et
2469 2913 2658 2951 aurum
2691 2914 2795 2952 non
2826 2905 2908 2952 est
2931 2898 3142 2952 mihi".
3180 2917 3198 2950 ι
3219 2898 3376 2954 Tales

168 2982 226 3019 τε
273 2968 492 3036 ὁμοίως
528 2965 722 3033 Πέτρῳ
770 2965 1074 3032 φήσαντας·
1110 2983 1128 3013 ι
1167 2965 1445 3035 Ἀργύριον
1477 2970 1569 3019 καὶ
1611 2987 1732 3037 χρυ-

1842 2992 1943 3048 sibi
1972 2965 2234 3060 pauperes
2262 2989 2488 3058 paravit,
2510 2988 2826 3056 przecipiens
2847 2988 2953 3041 illis
2985 2997 3042 3040 ut
3069 3003 3174 3041 non
3202 2989 3378 3056 possi-

171 3057 283 3109 σίον
312 3059 412 3126 οὐχ
451 3054 694 3124 ὑπάρχει
727 3071 835 3123 μοι.
870 3072 887 3103 ι
917 3054 1196 3116 Τοιούτους
1226 3055 1280 3108 δὲ
1313 3058 1553 3124 πτωχοὺς
1581 3060 1732 3121 αὐτὸς

1839 3084 2023 3136 derent
2072 3096 2262 3132 aurum
2313 3093 2485 3147 neque
2533 3085 2811 3146 argentum
2863 3077 2917 3130 in
2976 3078 3148 3140 zonis,
3201 3094 3375 3148 neque

170 3145 344 3216 ἑαυτῷ
393 3139 785 3214 παρεσκεύαζε
829 3141 1100 3212 παραινῶν
1136 3142 1207 3212 μὴ
1253 3143 1476 3213 κτῆσθαι
1523 3147 1732 3215 χρυσίον

1839 3187 2014 3242 peram
2042 3171 2105 3224 atl
2134 3170 2295 3231 viam,
2321 3183 2493 3236 neque
2523 3167 2658 3220 duas
2692 3166 2922 3230 tunicas,
2959 3181 3132 3234 neque
3173 3168 3375 3220 calcea-

170 3240 304 3309 μηδὲ
337 3237 621 3310 ἀργύριον
669 3237 747 3297 είς
782 3234 878 3296 τὰς
911 3233 1100 3296 ζώνας,
1155 3235 1228 3302 μὴ
1271 3237 1445 3305 πήραν
1491 3238 1568 3297 είς
1602 3237 1732 3299 ὁδὸν,

1839 3233 2037 3320 inenta,
2076 3274 2252 3326 neque
2275 3233 2474 3324 virgam
2499 3255 2562 3306 ".
2590 3253 2908 3320 Iiujusmodi
2942 3233 3068 3306 item
3099 3244 3252 3306 eraftt
3295 3255 3371 3307 illi

169 3329 305 3398 μηδὲ
332 3329 435 3381 δύο
475 3326 714 3396 χιτῶνας
738 3365 752 3388 ,
787 3324 915 3394 μηδὲ
942 3324 1254 3393 ὑποδήματα
1273 3364 1288 3386 ,
1341 3327 1470 3396 μηδὲ
1526 3329 1732 3397 ῥάϐδον.

1839 3351 1959 3403 olim
1993 3331 2019 3397 ι⁴
2049 3349 2449 3400 circumeuntes
2479 3344 2529 3394 in
2562 3343 2795 3403 melotis,
2831 3342 2882 3394 in
2927 3342 3153 3410 pellibus
3196 3344 3374 3410 capri-

169 3438 187 3468 ι
216 3419 478 3472 Τοιοῦτοι
510 3417 573 3468 δὲ
602 3413 740 3485 ἦσαν
765 3416 858 3467 καὶ
886 3415 933 3466 οἱ
967 3415 1128 3466 πάλαι
1161 3415 1524 3485 περιελθόντες
1548 3421 1603 3470 ὲν
1637 3437 1732 3489 μη-

1839 3441 1941 3504 nis,
1977 3447 2215 3507 egentes,
2275 3434 2582 3502 angustiati,
2636 3433 2835 3494 amicti,
2886 3433 2940 3485 in
2995 3433 3370 3488 solitudinibus

161 3507 373 3574 λωταῖς,
403 3511 474 3560 ἐν
510 3504 738 3573 αἰγείοις
777 3504 1067 3574 δέρμασιν,
1100 3504 1510 3575 ὑστερούμενοι,
1560 3506 1732 3561 θλιϐό-

1839 3538 2102 3590 crrantes,
2139 3527 2192 3579 in
2224 3525 2516 3582 montibus,
2547 3523 2598 3575 in
2632 3522 2903 3590 speluncis
2928 3533 2980 3576 et
3005 3523 3057 3575 in
3093 3521 3371 3577 foramini-

165 3615 326 3666 μενοι,
377 3595 859 3664 κακουχούμενοι,
888 3597 944 3647 ὲν
983 3595 1232 3666 ἐρημίαις
1283 3596 1615 3666 πλανώμενοι
1645 3600 1732 3652 καὶ

1839 3622 1934 3674 bus
1964 3626 2119 3671 terra:
2140 3616 2205 3669 “.
2245 3633 2262 3666 ι
2319 3613 2421 3667 Sed
2454 3613 2498 3667 si
2537 3613 2698 3666 hosce
2724 3611 2894 3665 solum
2928 3627 3104 3666 sermo
3135 3628 3366 3666 comme-

158 3685 324 3755 ὄρεσι,
361 3687 476 3740 καὶ
508 3684 812 3752 σπηλαίοις,
840 3684 930 3735 καὶ
967 3686 1083 3746 ταῖς
1108 3686 1263 3746 ὀπαῖς
1291 3687 1387 3754 τῆς
1411 3687 1526 3756 γῆς.
1545 3705 1562 3736 ι
1600 3688 1732 3739 Ἀλλ’

1839 3715 2114 3768 morasset,
2177 3705 2426 3760 exclusus
2487 3717 2616 3758 sane
2657 3702 2792 3756 foret
2857 3702 3104 3771 quisquis
3154 3701 3220 3755 iis
3262 3717 3371 3755 non

157 3778 203 3828 εί
239 3777 335 3845 μὲν
392 3776 618 3829 τούτων
671 3774 826 3842 μόνον
858 3773 1251 3841 ἐμνημόνευσεν
1279 3775 1306 3825 ὁ
1355 3773 1539 3841 λόγος,
1599 3777 1732 3829 ἀπο-

1839 3799 2030 3854 similis
2065 3802 2226 3850 esset.
2264 3793 2331 3846 At
2372 3795 2482 3864 jam
2513 3794 2676 3846 alium
2706 3792 2947 3846 ordinem
2977 3799 3256 3845 enumerat
3291 3791 3374 3845 dic

156 3867 454 3921 κέκλειστο
497 3865 610 3925 πᾶς
640 3865 668 3915 ό
722 3863 793 3933 μὴ
821 3862 1086 3925 τοιοῦτος·
1135 3861 1226 3914 νῦν
1273 3863 1326 3915 δὲ
1369 3867 1460 3916 καὶ
1491 3865 1732 3936 δεύτερον

1839 3902 1982 3950 cens,
2020 3903 2037 3934 ‹
2072 3884 2138 3936 Et
2162 3883 2343 3937 salvos
2369 3883 2527 3935 faciet
2558 3881 2694 3935 filios
2717 3896 3034 3950 pauperum.
3061 3899 3077 3931 ι
3103 3879 3224 3933 Filii
3249 3897 3371 3934 vero

156 3957 339 4026 τάγμα
393 3952 831 4022 καταριθμεῖται
883 3951 1136 4019 φάσκων·
1199 3969 1216 4002 ι
1254 3953 1362 4003 Kal
1406 3952 1563 4005 σώσει
1611 3955 1732 4016 τοὺς

1839 3989 2120 4045 pauperum
2150 3981 2302 4026 erant
2334 3973 2696 4040 apostolorum
2727 3977 2778 4022 et
2823 3969 3208 4037 discipulorum
3252 3968 3372 4022 Ser-

157 4046 302 4108 υἱους
328 4045 463 4099 τῶν
497 4041 767 4110 πενήτων.
800 4057 816 4089 ι
856 4039 972 4090 Υἱοὶ
1011 4039 1066 4091 δὲ
1109 4041 1345 4109 πενήτων
1365 4035 1500 4110 ἦσαν
1538 4043 1584 4093 oi
1629 4043 1732 4096 τῶν

1839 4035 2033 4118 ratoris
2061 4065 2229 4118 nostri
2255 4035 2388 4124 noti,
2419 4078 2553 4131 quos
2592 4059 2876 4130 Apostolus
2898 4035 3046 4111 hisce
3085 4057 3262 4110 verbis
3287 4058 3370 4110 in-

157 4134 492 4187 ἀποστόλων
526 4129 624 4181 καὶ⁹
679 4127 930 4197 μαθητῶν
975 4127 1066 4179 τοῦ
1116 4128 1362 4197 Σωτῆρος
1399 4131 1430 4197 ὴ
1441 4129 1554 4197 μῶν
1596 4130 1731 4196 γνώ..

1839 4156 2062 4208 dicavit:
2096 4173 2112 4205 ι
2153 4154 2282 4207 Nam
2311 4153 2411 4207 etsi
2436 4127 2654 4205 multos
2685 4149 3000 4220 paedagogos
3036 4147 3274 4200 habeatis
3315 4148 3366 4200 in

161 4239 325 4291 ριμοι,
351 4221 596 4280 ὁποίους
622 4217 793 4287 δηλῶν
819 4219 847 4269 ὁ
878 4217 1187 4280 Ἀπόστολος
1208 4217 1384 4286 ἔλεγεν
1405 4235 1416 4247 ·
1442 4237 1459 4268 ι
1484 4219 1602 4271 Ἐὰν
1627 4219 1731 4290 γὰρ

1839 4244 2069 4309 Christo,
2103 4244 2194 4299 sed
2236 4259 2342 4297 non
2379 4262 2391 4296 :
2432 4243 2628 4295 multos
2659 4239 2951 4310 patreszin
2985 4238 3196 4292 Christo
3224 4237 3366 4290 enim

160 4315 397 4377 πολλοὺς
430 4309 820 4376 παιδαγωγοὺς
846 4307 1003 4376 ἔχητε
1035 4308 1091 4358 ὲν
1117 4307 1350 4377 Χριστῷ,
1385 4309 1496 4360 ἀλλ’
1519 4311 1576 4360 ού
1607 4311 1731 4363 πολ-

1839 4335 1956 4390 Iesu
1985 4350 2083 4403 ego
2125 4349 2220 4388 vos
2251 4336 2406 4403 genui
2425 4334 2502 4397 ’5;
2551 4351 2569 4382 ι
2605 4346 2664 4383 ac
2709 4343 2925 4382 rursum
2975 4345 2989 4380 ε
3033 4346 3052 4376 ι
3089 4326 3207 4379 Filii
3239 4327 3362 4390 mei,

157 4400 279 4465 λοὺς
308 4402 575 4470 πατέρας
592 4415 604 4428 ·
638 4401 694 4450 ὲν
715 4397 822 4466 γὰρ
852 4397 1066 4466 Χριστῷ
1093 4396 1262 4465 Ἰησοῦ
1284 4397 1391 4464 ἐγὼ
1415 4400 1556 4467 ὑμᾶς
1587 4401 1732 4467 έγέν-

1839 4440 1970 4493 quos
2004 4439 2219 4476 rursum
2253 4423 2516 4492 parturio,
2547 4421 2715 4473 donec
2747 4419 3004 4470 formetur
3033 4417 3281 4470 Christus
3311 4417 3366 4469 in

1843 2459 1999 2513 cazcis
2031 2458 2179 2510 visus
2205 2454 2597 2508 restitutionem
2629 2453 2694 2507 ¹⁰.
2729 2472 2746 2503 ι
2783 2451 3054 2507 Mendicos
3082 2468 3212 2507 vero
3241 2469 3378 2521 quos

1843 2547 1935 2606 ait,
1961 2546 2064 2598 nisi
2087 2559 2180 2598 eos
2206 2543 2296 2611 qui
2323 2542 2541 2610 perinde
2566 2550 2725 2608 atque
2751 2540 2951 2594 Paulus
2976 2540 3155 2595 dicere
3177 2543 3376 2607 valent,

1847 2657 1866 2687 ‹
1907 2635 2088 2704 Usque
2122 2634 2175 2686 in
2204 2633 2344 2685 hanc
2372 2631 2556 2684 horam
2584 2639 2637 2684 et
2665 2631 2934 2685 esurimus
2962 2639 3014 2683 et
3049 2633 3282 2694 sitimus,
3326 2641 3383 2691 et

1841 2727 1966 2781 nudi
1992 2740 2196 2784 smnus.
2234 2731 2286 2776 et
2317 2722 2556 2791 colaphis
2589 2721 2863 2784 caadimur,
2894 2731 2949 2776 et
2978 2722 3258 2776 instabiles
3283 2738 3378 2776 su-

1842 2830 1961 2868 mus
1986 2816 2028 2846 ⁸¹
2073 2832 2085 2865 :
2129 2833 2146 2864 ›
2178 2822 2337 2881 atque
2362 2828 2456 2865 eos
2490 2813 2579 2880 qui
2608 2827 2731 2864 cum
2756 2810 2916 2865 Petro
2943 2811 3055 2865 haec
3083 2811 3231 2865 eﬂ'ari
3254 2827 3379 2880 pos-

157 4507 297 4559 νησα
317 4508 330 4520 ·
372 4511 394 4542 ι
435 4490 538 4542 xal
569 4487 760 4539 πάλιν·
805 4505 822 4535 ι
853 4485 1024 4538 Τέκνα
1061 4502 1156 4554 μου
1183 4525 1196 4548 ,
1238 4486 1329 4550 οὓς
1375 4489 1531 4541 πάλιν
1562 4489 1731 4541 ὠδίνω

160 4579 316 4649 ἄχρις
345 4575 417 4634 οὗ
456 4576 718 4647 μορφωθῇ
744 4575 971 4644 Χριστὸς
1001 4577 1056 4626 ὲν
1079 4576 1221 4644 ὑμῖν.
1254 4595 1271 4626 ι
1305 4577 1459 4629 Ἀλλὰ
1486 4579 1605 4640 τοὺς
1636 4580 1731 4647 μὲν

167 4671 428 4738 πτωχοὺς
457 4663 656 4719 ἑαυτοῦ
691 4665 782 4716 καὶ
813 4664 933 4724 τοὺς
964 4663 1108 4725 υἱοὺς
1135 4664 1241 4714 τῶν
1268 4666 1508 4734 πενήτων
1537 4666 1629 4718 σὺν
1650 4667 1728 4718 δι-

169 4760 429 4828 καιοσύνῃ
463 4757 562 4809 καὶ¹
589 4755 720 4825 ὀρθῇ
757 4755 932 4824 κρίσει
977 4753 1167 4816 σώζει·
1203 4755 1290 4807 τὸν
1314 4756 1368 4807 δὲ
1394 4759 1728 4828 συκοφάντην

177 4849 564 4921 προῃρημένον
595 4846 626 4913 ἢ
667 4847 759 4898 καὶ
787 4845 874 4896 τὸν
904 4845 1027 4897 λαὸν
1057 4844 1216 4896 αὑτοῦ
1249 4846 1342 4896 καλ
1370 4845 1466 4912 τὴν
1506 4848 1728 4918 Ἐκκλη-

178 4939 296 4991 σίαν
327 4939 587 5007 πολεμεῖν
620 4935 823 5006 (μυρίοι
865 4935 920 4986 δὲ
958 4935 1278 5002 συκοφάνται
1300 4937 1396 5005 τὴν
1412 4938 1729 5007 Ἐκκλησίαν

179 5028 340 5080 αὑτοῦ
366 5025 758 5094 διαϐάλλουσι),
783 5025 873 5077 καὶ
902 5025 990 5076 τὸν
1016 5024 1124 5092 βίον
1153 5025 1255 5076 τῶν
1279 5027 1334 5076 έν
1358 5028 1421 5093 τῇ
1441 5026 1729 5100 Ἐκκλησία

177 5117 340 5170 αὑτοῦ
370 5116 778 5186 διαπρεπόντων
824 5114 969 5166 ἄλλοι
1003 5113 1440 5180 συκοφαντοῦσιν·
1486 5109 1558 5167 ὧν
1608 5120 1730 5171 ἐπι..

183 5208 384 5274 στήσας
411 5209 478 5275 τῇ
507 5205 727 5272 τελευτῇ
761 5202 852 5255 τοῦ
885 5201 1030 5270 βίου,
1064 5201 1178 5268 ὄψει
1201 5203 1343 5262 ὅπως
1385 5202 1589 5271 εἴρηται
1642 5208 1722 5271 τὸ,

185 5294 323 5347 «Καὶ
347 5293 675 5348 ταπεινώσει
711 5292 1064 5359 συκοφάντην.
1092 5310 1109 5341 ι
1140 5291 1230 5352 Τίς
1260 5290 1367 5358 γὰρ
1397 5291 1501 5344 τῶν
1529 5310 1726 5363 τυραν-

270 5494 312 5525 ¹⁹
350 5493 515 5545 Zach.
550 5509 609 5554 ιι,
642 5493 726 5553 10,
762 5492 844 5544 fl.

185 5559 227 5589 "
261 5561 279 5614 l
314 5564 438 5614 Cor.
494 5577 560 5624 iv,
605 5562 686 5614 15'.
765 5562 806 5590 ’θ
838 5557 954 5612 Gal.
995 5572 1063 5611 Iv.
1101 5557 1176 5610 f9.

952 5490 997 5520 “
1031 5491 1258 5565 fSﬂA.-l.XI,
1292 5491 1337 5544 i.
1367 5493 1406 5523 ²¹
1440 5493 1604 5551 lCor.
1635 5499 1693 5565 4,
1736 5504 1822 5558 il.

1832 4514 1984 4567 vobis
2011 4514 2073 4563 ".
2108 4531 2124 4562 ι
2154 4511 2348 4564 Verum
2382 4523 2644 4578 pauperes
2667 4521 2796 4560 suos
2827 4513 2879 4558 et
2909 4505 3048 4558 filios
3073 4518 3365 4573 pauperum

1829 4619 1948 4657 cum
1970 4602 2180 4669 justitia
2209 4610 2262 4655 et
2290 4609 2437 4654 recto
2469 4597 2676 4666 judicio
2719 4597 2892 4649 salute
2920 4596 3103 4650 donat.
3151 4593 3366 4648 Calum-

1830 4691 2054 4744 niator-is
2083 4699 2280 4751 autem,
2306 4688 2396 4756 qui
2436 4688 2487 4737 in
2521 4686 2754 4736 animum
2785 4683 2993 4736 induxit
3021 4685 3276 4752 populum
3313 4687 3366 4732 et

1833 4778 2122 4834 Ecclesiam
2168 4777 2284 4845 ejus
2329 4778 2641 4843 impugnare
2715 4779 2874 4839 (nam
2929 4772 3167 4825 sexcenti
3204 4786 3363 4841 syco-

1831 4868 2041 4935 phanta:
2094 4874 2217 4919 sunt
2275 4863 2362 4930 qui
2405 4861 2694 4913 Ecclesiam
2743 4859 2861 4926 ejus
2907 4859 3360 4929 calumniantur);

1829 4952 1934 5003 imo
1966 4952 2125 5004 etiam
2151 4950 2377 5001 aliorum
2408 4947 2498 5015 qui
2539 4946 2686 5014 probi
2738 4946 2968 4999 instituti
2996 4948 3140 5001 viros
3179 4948 3232 4999 in
3262 4946 3363 5000 Ec-

1827 5038 1988 5091 clesia
2010 5037 2130 5105 ejus
2163 5034 2525 5106 sycophantiis
2548 5034 2831 5102 impetunt,
2855 5034 2976 5087 vitae
3008 5037 3207 5089 exitum
3243 5052 3362 5105 per-

1833 5128 2089 5196 pentlens,
2133 5126 2298 5195 probe
2329 5123 2587 5190 intelliges
2635 5139 2729 5174 cur
2759 5123 2984 5185 dicatur,
3023 5142 3040 5172 ι
3094 5124 3158 5176 Ει
3189 5127 3363 5177 humi-

1831 5217 1981 5268 liabit
2027 5215 2486 5268 calumniatorcm.
2528 5230 2545 5259 ι
2580 5211 2709 5274 Quis
2748 5213 2890 5263 cnim
2923 5227 3129 5275 eorum,
3163 5216 3252 5280 qui
3287 5223 3361 5282 ty-

1829 5307 2049 5358 rannice
2102 5303 2154 5355 in
2208 5299 2497 5354 Salvatoris
2543 5298 2710 5351 nostri
2773 5298 3064 5352 Ecclesiam
3111 5311 3352 5370 egerunt,

1918 5510 1960 5538 "
1990 5506 2105 5559 Act.
2139 5519 2214 5570 ιιι,
2242 5503 2294 5556 6.
2391 5501 2435 5532 ’³
2470 5499 2651 5554 Matth.
2683 5515 2732 5562 κ,
2758 5499 2808 5551 9.
2889 5499 2930 5530 “
2965 5499 3123 5557 llcbr.
3157 5518 3230 5569 xx,
3258 5505 3347 5558 37.
