3796 6352
99 468 191 519 τοι

1304 442 1797 501 (ΖΟΜΜΕΝΤᾹΒΙΛ
1835 445 1897 498 IN
1934 444 2267 500 PSALMOS.

3271 454 3375 507 802

134 577 226 624 luit
320 547 493 605 πόκον
529 559 679 611 κατὰ
730 564 855 625 τοὺς
901 563 1235 626 ἁποδοθέντας
1312 560 1575 627 τρόπους·
1621 560 1747 628 μετά

1853 567 2048 619 autem,
2072 573 2177 611 non
2213 559 2350 609 ultra
2380 556 2519 611 sicut
2569 556 2622 609 in
2670 557 2860 622 vellus,
2900 558 2990 611 sed
3034 574 3226 629 magno
3253 578 3373 618 cum

154 657 348 707 ταῦτα
380 640 438 694 δὲ
490 643 683 699 οὐκέτι
740 650 815 712 ὡς
866 653 955 703 ἐπὶ
1000 652 1154 704 πόκον
1174 690 1189 713 ,
1247 646 1390 700 ἀλλά
1448 648 1543 699 σὺν
1586 647 1747 716 πολλῇ

178 736 401 804 ιινῆσει
417 748 430 761 ·
466 734 564 786 καὶ
588 735 798 799 κτύπος
824 738 1134 801 ἐξάκουστος
1152 739 1344 805 γέγονε
1371 736 1486 788 καθ’
1511 736 1633 805 ὅλης
1656 736 1751 804 τῆς

194 822 518 892 οἰκουμένης
540 825 574 893 ἡ
600 824 916 880 διδασκαλία
938 827 1117 880 αὑτοῦ.
1140 828 1210 878 Δι’
1234 827 1263 878 ὃ
1284 825 1581 892 έπιλέγεται
1605 822 1747 891 ἑξῆς,

198 930 217 962 σ
245 912 340 963 καὶ
369 910 507 963 ὡσεὶ
553 912 812 979 σταγόνες
841 914 1122 975 στάζουσαι
1168 913 1257 965 ἐπὶ
1299 913 1396 981 τὴν
1426 913 1544 981 γῆν.
1567 930 1584 961 ι
1617 912 1750 962 Στα-

188 1001 346 1067 γόνες
371 1000 485 1070 γὰρ
516 1000 551 1069 ἢ
597 1000 827 1069 ψεκάδες
859 1001 994 1054 κατὰ
1028 1002 1148 1063 τοὺς
1178 1002 1393 1063 λοιποὺς
1421 999 1749 1069 ὲρμηνευτὰς

187 1090 492 1151 στάζουσαι
528 1091 623 1141 έπὶ
668 1091 765 1159 τὴν
798 1092 898 1158 γῆν
950 1090 1121 1143 οὐκέτ’
1156 1089 1414 1157 ἀψοφητὶ,
1452 1089 1544 1140 σὺν
1577 1087 1749 1156 πολλῷ

186 1181 249 1232 δὲ
289 1180 447 1248 ψόφῳ
476 1180 720 1231 κατίασι.
757 1180 865 1231 Καὶ
896 1179 1046 1232 τοῦτο
1068 1180 1122 1231 δὲ
1151 1179 1296 1239 τέλος
1322 1178 1623 1245 ἐτύγχανεν,
1664 1177 1747 1227 ὅτε

182 1273 275 1332 εἰς
300 1272 483 1323 πᾶσαν
508 1270 608 1339 τὴν
633 1269 735 1338 γῆν
766 1269 981 1339 ἐξῆλθεν
1008 1272 1035 1321 ὀ
1057 1268 1281 1336 φθόγγος
1318 1267 1423 1318 τῶν
1449 1266 1747 1319 ἀποστόλων

180 1360 377 1419 αὐτοῦ,
404 1360 505 1411 καὶ
528 1360 612 1422 εἰς
639 1359 706 1411 τὰ
740 1358 942 1427 πέρατα
966 1358 1063 1425 τῆς
1099 1356 1411 1427 οἰκουμένης
1438 1357 1504 1409 τὰ
1538 1358 1748 1428 ῥήματα

178 1451 255 1502 αύ
263 1450 393 1502 τῶν.

254 1561 491 1622 Τούτοις
521 1559 647 1628 έξῆς
668 1560 893 1630 εἷρηταν
948 1579 966 1611 ι
1009 1561 1270 1613 Ἀνατελεῖ
1292 1562 1346 1613 ὲν
1373 1562 1489 1622 ταῖς
1519 1558 1747 1628 ἡμέραις

174 1650 354 1702 αὑτοῦ
382 1649 705 1717 δικαιοσύνη
735 1649 827 1701 κα)⁸
852 1650 1049 1719 πλῆθος
1074 1652 1319 1720 εἰρήνης’
1360 1668 1377 1701 ι
1412 1649 1552 1702 κατὰ
1571 1648 1626 1699 δὲ
1657 1648 1745 1701 τὸν

190 1738 461 1805 Ἀκύλαν,
493 1758 513 1789 ι
540 1739 836 1808 Βλαστὴσει
876 1741 932 1791 έν
962 1739 1187 1809 ἡμέραις
1219 1739 1381 1791 αὐτοῦ
1424 1740 1622 1799 δίκαιος
1656 1739 1747 1790 καί¹

176 1827 396 1896 πλῆθος
426 1828 657 1895 εἰρήνης
677 1841 691 1855 ο
722 1844 740 1875 ι
780 1824 914 1877 κατὰ
944 1824 999 1876 δὲ
1026 1824 1116 1876 τὸν
1159 1823 1461 1893 Σύμμαχον,
1500 1841 1518 1874 ι
1565 1820 1746 1890 Ἀνθή-

1851 655 2019 709 motu,
2055 648 2265 700 sonitus
2298 646 2409 699 sive
2433 646 2675 700 doctrina
2700 648 2819 715 ejus
2861 661 2959 715 per
2986 655 3155 701 totum
3193 652 3375 705 orbem

1852 736 1916 790 ad
1944 737 2179 791 omnium
2216 750 2372 790 aures
2411 736 2664 804 pervasit.
2698 736 2874 801 Quare
2904 736 3118 790 additur
3162 739 3372 804 deinde,

1858 844 1875 877 ‹
1908 834 1960 881 et
1988 827 2124 880 sicut
2150 824 2421 880 stillicidia
2470 824 2722 879 stillantia
2750 840 2911 893 super
2937 833 3153 879 terram.
3193 846 3211 876 ι
3248 827 3375 880 Stil-

1852 914 2025 967 licidia
2065 928 2311 981 namque,
2346 912 2455 965 sive
2486 930 2504 961 (
2544 919 2704 980 guttae
2744 913 2885 967 roris
2922 932 2939 962 ›
2972 913 3260 967 secundum
3295 931 3378 968 re-

1850 1004 2023 1072 liquos
2084 1004 2422 1070 interpretes,
2482 1003 2743 1056 stillantes
2796 1017 2956 1070 super
3015 1009 3230 1064 terram,
3267 1017 3374 1055 non

1851 1107 2070 1160 prorsus
2100 1094 2214 1147 sine
2252 1092 2500 1161 strepitu,
2536 1092 2628 1146 sed
2679 1106 2871 1160 magno
2918 1107 3038 1147 cum
3076 1092 3250 1145 sonitu
3280 1092 3378 1144 de-

1851 1182 2129 1235 scendunt.
2171 1178 2228 1232 Id
2279 1194 2406 1234 vero
2459 1190 2569 1232 tum
2604 1180 2761 1234 linem
2798 1181 3024 1247 accepit,
3072 1181 3285 1249 quando
3321 1178 3374 1232 in

1850 1285 2060 1324 omnem
2092 1278 2287 1323 terram
2312 1269 2475 1322 exivit
2526 1284 2692 1324 sonus
2752 1270 3114 1337 apostolorum
3153 1269 3289 1337 ejus,
3322 1277 3376 1323 et

1850 1359 1905 1413 in
1937 1360 2067 1413 ﬁnes
2098 1360 2245 1412 orbis
2275 1369 2427 1413 terra:
2458 1359 2619 1413 verba
2647 1373 2851 1414 eorum.

1920 1553 2029 1609 Sub
2055 1554 2166 1609 haec
2201 1555 2395 1627 dicitur
2424 1573 2437 1607 :
2478 1572 2496 1604 ι
2526 1552 2741 1608 Orietur
2768 1554 2820 1607 in
2849 1551 3035 1608 diebus
3062 1554 3179 1621 ejus
3215 1555 3374 1623 justi-

1848 1643 1920 1697 tia
1954 1651 2006 1698 et
2035 1644 2359 1697 abundantia
2393 1644 2606 1711 pacis;i
2647 1644 2939 1698 secundum
2956 1643 3199 1711 Aquilam
3228 1658 3373 1705 vero,

1854 1754 1872 1784 ι
1903 1733 2232 1788 Germinabit
2262 1734 2315 1786 in
2344 1733 2533 1787 diebus
2579 1733 2695 1800 ejus
2737 1734 2938 1801 justus,
2971 1741 3023 1787 et
3053 1733 3376 1786 abundantia

1846 1818 2026 1885 pacis;
2060 1836 2079 1867 ι
2126 1818 2420 1871 secundum
2469 1816 2845 1886 Symmachum
2888 1833 3037 1882 vero,
3093 1835 3111 1868 ι
3145 1817 3377 1871 Florebit

178 1885 391 1967 σει-έν⁷
426 1885 554 1974 ταῖς
593 1885 823 1981 ἡμέραις
878 1909 1037 1961 αὑτοῦ
1079 1885 1298 1970 δίκαιοςξ
1410 1907 1636 1977 Ἡμέραι

1849 1908 1900 1958 in
1929 1906 2116 1960 diebus
2143 1905 2261 1973 ejus
2285 1906 2484 1974 justus.
2515 1885 2538 1957 ί»
2592 1906 2712 1959 Dies
2740 1915 2914 1961 autem
2946 1907 3245 1960 Servatoris
3276 1923 3376 1960 ηομ

173 2003 282 2055 τοῦ
328 2002 590 2070 Σωτῆρος
642 1998 797 2069 ἡμῶν
845 2000 899 2050 αἱ
950 1997 1053 2049 ἀπὸ
1098 1997 1196 2064 τῆς
1242 1995 1534 2065 παρουσίας
1586 1994 1745 2046 αὑτοῦ

178 2094 355 2162 μέχρι
375 2092 481 2160 τῆς
509 2088 816 2150 συντελείας
845 2086 934 2140 τοῦ
952 2086 1141 2148 αἰῶνος
1155 2086 1517 2156 νοηθήσονται.
1543 2085 1746 2155 Ὥσπερ

175 2180 299 2249 γὰρ
331 2178 610 2246 ἀκούομεν
647 2176 727 2238 τὺ,
766 2194 783 2226 ι
836 2176 921 2227 Ἐν
953 2177 1067 2235 ταῖς
1112 2175 1340 2243 ἡμέραις
1370 2173 1546 2236 Δαυῒδ,
1581 2192 1599 2222 ›
1632 2175 1742 2237 καὶ,

181 2286 202 2317 ι
262 2268 354 2319 Ἑν
395 2264 637 2335 ἡμέραις
681 2263 972 2334 Ἱεροϐοάμ,
1029 2282 1047 2314 ι
1092 2264 1259 2325 οὕτως
1310 2260 1414 2315 εἷεν
1456 2263 1519 2315 ἂν
1550 2262 1746 2332 ἡμέραι

172 2356 279 2408 τοῦ
324 2356 585 2423 Σωτῆρος
616 2352 788 2423 ἡμῶν.
835 2352 970 2403 Ἀλλ’
1010 2353 1202 2403 ἐκεῖνοι
1237 2352 1353 2420 μὲν,
1386 2351 1518 2420 πρὸς
1570 2352 1745 2417 ὀλίγον

178 2447 473 2514 φανέντες,
506 2444 699 2495 θᾶττον
733 2441 1162 2511 ἀπεσϐέσθησαν·
1198 2442 1264 2493 δι’
1297 2441 1325 2493 ὃ
1353 2442 1442 2493 καὶ
1470 2442 1525 2493 αἰ
1552 2441 1746 2510 ἡμέραι

176 2534 368 2586 αὐτῶν
414 2530 700 2596 ἐξέλιπονο
737 2529 793 2581 αἱ
831 2528 887 2580 δὲ
930 2528 1128 2598 ἡμέραι
1172 2528 1263 2580 τοῦ
1314 2529 1559 2597 Σωτῆρος
1597 2528 1746 2597 ἡμῶν

177 2623 381 2675 ὁπόσαι
427 2618 778 2687 τυγχάνουσι,
806 2617 1011 2684 φθάσας
1038 2618 1067 2667 ό
1096 2617 1248 2683 λόγος
1269 2617 1531 2686 ἐδήλωσεν
1559 2615 1742 2668 εἰπών’

186 2731 206 2761 ι
245 2710 683 2781 Συμπαραμενεϊ
705 2706 781 2777 τῷ
801 2706 931 2776 ἡλίῳ
956 2706 1047 2758 καὶ
1078 2705 1375 2776 ἔμπροσθεν
1398 2706 1495 2775 τῆς
1525 2705 1748 2775 σελήνης

181 2803 381 2868 γενεὰς
412 2800 650 2867 γενεῶνο
695 2818 713 2851 ι
750 2793 829 2861 οἷς
860 2796 1155 2858 ἀκολούθως
1188 2797 1280 2848 καὶ
1307 2795 1467 2857 αὐτὸς
1491 2799 1600 2858 τοῖς
1629 2798 1748 2848 έαυ-

182 2889 281 2941 τοῦ
332 2888 607 2959 μαθηταῖς
635 2885 990 2955 ἐπηγγέλλετο
1030 2884 1229 2950 λέγων’
1265 2901 1283 2933 ι
1329 2883 1454 2936 Ἰδοὺ
1492 2882 1597 2951 ἐγὼ
1629 2883 1741 2951 μεθ’

184 2979 344 3049 ὑμῶν
379 2981 500 3049 εἰμι
535 2976 663 3049 ἄχρι
700 2975 797 3044 τῆς
836 2973 1129 3033 συντελείας
1168 2970 1258 3024 τοῦ
1286 2972 1504 3033 αἰῶνος·
1545 2989 1564 3022 ι
1598 2970 1746 3024 Οὕτω

183 3071 297 3140 γὰρ
316 3070 521 3140 ήμελλε
554 3064 990 3137 συμπαραμένειν
1016 3063 1089 3133 τῷ
1118 3062 1267 3131 ἡλίῳ.
1310 3062 1511 3113 Οὐκοῦν
1545 3064 1601 3114 ὲν
1630 3064 1745 3125 ταῖς

1845 1995 1941 2051 stri
1992 1997 2059 2050 ab
2105 1997 2335 2051 adventu
2388 1996 2505 2065 ejus
2549 2012 2719 2066 usque
2758 1998 2823 2051 ad
2864 1998 3375 2052 consummationem

1846 2086 2019 2140 saeculi
2051 2085 2379 2154 intelligendi
2404 2093 2548 2138 sunt.
2571 2084 2685 2148 Qua
2705 2086 2913 2140 ratione
2940 2086 3081 2140 enim
3104 2087 3372 2149 audimus,

1851 2193 1868 2225 ι
1896 2174 1951 2227 in
1998 2175 2186 2229 diebus
2242 2174 2436 2239 David;
2471 2175 2531 2227 In
2561 2174 2749 2229 diebus
2789 2170 3103 2241 Jeroboam;
3135 2195 3153 2227 ι
3190 2175 3373 2230 eodem

1846 2278 2065 2331 prorsus
2135 2263 2293 2317 modo
2337 2264 2452 2317 dies
2501 2264 2799 2317 Servatoris
2855 2265 3024 2318 nostri
3078 2264 3375 2332 excipiendi

1845 2360 1987 2404 sunt.
2041 2346 2142 2405 Sed
2178 2352 2251 2405 illi
2283 2352 2496 2421 quidem
2521 2367 2641 2405 cum
2674 2353 2737 2404 ad
2768 2353 2928 2406 breve
2959 2360 3168 2419 tempus
3190 2368 3377 2421 super-

1845 2440 1998 2494 stites
2020 2433 2268 2503 fuissent,
2301 2440 2446 2495 brevi
2488 2441 2738 2495 exstincti
2774 2448 2920 2505 sunt,
2968 2456 3134 2509 quare
3166 2440 3280 2495 dies
3310 2441 3375 2494 il~

1844 2528 2016 2581 lorum
2044 2528 2374 2584 defecerunt.
2410 2530 2532 2585 Dies
2560 2546 2687 2584 vero
2718 2530 3016 2585 Servatoris
3044 2532 3215 2585 nostri
3245 2541 3376 2600 quot

1845 2619 1972 2682 sint,
2008 2633 2167 2688 supra
2194 2620 2521 2674 declaratum
2556 2620 2640 2674 bis
2661 2619 2837 2673 verbis
2870 2627 2952 2673 est
2981 2638 2993 2672 :
3032 2636 3049 2669 ‹
3090 2618 3373 2673 Permane-

1842 2706 1920 2760 bit
1953 2722 2073 2761 cum
2105 2709 2217 2762 sole
2252 2716 2305 2763 et
2344 2716 2466 2763 ante
2506 2710 2708 2773 lunam,
2738 2710 2794 2761 in
2826 2708 3195 2777 generationes
3217 2724 3377 2777 gene-

1842 2797 2128 2851 rationum.
2164 2818 2183 2849 ›
2250 2796 2651 2869 Consequenter
2680 2800 2744 2852 ad
2770 2800 2883 2852 haec
2910 2799 3070 2853 verba
3099 2800 3376 2869 discipulis

1845 2886 1956 2941 suis
1999 2886 2111 2940 haec
2137 2888 2405 2955 pollicitus
2445 2897 2561 2943 est:
2599 2907 2617 2938 ι
2652 2888 2790 2943 Ecce
2815 2903 2912 2958 ego
2947 2889 3222 2944 vobiscum
3258 2906 3375 2944 sum

1845 2989 2017 3042 usque
2060 2975 2126 3028 ad
2176 2978 2686 3030 consummationem
2737 2976 3025 3041 saeculi";
3060 2994 3079 3027 ι
3132 2977 3203 3029 ita
3233 2977 3376 3030 enim

1845 3080 1965 3118 cum
1994 3066 2105 3119 sole
2130 3080 2512 3134 permansurus
2540 3074 2674 3119 erat.
2703 3064 2884 3134 Itaque
2903 3066 2957 3118 in
2976 3066 3163 3119 diebus
3184 3067 3373 3133 ipsius,

186 3160 426 3229 ἡμέραις
460 3157 650 3220 αὐτοῦ,
692 3156 809 3208 καθ’
838 3155 901 3217 ἂς
928 3153 1340 3224 συμπαραμενεῖ
1368 3152 1443 3222 τῷ
1469 3152 1620 3221 ἡλίῳ,
1654 3153 1746 3205 καὶ

1849 3156 1996 3223 queis
2040 3170 2160 3208 cum
2211 3155 2321 3208 sole
2371 3147 2734 3223 permanebit,
2786 3160 2840 3207 et
2891 3154 3049 3206 simili
3096 3168 3201 3221 quo
3249 3154 3374 3207 luna

184 3250 388 3316 ὁμοίως
414 3247 618 3317 σελήνῃ
640 3244 736 3307 τὰς
763 3244 866 3296 τῶν
897 3245 952 3296 ὲν
976 3243 1146 3311 σκότῳ
1169 3244 1387 3310 φωτίσει
1415 3242 1606 3310 ψυχὰς,
1632 3242 1750 3293 ἁνα-

185 3336 393 3406 λάμψει
426 3337 525 3388 ἐπὶ
564 3334 740 3403 πάσης
773 3333 869 3402 τῆς
908 3332 1007 3401 γῆς
1052 3332 1444 3401 δικαιοσύνη·ῆ
1485 3329 1637 3384 κατὰ.
1658 3330 1746 3382 τὸν

199 3427 457 3490 Ἀκύλαν,
500 3442 521 3476 ι
555 3426 785 3486 δίκαιος·
829 3442 848 3474 ι
879 3422 1056 3474 οὐκέτι
1088 3421 1234 3491 παρὰ
1271 3421 1536 3483 Ἰουδαίοις
1571 3423 1748 3491 μόνοις

188 3516 308 3579 ἑνός
348 3532 455 3568 που
503 3515 599 3566 καὶ
626 3513 872 3582 δευτέρου
916 3510 1302 3580 ὀνομαζομένου
1354 3510 1579 3570 δικαίου,
1628 3508 1745 3562 καθ’

187 3605 318 3674 ὅλης
339 3605 397 3657 δὲ
419 3604 525 3672 τῆς
556 3602 873 3670 οἰκουμένης
908 3599 1107 3669 μυρίων
1131 3601 1187 3652 ὲν
1212 3598 1424 3667 Χριστῷ
1447 3597 1748 3667 δικαιουμέ-

190 3714 317 3748 νων.
358 3697 435 3748 Τὸ
460 3695 519 3747 δὲ
551 3692 751 3761 πλῆθος
776 3692 880 3743 τῶν
912 3690 1127 3742 δικαίων
1152 3690 1258 3741 τῶν
1291 3691 1345 3740 ὲν
1375 3692 1491 3750 ταῖς
1519 3689 1749 3759 ἡμέραις

188 3787 284 3837 τοῦ
309 3786 571 3854 Σωτῆρος
611 3782 906 3835 ἀνθούντων
939 3782 1031 3833 καὶ
1059 3782 1229 3850 φωτὸς
1266 3780 1416 3849 δίκην
1441 3777 1745 3830 ἀνατελλόν-

191 3892 299 3927 των
321 3874 530 3944 όμοίως
551 3871 627 3940 τῷ
653 3871 853 3924 ἑαυτῶν
876 3872 1112 3941 φωστῆρι
1139 3872 1346 3939 νοήσεις
1371 3868 1476 3921 ἀπὸ
1501 3868 1595 3920 τοῦ
1627 3868 1750 3937 πλή-

194 3964 319 4027 θους
346 3964 460 4017 τῶν
509 3961 817 4030 ἁπανταχοῦ
854 3962 954 4030 γῆς
994 3960 1278 4031 μαρτύρων
1320 3957 1478 4010 αὐτοῦ
1510 3957 1601 4009 καὶ
1644 3956 1749 4009 τῶν

194 4053 335 4106 κατά
358 4053 463 4123 τὴν
500 4050 824 4119 Ἐκκλησίαν
850 4048 1010 4101 αὑτοῦ
1038 4049 1126 4101 τὸν
1165 4046 1445 4114 άγγελικδν
1471 4047 1527 4097 ὲν
1554 4062 1748 4099 παντε-

194 4139 278 4192 λεῖ
304 4141 500 4210 ἁγνείᾳ
541 4136 938 4205 κατορθούντων
974 4134 1103 4204 βίον.
1134 4134 1287 4199 Εἰδὲ
1329 4133 1421 4185 καὶ
1448 4131 1746 4201 δικαιοσύνη

195 4230 254 4281 έν
284 4234 404 4293 ταῖς
429 4226 669 4298 ἡμέραις
694 4224 854 4277 αὐτοῦ
886 4222 1138 4293 ἀνθήσειν
1175 4223 1435 4284 λέλεκται,
1469 4222 1559 4272 καὶ
1598 4219 1751 4272 τοῦτο

195 4319 340 4381 ὅπως
365 4319 437 4372 δι’
474 4316 654 4385 ἔργων
698 4312 990 4383 πληροῦται
1027 4311 1138 4363 ἔστι
1185 4309 1514 4380 καταμαθεῖν
1551 4309 1614 4360 ἐκ
1656 4307 1748 4359 τοῦ

200 4408 275 4479 μὴ
305 4406 599 4467 Ἰουδαίους
639 4402 853 4473 μόνους,’
881 4399 1011 4454 ἀλλὰ
1056 4400 1148 4452 καὶ
1176 4400 1282 4451 πᾶν
1308 4398 1454 4460 ἔθνος
1477 4394 1751 4449 καλεῖσθαι

197 4498 292 4551 sui
313 4501 413 4570 τὴν
451 4494 634 4548 ἔνθεον
667 4492 864 4554 πίστιν,
897 4490 1109 4551 δούλους
1137 4506 1195 4540 τε
1222 4488 1278 4553 ἐξ
1306 4488 1418 4540 ῐσου
1450 4490 1558 4548 τοῖς
1600 4486 1747 4538 ἐλευ-

1846 3243 2037 3304 modo,
2087 3242 2295 3294 animas
2325 3240 2377 3293 in
2406 3240 2638 3293 tenebris
2674 3240 2877 3307 positas
2907 3239 3223 3291 illuminabit
3243 3278 3257 3301 ,
3286 3239 3377 3305 ju-

1843 3332 1987 3385 stitia
2054 3331 2249 3384 lucebit
2301 3331 2355 3382 in
2402 3329 2649 3381 universa
2697 3336 2867 3394 terra;
2917 3328 3030 3382 sive
3078 3328 3371 3381 secundum

1842 3420 2108 3491 Aquilam,
2149 3419 2391 3487 «justus.
2424 3437 2443 3469 ι
2480 3416 2587 3470 Nec
2619 3418 2757 3469 ultra
2806 3416 2945 3486 apud
2986 3415 3199 3470 Judaaos
3252 3424 3374 3467 tan-

1845 3520 1953 3563 tum
1994 3522 2134 3563 unus
2173 3513 2272 3561 aut
2318 3506 2452 3558 alter
2481 3505 2661 3571 justus
2710 3502 3106 3568 nominabitur;
3141 3503 3232 3557 sed
3280 3520 3375 3572 per

1844 3606 2010 3652 totum
2082 3597 2262 3650 orbem
2312 3592 2505 3648 inﬁniti
2553 3592 2608 3646 in
2647 3590 2860 3646 Christo
2920 3590 3373 3661 justiﬁcabuntur.

1846 3686 2231 3740 Multitudinem
2279 3691 2455 3737 autem
2497 3683 2787 3750 justorum,
2822 3680 2915 3749 qui
2959 3680 3013 3732 in
3039 3680 3227 3742 diebus
3257 3680 3378 3733 Ser-

1843 3775 2041 3828 vatoris
2062 3775 2226 3827 nostri
2250 3772 2559 3831 ﬂoruerunt,
2584 3776 2636 3823 et
2661 3768 2749 3836 qui
2782 3769 3000 3822 luminis
3030 3767 3214 3830 instar,
3244 3783 3369 3834 per-

1845 3864 1968 3916 inde
2008 3870 2167 3930 atque
2211 3862 2448 3928 ipsorum
2478 3857 2759 3921 luminare,
2794 3855 2963 3909 exorti
2996 3863 3139 3916 sunt,
3175 3855 3371 3907 intelli-

1846 3967 1937 4022 ges
1966 3967 2029 4005 ex
2055 3949 2396 4003 multitudine
2445 3954 2737 4015 martyrum
2782 3946 2898 4012 ejus
2942 3960 3036 4013 per
3074 3944 3375 3999 universam

1847 4048 2063 4103 terram,
2111 4051 2401 4106 eorumque
2445 4036 2534 4105 qui
2565 4036 2619 4088 in
2651 4033 2886 4087 Ecclesia
2921 4035 3038 4098 ejus
3082 4033 3374 4101 angelicam

1846 4130 2007 4181 vitam
2024 4142 2144 4180 cum
2166 4126 2311 4180 omni
2338 4126 2584 4179 castitate
2610 4123 2894 4175 duxerunt.
2928 4120 3079 4184 Quod
3103 4121 3147 4172 si
3176 4120 3375 4173 dictum

1846 4225 1947 4279 est,
1984 4217 2221 4269 futurum
2264 4228 2382 4268 esse
2414 4222 2471 4265 ut
2496 4211 2702 4279 justitia
2750 4210 2802 4262 in
2847 4207 3185 4280 diebuscjus
3217 4207 3377 4261 cillo-

1846 4312 2019 4359 rescat
2037 4322 2051 4369 ;
2069 4312 2120 4359 et
2147 4307 2249 4357 hoc
2272 4315 2382 4371 quo
2410 4308 2567 4369 pacto
2592 4298 2799 4354 eveniat
2830 4298 2954 4349 hinc
2983 4297 3211 4358 edisces,
3232 4296 3374 4363 (τυσιὰ

1848 4407 1954 4445 non
1987 4400 2190 4445 tantum
2222 4389 2413 4453 Judaei,
2441 4388 2531 4443 sed
2561 4388 2720 4440 etiam
2759 4400 2945 4439 omnes
2975 4392 3160 4453 gentes
3193 4383 3256 4441 ad
3286 4383 3373 4436 di-

1847 4481 2026 4534 vinam
2068 4479 2221 4532 ﬁdem
2247 4483 2447 4531 vocatae
2470 4477 2596 4536 sint,
2636 4488 2697 4525 ac
2739 4472 2875 4525 servi
2903 4472 3104 4539 pariter
3130 4478 3184 4526 et
3220 4469 3374 4524 liberi

198 4551 378 4657 θέροιξ
395 4585 693 4648 θεοσεϐεῖν,
721 4583 813 4636 καὶ
841 4551 1070 4650 πένητας
1103 4551 1297 4649 ὁμοίως
1324 4582 1435 4639 τοῖς
1460 4577 1747 4638 πλουσίοις,

1852 4572 2013 4625 Deum
2044 4569 2242 4627 colant,
2273 4577 2530 4634 pauperes
2563 4560 2779 4629 perinde
2803 4567 2961 4627 atque
2994 4560 3208 4623 divites,
3230 4558 3379 4628 pri-s-

196 4674 467 4744 ἀρχοντάς
495 4690 558 4725 τε
599 4672 695 4724 σὺν
717 4669 1033 4740 ἀρχομένοις
1062 4670 1156 4719 σὺν
1192 4666 1352 4733 πολλῇ
1378 4663 1508 4717 Θεοῦ
1553 4663 1749 4715 δικαιο-

199 4765 347 4838 σύνῃ.
378 4769 580 4824 Ὅπως
611 4763 667 4814 δὲ
692 4760 890 4828 πλῆθος
934 4760 1147 4828 εἰρήνης
1174 4754 1526 4808 ἀνατέταλκεν
1552 4755 1610 4805 ὲν
1634 4755 1749 4815 ταῖς

196 4854 557 4922 δηλωθείσαις
606 4850 698 4902 τοῦ
752 4849 992 4918 Σωτῆρος
1042 4846 1193 4917 ἡμῶν
1251 4842 1512 4911 ἡμέραις,
1566 4844 1749 4909 νοῆσαι

197 4942 338 4999 ἔστιν
376 4943 752 5009 ἐπιστήσαντα
772 4941 836 5007 τῇ
868 4936 1189 4989 καταστάσει
1211 4930 1317 4982 τῶν
1347 4927 1447 4999 πρὸ
1464 4931 1561 4997 τῆς
1584 4931 1747 4984 αὐτοῦ

199 5034 512 5099 παρουσίας
539 5030 890 5099 πραγμάτων.
924 5026 1057 5079 Καθ’
1083 5025 1148 5093 ῆν
1183 5020 1243 5071 τὸ
1272 5018 1485 5086 σύμπαν
1520 5019 1630 5071 τῶν
1668 5021 1753 5072 ἀν-

200 5122 437 5191 θρώπων
499 5120 653 5187 γένος
699 5116 913 5188 διῄρητο
955 5107 1405 5177 ἀποτετμημένων
1455 5106 1641 5175 ὥσπερ
1695 5108 1752 5172 ἐξ

202 5212 314 5275 ἑνὸς
366 5212 625 5280 σώματος
666 5208 743 5267 εἰς
777 5204 938 5274 μυρία
979 5192 1341 5263 διεσπαρμένα
1381 5191 1533 5280 μέλη,
1581 5192 1754 5280 ἄλλων

205 5299 377 5363 ἄλλως
418 5278 591 5351 ἐθνῶν
639 5294 798 5345 πάλαι
846 5290 1091 5359 πρότερον
1136 5278 1540 5347 ἀφωρισμένων,
1596 5279 1755 5330 πολε-

211 5388 454 5456 μούντων
487 5401 546 5437 τε
579 5382 816 5451 ἀλλήλοις
842 5381 929 5431 καὶ
952 5366 1374 5456 πολεμουμένων·
1402 5366 1490 5456 καί
1513 5365 1626 5456 τῶν
1652 5366 1752 5434 μὲν

210 5453 668 5546 τυραννουμένων,
702 5468 806 5521 τῶν
835 5466 887 5518 δὲ
913 5454 1432 5546 δημοκρατουμένων,
1455 5453 1664 5546 ἑτέρων
1694 5455 1752 5507 δὲ

215 5541 699 5636 ὀλίγαρχουμένων·
735 5555 999 5623 τοπάρχων
1019 5548 1134 5603 κατ’
1158 5542 1315 5605 ἔθνος
1354 5543 1440 5596 καὶ
1464 5541 1751 5610 τυράννων

291 5721 329 5751 ”
361 5716 542 5768 Matth.
587 5726 765 5771 xwm,
794 5707 874 5758 9.0.

1850 4663 1996 4730 cipes
2025 4672 2146 4711 cum
2168 4654 2419 4714 subditis,
2447 4666 2568 4704 cum
2593 4650 2758 4702 multa
2791 4646 2881 4700 Dei
2921 4647 3129 4715 justitia
3156 4648 3275 4718 [pie
3298 4649 3379 4700 vi-

1852 4747 2031 4818 vant}.
2083 4744 2198 4810 Quo
2225 4750 2381 4811 pacto
2414 4748 2588 4792 autem
2632 4735 2959 4790 abundantia
2989 4737 3136 4803 pacis
3176 4736 3232 4787 in
3274 4751 3380 4788 me.

1854 4836 2073 4892 moratis
2102 4830 2392 4886 Salvatoris
2422 4826 2591 4881 nostri
2613 4826 2797 4879 diebus
2824 4828 2941 4873 orta
2971 4824 3065 4886 sit,
3092 4824 3257 4892 probe
3284 4824 3380 4875 in-

1850 4926 2105 4995 telligitur
2143 4936 2208 4976 ex
2257 4932 2435 4971 rerum
2484 4922 2607 4969 ante
2654 4914 2883 4982 primum
2935 4911 3055 4979 ejus
3095 4912 3379 4965 adventum

1849 5012 2171 5071 conditione.
2225 5007 2341 5071 Quo
2389 5013 2623 5071 tempore
2667 5010 2833 5055 totum
2884 4997 3182 5052 humanum
3213 5015 3384 5067 genus

1852 5118 1949 5157 ceu
1979 5117 2043 5155 ex
2076 5112 2184 5153 uno
2224 5108 2448 5162 corpore
2493 5092 2546 5143 in
2582 5090 2782 5143 inﬁnita
2806 5084 3047 5137 membra
3095 5086 3221 5138 hinc
3258 5085 3387 5139 inde

1854 5192 2091 5260 dispersa
2117 5187 2343 5241 divisum
2370 5190 2505 5234 erat.
2568 5178 2697 5231 Nam
2724 5181 2911 5260 gentes
2942 5173 3065 5225 alia:
3086 5174 3197 5260 alio
3229 5173 3390 5225 modo

1855 5294 1884 5332 a
1906 5257 2097 5348 priscis
2120 5275 2229 5342 jam
2258 5268 2581 5337 temporibus
2600 5263 2784 5316 divisae
2802 5257 3021 5348 luerunt
3038 5258 3390 5348 ;_bellumque

1857 5343 1994 5421 inter
2019 5379 2075 5418 se
2103 5360 2386 5432 gerebant,
2435 5354 2501 5407 ab
2544 5353 2767 5418 aliisque
2801 5343 3260 5432 itnpugna-bantur
3294 5350 3398 5432 aet

1858 5456 1947 5508 alii
1970 5427 2179 5522 quidem
2208 5445 2446 5515 tyrannis
2470 5439 2667 5495 subditi
2695 5438 2875 5491 erant,
2921 5427 3015 5479 alii
3039 5427 3396 5522 democratiu,

1859 5546 1945 5598 alii
1981 5515 2266 5613 paucorum
2316 5534 2586 5590 dominatu
2618 5523 2991 5595 regebantur.
3045 5515 3319 5584 loparcha:
3344 5523 3405 5569 et
