3796 6364
146 418 239 473 805

1247 405 1736 459 COMMENTARIA
1776 406 1840 460 IN
1880 406 2207 463 PSALMOS.

3198 413 3298 468 806

146 548 222 582 τεν
256 525 495 591 Ἰωάννης
518 523 546 573 6
575 517 902 585 Βαπτιστής.
943 517 1095 569 Ἐὁόα
1113 519 1155 570 δ’
1184 513 1273 569 οὖν
1293 518 1478 585 λέγων·
1518 536 1536 566 ι
1574 517 1669 567 E6-

1770 520 2138 586 cvangelizans
2170 519 2436 573 desertum
2482 521 2534 573 in
2581 537 2687 590 quo
2716 523 3034 591 prazdicabat
3064 521 3298 579 Joannes

148 615 406 687 φράνοητι,
454 611 658 679 ἔρημος
694 608 919 675 διψῶσα,
952 607 1284 675 ἁγαλλιάσθω
1328 609 1526 678 ἔρημος
1569 609 1661 659 καὶ

148 703 346 758 ἀνθείτω
374 701 448 760 ὡς
475 697 658 766 κρίνον
679 712 692 725 ·
729 695 822 746 καὶ
852 695 1123 765 ὲξανθήσει
1155 697 1246 747 καὶ
1289 695 1662 763 ἀγαλλιάσεται

147 795 202 844 τὰ
226 792 392 860 ἔρημα
418 787 508 838 τοῦ
549 785 830 854 Ἰορδάνου.
873 803 890 834 ι
947 787 1084 836 ’Λντὶ
1116 786 1254 848 τίνος
1282 786 1385 856 γὰρ
1427 786 1522 854 οὐχ
1550 785 1664 836 ὲτὲ-

152 897 226 950 ρου
261 879 522 947 μέμνηται
583 873 828 941 ποταμοῦ
875 877 902 925 6
933 873 1176 935 τοσοῦτος
1217 876 1512 944 προφήτης,
1553 873 1664 926 ἀλλ’

148 966 286 1018 αὑτοῦ
327 964 416 1015 τοῦ
459 963 722 1031 Ἰορδάνου
758 962 850 1012 καὶ
895 963 990 1032 τῆς
1023 964 1222 1031 ἐρήμου
1265 965 1402 1031 ἀμφὶ
1451 963 1663 1014 τοῦτον

148 1051 452 1122 εὐφροσύνην
491 1067 550 1103 τε
600 1052 695 1104 καὶ
739 1051 1045 1116 ἁγαλλίασιν
1073 1054 1136 1119 τῇ
1183 1053 1368 1121 ἐρήμῳ
1414 1051 1503 1103 τοῦ
1544 1054 1671 1121 Ἰορ-

149 1146 301 1205 δάνου,
330 1141 438 1192 ἀλλ’
459 1141 580 1209 ούχὶ
608 1143 675 1209 τῇ
716 1141 1079 1212 Ἰερουσαλὴμ,
1101 1141 1217 1193 οὐδὲ
1249 1145 1312 1210 τῇ
1343 1142 1494 1211 λοιπῇ
1541 1143 1668 1192 Ἰου-

148 1232 252 1299 δαίᾳ
306 1227 738 1295 εὐαγγελίζεται;
801 1230 1002 1281 Οὐκοῦν
1056 1231 1242 1299 ἔχομεν
1286 1232 1375 1282 καὶ⁸
1417 1231 1563 1299 παρὰ
1595 1230 1670 1299 τῷ

160 1317 328 1384 Ἡσαΐᾳ
367 1317 462 1385 τὴν
490 1317 724 1386 δήλωσιν
774 1317 864 1368 τοῦ
899 1318 1135 1387 ποταμοῦ
1182 1320 1305 1388 περὶ
1356 1313 1415 1370 οὗ
1449 1335 1604 1386 φησιν
1643 1321 1671 1370 6

149 1405 311 1474 παρὼν
337 1406 508 1471 λόγος,
546 1425 564 1455 ι
596 1407 708 1458 Καὶ
741 1407 846 1458 ἁπδ
893 1408 1129 1477 ποταμοῦ
1155 1408 1257 1470 ἕως
1299 1409 1401 1460 τῶν
1428 1409 1671 1478 περάτων

149 1498 228 1563 τῆς
247 1496 561 1565 οἰκουμένης
597 1515 616 1546 ι
649 1496 1093 1566 κατακυριεύσειν
1141 1497 1226 1548 τὸν
1270 1498 1672 1566 προφητευόμε-

151 1603 239 1636 νον.
289 1585 610 1653 Ὀφθάλμοίς
645 1586 703 1638 δὲ
742 1586 1068 1656 παραλαϐεῖν
1115 1585 1225 1638 ἐστι
1273 1586 1336 1637 δι’
1366 1586 1535 1656 ἔργων
1585 1603 1673 1638 κε-

148 1673 428 1739 χωρηκυίας
455 1672 555 1733 τὰς
585 1675 1086 1743 προαναφωνήσεις,
1127 1673 1359 1740 ὁρῶντας
1393 1675 1548 1744 μέχρι
1568 1677 1673 1728 τῶν

149 1762 365 1826 περάτων
395 1761 493 1828 τῆς
521 1763 624 1831 γῆς
654 1765 712 1814 ὲν
738 1766 860 1824 ταῖς
899 1763 1230 1832 Ἐκκλησίαις
1259 1763 1414 1814 αὐτοῦ
1442 1765 1675 1833 κυριολο-

147 1849 376 1917 γούμενον
406 1851 495 1902 τὸν
526 1849 769 1920 Χριστὸν
789 1853 878 1903 τοῦ
912 1850 1063 1904 Θεοῦ.

207 1956 225 1986 ‹
274 1939 518 1990 Ἐνώπιον
566 1939 730 1992 αὑτοῦ
773 1941 1155 2011 προπεσοῦνται
1193 1943 1455 2005 Αἰθίοπες,
1491 1943 1581 1995 κα)⁸
1614 1945 1659 1994 οἱ

148 2026 304 2094 ἐχθροὶ
320 2029 474 2080 αὐτοῦ
506 2029 634 2098 χοῦν
667 2031 726 2082 λε
739 2031 922 2094 1ίξουσι.
955 2051 972 2081 ι
1001 2031 1184 2100 Σφόδρ’
1210 2032 1505 2094 ἀκολούθως
1531 2032 1664 2101 μετὰ

148 2114 197 2164 τὸ
221 2118 394 2178 εἰπεῖν,
434 2139 451 2167 ε
483 2121 922 2191 Κατακυριεύσει
970 2122 1074 2173 ἀπὸ
1119 2121 1384 2190 Θαλάσσης
1419 2123 1520 2184 ἕως
1568 2121 1662 2174 θα-

148 2202 340 2274 λάσσης,
364 2209 452 2259 καὶ
483 2210 590 2262 ἀπὸ
622 2210 873 2280 ποταμοῦ
903 2211 1004 2272 ἕως
1028 2211 1268 2280 περάτων
1298 2212 1394 2279 τῆς
1418 2211 1664 2280 οίκουμέ-

151 2308 246 2360 νης,
273 2311 289 2342 ι
311 2296 576 2350 Αἰθιόπων
603 2299 1026 2369 ἐμνημόνευσεν,
1051 2299 1098 2350 οἳ
1123 2298 1188 2350 τά
1209 2297 1402 2366 ἔσχατα
1425 2298 1521 2365 τῆς
1547 2298 1663 2350 καθ’

150 2382 274 2449 ἡμᾶς
313 2387 624 2458 οἰκουμένης
651 2388 883 2451 οἰκοῦσι,
915 2387 983 2440 τά
1012 2404 1068 2438 τε
1116 2387 1249 2457 πρὸς
1277 2387 1530 2449 ἀνατολὰς
1574 2387 1665 2440 καὶ

152 2472 207 2522 τὰ
240 2473 360 2541 πρὸς
386 2474 572 2528 δύοντα
613 2477 788 2545 ἣλιον.
826 2475 983 2527 Ὅθεν
1011 2475 1101 2527 καὶ
1141 2475 1287 2543 παρὰ
1315 2478 1422 2537 τοῖς
1450 2474 1550 2538 ἔξω
1573 2476 1664 2528 τοῦ

154 2559 252 2609 καθ’
287 2563 420 2630 ήμᾶς
456 2563 612 2632 λόγου
640 2565 784 2618 κατὰ
810 2564 965 2632 φύσιν
989 2563 1228 2634 εἰρῆσθαι
1251 2563 1392 2616 δοκεῖ
1424 2564 1496 2627 τὸ,

207 2751 483 2825 ᾖξθίοπας,
512 2757 598 2808 τοὶ
631 2757 809 2825 διχθὰ
837 2756 1128 2808 δεδαίαται
1155 2757 1392 2825 ἔσχατοι
1419 2757 1663 2824 ἀνδρῶν’

210 2821 265 2869 Ol
287 2819 395 2885 μὲν
421 2819 763 2892 δυσομένόυ
793 2827 1120 2891 ὺπερίονος,
1149 2827 1200 2877 οἱ
1222 2819 1272 2876 6“
1299 2819 1583 2890 ἀνιόντᾰς.

157 2963 246 3014 Καὶ
289 2968 340 3017 ὲν
373 2969 537 3040 ἑτέρῳ
569 2973 625 3024 δὲ
676 2973 891 3043 εἴρηται
930 2971 1158 3041 ψαλμῷ·
1189 2992 1207 3024 ι
1241 2973 1488 3028 Αἰθιοπία
1537 2994 1666 3044 προ-

157 3047 322 3108 φῦἀσει
363 3059 513 3124 χεῖρα
546 3059 715 3127 αὐτῆς
751 3057 822 3127 τῷ
851 3057 998 3126 Θεῷ⁹
1043 3076 1060 3107 )
1095 3059 1185 3109 καὶ
1213 3059 1366 3109 πάλιν
1405 3061 1460 3111 ἐν
1500 3059 1666 3128 ἑτέρῳ

158 3143 378 3214 προφήτῃ
413 3145 686 3201 λέλεκταιυ
731 3167 748 3198 ι
791 3150 883 3200 Ἐκ
925 3149 1168 3219 περάτων
1207 3149 1458 3218 ποταμῶν
1497 3150 1669 3201 Αἰθιο-

159 3226 266 3289 πίας
289 3231 510 3288 οἴσουσιν
532 3239 720 3302 οὐσίας
751 3256 855 3308 μοι.
897 3257 914 3289 ι
950 3239 1057 3290 Καὶ
1088 3240 1144 3289 ἐν
1166 3240 1274 3300 τοῖς
1303 3239 1671 3308 προκειμένοις

158 3313 202 3363 δὲ
237 3318 521 3387 ἀκολούθως
562 3327 769 3390 τούτοις
802 3327 881 3391 τὸ,
926 3347 945 3378 ‹
996 3326 1246 3379 Ἐνὼπιον
1276 3326 1433 3378 αὑτοῦ
1476 3344 1673 3397 προπε-

161 3404 345 3460 σοῦνται
387 3414 654 3480 Αἰθίοπες,
698 3439 715 3466 ι
753 3416 1077 3481 θεσπίζεται.
1130 3419 1204 3469 Δι’
1239 3411 1309 3468 ὦν
1357 3417 1605 3469 ἁπάντων
1644 3418 1672 3468 6

159 3491 292 3560 λόγος
343 3505 586 3571 σημαίνει
623 3509 693 3560 τὰ
740 3507 938 3574 ἔσχατα
969 3507 1062 3574 τῆς
1092 3507 1192 3576 γῆς
1224 3507 1317 3576 τὴν
1345 3506 1432 3558 τοῦ
1468 3523 1672 3575 προφη-

159 3588 412 3656 τευομένου
457 3594 657 3659 γνῶσιν
720 3595 1099 3665 ἀναλήψεσθαι,
1149 3595 1239 3647 καὶ
1291 3595 1671 3664 προσκυνήσειν

160 3673 302 3742 αύτῷ,
350 3686 782 3750 προσπίπτοντας
814 3687 905 3737 καὶ
952 3685 1077 3751 γόνυ
1105 3685 1393 3746 κλίνοντας.
1420 3686 1502 3735 Δι’
1529 3684 1556 3735 ὃ
1587 3683 1670 3735 λέο

160 3757 319 3816 λεκται
374 3771 511 3823 κατὰ
559 3775 650 3826 τὸν
706 3773 953 3826 Ἀκύλαν·
999 3791 1016 3823 ι
1057 3775 1148 3835 Εἰς
1188 3774 1468 3843 πρόσωπον
1508 3773 1667 3825 αὑτοῦ

162 3847 431 3919 κὰμψουσιν
495 3861 775 3923 Αἰθίοπες·
834 3880 851 3911 ι
905 3860 1042 3914 κατὰ
1096 3860 1151 3912 δὲ
1205 3861 1293 3912 τὸν
1349 3859 1664 3929 Σύμμαχον·

166 3956 181 3983 ι
207 3940 527 4014 Ἐμπροσθεν
573 3951 736 4004 αὑτοῦ
781 3950 1086 4004 όκλάσουσιν
1128 3951 1396 4013 Αἰθίοπες.
1440 3970 1456 4001 ι
1493 3951 1586 4003 Διὰ
1613 3951 1668 4004 δὲ

161 4026 248 4080 τῶν
271 4035 523 4091 Αἰθιόπων
551 4041 658 4093 τῶν
690 4041 758 4093 τὰ
786 4041 983 4111 ἔσχατα
1013 4043 1108 4110 τῆς
1135 4042 1236 4109 γῆς
1273 4043 1554 4095 οἰκούντων
1578 4043 1667 4095 καὶ

161 4116 217 4167 τὰ
235 4120 348 4174 εἴσω
368 4128 460 4195 τῆς
499 4131 816 4200 οἰκουμένης
855 4132 976 4200 ἔθνη
1015 4132 1286 4200 δηλοῦνται
1340 4131 1444 4183 Kal.
1476 4133 1670 4201 πρόδη-

163 4203 234 4258 λον
258 4211 391 4277 ὅπως
420 4219 726 4290 ἁπανταχοῦ
749 4222 848 4290 γῆς
868 4224 914 4273 οἱ
943 4223 1019 4283 εἰς
1045 4221 1198 4273 αὑτὸν
1236 4223 1664 4284 πεπιστευκότες,

163 4296 268 4380 γόνυ
301 4303 559 4371 κλίνοντες
587 4311 681 4363 καὶ
712 4312 787 4372 είς
815 4310 975 4379 αύτὴν
1008 4312 1390 4380 προπίπτοντες
1421 4311 1515 4380 τὴν
1544 4311 1663 4380 γῆν,

165 4379 215 4432 δι’
245 4387 390 4442 αὑτοῦ
429 4393 525 4464 τὴν
561 4395 919 4467 προσκύνησιν
950 4395 1024 4464 τῷ
1070 4396 1158 4446 ἐπὶ
1188 4395 1396 4447 πάντων
1428 4393 1666 4462 ἀναπέμ-

166 4485 300 4574 πουσι
325 4477 453 4548 Θεῷ.
501 4483 661 4537 Ἀλλὰ
706 4487 796 4538 καὶ
831 4486 877 4536 οι
912 4483 1090 4553 ἐχθροὶ
1135 4482 1314 4544 αὐτοῦ.
1358 4483 1506 4552 φησι»
1539 4482 1665 4550 χοῦν
1697 4519 1740 4574 ι)

165 4555 413 4628 λείξουσιν,
442 4571 848 4642 ὲξομοιωθὲντες
885 4573 959 4641 τῷ
994 4569 1194 4623 ἑαυτῶν
1228 4571 1387 4639 πατρὶ
1426 4569 1502 4638 τῷ
1526 4571 1661 4637 ὄφει,

167 4646 240 4698 ἐπὶ
265 4651 334 4720 τῷ
362 4659 537 4727 στήθει
592 4663 680 4713 καὶ
711 4665 774 4732 τῇ
812 4661 984 4728 κοιλίᾳ
1025 4657 1381 4728 πορευομένῳ,
1428 4657 1518 4708 καὶ
1565 4655 1665 4725 γῆν

168 4733 364 4795 ἐσθίοντι
389 4748 525 4800 κατὰ
549 4751 648 4819 τὴν
676 4751 732 4814 ἐξ
761 4749 929 4820 ἀρχῆς
965 4747 1250 4816 γενομένην
1281 4744 1422 4814 αύτῷ
1454 4745 1668 4815 προστί-

164 4839 318 4892 μησιν.
352 4834 499 4887 Οὕτω
545 4839 591 4890 δ’
619 4837 712 4894 οὖν
755 4841 872 4908 ὄψει
906 4839 1026 4897 τοὺς
1075 4836 1171 4903 τῆς
1209 4835 1522 4902 Ἑκκλησίας
1576 4833 1666 4884 τοῦ
1699 4908 1704 4914 δ

156 4911 353 4978 Χριιντοῦ
391 4923 683 4992 πολεμίους
710 4929 797 4981 τὸν
825 4926 949 4996 χοῦν
976 4925 1066 4977 καὶ
1104 4925 1198 4986 τὰς
1233 4923 1538 4992 σωματικὰς
1563 4923 1672 4992 ήδο-

157 4997 233 5061 νὰς
256 5010 768 5082 περιλιχμωμένους.
800 5017 860 5067 El
887 5015 991 5083 γὰρ
1028 5013 1086 5066 τὸ
1122 5013 1293 5082 σῶμα,
1322 5006 1468 5080 ᾧπερ
1499 5014 1670 5063 κεῖται

157 5087 345 5165 ἡψυκῆν
367 5099 488 5167 χοῦς
515 5104 610 5155 ἁνε
629 5110 804 5177 ίρηται
827 5104 962 5157 κατὰ
986 5103 1080 5172 τὴν
1103 5103 1406 5169 φάσκουσαν
1432 5101 1664 5169 Γραφήν·

165 5193 179 5221 ί
215 5181 418 5239 Ἔλαϐεν
442 5192 468 5241 6
495 5191 635 5258 Θεὸς
669 5194 795 5263 χοῦν
831 5194 934 5245 ἀπὺ
961 5193 1058 5261 τῆς
1085 5191 1204 5259 γῆς,
1236 5191 1327 5242 καὶ
1360 5188 1554 5238 ἔπλασε
1580 5189 1668 5239 τὸν

163 5265 434 5338 ἅνθρωπονο
474 5299 492 5330 ι
522 5285 568 5334 οἱ
625 5288 715 5338 τὸν
759 5283 883 5353 χοῦν
939 5278 1385 5351 περιλιχμώμενοι
1438 5277 1528 5328 καὶ
1574 5279 1667 5340 τάς

164 5356 244 5423 τῆς
268 5367 446 5434 σαρκὸς
469 5371 799 5439 ἡδυπαθείας
840 5373 1096 5440 τιμῶντες
1129 5369 1496 5449 διαϐέϐληνται
1539 5368 1669 5418 εἰκό-

171 5460 273 5508 τωςς
305 5453 370 5515 ὡς
405 5457 464 5510 ἂν
493 5462 673 5532 ἐχθροὶ
712 5462 804 5513 τοῦ
834 5463 1090 5530 σωτηρίου
1133 5460 1479 5528 τυγχάνοντες
1493 5457 1663 5523 λόγου.

185 5531 299 5589 ’ᾹὈΒ
335 5540 463 5599 οὗτοι
508 5554 598 5620 μὲν
643 5549 897 5603 τοιοῦτοι·
940 5551 997 5601 τὸ
1033 5550 1076 5601 δ’
1108 5551 1286 5618 ἕτερον
1335 5548 1513 5615 τάγμα
1563 5546 1665 5601 τῶν

238 5689 272 5720 ³³
304 5691 397 5752 lsa.
424 5715 574 5764 xxxv,
618 5719 652 5753 I.
740 5701 784 5729 ³⁸
826 5698 972 5753 “0m-
1011 5700 1169 5768 θίίέἰδ·
1204 5703 1248 5756 ῖ-

1360 5701 1398 5730 3“
1426 5697 1559 5752 Pani.
1603 5715 1764 5764 LXVII,
1796 5701 1880 5752 32.

1765 603 2019 674 Baptista.
2064 606 2151 661 Sic
2185 609 2272 661 ille
2304 609 2565 661 clamabat
2601 629 2612 663 :
2656 629 2672 658 ι
2705 611 2906 666 Lmtarc
2934 613 3201 671 desertum
3233 620 3302 674 si-

1764 693 1933 754 tiens,
1969 695 2199 748 exsultet
2227 696 2460 748 solitudo
2497 705 2546 750 et
2577 697 2759 750 ﬂoreat
2809 702 2950 753 sicut
3001 703 3167 756 lilium
3199 725 3212 759 :
3246 718 3301 761 et

1763 781 2025 836 ﬂorebunt
2053 793 2105 837 et
2127 785 2470 838 exsultabunt
2491 787 2699 840 deserta
2724 787 2968 844 Jordauis
2985 791 3046 845 ⁸⁸.
3063 812 3080 842 ι
3121 794 3300 859 Quare

1765 887 1870 924 non
1903 874 2039 926 alius
2081 874 2317 927 ﬂuminis
2357 877 2678 928 mentionem
2723 886 2904 931 tantus
2931 883 3185 950 prepheta
3220 885 3298 938 fa-

1765 962 1868 1021 cit,
1909 978 2066 1030 quam
2111 963 2390 1026 Jordanis,
2440 974 2491 1018 et
2526 967 2829 1020 solitudinis
2871 971 3298 1040 circumposita;

1766 1052 2111 1120 laetitiamque
2153 1061 2204 1106 et
2248 1055 2653 1109 exsultationem
2693 1057 2904 1111 deserto
2932 1059 3182 1116 Jordanis
3205 1079 3300 1116 an-

1767 1142 1994 1202 nuntiat,
2029 1157 2132 1194 non
2156 1151 2328 1195 autem
2359 1142 2832 1213 Jerosolymmmec
2857 1149 3296 1216 rcliquaeJudzeaz.

1767 1229 1930 1282 Adest
1977 1244 2106 1282 sane
2139 1229 2277 1297 apud
2327 1231 2499 1297 ipsum
2534 1230 2720 1284 Isaiam
2779 1232 3070 1288 declaratio
3127 1235 3298 1289 ﬂumic

1768 1318 1873 1379 nis,
1907 1319 1972 1371 de
2005 1333 2112 1386 quo
2147 1319 2234 1370 hic
2277 1319 2492 1383 dicitur,
2527 1339 2546 1369 ‹
2589 1320 2650 1371 Et
2697 1336 2725 1373 a
2770 1321 2986 1378 ﬂumine
3031 1341 3200 1393 usque
3231 1327 3298 1379 ad

1766 1408 2029 1460 terminus
2075 1408 2219 1460 orbis
2256 1415 2513 1460 terrarum
2553 1429 2569 1458 ι
2603 1408 2996 1464 dominaturum
3031 1428 3150 1467 esse
3177 1430 3298 1467 eum

1769 1495 1859 1563 qui
1889 1496 1942 1547 in
1979 1496 2232 1548 vaticinio
2264 1497 2449 1550 fertur.
2510 1497 2762 1566 Licetque
2793 1501 3184 1566 praedictionem
3219 1503 3300 1556 vel

1769 1585 1900 1653 ipsis
1929 1586 2099 1638 oculis
2120 1587 2430 1653 completam
2455 1586 2864 1655 deprehendere,
2886 1604 3005 1642 cum
3030 1591 3300 1643 videamus

1770 1675 2042 1728 Christum
2077 1674 2167 1727 Dei
2200 1691 2370 1743 usque
2398 1676 2462 1727 ad
2485 1678 2743 1731 terminos
2767 1683 2921 1731 terra:
2962 1679 3013 1731 in
3050 1679 3301 1734 Ecclesiis

1775 1763 1892 1830 ejus
1920 1770 1978 1815 ut
2004 1761 2281 1816 Dominum
2312 1765 2586 1818 celebrari.

1833 1937 1993 1992 Vens.
2036 1939 2211 1991 9-H.
2260 1957 2278 1988 ‹
2313 1938 2502 1991 Coram
2546 1941 2634 1992 illo
2678 1941 2954 2008 procident
2997 1941 3298 2010 JEthiopes,

1763 2038 1813 2082 et
1842 2028 2041 2081 inimici
2075 2028 2192 2094 ejus
2223 2036 2418 2082 terram
2454 2030 2671 2098 litigent.
2710 2049 2730 2080 ›
2791 2031 3084 2084 Admodum
3112 2048 3301 2086 conse-

1761 2124 2004 2185 quenter,
2050 2125 2329 2185 postquam
2377 2119 2602 2181 dixerat,
2643 2139 2662 2167 ‹
2692 2118 3059 2173 Dominabitur
3089 2136 3118 2173 a
3150 2137 3300 2175 mare

1763 2223 1930 2275 usque
1960 2207 2022 2259 ad
2048 2221 2215 2267 mare,
2255 2215 2306 2259 et
2337 2222 2365 2259 a
2390 2207 2605 2260 ﬂumine
2649 2224 2817 2277 usque
2844 2209 2906 2260 ad
2935 2210 3190 2264 terminos
3216 2225 3298 2263 or-

1763 2299 1844 2353 bis
1873 2307 2154 2357 terrarum,
2182 2315 2200 2348 ι
2231 2295 2513 2367 Ᾰῦιιιίορεε
2544 2299 2875 2360 memoravit.
2910 2301 2998 2367 qui
3029 2301 3176 2354 orbis
3203 2317 3299 2356 no-

1762 2387 1856 2439 stri
1903 2395 2140 2438 extrema
2192 2385 2468 2452 incolunt,
2506 2396 2614 2437 tum
2653 2401 2712 2439 ea
2760 2403 2878 2454 quae
2921 2387 2984 2439 ad
3015 2389 3294 2451 orientem,

1762 2482 1874 2527 tum
1906 2489 1966 2528 ea
1994 2489 2112 2542 qua:
2137 2472 2202 2525 ad
2225 2487 2473 2526 occasum
2495 2475 2625 2528 solis
2651 2477 2751 2528 sita
2787 2481 2952 2528 sunt..
2981 2473 3132 2530 Unde
3155 2479 3296 2546 apud

1761 2574 1992 2624 exteros,
2035 2563 2196 2616 dictis
2221 2563 2423 2616 nostris
2453 2577 2684 2616 consona
2725 2563 3018 2616 secundum
3043 2565 3118 2618 rei
3149 2574 3299 2620 natu-

1763 2667 1875 2704 ram
1909 2652 2174 2705 habentur
2200 2651 2252 2703 in
2277 2650 2366 2703 illo
2388 2666 2404 2702 :

1833 2762 2107 2830 ᾸῐιΙιίορακ
2130 2763 2216 2830 qui
2237 2761 2479 2830 bifariam
2502 2764 2656 2816 divisi
2676 2773 2793 2816 sunt
2823 2764 2990 2816 ultimi
3011 2764 3294 2827 hominum,

1833 2833 1939 2884 Alii
1969 2829 2170 2901 quidem
2211 2829 2277 2882 ad
2325 2831 2667 2895 occidentem,
2718 2833 2812 2885 alii
2843 2832 2909 2884 ad
2940 2834 3180 2970 mamma):
3207 2850 3299 2970 1so-

1765 2989 1822 3041 ln
1854 2989 1958 3042 alio
1985 3005 2196 3058 quoque
2222 2991 2424 3057 psalmo
2457 2989 2657 3041 dictum
2681 2997 2761 3043 est
2797 3007 2809 3042 :
2847 2989 3147 3057 uEthiopia
3180 3005 3299 3057 por-

1764 3079 1898 3145 riget
1931 3094 2142 3132 manum
2177 3094 2326 3132 suam
2360 3077 2468 3131 Deo
2497 3077 2572 3140 ³⁶;
2603 3097 2622 3128 ι
2657 3093 2718 3130 ac
2754 3078 2942 3130 iterum
2981 3079 3034 3129 in
3061 3079 3164 3130 alio
3181 3093 3299 3145 pro-

1769 3167 1970 3230 pheta:
2024 3185 2041 3215 ι
2078 3166 2150 3217 Ex
2201 3167 2442 3220 terminis
2488 3164 2762 3218 ﬂuminum
2796 3164 3080 3232 A‘Jthiopia‘
3128 3166 3298 3220 ferent

1771 3254 2122 3308 substantiam
2173 3253 2388 3306 mihi".
2429 3271 2446 3302 ι
2485 3253 2538 3304 In
2591 3252 2676 3305 his
2721 3253 2844 3304 item
2889 3267 3125 3305 consona
3167 3268 3296 3308 voce

1769 3342 2090 3394 vaticinatur
2119 3341 2226 3403 ille,
2266 3359 2284 3391 ι
2311 3342 2500 3392 (Zoram
2534 3340 2623 3391 illo
2651 3341 2929 3407 procident
2957 3340 3291 3409 Ethiopes.»

1769 3428 1930 3492 Queis
1955 3429 2204 3481 omnibus
2227 3427 2555 3496 significatur
2580 3426 2837 3490 futurum,
2862 3437 2917 3478 ut
2943 3429 3155 3482 termini
3189 3438 3296 3482 ter-

1768 3532 1839 3569 ra:
1871 3515 1988 3582 ejus
2035 3515 2123 3583 qui
2163 3516 2215 3567 in
2259 3515 2536 3583 prophetia
2583 3515 2888 3566 enuntiatur
2943 3515 3293 3583 cognitionem

1768 3605 2045 3673 recipiant,
2083 3619 2144 3657 ac
2183 3605 2520 3672 procidentes
2547 3608 2598 3656 et
2627 3617 2799 3670 genua
2847 3599 3138 3665 ﬂectentes,
3173 3605 3298 3657 adeo

1766 3699 1884 3744 rent
1911 3693 2108 3760 ipsum.
2143 3691 2516 3755 Quamobrem,
2551 3687 2844 3742 secundum
2871 3689 3138 3757 Aquilam,
3168 3690 3299 3744 dici-

1766 3787 1872 3844 tur,
1913 3797 1932 3828 ‹
1961 3780 2040 3833 Ad
2090 3779 2276 3832 faciem
2319 3778 2436 3844 ejus
2479 3775 2776 3830 curvabunt
2827 3790 2885 3828 se
2925 3774 3239 3846 Ethiopes;
3271 3795 3292 3828 ι

1767 3867 2057 3922 secundum
2095 3864 2465 3935 Symmachum
2496 3871 2693 3921 autem,
2731 3881 2747 3911 ι
2779 3861 2834 3914 In
2866 3874 3155 3932 conspectu
3179 3868 3296 3932 ejus

1763 3955 2113 4024 procumbent
2168 3953 2468 4020 1Ethiopes.
2507 3971 2525 4002 ι
2564 3949 2664 4004 Per
2689 3949 2964 4016 Aithiupes
2993 3959 3166 4004 autem
3205 3954 3296 4021 qui

1765 4051 2000 4096 extrema
2027 4049 2180 4094 teme
2207 4041 2464 4102 incolunt,
2494 4047 2675 4106 gentes
2698 4039 2856 4090 etiam
2892 4053 3010 4105 qua:
3041 4039 3178 4092 intra
3213 4058 3297 4093 or-

1765 4130 1886 4184 bem
1926 4136 2072 4194 sunt,
2121 4129 2442 4182 indicantur.
2495 4126 2932 4193 Manifestumquc
2974 4137 3076 4191 est,
3101 4129 3296 4197 ubique

1766 4225 2050 4279 terrarum,
2090 4216 2181 4284 qui
2209 4216 2260 4267 in
2290 4215 2461 4283 ipsum
2485 4214 2728 4275 credunt,
2752 4228 2921 4281 genua
2949 4213 3222 4268 ﬂectentes
3243 4223 3297 4268 et

1766 4307 1819 4356 in
1842 4314 2037 4357 terrain
2063 4303 2493 4372 procumbentes,
2513 4316 2604 4369 per
2619 4315 2739 4352 eum
2757 4300 3128 4356 adorationem'
3142 4317 3293 4355 suam

1765 4394 2136 4446 universorum
2167 4393 2270 4445 Deo
2293 4392 2552 4444 emittere.
2586 4387 2694 4441 lmo
2720 4389 2875 4442 etiam
2911 4391 3005 4451 ait,
3037 4410 3054 4442 ι
3090 4391 3294 4444 Inimici

1766 4485 1882 4550 ejus
1915 4490 2109 4536 terram
2149 4482 2382 4548 lingent,
2411 4497 2430 4529 ι
2468 4479 2602 4546 patri
2643 4493 2742 4531 suo
2788 4480 3022 4546 serpenti
3069 4481 3293 4544 similes,

1767 4572 1856 4641 qui
1888 4573 1940 4623 in
1970 4579 2178 4640 pectore
2205 4576 2257 4622 et
2286 4575 2464 4620 ventre
2507 4564 2746 4634 graditur
2766 4604 2781 4628 ,
2828 4574 2880 4618 et
2904 4575 3098 4621 terram
3129 4585 3298 4622 come-

1770 4663 1878 4724 dit,
1915 4659 2204 4716 secundum
2250 4657 2497 4710 inﬂictam
2530 4655 2630 4707 sibi
2673 4669 2702 4706 a
2743 4656 3005 4724 principio
3065 4672 3293 4725 poenam.

1773 4751 1861 4804 Sic
1891 4750 2069 4803 videas
2097 4748 2342 4800 inimicos
2366 4743 2612 4798 Ecclesiae
2641 4743 2860 4808 Christi,
2887 4754 3082 4799 terram
3111 4755 3163 4800 et
3185 4763 3300 4800 cor-

1771 4851 1963 4906 poreas
1993 4835 2290 4901 voluptates
2317 4832 2535 4899 lingere.
2571 4827 2627 4881 Si
2652 4829 2794 4883 enim
2816 4833 3132 4898 corpus,eui
3164 4832 3300 4885 inest

1773 4925 1969 4986 anima,
1999 4924 2169 4992 pulvis
2195 4921 2394 4974 dictum
2423 4925 2503 4972 est
2531 4918 2825 4970 secundum
2849 4919 2986 4972 hanc
3013 4919 3300 4989 Scripturac

1770 5027 1972 5074 vocem,
2010 5030 2027 5061 ι
2057 5009 2273 5082 Accepit
2304 5007 2440 5060 Deus
2471 5007 2738 5072 pulverem
2782 5022 2846 5059 ex
2875 5017 3036 5070 terra,
3065 5017 3117 5060 et
3141 5009 3297 5064 eﬂor-

1767 5103 1928 5155 mavit
1951 5101 2216 5155 hominem
2242 5099 2306 5159 ⁸⁸,
2339 5115 2358 5147 ι
2393 5095 2482 5164 qui
2506 5103 2700 5148 terram
2726 5095 2952 5164 lingunt,
2976 5098 3301 5150 carnalibus-

1767 5208 1870 5261 que
1901 5191 2260 5259 voluptatibus
2294 5184 2488 5239 addicti
2538 5191 2682 5245 sunt,
2713 5183 2857 5251 jure.
2889 5192 3070 5253 utpote
3095 5188 3298 5240 saluta-

1771 5283 1844 5334 ris
1872 5279 2018 5333 verbi
2045 5275 2268 5336 inimici,
2309 5272 2445 5324 male
2472 5269 2714 5323 audiunt.
2758 5270 2863 5324 Sed
2895 5272 2945 5322 hi
2976 5272 3190 5337 quidem
3219 5283 3302 5325 ta-

1770 5373 1848 5426 les
1881 5390 1893 5423 :
1928 5369 2063 5422 alius
2104 5374 2276 5418 autem
2307 5361 2437 5414 ordo
2464 5373 2649 5412 eorum
2695 5360 2784 5426 qui
2827 5375 3048 5427 regnum
3099 5361 3300 5415 Christi

1770 5463 2120 5529 cognoscunt,
2162 5453 2299 5506 dona
2332 5449 2431 5516 ipsi
2463 5447 2666 5509 afferet,
2701 5455 2759 5499 ut
2785 5449 2838 5502 in
2865 5448 3147 5516 prephetia
3195 5451 3301 5503 fer-

1768 5560 1854 5602 tur
1888 5548 1969 5602 bis
2014 5543 2187 5598 verbis
2221 5558 2234 5594 :
2279 5557 2297 5590 ‹
2335 5538 2501 5605 Reges
2531 5535 2751 5588 Tharsis
2775 5544 2828 5590 et
2860 5535 3047 5589 insulae
3079 5551 3303 5592 munera

1958 5701 1996 5731 ³⁷
2032 5693 2190 5764 Soph.
2228 5708 2302 5754 ιιι,
2340 5689 2421 5740 10.
2497 5688 2540 5718 ³⁸
2571 5686 2698 5741 Gen.
2739 5701 2797 5751 ιι,
2827 5683 2870 5736 7.
