3796 6330
260 359 378 414 809

1390 365 1884 422 COMMENTARIA
1918 368 1982 422 IN
2022 366 2359 424 PSALMOS.

3359 380 3464 434 8l0

263 475 439 546 αὐτῷ.
478 477 543 528 ⁸0
566 476 630 548 δὴ
680 480 773 532 καὶ
809 482 1049 551 Μωῦσῆς
1077 483 1134 534 ὲν
1181 483 1384 554 μεγάλῃ
1421 483 1528 553 ᾠδῇ
1562 483 1797 536 ἐδίδασκε

1931 483 2000 536 ei.
2043 505 2061 536 ι
2113 484 2267 549 Quod
2299 497 2429 538 sane
2461 483 2586 539 huic
2615 484 2761 540 dicto
2791 486 2946 543 aliine
2975 498 3096 546 est:
3151 511 3170 543 ι
3209 491 3466 552 Dominus

258 568 360 621 ὡδί
410 585 490 639 πη
524 572 650 641 περὶ
684 573 920 643 Χριστοῦ
961 574 1159 640 λέγων’
1204 594 1221 624 ι
1256 575 1620 645 Εὐφράνθητε,
1676 575 1828 644 ούρα-

253 663 365 726 vol,
408 663 529 731 ἅμα
561 664 726 734 αύτῷ,
763 667 856 717 καὶ
899 665 1413 735 προσκυνησάτωσαν
1447 664 1591 734 αὐτῷ
1631 665 1824 726 πάντες

249 752 490 821 ἄγγελοι
525 753 680 808 Θεοῦ.
723 775 740 806 ι
768 751 923 810 Οὗτοι
949 757 1082 826 δῆτα
1114 758 1162 809 oi
1195 756 1444 825 βασιλεῖς,
1486 757 1704 823 ἀφανεῖς
1733 757 1825 808 καὶ

243 841 491 912 ἀόρατοι
541 843 648 895 τῶν
685 843 851 896 ἐθνῶν
905 845 1176 914 ἄρχοντες,
1230 843 1692 912 προσκυνήσαντες
1735 839 1824 892 τὸν

238 931 477 984 ἑαυτῶν
519 933 741 1003 Κύριον,
783 933 882 996 τὰς
913 934 1002 986 ὑπ’
1044 935 1221 996 αὐτοῖς
1252 933 1425 1002 ψυχάς
1466 931 1610 1001 δῶρα
1663 947 1827 1000 προσ-

233 1021 391 1090 ῆγον
414 1023 592 1093 αὐτῷ.
621 1023 816 1094 Διόπερ
831 1024 1037 1086 τούτοις
1059 1023 1190 1091 ἑξῆς.
1210 1023 1469 1090 συνῆπται
1493 1022 1569 1072 τό·
1599 1041 1615 1070 ι
1644 1020 1826 1072 Πάντα

169 1183 174 1186 _
227 1110 310 1163 τὰ
371 1111 513 1183 ἔθνη
558 1112 925 1165 δουλεύσουσιν
976 1112 1138 1181 αύτῷ.
1179 1131 1196 1162 ι
1235 1111 1524 1180 Σύμφωνον
1559 1109 1603 1161 δ’
1635 1109 1699 1161 ἂν
1741 1109 1826 1179 εἴη

225 1199 414 1254 τοῦτο
476 1202 560 1272 τῷ
605 1204 831 1272 φήσαντι
881 1203 1040 1272 λόγῳο
1080 1221 1097 1251 ι
1138 1202 1335 1268 Κύριος
1378 1197 1494 1252 εἷπε
1543 1199 1674 1270 πρὸς
1717 1198 1814 1268 μέ·

224 1288 377 1352 Υἱός
419 1309 530 1361 μου
561 1288 612 1344 εἴ
640 1292 702 1344 σύ
724 1308 736 1320 ·
772 1294 878 1359 ἐγὼ
899 1294 1132 1362 σήμερον
1158 1291 1458 1360 γεγέννηκά
1487 1307 1563 1343 σε.
1589 1290 1815 1359 Αἴτησαι

222 1384 380 1450 παρ’
421 1381 589 1452 ἐμοῦ,
620 1382 715 1434 καὶ
756 1381 908 1435 δώσω
934 1399 1013 1434 σοι
1042 1383 1165 1451 ἔθνη
1191 1381 1285 1451 τὴν
1318 1379 1671 1450 κληρονομίαν
1700 1397 1811 1442 σου,

223 1472 332 1522 καὶ
378 1469 493 1539 τὴν
525 1469 848 1538 κατάσχεσίν
875 1486 965 1521 σου
987 1470 1052 1522 τά
1080 1471 1286 1540 πέρατα
1316 1469 1416 1537 τῆς
1441 1469 1558 1538 γῆς.
1599 1488 1616 1518 ι
1662 1471 1724 1521 ’Ὀ
1749 1468 1814 1538 δὴ

219 1559 330 1612 καὶ
392 1559 699 1612 πεπεῖσθαι
732 1561 837 1630 χρὴ
882 1559 1345 1630 πληρωθήσεσθαι,
1376 1561 1450 1611 ὅτ’
1480 1559 1543 1610 ἂν
1579 1559 1639 1611 τὸ
1679 1559 1812 1628 πλή-

229 1664 414 1719 ρωμα
449 1647 563 1700 τῶν
593 1648 760 1700 ὲθνῶν
780 1647 1009 1718 εἰσέλθῃ,
1045 1649 1134 1700 καὶ
1168 1649 1395 1718 μάλιστα
1425 1646 1562 1700 κατὰ
1590 1648 1685 1717 τὴν
1705 1647 1816 1700 δευο

1931 573 2064 625 dixit
2092 573 2160 626 ad
2187 588 2302 626 me:
2329 571 2496 627 Filius
2527 589 2677 630 meus
2696 591 2755 630 es
2781 587 2858 640 tu,
2890 592 2988 648 ego
3019 580 3178 635 hodie
3203 586 3362 652 genui
3391 594 3464 641 te.

1929 661 2147 716 Postula
2205 677 2235 715 a
2277 678 2383 726 me,
2440 671 2492 718 et
2539 665 2678 719 dabo
2725 666 2820 720 tibi
2866 677 3051 737 gentes
3104 671 3464 732 haereditatem

1927 763 2092 814 tuam,
2138 759 2191 806 et
2222 753 2614 820 possessionem
2661 761 2804 808 tuam
2853 757 3109 812 terminos
3154 767 3309 815 terrae
3331 764 3396 818 “.
3439 784 3459 816 ι

1925 842 2076 907 Quod
2129 855 2260 896 sane
2301 849 2615 896 eventurum
2661 858 2784 899 esse
2827 844 3150 899 credendum
3177 887 3191 911 ,
3247 853 3464 918 quando

1925 930 2200 1001 plenitudo
2229 919 2466 999 gentium
2508 930 2748 1001 ingressa
2801 931 2983 996 fuerit,
3019 936 3356 1007 maximeque
3405 941 3462 995 in

1926 1021 2168 1076 secundo
2191 1031 2245 1074 et
2271 1021 2456 1074 divino
2486 1018 2792 1077 Servatoris
2823 1025 2993 1078 nostri
3019 1025 3268 1082 adventu.
3304 1029 3458 1086 Tunc

1923 1124 2111 1163 omnes
2136 1124 2288 1179 reges
2319 1109 2618 1163 adorabunt
2654 1126 2796 1174 eum,
2831 1119 2884 1166 et
2911 1129 3096 1170 omnes
3128 1125 3313 1186 gentes
3339 1134 3457 1174 ser-

1921 1199 2064 1252 vient
2094 1214 2169 1258 ei.
2204 1217 2222 1249 c
2257 1199 2321 1252 Et
2349 1199 2436 1252 hic
2466 1200 2702 1253 omnium
2735 1200 2854 1256 ﬁnis
2883 1203 3005 1266 erit,
3031 1219 3150 1259 cum
3179 1209 3460 1264 tradiderit

1921 1285 2143 1358 regnum
2199 1289 2308 1343 Deo
2352 1299 2404 1344 et
2460 1287 2644 1354 Patri,
2689 1306 2809 1344 cum
2872 1293 3197 1350 destruxerit
3243 1313 3458 1354 omnem

1919 1376 2275 1444 principatum
2338 1386 2391 1430 et
2437 1391 2647 1432 omnem
2694 1386 3010 1447 potestatem
3069 1392 3120 1438 et
3179 1387 3453 1444 virtutem.

1917 1463 2138 1533 Oportet
2184 1466 2327 1518 enim
2376 1482 2496 1520 eum
2542 1482 2787 1535 regnare,
2841 1470 3011 1525 donec
3061 1482 3222 1534 ponat
3266 1491 3459 1532 omnes

1917 1555 2166 1609 inimicos
2198 1556 2298 1609 sub
2342 1557 2567 1624 pedibus
2610 1559 2745 1622 suis,
2795 1569 2848 1613 et
2897 1563 3192 1619 novissima
3234 1564 3457 1624 inimica

1915 1647 2225 1700 destruatur
2254 1661 2400 1702 mors
2421 1649 2489 1703 ".
2531 1668 2551 1699 ι

229 1736 413 1807 τέραν
445 1737 547 1789 τοῦ
580 1737 828 1808 Σωτῆρος
856 1736 1006 1807 ήμῶν
1037 1737 1365 1805 θεοφάνειαν.
1391 1737 1520 1789 Τότε
1568 1736 1694 1804 γοῦν
1734 1737 1931 1798 πάντες
1964 1738 2016 1788 οῖ
2048 1736 2281 1804 βασιλεῖς
2313 1739 2772 1810 προσκυνήσουσιν
2813 1743 2983 1812 αὐτῷ,
3034 1746 3128 1797 καὶ
3167 1748 3340 1802 πάντα
3385 1765 3458 1804 τα

235 1829 374 1899 ἔθνη
403 1827 787 1880 δουλεύσουσιν
820 1827 984 1897 αὐτῷ.
1024 1846 1042 1877 ‹
1090 1828 1196 1880 Καὶ
1221 1827 1374 1879 τοῦτο
1404 1826 1551 1880 ἔσται
1579 1826 1636 1878 τὸ
1673 1826 1884 1879 πάντων
1907 1825 2074 1888 τέλος,
2105 1825 2181 1877 ὅτ’
2221 1824 2286 1877 ἂν
2335 1825 2606 1896 παραδιδῷ
2642 1827 2740 1898 τὴν
2787 1828 3060 1898 βασιλείαν
3089 1833 3166 1904 τῷ
3201 1835 3318 1906 Θεῷ
3361 1837 3456 1892 καὶ

232 1922 448 1994 Πατρῖ,
483 1921 563 1973 ὅτ’
601 1919 668 1972 ἂν
712 1923 1026 1991 καταργήσῃ
1068 1922 1241 1973 πᾶσαν
1291 1919 1462 1990 ἀρχὴν
1531 1920 1622 1972 καὶ¹
1664 1921 1839 1972 πᾶσαν
1908 1917 2154 1981 ἐξουσίαν
2210 1917 2306 1970 καὶ
2349 1917 2593 1988 δύναμιν.
2638 1922 2729 1972 Δεῖ
2779 1921 2886 1992 γὰρ
2931 1925 3088 1977 αὐτόν
3134 1926 3449 1995 βασιλεύειν,

231 2013 373 2085 ἄχρι
413 2007 479 2066 οὗ
508 2013 574 2083 θῇ
617 2012 822 2074 πάντας
859 2013 981 2076 τοὺς
1023 2013 1242 2083 ἐχθροὺς
1280 2014 1382 2065 ὑπὸ
1417 2013 1580 2072 πόδας
1620 2013 1804 2073 αὑτοῦ,
1842 2011 2065 2082 ἔσχατος
2091 2011 2279 2082 ἐχθρὸς
2309 2017 2656 2082 καταργεῖται
2678 2015 2968 2080 ἀθάνατος.
3009 2038 3028 2069 ι

317 2144 338 2177 ι
374 2124 507 2178 Ὀτι
542 2123 808 2194 ὲρρύσατο
852 2123 1061 2193 πτωχὸν
1095 2125 1156 2176 ὲκ
1182 2124 1457 2186 δυνάστου,
1491 2126 1582 2177 καὶ
1603 2126 1797 2193 πένητα

1974 2121 2137 2176 Vens.
2170 2123 2256 2177 12.
2296 2142 2314 2175 σ
2339 2123 2474 2188 Quia
2502 2125 2744 2178 liberavit
2765 2143 3050 2196 pauperem
3075 2145 3106 2183 a
3134 2140 3369 2200 potente.
3393 2145 3447 2192 et

225 2209 282 2283 ᾧ
313 2215 420 2285 οὐχ
460 2215 678 2284 ὑπῆρχε
711 2212 957 2283 βοηθός.ι
1003 2213 1144 2265 Ἀντὶ
1182 2214 1292 2266 τοῦ·
1330 2233 1348 2266 ι
1388 2215 1504 2266 Ὅτι
1541 2214 1802 2285 ἐρρύσατο

230 2307 468 2376 πτωχὸν
503 2308 569 2357 ὲκ
593 2306 870 2367 δυνάστου,
909 2327 927 2357 ι
958 2306 986 2357 ὁ
1011 2305 1318 2376 Σύμμαχος
1355 2324 1373 2358 ι
1416 2307 1535 2358 ’Ότι
1557 2305 1808 2369 ὲξελεῖται

228 2396 457 2467 πένητα
522 2395 843 2465 οἰμώζοντα.
885 2415 902 2446 ι
937 2397 1009 2448 Ού
1061 2395 1166 2466 γὰρ
1198 2395 1271 2458 ὼς
1310 2395 1407 2465 ήδη
1449 2395 1806 2464 γεγενημένα,

226 2485 353 2539 ἀλλ’
395 2485 478 2547 ὡς
516 2485 779 2553 μέλλοντα
817 2484 1027 2537 ἔσεσθαι
1070 2484 1239 2536 ταῦτα
1281 2485 1536 2548 θεσπίζει.
1575 2485 1712 2555 Ὅρα
1755 2485 1809 2535 δὲ

224 2572 437 2634 ὁσάκις
460 2571 558 2622 τοῦ
589 2571 802 2640 πτωχοῦ
825 2570 1162 2640 μνημονεύει,
1188 2572 1394 2641 πρῶτον
1416 2570 1598 2624 εἰπών·
1629 2591 1646 2621 ι
1679 2572 1809 2640 Κρί-

226 2678 351 2714 νειν
387 2660 486 2712 τὸν
521 2660 651 2712 λαόν
701 2676 792 2711 σου
823 2661 876 2710 ἐν
908 2660 1231 2733 δικαιοσύνῃ,
1263 2663 1355 2713 καὶ
1400 2662 1524 2723 τοὺς
1566 2663 1810 2730 πτωχοὺς

224 2753 290 2806 ἐν
311 2752 528 2822 κρίσειο
554 2771 574 2802 ι
591 2749 856 2821 δεύτερον,
882 2771 898 2802 ι
928 2752 1112 2820 Κρινεῖ
1142 2754 1264 2814 τοὺς
1291 2753 1531 2821 πτωχοὺς
1553 2752 1643 2804 τοῦ
1660 2751 1804 2815 λαοῦ,

224 2842 330 2894 καὶ
359 2842 536 2894 σώσει
557 2841 684 2902 τοὺς
711 2840 856 2902 υἱοὺς
878 2841 981 2892 τῶν
1019 2841 1286 2910 πενήτωψ
1331 2860 1350 2891 ι
1377 2842 1469 2893 καὶ
1498 2839 1590 2894 νῦν
1619 2841 1802 2894 πάλιν·

229 2951 252 2984 ε
293 2935 429 2986 Ὅτι
473 2930 746 2999 ερῥύσατο
788 2930 994 2998 πτωχὸν
1033 2932 1094 2983 ἐκ
1123 2930 1376 2984 δυνάστου
1404 2932 1494 2984 καὶ
1528 2933 1729 2999 πένητα
1764 2927 1806 2998 ᾧ

221 3025 331 3093 οὐχ
355 3023 584 3092 ὑπῆρχε
604 3021 810 3090 βοηθός·
827 3040 844 3071 ι
864 3017 1139 3083 καὶαῦθις·
1164 3041 1180 3071 ι
1208 3022 1446 3074 Φείσεται
1475 3023 1682 3091 πτωχοῦ
1715 3026 1808 3076 καὶ

222 3113 503 3180 πένητος,
537 3111 631 3163 καὶ
666 3109 838 3178 ψυχὰς
879 3114 1119 3179 πενήτων
1162 3111 1338 3164 σώσει.
1381 3131 1399 3162 ι
1433 3107 1595 3181 Οἶμαι
1636 3113 1690 3164 δὲ
1721 3113 1806 3165 δια

217 3207 448 3257 τούτων
484 3201 742 3254 ἁπάντων
786 3201 1028 3269 πτωχοὺς
1058 3203 1149 3253 καὶ
1193 3201 1422 3270 πένητας
1466 3202 1643 3254 καλεῖν
1682 3204 1806 3264 τοὺς

219 3292 582 3354 ἀποστόλους
609 3291 702 3343 καὶ
730 3291 852 3352 τοὺς
882 3290 1121 3360 μαθητὰς
1142 3290 1233 3341 τοῦ
1259 3291 1501 3360 Σωτῆρος
1533 3291 1703 3359 ήμῶν,
1730 3290 1799 3352 οἳ,

217 3381 337 3450 τὴν
372 3379 442 3432 δι’
473 3378 638 3430 αὑτὸν
682 3378 946 3446 πτωχείαν
991 3377 1346 3446 ἀνειληφότες,
1381 3379 1476 3447 τήν
1522 3380 1598 3439 είς
1639 3379 1800 3448 ἄκρον

216 3470 447 3540 ἀρετῆς
481 3467 807 3519 ἐλαύνουσαν
835 3464 1140 3536 κατώρθουν
1170 3466 1504 3535 φιλοσοφίαν·
1539 3467 1602 3520 δι’
1626 3467 1652 3518 ὃ
1679 3469 1802 3538 περὶ

213 3558 420 3613 αὐτῶν
467 3558 699 3618 Ἡσαΐας
737 3560 830 3625 μὲν
869 3554 1228 3625 προανεφὼνει
1269 3555 1437 3622 λέγων
1460 3572 1473 3584 ·
1509 3573 1526 3604 ‹
1565 3557 1800 3624 Εὑαγγε-

211 3646 493 3700 λεσασθαι
548 3647 780 3712 πτωχοῖς
819 3643 1118 3695 ὰπέσταλκέ
1153 3659 1237 3711 με.
1280 3661 1298 3692 ι
1343 3643 1523 3704 Ἀυτὸς
1544 3643 1598 3695 δὲ
1629 3645 1656 3694 ό
1687 3646 1797 3697 Σω-

209 3738 364 3807 τὴρ,
399 3736 593 3796 αὐτοῖς
623 3732 980 3802 προσομιλῶν,
1014 3731 1191 3798 ἔλεγε”
1231 3749 1250 3782 ι
1289 3733 1559 3801 Μακάριοι
1585 3734 1630 3784 οἱ
1657 3751 1799 3785 πτω-

209 3826 345 3897 χοὶ,
363 3827 448 3878 δτι
473 3823 659 3878 αὐτῶν
687 3825 828 3874 ἐστιν
850 3824 880 3892 ή
911 3821 1146 3892 βασιλεία
1166 3821 1272 3874 τῶν
1290 3821 1546 3892 οὐρανῶν.
1571 3823 1750 3876 Πάντα
1773 3842 1791 3874 ι

210 3912 332 3970 οὖν
358 3935 378 3966 ι
419 3915 492 3967 τὰ
522 3913 648 3982 ἔθνη
675 3911 1041 3964 δουλεύσουσιν
1068 3910 1229 3980 αύτῷ,
1251 3913 1330 3964 ὅτι
1363 3912 1626 3982 ἐρρύσατο
1654 3931 1796 3966 πτω-

209 4008 332 4078 χδν
366 4007 433 4058 ὲκ
466 4003 751 4065 δυνάστου,
781 4003 872 4054 καὶ
903 4001 1104 4071 πένητα
1129 3996 1172 4069 ᾧ
1195 4001 1288 4070 οὐχ
1318 4002 1522 4072 ὑπῆρχε
1546 4002 1747 4072 βοηθός.
1772 4023 1790 4054 ι

211 4101 312 4153 Τδ
349 4100 484 4170 γὰρ,
517 4116 537 4149 ι
573 4097 674 4160 ὄντι,
706 4114 724 4147 ι
762 4094 908 4166 παρὰ
935 4097 1064 4147 πᾶσι
1104 4097 1213 4157 τοῖς
1244 4096 1595 4164 ἐρμηνευταῖς
1626 4091 1715 4145 καὶ
1739 4093 1796 4143 ὲν

211 4192 378 4261 αὐτῇ
428 4191 499 4260 τῇ
575 4187 828 4256 Ἐδραῖκῇ
871 4188 1047 4255 γραφῇ
1121 4185 1362 4254 κείμενον
1383 4222 1397 4245 ,
1448 4182 1795 4250 αἰτιολογικὸν

211 4279 524 4349 τυγχάνει,
566 4275 807 4328 διδάσκον
853 4275 996 4335 ὃπως
1031 4273 1201 4325 πάντα
1233 4272 1300 4325 τὰ
1333 4272 1456 4343 ἔθνη
1498 4272 1794 4325 δουλεύσειν

216 4369 442 4442 ἧμελλε
498 4366 582 4436 τῷ
619 4367 845 4436 Σωτῆρι.
900 4365 1064 4416 Τοῦτο
1115 4363 1240 4433 γὰρ,
1292 4365 1439 4432 φησὶ,
1493 4365 1791 4432 γενήσεται,

225 4481 248 4515 ι
292 4459 490 4529 ἐπειδὴ
529 4456 750 4530 ῥύσεται
791 4454 996 4523 πτωχὸν
1029 4454 1091 4506 ὲκ
1127 4453 1379 4506 δυνάστου
1400 4471 1413 4484 ·
1448 4473 1466 4504 ι
1500 4455 1574 4516 ὼς
1617 4455 1663 4506 εί
1702 4471 1794 4506 σα-

218 4551 506 4621 φέστερον
522 4546 726 4611 ἔλεγεν·
743 4546 865 4596 Ὅτι
884 4543 988 4596 τῶν
1014 4543 1314 4596 ἀποστόλων
1328 4541 1488 4594 αὑτοῦ
1507 4543 1567 4596 τὸ
1588 4542 1790 4612 τάγμα,

218 4641 342 4694 τῶν
362 4639 434 4693 δι’
454 4636 623 4690 αὐτὸν
651 4631 876 4702 πτωχῶν
906 4633 997 4684 καὶ
1015 4635 1273 4703 πενήτων,
1289 4632 1504 4701 ῥύσεται
1525 4631 1630 4684 ἀπὸ
1661 4649 1790 4686 παν-

219 4731 320 4792 τὸς
345 4727 645 4782 δυνάστου.
678 4721 891 4775 Πολλῶν
920 4722 1028 4792 γὰρ
1068 4721 1336 4775 δυναστῶν
1370 4721 1575 4793 ὁρατῶν
1609 4739 1667 4774 τε
1701 4722 1792 4775 καὶ

222 4817 466 4886 ἀφανῶν
492 4812 882 4882 ἀντικειμένων
909 4811 1000 4865 καὶ
1025 4813 1454 4881 ἐπανισταμένων
1479 4813 1683 4874 τούτοις
1704 4813 1792 4864 αὑ·
1824 4839 1866 4891 D

223 4912 345 4971 τοῖς
371 4907 494 4967 τοῖς
513 4903 747 4971 πτωχοῖς
770 4900 865 4954 καὶ
894 4903 1004 4962 τοῖς
1027 4899 1264 4969 πένησιν,
1293 4901 1468 4964 αὐτὸς,
1499 4904 1688 4969 ἀφανεῖ
1705 4904 1793 4952 δυ-

225 4997 399 5067 νάμι
434 4989 790 5064 ⁴ιιςροασπίζων
815 4989 1010 5050 αὐτῶν,
1035 4990 1098 5040 ὲκ
1117 4989 1324 5041 πάντων
1339 4990 1528 5051 αὐτοὺς
1558 4989 1791 5059 ῥύσεται,

231 5088 374 5159 πρὸς
404 5084 498 5138 1b-
512 5082 586 5153 μή
620 5079 924 5148 κωλυθῆναι
954 5079 1049 5147 τὴν
1087 5079 1152 5130 δι’
1181 5079 1355 5130 αὐτῶν
1384 5079 1793 5148 ἐπιτελουμένην

227 5177 326 5230 τοῦ
358 5169 721 5240 εὺατγελικοῦ
761 5167 1104 5238 κηρύγματος
1141 5168 1452 5237 ὑπηρεσίαν.
1497 5170 1604 5221 Καὶ
1637 5169 1791 5222 τοῦτο

233 5264 436 5336 πράξει
470 5260 647 5315 συνὼν
679 5259 886 5317 αὐτοῖς,
926 5254 1040 5308 καθ’
1059 5255 1125 5324 ἢν
1155 5258 1429 5325 ποιήσεται
1451 5258 1581 5325 πρὸς
1601 5259 1792 5322 αὐτοὺς

234 5355 567 5424 ὲπαγγελίαν
597 5351 815 5417 φήσας⁸
853 5363 872 5394 t
922 5345 1049 5398 Ἰδοὺ
1080 5346 1189 5412 ἐγὼ
1222 5348 1336 5414 μεθ’
1371 5346 1522 5415 ὑμῶν
1546 5349 1658 5416 ειμι
1691 5349 1793 5400 πά-

226 5459 330 5514 σας
346 5446 446 5510 τὰς
463 5441 687 5515 ἡμέρας
712 5434 824 5491 ἕως
845 5431 944 5499 τῆς
971 5433 1266 5495 συντελείας
1285 5435 1378 5486 τοῦ
1397 5434 1605 5494 αἰῶνος.
1642 5453 1660 5484 ι
1693 5436 1794 5488 οὖ-

203 5541 325 5606 πως
353 5533 451 5592 οὖν
485 5528 583 5586 καὶ
631 5517 901 5586 ἐφείσατο
927 5516 1130 5584 πτωχοῦ
1163 5519 1252 5570 καὶ
1286 5520 1529 5590 πένητος,
1561 5520 1653 5570 καὶ
1694 5518 1792 5586 ψυ-

273 5703 318 5738 u
338 5692 498 5755 P53].
535 5697 602 5741 ll,
635 5674 694 5733 7,
724 5669 783 5719 8-

522 5773 840 5834 PATBOL:
894 5755 1001 5814 Gn.
1075 5758 1303 5820 XXI“.

1907 2231 2190 2285 pauperem
2217 2216 2434 2269 cuinon
2468 2225 2583 2270 erat
2616 2217 2846 2285 adjutor.
2883 2237 2901 2268 ι
2941 2219 3044 2274 Pro
3077 2223 3206 2278 illo:
3249 2243 3270 2275 ‹
3309 2225 3446 2290 Quia

1908 2302 2153 2355 liberavit
2179 2317 2459 2371 pauperem
2483 2319 2510 2355 a
2535 2312 2769 2372 potente,
2795 2327 2811 2357 ι
2836 2305 3189 2377 Symmachus
3213 2331 3224 2366 :
3259 2331 3278 2364 ι
3308 2312 3445 2379 Quia

1907 2389 2093 2458 eripiet
2137 2406 2424 2459 pauperem
2475 2393 2785 2459 ejulantem.
2842 2414 2860 2445 ›
2921 2395 3043 2450 "me
3090 2401 3285 2470 quippe
3334 2417 3445 2459 non

1907 2480 2061 2548 quasi
2115 2480 2224 2547 jam
2275 2481 2570 2545 evenerint,
2625 2482 2721 2535 sed
2766 2493 2821 2536 ut
2870 2485 3046 2539 futura
3101 2491 3438 2549 vaticinatur.

1906 2569 2316 2624 Animadvertas
2355 2572 2514 2623 velim
2563 2572 2771 2640 quoties
2813 2590 3098 2644 pauperem
3141 2591 3443 2649 memoret;

1907 2659 2078 2726 primo
2098 2673 2218 2711 cum
2248 2660 2359 2714 ait:
2386 2679 2403 2709 ι
2441 2659 2687 2714 Judicare
2732 2664 2983 2730 populum
3015 2676 3162 2719 tuum
3195 2671 3249 2722 in
3275 2670 3441 2739 justi-

1907 2749 1999 2809 tia,
2035 2756 2086 2801 et
2115 2764 2375 2817 pauperes
2404 2761 2524 2804 tuos
2555 2750 2608 2802 in
2635 2750 2840 2818 judicio
2867 2770 2881 2818 ;
2925 2773 2942 2804 ›
2976 2758 3250 2812 secundo:
3282 2778 3301 2810 ι
3347 2758 3444 2816 Ju-

1905 2837 2103 2890 dicabit
2125 2852 2384 2906 pauperes
2422 2837 2626 2906 populi,
2664 2845 2716 2892 et
2755 2841 2930 2896 salvos
2961 2841 3118 2897 faciet
3145 2846 3281 2900 lilios
3311 2862 3442 2916 pauo

1905 2943 2124 2995 perum;
2161 2946 2180 2977 ›
2203 2936 2255 2981 et
2286 2943 2428 2981 nunc
2462 2929 2653 2981 iterum
2689 2948 2701 2983 :
2739 2949 2756 2980 ι
2803 2931 2938 2996 Quia
2969 2935 3211 2991 liberavit
3243 2954 3445 3010 paupe-

1905 3032 2015 3071 rem
2047 3032 2076 3069 a
2098 3025 2330 3085 potente,
2353 3027 2404 3072 et
2437 3033 2721 3086 pauperem
2745 3022 2830 3073 cui
2861 3038 2965 3076 non
2993 3035 3109 3078 erat
3141 3028 3383 3097 adjutor;
3417 3051 3439 3082 ν

1905 3125 1967 3163 ar.
1997 3124 2209 3162 rursum
2243 3127 2256 3162 :
2294 3127 2312 3159 ι
2367 3108 2554 3163 Parcet
2578 3112 2798 3180 pauperi
2828 3120 2880 3166 et
2913 3115 3091 3183 inopi,
3143 3127 3195 3172 et
3233 3122 3442 3176 animas

1906 3211 2198 3264 pauperum
2227 3196 2403 3250 salvas
2430 3197 2610 3252 faciet.
2645 3218 2663 3250 ι
2697 3200 2942 3254 Arbitror
2969 3217 3127 3270 porro
3150 3205 3235 3260 hi's
3265 3212 3440 3262 Omni-

1903 3285 2002 3338 bus
2035 3285 2088 3336 in
2120 3285 2251 3338 locis
2283 3285 2455 3352 ipsum
2487 3293 2765 3353 apostolos
2791 3297 2844 3342 et
2870 3291 3158 3362 discipulos
3186 3294 3438 3353 Servato-

1903 3373 1980 3426 ris
2015 3375 2204 3440 nostri,
2235 3389 2496 3442 pauperes
2529 3381 2582 3430 et
2625 3377 2813 3446 inopes
2836 3393 3046 3443 vocare,
3089 3384 3180 3450 qui
3221 3395 3439 3457 propter

1902 3462 2077 3531 ipsum
2113 3474 2474 3533 paupertatem
2510 3466 2818 3530 subeuntes,
2849 3467 3238 3540 philosophiam
3289 3478 3433 3531 illam

1907 3553 1973 3606 ad
2010 3553 2224 3608 virtutis
2262 3553 2533 3623 fastigium
2563 3554 2871 3609 evehentem
2924 3559 3188 3616 colebant.
3239 3562 3438 3630 Quam-

1903 3643 2084 3696 obrem
2115 3643 2226 3696 haec
2267 3642 2332 3696 de
2377 3643 2482 3697 illis
2533 3641 2702 3699 Isaias
2743 3648 3175 3714 praenuntiabat:
3215 3671 3232 3703 ι
3269 3653 3436 3708 Evan-

1902 3731 2128 3801 gelizare
2167 3729 2492 3798 pauperibus
2533 3732 2680 3786 misit
2706 3749 2790 3788 me
2810 3734 2876 3790 “.
2915 3755 2937 3786 ι
2961 3736 3080 3805 Ipse
3106 3755 3230 3794 vero
3256 3740 3436 3798 Domi-

1901 3837 2006 3876 nus
2036 3835 2128 3875 eos
2155 3822 2430 3891 alloquens
2465 3823 2672 3878 dicebat
2706 3843 2718 3878 :
2755 3843 2774 3875 ι
2807 3825 2953 3879 Beati
2991 3843 3272 3896 pauperes,
3301 3847 3436 3902 quo-

1901 3912 2043 3964 niam
2075 3911 2312 3980 ipsorum
2364 3920 2449 3967 est
2503 3928 2722 3982 regnum
2765 3917 3021 3968 C(elorum
3043 3917 3106 3970 π.
3171 3919 3367 3974 Omnes
3405 3941 3428 3974 ο

1900 4015 2027 4069 ergo
2061 4019 2080 4052 ε
2099 4008 2284 4071 gentes
2311 4003 2632 4070 servientei,
2663 4004 2788 4072 quia
2819 4004 3066 4058 liberavit
3085 4023 3368 4078 pauperem
3398 4027 3430 4066 a

1899 4097 2135 4158 potente,
2171 4099 2222 4145 et
2252 4106 2538 4160 pauperem
2569 4091 2654 4145 cui
2687 4107 2792 4146 non
2825 4099 2937 4146 erat
2970 4093 3203 4161 adjutor.
3244 4115 3262 4148 ι
3296 4096 3429 4152 Nam

1901 4179 2052 4243 illud,
2090 4198 2110 4230 ε
2145 4181 2294 4249 quia,
2331 4200 2350 4232 ι
2381 4180 2521 4249 apud
2551 4197 2736 4235 omnes
2769 4183 3105 4250 interpretes,
3138 4193 3192 4239 et
3229 4187 3284 4240 in
3312 4186 3429 4256 ipsa

1899 4267 2157 4330 Hebraica
2212 4271 2476 4340 scriptura
2542 4271 2813 4340 positum,
2886 4285 3132 4325 causam‘
3166 4273 3427 4342 denotat,

1897 4359 2096 4415 docens
2126 4374 2224 4413 cur
2269 4359 2508 4413 futurum
2552 4362 2621 4415 sit
2647 4371 2704 4414 ut
2753 4375 2935 4416 omnes
2969 4371 3154 4432 gentes
3197 4366 3430 4420 serviant

1901 4446 2211 4514 Servatori;
2245 4449 2298 4502 id
2325 4463 2555 4517 namque
2587 4447 2695 4513 ﬁet,
2744 4448 2938 4517 inquit,
2979 4468 2995 4501 ι
3028 4453 3151 4519 quia
3182 4454 3429 4509 liberavit

1897 4549 2180 4604 pauperem
2215 4549 2246 4587 a
2273 4541 2489 4604 potente
2516 4551 2531 4600 ;
2565 4551 2584 4584 ›
2616 4547 2678 4586 ac
2707 4533 2754 4587 si
2780 4533 2979 4588 clarius
3022 4535 3228 4591 diceret
3253 4555 3269 4592 :
3291 4538 3427 4603 Quia

1897 4627 2258 4695 apostolorum
2302 4639 2544 4685 suorum.
2575 4624 2665 4692 qui
2697 4631 2913 4693 propter
2963 4625 3136 4693 ipsum
3169 4642 3427 4696 pauperes

1895 4719 1948 4767 et
1981 4714 2167 4784 inopes
2187 4721 2364 4776 erant,
2391 4713 2629 4767 ordinem
2653 4711 2902 4766 liberabit
2923 4713 2991 4766 ab
3014 4715 3160 4768 omni
3192 4723 3426 4784 potente.

1895 4803 2030 4858 Cum
2061 4804 2215 4857 multi
2265 4803 2408 4858 enim
2453 4807 2696 4872 potentes
2733 4801 2977 4857 visibiles
3031 4812 3086 4856 et
3133 4804 3427 4859 invisibiles

1897 4893 2177 4949 adversum
2191 4893 2315 4947 illos
2327 4905 2586 4962 pauperes
2599 4898 2650 4944 et
2666 4890 2852 4960 inopes
2878 4892 3180 4961 insui-gent,
3210 4893 3424 4947 eosdem

1898 4982 2012 5051 ipse
2047 4984 2255 5038 occulta
2275 4983 2472 5036 virtute
2500 4987 2758 5050 proteget,
2775 4995 2947 5050 exque
2972 4983 3224 5038 omnibus
3240 4983 3410 5038 libera

1897 5075 1994 5137 bit,
2025 5082 2084 5128 ut
2109 5089 2180 5128 ne
2205 5073 2346 5142 quod
2378 5072 2478 5140 ipsi
2515 5072 2712 5124 obeunt
2741 5071 3062 5138 evangelica:
3091 5072 3425 5142 praedicatio-

1893 5165 1978 5218 nis
2008 5163 2360 5218 ministerium
2394 5159 2767 5230 praepediatur.
2809 5157 2978 5228 idque
3025 5161 3144 5232 ipse
3189 5177 3425 5232 praesens

1894 5254 2101 5318 etiiciet,
2133 5254 2422 5309 secundum
2453 5251 2520 5303 ab
2543 5263 2604 5302 se
2632 5248 2944 5302 tradendam
2993 5255 3422 5320 promissionem,

1895 5359 1999 5412 qua
2028 5345 2158 5399 dicit
2185 5361 2200 5396 :
2239 5361 2259 5394 ι
2293 5342 2428 5397 Ecce
2454 5354 2550 5408 ego
2574 5340 2851 5393 vobiscum
2882 5355 3004 5393 sum
3035 5345 3286 5398 omnibus
3313 5342 3428 5396 (lie-

1895 5432 1996 5488 hus
2043 5447 2212 5501 usque
2254 5431 2320 5484 ad
2373 5427 2885 5484 consummationem
2932 5433 3208 5500 saeculi“.
3261 5452 3281 5484 ι
3336 5429 3426 5487 Sic

1895 5519 2074 5592 itaque
2101 5522 2336 5592 pepercit
2368 5517 2586 5591 pauperi
2619 5524 2672 5570 et
2701 5519 2859 5587 inopi,
2891 5529 2945 5571 et
2987 5525 3201 5580 animas
3230 5537 3428 5595 paupe—

871 5665 914 5696 "
946 5665 1104 5721 lCor.
1131 5684 1218 5731 xv,
1252 5669 1428 5725 τωο.
1507 5671 1548 5743 f'
1586 5670 1690 5726 lsa.
1721 5685 1808 5722 ut
1843 5673 1891 5736 l,
1969 5673 2012 5707 ⁸⁷
2041 5672 2223 5728 Matth.
2251 5689 2302 5741 ν,
2341 5673 2390 5725 5.
2469 5668 2511 5701 δ’
2533 5668 2718 5722 Matth.
2761 5684 2945 5736 xxvm,
2974 5669 3066 5724 20.

3032 5757 3115 5818 26
