3796 6346
236 378 356 433 813'

1339 375 1927 436 COMMENTARIA,‘IN
1965 379 2297 435 PSALMOS.
2373 423 2375 426 .

3295 377 3409 452 sui

235 490 320 542 τὸν
342 487 467 540 λαὸν
501 487 667 540 αὐτοῦ
699 490 756 542 ὲν
786 489 1110 560 δικαιοσύνῃ,
1141 490 1233 543 καὶ
1260 492 1384 553 τοὺς
1412 493 1653 561 πτωχοὺς
1677 493 1771 544 αύ-

1875 495 1923 548 in
1957 495 2164 564 justitia
2199 501 2253 548 et
2279 506 2537 561 pauperes
2571 506 2698 546 suos
2735 490 2789 544 in
2816 489 3038 559 judicio,
3070 500 3122 544 et
3153 490 3401 543 humilia-

232 579 404 632 τοῦσὲν
430 579 632 647 κρίσει,
663 580 759 631 καὶ
797 583 1036 632 ταπεινοῖ
1060 582 1411 649 συκοφάντην,
1439 582 1527 633 καὶ
1555 599 1770 651 συμπα-

236 672 456 740 ραμενεῖ
486 669 563 738 τῷ
590 670 743 738 ἡλίῳ,
773 671 1243 741 κατακυριεύσειτε
1267 672 1371 724 ἀπὸ
1387 670 1649 741 θαλάσσης
1673 672 1774 735 ἓως

233 759 520 826 θαλάσσης,
547 760 642 810 καὶ
685 761 793 812 ἀπὸ
835 761 1070 830 ποταμοῦ
1111 761 1212 824 ἓως
1253 762 1357 814 τῶν
1401 763 1642 833 περάτων
1678 763 1773 830 τῆς

231 846 580 916 οἰκουμένης·
641 849 868 911 εἰκότως
925 844 1210 918 μακροϐίου
1260 849 1402 918 ζωῆς
1451 850 1552 902 ἔδει
1607 845 1768 919 αύτῷ.

231 937 347 998 Πῶς
367 954 423 988 τε
461 937 786 1004 ύποταγεῖεν
810 938 952 1006 αύτῷ
979 939 1225 1001 Αἰθίοπες
1249 940 1339 992 καὶ
1373 939 1602 1008 βασιλεῖς
1632 940 1771 1009 Θαρ-

231 1027 336 1086 σεῖς
360 1024 453 1074 καὶ
484 1019 662 1092 νῆσοι,
697 1025 1119 1095 προσκυνήσουσί
1142 1043 1197 1077 τε
1223 1024 1364 1094 αύτῷ
1389 1027 1582 1087 πάντες
1601 1027 1648 1076 oi
1681 1026 1771 1094 βα-

231 1113 386 1173 σιλεῖς
423 1113 522 1180 τῆς
577 1113 707 1179 γῆς,
761 1114 852 1164 καὶ
894 1113 1069 1164 πάντα
1119 1113 1184 1164 τὰ
1238 1113 1360 1181 ἔθνη
1411 1112 1771 1164 δουλεύσουσιν

228 1199 391 1268 αὐτῷς
429 1199 650 1250 Τούτων
704 1201 814 1268 γὰρ
859 1200 1015 1252 ἕνεκα
1066 1201 1274 1252 πάντων
1330 1201 1577 1268 διαρκοῦς
1631 1201 1771 1270 αύτῴ

229 1285 363 1354 ζωῆς
402 1287 532 1338 ἔδει.
575 1287 669 1338 Διὸ
715 1288 850 1356 μετὰ
883 1288 1048 1339 ταῦτα
1085 1288 1256 1339 πάντα
1297 1288 1468 1349 καλῶς
1495 1289 1584 1339 καὶ
1608 1289 1771 1355 ἀναγ-

230 1377 391 1437 καίως
425 1378 793 1445 ὲπενήνεκται
838 1377 916 1438 τὸ,
951 1395 968 1426 ι
1005 1377 1095 1428 καὶ
1130 1376 1346 1444 ζήσεται
1370 1394 1382 1406 ⁸
1420 1396 1437 1427 ι
1465 1377 1645 1428 ’τοῦτον
1683 1378 1773 1445 δη-

227 1466 484 1536 λουμένης
526 1467 619 1518 τὸν
655 1468 858 1536 τρόπον
887 1467 978 1534 τῆς
1015 1466 1102 1517 τοῦ
1153 1466 1608 1534 προφητευομένου
1641 1466 1770 1518 ἀθα-

225 1557 377 1608 νάτου
402 1556 494 1607 καὶ
519 1556 746 1607 αἰωνίου
783 1555 938 1626 ζωῆς.
984 1555 1133 1624 Ἑξῆς
1157 1557 1198 1606 δ’
1226 1556 1433 1625 εἴρηται
1455 1571 1466 1583 ⁸
1505 1573 1522 1604 ‹
1557 1554 1663 1606 Καὶ
1691 1556 1771 1605 δο-

226 1645 436 1713 θήσεται
467 1644 616 1712 αὐτῷ
643 1646 710 1696 ὲκ
737 1645 832 1696 τοῦ
875 1647 1091 1714 χρυσίου
1131 1647 1225 1713 τῆς
1259 1644 1526 1713 Ἀραϐίας.
1567 1663 1585 1694 ι
1631 1646 1771 1696 Ἀντὶ

225 1731 274 1783 δὲ
303 1731 417 1791 τοῦ,
455 1749 474 1781 ε
514 1731 617 1798 τῆς
659 1731 938 1800 Ἀραϐίας,
977 1750 994 1780 ›
1031 1731 1186 1782 πάλιν
1216 1732 1248 1798 ἡ
1287 1730 1538 1799 Ἑϐραῖκὴ
1591 1728 1770 1798 γραφὴ

225 1820 280 1872 τὸ
315 1839 333 1870 ι
364 1818 512 1872 Σαϐὰ
552 1839 570 1870 ι
621 1819 906 1888 περιέχει·
953 1819 1004 1871 οἵ
1043 1836 1101 1870 τε
1144 1819 1315 1870 λοιποὶ
1361 1818 1682 1886 ἑρμηνευταὶ
1710 1819 1772 1884 τῇ
1805 1815 1845 1867 Β

224 1908 374 1978 ὁμοίᾳ
407 1908 706 1978 κέχρηνται
750 1911 817 1977 τῇ
858 1911 1025 1977 φωνῇ.
1061 1907 1338 1976 Τροπικῶς
1385 1907 1478 1974 μὲν
1508 1901 1598 1957 οὖν
1631 1905 1768 1956 εἴποι

224 1998 284 2052 ἄν
311 2015 389 2060 τις
418 1998 478 2049 τὸ
509 1998 738 2068 χρυσίον
775 1996 924 2048 τοῦτο
949 1995 1221 2066 σημαίνειν
1247 1995 1335 2047 τὸν
1375 1996 1432 2047 ὲν
1471 1993 1770 2064 ἀνθρώποις

227 2084 597 2155 καθαρώτατον
635 2085 790 2136 νοῦν.
834 2084 941 2135 Καὶ
969 2085 1102 2136 κατὰ
1132 2084 1361 2153 ἱστορίαν
1397 2083 1452 2134 δὲ
1478 2081 1771 2151 ἐπληροῦτο

226 2174 280 2226 τὸ
301 2175 494 2242 λόγιον,
526 2175 616 2226 ὅτε
645 2176 694 2225 ot
728 2171 794 2235 ἐξ
832 2174 1087 2240 ἀνατολῆς
1129 2173 1285 2242 μάγοι
1325 2173 1561 2234 ἐλθόντες
1611 2172 1770 2224 παῖδα

225 2265 341 2318 ὂντα
389 2264 812 2334 προσεκύνησαν
855 2263 942 2314 τὸν
995 2265 1234 2333 Σωτῆρα,
1289 2263 1660 2333 προσήνεγκαν
1711 2280 1769 2314 τε

226 2355 361 2424 αὖτῷ
385 2355 605 2424 χρυσίον
637 2357 738 2406 καὶ
777 2353 984 2406 λίϐανον
1013 2354 1104 2405 καὶ
1151 2353 1408 2423 σμύρναν.
1442 2355 1527 2423 Μή
1559 2371 1683 2406 ποτε
1715 2355 1768 2406 δὲ

227 2444 313 2496 καὶ
330 2444 408 2501 τὸ,
447 2461 466 2493 ¢
500 2442 756 2511 ζήσεται,
796 2460 813 2490 ι
846 2445 920 2503 εἰς
945 2443 1142 2492 ἐκεῖνον
1173 2441 1487 2510 ἀναφέρεται
1522 2442 1609 2492 τὸν
1648 2441 1771 2510 χρό-

226 2548 327 2595 νον,
368 2532 486 2584 καθ’
519 2533 579 2584 ὃν
631 2530 905 2601 Ἡρώδης,
957 2530 1306 2581 ἐπιϐουλεύων
1347 2529 1652 2599 νηπιάζοντι
1694 2529 1769 2597 τῷ

237 2621 419 2692 Ἰησοῦ,
456 2641 475 2674 ι
505 2622 732 2692 πέμψας
775 2621 942 2672 ἀνεῖλε
983 2621 1181 2681 πάντας
1205 2620 1325 2680 τοὺς
1351 2620 1473 2688 περὶ
1506 2619 1771 2688 τὴνβηο-

226 2708 347 2780 λεὲμ
379 2710 573 2772 παῖδας
640 2709 759 2761 ἀπὸ
793 2707 995 2770 διετοῦς
1037 2709 1126 2760 καὶ
1167 2709 1470 2778 κατωτέρω,
1507 2708 1645 2760 κατὰ
1680 2707 1768 2760 τὸν

228 2799 403 2869 χρόνον
452 2800 512 2851 ὃν
553 2797 839 2868 ὴκρίϐωσε
891 2797 1036 2866 παρὰ
1067 2798 1172 2849 τῶν
1217 2797 1420 2865 μάγων.
1464 2815 1481 2846 ι
1509 2796 1637 2847 Τότε
1663 2797 1768 2865 γὰρ

227 2891 602 2962 χρηματισθεὶς
643 2891 673 2941 ὁ
709 2889 931 2957 Ἰωσὴφ,
973 2888 1238 2956 παρέλαϐε
1286 2887 1493 2956 Μαρίαν
1536 2889 1632 2956 τὴν
1680 2903 1769 2954 γυ-

227 2984 377 3033 ναῖκα
407 2980 568 3034 αὐτοῦ
595 2979 692 3032 καὶ
727 2977 796 3028 τὸ
825 2978 1045 3041 παιδίον,
1083 2979 1174 3029 καὶ
1195 2976 1534 3046 ,ἀνεχώρησεν
1574 2978 1651 3037 είς
1679 2975 1770 3026 Αἴ-

228 3084 436 3136 γυπτον.
472 3069 562 3120 Διὸ
585 3067 770 3121 ταῦτα
801 3065 1118 3128 θεσπίζουσα
1150 3069 1182 3136 ἡ
1209 3065 1448 3135 παροῦσα
1474 3066 1768 3135 προφητεία

1876 584 1951 637 hit
1974 579 2439 648 ealumniatorem,
2466 589 2517 634 et
2556 575 2886 648 permanebit
2915 595 3036 633 cum
3076 575 3207 639 soie.
3230 580 3400 634 domi‘

1875 669 2191 741 nabiturque
2214 687 2242 724 a
2270 668 2406 725 mari
2439 686 2606 739 usque
2639 669 2702 721 ad
2751 685 2896 722 mare
2926 679 2978 721 et
3009 685 3037 720 a
3062 665 3277 724 ﬂumine
3312 685 3400 724 us-

1876 777 1976 828 que
2000 758 2064 813 ad
2093 761 2348 814 terminos
2367 759 2514 814 orbis
2539 769 2794 812 terrarum
2818 774 2830 819 ;
2853 757 2972 824 jure
2995 758 3092 824 ipsi
3117 758 3270 824 longa
3297 759 3405 812 vita

1876 867 2028 919 opus.
2061 851 2204 904 Alias
2247 851 2387 904 enim
2420 865 2525 919 quo
2579 857 2734 913 pacto
2783 847 2882 915 ipsi
2928 847 3126 900 subditi
3177 846 3406 902 fuissent

1877 939 2175 1008 fEthiopes,
2206 955 2412 993 necnon
2443 954 2591 1008 reges
2619 932 2840 989 Tharsis
2861 942 2912 990 et
2944 937 3147 1001 insulae,
3177 937 3265 1004 qui
3309 935 3405 988 ad-

1875 1038 2118 1083 orassent
2141 1046 2260 1084 eum
2295 1044 2480 1082 omnes
2522 1043 2672 1096 reges
2696 1036 2868 1089 terrm,
2904 1035 2955 1078 et
2984 1040 3169 1079 omnes
3220 1033 3404 1094 gentes

1876 1121 2290 1177 serviissentei?
2321 1119 2519 1171 Horum
2557 1120 2696 1170 enim
2730 1117 2964 1169 omnium
2994 1129 3151 1167 causa
3184 1116 3404 1184 perenni

1875 1211 1978 1262 vita
2021 1209 2121 1277 ipsi
2157 1224 2290 1277 opus
2339 1216 2472 1262 erat.
2525 1207 2858 1274 Quapropter
2907 1207 3006 1258 sub
3061 1206 3174 1258 hazc
3225 1205 3403 1258 omnia

1874 1301 2038 1368 probe
2081 1315 2141 1352 ac
2175 1300 2483 1353 necessario
2519 1297 2735 1350 affertur
2758 1296 2906 1357 illud,
2939 1313 2954 1346 ι
2989 1304 3040 1349 et
3060 1296 3241 1348 vivet:
3283 1312 3300 1340 ι
3327 1294 3407 1348 sic

1873 1403 2102 1456 namque
2127 1388 2244 1455 ejus
2277 1388 2366 1454 qui
2403 1387 2455 1440 in
2499 1385 2754 1439 vaticinio
2808 1385 3116 1439 enuntiatur
3152 1385 3280 1447 vita,
3306 1383 3407 1434 im-

1874 1479 2116 1532 mortalis
2149 1485 2200 1529 et
2237 1485 2431 1530 acterna
2465 1476 2577 1530 fore
2609 1478 2934 1545 praedicitur.
2977 1475 3236 1542 Deinceps
3266 1473 3410 1527 addic

1873 1575 1962 1620 tur
1995 1584 2007 1617 :
2041 1586 2057 1617 σ
2093 1567 2158 1619 Ει
2193 1567 2407 1619 dabitur
2432 1568 2480 1620 ei
2513 1567 2577 1621 de
2607 1583 2737 1620 auro
2766 1567 2992 1620 Arabiaz.
3026 1585 3043 1615 ι
3074 1563 3179 1618 Pro
3201 1565 3293 1617 illo
3320 1579 3411 1616 au-

1875 1665 2002 1719 tem,
2026 1657 2330 1718 «Arabian,»
2357 1673 2572 1711 rursum
2602 1656 2861 1712 Hebraica
2893 1657 3160 1726 scriptura
3185 1673 3204 1705 ‹
3234 1655 3404 1708 δείδω

1875 1747 2212 1811 circumfert;
2244 1763 2306 1801 ae
2335 1748 2526 1816 reliqui
2562 1749 2880 1817 interpretes
2927 1747 3088 1801 simili
3125 1761 3257 1800 voce
3285 1751 3410 1800 sunt

1873 1838 1977 1890 usi.
2011 1837 2212 1891 Dixerit
2264 1841 2555 1908 quispiam.
2585 1839 2674 1892 hie
2707 1853 2896 1891 aurum
2938 1839 3143 1905 tropice
3175 1837 3412 1890 indicare

1873 1929 2213 1996 purissimam
2243 1930 2296 1982 in
2329 1929 2638 1982 hominibus
2684 1937 2935 1982 mentem.
2997 1928 3300 1981 Secundum
3335 1928 3414 1979 hia

1875 2016 2090 2068 storiam
2120 2025 2293 2070 autem
2321 2017 2592 2085 impletum
2621 2017 2750 2069 illud
2785 2016 2902 2078 fuit,
2937 2017 3150 2085 quando
3175 2016 3310 2084 magi
3341 2016 3412 2068 ab

1874 2107 2088 2160 Oriente
2157 2112 2439 2169 venerunt,
2494 2114 2548 2161 et
2610 2106 2946 2160 Serratorem
2993 2116 3123 2160 tunc
3184 2118 3408 2174 puerum

1874 2197 2243 2259 adoraverunt,
2278 2184 2687 2265 obtuleruntque
2713 2197 2759 2249 ei
2786 2211 2994 2260 aurum,
3026 2196 3150 2250 thus
3179 2202 3230 2248 et
3260 2209 3411 2264 myr—

1873 2284 2043 2337 rham.
2077 2283 2212 2336 Num
2247 2285 2380 2338 forte
2431 2284 2580 2346 illud,
2615 2303 2633 2334 ‹
2667 2287 2825 2345 vivet,
2859 2303 2876 2334 ι
2917 2285 2968 2336 in
3012 2284 3064 2337 id
3099 2293 3305 2350 tempus
3331 2296 3411 2337 rev

1874 2373 2094 2433 feratur,
2129 2389 2235 2442 quo
2282 2373 2471 2425 infanti
2510 2372 2637 2427 Jesu
2667 2372 2890 2427 insidias
2920 2387 3116 2441 parans
3146 2371 3404 2428 Herodes.

1879 2463 2143 2536 «mittens
2199 2463 2394 2514 occidit
2451 2477 2638 2515 omnes
2679 2475 2896 2528 pueros,
2939 2461 3028 2528 qui
3075 2468 3230 2514 erant
3259 2460 3404 2513 circa

1872 2548 2177 2602 Bethlehem
2197 2550 2441 2602 abimatu
2463 2558 2513 2602 et
2531 2543 2690 2604 infra.
2715 2547 3006 2602 secundum
3028 2554 3234 2616 tempus
3263 2545 3407 2614 quod

1873 2639 2197 2706 exquisierat
2241 2652 2270 2690 a
2315 2635 2564 2705 magis”.
2598 2658 2616 2690 ›
2649 2637 2802 2691 Tune
2832 2637 2974 2690 enim
3016 2652 3278 2706 responso
3313 2652 3407 2689 ac-

1873 2736 2048 2796 cepto,
2083 2727 2279 2796 Joseph
2306 2730 2596 2796 assumpsit
2627 2727 2845 2780 Mariam
2877 2727 3156 2796 conjugem
3181 2743 3330 2782 suam
3353 2735 3411 2781 et

1872 2833 2116 2885 puerum,
2150 2825 2203 2871 et
2232 2819 2455 2873 secessit
2493 2820 2546 2871 in
2584 2817 2892 2886 Egyptum.
2926 2817 3104 2883 Quare
3135 2817 3246 2871 haec
3271 2832 3410 2886 «pro-

1873 2907 2050 2976 phetia
2075 2907 2416 2961 vaticinando
2440 2908 2796 2976 praenuntiat:
2825 2925 2843 2956 σ
2869 2905 3019 2958 Vivet
3046 2912 3100 2959 et
3120 2905 3335 2959 dabitur
3356 2905 3410 2960 ei

1872 2995 1936 3049 de
1965 3009 2095 3048 auro
2122 2995 2350 3055 Arabian
2384 3015 2401 3045 ι
2435 3010 2527 3049 seu
2555 2995 2620 3048 de
2645 2993 2780 3046 Saba
2803 3011 2816 3058 ;
2849 3008 2910 3046 ac
2937 2993 2982 3047 si
3000 2993 3236 3060 apertius
3261 2992 3410 3046 dice-

1873 3093 1974 3149 ret,
2013 3105 2030 3136 ‹
2063 3088 2251 3141 electo.
2293 3105 2310 3137 ι
2350 3085 2483 3138 Nam
2513 3086 2624 3138 haec
2656 3083 2805 3152 regio
2857 3082 2996 3135 Saba
3035 3090 3090 3136 et
3135 3098 3266 3151 gens
3309 3081 3412 3135 Sa-

232 3158 537 3226 προῦλεγεν,
583 3159 668 3210 ὅτι
732 3173 756 3204 ε
794 3154 1030 3224 ζήσεται,
1073 3156 1162 3206 καὶ
1207 3155 1483 3224 δοθήσεται
1529 3154 1674 3223 αὐτῷ
1711 3156 1771 3207 ἐκ

1875 3171 2012 3224 baita
2021 3187 2158 3234 rum,
2175 3170 2374 3224 dicitur
2389 3186 2508 3224 esse
2521 3169 2915 3236 Arabiae,quam
2929 3167 3162 3222 Felicem
3177 3175 3406 3224 vocant:

229 3247 313 3297 τοῦ
338 3246 554 3315 χρυσίου
578 3244 682 3311 τῆς
722 3241 982 3310 Ἀραϐίας
1017 3262 1034 3292 ι
1071 3241 1160 3294 τοῦ
1190 3241 1294 3294 ἀπὸ
1320 3242 1463 3294 Σαϐά
1481 3259 1494 3271 ·
1526 3242 1654 3293 ὡσεὶ
1682 3259 1774 3294 σα-

228 3338 472 3408 φέστερον
501 3338 655 3404 ἔλεγε
695 3354 713 3385 ε
755 3333 844 3385 τοῦ
872 3333 1139 3385 ἐκλεκτοῦ.
1173 3354 1189 3383 ι
1238 3336 1299 3385 'H
1327 3333 1430 3404 γὰρ
1463 3333 1606 3384 Σαϐὰ
1636 3333 1772 3401 αῦτη

229 3430 316 3481 καὶ
355 3429 415 3481 τὸ
458 3427 747 3481 Σαϐαῖτῶν
789 3424 935 3487 ἔθνος
973 3424 1182 3491 λέγεται
1216 3420 1350 3476 εἶναι
1394 3424 1489 3493 τῆς
1526 3424 1775 3493 Ἀραϐίας

225 3517 317 3587 τῆς
345 3519 687 3588 καλουμένης
730 3515 1059 3584 Εὐδαίμονος
1079 3530 1092 3543 °
1127 3513 1368 3564 ἐντεῦθέν
1400 3531 1455 3564 τε
1491 3516 1773 3582 ἱστορεῖται

225 3607 298 3677 τῷ
324 3609 592 3678 Σολομῶνι
632 3604 897 3676 φέρεσθαι
929 3602 1061 3672 μετὰ
1091 3601 1195 3653 τῶν
1234 3602 1400 3654 ἄλλων
1430 3603 1521 3652 καὶ
1559 3602 1774 3670 χρυσίον

227 3697 490 3750 ἐκλεκτόν.
543 3697 655 3748 Καὶ
698 3694 874 3754 ἄλλως
913 3691 968 3742 δὲ
1010 3691 1186 3750 αὐτοῖς
1228 3687 1518 3756 ὀφθαλμοῖς
1566 3687 1774 3755 ὁρῶμεν

227 3786 280 3836 ὲν
325 3790 444 3849 ταῖς
498 3783 824 3852 ἐκκλησίαις
869 3779 1098 3847 Χριστοῦ
1148 3777 1311 3848 μυρία
1359 3777 1609 3845 κειμήλια
1672 3776 1774 3827 ἀπὸ

226 3878 439 3944 χρυσίου
479 3873 729 3944 καθαροῦ
779 3873 856 3933 εἰς
892 3869 1050 3923 αὐτοῦ
1094 3883 1152 3920 τε
1194 3867 1351 3937 τιμὴν
1392 3867 1771 3937 ἁφιερούμενα.

226 3967 457 4027 Εἰκότως
488 3962 585 4018 οὖν
607 3963 737 4016 οὐδὲ
763 3962 860 4031 τὴν
891 3959 1088 4011 τούτων
1119 3959 1330 4028 μνήμην
1358 3958 1595 4028 παριδεῖν
1626 3957 1776 4024 ﬁgam.

227 4069 312 4104 σεν
340 4056 368 4106 ὀ
396 4055 576 4121 λόγος.
616 4050 890 4116 Ἐπιλέγει
929 4048 983 4098 δὲ
1014 4047 1135 4116 ἑξῆς
1160 4065 1172 4078 ·
1214 4065 1230 4096 ι
1265 4049 1372 4098 Καὶ
1401 4044 1775 4117 προσεύξονται

225 4145 345 4212 περὶ
396 4143 563 4197 αὐτοῦ
619 4139 902 4209 διηνεκῶς,
951 4137 1038 4189 διὰ
1086 4137 1260 4205 πάσης
1312 4137 1517 4206 ἡμέρας
1555 4137 1775 4199 ἕκαστος

225 4233 499 4301 εὐλογήσει
545 4231 739 4284 αὐτόν.
779 4247 796 4278 ι
833 4228 904 4280 0'6
939 4227 1014 4278 δεῖ
1048 4227 1102 4278 δὲ
1149 4227 1350 4278 πολλῶν
1399 4226 1566 4293 λόγων
1597 4228 1673 4288 είς
1717 4228 1776 4280 τὸ

225 4326 568 4392 παραστῆσαι
592 4321 745 4379 ὅπως
773 4317 965 4377 πάντες
987 4317 1036 4367 οἱ
1067 4317 1143 4378 εἰς
1166 4315 1250 4367 τὸν
1267 4316 1492 4384 Χριστὸν
1525 4314 1614 4366 τοῦ
1644 4315 1775 4367 Θεοῦ

1872 3276 1937 3314 ex
1967 3273 2072 3327 qua
2107 3259 2377 3314 Salomoni
2420 3274 2631 3327 quoque
2665 3258 2882 3310 allatum
2920 3273 3042 3310 cum
3073 3258 3192 3316 aliis
3239 3257 3410 3312 fuisse

1873 3364 2060 3402 aurum
2097 3351 2322 3402 electum
2367 3361 2666 3402 enarratur.
2705 3346 2768 3399 Et
2805 3347 2938 3403 alias
2979 3363 3194 3416 quoque
3232 3347 3288 3400 in
3317 3363 3410 3402 ec-

1873 3438 2050 3493 clesiis
2078 3439 2276 3492 Christi
2309 3438 2517 3491 inﬁnita
2552 3438 2792 3492 ridemus
2822 3453 2888 3491 ex
2918 3451 3050 3490 auro
3075 3451 3212 3506 puro
3237 3437 3409 3492 cime-

1872 3532 1944 3585 lia
1978 3532 2034 3585 in
2075 3531 2192 3598 ejus
2221 3531 2474 3587 honorem
2527 3536 2862 3583 consecrata.
2896 3527 3088 3582 Merito
3115 3528 3280 3597 igitur
3303 3528 3410 3581 ho-

1872 3636 1990 3675 rum
2041 3622 2303 3675 memoria
2343 3634 2678 3688 nequaquam
2731 3618 3091 3686 praetermissa
3128 3617 3249 3672 fuit.
3285 3616 3409 3672 Mox

1873 3708 2236 3776 subjungitur,
2263 3727 2282 3757 ‹
2323 3708 2388 3760 Et
2419 3707 2650 3760 orabunt
2676 3705 2740 3758 de
2768 3706 2887 3774 ipso
2927 3721 3157 3775 semper,
3179 3706 3412 3761 tota.die

1874 3799 2069 3868 singuli
2116 3798 2433 3852 benedicent
2478 3811 2621 3850 eum.
2659 3815 2677 3848 ι
2711 3795 2828 3850 Non
2854 3796 3038 3852 multis
3066 3796 3242 3850 verbis
3275 3810 3412 3865 opus

1876 3889 1941 3941 ad
1983 3888 2360 3942 declarandum
2388 3900 2494 3956 quo
2522 3893 2679 3954 pacto
2712 3900 2899 3939 omnes
2927 3887 3020 3954 qui
3055 3886 3109 3938 in
3132 3885 3410 3940 Christum

1874 3977 1967 4031 Dei
2015 3977 2376 4040 crediderunt,
2418 3975 2782 4028 indesinenter
2811 3987 3000 4040 preces
3029 3972 3253 4026 efferant
3284 3990 3304 4022 ‹
3342 3972 3412 4026 de

1876 4067 1988 4130 illo,
2022 4085 2038 4116 ι
2080 4073 2138 4119 ut
2169 4066 2316 4118 illum
2352 4079 2560 4132 semper
2607 4076 2787 4116 secum
2826 4060 3080 4121 habeant,
3112 4068 3165 4114 et
3196 4060 3410 4128 adjuto—

1874 4173 1988 4212 rem
2021 4157 2075 4210 in
2096 4156 2346 4212 omnibus
2364 4155 2766 4208 nanciscantur.
2796 4147 2947 4214 Quod
2964 4159 3140 4202 autem
3169 4149 3410 4216 quotidie

1878 4244 2074 4311 singuli
2103 4242 2421 4297 benedicant
2449 4241 2517 4302 ei,
2554 4239 2675 4308 quis
2716 4235 3072 4290 dubitaverit?
3099 4251 3221 4288 nam
3250 4247 3408 4290 nocte

1876 4341 1928 4387 et
1958 4333 2043 4386 die
2070 4331 2259 4384 anima:
2294 4331 2530 4384 omnium
2554 4329 2607 4382 in
2633 4328 2808 4395 ipsum
2843 4325 3050 4379 sincere
3074 4324 3407 4378 credentium

224 4409 646 4468 πεπιστευκότες
669 4404 1034 4466 ἀδιαλείπτους
1059 4403 1411 4474 ἀναφέρουσιν
1434 4406 1592 4473 εὐχὰς
1621 4423 1714 4457 «πε
1725 4407 1771 4475 pi

1877 4421 2226 4490 frequentius,
2255 4435 2412 4488 quam
2445 4417 2727 4486 respirent,
2754 4427 2949 4468 nomen
2981 4411 3101 4480 ejus
3129 4414 3312 4467 colunt
3343 4428 3409 4467 ac

225 4499 402 4560 αὐτοῦ,
435 4518 455 4550 ι
488 4498 566 4560 ὡς
597 4496 665 4550 ἂν
693 4494 860 4562 ἔχοιεν
885 4495 1040 4547 αὐτὸν
1073 4496 1176 4546 αἰεὶ
1207 4495 1444 4556 συνόντα,
1475 4494 1564 4546 καὶ
1589 4494 1775 4562 βοηθὸν

225 4587 399 4650 αὐτοῖς
446 4589 585 4640 πᾶσι
621 4585 957 4653 γιγνόμενον.
1001 4584 1084 4644 Ὠς
1129 4583 1183 4634 δὲ
1231 4583 1316 4634 διὰ
1365 4583 1540 4652 πάσης
1570 4583 1776 4652 ἡμέρας

224 4675 445 4740 ἕκαστος
479 4676 697 4740 εὐλογεί
729 4673 906 4735 αὑτὸν,
947 4672 1028 4732 τίς
1065 4671 1128 4723 ἂν
1166 4671 1514 4740 ἁμφιϐἁλλοι;
1546 4671 1774 4740 Νύκτωρ

227 4765 350 4830 γοῦν
394 4767 490 4818 καὶ
543 4763 666 4833 μεθ’
701 4763 908 4831 ἡμέραν
961 4761 1135 4812 πλεῖον
1181 4764 1277 4829 τῆς
1311 4762 1575 4829 ἀναπνοῆς
1630 4764 1776 4814 πᾶσα

227 4854 363 4924 ψυχὴ
406 4856 516 4906 τῶν
562 4857 644 4916 είς
689 4851 851 4904 αὐτὸν
897 4850 1128 4918 γνησίως
1188 4849 1631 4911 πεπιστευκότων,
1679 4851 1774 4921 τὴν

223 4944 587 5014 προσηγορίαν
615 4941 786 4994 αὑτοῦ
817 4939 1025 5008 τιμῶσα
1055 4939 1144 4990 καὶ
1186 4939 1410 4990 σέϐουσα
1441 4939 1646 5005 εύλογεῖ
1675 4942 1772 4991 αὑ-

227 5031 329 5092 τὸν,
374 5029 721 5098 πεπεισμένη
765 5029 842 5088 εἰς
874 5027 1066 5093 ἑαυτὴν
1107 5024 1472 5094 ἀντιστρέφειν
1501 5025 1597 5093 τὴν
1628 5028 1774 5080 εὐλο-

233 5121 370 5186 γίαν,
401 5119 711 5178 ἀκολούθως
748 5115 909 5183 λογίῳ
938 5116 1013 5175 εἰς
1044 5114 1201 5166 αὐτοῦ
1231 5113 1514 5182 πρόσωπον
1539 5115 1771 5184 Χριστοῦ

243 5212 459 5279 φήσαντι
477 5227 491 5241 ·
513 5229 531 5259 ι
551 5210 614 5261 υἱ
643 5203 982 5271 εύλογοῦντές
1010 5219 1067 5253 σε
1081 5204 1410 5270 εύλόγηνται,
1444 5203 1536 5252 καὶ
1564 5205 1613 5254 οἱ
1640 5221 1770 5257 κατ-

243 5297 500 5366 αρώμενοί
544 5313 602 5346 σε
649 5294 1058 5360 κεκατήρανται.
1102 5309 1120 5338 ι
1153 5290 1310 5342 Ὅθεν
1343 5289 1431 5338 καὶ
1455 5287 1603 5353 αὔξει
1645 5293 1775 5362 ean..-

1879 4516 2225 4570 venerantur,
2254 4509 2462 4576 ipsique
2487 4505 2807 4558 benedicunt
2836 4518 2848 4552 :
2880 4508 3040 4554 certae
3069 4501 3127 4556 in
3155 4519 3214 4558 se
3253 4503 3410 4558 refle-

1879 4598 1949 4650 cti
1980 4597 2136 4648 talem
2183 4594 2626 4650 benedictionem,
2662 4587 2954 4643 secundum
2985 4586 3088 4640 hoc
3130 4589 3182 4640 in
3223 4603 3408 4655 perso-

1879 4698 2001 4738 nam
2025 4681 2227 4736 Christi
2266 4680 2462 4734 dictum
2496 4692 2511 4727 :
2547 4694 2564 4724 ‹
2596 4675 2697 4740 Qui
2731 4670 3050 4726 benedicunt
3096 4670 3216 4733 tibi,
3243 4671 3408 4724 bene-

1879 4773 2005 4826 dicti
2046 4778 2189 4834 sunt,
2223 4776 2276 4823 et
2305 4767 2396 4836 qui
2443 4764 2770 4818 maledicunt
2817 4760 2941 4820 tibi,
2983 4757 3258 4811 maledicti
3275 4759 3344 4811 “.
3384 4778 3401 4807 ι

1878 4861 2232 4926 Quamobrem
2261 4855 2494 4926 quotidie
2517 4854 2710 4907 crescit
2738 4860 2790 4904 et
2816 4854 3038 4916 augetur
3064 4845 3407 4901 Christiano-

1878 4965 1995 5002 rum
2045 4963 2230 5016 genus,
2261 4944 2402 5012 quod
2444 4940 2830 4995 benedictionis
2881 4935 2969 4986 Dei
3014 4947 3244 4988 consors
3289 4943 3405 4989 est:

1878 5045 1940 5084 ea
1973 5031 2166 5098 quippe
2198 5030 2412 5088 fruitur,
2457 5027 2583 5095 quia
2621 5036 2832 5092 semper
2860 5018 3074 5072 Christo
3112 5017 3288 5084 ipsius
3317 5020 3410 5074 be-

1880 5119 2118 5181 nedicit,
2173 5115 2461 5170 secundum
2519 5114 2657 5167 hanc
2694 5110 3023 5176 Scripturam
3077 5103 3352 5158 dicentem
3395 5125 3409 5158 :

1882 5225 1898 5258 ι
1938 5207 2071 5259 Tota
2095 5207 2179 5260 die
2209 5202 2520 5258 benedicent
2554 5204 2624 5258 ei.
2664 5221 2682 5253 ι
2710 5200 3016 5271 ﬂorumque
3055 5205 3286 5244 causam
3318 5193 3419 5247 de-

1875 5295 2041 5348 clarat
2063 5295 2243 5348 dicens
2274 5309 2286 5342 :
2319 5307 2336 5338 ι
2371 5288 2485 5341 Erit
2518 5289 2908 5342 ﬁrmamentum
2938 5279 2994 5331 in
3014 5283 3162 5328 terra
3183 5278 3242 5328 in
3273 5293 3428 5331 sum-

1874 5386 1975 5440 mis
2009 5384 2283 5437 montium.
2322 5397 2339 5428 ι
2377 5377 2473 5430 His
2514 5387 2688 5432 autem
2732 5372 2938 5428 indicat
2970 5364 3275 5417 Ecclesiam
3308 5367 3435 5433 ejus

252 5386 401 5454 μέραι
429 5386 524 5438 καὶ
543 5381 772 5451 πληθύει
799 5379 862 5429 τὸ
883 5380 1208 5446 Χριστιανῶν
1232 5377 1403 5444 γένος,
1430 5377 1512 5427 διὰ
1542 5379 1601 5429 τὸ
1623 5383 1775 5447 μετέ-

1874 5473 1928 5529 in
1957 5475 2106 5530 lirma
2133 5469 2344 5528 virtutis
2385 5468 2556 5536 ipsius
2591 5476 2740 5539 petra
2786 5457 3072 5517 fundatam
3123 5451 3442 5506 ﬁrmatam.

247 5489 350 5541 χειν
384 5475 480 5541 τῆς
511 5476 574 5523 ἐκ
606 5468 742 5521 Θεοῦ
772 5466 1031 5528 εὐλογίας,
1062 5461 1124 5533 ἧς
1147 5465 1400 5518 ἀπολαύει
1429 5463 1512 5518 διὰ
1539 5467 1598 5518 τὸ
1626 5469 1766 5523 ἀδια-

311 5649 351 5680 ⁸³
377 5648 557 5702 Matth.
593 5660 649 5707 ll,
695 5641 784 5695 16.
865 5637 910 5668 ⁸⁸
936 5635 1081 5692 Num.
1113 5656 1258 5704 XXIV,
1286 5639 1336 5692 9.
