3796 6338
266 383 376 438 817

1379 387 1875 447 COMMENTARIA
1912 391 1978 446 1N
2010 390 2338 448 PSALMOS.

3338 392 3440 448 8l8

264 503 430 566 ⁴πτόλις
474 501 564 554 τοῦ
607 500 761 565 Θεοῦ,
801 503 1124 574 ἀρδευομένη
1165 505 1240 574 τῷ
1286 507 1342 560 ἐν
1385 507 1519 576 αὐτῇ
1564 505 1814 578 πλημμύ-

1917 522 2039 560 ιιυω
2073 513 2246 562 ιειτιε.
2284 525 2303 559 ι
2351 504 2699 562 Ριδοεωίιῑὶιιιι·
2733 519 2865 562 sane
2912 504 3272 569 multitudini,
3325 521 3443 574 qua

263 599 420 666 ροντι
445 591 690 661 ποταμῷ,
723 591 884 662 λόγῳ,
928 594 1056 647 πολὺ
1085 595 1281 665 πλῆθος
1321 597 1575 667 προφέρει
1607 597 1711 649 τῶν
1756 598 1814 649 ἐν

260 686 335 754 τῇ
386 682 680 753 Ἐκκλησία
701 685 1188 756 συγκροτουμένων,
1216 685 1433 748 εἰκότως
1456 686 1780 739 ἐπιλέλεκται
1795 705 1810 719 ·

269 793 289 824 ι
323 775 436 826 Kal
463 772 836 843 ἐξανθήσουσιν
867 775 930 827 ἐκ
954 775 1155 837 πόλεως
1178 775 1305 828 ὡσεὶ
1327 775 1511 846 χόρτος
1542 777 1637 846 τῆς
1659 777 1809 846 γῆς.»

261 867 577 936 Προηγεῖτο
607 866 702 936 μὲν
724 861 815 920 οὖν
839 866 930 920 τοῦ
953 867 1139 938 χόρτου
1163 868 1313 939 δίκην
1331 868 1664 934 ἐξανθοῦντος
1690 870 1818 940 πλή-

259 955 394 1018 θους
435 958 464 1008 ό
498 955 919 1027 προλελεγμένος
962 958 1169 1028 καρπὸς
1207 957 1388 1022 αὐτοῦ,
1421 959 1550 1012 πολὺ
1601 958 1816 1028 βελτίων

258 1049 364 1099 καὶ
421 1048 688 1116 κρείττων
739 1048 1014 1116 τυγχάνων
1057 1047 1146 1100 τοῦ
1190 1049 1380 1119 χόρτου
1434 1048 1532 1118 τῆς
1569 1049 1668 1119 γῆς
1692 1066 1706 1079 ·
1737 1049 1816 1102 διὸ

215 1173 227 1182 .
259 1134 638 1204 προτέτακται
665 1135 745 1188 τό³
781 1153 800 1188 ι
823 1135 1274 1206 ’Υπεραρθήσεται
1300 1135 1436 1206 ὑπὲρ
1474 1137 1564 1188 τὸν
1595 1137 1816 1190 Λίϐανον

253 1227 288 1278 6
341 1224 558 1296 καρπὸς
590 1225 780 1278 αὐτοῦ’
820 1244 838 1276 ι
882 1225 1017 1296 μετά
1041 1226 1096 1278 δὲ
1125 1227 1213 1280 τὸν
1257 1226 1460 1297 καρπὸν
1487 1226 1573 1280 τὸν
1614 1226 1817 1298 ἐξαίρε-

255 1330 376 1375 τον,
407 1313 539 1374 τοὺς
566 1313 625 1364 ἐν
653 1315 719 1383 τῇ
764 1313 1048 1384 Ἐκκλησία
1091 1313 1287 1384 δηλαδή
1328 1315 1812 1386 καρποφοροῦντας,

253 1402 330 1454 τὰ
360 1400 532 1453 λοιπὰ
558 1401 734 1471 πλήθη
780 1403 1096 1474 καταριθμεῖ
1134 1403 1219 1455 διὰ
1247 1403 1357 1456 τοῦ·
1399 1422 1417 1455 ‹
1455 1404 1564 1458 Kal
1599 1404 1816 1474 ἐξανθή-

255 1509 454 1546 σουσιν
495 1493 560 1545 ἐκ
603 1493 805 1555 πόλεως
840 1493 968 1545 ὡσεὶ
1011 1493 1194 1563 χόρτος
1231 1495 1326 1563 τῆς
1356 1494 1475 1562 γῆς.
1511 1513 1530 1546 ι
1577 1490 1684 1548 Εἶτ’
1727 1495 1818 1546 ἐπὶ

251 1583 482 1646 τούτοις
520 1582 766 1652 λέγεται·
816 1601 834 1635 ι
867 1585 1056 1636 Ἔσται
1086 1584 1144 1636 τὸ
1183 1585 1347 1654 ὄνομα
1385 1585 1544 1638 αὐτοῦ
1582 1586 1660 1647 είς
1695 1586 1818 1648 τοὺς

250 1673 492 1736 αἰῶνας.
527 1693 545 1724 ι
583 1673 930 1743 Διαμένοντος
954 1674 1010 1726 δὲ
1042 1675 1134 1727 καὶ
1155 1675 1541 1739 διαιωνίζοντος
1564 1676 1656 1728 τοῦ
1689 1677 1819 1746 Χρι-

253 1758 393 1811 στοῦ
423 1759 706 1829 ὀνόματος,
733 1762 1276 1831 συμπαρεκτείνεσθαι
1304 1765 1394 1815 καὶ
1416 1763 1472 1815 τὸ
1489 1764 1817 1834 Χριστιανῶν

1919 598 2090 651 instar
2137 597 2241 651 feni
2291 596 2613 661 cmorescit,
2666 606 2991 651 memoratus
3037 595 3246 651 fructus
3300 594 3440 664 ejus,

1920 696 2075 760 longe
2120 687 2477 758 praestabilior
2523 686 2817 755 meliorque
2856 684 2978 740 feno
3017 693 3206 751 terrae;
3255 700 3446 756 quam-

1919 780 2102 833 obrem
2120 777 2464 848 praepositum
2483 776 2582 831 fuit
2600 774 2730 830 illud
2753 794 2767 831 :
2791 793 2808 827 ι
2830 774 3333 845 Superexaltabitur
3361 790 3443 830 su-

1918 884 2012 939 per
2044 866 2305 921 Libanum
2339 866 2544 921 fructus
2574 866 2692 935 ejus
2723 883 2738 920 :
2777 885 2795 918 ι
2833 871 2952 935 post
2982 863 3213 918 fructum
3267 871 3445 920 autem

1919 960 2070 1013 illum
2119 958 2528 1028 praecellentem,
2563 956 2812 1013 videlicet
2844 962 2966 1025 post
3003 970 3096 1010 eos
3127 954 3219 1023 qui
3253 954 3308 1008 in
3343 953 3448 1010 Ec-

1919 1050 2081 1104 clesia
2109 1047 2458 1111 fructiﬁcant,
2488 1047 2751 1116 reliquam
2791 1045 3188 1100 multitudinem
3223 1059 3448 1101 enume-

1920 1150 2022 1201 rat,
2053 1138 2133 1193 sic
2163 1137 2350 1192 dicens
2381 1151 2395 1187 :
2435 1153 2454 1187 ι
2485 1135 2550 1189 Et
2575 1125 2838 1189 ﬂoreb‘t'tnt
2857 1134 2925 1190 de
2950 1129 3166 1190 civitate
3210 1135 3350 1190 sicut
3371 1133 3449 1190 fe-

1919 1242 2046 1281 num
2077 1235 2251 1281 terrae.
2283 1244 2302 1278 ι
2331 1224 2636 1280 Secundum
2665 1223 2778 1279 haec
2809 1224 3044 1279 dicitur:
3073 1242 3092 1276 ‹
3110 1223 3225 1278 Erit
3255 1239 3450 1278 nomen

1920 1319 2036 1387 ejus
2065 1317 2119 1372 in
2146 1317 2359 1371 saecula.
2399 1333 2418 1367 ι
2452 1315 2584 1370 Cum
2632 1329 2792 1385 porro
2840 1329 3034 1369 nomen
3077 1311 3280 1368 Christi
3326 1327 3449 1383 per-

1921 1417 2080 1478 petuo
2133 1413 2368 1470 maneat,
2417 1411 2807 1474 consequenter
2863 1417 2990 1460 sane
3023 1403 3452 1458 Christianorum

1919 1515 2116 1556 nomen
2148 1498 2482 1554 tantumdem
2514 1496 2776 1566 temporis
2823 1496 3172 1566 permanebit.
3205 1495 3318 1550 lloc
3352 1509 3452 1548 au—

1923 1599 2024 1645 tem
2046 1605 2242 1645 nomen
2267 1588 2412 1660 quod
2443 1597 2525 1644 est
2547 1603 2707 1658 super
2723 1601 2880 1642 omne
2900 1602 3093 1642 nomen
3115 1596 3237 1640 ante
3265 1585 3454 1641 mundi

1920 1679 2358 1734 constitutionem
2393 1685 2510 1733 erat
2545 1696 2557 1730 :
2584 1690 2752 1746 quare
2768 1675 2970 1730 dictum
3003 1683 3125 1730 est:
3162 1693 3181 1727 ι
3211 1675 3348 1729 Ante
3371 1689 3454 1729 so-

1921 1769 2023 1823 lem
2051 1775 2331 1838 permanet
2373 1782 2567 1822 nomen
2597 1766 2737 1836 ejus.
2775 1784 2794 1818 ›
2833 1764 3092 1835 Superius
3139 1780 3349 1835 quoque
3379 1763 3454 1819 di-

247 1849 438 1918 δνομα
471 1848 758 1903 ἀκόλουθον
785 1848 849 1901 ἂν
879 1849 980 1918 εἴη.
1015 1849 1179 1902 Τοῦτο
1217 1851 1273 1902 δὲ
1303 1851 1362 1902 τὸ
1405 1850 1569 1920 ὄνομα
1597 1851 1656 1902 τὸ
1689 1851 1815 1921 ὑπὲρ

1920 1857 2160 1922 cebatur,
2189 1871 2596 1925 permansurum
2621 1869 2741 1910 esse
2762 1868 2882 1908 cum
2913 1854 3025 1908 sole
3055 1861 3108 1908 et
3131 1852 3452 1908 antelunam

251 1942 374 1992 πᾶν
407 1938 582 2008 δνομα
616 1939 708 1990 καί
751 1939 853 2008 πρὸ
891 1939 987 2008 τῆς
1017 1939 1105 1991 τοῦ
1138 1939 1336 2008 κόσμου
1372 1939 1674 2003 συστάσεως
1711 1936 1775 2012 ἦν
1799 1958 1814 1972 ο

247 2030 341 2083 διὸ
370 2028 621 2098 εἴρηται·
665 2047 683 2080 ι
720 2029 831 2098 Πρὸ
861 2029 951 2081 τοῦ
986 2028 1132 2099 ἡλίου
1175 2030 1412 2098 διαμένει
1441 2030 1498 2081 τὸ
1529 2030 1693 2100 ὄνομα
1722 2031 1818 2082 αὐ-

248 2117 382 2172 τοῦ.
427 2137 446 2168 ι
487 2116 599 2168 Kal
639 2117 889 2188 ἀνωτέρω
917 2117 971 2169 δὲ
1004 2118 1214 2186 ἐλέγετο
1261 2117 1696 2188 συμπαραμένειν
1743 2118 1817 2188 τῷ

249 2204 400 2276 ήλίῳ
437 2203 536 2256 καὶ
581 2204 685 2274 πρὸ
704 2205 800 2274 τῆς
829 2205 1050 2276 σελήνης
1071 2208 1148 2268 είς
1169 2207 1356 2274 γενεὰς
1383 2207 1597 2274 γενεῶν.
1631 2209 1748 2260 Ὀτι
1765 2209 1819 2260 δὲ

246 2295 443 2348 ταῦτα
478 2295 538 2346 οὐ
580 2295 799 2348 δυνατὸν
836 2295 998 2366 θνητῇ
1033 2298 1332 2366 ἐφαρμόσαι
1365 2297 1541 2365 φύσει.
1582 2298 1818 2366 φθάσαν-

247 2402 351 2446 τες
387 2383 492 2453 ήδη
546 2384 977 2453 παρεστήσαμεν.
1025 2386 1176 2437 Μετὰ
1223 2384 1387 2437 ταῦτα
1438 2386 1493 2437 δὲ
1542 2386 1816 2438 λέλεκταιο

254 2494 274 2524 ι
317 2473 438 2524 Kal
475 2470 954 2542 ἐνευλογηθήσεται
984 2473 1040 2524 ἐν
1070 2473 1215 2543 αὐτῷ
1256 2474 1428 2526 πάντα
1457 2474 1525 2526 τὰ
1570 2473 1692 2543 ἔθνη
1724 2473 1819 2541 τῆς

247 2567 386 2634 γῆς.
459 2583 476 2612 ι
547 2557 641 2624 Οἷς
700 2561 1034 2632 παραθήσεις
1090 2562 1176 2615 τὸν
1239 2564 1480 2632 φήσαντα
1536 2565 1671 2634 πρὸς
1732 2563 1819 2617 τὸν

261 2652 536 2725 Ἀϐραὰμ
581 2652 857 2722 χρησμόν·
905 2669 923 2702 ι
957 2651 1064 2705 Kal
1099 2651 1594 2723 ἐνευλογηθήσονται
1647 2655 1702 2706 ἐν
1743 2654 1820 2724 τῷ

247 2741 549 2813 σπέρματί
583 2758 677 2793 σου
715 2741 890 2799 πάντα
917 2741 984 2794 τὰ
1027 2741 1149 2813 ἔθνη
1195 2742 1293 2810 τῆς
1329 2743 1450 2812 γῆς.
1489 2761 1506 2794 ι
1553 2743 1661 2796 Kal
1703 2743 1818 2810 θέα,

243 2835 415 2896 ὅπως
463 2834 496 2902 ή
544 2831 681 2900 πρὸς
738 2831 826 2884 τὸν
875 2830 1118 2902 Ἀϐραὰμ
1162 2831 1455 2899 ἐπαγγελία
1504 2832 1821 2901 ἐφυλάττετο

245 2921 410 2978 κατὰ
432 2921 663 2992 χρόνους
685 2921 1043 2994 άνανεουμένη
1069 2921 1134 2974 δι’
1165 2921 1386 2974 ἑκάστου
1417 2925 1703 2995 προφήτου.
1732 2924 1820 2994 Τῷ

244 3013 358 3084 μὲν
411 3011 524 3083 γὰρ
566 3009 813 3082 ’Ἀϐραὰμ
859 3009 1054 3082 πρώτῳ
1102 3011 1314 3066 λέλεκτο
1333 3013 1427 3065 τόο
1464 3031 1484 3064 ι
1523 3013 1821 3085 Εὐλογηθή-

243 3119 448 3157 σονται
483 3103 544 3154 ἐν
571 3099 649 3169 τῷ
680 3100 946 3170 σπέρματί
970 3117 1060 3153 σου
1093 3101 1264 3155 πάντα
1289 3102 1355 3154 τὰ
1375 3101 1497 3172 ἔθνη
1526 3103 1623 3173 τῆς
1651 3103 1812 3172 γῆς’»

243 3191 405 3262 μετὰ
437 3188 494 3240 δὲ
525 3187 703 3241 ταῦτα
734 3189 762 3241 6
799 3186 992 3241 Ἰακὼϐ
1025 3187 1286 3253 θεσπίζων
1316 3191 1440 3259 περὶ
1465 3190 1557 3242 τοῦ
1588 3190 1818 3262 Χριστοῦ

241 3279 684 3349 ἀναγέγραπται
727 3276 994 3350 είρηκῶςσ
1033 3295 1052 3331 ι
1101 3280 1214 3332 Οὐκ
1262 3280 1493 3349 ἐκλείψει
1538 3282 1715 3352 ἄρχων
1761 3282 1819 3348 ἐξ

254 3372 447 3428 Ἰούδα
475 3371 584 3435 ἐως
609 3371 674 3425 ἂν
699 3370 824 3443 ἔλθῃ
852 3371 880 3424 6
909 3371 1190 3424 ἀπόκειται
1221 3373 1294 3442 (l)
1315 3389 1329 3402 ·
1361 3373 1453 3426 καὶ
1480 3373 1636 3436 αὐτὸς
1673 3372 1819 3428 ἔσται

241 3460 568 3535 προσδοκία
593 3459 780 3514 ἐθνῶν.
832 3479 852 3513 ι
889 3461 996 3515 Kal
1024 3463 1080 3513 ἐν
1107 3463 1216 3523 τοῖς
1255 3460 1387 3532 μετὰ
1419 3461 1587 3514 ταῦτα
1614 3462 1820 3532 χρόνοις

239 3552 421 3617 αὖθις
455 3549 673 3622 εἴρηται
713 3546 802 3602 διὰ
841 3547 932 3601 τοῦ
976 3546 1231 3618 Βαλαάμ·
1279 3566 1298 3598 ι
1345 3547 1701 3611 Ἐξελεύσεται
1730 3549 1821 3602 άν-

241 3647 486 3718 θρωπος
546 3643 614 3693 ἐκ
664 3637 758 3692 τοῦ
809 3638 1115 3709 σπέρματος
1165 3637 1344 3701 αὐτοῦ,
1399 3638 1490 3690 καὶ
1543 3638 1812 3709 κυριεύσει

239 3732 434 3789 ἐθνῶν
468 3728 698 3783 πολλῶν.
739 3746 760 3780 ι
793 3729 904 3782 Kal
934 3729 1168 3797 Μωῦσῆς
1196 3728 1252 3783 δὲ
1282 3728 1388 3782 τῶν
1416 3728 1580 3781 ἐθνῶν
1625 3732 1680 3784 ἐν
1708 3730 1816 3803 ᾠδῇ

241 3821 481 3896 μεγάλῃ
533 3818 774 3889 μέμνητο
819 3817 1028 3899 λέγων;
1076 3835 1095 3868 ι
1134 3816 1500 3888 Εὐφράνθητε,
1535 3817 1657 3888 ἔθνη
1696 3819 1821 3882 λαὸς

239 3913 430 3969 αὐτοῦ
457 3928 472 3941 ·
535 3909 629 3963 καὶ
675 3907 1198 3978 προσκυνησάτωσαν
1255 3906 1400 3978 αὐτῷ
1456 3907 1654 3970 πάντες
1717 3909 1821 3961 υἱοὶ

239 4000 422 4056 Θεοῦ.
457 4018 478 4051 ι
507 3997 693 4059 Οὕτως
723 3992 813 4049 οῦν
839 3995 928 4048 καὶ
954 3995 1178 4048 ἐνταῦθα
1204 3995 1271 4048 τὰ
1299 3995 1431 4068 πρὸς
1458 3997 1547 4052 τὸν
1579 3997 1822 4068 Ἀϐραὰμ

238 4093 344 4148 διὰ
403 4087 507 4142 τοῦ
548 4086 796 4159 χρησμοῦ
847 4085 1236 4156 τεθεσπισμένα
1285 4087 1716 4158 ἐπαναλαμϐάνει
1763 4089 1823 4142 τὸ

237 4185 444 4253 λόγιον
473 4178 721 4232 διδάσκον
743 4177 841 4229 οὐκ
869 4177 1037 4238 ἄλλως
1063 4176 1094 4245 ἢ
1127 4177 1212 4230 διὰ
1234 4177 1324 4230 τοῦ
1355 4177 1583 4248 Χριστοῦ
1609 4177 1822 4250 πληρω-

239 4263 553 4340 Θήσεσθαι,
601 4262 833 4330 φάσκον·
884 4281 902 4313 ι
954 4262 1061 4316 Kal
1104 4263 1546 4334 εὐλογηθήσονται
1589 4266 1646 4317 ἐν
1677 4265 1822 4336 αὐτῷ

1917 1948 1972 2001 in
2031 1946 2404 2016 generationes
2453 1946 2881 2017 generationum.
2929 1943 3083 2008 Quod
3141 1957 3266 1997 vero
3318 1942 3452 1997 illud

1917 2037 2129 2090 mortali
2161 2043 2368 2090 naturae
2395 2035 2633 2104 coaptari
2667 2041 2920 2103 nequeat,
2960 2033 3071 2100 jam
3105 2033 3454 2102 comprobare

1917 2125 2318 2194 occupavimus.
2356 2123 2467 2178 Sub
2506 2124 2618 2178 haec
2647 2132 2825 2177 autem
2861 2122 3102 2176 dicitur:
3140 2140 3159 2172 ι
3198 2121 3262 2174 Et
3292 2123 3454 2176 bene-

1918 2212 2373 2283 dicenturinipso
2391 2228 2576 2268 omnes
2607 2218 2986 2283 gentcsterrm.
3022 2230 3040 2261 ι
3080 2210 3288 2276 Quibus
3319 2225 3453 2266 con-

1918 2301 2059 2357 feras
2099 2303 2254 2357 velim
2284 2303 2388 2357 hoc
2417 2308 2694 2358 oraculum
2724 2301 2792 2356 ad
2820 2301 3185 2355 Abrahamum
3221 2300 3406 2354 datum
3433 2319 3448 2355 :

1923 2409 1941 2442 ι
1971 2391 2035 2444 Ει
2088 2392 2474 2447 benedicentur
2522 2392 2578 2445 in
2637 2391 2839 2446 semine
2882 2399 2975 2445 tuo
3021 2405 3209 2446 omnes
3269 2398 3454 2458 gentes

1918 2483 2157 2538 terra)".
2199 2501 2217 2534 ›
2254 2483 2318 2536 Et
2366 2483 2652 2554 perpende,
2691 2497 2894 2552 quaeso,
2925 2481 3339 2552 promissionem
3387 2481 3454 2536 ad

1917 2570 2280 2625 Abrahamum
2325 2570 2541 2634 factam,
2593 2568 2946 2639 subsequenti
2985 2574 3226 2635 tempore
3265 2580 3452 2620 serva-

1916 2671 2047 2726 tam,
2078 2676 2141 2716 ac
2169 2676 2264 2731 per
2297 2660 2540 2730 singulos
2585 2658 2878 2728 pr0phetas
2918 2663 3225 2711 renovatam
3264 2653 3452 2710 fuisse.

1916 2750 2127 2806 Atenim
2168 2749 2474 2805 Abrahamo
2503 2748 2736 2819 primum
2766 2746 2968 2802 dictum
3006 2745 3143 2800 fuit:
3177 2761 3196 2796 ι
3227 2742 3456 2799 Benedi-

1917 2848 2113 2896 centur
2138 2840 2191 2893 in
2239 2839 2444 2895 semine
2471 2845 2566 2893 tuo
2609 2852 2797 2892 omnes
2835 2843 3020 2907 gentes
3063 2843 3238 2890 terrae.
3277 2853 3296 2886 ι
3328 2833 3458 2890 Post

1918 2927 2031 2983 haec
2052 2925 2218 2982 Iacob
2244 2927 2310 2981 de
2342 2926 2558 2981 Christo
2582 2926 2885 2980 vaticinans
2916 2923 3120 2979 dixisse
3148 2922 3408 2978 scribitur
3434 2938 3448 2973 :

1925 3033 1943 3065 ι
1975 3013 2096 3067 Non
2127 3013 2338 3068 deﬁciet
2367 3013 2618 3083 princeps
2646 3026 2712 3067 ex
2743 3011 2902 3076 Juda,
2932 3011 3104 3066 donec
3137 3010 3316 3065 veniat
3357 3011 3448 3065 cui

1919 3103 2211 3174 repositum
2229 3111 2312 3158 est
2342 3121 2355 3157 :
2377 3109 2431 3158 et
2462 3103 2576 3172 ipse
2602 3102 2706 3157 erit
2735 3099 3063 3172 exspectatio
3088 3100 3403 3170 gentium“.
3426 3115 3450 3154 ·›

1921 3191 2225 3248 Secundum
2269 3192 2382 3246 haec
2414 3199 2657 3260 tempora
2689 3205 2905 3245 rursum
2937 3204 2967 3242 a
2991 3189 3208 3243 Balaam
3247 3191 3455 3245 dictum

1915 3289 2038 3336 est:
2078 3298 2098 3334 ι
2133 3280 2448 3350 Egredietur
2491 3279 2654 3334 homo
2683 3294 2750 3334 ex
2789 3279 2993 3334 semine
3023 3278 3162 3348 ejus,
3197 3289 3250 3334 et
3281 3271 3454 3332 domi-

1917 3370 2134 3425 nabitur
2151 3369 2402 3440 gentibus
2427 3367 2614 3424 multis
2631 3368 2696 3421 "'.
2723 3385 2742 3418 ι
2784 3367 2988 3438 Moyses
3015 3367 3142 3422 item
3174 3367 3228 3422 in
3257 3383 3463 3438 magno.

1917 3459 2125 3514 cantico
2149 3459 2385 3530 gentium
2401 3454 2843 3513 meminit‘dicens
2870 3475 2924 3513 :r
2954 3455 3250 3521 Laztamini,
3269 3466 3465 3526 gentes

1917 3548 2148 3617 populus
2177 3548 2296 3617 ejus
2328 3564 2342 3602 :
2375 3555 2428 3602 et
2448 3546 2671 3603 adorent
2705 3563 2828 3602 eum
2868 3562 3056 3602 omnes
3089 3547 3184 3601 liii
3215 3546 3304 3602 Dei
3323 3547 3387 3601 ⁸⁸.
3428 3567 3448 3598 ι

1917 3639 2010 3694 Sic
2039 3640 2203 3709 igitur
2229 3640 2332 3695 hoc
2375 3639 2496 3695 loco
2540 3655 2660 3710 qua:
2702 3655 2798 3711 per
2833 3640 3108 3694 oraculum
3147 3641 3454 3697 Abrahamo

1918 3729 2279 3800 praenuntiata
2323 3728 2537 3784 fuerant
2571 3738 2939 3791 resumuntur,
2973 3729 3101 3783 dum
3133 3746 3195 3786 ea
3237 3747 3344 3786 non
3385 3732 3456 3786 ab

1916 3821 2022 3874 alio
2060 3837 2220 3890 quam
2263 3835 2296 3875 a
2331 3820 2548 3876 Christo
2593 3819 2862 3890 implenda
2900 3835 3022 3875 esse
3064 3819 3321 3875 docemur
3368 3821 3456 3875 bis

1914 3909 2096 3966 verbis
2129 3928 2144 3966 :
2182 3928 2200 3961 ι
2238 3909 2304 3963 Ει
2333 3909 2718 3964 benedicentur
2768 3908 2822 3961 in
2875 3909 2994 3978 ipso
3037 3924 3225 3964 omnes
3268 3919 3455 3980 gentes

1919 4011 2095 4057 terrae.
2131 4019 2148 4052 ι
2181 3999 2382 4055 Deinde
2403 4014 2530 4054 vero
2563 4000 2676 4053 ait:
2721 4016 2739 4048 ι
2777 3995 2976 4051 Omnes
3012 4004 3198 4066 gentes
3237 3999 3456 4055 beatum

1918 4091 2287 4162 pmdicabunt
2318 4105 2464 4145 eum.
2502 4109 2520 4142 ι
2547 4087 2823 4154 Quomodo
2849 4087 3064 4140 beatum
3087 4085 3456 4154 praedicabunt

1916 4195 2040 4234 eum
2070 4195 2257 4234 omnes
2276 4177 2502 4250 gentes?
2527 4191 2620 4247 per
2638 4172 3023 4230 beatitudinem
3051 4187 3202 4227 suam
3225 4173 3453 4243 gratiam

1918 4269 2036 4338 ejus
2065 4268 2421 4324 declarantes.

241 4365 442 4418 πάντα
481 4356 551 4410 τά
584 4355 706 4426 ἔθνη
768 4355 866 4425 τῆς
894 4355 1016 4424 γῆς.
1051 4374 1068 4406 ι
1112 4353 1224 4407 Εἶθ’
1251 4356 1374 4424 ἑξῆς
1411 4374 1539 4428 φησι
1573 4374 1587 4388 ο
1623 4375 1641 4410 ι
1674 4358 1855 4414 Πάντα
1887 4360 1955 4414 τὰ
1997 4361 2119 4432 ἔθνη
2165 4357 2515 4431 μακαριοῦσιν
2551 4357 2727 4411 αὐτόν.
2765 4374 2784 4407 ι
2826 4355 2943 4420 Πῶς
2983 4356 3042 4411 δὲ
3103 4355 3456 4426 μακαριοῦσιν

239 4455 424 4512 αὐτὸν
449 4451 629 4504 πάντα
668 4449 733 4500 τὰ
766 4447 921 4516 ἐθνη;
949 4447 1034 4500 διὰ
1062 4447 1158 4516 τῆς
1182 4448 1238 4500 ἐν
1269 4449 1446 4512 αὐτοῖς
1481 4451 1870 4522 μακαριότητος
1893 4455 1990 4524 τὴν
2017 4453 2074 4519 ἐξ
2094 4453 2253 4507 αὐτοῦ
2282 4453 2435 4522 χάριν
2476 4449 2832 4521 παριστῶντα.

323 4564 345 4596 σ
388 4537 699 4608 Εὐλογητὸς
729 4536 928 4606 Κύριος
963 4538 990 4588 6
1019 4535 1146 4599 Θεὸς
1185 4537 1412 4608 Ἰσραὴλ,
1446 4542 1474 4591 ό
1499 4540 1663 4592 ποιῶν
1685 4540 1806 4593 θαυ.

1987 4543 2150 4599 Vens.
2179 4543 2264 4606 l8,
2292 4543 2380 4594 20.
2411 4561 2429 4591 ι
2457 4537 2776 4595 Benedictus
2811 4535 3070 4594 Dominus
3091 4539 3232 4595 Deus
3263 4536 3449 4606 lsrael,

245 4636 436 4707 μάσια
469 4629 648 4700 μόνος..
691 4646 709 4678 ι
747 4625 1118 4695 Εὐλογούμενα
1143 4625 1210 4678 τὰ
1257 4626 1379 4698 ἔθνη
1416 4629 1472 4680 ἐν
1503 4628 1578 4698 τῷ
1610 4647 1818 4700 προφη.

241 4719 543 4790 τευομένῳ
570 4715 708 4769 κατὰ
736 4716 795 4768 τὸ
819 4715 992 4782 λόγιον
1018 4713 1076 4766 τὸ
1106 4715 1278 4784 φῆσαν
1296 4731 1310 4745 ο
1347 4735 1364 4765 ι
1397 4717 1503 4769 Kal
1528 4718 1819 4788 εὐλογηθή-

245 4828 448 4867 σονται
487 4809 546 4859 ἐν
589 4804 735 4869 αὐτῷ
772 4805 946 4857 πάντα
994 4803 1060 4854 τὰ
1104 4803 1259 4873 ἔθνη·
1301 4823 1318 4854 ι
1357 4805 1502 4869 αὔξει
1537 4807 1634 4878 τὴν
1681 4807 1818 4860 κατὰ

243 4905 392 4956 Θεὸν
418 4895 670 4965 αὔξησιν,
697 4894 787 4947 καὶ
807 4892 1050 4962 πληθύει,
1075 4893 1280 4962 καὶτῆς
1301 4894 1400 4963 γῆς
1422 4898 1813 4966 κατακυριεύει.

245 4989 464 5060 Δεάπερ
501 4987 662 5054 φησὶν
684 4987 710 5036 ὁ
738 4986 874 5048 θεῖος
902 4984 1212 5046 Ἀπόστολος
1229 5001 1241 5014 ⁸
1280 5005 1296 5034 ι
1327 4985 1619 5057 Εὐλογητὸς
1640 4991 1667 5040 6
1688 4989 1814 5053 Θεὸς

244 5087 272 5138 6
315 5078 636 5148 εὐλογήσας
682 5077 826 5146 ἡμᾶς
859 5077 916 5127 ἐν
963 5075 1107 5145 πάσῃ
1155 5074 1367 5143 εὐλογίᾳ
1399 5079 1748 5147 πνευματικῇ.
1791 5097 1809 5129 ι

246 5175 418 5227 Οῦτω
449 5167 510 5220 δὲ
543 5165 750 5234 ἔχοντα,
789 5163 1094 5230 ἁντευλογεί
1125 5162 1212 5214 τὸν
1238 5163 1334 5232 τῆς
1367 5165 1610 5231 εὐλογίας
1639 5167 1815 5229 αὐτοῖς

246 5263 434 5316 αἴτιον
464 5251 850 5321 γεγενημένον.
883 5252 971 5301 Διὸ
999 5250 1206 5318 πρῶτον
1239 5250 1332 5318 μὲν
1361 5249 1686 5320 ἐμακάριζον
1717 5253 1813 5303 αὐ-

245 5355 366 5411 ⁸τὸν,
404 5343 528 5398 εἶτα
571 5343 664 5396 καὶ
705 5341 941 5407 εὐλογεῖν
980 5340 1276 5391 διδάσκεται
1321 5339 1407 5390 διὰ
1457 5337 1548 5390 τοῦ
1605 5338 1812 5406 λέγειν⁹

254 5459 272 5489 ι
315 5433 630 5506 Εὐλογητὸς
660 5429 862 5497 Κύριος
893 5430 921 5480 6
945 5428 1071 5489 Θεὸς
1113 5426 1338 5497 Ἰσραὴλ,
1365 5429 1392 5479 ὁ
1423 5427 1584 5480 ποιῶν
1608 5428 1810 5498 θαυμά-

253 5545 348 5584 σια
396 5525 574 5584 μόνος.
623 5539 641 5570 ι
691 5515 966 5574 Ἐπιτήρει
1009 5515 1082 5581 δὲ,
1125 5515 1196 5577 ὡς
1244 5517 1462 5570 ἕκαστον
1517 5517 1678 5587 μέρος
1716 5519 1808 5587 τῆς

323 5626 368 5653 σε
391 5623 529 5674 “cn,
562 5627 706 5667 xm.
746 5607 834 5659 18.
908 5605 1096 5663 “Gen.
1130 5624 1268 5664 μιν.
1301 5611 1378 5664 tu.

315 5726 393 5789 ιι)
430 5713 579 5779 Logi,
611 5699 657 5770 ᾧ
685 5699 990 5752 ἀπόκειται.

1915 4635 2009 4704 qui
2070 4633 2197 4687 facit
2248 4631 2514 4685 mirabilia
2569 4629 2740 4684 solus.
2783 4647 2801 4681 ι
2838 4631 2973 4683 Cum
3026 4643 3211 4700 gentes
3262 4631 3315 4684 in
3361 4645 3448 4696 eo,

1917 4739 2075 4794 quem
2108 4720 2384 4792 prophetia
2407 4719 2624 4780 indicat,
2654 4716 3084 4773 benedictionem
3120 4719 3448 4787 acceperint,

1917 4825 2074 4884 prout
2106 4813 2358 4882 superius
2391 4811 2652 4865 habetur:
2686 4827 2703 4859 ι
2740 4809 2803 4862 Et
2823 4809 3212 4865 benedicentur
3238 4809 3293 4864 in
3332 4809 3451 4880 ipso

1915 4917 2102 4956 omnes
2156 4907 2371 4970 gentes;
2423 4917 2441 4950 ι
2473 4895 2784 4950 accessione
2843 4903 3097 4952 crescunt
3154 4896 3449 4951 secundum

1917 4989 2104 5052 Deum,
2150 4985 2578 5053 multiplicantur
2609 4994 2663 5037 et
2705 4992 2862 5037 terrae
2906 4985 3274 5037 dominantur.
3306 4985 3452 5050 Qua-

1911 5081 2127 5143 propter
2150 5072 2226 5123 ait
2265 5068 2480 5122 divinus
2513 5070 2802 5136 Apostolus
2837 5089 2848 5123 :
2886 5089 2903 5120 ι
2936 5069 3254 5125 Benedictus
3286 5071 3448 5134 Deus.

1911 5161 2001 5230 qui
2025 5158 2291 5214 benedixit
2309 5172 2406 5211 nos
2429 5156 2484 5209 in
2501 5157 2646 5210 omni
2664 5158 3038 5218 benedictione
3062 5159 3329 5228 spirituali
3347 5163 3410 5215 ε’.
3426 5182 3444 5212 ι

1911 5253 2045 5305 Cum
2077 5251 2148 5302 ita
2179 5262 2339 5318 porro
2379 5261 2438 5300 se
2469 5261 2557 5300 res
2583 5246 2799 5306 habeat.
2832 5248 3224 5305 benedictionis
3257 5259 3449 5304 aucto—

1911 5355 2020 5392 rem
2053 5353 2083 5391 e
2123 5347 2383 5390 converso
2435 5332 2779 5387 henedicunt.
2809 5334 2988 5399 Quare
3025 5336 3200 5405 primo
3229 5338 3446 5407 quidem

1913 5429 2124 5482 beatum
2148 5423 2436 5493 praedicant
2465 5434 2622 5486 eum;
2657 5421 2850 5476 deinde
2889 5422 3239 5479 benedicendi
3274 5427 3445 5480 ratio-

1912 5532 2030 5572 nem
2069 5515 2357 5568 edocentur
2405 5508 2486 5562 his
2510 5509 2688 5565 verbis
2717 5529 2731 5564 :
2765 5527 2784 5560 ι
2821 5508 3138 5569 Benedicws
3184 5513 3445 5570 Dominus

1457 5613 1498 5644 ⁸⁷
1531 5607 1686 5667 Num.
1730 5627 1875 5678 xxxv,
1907 5611 1988 5665 l9.
2065 5610 2106 5642 ‘°
2133 5610 2265 5663 Deut
2317 5617 2483 5663 xxxii.
2517 5601 2603 5656 45.
2669 5603 2714 5635 τ’
2745 5601 2938 5673 Eplzos.
2975 5620 3012 5661 ι.
3047 5605 3099 5660 5.
