3796 6338
259 415 364 470 89.1

1333 416 1823 471 COMRIEPiTARlA
1851 416 1915 470 IN
1949 417 2279 474 PSALMOS.

3318 411 3421 467 822

261 546 369 600 ρης
399 529 544 580 πᾶσα
570 529 602 597 ἡ
639 528 706 598 γῆ
751 529 846 599 τῆς
873 529 1025 599 δόξης
1056 528 1234 584 αὑτοῦ.
1269 547 1286 580 ι
1333 530 1485 582 Ἀλλά
1505 530 1670 584 ταῦτα
1703 532 1797 600 μὲν

1909 532 2070 586 livina
2093 530 2590 601 praenuntiabantur
2620 547 2634 584 :
2666 543 2825 598 opere
2870 537 3044 582 autem
3086 526 3422 596 compleban-

253 619 421 686 θεῖκῇ
461 616 760 686 προγνώσει
787 617 1090 680 ἐθεσπίζετο
1117 618 1278 672 πάλαι
1302 637 1316 650 ο
1350 619 1526 690 ἔργοις
1563 620 1614 671 δὲ
1642 621 1802 689 ἐπλη-

255 703 425 772 ροῦτο
461 705 720 774 πρότερον
749 707 780 772 ἦ
814 706 902 756 τὸν
935 706 1157 776 Σωτῆρα
1185 706 1277 758 καὶ
1309 707 1504 777 Κύριον
1527 709 1558 778 ή
1569 707 1678 776 μῶν
1703 709 1804 776 Ἰη-

257 789 394 843 σοῦν
436 791 529 842 τὸν
562 792 788 860 Χριστὸν
816 793 892 861 τῷ
933 794 1036 844 τῶν
1067 794 1358 864 ἀνθρώπων
1391 795 1684 864 ἐπιλάμψαι
1716 795 1804 862 γέ-

252 897 343 933 νει
368 897 382 910 ’
431 879 541 931 ίδοὺ
579 880 684 950 γὰρ
723 882 840 934 καθ’
885 885 1025 952 ἡμᾶς
1055 885 1244 946 αὐτοὺς
1283 887 1669 957 ἀνατέτραπται
1709 886 1804 954 μὲν

255 971 416 1021 πᾶσα
439 969 720 1038 δαιμονικὴ
744 971 912 1040 πλάνη
930 989 942 1001 ·
967 972 1281 1042 πεπλήρωκε
1303 974 1357 1025 δέ
1382 974 1474 1043 τὴν
1494 975 1804 1044 οἰκουμένην

254 1055 488 1106 ἅπασαν
523 1057 555 1124 ἡ
592 1056 877 1125 Ἐκκλησία
925 1060 1174 1128 Χριστοῦ,
1214 1061 1302 1113 τὸν
1340 1061 1466 1112 Θεὸν
1509 1063 1715 1132 Ἰσραὴλ
1750 1065 1805 1114 ἐν

253 1143 416 1211 πάσῃ
468 1146 537 1211 τῇ
585 1145 653 1212 γῇ
699 1143 1003 1207 δοξάζουσιν..
1056 1148 1164 1199 Καὶ
1207 1147 1494 1218 ἐπειδήπερ
1536 1150 1700 1200 ταῦτα
1749 1150 1806 1201 τὸ

254 1231 497 1300 Πνεῦμα
525 1232 586 1284 τὸ
621 1235 768 1300 ᾰγιον
789 1237 1130 1304 προφητικῶς
1159 1237 1412 1306 μέλλοντα
1443 1239 1652 1292 ἔσεσθαι
1679 1257 1808 1309 προ-

253 1321 554 1390 ανεφὼνει,
571 1324 722 1394 χορὸς
735 1325 972 1391 ἀγγέλων
990 1328 1243 1380 ὑπακούει
1261 1329 1336 1398 (1)
1355 1331 1729 1400 συνευχόμενος
1742 1335 1804 1401 τῇ

253 1415 370 1466 τῶν
408 1414 750 1483 πραγμάτων
780 1416 1066 1481 τελειώσει,
1097 1419 1441 1487 πιστούμενὸς
1464 1437 1521 1471 τε
1557 1421 1692 1472 αὐτὰ
1720 1422 1810 1472 καὶ

252 1503 462 1571 λέγων·
517 1522 534 1553 ι
577 1505 806 1568 Γένοιτο,
841 1507 1076 1573 γένοιτο·
1116 1526 1133 1558 ι
1179 1508 1210 1576 ἢ
1255 1509 1393 1560 κατὰ
1431 1510 1518 1562 τὸν
1566 1511 1810 1574 Ἀκύλαν,

253 1610 279 1644 ‹
322 1592 778 1660 πεπιστωμένως,
808 1596 1245 1663 πεπιστωμένως,
1285 1615 1302 1646 ι
1334 1596 1366 1666 ἢ
1392 1597 1528 1649 κατὰ
1554 1597 1641 1648 τὸν
1667 1579 1810 1666 Σύμ-

255 1697 480 1750 μαχονο
521 1701 539 1732 ε
586 1683 752 1752 Ἀμὴν
792 1686 882 1736 καὶ
925 1686 1066 1752 ἀμήν
1089 1701 1104 1714 ·
1137 1703 1154 1733 ι
1190 1680 1268 1746 οἷς
1314 1685 1436 1754 ἑξῆς
1471 1685 1768 1752 ἐπιλέγεται
1794 1703 1808 1715 ’

249 1787 280 1819 4
337 1770 620 1834 Ἐξέλιπον
661 1771 815 1841 ὕμνοι
871 1771 1029 1824 Δαυῖδ
1067 1771 1157 1824 τοῦ
1201 1774 1314 1824 υἱοῦ
1352 1775 1559 1826 Ἰεσσαί.
1609 1793 1626 1823 ι
1676 1774 1811 1825 Ἀνθ’

247 1853 321 1910 οὗ
365 1859 397 1910 ὁ
431 1858 535 1927 μὲν
567 1859 856 1928 Σύμμαχος
883 1861 1219 1930 ἡρμήνευσεν
1244 1879 1256 1890 ·
1301 1880 1318 1912 ι
1367 1862 1811 1931 Ἐπετελέσθησαν

254 1949 579 2018 προσευχαὶ⁵
612 1949 770 2000 Δαυῒδ
807 1949 920 2003 υίοῦ
966 1950 1155 2002 Ἰεσσαί
1181 1966 1192 1978 °
1223 1969 1240 2001 ι
1268 1953 1295 2002 ὁ
1323 1951 1379 2003 δὲ
1413 1952 1693 2004 Θεοδοτίων
1721 1955 1812 2006 καὶ

251 2037 291 2105 ὴ
334 2037 568 2106 πέμπτη
600 2038 838 2100 ἐκδοσιςο
875 2058 892 2089 ‹
937 2040 1493 2111 ’Λνεκεφαλαιώθησαν
1525 2044 1810 2112 προσευχαὶ

249 2126 430 2178 Δαυῒδ
465 2128 582 2178 υἱοῦ
623 2128 831 2179 Ἰεσσαί.
870 2147 888 2179 ι
936 2131 994 2180 Ol
1026 2128 1121 2196 μὲν
1151 2126 1240 2181 οῦν
1273 2131 1483 2200 ἄπειροι
1528 2131 1624 2199 τῆς
1664 2133 1812 2201 ἀκριο

251 2215 422 2276 σείας
447 2214 543 2266 τοῦ
574 2215 988 2284 ἀναγνώσματος
1010 2218 1104 2284 οὐχ
1142 2216 1215 2279 ὡς
1244 2220 1401 2288 μέρος
1429 2220 1518 2271 τοῦ
1542 2220 1658 2272 ὅλου
1682 2220 1812 2288 ψαλ-

253 2305 372 2374 μοῦ
427 2293 742 2372 ὲξειλήφασι
781 2306 860 2366 τὸ,
909 2325 926 2355 ι
980 2308 1246 2371 Ἐξέλιπον
1296 2307 1450 2376 ὕμνοι
1497 2310 1652 2362 Δαυῒδ
1699 2311 1809 2362 υἱοῦ

266 2393 512 2445 Ἰεσσαίο
550 2411 570 2443 ι
617 2393 729 2445 ἀλλ’
762 2393 835 2455 ὡς
867 2393 1057 2457 ἔξωθεν
1085 2397 1183 2465 τῆς
1211 2399 1537 2466 προφητείαις
1578 2415 1814 2468 παραγε-

251 2480 940 2551 γραμμένονάνέγνωσαν.
972 2483 1034 2533 Ai
1058 2483 1112 2534 δὲ
1144 2483 1317 2535 λοιπαὶ
1350 2486 1622 2554 ἑρμηνεῖαι
1665 2489 1811 2556 καὶὴ

265 2569 551 2638 Ἐὁραϊκὴ
593 2569 774 2638 γραφὴ
819 2569 999 2636 σαφῶς
1043 2571 1381 2641 παρίστησιν,
1424 2573 1502 2624 ὅτι
1533 2576 1620 2625 καὶ
1646 2575 1813 2627 ταῦτα

252 2657 442 2728 μέρος
476 2657 732 2724 τυγχάνει
759 2656 850 2708 τοῦ
880 2658 996 2709 ὅλου
1022 2658 1246 2726 ψαλμοῦ.
1287 2661 1496 2730 Ἐπειδὴ
1529 2662 1634 2731 γὰρ
1656 2663 1814 2716 Δαυῒδ

249 2749 287 2801 ὁ
315 2745 581 2815 βασιλεὺς
619 2748 676 2797 ἐν
708 2750 1024 2816 προσευχαῖς
1057 2748 1255 2801 ἐτίθετο
1289 2752 1371 2802 ἀεὶ
1394 2752 1685 2820 ἐπιλάμψαι
1721 2752 1812 2805 τοῦ

253 2835 531 2902 Σωτῆρος
580 2836 676 2902 τὴν
721 2837 784 2886 ἐκ
828 2835 1129 2906 σπέρματος
1176 2838 1334 2890 αὑτοῦ
1371 2841 1815 2912 προφωνουμὲνην

253 2925 520 2993 γένεσιν·
554 2924 756 2991 ταύτης
780 2924 836 2975 δὲ
866 2925 942 2986 είς
966 2924 1096 2995 ἔργα
1132 2929 1425 2998 χωρούσης,
1469 2930 1651 2999 ἔμελλε
1690 2949 1817 3000 συμ-

253 3013 616 3084 πληροῦσθαι
641 3013 811 3064 πάντα
830 3012 895 3064 τὰ
918 3030 1252 3084 προπεφητευ
1262 3018 1390 3085 μένα
1409 3035 1420 3048 ·
1446 3019 1662 3080 εἰκότως
1685 3021 1817 3089 μετὰ

250 3107 324 3158 τὸ
361 3104 745 3173 συμπέρασμα
777 3101 880 3154 τῶν
914 3101 1344 3172 προλελεγμένων
1377 3105 1696 3171 ἐπιλέγεται,
1740 3107 1812 3168 ὡς

143 3242 154 3246 -
252 3196 379 3267 ἄρα
432 3191 858 3262 ἐπετελέσθησαν
905 3194 996 3244 καὶ
1049 3194 1524 3265 συνεπληρώθησαν
1577 3196 1661 3248 διὰ
1707 3199 1812 3249 τῶν

254 3281 723 3354 προλελεγμένων
757 3281 809 3330 αί
846 3279 934 3332 τοῦ
975 3280 1132 3332 Δαυῒδ
1171 3284 1472 3352 προσευχαί.
1511 3283 1734 3336 Δύναται
1759 3286 1815 3338 δὲ

251 3370 345 3434 τὸ,
390 3388 411 3420 α
457 3367 881 3436 ἐπετελέσθησαν
924 3369 954 3436 ἢ
1003 3368 1260 3434 ἐξέλιπον,
1293 3391 1310 3422 ›
1350 3374 1691 3442 προφητικῶς
1730 3374 1816 3426 λέ-

252 3459 468 3529 γεσθαι
500 3458 580 3519 είς
610 3456 860 3526 μέλλοντα
884 3455 1066 3525 χρόνον
1091 3469 1103 3485 ⁸
1126 3457 1230 3509 τῶν
1253 3459 1355 3528 γὰρ
1382 3462 1708 3532 προκατηριθ
1717 3480 1814 3532 μη-

256 3549 458 3619 μένων
485 3546 712 3598 ἕκαστον
743 3547 1021 3615 γενήσεται
1046 3547 1178 3598 ἐπὰν
1207 3548 1296 3599 καὶ
1324 3551 1694 3617 ἐπιτελεσθῶσι
1724 3555 1816 3606 καὶ

254 3633 750 3714 ξυμπληρωθῶσιν
787 3636 840 3687 αἱ
887 3638 1174 3704 προσευχαὶ
1213 3638 1368 3690 Δαυῖδ
1403 3639 1492 3690 τοῦ
1537 3642 1650 3693 υἱοῦ
1687 3644 1815 3695 Ἰεσ-

1899 629 1987 673 t-ur
2016 621 2165 689 prius
2192 635 2353 689 quam
2372 619 2626 674 Servator
2652 625 2704 672 et
2731 616 2988 672 Dominus
3042 625 3226 671 noster
3266 615 3422 671 Jesus

1899 711 2143 765 Christus
2200 710 2432 763 humano
2484 707 2665 778 generi
2712 707 2952 761 illuceret
2984 722 2996 758 :
3032 721 3157 760 ecce
3197 720 3426 773 namque

1899 807 2134 866 tempore
2164 807 2349 853 nostro
2380 813 2599 852 eversus
2624 803 2707 851 est
2730 795 2904 851 omnis
2933 794 3230 848 diabolicus
3252 809 3424 868 error,

1902 895 2064 940 totam
2090 904 2218 942 vero
2249 896 2445 942 terram
2469 887 2692 955 replevit
2735 885 2973 939 Ecclesia
3007 883 3231 948 Christi,
3258 882 3426 938 Deum

1907 977 2067 1031 Israel
2108 978 2163 1030 in
2209 985 2321 1032 toto
2372 977 2496 1030 orbe
2526 977 2695 1046 gloria
2721 975 2969 1030 afﬁciens.
3017 972 3081 1027 Et
3134 973 3259 1042 quia
3315 972 3428 1024 haec

1905 1067 2134 1136 Spiritus
2194 1079 2410 1122 sanctus
2469 1066 2778 1136 prophetice
2842 1064 3019 1117 futura
3087 1061 3426 1132 praedixerat,

1905 1160 2103 1213 chorus
2154 1161 2461 1228 angelorum
2511 1157 2797 1227 respondet
2845 1169 2953 1209 una
2999 1153 3295 1224 deprecans
3331 1165 3428 1220 pro

1907 1251 1984 1303 rei
2012 1251 2492 1311 consummatione,
2525 1249 2720 1316 illaque
2755 1245 3077 1299 conﬁrmans
3111 1257 3174 1298 ac
3201 1241 3426 1297 dicens:

1912 1359 1928 1392 ι
1965 1339 2101 1402 Fiat,
2131 1339 2219 1390 ﬁat
2246 1348 2269 1402 ,‘
2298 1356 2316 1388 υ
2340 1338 2449 1391 sive
2480 1335 2774 1391 secundum
2821 1335 3088 1404 Aquilam,
3121 1352 3141 1387 ι
3180 1332 3431 1398 ﬁdeliter,

1908 1427 2167 1491 ﬁdeliter;
2196 1444 2214 1476 ι
2256 1431 2348 1478 aut
2383 1425 2677 1479 secundum
2725 1421 3099 1493 Symmachum
3129 1438 3143 1474 :
3191 1437 3211 1472 ι
3239 1420 3428 1483 Amen,

1909 1532 2080 1569 amen.
2115 1534 2132 1565 ι
2163 1515 2324 1579 Queis
2352 1514 2542 1569 deinde
2579 1512 2826 1567 additur:
2854 1529 2873 1562 ι
2903 1510 3222 1564 Del'ecerunt
3249 1506 3432 1578 hymni

1911 1599 2073 1652 David
2101 1599 2192 1652 ﬁlii
2223 1600 2436 1655 Jcssae.«
2462 1599 2567 1654 Pro
2586 1615 2690 1669 quo
2712 1598 3067 1669 Symmachus
3087 1596 3435 1664 sicinterpre-

1911 1695 2053 1740 tatur
2081 1703 2093 1737 :
2119 1705 2136 1737 ι
2155 1687 2406 1741 Perfectae
2427 1695 2550 1742 sunt
2570 1686 2840 1740 orationes
2866 1682 3031 1736 David
3055 1681 3149 1736 ﬁlii
3177 1679 3342 1735 Jessae
3367 1695 3381 1743 ;
3409 1694 3429 1727 ι

1912 1774 2205 1829 Tlieodotio
2248 1783 2424 1828 autem
2483 1780 2536 1826 et
2586 1773 2775 1840 quinta
2829 1768 3035 1822 editio:
3089 1763 3438 1833 «Recognitae

1910 1875 2035 1920 sunt
2058 1865 2326 1919 orationes
2357 1863 2526 1916 David
2551 1862 2646 1915 ﬁlii
2678 1860 2860 1916 Jessae.
2881 1878 2900 1910 ι
2942 1857 3046 1923 Qui
3070 1855 3314 1911 lectionis
3342 1866 3437 1905 ac-

1908 1953 2236 2008 curationem
2285 1952 2577 2020 ignorant,
2637 1949 2752 2002 haec
2812 1946 2974 2000 verba
3006 1983 3021 2007 ,
3073 1961 3092 1994 ι
3119 1942 3440 1996 Defecerunt

1908 2043 2086 2112 hymni
2115 2041 2274 2094 David
2310 2040 2401 2093 ﬁlii
2425 2039 2608 2101 Jessae,
2635 2056 2654 2088 ι
2687 2051 2784 2106 pro
2810 2043 2960 2105 parte
2987 2032 3174 2103 psalmi
3204 2046 3311 2084 non
3342 2030 3442 2083 ha-

1908 2133 2062 2196 bent;
2096 2132 2188 2186 sed
2219 2131 2370 2200 quasi
2414 2145 2526 2183 rem
2573 2135 2722 2182 extra
2773 2124 3106 2194 prophetiam
3135 2128 3187 2176 et
3217 2119 3439 2188 adjecti-

1909 2223 2036 2275 tiam
2078 2222 2278 2290 legunt.
2332 2219 2529 2274 Verum
2570 2217 2790 2285 reliquae
2841 2212 3330 2283 interpretationes,
3385 2215 3440 2261 et

1909 2311 2025 2379 ipsa
2053 2309 2314 2364 Hebraica
2355 2309 2646 2377 scriptura,
2668 2305 2815 2358 clare
2868 2305 3295 2356 commonstrant
3325 2296 3440 2350 haec

1909 2414 2120 2468 quoque
2146 2399 2313 2452 totius
2335 2397 2522 2466 psalmi
2552 2405 2756 2464 partem
2783 2408 2922 2448 esse.
2947 2390 3082 2456 Quia
3101 2389 3242 2444 enim
3272 2385 3441 2439 David

1910 2504 2004 2542 rex
2035 2489 2088 2540 in
2117 2486 2458 2540 orationibus
2481 2485 2595 2538 suis
2631 2497 2841 2551 semper
2869 2479 3172 2542 insistebat,
3206 2483 3265 2530 ut
3285 2482 3440 2530 ortus

1913 2560 2338 2642 Servatoris,qui
2367 2588 2433 2626 ex
2461 2571 2664 2627 semine
2685 2585 2784 2625 suo
2806 2567 3116 2638 proditurus
3158 2571 3294 2627 erat,
3315 2563 3444 2618 illu-

1910 2672 2178 2727 cesceret;
2211 2661 2334 2730 quia
2369 2674 2491 2714 cum
2539 2657 2606 2710 ad
2637 2656 2884 2712 eﬂ‘ectum
2938 2653 3228 2723 perductus
3273 2657 3440 2713 esset,

1912 2752 2281 2805 futurumerat
2308 2747 2699 2815 utomniaqute
2748 2745 2801 2798 in
2853 2740 3148 2812 prophetiis
3195 2738 3442 2794 feruntur

1913 2840 2297 2908 implerentur;
2333 2837 2454 2905 jure
2484 2841 2606 2904 post
2653 2832 3029 2904 praedictorum
3077 2827 3447 2898 complemen-

1913 2938 2025 2984 tum
2054 2929 2287 2991 additur,
2316 2926 2584 2996 perl'ectas
2613 2931 2667 2978 et
2707 2922 3001 2991 completas
3033 2917 3284 2988 superius
3319 2929 3443 2971 esse

1913 3008 2130 3072 Davidis
2177 3017 2467 3070 orationes.
2512 3012 2694 3066 Potest
2736 3010 2898 3066 etiam
2936 3007 3089 3072 illud,
3146 3026 3164 3060 ι
3192 3005 3445 3077 perfecta-

1915 3117 2040 3162 sunt
2067 3113 2158 3160 aut
2183 3104 2510 3167 defecerunt,
2541 3120 2561 3152 ι
2594 3099 2904 3170 prophetice
2929 3097 3153 3166 intelligi
3175 3097 3242 3152 de
3258 3096 3446 3152 futuro-

1912 3207 2148 3266 tempore
2172 3212 2184 3246 :
2208 3211 2332 3248 nam
2385 3192 2593 3262 singula
2621 3205 2739 3259 quae
2785 3186 3037 3266 superius
3058 3193 3441 3242 enumerantur

1913 3261 2038 3342 tune
2051 3285 2316 3350 evenient,
2333 3299 2454 3337 cum
2470 3261 2736 3336 orationes
2749 3278 2962 3333 Davidis
2985 3261 3076 3330 ﬁlii
3094 3275 3260 3332 Jessaa
3279 3274 3440 3345 μειδῆσ-

1910 3377 2117 3432 cientur
2131 3374 2376 3442 etreipsa
2395 3371 2772 3439 implebuntur.
2786 3366 3246 3437 Opportunissime
3261 3372 3441 3422 autem

1912 3475 2123 3536 propter
2137 3464 2404 3519 Christum
2425 3460 2518 3516 Dei
2533 3459 2624 3530 qui
2645 3460 2698 3512 in
2722 3458 2974 3513 vaticinio
2985 3455 3172 3520 fertur,
3183 3470 3293 3510 non
3312 3453 3444 3507 «Da-

1912 3555 2079 3609 vidis»
2101 3562 2307 3608 tantum
2329 3553 2483 3616 dixit,
2509 3551 2602 3606 sed
2619 3565 2740 3608 cum
2762 3550 2864 3603 hoc
2877 3547 3258 3608 additamento,
3296 3563 3316 3596 ι
3348 3543 3442 3598 ﬁlii

1911 3645 2101 3711 Jessaa;
2123 3664 2141 3696 ι
2190 3652 2248 3698 ιιι
2280 3643 2405 3698 huic
2446 3641 2743 3710 scripturae,
2780 3639 2930 3693 Isaiae
2965 3637 3294 3706 prophetiam
3317 3635 3445 3690 sub-

253 3725 383 3778 σαί.
423 3722 796 3792 Εὐκαιρότατα
819 3723 872 3775 δέ
902 3724 988 3776 διὰ
1012 3725 1097 3776 τὸν
1119 3729 1810 3801 προφητευόμενονΧριστὸν

1909 3735 2194 3806 jungamus
2209 3749 2324 3803 quae
2335 3732 2528 3806 similia
2543 3731 2608 3784 de
2622 3730 2834 3784 Christo
2849 3727 3189 3789 vaticinatur,
3206 3739 3328 3780 cum
3340 3725 3414 3779 ait
3425 3741 3452 3778 °.

250 3814 360 3867 τοῦ
415 3811 554 3864 Θεοῦ
597 3812 990 3880 ἐμνημόνευσεν
1035 3815 1130 3883 οὐχ
1175 3815 1352 3879 ἁπλῶς
1395 3836 1412 3867 ι
1442 3817 1533 3870 τοῦ
1586 3821 1762 3885 Δαυῒδ,
1794 3841 1810 3874 ι

1919 3844 1938 3876 ‹
1964 3805 2272 3894 Egredietur
2301 3805 2447 3890 virga
2479 3819 2543 3874 de
2559 3817 2735 3872 radice
2756 3816 2938 3882 Jessaa,
2967 3824 3022 3872 et
3051 3815 3149 3870 ﬁos
3173 3815 3240 3869 de
3267 3813 3447 3866 radice

252 3901 414 3955 ἀλλὰ
441 3900 584 3970 μετὰ
616 3900 924 3970 προσθήκης
953 3920 970 3951 ι
1004 3902 1093 3953 τοῦ
1118 3903 1231 3954 υἱοῦ
1274 3905 1490 3958 Ἰεσσαίο
1532 3927 1548 3958 ι
1585 3910 1667 3962 ἵνα
1699 3927 1810 3962 συνε

1914 3915 2030 3983 ejus
2082 3911 2361 3974 ascendet,
2405 3919 2458 3964 et
2502 3899 2806 3976 requiescet
2853 3920 3014 3974 super
3041 3920 3165 3959 eum
3213 3902 3447 3972 Spiritus

253 4000 506 4067 ἅψωμεν
527 3999 591 4066 τῇ
620 3996 861 4068 παρούσῃ
887 4001 1064 4068 γραφῇ
1105 4000 1198 4068 τὴν
1233 3999 1446 4054 Ἥσαῖου
1475 4007 1810 4075 προφητείαν,

1914 4003 2008 4056 Dei
2031 4003 2108 4065 ⁷⁸,
2134 4020 2152 4052 »
2192 4009 2244 4054 et
2268 4006 2457 4054 caetera
2477 4036 2493 4061 ,
2544 3995 2739 4066 quibus
2773 3993 3060 4062 adjicitur:
3099 4010 3117 4041 ι
3147 3991 3210 4043 Et
3232 3989 3333 4044 erit
3357 4005 3448 4042 ra-

253 4093 331 4145 δι’
369 4085 445 4159 ἦς
485 4088 554 4140 τὰ
585 4089 742 4156 ὃμοια
780 4089 902 4157 περὶ
937 4089 1028 4141 τοῦ
1061 4091 1287 4159 Χριστοῦ
1317 4092 1618 4156 θεσπίζεται
1659 4098 1714 4148 ἐν
1743 4094 1810 4161 οἷς

1917 4092 2008 4146 dix
2032 4091 2216 4153 Jessaa,
2262 4098 2313 4143 et
2342 4089 2434 4157 qui
2470 4093 2721 4154 exsurget
2764 4084 3029 4151 imperare
3066 4080 3335 4150 gentibus,
3387 4079 3444 4132 in

254 4183 497 4251 εἴρηται
523 4193 535 4204 ·
572 4197 590 4228 ‹
639 4178 995 4242 Ἐξελεύσεται
1040 4180 1226 4248 ῥάϐδος
1272 4183 1334 4234 ἐκ
1373 4185 1662 4255 τῆςερίζης
1696 4189 1810 4238 Ἰεσ-

1917 4182 2032 4250 ipso
2057 4189 2242 4249 gentes
2277 4178 2571 4246 sperabunt
2600 4176 2668 4226 7".
2690 4193 2708 4224 ι
2749 4173 2911 4226 Vides
2945 4171 3088 4224 enim
3125 4186 3232 4240 quo
3289 4177 3452 4238 pacto

256 4273 385 4334 σαὶ,
422 4269 517 4322 καὶ
549 4269 705 4330 ἄνθος
731 4271 792 4319 ἐκ
823 4269 916 4336 τῆς
949 4269 1100 4338 ῥίζης
1131 4272 1447 4342 ἀναϐήσεται
1469 4292 1482 4305 ο
1511 4277 1600 4326 καὶ
1630 4279 1810 4329 ἐπανα-

1915 4271 2002 4324 hic
2026 4286 2117 4338 per
2137 4269 2369 4323 radicem
2395 4265 2559 4319 Jessae
2578 4263 2784 4316 vocatio
2811 4260 3053 4334 gentium,
3076 4258 3444 4318 annuntietur,

256 4359 551 4415 παύσεται
591 4357 676 4408 ἐπ’
714 4358 871 4410 αὑτὸν
912 4359 971 4410 τὸ
1003 4360 1218 4427 Πνεῦμα
1261 4363 1352 4414 τοῦ
1395 4363 1546 4428 Θεοῦ,
1582 4383 1599 4413 ›
1637 4367 1726 4416 καὶ
1755 4366 1810 4418 τά

1919 4362 1990 4414 ita
2032 4367 2089 4412 ut
2136 4358 2557 4411 additamentum
2592 4353 2744 4417 illud,
2780 4371 2798 4402 ι
2833 4348 3125 4412 ﬁliiJessaa,
3159 4368 3176 4400 ι
3211 4363 3318 4402 non
3337 4348 3448 4402 fru-

254 4451 425 4517 ὲξῆς⁶
465 4441 548 4508 οἷς
572 4446 892 4512 ἐπιλέγεται·
927 4466 944 4497 ‹
975 4449 1078 4499 Καὶ
1105 4450 1250 4502 ἔσται
1281 4453 1312 4520 ἡ
1339 4452 1458 4520 ῥίζα
1486 4453 1573 4504 τοῦ
1609 4454 1810 4519 Ἰεσσαὶ,

1923 4461 2032 4508 stra
2065 4451 2120 4504 in
2170 4450 2271 4502 hac
2321 4446 2594 4516 pr0phetia
2637 4443 2833 4510 jaceat.
2863 4440 2997 4495 Cum
3038 4447 3218 4494 autem
3243 4438 3447 4494 Christi

255 4540 360 4594 καὶ
398 4538 428 4589 ό
462 4535 813 4604 ἀνιστάμενος
851 4537 1033 4606 ἄρχειν
1069 4538 1252 4602 ἐθνῶν,
1288 4542 1369 4592 ἐπ’
1406 4542 1546 4611 αὐτῷ
1583 4542 1701 4612 ἔθνη
1735 4544 1810 4595 ἐλ-

1920 4557 2140 4612 regnum
2159 4548 2212 4594 et
2243 4539 2480 4608 gentium
2516 4535 2728 4590 vocatio
2772 4533 3086 4586 annuntiata
3112 4531 3331 4594 fuerint,
3358 4529 3448 4583 hic

255 4627 514 4682 πιοῦσιν.
553 4644 571 4674 ι
615 4626 772 4694 Ὁρᾷς
802 4625 1076 4695 γὰρ.ὅπως
1114 4629 1206 4680 καὶ
1248 4630 1468 4682 ἐνταῦθα
1492 4631 1576 4684 διὸ.
1613 4632 1708 4700 τῆς
1740 4633 1810 4700 ρί-

1918 4636 2309 4700 pcropportune
2343 4626 2656 4680 terminatur
2692 4620 2928 4676 secunda
2965 4636 3090 4690 pars
3125 4620 3246 4674 libri
3289 4620 3446 4674 Psal-

255 4720 369 4788 ζης
418 4713 615 4766 Ἰεσσαὶ
645 4715 675 4780 ή
719 4714 901 4782 κλῆσις
932 4716 1036 4767 τῶν
1075 4716 1236 4766 ἐθνῶν
1269 4719 1615 4786 ἁναφωνεῖται
1636 4736 1648 4748 ·
1681 4721 1810 4773 ὥστε

1919 4734 2147 4780 morum,
2175 4730 2291 4784 quae
2315 4730 2345 4766 a
2383 4711 2793 4781 quadragesimo
2832 4713 3004 4780 primo
3023 4709 3232 4779 incipit,
3278 4716 3331 4764 et
3392 4709 3448 4764 in

256 4809 340 4878 μὴ
375 4805 560 4874 μάτην
593 4803 721 4871 μηδὲ
759 4804 855 4872 τὴν
885 4804 1191 4874 προσθήκην
1219 4807 1314 4874 τὴν
1350 4827 1366 4856 ‹
1404 4807 1492 4860 τοῦ
1530 4810 1641 4861 υἱοῦ
1685 4811 1810 4862 Ἰεσ-

1917 4815 2228 4877 praesentem
2255 4804 2514 4872 psalmum
2538 4800 2753 4855 desinit.

255 4899 358 4954 σαὶ
396 4915 416 4947 ι
460 4897 520 4946 ὲν
554 4898 619 4964 τῇ
662 4897 985 4967 προκειμένῃ
1030 4897 1280 4966 φέρεσθαι
1316 4903 1626 4972 προφητείᾳ.
1661 4904 1812 4955 Κατὰ
1849 4901 2032 4971 καιρὸν
2073 4900 2128 4952 δὲ
2170 4896 2429 4959 ἐνταῦθα,
2459 4893 2692 4962 Χριστοῦ
2737 4893 3004 4963 βασιλείας
3047 4895 3138 4947 καὶ
3209 4892 3450 4962 κλήσεως

256 4986 442 5044 ἐθνῶν
485 4983 967 5052 εὐαγγελισθείσης,
1006 4985 1064 5035 τὸ
1107 4984 1346 5054 δεύτερον
1397 4988 1553 5056 μέρος
1590 4990 1687 5058 τῆς
1729 4990 1905 5057 βίϐλον
1949 4989 2052 5039 τῶν
2080 4984 2316 5055 Ψαλμῶν
2344 4980 2777 5051 περιγράφεται,
2841 4980 3134 5050 ἀρξάμενον
3185 4980 3280 5049 μὲν
3345 4983 3450 5035 ἀπὸ

257 5077 495 5150 πρώτου
541 5073 634 5124 καὶ
681 5072 1128 5140 τεσσαρακοστοῦ,
1176 5073 1474 5142 καταλῆξαν
1514 5078 1568 5128 δὲ
1611 5081 1686 5140 είς
1726 5080 1813 5130 τὸν
1852 5077 1984 5148 μετὰ
2018 5079 2216 5146 χεῖρας.

262 5191 406 5246 ΤΩΝ
463 5184 1086 5237 ΕΠΙΙἚΓΡΑΜΜΕΝΩΝ
1134 5183 1266 5234 ΤΟΥ
1312 5187 1480 5237 ΑΣΑΦ
1530 5188 1810 5240 ΨΑΛΜΩΝ

2017 5183 2436 5240 ARGUMENTA
2474 5181 2891 5234 PSALMORUM
2931 5181 3046 5246 QUI
3094 5181 3342 5238 ASAPHI

843 5251 906 5300 Al
948 5251 1282 5305 HEPIOXM.

2421 5249 2948 5304 lNSCRlBUNTUR.

1027 5338 1102 5387 Ν.
2656 5335 2695 5388 ι.

332 5433 402 5485 Οἱ
423 5430 518 5483 τοῦ
546 5428 735 5494 Ἀσὴρ
757 5425 1204 5493 ἐπιγεγραμμένοι
1229 5430 1332 5480 εἰσὶ
1353 5432 1450 5499 μὲν
1480 5430 1567 5484 τὸν
1596 5433 1810 5502 ἀριθμὸν

1987 5435 2176 5488 Psalmi
2199 5431 2286 5500 qui
2311 5426 2504 5494 Asaphi
2530 5426 2896 5479 inscribuntur
2919 5425 3197 5481 duodecim
3222 5443 3448 5488 numero

332 5589 507 5639 "lsa.
543 5595 623 5642 ιι,
657 5579 707 5629 l.
791 5576 835 5603 ⁷⁷
875 5574 998 5629 ibid.
1041 5579 1124 5631 10.

322 5701 400 5766 (1)
459 5685 820 5746 ’Υπακούειν,
846 5683 897 5735 id
920 5692 998 5738 cst
1029 5690 1335 5740 respondere.
1365 5686 1497 5741 Vide
1525 5689 1577 5740 in
1607 5688 1802 5742 Onoma

1909 5703 1934 5739 ο
1964 5689 2027 5741 ad
2067 5687 2236 5756 Opera
2263 5682 2316 5737 S.
2350 5681 2644 5736 Athanasii.
