3796 6370
337 412 441 467 823

991 401 1250 459 EUSEBII
1290 392 1759 454 CESARIENSXS
1794 389 1940 447 OPP.
1979 382 2157 441 PARS
2194 382 2278 437 Ill.
2309 412 2380 424 -—--
2410 374 2825 435 EXEGETICA.

3473 352 3582 406 8i}

337 533 466 582 sunt
498 524 606 596 (l),
639 537 864 592 quorum
909 535 1046 572 unus
1087 533 1116 569 a
1149 514 1370 584 reliquis
1404 512 1652 567 undecim
1685 512 1866 579 sejun-

2076 501 2277 556 τούτων
2307 499 2361 552 δὲ
2392 491 2470 559 εἷς
2494 492 2917 563 ἀπεσχοίνισται
2967 485 3076 552 τῆς
3128 476 3241 530 τῶν
3266 471 3587 590 πῳκειμὲο

2401 590 2411 596 ·
2713 582 2724 596 -
2988 574 3043 596 βλ
3084 568 3192 596 --λ
3232 565 3326 596 --π
3362 570 3409 596 .I
3444 579 3456 596 ι
3479 560 3587 596 μηρῖ-

336 624 479 676 ctus,
498 629 560 667 ac
585 622 707 666 ante
726 605 1220 678 quinquagesimum
1242 604 1566 657 constitutus
1587 608 1689 656 est.
1725 601 1867 665 Qua-

334 704 670 774 dragesimus
701 712 870 751 nonus
898 698 1073 762 itaque
1100 692 1338 761 psalmus
1364 690 1556 756 Asaphi
1582 689 1867 757 inscriptus

336 798 448 844 est.
481 788 633 855 cujus
668 786 741 837 rei
771 797 984 836 causam
1007 819 1021 841 ,
1053 781 1225 850 qualis
1255 786 1366 831 tum
1401 777 1777 838 succurrebat,
1814 776 1868 828 in

335 880 455 945 ejus
487 873 816 943 expositione
855 870 1157 924 retulimus.
1206 867 1419 922 Primus
1457 873 1631 921 autem
1670 864 1866 933 Asaphi

337 966 609 1034 malmus,
658 963 722 1015 de
764 976 870 1029 quo
914 959 1024 1027 jam
1059 958 1255 1027 agitur,
1306 957 1619 1026 prophetam
1668 955 1870 1009 inducit

332 1051 535 1122 ingenti
569 1048 922 1104 admiratione
953 1054 1167 1114 captum
1196 1046 1263 1100 de
1294 1046 1699 1115 longanimitate
1728 1044 1867 1112 opti-

334 1146 407 1197 mi
455 1141 577 1202 Dei,
624 1140 796 1208 deque
836 1138 955 1205 ejus
988 1152 1111 1206 erga
1144 1137 1334 1206 impios
1368 1134 1683 1198 tolerantia,
1719 1134 1873 1188 item.

338 1247 443 1300 que
477 1230 543 1284 de
575 1229 731 1283 venia
766 1227 1114 1297 peccantibus
1145 1240 1423 1280 concessa.
1453 1223 1662 1300 Quade
1690 1238 1748 1277 re
1771 1223 1868 1277 ob.

337 1330 679 1390 stupescens,
704 1334 822 1373 sese
854 1324 911 1369 ut
965 1315 1357 1385 pusillanimem
1386 1329 1449 1367 ac
1476 1298 1609 1383 pene
1637 1327 1871 1366 commo-

337 1418 449 1465 tum
471 1451 487 1473 ,
520 1419 677 1479 atque
706 1410 894 1461 anima:
924 1421 1110 1476 gressu
1140 1420 1386 1460 eversum
1415 1403 1692 1473 coarguit;
1728 1402 1871 1471 quod

337 1503 540 1558 videret
572 1501 856 1569 impiorum
888 1505 940 1552 et
978 1498 1255 1551 atheorum
1300 1496 1574 1549 hominum
1616 1510 1701 1548 res
1748 1509 1873 1562 pro-

332 1613 491 1668 spere
520 1597 729 1652 cedere.
766 1596 1030 1649 Caeterum
1061 1598 1346 1661 postquam
1382 1591 1434 1643 in
1465 1590 1729 1658 principio
1759 1602 1872 1641 rem

338 1704 479 1758 :egre
510 1686 652 1742 ferre
684 1687 834 1740 visus
870 1684 1041 1738 fuerat
1062 1722 1074 1744 ,
1111 1683 1164 1735 in
1198 1681 1547 1750 sequentibus
1580 1678 1872 1732 infaustum

338 1794 523 1834 eorum
562 1778 760 1832 exitum
814 1774 1135 1829 vaticinatur
1183 1773 1407 1826 dicens:
1464 1770 1703 1838 Dejecisti
1751 1785 1871 1830 eos,

338 1870 464 1922 dum
498 1868 885 1922 extollerentur.
941 1864 1207 1928 Quomodo
1246 1863 1372 1930 [acti
1412 1872 1531 1915 sunt
1571 1864 1625 1914 in
1668 1861 1873 1914 desola-

342 1960 530 2013 tionem
558 1956 729 2012 subito
752 1959 775 2010 ?
807 1955 1136 2022 Defecerunt,
1172 1953 1433 2019 perierunt
1460 1959 1666 2019 propter
1695 1952 1876 2003 incon-

340 2045 710 2102 siderationem
739 2059 889 2098 suam
920 2043 986 2104 ⁷⁸,
1016 2052 1070 2095 et
1098 2057 1216 2110 qua:
1244 2047 1563 2108 sequuntur.

1080 2152 1124 2205 ll

415 2245 694 2302 Secundus
729 2246 795 2299 de
831 2259 936 2313 qua
962 2258 1139 2298 rerum
1170 2242 1478 2296 conditione
1523 2241 1574 2293 in
1605 2242 1779 2309 primo
1806 2241 1881 2295 di-

344 2344 488 2392 ctum
520 2338 590 2391 sit
615 2336 804 2390 edocct
822 2374 837 2399 ,
864 2335 1147 2403 deplorans
1171 2340 1492 2401 postremam
1519 2331 1877 2385 Romanorum

344 2437 583 2498 tempore
619 2428 963 2496 Jerosolymaa
1001 2426 1331 2479 obsidionem
1358 2463 1373 2485 ,
1413 2422 1882 2491 ohsidentiumque

346 2528 527 2575 motus
557 2527 610 2573 et
635 2527 783 2587 gesta
813 2518 1050 2579 declarat
1076 2517 1159 2569 his
1188 2516 1366 2569 verbis
1393 2534 1405 2568 :
1446 2514 1634 2583 Ulquid
1660 2553 1673 2576 ,
1713 2514 1847 2566 Deus
1866 2554 1879 2575 ,

347 2610 586 2678 τερπιιὶεεὶ
618 2610 672 2660 in
706 2609 894 2677 ﬁnem,
929 2608 1100 2659 iratus
1130 2616 1205 2659 est
1244 2607 1392 2673 furor
1428 2615 1546 2657 tuus
1587 2621 1738 2670 super
1770 2608 1882 2657 oves

348 2713 556 2766 pascua:
589 2695 953 2763 tuw?quibus
984 2694 1171 2759 adjicit
1202 2711 1215 2745 :
1260 2692 1423 2755 Quasi
1462 2691 1513 2741 in
1553 2690 1683 2742 silva
1723 2689 1886 2756 ligno-

350 2805 467 2845 rum
506 2785 767 2840 securibus
806 2784 1107 2837 exciderunt
1137 2784 1332 2851 januas
1373 2781 1483 2846 eius
1525 2781 1577 2832 in
1625 2780 1883 2847 idipsum,

350 2882 405 2932 in
434 2878 601 2931 securi
628 2885 675 2929 et
706 2877 850 2929 ascia
878 2873 1171 2941 dejecerunt
1210 2886 1343 2924 eam.
1388 2869 1735 2923 Incenderunt
1773 2870 1924 2938 ignes

351 2969 706 3023 sanctuarium
740 2977 925 3030 tuum;
951 2966 1147 3034 quibus
1172 2963 1361 3015 iterum
1390 2959 1693 3028 subjungit:
1726 2959 1888 3027 Signa

352 3067 534 3112 nostra
565 3072 665 3110 non
696 3056 947 3115 vidimus,
977 3054 1091 3121 jam
1126 3067 1228 3102 non
1270 3058 1347 3101 est
1384 3046 1665 3114 propheta,
1707 3053 1755 3097 et
1796 3060 1887 3096 nos

353 3166 455 3203 non
486 3155 751 3215 cognoscet
780 3144 1003 3213 amplius
1032 3145 1096 3195 '9.
1128 3142 1259 3195 Nam
1290 3141 1432 3209 quod
1458 3138 1617 3198 dicit,
1652 3144 1888 3203 tempore

353 3237 655 3293 obsidionis
687 3236 846 3290 istius
874 3235 1163 3303 prophetas
1198 3249 1306 3286 non
1334 3230 1640 3293 exstitisse;
1675 3225 1726 3280 id
1763 3241 1892 3280 sane

353 3327 614 3400 postremi
643 3341 829 3381 eorum
860 3324 1053 3379 excidii
1085 3330 1457 3392 argumentum
1487 3327 1587 3374 est.
1619 3317 1740 3371 liazc
1766 3330 1893 3369 vero

355 3422 713 3484 congruenter
746 3420 869 3483 post
897 3413 1272 3477 praedictiones
1302 3414 1368 3466 dc
1395 3410 1612 3464 Christo
1642 3406 1894 3476 superius

355 3505 666 3559 enuntiatas
689 3505 863 3572 posita
888 3511 1034 3557 sunt.
1063 3502 1197 3566 Quia
1222 3502 1365 3555 enim
1396 3501 1569 3567 ipsum
1594 3498 1892 3552 venientem

359 3604 469 3650 non
502 3600 860 3659 acceperunt,
895 3590 1206 3642 necessario
1242 3603 1395 3647 eam,
1435 3602 1553 3656 quae
1591 3593 1710 3653 ροει
1746 3591 1895 3637 tanta

359 3678 417 3733 in
448 3678 721 3733 Christum
757 3677 996 3731 facinora
1024 3678 1172 3747 ipsos
1206 3678 1438 3740 invasit,
1477 3677 1730 3729 ultionem
1760 3673 1897 3727 vati—

362 3766 592 3829 cinatur.

435 4127 648 4187 Tertius
685 4135 886 4204 Asaphi
924 4135 1164 4205 psalmus
1201 4135 1253 4188 in
1295 4133 1452 4189 linem
1505 4134 1731 4188 remittit
1777 4149 1899 4188 eum

366 4218 458 4287 qui
489 4220 668 4288 priora
699 4223 888 4292 legerit
914 4264 929 4288 ,
958 4223 1311 4292 hortaturque
1338 4240 1400 4276 ne
1428 4223 1692 4291 disperdat
1721 4224 1789 4276 ⁸ο.
1822 4223 1901 4277 Ad

368 4307 483 4364 haec
508 4318 681 4363 autem
708 4313 895 4366 titulus
921 4312 1183 4383 psalmum
1211 4323 1257 4365 et
1282 4311 1552 4364 canticum
1580 4310 1754 4380 ipsum
1782 4326 1902 4365 esse

369 4395 635 4460 declarat,
669 4401 794 4468 quia
825 4418 1011 4456 eorum
1043 4402 1134 4471 qui
1169 4402 1223 4454 in
1252 4402 1527 4455 Christum
1558 4400 1904 4454 crediderunt

371 4488 665 4556 gratiarum
718 4494 980 4547 actionem
1032 4493 1429 4562 complectitur.
1478 4490 1730 4544 Divinum
1776 4491 1903 4546 item

366 4574 626 4649 judicium
651 4588 941 4644 memorat,
968 4591 1253 4649 narratque
1279 4580 1544 4649 quomodo
1567 4580 1906 4634 constituerit

372 4664 511 4718 diem
535 4665 722 4733 iudicii
743 4708 757 4731 ,
782 4684 887 4736 quo
908 4669 1092 4725 reddet
1116 4671 1404 4739 unicuique
1428 4670 1721 4725 secundum
1746 4684 1905 4737 opera

373 4756 527 4821 ejus,
568 4756 641 4809 ita
684 4765 741 4811 ut
787 4759 880 4828 qui
926 4760 979 4813 iu
1024 4763 1271 4832 przesenti
1303 4763 1411 4815 vita
1440 4761 1696 4815 aerumnis
1728 4760 1906 4813 alllictl

376 4840 612 4909 fuerint,
644 4846 823 4901 futura
858 4847 912 4900 in
952 4847 1060 4903 Deo
1090 4852 1324 4919 reposita
1356 4866 1450 4918 spe
1478 4866 1586 4903 non
1616 4849 1905 4915 excidant;

379 4933 473 4998 qui
504 4949 632 4987 vero
673 4936 773 4989 hoc
804 4944 1043 5005 tempore
1071 4939 1195 4991 elati
1240 4949 1426 4992 contra
1455 4940 1727 4993 Christum
1757 4954 1908 4992 arro-

381 5030 565 5088 ganter
594 5026 833 5092 egerint,
866 5025 1118 5079 ultionem
1162 5027 1216 5080 in
1249 5028 1429 5080 futura
1461 5029 1566 5080 vita
1598 5044 1707 5079 non
1744 5025 1911 5079 decli»

381 5118 526 5164 nent.
571 5112 902 5181 Quapmpter
941 5131 1005 5171 ex
1048 5132 1275 5184 persona
1319 5118 1718 5188 apostolorum,
1749 5115 1911 5168 disci-

385 5199 627 5266 pulorum
657 5210 711 5256 et
749 5206 1196 5272 evangelistarum
1242 5208 1539 5263 Salvatoris
1580 5206 1755 5261 nostri
1798 5205 1909 5258 haec

386 5291 693 5355 pronuntiat
721 5310 735 5345 :
768 5292 1136 5361 Conﬁtebimur
1164 5300 1289 5360 tibi,
1312 5299 1473 5363 Deus,
1497 5308 1543 5352 et
1568 5297 1912 5350 invocabimus

386 5392 566 5430 nomen
595 5390 755 5434 tuum.
784 5383 856 5436 De
879 5384 943 5437 iis
966 5402 1095 5439 vero
1118 5389 1209 5457 qui
1235 5389 1287 5441 in
1313 5388 1644 5444 Salvatorem
1669 5393 1913 5442 nostrum

1935 4373 1977 4426 D

1965 612 2067 649 νων
2101 600 2164 646 ια’
2193 590 2498 657 συναφείας,
2528 582 2944 640 κατατέτακται
2984 574 3047 626 δὲ
3082 568 3195 639 πρὸ
3232 565 3327 618 τοῦ
3362 570 3409 615 ν’
3444 560 3592 630 ψαλ-

1969 685 2164 756 μοῦ.’0
2194 652 2348 750 γοῦν-
2374 680 2454 750 μθ⁹
2487 677 2900 745 ἐπιγέγραπται
2948 664 3063 720 τοῦ
3110 658 3295 756 Ἀσάφ
3317 673 3333 686 ·
3376 655 3484 756 silv
3534 652 3595 705 δὲ

1966 774 2331 831 ύποπεσοῦσαν
2379 775 2506 843 ἡμίν
2553 770 2731 824 αἰτίαν
2779 763 2917 824 τοὺς
2967 759 3182 815 τόπους
3221 745 3592 843 διηγούμενοι

1968 867 2373 936 παρεθήκαμεν.
2400 835 2627 928 έίσὰγει
2656 859 2715 911 δὲ
2746 857 2776 909 ὁ
2815 850 2967 924 μετὰ
2994 850 3199 936 χεῖρας
3231 839 3469 936 πριῦτος
3519 835 3597 936 aly

1964 927 2057 1010 τοῦ
2090 927 2279 1023 ’Δσάφ’,
2304 952 2392 1005 τὸν
2420 927 2701 1021 προφήτην
2728 934 3255 1013 ὑπερθαυμάζοντα
3275 930 3344 984 τδ
3376 927 3598 1023 μακρό-

1969 1048 2132 1117 θυμον
2164 1016 2598 1109 τοῦνπαναγάθού
2631 1016 2793 1096 Θεοῦ,
2837 1032 2940 1086 καὶ
2977 1027 3083 1097 τὴν
3116 1023 3216 1117 ὲᾲπὶ
3240 1024 3362 1081 τοῖς
3397 1016 3600 1117 ἀσεϐέ-

1970 1106 2052 1189 σιν
2079 1134 2421 1202 ἀνεξικακίαν
2444 1106 2637 1190 αὐτοῦ,
2668 1129 2770 1197 τήν
2799 1141 2862 1177 τε
2893 1115 3260 1185 ἐνδιδομένην
3292 1106 3603 1202 συγχῴρη-

1972 1247 2053 1282 σιν
2096 1198 2201 1291 τοῖς
2229 1223 2632 1296 ἁμαρτάνουσιν
2653 1235 2666 1248 ο
2699 1219 2767 1287 ἢν
2797 1203 3447 1282 ὑπερεκπληττόμενος,
3474 1198 3601 1250 ἑαυ-

1969 1320 2060 1373 τοῦ
2089 1292 2379 1389 κατηγορεῖ
2406 1316 2481 1377 ὼς
2503 1306 2967 1379 ὀλιγοψυχοῦντος
2990 1300 3094 1355 καὶ
3121 1293 3337 1367 μικροῦ
3366 1292 3489 1389 δείν
3512 1307 3604 1341 σα-

1970 1382 2261 1470 λευθέντος,
2287 1382 2376 1460 καὶ
2396 1405 2497 1473 τῆς
2532 1402 2711 1470 ψυχῆς
2744 1398 2848 1459 τὰς
2881 1394 3083 1463 βάσεις
3117 1382 3600 1457 περιτραπέντος,

1970 1501 2034 1553 δι’
2054 1500 2118 1561 ἃς
2147 1497 2289 1567 ἑώρα
2310 1496 2415 1548 τῶν
2435 1491 2647 1546 ἀσεϐῶν
2671 1489 2766 1543 καὶ
2791 1486 2977 1540 ἀθέων
3000 1478 3229 1550 ἀνδρῶν
3256 1474 3605 1567 εὐπραγίας.

1971 1590 2112 1658 Πλὴν
2159 1586 2605 1652 ἀποδυσπετήσας
2654 1581 2713 1631 ὲν
2764 1579 2883 1638 τοῖς
2932 1572 3214 1644 πρώτοις,
3248 1564 3475 1635 προῖὼν
3512 1562 3607 1631 τὴν

1972 1656 2341 1747 καταστροφὴν
2372 1674 2551 1729 αὐτῶν
2578 1668 2829 1731 θεσπίζει
2846 1666 3038 1732 λέγων
3060 1678 3075 1693 ’
3103 1656 3605 1747 Κατέϐαλες-αὐ-

1972 1770 2113 1832 τοὺς
2337 1762 2690 1832 ἐπαρθῆναι.
2724 1757 2861 1821 Πῶς
2901 1752 3208 1823 ἐγένοντο
3246 1750 3347 1813 εὶς
3388 1743 3609 1813 ἐρήμω-

1906 1825 1945 1878 B
1973 1877 2074 1915 σιν
2092 1825 2347 1923 ’ἐξάπινα
2365 1872 2383 1917 ;
2400 1825 2738 1916 ’έξέλιποη
2770 1844 3111 1901 ἀπώλοντο
3136 1840 3247 1893 διὰ
3275 1838 3406 1905 τὴν
3442 1836 3612 1889 ἀϐου-

1972 1948 2112 2001 λίαν
2139 1943 2355 2005 αὐτῶν,
2389 1941 2483 1994 καὶ
2514 1939 2583 1990 τὰ
2614 1938 2830 1997 τούτοις
2860 1929 3181 1986 ἀκόλουθα.

2717 2134 2797 2185 B'.

2057 2230 2112 2283 '0
2139 2227 2379 2296 δεύτερος
2401 2224 2491 2277 ἐπὶ
2525 2223 2705 2283 ποίαις
2727 2218 3147 2290 περιστάσεσιν
3173 2212 3249 2266 τὰ
3274 2212 3341 2265 ὲν
3363 2210 3447 2280 τῷ
3473 2226 3613 2275 πρω-

1978 2338 2053 2389 τῳ
2084 2320 2301 2371 λέλεκτο
2326 2316 2583 2375 διδάσκει,
2617 2310 3047 2380 ἀποδυρόμενος
3092 2306 3200 2375 τῆς
3244 2300 3613 2374 Ἰερουσαλὴμ

1980 2412 2074 2480 τὴν
2105 2408 2333 2477 ἐσχάτην
2366 2403 2700 2474 πολιορκίαν,
2736 2402 2804 2470 ἣν
2837 2398 3137 2451 πέπονθεν
3182 2395 3293 2447 ἐπὶ
3329 2394 3445 2445 τῶν
3489 2392 3610 2443 Ῥω-

1986 2498 2189 2568 μαϊκῶν
2219 2495 2442 2566 χρόνων,
2477 2491 2759 2561 σημαίνων
2806 2506 2871 2539 τε
2922 2488 3035 2555 τὴν
3085 2486 3489 2537 ἐπανάστασιν
3513 2479 3613 2532 τῶν

1981 2589 2068 2640 τὸν
2116 2586 2273 2637 τόπον
2317 2581 2823 2651 πολιορκησάντων·
2859 2579 2890 2629 ὃ
2917 2579 2989 2647 δὴ
3032 2577 3371 2647 παρίστησι
3406 2574 3605 2642 (Mm;-

1985 2680 2111 2731 Ἵνα
2126 2676 2200 2737 τί,
2230 2678 2261 2727 ὁ
2288 2672 2445 2735 Θεὸς,
2465 2670 2682 2723 ἀπώσω
2708 2672 2799 2733 εὶς
2815 2669 3031 2731 τέλος,
3060 2668 3358 2736 ὠργίσθη
3384 2668 3417 2717 ὁ
3439 2662 3615 2731 θυμός

1984 2783 2098 2821 σου
2137 2765 2233 2818 ἐπὶ
2272 2765 2528 2831 πρόϐατα
2571 2759 2766 2828 νομῆς
2816 2775 2981 2820 σου;
3020 2755 3131 2822 Οἷς
3168 2758 3315 2826 ἑξῆς
3346 2756 3607 2820 ἐπιλέγει·

1996 2858 2088 2920 Ὡς
2108 2858 2175 2909 ἐν
2195 2852 2388 2922 δρυμῷ
2417 2853 2617 2915 ξύλων
2640 2850 2890 2913 ἀξίναις
2919 2849 3267 2916 ἐξέκοψαν
3301 2849 3415 2911 τὰς
3448 2846 3616 2912 θύρας

1986 2947 2172 3014 αὐτῆς
2195 2945 2291 2996 ἐπὶ
2318 2943 2383 2995 τὸ
2410 2941 2574 3002 αὐτὸ,
2599 2940 2669 2992 ἐν
2700 2939 2933 2993 πέλυκι
2964 2940 3075 2992 καὶ
3107 2938 3507 3005 λαξευτηρίῳ
3524 2952 3613 2989 κα-

1988 3036 2271 3105 τέρῤαξαν
2291 3032 2496 3097 αὐτήν.
2516 3030 2923 3097 Ἐνεπύρισαν
2940 3031 3021 3081 ἐν
3049 3030 3210 3099 πυρὶ
3246 3030 3326 3083 τὸ
3350 3024 3615 3097 ἀγιαστή-

1984 3128 2117 3196 ριόν
2146 3140 2259 3178 σου
2278 3141 2290 3153 ·
2319 3119 2397 3184 οἷς
2422 3118 2576 3181 αὖθις
2611 3120 2861 3186 ἐπιλέγει
2885 3137 2899 3149 ·
2931 3120 3017 3173 Τὰ
3040 3120 3292 3190 σημεῖα
3322 3118 3492 3188 ἡμῶν
3516 3118 3613 3168 οὐχ

1989 3218 2238 3284 εἴδομεν
2272 3216 2379 3266 οὐκ
2422 3212 2593 3263 ἔστιν
2640 3210 2729 3262 ἔτι
2784 3210 3159 3278 προφήτης,
3196 3212 3308 3265 καὶ
3356 3207 3510 3277 ἡμᾶς
3552 3206 3614 3259 οὐ

1991 3306 2274 3374 γνώσεται
2299 3303 2383 3356 ἔτι
2402 3319 2415 3331 ·
2443 3300 2518 3369 τῷ
2542 3299 2651 3369 γὰρ
2683 3300 2922 3366 φάσκειν
2962 3302 3193 3371 μηκέτι
3222 3303 3517 3373 προερὴτας
3534 3313 3613 3364 γε-

1992 3394 2203 3462 γονέναι
2235 3391 2374 3444 κατά
2401 3391 2499 3459 τὴν
2530 3388 2872 3459 δηλουμένην
2904 3390 3263 3461 πολιορκίαν
3313 3394 3532 3462 σημεῖον
3556 3382 3615 3455 ἦν

1991 3485 2088 3554 τῆς
2118 3482 2349 3550 ὑστάτης
2398 3478 2572 3532 αὐτῶν
2623 3479 3318 3544 ἀποπτὼσεως.”Επεται
3364 3482 3421 3535 δὲ
3462 3477 3614 3532 ταῦτα

1996 3573 2198 3642 σφόδρα
2224 3568 2526 3631 ἀκολούθως
2556 3571 2680 3631 ταῖς
2711 3567 2803 3620 διὰ
2840 3568 2962 3620 τῶν
2999 3569 3354 3641 ἔμπροσθεν
3386 3563 3614 3640 περὶτοῦ

1995 3661 2226 3733 Χριστοῦ
2258 3658 2559 3728 λεχθείσαις
2591 3658 3006 3728 προρρήσεσιν.
3031 3660 3281 3731 Ἐπειδὴ
3317 3660 3428 3731 γὰρ
3456 3656 3614 3711 ἐλθόν-

1994 3770 2061 3804 τα
2082 3751 2242 3804 αὑτὸν
2271 3751 2343 3820 μὴ
2366 3748 2748 3821 παρεδέξαντο,
2776 3750 3125 3817 ἀναγκαίως
3156 3754 3270 3825 τὴν
3303 3749 3615 3805 ἐπελθοῦσαν

1997 3843 2177 3903 αὐτοῖς
2203 3840 2370 3909 ὀργὴν
2405 3839 2544 3909 μετά
2586 3837 2655 3891 τὰ
2686 3839 2810 3892 κατ’
2837 3840 3021 3893 αὐτοῦ
3057 3843 3429 3914 τολμηθέντα
3457 3839 3616 3901 αὐτοῖς

1998 3928 2260 3991 θεσπίζει.

2744 4038 2821 4090 Γ’.

2078 4129 2136 4180 'O
2163 4128 2343 4199 τρίτος
2368 4126 2458 4180 τοῦ
2500 4126 2673 4196 Ἀσάφ
2703 4129 2787 4191 εἰς
2816 4128 2880 4181 τὸ
2902 4130 3078 4195 τέλος
3114 4135 3497 4207 παραπέμπει
3542 4130 3616 4183 τὸν

2000 4220 2109 4281 τοῖς
2140 4217 2423 4287 προτέροις
2453 4218 2878 4287 ὲντετυχηκότα,
2915 4221 3025 4273 καὶ
3070 4227 3358 4295 παραινεί
3391 4222 3475 4293 μὴ
3507 4221 3615 4274 6(a-

2003 4306 2247 4375 φθεῖραι.
2265 4306 2589 4377 Ἐπιγρὰφει
2615 4324 2675 4359 τε
2706 4306 2849 4378 πρὸς
2874 4310 3139 4376 τούτοις,
3182 4316 3277 4369 ὅτι
3312 4317 3406 4369 καὶ
3429 4310 3617 4383 ψαλμὸς

2005 4400 2088 4467 εἴη
2137 4398 2229 4449 καὶ
2273 4397 2415 4465 ᾠδή·
2452 4396 2640 4466 ἐπειδὴ
2694 4399 2954 4469 περιέχει
3006 4405 3395 4477 εὐχαριστίαν
3422 4405 3522 4458 τῶν
3551 4402 3615 4463 εἰς

2006 4488 2096 4539 τὸν
2143 4485 2370 4554 Χριστὸν
2402 4487 2875 4540 πεπιστευκότων.
2914 4491 3041 4544 Καὶ
3092 4495 3204 4566 τὴν
3258 4497 3351 4550 τοῦ
3391 4492 3519 4548 Θεοῦ
3556 4490 3618 4542 διο

2009 4577 2345 4647 καιοκρισίαν
2374 4578 2673 4650 παρίστησι
2700 4580 2985 4637 διδάσκων
3036 4588 3209 4655 ὅπως
3261 4593 3485 4663 ἔστησεν

2014 4686 2110 4739 ραν
2144 4669 2393 4738 κρίσεως,
2428 4662 2544 4742 ὲνῇ
2576 4671 2855 4726 ἀποδώσει
2899 4677 3145 4751 ἑκάστῳ
3200 4684 3351 4737 κατά
3381 4662 3464 4737 τὰ
3503 4679 3616 4747 ἔργα

2012 4758 2194 4812 αὑτοῦ.
2222 4760 2329 4811 Καὶ
2359 4759 2482 4811 οὔτε
2516 4763 2565 4813 οἱ
2596 4763 2742 4816 κατά
2779 4765 2877 4818 τὸν
2907 4772 3183 4842 παρόντα
3221 4776 3340 4845 βίον
3366 4769 3617 4838 κακούμε-

2012 4867 2088 4902 νοι
2113 4852 2209 4918 τῆς
2242 4850 2391 4919 παρά
2418 4850 2494 4920 τῷ
2528 4851 2651 4922 Θεῷ
2687 4855 3010 4931 μελλούσης
3044 4864 3281 4930 ἐλπίδος
3311 4856 3617 4919 ἁποπεσοῦν-

2012 4957 2119 5004 ται,
2140 4938 2315 4991 οὔθ’οἱ
2345 4941 2485 4993 κατὰ
2516 4942 2607 4994 τὸν
2631 4946 2915 5002 ἐνεστῶτα
2950 4954 3162 5024 καιρὸν
3192 4954 3513 5026 ἐπαρθέντες
3535 4943 3613 4998 καὶ

2015 5029 2609 5101 καταλαζονευσάμενοι
2653 5036 2751 5089 τοῦ
2785 5041 3041 5110 Χριστοῦ
3075 5045 3430 5117 ἀτιμώρητον
3455 5039 3610 5104 ἕξουσι

2013 5121 2098 5172 τὸν
2139 5120 2273 5187 μετά
2307 5122 2482 5175 ταῦτα
2514 5125 2653 5194 βίον.
2686 5130 2779 5185 Διὸ
2825 5134 2892 5187 ὲκ
2937 5137 3249 5208 προσώπου
3286 5139 3382 5208 μὲν
3404 5133 3505 5186 τῶν
3532 5124 3610 5180 τοῦ

2016 5208 2261 5298 Σωτῆρος
2286 5210 2446 5279 ἡμῶν
2476 5213 2805 5275 ἀποστόλων
2833 5223 2932 5277 καὶ
2982 5226 3257 5298 μαθητῶν
3287 5228 3379 5281 καὶ
3407 5223 3609 5286 εὐαγγε·

2016 5295 2209 5348 λιστῶν
2255 5300 2534 5369 ἀναφωνεί
2593 5310 2687 5362 τόο
2738 5295 3352 5388 Ἐξομολογηονόμεθά
3410 5327 3537 5371 σοι,
3580 5304 3608 5355 δ

2024 5388 2184 5453 Θεὸς,
2209 5390 2308 5444 καὶ
2349 5393 2855 5476 ἐπικαλεσόμεθα
2882 5409 2954 5463 τὸ
2994 5410 3189 5481 ὄνομὰ
3213 5426 3329 5465 σου
3347 5424 3361 5438 ’
3416 5399 3529 5473 περὶ
3558 5388 3606 5447 at

457 5528 503 5558 "
546 5527 685 5583 Psal.
707 5547 873 5595 Lxxn,
912 5534 997 5598 18,
1024 5537 1109 5590 l9.
1180 5539 1223 5568 "°
1252 5539 1393 5598 Psal.
1420 5557 1609 5605 Lxxm,
1636 5540 1741 5595 1-9.
1820 5537 1863 5568 '°

2067 5553 2238 5610 txxw,
2260 5542 2308 5598 l.

463 5705 535 5769 (l)
575 5703 701 5757 Vide
726 5717 885 5770 supra
924 5705 985 5756 ad
1022 5709 1151 5772 psal.
1184 5725 1303 5765 uix
1340 5714 1505 5769 initio.
