3796 6362
105 373 224 427 825
1247 374 1739 434 COMMENTARIA
1779 378 1847 431 IN
1872 377 2205 434 PSALMOS.
3223 381 3328 437 836

104 491 224 542 τῶν
252 491 337 545 τὰ
370 492 510 547 κατὰ
534 492 624 546 τοῦ
651 495 1065 569 Σωτῆροςήμῶν
1088 499 1468 569 τολμησάντων
1491 504 1691 570 προῖων

1813 499 1919 551 alia
1950 514 2068 553 aus:
2101 505 2228 553 sunt
2259 496 2362 553 sub
2397 496 2511 552 haec
2539 496 2725 566 adjicit
2756 515 2768 553 :
2804 497 2935 551 Dixi
2954 498 3145 567 iniquis
3168 513 3188 552 :
3220 496 3335 553 No-

106 582 325 648 ἐπάγει
362 584 443 635 τό’
480 581 637 637 Εἷπα
666 586 787 650 τοῖς
823 590 1262 659 παρανομοῦσι·
1305 589 1400 656 Μὴ
1449 604 1695 658 παρανο-

1816 588 1886 640 ite
1913 589 2087 656 inique
2112 602 2301 656 agere;
2329 595 2375 639 et
2406 586 2819 656 delinquentibus
2845 603 2863 640 :
2892 586 3075 641 Nolite
3097 588 3334 642 exaltare

102 672 305 740 ιιεῑτε,
342 674 445 725 καὶ
492 673 618 738 τοῖς
656 675 1086 744 ἁμαρτάνουσιο
1116 679 1209 747 Μὴ
1241 681 1467 747 ὑψοῦτε
1499 680 1690 748 κέρας.

1813 692 1971 729 romu.
2007 675 2184 729 Nolite
2209 675 2458 730 extollere
2486 680 2537 729 in
2569 677 2735 729 altum
2764 692 2923 729 cornu
2952 686 3177 729 oestrum
3196 716 3211 739 ,
3241 693 3335 730 uo—

108 762 207 829 .Hij
242 762 537 831 ἐπαίρετε
568 767 655 829 είς
676 767 831 834 ὕψος
849 768 913 821 τὸ
934 769 1107 837 κέρας
1137 769 1317 838 ὑμῶν,
1337 769 1421 838 μὴ
1461 770 1695 823 λαλεῖτε

1815 766 1882 818 ite
1917 765 2058 834 loqui
2100 765 2350 818 adversus
2390 764 2556 818 Deum
2598 766 2945 834 iniquitatem.
2974 764 3174 819 Deinde
3206 780 3335 818 vero

108 854 271 906 κατὰ
308 854 427 907 τοῦ
461 855 613 909 Θεοῦ
663 857 913 911 ἀδικίαν.
953 858 1063 913 Εἶθ’
1098 861 1221 924 ἑξῆς
1249 860 1307 924 ἐξ
1338 861 1499 913 αὐτοῦ
1532 877 1695 929 προσ-

1813 871 1854 907 :x
1888 870 2116 922 persona
2146 856 2316 923 ipsius
2347 853 2548 908 Christi
2580 855 2763 909 addit:
2799 853 2907 923 Ego
2938 864 3109 907 autem
3139 869 3336 906 annun-

106 939 268 993 ὡτοου
314 941 415 993 τοῦ
446 944 685 1013 Χριστοῦ
718 946 962 1017 ἐπιφέρει
994 948 1081 1000 τό·
1126 947 1263 1016 Ἐγὼ
1297 947 1363 1000 δὲ
1388 947 1695 1017 ἀπαγγελῶ

1817 942 1933 994 iabo
1977 944 2030 995 in
2072 943 2360 1006 steculum,
2411 944 2631 996 cantabo
2674 943 2781 996 Deo
2819 943 3002 997 Jacob.
3052 942 3120 995 Et
3157 944 3334 996 omnia

107 1030 199 1092 εις
242 1030 366 1083 τὸν
403 1028 617 1095 αἰῶνα,
656 1033 832 1100 ψαλῶ
864 1034 941 1099 τῷ
968 1034 1086 1100 Θεῷ
1120 1036 1330 1094 Ἰακώϐ.
1356 1036 1465 1088 Καὶ
1504 1036 1697 1088 πάντα

1813 1048 1987 1085 τονηιια
2041 1044 2374 1100 peccatorum
2427 1034 2800 1103 confringam,
2856 1043 2905 1086 et
2958 1032 3331 1088 exaltabuntur

107 1114 184 1169 τὰ
214 1118 453 1186 κέρατα
476 1118 602 1173 τῶν
620 1121 977 1190 ἁμαρτωλῶν
994 1122 1334 1185 συνθλάσω,
1357 1123 1451 1176 καὶ
1470 1124 1695 1193 ὑψωθήη

1813 1139 1987 1175 rornua
2006 1123 2164 1190 justi.

108 1222 291 1263 σεται
330 1210 405 1264 τὰ
444 1209 667 1265 κέοατα
701 1213 803 1266 τοῦ
829 1212 1078 1267 δικαίου.

894 1326 967 1379 A'.
2054 1350 2069 1365 ν
2519 1335 2607 1389 ιν.

176 1408 303 1465 Καὶ
337 1412 367 1462 ὁ
397 1410 598 1481 παρὼν
612 1411 822 1483 ψαλμδς
852 1413 1093 1467 λέλεκται
1109 1415 1209 1468 Ἐν
1236 1415 1442 1483 ὕμνοις
1461 1432 1473 1446 ·
1503 1417 1562 1468 οὐ
1595 1415 1691 1486 μό⁴

1860 1424 2104 1478 Prtesens
2141 1439 2357 1494 quoque
2393 1425 2634 1494 psalmus
2661 1423 2726 1478 In
2776 1424 2985 1494 hymnis
3021 1427 3063 1459 ³¹
3095 1427 3329 1495 dicitur;

108 1517 199 1553 vov
226 1499 379 1553 ἀλλὰ
430 1502 531 1553 καὶ
571 1502 682 1573 ᾠδὴ
721 1504 972 1573 τυγχάνει
998 1505 1390 1574 ἀναπέμπουσα
1418 1508 1495 1569 εἰς
1522 1507 1581 1559 τὸ
1606 1507 1694 1559 τὲ-

1813 1516 1924 1585 [uin
1964 1515 2125 1568 etiam
2163 1514 2437 1568 canticum
2473 1522 2553 1568 est
2587 1514 2653 1567 ad
2692 1514 2851 1569 ﬁnem
2892 1518 3194 1572 remittens.
3231 1517 3334 1572 Dc-

110 1590 223 1655 λος.
260 1592 587 1661 Διαγράφει
633 1592 689 1644 δὲ
721 1593 827 1645 τῶν
861 1593 959 1663 μὲν
994 1594 1299 1648 ἀποστόλων
1329 1596 1422 1648 τοῦ
1452 1597 1697 1666 Σωτῆρος

1813 1604 1982 1659 scribit
2027 1619 2152 1658 vero
2199 1604 2567 1673 apostolorum
2627 1604 2929 1661 Servatoris
2978 1617 3029 1661 et
3079 1606 3334 1663 Ecclesia

112 1683 206 1733 καὶ
243 1684 352 1752 τῆς
395 1682 728 1752 Ἐκκλησίας
755 1682 913 1735 αὑτοῦ
945 1683 1040 1754 τὴν
1079 1685 1389 1753 ἀσφάλειαν,
1434 1687 1595 1739 αὑτοῦ
1639 1687 1696 1739 δὲ

1816 1697 1965 1766 psius
2005 1696 2391 1761 securitatem;
2433 1696 2606 1765 ipsius
2643 1712 2771 1750 vero
2810 1697 3011 1751 Christi
3054 1701 3333 1769 paciﬁcam

114 1774 212 1843 τὴν
240 1774 301 1825 ὲν
328 1774 534 1843 εἰρήνῃ
569 1773 731 1843 μονὴν
755 1775 846 1826 καὶ
870 1775 1073 1837 στάσιν,
1092 1777 1183 1827 καὶ
1210 1777 1305 1844 τὴν
1328 1776 1417 1827 ἐπὶ
1442 1778 1539 1845 τῆς
1567 1777 1696 1827 Ἰου-

1813 1784 2124 1837 nansionem
2160 1792 2214 1837 et
2247 1794 2444 1839 statum
2470 1824 2485 1848 ,
2518 1786 2743 1854 ejusque
2777 1787 2829 1839 in
2863 1785 3099 1841 Iudaeam
3134 1789 3335 1842 adven-

113 1836 274 1924 δαέας
309 1836 632 1932 παρουσίαν
655 1878 667 1891 ’
691 1836 796 1914 ἰκαὶ
817 1863 889 1925 ὡς
911 1865 943 1933 ἡ
972 1863 1192 1934 ἀληθινὴ
1213 1836 1373 1916 adeo?)
1404 1836 1576 1927 πόὶίις,
1603 1865 1694 1916 καὶ

1813 1888 1929 1929 um.
1988 1871 2287 1942 Narratque
2342 1888 2521 1927 veram
2568 1875 2687 1942 ejus
2745 1876 3052 1940 civitatem,
3102 1885 3154 1932 et
3206 1877 3335 1933 Sion

113 1952 173 2004 τὸ
206 1950 356 2004 Σιὼν
391 1952 524 2022 ὄρος
546 1952 607 2004 τὸ
640 1952 887 2022 ἀληθινὸν
928 1953 1088 2006 αὑτοῦ
1126 1954 1434 2025 οἰκητήριον
1471 1955 1694 2007 πάντοτε

1813 1970 2028 2017 nonlem
2050 2002 2065 2025 ,
2100 1963 2219 2028 eius
2250 1978 2434 2017 verum
2470 1963 2800 2017 domicilium
2826 2005 2840 2027 ,
2879 1965 2931 2019 in
2965 1982 3093 2034 pace
3124 1984 3336 2037 semper

116 2043 497 2115 εἰρηνεύεται,
547 2043 668 2095 οὐδὲ
708 2042 923 2095 πώποτε
955 2042 1162 2113 ἐχθροῖς
1194 2044 1495 2114 ὑποχείριον
1521 2044 1698 2112 γιγνό-

1813 2052 2028 2115 ῖθΐεέὶΐί,
2068 2067 2242 2121 neque
2282 2067 2514 2121 unquam
2546 2053 2599 2104 in
2630 2053 2867 2107 hostium
2906 2054 3165 2108 ditionem
3204 2072 3338 2110 ven-

120 2137 391 2204 μενον.ὐ
426 2134 494 2202 δὴ
525 2133 777 2201 σημαίνει
800 2131 999 2198 λέγων·
1047 2133 1324 2196 Γνωστὸς
1358 2133 1426 2184 ἐν
1454 2131 1525 2199 τῇ
1558 2134 1694 2184 Ἰου-

1813 2156 1974 2193 .urum
2004 2156 2145 2196 esse.
2190 2140 2343 2205 Quod
2383 2157 2513 2196 sane
2548 2141 2630 2194 his
2664 2143 2840 2196 verbis
2875 2143 3175 2212 signiﬁcat:
3218 2144 3336 2199 Na-

116 2226 253 2292 δαίᾳ
287 2229 321 2278 ὀ
364 2226 538 2287 Θεὸς,
565 2225 636 2276 ἐν
658 2220 736 2286 τῷ
774 2220 1008 2289 Ἰσραὴλ
1027 2221 1176 2290 μέγα
1199 2222 1259 2273 τὸ
1284 2221 1466 2288 ὄνομα
1494 2221 1693 2274 αὐτοῦ.

1813 2242 1878 2284 ‘us
1914 2233 1967 2285 in
1995 2231 2185 2286 Judtea
2219 2233 2357 2286 Deus
2380 2272 2393 2295 ,
2427 2234 2479 2284 in
2515 2232 2684 2286 Israel
2717 2250 2961 2302 magnum
2990 2251 3171 2288 nomen
3201 2236 3333 2302 ejus.

127 2314 425 2382 Ἐγενήθη
453 2313 663 2381 εἰρήνη
692 2314 723 2364 ὁ
745 2312 923 2372 τόπος
945 2311 1128 2363 αὐτοῦ
1151 2310 1329 2363 καὶτὸ
1360 2309 1701 2376 κατοικητή-

1813 2320 1995 2375 Factus
2022 2330 2098 2375 est
2127 2338 2230 2389 pax
2258 2323 2400 2375 locus
2433 2324 2544 2389 ejus
2565 2363 2578 2385 ,
2604 2332 2653 2376 et
2681 2324 2934 2376 habitatio
2963 2323 3077 2391 ejus
3106 2326 3158 2377 in
3185 2324 3335 2379 Sion.

119 2420 245 2469 ριον
268 2401 474 2455 αὑτοῦ
502 2400 575 2451 ἐν
596 2398 768 2451 Σιών.
793 2393 904 2449 Εἴθ’
925 2396 1048 2465 ἑξῆς
1074 2396 1178 2449 τῶν
1201 2396 1402 2466 ἐχθρῶν
1426 2396 1585 2449 αὐτοῦ
1607 2398 1698 2449 καὶ

1813 2407 1913 2461 Sub
1947 2410 2058 2463 haec
2091 2411 2429 2464 inimicorum
2482 2412 2634 2478 ejus,
2680 2428 2889 2467 necnon
2934 2413 3185 2469 Ecclesiae
3219 2416 3337 2484 ejus

119 2492 222 2542 τῶν
249 2492 361 2560 τῆς
394 2488 727 2558 Ἐκκλησὶας
747 2486 908 2539 αὐτοῦ
938 2487 1203 2555 πολεμίων
1226 2488 1321 2556 τὴν
1344 2487 1546 2539 πτῶσιν
1573 2503 1698 2557 παρ-

1813 2500 2032 2553 ]οδιίιιηὶ
2061 2502 2273 2554 ruinam
2314 2502 2552 2555 declarat
2585 2502 2668 2555 bis
2707 2503 2920 2557 verbis:
2966 2502 3049 2556 Ibi
3086 2506 3338 2575 confregit

126 2584 339 2653 ίστησιν
392 2575 500 2633 ὧδε
552 2580 802 2647 φάσκων·
852 2578 1010 2630 Ἐκεῖ
1039 2578 1357 2645 συνέτριψε
1400 2577 1470 2629 τὰ
1517 2576 1697 2645 κράτη

1813 2592 2054 2642 φοιεηιξαδ
2096 2606 2344 2653 arcuum,
2395 2591 2553 2643 telum
2579 2630 2593 2653 ,
2637 2591 2867 2660 gladium
2912 2602 2961 2646 et
3003 2593 3234 2656 bellum;
3276 2610 3340 2648 ac

124 2672 234 2724 τῶν
282 2672 513 2736 τόξων,
547 2670 741 2721 ὅπλον
789 2667 884 2719 καὶ
910 2668 1210 2734 ῥομφαίαν
1262 2667 1357 2719 καὶ
1404 2668 1697 2734 πόλεμον

1813 2693 2012 2733 rursum
2041 2697 2053 2731 :
2084 2679 2300 2733 Turbati
2327 2690 2446 2733 sunt
2473 2698 2646 2736 omnes
2674 2683 2968 2748 insipientes
2997 2684 3168 2738 corde.
3202 2686 3340 2738 Dor-

124 2763 212 2816 καὶ
245 2762 454 2815 πάλιν⁵
510 2758 953 2826 Ὲταράχθησαν
978 2757 1196 2820 πάντες
1216 2760 1269 2812 οὶ
1314 2758 1588 2810 ἀσύνετοι
1626 2756 1700 2823 τῇ

1813 2770 2024 2822 nierunt
2065 2786 2304 2823 somnum
2347 2788 2534 2834 suum,
2579 2782 2627 2825 et
2669 2771 2801 2825 nihil
2839 2772 3139 2828 invenerunt
3168 2791 3339 2830 omnes

125 2852 358 2921 καρδίᾳ.
401 2851 730 2901 ’Ύπνωσαν
776 2847 970 2899 ὕπνον
998 2844 1209 2909 αὐτῶν,
1248 2847 1342 2898 καὶ
1382 2848 1490 2913 οὺχ
1527 2844 1702 2916 εὗρον

127 2943 302 2996 οὐδὲν
339 2940 578 3003 πάντες
602 2941 655 2991 ol
684 2937 894 3005 ἄνδρες
917 2938 1019 2990 τοῦ
1048 2938 1309 2989 πλούτου
1352 2937 1477 3002 ταῖς
1498 2940 1703 3006 χερσὶν

1813 2944 1939 2998 Deus
1976 2946 2175 3011 Iacob,
2216 2948 2626 3001 dormitaverunt
2666 2967 2840 3005 omnes
2876 2953 2965 3021 qui
3002 2954 3341 3029 ascenderunt

124 3033 341 3088 αὐτῶν.
362 3030 507 3084 Ἀπὸ
536 3025 922 3094 ἐπιτιμήσεὼς
941 3041 1074 3087 σου,
1101 3029 1131 3078 ό
1162 3025 1302 3089 Θεὸς
1336 3025 1546 3090 Ἰακὼϐ,
1573 3030 1703 3082 ένύ,

1813 3051 1975 3103 equos.
2012 3035 2217 3100 Quibus
2249 3038 2537 3105 gloriosum
2566 3037 2869 3095 Servatoris
2897 3041 3183 3094 adventum
3212 3025 3342 3096 sub;

127 3126 364 3189 σταξαν
398 3118 629 3180 πάντες
658 3120 711 3170 ol
742 3116 1146 3182 ἐπιϐεϐηκότες
1169 3114 1307 3178 τοὺς
1344 3117 1593 3181 ἵππους·
1624 3113 1703 3181 οἷς

1813 3125 1919 3190 iicit
1968 3124 2192 3179 dicens:
2248 3126 2323 3178 De
2375 3127 2501 3180 caelo
2548 3128 2785 3180 auditum
2838 3130 3006 3197 fecisti
3049 3132 3337 3199 judicium,

128 3216 500 3271 ὲτεισυνάπτει
537 3208 634 3278 τὴν
665 3205 868 3269 ἔνδοξον
895 3206 985 3257 τοῦ
1020 3205 1265 3274 Σωτῆρος
1294 3208 1587 3275 παρουσίαν
1617 3208 1701 3261 λέ-

1813 3223 1945 3267 terra
1974 3216 2181 3269 tremuit
2209 3224 2256 3269 et
2288 3217 2476 3285 quieuit
2494 3256 2509 3279 ,
2541 3233 2657 3269 cum
2686 3230 2983 3287 exsurgeret
3009 3221 3063 3272 in
3084 3221 3341 3287 judicium

128 3326 229 3375 γων
250 3325 262 3339 ·
310 3307 421 3356 Ἐκ
454 3300 563 3354 τοῦ
588 3297 843 3364 οὐρανοῦ
872 3297 1196 3362 ηκούτισας
1226 3296 1443 3362 κρίσιν,
1469 3296 1545 3365 γῆ
1566 3298 1701 3365 ἐφο-

1813 3303 1945 3356 Deus
1967 3343 1981 3368 ,
2012 3314 2069 3356 ut
2098 3304 2268 3357 salvos
2299 3305 2491 3371 faceret
2519 3322 2691 3359 omnes
2722 3322 2863 3374 reges
2894 3315 3067 3360 terra.

128 3401 270 3469 δήθη
305 3396 417 3451 καὶ
449 3392 772 3460 ἡσύχασεν
796 3389 865 3441 ὲν
894 3386 973 3451 τῷ
999 3386 1363 3455 καταστῆναι
1415 3390 1501 3453 εὶς
1535 3392 1736 3458 κρίσιν
1769 3394 1873 3448 τὸν
1911 3397 2080 3463 Θεὸν,
2108 3398 2213 3451 τοῦ
2247 3394 2438 3451 σῶσαι
2471 3397 2696 3462 πάντας
2722 3398 2862 3462 τοὺς
2917 3398 3195 3462 ,ϐασιλεῖς
3234 3395 3342 3463 τῆς

129 3493 253 3561 τῆς·

1800 2858 1896 2910 ciri
1924 2856 2223 2911 divitiarum
2248 2862 2301 2912 in
2329 2861 2568 2913 manibus
2596 2863 2727 2915 suis.
2756 2865 2833 2917 Ab
2856 2867 3203 2932 increpatione
3227 2874 3337 2927 tua,

890 3601 964 3653 E’.

2531 3603 2599 3661 ν.

194 3704 305 3757 Καὶ
333 3702 366 3753 6
408 3694 555 3760 μετά
577 3695 763 3765 χεῖρας
794 3689 885 3745 τοῦ
914 3689 1011 3760 μὲν
1048 3688 1218 3756 ’Ᾱσὰφ
1260 3691 1532 3761 τυγχάνει,
1568 3693 1698 3746 ὕπο-

1869 3690 1967 3747 llic
1990 3692 2117 3747 item
2140 3692 2377 3762 psalmus
2400 3694 2599 3762 Asaphi
2626 3703 2746 3748 est:
2780 3694 2974 3751 titulus
3005 3704 3183 3751 autem
3217 3696 3335 3766 ejus

131 3791 327 3860 γράφει
359 3788 448 3849 δὲ,
475 3782 657 3850 ’Υπὲρ
690 3779 962 3847 Ἰδιθούμο
996 3780 1121 3849 περὶ
1159 3773 1219 3832 οὗ
1252 3781 1701 3852 προδιειλήφαμεν

1813 3786 1909 3844 est,
1945 3778 2046 3833 Pro
2074 3778 2306 3833 [dit/tum
2333 3781 2377 3813 “
2404 3797 2419 3845 ;
2448 3780 2639 3850 dequo
2660 3780 2769 3848 jam
2798 3784 3068 3853 superius.
3098 3782 3344 3840 Videtur-

129 3882 211 3937 διὰ
231 3882 347 3936 τῶν
372 3871 933 3948 ἐμπροσθεν.Ἐοικεν
960 3869 1016 3922 δὲ
1045 3870 1182 3940 ὑπὲρ
1205 3870 1298 3922 τοῦ
1331 3871 1556 3940 Ἰδιθοὺμ
1582 3890 1702 3926 συν-

1813 3883 1908 3937 que
1942 3882 2241 3924 sermonem
2272 3879 2450 3923 texere
2482 3883 2581 3938 pro
2610 3867 2843 3923 lditbum
2863 3910 2879 3934 ,
2906 3872 2999 3940 qui
3032 3872 3217 3927 audito
3248 3889 3345 3944 po-

131 3974 345 4027 τάττειν
379 3969 516 4030 τοὺς
549 3964 758 4031 λόγους,
788 3958 954 4012 πολλὰ
988 3959 1063 4022 ὡς
1102 3960 1321 4023 εἰκότως
1352 3961 1434 4029 ἐφ’
1461 3958 1540 4025 οἷς
1571 3964 1703 4033 ἀκή-

1813 3958 1917 4028 puli
1962 3965 2143 4021 statu,
2191 3959 2453 4021 multum,
2499 3968 2560 4013 ut
2604 3973 2701 4028 par
2742 3968 2892 4022 erat,
2926 3960 3341 4030 ingemiscebat,

132 4077 251 4114 κοεν
274 4076 345 4113 πε
356 4058 418 4128 pi.
445 4051 545 4107 τοῦ
572 4048 700 4101 λαοῦ
731 4046 1230 4113 καταστενάζοντος,
1261 4048 1704 4119 λειποθυμοῦντὸς

1813 4045 2022 4115 iamque
2048 4047 2227 4100 animo
2254 4046 2537 4102 deﬁciebat
2555 4086 2570 4110 ,
2602 4055 2764 4115 atque
2790 4046 2861 4100 ob
2890 4048 3070 4115 populi
3102 4050 3305 4103 scelera
3325 4090 3340 4112 ,

131 4168 188 4203 τε
214 4151 317 4221 ἢδη
351 4146 455 4201 καὶ
491 4138 685 4213 μικροῦ
726 4137 834 4190 δεῖν
880 4137 972 4190 καὶ
1016 4137 1199 4190 ἑαυτὸν
1248 4138 1703 4207 ἀπογινώσκοντος

1813 4149 1871 4188 ac
1911 4134 2117 4190 futuras
2159 4134 2279 4189 ideo
2316 4137 2581 4191 universae
2624 4136 2768 4205 genti
2809 4135 3174 4200 calamitates,
3211 4152 3345 4206 pene

133 4241 215 4293 διὰ
257 4239 365 4300 τὰς
426 4231 525 4286 τοῦ
558 4227 687 4281 λαοῦ
718 4226 1054 4295 παρανομίας
1098 4227 1190 4277 καὶ
1230 4226 1297 4278 τὰ
1327 4227 1706 4298 συμϐησόμενα

1813 4222 2145 4293 desperabat.
2189 4223 2366 4289 Quare
2410 4225 2463 4278 iu
2504 4224 2767 4294 principio
2796 4224 3046 4292 quidem,
3083 4227 3242 4294 quasi
3275 4241 3344 4280 ex

134 4330 195 4383 δι’
218 4330 402 4388 αὐτὰς
452 4321 535 4390 τῷ
570 4318 728 4371 παντὶ
771 4316 926 4368 ἔθνει.
961 4315 1039 4375 Δι’,
1064 4315 1092 4366 ὃ
1123 4316 1179 4369 ὲν
1206 4316 1342 4385 ἀρχῇ
1389 4317 1485 4385 μὲν
1528 4316 1601 4378 ὡς
1645 4318 1708 4369 ὲκ

1813 4328 2039 4383 persona.
2068 4315 2239 4383 ipsius
2271 4314 2349 4368 sic
2381 4315 2577 4369 habet:
2617 4312 2748 4366 Voce
2776 4330 2889 4367 mea
2932 4314 2999 4366 ad
3037 4314 3201 4368 Deum
3231 4315 3346 4368 cla-

139 4419 443 4490 προσώπου
492 4408 657 4465 αὑτοῦ
704 4406 883 4474 τίθησι
923 4404 1002 4466 τὸ,
1035 4403 1206 4471 Φωνῇ
1252 4423 1369 4473 μου
1416 4406 1563 4474 πρὸς
1604 4406 1709 4459 τὸν

1813 4404 1947 4456 mavi
1972 4441 1986 4467 ,
2019 4419 2137 4457 voce
2165 4419 2279 4456 mea
2308 4403 2375 4456 ad
2409 4403 2572 4455 Deum
2597 4442 2612 4467 ,
2640 4412 2688 4456 et
2722 4404 2940 4457 intendit
2970 4405 3115 4460 mihi.
3148 4404 3348 4462 Deinde

142 4464 661 4573 Dzdrwgacexpalfa,
699 4464 866 4568 φωνῇ
909 4464 1027 4565 μου
1077 4464 1224 4563 πρὸς
1252 4464 1374 4549 ,τὸν
1420 4464 1584 4563 έεὸν,
1615 4496 1712 4551 καὶ

1813 4508 1938 4546 vero
1968 4464 2123 4546 suum
2157 4493 2321 4546 animi
2353 4464 2643 4561 deliquium
2675 4493 2981 4547 subindicat
3009 4494 3094 4549 his
3124 4497 3343 4551 verbis:

142 4599 461 4669 προσέσχε
497 4607 627 4661 μοι’
661 4585 756 4641 εἷθ’
788 4587 914 4656 ἑξῆς
945 4585 1042 4656 τὴν
1087 4586 1379 4656 γενομένην
1404 4588 1551 4657 αὐτῴ
1581 4587 1714 4641 ἀθυ.

1813 4581 1997 4635 Renuit
2048 4583 2310 4636 consolari
2362 4582 2539 4634 anima
2586 4597 2736 4645 mea,
2784 4584 3100 4636 exercitatus
3146 4593 3255 4647 est,
3298 4593 3349 4639 et

147 4691 274 4759 μίαν
308 4683 609 4754 ὑποφαίνει
638 4681 838 4748 λέγων·
882 4676 1240 4743 Ἀπηνήνατο
1268 4677 1714 4746 παρακληθῆναι

146 4780 182 4847 ἡ
217 4778 395 4849 ⁴ψυχή
448 4790 593 4843 μου,
623 4768 999 4838 ήδολέσχησε
1037 4767 1130 4820 καὶ
1181 4767 1595 4835 ὠλιγοψύχησε
1650 4767 1714 4821 τὸ

148 4869 388 4939 πνεῦμὰ
417 4859 943 4936 μου.Ἑταρὰχθην
987 4858 1085 4909 καὶ
1128 4857 1238 4909 οὐκ
1284 4855 1575 4923 ἐλάλησα.
1608 4858 1716 4910 Καὶ

152 4961 397 5028 ἐπιλέγει
423 4975 436 4987 ·
472 4956 717 5019 Νύκτωρ
750 4952 898 5018 μετὰ
944 4948 1050 5014 τῆς
1094 4945 1334 5012 καρδίας
1358 4963 1474 5011 μου
1510 4946 1717 5011 ἡδολέ-

154 5065 350 5119 σχουν
376 5046 479 5102 καὶ
504 5044 811 5097 ἕσκαλλον
843 5038 905 5089 τὸ
945 5033 1175 5102 πνεῦμά
1192 5031 1434 5100 μου.Μὴ
1465 5036 1549 5095 είς
1578 5034 1717 5097 τοὺς

154 5140 373 5203 αἰῶνας
410 5134 709 5190 ἀπώσεται
738 5130 968 5197 Κύριος,
1010 5125 1103 5178 καὶ
1138 5126 1208 5176 οὐ
1247 5122 1572 5188 προσθήσει
1612 5126 1717 5179 τοῦ

156 5228 488 5295 εὐδοκῆσαι
515 5224 599 5275 ἑτι
616 5235 636 5281 ;
668 5219 703 5285 ἣ
738 5220 823 5282 εὶς
850 5216 1019 5278 τέλος
1064 5212 1127 5265 τὸ
1157 5210 1325 5272 ἕλεος
1351 5212 1532 5263 αὐτοῦ
1575 5213 1718 5266 ἀπο-

158 5319 371 5383 κρύψει
404 5308 527 5365 ἀπὸ
555 5304 758 5375 γενεᾶς
780 5307 865 5366 εὶς
897 5299 1134 5370 γενεάν;
1163 5297 1199 5362 ἣ
1240 5296 1587 5383 ἐπιλήσεται
1612 5302 1716 5354 τοῦ

161 5382 525 5471 οἰκτειρῆσαι
550 5400 582 5449 ὀ
612 5395 770 5457 Θεὸς,
796 5392 834 5458 ἢ
862 5389 1096 5451 συνέξει
1138 5386 1207 5471 ἐν
1246 5382 1317 5449 τῇ
1358 5383 1505 5451 ὀργῇ
1532 5388 1716 5440 αὑτοῦ

163 5495 300 5558 τοὺς
332 5468 686 5555 ὀἰκτιρμοὺς
740 5480 952 5539 citreo;
995 5475 1149 5527 Ταῦτ’
1176 5468 1244 5541 ἦν
1292 5473 1355 5525 τὰ
1399 5472 1717 5544 λυπήσαντα

165 5583 258 5650 τὴν
289 5580 387 5637 τοῦ
423 5575 651 5644 Ἰδιθοὺμ
678 5571 869 5640 ψυχήν.
901 5566 973 5618 Δι’
995 5564 1022 5616 ὅ
1050 5561 1226 5622 καλῶς
1251 5561 1712 5634 ὡλιγοψυχηκέναι

217 5741 258 5772 ⁸³
302 5740 446 5799 Psal.
475 5750 636 5799 ωιτν,
671 5731 716 5783 1,
794 5726 838 5757 ⁸¹
873 5718 1003 5774 Psal.
1041 5728 1222 5779 Lxxvt,
1262 5716 1306 5768 l.

1812 4674 1995 4740 defecit
2028 4674 2241 4739 spiritus
2276 4688 2435 4725 meus.
2470 4671 2729 4724 Turbatus
2761 4688 2877 4724 sum
2906 4681 2955 4726 et
2986 4691 3084 4726 non
3115 4690 3226 4727 sum
3270 4674 3350 4727 la-

1813 4769 1983 4813 eutus.
2024 4759 2120 4815 His
2162 4760 2477 4829 subjungit:
2516 4759 2681 4812 Nocte
2718 4777 2834 4813 cum
2868 4762 3021 4814 corde
3058 4779 3167 4815 meo
3202 4778 3349 4817 exer-

1813 4850 2015 4903 citabar
2060 4860 2108 4903 et
2158 4850 2423 4917 scopcbam
2470 4849 2712 4915 spiritum
2761 4867 2945 4903 meum.
2996 4849 3247 4920 Nunquid
3294 4854 3349 4907 in

1814 4952 2064 4995 wlernum
2116 4942 2349 5009 projiciet
2407 4939 2693 5003 Dominus,
2744 4956 2831 4992 au.
2877 4957 2974 4994 non
3026 4952 3243 5006 apponet
3292 4955 3349 4997 ut

1814 5032 2168 5097 complacitior
2196 5032 2261 5083 sit
2292 5028 2457 5082 adhuc
2479 5067 2494 5091 ,
2527 5038 2618 5081 aut
2656 5030 2709 5082 in
2748 5031 2899 5097 finem
2940 5028 3352 5087 misericordiam

1814 5136 1963 5173 suam
1993 5119 2265 5173 abscondet
2295 5136 2325 5170 a
2354 5119 2683 5187 generatione
2719 5121 2770 5172 in
2811 5119 3230 5188 generationem,
3262 5131 3355 5175 aut

1817 5214 2143 5265 obliviscetur
2171 5210 2398 5264 misereri
2428 5207 2564 5260 Deus
2588 5247 2602 5269 ,
2637 5218 2727 5261 aut
2759 5205 3035 5261 continebit
3059 5208 3112 5259 in
3143 5210 3231 5263 ira
3257 5229 3357 5269 sua

1816 5300 2199 5355 misericordias
2238 5300 2408 5353 suas?
2441 5295 2564 5350 Haec
2595 5306 2749 5351 erant
2786 5312 2904 5366 quae
2943 5295 3201 5350 ldithumi
3244 5303 3362 5355 ani-

1816 5410 1957 5449 mam
1990 5394 2306 5463 aﬁligebant.
2348 5388 2523 5453 Quare
2555 5406 2613 5443 se
2646 5392 2824 5443 animo
2852 5386 3119 5441 defecisse
3154 5388 3365 5446 latcba.

1818 5492 1923 5537 ti'r.
1973 5482 2075 5536 Sed
2130 5481 2360 5550 Spiritus
2400 5483 2625 5529 sanctus
2668 5492 2763 5545 per
2802 5474 3119 5543 prophetam
3178 5476 3367 5544 Asaph

1816 5571 1932 5640 ejus
1980 5569 2147 5625 dolori
2198 5564 2389 5624 deinde
2437 5562 2707 5629 medetur,
2743 5565 2869 5619 dum
2904 5561 3012 5611 ait:
3050 5560 3192 5622 Quis
3233 5563 3372 5619 Deus
3450 5608 3453 5611 .
