3796 6370
80 442 173 499 8ἳ9

1233 432 1726 494 COMMENTARIA
1762 436 1829 492 IN
1868 435 2200 493 PSALMOS.

3209 440 3311 496 830

81 551 297 614 ἐκείνοις
331 550 449 623 γὰρ
475 552 581 623 τὴν
612 553 700 615 είς
726 554 886 619 τέλος
916 551 1178 621 ἀποϐολὴν
1210 548 1300 603 τοῦ
1334 547 1516 610 ἔθνους
1560 548 1661 620 ὲδή-

1781 550 1933 604 ruina
1963 570 1977 605 :
2013 551 2066 603 in
2096 549 2189 604 illo
2218 547 2342 601 item
2376 561 2485 601 non
2517 546 2727 605 faustus
2756 547 2912 613 ﬁnis,
2946 563 3052 604 non
3084 554 3313 620 promis-

82 644 181 703 λου,
208 641 307 695 καὶ
362 642 468 711 τὴν
530 644 792 713 ἐσχάτην
839 645 938 714 τῆς
972 640 1318 714 Ἰερουσαλὴμ
1343 638 1669 692 ἀπόπτωσιν.

85 733 181 786 Καὶ
206 733 265 783 ὲν
296 731 504 801 ἐκείνῳ
540 732 649 801 μὲν
684 735 796 786 οὐκ
825 734 1116 804 ἐμφέρεται
1150 730 1377 802 χρηστὸν
1407 729 1558 792 τέλος
1584 729 1673 782 οὐ·

88 823 135 874 δὲ
175 820 489 887 ἐπαγγελία
532 837 625 883 τις
658 821 1047 893 θεραπεύουσα
1074 822 1142 874 τά
1163 819 1457 890 λελεγμένα
1482 836 1496 849 ·
1526 821 1582 871 ὲν
1612 818 1671 871 δὲ

88 910 153 977 τῷ
184 908 416 978 παρόντι
452 910 601 978 μετὰ
630 909 704 962 τὰ
734 910 1034 981 σκυθρωπὰ
1056 911 1404 962 ὲπισυνάπτει
1427 907 1504 976 τῷ
1530 907 1671 959 τέλει

89 996 170 1049 τοῦ
216 995 423 1059 παντὸς
474 996 650 1065 λόγου
673 1015 689 1028 ·
751 999 992 1063 Ἀπόδος
1043 997 1160 1063 τοῖς
1208 998 1466 1066 γείτοσιν
1511 993 1678 1063 ἡμῶν

81 1086 547 1139 ’ἑπταπλασίονα
589 1090 687 1150 εις
731 1089 844 1141 τὸν
877 1090 1103 1142 κόλπον
1133 1086 1347 1151 αὐτῶν,
1377 1087 1481 1139 τὸν
1524 1087 1675 1138 ὀνει-

90 1177 294 1245 δισμὸν
323 1175 557 1241 αὐτῶν,
588 1177 669 1230 ὃν
693 1178 1019 1231 ὡνείδισάν
1042 1192 1134 1241 σε,
1165 1180 1354 1244 Κύριε.
1373 1177 1565 1245 Ἡμεῖς
1589 1176 1676 1239 δὲ,

93 1270 230 1332 λαός
261 1283 379 1323 σου
420 1270 529 1323 καὶ
560 1272 848 1337 πρόϐατα
884 1271 1071 1339 νομῆς
1116 1286 1249 1334 σου,
1285 1272 1681 1338 ἀνθομολογη-

1777 641 1892 706 sio,
1922 655 2042 709 qua:
2088 638 2374 713 recensitis
2412 639 2569 693 malis
2613 638 2911 701 medeatur,
2951 639 3213 710 affertur;
3256 650 3312 695 at

1776 731 1830 784 in
1865 729 2116 800 praesenti
2160 737 2280 798 post
2313 728 2488 781 tristia
2534 729 2626 781 illa
2672 729 2787 782 haec
2817 731 2871 782 in
2901 727 3004 784 ﬁne
3044 731 3310 789 sermonis

1784 820 1970 889 adjicit
1997 838 2009 873 :
2044 818 2214 872 Redde
2239 817 2420 871 vicinis
2449 818 2641 871 nostris
2670 818 2960 886 septuplum
2990 818 3045 871 in
3086 820 3204 872 sinu
3219 837 3309 874 eo-

1774 925 1891 963 rum
1919 951 1934 974 ,
1990 910 2363 978 improperium
2408 908 2681 977 ipsorum,
2729 924 2829 977 quo
2876 907 3310 975 exprobrauerunt

1775 978 1887 1062 tibi,
1906 998 2142 1052 Domine.
2165 995 2277 1049 Nos
2305 1005 2475 1049 autem
2502 995 2718 1063 populus
2751 1005 2870 1049 tuus
2897 1004 2945 1048 et
2971 1010 3082 1047 oves
3103 1009 3308 1062 pascua:

1776 1095 1908 1152 ture,
1935 1086 2298 1152 conﬁtebimur
2327 1086 2420 1139 tibi
2452 1087 2505 1139 in
2532 1086 2800 1140 sazculum.
2836 1083 2903 1137 In
2929 1085 3308 1154 generationem

1774 1188 1823 1233 et
1872 1178 2251 1247 generationem
2293 1175 2719 1231 annuntiabimus
2757 1175 2964 1230 laudem
3006 1184 3168 1229 tuam.
3214 1173 3308 1228 Ηω

1775 1269 1971 1336 quippe
2001 1282 2125 1321 vere
2153 1267 2427 1335 iustorum
2458 1282 2617 1323 voces
2644 1274 2791 1321 sunt.

93 1356 301 1426 σόμεθά
324 1371 427 1411 σοι
457 1360 552 1423 εἱς
573 1359 693 1411 τὸν
725 1358 936 1415 αἰῶνα.
966 1363 1069 1425 Εἰς
1092 1359 1301 1429 γενεὰν
1338 1358 1434 1411 καὶ
1461 1357 1669 1426 γενεὰν
1702 1355 2137 1425 ἐξαγγελοῦμεν
2168 1354 2280 1422 τὴν
2311 1355 2545 1408 αἴγεσιν
2571 1368 2705 1408 σου.
2754 1348 2922 1407 Δῦται
2983 1352 3090 1423 γὰρ
3127 1352 3307 1421 σαφῶς

90 1450 298 1504 δικαίων
331 1451 686 1520 τυγχάνουσι
716 1452 914 1520 φωναί.

190 1603 197 1611 .
865 1564 947 1618 Ην.

160 1656 220 1707 Ἥ
267 1654 430 1724 ὀγδόη
486 1655 827 1724 προφητεία
877 1653 966 1707 τοῦ
1010 1653 1177 1722 Ἀσάφ
1226 1669 1394 1706 πολλα
1427 1651 1674 1723 σημαίνει

98 1744 221 1798 κατὰ
244 1745 302 1797 τὸ
325 1743 458 1796 αὐτὸ
490 1742 587 1796 διὰ
625 1743 736 1812 τῆς
792 1747 1138 1814 προγραφῆς·
1176 1742 1287 1795 ἔστι
1315 1743 1448 1813 γὰρ,
1481 1745 1567 1805 είς
1608 1743 1671 1794 τὸ

2521 1552 2603 1607 Ill.

1840 1646 2039 1700 Octava
2082 1643 2285 1713 Asaphi
2320 1552 2603 1713 propli‘ztlila.
2639 1645 2806 1697 multa
2850 1644 2905 1696 in
2945 1644 3103 1698 titulo
3145 1644 3304 1700 simul

1769 1735 1969 1790 indicat
2000 1753 2012 1787 :
2042 1749 2164 1787 nam
2192 1734 2409 1797 dicitur,
2436 1736 2489 1787 in
2523 1734 2704 1801 ﬁnem,
2732 1741 2806 1797 et,
2838 1749 2932 1802 pro
2960 1733 3026 1787 iis
3053 1734 3142 1803 qui
3164 1751 3305 1788 corn-

97 1835 274 1900 τέλος,
324 1833 450 1897 καὶ,
513 1835 678 1900 ὑπὲρ
758 1831 874 1885 τῶν
930 1831 1503 1899 ἀλλοιωθησομένων,
1558 1832 1661 1892 καί1

1771 1825 2140 1888 mutabuntur,
2165 1831 2250 1885 et,
2280 1823 2514 1892 psalmus
2544 1824 2591 1855 ⁸⁸
2620 1842 2633 1876 :
2669 1822 2737 1876 ad
2771 1823 2884 1877 haec
2913 1829 3091 1878 autem
3122 1825 3304 1879 omnia

100 1928 350 1994 ψαλμός·
384 1922 527 1993 πρὸς
568 1924 805 1985 τούτοις
836 1921 1032 1974 ἅπασιν
1061 1923 1434 1991 ὲπιτετήρηται
1470 1921 1543 1982 ώς
1580 1921 1668 1972 καὶ

98 2013 399 2081 μαρτύριον
448 2012 537 2081 εἴη
578 2010 759 2081 μόνος
792 2004 940 2071 οὗτος
981 2009 1086 2062 τῶν
1131 2012 1186 2062 ὲν
1234 2009 1376 2078 πάσῃ
1410 2010 1472 2077 τῇ
1506 2007 1667 2077 βίϐλῳ

36 2122 41 2127 ’
108 2101 396 2171 φερομένων
443 2100 627 2161 οὓτως
674 2099 1174 2169 ἐπιγεγραμμένος.
1205 2099 1298 2161 El;
1348 2100 1441 2167 μὲν
1486 2095 1576 2150 οὖν
1607 2099 1668 2150 τὸ

38 2234 41 2237 .
108 2189 239 2251 τέλος
285 2188 605 2258 ἀναπέμπει
650 2186 753 2239 διὰ
791 2188 851 2239 τὸ
891 2186 1159 2250 θεσπίζειν
1186 2187 1245 2239 τὺ
1286 2187 1489 2257 μέλλον·
1520 2187 1667 2255 ὑπὲρ

40 2300 43 2307 ·
111 2278 159 2330 δὲ
222 2276 336 2329 τῶν
397 2275 1011 2344 ἀλλοιωθησομένων,
1076 2276 1161 2328 διὰ
1215 2276 1310 2347 τὴν
1376 2277 1666 2348 μεταϐολὴν

40 2412 45 2417 .
115 2365 208 2416 τῶν
254 2365 339 2417 διὰ
389 2366 491 2433 τῆς
552 2363 902 2434 προφητείας
954 2362 1286 2433 δηλουμένων
1309 2380 1322 2394 ·
1350 2366 1668 2432 μαρτύριον

115 2453 162 2505 δὲ
204 2455 404 2524 εἴρηται
436 2454 528 2507 διὰ
571 2453 636 2505 τὸ
686 2451 1059 2522 μαρτύρεσθαι
1108 2452 1233 2521 περὶ
1285 2451 1376 2504 τοῦ
1421 2454 1476 2504 έν
1521 2451 1666 2521 αὐτῷ

123 2541 664 2610 προαναφωνουμένου
692 2541 889 2611 ἀνδρὸς
919 2539 1011 2592 καὶ
1049 2539 1142 2592 τοῦ
1186 2541 1509 2612 καλουμένου
1535 2542 1663 2595 Υἱοῦ

42 2660 47 2689 ε
120 2628 401 2699 ἀνθρώπου.
444 2629 576 2681 Υἰδν
616 2628 757 2697 ’γάρ
809 2644 927 2679 τινα
981 2626 1259 2698 ἀνθρώπου
1316 2630 1519 2698 εἰσάγει
1571 2631 1665 2683 καὶ

46 2770 49 2777 ,
126 2718 270 2788 ἄνδρα
293 2719 468 2785 δεξιᾶς
498 2717 596 2772 τοῦ
641 2717 787 2771 Θεοῦ
822 2716 1005 2770 τοῦτον
1027 2719 1292 2787 ὀνομάζει.
1323 2721 1539 2790 Πρῶτον
1570 2722 1664 2790 μὲν

122 2802 203 2860 οὖν
230 2807 318 2859 τοῦ
358 2809 631 2861 Ἰουδαίων
665 2807 857 2869 ἔθνους
879 2806 976 2876 τὴν
1015 2807 1120 2859 ἀπὸ
1147 2808 1415 2875 Αἰγύπτου
1445 2811 1664 2880 πορείαν

46 2930 53 2960 ε
128 2895 208 2948 καὶ
229 2898 320 2968 τὴν
351 2898 443 2950 ἐπὶ
478 2899 578 2966 τῆς
612 2895 991 2950 Παλαιπινῶν
1022 2896 1122 2965 γῆς
1151 2899 1355 2967 οἴκησιν
1403 2901 1665 2970 παρίστη-

46 3020 50 3028 .
130 3001 200 3036 σιν
224 2988 277 3037 ὲν
304 2986 634 3057 ἀλληγορίας
660 2987 853 3057 τρόπῳ
878 2987 1095 3056 φάσκων
1112 3003 1127 3017 ·
1165 2989 1452 3055 Ἄμπελον
1476 2988 1542 3051 ἐξ
1569 2991 1663 3041 Αί-

130 3075 330 3140 τύπτου
368 3076 650 3144 μετηῆρας,
683 3075 968 3142 ἐξέϐαλες
1010 3076 1151 3144 ἔθνη
1187 3077 1281 3130 καὶ
1316 3079 1663 3145 κατεφύτευ-

1768 1917 2084 1970 observatur
2109 1915 2253 1968 hunc
2279 1916 2452 1969 solum
2481 1915 2745 1982 psalmum
2766 1955 2782 1980 ,
2803 1929 2869 1969 ex
2895 1916 2964 1970 iis
2991 1916 3082 1985 qui
3109 1916 3163 1970 in
3190 1924 3304 1973 toto

1765 2005 1903 2058 libro
1935 2004 2201 2066 feruntur,
2243 2004 2594 2057 testimonium
2633 2003 2878 2058 inscribi.
2919 2003 2978 2058 ln
3012 2004 3170 2059 ﬁnem
3202 2006 3306 2062 ita-

1765 2109 1869 2161 que
1897 2094 2141 2156 remittit,
2159 2092 2285 2161 quia
2317 2092 2497 2146 futura
2525 2093 2876 2159 vaticinatur;
2904 2101 2987 2148 est
3006 2109 3174 2157 vero,
3206 2110 3303 2164 pro

1764 2184 1830 2236 iis
1858 2187 1944 2252 qui
1970 2183 2441 2247 commutabuntur,
2465 2183 2533 2236 ob
2554 2184 2898 2237 mutationem
2921 2198 3107 2238 eorum
3128 2185 3216 2253 qui
3244 2188 3302 2241 in

1764 2273 2043 2342 prophetia
2082 2273 2433 2338 indicantur;
2475 2273 2823 2325 testimonium
2859 2281 3038 2327 autem
3077 2274 3298 2339 dicitur,

1765 2365 1890 2432 quia
1921 2364 2285 2417 testimonium
2318 2363 2516 2432 praebet
2545 2363 2663 2417 viro
2695 2362 2889 2417 ibidem
2919 2364 3298 2432 praenuntiata,

1762 2462 1816 2508 et
1841 2453 1889 2507 ei
1914 2452 2005 2521 qui
2031 2460 2253 2507 vocatur
2270 2451 2437 2507 Filius
2467 2452 2718 2506 hominis.
2737 2451 2871 2505 Nam
2895 2453 3177 2521 quemdam
3206 2452 3297 2506 Fi-

1762 2546 1890 2598 lium
1934 2543 2167 2598 hominis
2209 2543 2297 2596 hic
2338 2541 2579 2605 inducit,
2627 2550 2681 2596 et
2721 2542 3172 2597 virum-dextera:
3204 2542 3299 2597 Dei

1761 2629 2009 2686 eumdem
2036 2638 2325 2699 nuncupat.
2358 2627 2540 2682 Primo
2568 2628 2744 2697 itaque
2769 2627 2977 2682 Judaici
3008 2630 3187 2698 populi
3230 2645 3295 2685 ex

1763 2716 1993 2787 Egypto
2023 2717 2453 2785 exitum,.atque
2494 2703 2882 2770 habitationem
2920 2718 2973 2770 in
3012 2716 3298 2773 Palaestina

1761 2806 2046 2876 allegorica
2068 2821 2215 2861 more
2238 2807 2474 2860 declarat
2494 2806 2679 2860 dicens
2703 2824 2716 2859 :
2747 2806 2965 2860 Vineam
2988 2806 3052 2860 de
3069 2806 3297 2878 Egypto

1763 2896 2109 2959 transtulisti,
2139 2895 2337 2964 ejecisti
2368 2904 2540 2964 gentes
2571 2904 2621 2949 et
2650 2894 2902 2963 plantasti
2933 2909 3082 2961 eam,
3109 2907 3162 2952 et
3195 2912 3301 2953 ca-
3338 2894 3349 2901 ’

1761 2991 1895 3038 tera.
1914 2983 2116 3038 Deinde
2136 2983 2371 3037 futuram
2393 2984 2513 3052 ejus
2535 2984 2920 3039 desolationem
2945 2986 3031 3041 his
3054 2985 3292 3041 indicat:

1766 3070 1957 3140 thuid
1977 3070 2280 3124 destruxisti
2303 3072 2584 3125 maceriam
2604 3072 2740 3139 ejus,
2770 3079 2820 3124 et
2849 3070 3165 3125 vindemiant
3180 3089 3297 3128 eant

46 3185 51 3210 ;
130 3175 232 3225 σας
256 3162 463 3229 αὐτὴν,
488 3165 584 3216 καὶ
607 3164 679 3216 τὰ
713 3162 923 3225 τούτοις
946 3164 1205 3218 ἀκόλουθα
1222 3183 1235 3196 ·
1266 3164 1381 3218 εἶτα
1407 3166 1554 3235 δηλοῖ
1568 3165 1661 3237 τὴν

1763 3179 1933 3216 omnes
1960 3165 2049 3233 qui
2088 3162 2582 3232 prmtergrediuntur
2613 3163 2751 3216 viam
2772 3165 2798 3218 ?
2823 3162 2900 3217 De
2925 3163 3294 3220 obsidentibus

50 3292 55 3320 ι
137 3251 373 3322 ἐσομένην
404 3254 638 3324 ἐρημίαν
668 3253 850 3305 αὐτῶν
891 3254 1110 3321 φάσκων
1132 3272 1145 3285 ·
1179 3255 1299 3308 Ἵνα
1323 3257 1377 3308 τί
1400 3256 1664 3321 καθεῖλες

134 3337 226 3390 τὸν
246 3342 504 3409 φραγμὸν
526 3342 747 3410 αὐτῆς,
776 3344 870 3395 καὶ
905 3345 1194 3413 τρυγῶσιν
1229 3346 1419 3413 αὐτὴν
1446 3346 1664 3412 πάντες

139 3429 182 3479 οι
219 3434 755 3501 παραπορευόμενοι
780 3432 891 3500 τὴν
928 3434 1092 3497 door;
1136 3434 1241 3487 Καὶ
1284 3436 1409 3506 περὶ
1439 3435 1543 3488 τῶν
1572 3454 1664 3489 πο-

138 3510 507 3586 λιορκησάντων
538 3522 596 3573 δὲ
642 3521 878 3573 διδάσκει
916 3522 1115 3588 λέγων·
1160 3523 1516 3590 Ἐλυμῄνατο
1559 3526 1663 3577 αὐ-

138 3602 236 3670 τὴν
260 3604 328 3672 ὗς
348 3611 434 3662 »ἐκ
472 3610 724 3679 δρυμοῦ,
752 3612 847 3664 καὶ
883 3611 1087 3681 prorqu
1118 3610 1313 3681 ἄγριος
1354 3614 1664 3683 κατενεμή-

141 3704 270 3747 σατο
315 3698 521 3769 αὑτήν.
559 3702 637 3752 Δι’
673 3694 747 3751 ὧν
786 3700 877 3753 δύο
924 3700 1280 3772 πολιορκητὰς
1315 3702 1525 3756 ἔσεσθαι
1569 3703 1661 3756 τοῦ

146 3781 301 3849 ἔθνους
344 3790 626 3859 σημαίνει·
681 3790 710 3842 ὃ
753 3791 815 3860 δὴ
847 3792 1031 3859 γέγονε
1080 3792 1176 3862 μὲν
1221 3792 1313 3845 καὶ
1361 3794 1497 3846 κατὰ
1539 3794 1663 3857 τοὺς

147 3871 235 3924 τῶν
260 3876 598 3932 Βαϐυλωνίων
625 3881 875 3951 χρόνους·
912 3882 1122 3952 πρῶτος
1173 3882 1278 3952 γὰρ
1318 3884 1345 3934 ὁ
1386 3883 1662 3953 ’Δσσύριος

132 3960 361 4018 ’ἐπελθὼν
390 3968 485 4031 τὰς
532 3969 663 4021 δέκα
700 3968 866 4043 φυλὰς
893 3969 985 4022 τοῦ
1045 3971 1254 4041 Ἰσραὴλ
1297 3973 1662 4041 αἰχμαλώτους

149 4047 431 4120 ἀπήγαγεν·
467 4052 583 4109 εἶτα
615 4056 751 4126 μετὰ
777 4056 959 4110 τοῦτον
988 4060 1015 4110 ὁ
1038 4058 1366 4122 Βαϐυλώνιος
1396 4062 1518 4122 τοὺς
1543 4063 1661 4114 ὑπο-

146 4129 335 4201 λοίπους
376 4142 718 4213 ἐχειρώσατο,
766 4142 861 4213 τὴν
899 4144 1243 4215 Ἰερουσαλὴμ
1293 4147 1387 4198 σὺν
1428 4148 1505 4216 τῷ
1551 4148 1660 4218 ναῷ

152 4229 485 4299 πυρπολήσας.
523 4235 588 4285 ’0
618 4233 681 4303 δὴ
719 4232 959 4296 θεσπίζει
991 4234 1208 4301 φάσκων
1252 4237 1279 4287 ὁ
1307 4235 1460 4304 λόγος
1482 4251 1497 4266 ο
1532 4238 1658 4304 Ἐμ-

152 4320 524 4388 πεπυρισμένη
569 4322 638 4374 ἐν
679 4322 817 4389 πυρὶ
857 4323 953 4375 καὶ
990 4324 1427 4393 ἀνεσκαμμένη·
1474 4328 1658 4395 γέγονε

155 4398 300 4457 δὲκαὶ
326 4408 412 4459 ἐπὶ
435 4410 529 4479 τῆς
565 4411 841 4481 Ῥωμαίων
875 4410 1163 4479 βασιλείας,
1200 4413 1410 4483 πρῶτον
1442 4415 1536 4484 μὲν
1568 4433 1659 4467 πο-

1742 3260 1939 3306 autem
1984 3267 2102 3306 eam
2148 3252 2261 3305 haec
2287 3252 2491 3305 tradit:
2525 3251 2907 3306 Exterminuuit
2934 3269 3049 3306 eam
3082 3269 3204 3322 aper
3229 3255 3295 3310 de

1740 3347 1892 3400 ‘silva
1912 3385 1926 3409 ,
1958 3354 2008 3399 et
2034 3347 2312 3415 singularis
2342 3345 2483 3414 [erus
2510 3347 2730 3399 vastavit
2756 3356 2893 3399 eam.
2938 3345 3144 3411 Quibus
3173 3362 3295 3403 ver-

1761 3437 1846 3491 bis
1874 3450 2003 3491 ‘eam
2039 3442 2251 3506 gentem
2289 3449 2319 3488 a
2357 3435 2570 3489 duobus
2607 3435 2960 3490 obsidendam
2998 3436 3289 3506 signiﬁcat.

1760 3522 1915 3588 Quod
1953 3522 2130 3577 evenit
2172 3520 2587 3591 Babyloniorum
2629 3530 2911 3591 tempore:
2950 3536 3089 3575 nam.
3120 3522 3291 3593 Assy-

1759 3615 1871 3668 rius
1900 3613 2047 3683 prior
2078 3609 2368 3674 invadens,
2404 3610 2590 3665 decem
2634 3611 2806 3666 tribus
2846 3610 3011 3667 Israel
3051 3611 3291 3681 captivas

1759 3702 2014 3769 abduxit;
2043 3701 2235 3756 deinde
2256 3716 2383 3756 vero
2407 3700 2730 3771 Babylonius
2754 3702 2992 3757 incensis
3014 3716 3135 3756 cum
3159 3709 3295 3757 tem-

1759 3794 1847 3863 plo
1886 3792 2267 3862 Jerosolymis,
2310 3793 2549 3860 reliquos
2595 3791 2756 3860 cepit.
2792 3790 2948 3857 Quod
2986 3792 3073 3846 hic
3115 3807 3292 3847 sermo

1756 3884 2076 3937 vaticinatur
2108 3882 2193 3935 his
2241 3882 2452 3936 verbis:
2496 3880 2725 3935 'Incensa
2776 3881 2891 3950 igne
2934 3889 2984 3935 et
3028 3882 3291 3950 su/fossa:

1757 3972 1987 4041 idipsum
2015 3985 2227 4040 quoque
2254 3970 2617 4024 Romanorum
2649 3979 2889 4038 tempore
2917 3969 3153 4036 accidit;
3182 3972 3291 4039 pri-

1756 4075 1844 4114 mo
1877 4061 2091 4130 quidem
2121 4059 2403 4115 obsidente
2433 4059 2584 4122 Tito,
2613 4060 2705 4127 qui
2732 4065 2852 4126 post
2884 4073 3069 4117 eorum
3103 4066 3289 4112 contra

1766 4150 2097 4215 Salvatorem
2150 4160 2393 4204 nostrum
2438 4150 2721 4213 facinora,
2771 4146 3026 4215 templum
3077 4162 3289 4216 quoque

1756 4238 2038 4304 incendit;
2090 4238 2283 4293 deinde
2334 4252 2460 4293 vero
2512 4237 2751 4290 Adriano
2799 4235 3096 4302 imperante
3126 4272 3141 4297 ,
3195 4234 3288 4302 qui

1754 4327 1949 4381 Iudaeis
1972 4328 2118 4382 urbis
2158 4327 2361 4381 aditum
2400 4327 2504 4380 lata
2530 4327 2644 4394 lege
2671 4322 2987 4377 interclusit.
3014 4323 3117 4377 Sed
3139 4330 3288 4392 post-

1755 4433 1914 4486 quam
1946 4420 2129 4472 isthazc
2169 4418 2237 4472 de
2273 4417 2552 4471 obsidione
2595 4415 2765 4484 gentis
2809 4413 3133 4467 vaticinatus
3174 4412 3289 4467 fue-

154 4484 501 4575 λιορκήσαντος
530 4501 721 4563 αὐτοὺς
748 4501 904 4555 Τίτου
932 4499 1024 4552 τοῦ
1058 4502 1150 4553 καὶ
1174 4502 1235 4553 τὸ
1272 4503 1410 4572 ἱερὸν
1451 4522 1659 4575 πυρπο-

1763 4479 1870 4567 rat,
1920 4504 1975 4557 in
2016 4505 2368 4572 sequentibus
2408 4504 2474 4557 de
2515 4479 2695 4555 divino
2728 4498 3029 4554 Servatoris
3058 4500 3287 4554 adventu

155 4574 380 4645 λήδαντος
421 4587 554 4654 μετὰ
579 4589 645 4642 τά
669 4590 998 4658 τολμηθέντα
1027 4591 1207 4652 αὐτοῖς
1250 4591 1387 4644 κατὰ
1427 4592 1518 4645 τοῦ
1545 4594 1656 4647 Σω-

1762 4594 1874 4647 huc
1900 4595 2166 4664 precando
2196 4595 2364 4648 dicit:
2400 4595 2525 4645 Fiat
2561 4608 2743 4644 manus
2789 4601 2881 4643 tua
2925 4607 3079 4659 super
3119 4593 3287 4645 virum

151 4661 292 4753 ξῇρος
320 4673 494 4739 ἡμῶν·
527 4675 717 4731 ἔπειτα
755 4678 1027 4747 Ἀδριανοῦ
1060 4678 1153 4731 τοῦ
1179 4678 1275 4747 τὴν
1315 4679 1464 4733 πόλιν
1489 4682 1657 4753 αὐτὴν

1763 4661 1972 4738 ureteras
2001 4693 2100 4737 tum
2121 4723 2135 4746 ,
2172 4694 2218 4736 et
2247 4698 2397 4751 super
2421 4682 2620 4734 Filium
2652 4680 2874 4733 hominis
2907 4696 3057 4749 quem
3094 4684 3288 4749 confir-

147 4744 312 4840 ἆῦατον
344 4757 615 4827 Ἰουδαίοις
646 4761 782 4817 εἶναι
810 4744 1275 4835 νομοθετήσαντος.
1316 4767 1450 4820 Ἀλλ’
1477 4744 1656 4840 ἐπειδὴ

149 4834 293 4891 ταῦτα
340 4847 461 4916 περὶ
503 4850 612 4919 τῆς
656 4854 965 4923 πολιορκίας
1018 4834 1267 4906 ἐθέσπισε
1311 4856 1405 4907 τοῦ
1458 4834 1656 4924 ἔθνους,

153 4927 320 5014 “Quid”;
356 4938 476 5005 napi.
514 4941 621 5013 τῆς
671 4944 930 5014 σωτηρίου
978 4942 1288 5010 θεοφανείας
1328 4944 1489 5013 εὐχὴν
1530 4949 1660 5000 ἁνα-

156 5010 326 5104 ἶῗέμπει
366 5010 591 5091 λέγων-⁷
608 5010 915 5100 rma—ﬁn.)
957 5033 994 5098 ἠ
1041 5033 1166 5098 χείρ
1214 5044 1328 5083 σου
1359 5010 1661 5104 ἐπ’νᾶνδρα

156 5094 323 5171 δεξιᾶς
344 5125 470 5177 σου,
494 5121 597 5172 καὶ
619 5122 716 5173 ἐπὶ
749 5094 896 5176 ’Υίδν
924 5094 1228 5187 anagnosta!)
1254 5118 1324 5170 ὃν
1352 5094 1661 5188 ἐκραταίω-

162 5201 512 5285 σξιςᾷσεαυτῷ.
545 5210 860 5283 Παρακαλεῖ
899 5213 957 5265 δὲ
1003 5213 1057 5261 ἐν
1099 5208 1305 5270 τούτοις
1353 5211 1443 5263 τὸν
1488 5214 1656 5285 ἄνδρα

1753 4776 1911 4829 masti
1956 4777 2066 4829 tibi.
2107 4775 2202 4830 llis
2232 4783 2406 4829 autem
2442 4780 2622 4842 rogat,
2653 4781 2711 4825 ut
2737 4772 2821 4827 vir
2847 4772 3079 4825 dexterae
3106 4771 3199 4825 Dei
3231 4773 3286 4825 in

1754 4874 1895 4919 terra
1932 4873 2204 4935 appareat.
2244 4864 2345 4918 Per
2373 4864 2546 4931 ipsum
2580 4863 2758 4924 enim,
2794 4860 3004 4930 inquit,
3049 4876 3149 4915 nos
3192 4862 3285 4930 qui

1755 4955 2091 5023 suscepimus
2123 4969 2244 5008 eum
2264 4992 2280 5016 ,
2310 4967 2415 5006 non
2453 4950 2788 5005 discedemus
2820 4963 2850 5002 a
2884 4958 2966 5012 te,
3000 4949 3091 5003 sed
3130 4951 3285 5003 etiam

1738 5056 1853 5110 -per
1886 5043 2063 5111 ipsum
2096 5057 2194 5096 nos
2223 5040 2518 5095 vivilicabis
2546 5058 2559 5093 :
2597 5037 2941 5109 quamobrem
2984 5037 3069 5091 his
3106 5038 3286 5093 verbis

1754 5133 2157 5201 supplicamus:
2207 5130 2425 5184 Domine
2466 5132 2745 5191 uirtutum,
2788 5135 3019 5179 converte
3060 5143 3190 5191 nos,
3237 5135 3287 5181 et

1752 5222 1961 5275 ostende
1989 5221 2174 5290 [aciem
2204 5230 2346 5272 tuam
2377 5234 2472 5288 per
2498 5219 2809 5289 praedictum
2836 5215 3011 5269 virum
3031 5255 3047 5282 ,
3076 5225 3127 5270 et
3155 5217 3289 5271 salii

164 5273 244 5343 τῆς
261 5283 421 5373 sua;
446 5296 532 5347 τοῦ
555 5273 691 5352 Θεοῦ
717 5301 939 5370 ὀφθῆναι
967 5299 1057 5350 ἐπὶ
1084 5296 1205 5363 γῆς.
1237 5297 1313 5346 Δι’
1332 5299 1499 5351 αὑτοῦ
1526 5273 1650 5373 γάρ,
1726 5273 1957 5365 ,εέεηιέηξ

175 5368 325 5465 ξρησὶγ,
356 5377 498 5445 ἡμεῖς
523 5387 574 5437 οἱ
609 5368 1021 5459 παραδεξάμενοι
1047 5386 1202 5437 αὐτὸν
1233 5385 1293 5435 οὐ
1333 5387 1406 5454 μὴ
1444 5368 1767 5465 ἀποστῶμεν
1832 5401 1936 5453 ἀπὸ
1971 5400 2083 5461 σοῦ,
2114 5398 2244 5452 ἀλλὰ
2276 5397 2366 5452 καὶ
2396 5396 2629 5461 ζωώσεις
2661 5394 2802 5465 ἡμᾶς
2831 5392 2898 5446 δι’
2937 5392 3105 5448 οὗτοὖ
3147 5415 3163 5430 ·
3221 5400 3291 5454 δι’

173 5449 639 5562 ἷκαὶιίκετεύομεν
687 5449 929 5547 λέγοντες
968 5497 981 5509 ·
1026 5478 1197 5544 Κύριε
1237 5449 1351 5527 tein-ﬁ
1378 5449 1716 5555 δυνάμεωίῃ
2150 5449 2467 5561 ἡμᾶς,καί
2513 5449 2798 5558 eat-55am;
2847 5485 2910 5538 τὸ
2963 5449 3292 5554 πρόσωπᾶ

182 5554 294 5609 σου,
321 5550 395 5605 διὰ
421 5559 502 5612 τοῦ
541 5562 849 5633 δηλωθέντος
866 5567 1076 5636 ἀνδρὸς,
1109 5564 1203 5617 καὶ
1227 5569 1641 5636 σωθησόμεθα.

244 5716 281 5749 ⁸⁸
299 5720 420 5783 Psal.
457 5747 625 5803 usus,
656 5737 701 5791 1.
