3796 6384
20 401 113 458 835

1278 383 1778 442 COMMENTARIA
1816 384 1882 439 IN
1917 383 2252 439 PSALMOS.

3253 388 3354 444 836

25 524 266 582 “my-
438 477 590 582 θεξδν
626 487 966 562 ὁμολογεῖν;
999 493 1110 549 Εἶτ’
1150 499 1240 551 ἐπὶ
1278 499 1416 552 τέλει
1447 500 1539 552 τοῦ
1586 517 1689 553 παν

1817 497 1870 550 in
1907 497 2010 551 ﬁne
2037 496 2231 566 psalmi
2259 495 2552 548 orationem
2585 491 2845 562 Propheta
2876 493 3075 563 profert
3101 511 3197 566 pro
3227 513 3348 567 gen-

336 566 662 645 Προφήτης
723 582 894 654 εὐχὴν
941 585 1246 654 ἀναπέμπει
1289 586 1426 656 ὑπὲρ
1465 587 1562 655 τῆς
1612 585 1714 638 τῶν

72 680 248 732 ὶῆκδῶυ
324 657 586 731 κλήσεως
628 668 867 734 φάσκων
889 687 902 700 ·
947 671 1208 734 Ἀνάστα,
1237 675 1269 725 ό
1309 673 1468 738 Θεὸς,
1514 673 1716 740 κρῖνον

106 765 222 827 τὴν
245 749 409 828 γῆν,
439 751 536 805 ὅτι
570 755 658 808 σὺ
681 761 1304 829 κατακληρονομήσεις
1329 763 1398 814 ἐν
1424 761 1569 817 πᾶσι
1596 762 1715 827 τοῖς

109 839 404 906 έὲθνεσιν.
436 846 728 920 Ἔοικεσδὲ
758 851 932 922 τούτῳ
957 853 1236 915 ἀκόλουθος
1263 849 1396 906 εἶναι
1418 855 1446 905 ὁ
1479 853 1560 923 μθ¹
1589 854 1714 921 ψαλ-

123 940 256 1009 μὸς,
317 941 373 991 ὲν
421 930 468 1004 ᾧ
513 939 614 990 καὶ
657 941 809 1010 αὑτῷ
841 942 1086 994 λέλεκτο·
1133 944 1273 1008 Θεὸς
1311 942 1460 996 θεῶν
1503 945 1715 1010 Κύριος

107 1029 431 1096 ἐλάλησε.
483 1029 604 1082 Καὶ⁸
647 1033 708 1084 ὲν
740 1032 1062 1102 ἀμφοτέροις
1097 1032 1140 1084 δ’
1169 1030 1260 1085 οὖν
1291 1033 1421 1095 Θεὸς
1448 1032 1582 1085 θεῶν
1605 1035 1714 1085 είσ-

104 1115 333 1184 ἦκταιο
371 1117 474 1168 καὶ
525 1115 694 1170 πάλιν
725 1117 784 1169 ὲν
821 1118 1144 1188 ἀμφοτέροις
1182 1119 1378 1190 κρίνων
1411 1122 1712 1191 ἀναγέγραο

105 1222 288 1258 πται.
330 1205 448 1257 Καὶ
485 1206 548 1258 ὲν
585 1207 684 1276 μὲν
718 1207 800 1276 τῷ
831 1208 1052 1278 παρόντι
1085 1209 1345 1263 λέλεκται·
1385 1210 1649 1273 Ἀνάστα,
1680 1215 1713 1265 ό

99 1296 306 1360 Θεός.
334 1295 562 1363 κρῖνον
589 1298 706 1364 τὴν
723 1298 862 1365 γῆν,
885 1295 971 1350 ὅτι
994 1299 1074 1351 σὺ
1100 1302 1713 1369 κατακληρονομήσεις

94 1386 178 1438 ἐν
219 1385 400 1440 πᾶσι
428 1387 565 1452 τοῖς
600 1389 842 1441 ἔθνεσιν
862 1404 876 1418 ·
903 1389 958 1440 ὲν
980 1389 1038 1440 δὲ
1068 1388 1144 1458 τῷ
1179 1388 1263 1459 μθ¹
1286 1391 1484 1461 σφόδρα
1508 1392 1712 1454 τούτοις

91 1476 457 1539 ἀκολούθως
487 1478 642 1540 ὅπως
668 1477 902 1541 ἀναστάς
937 1479 1108 1550 κρίνει
1145 1481 1241 1550 τὴν
1271 1484 1370 1549 γῆν
1413 1483 1711 1552 ὑπογράφει

89 1570 123 1618 ὁ
178 1567 373 1634 λόγος
396 1567 671 1635 φάσκων·
704 1567 847 1633 Θεὸς
889 1567 1037 1622 θεῶν
1061 1571 1272 1638 Κύριος
1306 1571 1584 1640 ἐλάλησε,
1614 1573 1710 1626 καί

86 1658 406 1712 ἐκάλεσε
468 1656 593 1725 τὴν
643 1656 760 1726 γῆν
803 1658 917 1710 ἀπὸ
967 1659 1272 1712 ἀνατολῶν
1320 1661 1496 1726 ἡλίου
1539 1662 1710 1731 μέχρι

14 1742 21 1766 ⁷
85 1748 422 1818 δυσμῶνο
462 1749 563 1802 καὶ
591 1747 717 1819 ἑξῆς
736 1765 750 1778 ο
794 1749 846 1800 Ὀ
875 1749 1015 1814 Θεὸς
1038 1749 1308 1819 ἐμφανῶς
1333 1751 1482 1817 ἥξει,
1513 1752 1609 1805 καὶ
1639 1755 1709 1808 οὐ

1815 589 1948 640 tium
2005 589 2302 649 vocatione,
2355 586 2540 640 dicens
2570 603 2582 638 :
2611 584 2798 652 Surge,
2828 583 2985 645 Deus,
3017 585 3203 650 judica
3253 598 3356 641 ter-

1816 693 1948 740 ram,
1985 679 2231 746 quoniam
2263 687 2318 730 tu
2352 675 2682 730 Ittereditabis
2730 677 2784 730 in
2831 674 3066 729 omnibus
3095 678 3350 746 gentibus.

1821 766 2038 821 Videtur
2094 769 2221 822 huic
2259 769 2466 836 psalmo
2496 767 2942 836 quadragesimus
2970 781 3146 820 nonus
3182 767 3354 824 alﬁnis

1813 876 1950 924 esse,
1984 863 2034 914 in
2069 878 2175 930 quo
2207 863 2368 915 etiam
2399 860 2675 914 dicebatur
2705 879 2718 912 :
2749 859 2888 912 Deus
2919 859 3133 911 deorum
3166 859 3354 912 Domi-

1812 965 1906 1003 nus
1953 950 2151 1004 locutus
2195 961 2271 1004 est
2295 952 2339 981 ’°
2368 969 2380 1002 :
2410 966 2530 1002 nam
2580 951 2635 1002 in
2686 957 2912 1018 utroque
2948 947 3088 1002 Deus
3131 949 3353 1002 deorum

1815 1040 2124 1105 inducitur;
2155 1041 2558 1108 rursumquein
2591 1039 2851 1094 ambobus
2877 1038 3122 1107 judicare
3159 1039 3354 1092 scribi-

1811 1141 1928 1195 tur;
1958 1131 2011 1184 in
2032 1131 2281 1199 praesenti
2304 1131 2500 1199 quippe
2521 1129 2716 1182 dicitur
2740 1148 2752 1183 :
2778 1127 2960 1198 Surge,
2985 1127 3148 1191 Dens,
3168 1128 3352 1198 judica

1813 1234 2028 1286 terram,
2051 1224 2293 1291 quoniam
2321 1232 2375 1275 tu
2396 1221 2723 1275 litereditabis
2750 1222 2803 1273 in
2827 1221 3063 1274 omnibus
3087 1220 3352 1290 gentibus;

1810 1315 1862 1368 in
1903 1312 2315 1382 quadragesimo
2363 1322 2540 1366 autem
2587 1326 2751 1374 nono,
2799 1311 2954 1366 valde
2989 1320 3351 1366 consentanea

1810 1403 1935 1456 huic
1963 1402 2192 1463 ratione,
2227 1416 2334 1470 quo
2356 1407 2512 1470 pacto
2543 1416 2768 1467 surgens
2795 1400 2997 1468 iudicet
3030 1408 3227 1454 terram
3257 1401 3352 1454 de-

1809 1491 2066 1544 scribitur
2095 1490 2178 1544 his
2198 1489 2374 1544 verbis
2402 1507 2415 1542 :
2447 1489 2585 1542 Deus
2616 1489 2828 1541 deorum
2858 1488 3113 1542 Dominus
3147 1489 3351 1542 locutus

1807 1591 1904 1643 est,
1943 1588 1990 1632 et
2026 1578 2220 1632 vocavit
2264 1587 2457 1631 terram
2500 1594 2532 1630 a
2579 1577 2706 1630 solis
2751 1587 2867 1631 ortu
2899 1591 3055 1647 usque
3095 1577 3163 1632 ad
3202 1595 3349 1632 occa-

1808 1685 1922 1723 sum
1944 1670 1987 1700 "
2013 1686 2028 1730 ;
2061 1683 2122 1722 ac
2157 1668 2411 1737 deinceps
2439 1686 2453 1723 :
2477 1667 2617 1720 Deus
2664 1667 2934 1736 manifeste
2956 1668 3136 1731 veniet,
3169 1679 3218 1722 et
3248 1683 3351 1722 non

1807 1758 1997 1812 silebit.
2029 1757 2172 1827 Ignis
2206 1759 2258 1810 in
2289 1766 2562 1824 conspectu
2587 1757 2700 1826 ejus
2737 1755 3035 1810 cxardescet
3059 1758 3127 1821 θ’,
3157 1764 3210 1811 et
3241 1772 3350 1810 cae-

14 1857 16 1860 '
85 1838 707 1910 παρασιωπήσεται.
723 1837 846 1905 Πῦρ
864 1837 1112 1890 ἐνώπιον
1125 1838 1307 1891 αὐτοῦ
1330 1838 1685 1903 καυθήσεται

1807 1855 1958 1901 tera:
1992 1824 2146 1916 queis
2192 1846 2462 1915 quomodo
2498 1824 2842 1914 iudicaturus
2885 1847 2958 1900 sit
2996 1854 3234 1901 enarrat.
3287 1844 3354 1902 Et

9 1924 14 1926 ’
82 1930 202 1982 καὶ
236 1928 322 1980 τὰ
355 1927 500 1997 ἑξῆς
518 1947 530 1957 ο
562 1927 631 1980 δι’
659 1920 733 1979 ὧν
760 1927 904 1988 ὅπως
930 1925 1108 1995 μέλλει
1138 1927 1338 1996 κρίνειν
1363 1926 1708 1996 διεξέρχεται.

82 2021 222 2076 Καὶ
259 2019 594 2090 ἐπειδήπερ
629 2019 688 2070 ὲν
713 2018 789 2087 τῷ
814 2017 948 2088 μετά
979 2020 1162 2089 χεῖρας
1187 2018 1445 2071 λέλεκται⁹
1478 2020 1602 2072 Ὅτι
1628 2020 1708 2074 σὺ

87 2109 788 2180 κατακληρονομήσεις
823 2110 892 2161 ἐν
928 2108 1076 2163 πᾶσι
1113 2108 1233 2174 τοῖς
1263 2110 1528 2163 ἔθνεσιν·
1564 2110 1706 2164 εικό-

89 2218 218 2264 et»;
259 2202 330 2254 ἓν
366 2200 456 2271 τῷ
512 2199 600 2270 μθ¹
629 2201 756 2262 τοὺς
797 2197 944 2269 παρά
971 2199 1189 2252 Μωῦσεῖ
1218 2199 1343 2269 περὶ
1365 2199 1560 2254 Θυσιῶν
1583 2202 1708 2254 ἀνα-

91 2289 324 2360 τρέπει
379 2289 611 2356 νόμους,
657 2287 840 2359 ἓτερον
881 2285 1078 2356 τρόπον
1123 2286 1443 2357 παραδιδοὺς
1489 2286 1709 2356 λογικῆς

91 2379 348 2442 θυσίας,
389 2379 489 2432 τὸν
530 2377 655 2431 καθ’
693 2377 822 2447 ὅλης
860 2377 956 2446 τῆς
998 2375 1318 2447 οἰκουμένης
1354 2379 1411 2430 ὲν
1435 2378 1566 2430 πᾶσι
1599 2380 1708 2440 τοῖς

98 2469 348 2523 εθνεαιν
386 2466 812 2538 ἑπιτελούμενον
834 2484 848 2497 ·
884 2467 950 2519 δι’
991 2466 1020 2518 ὃ
1045 2465 1313 2519 λέλεκταιο
1347 2467 1466 2520 ’Ότι
1500 2467 1581 2521 σὺ
1606 2484 1708 2520 κα-

94 2558 702 2629 τακλτιρονομήσεις
722 2559 792 2610 ἐν
815 2555 963 2612 πᾶσι
989 2556 1111 2622 τοῖς
1132 2556 1391 2610 ἔθνεσιν.

889 2670 992 2722 IA'.

190 2763 260 2815 '0
293 2759 509 2831 παρὼν
537 2759 718 2827 λόγος,
753 2758 1053 2822 τελευταῖος
1081 2757 1154 2811 ὢν
1177 2758 1268 2810 τοῦ
1309 2759 1496 2828 Ἀσάφ,
1523 2760 1703 2828 ίκετη-

18 2861 22 2869 ’
109 2853 246 2924 ρίαν
273 2853 546 2922 περιέχει
578 2851 671 2903 καὶ
699 2849 1035 2920 παράκλησιν
1066 2850 1202 2921 ὑπὲρ
1237 2849 1330 2902 τοῦ
1357 2850 1484 2903 λαοῦ
1521 2851 1702 2921 σφόδρ’

14 2929 24 2959 ”
107 2941 473 3004 ἀκολούθως.
521 2941 737 3009 Ἐπειδὴ
785 2940 890 3011 γὰρ
935 2941 991 2992 ὲν
1029 2942 1137 3003 τοῖς
1181 2939 1412 3008 πρώτοις
1455 2939 1703 2992 ἐθέσπισε

31 3039 34 3042 ’
108 3035 208 3105 τὴν
259 3034 522 3104 ἐσχάτην
553 3031 647 3084 τοῦ
679 3031 841 3082 τόπου
881 3029 1208 3099 πολιορκίαν,
1244 3025 1340 3081 εἴτ’
1380 3029 1702 3100 ἀναδραμὼν

19 3116 28 3140 ³
107 3125 188 3194 τῷ
210 3124 415 3193 χρόνῳ
450 3120 712 3189 δευτέραν
733 3118 831 3187 τὴν
859 3118 946 3169 ὑπ’
980 3117 1241 3186 Ἀντιόχου
1271 3117 1562 3188 γενομένην
1584 3117 1702 3170 ἕτα-

23 3203 32 3230 τ
113 3214 228 3279 ξεν,
274 3208 392 3265 εἶτ’
439 3211 535 3262 ἐπὶ
576 3209 776 3276 ταύτης
799 3207 982 3278 τρίτης
1019 3207 1379 3277 ἐμνημόνευσε
1408 3207 1503 3277 τῆς
1533 3222 1699 3277 προα-

20 3315 24 3320 ’
112 3303 338 3373 γούσης
371 3305 491 3364 τοῖς
527 3300 758 3370 χρόνοις,
787 3298 928 3366 λέγω
966 3297 1021 3349 δὲ
1059 3297 1154 3367 τῆς
1201 3297 1335 3349 κατά
1376 3297 1482 3350 τῶν
1515 3299 1701 3349 Ἀσσυο

24 3385 32 3412 ³
119 3393 251 3463 ρίων
283 3393 389 3446 καὶ
414 3389 772 3442 Βαϐυλωνίων
799 3387 970 3458 ἀρχῆς
989 3403 1000 3416 ⁸
1026 3385 1323 3449 ἀκολούθως
1345 3386 1430 3438 διὰ
1451 3385 1553 3439 τῶν
1578 3403 1701 3455 προ-

20 3475 31 3506 ;
115 3485 403 3554 κειμένων
447 3483 635 3551 δέησιν
665 3479 756 3532 καὶ
789 3478 1060 3548 ἱκετηρίαν
1093 3477 1395 3545 ἀναπέμπει
1429 3476 1562 3547 ὑπὲρ
1603 3476 1699 3545 τῆς

24 3587 32 3597 ”
115 3579 227 3638 τοῖς
257 3575 493 3646 χρόνοις
527 3570 749 3642 πρώτης
789 3568 1110 3637 πολιορκίας,
1157 3566 1275 3618 καθ’
1315 3567 1380 3635 ἢν
1414 3568 1609 3628 πάντες
1650 3567 1696 3616 οἱ

24 3677 28 3682 ’
121 3666 404 3735 περίοικοι
453 3663 560 3730 τῆς
598 3661 852 3721 ἰουδαίας
889 3657 1062 3721 δεξιὰς
1102 3658 1210 3718 τοῖς
1243 3655 1537 3726 Ἀσσυρίοις
1578 3657 1695 3708 κατ’

24 3767 28 3774 ‘
119 3755 303 3808 αὐτῶν
349 3752 594 3823 ῶρεξαν.
629 3753 693 3802 '0
716 3750 778 3818 δὴ
816 3747 1064 3818 σημαίνει
1106 3747 1273 3813 λέγων
1307 3762 1320 3775 °
1361 3745 1434 3798 Τὰ
1470 3745 1698 3812 σκηνώ-

112 3861 274 3912 ματα
319 3843 451 3896 τῶν
499 3839 835 3906 Ἰδουμαίων
880 3837 975 3889 καὶ
1020 3839 1072 3888 ol
1112 3834 1480 3903 ’IO’yan.ZTtat,
1524 3836 1701 3889 Μωὰό

119 3935 214 3986 καὶ
243 3938 300 3987 οι
338 3927 677 4000 Ἀγαρηνοὶ,
705 3927 898 3980 Γεϐὰλ
919 3927 1014 3978 καὶ
1051 3925 1268 3993 Ἀμμὼν
1291 3925 1386 3978 καί
1423 3925 1692 3993 Ἄμαλὴκ,

20 4041 24 4046 ’
119 4024 477 4092 ἀλλόφυλοι
523 4019 674 4087 μετὰ
711 4015 826 4068 τῶν
869 4016 1296 4068 κατοικούντων
1337 4015 1538 4082 Τύρον.
1587 4016 1695 4068 Kal

120 4114 228 4181 γὰρ
286 4112 395 4166 καὶ
473 4107 726 4174 Ἀσσοὺρ
775 4104 1247 4174 συμπαρεγένετο
1300 4105 1426 4172 μετ’
1480 4103 1690 4169 αὐτῶν,

22 4197 25 4222 ⁵
118 4202 520 4270 ἐγενήθησαν
572 4199 658 4261 είς
699 4197 1018 4262 ἀντίληψιν
1062 4197 1184 4260 τοῖς
1215 4195 1362 4260 υίοῖς
1405 4195 1551 4248 Λώτ.
1601 4191 1693 4258 Οἷς

122 4294 246 4364 ἑξῆς
273 4297 336 4348 τὸ
367 4287 824 4358 καταληψόμενον
851 4285 1043 4349 αὐτοὺς
1087 4285 1383 4354 ὑπογράφει
1419 4284 1564 4347 τέλος
1590 4285 1691 4353 φά-

123 4404 289 4441 σκων·
341 4389 405 4439 Ὀ
457 4385 606 4446 Θεός
644 4397 781 4450 μου,
824 4378 929 4433 θοῦ
972 4377 1184 4442 αὐτοὺς
1235 4379 1314 4443 ὠς
1352 4377 1580 4445 τροχὸν,
1615 4378 1693 4442 ὡς

1804 1938 1930 2007 quia
1957 1938 2010 1990 in
2043 1937 2292 2006 praesenti
2320 1936 2524 1990 dictum
2554 1943 2640 1990 est
2663 1935 2955 2001 :Quom‘am
2989 1945 3044 1989 tu
3072 1936 3351 1991 Im'redita-

1806 2028 1883 2082 bis
1922 2027 1976 2081 in
2023 2027 2262 2081 omnibus
2303 2025 2573 2095 gentibus;
2622 2033 2922 2095 opportune
2951 2026 3006 2078 in
3049 2026 3353 2098 quadrage-

1805 2118 1942 2172 simo
1988 2131 2153 2182 nono,
2204 2115 2401 2185 Moysis
2454 2115 2522 2170 de
2567 2115 2849 2171 sacriﬁciis
2904 2115 3047 2184 leges
3103 2115 3348 2186 abrogat,

1804 2208 2076 2277 aliumque
2115 2207 2447 2261 rationabilis
2495 2205 2746 2261 sacriﬁcii
2776 2206 2938 2260 ritum
2977 2206 3160 2271 tradit,
3201 2207 3346 2278 quod

1804 2313 1902 2370 per
1931 2306 2102 2352 totum
2141 2297 2326 2352 orbem
2355 2297 2410 2351 in
2438 2296 2691 2352 omnibus
2717 2297 2969 2366 gentibus
2997 2297 3342 2368 persolvitur.

1804 2389 1979 2455 Quare
2007 2388 2209 2443 dictum
2250 2394 2372 2444 est:
2407 2387 2666 2454 Quoniam
2701 2397 2755 2441 tu
2779 2387 3112 2443 hcreditabis
3151 2390 3206 2444 in
3235 2405 3348 2445 om-

1804 2479 1953 2533 nibus
1984 2478 2241 2549 gentibus.

2521 2669 2612 2724 XI.

1873 2760 1972 2816 Hic
1995 2775 2172 2816 sermo
2198 2760 2290 2830 qui
2319 2769 2624 2829 postremus
2655 2759 2855 2829 Asaphi
2875 2761 2921 2794 “
2947 2769 3050 2826 est,
3070 2760 3340 2831 supplica-

1801 2852 2002 2906 tionem
2035 2866 2097 2905 ac
2120 2851 2550 2920 deprecationem
2581 2866 2679 2920 pro
2707 2853 2907 2921 populo
2932 2852 3222 2907 admodum
3249 2868 3352 2923 op-

1801 2948 2032 3011 portune
2060 2940 2452 3009 complectitur.
2480 2939 2614 3006 Quia
2643 2941 2786 2994 enim
2829 2941 2885 2995 in
2913 2941 3104 3010 primis
3132 2949 3345 3010 postre-

1802 3044 1943 3083 mam
1986 3029 2086 3082 loci
2128 3029 2462 3084 obsidionem
2510 3029 2928 3092 vaticinabatur,
2981 3031 3174 3085 deinde
3217 3047 3347 3085 vero

1803 3121 1976 3190 quoad
2017 3128 2227 3190 tempus
2271 3129 2657 3190 retrogressus,
2713 3123 3006 3177 secundam
3049 3125 3229 3193 posuit
3275 3125 3348 3182 ab

1797 3209 2062 3265 Antiocho
2100 3211 2298 3264 illatam
2342 3211 2568 3274 cladem,
2613 3227 2675 3265 ac
2723 3213 2824 3266 sub
2873 3214 2986 3267 haec
3029 3213 3190 3267 tertio
3222 3215 3342 3269 loco

1796 3301 1976 3370 posuit
2032 3315 2148 3352 eam
2200 3315 2319 3368 qua:
2371 3307 2608 3367 tempore
2662 3302 3041 3368 prazcurrebat,
3093 3302 3340 3356 videlicet

1797 3404 1914 3459 quae
1949 3389 2049 3443 sub
2079 3389 2302 3458 imperio
2339 3388 2678 3458 Assyriorum
2713 3397 2765 3442 et
2802 3389 3214 3460 Babyloniorum
3248 3405 3340 3444 ac-

1797 3479 1958 3545 cidit;
1989 3485 2380 3547 conSequentcr
2408 3478 2462 3531 in
2496 3479 2744 3547 prasenti
2776 3481 3220 3548 supplicationem
3251 3481 3336 3535 of-

1796 3567 1918 3629 fert,
1945 3581 2043 3635 pro
2081 3568 2359 3622 obsidione
2383 3582 2502 3637 qua?
2527 3577 2764 3636 tempore
2803 3574 2952 3637 prior
2977 3582 3113 3630 erat.
3148 3571 3200 3624 in
3233 3587 3338 3640 qua

1795 3673 1981 3712 omnes
2019 3648 2458 3712 Judaaze'ﬁnitimi
2489 3658 2738 3712 dexteras
2785 3673 2916 3712 suas
2964 3659 3200 3728 Assyriis
3246 3659 3342 3713 ad-

1793 3765 2006 3803 versum
2042 3749 2163 3803 illos
2191 3758 2560 3817 porrexerunt.
2594 3750 2746 3814 Quod
2774 3750 2860 3804 his
2895 3748 3167 3819 signiﬁcat
3196 3767 3210 3803 :
3240 3749 3338 3804 Τα-

1794 3837 2075 3891 bornacula
2106 3837 2459 3892 lduma’orum
2498 3848 2547 3892 et
2588 3839 2894 3907 Ismaelitaz,
2927 3837 3082 3891 Moab
3117 3847 3166 3893 et
3195 3840 3338 3909 Aga-

1792 3929 1924 3989 reni,
1962 3926 2122 3982 Gebal
2165 3937 2212 3982 et
2244 3930 2466 3981 Ammon
2504 3937 2552 3982 et
2599 3929 2834 3991 Amalec,
2881 3929 3186 3996 alienigena:
3221 3944 3340 3980 cum

1790 4015 2145 4069 habitantibus
2183 4016 2396 4085 Tyrum.
2434 4015 2638 4069 Etenim
2679 4017 2847 4068 Assur
2885 4017 3018 4068 venit
3059 4031 3176 4068 cum
3204 4017 3340 4078 illis,

1791 4103 1921 4172 facti
1963 4113 2084 4157 sunt
2135 4107 2186 4157 in
2229 4102 2551 4172 aa'jutoi'ium
2587 4103 2711 4172 ﬁliis
2744 4101 2863 4156 Lot.
2902 4101 3110 4166 Quibus
3139 4102 3342 4157 deinde

1791 4194 1947 4247 ﬁnem
1981 4209 2086 4263 quo
2130 4195 2429 4265 excipiendi
2477 4201 2604 4248 sunt
2654 4192 2913 4247 describit
2944 4192 3130 4247 dicens
3158 4211 3170 4246 :
3195 4191 3334 4246 Deus

1789 4301 1952 4349 meus,
1981 4301 2112 4353 pone
2149 4285 2267 4338 illos
2314 4295 2370 4337 ut
2404 4294 2594 4345 rotam,
2642 4284 2774 4336 sicut
2807 4280 3053 4349 stipulam
3092 4289 3209 4333 ante
3247 4280 3333 4348 fa-

1789 4375 1915 4426 ciem
1965 4375 2118 4438 uenti,
2161 4375 2294 4427 sicut
2334 4375 2466 4443 ignis
2511 4373 2598 4443 qui
2639 4370 2902 4424 comburet
2947 4369 3155 4433 silvam,
3199 4369 3333 4422 sicut

121 4477 413 4546 καλάμην
454 4469 609 4525 κατὰ
654 4468 972 4537 πρόσωπον
1018 4465 1257 4534 ἀνέμου,
1312 4466 1452 4520 ὡσεὶ
1502 4467 1618 4534 πῦρ
1658 4466 1688 4520 ὃ

1803 4466 2005 4518 flamma
2030 4463 2288 4518 comburet
2330 4474 2547 4530 montes,
2577 4471 2629 4515 et
2669 4461 2894 4529 reliqua.
2925 4457 3060 4513 Cum
3103 4459 3206 4512 huc
3242 4473 3334 4512 au-

120 4565 443 4635 διαφλέεει
489 4560 736 4630 δρυμὸν,
780 4557 918 4610 ὡσεὶ
969 4555 1125 4624 φλὸξ
1173 4557 1524 4610 κατακαύσει
1559 4556 1684 4624 ὅρη,

120 4657 212 4709 καὶ
259 4656 334 4710 τὰ
390 4649 788 4720 ἐπιφερόμενα.
838 4645 1004 4699 Ἔνθα
1052 4644 1329 4715 γενόμενος
1386 4645 1688 4714 ἀναγκαίως

126 4746 510 4818 ἐπιτηρήσεις,
544 4740 618 4802 ὡς
650 4739 781 4790 ὅπου
827 4735 1094 4806 μέμνηται
1138 4733 1230 4786 τοῦ
1272 4735 1518 4807 Ἀσσοὺρ.
1548 4729 1688 4788 οὗτοι

129 4834 182 4887 δὲ
222 4832 370 4908 ἦσαν
403 4833 457 4886 οἱ
500 4827 791 4898 Ἀσσύριοι,
820 4825 913 4878 καὶ
952 4823 1058 4876 τῶν
1099 4821 1492 4894 προλεχθέντων
1524 4823 1688 4880 ἐθνῶν

132 4925 225 4994 τὴν
264 4925 389 4979 κατ’
433 4919 614 4974 αὐτῶν
658 4919 885 4969 ποιεῖται
915 4914 1112 4984 δέησιν,
1157 4913 1247 4965 καὶ
1278 4913 1372 4983 τὴν
1399 4930 1690 4984 καταστρο-

135 5018 236 5086 φὴν
264 5014 453 5070 αὐτῶν
486 5009 612 5078 ἑξῆς
652 5005 921 5069 Θεσπίζει·
959 5003 1049 5056 καὶ
1089 5005 1145 5055 ἐν
1181 5002 1257 5072 τῷ
1286 5001 1362 5072 οη⁹
1388 5004 1602 5074 ὁμοίως,
1631 5004 1688 5056 ἐν

137 5099 180 5171 ᾧ
203 5107 268 5160 τὰ
289 5104 436 5160 κατὰ
469 5099 734 5167 ’Δντίοχον
766 5093 1147 5167 προανεφώνει,
1169 5093 1226 5155 ὃς
1257 5091 1576 5164 Ἐλληνίζειν
1596 5095 1688 5146 καὶ

140 5196 502 5267 παραϐαίνειν
528 5189 597 5244 τὰ
620 5190 820 5257 πάτρια
848 5183 1149 5254 ἠνάγκαζεν
1184 5184 1477 5248 Ἰουδαίους.
1524 5184 1686 5236 Πάλιν

142 5286 242 5356 γὰρ
274 5286 444 5338 κάκεῖ
469 5282 566 5351 τὴν
600 5276 986 5345 καταστροφὴν
1023 5273 1129 5325 τῶν
1164 5273 1428 5343 πολεμίων
1464 5273 1690 5344 προῦλε-

143 5391 249 5440 γεν.
281 5375 478 5430 Οὐκέτι
510 5371 569 5425 δὲ
597 5369 693 5421 καὶ
733 5368 791 5418 ὲν
827 5367 902 5436 τῷ
937 5372 1033 5432 ογ’,
1064 5363 1183 5416 καθ’
1208 5365 1264 5417 ὃν
1297 5366 1329 5435 ἡ
1363 5363 1560 5433 ὲσχάτη
1596 5366 1690 5416 αὐ-

143 5464 242 5516 τῶν
264 5465 517 5536 ἐδηλοῦτο
545 5455 812 5524 ἀποϐολή.

203 5550 357 5610 οὗτοι
390 5557 490 5628 μὲν
519 5547 615 5606 οὖν
648 5550 697 5600 οἱ
733 5548 1055 5616 συνημμένοι
1089 5547 1179 5597 τοῦ
1217 5547 1381 5599 ’Δσάιο
1415 5551 1501 5597 ια’.
1545 5545 1600 5595 ’0
1629 5545 1682 5597 δὲ

178 5707 220 5736 ⁹⁰
260 5710 407 5767 Psal.
451 5715 606 5763 nux,
637 5697 691 5748 1.
775 5696 815 5726 ’⁸
848 5695 973 5750 ibid.
999 5699 1040 5730 "
1076 5696 1203 5751 ibid.
1227 5698 1276 5752 3.

1783 4562 1900 4630 'tem
1927 4554 2207 4609 deveneris
2248 4554 2494 4616 observa,
2527 4566 2730 4621 quaso,
2765 4565 2885 4605 eum
2915 4550 3006 4604 ubi
3049 4550 3194 4606 illius
3229 4550 3333 4605 As-

1795 4662 1890 4701 sur
1932 4645 2175 4702 meminit
2203 4645 2383 4714 (erant
2413 4649 2590 4696 autem
2619 4641 2656 4694 ii
2677 4639 2930 4710 Assyrii),
2965 4655 3174 4696 necnon
3196 4655 3331 4712 prte-

1792 4737 2058 4790 dictarum
2111 4735 2384 4805 gentium,
2434 4729 2874 4801 supplicationem
2935 4730 3194 4788 adversus
3237 4747 3332 4786 eos

1792 4829 2057 4892 emittere,
2085 4841 2149 4880 ac
2169 4825 2361 4880 exinde
2388 4821 2682 4878 infaustum
2711 4819 3023 4875 eorumdem
3055 4821 3212 4876 ﬁnem
3239 4836 3330 4876 va-

1792 4917 2007 4970 ticinari
2041 4935 2054 4969 :
2081 4914 2224 4984 quod
2247 4913 2432 4967 itidem
2467 4911 2521 4964 in
2553 4925 2758 4964 Lxxvm
2789 4910 3055 4979 pra-stitit,
3081 4910 3176 4963 ubi
3204 4909 3329 4964 item

1791 5021 1910 5076 qua!
1945 5005 2192 5060 Antiochi
2221 5014 2456 5073 tempore
2499 5001 2814 5054 acciderunt
2852 5000 3199 5068 praenuntiat,
3236 5000 3328 5070 qui

1791 5093 2003 5149 Iudaeos
2031 5091 2286 5163 compulit
2321 5098 2381 5143 ut
2409 5087 2714 5142 Graecorum
2743 5087 2903 5139 ritum
2943 5087 3319 5150 observarent,

1792 5191 2146 5254 paternasque
2171 5183 2314 5250 leges
2333 5176 2856 5245 transgrederentur.
2891 5174 3024 5228 Nam
3056 5176 3167 5228 illic
3191 5191 3328 5246 quo-

1792 5290 1894 5344 que
1930 5272 2198 5328 infelicem
2238 5269 2574 5324 inimicorum
2617 5267 2770 5318 ﬁnem
2804 5265 3071 5334 praedixit.
3107 5263 3177 5317 At
3222 5281 3328 5319 non

1791 5365 1844 5418 in
1875 5379 2069 5427 uxm,
2123 5359 2212 5416 ubi
2251 5366 2517 5430 postrema
2547 5353 2854 5410 Iudaeorum
2888 5355 3118 5423 abjectio
3144 5353 3326 5408 decla-

1793 5465 1960 5508 ratur.

1861 5546 1920 5598 lli
1978 5544 2138 5613 igitur
2183 5539 2379 5609 Asaphi
2435 5551 2659 5591 numero
2721 5534 2992 5600 undecim,
3051 5534 3325 5604 conjuncti

1380 5697 1424 5732 ⁸³
1454 5693 1594 5748 Psal.
1626 5709 1828 5758 Luxu,
1858 5695 1909 5748 l.
