3796 6366
590 317 694 375 835

1261 271 1510 372 EUSEBII
1549 311 2011 370 CESARIENSIS
2048 312 2194 368 OPP.
2235 310 2411 364 PARS
2448 309 2534 372 Ill.
2573 338 2642 350 —
2678 306 3087 363 EXEGETICA.
3618 316 3670 369 83

590 438 737 487 sunt.
771 429 1128 487 Duodecimus
1160 442 1283 481 vero
1311 433 1432 478 ante
1466 425 1728 494 psalmum
1763 439 1794 476 ι.
1819 426 2110 480 collocatus

2215 425 2280 476 t6'
2303 423 2408 492 πρὸ
2429 421 2520 474 τοῦ
2548 419 2808 490 ν’ψαλμοῠ
2823 418 3220 471 κατατέτακται
3249 418 3312 470 δι’
3336 419 3394 489 ἢν
3423 420 3670 480 ἀποδεδὼκε

591 527 693 584 est,
725 520 795 572 ob
819 531 1034 572 causam
1072 529 1230 582 quam
1263 513 1410 565 illum
1439 513 1766 580 explicantes
1813 512 2113 565 attulimus.

591 607 787 662 Verum
813 617 934 674 post
963 605 1062 657 hoc
1093 601 1485 670 compendium,
1519 601 1751 668 primum
1793 610 2114 670 repetentes,

589 699 706 766 ejus
737 693 1050 749 sententiam
1075 691 1374 744 minutatim
1404 689 1821 758 explorabimus.

875 803 927 855 ιε
970 800 1286 855 PSALMUS
1323 799 1562 855 ASAPH.
1602 801 1808 856 LXXII.

664 894 817 948 Vsus.
852 893 962 946 1-5.
1006 893 1175 957 Quam
1208 892 1369 944 bomts
1403 892 1573 945 Israel
1602 891 1739 945 Deus
1780 892 1843 944 iis
1873 893 1960 960 qui
1991 892 2116 944 recti

587 994 704 1037 sunt
727 983 913 1036 corde!
940 981 1116 1035 Tertia
1151 995 1276 1050 pars
1302 981 1422 1035 libri
1451 981 1781 1035 Psalmorum
1815 996 1843 1033 a
1874 983 2117 1048 praesenti

586 1073 789 1141 incipit,
821 1080 874 1126 et
901 1072 955 1124 in
985 1086 1218 1124 Lxxxvm
1251 1071 1468 1134 desinit,
1504 1071 1576 1122 ita
1621 1079 1680 1124 ut
1713 1071 1948 1138 psalmos
1979 1085 2118 1123 com-

584 1161 849 1231 plectatur
901 1160 1305 1228 septemdecim,
1351 1175 1578 1227 quorum
1630 1160 1878 1213 undecim
1927 1175 2117 1212 conse-

584 1258 810 1320 quenter
840 1251 1009 1319 ipsius
1031 1251 1207 1318 Asaph
1239 1258 1364 1304 sunt
1390 1269 1402 1303 :
1431 1251 1552 1302 hinc
1575 1249 1801 1302 ﬁliorum
1827 1251 1961 1302 Core
1985 1265 2118 1316 qua-

585 1348 730 1404 tuor,
756 1340 971 1395 Davidis
1010 1357 1169 1402 unus,
1216 1352 1623 1408 postremusque
1671 1339 1908 1392 omnium
1946 1338 2117 1390 Etliau

585 1430 866 1486 Esdraitae.
899 1429 997 1483 Hie
1014 1446 1139 1484 vero
1166 1445 1323 1498 quem
1353 1437 1647 1482 tractamus
1672 1427 1868 1495 Asaphi
1897 1435 2000 1489 est,
2026 1427 2117 1494 qui

585 1521 844 1588 propheta
887 1518 1070 1572 Davidi
1109 1526 1411 1572 coactaneus
1459 1526 1575 1571 erat
1609 1534 1622 1569 :
1652 1516 1994 1584 Psalmusque
2036 1515 2118 1566 in-

587 1607 876 1672 scribitur;
929 1607 1055 1675 quia
1099 1607 1164 1660 ad
1203 1607 1402 1660 calcem
1457 1621 1577 1658 cum
1625 1606 1908 1674 impiorum
1944 1602 2120 1656 infau-

588 1707 726 1752 stum
751 1697 972 1758 exitum,
1011 1703 1124 1748 tum
1154 1697 1362 1764 piorum
1389 1695 1443 1748 in
1468 1693 1576 1748 Deo
1613 1693 1947 1746 reconditum
1977 1693 2117 1760 Opti-

587 1801 730 1839 mum
771 1785 926 1838 linem
958 1785 1349 1854 complectitur.
1384 1785 1512 1849 Qua:
1539 1784 1623 1836 his
1663 1783 1940 1837 declarat:
1978 1783 2114 1847 Quia

585 1890 697 1927 ecce
730 1875 816 1942 qui
838 1873 1076 1941 elongant
1106 1889 1159 1925 se
1201 1889 1229 1924 a
1265 1881 1312 1924 te
1338 1871 1594 1935 peribunt,
1633 1869 1903 1937 perdidisti
1943 1887 2114 1924 omnes

584 1963 674 2032 qui
692 1963 1015 2030 fornicamur
1039 1961 1128 2014 abs
1155 1971 1220 2014 te.
1249 1961 1380 2013 Mihi
1412 1971 1581 2013 autem
1605 1961 1866 2013 adhaerere
1892 1960 1996 2012 Deo
2027 1959 2116 2012 bo-

585 2068 708 2105 num
747 2061 840 2105 est.
887 2052 989 2104 luit
1038 2059 1216 2104 autem
1256 2066 1286 2103 a
1327 2050 1588 2104 doctrinm
1624 2051 1920 2118 praeceptis,
1965 2050 2116 2117 queis

584 2142 871 2210 impiorum
902 2142 967 2195 ad
1002 2142 1268 2211 quoddam
1300 2151 1508 2211 tempus
1537 2140 1824 2195 'felicitatis
1852 2143 2115 2194 rationem

584 2231 738 2286 all'ert
767 2251 780 2285 :
813 2232 1036 2300 hujusce
1075 2233 1271 2300 quippe
1313 2232 1389 2284 rei
1433 2246 1651 2288 causam
1679 2246 1796 2286 esse
1843 2233 1939 2294 ait,
1973 2231 2114 2299 quod

582 2321 726 2376 Deus
771 2321 944 2376 bonus
1007 2320 1322 2390 patiensque
1370 2321 1459 2374 sit.
1506 2320 1741 2389 ldipsum
1790 2335 1918 2375 sane
1963 2321 2116 2374 docet

583 2410 799 2464 divinus
822 2409 1108 2478 Apostolus
1137 2408 1323 2463 dicens
1355 2428 1366 2462 :
1399 2410 1480 2462 An
1497 2409 1706 2462 divitias
1739 2407 1981 2462 bonitatis
2003 2409 2114 2476 ejus

583 2511 628 2552 et
662 2498 1071 2567 longanimitatis
1101 2499 1402 2562 contemnis,
1435 2499 1679 2567 ignorans
1717 2504 1850 2567 quod
1891 2487 2112 2554 clemen-

587 2593 659 2644 tia
696 2591 788 2645 Dei
830 2591 896 2643 ad
947 2592 1295 2658 paenitentiam
1333 2600 1379 2644 te
1423 2589 1632 2643 adducit
1651 2592 1735 2643 "‘2
1786 2600 1839 2644 et
1881 2592 2009 2645 alibi
2041 2591 2118 2644 di-

584 2693 727 2736 ctum
758 2689 840 2736 est
865 2701 878 2736 :
911 2682 1048 2735 Deus
1067 2681 1230 2749 judex
1251 2682 1450 2749 justus,
1478 2681 1640 2734 bonus
1665 2691 1711 2734 et
1738 2682 1959 2746 patiens,
1984 2698 2116 2734 nun-

583 2769 708 2840 quid
745 2771 992 2823 irascitur
1038 2785 1128 2837 per
1173 2771 1404 2839 singulos
1446 2770 1553 2823 dies
1576 2771 1658 2822 "‘2
1698 2769 1891 2839 Utpote
1941 2771 2115 2826 bonus

585 2863 766 2932 igitur,
801 2862 973 2916 Solem
1010 2879 1161 2916 suum
1198 2863 1327 2914 oriri
1351 2861 1477 2929 facit
1504 2877 1654 2928 super
1683 2862 1856 2929 justas
1889 2871 1937 2915 et
1977 2864 2117 2930 inju-

583 2961 711 3016 stas,
733 2961 782 3006 et
807 2953 937 3019 pluit
963 2967 1112 3018 super
1140 2954 1304 3004 matus
1334 2961 1381 3004 et
1409 2951 1565 3004 bonos
1586 2953 1651 3005 ⁸⁸.
1679 2950 1830 3005 Unde
1863 2949 2116 3005 Servator

2219 530 2315 581 μεν
2345 511 2523 563 αἰτίαν
2545 512 2668 573 τοὺς
2689 511 2890 572 τόπους
2911 509 3272 579 διηγούμενοι.
3314 511 3458 562 Ἀλλὰ
3477 514 3567 583 γὰρ
3597 535 3669 583 μετ

2215 605 2311 674 τὴν
2328 603 2529 654 τούτων
2551 602 2812 670 ἐπιτομὴν
2829 601 2894 671 φέ
2902 603 2949 670 ρ’
2965 601 3378 664 ἐπαναλαϐόντες
3408 603 3500 654 τὸν
3520 611 3669 674 πρῶτοι

2215 695 2310 764 τὴν
2355 693 2495 745 κατὰ
2529 693 2690 762 μέρος
2721 691 2887 742 αὐτοῦ
2920 691 3158 742 διάνοιαν
3200 689 3628 761 ὲπιθεωρήσωμεν,

2605 805 2895 856 ΨΑΛΜΟΣ
2929 802 3014 871 Τῼ
3047 802 3236 852 ΑΣᾹΦ.
3262 802 3388 868 ,ΟΒἏ

2297 897 2390 960 Ὠς
2425 893 2642 962 ἀγαθὸς
2673 893 2752 956 τῷ
2786 892 3024 960 Ἰσραὴλ
3073 895 3104 943 ὁ
3129 890 3287 955 Θεὸς,
3313 891 3427 954 τοῖς
3456 893 3619 944 εὑθέσι
3647 915 3669 947 τὴ

2217 987 2426 1054 καρδίᾳ
2447 986 2466 1036 .'
2498 985 2569 1036 Τὸ
2617 985 2795 1054 τρίτον
2850 983 3015 1052 μέρος
3049 983 3147 1050 τῆς
3198 982 3368 1050 βίϐλου
3405 983 3500 1034 τῶν
3522 985 3668 1053 Ψαλμὰ

2217 1077 2437 1146 ἄρχεται
2467 1076 2562 1144 μὲν
2587 1075 2693 1126 ἀπὸ
2717 1074 2810 1126 τοῦ
2855 1073 3139 1142 παρόντος,
3170 1072 3469 1140 περαιοῦται
3490 1074 3536 1124 δὲ
3557 1078 3614 1136 εἰς
3634 1077 3669 1127 τὸ

2219 1172 2327 1234 πηρ,
2379 1166 2453 1226 ὼς
2496 1167 2622 1225 τοὺς
2657 1165 2865 1225 πάντας
2917 1163 3190 1232 περιέχειν
3229 1162 3458 1229 ψαλμοὺς
3493 1163 3599 1213 ἑπτὰ
3631 1182 3670 1215 κα

2215 1256 2342 1307 δέκα
2365 1270 2378 1282 °
2411 1251 2484 1307 ὧν
2515 1254 2710 1323 ἐφεξῆς
2743 1261 2808 1304 ια’
2833 1254 3160 1320 τυγχάνουσι
3185 1252 3276 1303 τοῦ
3308 1251 3464 1318 Ἀσάφ
3483 1269 3494 1282 ·
3515 1249 3604 1304 εἶτα
3622 1256 3668 1306 τῶ

2219 1346 2347 1395 υἱῶν
2405 1344 2548 1412 Κορὲ
2591 1344 2653 1404 δ’,
2707 1341 2931 1394 καὶτοῦ
2990 1340 3151 1390 Δαυῖδ
3201 1335 3297 1400 εἷς,
3351 1341 3436 1392 καὶ
3490 1341 3669 1394 Δίθὰντο·

2229 1435 2537 1504 Ἐσδραίτου
2584 1433 2913 1493 τελευταῖος.
2955 1432 3014 1482 '0
3062 1431 3239 1499 μέντοι
3281 1431 3409 1499 μετὰ
3450 1434 3598 1499 χεῖρας
3628 1435 3669 1483 τςὲ

2229 1524 2397 1591 Ἀσάφ
2422 1524 2725 1596 (προφήτης
2743 1524 2798 1574 δὲ
2819 1519 2887 1592 ἦν
2913 1517 3067 1582 οὗτος
3091 1521 3432 1589 συγχρονίσας
3452 1520 3517 1588 τῷ
3551 1524 3663 1571 Δαυῗέ

2221 1612 2466 1680 Ψαλμὸς
2508 1614 2604 1681 μὲν
2633 1612 3066 1681 ἐπιγέγραπται,
3091 1610 3178 1661 διὰ
3201 1610 3258 1661 τὺ
3287 1611 3527 1678 περιέχειν
3551 1611 3669 1662 initi-

2216 1699 2294 1751 λει
2323 1700 2431 1750 τῶν
2471 1700 2642 1766 λόγων
2687 1699 2800 1750 τῶν
2846 1698 2946 1766 μὲν
2988 1697 3198 1748 ἀσεϐῶν
3243 1697 3337 1765 τὴν
3381 1701 3665 1766 καταστροφὴν

2213 1787 2320 1840 τῶν
2345 1789 2388 1840 δ’
2420 1788 2655 1839 εὐσεϐῶν
2683 1787 2744 1839 τὸ
2778 1785 2934 1856 παρὰ
2957 1786 3036 1854 τῷ
3058 1785 3176 1854 Θεῷ
3207 1786 3580 1854 τεταμιευμένον
3599 1789 3670 1851 ἀγα·

2216 1875 2303 1927 om
2336 1875 2484 1936 τέλος
2506 1893 2518 1905 ο
2559 1874 2595 1926 ἃ
2639 1873 2703 1943 δὴ
2757 1875 3002 1943 παρίστη
3033 1874 3232 1940 λέγων’
3267 1875 3379 1924 ’Ότι
3422 1873 3528 1926 ίδοὺ
3558 1879 3596 1925 οἱ
3619 1894 3666 1939 μα

2214 1965 2530 2030 κρύνοντες
2561 1963 2819 2028 ἑαυτοὺς
2856 1963 2977 2015 ἀπὸ
3020 1963 3135 2016 σοῦ
3161 1963 3515 2024 ἀπολοῦνται,
3535 1965 3670 2025 ἐξωλί-

2215 2055 2471 2118 θρευσας
2511 2052 2708 2106 πάντα
2757 2052 2867 2104 τὸν
2904 2053 3272 2117 ,πορνεύοντα
3303 2052 3410 2103 ἀπὸ
3444 2053 3554 2104 σοῦ.
3583 2055 3670 2118 Ἐμεὶ

2213 2142 2279 2193 δὲ
2301 2142 2364 2194 τὸ
2399 2140 2902 2208 προσκολλᾶσθαι
2935 2140 3015 2205 τῷ
3048 2139 3168 2204 Θεῷ
3194 2141 3404 2210 ἀγαθόν
3423 2141 3588 2192 ἐστιν·
3615 2143 3670 2206 ἆρ-

2213 2250 2364 2302 χεται
2392 2234 2434 2285 δ’
2481 2233 2588 2284 ἀπὸ
2631 2232 2979 2300 δογματικῆς
3019 2231 3375 2295 διδασκαλίας,
3401 2231 3460 2282 δι’
3493 2227 3548 2300 ἧς
3566 2230 3669 2282 αἰτίαν

2213 2323 2495 2374 ἀποδίδωσι
2533 2323 2634 2391 τῆς
2675 2322 2788 2374 τῶν
2821 2321 3036 2374 ἀσεϐῶν
3084 2323 3222 2373 κατὰ
3262 2337 3401 2382 τινας
3433 2321 3603 2388 καιροὺς
3622 2321 3669 2368 εὑ-

2215 2412 2473 2480 πραγίας·
2507 2413 2566 2464 τὸ
2601 2412 2712 2481 γὰρ
2745 2412 2954 2479 ἀγαθὸν
2996 2409 3134 2463 εἶναι
3175 2411 3265 2464 xui.
3308 2409 3596 2480 μακρόουμον
3621 2409 3669 2456 τὴν

2212 2501 2360 2563 Θεὸν,
2397 2501 2550 2553 τοῦτό
2595 2520 2763 2572 φησιν
2799 2503 3066 2572 ὑπάρχειν
3112 2503 3293 2554 αἴτιον.
3329 2503 3387 2552 Ὀ
3428 2500 3481 2569 δὴ
3517 2499 3670 2550 διδάςκέι

2214 2592 2303 2644 καὶ
2328 2594 2355 2642 ὁ
2389 2592 2527 2652 θεῖος
2571 2589 2898 2650 ’Λπόστολος
2924 2590 3098 2656 λέγων
3121 2605 3134 2619 ⁸
3169 2591 3235 2642 Ἦ
3258 2588 3350 2640 τοῦ
3387 2588 3594 2639 πλούτου
3611 2583 3670 2648 τῆς

2211 2683 2614 2746 χρηστότητος
2643 2677 2840 2732 αὑτοῦ
2887 2676 2986 2728 καὶ
3029 2675 3138 2743 τῆς
3177 2675 3538 2743 μακροθυμίας
3567 2687 3670 2722 κατα·

2212 2768 2462 2836 φρονεῖς,
2502 2767 2760 2836 ἀγνοῶν,
2807 2769 2899 2820 ἔτι
2934 2768 3000 2820 τὸ
3052 2768 3316 2836 χρηστὸν
3352 2765 3445 2818 τοῦ
3489 2762 3598 2815 Θεοῦ
3623 2764 3670 2822 εἰς

2207 2855 2520 2924 μετάνοιάν
2557 2871 2628 2908 σε
2671 2857 2837 2924 ἄγεις
2907 2859 3002 2909 xui
3048 2857 3274 2926 ἀλλαχοῦ
3323 2859 3374 2908 δε
3421 2853 3608 2924 εἴρηται·
3638 2852 3670 2898 'U

2216 2948 2356 3010 Θεὸς
2389 2945 2590 3014 κριτὴς
2625 2945 2865 3010 δίκαιος
2909 2948 3006 2999 καὶ
3034 2949 3244 3016 ἀγαθὸς
3279 2947 3364 2998 καὶ
3398 2945 3670 3012 μακρόέιγιειζ

585 3042 723 3096 hanc
771 3042 1090 3097 sententiam
1131 3040 1197 3094 de
1241 3039 1398 3094 Patre
1444 3040 1665 3110 protulit
1702 3059 1715 3094 :
1751 3039 1916 3092 Nemo
1951 3039 2111 3092 bonus

2213 3032 2291 3100 μὴ
2322 3031 2502 3100 ὀργὴν
2535 3032 2779 3101 ἐπάγων
2812 3036 2942 3088 καθ’
2969 3035 3233 3100 ἑκάστην
3250 3033 3456 3102 ἡμέραν
3512 3030 3574 3088 Ὠς
3590 3030 3670 3093 ἀττ-

583 3132 685 3186 nisi
718 3149 848 3186 unus
884 3131 1018 3186 Deus
1048 3131 1110 3187 ’⁷.
1161 3129 1314 3196 Quod
1363 3130 1409 3184 si
1449 3129 1515 3183 de
1556 3127 1692 3182 Filio
1739 3129 2108 3198 perquisieris,

581 3217 882 3286 comperies
915 3231 1020 3286 qua
1049 3217 1259 3270 ratione
1287 3225 1339 3270 et
1368 3217 1481 3285 ipse
1510 3217 1684 3270 bonus
1716 3216 1818 3280 sit;
1851 3217 1977 3285 quia
2007 3217 2114 3270 sci-

583 3303 707 3356 licet
743 3304 994 3372 splendor
1033 3311 1114 3358 est
1155 3303 1292 3357 lucis
1341 3303 1698 3372 sempiternae,
1746 3312 1798 3356 et
1837 3304 2112 3371 speculum

583 3393 702 3447 sine
741 3394 950 3446 macula
979 3402 1214 3463 paternae
1263 3392 1500 3456 virtutis,
1546 3400 1600 3448 et
1632 3393 1805 3461 imago
1856 3393 2112 3446 bonitatis

583 3483 729 3537 illius
749 3484 814 3537 ⁸⁸.
844 3482 987 3538 Talis
1023 3484 1204 3551 itaque
1246 3482 1386 3536 Deus
1417 3491 1528 3548 est;
1562 3483 1655 3537 sed
1694 3483 1822 3536 illud
1855 3497 1963 3536 non
1997 3497 2111 3536 om-

581 3574 743 3628 nibus
774 3581 992 3637 notum;
1024 3587 1208 3627 verum
1234 3573 1333 3626 soli
1362 3571 1563 3634 lsraeli,
1606 3573 1721 3626 viro
1751 3573 1954 3626 scilicet
1986 3587 2110 3640 per-

583 3661 785 3728 spicaci
823 3668 876 3713 et
925 3659 1322 3714 internoscendi
1365 3663 1416 3712 vi
1455 3661 1697 3729 praedito,
1746 3662 1957 3729 qualem
2011 3662 2112 3716 sub

583 3750 697 3803 haec
722 3749 956 3802 declarat
985 3749 1069 3802 his
1104 3750 1302 3813 verbis,
1342 3751 1492 3803 rectis
1520 3751 1688 3804 corde.
1740 3751 1841 3815 Qui
1872 3752 2012 3805 enim
2057 3752 2112 3806 in

584 3841 763 3890 mente
800 3837 932 3889 nihil
959 3842 1260 3889 tortuosum
1291 3835 1482 3897 habet,
1525 3837 1617 3890 sed
1643 3846 1787 3889 recta
1816 3845 1868 3889 et
1903 3837 2112 3890 sincera

581 3924 904 3994 cogitatione
963 3923 1309 3992 providentiae
1365 3923 1626 3976 rationem
1677 3927 2108 3994 contemplatur,

584 4015 699 4084 ipse
749 4016 954 4069 scilicet
1005 4014 1167 4069 lsrael
1214 4013 1395 4076 fuerit,
1437 4014 1525 4066 cui
1566 4012 1707 4066 Deus
1762 4016 1934 4068 bonus
1991 4030 2112 4070 esse

581 4106 940 4173 cognoscitur,
991 4105 1117 4173 quia
1161 4107 1228 4158 ob
1282 4103 1533 4157 bonitatis
1581 4103 1947 4157 excellentiam
1997 4119 2112 4158 om-

582 4210 677 4248 nes
728 4196 940 4249 tolerat.
1011 4193 1112 4250 Sed
1175 4193 1313 4248 Deus
1363 4191 1576 4260 quidem
1637 4191 1944 4258 hujusrnodi
2004 4205 2104 4246 est.

582 4283 691 4353 Ego
757 4299 884 4339 vero
943 4285 1101 4338 homo
1166 4285 1258 4354 qui
1327 4282 1537 4337 veritati
1610 4282 1841 4346 studeo,
1917 4283 2108 4338 mentis

2214 3121 2301 3184 Θὸς
2356 3120 2483 3187 γοῦν
2525 3121 2853 3175 ἀνατέλλει
2906 3124 3015 3175 τὸν
3068 3124 3240 3190 ἣλιον
3283 3122 3448 3174 αὑτοῦ
3501 3119 3571 3170 ἐπὶ
3621 3115 3670 3165 δι’

2213 3213 2414 3272 καίους
2463 3208 2559 3260 καὶ
2610 3209 2888 3275 ἀδίκους,
2945 3212 3044 3263 καὶ
3078 3211 3279 3278 βρέχει
3335 3210 3418 3262 ἐπὶ
3463 3205 3666 3270 uomuit.

2213 3298 2306 3349 καὶ
2355 3299 2630 3366 ἀγαθούς.
2672 3301 2868 3353 Ἔνθεν
2902 3302 2996 3353 xui
3046 3303 3073 3352 ὁ
3119 3301 3301 3370 Σωτὴρ
3343 3301 3450 3368 ὅρον
3491 3296 3584 3363 περὶ
3614 3292 3667 3342 τοῦ

2217 3389 2423 3457 Πατρὸς
2456 3387 2751 3456 ἐξήνεγκεν
2791 3388 2992 3441 εἰπών’
3034 3390 3237 3453 Οὐδεὶς
3265 3389 3460 3456 ἀγαθὸς
3481 3389 3524 3437 εἰ
3547 3375 3667 3450 (viui:

2213 3481 2244 3530 ό
2282 3479 2443 3541 Θεός.
2475 3477 2592 3528 ΚΞιν
2626 3477 2899 3550 ἐξετάζῃς
2931 3480 3059 3549 περὶ
3088 3480 3180 3531 τοῦ
3205 3479 3348 3541 Υἱοῦ,
3379 3477 3555 3547 μαθήσῃ
3579 3475 3667 3523 ὅπως

2212 3570 2326 3620 ἐστὶ
2373 3569 2464 3620 xui.
2509 3568 2674 3631 αὐτὸς
2714 3571 2953 3637 ἀγαθός·
3010 3572 3237 3638 ἐπείπερ
3276 3565 3563 3633 ἁπαύγαςμά
3599 3565 3662 3612 ἐπι

2213 3660 2384 3728 φωτὸς
2413 3659 2579 3712 ἀϊδίου
2615 3661 2713 3713 xui.
2747 3661 3015 3731 ἔσοπτρον
3047 3661 3362 3730 ἀκήλίὸωτον
3398 3657 3483 3725 τῆς
3509 3652 3661 3706 10-311:-

2210 3749 2334 3818 τρὸς
2380 3748 2680 3817 ἐνεργείας,
2729 3752 2826 3802 καὶ
2867 3751 3028 3802 εἰκὼν
3065 3751 3164 3819 τῆς
3217 3749 3513 3816 ἁγαοότητος
3546 3739 3657 3795 αὑτοῦ.

2211 3838 2455 3900 Τοιοῦτος
2489 3839 2584 3908 μὲν
2627 3835 2723 3891 οὖν
2771 3844 2798 3892 ὁ
2827 3841 2961 3902 Θεὸς
2995 3841 3256 3908 πέφυκεν·
3305 3839 3528 3906 ἔγνωσται
3563 3831 3599 3882 δὲ
3627 3829 3658 3876 εἰ

2211 3931 2390 3992 πᾶσιν,
2420 3929 2554 3981 ἀλλὰ
2586 3932 2735 4000 μόνῳ
2759 3931 2838 4000 τῷ
2871 3933 3108 4002 Ἰσραὴλ,
3149 3931 3223 4000 τῷ
3259 3926 3512 4000 διορατικῴ
3535 3919 3658 3987 δηλαδῇ

2210 4020 2300 4070 xui.
2331 4017 2613 4086 γνωστικῷ
2641 4019 2818 4088 ἀνδρὶ,
2846 4021 2904 4072 ὃν
2937 4021 3001 4090 δή
3034 4019 3315 4088 παρίστησι
3341 4017 3568 4068 συνάπτων
3586 4006 3659 4071 έῇἱ

2210 4109 2301 4159 καὶ
2332 4107 2520 4174 λέγων,
2565 4109 2693 4174 τοῖς
2737 4111 2941 4164 εὺθὲσι
2987 4110 3060 4177 τῇ
3095 4109 3313 4176 καρδίᾳ.
3354 4108 3403 4158 '0
3436 4103 3522 4172 γὰρ
3559 4096 3657 4166 μηδὲν

2212 4198 2417 4250 σκολιὸν
2460 4200 2800 4269 κεκτημένος
2846 4203 2904 4254 ὲν
2946 4204 3012 4271 τῇ
3057 4199 3243 4252 ἑαυτοῦ
3282 4198 3432 4266 ψυχῇ,
3474 4186 3657 4256 λογισμοῖς

2209 4287 2263 4338 δὲ
2292 4287 2466 4357 ὀρθοῖς
2494 4289 2806 4341 ἐπιϐάλλων
2831 4294 2945 4351 τοῖς
2968 4294 3064 4359 τῆς
3095 4289 3334 4359 προνοίας
3364 4287 3528 4351 λόγοις,
3555 4273 3652 4328 αὐτὸς

583 4388 713 4427 mete
772 4375 1112 4429 stoliditatem
1171 4388 1382 4428 enarro.
1431 4371 1638 4425 Etenim
1688 4372 1934 4426 ﬁrmitate
1991 4387 2107 4426 mea

2213 4375 2273 4426 ἂν
2303 4376 2382 4444 εἴη
2417 4378 2444 4426 ὁ
2490 4376 2730 4447 Ἰσραὴλ,
2757 4372 2802 4446 ᾧ
2841 4381 2933 4431 καὶ
2963 4379 3218 4447 ἔγνωσται
3247 4375 3427 4444 ἀγαθὸς
3453 4371 3513 4422 ὣν
3539 4360 3654 4417 ὁθεδς

580 4472 634 4516 et
683 4479 910 4532 gressu,
955 4465 1068 4519 sive
1110 4472 1167 4516 ut
1218 4463 1578 4530 metaphorice
1627 4461 1854 4529 loquar,
1918 4463 2106 4515 anima:

581 4552 806 4622 pedibus
863 4566 916 4608 et
971 4554 1159 4607 fulcris
1223 4560 1520 4606 commotus
1577 4565 1711 4620 pene
1779 4560 1832 4605 et
1887 4567 2106 4606 eversus

581 4658 699 4697 sum
748 4657 778 4695 a
827 4658 920 4711 spe
957 4658 1074 4696 mea
1114 4643 1167 4697 iu
1208 4642 1314 4697 Deo
1356 4643 1624 4712 reposita;
1667 4643 1828 4711 idque
1877 4643 1946 4696 ob
1988 4659 2106 4710 pro-

579 4748 767 4801 speras
794 4732 1070 4786 atheorum
1100 4733 1487 4803 impiorumque
1534 4747 1640 4786 res.
1675 4731 1872 4786 Verum
1903 4732 1953 4786 id
1985 4733 2104 4800 qui-

578 4822 700 4876 dem
725 4837 860 4891 pene
885 4837 1168 4892 perpessus
1198 4839 1345 4889 sum;
1381 4833 1434 4876 at
1467 4823 1558 4878 Dei
1599 4823 1769 4893 gratia
1801 4838 2103 4876 concussus

582 4923 690 4962 non
721 4909 837 4976 fui;
867 4925 1038 4979 neque
1065 4925 1098 4964 a
1123 4911 1213 4964 tali
1247 4913 1566 4982 cogitatione
1599 4918 1884 4980 superatus
1923 4931 1934 4964 :
1970 4912 2104 4966 alias

582 5013 707 5053 vero
730 5000 1028 5068 periissem,
1059 5007 1112 5054 et
1139 5000 1290 5056 ell‘usi
1316 5009 1496 5056 essent
1525 5016 1743 5072 gressus
1768 5001 1871 5055 mei
1906 5020 1919 5055 :
1955 5017 2099 5065 nam,

579 5099 701 5152 pene
718 5088 868 5155 e/fusi
899 5097 1016 5142 sunt
1042 5106 1246 5159 gressus
1276 5093 1392 5152 mei,
1424 5091 1520 5145 sed
1573 5106 1687 5146 non.
1727 5105 1912 5144 revera
1949 5089 2104 5144 ell‘usi

581 5183 725 5248 sunt.
755 5175 1029 5241 Quomodo
1059 5187 1234 5232 autem
1265 5195 1482 5248 gressus
1529 5181 1720 5232 animae
1761 5177 2101 5232 ell‘undantur

583 5261 862 5332 intelliges,
902 5267 945 5318 si
975 5267 1290 5335 perpendas,
1320 5283 1424 5338 qua
1464 5269 1669 5321 ratione
1699 5266 1852 5336 multi
1886 5266 2099 5334 pietatis

583 5351 956 5406 exercitatione
985 5353 1094 5420 jam
1118 5359 1372 5424 provecti,
1402 5355 1752 5426 temperantia
1779 5361 1832 5406 et
1857 5353 2102 5408 castitate

2209 4460 2273 4512 δι’
2322 4462 2628 4534 ὑπερϐολήν
2682 4483 2744 4518 τε
2793 4467 3126 4536 ἀγαθὸτητος
3172 4468 3371 4518 πάντων
3415 4457 3652 4527 ἀνεχόμενοςο

2220 4549 2355 4602 Ἀλλ’
2402 4552 2428 4602 ό
2485 4552 2582 4622 μὲν
2648 4555 2782 4617 Θεὸς
2833 4555 3087 4618 τοιοῦτος.
3159 4553 3290 4621 Ἐγὼ
3338 4551 3416 4610 δὲ,
3463 4545 3652 4611 ἄνθρωπος

2209 4641 2498 4712 φιλαλήθης
2560 4641 2700 4699 εἶναι
2765 4648 2967 4710 θέλων,
3023 4648 3119 4716 τὴν
3179 4641 3396 4713 ἐμαυτοῦ
3451 4629 3650 4716 διηγοῧμ

2206 4729 2303 4797 τῆς
2356 4729 2530 4798 ψυχῆς
2560 4733 2815 4804 νωθρίαν.
2847 4733 3056 4804 Μικροῦ
3089 4732 3190 4803 γὰρ
3235 4732 3336 4782 δεῖν
3372 4727 3456 4794 τὴν
3492 4725 3648 4804 inaurea

2209 4819 2392 4872 στάσιν
2421 4821 2514 4873 xui.
2537 4822 2716 4890 βάσιν,
2742 4827 2856 4888 xui,
2886 4825 2959 4887 ὡς
2992 4825 3056 4876 ἂν
3080 4823 3214 4874 εἴποι
3240 4835 3317 4880 τις
3354 4815 3647 4902 μεταῗορίκί”ἷ’

2206 4910 2326 4970 τοὺς
2356 4911 2452 4978 τῆς
2481 4911 2661 4982 ψυχῆς
2711 4916 2879 4978 πόδας
2907 4917 3000 4967 καὶ
3042 4915 3107 4966 τὰ
3152 4912 3424 4982 ἐρείσματα
3458 4905 3646 4966 παρεῖν’·

2210 5015 2315 5065 πην
2348 5000 2411 5051 ἐκ
2433 5001 2532 5069 τῆς
2577 5005 2658 5065 εἰς
2687 5005 2777 5056 τὸν
2804 5005 2934 5056 Θεὸν
2962 5004 3166 5064 ἐλπίδος
3199 5001 3280 5053 διὰ
3305 4999 3391 5058 τὰς
3420 4991 3506 5044 τῶν
3534 4982 3647 5036 ἀθέων

2209 5087 2297 5138 καὶ
2353 5089 2564 5140 ἀσεϐῶν
2615 5092 2825 5162 ἀνδρῶν
2879 5091 3192 5162 εὐπραγίας.
3251 5084 3390 5139 Ἀλλὰ
3439 5073 3555 5144 παρὰ
3580 5080 3644 5162 lt“

2205 5176 2332 5248 κρόν
2363 5180 2458 5247 μὲν
2480 5179 2622 5232 τοῦτ’
2655 5157 2881 5234 ἔπαθον⁸
2919 5157 3003 5234 sua}
3054 5157 3106 5232 δὲ
3150 5180 3242 5246 τὴν
3281 5174 3363 5226 τοῦ
3399 5165 3507 5221 Θεοῧ
3544 5157 3643 5248 χέειν

2203 5243 2300 5319 σοι(
2327 5243 2643 5340 ἐσαλεύϐην,
2675 5272 2797 5324 οὐδὲ
2837 5243 3210 5342 κατεκράτησέ-
3243 5282 3333 5336 μου
3366 5262 3390 5311 ὁ
3417 5243 3644 5340 “Wheat;

2203 5359 2456 5430 λογισμός
2481 5379 2492 5390 ·
2525 5364 2558 5432 ἢ
2613 5363 2722 5434 γὰρ
2762 5365 2828 5417 ἂν
2875 5364 3180 5432 ἀπωλόμην,
3216 5358 3298 5412 καὶ
3329 5353 3472 5406 πάντα

585 5435 834 5492 diuturno
868 5417 1420 5515 tempore-fulgentes,
1456 5417 1670 5502 demum
1702 5443 1766 5498 ad
1800 5443 2097 5498 molliorem

2213 5417 2510 5516 Etuﬁﬁitu'ru
2545 5417 2744 5520 λέγι)το
2768 5469 2780 5480 ·
2820 5451 2952 5517 παρ’
2999 5417 3190 5518 ὀλίγον
3231 5444 3324 5510 γὰρ
3367 5417 3641 5498 ἐξεχύθη.τά

651 5585 694 5615 ⁸⁸
722 5584 872 5639 Rom.
901 5590 1032 5652 “,4.
1097 5595 1138 5626 "
1160 5593 1299 5650 Psal.
1323 5615 1418 5663 vu,
1463 5600 1544 5654 μὶ.
1619 5600 1663 5632 ’⁸
1690 5595 1876 5651 Matth.
1904 5611 1954 5660 ν,
1996 5597 2078 5652 65.

2175 5599 2193 5628 ’³
2221 5597 2384 5654 Marc.
2417 5619 2470 5667 χ,
2498 5603 2584 5656 18.
2663 5606 2708 5638 ³⁸
2747 5605 2873 5674 Sap.
2906 5621 3000 5666 vn,
3031 5603 3131 5665 ‘26;
3161 5600 3304 5652 lichr.
3336 5609 3366 5650 ι,
3395 5590 3437 5642 3.
