3796 6374
53 314 153 370 837

1241 317 1737 378 COMMENTARIA
1777 318 1844 372 IN
1879 320 2195 376 PSALMOS

3215 328 3316 384 858

59 427 412 499 διᾳϐήματά
447 447 615 498 μου,
653 434 717 485 ού
746 435 850 504 μὴν
906 435 1148 506 ἐξεχύθη.
1185 439 1409 508 Norica;
1453 439 1505 490 δὲ
1544 441 1676 501 ὅπως

1788 451 1950 492 Vitam
1978 442 2152 494 allecti
2188 449 2240 494 et
2274 443 2507 510 prolapsn
2540 441 2675 505 sint;
2707 457 2818 496 srve
2848 444 3007 497 etiam
3047 445 3256 513 penitus
3289 465 3317 500 a

62 523 312 590 ἐκχεῖται
348 521 561 590 ψυχῆς
598 523 938 594 διαδήματα,
972 527 1374 596 ἐπιστήσας,ὠς
1409 529 1505 599 ἤδη
1528 529 1686 592 τινὲς,

68 615 470 690 προκόψαντες
531 620 600 670 ἐν
656 621 887 690 ἀσκήσει
933 620 1251 682 θεοσεϐείας,
1281 622 1336 672 ἐν
1375 619 1690 691 σωφροσύνῃ

67 726 124 762 τε
153 709 252 760 καὶ
276 709 496 778 ἁγνείᾳ
546 709 967 778 διαλάμψαντες
1017 714 1238 782 μακροῖς
1279 711 1502 780 χρόνοις,
1539 710 1689 761 ὓστε-

77 800 157 871 ρόν
184 815 323 851 ποτε
369 799 769 870 ὑπεσύρησαν
810 801 1123 870 χαυνότερον
1154 800 1439 869 βιώσαντες
1467 800 1559 852 καὶ
1586 801 1690 851 ὀλι-

78 891 400 957 σθήσαντες,
441 889 480 958 ἢ
533 891 833 954 παντελῶς
861 891 1176 953 ἐκπεσόντες
1215 891 1304 943 τοῦ
1335 889 1555 951 σκοποῦ,
1594 891 1688 942 καὶ

74 978 256 1048 ῶσπερ
318 977 620 1045 ναυάγιον
676 980 940 1041 παθόντες
981 980 1086 1031 τῶν
1127 979 1286 1032 πάλαι
1341 979 1686 1050 συνηγμένων

75 1069 252 1128 αὐτοῖς
284 1067 534 1134 ἀγαθῶν
574 1069 860 1138 πράξεων.
903 1069 1112 1121 Τούτων
1156 1069 1261 1139 γὰρ
1285 1071 1382 1121 οὐκ
1422 1070 1485 1120 ἂν
1515 1069 1688 1138 ἀμάρ-

73 1174 181 1219 τοις
220 1154 404 1207 εἰπὼν
459 1156 610 1217 τοὺς
651 1158 819 1220 πόδας
861 1158 957 1226 τῆς
1005 1157 1176 1227 ψυχῆς
1212 1156 1588 1209 σεσαλεῦσθαι’
1625 1158 1683 1209 οὐ

82 1250 182 1317 μὴν
209 1246 352 1299 ἀλλὰ
413 1247 522 1298 καὶ
583 1246 755 1309 ὅλους
811 1247 1173 1308 πεπτωκέναι,
1203 1247 1269 1299 τά
1298 1263 1356 1297 τε
1381 1246 1684 1315 διαδήματα

80 1339 249 1390 αὐτῶν
297 1336 401 1390 καὶ
459 1335 574 1398 τὰς
614 1338 769 1390 κατά
816 1338 945 1390 Θεὸν
1003 1337 1222 1406 πορείας
1262 1338 1357 1405 τὴν
1400 1338 1456 1388 ἐν
1495 1334 1684 1406 μακρῷ

84 1429 251 1498 χρόνῳ
283 1426 596 1496 προκοπὴν
632 1427 974 1498 ἀπορρεῦσαι
1005 1428 1094 1478 καὶ
1139 1427 1478 1495 ἐκκεχῦσθαι.
1531 1424 1684 1477 Ἀλλὰ

83 1517 246 1569 ταῦτα
278 1517 388 1585 μὲν
432 1515 607 1584 παρὰ
652 1516 872 1586 μικρὸν,
907 1516 1086 1584 φησὶν,
1129 1515 1342 1574 ἔπαθον,
1377 1517 1432 1567 ού
1464 1515 1563 1584 μὴν
1591 1514 1681 1565 πέρ

89 1607 248 1660 πονθα
272 1606 366 1659 διὰ
393 1605 461 1658 τὸ
478 1605 586 1658 τοῦ
625 1605 772 1658 Θεοῦ
809 1605 968 1668 ἕλεος.
997 1605 1138 1675 Πλὴν
1169 1605 1391 1674 ῆμελλόν
1425 1622 1486 1672 γε
1514 1605 1681 1656 ταῦτα

88 1696 310 1764 πάσχειν
340 1694 438 1747 διὰ
476 1693 660 1763 ζῆλον
711 1695 768 1746 ὃν
814 1694 1032 1764 ἐζήλουν
1057 1695 1146 1745 ἐπὶ
1168 1697 1276 1756 τοῖς
1307 1695 1522 1762 ἀνόμοις
1541 1693 1676 1763 ὁρῶν

89 1788 178 1857 τὴν
206 1787 436 1858 εἰρήνην
467 1784 670 1838 αὐτῶν
712 1786 806 1838 καὶ
844 1785 939 1854 τὴν
971 1787 1026 1837 ὲν
1056 1784 1265 1852 πλούτῳ
1291 1785 1382 1836 καὶ
1403 1787 1596 1854 τρυφῇ,
1624 1783 1678 1835 ἕν
1709 1771 1750 1822 Β

88 1899 142 1933 τε
169 1883 360 1950 ἀρχαῖς
391 1880 493 1932 καὶ
549 1878 876 1948 ἀξιώμασιν
910 1876 1218 1947 εὐημερίαν.
1251 1877 1342 1938 Είς
1382 1875 1549 1928 ταῦτα
1573 1874 1679 1945 γὰρ

94 1969 300 2041 ἀφορῶν
329 1969 714 2039 διεπριόμην,
736 1967 808 2028 ῶς
833 1963 1026 2036 μικροῦ
1055 1964 1160 2015 δεῖν
1180 1962 1508 2016 κινδυνεῦσαι
1532 1979 1683 2032 περι-

94 2063 266 2111 πεσεῖν
297 2058 490 2120 ἀθέοις
516 2057 818 2126 λογισμοῖς
838 2073 850 2084 ’
879 2049 956 2118 οἷς
984 2054 1042 2106 οὺ
1073 2053 1454 2123 περιπέπτωκα
1479 2052 1679 2121 δόγμα-

97 2166 172 2202 σιν
222 2147 406 2218 ὀρθοῖς
465 2146 962 2216 θεραπευόμενος,
1023 2145 1131 2204 τοῖς
1190 2141 1680 2210 ύπομιμνήσκουσιν

98 2237 288 2303 ἀγαθὸν
309 2232 454 2288 εἶναι
494 2237 590 2288 τὸν
639 2234 784 2285 Θεὸν
821 2233 911 2285 καὶ
942 2230 1252 2293 ἀνεξίκακον
1290 2230 1380 2281 καὶ
1413 2229 1680 2299 μακρόθυ-

103 2346 208 2398 μον.
242 2328 445 2397 Διόπερ
469 2325 931 2394 ἐκπληττόμενος
961 2322 1118 2376 αὐτοῦ
1154 2322 1246 2374 καὶ
1289 2320 1681 2388 ἀποθαυμάζων

99 2417 186 2485 τὴν
213 2416 525 2487 ὑπερϐολὴν
561 2416 682 2484 τῆς
713 2412 1058 2480 ἀγαθότητος,
1094 2406 1240 2462 εἷπον
1269 2408 1560 2478 ἀρχόμενος
1589 2407 1678 2459 τοῦ

99 2506 247 2573 λόγου
268 2525 281 2538 ·
307 2508 405 2572 Ὠς
429 2505 687 2574 ἀγαθὸς
701 2503 780 2566 τῷ
811 2500 1052 2567 Ἰσραὴλ
1084 2502 1115 2552 ό
1147 2497 1306 2561 Θεὸς,
1339 2497 1460 2561 τοῖς
1481 2497 1679 2550 εῠθέσι

108 2595 170 2661 τῇ
190 2595 420 2662 καρδίᾳ.
465 2593 623 2646 Ἀντὶ
651 2590 718 2642 δὲ
749 2589 858 2642 τοῦο
905 2589 994 2652 Ὠς
1018 2587 1262 2654 ἀγαθὸς,
1290 2587 1316 2637 ὁ
1369 2585 1673 2654 Σύμμαχος·

1789 545 1952 598 scopo
1983 531 2296 594 defecerint,
2322 539 2373 585 et
2400 531 2553 599 quasi
2585 530 2922 602 naufragium
2952 534 3002 586 in
3027 534 3182 588 bonis
3207 534 3316 602 jam

1789 621 2028 675 collectis
2061 623 2311 690 aperibus
2364 621 2607 676 fecerint.
2648 620 2755 676 llos
2798 622 2842 676 si
2875 623 3099 692 pedibus
3130 626 3322 679 animae

1787 720 2085 764 commotos
2114 712 2347 777 dixeris;
2387 712 2495 766 imo
2523 728 2650 766 vero
2694 713 2739 765 si
2773 713 2987 780 penitus
3018 715 3317 784 prolapsos,

1787 807 1946 867 atquc
2004 815 2221 868 gressus
2268 815 2475 866 eorum,
2516 801 2935 870 diuturnumque
2992 803 3046 854 in
3096 805 3180 857 via
3226 805 3321 858 Dei

1786 888 2082 955 profectum
2118 889 2397 942 vacillasse
2443 895 2496 942 et
2531 888 2755 942 effusum
2789 904 2909 942 esse
2955 889 3318 955 allirmaveris,

1784 979 2093 1046 neutiquam
2129 979 2365 1032 aberres.
2409 977 2510 1032 Sed
2547 979 2678 1041 hac,
2717 979 2907 1048 inquit,
2941 979 3050 1032 fere
3088 981 3318 1048 pertuli;

1785 1082 1881 1120 nec
1907 1070 2094 1137 pertuli
2121 1079 2292 1122 tamen
2326 1085 2420 1137 per
2457 1069 2879 1123 misericordiam
2912 1069 3025 1124 Dei.
3057 1071 3318 1125 Caeterum

1782 1159 1914 1209 tanti
1939 1159 2065 1211 mihi
2098 1160 2317 1227 periculi
2355 1159 2407 1211 in
2435 1174 2595 1212 causa
2631 1159 2729 1212 fuit
2765 1161 2909 1214 zelus
2934 1177 3040 1230 quo
3105 1162 3319 1230 iniquo—

1783 1263 1900 1300 rum
1937 1263 2098 1301 causa
2138 1249 2489 1311 accendebar,
2528 1248 2653 1300 dum
2686 1250 2919 1303 viderem
2956 1267 3140 1319 pacem
3173 1255 3316 1322 ipso-

1783 1352 1924 1397 rum,
1962 1353 2172 1390 necnon
2199 1352 2382 1392 eorum
2415 1338 2469 1388 in
2497 1337 2720 1402 divitiis,
2751 1339 3047 1406 voluptate,
3076 1340 3318 1393 domina-

1782 1432 1861 1490 tu,
1897 1425 2245 1495 dignitatibus
2280 1430 2608 1486 felicitatem.
2658 1432 2780 1486 Haec
2819 1433 3112 1501 respiciens
3154 1431 3318 1485 disse-

1781 1517 1966 1579 cabar,
2030 1519 2102 1570 ita
2155 1529 2210 1572 ut
2257 1536 2389 1589 pene
2437 1523 2492 1575 in
2550 1523 2742 1592 impias
2807 1523 2914 1576 labi
2966 1523 3318 1592 cogitationes

1779 1604 2113 1673 periclitarer
2153 1627 2166 1661 :
2205 1609 2255 1661 in
2289 1627 2423 1679 quas
2461 1620 2663 1676 tamen,
2697 1613 2858 1666 rectis
2888 1611 3128 1666 ﬁrmatus
3163 1611 3318 1664 insti-

1781 1695 1932 1759 tutis,
1971 1695 2130 1750 Deum
2166 1699 2365 1753 bonum
2417 1703 2705 1770 patientem
2750 1709 2803 1755 et
2849 1703 3166 1756 tolerantem
3198 1717 3319 1756 esse

1778 1789 2274 1852 commonentibus,
2331 1792 2641 1858 neutiquam
2696 1791 2890 1844 decidi.
2961 1790 3317 1855 Quamobrem

1778 1874 2191 1940 prtecellentiam
2249 1877 2504 1933 bonitatis
2554 1880 2723 1948 ipsius
2758 1879 3051 1944 demirans,
3103 1894 3164 1933 ac
3205 1889 3321 1932 stu-

1779 1977 1930 2030 pens,
1959 1965 2034 2017 sic
2066 1980 2365 2020 sermonem
2391 1984 2548 2023 orsus
2580 1986 2696 2024 sum
2724 1988 2738 2024 :
2771 1969 2939 2034 Quam
2967 1969 3127 2021 bonus
3151 1967 3322 2021 Israel

1783 2050 1941 2114 Deus,
1978 2056 2127 2108 rectis
2157 2057 2347 2110 carde!
2395 2057 2497 2110 Pro
2521 2059 2612 2112 illo
2651 2065 2827 2111 autem
2863 2077 2874 2110 :
2907 2059 3076 2122 Quam
3120 2057 3314 2119 bonus;

1782 2138 2134 2210 Symmachus
2164 2164 2176 2198 :
2204 2145 2360 2210 Sane,
2387 2148 2577 2216 inquit,
2617 2165 2727 2200 vere
2756 2148 2915 2201 bonus
2942 2148 3078 2201 Deus
3103 2147 3314 2215 Israeli,

1777 2235 1920 2300 puris
1958 2235 2128 2288 corde.
2171 2234 2304 2313 Quis
2339 2253 2466 2291 vero
2496 2247 2638 2293 esset
2671 2240 2832 2293 Israel
2855 2240 2939 2293 his
2966 2239 3160 2294 additis
3194 2256 3318 2295 ver-

1780 2325 1862 2378 bis
1911 2325 2223 2386 declaravit,
2253 2329 2396 2394 puris
2439 2331 2609 2383 corde.
2644 2329 2719 2382 Illi
2755 2345 2983 2398 namque
3004 2346 3127 2384 vere
3151 2331 3315 2384 Israel

1781 2415 1935 2473 sunt;
1971 2425 2138 2478 quare
2169 2425 2198 2462 a
2226 2409 2510 2465 Servatore
2531 2427 2744 2480 quoque
2768 2411 2970 2465 dictum
3003 2420 3085 2464 est
3115 2429 3127 2464 :
3164 2411 3316 2465 Beati

1778 2497 1968 2550 mundo
2020 2500 2190 2563 corde,
2242 2502 2484 2570 quoniam
2515 2503 2616 2570 ipsi
2650 2503 2810 2562 Deum
2840 2502 3138 2556 videbunt”
3175 2520 3189 2556 :
3235 2501 3315 2558 Is-

1780 2588 1890 2641 rael
1917 2598 2089 2642 autem
2109 2589 2278 2642 videns
2313 2589 2474 2642 Deum
2497 2592 2808 2660 explicatur.

117 2686 273 2753 Πλὴν.
342 2685 557 2749 ὅντως,
603 2682 799 2752 φησὶν,
847 2677 1064 2746 ἀγαθὸς
1104 2679 1135 2728 ό
1176 2674 1317 2740 Θεὸς
1357 2675 1434 2739 τῷ
1470 2675 1722 2742 Ἰσραὴλ,
1761 2677 1884 2741 τοῖς
1912 2679 2187 2746 καθαροῖς
2219 2679 2332 2746 τὴν
2347 2680 2610 2746 καρδίαν.
2645 2683 2955 2752 Παρέστησε
2987 2691 3092 2754 γάρ
3114 2683 3196 2746 τίς
3229 2681 3313 2755 εἴη

117 2777 142 2826 ὸ
175 2775 404 2845 Ἰσραὴλ,
428 2771 784 2838 ἐπισυνάψας
807 2768 899 2820 καὶ
922 2765 1108 2828 εἰπὼν,
1137 2765 1258 2830 τοῖς
1323 2764 1597 2831 καθαροῖς
1621 2764 1732 2830 τὴν
1771 2767 2035 2834 καρδίαν,
2089 2765 2244 2822 Οὗτοι
2281 2771 2388 2840 γάρ
2424 2772 2560 2822 εἰσιν
2599 2774 2626 2824 ό
2670 2772 2913 2841 ἀληθινὸς
2971 2773 3210 2844 Ἰσραήλ.
3238 2773 3315 2825 διδ

118 2863 318 2931 ἐλέγετο
347 2865 445 2916 καὶ
471 2863 585 2915 ὑπὸ
611 2859 711 2912 τοῦ
748 2856 1026 2924 Σωτῆρος
1056 2853 1336 2920 Μακάριοι
1391 2858 1444 2907 oi
1496 2854 1735 2921 καθαροὶ
1765 2855 1838 2923 τῇ
1884 2858 2110 2925 καρδίᾳ,
2163 2859 2251 2912 ὅτι
2310 2863 2473 2915 αὐτοὶ
2512 2863 2618 2916 τὸν
2667 2861 2813 2914 Θεὸν
2857 2863 3133 2930 ὄψονται·
3173 2864 3340 2916 καὶὸ·

133 2956 335 3025 Ἰσραὴλ
359 2955 416 3006 δὲ
449 2951 615 3020 ὀρῶν
651 2950 762 3002 τὸν
796 2947 940 3000 Θεὸν
969 2943 1335 3015 ἑρμηνεύεται.

181 3067 296 3118 Ὅτι
317 3067 428 3118 οὐκ
453 3065 635 3117 ἐστιν
671 3059 996 3122 ἀνάνευσις
1032 3057 1099 3109 ὲν
1118 3054 1195 3120 τῷ
1215 3055 1442 3118 θανάτῳ
1460 3055 1671 3121 αὐτῶν,

1848 3057 2008 3112 Vens.
2032 3057 2150 3111 4-9.
2173 3057 2310 3122 Quia
2339 3074 2438 3111 non
2466 3066 2541 3111 est
2567 3067 2824 3126 respectus
2856 3059 3009 3110 morti
3038 3075 3235 3122 eorum,
3265 3069 3315 3128 et

123 3157 208 3208 καὶ
243 3154 552 3222 στερέωμα
598 3153 672 3204 ἐν
712 3150 787 3217 τῇ
822 3147 1062 3216 μάστιγι
1099 3143 1310 3197 αὐτῶν.
1358 3147 1450 3198 Ἐν
1477 3146 1680 3209 κόποις

121 3243 433 3310 ἀνθρώπων
464 3245 582 3295 οὐκ
634 3240 780 3304 εἰσὶ,
808 3238 902 3291 καὶ
936 3237 1082 3304 μετὰ
1127 3232 1443 3299 ἀνθρώπων
1475 3236 1544 3287 οὺ
1570 3250 1680 3302 μα-

127 3328 608 3397 στιτωθήσονται.
671 3325 775 3378 Διὰ
802 3323 972 3376 τοῦτο
1025 3323 1348 3390 ἐκράτησεν
1387 3322 1603 3388 αὐτοὺς
1639 3322 1676 3388 ἡ

127 3419 492 3485 ὑπερηφανία
544 3418 637 3480 εἰς
681 3413 872 3477 τέλος.
922 3411 1005 3473 Ὠς
1037 3412 1092 3463 ἐν
1127 3411 1331 3481 ἱστορίᾳ
1359 3409 1678 3480 διεξέρχεται

130 3507 190 3559 τὰ
215 3507 524 3577 ταράξαντα
557 3501 729 3559 αὑτοῦ
763 3503 859 3572 τὴν
885 3501 1076 3571 ψυχὴν,
1113 3501 1196 3553 ἵνα
1227 3500 1458 3570 γνῶμεν,
1496 3502 1575 3552 ὃτι
1605 3501 1678 3570 μὴ

131 3597 213 3648 ἐπὶ
237 3601 448 3667 μικροῖς
471 3595 844 3664 ἐσαλεύθησαν
873 3591 1035 3645 αὐτοῦ
1069 3592 1116 3642 οί
1145 3591 1298 3654 πόδες
1324 3593 1447 3660 παρ’
1471 3591 1643 3657 ὀλίγον
1661 3607 1673 3620 ⁸

138 3686 258 3754 μηδὲ
297 3688 388 3739 ἐπὶ
407 3690 520 3748 τοῖς
555 3683 812 3753 τυχοῦσιν
840 3680 1064 3750 ἤμελλον
1094 3679 1281 3732 ἑαυτοῦ
1310 3678 1579 3747 ἐκχεῖσθαι
1610 3677 1678 3729 τὰ

135 3774 448 3845 διαδήματα.
493 3776 635 3828 Τίνα
664 3773 722 3825 δὲ
753 3768 1045 3842 ῆνταῦτα;
1079 3770 1140 3822 Oi
1185 3769 1393 3830 ἀσεϐεῖς
1442 3767 1534 3820 καὶ
1591 3767 1678 3819 τὸν

138 3861 256 3917 Θεὸν
282 3865 378 3916 οὐκ
408 3864 635 3925 εἰδότες,
667 3859 828 3922 οὕτω,
862 3859 1042 3927 φησὶν,
1067 3859 1123 3912 ἐν
1153 3857 1431 3927 εὐσταθείᾳ
1459 3857 1571 3925 βίου
1584 3857 1676 3908 καὶ

139 3950 410 4022 θυμηδίαις
456 3953 646 4022 διῆγον
673 3989 688 4014 ,
747 3948 839 4000 καὶ
900 3947 1086 4016 μέχρις
1137 3946 1364 4015 ἐσχάτης
1428 3942 1678 4011 τελευτῆς

139 4040 388 4112 τοσαύτης
425 4041 711 4110 ἀπήλαυον
754 4038 980 4108 τρυφῆς,
1010 4037 1083 4099 ὡς
1114 4037 1204 4088 καὶ
1245 4033 1400 4086 πάνθ’
1444 4031 1677 4085 ὁντινοῦν

143 4127 381 4194 εὖξασθαι
406 4129 514 4183 τῶν
539 4130 673 4182 ῖσων
701 4129 879 4188 αὐτοῖς
908 4126 1104 4194 τυχεῖν,
1142 4122 1374 4195 ζηλῶσαί
1407 4139 1464 4173 τε
1506 4121 1678 4174 αὐτῶν

145 4217 198 4269 οὺ
230 4218 380 4288 μόνον
432 4219 532 4289 τὴν
567 4217 731 4287 ζωὴν,
757 4213 889 4268 ἀλλὰ
914 4215 1006 4267 καὶ
1048 4212 1138 4264 τὸν
1177 4211 1421 4274 θάνατον,
1461 4210 1520 4261 ὃν
1558 4210 1676 4262 οὐδὲ

147 4309 563 4378 παραιτήσασθαι
581 4308 706 4377 ἐξῆν
727 4306 844 4359 οὐδὲ
857 4302 1121 4357 ἀπευκτὸν
1148 4299 1468 4372 ἡγήσασθαι.
1496 4298 1678 4361 Οὕτως

151 4395 237 4448 οὐκ
265 4391 330 4465 ἦν
384 4399 673 4459 ἀνάνευσις
705 4398 760 4448 ὲν
805 4393 880 4463 τῷ
910 4393 1116 4462 Θανάτῳ
1150 4392 1342 4444 αὐτῶν.
1385 4390 1542 4443 Ἀλλά
1585 4391 1677 4442 καὶ
1707 4386 1751 4440 D

152 4487 193 4536 εἰ
223 4488 406 4558 συνέϐη
465 4489 593 4540 ποτέ
650 4487 867 4556 μάστιγι
898 4483 989 4537 καὶ
1022 4482 1219 4552 πληγῇ,
1246 4481 1485 4534 τουτέστι
1524 4498 1674 4552 περι-

155 4575 320 4628 στάσει
361 4579 453 4630 καὶ
503 4577 756 4646 συμφορᾷ
796 4575 1102 4646 περιπεσεῖν
1139 4571 1312 4623 αὐτῶν
1365 4589 1503 4635 τινα,
1550 4570 1582 4640 ἢ
1621 4571 1677 4621 ἐν

154 4665 308 4728 νόσοις
337 4667 687 4736 ἐξετασθῆναι
716 4667 808 4719 καὶ
829 4665 1066 4736 ζημίαις,
1090 4663 1187 4714 οὐκ
1214 4658 1280 4731 ῆν
1315 4661 1591 4731 στερέωμα
1622 4662 1678 4713 ἐν

153 4755 214 4822 τῇ
240 4758 447 4825 μάστιγι
475 4757 676 4810 αὐτῶν.
713 4757 785 4808 Ub
809 4755 914 4825 γὰρ
945 4753 1135 4823 στερεά
1167 4769 1246 4813 τις
1276 4747 1341 4820 ἦν
1363 4752 1454 4803 καὶ
1488 4751 1676 4819 ἐπίμο-

158 4845 280 4913 νοςὴ
312 4849 424 4898 κατ’
457 4846 637 4900 αὐτῶν
667 4845 842 4915 πληγή
867 4861 879 4872 ο
913 4842 1130 4913 βραχεῖα
1156 4840 1210 4892 δέ
1230 4857 1310 4902 τις
1349 4840 1440 4893 καὶ
1471 4838 1530 4902 ἐξ
1559 4841 1675 4890 ἐπι-

158 4929 303 5000 πολῆς
329 4936 766 5005 παρατρέχουσα.
811 4932 940 4985 Οὐδὲ
971 4933 1027 4981 ὲν
1057 4930 1240 4990 κόποις
1277 4928 1332 4980 δὲ
1383 4927 1676 4999 ἀνθρώπων

165 5015 470 5087 ὲξητάιῖοντο,
498 5023 895 5091 γεωπονοῦντες
924 5020 1016 5072 καὶ
1035 5019 1128 5088 τὴν
1147 5016 1343 5087 τροφὴν
1364 5017 1466 5069 ἀπὸ
1485 5017 1676 5086 χειρῶν

160 5111 492 5180 ποριζόμενοι,
541 5115 704 5183 πενίᾳ
747 5128 804 5164 τε
853 5108 1330 5178 κατατρυχὸμενοι·
1380 5107 1676 5158 τούναντίον

165 5191 208 5245 ἒ
229 5197 424 5269 πλούτῳ
439 5203 848 5271 περιρῥεόμενοι
867 5194 1271 5266 καθηδυπάθουν
1293 5195 1671 5264 ἐντρυφῶντες,

160 5284 239 5334 καὶ
264 5288 415 5356 μηδὲν
441 5291 618 5358 ὅμοιον
663 5291 951 5359 πάσχοντες
981 5288 1090 5348 τοῖς
1132 5285 1329 5347 λοιποῖς
1380 5285 1674 5355 ἀνθρώποις

164 5372 258 5432 τοῖς
285 5376 680 5444 μαστιζομένοις
714 5377 939 5444 ἑκάστης
982 5374 1187 5442 ἡμέρας
1217 5373 1281 5424 δι’
1303 5373 1551 5425 ἐπιπόνου
1586 5377 1676 5426 καὶ

174 5461 416 5532 μοχθηροῦ
459 5464 590 5532 βίου.
641 5466 738 5518 Διὸ
763 5466 829 5518 ὲν
864 5464 1022 5526 κόπῳ
1049 5461 1362 5530 ἀνθρώπων
1398 5465 1504 5515 οὐκ
1537 5465 1672 5523 εἰσί,

229 5611 268 5641 ”
299 5614 472 5673 Matth.
505 5637 552 5689 ιν,
585 5624 634 5675 8.
677 5625 704 5632 “”

1778 3150 2158 3218 ﬁrmamentum
2189 3149 2242 3201 in
2272 3148 2428 3218 plaga
2461 3151 2710 3216 ipsorum.
2745 3147 2811 3200 In
2842 3148 3108 3201 laboribus
3145 3148 3314 3201 homi-

1778 3255 1899 3292 num
1932 3255 2032 3292 non
2061 3247 2179 3292 sunt
2210 3247 2259 3290 et
2293 3255 2407 3290 cum
2433 3238 2722 3290 hominibus
2759 3254 2859 3289 non
2889 3237 3310 3305 ﬂagellabumur.

1779 3325 1902 3380 Ideo
1929 3328 2088 3379 tenuit
2108 3341 2190 3378 eos
2217 3325 2455 3392 superbia
2476 3326 2528 3376 in
2553 3325 2725 3391 ﬁnem.
2760 3322 3005 3377 Historiae
3035 3339 3179 3377 more
3196 3339 3313 3393 qua:

1777 3415 2010 3468 animam
2060 3415 2277 3467 turbant
2323 3427 2473 3466 suam
2527 3419 2763 3475 enarrat,
2816 3420 2874 3465 ut
2921 3412 3156 3466 sciamus
3205 3428 3312 3467 non

1777 3519 1942 3576 parva
1972 3504 2037 3558 de
2069 3518 2231 3558 causa
2263 3510 2726 3576 pene_commotos
2770 3500 2887 3569 ejus
2922 3502 3103 3571 pedes,
3137 3517 3312 3572 neque

1777 3596 1846 3649 ob
1877 3610 1965 3649 res
1990 3595 2137 3664 parvi
2173 3571 2430 3648 momenti
2480 3608 2615 3663 pene
2663 3591 2858 3646 cﬂ'usos
2887 3607 3105 3662 gressus
3138 3593 3311 3661 ipsius

1777 3685 1963 3740 fuisse.
2016 3687 2269 3750 Quaenam
2323 3685 2412 3738 illa
2463 3684 2654 3738 erant?
2687 3683 2862 3752 lmpii,
2914 3683 3106 3752 inquit,
3137 3691 3189 3738 et
3220 3684 3310 3753 qui

1777 3776 1944 3830 Deum
1972 3791 2079 3830 non
2109 3781 2323 3837 norant,
2355 3783 2463 3826 tam
2503 3773 2644 3828 felici
2677 3774 2796 3826 vita:
2827 3771 3076 3838 decursu,
3135 3780 3314 3842 tanta-

1777 3879 1880 3932 que
1937 3865 2207 3932 voluptate
2243 3861 2528 3930 degebant,
2590 3869 2642 3915 et
2677 3877 2848 3930 usque
2895 3861 2961 3914 ad
3013 3869 3311 3916 extremum

1775 3954 1898 4007 vita:
1943 3953 2166 4006 halitum
2219 3960 2296 4004 tot
2339 3951 2544 4005 deliciis
2566 3950 2901 4013 fruebantur,
2929 3959 2986 4004 ut
3015 3967 3174 4005 nemo
3199 3967 3308 4006 non

1777 4049 1982 4112 optaret
2025 4043 2173 4105 paria
2208 4042 2486 4110 consequi,
2515 4056 2577 4094 ac
2607 4055 2710 4094 non
2739 4040 2912 4092 solum
2944 4039 3064 4092 vitae
3095 4057 3304 4104 eorum,

1776 4131 1871 4186 sed
1904 4132 2065 4185 etiam
2116 4131 2272 4185 morti
2321 4131 2604 4194 invideret,
2670 4130 2761 4182 tali
2806 4130 3031 4193 scilicet,
3093 4131 3304 4198 qualem

1776 4223 2011 4276 abnuere
2039 4236 2101 4274 ac
2132 4221 2452 4275 horrendam
2495 4228 2684 4289 putare
2707 4217 2906 4271 nemini
2954 4218 3158 4272 liceret.
3217 4216 3307 4272 Sic

1776 4327 1882 4365 non
1930 4319 2047 4365 erat
2092 4319 2370 4380 respectus
2425 4309 2580 4362 morti
2636 4322 2838 4361 eorum.
2905 4303 3009 4360 Sed
3067 4307 3228 4361 etiam
3261 4307 3306 4362 si

1776 4401 1991 4470 quando
2019 4403 2351 4470 contingeret
2384 4413 2572 4454 eorum
2602 4398 2832 4465 aliquem
2888 4395 2940 4449 in
2996 4397 3201 4465 plagam
3256 4405 3309 4452 et

1779 4490 2068 4561 ﬂagellum,
2103 4491 2351 4545 videlicet
2376 4491 2430 4542 in
2452 4501 2742 4541 aerumnam
2766 4494 2819 4539 et
2840 4487 3196 4546 calamitatem
3228 4489 3309 4541 in-

1777 4578 1985 4644 cidere;
2022 4580 2132 4633 sive
2164 4577 2349 4631 morbo
2381 4575 2513 4629 allici
2543 4575 2624 4627 vel
2652 4573 2996 4638 detrimento,
3041 4591 3147 4630 non
3196 4586 3309 4631 erat

1777 4667 2168 4720 firmamentum
2218 4667 2269 4720 in
2328 4666 2479 4734 plaga
2535 4664 2792 4732 ipsorum.
2829 4662 2946 4717 Non
2979 4667 3118 4718 enim
3151 4665 3306 4717 firma

1777 4772 2203 4826 permanensque
2233 4756 2356 4808 talis
2390 4755 2628 4823 ipsorum
2651 4753 2804 4822 plaga
2833 4760 2978 4819 erat;
3018 4754 3108 4808 sed
3131 4754 3308 4807 brevis

1777 4849 2220 4917 superﬁciemque
2259 4845 2482 4914 carptim
2522 4846 2809 4913 attingens.
2838 4844 3022 4912 Neque
3067 4846 3194 4898 item
3252 4844 3308 4897 in

1775 4938 2048 4992 laboribus
2101 4936 2373 4990 hominum
2419 4935 2790 4997 versabantur,
2820 4935 3030 4987 terram"
3061 4933 3306 5000 colendo,

1775 5029 1858 5082 vel
1899 5029 2145 5082 manibus
2172 5027 2370 5080 victum
2403 5025 2674 5092 parando;
2714 5039 2820 5077 non
2845 5025 3098 5092 pauperie
3128 5023 3307 5078 aﬂlicti

1775 5127 1960 5186 erant;
1986 5133 2166 5172 verum
2192 5132 2221 5170 e
2259 5113 2529 5168 contrario
2560 5113 2760 5168 divitiis
2798 5114 3094 5176 afﬂuentes,
3131 5114 3182 5167 in
3217 5115 3309 5169 de-

1775 5210 1928 5263 licias
1960 5206 2428 5275 immergebantur,
2459 5203 2701 5272 nihilque
2729 5204 3072 5272 patiebantur
3098 5212 3156 5256 ut
3186 5205 3310 5258 reli-

1775 5299 1864 5368 qui
1887 5297 2148 5357 homines,
2181 5293 2269 5362 qui
2307 5292 2544 5362 quotidie
2594 5293 2860 5346 laboriosa
2900 5307 3309 5361 :erumnosaque

1775 5385 1880 5438 vita
1937 5388 2289 5437 macerantur.
2349 5379 2525 5442 Quare
2573 5381 2625 5432 in
2687 5380 2859 5433 labore
2905 5379 3170 5437 hominum
3207 5396 3308 5434 non

1774 5483 1914 5538 sunt,
1943 5483 2126 5526 etcum
2147 5467 2433 5522 hominibus
2467 5485 2566 5522 non
2599 5468 3022 5538 flagellubuntur.
3062 5468 3308 5538 Symma-
