3796 6364
543 316 644 370 850

1246 316 1504 370 EUSEBII
1538 316 1999 371 CESARIENSIS
2031 315 2180 371 OPP.
2217 314 2396 368 PARS
2434 313 2519 368 ΙΙΙ.
2551 345 2619 355 -—
2653 315 3061 370 EXEGETICA.
3587 324 3666 377 uo

542 430 676 485 chus
702 438 877 486 autem
921 428 997 483 sic
1031 428 1409 495 interpretatus
1432 434 1514 480 est
1547 445 1559 479 :
1589 427 1725 491 Quia
1750 443 1848 480 non
1872 430 2066 497 cogita-

2172 428 2267 479 καί
2306 427 2456 494 μετὰ
2501 427 2823 493 ἀνθρώπων
2855 427 2926 479 οὐ
2966 425 3502 492 μαστιγωθήσονται.
3544 431 3591 483 ’0
3626 434 3665 487 δὲ

542 521 666 585 bant
695 523 757 574 de
777 530 935 574 morte
968 536 983 570 :
1009 519 1163 585 ﬁrma
1191 533 1407 585 namque
1433 526 1580 569 erant
1602 518 1851 571 vestibula
1870 535 2075 582 eorum;

541 625 604 665 ac
627 611 879 677 deinceps
905 626 916 660 :
938 605 1002 658 In
1028 607 1257 667 miseria,
1277 605 1470 674 inquit,
1494 607 1592 658 viri
1609 622 1708 660 non
1726 617 1893 667 erant,
1921 625 2077 678 neque

541 717 656 752 cum
682 688 971 750 hominibus
1020 695 1456 762 percutiebantur.
1492 695 1629 761 Quia
1661 698 1824 766 igitur
1878 700 1971 751 tali
2022 700 2075 751 in

541 788 844 842 conditione
875 792 1051 848 erant,
1082 786 1196 836 ideo
1222 785 1387 837 tenuit
1413 802 1497 839 eos
1527 786 1786 851 superbia.
1818 787 1949 841 Cum
1980 803 2077 856 par

540 878 730 932 fuisset
762 876 925 937 enim,
959 883 1017 929 ut
1066 876 1143 929 illi
1185 894 1308 933 vere
1362 879 1532 948 impii,
1562 879 1855 933 secundum
1888 880 2077 934 huma-

536 982 662 1020 num
688 964 958 1034 cogitandi
989 981 1215 1031 morem,
1247 967 1542 1039 condignas
1571 969 1934 1039 impietatihus
1961 986 2075 1040 pm-

534 1070 633 1108 nas
666 1055 907 1119 luerent;
957 1054 1035 1107 illi
1077 1063 1223 1110 certe
1255 1056 1309 1109 in
1339 1056 1544 1113 deliciis
1573 1058 1696 1112 vita:
1723 1060 2076 1113 versabantur

535 1142 660 1196 dum
698 1140 809 1196 Deo
840 1143 1037 1197 bellum
1066 1152 1364 1200 moverent.
1402 1145 1582 1212 Quare
1621 1148 1747 1202 dum
1783 1156 2075 1203 attereren-

503 1238 623 1285 ‘tur
651 1231 845 1301 seipsis
872 1232 1084 1300 pejores
1112 1234 1431 1299 evadebant,
1457 1245 1505 1289 et
1554 1239 1716 1305 operti
1739 1247 1857 1291 sunt
1881 1238 2045 1306 iniqui
2056 1265 2076 1278 -

534 1327 637 1372 tate
669 1328 718 1372 et
746 1320 1009 1388 impietate
1032 1336 1162 1384 sua;
1194 1338 1293 1391 pro
1324 1340 1433 1393 quo
1451 1323 1806 1395 Symmachus
1834 1344 1847 1380 :
1882 1325 2075 1394 Super-

533 1406 642 1471 bia,
674 1408 869 1478 inquit,
907 1409 1079 1462 induti
1109 1420 1249 1474 sunt,
1279 1414 1432 1481 quasi
1460 1414 1646 1467 horrea
1689 1429 1753 1467 ea:
1797 1415 2074 1484 iniquitate

533 1497 795 1553 habentes.
830 1499 910 1553 Ad
944 1500 1057 1555 haec
1112 1494 1335 1558 autem‘:
1370 1503 1612 1558 Prodibit
1638 1507 1790 1576 quasi
1830 1522 1894 1560 ea:
1924 1506 2073 1573 adipe

532 1587 783 1657 iniquitas
813 1604 1012 1643 eorum.
1050 1588 1220 1658 Cujus
1256 1592 1359 1647 loci
1396 1594 1679 1649 clariorem
1714 1597 1903 1651 extulit
1935 1613 2075 1652 sen-

532 1678 752 1733 tentiam
774 1677 1128 1748 Symmachus
1155 1680 1238 1735 his
1261 1683 1438 1738 verbis
1465 1702 1478 1739 :
1507 1683 1848 1739 Prociderunt
1864 1703 1927 1741 ex
1949 1689 2070 1756 pin-

530 1768 747 1838 guedine
775 1771 913 1823 oculi
942 1788 1119 1825 eorum
1158 1773 1442 1830 :similiter
1467 1775 1661 1845 Aquila
1691 1781 2072 1849 interpretatus

531 1868 615 1915 est
647 1859 837 1916 dicens
874 1878 887 1915 :
919 1860 1175 1916 Exierunt
1206 1863 1270 1916 ab
1301 1863 1450 1933 adipe
1477 1866 1614 1920 oculi
1636 1883 1837 1923 eorum.
1864 1870 2073 1926 Praner

531 1953 646 2008 hac
684 1953 893 2024 inquit:
932 1954 1269 2009 Transierunt
1297 1957 1351 2011 in
1394 1960 1634 2027 affectum
1663 1960 1835 2014 cordis
1872 1978 1890 2016 :
1928 1944 2071 2034 cogi-

534 2053 767 2098 taverunt
789 2054 837 2098 et
860 2045 1021 2100 locuti
1051 2056 1171 2099 sunt
1202 2048 1256 2099 in
1283 2048 1557 2117 iniquitate
1580 2066 1599 2103 :
1630 2066 1750 2120 qua
1787 2052 1867 2107 sic
1902 2053 2070 2108 inter-

530 2142 774 2205 pretatur
804 2134 1161 2207 Symmachus
1189 2156 1201 2191 :
1235 2136 1602 2210 Prwtergressi
1625 2151 1744 2195 sunt
1768 2160 1883 2214 quia
1912 2160 2071 2214 appa-

531 2228 735 2290 rebant,
776 2226 930 2279 corde
980 2227 1272 2281 irridentes.
1304 2228 1438 2282 Nam
1480 2230 1598 2300 ipsa
1627 2246 1791 2301 opera
1822 2231 1914 2288 Dei
1951 2249 2071 2303 quae

531 2317 771 2371 omnium
802 2317 975 2372 oculis
1003 2320 1436 2389 conspiciuntur,
1467 2328 1519 2375 et
1570 2331 1754 2392 aperta
1784 2324 2071 2394 providen—

530 2407 619 2462 tie
647 2408 908 2462 miracula
940 2409 1521 2478 praetergrediebautur
1557 2430 1571 2466 :
1608 2427 1732 2466 cum
1760 2421 1936 2467 tamen
1967 2414 2068 2484 ipsi

530 2511 595 2552 ea
628 2497 988 2566 intelligerent
1016 2507 1071 2553 et
1104 2511 1392 2570 caperent;
1448 2503 1541 2557 sed
1566 2503 1634 2557 ob
1681 2504 1924 2557 stultitiae
1962 2505 2068 2558 vim

530 2588 828 2641 illudebant
857 2596 909 2642 et
931 2589 1251 2645 irridebant.
1282 2591 1504 2661 Insuper
1531 2580 1843 2646 locuti‘sunt
1878 2595 1931 2647 in
1956 2610 2069 2647 ma-

529 2675 669 2737 litia,
692 2688 741 2730 et
770 2678 1093 2747 iniquitatem
1118 2684 1170 2735 in
1199 2682 1459 2735 excelsum
1483 2682 1642 2735 locuti
1685 2692 1823 2737 sunt.
1862 2683 2066 2737 Posue-

529 2775 652 2817 runt
675 2765 725 2817 in
757 2766 941 2819 caelum
974 2785 1029 2823 os
1054 2785 1224 2831 suum,
1253 2778 1302 2822 et
1326 2770 1503 2838 lingua
1530 2786 1707 2823 eorum
1745 2772 1982 2826 transivit
2014 2774 2069 2825 in

531 2863 688 2907 terra.
733 2853 857 2912 Haec
886 2874 1050 2927 porro
1081 2858 1435 2928 Symmachus
1476 2860 1554 2913 sic
1601 2861 1887 2930 explicavit
1918 2881 1930 2916 :
1966 2862 2069 2917 Lo-

527 2946 813 3014 quebanlur
842 2963 959 3000 cum
995 2947 1162 2999 multa
1187 2948 1473 3011 calumnia,
1509 2959 1691 3002 contra
1714 2949 1968 3005 excelsum
1991 2952 2068 3005 lo-

526 3036 832 3106 quebantur.
887 3039 1182 3092 Posuerunt
1214 3040 1267 3091 in
1306 3039 1488 3091 cwlum
1524 3056 1579 3093 os
1625 3056 1776 3093 suum
1820 3056 1839 3093 :

526 3137 698 3182 autem
738 3146 914 3184 eorum
943 3130 1388 3183 obambulationes
1438 3131 1492 3183 in
1547 3140 1707 3185 terra.
1744 3130 2061 3200 Blasphema

526 3218 723 3289 quippe
771 3220 913 3274 dicta
958 3220 1293 3290 proiereutes
1319 3228 1510 3274 contra
1545 3220 1734 3287 Deum,
1764 3222 1918 3291 quasi
1952 3236 2060 3275 non

524 3310 746 3374 videret,
774 3327 946 3381 neque
975 3320 1216 3378 curaret;
1240 3311 1347 3365 imo
1394 3311 1547 3381 quasi
1575 3312 1799 3365 omnino
1827 3327 1935 3366 non
1968 3328 2062 3367 ex-

525 3399 757 3461 sisteret.
809 3402 1149 3471 iniquitatem
1184 3403 1238 3456 in
1291 3404 1561 3457 excelsum
1595 3402 1763 3456 locuti
1799 3410 1945 3466 sunt,
2000 3418 2062 3456 ac

524 3503 696 3558 usque
737 3492 803 3545 ad
844 3494 1039 3545 caelum
1072 3508 1133 3547 os
1168 3508 1322 3546 suum
1351 3493 1744 3561 extenderunt;
1797 3495 1899 3549 etsi
1929 3495 2062 3551 viles

523 3585 705 3632 essent
724 3587 777 3631 et
805 3579 1040 3648 linguam
1065 3595 1217 3634 suam
1245 3582 1297 3633 in
1320 3589 1463 3634 terra
1484 3581 1760 3636 haberent.
1786 3581 1908 3636 Haec
1931 3598 2061 3638 sane

525 3677 651 3720 sunt
684 3683 912 3735 quorum
944 3683 1107 3723 causa
1138 3684 1311 3722 meam
1340 3670 1508 3724 fateor
1557 3670 1957 3739 infirmitatem;
1997 3688 2060 3727 ac

522 3754 669 3806 velut
701 3755 754 3806 in
798 3754 955 3823 cippo
989 3755 1385 3809 accusationem
1436 3757 1674 3811 inscribo
1707 3773 1899 3825 meam,
1933 3762 2058 3829 quia

519 3857 646 3910 pene
676 3844 803 3896 moti
824 3854 941 3896 sunt
970 3844 1119 3912 pedes
1144 3844 1261 3910 mei,
1294 3852 1341 3898 et
1376 3861 1500 3914 pene
1527 3848 1681 3915 effusi
1705 3859 1825 3902 sunt
1851 3866 2059 3918 gressus

525 3932 643 3993 mei,
698 3933 819 4001 quia
868 3933 1031 3987 κείαυὶ
1075 3949 1226 4001 super
1263 3934 1487 4003 iniquos,
1526 3950 1703 4002 pacem
1733 3949 2060 4007 peccatorum

522 4022 717 4075 uidens.

2180 518 2249 569 Σύ
2260 534 2472 587 μμαχος
2487 517 2657 578 οῦτως
2673 519 2705 587 ἡ
2713 535 2742 584 ρ
2750 517 3017 585 μὴνευσεν
3034 532 3047 544 ⁵
3064 517 3187 567 Ὅτι
3209 518 3312 568 οὐκ
3325 517 3663 588 ἐνεθυμοῦηο,

2178 611 2309 677 περὶ
2332 608 2593 662 θανάτου
2613 626 2625 638 ·
2665 609 2880 675 στερεὰ
2904 608 3015 675 γὰρ
3032 602 3112 676 ἦν
3135 606 3203 657 τὰ
3226 608 3480 674 πρόπυλα
3501 612 3662 664 αὐτῶν·

2177 700 2271 752 καὶ
2304 700 2449 769 ἑξῆς·
2488 701 2582 752 Ἐν
2617 698 3005 764 ταλαιπωρίᾳ,
3038 699 3217 766 φησὶν,
3240 697 3439 764 ἀνδρὸς
3469 703 3560 753 οὐκ
3579 703 3665 769 ἐγέ-

2176 808 2373 853 νοντο,
2423 789 2564 843 οὺδὲ
2589 789 2740 858 μετὰ
2786 787 3113 855 ἀνθρώπων
3145 785 3522 850 ὲπλήσσοντο.
3558 792 3663 844 Ἐπεὶ

2175 878 2266 935 οὖν
2296 883 2352 933 ὲν
2384 880 2642 941 τοιούτοις
2676 875 2838 949 ἦσαν,
2866 877 2966 930 διὰ
2989 877 3161 929 τοῦτο
3180 874 3486 942 ἐκράτησεν
3505 881 3662 947 αὐτοὺς

2173 972 2211 1038 ἠ
2262 970 2658 1038 ὑπερηφανία.
2711 969 2843 1021 Δέον
2876 967 2986 1037 γὰρ
3034 965 3245 1027 ἀσεϐεῖς
3297 965 3473 1028 ὄντας,
3512 969 3661 1023 ὅσονὲν

2174 1059 2533 1131 ἀνθρωπίνοις
2565 1058 2865 1126 λογισμοῖς,
2896 1055 3188 1125 τάπίχειρα
3226 1054 3438 1123 πάσχειν
3464 1058 3556 1117 τοῖς
3576 1058 3663 1110 acs-

2175 1150 2241 1221 δή
2250 1166 2440 1220 μασιν·
2475 1150 2524 1201 oi
2552 1148 2608 1200 δὲ
2637 1144 3057 1217 κατενετρύφων
3072 1145 3165 1196 τοῦ
3187 1145 3298 1213 βίου
3325 1144 3657 1214 θεομαχοῦντις.

2172 1242 2249 1292 Δι’
2284 1240 2311 1292 ὃ
2349 1239 2750 1309 ὲπιτριὸὀμενοι
2797 1236 3017 1307 χείρους
3059 1235 3261 1288 ἑαυτῶν
3306 1235 3571 1303 ἐγίγνοντο,
3598 1241 3659 1291 καὶ

2173 1328 2592 1398 περιεϐάλοντο
2665 1327 2909 1380 ἀδικίαν
2978 1326 3074 1378 καὶ
3145 1324 3411 1378 ἀσέϐειαν
3468 1327 3655 1379 ἑαυτῶν·

2172 1420 2287 1472 ἀνθ’
2315 1415 2375 1473 οῦ
2410 1420 2438 1471 6
2476 1419 2799 1488 Σύμμαχος·
2836 1416 3281 1484 Ὑπερηφανίαν,
3311 1416 3477 1484 φησὶν,
3505 1415 3657 1485 fulguri-

2172 1527 2381 1573 σαντο,
2429 1507 2741 1573 ἀποθήκας
2780 1506 2852 1570 ἐξ
2902 1506 3136 1570 ἀδικίας
3166 1508 3415 1572 ἔχοντες.
3455 1506 3553 1557 Ἔτι
3591 1507 3655 1575 μὴν

2172 1600 2306 1672 πρὸς
2325 1599 2554 1661 τούτοις·
2604 1597 3029 1660 Ἐξελεύσεται
3068 1596 3147 1661 ὡς
3177 1596 3244 1648 ἐκ
3271 1596 3497 1661 στέατος
3522 1595 3551 1659 ἠ
3575 1596 3653 1649 d6:-

2174 1692 2272 1744 κία
2308 1687 2534 1743 αὐτῶν·
2572 1682 2632 1741 οῦ
2660 1687 2725 1757 δὴ
2756 1685 3101 1757 σαφεστέραν
3132 1687 3159 1738 ὁ
3189 1685 3463 1755 Σύμμαχος
3483 1686 3651 1737 ἀπέδωκε

2171 1782 2269 1850 τὴν
2306 1781 2540 1833 διάνοιαν
2567 1778 2768 1831 εἰπών·
2802 1776 3181 1845 Προέπιπτον
3203 1775 3318 1829 ἀπὸ
3349 1775 3651 1841 λιπαρότητος

2169 1875 2221 1924 οί
2249 1870 2535 1939 ὀφθαλμοὶ
2563 1867 2794 1922 αὐτῶν·
2827 1868 2925 1921 καὶ
2941 1869 2970 1920 6
3001 1865 3228 1927 Ἀκύλας
3253 1866 3309 1918 δὲ
3332 1866 3509 1934 ὁμοίως
3529 1866 3650 1933 ἡρμή-

2169 1978 2321 2014 νευσε
2347 1961 2550 2031 φήσας·
2588 1956 2884 2024 Ἐξῆλθον
2904 1955 3024 2011 ἀπὸ
3051 1955 3300 2021 στέατος
3316 1956 3561 2024 ὀφθαλμοὶ
3584 1958 3653 2007 σὺ·

2166 2053 2300 2106 τῶν.
2339 2048 2450 2105 Εἶτ’
2488 2051 2581 2104 ἐπὶ
2625 2050 2874 2112 τούτοις·
2904 2047 3265 2113 Διήλθοσαν,
3296 2046 3463 2116 φησὶν,
3490 2049 3556 2111 εις
3572 2045 3650 2097 διὰ-

2168 2143 2335 2194 θεσιν
2364 2138 2627 2207 καρδίας,
2682 2137 3100 2205 διενοήθησαν
3161 2135 3256 2188 καὶ
3308 2134 3573 2201 ἐλάλησαν
3607 2134 3647 2184 ἐν

2168 2231 2447 2297 πονηρίᾳ·
2484 2229 2518 2282 ἃ
2543 2230 2637 2282 καὶ
2674 2227 2819 2281 αύτά
2870 2229 2899 2280 6
2936 2226 3229 2297 Σύμμαχος
3276 2226 3569 2295 ἡρμήνευσεν
3590 2220 3645 2273 οὔ·

2166 2337 2271 2373 τω·
2309 2319 2675 2386 Παρέϐαινον
2713 2320 2787 2372 τὰ
2828 2320 3163 2387 φαινόμενα
3193 2315 3265 2385 τῇ
3326 2315 3506 2382 καρδίᾳ
3535 2328 3646 2365 κατα-

2162 2409 2521 2478 μωκώμενοι.
2574 2409 2689 2461 Καὶ
2736 2408 2847 2478 γὰρ
2881 2408 3021 2460 αὐτὰ
3066 2407 3135 2460 τὰ
3166 2411 3273 2469 τοῖς
3303 2409 3493 2459 πάντων
3514 2403 3645 2471 ὀφθαλ-

2171 2502 2286 2570 μοῖς
2322 2497 2572 2569 ὁρώμενα
2606 2498 2749 2569 ἔργα
2796 2498 2890 2551 τοῦ
2934 2498 3094 2561 Θεοῦ,
3128 2499 3219 2551 καὶ
3258 2497 3321 2549 τὰ
3361 2495 3565 2567 προφανῆ
3587 2493 3646 2558 τῆς

2167 2591 2423 2660 Προνοίας
2472 2588 2729 2659 θαύματα
2781 2590 3114 2661 παρέϐαινον
3162 2583 3320 2652 οῦτοι,
3363 2587 3562 2646 νοοῦντες
3582 2583 3642 2651 μὲν

2168 2682 2259 2733 καὶ
2287 2680 2551 2741 συνιέντες
2571 2680 2735 2743 αύτά,
2772 2679 3243 2751 καταμωκώμενοι
3264 2680 3317 2730 δὲ
3338 2678 3419 2730 καὶ
3442 2674 3645 2745 χλευάζον-

2165 2787 2253 2833 τες
2274 2770 2336 2820 δι’
2369 2768 2674 2839 ὑπερϐολὴν
2719 2772 3003 2832 ἀπονοίας.
3046 2772 3165 2822 Ἔτι
3195 2770 3295 2839 μὴν
3314 2767 3573 2832 ἐλάλησαν
3604 2763 3647 2813 ἐν

2166 2860 2436 2926 πονηρίᾳ,
2484 2859 2583 2911 καὶ
2639 2858 2891 2913 ἀδικίαν
2928 2864 3017 2926 εις
3064 2861 3128 2913 τὸ
3173 2861 3323 2927 ὕψος
3360 2858 3644 2925 tit-caenum.

2170 2952 2412 3005 Ἐθεντό
2441 2966 2502 3002 τε
2550 2952 2640 3015 είς
2676 2954 2945 3019 οὐρανὸν
2983 2951 3045 3004 τὸ
3092 2954 3279 3019 στόμα
3314 2948 3505 3009 αὐτῶν,
3529 2945 3646 3004 καὶὴ

1889 3042 2063 3112 lingua

2165 3042 2410 3110 γλῶσσα
2461 3041 2665 3094 αὐτῶν
2703 3043 2961 3111 διῆλθεν
2997 3042 3095 3095 ἐπὶ
3124 3041 3230 3109 τῆς
3267 3041 3386 3111 γῆς.
3420 3040 3511 3091 Καὶ
3533 3034 3646 3087 sai-.2

2163 3133 2219 3185 δὲ
2269 3135 2294 3185 6
2346 3132 2646 3202 Σύμμαχος
2694 3134 2870 3197 οὕτως
2921 3135 3284 3204 ἡρμήνευσεν·
3340 3125 3645 3184 Ὲλάλουνὲν

2163 3219 2361 3289 πολλῇ
2386 3223 2790 3287 συκοφαντίᾳ,
2806 3223 2911 3275 τοῦ
2930 3223 3127 3289 ὕψους
3142 3217 3647 3273 κατελάλουν.Ἐτασ-

2165 3327 2279 3363 σον
2293 3314 2377 3376 εὶς
2393 3311 2660 3378 οὐρανὸν
2675 3313 2740 3364 τὸ
2760 3314 2957 3381 στόμα
2973 3312 3169 3367 αὐτῶν
3186 3329 3196 3339 ·
3214 3313 3250 3378 ἡ
3275 3312 3338 3364 δὲ
3355 3309 3557 3379 γλῶσσα
3576 3304 3641 3354 αὺ-

2164 3400 2281 3453 τῶν
2306 3401 2764 3469 περιπατήματα
2800 3404 2873 3455 ἐν
2900 3403 2976 3471 τῇ
3012 3403 3109 3471 τῇ.
3149 3404 3426 3472 Βλάσφημα
3450 3399 3535 3466 γὰρ
3561 3409 3640 3463 πρε

2165 3492 2449 3561 φερόμενοι
2481 3493 2709 3561 ῥήματα
2776 3494 2919 3547 κατὰ
2948 3495 3040 3546 τοῦ
3069 3494 3220 3556 Θεοῦ,
3250 3494 3319 3555 ὡς
3343 3492 3459 3562 μήτε
3482 3486 3641 3556 ὁρῶντος

2167 3585 2301 3652 μήτε
2356 3582 2819 3646 ὲπισκοποῦντος,
2882 3587 3019 3655 μήτε
3070 3584 3174 3654 μὴν
3214 3584 3327 3636 ὅλον
3376 3580 3639 3647 ὑπάρχοντοςν

2164 3674 2371 3726 ἀδικίαν
2395 3675 2473 3734 εἱς
2495 3673 2556 3725 τὸ
2588 3674 2726 3743 ’ύψος
2753 3675 3045 3746 ἐλάλησαν,
3076 3677 3167 3727 καὶ
3199 3676 3350 3745 μέχρι
3379 3670 3458 3724 τοῦ
3484 3659 3637 3735 οὐρενώ

2165 3762 2422 3827 ὲξέτεινον
2456 3764 2668 3817 ἑαυτῶν
2687 3765 2748 3817 τὸ
2782 3766 2979 3836 στόμα·
3010 3768 3104 3819 καὶ
3129 3765 3296 3818 ταῦτα
3321 3760 3525 3816 ταπεινοὶ
3542 3754 3636 3808 ὅντες

2164 3854 2254 3906 xui.
2274 3855 2368 3923 τὴν
2397 3853 2649 3920 γλῶσσαν
2683 3855 2779 3908 ἐπὶ
2814 3857 2917 3925 τῆς
2958 3859 3062 3927 γῆς
3108 3858 3326 3927 ἔχοντες.
3360 3850 3499 3906 Ταῦτ’
3530 3842 3576 3914 ἧν
3596 3839 3635 3891 δι’

2162 3944 2196 3996 ἃ
2228 3944 2535 4013 ὡμολόγουν
2573 3945 2636 3998 τὸ
2679 3948 2924 4014 ἐμαυτοῦ
2958 3948 3146 4010 πάθος,
3182 3947 3294 4000 κατ’
3328 3938 3528 4013 ἐμαυτοῦ
3560 3946 3635 3994 στη-

2161 4034 2381 4088 λιτεύων
2414 4033 2693 4104 ἔγγραφον
2728 4039 3084 4108 κατηγορίαν,
3112 4037 3203 4090 καὶ
3222 4037 3297 4088 ὅτι
3326 4031 3465 4101 παρὰ
3490 4019 3636 4108 μικρᾷ

520 4112 932 4179 ἐσαλεύθησαν
957 4116 1009 4167 οί
1074 4113 1251 4179 πόδες
1267 4131 1403 4182 μου,
1460 4113 1556 4167 καὶ
1612 4131 1729 4182 παρ
1779 4118 1983 4188 ὀλίγον
2035 4122 2287 4191 ἐξεχύθη
2330 4125 2401 4177 τὰ
2459 4122 2799 4192 διαδήματὰ
2836 4105 2978 4195 μοι),
3020 4126 3106 4178 ὅτι
3149 4124 3402 4189 ἐζήλωσα
3435 4116 3515 4171 ἐπὶ
3554 4105 3635 4170 τοῖς

522 4204 781 4273 ἀνόμοις,
805 4204 1049 4273 εἰρήνην
1076 4203 1429 4273 ἁμαρτωλῶν
1455 4204 1701 4272 θεωρῶν.

592 4317 756 4372 Vsus.
790 4317 875 4369 10.
940 4314 1064 4370 Ideo
1111 4316 1441 4370 ’canvertetur
1497 4317 1718 4385 populus
1774 4332 1916 4372 meus
1947 4319 2139 4398 biero

2235 4316 2334 4368 Διά
2362 4313 2537 4367 τοῦτο
2571 4317 2931 4386 ἐπιστρέψει
2969 4322 3002 4372 ὁ
3028 4320 3174 4383 λαός
3196 4334 3307 4386 μου
3331 4312 3555 4369 ἐνταῦθα,
3572 4306 3630 4359 καὶ

521 4416 569 4461 et
601 4405 710 4459 «ﬂes
738 4404 873 4474 pleni
893 4404 1213 4459 invenientur
1240 4404 1294 4457 in
1317 4405 1411 4459 eis.
1438 4403 1613 4459 Athea
1641 4405 1731 4459 illa
1766 4407 2052 4477 impiorum

2165 4406 2369 4475 ἡμέραι
2399 4403 2663 4474 πλήρεις
2693 4410 3121 4477 εὑρεθήσονται
3164 4409 3230 4461 ἐν
3263 4404 3463 4470 αὐτοῖς.
3490 4401 3547 4455 Τὰ
3572 4399 3630 4468 μὲν

521 4496 666 4551 dicta
694 4502 746 4549 et
772 4510 956 4549 eorum
1013 4495 1288 4566 superbia,
1343 4510 1462 4564 qua:
1494 4510 1674 4550 rerum
1727 4498 2054 4566 potiebatur,

520 4585 646 4640 talis
683 4590 799 4639 erat
832 4585 1007 4654 qualis
1036 4590 1461 4640 commonstrata
1507 4591 1611 4639 est.
1654 4583 1763 4639 Nec
1810 4586 2060 4656 ignoran-

519 4676 646 4732 dum
664 4677 777 4731 ba:c
794 4676 906 4746 ipsa
923 4677 1119 4745 populo
1135 4691 1254 4731 meo
1280 4676 1334 4729 in
1361 4676 1558 4730 bonum
1582 4676 1833 4732 vertisse.
1854 4676 2058 4731 Etiam-

520 4771 567 4824 si
624 4769 766 4824 enim
816 4767 882 4821 ad
931 4766 1196 4836 quoddam
1237 4774 1447 4835 tempus
1488 4768 1717 4836 populus
1751 4784 1902 4823 meus
1957 4768 2058 4822 im-

520 4858 625 4927 piis
647 4858 755 4913 illis
777 4857 842 4910 ad
869 4863 1212 4925 peccatorum
1257 4856 1618 4924 expiationem
1655 4857 1886 4911 traditus
1922 4858 1992 4911 sit
2037 4875 2051 4911 :

520 4946 617 5000 sed
658 4944 900 5001 stultitiae
932 4957 1119 4998 eorum
1173 4945 1576 5014 exsuperantia,
1630 4960 1747 5013 qua:
1796 4946 1964 4999 ruinae
1992 4961 2054 5000 ac

524 5034 781 5102 perniciei
812 5033 944 5103 ipsis
975 5047 1135 5086 causa
1164 5031 1283 5096 fuit,
1317 5032 1626 5102 quiescendi
1658 5049 1721 5087 ac
1751 5034 2053 5103 respirandi

526 5123 699 5177 locum
725 5124 921 5192 populo
942 5137 1061 5176 meo
1089 5122 1257 5176 dabit.
1288 5121 1421 5175 Nam
1458 5137 1579 5177 cum
1608 5122 1683 5175 illi
1715 5122 1783 5177 ob
1808 5123 2053 5191 impieta-

526 5217 605 5264 tes
656 5224 783 5265 suas
835 5209 1067 5278 prolapsi
1118 5210 1406 5278 perierint,
1444 5220 1764 5265 conrertetur
1832 5204 2051 5279 populus

526 5314 663 5352 meus
699 5298 820 5359 hic;
857 5298 909 5352 id
939 5306 1042 5361 est.
1091 5300 1145 5353 in
1178 5301 1428 5370 praesenti
1461 5302 1569 5355 vita
1613 5320 1625 5356 :
1676 5310 1723 5355 et
1764 5300 1871 5354 dies
1916 5301 2053 5368 pleni

526 5385 841 5439 invenientur
871 5389 926 5440 in
958 5389 1067 5451 eis;
1103 5389 1155 5444 id
1185 5400 1288 5455 est,
1321 5394 1375 5446 in
1407 5393 1473 5448 iis
1503 5408 1533 5447 e
1565 5392 1764 5462 papulo
1797 5406 1917 5447 meo
1960 5392 2050 5460 qui

526 5470 672 5538 digni
703 5474 919 5527 iuerint.
967 5477 1089 5530 Dies
1116 5480 1259 5547 pleni
1301 5490 1478 5535 autem
1507 5489 1634 5536 sunt
1666 5482 1727 5544 ii,
1761 5482 1850 5550 qui
1877 5483 2051 5536 omnis

526 5556 646 5610 boni
678 5562 863 5627 νθβιθῑί
890 5574 1035 5628 sunt,
1063 5574 1115 5618 et
1144 5569 1233 5636 qui
1265 5571 1468 5638 justum
1494 5573 1618 5626 vitae
1641 5572 1873 5642 spatium
1898 5586 2051 5625 coni-

527 5646 688 5713 plent.
719 5646 807 5703 Sic
835 5650 1029 5706 alicubi
1055 5654 1247 5711 dicitur
1279 5679 1290 5714 :
1352 5660 1591 5716 Mortuus
1625 5671 1700 5718 est
1732 5663 1911 5731 plenus
1942 5662 2051 5717 die—
2084 5733 2113 5742 Δ

2160 4496 2290 4550 ἄθεα
2315 4495 2422 4549 τῶν
2478 4497 2701 4551 ἀσεϐῶν
2756 4502 2976 4571 ῥήματα
3021 4500 3112 4553 καὶ
3140 4500 3171 4568 ἡ
3202 4497 3487 4568 κρατήσασα
3514 4484 3629 4542 αὐτῶν

2159 4586 2502 4657 ὑπερηφανία
2528 4591 2762 4662 τοιαύτη
2800 4609 2882 4654 τις
2900 4587 2968 4661 ἦν
2989 4590 3073 4643 οἵα
3097 4586 3387 4659 δεδήλωται.
3408 4582 3506 4653 Χρὴ
3529 4578 3567 4631 δξ
3582 4574 3627 4671 Pi

2156 4678 2387 4745 ἀγνοεῖν,
2436 4678 2511 4742 ὡς
2547 4681 2697 4734 αὑτά
2740 4682 2914 4735 ταῦτα
2951 4682 3084 4752 πρὸς
3105 4678 3298 4749 ἀγαθοῦ
3326 4674 3555 4744 γεγένηται
3581 4678 3627 4728 τῳ

2158 4766 2274 4837 ἐμῷ
2299 4767 2433 4839 λαῷ.
2465 4770 2531 4822 Ei
2564 4770 2678 4841 γὰρ
2707 4772 2805 4825 καὶ
2844 4771 2914 4825 τὰ
2958 4770 3181 4841 μάλιστα
3212 4768 3341 4839 πρός
3357 4780 3457 4817 τινα
3499 4752 3624 4841 καιρὸν

2155 4857 2335 4918 αὐτοῖς
2368 4857 2603 4923 ἐκείνοις
2648 4840 2760 4923 τοῖς
2793 4840 3041 4913 ἀσεϐέσιν
3070 4860 3098 4911 6
3133 4857 3257 4927 ἐμὸς
3296 4853 3408 4913 λαὸς
3432 4840 3623 4916 παρεδόθη

2156 4947 2234 5006 εἰς
2284 4947 2554 5018 ἔκπραξιν
2611 4952 3049 5023 ἁμαρτημάτων,
3084 4948 3195 5002 ἀλλ’
3237 4948 3267 5017 ή
3317 4935 3537 5010 ὑπερόολὴ
3561 4931 3622 4995 τῆ(

2152 5032 2258 5087 τῶν
2289 5035 2701 5105 προλεχθέντων
2728 5038 3006 5104 ἀπονοίας,
3043 5038 3238 5091 πτῶσιν
3267 5033 3425 5091 αὐτοῖς
3454 5028 3621 5115 ἐργασας

2156 5121 2286 5192 μένη
2320 5123 2415 5175 καὶ
2453 5124 2679 5198 ὀλέθρου
2710 5128 2978 5199 γενομένη
3020 5128 3195 5189 αὐτοῖς
3213 5123 3363 5181 αἶτίαο
3390 5118 3533 5171 ἄνεσιν
3561 5118 3619 5199 Ψ

2152 5214 2425 5286 ἀναπνοὴν
2477 5218 2557 5287 τῷ
2586 5195 2729 5290 ’ἐμῷ
2776 5195 2998 5292 παρέξει
3039 5219 3166 5289 λαῷ.
3214 5195 3617 5292 smmum?

2150 5304 2371 5357 ικεενων
2408 5307 2501 5360 καὶ
2542 5290 2894 5382 ἀπολομένων
2925 5310 3012 5364 διὰ
3053 5309 3148 5372 τὰς
3183 5306 3368 5365 οεκείπς
3396 5290 3609 5381 ἀσεϐείπῗ

2152 5397 2185 5447 ό
2212 5396 2362 5462 λαός
2389 5416 2504 5465 μου
2555 5401 2910 5471 ἐπιστρέψει
2942 5401 3215 5461 ἐνταῦθα,
3252 5393 3482 5448 τουτέστιν
3504 5383 3546 5431 ὲν
3560 5391 3612 5471 ξιξ)

2149 5463 2537 5561 παρόντιήβίῳο
2575 5492 2676 5545 καὶ
2702 5463 2907 5561 ἡμέραι
2941 5491 3180 5557 πλήρεις
3193 5463 3610 5554 εὑρεθήσονται-ἐγ

2150 5577 2373 5643 αὐτοῖς,
2397 5560 2603 5653 δηλαδὴ
2636 5560 2750 5645 τοῖς
2795 5584 2852 5635 ἒν
2893 5583 2969 5653 τῷ
2996 5580 3108 5650 ὲμῷ
3133 5577 3237 5646 λαῷ
3262 5572 3417 5637 dam"

2151 5667 2204 5719 δὲ
2234 5669 2443 5739 ἡμέρας
2468 5673 2613 5725 εἰσὶν
2636 5676 2687 5726 ai
2720 5674 2919 5737 παντὸς
2936 5671 3129 5741 ἀγαθοῦ
3163 5655 3527 5731 πεπληρωμέναι,
3546 5655 3608 5692 και
