3796 6374
147 422 316 524 ﬂii

1389 463 1883 520 COMMENTABIA
1907 464 1978 518 ιΝ
2010 465 2343 520 PSA’LMOS.

3338 466 3441 520 8.32

197 551 324 616 Λδν
368 557 581 620 οἰκεῖον
620 575 827 642 χρόνον
873 581 967 649 τῆς
1007 579 1148 650 ζωῆς
1188 580 1608 650 αποπληροῦσαι.
1670 581 1808 634 Οῦτα

1922 600 2034 635 rum
2058 585 2095 636 ¹.
2130 582 2274 636 Meus
2297 597 2423 650 ergo
2445 581 2670 650 populus
2702 580 2770 632 ab
2801 579 2867 632 iis
2897 577 3178 631 utilitatem
3209 578 3435 645 accepit.

213 652 496 726 ᾳέἳεκταί
543 678 676 728 που,
723 668 808 720 ὅτι
862 669 1161 736 ’Βκοιμήθη
1194 670 1424 736 πλήρης
1463 670 1709 738 ἡμερῶν.
1761 670 1818 722 ’0

245 748 354 824 μὲν
403 743 497 803 οὖν
549 753 686 822 ἐμὸς
728 756 860 820 λαὸς
895 761 958 811 ἐκ
986 758 1188 811 τούτων
1226 759 1519 828 ὠφέληται·
1549 760 1602 812 οῖ
1625 777 1686 826 γε
1713 760 1816 829 μὴν

258 842 655 916 πρόλεχθέντες
686 846 904 909 ἀσεϐεῖς
950 847 1044 899 καὶ
1081 845 1224 900 ἄθεοι
1251 846 1418 910 οὕτως
1453 847 1695 916 ἠσέϐουν,
1742 849 1817 912 ὡς

259 935 394 995 τοὺς
414 932 658 1003 ὁρῶντας
709 935 1005 1004 ἀμηχανεῖν
1045 935 1137 988 καὶ
1183 935 1383 1004 λέγειν·
1418 936 1547 1001 Πῶς
1595 937 1742 1005 ἔγνω
1783 941 1817 991 ό

256 1021 434 1085 θεὸς,
485 1022 587 1074 καὶ
618 1023 670 1074 εἰ
702 1022 833 1074 ἔστι
869 1022 1086 1091 γνῶσις
1120 1023 1188 1076 ἐν
1208 1023 1287 1087 τῷ
1321 1023 1597 1092 Tyriote);
1630 1027 1678 1078 εί
1710 1026 1816 1095 γάρ

250 1114 414 1163 ἐστιν
442 1114 507 1164 ’ἐν
553 1111 632 1181 τῷ
683 1113 925 1184 ’Υψίστῳ
961 1113 1175 1180 γνῶσις,
1223 1115 1314 1168 καὶ
1349 1116 1396 1166 εί
1420 1115 1584 1167 ταῦτα
1627 1119 1812 1186 ἐφορᾷ,

248 1201 355 1253 καὶ
423 1201 556 1263 τοὺς
605 1202 698 1254 ἐπὶ
749 1202 851 1271 γῆς
899 1204 1195 1268 ἐπισκοπεῖ,
1242 1203 1358 1265 πῶς
1410 1196 1551 1256 οὗτοι
1597 1205 1816 1258 τοιαῦτα

237 1283 500 1354 δρῶντες
561 1285 894 1353 εὐθηνοῦσιν,
943 1289 1036 1340 καὶ
1086 1290 1163 1350 είς
1206 1289 1295 1341 τὸν
1337 1290 1504 1342 αἰῶνα
1560 1291 1815 1360 κατέσχον

237 1374 532 1438 πλούτους
562 1373 733 1442 Κάγὼ
769 1375 845 1438 δέ,
865 1375 1032 1428 ταῦτα
1058 1376 1290 1446 θεωρῶν.
1315 1377 1677 1448 ἐθορυϐούμην
1705 1383 1814 1441 τοῖς

235 1461 570 1532 λογισμοῖς,
617 1463 693 1525 ὡς
730 1464 863 1533 πρὸς
904 1463 1134 1533 ἐμαυτὸν
1170 1466 1363 1517 ἐννοεῖν
1382 1483 1397 1496 ο
1429 1465 1668 1530 Μήποτε
1702 1467 1814 1535 ἄρα

226 1555 528 1622 ματαίως
554 1553 873 1607 ἐδικαίωσα
905 1554 1020 1622 τὴν
1063 1555 1306 1622 καρδίαν
1324 1573 1459 1622 μου,
1488 1557 1581 1609 καὶ
1613 1556 1814 1623 ἐνιψά-

223 1660 382 1712 μην
409 1645 484 1695 ἐν
516 1643 729 1707 ἀθώοις
747 1643 851 1708 τὰς
871 1643 1066 1710 χεῖράς
1081 1663 1199 1713 μου
1221 1683 1236 1704 ,
1271 1645 1366 1697 καὶ
1396 1644 1680 1713 ἐγενόμην
1712 1663 1812 1712 με·

221 1734 717 1802 μαστιγωμὲτός
753 1731 905 1799 ὅλην
953 1731 1067 1800 τὴν
1097 1734 1337 1801 ἡμέραν,
1380 1735 1475 1786 καὶ
1514 1737 1547 1786 ὁ
1569 1734 1811 1803 ἔλεγχός

213 1839 374 1891 μου
414 1825 506 1888 είς
573 1822 680 1886 τὰς
725 1824 978 1888 πρωΐαςς
1006 1823 1068 1874 El
1107 1821 1214 1892 γὰρ
1245 1825 1353 1886 τοῖς
1405 1823 1477 1893 μὴ
1515 1822 1683 1875 ταῦτα
1713 1841 1810 1874 πε-

1920 672 2000 724 Illi
2042 688 2166 726 vero
2201 671 2437 740 praedicti
2481 671 2626 738 impii
2657 678 2709 723 et
2734 669 2875 722 atluei
2906 682 2972 720 eo
3001 682 3169 735 usque
3197 667 3441 735 impieta-

1914 763 1989 814 tis
2019 767 2397 830 proruperunt,
2447 766 2503 810 ut
2544 759 2633 827 qui
2683 758 2934 812 videbant
2965 763 3181 824 stupore
3205 755 3439 823 perculsi

1919 848 2158 903 dicerent
2196 868 2209 902 :
2255 848 2523 913 Quomodo
2553 847 2648 900 scit
2683 845 2836 906 Deus,
2881 855 2930 898 et
2961 846 3008 898 si
3034 853 3110 897 est
3141 842 3358 897 scientia
3385 844 3440 894 in

1920 937 2228 992 Altissimo?
2278 935 2409 989 Nam
2452 938 2495 990 si
2538 937 2592 989 in
2623 935 2900 989 Altissimo
2928 933 3147 988 scientia
3191 934 3436 993 exsistat.

1919 1028 2070 1096 isque
2111 1028 2239 1080 talia
2270 1028 2466 1090 videat,
2515 1027 2919 1094 terrigenasque
2962 1031 3132 1087 curet,
3165 1036 3330 1090 quare
3360 1021 3436 1074 illi

1916 1119 2043 1169 talia
2083 1119 2301 1172 edentes
2334 1117 2568 1170 facinora
2593 1132 2845 1184 prospere
2869 1124 3052 1184 agunt,
3077 1122 3130 1168 et
3166 1114 3218 1166 in
3265 1127 3436 1166 saecu-

1919 1205 2023 1256 lum
2059 1220 2228 1271 usque
2261 1203 2474 1256 divitias
2500 1204 2778 1258 obtinent?
2799 1202 2920 1255 Haec
2939 1215 3067 1254 vero
3097 1198 3438 1268 conspicatus

1916 1307 2034 1362 ego,
2057 1292 2469 1362 cogitationibus
2497 1293 2775 1353 turbabar,
2810 1291 2881 1343 ita
2914 1297 2988 1342 'ut
3021 1302 3182 1357 penes
3235 1302 3318 1341 me
3345 1300 3437 1340 co-

1915 1385 2158 1450 gitarem,
2191 1381 2455 1450 Numquid
2489 1383 2599 1434 sine
2623 1398 2780 1433 causa
2803 1381 3088 1448 justiﬁcavi
3127 1395 3220 1432 cor
3248 1395 3434 1439 meum,

1913 1479 1962 1521 et
1987 1470 2085 1521 lavi
2114 1469 2245 1522 inter
2273 1470 2561 1522 innocentes
2603 1485 2784 1521 manus
2827 1485 2997 1530 meas,
3047 1477 3093 1519 et
3144 1468 3220 1534 fui
3262 1467 3438 1536 ﬂagel-

1917 1559 2055 1612 latus
2097 1570 2205 1612 tota
2236 1559 2338 1621 die,
2379 1571 2426 1613 et
2453 1562 2730 1629 castigatio
2775 1577 2887 1612 mea
2909 1561 2969 1610 .in
3013 1561 3327 1611 matutinis?
3381 1559 3436 1612 Si

1914 1649 2054 1702 cnim
2091 1650 2157 1704 iis
2189 1651 2278 1717 qui
2309 1651 2418 1704 haec
2442 1652 2658 1704 minime
2680 1659 2938 1719 peragunt
2971 1657 3118 1703 tanta
3149 1651 3278 1702 insit
3310 1666 3436 1718 pro-

1915 1739 2166 1806 speritas,
2221 1741 2275 1792 in
2315 1755 2507 1792 vanum
2536 1754 2659 1807 ergo
2683 1740 2885 1800 laboro,
2918 1737 3185 1805 superﬂue
3215 1737 3441 1804 iustitiae

1918 1829 2128 1890 studeo,
2170 1827 2368 1884 frustra
2419 1837 2472 1882 et
2493 1829 2768 1882 incassum
2810 1842 3000 1881 manus
3027 1835 3078 1880 et
3105 1834 3256 1879 actus
3290 1841 3438 1879 meos

219 1911 517 1982 ττοιηκόσι
577 1911 809 1980 τοσαύτη
855 1911 1110 1982 πάρεστιν
1154 1912 1416 1982 εὐθυμία,
1468 1915 1546 1975 εἰς
1595 1913 1808 1982 μάταιον

1912 1918 2110 1986 iniquis
2140 1919 2391 1986 operibus
2420 1932 2585 1986 puros
2621 1918 2826 1972 servavi
2851 1932 2864 1980 ;
2902 1917 3098 1969 frustra
3130 1916 3354 1983 jeiuuiis
3384 1923 3438 1969 et

214 1999 366 2068 ἄρα
399 1997 514 2066 ἐγὼ
544 1998 741 2060 κοπιῶ,
759 1999 852 2050 καὶ
869 2000 1132 2068 περιττῶς
1147 2000 1452 2053 ἐσπούδακα
1475 2002 1812 2071 δικαιοσύνης

221 2091 681 2159 ἐπιμελόμενος·
702 2091 829 2160 εἱκῆ
851 2090 908 2142 δέ
924 2091 1014 2142 καὶ
1020 2090 1197 2159 μάτην
1211 2090 1444 2158 ἐφύλαξά
1465 2109 1561 2160 μου
1577 2092 1672 2154 τὰς
1698 2095 1810 2161 χεῖ-

220 2195 361 2248 ρας
373 2177 578 2240 καὶτὰς
590 2175 814 2248 πράξεις
825 2176 883 2239 ἐξ
900 2176 1093 2228 ἀδίκων
1109 2177 1296 2248 ἔργων’
1314 2178 1434 2246 εἱκῆ
1447 2179 1534 2230 καὶ
1547 2179 1810 2249 νηστείαις

211 2267 350 2320 καὶ
381 2267 780 2328 κακοπαθείαις
802 2265 1146 2335 κατατρύχων
1176 2267 1403 2335 ἐμαυτὸν
1427 2268 1518 2319 καὶ
1543 2269 1808 2337 μαστίζων

213 2357 438 2408 πᾶσαν
486 2355 706 2425 ἡμέραν
757 2354 1054 2408 διετέλεσα·
1102 2356 1220 2425 εἰκῆ
1252 2356 1343 2407 καὶ
1373 2356 1542 2425 μάτην
1565 2358 1803 2420 ἐπόνουν,

216 2446 370 2514 ἅμα
404 2448 473 2515 τῇ
506 2446 584 2515 ἕῳ
599 2446 948 2515 ἀνιστάμενος
972 2443 1063 2496 καὶ
1087 2445 1414 2516 ἐξαγορεύων
1443 2448 1499 2498 ἐν
1526 2449 1642 2508 ταῖς
1675 2449 1807 2517 πρὸς

219 2536 336 2588 τὸν
369 2535 514 2588 Θεὸν
541 2535 728 2605 εὐχαῖς
748 2536 845 2597 τὰς
868 2535 1097 2605 ἐμαυτοῦ
1121 2535 1389 2605 ἁμαρτίας
1417 2535 1808 2605 ἁποκλαόμενός

222 2643 296 2677 τε
357 2626 462 2678 καὶ
505 2627 634 2687 τοὺς
693 2628 812 2677 κατ’
862 2624 1096 2695 ἐμαυτοῦ
1148 2625 1433 2696 προφέρων
1477 2626 1724 2695 ἐλέγχους
1750 2629 1805 2678 ἐν

225 2719 366 2780 ταῖς
402 2717 550 2786 πρὸς
575 2716 666 2768 τὸν
694 2716 823 2767 Θεὸν
852 2715 1282 2786 ἐξομολογήσεσι.
1313 2713 1474 2768 Ταῦτ’
1493 2711 1559 2786 ἦν
1589 2715 1624 2768 ἆ
1656 2714 1805 2768 ἐνθυ-

231 2806 350 2874 μού
360 2823 553 2875 μενος,
579 2805 728 2874 παρὰ
763 2805 954 2876 μικρὸν
986 2805 1334 2875 ἐσαλευόμην.
1373 2805 1514 2858 Ἀντὶ
1532 2805 1588 2858 δὲ
1605 2804 1804 2858 τούτων

1910 2010 2168 2061 terumnis
2195 2022 2279 2060 me
2307 2005 2545 2076 quotidie
2572 2004 2829 2075 ﬂagellavi
2852 2013 2904 2058 et
2933 2004 3227 2069 maceravi;
3261 2004 3439 2057 ineas»

1916 2112 2032 2151 sum
2059 2096 2318 2160 laboravi,
2344 2111 2465 2149 cum
2483 2110 2680 2149 aurora
2706 2110 2930 2163 surgens
2947 2105 2998 2147 et
3024 2094 3077 2146 in
3103 2093 3436 2148 oralionibus

1913 2185 2046 2238 meis
2074 2193 2292 2252 peccata
2333 2197 2446 2238 mea
2475 2183 2736 2236 conlitens
2764 2196 2825 2234 ac
2861 2181 3164 2249 deplorans,
3192 2189 3350 2248 atque
3377 2180 3434 2233 in

1913 2274 2342 2328 confessionibus
2363 2272 2472 2328 Deo
2498 2273 2711 2327 emissis
2757 2271 3126 2324 accusationes
3151 2269 3432 2322 adversum

1907 2377 1991 2416 me
2015 2361 2309 2430 proferens.
2339 2361 2461 2415 Haec
2487 2370 2640 2415 erant
2667 2377 2783 2432 quae
2817 2360 2940 2412 dum
2970 2359 3258 2428 cogitarem
3301 2373 3434 2426 pene

1907 2452 2106 2505 ell‘usus
2136 2466 2276 2506 sum.
2313 2450 2416 2504 Pro
2449 2451 2556 2504 illis
2584 2465 2710 2504 vero
2741 2449 3093 2519 Symmachus
3136 2449 3214 2502 sic
3261 2447 3430 2500 inter-

1909 2549 2145 2610 pretatus
2179 2548 2295 2595 est:
2330 2539 2597 2593 Fortassis
2629 2541 2792 2608 igitur
2808 2548 2856 2591 et
2883 2555 2970 2606 ego
2995 2538 3193 2606 {rustra
3215 2535 3430 2604 purgan

1907 2631 2134 2682 animam
2167 2645 2350 2693 meam,
2369 2641 2423 2683 et
2451 2629 2556 2683 lavi
2584 2630 2636 2681 in
2666 2630 2954 2681 innocentia
2987 2644 3168 2680 manus
3187 2644 3348 2689 meas,
3383 2637 3433 2678 et

1904 2720 2216 2786 perseveravi
2245 2719 2456 2772 delusus
2490 2719 2707 2789 singulis
2747 2718 2948 2782 diebus,
2994 2728 3043 2772 et
3094 2717 3428 2786 reprehensus

1907 2809 2122 2876 singulis
2155 2808 2445 2862 matutinis.

226 2900 259 2950 ό
315 2900 634 2968 Σύμμαχος
667 2899 852 2950 τοῦτον
879 2899 1180 2968 ἡρμήνευσε
1207 2896 1297 2949 τὸν
1330 2898 1525 2968 τρόπον
1549 2913 1564 2928 ⁶
1637 2899 1801 2962 Ἰο-ως
1838 2894 1949 2952 οὖν
1973 2900 2129 2968 κάγὼ
2143 2901 2337 2968 μάτην
2357 2901 2609 2967 ἐκάθαρα
2627 2900 2738 2967 τὴν
2750 2901 2955 2968 ψυχήν
2969 2918 3105 2968 μου,
3169 2899 3263 2952 καὶ
3314 2899 3430 2951 ἐνι-

229 2992 580 3060 πτόμηνέν
607 2989 1015 3058 ἀντιμαρτησίᾳ
1083 2989 1189 3054 τὰς
1245 2989 1449 3058 χεῖράς
1469 3007 1606 3058 μου,
1667 2991 1763 3044 καὶ
1794 2991 2096 3046 διετέλεσα
2133 2994 2624 3062 μυκτηριζόμενος
2677 2994 2800 3046 καθ’
2852 2992 3116 3059 ἑκάστην
3157 2993 3380 3060 ἡμέραν
3401 3030 3418 3053 .

228 3086 340 3138 καὶ
384 3085 793 3152 ἐλεγχόμενος
819 3082 943 3137 καθ’
973 3082 1227 3136 ἕκαστον
1250 3083 1478 3150 ὄρθρον.

312 3197 391 3247 El
443 3196 684 3261 ἔλεγον.
725 3193 1083 3260 Διηγήσομαι
1131 3193 1332 3257 οὕτως,
1364 3193 1492 3246 ἰδοὺ
1529 3194 1604 3262 τῇ
1637 3193 1808 3263 γενεᾷ

1977 3191 2140 3247 Vsus.
2175 3192 2353 3245 iii-I7.
2379 3191 2440 3245 Si
2465 3191 2716 3250 dicebant,
2749 3187 2993 3242 Narrabo
3019 3191 3113 3251 sic,
3141 3206 3256 3241 ecce
3278 3206 3429 3258 gene-

231 3285 370 3338 τών
409 3283 566 3336 υἱῶν
607 3295 729 3335 σου
775 3281 1180 3348 ήσυντέθεικα.
1213 3282 1322 3334 Καὶ
1369 3284 1667 3336 ὑπέλαϐον
1703 3284 1808 3337 τοῦ

232 3374 480 3444 γνῶναι
520 3371 717 3432 τοῦτο,
766 3373 948 3436 κόπος
969 3371 1135 3424 ἐστίν
1166 3371 1414 3424 ἐνώπιόν
1445 3389 1586 3440 μου·
1612 3369 1807 3439 ἐωςοῦ

231 3465 512 3519 εἰσέλθω
561 3463 650 3526 εἰς
686 3460 750 3512 τὸ
779 3460 1160 3528 ἀγιαστήριον
1194 3459 1297 3512 τοῦ
1326 3461 1488 3522 Θεοῦ,
1524 3462 1618 3514 καὶ
1645 3462 1808 3516 συνῶ

230 3562 331 3625 εὶς
359 3558 441 3610 τὰ
464 3557 700 3622 ἔσχατα
725 3552 937 3606 αὐτῶν.
959 3553 1039 3604 Τὰ
1067 3551 1418 3622 προλεχθέντα
1443 3554 1498 3604 ἐν
1513 3556 1621 3614 τοῖς
1645 3555 1809 3622 ἐμαυ-

232 3647 338 3703 τοῦ
393 3645 684 3713 λογισμοῖς
730 3641 1059 3712 ἐνεθυμήθην
1097 3641 1224 3693 αὐτὸ
1265 3642 1439 3711 μόνον,
1488 3643 1569 3708 ἐφ’
1592 3637 1670 3704 οἷς
1715 3643 1806 3695 καὶ

231 3735 601 3794 ἒκινδύνευον
626 3732 780 3786 σάλον
810 3732 1015 3793 παθεῖν,
1049 3731 1108 3784 οὐ
1145 3731 1247 3802 μὴν
1275 3733 1365 3784 καὶ
1385 3731 1698 3802 ἐξηγόρευον
1730 3736 1807 3795 εἰς

232 3827 501 3897 ἐτέρους.
544 3824 609 3874 Εἰ
630 3821 737 3890 γὰρ
759 3820 945 3890 κρίνας
976 3819 1112 3873 οῦτω
1143 3823 1351 3892 φρονεῖν
1382 3821 1476 3890 τὴν
1506 3820 1658 3873 ἄθεον
1677 3819 1804 3871 ταύ-

230 3938 345 3991 την
401 3913 756 3970 διδασκαλίαν
792 3913 1086 3982 προέφερον
1110 3914 1188 3973 είς
1214 3911 1456 3982 ἐτέρους·
1494 3911 1806 3981 παραϐάτης

233 4013 311 4064 ἂν
346 4007 626 4074 ἐγενόμην
649 4001 755 4054 τῶν
782 4002 1015 4053 εὐσεϐῶν
1043 4001 1338 4070 δογμάτων,
1372 4001 1462 4053 καὶ
1493 4003 1587 4063 τὰς
1612 4001 1805 4071 συνθή-

232 4117 350 4164 κας
387 4097 461 4149 ἂν
497 4092 772 4162 παρῆλθον
801 4094 896 4160 τῆς
915 4092 1101 4158 γενεᾶς
1126 4090 1232 4144 τῶν
1254 4090 1357 4144 σῶν
1385 4091 1600 4142 τέκνων.
1636 4091 1806 4142 Τέκνα

231 4189 355 4258 γάρ
395 4201 499 4237 σου
560 4181 653 4234 τοῦ
686 4180 818 4231 Θεοῦ
872 4180 1064 4242 πάντες
1110 4180 1389 4247 γεγόνασιν
1434 4181 1481 4231 οἱ
1529 4180 1668 4247 ἆγιοι
1715 4179 1806 4232 καὶ

235 4275 531 4344 θεοφιλεῖς
557 4270 764 4340 ἄνδρες.
799 4269 958 4320 Γενεὰ
975 4268 1033 4319 δέ
1057 4267 1230 4322 αὐτῶν
1253 4269 1286 4338 ἡ
1314 4266 1372 4332 ἐξ
1397 4267 1570 4320 αὐτῶν
1597 4268 1804 4338 διαδοχὴ

233 4367 356 4420 τῶν
376 4363 586 4428 ἁγίων,
636 4354 710 4409 ὧν
745 4357 812 4408 τὰ
847 4355 1136 4426 μαθήματα
1171 4354 1349 4407 καὶτὰ
1379 4354 1618 4423 δόγματα
1641 4371 1806 4424 παρε-

236 4451 475 4523 χάραξα
531 4447 621 4505 ἂν,
672 4448 719 4497 εί
760 4444 1053 4514 προέφερον
1093 4444 1169 4504 εἰς
1207 4441 1420 4511 ἐτέρους
1462 4445 1582 4505 τοὺς
1615 4443 1804 4514 προλε-

237 4544 491 4613 χθέντας
530 4534 765 4606 ἐμαυτοῦ
797 4531 1098 4602 λογισμούς.
1148 4531 1302 4584 Ἀλλὰ
1331 4533 1420 4585 καὶ
1461 4535 1508 4584 εί
1555 4536 1804 4602 παρεῖχον

239 4630 502 4702 ἐμαυτὸν
534 4626 630 4678 τοῦ
660 4624 858 4692 γνῶναι
882 4623 978 4684 τὰς
1009 4621 1200 4684 αίτίας,
1229 4620 1295 4672 δι’
1329 4621 1393 4683 ἃς
1421 4624 1467 4672 οἱ
1502 4623 1806 4693 ἁμαρτωλοὶ

239 4722 490 4790 εὔθυμοι
516 4713 815 4770 διατελοῦσι
845 4713 937 4764 καὶ
968 4712 1044 4772 είς
1063 4710 1151 4762 τὸν
1168 4709 1334 4761 αἰῶνα
1364 4709 1623 4779 κατέσχον
1649 4711 1807 4763 πλού-

234 4829 368 4873 του,
398 4810 455 4862 οἱ
481 4807 542 4859 δὲ
571 4805 765 4856 δίκαιοι
807 4798 1208 4853 ταπεινοῦνταιο
1263 4797 1378 4850 οὐδὲ
1415 4797 1552 4850 οῦτω
1581 4800 1804 4854 κατέλα-

239 4902 345 4952 σον
368 4898 445 4952 ἂν
479 4894 584 4955 τὰς
616 4893 952 4961 ἀπορρήτους
983 4887 1105 4956 περὶ
1136 4886 1333 4938 τούτων
1358 4887 1580 4956 κρίσεις,
1612 4889 1806 4952 κόπους

237 4992 304 5042 δὲ
355 4989 567 5059 μόνους
619 4979 834 5050 ἐμαυτῷ
865 4979 1113 5046 συνῆγον,
1139 4977 1216 5038 είς
1252 4975 1482 5043 ἀπορίαν
1528 4976 1805 5044 ἐμπίπτων

245 5083 349 5132 καὶ
385 5079 473 5138 είς
493 5073 675 5142 ψυχῆς
705 5071 964 5137 κάματον.
988 5065 1079 5116 Διό
1107 5080 1234 5133 φησι
1254 5080 1267 5093 ο
1300 5064 1408 5116 Καὶ
1438 5064 1490 5114 εί
1512 5065 1807 5119 ὑπέλαϐον

241 5167 358 5219 τοῦ
406 5159 632 5231 γνῶναι
677 5157 867 5218 τοῦτο,
908 5153 1095 5215 κόπος
1125 5151 1293 5202 ἐστὶν
1317 5150 1566 5202 ἐνώπιόν
1591 5169 1707 5217 μου
1724 5171 1738 5183 ο
1771 5155 1804 5224 ἦ

243 5253 399 5309 κατὰ
430 5249 529 5302 τὸν
563 5245 870 5314 Σύμμαχον,
899 5240 1010 5294 Καὶ
1037 5240 1089 5290 ει
1127 5238 1464 5306 ἐλογιζόμην
1502 5237 1808 5305 ἐπιγνῶναι

242 5346 440 5398 τοῦτο
460 5379 475 5400 ,
505 5339 729 5405 μόχθος
752 5330 1027 5400 ἐφαίνετό
1057 5344 1171 5396 μοι.
1217 5327 1410 5396 Διόπερ
1445 5326 1580 5396 ὁρῶν
1610 5329 1808 5384 ἀκατά-

245 5435 468 5503 ὶλπτον
503 5424 666 5480 οὖσαν
702 5420 1004 5490 ἀνθρώποις
1026 5417 1121 5485 τὴν
1149 5416 1353 5468 τούτων
1373 5414 1583 5482 γνῶσιν,
1601 5418 1810 5472 εὐσεδεί

249 5502 541 5591 χρώμενος
568 5508 825 5580 λογισμῷ,
856 5503 1166 5591 διενοούμην
1212 5504 1345 5572 παρ’
1379 5502 1587 5572 ἐμαυτῷ
1626 5509 1808 5574 κρεττ,

247 5589 349 5664 τον
385 5605 524 5660 εἶναι
558 5603 773 5670 ἐπέχειν
801 5595 892 5646 καὶ
923 5589 1233 5658 ἐκδέχεσθαι
1265 5594 1369 5665 τὸν,
1401 5593 1687 5663 ἐπιτήδειον
1709 5597 1808 5664 τῆς

326 5763 340 5792 ³
376 5759 511 5814 Gen.
553 5763 680 5808 xxv,
706 5741 758 5792 8.

523 5844 793 5901 ΡΑτιιοι..
839 5823 952 5879 Gn.
999 5823 1239 5886 XXIII.

1906 3283 2162 3335 rationem
2194 3282 2421 3349 ﬁliorum
2451 3291 2657 3332 tuorum
2690 3278 2976 3346 reprobavi.
3013 3277 3080 3330 Et
3126 3279 3430 3346 suspicabar

1909 3386 1988 3422 me
2015 3385 2316 3435 cognoscere
2344 3369 2461 3430 hoc,
2493 3367 2641 3420 labor
2662 3376 2742 3420 est
2772 3378 2890 3419 ante
2923 3383 3030 3428 me;
3065 3366 3224 3419 donec
3245 3369 3428 3420 intrem

1907 3460 1960 3512 in
2004 3459 2361 3510 sanctuarium
2391 3456 2505 3520 Dei,
2537 3466 2586 3509 et
2629 3456 2914 3524 intelligam
2943 3456 2994 3507 in
3020 3457 3311 3508 novissimis
3343 3473 3432 3509 eo-

1907 3563 2042 3600 rum.
2073 3546 2328 3601 Prtcdicta
2353 3547 2408 3599 in
2431 3546 2839 3615 cogitationibus
2865 3555 3065 3600 tantum
3093 3549 3226 3602 meis
3249 3563 3431 3602 versa-

1906 3636 2049 3698 bam,
2083 3636 2222 3705 quod
2252 3635 2547 3704 periculum
2574 3642 2716 3688 esset
2737 3650 2803 3689 ne
2822 3649 3223 3700 commoveret;
3257 3652 3429 3705 neque

1905 3731 2084 3779 tamen
2124 3725 2243 3778 aliis
2283 3725 2618 3779 enarrabam.
2649 3722 2781 3776 Nam
2813 3724 2858 3777 si
2896 3725 2998 3777 hac
3039 3725 3270 3779 admissa
3314 3728 3432 3794 opio

1906 3816 2086 3880 nione,
2125 3815 2339 3884 impiam
2361 3813 2666 3882 hujusmodi
2695 3813 2991 3868 doctrinam
3018 3815 3138 3869 aliis
3166 3819 3430 3884 protulis—

1907 3919 2041 3963 sem.
2098 3911 2365 3958 temerata:
2387 3904 2487 3972 pias
2529 3903 2786 3958 doctrina:
2828 3917 2952 3957 reus
2983 3903 3204 3959 elTectus
3233 3921 3429 3969 essem,

1907 4003 2066 4064 atque
2096 4003 2250 4064 pacta
2297 3995 2656 4065 generationis
2689 3995 2918 4047 liliorum
2974 4002 3190 4049 tuorum
3231 3995 3430 4050 violas-

1907 4101 2039 4140 sem.
2071 4085 2268 4140 Omnes
2299 4087 2494 4155 quippe
2519 4085 2690 4138 sancti
2711 4099 2772 4138 ac
2795 4083 2888 4135 Dei
2919 4092 3162 4137 amantes
3183 4086 3304 4146 viri,
3328 4087 3424 4145 tui.

1905 4173 2068 4239 Deus,
2093 4174 2183 4227 lilii
2209 4182 2353 4229 sunt.
2378 4173 2663 4228 Generatio
2691 4181 2868 4225 autem
2905 4186 3114 4236 eorum,
3155 4175 3429 4227 successio

1906 4272 2213 4317 sanctorum
2265 4270 2368 4326 est,
2420 4276 2646 4330 quorum
2698 4259 3008 4327 disciplinas
3067 4268 3120 4310 et
3181 4260 3427 4328 dogmata

1907 4354 2312 4418 adulterassem,
2364 4353 2408 4406 si
2445 4352 2725 4421 praedictas
2753 4349 3105 4418 cogitationes
3136 4365 3283 4404 meas
3307 4349 3427 4402 aliis

1906 4443 2267 4511 protulissem.
2312 4440 2416 4495 Sed
2469 4443 2514 4496 si
2549 4441 2727 4493 animo
2756 4439 3070 4492 institissent
3117 4439 3185 4492 ad
3232 4453 3429 4508 cogno-

1906 4532 2160 4586 scendum
2191 4548 2309 4600 qua:
2339 4547 2500 4585 causa
2539 4533 2611 4584 sit
2661 4545 2757 4583 cur
2812 4536 3124 4597 peccatores
3175 4545 3428 4598 prospere

1903 4628 2086 4690 agant,
2117 4629 2169 4674 et
2189 4621 2241 4673 in
2273 4621 2524 4674 saeculum
2555 4619 2768 4672 divitias
2799 4617 3097 4678 obtineant,
3124 4618 3254 4684 justi
3287 4633 3414 4670 vero

1904 4712 2282 4777 humilientur;
2327 4724 2496 4778 neque
2529 4709 2601 4760 ita
2635 4721 2831 4759 arcana
2864 4705 2965 4758 hac
3008 4705 3076 4759 de
3125 4722 3185 4760 re
3222 4705 3425 4771 judicia

1905 4803 2302 4870 comperissem.
2338 4801 2430 4854 sed
2462 4800 2694 4851 laborem
2741 4797 3000 4849 duntaxat
3047 4795 3176 4848 mihi
3217 4797 3422 4848 intulis-

1905 4905 2016 4944 sem
2049 4908 2062 4943 :
2097 4893 2151 4942 in
2183 4889 2568 4943 dubitationem
2595 4886 2766 4940 solum
2797 4884 3068 4951 animique
3095 4884 3428 4952 defatigatioo

1904 4995 2023 5032 nem
2052 4979 2318 5049 delapsus.
2351 4977 2705 5041 Quamobrem
2740 4975 2813 5027 ait
2871 4991 2883 5025 :
2934 4972 2998 5023 Et
3044 4975 3090 5024 si
3125 4972 3429 5040 suspicabar

1905 5086 1983 5122 me
2004 5085 2300 5137 cognoscere
2331 5069 2442 5130 hoc,
2479 5065 2624 5118 labor
2660 5074 2736 5117 est
2787 5071 2902 5114 ante
2944 5075 3044 5113 me.
3081 5059 3208 5114 Sive
3238 5075 3428 5115 secun-

1905 5160 2029 5213 dum
2078 5157 2471 5227 Symmachum.
2517 5153 2577 5206 Si
2603 5154 2847 5220 putabam
2875 5164 2953 5200 me
2977 5163 3284 5215 cognoscere
3317 5149 3428 5204 hoc.

1907 5248 2053 5301 labor
2085 5246 2346 5300 videbatur
2376 5244 2521 5295 mihi.
2545 5243 2902 5306 Quamobrem
2936 5235 3131 5290 videns
3175 5253 3288 5290 rem
3315 5251 3433 5289 esse

1906 5336 2214 5390 hominibus
2261 5330 2871 5399 incomprehensibilem,
2920 5323 3010 5390 pio
3053 5338 3199 5377 usus
3231 5323 3439 5377 ratioci-

1909 5426 2018 5488 nio,
2055 5439 2261 5478 mecum
2293 5419 2599 5490 reputabam
2631 5421 2801 5472 satius
2829 5425 2949 5466 esse
2974 5419 3031 5462 ut
3064 5425 3168 5464 me
3203 5413 3443 5465 contineo

1908 5530 2040 5578 rem,
2065 5523 2221 5581 atque
2247 5518 2598 5580 opportunum
2634 5509 2759 5561 huic
2790 5498 3081 5570 cognitioni
3105 5506 3338 5565 tempus
3363 5512 3453 5550 ex-

1909 5615 2219 5671 spectarem.
2253 5601 2384 5656 lllud
2411 5606 2586 5652 autem
2622 5608 2758 5660 erat,
2817 5592 2987 5644 Donec
3019 5588 3236 5638 intrem
3267 5589 3319 5638 in
3342 5600 3460 5636 sau-

3072 5808 3156 5868 ιη
