3796 6380
133 447 317 569 In"
1391 481 1877 549 COMMENTARIA
1914 483 1979 543 IN
2018 489 2342 546 PSALMOS.
3340 490 3440 543 διδ

187 587 290 676 ιδ
315 588 542 664 (ir-lact
553 591 734 672 ἠρίον
750 602 861 667 τοῦ
885 600 1048 666 Θεοῧσ
1074 608 1162 664 νῦν
1187 612 1240 664 δὲ
1267 614 1317 664 τί
1348 611 1461 664 ποτ’
1481 608 1546 681 ἦν
1565 613 1622 664 το
1653 613 1799 677 ἁγια-

1908 613 2261 663 sanctuarium
2284 611 2408 669 Dei;
2444 625 2584 662 nunc
2604 624 2727 661 vero
2750 607 3018 675 quodnam
3047 609 3113 661 sit
3133 609 3442 675 hujusmmli

219 690 457 765 σπι-ἠρίον
482 692 734 751 διδάσκει
770 701 960 769 λέγων·
978 704 1164 770 Κύριε,
1188 702 1256 753 ἐν
1276 699 1347 767 τῇ
1369 702 1532 753 πόλει
1554 716 1665 752 σου
1698 700 1808 764 τὴν

237 780 447 845 εικόνα
473 786 678 840 αὐτῶν
701 789 1143 856 ἑξουδενώσεις.
1177 789 1361 842 Ἔνθεν
1388 791 1603 851 εἰκότως
1629 791 1657 840 ό
1673 788 1808 849 θεῖος

262 874 609 938 Ἀπόστολος,
629 879 786 931 πόλιν
802 879 1044 950 οὐράνιον
1064 880 1192 931 Θεοῦ
1211 879 1361 940 εἰδὼς
1383 878 1577 945 ἔλεγενο
1593 881 1809 942 Προσε-

241 968 604 1036 ληλύθαμεν
633 965 784 1020 Σιὼν
814 968 930 1035 ὄρει
967 969 1060 1021 καὶ
1098 970 1263 1020 πόλει
1299 967 1442 1020 Θεοῦ
1479 966 1685 1030 ζῶντος
1715 965 1807 1018 Ἰε-

232 1057 580 1125 ρουσαλὴμ
606 1057 952 1124 ἐπουρανίῳ·
984 1058 1074 1109 καὶ⁸
1104 1057 1276 1110 πάλιν·
1311 1054 1452 1109 Ἡδὲ
1480 1055 1808 1120 ᾶνωἸερου-

236 1147 466 1214 σαλὴμ
504 1146 789 1214 ἐλευθέρα
832 1147 980 1200 ἐστί.
1027 1147 1235 1214 Ταύτην
1268 1140 1357 1197 οὖν
1405 1145 1496 1196 καὶ
1546 1145 1572 1195 ὁ
1624 1142 1808 1211 παρὼν

235 1221 556 1307 Προφήτης
580 1237 678 1307 τὴν
705 1237 856 1289 πόλιν
876 1236 965 1288 τοῦ
989 1236 1118 1288 Θεοῦ
1141 1236 1385 1303 σημαίνει
1404 1234 1591 1302 λέγων·
1614 1234 1804 1299 Κύριε,

225 1330 308 1381 ἐν
335 1328 419 1396 τῇ
441 1314 619 1382 πόλει
658 1345 772 1381 σου
811 1329 922 1395 τὴν
947 1331 1143 1380 εἰκόνα
1163 1326 1354 1381 αὐτῶν
1373 1324 1803 1390 ἑξουδενὼσεις.

226 1417 299 1471 Εἰ
331 1420 441 1488 μὲν
471 1418 583 1486 γάρ
608 1415 770 1488 ἦσαν,
798 1419 957 1487 φησὶ,
1003 1416 1324 1485 φυλάξαντες
1356 1416 1449 1485 τὴν
1483 1415 1576 1484 σὴν
1609 1416 1804 1479 εἰκόνα,

220 1508 482 1570 εἰκότως
515 1509 611 1560 καὶ
654 1508 750 1577 τῆς
797 1507 892 1576 σῆς
937 1507 1137 1570 πόλεως
1170 1505 1509 1576 κατηξιοῦντο
1537 1523 1549 1535 ·
1603 1507 1721 1556 ἐπεὶ
1751 1505 1806 1557 δὲ

217 1593 566 1659 ἅνθρωπος
589 1593 661 1644 ἐν
688 1591 823 1660 τιμῇ
851 1589 933 1644 ὢν
958 1595 1026 1645 οὐ
1053 1593 1298 1660 συνῆκε,
1328 1593 1805 1660 παρεσυνεϐλήθη

214 1683 372 1748 τοῖς
405 1684 660 1750 κτήνεσι
696 1683 819 1748 τοῖς
858 1683 1148 1750 ἀνοήτοις,
1185 1685 1278 1736 καὶ
1304 1685 1559 1752 ὡμοιώθη
1588 1683 1804 1749 αὐτοῖς,

209 1768 530 1838 ἀναλόγως
560 1787 620 1821 τε
648 1773 712 1839 τῇ
738 1767 924 1822 ἑαυτοῦ
988 1770 1147 1839 κακίᾳ
1185 1771 1367 1824 ἑαυτὸν
1401 1772 1808 1840 μετεμόρφωσεν

208 1875 252 1910 ε
272 1859 325 1922 ἰς
359 1857 562 1930 ἀγρίου
586 1859 752 1929 θηρὸς
782 1859 974 1928 τρόπον
1003 1877 1080 1920 τε,
1110 1861 1295 1927 γέγονέ
1316 1877 1371 1911 τε
1396 1861 1554 1922 ἵππος
1571 1860 1805 1929 θηλυμα-

1913 701 2277 752 sanctuarium
2309 701 2495 753 edocet
2523 701 2607 754 his
2639 701 2834 761 verbis,
2866 697 3102 758 Domine,
3144 700 3193 750 in
3234 699 3444 751 civitate

1911 795 1999 837 tua
2030 788 2304 855 imaginem
2339 789 2566 854 ipsorum
2590 788 2654 840 ad
2681 788 2897 840 nihilum
2919 785 3134 853 redigas.
3163 785 3312 839 Unde
3335 803 3447 840 me-

1910 877 2014 928 rito
2045 875 2198 930 divus
2232 877 2538 945 Apostolus,
2569 877 2730 945 utqui
2762 879 3032 931 cmlestem
3056 876 3146 930 Dei
3171 875 3474 929 eivitatem'

1909 981 2110 1033 noSset,
2145 970 2356 1023 dicebat
2385 988 2394 1020 :
2431 969 2749 1020 Accessimus
2772 969 2838 1020 ad
2874 967 2998 1021 Sion
3027 977 3265 1029 montem,
3304 977 3351 1019 et
3373 969 3445 1018 ci-

1908 1061 2114 1113 vitatem
2151 1059 2243 1111 Dei
2291 1060 2499 1110 virentis
2530 1055 2821 1109 Jerusalem
2873 1058 3188 1120 cmleslem‘;
3223 1069 3285 1107 ac
3325 1069 3444 1106 rur-

1909 1165 2023 1203 sum
2046 1165 2057 1202 :
2079 1148 2180 1201 Illa
2213 1163 2326 1200 vero
2348 1163 2460 1216 qua:
2491 1163 2695 1199 sursum
2710 1157 2781 1198 est
2799 1145 3108 1206 Jerusalem,
3132 1145 3293 1197 libera
3314 1145 3423 1194 est‘

1911 1236 2055 1289 Hanc
2081 1237 2259 1304 itaque
2290 1235 2380 1289 Dei
2404 1236 2668 1287 civitatem
2695 1233 2954 1302 Propheta
2996 1234 3084 1302 qui
3121 1234 3230 1302 jam
3268 1231 3440 1301 loqui.

1907 1334 1994 1377 tur
2047 1326 2122 1378 sic
2177 1323 2411 1376 indicat:
2452 1323 2681 1384 Domine,
2724 1327 2772 1375 in
2822 1325 3024 1376 civitate
3052 1334 3137 1375 tua
3164 1324 3438 1391 imaginem

1907 1417 2136 1481 ipsorum
2164 1414 2246 1476 ad,
2264 1414 2479 1466 nihilum
2518 1414 2730 1481 rediges.
2762 1411 2892 1465 Nam
2929 1414 2994 1478 si,
3020 1414 3211 1483 inquit,
3244 1415 3434 1483 imagi-

1908 1517 2027 1555 nem
2061 1509 2469 1555 conservassem
2520 1510 2688 1561 tuam,
2725 1500 2911 1553 merito
2944 1501 3158 1554 civitate
3217 1518 3433 1570 quoque

1907 1602 1997 1644 tua
2029 1591 2213 1643 donati
2242 1597 2423 1643 essent
2452 1608 2463 1641 :
2500 1596 2553 1640 at
2583 1589 2706 1656 quia
2738 1589 2886 1641 homo
2920 1605 3034 1641 cum
3063 1591 3114 1641 in
3142 1590 3332 1643 honore
3363 1607 3436 1643 es-

1907 1686 2001 1743 set,
2038 1695 2137 1733 non
2172 1680 2423 1733 intellexit
2471 1694 2488 1730 :
2545 1690 2872 1743 comparatus
2925 1687 2999 1732 est
3028 1681 3278 1745 jumentis
3307 1681 3435 1734 insi-

1906 1768 2177 1842 pictilibus,
2223 1782 2268 1823 et
2312 1772 2498 1823 similis
2534 1771 2702 1836 {actus
2750 1783 2823 1824 est
2870 1772 2975 1824 illis
3007 1774 3046 1833 “,
3089 1783 3244 1840 alque
3279 1772 3434 1823 modo

1910 1866 2120 1918 malitiae
2173 1880 2281 1917 suae
2313 1865 2626 1931 congruenti
2657 1877 2775 1918 sese
2807 1865 2860 1916 in
2892 1865 3116 1932 agrestis
3151 1865 3271 1918 forte
3317 1881 3434 1918 mo-

203 1951 366 2020 νὴς,
397 1922 1022 2021 λύκος-αρπακτικὸς,
1061 1950 1091 2019 ἢ
1119 1922 1236 2016 osi;
1266 1952 1356 2001 καὶ
1378 1922 1636 2020 γέννημα-
1663 1922 1799 2019 ἐχιδ-

1907 1971 2017 2007 rem
2035 1953 2433 2016 transmutavit,
2477 1953 2756 2022 factusque
2784 1961 2865 2008 est
2895 1971 3064 2021 equus
3093 1956 3431 2019 emissarius,
3480 1964 3504 2017 \,

206 2039 376 2102 ναῶν,
413 2038 448 2108 ἢ
481 2038 615 2092 ἄλλο
655 2055 707 2089 τι
731 2037 935 2100 τούτοις
981 2038 1366 2107 παραπλήσιον·
1413 2035 1596 2091 τούτου
1646 2039 1799 2108 χάριν

202 2129 440 2201 ὥσπερ
490 2128 742 2198 κίϐδηλον
786 2129 1022 2198 νόμισμα
1060 2128 1154 2197 τὴν
1200 2127 1444 2198 τοιαύτην
1482 2128 1657 2180 εἰκόνα
1704 2129 1800 2198 τῆς

204 2222 248 2273 ὲ
272 2220 444 2273 αυτοῦ
482 2219 694 2282 πόλεως
719 2219 1037 2290 ἀπορρίπτει
1061 2220 1089 2271 ό
1114 2217 1264 2280 Θεὸς,
1305 2218 1582 2282 ὲξουδενῶν
1612 2218 1795 2288 αὐτὴν,

202 2309 368 2363 οὐδὲ
410 2308 576 2374 ἀξίαν
620 2309 819 2379 κρίνων
859 2307 962 2360 τῶν
1003 2308 1059 2358 ὲν
1107 2310 1172 2376 τῇ
1224 2307 1369 2359 πόλει
1397 2307 1556 2360 αὑτοῦ
1603 2308 1795 2376 μονῶν.

205 2397 450 2450 Πολλαὶ
496 2397 609 2467 γὰρ
663 2396 819 2464 μοναὶ
865 2395 1012 2463 παρὰ
1051 2393 1126 2463 τῷ
1149 2396 1336 2464 Πατρίο
1364 2395 1427 2448 δι’
1459 2396 1487 2448 ὃ
1527 2396 1792 2448 λέλεκται·

209 2489 441 2555 Κύριε,
471 2485 546 2538 ἐν
570 2481 646 2550 τῇ
669 2484 836 2536 πόλει
851 2498 963 2535 σου
989 2481 1100 2548 τὴν
1125 2484 1320 2534 εὶκόνα
1346 2482 1538 2534 αὐτῶν
1563 2482 1796 2546 ἐξουθε-

211 2577 481 2645 νήσεις.
542 2572 713 2626 Τοῦτο
755 2572 851 2640 μὲν
896 2566 986 2623 οὖν
1025 2571 1365 2640 προφητικῶς
1401 2573 1428 2621 ό
1469 2571 1634 2640 Ἀσὰφ
1667 2573 1798 2623 ἀπε-

215 2665 544 2736 φθέγξατο,
575 2662 763 2730 ὥσπερ
796 2660 1124 2722 ἐπιθειάσας,
1158 2659 1325 2711 καὶτὸ
1351 2660 1536 2728 μέλλον
1564 2679 1796 2729 πεφωτι-

217 2756 472 2826 σμένοις
495 2752 679 2820 ψυχῆς
705 2749 995 2819 ὀφθαλμοῖς
1033 2747 1365 2817 τεθεαμένος.
1404 2750 1510 2818 Τὴν
1537 2750 1592 2801 δὲ
1623 2752 1798 2803 αἰτίαν

214 2846 294 2898 δι’
326 2844 405 2913 ἢν
450 2841 726 2910 ἐφωτίσθη
757 2839 852 2909 τὴν
894 2839 1042 2891 πόλιν
1069 2837 1159 2891 τοῦ
1187 2837 1319 2890 Θεοῦ
1354 2839 1596 2904 συνιδεῖν,
1633 2841 1794 2910 παρί-

219 2953 333 3006 στη
342 2951 400 2986 σι
429 2933 610 3000 λέγων
640 2931 785 3000 ἐξῆςο

301 3117 448 3166 Ὀτι
483 3110 778 3175 ἐξεκαύθη
797 3105 833 3174 ὴ
853 3107 1059 3175 καρδία
1084 3125 1219 3175 μου,
1242 3109 1336 3159 καὶ
1375 3113 1426 3160 οί
1463 3114 1664 3177 νεφροί
1683 3129 1798 3179 μου

217 3199 688 3270 ἠλλοιώθησαν.
707 3197 915 3266 Ἐπειδὴ
930 3196 1033 3266 γὰρ
1048 3195 1232 3263 ζηλῶν
1247 3197 1507 3265 ἐζήλωσα
1524 3199 1600 3262 τῷ
1612 3205 1801 3268 Κιερίῳ

218 3290 379 3344 κατὰ
392 3288 490 3340 τὸν
507 3287 788 3355 προφήτην
809 3284 1010 3345 Ἠλίαν,
1028 3284 1337 3354 ὲξειλκόμην
1347 3302 1403 3336 τε
1415 3289 1520 3348 τοῖς
1535 3291 1802 3358 λογισμοῖς

216 3375 380 3449 ὁρῶν
393 3372 619 3433 ἀσεϐεῖς
641 3370 1082 3439 εὐθυμουμένους·
1099 3370 1228 3422 ἀλλὰ
1247 3373 1336 3424 καὶ
1357 3374 1663 3444 ὲπυρούμην
1682 3379 1803 3440 τοὺς

218 3462 481 3533 νεφροὺς
503 3460 600 3512 καὶ
615 3458 682 3510 τά
704 3457 839 3526 βάθη
862 3459 930 3510 τὰ
954 3455 1262 3526 κρύφιατῆς
1274 3460 1505 3526 ἐμαυτοῦ
1522 3463 1713 3532 ψυχῆς·
1736 3465 1799 3516 δι’

217 3556 251 3606 ὃ
273 3553 380 3607 καὶ
403 3551 618 3616 ἔλεγον,
651 3549 769 3600 Ὅτι
795 3545 1058 3611 ἐζήλωσα
1087 3546 1183 3598 ἐπὶ
1214 3547 1335 3612 τοῖς
1360 3549 1617 3616 ἀνόμοις,
1651 3552 1804 3619 εἰρή-

217 3660 353 3712 νην
380 3636 757 3710 ἁμαρτωλῶν
783 3635 1024 3702 θεωρῶν·
1059 3635 1242 3688 τούτου
1269 3636 1422 3707 χάριν
1439 3637 1670 3708 ἠξιώθην
1696 3658 1803 3708 φω-

220 3733 501 3803 τισθῆναι
533 3727 641 3780 ὑπὸ
663 3728 754 3779 τοῦ
782 3725 1088 3795 Πνεύματος
1118 3727 1210 3779 καὶ
1246 3727 1342 3796 τὴν
1378 3727 1524 3779 πόλιν
1558 3729 1679 3782 ἰδεῖν
1710 3731 1800 3782 τοῦ

216 3823 398 3886 Θεοῦ,
447 3817 578 3880 τούς
623 3833 681 3868 τε
714 3815 891 3879 ἀξίους
939 3816 1104 3885 αὐτῆς
1139 3817 1230 3868 καὶ
1269 3818 1391 3879 τοὺς
1437 3819 1530 3888 μή.
1573 3821 1713 3872 ’Λντί
1748 3821 1802 3873 δὲ

214 3914 324 3968 τοῦ
345 3953 364 3976 ,
383 3909 724 3974 Ἑξεκαύθη
759 3907 798 3971 ἡ
827 3906 1034 3972 καρδία
1055 3923 1170 3973 μου
1189 3944 1202 3967 ,
1233 3907 1260 3958 ὁ
1291 3906 1594 3977 Σύμμαχος,
1622 3913 1801 3962 Συνε-

213 4004 561 4062 στέλλετο,
603 3997 783 4066 φησὶν,
814 3995 850 4061 ἡ
885 3995 1088 4062 καρδία
1103 4013 1218 4062 μου
1237 4032 1252 4058 ,
1278 3998 1372 4050 καὶ
1389 3999 1556 4062 ἐντὸς
1575 4000 1689 4053 τῶν
1711 4018 1802 4052 νε-

214 4093 404 4163 ερρῶν
434 4104 562 4158 μου
610 4085 956 4152 διελεγόμην
991 4084 1327 4153 ἀντιλέγων.
1358 4084 1466 4138 Εἶθ’
1507 4089 1630 4157 ὲξῆς
1657 4088 1802 4160 εῖρη-

216 4199 344 4236 ταιο
393 4179 514 4234 Καὶ
558 4175 675 4244 ἐγώ
715 4173 1200 4240 ἐξουθενημένος,
1251 4175 1345 4227 καὶ
1389 4177 1496 4229 οὐκ
1540 4177 1744 4246 ἔγνων·
1774 4180 1802 4231 ὃ

213 4274 289 4344 δὴ
315 4267 670 4338 σαφέστερον
692 4263 1028 4332 ήρμήνευσεν
1050 4265 1078 4314 ὁ
1105 4263 1390 4333 Σύμμαχος
1407 4264 1591 4332 εἰπὼν,
1611 4269 1802 4336 Ἥμην

214 4363 293 4416 δὲ
323 4355 769 4421 ἀνεπιστήμων
797 4353 892 4404 καὶ
919 4351 1002 4420 μὴ
1041 4353 1224 4418 εἰδῶς’
1251 4355 1342 4406 καὶ
1370 4355 1542 4407 πάλιν·
1575 4359 1801 4423 Κτηνώ-

214 4451 341 4518 δης
360 4445 672 4516 ἐγενήθην
689 4442 842 4506 παρὰ
867 4443 966 4494 σοί
971 4457 987 4472 ·
1015 4441 1047 4511 ἦ
1076 4442 1209 4494 κατὰ
1228 4443 1316 4494 τὸν
1341 4444 1643 4514 Σύμμαχον,
1659 4450 1802 4512 Κτη-

1905 2054 1995 2099 aut
2022 2041 2179 2113 lupus
2211 2059 2398 2112 rapax,
2453 2053 2543 2096 aut
2593 2056 2811 2111 serpens
2841 2054 2892 2097 et
2928 2045 3174 2112 genimen
3224 2048 3434 2114 vipera-

1903 2149 2043 2196 rum,
2077 2135 2188 2187 sive
2225 2131 2355 2202 quid
2406 2133 2472 2187 iis
2514 2132 2720 2196 simile;
2780 2133 2901 2185 ideo
2955 2134 3112 2184 talem
3147 2135 3433 2202 imaginem

1902 2224 2054 2292 quasi
2102 2223 2461 2276 adulterinum
2502 2223 2767 2276 numisma
2818 2237 2882 2273 ex
2917 2222 3128 2274 civitate
3161 2238 3259 2275 sua
3291 2221 3431 2276 Deus

1904 2312 2102 2379 abjicit,
2137 2311 2202 2364 ad
2247 2313 2468 2364 nihilum
2504 2312 2714 2380 redigit,
2757 2327 2927 2378 neque
2963 2311 3174 2379 dignam
3227 2311 3434 2378 iudicat

1902 2402 2006 2456 illis
2040 2401 2274 2454 civitatis
2306 2415 2414 2454 sua:
2448 2401 2834 2454 mansionibus.
2882 2399 3012 2452 Nam
3049 2400 3187 2468 apud
3219 2399 3426 2453 Patrem

1905 2489 2208 2542 mansiones
2233 2488 2410 2540 multa:
2438 2497 2579 2540 sunt.
2607 2488 2782 2552 Quare
2807 2489 3008 2540 dictum
3041 2495 3122 2541 est
3154 2507 3165 2539 :
3195 2487 3430 2549 Domine,

1903 2577 1955 2628 in
1985 2578 2191 2629 civitate
2222 2585 2312 2628 tua
2345 2577 2620 2644 imaginem
2673 2578 2897 2643 ipsorum
2935 2576 3001 2628 ad
3044 2577 3261 2628 nihilum
3295 2576 3434 2628 redi-

1901 2679 2007 2736 ges.
2043 2664 2150 2718 Hoc
2181 2666 2357 2732 itaque
2382 2663 2690 2731 prophetice
2715 2664 2890 2731 Asaph
2911 2662 3062 2731 quasi
3103 2663 3308 2715 amatus
3325 2661 3437 2714 Nu-

1904 2754 2065 2820 mine,
2093 2770 2154 2807 ac
2195 2753 2509 2807 illuminatis
2549 2753 2744 2807 mentis
2782 2753 2953 2806 oculis
2986 2752 3163 2805 futura
3189 2760 3432 2803 contem—

1905 2848 2098 2915 platus,
2130 2845 2341 2897 locutus
2375 2850 2480 2897 est.
2507 2843 2737 2897 Causam
2777 2858 2904 2897 vero
2953 2859 3050 2896 cur
3100 2843 3435 2894 illuminatus

1905 2935 1975 2989 sit
2003 2934 2069 2987 ad
2099 2934 2368 2987 civitatem
2407 2933 2493 2987 Dei
2522 2932 2958 3000 conspiciendam
2988 2947 3109 2984 mox
3152 2931 3324 2999 aperit
3351 2929 3434 2982 di-

1905 3039 2032 3078 cens
2065 3043 2077 3077 ἶ

1974 3111 2134 3167 Vnus.
2186 3113 2371 3165 2l-24.
2415 3111 2550 3176 Quia
2580 3111 2960 3178 inﬂammatum
3018 3121 3092 3162 est
3123 3127 3210 3163 cor
3244 3125 3432 3171 meum,

1905 3213 1953 3256 et
1981 3219 2123 3256 renes
2152 3203 2249 3254 inci
2271 3201 2570 3254 commutati
2609 3212 2747 3252 sunt.
2781 3199 2914 3263 Quia
2950 3201 3090 3251 enim
3136 3201 3242 3252 zelo
3271 3202 3432 3252 zelavi

1856 3277 1871 3296 ’
1903 3295 2122 3346 Domino
2148 3331 2162 3355 ,
2196 3291 2488 3345 secundum
2535 3288 2699 3341 Eliam
2731 3287 3038 3358 prophetam
3068 3291 3109 3348 ",
3153 3294 3437 3358 cogitatio-

1903 3384 2162 3450 nibusque
2183 3381 2501 3434 detrahebar
2521 3394 2640 3432 cum
2665 3393 2937 3434 cernerem
2962 3380 3154 3447 impios
3180 3394 3433 3447 prospere

1903 3486 2092 3539 agere;
2125 3471 2232 3522 imo
2255 3469 2419 3521 etiam
2448 3481 2603 3520 renes
2646 3469 2750 3521 mei
2781 3482 2990 3520 necnon
3031 3465 3294 3535 profunda
3337 3481 3434 3520 oc-

1902 3565 2149 3629 cultaque
2191 3560 2380 3613 anima:
2429 3574 2558 3612 mea:
2603 3558 2928 3624 urebantur;
2990 3557 3110 3612 ideo
3163 3558 3428 3620 dicebam,

1905 3651 2040 3715 Quia
2064 3649 2224 3702 zelavi
2249 3663 2401 3715 super
2429 3647 2649 3715 iniquos,
2683 3661 2858 3713 pacem
2889 3656 3212 3714 peccatorum
3235 3645 3428 3698 uidens.

1901 3737 2076 3802 Quare
2107 3749 2422 3789 concessum
2447 3735 2575 3786 mihi
2617 3732 2714 3786 fuit
2747 3742 2804 3786 ut
2843 3735 3177 3796 illuminarer
3202 3749 3230 3788 a
3256 3735 3430 3803 Spiri—

1900 3835 1955 3879 tu
2010 3835 2064 3880 et
2093 3825 2325 3879 viderem
2351 3826 2618 3879 civitatem
2671 3824 2779 3887 Dei,
2823 3840 3028 3879 necnon
3061 3841 3155 3881 eos
3201 3827 3291 3896 qui
3342 3827 3432 3879 illa

1904 3919 2016 3971 sive
2046 3917 2214 3986 digni,
2247 3915 2358 3968 sive
2389 3915 2591 3984 indigni
2621 3924 2764 3967 sunt.
2797 3913 2901 3968 Pro
2942 3915 3034 3967 illo
3079 3925 3278 3979 autem,
3338 3915 3435 3969 In-

1901 4008 2226 4074 ﬂummatum
2253 4015 2329 4058 est
2373 4021 2460 4057 cor
2493 4020 2680 4066 meum,
2712 4002 3086 4073 Symmachus,
3144 4005 3432 4060 Contrane-

1901 4095 2070 4158 batur,
2102 4095 2294 4163 inquit,
2323 4110 2410 4145 cor
2445 4109 2632 4153 meum,
2661 4102 2708 4145 et
2747 4093 2885 4143 intra
2915 4108 3060 4143 renes
3088 4109 3224 4146 meos
3263 4097 3430 4148 ratio-

1901 4185 2116 4236 cinabar
2146 4183 2519 4236 contradicens.
2554 4181 2752 4235 Deinde
2781 4180 2977 4234 dicitur
3002 4200 3012 4232 :
3037 4181 3102 4232 Et
3123 4198 3212 4251 ego
3252 4182 3319 4234 ad
3351 4186 3434 4236 ni-

1900 4277 2062 4328 hilum
2097 4275 2333 4328 redactus
2363 4289 2500 4334 sum,
2530 4283 2576 4326 et
2599 4274 2820 4334 nescivi;
2850 4273 2990 4340 quod
3024 4273 3228 4328 clarius
3262 4276 3430 4328 inter-

1901 4373 2140 4434 pretatus
2181 4364 2532 4435 Symmachus
2583 4373 2666 4416 est
2707 4362 2913 4423 dicens,
2954 4363 3112 4414 liram
3151 4365 3345 4418 inscius
3380 4376 3431 4419 et

1900 4474 2000 4511 non
2027 4473 2350 4525 cognoscens.
2381 4454 2609 4509 Rursum
2644 4473 2656 4506 :
2694 4451 2758 4505 Ut
2777 4452 3068 4517 jumentum
3113 4455 3282 4519 factus
3315 4473 3430 4508 sum

213 4539 444 4602 νωϐῶς
474 4532 789 4587 διετέλεσα
824 4530 978 4598 παρὰ
1011 4531 1127 4583 σοί.
1160 4532 1261 4584 Καὶ
1302 4533 1431 4600 ἐγὼ,
1465 4535 1642 4605 φησὶν,
1681 4536 1799 4589 δια-

1905 4553 2035 4618 apud
2069 4559 2144 4611 te;
2175 4549 2286 4602 sive
2316 4545 2608 4601 secundum
2641 4543 3036 4612 Symmachum,
3073 4543 3308 4598 Jumenti
3349 4548 3430 4598 in-

214 4627 472 4691 παντὸς
503 4621 656 4692 μετὰ
682 4620 815 4674 σοῦ·
844 4620 980 4672 κατὰ
997 4619 1052 4671 δὲ
1078 4621 1165 4672 τὸν
1191 4620 1495 4690 Σύμμαχον,
1528 4625 1633 4676 Καὶ
1663 4639 1802 4677 συν.

211 4723 398 4790 ήμην
449 4730 554 4771 σοι
599 4713 935 4775 διαπαντός.
975 4712 1037 4763 Εἰ
1094 4710 1198 4780 γὰρ
1241 4711 1330 4762 καὶ
1367 4712 1436 4764 τά
1479 4712 1703 4780 μάλιστα
1735 4717 1794 4766 οὐ

219 4811 465 4877 συνείην
497 4805 631 4873 πρὶν
654 4801 979 4871 φωτισθῆναι
1005 4799 1097 4852 καὶ
1126 4800 1323 4866 γνῶναι
1342 4800 1411 4852 τά
1435 4801 1558 4869 περὶ
1581 4806 1674 4872 τῆς
1697 4805 1794 4874 σῆς

219 4899 452 4957 πόλεως
477 4890 796 4958 λελεγμένα,
822 4889 915 4941 καὶ
939 4888 1006 4940 τὰ
1038 4887 1164 4956 περὶ
1184 4888 1280 4956 τῆς
1311 4891 1510 4952 εἰκόνος
1539 4891 1644 4944 τῶν
1673 4893 1794 4944 ἀσε-

220 4989 366 5041 δῶν·
404 4985 508 5037 καὶ
552 4981 602 5032 εἰ
629 4979 783 5047 δίκην
813 4976 1008 5043 ἀλόγου
1050 4977 1275 5043 κτήνους
1300 4978 1566 5030 διετέλεσα
1605 4982 1793 5048 πρό-τε-

223 5096 326 5150 ρον
354 5072 723 5143 ἅνοηταίνων,
749 5071 838 5121 καὶ
867 5067 940 5138 μὴ
966 5067 1250 5134 δυνάμενος
1273 5068 1540 5120 ἐπιϐαλεῖν
1565 5075 1672 5132 τοῖς
1701 5074 1792 5141 τῆς

219 5171 331 5240 σῆς
368 5162 634 5236 προνοίας
670 5160 860 5225 λόγοιςο
904 5159 1052 5226 ὅμως
1087 5157 1183 5208 οὐκ
1218 5157 1660 5228 ἁπελιμπανόμην
1702 5179 1792 5214 σου

218 5259 325 5312 τοῦ
345 5253 520 5314 Θεοῦ,
550 5251 670 5303 οὐδὲ
692 5249 974 5312 ἐξέπιπτον
988 5246 1082 5313 τῆς
1111 5245 1200 5296 ἐπὶ
1221 5247 1280 5298 σὲ
1302 5246 1528 5308 ἐλπίδος,
1556 5250 1682 5317 συνή
1692 5267 1794 5317 μην

219 5349 287 5400 δέ
314 5363 404 5399 σοι
443 5339 767 5401 διαπαντόςο
811 5337 902 5388 καὶ
933 5333 1076 5386 τοῦτ’
1110 5334 1372 5404 ἔπραττον
1402 5337 1498 5387 οὐκ
1537 5335 1594 5398 ἐξ
1633 5339 1797 5405 ἐμαυ-

221 5435 329 5488 τοῦ
354 5433 660 5499 δυνάμεως,
685 5426 799 5480 ἀλλ’
825 5427 887 5475 ὲκ
905 5423 1010 5488 τῆς
1031 5423 1124 5491 τῆς
1153 5425 1391 5493 χάριτος.
1416 5425 1484 5476 Σὺ
1512 5426 1614 5494 γὰρ
1638 5429 1795 5490 αὐτὸς

223 5528 301 5595 τῇ
324 5520 529 5578 σαυτοῦ
555 5514 954 5589 φιλανθρωπίᾳ,
982 5515 1079 5595 τῇς
1111 5515 1250 5583 ἐμῆς
1282 5515 1456 5577 δεξιᾶς
1483 5515 1654 5583 χειρὸς
1681 5520 1797 5568 ἐπι,

225 5590 533 5680 λαϐόμενος
555 5644 568 5669 ,
601 5603 840 5668 συνεῖχες
871 5597 964 5648 καὶ
995 5590 1298 5667 διεκράτεις
1330 5602 1460 5670 πρὸς
1487 5602 1542 5652 τὸ
1583 5602 1655 5670 μὴ
1681 5603 1795 5654 δια..

856 5761 875 5790 ⁵
903 5760 1087 5812 Galat.
1124 5783 1187 5824 ιγ,
1228 5768 1317 5820 ‘23.

299 5781 320 5817 ‘
340 5782 506 5840 Hebr.
542 5789 640 5838 ιιι,
669 5765 756 5823 22.

1395 5769 1410 5792 '
1438 5766 1569 5821 I‘sal.
1601 5784 1721 5821 xLVt
1751 5785 1800 5831 ι,
1839 5774 1929 5828 21.

1899 4643 2011 4686 star
2049 4644 2280 4686 versatus
2308 4649 2420 4686 sum
2447 4631 2580 4698 apud
2614 4640 2678 4684 te.
2725 4629 2790 4681 Et
2830 4645 2940 4698 ego,
2987 4629 3182 4699 inquit,
3235 4649 3432 4699 semper

1900 4733 2095 4784 tecum;
2125 4721 2414 4777 secundum
2434 4720 2807 4789 Symmachum
2834 4728 3030 4782 autem,
3058 4719 3124 4771 Et
3142 4738 3247 4774 una
3264 4731 3427 4774 tecum

1893 4827 2034 4864 eram
2057 4827 2272 4878 semper.
2297 4808 2409 4862 Etsi
2431 4809 2570 4861 enim
2606 4823 2713 4860 non
2739 4807 3090 4875 intelligebam
3116 4810 3426 4878 priusquam

1895 4901 2222 4954 illuminarer
2243 4914 2305 4952 ac
2346 4913 2407 4951 ea
2433 4912 2808 4965 cognoscerem
2830 4911 2948 4964 quae
2981 4897 3046 4950 de
3069 4901 3292 4955 civitate
3312 4909 3424 4963 tua,
3464 4911 3474 4944 δ

1901 5005 2105 5044 necnon
2118 5005 2180 5044 ea
2205 5003 2323 5058 quae
2345 4988 2412 5041 de
2441 4988 2670 5054 imagine
2694 4989 2973 5056 impiorum
3003 4987 3148 5042 dicta
3183 4999 3339 5056 sunt;
3366 5006 3428 5044 ac

1896 5078 2107 5132 etiamsi
2132 5080 2266 5132 insui
2277 5094 2300 5130 r
2314 5077 2451 5131 bruti
2467 5076 2691 5142 jumenti
2715 5077 2860 5146 prius
2880 5075 3150 5141 degerem,
3171 5080 3432 5147 insipiens

1897 5177 1994 5217 nec
2015 5165 2354 5233 providentize
2374 5172 2477 5216 tua:
2497 5164 2753 5216 rationem
2773 5161 3028 5227 attingere
3049 5163 3239 5217 valens
3259 5183 3274 5228 ;
3294 5175 3433 5217 alta-

1899 5270 2018 5308 men
2041 5255 2134 5309 abs
2147 5263 2216 5316 te,
2237 5254 2391 5314 Deus,
2420 5268 2525 5306 non
2542 5253 2846 5309 deserehar,
2877 5263 3062 5316 neque.
3077 5253 3182 5305 abs
3205 5268 3300 5320 spe
3321 5269 3436 5306 mea

1903 5343 1953 5396 in
1977 5356 2026 5398 te
2051 5345 2281 5413 reposita
2306 5341 2634 5401 excidebam,
2661 5343 2861 5407 tibique
2881 5351 3091 5402 semper
3114 5340 3370 5395 aderam:
3389 5351 3445 5392 et

1903 5431 2002 5485 hoc
2046 5433 2262 5501 agebam
2314 5445 2418 5483 non
2459 5442 2574 5480 mea
2620 5430 2834 5485 virtute,
2870 5423 2958 5477 sed
2991 5425 3182 5489 gratia
3223 5435 3334 5478 tua.
3367 5427 3448 5478 Tu

1901 5539 2129 5592 namque
2150 5521 2475 5575 humanitate.
2497 5525 2610 5577 tua,
2635 5524 2846 5584 arrepta
2870 5525 3024 5564 manu
3049 5509 3297 5564 dextera
3316 5528 3455 5568 mea.

1901 5628 1985 5665 me
2017 5613 2292 5665 detinebas
2323 5609 2787 5679 astringebasque,
2823 5610 2881 5655 ut
2925 5614 2988 5652 ne
3032 5597 3468 5654 eﬂ‘underentttr

2005 5779 2022 5807 ⁷
2047 5778 2085 5829 ll
2114 5777 2235 5840 ﬂag.
2275 5795 2381 5840 xix,
2418 5775 2504 5827 10.

2192 5796 2218 5847 g
2231 5820 2235 5824 .
