3796 6372
420 470 525 524 8-Γί

1078 457 1339 519 EUSEBII
1379 451 1854 510 CfESARlENSIS
1890 448 2037 504 OPP.
2078 447 2259 502 PARS
2295 443 2385 500 Ill.
2422 469 2492 483 ο-
2527 437 2934 496 EXEGETICA.

3476 435 3565 490 ιιι

414 589 642 658 vestigia
675 601 810 646 mea,
837 598 1009 651 neque
1037 580 1198 648 pedes
1231 581 1573 629 moverentur
1599 586 1628 622 a
1657 583 1772 623 mea
1811 566 1949 636 apud

2073 563 2258 634 [εἰσθαί
2289 579 2390 632 μου
2431 559 2499 612 τὰ
2528 558 2856 627 διαδήματα,
2895 552 3026 623 μηδὲ
3053 569 3172 613 τους
3191 551 3343 614 πόδας
3373 571 3463 623 μου
3491 572 3549 606 σα

410 686 473 732 1e
497 655 743 733 statione.
770 674 1105 740 Quapropter
1130 667 1252 719 dico
1287 684 1299 717 :
1341 662 1382 715 Τ
1383 661 1572 715 enuisti
1599 673 1806 710 "ianum
1826 655 1952 707 dex-

413 778 583 823 teram
627 781 811 818 meam.
839 762 1038 814 Bonam
1067 759 1264 827 quippe
1288 755 1558 808 dexteram
1597 749 1756 802 habui
1775 789 1788 810 ,
1817 760 1946 816 prae-

420 857 649 911 validam
683 862 735 906 et
766 856 1064 920 paternam,
1097 846 1312 899 dextera
1344 843 1524 895 omnia
1555 846 1608 893 et
1637 839 1732 892 tibi
1759 837 1953 906 placita

418 948 759 1016 peragentem
801 957 813 991 :
847 951 1013 1006 quare
1058 941 1271 1003 arrepta
1336 932 1447 994 illa,
1489 931 1543 982 in
1577 927 1835 981 voluntate
1865 938 1955 980 tuo

418 1030 682 1085 deduxisti
711 1041 825 1089 me;
857 1026 970 1079 sive
988 1023 1283 1077 secundum
1312 1019 1714 1091 Symmachum,
1739 1017 1955 1070 consitio

421 1131 507 1174 tuo
534 1118 732 1170 duxisti
755 1131 853 1178 me,
895 1129 924 1168 a
968 1113 1181 1167 mortali
1210 1127 1293 1164 me
1324 1113 1430 1162 vita
1465 1108 1772 1168 traducens,
1807 1114 1860 1160 et
1889 1105 1956 1159 ad

420 1206 766 1275 tranquillum
800 1211 1082 1270 tutumque
1117 1198 1318 1266 requiei
1371 1204 1473 1247 tua:
1523 1201 1736 1263 portum
1790 1190 1956 1244 dedu-

421 1311 582 1361 cens;
618 1295 691 1347 ita
720 1299 779 1346 ut
810 1293 854 1346 si
878 1290 1155 1344 dexteram
1187 1301 1356 1340 meam
1391 1298 1496 1336 non
1528 1282 1816 1345 tenuisses,
1842 1280 1954 1347 jam

418 1387 546 1439 olim
597 1384 754 1454 quasi
800 1397 828 1434 a
882 1386 1122 1434 torrente
1155 1378 1430 1445 abreptus,
1463 1373 1794 1442 pedibusque
1830 1370 1957 1423 sub-

421 1492 630 1539 versus,
668 1474 721 1527 in
771 1481 1065 1526 extremam
1115 1467 1406 1536 perniciem
1460 1455 1708 1530 delapsus
1757 1475 1953 1514 essem.

422 1565 574 1618 Nunc
607 1579 732 1618 vero
769 1573 824 1614 tu
856 1561 968 1628 ipse
999 1559 1208 1610 tenuisti
1237 1571 1446 1608 manum
1478 1553 1742 1605 dexteram
1768 1564 1954 1611 meant,

421 1663 467 1707 οι
501 1655 552 1706 in
581 1653 842 1706 voluntate
873 1659 963 1700 tua
995 1646 1261 1699 deduxisti
1296 1659 1371 1696 me
1411 1658 1428 1694 :
1476 1656 1538 1695 ac
1584 1642 1800 1694 demum
1837 1643 1960 1708 post

422 1751 744 1800 memoratas
800 1740 1118 1795 tentationes
1186 1742 1240 1789 et
1308 1738 1651 1801 tempestates
1725 1728 1958 1782 animam

2050 655 2297 707 λεύεσθαι
2319 653 2415 722 τῆς
2436 649 2583 720 παρὰ
2609 650 2690 700 σοι
2716 646 2977 705 στάσεως.
3009 643 3100 694 Διό
3134 659 3286 712 φημι·
3330 641 3552 709 Ἐκριίτη

2051 759 2166 808 σας
2197 742 2306 808 τῆς
2329 739 2538 809 χειρὸς,
2563 737 2672 804 τῆς
2706 731 2908 798 δεξιᾶς
2943 748 3080 800 μου.
3115 727 3268 799 Εἶχον
3295 731 3396 801 γὰρ
3430 731 3576 802 καλὴν

2051 833 2246 898 δεξιὰν,
2280 829 2590 902 ἐρρωμένην
2618 825 2710 880 καὶ
2739 822 3012 894 πατρικὴν
3041 819 3140 890 (ι),
3174 820 3240 872 τὰ
3275 818 3412 882 δεξιὰ
3431 820 3578 872 πάντα

2053 925 2146 977 καὶ
2159 924 2225 976 τά
2246 939 2327 975 σοι
2349 919 2550 991 ἀρεστὰ
2581 918 2949 989 πράττουσαν·
2979 914 3046 966 δι’
3069 912 3097 964 ὃ
3122 911 3488 979 ἐπιλαϐόμενος
3501 911 3578 962 αὐ-

2053 1019 2168 1088 τῆς,
2197 1014 2271 1082 τῇ
2286 1011 2487 1079 ,βουλῇ
2511 1028 2626 1064 σου
2666 1003 2986 1074 ὠδήγησὰς
3017 1018 3112 1070 με·
3149 1001 3182 1070 ἢ
3208 1000 3346 1054 κατὰ
3364 1000 3447 1051 τὸν
3462 999 3581 1070 Σύμ-

2056 1125 2247 1179 μαχον,
2275 1105 2349 1173 τῇ
2369 1101 2706 1172 συμϐουλίᾳ
2742 1113 2858 1150 σου
2895 1091 3216 1162 ὡδήγησάς
3240 1108 3314 1159 με
3333 1131 3347 1155 ,
3374 1091 3456 1143 τὸν
3481 1090 3580 1160 θνη-

2053 1178 2143 1250 τὸν
2165 1190 2568 1262 διαπορθμεύων
2592 1187 2727 1256 βίον,
2763 1185 2855 1238 καὶ
2883 1184 2965 1244 εἰς
2984 1179 3156 1233 εὐδιον
3184 1180 3276 1230 καὶ
3303 1178 3498 1246 ἀσφαλῆ
3518 1178 3582 1229 λι-

2059 1288 2190 1359 μένα
2215 1287 2312 1355 τῆς
2346 1283 2494 1353 παρὰ
2522 1282 2606 1333 σοὶ
2640 1276 3002 1336 ἀναπαύσεως
3025 1269 3372 1343 χειραγωγῶν
3399 1286 3477 1337 με·
3508 1270 3584 1333 ὡς,

2057 1379 2108 1430 εί
2125 1395 2186 1445 γε
2213 1375 2286 1446 μὴ
2313 1376 2409 1443 τῆς
2437 1372 2616 1435 δεξιᾶς
2639 1371 2737 1439 τῆς
2763 1367 2904 1438 ἐμῆς
2931 1363 3311 1432 κεκρατήκεις,
3335 1359 3487 1412 πάλαι
3516 1359 3586 1421 ἂν,

2057 1467 2243 1535 ὥσπερ
2297 1465 2399 1516 ὐπὸ
2449 1462 2752 1532 χειμάρρου
2811 1454 3219 1523 κατασύροντος
3272 1453 3588 1522 περιτραπεὶς

2057 1556 2180 1616 τοὺς
2203 1554 2300 1621 τῆς
2322 1552 2493 1621 ψυχῆς
2515 1550 2703 1610 πόδας,
2722 1545 2984 1616 πτώματι
3008 1542 3362 1612 περιέπιπτον
3384 1542 3583 1613 ἐξαισίῳ.

2059 1643 2170 1695 Νῦν
2191 1643 2246 1695 δὲ
2277 1641 2337 1694 σὺ
2365 1640 2524 1702 αὐτὸς
2548 1636 2891 1705 ἐκράτησας
2925 1633 3038 1701 τῆς
3066 1632 3261 1702 χειρὸς
3290 1631 3392 1699 τῆς
3425 1629 3591 1698 δεξιᾶς

2055 1749 2190 1801 μου,
2218 1731 2313 1783 καὶ
2339 1730 2408 1781 ἐν
2429 1726 2502 1794 τῇ
2518 1723 2722 1792 βουλῇ
2751 1740 2872 1776 σου
2894 1720 3215 1789 ὡδήγησάς
3230 1736 3322 1788 με.
3349 1719 3449 1771 Καὶ
3471 1719 3590 1781 τέλος

425 1835 799 1906 perturbantes
836 1845 1031 1889 meam,
1078 1826 1194 1880 sine
1223 1822 1462 1891 periculo
1491 1835 1584 1888 per
1616 1819 1736 1870 vita!
1766 1815 1960 1869 ﬂuctus

2073 1820 2198 1890 μετά
2223 1820 2344 1881 τοὺς
2367 1815 2699 1885 δηλωθέντας
2726 1813 3072 1883 πειρασμούς
3097 1812 3192 1863 καὶ
3211 1811 3333 1872 τούς
3363 1810 3591 1879 χειμῶνας

424 1925 713 1981 deductum
748 1937 860 1973 cum
882 1919 1052 1988 gloria
1085 1912 1356 1980 suscepisti
1389 1927 1488 1972 me,
1518 1908 1652 1962 nihil
1687 1908 1739 1960 in
1765 1912 1844 1959 tot
1873 1919 1963 1957 ca-

2073 1911 2184 1972 τούς
2207 1907 2708 1978 ἀναθορυϐήσαντὰς
2743 1920 2850 1974 μου
2889 1901 2991 1972 τὴν
3023 1901 3200 1971 ψυχὴν
3221 1941 3234 1963 ,
3263 1900 3509 1968 διαγαγὼν
3540 1917 3587 1970 με

426 2019 577 2074 sibus
638 2016 762 2069 mali
822 2023 1155 2082 perpessum.
1213 2004 1518 2060 Secundum
1583 1996 1961 2070 Symmachum

2073 1998 2352 2060 ixtvadvm;
2390 1997 2459 2048 τὰ
2492 1997 2584 2048 τοῦ
2628 1995 2744 2064 βίου
2771 1992 3055 2063 ῥεύματα,
3072 1991 3223 2060 μετὰ
3251 1990 3423 2056 δόξης
3450 2005 3591 2056 προσ·

427 2117 626 2171 autem,
664 2105 949 2167 Postremo,
985 2100 1076 2164 ait,
1099 2098 1260 2150 honor
1279 2110 1354 2147 me
1381 2091 1593 2159 excepit.

497 2390 662 2444 Vens.
693 2383 885 2441 95-‘28.
930 2378 1069 2447 Quid
1085 2378 1219 2431 enim
1255 2374 1379 2427 mihi
1410 2381 1484 2426 est
1515 2371 1568 2423 in
1601 2369 1750 2432 coelo,
1778 2375 1827 2420 et
1857 2383 1888 2419 a
1920 2373 1967 2418 te

429 2482 551 2554 quid
577 2479 712 2534 volui
751 2489 902 2542 super
930 2469 1162 2524 terram?
1191 2465 1362 2522 Tuus,
1407 2462 1600 2530 inquit,
1647 2474 1771 2530 erga
1801 2457 1969 2511 homi-

434 2549 531 2629 nes
555 2584 727 2630 amor,
750 2560 1120 2619 misericordia
1153 2558 1276 2610 item
1306 2562 1359 2606 et
1393 2552 1561 2620 gratia
1591 2558 1702 2614 tua,
1729 2549 1968 2602 omnium

435 2663 565 2718 mihi
615 2661 881 2713 bonorum
928 2664 1092 2705 causa
1138 2647 1256 2700 fuit.
1319 2641 1432 2695 'I'ua
1485 2641 1684 2709 quippe
1736 2637 1970 2691 bonitate

433 2768 587 2813 usus,
624 2744 832 2801 tenuisti
873 2755 1082 2793 manum
1134 2735 1403 2789 dexteram
1436 2747 1624 2792 meam,
1656 2736 1710 2783 et
1740 2726 1969 2782 servasti

434 2857 539 2904 me,
563 2840 634 2892 ita
665 2844 722 2889 ut
754 2848 851 2888 nec
888 2831 1049 2900 pedes
1081 2826 1186 2879 tnei
1216 2828 1578 2882 moverentur,
1619 2834 1718 2873 nec
1751 2829 1970 2886 gressus

435 2933 539 2986 mei
565 2927 989 2984 effunderentur.
1017 2919 1120 2973 Sed
1143 2917 1302 2971 etiam
1335 2930 1450 2966 cum
1496 2913 1665 2983 gloria
1701 2910 1972 2978 suscepisti

435 3036 551 3074 tne:
586 3017 838 3088 quoniam
873 3012 974 3066 hoc
999 3008 1094 3062 tibi
1124 3013 1305 3074 utpote
1327 3004 1465 3056 bono
1498 3002 1606 3054 Deo
1635 3001 1809 3065 inest;
1841 2997 1970 3050 mihi

433 3114 572 3167 enim
597 3107 726 3162 nihil
753 3106 807 3158 in
837 3103 976 3156 cielo
1002 3105 1118 3164 est;
1156 3107 1328 3164 neque
1357 3101 1415 3147 ut
1456 3093 1634 3148 debita
1684 3091 1814 3144 mihi
1860 3090 1972 3143 haec

2063 2088 2277 2141 ελάὄου
2292 2104 2388 2156 με,
2412 2086 2572 2156 μηδὲν
2594 2083 2912 2136 πεπονθότα
2930 2081 3037 2134 ὐπὸ
3049 2081 3158 2133 τῶν
3180 2079 3452 2132 τοσούτων.
3468 2077 3592 2131 Κατᾶ

2063 2179 2120 2232 δὲ
2152 2179 2240 2232 τὸν
2278 2178 2585 2248 Σύμμαχον,
2622 2177 2949 2242 “Υστερον,
2993 2172 3147 2244 φησὶ,
3177 2169 3312 2240 τιμὴ
3341 2167 3593 2232 διεδέξατό

2060 2283 2155 2335 με.

2140 2379 2201 2433 Τί
2229 2375 2338 2446 γάρ
2380 2393 2481 2446 μοι
2523 2373 2784 2443 ὑπάρχει
2813 2375 2886 2426 ἐν
2931 2372 3013 2438 τῷ
3054 2370 3306 2440 οὐρανῷ,
3353 2369 3442 2424 καί
3473 2368 3597 2436 παρὰ

2066 2467 2180 2521 σοῦ
2215 2469 2272 2520 τί
2303 2466 2570 2533 ἠθέλησα
2593 2464 2692 2517 ἐπὶ
2715 2462 2836 2532 τῆς
2867 2462 3022 2532 γῆςς
3065 2461 3129 2514 Ἦ
3158 2462 3224 2531 σὴ
3252 2458 3597 2529 φιλανθρωπία..

2069 2558 2220 2628 φησι,
2254 2557 2345 2610 κα.)⁵
2377 2555 2435 2608 τὸ
2470 2554 2560 2607 σὸν
2591 2553 2748 2616 ἔλεος
2789 2554 2887 2606 καὶ
2920 2555 2953 2624 ἡ
2987 2553 3149 2623 χάρις
3180 2553 3388 2606 πάντων
3421 2565 3497 2619 μοι
3517 2546 3598 2599 τῶν

2068 2647 2283 2715 ἀγαθῶν
2323 2646 2542 2714 γέγονεν
2572 2643 2747 2696 αἰτία.
2787 2644 2868 2713 Τῇ
2913 2644 3024 2714 γὰρ
3075 2641 3271 2696 σαυτοῦ
3310 2639 3598 2711 χρησάμενος

2068 2736 2407 2809 ἀγαθωσύνῃ,
2431 2733 2778 2802 ἐκράτησας
2799 2733 2912 2802 τῆς
2935 2733 3134 2804 χειρὸς
3155 2732 3263 2800 τῆς
3286 2729 3468 2795 δεξιᾶς
3487 2744 3597 2796 μου.

2069 2828 2162 2880 καὶ
2202 2825 2458 2887 διέσωσάς
2505 2841 2570 2892 με
2591 2861 2607 2886 ,
2649 2823 2801 2876 ὥστε
2847 2824 2924 2894 μὴ
2956 2822 3278 2891 σαλευθῆναι
3307 2820 3422 2880 τούς
3450 2816 3596 2877 πόδας,

2073 2918 2204 2988 μηδὲ
2234 2915 2545 2985 διαχυθῆναι
2576 2932 2679 2984 μου
2705 2915 2779 2968 τὰ
2809 2914 3149 2986 διαδήματα.
3199 2911 3356 2966 Ἀλλὰ
3377 2910 3459 2963 καὶ
3485 2904 3600 2976 μετὰ

2069 3005 2248 3072 δόξης
2271 3001 2645 3072 προσελὰὄου
2664 3019 2747 3070 με
2765 3018 2778 3030 ο
2831 3003 3134 3074 ἐπειδήπερ
3157 3003 3238 3055 σοὶ
3256 3001 3403 3054 τοῦτο
3417 2998 3482 3059 ὡς
3497 2998 3602 3061 ἀγα-

2073 3094 2148 3165 θῷ
2171 3094 2287 3165 Θεῴ
2317 3094 2574 3163 πάρεστιν
2593 3108 2606 3121 ·
2635 3093 2767 3162 ἐμοὶ
2793 3093 2906 3164 γὰρ
2933 3093 3090 3147 οὐδὲν
3115 3093 3344 3163 ὑπάρχει
3371 3092 3420 3142 ἐν
3443 3087 3508 3156 τῷ
3531 3084 3602 3137 οὐ·

438 3203 785 3257 accesserunt
808 3215 819 3249 :
845 3194 1026 3248 nullus
1061 3206 1190 3246 sane
1225 3172 1356 3243 mihi
1386 3189 1439 3241 in
1470 3186 1610 3240 coelo
1641 3190 1745 3248 est,
1780 3183 1886 3236 nisi
1914 3191 1968 3234 tu

2073 3183 2217 3255 ρανῴ
2241 3222 2256 3246 ,
2303 3182 2422 3234 οὐδὲ
2466 3179 2606 3233 κατὰ
2655 3180 2890 3251 ὀφειλὴν
2922 3199 3014 3251 μοι
3056 3181 3229 3233 ταῦτα
3257 3180 3486 3248 γέγονεν·
3515 3171 3604 3226 ἀλλ’

434 3293 606 3348 solus.
655 3287 834 3354 Quare
877 3283 1015 3337 nihil
1067 3283 1120 3338 in
1158 3290 1300 3334 terra
1329 3278 1475 3334 volui
1507 3277 1602 3329 abs
1627 3284 1679 3328 te
1705 3274 1969 3335 obtinere,

433 3394 609 3449 neque
639 3373 816 3445 optavi
842 3371 1096 3425 mortales
1125 3367 1403 3435 ﬂuxasque
1431 3381 1520 3420 res
1544 3362 1822 3432 consequi.
1847 3359 1875 3413 Ι
1884 3376 1975 3414 ure

438 3478 616 3524 autem
652 3465 783 3520 nihil
816 3478 844 3515 a
868 3469 920 3514 te
943 3459 1086 3514 volui
1124 3459 1179 3513 in
1204 3466 1368 3520 terra,
1399 3455 1525 3525 quia
1546 3454 1794 3508 cmlestes
1823 3466 1975 3504 mau-

439 3561 617 3614 siones
647 3556 1073 3625 percptarem,et
1093 3547 1232 3602 bona
1255 3547 1344 3599 illa
1367 3543 1623 3612 consequi
1642 3548 1963 3610 expeterent.

439 3647 564 3703 Ideo
595 3641 955 3700 tabescebam,
988 3636 1262 3702 vitamque
1305 3633 1664 3694 macerabam,
1701 3643 1795 3682 cor
1840 3627 1978 3680 allii—

439 3741 651 3810 gebam,
681 3735 806 3805 quia
846 3741 899 3787 te
929 3733 1094 3786 Deum
1123 3731 1179 3783 in
1207 3729 1319 3797 spei
1366 3743 1497 3781 mem
1541 3724 1838 3794 portionem
1875 3737 1975 3791 po-

442 3841 675 3884 sueram.
715 3822 1073 3888 Quamobrem
1117 3818 1238 3872 dico
1263 3835 1276 3869 :
1305 3816 1500 3884 Defecit
1530 3831 1652 3867 caro
1683 3829 1792 3866 mea
1818 3822 1866 3864 et
1888 3827 1977 3864 cor

441 3931 648 3976 meum;
684 3915 820 3968 Deus
870 3911 1040 3965 cordis
1075 3907 1172 3959 mei
1200 3916 1249 3960 et
1280 3921 1401 3974 pars
1435 3920 1549 3957 mea
1579 3903 1716 3955 Deus
1744 3902 1798 3954 in
1827 3910 1977 3953 wter-

441 4026 585 4064 num.
617 4005 754 4071 Quia
783 4019 894 4057 ecce
923 4003 1010 4072 qui
1037 4002 1387 4068 elongantsea
1413 4005 1478 4056 te,
1509 3994 1777 4061 peribunt:
1807 3991 1979 4058 perdi-

443 4099 570 4153 disti
600 4113 773 4150 omnes
791 4097 878 4164 qui
906 4093 1232 4163 fornicamur
1252 4089 1344 4140 abs
1366 4097 1432 4139 te.
1451 4083 1583 4137 Mihi
1605 4095 1776 4136 autent
1803 4082 1980 4135 adlue-

446 4201 556 4238 rere
589 4183 690 4236 Deo
726 4182 914 4236 bonum
941 4189 1038 4244 est,
1068 4193 1252 4246 ponere
1286 4177 1342 4227 in
1372 4173 1595 4226 Domino
1615 4187 1753 4238 spem
1775 4186 1977 4234 meam;

446 4286 504 4330 ut
538 4275 840 4329 annuntiem
874 4287 1048 4325 omnes
1074 4266 1254 4321 laudes
1287 4275 1403 4318 tuas
1430 4265 1484 4316 in
1499 4264 1660 4332 portis
1690 4262 1815 4330 ﬁlia:
1829 4262 1978 4316 Sion.

448 4367 709 4436 Superius
745 4363 960 4432 quidem
997 4359 1240 4414 dicebam
1269 4377 1282 4411 :
1319 4356 1386 4408 Et
1419 4371 1511 4424 ego
1555 4370 1750 4421 semper
1778 4363 1979 4414 tecum;

2073 3274 2192 3327 οὐδέ
2217 3273 2328 3324 ἔστι
2359 3271 2448 3341 μοί
2475 3287 2557 3332 τις
2579 3268 2747 3333 ἄλλος
2779 3274 2838 3323 ἐν
2863 3270 2943 3340 τῷ
2969 3272 3030 3323 οὐ
3041 3269 3184 3342 ρανῷ
3210 3270 3244 3340 ἢ
3275 3271 3336 3323 σὺ
3366 3266 3520 3338 μόνος.
3545 3263 3604 3314 Δι’

2074 3365 2102 3418 δ
2127 3364 2276 3417 οὐδὲν
2316 3363 2406 3416 ἐπὶ
2435 3362 2532 3432 τῆς
2570 3362 2680 3430 γῆς
2729 3363 2978 3434 ἠθέλησα
3012 3363 3164 3432 παρὰ
3210 3361 3302 3413 σοῦ
3335 3354 3604 3428 κτήσασθαι,

2074 3454 2193 3506 οὐδὲ
2220 3451 2466 3522 ηὐξάμην
2492 3454 2685 3520 τυχεῖν
2717 3452 2938 3522 θνητῶν
2971 3453 3067 3506 καὶ
3097 3452 3367 3521 ἐπικήριον
3392 3443 3603 3519 πραγμά-

2073 3562 2200 3598 των.
2223 3542 2456 3605 Εἰκότως
2475 3542 2530 3594 δέ
2553 3542 2715 3595 οὐδὲν
2739 3545 2898 3615 παρὰ
2921 3544 3016 3597 σοῦ
3041 3542 3278 3613 ἠθέλησα
3297 3541 3384 3592 ἐπὶ
3402 3539 3486 3607 τῆς
3505 3537 3603 3604 γῆς·

2074 3634 2170 3697 τὰς
2192 3634 2298 3703 γὰρ
2319 3635 2375 3685 ἐν
2401 3631 2610 3701 οὐρανῷ
2635 3633 2880 3687 ἐπόθουν
2902 3632 3210 3704 διατριϐὰς,
3234 3628 3444 3685 καὶτῶν
3465 3623 3608 3679 αὐτόθι

2077 3723 2290 3792 ἀγαθῶν
2323 3723 2500 3790 τυχεῖν
2532 3721 2818 3794 ηὐχόμην.
2875 3726 2954 3776 Δι’
2989 3724 3018 3776 ὃ
3049 3723 3344 3792 κατέτηκον
3368 3719 3450 3772 τὸν
3477 3720 3608 3784 ἐμαυ·

2077 3813 2168 3866 τοῦ
2201 3811 2342 3881 βίον,
2378 3810 2472 3862 καὶ
2498 3809 2596 3880 τὴν
2629 3811 2736 3864 ἐπὶ
2767 3812 2878 3881 γῆς
2913 3811 3058 3882 ζωὴν
3087 3811 3437 3881 κατέτρυχον,
3463 3806 3545 3872 τήν
3567 3815 3608 3852 τε

2079 3902 2299 3972 καρδίαν
2327 3917 2424 3968 μου
2450 3899 2822 3965 κατεπόνουν,
2855 3903 2915 3954 σὲ
2945 3903 3106 3972 μόνον
3125 3901 3216 3954 τὸν
3236 3899 3360 3953 Θεὸν
3376 3900 3464 3967 τῆς
3483 3896 3611 3962 ἔμειν’

2077 3990 2168 4043 τοῦ
2203 3987 2409 4050 ἐλπίδος
2442 3987 2635 4056 μερίδα
2672 3989 2985 4061 τιθέμενος.
3041 3989 3202 4043 Ὅθεν
3232 3986 3394 4058 φημί·
3437 3979 3612 4045 Ἐξέλι·

2078 4095 2192 4132 πεν
2233 4080 2271 4144 ἡ
2316 4075 2470 4143 σάρξ
2512 4094 2633 4144 μου
2681 4080 2786 4132 καὶ
2822 4080 2861 4146 ἡ
2900 4079 3119 4147 καρδία
3143 4095 3292 4147 μουο
3326 4080 3357 4130 ὀ
3390 4073 3513 4136 Θεὸς
3534 4065 3613 4132 τῆς

2080 4167 2321 4236 καρδίας
2346 4183 2485 4234 μου,
2510 4167 2612 4219 καὶ
2649 4169 2692 4236 ἡ
2728 4170 2907 4237 μερίς
2921 4186 3042 4238 μου
3059 4171 3093 4222 ό
3123 4167 3264 4233 Θεὸς
3289 4168 3371 4232 είς
3395 4163 3489 4216 τὸν
3512 4154 3612 4211 015t-

2079 4273 2173 4311 να.
2229 4257 2353 4307 Ὀτι
2390 4253 2516 4306 ιδοὺ
2574 4258 2633 4308 οἱ
2662 4259 3089 4326 μακρύνοντες
3121 4256 3367 4320 ἑαυτοὺς
3389 4251 3494 4306 ἀπὸ
3527 4242 3612 4300 σοῦ

2081 4344 2444 4400 ἀπολοῦνται
2457 4362 2470 4374 ⁶
2487 4344 2962 4415 ἐξωλόθρευσας
2981 4348 3180 4401 πάντα
3194 4347 3296 4400 τὸν
3310 4339 3611 4411 πφνεύοντα

444 4459 559 4512 sive
579 4455 872 4510 secundum
898 4449 1298 4522 Symmachum,
1324 4447 1389 4500 Et
1411 4463 1501 4516 ego
1525 4463 1630 4499 una
1657 4455 1819 4498 tecum
1835 4460 1971 4497 erant

2083 4436 2198 4489 ἀπὸ
2227 4433 2362 4488 σοῦ.
2393 4434 2550 4502 Ἐμοὶ
2577 4437 2653 4489 δὲ
2673 4438 2744 4491 τὸ
2766 4437 3273 4506 προσκολλᾶσθαι
3298 4435 3374 4500 τῷ
3397 4435 3503 4496 Θεῳ
3515 4427 3613 4492 ἁγα-

445 4563 678 4616 semper;
713 4545 963 4599 nimirum
993 4544 1114 4604 ﬁde,
1146 4541 1422 4610 voluntate
1455 4549 1507 4592 et
1545 4537 1831 4591 dilectione
1856 4550 1971 4604 erga

2085 4529 2190 4582 θόν
2215 4527 2365 4589 ἐστι,
2398 4527 2668 4582 τίθεσθαι
2695 4530 2770 4583 ἐν
2798 4529 2882 4596 τῷ
2905 4532 3106 4600 Κυρίῳ
3138 4529 3250 4597 τὴν
3300 4522 3494 4580 ἐλπίδα
3508 4532 3612 4588 μθυι

445 4651 499 4692 te
517 4652 635 4692 mea
661 4655 674 4689 :
702 4650 846 4688 nunc
887 4641 1063 4687 autem
1107 4646 1322 4685 causam
1366 4635 1548 4698 aperte
1576 4626 1790 4696 profero
1821 4639 1988 4694 quare

449 4744 555 4782 una
594 4735 772 4780 tecum
819 4737 1029 4792 semper
1058 4722 1268 4782 fuerim,
1301 4727 1459 4788 teque
1489 4717 1787 4787 portionem
1812 4728 1986 4767 meam

449 4816 743 4886 posuerim.
776 4814 1019 4868 Sciebam
1052 4812 1216 4874 enim,
1245 4825 1307 4862 ac
1330 4810 1485 4877 plane
1519 4818 1834 4876 persuasum
1856 4798 1988 4855 mihi

413 4894 430 4924 ”
449 4913 586 4970 erat,
618 4905 869 4974 quoniam
903 4901 1005 4965 Qui
1027 4900 1268 4967 elongant
1296 4913 1349 4950 se
1367 4914 1400 4947 a
1431 4906 1498 4961 te,
1525 4895 1759 4963 peribunt
1785 4904 1990 4960 :quare

452 5009 560 5048 non
604 5009 690 5046 me
722 4993 818 5046 abs
846 4999 896 5044 te
927 4988 1124 5049 amovi,
1156 4986 1367 5042 etiamsi
1420 4982 1731 5038 oeconomiae
1762 4986 1865 5032 tuae
1902 4991 1990 5030 ra—

454 5085 655 5136 tionem
685 5083 1011 5150 ignorarem,
1063 5077 1158 5131 sed
1205 5091 1312 5129 una
1350 5083 1526 5128 tecum
1557 5085 1704 5127 eram
1754 5082 1986 5136 semper.

461 5173 590 5227 Sese
621 5186 783 5242 porro
835 5186 863 5223 a
911 5169 1020 5224 Deo
1060 5175 1308 5223 amovent
1361 5170 1627 5235 quotquot
1660 5159 1895 5229 peccatis
1938 5165 1991 5212 et

461 5263 632 5315 atheis
661 5263 946 5330 impiisque
981 5255 1393 5327 cogitationibus
1416 5269 1474 5309 se
1501 5252 1608 5306 Deo
1627 5250 1831 5303 alienos
1859 5262 1992 5301 con-

463 5350 690 5403 stituunt
740 5369 753 5403 :
807 5349 897 5417 qui
946 5355 1148 5416 quanto
1195 5345 1408 5414 longius
1461 5343 1528 5396 ab
1576 5355 1641 5395 eo
1687 5335 1990 5396 discedunt,

464 5447 609 5492 tanto
645 5438 899 5506 perniciei
933 5435 1283 5504 propinquius
1311 5433 1610 5493 accedunt;
1643 5437 1700 5482 ut
1722 5427 1839 5481 vice
1871 5439 1992 5479 ver-

463 5541 544 5588 sa,
579 5526 686 5580 Deo
711 5525 1009 5592 coniuncti,
1039 5539 1161 5578 cum
1186 5526 1291 5578 vita
1339 5523 1682 5592 copulantur,
1711 5524 1765 5571 et
1812 5531 1842 5568 a
1870 5528 1993 5583 per-

464 5617 602 5671 nicie
634 5633 692 5672 se
723 5622 989 5667 amarent.
1014 5612 1160 5669 Finis
1184 5629 1342 5684 porro
1368 5628 1552 5668 eorum
1580 5610 1672 5681 qui
1703 5623 1733 5662 a
1753 5606 1860 5662 Deo
1882 5605 1994 5662 dis-

538 5767 610 5834 (ι)
643 5764 743 5816 Ms.
784 5763 1078 5830 πρακτικήν

2085 4616 2189 4670 τοῦ
2233 4615 2570 4684 ἐξαγγεῖλαι
2623 4620 2837 4687 πάσας
2873 4622 2985 4687 τὰς
3012 4623 3273 4684 αἱνέσεις
3300 4633 3407 4671 σου
3432 4614 3492 4664 ἐν
3521 4603 3614 4665 ταῖς

2086 4708 2302 4771 πύλαις
2333 4705 2442 4772 τῆς
2465 4709 2769 4777 θυγατρὸς
2801 4711 2981 4766 Σιών.
3032 4709 3309 4778 ’Λνωτέρω
3341 4707 3429 4776 μὲν
3456 4701 3612 4764 ἔλεγον,

2086 4795 2194 4851 Καὶ
2219 4795 2333 4864 ἐγὼ
2365 4797 2700 4866 διαπαντὸς
2727 4801 2885 4870 μετὰ
2916 4803 3064 4856 σοῦ’
3098 4802 3132 4872 ἢ
3168 4800 3304 4854 κατὰ
3327 4799 3413 4850 τὸν
3440 4791 3614 4859 Σύμμα-

2087 4904 2199 4956 χον,
2233 4888 2340 4940 Καὶ
2375 4888 2669 4959 aur-13pm-
2689 4908 2795 4947 σοι
2823 4894 3184 4958 διαπαντός-⁸
3212 4894 3276 4961 τῇ
3309 4890 3472 4941 πίστει
3492 4879 3616 4949 δηλον

2088 4976 2149 5046 δὴ
2180 4976 2272 5029 καὶ
2305 4980 2370 5048 τῇ
2407 4983 2736 5051 προαιρέσει
2769 4985 2867 5038 καὶ
2891 4989 2961 5055 τῇ
2987 4985 3123 5055 πρὸς
3157 4983 3216 5035 σὲ
3244 4981 3443 5047 ἀγάπῃ·
3463 4963 3614 5026 νυνὶδὲ

2091 5067 2182 5119 καὶ
2204 5066 2299 5136 τὴν
2329 5069 2507 5122 αἰτίαν
2536 5073 2852 5144 καθίστημι
2875 5075 3137 5146 φανερὰν,
3159 5073 3222 5126 δι’
3245 5071 3308 5141 ἣν
3328 5067 3538 5133 συνήμην
3555 5068 3616 5105 σοι

2091 5157 2378 5220 διαπαντὸς
2398 5197 2414 5222 9
2445 5160 2541 5212 καὶ
2567 5162 2628 5213 σὲ
2668 5165 2868 5233 μερίδα
2901 5165 3159 5234 ἐτιθέμην
3183 5157 3422 5232 ἐμαυτοῦ.
3473 5147 3615 5220 ᾟδειν

2092 5246 2217 5314 γὰρ.
2237 5248 2331 5299 καὶ
2361 5248 2608 5321 ἀκριϐῶς
2641 5254 3019 5327 ἐπεπείσμην,
3048 5257 3130 5308 ὅτι
3175 5255 3236 5305 Οί
3272 5244 3615 5318 μακρύνοντες

2092 5336 2344 5404 ἑαυτοὺς
2361 5339 2481 5393 ἀπὸ
2507 5341 2626 5395 σοῦ
2657 5345 3068 5400 ἀπολοῦνται·
3097 5344 3162 5397 δι’
3189 5343 3216 5395 ὃ
3247 5342 3340 5394 οὐκ
3365 5331 3614 5404 ἐμάκρυνον

2095 5427 2349 5495 ἐμαυτὸν,
2385 5429 2590 5502 καίπερ
2622 5435 2838 5502 ἀγνοῶν
2868 5438 2996 5499 τοὺς
3023 5435 3210 5503 λόγους
3235 5432 3324 5500 τῆς
3353 5427 3440 5494 σῆς
3457 5411 3614 5503 mw}:

2099 5532 2233 5580 σεως
2257 5557 2272 5583 ,
2302 5519 2441 5575 ἀλλὰ
2479 5496 2735 5596 συνήμτιν
2767 5544 2851 5579 σοι
2884 5496 3198 5590 διαπαντός.
3247 5496 3614 5596 Μακρύνθνσιδὲ

2098 5607 2324 5673 ἐαυτούς
2353 5613 2402 5663 οἱ
2426 5617 2547 5678 ταῖς
2579 5584 2768 5672 dinti
2799 5619 3096 5688 ἁμαρτίαις
3130 5584 3219 5670 καὶ
3245 5612 3345 5672 τοῖς
3367 5584 3517 5662 αθέοις
3540 5584 3613 5644 καὶ
