3796 6340
112 278 309 396 sig
1359 322 1851 379 COMMENTARIA
1892 326 1955 380 IN
1995 328 2327 385 PSALMOS.
3325 338 3439 391 εει,

142 396 783 523 δᾶξδὶσ⁸-λθγξσμοῖς
829 426 1133 496 ἀλλοτρίους
1178 433 1399 498 ἑαυτοὺς
1438 437 1795 500 καθιστῶντες

1913 440 2112 503 :edunt,
2148 454 2229 497 est
2274 445 2542 507 interitus,
2579 453 2760 514 utpote
2780 446 2871 515 qui
2900 462 2929 500 a
2984 448 3099 503 Deo-
3138 464 3233 503 ceu
3269 448 3432 503 forni-

172 496 312 587 τσῦ
341 494 484 603 6'30”
505 518 519 530 ’
555 506 761 577 οἵτινες
806 518 915 589 ὅσῳ
949 520 1276 589 πορρωτάτω
1305 525 1466 578 αὐτοῦ
1501 526 1794 593 γίγνονται,

2102 494 2111 503 ,
2275 494 2542 507 νην-τ-.
2584 494 2871 515 --τν---ιπ-
2901 494 2929 500 -
2988 494 3088 503 -υν
3139 494 3233 503 νγ..

1913 532 2003 584 ξιιιὶ
2033 532 2250 587 fuerint.
2281 532 2422 589 Deus
2452 550 2681 604 namque
2710 536 2975 591 neminem
3001 546 3231 601 amovet,
3259 554 3430 607 neque

202 599 468 669 τοσουτῳ
495 599 564 667 τῇ
596 599 850 678 ἀπωλείᾳ
881 610 1289 680 πλησιάζουσινο
1310 613 1383 677 ὡς
1414 614 1660 685 ἔμπαλιν,
1679 632 1797 669 συν·

1913 622 1997 675 ihs
2025 637 2083 676 se
2111 625 2359 692 repellit;
2408 626 2503 680 sed
2553 626 2781 695 quisque
2827 641 2945 680 sese
2994 627 3223 681 alienum
3260 643 3287 679 a
3325 628 3431 680 Deo

225 686 533 761 σηπόμενοι
580 693 661 763 τῷ
706 697 849 769 θεῷ,
884 704 946 771 τῇ
980 701 1073 770 μὲν
1096 704 1204 773 ζωῇ
1232 707 1600 768 συνάπτονται,
1622 706 1719 775 τῆς
1743 706 1799 758 δὲ

246 779 521 843 ἀπωλείας
551 783 939 854 μακρύνονται.
972 788 1131 851 Τέλος
1150 791 1203 842 δὲ
1230 792 1337 844 τῶν
1358 794 1574 854 ἑαυτοὺς
1601 809 1797 862 μακρυ-

250 878 447 933 νόντων
467 872 685 944 ὄλεθρος
710 879 987 945 τυγχάνει,
1014 880 1105 931 an;
1128 880 1188 949 δὴ
1213 882 1676 952 ἐκπορνευσάντων
1697 882 1801 934 ἀπὸ

247 967 341 1021 τοῦ
376 963 541 1019 Θεοῦ.
588 963 650 1019 Ὀ
682 967 778 1035 μὲν
804 964 894 1019 οὖν
926 969 1054 1030 Θεὸς
1085 969 1268 1022 οὐδένα
1304 971 1561 1041 μακρύνει
1587 970 1798 1034 ἑαυτοῦ,

244 1059 367 1111 οὐδέ
395 1056 697 1110 ἀπωθεῖται
714 1073 727 1086 ο
753 1057 865 1109 ἀλλ’
892 1057 1113 1120 ἕκαστος
1140 1060 1325 1111 ἑαυτὸν
1352 1061 1691 1131 ἀπαλλοτριοῖ
1710 1062 1801 1114 τοῦ

243 1148 406 1211 Θεοῦ,
436 1147 783 1218 ἐκπορνεύων
828 1150 919 1200 καὶ
941 1148 1036 1217 τὴν
1063 1150 1249 1201 ἐαυτοῦ
1276 1150 1444 1219 ψυχὴν
1469 1150 1674 1202 ἔκδοτον
1703 1168 1806 1203 πα-

245 1239 504 1309 ραδιδοὺς
532 1240 644 1299 τοῖς
673 1237 765 1289 τοῦ
791 1238 922 1289 Θεοῦ
950 1239 1223 1301 ἐναντίοις.
1274 1241 1335 1291 Οἱ
1365 1240 1419 1291 δὲ
1451 1239 1805 1309 μακρύνοντες

241 1327 483 1388 ἑαυτοὺς
507 1327 567 1388 ἐξ
585 1326 788 1388 οἰκείας
814 1328 1174 1396 προαιρέσεως
1194 1327 1523 1380 ἐπισπῶνται
1544 1328 1660 1379 καθ’
1686 1329 1805 1380 ἐαυ-

238 1418 355 1469 τῶν
377 1416 483 1485 τὴν
509 1414 799 1468 ἀπώλειαν.
831 1414 1058 1477 Τούτους
1082 1415 1137 1466 δέ
1163 1418 1226 1484 τῇ
1248 1415 1485 1484 ἀπωλείᾳ
1504 1415 1803 1467 οἱκειωθέν-

235 1523 346 1569 τας
378 1508 409 1558 ὁ
441 1506 577 1567 Θεὸς
608 1504 766 1565 αὐτὸς
790 1505 849 1555 τὸ
877 1504 999 1574 tas;
1029 1504 1310 1573 διατίθησι.
1344 1504 1406 1555 Τί
1433 1506 1487 1557 δὲ
1520 1501 1585 1575 ἦν
1616 1504 1803 1569 τοῦτο;

251 1594 774 1659 Ἐξωνιόθρευσας,
802 1594 930 1662 φησὶ
946 1632 959 1655 ,
983 1592 1172 1646 πάντα
1189 1594 1292 1646 τὸν
1311 1595 1668 1660 πορνεύοντα
1692 1596 1804 1648 ἀπὸ

237 1685 388 1738 σοῦ.
438 1683 703 1753 Πορνεύει
732 1684 788 1735 δέ
814 1682 918 1734 ἀπὸ
945 1682 1036 1734 τοῦ
1064 1683 1193 1733 Θεοῦ
1214 1686 1242 1735 ὁ
1273 1682 1407 1751 μετά
1432 1683 1492 1735 τὸ
1521 1683 1806 1752 πλησιάσαι

1901 704 2049 772 facit,
2078 707 2204 761 dum
2230 725 2325 763 ceu
2360 710 2674 775 fornicatur,
2708 712 3049 780 animamque
3095 729 3246 767 suam
3277 714 3427 768 dedi-

1902 795 2072 847 titiam
2106 795 2338 854 inimicis
2366 800 2457 855 Dei
2487 801 2668 854 tradit.
2692 800 2791 865 Qui
2817 817 2945 855 vero
2977 804 3192 871 proprio
3221 805 3429 858 delectu

1903 899 2021 939 sese
2055 896 2324 951 amovent,
2358 890 2714 944 exitium'sihi
2752 893 3045 945 attrahunt.
3080 892 3150 946 lis
3186 910 3310 947 vero
3337 897 3431 963 qui

1902 988 2020 1026 sese
2053 975 2303 1041 perniciei
2328 977 2667 1043 dediderunt,
2703 978 2840 1033 Dens
2871 981 3013 1049 quod
3064 990 3311 1052 superest
3341 983 3435 1035 ad-

1896 1060 2036 1128 jicit.
2072 1062 2206 1126 Quid
2252 1065 2380 1116 illud
2429 1068 2548 1119 est?
2576 1064 2880 1131 Perdidisti,
2921 1070 3111 1138 inquit,
3146 1087 3316 1125 omnes
3347 1072 3434 1140 qui

1902 1150 2229 1216 fornicamur
2253 1153 2343 1206 abs
2379 1165 2442 1207 te.
2472 1154 2787 1211 Fornicatur
2815 1174 2845 1210 a
2880 1158 3005 1222 Deo,
3038 1163 3126 1229 qui
3152 1170 3433 1230 postquam

1903 1243 1967 1294 ad
1997 1259 2115 1297 eum
2152 1246 2372 1313 propius
2398 1257 2724 1311 accesserat,
2746 1250 2813 1303 ab
2836 1251 2953 1319 ipso
2982 1254 3168 1319 procul
3210 1254 3430 1309 recedit.

1903 1328 2018 1398 lpse
2052 1348 2280 1400 namque
2303 1334 2586 1388 humanam
2608 1338 2839 1391 animam
2861 1339 3208 1408 desponsare,
3237 1350 3289 1394 et
3314 1358 3436 1411 pro-

1904 1418 2014 1485 pria
2050 1420 2255 1472 semina
2295 1421 2346 1473 in
2402 1423 2543 1474 illam
2586 1425 2765 1492 jacere
2816 1442 2919 1479 non
2959 1428 3310 1497 dedignatur;
3348 1433 3435 1485 illa

1904 1523 2029 1561 vero
2054 1511 2311 1566 recedens
2338 1512 2404 1565 ab
2444 1530 2527 1577 eo,
2563 1530 2788 1583 seseque
2836 1518 2955 1571 aliis
3007 1520 3297 1575 admovens
3346 1524 3437 1590 qui

1907 1596 2161 1651 fornicari
2200 1615 2322 1653 eum
2364 1617 2423 1654 ea
2457 1603 2699 1670 cupiunt,
2736 1606 2983 1675 malignis
3008 1608 3210 1661 scilicet
3236 1609 3439 1675 spiriti-

1907 1686 2023 1748 bus,
2052 1693 2103 1740 et
2128 1687 2350 1756 impuris
2379 1692 2739 1753 daunonibus,
2777 1701 2867 1743 aut
2898 1694 3075 1762 impiis
3104 1696 3443 1764 cogitationi-

239 1774 403 1844 αὐτῷ
434 1772 720 1844 μακρύνας
747 1773 951 1826 ἑαυτόν.
1003 1772 1168 1834 Αὐτὸς
1195 1773 1290 1841 μὲν
1317 1773 1423 1843 γὰρ
1454 1774 1546 1825 καὶ
1570 1774 1805 1843 νυμφεύ-

1913 1777 2025 1836 bus,
2073 1777 2185 1829 sive
2217 1778 2370 1832 fmdis
2414 1779 2745 1847 impurisque
2778 1780 3128 1843 facinoribus,
3170 1784 3291 1851 jure
3328 1799 3444 1851 pcr-

237 1866 407 1920 εσθαι
428 1866 534 1917 οὐκ
551 1862 771 1925 ἀπαξιοῖ
783 1862 879 1933 τὴν
893 1862 1226 1932 ἀνθρωπίνην
1244 1862 1435 1932 ψυχὴν,
1454 1866 1545 1916 καὶ
1558 1864 1625 1916 τὰ
1639 1866 1806 1917 οἰκεῖα

240 1954 553 2023 σπέρματα
581 1954 638 2003 ἐν
666 1951 799 2019 αὐτῇ
830 1949 1277 2005 καταϐάλλεσθαιο
1326 1952 1359 2019 ἡ
1385 1951 1439 2002 δέ
1468 1951 1808 2023 μακρύνουσα

235 2040 454 2110 ἑαυτὴν
476 2040 571 2092 καὶ
596 2039 799 2108 ἑτέροις
825 2037 1127 2107 παρέχουσα
1152 2041 1263 2099 τοῖς
1286 2042 1698 2108 καταπορνεύειν
1721 2041 1809 2091 αὐ-

233 2133 350 2202 τὴν
384 2128 667 2191 ἐθέλουσι,
715 2127 981 2197 πνεύμασι
1013 2130 1259 2197 πονηροῖς
1290 2130 1379 2180 καὶ
1406 2129 1648 2198 δαίμοσιν
1678 2130 1809 2181 ἀκα-

236 2220 498 2291 θάρτοις,
529 2218 561 2287 ἦ
598 2215 871 2285 λογισμοῖς
902 2216 1077 2278 ἀθέοις
1105 2219 1196 2269 καὶ
1223 2218 1490 2281 ἀσεϐέσιν,
1521 2218 1553 2288 ἢ
1584 2219 1807 2289 πράξεσι

238 2310 484 2379 μακραῖς
506 2308 602 2359 καὶ
624 2306 968 2374 ἀκαθάρτοις,
986 2308 1202 2368 εἰκότως
1221 2307 1419 2377 ὀλέθρῳ
1441 2309 1806 2376 παραδίδοται.

234 2396 343 2451 Διὸ
365 2395 620 2448 λέλεκται
640 2411 652 2423 '
692 2396 1157 2460 Ἐξωλόυρευσας
1177 2394 1367 2447 πάντα
1385 2396 1486 2448 τὸν
1504 2400 1810 2464 πορνεύον-

235 2503 319 2539 ra
350 2484 475 2539 ἀπὸ
496 2485 635 2537 σοῦ.
684 2484 842 2535 ’Λλλά
864 2483 970 2553 γὰρ
1000 2485 1167 2536 ταῦτα
1194 2484 1346 2546 εἰδὼς
1374 2484 1501 2552 ἐγὼ,
1533 2486 1625 2539 καὶ
1656 2488 1810 2557 ἀκρι-

236 2577 363 2639 ϐῶς
390 2575 758 2643 πεπεισμένος
791 2576 1031 2642 περὶτῆς
1062 2576 1158 2643 σῆς
1177 2576 1387 2637 δικαίας
1409 2576 1635 2644 κρίσεως
1655 2617 1669 2635 ,
1714 2577 1810 2647 τὴν

238 2666 508 2720 ἐναντίαν
541 2663 762 2733 εἱλόμην
781 2666 889 2725 τοῖς
920 2664 1151 2725 ἀσεόέσι,
1174 2665 1371 2736 καίπερ
1400 2666 1471 2735 μὴ
1494 2665 1625 2717 νοῶν
1653 2665 1718 2717 τὰ
1744 2667 1812 2717 σὰ

241 2756 543 2827 μυστήρια
564 2771 578 2785 ⁸
612 2753 746 2806 ἀλλὰ
779 2754 870 2805 καὶ
910 2755 1180 2824 κτηνώδης
1216 2756 1494 2825 γενόμενος
1534 2757 1679 2826 παρὰ
1710 2758 1808 2821 σοὶ,

236 2850 405 2919 ὅμως
428 2851 564 2916 συνή
575 2862 680 2915 μην
705 2862 786 2897 σοι
814 2846 1111 2905 διαπαντός.
1141 2846 1301 2899 Οὐδὲν
1325 2846 1430 2916 γάρ
1456 2848 1576 2916 ἐμοὶ
1603 2847 1810 2900 κάλλιον

237 2938 511 3007 ἐφαίνετο
536 2934 631 2986 τοῦ
654 2934 1075 3003 προσκολλᾶσθαί
1094 2951 1171 2985 σοι
1195 2935 1271 3003 τῷ
1286 2935 1400 3004 ἐμῷ
1420 2935 1555 3004 Θεῷ,
1577 2937 1666 2988 καὶ
1694 2935 1813 2987 ταῦ-

236 3046 315 3081 τα
343 3026 622 3097 αἱρεῖσθαι
653 3025 791 3092 ἅπερ
842 3024 1003 3086 αὐτὸς
1032 3025 1230 3095 ὥρισας
1251 3027 1342 3078 καὶ
1363 3028 1624 3078 ἐνετείλω.
1659 3026 1811 3079 Οὕτω

237 3119 364 3188 γΞιρ
456 3083 834 3181 κολῖώμεφίος
856 3113 934 3193 τῷ
959 3083 1147 3180 Κυρίῳ
1171 3083 1240 3166 ἐκ
1265 3116 1495 3183 πνεῦμά
1512 3118 1659 3169 ἐστι,
1694 3118 1810 3169 Διό-
1838 3083 1878 3139 C

240 3224 361 3278 περ
390 3208 520 3275 ἐμοὶ
543 3205 694 3257 οὐδὲν
722 3203 932 3256 κάλλιον
951 3204 1068 3255 οὐδὲ
1094 3206 1331 3274 κρεῖττον
1356 3207 1698 3273 κατεφαίνετο
1720 3206 1811 3257 τοῦ

242 3293 701 3367 πφσκολλᾶσθαί
727 3304 826 3344 σοις
862 3294 951 3343 Διό
972 3308 1128 3361 φημι,
1153 3295 1232 3345 ὅτι
1266 3294 1420 3360 Ἐμοὶ
1442 3295 1506 3347 τὸ
1532 3298 1815 3361 «poenal-

238 3389 484 3442 λᾶσθαι
518 3383 599 3448 τῷ
626 3382 745 3446 Θεῷ
770 3384 989 3449 ἀγαθόν
1010 3384 1192 3436 ἐστιν.
1218 3384 1277 3434 Ei
1307 3383 1413 3452 γὰρ
1433 3383 1600 3445 οὐδεὶς
1618 3384 1815 3450 ἀγαθὸς

241 3482 296 3532 εἰ
335 3478 414 3547 μὴ
446 3471 532 3536 εἷς
563 3476 592 3525 ὀ
623 3473 755 3533 θεὸς
774 3510 787 3533 ,
826 3471 984 3523 πόθεν
1016 3472 1081 3524 ἂν
1110 3472 1313 3537 γένοιτο
1344 3474 1510 3542 ἑτέρῳ
1539 3490 1590 3524 τι
1619 3473 1815 3540 ἀγαθὸν

245 3571 278 3639 ἦ
305 3571 377 3620 ἐκ
400 3564 500 3618 τοῦ
533 3562 962 3633 προσκολλᾶσθαι
986 3560 1129 3630 αὐτῷ
1149 3577 1162 3624 ;
1184 3562 1291 3613 Καὶ
1308 3562 1406 3630 ἥδη
1431 3563 1527 3631 μὲν
1545 3563 1817 3633 ἀπήλαυον

244 3650 467 3712 παντὸς
500 3648 737 3715 ἀγαθοῦ,
792 3646 1121 3716 κολλώμενος
1167 3648 1259 3700 καὶ
1310 3650 1696 3718 συναπτόμενος
1744 3650 1818 3721 τῷ

244 3741 378 3812 Θεῷ
397 3759 411 3772 ⁸
462 3740 605 3791 ὥστε
629 3738 835 3805 λέγειν’
882 3736 1202 3802 Ἐκολλήθη
1227 3737 1414 3789 ὀπίσω
1442 3753 1553 3790 σου
1587 3739 1623 3802 ἡ
1654 3738 1818 3806 ψυχή

239 3850 396 3903 μου.
461 3831 574 3882 Καὶ
613 3831 692 3889 εἰς
730 3828 820 3879 τὸν
873 3827 1124 3895 μέλλοντα
1151 3826 1207 3878 δέ
1251 3827 1435 3897 χρόνον
1462 3827 1667 3894 ἀγαθὰς
1694 3828 1820 3880 ὑπέ-

246 3939 477 3994 γραςον
496 3918 717 3979 ἐλπίδας
738 3915 973 3985 ἐμαυτῷ.
1007 3916 1130 3967 Ἐτε
1140 3916 1228 3984 ρον
1258 3933 1315 3967 τε
1334 3915 1489 3968 τοῦτο
1508 3917 1705 3984 ἀγαθόν
1731 3933 1818 3986 μοι

244 4011 324 4084 ἦν
343 4052 359 4076 ,
390 4012 455 4064 τὸ
488 4010 752 4063 τίθεσθαι
790 4008 857 4059 ἐν
890 4006 1080 4072 Κυρίῳ
1110 4005 1222 4073 τὴν
1250 4005 1462 4058 ἐλπίδα
1486 4021 1622 4074 μου.
1658 4007 1817 4069 Τέλος

248 4103 369 4172 γάρ
407 4117 500 4170 μοι
527 4100 627 4168 τῆς
656 4098 833 4167 πάσης
858 4098 1066 4161 ἐλπίδος
1093 4095 1158 4168 ἧν
1185 4098 1245 4150 τὸ
1263 4099 1591 4167 ἐξαγγεῖλαι
1619 4098 1816 4164 πάσας

246 4194 367 4257 τὰς
412 4189 681 4253 αὶνὲσεις
721 4205 835 4241 σου
870 4190 940 4241 ἐν
977 4189 1102 4254 ταῖς
1139 4191 1354 4254 πύλαις
1395 4188 1502 4256 τῆς
1536 4189 1815 4256 θυγατρὸς

248 4284 438 4337 Σιών.
490 4278 859 4343 Καταξιωθεὶς
883 4278 989 4347 γὰρ
1017 4279 1115 4347 τῆς
1146 4282 1223 4341 είς
1254 4280 1350 4350 τὴν
1387 4280 1535 4332 πόλιν
1568 4296 1657 4330 σου
1686 4279 1817 4329 εἰσό-

1907 1868 2060 1921 niciei
2093 1867 2335 1920 traditur.
2377 1867 2552 1932 Quare
2582 1869 2780 1923 dictmn
2811 1880 2927 1924 est:
2958 1870 3245 1925 Perdidisti
3267 1889 3439 1925 omnes

1904 1958 1990 2027 qui
2021 1958 2346 2023 fornicamur
2369 1957 2460 2009 abs
2492 1967 2557 2012 te.
2593 1959 2789 2013 Verum
2811 1976 2907 2028 ego
2931 1961 3041 2015 lucc
3059 1962 3224 2030 probe
3239 1963 3438 2023 sciens,

1906 2061 1968 2098 ac
2000 2046 2153 2113 plane
2184 2046 2249 2098 de
2275 2045 2424 2114 justo
2449 2046 2652 2113 judicio
2679 2056 2769 2099 tuo
2801 2062 3116 2113 persuasus,
3154 2050 3439 2101 adversam

1907 2134 2085 2202 impiis
2100 2135 2229 2203 elegi
2257 2136 2414 2197 viain,
2439 2134 2648 2187 etiamsi
2671 2136 2919 2203 mysteria
2944 2145 3031 2188 tua
3052 2152 3158 2189 non
3178 2136 3440 2204 intellige-

1908 2239 2047 2290 rem;
2068 2225 2159 2279 sed
2176 2233 2227 2279 et
2255 2225 2500 2294 quamvis
2522 2225 2889 2292 utjumentum
2911 2226 3083 2280 factus
3105 2241 3276 2280 essem
3298 2225 3439 2293 apud

1908 2323 1977 2377 te,
1997 2321 2226 2369 attamen
2257 2331 2359 2367 una
2380 2324 2553 2367 tecum
2571 2329 2714 2367 eram
2736 2329 2963 2382 semper.
2989 2314 3128 2369 Nihil
3152 2316 3293 2368 enim
3318 2316 3438 2384 pul-

1908 2403 2089 2457 chrius
2122 2404 2246 2455 mihi
2297 2404 2577 2457 videbatur
2625 2419 2765 2467 esse,
2811 2419 2968 2472 quam
3025 2404 3118 2457 tibi
3168 2404 3274 2459 Deo
3322 2422 3440 2458 meo

1908 2494 2198 2553 adhaerere,
2232 2493 2427 2560 illaque
2470 2493 2690 2561 diligere
2725 2509 2842 2561 qua:
2878 2502 2930 2545 tu
2963 2493 3175 2560 jussisti
3213 2509 3273 2546 ac
3304 2509 3440 2561 prie-

1909 2582 2113 2649 cepisti.
2139 2580 2211 2633 Ita
2236 2581 2377 2634 enim
2414 2582 2499 2648 qui
2537 2580 2763 2631 adfuerat
2796 2581 3015 2632 Domino
3065 2597 3194 2632 unus
3226 2580 3439 2645 spiritus

1908 2682 1981 2725 est
2007 2673 2047 2725 ⁸.
2078 2672 2199 2725 Ideo
2244 2671 2372 2723 nihil
2417 2670 2542 2721 mihi
2580 2670 2872 2738 pulchrius,
2910 2669 3041 2721 nihil
3074 2669 3263 2722 melius
3294 2669 3437 2721 vide»

1908 2763 2086 2823 batur,
2116 2775 2275 2830 quam
2310 2760 2579 2813 adluerere
2610 2760 2726 2812 tibi.
2774 2760 3108 2827 Quapropter
3132 2758 3275 2819 dice,
3312 2756 3443 2809 Mihi

1910 2852 2172 2905 adliwrere
2200 2850 2302 2903 Deo
2335 2851 2519 2903 bonum
2545 2859 2640 2901 est.
2684 2848 2813 2901 Nam
2845 2849 2889 2902 si
2943 2864 3099 2901 nemo
3136 2849 3309 2901 bonus
3341 2850 3443 2901 nisi

1912 2955 2051 2993 unus
2098 2939 2260 2996 Deus.
2314 2938 2579 2991 undenam
2637 2939 2727 2989 alii
2786 2938 3020 3006 cuipiam
3068 2938 3192 2990 boni
3243 2938 3446 3005 aliquid

1913 3028 2205 3087 advenerit,
2235 3027 2336 3080 nisi
2386 3041 2448 3079 ex
2495 3042 2558 3078 eo
2590 3026 2729 3093 quod
2760 3024 2868 3077 Deo
2913 3025 3216 3077 adhazrcat?
3247 3025 3307 3076 Et
3332 3025 3443 3092 jam

1910 3116 2123 3185 quidem
2145 3116 2287 3168 omni
2319 3116 2534 3169 fruebar
2564 3119 2721 3176 bono,
2750 3115 3026 3167 adhan'cns
3047 3122 3097 3166 et
3125 3114 3446 3180 conjunctus

1914 3206 2058 3269 Deo;
2098 3206 2168 3258 ita
2203 3214 2255 3257 ut
2277 3207 2508 3259 dicerem
2542 3225 2552 3258 :
2590 3204 2822 3256 Adluesit
2851 3204 3027 3255 anima
3057 3219 3167 3255 mea
3190 3213 3305 3269 post
3336 3212 3382 3255 te
3403 3206 3443 3255 ⁸.

1914 3293 2148 3360 Itemque
2197 3294 2262 3345 ad
2316 3294 2550 3345 futurum
2606 3292 2857 3345 saeculum
2908 3291 3100 3344 bonam
3138 3292 3264 3343 mihi
3297 3306 3444 3359 spem

1915 3383 2162 3450 ascripsi.
2196 3382 2262 3434 Et
2290 3398 2420 3436 sane
2455 3382 2596 3435 aliud
2620 3396 2831 3449 quoque
2853 3380 2981 3432 mihi
3010 3381 3208 3432 bonum
3236 3381 3443 3437 aderat.

1916 3472 2140 3535 scilicet,
2189 3486 2373 3538 ponere
2416 3472 2467 3523 iu
2513 3471 2734 3524 Domino
2779 3484 2916 3535 spem
2950 3484 3134 3520 meam.
3164 3466 3292 3519 Nam
3323 3466 3446 3519 linis

1915 3562 2090 3616 omnis
2122 3561 2237 3630 spei
2282 3561 2411 3615 mihi
2454 3568 2589 3626 erat,
2625 3571 2680 3613 ut
2709 3561 3011 3613 annuntiem
3043 3574 3215 3612 omnes
3271 3557 3448 3609 laudes

1918 3662 2031 3705 tuas
2061 3653 2112 3704 in
2136 3652 2299 3718 portis
2333 3652 2457 3719 ﬁlia:
2480 3649 2624 3705 Sion.
2657 3648 2932 3719 Siquidem
2964 3650 3207 3715 ingressu
3239 3649 3290 3700 in
3323 3648 3449 3702 civi-

1915 3747 2076 3792 tatem
2110 3746 2257 3791 tuam
2287 3738 2554 3808 dignatus,
2595 3739 2659 3794 de
2692 3753 2795 3808 qua
2841 3738 3089 3805 superius
3120 3736 3401 3791 dicebatur
3433 3753 3446 3789 :

1915 3829 2151 3889 Domine,
2203 3830 2257 3880 in
2289 3830 2494 3882 civitate
2527 3842 2617 3881 tua
2646 3830 2924 3897 imaginem
2953 3829 3183 3894 ipsorum
3215 3826 3282 3879 ad
3314 3826 3449 3879 nihi—

1918 3916 2024 3967 lum
2052 3915 2281 3985 redigas;
2302 3930 2424 3967 cum
2448 3916 2608 3968 etiam
2632 3917 2697 3969 ad
2721 3917 2966 3970 ccelestes
2992 3924 3172 3984 portas
3200 3928 3454 3967 conscen-

1920 4007 2109 4068 derim,
2132 4013 2222 4058 tua
2255 4021 2379 4074 erga
2413 4020 2496 4058 me
2528 4005 2782 4058 beneficia
2828 4005 3077 4057 omnibus
3128 4004 3445 4071 praedicabo.

1922 4097 2020 4152 Ubi
2052 4098 2374 4151 constitutus
2402 4097 2663 4164 promissa
2691 4110 2990 4163 consequar
3017 4104 3125 4157 tua,
3167 4110 3279 4160 qua:
3330 4108 3454 4144 ocn-

1921 4187 1999 4238 lus
2030 4203 2127 4238 non
2162 4187 2309 4249 vidit,
2341 4201 2429 4238 nec
2461 4186 2604 4238 auris
2635 4184 2853 4243 audivit,
2885 4200 2972 4235 nec
3003 4184 3055 4235 in
3099 4199 3186 4234 cur
3232 4181 3452 4233 hominis

1923 4275 2260 4329 ascenderunt
2286 4276 2347 4329 ‘°.
2395 4272 2544 4327 Talia
2589 4276 2785 4343 quippe
2817 4274 2957 4327 Deus
2989 4273 3303 4343 pratpuravit
3332 4272 3456 4323 dili-

248 4373 372 4431 δου,
412 4369 548 4439 περὶ
572 4364 641 4437 ἧς
662 4367 913 4437 ἀνωτέρω
940 4366 1149 4433 ἐλέγετο
1167 4383 1179 4395 ·
1208 4368 1379 4432 Κύριε
1398 4405 1412 4428 ,
1453 4366 1521 4417 ἐν
1548 4365 1620 4431 τῇ
1652 4367 1809 4418 πόλει

1921 4364 2153 4434 gentibus
2186 4380 2258 4417 se.

248 4476 379 4514 σου
415 4458 535 4525 τὴν
553 4459 755 4509 εὶκόνα
774 4456 967 4508 αὐτῶν
990 4454 1425 4519 ὲξουθενώσεις,
1454 4456 1544 4507 καὶ
1576 4458 1694 4516 ταῖς
1718 4455 1907 4517 πύλαις
1948 4458 2065 4517 ταῖς
2099 4456 2433 4525 ἐπουρανίοις
2481 4454 2675 4516 ἐπιϐὰς
2704 4497 2719 4521 ,
2787 4453 3106 4523 ἀνακηρύξω
3174 4454 3284 4512 τοῖς
3328 4450 3458 4500 πᾶσι

247 4553 357 4613 τὰς
384 4551 468 4610 εἰς
492 4548 595 4616 ἐμέ
630 4564 721 4598 σου
742 4545 1071 4615 εὐεργεσίας.
1105 4545 1266 4597 Ἔνθα
1294 4544 1573 4612 γενόμενος
1597 4545 1687 4595 καὶ
1744 4544 1849 4595 τῶν
1885 4546 2217 4613 ἐπαγγελιῶν
2285 4562 2375 4596 σου
2418 4544 2667 4612 τεύξομαι
2690 4583 2705 4604 ,
2741 4542 2811 4607 ἅς
2842 4542 3139 4609 ὀφθαλμὸς
3171 4543 3278 4592 οὐκ
3317 4533 3457 4593 εἶδε,

250 4642 353 4695 xci
380 4636 495 4702 οὖς
508 4641 619 4690 οὐκ
645 4636 883 4704 ἤκουσε,
903 4635 1000 4689 καί
1017 4635 1369 4703 ἐπὶκαρδίαν
1385 4635 1688 4703 ἀνθρώπου
1703 4637 1811 4689 οὐκ
1845 4637 2043 4691 ἀνέϐη.
2080 4637 2310 4690 Τοιαῦτα
2335 4636 2439 4707 γὰρ
2461 4637 2779 4703 fita/paver
2802 4638 2832 4686 ό
2858 4633 2997 4698 Θεὸς
3054 4634 3176 4697 τοῖς
3238 4625 3463 4695 ἀγαπῶ-

248 4745 363 4782 σιν
390 4729 604 4781 αὐτόν.

329 4840 425 4909 Μὴ
464 4840 715 4906 κείμενον
742 4838 797 4888 δὲ
827 4839 883 4887 ἐν
906 4836 983 4904 τῷ
1024 4836 1307 4905 Ἐϐραῖκῷ,
1346 4837 1475 4905 μηδὲ
1532 4839 1680 4908 παρά
1710 4842 1819 4902 τοῖς

252 4934 473 4993 λοιποῖς
495 4932 850 4999 ἑρμηνευταῖς
873 4927 931 4978 τὸ
950 4927 1017 4978 ἐν
1040 4928 1164 4991 ταῖς
1178 4929 1390 4991 πύλαις
1410 4928 1516 4995 τῆς
1537 4931 1817 4997 θυγατρὸς

257 5022 434 5083 Σιὼν,
475 5018 626 5086 παρὰ
661 5018 840 5086 μόνοις
865 5016 921 5066 δὲ
948 5018 1057 5075 τοῖς
1096 5016 1478 5084 Ἐὅδομήκοντα
1508 5018 1819 5085 φερόμενον,

254 5110 574 5168 ὠὸέλισται,
603 5105 689 5157 διὰ
716 5106 775 5156 τὸ
806 5105 899 5155 καὶ
924 5104 1167 5170 περιττὸν
1196 5102 1347 5157 εἶναι.
1383 5105 1454 5155 Τὸ
1478 5104 1582 5172 γὰρ
1609 5105 1820 5158 πάντων

254 5199 467 5266 ἀγαθὸν
508 5197 657 5257 τέλος
700 5196 786 5245 ἐπ’
821 5191 991 5258 αὐτὴν
1024 5192 1144 5257 ἄγει
1187 5195 1282 5263 τὴν
1315 5194 1624 5261 ἐπουράνιον
1662 5194 1817 5258 Σιὼν,

255 5292 313 5358 ἧκ’
334 5307 382 5351 ις
420 5286 489 5357 ἦν
519 5291 548 5357 ἡ
589 5282 957 5348 ἀποδεδομένη
978 5280 1067 5330 τοῦ
1109 5283 1240 5334 Θεοῦ
1275 5286 1330 5335 ἐν
1366 5284 1604 5352 οὐρανοῖς
1636 5283 1819 5347 πόλις,

254 5380 522 5449 θυγατρδς
552 5374 691 5427 Σιὼν
718 5367 1012 5434 νοουμένης
1036 5369 1140 5437 τῆς
1160 5375 1287 5442 παρ’
1314 5374 1441 5441 ἡμῖν
1482 5371 1817 5439 Ἐκκλησίας,

246 5470 325 5532 ὡς
349 5471 436 5525 διὰ
471 5464 682 5520 πολλῶν
712 5454 994 5515 ἀποδεῖξαι
1018 5459 1223 5525 ῥᾴδιον,

838 5604 856 5631 τ’
894 5600 1035 5654 Psal.
1079 5620 1221 5675 an,
1248 5612 1296 5662 9.

297 5627 320 5659 ³
348 5625 368 5677 1
395 5624 520 5677 Cor.
558 5630 630 5674 vr,
672 5607 753 5660 l7.
838 5607 856 5631 ³
894 5607 1035 5654 Psal.
1079 5620 1221 5675 an,
1248 5612 1296 5662 9.
1376 5610 1415 5640 ¹⁰
1446 5607 1464 5659 l
1494 5608 1611 5663 Cor.
1649 5622 1705 5672 ιι,
1733 5609 1785 5662 9.

2001 4837 2134 4889 Cum
2167 4842 2343 4889 autem
2396 4833 2548 4895 illud,
2582 4834 2631 4885 in
2658 4834 2820 4898 portis
2877 4832 3002 4899 [iliw
3025 4829 3169 4893 Sion,
3203 4843 3374 4897 neque
3405 4844 3461 4882 ιιι

1924 4924 2203 4986 liebraico,
2236 4940 2406 4992 neque
2455 4923 2593 4990 apud
2649 4922 2882 4988 reliquos
2919 4915 3456 4986 interpretcsjaeeat,

1925 5016 2017 5068 sed
2034 5013 2171 5082 apud
2192 5014 2335 5066 solos
2354 5012 2699 5079 Septuaginta
2723 5008 3044 5077 lnterpretes
3063 5006 3286 5065 feratur,
3304 5004 3461 5058 obelo

1925 5110 2160 5164 notatur,
2206 5102 2330 5170 quia
2376 5099 2702 5167 superfluum
2742 5105 2843 5151 est.
2896 5096 3075 5150 Bonus
3104 5096 3301 5165 quippe
3344 5108 3462 5144 om—

1926 5194 2070 5246 niutn
2107 5194 2225 5246 linis
2276 5192 2341 5244 ad
2374 5192 2540 5258 ipsam
2573 5188 2699 5241 Sion
2732 5188 3003 5240 cmlestcm
3038 5186 3204 5248 ducit,
3235 5197 3354 5249 qua:
3381 5189 3465 5234 est

1925 5285 2140 5351 illajaiu
2178 5281 2372 5334 tradita
2406 5280 2592 5333 civitas
2614 5278 2707 5332 Dei
2744 5279 2799 5332 in
2821 5277 2990 5330 C(Blis.
3032 5275 3163 5328 Nam
3186 5271 3294 5325 lilia
3331 5268 3464 5324 Sion

1926 5372 2161 5427 Ecclesia
2201 5378 2380 5426 nostra
2403 5387 2521 5424 esse
2554 5368 2890 5439 intelligitur,
2921 5374 2977 5422 ut
3014 5363 3262 5432 pluribus
3302 5357 3470 5412 facile

1926 5476 2009 5521 est
2035 5464 2399 5534 comprobare.
