3796 6368
391 393 490 447 831

602 508 650 559 I.
693 502 1155 559 lNTELLECTUS
1204 499 1443 554 ASAPII.
1487 496 1711 552 LXXIII.

465 615 673 684 Πιψιῗιι,
710 614 866 672 Deus,
918 612 1151 678 repit/isti
1180 613 1254 672 ,in
1301 612 1476 678 ﬁnem,
1506 610 1673 660 iratus
1718 618 1792 660 est
1837 607 1922 668 fu-

391 723 479 762 ror
537 719 650 759 tuus
685 721 835 774 super
887 719 997 756 oves
1056 717 1263 770 pascua:
1317 703 1462 755 ture?
1521 699 1599 752 Ad
1661 699 1919 752 dictorum

391 793 789 863 intelligentiam
841 807 940 844 nos
967 790 1164 844 excitat
1213 798 1266 843 et
1303 790 1492 843 invitat
1524 789 1741 857 spiritus
1797 803 1923 857 pro-

392 885 650 954 pheticus.
721 880 822 945 Qui
866 897 1036 945 neque
1079 881 1341 948 psalmum
1405 880 1470 933 de
1519 894 1687 942 more,
1752 894 1922 946 neque

387 973 679 1032 cantionum,
710 987 883 1039 neque
913 969 1190 1038 hymnum,
1222 983 1398 1037 neque
1422 968 1548 1036 quid
1576 968 1749 1021 simile
1772 969 1823 1020 in
1855 969 1923 1020 ti—

388 1067 500 1118 tulo
532 1065 813 1128 indicavit,
853 1064 977 1130 quia
1021 1062 1194 1116 tristia
1227 1062 1596 1115 enuntiantur.
1636 1059 1735 1113 Ubi
1775 1060 1922 1113 video

387 1163 476 1206 tur
507 1154 828 1222 supplicatio
860 1152 1143 1216 contineri,
1167 1151 1234 1204 de
1256 1165 1362 1219 qua
1395 1150 1609 1202 divinus
1632 1149 1920 1217 Apostolus

387 1253 652 1313 praecepta
686 1245 865 1305 dabat,
917 1243 1102 1296 dicens
1140 1249 1385 1310 oportere
1431 1255 1528 1293 nos
1558 1254 1743 1293 omnes
1765 1239 1921 1292 emit-

389 1345 499 1388 tere
532 1336 953 1391 obsecrationes,
1000 1348 1207 1402 preces,
1253 1331 1690 1401 supplicationes,
1722 1331 1918 1398 gratia--

387 1443 506 1480 rum
551 1430 786 1480 actiones
818 1427 882 1478 “.
915 1425 1008 1478 llic
1058 1426 1235 1494 itaque
1265 1437 1442 1478 sermo
1485 1421 1648 1475 Deum
1697 1421 1922 1490 alloqui-

391 1525 500 1578 tur,
525 1521 684 1582 atque
715 1515 893 1569 futura
923 1520 981 1565 ut
1006 1512 1116 1580 jam
1149 1510 1414 1578 praeterita
1440 1508 1748 1577 prophetice
1773 1523 1923 1562 enar-

389 1614 495 1668 rat,
537 1613 856 1674 postremam
899 1603 1019 1655 item
1051 1599 1506 1668 Jerosolymorum
1565 1598 1920 1663 obsidionem,

389 1711 508 1764 quae
532 1703 652 1762 post
680 1694 966 1751 salutarem
989 1689 1287 1744 Adventum
1322 1703 1350 1739 a
1384 1687 1637 1741 Romanis
1666 1685 1803 1740 facta
1818 1696 1920 1749 est,

392 1783 677 1853 significat.
715 1783 778 1835 Et
828 1783 938 1835 haec
981 1796 1101 1833 cum
1143 1779 1377 1832 nondum
1417 1779 1742 1832 constitutus
1774 1778 1922 1831 locus

1053 384 1313 440 EUSEBII
1353 382 1820 438 CxESAllIE'NSIS
1859 381 2003 436 OPP.
2047 378 2224 433 PAIIS
2261 376 2431 431 IlI.-—
2470 368 2882 429 EXEGETICA.

1945 507 1995 560 Δ

3573 351 3677 426 sae

2355 489 2695 543 ΣΥΝΕΣΕΩΣ
2725 487 2816 555 τι)
2862 478 3103 533 ἈΣΑΦ.
3163 473 3312 524 ΟΡ.

2107 604 2307 662 ’1νατί,
2339 605 2369 654 ὀ
2405 600 2562 664 Θεὸς,
2596 595 2819 651 ἀπώσω
2883 593 2979 655 εἰς
3021 585 3232 649 τέλος
3257 620 3274 643 ,
3318 575 3606 646 ὠργίσθη
3654 579 3684 628 ὁ

2027 697 2210 763 θυμός
2240 707 2356 745 σου
2381 689 2479 742 ἐπὶ
2507 689 2768 754 πρόϐατα
2797 679 3008 749 νομῆς
3038 689 3219 735 σου;
3253 667 3550 763 Διεγειίρει

2027 755 2170 853 ἡμᾶς
2187 755 2288 835 -καὶ
2317 779 2570 849 παρορμᾷ
2595 776 2685 828 ἐπὶ
2711 773 2812 842 τὴν
2839 770 2954 822 τῶν
2981 763 3345 853 λεγομενων
3375 757 3606 853 σύνεσιν
3627 755 3684 808 τὸ

2029 845 2241 942 πνεῦμα
2285 870 2346 922 τὸ
2393 845 2743 937 προςητικόν.
2803 858 2950 913 Οὔτε
2985 857 3054 908 δὲ
3091 851 3342 921 ψαλμὸν
3379 845 3680 942 ἐπιγράφει

2029 938 2288 1033 συνήθως,
2321 959 2442 1012 οὕτε
2472 957 2645 1027 ᾠδὴν,
2679 953 2805 1006 οὔτε
2836 949 3049 1018 ὕμνον,
3085 943 3233 996 οὐδὲ
3264 958 3325 993 τι
3361 938 3482 1033 τῷν
3510 952 3682 1033 παρέ-

2027 1025 2280 1120 πλησίων,
2307 1049 2393 1101 διὰ
2412 1048 2471 1099 τὸ
2489 1025 2816 1114 σκυθρωπὸν
2835 1037 2954 1090 τῶν
2978 1027 3574 1120 ἀπαγχελλομένων..

2025 1114 2269 1205 οἶςδοκεῖ
2299 1137 2528 1200 ἔντευξις
2557 1130 2950 1202 περιέχεσθαι,
2989 1123 3145 1192 περὶ
3178 1117 3259 1191 ἧς
3285 1120 3319 1170 ὁ
3348 1117 3505 1171 θεῖος
3533 1114 3681 1166 Ἀτώ-

2030 1233 2207 1294 στολος
2232 1227 2578 1285 διεκελεύετο,
2599 1225 2707 1276 δεῖν
2730 1221 2911 1288 λέγων
2931 1215 3180 1275 πάντας
3205 1211 3376 1281 ἡμᾶς
3409 1206 3680 1260 ποιεῖσθαι

2025 1321 2261 1389 δεήσεις,
2291 1314 2624 1385 προσευχὰς,
2655 1309 2958 1372 ἐντεύξεις,
2991 1300 3424 1372 εὐχαριστίας.
3463 1298 3678 1364 Ἐντυγκ

2025 1387 2173 1478 χάνει
2205 1407 2329 1474 γοῦν
2355 1407 2382 1457 ὁ
2412 1406 2567 1472 λόγος
2590 1399 2824 1469 τῷθεῷ,
2859 1391 3271 1468 προφητικῶς
3305 1388 3387 1441 σὰ
3421 1387 3679 1478 μέλλοντα

2024 1476 2097 1560 ὧς
2129 1495 2488 1566 παρῳχηκότα
2519 1491 2730 1555 διεξιὼν
2749 1529 2764 1552 ,
2802 1487 2902 1540 καὶ
2933 1485 3048 1554 τὴν
3086 1479 3364 1550 ἐσχάτην
3400 1476 3680 1546 σημαίνων

2027 1588 2332 1659 πολιορκίαν
2359 1586 2457 1652 τῆς
2485 1580 2844 1654 Ἰερουσαλὴμ
2871 1578 2982 1648 τὴν
3014 1573 3141 1628 ὑπὸ
3185 1569 3509 1659 Ῥωμαίων
3537 1584 3677 1635 γενο-

2031 1658 2192 1749 μένην
2222 1676 2356 1746 μετὰ
2382 1676 2478 1744 τὴν
2509 1675 2774 1743 σωτήριον
2793 1666 3176 1740 Παρουσίαν.
3209 1662 3337 1716 Καὶ
3363 1658 3550 1712 ταῦτα
3579 1675 3671 1728 μη-

2028 1769 2082 1820 δὲ
2113 1767 2398 1827 συστάντος
2420 1782 2504 1816 πω
2530 1761 2623 1815 τοῦ
2647 1763 2816 1816 τόπου
2844 1754 3316 1830 προαναφωνεί.
3359 1751 3423 1803 ’0
3453 1751 3555 1821 μὲν
3573 1750 3671 1818 γὰρ

390 1883 554 1936 esset,
574 1876 911 1942 praenuntiat.
949 1872 1150 1926 Etenim
1166 1872 1368 1939 Asaph,
1392 1873 1493 1940 'qui
1518 1871 1630 1924 hzec
1659 1870 1922 1923 vaticina-

2056 1859 2222 1926 Ασὰφ,
2249 1858 2315 1910 δι’
2339 1852 2398 1910 οὗ
2422 1857 2590 1908 ταῦτα
2619 1851 3060 1923 προεφήτεύετο
3082 1888 3100 1913 ,
3131 1848 3468 1917 σύγχῳνος
3492 1842 3669 1910 γέγονε

388 1971 494 2019 tur.
531 1964 752 2032 aequalis
799 1963 981 2015 Davidi
1033 1971 1180 2025 erat;
1215 1960 1466 2015 Salomon
1510 1974 1637 2013 vero
1669 1965 1790 2028 post
1820 1958 1926 2010 Da-

390 2054 528 2108 vidis
549 2061 793 2114 mortem,
835 2053 1086 2121 templum
1118 2051 1406 2106 exstruxit.
1436 2049 1570 2103 Cum
1597 2056 1771 2101 autem
1793 2047 1926 2102 duas

391 2144 497 2198 loci
531 2145 855 2197 vastationes
884 2141 1239 2211 praavidisset,
1272 2141 1504 2208 priorem
1533 2138 1738 2193 scilicet
1767 2151 1796 2188 a
1824 2135 1926 2188 Ba-

389 2233 644 2303 byloniis,
675 2239 727 2286 et
756 2231 1044 2286 secundam
1076 2245 1104 2282 a
1147 2229 1404 2284 Romanis
1441 2227 1668 2290 factam;
1695 2226 1924 2294 priorem

391 2323 606 2392 quidem
642 2324 694 2375 in
738 2337 895 2373 Lxxix
933 2320 1158 2388 psalmo,
1194 2326 1247 2373 et
1295 2319 1349 2371 in
1394 2333 1578 2370 Lxxxu
1627 2315 1922 2384 signiﬁcat;

392 2413 744 2481 posteriorem
777 2425 902 2463 vero
931 2411 983 2461 in
1024 2409 1271 2473 praesenti
1317 2407 1615 2476 prophetia,
1644 2419 1803 2474 quam
1846 2405 1924 2457 sic

395 2504 644 2556 orditur:
692 2500 903 2570 thuid,
950 2498 1120 2563 Deus,
1160 2498 1392 2565 repuliin
1441 2498 1494 2548 in
1547 2497 1722 2562 linem,
1758 2497 1923 2546 iratus

391 2603 468 2645 est
499 2593 646 2661 furor
674 2602 791 2645 tuus
827 2607 977 2658 super
1023 2606 1136 2642 ores
1181 2604 1384 2654 pascuae
1416 2589 1557 2647 tum?
1589 2586 1922 2639 Postremum

394 2695 626 2746 namque
679 2688 730 2732 et
775 2679 1038 2746 integrum
1093 2676 1306 2729 illorum
1342 2673 1609 2728 excidium
1666 2687 1772 2726 non
1821 2673 1925 2726 alio

391 2779 632 2837 tempore
675 2768 792 2826 fuit.
829 2781 987 2834 quam
1017 2781 1136 2818 eum
1171 2765 1424 2816 Servator
1452 2771 1505 2816 et
1540 2762 1798 2815 Dominus
1836 2777 1925 2816 n0-

394 2867 504 2912 ster
534 2857 852 2911 sententiam
891 2862 1076 2907 contra
1119 2853 1240 2906 illos
1280 2854 1397 2906 tulit
1425 2853 1647 2906 dicens:
1682 2851 1811 2904 Ecce
1839 2867 1922 2905 re-

394 2947 654 3013 linquetur
689 2944 828 2996 vobis
873 2942 1054 2995 domus
1088 2951 1254 2994 vestra
1299 2941 1501 2994 deserta
1526 2942 1585 2994 ¹².
1626 2942 1701 2996 Ac
1741 2956 1926 2995 conse-

393 3044 620 3106 quenter
652 3049 804 3088 sacer
848 3033 1136 3102 Apostolus
1184 3040 1303 3101 post
1342 3047 1520 3086 rerum
1557 3033 1758 3084 exitum
1791 3031 1925 3085 dixit

393 3127 461 3180 de
509 3125 617 3178 illis
661 3123 941 3177 scribens:
969 3123 1207 3176 Pervenit
1250 3121 1317 3174 ad
1357 3139 1442 3175 eos
1480 3124 1559 3174 ira
1604 3124 1653 3173 in
1687 3123 1920 3188 ﬁnem”.

394 3214 493 3269 Illic
531 3228 658 3269 vero
707 3213 964 3281 propheta
1014 3212 1315 3265 minutatim
1368 3227 1449 3276 ea,
1491 3227 1609 3280 qua:
1649 3211 1773 3264 huic
1812 3213 1927 3264 loco

393 3305 647 3360 Romanae
674 3303 972 3358 obsidionis
1005 3311 1244 3374 tempore
1291 3306 1652 3373 contigerunt,
1693 3303 1928 3358 declarat

396 3398 480 3451 his
507 3395 684 3468 verbis
716 3417 727 3448 :
761 3395 925 3460 Quasi
943 3397 994 3446 in
1028 3395 1158 3447 silva
1201 3394 1457 3463 lignorum
1484 3395 1749 3448 securibus
1791 3395 1930 3447 exci-

395 3489 580 3541 derunt
603 3486 799 3553 januus
821 3484 931 3552 ejus
975 3485 1027 3536 in
1091 3484 1350 3551 idipsum,
1382 3484 1629 3536 videlicet
1664 3483 1930 3552 Jerosoly—

396 3591 603 3636 luxum
636 3573 802 3626 securi
829 3580 876 3624 et
910 3572 1054 3624 ascia
1095 3570 1385 3638 dejecerunt
1423 3587 1556 3624 eam.
1592 3569 1930 3624 Incenderunt

397 3663 512 3728 igne
540 3660 893 3714 sanctuarium
928 3665 1101 3715 tuum;
1132 3659 1184 3708 in
1211 3667 1347 3709 terra
1374 3657 1663 3726 polluerunt
1691 3658 1931 3711 taberna—

397 3747 570 3802 culum
607 3745 825 3799 nominis
869 3745 965 3798 tui.
995 3744 1146 3807 Quod
1191 3745 1236 3798 si
1263 3745 1382 3812 quis
1411 3745 1735 3798 dixei’ithazc
1771 3745 1931 3798 etiam

396 3845 637 3905 tempore
678 3834 1089 3904 Babyloniorum
1123 3841 1271 3902 gesta
1302 3849 1443 3897 esse,
1488 3835 1733 3890 advertas
1776 3836 1931 3888 velim

395 3940 517 3993 quae
551 3933 869 3992 sequuntur,
896 3924 1054 3992 Signa
1087 3933 1264 3976 nostra
1293 3939 1393 3976 non
1423 3923 1663 3986 vidimus,
1688 3924 1804 3991 jam
1833 3940 1934 3976 non

397 4026 472 4068 est
504 4015 769 4081 propheta,
807 4025 853 4067 ει
888 4031 976 4070 nos
1005 4032 1104 4069 non
1138 4022 1401 4081 cognoscet
1437 4014 1676 4078 amplius.
1703 4013 1832 4066 Nam
1861 4013 1934 4067 si-

397 4120 500 4171 gna
543 4104 651 4161 hinc
680 4113 832 4157 erant
865 4103 1024 4157 Deum
1057 4103 1324 4170 inspicere
1362 4109 1414 4154 et
1446 4117 1633 4154 curare
1654 4101 1934 4156 Judaicam

400 4205 628 4260 gentem,
653 4208 772 4246 cum
799 4193 930 4261 ipsis
954 4192 1237 4259 prophetas
1265 4192 1415 4244 daret
1441 4208 1453 4244 :
1486 4191 1748 4259 siquidem
1772 4191 1934 4245 etiam

400 4298 522 4335 eum
553 4285 692 4338 male
715 4299 771 4338 se
797 4290 1063 4352 gererent.
1097 4281 1383 4350 prephetas
1413 4281 1544 4348 ipsis
1571 4295 1669 4334 ceu
1699 4281 1937 4336 medicos

400 4381 454 4425 et
487 4382 791 4426 servatores
818 4373 1198 4426 constituebat.
1231 4370 1320 4423 Sic
1368 4372 1420 4423 in
1453 4372 1624 4439 prima
1656 4369 1936 4422 obsidione

2026 1949 2102 2018 τῷ
2131 1949 2314 2001 Δαυῖδ·
2360 1945 2606 2015 Σολομὼν
2635 1946 2691 1997 δὲ
2722 1943 2866 2013 μετὰ
2898 1941 3014 2011 τὴν
3055 1937 3168 1992 τοῦ
3205 1934 3392 1990 Δαυῒδ
3421 1931 3669 2000 τελευτὴν

2027 2040 2287 2107 οἰκοδομεῖ
2311 2036 2402 2089 τὸν
2439 2035 2592 2088 νεών.
2657 2035 2761 2085 Δύο
2789 2033 2849 2084 δὲ
2887 2029 3234 2100 πορθήσεις
3270 2023 3667 2095 προθεωρήσας

2023 2127 2116 2181 τοῦ
2137 2127 2319 2189 τόπου,
2355 2127 2450 2194 τήν
2478 2140 2536 2176 τε
2565 2121 2842 2192 προτέραν
2864 2119 2978 2189 τὴν
3005 2116 3136 2169 ὑπὸ
3163 2112 3553 2168 Βαϐυλωνίων
3579 2125 3662 2177 γε·

2025 2219 2250 2288 νομένην
2275 2257 2289 2280 ,
2341 2216 2432 2269 καὶ
2459 2214 2552 2283 τήν
2582 2211 2846 2281 δευτέραν
2881 2209 2993 2278 τὴν
3026 2207 3157 2260 ὑπὸ
3201 2204 3545 2274 Ῥωμαίων·
3578 2199 3665 2270 τήν

2029 2311 2122 2377 μὲν
2144 2307 2359 2376 πρώτην
2384 2304 2471 2357 διὰ
2511 2301 2601 2354 τοῦ
2627 2301 2702 2353 οϐ’
2749 2298 2986 2370 ψαλμοῦ
3027 2297 3328 2367 σημαίνει
3352 2293 3454 2347 καὶ
3475 2291 3560 2346 διὰ
3581 2288 3664 2343 τοῦ

2025 2397 2140 2461 π6’,
2170 2397 2265 2464 τὴν
2295 2397 2350 2447 δὲ
2366 2393 2599 2462 ὑστάτην
2623 2391 2710 2444 διὰ
2737 2393 2842 2460 τῆς
2867 2388 3025 2458 μετὰ
3064 2391 3285 2459 χεῖρας
3309 2383 3663 2456 προφητείας,

2023 2484 2088 2558 ἦς
2115 2487 2411 2554 ἀπάρχεται
2445 2484 2616 2550 λέγων
2639 2500 2654 2512 ο
2701 2482 2885 2535 Ἰνατί
2906 2521 2922 2544 ,
2983 2484 3020 2532 ὀ
3083 2480 3254 2544 Θεὸς
3277 2518 3294 2542 ,
3337 2477 3562 2531 ἀπώσω
3588 2476 3662 2538 είς

2024 2576 2222 2639 τέλος,
2250 2574 2504 2640 dim-£0011
2537 2575 2569 2624 ὁ
2607 2571 2796 2639 θυμός
2839 2586 2969 2622 σου
3003 2569 3130 2622 ἐπὶ
3168 2569 3457 2636 πρόϐατα
3486 2563 3662 2633 νομῆς

2025 2679 2172 2725 σου;
2215 2664 2373 2725 Τέλος
2405 2662 2510 2733 γὰρ
2545 2662 2724 2724 αὐτοῖς
2762 2658 3100 2722 παντελοῦς
3138 2657 3537 2719 ἀποπτὼσεως
3563 2654 3660 2707 οὐδ’

2025 2755 2204 2807 ἄλλοτε
2234 2755 2469 2820 γέγονεν,
2501 2753 2534 2821 ἢ
2565 2753 2652 2803 ὅτε
2680 2754 2709 2803 ὁ
2735 2751 2939 2821 Σωτὴρ
2972 2752 3088 2804 καὶ
3128 2751 3361 2820 Κύριος
3391 2747 3546 2817 ήμῶν
3571 2744 3658 2814 τὴν

2024 2848 2138 2900 κατ’
2162 2845 2333 2897 αὐτῶν
2363 2842 2693 2911 ἐξηνέγκατο
2724 2842 3022 2910 ἀπόφασιν
3060 2841 3260 2895 εἰπών
3282 2858 3297 2871 °
3343 2839 3495 2894 Ἰδοὺ
3519 2838 3660 2905 ἀφιδ-

2023 2953 2113 2990 τιιι
2135 2935 2272 3004 ὑμῖν
2299 2939 2330 2988 ό
2355 2931 2516 2998 οἶκος
2547 2924 2716 3001 ὑμῶν·
2746 2934 3006 3000 ἕρημος.
3073 2928 3191 2997 UT;
3225 2931 3546 2991 ἀκολούθως
3575 2927 3660 2979 καὶ

2023 3030 2050 3080 ὀ
2077 3027 2210 3096 ἱερὸς
2240 3024 2550 3087 Ἀπόστολος
2586 3024 2723 3093 μετὰ
2749 3024 2853 3093 τὴν
2880 3024 3002 3075 τῶν
3039 3025 3428 3095 πραγμάτων
3458 3019 3660 3073 ἔκϐασιν

2026 3115 2246 3186 γράφων
2269 3113 2396 3182 περὶ
2423 3112 2601 3166 αὐτῶν
2622 3112 2810 3180 ἔλεγεν
2835 3129 2848 3141 ο
2893 3114 3214 3180 Ἔφθασε
3239 3112 3314 3166 δὲ
3333 3114 3432 3165 ἐπι
3454 3107 3659 3170 αὐτοὺς

2027 3208 2065 3271 ἡ
2092 3205 2234 3272 ὀργὴ
2258 3206 2342 3268 εὶς
2366 3203 2557 3268 τέλος.
2614 3203 2726 3255 Καὶ
2753 3202 2905 3255 κατὰ
2941 3203 3138 3274 μέρος
3173 3205 3239 3257 δὲ
3271 3203 3347 3256 τὰ
3379 3200 3506 3270 ἑξῆς
3539 3214 3659 3267 συμο

2030 3297 2195 3349 ϐάντα
2234 3294 2312 3362 τῷ
2351 3294 2500 3364 τόπῳ
2543 3294 2635 3345 ἐπὶ
2674 3294 2776 3362 τῆς
2811 3293 2930 3345 τῶν
2973 3293 3316 3365 Ῥωμαίων
3354 3292 3654 3362 πολιορκίας

2028 3386 2344 3455 παρίστησιν
2369 3387 2397 3436 ὁ
2434 3382 2620 3453 παρὼν
2647 3385 2972 3453 προφήτης,
3013 3385 3081 3436 ὲν
3109 3381 3211 3449 οἷς
3237 3400 3442 3455 φησιν’
3483 3383 3572 3444 Ὧς
3596 3379 3655 3430 ἐν

2028 3474 2222 3543 δρυμῷ
2251 3475 2448 3536 ξύλων
2495 3473 2732 3536 ἀξίναις
2769 3473 3033 3541 ἔκοψαν
3069 3476 3201 3541 τὰς
3239 3476 3436 3543 θύρας
3461 3471 3649 3536 αὐτῆς.

2027 3566 2181 3635 δῆλον
2201 3565 2245 3617 δ’
2266 3565 2346 3616 ὅτι
2372 3564 2468 3632 τῆς
2495 3562 2876 3632 Ἰερουσαλὴμ,
2907 3564 3022 3617 ἐπὶ
3041 3566 3120 3617 τὸ
3141 3567 3334 3629 αὐτὸ,
3365 3566 3438 3618 ἐν
3457 3562 3649 3616 zelum

2029 3657 2126 3709 καὶ
2162 3654 2526 3720 λαξευτηρίῳ
2555 3652 2939 3718 κατέῤῥαξαν
2962 3655 3216 3720 αὑτήν.
3268 3655 3650 3720 Ἐνεπὺρισσν

2028 3744 2096 3794 ἐν
2116 3741 2253 3807 πυρὶ
2279 3741 2345 3792 τὸ
2366 3740 2757 3808 ἀγιαστήριόν
2779 3753 2929 3805 σου,
2956 3745 3058 3806 εὶς
3079 3744 3216 3813 τὴν
3241 3745 3368 3814 γῆν
3385 3742 3648 3808 ἐϐεϐήλω-

2030 3847 2149 3885 σαν
2169 3832 2231 3883 τὸ
2251 3829 2536 3896 σκήνωμα
2559 3830 2665 3882 τοῦ
2693 3831 3009 3898 ὀνόματός
3033 3851 3195 3890 σου.
3243 3838 3310 3889 El
3337 3837 3396 3889 δὲ
3417 3835 3558 3902 λέγοι
3577 3847 3646 3890 τις

2031 3921 2198 3974 ταῦτα
2231 3921 2323 3972 καὶ
2355 3919 2445 3970 ἐπὶ
2470 3918 2580 3986 τῷν
2608 3919 2817 3988 χρόνων
2852 3921 2975 3973 τῶν
3015 3924 3415 3981 Βαϐυλωνίων
3454 3921 3646 3992 γεγονέ-

2031 4028 2138 4070 ναι,
2167 4008 2488 4078 προσεκτέον
2509 4011 2622 4070 τοῖς
2645 4009 2796 4078 ἑξῆς,
2829 4009 2898 4062 δι’
2924 4005 3010 4066 ὧν
3037 4015 3283 4086 εἴρηται
3302 4034 3319 4048 ο
3358 4017 3435 4071 Τὰ
3453 4011 3643 4082 σημεῖα

2032 4099 2195 4167 ἡμῶν
2219 4099 2327 4150 οὐκ
2353 4097 2610 4164 εἴδομεν,
2637 4099 2750 4150 οὐκ
2769 4098 2956 4152 ἔστιν
2983 4102 3086 4156 ἔτι
3111 4105 3465 4175 προφήτης,
3487 4103 3573 4156 καί
3594 4100 3645 4163 ή-

2027 4187 2144 4257 μᾶς
2174 4190 2242 4240 οἱ·
2271 4186 2558 4255 γνώσεται
2583 4186 2692 4240 ἔτι.
2743 4190 2970 4258 Σημεῖα
3004 4195 3130 4266 γὰρ
3163 4193 3242 4267 ἦν
3278 4198 3376 4250 τοῦ
3417 4196 3504 4250 τὸν
3534 4191 3643 4245 Θεὸν

2034 4279 2229 4348 ὲφορᾷν
2254 4277 2345 4330 καὶ
2365 4277 2683 4330 ἐπισκοπεῖν
2715 4278 2776 4330 τὸ
2810 4280 3111 4336 Ἰουδαίων
3137 4285 3305 4350 ξῦνος
3325 4288 3388 4340 τὺ
3409 4283 3642 4356 παρέχειν

2034 4369 2211 4429 αὐτοῖς
2224 4366 2505 4436 προφήτας
2521 4384 2534 4395 ·
2558 4369 2682 4419 ἐπεὶ
2699 4368 2795 4420 καὶ
2809 4370 2905 4422 ὅτε
2924 4375 3134 4438 κακῶς
3152 4377 3459 4448 ἔπραττον,
3477 4374 3637 4440 ὥσπερ

401 4477 656 4532 magnum
703 4463 790 4518 Dei
837 4463 1146 4532 prophetam
1186 4461 1470 4516 .Ieremiam
1522 4461 1845 4523 habuerunt,
1881 4470 1927 4514 el

2056 4457 2248 4525 ατροὺς
2278 4457 2371 4509 καὶ
2406 4458 2658 4528 σωτῆρας
2703 4460 2896 4523 αὐτοῖς
2943 4467 3089 4528 τοὺς
3117 4474 3423 4540 προφήτας
3450 4467 3636 4535 ἐφίστη.

405 4552 648 4616 Baruch;
693 4555 822 4622 quin
859 4555 1032 4606 etiam.
1055 4553 1246 4606 mulier
1287 4552 1526 4621 qumdam
1554 4550 1767 4606 nomine
1802 4549 1936 4604 Olda

401 4643 590 4700 eodem
631 4651 871 4715 tempore
901 4643 1256 4712 prophetavit.
1293 4642 1347 4693 In
1379 4645 1494 4709 ipsa
1523 4655 1736 4709 quoque
1767 4639 1904 4709 Baby

402 4735 671 4787 loniorum
703 4733 920 4801 regione
952 4733 1176 4785 aderant
1213 4731 1346 4800 ipsis
1378 4729 1618 4782 Ezechiel
1649 4736 1700 4782 et
1726 4729 1930 4784 Daniel.

402 4824 641 4896 praeclari
672 4837 733 4874 ac
781 4822 1056 4890 conspicui
1091 4822 1378 4893 prophetae.
1430 4818 1662 4885 Postque
1709 4817 1936 4869 reditum

402 4927 466 4963 ex
497 4912 828 4980 captivitate,
860 4910 1192 4980 temporibus
1207 4909 1329 4978 Cyri
1360 4914 1414 4960 et
1449 4904 1612 4965 Darii,
1650 4903 1939 4961 Zacharias

402 5008 455 5052 et
504 5001 728 5070 Aggzeus
779 4999 1048 5068 pr0pheta:
1095 4999 1206 5055 noti
1242 5003 1414 5050 erant.
1458 4993 1734 5058 Quomodo
1781 4992 1940 5058 igitur

406 5089 510 5143 illis
532 5091 861 5160 temporibus
893 5089 1064 5158 aptari
1097 5088 1266 5158 possit
1295 5087 1404 5138 haec
1435 5082 1732 5155 prophetia,
1777 5081 1938 5149 Signa

405 5190 581 5234 nostra
605 5191 703 5233 non
731 5180 974 5243 vidimus,
998 5190 1042 5232 et
1065 5179 1179 5248 jam
1217 5195 1318 5233 nan
1346 5185 1421 5229 est
1452 5175 1719 5243 prop/aeta,
1757 5181 1804 5224 el
1847 5189 1936 5224 nos

407 5285 508 5320 non
544 5278 809 5336 cognoscet
845 5269 1108 5335 amplius?
1141 5268 1334 5324 Verum
1381 5265 1491 5318 [nec
1547 5261 1703 5314 ﬁnem
1751 5261 1939 5314 sortita

409 5363 532 5411 Sunt
576 5365 695 5423 post
729 5356 1023 5409 Salvatoris
1071 5358 1379 5416 adventum,
1412 5361 1465 5408 et
1505 5360 1785 5426 postquam
1828 5364 1939 5402 rne—

408 5452 640 5498 moratas
661 5460 819 5498 voces
845 5446 961 5512 ipse
982 5447 1274 5514 protulerat
1298 5465 1309 5499 :
1336 5460 1441 5498 non
1471 5443 1560 5496 diu
1587 5441 1725 5494 enim
1758 5446 1938 5514 postea

409 5530 762 5597 irrumpentes
790 5533 1013 5588 Romani
1044 5537 1216 5588 locum
1238 5537 1568 5589 deleverunt.
1603 5531 1752 5596 Quod
1777 5531 1938 5584 etiam

480 5681 521 5716 ιι
558 5680 743 5738 lTiut.
781 5698 849 5737 ιι.
890 5686 935 5739 I.
1014 5689 1053 5717 ¹⁹
1092 5687 1218 5743 Luc.
1257 5705 1384 5752 xm,
1419 5690 1501 5745 '53.

2034 4545 2185 4597 Οὕτω
2214 4544 2341 4611 γοῦν
2368 4547 2458 4598 ἐπὶ
2481 4548 2578 4616 τῆς
2607 4549 2842 4618 πρώτης
2871 4553 3221 4626 πολιορκίας
3249 4561 3346 4613 τὸν
3379 4560 3547 4630 μέγαν
3562 4551 3636 4606 τοῦ

2035 4633 2164 4688 Θεοῦ
2189 4635 2470 4704 προφήτην
2498 4637 2631 4705 Ἰερε
2641 4637 2771 4707 μίαν
2796 4636 2976 4710 εἶχον,
2999 4646 3107 4697 καὶ
3130 4649 3230 4701 τὸν
3255 4649 3470 4720 Βαρούχ
3491 4665 3502 4676 ·
3525 4641 3636 4698 ἀλλὰ

2037 4723 2129 4776 καὶ
2159 4724 2294 4791 γυνή
2330 4740 2413 4785 τις
2452 4723 2609 4776 Ὀλδᾶ
2635 4726 2884 4798 τοῦνομα
2918 4735 3074 4787 κατὰ
3104 4740 3242 4802 τοὺς
3273 4741 3472 4800 αὐτοὺς
3501 4739 3637 4805 ἐπρο-

2039 4815 2232 4902 φήτευε
2257 4814 2476 4884 χρόνους
2499 4832 2510 4844 ο
2541 4817 2599 4867 ὲν
2616 4819 2758 4890 αὐτῇ
2772 4839 2833 4876 τε
2853 4825 2924 4892 τῇ
2953 4825 3337 4884 Βαϐυλωνίων
3357 4830 3506 4902 χώρᾳ
3530 4844 3634 4879 συν·

2045 4902 2109 4970 ἦν
2161 4901 2342 4963 αὐτοῖς
2377 4903 2628 4975 Ἐζεκιὴλ
2659 4909 2758 4960 καὶ
2785 4913 2996 4984 Δανιὴλ
3031 4919 3316 4989 ἐπίσημοι
3349 4901 3450 4973 καί
3471 4920 3636 4983 διαφα-

2043 4993 2151 5053 νεῖς
2187 4992 2459 5061 προφῆται
2484 5011 2499 5025 ο
2528 4998 2625 5048 καὶ
2662 5001 2806 5068 μετὰ
2835 5004 2939 5076 τὴν
2979 5008 3202 5062 ἐκεῖθεν
3227 5012 3490 5066 ἐπάνοδον
3517 5008 3635 5060 κατά

2041 5082 2164 5174 τους
2194 5081 2373 5156 Κύρου
2408 5087 2504 5140 καὶ
2535 5091 2770 5160 Δαρείου
2801 5101 3060 5167 χρόνους,
3096 5105 3388 5174 Ζαχαρίας
3410 5104 3498 5157 καὶ
3534 5103 3636 5166 ’Δγο

2043 5173 2192 5265 γαξος
2214 5176 2487 5245 προφῆται
2508 5179 2900 5252 ὲγνωρίζοντο.
2926 5191 3056 5254 Πῶς
3077 5189 3173 5245 οὖν
3194 5173 3315 5248 οἷον
3333 5213 3391 5248 τε
3406 5190 3470 5265 ἦν
3492 5194 3635 5258 ἐφαρ-

2046 5261 2224 5356 μύζειν
2260 5266 2374 5328 τοῖς
2411 5269 2532 5320 τότε
2582 5271 2804 5342 χρόνοις
2855 5280 2958 5352 τὴν
3000 5284 3293 5354 παροῦσαν
3326 5261 3631 5356 προφητείαν

2045 5353 2355 5445 φάσκουσαν
2371 5372 2384 5385 ⁸
2429 5360 2504 5413 Τὰ
2530 5366 2758 5437 σημεῖα
2786 5370 2966 5440 ἡμῶν
2990 5353 3108 5430 οὑὶε
3135 5353 3391 5445 εἴδομεν,
3416 5374 3504 5426 καὶ
3533 5370 3626 5423 σία

2043 5443 2210 5535 ξιξ-τως
2239 5443 2326 5535 ἔτι
2355 5449 2676 5518 προφήτης
2704 5497 2719 5520 ,
2760 5459 2867 5513 καὶ
2895 5463 3064 5532 ἡμᾶς
3103 5469 3177 5526 οὺ
3214 5443 3491 5535 quercera;
3520 5456 3624 5516 ἕεις

2056 5531 2212 5584 Ἀλλὰ
2241 5533 2347 5605 γὰρ
2373 5539 2547 5594 ταῦτα
2576 5545 2774 5613 τέλους
2811 5555 3088 5630 ἐτύγχανε
3117 5531 3257 5632 μετά
3279 5556 3369 5628 τὴν
3392 5549 3622 5627 σωτήριον

1583 5687 1623 5717 ⁸³
1663 5683 1682 5740 1
1717 5683 1907 5741 Thess.
1944 5700 1998 5748 ιι,
2043 5684 2116 5744 16,
2158 5711 2162 5716 -
