  <div class='ocr_page' id='page_1' title='image "/cluster/home/n/w/nwhite01/storage/ocr_20150623/23 (Eusebius, pt. 5)/nyp.33433081862363/444.png"; bbox 0 0 3796 6368; ppageno 0'>
   <div class='ocr_carea' id='block_1_1' title="bbox 197 301 3427 385">
    <p class='ocr_par' dir='ltr' id='par_1_1' title="bbox 197 301 3427 385">
     <span class='ocr_line' id='line_1_1' title="bbox 197 301 3427 385; baseline -0.003 -1"><span class='ocrx_word' id='word_1_1' title='bbox 197 301 347 385; x_wconf 57' lang='grc' dir='ltr'>ιιὴῦ</span> <span class='ocrx_word' id='word_1_2' title='bbox 1359 323 1848 380; x_wconf 73' lang='grc' dir='ltr'>οοΜΜΕΝτΑιιιΑ</span> <span class='ocrx_word' id='word_1_3' title='bbox 1888 327 1952 380; x_wconf 81' lang='lat' dir='ltr'><strong><em>IN</em></strong></span> <span class='ocrx_word' id='word_1_4' title='bbox 1993 325 2300 382; x_wconf 78' lang='lat' dir='ltr'><strong><em>PSALMOS</em></strong></span> <span class='ocrx_word' id='word_1_5' title='bbox 3315 321 3427 375; x_wconf 75' lang='lat' dir='ltr'><strong><em>est</em></strong></span> 
     </span>
    </p>
   </div>
   <div class='ocr_carea' id='block_1_2' title="bbox 219 420 1799 511">
    <p class='ocr_par' dir='ltr' id='par_1_2' title="bbox 219 420 1796 511">
     <span class='ocr_line' id='line_1_2' title="bbox 219 420 1796 511; baseline 0.016 -43"><span class='ocrx_word' id='word_1_6' title='bbox 219 420 565 494; x_wconf 62' lang='grc' dir='ltr'>ιιαρουσίαν</span> <span class='ocrx_word' id='word_1_7' title='bbox 597 428 696 482; x_wconf 68' lang='grc' dir='ltr'>καὶ</span> <span class='ocrx_word' id='word_1_8' title='bbox 711 432 815 498; x_wconf 83' lang='grc' dir='ltr'>τὰς</span> <span class='ocrx_word' id='word_1_9' title='bbox 841 441 1224 510; x_wconf 82' lang='grc' dir='ltr'>προλεχθείσας</span> <span class='ocrx_word' id='word_1_10' title='bbox 1259 440 1420 495; x_wconf 83' lang='grc' dir='ltr'>αὑτοῦ</span> <span class='ocrx_word' id='word_1_11' title='bbox 1455 443 1663 509; x_wconf 85' lang='grc' dir='ltr'>φωνὰς,</span> <span class='ocrx_word' id='word_1_12' title='bbox 1701 443 1796 511; x_wconf 99' lang='grc' dir='ltr'><strong><em>μεθ</em></strong></span> 
     </span>
    </p>
   </div>
   <div class='ocr_carea' id='block_1_3' title="bbox 1902 420 3431 511">
    <p class='ocr_par' dir='ltr' id='par_1_3' title="bbox 1917 435 3431 511">
     <span class='ocr_line' id='line_1_3' title="bbox 1917 435 3431 511; baseline -0.004 -17"><span class='ocrx_word' id='word_1_13' title='bbox 1917 443 2028 511; x_wconf 87' lang='lat' dir='ltr'><strong><em>ipse</em></strong></span> <span class='ocrx_word' id='word_1_14' title='bbox 2055 441 2307 495; x_wconf 87' lang='lat' dir='ltr'><strong><em>Scrvator</em></strong></span> <span class='ocrx_word' id='word_1_15' title='bbox 2333 438 2510 491; x_wconf 81' lang='lat' dir='ltr'><strong><em>futura</em></strong></span> <span class='ocrx_word' id='word_1_16' title='bbox 2548 437 2844 490; x_wconf 89' lang='lat' dir='ltr'><strong><em>vaticinans</em></strong></span> <span class='ocrx_word' id='word_1_17' title='bbox 2877 435 3193 504; x_wconf 76' lang='lat' dir='ltr'><strong><em>signiﬁcavit</em></strong></span> <span class='ocrx_word' id='word_1_18' title='bbox 3219 449 3310 503; x_wconf 87' lang='lat' dir='ltr'><strong><em>per</em></strong></span> <span class='ocrx_word' id='word_1_19' title='bbox 3339 451 3431 505; x_wconf 88' lang='lat' dir='ltr'><strong><em>pa—</em></strong></span> 
     </span>
    </p>
   </div>
   <div class='ocr_carea' id='block_1_4' title="bbox 233 511 1799 602">
    <p class='ocr_par' dir='ltr' id='par_1_4' title="bbox 233 511 1799 602">
     <span class='ocr_line' id='line_1_4' title="bbox 233 511 1799 602; baseline 0.001 -22"><span class='ocrx_word' id='word_1_20' title='bbox 233 531 307 590; x_wconf 69' lang='grc' dir='ltr'>ὶς</span> <span class='ocrx_word' id='word_1_21' title='bbox 361 511 467 565; x_wconf 62' lang='grc' dir='ltr'><strong><em>οὐκ</em></strong></span> <span class='ocrx_word' id='word_1_22' title='bbox 511 518 592 580; x_wconf 76' lang='grc' dir='ltr'><strong><em>εἰς</em></strong></span> <span class='ocrx_word' id='word_1_23' title='bbox 639 527 852 595; x_wconf 79' lang='grc' dir='ltr'>μακρὸν</span> <span class='ocrx_word' id='word_1_24' title='bbox 894 530 1206 596; x_wconf 76' lang='grc' dir='ltr'><strong><em>ἐπιστάντες</em></strong></span> <span class='ocrx_word' id='word_1_25' title='bbox 1247 535 1496 602; x_wconf 87' lang='grc' dir='ltr'>Ῥωμαῖοι</span> <span class='ocrx_word' id='word_1_26' title='bbox 1526 533 1613 584; x_wconf 72' lang='grc' dir='ltr'>τὸν</span> <span class='ocrx_word' id='word_1_27' title='bbox 1658 535 1799 586; x_wconf 59' lang='grc' dir='ltr'>τόποι</span> 
     </span>
    </p>
   </div>
   <div class='ocr_carea' id='block_1_5' title="bbox 1902 511 3431 602">
    <p class='ocr_par' dir='ltr' id='par_1_5' title="bbox 1914 525 3431 595">
     <span class='ocr_line' id='line_1_5' title="bbox 1914 525 3431 595; baseline -0.005 -10"><span class='ocrx_word' id='word_1_28' title='bbox 1914 535 2150 586; x_wconf 80' lang='lat' dir='ltr'><strong><em>rabulam</em></strong></span> <span class='ocrx_word' id='word_1_29' title='bbox 2185 533 2341 584; x_wconf 87' lang='lat' dir='ltr'><strong><em>istam</em></strong></span> <span class='ocrx_word' id='word_1_30' title='bbox 2373 525 2593 581; x_wconf 85' lang='lat' dir='ltr'><strong><em>:Simile</em></strong></span> <span class='ocrx_word' id='word_1_31' title='bbox 2615 528 2808 594; x_wconf 77' lang='lat' dir='ltr'><strong><em>factum</em></strong></span> <span class='ocrx_word' id='word_1_32' title='bbox 2839 536 2913 580; x_wconf 92' lang='lat' dir='ltr'><strong><em>est</em></strong></span> <span class='ocrx_word' id='word_1_33' title='bbox 2949 543 3157 595; x_wconf 77' lang='lat' dir='ltr'><strong><em>regnum</em></strong></span> <span class='ocrx_word' id='word_1_34' title='bbox 3191 527 3431 579; x_wconf 73' lang='lat' dir='ltr'><strong><em>caelorum</em></strong></span> 
     </span>
    </p>
   </div>
   <div class='ocr_carea' id='block_1_6' title="bbox 253 603 1816 689">
    <p class='ocr_par' dir='ltr' id='par_1_6' title="bbox 253 603 1816 689">
     <span class='ocr_line' id='line_1_6' title="bbox 253 603 1816 689; baseline 0.008 -32"><span class='ocrx_word' id='word_1_35' title='bbox 253 603 549 680; x_wconf 58' lang='grc' dir='ltr'>ὴφάνισαν.</span> <span class='ocrx_word' id='word_1_36' title='bbox 582 609 648 660; x_wconf 76' lang='grc' dir='ltr'>Ὀ</span> <span class='ocrx_word' id='word_1_37' title='bbox 669 609 736 680; x_wconf 82' lang='grc' dir='ltr'>δὴ</span> <span class='ocrx_word' id='word_1_38' title='bbox 764 615 859 666; x_wconf 71' lang='grc' dir='ltr'>καὶ</span> <span class='ocrx_word' id='word_1_39' title='bbox 880 618 1037 680; x_wconf 81' lang='grc' dir='ltr'>αὐτὸς</span> <span class='ocrx_word' id='word_1_40' title='bbox 1061 619 1238 689; x_wconf 79' lang='grc' dir='ltr'><strong><em>ἐδήλου</em></strong></span> <span class='ocrx_word' id='word_1_41' title='bbox 1267 618 1527 680; x_wconf 80' lang='grc' dir='ltr'><strong><em>θεσπίζων</em></strong></span> <span class='ocrx_word' id='word_1_42' title='bbox 1548 620 1606 669; x_wconf 85' lang='grc' dir='ltr'>τὸ</span> <span class='ocrx_word' id='word_1_43' title='bbox 1632 619 1816 688; x_wconf 82' lang='grc' dir='ltr'>μέλλον</span> 
     </span>
    </p>
   </div>
   <div class='ocr_carea' id='block_1_7' title="bbox 261 689 1814 774">
    <p class='ocr_par' dir='ltr' id='par_1_7' title="bbox 261 689 1814 774">
     <span class='ocr_line' id='line_1_7' title="bbox 261 689 1814 774; baseline 0.005 -26"><span class='ocrx_word' id='word_1_44' title='bbox 261 700 292 748; x_wconf 82' lang='grc' dir='ltr'><strong><em>δ</em></strong></span> <span class='ocrx_word' id='word_1_45' title='bbox 311 689 502 762; x_wconf 71' lang='grc' dir='ltr'>Σωτὴρ</span> <span class='ocrx_word' id='word_1_46' title='bbox 530 690 619 745; x_wconf 73' lang='grc' dir='ltr'><strong><em>διὰ</em></strong></span> <span class='ocrx_word' id='word_1_47' title='bbox 646 699 966 771; x_wconf 84' lang='grc' dir='ltr'>παραϐολῆς</span> <span class='ocrx_word' id='word_1_48' title='bbox 989 705 1084 772; x_wconf 87' lang='grc' dir='ltr'><strong><em>τῆς</em></strong></span> <span class='ocrx_word' id='word_1_49' title='bbox 1103 705 1271 767; x_wconf 78' lang='grc' dir='ltr'>οὕτως</span> <span class='ocrx_word' id='word_1_50' title='bbox 1298 704 1518 773; x_wconf 78' lang='grc' dir='ltr'>ἐχούσης</span> <span class='ocrx_word' id='word_1_51' title='bbox 1540 721 1552 733; x_wconf 84' lang='lat'><strong><em>°</em></strong></span> <span class='ocrx_word' id='word_1_52' title='bbox 1594 706 1814 774; x_wconf 79' lang='grc' dir='ltr'>Ὠμοιὼ-</span> 
     </span>
    </p>
   </div>
   <div class='ocr_carea' id='block_1_8' title="bbox 274 782 1810 860">
    <p class='ocr_par' dir='ltr' id='par_1_8' title="bbox 274 782 1810 860">
     <span class='ocr_line' id='line_1_8' title="bbox 274 782 1810 860; baseline 0.006 -24"><span class='ocrx_word' id='word_1_53' title='bbox 274 790 344 851; x_wconf 83' lang='grc' dir='ltr'><strong><em>θη</em></strong></span> <span class='ocrx_word' id='word_1_54' title='bbox 386 782 425 850; x_wconf 77' lang='grc' dir='ltr'>ἠ</span> <span class='ocrx_word' id='word_1_55' title='bbox 469 783 755 846; x_wconf 70' lang='grc' dir='ltr'>βασιλεία</span> <span class='ocrx_word' id='word_1_56' title='bbox 800 789 918 842; x_wconf 87' lang='grc' dir='ltr'><strong><em>τῶν</em></strong></span> <span class='ocrx_word' id='word_1_57' title='bbox 960 793 1222 859; x_wconf 79' lang='grc' dir='ltr'><strong><em>οὐρανῶν</em></strong></span> <span class='ocrx_word' id='word_1_58' title='bbox 1246 794 1524 860; x_wconf 77' lang='grc' dir='ltr'>ἀνθρώπῳ</span> <span class='ocrx_word' id='word_1_59' title='bbox 1552 795 1810 857; x_wconf 69' lang='grc' dir='ltr'>βασιλεῖ,</span> 
     </span>
    </p>
   </div>
   <div class='ocr_carea' id='block_1_9' title="bbox 272 876 1814 946">
    <p class='ocr_par' dir='ltr' id='par_1_9' title="bbox 272 876 1814 946">
     <span class='ocr_line' id='line_1_9' title="bbox 272 876 1814 946; baseline 0.005 -19"><span class='ocrx_word' id='word_1_60' title='bbox 272 876 440 940; x_wconf 79' lang='grc' dir='ltr'>ὅστις</span> <span class='ocrx_word' id='word_1_61' title='bbox 464 876 712 942; x_wconf 77' lang='grc' dir='ltr'>ἐποίησε</span> <span class='ocrx_word' id='word_1_62' title='bbox 739 879 961 946; x_wconf 74' lang='grc' dir='ltr'>γάμους</span> <span class='ocrx_word' id='word_1_63' title='bbox 980 882 1055 946; x_wconf 84' lang='grc' dir='ltr'><strong><em>τῷ</em></strong></span> <span class='ocrx_word' id='word_1_64' title='bbox 1080 884 1181 946; x_wconf 75' lang='grc' dir='ltr'><strong><em>υἱῷ</em></strong></span> <span class='ocrx_word' id='word_1_65' title='bbox 1198 885 1378 937; x_wconf 84' lang='grc' dir='ltr'>αὑτοῦ</span> <span class='ocrx_word' id='word_1_66' title='bbox 1393 901 1406 914; x_wconf 86' lang='lat'><strong><em>°</em></strong></span> <span class='ocrx_word' id='word_1_67' title='bbox 1436 886 1528 937; x_wconf 78' lang='grc' dir='ltr'><strong><em>καὶ</em></strong></span> <span class='ocrx_word' id='word_1_68' title='bbox 1551 885 1814 937; x_wconf 79' lang='grc' dir='ltr'>ἀπέστειο</span> 
     </span>
    </p>
   </div>
   <div class='ocr_carea' id='block_1_10' title="bbox 267 965 1814 1038">
    <p class='ocr_par' dir='ltr' id='par_1_10' title="bbox 267 965 1814 1038">
     <span class='ocr_line' id='line_1_10' title="bbox 267 965 1814 1038; baseline 0.003 -20"><span class='ocrx_word' id='word_1_69' title='bbox 267 969 341 1018; x_wconf 78' lang='grc' dir='ltr'><strong><em>,ιε</em></strong></span> <span class='ocrx_word' id='word_1_70' title='bbox 362 965 508 1029; x_wconf 87' lang='grc' dir='ltr'>τοὺς</span> <span class='ocrx_word' id='word_1_71' title='bbox 522 965 736 1018; x_wconf 81' lang='grc' dir='ltr'>ἑαυτοῦ</span> <span class='ocrx_word' id='word_1_72' title='bbox 747 967 1004 1033; x_wconf 67' lang='grc' dir='ltr'>δούλους</span> <span class='ocrx_word' id='word_1_73' title='bbox 1015 971 1257 1023; x_wconf 65' lang='grc' dir='ltr'>καλέσαι</span> <span class='ocrx_word' id='word_1_74' title='bbox 1276 971 1406 1034; x_wconf 84' lang='grc' dir='ltr'>τοὺς</span> <span class='ocrx_word' id='word_1_75' title='bbox 1421 971 1814 1038; x_wconf 70' lang='grc' dir='ltr'><strong><em>κεκλημένους</em></strong></span> 
     </span>
    </p>
   </div>
   <div class='ocr_carea' id='block_1_11' title="bbox 264 1054 1815 1126">
    <p class='ocr_par' dir='ltr' id='par_1_11' title="bbox 264 1054 1815 1126">
     <span class='ocr_line' id='line_1_11' title="bbox 264 1054 1815 1126; baseline 0.004 -20"><span class='ocrx_word' id='word_1_76' title='bbox 264 1057 355 1118; x_wconf 82' lang='grc' dir='ltr'>εις</span> <span class='ocrx_word' id='word_1_77' title='bbox 366 1054 512 1118; x_wconf 88' lang='grc' dir='ltr'>τοὺς</span> <span class='ocrx_word' id='word_1_78' title='bbox 524 1055 762 1122; x_wconf 74' lang='grc' dir='ltr'>γάμους·</span> <span class='ocrx_word' id='word_1_79' title='bbox 782 1061 834 1108; x_wconf 83' lang='lat' dir='ltr'><strong><em>oi</em></strong></span> <span class='ocrx_word' id='word_1_80' title='bbox 845 1057 911 1109; x_wconf 81' lang='grc' dir='ltr'>δὲ</span> <span class='ocrx_word' id='word_1_81' title='bbox 920 1075 950 1110; x_wconf 95' lang='lat' dir='ltr'><strong><em>o</em></strong></span> <span class='ocrx_word' id='word_1_82' title='bbox 959 1062 1027 1111; x_wconf 85' lang='grc' dir='ltr'>ὺκ</span> <span class='ocrx_word' id='word_1_83' title='bbox 1040 1059 1468 1126; x_wconf 70' lang='grc' dir='ltr'>ἤθελονέλθεῖν.</span> <span class='ocrx_word' id='word_1_84' title='bbox 1487 1061 1631 1113; x_wconf 71' lang='grc' dir='ltr'><strong><em>Πάλι</em></strong></span> <span class='ocrx_word' id='word_1_85' title='bbox 1640 1079 1673 1111; x_wconf 87' lang='grc' dir='ltr'><em>ν</em></span> <span class='ocrx_word' id='word_1_86' title='bbox 1682 1061 1815 1112; x_wconf 82' lang='grc' dir='ltr'>ἀπέ-</span> 
     </span>
    </p>
   </div>
   <div class='ocr_carea' id='block_1_12' title="bbox 261 1145 1812 1217">
    <p class='ocr_par' dir='ltr' id='par_1_12' title="bbox 261 1145 1812 1217">
     <span class='ocr_line' id='line_1_12' title="bbox 261 1145 1812 1217; baseline 0.004 -24"><span class='ocrx_word' id='word_1_87' title='bbox 261 1146 512 1194; x_wconf 72' lang='grc' dir='ltr'>στειλεν</span> <span class='ocrx_word' id='word_1_88' title='bbox 531 1145 768 1211; x_wconf 80' lang='grc' dir='ltr'>ἐτέρους</span> <span class='ocrx_word' id='word_1_89' title='bbox 787 1163 800 1175; x_wconf 89' lang='grc'>·</span> <span class='ocrx_word' id='word_1_90' title='bbox 821 1150 873 1200; x_wconf 79' lang='grc' dir='ltr'>οἱ</span> <span class='ocrx_word' id='word_1_91' title='bbox 897 1147 981 1210; x_wconf 80' lang='grc' dir='ltr'>δὲ,</span> <span class='ocrx_word' id='word_1_92' title='bbox 1007 1149 1151 1214; x_wconf 76' lang='grc' dir='ltr'>πρὸς</span> <span class='ocrx_word' id='word_1_93' title='bbox 1172 1150 1233 1200; x_wconf 80' lang='grc' dir='ltr'><em>τὸ</em></span> <span class='ocrx_word' id='word_1_94' title='bbox 1258 1150 1341 1217; x_wconf 73' lang='grc' dir='ltr'>μὴ</span> <span class='ocrx_word' id='word_1_95' title='bbox 1366 1148 1605 1214; x_wconf 80' lang='grc' dir='ltr'>θελῆσαι</span> <span class='ocrx_word' id='word_1_96' title='bbox 1630 1150 1812 1201; x_wconf 81' lang='grc' dir='ltr'>ἀπαν-</span> 
     </span>
    </p>
   </div>
   <div class='ocr_carea' id='block_1_13' title="bbox 259 1230 1812 1304">
    <p class='ocr_par' dir='ltr' id='par_1_13' title="bbox 259 1230 1812 1304">
     <span class='ocr_line' id='line_1_13' title="bbox 259 1230 1812 1304; baseline 0.005 -23"><span class='ocrx_word' id='word_1_97' title='bbox 259 1230 473 1297; x_wconf 84' lang='grc' dir='ltr'>τῆσαι,</span> <span class='ocrx_word' id='word_1_98' title='bbox 497 1233 587 1285; x_wconf 78' lang='grc' dir='ltr'><strong><em>ἐτι</em></strong></span> <span class='ocrx_word' id='word_1_99' title='bbox 611 1235 705 1286; x_wconf 80' lang='grc' dir='ltr'>καὶ</span> <span class='ocrx_word' id='word_1_100' title='bbox 730 1235 1102 1302; x_wconf 66' lang='grc' dir='ltr'>διαλαϐόντες</span> <span class='ocrx_word' id='word_1_101' title='bbox 1129 1238 1264 1302; x_wconf 84' lang='grc' dir='ltr'>τοὺς</span> <span class='ocrx_word' id='word_1_102' title='bbox 1293 1238 1543 1302; x_wconf 70' lang='grc' dir='ltr'>δούλους</span> <span class='ocrx_word' id='word_1_103' title='bbox 1567 1240 1812 1304; x_wconf 77' lang='grc' dir='ltr'>ὕϐρισαν</span> 
     </span>
    </p>
   </div>
   <div class='ocr_carea' id='block_1_14' title="bbox 258 1320 1812 1394">
    <p class='ocr_par' dir='ltr' id='par_1_14' title="bbox 258 1320 1812 1394">
     <span class='ocr_line' id='line_1_14' title="bbox 258 1320 1812 1394; baseline 0.005 -22"><span class='ocrx_word' id='word_1_104' title='bbox 258 1323 361 1372; x_wconf 75' lang='grc' dir='ltr'><strong><em>καὶ</em></strong></span> <span class='ocrx_word' id='word_1_105' title='bbox 380 1322 760 1376; x_wconf 77' lang='grc' dir='ltr'>ἀπέκτειναν.</span> <span class='ocrx_word' id='word_1_106' title='bbox 777 1320 868 1387; x_wconf 75' lang='grc' dir='ltr'>Οἷς</span> <span class='ocrx_word' id='word_1_107' title='bbox 885 1327 1116 1394; x_wconf 76' lang='grc' dir='ltr'><strong><em>ἐπιλέγει</em></strong></span> <span class='ocrx_word' id='word_1_108' title='bbox 1134 1345 1146 1358; x_wconf 76' lang='grc' dir='ltr'><strong>ο</strong></span> <span class='ocrx_word' id='word_1_109' title='bbox 1179 1331 1228 1380; x_wconf 91' lang='lat'><strong><em>&#39;0</em></strong></span> <span class='ocrx_word' id='word_1_110' title='bbox 1243 1328 1308 1379; x_wconf 80' lang='grc' dir='ltr'>δὲ</span> <span class='ocrx_word' id='word_1_111' title='bbox 1321 1329 1632 1393; x_wconf 76' lang='grc' dir='ltr'>βασιλεὺς,</span> <span class='ocrx_word' id='word_1_112' title='bbox 1647 1330 1812 1381; x_wconf 77' lang='grc' dir='ltr'>ἀκού-</span> 
     </span>
    </p>
   </div>
   <div class='ocr_carea' id='block_1_15' title="bbox 255 1412 1807 1487">
    <p class='ocr_par' dir='ltr' id='par_1_15' title="bbox 255 1412 1807 1487">
     <span class='ocr_line' id='line_1_15' title="bbox 255 1412 1807 1487; baseline 0.007 -25"><span class='ocrx_word' id='word_1_113' title='bbox 255 1427 404 1475; x_wconf 82' lang='grc' dir='ltr'>σας,</span> <span class='ocrx_word' id='word_1_114' title='bbox 426 1412 714 1481; x_wconf 64' lang='grc' dir='ltr'>ἀφγίσθη,</span> <span class='ocrx_word' id='word_1_115' title='bbox 739 1417 834 1468; x_wconf 79' lang='grc' dir='ltr'><strong><em>καὶ</em></strong></span> <span class='ocrx_word' id='word_1_116' title='bbox 855 1417 1087 1484; x_wconf 71' lang='grc' dir='ltr'>πέμψας</span> <span class='ocrx_word' id='word_1_117' title='bbox 1105 1419 1174 1469; x_wconf 80' lang='grc' dir='ltr'><em>τὰ</em></span> <span class='ocrx_word' id='word_1_118' title='bbox 1193 1421 1590 1487; x_wconf 72' lang='grc' dir='ltr'><em>στρατεύματα</em></span> <span class='ocrx_word' id='word_1_119' title='bbox 1608 1422 1807 1483; x_wconf 85' lang='grc' dir='ltr'>αὑτοῦ,</span> 
     </span>
    </p>
   </div>
   <div class='ocr_carea' id='block_1_16' title="bbox 252 1499 1810 1574">
    <p class='ocr_par' dir='ltr' id='par_1_16' title="bbox 252 1499 1810 1574">
     <span class='ocr_line' id='line_1_16' title="bbox 252 1499 1810 1574; baseline 0.004 -18"><span class='ocrx_word' id='word_1_120' title='bbox 252 1499 548 1556; x_wconf 75' lang='grc' dir='ltr'><strong><em>ἀπώλεσε</em></strong></span> <span class='ocrx_word' id='word_1_121' title='bbox 570 1504 711 1569; x_wconf 88' lang='grc' dir='ltr'>τοὺς</span> <span class='ocrx_word' id='word_1_122' title='bbox 731 1507 928 1572; x_wconf 73' lang='grc' dir='ltr'>φονεῖς</span> <span class='ocrx_word' id='word_1_123' title='bbox 951 1507 1233 1571; x_wconf 79' lang='grc' dir='ltr'><strong><em>ἐκείνους,</em></strong></span> <span class='ocrx_word' id='word_1_124' title='bbox 1264 1509 1358 1559; x_wconf 77' lang='grc' dir='ltr'><strong><em>καὶ</em></strong></span> <span class='ocrx_word' id='word_1_125' title='bbox 1383 1509 1493 1574; x_wconf 73' lang='grc' dir='ltr'><strong><em>τὴν</em></strong></span> <span class='ocrx_word' id='word_1_126' title='bbox 1514 1510 1687 1561; x_wconf 68' lang='grc' dir='ltr'>πόλιν</span> <span class='ocrx_word' id='word_1_127' title='bbox 1711 1513 1810 1562; x_wconf 86' lang='grc' dir='ltr'><strong><em>αὺ-</em></strong></span> 
     </span>
    </p>
   </div>
   <div class='ocr_carea' id='block_1_17' title="bbox 252 1589 1807 1670">
    <p class='ocr_par' dir='ltr' id='par_1_17' title="bbox 252 1589 1807 1670">
     <span class='ocr_line' id='line_1_17' title="bbox 252 1589 1807 1670; baseline 0.006 -28"><span class='ocrx_word' id='word_1_128' title='bbox 252 1590 383 1642; x_wconf 79' lang='grc' dir='ltr'><strong><em>τῶν</em></strong></span> <span class='ocrx_word' id='word_1_129' title='bbox 400 1591 726 1658; x_wconf 76' lang='grc' dir='ltr'>ἐνέπρησε.</span> <span class='ocrx_word' id='word_1_130' title='bbox 785 1595 960 1647; x_wconf 86' lang='grc' dir='ltr'>Ταῦτα</span> <span class='ocrx_word' id='word_1_131' title='bbox 982 1589 1010 1648; x_wconf 78' lang='grc' dir='ltr'><strong><em>ὅ</em></strong></span> <span class='ocrx_word' id='word_1_132' title='bbox 1037 1597 1218 1665; x_wconf 78' lang='grc' dir='ltr'>Σωτὴρ</span> <span class='ocrx_word' id='word_1_133' title='bbox 1247 1599 1302 1649; x_wconf 83' lang='grc' dir='ltr'><strong><em>ἐν</em></strong></span> <span class='ocrx_word' id='word_1_134' title='bbox 1323 1598 1465 1666; x_wconf 81' lang='grc' dir='ltr'>αὐτῷ</span> <span class='ocrx_word' id='word_1_135' title='bbox 1490 1598 1563 1666; x_wconf 80' lang='grc' dir='ltr'><strong><em>τῷ</em></strong></span> <span class='ocrx_word' id='word_1_136' title='bbox 1587 1599 1711 1670; x_wconf 82' lang='grc' dir='ltr'>ἱερῷ</span> <span class='ocrx_word' id='word_1_137' title='bbox 1733 1599 1807 1651; x_wconf 76' lang='grc' dir='ltr'>ἔτι</span> 
     </span>
    </p>
   </div>
   <div class='ocr_carea' id='block_1_18' title="bbox 250 1682 1806 1758">
    <p class='ocr_par' dir='ltr' id='par_1_18' title="bbox 250 1682 1806 1758">
     <span class='ocr_line' id='line_1_18' title="bbox 250 1682 1806 1758; baseline 0.004 -25"><span class='ocrx_word' id='word_1_138' title='bbox 250 1682 382 1734; x_wconf 88' lang='grc' dir='ltr'>τότε</span> <span class='ocrx_word' id='word_1_139' title='bbox 408 1684 710 1735; x_wconf 80' lang='grc' dir='ltr'><strong><em>συνεστῶτι</em></strong></span> <span class='ocrx_word' id='word_1_140' title='bbox 741 1685 1136 1754; x_wconf 79' lang='grc' dir='ltr'>ἀναγέγραπται</span> <span class='ocrx_word' id='word_1_141' title='bbox 1167 1688 1426 1756; x_wconf 73' lang='grc' dir='ltr'>εἰρηκώς·</span> <span class='ocrx_word' id='word_1_142' title='bbox 1460 1687 1492 1739; x_wconf 75' lang='grc' dir='ltr'>ἃ</span> <span class='ocrx_word' id='word_1_143' title='bbox 1521 1693 1612 1741; x_wconf 80' lang='grc' dir='ltr'>καὶ</span> <span class='ocrx_word' id='word_1_144' title='bbox 1645 1689 1806 1758; x_wconf 82' lang='grc' dir='ltr'>ἐπλη-</span> 
     </span>
    </p>
   </div>
   <div class='ocr_carea' id='block_1_19' title="bbox 1912 616 3433 688">
    <p class='ocr_par' dir='ltr' id='par_1_19' title="bbox 1912 616 3433 688">
     <span class='ocr_line' id='line_1_19' title="bbox 1912 616 3433 688; baseline -0.005 -14"><span class='ocrx_word' id='word_1_145' title='bbox 1912 622 2103 674; x_wconf 84' lang='lat' dir='ltr'><strong><em>Itomini</em></strong></span> <span class='ocrx_word' id='word_1_146' title='bbox 2131 621 2256 688; x_wconf 86' lang='lat' dir='ltr'><strong><em>regi,</em></strong></span> <span class='ocrx_word' id='word_1_147' title='bbox 2286 618 2372 686; x_wconf 87' lang='lat' dir='ltr'><strong><em>qui</em></strong></span> <span class='ocrx_word' id='word_1_148' title='bbox 2401 617 2519 682; x_wconf 70' lang='lat' dir='ltr'><strong><em>fecit</em></strong></span> <span class='ocrx_word' id='word_1_149' title='bbox 2549 618 2755 683; x_wconf 83' lang='lat' dir='ltr'><strong><em>nuptias</em></strong></span> <span class='ocrx_word' id='word_1_150' title='bbox 2781 616 2890 682; x_wconf 83' lang='lat' dir='ltr'><strong><em>ﬁlio</em></strong></span> <span class='ocrx_word' id='word_1_151' title='bbox 2915 631 3008 668; x_wconf 89' lang='lat' dir='ltr'><strong><em>suo</em></strong></span> <span class='ocrx_word' id='word_1_152' title='bbox 3033 625 3115 668; x_wconf 87' lang='lat' dir='ltr'><strong><em>:ct</em></strong></span> <span class='ocrx_word' id='word_1_153' title='bbox 3150 616 3293 668; x_wconf 87' lang='lat' dir='ltr'><strong><em>misit</em></strong></span> <span class='ocrx_word' id='word_1_154' title='bbox 3322 631 3433 668; x_wconf 84' lang='lat' dir='ltr'><strong><em>ser-</em></strong></span> 
     </span>
    </p>
   </div>
   <div class='ocr_carea' id='block_1_20' title="bbox 1912 703 3432 769">
    <p class='ocr_par' dir='ltr' id='par_1_20' title="bbox 1912 703 3432 769">
     <span class='ocr_line' id='line_1_20' title="bbox 1912 703 3432 769; baseline -0.003 -7"><span class='ocrx_word' id='word_1_155' title='bbox 1912 727 1996 762; x_wconf 80' lang='lat' dir='ltr'><strong><em>uos</em></strong></span> <span class='ocrx_word' id='word_1_156' title='bbox 2035 726 2152 762; x_wconf 83' lang='lat' dir='ltr'><strong><em>suos</em></strong></span> <span class='ocrx_word' id='word_1_157' title='bbox 2185 717 2241 759; x_wconf 90' lang='lat' dir='ltr'><strong><em>ut</em></strong></span> <span class='ocrx_word' id='word_1_158' title='bbox 2278 715 2511 759; x_wconf 78' lang='lat' dir='ltr'><strong><em>uocarent</em></strong></span> <span class='ocrx_word' id='word_1_159' title='bbox 2555 705 2795 758; x_wconf 83' lang='lat' dir='ltr'><strong><em>inuitatos</em></strong></span> <span class='ocrx_word' id='word_1_160' title='bbox 2829 703 2896 756; x_wconf 85' lang='lat' dir='ltr'><strong><em>ad</em></strong></span> <span class='ocrx_word' id='word_1_161' title='bbox 2933 704 3138 769; x_wconf 89' lang='lat' dir='ltr'><strong><em>nuptias</em></strong></span> <span class='ocrx_word' id='word_1_162' title='bbox 3163 718 3181 755; x_wconf 91' lang='lat'><strong><em>:</em></strong></span> <span class='ocrx_word' id='word_1_163' title='bbox 3203 703 3283 756; x_wconf 81' lang='lat' dir='ltr'><strong><em>illi</em></strong></span> <span class='ocrx_word' id='word_1_164' title='bbox 3317 717 3432 757; x_wconf 79' lang='lat' dir='ltr'><strong><em>vero</em></strong></span> 
     </span>
    </p>
   </div>
   <div class='ocr_carea' id='block_1_21' title="bbox 1911 792 3433 857">
    <p class='ocr_par' dir='ltr' id='par_1_21' title="bbox 1911 792 3433 857">
     <span class='ocr_line' id='line_1_21' title="bbox 1911 792 3433 857; baseline -0.002 -7"><span class='ocrx_word' id='word_1_165' title='bbox 1911 798 2183 851; x_wconf 86' lang='lat' dir='ltr'><strong><em>uoluerunt</em></strong></span> <span class='ocrx_word' id='word_1_166' title='bbox 2215 797 2400 849; x_wconf 84' lang='lat' dir='ltr'><strong><em>uenire.</em></strong></span> <span class='ocrx_word' id='word_1_167' title='bbox 2441 793 2632 846; x_wconf 88' lang='lat' dir='ltr'><strong><em>Iterum</em></strong></span> <span class='ocrx_word' id='word_1_168' title='bbox 2663 793 2800 845; x_wconf 86' lang='lat' dir='ltr'><strong><em>misit</em></strong></span> <span class='ocrx_word' id='word_1_169' title='bbox 2833 792 2968 844; x_wconf 77' lang='lat' dir='ltr'><strong><em>alios</em></strong></span> <span class='ocrx_word' id='word_1_170' title='bbox 2988 807 3004 843; x_wconf 92' lang='lat'><strong><em>:</em></strong></span> <span class='ocrx_word' id='word_1_171' title='bbox 3026 793 3104 844; x_wconf 87' lang='lat' dir='ltr'><strong><em>illi</em></strong></span> <span class='ocrx_word' id='word_1_172' title='bbox 3146 807 3260 844; x_wconf 79' lang='lat' dir='ltr'><strong><em>vero</em></strong></span> <span class='ocrx_word' id='word_1_173' title='bbox 3299 806 3433 857; x_wconf 64' lang='lat' dir='ltr'><strong><em>pra-</em></strong></span> 
     </span>
    </p>
   </div>
   <div class='ocr_carea' id='block_1_22' title="bbox 1912 885 3430 955">
    <p class='ocr_par' dir='ltr' id='par_1_22' title="bbox 1912 885 3430 955">
     <span class='ocr_line' id='line_1_22' title="bbox 1912 885 3430 955; baseline -0.001 -17"><span class='ocrx_word' id='word_1_174' title='bbox 1912 897 2140 955; x_wconf 89' lang='lat' dir='ltr'><strong><em>terquam</em></strong></span> <span class='ocrx_word' id='word_1_175' title='bbox 2173 887 2308 954; x_wconf 84' lang='lat' dir='ltr'><strong><em>quod</em></strong></span> <span class='ocrx_word' id='word_1_176' title='bbox 2338 886 2608 937; x_wconf 85' lang='lat' dir='ltr'><strong><em>noluerunt</em></strong></span> <span class='ocrx_word' id='word_1_177' title='bbox 2649 887 2835 947; x_wconf 85' lang='lat' dir='ltr'><strong><em>venire,</em></strong></span> <span class='ocrx_word' id='word_1_178' title='bbox 2857 885 3011 936; x_wconf 89' lang='lat' dir='ltr'><strong><em>etiam</em></strong></span> <span class='ocrx_word' id='word_1_179' title='bbox 3049 892 3224 950; x_wconf 87' lang='lat' dir='ltr'><strong><em>captos</em></strong></span> <span class='ocrx_word' id='word_1_180' title='bbox 3263 899 3430 936; x_wconf 79' lang='lat' dir='ltr'><strong><em>servos</em></strong></span> 
     </span>
    </p>
   </div>
   <div class='ocr_carea' id='block_1_23' title="bbox 1909 973 3432 1042">
    <p class='ocr_par' dir='ltr' id='par_1_23' title="bbox 1909 973 3432 1042">
     <span class='ocr_line' id='line_1_23' title="bbox 1909 973 3432 1042; baseline -0.002 -13"><span class='ocrx_word' id='word_1_181' title='bbox 1909 977 2226 1030; x_wconf 84' lang='lat' dir='ltr'><strong><em>contumeliis</em></strong></span> <span class='ocrx_word' id='word_1_182' title='bbox 2257 977 2554 1042; x_wconf 74' lang='lat' dir='ltr'><strong><em>aﬂ&#39;eceruut,</em></strong></span> <span class='ocrx_word' id='word_1_183' title='bbox 2587 985 2634 1025; x_wconf 89' lang='lat' dir='ltr'><strong><em>et</em></strong></span> <span class='ocrx_word' id='word_1_184' title='bbox 2669 975 2959 1026; x_wconf 85' lang='lat' dir='ltr'><strong><em>occiderunt</em></strong></span> <span class='ocrx_word' id='word_1_185' title='bbox 2980 973 3043 1024; x_wconf 64' lang='grc' dir='ltr'><strong><em>η.</em></strong></span> <span class='ocrx_word' id='word_1_186' title='bbox 3080 973 3285 1036; x_wconf 80' lang='lat' dir='ltr'><strong><em>Quibus</em></strong></span> <span class='ocrx_word' id='word_1_187' title='bbox 3311 973 3432 1026; x_wconf 79' lang='lat' dir='ltr'><strong><em>sub-</em></strong></span> 
     </span>
    </p>
   </div>
   <div class='ocr_carea' id='block_1_24' title="bbox 1909 1062 3434 1126">
    <p class='ocr_par' dir='ltr' id='par_1_24' title="bbox 1909 1062 3434 1126">
     <span class='ocr_line' id='line_1_24' title="bbox 1909 1062 3434 1126; baseline -0.004 -7"><span class='ocrx_word' id='word_1_188' title='bbox 1909 1067 1985 1119; x_wconf 90' lang='lat' dir='ltr'><strong><em>dit</em></strong></span> <span class='ocrx_word' id='word_1_189' title='bbox 2012 1084 2027 1120; x_wconf 89' lang='lat'>:</span> <span class='ocrx_word' id='word_1_190' title='bbox 2056 1065 2162 1118; x_wconf 79' lang='lat' dir='ltr'><strong><em>Rea:</em></strong></span> <span class='ocrx_word' id='word_1_191' title='bbox 2191 1075 2380 1126; x_wconf 85' lang='lat' dir='ltr'><strong><em>autent,</em></strong></span> <span class='ocrx_word' id='word_1_192' title='bbox 2404 1064 2636 1126; x_wconf 87' lang='lat' dir='ltr'><strong><em>audiens,</em></strong></span> <span class='ocrx_word' id='word_1_193' title='bbox 2663 1065 2828 1115; x_wconf 81' lang='lat' dir='ltr'><strong><em>iratus</em></strong></span> <span class='ocrx_word' id='word_1_194' title='bbox 2852 1072 2946 1123; x_wconf 86' lang='lat' dir='ltr'><strong><em>est,</em></strong></span> <span class='ocrx_word' id='word_1_195' title='bbox 2970 1073 3036 1126; x_wconf 88' lang='lat' dir='ltr'><strong><em>et,</em></strong></span> <span class='ocrx_word' id='word_1_196' title='bbox 3056 1062 3226 1115; x_wconf 87' lang='lat' dir='ltr'><strong><em>missis</em></strong></span> <span class='ocrx_word' id='word_1_197' title='bbox 3244 1063 3434 1115; x_wconf 71' lang='lat' dir='ltr'><strong><em>exerci-</em></strong></span> 
     </span>
    </p>
   </div>
   <div class='ocr_carea' id='block_1_25' title="bbox 1913 1152 3430 1221">
    <p class='ocr_par' dir='ltr' id='par_1_25' title="bbox 1913 1152 3430 1221">
     <span class='ocr_line' id='line_1_25' title="bbox 1913 1152 3430 1221; baseline -0.001 -16"><span class='ocrx_word' id='word_1_198' title='bbox 1913 1155 2046 1208; x_wconf 88' lang='lat' dir='ltr'><strong><em>tibus</em></strong></span> <span class='ocrx_word' id='word_1_199' title='bbox 2089 1155 2197 1206; x_wconf 83' lang='lat' dir='ltr'><strong><em>suis</em></strong></span> <span class='ocrx_word' id='word_1_200' title='bbox 2217 1193 2231 1214; x_wconf 87' lang='lat'><strong><em>,</em></strong></span> <span class='ocrx_word' id='word_1_201' title='bbox 2256 1153 2476 1221; x_wconf 86' lang='lat' dir='ltr'><strong><em>perdidit</em></strong></span> <span class='ocrx_word' id='word_1_202' title='bbox 2499 1153 2780 1204; x_wconf 83' lang='lat' dir='ltr'><strong><em>homicidas</em></strong></span> <span class='ocrx_word' id='word_1_203' title='bbox 2811 1152 2948 1213; x_wconf 89' lang='lat' dir='ltr'><strong><em>illos,</em></strong></span> <span class='ocrx_word' id='word_1_204' title='bbox 2981 1161 3027 1204; x_wconf 92' lang='lat' dir='ltr'><strong><em>et</em></strong></span> <span class='ocrx_word' id='word_1_205' title='bbox 3063 1152 3318 1204; x_wconf 84' lang='lat' dir='ltr'><strong><em>civitatem</em></strong></span> <span class='ocrx_word' id='word_1_206' title='bbox 3344 1167 3430 1204; x_wconf 87' lang='lat' dir='ltr'><strong><em>eo-</em></strong></span> 
     </span>
    </p>
   </div>
   <div class='ocr_carea' id='block_1_26' title="bbox 1911 1240 3430 1308">
    <p class='ocr_par' dir='ltr' id='par_1_26' title="bbox 1911 1240 3430 1308">
     <span class='ocr_line' id='line_1_26' title="bbox 1911 1240 3430 1308; baseline -0.002 -13"><span class='ocrx_word' id='word_1_207' title='bbox 1911 1259 2023 1295; x_wconf 89' lang='lat' dir='ltr'><strong><em>rum</em></strong></span> <span class='ocrx_word' id='word_1_208' title='bbox 2067 1243 2325 1295; x_wconf 86' lang='lat' dir='ltr'><strong><em>succendit</em></strong></span> <span class='ocrx_word' id='word_1_209' title='bbox 2353 1244 2413 1295; x_wconf 81' lang='grc'><strong><em>¹⁵.</em></strong></span> <span class='ocrx_word' id='word_1_210' title='bbox 2448 1241 2569 1294; x_wconf 59' lang='lat' dir='ltr'><strong><em>Hac</em></strong></span> <span class='ocrx_word' id='word_1_211' title='bbox 2603 1240 2926 1294; x_wconf 79' lang='lat' dir='ltr'><strong><em>Salvawrem</em></strong></span> <span class='ocrx_word' id='word_1_212' title='bbox 2976 1242 3029 1293; x_wconf 90' lang='lat' dir='ltr'><strong><em>in</em></strong></span> <span class='ocrx_word' id='word_1_213' title='bbox 3077 1244 3192 1308; x_wconf 89' lang='lat' dir='ltr'><strong><em>ipso</em></strong></span> <span class='ocrx_word' id='word_1_214' title='bbox 3235 1241 3430 1308; x_wconf 88' lang='lat' dir='ltr'><strong><em>templo</em></strong></span> 
     </span>
    </p>
   </div>
   <div class='ocr_carea' id='block_1_27' title="bbox 1909 1325 3430 1398">
    <p class='ocr_par' dir='ltr' id='par_1_27' title="bbox 1909 1325 3430 1398">
     <span class='ocr_line' id='line_1_27' title="bbox 1909 1325 3430 1398; baseline -0.003 -12"><span class='ocrx_word' id='word_1_215' title='bbox 1909 1333 2081 1386; x_wconf 91' lang='lat' dir='ltr'><strong><em>adhuc</em></strong></span> <span class='ocrx_word' id='word_1_216' title='bbox 2119 1334 2442 1385; x_wconf 92' lang='lat' dir='ltr'><strong><em>consistente</em></strong></span> <span class='ocrx_word' id='word_1_217' title='bbox 2470 1331 2666 1383; x_wconf 77' lang='lat' dir='ltr'><strong><em>dixisse</em></strong></span> <span class='ocrx_word' id='word_1_218' title='bbox 2715 1331 3001 1382; x_wconf 83' lang='lat' dir='ltr'><strong><em>scribitur:</em></strong></span> <span class='ocrx_word' id='word_1_219' title='bbox 3032 1344 3150 1398; x_wconf 62' lang='lat' dir='ltr'><strong><em>quae</em></strong></span> <span class='ocrx_word' id='word_1_220' title='bbox 3194 1344 3299 1383; x_wconf 91' lang='lat' dir='ltr'><strong><em>non</em></strong></span> <span class='ocrx_word' id='word_1_221' title='bbox 3338 1325 3430 1382; x_wconf 77' lang='lat' dir='ltr'><strong><em>diu</em></strong></span> 
     </span>
    </p>
   </div>
   <div class='ocr_carea' id='block_1_28' title="bbox 1908 1418 3432 1489">
    <p class='ocr_par' dir='ltr' id='par_1_28' title="bbox 1908 1418 3432 1489">
     <span class='ocr_line' id='line_1_28' title="bbox 1908 1418 3432 1489; baseline -0.002 -15"><span class='ocrx_word' id='word_1_222' title='bbox 1908 1429 2088 1488; x_wconf 87' lang='lat' dir='ltr'><strong><em>postea</em></strong></span> <span class='ocrx_word' id='word_1_223' title='bbox 2120 1421 2336 1489; x_wconf 84' lang='lat' dir='ltr'><strong><em>impleta</em></strong></span> <span class='ocrx_word' id='word_1_224' title='bbox 2369 1427 2516 1484; x_wconf 89' lang='lat' dir='ltr'><strong><em>sunt,</em></strong></span> <span class='ocrx_word' id='word_1_225' title='bbox 2555 1418 2878 1487; x_wconf 80' lang='lat' dir='ltr'><strong><em>Vespasiano</em></strong></span> <span class='ocrx_word' id='word_1_226' title='bbox 2897 1429 2951 1472; x_wconf 92' lang='lat' dir='ltr'><strong><em>et</em></strong></span> <span class='ocrx_word' id='word_1_227' title='bbox 2985 1420 3102 1471; x_wconf 86' lang='lat' dir='ltr'><strong><em>Tito</em></strong></span> <span class='ocrx_word' id='word_1_228' title='bbox 3134 1419 3306 1472; x_wconf 90' lang='lat' dir='ltr'><strong><em>locum</em></strong></span> <span class='ocrx_word' id='word_1_229' title='bbox 3338 1418 3432 1471; x_wconf 85' lang='lat' dir='ltr'><strong><em>ob-</em></strong></span> 
     </span>
    </p>
   </div>
   <div class='ocr_carea' id='block_1_29' title="bbox 1907 1507 3428 1577">
    <p class='ocr_par' dir='ltr' id='par_1_29' title="bbox 1907 1507 3428 1577">
     <span class='ocr_line' id='line_1_29' title="bbox 1907 1507 3428 1577; baseline -0.003 -14"><span class='ocrx_word' id='word_1_230' title='bbox 1907 1509 2202 1564; x_wconf 88' lang='lat' dir='ltr'><strong><em>sidentibus</em></strong></span> <span class='ocrx_word' id='word_1_231' title='bbox 2231 1527 2244 1563; x_wconf 91' lang='lat'>:</span> <span class='ocrx_word' id='word_1_232' title='bbox 2274 1523 2500 1577; x_wconf 90' lang='lat' dir='ltr'><strong><em>quorum</em></strong></span> <span class='ocrx_word' id='word_1_233' title='bbox 2533 1521 2764 1574; x_wconf 88' lang='lat' dir='ltr'><strong><em>tempore</em></strong></span> <span class='ocrx_word' id='word_1_234' title='bbox 2790 1509 2966 1560; x_wconf 89' lang='lat' dir='ltr'><strong><em>nullus</em></strong></span> <span class='ocrx_word' id='word_1_235' title='bbox 2994 1508 3248 1575; x_wconf 87' lang='lat' dir='ltr'><strong><em>propheta</em></strong></span> <span class='ocrx_word' id='word_1_236' title='bbox 3289 1507 3428 1574; x_wconf 88' lang='lat' dir='ltr'><strong><em>apud</em></strong></span> 
     </span>
    </p>
   </div>
   <div class='ocr_carea' id='block_1_30' title="bbox 1907 1593 3428 1661">
    <p class='ocr_par' dir='ltr' id='par_1_30' title="bbox 1907 1593 3428 1661">
     <span class='ocr_line' id='line_1_30' title="bbox 1907 1593 3428 1661; baseline -0.003 -13"><span class='ocrx_word' id='word_1_237' title='bbox 1907 1596 2026 1649; x_wconf 89' lang='lat' dir='ltr'><strong><em>illos</em></strong></span> <span class='ocrx_word' id='word_1_238' title='bbox 2066 1594 2232 1650; x_wconf 81' lang='lat' dir='ltr'><strong><em>fuisse</em></strong></span> <span class='ocrx_word' id='word_1_239' title='bbox 2282 1605 2552 1648; x_wconf 84' lang='lat' dir='ltr'><strong><em>narratur.</em></strong></span> <span class='ocrx_word' id='word_1_240' title='bbox 2588 1593 2926 1647; x_wconf 84' lang='lat' dir='ltr'><strong><em>Obsidionem</em></strong></span> <span class='ocrx_word' id='word_1_241' title='bbox 2978 1595 3155 1661; x_wconf 89' lang='lat' dir='ltr'><strong><em>itaque</em></strong></span> <span class='ocrx_word' id='word_1_242' title='bbox 3195 1608 3428 1661; x_wconf 66' lang='lat' dir='ltr'><strong><em>praesens</em></strong></span> 
     </span>
    </p>
   </div>
   <div class='ocr_carea' id='block_1_31' title="bbox 1905 1680 3423 1752">
    <p class='ocr_par' dir='ltr' id='par_1_31' title="bbox 1905 1680 3423 1752">
     <span class='ocr_line' id='line_1_31' title="bbox 1905 1680 3423 1752; baseline -0.003 -14"><span class='ocrx_word' id='word_1_243' title='bbox 1905 1685 2140 1752; x_wconf 85' lang='lat' dir='ltr'><strong><em>psalmus</em></strong></span> <span class='ocrx_word' id='word_1_244' title='bbox 2188 1683 2451 1752; x_wconf 82' lang='lat' dir='ltr'><strong><em>signiﬁcat</em></strong></span> <span class='ocrx_word' id='word_1_245' title='bbox 2481 1703 2492 1736; x_wconf 93' lang='lat'><strong>:</strong></span> <span class='ocrx_word' id='word_1_246' title='bbox 2523 1699 2685 1750; x_wconf 88' lang='lat' dir='ltr'><strong><em>quare</em></strong></span> <span class='ocrx_word' id='word_1_247' title='bbox 2717 1685 2770 1736; x_wconf 91' lang='lat' dir='ltr'><strong><em>in</em></strong></span> <span class='ocrx_word' id='word_1_248' title='bbox 2811 1683 3070 1751; x_wconf 87' lang='lat' dir='ltr'><strong><em>principio</em></strong></span> <span class='ocrx_word' id='word_1_249' title='bbox 3111 1682 3278 1734; x_wconf 80' lang='lat' dir='ltr'><strong><em>dicit:</em></strong></span> <span class='ocrx_word' id='word_1_250' title='bbox 3325 1680 3423 1734; x_wconf 86' lang='lat' dir='ltr'><strong><em>Ut-</em></strong></span> 
     </span>
    </p>
   </div>
   <div class='ocr_carea' id='block_1_32' title="bbox 254 1770 1799 1846">
    <p class='ocr_par' dir='ltr' id='par_1_32' title="bbox 254 1770 1799 1846">
     <span class='ocr_line' id='line_1_32' title="bbox 254 1770 1799 1846; baseline 0.004 -24"><span class='ocrx_word' id='word_1_251' title='bbox 254 1770 422 1840; x_wconf 84' lang='grc' dir='ltr'>ροῦτο</span> <span class='ocrx_word' id='word_1_252' title='bbox 434 1771 538 1824; x_wconf 82' lang='grc' dir='ltr'>οὐκ</span> <span class='ocrx_word' id='word_1_253' title='bbox 561 1773 640 1833; x_wconf 87' lang='grc' dir='ltr'><strong><em>είς</em></strong></span> <span class='ocrx_word' id='word_1_254' title='bbox 662 1773 884 1842; x_wconf 76' lang='grc' dir='ltr'>μακρὸν,</span> <span class='ocrx_word' id='word_1_255' title='bbox 905 1773 1302 1828; x_wconf 78' lang='grc' dir='ltr'><strong><em>Οὐεσπασιανοῦ</em></strong></span> <span class='ocrx_word' id='word_1_256' title='bbox 1325 1777 1578 1828; x_wconf 73' lang='grc' dir='ltr'>καὶΤίτου</span> <span class='ocrx_word' id='word_1_257' title='bbox 1602 1777 1799 1846; x_wconf 81' lang='grc' dir='ltr'>πολιορ·</span> 
     </span>
    </p>
   </div>
   <div class='ocr_carea' id='block_1_33' title="bbox 1902 1770 3426 1846">
    <p class='ocr_par' dir='ltr' id='par_1_33' title="bbox 1903 1770 3426 1842">
     <span class='ocr_line' id='line_1_33' title="bbox 1903 1770 3426 1842; baseline -0.002 -17"><span class='ocrx_word' id='word_1_258' title='bbox 1903 1774 2045 1842; x_wconf 85' lang='lat' dir='ltr'><strong><em>quid,</em></strong></span> <span class='ocrx_word' id='word_1_259' title='bbox 2090 1772 2249 1836; x_wconf 87' lang='lat' dir='ltr'><strong><em>Deus,</em></strong></span> <span class='ocrx_word' id='word_1_260' title='bbox 2290 1773 2524 1840; x_wconf 87' lang='lat' dir='ltr'><strong><em>repulisti</em></strong></span> <span class='ocrx_word' id='word_1_261' title='bbox 2565 1775 2617 1825; x_wconf 90' lang='lat' dir='ltr'><strong><em>iu</em></strong></span> <span class='ocrx_word' id='word_1_262' title='bbox 2659 1773 2851 1840; x_wconf 82' lang='lat' dir='ltr'><strong><em>ﬁnem?</em></strong></span> <span class='ocrx_word' id='word_1_263' title='bbox 2899 1771 3034 1824; x_wconf 83' lang='lat' dir='ltr'><strong><em>llinc</em></strong></span> <span class='ocrx_word' id='word_1_264' title='bbox 3083 1785 3207 1825; x_wconf 84' lang='lat' dir='ltr'><strong><em>vero</em></strong></span> <span class='ocrx_word' id='word_1_265' title='bbox 3245 1770 3426 1823; x_wconf 88' lang='lat' dir='ltr'><strong><em>mirari</em></strong></span> 
     </span>
    </p>
   </div>
   <div class='ocr_carea' id='block_1_34' title="bbox 251 1861 1808 1932">
    <p class='ocr_par' dir='ltr' id='par_1_34' title="bbox 251 1861 1808 1932">
     <span class='ocr_line' id='line_1_34' title="bbox 251 1861 1808 1932; baseline 0.002 -18"><span class='ocrx_word' id='word_1_266' title='bbox 251 1862 553 1930; x_wconf 67' lang='grc' dir='ltr'>κτισάντων</span> <span class='ocrx_word' id='word_1_267' title='bbox 583 1861 674 1912; x_wconf 76' lang='grc' dir='ltr'>τὸν</span> <span class='ocrx_word' id='word_1_268' title='bbox 694 1862 870 1914; x_wconf 83' lang='grc' dir='ltr'><strong><em>τόπον·</em></strong></span> <span class='ocrx_word' id='word_1_269' title='bbox 905 1863 1020 1914; x_wconf 83' lang='grc' dir='ltr'>καθ’</span> <span class='ocrx_word' id='word_1_270' title='bbox 1047 1863 1136 1926; x_wconf 82' lang='grc' dir='ltr'>οὓς</span> <span class='ocrx_word' id='word_1_271' title='bbox 1164 1863 1444 1932; x_wconf 82' lang='grc' dir='ltr'><strong><em>προφητῶν</em></strong></span> <span class='ocrx_word' id='word_1_272' title='bbox 1471 1866 1636 1925; x_wconf 80' lang='grc' dir='ltr'>οὐδεὶς</span> <span class='ocrx_word' id='word_1_273' title='bbox 1665 1882 1808 1932; x_wconf 90' lang='grc' dir='ltr'>γεγο-</span> 
     </span>
    </p>
   </div>
   <div class='ocr_carea' id='block_1_35' title="bbox 250 1948 1803 2020">
    <p class='ocr_par' dir='ltr' id='par_1_35' title="bbox 250 1948 1803 2020">
     <span class='ocr_line' id='line_1_35' title="bbox 250 1948 1803 2020; baseline 0.003 -21"><span class='ocrx_word' id='word_1_274' title='bbox 250 1948 365 2012; x_wconf 79' lang='grc' dir='ltr'><strong><em>νὼς</em></strong></span> <span class='ocrx_word' id='word_1_275' title='bbox 392 1951 690 2018; x_wconf 80' lang='grc' dir='ltr'><strong><em>ἱστορεῖται</em></strong></span> <span class='ocrx_word' id='word_1_276' title='bbox 714 1951 956 2018; x_wconf 84' lang='grc' dir='ltr'>γενέσθαι</span> <span class='ocrx_word' id='word_1_277' title='bbox 982 1953 1115 2004; x_wconf 76' lang='grc' dir='ltr'>κατὰ</span> <span class='ocrx_word' id='word_1_278' title='bbox 1132 1953 1363 2013; x_wconf 77' lang='grc' dir='ltr'><strong><em>τούτους.</em></strong></span> <span class='ocrx_word' id='word_1_279' title='bbox 1398 1953 1686 2020; x_wconf 76' lang='grc' dir='ltr'><strong><em>Τοιγαροῦν</em></strong></span> <span class='ocrx_word' id='word_1_280' title='bbox 1713 1971 1803 2004; x_wconf 87' lang='grc' dir='ltr'>πο-</span> 
     </span>
    </p>
   </div>
   <div class='ocr_carea' id='block_1_36' title="bbox 247 2036 1802 2110">
    <p class='ocr_par' dir='ltr' id='par_1_36' title="bbox 247 2036 1802 2110">
     <span class='ocr_line' id='line_1_36' title="bbox 247 2036 1802 2110; baseline 0.003 -22"><span class='ocrx_word' id='word_1_281' title='bbox 247 2036 508 2106; x_wconf 77' lang='grc' dir='ltr'>λιορκίαν</span> <span class='ocrx_word' id='word_1_282' title='bbox 545 2039 575 2088; x_wconf 74' lang='grc' dir='ltr'><strong>ὁ</strong></span> <span class='ocrx_word' id='word_1_283' title='bbox 620 2039 756 2106; x_wconf 84' lang='grc' dir='ltr'>μετὰ</span> <span class='ocrx_word' id='word_1_284' title='bbox 787 2041 968 2107; x_wconf 81' lang='grc' dir='ltr'>χεῖρας</span> <span class='ocrx_word' id='word_1_285' title='bbox 1012 2041 1298 2109; x_wconf 84' lang='grc' dir='ltr'><strong><em>παρίστησι</em></strong></span> <span class='ocrx_word' id='word_1_286' title='bbox 1328 2040 1503 2107; x_wconf 84' lang='grc' dir='ltr'><strong><em>λόγος⁹</em></strong></span> <span class='ocrx_word' id='word_1_287' title='bbox 1539 2042 1614 2093; x_wconf 85' lang='grc' dir='ltr'><strong><em>διό</em></strong></span> <span class='ocrx_word' id='word_1_288' title='bbox 1646 2059 1802 2110; x_wconf 76' lang='grc' dir='ltr'>φησιν</span> 
     </span>
    </p>
   </div>
   <div class='ocr_carea' id='block_1_37' title="bbox 248 2127 1803 2195">
    <p class='ocr_par' dir='ltr' id='par_1_37' title="bbox 248 2127 1803 2195">
     <span class='ocr_line' id='line_1_37' title="bbox 248 2127 1803 2195; baseline 0.003 -17"><span class='ocrx_word' id='word_1_289' title='bbox 248 2127 569 2195; x_wconf 82' lang='grc' dir='ltr'><strong><em>ἀρχόμενος</em></strong></span> <span class='ocrx_word' id='word_1_290' title='bbox 587 2143 600 2156; x_wconf 76' lang='grc' dir='ltr'><strong>ο</strong></span> <span class='ocrx_word' id='word_1_291' title='bbox 628 2128 758 2180; x_wconf 84' lang='grc' dir='ltr'><strong><em>Ἵνα</em></strong></span> <span class='ocrx_word' id='word_1_292' title='bbox 778 2129 850 2189; x_wconf 89' lang='grc' dir='ltr'><strong><em>τί,</em></strong></span> <span class='ocrx_word' id='word_1_293' title='bbox 875 2131 905 2180; x_wconf 85' lang='grc' dir='ltr'><strong><em>ό</em></strong></span> <span class='ocrx_word' id='word_1_294' title='bbox 927 2130 1084 2191; x_wconf 74' lang='grc' dir='ltr'>Θεὸς.</span> <span class='ocrx_word' id='word_1_295' title='bbox 1104 2129 1315 2182; x_wconf 81' lang='grc' dir='ltr'>ἀπώσω</span> <span class='ocrx_word' id='word_1_296' title='bbox 1332 2131 1416 2194; x_wconf 80' lang='grc' dir='ltr'>εἰς</span> <span class='ocrx_word' id='word_1_297' title='bbox 1437 2128 1632 2194; x_wconf 59' lang='lat' dir='ltr'><strong><em>rem;</em></strong></span> <span class='ocrx_word' id='word_1_298' title='bbox 1655 2133 1803 2183; x_wconf 82' lang='grc' dir='ltr'>Ἐστι</span> 
     </span>
    </p>
   </div>
   <div class='ocr_carea' id='block_1_38' title="bbox 249 2209 1800 2285">
    <p class='ocr_par' dir='ltr' id='par_1_38' title="bbox 249 2209 1800 2285">
     <span class='ocr_line' id='line_1_38' title="bbox 249 2209 1800 2285; baseline 0.006 -25"><span class='ocrx_word' id='word_1_299' title='bbox 249 2209 310 2261; x_wconf 84' lang='grc' dir='ltr'>δὲ</span> <span class='ocrx_word' id='word_1_300' title='bbox 340 2212 407 2261; x_wconf 84' lang='grc' dir='ltr'><strong><em>ἐκ</em></strong></span> <span class='ocrx_word' id='word_1_301' title='bbox 447 2210 656 2263; x_wconf 84' lang='grc' dir='ltr'>τούτων</span> <span class='ocrx_word' id='word_1_302' title='bbox 685 2212 781 2280; x_wconf 75' lang='grc' dir='ltr'>τὴν</span> <span class='ocrx_word' id='word_1_303' title='bbox 819 2214 1010 2282; x_wconf 81' lang='grc' dir='ltr'>ἀρετὴν</span> <span class='ocrx_word' id='word_1_304' title='bbox 1038 2215 1410 2284; x_wconf 79' lang='grc' dir='ltr'>ἀποθαυμάσαι</span> <span class='ocrx_word' id='word_1_305' title='bbox 1440 2220 1534 2285; x_wconf 82' lang='grc' dir='ltr'><strong><em>τῆς</em></strong></span> <span class='ocrx_word' id='word_1_306' title='bbox 1558 2218 1800 2269; x_wconf 66' lang='grc' dir='ltr'>θεοπνεύα</span> 
     </span>
    </p>
   </div>
   <div class='ocr_carea' id='block_1_39' title="bbox 252 2298 1803 2371">
    <p class='ocr_par' dir='ltr' id='par_1_39' title="bbox 252 2298 1803 2371">
     <span class='ocr_line' id='line_1_39' title="bbox 252 2298 1803 2371; baseline 0.003 -23"><span class='ocrx_word' id='word_1_307' title='bbox 252 2312 385 2348; x_wconf 85' lang='grc' dir='ltr'>στου</span> <span class='ocrx_word' id='word_1_308' title='bbox 406 2298 653 2367; x_wconf 82' lang='grc' dir='ltr'>Γραφῆς,</span> <span class='ocrx_word' id='word_1_309' title='bbox 679 2299 752 2359; x_wconf 87' lang='grc' dir='ltr'>ὠς</span> <span class='ocrx_word' id='word_1_310' title='bbox 777 2299 842 2350; x_wconf 70' lang='grc' dir='ltr'>τὰ</span> <span class='ocrx_word' id='word_1_311' title='bbox 865 2303 1086 2369; x_wconf 81' lang='grc' dir='ltr'>μακροῖς</span> <span class='ocrx_word' id='word_1_312' title='bbox 1113 2300 1330 2369; x_wconf 76' lang='grc' dir='ltr'>ὕστερον</span> <span class='ocrx_word' id='word_1_313' title='bbox 1355 2302 1655 2371; x_wconf 73' lang='grc' dir='ltr'>πραχθέντα</span> <span class='ocrx_word' id='word_1_314' title='bbox 1685 2303 1803 2371; x_wconf 74' lang='grc' dir='ltr'>χρὸ-</span> 
     </span>
    </p>
   </div>
   <div class='ocr_carea' id='block_1_40' title="bbox 250 2386 1802 2458">
    <p class='ocr_par' dir='ltr' id='par_1_40' title="bbox 250 2386 1802 2458">
     <span class='ocr_line' id='line_1_40' title="bbox 250 2386 1802 2458; baseline 0.006 -22"><span class='ocrx_word' id='word_1_315' title='bbox 250 2402 368 2448; x_wconf 70' lang='grc' dir='ltr'><strong><em>νοις⁹</em></strong></span> <span class='ocrx_word' id='word_1_316' title='bbox 407 2386 720 2456; x_wconf 73' lang='grc' dir='ltr'>προγνώσει</span> <span class='ocrx_word' id='word_1_317' title='bbox 772 2387 886 2457; x_wconf 78' lang='grc' dir='ltr'>θείᾳ</span> <span class='ocrx_word' id='word_1_318' title='bbox 941 2389 1243 2458; x_wconf 77' lang='grc' dir='ltr'>προείληφε.</span> <span class='ocrx_word' id='word_1_319' title='bbox 1301 2391 1372 2442; x_wconf 85' lang='grc' dir='ltr'><strong><em>Τὸ</em></strong></span> <span class='ocrx_word' id='word_1_320' title='bbox 1397 2391 1484 2451; x_wconf 85' lang='grc' dir='ltr'>δὲ,</span> <span class='ocrx_word' id='word_1_321' title='bbox 1531 2393 1720 2454; x_wconf 74' lang='lat' dir='ltr'><strong><em>&#39;lrutl,</em></strong></span> <span class='ocrx_word' id='word_1_322' title='bbox 1771 2397 1802 2446; x_wconf 81' lang='grc' dir='ltr'><strong><em>ό</em></strong></span> 
     </span>
    </p>
   </div>
   <div class='ocr_carea' id='block_1_41' title="bbox 252 2474 1801 2548">
    <p class='ocr_par' dir='ltr' id='par_1_41' title="bbox 252 2474 1801 2548">
     <span class='ocr_line' id='line_1_41' title="bbox 252 2474 1801 2548; baseline 0.004 -22"><span class='ocrx_word' id='word_1_323' title='bbox 252 2474 406 2538; x_wconf 82' lang='grc' dir='ltr'><strong><em>Θεὸς</em></strong></span> <span class='ocrx_word' id='word_1_324' title='bbox 426 2513 443 2536; x_wconf 97' lang='grc'><strong><em>,</em></strong></span> <span class='ocrx_word' id='word_1_325' title='bbox 474 2474 696 2528; x_wconf 80' lang='grc' dir='ltr'><strong><em>ἀπώσω</em></strong></span> <span class='ocrx_word' id='word_1_326' title='bbox 723 2479 806 2542; x_wconf 86' lang='grc' dir='ltr'><strong><em>είς</em></strong></span> <span class='ocrx_word' id='word_1_327' title='bbox 834 2479 1030 2541; x_wconf 78' lang='grc' dir='ltr'>τέλος,</span> <span class='ocrx_word' id='word_1_328' title='bbox 1065 2479 1301 2548; x_wconf 79' lang='grc' dir='ltr'>εἴρηται,</span> <span class='ocrx_word' id='word_1_329' title='bbox 1339 2480 1518 2548; x_wconf 82' lang='grc' dir='ltr'>ἐπειδὴ</span> <span class='ocrx_word' id='word_1_330' title='bbox 1554 2482 1801 2542; x_wconf 72' lang='grc' dir='ltr'>πολλάκις</span> 
     </span>
    </p>
   </div>
   <div class='ocr_carea' id='block_1_42' title="bbox 247 2564 1798 2635">
    <p class='ocr_par' dir='ltr' id='par_1_42' title="bbox 247 2564 1798 2635">
     <span class='ocr_line' id='line_1_42' title="bbox 247 2564 1798 2635; baseline 0.006 -21"><span class='ocrx_word' id='word_1_331' title='bbox 247 2564 542 2626; x_wconf 74' lang='grc' dir='ltr'>ἀσεϐείαις</span> <span class='ocrx_word' id='word_1_332' title='bbox 574 2566 668 2618; x_wconf 75' lang='grc' dir='ltr'><strong><em>καὶ</em></strong></span> <span class='ocrx_word' id='word_1_333' title='bbox 702 2566 1087 2635; x_wconf 83' lang='grc' dir='ltr'>πλημμελείαις</span> <span class='ocrx_word' id='word_1_334' title='bbox 1114 2570 1172 2620; x_wconf 81' lang='grc' dir='ltr'>τὸ</span> <span class='ocrx_word' id='word_1_335' title='bbox 1217 2570 1471 2621; x_wconf 80' lang='grc' dir='ltr'>Ἰουδαίων</span> <span class='ocrx_word' id='word_1_336' title='bbox 1498 2571 1642 2633; x_wconf 80' lang='grc' dir='ltr'>ἔθνος</span> <span class='ocrx_word' id='word_1_337' title='bbox 1671 2573 1798 2623; x_wconf 83' lang='grc' dir='ltr'>ὑπο-</span> 
     </span>
    </p>
   </div>
   <div class='ocr_carea' id='block_1_43' title="bbox 250 2652 1793 2725">
    <p class='ocr_par' dir='ltr' id='par_1_43' title="bbox 250 2652 1793 2725">
     <span class='ocr_line' id='line_1_43' title="bbox 250 2652 1793 2725; baseline 0.005 -22"><span class='ocrx_word' id='word_1_338' title='bbox 250 2652 459 2704; x_wconf 87' lang='grc' dir='ltr'>πίπτον</span> <span class='ocrx_word' id='word_1_339' title='bbox 484 2655 795 2723; x_wconf 79' lang='grc' dir='ltr'>παρεδίδοτο</span> <span class='ocrx_word' id='word_1_340' title='bbox 821 2659 928 2718; x_wconf 78' lang='grc' dir='ltr'>τοῖς</span> <span class='ocrx_word' id='word_1_341' title='bbox 952 2656 1236 2725; x_wconf 76' lang='grc' dir='ltr'>περιοίκοις</span> <span class='ocrx_word' id='word_1_342' title='bbox 1265 2658 1567 2725; x_wconf 61' lang='grc' dir='ltr'>ἀλλοφύλοις</span> <span class='ocrx_word' id='word_1_343' title='bbox 1600 2659 1793 2710; x_wconf 73' lang='grc' dir='ltr'>ἔθνει-η’</span> 
     </span>
    </p>
   </div>
   <div class='ocr_carea' id='block_1_44' title="bbox 251 2745 1797 2816">
    <p class='ocr_par' dir='ltr' id='par_1_44' title="bbox 251 2745 1797 2816">
     <span class='ocr_line' id='line_1_44' title="bbox 251 2745 1797 2816; baseline 0.003 -20"><span class='ocrx_word' id='word_1_344' title='bbox 251 2745 347 2796; x_wconf 75' lang='grc' dir='ltr'><strong><em>καὶ</em></strong></span> <span class='ocrx_word' id='word_1_345' title='bbox 396 2745 535 2796; x_wconf 79' lang='grc' dir='ltr'>ποτὲ</span> <span class='ocrx_word' id='word_1_346' title='bbox 578 2746 674 2814; x_wconf 80' lang='grc' dir='ltr'>μὲν</span> <span class='ocrx_word' id='word_1_347' title='bbox 712 2746 900 2808; x_wconf 77' lang='grc' dir='ltr'>αὐτοὺς</span> <span class='ocrx_word' id='word_1_348' title='bbox 927 2746 1199 2800; x_wconf 72' lang='grc' dir='ltr'>Μωαϐῖται</span> <span class='ocrx_word' id='word_1_349' title='bbox 1233 2747 1526 2816; x_wconf 74' lang='grc' dir='ltr'>ἐχειροῦντο</span> <span class='ocrx_word' id='word_1_350' title='bbox 1547 2789 1560 2809; x_wconf 89' lang='grc'><strong><em>,</em></strong></span> <span class='ocrx_word' id='word_1_351' title='bbox 1593 2751 1716 2800; x_wconf 84' lang='grc' dir='ltr'><strong><em>ποτέ</em></strong></span> <span class='ocrx_word' id='word_1_352' title='bbox 1744 2750 1797 2800; x_wconf 84' lang='grc' dir='ltr'>δὲ</span> 
     </span>
    </p>
   </div>
   <div class='ocr_carea' id='block_1_45' title="bbox 263 2833 1794 2906">
    <p class='ocr_par' dir='ltr' id='par_1_45' title="bbox 263 2833 1794 2906">
     <span class='ocr_line' id='line_1_45' title="bbox 263 2833 1794 2906; baseline 0.003 -22"><span class='ocrx_word' id='word_1_353' title='bbox 263 2833 621 2902; x_wconf 70' lang='grc' dir='ltr'>Ἀμμανῖται,</span> <span class='ocrx_word' id='word_1_354' title='bbox 646 2833 736 2886; x_wconf 74' lang='grc' dir='ltr'>καὶ</span> <span class='ocrx_word' id='word_1_355' title='bbox 763 2833 941 2886; x_wconf 80' lang='grc' dir='ltr'>ἄλλοτε</span> <span class='ocrx_word' id='word_1_356' title='bbox 965 2833 1018 2885; x_wconf 85' lang='grc' dir='ltr'>δὲ</span> <span class='ocrx_word' id='word_1_357' title='bbox 1045 2835 1370 2903; x_wconf 82' lang='grc' dir='ltr'>Μαδιηναῖοι.</span> <span class='ocrx_word' id='word_1_358' title='bbox 1416 2833 1522 2888; x_wconf 78' lang='grc' dir='ltr'>Εἶτ’</span> <span class='ocrx_word' id='word_1_359' title='bbox 1552 2837 1794 2906; x_wconf 80' lang='grc' dir='ltr'>ἐπιστρέ-</span> 
     </span>
    </p>
   </div>
   <div class='ocr_carea' id='block_1_46' title="bbox 250 2921 1794 2994">
    <p class='ocr_par' dir='ltr' id='par_1_46' title="bbox 250 2921 1794 2994">
     <span class='ocr_line' id='line_1_46' title="bbox 250 2921 1794 2994; baseline 0.003 -22"><span class='ocrx_word' id='word_1_360' title='bbox 250 2939 371 2988; x_wconf 82' lang='grc' dir='ltr'><strong><em>φων</em></strong></span> <span class='ocrx_word' id='word_1_361' title='bbox 413 2921 614 2984; x_wconf 72' lang='grc' dir='ltr'>αὐτοὺς</span> <span class='ocrx_word' id='word_1_362' title='bbox 657 2921 1014 2990; x_wconf 75' lang='grc' dir='ltr'>ἀνελάμϐανεν</span> <span class='ocrx_word' id='word_1_363' title='bbox 1052 2923 1079 2974; x_wconf 87' lang='grc' dir='ltr'><strong><em>ό</em></strong></span> <span class='ocrx_word' id='word_1_364' title='bbox 1121 2924 1274 2986; x_wconf 80' lang='grc' dir='ltr'>Θεός’</span> <span class='ocrx_word' id='word_1_365' title='bbox 1341 2925 1429 2976; x_wconf 76' lang='grc' dir='ltr'><strong><em>καὶ</em></strong></span> <span class='ocrx_word' id='word_1_366' title='bbox 1469 2926 1600 2994; x_wconf 83' lang='grc' dir='ltr'>μετὰ</span> <span class='ocrx_word' id='word_1_367' title='bbox 1630 2926 1794 2977; x_wconf 84' lang='grc' dir='ltr'>ταῦτα</span> 
     </span>
    </p>
   </div>
   <div class='ocr_carea' id='block_1_47' title="bbox 248 3007 1793 3081">
    <p class='ocr_par' dir='ltr' id='par_1_47' title="bbox 248 3007 1793 3081">
     <span class='ocr_line' id='line_1_47' title="bbox 248 3007 1793 3081; baseline 0.003 -23"><span class='ocrx_word' id='word_1_368' title='bbox 248 3009 421 3062; x_wconf 74' lang='grc' dir='ltr'>πάλιν</span> <span class='ocrx_word' id='word_1_369' title='bbox 442 3007 884 3078; x_wconf 80' lang='grc' dir='ltr'>παρανομοῦντας</span> <span class='ocrx_word' id='word_1_370' title='bbox 901 3009 1174 3075; x_wconf 85' lang='grc' dir='ltr'>παρεδίδου</span> <span class='ocrx_word' id='word_1_371' title='bbox 1192 3010 1455 3079; x_wconf 86' lang='grc' dir='ltr'>πολεμίοις</span> <span class='ocrx_word' id='word_1_372' title='bbox 1472 3012 1686 3081; x_wconf 82' lang='grc' dir='ltr'>ἑτέροις,</span> <span class='ocrx_word' id='word_1_373' title='bbox 1708 3012 1793 3064; x_wconf 81' lang='grc' dir='ltr'><strong><em>καὶ</em></strong></span> 
     </span>
    </p>
   </div>
   <div class='ocr_carea' id='block_1_48' title="bbox 247 3091 1866 3162">
    <p class='ocr_par' dir='ltr' id='par_1_48' title="bbox 247 3091 1866 3162">
     <span class='ocr_line' id='line_1_48' title="bbox 247 3091 1866 3162; baseline 0.001 -11"><span class='ocrx_word' id='word_1_374' title='bbox 247 3095 415 3160; x_wconf 77' lang='grc' dir='ltr'>αὖθις</span> <span class='ocrx_word' id='word_1_375' title='bbox 441 3099 732 3150; x_wconf 78' lang='grc' dir='ltr'>ἀνεκτᾶτο·</span> <span class='ocrx_word' id='word_1_376' title='bbox 761 3097 1005 3150; x_wconf 72' lang='grc' dir='ltr'>οὐδέποτε</span> <span class='ocrx_word' id='word_1_377' title='bbox 1033 3097 1086 3149; x_wconf 82' lang='grc' dir='ltr'>δὲ</span> <span class='ocrx_word' id='word_1_378' title='bbox 1119 3100 1307 3161; x_wconf 79' lang='grc' dir='ltr'>αὐτοὺς</span> <span class='ocrx_word' id='word_1_379' title='bbox 1334 3100 1593 3152; x_wconf 88' lang='grc' dir='ltr'>ἁπωθεῖτο</span> <span class='ocrx_word' id='word_1_380' title='bbox 1615 3103 1691 3162; x_wconf 81' lang='grc' dir='ltr'><strong><em>είς</em></strong></span> <span class='ocrx_word' id='word_1_381' title='bbox 1712 3101 1798 3152; x_wconf 81' lang='grc' dir='ltr'>τέ·</span> <span class='ocrx_word' id='word_1_382' title='bbox 1825 3091 1866 3146; x_wconf 82' lang='lat' dir='ltr'><strong><em>C</em></strong></span> 
     </span>
    </p>
   </div>
   <div class='ocr_carea' id='block_1_49' title="bbox 246 3187 1794 3259">
    <p class='ocr_par' dir='ltr' id='par_1_49' title="bbox 246 3187 1794 3259">
     <span class='ocr_line' id='line_1_49' title="bbox 246 3187 1794 3259; baseline 0.002 -20"><span class='ocrx_word' id='word_1_383' title='bbox 246 3187 340 3250; x_wconf 84' lang='grc' dir='ltr'><strong><em>λος</em></strong></span> <span class='ocrx_word' id='word_1_384' title='bbox 359 3227 377 3250; x_wconf 94' lang='grc'><strong><em>,</em></strong></span> <span class='ocrx_word' id='word_1_385' title='bbox 424 3187 564 3257; x_wconf 83' lang='grc' dir='ltr'>πρὸς</span> <span class='ocrx_word' id='word_1_386' title='bbox 591 3187 791 3257; x_wconf 79' lang='grc' dir='ltr'>βραχὺν</span> <span class='ocrx_word' id='word_1_387' title='bbox 823 3187 879 3240; x_wconf 86' lang='grc' dir='ltr'><strong><em>δέ</em></strong></span> <span class='ocrx_word' id='word_1_388' title='bbox 905 3203 1021 3238; x_wconf 86' lang='grc' dir='ltr'>τινα</span> <span class='ocrx_word' id='word_1_389' title='bbox 1046 3188 1228 3258; x_wconf 73' lang='grc' dir='ltr'>καιρὸν</span> <span class='ocrx_word' id='word_1_390' title='bbox 1250 3191 1581 3258; x_wconf 76' lang='grc' dir='ltr'>ἐπιστρέφων</span> <span class='ocrx_word' id='word_1_391' title='bbox 1609 3191 1794 3259; x_wconf 80' lang='grc' dir='ltr'>ἐνῆγεν</span> 
     </span>
    </p>
   </div>
   <div class='ocr_carea' id='block_1_50' title="bbox 247 3275 1793 3347">
    <p class='ocr_par' dir='ltr' id='par_1_50' title="bbox 247 3275 1793 3347">
     <span class='ocr_line' id='line_1_50' title="bbox 247 3275 1793 3347; baseline -0.001 -17"><span class='ocrx_word' id='word_1_392' title='bbox 247 3279 331 3340; x_wconf 81' lang='grc' dir='ltr'><strong><em>είς</em></strong></span> <span class='ocrx_word' id='word_1_393' title='bbox 364 3277 662 3345; x_wconf 80' lang='grc' dir='ltr'>σωτηρίαν.</span> <span class='ocrx_word' id='word_1_394' title='bbox 699 3277 847 3331; x_wconf 71' lang='grc' dir='ltr'>Μετὰ</span> <span class='ocrx_word' id='word_1_395' title='bbox 874 3275 929 3327; x_wconf 84' lang='grc' dir='ltr'>δὲ</span> <span class='ocrx_word' id='word_1_396' title='bbox 955 3275 1013 3328; x_wconf 77' lang='grc' dir='ltr'><strong><em>τὸ</em></strong></span> <span class='ocrx_word' id='word_1_397' title='bbox 1038 3277 1172 3330; x_wconf 81' lang='grc' dir='ltr'>κατὰ</span> <span class='ocrx_word' id='word_1_398' title='bbox 1201 3278 1291 3329; x_wconf 87' lang='grc' dir='ltr'><strong><em>τοῦ</em></strong></span> <span class='ocrx_word' id='word_1_399' title='bbox 1325 3279 1565 3347; x_wconf 75' lang='grc' dir='ltr'>Σωτῆρος</span> <span class='ocrx_word' id='word_1_400' title='bbox 1599 3278 1793 3347; x_wconf 89' lang='grc' dir='ltr'>τολμη-</span> 
     </span>
    </p>
   </div>
   <div class='ocr_carea' id='block_1_51' title="bbox 249 3366 1796 3434">
    <p class='ocr_par' dir='ltr' id='par_1_51' title="bbox 249 3366 1796 3434">
     <span class='ocr_line' id='line_1_51' title="bbox 249 3366 1796 3434; baseline -0.003 -11"><span class='ocrx_word' id='word_1_401' title='bbox 249 3370 343 3423; x_wconf 72' lang='grc' dir='ltr'>θὲν</span> <span class='ocrx_word' id='word_1_402' title='bbox 374 3369 563 3429; x_wconf 82' lang='grc' dir='ltr'>αὐτοῖς</span> <span class='ocrx_word' id='word_1_403' title='bbox 590 3367 718 3432; x_wconf 81' lang='grc' dir='ltr'>ἄγος</span> <span class='ocrx_word' id='word_1_404' title='bbox 742 3366 1000 3433; x_wconf 57' lang='grc' dir='ltr'>ἔφθασεν</span> <span class='ocrx_word' id='word_1_405' title='bbox 1024 3369 1107 3429; x_wconf 85' lang='grc' dir='ltr'><strong><em>είς</em></strong></span> <span class='ocrx_word' id='word_1_406' title='bbox 1131 3367 1344 3430; x_wconf 72' lang='grc' dir='ltr'>αὐτοὺς</span> <span class='ocrx_word' id='word_1_407' title='bbox 1375 3368 1406 3432; x_wconf 77' lang='grc' dir='ltr'><strong><em>ὴ</em></strong></span> <span class='ocrx_word' id='word_1_408' title='bbox 1434 3368 1572 3434; x_wconf 75' lang='grc' dir='ltr'>ὀργὴ</span> <span class='ocrx_word' id='word_1_409' title='bbox 1599 3369 1684 3430; x_wconf 86' lang='grc' dir='ltr'>εὶς</span> <span class='ocrx_word' id='word_1_410' title='bbox 1710 3366 1796 3419; x_wconf 87' lang='grc' dir='ltr'><strong><em>τέ-</em></strong></span> 
     </span>
    </p>
   </div>
   <div class='ocr_carea' id='block_1_52' title="bbox 246 3454 1796 3525">
    <p class='ocr_par' dir='ltr' id='par_1_52' title="bbox 246 3454 1796 3525">
     <span class='ocr_line' id='line_1_52' title="bbox 246 3454 1796 3525; baseline -0.003 -14"><span class='ocrx_word' id='word_1_411' title='bbox 246 3462 382 3524; x_wconf 68' lang='grc' dir='ltr'>λος,</span> <span class='ocrx_word' id='word_1_412' title='bbox 399 3457 544 3509; x_wconf 73' lang='grc' dir='ltr'>κατὰ</span> <span class='ocrx_word' id='word_1_413' title='bbox 571 3456 667 3525; x_wconf 80' lang='grc' dir='ltr'>τὴν</span> <span class='ocrx_word' id='word_1_414' title='bbox 695 3455 1041 3525; x_wconf 82' lang='grc' dir='ltr'>ἀποστολικὴν</span> <span class='ocrx_word' id='word_1_415' title='bbox 1061 3454 1290 3525; x_wconf 76' lang='grc' dir='ltr'>Γραφὴν,</span> <span class='ocrx_word' id='word_1_416' title='bbox 1312 3455 1383 3516; x_wconf 81' lang='grc' dir='ltr'>ὡς</span> <span class='ocrx_word' id='word_1_417' title='bbox 1403 3455 1459 3517; x_wconf 80' lang='grc' dir='ltr'>ἐξ</span> <span class='ocrx_word' id='word_1_418' title='bbox 1480 3456 1675 3508; x_wconf 86' lang='grc' dir='ltr'>ἐκείνου</span> <span class='ocrx_word' id='word_1_419' title='bbox 1705 3457 1796 3508; x_wconf 71' lang='grc' dir='ltr'>καὶ</span> 
     </span>
    </p>
   </div>
   <div class='ocr_carea' id='block_1_53' title="bbox 248 3544 1795 3616">
    <p class='ocr_par' dir='ltr' id='par_1_53' title="bbox 248 3544 1795 3616">
     <span class='ocr_line' id='line_1_53' title="bbox 248 3544 1795 3616; baseline -0.005 -15"><span class='ocrx_word' id='word_1_420' title='bbox 248 3550 330 3610; x_wconf 85' lang='grc' dir='ltr'><strong><em>είς</em></strong></span> <span class='ocrx_word' id='word_1_421' title='bbox 351 3546 518 3615; x_wconf 89' lang='grc' dir='ltr'>δεῦρο</span> <span class='ocrx_word' id='word_1_422' title='bbox 536 3544 722 3616; x_wconf 82' lang='grc' dir='ltr'>μηκέτ’</span> <span class='ocrx_word' id='word_1_423' title='bbox 745 3545 940 3615; x_wconf 80' lang='grc' dir='ltr'>ἐπᾶραι</span> <span class='ocrx_word' id='word_1_424' title='bbox 960 3544 1190 3613; x_wconf 77' lang='grc' dir='ltr'>κεφαλὴν</span> <span class='ocrx_word' id='word_1_425' title='bbox 1212 3544 1418 3605; x_wconf 77' lang='grc' dir='ltr'>αὐτούς.</span> <span class='ocrx_word' id='word_1_426' title='bbox 1453 3546 1513 3595; x_wconf 89' lang='grc' dir='ltr'><strong>Ὃ</strong></span> <span class='ocrx_word' id='word_1_427' title='bbox 1529 3545 1590 3614; x_wconf 75' lang='grc' dir='ltr'>δὴ</span> <span class='ocrx_word' id='word_1_428' title='bbox 1609 3545 1795 3613; x_wconf 85' lang='grc' dir='ltr'>σημαί-</span> 
     </span>
    </p>
   </div>
   <div class='ocr_carea' id='block_1_54' title="bbox 247 3633 1850 3704">
    <p class='ocr_par' dir='ltr' id='par_1_54' title="bbox 247 3633 1850 3704">
     <span class='ocr_line' id='line_1_54' title="bbox 247 3633 1850 3704; baseline -0.002 -15"><span class='ocrx_word' id='word_1_429' title='bbox 247 3653 419 3689; x_wconf 81' lang='grc' dir='ltr'>νουσα</span> <span class='ocrx_word' id='word_1_430' title='bbox 451 3637 487 3702; x_wconf 86' lang='grc' dir='ltr'>ἡ</span> <span class='ocrx_word' id='word_1_431' title='bbox 522 3633 822 3704; x_wconf 72' lang='grc' dir='ltr'>προφητεία</span> <span class='ocrx_word' id='word_1_432' title='bbox 877 3633 1034 3701; x_wconf 78' lang='grc' dir='ltr'>φησίν</span> <span class='ocrx_word' id='word_1_433' title='bbox 1052 3649 1064 3662; x_wconf 85' lang='grc'><strong>·</strong></span> <span class='ocrx_word' id='word_1_434' title='bbox 1123 3633 1308 3693; x_wconf 85' lang='grc' dir='ltr'>Ἰνατί,</span> <span class='ocrx_word' id='word_1_435' title='bbox 1335 3637 1366 3686; x_wconf 80' lang='grc' dir='ltr'><em>ὀ</em></span> <span class='ocrx_word' id='word_1_436' title='bbox 1388 3634 1518 3696; x_wconf 65' lang='grc' dir='ltr'>Θεέ-ς</span> <span class='ocrx_word' id='word_1_437' title='bbox 1543 3672 1556 3693; x_wconf 87' lang='grc'><strong><em>,</em></strong></span> <span class='ocrx_word' id='word_1_438' title='bbox 1584 3634 1796 3686; x_wconf 75' lang='grc' dir='ltr'>ἀπώσω</span> <span class='ocrx_word' id='word_1_439' title='bbox 1847 3693 1850 3698; x_wconf 44' lang='grc'><strong><em>,</em></strong></span> 
     </span>
    </p>
   </div>
   <div class='ocr_carea' id='block_1_55' title="bbox 245 3722 1794 3792">
    <p class='ocr_par' dir='ltr' id='par_1_55' title="bbox 245 3722 1794 3792">
     <span class='ocr_line' id='line_1_55' title="bbox 245 3722 1794 3792; baseline -0.005 -13"><span class='ocrx_word' id='word_1_440' title='bbox 245 3728 336 3789; x_wconf 85' lang='grc' dir='ltr'>εις</span> <span class='ocrx_word' id='word_1_441' title='bbox 368 3723 586 3785; x_wconf 75' lang='grc' dir='ltr'>τέλος;</span> <span class='ocrx_word' id='word_1_442' title='bbox 608 3723 1028 3790; x_wconf 77' lang='grc' dir='ltr'>Σεσιωπημένως</span> <span class='ocrx_word' id='word_1_443' title='bbox 1059 3722 1111 3774; x_wconf 81' lang='grc' dir='ltr'>δὲ</span> <span class='ocrx_word' id='word_1_444' title='bbox 1133 3723 1159 3773; x_wconf 80' lang='grc' dir='ltr'>ὁ</span> <span class='ocrx_word' id='word_1_445' title='bbox 1186 3722 1338 3788; x_wconf 79' lang='grc' dir='ltr'>λόγος</span> <span class='ocrx_word' id='word_1_446' title='bbox 1364 3722 1448 3774; x_wconf 77' lang='grc' dir='ltr'>διὰ</span> <span class='ocrx_word' id='word_1_447' title='bbox 1471 3723 1564 3791; x_wconf 85' lang='grc' dir='ltr'><strong><em>τῆς</em></strong></span> <span class='ocrx_word' id='word_1_448' title='bbox 1593 3724 1794 3792; x_wconf 75' lang='grc' dir='ltr'>ἐρωτή-</span> 
     </span>
    </p>
   </div>
   <div class='ocr_carea' id='block_1_56' title="bbox 250 3810 1793 3883">
    <p class='ocr_par' dir='ltr' id='par_1_56' title="bbox 250 3810 1793 3883">
     <span class='ocr_line' id='line_1_56' title="bbox 250 3810 1793 3883; baseline 0.003 -22"><span class='ocrx_word' id='word_1_449' title='bbox 250 3831 390 3876; x_wconf 86' lang='grc' dir='ltr'>σεως</span> <span class='ocrx_word' id='word_1_450' title='bbox 407 3813 632 3883; x_wconf 73' lang='grc' dir='ltr'>ᾐνίξατο</span> <span class='ocrx_word' id='word_1_451' title='bbox 655 3813 748 3880; x_wconf 77' lang='grc' dir='ltr'>τὴν</span> <span class='ocrx_word' id='word_1_452' title='bbox 764 3812 896 3864; x_wconf 76' lang='grc' dir='ltr'>κατὰ</span> <span class='ocrx_word' id='word_1_453' title='bbox 911 3810 997 3864; x_wconf 87' lang='grc' dir='ltr'><strong><em>τοῦ</em></strong></span> <span class='ocrx_word' id='word_1_454' title='bbox 1014 3812 1256 3881; x_wconf 82' lang='grc' dir='ltr'>Σωτῆρος</span> <span class='ocrx_word' id='word_1_455' title='bbox 1278 3813 1308 3882; x_wconf 77' lang='grc' dir='ltr'>ἡ</span> <span class='ocrx_word' id='word_1_456' title='bbox 1317 3810 1426 3879; x_wconf 81' lang='grc' dir='ltr'>μῶν</span> <span class='ocrx_word' id='word_1_457' title='bbox 1448 3810 1655 3882; x_wconf 80' lang='grc' dir='ltr'>πρᾶξιν,</span> <span class='ocrx_word' id='word_1_458' title='bbox 1681 3812 1793 3880; x_wconf 87' lang='grc' dir='ltr'>μεθ’</span> 
     </span>
    </p>
   </div>
   <div class='ocr_carea' id='block_1_57' title="bbox 246 3893 1794 3974">
    <p class='ocr_par' dir='ltr' id='par_1_57' title="bbox 246 3893 1794 3974">
     <span class='ocr_line' id='line_1_57' title="bbox 246 3893 1794 3974; baseline -0.003 -16"><span class='ocrx_word' id='word_1_459' title='bbox 246 3905 314 3974; x_wconf 74' lang='grc' dir='ltr'>ἢν</span> <span class='ocrx_word' id='word_1_460' title='bbox 347 3905 448 3956; x_wconf 85' lang='grc' dir='ltr'><strong><em>καί</em></strong></span> <span class='ocrx_word' id='word_1_461' title='bbox 473 3904 556 3963; x_wconf 82' lang='grc' dir='ltr'><strong><em>εἰς</em></strong></span> <span class='ocrx_word' id='word_1_462' title='bbox 583 3901 732 3962; x_wconf 84' lang='grc' dir='ltr'>τέλος</span> <span class='ocrx_word' id='word_1_463' title='bbox 751 3893 1154 3970; x_wconf 77' lang='grc' dir='ltr'>ἁπεόλήθησαν.’</span> <span class='ocrx_word' id='word_1_464' title='bbox 1174 3901 1334 3953; x_wconf 84' lang='grc' dir='ltr'>Τοῦτο</span> <span class='ocrx_word' id='word_1_465' title='bbox 1360 3901 1413 3951; x_wconf 81' lang='grc' dir='ltr'><strong><em>δέ</em></strong></span> <span class='ocrx_word' id='word_1_466' title='bbox 1443 3902 1530 3952; x_wconf 79' lang='grc' dir='ltr'><strong><em>καὶ</em></strong></span> <span class='ocrx_word' id='word_1_467' title='bbox 1560 3904 1586 3952; x_wconf 91' lang='grc' dir='ltr'>ὁ</span> <span class='ocrx_word' id='word_1_468' title='bbox 1612 3902 1794 3971; x_wconf 78' lang='grc' dir='ltr'>Σωτὴρ</span> 
     </span>
    </p>
   </div>
   <div class='ocr_carea' id='block_1_58' title="bbox 247 3991 1794 4061">
    <p class='ocr_par' dir='ltr' id='par_1_58' title="bbox 247 3991 1794 4061">
     <span class='ocr_line' id='line_1_58' title="bbox 247 3991 1794 4061; baseline -0.002 -14"><span class='ocrx_word' id='word_1_469' title='bbox 247 3996 416 4058; x_wconf 78' lang='grc' dir='ltr'>αὐτὸς</span> <span class='ocrx_word' id='word_1_470' title='bbox 446 3991 684 4061; x_wconf 87' lang='grc' dir='ltr'>παρίστη</span> <span class='ocrx_word' id='word_1_471' title='bbox 715 3991 910 4058; x_wconf 85' lang='grc' dir='ltr'>λέγων·</span> <span class='ocrx_word' id='word_1_472' title='bbox 947 3991 1200 4054; x_wconf 73' lang='grc' dir='ltr'>Ποσιίκις</span> <span class='ocrx_word' id='word_1_473' title='bbox 1229 3991 1489 4056; x_wconf 73' lang='grc' dir='ltr'>ἠθέλησα</span> <span class='ocrx_word' id='word_1_474' title='bbox 1514 3993 1794 4044; x_wconf 73' lang='grc' dir='ltr'>ἐπισυνα-</span> 
     </span>
    </p>
   </div>
   <div class='ocr_carea' id='block_1_59' title="bbox 247 4069 1798 4155">
    <p class='ocr_par' dir='ltr' id='par_1_59' title="bbox 247 4069 1798 4155">
     <span class='ocr_line' id='line_1_59' title="bbox 247 4069 1798 4155; baseline -0.002 -18"><span class='ocrx_word' id='word_1_475' title='bbox 247 4085 456 4155; x_wconf 68' lang='grc' dir='ltr'>γαγεῖν</span> <span class='ocrx_word' id='word_1_476' title='bbox 487 4084 560 4136; x_wconf 85' lang='grc' dir='ltr'><em>τὰ</em></span> <span class='ocrx_word' id='word_1_477' title='bbox 601 4082 778 4135; x_wconf 81' lang='grc' dir='ltr'>τέκνα</span> <span class='ocrx_word' id='word_1_478' title='bbox 816 4097 928 4134; x_wconf 91' lang='grc' dir='ltr'><strong><em>σου</em></strong></span> <span class='ocrx_word' id='word_1_479' title='bbox 950 4121 964 4143; x_wconf 89' lang='grc'><strong><em>,</em></strong></span> <span class='ocrx_word' id='word_1_480' title='bbox 999 4081 1066 4132; x_wconf 83' lang='grc' dir='ltr'><strong><em>ὃν</em></strong></span> <span class='ocrx_word' id='word_1_481' title='bbox 1092 4069 1304 4148; x_wconf 70' lang='grc' dir='ltr'>τρόπον</span> <span class='ocrx_word' id='word_1_482' title='bbox 1331 4083 1488 4148; x_wconf 76' lang='grc' dir='ltr'>ὄρνις</span> <span class='ocrx_word' id='word_1_483' title='bbox 1518 4081 1798 4134; x_wconf 79' lang='grc' dir='ltr'>ἐπισυνά-</span> 
     </span>
    </p>
   </div>
   <div class='ocr_carea' id='block_1_60' title="bbox 246 4171 1795 4245">
    <p class='ocr_par' dir='ltr' id='par_1_60' title="bbox 246 4171 1795 4245">
     <span class='ocr_line' id='line_1_60' title="bbox 246 4171 1795 4245; baseline -0.013 -15"><span class='ocrx_word' id='word_1_484' title='bbox 246 4194 336 4245; x_wconf 78' lang='grc' dir='ltr'><strong><em>γει</em></strong></span> <span class='ocrx_word' id='word_1_485' title='bbox 366 4175 441 4229; x_wconf 83' lang='grc' dir='ltr'><em>τὰ</em></span> <span class='ocrx_word' id='word_1_486' title='bbox 469 4176 692 4227; x_wconf 75' lang='grc' dir='ltr'>νοσσία</span> <span class='ocrx_word' id='word_1_487' title='bbox 722 4171 835 4224; x_wconf 81' lang='grc' dir='ltr'><strong><em>ὑπὸ</em></strong></span> <span class='ocrx_word' id='word_1_488' title='bbox 863 4171 964 4233; x_wconf 86' lang='grc' dir='ltr'><strong><em>τὰς</em></strong></span> <span class='ocrx_word' id='word_1_489' title='bbox 992 4173 1294 4238; x_wconf 76' lang='grc' dir='ltr'>πτέρυγας,</span> <span class='ocrx_word' id='word_1_490' title='bbox 1331 4174 1424 4224; x_wconf 80' lang='grc' dir='ltr'><strong><em>καὶ</em></strong></span> <span class='ocrx_word' id='word_1_491' title='bbox 1446 4174 1553 4224; x_wconf 68' lang='grc' dir='ltr'>οὐκ</span> <span class='ocrx_word' id='word_1_492' title='bbox 1586 4171 1795 4238; x_wconf 65' lang='grc' dir='ltr'>ἠθελή-</span> 
     </span>
    </p>
   </div>
   <div class='ocr_carea' id='block_1_61' title="bbox 245 4259 1796 4328">
    <p class='ocr_par' dir='ltr' id='par_1_61' title="bbox 245 4259 1796 4328">
     <span class='ocr_line' id='line_1_61' title="bbox 245 4259 1796 4328; baseline -0.005 -8"><span class='ocrx_word' id='word_1_493' title='bbox 245 4281 433 4327; x_wconf 84' lang='grc' dir='ltr'>σατε;</span> <span class='ocrx_word' id='word_1_494' title='bbox 470 4263 627 4317; x_wconf 80' lang='grc' dir='ltr'>Ἰδοὺ</span> <span class='ocrx_word' id='word_1_495' title='bbox 657 4262 880 4325; x_wconf 65' lang='grc' dir='ltr'>ἀφίεται</span> <span class='ocrx_word' id='word_1_496' title='bbox 904 4260 1040 4325; x_wconf 78' lang='grc' dir='ltr'><strong><em>ὑμῖν</em></strong></span> <span class='ocrx_word' id='word_1_497' title='bbox 1059 4263 1089 4312; x_wconf 88' lang='grc' dir='ltr'><strong><em>ό</em></strong></span> <span class='ocrx_word' id='word_1_498' title='bbox 1109 4261 1266 4324; x_wconf 75' lang='grc' dir='ltr'>οἶκος</span> <span class='ocrx_word' id='word_1_499' title='bbox 1284 4259 1443 4328; x_wconf 81' lang='grc' dir='ltr'>ὑμῶν</span> <span class='ocrx_word' id='word_1_500' title='bbox 1462 4261 1692 4328; x_wconf 74' lang='grc' dir='ltr'>ἕρημος.</span> <span class='ocrx_word' id='word_1_501' title='bbox 1725 4262 1796 4312; x_wconf 88' lang='grc' dir='ltr'>Τὸ</span> 
     </span>
    </p>
   </div>
   <div class='ocr_carea' id='block_1_62' title="bbox 247 4349 1797 4427">
    <p class='ocr_par' dir='ltr' id='par_1_62' title="bbox 247 4349 1797 4427">
     <span class='ocr_line' id='line_1_62' title="bbox 247 4349 1797 4427; baseline -0.008 -16"><span class='ocrx_word' id='word_1_502' title='bbox 247 4358 389 4427; x_wconf 73' lang='grc' dir='ltr'>γὰρ,</span> <span class='ocrx_word' id='word_1_503' title='bbox 418 4353 686 4416; x_wconf 70' lang='grc' dir='ltr'>Ποσάιιις</span> <span class='ocrx_word' id='word_1_504' title='bbox 715 4350 995 4416; x_wconf 75' lang='grc' dir='ltr'>ἠθέλησα,</span> <span class='ocrx_word' id='word_1_505' title='bbox 1019 4349 1164 4416; x_wconf 78' lang='grc' dir='ltr'>δηλοῖ</span> <span class='ocrx_word' id='word_1_506' title='bbox 1190 4350 1286 4418; x_wconf 84' lang='grc' dir='ltr'>τὴν</span> <span class='ocrx_word' id='word_1_507' title='bbox 1310 4350 1495 4419; x_wconf 81' lang='grc' dir='ltr'>μακρῷ</span> <span class='ocrx_word' id='word_1_508' title='bbox 1516 4351 1686 4419; x_wconf 85' lang='grc' dir='ltr'>χρόνῳ</span> <span class='ocrx_word' id='word_1_509' title='bbox 1715 4353 1797 4402; x_wconf 83' lang='grc' dir='ltr'>ἐν-</span> 
     </span>
    </p>
   </div>
   <div class='ocr_carea' id='block_1_63' title="bbox 243 4438 1794 4510">
    <p class='ocr_par' dir='ltr' id='par_1_63' title="bbox 243 4438 1794 4510">
     <span class='ocr_line' id='line_1_63' title="bbox 243 4438 1794 4510; baseline -0.008 -9"><span class='ocrx_word' id='word_1_510' title='bbox 243 4447 497 4500; x_wconf 79' lang='grc' dir='ltr'>δοθεῖσαν</span> <span class='ocrx_word' id='word_1_511' title='bbox 531 4443 712 4503; x_wconf 72' lang='grc' dir='ltr'>αὖτοῖς</span> <span class='ocrx_word' id='word_1_512' title='bbox 731 4438 1122 4510; x_wconf 83' lang='grc' dir='ltr'>μακροθυμίαν·</span> <span class='ocrx_word' id='word_1_513' title='bbox 1155 4439 1213 4491; x_wconf 79' lang='grc' dir='ltr'>τὸ</span> <span class='ocrx_word' id='word_1_514' title='bbox 1237 4439 1310 4500; x_wconf 83' lang='grc' dir='ltr'>δὲ,</span> <span class='ocrx_word' id='word_1_515' title='bbox 1337 4440 1431 4491; x_wconf 76' lang='grc' dir='ltr'><strong><em>καὶ</em></strong></span> <span class='ocrx_word' id='word_1_516' title='bbox 1461 4441 1566 4492; x_wconf 74' lang='grc' dir='ltr'>οὐκ</span> <span class='ocrx_word' id='word_1_517' title='bbox 1587 4438 1794 4506; x_wconf 72' lang='grc' dir='ltr'>ἠθελή-</span> 
     </span>
    </p>
   </div>
   <div class='ocr_carea' id='block_1_64' title="bbox 245 4526 1792 4600">
    <p class='ocr_par' dir='ltr' id='par_1_64' title="bbox 245 4526 1792 4600">
     <span class='ocr_line' id='line_1_64' title="bbox 245 4526 1792 4600; baseline -0.005 -12"><span class='ocrx_word' id='word_1_518' title='bbox 245 4551 398 4587; x_wconf 85' lang='grc' dir='ltr'>σατε</span> <span class='ocrx_word' id='word_1_519' title='bbox 417 4572 433 4594; x_wconf 89' lang='grc'><strong><em>,</em></strong></span> <span class='ocrx_word' id='word_1_520' title='bbox 482 4527 881 4600; x_wconf 81' lang='grc' dir='ltr'>παραστατικὸν</span> <span class='ocrx_word' id='word_1_521' title='bbox 913 4526 976 4578; x_wconf 82' lang='grc' dir='ltr'>ἂν</span> <span class='ocrx_word' id='word_1_522' title='bbox 1006 4528 1206 4593; x_wconf 85' lang='grc' dir='ltr'>γένοιτο</span> <span class='ocrx_word' id='word_1_523' title='bbox 1234 4527 1326 4596; x_wconf 87' lang='grc' dir='ltr'><strong><em>τῆς</em></strong></span> <span class='ocrx_word' id='word_1_524' title='bbox 1360 4528 1586 4597; x_wconf 80' lang='grc' dir='ltr'>ὑστάτης</span> <span class='ocrx_word' id='word_1_525' title='bbox 1622 4529 1792 4581; x_wconf 80' lang='grc' dir='ltr'>αὐτῶν</span> 
     </span>
    </p>
   </div>
   <div class='ocr_carea' id='block_1_65' title="bbox 247 4613 1792 4687">
    <p class='ocr_par' dir='ltr' id='par_1_65' title="bbox 247 4613 1792 4687">
     <span class='ocr_line' id='line_1_65' title="bbox 247 4613 1792 4687; baseline -0.01 -13"><span class='ocrx_word' id='word_1_526' title='bbox 247 4619 551 4687; x_wconf 76' lang='grc' dir='ltr'>ἀποϐολῆς,</span> <span class='ocrx_word' id='word_1_527' title='bbox 574 4618 662 4668; x_wconf 77' lang='grc' dir='ltr'>ὅτε</span> <span class='ocrx_word' id='word_1_528' title='bbox 683 4616 774 4666; x_wconf 73' lang='grc' dir='ltr'>καὶ</span> <span class='ocrx_word' id='word_1_529' title='bbox 799 4613 1034 4683; x_wconf 84' lang='grc' dir='ltr'>ὠργίσθη</span> <span class='ocrx_word' id='word_1_530' title='bbox 1065 4615 1092 4664; x_wconf 83' lang='grc' dir='ltr'>ὁ</span> <span class='ocrx_word' id='word_1_531' title='bbox 1120 4614 1283 4681; x_wconf 88' lang='grc' dir='ltr'>θυμὸς</span> <span class='ocrx_word' id='word_1_532' title='bbox 1308 4615 1464 4666; x_wconf 77' lang='grc' dir='ltr'>αὑτοῦ</span> <span class='ocrx_word' id='word_1_533' title='bbox 1488 4617 1577 4668; x_wconf 79' lang='grc' dir='ltr'>ἐπὶ</span> <span class='ocrx_word' id='word_1_534' title='bbox 1604 4615 1669 4667; x_wconf 81' lang='grc' dir='ltr'><strong><em>τὰ</em></strong></span> <span class='ocrx_word' id='word_1_535' title='bbox 1691 4615 1792 4667; x_wconf 80' lang='grc' dir='ltr'><strong><em>πά-</em></strong></span> 
     </span>
    </p>
   </div>
   <div class='ocr_carea' id='block_1_66' title="bbox 245 4701 1792 4778">
    <p class='ocr_par' dir='ltr' id='par_1_66' title="bbox 245 4701 1792 4778">
     <span class='ocr_line' id='line_1_66' title="bbox 245 4701 1792 4778; baseline -0.006 -14"><span class='ocrx_word' id='word_1_536' title='bbox 245 4711 340 4764; x_wconf 77' lang='grc' dir='ltr'><strong><em>λαι</em></strong></span> <span class='ocrx_word' id='word_1_537' title='bbox 368 4710 639 4778; x_wconf 86' lang='grc' dir='ltr'>γενόμενα</span> <span class='ocrx_word' id='word_1_538' title='bbox 667 4704 906 4774; x_wconf 61' lang='lat' dir='ltr'><strong><em>trp/26am</em></strong></span> <span class='ocrx_word' id='word_1_539' title='bbox 934 4703 1096 4772; x_wconf 87' lang='grc' dir='ltr'>νομῆς</span> <span class='ocrx_word' id='word_1_540' title='bbox 1125 4701 1302 4754; x_wconf 84' lang='grc' dir='ltr'>αὑτοῦ.</span> <span class='ocrx_word' id='word_1_541' title='bbox 1347 4702 1496 4769; x_wconf 79' lang='grc' dir='ltr'>Ἑξῆς</span> <span class='ocrx_word' id='word_1_542' title='bbox 1513 4704 1570 4755; x_wconf 82' lang='grc' dir='ltr'>δὲ</span> <span class='ocrx_word' id='word_1_543' title='bbox 1591 4705 1618 4755; x_wconf 88' lang='grc' dir='ltr'>ὁ</span> <span class='ocrx_word' id='word_1_544' title='bbox 1641 4703 1792 4770; x_wconf 86' lang='grc' dir='ltr'>λόγος</span> 
     </span>
    </p>
   </div>
   <div class='ocr_carea' id='block_1_67' title="bbox 252 4786 1788 4864">
    <p class='ocr_par' dir='ltr' id='par_1_67' title="bbox 252 4786 1788 4864">
     <span class='ocr_line' id='line_1_67' title="bbox 252 4786 1788 4864; baseline -0.012 -16"><span class='ocrx_word' id='word_1_545' title='bbox 252 4793 542 4864; x_wconf 76' lang='grc' dir='ltr'>ἱκετηρίαν</span> <span class='ocrx_word' id='word_1_546' title='bbox 569 4789 828 4859; x_wconf 85' lang='grc' dir='ltr'>προσάγει</span> <span class='ocrx_word' id='word_1_547' title='bbox 849 4788 1016 4854; x_wconf 81' lang='grc' dir='ltr'>λέγων</span> <span class='ocrx_word' id='word_1_548' title='bbox 1034 4803 1047 4817; x_wconf 65' lang='grc' dir='ltr'>ν</span> <span class='ocrx_word' id='word_1_549' title='bbox 1074 4786 1374 4851; x_wconf 78' lang='grc' dir='ltr'>Μνήσθητι</span> <span class='ocrx_word' id='word_1_550' title='bbox 1399 4787 1502 4854; x_wconf 80' lang='grc' dir='ltr'><strong><em>τῆς</em></strong></span> <span class='ocrx_word' id='word_1_551' title='bbox 1526 4803 1788 4859; x_wconf 70' lang='grc' dir='ltr'>συναγω-</span> 
     </span>
    </p>
   </div>
   <div class='ocr_carea' id='block_1_68' title="bbox 249 4875 1794 4954">
    <p class='ocr_par' dir='ltr' id='par_1_68' title="bbox 249 4875 1794 4954">
     <span class='ocr_line' id='line_1_68' title="bbox 249 4875 1794 4954; baseline -0.01 -18"><span class='ocrx_word' id='word_1_552' title='bbox 249 4885 365 4954; x_wconf 75' lang='grc' dir='ltr'><strong><em>τνῆς</em></strong></span> <span class='ocrx_word' id='word_1_553' title='bbox 407 4898 550 4944; x_wconf 89' lang='grc' dir='ltr'>σου,</span> <span class='ocrx_word' id='word_1_554' title='bbox 572 4876 646 4948; x_wconf 81' lang='grc' dir='ltr'>ἧς</span> <span class='ocrx_word' id='word_1_555' title='bbox 671 4879 899 4944; x_wconf 76' lang='grc' dir='ltr'>ἐκτήσω</span> <span class='ocrx_word' id='word_1_556' title='bbox 925 4878 1022 4929; x_wconf 79' lang='grc' dir='ltr'><strong><em>ἀπ’</em></strong></span> <span class='ocrx_word' id='word_1_557' title='bbox 1051 4875 1254 4942; x_wconf 80' lang='grc' dir='ltr'>ἀρχῆς.</span> <span class='ocrx_word' id='word_1_558' title='bbox 1289 4877 1493 4945; x_wconf 75' lang='grc' dir='ltr'>Σφόδρα</span> <span class='ocrx_word' id='word_1_559' title='bbox 1522 4878 1577 4930; x_wconf 77' lang='grc' dir='ltr'>δὲ</span> <span class='ocrx_word' id='word_1_560' title='bbox 1602 4879 1794 4931; x_wconf 82' lang='grc' dir='ltr'><strong><em>καταλ-</em></strong></span> 
     </span>
    </p>
   </div>
   <div class='ocr_carea' id='block_1_69' title="bbox 249 4965 1792 5044">
    <p class='ocr_par' dir='ltr' id='par_1_69' title="bbox 249 4965 1792 5044">
     <span class='ocr_line' id='line_1_69' title="bbox 249 4965 1792 5044; baseline -0.003 -20"><span class='ocrx_word' id='word_1_561' title='bbox 249 4973 428 5044; x_wconf 74' lang='grc' dir='ltr'>ληλως</span> <span class='ocrx_word' id='word_1_562' title='bbox 467 4969 783 5036; x_wconf 82' lang='grc' dir='ltr'>συναγωγῆς</span> <span class='ocrx_word' id='word_1_563' title='bbox 811 4965 1170 5034; x_wconf 84' lang='grc' dir='ltr'>ἐμνημόνευσε</span> <span class='ocrx_word' id='word_1_564' title='bbox 1189 5001 1204 5025; x_wconf 91' lang='grc'><strong><em>,</em></strong></span> <span class='ocrx_word' id='word_1_565' title='bbox 1238 4965 1328 5016; x_wconf 76' lang='grc' dir='ltr'>καὶ</span> <span class='ocrx_word' id='word_1_566' title='bbox 1368 4966 1574 5034; x_wconf 82' lang='grc' dir='ltr'>πρῶτον</span> <span class='ocrx_word' id='word_1_567' title='bbox 1615 4970 1792 5037; x_wconf 87' lang='grc' dir='ltr'>κτῆμα</span> 
     </span>
    </p>
   </div>
   <div class='ocr_carea' id='block_1_70' title="bbox 249 5053 1791 5128">
    <p class='ocr_par' dir='ltr' id='par_1_70' title="bbox 249 5053 1791 5128">
     <span class='ocr_line' id='line_1_70' title="bbox 249 5053 1791 5128; baseline -0.003 -14"><span class='ocrx_word' id='word_1_568' title='bbox 249 5063 344 5116; x_wconf 84' lang='grc' dir='ltr'><strong><em>τοῦ</em></strong></span> <span class='ocrx_word' id='word_1_569' title='bbox 378 5061 518 5114; x_wconf 86' lang='grc' dir='ltr'>Θεοῦ</span> <span class='ocrx_word' id='word_1_570' title='bbox 552 5076 711 5128; x_wconf 80' lang='grc' dir='ltr'>φησιν</span> <span class='ocrx_word' id='word_1_571' title='bbox 743 5057 908 5126; x_wconf 80' lang='grc' dir='ltr'>αὐτὴν</span> <span class='ocrx_word' id='word_1_572' title='bbox 939 5053 1207 5122; x_wconf 83' lang='grc' dir='ltr'>γεγονέναι</span> <span class='ocrx_word' id='word_1_573' title='bbox 1233 5069 1245 5082; x_wconf 78' lang='grc'><strong>”</strong></span> <span class='ocrx_word' id='word_1_574' title='bbox 1275 5053 1367 5104; x_wconf 76' lang='grc' dir='ltr'>ἅτε</span> <span class='ocrx_word' id='word_1_575' title='bbox 1395 5055 1547 5118; x_wconf 78' lang='grc' dir='ltr'>εἰδὼς</span> <span class='ocrx_word' id='word_1_576' title='bbox 1576 5058 1668 5108; x_wconf 72' lang='grc' dir='ltr'>καὶ</span> <span class='ocrx_word' id='word_1_577' title='bbox 1695 5059 1791 5126; x_wconf 80' lang='grc' dir='ltr'>τὴν</span> 
     </span>
    </p>
   </div>
   <div class='ocr_carea' id='block_1_71' title="bbox 255 5140 1788 5220">
    <p class='ocr_par' dir='ltr' id='par_1_71' title="bbox 255 5140 1788 5220">
     <span class='ocr_line' id='line_1_71' title="bbox 255 5140 1788 5220; baseline -0.005 -15"><span class='ocrx_word' id='word_1_578' title='bbox 255 5151 330 5220; x_wconf 75' lang='grc' dir='ltr'>μὴ</span> <span class='ocrx_word' id='word_1_579' title='bbox 355 5152 416 5216; x_wconf 82' lang='grc' dir='ltr'>ἐξ</span> <span class='ocrx_word' id='word_1_580' title='bbox 444 5149 637 5219; x_wconf 80' lang='grc' dir='ltr'>ἀρχῆς,</span> <span class='ocrx_word' id='word_1_581' title='bbox 659 5147 768 5199; x_wconf 87' lang='grc' dir='ltr'>ἀλλ’</span> <span class='ocrx_word' id='word_1_582' title='bbox 800 5144 1017 5213; x_wconf 80' lang='grc' dir='ltr'>ὕστερον</span> <span class='ocrx_word' id='word_1_583' title='bbox 1044 5140 1174 5211; x_wconf 86' lang='grc' dir='ltr'>μετὰ</span> <span class='ocrx_word' id='word_1_584' title='bbox 1200 5140 1295 5208; x_wconf 81' lang='grc' dir='ltr'><strong><em>τὴν</em></strong></span> <span class='ocrx_word' id='word_1_585' title='bbox 1316 5141 1623 5196; x_wconf 80' lang='grc' dir='ltr'>ἀπόπτωσιν</span> <span class='ocrx_word' id='word_1_586' title='bbox 1648 5148 1788 5199; x_wconf 86' lang='grc' dir='ltr'>ὲκεί-</span> 
     </span>
    </p>
   </div>
   <div class='ocr_carea' id='block_1_72' title="bbox 251 5230 1783 5310">
    <p class='ocr_par' dir='ltr' id='par_1_72' title="bbox 251 5230 1783 5310">
     <span class='ocr_line' id='line_1_72' title="bbox 251 5230 1783 5310; baseline -0.003 -17"><span class='ocrx_word' id='word_1_587' title='bbox 251 5259 348 5310; x_wconf 88' lang='grc' dir='ltr'><strong><em>νης</em></strong></span> <span class='ocrx_word' id='word_1_588' title='bbox 377 5241 440 5306; x_wconf 78' lang='grc' dir='ltr'>ἐξ</span> <span class='ocrx_word' id='word_1_589' title='bbox 483 5237 735 5290; x_wconf 75' lang='grc' dir='ltr'>ἁπάντων</span> <span class='ocrx_word' id='word_1_590' title='bbox 775 5234 880 5287; x_wconf 85' lang='grc' dir='ltr'><strong><em>τῶν</em></strong></span> <span class='ocrx_word' id='word_1_591' title='bbox 915 5233 1077 5285; x_wconf 81' lang='grc' dir='ltr'>ἐθνῶν</span> <span class='ocrx_word' id='word_1_592' title='bbox 1109 5230 1404 5282; x_wconf 76' lang='grc' dir='ltr'>ὑποστᾶσαν</span> <span class='ocrx_word' id='word_1_593' title='bbox 1449 5233 1783 5304; x_wconf 82' lang='grc' dir='ltr'>Ἐκκλησίαν.</span> 
     </span>
    </p>
   </div>
   <div class='ocr_carea' id='block_1_73' title="bbox 253 5319 1791 5394">
    <p class='ocr_par' dir='ltr' id='par_1_73' title="bbox 253 5319 1791 5394">
     <span class='ocr_line' id='line_1_73' title="bbox 253 5319 1791 5394; baseline -0.011 -11"><span class='ocrx_word' id='word_1_594' title='bbox 253 5323 361 5392; x_wconf 80' lang='grc' dir='ltr'>Ἥς</span> <span class='ocrx_word' id='word_1_595' title='bbox 382 5330 478 5382; x_wconf 72' lang='grc' dir='ltr'>καὶ</span> <span class='ocrx_word' id='word_1_596' title='bbox 503 5331 559 5379; x_wconf 83' lang='grc' dir='ltr'><strong><em>ἐν</em></strong></span> <span class='ocrx_word' id='word_1_597' title='bbox 577 5325 780 5394; x_wconf 78' lang='grc' dir='ltr'>ἑτέροις</span> <span class='ocrx_word' id='word_1_598' title='bbox 807 5322 1118 5391; x_wconf 77' lang='grc' dir='ltr'>μνημονεύει</span> <span class='ocrx_word' id='word_1_599' title='bbox 1137 5319 1299 5384; x_wconf 84' lang='grc' dir='ltr'>λέγων</span> <span class='ocrx_word' id='word_1_600' title='bbox 1319 5333 1331 5345; x_wconf 76' lang='grc'><strong><em>⁸</em></strong></span> <span class='ocrx_word' id='word_1_601' title='bbox 1371 5319 1468 5369; x_wconf 83' lang='grc' dir='ltr'><em>Ἐν</em></span> <span class='ocrx_word' id='word_1_602' title='bbox 1479 5320 1642 5387; x_wconf 82' lang='grc' dir='ltr'>μέσῳ</span> <span class='ocrx_word' id='word_1_603' title='bbox 1675 5326 1791 5376; x_wconf 78' lang='grc' dir='ltr'><strong><em>Ἐκ-</em></strong></span> 
     </span>
    </p>
   </div>
   <div class='ocr_carea' id='block_1_74' title="bbox 257 5407 1790 5484">
    <p class='ocr_par' dir='ltr' id='par_1_74' title="bbox 257 5407 1790 5484">
     <span class='ocr_line' id='line_1_74' title="bbox 257 5407 1790 5484; baseline -0.003 -14"><span class='ocrx_word' id='word_1_604' title='bbox 257 5419 520 5484; x_wconf 57' lang='lat' dir='ltr'><strong><em>minutae</em></strong></span> <span class='ocrx_word' id='word_1_605' title='bbox 547 5414 789 5482; x_wconf 82' lang='grc' dir='ltr'>ὑμνήσω</span> <span class='ocrx_word' id='word_1_606' title='bbox 815 5427 919 5477; x_wconf 68' lang='grc' dir='ltr'><strong><em>σεζ</em></strong></span> <span class='ocrx_word' id='word_1_607' title='bbox 956 5411 1042 5462; x_wconf 79' lang='grc' dir='ltr'>καὶ</span> <span class='ocrx_word' id='word_1_608' title='bbox 1070 5408 1218 5459; x_wconf 75' lang='grc' dir='ltr'>πάλιν</span> <span class='ocrx_word' id='word_1_609' title='bbox 1243 5421 1256 5433; x_wconf 72' lang='grc' dir='ltr'><strong>ο</strong></span> <span class='ocrx_word' id='word_1_610' title='bbox 1299 5407 1790 5480; x_wconf 72' lang='grc' dir='ltr'>Εὺηγγοελισὰαην</span> 
     </span>
    </p>
   </div>
   <div class='ocr_carea' id='block_1_75' title="bbox 331 5515 1305 5582">
    <p class='ocr_par' dir='ltr' id='par_1_75' title="bbox 331 5515 1305 5582">
     <span class='ocr_line' id='line_1_75' title="bbox 331 5515 1305 5582; baseline -0.015 -3"><span class='ocrx_word' id='word_1_611' title='bbox 331 5529 374 5559; x_wconf 74' lang='grc' dir='ltr'><strong><em>¹ὀ</em></strong></span> <span class='ocrx_word' id='word_1_612' title='bbox 417 5526 601 5578; x_wconf 79' lang='lat' dir='ltr'><strong><em>Matth.</em></strong></span> <span class='ocrx_word' id='word_1_613' title='bbox 637 5541 780 5582; x_wconf 75' lang='lat' dir='ltr'><strong><em>nu.</em></strong></span> <span class='ocrx_word' id='word_1_614' title='bbox 811 5521 918 5574; x_wconf 64' lang='lat'><strong><em>96.</em></strong></span> <span class='ocrx_word' id='word_1_615' title='bbox 1023 5521 1062 5548; x_wconf 74' lang='grc'><strong><em>’⁸</em></strong></span> <span class='ocrx_word' id='word_1_616' title='bbox 1100 5515 1220 5568; x_wconf 87' lang='lat' dir='ltr'><strong><em>ibid.</em></strong></span> <span class='ocrx_word' id='word_1_617' title='bbox 1259 5515 1305 5565; x_wconf 93' lang='lat'><strong><em>7.</em></strong></span> 
     </span>
    </p>
   </div>
   <div class='ocr_carea' id='block_1_76' title="bbox 263 5581 1398 5655">
    <p class='ocr_par' dir='ltr' id='par_1_76' title="bbox 263 5581 1398 5655">
     <span class='ocr_line' id='line_1_76' title="bbox 263 5581 1398 5655; baseline -0.012 -5"><span class='ocrx_word' id='word_1_618' title='bbox 263 5599 306 5627; x_wconf 87' lang='lat'>&quot;</span> <span class='ocrx_word' id='word_1_619' title='bbox 345 5595 485 5649; x_wconf 79' lang='lat' dir='ltr'><strong><em>Psal.</em></strong></span> <span class='ocrx_word' id='word_1_620' title='bbox 527 5609 722 5655; x_wconf 67' lang='lat' dir='ltr'><strong><em>SXXIX,</em></strong></span> <span class='ocrx_word' id='word_1_621' title='bbox 761 5593 840 5643; x_wconf 76' lang='grc'><strong><em>10.</em></strong></span> <span class='ocrx_word' id='word_1_622' title='bbox 915 5590 957 5618; x_wconf 80' lang='grc'>¹⁰</span> <span class='ocrx_word' id='word_1_623' title='bbox 997 5585 1125 5636; x_wconf 81' lang='lat' dir='ltr'><strong><em>Psal.</em></strong></span> <span class='ocrx_word' id='word_1_624' title='bbox 1163 5596 1283 5639; x_wconf 58' lang='grc' dir='ltr'>χει.</span> <span class='ocrx_word' id='word_1_625' title='bbox 1315 5581 1398 5636; x_wconf 73' lang='grc'><strong><em>26.</em></strong></span> 
     </span>
    </p>
   </div>
   <div class='ocr_carea' id='block_1_77' title="bbox 1413 5517 1983 5593">
    <p class='ocr_par' dir='ltr' id='par_1_77' title="bbox 1413 5517 1983 5593">
     <span class='ocr_line' id='line_1_77' title="bbox 1413 5517 1983 5593; baseline 0.025 -25"><span class='ocrx_word' id='word_1_626' title='bbox 1413 5518 1460 5547; x_wconf 81' lang='grc'><strong><em>¹⁶</em></strong></span> <span class='ocrx_word' id='word_1_627' title='bbox 1499 5517 1518 5569; x_wconf 87' lang='lat' dir='ltr'><strong><em>l</em></strong></span> <span class='ocrx_word' id='word_1_628' title='bbox 1558 5519 1725 5577; x_wconf 85' lang='lat' dir='ltr'><strong><em>Thess</em></strong></span> <span class='ocrx_word' id='word_1_629' title='bbox 1784 5542 1856 5593; x_wconf 86' lang='lat' dir='ltr'><strong><em>ii,</em></strong></span> <span class='ocrx_word' id='word_1_630' title='bbox 1906 5530 1983 5582; x_wconf 87' lang='lat' dir='ltr'><strong><em>l6.</em></strong></span> 
     </span>
    </p>
   </div>
   <div class='ocr_carea' id='block_1_78' title="bbox 1911 1861 3430 1930">
    <p class='ocr_par' dir='ltr' id='par_1_78' title="bbox 1911 1861 3430 1930">
     <span class='ocr_line' id='line_1_78' title="bbox 1911 1861 3430 1930; baseline -0.001 -14"><span class='ocrx_word' id='word_1_631' title='bbox 1911 1864 2051 1916; x_wconf 86' lang='lat' dir='ltr'><strong><em>subit</em></strong></span> <span class='ocrx_word' id='word_1_632' title='bbox 2079 1861 2335 1916; x_wconf 89' lang='lat' dir='ltr'><strong><em>divinitus</em></strong></span> <span class='ocrx_word' id='word_1_633' title='bbox 2383 1863 2649 1930; x_wconf 68' lang='lat' dir='ltr'><strong><em>inspirata:</em></strong></span> <span class='ocrx_word' id='word_1_634' title='bbox 2703 1862 2988 1929; x_wconf 63' lang='lat' dir='ltr'><strong><em>Scriptura;</em></strong></span> <span class='ocrx_word' id='word_1_635' title='bbox 3017 1861 3285 1921; x_wconf 84' lang='lat' dir='ltr'><strong><em>virtutem,</em></strong></span> <span class='ocrx_word' id='word_1_636' title='bbox 3313 1875 3430 1928; x_wconf 59' lang='lat' dir='ltr'><strong><em>quas</em></strong></span> 
     </span>
    </p>
   </div>
   <div class='ocr_carea' id='block_1_79' title="bbox 1909 1947 3430 2018">
    <p class='ocr_par' dir='ltr' id='par_1_79' title="bbox 1909 1947 3430 2018">
     <span class='ocr_line' id='line_1_79' title="bbox 1909 1947 3430 2018; baseline -0.001 -16"><span class='ocrx_word' id='word_1_637' title='bbox 1909 1952 2174 2004; x_wconf 88' lang='lat' dir='ltr'><strong><em>diuturnis</em></strong></span> <span class='ocrx_word' id='word_1_638' title='bbox 2200 1959 2380 2018; x_wconf 75' lang='lat' dir='ltr'><strong><em>postea</em></strong></span> <span class='ocrx_word' id='word_1_639' title='bbox 2412 1950 2740 2017; x_wconf 86' lang='lat' dir='ltr'><strong><em>temporibus</em></strong></span> <span class='ocrx_word' id='word_1_640' title='bbox 2763 1956 2909 2017; x_wconf 77' lang='lat' dir='ltr'><strong><em>gesta</em></strong></span> <span class='ocrx_word' id='word_1_641' title='bbox 2946 1947 3123 2000; x_wconf 89' lang='lat' dir='ltr'><strong><em>divina</em></strong></span> <span class='ocrx_word' id='word_1_642' title='bbox 3149 1948 3430 2015; x_wconf 65' lang='lat' dir='ltr'><strong><em>prmscien-</em></strong></span> 
     </span>
    </p>
   </div>
   <div class='ocr_carea' id='block_1_80' title="bbox 1911 2037 3427 2106">
    <p class='ocr_par' dir='ltr' id='par_1_80' title="bbox 1911 2037 3427 2106">
     <span class='ocr_line' id='line_1_80' title="bbox 1911 2037 3427 2106; baseline -0.002 -15"><span class='ocrx_word' id='word_1_643' title='bbox 1911 2043 1980 2094; x_wconf 86' lang='lat' dir='ltr'><strong><em>tia</em></strong></span> <span class='ocrx_word' id='word_1_644' title='bbox 2014 2042 2316 2094; x_wconf 88' lang='lat' dir='ltr'><strong><em>antevertit.</em></strong></span> <span class='ocrx_word' id='word_1_645' title='bbox 2347 2039 2480 2091; x_wconf 89' lang='lat' dir='ltr'><strong><em>lllud</em></strong></span> <span class='ocrx_word' id='word_1_646' title='bbox 2519 2048 2715 2097; x_wconf 89' lang='lat' dir='ltr'><strong><em>autem,</em></strong></span> <span class='ocrx_word' id='word_1_647' title='bbox 2779 2037 2988 2106; x_wconf 69' lang='lat' dir='ltr'><strong><em>(liquid,</em></strong></span> <span class='ocrx_word' id='word_1_648' title='bbox 3019 2037 3170 2097; x_wconf 85' lang='lat' dir='ltr'><strong><em>Deus,</em></strong></span> <span class='ocrx_word' id='word_1_649' title='bbox 3196 2038 3427 2102; x_wconf 83' lang='lat' dir='ltr'><strong><em>repulisti</em></strong></span> 
     </span>
    </p>
   </div>
   <div class='ocr_carea' id='block_1_81' title="bbox 1891 2125 3432 2197">
    <p class='ocr_par' dir='ltr' id='par_1_81' title="bbox 1891 2125 3432 2197">
     <span class='ocr_line' id='line_1_81' title="bbox 1891 2125 3432 2197; baseline -0.001 -18"><span class='ocrx_word' id='word_1_650' title='bbox 1891 2131 1961 2197; x_wconf 88' lang='lat' dir='ltr'><strong><em>_iu</em></strong></span> <span class='ocrx_word' id='word_1_651' title='bbox 1991 2128 2383 2194; x_wconf 78' lang='lat' dir='ltr'><strong><em>finem,dictum</em></strong></span> <span class='ocrx_word' id='word_1_652' title='bbox 2415 2138 2520 2190; x_wconf 90' lang='lat' dir='ltr'><strong><em>est,</em></strong></span> <span class='ocrx_word' id='word_1_653' title='bbox 2557 2130 2678 2194; x_wconf 83' lang='lat' dir='ltr'><strong><em>quia</em></strong></span> <span class='ocrx_word' id='word_1_654' title='bbox 2702 2125 2920 2179; x_wconf 86' lang='lat' dir='ltr'><strong><em>Judaica</em></strong></span> <span class='ocrx_word' id='word_1_655' title='bbox 2953 2141 3084 2195; x_wconf 74' lang='lat' dir='ltr'><strong><em>gens</em></strong></span> <span class='ocrx_word' id='word_1_656' title='bbox 3113 2127 3166 2178; x_wconf 92' lang='lat' dir='ltr'><strong><em>in</em></strong></span> <span class='ocrx_word' id='word_1_657' title='bbox 3189 2127 3432 2192; x_wconf 81' lang='lat' dir='ltr'><strong><em>impieta-</em></strong></span> 
     </span>
    </p>
   </div>
   <div class='ocr_carea' id='block_1_82' title="bbox 1909 2214 3427 2282">
    <p class='ocr_par' dir='ltr' id='par_1_82' title="bbox 1909 2214 3427 2282">
     <span class='ocr_line' id='line_1_82' title="bbox 1909 2214 3427 2282; baseline -0.004 -11"><span class='ocrx_word' id='word_1_658' title='bbox 1909 2227 1987 2274; x_wconf 88' lang='lat' dir='ltr'><strong><em>tes</em></strong></span> <span class='ocrx_word' id='word_1_659' title='bbox 2033 2227 2085 2272; x_wconf 89' lang='lat' dir='ltr'><strong><em>et</em></strong></span> <span class='ocrx_word' id='word_1_660' title='bbox 2139 2219 2191 2270; x_wconf 89' lang='lat' dir='ltr'><strong><em>in</em></strong></span> <span class='ocrx_word' id='word_1_661' title='bbox 2250 2218 2450 2270; x_wconf 84' lang='lat' dir='ltr'><strong><em>scelera</em></strong></span> <span class='ocrx_word' id='word_1_662' title='bbox 2498 2217 2771 2276; x_wconf 88' lang='lat' dir='ltr'><strong><em>decidens,</em></strong></span> <span class='ocrx_word' id='word_1_663' title='bbox 2829 2215 3068 2268; x_wconf 84' lang='lat' dir='ltr'><strong><em>ﬁnitimis</em></strong></span> <span class='ocrx_word' id='word_1_664' title='bbox 3116 2214 3427 2282; x_wconf 79' lang='lat' dir='ltr'><strong><em>alienigenis</em></strong></span> 
     </span>
    </p>
   </div>
   <div class='ocr_carea' id='block_1_83' title="bbox 1905 2300 3426 2374">
    <p class='ocr_par' dir='ltr' id='par_1_83' title="bbox 1905 2300 3426 2374">
     <span class='ocr_line' id='line_1_83' title="bbox 1905 2300 3426 2374; baseline -0.004 -16"><span class='ocrx_word' id='word_1_665' title='bbox 1905 2307 2152 2374; x_wconf 81' lang='lat' dir='ltr'><strong><em>gentibus</em></strong></span> <span class='ocrx_word' id='word_1_666' title='bbox 2191 2305 2329 2356; x_wconf 83' lang='lat' dir='ltr'><strong><em>tradi</em></strong></span> <span class='ocrx_word' id='word_1_667' title='bbox 2370 2304 2607 2367; x_wconf 85' lang='lat' dir='ltr'><strong><em>solebat;</em></strong></span> <span class='ocrx_word' id='word_1_668' title='bbox 2646 2311 2698 2355; x_wconf 92' lang='lat' dir='ltr'><strong><em>et</em></strong></span> <span class='ocrx_word' id='word_1_669' title='bbox 2736 2301 2890 2354; x_wconf 91' lang='lat' dir='ltr'><strong><em>modo</em></strong></span> <span class='ocrx_word' id='word_1_670' title='bbox 2927 2302 3140 2368; x_wconf 88' lang='lat' dir='ltr'><strong><em>quidem</em></strong></span> <span class='ocrx_word' id='word_1_671' title='bbox 3185 2300 3426 2353; x_wconf 60' lang='lat' dir='ltr'><strong><em>Moabitae</em></strong></span> 
     </span>
    </p>
   </div>
   <div class='ocr_carea' id='block_1_84' title="bbox 1906 2387 3423 2460">
    <p class='ocr_par' dir='ltr' id='par_1_84' title="bbox 1906 2387 3423 2460">
     <span class='ocr_line' id='line_1_84' title="bbox 1906 2387 3423 2460; baseline -0.006 -13"><span class='ocrx_word' id='word_1_672' title='bbox 1906 2394 2218 2460; x_wconf 80' lang='lat' dir='ltr'><strong><em>subigebant</em></strong></span> <span class='ocrx_word' id='word_1_673' title='bbox 2251 2393 2414 2454; x_wconf 89' lang='lat' dir='ltr'><strong><em>illam,</em></strong></span> <span class='ocrx_word' id='word_1_674' title='bbox 2444 2391 2598 2443; x_wconf 87' lang='lat' dir='ltr'><strong><em>modo</em></strong></span> <span class='ocrx_word' id='word_1_675' title='bbox 2619 2389 2952 2448; x_wconf 64' lang='lat' dir='ltr'><strong><em>Ammonitaa.</em></strong></span> <span class='ocrx_word' id='word_1_676' title='bbox 2989 2389 3145 2440; x_wconf 89' lang='lat' dir='ltr'><strong><em>modo</em></strong></span> <span class='ocrx_word' id='word_1_677' title='bbox 3167 2387 3423 2439; x_wconf 80' lang='lat' dir='ltr'><strong><em>Madiani-</em></strong></span> 
     </span>
    </p>
   </div>
   <div class='ocr_carea' id='block_1_85' title="bbox 1905 2475 3424 2546">
    <p class='ocr_par' dir='ltr' id='par_1_85' title="bbox 1905 2475 3424 2546">
     <span class='ocr_line' id='line_1_85' title="bbox 1905 2475 3424 2546; baseline -0.003 -12"><span class='ocrx_word' id='word_1_678' title='bbox 1905 2489 1988 2536; x_wconf 76' lang='lat' dir='ltr'><strong><em>tae.</em></strong></span> <span class='ocrx_word' id='word_1_679' title='bbox 2023 2481 2216 2534; x_wconf 87' lang='lat' dir='ltr'><strong><em>Deinde</em></strong></span> <span class='ocrx_word' id='word_1_680' title='bbox 2257 2487 2431 2532; x_wconf 90' lang='lat' dir='ltr'><strong><em>autem</em></strong></span> <span class='ocrx_word' id='word_1_681' title='bbox 2467 2479 2532 2531; x_wconf 91' lang='lat' dir='ltr'><strong><em>ad</em></strong></span> <span class='ocrx_word' id='word_1_682' title='bbox 2563 2478 2764 2546; x_wconf 74' lang='lat' dir='ltr'><strong><em>frugem</em></strong></span> <span class='ocrx_word' id='word_1_683' title='bbox 2807 2492 3061 2531; x_wconf 84' lang='lat' dir='ltr'><strong><em>revocans</em></strong></span> <span class='ocrx_word' id='word_1_684' title='bbox 3092 2475 3250 2536; x_wconf 88' lang='lat' dir='ltr'><strong><em>Deus,</em></strong></span> <span class='ocrx_word' id='word_1_685' title='bbox 3292 2475 3424 2543; x_wconf 81' lang='lat' dir='ltr'><strong><em>ipsis</em></strong></span> 
     </span>
    </p>
   </div>
   <div class='ocr_carea' id='block_1_86' title="bbox 1904 2565 3423 2638">
    <p class='ocr_par' dir='ltr' id='par_1_86' title="bbox 1904 2565 3423 2638">
     <span class='ocr_line' id='line_1_86' title="bbox 1904 2565 3423 2638; baseline -0.003 -16"><span class='ocrx_word' id='word_1_686' title='bbox 1904 2571 2367 2638; x_wconf 67' lang='lat' dir='ltr'><strong><em>pati&#39;Ocinabatur;</em></strong></span> <span class='ocrx_word' id='word_1_687' title='bbox 2409 2569 2635 2623; x_wconf 85' lang='lat' dir='ltr'><strong><em>subinde</em></strong></span> <span class='ocrx_word' id='word_1_688' title='bbox 2683 2583 2807 2620; x_wconf 86' lang='lat' dir='ltr'><strong><em>vero</em></strong></span> <span class='ocrx_word' id='word_1_689' title='bbox 2844 2568 3250 2635; x_wconf 63' lang='lat' dir='ltr'><strong><em>praevaricantes</em></strong></span> <span class='ocrx_word' id='word_1_690' title='bbox 3304 2565 3423 2618; x_wconf 88' lang='lat' dir='ltr'><strong><em>aliis</em></strong></span> 
     </span>
    </p>
   </div>
   <div class='ocr_carea' id='block_1_87' title="bbox 1903 2657 3423 2725">
    <p class='ocr_par' dir='ltr' id='par_1_87' title="bbox 1903 2657 3423 2725">
     <span class='ocr_line' id='line_1_87' title="bbox 1903 2657 3423 2725; baseline -0.005 -13"><span class='ocrx_word' id='word_1_691' title='bbox 1903 2661 2134 2713; x_wconf 90' lang='lat' dir='ltr'><strong><em>inimicis</em></strong></span> <span class='ocrx_word' id='word_1_692' title='bbox 2165 2659 2426 2719; x_wconf 86' lang='lat' dir='ltr'><strong><em>tradebat,</em></strong></span> <span class='ocrx_word' id='word_1_693' title='bbox 2475 2673 2536 2711; x_wconf 86' lang='lat' dir='ltr'><strong><em>ac</em></strong></span> <span class='ocrx_word' id='word_1_694' title='bbox 2583 2673 2772 2710; x_wconf 88' lang='lat' dir='ltr'><strong><em>rursus</em></strong></span> <span class='ocrx_word' id='word_1_695' title='bbox 2815 2659 2866 2710; x_wconf 89' lang='lat' dir='ltr'><strong><em>in</em></strong></span> <span class='ocrx_word' id='word_1_696' title='bbox 2899 2657 3180 2725; x_wconf 85' lang='lat' dir='ltr'><strong><em>pristinum</em></strong></span> <span class='ocrx_word' id='word_1_697' title='bbox 3224 2663 3423 2706; x_wconf 87' lang='lat' dir='ltr'><strong><em>statum</em></strong></span> 
     </span>
    </p>
   </div>
   <div class='ocr_carea' id='block_1_88' title="bbox 1902 2743 3422 2816">
    <p class='ocr_par' dir='ltr' id='par_1_88' title="bbox 1902 2743 3422 2816">
     <span class='ocr_line' id='line_1_88' title="bbox 1902 2743 3422 2816; baseline -0.006 -15"><span class='ocrx_word' id='word_1_698' title='bbox 1902 2749 2215 2803; x_wconf 84' lang='lat' dir='ltr'><strong><em>restituebat</em></strong></span> <span class='ocrx_word' id='word_1_699' title='bbox 2244 2767 2256 2801; x_wconf 89' lang='lat'>:</span> <span class='ocrx_word' id='word_1_700' title='bbox 2281 2756 2332 2802; x_wconf 91' lang='lat' dir='ltr'><strong><em>et</em></strong></span> <span class='ocrx_word' id='word_1_701' title='bbox 2365 2762 2632 2816; x_wconf 87' lang='lat' dir='ltr'><strong><em>nunquam</em></strong></span> <span class='ocrx_word' id='word_1_702' title='bbox 2668 2749 2719 2798; x_wconf 88' lang='lat' dir='ltr'><strong><em>in</em></strong></span> <span class='ocrx_word' id='word_1_703' title='bbox 2755 2747 2908 2799; x_wconf 84' lang='lat' dir='ltr'><strong><em>ﬁnem</em></strong></span> <span class='ocrx_word' id='word_1_704' title='bbox 2939 2760 3110 2813; x_wconf 83' lang='lat' dir='ltr'><strong><em>usque</em></strong></span> <span class='ocrx_word' id='word_1_705' title='bbox 3138 2743 3422 2811; x_wconf 88' lang='lat' dir='ltr'><strong><em>abjiciebat</em></strong></span> 
     </span>
    </p>
   </div>
   <div class='ocr_carea' id='block_1_89' title="bbox 1901 2833 3418 2908">
    <p class='ocr_par' dir='ltr' id='par_1_89' title="bbox 1901 2833 3418 2908">
     <span class='ocr_line' id='line_1_89' title="bbox 1901 2833 3418 2908; baseline -0.005 -16"><span class='ocrx_word' id='word_1_706' title='bbox 1901 2840 2041 2899; x_wconf 85' lang='lat' dir='ltr'><strong><em>illos,</em></strong></span> <span class='ocrx_word' id='word_1_707' title='bbox 2067 2839 2157 2893; x_wconf 89' lang='lat' dir='ltr'><strong><em>sed</em></strong></span> <span class='ocrx_word' id='word_1_708' title='bbox 2196 2839 2337 2893; x_wconf 84' lang='lat' dir='ltr'><strong><em>brevi</em></strong></span> <span class='ocrx_word' id='word_1_709' title='bbox 2370 2848 2490 2908; x_wconf 87' lang='lat' dir='ltr'><strong><em>post</em></strong></span> <span class='ocrx_word' id='word_1_710' title='bbox 2521 2847 2758 2906; x_wconf 85' lang='lat' dir='ltr'><strong><em>tempore</em></strong></span> <span class='ocrx_word' id='word_1_711' title='bbox 2784 2839 2836 2889; x_wconf 89' lang='lat' dir='ltr'><strong><em>in</em></strong></span> <span class='ocrx_word' id='word_1_712' title='bbox 2868 2837 3089 2890; x_wconf 85' lang='lat' dir='ltr'><strong><em>salutem</em></strong></span> <span class='ocrx_word' id='word_1_713' title='bbox 3119 2833 3418 2887; x_wconf 83' lang='lat' dir='ltr'><strong><em>revocabat.</em></strong></span> 
     </span>
    </p>
   </div>
   <div class='ocr_carea' id='block_1_90' title="bbox 1900 2922 3416 2996">
    <p class='ocr_par' dir='ltr' id='par_1_90' title="bbox 1900 2922 3416 2996">
     <span class='ocr_line' id='line_1_90' title="bbox 1900 2922 3416 2996; baseline -0.003 -19"><span class='ocrx_word' id='word_1_714' title='bbox 1900 2926 1966 2978; x_wconf 80' lang='lat' dir='ltr'><strong><em>At</em></strong></span> <span class='ocrx_word' id='word_1_715' title='bbox 2002 2936 2118 2995; x_wconf 84' lang='lat' dir='ltr'><strong><em>post</em></strong></span> <span class='ocrx_word' id='word_1_716' title='bbox 2149 2934 2412 2996; x_wconf 85' lang='lat' dir='ltr'><strong><em>patratum</em></strong></span> <span class='ocrx_word' id='word_1_717' title='bbox 2449 2928 2516 2979; x_wconf 92' lang='lat' dir='ltr'><strong><em>ab</em></strong></span> <span class='ocrx_word' id='word_1_718' title='bbox 2550 2928 2630 2980; x_wconf 88' lang='lat' dir='ltr'><strong><em>eis</em></strong></span> <span class='ocrx_word' id='word_1_719' title='bbox 2657 2933 2843 2978; x_wconf 88' lang='lat' dir='ltr'><strong><em>contra</em></strong></span> <span class='ocrx_word' id='word_1_720' title='bbox 2878 2922 3213 2976; x_wconf 89' lang='lat' dir='ltr'><strong><em>Servatorcm</em></strong></span> <span class='ocrx_word' id='word_1_721' title='bbox 3259 2937 3416 2973; x_wconf 73' lang='lat' dir='ltr'><strong><em>exse-</em></strong></span> 
     </span>
    </p>
   </div>
   <div class='ocr_carea' id='block_1_91' title="bbox 1899 3010 3424 3078">
    <p class='ocr_par' dir='ltr' id='par_1_91' title="bbox 1899 3010 3424 3078">
     <span class='ocr_line' id='line_1_91' title="bbox 1899 3010 3424 3078; baseline -0.005 -11"><span class='ocrx_word' id='word_1_722' title='bbox 1899 3015 2153 3067; x_wconf 86' lang='lat' dir='ltr'><strong><em>crandnm</em></strong></span> <span class='ocrx_word' id='word_1_723' title='bbox 2179 3015 2406 3077; x_wconf 80' lang='lat' dir='ltr'><strong><em>facinus,</em></strong></span> <span class='ocrx_word' id='word_1_724' title='bbox 2436 3015 2651 3077; x_wconf 75' lang='lat' dir='ltr'><strong><em>pervenit</em></strong></span> <span class='ocrx_word' id='word_1_725' title='bbox 2680 3013 2745 3063; x_wconf 86' lang='lat' dir='ltr'><strong><em>ad</em></strong></span> <span class='ocrx_word' id='word_1_726' title='bbox 2776 3029 2860 3064; x_wconf 90' lang='lat' dir='ltr'><strong><em>eos</em></strong></span> <span class='ocrx_word' id='word_1_727' title='bbox 2890 3013 2971 3062; x_wconf 88' lang='lat' dir='ltr'><strong><em>ira</em></strong></span> <span class='ocrx_word' id='word_1_728' title='bbox 2999 3012 3050 3062; x_wconf 86' lang='lat' dir='ltr'><strong><em>in</em></strong></span> <span class='ocrx_word' id='word_1_729' title='bbox 3077 3012 3229 3078; x_wconf 80' lang='lat' dir='ltr'><strong><em>ﬁnem</em></strong></span> <span class='ocrx_word' id='word_1_730' title='bbox 3250 3010 3313 3070; x_wconf 84' lang='grc'><strong><em>¹⁶,</em></strong></span> <span class='ocrx_word' id='word_1_731' title='bbox 3346 3023 3424 3062; x_wconf 87' lang='lat' dir='ltr'><strong><em>sc-</em></strong></span> 
     </span>
    </p>
   </div>
   <div class='ocr_carea' id='block_1_92' title="bbox 1899 3097 3416 3172">
    <p class='ocr_par' dir='ltr' id='par_1_92' title="bbox 1899 3097 3416 3172">
     <span class='ocr_line' id='line_1_92' title="bbox 1899 3097 3416 3172; baseline -0.005 -17"><span class='ocrx_word' id='word_1_732' title='bbox 1899 3105 2130 3156; x_wconf 86' lang='lat' dir='ltr'><strong><em>cundum</em></strong></span> <span class='ocrx_word' id='word_1_733' title='bbox 2161 3103 2504 3172; x_wconf 89' lang='lat' dir='ltr'><strong><em>apostolicam</em></strong></span> <span class='ocrx_word' id='word_1_734' title='bbox 2540 3103 2899 3168; x_wconf 82' lang='lat' dir='ltr'><strong><em>Scripturam;</em></strong></span> <span class='ocrx_word' id='word_1_735' title='bbox 2932 3101 3000 3152; x_wconf 88' lang='lat' dir='ltr'><strong><em>ita</em></strong></span> <span class='ocrx_word' id='word_1_736' title='bbox 3029 3108 3086 3151; x_wconf 91' lang='lat' dir='ltr'><strong><em>ut</em></strong></span> <span class='ocrx_word' id='word_1_737' title='bbox 3118 3105 3236 3166; x_wconf 91' lang='lat' dir='ltr'><strong><em>post</em></strong></span> <span class='ocrx_word' id='word_1_738' title='bbox 3273 3097 3416 3150; x_wconf 90' lang='lat' dir='ltr'><strong><em>illam</em></strong></span> 
     </span>
    </p>
   </div>
   <div class='ocr_carea' id='block_1_93' title="bbox 1899 3187 3420 3257">
    <p class='ocr_par' dir='ltr' id='par_1_93' title="bbox 1899 3187 3420 3257">
     <span class='ocr_line' id='line_1_93' title="bbox 1899 3187 3420 3257; baseline -0.002 -12"><span class='ocrx_word' id='word_1_739' title='bbox 1899 3191 2254 3245; x_wconf 87' lang='lat' dir='ltr'><strong><em>calamitatem</em></strong></span> <span class='ocrx_word' id='word_1_740' title='bbox 2302 3207 2406 3245; x_wconf 92' lang='lat' dir='ltr'><strong><em>non</em></strong></span> <span class='ocrx_word' id='word_1_741' title='bbox 2446 3193 2702 3244; x_wconf 83' lang='lat' dir='ltr'><strong><em>hactenus</em></strong></span> <span class='ocrx_word' id='word_1_742' title='bbox 2747 3197 2906 3257; x_wconf 71' lang='lat' dir='ltr'><strong><em>caput</em></strong></span> <span class='ocrx_word' id='word_1_743' title='bbox 2947 3190 3254 3242; x_wconf 81' lang='lat' dir='ltr'><strong><em>extulerint.</em></strong></span> <span class='ocrx_word' id='word_1_744' title='bbox 3293 3187 3420 3250; x_wconf 66' lang='lat' dir='ltr'><strong><em>Quae</em></strong></span> 
     </span>
    </p>
   </div>
   <div class='ocr_carea' id='block_1_94' title="bbox 1901 3274 3420 3348">
    <p class='ocr_par' dir='ltr' id='par_1_94' title="bbox 1901 3274 3420 3348">
     <span class='ocr_line' id='line_1_94' title="bbox 1901 3274 3420 3348; baseline -0.006 -15"><span class='ocrx_word' id='word_1_745' title='bbox 1901 3281 2203 3347; x_wconf 76' lang='lat' dir='ltr'><strong><em>signiﬁcans</em></strong></span> <span class='ocrx_word' id='word_1_746' title='bbox 2232 3279 2505 3348; x_wconf 82' lang='lat' dir='ltr'><strong><em>prophetia</em></strong></span> <span class='ocrx_word' id='word_1_747' title='bbox 2537 3277 2665 3330; x_wconf 88' lang='lat' dir='ltr'><strong><em>dicit</em></strong></span> <span class='ocrx_word' id='word_1_748' title='bbox 2695 3296 2707 3330; x_wconf 76' lang='grc' dir='ltr'><strong><em>ι</em></strong></span> <span class='ocrx_word' id='word_1_749' title='bbox 2739 3275 2951 3343; x_wconf 86' lang='lat' dir='ltr'><strong><em>thuid,</em></strong></span> <span class='ocrx_word' id='word_1_750' title='bbox 3001 3275 3155 3335; x_wconf 85' lang='lat' dir='ltr'><strong><em>Deus.</em></strong></span> <span class='ocrx_word' id='word_1_751' title='bbox 3191 3274 3420 3340; x_wconf 85' lang='lat' dir='ltr'><strong><em>repulisti</em></strong></span> 
     </span>
    </p>
   </div>
   <div class='ocr_carea' id='block_1_95' title="bbox 1899 3364 3419 3437">
    <p class='ocr_par' dir='ltr' id='par_1_95' title="bbox 1899 3364 3419 3437">
     <span class='ocr_line' id='line_1_95' title="bbox 1899 3364 3419 3437; baseline -0.005 -15"><span class='ocrx_word' id='word_1_752' title='bbox 1899 3372 1951 3422; x_wconf 86' lang='lat' dir='ltr'><strong><em>in</em></strong></span> <span class='ocrx_word' id='word_1_753' title='bbox 1989 3371 2181 3437; x_wconf 75' lang='lat' dir='ltr'><strong><em>linem?</em></strong></span> <span class='ocrx_word' id='word_1_754' title='bbox 2210 3367 2310 3422; x_wconf 86' lang='lat' dir='ltr'><strong><em>Per</em></strong></span> <span class='ocrx_word' id='word_1_755' title='bbox 2353 3367 2818 3435; x_wconf 78' lang='lat' dir='ltr'><strong><em>interrogationem</em></strong></span> <span class='ocrx_word' id='word_1_756' title='bbox 2860 3381 2986 3418; x_wconf 83' lang='lat' dir='ltr'><strong><em>vero</em></strong></span> <span class='ocrx_word' id='word_1_757' title='bbox 3032 3365 3323 3418; x_wconf 87' lang='lat' dir='ltr'><strong><em>admissum</em></strong></span> <span class='ocrx_word' id='word_1_758' title='bbox 3366 3364 3419 3415; x_wconf 84' lang='lat' dir='ltr'><strong><em>in</em></strong></span> 
     </span>
    </p>
   </div>
   <div class='ocr_carea' id='block_1_96' title="bbox 1902 3453 3419 3520">
    <p class='ocr_par' dir='ltr' id='par_1_96' title="bbox 1902 3453 3419 3520">
     <span class='ocr_line' id='line_1_96' title="bbox 1902 3453 3419 3520; baseline -0.004 -10"><span class='ocrx_word' id='word_1_759' title='bbox 1902 3457 2233 3510; x_wconf 79' lang='lat' dir='ltr'><strong><em>Servatorcm</em></strong></span> <span class='ocrx_word' id='word_1_760' title='bbox 2290 3465 2530 3510; x_wconf 88' lang='lat' dir='ltr'><strong><em>nostrum</em></strong></span> <span class='ocrx_word' id='word_1_761' title='bbox 2588 3453 2791 3507; x_wconf 79' lang='lat' dir='ltr'><strong><em>facinus</em></strong></span> <span class='ocrx_word' id='word_1_762' title='bbox 2847 3454 3256 3514; x_wconf 89' lang='lat' dir='ltr'><strong><em>subindieatur,</em></strong></span> <span class='ocrx_word' id='word_1_763' title='bbox 3312 3467 3419 3520; x_wconf 88' lang='lat' dir='ltr'><strong><em>quo</em></strong></span> 
     </span>
    </p>
   </div>
   <div class='ocr_carea' id='block_1_97' title="bbox 1900 3543 3419 3616">
    <p class='ocr_par' dir='ltr' id='par_1_97' title="bbox 1900 3543 3419 3616">
     <span class='ocr_line' id='line_1_97' title="bbox 1900 3543 3419 3616; baseline -0.004 -16"><span class='ocrx_word' id='word_1_764' title='bbox 1900 3555 2114 3616; x_wconf 87' lang='lat' dir='ltr'><strong><em>peracto</em></strong></span> <span class='ocrx_word' id='word_1_765' title='bbox 2138 3547 2188 3598; x_wconf 91' lang='lat' dir='ltr'><strong><em>in</em></strong></span> <span class='ocrx_word' id='word_1_766' title='bbox 2221 3545 2375 3598; x_wconf 85' lang='lat' dir='ltr'><strong><em>linem</em></strong></span> <span class='ocrx_word' id='word_1_767' title='bbox 2416 3545 2606 3612; x_wconf 87' lang='lat' dir='ltr'><strong><em>abjecti</em></strong></span> <span class='ocrx_word' id='word_1_768' title='bbox 2638 3552 2780 3597; x_wconf 88' lang='lat' dir='ltr'><strong><em>sunt.</em></strong></span> <span class='ocrx_word' id='word_1_769' title='bbox 2815 3543 2868 3596; x_wconf 88' lang='lat' dir='ltr'><strong><em>ld</em></strong></span> <span class='ocrx_word' id='word_1_770' title='bbox 2901 3558 3029 3596; x_wconf 86' lang='lat' dir='ltr'><strong><em>sane</em></strong></span> <span class='ocrx_word' id='word_1_771' title='bbox 3061 3543 3175 3610; x_wconf 89' lang='lat' dir='ltr'><strong><em>ipse</em></strong></span> <span class='ocrx_word' id='word_1_772' title='bbox 3205 3555 3419 3610; x_wconf 79' lang='lat' dir='ltr'><strong><em>qucque</em></strong></span> 
     </span>
    </p>
   </div>
   <div class='ocr_carea' id='block_1_98' title="bbox 1902 3633 3420 3702">
    <p class='ocr_par' dir='ltr' id='par_1_98' title="bbox 1902 3633 3420 3702">
     <span class='ocr_line' id='line_1_98' title="bbox 1902 3633 3420 3702; baseline -0.002 -13"><span class='ocrx_word' id='word_1_773' title='bbox 1902 3635 2150 3690; x_wconf 86' lang='lat' dir='ltr'><strong><em>Servator</em></strong></span> <span class='ocrx_word' id='word_1_774' title='bbox 2183 3636 2418 3690; x_wconf 85' lang='lat' dir='ltr'><strong><em>declarat</em></strong></span> <span class='ocrx_word' id='word_1_775' title='bbox 2450 3634 2670 3688; x_wconf 90' lang='lat' dir='ltr'><strong><em>dicens:</em></strong></span> <span class='ocrx_word' id='word_1_776' title='bbox 2703 3634 2910 3698; x_wconf 79' lang='lat' dir='ltr'><strong><em>Quoties</em></strong></span> <span class='ocrx_word' id='word_1_777' title='bbox 2941 3633 3078 3688; x_wconf 78' lang='lat' dir='ltr'><strong><em>volui</em></strong></span> <span class='ocrx_word' id='word_1_778' title='bbox 3117 3649 3420 3702; x_wconf 79' lang='lat' dir='ltr'><strong><em>congregare</em></strong></span> 
     </span>
    </p>
   </div>
   <div class='ocr_carea' id='block_1_99' title="bbox 1899 3722 3420 3794">
    <p class='ocr_par' dir='ltr' id='par_1_99' title="bbox 1899 3722 3420 3794">
     <span class='ocr_line' id='line_1_99' title="bbox 1899 3722 3420 3794; baseline -0.002 -15"><span class='ocrx_word' id='word_1_779' title='bbox 1899 3727 2038 3794; x_wconf 80' lang='lat' dir='ltr'><strong><em>ﬁlios</em></strong></span> <span class='ocrx_word' id='word_1_780' title='bbox 2070 3736 2204 3787; x_wconf 85' lang='lat' dir='ltr'><strong><em>tuos,</em></strong></span> <span class='ocrx_word' id='word_1_781' title='bbox 2245 3723 2673 3793; x_wconf 85' lang='lat' dir='ltr'><strong><em>quemadmodum</em></strong></span> <span class='ocrx_word' id='word_1_782' title='bbox 2719 3722 2917 3791; x_wconf 85' lang='lat' dir='ltr'><strong><em>gallina</em></strong></span> <span class='ocrx_word' id='word_1_783' title='bbox 2954 3733 3224 3792; x_wconf 84' lang='lat' dir='ltr'><strong><em>congregat</em></strong></span> <span class='ocrx_word' id='word_1_784' title='bbox 3252 3722 3420 3789; x_wconf 83' lang='lat' dir='ltr'><strong><em>pullos</em></strong></span> 
     </span>
    </p>
   </div>
   <div class='ocr_carea' id='block_1_100' title="bbox 1901 3812 3420 3882">
    <p class='ocr_par' dir='ltr' id='par_1_100' title="bbox 1901 3812 3420 3882">
     <span class='ocr_line' id='line_1_100' title="bbox 1901 3812 3420 3882; baseline -0.001 -14"><span class='ocrx_word' id='word_1_785' title='bbox 1901 3833 2021 3870; x_wconf 87' lang='lat' dir='ltr'><strong><em>suos</em></strong></span> <span class='ocrx_word' id='word_1_786' title='bbox 2062 3816 2154 3869; x_wconf 86' lang='lat' dir='ltr'><strong><em>sub</em></strong></span> <span class='ocrx_word' id='word_1_787' title='bbox 2202 3815 2337 3876; x_wconf 89' lang='lat' dir='ltr'><strong><em>alas,</em></strong></span> <span class='ocrx_word' id='word_1_788' title='bbox 2378 3823 2427 3866; x_wconf 89' lang='lat' dir='ltr'><strong><em>et</em></strong></span> <span class='ocrx_word' id='word_1_789' title='bbox 2480 3814 2756 3868; x_wconf 81' lang='lat' dir='ltr'><strong><em>noluistis?</em></strong></span> <span class='ocrx_word' id='word_1_790' title='bbox 2789 3812 2913 3866; x_wconf 86' lang='lat' dir='ltr'><strong><em>Ecce</em></strong></span> <span class='ocrx_word' id='word_1_791' title='bbox 2945 3814 3257 3882; x_wconf 85' lang='lat' dir='ltr'><strong><em>relinquetur</em></strong></span> <span class='ocrx_word' id='word_1_792' title='bbox 3284 3813 3420 3866; x_wconf 86' lang='lat' dir='ltr'><strong><em>vobis</em></strong></span> 
     </span>
    </p>
   </div>
   <div class='ocr_carea' id='block_1_101' title="bbox 1899 3902 3420 3968">
    <p class='ocr_par' dir='ltr' id='par_1_101' title="bbox 1899 3902 3420 3968">
     <span class='ocr_line' id='line_1_101' title="bbox 1899 3902 3420 3968; baseline 0 -12"><span class='ocrx_word' id='word_1_793' title='bbox 1899 3907 2079 3958; x_wconf 88' lang='lat' dir='ltr'><strong><em>domus</em></strong></span> <span class='ocrx_word' id='word_1_794' title='bbox 2120 3914 2287 3958; x_wconf 82' lang='lat' dir='ltr'><strong><em>vestra</em></strong></span> <span class='ocrx_word' id='word_1_795' title='bbox 2326 3904 2526 3958; x_wconf 85' lang='lat' dir='ltr'><strong><em>deserta</em></strong></span> <span class='ocrx_word' id='word_1_796' title='bbox 2551 3904 2613 3957; x_wconf 89' lang='grc'><strong><em>¹⁷.</em></strong></span> <span class='ocrx_word' id='word_1_797' title='bbox 2646 3902 2775 3954; x_wconf 89' lang='lat' dir='ltr'><strong><em>lllud</em></strong></span> <span class='ocrx_word' id='word_1_798' title='bbox 2816 3903 2978 3959; x_wconf 90' lang='lat' dir='ltr'><strong><em>enim.</em></strong></span> <span class='ocrx_word' id='word_1_799' title='bbox 3007 3903 3217 3966; x_wconf 82' lang='lat' dir='ltr'><strong><em>Quoties</em></strong></span> <span class='ocrx_word' id='word_1_800' title='bbox 3261 3904 3420 3968; x_wconf 86' lang='lat' dir='ltr'><strong><em>volui,</em></strong></span> 
     </span>
    </p>
   </div>
   <div class='ocr_carea' id='block_1_102' title="bbox 1901 3991 3422 4062">
    <p class='ocr_par' dir='ltr' id='par_1_102' title="bbox 1901 3991 3422 4062">
     <span class='ocr_line' id='line_1_102' title="bbox 1901 3991 3422 4062; baseline -0.001 -14"><span class='ocrx_word' id='word_1_801' title='bbox 1901 3997 2098 4050; x_wconf 87' lang='lat' dir='ltr'><strong><em>indicat</em></strong></span> <span class='ocrx_word' id='word_1_802' title='bbox 2149 3994 2482 4048; x_wconf 84' lang='lat' dir='ltr'><strong><em>tolerantiam</em></strong></span> <span class='ocrx_word' id='word_1_803' title='bbox 2523 3993 2664 4044; x_wconf 89' lang='lat' dir='ltr'><strong><em>illam</em></strong></span> <span class='ocrx_word' id='word_1_804' title='bbox 2712 3991 2964 4044; x_wconf 85' lang='lat' dir='ltr'><strong><em>diuturno</em></strong></span> <span class='ocrx_word' id='word_1_805' title='bbox 3011 3999 3248 4060; x_wconf 84' lang='lat' dir='ltr'><strong><em>tempore</em></strong></span> <span class='ocrx_word' id='word_1_806' title='bbox 3290 3993 3422 4062; x_wconf 89' lang='lat' dir='ltr'><strong><em>ipsis</em></strong></span> 
     </span>
    </p>
   </div>
   <div class='ocr_carea' id='block_1_103' title="bbox 1899 4078 3421 4148">
    <p class='ocr_par' dir='ltr' id='par_1_103' title="bbox 1899 4078 3421 4148">
     <span class='ocr_line' id='line_1_103' title="bbox 1899 4078 3421 4148; baseline -0.004 -12"><span class='ocrx_word' id='word_1_807' title='bbox 1899 4084 2219 4148; x_wconf 83' lang='lat' dir='ltr'><strong><em>exhibitam;</em></strong></span> <span class='ocrx_word' id='word_1_808' title='bbox 2269 4082 2398 4136; x_wconf 91' lang='lat' dir='ltr'><strong><em>illud</em></strong></span> <span class='ocrx_word' id='word_1_809' title='bbox 2431 4097 2576 4144; x_wconf 89' lang='lat' dir='ltr'><strong><em>vero,</em></strong></span> <span class='ocrx_word' id='word_1_810' title='bbox 2615 4091 2662 4134; x_wconf 85' lang='lat' dir='ltr'><strong><em>et</em></strong></span> <span class='ocrx_word' id='word_1_811' title='bbox 2705 4079 2964 4141; x_wconf 87' lang='lat' dir='ltr'><strong><em>noluistis,</em></strong></span> <span class='ocrx_word' id='word_1_812' title='bbox 3000 4087 3319 4148; x_wconf 86' lang='lat' dir='ltr'><strong><em>postremam</em></strong></span> <span class='ocrx_word' id='word_1_813' title='bbox 3353 4078 3421 4132; x_wconf 90' lang='lat' dir='ltr'><strong><em>il-</em></strong></span> 
     </span>
    </p>
   </div>
   <div class='ocr_carea' id='block_1_104' title="bbox 1902 4166 3420 4239">
    <p class='ocr_par' dir='ltr' id='par_1_104' title="bbox 1902 4166 3420 4239">
     <span class='ocr_line' id='line_1_104' title="bbox 1902 4166 3420 4239; baseline -0.001 -17"><span class='ocrx_word' id='word_1_814' title='bbox 1902 4171 2070 4224; x_wconf 87' lang='lat' dir='ltr'><strong><em>lorum</em></strong></span> <span class='ocrx_word' id='word_1_815' title='bbox 2103 4170 2452 4239; x_wconf 86' lang='lat' dir='ltr'><strong><em>abjectionem</em></strong></span> <span class='ocrx_word' id='word_1_816' title='bbox 2476 4170 2756 4238; x_wconf 77' lang='lat' dir='ltr'><strong><em>signiﬁcat,</em></strong></span> <span class='ocrx_word' id='word_1_817' title='bbox 2779 4169 2990 4237; x_wconf 89' lang='lat' dir='ltr'><strong><em>quando</em></strong></span> <span class='ocrx_word' id='word_1_818' title='bbox 3023 4168 3189 4221; x_wconf 90' lang='lat' dir='ltr'><strong><em>iratus</em></strong></span> <span class='ocrx_word' id='word_1_819' title='bbox 3225 4175 3306 4221; x_wconf 88' lang='lat' dir='ltr'><strong><em>est</em></strong></span> <span class='ocrx_word' id='word_1_820' title='bbox 3334 4166 3420 4220; x_wconf 78' lang='lat' dir='ltr'><strong><em>fu-</em></strong></span> 
     </span>
    </p>
   </div>
   <div class='ocr_carea' id='block_1_105' title="bbox 1901 4260 3420 4330">
    <p class='ocr_par' dir='ltr' id='par_1_105' title="bbox 1901 4260 3420 4330">
     <span class='ocr_line' id='line_1_105' title="bbox 1901 4260 3420 4330; baseline -0.001 -16"><span class='ocrx_word' id='word_1_821' title='bbox 1901 4277 1990 4315; x_wconf 90' lang='lat' dir='ltr'><strong><em>ror</em></strong></span> <span class='ocrx_word' id='word_1_822' title='bbox 2036 4261 2152 4330; x_wconf 82' lang='lat' dir='ltr'><strong><em>ejus</em></strong></span> <span class='ocrx_word' id='word_1_823' title='bbox 2180 4276 2338 4330; x_wconf 90' lang='lat' dir='ltr'><strong><em>super</em></strong></span> <span class='ocrx_word' id='word_1_824' title='bbox 2379 4261 2498 4315; x_wconf 88' lang='lat' dir='ltr'><strong><em>illas</em></strong></span> <span class='ocrx_word' id='word_1_825' title='bbox 2527 4274 2645 4328; x_wconf 68' lang='lat' dir='ltr'><strong><em>quae</em></strong></span> <span class='ocrx_word' id='word_1_826' title='bbox 2685 4260 2808 4311; x_wconf 88' lang='lat' dir='ltr'><strong><em>olini</em></strong></span> <span class='ocrx_word' id='word_1_827' title='bbox 2857 4265 3012 4312; x_wconf 88' lang='lat' dir='ltr'><strong><em>erant</em></strong></span> <span class='ocrx_word' id='word_1_828' title='bbox 3053 4273 3178 4312; x_wconf 88' lang='lat' dir='ltr'><strong><em>oves</em></strong></span> <span class='ocrx_word' id='word_1_829' title='bbox 3210 4273 3420 4326; x_wconf 76' lang='lat' dir='ltr'><strong><em>pascua:</em></strong></span> 
     </span>
    </p>
   </div>
   <div class='ocr_carea' id='block_1_106' title="bbox 1899 4349 3420 4421">
    <p class='ocr_par' dir='ltr' id='par_1_106' title="bbox 1899 4349 3420 4421">
     <span class='ocr_line' id='line_1_106' title="bbox 1899 4349 3420 4421; baseline -0.001 -17"><span class='ocrx_word' id='word_1_830' title='bbox 1899 4352 2034 4418; x_wconf 81' lang='lat' dir='ltr'><strong><em>ejus.</em></strong></span> <span class='ocrx_word' id='word_1_831' title='bbox 2049 4351 2246 4405; x_wconf 88' lang='lat' dir='ltr'><strong><em>Deinde</em></strong></span> <span class='ocrx_word' id='word_1_832' title='bbox 2263 4367 2385 4406; x_wconf 90' lang='lat' dir='ltr'><strong><em>vero</em></strong></span> <span class='ocrx_word' id='word_1_833' title='bbox 2407 4351 2722 4421; x_wconf 83' lang='lat' dir='ltr'><strong><em>supplicatio</em></strong></span> <span class='ocrx_word' id='word_1_834' title='bbox 2743 4350 3003 4404; x_wconf 89' lang='lat' dir='ltr'><strong><em>emittitur</em></strong></span> <span class='ocrx_word' id='word_1_835' title='bbox 3023 4349 3107 4404; x_wconf 87' lang='lat' dir='ltr'><strong><em>his</em></strong></span> <span class='ocrx_word' id='word_1_836' title='bbox 3134 4351 3310 4404; x_wconf 89' lang='lat' dir='ltr'><strong><em>verbis</em></strong></span> <span class='ocrx_word' id='word_1_837' title='bbox 3333 4368 3420 4402; x_wconf 82' lang='lat'><strong><em>:—</em></strong></span> 
     </span>
    </p>
   </div>
   <div class='ocr_carea' id='block_1_107' title="bbox 1898 4438 3420 4510">
    <p class='ocr_par' dir='ltr' id='par_1_107' title="bbox 1898 4438 3420 4510">
     <span class='ocr_line' id='line_1_107' title="bbox 1898 4438 3420 4510; baseline -0.001 -16"><span class='ocrx_word' id='word_1_838' title='bbox 1898 4441 2037 4496; x_wconf 73' lang='lat' dir='ltr'><strong><em>V&#39;stis</em></strong></span> <span class='ocrx_word' id='word_1_839' title='bbox 2079 4442 2130 4494; x_wconf 76' lang='grc'><strong><em>2.</em></strong></span> <span class='ocrx_word' id='word_1_840' title='bbox 2163 4441 2360 4495; x_wconf 81' lang='lat' dir='ltr'><strong><em>Mentor</em></strong></span> <span class='ocrx_word' id='word_1_841' title='bbox 2383 4453 2490 4496; x_wconf 86' lang='lat' dir='ltr'><strong><em>esto</em></strong></span> <span class='ocrx_word' id='word_1_842' title='bbox 2521 4441 2803 4510; x_wconf 74' lang='lat' dir='ltr'><strong><em>Synagogw</em></strong></span> <span class='ocrx_word' id='word_1_843' title='bbox 2826 4448 2946 4501; x_wconf 62' lang='lat' dir='ltr'><strong><em>tuas,</em></strong></span> <span class='ocrx_word' id='word_1_844' title='bbox 2975 4455 3130 4504; x_wconf 89' lang='lat' dir='ltr'><strong><em>quam</em></strong></span> <span class='ocrx_word' id='word_1_845' title='bbox 3150 4438 3420 4506; x_wconf 82' lang='lat' dir='ltr'><strong><em>possedisti</em></strong></span> 
     </span>
    </p>
   </div>
   <div class='ocr_carea' id='block_1_108' title="bbox 1897 4527 3420 4598">
    <p class='ocr_par' dir='ltr' id='par_1_108' title="bbox 1897 4527 3420 4598">
     <span class='ocr_line' id='line_1_108' title="bbox 1897 4527 3420 4598; baseline -0.001 -14"><span class='ocrx_word' id='word_1_846' title='bbox 1897 4533 1960 4584; x_wconf 84' lang='lat' dir='ltr'><strong><em>ab</em></strong></span> <span class='ocrx_word' id='word_1_847' title='bbox 1981 4532 2140 4584; x_wconf 86' lang='lat' dir='ltr'><strong><em>initio.</em></strong></span> <span class='ocrx_word' id='word_1_848' title='bbox 2163 4531 2457 4584; x_wconf 85' lang='lat' dir='ltr'><strong><em>Admodum</em></strong></span> <span class='ocrx_word' id='word_1_849' title='bbox 2474 4538 2824 4597; x_wconf 85' lang='lat' dir='ltr'><strong><em>congruenter</em></strong></span> <span class='ocrx_word' id='word_1_850' title='bbox 2845 4527 3176 4598; x_wconf 78' lang='lat' dir='ltr'><strong><em>Synagogam</em></strong></span> <span class='ocrx_word' id='word_1_851' title='bbox 3194 4544 3420 4583; x_wconf 81' lang='lat' dir='ltr'><strong><em>comme-</em></strong></span> 
     </span>
    </p>
   </div>
   <div class='ocr_carea' id='block_1_109' title="bbox 1897 4617 3416 4687">
    <p class='ocr_par' dir='ltr' id='par_1_109' title="bbox 1897 4617 3416 4687">
     <span class='ocr_line' id='line_1_109' title="bbox 1897 4617 3416 4687; baseline 0 -15"><span class='ocrx_word' id='word_1_852' title='bbox 1897 4627 2066 4673; x_wconf 88' lang='lat' dir='ltr'><strong><em>morat</em></strong></span> <span class='ocrx_word' id='word_1_853' title='bbox 2092 4620 2268 4687; x_wconf 89' lang='lat' dir='ltr'><strong><em>aitque</em></strong></span> <span class='ocrx_word' id='word_1_854' title='bbox 2297 4619 2435 4672; x_wconf 86' lang='lat' dir='ltr'><strong><em>illam</em></strong></span> <span class='ocrx_word' id='word_1_855' title='bbox 2457 4620 2674 4686; x_wconf 86' lang='lat' dir='ltr'><strong><em>primam</em></strong></span> <span class='ocrx_word' id='word_1_856' title='bbox 2707 4617 2797 4672; x_wconf 89' lang='lat' dir='ltr'><strong><em>Dei</em></strong></span> <span class='ocrx_word' id='word_1_857' title='bbox 2815 4619 3206 4686; x_wconf 87' lang='lat' dir='ltr'><strong><em>possessionem</em></strong></span> <span class='ocrx_word' id='word_1_858' title='bbox 3219 4619 3416 4681; x_wconf 82' lang='lat' dir='ltr'><strong><em>fuisse;</em></strong></span> 
     </span>
    </p>
   </div>
   <div class='ocr_carea' id='block_1_110' title="bbox 1895 4707 3419 4778">
    <p class='ocr_par' dir='ltr' id='par_1_110' title="bbox 1895 4707 3419 4778">
     <span class='ocr_line' id='line_1_110' title="bbox 1895 4707 3419 4778; baseline 0 -17"><span class='ocrx_word' id='word_1_859' title='bbox 1895 4718 2072 4778; x_wconf 88' lang='lat' dir='ltr'><strong><em>utpote</em></strong></span> <span class='ocrx_word' id='word_1_860' title='bbox 2105 4710 2195 4778; x_wconf 90' lang='lat' dir='ltr'><strong><em>qui</em></strong></span> <span class='ocrx_word' id='word_1_861' title='bbox 2231 4717 2411 4762; x_wconf 88' lang='lat' dir='ltr'><strong><em>nosset</em></strong></span> <span class='ocrx_word' id='word_1_862' title='bbox 2451 4707 2766 4772; x_wconf 86' lang='lat' dir='ltr'><strong><em>Ecclesiam,</em></strong></span> <span class='ocrx_word' id='word_1_863' title='bbox 2804 4725 2870 4762; x_wconf 80' lang='lat' dir='ltr'><strong><em>ex</em></strong></span> <span class='ocrx_word' id='word_1_864' title='bbox 2897 4709 3144 4762; x_wconf 89' lang='lat' dir='ltr'><strong><em>omnibus</em></strong></span> <span class='ocrx_word' id='word_1_865' title='bbox 3174 4709 3419 4777; x_wconf 74' lang='lat' dir='ltr'><strong><em>gentibus</em></strong></span> 
     </span>
    </p>
   </div>
   <div class='ocr_carea' id='block_1_111' title="bbox 1893 4797 3419 4869">
    <p class='ocr_par' dir='ltr' id='par_1_111' title="bbox 1893 4797 3419 4869">
     <span class='ocr_line' id='line_1_111' title="bbox 1893 4797 3419 4869; baseline -0.003 -15"><span class='ocrx_word' id='word_1_866' title='bbox 1893 4801 2253 4862; x_wconf 84' lang='lat' dir='ltr'><strong><em>constitutam,</em></strong></span> <span class='ocrx_word' id='word_1_867' title='bbox 2284 4814 2402 4868; x_wconf 66' lang='lat' dir='ltr'><strong><em>qua:</em></strong></span> <span class='ocrx_word' id='word_1_868' title='bbox 2443 4813 2549 4851; x_wconf 89' lang='lat' dir='ltr'><strong><em>non</em></strong></span> <span class='ocrx_word' id='word_1_869' title='bbox 2578 4799 2645 4853; x_wconf 91' lang='lat' dir='ltr'><strong><em>ab</em></strong></span> <span class='ocrx_word' id='word_1_870' title='bbox 2683 4799 2856 4864; x_wconf 90' lang='lat' dir='ltr'><strong><em>initio,</em></strong></span> <span class='ocrx_word' id='word_1_871' title='bbox 2896 4799 2987 4853; x_wconf 92' lang='lat' dir='ltr'><strong><em>sed</em></strong></span> <span class='ocrx_word' id='word_1_872' title='bbox 3027 4808 3148 4869; x_wconf 88' lang='lat' dir='ltr'><strong><em>post</em></strong></span> <span class='ocrx_word' id='word_1_873' title='bbox 3180 4797 3419 4868; x_wconf 76' lang='lat' dir='ltr'><strong><em>Synago-</em></strong></span> 
     </span>
    </p>
   </div>
   <div class='ocr_carea' id='block_1_112' title="bbox 1896 4886 3419 4958">
    <p class='ocr_par' dir='ltr' id='par_1_112' title="bbox 1896 4886 3419 4958">
     <span class='ocr_line' id='line_1_112' title="bbox 1896 4886 3419 4958; baseline -0.002 -14"><span class='ocrx_word' id='word_1_874' title='bbox 1896 4904 1974 4958; x_wconf 66' lang='lat' dir='ltr'><strong><em>gae</em></strong></span> <span class='ocrx_word' id='word_1_875' title='bbox 2008 4890 2216 4944; x_wconf 86' lang='lat' dir='ltr'><strong><em>ruinam</em></strong></span> <span class='ocrx_word' id='word_1_876' title='bbox 2262 4889 2484 4942; x_wconf 78' lang='lat' dir='ltr'><strong><em>exstitit.</em></strong></span> <span class='ocrx_word' id='word_1_877' title='bbox 2527 4887 2693 4954; x_wconf 90' lang='lat' dir='ltr'><strong><em>Cujus</em></strong></span> <span class='ocrx_word' id='word_1_878' title='bbox 2737 4886 2988 4942; x_wconf 71' lang='lat' dir='ltr'><strong><em>Ecclesiae</em></strong></span> <span class='ocrx_word' id='word_1_879' title='bbox 3009 4889 3142 4942; x_wconf 84' lang='lat' dir='ltr'><strong><em>alias</em></strong></span> <span class='ocrx_word' id='word_1_880' title='bbox 3180 4888 3419 4941; x_wconf 90' lang='lat' dir='ltr'><strong><em>meminit</em></strong></span> 
     </span>
    </p>
   </div>
   <div class='ocr_carea' id='block_1_113' title="bbox 1893 4973 3419 5039">
    <p class='ocr_par' dir='ltr' id='par_1_113' title="bbox 1893 4973 3419 5039">
     <span class='ocr_line' id='line_1_113' title="bbox 1893 4973 3419 5039; baseline -0.001 -12"><span class='ocrx_word' id='word_1_881' title='bbox 1893 4975 2115 5029; x_wconf 87' lang='lat' dir='ltr'><strong><em>dicens:</em></strong></span> <span class='ocrx_word' id='word_1_882' title='bbox 2150 4973 2215 5027; x_wconf 89' lang='lat' dir='ltr'><strong><em>In</em></strong></span> <span class='ocrx_word' id='word_1_883' title='bbox 2263 4974 2427 5027; x_wconf 87' lang='lat' dir='ltr'><strong><em>medio</em></strong></span> <span class='ocrx_word' id='word_1_884' title='bbox 2468 4973 2712 5026; x_wconf 74' lang='lat' dir='ltr'><strong><em>Ecclesia:</em></strong></span> <span class='ocrx_word' id='word_1_885' title='bbox 2760 4973 2983 5028; x_wconf 86' lang='lat' dir='ltr'><strong><em>laudabo</em></strong></span> <span class='ocrx_word' id='word_1_886' title='bbox 3028 4985 3074 5027; x_wconf 84' lang='lat' dir='ltr'><strong><em>te</em></strong></span> <span class='ocrx_word' id='word_1_887' title='bbox 3097 4974 3168 5039; x_wconf 81' lang='grc'><strong><em>¹⁸;</em></strong></span> <span class='ocrx_word' id='word_1_888' title='bbox 3203 4981 3256 5028; x_wconf 88' lang='lat' dir='ltr'><strong><em>et</em></strong></span> <span class='ocrx_word' id='word_1_889' title='bbox 3299 4989 3419 5026; x_wconf 80' lang='lat' dir='ltr'><strong><em>rur-</em></strong></span> 
     </span>
    </p>
   </div>
   <div class='ocr_carea' id='block_1_114' title="bbox 1891 5061 3418 5131">
    <p class='ocr_par' dir='ltr' id='par_1_114' title="bbox 1891 5061 3418 5131">
     <span class='ocr_line' id='line_1_114' title="bbox 1891 5061 3418 5131; baseline -0.001 -14"><span class='ocrx_word' id='word_1_890' title='bbox 1891 5078 1985 5117; x_wconf 85' lang='lat' dir='ltr'><strong><em>sus</em></strong></span> <span class='ocrx_word' id='word_1_891' title='bbox 2013 5081 2026 5115; x_wconf 88' lang='lat'>:</span> <span class='ocrx_word' id='word_1_892' title='bbox 2054 5063 2367 5116; x_wconf 79' lang='lat' dir='ltr'><strong><em>Annuntiavi</em></strong></span> <span class='ocrx_word' id='word_1_893' title='bbox 2392 5063 2654 5130; x_wconf 88' lang='lat' dir='ltr'><strong><em>justitiam</em></strong></span> <span class='ocrx_word' id='word_1_894' title='bbox 2683 5063 2735 5115; x_wconf 86' lang='lat' dir='ltr'><strong><em>in</em></strong></span> <span class='ocrx_word' id='word_1_895' title='bbox 2768 5061 2998 5115; x_wconf 83' lang='lat' dir='ltr'><strong><em>Ecclesia</em></strong></span> <span class='ocrx_word' id='word_1_896' title='bbox 3043 5063 3327 5131; x_wconf 80' lang='lat' dir='ltr'><strong><em>magna&quot;;</em></strong></span> <span class='ocrx_word' id='word_1_897' title='bbox 3357 5078 3418 5117; x_wconf 77' lang='lat' dir='ltr'><strong><em>ac</em></strong></span> 
     </span>
    </p>
   </div>
   <div class='ocr_carea' id='block_1_115' title="bbox 1892 5149 3418 5219">
    <p class='ocr_par' dir='ltr' id='par_1_115' title="bbox 1892 5149 3418 5219">
     <span class='ocr_line' id='line_1_115' title="bbox 1892 5149 3418 5219; baseline -0.001 -14"><span class='ocrx_word' id='word_1_898' title='bbox 1892 5151 2082 5205; x_wconf 89' lang='lat' dir='ltr'><strong><em>iterum</em></strong></span> <span class='ocrx_word' id='word_1_899' title='bbox 2106 5169 2119 5203; x_wconf 78' lang='grc' dir='ltr'><strong><em>ι</em></strong></span> <span class='ocrx_word' id='word_1_900' title='bbox 2140 5150 2290 5216; x_wconf 83' lang='lat' dir='ltr'><strong><em>Apud</em></strong></span> <span class='ocrx_word' id='word_1_901' title='bbox 2314 5160 2360 5202; x_wconf 88' lang='lat' dir='ltr'><strong><em>te</em></strong></span> <span class='ocrx_word' id='word_1_902' title='bbox 2387 5149 2500 5201; x_wconf 86' lang='lat' dir='ltr'><strong><em>laus</em></strong></span> <span class='ocrx_word' id='word_1_903' title='bbox 2533 5165 2645 5202; x_wconf 87' lang='lat' dir='ltr'><strong><em>mea</em></strong></span> <span class='ocrx_word' id='word_1_904' title='bbox 2673 5151 2725 5202; x_wconf 87' lang='lat' dir='ltr'><strong><em>in</em></strong></span> <span class='ocrx_word' id='word_1_905' title='bbox 2751 5149 2983 5204; x_wconf 85' lang='lat' dir='ltr'><strong><em>Ecclesia</em></strong></span> <span class='ocrx_word' id='word_1_906' title='bbox 3018 5167 3204 5219; x_wconf 85' lang='lat' dir='ltr'><strong><em>magna</em></strong></span> <span class='ocrx_word' id='word_1_907' title='bbox 3227 5153 3289 5201; x_wconf 72' lang='lat'><strong><em>’°.</em></strong></span> <span class='ocrx_word' id='word_1_908' title='bbox 3322 5149 3418 5204; x_wconf 75' lang='lat' dir='ltr'><strong><em>Ve-</em></strong></span> 
     </span>
    </p>
   </div>
   <div class='ocr_carea' id='block_1_116' title="bbox 1893 5237 3415 5307">
    <p class='ocr_par' dir='ltr' id='par_1_116' title="bbox 1893 5237 3415 5307">
     <span class='ocr_line' id='line_1_116' title="bbox 1893 5237 3415 5307; baseline 0.001 -15"><span class='ocrx_word' id='word_1_909' title='bbox 1893 5255 2008 5292; x_wconf 89' lang='lat' dir='ltr'><strong><em>rum</em></strong></span> <span class='ocrx_word' id='word_1_910' title='bbox 2043 5253 2148 5292; x_wconf 89' lang='lat' dir='ltr'><strong><em>non</em></strong></span> <span class='ocrx_word' id='word_1_911' title='bbox 2176 5239 2298 5291; x_wconf 91' lang='lat' dir='ltr'><strong><em>talis</em></strong></span> <span class='ocrx_word' id='word_1_912' title='bbox 2330 5239 2416 5290; x_wconf 88' lang='lat' dir='ltr'><strong><em>illa</em></strong></span> <span class='ocrx_word' id='word_1_913' title='bbox 2448 5238 2571 5289; x_wconf 91' lang='lat' dir='ltr'><strong><em>olim</em></strong></span> <span class='ocrx_word' id='word_1_914' title='bbox 2605 5237 2882 5307; x_wconf 78' lang='lat' dir='ltr'><strong><em>Synagoga</em></strong></span> <span class='ocrx_word' id='word_1_915' title='bbox 2914 5249 3027 5292; x_wconf 87' lang='lat' dir='ltr'><strong><em>erat</em></strong></span> <span class='ocrx_word' id='word_1_916' title='bbox 3064 5259 3074 5291; x_wconf 89' lang='lat'><strong>:</strong></span> <span class='ocrx_word' id='word_1_917' title='bbox 3111 5240 3194 5290; x_wconf 89' lang='lat' dir='ltr'><strong><em>illa</em></strong></span> <span class='ocrx_word' id='word_1_918' title='bbox 3221 5241 3415 5306; x_wconf 84' lang='lat' dir='ltr'><strong><em>quippe</em></strong></span> 
     </span>
    </p>
   </div>
   <div class='ocr_carea' id='block_1_117' title="bbox 1895 5327 3414 5398">
    <p class='ocr_par' dir='ltr' id='par_1_117' title="bbox 1895 5327 3414 5398">
     <span class='ocr_line' id='line_1_117' title="bbox 1895 5327 3414 5398; baseline 0.002 -20"><span class='ocrx_word' id='word_1_919' title='bbox 1895 5328 2012 5382; x_wconf 91' lang='lat' dir='ltr'><strong><em>ideo</em></strong></span> <span class='ocrx_word' id='word_1_920' title='bbox 2042 5327 2121 5380; x_wconf 89' lang='lat' dir='ltr'><strong><em>sic</em></strong></span> <span class='ocrx_word' id='word_1_921' title='bbox 2166 5327 2456 5380; x_wconf 86' lang='lat' dir='ltr'><strong><em>vocabatur</em></strong></span> <span class='ocrx_word' id='word_1_922' title='bbox 2483 5327 2622 5393; x_wconf 87' lang='lat' dir='ltr'><strong><em>quod</em></strong></span> <span class='ocrx_word' id='word_1_923' title='bbox 2675 5342 2782 5380; x_wconf 92' lang='lat' dir='ltr'><strong><em>uno</em></strong></span> <span class='ocrx_word' id='word_1_924' title='bbox 2820 5332 2874 5382; x_wconf 92' lang='lat' dir='ltr'><strong><em>in</em></strong></span> <span class='ocrx_word' id='word_1_925' title='bbox 2920 5330 3034 5381; x_wconf 89' lang='lat' dir='ltr'><strong><em>loco</em></strong></span> <span class='ocrx_word' id='word_1_926' title='bbox 3063 5344 3414 5398; x_wconf 78' lang='lat' dir='ltr'><strong><em>congregare-</em></strong></span> 
     </span>
    </p>
   </div>
   <div class='ocr_carea' id='block_1_118' title="bbox 1894 5414 3412 5482">
    <p class='ocr_par' dir='ltr' id='par_1_118' title="bbox 1894 5414 3412 5482">
     <span class='ocr_line' id='line_1_118' title="bbox 1894 5414 3412 5482; baseline -0.001 -12"><span class='ocrx_word' id='word_1_927' title='bbox 1894 5426 2008 5482; x_wconf 88' lang='lat' dir='ltr'><strong><em>tur;</em></strong></span> <span class='ocrx_word' id='word_1_928' title='bbox 2042 5417 2153 5470; x_wconf 70' lang='lat' dir='ltr'><strong><em>hanc</em></strong></span> <span class='ocrx_word' id='word_1_929' title='bbox 2194 5430 2314 5468; x_wconf 90' lang='lat' dir='ltr'><strong><em>vero</em></strong></span> <span class='ocrx_word' id='word_1_930' title='bbox 2342 5414 2749 5480; x_wconf 55' lang='lat' dir='ltr'><strong><em>praecellentiam</em></strong></span> <span class='ocrx_word' id='word_1_931' title='bbox 2782 5418 3056 5471; x_wconf 84' lang='lat' dir='ltr'><strong><em>electionis</em></strong></span> <span class='ocrx_word' id='word_1_932' title='bbox 3098 5433 3206 5471; x_wconf 69' lang='lat' dir='ltr'><strong><em>sua:</em></strong></span> <span class='ocrx_word' id='word_1_933' title='bbox 3241 5418 3412 5472; x_wconf 85' lang='lat' dir='ltr'><strong><em>decla-</em></strong></span> 
     </span>
    </p>
   </div>
   <div class='ocr_carea' id='block_1_119' title="bbox 2077 5526 3408 5594">
    <p class='ocr_par' dir='ltr' id='par_1_119' title="bbox 2077 5526 3408 5594">
     <span class='ocr_line' id='line_1_119' title="bbox 2077 5526 3408 5594; baseline 0.005 -15"><span class='ocrx_word' id='word_1_934' title='bbox 2077 5529 2115 5559; x_wconf 87' lang='grc'><strong><em>¹⁷</em></strong></span> <span class='ocrx_word' id='word_1_935' title='bbox 2157 5526 2336 5579; x_wconf 81' lang='lat' dir='ltr'><strong><em>Matth.</em></strong></span> <span class='ocrx_word' id='word_1_936' title='bbox 2381 5541 2510 5579; x_wconf 78' lang='lat' dir='ltr'><strong><em>mu</em></strong></span> <span class='ocrx_word' id='word_1_937' title='bbox 2534 5565 2548 5589; x_wconf 97' lang='lat'><strong><em>,</em></strong></span> <span class='ocrx_word' id='word_1_938' title='bbox 2584 5527 2647 5580; x_wconf 74' lang='lat'><strong><em>57</em></strong></span> <span class='ocrx_word' id='word_1_939' title='bbox 2671 5567 2685 5592; x_wconf 93' lang='lat'><strong><em>,</em></strong></span> <span class='ocrx_word' id='word_1_940' title='bbox 2721 5531 2808 5583; x_wconf 77' lang='lat'><strong><em>&#39;58.</em></strong></span> <span class='ocrx_word' id='word_1_941' title='bbox 2910 5532 2953 5561; x_wconf 77' lang='grc'><strong><em>³⁸</em></strong></span> <span class='ocrx_word' id='word_1_942' title='bbox 2987 5529 3123 5583; x_wconf 79' lang='lat' dir='ltr'><strong><em>l‘sal.</em></strong></span> <span class='ocrx_word' id='word_1_943' title='bbox 3162 5546 3250 5583; x_wconf 73' lang='lat' dir='ltr'><strong><em>xm</em></strong></span> <span class='ocrx_word' id='word_1_944' title='bbox 3275 5569 3288 5594; x_wconf 92' lang='lat'><strong><em>,</em></strong></span> <span class='ocrx_word' id='word_1_945' title='bbox 3322 5532 3408 5592; x_wconf 73' lang='lat'><strong><em>9.3.</em></strong></span> 
     </span>
    </p>
   </div>
  </div>
