3796 6374
136 320 243 376 857

1262 309 1749 381 COMMENTARIA
1785 322 1847 377 IN
1886 320 2211 378 PSALMOS.

3212 332 3315 386 858

140 436 429 500 κὺρισαν,
470 437 609 503 φησί
630 475 645 498 ,
676 438 744 490 έν
767 437 904 504 πυρί
932 438 993 490 τὸ
1019 436 1393 505 ἁγιαστήριόν
1421 452 1533 491 σου
1551 479 1566 503 ,
1601 437 1698 489 καὶ

1801 438 1923 489 tiam
1966 450 2154 490 eorum
2200 449 2320 503 qua:
2364 450 2526 502 supra
2574 436 2717 490 dicta
2777 446 2902 493 sunt
2941 443 3129 508 aperit.
3184 443 3317 508 Quia

140 527 229 589 εις
254 522 373 588 τὴν
407 523 528 591 γῆν
559 525 935 592 ἐσεόήλωσαν
966 527 1029 578 τὸ
1056 526 1334 593 σκήνωμα
1360 526 1463 578 τοῦ
1489 527 1697 593 ὀνόμα-

143 614 243 677 τός
269 626 414 664 σου.
472 614 562 665 Ἐν
583 608 628 680 ᾧ
654 615 984 684 διερμηνεύει
1011 617 1105 685 τὴν
1133 615 1365 667 διάνοιαν
1391 615 1481 667 τοῦ
1506 615 1699 668 ἀνωτέο

145 721 221 771 ρω
251 701 611 769 λελεγμένου.
656 705 866 767 Ἐπειδὴ
888 703 994 774 γὰρ
1017 706 1071 757 ἐν
1098 708 1206 766 τοῖς
1234 705 1529 775 ἔμπροσθεν
1554 706 1697 775 εἴρη-

139 808 196 841 το
219 807 231 819 ·
274 792 454 855 Ὄρος
493 790 648 842 Σιὼν
674 792 843 845 τοῦτο
872 792 904 845 ὃ
944 793 1397 860 κατεσκήνωσας
1422 796 1489 847 ἐν
1511 788 1695 859 αὐτῷ’

138 882 288 941 ὅπως
342 881 768 947 κατεσκήνωσεν
811 882 867 932 ἑν
900 881 1043 949 αὐτῷ
1088 883 1333 949 διασαφεῖ
1360 883 1451 935 νῦν
1495 886 1697 952 φήσαςο

144 969 209 1020 Τὸ
238 968 551 1035 σκήνωμα
584 969 688 1020 τοῦ
717 970 997 1036 ὀνόματός
1027 986 1138 1023 σου
1162 988 1174 1001 ’
1206 972 1465 1040 Σκήνωμα
1495 972 1600 1041 γὰρ
1633 968 1700 1039 ἦν

137 1057 163 1106 ὁ
186 1056 357 1116 τόπος
380 1056 489 1107 οὐκ
512 1054 674 1106 αὐτοῦ
698 1054 784 1106 τοῦ
807 1053 958 1117 Θεοῦ,
978 1056 1107 1107 ἀλλὰ
1126 1057 1215 1107 τοῦ
1233 1056 1486 1124 ὀνόματος
1508 1056 1666 1108 αὑτοῦ
1682 1072 1695 1084 ·

138 1144 396 1192 Δυσωπεῖ
431 1142 489 1192 δὲ
521 1144 603 1209 ἐφ’
628 1144 866 1209 ἑκάστῳ,
901 1144 1225 1211 προστιθείς·
1286 1143 1371 1194 Ἑν
1400 1143 1543 1211 μέσῳ
1572 1142 1697 1211 γὰρ,

139 1230 290 1297 φησὶ,
326 1230 443 1297 τῆς
461 1231 655 1299 ἑορτῆς
681 1247 772 1281 σου
800 1231 858 1281 τὸ
885 1232 1225 1299 ἁγιαστήριὸν
1254 1249 1343 1282 σου
1370 1232 1459 1282 καὶ
1485 1232 1543 1281 τὸ
1574 1231 1699 1298 σκή-

135 1337 289 1389 νωμα
323 1318 435 1370 τοῦ
461 1320 720 1388 ὀνόματός
750 1336 858 1371 σου.
886 1319 964 1371 Τὰ
990 1320 1093 1388 γὰρ
1118 1320 1331 1373 τοιαῦτα
1361 1319 1699 1388 δυσωπητικὰ

133 1406 197 1477 ἦν
229 1410 330 1460 καὶ
387 1409 656 1478 ἐγερτικὰ
691 1409 780 1459 ἐπὶ
814 1408 1083 1478 ἐκδίκησιν
1121 1409 1225 1459 τῶν
1275 1408 1697 1477 τετολμημένων,

133 1499 214 1563 ἐρ’
248 1497 319 1565 ἦν
361 1498 640 1566 παρορμᾷ
677 1497 802 1565 ἑξῆς
834 1497 998 1564 λέγων
1018 1513 1031 1525 ο
1084 1498 1343 1563 Ἐπαρον
1370 1498 1475 1562 τὰς
1504 1496 1697 1565 χεῖράς

132 1603 244 1639 σου
273 1587 389 1638 ἐπὶ
428 1588 540 1650 τὰς
566 1589 968 1653 ὑπερηφανίας
994 1586 1186 1639 αὐτῶν
1212 1590 1295 1652 εἰς
1324 1588 1492 1653 τέλος
1512 1607 1523 1618 ’
1561 1592 1698 1643 κατὰ

131 1673 182 1727 δὲ
203 1676 301 1726 τὸν
336 1674 652 1744 Σύμμαχον
668 1692 680 1704 ·
717 1676 782 1727 Τὸ
807 1676 1037 1742 ὕψωμα,
1064 1676 1211 1745 φησὶ,
1235 1677 1349 1729 τῶν
1367 1677 1562 1729 ποδῶν
1583 1695 1696 1731 σου

1795 525 1935 578 enim
1968 523 2115 591 prius
2145 522 2256 575 hac
2287 522 2495 576 locutus
2523 533 2658 590 erat,
2698 524 2924 580 Montem
2953 528 3078 583 Sion
3107 531 3238 584 hunc
3265 534 3318 585 in

1795 628 1893 681 quo
1919 612 2200 674 habitasti;
2244 612 2512 679 quomodo
2544 613 2599 666 in
2644 628 2710 667 eo
2750 615 3069 670 habitaverit
3095 619 3204 685 jam
3236 617 3321 673 de-

1797 699 1963 753 clarat
1997 699 2199 761 dicens,
2226 698 2635 753 Tabernacul‘um
2664 703 2887 754 nominis
2921 705 3014 755 tui.
3046 703 3319 758 Taberna-

1796 790 1973 842 culum
2004 790 2203 857 quippe
2232 791 2383 844 locus
2415 798 2549 853 erat,
2580 806 2689 844 non
2718 793 2890 859 ipsius
2928 792 3041 855 Dei,
3087 794 3178 847 sed
3222 810 3320 846 nn.-

1798 878 1956 932 minis
1985 878 2122 946 ejus.
2157 879 2214 930 In
2259 879 2483 947 singulis
2516 889 2692 934 autem
2717 883 3067 951 conqueritur
3095 883 3318 951 adjectis

1798 968 1882 1023 his
1932 968 2109 1022 verbis
2148 986 2160 1020 :
2194 966 2251 1020 ln
2303 968 2500 1031 medio,
2558 970 2748 1037 inquit,
2805 972 3161 1027 solemnitatis
3216 980 3320 1025 tua:

1796 1056 2159 1109 sanctuarium
2209 1067 2356 1108 tuum
2401 1064 2454 1110 et
2498 1057 2898 1111 tabernaculum
2940 1059 3173 1114 nominis
3217 1061 3313 1112 tui.

1794 1144 1924 1197 Nam
1959 1145 2039 1198 hae
2072 1146 2417 1214 querimonia:
2458 1154 2583 1199 sunt
2630 1146 2695 1199 ad
2741 1148 3076 1200 excitandam
3112 1146 3318 1200 facino-

1795 1249 1912 1286 rum
1947 1234 2221 1295 ultionem,
2250 1235 2317 1287 ad
2350 1250 2504 1302 quam
2534 1236 2634 1287 sub
2662 1235 2773 1287 hac
2796 1245 3049 1301 provocat
3089 1235 3271 1289 dicens
3299 1249 3312 1282 ε

1795 1324 1930 1376 Leva
1976 1340 2161 1375 manus
2190 1333 2307 1375 tuas
2334 1325 2386 1375 in
2419 1322 2687 1389 superbius
2715 1339 2893 1375 eorum
2923 1325 2975 1375 in
3013 1324 3199 1390 ﬁnem;
3234 1338 3314 1376 se-

1796 1411 2026 1465 cundum
2061 1410 2434 1480 Symmachum
2465 1425 2589 1463 vero
2629 1430 2641 1462 :
2688 1409 2977 1472 Exaltatio,
3012 1413 3105 1473 ait,
3134 1410 3315 1477 pedum

1798 1510 1997 1553 tuorum
2027 1500 2091 1551 de
2123 1499 2288 1551 medio
2310 1498 2518 1552 sublata
2545 1509 2619 1551 est
2646 1500 2711 1552 ad
2735 1502 3023 1552 victoriam.
3056 1499 3317 1552 Exaltatio

1797 1597 1971 1643 autem
2003 1587 2192 1655 pedum
2218 1589 2354 1655 ejus,
2392 1588 2642 1656 templum
2668 1598 2781 1641 erat
2809 1590 3054 1657 precibus
3080 1588 3318 1642 destina-

1796 1686 1928 1730 tum.
1970 1677 2191 1729 Gloriati
2222 1685 2347 1731 sunt
2373 1678 2461 1744 qui
2491 1677 2718 1730 oderunt
2754 1677 2914 1730 Deum
2944 1680 2995 1730 in
3027 1676 3202 1731 medio
3232 1692 3318 1729 so—

130 1764 461 1830 ἠρανίσθη
499 1765 588 1827 εἰς
619 1765 799 1827 νῖκος.
853 1763 1086 1832 ’Υψωμα
1113 1764 1165 1816 δὲ
1204 1765 1307 1816 τῶν
1337 1765 1503 1816 ποδῶν
1534 1766 1692 1818 αὑτοῦ

1801 1765 2083 1818 lemnitatis
2112 1765 2249 1831 ejus,
2293 1772 2346 1817 et
2383 1768 2574 1819 merito
2600 1766 2833 1834 quidem.
2864 1766 2998 1830 Quia
3032 1768 3173 1819 enim
3219 1765 3318 1833 ipsi

130 1858 157 1904 ὁ
178 1852 314 1917 νεὼς
348 1848 430 1920 ἦν
462 1853 492 1903 ὁ
525 1853 824 1921 εὐκτήριος.
879 1853 1324 1922 Ἐνεκαυχήσαντο
1349 1857 1395 1904 οἰ
1426 1854 1699 1921 μισοῦντες

131 1944 224 2010 τὴν
246 1942 397 1993 Θεὸν
432 1942 492 1992 ἑν
518 1941 664 2009 μέσῳ
689 1942 783 2009 τῆς
815 1941 1001 2009 ἑορτῆς
1023 1942 1181 1993 αὑτοῦ
1211 1944 1445 2003 εἰκότως,
1486 1944 1698 2011 Ἐπειδὴ

130 2032 235 2098 γὰρ
255 2030 433 2083 αὐτοὶ
454 2029 705 2098 πρότεροι
722 2029 810 2080 τὸν
838 2029 994 2080 τόπον
1018 2031 1278 2091 οἰκοῦντες
1299 2031 1484 2093 ἀθέους
1506 2033 1700 2100 ἤραντο

132 2122 321 2190 χεῖρας
360 2117 516 2171 κατὰ
541 2118 632 2169 τοῦ
662 2117 890 2186 Χριστοῦ
920 2117 1010 2169 τοῦ
1042 2118 1172 2169 Θεοῦ
1199 2120 1254 2170 ἐν
1287 2119 1433 2188 μέσῳ
1468 2120 1561 2189 τῆς
1584 2122 1701 2189 ἑορο

130 2212 225 2279 τῆς
246 2207 459 2268 αὐτοῦ,
485 2207 633 2275 βοαῖς
656 2225 711 2258 τε
734 2207 907 2268 ἀθέοις
935 2208 1025 2258 καὶ
1042 2208 1281 2273 ἑναγέσιν
1306 2210 1614 2281 ἐχρήσαντο,
1640 2211 1696 2261 ἐν

130 2300 263 2366 αὑτῇ
297 2299 375 2365 τῇ
414 2294 513 2346 τοῦ
550 2294 739 2361 Πάσχα
770 2293 945 2363 ἡμέρᾳ
974 2294 1033 2345 τὸ
1063 2289 1196 2363 αἷμα
1227 2294 1386 2347 αὐτοῦ
1419 2295 1535 2347 καθ’
1567 2297 1693 2347 ἑαυο

128 2388 234 2439 τῶν
263 2387 368 2439 καὶ
402 2384 550 2436 κατὰ
574 2384 679 2433 τῶν
712 2383 849 2435 ἰδίων
879 2383 1076 2435 τέκνων
1104 2384 1529 2453 ἑξαιτησάμενοι’
1560 2386 1699 2437 εἰκός

129 2494 232 2537 τως
272 2478 339 2527 ἑν
396 2474 555 2543 μέσῳ
604 2473 701 2539 τῆς
735 2472 922 2541 ἑορτῆς
955 2472 1135 2541 μετῄει
1164 2473 1355 2533 αὐτοὺς
1396 2475 1428 2543 ἡ
1463 2474 1526 2524 ἑκ
1566 2473 1697 2525 Θεοῦ

129 2570 263 2637 ὀργή
285 2584 299 2596 ·
338 2565 431 2625 ὡς
463 2564 558 2614 καὶ
584 2562 772 2629 ἑτέραν
802 2561 1125 2629 προφητείαν
1152 2561 1476 2630 πληροῦσθαι
1501 2564 1578 2624 εἰς
1605 2564 1698 2613 αὐ-

129 2659 251 2718 τοὺς
275 2696 291 2717 ,

130 2743 386 2811 θρῆνον.

197 2851 419 2907 Εἶπαν
446 2854 519 2903 ἐν
546 2849 618 2916 τῇ
639 2850 845 2916 καρδίᾳ
872 2850 1063 2903 αὐτῶν
1079 2856 1137 2904 αἱ
1166 2853 1492 2920 συγγένειαι
1513 2854 1707 2906 αὐτων

128 2944 221 2996 ἐπὶ
248 2943 315 2995 τό
349 2941 518 2993 αὑτό
538 2958 548 2969 ·
572 2939 1044 3005 Καταπαύσωμεν
1072 2939 1176 3003 τὰς
1203 2940 1405 3005 ἑορτὰς
1432 2941 1533 2993 τοῦ
1559 2941 1702 2993 Θεοῦ

1798 1856 1953 1924 primi
1980 1857 2152 1908 locum
2180 1855 2492 1918 incolentes,
2528 1856 2580 1907 in
2612 1855 2783 1907 medio
2813 1855 3168 1908 solemnitatis
3203 1854 3320 1921 ejus

1796 1945 1988 2013 impias
2020 1954 2210 1998 contra
2250 1945 2521 1997 Christum
2554 1943 2645 1996 Dei
2691 1944 2926 1997 extulere
2956 1959 3166 2002 manus.
3207 1943 3319 1995 cla-

1798 2036 2141 2103 moribusque
2179 2033 2356 2101 impiis
2384 2040 2437 2086 et
2470 2032 2688 2087 nefariis
2718 2034 2825 2095 usi,
2856 2034 2907 2085 in
2953 2033 3068 2100 ipso
3106 2031 3320 2085 Pascha:

1798 2124 1881 2176 die
1922 2124 2233 2192 sanguinem
2265 2122 2383 2190 ejus
2416 2137 2576 2190 super
2614 2136 2671 2175 se
2716 2132 2769 2175 et
2818 2138 2979 2189 super
3015 2123 3150 2174 lilios
3194 2137 3321 2175 suos

1796 2211 2226 2279 expetierunt";
2260 2211 2381 2277 jure
2430 2210 2482 2262 in
2514 2209 2689 2263 medio
2726 2208 3078 2262 solemnitatis
3108 2208 3322 2262 invade-

1795 2300 1885 2352 bat
1921 2315 2014 2354 eos
2059 2300 2137 2351 ira
2183 2297 2314 2363 Dei;
2349 2299 2418 2350 ita
2465 2306 2525 2350 ut
2569 2296 2670 2349 alia
2722 2296 2996 2365 praphctia
3039 2297 3321 2364 impleatur

1794 2405 1897 2457 qua
1928 2390 1992 2443 de
2022 2390 2127 2443 iliis
2155 2389 2352 2442 dicitur
2383 2407 2395 2440 :
2427 2386 2490 2438 Et
2524 2396 2813 2439 convertam
2854 2386 3203 2439 solemnitate:
3237 2399 3319 2437 ve-

1794 2487 1930 2531 atras
1982 2480 2038 2530 in
2073 2480 2285 2543 lactant,
2348 2484 2396 2529 et
2445 2475 2764 2529 celebritates
2816 2484 3011 2529 uestras
3064 2476 3118 2527 in
3172 2473 3321 2541 plan-

1794 2577 1931 2619 ctum
1948 2568 2012 2618 ⁸⁸.

330 2654 412 2704 δι’
458 2648 528 2721 ἧς
559 2650 766 2720 εἴρητοο
803 2650 909 2702 Καὶ
948 2650 1327 2717 μεταστρέψαι
1357 2652 1460 2715 τὰς
1491 2650 1691 2717 ἑορτὰς
1725 2655 1887 2722 ὑμῶν
1926 2657 2011 2720 εἰς
2054 2654 2265 2719 πένθος
2287 2693 2303 2719 ,
2349 2655 2444 2707 καί
2508 2653 2612 2718 τὰς
2638 2654 2987 2720 πανηγύρεις
3024 2650 3184 2720 ὑμῶν
3240 2649 3324 2714 εἰς

1878 2853 2036 2906 Vsus.
2061 2852 2112 2910 8.
2131 2853 2181 2905 9.
2205 2851 2454 2903 Dixerunt
2467 2866 2519 2902 tn
2535 2849 2686 2902 corde
2704 2864 2794 2900 suo
2813 2850 3137 2917 cognationes
3150 2862 3322 2903 eorum

1807 2942 1980 3001 simul,
1999 2941 2266 3004 Quiescere
2278 2941 2533 3008 faciamus
2556 2938 2667 2990 dies
2688 2936 2844 3004 festos
2868 2937 2962 2990 Dei
2978 2955 3009 2989 a
3024 2947 3180 2991 terra.
3202 2939 3325 2993 Haec

126 3032 245 3084 ἀπὸ
278 3030 411 3096 τῆς
438 3027 570 3096 γῆς.
633 3026 710 3077 Τὰ
737 3025 1086 3095 προλεχθέντα
1113 3028 1283 3079 πάντα
1310 3028 1551 3079 δυσσεϐεῖ
1578 3045 1698 3079 σκο-

1801 3038 1992 3097 omnia,
2018 3037 2208 3103 inquit,
2223 3035 2384 3096 impio
2401 3034 2628 3087 consilio
2646 3031 2845 3086 inimici
2866 3030 2941 3082 tui
2958 3031 3279 3097 peragebant
3308 3050 3320 3084 :

127 3121 232 3190 πῷ,
256 3120 437 3188 φησί,
466 3115 819 3185 διεπράξαντο
834 3117 880 3165 οἱ
910 3115 1087 3184 ἐχθροί
1111 3132 1200 3166 σου
1219 3132 1233 3144 ·
1254 3118 1312 3167 τό
1336 3134 1394 3168 τε
1420 3116 1525 3187 γὰρ
1550 3119 1698 3183 ἁγια-

128 3210 366 3281 στήριόν
414 3223 511 3256 σου
543 3203 881 3273 ἐνεπύρισαν,
912 3204 1003 3255 καὶ
1034 3203 1092 3254 τὸ
1121 3206 1376 3272 σκήνωμα
1398 3205 1487 3256 τοῦ
1510 3206 1702 3274 ὀνόμα-

125 3300 215 3361 τὸς
244 3316 349 3351 σου
389 3295 761 3364 ἐϐεϐήλωσαν,
795 3294 885 3344 καὶ
911 3293 978 3345 τὰ
1005 3293 1161 3344 λοιπὰ
1184 3295 1353 3346 πάντα
1378 3294 1701 3363 τετολμήκα-

128 3407 211 3440 σιν
227 3407 240 3419 ο
261 3389 379 3441 οὐκ
406 3383 715 3452 ἀνθρώποις
733 3381 1178 3443 ἐπιϐουλεύοντες,
1194 3383 1309 3433 οὐδὲ
1326 3384 1483 3435 τόπον
1501 3384 1702 3453 πολιορ-

128 3483 243 3530 κεῖν
275 3473 624 3547 προθέμενοι
643 3488 655 3501 °
683 3472 761 3522 σοὶ
781 3471 835 3522 δὲ
854 3469 931 3539 τῷ
957 3469 1069 3538 Θεῷ
1095 3470 1465 3537 πολεμοῦντες,
1490 3472 1582 3523 καὶ
1604 3471 1700 3533 τὰς

126 3566 329 3635 ἑορτάς
362 3577 467 3613 σου
493 3558 785 3611 καταλῦσαι
808 3556 1180 3624 διανοούμενοι.
1205 3558 1381 3610 Ταῦτα
1403 3559 1486 3621 δὲ,
1511 3561 1558 3610 εί
1607 3560 1701 3611 καὶ

128 3658 205 3724 μὴ
243 3655 503 3721 στόματι
537 3649 754 3700 ἐλάλουν
774 3688 788 3709 ,
831 3647 964 3699 ἀλλὰ
990 3650 1107 3709 ταῖς
1138 3648 1376 3718 καρδίαις
1408 3649 1582 3701 αὐτῶν
1612 3651 1702 3702 καὶ

1794 3139 1915 3177 nam
1936 3125 2320 3185 sanctuarium,
2352 3122 2545 3191 inquit,
2581 3130 2731 3174 tuum
2763 3119 3134 3180 incenderunt,
3165 3127 3217 3171 et
3246 3126 3324 3170 ta-

1796 3214 2143 3268 bernaculum
2220 3213 2452 3267 nominis
2502 3212 2580 3263 tui
2659 3209 3048 3278 profanarum,
3107 3217 3325 3259 caetera-

1795 3318 1899 3370 que
1950 3303 2128 3355 omnia
2192 3301 2308 3355 ausi
2361 3308 2529 3361 sunt,
2587 3312 2692 3350 non
2754 3295 3059 3349 hominibus
3100 3294 3325 3347 insidias

1797 3400 2100 3451 struentes,
2158 3405 2264 3443 non
2332 3390 2507 3441 locum
2564 3387 2735 3453 ipsum
2799 3384 3043 3437 obsidere
3118 3390 3321 3435 tantum

1797 3480 1852 3533 in
1908 3479 2083 3531 animo
2142 3478 2437 3537 habentes;
2489 3474 2578 3528 sed
2646 3474 2742 3526 tibi
2800 3471 2906 3526 Deo
2953 3472 3149 3525 bellum
3210 3485 3325 3523 mo-

1796 3576 1999 3631 ventes,
2039 3575 2092 3622 et
2124 3567 2259 3622 festa
2296 3573 2387 3619 tua
2418 3565 2624 3620 solvere
2654 3563 2972 3632 cogitantes.
3005 3561 3129 3615 llaec
3162 3574 3324 3630 porro

1798 3657 2007 3711 etiamsi
2064 3670 2170 3708 non
2224 3670 2316 3708 ore
2367 3652 2709 3723 proferrent,
2756 3649 2849 3703 sed
2911 3648 3074 3702 corde
3118 3654 3323 3701 mente—

1799 3757 1903 3810 que
1924 3739 2448 3809 cogitabantNerum
2480 3739 2554 3791 illi
2590 3738 2681 3791 Dei
2710 3737 2893 3791 hostes
2925 3736 3056 3788 talia
3088 3736 3327 3804 cogitan-

1800 3838 1880 3884 tes
1914 3830 2087 3884 locum
2122 3830 2249 3884 olim
2289 3829 2396 3882 Deo
2424 3827 2660 3881 dicatum
2701 3824 2911 3880 excidio
2939 3824 3275 3877 tradiderunt
3308 3841 3324 3877 :

1801 3934 2026 3987 magnus
2070 3926 2247 3973 autem
2294 3918 2382 3971 ille
2428 3926 2721 3985 potensque
2761 3913 2918 3975 Deus,
2959 3927 3057 3981 pro
3093 3928 3199 3965 uno
3239 3913 3329 3965 illo

1801 4005 1939 4069 loco,
1962 4005 2028 4058 ab
2054 4006 2259 4058 oriente
2280 4005 2391 4058 sole
2424 4018 2593 4071 usque
2624 4001 2690 4055 ad
2721 4014 2969 4054 occasum
2993 4014 3087 4066 per
3115 3998 3330 4051 univer-

1805 4109 1923 4147 sum
1958 4094 2140 4147 orbem
2169 4093 2423 4147 ecclesias
2450 4092 2551 4145 sibi
2587 4106 2679 4159 per
2708 4104 2892 4143 omnes
2922 4096 3107 4155 gentes
3127 4087 3327 4140 consti-

123 3748 244 3806 ταῖς
269 3739 622 3807 ἐνθυμήσεσι
650 3736 959 3803 ἑλογίξοντο.
998 3737 1149 3788 Ἀλλὰ
1176 3737 1293 3788 τότε
1328 3738 1420 3806 μὲν
1452 3739 1499 3788 οἰ
1525 3737 1704 3806 ἐχθροὶ

126 3833 219 3884 τοῦ
254 3830 411 3883 Θεοῦ
445 3825 617 3878 ταῦτα
649 3823 973 3892 λογιζόμενοι
1008 3823 1095 3875 τὸν
1129 3824 1290 3876 πάλαι
1320 3824 1395 3892 τῷ
1415 3824 1528 3893 Θεῷ
1560 3826 1705 3891 ἀφω-

130 3922 408 3992 ρισμένον
478 3915 633 3966 τόπον
677 3913 971 3982 καθῄρουν·
1004 3915 1031 3964 ὁ
1063 3913 1116 3964 δὲ
1163 3914 1326 3982 μέγας
1368 3914 1457 3964 καὶ
1492 3913 1705 3975 δυνατὸς

124 4009 262 4070 Θεὸς
288 4007 418 4060 ἀνθ’
447 4003 569 4063 ἑνὸς
603 4001 806 4052 ἐκείνου
836 3999 933 4062 τὰς
972 4001 1062 4052 ἀπ’
1086 4001 1349 4053 ἀνατολῶν
1373 4001 1517 4070 ἡλίου
1549 4002 1703 4071 μέχρι

121 4097 363 4167 δυσμῶν
398 4091 526 4145 καθ’
560 4090 685 4159 ὅλης
710 4090 807 4157 τῆς
838 4092 1152 4160 οἰκουμένης
1183 4089 1465 4159 ἐκκλησίας
1491 4093 1546 4142 ἐν
1578 4094 1705 4144 πᾶσι

125 4188 369 4253 συνίστη
399 4185 516 4242 τοῖς
545 4180 738 4231 ἔθνεσι.
770 4180 876 4231 Καὶ
901 4181 948 4230 οἰ
977 4180 1070 4248 μὲν
1104 4180 1282 4249 ἐχθροί
1304 4198 1415 4243 σου,
1444 4183 1590 4249 φησὶ,
1614 4182 1698 4234 καὶ

1804 4182 1924 4236 luit.
1970 4181 2036 4235 Et
2084 4197 2208 4237 vero
2246 4181 2470 4245 inimici,
2502 4181 2693 4247 inquit,
2725 4186 2778 4233 et
2821 4178 3000 4229 hostes
3050 4176 3126 4228 tui
3177 4176 3326 4243 signa

122 4276 399 4344 πολέμιοι
449 4270 521 4321 τὰ
575 4268 778 4320 ἑαυτῶν
824 4271 1016 4336 σημεῖα
1052 4268 1245 4338 ἔθηκαν
1280 4270 1337 4321 ἐν
1383 4271 1564 4341 ὑψηλῷ
1616 4272 1698 4323 καὶ

1806 4286 1901 4323 sua
1940 4271 1992 4322 in
2040 4270 2147 4322 alto
2181 4277 2234 4322 et
2275 4269 2328 4321 in
2372 4267 2676 4335 conspicuis
2729 4266 2859 4317 locis
2898 4270 3213 4331 posuerunt,
3261 4262 3327 4313 ad

124 4365 447 4432 ἐπισήμοις
474 4356 681 4417 τόποις,
696 4356 830 4423 ,παρ’
853 4355 1018 4416 αὑτὰς
1045 4355 1141 4416 τὰς
1165 4357 1395 4420 εἰσόδους
1416 4357 1506 4408 τοῦ
1532 4359 1698 4428 ἱεροῦ·

1807 4359 1951 4426 ipsas
1981 4373 2149 4425 usque
2186 4356 2366 4425 templi
2400 4357 2614 4417 valvas,
2655 4363 2713 4406 ut
2742 4366 2927 4405 omnes
2972 4351 3062 4418 qui
3108 4357 3329 4419 prater-

1808 4447 1977 4509 ibant,
2009 4446 2247 4499 victoria:
2276 4446 2487 4498 illorum
2530 4443 2767 4512 symbola
2798 4440 3198 4508 conspicerent;
3230 4455 3328 4492 nos

1807 4545 2004 4598 autem,
2033 4551 2098 4589 ex
2136 4550 2362 4604 quorum
2388 4548 2611 4602 persona
2643 4532 2815 4585 oratio
2849 4530 3111 4591 inliditur,
3165 4528 3329 4598 Signa

1808 4635 1985 4677 nostra
2007 4641 2107 4677 non
2137 4623 2374 4676 uidimus.
2399 4621 2676 4686 Quomodo
2708 4620 2857 4688 signa
2894 4624 3080 4669 nostra
3114 4632 3219 4669 non
3252 4617 3329 4669 vi—

1807 4716 2003 4776 dimus,
2038 4714 2144 4768 nisi
2173 4713 2299 4781 quia
2333 4712 2449 4777 jam
2489 4726 2587 4761 non
2613 4718 2687 4761 est
2716 4706 2978 4776 propheta,
3007 4713 3055 4756 et
3101 4722 3193 4756 nos
3227 4721 3330 4756 non

1807 4810 2071 4871 cognoscet
2108 4800 2371 4867 amplius?
2404 4795 2539 4850 Olim
2567 4796 2779 4864 quidem
2816 4791 3040 4859 singulis
3078 4790 3329 4858 tempori-

1808 4894 1928 4953 bus,
1957 4893 2011 4944 in
2057 4888 2489 4959 generationibus
2538 4894 2592 4939 et
2643 4881 3077 4940 successionibus
3121 4888 3334 4946 patrum

1809 4989 2137 5042 nostrorum,
2168 4977 2436 5047 propheta:
2460 4975 2591 5044 ipsis
2623 4972 2863 5029 obsessis
2884 4978 2938 5023 et
2966 4969 3020 5019 in
3051 4968 3338 5035 captivita-

1809 5075 1914 5121 tem
1944 5068 2081 5121 actis
2107 5068 2328 5119 aderant
2362 5084 2375 5118 :
2402 5065 2543 5132 quod
2578 5065 2868 5117 maximum
2908 5064 3029 5110 erat
3056 5071 3347 5124 argumen-

1808 5163 1919 5209 tum
1961 5164 2014 5211 et
2061 5158 2292 5226 signum,
2324 5168 2417 5207 eos
2460 5168 2566 5206 non
2602 5148 2937 5219 providentia
2966 5145 3233 5198 exclusos
3259 5149 3354 5195 tua

1809 5246 2007 5312 fuisse;
2033 5247 2201 5299 virtus
2227 5244 2365 5298 enim
2404 5243 2493 5295 illa
2521 5242 2782 5295 universis
2817 5236 3149 5307 providens.
3184 5231 3244 5281 'm
3270 5245 3364 5284 OX-

121 4451 203 4513 ὡς
232 4450 308 4504 ἂν
355 4448 565 4508 πάντες
591 4446 639 4495 οἰ
668 4444 881 4505 διιόντει,
918 4443 1083 4513 ὁρῷεν
1117 4443 1291 4495 αὐτῶν
1314 4445 1380 4496 τὰ
1404 4447 1703 4514 νικητήριον

124 4544 301 4612 ἡμεῖς
336 4540 426 4599 δὲ,
462 4529 539 4586 ὧν
588 4536 651 4585 ἑκ
682 4530 964 4603 προσώπου
1006 4532 1269 4600 ἱκετήριος
1315 4531 1443 4601 εὐχὴ
1475 4533 1712 4601 ἀναπέμ-

126 4649 332 4692 πεται,
367 4628 447 4682 Τὰ
487 4623 708 4691 σημεῖα
748 4620 911 4688 ἡμῶν
945 4623 1051 4673 οὐκ
1081 4622 1330 4687 εἴδομεν.
1371 4620 1490 4682 Πῶς
1523 4621 1578 4673 δὲ
1612 4623 1711 4674 οὐκ

126 4719 363 4785 εἴδομεν
400 4710 560 4781 ἡμῶν
606 4709 671 4760 τὰ
715 4710 939 4775 σημεῖα,
975 4708 1084 4759 ἀλλ’
1125 4708 1243 4759 ἐπεὶ
1285 4710 1392 4760 οὐκ
1425 4707 1591 4759 ἐστιν
1626 4709 1711 4761 ἔτι

126 4804 493 4875 προφήτης,
525 4798 621 4850 καὶ
664 4797 817 4864 ἡμᾶς
858 4798 927 4847 οὐ
957 4799 1238 4863 γνώσεται
1265 4796 1385 4857 En;
1414 4795 1582 4848 Πάλαι
1614 4797 1710 4865 μὲν

125 4897 248 4964 γὰρ
286 4891 422 4946 καθ’
461 4889 688 4939 ’ἑκαστον
723 4886 905 4954 καιρὸν
950 4885 1039 4935 καὶ
1076 4885 1213 4935 κατὰ
1242 4882 1426 4951 γενεὰς
1455 4885 1546 4935 καὶ⁹
1574 4885 1710 4937 κατὰ

123 4981 405 5050 διαδοχὰς
446 4975 555 5027 τῶν
597 4973 870 5044 ἡμετέρων
903 4973 1161 5041 πατέρων,
1190 4972 1454 5040 προφῆται
1482 4973 1711 5041 συνῆσαν

126 5073 336 5133 αὐτοῖς
350 5064 825 5133 πολιορκουμένοις
852 5063 940 5112 καὶ
957 5064 1032 5123 εἰς
1056 5060 1417 5128 αἰχμαλωσίαν
1440 5061 1713 5129 ἀπαγομέ-

127 5178 252 5221 νοις
274 5176 290 5189 σ
333 5159 478 5224 ὅπερ
505 5149 573 5222 ἦν
614 5152 862 5220 μέγιστον
907 5150 1099 5217 δεῖγμα
1135 5150 1224 5200 καὶ
1265 5150 1480 5215 σημεῖον
1517 5150 1608 5200 τοῦ
1637 5152 1711 5219 μὴ

135 5246 563 5304 ἁνεπισκὸπους
616 5242 808 5302 αὐτοὺς
847 5241 1129 5308 ὑπάρχειν·
1170 5236 1355 5305 ἠγοῦν
1387 5240 1711 5309 προνοητικὴ

139 5336 253 5389 τῶν
293 5334 442 5387 ὅλων
480 5331 725 5397 δύναμις,
770 5327 952 5397 ὥσπερ
986 5326 1193 5394 ἰατροὺς
1230 5328 1284 5376 ἐν
1317 5327 1428 5385 ταῖς
1457 5326 1711 5393 ἐσχάταις

128 5427 467 5498 συμφοραῖς
520 5421 644 5481 τοὺς
698 5418 970 5487 προφήτας
1019 5414 1096 5482 τῷ
1132 5414 1247 5465 τότε
1294 5412 1401 5481 λαῷ
1442 5414 1706 5485 καθίστηο

210 5581 264 5614 ’⁸
311 5576 511 5632 Matth.
545 5587 685 5628 xxvi!
710 5610 725 5631 ,
757 5568 844 5621 25.
918 5568 959 5598 ’⁸
992 5566 1155 5617 Amos
1196 5576 1310 5624 vm,
1346 5563 1408 5615 10

1810 5337 1993 5390 tremis
2022 5334 2413 5390 calamitatibus
2462 5332 2748 5400 prophetas
2800 5340 2907 5380 ceu
2957 5319 3227 5373 medicos
3268 5317 3373 5382 ipsi

1809 5426 1932 5479 olim
1966 5426 2156 5496 p0pulo
2184 5420 2539 5477 constituebat
2569 5438 2582 5474 :
2612 5430 2663 5474 et
2706 5421 2831 5473 lucc
2864 5417 3042 5467 erant
3066 5403 3176 5457 υεῑ
3211 5403 3384 5470 si!“-
