3796 6364
505 329 614 386 859

1168 329 1422 384 EUSEBH
1461 327 1922 382 (ΣᾸΞΒΑΒΙΕΝΒΙΞ
1960 327 2045 383 ΟΡ

2155 327 2329 381 ΡΜιὸ
2367 326 2449 380 ΙΙΙ.
2481 357 2550 367 -
2591 321 3003 380 EXEGETICA.

3594 327 3682 383 800

513 443 668 499 Nunc
708 452 880 498 autem
923 457 1044 497 cum
1073 443 1322 510 pmdicta
1361 439 1414 494 in
1442 455 1542 494 nos
1571 455 1729 508 opere
1752 440 2039 508 perﬁciun-

2148 442 2231 494 καὶ
2256 441 2425 494 ταῦτα
2465 437 2531 511 ἦν
2560 439 2652 492 τοῦ
2685 438 2818 491 Θεοῦ
2851 438 2919 490 τὰ
2957 436 3186 506 σημεῖα.
3224 434 3338 489 Νῦν
3377 435 3430 488 δὲ
3460 438 3534 500 είς
3561 440 3684 508 ἡμᾶς

515 542 626 600 ur,
683 535 843 604 Signa
868 543 1044 586 nostra
1070 548 1170 584 non
1200 530 1416 584 vidimus
1443 546 1462 584 :
1490 545 1658 599 quare
1692 530 1809 598 jam
1839 547 1938 583 non
1965 543 2039 585 est

512 625 778 692 propheta,
819 630 868 674 et
899 636 992 672 uos
1027 635 1127 672 non
1154 627 1420 686 cognoscet
1447 619 1688 686 amplius.
1713 617 1845 672 Nam
1883 619 1929 672 si
1974 620 2038 673 ad

512 717 672 772 Lteve
693 714 862 768 solum
883 719 1092 782 tempus
1115 709 1385 779 praphetaa
1408 707 1765 769 defecissent,
1791 715 1843 761 et
1859 717 2039 777 postea

510 815 688 857 tamen
735 799 1130 870 apparuissent,
1159 811 1494 866 nequaquam
1541 796 1742 850 dictum
1791 804 1953 859 esset,
1991 807 2040 850 et

511 907 602 944 nos
659 907 759 944 non
805 897 1070 958 cognoscet
1130 889 1371 954 amplius.
1435 886 1552 941 lam
1591 902 1718 940 vero
1761 887 1883 954 quia
1922 899 2041 954 post

509 980 749 1048 ipsorum
791 976 842 1030 in
876 973 1217 1030 Servatorem
1262 990 1445 1038 ausus,
1481 975 1904 1043 irrumpentibus
1934 974 2040 1026 Ro-

509 1067 703 1131 manis,
733 1067 1018 1136 locumque
1057 1083 1087 1120 a
1133 1065 1480 1120 fundamento
1509 1063 1865 1126 diruentibus,
1904 1079 2036 1117 nus-

509 1171 670 1226 quam
713 1156 984 1226 propheta:
1023 1156 1258 1210 obsessis
1297 1157 1542 1216 aderant,
1613 1153 1706 1208 sed
1753 1168 1925 1222 neque
1958 1169 2040 1208 se-

507 1249 691 1318 quenti
719 1256 959 1317 tempore
987 1248 1293 1310 adfuerunt,
1321 1262 1419 1300 nec
1441 1261 1674 1315 unquam
1707 1253 1890 1316 postea
1918 1261 2038 1299 sur-

507 1339 708 1393 recturi
738 1348 893 1404 sunt;
923 1339 1222 1392 admirabili
1253 1337 1410 1390 modo
1444 1336 1724 1404 prophetia
1759 1342 2039 1404 postquam

507 1428 734 1493 dxerat,
764 1427 887 1481 lam
925 1445 1025 1481 non
1055 1437 1130 1481 est
1173 1429 1436 1494 propheta,
1463 1426 1686 1489 addidit,
1719 1435 1767 1478 et
1810 1442 1902 1478 nos
1943 1443 2041 1478 non

508 1526 775 1586 cognoscet
809 1517 1052 1586 amplius.
1098 1516 1252 1582 Quod
1306 1531 1435 1570 sane
1475 1531 1580 1568 non
1632 1515 2040 1584 Babyloniorum

505 1615 778 1674 tempore,
811 1619 981 1674 neque
1025 1603 1290 1673 superiori
1341 1618 1453 1656 mvo
1497 1602 1603 1656 dici
1654 1609 1877 1670 poterat.
1911 1599 2041 1652 Nam

507 1695 736 1765 singulis
759 1697 814 1749 in
845 1695 1282 1764 generationibus
1314 1709 1479 1762 penes
1504 1693 1625 1747 illos
1659 1693 2040 1762 pr0phetarum

493 1785 782 1840 ‘successio
812 1784 1014 1852 tloruit,
1041 1791 1094 1838 et
1114 1797 1284 1852 usque
1323 1783 1390 1836 ad
1417 1781 1675 1836 Joannem
1728 1779 2039 1849 prophetam
2073 1765 2113 1822 Β

509 1877 824 1945 permansit.

576 2066 740 2120 Vsus.
781 2067 865 2127 l0.
892 2064 977 2120 Η.
1013 2066 1301 2134 Usquequo,
1335 2063 1490 2126 Deus,
1523 2063 1831 2130 improperat
1863 2060 2040 2112 inimi—

510 2174 621 2221 cus,
645 2159 821 2210 irritat
851 2156 1182 2209 adversarius
1230 2171 1412 2208 nomen
1448 2162 1591 2205 tuum
1643 2153 1695 2204 in
1747 2151 1942 2219 ﬁnem?
1983 2149 2038 2203 In

509 2247 759 2317 praesenti
799 2246 1078 2316 prophetia
1125 2243 1277 2307 illud,
1313 2245 1366 2296 in
1396 2245 1568 2312 ﬁnem,
1611 2242 1924 2310 plerumque
1959 2240 2042 2291 di-

508 2345 652 2390 ctum
677 2337 794 2390 fuit.
826 2337 882 2390 ln
913 2335 1175 2404 principio
1202 2349 1434 2402 namque
1479 2333 1790 2385 dicebatur:
1828 2329 2038 2399 thuid,

511 2427 670 2489 Deus,
695 2428 929 2495 repulisti
967 2427 1020 2478 in
1049 2427 1247 2493 ﬁnem?
1277 2423 1476 2478 Deinde
1499 2439 1625 2476 vero
1652 2441 1664 2474 :
1695 2421 1828 2474 Leva
1858 2437 2040 2474 manus

512 2529 628 2571 tuas
661 2519 714 2570 in
743 2515 1009 2584 superbius
1037 2517 1090 2567 in
1119 2517 1306 2583 ﬁnem;
1339 2514 1496 2566 tertio
1534 2532 1546 2566 :
1583 2511 1770 2564 Irritat
1799 2511 2042 2563 adversa-

510 2610 620 2660 rius
673 2623 854 2660 nomen
905 2615 1046 2657 tuum
1091 2606 1144 2657 in
1191 2605 1378 2671 ﬁnem;
1434 2618 1752 2670 rursumque
1798 2621 1810 2655 :
1850 2600 2040 2669 thuid

511 2697 699 2748 avertis
726 2711 934 2748 manum
969 2703 1109 2745 tuam
1136 2703 1182 2746 et
1212 2692 1474 2745 dexteram
1507 2704 1647 2744 tuam
1669 2693 1731 2744 de
1761 2691 1924 2744 medio
1962 2693 2037 2746 εἱ·-

511 2801 580 2838 nu
610 2794 697 2837 tuo
727 2785 781 2836 in
803 2785 996 2851 ﬁnem?
1022 2781 1184 2846 Queis
1218 2791 1488 2850 postrema
1521 2782 1622 2834 loci
1650 2781 1858 2835 obsidio
1875 2783 2042 2851 signi-

513 2874 719 2926 licatur.
751 2872 884 2926 Cum
909 2880 1084 2926 autem
1115 2879 1460 2940 percontatur
1479 2878 1532 2924 et
1554 2871 1684 2924 dicit
1707 2890 1720 2924 :
1749 2870 2038 2940 Usquequo,

515 2963 670 3025 Deus,
693 2963 1053 3032 improperabit
1073 2962 1569 3016 inimicus7edoceri
1591 2963 1738 3031 cupit
1764 2977 2042 3032 quousque

513 3051 696 3107 isthtec
718 3053 1101 3122 perdurabunt,
1139 3060 1193 3106 et
1235 3064 1476 3120 quaenam
1516 3051 1771 3119 temporis
1806 3051 2040 3105 circum-

514 3142 733 3210 scriptio
754 3142 876 3207 erit,
911 3148 965 3196 et
993 3126 1272 3210 usquequo
1304 3141 1540 3194 irritabit
1582 3139 1923 3194 adversarius
1949 3154 2048 3193 no-
2073 3118 2113 3171 θ

513 3246 634 3285 men
657 3239 828 3293 tuum,
857 3247 985 3284 num
1021 3232 1143 3284 talia
1168 3231 1371 3301 agendo
1392 3232 1445 3284 in
1490 3231 1644 3284 tinem
1676 3238 2048 3298 perseveratu-

515 3337 608 3375 rus
628 3322 719 3375 sit.
749 3321 1152 3388 Consequenter
1174 3321 1361 3373 horum
1394 3334 1608 3373 causam
1641 3319 1910 3388 precando
1940 3321 2046 3374 sci-

515 3412 740 3463 scitatur
782 3409 909 3462 dum
945 3409 1075 3462 dicit
1107 3427 1120 3461 :
1153 3407 1340 3476 thuid
1366 3408 1553 3460 avertis
1583 3423 1792 3460 manum
1829 3418 1970 3460 tuam
2002 3416 2052 3460 et

515 3501 781 3553 dexteram
826 3507 968 3550 tuam
1013 3497 1076 3550 de
1106 3497 1273 3552 medio
1318 3499 1435 3550 sinu
1484 3506 1570 3550 tuo
1616 3497 1670 3550 in
1707 3498 1904 3564 ﬁnem?
1932 3496 2052 3550 Haec

514 3602 676 3656 porro
695 3587 823 3640 dicti
853 3587 1119 3640 sententia
1151 3593 1235 3640 est
1268 3604 1282 3640 :
1319 3587 1473 3640 sinus
1501 3585 1593 3640 Dei
1637 3586 1791 3640 bonis
1820 3586 2052 3655 repletus

515 3685 618 3736 est,
654 3689 820 3742 quare
869 3675 1071 3727 dictum
1118 3683 1200 3728 est
1235 3694 1249 3728 :
1287 3675 1586 3746 Unigenitns
1632 3675 1824 3741 Filius,
1855 3679 1941 3747 qui
1977 3688 2054 3732 est

519 3763 571 3814 in
600 3763 717 3814 sinu
762 3761 1090 3829 Patris,ipse
1131 3765 1392 3816 enarravit
1423 3766 1489 3818 “.
1516 3764 1578 3817 Et
1603 3773 1685 3819 est
1715 3766 1800 3819 hic
1824 3779 2054 3822 arcanus

521 3853 760 3908 Paterna:
798 3853 1097 3908 divinitatis
1143 3855 1450 3918 thesaurus,
1489 3865 1543 3912 et
1577 3858 1852 3925 plenitudo
1887 3859 2055 3914 bono—

521 3959 640 3997 rum
689 3945 950 4007 omnium,
1011 3945 1154 3999 unde
1211 3946 1499 4013 gratiarum
1546 3948 1684 4000 dona
1740 3949 1806 4001 iis
1847 3951 1938 4018 qui
1997 3965 2056 4004 se

521 4033 666 4102 digni
690 4040 814 4088 sunt
849 4034 1092 4102 largitur.
1127 4031 1387 4098 Quoniam
1431 4033 1594 4103 igitur
1622 4035 1687 4088 de
1720 4036 1893 4090 medio
1932 4037 2054 4090 sinu

521 4123 658 4177 dona
689 4124 978 4192 gratiarum
1025 4123 1201 4192 dignis
1245 4131 1451 4191 erogat,
1482 4137 1543 4176 ac
1585 4124 1858 4176 dexteram
1901 4140 2052 4178 suam

523 4211 579 4264 iu
629 4211 749 4264 illos
789 4211 1045 4276 extendit,
1077 4212 1144 4264 ab
1189 4211 1423 4280 indignis
1451 4225 1578 4264 vero
1606 4212 1878 4266 dexteram
1903 4229 2052 4268 suam

524 4299 734 4359 avertit,
765 4299 1002 4368 nihilque
1034 4315 1097 4352 ex
1120 4300 1275 4352 bonis
1297 4301 1350 4352 in
1385 4307 1678 4352 memorato
1705 4299 1822 4353 sinu
1852 4317 1950 4355 suo
1975 4317 2057 4356 re-

2140 533 2393 600 γινόμενα
2415 533 2502 584 ὅτε
2524 533 2588 584 τὰ
2611 529 2978 602 προλεχθέντα
3007 527 3077 578 δι’
3100 527 3280 596 ἔργων
3296 531 3474 596 χωρεῖ,
3503 529 3572 580 Τὰ
3591 546 3682 596 trn-

2135 625 2271 693 μεῖα
2299 623 2465 692 ήμῶν
2491 625 2598 675 οὐκ
2637 621 2905 688 εἴδομεν·
2937 619 3006 670 δι’
3045 617 3075 669 ὃ
3105 619 3220 670 οὐκ
3261 617 3430 669 ἔστιν
3458 617 3542 670 ἔτι
3568 635 3677 688 προ-

2138 714 2350 783 φήτης,
2382 714 2479 766 καί
2509 711 2665 780 ἡμᾶς
2689 714 2761 763 οὑ
2783 708 3082 778 γνώσεται
3107 707 3217 759 ἔτι.
3243 708 3306 759 Ei
3335 708 3430 777 μὲν
3451 708 3553 781 γὰρ
3577 711 3684 780 πρὸς

2139 806 2323 876 καιρὸν
2352 805 2552 874 βραχὺν
2579 803 2814 855 διέλιπον
2835 802 2886 852 oi
2918 799 3230 869 προφῆται,
3254 795 3371 851 εἶτα
3399 799 3529 868 μετὰ
3548 801 3686 854 ταῦτα

2140 896 2297 948 πάλιν
2341 892 2864 961 ἁνεφάνησαν,“οὐκ
2910 891 2980 943 ἂν
3025 890 3272 956 ἐλέγετο,
3323 890 3417 942 καί
3461 889 3602 957 ἡμᾶς
3633 896 3685 944 εὑ

2141 985 2420 1053 γνώσεται
2450 983 2564 1035 ἐτι·
2605 982 2697 1034 νῦν
2727 981 2785 1034 δὲ
2817 981 3010 1048 ἐπειδὴ
3055 979 3199 1049 μετὰ
3229 979 3296 1031 τὰ
3327 979 3464 1030 κατὰ
3495 979 3578 1031 τοῦ
3603 982 3685 1033 Σω-

2138 1076 2300 1145 τῆρος
2329 1074 2665 1143 τολμηθέντα
2695 1074 2898 1134 αὐτοῖς,
2948 1071 3242 1140 Ῥωμαίων
3275 1071 3590 1123 ἐπιστάντων
3614 1075 3682 1125 καὶ

2138 1165 2226 1217 τὸν
2252 1165 2412 1217 τόπον
2440 1167 2503 1216 ἐκ
2531 1163 2748 1234 βάθρων
2784 1165 2880 1233 ὲρη
2891 1161 3220 1231 μωσάντων,
3248 1160 3481 1230 οὐδαμοῦ
3514 1163 3679 1230 προφῆ-

2138 1271 2225 1306 ται
2257 1255 2508 1324 παρῆσαν
2539 1257 2651 1316 τοῖς
2688 1251 3178 1320 πολιορκουμένοις
3199 1268 3212 1281 °
3251 1251 3365 1304 ἀλλ’
3394 1250 3506 1310 οὐδὲ
3533 1252 3582 1303 ἐν
3600 1255 3679 1313 τοῖς

2144 1345 2277 1413 μετὰ
2300 1343 2470 1398 ταῦτα
2496 1345 2709 1414 χρόνοις
2734 1343 3029 1409 γεγόνασιν
3047 1380 3060 1403 ,
3106 1341 3213 1393 οὐδ’
3235 1341 3464 1410 ἤμελλον
3490 1340 3681 1402 εἰσαῦθίς

2142 1449 2266 1483 ποτε
2311 1432 2739 1502 ἀναστήσεσθαι·
2799 1430 3139 1500 θαυμαστῶς
3195 1433 3228 1500 ή
3284 1431 3568 1500 πρόῤῥησις
3612 1433 3680 1499 φή·

2143 1540 2296 1582 σασα,
2327 1524 2445 1574 Οὐκ
2475 1523 2648 1574 ἔστιν
2668 1523 2756 1574 ἔτι
2785 1521 3128 1589 προφήτης,
3154 1521 3422 1589 ἐπήγαγε,
3454 1522 3543 1574 καὶ
3563 1522 3678 1589 ἡμᾶς

2141 1613 2210 1662 οὐ
2257 1609 2540 1677 γνώσεται
2568 1611 2677 1665 ἐτι.
2722 1610 2847 1661 ’Ότι
2903 1608 3024 1661 οὔτ’
3071 1609 3173 1662 ἐπὶ
3225 1608 3333 1661 τῶν
3383 1608 3676 1663 Βαϐυλωνίων

2141 1702 2340 1770 χρόνων
2373 1702 2610 1771 ἥρμοττε
2639 1700 2923 1767 λέγεσθαι,
2953 1699 3071 1752 οὔτ’
3098 1701 3194 1751 ἐπὶ
3217 1699 3324 1751 τῶν
3350 1700 3674 1768 παλαιοτέρων.

2144 1791 2390 1859 Ἤκμαζε
2437 1790 2566 1856 γοῦν
2619 1789 2740 1841 καθ’
2791 1791 3039 1857 ἑκάστην
3089 1789 3285 1857 γενεὰν
3325 1790 3450 1858 παρ’
3481 1790 3675 1858 αὑτοίςῄ

2137 1879 2240 1932 τῶν
2269 1880 2559 1950 προφητῶν
2584 1879 2825 1949 διαδοχὴ.
2857 1879 2894 1946 ἣ
2927 1879 3027 1930 καὶ
3053 1878 3310 1948 διήρκεσε
3340 1880 3520 1948 μέχρις
3540 1879 3673 1929 Ἰωάνα

2137 1987 2224 2020 νου
2257 1968 2347 2020 τοῦ
2387 1970 2684 2038 προφήτου.

2205 2061 2350 2123 Ἕως
2379 2061 2540 2121 πότε,
2574 2062 2606 2110 d
2640 2058 2810 2122 Θεὸς.
2839 2057 3117 2116 ὀνειδίζει
3147 2060 3180 2110 ὁ
3217 2057 3445 2124 ἐχθρὸς.
3477 2057 3673 2123 παροξύ-

2136 2167 2221 2202 νει
2256 2149 2611 2213 ὑπεναντίος
2635 2149 2702 2201 τὸ
2735 2147 2933 2216 ὄνομά
2959 2163 3079 2201 σου
3112 2150 3202 2211 εὶς
3235 2145 3441 2211 τέλος;
3468 2144 3672 2212 Πολλάκις

2137 2237 2346 2308 εἴρηται
2387 2237 2472 2290 διὰ
2498 2238 2596 2307 τῆς
2627 2238 2767 2307 μετὰ
2813 2241 3011 2307 χεῖρας
3047 2238 3382 2307 προφητείας
3412 2237 3486 2300 τὸ,
3517 2239 3588 2301 είς
3609 2236 3670 2288 sé-

2137 2332 2263 2393 λος.
2321 2329 2407 2379 Ἐν
2449 2329 2590 2396 ἀρχῇ
2642 2328 2741 2396 μὲν
2799 2328 2912 2398 γὰρ
2964 2327 3216 2396 ἐλέγετο·
3265 2329 3448 2389 Ἰνατί,
3493 2330 3522 2380 ό
3552 2326 3668 2389 Θεὸς,

2138 2417 2351 2470 ἀπώσω
2372 2421 2458 2482 εὶς
2489 2416 2692 2482 τέλος;
2742 2414 2849 2470 εἷθ’
2897 2418 3028 2487 ἑξῆς
3049 2436 3062 2448 ο
3112 2422 3372 2487 Ἐπαρον
3396 2417 3494 2483 τὰς
3522 2416 3668 2486 χεῖράς

2139 2524 2252 2562 σου
2283 2509 2376 2560 ἐπὶ
2419 2509 2522 2572 τὰς
2563 2511 2996 2576 ὑπερηφανίας
3041 2512 3130 2574 εὶς
3169 2509 3372 2574 τέλοςο
3400 2508 3484 2560 καὶ
3509 2506 3666 2576 τρίτον·

2144 2600 2461 2668 Παροξύνει
2501 2603 2532 2652 ὁ
2564 2602 2940 2666 ὑπεναντίος
2974 2601 3040 2654 τὸ
3067 2599 3252 2668 ὄνομά
3285 2615 3394 2652 σου
3419 2602 3496 2664 εις
3512 2598 3663 2660 τέλος·

2142 2691 2234 2742 καὶ
2259 2685 2437 2750 αὖθις·
2481 2689 2655 2742 Ἰνατί
2683 2689 3112 2758 ἀποστρέφεις
3134 2691 3252 2756 τὴν
3305 2687 3460 2758 χεῖρά
3483 2702 3578 2740 σου
3600 2684 3666 2737 καί

2141 2780 2252 2844 τὴν
2268 2779 2468 2842 δεξιάν
2483 2793 2597 2832 σου
2610 2779 2677 2831 ἐκ
2690 2779 2908 2846 μέσου
2924 2780 3034 2834 τοῦ
3051 2783 3285 2834 κόλπου
3297 2799 3407 2834 σου
3422 2782 3500 2843 εις
3511 2777 3667 2839 τέλοςς

2141 2872 2206 2923 δι’
2233 2865 2304 2922 ὧν
2335 2873 2363 2923 ὁ
2393 2870 2547 2936 λόγος
2579 2869 2675 2939 τὴν
2709 2872 3044 2924 τελευταίαν
3092 2872 3398 2942 πολιορκίαν
3437 2869 3518 2922 τοῦ
3544 2868 3664 2918 τόπου

2145 2961 2412 3030 σημαίνει.
2451 2957 2870 3028 Πυνθανόμενος
2907 2962 2966 3014 δὲ
3007 2965 3104 3015 καὶ
3141 2962 3344 3030 λέγων’
3377 2962 3512 3024 Ἕως
3545 2961 3666 3017 πότε,

2145 3051 2177 3099 ὁ
2236 3046 2394 3110 Θεὸς,
2439 3045 2679 3098 ὀνειδιεῖ
2711 3051 2746 3100 ό
2777 3049 3043 3116 ἐχορός;
3093 3049 3394 3119 διδαχθῆναι
3441 3047 3570 3100 ποθεῖ
3594 3047 3667 3104 ἓως

2149 3132 2274 3184 πότε
2319 3131 2466 3184 ταῦτ’
2505 3132 2682 3195 ἔσται,
2739 3137 2840 3188 καὶ
2886 3137 2975 3200 τίς
3029 3137 3181 3190 ἔσται
3220 3140 3252 3202 ἠ
3289 3135 3563 3209 περιγραφὴ
3599 3131 3666 3185 τοῦ

2147 3223 2355 3293 χρόνου,
2373 3225 2462 3275 καὶ
2481 3223 2640 3294 μέχρι
2680 3225 2832 3289 τίνος
2867 3228 3167 3298 παροξύνει
3187 3231 3263 3299 (1)
3285 3231 3312 3280 ὁ
3336 3227 3606 3287 ὑπεναντίος
3624 3223 3665 3275 τὸ

2148 3312 2314 3381 ὄνομά
2347 3330 2458 3374 σου,
2489 3314 2582 3365 καὶ
2614 3314 2664 3365 εί
2708 3316 2960 3387 διαμένει
2995 3321 3076 3382 είς
3099 3319 3250 3382 τέλος
3278 3319 3424 3372 τοῦτο
3457 3316 3662 3390 πράττων.

2149 3397 2258 3453 Εἶτ’
2284 3401 2584 3465 ἀκολούθως
2615 3405 2966 3462 πυνθάνεται
2993 3408 3093 3479 τὴν
3119 3408 3320 3461 τούτων
3342 3409 3501 3461 αἰτίαν
3523 3404 3660 3468 ἀξιῶν·

2149 3490 2229 3542 διό
2257 3505 2416 3557 φησιν
2433 3506 2447 3519 ⁸
2494 3490 2675 3542 ἰνατί
2710 3493 3122 3564 ἀποστρέφεις
3147 3497 3260 3564 τὴν
3314 3495 3465 3565 χεζοά
3487 3511 3580 3547 σου
3599 3490 3662 3542 καί

2150 3579 2262 3645 τὴν
2286 3578 2490 3642 ἰῗεοε-ξιεὶο⁸
2508 3594 2625 3632 σου
2672 3582 2745 3635 ἐκ
2782 3584 2985 3652 μέσου
3019 3588 3124 3640 τοῦ
3153 3589 3378 3640 κόλπου
3399 3602 3500 3638 σου
3520 3587 3588 3648 εις
3605 3581 3662 3633 τέ-

2150 3673 2298 3734 λος;
2336 3671 2397 3721 Ἢ
2429 3669 2484 3721 δὲ
2513 3670 2609 3722 τοῦ
2656 3671 2824 3740 λόγου
2857 3674 3068 3728 διάνοια
3100 3677 3286 3730 τοῦτον
3319 3676 3422 3747 ἔχει
3455 3675 3532 3727 τὸν
3551 3671 3658 3725 νοῦν⁶

2152 3763 2180 3812 ὁ
2203 3761 2395 3824 κόλπος
2419 3761 2510 3813 τοῦ
2543 3763 2684 3815 Θεοῦ
2711 3765 2940 3832 ἀγαθῶν
2969 3769 3085 3820 ἐστι
3112 3769 3338 3838 πλήρης,
3361 3767 3434 3819 διὸ
3454 3766 3657 3818 λέλεκται*

2152 3852 2492 3920 Mor-ararim
2520 3852 2658 3919 Υἱὸς
2685 3859 2719 3908 ό
2748 3856 2838 3908 ὢν
2864 3861 2953 3923 εις
2980 3858 3090 3911 τὸν
3109 3861 3334 3912 κόλπον
3357 3858 3452 3911 τοῦ
3478 3854 3658 3921 Πατρός.

2153 3941 2376 4006 ἐκεῖνος
2403 3941 2776 4010 ἐξηγήσατο.
2814 3949 2929 4000 Καὶ
2955 3948 3104 4000 ἐστιν
3135 3951 3429 4021 ἀπόρῤητος
3455 3941 3576 4005 οὗτος
3595 3943 3659 4007 τῆς

2167 4031 2441 4100 Πατρικῆς
2458 4030 2719 4100 θεότητος
2753 4034 3033 4109 θησαυρὸς
3057 4040 3151 4093 καὶ
3179 4040 3433 4108 πλήρωμα
3453 4035 3542 4087 τῶν
3565 4032 3656 4096 ἅτθ’

2155 4115 2258 4166 θῶν
2288 4116 2557 4179 ἁπάντων,
2581 4119 2646 4184 ἐξ
2674 4116 2752 4172 ὧν
2784 4123 2969 4177 δίδωσι
3005 4127 3072 4179 τὰ
3101 4127 3401 4197 χαρίσματα
3423 4125 3517 4182 τοῖς
3541 4116 3657 4182 ἀξίοις

2154 4204 2336 4256 αὐτοῦ.
2372 4206 2524 4258 Ἐπεὶ
2565 4209 2757 4263 τοίνυν
2793 4214 2858 4266 ἐκ
2900 4216 3066 4284 μέσου
3111 4217 3203 4269 τοῦ
3249 4216 3434 4269 κόλπου
3468 4211 3524 4264 τὰ
3550 4203 3656 4278 χαρί-

2156 4311 2334 4363 σματα
2364 4298 2475 4358 τοῖς
2525 4296 2704 4363 ἀξίοις
2736 4303 2996 4374 δωρεῖται
3041 4309 3289 4359 ἐκτείνων
3316 4308 3389 4367 είς
3414 4304 3572 4362 αὐτοὺς
3592 4297 3654 4362 τὴν

523 4386 756 4442 conditis
800 4388 931 4457 ipsis
981 4389 1268 4458 elargitur;
1296 4391 1417 4458 jure
1463 4390 1791 4452 sciscitatur,
1821 4392 2004 4448 dicens
2038 4412 2046 4447 :

2157 4381 2344 4433 ἑαυτοῦ
2371 4382 2574 4447 δεξιὰν,
2607 4388 2721 4441 ἀπὸ
2748 4390 2806 4442 δὲ
2835 4392 2944 4444 τῶν
2977 4392 3052 4462 μὴ
3090 4394 3250 4458 ἀξίων
3287 4389 3568 4459 ἀποστρέφει
3588 4383 3652 4451 τὴν

529 4474 718 4545 thuid
759 4479 942 4531 avertis
992 4495 1199 4530 manum
1251 4488 1391 4532 tuam
1451 4489 1502 4532 et
1540 4480 1803 4534 dexteram
1834 4493 1975 4536 tuam
1997 4487 2046 4538 dt

2156 4473 2310 4540 χεῖρα
2347 4471 2442 4541 τὴν
2473 4471 2682 4539 δεξιὰν,
2718 4481 2887 4550 μηδὲν
2933 4482 3110 4535 αὐτῶν
3156 4485 3261 4535 τῶν
3291 4485 3344 4535 ἐν
3380 4480 3507 4549 αὐτῷ
3537 4476 3652 4543 δηλαν

525 4564 691 4618 medio
722 4567 840 4618 sinu
871 4576 956 4619 tuo
990 4569 1042 4620 in
1069 4569 1264 4636 ﬁnem?
1292 4568 1630 4638 Rursumque
1671 4571 1723 4624 id
1767 4571 1971 4640 adjicit,
2001 4575 2055 4626 in

526 4656 701 4723 ﬁnem,
732 4656 1066 4726 signiﬁcans,
1098 4659 1152 4712 in
1178 4659 1334 4714 linem
1366 4660 1498 4729 ipsis
1527 4660 1759 4714 dexterae
1782 4660 1872 4715 Dei
1903 4677 2055 4717 aver-

527 4744 732 4797 sionem
766 4744 998 4798 futuram
1025 4763 1166 4802 esse.
1209 4747 1630 4819 lnterrogatione
1655 4759 1829 4802 autem
1860 4767 1959 4806 nos
1988 4754 2054 4807 ad

527 4845 744 4886 causam
768 4835 1176 4901 perquirendam
1213 4838 1438 4903 invitat;
1476 4846 1534 4892 ut
1562 4854 1863 4908 quaaramus
1891 4856 2056 4910 quare

527 4917 607 4971 illi
632 4919 685 4973 in
717 4920 873 4975 ﬁnem
905 4922 1098 4991 abjecti
1121 4926 1252 4978 sint.
1277 4925 1408 4980 Nam
1443 4928 1487 4982 si
1521 4928 1643 4995 quis
1661 4943 1753 4981 eos
1779 4929 1844 4982 de
1864 4945 2054 4998 pecca-

529 5012 586 5058 to
609 5015 664 5060 et
700 5007 978 5078 iniquitate
1019 5012 1364 5079 incusaverit,
1395 5023 1449 5068 at
1484 5017 1682 5071 scimus
1702 5017 1826 5070 olim
1863 5019 2056 5072 similia

443 5120 449 5126 -
530 5108 652 5147 cum
683 5095 935 5152 fecissent
953 5115 1058 5154 non
1082 5101 1136 5155 in
1165 5102 1320 5157 linem
1347 5107 1585 5175 abjectos
1612 5105 1777 5160 fuisse
1805 5125 1818 5160 :
1853 5106 2056 5161 inﬁnita

529 5183 726 5252 quippe
762 5192 816 5238 et
845 5187 1050 5242 nefaria
1093 5205 1281 5246 eorum
1311 5210 1493 5264 opera,
1525 5195 1804 5256 adulteria,
1838 5194 2058 5250 idolola-

532 5270 706 5331 triam.
757 5276 1133 5342 pr0phetarum
1178 5283 1350 5337 credes
1407 5291 1722 5340 enumerant
1761 5285 2056 5353 prophetici

534 5367 836 5426 sermones;
863 5363 957 5416 sed
990 5381 1261 5436 nunquam
1306 5373 1360 5426 in
1392 5374 1550 5428 tinem
1600 5374 1844 5429 derelicti
1885 5384 2008 5429 sunt
2041 5394 2052 5428 :

539 5442 813 5582 μεριξ,ῗὲ
832 5463 1044 5590 (ιροιῖὲε
1084 5456 1211 5523 ipsis
1236 5497 1250 5522 ,
1275 5461 1374 5515 etsi
1410 5462 1534 5516 talia
1583 5461 1937 5532 patrantibus,
1965 5462 2058 5515 ad-

2154 4561 2299 4612 θέντι
2353 4562 2538 4632 κόλπῳ
2599 4572 3054 4641 τεταμιευμένων
3107 4573 3316 4642 ἀγαθῶν
3366 4571 3648 4642 δωρούμενος⁰

2155 4650 2374 4713 εἰκότως
2447 4655 2787 4711 πυνθάνεται
2838 4660 3039 4728 λέγων·
3106 4663 3273 4715 ἰνατί
3339 4657 3650 4724 ἀποστρέρεις

2153 4738 2269 4804 τὴν
2290 4739 2455 4806 χεῖρά
2486 4758 2608 4797 σου
2639 4749 2738 4798 καὶ
2767 4749 2884 4815 τὴν
2924 4751 3131 4816 δεξιάν
3167 4767 3280 4805 σου
3313 4752 3374 4803 ἐκ
3398 4749 3557 4818 μέσον
3580 4735 3648 4792 τοῦ

2155 4831 2381 4882 κόλπου
2421 4845 2540 4885 σου
2586 4839 2676 4901 εἰς
2719 4840 2930 4906 τέλος;
2966 4844 3074 4894 Καὶ
3119 4844 3270 4894 πάλιν
3305 4837 3571 4910 προστίθησι
3594 4827 3644 4886 τὺν

2155 4922 2239 4984 εὶς
2277 4919 2472 4985 τέλος,
2510 4928 2822 4994 σημαίνων.
2863 4931 2940 4994 ὡς
2982 4933 3288 5003 ἀποστροφὴ
3323 4931 3411 4998 τῆς
3446 4926 3522 4979 τοῦ
3553 4915 3644 4973 Θεοῦ

2156 5009 2330 5072 δεξιᾶς
2363 5012 2442 5072 εἰς
2466 5013 2621 5078 τέλος
2657 5017 2809 5072 ἔσται
2855 5023 3054 5084 αὐτοῖς.
3091 5022 3185 5073 Διὰ
3212 5023 3264 5073 δὲ
3293 5021 3383 5088 τῆς
3406 5015 3643 5088 ἐρωτήσεωὲ

2158 5098 2248 5150 ἐπὶ
2286 5098 2384 5169 τὴν
2425 5100 2658 5173 ζήτησιν
2706 5109 2807 5178 τῆς
2853 5110 3030 5175 αἰτίας
3074 5112 3215 5180 ἡμᾶς
3256 5107 3494 5176 διεγείρει,
3521 5095 3640 5160 ὠςᾶν

2159 5185 2492 5258 ζητήσωμεν
2518 5193 2572 5243 τί
2606 5196 2668 5246 τδ
2706 5198 2878 5250 αἴτιον
2907 5201 3189 5269 γεγένηται
3215 5198 3301 5250 τοῦ
3336 5199 3404 5257 είς
3432 5192 3551 5249 τέλκ
3575 5182 3638 5235 αίν

2157 5277 2282 5338 τοὺς
2313 5279 2714 5351 ἁποϐληθῆναι.
2758 5287 2822 5338 Ei
2869 5289 2968 5356 μὲν
2995 5289 3104 5358 γὰρ
3139 5286 3385 5357 ἁμαρτίας
3413 5279 3490 5332 καί

2161 5363 2347 5432 νομέας
2379 5367 2690 5423 αἰτιάσαιτό
2723 5390 2826 5435 τις,
2854 5375 2988 5425 ἀλλὰ
3025 5376 3114 5427 καὶ
3141 5374 3294 5425 πάλαι
3322 5366 3507 5430 τοιαῦτα
3537 5351 3636 5425 πρά⁴

2163 5451 2357 5516 ξαντας
2379 5456 2577 5518 αὐτοὺς
2605 5459 2855 5532 ἔγνωμεν
2873 5463 2963 5516 καὶ
2987 5463 3057 5533 μὴ
3085 5460 3403 5515 ἀπωσθέντας
3421 5454 3485 5513 εἰς
3505 5444 3633 5502 τέλο(

497 5679 528 5719 ,κ
611 5614 850 5681 ("Forte
869 5623 1135 5691 legendum
1158 5636 1454 5706 παροξυνεῖ,
1475 5651 1525 5696 et
1557 5659 1698 5706 mox,
1737 5643 1991 5710 διαμενεῖ.
2023 5642 2172 5697 lion.
