3796 6336
201 319 314 374 861

1316 322 1800 380 COMMENTARIA
1843 327 1905 380 IN
1943 326 2273 383 PSALMOS.

3251 319 3353 378 862

205 433 436 509 μυρίους
464 434 572 505 γὰρ
592 435 875 506 ἀθεμίτους
909 438 1122 508 πράξεις
1151 441 1383 509 μοιχείας
1409 457 1463 492 τε
1492 442 1582 494 καὶ
1615 441 1751 492 εἰδω-

1854 451 2021 503 erant,
2057 444 2362 512 angelorum
2396 443 2646 502 visiones,
2679 440 2908 510 Spiritus
2934 440 3102 496 sancti
3131 453 3364 509 prasen-

199 524 545 594 λολατρείας,
589 527 878 596 προφητῶν
921 546 978 580 τε
1030 529 1326 598 ἀναιρέσεις
1374 530 1753 597 καταλέγουσιν

198 613 390 672 αὐτῶν
415 615 465 666 οἱ
489 616 812 684 προφητικοὶ
840 615 980 683 λόγοι
1000 633 1013 645 ·
1055 616 1165 668 ἀλλ’
1196 617 1254 668 οὐ
1300 616 1508 669 πώποτε
1535 620 1753 685 ἐγκατε-

199 703 510 772 λείφθησαν
553 705 629 764 είς
674 703 840 766 τέλος.
894 705 1128 774 Συνῆσαν
1182 705 1236 757 δὲ
1293 707 1505 768 αὐτοῖς,
1559 709 1751 776 καίπερ

195 789 434 847 τοιαῦτα
453 789 797 860 πράττουσιν,
826 793 873 842 οἱ
900 792 1196 860 προφῆταιο
1233 793 1498 859 ἐγίγνοντο
1537 793 1590 844 δὲ
1628 795 1749 862 παρ’

195 881 393 941 αὐτοῖς
423 879 519 932 καὶ
542 879 780 947 ἀγγέλων
801 881 1120 947 ἐπιφάνειαι,
1144 882 1231 933 καὶ
1263 881 1565 951 Πνεύματος
1597 883 1748 948 ἁγίου

1854 533 1945 586 tia.
1981 533 2131 598 Quod
2159 548 2284 602 ergo
2325 539 2528 584 tantum
2574 538 2681 583 tam
2717 531 3009 584 inauditum
3043 529 3249 583 facinus
3274 541 3368 582 eo-

1852 637 1991 684 rum,
2026 630 2081 674 ut
2133 621 2186 675 in
2231 622 2387 674 linem
2433 619 2749 689 abjiciantur
2799 627 2853 674 et
2904 619 3120 673 dextera
3157 617 3247 672 Dei
3304 615 3371 671 ab

1853 711 1929 764 eis
1967 719 2237 763 avertatur
2284 710 2336 762 in
2384 709 2594 762 linem?
2647 709 2770 764 Ilmc
2823 724 2982 776 porro
3039 707 3223 762 dicens
3276 705 3371 760 ad-

1854 799 2073 852 missum
2113 800 2179 852 ab
2199 801 2278 852 eis
2301 798 2354 850 in
2387 797 2660 853 Christum
2687 797 2778 851 Dei
2811 797 3016 850 facinus
3039 796 3202 849 tacite
3241 793 3370 847 sub-

1854 887 2070 939 iudicat.

196 971 504 1040 παρουσία.
530 971 595 1021 Τί
629 971 800 1023 τοίνυν
825 972 882 1023 τὸ
920 971 1080 1035 ξένον,
1118 974 1209 1025 καὶ
1249 975 1300 1026 τί
1335 973 1578 1026 τοσοῦτον
1641 977 1814 1038 αὐτοῖς
1849 980 2180 1050 τετόλμηται,
2225 978 2298 1041 ὡς
2339 981 2416 1041 είς
2459 979 2606 1041 τέλος
2655 979 2846 1041 αὐτοὺς
2887 977 3228 1046 ἀπωσθῆναι,
3281 975 3374 1026 καὶ

194 1061 299 1128 τὴν
336 1058 527 1121 δεξιὰν
550 1061 642 1111 τοῦ
672 1059 804 1111 Θεοῦ
834 1060 1227 1130 ἀποστραφῆναι
1257 1063 1446 1123 αὐτοὺς
1499 1063 1573 1124 εἰς
1608 1063 1785 1128 τέλος;
1821 1067 1997 1133 Λέγων
2029 1068 2083 1120 δὲ
2119 1066 2304 1130 ταῦτα,
2364 1067 2646 1119 αἰνίττεται
2691 1067 3099 1136 σεσιωπημένως
3137 1063 3198 1116 τὸ
3238 1078 3375 1132 πρα-

193 1147 328 1218 χθὲν
351 1147 545 1210 αὐτοῖς
571 1147 709 1199 κατά
730 1146 821 1198 τοῦ
846 1149 1072 1217 Χριστοῦ
1104 1149 1194 1201 τοῦ
1219 1150 1348 1202 Θεοῦ
1368 1151 1631 1221 τόλμημα.

281 1263 337 1314 Ὁ
373 1262 450 1314 δὲ
499 1263 642 1327 Θεὸς
679 1264 973 1328 ,βασιλεὺς
992 1264 1156 1332 ἡμῶν
1194 1266 1302 1331 πρὸ
1341 1265 1546 1330 αἰῶνος
1572 1267 1756 1335 εἰργά-

193 1363 354 1404 σατο
387 1350 697 1416 σωτηρίαν
717 1352 784 1402 ἐν
807 1349 964 1415 μέσῳ
990 1351 1098 1418 τῆς
1130 1351 1257 1420 γῆς.
1287 1353 1508 1406 Διελθὼν
1536 1354 1600 1406 τὰ
1629 1372 1755 1424 προ-

192 1437 534 1506 λελεγμένα,
571 1438 1000 1506 ὲπαναλαμὸἀνει
1044 1441 1166 1502 τοὺς
1204 1441 1327 1509 περὶ
1374 1440 1470 1508 τῆς
1510 1442 1754 1510 προνοίας

190 1525 418 1592 λόγους,
451 1527 549 1578 καὶ
590 1525 689 1594 τῆς
737 1527 1011 1596 δυνάμεως
1041 1527 1130 1578 τού
1171 1528 1300 1579 Θεοῦ
1341 1530 1625 1598 παρίστησι
1658 1531 1754 1591 τὰς

194 1614 634 1692 μεγαλουργίας,
662 1615 924 1684 εὐκαίρως
955 1616 1188 1678 εὐσεϐεῖς
1217 1618 1527 1686 προϊέμενος
1554 1619 1748 1684 φωνὰς,

189 1703 267 1766 ὡς
322 1704 398 1756 ἃν
446 1704 526 1772 μή
579 1720 662 1764 τις
705 1705 957 1772 νομίσειε,
990 1705 1076 1758 διὰ
1119 1705 1178 1757 τὺ
1225 1707 1296 1775 μὴ
1337 1709 1531 1776 ἐφορᾷν
1575 1708 1750 1768 αὐτὸν,

195 1793 337 1864 μηδὲ
387 1794 703 1844 ἐπιστατεῖν
726 1794 836 1854 τοῖς
878 1794 1007 1844 πᾶσι
1046 1793 1111 1845 τὰ
1152 1795 1502 1864 προλεχθέντα
1533 1799 1752 1864 γεγενῆο

193 1880 348 1932 σθαι.
378 1880 478 1931 Διό
511 1896 704 1947 φησιν·
739 1881 800 1930 Εἰ
841 1878 1125 1932 καὶταῦτα
1167 1880 1347 1932 τοῦτον
1385 1882 1622 1951 ἐπράχθη
1666 1883 1753 1934 τὸν

191 1969 406 2038 τρόπον
427 1985 441 1997 °
473 1967 588 2020 ἀλλ’
612 1968 758 2035 ὅμως
795 1968 1140 2038 πεπείσμεθα,
1167 1970 1246 2020 ὅτι
1281 1972 1342 2022 σὺ
1374 1971 1402 2020 ὁ
1425 1971 1550 2033 Θεὸς
1582 1971 1751 2040 ἡμῶν,

187 2057 248 2108 ὃν
274 2057 381 2109 καὶ
421 2057 646 2124 βασιλέα
671 2056 823 2126 ἡμῶν
847 2053 981 2108 εἶναι
1017 2057 1361 2127 γνωρίζομεν,
1405 2059 1575 2127 κρίσει
1606 2060 1754 2129 βασι-

189 2143 322 2213 λικῇ
377 2145 479 2195 καὶ
530 2143 650 2213 θείᾳ
687 2144 858 2195 πάντα
904 2146 1194 2213 οἰκονομείς
1246 2146 1336 2197 ἐπὶ
1387 2148 1621 2218 σωτηρίᾳ
1651 2149 1755 2201 τῶν

187 2234 365 2286 ὅλων·
413 2232 479 2284 '0
512 2232 622 2300 γὰρ
680 2232 819 2296 Θεὸς
867 2231 1049 2299 ἡμῶν,
1092 2234 1382 2298 βασιλεὺς
1433 2235 1596 2302 ἡμῶν
1646 2239 1755 2303 πρὸ

188 2321 422 2385 αἰῶνος
465 2319 781 2387 εἰργάσατο
833 2322 1121 2387 σωτηρίαν
1166 2323 1232 2373 ἐν
1263 2322 1425 2389 μέσῳ
1479 2322 1584 2388 τῆς
1625 2324 1753 2391 γῆς.

178 2412 356 2466 .Ὠσ·τ’
391 2412 444 2461 εί
498 2409 594 2461 καὶ
633 2411 690 2460 ἐν
726 2410 823 2477 μιᾷ
853 2410 1020 2478 γωνίᾳ
1066 2411 1166 2478 γῆς
1205 2411 1420 2462 τοιαῦτα
1461 2413 1754 2482 πραχθῆναι

176 2482 640 2574 τσυγκεχὼρηκας
671 2497 756 2549 διά
797 2498 916 2560 τοὺς
954 2501 1234 2569 οἰκήτορας
1276 2501 1367 2552 τοῦ
1410 2501 1601 2552 τόπου·
1647 2502 1755 2553 ἀλλ’

186 2589 348 2658 ὅμως
386 2587 751 2656 πεπείσμεθα,
775 2587 855 2638 ὅτι
888 2588 1004 2649 τοὺς
1028 2588 1143 2640 καθ’
1171 2587 1294 2656 ὅλης
1315 2589 1411 2656 τῆς
1439 2589 1750 2659 οἰκουμένης

177 2657 498 2738 ίοίκοῦντας
536 2675 848 2745 ἀνθρώπους
897 2676 1156 2745 σωτηρίας
1177 2677 1436 2741 ἀξιώσεις,
1468 2679 1554 2730 τὸν
1573 2657 1754 2731 ἑαυτοῦ

189 2766 443 2837 Χριστὸν
469 2767 690 2835 ἐγείρας
714 2765 912 2818 ἅπασιν
934 2765 1230 2835 ἀνθρώποις
1267 2768 1504 2836 Σωτῆρα.
1540 2769 1643 2819 Καί
1671 2786 1756 2837 μοι

175 2847 342 2908 ’δοκεί
369 2855 444 2906 δι’
472 2855 591 2914 ἑνὸς
622 2853 713 2905 τοῦ
749 2853 881 2921 μετά
914 2856 1096 2924 χεῖρας
1130 2855 1302 2924 στίχου
1329 2855 1508 2925 ὥσπερ
1533 2857 1756 2909 ἀνταπό-

188 2946 340 2998 δοσιν
391 2943 665 2995 ποιεῖσθαι
708 2943 812 2993 τῶν
853 2944 1301 3012 ὲπηπορημένων·
1347 2945 1462 2996 ἀντὶ
1501 2945 1606 3014 γὰρ
1653 2947 1756 2998 τῶν

1920 1261 2080 1316 Vens.
2113 1262 2293 1314 12-!8.
2353 1262 2486 1314 Deus
2515 1271 2683 1313 autem
2721 1277 2809 1313 rex
2853 1270 3023 1313 noster
3063 1270 3180 1314 ante
3211 1278 3374 1314 sa'cu-

1855 1355 1959 1406 lum
1993 1363 2228 1418 operatus
2257 1361 2330 1404 est
2363 1358 2579 1404 salutem
2608 1353 2660 1403 in
2691 1350 2854 1404 medio
2887 1360 3057 1404 terraz.
3081 1350 3370 1420 Postquam

1852 1442 2100 1510 praedicta
2132 1441 2415 1501 recensuit,
2439 1455 2714 1494 sermones
2758 1440 2822 1492 de
2861 1440 3190 1508 providentia
3231 1457 3372 1493 resuo

1854 1529 1966 1593 mit,
1996 1538 2154 1594 atque
2181 1527 2389 1580 virtutis
2412 1526 2502 1580 Dei
2536 1526 2765 1594 ingentia
2787 1541 2944 1593 opera
2966 1527 3220 1588 declarat,
3259 1529 3374 1595 pias

1852 1624 2146 1685 opportune
2185 1631 2343 1669 voces
2372 1615 2683 1683 proferens:
2721 1630 2785 1669 ne
2827 1615 2948 1682 quis
2997 1624 3204 1683 putaret
3257 1617 3375 1669 ideo

1849 1704 1957 1771 jam
1987 1713 2277 1758 memorata
2326 1711 2470 1772 gesta
2521 1703 2704 1763 fuisse.
2747 1703 2884 1772 quod
2938 1703 3076 1758 Deus
3129 1707 3375 1774 universa

1852 1809 1956 1846 non
1985 1801 2155 1860 curet,
2186 1795 2357 1857 iisque
2382 1809 2487 1846 non
2514 1795 2807 1860 provideat.
2844 1791 3199 1856 Quamobrem
3249 1795 3321 1845 ait
3356 1812 3369 1846 :

1853 1881 1961 1934 Etsi
2003 1882 2114 1934 hzec
2155 1883 2246 1934 tali
2296 1883 2450 1934 modo
2481 1890 2626 1950 gesta
2679 1883 2803 1945 sint,
2836 1897 3146 1950 persuasum
3197 1889 3374 1937 tamen

1852 1972 2004 2026 nobis
2045 1980 2146 2031 est,
2187 1980 2237 2026 te
2285 1971 2447 2024 Duem
2504 1980 2764 2033 nostrum,
2814 1987 2968 2040 quem
3023 1986 3201 2041 regem
3251 1971 3372 2024 item

1839 2051 2092 2115 nostrum
2127 2076 2245 2114 esse
2275 2061 2498 2122 scimus,
2519 2059 2721 2127 judicio
2745 2060 2889 2126 regio
2917 2075 2977 2111 ac
2997 2059 3178 2112 divino
3196 2059 3374 2111 omnia

1853 2152 1916 2204 ad
1945 2153 2310 2204 universorum
2340 2150 2562 2202 salutem
2589 2157 2882 2216 temperare
2916 2167 2928 2200 :
2955 2162 3076 2200 nam
3124 2147 3260 2199 Deus
3284 2163 3375 2198 no-

1851 2244 1955 2286 ster
1977 2248 2065 2284 rea:
2094 2244 2264 2284 noster
2298 2241 2414 2282 ante
2442 2231 2684 2283 swculam
2715 2240 2950 2296 operatus
2971 2238 3046 2283 est
3075 2230 3293 2283 salutem
3318 2230 3373 2280 in

1853 2323 2016 2375 medio
2040 2332 2206 2375 terrae.
2237 2320 2313 2372 Ita
2347 2328 2401 2372 ut
2429 2320 2634 2374 etiamsi
2670 2319 2850 2372 isthaac
2874 2319 2926 2371 in
2954 2333 3059 2371 uno
3090 2325 3246 2372 terra:
3279 2333 3373 2370 an-

1853 2411 1974 2478 gulo
2010 2410 2140 2462 eﬂici
2171 2410 2470 2478 permiseris
2504 2423 2684 2460 eorum
2719 2424 2879 2462 causa
2901 2409 2992 2475 qui
3021 2408 3192 2460 locum
3233 2409 3375 2460 inco-

1853 2501 2022 2553 lebant
2046 2538 2059 2560 ,
2092 2513 2404 2566 persuasum
2447 2506 2622 2550 tamen
2668 2498 2955 2552 habeamus
2985 2505 3036 2550 te
3065 2511 3250 2551 omnes
3277 2504 3377 2550 ter-

1854 2603 1964 2639 ram
2012 2588 2300 2640 incolentes
2352 2587 2595 2641 homines
2637 2587 2804 2640 salute
2861 2587 3243 2654 diguaturum,
3279 2587 3372 2655 qui

1851 2673 2116 2728 Christum
2154 2684 2301 2726 tuum
2335 2674 2577 2727 excitasti
2609 2674 2842 2726 omnium
2873 2673 3146 2725 hominum
3181 2671 3376 2726 δεῖνα-

1856 2775 2041 2818 torem.
2068 2763 2393 2832 V'idcturque
2427 2763 2556 2815 mihi
2589 2763 2688 2815 hoc
2715 2777 2822 2815 uno
2852 2777 3029 2820 versu,
3055 2763 3208 2830 quasi
3232 2777 3377 2830 qua:-

1854 2854 2084 2907 stionum
2114 2853 2428 2906 solutionem
2453 2853 2690 2922 praeberi.
2738 2851 2867 2904 Nam
2907 2867 3090 2905 eorum
3122 2852 3235 2905 vice
3260 2867 3378 2920 qua:

1853 2951 2038 2996 contra
2071 2942 2381 3012 praedictum
2418 2943 2590 2993 locum
2621 2947 2917 3009 perpetrata
2943 2947 3087 3002 sunt,
3120 2939 3280 2999 Deus.
3304 2943 3379 2994 iu-

175 3033 636 3106 ,cupﬁquxo'twv
683 3031 820 3084 κατὰ
846 3033 936 3084 τοῦ
968 3033 1283 3101 δηλωθέντος
1325 3037 1506 3096 τόπου,
1537 3037 1751 3105 ἐργάσε-

1854 3032 1990 3098 quit,
2025 3031 2330 3096 0perahitur
2354 3030 2575 3082 salutem
2609 3029 2660 3080 in
2689 3027 2863 3081 medio
2901 3034 3075 3080 terrae.
3131 3026 3205 3080 De
3231 3043 3379 3082 more

175 3122 302 3187 ται,
335 3121 541 3192 φησὶν,
568 3123 596 3172 ὁ
626 3120 754 3181 Θεὸς
797 3120 1058 3189 σωτηρίαν
1090 3122 1145 3172 ἐν
1173 3122 1317 3190 μέσῳ
1339 3123 1434 3191 τῆς
1465 3124 1584 3192 γῆς,
1622 3125 1752 3175 Συν-

188 3212 346 3282 ήθως
374 3209 436 3261 δὲ
467 3208 564 3261 καὶ
598 3207 690 3258 νῦν
720 3206 786 3258 τά
821 3207 1043 3275 ἐσόμενα
1087 3207 1159 3268 ὡς
1189 3211 1540 3278 παρῳχηκότα
1571 3211 1752 3263 θεσπίο

189 3303 288 3364 ζει.
340 3294 488 3351 Εἶτα
517 3296 752 3348 διδάσκει
777 3295 898 3363 ἑξῆς
933 3296 1116 3357 ὁποίας
1141 3297 1237 3366 ἤδη
1269 3297 1430 3350 πάλαι
1455 3299 1704 3370 πρότερον
1727 3303 1754 3352 ό

190 3392 330 3452 Θεὸς
357 3386 766 3455 κατειργάσατο
799 3384 1220 3454 θαυματουργίας
1248 3386 1415 3452 λέγων
1433 3405 1445 3417 ·
1483 3389 1562 3441 Σὺ
1591 3391 1755 3460 ἐκρεῖ.

189 3481 472 3541 τηίωσας
500 3477 570 3528 ἐν
593 3474 665 3541 τῇ
697 3474 935 3541 δυνάμει
961 3489 1074 3528 σου
1114 3475 1224 3541 τὴν
1247 3477 1576 3532 θάλασσαν.
1623 3481 1755 3533 Ἀντί

190 3569 244 3621 δὲ
276 3567 407 3628 τοῦ.
451 3565 536 3618 Σὺ
582 3564 649 3615 δὲ
680 3564 1091 3629 ἑκραταίωσας,
1132 3565 1159 3614 ὁ
1191 3564 1492 3634 Σύμμαχος,
1526 3567 1606 3618 Σὺ
1642 3567 1756 3620 διε-

191 3656 522 3716 σκέδασιις
571 3649 645 3717 τῇ
696 3653 863 3718 ἰσχύϊ
903 3665 1016 3704 σου
1059 3651 1168 3716 τὴν
1213 3652 1539 3717 θάλασσαν,
1578 3658 1755 3725 ἡρμή-

190 3763 378 3800 νευσε.
413 3743 526 3795 Καί
561 3759 650 3810 μοι
690 3742 833 3794 δοκεῖ
871 3742 956 3793 διὰ
1006 3742 1200 3794 τούτων
1228 3741 1301 3804 ὡς
1324 3744 1455 3811 πρὸς
1483 3744 1578 3812 τὴν
1614 3747 1754 3796 ἱστο-

197 3838 323 3900 ρίαν
390 3832 677 3899 σημαίνειν
698 3832 792 3899 τὴν
836 3831 924 3882 ἐπὶ
992 3831 1226 3892 Μωσέως
1273 3832 1558 3901 γενομένην
1596 3833 1757 3884 δίοδον

189 3924 288 3977 τοῦ
319 3921 465 3974 ian-3
492 3919 580 3971 διὰ
619 3918 714 3985 τῆς
749 3918 1004 3987 Ἐρυθρᾶς
1034 3918 1313 3987 θαλάσσης.
1358 3921 1445 3970 Διὸ
1492 3921 1628 3972 κατά
1664 3925 1756 3990 μὲν

191 4014 287 4064 τὸν
328 4010 638 4075 Σύμμαχον
679 4006 910 4076 εἴρηται,
944 4006 1024 4058 Σὺ
1061 4006 1446 4071 διεσκέδασας
1484 4008 1557 4073 τῇ
1600 4011 1761 4074 ἰσχύϊ

190 4118 314 4155 σου
359 4105 482 4165 τὴν
511 4099 856 4152 θάλασσαν·
891 4096 1024 4149 κατὰ
1075 4097 1129 4149 δὲ
1173 4098 1259 4149 τὸν
1295 4097 1632 4160 Θεοδοτίωνα,
1676 4099 1758 4152 Σὺ

191 4191 542 4254 διέστησας
593 4187 662 4238 ἐν
696 4184 765 4250 τῇ
825 4185 1064 4252 δυνάμει
1110 4201 1222 4238 σου
1273 4186 1383 4251 τὴν
1427 4185 1756 4240 θάλασσαν.

195 4277 332 4334 lii-.3
388 4279 518 4338 τοὺς
565 4273 890 4341 Αἰγυπτίους
937 4273 1029 4324 καὶ
1073 4274 1161 4324 τὸν
1209 4272 1401 4342 Φαραὼ
1444 4275 1758 4328 αἰνίττεσθαί

1854 3127 2028 3171 autem
2058 3118 2144 3170 hic
2163 3118 2338 3182 futura
2365 3126 2417 3168 ut
2435 3117 2542 3184 jam
2572 3115 2834 3184 prmterita
2865 3116 3200 3167 vaticinatur.
3222 3115 3380 3169 Dein-

1851 3205 1916 3259 de
1950 3221 2074 3258 vero
2103 3206 2274 3267 docet,
2301 3205 2475 3273 qualia
2519 3203 2628 3269 jam
2667 3204 2789 3255 olim
2821 3203 3056 3272 prodigia
3089 3202 3226 3256 Deus
3245 3218 3378 3270 ope-

1853 3301 2001 3347 ratus
2031 3295 2118 3353 sit,
2155 3295 2232 3347 sic
2256 3295 2515 3360 loquens:
2551 3291 2627 3343 Tu
2658 3291 2979 3357 conﬁrmasti
2999 3291 3053 3342 in
3077 3293 3260 3343 virtute
3284 3300 3375 3344 tua

1853 3399 2013 3437 mare.
2049 3383 2150 3435 Pro
2181 3383 2270 3434 illo
2303 3389 2501 3442 autem,
2540 3391 2594 3432 tu
2627 3381 2964 3448 conﬁrmasti,
3001 3379 3374 3450 Symmachus,

1855 3471 1929 3522 Tu
1964 3471 2232 3537 dissipasti
2271 3471 2456 3522 virtute
2489 3478 2578 3520 tua
2629 3485 2804 3531 mare,
2843 3470 3219 3537 interpretatus
3269 3477 3371 3525 est.

1854 3557 1916 3609 Et
1947 3558 2073 3610 mihi
2127 3557 2340 3625 quidem
2391 3557 2603 3609 videtur
2637 3555 2887 3611 historice
2925 3558 3160 3612 indicare
3197 3560 3374 3628 populi

1853 3661 1944 3714 per
1961 3660 2103 3700 mare
2125 3645 2364 3699 Rubrum
2392 3646 2526 3699 duce
2559 3645 2736 3715 Moyse
2759 3647 3064 3701 transitum.
3088 3646 3263 3713 Quare
3292 3663 3378 3702 se-

1853 3735 2081 3786 cundum
2121 3733 2492 3803 Symmachum
2518 3734 2713 3788 dicitur
2744 3753 2756 3788 :
2789 3734 2864 3787 Tn
2902 3736 3170 3803 dissipasti
3192 3737 3378 3790 virtute

1857 3831 1943 3874 tua
1972 3836 2145 3876 mare:
2170 3822 2463 3878 secundum
2490 3820 2906 3875 Theodotionem
2948 3837 3103 3876 vero:
3134 3823 3209 3875 Tu
3245 3823 3379 3875 diri-

1853 3911 1968 3963 sisti
2007 3911 2061 3962 in
2110 3913 2336 3977 potentia
2398 3922 2487 3964 tua
2543 3927 2703 3962 mare.
2755 3910 2950 3964 Deinde
3003 3910 3282 3980 Egyptios
3324 3920 3378 3965 et

1856 3999 2184 4052 Pharaonem
2235 3999 2553 4053 adumbrare
2601 4001 2730 4052 mihi
2771 3998 3000 4062 videtur,
3021 3999 3252 4055 dicens:
3301 4001 3377 4054 Tu

1855 4090 2139 4141 contrivisti
2161 4091 2331 4156 capita
2374 4090 2655 4142 draconum
2684 4091 2736 4140 in
2769 4105 2922 4155 aqua.
2967 4088 3044 4140 Tu
3086 4091 3374 4157 confregisti

1855 4178 2023 4244 capita
2047 4178 2306 4232 draconis.
2335 4177 2436 4231 Per
2463 4179 2748 4232 draconem
2781 4178 2983 4232 scilicet
3024 4178 3376 4242 Pharaonem,

1856 4279 1948 4330 per
1993 4267 2165 4333 capita
2194 4281 2321 4320 vero
2365 4268 2501 4333 ejus,
2540 4268 2802 4335 principes
2833 4265 2923 4332 qui
2970 4267 3070 4320 sub
3109 4283 3174 4320 eo
3225 4274 3378 4320 erant

197 4382 290 4434 μοι
332 4362 492 4414 δοκεῖ
538 4360 783 4424 φάσκων·
833 4356 912 4408 Σὺ
954 4356 1310 4423 συνέτριψας
1357 4355 1460 4420 τὰς
1499 4358 1751 4424 κεφαλὰς

1860 4355 2196 4418 subiudieat;
2230 4355 2340 4408 sive
2375 4371 2468 4422 per
2498 4358 2776 4416 dracones,
2820 4353 3124 4432 (Egyptios;
3157 4370 3250 4422 per
3284 4369 3378 4408 ca-

194 4450 318 4504 τῶν
343 4448 694 4517 δρακόντων
723 4445 819 4496 ἐπὶ
849 4444 949 4496 τοῦ
986 4443 1230 4509 ὕδατος·
1267 4445 1345 4496 σὺ
1383 4445 1758 4510 συνέθλασας

191 4541 305 4606 τὰς
363 4534 639 4605 κεφαλὰς
678 4533 780 4586 τοῦ
825 4531 1168 4598 δράκοντος·
1219 4534 1477 4602 δράκοντα
1529 4537 1622 4603 μὲν
1669 4536 1758 4587 τὸν

194 4627 425 4698 Φαραὼ,
468 4621 706 4689 κεφαλὰς
735 4621 791 4672 δὲ
833 4620 991 4671 αὐτοῦ
1042 4621 1164 4680 τοὺς
1196 4621 1283 4672 ὑπ’
1316 4623 1471 4673 αὐτὸν
1503 4623 1758 4693 ἄρχοντας

194 4714 614 4782 αἰνιττόμενος·
651 4708 683 4777 ἢ
730 4708 1020 4777 δράκοντας
1063 4710 1185 4770 τοὺς
1223 4709 1557 4776 Αἰγυπτίους,
1596 4729 1758 4780 κεφα-

195 4805 296 4869 λὰς
337 4805 399 4856 δὲ
445 4799 623 4854 αὐτῶν
661 4798 784 4860 τοὺς
814 4798 1095 4863 τριστάτας
1140 4801 1231 4850 καὶ
1274 4799 1396 4856 τοὺς
1436 4801 1756 4869 ἡγουμένους

197 4893 388 4946 αὐτῶν
443 4886 740 4956 ὀνομάζων.
794 4886 864 4937 Τὸ
906 4886 995 4947 δὲ,
1029 4886 1283 4949 Ἐδωκας
1330 4887 1513 4938 αὐτὸν
1552 4889 1757 4957 ,ϐρῶμα

198 4981 369 5044 λαοῖς
404 4977 532 5040 τοῖς
553 4975 838 5040 Αἰθίοψιν,
871 4974 1008 5024 εἴποι
1042 4975 1105 5025 ἄν
1128 4991 1206 5035 τις
1242 4973 1308 5025 τὰ
1339 4974 1501 5043 νεκρά
1537 4977 1756 5047 σώματα

199 5069 407 5130 αὐτῶν,
441 5063 808 5132 ἐκϐρασθέντα
851 5062 945 5129 τῆς
979 5062 1258 5128 θαλάσσης,
1295 5061 1453 5129 βορὰν
1483 5067 1755 5130 γεγονέναι

198 5162 313 5220 τοῖς
367 5155 638 5213 πετεινοῖς
683 5150 774 5202 τοῦ
826 5150 1068 5218 οὐρανοῦ.
1111 5151 1248 5201 Ἀντὶ
1288 5148 1343 5198 δὲ
1373 5149 1481 5213 τοῦ,
1515 5153 1636 5218 τοῖς
1661 5158 1754 5207 Αι.

200 5250 430 5313 magar,
457 5244 486 5294 ὁ
528 5241 626 5310 μὲν
662 5238 905 5298 Ἀκύλας,
944 5237 1064 5301 τοῖς
1098 5237 1592 5305 ἐξελευσομένας,
1634 5243 1661 5293 ὁ
1699 5243 1754 5294 δὲ

196 5334 518 5389 Θεοδοτίων,
558 5328 636 5392 τῷ
677 5325 928 5392 ἐσχάτῳ,
963 5326 1052 5377 καὶ
1089 5327 1115 5394 ἡ
1151 5327 1369 5400 πέμπτη
1417 5327 1649 5391 ἔκδυσις,
1678 5331 1754 5394 τῷ

197 5421 636 5487 ἐξεληλυθότι,
692 5415 1048 5482 ἡρμήνευσαν.
1096 5414 1208 5464 Τῶν
1258 5413 1354 5480 μὲν
1397 5419 1457 5486 τῇ
1518 5418 1755 5489 Ἐρυθρᾷ

199 5508 447 5577 θαλάσσῃ
501 5499 1012 5557 καταποντωθέντων
1065 5499 1417 5569 μνημονεύσας
1471 5506 1506 5556 ὁ
1577 5505 1749 5573 λόγος,

197 5596 330 5676 ιεῆς
382 5593 619 5652 καὶτῶν
667 5587 804 5663 μετὰ
851 5587 1010 5640 ταῦτα
1053 5589 1421 5662 πεπραγμένων
1475 5595 1749 5665 ἀναερέρει

1857 4443 1960 4510 pita
1988 4456 2109 4494 vero
2127 4456 2330 4503 eorum,
2362 4441 2626 4509 principes
2664 4450 2717 4495 et
2756 4442 2917 4494 duces
2957 4457 3140 4494 eorum
3173 4441 3377 4511 signiﬁ-

1855 4540 1958 4585 cat.
1989 4532 2114 4585 Illud
2142 4539 2336 4592 autem,
2373 4530 2569 4582 Dedisti
2597 4545 2711 4582 eum
2748 4546 2914 4582 escam
2948 4531 3148 4598 populis
3171 4531 3380 4590 ιΕιΙιίο-

1853 4621 2023 4688 pibns.
2047 4622 2125 4675 sic
2151 4620 2378 4688 explicet
2416 4619 2702 4686 quispiam,
2730 4620 2870 4686 quod
2896 4634 3150 4676 cadavera
3192 4637 3374 4676 eorum

1854 4707 1919 4758 ad
1969 4708 2119 4760 littus
2149 4707 2312 4759 maris
2345 4707 2542 4773 reiecta
2574 4706 2626 4758 in
2678 4721 2859 4761 escam
2905 4710 3208 4765 volatilibus
3253 4713 3374 4765 caeli

1854 4793 2070 4847 fuerint.
2101 4793 2206 4846 Pro
2238 4794 2329 4846 illo
2352 4800 2549 4856 autem,
2581 4792 2934 4862 ﬁthiopibus,
2961 4799 3148 4865 Aquila
3167 4839 3182 4860 ,
3211 4816 3379 4869 egres-

1853 4884 2027 4946 snris;
2056 4883 2367 4946 Theodotio,
2391 4883 2704 4944 novissimo;
2735 4886 2919 4952 quinta
2951 4887 3133 4949 editio,
3155 4903 3374 4956 egresso,

1855 4975 2183 5042 interpretati
2212 4981 2356 5027 sunt.
2391 4971 2674 5041 Postquam
2707 4989 2890 5026 eorum
2917 4976 3006 5044 qui
3039 4976 3091 5028 in
3117 4978 3250 5030 mari
3273 4975 3378 5031 Ru-

1853 5064 1949 5116 bro
1971 5063 2196 5116 demersi
2238 5069 2362 5114 sunt
2391 5063 2588 5114 mentio
2617 5063 2751 5116 facta
2781 5073 2882 5125 est,
2908 5062 3008 5116 sub
3050 5062 3160 5116 haec
3190 5078 3374 5118 eorum

1852 5171 1969 5222 qua:
1991 5160 2172 5222 postea
2201 5159 2349 5220 gesta
2380 5160 2504 5203 sunt
2536 5153 2845 5204 memoriam
2883 5152 3117 5210 refricat,
3148 5151 3372 5208 dicens:

1855 5244 1930 5296 Tu
1981 5241 2224 5308 dirupisti
2266 5240 2432 5308 fontes
2467 5250 2516 5292 et
2539 5248 2806 5295 torrentes.
2837 5239 2950 5294 Non
2977 5239 3116 5293 enim
3167 5240 3377 5310 Moyses

1851 5341 1966 5384 erat
1996 5333 2083 5400 qui
2109 5338 2309 5400 petram
2335 5330 2480 5397 virga
2508 5331 2830 5398 percutiens,
2851 5345 2916 5384 ex
2938 5329 3027 5382 illa
3052 5328 3241 5382 eduxit
3260 5329 3379 5385 fon-

1853 5431 1932 5474 tes
1963 5431 2015 5474 et
2047 5429 2337 5483 torrentes;
2375 5420 2468 5473 sed
2509 5428 2587 5480 tu,
2633 5419 2793 5483 Deus,
2827 5435 2967 5482 eras,
2998 5419 3089 5487 qui
3132 5418 3249 5473 haec
3284 5434 3380 5490 per

1857 5511 2086 5579 Moysen:
2131 5509 2387 5562 miracula
2415 5508 2680 5575 patrabas.
2715 5510 2866 5574 Quod
2915 5509 3130 5562 additur
3176 5517 3379 5571 autem.

1845 5599 1929 5653 ‘Pu
1959 5599 2165 5652 sirmin
2198 5599 2377 5666 ﬂuvios
2421 5597 2626 5661 lftlaam,
2654 5599 2718 5652 ad
2749 5598 3036 5653 .lordauem
3088 5599 3382 5654 reieratut‘.
