3796 6364
464 308 570 367 863

464 432 624 488 quiin
660 416 750 471 lilii
794 413 956 470 lsrael
990 420 1109 482 post
1154 410 1353 476 Moysis
1398 403 1802 468 mortem,duce
1844 398 1992 458 Jesu.
2023 400 2065 453 Δ

463 511 788 565 exsiccatum
836 504 1059 576 pedibus
1105 503 1454 554 transierunt.
1480 494 1576 548 Est
1607 499 1781 545 autem
1829 489 1994 557 ligura

465 600 780 671 ptrileptica,
826 611 945 666 quaa
995 609 1090 663 pro
1134 589 1394 661 singulari
1445 585 1706 671 pluralem
1761 578 1993 633 adhibet.

466 667 656 744 Etbam
702 701 829 740 vero
876 685 1091 753 Aquila,
1130 680 1321 734 solidos
1371 676 1594 744 ﬂuvios;
1647 667 1997 739 Symmachus

400 778 405 786 ’
466 786 665 840 autem,
689 776 951 843 antiquos,
979 772 1165 825 edidit.
1198 768 1322 821 Ilaec
1346 765 1561 835 quidem
1588 758 1878 815 secundum
1910 756 1998 808 lit-

410 912 411 915 η
465 876 632 920 teram
660 863 801 917 dicta
833 863 960 916 sint.
994 859 1219 928 Trnpice
1246 863 1422 910 autem
1447 850 1713 920 loquendo
1751 848 1861 900 haec
1884 845 1997 897 loca

465 954 660 1010 referet
691 954 957 1022 quispiam
987 950 1052 1004 ad
1086 948 1324 1002 occultas
1351 952 1403 999 et
1433 942 1726 996 invisibiles
1751 939 1995 996 virtutes.

463 1044 710 1113 dicetque
729 1057 821 1097 eas
853 1058 975 1097 esse
1007 1041 1292 1100 dracones,
1325 1042 1382 1088 ut
1413 1034 1500 1087 hic
1532 1039 1819 1094 vocantur;
1851 1043 1998 1081 mare

465 1140 642 1186 autem
684 1133 889 1201 tropice
931 1138 1227 1199 sumptum,
1255 1141 1440 1181 eorum
1471 1139 1589 1179 esse
1631 1120 1953 1175 domicilium
1982 1136 1997 1184 ;

465 1223 854 1293 perdraeonem
870 1238 997 1276 vero
1010 1222 1172 1274 multa
1187 1218 1364 1287 capita
1383 1216 1686 1274 habentem,
1708 1212 1996 1282 principem

465 1313 821 1382 malignorum
865 1311 1150 1380 spirituum
1198 1306 1462 1361 indicari:
1510 1304 1573 1357 ad
1605 1318 1761 1371 quem
1804 1299 1999 1355 dixerit

466 1402 729 1472 quispiam
763 1402 873 1454 haec
905 1400 1172 1469 pertinere
1205 1417 1217 1451 :
1262 1396 1337 1449 Tu
1367 1394 1664 1463 confregisti
1680 1393 1850 1460 capita
1877 1389 2001 1442 dra-

464 1492 633 1554 canis,
662 1487 852 1543 dedisti
887 1504 1001 1542 eum
1028 1502 1195 1539 escam
1235 1484 1436 1551 populis
1471 1479 1820 1548 xEthiopibus.
1848 1477 2001 1543 Qua:-

465 1591 549 1636 ret
578 1580 716 1634 idem
738 1578 953 1645 quinam
988 1574 1264 1643 .‘Ethiopes
1292 1572 1556 1641 allegoriae
1591 1584 1738 1623 more
1782 1567 1997 1629 fuerint,

465 1671 714 1737 dicetque
738 1683 832 1722 eos
854 1681 975 1720 esse
1001 1664 1092 1733 qui
1125 1664 1301 1716 anima
1340 1669 1465 1716 sunt
1492 1660 1663 1728 nigra,
1694 1670 1870 1726 quosa
1892 1669 2001 1708 me—

464 1766 673 1811 morato
703 1757 939 1811 dracone
972 1753 1177 1808 comedi
1208 1751 1613 1817 ait,eademque
1656 1743 2000 1815 proportione

464 1860 570 1911 qua
618 1845 654 1898 ii
698 1845 789 1914 qui
837 1844 1092 1899 salutaris
1122 1842 1281 1896 Verbi
1325 1855 1521 1893 carnes
1556 1834 1882 1892 comedunt:
1914 1831 1999 1885 his

465 1941 859 2000 consequenter
884 1932 1058 1985 fontes
1084 1931 1325 1999 diruptos
1354 1928 1410 1982 in
1451 1933 1718 1980 torrentes
1747 1928 1800 1975 et
1825 1920 2001 1975 sicca-

465 2028 551 2074 tos
598 2020 809 2082 ﬂuvios,
840 2021 1047 2089 tropico
1081 2020 1203 2073 item
1253 2032 1400 2070 more
1443 2015 1707 2084 explicare
1753 2007 2001 2064 tentabit.

466 2107 570 2162 Sed
601 2125 699 2163 nos
725 2117 1002 2178 postquam
1036 2124 1095 2162 ea
1138 2107 1201 2160 ad
1226 2108 1455 2158 litteram
1476 2099 1901 2172 explanavimus,
1935 2095 2000 2150 ad

465 2206 656 2252 caetera
688 2209 1044 2253 transeamus.
1075 2197 1207 2251 Cum
1233 2196 1558 2249 declarasset
1587 2190 1841 2261 pr0pheta
1869 2200 2002 2257 qua-

466 2289 537 2342 lia
581 2288 841 2343 miracula
892 2287 1032 2342 Dens
1062 2297 1187 2340 ante
1236 2284 1428 2339 saecula
1471 2297 1561 2336 rex
1611 2279 1859 2341 ediderit,
1887 2277 1999 2330 haec

464 2378 623 2430 etiam
654 2378 833 2445 adjicit
861 2398 873 2435 :
909 2377 1047 2430 Tuus
1078 2386 1151 2429 est
1181 2376 1308 2438 dies,
1333 2383 1379 2429 et
1412 2383 1500 2426 tua
1523 2380 1598 2425 est
1629 2385 1751 2424 nox.
1776 2368 1997 2421 Tantam

465 2468 661 2536 quippe
718 2484 895 2521 rerum
948 2468 1295 2520 mutationem
1345 2472 1401 2517 tu
1458 2464 1607 2516 solus
1659 2458 2000 2527 omnipotens

465 2563 718 2626 operatus
759 2574 838 2611 es.
881 2555 1336 2622 Quemadmodum
1387 2554 1527 2606 enim
1558 2551 1708 2603 ﬁrma
1757 2556 1905 2617 petra
1944 2546 1998 2599 in

468 2646 684 2699 ﬂuidam
721 2648 998 2700 materiam
1032 2659 1315 2704 conversa,
1353 2643 1526 2696 fontes
1555 2648 1607 2694 et
1634 2646 1898 2691 torrentes
1934 2652 1997 2689 ex

467 2738 582 2805 ipsa
610 2736 855 2796 ell'ecisti,
890 2752 953 2789 ac
986 2751 1198 2788 rursum
1242 2733 1527 2786 ﬂuviorum
1568 2730 1773 2782 alveum
1805 2742 1836 2778 e
1871 2741 1999 2778 con-

466 2825 633 2878 trario
681 2824 988 2885 exsiccasti,
1034 2824 1107 2875 ita
1141 2828 1193 2875 et
1235 2820 1374 2874 diem
1406 2817 1664 2872 arbitratu
1693 2823 1782 2868 tuo
1818 2814 1869 2867 in
1903 2828 2001 2866 no-

466 2926 605 2968 ctem
628 2915 821 2979 vertis,
849 2922 1007 2982 atque
1028 2927 1241 2965 rursum
1276 2918 1485 2963 noctem
1510 2908 1565 2961 in
1590 2907 1728 2959 diem
1761 2918 1999 2959 commu-

466 3013 579 3059 tas:
616 3004 730 3072 ipse
776 3002 1059 3057 luminaria
1099 3010 1152 3055 et
1176 3007 1320 3053 astra
1353 2997 1407 3051 in
1436 2997 1572 3051 cmlo
1610 2996 1789 3049 lucere
1824 2991 1995 3046 fecisti
2023 3011 2067 3071 ο

463 3096 572 3159 eis;
601 3095 697 3148 soli
727 3109 944 3148 cursum
979 3107 1136 3146 suum
1170 3088 1478 3159 assignasti,
1517 3085 1871 3153 omnibusque
1892 3092 2001 3137 ter-

465 3185 642 3239 minos
681 3184 1026 3245 constituisti,
1074 3189 1127 3235 et
1176 3180 1331 3250 quasi
1376 3176 1606 3232 conﬁnia
1657 3172 1998 3236 distribuisti,

468 3276 702 3343 annique
735 3279 1084 3342 tempestates
1123 3286 1218 3340 per
1248 3285 1407 3323 omne
1451 3268 1702 3323 saeculum
1742 3264 1919 3319 varias
1946 3263 2000 3315 in

465 3365 733 3419 sectiones
764 3363 1013 3417 divisisti.
1049 3360 1320 3429 Siquidem
1344 3375 1466 3412 cum
1488 3372 1653 3411 unum
1678 3355 1748 3410 sit
1772 3364 1999 3421 tempus,

466 3470 573 3521 upa
614 3462 666 3509 et
690 3453 878 3509 eadem
907 3453 1054 3506 orbis
1095 3450 1380 3515 revolutio,
1404 3456 1483 3511 tu,
1512 3447 1671 3509 Deus,
1703 3446 1792 3515 qui
1824 3442 2001 3497 omnia

466 3551 657 3613 potes,
701 3543 866 3595 variis
917 3539 1362 3594 conversionibus
1414 3544 1582 3591 totum
1635 3531 1998 3588 distribuisti:

466 3638 705 3687 aestatem
739 3631 848 3684 veri
875 3629 1121 3697 junxisti,
1148 3643 1263 3681 eam
1294 3635 1553 3680 autumno
1580 3619 2005 3688 circumscripsi-

469 3722 561 3781 sti,
592 3721 835 3789 hyemem
863 3733 986 3773 vere
1008 3716 1310 3769 terminasti
1337 3734 1349 3768 :
1380 3714 1491 3768 hazc
1522 3712 1718 3781 quippe
1740 3710 1919 3764 omnia
1946 3716 2001 3760 tu

472 3808 737 3863 formasti.
771 3808 1031 3872 Quoniam
1082 3806 1240 3874 igitur
1271 3813 1348 3866 tu,
1377 3805 1465 3872 qui
1494 3819 1523 3856 a
1562 3805 1756 3856 saeculo
1784 3808 1836 3854 et
1881 3805 2004 3852 ante

470 3899 725 3953 saeculum
766 3912 857 3950 rex
904 3906 1083 3950 noster
1116 3895 1343 3957 es,talia
1390 3893 1647 3946 miracula
1678 3901 1731 3945 et
1768 3889 2004 3960 prodigia

469 3988 649 4052 edere,
676 3998 836 4057 atque
889 3994 981 4043 tuo
1026 3995 1160 4040 nutu
1208 3984 1496 4037 constituta
1521 3998 1585 4035 ex
1634 3978 1918 4035 contrariis
1948 3979 2003 4031 in

472 4079 742 4134 contraria
766 4088 975 4132 vertere
1006 4076 1181 4137 soles;
1213 4073 1403 4126 merito
1442 4071 1551 4139 jam
1602 4066 2006 4138 supplicationi-

471 4168 572 4222 bus
592 4184 796 4221 annuas
830 4167 1030 4221 nostris
1075 4177 1364 4234 rogamus:
1398 4169 1452 4214 et
1478 4174 1672 4211 memor
1713 4165 1820 4208 esto
1852 4156 2005 4223 hujus

472 4258 592 4326 (pro
615 4258 703 4311 illo
730 4256 905 4325 hujus,
926 4254 1298 4326 Symmachus,
1314 4252 1443 4314 lawc,
1462 4252 1842 4316 interpretatus
1861 4244 1964 4313 est)
1988 4259 2002 4304 ;

1116 295 1378 353 EUSEBll
1415 286 1876 347 CIESARIENSIS
1911 281 2058 339 OPP.
2099 279 2275 335 PARS
2311 277 2398 332 ιιι.
2438 304 2507 316 --
2537 266 2945 327 EXEGETICA.
3520 260 3607 315 εει
3641 334 3645 339 _

2091 394 2188 463 τὴν
2236 392 2451 463 μνήμην
2482 389 2683 454 λέγων·
2720 383 2801 436 Σὺ
2829 375 3146 447 διέρῤηξας
3175 371 3361 463 πηγὰς
3388 372 3476 425 καὶ
3517 394 3611 441 χξι-

2089 460 2368 550 μᾶρῤουξ.
2395 478 2468 529 06
2514 477 2621 544 γὰρ
2666 471 2901 539 Μωσῆς,
2955 466 3142 535 φησιν,
3190 460 3256 535 ἦν
3289 466 3316 516 ὁ
3348 465 3409 533 τῇ
3466 464 3611 533 ῥάϐδῳ

2092 571 2264 639 τύψας
2303 569 2400 639 τὴν
2441 566 2643 635 πέτραν
2695 563 2789 615 καὶ
2828 556 3119 625 ἐξαγαγὼν
3160 554 3219 618 ἐξ
3262 554 3418 622 αὐτῆς
3464 556 3613 623 πηγὰς

2095 664 2187 714 καὶ
2217 660 2573 730 χειμάρρους·
2611 653 2748 707 ἀλλὰ
2778 653 2840 704 σὺ
2880 647 3048 720 ἦσθα,
3080 646 3273 708 ὁθεδς,
3304 646 3332 697 6
3364 644 3517 697 ταῦτα
3546 645 3614 698 διὰ

2102 747 2339 809 Μωσέως
2397 739 2855 811 παραδοξοποιῶν.
2893 738 3006 790 Καὶ¹
3035 736 3096 788 τὸ
3116 734 3475 803 ἐπιλεγόμενον
3497 734 3544 786 δὲ
3572 738 3615 788 ἐν

2092 835 2189 906 τῷ,
2215 836 2295 889 Σὺ
2324 835 2620 902 ἐξήρανας
2653 829 2960 899 ποταμοὺς
3002 826 3198 896 Ἠθὰμ,
3244 825 3536 895 ἀναφέροιτο
3568 825 3615 877 ἂν

2095 927 2186 977 ἐπὶ
2222 926 2309 977 τὸν
2348 925 2632 995 Ἰορδάνην,
2678 921 2738 972 ὃν
2787 918 3234 989 ἁποξηρανθέντα
3278 915 3471 986 διῆλθον
3519 918 3616 969 ποσὶ

2099 1014 2233 1085 μετὰ
2260 1014 2358 1085 τὴν
2383 1014 2623 1075 Μωσέως
2666 1011 2926 1080 τελευτὴν
2958 1011 3007 1061 οἱ
3042 1008 3146 1059 υἱοὶ
3178 1006 3400 1077 Ἰσραὴλ,
3422 1008 3615 1077 ἡγουμέ-

2096 1123 2185 1157 νου
2212 1104 2385 1157 αὑτῶν
2430 1104 2625 1175 Ἰησοῦ.
2665 1102 2823 1154 Ἔστι
2854 1101 2915 1153 δὲ
2944 1103 2972 1153 ό
3000 1100 3201 1169 τρόπος
3225 1099 3613 1164 περιληπτικὸς,

2095 1195 2214 1247 ἀντὶ
2243 1195 2334 1247 τοῦ
2367 1194 2545 1248 ἑνικοῦ
2581 1190 2965 1263 πληθυντικῶς
2999 1188 3464 1260 προενηνεγμένος.
3495 1188 3553 1239 Τὸ
3575 1189 3614 1240 δὲ

2108 1284 2302 1352 Ἠθάμ,
2334 1286 2361 1336 6
2409 1286 2506 1354 μὲν
2540 1283 2771 1344 ’Δκύλας
2823 1279 3117 1348 στερεοὺς
3161 1277 3451 1345 ποταμοὺς
3479 1278 3615 1347 ἡρμή-

2096 1390 2298 1437 νευσεν,
2329 1376 2356 1427 ὁ
2386 1374 2441 1425 δὲ
2468 1374 2760 1443 Σύμμαχος
2788 1371 3105 1438 ἀρχαίους.
3141 1368 3245 1420 Καὶ
3273 1367 3436 1419 ταῦτα
3462 1368 3543 1435 μὲν
3563 1369 3615 1431 ὡς

2097 1464 2229 1533 πρὸς
2259 1462 2353 1532 τὴν
2391 1462 2534 1528 λέξιν
2568 1461 2830 1532 εἰρήσθω.
2859 1457 3151 1528 Τροπικῶς
3191 1458 3235 1510 δ’
3270 1458 3333 1511 ἄν
3368 1474 3446 1519 τις
3468 1457 3614 1509 ἐπιϐα-

2096 1552 2199 1605 λὼν
2227 1555 2334 1615 τοῖς
2358 1553 2540 1615 τόποις
2576 1553 2781 1605 ἀνοίσει
2826 1550 3006 1602 ταῦτα
3044 1549 3135 1600 ἐπὶ
3162 1547 3409 1616 δυνάμεις
3442 1548 3615 1613 ἀφανεῖς

2099 1642 2190 1693 καὶ
2212 1641 2488 1710 ἀοράτους,
2515 1626 2685 1702 αὐτὰς
2706 1635 2850 1691 εἶναι
2877 1638 3054 1704 λέγων
3080 1636 3205 1697 τοὺς
3227 1636 3500 1705 δράκοντας
3526 1635 3613 1696 τοὺς

2029 1708 2070 1761 Β
2099 1731 2325 1784 ἐνταῦθα
2360 1732 2811 1802 ὼνομασμένους’
2867 1728 3147 1782 θάλασσάν
3195 1746 3253 1780 τε
3296 1726 3540 1799 τροπικῶς
3575 1728 3615 1778 τὸ

2096 1823 2293 1875 τούτων
2324 1824 2651 1893 οἰκητήριον,
2692 1822 2862 1875 αὐτόν
2893 1839 2955 1873 τε
3003 1822 3094 1873 τὸν
3124 1820 3351 1891 ἄρχοντα
3384 1820 3479 1871 τῶν
3498 1836 3614 1889 πονη-

2100 1913 2204 1982 ρῶν
2247 1913 2565 1981 πνευμάτων
2618 1912 2991 1982 σημαίνεσθαι
3040 1911 3130 1963 διὰ
3174 1910 3266 1962 τοῦ
3306 1911 3613 1980 πολυκεφάλου

2097 2002 2380 2073 δράκοντος
2399 2019 2410 2029 ·
2452 2002 2577 2071 περὶ
2604 1996 2665 2054 οὗ
2698 2002 2895 2071 φήσειέ
2922 2019 3004 2063 τις
3038 2001 3281 2071 εἰρῆσθαι
3308 2000 3385 2063 τὸ,
3413 2001 3483 2053 Σὺ
3505 2015 3611 2053 avr-

2097 2092 2353 2155 ἐθλασας
2377 2089 2482 2155 τὰς
2504 2091 2777 2158 κεφαλὰς
2802 2090 2911 2143 τοῦ
2950 2089 3297 2158 δράκοντος,
3324 2090 3521 2154 ἔδωκας
3544 2093 3613 2141 οὺς

2096 2179 2200 2232 τὸν
2215 2179 2423 2267 ,βρῶμα
2452 2179 2623 2244 λαοῖς
2646 2180 2777 2245 τοῖς
2805 2179 3066 2247 Αἰθίοψι.
3108 2181 3335 2250 Ζητήσει
3361 2179 3411 2232 δὲ
3440 2182 3464 2232 ὁ
3490 2178 3614 2231 τοιοῦ-

2097 2286 2184 2332 τος
2209 2270 2301 2322 καὶ
2332 2270 2481 2331 τινὰς
2506 2268 2775 2331 Αἰθίοπας
2821 2270 2898 2338 (l)
2942 2270 3127 2340 νόμοις
3175 2269 3496 2339 ἀλληγορίας,
3529 2271 3613 2328 τρὶς

2101 2359 2197 2421 τὰς
2230 2358 2403 2428 ψυχὰς
2435 2359 2937 2429 μεμελανωμένους
2971 2361 3197 2428 φάσκων
3225 2354 3374 2412 εἶναι·
3396 2358 3476 2422 οὓς
3494 2359 3615 2410 δὲκαὶ

2097 2445 2292 2498 ἐσθίειν
2339 2448 2453 2517 ἐρεῖ
2491 2448 2581 2499 τὸν
2629 2448 3012 2518 προλεχθὲντα
3066 2449 3358 2519 δράκοντα,
3402 2448 3615 2513 ἀναλόγως

2096 2538 2204 2598 τοῖς
2229 2537 2459 2589 ἐσθίουσι
2491 2538 2583 2590 τοῦ
2620 2540 2902 2609 σωτηρίου
2947 2540 3121 2607 Λόγου
3157 2539 3253 2602 τὰς
3286 2540 3497 2610 σάρκας·
3527 2538 3617 2589 ἀκτι-

2096 2624 2294 2687 λούθως
2324 2626 2380 2678 δὲ
2422 2627 2630 2690 τούτοις
2672 2630 2773 2681 καὶ
2821 2630 3010 2700 πηγὰς
3059 2631 3393 2700 ῥηγνυμένας
3437 2632 3503 2689 εἰς
3538 2645 3616 2694 χει-

2100 2715 2337 2785 μάῤῥους
2370 2717 2463 2769 καὶ
2496 2722 2781 2789 ποταμοὺς
2831 2721 3361 2792 ἀποξηραινομένους
3403 2717 3613 2790 τροπικῶς

2096 2803 2379 2856 ἀποδοῦναι
2429 2808 2779 2877 πειράσεται.
2827 2810 2969 2862 Ἀλλ’
3004 2812 3184 2880 ἡμεῖς,
3226 2811 3354 2880 πρὸς
3397 2810 3515 2873 λέξιν
3547 2807 3615 2875 τὴν

2096 2894 2327 2948 διάνοιαν
2372 2897 2814 2963 ἀποδεδωκότες,
2864 2900 2960 2953 ἐπὶ
3011 2900 3079 2952 τὰ
3129 2901 3253 2971 ἐξῆς
3295 2898 3611 2968 διαϐησόμεθα.

2098 2986 2455 3056 Παραστήσας
2498 2988 2527 3038 ὁ
2573 2991 2874 3061 προφήτης
2914 2994 3077 3044 ὁποῖα
3115 2992 3385 3063 εἴργασται
3423 2990 3617 3059 θαύματα

2097 3076 2126 3127 6
2168 3074 2272 3142 πρὸ
2315 3075 2524 3129 αἰώνων
2562 3076 2823 3146 βασιλεὺς
2850 3079 3009 3144 Θεὸς,
3049 3081 3128 3133 ἔτι
3176 3083 3266 3135 καὶ
3310 3080 3461 3133 ταῦτα
3491 3094 3615 3148 προσ·

2096 3162 2274 3230 τίθησι
2300 3162 2501 3228 λέγων·
2529 3163 2613 3230 Σή
2654 3165 2836 3219 ἐστιν
2869 3167 2910 3233 ἡ
2958 3167 3171 3235 ἡμέρα,
3196 3169 3286 3220 καὶ
3313 3166 3398 3233 ’σή
3436 3163 3613 3227 ἐστινὴ

2098 3251 2229 3313 νύξ.
2262 3253 2371 3322 Τὴν
2395 3252 2503 3322 γὰρ
2530 3254 2811 3325 τοσαύτην
2853 3255 2965 3308 τῶν
3012 3256 3347 3328 πραγμάτων
3382 3251 3615 3326 μεταϐολὴν

2102 3343 2163 3395 σὺ
2202 3343 2356 3413 μόνος
2389 3345 2417 3394 6
2445 3344 2863 3416 παντοδύναμος
2897 3348 3161 3415 εἰργάσω.
3192 3348 3277 3408 Ὠς
3302 3346 3402 3415 γὰρ
3430 3345 3510 3413 τὴν
3534 3358 3615 3393 ot:-

2102 3432 2315 3503 ρὲμνιον
2338 3432 2539 3502 πέτραν
2561 3435 2641 3495 εἰς
2664 3437 2903 3507 ῥευστὴν
2928 3438 3119 3490 οὐσίαν
3147 3434 3464 3506 μεταϐαλὼν,
3484 3430 3614 3499 πηγὰς

2100 3520 2193 3572 καὶ
2217 3521 2543 3590 χειμάρρους
2583 3522 2645 3587 ἐξ
2694 3524 2871 3595 αὐτῆς
2897 3525 3160 3597 εἰργάσω,
3183 3527 3274 3579 καὶ
3329 3522 3552 3577 ἀνάπαλιν
3570 3519 3614 3569 :‘1

2100 3613 2205 3665 τῶν
2242 3613 2497 3683 ποταμῶν
2533 3613 2788 3685 ῥεύματα
2843 3620 2926 3678 εἰς
2962 3618 3023 3669 τὸ
3069 3616 3302 3669 ἐναντίον
3343 3612 3613 3680 καταστήσας

2102 3704 2397 3775 ὲξήρανας·
2429 3705 2572 3758 οὕτω
2626 3709 2727 3759 καὶ
2770 3708 2871 3779 τὴν
2916 3710 3132 3780 ἡμέραν
3173 3711 3258 3762 ὅτε
3296 3708 3450 3769 θέλεις
3481 3716 3613 3757 νυκττμ

2102 3796 2289 3856 ποιεῖς,
2320 3793 2554 3863 ἔμπαλίν
2586 3813 2651 3847 τε
2697 3797 2798 3867 τὴν
2838 3798 3012 3850 νύκτα
3056 3798 3400 3869 μετατρέπεις
3433 3797 3499 3855 εἰς

2104 3898 2231 3952 ραν·
2272 3882 2431 3943 αὐτὸς
2461 3882 2555 3935 καὶ
2599 3889 2902 3958 φωστῆρας
2939 3891 2996 3939 ἐν
3033 3888 3245 3959 οὐρανῴ
3293 3882 3612 3955 κατηστέριπας

2102 3972 2300 4034 αὐτοῖς,
2328 3973 2422 4024 καὶ
2446 3973 2582 4043 ἡλίῳ
2607 3974 2859 4039 διέταξας
2879 3979 3133 4048 δρόμους,
3164 3979 3315 4048 ὄρους
3336 3993 3389 4027 τε
3411 3973 3475 4044 τῷ
3499 3966 3613 4022 παντὶ

2102 4060 2463 4131 νομοθετήσας
2472 4101 2483 4124 ι
2512 4062 2706 4136 ὦσ”ῖιέρ
2750 4066 3039 4138 μεθορίους
3068 4068 3263 4130 διεῖλας
3287 4066 3370 4118 τὸν
3392 4062 3611 4132 σύμπαντα

2104 4152 2270 4205 αἰῶνα
2324 4155 2817 4224 κατακερματίσας
2869 4160 2945 4220 εἰς
2990 4158 3217 4228 διάφορα
3261 4157 3494 4226 τμήματα
3525 4148 3612 4204 τοὺς

2104 4239 2196 4294 τοῦ
2241 4241 2436 4303 παντὸς
2468 4244 2726 4298 ἐνιαυτοῦ
2789 4248 3037 4318 καιρούς.
3075 4249 3219 4310 Ἐνὸς
3250 4247 3349 4315 γὰρ
3390 4245 3513 4301 ὄντος
3547 4231 3610 4286 τοῦ

473 4362 857 4416 precamurque
898 4353 956 4399 ut
1001 4346 1261 4398 malorum
1311 4356 1430 4411 quae
1485 4339 1641 4392 nobis
1694 4335 2000 4389 acciderunt

2106 4332 2313 4401 χρόνου,
2351 4333 2443 4383 καὶ
2461 4333 2559 4403 τῆς
2610 4336 2709 4388 τοῦ
2754 4339 2956 4403 παντὸς
2991 4339 3391 4407 ἀνακυκλήσεως
3418 4333 3522 4401 μιᾶς
3549 4324 3610 4377 καὶ

472 4436 821 4489 mutationem
853 4435 1069 4489 cllicias.
1114 4433 1216 4486 Pro
1261 4433 1351 4485 illo
1399 4438 1595 4488 autem,
1629 4425 1705 4478 Tu
1726 4424 2009 4492 fabricatus

469 4541 524 4580 es
555 4541 799 4578 auroram
829 4536 876 4577 et
898 4526 1079 4588 solem,
1104 4524 1315 4592 Aquila,
1342 4522 1417 4575 Tu
1439 4516 1748 4589 prwparasti
1777 4514 2002 4566 lumina-

472 4629 527 4666 re
552 4622 598 4666 et
622 4616 802 4674 solem,
832 4613 1211 4682 interpretatus
1243 4622 1343 4666 est.

2112 4421 2209 4490 τῆς
2240 4421 2406 4490 αὐτῆς
2442 4421 2635 4493 οὔσης,
2679 4428 2745 4479 σὺ
2790 4430 2820 4481 6
2859 4429 3035 4483 πάντα
3061 4429 3276 4491 δυνατὸς
3301 4425 3418 4486 Θεὸς
3444 4415 3610 4492 τροπαῖς

2106 4509 2373 4579 διαφόροις
2408 4509 2612 4575 διεῖλας
2652 4514 2717 4565 τὸ
2760 4517 2891 4579 πᾶν,
2942 4517 3096 4587 θέρος
3137 4516 3231 4586 μὲν
3261 4514 3372 4583 ἔαρι
3412 4504 3607 4572 συνάψας.

2100 4599 2268 4669 τούτῳ
2286 4600 2341 4651 δὲ
2365 4600 2689 4673 μετόπωρον
2724 4606 3091 4677 περιγράψας,
3109 4602 3339 4676 χειμῶνά
3357 4618 3407 4653 τε
3428 4592 3609 4666 περιορί·

472 4719 569 4764 σας
590 4703 705 4772 ἔαρι
724 4718 738 4731 ι
778 4704 948 4756 πάντα
974 4704 1080 4774 γὰρ
1099 4703 1262 4756 ταῦτα
1296 4704 1358 4755 σὺ
1383 4699 1634 4759 ἔπλασας.
1664 4694 1813 4747 Ἐπεὶ
1836 4694 2008 4747 τοίνυν
2049 4694 2111 4745 σὺ
2138 4694 2165 4744 6
2189 4690 2249 4754 ἐξ
2268 4690 2459 4753 αἰῶνος
2486 4694 2583 4744 καὶ
2611 4695 2719 4765 πρὸ
2743 4697 2941 4760 αἰῶνος
2982 4698 3226 4767 βασιλεὺς
3261 4692 3403 4763 ἡμῶν
3443 4682 3610 4738 τοιαῦτ]

470 4794 713 4861 πέφυκας
739 4793 1117 4863 μεγαλουργεῖν
1147 4794 1238 4846 καὶ⁸
1260 4790 1710 4861 παραδοξοποιεῖν,
1749 4784 2091 4854 μεταϐάλλειν
2114 4800 2173 4834 τε
2204 4784 2266 4834 ἐκ
2292 4780 2400 4835 τῶν
2423 4782 2687 4838 ἐναντίων
2726 4789 2809 4850 εἰς
2846 4788 2915 4839 τὰ
2941 4787 3157 4842 ἐναντία
3184 4786 3249 4838 τὰ
3310 4782 3378 4851 τῷ
3438 4775 3500 4844 σῷ
3528 4774 3609 4821 νεν-

474 4898 597 4950 ματι
623 4883 1018 4951 παριστάμεναο
1043 4885 1258 4945 εἰκότως
1276 4876 1648 4942 ἀντιόολοῦμεν
1705 4875 1797 4927 καὶ
1817 4873 1910 4925 νῦν
1946 4875 2065 4934 ταῖς
2102 4871 2388 4942 ἡμετέραις
2435 4873 2745 4945 ἱκετηρίαις
2782 4878 3084 4940 ἐπινεῦσαι,
3127 4869 3408 4947 μνησθῆναί
3436 4882 3483 4917 τε
3515 4852 3609 4911 ταῦ-

470 4989 566 5042 της
598 4974 736 5040 (ἀντὶ
760 4973 814 5026 δὲ
844 4974 955 5033 τοῦ,
989 4976 1225 5039 ταύτης,
1255 4972 1438 5025 ταῦτα
1493 4972 1521 5021 ὁ
1584 4968 1872 5036 Σύμμαχος
1908 4960 2265 5033 ἡρμήνευσεν)
2295 4978 2308 4992 ο
2363 4963 2513 5026 ὅπως
2564 4966 2662 5018 καὶ
2712 4968 2799 5036 ἐφ’
2845 4969 3003 5039 ἡμῶν
3059 4964 3341 5038 μεταϐολὴν
3387 4955 3605 5025 ποιήσειας

472 5038 573 5113 τῶν
606 5038 1124 5131 Ἵπροκαταλαϐὀντων
1160 5038 1308 5133 ημᾶς
1345 5062 1546 5116 κακῶν.
1598 5059 1741 5110 Ἀντὶ
1796 5057 1851 5108 δὲ
1896 5054 2008 5117 τοῦ,
2082 5054 2164 5107 Σὺ
2199 5057 2531 5122 κατηρτίσω
2567 5060 2807 5127 φαῦσιν
2854 5038 2952 5115 καὶ
3010 5062 3200 5130 ἣλιον,
3244 5061 3273 5111 6
3307 5053 3517 5109 Ἀκύλας,
3548 5038 3604 5095 Σὺ

474 5150 796 5218 ἡτοίμασας
824 5154 1101 5221 φωστῆρα
1126 5157 1221 5209 καὶ
1252 5155 1426 5222 ἣλιον
1457 5154 1810 5225 ἡρμήνευσεν.

543 5238 703 5295 Vtilis.
731 5244 816 5306 l8,
836 5244 995 5298 19-21
1011 5287 1023 5300 .
1044 5250 1291 5301 Inimicus
1310 5246 1674 5317 improperavit
1696 5242 1937 5302 Domino,
1954 5251 2003 5294 et

477 5328 690 5391 Populus
717 5331 961 5397 insipiens
994 5335 1225 5390 incitavit
1253 5354 1435 5390 nomen
1484 5346 1651 5389 tuum.
1692 5329 1771 5385 N6
1824 5329 2004 5382 ιναάαδ

479 5413 653 5468 bestiis
683 5420 916 5472 animam
953 5426 1274 5492 conﬁtentem
1307 5426 1415 5479 tibi.
1449 5423 1601 5478 Talia
1637 5431 1762 5476 sunt
1793 5420 2006 5473 inenar-

481 5501 661 5556 rabilis
710 5506 922 5563 virtutis
954 5522 1056 5569 tua:
1087 5531 1268 5584 opera,
1304 5517 1479 5585 qualia
1527 5514 1853 5568 declaratum
1900 5514 2003 5560 est.

485 5589 680 5643 [lorum
708 5603 767 5646 ut
786 5594 838 5648 in
861 5606 1028 5656 nostri
1058 5608 1277 5665 gratiam
1303 5607 1600 5662 recorderis
1622 5603 2011 5673 supplicamus:

559 5710 632 5779 (Ι)
670 5711 748 5765 An
779 5713 1055 5782 legendum
1088 5745 1225 5792 τινες
1261 5725 1716 5790 Αἰθίοπεςῖῐίοιτ,

2185 5232 2429 5301 Ἐχθρὸς
2453 5233 2735 5289 ὠνείδισε
2776 5236 2858 5301 τῷ
2905 5238 3115 5305 Κυρίῳ,
3152 5234 3245 5288 καὶ
3283 5232 3415 5295 λαὸς
3450 5227 3601 5293 ἄφρων

2106 5322 2414 5391 παρώξυνε
2457 5325 2525 5377 τὸ
2567 5324 2759 5394 ὄνομά
2800 5343 2937 5382 σου.
2980 5327 3074 5393 Μὴ
3110 5321 3362 5393 παραὸᾦς
3399 5317 3500 5380 τοῖς
3526 5317 3597 5373 θη⁴

2099 5415 2252 5482 ρίοις
2288 5412 2504 5481 ψυχὴν
2543 5414 3108 5486 ἐξοιιολογὊυμένην
3135 5433 3247 5469 σοι.
3299 5412 3369 5465 Τὰ
3414 5408 3494 5477 μὲν
3526 5400 3597 5467 τῆς

2109 5504 2205 5571 σῆς
2265 5504 2645 5575 ἀνεκερράστου
2710 5508 2991 5578 δυνάμεως
3055 5508 3183 5581 ἔργα
3237 5500 3428 5558 τοιαῦτά
3474 5506 3591 5548 τινα,

2106 5592 2264 5642 ὁποῖαι
2307 5590 2603 5664 δεδήλωται
2642 5598 2919 5667 τυγχάνει.
2947 5599 3155 5651 Τούτων
3191 5596 3242 5648 δέ
3277 5609 3325 5644 σε
3359 5580 3592 5658 μνησθῆναι
