3796 6368
145 439 235 490 ὶῆεδ

1347 434 1837 490 CONMENTARIA
1875 438 1937 492 IN
1974 437 2308 494 PSALMOS.

3299 443 3402 502 866

174 528 381 627 mut?
615 528 966 621 ἱκετεύομεν.
1001 553 1211 625 Ἐπειδὴ
1253 555 1346 607 καὶ
1378 553 1472 608 νῦν
1507 557 1556 608 oi
1599 556 1761 627 ἐχθρά

1875 555 2008 622 Quia
2030 559 2137 625 iam
2169 557 2371 610 inimici
2419 554 2709 625 hostesque
2742 557 2930 622 nostri,
2971 573 3078 614 non
3119 559 3275 614 nobis
3315 559 3402 612 du-

203 634 290 684 καλ
319 621 371 680 οἱ
405 625 691 698 πολέμιοι,
743 637 846 707 οὐχ
890 641 1033 710 ἡμᾶς
1080 621 1211 704 τοὺς
1252 621 1659 714 πολεμηθένταςῄ
1684 621 1777 696 καὶ

205 715 549 789 ὑποχειρίους
571 722 764 789 αὐτοῖς
786 730 1117 799 γενομένους,
1134 731 1264 784 ἀλλὰ
1293 732 1351 784 σὲ
1371 733 1457 785 τὸν
1476 731 1604 785 Θεὸν
1630 733 1776 803 ήμῶν

211 807 550 872 ὀνειδίζουσι*
589 813 686 866 καὶ
720 815 852 879 λαὸς
869 818 1052 889 ἄφρων
1074 819 1102 870 6
1137 820 1195 871 σὲ
1221 821 1308 873 τὸν
1342 821 1470 874 Θεὸν
1503 823 1574 893 μὴ
1602 821 1772 887 εἰδὼς,

204 901 297 953 ἐπὶ
320 899 549 970 δαίμοσι
580 902 638 956 δὲ
670 908 769 958 καὶ
814 908 1054 978 πολυθέῳ
1075 909 1245 980 πλάνῃ
1283 909 1644 980 καυχώμενος,
1681 911 1776 982 οὐχ

200 993 368 1061 ἡμᾶς,
408 991 554 1045 ἀλλὰ
587 993 648 1047 σὲ
695 997 790 1050 καὶ
813 998 873 1050 τὸ
897 999 986 1051 σὺν
1012 999 1178 1070 ὄνομα
1217 1001 1558 1070 παρώξυνεν·
1591 996 1650 1056 οὗ
1677 1001 1774 1072 χά-

193 1096 283 1150 ριν
341 1080 590 1150 δεόμεθα
627 1084 720 1136 καλ⁵
756 1083 1166 1156 ἀντιϐολοῦμεν,
1212 1088 1283 1157 μὴ
1324 1089 1564 1151 ἐκδότους
1600 1106 1773 1160 παρα-

184 1169 378 1224 δοῦναι
408 1174 536 1234 τοῖς
565 1174 795 1244 ἀπηνέσι
821 1175 978 1246 θηρσὶ
998 1178 1095 1238 τὰς
1117 1177 1289 1246 ψυχὰς
1312 1178 1418 1230 τῶν
1443 1179 1776 1248 ἐξομολογου-

181 1261 376 1330 μένων
428 1279 543 1325 σοι,
583 1263 716 1334 μηδὲ
762 1264 927 1335 λήθην
970 1267 1285 1336 ποιήσασθαι
1312 1270 1388 1330 εἰς
1417 1268 1475 1319 τὸ
1501 1270 1770 1332 παντελὲς,

180 1349 263 1418 μὴ
301 1347 453 1418 βορὰ
473 1349 764 1419 γενώμεθα
787 1350 986 1421 θηρίων
1011 1351 1183 1421 ψυχὰς
1212 1352 1405 1404 ἐσθίειν
1427 1353 1736 1419 πεφυκότων
1755 1370 1770 1383 ο

171 1438 379 1491 ὁποῖαί
433 1441 582 1491 εἰσιν
625 1440 684 1492 αἱ
726 1439 1086 1510 ἀντικείμεναι
1130 1441 1396 1510 δυνάμεις,
1431 1443 1484 1492 αἱ
1525 1440 1633 1492 τῶν
1681 1441 1774 1508 ψυ-

171 1526 297 1594 χῶν
349 1527 474 1579 τῶν
527 1526 878 1596 ἀνθρωπίνων
921 1527 1186 1581 ἐπίϐουλοι
1241 1546 1299 1580 τε
1359 1530 1451 1582 καὶ
1494 1529 1768 1599 πολέμιοι⁹

167 1614 323 1667 ἀλλὰ
350 1615 476 1684 γὰρ
507 1616 838 1682 ἐπιϐλεψον
853 1619 941 1681 εὶς
955 1616 1066 1683 τὴν
1078 1616 1362 1683 διαθήκην
1370 1632 1502 1682 σου,
1522 1618 1614 1672 καὶ
1642 1621 1772 1688 μνή-

167 1703 348 1772 σθητι
393 1704 511 1772 τῆς
552 1703 821 1774 συνθήκης
853 1722 964 1771 σου,
1003 1706 1070 1758 δι’
1095 1703 1160 1778 ἧς
1198 1706 1494 1778 ηὑδόκησας
1527 1708 1692 1762 σῶσαι
1712 1710 1770 1762 τὸ

164 1793 290 1844 τῶν
315 1792 429 1845 ἀνθ
439 1792 648 1863 ρώπων
671 1793 842 1860 γένος,
871 1795 1056 1864 καινὴν
1091 1794 1344 1864 διαθήκην
1367 1797 1542 1860 αὐτοῖς
1563 1797 1650 1849 διὰ
1675 1797 1766 1850 τοῦ

1874 647 2084 701 bellatis
2130 647 2340 714 sibique
2373 645 2650 713 subjectis,
2681 645 2772 700 sed
2809 647 2903 709 tibi
2936 647 3046 703 Deo
3085 657 3271 704 nostro
3301 650 3401 702 im—

1872 742 2158 804 properant
2185 754 2198 788 :
2226 742 2278 788 et
2301 735 2530 803 populus
2560 734 2837 804 insipiens,
2861 736 2952 805 qui
2980 743 3032 790 te
3059 734 3222 788 Deum
3257 737 3398 804 igno-

1873 832 1974 886 rat,
2007 824 2440 892 dazmonibusque
2487 838 2549 878 ac
2588 826 2874 878 multorum
2915 825 3192 882 numinum
3217 837 3399 878 errore

1871 913 2148 983 gloriatur,
2167 928 2274 966 non
2307 927 2426 976 nos,
2453 913 2546 966 sed
2574 921 2625 967 te
2652 922 2706 968 et
2734 929 2926 968 nomen
2952 921 3099 968 tuum
3135 913 3395 976 incitavit;

1872 1004 1990 1056 ideo
2018 1003 2381 1071 supplicamus
2408 1010 2460 1056 ct
2494 1018 2780 1072 rogamus,
2813 1018 2882 1058 ne
2914 1003 3119 1056 animas
3147 1001 3399 1057 conﬁten-

1873 1093 2001 1144 tium
2027 1091 2124 1144 tibi
2158 1092 2484 1146 immanibus
2520 1091 2650 1146 feris
2679 1091 2954 1147 dedititias
2988 1091 3192 1154 tradas,
3227 1105 3398 1160 neque

1871 1195 1969 1233 nos
2005 1181 2056 1233 in
2083 1190 2391 1249 perpetuum
2415 1182 2770 1243 obliviscaris,
2796 1197 2864 1235 ne
2889 1182 3176 1236 bestiarum
3193 1180 3399 1234 animas

1868 1269 2128 1323 devorare
2187 1271 2465 1323 solitarum
2514 1286 2638 1324 esca
2683 1271 2971 1325 evadamus
3002 1289 3015 1324 :
3044 1270 3228 1339 quales
3272 1278 3399 1323 sunt

1869 1355 2184 1408 adversariae
2218 1364 2508 1423 potestates
2529 1396 2543 1420 ,
2575 1373 2693 1426 qua:
2726 1358 2976 1412 humanis
3005 1358 3285 1412 animabus
3317 1359 3400 1410 in-

1867 1445 2133 1500 sidiantur
2177 1461 2239 1498 ac
2274 1447 2466 1500 bellqu
2499 1447 2736 1502 inferunt
2771 1450 2897 1502 :sed
2943 1450 3133 1517 respice
3161 1450 3211 1500 in
3236 1458 3399 1502 testa-

1869 1542 2093 1585 mentum
2126 1543 2288 1593 tuum,
2320 1541 2372 1588 et
2405 1551 2611 1589 memor
2642 1544 2758 1589 esto
2780 1536 2921 1604 pacti
2949 1537 3048 1599 tui,
3081 1551 3186 1605 quo
3215 1536 3400 1590 humi-

1866 1637 1992 1675 num
2026 1639 2193 1690 genus
2225 1625 2428 1678 salvum
2463 1625 2636 1680 facere
2667 1626 2763 1679 tibi
2784 1628 3128 1696 complacuit,
3152 1643 3270 1680 cum
3297 1641 3396 1680 no-

1865 1725 1988 1762 vum
2017 1711 2148 1778 ipsis
2193 1719 2565 1767 testamentum
2613 1730 2707 1782 per
2734 1715 3001 1768 Christum
3036 1723 3183 1769 tuum
3206 1715 3400 1782 elargi-

1865 1805 1952 1853 tus
1982 1815 2059 1854 es.
2081 1799 2299 1854 Etiamsi
2328 1802 2470 1856 enim
2491 1804 2704 1872 quidam
2731 1813 2875 1869 sunt,
2901 1812 3077 1860 mente
3103 1805 3396 1866 obscurati,

163 1880 439 1951 Χριστοῦ
482 1898 582 1933 σου
625 1882 1006 1951 δεδωρημένος.
1048 1884 1110 1934 Εἰ
1155 1883 1261 1953 γὰρ
1299 1885 1392 1936 καὶ
1431 1884 1499 1936 τὰ
1543 1885 1761 1954 μάλιστα

1865 1889 1954 1957 qui
1998 1889 2148 1942 domo
2187 1892 2519 1959 iniquitatum
2562 1894 2748 1962 repleti
2799 1903 2957 1957 sunt,
2987 1909 3088 1950 nec
3124 1895 3397 1949 Christum

163 1971 463 2038 γεγόνασί
501 1989 652 2034 τινες
692 1973 1054 2044 ἐσκοτισμένοι
1093 1975 1190 2044 τὴν
1229 1975 1462 2028 διάνοιαν
1505 1977 1597 2028 καὶ
1628 1977 1768 2042 οἴκῳ

164 2061 464 2130 ἀνομιῶν
492 2063 927 2133 πεπληρωμένοι,
970 2063 1041 2133 μὴ
1065 2064 1484 2134 παραδεξάμενοι
1517 2066 1607 2117 τὸν
1635 2066 1766 2133 Χρι-

166 2151 310 2202 στόν
365 2167 491 2212 σου,
538 2149 673 2202 ἀλλὰ
718 2151 781 2203 σὺ
815 2150 889 2212 ὡς
933 2151 1300 2222 φιλάνθρωπος
1345 2153 1472 2214 Θεὸς
1507 2151 1612 2204 τῶν
1661 2152 1767 2204 σῶν

166 2238 434 2307 πτωχῶν
480 2239 558 2308 μὴ
597 2240 944 2309 ἀποστραφῇς
976 2240 1072 2304 τὰς
1113 2242 1402 2312 ἱκετηρίας.
1435 2242 1588 2304 Τίνες
1617 2242 1662 2294 δ’
1702 2242 1766 2295 ἂν

165 2323 290 2379 εἷεν
330 2328 386 2379 oi
425 2329 640 2396 πτωχοὶ
661 2329 709 2379 οἱ
754 2328 920 2380 ταῦτα
967 2330 1102 2401 ὑπὲρ
1139 2331 1334 2394 παντὸς
1372 2331 1645 2401 εὐχόμενοι
1673 2330 1764 2383 τοῦ

168 2414 343 2477 λαοῦ,
373 2415 498 2468 ἀλλ’
529 2416 580 2466 οἱ
606 2415 698 2467 τοῦ
722 2416 970 2487 Σωτῆρος
997 2418 1148 2488 ἡμῶν
1171 2420 1402 2488 μαθηταὶ
1430 2421 1519 2472 καὶ
1542 2420 1767 2472 ἀπόστο-

167 2503 257 2557 λοι
328 2506 479 2576 πρὸς
531 2504 626 2566 οὓς
676 2505 924 2572 ἐλέγετοο
975 2507 1256 2574 Μακάριοι
1314 2512 1365 2562 οι
1420 2510 1635 2577 πτωχοὶ
1687 2507 1768 2574 τῷ

172 2596 518 2662 πνεύματι,
552 2593 641 2645 ὅτι
677 2594 926 2662 ὑμετέρα
953 2595 1120 2649 ἐστὶν
1151 2599 1494 2664 η’,ϐασιλεία
1527 2597 1643 2651 τῶν
1663 2600 1764 2652 οὐ·

168 2683 434 2751 ,ρανπῶιη
455 2683 682 2746 Τούτοις
705 2683 809 2755 γὰρ
833 2685 924 2737 καὶ
953 2685 1175 2748 Ἦσατας
1201 2686 1488 2757 ἐμαρτύρει
1515 2689 1577 2739 ὲκ
1605 2703 1766 2756 προσ-

177 2779 347 2830 ώπου
378 2777 564 2844 λέγων
602 2776 695 2830 τοῦ
735 2776 991 2847 Χριστοῦ
1026 2777 1260 2845 Πνεῦμα
1285 2780 1498 2845 Κυρίου
1530 2779 1618 2832 ἐπ’
1642 2779 1762 2848 ἐμὲ,

177 2867 252 2924 οὗ
301 2869 557 2921 εἵνεκεν
601 2866 807 2935 ἐχρισέ
853 2883 947 2934 με,
987 2869 1475 2936 εὐαγγελίσασθαι
1517 2868 1765 2935 πτωχοῖς

177 2956 550 3014 ἀπέσταλκέ
575 2973 671 3024 με.
708 2950 862 3009 Οὗτοι
895 2956 1039 3023 γοῦν.
1067 2957 1424 3027 ὑπερηύχοντο
1451 2957 1542 3010 τοῦ
1571 2959 1765 3020 παντὸς

175 3047 346 3107 λαοῦ,
388 3045 678 3115 μονονουχὶ
710 3045 972 3114 φήσαντες
997 3045 1064 3098 ἂν
1093 3048 1142 3097 οἱ
1170 3047 1364 3109 πάντες
1394 3048 1542 3100 αὐτοὶ
1571 3047 1765 3116 ὁμοίως

179 3137 396 3205 Παύλῳ
422 3135 490 3187 τό
511 3151 525 3164 ο
546 3134 835 3202 Ηύχόμην
854 3135 1112 3203 ἀνάθεμα
1133 3133 1281 3188 εἶναι
1307 3136 1454 3203 ὑπὲρ
1471 3137 1585 3189 τῶν
1602 3137 1764 3190 ἀδελ-

1862 1987 2010 2031 tuum
2041 1981 2338 2048 recipiunt;
2371 1989 2424 2032 at
2449 1989 2504 2033 tu
2528 1990 2709 2050 utpote
2741 1983 2879 2037 Deus
2903 1985 3140 2039 clemens
3163 1985 3396 2038 homini-

1860 2067 1982 2127 bus,
2007 2083 2298 2135 pauperum
2324 2077 2534 2124 tuorum
2563 2072 2981 2139 supplicationes
3007 2089 3074 2128 ne
3110 2074 3394 2130 averseris.

1861 2154 2088 2222 Quinam
2124 2173 2252 2211 vero
2294 2174 2556 2227 pauperes
2589 2168 2735 2222 sunt,
2769 2163 2859 2228 qui
2891 2177 2987 2230 pro
3026 2163 3277 2216 universo
3309 2177 3397 2230 po-

1862 2245 1988 2314 pulo
2002 2245 2128 2297 talia
2154 2253 2462 2313 precantur,
2489 2247 2592 2300 nisi
2611 2248 2857 2316 discipuli
2891 2248 3192 2304 Servatoris
3222 2249 3394 2304 nostri

1861 2341 1912 2388 et
1949 2335 2195 2403 apostoli,
2225 2335 2420 2402 quibus
2447 2336 2723 2392 dicebatur
2755 2357 2766 2391 :
2799 2339 2949 2392 Beati
2979 2357 3224 2409 pauperes
3246 2342 3394 2408 spiri-

1861 2429 1936 2483 tu,
1965 2424 2206 2489 quoniam
2235 2431 2459 2476 vestrum
2506 2433 2582 2477 est
2627 2441 2837 2493 regnum
2887 2429 3130 2481 calorum
3159 2430 3200 2462 ⁸⁷
3221 2429 3244 2481 ?
3269 2428 3394 2484 Haec

1860 2513 2003 2565 enim
2037 2509 2202 2565 Isaias
2239 2527 2304 2565 ex
2335 2528 2564 2581 persona
2593 2512 2792 2569 Christi
2816 2516 3204 2571 tcstiﬁcabatur
3234 2536 3248 2571 :
3281 2517 3395 2584 Spi-

1861 2603 1993 2654 ritus
2016 2600 2226 2654 Domini
2249 2617 2400 2670 super
2414 2618 2513 2666 me,
2530 2618 2589 2656 eo
2606 2602 2740 2672 quod
2768 2607 2973 2658 auxerit
3003 2621 3114 2667 me;
3139 2608 3393 2676 evangeli-

1861 2705 1980 2742 κατε
2007 2689 2312 2756 pauperibus
2351 2691 2490 2743 misit
2517 2707 2596 2744 me
2616 2692 2680 2744 ³⁸.
2709 2689 2771 2744 lli
2798 2692 2979 2761 itaque
3013 2708 3112 2762 pro
3143 2695 3396 2751 universo

1859 2781 2056 2849 populo
2083 2780 2462 2849 precabantur,
2495 2781 2634 2835 idem
2670 2781 2779 2835 fere
2815 2781 3055 2838 dicentes
3082 2785 3225 2853 quod
3255 2785 3388 2840 Pau-

1861 2872 1988 2924 lus:
2038 2869 2293 2937 Optabam
2329 2871 2601 2923 anathema
2641 2887 2750 2924 esse
2797 2887 2891 2939 pro
2945 2873 3194 2940 fratribus
3245 2875 3391 2939 meis,

1860 2961 2090 3029 cognatis
2113 2961 2236 3012 meis
2253 2959 2531 3012 secundum
2558 2976 2784 3023 carnem,
2801 2963 2890 3029 qui
2913 2973 3032 3016 sunt
3053 2961 3311 3017 Israelita:
3324 2965 3388 3015 ⁸⁸.

1860 3047 1964 3116 lpsi
1989 3063 2202 3117 quoque
2227 3048 2497 3117 propheta:
2531 3049 2645 3108 Dei,
2675 3051 2768 3118 qui
2799 3058 3017 3120 propter
3053 3051 3228 3120 ipsum
3266 3067 3396 3122 pau-

1860 3151 2012 3204 peres
2039 3144 2212 3193 erant.
2248 3137 2358 3190 haec
2397 3152 2492 3205 pro
2524 3144 2634 3190 tota
2660 3146 2818 3206 gente
2849 3139 3224 3207 precabantur.

178 3230 318 3299 ρῶν
344 3245 496 3298 μου,
528 3226 646 3279 τῶν
677 3226 980 3294 συγγενῶν
992 3245 1108 3295 μου
1164 3228 1308 3281 κατὰ
1367 3228 1575 3296 σάρκα,
1600 3229 1812 3293 οἵτινές
1845 3231 1998 3282 εἰσιν
2047 3230 2417 3295 Ἰσραηλῖται.
2458 3230 2566 3282 Καὶ
2611 3230 2761 3283 αὐτοὶ⁵
2805 3230 2861 3282 δὲ
2909 3233 2958 3282 οι
2995 3232 3264 3300 προφῆται
3295 3235 3390 3286 τοῦ

180 3319 350 3381 Θεοῦ,
385 3318 455 3370 δι’
489 3317 653 3369 αὐτὸν
681 3317 1060 3386 πτωχεύοντες,
1100 3318 1248 3371 ταῦθ’
1272 3319 1407 3390 ὑπὲρ
1435 3319 1524 3372 τοῦ
1562 3321 1756 3382 παντὸς
1791 3319 2128 3372 καθικέτευον
2153 3320 2350 3382 ἔθνους.

268 3409 581 3471 Ἀνάστα,
637 3411 670 3461 ὁ
728 3408 892 3473 Θεὸς,
941 3408 1191 3462 δίκασον
1241 3409 1354 3476 τὴν
1400 3409 1574 3478 δίκην
1626 3428 1759 3476 σου,

1930 3410 2091 3464 Vsns.
2113 3411 2291 3465 22-23.
2334 3410 2586 3479 Exsurge,
2611 3409 2771 3472 Deus,
2782 3410 2966 3478 judico
2990 3427 3203 3464 causam
3225 3421 3388 3478 tuam,

183 3500 506 3571 μνήσθητι
532 3497 653 3550 τῶν
680 3496 1027 3566 ὀνειδισμῶν
1054 3512 1187 3561 σου,
1219 3500 1333 3554 τῶν
1357 3499 1472 3553 ὑπὸ
1506 3500 1760 3568 ἄφρονος

187 3593 353 3658 ὅλην
391 3587 518 3654 τὴν
555 3584 802 3654 ἡμέραν.
834 3585 930 3652 Μὴ
969 3586 1216 3652 ἐπιλάϐῃ
1262 3587 1370 3653 τῆς
1414 3586 1614 3654 φωνῆς
1648 3585 1763 3638 τῶν

187 3677 430 3748 ἐχθρῶν
469 3693 591 3730 σου
615 3714 630 3738 ,
671 3675 710 3741 ἠ
766 3675 1135 3742 ὑπερηφανία
1182 3673 1297 3726 τῶν
1329 3676 1663 3742 μισούντων
1690 3689 1760 3727 σε

187 3769 383 3834 ἀνέϐη
434 3765 786 3828 διαπαντός.
847 3763 1058 3834 Ἐπειδὴ
1095 3764 1191 3833 οὐχ
1251 3765 1408 3834 ἡμεῖς
1464 3763 1760 3833 ἠδικήμεθα

190 3857 333 3910 ἀλλὰ
368 3856 435 3909 σύ
459 3873 471 3884 ·
506 3855 566 3906 σὲ
595 3853 703 3924 γὰρ
725 3853 996 3906 ὠνείδισεν
1018 3855 1046 3906 6
1069 3854 1275 3924 ἐχθρὸς,
1303 3855 1394 3906 καὶ
1421 3854 1542 3916 λαὸς
1574 3854 1760 3923 ἄφρων

187 3949 250 4000 τδ
290 3948 390 3999 σὺν
433 3945 610 4013 ὄνομα
651 3943 960 4012 παρώξυνε·
1011 3943 1197 3995 τούτου
1233 3943 1386 4015 χάριν
1423 3943 1696 4012 ἀνάστηθι,
1731 3945 1759 3996 ὁ

187 4037 349 4100 Θεὸς,
384 4036 484 4089 καὶ
516 4035 738 4087 δίκασον
763 4032 860 4102 τὴν
895 4032 1047 4102 δίκην
1080 4050 1190 4085 σου.
1236 4033 1388 4085 Κατὰ
1415 4033 1470 4085 δὲ
1499 4032 1588 4086 τὸν
1615 4033 1758 4104 Σύμ-

192 4143 408 4197 μαχον·
454 4121 658 4188 Στῆθι,
691 4125 722 4174 ὀ
770 4121 944 4186 Θεὸς,
987 4122 1369 4190 προμὰχησον
1414 4123 1520 4189 τῆς
1563 4122 1759 4190 μάχης

188 4235 332 4278 σου,
377 4215 482 4268 καὶ
532 4213 961 4281 μνημόνευσον
1014 4212 1117 4265 τοῦ
1166 4213 1430 4276 ὀνείδους
1458 4229 1570 4265 σου
1602 4214 1758 4279 παρὰ

189 4307 464 4375 ἄφρονος
493 4303 602 4356 τοῦ
625 4303 721 4355 διὰ
747 4303 945 4366 πάσης
975 4301 1212 4368 ἡμέρας.
1245 4301 1340 4368 Μὴ
1371 4300 1620 4368 ἐπιλάϐῃ
1652 4299 1758 4368 τῆς

189 4397 404 4465 φωνῆς
431 4394 554 4447 τῶν
576 4393 873 4459 πολεμίων
891 4405 1023 4450 σου,
1048 4391 1234 4458 ἤγουν
1251 4392 1324 4462 (1)
1342 4391 1455 4443 τῶν
1472 4392 1758 4459 ἀνθεστη-

193 4490 393 4538 κίτων
421 4500 550 4544 σοι,
580 4481 791 4548 μέχρις
819 4475 889 4533 οὗ
911 4480 1327 4545 ἀντιϐαίνοντος
1347 4479 1760 4545 ἀδιαλείπτως

193 4577 304 4626 Καὶ
334 4575 505 4643 μέχρι
523 4570 724 4623 τούτων
742 4570 949 4621 ἵσταται
965 4569 991 4619 6
1008 4569 1157 4636 λόγος
1179 4569 1502 4637 παρακαλῶν
1524 4570 1611 4622 τὸν
1630 4571 1759 4622 Θεὸν

193 4663 555 4728 διαναστῆναι
583 4659 676 4711 καὶ
708 4660 916 4711 δικάσαι
943 4657 1038 4727 τὴν
1071 4659 1221 4727 δίκην
1250 4658 1432 4718 αὑτοῦ,
1461 4659 1756 4729 μνησθῆναί

1859 3515 2049 3552 memor
2076 3508 2184 3550 esto
2205 3497 2594 3566 opprobriorum
2622 3506 2848 3562 tuorum,
2873 3513 3052 3550 eorum
3079 3513 3194 3566 qua:
3217 3497 3281 3550 ab
3305 3499 3389 3551 in-

1859 3588 2071 3655 sipiente
2098 3596 2217 3640 sunt
2247 3596 2357 3640 tota
2381 3588 2485 3641 die.
2519 3585 2600 3640 Ne
2630 3587 2952 3641 obliviscaris
2979 3604 3120 3642 voces
3151 3588 3388 3642 inimico-

1859 3694 1972 3729 rum
2003 3686 2231 3739 tuorum,
2263 3677 2504 3745 superbia
2523 3694 2698 3732 eorum
2727 3681 2817 3749 qui
2846 3688 2895 3732 te
2922 3678 3138 3732 oderunt
3159 3679 3388 3732 ascendit

1855 3783 2070 3834 semper.
2103 3768 2238 3832 Quia
2289 3784 2396 3821 non
2447 3783 2547 3822 nos
2600 3768 2795 3838 injuria
2842 3768 3017 3823 affecti
3064 3784 3270 3832 sumus,
3294 3769 3389 3824 sed

1857 3863 1913 3909 tu
1942 3875 1954 3909 :
1989 3872 2110 3910 nam
2135 3858 2231 3911 tibi
2267 3858 2518 3913 inimicus
2546 3859 2947 3929 improperarit,
2974 3867 3027 3913 et
3056 3861 3284 3930 populus
3309 3860 3391 3914 in-

1857 3947 2059 4016 sipiens
2097 3947 2338 4002 incitavit
2368 3964 2559 4002 nomen
2593 3957 2777 4014 tuum;
2807 3949 2928 4002 ideo
2959 3963 3208 4016 exsurge,
3226 3947 3386 4011 Deus,

1855 4044 1909 4090 ct
1956 4036 2138 4105 judica
2186 4051 2405 4092 causam
2457 4047 2622 4092 tuam.
2657 4037 2962 4091 Secundum
3011 4036 3387 4106 Symmacbu

1855 4134 2032 4180 autem
2069 4146 2082 4181 :
2119 4127 2237 4189 Sta,
2269 4127 2428 4190 Deus,
2458 4143 2720 4196 propugna
2751 4135 3004 4179 certamen
3033 4135 3198 4188 tuum,
3227 4135 3277 4180 et
3309 4142 3389 4179 re-

1856 4214 2070 4268 cordare
2098 4215 2356 4283 opprobrii
2388 4216 2462 4266 tui
2499 4215 2562 4267 ab
2597 4216 2866 4281 insipiente
2893 4229 2982 4282 per
3023 4222 3188 4266 totum
3232 4215 3384 4268 diem.

1858 4289 1938 4355 Ne
1970 4303 2292 4356 obliviscaris
2323 4319 2466 4356 voces
2495 4303 2820 4355 inimicorum
2847 4311 3073 4365 tuorum,
3103 4301 3158 4354 id
3179 4313 3277 4365 est,
3303 4319 3390 4357 eo-

1856 4407 1969 4443 rum
1999 4393 2086 4460 qui
2121 4392 2221 4444 tibi
2261 4391 2535 4444 obsistunt.
2573 4389 2842 4460 Usquequo
2875 4389 3150 4444 ascendant
3193 4390 3388 4445 indesi-

1856 4481 2070 4532 nenter?
2102 4478 2166 4530 l‘lt
2194 4479 2299 4531 huc
2331 4478 2528 4532 desinit
2555 4493 2754 4541 sermo,
2779 4477 2945 4532 Deum
2976 4493 3176 4547 rogans
3206 4487 3265 4532 ut
3290 4496 3388 4533 ex-

1855 4577 2037 4636 surgat
2080 4574 2132 4620 et
2169 4567 2372 4635 judicct
2415 4581 2630 4620 causam
2667 4581 2817 4621 suam
2847 4568 3266 4637 recordeturque
3293 4584 3388 4635 op-

1855 4657 2054 4725 probrii
2087 4657 2152 4708 ab
2181 4656 2556 4725 insipientibus
2583 4655 2736 4718 illati,
2774 4671 2946 4724 neque
2977 4657 3232 4710 oblivioni
3276 4666 3386 4709 tra-

197 4769 257 4803 τε
291 4751 388 4803 τοῦ
419 4747 727 4816 ὁνειδισμοῦ
773 4747 878 4799 τῶν
911 4734 1184 4816 ἀφρόνων,
1225 4748 1354 4816 μηδὲ
1403 4747 1536 4817 λήθῃ
1579 4763 1753 4818 παρα.

1861 4749 1941 4801 dat
1970 4763 2125 4800 voces
2153 4747 2488 4800 inimicorum
2516 4763 2578 4800 ac
2600 4748 2900 4816 superbiam
2925 4762 3110 4800 eorum
3132 4747 3224 4815 qui
3246 4763 3384 4801 sem-

198 4840 388 4893 δοῦναι
415 4838 520 4900 τὰς
550 4837 732 4904 φωνὰς
758 4837 862 4889 τῶν
894 4835 1098 4904 ἐχθρῶν
1130 4837 1221 4888 καὶ
1265 4836 1361 4897 τὰς
1389 4836 1756 4906 ὑπερηφανίας

197 4929 309 4981 τῶν
348 4926 646 4987 διαπαντὸς
691 4925 1076 4996 ἐπαιρομένων.
1131 4926 1201 4977 Οὐ
1260 4925 1363 4993 μὴν
1405 4925 1756 4993 ὲπισυνῆπται

201 5018 416 5080 τούτοις
448 5016 577 5085 ἑξῆς
610 5016 938 5085 χρηστοτέρα
960 5031 1041 5075 τις
1070 5015 1371 5083 ἀπόκρισις.
1399 5013 1513 5064 οὐδὲ
1540 5015 1756 5081 ἀγαθῶν

203 5107 516 5176 ἐπαγγελία
573 5109 682 5168 τοῖς
725 5105 1021 5174 δεηθεῖσιν,
1069 5105 1201 5173 ὅπερ
1236 5102 1381 5154 ἐστιν
1426 5104 1508 5170 ἐφ’
1558 5105 1754 5175 ἑτέρων

205 5198 407 5267 εΰρεῖν.
440 5196 641 5263 Διόπερ
671 5195 964 5264 ἀρχόμενος
990 5195 1017 5245 ὁ
1043 5192 1188 5259 λόγος
1199 5190 1466 5264 ’ἀπωσμὺν
1501 5193 1580 5253 εἰς
1607 5193 1757 5258 τέλος

209 5286 469 5339 ἐθέσπισε
493 5287 606 5345 τοῖς
633 5283 988 5353 δηλουμένοις,
1018 5282 1105 5334 καὶ
1131 5281 1194 5332 δι’
1219 5279 1337 5331 ὅλου
1359 5279 1435 5339 τὸ,
1454 5281 1538 5344 εἰς
1559 5280 1754 5347 τέλος,

210 5375 386 5442 ἐπῆγε
417 5376 486 5443 τῇ
518 5373 626 5424 τῶν
666 5371 994 5441 σκυθρωπῶν
1024 5369 1332 5438 προρρήσει.
1361 5367 1541 5420 Ἔνθεν
1573 5369 1759 5438 ὁρμώ-

217 5480 378 5531 μενος
423 5463 520 5516 καὶ
554 5463 584 5514 6
625 5461 762 5522 θεῖος
805 5458 1128 5518 ’Δπόστολο;,
1167 5454 1387 5522 γράφων
1425 5456 1546 5525 περὶ
1571 5457 1760 5511 αὐτῶν

215 5555 369 5624 ἔλεγε
406 5557 468 5608 τὸ
493 5597 509 5619 ,
550 5557 809 5622 Ἐφθασε
836 5551 906 5604 δὲ
931 5552 1014 5611 εις
1049 5545 1255 5609 αὐτοὺς
1291 5546 1331 5611 ἡ
1362 5547 1498 5615 ὀργὴ
1527 5551 1621 5613 εὶς
1647 5551 1844 5618 τέλος.

1855 4853 1949 4906 per
1979 4838 2326 4891 extolluntur.
2361 4836 2540 4906 Neque
2566 4844 2743 4890 tamen
2797 4837 2878 4891 his
2931 4837 3071 4891 bona
3109 4836 3382 4906 responsio

1855 4925 2123 4992 adjicitur.
2146 4939 2315 4993 neque
2343 4926 2636 4978 orationem
2667 4925 2925 4978 bonorum
2953 4925 3234 4993 promissio
3259 4938 3384 4976 con-

1853 5014 2110 5081 sequitur,
2136 5013 2276 5082 quod
2303 5014 2421 5068 aliis
2451 5014 2504 5066 in
2531 5012 2752 5081 psalmis
2779 5014 3011 5083 reperire
3036 5020 3132 5067 est.
3159 5009 3282 5066 ideo
3312 5013 3380 5065 ab

1853 5105 2072 5158 exordio
2105 5104 2450 5172 abjectionem
2483 5113 2787 5172 perpetuam
2820 5101 3120 5156 tnetnoratis
3155 5099 3380 5153 homini-

1858 5193 1960 5248 bus
1991 5193 2404 5255 vaticinabatur,
2439 5199 2492 5246 et
2525 5193 2577 5243 in
2612 5191 2723 5244 toto
2747 5178 2949 5256 psalmo
2973 5186 3204 5241 tristium
3240 5202 3376 5254 prae-

1859 5285 2079 5338 dictioni
2129 5283 2278 5347 illud,
2312 5283 2365 5334 in
2417 5284 2587 5348 linem,
2634 5279 2890 5335 subdidit.
2925 5275 3057 5329 liinc
3104 5277 3382 5332 occasione

1860 5385 2012 5442 capta
2045 5373 2258 5426 divinus
2283 5372 2588 5440 Apostolus,
2622 5371 2688 5424 de
2717 5369 2907 5424 iisdem
2941 5366 3184 5421 scribens
3207 5366 3381 5430 dixit:

1863 5461 2101 5516 Pervenit
2121 5471 2291 5514 autem
2323 5458 2390 5512 ad
2419 5475 2506 5514 eos
2530 5461 2611 5513 ira
2643 5461 2695 5513 in
2721 5461 2877 5528 linem
2892 5457 2957 5510 '°.

289 5665 332 5694 ιτ
375 5659 562 5713 Matth,
596 5676 658 5720 ν,
691 5661 742 5711 5,
816 5657 860 5688 ι·
899 5651 999 5706 lsa.
1036 5667 1144 5716 ut,
1178 5651 1225 5703 1.
1308 5653 1356 5684 ²⁹
1390 5651 1540 5707 Rom.
1579 5670 1634 5708 Ix
1658 5696 1676 5723 ,
1707 5657 1761 5722 5,

1928 5664 1972 5694 ³ο
2011 5663 2029 5717 Ι
2064 5662 2247 5718 Thess.
2286 5677 2360 5726 ιι,
2401 5663 2484 5716 16.

292 5753 369 5816 (1)
411 5749 567 5802 Forte
591 5751 737 5821 ἤχου.
