3796 6346
487 401 593 459 867

574 512 629 569 4.
659 509 725 566 ιΝ
765 512 987 575 FINEM,
1026 510 1115 563 NE
1150 510 1587 575 CORRUMPAS,
1624 509 1941 565 PSALMUS

1005 579 1244 632 ASAPH.
1289 579 1513 634 LXXIV.

1144 398 1405 454 unseen
1443 397 1905 454 CzESARlENSlS
1939 397 2083 454 opp.
2129 398 2309 454 PARS
2346 400 2429 456 ιιι.
2467 425 2535 441 -μ
2571 401 2972 457 EXEGETICA.
3032 376 3039 385 ’

3514 412 3597 467 868

2128 513 2235 565 ΕΙΣ
2272 512 2364 567 Τθ
2392 515 2626 576 ΤΕΛΟΣ,
2664 513 3215 636 ΜΞΣἘὲΦὲΕΙΡῌΣ,
3251 514 3504 568 ΨΛΛΜΟΣ
3532 522 3601 591 Τῼ

557 689 800 745 Υεκε.⁴ὶ.
840 690 1209 756 Conﬁtebimur
1271 691 1383 751 tibi,
1441 689 1602 753 Deus,
1660 690 2007 758 confitebimur

2201 691 2781 760 Ἐξομολογησόμεθά
2803 708 2902 745 σοι
2920 730 2935 753 ,
2968 694 2999 745 ὀ
3028 691 3166 755 Θεὸς
3184 732 3198 754 ,
3225 691 3604 764 ἑξομολογησό·

488 780 604 843 αἱ,
637 790 684 832 et
729 781 1073 833 invocabimus
1103 798 1284 835 nomen
1326 794 1489 835 tuum.
1521 782 1626 834 Pro
1659 782 1747 835 illo
1785 800 1796 833 :
1833 780 1897 833 In
1951 782 2015 848 ﬁ-

488 886 620 934 nem,
653 887 714 922 ne
744 886 1064 939 corrumpas,
1095 871 1446 941 Symmachus
1472 872 1550 925 sic
1583 873 1965 940 interpretatur
1996 888 2010 923 :

490 958 837 1025 Triumphalia:
876 962 937 1014 de
967 963 1348 1029 incorruptione
1381 962 1611 1028 psalmus
1646 961 1857 1029 Asaphi.
1891 959 2014 1013 Ser-

483 1063 573 1103 mo
605 1049 766 1119 igitur
795 1058 878 1103 est
913 1053 977 1105 de
1008 1051 1424 1120 incorruptione,
1453 1068 1570 1119 quae
1588 1052 1748 1118 justis
1772 1052 2013 1104 recondi-

482 1147 590 1201 tur,
615 1140 812 1208 quibus
837 1142 995 1195 etiam
1026 1142 1263 1195 victoria:
1291 1142 1504 1209 pra-mia
1535 1156 1631 1195 ceu
1663 1142 1714 1193 in
1749 1141 2015 1194 thesauris

481 1231 717 1297 reposita
749 1239 893 1285 sunt.
930 1232 1281 1296 Quamobrem
1313 1232 1645 1298 triumphalis
1686 1232 1860 1283 dictus
1891 1239 1971 1284 est
1999 1250 2011 1283 :

481 1332 580 1371 nos
607 1329 782 1372 autem
811 1321 1032 1373 remittit
1066 1321 1116 1372 in
1151 1319 1327 1383 ﬁnem,
1361 1320 1426 1372 de
1455 1334 1561 1387 quo
1584 1319 1871 1386 Apostolus
1902 1320 1975 1370 ait
2000 1337 2011 1370 :

484 1404 682 1461 Deinde
722 1409 863 1476 ﬁnis,
898 1425 1016 1461 cum
1060 1409 1335 1461 tradiderit
1366 1424 1575 1476 regnum
1612 1406 1716 1459 Deo
1759 1417 1807 1459 et
1845 1407 2014 1469 Patri,

485 1512 600 1548 cum
628 1497 935 1549 destruxerit
960 1513 1157 1549 omnem
1186 1497 1529 1563 principatum
1560 1505 1610 1548 et
1635 1504 1936 1563 potestatem
1968 1506 2017 1547 et

485 1588 740 1638 virtutem.
772 1586 980 1653 Oportet
1022 1588 1154 1639 enim
1202 1586 1349 1638 illum
1382 1602 1614 1653 regnare,
1659 1585 1816 1637 donec
1862 1592 2016 1650 ponat

485 1691 657 1727 omnes
692 1677 923 1728 inimicos
954 1678 1046 1728 sub
1074 1676 1285 1743 pedibus
1322 1675 1452 1743 ejus.
1488 1676 1783 1728 Novissima
1807 1676 2016 1726 inimica

485 1762 777 1817 destruetur
809 1766 1031 1818 mors“.
1064 1766 1119 1818 in
1149 1766 1251 1820 ﬁne
1282 1768 1493 1834 quippe,
1524 1772 1783 1847 quotquot
1832 1766 1883 1817 in
1918 1765 2015 1817 hoc

2115 778 2263 845 μεθά
2289 794 2405 841 σοι,
2434 780 2533 831 καὶ
2554 782 3023 847 ἑπικαλεσόμεθα
3053 779 3116 831 τὸ
3140 779 3315 846 ὄνομα
3344 798 3465 835 σου.
3497 786 3607 837 ’Δντὶ

2117 870 2240 932 τοῦ,
2275 873 2377 934 Εἰς
2405 870 2470 922 τὸ
2519 870 2711 934 τέλος,
2745 868 2829 937 μὴ
2876 869 3247 936 διαφθείρῃς,
3281 871 3306 923 6
3348 870 3607 943 Σύμμαχος,

2131 961 2441 1026 Ἐπινίκιος
2473 962 2604 1027 περὶ
2654 961 2990 1027 ἀφθαρσίας
3034 960 3265 1027 ψαλμὸς
3305 962 3402 1015 τοῦ
3449 964 3607 1037 Ἁιγὰς.ι1

2120 1051 2479 1118 ήρμὴνευσεν.
2524 1050 2733 1102 Οὐκοῦν
2786 1049 2913 1119 περὶ
2962 1048 3259 1119 ἀφθαρσίας
3290 1052 3316 1102 6
3367 1051 3504 1120 λόγος
3539 1059 3609 1125 τῆς

2119 1141 2227 1200 τοῖς
2253 1138 2477 1201 δικαίοις
2498 1139 2888 1209 ἀποκειμένης,
2914 1136 2995 1201 οἷς
3021 1140 3113 1191 καὶ
3140 1138 3203 1190 τὰ
3227 1143 3317 1209 τῆς
3349 1140 3485 1209 νίκης
3508 1144 3608 1195 ἀπο-

2119 1228 2531 1298 τεθησαυρισται
2568 1230 2814 1300 βραδεῖα.
2863 1229 2957 1281 Διὸ
3007 1230 3101 1281 καὶ
3138 1230 3383 1293 ἐπινίκιος
3414 1232 3607 1301 sim-tur

2121 1317 2428 1386 ἀναπέμπει
2468 1319 2524 1370 δὲ
2555 1320 2702 1387 ἡμᾶς
2731 1320 2825 1371 καὶ
2853 1322 2934 1380 είς
2971 1318 3031 1369 τὸ
3057 1319 3222 1381 τέλος,
3256 1323 3374 1389 περὶ
3412 1317 3467 1373 οὗ
3490 1341 3612 1392 φησιν

2120 1406 2147 1455 6
2189 1404 2496 1467 Ἀπόστολος
2517 1423 2529 1435 ·
2564 1404 2711 1459 Εἶτα
2753 1407 2819 1458 τὸ
2867 1405 3072 1471 τέλος,
3104 1407 3243 1460 ὅταν
3284 1410 3496 1476 παραδῷ
3528 1411 3611 1478 τὴν

2115 1492 2434 1553 ,βασιλείαν
2461 1493 2539 1557 τῷ
2580 1492 2700 1558 Θεῷ
2730 1495 2828 1546 καὶ
2875 1494 3095 1561 Πατρὶ,
3136 1495 3275 1549 ὅταν
3326 1499 3610 1567 καταργήσῃ

2118 1582 2318 1635 πᾶσαν
2348 1584 2541 1651 ἀρχὴν
2575 1587 2670 1637 καὶ
2703 1585 2912 1639 πᾶσαν
2939 1587 3225 1650 ἐξουσίαν
3260 1590 3351 1641 καὶ
3389 1590 3607 1659 δύναμιν.

2117 1673 2212 1723 Δεῖ
2236 1674 2344 1741 γὰρ
2382 1676 2563 1727 αὑτὸν
2621 1677 2991 1741 Βασιλεύειν,
3032 1679 3201 1746 ἄχρις
3226 1676 3293 1734 οὗ
3324 1680 3391 1746 θῇ
3433 1681 3610 1747 πάντας

2115 1761 2253 1825 τοὺς
2290 1762 2533 1828 ἐχθροὺς
2566 1766 2684 1817 ὑπὸ
2733 1765 2876 1829 τοὺς
2915 1764 3106 1832 πόδας
3152 1768 3346 1821 αὑτοῦ.
3375 1771 3611 1836 Ἐσχατος

487 1854 702 1915 saeculo,
735 1854 788 1906 in
823 1855 963 1907 bono
992 1854 1297 1922 hujusmodi
1327 1855 1618 1907 certamine
1648 1855 1909 1918 vicerunt,
1937 1854 2007 1906 in-

2113 1851 2317 1918 ἐχθρὸς
2349 1854 2715 1920 καταργεῖται
2744 1857 2777 1907 ὀ
2816 1855 3092 1921 θάνατος,
3139 1857 3231 1919 Είς
3269 1858 3431 1910 ἐκεῖνο
3455 1860 3543 1929 γὰρ
3566 1862 3608 1912 τὸ

486 1950 789 2010 corruptam
840 1944 1003 1995 vitam
1049 1951 1463 2010 consequentur.
1508 1942 1661 2007 Quod
1707 1944 1807 1997 sub
1854 1943 2009 1994 ﬁnem

485 2045 717 2097 praesens
740 2032 973 2098 psalmus
998 2031 1231 2084 declarat
1256 2032 1337 2085 his
1367 2031 1539 2086 verbis
1564 2051 1575 2084 :
1604 2031 1669 2084 Et
1699 2032 1875 2083 omnia
1898 2045 2013 2081 cor-

486 2135 590 2174 nua
611 2132 932 2188 peccatorum
964 2122 1305 2190 confringant,
1337 2131 1385 2173 et
1428 2121 1793 2174 exaltabuntur
1821 2135 2013 2172 cornua

478 2212 631 2279 justi.
666 2210 795 2262 Nam
849 2226 969 2263 cum
1026 2210 1243 2279 perinde
1292 2219 1451 2277 atque
1481 2211 1767 2279 Apostolus
1812 2224 2012 2263 cornua

484 2300 864 2368 confringenda
896 2315 1015 2354 esse
1042 2300 1283 2363 dixisset,
1313 2299 1513 2352 addidit
1555 2298 1683 2351 illud
1720 2315 1733 2351 :
1761 2296 1827 2350 Et
1869 2298 2013 2350 exal-

486 2389 731 2442 tabuntur
762 2405 956 2441 cornua
978 2388 1129 2455 justi,
1161 2395 1319 2455 atque
1342 2388 1442 2440 hoc
1470 2386 1745 2456 praesentis
1786 2387 2013 2454 prophe-

483 2480 572 2533 tia:
594 2479 1035 2547 complementum
1067 2485 1168 2531 est.
1206 2476 1380 2542 Quare
1416 2487 1470 2529 et
1501 2477 1735 2543 psalmus
1762 2484 1814 2529 et
1843 2475 2013 2527 canti-

484 2580 606 2620 cum
654 2565 812 2618 simul
862 2571 1232 2631 nuncupatur;
1282 2580 1345 2618 ex
1382 2578 1608 2632 persona
1637 2572 1811 2616 autem
1842 2564 2014 2629 justo-

484 2668 603 2706 rum
632 2653 837 2706 initium
886 2654 1033 2706 ducit
1064 2653 1248 2706 dicens
1281 2670 1292 2704 :
1326 2651 1691 2719 Conﬁtebimur
1726 2650 2010 2712 tibi,Deus,

483 2740 834 2809 conﬁtebimur
857 2740 967 2802 tibi,
995 2750 1043 2792 et
1071 2740 1415 2792 invocabimus
1459 2756 1641 2792 nomen
1692 2750 1854 2793 tuum.
1879 2738 2013 2806 Ipsis

481 2845 710 2897 namque
765 2830 894 2883 solis
947 2829 1194 2889 convenit
1244 2828 1511 2882 confessio
1553 2844 1674 2881 cum
1725 2830 2012 2897 gratiarum

482 2917 712 2979 actione,
738 2931 842 2984 qua
875 2914 1126 2969 Servator
1172 2916 1225 2968 in
1257 2914 1556 2981 Evangeliis
1608 2914 1749 2966 Patri
1794 2914 2013 2967 conﬁte-

480 3006 638 3060 batur
669 3007 890 3060 dicens:
925 3005 1188 3073 Conﬁteor
1221 3005 1335 3066 tibi,
1368 3005 1545 3067 Pater,
1576 3004 1791 3056 Domine
1824 3003 1937 3055 σιειί
1966 3012 2013 3055 et

483 3097 709 3150 terra”.
744 3095 924 3148 Primo
971 3104 1147 3147 autem
1180 3095 1520 3155 conﬁtentur,
1551 3093 1739 3147 deinde
1768 3094 2015 3147 invocant

2113 1940 2260 2002 τέλος
2279 1943 2325 1992 οἱ
2361 1942 2499 1993 κατὰ
2540 1942 2631 2015 τὸν
2660 1944 2934 1997 ἐνεστῶτα
2965 1946 3137 1998 αἰῶνα
3159 1946 3249 1999 τὸν
3290 1948 3438 2001 καλὸν
3470 1950 3607 2016 ἀγῶνα

2113 2031 2447 2100 νενικηκότες
2497 2032 2593 2101 τῆς
2650 2033 2933 2104 ἀφθάρτου
2984 2034 3132 2103 ζωῆς
3180 2035 3465 2099 τεύξονται·
3508 2039 3611 2108 ὃδὴ

2116 2116 2247 2185 πρὸς
2272 2120 2381 2178 τοῖς
2402 2116 2729 2181 τελευταίοις
2766 2121 2862 2172 καὶ
2890 2123 2918 2173 6
2949 2124 3087 2191 μετὰ
3115 2125 3296 2192 χεῖρας
3326 2124 3465 2192 λόγος
3491 2129 3610 2195 παρι-

2118 2221 2271 2273 στησι
2296 2205 2484 2272 λέγων’
2499 2207 2604 2259 Καὶ
2632 2207 2833 2259 πάντα
2856 2210 2929 2261 τὰ
2946 2209 3164 2277 κέρατα
3184 2211 3296 2265 τῶν
3319 2214 3609 2281 ἁμαρτωλῶν

2115 2294 2434 2346 συνθλάσω
2456 2332 2470 2358 ,
2510 2295 2608 2347 καὶ
2654 2297 3042 2364 ὑψωθήσεται
3086 2299 3156 2352 τὰ
3204 2301 3404 2368 κέρατα
3427 2303 3514 2355 τοῦ
3549 2302 3609 2353 δι-

2117 2383 2304 2434 καίου.
2331 2382 2636 2451 Συμφώνως
2660 2385 2771 2454 γὰρ
2794 2386 2873 2456 τῷ
2913 2388 3214 2459 Ἀποστόλῳ
3238 2392 3265 2442 6
3292 2391 3462 2461 παρὼν
3498 2392 3609 2458 λόγος

2118 2467 2504 2538 κλασθήσεσθαι
2533 2469 2600 2522 τὰ
2622 2471 2834 2540 κέρατα
2856 2472 3045 2537 εἰπὼν,
3068 2476 3305 2544 ἐπήγαγε
3322 2476 3395 2536 τὸ,
3411 2474 3608 2541 Ὑψωθή·

2116 2574 2277 2610 σεται
2306 2558 2378 2610 τὰ
2398 2557 2613 2624 κέρατα
2638 2560 2747 2612 τοῦ
2773 2560 3037 2616 δικαίου·
3079 2564 3171 2616 καὶ
3194 2564 3329 2616 τοῦτ’
3357 2564 3455 2616 ἐστι
3477 2563 3607 2629 τὸτῆς

2116 2646 2390 2715 παρούσης
2417 2647 2754 2715 προφητείας
2792 2651 3185 2720 συμπέρασμα.
3217 2655 3304 2704 Διὸ
3334 2655 3418 2704 καὶ
3447 2651 3608 2720 ψαλμὸς

2116 2736 2208 2787 καὶ
2242 2735 2348 2805 ᾠδὴ
2387 2737 2526 2788 κατὰ
2557 2738 2618 2788 τὸ
2658 2740 2792 2791 αὐτὸ
2831 2741 3143 2811 ὠνόμασται
3166 2760 3177 2773 ·
3210 2745 3271 2795 ἐκ
3301 2740 3545 2815 προσώπου
3568 2740 3609 2790 δὲ

2115 2824 2218 2875 τῶν
2250 2825 2467 2878 δικαίων
2494 2829 2592 2897 τὴν
2629 2831 2915 2901 καταρχὴν
2940 2837 3167 2886 ποιεῖται
3200 2834 3383 2887 εἰπών’
3422 2834 3607 2900 Ἐξομο-

2116 2914 2485 2981 λογησόμεθά
2510 2931 2629 2979 σοι,
2664 2922 2698 2971 ό
2746 2921 2915 2985 Θεὸς,
2964 2920 3492 2993 ὲξομολογησόμεθά
3518 2936 3606 2983 σοιν

2118 3001 2211 3052 καὶ
2252 3001 2726 3072 ἐπικαλεσόμεθα
2783 3009 2850 3061 τὸ
2901 3010 3091 3079 ὄνομά
3143 3029 3274 3067 σου.
3322 3014 3491 3074 Μόνοις
3529 3012 3608 3078 γὰρ

2116 3091 2292 3152 αὐτοῖς
2320 3093 2511 3162 πρέπει
2538 3096 2570 3164 ἡ
2603 3097 3028 3171 εὐχαριστήριος
3049 3100 3428 3175 ἐξομολόγησις,
3449 3100 3530 3153 καθ
3560 3102 3609 3169 ἢν

481 3201 674 3239 nomen
705 3187 841 3252 ejus,
873 3198 978 3252 qua
1011 3185 1348 3237 invocatione
1376 3185 1599 3237 salutem
1630 3199 1659 3234 a
1690 3182 1797 3235 Deo
1825 3198 2007 3236 conse-

2118 3180 2208 3230 xu‘t
2236 3181 2264 3230 6
2289 3181 2476 3251 Σωτὴρ
2508 3184 2908 3255 ἐξωμολογεῖτο
2933 3192 2990 3244 ἐν
3016 3193 3360 3260 Εὑαγγελίοις
3396 3193 3508 3261 πρὸς
3540 3189 3606 3241 τὸν

479 3281 730 3345 quentur,
762 3281 820 3325 ut
850 3273 951 3326 fert
980 3272 1179 3325 dictum
1210 3271 1339 3324 illud
1368 3290 1380 3324 :
1409 3271 1474 3323 Et
1508 3273 1672 3324 omnis
1722 3274 2007 3341 quicunque

422 3346 425 3351 ί
479 3364 782 3418 invocaverit
815 3379 995 3416 nomen
1027 3361 1258 3423 Domini,
1281 3362 1454 3414 salvus
1486 3363 1581 3414 erit
1604 3362 1669 3413 ³³.
1688 3360 1869 3415 Potest
1890 3362 2011 3415 item

480 3453 569 3509 hic
599 3467 775 3507 sermo
830 3452 896 3505 ad
949 3450 1342 3505 confessionem
1376 3452 1654 3505 instituere
1683 3465 1796 3514 eos,
1822 3452 1912 3519 qui
1956 3452 2011 3505 in

479 3542 793 3612 prmedenti
841 3541 1048 3594 ruinam
1101 3539 1571 3608 Jerosolymorum,
1599 3548 1651 3593 et
1693 3548 2011 3608 postremam

478 3631 595 3699 ejus
640 3629 970 3683 obsidionem
1017 3628 1439 3694 deploraverant.
1471 3629 1601 3679 Nam
1645 3631 1735 3696 qui
1767 3629 2010 3696 superius

479 3717 722 3772 dixerant
771 3736 784 3770 :
832 3715 1042 3784 thuid,
1076 3714 1235 3779 Deus,
1270 3716 1503 3781 repulisti
1534 3718 1587 3768 in
1618 3716 1791 3784 linem,
1844 3718 2008 3769 iratus

478 3816 556 3861 est
612 3807 757 3874 furor
789 3816 905 3858 tuus
928 3820 1078 3872 super
1110 3821 1221 3857 oves
1250 3819 1456 3871 pascua:
1488 3807 1674 3859 tute“?
1702 3815 1754 3860 et
1774 3814 1962 3860 caetera
1990 3825 2004 3872 ;

478 3911 625 3951 nunc
670 3895 931 3949 docentur
984 3893 1225 3946 conﬁteri
1262 3892 1389 3956 Deo,
1420 3902 1474 3948 et
1514 3895 1763 3948 invocare
1814 3910 2008 3949 nomen

478 3985 615 4056 ejus.
650 3984 785 4050 Quia
830 3999 942 4050 λιι-ο
970 3982 1160 4050 duplex
1187 3982 1542 4039 confessionis
1568 3985 1758 4038 modus
1788 3993 1890 4049 est,
1921 3998 2009 4037 ne-

479 4075 714 4132 cessario
760 4076 847 4129 hic
901 4075 984 4128 bis
1013 4075 1229 4143 .dicitur
1270 4076 1400 4129 illud
1433 4094 1446 4129 :
1475 4073 1846 4143 Conﬁtebimur
1890 4074 2001 4126 tibi.

476 4165 578 4221 Per
610 4167 836 4235 primum
859 4168 1074 4235 quippe,
1106 4172 1161 4219 ut
1190 4180 1285 4233 par
1328 4173 1430 4230 est,
1465 4163 1734 4217 confessio
1758 4178 1853 4231 pro
1880 4178 2003 4232 pec-

476 4256 613 4309 catis
642 4255 997 4325 signiﬁoatur;
1028 4271 1119 4320 per
1151 4255 1443 4308 secundum
1470 4270 1597 4307 vero
1641 4254 1677 4306 ii
1719 4254 1811 4322 qui
1854 4254 2002 4320 prius

475 4346 882 4407 conﬁtebantur,
924 4361 1019 4415 pro
1049 4343 1203 4399 bonis
1234 4345 1467 4413 acceptis
1497 4345 1789 4413 gratiarum
1836 4343 2001 4396 actio-

476 4450 597 4488 nem
620 4436 883 4490 emittunt.

2114 3268 2327 3337 Πατέρα
2388 3272 2648 3336 φάσκων·
2742 3276 3246 3349 Ἐξομολογοῦμαί
3294 3297 3416 3343 σοι,
3445 3278 3606 3343 Πάτερ,

2107 3360 2280 3425 Κύριε
2308 3360 2409 3410 τοῦ
2438 3362 2701 3426 οὐρανοῦ
2729 3366 2829 3418 καὶ
2854 3367 2966 3434 τῆς
2997 3369 3129 3436 γῆς.
3158 3371 3367 3442 Πρῶτον
3391 3370 3439 3423 δὲ
3462 3370 3602 3435 ἐξομο-

2108 3445 2381 3512 λογοῦνται
2404 3488 2417 3509 ,
2447 3444 2563 3502 εἶτα
2613 3453 3003 3509 ἐπικαλοῦνται
3043 3456 3103 3511 τὸ
3135 3460 3297 3529 ὄνομα
3350 3454 3605 3517 αὑτοῦ,ιδιὰ

2107 3537 2203 3606 τῆς
2240 3538 2445 3589 τοιᾶσδε
2494 3541 2842 3611 ἐπικλήσεως
2897 3548 3050 3616 παρὰ
3095 3549 3172 3618 τῷ
3214 3548 3324 3617 Θεῷ
3358 3547 3603 3614 τευξόμενοι

2109 3627 2401 3695 σωτηρίας,
2434 3631 2573 3692 κατὰ
2599 3631 2661 3682 τὸ
2694 3633 2907 3699 φάσκον
2948 3637 3123 3703 λόγιον
3146 3656 3159 3669 ο
3204 3638 3305 3692 Kal
3356 3635 3458 3702 πᾶς
3479 3636 3532 3699 ὃς
3550 3632 3601 3684 ἂν

2104 3715 2519 3782 ἐπικαλέσηται
2546 3719 2613 3770 τὸ
2638 3720 2829 3790 ὄνομα
2860 3728 3105 3792 Κιῳίου,
3131 3729 3458 3792 σωθήσεται.
3476 3724 3599 3776 obva-

2104 3818 2189 3854 ται
2221 3801 2274 3853 δέ
2300 3804 2328 3854 6
2348 3802 2499 3869 λόγος
2526 3806 2911 3876 διδασκαλικὸς
2945 3812 3082 3869 εἶναι
3113 3816 3509 3887 ἐξομολογήσεως
3525 3810 3600 3863 τῶν

2104 3887 2159 3937 ἐν
2190 3887 2262 3955 τῷ
2308 3889 2411 3957 πρὸ
2442 3890 2634 3945 τούτου
2672 3896 3173 3971 ἀποκλαυσαμένων
3197 3903 3291 3970 τὴν
3334 3901 3511 3952 πτῶσιν
3530 3893 3599 3965 τῆς

2113 3979 2454 4048 Ἰερουσαλὴμ
2481 3982 2577 4033 καὶ
2619 3985 2720 4056 τὴν
2763 3990 2999 4062 ἐσχάτην
3033 3994 3199 4062 αὐτῆς
3244 3991 3531 4061 πολιορκίαν.
3554 3987 3597 4039 Οἱ

2101 4071 2205 4137 γὰρ
2234 4070 2505 4139 εἰρηκότες
2563 4075 2625 4125 ἐν
2667 4080 2784 4141 τοῖς
2830 4081 3158 4151 ἔμπροσθεν,
3204 4083 3382 4147 Ἰνατι,
3415 4084 3444 4133 ὁ
3476 4076 3595 4141 Θεὸς,

2100 4157 2310 4211 ἀπώσω
2341 4161 2425 4222 εὶς
2449 4159 2645 4228 τέλος,
2678 4165 2945 4237 ὠργίσθη
2976 4175 3009 4225 ὁ
3041 4176 3221 4242 θυμός
3252 4190 3360 4225 σου
3386 4170 3469 4224 ἐπὶ
3491 4166 3595 4235 πρό·

2100 4250 2239 4300 ϐατα
2269 4248 2456 4314 νομῆς
2486 4264 2606 4305 σου
2630 4270 2649 4315 ;
2679 4258 2777 4310 xui.
2806 4259 2876 4312 τὰ
2904 4260 3050 4331 ἑξῆς,
3072 4263 3389 4316 διδάσκονται
3415 4258 3494 4312 νῦν
3515 4257 3595 4321 ἐξο⁹

2101 4335 2431 4405 μολογεῖσοαι
2483 4339 2564 4408 τῷ
2625 4344 2748 4415 Θεῷ
2808 4352 2904 4402 καὶ
2963 4352 3323 4405 ἐπικαλεῖσθαι
3372 4350 3426 4403 τὸ
3468 4349 3593 4413 ὄνομα

2098 4425 2275 4478 αὑτοῦ.
2319 4426 2536 4498 Ἐπειδὴ
2586 4430 2767 4497 διττός
2824 4441 2972 4493 ἐστιν
3016 4443 3045 4493 ὁ
3093 4442 3189 4510 τῆς
3234 4440 3591 4512 ἐξομολογήσεως

472 4525 697 4595 τρόπος,
746 4527 1048 4594 ἀναγκαίως
1088 4526 1331 4596 δεύτερον
1374 4528 1583 4597 είρηται
1627 4527 1717 4579 ἐπὶ
1758 4525 1848 4578 τοῦ
1888 4524 2143 4592 παρόντος
2171 4519 2250 4579 τὸ,
2300 4518 2895 4596 Ἑξομολογ-ησόμεθά
2922 4548 3046 4586 σοι·
3084 4534 3175 4587 τοῦ
3202 4537 3292 4606 μὲν
3311 4532 3512 4605 πρώτου,

473 4616 632 4678 εἰκὸς,
654 4617 735 4684 ἐφ’
764 4618 1025 4687 ἁμαρτίας
1054 4619 1150 4686 τὴν
1182 4617 1552 4689 ἐξομολόγησιν
1589 4617 1884 4688 δηλοῦντος,
1912 4615 2001 4668 τοῦ
2025 4614 2066 4665 δ’
2098 4612 2217 4679 ἑξῆς
2239 4610 2335 4679 τὴν
2362 4611 2444 4677 ἐφ’
2468 4607 2554 4675 οἷς
2597 4613 2657 4669 εὖ
2689 4622 3022 4676 πεπόνθασιν
3049 4626 3099 4676 οἱ
3130 4626 3186 4678 τὸ
3223 4624 3417 4696 πρῶτον
3449 4620 3589 4687 ἐξομο-

476 4701 819 4773 λογησάμενοι
852 4707 1207 4776 εὐχαριστίαν.

545 4817 702 4875 Venet
732 4822 783 4885 5,
808 4823 858 4878 4.
903 4823 1140 4878 Narrabo
1165 4827 1425 4881 mirabilia
1460 4838 1567 4890 tua,
1603 4844 1716 4880 cum
1750 4839 1983 4889 accepero

2154 4818 2512 4887 Διηγήσομαι
2568 4825 2643 4878 τὰ
2688 4830 2994 4897 θαυμάσιά
3042 4848 3188 4892 σου,
3237 4830 3369 4881 ὅταν
3409 4822 3587 4879 sudas)

484 4917 691 4975 tempus,
723 4927 808 4979 ego
856 4914 1185 4967 rectitudines
1204 4916 1472 4983 judicabo.
1502 4916 1670 4969 Hasce
1704 4914 1793 4968 Dei
1834 4929 1992 4967 voces

482 5007 615 5059 esse,
657 4997 913 5052 dictorum
964 5002 1223 5056 sententia
1264 5004 1539 5058 declarat:
1572 5003 1700 5056 illud
1749 5003 1942 5070 quippe
1975 5021 1987 5054 :

486 5079 594 5150 Ego
609 5086 924 5143 rectitudines
943 5092 1215 5157 iudicabo;
1241 5110 1299 5147 ac
1322 5111 1535 5149 rursum
1559 5093 1687 5147 illud
1712 5113 1724 5147 :
1754 5093 1858 5161 Ego
1877 5110 1990 5145 con-

486 5169 677 5234 ﬁrmavi
698 5174 955 5230 columnas
969 5177 1098 5245 ejus,
1114 5180 1361 5235 videlicet
1381 5195 1531 5238 teme
1549 5202 1562 5248 ;
1588 5192 1745 5251 atque
1762 5184 1862 5237 sub
1879 5185 1989 5236 hare

486 5253 633 5339 illud,
661 5258 722 5311 Et
747 5264 913 5314 omnia
929 5280 1119 5317 cornua
1132 5279 1451 5332 peccatorum
1465 5273 1801 5339 confringam,
1830 5287 1985 5339 quem

487 5334 659 5429 dicere
690 5351 978 5412 conveniat,
1008 5352 1111 5406 nisi
1135 5352 1337 5409 Deum?
1367 5357 1422 5411 Si
1466 5334 1642 5429 itaque
1667 5334 1734 5414 ex
1762 5334 1986 5428 persona

491 5420 583 5519 Dei
629 5426 740 5481 haec
784 5430 1042 5519 dicantur,
1070 5457 1165 5495 cur
1212 5446 1347 5500 alius
1398 5451 1485 5517 qui
1536 5450 1698 5505 Deum
1744 5460 1982 5515 noverat,

490 5516 659 5575 ipsum
688 5516 837 5579 (ιιιδεὶ
865 5526 1168 5589 compellare
1214 5532 1292 5585 sic
1340 5516 1543 5591 videtur
1570 5558 1582 5592 :
1611 5539 1852 5593 Narrabo
1886 5543 1983 5593 ηιξ-
2013 5541 2024 5577 ί

2091 4907 2321 4972 καιρὸν,
2372 4908 2487 4975 ἐγὼ
2533 4913 2871 4981 εὐθύτητας
2907 4916 3101 4984 κρινῶ.
3133 4915 3260 4969 Θεοῦ
3298 4914 3455 4984 φωνὰς
3482 4904 3584 4961 εἶναι

2089 4995 2183 5056 τὰς
2212 4997 2581 5067 προκειμένας
2620 5004 2649 5054 6
2692 5005 2818 5067 νοῦς
2854 5008 2961 5059 τῶν
2999 5009 3289 5076 λεγομένων
3327 5004 3581 5073 παρίστησιο

2091 5084 2161 5135 Τὸ
2191 5084 2316 5152 γὰρ,
2351 5086 2497 5153 Ἐγὼ
2521 5092 2857 5159 εὐθύτητας
2882 5096 3079 5163 κρινῶ,
3100 5100 3189 5150 καὶ
3218 5097 3364 5150 πάλιν
3387 5094 3454 5153 τὸ,

2086 5172 2416 5239 ἐστερέωσα
2457 5178 2604 5244 τοὺς
2636 5184 2907 5249 στύλους
2942 5187 3145 5253 αὐτῆς,
3180 5187 3323 5256 δῆλον
3354 5185 3393 5236 δ’
3416 5182 3484 5233 ὅτι
3507 5174 3583 5242 τῆς

2087 5259 2187 5328 γῆς
2211 5302 2225 5326 τ
2266 5264 2361 5314 καὶ
2415 5264 2546 5334 έξῆς
2596 5269 2660 5320 τὸ
2684 5309 2698 5332 ,
2755 5274 2865 5325 Καὶ
2914 5275 3107 5329 πάντα
3152 5277 3219 5329 τὰ
3265 5273 3451 5340 κέρατα
3491 5263 3580 5319 τῶν

2084 5349 2442 5416 ἁμαρτωλῶν
2482 5361 2849 5426 συγκλάσω,
2901 5364 3005 5416 τίνι
3052 5365 3116 5417 ἃν
3154 5362 3359 5435 ἁρμόζοι
3385 5349 3575 5424 λέγεινῆ

2082 5437 2231 5507 θεῷ;
2266 5441 2328 5492 Εἰ
2357 5444 2537 5497 τοίνυν
2573 5448 2639 5501 ἐκ
2673 5451 2969 5522 προσώπου
3005 5455 3096 5507 τοῦ
3129 5454 3255 5506 Θεοῦ
3277 5452 3424 5504 ταῦτα
3459 5443 3574 5507 λέγε-

2080 5544 2186 5591 ταιν
2216 5530 2330 5593 πῶς
2356 5532 2545 5603 ἕτερος
2576 5539 2735 5604 εἰδὼς
2757 5542 2910 5606 Θεὸν,
2931 5545 3004 5608 ὡς
3033 5549 3165 5612 πρὸς
3192 5543 3337 5599 αὐτὸν
3358 5529 3574 5603 ἀναφωνεῖ

555 5658 597 5691 ³⁷⁸
634 5659 653 5713 Ι
682 5663 802 5718 Cor.
836 5684 925 5735 xv,
955 5672 1133 5730 ἳί-Ξῦ.
1202 5682 1245 5714 ³⁸
1278 5684 1459 5744 Matth.
1494 5708 1578 5757 ιι,
1613 5694 1698 5748 25.
1772 5695 1815 5726 ³³
1851 5693 1963 5751 Jocl
1997 5713 2007 5751 ι

2108 5699 2197 5766 52;
2238 5702 2358 5762 Act.
2387 5723 2445 5773 ιι,
2476 5707 2539 5763 21
2567 5727 2583 5775 ;
2611 5711 2773 5768 Rom.
2805 5732 2860 5775 ι.
2899 5718 2985 5775 13.
3059 5720 3102 5751 ’⁵
3137 5716 3268 5773 Psal.
3301 5724 3470 5773 tum,
3499 5705 3537 5757 1.
