3796 6370
141 435 262 488 869

1299 431 1790 492 COMMENTARIA
1826 433 1891 488 ΙΝ
1929 435 2262 490 PSALMOS.

3247 430 3350 486 870

141 552 364 619 λέγων’
404 548 792 620 Διηγήσομαι
821 555 892 608 τὰ
933 554 1225 623 θαυμάσιὰ
1259 569 1372 606 σου
1401 551 1544 608 ὅταν
1577 549 1713 604 λάϐο

1832 549 2020 602 rabilia
2049 561 2162 613 tua,
2201 564 2317 602 cum
2356 562 2592 616 accepero
2633 559 2846 615 tempus.
2879 563 2940 603 ac
2974 549 3174 604 infert:
3209 548 3348 614 Quo-

147 638 395 708 καιρὸν,
432 640 532 691 καὶ
561 641 842 714 ἐπιφέρει·
864 646 988 697 Ὅτι
1010 648 1040 697 ὁ
1075 645 1213 709 Θεὸς
1239 643 1438 710 κριτής
1463 643 1610 695 ἐστι·
1645 641 1734 692 καὶ

149 731 348 792 πάλιν,
378 730 512 782 Ὅτι
544 734 836 800 ποτήριον
855 735 925 786 ἐν
950 735 1095 802 χειρὶ
1121 735 1339 800 Kvplov
1368 734 1532 784 οἴνου
1559 730 1734 798 ἀκρά-

143 838 267 874 του
277 835 296 883 ;
325 819 467 883 Πῶς
489 820 550 872 δὲ
582 821 722 890 πρὸς
752 822 958 886 τούτοις
981 826 1178 876 ἅπασιν
1199 823 1431 890 ἐπιλέγει
1449 837 1463 852 ο
1502 820 1644 888 Ἐγὼ
1667 819 1734 872 δὲ

141 911 489 978 ἀναγγελεῖ)
534 914 623 976 εις
664 913 770 965 τὸν
797 914 995 978 αἰῶνα,
1027 914 1198 982 ψαλῶ
1242 914 1320 978 τῷ
1361 913 1480 978 Θεῷ
1519 912 1728 976 Ἰακώϐ,

139 1000 253 1053 καὶ
279 999 498 1054 πάντα
520 1003 594 1054 τὰ
618 1001 837 1069 κέρατα
860 1003 972 1056 τῶν
1002 1004 1356 1072 ἁμαρτωλῶν
1381 1002 1700 1072 συγκλάσω
1712 1017 1732 1064 ;

138 1092 295 1160 Ὅρα
329 1089 536 1142 τοίνυν
567 1091 615 1142 εἰ
642 1092 716 1161 μὴ
760 1093 845 1144 διὰ
869 1093 1067 1145 τούτων
1088 1096 1114 1146 6
1140 1093 1420 1163 μονογενὴς
1461 1092 1554 1143 τοῦ
1600 1089 1729 1142 Θεοῦ

136 1180 321 1246 Λόγος
346 1179 466 1241 τὰς
487 1180 701 1244 οἰκείας
730 1182 1005 1250 ἐνεργείας
1026 1182 1262 1234 διδάσκει
1287 1183 1384 1251 τὴν
1408 1180 1500 1232 τοῦ
1525 1180 1731 1250 Πατρὺς

135 1267 368 1333 διεξιὼν
396 1269 709 1337 Θεολογίαν.
754 1273 886 1340 Φησὶ
908 1271 1035 1339 γοῦν
1057 1289 1069 1302 ·
1111 1271 1463 1339 Διηγήσομαι
1494 1272 1564 1324 τὰ
1595 1274 1731 1323 θαυ-

135 1357 343 1424 μάσιά
404 1373 537 1412 σου
580 1359 725 1412 ὅταν
754 1359 911 1413 λάϐω
954 1363 1175 1426 καιρόν.
1234 1363 1291 1414 Ὀ
1343 1361 1438 1430 μὲν
1485 1361 1726 1424 Ἀκύλας,

139 1446 335 1497 Ὅταν
359 1446 546 1498 λάϐω
569 1447 870 1516 συνταγάς
887 1465 899 1478 ·
934 1451 962 1501 6
987 1450 1040 1501 δὲ
1060 1450 1362 1518 Σύμμαχος,
1382 1450 1554 1501 Ὅταν
1573 1445 1731 1502 λάϐω

137 1535 263 1601 τὴν
295 1537 708 1605 συναγωγήν.
745 1540 852 1590 Καί
882 1557 966 1608 μοι
999 1539 1142 1591 δοκεῖ
1163 1540 1427 1610 εὐκαίρως
1455 1538 1726 1609 εἰρηκέναι

137 1624 227 1688 τὺ,
263 1625 471 1678 Ὅταν
529 1625 692 1678 λάϐω
751 1629 1068 1695 συνταγὰς,
1115 1628 1167 1697 ἢ,
1215 1627 1325 1694 τὴν
1356 1628 1724 1696 συναγωγήν.

152 1710 619 1780 Ἐπαγγέλλεται
675 1714 783 1783 γὰρ
850 1716 1036 1784 καιροῦ
1090 1716 1378 1785 λαϐόμενος
1427 1718 1599 1769 πάντα
1661 1717 1727 1768 τὰ

1819 639 1961 691 niam
1997 639 2131 692 Deus
2173 640 2336 708 judea:
2379 649 2490 699 est;
2542 654 2602 694 ac
2644 655 2856 694 rursum
2886 659 2898 693 :
2926 640 3062 704 Quia
3107 641 3247 694 calix
3295 642 3349 696 in

1821 745 1975 780 manu
2008 729 2215 782 Domini
2247 730 2350 782 vini
2383 731 2552 781 meri?-
2588 729 2698 782 Cur
2723 730 2806 782 his
2833 730 3083 782 omnibus
3125 730 3346 798 subjun-

1817 818 1892 886 git
1919 837 1930 871 :
1958 818 2063 887 Ego
2092 828 2260 872 autem
2287 819 2600 871 annuntiabo
2630 819 2682 871 in
2714 819 2979 880 sa'culum,
3000 819 3216 871 cantabo
3238 819 3345 874 Deo

1816 906 2002 969 Jacob,
2062 919 2110 961 et
2157 911 2332 962 omnia
2382 925 2575 961 cornua
2616 919 2936 975 peccatorum
2984 909 3344 978 confringant!

1816 999 2193 1052 Animadverte
2218 1000 2378 1067 igitur
2412 1015 2538 1052 num
2572 1000 2657 1054 his
2684 1001 2859 1054 verbis
2892 1000 3219 1067 unigenitum
3251 998 3342 1053 Dei

1816 1084 2068 1146 Verbum,
2092 1103 2208 1155 qua:
2237 1089 2301 1142 ad
2331 1088 2504 1144 Patris
2531 1089 2780 1142 deitatem
2802 1097 3040 1156 spectant
3062 1103 3342 1148 enarrans.

1817 1190 1914 1230 sua
1946 1191 2109 1245 opera
2144 1179 2402 1232 enuntiet.
2442 1178 2530 1230 Ait
2556 1179 2732 1247 itaque
2760 1197 2771 1231 :
2801 1178 3043 1232 Narrabo
3078 1177 3342 1230 mirabilia

1817 1275 1906 1318 tua
1942 1283 2055 1318 cum
2089 1283 2323 1334 accepero
2365 1279 2577 1334 tempus.
2609 1268 2796 1336 Aquila
2843 1283 2966 1321 vero
3011 1269 3090 1322 sic
3135 1268 3341 1322 habet:

1817 1353 1947 1408 Cum
1994 1372 2232 1422 accepero
2276 1365 2471 1421 tempus
2521 1364 2801 1418 statutum;
2847 1353 3195 1424 Symmachus
3246 1370 3341 1407 auo

1817 1447 1922 1496 tem
1955 1460 1968 1495 :
1999 1441 2130 1495 Cum
2180 1458 2417 1508 accepero
2463 1458 2794 1512 synagogam.
2828 1441 3152 1510 Videturque
3209 1443 3339 1497 mihi

1815 1528 1926 1582 haec
1971 1538 2266 1597 opportune
2311 1530 2450 1583 dicta
2495 1547 2614 1584 esse
2652 1550 2664 1583 :
2701 1530 2829 1585 Cum
2879 1534 3342 1598 accepero‘tempus

1815 1627 2086 1682 statutum,
2128 1622 2233 1683 vel,
2281 1637 2610 1690 synagogam.
2662 1620 2948 1674 Pollicetur
2975 1620 3172 1690 quippe
3201 1635 3259 1675 se
3286 1622 3342 1676 in

1817 1714 2056 1777 tempore
2099 1718 2396 1778 Opportuno
2441 1713 2619 1764 omnia
2666 1709 2841 1763 Patris
2897 1711 2952 1762 in
2996 1709 3232 1764 Ecclesia
3276 1725 3340 1764 ex

141 1797 455 1870 θαυμάσια
487 1801 586 1853 τοῦ
612 1803 820 1872 Πατρός
840 1803 1188 1874 διηγήσασθαι
1225 1806 1314 1857 ἐπὶ
1343 1805 1441 1874 τῆς
1469 1806 1527 1870 ἐξ
1560 1806 1713 1859 ἐθνῶι

1822 1795 2066 1861 gentibus
2100 1807 2245 1863 gesta
2290 1798 2550 1850 mirabilia
2579 1805 2942 1862 narraturum,
2971 1813 3129 1868 quam
3161 1797 3337 1852 Eccle-

153 1891 518 1963 Ἐκκλησίας
542 1932 556 1955 ,
597 1895 662 1962 ἢν
711 1894 870 1955 αὐτὸς
909 1895 936 1944 6
968 1894 1148 1964 Πατὴρ
1176 1897 1528 1964 ἐπηγγέλλετο
1578 1897 1721 1967 αὐτῷ

139 1983 628 2050 εῑπὼνἈῑτησαι
677 1985 810 2050 παρ’
851 1985 1021 2051 ἐμοῦ,
1066 1987 1161 2038 καὶ
1209 1986 1376 2038 δώσω
1422 2004 1517 2040 σοι
1580 1989 1720 2057 ἔθνη

137 2072 266 2140 τὴν
293 2073 728 2140 κληρονομίαν
757 2087 889 2134 σου,
932 2075 1028 2127 καὶ
1060 2074 1169 2141 τὴν
1210 2076 1570 2145 κατάσχεσίν
1609 2095 1722 2131 σου

137 2160 214 2214 τὰ
255 2158 510 2226 πέρατα
541 2159 652 2227 τῆς
683 2158 810 2229 γῆς.
839 2162 1000 2214 Ὅταν
1023 2159 1112 2214 οὖν
1155 2163 1317 2226 λάϐω,
1343 2167 1491 2233 φησὶ,
1525 2165 1722 2236 ταύτην

137 2248 243 2318 τὴν
284 2246 602 2318 συνταγὴν,
653 2248 745 2298 καὶ
771 2247 984 2299 ἐπειδὰν
1017 2248 1160 2316 τύχω
1179 2249 1362 2303 τούτου
1401 2250 1490 2302 τοῦ
1514 2251 1720 2321 καιροῦ,

137 2335 473 2405 τηνικαῦτα
516 2337 646 2405 παρ’
682 2337 861 2398 αὐτοῖς
891 2339 1000 2398 τοῖς
1038 2336 1094 2402 ἐξ
1144 2337 1307 2391 ἐθνῶν
1351 2340 1723 2409 ἐπιστρέφουσι

141 2425 511 2497 διηγήσομαι
545 2425 720 2477 πάντα
767 2424 833 2476 τὰ
874 2425 1146 2493 Θαυμάσιά
1181 2443 1290 2479 σου.
1319 2421 1410 2489 Οἷς
1452 2428 1716 2495 ἐπιλέγει·

150 2514 320 2583 Ἐγὼ
349 2514 692 2578 εὐθύτητας
725 2513 918 2580 κρινῶ.
951 2513 1294 2584 Δικαιοσύνης
1315 2514 1418 2585 γὰρ
1441 2516 1533 2568 καὶ
1563 2515 1714 2568 εὐθύ·

141 2620 317 2674 τητος
391 2601 561 2671 ἔργον
615 2601 674 2652 τὸ
711 2602 783 2670 μὴ
824 2601 1102 2665 Ἰουδαίους
1157 2605 1342 2672 μόνους
1388 2607 1718 2674 προσίεσθαι,

143 2695 293 2766 μηδὲ
325 2693 394 2744 τὸ
415 2691 476 2756 ἐξ
513 2690 760 2761 Ἀϐραὰμ
779 2691 928 2758 γένος
951 2693 1088 2745 κατὰ
1103 2693 1197 2762 τὴν
1223 2693 1455 2758 Μωσέως
1506 2697 1716 2766 κλῆσιν.

141 2785 264 2838 ἀλλ’
302 2783 370 2848 ἐξ
405 2781 668 2835 ἁπάντων
703 2781 810 2832 τῶν
836 2781 999 2834 ἐθνῶν
1045 2784 1138 2850 τὴν
1181 2784 1402 2855 ἐκλογὴν
1452 2787 1717 2840 ποιεῖσθαι

142 2875 262 2928 τῶν
295 2872 657 2941 σωζομένων.
693 2872 888 2942 Διόπερ
935 2874 962 2924 ὁ
995 2874 1194 2942 Πέτρος
1222 2877 1278 2926 ἐν
1312 2879 1430 2938 ταῖς
1458 2878 1720 2946 Πράξεσιν

141 2962 589 3030 ἀναγέγραπται
641 2959 901 3028 εἰρηκώς·
947 2960 1068 3012 Ἐπ’
1111 2963 1390 3027 ἀληθείας
1433 2961 1592 3028 οἴδα,
1638 2965 1723 3018 ὅτι

141 3057 258 3108 οὐκ
307 3053 450 3106 ἐστι
484 3047 995 3117 προσωπολήπτης
1023 3054 1053 3102 ό
1085 3053 1252 3116 Θεός’
1285 3054 1417 3106 ἀλλ’
1446 3055 1514 3105 ἐν
1547 3057 1720 3108 παντὶ

140 3145 317 3197 ἔθνει
350 3144 387 3195 ό
463 3139 832 3207 φοϐούμενος
877 3140 1057 3191 αὑτὸν
1106 3141 1310 3206 δεκτός
1351 3144 1514 3196 ἐστιν
1540 3146 1712 3211 αὐτῷ.

144 3235 257 3288 Καὶ
295 3234 328 3284 6
368 3229 589 3292 Παῦλος
609 3229 666 3281 δὲ
707 3229 941 3298 Ἰουδαίῳ
966 3247 1024 3281 τε
1067 3231 1276 3299 πρῶτον
1307 3234 1397 3284 καὶ
1423 3235 1637 3305 Ἕλληνι
1662 3238 1719 3289 τὸ

145 3322 502 3390 Εὐαγγέλιον
544 3318 898 3389 κηρύττεσθαί
931 3336 1058 3387 φησι
1089 3320 1288 3387 λέγων·
1323 3325 1402 3375 Οὐ
1428 3323 1533 3392 γὰρ
1566 3327 1720 3380 ἐπαι-

144 3415 468 3483 σχύνομιιι
495 3408 562 3461 τὸ
579 3407 940 3475 Ειύαγγέλιον
955 3425 968 3436 '
987 3408 1232 3474 δύναμις
1261 3410 1364 3478 γὰρ
1388 3411 1532 3464 Θεοῦ
1553 3413 1720 3467 ἐστιν

144 3509 232 3572 εις
263 3501 586 3567 σωτηρίαν
613 3499 788 3550 παντὶ
831 3497 911 3562 τῷ
961 3499 1326 3570 πιστεύοντι,
1371 3502 1620 3566 Ἰουδαίῳ
1655 3523 1719 3557 τε

145 3593 401 3662 πρῶτον
453 3588 558 3641 καὶ
583 3589 859 3654 Ἕλληνι.
911 3589 1258 3655 Δικαιοσύνη
1301 3591 1405 3657 γὰρ
1457 3592 1600 3644 Θεοῦ
1651 3594 1719 3644 ἐν

145 3680 323 3744 αὐτῷ
390 3677 896 3732 ἀποκαλύπτεται.
964 3670 1056 3737 Οἷς
1127 3676 1426 3740 ἀκολούθως
1494 3680 1719 3733 ἐνταῦθα

145 3774 362 3840 φάσκει
397 3769 462 3820 τό
484 3784 496 3796 ·
541 3765 688 3832 Ἐγὼ
718 3765 1042 3830 εὐθύτητος
1081 3766 1278 3831 κρινῶ.
1321 3766 1427 3818 Εἶτ’
1460 3769 1712 3836 ἐπιλέγει.

157 3859 392 3925 Ἐτὰλιη
421 3857 462 3921 ἡ
489 3855 567 3924 γῆ
607 3853 704 3906 καὶ
734 3852 948 3917 πάντες
980 3856 1032 3906 ol
1059 3855 1466 3920 κατοικοῦντες
1497 3857 1712 3922 αὐτὴν

145 3950 271 4019 ἐγὼ
309 3945 656 4014 ἐστερέωσα
680 3943 820 4007 τοὺς
841 3943 1101 4008 στύλους
1121 3944 1322 4012 αὐτῆς.
1355 3945 1508 3998 Κατὰ
1533 3947 1587 3998 δὲ
1628 3949 1717 4000 τὸν

148 4039 490 4108 Σύμμαχον,
535 4030 998 4094 Συσταθήσεται,
1043 4033 1221 4101 φησὶν,
1264 4035 1301 4099 ἡ
1334 4033 1405 4100 γῆ
1438 4034 1557 4088 σὺν
1596 4037 1718 4104 τοῖς

148 4126 568 4181 κατοικοῦσιν
617 4121 838 4184 auctir"
871 4121 982 4188 ἐγὼ
1024 4122 1250 4189 ἢδρασα
1279 4124 1416 4189 τοὺς
1458 4128 1717 4192 στύλους

147 4215 370 4282 αὐτῆς.
408 4208 598 4265 Ταῦτα
626 4209 682 4261 δὲ
707 4211 817 4271 τοῖς
856 4210 912 4260 ἐν
935 4207 1010 4278 τῷ
1039 4211 1143 4279 πρὸ
1169 4211 1354 4262 τούτου
1385 4211 1717 4282 λελεγμένοις

149 4309 378 4378 εἴρηται
416 4299 744 4371 συμφώνως.
803 4301 866 4351 Ἢ
913 4299 1019 4368 γὰρ
1069 4300 1475 4370 πολιορκηθεῖσα
1525 4304 1596 4372 γῆ
1622 4304 1714 4355 καὶ

1819 1882 1952 1934 siam
1984 1884 2082 1952 ipsi
2109 1884 2261 1938 Pater
2297 1887 2539 1954 promisit
2571 1887 2652 1940 his
2679 1887 2856 1941 verbis
2883 1907 2895 1940 :
2933 1887 3150 1941 Postulo
3184 1905 3215 1940 a
3242 1905 3340 1951 me,

1818 1982 1865 2025 et
1897 1972 2030 2025 dabo
2063 1976 2153 2028 tibi
2184 1985 2352 2044 gentes
2383 1976 2728 2030 hwreditatem
2775 1987 2936 2042 tuam,
2970 1987 3019 2030 et
3064 1979 3328 2045 possessio

1820 2080 1931 2116 nem
1963 2073 2103 2118 tuam
2138 2067 2378 2119 terminos
2407 2069 2634 2122 terrae".
2671 2067 2801 2122 Cum
2833 2083 2959 2138 ergo
2990 2068 3092 2122 hoc
3134 2077 3341 2137 tempus

1819 2160 2074 2215 stantum,
2097 2153 2287 2223 inquit,
2305 2169 2574 2222 accepero,
2597 2163 2788 2210 etcum
2813 2156 2952 2210 hanc
2975 2155 3316 2225 opportunita
3333 2190 3345 2197 -

1819 2249 1924 2295 tem
1943 2251 2262 2297 consecutus
2280 2258 2390 2303 ero,
2419 2252 2544 2297 tunc
2560 2247 2804 2299 omnibus
2822 2246 3065 2314 gentibus
3085 2261 3203 2314 qua:
3221 2261 3340 2302 sese

1821 2333 2180 2385 converterint
2224 2333 2450 2386 narrabo
2497 2333 2672 2387 omnia
2702 2334 2964 2388 mirabilia
2997 2343 3108 2388 tua.
3133 2333 3340 2400 Quibus

1821 2420 2040 2475 subdit:
2071 2421 2178 2491 Ego
2211 2424 2538 2477 rectitudines
2561 2423 2826 2491 judicabo.
2859 2423 3086 2478 Iustitia:
3110 2441 3340 2494 namque

1821 2516 1873 2563 et
1913 2511 2249 2568 rectitudinis
2282 2528 2416 2582 opus
2445 2521 2546 2577 est,
2573 2530 2678 2566 non
2705 2513 2915 2570 Judmos
2947 2515 3120 2569 solum
3149 2516 3344 2570 admit-

1822 2606 1952 2660 tere.
1983 2616 2154 2670 neque
2197 2602 2480 2657 Abrahami
2533 2619 2698 2673 genus
2747 2604 3002 2658 duntaxat
3051 2605 3345 2660 secundum

1821 2688 2017 2757 Moysis
2060 2691 2389 2745 vocationem
2434 2693 2695 2761 recipere,
2727 2695 2818 2748 sed
2852 2695 3102 2748 omnibus
3131 2709 3194 2748 ex
3223 2709 3344 2764 gen-

1822 2777 1965 2832 tibus
1997 2781 2377 2834 servandorum
2427 2784 2736 2838 electionem
2762 2782 2954 2838 facere.
2986 2781 3342 2848 Quamobrem

1821 2866 2010 2922 Petrus
2057 2869 2110 2922 in
2158 2871 2377 2924 Actibus
2426 2870 2626 2926 dixisse
2667 2872 2920 2927 scribitur
2959 2892 2970 2926 :
3019 2873 3086 2926 In
3134 2875 3347 2931 ueritate

1822 2962 2060 3026 comperi,
2105 2963 2225 3028 quia
2266 2979 2366 3016 non
2407 2972 2482 3015 est
2521 2980 2854 3030 personarum
2903 2975 3136 3032 acceptor
3179 2966 3312 3020 Deus

1822 3049 1912 3101 sed
1940 3051 1994 3102 in
2031 3052 2170 3103 omni
2198 3062 2342 3119 gente
2377 3053 2465 3120 qui
2507 3054 2648 3105 timet
2679 3069 2793 3106 eum
2827 3064 3060 3120 acceptus
3083 3065 3158 3107 est
3183 3057 3264 3108 illi
3277 3057 3342 3111 ³⁸.

1821 3136 2017 3192 Paulus
2063 3149 2234 3191 autem
2271 3139 2453 3192 Judaeo
2484 3139 2732 3207 primum,
2771 3149 2949 3208 postea
2991 3141 3173 3197 Grarco
3207 3159 3342 3212 prm-

1816 3227 2100 3280 dicandum
2137 3227 2476 3296 Evangelium
2513 3244 2632 3282 esse
2678 3229 2807 3281 dicit
2849 3229 2932 3283 his
2971 3232 3146 3286 verbis
3177 3249 3189 3284 :
3222 3231 3343 3286 Non

1813 3314 1945 3366 enim
1967 3315 2204 3367 erubesco
2228 3314 2555 3382 Evangelium
2579 3330 2596 3368 :
2625 3317 2784 3368 virtus
2802 3333 2936 3368 enim
2966 3317 3057 3370 Dei
3079 3329 3153 3371 est
3180 3320 3231 3372 in
3257 3336 3326 3374 sa

1815 3403 1971 3454 lutem
2001 3403 2139 3455 omni
2175 3405 2416 3463 credenti,
2444 3403 2628 3456 Judwo
2655 3405 2897 3470 primum,
2930 3415 2978 3458 et
3010 3405 3208 3461 Graeco.
3237 3407 3340 3460 Ju-

1814 3490 1959 3542 stitia
1989 3490 2123 3542 enim
2153 3489 2244 3542 Dei
2271 3491 2323 3542 in
2352 3490 2463 3556 ipso
2497 3489 2750 3542 revelatur
2767 3490 2831 3544 ³⁷.
2861 3490 3066 3554 Quibus
3097 3491 3181 3545 hic
3206 3507 3338 3547 con-

1815 3586 2100 3646 sequenter
2124 3580 2317 3632 dicitur
2343 3598 2356 3632 :
2392 3578 2498 3647 Ego
2521 3578 2846 3633 rectitudines
2859 3579 3124 3647 judicabo.
3144 3579 3340 3636 Deinde

1816 3668 2031 3736 subiicit
2068 3686 2081 3721 :
2113 3668 2410 3737 Liquefacla
2441 3681 2515 3722 est
2547 3679 2685 3722 terra
2710 3685 2757 3722 et
2787 3686 2960 3722 omnes
2983 3672 3071 3740 qui
3107 3671 3340 3725 habitant

1815 3778 1846 3812 η
1884 3776 1944 3813 ea
1977 3775 1996 3812 :
2024 3775 2112 3828 ego
2159 3759 2466 3826 conﬁrmavi
2525 3758 2793 3811 columnas
2847 3758 2978 3825 ejus.
3035 3757 3338 3813 Secundum

1817 3849 2192 3918 Symmachum
2225 3864 2349 3902 vero
2377 3867 2388 3900 :
2423 3849 2798 3911 Constituetur,
2829 3849 3020 3916 inquit,
3057 3857 3194 3902 terra
3223 3865 3340 3902 cum

1813 3937 2161 3992 habitantibus
2204 3939 2257 3990 in
2303 3955 2362 3992 ea
2394 3951 2412 3989 :
2441 3953 2529 4005 ego
2555 3937 2854 4005 conﬁrmavi
2899 3937 3164 3991 columnas
3206 3939 3339 4006 ejus.

1814 4024 1936 4079 Ilec
1979 4041 2139 4094 porro
2184 4025 2533 4094 pragcedentis
2579 4025 2765 4094 psalmi
2806 4025 2964 4078 dictis
2988 4025 3159 4079 alIinia
3189 4035 3335 4090 sunt,

1813 4116 1978 4170 Terra
2022 4117 2282 4186 siquidem
2313 4117 2526 4171 obsessa
2559 4124 2610 4169 et
2641 4116 2748 4185 igni
2778 4115 2992 4177 tradita,
3023 4117 3089 4171 de
3121 4133 3223 4186 qua
3251 4118 3339 4173 di-

1813 4207 2028 4260 cebatur
2051 4225 2148 4259 :—
2169 4205 2331 4270 Quasi
2346 4206 2398 4257 in
2415 4206 2544 4258 silva
2563 4205 2817 4273 lignorum
2845 4205 3107 4258 securibus
3141 4208 3334 4261 excide-

1813 4305 1931 4348 runt
1949 4295 2142 4364 januas
2175 4295 2285 4363 ejus
2318 4296 2372 4347 in
2405 4294 2646 4361 idipsum,
2678 4296 2730 4347 in
2757 4295 2925 4348 securi
2954 4302 3004 4348 et
3030 4297 3173 4349 ascia
3203 4297 3324 4365 deje-

149 4399 296 4469 πυρὶ
315 4392 710 4465 παραδοθεῖσα,
744 4389 868 4458 περὶ
891 4384 956 4458 ἧς
988 4388 1198 4456 ἐλέγετο
1213 4407 1298 4429 ·-
1313 4391 1401 4455 Ὡς
1425 4393 1493 4444 ἐν
1522 4393 1713 4462 δρυμῷ

1816 4395 1986 4438 cerunt
2007 4402 2138 4438 eam.
2168 4384 2508 4438 Incenderunt
2553 4385 2664 4452 igne
2705 4385 3061 4437 sanctuarium
3087 4393 3250 4448 tuum,
3286 4387 3338 4440 in

149 4491 366 4553 ξύλων
397 4485 641 4549 ἀξίναις
669 4481 897 4548 ἔκοψαν
939 4481 1042 4544 τὰς
1083 4482 1260 4547 θύρας
1289 4482 1474 4549 αὐτῆς
1503 4485 1600 4536 ἐπὶ
1649 4485 1714 4538 τὸ

149 4578 333 4640 αὐτὸ,
365 4576 440 4628 ἐν
472 4571 686 4624 πέλυκι
717 4585 791 4622 κα
837 4569 1196 4635 λαξευτηρίῳ
1224 4569 1584 4637 κατέρῤαξαν
1607 4576 1713 4627 αὐ..

151 4669 296 4733 τήν.
349 4663 724 4728 ἐνεπύρισαν
764 4660 833 4711 ἐν
868 4658 1005 4724 πυρὶ
1051 4657 1114 4709 τὸ
1166 4659 1542 4726 ἀγιαστήριόν
1575 4676 1712 4724 σου,

147 4763 240 4822 εὶς
270 4756 388 4821 τὴν
408 4751 528 4822 γῆν
541 4749 915 4814 ἑϐεϐήλωσαν
934 4748 996 4799 τὸ
1009 4747 1288 4815 σκήνωμα
1303 4749 1406 4801 τοῦ
1429 4751 1712 4818 ὀνόματός

148 4863 276 4900 σου
297 4841 572 4894 σ-ταῦτα
597 4837 840 4890 παθοῦσα
868 4837 1057 4904 ἐτάκη,
1093 4838 1183 4889 καὶ
1229 4837 1422 4898 πάντες
1452 4841 1500 4890 οἱ
1529 4858 1708 4894 κατοι-

150 4937 386 4996 κοῦντες
413 4931 587 4998 αὐτὴν
619 4927 706 4980 διὰ
745 4927 840 4988 τὰς
870 4926 1116 4988 ἀσεϐείας
1161 4926 1334 4978 αὐτῶν
1378 4928 1593 4982 τοιαῦτα
1623 4947 1712 4982 πε-

152 5019 415 5086 πόνθασι.
452 5013 600 5083 Πλὴν
647 5013 846 5065 τούτων
872 5011 1282 5080 ἀπολλυμένων,
1330 5012 1472 5078 ἐγὼ,
1523 5017 1705 5086 φησὶν,

147 5083 504 5174 έστερέωσα
531 5101 671 5166 τοὺς
696 5102 957 5163 στύλους
975 5099 1179 5164 αὐτῆς.
1200 5099 1360 5158 Τίνας
1381 5098 1423 5149 δ’
1451 5099 1516 5151 ἂν
1539 5083 1708 5166 εἴποις

149 5195 385 5256 τούτους
427 5192 462 5260 ἢ
492 5191 616 5249 τοὺς
669 5189 841 5257 ἱεροὺς
868 5186 1188 5245 ἀποστόλους
1207 5185 1298 5236 καὶ
1347 5186 1550 5251 πάντας
1586 5193 1708 5254 τοὺς

150 5284 253 5336 τοῦ
284 5281 549 5350 Σωτῆρος
583 5277 736 5346 ἡμῶν
782 5276 1022 5345 μαθητάς
1063 5293 1120 5326 τε
1165 5273 1256 5325 καὶ
1285 5271 1704 5345 εὐαγγελιστάςς

1816 4487 1951 4529 terra
1970 4475 2258 4542 polluerunt
2285 4475 2669 4528 tabernaculum
2688 4475 2905 4527 nominis
2931 4475 3005 4526 tui
3037 4475 3114 4541 ³⁸;
3141 4505 3208 4516 -
3230 4477 3340 4531 haec

1814 4581 1993 4635 passa,
2026 4548 2312 4635 liquefacta
2341 4574 2455 4630 est;
2490 4574 2542 4618 et
2567 4579 2670 4618 una
2696 4580 2880 4618 omnes
2908 4568 2998 4633 qui
3030 4565 3344 4621 habitabant

1813 4658 1865 4710 in
1897 4672 1959 4711 ea
1991 4659 2318 4726 impietatum
2347 4672 2562 4711 suarum
2593 4671 2756 4710 causa
2788 4656 2900 4710 haec
2930 4661 3168 4727 perpessi
3195 4668 3338 4713 sunt.

1813 4745 2070 4800 Caeterum
2115 4748 2198 4800 his
2246 4747 2609 4815 pereuntibus,
2647 4763 2760 4816 ego,
2800 4747 2994 4815 inquit,
3042 4751 3340 4816 conﬁrmavi

1812 4835 2077 4888 columnas
2121 4835 2252 4902 ejus.
2281 4834 2424 4899 Quas
2441 4861 2446 4890 ,ν
2466 4849 2558 4890 eas
2601 4850 2720 4891 esse
2759 4837 2979 4898 dixeris,
3007 4837 3109 4892 nisi
3155 4853 3340 4894 sacros

1811 4925 2084 4992 apostolos
2125 4932 2178 4978 et
2224 4939 2408 4977 omnes
2441 4921 2741 4979 Servatoris
2774 4925 2941 4980 nostri
2965 4926 3259 4995 discipulos
3285 4935 3342 4982 et

1811 5014 2195 5082 evangelistas?
2245 5011 2376 5064 Nam
2418 5026 2540 5064 cum
2587 5028 2651 5066 ex
2683 5013 2886 5067 readem
2934 5021 3073 5066 terra
3111 5015 3341 5082 prodiiso-

1812 5113 1948 5164 sent,
1979 5104 2238 5155 columna:
2260 5107 2312 5154 et
2345 5099 2736 5154 ﬁrmamentum
2767 5101 3013 5154 Ecclesiae
3041 5101 3165 5156 facti
3189 5111 3336 5159 sunt.

1810 5192 2146 5260 Quapropter
2201 5190 2396 5243 Paulus
2439 5192 2804 5256 apostolorum
2845 5190 3157 5258 coryphazos
3188 5194 3341 5247 colu-

1808 5296 1960 5334 mnas
1984 5281 2202 5333 vocabat
2233 5279 2414 5332 dicens
2447 5278 2708 5333 :Jacobus
2735 5289 2783 5332 et
2814 5277 3010 5345 Cephas
3025 5277 3342 5346 etloannes,

165 5370 264 5435 Ἐξ
293 5371 470 5437 αὐτῆς
492 5365 601 5434 γὰρ
633 5364 839 5432 ἐκείνης
867 5362 1210 5432 προελθόντες
1231 5358 1325 5425 τῆς
1359 5360 1478 5428 γῆς,
1525 5369 1704 5421 στῦλοι

1816 5371 1894 5439 qui
1929 5368 2160 5420 videntur
2195 5368 2442 5420 columna'
2467 5381 2578 5420 esse
2601 5368 2664 5422 ³⁸.

153 5461 255 5514 καὶ
312 5456 600 5527 ἑδραίωμα
655 5455 902 5520 γεγόνασι
947 5453 1041 5521 τῆς
1089 5449 1416 5517 Ἐκκλησίας.
1458 5454 1557 5505 Διὸ
1604 5458 1694 5509 καὶ
1741 5459 1946 5522 Παῦλος
2012 5459 2134 5519 τοὺς
2204 5453 2526 5523 κορυφαίους
2593 5456 2699 5508 τῶν
2755 5452 3061 5508 ἀποστόλων
3121 5455 3350 5520 στύλους

153 5549 419 5618 ὠνόμαζε
443 5544 642 5612 λέγων·
673 5543 930 5603 Ἰάκωϐος
955 5541 1044 5592 καὶ
1067 5536 1272 5605 Κηφᾶς
1294 5539 1382 5591 καὶ
1411 5541 1715 5612 Ἰωάννης,
1743 5550 1797 5600 οι
1829 5549 2145 5612 δοκοῦντες
2172 5543 2375 5598 στῦλοι
2401 5538 2574 5597 εἶναι.

219 5724 270 5755 ³⁸
309 5719 459 5774 Psal.
497 5731 570 5782 ιι,
607 5715 658 5769 8.
731 5715 775 5746 ³⁶
811 5712 925 5764 Act.
957 5725 1016 5775 ι,
1046 5708 1129 5764 54.
1210 5709 1254 5740 ³⁷
1286 5707 1430 5767 Rom.
1472 5728 1533 5777 ι,
1578 5717 1666 5782 16,
1701 5720 1713 5772 1

1859 5723 1902 5755 ³⁸
1936 5721 2079 5778 Psal.
2116 5733 2309 5783 Lxxtn,
2346 5716 2459 5771 5-7.
2535 5720 2583 5752 "
2619 5718 2792 5774 Galat.
2829 5730 2906 5779 ιι,
2942 5714 2974 5767 9
