3796 6358
189 328 322 397 8Ἶῦ

1351 335 1839 396 COMMENTARIA
1881 335 1945 390 IN
1983 331 2293 388 PSALMOS

3299 335 3400 389 874

210 453 477 520 κίρνησιν
503 442 533 496 ὁ
571 442 683 497 τῶν
704 445 849 500 ὅλων
879 452 1088 522 κριτής.
1137 449 1362 518 Νοήσεις
1408 449 1464 501 δὲ
1491 447 1644 500 τοῦτο
1681 448 1785 500 ἀπὸ

1885 452 1998 510 ιυι·;
2051 446 2106 498 in
2145 442 2372 498 Ieremia
2405 442 2598 510 quippe
2643 441 2898 510 scriptum
2942 448 3024 496 est
3063 461 3076 496 :
3117 441 3263 497 Dixit
3295 444 3404 498 Do-

220 539 338 591 τῶν
367 531 426 584 ὲν
449 532 573 594 ταῖς
596 539 964 606 προφητείαις
991 539 1314 608 λελεγμένων
1340 539 1466 608 περὶ
1504 537 1754 606 ποτηρίου
1772 553 1785 566 ⁶

229 627 545 694 γέγραπται
584 622 719 690 γοῦν
748 627 808 678 ἑν
843 627 1076 698 Ἱερεμίᾳ
1103 629 1298 689 οὕτως·
1331 623 1476 680 Eine
1511 628 1718 693 Κύριος
1759 629 1790 679 ό

230 713 386 778 Θεὸς
447 711 690 778 Ἰσραὴλ
739 715 889 782 πρὸς
935 715 1031 785 μέο
1084 715 1234 769 Λάϐε
1270 717 1333 768 τὸ
1377 715 1652 781 ποτήριον
1686 715 1790 766 τοῦ

224 803 410 858 οτνου
439 801 544 854 τοῦ
568 802 830 871 ἀκράτου
855 805 924 856 ἐκ
943 806 1133 872 χειρός
1147 821 1283 872 μου,
1300 804 1393 856 καὶ
1415 801 1629 867 ποτιεῖς
1648 801 1789 854 αὐτὸ

222 893 437 945 πάντα
468 890 542 944 τὰ
569 891 736 957 ἔθνη,
773 892 920 958 πρὸς
946 892 984 946 ά
1011 892 1122 960 ἐγὼ
1151 890 1524 955 ἐξαποστελῶ
1553 907 1624 944 σε
1645 890 1789 958 πρὸς

218 980 484 1044 αὐτούς.
521 979 633 1032 Καὶ
681 982 917 1034 πίονται
951 981 1048 1033 καὶ
1078 981 1438 1049 ἐξεμοῦνται,
1482 979 1578 1032 καὶ
1613 980 1787 1046 ἐκμα-

213 1070 533 1135 νήσονται
575 1069 695 1122 ἀπὸ
735 1069 1051 1138 προσώπου
1089 1069 1196 1137 τῆς
1228 1069 1535 1136 μαχαίρας,
1569 1065 1643 1136 ἧς
1678 1069 1789 1136 ἐγὼ

211 1158 562 1213 ἀποστελῶ
591 1157 894 1226 ἁναμέσον
921 1156 1132 1212 αὐτῶν.
1158 1157 1265 1210 Καὶ
1289 1157 1504 1210 ἔλαϐον
1526 1155 1589 1209 τὸ
1611 1156 1789 1222 ποτή-

202 1265 360 1316 ριον
381 1249 457 1301 ἐκ
481 1249 681 1316 χειρὸς
701 1248 938 1313 Κυρίου,
963 1246 1059 1299 καὶ
1081 1245 1328 1302 ἐπότισα
1347 1246 1537 1298 πάντα
1561 1245 1630 1298 τὰ
1646 1245 1785 1312 ἔθνη

209 1336 379 1404 πρὸς
408 1335 453 1389 ἂ
475 1335 798 1390 ἀπέστειλέ
817 1353 892 1404 με
909 1336 1118 1403 Κύριος
1143 1336 1233 1388 ἐπ’
1257 1337 1424 1403 αὐτὰ,
1443 1335 1555 1403 τὴν
1585 1337 1784 1403 Ἰερου-

207 1426 445 1494 σαλὴμ
472 1427 576 1479 καὶ
601 1426 708 1492 τὰς
733 1426 935 1489 πόλεις
975 1425 1173 1487 Ἰούδα,
1199 1425 1296 1479 καὶ
1310 1425 1583 1490 βασιλεῖς
1605 1425 1786 1479 αὐτοῦ

208 1514 322 1566 καὶ
354 1513 668 1583 ἄρχοντας
698 1514 902 1576 αὐτοῦ,
933 1513 1034 1566 τοῦ
1063 1513 1242 1567 θεῖναι
1281 1514 1497 1579 αὐτοὺς
1533 1516 1618 1578 είς
1657 1512 1787 1582 ἐρή-

202 1617 446 1671 μωσιν,
487 1603 591 1656 καὶ
614 1605 704 1668 εις
734 1603 950 1656 ἄϐατον
984 1602 1080 1654 καὶ
1116 1605 1202 1666 εἰς
1226 1605 1530 1671 συριγμόνο
1561 1603 1656 1655 καὶ
1681 1603 1786 1655 τὸν

208 1692 444 1760 Φαραὼ
466 1692 738 1756 βασιλέα
761 1693 1048 1760 Αἰγύπτου
1074 1692 1170 1743 καὶ
1190 1692 1328 1756 τοὺς
1349 1692 1554 1757 παῖδας
1580 1693 1782 1754 αὐτοῦ,

207 1756 320 1836 τιιά
364 1783 519 1847 τοὺς
555 1756 916 1851 μεγιστᾶνας
956 1781 1156 1836 αὐτοῦ’
1203 1781 1295 1834 καὶ
1331 1781 1458 1850 ,ἑξῆς
1499 1756 1645 1851 φήσι·
1681 1781 1787 1836 Kal
1817 1756 1856 1809 Β

207 1869 472 1936 πάντας
506 1871 652 1934 τοὺς
674 1871 948 1936 βασιλεῖς
975 1871 1084 1937 τῆς
1127 1869 1236 1939 γῆς
1272 1869 1388 1923 τῶν
1412 1872 1786 1939 ἀλλοφύλων,

207 1960 342 2028 τὴν
387 1959 760 2022 Ἀσκάλωνα,
800 1959 897 2013 καὶ
930 1963 1042 2025 τὴν
1074 1958 1284 2021 Γάζαν,
1318 1959 1414 2012 καὶ
1448 1959 1558 2026 τὴν
1595 1960 1789 2014 Ἀκκά-

201 2065 371 2117 ρων,
407 2048 514 2100 καὶ
551 2047 665 2114 τὴν
711 2047 1052 2116 Ἰδουμαίαν,
1095 2049 1190 2100 καὶ
1221 2047 1332 2114 τὴν
1357 2049 1660 2113 Μωαϐῖτιν,
1693 2049 1788 2102 καὶ

208 2139 374 2203 τοὺς
405 2138 583 2202 υἱοὺς
621 2137 858 2205 Ἁμμὼν,
892 2137 987 2189 καὶ
1022 2137 1245 2202 πάντας
1272 2137 1546 2201 βασιλεῖς
1579 2138 1784 2206 Τύρου,

209 2225 470 2290 πάντας
495 2226 780 2290 βασιλεῖς
803 2223 1074 2288 Σιδῶνος,
1115 2225 1211 2277 ναὶ
1257 2226 1480 2289 πάντας
1513 2227 1788 2290 ,Βασιλεῖς

207 2313 433 2378 νήσου
472 2313 622 2376 τοὺς
653 2314 723 2365 ἐν
751 2312 830 2376 τῷ
857 2310 1042 2379 πέραν
1081 2313 1190 2380 τῆς
1227 2312 1554 2379 θαλάσσης.
1592 2314 1722 2366 Μεθ’
1752 2315 1787 2366 ἃ.

210 2403 484 2470 ἐπιλέγει
527 2401 719 2463 οὕτως’
753 2402 897 2454 Eine
923 2404 1132 2469 Κύριος
1163 2401 1568 2469 παντοκράτωρ
1589 2404 1620 2453 ό
1649 2401 1788 2466 Θεὸς

223 2493 509 2560 Ἰσραήλ·
537 2492 710 2544 Πίετε
734 2491 830 2544 καὶ
850 2493 1200 2559 μεθύσθητε,
1229 2492 1326 2544 καὶ
1346 2491 1670 2558 ἐξεμέσετε,
1692 2492 1786 2543 καὶ

211 2583 499 2644 πεσεῖτε,
536 2582 635 2634 καὶ
667 2583 737 2634 οὐ
762 2580 847 2649 μὴ
885 2581 1177 2648 άναστῆτε
1202 2583 1315 2636 ἀπὸ
1341 2581 1652 2649 προσώπου
1684 2581 1788 2646 τῆς

208 2671 558 2742 μαχαίρας,
579 2666 653 2738 ἧς
678 2670 790 2738 ἐγὼ
808 2668 1117 2724 ἀποστελῶ
1147 2669 1444 2738 ἀναμέσον
1476 2668 1655 2737 ὑμῶν.
1680 2669 1787 2721 Καὶ

212 2762 406 2815 ἔσται
451 2759 602 2812 ὅταν
626 2758 711 2825 μὴ
739 2759 1072 2821 βούλωνται
1095 2757 1374 2821 δέξασθαι
1415 2757 1473 2810 τὸ
1511 2758 1790 2826 ποτήριον

213 2847 293 2899 ἐκ
325 2845 443 2914 τῆς
469 2847 672 2914 χειρός
699 2859 835 2908 σου,
863 2841 1014 2897 ὥστε
1040 2844 1214 2908 πιεῖν,
1239 2845 1332 2898 καὶ
1354 2844 1505 2913 ἐρεῖς
1530 2845 1674 2912 πρὸς
1695 2846 1790 2898 αὑ·

212 2936 398 2999 τούς.
436 2935 639 2997 Οὕτως
660 2929 788 2985 εἶπε
817 2934 1026 3000 Κύριος
1061 2932 1176 2986 τῶν
1197 2934 1514 3002 δυνάμεωνο
1550 2935 1790 2998 Πιόντες

214 3025 472 3078 πίεσθε.
523 3023 602 3074 Δι’
635 3013 708 3072 ὧν
753 3020 985 3073 διδάσκει
1031 3021 1060 3071 ὁ
1089 3019 1239 3088 λόγος
1262 3021 1410 3090 δίκην
1457 3021 1635 3090 ῑατροῦ
1677 3023 1786 3083 τοῖς
1812 3060 1855 3117 C

213 3112 518 3183 δεομένοις
570 3110 772 3178 πικρᾶς
815 3108 1080 3162 άντιδότου
1128 3107 1217 3163 τὸν
1267 3108 1394 3161 Θεὸν
1434 3110 1649 3177 ἐπάγειν
1690 3109 1785 3171 τὰς

215 3201 516 3263 κολάσεις,
569 3198 645 3260 ὡς
691 3197 755 3250 ἂν
801 3197 1070 3266 ἑμέσαιεν,
1121 3196 1212 3249 καὶ
1260 3196 1642 3251 ἀποκενὼσειεν
1691 3198 1787 3270 τὴν

217 3291 622 3346 πλεονάσασαν
649 3289 706 3340 ὲν
736 3287 912 3347 αὐτοῖς
945 3285 1157 3338 κακίαν⁸
1191 3286 1281 3338 καὶ
1307 3284 1521 3355 πρώτην
1541 3302 1601 3353 γε
1623 3285 1786 3355 αὐτὴν

218 3385 326 3453 τὴν
376 3377 739 3449 Ἰερουσαλὴμ
764 3375 855 3428 τοῦ
887 3375 1158 3444 λεχθέντος
1189 3375 1346 3427 ποτοῦ
1383 3375 1642 3428 πιεῖσθαιο
1671 3372 1786 3428 εἶτα

217 3471 283 3528 δὲ
325 3470 403 3524 τὰ
446 3468 613 3522 λοιπὰ
647 3467 792 3536 ἔθνη,
822 3465 896 3528 ὡς
922 3465 1012 3517 καὶ
1043 3463 1253 3517 πάντων
1275 3465 1369 3533 τῆς
1397 3464 1582 3533 ὁμοίας
1610 3464 1788 3529 τευξο-

222 3560 420 3634 μένων
468 3557 786 3626 καθάρσεως
831 3555 916 3610 διὰ
963 3554 1068 3606 τῶν
1120 3552 1562 3622 ἑπαχθησομένων
1611 3553 1786 3614 αὐτοῖς

217 3645 548 3721 τιμωριῶν.
591 3645 700 3697 Καὶ
741 3643 799 3695 τὸ
836 3641 1002 3711 παρὸν
1035 3636 1124 3693 οὖν
1157 3639 1327 3706 λόγιον
1361 3639 1698 3708 καταλλήλως
1720 3642 1784 3710 τῇ

219 3735 559 3810 προφητικῇ
611 3728 920 3797 διδασκαλίᾳ
967 3729 1216 3798 ποτήριον
1263 3722 1398 3780 εἶναι
1447 3725 1677 3777 διδάσκει
1730 3727 1787 3776 ἑν

219 3827 384 3900 χειρὶ
409 3821 644 3892 Κυρίου,
667 3819 722 3870 ἑν
747 3811 789 3884 ᾧ
807 3817 928 3879 τοὺς
951 3817 1172 3869 ἑκάστου
1195 3815 1432 3882 καρποὺς
1455 3811 1784 3880 συναγαγὼν,

223 3917 430 3986 ὥσπερ
470 3913 708 3982 ἄκρατον
750 3905 884 3960 οἶνον
927 3904 1226 3978 ἐργάζεται.
1273 3900 1381 3956 Εἶτ’
1424 3904 1687 3956 ἐπιδίδωσι
1730 3902 1787 3956 τὸ

221 4009 361 4064 κατ’
385 4003 550 4067 ἀξίαν
577 4000 726 4068 πόμα
749 3997 1020 4063 ἀναλόγως
1042 3997 1156 4057 ταῖς
1178 3995 1398 4048 ἑκάστου
1431 3993 1652 4062 πράξεσι
1679 4009 1790 4062 κιρ-

223 4097 345 4151 νῶν
397 4091 535 4146 αὐτὸ
574 4087 714 4156 κατὰ
749 4087 838 4138 τὸν
869 4084 961 4138 τοῦ
991 4083 1192 4136 δικαίου
1236 4083 1406 4150 λόγον.
1445 4082 1536 4152 Μὴ
1563 4082 1667 4153 γὰρ
1691 4084 1787 4146 τὰς

223 4184 453 4256 φαύλας
493 4179 720 4250 πράξεις
758 4176 918 4245 μόνας
967 4174 1212 4236 ἑκάστου,
1248 4171 1382 4226 ἀλλὰ
1413 4171 1627 4234 καὶτὰς
1651 4173 1787 4240 ἀγα-

224 4278 337 4338 θάς
360 4267 698 4339 λογίζεσθαι,
724 4262 1053 4333 σταθμᾶσθαι
1081 4277 1138 4313 τε
1166 4260 1346 4329 ὥσπερ
1373 4260 1673 4330 συμμετρίᾳ.
1698 4260 1789 4313 καὶ

1887 532 2058 584 minus
2096 530 2234 583 Deus
2273 528 2442 583 Israel
2472 529 2538 581 ad
2569 545 2647 582 me
2669 567 2685 592 ,
2717 527 2871 584 Sume
2897 531 3112 584 calicem
3140 533 3244 586 vini
3276 536 3404 586 meri

1888 621 1949 674 de
1993 636 2146 672 manu
2191 634 2324 684 mea,
2389 629 2436 672 et
2477 618 2677 688 potabis
2719 620 2831 686 ipso
2874 636 3045 674 omnes
3089 629 3294 690 gentes,
3337 624 3405 676 ad

1885 726 2012 778 quas
2039 725 2129 778 ego
2159 709 2358 761 mittam
2387 717 2450 762 te.
2481 707 2546 759 Et
2579 706 2744 760 bibent
2771 717 2820 760 et
2851 719 3044 761 voment
3072 720 3119 763 et
3149 712 3404 765 insanient

1883 813 1920 850 a
1939 797 2069 864 {acie
2088 797 2279 866 gladii,
2300 812 2445 864 quem
2470 812 2556 864 ego
2579 796 2780 847 mittam
2801 797 2854 848 in
2876 797 3096 850 medium
3115 815 3308 852 eorum.
3335 799 3404 852 Et

1886 889 2056 957 accepi
2099 889 2309 940 calicem
2347 888 2408 940 de
2452 902 2607 940 manu
2650 885 2892 950 Domini,
2933 896 2980 940 et
3018 890 3190 954 potavi
3230 879 3429 944 omnesl

1883 987 2051 1046 gentes
2100 977 2168 1030 ad
2197 994 2321 1046 quas
2352 979 2491 1029 misit
2518 993 2594 1029 me
2627 975 2873 1030 Dominus
2891 992 2909 1028 :
2936 976 3225 1031 Jerusalem
3250 989 3300 1034 et
3326 981 3404 1034 ci-

1885 1064 2064 1116 uitates
2088 1063 2225 1118 Iuda
2245 1103 2260 1127 ,
2287 1080 2424 1132 reges
2451 1064 2561 1131 ejus
2588 1073 2636 1116 et
2665 1064 2918 1130 principes
2947 1065 3090 1132 ejus,
3120 1065 3187 1118 ad
3212 1082 3407 1134 ponen-

1881 1153 2006 1205 dum
2035 1171 2120 1208 eos
2148 1156 2201 1206 in
2231 1153 2594 1216 solitudinem,
2625 1154 2677 1205 in
2709 1153 2930 1217 inviam,
2958 1165 3005 1207 et
3035 1156 3088 1208 in
3115 1156 3408 1212 subsannac

1886 1243 2070 1294 tionem
2093 1251 2184 1295 :-et
2211 1240 2534 1295 Pharaonem
2561 1259 2724 1310 regem
2749 1241 2962 1311 Egypti
2979 1284 2993 1306 ,
3019 1253 3066 1296 et
3088 1261 3273 1312 pueros
3292 1247 3406 1315 ejus

1881 1339 1931 1384 et
1959 1333 2228 1399 optimates
2254 1332 2368 1399 ejus
2400 1333 2439 1362 δ’
2465 1348 2482 1395 ;
2511 1347 2570 1384 ac
2601 1332 2851 1401 deinceps
2877 1333 2989 1386 ait:
3024 1332 3090 1386 Et
3119 1351 3291 1390 omnes
3320 1354 3406 1392 reo

1883 1433 1966 1486 ges
1995 1428 2144 1473 terra:
2177 1418 2609 1486 alienigenarum,
2637 1419 2974 1482 Ascalonem,
3004 1421 3200 1475 Gazam
3227 1435 3275 1478 et
3304 1430 3410 1479 Ac-

1882 1525 2120 1562 caronem
2139 1547 2155 1573 ,
2189 1507 2476 1562 Idumwam
2508 1518 2556 1562 et
2594 1507 2928 1562 Moabitidem
2953 1550 2967 1574 ,
2992 1513 3126 1579 ﬁlios
3147 1515 3366 1569 Ammon
3387 1554 3406 1579 ,

1881 1608 1930 1650 et
1957 1615 2125 1652 omnes
2153 1615 2289 1668 reges
2319 1598 2476 1667 Tyri,
2503 1607 2553 1652 et
2579 1615 2750 1653 omnes
2781 1617 2919 1670 reges
2944 1601 3154 1656 Sidonis
3173 1643 3189 1667 ,
3213 1614 3265 1657 et
3297 1621 3410 1659 om-

1883 1705 1968 1741 nes
1994 1705 2128 1757 reges
2153 1687 2345 1741 Insula:
2369 1697 2513 1741 trans
2539 1705 2679 1742 mare
2705 1689 2769 1743 “.
2802 1689 2994 1746 Postea
3019 1707 3146 1746 vero
3173 1695 3250 1748 sic
3277 1710 3411 1750 con-

1883 1777 2050 1830 cludit
2078 1796 2090 1830 :
2122 1777 2266 1830 Dixit
2297 1776 2544 1829 Dominus
2575 1778 2894 1846 omnipotens
2921 1779 3058 1834 Deus
3082 1781 3292 1838 Israel:
3315 1785 3410 1839 Bi-

1885 1864 1984 1918 bite
2008 1873 2056 1918 et
2088 1865 2442 1929 inebriamini,
2472 1875 2520 1918 et
2549 1868 2756 1920 vometis
2781 1906 2795 1930 ,
2826 1879 2874 1920 et
2906 1872 3250 1935 procumbetis
3270 1911 3287 1936 ,
3318 1891 3408 1928 nec

1883 1954 2152 2021 resurgetis
2177 1971 2208 2007 a
2230 1953 2361 2021 facie
2382 1954 2544 2022 gladii
2561 1993 2576 2016 ,
2599 1971 2747 2023 quem
2767 1973 2858 2025 ego
2883 1959 3083 2010 mittant
3106 1961 3158 2013 in
3185 1962 3406 2016 medium

1883 2043 2054 2095 vestri.
2080 2041 2146 2094 Et
2172 2044 2299 2106 erit,
2325 2044 2371 2096 si
2391 2043 2648 2096 noluerint
2673 2046 2898 2110 accipere
2923 2047 3137 2100 calicem
3161 2049 3223 2103 de
3247 2067 3408 2104 manu

1884 2139 1972 2182 tua
1990 2171 2005 2196 ,
2036 2140 2091 2182 ut
2118 2130 2321 2193 bibant,
2350 2130 2486 2183 dices
2515 2129 2581 2180 ad
2610 2146 2694 2184 eos
2716 2171 2732 2195 ,
2765 2130 2852 2185 Sic
2880 2131 3005 2184 dicit
3028 2133 3282 2190 Dominus
3310 2139 3411 2191 vir-

1884 2227 2076 2282 tutum,
2101 2219 2319 2272 bibentes
2349 2219 2525 2272 bibetis
2549 2220 2614 2273 ’⁵³.
2644 2219 2804 2284 Queis
2824 2221 3100 2286 ediscitur,
3132 2223 3294 2280 Deum
3322 2227 3408 2282 in-

1883 2320 1994 2363 star
2030 2309 2257 2372 medici,
2296 2323 2534 2362 amarum
2560 2309 2857 2364 antidotum
2880 2313 3155 2380 egentibus
3182 2313 3406 2380 otl‘erre,

1884 2413 2073 2466 nempe
2109 2396 2516 2466 castigationes,
2549 2405 2606 2450 ut
2636 2406 2914 2462 evomant,
2948 2400 3313 2469 malitiamque
3340 2403 3408 2456 il-
3500 2437 3503 2439 -

1883 2485 1988 2538 lam
2032 2485 2406 2539 exuberantem
2449 2498 2608 2552 quam
2649 2485 2793 2539 intus
2831 2486 3028 2542 habent
3071 2499 3406 2560 exonerent;

1883 2574 2216 2642 primamque
2247 2573 2542 2628 Jerusalem
2573 2589 2638 2629 eo
2669 2575 2835 2629 calice
2863 2578 3182 2644 potandam;
3216 2578 3408 2635 deinde

1883 2663 2114 2730 reliquas
2152 2673 2369 2732 gentes,
2410 2663 2534 2732 quia
2562 2677 2746 2718 omnes
2778 2663 2938 2718 simili
2971 2668 3282 2736 purgatione
3314 2683 3411 2738 per

1883 2752 2058 2806 illatas
2081 2753 2457 2822 castigationes
2481 2755 2773 2808 evacuandi
2794 2765 2938 2811 sunt.
2957 2757 3202 2813 Praesens
3230 2759 3411 2828 itaque

1884 2840 2145 2894 sententia
2181 2841 2402 2910 perinde
2446 2847 2608 2909 atque
2657 2842 2965 2911 prophetica
3012 2844 3099 2897 illa
3133 2844 3408 2910 doctrina,

1883 2929 2101 2983 calicem
2129 2944 2247 2984 esse
2269 2929 2422 2983 docet
2452 2930 2504 2983 in
2538 2944 2700 2984 manu
2726 2930 2976 2999 Domini;
3011 2935 3065 2989 in
3094 2951 3199 3004 quo
3227 2939 3411 3007 singu-

1885 3018 2056 3070 lorum
2092 3017 2297 3071 fructus
2347 3019 2639 3086 colligens,
2689 3020 2841 3088 quasi
2871 3036 3076 3075 merum
3111 3025 3290 3077 vinum
3317 3043 3410 3080 ex-

1885 3107 2083 3176 primit.
2125 3105 2324 3160 Deinde
2353 3123 2477 3161 vero
2509 3123 2604 3176 pro
2630 3107 2856 3174 justitize
2889 3111 3114 3174 ratione,
3149 3123 3200 3166 et
3226 3115 3412 3182 cujus-

1884 3212 1986 3266 que
2036 3196 2226 3248 merito
2266 3206 2449 3266 potum
2483 3204 2818 3266 temperans,
2843 3199 3103 3269 cujusque
3137 3204 3409 3260 actionum
3479 3207 3483 3210 ”

1886 3283 2224 3352 proportione
2252 3283 2430 3336 habita
2451 3321 2466 3343 ,
2500 3284 2630 3352 ipsis
2661 3284 2946 3338 bibendum
2983 3288 3248 3356 propinat.
3291 3289 3411 3348 Non

1883 3374 2022 3428 enim
2055 3388 2214 3440 prava
2242 3373 2500 3426 duntaxat
2529 3374 2859 3442 singulorum
2889 3391 3052 3444 opera
3077 3415 3091 3440 ,
3122 3379 3216 3432 sed
3243 3383 3406 3436 etiam

1883 3464 2022 3516 bona
2047 3462 2398 3516 examinanda
2425 3471 2477 3516 et
2505 3479 2655 3532 aqua
2688 3464 2838 3520 lance
2870 3468 3211 3535 ponderanda
3238 3481 3366 3526 sunt
3401 3519 3407 3525 .

1883 3559 2042 3620 atque
2064 3559 2442 3621 congruentem
2472 3552 2798 3623 singulorum
2831 3559 3084 3624 operibus
3107 3569 3288 3628 potum
3321 3577 3410 3631 pa-

1885 3655 2002 3695 rare
2043 3656 2177 3710 opus
2225 3650 2326 3696 est.
2355 3641 2506 3707 Quod
2543 3643 2658 3710 ipse
2689 3645 2925 3699 declarat
2954 3647 3036 3701 his
3064 3650 3240 3704 verbis
3267 3668 3279 3704 :
3337 3649 3407 3705 Et

1883 3729 2144 3782 inclinavit
2183 3745 2244 3782 ex
2285 3729 2377 3782 hoc
2416 3731 2469 3782 in
2513 3732 2644 3794 hoc;
2687 3735 2758 3786 ita
2800 3741 2856 3786 ut
2895 3751 3000 3790 una
3040 3739 3408 3796 commistione

1885 3822 2021 3873 mala
2051 3822 2378 3888 singulorum
2406 3835 2565 3888 opera
2595 3822 2749 3878 bonis
2776 3831 3153 3894 temperentur.
3185 3827 3289 3883 Pro
3318 3831 3409 3884 illo

1885 3918 2060 3962 autem
2080 3948 2094 3970 ,
2130 3909 2407 3962 Inclinavit
2445 3926 2508 3964 ea:
2533 3911 2628 3963 hoc
2657 3913 2710 3964 in
2742 3913 2834 3965 hoc
2853 3952 2869 3976 ,
2911 3914 3260 3984 Symmachus
3279 3959 3294 3985 ,
3323 3919 3410 3973 Ita

1885 4010 1939 4052 ut
1969 4000 2175 4052 trahant
2201 4000 2262 4052 ab
2291 4002 2402 4069 ipso
2426 4040 2442 4066 ,
2475 4002 2851 4070 interpretatus
2883 4016 2963 4058 est
2991 4024 3005 4070 ;
3041 4015 3093 4059 et
3132 4017 3187 4061 ut
3223 4010 3408 4064 faecem

1886 4083 2069 4136 bibant
2098 4099 2283 4137 omnes
2314 4094 2626 4152 peccatores
2664 4095 2840 4140 terrae.
2891 4088 3007 4143 Non
3045 4094 3184 4146 enim
3225 4097 3408 4149 niistio

1884 4177 2209 4239 temperata,
2247 4171 2339 4224 sed
2370 4172 2510 4240 quod
2539 4181 2835 4226 extremum
2867 4188 2929 4226 ac
2971 4176 3238 4229 turbidum
3283 4187 3406 4245 est,

1885 4259 2122 4326 gravium
2151 4259 2408 4313 scelerum
2435 4259 2540 4312 reis
2565 4267 2883 4314 reservatur.
2913 4259 3088 4326 Quare
3116 4262 3411 4318 secundum

247 4359 579 4429 ιατάλληλον
621 4358 732 4418 τοῖς
786 4353 1008 4407 ἑκάστου
1057 4350 1231 4420 ἔργοις
1273 4349 1678 4420 ἀπεργάσασθαι
1728 4350 1785 4403 τὸ

1888 4341 2260 4414 Symmachum
2284 4347 2486 4400 dictum
2509 4353 2591 4400 est
2610 4365 2621 4398 :
2640 4347 2994 4402 Verumtamen
3009 4349 3157 4417 [uaces
3169 4351 3278 4422 ejus
3293 4361 3411 4421 gut-

223 4455 454 4524 κρᾶμα.
491 4448 556 4501 Ὃ
576 4446 640 4515 δὴ
667 4442 956 4513 παρίστησι
982 4439 1149 4506 λέγον·
1177 4437 1284 4490 Καὶ
1308 4439 1540 4492 ἔκλινεν
1559 4438 1627 4491 ἐκ
1653 4440 1784 4492 τού-

1888 4442 2036 4494 tatim
2065 4443 2346 4510 expriment
2372 4441 2591 4495 bibentes
2621 4443 2838 4509 improbi
2867 4454 3039 4499 terrae.

223 4563 346 4600 του
381 4545 474 4606 είς
511 4539 714 4594 τοῦτο·
765 4535 839 4596 ὡς
891 4533 955 4586 ἂν
1003 4531 1099 4602 μία
1135 4529 1340 4598 γένοιτο
1381 4531 1570 4601 κρᾶσις
1605 4531 1712 4584 τῶν
1749 4549 1806 4585 τε
1845 4535 2070 4587 ἑκάστου
2138 4534 2415 4606 μοχθηρῶν
2449 4532 2691 4605 πράξεων
2739 4534 2832 4586 καὶ
2875 4535 2981 4588 τῶν
3021 4537 3412 4608 χρηστοτὲρων.

243 4633 401 4688 Ἀντὶ
439 4631 498 4684 δὲ
544 4626 661 4690 τοῦ,
716 4623 1046 4687 Ἐξέκλινεν
1107 4619 1174 4672 ἐκ
1212 4612 1420 4674 τούτου
1464 4623 1548 4685 εὶς
1591 4621 1784 4685 τοῦτο,
1826 4625 1852 4676 ό
1889 4625 2193 4695 Σύμμαχος,
2241 4627 2413 4691 Ὥστε
2459 4624 2656 4677 ἕλκειν
2703 4625 2801 4677 ἀπ’
2847 4627 3048 4690 αὑτοῦ,
3089 4629 3412 4698 ἡρμήνευσε·

223 4727 338 4796 τὴν
371 4726 432 4778 δὲ
468 4720 648 4792 τρύγα
685 4715 917 4770 πιεῖσθαι
943 4712 1143 4773 πάντας
1169 4711 1290 4772 τοὺς
1317 4712 1659 4782 ἁμαρτωλοὺς
1689 4714 1783 4782 τῆς
1819 4715 1937 4786 γῆς.
1973 4718 2160 4770 Οὐκέτι
2190 4717 2295 4786 γὰρ
2318 4717 2519 4786 κρᾶμα,
2543 4715 2674 4768 ἀλλὰ
2719 4717 2779 4769 τὸ
2819 4717 3038 4786 ἔσχατον
3075 4721 3165 4772 καὶ
3201 4719 3416 4789 θολερὸν

227 4819 351 4880 τοῖς
375 4815 448 4868 τὰ
472 4809 684 4882 μεγάλα
709 4804 1071 4878 ἡμαρτηκόσιν
1098 4802 1490 4856 ὰποκείσεσθαι.
1525 4804 1612 4856 Διὸ
1643 4804 1782 4858 κατὰ
1817 4807 1906 4860 τὸν
1932 4809 2215 4879 Σύμμαχον
2240 4809 2465 4878 εἴρηταιο
2494 4807 2662 4876 Πλὴν
2709 4811 2813 4872 τὰς
2871 4812 3107 4880 τρυγίας
3133 4813 3415 4882 ἐκστραγ-

235 4909 445 4980 γνοῦσι
479 4906 755 4966 πίνοντες
778 4903 829 4952 οι
857 4895 1070 4966 φαῦλοι
1111 4894 1218 4961 τῆς
1250 4895 1378 4963 γῆς.

325 5023 473 5092 Ἐγὼ
503 5020 572 5072 δὲ
593 5013 902 5084 ἀπαγγελῶ
925 5015 1008 5077 εις
1035 5012 1137 5065 τὸν
1159 5008 1356 5072 αἰῶνα,
1385 5011 1557 5076 ψαλῶ
1576 5011 1653 5074 τῷ
1672 5010 1788 5074 Θεῷ

247 5112 476 5168 Ἰακώϐ.
512 5109 594 5160 Τὰ
621 5107 715 5175 μὲν
741 5103 1095 5174 προλεχθὲντα
1127 5099 1299 5151 πάντα
1327 5096 1450 5150 εἶπα
1477 5103 1586 5160 τοῖς
1618 5115 1790 5168 παρα-

237 5202 512 5272 νομοῢσι,
570 5197 664 5248 καὶ
715 5193 1080 5260 διεστειλάμην
1137 5190 1304 5241 ἅπασι
1365 5188 1786 5256 μαρτυράμενος.

252 5290 402 5358 Ἐγὼ
439 5288 496 5339 δὲ
536 5287 564 5336 ὁ
595 5282 845 5350 ἀνωτέρω
876 5281 1056 5331 εἰπὼν·
1092 5275 1448 5342 Διηγήσομαι
1475 5274 1546 5326 τὰ
1571 5274 1787 5341 θαυμά-

237 5380 354 5434 cui
397 5392 537 5437 σου,
586 5373 728 5425 ὅταν
769 5368 925 5422 λάϐω
977 5367 1196 5434 καιρόν’
1253 5364 1342 5414 καὶ
1385 5363 1542 5415 πάλιν
1584 5364 1783 5430 ’φήσας-

257 5469 404 5538 Ἐγὼ
451 5464 776 5528 εὐθύτητας
819 5457 1006 5525 κρινῶ·
1060 5453 1152 5508 καὶ
1205 5448 1354 5513 αὖθις
1411 5450 1595 5504 εἰπών’
1655 5451 1790 5503 Ὲνὼ

321 5621 365 5652 ιι
404 5617 496 5670 Jer
553 5607 892 5670 xxv,15-l9.
966 5607 1006 5638 ιι
1042 5605 1171 5657 ibid.
1203 5601 1388 5658 20-22.
1466 5604 1508 5637 δ’
1545 5601 1670 5655 ibid.
1696 5602 1765 5654 ετ

1885 5611 1910 5662 ι,
1956 5606 2044 5676 ﬁ"
2065 5603 2205 5657 Psal.
2226 5615 2398 5661 LXXIV,
2429 5600 2483 5664 ἐξ,
2508 5601 2562 5655 '5.

538 5707 802 5763 Ρηκοι..
835 5700 947 5757 Gn.
980 5696 1205 5755 XXI“.

1956 5011 2117 5067 Vens.
2149 5012 2234 5076 lO,
2270 5010 2357 5064 Η.
2391 5009 2498 5078 Ego
2519 5019 2690 5062 autem
2711 5010 3031 5062 annuntiabo
3054 5010 3108 5062 in
3127 5013 3375 5064 swculum
3390 5051 3406 5073 ,

1887 5098 2103 5152 cantabo
2136 5097 2242 5150 Deo
2269 5095 2452 5148 Jacob.
2487 5094 2656 5163 Supra
2689 5106 2982 5150 memorata
3014 5100 3191 5151 omnia
3223 5101 3405 5167 inique

1886 5189 2163 5256 agentibus
2199 5186 2333 5246 dixi,
2373 5192 2428 5237 et
2471 5189 2804 5238 contestatus
2846 5187 3098 5240 omnibus
3147 5194 3411 5256 praecepta

1885 5273 2028 5328 dedi.
2056 5276 2163 5344 Ego
2185 5286 2310 5325 vero
2329 5271 2419 5337 qui
2441 5272 2689 5339 superius
2711 5270 2850 5334 dixi,
2880 5270 3120 5326 Narrabo
3146 5273 3411 5328 mirabilia

1884 5375 1995 5426 tua,
2025 5380 2138 5416 cum
2169 5375 2400 5424 accepero
2437 5367 2633 5426 tempus
2665 5360 2732 5392 ⁸³⁸
2758 5376 2773 5423 ;
2807 5375 2869 5413 ac
2900 5376 3112 5415 rursum
3141 5380 3154 5416 :
3190 5362 3298 5431 Ego
3327 5377 3412 5415 τοι·

1893 5454 2162 5507 ctitudines
2203 5447 2437 5508 iudicabo
2470 5449 2556 5509 “;
2597 5453 2931 5523 iterumuue,
2966 5450 3073 5519 Ego
3110 5450 3414 5520 con/inueni

2632 5602 2674 5633 ⁸⁵
2701 5601 2806 5655 ibid
2861 5602 2894 5654 5

2989 5698 3067 5758 28
