3796 6362
195 328 323 397 ετδ

1347 338 1836 398 COMMENTARIA
1877 340 1941 394 IN
1980 336 2290 392 PSALMOS

3296 341 3396 395 874

219 453 476 520 κίρνησιν
503 444 533 498 6
571 445 680 499 τῶν
703 448 845 504 ὅλων
877 455 1084 524 κριτής.
1133 452 1358 522 Νοήσεις
1404 453 1460 504 δὲ
1487 450 1640 503 τοῦτο
1677 451 1779 503 ἀπὸ

1879 456 1995 514 tur;
2047 450 2102 502 in
2141 447 2368 502 Ieremia
2401 447 2595 515 quippe
2639 446 2894 516 scriptum
2938 453 3020 502 est
3058 466 3072 501 :
3113 447 3260 502 Dizit
3292 450 3400 504 Do-

220 539 336 593 τῶν
368 534 426 587 ὲν
450 534 572 596 ταῖς
594 541 961 609 προφητείαις
987 542 1311 610 λελεγμένων
1336 543 1461 611 περὶ
1500 541 1750 610 ποτηρίου
1767 557 1781 569 ⁸

225 628 545 699 γέγραπται
583 625 716 693 γοῦν
744 629 804 680 ἑν
839 630 1073 700 Ἱερεμίᾳ
1099 632 1294 692 οὕτως·
1327 627 1472 683 Eine
1507 631 1714 696 Κύριος
1755 633 1786 682 ό

225 718 384 782 Θεὸς
448 714 688 782 Ἰσραὴλ
735 717 886 784 πρὸς
931 718 1027 787 μέ*
1080 718 1230 772 Λάϐε
1266 720 1328 771 τὸ
1373 718 1648 784 ποτήριον
1681 718 1786 771 τοῦ

219 805 406 860 οἴνου
437 804 544 857 τοῦ
567 804 826 874 ἀκράτου
851 807 920 859 ἐκ
939 809 1129 875 χειρός
1143 825 1278 875 μου,
1296 807 1388 859 ml
1411 805 1625 870 ποτιεῖς
1644 805 1785 858 αὐτὸ

216 895 435 947 πάντα
468 893 540 947 τὰ
569 895 732 960 ἔθνη,
768 894 916 960 πρὸς
941 895 980 948 ἁ
1007 895 1117 963 ἐγὼ
1146 893 1520 958 ἐξαποστελῶ
1549 911 1619 947 σε
1641 894 1785 961 πρὸς

213 983 480 1046 αὐτούς.
517 982 630 1035 Kal
677 985 913 1036 πίονται
947 984 1043 1036 καὶ
1073 983 1433 1052 ἐξεμοῦνται,
1477 982 1573 1036 καὶ
1609 984 1783 1050 ἐκμα-

208 1071 529 1137 νήσονται
573 1072 691 1124 ἀπὸ
731 1071 1046 1140 προσώπου
1085 1073 1191 1139 τῆς
1223 1073 1530 1140 μαχαίρας,
1565 1069 1638 1140 ἧς
1673 1073 1784 1140 ἐγὼ

207 1161 558 1215 ἀποστελῶ
588 1160 890 1228 ἁναμέσον
916 1159 1126 1215 αὐτῶν.
1153 1160 1260 1213 Kal
1285 1160 1499 1214 ἔλαϐον
1521 1159 1584 1213 τὸ
1605 1160 1784 1226 ποτή-

199 1266 356 1317 ριον
377 1250 452 1303 ἐκ
477 1251 675 1318 χειρὸς
696 1250 934 1315 Κυρίου,
958 1249 1054 1302 καὶ
1076 1249 1322 1304 ἐπότισα
1342 1249 1532 1301 πάντα
1555 1249 1624 1302 τὰ
1641 1249 1780 1317 ἔθνη

206 1337 374 1406 πρὸς
404 1337 449 1390 ἄ
472 1337 794 1392 ἀπέστειλέ
813 1355 888 1406 με
905 1339 1112 1405 Κύριος
1139 1339 1229 1391 ἐπ’
1252 1340 1418 1406 αὐτὰ,
1438 1339 1550 1406 τὴν
1580 1340 1780 1407 Ἰερου-

204 1427 441 1495 σαλὴμ
468 1429 573 1481 καὶ
597 1428 703 1494 τὰς
727 1429 930 1492 πόλεις
970 1427 1168 1490 Ἰούδα,
1193 1428 1291 1482 καὶ
1305 1429 1578 1493 βασιλεῖς
1600 1430 1780 1483 αὐτοῦ

204 1515 318 1567 καὶ
349 1514 662 1584 ἄρχοντας
692 1517 896 1578 αὐτοῦ,
927 1515 1028 1570 τοῦ
1058 1515 1236 1570 θεῖναι
1277 1517 1492 1582 αὐτοὺς
1527 1519 1613 1582 είς
1651 1516 1782 1585 ἐρή-

199 1619 443 1672 μωσιν,
483 1605 585 1658 καὶ
608 1607 697 1670 εις
727 1605 944 1659 ἄϐατον
979 1605 1075 1658 καὶ
1111 1607 1196 1670 εἰς
1221 1608 1524 1675 συριγμόνο
1557 1607 1781 1659 καὶτὸν

205 1694 440 1762 Φαραὼ
462 1694 732 1757 ,βασιλέα
755 1697 1042 1763 Αἰγύπτου
1069 1695 1164 1746 καὶ
1185 1695 1322 1758 τοὺς
1344 1695 1549 1760 παῖδας
1575 1697 1776 1758 αὐτοῦ,

203 1760 315 1838 καί
359 1784 514 1849 τοὺς
549 1760 910 1853 μεγιστᾶνας
950 1783 1151 1838 αὐτοῦ’
1197 1784 1289 1837 καὶ
1325 1784 1453 1854 ,ἑξῆς
1493 1802 1640 1855 φησι·
1675 1785 1782 1840 Kal
1811 1760 1850 1813 Β

204 1870 466 1937 πάντας
500 1873 646 1936 τοὺς
668 1874 942 1939 βασιλεῖς
969 1874 1079 1940 τῆς
1121 1872 1230 1942 γῆς
1266 1872 1382 1926 τῶν
1406 1876 1780 1942 ἀλλοφύλων,

203 1961 337 2030 τὴν
381 1961 754 2024 Ἀσκάλωνα,
795 1961 892 2015 καὶ
924 1965 1036 2028 τὴν
1068 1961 1278 2024 Γάζαν,
1312 1963 1408 2015 καὶ
1442 1963 1552 2029 τὴν
1589 1964 1783 2018 Ἀκκά-

197 2066 366 2119 ρων,
402 2050 508 2102 καὶ
545 2049 658 2116 τὴν
705 2050 1046 2118 Ἰδουμαίαν,
1089 2052 1184 2103 καὶ
1215 2051 1326 2117 τὴν
1351 2053 1654 2117 Μωαϐῖτιν,
1687 2053 1782 2105 καὶ

203 2141 368 2205 τοὺς
398 2141 577 2204 υίοὺς
615 2139 851 2208 Ἀμμὼν,
886 2141 981 2192 καὶ
1016 2140 1239 2205 πάντας
1266 2141 1540 2204 βασιλεῖς
1573 2142 1777 2210 Τύρου,

205 2227 464 2292 πάντας
488 2228 774 2292 ,βασιλεῖς
797 2226 1068 2291 Σιδῶνος,
1109 2228 1204 2280 καὶ
1251 2229 1474 2292 πάντας
1507 2231 1782 2294 βασιλεῖς

202 2315 426 2380 νήσου
466 2315 616 2378 τοὺς
647 2317 717 2367 ἐν
745 2315 824 2379 τῷ
851 2313 1036 2382 πέραν
1075 2315 1184 2383 τῆς
1221 2316 1548 2383 θαλάσσης.
1586 2317 1715 2370 Μεθ’
1745 2319 1781 2370 ἃ

205 2405 477 2472 ἐπιλέγει
519 2403 713 2466 οὕτως’
745 2405 891 2457 Εἴπε
916 2407 1125 2472 Κύριος
1157 2405 1562 2472 παντοκράτωρ
1583 2407 1614 2457 ό
1643 2405 1781 2470 Θεὸς

219 2495 502 2563 Ἰσραήλο
530 2495 704 2546 Πίετε
728 2493 824 2546 καὶ
844 2496 1193 2562 μεθύσθητε,
1222 2496 1319 2548 καὶ
1339 2495 1663 2561 ὲξεμέσετε,
1685 2496 1779 2547 καὶ

207 2586 492 2647 πεσεῖτε,
529 2585 629 2637 καὶ
661 2586 731 2637 οὐ
755 2583 840 2652 μὴ
877 2585 1170 2652 άναστῆτε
1195 2586 1308 2639 ἀπὸ
1335 2584 1644 2652 προσώπου
1677 2585 1781 2651 τῆς

203 2673 550 2744 μαχαίρας,
571 2668 647 2741 ἧς
671 2673 783 2740 ἐγὼ
802 2671 1110 2726 ἀποστελῶ
1140 2673 1437 2741 ἀναμέσον
1469 2672 1648 2741 ὑμῶν.
1673 2673 1780 2725 Kal

207 2764 399 2816 ἔσται
443 2762 596 2814 ὅταν
619 2760 704 2828 μὴ
732 2761 1065 2824 βούλωνται
1089 2760 1366 2825 δέξασθαι
1407 2761 1466 2814 τὸ
1505 2762 1782 2830 ποτήριον

209 2849 286 2901 ἐκ
317 2847 436 2916 τῆς
461 2849 665 2916 χειρός
692 2861 828 2910 σου,
857 2844 1007 2900 ὥστε
1033 2847 1206 2911 πιεῖν,
1232 2849 1325 2902 καὶ
1347 2848 1498 2916 ἐρεῖς
1523 2849 1666 2916 πρὸς
1687 2850 1783 2902 aito

207 2939 390 3001 τούς.
429 2937 632 3000 Οὕτως
653 2932 782 2988 εἶπε
810 2937 1018 3003 Κύριος
1054 2935 1169 2989 τῶν
1190 2937 1506 3006 δυνάμεωνο
1543 2939 1782 3002 Πιόντες

209 3027 464 3080 πίεσθε.
515 3025 595 3076 Δι’
627 3016 700 3075 ὧν
746 3023 978 3076 διδάσκει
1024 3024 1053 3074 δ
1081 3023 1232 3091 λόγος
1255 3024 1403 3093 δίκην
1450 3024 1627 3094 ἰατροῦ
1670 3027 1778 3086 τοῖς
1805 3064 1848 3121 c

209 3115 510 3185 δεομένοις
563 3113 764 3180 πικρᾶς
809 3111 1072 3164 ἀντιδότου
1120 3111 1210 3165 τὸν
1260 3111 1387 3164 Θεὸν
1426 3113 1642 3181 ἐπάγειν
1683 3113 1777 3176 τὰς

210 3203 508 3266 κολάσεις,
561 3201 637 3264 ὡς
683 3199 748 3252 ἂν
793 3199 1062 3268 ὲμὲσαιεν,
1114 3199 1205 3252 καὶ
1252 3200 1634 3254 ἀποκενὼσειεν
1683 3202 1780 3274 τὴν

213 3293 614 3348 πλεονάσασαν
641 3291 698 3343 ἑν
728 3290 904 3350 αὐτοῖς
937 3288 1149 3341 κακίαν·
1183 3289 1272 3342 καὶ
1299 3287 1513 3358 πρώτην
1534 3306 1594 3357 γε
1615 3289 1778 3359 αὐτὴν

213 3387 318 3456 τὴν
368 3380 731 3451 Ἰερουσαλὴμ
756 3378 847 3432 τοῦ
880 3378 1149 3448 λεχθέντος
1181 3378 1338 3430 ποτοῦ
1375 3379 1635 3433 πιεῖσθαι·
1663 3377 1778 3432 εἶτα

213 3473 275 3529 δὲ
316 3472 395 3526 τὰ
438 3471 605 3524 λοιπὰ
638 3469 784 3539 ἔθνη,
814 3468 888 3530 ὡς
914 3468 1004 3520 καὶ
1036 3466 1244 3520 πάντων
1267 3468 1362 3536 τῆς
1388 3467 1574 3536 ὁμοίας
1602 3468 1780 3532 τευξο-

217 3562 413 3636 μένων
459 3560 778 3629 καθάρσεως
823 3558 908 3614 διὰ
955 3557 1059 3609 τῶν
1112 3555 1553 3625 ἑπαχθησομὲνων
1603 3557 1778 3618 αὐτοῖς

212 3649 539 3723 τιμωριῶν.
583 3647 691 3699 Καὶ
732 3645 790 3698 τὸ
828 3645 994 3714 παρὸν
1026 3639 1115 3696 οὖν
1148 3643 1318 3710 λόγιον
1353 3643 1691 3712 καταλλήλως
1711 3645 1776 3714 τῇ

215 3738 550 3812 προφητικῇ
602 3731 912 3800 διδασκαλίᾳ
958 3733 1208 3802 ποτήριον
1255 3725 1390 3782 εἶναι
1439 3728 1668 3781 διδάσκει
1722 3731 1778 3781 ἐν

216 3829 374 3902 χειρὶ
400 3824 635 3895 Κυρίου,
658 3823 714 3873 ἑν
738 3814 780 3886 ᾧ
799 3820 919 3882 τοὺς
942 3820 1163 3872 ἑκάστου
1186 3819 1423 3886 καρποὺς
1446 3815 1775 3884 συναγαγὼν,

219 3919 421 3988 ὥσπερ
460 3916 699 3985 ἄκρατον
741 3907 876 3964 οῐνον
918 3907 1216 3981 ἐργάζεται.
1265 3904 1372 3960 Εῐτ’
1415 3908 1679 3960 ἐπιδίδωσι
1721 3906 1778 3960 ea

217 4012 350 4066 κατ’
376 4005 541 4070 ἀξίαν
569 4003 716 4071 πόμα
741 3999 1011 4066 ἀναλόγως
1033 4001 1147 4060 ταῖς
1169 3999 1389 4051 ἑκάστου
1423 3997 1643 4067 πράξεσι
1670 4013 1781 4066 κιρ-

218 4099 335 4153 νῶν
387 4094 526 4148 αὐτὸ
566 4089 705 4159 κατὰ
741 4089 829 4141 τὸν
860 4087 952 4141 τοῦ
982 4087 1183 4140 δικαίου
1227 4087 1398 4154 λόγον.
1437 4086 1526 4157 Μὴ
1553 4086 1658 4157 γὰρ
1682 4087 1778 4150 τὰς

219 4187 443 4258 φαύλας
484 4181 711 4252 πράξεις
749 4179 909 4248 μόνας
957 4177 1203 4240 ἑκάστου,
1238 4175 1373 4230 ἀλλὰ
1404 4175 1618 4238 καὶτὰς
1642 4177 1778 4243 ἀγα-

221 4281 326 4341 θὰς
349 4269 688 4340 λογίζεσθαι,
715 4265 1044 4336 σταθμᾶσθαι
1071 4281 1129 4316 τε
1157 4264 1337 4333 ὥσπερ
1363 4264 1664 4334 συμμετρίᾳ
1688 4264 1780 4316 καὶ

1884 537 2054 588 minus
2093 533 2230 587 Deus
2270 532 2439 586 Israel
2469 534 2534 586 ad
2565 550 2643 586 me
2665 572 2680 598 ,
2713 533 2867 588 Sume
2894 536 3107 589 calicem
3137 539 3240 591 uini
3271 542 3400 592 meri

1884 625 1945 678 de
1988 639 2142 676 manu
2187 638 2320 688 mea,
2385 633 2432 676 et
2473 623 2673 692 potabis
2715 625 2826 690 ipso
2870 641 3041 679 omnes
3084 636 3290 696 gentes,
3333 630 3400 682 ad

1881 731 2008 782 quas
2035 729 2124 782 ego
2154 713 2354 765 mittam
2383 721 2446 766 te.
2477 712 2542 764 Et
2575 711 2741 765 bibent
2767 721 2816 766 et
2846 723 3041 766 voment
3068 725 3115 768 et
3144 717 3400 772 insanient

1879 817 1915 854 a
1935 801 2064 868 [acie
2084 801 2274 870 gladii,
2297 816 2441 868 quem
2466 817 2552 868 ego
2574 801 2775 852 mittam
2796 802 2852 853 in
2873 802 3092 855 medium
3110 820 3304 858 eorum.
3331 805 3400 858 Et

1883 894 2051 961 accepi
2094 893 2304 945 calicem
2343 892 2404 944 de
2447 907 2603 944 manu
2645 891 2888 954 Domini,
2929 902 2975 944 et
3013 895 3185 960 potavi
3226 883 3425 950 omncs'

1879 991 2047 1049 gentes
2096 981 2163 1034 ad
2193 998 2317 1050 quas
2348 983 2485 1034 misit
2514 997 2590 1034 me
2622 979 2904 1034 Dominus:
2931 981 3221 1037 Jerusalem
3245 995 3296 1040 et
3321 987 3400 1040 ci-

1880 1067 2059 1120 vitates
2083 1067 2220 1122 Iuda
2241 1107 2254 1131 ,
2282 1084 2419 1136 reges
2447 1068 2556 1136 ejus
2583 1078 2631 1122 et
2661 1070 2913 1135 principes
2942 1071 3052 1138 ejus
3069 1109 3084 1134 ,
3115 1072 3182 1124 ad
3208 1087 3402 1140 ponen-

1876 1157 2001 1210 dum
2030 1175 2115 1212 eos
2143 1159 2197 1210 in
2226 1158 2554 1212 solitudinem
2575 1197 2589 1221 ,
2619 1159 2673 1210 in
2704 1159 2926 1222 inviam,
2954 1170 3002 1212 et
3029 1161 3083 1213 in
3111 1162 3404 1218 subsanna-

1881 1246 2065 1298 tionem
2089 1256 2180 1300 :et
2205 1245 2529 1300 Pharaonem
2557 1263 2718 1315 regem
2744 1247 2957 1316 Egypti
2975 1290 2988 1311 ,
3014 1259 3062 1302 et
3083 1267 3268 1318 pueros
3287 1253 3400 1322 ejus

1876 1344 1926 1388 et
1953 1337 2223 1402 optimates
2248 1337 2363 1403 ejus
2395 1338 2434 1367 ’δ’
2461 1353 2476 1400 ;
2506 1351 2565 1388 ac
2596 1337 2846 1407 deinceps
2872 1339 2984 1391 ait:
3020 1338 3086 1392 Et
3114 1357 3286 1396 omnes
3315 1360 3401 1398 re-

1878 1437 1961 1490 ges
1990 1432 2138 1477 terrae
2172 1423 2604 1491 alienigenarum,
2633 1424 2968 1488 Ascalonem,
2999 1427 3196 1480 Gazam
3221 1441 3270 1484 et
3299 1436 3404 1484 Ac.

1877 1528 2115 1566 catonem
2134 1551 2150 1576 ,
2184 1512 2470 1566 Idumwam
2503 1522 2551 1566 et
2589 1513 2923 1568 Moabitidem
2949 1556 2961 1579 ,
2986 1519 3122 1584 ﬁlios
3141 1521 3360 1575 Ammon
3381 1559 3401 1585 ,

1877 1612 1924 1654 et
1951 1619 2119 1656 omnes
2147 1620 2284 1673 reges
2314 1603 2471 1672 Tyri,
2496 1613 2546 1657 ει
2573 1620 2744 1658 omnes
2775 1623 2913 1675 reges
2939 1607 3148 1661 Sidonis
3168 1648 3184 1672 ,
3208 1620 3259 1663 et
3291 1628 3404 1664 ont-

1877 1709 1963 1745 nes
1989 1709 2123 1762 reges
2148 1692 2340 1746 Imqu
2363 1702 2508 1746 trans
2533 1709 2673 1746 mare
2700 1694 2763 1748 “.
2797 1694 2987 1751 Postea
3012 1713 3140 1752 vero
3167 1701 3245 1753 sic
3271 1716 3406 1756 con-

1878 1781 2044 1834 cludit
2073 1801 2085 1835 :
2115 1781 2261 1835 Dixit
2291 1781 2539 1834 Dominus
2569 1784 2888 1851 omnipotens
2915 1785 3052 1840 Deus
3076 1786 3287 1844 Israel:
3309 1790 3405 1844 Bi-

1879 1868 1978 1922 bite
2002 1877 2050 1922 et
2082 1870 2436 1934 inebriamini,
2466 1880 2515 1923 et
2543 1874 2750 1925 vometis
2775 1911 2790 1934 ,
2819 1883 2868 1926 et
2900 1878 3244 1940 procumbetis
3265 1917 3281 1942 ,
3313 1897 3402 1934 nec

1878 1959 2147 2026 resurgetis
2172 1975 2202 2011 a
2223 1959 2355 2026 facie
2376 1959 2538 2027 gladii
2556 1998 2570 2021 ,
2593 1976 2741 2027 quem
2761 1977 2851 2030 ego
2876 1964 3077 2016 mittam
3100 1966 3151 2018 in
3179 1969 3401 2022 medium

1878 2048 2048 2099 vestri.
2075 2046 2140 2098 Et
2167 2049 2293 2111 erit,
2318 2048 2364 2100 si
2385 2049 2642 2101 noluerint
2667 2051 2892 2116 accipere
2916 2052 3131 2106 calicem
3155 2054 3216 2109 de
3241 2072 3402 2109 manu

1878 2143 1965 2185 tua
1983 2175 1999 2200 ,
2030 2144 2084 2186 ιιι
2112 2134 2314 2197 bibant,
2344 2135 2480 2188 dices
2509 2135 2575 2185 ad
2604 2151 2688 2188 eos
2710 2175 2725 2200 ,
2759 2135 2846 2190 Sic
2873 2137 2998 2190 dicit
3023 2139 3275 2195 Dominus
3304 2145 3405 2197 vir-

1878 2231 2070 2286 tutum,
2095 2224 2312 2276 bibentes
2342 2223 2519 2276 bibetis
2543 2225 2606 2278 ".
2637 2223 2797 2289 Queis
2817 2226 3093 2292 ediscitur,
3125 2229 3289 2285 Deum
3317 2234 3402 2288 in-

1877 2324 1988 2367 star
2023 2313 2213 2368 medici
2236 2351 2250 2376 ,
2290 2327 2528 2366 amarum
2554 2315 2850 2368 antidotum
2874 2318 3149 2386 egentibus
3175 2320 3364 2376 oil'erre
3380 2359 3400 2386 ,

1877 2417 2066 2470 nempe
2103 2401 2510 2470 castigationes,
2543 2409 2599 2455 ut
2629 2412 2908 2468 evomant,
2942 2405 3307 2475 malitiamque
3334 2409 3402 2463 il-

1876 2489 1981 2541 lam
2025 2489 2399 2544 exuberantem
2442 2503 2602 2558 quam
2641 2490 2786 2544 intus
2823 2491 3020 2549 habent
3065 2505 3398 2566 exonerent;

1877 2579 2210 2648 primamque
2239 2577 2535 2633 Jerusalem
2567 2594 2632 2634 eo
2662 2580 2828 2634 calice
2857 2583 3176 2650 potandam;
3210 2584 3401 2641 deinde

1877 2667 2108 2735 reliquas
2146 2677 2327 2737 gentes
2347 2707 2362 2731 ,
2403 2669 2527 2738 quia
2555 2682 2739 2723 omnes
2771 2668 2932 2723 simili
2964 2674 3275 2742 purgatione
3307 2689 3404 2743 per

1876 2756 2051 2811 illatas
2073 2757 2450 2827 castigationes
2475 2760 2766 2812 evacuandi
2787 2770 2931 2816 sunt.
2951 2763 3195 2818 Praisens
3223 2764 3404 2833 itaque

1877 2844 2137 2897 sententia
2174 2845 2394 2915 perinde
2439 2852 2600 2914 atque
2650 2847 2958 2916 prophetica
3005 2849 3092 2903 illa
3125 2850 3402 2916 doctrina,

1876 2933 2094 2987 calicem
2121 2949 2239 2988 esse
2262 2934 2414 2988 docet
2444 2935 2498 2988 in
2531 2949 2692 2989 manu
2719 2935 2968 3004 Domini;
3005 2941 3057 2994 in
3086 2955 3192 3010 quo
3219 2945 3404 3012 singu-

1877 3022 2048 3075 lorum
2085 3021 2290 3076 fructus
2340 3023 2632 3090 colligens,
2681 3025 2834 3092 quasi
2864 3041 3069 3081 merum
3104 3030 3282 3083 vinum
3310 3050 3404 3087 ex-

1877 3111 2075 3181 primit.
2117 3110 2316 3165 Deinde
2346 3127 2470 3166 vero
2501 3127 2597 3180 pro
2623 3113 2848 3179 justitize
2881 3117 3107 3180 ratione,
3141 3129 3192 3172 et
3218 3121 3404 3189 cujus-

1876 3216 1978 3270 que
2028 3201 2218 3253 merito
2258 3210 2440 3270 potum
2476 3209 2810 3270 temperans,
2835 3204 3095 3274 cujusque
3129 3209 3402 3266 actionum

1878 3288 2217 3356 proportione
2244 3288 2421 3340 habita
2443 3326 2458 3348 ,
2492 3289 2622 3356 ipsis
2655 3289 2938 3344 bibendum
2975 3293 3240 3362 propinat.
3282 3295 3403 3355 Non

1875 3363 2014 3432 enim
2047 3392 2206 3445 prava
2234 3378 2492 3431 duntaxat
2521 3379 2850 3448 singulorum
2881 3397 3044 3449 opera
3068 3421 3083 3446 ,
3115 3385 3207 3438 sed
3235 3390 3398 3443 etiam

1875 3468 2013 3520 bona
2039 3467 2390 3520 examinanda
2417 3475 2469 3520 et
2497 3483 2647 3537 aqua
2680 3470 2830 3526 lance
2861 3473 3202 3540 ponderanda
3229 3487 3358 3532 sunt
3393 3525 3398 3531 .

1875 3563 2033 3624 atque
2055 3563 2433 3626 congruentem
2463 3557 2791 3628 singulorum
2823 3565 3076 3630 operibus
3099 3575 3279 3634 potum
3313 3583 3402 3637 pa.

1876 3660 1994 3698 rare
2035 3661 2169 3714 opus
2217 3654 2318 3700 est.
2347 3645 2497 3711 Quod
2534 3647 2649 3716 ipse
2680 3649 2916 3704 declarat
2945 3652 3028 3707 liis
3056 3656 3231 3710 verbis
3258 3673 3270 3710 :
3328 3655 3398 3713 Et

1875 3733 2136 3787 inclinavit
2174 3749 2236 3787 ea:
2277 3734 2369 3786 hoc
2408 3735 2460 3787 in
2504 3736 2635 3799 hoc;
2677 3739 2748 3792 ita
2791 3747 2848 3792 ut
2885 3757 2991 3794 una
3031 3745 3400 3802 commistione

1876 3826 2013 3877 mala
2043 3825 2369 3893 singulorum
2397 3840 2556 3893 opera
2586 3828 2740 3882 bonis
2767 3837 3145 3900 temperentur.
3176 3833 3281 3890 Pro
3309 3837 3400 3892 illo

1876 3922 2051 3966 autem
2071 3952 2085 3974 ,
2121 3914 2398 3967 Inclinavit
2436 3931 2499 3970 ea:
2525 3916 2618 3969 hoc
2648 3918 2701 3969 in
2733 3918 2825 3970 hoc
2844 3957 2860 3982 ,
2903 3919 3285 3991 Symmachus,
3314 3925 3402 3980 Ita

1876 4015 1930 4056 ut
1960 4005 2166 4057 trahant
2192 4005 2254 4057 ab
2282 4007 2392 4074 ipso
2417 4045 2434 4071 ,
2466 4007 2842 4076 interpretatus
2874 4022 2954 4064 est
2982 4029 2996 4076 ;
3031 4021 3083 4065 et
3123 4023 3179 4068 ut
3215 4016 3400 4072 faecem

1877 4087 2060 4140 bibant
2089 4104 2274 4142 omnes
2305 4099 2616 4158 peccatores
2655 4101 2830 4146 terrae.
2882 4094 2997 4149 Non
3036 4099 3176 4151 enim
3216 4103 3400 4156 mistio

1875 4181 2200 4242 temperata,
2238 4176 2330 4229 sed
2360 4177 2500 4245 quod
2530 4186 2825 4231 extremum
2858 4194 2920 4232 ac
2962 4182 3229 4234 turbidum
3273 4194 3397 4252 est,

1875 4263 2114 4330 gravium
2142 4264 2399 4318 scelerum
2425 4265 2530 4318 reis
2555 4273 2874 4320 reservatur.
2903 4265 3078 4332 Quare
3106 4268 3401 4324 secundum

241 4362 570 4431 ιατάλληλον
612 4361 723 4420 τοῖς
777 4357 998 4410 ἑκάστου
1048 4353 1222 4424 ἔργοις
1264 4353 1670 4424 ἀπεργάσασθαι
1718 4355 1776 4407 τὸ

1879 4345 2250 4418 Symmachum
2275 4352 2476 4404 dictum
2499 4359 2581 4405 est
2601 4371 2612 4404 :
2630 4352 2984 4407 Verumtamen
3001 4355 3147 4422 faeces
3160 4358 3268 4428 ejus
3283 4368 3402 4427 gul-

220 4458 444 4527 κρᾶμα.
481 4451 547 4503 Ὃ
566 4449 631 4518 δὴ
658 4445 946 4516 παρίστησι
972 4441 1140 4508 λὲγονο
1167 4440 1276 4494 Kal
1298 4443 1531 4494 ἔκλινεν
1550 4442 1618 4494 ἐκ
1644 4444 1774 4496 τού-

1879 4447 2026 4498 tatim
2055 4447 2336 4514 expriment
2362 4445 2581 4500 bibentes
2611 4448 2828 4514 improbi
2858 4459 3029 4505 terres.

220 4565 337 4602 του
371 4547 464 4609 είς
501 4542 703 4596 τοῦτο·
756 4537 829 4600 ὡς
881 4537 945 4589 ἂν
993 4534 1090 4605 μία
1125 4532 1330 4601 γένοιτο
1371 4535 1561 4604 κρᾶσις
1596 4534 1703 4588 τῶν
1739 4553 1797 4589 τε
1835 4539 2060 4590 ἑκάστου
2128 4538 2405 4610 μοχθηρῶν
2439 4537 2681 4610 πράξεων
2729 4539 2822 4592 καὶ
2865 4541 2971 4594 τῶν
3011 4543 3402 4614 χρηστοτέρων.

236 4636 392 4690 Ἀντὶ
430 4634 488 4687 δὲ
534 4629 652 4693 τοῦ,
706 4626 1036 4690 Ἑξέκλινεν
1098 4623 1165 4676 ἐκ
1202 4615 1412 4676 τούτου
1454 4627 1539 4688 είς
1583 4625 1775 4689 τοῦτο,
1815 4629 1843 4680 ὁ
1879 4629 2182 4700 Σύμμαχος,
2231 4631 2403 4696 Ὥστε
2450 4629 2646 4682 ἕλκειν
2694 4630 2791 4682 ἀπ’
2837 4633 3038 4696 αὐτοῦ,
3079 4636 3402 4704 ἡρμήνευσε·

219 4730 328 4797 τὴν
361 4728 422 4780 δὲ
458 4723 638 4794 τρύγα
675 4718 906 4772 πιεῖσθαι
932 4716 1134 4776 πάντας
1160 4715 1281 4775 τοὺς
1307 4715 1649 4786 ἁμαρτωλοὺς
1679 4718 1773 4786 τῆς
1808 4719 1927 4790 γῆς.
1962 4722 2150 4775 Οὐκέτι
2180 4722 2285 4791 γὰρ
2309 4722 2510 4790 κρᾶμα,
2532 4721 2664 4774 ἀλλὰ
2709 4722 2768 4774 τὸ
2809 4723 3028 4791 ἔσχατον
3065 4728 3155 4778 καὶ
3191 4725 3406 4796 θολερὸν

222 4821 342 4881 τοῖς
365 4817 439 4870 τὰ
462 4812 674 4884 μεγάλα
700 4807 1061 4881 ἡμαρτηκόσιν
1088 4805 1480 4860 ἁποκείσεσθαι.
1515 4808 1602 4859 Διὸ
1633 4808 1772 4862 κατὰ
1808 4812 1895 4863 τὸν
1922 4813 2205 4884 Σύμμαχον
2229 4813 2455 4884 εἴρηται·
2484 4813 2652 4882 Πλὴν
2698 4815 2802 4877 τὰς
2860 4817 3097 4886 τρυγίας
3123 4819 3406 4890 ἐκστραγ..

229 4911 435 4981 τιοῦσι
469 4909 745 4968 πίνοντες
768 4905 820 4955 οί
847 4899 1060 4968 φαῦλοι
1101 4897 1208 4964 τῆς
1240 4899 1368 4966 γῆς.

317 5025 462 5094 Ἐγὼ
492 5022 561 5074 δὲ
582 5017 890 5086 ἀπαγγελῶ
914 5019 998 5080 είς
1024 5015 1126 5068 τὸν
1148 5011 1345 5074 αἰῶνα,
1375 5014 1548 5080 ψαλῶ
1567 5015 1643 5078 τῷ
1662 5015 1778 5079 Θεῷ

240 5114 465 5169 Ἰακώϐ.
502 5111 583 5163 Τὰ.
610 5109 705 5177 μὲν
731 5105 1085 5176 προλεχθὲντα
1117 5102 1289 5154 πάντα
1317 5099 1440 5154 εἶπα
1467 5106 1576 5164 τοῖς
1607 5120 1780 5173 παρασ-

229 5203 501 5272 νομοῦσι,
559 5199 653 5250 καὶ
705 5195 1070 5264 διεστειλάμην
1126 5193 1293 5244 ἅπασι
1355 5193 1775 5261 μαρτυράμενος.

246 5292 393 5358 Ἐγὼ
429 5290 485 5341 δὲ
525 5289 553 5338 ὁ
584 5285 834 5353 ἀνωτέρω
866 5283 1044 5334 εἰπών·
1082 5278 1437 5345 Διηγήσομαι
1464 5278 1536 5330 τὰ
1560 5279 1776 5346 θαυμά-

230 5381 347 5434 dici
388 5395 526 5440 σου,
574 5376 717 5427 ὅταν
758 5371 914 5424 λάϐω
967 5369 1186 5436 καιρόν’
1243 5367 1332 5418 καὶ
1375 5366 1531 5418 πάλιν
1573 5369 1772 5435 ’φήσας-

250 5470 395 5537 Ἐγὼ
439 5467 766 5531 εὐθύτητας
807 5460 996 5527 κρινῶο
1049 5456 1142 5510 καὶ
1194 5452 1344 5517 αὖθις
1400 5453 1584 5507 simiw'
1643 5456 1778 5508 ’Ew},

1946 5015 2106 5071 Vens.
2139 5017 2224 5081 10,
2259 5015 2346 5068 Η.
2381 5013 2487 5083 Ego
2509 5024 2680 5067 autem
2701 5017 3021 5069 annuntiabo
3043 5017 3098 5068 in
3117 5019 3365 5072 swculum
3380 5058 3396 5080 .

1875 5103 2092 5156 cantabo
2125 5101 2231 5154 Deo
2258 5100 2440 5153 Jacob.
2476 5099 2646 5168 Supra
2679 5112 2972 5156 memorata
3003 5106 3180 5158 omnia
3213 5107 3395 5174 inique

1875 5193 2152 5260 agentibus
2188 5190 2322 5251 dixi,
2363 5197 2417 5242 et
2461 5195 2793 5242 cuntestatus
2834 5193 3087 5246 omnibus
3137 5201 3400 5262 praecepta

1875 5277 2018 5332 dedi.
2045 5281 2151 5348 Ego
2175 5291 2298 5330 vero
2319 5275 2408 5341 qui
2430 5277 2678 5343 superius
2700 5275 2838 5339 dixi,
2869 5275 3109 5332 Narrabo
3135 5280 3400 5335 mirabilia

1872 5379 1983 5430 tua,
2013 5384 2126 5420 cum
2157 5379 2389 5429 accepero
2425 5372 2622 5431 tempus
2653 5365 2719 5397 "‘
2747 5381 2761 5428 ;
2795 5380 2857 5418 ac
2888 5381 3102 5420 rursum
3130 5385 3144 5422 :
3179 5368 3288 5436 Ego
3316 5384 3401 5422 re»

1881 5458 2151 5510 ctitudines
2191 5451 2425 5514 iudicabo
2459 5452 2545 5513 u’;
2585 5457 2920 5518 iterumque,
2956 5455 3062 5524 Ego
3100 5457 3402 5526 confirmari

224 5637 228 5640 ’
319 5620 357 5652 ⁸¹
393 5619 482 5674 δεῖ
538 5630 664 5672 Ην,
701 5609 881 5663 1549-
955 5609 996 5640 δ’
1033 5607 1161 5659 ibid.
1193 5604 1378 5660 20-22.
1455 5608 1497 5640 "
1535 5606 1659 5660 ibid.
1686 5607 1755 5659 ‘37
1807 5609 1896 5665 9.8.
1943 5607 2386 5680 _"‘Psal.l.xxw,
2416 5603 2470 5668 ‘2,
2496 5605 2549 5659 5,
2620 5607 2662 5637 λδ
2690 5605 2794 5658 ibid
2849 5607 2882 5659 '5

521 5711 791 5767 Ρλτιιοι..
824 5702 937 5759 Gn.
969 5699 1195 5757 XXIII.

2979 5703 3056 5763 28
