3796 6360
235 359 347 428 εἰῖ

1368 385 1854 440 L‘OMMENTARIA
1893 388 1953 440 IN
1991 390 2318 445 PSAL‘MOS.

3317 397 3416 450 878

247 473 463 572 γονέναι
489 475 578 531 τὸν
605 481 772 540 τόπον
798 491 981 544 αὐτοῦ·
1013 495 1102 548 καὶ
1124 495 1170 548 οἱ
1201 495 1371 547 λοιποὶ
1405 497 1458 548 δὲ
1490 493 1801 566 ἑρμηνευταὶ

1906 498 2097 554 lsraele
2141 507 2293 563 sunt,
2334 498 2492 553 lsrael
2525 516 2680 554 esse:
2730 518 2898 572 neque
2939 513 3198 572 quotquot
3239 521 3419 561 semen

251 569 442 626 τοῦτον
472 571 822 644 ἡρμήνευσαν
846 583 936 634 τὸν
962 585 1177 654 τρόπον,
1200 586 1268 637 ἐν
1292 586 1496 654 Σαλήμ
1522 587 1804 641 ἐκδεδωκό-

254 681 374 726 τες.
425 662 484 714 '0
511 662 566 715 δὲ
587 667 701 728 τοῖς
727 667 892 733 θείοις
913 672 1137 742 δόγμασι
1169 674 1651 743 μεμαθητευμένος,
1686 693 1805 728 παι-

251 753 492 816 δευθεὶς,
523 754 604 807 ὅτι
631 757 694 808 οὐ
728 759 928 823 πάντες
964 763 1009 813 οἱ
1041 763 1096 827 ἐξ
1142 764 1350 834 Ἰσραὴλ
1385 757 1525 817 οὗτοι
1569 765 1800 834 Ἰσραὴλ,

250 844 382 895 οὐδὲ
430 845 545 898 ὅσοι
586 846 803 918 σπέρμα
853 851 1097 920 Ἀϐραάμ
1132 855 1255 916 εἰσι,
1297 855 1489 915 πάντες
1526 855 1700 906 τέκνα·
1743 857 1802 906 οὐ

246 931 456 1003 γὰρτὰ
474 934 638 987 τέκνα
661 937 758 1004 τῆς
786 940 980 1007 σαρκὸς
1001 941 1164 993 ταῦτα
1185 943 1342 994 τέκνα
1390 944 1479 996 τοῦ
1509 945 1657 1007 Θεοῦ,
1675 945 1805 997 ἀλλὰ

243 1019 322 1070 τὰ
351 1021 529 1073 τέκνα
570 1023 668 1091 τῆς
706 1025 1026 1092 ἐπαγγελίας
1057 1028 1321 1096 λογίζεται
1363 1033 1438 1092 εἰς
1469 1031 1698 1101 σπέρμα·
1728 1031 1803 1084 ἔτι

240 1124 308 1160 τε
357 1109 678 1172 ἐπακούσας
721 1113 813 1164 τοῦ
859 1116 1018 1168 αὐτοῦ
1064 1117 1372 1170 Ἀποστόλου
1412 1115 1670 1186 λέγοντος,
1725 1124 1804 1173 Οὐ

241 1195 366 1265 τὰρ
409 1201 446 1250 ό
491 1199 564 1250 ἐν
617 1199 695 1263 τῷ
717 1202 944 1270 gem-81x?)
991 1205 1258 1270 Ἰουδαῖός
1289 1208 1473 1270 ἐστιν,
1507 1209 1642 1261 οὐδὲ
1676 1210 1711 1275 ἠ
1739 1211 1806 1262 ἐν

239 1283 330 1349 τῷ
361 1287 608 1354 φανερῷ
637 1290 704 1340 ἐν
735 1292 906 1357 σαρκὶ
939 1294 1230 1361 περιτομή
1259 1296 1392 1348 ἀλλ’
1427 1299 1458 1348 d
1479 1298 1547 1349 ἐν
1569 1296 1646 1360 τῷ
1669 1317 1803 1365 κρυ-

238 1374 382 1438 πτῷ
441 1376 743 1442 Ἰουδαῖος,
796 1381 890 1431 καὶ
933 1382 1206 1450 περιτομὴ
1257 1383 1497 1451 καρδίας
1534 1386 1602 1437 ἐν
1635 1388 1807 1438 πνεύ-

230 1482 414 1533 ματι,
455 1469 530 1518 οὐ
561 1467 864 1534 γράμματι·
897 1465 967 1522 οὗ
1002 1473 1033 1522 ὁ
1069 1470 1307 1535 ἔπαινος
1343 1474 1450 1540 οὐκ
1490 1472 1556 1534 ἐξ
1595 1473 1806 1541 ἀνθρώ-

237 1569 408 1617 πων,
461 1557 599 1608 ἀλλ’
641 1557 708 1606 ἐκ
753 1556 856 1608 τοῦ
903 1557 1063 1610 Θεοῦ·
1110 1561 1199 1610 καὶ
1244 1559 1417 1612 πάλιν·
1473 1561 1656 1636 ᾘμεῖς
1697 1562 1804 1629 γάρ

233 1646 450 1713 ἐσμεν
481 1647 554 1698 ἐν
583 1647 862 1716 περιτομῇ
893 1651 945 1700 ol
973 1649 1040 1700 ἐν
1071 1649 1352 1716 πνεύματι
1392 1649 1535 1701 Θεοῦ
1562 1653 1804 1717 λατρεύ-

234 1753 452 1800 οντες,
487 1735 587 1788 καὶ
613 1739 720 1790 οὐκ
751 1739 818 1790 ἐν
844 1737 1014 1805 σαρκὶ
1040 1740 1394 1802 πεποιθότες-
1435 1737 1512 1788 ἔτι
1554 1739 1655 1808 μὴν
1691 1742 1806 1792 ἐπι-

1899 587 2194 653 Abraham,
2233 589 2370 644 ﬁlios
2410 590 2530 658 ejus
2570 604 2688 643 esse
2725 610 2738 643 :
2771 606 2876 644 non
2908 593 3049 645 enim
3081 594 3173 648 ﬁlii
3201 598 3380 650 carnis
3402 634 3420 659 .

1902 676 1936 728 ii
1968 677 2058 728 lilii
2093 676 2181 731 Dei
2215 684 2370 740 sunt,
2402 676 2494 731 sed
2537 677 2628 730 ﬁlii
2672 680 3076 746 promissionis,
3120 681 3157 732 ii
3199 697 3296 750 pro
3335 697 3421 736 se-

1901 766 2043 819 mine
2075 775 2488 836 computantur;
2517 782 2638 820 cum
2671 768 2898 822 audierit
2938 770 3062 824 item
3104 772 3234 825 illud
3279 775 3422 842 Apo-

1901 851 2022 903 stoli
2053 852 2284 916 dictum,
2319 853 2438 906 Non
2471 855 2602 905 enim
2639 856 2725 921 qui
2765 856 2817 907 in
2862 857 3164 923 manifesto,
3205 860 3418 914 Judwus

1900 948 1974 991 est
1995 977 2009 1002 ,
2039 956 2190 1008 neque
2218 957 2331 1008 qua:
2357 943 2409 993 in
2445 929 2717 1008 manifesto
2759 944 2811 994 in
2839 959 2991 996 carne
3027 953 3103 997 est
3149 947 3422 1001 circumci-

1901 1029 2013 1088 sio;
2040 1031 2124 1080 sed
2145 1030 2232 1097 qui
2253 1031 2304 1080 in
2327 1031 2643 1090 abscondito,
2664 1031 2877 1086 Judtrus
2901 1044 2975 1087 est
2993 1050 3012 1086 :
3032 1044 3081 1087 et
3101 1037 3422 1090 circumcisio

1904 1116 2070 1168 cordis
2101 1119 2154 1168 in
2187 1118 2394 1184 spiritu,
2430 1134 2527 1170 non
2560 1119 2753 1183 littera,
2786 1121 2931 1188 cujus
2965 1124 3080 1176 laus
3110 1140 3211 1176 non
3241 1140 3302 1177 ea:
3329 1125 3422 1179 lto-

1904 1204 2156 1267 minibus,
2189 1205 2276 1257 sed
2309 1220 2370 1256 ex
2405 1205 2511 1258 Deo
2538 1217 2613 1259 est
2647 1208 2718 1272 ‘9;
2751 1223 2814 1262 ac
2854 1224 3100 1274 rursum,
3149 1211 3258 1265 Nos
3287 1215 3423 1266 enim

1901 1309 2076 1346 sumus
2103 1293 2157 1344 in
2186 1294 2570 1347 circumcisione
2595 1297 2679 1363 qui
2713 1297 2764 1347 in
2806 1298 2988 1363 spiritu
3021 1298 3115 1351 Dei
3138 1301 3381 1354 servimus
3403 1338 3421 1364 ,

1902 1397 2057 1450 neque
2097 1383 2151 1433 in
2195 1398 2350 1435 carne
2386 1383 2694 1452 conﬁdimus
2723 1387 2808 1451 5°;
2847 1403 2965 1440 cum
3008 1389 3424 1444 consideraverit

1902 1472 2059 1523 etiam
2093 1471 2220 1523 illud
2242 1511 2256 1534 ,
2291 1471 2542 1539 Respicite
2584 1472 2755 1526 Israel
2793 1478 3070 1528 secundum
3117 1495 3322 1530 carnem
3350 1481 3419 1541 δι,

1901 1566 2083 1627 utpote
2121 1561 2323 1614 scilicet
2359 1563 2462 1616 alio
2499 1565 2821 1628 exsistente,
2850 1566 2939 1634 qui
2977 1582 3084 1619 non
3126 1569 3419 1622 secundum

1901 1663 2114 1702 carnem
2135 1688 2150 1712 ,
2183 1649 2274 1704 sed
2301 1652 2592 1705 secundum
2625 1654 2869 1721 spiritum
2900 1671 3059 1711 verus
3099 1656 3260 1712 Israel
3296 1668 3376 1712 est
3404 1678 3418 1724 ;

1901 1737 2012 1790 haec
2040 1739 2262 1794 edoctus
2282 1779 2296 1803 ,
2327 1756 2510 1795 verum
2542 1742 2787 1796 lsraelem
2817 1744 3059 1798 admittet
3088 1763 3207 1801 eum
3237 1750 3327 1816 qui
3355 1767 3420 1803 ex

237 1827 468 1895 στήσας
495 1827 578 1888 τὸ,
613 1825 866 1878 Βλέπετε
909 1826 1010 1878 τὸν
1051 1826 1278 1894 Ἰσραὴλ
1310 1827 1455 1878 κατὰ
1483 1826 1691 1894 σάρκα,
1730 1830 1801 1892 ὡς

1901 1840 2058 1894 opere
2085 1828 2497 1885 demonstratur.
2527 1831 2727 1886 Nomen
2757 1848 2914 1901 porro
2942 1837 3199 1903 accipitur
3230 1815 3326 1906 pro
3356 1856 3421 1893 eo

234 1917 449 1986 ἑτέρου
483 1915 638 1978 ὄντος
668 1915 760 1967 τοῦ
791 1917 862 1985 μὴ
885 1916 1021 1968 κατὰ
1054 1917 1244 1983 σάρκα,
1278 1916 1409 1968 ἀλλὰ
1430 1916 1566 1968 κατὰ
1593 1919 1803 1987 πνεῦμα

232 2006 515 2076 ἀληθινοῦ
562 2006 790 2074 Ἰσραήλ·
816 2006 1016 2068 τούτοις
1048 2005 1533 2076 μεμαθητευμὲνος,
1562 2007 1649 2057 τὸν
1679 2005 1804 2075 ἁλη-

234 2097 398 2150 θινὸν
447 2094 665 2165 Ἰσραὴλ
696 2095 959 2157 ἐκδέξεται
990 2092 1123 2149 εἶναι
1152 2095 1239 2147 τὸν
1269 2097 1332 2147 ὲκ
1365 2095 1456 2147 τοῦ
1492 2096 1804 2166 πράγματος

237 2187 678 2256 σημαινόμενον.
712 2183 1189 2253 Μεταλαμϐάνεται
1210 2183 1336 2252 γοῦν
1362 2184 1588 2254 τοῦνομα
1614 2189 1688 2247 εἰς
1714 2187 1802 2238 τὸν

233 2279 469 2348 ὁρῶντα
495 2277 590 2328 τὸν
619 2276 766 2328 Θεόν·
795 2275 884 2326 τὸν
925 2275 1219 2344 διορατικὸν
1259 2275 1432 2326 τοίνυν
1459 2275 1550 2327 καὶ
1579 2292 1801 2342 γνωστι-

235 2367 344 2419 κδν
372 2366 473 2418 καὶ
507 2362 920 2433 ἐπιστημονικὸν
950 2363 1110 2431 ἄνδρα
1148 2363 1302 2431 μόνον
1339 2358 1470 2415 εἶναι
1507 2363 1592 2414 τὸν
1623 2364 1803 2432 ἀληθι-

234 2457 338 2507 νὸν
376 2454 600 2524 Ἰσραὴλ
620 2455 986 2520 ἀποφανεῖται’
1011 2452 1067 2502 ὃν
1088 2453 1120 2520 ἠ
1153 2450 1286 2519 μετὰ
1309 2454 1489 2520 χεῖρας
1513 2452 1801 2522 παρίστησι

234 2544 399 2607 λέξις
447 2543 750 2611 φάσκουσα·
801 2543 894 2592 Ἐν
931 2540 1007 2604 τῷ
1052 2540 1283 2608 Ἰσραὴλ
1322 2539 1470 2607 μέγα
1512 2541 1577 2594 τὸ
1621 2542 1802 2609 ὄνομα

234 2632 464 2688 αὑτοῦ.
507 2631 746 2700 Ἐλέγχει
777 2630 833 2681 δὲ
861 2630 947 2681 τὸν
985 2629 1226 2682 Ἰουδαῖον
1253 2631 1348 2682 οὐκ
1385 2631 1527 2693 ἄξιον
1557 2631 1679 2683 ὄντα
1702 2631 1800 2699 τῆς

237 2721 634 2794 προσηγορίας
665 2719 756 2770 τοῦ
794 2719 1003 2788 Ἰσραὴλ
1047 2722 1074 2772 ὁ
1119 2722 1441 2790 προφητικδς
1481 2721 1630 2787 λόγος
1671 2721 1800 2772 ἀπο-

234 2814 566 2882 τεινόμενος
588 2810 722 2880 πρὸς
743 2810 932 2871 αὐτοὺς
954 2810 1042 2861 καὶ
1063 2809 1247 2876 λέγων·
1275 2810 1414 2862 Οὐαὶ
1439 2811 1609 2874 ἕθνος
1631 2811 1800 2877 ἀμαρ-

234 2900 472 2965 τωλὸν,
517 2900 668 2962 λαὸς
703 2897 934 2965 πλήρης
973 2896 1274 2964 ἁμαρτιῶν·
1334 2898 1444 2961 καὶ,
1495 2899 1799 2950 Ἀκούσατε

235 2982 445 3058 ⁸ἱόγον
478 2989 723 3055 Kvp/ov,
751 2986 1027 3055 ἄρχοντες
1053 2987 1338 3053 Σοδόμων·
1367 2986 1682 3054 προσέχετε
1704 2989 1799 3038 νό-

231 3098 368 3150 μον
403 3078 576 3139 Θεοῦ,
625 3078 770 3140 λαὸς
801 3077 1119 3142 Γομόρῤας.
1157 3077 1358 3146 Ὥσπερ
1401 3073 1490 3129 οῦν
1524 3078 1551 3128 ὁ
1583 3077 1796 3143 φάσκων

237 3169 383 3239 περὶ
417 3166 527 3217 τῶν
553 3164 737 3216 εθνῶν⁹
766 3164 904 3218 Διότι
932 3164 1022 3215 ἀπ’
1043 3164 1304 3216 ἀνατολῶν
1340 3165 1484 3233 ἡλίου
1528 3164 1681 3235 μέχρι
1709 3165 1797 3216 δυ-

241 3256 413 3326 σμῶν
438 3254 746 3316 δεδόξασται
777 3254 836 3305 τὸ
862 3253 1025 3321 ὄνομα
1057 3253 1213 3305 αὑτοῦ
1251 3256 1308 3304 ὲν
1341 3257 1448 3314 τοῖς
1485 3253 1675 3317 ἔθνεσι,
1705 3253 1799 3307 καί

235 3347 318 3399 ἐν
353 3342 544 3394 παντὶ
578 3341 734 3404 τόπῳ
765 3341 1016 3406 θυμίαμα
1058 3340 1406 3407 προσάγεται
1447 3340 1524 3404 τῷ
1565 3342 1799 3408 ὀνόματί

233 3451 392 3505 μου,
435 3431 538 3483 καὶ
577 3431 754 3482 θυσία
795 3428 1030 3495 καθαρά·
1072 3432 1162 3482 καὶ
1191 3431 1363 3482 πάλιν⁸
1393 3431 1540 3482 Διότι
1559 3429 1708 3497 μέγα
1734 3429 1798 3482 τὸ

241 3521 448 3591 ὄνομά
478 3538 599 3588 μου
629 3520 696 3570 ἐυν
728 3518 848 3583 τοῖς
882 3520 1096 3578 ἔθνεσι,
1130 3519 1309 3586 σαφῶς
1337 3520 1618 3588 παρίστησι
1649 3519 1800 3570 δύνα-

245 3615 380 3668 σθαι
409 3613 484 3663 τὰ
508 3610 632 3679 ἔθνη
662 3606 795 3661 εἶναι
815 3609 902 3659 τὸν
939 3607 1163 3676 Ἰσραὴλ,
1197 3607 1348 3678 εἴπερ
1372 3609 1439 3660 ἐν
1460 3607 1535 3672 τῷ
1569 3608 1799 3675 Ἰσραὴλ

235 3702 408 3774 μέγα
436 3699 506 3752 τὸ
534 3699 719 3765 ὄνομα
741 3695 940 3748 αὑτοῦ.
968 3696 1072 3749 Καὶ
1102 3696 1232 3764 πρὸς
1259 3696 1351 3764 μὲν
1389 3697 1665 3758 Ἰουδαίους
1691 3697 1802 3748 ἐλέ-

241 3809 400 3862 γετο·
419 3787 608 3856 Ὑμεῖς
621 3783 1014 3850 δὲβεὸηλοῦτε
1026 3785 1187 3847 αὐτὸ,
1205 3784 1356 3852 δῆλον
1373 3785 1416 3837 δ’
1441 3786 1521 3836 ὅτι
1535 3785 1593 3836 τὸ
1637 3785 1800 3852 ὄνομα

241 3884 346 3938 τοῦ
377 3879 541 3934 Θεοῦ.
576 3878 685 3931 Kal.
715 3873 863 3938 αὖθις
897 3876 1103 3946 εἴρηται
1145 3874 1277 3944 πρὸς
1309 3875 1515 3938 αὐτούς·
1550 3877 1626 3927 Δι’
1649 3875 1799 3943 ὑμᾶς

243 3968 592 4033 διαπαντὸς
629 3968 692 4020 τὸ
738 3965 918 4034 ὄνομά
959 3982 1074 4033 μου
1114 3964 1550 4032 βλασφημεῖται
1583 3965 1650 4016 ἐν
1679 3964 1800 4029 τοῖς

243 4065 522 4117 ἔθνεσιν.
571 4059 633 4110 El
669 4055 840 4109 τοίνυν
877 4056 908 4124 ή
947 4054 1078 4123 μετὰ
1122 4057 1304 4121 χεῖρας
1340 4054 1523 4122 Γραφὴ
1570 4053 1799 4105 διδάσκει

243 4155 468 4205 ικεῖνον
496 4143 634 4199 εἶναι
663 4145 750 4196 τὸν
793 4143 1020 4212 Ἰσραὴλ,
1053 4145 1178 4212 παρ’
1272 4142 1330 4192 τὸ
1364 4141 1456 4193 τοῦ
1487 4140 1616 4193 Θεοῦ
1648 4140 1798 4202 δοξὰ-

246 4243 411 4308 ζεται
441 4239 635 4306 ὄνομα,
668 4237 732 4286 ὲκ
759 4233 864 4285 τῶν
892 4231 1182 4302 εἰρημένων
1207 4231 1392 4298 γένοιτ’
1417 4232 1481 4284 ἂν
1512 4231 1800 4301 κατάδηλος

243 4335 280 4386 ὸ
321 4327 563 4398 ὀφείλων
612 4322 856 4389 λέγεσθαι
887 4319 1082 4389 κυρίως
1135 4320 1358 4388 Ἰσραήλ,
1421 4320 1709 4388 ’Δναλόγως
1744 4321 1800 4372 δὲ

246 4420 436 4488 τούτῳ
470 4415 680 4484 νοήσεις
708 4412 798 4463 καὶ
823 4409 917 4479 τὴν
962 4408 1230 4460 Ἰουδαίαν·
1274 4407 1396 4459 ἔνθα
1433 4408 1536 4477 γάρ
1580 4411 1722 4460 ἐστιν
1765 4412 1796 4479 ὴ
1831 4429 1874 4485 D

249 4509 462 4579 γνῶσις
488 4501 584 4555 τοῦ
619 4499 771 4564 Θεοῦ,
801 4497 935 4567 αῦτη
970 4497 1110 4548 ἐστὶν
1135 4499 1167 4566 ἡ
1213 4497 1451 4548 Ἰουδαία.
1484 4497 1649 4549 Τοῦτο
1675 4497 1799 4563 γοῦν

249 4601 291 4670 ή
330 4598 371 4649 Γ
378 4593 530 4667 ραφὴ
571 4589 860 4660 παρίστησι
891 4587 1132 4652 λέγουσιν
1161 4585 1434 4649 Γνωστὸς
1460 4587 1528 4638 ὲν
1558 4585 1629 4652 τῇ
1669 4586 1802 4638 Ἰου-

252 4689 398 4754 δαίᾳ
427 4689 460 4738 ὁ
495 4684 658 4745 Θεός.
690 4680 752 4730 Εἰ
778 4678 833 4730 δὲ
866 4676 937 4746 μὴ
962 4677 1019 4728 τὸ
1042 4677 1263 4745 πρᾶγμα
1291 4674 1380 4726 ἐπὶ
1404 4678 1496 4744 τῆς
1534 4675 1798 4737 Ἰουδαίας,

253 4777 405 4844 λέγω
424 4775 482 4825 δὲ
500 4772 599 4838 τῆς
623 4766 982 4820 Παλαιστίνων
1006 4764 1180 4833 χώρας
1206 4763 1517 4830 εὑρίσκοιτο,
1550 4763 1800 4854 πλείστης

257 4865 431 4933 οὔσης
461 4857 889 4926 είδωλολατρείας
912 4855 968 4906 ἐν
993 4855 1125 4922 αὐτῇ
1150 4853 1455 4922 γενομένης,
1477 4853 1648 4905 αὐτῶν
1680 4853 1799 4904 Ἰουέ

260 4957 431 5010 δαίων
459 4951 522 5004 τὸ
547 4948 764 5001 παλαιὸν
787 4944 1319 5013 είδωλολατρευόντων
1343 4943 1396 4993 ἐν
1418 4942 1570 5011 αὐτῇ,
1591 4943 1664 5002 ὡς
1682 4943 1804 5003 τοὺς

263 5045 557 5116 προφήτας
593 5036 905 5104 ἀπελέγχειν
949 5034 1137 5093 αὐτοὺς
1172 5031 1264 5116 καὶ
1299 5031 1493 5096 λέγειν·
1518 5030 1674 5082 Κατὰ
1697 5029 1805 5096 γὰρ

261 5115 372 5186 ter
397 5127 648 5199 ἀριθμὸν
675 5123 790 5177 τῶν
815 5121 1044 5176 πόλεών
1071 5135 1182 5172 σου
1206 5115 1364 5185 ἦσαν
1383 5119 1501 5170 θεοί
1522 5132 1634 5170 σου
1674 5119 1804 5169 Ἰού-

265 5223 362 5286 δα,
387 5221 485 5273 καὶ
515 5216 663 5270 κατὰ
681 5212 917 5281 ἀριθμὸν
935 5207 1206 5278 ἀμφόόων
1234 5205 1605 5273 Ἰερουσαλὴμ
1629 5207 1803 5258 ἔθυον

267 5311 343 5378 τῇ
379 5308 565 5362 Βαάλ·
594 5303 708 5364 πῶς
727 5300 940 5352 δυνατὸν
965 5298 1160 5365 ταύτην
1197 5291 1329 5346 εἶναι
1355 5293 1597 5361 λέγεσθαι
1618 5293 1712 5362 τὴν
1739 5294 1798 5345 τὸ

272 5393 510 5461 γνωστὸν
540 5389 631 5441 τοῦ
661 5384 793 5439 Θεοῦ
822 5383 1150 5452 κεκτημένην
1181 5379 1462 5442 Ἰουδαίανς
1509 5378 1605 5431 Διὰ
1648 5379 1700 5430 τί
1741 5379 1796 5431 δὲ

349 5605 392 5637 δ’
426 5604 582 5657 Rom.
638 5615 700 5665 ιι,
721 5598 812 5659 ‘28,
834 5596 932 5665 729.
1006 5596 1049 5665 θ’
1086 5591 1295 5665 Philipp

281 5673 363 5729 Η.
439 5675 482 5707 ⁵⁵
521 5669 652 5727 ibid.
685 5659 696 5665 ’
729 5666 775 5698 ⁵⁸
809 5664 934 5719 ibid.
969 5663 1047 5715 1‘2.
1122 5661 1166 5691 "
1200 5659 1300 5713 lSa.
1343 5675 1436 5724 LII,
1476 5659 1526 5712 5.

1302 5631 1315 5642 .
1352 5605 1435 5652 ιιι,
1470 5592 1524 5643 5.
1597 5593 1639 5623 ⁵¹
1679 5591 1850 5648 lCor.
1885 5611 1940 5656 ι,
1976 5594 2058 5646 i8.
2141 5593 2187 5623 "
2225 5589 2325 5642 lsa.
2363 5603 2414 5649 ι,
2449 5589 2504 5642 4.

1628 5659 1805 5731 "_Jcr.
1843 5679 1912 5727 ιι,
1944 5663 2031 5716 ‘28.
2105 5660 2144 5692 ’°
2184 5659 2285 5713 lsa.
2320 5665 2437 5722 XIX,
2477 5657 2558 5712 l9.

1901 1916 1991 1984 qui
2022 1917 2153 1970 videt
2183 1919 2384 1982 Deam;
2415 1936 2541 1990 ergo
2581 1922 2751 1975 virum
2799 1927 3186 1993 perspicacem,
3229 1928 3421 1982 notitia

1899 2007 2175 2076 praeditum
2207 2017 2259 2063 et
2288 2010 2538 2074 doctum,
2580 2012 2750 2064 solum
2789 2028 2907 2067 esse
2950 2031 3132 2068 verum
3172 2015 3419 2072 lsraelem

1899 2097 2224 2161 declarabit,
2266 2099 2473 2167 qualem
2520 2100 2632 2152 haec
2671 2101 2934 2154 sententia
2979 2103 3156 2170 prodit
3200 2105 3419 2170 dicens,

1901 2183 1964 2238 In
1989 2184 2156 2239 Israel
2181 2204 2420 2255 magnum
2446 2205 2624 2241 nomen
2646 2189 2777 2256 ejus.
2801 2190 3009 2244 Evincit
3033 2208 3158 2245 vero
3178 2191 3417 2248 Judaeum

1897 2272 2108 2330 lsraelis
2134 2277 2350 2330 nomine
2377 2278 2591 2346 dignum
2623 2295 2728 2332 non
2766 2294 2884 2334 esse
2914 2281 3258 2348 prephetieus
3305 2298 3419 2336 ser-

1898 2376 1985 2416 mo
2004 2401 2018 2424 ,
2048 2363 2138 2432 qui
2171 2364 2316 2432 ipsos
2342 2365 2560 2432 respicit
2592 2374 2644 2419 et
2671 2368 2748 2420 sic
2779 2367 2939 2420 habet
2967 2387 2980 2420 :
3022 2367 3106 2419 Va:
3135 2369 3272 2437 genti
3300 2386 3418 2437 pec-

1898 2449 2079 2502 catrici
2099 2489 2114 2512 ,
2138 2453 2323 2517 populo
2350 2451 2496 2518 pleno
2528 2455 2748 2518 peccatis
2783 2455 2827 2484 "
2849 2472 2864 2519 ;
2890 2461 2969 2518 et,
2999 2453 3186 2507 Audite
3214 2456 3419 2508 uerbum

1897 2537 2126 2606 Domini,
2154 2542 2404 2607 principes
2455 2540 2832 2595 Sodomorum:
2877 2543 3122 2597 attendite
3155 2544 3253 2612 legi
3277 2543 3377 2597 'Dei
3401 2587 3417 2610 ,

1896 2629 2110 2695 populus
2139 2628 2435 2682 Gomorrlm:
2462 2630 2527 2682 ⁸⁸.
2564 2630 3017 2696 Quemadmodum
3050 2634 3209 2686 etiam
3238 2635 3327 2702 qui
3354 2635 3420 2688 de

1893 2716 2143 2781 gentibus
2167 2717 2295 2770 dicit
2315 2757 2328 2779 ,
2361 2719 2426 2771 ab
2456 2720 2661 2773 oriente
2721 2720 2832 2773 sole
2884 2735 3050 2788 usque
3077 2721 3138 2774 ad
3167 2722 3416 2776 occiden-

1898 2811 2003 2856 tem
2023 2843 2036 2864 ,
2070 2804 2235 2872 gloria
2265 2806 2523 2859 celebrari
2561 2823 2748 2860 nomen
2783 2823 2942 2874 suum
2969 2810 3022 2862 in
3051 2812 3295 2877 gentibus
3323 2829 3337 2875 ;
3369 2822 3417 2864 et

1896 2893 1948 2944 in
1981 2895 2119 2945 onmi
2147 2894 2256 2946 loco
2278 2933 2292 2957 ,
2323 2895 2423 2956 ait,
2461 2895 2741 2963 thymiama
2770 2899 2984 2965 oﬁ‘ertur
3012 2902 3205 2952 nomini
3235 2919 3340 2955 meo
3370 2914 3419 2955 et

1897 2982 2209 3048 sacri/icium
2239 2984 2481 3035 mundum
2513 2986 2593 3048 5";
2623 2999 2683 3037 ac
2712 3002 2959 3049 rursum,
3003 2987 3136 3052 Quia
3180 3007 3419 3057 magnum

1897 3076 1971 3120 est
1995 3085 2176 3120 nomen
2198 3085 2363 3121 meum
2386 3071 2434 3121 in
2457 3070 2687 3136 gentibus
2707 3071 2750 3100 ⁸⁵
2773 3089 2784 3134 ;
2813 3080 2990 3137 aperte
3013 3073 3243 3125 declarat
3265 3090 3421 3141 posse

1897 3163 2082 3223 gentes
2111 3156 2272 3211 Israel
2301 3173 2418 3212 esse
2438 3197 2451 3219 ,
2484 3159 2743 3226 siquidem
2775 3160 2827 3210 in
2862 3157 3029 3211 Israel
3057 3177 3293 3229 magnum
3326 3180 3421 3215 no-

1898 3261 2009 3297 men
2038 3245 2168 3312 ejus.
2199 3244 2395 3299 Judaeis
2424 3261 2549 3298 vero
2580 3246 2889 3298 dicebatur:
2929 3245 3025 3297 Vos
3057 3257 3224 3298 autem
3247 3249 3421 3316 profa-

1895 3335 2032 3386 natis
2057 3334 2185 3386 illud
2212 3336 2276 3398 ⁸⁵,
2309 3335 2551 3388 videlicet
2580 3348 2770 3387 nomen
2802 3331 2910 3386 Dei.
2942 3332 3281 3404 Rursumque
3314 3338 3420 3392 illis

1896 3423 2098 3476 dictum
2140 3433 2257 3477 est:
2284 3423 2499 3489 Propter
2537 3440 2619 3475 vos
2658 3437 2848 3488 semper
2875 3439 3053 3474 nomen
3083 3425 3420 3478 meum-blaso

1895 3511 2164 3578 phematur
2203 3512 2254 3563 in
2296 3513 2527 3579 gentibus
2557 3513 2620 3563 ⁸⁷.
2658 3512 2713 3563 Si
2757 3513 2935 3578 itaque
2982 3513 3092 3564 haec
3144 3512 3419 3584 Scriptura

1894 3601 2047 3654 docet
2076 3601 2223 3653 illum
2255 3617 2374 3654 esse
2416 3600 2661 3654 lsraelem
2706 3616 2866 3669 penes
2915 3617 3070 3670 quem
3104 3620 3296 3658 nomen
3327 3605 3419 3659 Dei

1897 3691 2219 3752 celebratur,
2269 3705 2334 3744 ex
2368 3691 2477 3758 jam
2524 3690 2683 3743 dictis
2730 3692 3069 3746 manifestum
3122 3695 3280 3747 fuerit
3327 3697 3421 3763 qui

1895 3796 2020 3834 vere
2065 3789 2116 3834 et
2162 3781 2375 3849 proprie
2421 3779 2583 3834 Israel
2624 3783 2896 3837 vocandus
2925 3784 3013 3836 sit.
3070 3783 3422 3852 Proportione

1896 3869 2122 3937 quadam
2159 3869 2226 3922 de
2251 3868 2430 3922 Judaea
2466 3869 2603 3923 idem
2639 3870 2922 3940 intelligas.
2953 3871 3084 3924 Nam
3120 3873 3208 3924 ubi
3239 3873 3423 3941 cogni-

1895 3956 1972 4008 tio
2016 3955 2109 4010 Dei
2157 3964 2270 4021 est,
2319 3957 2394 4010 ibi
2443 3955 2622 4010 Iudaea
2669 3958 2897 4012 exsistit.
2947 3957 3098 4022 Quod
3135 3959 3217 4012 bis
3243 3960 3422 4014 verbis

1899 4046 2174 4115 Scriptura
2217 4046 2489 4100 declarat:
2527 4045 2697 4100 Notus
2739 4047 2791 4098 in
2835 4045 3022 4098 Judwa
3065 4046 3221 4100 Deus.
3269 4049 3421 4112 Quod

1898 4135 1942 4189 si
1973 4135 2024 4188 id
2057 4152 2162 4188 non
2188 4137 2242 4189 in
2269 4135 2448 4189 Iudaea
2471 4176 2484 4198 ,
2518 4137 2628 4189 sive
2659 4137 2710 4188 in
2739 4135 3139 4189 Palmstinerum
3170 4147 3310 4191 terra
3339 4153 3425 4193 re-

1899 4225 2118 4292 peritur,
2167 4240 2286 4277 cum
2322 4227 2486 4277 multa
2531 4224 2599 4276 ibi
2647 4224 2944 4276 idololatria
2998 4224 3175 4289 fuerit,
3207 4225 3423 4294 quando

1898 4314 2021 4365 olim
2065 4312 2230 4366 Judaei
2280 4313 2418 4366 idola
2462 4312 2741 4376 colebant,
2777 4316 2847 4364 ita
2878 4321 2935 4365 ut
2967 4315 3238 4382 prophetae
3275 4315 3422 4384 ipsos

1899 4411 2249 4472 coarguerent
2275 4419 2336 4457 ac
2363 4403 2600 4457 dicerent
2619 4442 2632 4462 ,
2673 4400 2810 4455 Nam
2841 4403 3117 4457 secundum
3154 4422 3420 4458 numerum

1902 4491 2164 4542 civitatum
2203 4500 2408 4542 tuarum
2439 4500 2583 4542 erant
2615 4489 2690 4541 dii
2730 4491 2824 4553 tui,
2861 4490 3036 4555 Juda,
3069 4503 3117 4546 et
3145 4495 3423 4547 secundum

1904 4594 2170 4631 numerum
2227 4579 2475 4631 biviorum
2547 4575 2837 4630 Jerusalem
2895 4581 3262 4647 sacriﬁcabant
3329 4583 3426 4648 ipsi

1902 4668 2038 4720 Baal
2067 4668 2131 4727 ⁵⁸,
2161 4668 2250 4736 qui
2285 4667 2396 4719 ﬁeri
2423 4676 2596 4734 potest
2624 4666 2760 4718 banc
2788 4666 2892 4718 dici
2920 4664 3156 4721 Iudaeam
3191 4685 3307 4736 qua:
3335 4686 3426 4723 no-

1903 4756 2074 4808 titiam
2105 4756 2197 4808 Dei
2231 4755 2507 4808 obtineat?
2536 4753 2645 4807 Cur
2671 4755 2796 4806 item
2824 4769 2931 4809 non
2965 4756 3115 4810 dicas
3145 4755 3423 4826 Egyptioo

1900 4861 2018 4898 rum
2049 4847 2314 4914 regionem
2342 4859 2405 4897 eo
2433 4844 2688 4897 vocabulo
2715 4846 2960 4913 dignam,
2991 4847 3056 4900 de
3085 4862 3187 4914 qua
3223 4847 3422 4904 dictum

1901 4943 2015 5000 est,
2057 4934 2123 4986 Et
2151 4935 2244 4986 erit
2275 4933 2437 4984 altare
2465 4931 2683 4984 Domino
2719 4934 2768 4984 in
2802 4943 2939 4986 terra
2984 4933 3198 5002 /Egypti
3225 4936 3307 5002 ³⁹;
3359 4952 3422 4989 ac

1902 5037 2119 5082 rursus,
2169 5022 2234 5074 Et
2260 5031 2410 5074 notus
2455 5022 2552 5073 erit
2596 5020 2844 5073 Dominus
2871 5021 3183 5089 Aigyptiis.9
3215 5021 3344 5076 Nam
3376 5027 3422 5078 si

1902 5129 2063 5181 penes
2099 5127 2191 5166 eos
2222 5111 2415 5179 quibus
2449 5119 2608 5164 notus
2642 5117 2723 5164 est
2759 5109 2896 5165 Deus
2925 5111 3106 5166 Iudaea
3135 5113 3420 5180 reperitur,

1900 5200 2028 5268 quid
2073 5199 2321 5267 impediat
2363 5199 2650 5264 quominus
2697 5210 2883 5252 omnes
2931 5201 3024 5268 qui
3065 5201 3422 5268 cognitionem

1903 5289 1992 5344 Dei
2023 5295 2337 5357 acceperunt
2359 5285 2413 5338 in
2434 5285 2616 5340 Iudaea
2639 5301 2758 5340 esse
2786 5287 3076 5342 dicantur?
3102 5289 3276 5352 Quare
3301 5305 3424 5343 con-

1900 5387 2178 5448 sequenter
2205 5376 2270 5429 ad
2295 5375 2505 5438 istliazc,
2531 5375 2770 5430 Ecclesia
2798 5375 2888 5430 Dei
2920 5394 3015 5447 per
3041 5387 3211 5433 totum
3239 5380 3423 5434 orbem

2596 5593 2641 5623 ⁵³
2681 5592 2809 5646 ibid.
2847 5593 2931 5648 l0.
3029 5597 3074 5628 ⁸⁵
3112 5595 3331 5650 Malacb.
3367 5609 3421 5662 ι,
