3796 6376
208 510 313 566 881

1322 507 1808 566 COMMENTANA
1846 509 1906 561 IN
1949 507 2276 563 PSALMOS.

3291 514 3391 566 88:!

216 619 552 690 Ἐκκλησίαν
593 619 688 673 τοῦ
723 619 874 681 Θεοῦ,
910 619 942 689 ἢ
975 617 1071 689 τὴν
1101 618 1428 688 ἐπουράνιον,
1463 611 1528 688 ης,
1555 619 1583 668 ό
1615 616 1741 679 θεῖος

1851 618 1976 670 lium
2006 619 2304 687 angelorum
2334 617 2670 686 frequentiam
2695 657 2710 680 ,
2743 626 2790 671 et
2825 615 3119 670 Ecclesium
3158 620 3384 685 primiti-

212 711 548 773 Ἀπόστολος
580 711 814 780 παρίστη
862 709 1051 776 λέγων’
1085 709 1569 775 Προσεληλύθατε
1602 707 1741 760 Σιὼν

1845 723 2018 760 uorum
2043 709 2132 776 qui
2156 708 2430 775 conscripti
2453 717 2571 760 sunt
2596 708 2648 759 in
2674 708 2812 760 ctelis
2847 706 2917 758 ".
2949 703 3044 760 llic
3065 708 3204 761 enim
3233 711 3379 764 nul-lo

196 801 352 869 ὄρει,
385 798 486 853 καί
509 799 678 852 πόλει
702 799 844 852 Θεοῦ
871 795 1076 861 ζῶντος
1108 795 1480 865 Ἰερουσαλὴμ
1508 795 1751 862 ἐπουρα-

193 893 332 958 νίῳ,
385 891 484 945 καὶ
523 889 806 959 μυριάσιν
840 889 1101 956 ἀγγέλων
1134 890 1470 956 πανηγύρει,
1501 887 1594 940 καί
1626 889 1748 940 Ἐκ-

194 983 439 1048 minoia
477 982 854 1048 πρωτοτόκων
896 977 1420 1047 ἀπογεγραμμένων
1461 978 1528 1029 ἐν
1574 979 1745 1044 οὐρα-

191 1071 353 1136 νοῖς.
392 1069 658 1123 Ἐνταῦθα
687 1070 793 1140 γὰρ
823 1069 1080 1139 μηδεμιᾶς
1112 1067 1374 1137 ἁμαρτίας
1405 1067 1742 1136 ἐνεργούσης,

194 1159 337 1230 μηδέ
369 1177 514 1222 τινος
541 1158 838 1226 ὑφεστῶτος
867 1157 1045 1226 ψυχῶν
1076 1156 1345 1227 πολεμίου,
1379 1157 1746 1225 συντέτριπται

1849 807 2069 865 peccato
2096 798 2306 864 vigente
2327 835 2341 860 ,
2375 798 2629 865 nulloque
2656 797 2960 850 animarum
2991 795 3209 852 inimico
3239 800 3378 853 exsi-

1847 896 2018 943 stente
2039 927 2054 951 ,
2103 889 2354 956 potentiae
2397 901 2616 942 arcuum
2656 886 2904 940 contrita:
2935 893 3094 947 sunt,
3128 887 3289 939 telum
3320 895 3386 940 et;

1845 978 2050 1046 gladius
2096 977 2271 1031 ablata
2314 984 2479 1039 sunt,
2525 977 2597 1029 ita
2641 985 2699 1030 ut
2744 976 2810 1030 de
2853 975 2919 1028 iis
2959 975 3049 1044 qui
3092 975 3182 1028 illa
3229 991 3374 1029 man-

1847 1067 1996 1121 sione
2024 1067 2226 1136 dignati
2255 1074 2381 1121 sunt
2409 1065 2637 1130 dicatur,
2682 1065 2941 1119 Abscessit
2988 1063 3158 1129 dolor,
3213 1065 3372 1118 tristi-

1853 1157 1926 1209 tia
1953 1166 2000 1209 et
2033 1159 2250 1225 gemitus
2282 1157 2345 1208 ⁸³.

190 1253 259 1305 τὰ
313 1251 500 1320 κράτη
547 1249 652 1300 τῶν
693 1246 876 1310 τόξων,
917 1245 1175 1316 ἀνῄρηται
1209 1263 1264 1297 τε
1293 1245 1449 1297 ὅπλον
1491 1245 1580 1296 καὶ
1616 1243 1868 1314 ῥομφαίαο
1922 1245 1996 1306 ὡς
2042 1245 2286 1313 λέγεσθαι
2337 1245 2461 1316 περὶ
2511 1243 2618 1296 τῶν
2672 1242 3095 1313 καταξιουμένων
3124 1244 3220 1314 τῆς
3255 1243 3370 1298 ἐκεῖ

187 1341 506 1412 δωτριδῆςο
556 1339 791 1405 Ἇπέδρα
823 1338 1001 1405 ὀδύνη
1034 1337 1128 1391 καὶ
1157 1339 1317 1404 λύπη
1349 1337 1444 1390 καὶ
1473 1339 1817 1405 στεναγμός.

259 1453 548 1519 Φωτίζεις
584 1452 664 1506 σὺ
697 1450 1040 1520 θαυμαστῶς
1082 1451 1196 1505 ἀπὸ
1239 1453 1417 1520 ὀρέων
1465 1454 1738 1514 αἰωνίων,

183 1542 624 1612 ἐταράχθησαν
646 1544 698 1596 οἱ
723 1541 994 1595 ἀσύνετοι
1021 1539 1094 1608 τῇ
1126 1541 1347 1608 καρδίᾳ.
1383 1542 1589 1612 Σφόδρα
1619 1543 1743 1594 ἀκο-

183 1631 426 1693 λούθως,
466 1630 606 1700 μετὰ
629 1630 690 1682 τὸ
723 1630 1056 1705 παραστῆσαι
1077 1630 1166 1682 τὸν
1195 1631 1353 1683 τόπον
1380 1630 1472 1682 τοῦ
1498 1630 1650 1692 Θεοῦ,
1670 1631 1744 1683 δι-

1913 1452 2073 1508 Vens.
2105 1455 2156 1508 5.
2178 1453 2452 1506 Illuminas
2475 1465 2527 1507 tu
2549 1453 2852 1508 mirabiliter
2878 1471 2909 1507 a
2939 1453 3194 1508 montibus
3220 1465 3367 1509 teter-

1843 1543 1945 1604 nis,
1982 1541 2176 1595 turbati
2207 1552 2326 1595 sunt
2351 1543 2646 1611 insipientes
2670 1543 2837 1596 corde.
2855 1543 3148 1597 Admodum
3179 1558 3368 1600 conse-

1844 1639 2085 1700 quenter,
2117 1640 2394 1701 postquam
2416 1632 2587 1686 locum
2618 1630 2710 1685 Dei
2747 1631 3056 1694 declaravit,
3073 1630 3228 1685 docet
3261 1646 3368 1686 non

180 1717 410 1780 δάσκει,
458 1718 542 1770 ὅτι
586 1717 991 1769 ἀποκέκλεισται
1019 1717 1145 1770 εἴσω
1175 1717 1264 1770 τοῦ
1287 1720 1449 1770 τόπου
1495 1719 1654 1772 αὑτοῦ
1680 1719 1741 1772 τὰ

1846 1721 1985 1775 intra
2009 1721 2183 1774 locum
2208 1719 2511 1788 hujusmodi
2539 1719 2786 1774 concludi
2807 1719 2972 1783 bona;
3009 1717 3101 1772 sed
3123 1733 3242 1772 eum
3268 1732 3366 1771 ceu

181 1807 398 1874 ἁγαθὰο
426 1807 650 1868 ἀκτῖνας
669 1806 713 1858 δ’
737 1807 915 1876 ὥσπερ
944 1807 1208 1876 ἐκπέμπει
1232 1808 1323 1859 καὶ
1347 1809 1436 1860 ἐπὶ
1461 1809 1584 1869 τοὺς
1614 1811 1741 1878 πορ-

1847 1810 2025 1864 radios
2060 1809 2251 1862 exinde
2288 1809 2530 1862 emittere
2573 1809 2638 1862 ad
2676 1823 2769 1862 eos
2800 1807 2892 1878 qui
2920 1807 3229 1876 longissime
3278 1806 3371 1860 siti

183 1895 449 1964 ρωτάτω.
500 1892 591 1946 Διό
633 1911 761 1964 φησι
785 1910 797 1924 ο
832 1894 1088 1958 Φωτίζεις
1141 1894 1219 1946 σὺ
1261 1895 1603 1964 θαυμαστῶς
1634 1895 1741 1949 ἀπὸ

1849 1906 1996 1954 sunt.
2029 1898 2385 1963 Quamobrem
2415 1898 2490 1950 ait
2520 1912 2533 1950 :
2582 1896 2863 1951 Illuminas
2905 1905 2958 1949 tu
3005 1895 3314 1949 mirabiliter
3336 1912 3373 1948 ο

180 1984 382 2054 ὀρέων
411 1984 682 2037 αίωνιων.
727 1983 856 2035 Τίνα
886 1983 940 2035 δὲ
987 1981 1054 2054 ἦν
1091 1985 1158 2037 τὰ
1189 1985 1374 2038 αίώνια
1418 1987 1537 2057 ὅρη,
1571 1986 1682 2039 ἀλλ’
1713 1987 1741 2056 ἢ

1848 1982 2116 2041 montibus
2144 1988 2370 2041 a’ternis.
2416 1986 2644 2052 Quinam
2675 1997 2884 2041 montes
2925 1987 3001 2040 illi
3029 1986 3234 2049 aeterni,
3265 1984 3371 2038 nisi

179 2075 334 2129 Σιὼν
387 2074 484 2126 καὶ
528 2075 562 2144 ἡ
597 2072 799 2143 Σαλήμ,
830 2072 897 2125 τὰ
938 2073 1023 2126 διὰ
1061 2075 1167 2126 τῶν
1216 2075 1513 2145 ἔμπροσθεν
1558 2076 1741 2128 ἀποδο-

1847 2074 1976 2129 Sion
2008 2083 2061 2129 et
2095 2074 2294 2138 Salem,
2319 2074 2385 2128 de
2427 2075 2622 2143 quibus
2656 2075 2901 2144 superius
2926 2075 3142 2127 aetum?
3170 2073 3245 2126 Ex
3278 2088 3377 2127 sua

177 2165 389 2228 θέντας
426 2162 666 2215 Ἀνωθεν
697 2162 822 2230 γοῦν
853 2163 957 2214 ἀπὺ
991 2164 1096 2216 τῶν
1133 2164 1390 2231 οὐρανίων
1428 2163 1741 2235 ὑψωμιὴων,

1843 2165 2024 2234 pernis
2071 2164 2234 2234 igitur
2279 2170 2332 2218 et
2372 2163 2684 2218 coelestibus
2727 2164 3115 2225 cacuminibus,
3167 2177 3265 2216 ceu
3301 2177 3370 2216 ex

178 2255 386 2324 ὥσπερ
425 2254 492 2305 ἐκ
529 2251 688 2305 τινῶν
732 2252 958 2306 αἰωνίων
984 2251 1141 2323 ὀρῶν,
1177 2252 1273 2315 τὰς
1317 2253 1483 2319 αὐγὰς
1516 2253 1623 2305 τῶν
1653 2255 1741 2322 τῆς

1843 2252 2056 2307 aeternis
2089 2251 2384 2314 montibus,
2429 2250 2645 2305 deitatis
2675 2265 2786 2304 sua:
2816 2249 2994 2304 radios
3047 2249 3112 2302 ad
3145 2248 3370 2316 terrige-

178 2344 454 2413 θεότητος
479 2341 646 2394 αὐτοῦ
680 2342 1067 2412 μαρμαρυγῶν,
1097 2344 1188 2395 καὶ
1222 2344 1378 2414 μέχρι
1401 2343 1505 2395 τῶν
1536 2344 1628 2395 ἐπλ⁵
1647 2343 1741 2412 γῆς

1843 2359 1942 2398 nas
1971 2342 2140 2412 usque
2175 2343 2444 2405 emittens,
2477 2354 2661 2394 eorum
2699 2339 2789 2408 qui
2819 2339 2962 2408 digni
3009 2345 3134 2393 sunt
3158 2338 3371 2392 animas

177 2431 521 2502 ἐκπέμπων,
559 2431 778 2498 φωτίζει
805 2431 901 2493 τὰς
933 2430 1038 2483 τῶν
1066 2431 1225 2496 ἀξίων
1253 2432 1442 2501 ψυχὰς,
1476 2432 1741 2502 καταλάμ-

1843 2431 2078 2485 illustrat
2115 2429 2423 2498 Spirituque
2449 2438 2636 2483 sancto
2669 2443 2768 2482 suo
2812 2428 3094 2480 illuminat.
3125 2425 3255 2488 Has,
3279 2426 3367 2480 in-

179 2539 314 2576 πων
347 2521 522 2583 αὑτὰς
547 2519 625 2589 τῷ
648 2520 784 2590 ἁγίῳ
804 2519 962 2588 αὑτοῦ
989 2519 1281 2590 Πνεύματιο
1313 2521 1512 2582 ταύτας
1545 2521 1638 2592 μὲν
1656 2517 1741 2574 οὖν

1844 2532 2026 2587 quam,
2070 2517 2366 2580 illuminat;
2396 2531 2494 2569 suo
2532 2523 2707 2568 autem
2733 2514 2932 2568 lumine
2961 2514 3210 2583 indignos
3234 2512 3376 2582 justi

177 2611 423 2680 φωτίζει
441 2625 456 2639 ·
493 2610 620 2671 τοὺς
644 2608 698 2660 δὲ
715 2607 958 2672 ἀναξίους
985 2608 1091 2660 τῶν
1122 2607 1309 2676 φώτων
1338 2609 1497 2662 αὐτοῦ
1529 2609 1741 2680 προνοίᾳ

1843 2607 2024 2677 iudicii
2055 2609 2135 2661 sui
2153 2606 2484 2676 providentia
2500 2604 2757 2658 invadens
2774 2603 3078 2658 conturbat.
3097 2602 3374 2668 Quamob-.

174 2702 294 2769 τῆς
338 2695 736 2768 δικαιοκρισίας
774 2695 930 2748 αὑτοῦ
979 2697 1360 2767 μετερχόμενος
1399 2697 1627 2767 θορυϐεῖ.
1658 2698 1741 2750 Διὸ

1843 2712 1952 2751 rem
2002 2695 2202 2758 subdit,
2233 2694 2450 2748 Turbati
2485 2703 2604 2746 sunt
2647 2709 2818 2747 omnes
2868 2693 3161 2761 insipientes
3193 2692 3364 2746 corde.

178 2789 442 2856 ἐπιλέγει
465 2802 481 2816 ·
539 2784 980 2854 Ἐταράχθησαν
1018 2786 1234 2849 πάντες
1276 2789 1329 2840 οί
1360 2786 1631 2841 ἀσύνετοι
1671 2785 1741 2854 τῇ

1843 2781 1971 2834 Nam
2005 2796 2128 2835 cum
2158 2797 2342 2836 revera
2371 2780 2684 2848 insipientes
2711 2781 2905 2844 corde;
2933 2781 3045 2836 sive
3073 2779 3366 2834 secundum

178 2873 431 2942 καρδίᾳ.
482 2871 750 2924 Ἀσύνετοι
793 2872 898 2942 γὰρ
928 2872 1134 2942 ἀληθῶς
1169 2873 1316 2937 ὄντες
1358 2879 1423 2945 τῇ
1473 2874 1741 2946 καρδίᾳ,ἢ

1845 2871 2256 2941 Symmachum,
2301 2872 2505 2939 superbi
2532 2871 2703 2934 corde,
2747 2879 2950 2934 essent,
2995 2871 3188 2924 divina:
3229 2869 3374 2924 lucis

176 2964 337 3016 κατὰ
359 2963 466 3014 -τδν
500 2961 808 3030 Σύμμαχον,
851 2962 1208 3030 ὑπερήφανοι
1237 2962 1350 3030 τὴν
1390 2964 1650 3031 καρδίαν,
1683 2965 1741 3016 οὺ

1843 2962 2020 3016 radios
2066 2977 2174 3015 non
2218 2968 2564 3030 exceperunt,
2609 2960 2728 3015 ideo
2777 2960 2976 3014 turbati
3023 2965 3170 3015 sunt.
3202 2957 3367 3012 Iidem

177 3048 562 3120 παρεδέξαντο
607 3046 698 3099 τοῦ
740 3047 910 3114 φωτὸς
938 3047 1028 3099 τοῦ
1059 3049 1190 3100 Θεοῦ
1229 3049 1326 3113 τὰς
1365 3049 1741 3120 μαρμαρυγὰς,

1843 3066 1968 3105 vero
1993 3050 2093 3120 ipsi
2118 3058 2399 3119 postquam
2427 3051 2746 3104 dormierunt
2772 3066 3009 3104 somnum
3037 3067 3206 3112 suum.
3238 3049 3382 3103 nihil:

175 3143 272 3197 διὸ
305 3141 707 3212 ἐταράχθησαν.
740 3140 800 3192 Oi
831 3139 876 3191 δ’
903 3140 1072 3205 αὐτοὶ,
1102 3142 1192 3192 καὶ
1237 3141 1615 3207 ὑπνώσαντες
1641 3141 1741 3193 τὸν

1843 3141 2135 3194 inuenerunt
2182 3142 2233 3193 in
2289 3141 2524 3194 manibus
2570 3142 2700 3206 suis,
2749 3140 2874 3210 quia
2921 3141 3019 3194 viri
3065 3139 3368 3196 diuitiarum

176 3233 392 3285 ὕπνον
437 3228 658 3293 αὐτῶν,
687 3232 798 3298 οὐχ
833 3226 1008 3298 εὗρον
1052 3229 1226 3284 οὐδὲν
1264 3231 1332 3283 ἐν
1377 3231 1503 3295 ταῖς
1544 3231 1741 3299 χερσὶν

1843 3238 2014 3286 erant.
2045 3229 2176 3284 Nam
2217 3245 2336 3284 cum
2369 3231 2432 3284 ad
2472 3231 2631 3284 breve
2663 3238 2872 3298 tempus
2900 3229 2954 3282 in
2977 3231 3219 3286 mortalis
3240 3231 3384 3284 vita»

177 3317 426 3381 αὐτῶν,
468 3309 686 3386 ἄνδρες
731 3317 878 3378 ὄντες
925 3317 1204 3370 πλούτου.
1238 3317 1379 3387 Πρὸς
1430 3317 1596 3387 βραχὺ
1638 3318 1741 3389 γὰρ

1843 3319 2118 3388 phantasia
2147 3317 2550 3381 dormitassent,
2583 3325 2636 3371 et
2667 3318 2831 3370 altum
2873 3317 2948 3370 .de
2977 3317 3180 3372 divitiis
3212 3333 3365 3388 sape-

178 3409 583 3480 όνειρὼξαντες
612 3409 676 3478 τῇ
705 3405 797 3460 τοῦ
825 3404 1012 3476 θνητοῦ
1045 3406 1154 3476 βίου
1185 3407 1463 3478 φαντασίᾳ,
1485 3409 1576 3460 καὶ
1606 3408 1741 3478 μέγα

1843 3417 1978 3472 rent,
2011 3408 2113 3461 rati
2158 3422 2217 3462 se
2271 3407 2472 3476 aliquid
2526 3421 2666 3469 esse,
2700 3406 2755 3459 in
2795 3406 3180 3476 voluptatibus,
3227 3423 3365 3477 quas

181 3494 565 3570 φρονήσαντες
597 3497 688 3548 ἐπὶ⁹
709 3495 931 3566 πλούτῳ,
954 3495 1190 3566 ἐνόμιζόν
1215 3513 1354 3560 τινες
1380 3493 1534 3560 εἶναι,
1563 3515 1741 3556 κατεν-

1843 3497 1939 3552 sibi
1975 3496 2174 3550 divitia:
2199 3496 2578 3557 conciliabant,
2623 3493 2848 3550 demersi
2877 3505 3024 3551 sunt.
3055 3495 3364 3567 Experrecti

1839 3596 2038 3650 autem,
2079 3594 2239 3656 atque
2273 3601 2338 3640 ex
2369 3586 2470 3640 hac
2505 3585 2612 3639 vita
2649 3586 2914 3650 translati,
2945 3601 3062 3642 sese
3102 3588 3238 3642 nihil
3267 3588 3365 3641 ha-

1839 3679 2048 3741 bentes,
2074 3691 2173 3732 nec
2195 3675 2466 3750 quidpiam
2499 3675 2747 3731 manibus
2774 3683 3020 3731 tenentes
3063 3675 3364 3746 deprehen-

1837 3766 2238 3832 derunt.’Quare
2261 3765 2452 3820 alicubi
2471 3765 2671 3820 dictum
2693 3772 2776 3820 est
2797 3765 2842 3796 “
2861 3781 2874 3816 :
2895 3764 2975 3818 Ne
2991 3765 3226 3818 timueris
3249 3781 3371 3818 cum

1839 3855 1973 3909 dives
1995 3855 2162 3924 {actus
2195 3855 2352 3924 fuerit
2383 3855 2552 3917 homo,
2592 3864 2640 3908 et
2692 3872 2807 3908 cum
2832 3855 3184 3922 multiplicata
3212 3855 3368 3924 fuerit

1837 3946 2006 4016 gloria
2030 3945 2209 3999 domus
2227 3945 2371 4013 ejus;
2399 3945 2642 4014 quoniam
2672 3961 2785 3997 cum
2806 3944 3055 3996 interierit
3080 3961 3182 3998 non
3203 3951 3370 3998 sumet.

179 3587 512 3660 τρυφῶντες
544 3589 661 3648 ταῖς
692 3586 799 3638 ἀπὸ
841 3584 932 3638 τοῦ
978 3585 1199 3638 πλούτου
1248 3587 1617 3659 ποριζομέναις
1646 3590 1744 3642 αύ-

179 3680 303 3740 τοῖς
349 3674 734 3747 ἡδυπαθείαιςο
769 3673 843 3736 ὡς
873 3674 928 3727 δὲ
975 3675 1066 3727 τοῦ
1107 3673 1270 3728 ὕπνου
1303 3677 1741 3748 διεγρηγόρησαν,

186 3765 566 3836 μεταστάντες
593 3762 685 3815 τοῦ
725 3763 981 3832 παρόντος
1015 3762 1147 3833 βίου,
1191 3758 1341 3834 εὗρον
1383 3765 1601 3828 ἑαυτοὺς
1648 3766 1744 3818 οὐκ

183 3854 416 3924 ἔχοντας
460 3850 635 3914 οὐδὲν,
667 3849 786 3902 οὐδὲ
823 3867 878 3902 τι
923 3853 1038 3914 ταῖς
1069 3852 1222 3922 χερσὶ
1274 3849 1615 3921 κρατοῦντας.
1656 3855 1745 3907 Διὸ

181 3941 445 3997 λέλεκταί
478 3949 614 3992 που⁶
661 3937 758 4006 Μὴ
792 3939 972 4007 φοϐοῦ
1006 3939 1148 3992 ὅταν
1185 3941 1496 4010 πλουτήσῃ
1532 3943 1745 4012 ἀνθρω-

186 4047 329 4095 stoc,
364 4028 465 4084 xui
498 4027 646 4080 ὅταν
686 4026 998 4096 πληθυνθῇ
1048 4028 1085 4094 ἡ
1116 4028 1259 4092 δόξα
1294 4031 1398 4084 τοῦ
1430 4032 1596 4086 οἶκον
1637 4035 1743 4086 αὐ-

186 4120 330 4174 τοῦ’
359 4118 451 4171 ὅτι
486 4119 599 4171 οὐκ
630 4116 700 4169 ἐν
739 4115 818 4181 τῷ
852 4116 1248 4182 ἀποθνήσκειν
1277 4121 1459 4174 αὐτόν
1492 4121 1744 4190 λήψεται

186 4213 266 4262 τὰ
310 4207 538 4267 πάντα,
588 4205 727 4258 σὺδὲ
765 4207 1266 4275 συγκαταϐήσεται
1312 4208 1468 4274 αὐτῷ
1515 4211 1552 4277 ἡ
1600 4211 1744 4274 δόξα

189 4297 404 4352 αὐτοῦ.
437 4293 632 4348 Ἔνθεν
665 4293 882 4356 είκότως
923 4296 971 4347 οἱ
1003 4296 1210 4366 ἀληθῶς
1241 4297 1479 4351 ἀσύνετοι
1507 4303 1570 4370 τῇ
1610 4318 1742 4370 καρ-

190 4387 280 4458 δίᾳ
319 4383 701 4457 ἐταράχθησαν
744 4383 859 4436 ἀπὸ
897 4384 1278 4453 ἐπιτιμήσεως
1311 4387 1412 4440 τοῦ
1447 4388 1591 4442 Θεοῦ
1635 4390 1743 4443 Ἰα-

1840 4036 2032 4100 omnia,
2053 4051 2206 4104 neque
2224 4033 2488 4088 descendet
2516 4051 2630 4086 cum
2662 4050 2718 4087 eo
2738 4034 2903 4102 gloria
2924 4033 3055 4101 ejus.
3094 4033 3242 4090 Unde
3269 4050 3383 4089 nec-

1841 4124 2102 4178 immerito
2134 4124 2210 4177 illi
2249 4140 2369 4178 vere
2391 4125 2702 4193 insipientes
2729 4123 2889 4177 corde
2914 4123 3115 4178 turbati
3149 4132 3276 4181 sunt
3301 4126 3368 4178 ab

1840 4215 2177 4282 increpatione
2198 4214 2288 4268 Dei
2303 4213 2495 4276 Iacob;
2513 4215 2646 4280 sive,
2663 4215 2948 4269 secundum
2964 4215 3368 4284 Symmachum,

1840 4321 1872 4356 a
1907 4305 2110 4372 fremitu
2148 4301 2623 4373 [comminatione].
2661 4300 2812 4357 Tunc
2849 4301 2989 4356 enim
3043 4303 3374 4356 sententiam.

1839 4391 1973 4459 justi
2013 4390 2208 4459 judicii
2251 4389 2344 4444 Dei
2397 4391 2708 4452 subeuntes,
2745 4391 2934 4443 merito
2985 4391 3364 4455 turbabuntur,

195 4477 345 4529 κὼϐ·
380 4476 414 4545 ἢ
444 4473 588 4526 κατά
617 4472 706 4524 τὸν
742 4472 1045 4542 Σύμμαχον,
1089 4474 1201 4527 ἀπὸ
1238 4475 1654 4544 ἑμόριμήσεωςσ
1685 4479 1741 4530 τὸ

1843 4481 1966 4550 quia
1995 4481 2413 4534 dormitaverunt
2442 4479 2753 4533 conscensis
2780 4479 2932 4547 equis
2957 4479 3090 4541 suis,
3120 4480 3370 4536 videlicet-

195 4561 497 4630 τηνικαῦτα
517 4559 624 4627 γὰρ
660 4559 761 4610 ὑπὸ
779 4559 1042 4627 ἀπόφασιν
1071 4561 1341 4630 γενόμενοι
1373 4562 1468 4631 τῆς
1495 4563 1586 4616 τοῦ
1611 4565 1741 4617 Θεοῦ

196 4650 626 4721 δικαιοκρισίας,
685 4647 1103 4718 ταραχθήσονται
1157 4651 1404 4716 εἰκότως,
1458 4653 1743 4726 ἐπειδήπερ

199 4740 496 4805 ἐνύσταξαν
527 4737 904 4806 ἐπιϐεϐηκότες
930 4741 1036 4800 τοῖς
1071 4738 1272 4792 ἑαυτῶν
1298 4740 1497 4802 ἵπποις,
1547 4741 1740 4813 δηλαδὴ

199 4835 307 4894 τοῖς
321 4830 641 4890 ἀκολάστοις
660 4827 869 4896 σώμασι
883 4844 896 4855 ·
924 4826 1035 4879 δέον
1057 4827 1404 4898 ἐγρηγορέναι
1425 4829 1514 4879 καὶ
1535 4832 1738 4900 νήφειν,

207 4919 636 4991 μνημονεύοντας
669 4916 809 4967 θείου
849 4916 1252 4986 προστάγματος
1281 4916 1520 4982 λέγοντες
1539 4934 1552 4948 ο
1590 4922 1738 4988 Γρη-

204 5011 450 5076 mpsim,
506 5007 595 5058 ὅτι
640 5006 749 5058 οὐκ
798 5003 990 5057 οἴδατε
1026 5004 1137 5071 τὴν
1183 5003 1403 5071 ἡμέραν
1445 5005 1584 5058 οὐδὲ
1630 5007 1741 5074 τὴν

205 5095 366 5164 ὥραν.
400 5098 466 5150 Οί
493 5094 550 5145 δὲ
592 5092 879 5154 ἐνύσταζον
911 5093 1000 5144 καὶ
1046 5093 1292 5144 ῦπνωσαν
1328 5090 1488 5144 ῦπνον
1528 5095 1702 5146 αὐτῶν
1722 5137 1735 5159 ,

205 5183 420 5256 ὀνείροις
452 5183 549 5235 καὶ⁸
595 5181 966 5249 φαντάσμασιν
997 5181 1312 5243 ἐκδοθέντες,
1349 5181 1528 5244 ἵπποις
1550 5201 1607 5235 τε
1647 5184 1740 5255 θη-

205 5270 451 5343 λυμανέσι
493 5274 604 5332 τοῖς
636 5268 810 5322 αὐτῶν
849 5267 1053 5336 σώμασι
1079 5269 1416 5338 χρησάμενοι.
1445 5265 1602 5324 Οὗτοι
1627 5291 1735 5325 τοι-

210 5364 390 5432 γαροῦν
447 5360 648 5418 πάντες
689 5357 737 5409 οἱ
791 5355 916 5406 ποτέ
949 5356 1042 5424 μὲν
1073 5357 1344 5425 λεγόμενοι
1383 5357 1628 5414 ἀσύνετοι
1670 5366 1734 5432 τῇ

211 5453 405 5522 καρδίᾳ,
437 5449 567 5500 ποτὲ
607 5445 662 5496 δὲ
703 5443 890 5511 ἄνδρες
920 5443 1008 5494 τοῦ
1041 5445 1282 5505 πλούτου,
1321 5445 1432 5496 νυνὶ
1470 5445 1529 5498 δὲ
1557 5449 1736 5502 ἐπιϐε-

211 5536 413 5606 σηκότες
461 5538 591 5595 τοὺς
642 5533 858 5590 ἵππους.
887 5531 1016 5593 τέως
1065 5534 1164 5601 μὲν
1211 5531 1345 5584 κατὰ
1388 5532 1488 5602 τὴν
1540 5535 1737 5607 θνητὴν

209 5623 328 5697 ζωὴν
371 5622 701 5683 ἐνύσταξαν,
731 5619 763 5685 ἢ
795 5617 929 5668 κατὰ
967 5619 1055 5670 τὸν
1097 5622 1390 5690 Σύμμαχον,
1436 5623 1737 5692 ἐκαρώθη-

1843 4571 2053 4626 lascivis
2085 4571 2433 4640 corporibus;
2475 4585 2596 4621 cum
2619 4569 2943 4637 oportuisset
2966 4568 3186 4638 vigilare
3209 4580 3262 4624 et
3280 4587 3362 4626 so-

1840 4661 1953 4714 brie
1981 4674 2436 4729 agere,memores
2457 4658 2621 4712 divini
2641 4657 2885 4728 praecepti
2915 4657 3145 4714 dicentis
3170 4677 3183 4711 :
3226 4659 3362 4728 Vigi-

1839 4753 2084 4821 late,quia
2107 4751 2312 4804 nescitis
2335 4749 2488 4812 diem,
2511 4766 2668 4818 neque
2691 4750 2870 4802 horam
2889 4748 2952 4800 ⁸³.
2982 4748 3060 4800 llli
3092 4763 3217 4803 vero
3249 4750 3348 4802 dor

1841 4839 2118 4900 mitabant,
2155 4847 2206 4893 et
2239 4837 2568 4892 dormierunt
2595 4852 2838 4891 somnum
2865 4851 3042 4895 suum,
3061 4837 3288 4892 somniis
3316 4846 3371 4892 et

1839 4927 2132 4996 phantasiis
2177 4925 2380 4989 dediti,
2421 4926 2680 4995 equisque
2733 4924 2988 4987 lascivis,
3045 4927 3369 4992 corporibus

1841 5032 2030 5086 nempe
2064 5016 2176 5070 suis
2214 5015 2317 5070 usi.
2349 5014 2412 5068 Ili
2446 5015 2626 5084 itaque
2671 5029 2862 5070 omnes
2888 5011 3003 5079 qui.
3047 5013 3212 5065 modo
3235 5014 3375 5067 insi-

1837 5107 2041 5175 pientes
2093 5105 2274 5166 corde,
2329 5105 2484 5159 modo
2512 5105 2614 5159 viri
2648 5107 2982 5163 divitiarum,
3017 5114 3164 5152 nunc
3194 5115 3386 5155 ascen-

1839 5191 2024 5245 dentes
2058 5206 2224 5260 equos
2273 5199 2554 5254 vocantur,
2582 5192 2709 5246 dum
2756 5194 2808 5246 in
2866 5187 3123 5256 praesenti
3157 5186 3276 5236 vita
3304 5188 3397 5240 de-

1838 5288 2044 5347 gerent,
2062 5278 2498 5344 dormitaverunt;
2521 5280 2634 5334 sive
2650 5277 2960 5335 secundum
2978 5271 3402 5342 Symmachum,

1838 5370 2065 5435 soporati
2093 5378 2230 5431 sunt,
2276 5383 2467 5436 sopore
2494 5377 2547 5422 et
2593 5368 2860 5425 ebrietate
2895 5364 3095 5416 animae
3130 5357 3416 5424 depressi.

1840 5454 2038 5508 Deinde
2071 5471 2215 5516 vero,
2234 5454 2548 5508 dormierunt
2575 5474 2816 5512 somnum
2841 5468 3041 5514 suum,
3069 5446 3230 5502 vanis
3248 5443 3434 5508 phan-

1839 5544 1993 5596 tasiis
2028 5543 2224 5608 dediti;
2256 5559 2317 5596 ac
2341 5544 2551 5598 demum
2585 5543 3011 5617 expergefacti,
3055 5531 3265 5592 turbati
3304 5533 3452 5580 sunt

1843 5631 1908 5683 ab
1945 5631 2304 5699 increpatione
2333 5631 2423 5685 Dei
2445 5632 2630 5690 Jacob.
2662 5637 2755 5690 llic
2789 5645 2994 5704 porro
3024 5635 3137 5684 erat
3170 5622 3467 5674 Servate!

174 5754 179 5768 ’
260 5778 293 5810 ⁶¹
325 5785 490 5842 Hebr.
534 5788 619 5827 xu
645 5809 659 5832 ,
701 5767 783 5820 22.
861 5769 901 5798 ⁶³
937 5768 1030 5824 lsa.
1071 5789 1153 5837 LI,
1193 5772 1268 5826 ll.
1347 5775 1387 5806 “
1428 5774 1579 5831 Psal.
1617 5795 1738 5833 sui

1857 5785 1937 5848 l7,
1969 5785 2045 5840 l8.
2121 5787 2162 5817 ⁶³
2203 5785 2382 5842 Matth.
2419 5805 2539 5852 χεν,
2578 5790 2654 5843 15.
