3796 6364
235 411 355 471 885

1365 427 1850 485 COMMENTARIA
1890 427 1953 481 IN
1990 425 2315 481 PSALMOS.

3310 432 3411 487 886

242 533 539 605 θυμήσεως
558 534 844 610 λογισμὸς;
872 545 1048 614 ὅμοιος
1065 546 1138 601 ὢν
1158 544 1377 611 ἐκεῖνος
1404 550 1526 620 περὶ
1549 541 1620 602 ὧν
1649 548 1791 618 εἴρη-

1894 546 1981 599 Sic
2003 548 2162 617 igitur
2187 561 2239 600 et
2269 558 2440 615 ipsum
2479 543 2860 615 [ratiocinium]
2888 545 3119 613 reliquim
3144 545 3418 617 cogitatio-

242 639 341 676 ται
367 640 380 654 ’
412 625 637 693 Δεῖμμα
665 631 790 681 κατ’
819 633 1075 701 ἐκλογὴν
1101 635 1333 703 χάριτος
1359 636 1613 705 γέγονεν.
1645 637 1794 689 Οὕτω

242 714 381 779 γοῦν
428 716 588 778 αὐτὸς
624 719 1030 793 ἐγκατάλειμμα
1064 727 1308 795 ἐνθυμίου
1363 726 1689 795 ὠνόμασται·
1719 726 1795 778 διὸ

240 804 508 872 ἑορτάσει
546 806 685 870 τότε,
718 809 811 862 ἆτε
839 812 901 881 δὴ
943 814 1079 866 κατὰ
1120 815 1303 884 καιρὸν
1345 815 1439 878 τὰς
1482 816 1797 883 ἐπαγγελίας

239 890 549 946 ἀπολαϐὼν
576 896 673 965 τῆς
702 898 944 967 οὐρανίου
978 888 1262 971 βασιλείας.

317 980 606 1042 Εὕξασθε
637 984 731 1036 καὶ
753 985 999 1040 ἀπόδοτε
1024 991 1215 1057 Κυρίῳ
1239 990 1317 1055 τῷ
1349 989 1466 1055 Θεῷ
1487 990 1590 1056 τὰς
1620 993 1798 1059 εὐχὰς

240 1064 446 1131 ὑμῶν,
482 1066 706 1134 πάντες
753 1074 806 1123 οἱ
852 1074 1049 1140 κύκλῳ
1083 1076 1291 1130 αὑτοῦ·
1325 1076 1401 1141 τῷ
1444 1078 1663 1146 φοϐερῷ
1702 1078 1796 1130 καὶ

238 1154 674 1223 ἀφαιρουμένῳ
725 1161 1021 1227 πνεύματα
1080 1163 1403 1231 ἀρχόντων,
1454 1164 1532 1229 τῷ
1580 1164 1796 1233 φοϐερῷ

235 1244 412 1309 παρὰ
434 1245 562 1309 τοῖς
586 1246 909 1308 ,ϐασιλεῦσι
937 1250 1041 1318 τῆς
1064 1252 1196 1320 γῆς.
1220 1254 1537 1317 Συντελέσας
1560 1256 1647 1307 τὸν
1675 1274 1737 1308 πε
1746 1259 1798 1326 ρ).

231 1332 344 1401 τῆς
384 1332 626 1403 κρίσεως
671 1336 762 1389 τοῦ
809 1338 939 1390 Θεοῦ
985 1340 1155 1407 λόγον,
1201 1344 1586 1413 παραινετικῶς
1623 1344 1798 1397 λοιπὸν

232 1422 417 1472 πᾶσιν
454 1423 589 1489 ἡμῖν
623 1425 938 1494 προστάττει
965 1426 1229 1496 εὔχεσθαι,
1258 1431 1349 1482 καὶ
1377 1431 1673 1483 ἀποδιδόναι
1692 1435 1799 1485 Κυ-

236 1510 346 1579 ρίῳ
370 1510 454 1579 τῷ
484 1510 603 1579 Θεῷ
641 1513 792 1581 ἡμῶν
818 1514 913 1576 τὰς
944 1515 1102 1583 εὐχάς
1124 1534 1137 1547 ο
1178 1517 1251 1579 ὡς
1288 1517 1363 1569 ἐτι
1396 1518 1450 1569 δὲ
1470 1518 1652 1588 καιρός
1688 1521 1799 1571 ἐστι

229 1600 385 1652 κατὰ
416 1600 513 1651 τὸν
542 1602 809 1655 ἐνεστῶτα
834 1604 962 1673 βίον,
992 1605 1297 1673 ἀναγκαίως
1328 1607 1479 1659 τοῦτο
1503 1610 1669 1659 ποιεῖν
1696 1626 1799 1661 πα·-

232 1693 445 1759 ραινεῖ.
484 1691 665 1759 Εὐχὰς
695 1693 751 1745 δὲ
783 1694 879 1756 τὰς
912 1695 1229 1763 ἐπαγγελίας
1267 1695 1448 1748 εἴωθεν
1488 1698 1795 1767 ὀνομάζειν·

230 1777 319 1828 διὸ
345 1776 606 1830 λέλεκται
631 1795 645 1808 ·
688 1780 823 1833 Ἐὰν
844 1782 987 1849 εὔξῃ
1009 1783 1215 1847 εὐχὴν,
1244 1782 1327 1850 μὴ
1365 1785 1800 1851 χρονίσῃςάπο-

229 1869 490 1923 δοῦναιο
528 1871 752 1938 ἀγαθὸν
781 1872 846 1924 τὸ
884 1873 967 1940 μὴ
1014 1874 1313 1936 εὔξασθαι,
1343 1874 1380 1941 ἢ
1415 1874 1478 1927 τὸ
1517 1874 1795 1937 εὔξασθαι

230 1960 339 2011 καὶ
365 1960 458 2027 μὴ
496 1960 843 2017 ἀποδοῦναι.
872 1962 1134 2024 Ἕκαστος
1178 1962 1350 2014 τοίνυν
1382 1962 1485 2014 τῶν
1524 1963 1673 2031 ἡμῶν
1700 1965 1795 2033 τὴν

230 2050 441 2104 ἑαυτοῦ
492 2050 748 2119 πρόθεσιν
789 2054 880 2105 καὶ
909 2053 1005 2122 τὴν
1029 2053 1227 2105 οἰκείαν
1267 2052 1584 2119 ἐπαγγελίαν
1614 2052 1795 2123 ὥσπερ

231 2142 411 2210 εὐχὴν
439 2140 757 2201 ἀποδιδότω,
794 2140 1127 2211 μεμνημένος
1159 2140 1247 2192 τοῦ
1282 2143 1569 2211 φήσαντοςο
1602 2142 1797 2194 Θῦσον

228 2229 317 2293 τῷ
356 2228 487 2294 Θεῷ
541 2232 760 2283 θυσίαν
789 2232 1083 2296 αἰνέσεως,
1114 2231 1207 2283 καὶ
1248 2232 1462 2296 ἀπόδος
1504 2232 1581 2296 τῷ
1610 2234 1797 2300 Κυρίῳ

229 2321 346 2385 τὰς
373 2318 570 2387 εὐχάς
600 2335 715 2372 σου
734 2337 747 2350 ·
784 2321 878 2373 καὶ
906 2321 1249 2373 ἐπικάλεσαί
1268 2340 1342 2390 με
1370 2322 1437 2375 ἐν
1463 2322 1642 2391 ἡμέρᾳ
1675 2323 1797 2379 θλί-

230 2413 428 2477 ψεως,
464 2410 893 2477 καὶέξελοῦμαί
913 2424 1005 2471 σε,
1032 2411 1125 2462 καὶ
1156 2411 1424 2476 δοξάσεις
1441 2430 1533 2479 με.
1564 2413 1672 2465 Νῦν
1700 2414 1794 2484 μὲν

230 2495 353 2560 οὖν,
394 2500 586 2567 φησὶν,
618 2499 872 2561 εὔξασθε
899 2498 995 2551 καὶ
1030 2500 1295 2552 ἀπόδοτε.
1334 2503 1520 2554 Ἔσται
1546 2501 1651 2572 γὰρ
1678 2520 1795 2555 και-

235 2589 333 2660 ρδς
365 2590 429 2641 ἐν
456 2583 502 2655 ᾧ
535 2589 733 2649 πάντες
764 2590 810 2639 οί
837 2587 1014 2657 κύκλῳ
1044 2588 1203 2640 αὐτοῦ
1236 2591 1433 2642 οἴσουσι
1454 2591 1616 2661 δῶρα.
1642 2593 1793 2644 Κατᾶ

231 2679 348 2749 γὰρ
384 2678 481 2730 τὸν
510 2678 610 2747 τῆς
647 2676 911 2746 βασιλείας
949 2677 1107 2729 αὑτοῦ
1154 2679 1333 2749 καιρὸν
1360 2678 1632 2745 ,Βασιλεῖς
1663 2684 1795 2748 Θαρ-

232 2768 375 2832 σεῖς
407 2766 508 2819 καὶ
536 2765 715 2832 νῆσοι
732 2763 885 2831 δῶρα
913 2764 1297 2831 προσάξουσι,
1321 2766 1593 2831 βασιλεῖς
1634 2768 1792 2835 Ἀρά-

234 2858 361 2909 ϐων
398 2853 501 2906 καὶ
530 2854 691 2905 Σαϐὰ
716 2850 869 2919 δῶρα
898 2853 1305 2919 προσοίσουσι,
1338 2855 1431 2906 καὶ
1462 2855 1793 2922 προσκυνή-

232 2958 475 2998 σουσιν
515 2938 676 3004 αὐτῷ
715 2940 929 3005 πάντες
955 2942 1314 3007 οὶ.βασι.2εῖς
1357 2942 1463 3009 τῆς
1500 2942 1625 3011 γῆς.
1663 2944 1791 2995 Τότε

231 3032 374 3099 γοῦν
401 3030 699 3099 καθημένῳ
744 3030 832 3081 ἐπί
877 3028 1059 3097 θρόνου
1089 3028 1241 3100 δόξης
1285 3031 1443 3083 αὐτοῦ
1493 3033 1791 3102 προσκυνή-

234 3135 397 3172 σουσι
431 3117 633 3179 πάντες
675 3116 809 3186 μετὰ
856 3114 1075 3186 δώρων⁸
1119 3118 1374 3179 τουτέστι,
1426 3118 1536 3188 μεθ’
1572 3113 1643 3171 ὧν
1676 3121 1790 3171 ἐπι·
1815 3141 1859 3201 c

234 3209 476 3277 φέρεται
533 3206 757 3267 ἕκαστος
810 3203 1047 3274 καρπῶν.
1108 3206 1299 3275 Διόπερ
1355 3206 1427 3269 ὡς
1476 3207 1552 3258 ἐτι
1606 3207 1787 3277 καιρός

234 3298 414 3358 ἐστιν,
445 3292 694 3347 ἐντεῦθεν
727 3293 821 3363 ἥδη
864 3295 1115 3364 παραινεῖ
1142 3293 1389 3356 εὔξασθαι
1426 3297 1514 3347 καὶ
1555 3296 1789 3348 ἀποδιδὸ-

234 3400 359 3439 ναι·
398 3383 478 3446 ὡς
521 3381 608 3444 ἂν,
643 3383 765 3442 τοὺς
793 3379 995 3432 ἐαυτῶν
1031 3379 1325 3449 θησαυροὺς
1358 3384 1785 3452 ταμιευσάμενοι,

234 3476 387 3529 κατὰ
437 3473 630 3543 καιρὸν
662 3470 805 3540 αὺτῷ
844 3471 1301 3540 προσκομίσωμεν,
1346 3471 1477 3536 ἄξιοι
1519 3473 1786 3541 γενόμενοι

233 3564 348 3617 τῶν
374 3560 717 3615 κυκλούντων
738 3559 893 3611 αὑτοῦ
921 3560 1008 3611 τὸν
1035 3559 1231 3629 θρόνον.
1260 3560 1459 3622 Πάντες
1486 3560 1589 3629 γὰρ
1612 3561 1788 3631 κύκλῳ

238 3651 409 3705 αὑτοῦ
441 3649 818 3719 προσοίσουσιν
845 3647 989 3715 αὑτῷ
1014 3647 1174 3716 δῶρα,
1204 3647 1407 3717 φοϐερῷ
1436 3649 1541 3700 δντι
1570 3653 1675 3712 τοῖς
1712 3651 1783 3719 μὴ

240 3739 642 3811 πλησιάζουσιν
678 3736 853 3806 αὐτῷ,
886 3737 1014 3806 μηδὲ
1046 3736 1111 3789 τὰ
1125 3736 1268 3806 δῶρα
1293 3738 1664 3808 προσφέρουσι.
1700 3741 1787 3792 Διὸ

241 3831 588 3896 ἐπιλέγεταιο
614 3826 698 3889 Τῷ
721 3826 939 3893 φοϐερῷ
959 3825 1054 3878 καὶ
1072 3826 1469 3894 ἀφαιρουμένῳ
1491 3831 1787 3897 πνεύματα

237 3919 573 3985 ἀρχόντων,
608 3912 827 3981 φοϐερῷ
851 3914 1004 3981 παρὰ
1032 3914 1151 3978 τοῖς
1171 3916 1492 3978 ,βασιλεῦσι
1517 3918 1623 3985 τῆς
1654 3918 1781 3987 γῆς.

238 4006 315 4059 Τὸ
335 4005 469 4076 γὰρ,
502 4004 585 4055 Οὐ
609 4001 693 4070 μὴ
724 4003 1032 4069 καταμείνῃ
1065 4003 1126 4054 τὸ
1153 4003 1379 4071 πνεῦμά
1390 4022 1505 4071 μου
1530 4005 1625 4056 ἐπὶ
1652 4006 1786 4071 τοὺς

236 4094 415 4158 υἱοὺς
447 4088 786 4158 ἀνθρώπων,
830 4089 1137 4159 λεχθήσεται
1176 4092 1266 4144 καὶ
1308 4093 1391 4144 ἐπ’
1435 4094 1647 4146 ἐκείνων
1680 4096 1784 4147 τῶν

239 4199 377 4235 ποτε
410 4181 512 4251 μὲν
542 4178 810 4248 ἀρχόντων
852 4179 941 4229 καὶ
983 4179 1287 4248 ἡγουμένων
1324 4182 1782 4251 χρηματισάντων,

237 4272 333 4323 καὶ
382 4268 698 4335 Πνεύματος
735 4266 884 4333 ἁγίου
919 4266 1366 4331 καταξιωθέντων,
1396 4270 1453 4320 οὐ
1486 4270 1589 4339 μὴν
1626 4271 1785 4336 ἀξίως

240 4358 561 4426 βιωσάντων
582 4354 681 4422 τῆς
705 4354 934 4423 χάριτος·
956 4348 1130 4421 ἀφ’ὧν
1154 4357 1453 4426 ἀφαιρεῖται
1471 4358 1529 4409 τὸ
1552 4359 1780 4429 πνεῦμα,

1892 636 1979 689 nis
2004 649 2247 689 vocatum
2283 643 2401 700 est;
2436 641 2759 703 quapmpter
2780 642 2906 687 tunc
2935 633 3127 688 festum
3160 644 3299 704 aget,
3336 644 3416 688 ut-

1893 733 2014 794 pote
2064 728 2116 776 in
2166 732 2403 792 tempore
2434 737 2532 776 suo
2571 722 2953 791 promissiones
3000 723 3147 792 regni
3185 724 3418 780 cmlestis

1897 821 2261 881 accepturum.

1962 981 2122 1037 Vens.
2153 982 2236 1045 12,
2266 983 2347 1037 l3.
2388 982 2562 1036 Vovete
2596 994 2643 1035 et
2686 982 2877 1036 reddite
2915 982 3132 1035 Domino
3164 982 3266 1035 Deo
3303 994 3415 1035 vota

1893 1082 2080 1133 vestra,
2112 1088 2280 1124 omnes
2314 1072 2399 1141 qui
2444 1072 2493 1123 in
2541 1071 2755 1123 circuitu
2786 1072 2893 1138 ejus
2923 1073 3042 1124 estis
3078 1088 3095 1124 :
3126 1071 3343 1125 terribili
3368 1076 3415 1127 et

1893 1161 1941 1214 ei
1968 1162 2054 1228 qui
2086 1160 2251 1226 aufert
2279 1160 2491 1227 spiritus
2519 1159 2822 1227 principum,
2856 1160 3074 1211 terribili
3102 1160 3237 1227 apud
3265 1176 3401 1229 reges

1899 1259 2067 1302 teme.
2100 1250 2359 1302 Absoluto
2385 1248 2451 1302 de
2483 1248 2572 1301 Dei
2612 1249 2813 1316 judicio
2846 1264 3109 1314 sermone,
3145 1248 3411 1303 hortantis

1894 1352 2042 1390 more
2070 1336 2307 1405 praecipit
2356 1337 2509 1390 nobis
2562 1344 2617 1388 ut
2646 1351 2928 1391 voveamus
2962 1344 3013 1389 et
3042 1336 3262 1390 Domino
3303 1336 3411 1390 Deo

1894 1434 2077 1477 nostro
2108 1434 2227 1477 vota
2255 1424 2536 1478 reddamus
2566 1443 2578 1478 :
2614 1424 2737 1477 dum
2764 1424 2934 1478 adhuc
2958 1424 3008 1477 in
3037 1425 3280 1493 praesenti
3310 1425 3418 1480 vita

1895 1521 2103 1580 tempus
2147 1513 2314 1573 adest,
2346 1520 2403 1564 ut
2437 1513 2489 1565 id
2520 1528 2740 1580 agamus
2786 1528 2885 1567 nos
2940 1514 3241 1567 necessario
3268 1528 3415 1567 com-

1895 1612 2093 1658 monet.
2124 1602 2259 1656 Vota
2296 1611 2468 1657 autem
2502 1604 2879 1671 promissiones
2910 1620 3214 1673 nuncupare
3244 1604 3412 1671 solet;

1895 1710 2059 1763 quare
2084 1694 2281 1747 dictum
2314 1701 2397 1747 est
2428 1712 2439 1746 :
2469 1693 2527 1746 Si
2564 1703 2733 1747 votum
2780 1696 2991 1757 caveris,
3016 1712 3075 1747 ne
3104 1695 3272 1747 tardes
3301 1694 3419 1753 red:

1895 1782 2042 1835 dere:
2075 1783 2251 1835 melius
2282 1784 2414 1835 enim
2433 1793 2506 1835 est
2531 1800 2629 1836 non
2661 1801 2852 1849 vovere,
2876 1802 3029 1853 quam
3051 1802 3221 1838 vovere
3243 1794 3289 1838 et
3316 1802 3419 1841 non

1829 1852 1869 1904 Β
1898 1871 2104 1925 reddere
2132 1874 2197 1925 ⁷ο.
2227 1872 2604 1941 Unusquisque
2644 1889 2769 1943 ergo
2812 1852 3053 1928 nostrum
3085 1876 3414 1944 propositum

1892 1967 1944 2013 et
1976 1960 2384 2027 promissionem
2412 1976 2584 2025 suam,
2620 1977 2715 2014 ceu
2759 1970 2937 2015 votum
2972 1962 3179 2026 reddat,
3214 1979 3420 2017 memor

1892 2047 2015 2100 dicti
2052 2048 2194 2101 illius
2221 2066 2233 2100 :
2269 2047 2491 2101 Immola
2518 2049 2624 2102 Deo
2654 2052 2967 2117 sacriﬁcium
3003 2050 3194 2114 laudis,
3222 2062 3271 2106 et
3302 2053 3418 2106 red-

1892 2135 1953 2187 de
1983 2135 2200 2187 Domino
2230 2146 2345 2187 vota
2376 2148 2465 2189 tua
2495 2152 2512 2188 :
2546 2146 2592 2189 et
2620 2137 2792 2189 invoca
2824 2155 2898 2191 me
2922 2139 2975 2190 in
3005 2140 3088 2193 die
3118 2140 3415 2195 tribulatio-

1892 2223 1993 2285 nis,
2030 2232 2078 2275 et
2108 2240 2284 2276 eruam
2330 2233 2395 2287 te,
2427 2234 2471 2277 et
2518 2225 2830 2293 gloriﬁcabis
2861 2244 2939 2279 me
2961 2229 3023 2281 τί.
3051 2227 3201 2281 Nunc
3233 2229 3412 2297 igitur,

1893 2313 1985 2378 ait,
2020 2312 2264 2369 Voveteet
2294 2314 2502 2370 reddite.
2531 2314 2760 2386 Tempus
2793 2315 2931 2372 enim
2964 2315 3129 2368 aderit
3158 2332 3263 2387 quo
3295 2333 3415 2370 om-

1892 2419 1987 2458 nes
2014 2404 2102 2472 qui
2134 2406 2185 2458 in
2219 2406 2445 2459 circuitu
2472 2407 2586 2473 ejus
2618 2414 2740 2459 sunt
2762 2405 2982 2460 afferent
3003 2420 3238 2461 munera.
3283 2404 3414 2458 Nam

1890 2501 2127 2562 tempore
2153 2495 2299 2563 regni
2330 2495 2496 2563 ipsius
2520 2512 2657 2565 reges
2689 2496 2901 2550 Tharsis
2924 2507 2970 2549 et
2993 2498 3174 2550 insula:
3201 2513 3415 2551 munera

1892 2583 2123 2649 o/Terent,
2153 2599 2289 2652 reges
2330 2584 2558 2636 Arabum
2599 2594 2647 2637 et
2692 2584 2832 2638 Saba
2878 2586 3013 2637 dona
3056 2585 3327 2649 adducent,
3365 2596 3416 2640 et

1891 2670 2183 2723 adorabunt
2230 2688 2343 2725 eum
2400 2690 2571 2727 omnes
2602 2690 2737 2743 reges
2786 2684 2934 2727 terra:
2962 2675 3029 2729 ".
3056 2673 3205 2728 Tunc
3237 2676 3419 2744 ipsum

1890 2758 1942 2811 in
1979 2761 2168 2813 throno
2199 2761 2379 2829 gloriae
2423 2778 2531 2817 sua:
2560 2763 2850 2825 sedentem,
2883 2777 3067 2817 omnes
3099 2778 3219 2815 eum
3259 2764 3427 2819 donis.

1891 2847 2205 2912 adorabunt,
2246 2849 2296 2901 id
2327 2859 2427 2913 est,
2453 2866 2571 2903 cum
2604 2852 2737 2914 suis,
2772 2866 2907 2919 quos
2947 2850 3188 2915 alIerent,
3229 2851 3427 2905 fructio.

1888 2936 2053 2991 tibus.
2084 2937 2285 2991 Idcirco
2312 2938 2436 2991 dum
2463 2940 2636 2993 adhuc
2664 2948 2872 3009 tempus
2896 2949 2996 3007 est,
3028 2952 3207 2995 monet
3244 2950 3299 2996 ut
3322 2959 3413 2996 vo-

1888 3040 2105 3081 veamus
2151 3037 2203 3081 et
2259 3028 2561 3091 reddamus,
2594 3038 2650 3082 ut
2694 3044 2814 3081 cum
2869 3030 3148 3087 thesauros
3198 3040 3424 3086 nostros.

1888 3114 2303 3177 eondiderimus,
2348 3132 2440 3171 eos
2484 3125 2779 3186 opportuno
2812 3126 3047 3187 tempore
3087 3121 3185 3189 ipsi
3222 3120 3409 3175 εσθαι-

1887 3219 2027 3267 ῐηιις,
2052 3205 2197 3274 digni
2240 3206 2406 3261 habiti
2448 3215 2506 3260 ut
2537 3210 2674 3260 inter
2700 3222 2791 3261 eos
2822 3209 2911 3276 qui
2941 3209 3191 3262 thronum
3240 3209 3409 3277 ipsius

1884 3291 2218 3346 circumdant
2255 3308 2681 3348 annumeremur.
2714 3292 2911 3348 Omnes
2932 3296 3071 3348 enim
3094 3295 3150 3348 in
3183 3296 3407 3349 circuitu

1884 3379 1999 3447 ejus
2021 3381 2240 3435 afferent
2269 3382 2366 3451 ipsi
2410 3397 2649 3445 munera,
2678 3383 2767 3451 qui
2796 3398 2901 3436 non
2932 3383 3306 3437 accedentibus
3340 3388 3406 3437 ad

1885 3484 2028 3529 eum,
2076 3486 2174 3525 nec
2227 3486 2446 3524 munera
2496 3472 2571 3524 illi
2617 3471 2958 3525 oﬂerentibus
3006 3472 3262 3527 terribilis
3298 3481 3403 3529 est.

1884 3556 2057 3620 Quare
2082 3558 2157 3611 sic
2178 3558 2513 3613 concluditur
2542 3576 2555 3612 :
2588 3558 2826 3611 Terribili
2850 3568 2899 3612 et
2926 3560 2972 3612 ei
2998 3561 3085 3628 qui
3106 3560 3275 3627 aufert
3301 3561 3408 3629 spi-

1884 3646 2014 3697 ritus
2066 3646 2370 3713 principum,
2423 3646 2635 3698 terribili
2682 3646 2817 3713 apud
2872 3664 3008 3717 reges
3058 3657 3225 3703 terra'.
3271 3649 3405 3704 Illud

1882 3736 2021 3788 enim
2064 3753 2076 3787 :
2108 3734 2227 3788 Non
2254 3736 2565 3804 permanebit
2593 3740 2806 3803 spiritus
2832 3756 2972 3793 meus
3004 3742 3055 3792 in
3084 3740 3207 3807 ﬁliis
3237 3740 3406 3793 homi-

1884 3841 2004 3877 num
2022 3826 2086 3889 ⁷³,
2122 3826 2186 3879 de
2215 3825 2319 3881 illis
2348 3841 2559 3895 quoque
2584 3827 2790 3881 dicetur
2832 3829 2921 3897 qui
2964 3830 3089 3883 olim
3136 3830 3422 3900 principes.

1882 3921 1935 3967 et
1965 3914 2127 3967 duces
2155 3914 2457 3979 audiebant,
2490 3926 2543 3969 et
2571 3916 2770 3984 Spiritu
2800 3926 2984 3972 sancto
3012 3919 3210 3988 dignati
3237 3931 3361 3974 sunt
3386 3936 3402 3984 ;

1884 4001 1977 4054 sed
2028 4016 2132 4055 non
2168 4001 2325 4071 digno
2374 4010 2588 4070 accepta
2635 4006 2801 4073 gratia
2853 4007 3010 4059 modo
3045 4006 3290 4061 vixerunt
3326 4026 3339 4061 :
3373 4023 3405 4062 a

1882 4088 2075 4156 quibus
2115 4090 2334 4157 spiritus
2371 4089 2660 4153 auferetur,
2694 4099 2752 4144 ut
2780 4107 2843 4145 eo
2869 4094 3088 4161 'privati,
3114 4096 3404 4161 promerito

1882 4179 2143 4245 supplicio
2170 4178 2449 4232 dedantur.
2485 4178 2785 4234 Secundum
2817 4179 3192 4251 Symmachum
3225 4198 3351 4237 vero
3384 4202 3399 4238 :

1882 4267 2210 4336 Legislatori,
2251 4268 2503 4336 auferenti
2525 4269 2725 4338 quidem
2750 4272 2986 4337 spiritum
3013 4270 3219 4334 ducum,
3254 4272 3403 4325 terri-

1890 4361 1982 4413 bili
1998 4370 2167 4415 autem
2186 4362 2383 4431 regibus
2407 4371 2573 4417 terrar.

238 4444 411 4507 ὅπως,
484 4440 830 4510 στερηθέντες
875 4441 1067 4503 αὐτοῦ,
1108 4445 1173 4511 τῇ
1226 4446 1561 4516 προσηκούσῃ
1610 4449 1939 4519 παραδοθῶσι
1969 4451 2218 4520 τιμωρίᾳ.
2286 4450 2435 4502 Κατὰ
2483 4451 2539 4502 δὲ
2585 4450 2675 4501 τὸν
2724 4450 3042 4537 Σύμμαχον,
3100 4450 3180 4515 Τῷ
3234 4470 3403 4520 νομο-

236 4535 407 4603 δότῃ,
440 4534 787 4602 ἀφαιροῦντι
811 4533 925 4600 μὲν
960 4534 1187 4602 πνεῦμα
1212 4536 1530 4605 ἡγεμόνων,
1563 4541 1783 4611 φοϐερῷ
1819 4541 1883 4594 δὲ
1904 4541 2024 4606 τοῖς
2046 4542 2365 4604 βασιλεῦσι
2391 4540 2496 4609 τῆς
2530 4540 2642 4609 γῆς
2790 4540 2822 4570 ”

237 4648 350 4700 ΕΙΣ
399 4648 487 4699 ΤΟ
535 4646 753 4699 ΤΕΛΟΣ
788 4646 1323 4743 Υξίξῗῶωίξὲπλί,
1362 4652 1641 4706 ΨᾹΛΜΟΣ
1693 4656 1777 4725 Τῼ

1892 4658 1928 4708 ι.
1968 4656 2033 4708 IN
2070 4656 2271 4709 FINEM
2308 4654 2438 4709 pno
2476 4618 2777 4743 rogauit,
2815 4654 3126 4743 PSALMUS
3158 4659 3400 4719 ASAPH.

840 4715 1027 4765 ΑΣΑΦ.
1068 4717 1197 4782 οςι.

312 4821 489 4890 Φωνῇ
522 4839 641 4889 μου
685 4820 831 4890 πρὸς
863 4822 1076 4891 Κύριον
1116 4823 1419 4891 ἐκέκραξα,
1467 4828 1638 4897 φωνῇ⁴
1665 4848 1779 4897 μου

2521 4722 2750 4778 LXXVI.

1947 4832 2107 4887 Vsus.
2136 4834 2188 4885 2.
2244 4832 2375 4893 Voce
2408 4848 2522 4884 mea
2568 4833 2636 4885 ad
2683 4834 2960 4889 Dominum
3012 4838 3250 4903 clamavi,
3284 4858 3403 4897 voce

240 4910 393 4978 πρὸς
426 4909 536 4961 τὸν
570 4908 741 4970 Θεὸν,
780 4908 876 4960 καὶ
906 4912 1201 4978 προσέσχε
1221 4930 1337 4978 μοι.
1367 4914 1452 4983 Τῷ
1487 4917 1580 4984 μὲν
1615 4918 1778 4985 Ἀσάφ

1892 4940 1988 4975 nea
2031 4924 2098 4976 ad
2130 4924 2313 4987 Deum,
2341 4932 2388 4975 et
2426 4924 2641 4977 intendit
2698 4927 2840 4981 mihi.
2887 4926 3129 4983 Psalmus
3176 4931 3241 4984 ab
3284 4932 3416 5000 ipso,

242 5000 454 5069 εῐρηται
486 4999 515 5049 ὀ
555 4995 781 5064 ψαλμὸς,
834 4997 1111 5064 ἀνήνεκται
1157 4998 1211 5049 δὲ
1252 5002 1328 5061 εἰς
1372 5003 1646 5069 πρόσωπον
1688 5006 1778 5058 τοῦ

1892 5012 2051 5080 \sapb
2081 5013 2253 5067 dictus
2279 5021 2361 5067 est
2380 5052 2394 5077 ,
2419 5011 2647 5066 refertur
2677 5026 2851 5070 autem
2886 5018 2948 5071 ad
2976 5033 3257 5086 personam
3287 4995 3395 5075 ldi-

256 5088 507 5157 Ἱδιθοὺμ,
532 5088 669 5156 ὑπὲρ
687 5080 747 5138 οὗ
769 5086 836 5139 τὰ
863 5088 1199 5159 ἐμφερόμενα
1218 5091 1292 5159 τῷ
1318 5092 1509 5163 ψαλμῷ
1538 5099 1780 5150 συνετάτ-

1892 5100 2044 5161 νιιιιηι,
2065 5117 2162 5170 pro
2191 5117 2295 5170 quo
2309 5116 2371 5155 ea
2399 5117 2516 5169 quae
2541 5102 2592 5154 in
2617 5105 2821 5171 psalmo
2842 5106 3083 5159 feruntur
3103 5109 3410 5176 composita.

240 5195 382 5230 τετο.
418 5177 579 5227 Ὅθεν
603 5178 631 5226 ὁ
677 5176 980 5245 Σύμμαχος,
1022 5179 1120 5231 Διὰ
1163 5180 1429 5249 Ἰδιθοὺμ,
1461 5187 1488 5235 ὁ
1525 5186 1579 5236 δὲ
1626 5188 1781 5240 Ἀκύ-

1892 5198 2026 5244 sunt.
2063 5190 2208 5245 Unde
2260 5190 2638 5262 Symmachus,
2676 5192 2894 5261 Propter
2934 5192 3184 5256 ldithum,
3208 5197 3401 5263 Aquila

241 5265 356 5328 λας,
420 5264 549 5319 Ἐπὶ
600 5264 861 5331 Ἰδιθοὺμ,
920 5269 1273 5336 ὴρμήνευσαν.
1325 5272 1431 5322 Καὶ
1484 5273 1575 5324 νῦν
1631 5277 1781 5343 μένό

1892 5291 2024 5335 νει-ο.
2054 5276 2219 5343 Super
2249 5275 2479 5329 Iditlmm
2509 5278 2845 5345 interpretati
2878 5288 3021 5335 sunt.
3044 5279 3108 5331 Et
3137 5279 3247 5347 jam
3289 5284 3403 5351 qui-

254 5355 447 5424 ’Λσὰφ,
482 5355 606 5415 τοὺς
652 5352 791 5421 μετὰ
830 5356 1010 5423 χεῖρας
1043 5357 1224 5424 λόγους
1272 5359 1547 5423 συντάξας,
1597 5362 1777 5436 ὥσπερ

1892 5365 1995 5418 lem
2021 5366 2195 5432 Asaph
2219 5366 2315 5419 hos
2339 5380 2610 5418 sermones
2643 5368 2741 5422 abs
2771 5385 2828 5423 se
2844 5369 3018 5423 editos
3038 5368 3192 5435 quasi
3228 5371 3401 5440 magi-

220 5438 547 5504 ὃιὸἁσκαλος
577 5440 795 5510 μαθητῇ
817 5441 1106 5526 ἐμμελετᾷν
1130 5443 1203 5511 τῷ
1238 5444 1461 5515 Ἶδιθοὺμ
1488 5452 1777 5519 παραδέδω-

1892 5466 1989 5511 ster
2024 5458 2283 5526 discipulo
2307 5458 2405 5525 ipsi
2444 5456 2669 5510 lditbum
2714 5461 2780 5513 ad
2805 5460 3162 5514 meditandum
3191 5438 3355 5515 tradit
3381 5480 3399 5519 :

192 5538 288 5571 κεν
336 5556 349 5569 .
383 5537 415 5605 ἦ
447 5534 639 5597 ὥσπερ
695 5525 875 5592 ἰατρὸς
902 5530 977 5597 τῷ
1019 5531 1301 5600 θεραπείας
1338 5533 1564 5606 δεομένῳ
1606 5541 1774 5609 σωτή-

1892 5545 1957 5598 rel
2008 5525 2168 5612 quasi
2211 5544 2446 5598 medicus
2495 5545 2541 5597 ei
2580 5546 2673 5614 qui
2722 5550 2926 5605 medela
2981 5556 3115 5618 eget,
3171 5550 3407 5604 salutare

272 5677 335 5715 τῇ
368 5686 532 5744 εςςιο
593 5694 649 5739 τ,
690 5676 760 5735 ’5,
795 5674 842 5725 4.
914 5679 954 5708 ⁷⁸
997 5680 1129 5734 Psal.
1165 5698 1315 5747 xm,
1354 5685 1429 5751 ll,
1474 5688 1553 5740 l3.
1634 5692 1673 5719 τ’
1713 5689 1791 5744 l’s:

1892 5696 2039 5759 uxr‘,
2080 5694 2159 5755 l0,
2200 5694 2278 5748 ll.
2354 5694 2396 5726 ⁷³
2433 5694 2559 5748 Gen.
2594 5714 2675 5751 γι.
2708 5701 2759 5753 5.
