3796 6342
144 421 246 477 ειν·

1265 418 1754 478 COMMENTARIA
1784 418 1847 474 IN
1885 420 2221 477 PSALMOS.

3216 423 3329 479 890-

149 520 526 594 ὲπιῦοωμὲνων
556 524 746 587 αὐτόν.
779 530 840 583 Εἰ
867 531 974 603 γὰρ
1022 532 1145 603 ἅμα
1193 531 1269 601 τῷ
1299 533 1395 602 τὴν
1440 531 1617 603 φωνὴν
1642 532 1952 603 ἀναπέμψαι
1978 532 2170 601 ᾔσθετο
2212 532 2457 601 ἐπηκόου»
2491 530 2969 603 αὗτοῦσγενομένου
3006 532 3098 586 τοῦ
3166 533 3335 612 Θεοῦν

155 619 325 679 αὐτοῖς
347 612 528 684 ἔργοις
555 615 861 672 ἐδιδάσκετο
899 620 1166 691 πανταχοῦ
1195 623 1439 691 παρεῖναι
1458 620 1518 673 τὸ
1572 620 1739 685 Θείον,
1782 623 1874 674 καὶ
1930 621 2051 684 τοὺς
2096 621 2194 691 τῆς
2259 620 2516 690 Προνοίας
2568 620 2871 691 ὀφθαλμοὺς
2935 624 3132 692 ὲφορᾷν
3196 622 3325 687 τοὺς

153 705 344 770 ἀξίους.

228 815 394 870 Ἀλλὰ
448 820 542 872 καὶ
593 819 663 873 ἐν
716 822 902 890 ἡμέρᾳ
954 823 1210 892 allii-sibe
1250 822 1565 895 μου,.φησὶ,
1600 824 1702 876 τὸν

1869 817 2028 874 Vens.
2063 820 2115 875 '5.
2158 818 2261 872 Sed
2289 818 2445 872 etiam
2476 819 2527 870 in
2566 818 2648 871 die
2675 818 3026 873 tribulationis
3063 837 3208 886 metu,
3242 824 3328 879 in-

151 910 294 963 Θεὸν
323 907 658 976 ἐξεζήτησα
688 913 815 976 ταῖς
845 914 1011 979 χερσί
1039 931 1154 982 μου
1180 915 1395 978 νυκτὸς
1431 913 1700 966 ἐναντίον

146 998 351 1060 αὑτοῦ,
388 998 491 1049 καὶ
538 1000 612 1051 οὐ
656 999 742 1066 μὴ
790 1001 1116 1068 ἠπατήθην.
1144 1004 1251 1054 Καὶ
1278 1004 1355 1054 ὅτι
1390 1002 1484 1071 μὲν
1515 1001 1701 1053 πολλαὶ

144 1090 198 1141 αἱ
246 1088 466 1157 θλίψεις
511 1088 618 1142 τῶν
666 1089 886 1142 δικαίων
935 1091 1154 1161 (ἐπειδὴ
1186 1085 1519 1162 ἀπείραστος
1565 1091 1715 1160 ἀνὴρ

143 1178 453 1247 ἀδόκιμος),
473 1178 741 1241 παντοίως
762 1180 1092 1234 διδάσκουσιν
1123 1184 1169 1233 οἱ
1193 1181 1319 1233 θεῖοι
1344 1181 1518 1248 λόγοι·
1546 1180 1618 1243 ὡς
1646 1181 1709 1233 δὲ

141 1268 458 1336 θλιὸόμενοι
505 1268 783 1337 κρείττους
824 1269 1025 1322 ἑαυτῶν
1050 1270 1336 1337 ἐγίγνοντο,
1360 1268 1578 1339 δοκιμήν
1605 1270 1701 1339 τῆς

141 1357 352 1409 ἑαυτῶν
377 1358 716 1427 παρέχοντες
740 1359 1028 1428 ὑπομονῆς,
1058 1361 1115 1411 οὐ
1141 1362 1243 1431 μὴν
1270 1360 1609 1430 συγχεόμενοι
1629 1360 1703 1421 ὡς

142 1448 417 1517 είλιγγιᾷν
448 1448 545 1498 καὶ
569 1445 929 1517 Θορυϐεῑσθαι,
957 1449 1187 1501 διδάσκει
1213 1451 1241 1501 6
1262 1449 1446 1513 εἰπὼν,
1464 1451 1557 1501 Ἐν
1582 1451 1710 1503 θλί-

140 1540 237 1603 ψει
271 1532 636 1600 ἐπλάτυνός
669 1552 763 1604 με,
796 1538 888 1589 καὶ
926 1540 954 1590 6
993 1538 1132 1599 Θεῖος
1163 1540 1472 1601 Ἀπόστολος
1499 1538 1699 1605 λέγων’

142 1626 522 1692 θλιϐόμενοι,
556 1625 692 1677 ἀλλ’
725 1628 796 1679 οὐ
823 1628 1351 1695 στενοχωρούμενοι
1369 1645 1382 1658 ο
1417 1629 1711 1680 καταϐαλ-

138 1714 409 1781 λόμενοι,
436 1713 704 1766 ἀλλὀὐκ
727 1714 1124 1784 ἀπολλύμενοι
1142 1734 1154 1746 ·
1184 1717 1539 1786 διωκόμενοι,
1567 1716 1708 1770 ἀλλ”

138 1801 247 1850 οὐκ
274 1802 869 1868 ἐγκαταλειπόμενοι.
907 1801 1088 1866 Οὕτως
1114 1799 1203 1856 οὖν
1228 1806 1319 1856 καὶ
1351 1805 1578 1857 ἐνταῦθά
1600 1822 1704 1874 φη-

140 1902 225 1941 σιν
244 1902 258 1915 ’
295 1889 409 1941 Ἐν
439 1888 635 1956 ᾑμέρᾳ
656 1890 908 1957 θλίψεώς
929 1909 1045 1960 μου
1070 1893 1175 1944 τὸν
1197 1894 1342 1946 Θεὸν
1365 1894 1711 1960 ἐξεζήτησαν

138 1978 196 2032 οὐ
222 1978 337 2047 γάρ
370 1978 687 2030 ἀπέϐλεπον
727 1980 819 2031 ἐπὶ
854 1982 975 2042 τοὺς
1009 1980 1300 2044 Θλίὸοντας,
1332 1984 1438 2034 οὐδ’
1469 1984 1557 2035 ἐπὶ
1583 1986 1704 2048 τοὺς

138 2067 549 2139 ἐπαιρομένους
568 2083 581 2096 ’
615 2070 948 2139 ἐπιστρέφων
974 2070 1029 2121 δὲ
1057 2071 1287 2139 ἐμαυτοῦ
1317 2071 1375 2123 τὸ
1406 2073 1502 2142 τῆς
1531 2073 1701 2143 ψυχῆς

138 2159 293 2227 ὄμμα
345 2158 497 2227 πρὸς
539 2157 635 2209 τὸν
677 2157 805 2209 Θεὸν
850 2158 967 2211 κατ’
998 2158 1156 2211 αὐτὸν
1184 2159 1271 2211 τὸν
1301 2159 1408 2227 τῆς
1449 2164 1704 2230 θλίψεως

141 2248 357 2318 καιρὸν,
378 2246 549 2299 αὑτὸν
575 2245 873 2315 ὲξεξήτουν.
891 2246 1139 2315 Ἐζήτουν
1167 2247 1222 2298 δὲ
1253 2250 1410 2301 αὐτὸν
1434 2252 1550 2312 ταῖς
1584 2267 1705 2320 χερ-

143 2339 193 2391 σί
222 2357 353 2409 μου,
383 2336 767 2406 δεδιδαγμένος
791 2336 1029 2406 ἐπαίρειν
1052 2338 1225 2400 ὁσίους
1252 2343 1435 2409 χεῖρας
1458 2341 1597 2392 κατὰ
1614 2342 1703 2394 τὸν

145 2430 432 2498 φάσκοντα
450 2427 610 2494 λόγον
625 2444 638 2457 ·
660 2428 952 2493 Βούλομαι
975 2426 1041 2478 δὲ
1062 2427 1198 2492 τοὺς
1223 2427 1439 2495 ἄνδρας
1460 2430 1706 2496 προσεύ-

145 2522 359 2586 χεσθαι
385 2557 403 2581 ,
458 2516 815 2583 ἐπαίροντας
869 2516 1073 2581 ὁσίους
1128 2517 1344 2584 χεῖρας.
1404 2520 1510 2570 Καὶ
1563 2517 1706 2571 τοῦτ’

147 2608 425 2678 ἔπραττον
456 2605 521 2656 οὑ
547 2604 617 2656 δι’
648 2603 858 2673 ἡμέρας
892 2604 1066 2673 μόνον,
1102 2605 1236 2657 ἀλλὰ
1264 2607 1356 2659 καὶ
1384 2608 1469 2660 διὰ
1496 2610 1703 2674 νυκτὸς,

145 2696 241 2759 τὰς
266 2695 470 2767 χεῖράς
505 2711 608 2764 μου
638 2695 874 2766 ἐπαίρων
905 2695 1137 2748 ἐναντίον
1176 2695 1357 2760 αὐτοῦ,
1388 2698 1477 2749 καὶ
1506 2697 1591 2750 διὰ
1611 2699 1707 2768 τῆς

146 2786 488 2857 προσευχῆς,
522 2784 617 2835 καὶ
645 2782 729 2835 διὰ
752 2783 867 2835 τῶν»
888 2782 1021 2852 πρὸς
1048 2782 1202 2835 αὑτὸν
1229 2784 1414 2852 φωνῶν
1442 2786 1705 2854 ἐπιζητῶν

146 2877 326 2929 αὐτόν.
359 2874 482 2936 Διὸ,
509 2873 682 2926 ταῦτα
727 2872 1000 2942 πράττων,
1030 2875 1146 2925 Οὐκ
1185 2873 1525 2940 ἠπατήθην·
1566 2874 1710 2944 εὗρί-

149 2983 303 3019 σκετο
338 2966 456 3034 γάρ
511 2981 601 3033 μοι
643 2962 994 3031 ζητούμενος’
1029 2963 1105 3015 διὸ
1130 2962 1428 3031 προσέσχε
1461 2981 1581 3031 μοι,
1616 2965 1706 3017 καὶ

144 3056 238 3118 τὰς
268 3051 479 3106 ἑαυτοῦ
506 3051 676 3113 ἀκοὰς
719 3052 838 3119 ἐμοὶ
870 3051 1133 3121 παρέσχεν
1172 3052 1310 3104 Ἀντὶ
1341 3052 1396 3103 δὲ
1432 3052 1543 3115 τοῦ,
1580 3053 1707 3117 Ταῖς

148 3147 317 3214 χερσί
342 3161 472 3213 μου
496 3142 718 3206 νυκτὸς
746 3142 1016 3195 ἐναντίον
1046 3142 1247 3205 αὐτοῦ,
1282 3143 1377 3194 καὶ
1422 3145 1529 3195 οὐκ
1555 3144 1706 3209 ἠπα-

148 3237 358 3301 τήθην,
393 3236 423 3286 6
454 3233 751 3301 Σύμμαχος
787 3229 968 3282 τοῦτον
1000 3231 1304 3299 ἡρμήνευσε
1345 3231 1433 3285 τὸν
1474 3233 1668 3301 τρόπον
1689 3249 1704 3263 ⁵

156 3321 216 3377 Ἡ
241 3322 381 3391 χείρ
423 3336 554 3388 μου
600 3316 818 3381 νυκτὸς
853 3316 1120 3369 ἐκτέτατο
1152 3316 1449 3385 διηνεκῶς.
1497 3319 1707 3388 Ταύτην

1796 909 1933 977 quit,
1956 909 2117 961 Deum
2143 909 2391 976 exquisivi
2416 907 2653 960 manibus
2675 909 2799 961 meis
2822 919 2965 961 nocte
2988 920 3167 963 contra
3188 930 3325 980 eum,

1795 1006 1843 1050 et
1881 1014 1980 1049 non
2030 1014 2144 1050 sum
2182 998 2438 1064 deceptus.
2474 997 2625 1061 Quod
2660 999 2840 1051 multa:
2886 998 2995 1052 sint
3038 1002 3326 1069 proborum

1796 1088 2135 1141 calamitates
2157 1088 2299 1154 (nam
2346 1088 2429 1139 vir-
2476 1102 2583 1139 non
2630 1095 2866 1142 tentatus
2898 1089 3154 1158 inglorius
3201 1092 3325 1161 est),

1797 1177 2101 1230 omnimode
2140 1177 2332 1230 docent
2370 1176 2562 1229 divinae
2604 1175 2896 1246 Scriptura:
2925 1197 2938 1231 :
2967 1179 3107 1247 quod
3147 1190 3327 1235 autem

1799 1265 1850 1317 in
1871 1267 2131 1320 arumnis
2146 1266 2525 1334 degentes-sibi
2551 1266 2689 1334 ipsis
2707 1269 3011 1335 superiores
3039 1272 3326 1333 evaserint,

1797 1356 2321 1425 experimentumque
2347 1356 2615 1423 patientia:
2636 1372 2746 1411 suae
2777 1356 3043 1421 dederint,
3078 1374 3185 1412 non
3208 1375 3330 1413 con-

1799 1443 1903 1498 fusi
1932 1443 2005 1496 ita
2037 1451 2094 1496 ut
2124 1443 2385 1511 vertigine
2418 1445 2721 1498 laborarent
2752 1455 2803 1499 et
2848 1448 3212 1513 turbarentur,
3250 1451 3341 1504 ita

1798 1534 1951 1587 docet
1980 1534 2089 1593 ille,
2132 1531 2197 1585 In
2232 1532 2568 1585 tribulatione
2592 1534 2833 1588 dilatasti
2863 1537 2987 1588 mihi
3007 1538 3083 1605 '5;
3118 1537 3329 1594 divinus

1799 1622 1921 1675 item
1954 1623 2241 1691 Apostolus
2272 1623 2383 1676 htec
2419 1624 2600 1687 tradit,
2637 1624 3041 1679 Tribulationem
3079 1630 3328 1696 patimur,

1799 1712 1887 1764 sed
1925 1727 2023 1763 non
2054 1713 2449 1780 angustiamur;
2488 1712 2783 1781 dejicimur,
2816 1716 2904 1768 sed
2940 1732 3037 1768 non
3068 1718 3339 1784 perimus:

1798 1802 2196 1869 persecutionem
2248 1804 2505 1869 patimur,
2554 1801 2642 1856 sed
2687 1821 2789 1857 non
2837 1798 3331 1875 derelinquimitr".

1802 1888 1889 1942 Sic
1920 1890 2083 1958 igitur
2109 1889 2197 1943 hic
2241 1891 2349 1944 ait:
2380 1890 2444 1944 In
2481 1890 2562 1944 die
2613 1892 2961 1947 tribulationis
3008 1912 3132 1947 mea:
3170 1896 3335 1948 Deum

1799 1981 2068 2049 exquisivi.
2127 1978 2242 2033 Non
2287 1980 2427 2034 enim
2490 1981 2555 2033 ad
2594 1982 2990 2037 tribulationem
3020 1984 3329 2051 inferentes,

1801 2083 1907 2122 non
1937 2068 2002 2121 ad
2036 2068 2271 2122 tumidos
2309 2068 2428 2123 illos
2456 2070 2838 2137 respiciebam;
2870 2073 2960 2126 sed
2989 2075 3147 2127 oculo
3179 2090 3330 2129 men-

1802 2153 1874 2211 tis
1901 2172 2031 2212 mea:
2075 2158 2141 2211 ad
2173 2156 2338 2211 Deum
2391 2157 2738 2212 tribulationis
2784 2166 3019 2228 tempore
3048 2176 3328 2225 converso,

1802 2246 1975 2316 ipsum
2009 2248 2376 2316 exquirebant.
2417 2246 2663 2302 Manibus
2696 2264 2822 2303 vero
2859 2251 2994 2304 meis
3026 2252 3330 2319 quaerebam

1801 2350 1943 2397 eum,
1975 2336 2251 2390 institutus
2283 2336 2346 2390 ad
2378 2336 2629 2390 levandas
2674 2346 2886 2392 sanctas
2916 2354 3106 2392 manus
3140 2355 3335 2393 secun-

1802 2425 1925 2477 dum
1958 2425 2170 2478 effatum
2201 2426 2330 2479 illud
2356 2445 2369 2479 :
2402 2425 2528 2479 Volo
2552 2438 2722 2479 autem
2749 2429 2883 2481 viros
2911 2445 3081 2493 orare,
3111 2428 3332 2484 levantes

1802 2524 2008 2569 sanctas
2049 2532 2231 2568 manus
2252 2516 2319 2570 ⁷⁷.
2344 2515 2507 2585 quue
2543 2530 2648 2569 non
2692 2517 2777 2571 die
2812 2518 3006 2581 solum,
3045 2519 3138 2573 sed
3173 2520 3332 2572 etiam

1802 2612 1958 2658 nocte
2000 2620 2190 2659 manus
2232 2619 2383 2659 meas
2430 2613 2618 2661 contra
2657 2620 2779 2660 eum
2813 2608 3114 2677 erigebam;
3166 2609 3237 2661 ita
3281 2619 3337 2662 ut

1802 2700 1908 2746 tam
1939 2696 2180 2749 oratione
2204 2712 2362 2765 quam
2404 2698 2628 2753 vocibus
2651 2698 2866 2753 emissis
2898 2698 3046 2751 illum
3088 2700 3339 2768 exquire-

1803 2798 1936 2837 rem.
1994 2783 2327 2855 Quapropter
2362 2786 2474 2840 hazc
2526 2801 2687 2854 agens
2740 2804 2841 2841 non
2888 2805 3001 2841 sum
3050 2789 3336 2856 deceptus:

1803 2887 1926 2927 nam
1952 2876 2279 2944 perquisitus
2310 2876 2398 2929 ille
2428 2877 2676 2930 inventus
2709 2891 2736 2929 a
2766 2892 2849 2930 me
2875 2876 2994 2939 fuit,
3036 2888 3083 2931 et
3118 2878 3337 2931 intendit

1804 2964 1950 3027 mihi,
1983 2979 2244 3033 auresque
2278 2965 2407 3017 mihi
2439 2966 2681 3032 praebuit.
2714 2966 2817 3018 Pro
2853 2966 2943 3019 illo
2972 2975 3169 3031 autem,
3214 2967 3335 3020 Ila-

1805 3051 1953 3104 nibus
1983 3052 2107 3103 meis
2138 3064 2282 3104 nocte
2310 3062 2491 3103 contra
2527 3069 2663 3115 eum,
2704 3061 2753 3104 et
2801 3068 2901 3105 non
2934 3070 3047 3105 sum
3070 3056 3341 3121 deceptus,

1807 3139 2157 3209 Symmachus
2200 3141 2301 3194 hoc
2345 3141 2503 3194 modo
2550 3142 2928 3210 interpretatus
2978 3151 3094 3207 est,
3148 3144 3335 3196 Manus

1805 3246 1919 3282 mea
1946 3239 2090 3282 nocte
2115 3239 2325 3282 extensa
2360 3240 2472 3282 erat
2509 3232 2735 3284 assidue.
2770 3231 2917 3285 Hane
2951 3232 3130 3301 itaque
3168 3235 3337 3284 maxi—

1807 3336 1947 3373 mam
1980 3328 2031 3373 et
2055 3321 2222 3373 solam
2254 3328 2446 3374 nactus
2476 3336 2591 3372 sum
2628 3321 3069 3374 consolationem.
3102 3318 3205 3374 Seu
3231 3322 3336 3374 alio

150 3413 240 3481 μὲν
270 3408 373 3465 οὖν
406 3407 558 3478 εἶχον
588 3408 844 3477 μεγίστην
876 3406 967 3458 καὶ
1010 3407 1172 3475 μόνην
1216 3408 1707 3477 παραμυθίαν.Ἀλ-

1811 3410 1988 3471 modo,
2020 3410 2321 3462 amictionis
2354 3426 2482 3464 mete
2506 3420 2740 3479 tempore
2776 3410 3041 3463 neminem
3070 3425 3131 3463 ex
3165 3410 3337 3464 homi-

146 3500 247 3565 λως
277 3502 365 3566 δὲ,
394 3498 612 3562 οὐδενὸς
637 3495 937 3566 ἠνειχόμην
968 3495 1290 3566 παρακαλεῖν
1333 3515 1396 3567 με
1434 3499 1525 3551 καὶ
1552 3499 1706 3569 θερα-

146 3592 335 3645 πεύειν
388 3588 671 3667 ἐθέλοντος
720 3585 999 3654 ἀνθρώπου
1030 3586 1086 3636 ἐν
1113 3584 1187 3654 τῷ
1222 3587 1317 3655 τῆς
1348 3585 1571 3655 θλίψεώς
1606 3604 1703 3657 μου

147 3680 350 3751 καιρῷ,
375 3677 475 3730 Διό
502 3675 741 3742 ἐπιλέγει
760 3691 773 3704 ·
816 3671 1175 3740 Ἀπηνήνατο
1200 3675 1638 3743 παρακληθῆναι
1665 3677 1703 3742 ἦ

144 3770 314 3838 ψυχή
348 3786 478 3839 μου
501 3782 526 3798 ο
561 3765 593 3836 ἢ
628 3765 765 3818 κατὰ
813 3762 903 3816 τὸν
945 3762 1250 3832 Σύμμαχον,
1282 3768 1399 3818 Οὐκ
1450 3766 1706 3820 ἐπείθετο

145 3857 620 3928 παρηγορεῖσθαι
664 3855 701 3920 ἠ
739 3853 906 3921 ψυχή
933 3868 1081 3921 μου·
1114 3854 1225 3905 ἀλλ’
1260 3855 1559 3922 ἀνθρώποις
1613 3856 1708 3924 μὲν

142 3952 241 4003 οὐκ
265 3946 601 4017 ἐπειθόμην,
634 3946 741 4007 τοῖς
770 3944 938 4006 ἄλλως
969 3962 1034 4013 με
1063 3946 1389 4014 παρηγορεῖν
1420 3945 1510 3997 καὶ
1537 3962 1707 4013 παρα-

141 4040 367 4093 καλεῖν·
412 4019 729 4105 ἐμνήσθην
771 4032 825 4085 δὲ
872 4034 976 4086 τοῦ
1022 4034 1164 4087 Θεοῦ
1202 4034 1295 4086 καὶ
1329 4034 1705 4101 ηὐφράνθηνο

142 4130 396 4199 ὰπήρκει
425 4125 537 4195 γάρ
575 4141 663 4193 μοι
704 4124 737 4192 ή
774 4122 865 4174 τοῦ
891 4121 1020 4175 Θεοῦ
1064 4124 1245 4193 μνήμη
1287 4123 1417 4193 πρὸς
1457 4125 1710 4196 εὐφροσύ-

140 4235 240 4288 νην
258 4236 275 4249 ·
306 4215 454 4270 ἀλλὰ
487 4212 583 4267 καὶ
609 4211 1011 4279 ἠδολέσχησα,
1040 4215 1188 4282 φησι,
1219 4214 1313 4266 καὶ
1341 4213 1712 4282 ὠλιγοψύχη-

141 4322 259 4361 σα·
296 4307 421 4361 ἀνθ’
454 4299 516 4357 οὗ
558 4305 586 4354 ὁ
627 4302 913 4370 Σύμμαχος
940 4304 1262 4372 ἡρμήνευσε,
1298 4302 1617 4355 Διελάλουν
1642 4304 1710 4355 ἐν

143 4396 383 4466 ἐμαυτῷ
435 4395 537 4448 καὶ
580 4392 1148 4459 ἐλειποθύμουνσὋτι
1184 4392 1296 4459 μὲν,
1325 4392 1472 4459 φησὶ,
1499 4390 1710 4459 ἐμαυτῷ

141 4488 451 4552 διελάλουν,
488 4481 909 4551 ὲλειποθύμουν·
956 4481 1047 4533 καὶ
1090 4482 1175 4531 ὅτε
1227 4480 1538 4549 ἡδολέσχουν
1584 4482 1709 4549 παρ’

145 4576 397 4646 ἐμαυτῷ,
432 4564 739 4643 τηνικαῦτα
772 4567 1087 4636 ὠλιγοψὺχει
1123 4567 1180 4620 τὸ
1211 4566 1422 4636 πνεῦμά
1451 4586 1550 4637 μου
1570 4584 1582 4597 ·
1621 4570 1709 4621 ὅτε

142 4662 200 4717 δὲ
228 4659 729 4734 ἀνεμιμνησκόμην
764 4657 856 4710 τοῦ
904 4655 1055 4717 Θεοῦ,
1090 4655 1417 4724 εὐφροσύνης
1452 4656 1711 4727 ἐπληρού-

1806 3499 1964 3551 nibus
1998 3498 2336 3551 admittebam
2369 3498 2458 3567 qui
2492 3499 2646 3552 vellet
2690 3513 2773 3552 me
2801 3497 3085 3558 consolari,
3132 3512 3194 3551 ac
3220 3513 3335 3553 me-

1803 3586 1914 3640 deri
1954 3586 2123 3639 dolori
2153 3601 2290 3639 meo.
2319 3584 2494 3650 Quare
2520 3586 2699 3640 subdit
2725 3604 2738 3639 :
2765 3615 2833 3625 —
2861 3584 3024 3642 Vens.
3053 3586 3107 3640 4.
3150 3585 3339 3640 Renuit

1803 3674 2063 3729 consolari
2086 3676 2260 3728 anima
2290 3677 2586 3740 mea;sive,
2614 3676 2905 3731 secundum
2935 3676 3337 3745 Symmachum,

1807 3764 1926 3818 Non
1968 3765 2373 3832 persuadebatur
2405 3767 2806 3820 consolationem
2850 3766 3118 3819 admittere
3160 3770 3344 3819 animi:

1806 3870 1956 3916 utea;
2003 3855 2093 3909 sed
2132 3855 2438 3909 hominibus
2477 3855 2689 3924 quidem
2732 3856 2996 3909 consolari
3045 3862 3097 3909 et
3130 3856 3339 3908 hortari

1804 3944 2107 3998 volentibus
2143 3960 2250 3998 non
2292 3945 2758 4013 obtemperabam;
2803 3960 2986 3999 verum
3035 3961 3228 3997 memor
3260 3947 3342 4013 [ui

1808 4035 1901 4089 Dei
1928 4045 1975 4089 et
2004 4035 2285 4088 delectatus
2332 4050 2445 4087 sum
2471 4049 2489 4087 :
2519 4050 2640 4088 nam
2680 4034 2771 4088 Dei
2802 4034 3056 4087 memoria
3108 4035 3173 4087 ad
3207 4035 3344 4087 laeti-

1805 4124 1933 4176 tiam
1979 4125 2107 4177 mihi
2158 4126 2290 4179 satis
2327 4132 2475 4189 erat;
2518 4124 2646 4192 quin
2678 4123 2832 4176 etiam
2878 4121 2970 4182 ait,
3025 4123 3345 4175 exercitatus

1806 4229 1942 4276 sum,
1976 4224 2023 4266 et
2057 4213 2242 4281 defecit
2276 4214 2486 4279 spiritus
2525 4228 2700 4274 meus;
2727 4227 2820 4279 pro
2848 4226 2954 4278 quo
2984 4209 3337 4280 Symmachus

1808 4303 2188 4372 interpretatus
2216 4312 2319 4366 est,
2350 4302 2617 4371 Loquebar
2646 4304 2697 4353 in
2743 4301 2935 4367 meipso
2962 4310 3009 4351 et
3048 4300 3219 4353 animo
3248 4300 3334 4352 de~

1809 4393 2063 4461 ficielvam.
2122 4394 2420 4459 Quoniam,
2480 4395 2669 4463 inquit,
2730 4394 2985 4461 loquebar
3024 4393 3151 4446 mihi
3201 4393 3335 4463 ipsi,

1809 4482 1987 4533 animo
2035 4480 2345 4534 deﬁciebam
2372 4500 2385 4534 :
2415 4490 2464 4535 et
2502 4496 2623 4534 cum
2666 4483 2993 4533 exercitarcr
3038 4483 3174 4550 apud
3222 4498 3339 4536 me-

1810 4571 2004 4637 ipsum,
2050 4578 2178 4623 tunc
2224 4570 2504 4623 deﬁciebat
2548 4570 2768 4638 spiritus
2806 4586 2990 4635 meus;
3040 4586 3159 4623 cum
3211 4586 3348 4625 vero

1810 4658 1902 4714 Dei
1949 4660 2280 4723 recordarer,
2316 4660 2494 4714 laetitia
2538 4660 2819 4728 replebar;
2874 4660 2966 4714 sed
3020 4661 3175 4714 etiam
3216 4676 3339 4714 cum

149 4773 261 4825 μην
281 4771 297 4786 ο
327 4753 469 4807 ἀλλὰ
495 4752 589 4803 καὶ
618 4749 792 4818 ζητῶν
822 4747 978 4800 αὐτὸν
1000 4749 1118 4808 ταῖς
1162 4745 1311 4814 χερσί
1360 4764 1457 4814 μου
1505 4748 1707 4811 νυκτὸς,

1813 4763 1932 4800 cum
1964 4748 2207 4802 manibus
2234 4750 2366 4802 meis
2395 4754 2553 4801 noctu
2581 4749 2939 4816 exquirerem,
2981 4765 3085 4802 non
3118 4750 3337 4803 aberra-

143 4846 249 4896 οὐκ
284 4839 632 4912 ήπατώμην⁰
668 4838 913 4909 εὓρισκον
938 4836 1043 4903 γὰρ
1085 4835 1266 4903 ὥσπερ
1308 4834 1527 4905 πλησίον
1579 4853 1715 4908 παρ-

145 4934 368 4986 ιστιῖντά
406 4948 521 5001 μοι,
559 4928 651 4980 καὶ
676 4928 771 4996 τῆς
804 4926 981 4994 φωνῆς
1002 4940 1100 4992 μου
1126 4925 1350 4992 ἐπήκοον
1381 4927 1708 4995 γιγνόμενον.

221 5017 753 5090 Προκατελιὶϐοντο
801 5013 1071 5082 φυλακὰς
1122 5014 1174 5063 οἱ
1230 5013 1519 5080 ὀφθαλμοί
1572 5032 1711 5081 μου,

142 5110 521 5177 ἐταράχθην,
548 5104 644 5157 καὶ
699 5104 808 5153 οὐκ
864 5098 1152 5161 ἐλάλησα.
1201 5097 1259 5148 Οί
1310 5096 1575 5161 θλίϐοντες
1623 5118 1709 5169 με,

148 5201 309 5268 (ξησὶ,
333 5193 590 5264 λογισμοὶ
616 5190 837 5243 τοιοῦτοι
864 5183 1016 5256 ἦσαν.
1037 5184 1243 5253 Ἐπειδὴ
1274 5185 1383 5255 γὰρ
1418 5186 1597 5257 ἐώρων
1616 5188 1712 5259 τὴν

147 5289 425 5357 ἀποϐολὴν
482 5281 583 5335 τοῦ
625 5280 771 5339 λαοῦ,
796 5278 860 5347 ἢν
905 5276 1185 5327 ὲϐἐσπισαν
1230 5275 1275 5326 οἱ
1326 5275 1714 5345 προλεχθὲντες

148 5376 489 5448 προφητικοὶ
518 5372 684 5437 λόγοι,
702 5365 1062 5435 ὲθορυϐούμην
1092 5363 1321 5426 εἰκότως,
1349 5366 1447 5417 καῖ
1475 5367 1710 5421 ἐνενόουν

150 5465 291 5535 πρὸς
339 5459 578 5532 ἐμαυτὸν
622 5457 669 5507 εἰ
712 5452 1061 5518 ἀθεράπευτον
1100 5450 1269 5514 αὐτοῖς
1316 5452 1476 5505 ἔσται
1519 5453 1578 5505 τὺ
1612 5472 1710 5507 κα-

149 5554 272 5608 κόν.
300 5553 372 5604 T6
405 5549 506 5619 μὲν
529 5546 635 5612 γὰρ
665 5538 1016 5606 διαϐληθῆναι
1040 5537 1226 5602 αὐτοὺς
1250 5540 1435 5613 καιρῷ
1478 5558 1580 5594 τινι
1615 5546 1707 5597 καὶ

1813 4833 1931 4887 bam
1958 4853 1971 4887 :
2007 4850 2126 4886 nam
2153 4835 2325 4903 ipsum
2351 4849 2447 4887 ceu
2474 4832 2729 4897 vicinum,
2766 4843 3079 4902 praesentem
3106 4833 3255 4897 mihi,
3285 4843 3347 4887 el

1808 4922 1926 4975 voci
1957 4938 2086 4977 mea:
2116 4924 2398 4992 propitium
2422 4921 2899 4990 deprehendebam.

1876 5012 2039 5067 Vsus.
2078 5013 2128 5067 5.
2169 5014 2583 5081 Anticipaverunt
2614 5014 2815 5081 vigilias
2845 5012 2979 5065 oculi
3004 5012 3120 5073 mei,
3158 5010 3337 5062 turba-

1810 5110 1891 5155 tus
1917 5111 2098 5156 sumet
2121 5120 2219 5156 non
2244 5120 2357 5155 sum
2399 5103 2616 5155 locutus.
2649 5103 3018 5171 Cogitationes
3059 5117 3176 5170 quae
3207 5101 3343 5153 mihi

1810 5193 2144 5247 amictionem
2172 5193 2447 5261 pariebant
2479 5193 2611 5245 tales
2646 5200 2818 5246 erant.
2851 5192 2985 5257 Quia
3027 5194 3168 5245 enim
3193 5191 3343 5259 abjev

1811 5286 2040 5338 ctionem
2070 5284 2269 5352 populi,
2303 5296 2460 5350 quam
2496 5282 2773 5333 memorati
2805 5280 3100 5349 prophetici
3136 5294 3343 5333 sermo-

1811 5388 1909 5427 nes
1959 5371 2229 5425 vaticinati
2256 5378 2396 5431 sunt,
2444 5369 2855 5436 prospiciebam,
2891 5368 3013 5437 jure
3052 5366 3341 5430 turbabar,

1813 5475 2127 5529 mecumque
2178 5458 2523 5528 reputabam,
2593 5474 2718 5511 num
2776 5459 3012 5525 ipsorum
3044 5458 3350 5511 calamitas

1814 5550 1929 5605 sine
1958 5547 2190 5605 remedio
2239 5545 2415 5601 futura
2458 5544 2547 5598 sit.
2592 5542 2722 5599 Nam
2748 5547 2889 5616 quod
2920 5558 3159 5605 tempore
3204 5560 3339 5616 quo-

225 5706 274 5736 η
314 5700 461 5756 ρεθι,
493 5712 564 5759 ιν,
596 5692 650 5745 2.
726 5689 770 5719 ⁷⁸
787 5685 830 5739 ιι
858 5686 969 5741 Cor.
1007 5700 1074 5751 tr,
1107 5687 1162 5752 8,
1194 5691 1242 5745 9.
1320 5694 1416 5748 ’τι
1453 5692 1590 5747 Tim.
1630 5709 1668 5749 ιι
1694 5735 1708 5762 ,
1746 5697 1800 5753 8.
