3834 6394
151 416 276 473 895
1300 429 1786 486 COMMENTARIA
1823 430 1890 486 IN
1925 428 2257 486 PSALMOS.
2306 488 2309 493 ,
2452 506 2477 540 δ
3248 420 3348 475 εει

160 531 362 601 ’Λσάφ
417 534 680 604 ἐποιεῖτο,
728 540 864 613 ὑπὲρ
911 542 1075 597 αὐτοῦ
1114 543 1205 597 τοῦ
1250 546 1473 617 ’Ῑδιθοὺμ
1515 549 1721 618 γράφωκ

1833 549 2025 599 minum
2047 545 2288 609 clamavi,
2316 560 2433 597 voce
2459 531 2570 597 mea
2589 544 2655 597 ad
2678 544 2860 607 Deum,
2887 552 2937 597 et
2960 538 3173 596 intendit
3194 538 3348 601 mihi,

151 623 249 676 τὸν
282 624 539 694 ψαλμὸν,
574 628 838 684 διδάσκων
874 651 933 685 τε
966 635 1123 688 αὐτὸν
1166 636 1372 703 λέγειν·
1419 638 1585 705 Φωνῇ
1617 656 1721 705 μοι

1832 645 2124 705 auctorque
2155 636 2229 688 illi
2263 643 2363 695 est,
2400 644 2455 687 ut
2490 650 2555 687 ne
2591 635 2677 689 Dei
2705 634 2928 688 consilia
2959 631 3224 685 curiosius
3255 644 3350 683 ex-

151 712 319 777 πρὸς
378 714 491 765 τὸν
539 719 758 784 Κύριον
779 721 1078 788 ἐκέκραξα,
1108 724 1269 791 φωνῇ
1308 743 1423 791 μου
1462 727 1605 792 πρὸς
1634 728 1721 777 τὸν

1833 728 2019 795 ploret,
2075 727 2165 781 sed
2192 725 2522 779 orationibus
2548 733 2715 784 vacet.
2757 726 2927 792 iisque
2954 722 3082 776 solis
3113 718 3353 773 intendat

154 800 340 861 Θεὸν,
373 804 479 854 καὶ
508 809 817 875 προσέσχε
831 828 929 876 μοι
946 828 959 840 ’
991 812 1250 863 παιδεύων
1269 813 1339 882 μὴ
1360 813 1721 882 πολυπραγμο

1832 814 2086 877 animum,
2124 812 2303 883 pietati
2346 813 2574 865 deditum
2628 820 2679 863 et
2711 811 2907 879 judicia
2948 809 3037 862 Dei
3084 808 3353 861 celebran-

152 893 264 941 νεῖν
294 892 410 951 τὰς
446 895 548 947 τοῦ
584 897 719 948 Θεοῦ
750 898 971 966 βουλάςο
1020 903 1198 969 εὐχαῖς
1227 902 1281 953 δὲ
1316 902 1602 970 σχολάζειν,
1646 902 1721 953 καί

1833 910 1959 955 tem.
2008 901 2137 953 Nam
2181 900 2709 965 incomprehensibilia
2747 909 2864 951 sunt
2893 898 3093 965 judicia
3123 895 3257 960 ejus,
3299 900 3351 946 et

149 978 395 1043 ταύταις
447 984 643 1049 μόναις
691 989 966 1057 προσέχειν
1014 991 1102 1041 τὸν
1149 991 1268 1042 νοῦν
1296 991 1608 1043 εὐσεϐοῦντα
1646 991 1721 1043 κατ

1833 992 2206 1059 investigabiles
2236 993 2328 1043 via!
2350 992 2458 1057 ejus
2479 991 2542 1041 ⁸ο.

147 1069 536 1138 εὐφημοῦντα
582 1074 679 1125 τοῦ
729 1075 859 1126 Θεοῦ
909 1077 1006 1138 τὰς
1050 1077 1269 1146 κρίσεις.
1302 1078 1736 1144 Ἁνεξερεύνητα
1767 1074 1868 1144 γὰρ
1896 1078 1966 1129 τὰ
1989 1079 2231 1145 κρίματα
2258 1079 2457 1140 αὐτοῦ,
2518 1076 2611 1129 καί
2642 1076 3066 1144 ἀνεξιχνίαστοι
3116 1075 3174 1125 al
3227 1069 3352 1125 ὁδοὶ

144 1178 371 1215 αυτου.
1097 1206 1108 1217 .

220 1255 340 1306 Καὶ
406 1252 582 1319 εἶπα,
627 1259 753 1311 Νῦν
801 1258 1103 1327 ἠρξάμην·
1141 1262 1285 1327 αὕτη
1326 1262 1362 1327 ἡ
1414 1263 1721 1323 ἀλλοίωσις

1897 1256 2063 1310 Vens.
2096 1256 2181 1308 Η.
2228 1256 2292 1306 Et
2314 1255 2444 1318 dixi,
2480 1254 2807 1321 Nunc‘carpi,
2843 1253 2949 1305 lucc
2975 1250 3191 1303 mutatio
3225 1246 3351 1300 dex-

151 1341 266 1408 τῆς
299 1342 531 1408 δεξιᾶς
566 1347 672 1399 τοῦ
702 1348 995 1414 Ὑψίστου.
1014 1351 1153 1402 Ἀντὶ
1182 1352 1364 1403 τούτου
1400 1354 1427 1403 ὁ
1462 1352 1555 1420 μὲν
1585 1351 1721 1402 Ἀκύ-

1828 1356 1949 1397 tera:
1974 1345 2252 1396 Altissimi.
2285 1343 2388 1394 Pro
2418 1344 2507 1395 illo
2537 1352 2711 1395 autem
2744 1344 2823 1395 sic
2854 1341 3042 1408 Aquila
3086 1339 3235 1397 dicit,
3281 1335 3349 1388 Et

150 1429 271 1493 λας,
322 1434 458 1488 Καὶ
511 1431 672 1497 εἶπα,
719 1439 1191 1507 φησὶνκὶρῤωστία
1234 1458 1381 1509 μουσ
1427 1441 1574 1506 αὕτη
1621 1441 1721 1492 άλ-

1824 1435 1955 1495 dixi,
2016 1435 2303 1500 inﬁrmitas
2346 1450 2496 1485 mea:
2526 1433 2632 1485 lucc
2679 1433 2893 1485 mutatio
2927 1430 3145 1482 dexteris
3179 1426 3347 1479 Altis-

150 1523 420 1587 λοίωσις
451 1524 661 1589 δεξιᾶς
702 1526 972 1593 Ὑψίστου
991 1545 1007 1558 ⁵
1033 1531 1060 1580 ὁ
1090 1530 1144 1580 δὲ
1176 1531 1477 1599 Σύμμαχος,
1517 1528 1721 1597 Τρῶσίς

1825 1524 1983 1583 simi;
2013 1522 2362 1590 Symmachus
2406 1537 2550 1581 vero,
2587 1521 2780 1573 Vulnus
2824 1534 2989 1571 meum
3022 1526 3096 1570 est
3142 1514 3351 1569 iteratio

148 1629 268 1679 μου
302 1613 504 1666 ἐστὶν
537 1614 979 1682 ἐπιδευτέρωσις
1010 1616 1204 1683 δεξιᾶς
1226 1620 1329 1671 τοῦ
1371 1620 1638 1685 Ὑψίστου
1658 1621 1722 1687 ’ἡ

152 1698 207 1751 δὲ
259 1699 518 1768 πέμπτη
573 1699 797 1763 ἔκδοσις,
837 1702 944 1754 Καὶ
986 1700 1137 1765 εἶπα,
1172 1706 1349 1773 φησὶν,
1380 1705 1580 1767 ὠδῖνοές
1611 1723 1725 1772 μου

151 1785 315 1839 εἰσιν
379 1787 724 1849 ἀλλοίωσις
766 1788 960 1852 δεξιᾶς
990 1792 1092 1843 τοῦ
1126 1793 1416 1858 Ὑψίστου.
1446 1793 1583 1861 Πρὸς
1620 1797 1727 1854 τοῖς

1826 1611 2046 1663 dextera:
2098 1612 2384 1673 Altissimi;
2426 1611 2609 1678 quinta
2648 1617 2821 1661 autem
2873 1608 3075 1662 editio:
3107 1604 3172 1657 Et
3213 1604 3347 1666 dixi,

1828 1696 2021 1763 inquit,
2051 1695 2250 1747 dolores
2294 1697 2391 1748 mei
2419 1705 2535 1747 sunt
2566 1696 2782 1747 mutatio
2814 1694 3036 1746 dexterte
3071 1691 3347 1744 Altissimi.

1828 1786 1903 1837 Ad
1937 1785 2206 1853 proposita
2237 1786 2345 1852 jam
2376 1786 2556 1847 dubia,
2587 1786 2697 1841 hrec
2741 1787 2887 1845 item,
2920 1783 3113 1850 inquit,
3144 1794 3352 1834 mecum

152 1874 664 1943 προηπορημένοις
689 1878 780 1927 καὶ
810 1877 994 1941 ταῦτα,
1026 1880 1178 1948 φησὶ,
1199 1882 1329 1949 πρὸς
1358 1882 1588 1948 ἐμαυτὸν
1648 1884 1721 1932 ὲν·

1828 1875 2157 1943 reputabam.
2188 1876 2536 1943 cogitationes
2564 1876 2766 1928 scilicet
2793 1876 2911 1928 illas
2940 1875 3090 1942 queis
3114 1874 3222 1940 jam
3252 1872 3357 1925 du-

163 1962 389 2023 ενόουν,
430 1962 520 2013 ὅτι
563 1963 612 2013 οἱ
650 1963 874 2015 τοιοῦτοι
912 1965 1175 2032 λογισμοὶ,
1213 1968 1278 2018 δι’
1317 1962 1388 2020 ὧν
1404 1970 1601 2037 ἀρτίως
1634 1970 1728 2020 ἐπι·
1768 1974 1775 1985 ¹

153 2052 443 2120 ηπόρουν,
479 2052 761 2121 ἀρρωστία
802 2072 898 2122 μου
925 2056 1076 2117 εἰσὶν,
1107 2056 1137 2125 ἢ
1167 2056 1344 2118 ὠδῖνες
1371 2060 1520 2121 εἰσὶν,
1547 2058 1727 2128 ἢτρὼ-

153 2156 267 2202 σεις
307 2140 426 2209 μού
471 2142 735 2205 είσιν.Ἐξ
764 2143 1036 2206 ἀσθενείας
1064 2144 1167 2214 γάρ
1195 2146 1366 2215 ψυχῆς
1397 2149 1518 2209 τοὺς
1555 2148 1727 2207 τοιού-ξ

155 2244 283 2290 τους
318 2232 665 2299 προήκαμεν
692 2231 895 2296 λόγους,
916 2233 1007 2284 καὶ⁹
1037 2234 1139 2285 ἀπὸ
1163 2234 1405 2304 τρώσεως
1425 2237 1620 2306 ψυχῆς
1648 2256 1727 2291 τε·

152 2318 461 2386 τρωμὲνος
495 2319 604 2388 γὰρ
633 2321 724 2371 καὶ
750 2320 1018 2386 συναλγῶν
1045 2323 1117 2385 ὡς
1150 2326 1283 2394 ὑπὲρ
1318 2328 1504 2378 ἑαυτοῦ
1530 2330 1719 2397 μελῶν·

154 2408 287 2459 ἀλλά
326 2408 435 2458 καὶ
457 2407 664 2459 ὠδίνων
684 2408 755 2470 ὡς
781 2412 915 2478 ὑπὲρ
943 2412 1252 2481 σπλάγχνων
1276 2416 1483 2466 οἰκείων
1509 2417 1723 2469 τοιαῦτα

154 2494 550 2564 ἐφθεγξάμην.
580 2496 761 2547 Ταῦτα
796 2498 849 2549 δὲ
883 2499 1134 2561 πέπονθα,
1168 2502 1452 2572 ἐπειδήπερ
1483 2500 1616 2555 εἶδον
1634 2506 1723 2557 ἀλ-

154 2584 383 2666 λοίωσιν
444 2585 741 2655 γενομένην
792 2587 887 2655 τῆς
934 2588 1107 2652 δεξιᾶς
1134 2588 1223 2641 τοῦ
1266 2590 1528 2657 Ὑψίστου.
1555 2593 1721 2645 Πάλαι

159 2675 255 2743 μὲν
303 2675 433 2743 γὰρ
478 2674 617 2743 αὕτη
653 2676 1027 2743 κατειργάζετο
1062 2678 1225 2729 πολλά
1270 2697 1326 2730 τε
1360 2679 1602 2749 θαύματα
1632 2682 1721 2734 καὶ

156 2763 516 2833 παραδόξους
546 2765 865 2833 ,εὐεργεσίας
890 2766 964 2835 τῷ
993 2766 1101 2835 λαῷ
1129 2769 1463 2837 παρέχουσα’
1512 2772 1623 2822 νυνὶ
1666 2771 1720 2823 δὲ

158 2852 467 2913 ἀλλοίωσις
497 2853 783 2919 γεγένηται
806 2855 899 2922 τῆς
926 2854 1097 2917 δεξιᾶς
1120 2857 1208 2907 τοῦ
1235 2857 1498 2924 Ὑψίστου.
1525 2859 1612 2910 Διὸ
1632 2862 1721 2911 καὶ

158 2941 360 3003 ὠδῖνές
406 2958 481 3010 με
520 2942 777 3010 κατέσχον
798 2960 809 2971 ·
843 2943 1077 3010 ὁμολογῶ
1105 2945 1396 3013 τετρῶσθαι
1429 2947 1523 3015 τὴν
1551 2947 1719 3017 ψυχὴν

154 3031 461 3101 ἀρρωστίᾳ
514 3032 608 3082 καὶ
656 3031 902 3100 ἀσθενείᾳ
931 3033 1190 3098 γνώσεως.
1224 3036 1329 3105 Τὴν
1360 3036 1415 3086 δὲ
1446 3036 1719 3089 ἀλλοίωσιν

153 3121 249 3189 τῆς
298 3120 499 3184 δεξιᾶς
549 3119 641 3170 τοῦ
681 3120 810 3171 Θεοῦ
842 3120 1041 3189 ἑώρων,
1067 3123 1593 3193 ἀναμιμνῃσκόμενος
1615 3126 1719 3179 τῶν

156 3210 422 3264 παλαιῶν
466 3210 645 3278 ἔργων
685 3209 866 3262 αὐτοῦ.
897 3211 982 3262 Διό
1017 3228 1200 3280 φησιν’
1239 3191 1583 3281 νἙμνήσθην
1612 3215 1725 3268 τῶν
1750 3191 1794 3245 C

154 3302 353 3368 ἔργων
370 3300 602 3365 Κιιριόυ
625 3300 739 3351 ἀπὸ
764 3298 869 3363 τῆς
887 3300 1073 3367 ἀρχῆς
1093 3301 1206 3353 τῶν
1225 3306 1561 3370 θαυμασίων
1589 3322 1719 3360 σου.

155 3391 256 3440 Καὶ
323 3388 647 3455 μελετήσω
695 3389 764 3439 ἐν
802 3388 946 3440 πᾶσι
972 3390 1091 3454 τοῖς
1121 3391 1309 3458 ἔργοις
1334 3408 1445 3444 σου
1468 3432 1483 3455 ,
1530 3395 1623 3447 καί
1657 3397 1725 3448 ἐν

155 3478 277 3541 τοῖς
336 3475 780 3541 ἐπιτηδεύμασί
824 3490 936 3528 σου
981 3476 1535 3544 ἁδολεσχήσω.’Ᾱνθ’
1575 3476 1645 3533 ὧν
1696 3484 1723 3533 ὁ

156 3568 477 3636 Σύμμαχος
529 3564 716 3616 τοῦτον
765 3566 1066 3633 ἡρμήνευσε
1112 3566 1198 3617 τὸν
1241 3567 1464 3635 τρόπον’
1520 3569 1725 3637 Ἀνεμι-

149 3657 544 3722 μνησκόμην
586 3653 688 3715 τὰς
728 3655 1021 3719 περινοίας
1048 3656 1280 3721 Κυρίου,
1314 3656 1624 3709 ἀναπολῶν
1654 3658 1723 3711 τὰ

155 3746 388 3813 ἀρχαῖα
420 3741 707 3809 τεράστιά
749 3758 861 3794 σου
900 3743 993 3794 καὶ
1035 3744 1376 3811 διεμελέτων
1402 3745 1597 3809 πάσας
1622 3748 1722 3811 τὰς

158 3836 422 3903 πράξεις
447 3851 591 3893 σου,
622 3833 715 3884 καὶ
748 3834 813 3885 τὰ
831 3834 1215 3901 μηχανήματά
1241 3850 1353 3888 σου
1382 3835 1718 3905 διηγούμην,

154 3926 336 3977 ταῦτα
370 3922 667 3990 ἀναφέρων
707 3924 769 3989 τῇ
820 3922 1253 3991 μνήμῃ.Ἔπειτα
1281 3924 1373 3976 νῦν
1400 3925 1625 3988 ἀκούων,
1649 3927 1721 3988 ὡς

155 4016 240 4077 εἰς
274 4012 469 4073 τέλος
503 4008 742 4071 ἀπώσω,
773 4010 865 4059 καὶ
894 4009 1142 4076 ὠργίσθη
1188 4014 1220 4063 ὀ
1265 4013 1444 4079 θυμός
1484 4028 1596 4064 σου
1627 4013 1721 4065 ἐπὶ

158 4106 439 4171 πρόΰατα
472 4098 663 4167 νομῆς
691 4114 825 4160 σου,
862 4100 1076 4162 εἰκότως
1101 4102 1365 4171 ἐνενόησα,
1398 4104 1477 4155 ὅτι
1503 4103 1721 4155 ἀλλοίω-

159 4194 239 4255 σίς
295 4195 423 4244 ἐστι
472 4189 573 4255 τῆς
620 4187 795 4250 δεξιᾶς
842 4188 932 4239 τοῦ
970 4189 1233 4255 Ὑψίστου.
1274 4192 1580 4260 Μεταὸολῆς
1617 4193 1721 4262 γὰρ

158 4281 335 4332 ταῦτα
400 4278 606 4345 σημεῖα
658 4276 749 4326 καὶ
801 4273 1122 4338 ἀλλοιώσεως
1147 4278 1242 4346 τῆς
1279 4278 1438 4330 πάλαι
1468 4278 1555 4330 τοῦ
1591 4278 1719 4331 Θεοῦ

162 4371 290 4439 περὶ
316 4370 417 4419 τὸν
456 4365 585 4416 λαὸν
622 4365 955 4433 κηδεμονίας.

239 4460 295 4509 Ὀ
332 4456 509 4519 Θεὸς,
544 4455 614 4505 ἐν
644 4452 719 4516 τῷ
748 4455 889 4522 ἁγίῳ
914 4455 949 4519 ἡ
977 4452 1110 4517 ὁδὸς
1129 4454 1309 4507 αὐτοῦ
1333 4470 1350 4488 ⁸
1375 4456 1462 4520 τίς
1476 4456 1606 4520 θεὸς
1626 4456 1722 4524 μέ-

163 4564 269 4613 γας
291 4545 380 4610 ὡς
408 4548 443 4596 ό
479 4542 625 4605 Θεὸς
652 4539 815 4605 ἡμῶν
832 4557 850 4603 ;
875 4541 955 4592 Σὺ
981 4536 1035 4593 εἷ
1056 4545 1086 4593 ό
1117 4542 1253 4605 Θεὸς
1283 4545 1314 4594 d
1360 4542 1539 4595 ποιῶν
1586 4547 1722 4597 θαυ-

162 4637 380 4701 μάσια.
411 4631 527 4699 Τὴν
559 4630 834 4680 ἀλλοίωσιν
871 4630 965 4697 τῆς
1007 4628 1179 4693 δεξιᾶς
1204 4630 1293 4681 τοῦ
1331 4631 1573 4698 Ὑψίστου
1605 4650 1725 4684 συν-

166 4721 292 4772 ιδὼν
326 4718 497 4771 ὁποῖα
529 4714 817 4784 εἰργάσατο
839 4727 851 4737 ·
885 4715 1000 4766 ἀντὶ
1035 4716 1138 4785 γὰρ
1168 4716 1282 4776 ἐνὸς
1312 4716 1489 4779 ἔθνους
1516 4719 1725 4771 πάντων

165 4811 274 4862 τῶν
307 4807 486 4860 ἐθνῶν
527 4804 838 4873 εὐεργετικὴ
879 4804 1109 4872 κατέστη
1132 4822 1145 4835 ο
1180 4806 1354 4857 οὐκέτι
1381 4806 1484 4876 γὰρ
1508 4807 1584 4858 ἐν).
1615 4806 1724 4875 λαῷ

164 4898 265 4967 τὴν
295 4895 539 4962 δύναμιν
563 4891 744 4952 αὐτοῦ,
772 4890 902 4942 ἀλλά
925 4890 1016 4941 καὶ
1046 4893 1172 4943 πᾶσι
1194 4894 1300 4953 τοῖς
1319 4892 1488 4944 ἔθνεσι
1515 4895 1602 4945 καὶ
1624 4897 1724 4947 πᾶ-

168 5002 221 5036 σι
260 4988 377 5045 τοῖς
409 4983 563 5041 λαοῖς
611 4978 894 5048 ἐγνώρισεο
945 4978 1129 5046 διόπερ
1165 4980 1581 5049 ἐκπληττόμενος
1630 4982 1722 5034 καὶ

164 5071 603 5140 ἀποθαυμάζων,
628 5068 794 5137 φημίο
830 5072 862 5120 ὁ
909 5068 1063 5131 Θεὸς,
1095 5068 1161 5119 ἐν
1207 5067 1282 5131 τῷ
1325 5068 1464 5135 ἁγίῳ
1504 5070 1541 5135 ἡ
1588 5070 1721 5134 ὁδός

166 5181 283 5215 σου
312 5182 326 5192 υ
357 5161 619 5213 ἐπέκεινα
645 5158 750 5225 γάρ
788 5159 898 5209 ἐστι
931 5158 1027 5225 τῆς
1052 5156 1243 5225 θνητῆς
1276 5157 1530 5227 φύσεωςὴ
1561 5161 1721 5213 κατά-

166 5252 332 5319 ληψις
366 5252 472 5317 τῆς
512 5247 630 5299 ὁδοῦ
675 5262 792 5298 σου’
824 5247 947 5298 ὥστ’
982 5248 1044 5299 ἂν
1073 5248 1300 5312 εὐλόγως
1332 5248 1492 5313 φάναι
1536 5250 1621 5301 τό’
1657 5253 1716 5303 Ὠ

161 5342 248 5401 ,ϐἀ
262 5346 359 5403 ’lor;
395 5339 664 5389 πλούτου
693 5338 787 5387 καὶ
816 5338 1027 5403 σοφίας
1049 5338 1141 5389 καὶ
1168 5335 1432 5404 γνώσεως
1462 5340 1623 5401 Θεοῦ,
1641 5342 1717 5406 ὡς

169 5426 618 5492 ἀνεξερεύνητα
646 5423 715 5473 τὰ
746 5424 988 5488 κρίματα
1027 5423 1227 5483 αὑτοῦ,
1262 5424 1354 5474 καὶ
1388 5425 1718 5493 ἀνεξιχνία-

166 5526 307 5568 στοι
340 5519 402 5567 al
440 5512 569 5565 ὁδοὶ
610 5511 812 5562 αὑτοῦ.
847 5513 1029 5563 οὐκέτ’
1055 5508 1143 5564 οὖν
1173 5512 1429 5582 προσήκει
1454 5514 1719 5585 πολυπρα-

1831 1963 1950 2015 bius
1988 1963 2149 2015 animi
2199 1977 2366 2024 eram,
2405 1971 2495 2015 aut
2548 1963 2924 2025 inﬁrmitatem,
2972 1968 3062 2013 aut
3094 1950 3354 2025 'dolores,

1830 2061 1919 2104 aut
1956 2054 2171 2106 vulnera
2217 2067 2331 2106 mea
2373 2068 2508 2106 esse.
2542 2051 2671 2104 Nam
2719 2066 2781 2104 ex
2828 2052 3015 2103 anima:
3044 2050 3351 2103 inﬁrmitate

1829 2142 1961 2194 tales
1985 2157 2257 2196 sermones
2290 2142 2507 2209 protuli,
2537 2156 2739 2194 necnon
2772 2156 2837 2192 ex
2865 2140 3077 2192 vulnere
3115 2138 3303 2191 animm
3328 2153 3346 2190 :

1826 2234 2134 2285 vulneratus
2166 2247 2349 2298 nempe
2380 2240 2432 2283 et
2461 2230 2641 2283 dolore
2671 2229 2889 2281 allectus
2918 2244 3032 2281 sum
3065 2227 3217 2295 quasi
3246 2240 3345 2294 pro

1827 2320 2077 2373 membris
2122 2320 2282 2383 meis;
2323 2334 2507 2371 verum
2555 2320 2710 2372 etiam
2763 2318 2913 2386 quasi
2948 2315 3129 2367 dolore
3163 2323 3347 2383 partu-

1825 2410 1970 2462 riens
2010 2425 2104 2478 pro
2144 2409 2435 2463 visceribus
2486 2408 2617 2461 meis
2666 2407 2788 2459 talia
2834 2405 3021 2459 eliatus
3052 2418 3187 2457 sum.
3221 2401 3347 2455 Haec

1825 2513 1982 2565 porro
2012 2513 2127 2551 sum
2158 2513 2461 2565 perpessus,
2493 2497 2613 2564 quia
2639 2496 2744 2549 vidi
2774 2496 2964 2547 factam
2995 2494 3222 2547 dextera:
3252 2490 3343 2542 Al-

1826 2586 2017 2639 tissimi
2046 2588 2413 2641 mutationem.
2454 2585 2589 2639 Olim
2615 2586 2807 2654 quippe
2862 2584 3073 2637 dextera
3114 2583 3201 2635 illa
3246 2581 3351 2633 mi-

1825 2674 2011 2726 rabilia
2040 2676 2205 2727 multa
2234 2676 2572 2743 onerabatur,
2609 2672 2862 2725 benelicia
2893 2669 3219 2722 incredibilia
3248 2682 3347 2736 po-

1825 2763 1947 2831 pulo
1975 2764 2287 2829 conferens;
2318 2779 2457 2816 nunc
2489 2777 2612 2816 vero
2635 2762 2863 2813 dexterae
2888 2759 3093 2811 Excelsi
3123 2757 3351 2810 mutatio

1824 2850 1963 2903 facta
2004 2858 2103 2905 est.
2152 2850 2502 2915 Quamobrem
2533 2852 2742 2903 dolores
2784 2865 2866 2901 me
2897 2847 3221 2906 detinebant,
3273 2844 3347 2897 l‘a-

1823 2946 2039 3007 teorque
2060 2955 2142 2993 me
2164 2942 2340 2993 animo
2370 2941 2698 2992 vulneratum
2721 2955 2782 2993 ex
2818 2937 3001 2989 morbo
3033 2945 3084 2989 et
3121 2934 3349 2988 iulirmi-

1823 3036 1930 3082 tate
1994 3028 2336 3096 cognitionis.
2388 3027 2731 3080 Mutationem
2788 3042 2909 3079 vero
2966 3027 3195 3078 dextera:
3250 3023 3342 3077 Dei

1822 3118 2234 3185 conspiciebam,
2286 3116 2595 3169 recordatus
2648 3116 2855 3168 illorum
2903 3116 3170 3182 quondam
3219 3128 3345 3181 ope-

1822 3222 1936 3257 rum
1968 3207 2105 3273 ejus.
2135 3206 2467 3274 QuaprOpter
2489 3206 2562 3256 ait
2587 3224 2599 3257 :
2642 3233 2697 3242 ——
2723 3202 2880 3255 Vens.
2916 3202 2999 3258 1‘2.
3034 3202 3116 3252 13.
3146 3198 3342 3250 Memor

1821 3296 1898 3363 fui
1923 3311 2127 3362 operum
2160 3296 2385 3351 Domini.
2411 3293 2472 3345 ab
2506 3295 2649 3345 initio
2677 3293 2990 3345 mirabilium
3019 3301 3217 3342 tuorum
3247 3306 3263 3340 :
3293 3299 3338 3339 et

1822 3386 2101 3438 meditabor
2128 3386 2180 3437 in
2210 3383 2439 3436 omnibus
2460 3382 2692 3449 operibus
2726 3383 2846 3440 tuis,
2880 3391 2925 3432 et
2951 3382 2999 3431 in
3026 3380 3335 3431 adinrentio—

1820 3476 1964 3528 nibus
2015 3476 2117 3527 tuis
2162 3476 2447 3528 exercebar.
2485 3473 2586 3525 Pro
2621 3474 2811 3540 quibus
2856 3471 3205 3540 Symmachus
3242 3472 3338 3522 hoc

1822 3564 1975 3617 modo
2018 3565 2397 3631 interpretatus
2443 3572 2524 3617 est
2560 3580 2574 3616 :
2604 3560 2925 3613 Recordabar
2973 3561 3337 3628 cogitationum

1820 3652 2046 3717 Domini,
2073 3654 2244 3705 animo
2276 3655 2472 3706 volvens
2497 3654 2705 3720 antiqua
2731 3651 2962 3718 prodigia
2997 3660 3105 3701 tua.
3146 3648 3204 3699 Ιίι
3236 3666 3311 3701 me

1819 3742 2024 3793 ditabar
2071 3759 2240 3795 omnes
2280 3744 2500 3795 actiones
2543 3752 2680 3801 tuas,
2717 3751 2763 3793 et
2811 3740 3215 3791 machinamenta
3249 3750 3337 3789 tua

1820 3833 2118 3894 narrabam,
2148 3833 2257 3885 haec
2284 3833 2534 3886 memoria
2558 3839 2821 3899 repetens.
2844 3829 3039 3881 Deinde
3073 3846 3193 3881 vero
3217 3846 3336 3879 t-uut

1814 3922 1923 3989 jam
1953 3922 2185 3983 audiam,
2226 3921 2491 3991 quomodo
2536 3922 2770 3988 repulisti
2800 3921 2851 3971 in
2885 3921 3055 3985 ﬁnem.
3096 3928 3142 3969 et
3174 3919 3337 3969 iratus

1818 4020 1891 4063 est
1922 4012 2068 4077 [uror
2108 4022 2225 4063 tuus
2273 4028 2422 4077 super
2466 4028 2577 4063 oves
2606 4026 2808 4077 pascua:
2859 4018 2956 4059 tute
2977 4009 3019 4039 ⁸¹
3042 4026 3054 4071 ;
3079 4008 3197 4075 jure
3233 4008 3337 4074 Opi-

1820 4109 1975 4153 natus
2005 4117 2121 4155 sum
2147 4116 2263 4155 esse
2286 4101 2631 4152 mutationem
2657 4100 2883 4151 dextera:
2911 4097 3188 4149 Altissimi.
3218 4095 3337 4148 llaec

1818 4189 2011 4257 quippe
2062 4188 2211 4256 signa
2258 4198 2380 4241 sunt
2429 4188 2732 4239 mutationis
2784 4184 2898 4247 Dei,
2950 4199 3011 4235 ac
3055 4184 3343 4235 amotionis

1817 4277 1936 4341 ejus
1955 4278 2020 4330 ab
2050 4278 2158 4339 illa,
2189 4292 2345 4345 quam
2384 4277 2507 4329 olim
2545 4277 2609 4330 de
2638 4276 2830 4343 populo
2855 4274 3091 4342 gerebat,
3141 4272 3339 4326 sollici-

1818 4365 2019 4419 tudine.

1890 4457 2048 4510 Vaus.
2081 4456 2163 4515 14,
2202 4456 2285 4507 15.
2326 4453 2483 4516 Deus,
2526 4454 2577 4505 in
2606 4462 2783 4505 sancto
2807 4454 2887 4505 via
2914 4453 3022 4519 ejus
3045 4454 3189 4520 :quis
3213 4452 3339 4506 deus

1825 4561 2039 4612 magnus
2066 4547 2199 4596 sicut
2235 4544 2366 4597 Deus
2399 4546 2603 4596 noster?
2632 4552 2683 4593 tu
2711 4559 2761 4594 es
2796 4542 2932 4595 Deus
2970 4544 3055 4609 qui
3082 4544 3212 4609 facis
3238 4544 3337 4594 mi-

1822 4634 2031 4687 rabilia.
2075 4634 2205 4687 Cum
2257 4634 2460 4687 videam
2512 4632 2850 4685 mutationem
2904 4632 3130 4684 dextera:
3172 4632 3334 4683 Μιε-

1822 4724 1963 4787 simi,
1989 4732 2040 4778 et
2070 4725 2244 4791 qualia
2270 4732 2483 4792 operata
2516 4722 2615 4785 sit;
2656 4735 2775 4772 nam
2809 4721 2964 4774 unius
3017 4722 3187 4788 gentis
3220 4721 3337 4770 loco

1817 4812 1927 4880 jam
1959 4814 2209 4867 omnibus
2240 4812 2483 4879 gentibus
2517 4809 2747 4863 beneﬁca
2780 4818 2891 4874 est;
2924 4824 3026 4861 uon
3070 4808 3208 4860 enim
3244 4807 3337 4857 uni

1824 4903 2017 4971 populo
2049 4910 2105 4955 ut
2150 4902 2295 4961 olim,
2346 4900 2437 4953 sed
2481 4898 2730 4952 omnibus
2756 4898 2999 4965 gentibus
3033 4904 3084 4949 et
3129 4895 3341 4963 populis

1823 4991 2068 5042 virtutem
2097 5003 2243 5041 suam
2282 4994 2458 5039 n.tem
2492 4986 2613 5039 fecit
2639 5003 2653 5049 ;
2684 4985 2801 5037 ideo
2835 4993 3055 5051 stupens
3093 4992 3145 5034 ct
3176 4983 3305 5034 mira

1823 5077 2032 5131 bundtts
2079 5076 2386 5137 aiozDeus,
2437 5076 2488 5126 in
2531 5084 2707 5127 sancto
2731 5075 2809 5125 via
2854 5084 2971 5134 tua;
3006 5073 3198 5125 etenim
3239 5071 3340 5125 vite

1823 5174 1925 5220 tua;
1965 5166 2363 5234 comprehensio
2414 5163 2695 5214 humanam
2740 5169 2981 5215 naturam
3023 5170 3335 5227 exsuperat;

1820 5257 1891 5308 ita
1921 5262 1977 5308 ttt
2008 5256 2095 5309 hic
2142 5255 2376 5322 apposite
2411 5251 2617 5303 dicatur
2649 5270 2661 5304 :
2697 5250 2738 5304 0
2774 5250 2991 5302 altitudo
3015 5250 3331 5307 divitiarum.

1817 5344 2083 5411 sapientia:
2131 5352 2177 5395 et
2222 5340 2444 5393 scientiae
2493 5338 2596 5400 Dei,
2633 5355 2784 5406 quam
2811 5336 3335 5405 incomprehensibilia

1820 5432 2155 5499 suntjudicia
2176 5431 2305 5497 ejus,
2347 5438 2392 5481 et
2427 5427 2806 5495 inrestigabiles
2838 5429 2930 5479 via:
2972 5426 3083 5493 ejus
3110 5426 3185 5479 "l
3216 5424 3330 5478 Non

1823 5521 1961 5573 ultra
1989 5535 2112 5588 ergo
2140 5518 2347 5573 curiose
2387 5518 2675 5587 inquirere,
2706 5524 2793 5569 aut
2826 5526 3027 5571 secreta
3053 5516 3339 5585 explorare

267 5670 314 5700 ⁸⁸
353 5666 518 5719 Rom.
557 5678 643 5726 st,
676 5663 797 5739 255.⁴
840 5661 879 5691 ¹¹¹
920 5661 1056 5717 Psal.
1094 5677 1283 5725 tum,
1324 5663 1369 5715 Ι.
1445 5664 1486 5695 ι’
1526 5663 1679 5719 Rom.
1714 5683 1800 5731 XI,
1835 5670 1920 5723 55.
