3834 6382
649 431 752 488 895

1339 416 1598 473 EUSEBII
1629 410 2089 472 CESARIENSIS
2124 407 2273 464 OPP.
2310 403 2486 460 PARS
2511 402 2598 458 Ill.
2639 428 2704 440 -—
2730 393 3137 452 EXEGETICA.
3666 393 3680 447 ε

650 545 896 604 convenit
924 557 1080 598 :nam
1113 541 1224 608 quis
1271 540 1406 591 novit
1434 551 1639 590 sensum
1676 535 1904 596 Domini,
1937 542 2022 585 aut
2053 531 2164 600 quis

2165 550 2168 578 :
2200 535 2245 590 Α
2271 527 2508 596 γμονεῖν,
2532 522 2649 576 οὐδὲ
2690 520 2758 572 τὰ
2796 517 3086 586 ἁπόρῤητα
3134 506 3514 580 διερευνᾶσθαι’
3557 511 3631 575 τίς
3666 529 3679 580 π

649 635 976 694 consiliarius
1023 635 1133 699 ejus
1163 629 1353 698 fuit“?
1385 627 1587 681 Idcirco
1630 627 1755 680 dum
1806 626 1916 678 haec
1953 623 2171 692 cogitat,

648 723 1049 795 obstupefactus
1083 723 1148 776 de
1194 720 1553 790 profunditate
1600 717 1870 786 sapientiae
1919 715 2008 769 Dei
2057 715 2170 768 ait:

648 817 808 881 Deus,
833 815 886 867 in
911 821 1088 867 sancto
1111 811 1192 864 via
1222 819 1310 862 tua
1327 810 1469 878 :quis
1497 807 1619 860 deus
1641 822 1856 875 magnus
1879 807 2009 857 sicut
2039 803 2175 856 Deus

648 907 863 962 noster?
896 913 950 956 tu
975 919 1028 956 es
1051 901 1188 954 Deus
1211 901 1297 969 qui
1319 899 1451 968 facis
1485 896 1765 950 mirabilia.
1800 895 1926 960 Qum
1954 895 2060 948 sint
2089 894 2176 946 illa

650 994 914 1048 mirabilia
956 992 1055 1048 sub
1081 991 1191 1044 haec
1223 991 1602 1056 interpretatur
1630 986 1813 1040 dicens
1838 1005 1850 1038 :
1879 983 2068 1036 Notam
2107 982 2180 1049 fe-

650 1085 769 1137 cisti
802 1085 854 1136 in
885 1082 1087 1148 populis
1111 1082 1348 1134 virtutem
1373 1089 1514 1130 tuam
1534 1093 1552 1139 ;
1573 1091 1668 1146 pro
1692 1091 1796 1145 quo
1827 1072 2178 1144 Symmachus

649 1172 837 1236 edidit,
870 1169 1062 1223 Notam
1086 1170 1253 1237 fecisti
1280 1169 1333 1220 in
1368 1166 1601 1236 gentibus
1635 1165 1988 1233 fortitudinem
2013 1173 2176 1214 tuam.

650 1260 784 1314 Nam
832 1259 1279 1330 quemadmodum
1319 1257 1445 1310 olim
1478 1255 1660 1324 (VI-ms.
1696 1254 1778 1324 16)
1828 1253 2086 1307 redemisti
2127 1254 2198 1332 in.

653 1347 862 1401 brachio
903 1356 989 1400 tuo
1023 1346 1266 1414 populum
1305 1355 1468 1405 tuum,
1507 1343 1644 1412 filios
1681 1341 1843 1394 Jacob
1883 1349 1930 1392 et
1957 1339 2178 1407 Ioseph,

651 1435 866 1504 quando
907 1435 1104 1488 liberos
1143 1449 1234 1488 eos
1278 1432 1512 1486 eduxisti
1559 1446 1624 1485 ex
1656 1437 1799 1484 terra
1837 1429 2072 1498 Egypti,
2115 1443 2181 1482 ex

653 1524 813 1578 domo
864 1523 1174 1587 servitutis;
1220 1523 1405 1576 eodem
1435 1535 1646 1589 quoque
1699 1518 1853 1573 modo
1879 1520 2010 1586 jam,
2059 1533 2180 1570 cum

654 1613 794 1668 facta
822 1621 904 1669 est
951 1615 1174 1666 mutatio
1204 1613 1433 1666 dexterae
1468 1611 1751 1674 Altissimi,
1796 1619 1973 1663 notam
2013 1608 2181 1663 fecisti

652 1705 706 1758 in
736 1704 947 1772 populis
971 1704 1218 1758 virtutem
1254 1711 1420 1766 tuam,
1451 1708 1504 1756 et
1552 1703 1606 1755 in
1637 1701 1881 1770 gentibus
1910 1699 2182 1754 fortitudi-

652 1809 775 1848 nem
804 1803 972 1850 tuam.

729 1984 887 2042 Vens.
931 1986 1014 2040 17.
1062 1986 1308 2040 Viderunt
1361 1996 1407 2039 te
1463 2003 1629 2055 aqum,
1669 1987 1826 2048 Deus,
1861 1983 2094 2038 viderunt
2136 1992 2183 2035 te

655 2095 821 2147 aqum,
862 2087 910 2130 et
945 2077 1244 2140 timuerunt,
1271 2085 1317 2129 et
1352 2077 1572 2130 turbata:
1593 2085 1711 2129 sunt
1755 2074 1948 2144 abyssi.
1985 2072 2184 2125 Admo-

654 2170 778 2223 dum
805 2179 1192 2237 consequenter
1244 2179 1519 2240 postquam
1573 2170 1799 2232 dixerat,
1861 2165 2054 2218 Notam
2107 2163 2184 2232 fe-

652 2260 767 2312 cisti
799 2260 852 2312 in
870 2260 1072 2328 populis
1095 2261 1333 2314 virtutem
1366 2270 1530 2325 tuam,
1562 2262 1694 2324 sive,
1719 2258 2010 2314 secundum
2039 2255 2186 2325 Sym-

656 2349 927 2410 Inachum.
983 2349 1181 2402 Notam
1233 2351 1401 2419 fecisti
1443 2353 1496 2404 in
1544 2349 1776 2421 gentibus
1831 2345 2182 2416 fortitudinem

655 2445 817 2499 tuam,
841 2436 1017 2492 futura
1054 2441 1373 2507 vaticinans,
1403 2441 1651 2494 virtutem
1687 2437 1818 2491 Novi
1858 2433 2184 2491 Testamenti

654 2524 963 2591 prophetice
993 2527 1245 2580 declarat.
1265 2529 1440 2591 Quare
1467 2527 1543 2579 ait
1594 2544 1608 2580 :
1653 2524 1902 2578 Viderunt
1932 2532 1978 2576 te
2010 2538 2179 2592 aquae,

657 2609 815 2674 Deus,
840 2612 1070 2665 viderunt
1101 2623 1146 2668 te
1174 2631 1338 2683 aqum,
1368 2623 1415 2667 et
1457 2615 1755 2666 timuerunt.
1787 2613 1937 2666 Sicut
1961 2611 2100 2665 enim
2129 2612 2183 2664 in

655 2699 710 2753 in
741 2702 884 2755 exitu
907 2703 1032 2755 olim
1067 2703 1291 2755 ﬁliorum
1318 2701 1478 2756 lsrael
1505 2719 1566 2756 ex
1608 2702 1856 2770 Egypto,
1887 2717 2028 2752 mare
2059 2697 2182 2750 vidit

654 2800 703 2846 et
731 2795 885 2862 fugit,
906 2792 1156 2847 Jordanis
1188 2810 1455 2847 conversus
1491 2803 1565 2846 est
1587 2802 1869 2845 retrorsum
1892 2789 1966 2854 ";
1997 2788 2182 2842 eodem

656 2881 815 2935 modo
849 2882 903 2935 in
933 2882 1160 2937 adventu
1204 2882 1582 2946 Emmanuelis,
1644 2881 1716 2950 (id
1771 2885 1872 2942 est,
1920 2878 2182 2931 nobiscum

658 2967 840 3040 Deus,)
864 2986 984 3026 eum
1010 2973 1236 3025 accessit
1257 2971 1322 3024 ad
1350 2970 1634 3024 Iordanem
1662 2968 1899 3031 ﬂuvium,
1935 2982 2082 3036 aquae
2103 2969 2183 3020 vi-

654 3057 843 3113 dentes
863 3073 982 3112 eum
1013 3066 1230 3127 stupore
1265 3059 1522 3127 perculsa:
1538 3065 1682 3112 sunt.
1708 3058 1845 3122 Quin
1870 3058 2026 3110 etiam
2045 3057 2182 3109 mul-

2271 618 2421 684 ἔγνω
2451 613 2601 666 γοῦν
2637 609 2874 676 Κυρίου,
2899 605 2938 671 ἢ
2979 603 3072 667 τίς
3114 600 3442 668 σύμϐουλος
3463 599 3622 652 αὐτοῦ
3656 602 3678 652 ἐ

2271 720 2445 769 νετο;
2475 702 2564 756 Διὸ
2594 699 2731 754 κατὰ
2755 696 2942 766 καιρὸν
2964 691 3132 746 ταῦτα
3153 690 3420 758 ἐννοήσας,
3446 689 3680 758 ὑπερεκπλι

2270 811 2420 847 τεται
2463 790 2524 843 τὸ
2555 789 2715 859 βάθος
2743 787 2844 854 τῆς
2891 782 3084 849 σοφίας
3115 779 3207 860 τος)
3239 776 3389 841 Θεοῦ,
3421 777 3505 829 καί
3531 795 3679 846 φησιν·

2276 882 2435 946 Θεὸς,
2474 879 2543 931 ἐν
2575 875 2653 940 τῷ
2679 876 2822 943 ἁγίῳ
2849 872 2886 939 ἡ
2916 871 3058 934 ὁδός
3085 883 3201 922 σου
3221 881 3236 897 ·
3269 865 3357 931 τίς
3398 864 3520 930 θεὸς
3531 865 3675 933 μέγας

2275 978 2306 1028 ό
2338 975 2479 1036 Θεὸς
2515 969 2719 1039 ήμῶν;
2764 965 2844 1019 σὺ
2878 959 2937 1017 εἷ
2971 964 3002 1015 ὁ
3045 958 3190 1022 Θεὸς
3230 959 3261 1009 ὁ
3307 952 3481 1006 ποιῶν
3503 953 3680 1020 θαυμὰο

2275 1066 2408 1117 Ποῖα
2436 1065 2492 1117 δὲ
2521 1061 2796 1130 θαυμάσια
2819 1051 3168 1124 διερμηνεύει
3197 1045 3320 1115 ὲξῆς
3342 1044 3522 1098 εἰπών’
3553 1045 3680 1111 Ἐγνά

2275 1168 2389 1216 σας
2434 1152 2502 1203 ἐν
2547 1149 2672 1213 τοῖς
2725 1143 2898 1208 λαοῖς
2948 1141 3064 1206 τὴν
3110 1137 3362 1203 δύναμιν
3408 1135 3680 1188 σουοὰνθ⁸ο

2278 1241 2566 1310 Σύμμαχος
2622 1237 2886 1301 ἐξέδωκεο
2924 1227 3223 1293 Γνωστήν
3269 1224 3539 1290 ἐποίησας
3571 1224 3624 1275 ἐν
3663 1241 3680 1274 τ

2275 1331 2472 1386 ἔθνεσι
2500 1329 2610 1395 τὴν
2641 1327 2826 1395 ίσχύν
2863 1321 3220 1388 σου.”Ωσπερ
3253 1315 3356 1385 γὰρ
3388 1313 3680 1381 ἐλιπρώσως

2275 1423 2361 1474 λαι
2394 1421 2521 1473 ποτὲ
2542 1420 2610 1471 ἐν
2633 1416 2713 1481 τῷ
2741 1411 3023 1483 βραχίονι-ί
3070 1425 3184 1463 σου
3227 1405 3329 1459 τὸν
3357 1405 3498 1458 λαόν
3533 1419 3638 1466 σου,
3653 1422 3680 1455 τι

2277 1509 2441 1573 υἱοὺς
2473 1505 2670 1560 Ἰακὼϐ
2696 1503 2794 1556 καὶ
2832 1499 3075 1566 Ἰωσὴφ,
3108 1497 3183 1549 ὅτ’
3209 1493 3513 1564 ὴλευθέρους
3543 1493 3680 1554 αὐτοὺς

2279 1600 2376 1669 γῆς
2405 1597 2699 1665 Αἰγύπτου,
2734 1594 2794 1660 ἐξ
2836 1592 2991 1645 οἴκου
3043 1587 3282 1649 δουλείας
3319 1585 3404 1638 τὸν
3442 1584 3577 1636 αὐτὸν
3611 1583 3680 1652 τρὸ

2279 1688 2372 1740 καὶ
2399 1686 2510 1748 νῦν,
2539 1687 2626 1738 ὅτε
2656 1683 2884 1751 γέγονεν
2920 1679 3207 1739 ἀλλοίωσις
3235 1677 3329 1745 τῆς
3359 1675 3522 1740 δεξιᾶς
3545 1673 3616 1726 τοῦ
3642 1674 3680 1724 ’Υ

2281 1793 2428 1838 στου,
2458 1773 2761 1844 ὲγνώρισας
2809 1775 2866 1824 ὲν
2912 1775 3027 1834 τοῖς
3061 1769 3206 1831 λαοῖς
3230 1766 3324 1837 τὴν
3355 1763 3556 1834 δύναμιν
3578 1780 3680 1824 σου,ς

2212 1843 2254 1896 Β
2281 1868 2339 1918 ὲν
2368 1869 2476 1928 τοῖς
2507 1843 2681 1916 ἔθνεσι
2711 1864 2810 1932 τὴν
2848 1859 3006 1928 ἰσχύν
3041 1875 3158 1910 σου.

2349 1973 2611 2029 Εἵδοσάν
2635 1987 2708 2025 σε
2737 1971 2956 2032 ὕδατα,
2979 1973 3012 2023 ὀ
3048 1969 3192 2032 Θεὸς
3210 2009 3223 2031 ,
3255 1965 3487 2020 ετδοσάν
3509 1979 3569 2017 σε
3593 1963 3680 2015 ῧδσι

2279 2063 2373 2114 καὶ
2411 2059 2833 2129 ἐφοϐήθησαν,
2871 2057 2972 2110 καὶ
3021 2055 3430 2125 ἐταράχθησαν
3464 2057 3515 2105 al
3547 2053 3680 2104 ἇὸυσσ

2279 2152 2486 2222 Σφόδρα
2517 2149 2826 2212 ἀκολούθως
2854 2147 3158 2220 προειπὼν,
3226 2143 3550 2214 Ἐγνώρισας
3581 2142 3631 2193 ἐν
3658 2157 3679 2190 ο

2278 2241 2445 2306 λαοῖς
2490 2240 2603 2308 τὴν
2650 2239 2916 2307 δύναμιν
2947 2253 3094 2292 σου·
3156 2239 3188 2308 ἢ
3225 2237 3362 2290 κατὰ
3388 2238 3471 2289 τὸν
3513 2234 3679 2304 Σύμμαῃ

2279 2330 2569 2397 Γνωστὴν
2588 2330 2887 2396 ἐποίησας
2907 2329 2981 2382 ἐν
2999 2327 3124 2392 τοῖς
3145 2327 3342 2381 ἔθνεσι
3364 2325 3470 2392 τὴν
3489 2325 3632 2392 ἰσχύν
3647 2337 3680 2374 σι

2280 2420 2569 2490 παρίστησι
2597 2420 2693 2489 τὴν
2727 2417 2960 2487 δύναμιν
2986 2419 3086 2488 τῆς
3114 2419 3317 2485 Καινῆς
3335 2414 3576 2484 Διαθήκης
3600 2428 3680 2481 προς

2279 2510 2441 2572 τικῶς
2459 2509 2526 2561 τά
2549 2509 2810 2578 μέλλοντα
2834 2509 3130 2577 θεσπίζων.
3163 2509 3252 2560 Διό
3281 2523 3456 2578 φησιν·
3482 2501 3674 2558 Εῖδοσὰν

2280 2599 2484 2663 ὕδατα,
2503 2602 2534 2652 ό
2553 2600 2714 2664 Θεὸς,
2739 2599 2994 2652 εἴδοσάν
3013 2616 3087 2652 σε
3108 2598 3310 2660 ὕδατα,
3333 2597 3420 2649 καὶ
3439 2592 3680 2663 ἐφοϐήθησί

2282 2689 2488 2760 Ὠσπερ
2517 2689 2622 2760 γὰρ
2658 2691 2830 2742 πάλαι
2855 2690 2986 2742 ποτὲ
3010 2689 3103 2741 ἐπὶ
3131 2689 3228 2758 τῆς
3253 2687 3308 2751 ἐξ
3325 2686 3562 2754 Αἰγύπτου
3587 2696 3674 2749 mp:

2279 2779 2384 2830 τῶν
2415 2778 2543 2829 υἱῶν
2587 2779 2807 2849 Ἰσραὴλ
2833 2819 2846 2840 ,
2899 2779 2937 2844 ἡ
2974 2778 3254 2832 θάλασσα
3284 2773 3426 2838 εἶδε,
3469 2773 3546 2826 καὶ
3572 2770 3680 2836 ἐφυγτ

2281 2870 2314 2921 ὁ
2349 2866 2642 2934 Ἰορδάνης
2664 2868 2942 2936 ἐστράφη
2965 2870 3054 2932 είς
3081 2869 3152 2919 τὰ
3173 2868 3386 2919 ὀπίσωο
3417 2865 3497 2916 τὸν
3519 2860 3638 2914 αὑτὸν
3655 2873 3680 2923 τι

2281 2973 2378 3009 πον
2419 2956 2511 3008 καὶ
2556 2956 2698 3009 κατὰ
2741 2959 2842 3028 τὴν
2891 2957 3192 3029 παρουσίαν
3235 2956 3324 3009 τοῦ
3370 2945 3680 3024 Ἐμμανουὴλνί

2279 3046 2410 3116 λαδὴ
2446 3047 2539 3099 τοῦ
2577 3047 2696 3116 μεθ’
2728 3048 2889 3119 ἡμῶν
2932 3047 3066 3100 Θεοῦ
3088 3087 3103 3110 ,
3145 3047 3372 3118 ὁπηνίκα
3400 3043 3568 3114 παρῄει
3588 3037 3680 3090 inii

653 3149 827 3202 titudo
861 3150 1176 3219 populorum
1215 3149 1266 3202 in
1301 3149 1555 3203 Ecclesiis
1602 3148 1695 3202 Dei
1741 3148 1981 3208 collecta,
2028 3147 2167 3214 aquis

2165 3161 2180 3200 ς
2206 3149 2246 3204 C
2292 3135 2555 3206 Ἰορδάνην
2587 3137 2857 3206 ποταμὸν,
2888 3138 3067 3190 ἰδόντα
3091 3139 3250 3191 αὑτὸν
3273 3137 3335 3189 τὰ
3364 3135 3508 3188 ὕδατα
3528 3127 3679 3195 usus

652 3235 954 3290 consimilis
985 3234 1170 3304 (Vens.
1210 3236 1290 3304 18)
1323 3237 1615 3292 secundum
1664 3237 2031 3306 propheticum
2071 3249 2185 3288 ser-

657 3339 889 3386 monem,
934 3325 1044 3380 Vox
1071 3328 1297 3394 gentium
1326 3326 1630 3388 multarum,
1665 3326 1852 3380 similis
1885 3327 2032 3396 aquis
2059 3325 2185 3377 mul-

654 3413 723 3464 tis
746 3413 811 3474 ⁸⁵,
848 3412 1011 3466 Deum
1070 3415 1210 3468 inter
1245 3415 1487 3470 homines
1531 3415 1952 3484 peregrinantem
1992 3415 2183 3468 mentis

656 3502 826 3557 oculis
848 3504 1057 3565 videns,
1088 3504 1306 3558 salutari
1337 3504 1526 3558 timore
1561 3511 1805 3572 correpta
1837 3512 1941 3565 est,
1983 3503 2049 3557 de
2077 3519 2182 3572 quo

655 3589 873 3654 dicitur,
918 3591 1134 3644 Initium
1181 3593 1448 3659 sapientia:
1501 3594 1653 3646 timor
1707 3593 1799 3645 Dei
1834 3592 1900 3648 ⁸⁸.
1935 3591 2182 3657 Quandiu

655 3679 800 3733 enim
825 3694 975 3748 aqua:
1005 3681 1106 3733 illa:
1155 3695 1307 3734 caecas
1349 3689 1521 3744 erant,
1565 3682 1728 3737 Deum
1761 3697 1866 3736 non
1909 3683 2178 3746 videbant,

656 3782 758 3823 nec
782 3770 972 3824 timore
995 3770 1112 3836 ejus
1135 3769 1333 3824 affectae
1359 3780 1540 3838 erant;
1565 3788 1707 3826 nunc
1732 3782 1906 3826 autem
1935 3788 2180 3841 magnam

658 3858 941 3912 utilitatem
972 3875 1032 3913 ex
1065 3861 1514 3928 contemplatione
1567 3871 1619 3916 et
1669 3863 1976 3931 cognitione
2022 3861 2180 3916 Verbi

658 3946 798 4015 apud
831 3962 888 4000 se
915 3936 1309 4016 peregrinantis
1339 3961 1678 4018 acceperunt.
1710 3950 2051 4020 Rursumque
2097 3967 2182 4005 se-

655 4033 889 4090 cundum
923 4035 1221 4098 historiam,
1256 4051 1376 4089 cum
1417 4035 1667 4091 Servator
1698 4039 1990 4107 discipulos
2018 4040 2180 4107 jussit

658 4126 945 4181 ascendere
989 4129 1040 4181 in
1068 4129 1370 4182 naviculam
1401 4138 1453 4181 et
1486 4129 1862 4193 transfretare;
1909 4137 1961 4183 et
1989 4138 2180 4199 quarta

657 4216 834 4284 vigilia
867 4218 1040 4271 noctis
1080 4218 1222 4271 venit
1254 4217 1317 4270 ad
1367 4233 1459 4273 eos
1491 4219 1768 4271 ambulans
1798 4233 1959 4286 supra
1996 4234 2177 4284 mare;

654 4311 787 4358 tunc
817 4306 976 4359 etiam
1008 4307 1251 4360 viderunt
1286 4322 1405 4359 cum
1439 4321 1588 4376 aqua:
1615 4313 1666 4358 et
1690 4307 2001 4360 timuerunt.
2052 4308 2178 4361 item

633 4393 870 4474 quando
930 4394 1222 4464 increpavit
1271 4404 1458 4449 ventos
1513 4404 1564 4448 et
1603 4411 1766 4457 mare,
1813 4404 1864 4448 et
1916 4395 2054 4450 facta
2098 4404 2180 4450 est

2283 3224 2356 3276 Οὐ
2381 3222 2482 3293 μὴν
2515 3224 2648 3277 ἀλλὰ
2681 3227 2777 3278 καὶ
2803 3227 2873 3277 τὰ
2901 3224 3082 3295 πλήθη
3114 3226 3220 3278 τῶν
3253 3227 3307 3277 ὲν
3337 3226 3445 3284 ταῖς
3486 3215 3680 3283 Ἐκκλησέέ

2279 3312 2371 3364 τοῦ
2389 3312 2521 3365 Θεοῦ
2549 3331 2848 3386 συγκροτου
2859 3319 3033 3387 μένων
3055 3317 3216 3380 λαῶν,
3241 3316 3384 3368 ὕδασι
3403 3301 3680 3382 παρωμοιωμέ

2283 3403 2420 3455 κατὰ
2444 3401 2535 3454 τὸν
2567 3405 2849 3472 φάσκοντα
2875 3407 3207 3478 προφητικὸν
3234 3406 3379 3473 λόγον
3396 3444 3408 3467 ,
3445 3398 3581 3464 dumi]
3605 3397 3680 3446 ἐθνι

2280 3493 2525 3546 πολλῶν
2580 3497 2757 3563 ὁμοία
2783 3497 3020 3552 ὑδάτων
3053 3497 3320 3552 πολλῶν
3349 3496 3501 3548 ἰδόντα
3520 3485 3680 3560 ψυχῆςά

2281 3581 2499 3652 θαλμοῖς
2527 3583 2614 3636 τὸν
2650 3587 2733 3648 είς
2763 3587 3084 3658 ἀνθρώπους
3113 3585 3508 3657 ἐπιδεδημηκότα
3529 3580 3680 3640 Osismi

2281 3671 2370 3722 σον
2400 3672 2660 3727 ἁνέλασον
2691 3678 2985 3749 σωτήριον,
3019 3679 3146 3750 περὶ
3174 3672 3231 3732 οὗ
3257 3679 3475 3748 εἴρηται·
3513 3667 3680 3738 Ἀρχὴσ

2279 3763 2416 3830 φίας
2452 3765 2635 3830 φόϐος
2691 3767 2862 3820 Θεοῦ.
2926 3771 3069 3832 Ἕως
3104 3770 3199 3838 μὲν
3241 3768 3340 3837 γὰρ
3370 3763 3679 3832 τυφλώττονταπ

2277 3849 2446 3902 ταῦτα
2469 3849 2536 3902 τὰ
2569 3851 2761 3918 ὕδατα,
2788 3855 2888 3926 οὐχ
2915 3856 3060 3928 ἐώρα
3080 3842 3171 3910 ττὸν
3197 3855 3464 3916 Θεὸν,οὺδὲ
3491 3851 3614 3921 φόϐον
3633 3841 3680 3911 εῖκ

2279 3937 2439 3989 αὑτοῦ
2461 3954 2474 3967 '
2505 3940 2625 3991 vovi.
2643 3941 2699 3994 δὲ
2726 3943 2793 3996 τὰ
2820 3946 3032 4014 μεγάλα
3055 3947 3318 4015 ὠφέληται
3341 3945 3436 3996 ἀπὸ
3458 3942 3538 4009 τῆς
3559 3938 3646 3996 θέας
3663 3949 3680 3982 κ

2278 4027 2374 4094 τῆς
2404 4025 2660 4093 γνώσεως
2691 4033 2786 4084 τοῦ
2823 4036 3253 4106 ἐπιδημήσαντος
3286 4036 3449 4095 αὐτοῖς
3479 4031 3614 4096 λόγου.
3653 4023 3680 4073 Κ

2277 4111 2426 4177 αὖθις
2451 4116 2588 4169 κατὰ
2618 4120 2717 4188 τὴν
2752 4124 3013 4194 ἱστορίαν,
3043 4127 3270 4194 ὁπηνίκα
3300 4127 3325 4176 ὁ
3349 4122 3512 4190 Σωτὴρ
3535 4117 3678 4184 “illa

2275 4205 2399 4266 τοὺς
2425 4205 2673 4276 μαθητὰς
2703 4211 2950 4267 ἀνελθεῖν
2973 4217 3051 4278 εἰς
3079 4217 3136 4268 τὸ
3157 4217 3328 4268 πλοῖον
3356 4214 3438 4267 καὶ
3461 4210 3680 4281 προάγεινε

2277 4294 2336 4346 τὸ
2377 4295 2578 4365 πέραν
2617 4295 2738 4353 εἶτα
2779 4305 3016 4376 τετάρτῃ
3059 4308 3263 4376 φυλακῇ
3297 4305 3387 4372 τῆς
3415 4301 3571 4360 νυκτὸς
3595 4298 3676 4364 ῆρκε

2278 4384 2411 4450 πρὸς
2436 4385 2634 4452 αὐτοὺς
2665 4394 2986 4459 περιπατῶν
3017 4397 3106 4448 ἐπὶ
3133 4397 3226 4466 τῆς
3253 4395 3518 4462 θαλάσσης·
3555 4387 3621 4440 καὶ
3642 4381 3680 4432 τὸ

657 4482 1018 4548 tranquillitas
1042 4461 1251 4552 magna,
1278 4484 1503 4536 turbata:
1526 4492 1652 4536 sunt
1679 4483 1878 4552 abyssi,
1913 4491 1966 4536 et
1999 4485 2171 4536 multi-

2165 4512 2176 4521 -
2213 4461 2255 4513 θ
2285 4469 2418 4526 εἶδον
2437 4476 2600 4528 αὐτὸν
2625 4478 2814 4544 ὕδατα,
2839 4486 2932 4537 καὶ
2954 4461 3304 4556 ἐφοϐήθη-σαν.
3341 4483 3480 4537 Ἀλλά
3496 4475 3679 4534 καὶὸτε

655 4569 787 4622 tudo
825 4572 1031 4626 sonitus
1083 4587 1358 4641 aquarum.
1391 4571 1511 4626 Haec
1549 4587 1706 4640 porro
1738 4572 2032 4626 secundum
2066 4588 2186 4641 pro-

656 4660 891 4729 phetiam
938 4662 1002 4713 ad
1035 4661 1265 4715 litteram
1297 4663 1682 4731 implebantur;
1731 4662 2026 4716 secundum
2056 4677 2181 4715 vero

656 4751 970 4818 penitiorem
1025 4761 1273 4816 mentem,
1325 4769 1514 4822 aquae,
1584 4768 1771 4821 nempe
1817 4753 2182 4807 ecclesiastica

656 4838 942 4891 multitudo
970 4840 1218 4894 omnibus
1261 4856 1322 4894 ex
1360 4844 1607 4911 gentibus
1663 4843 1907 4904 collecta,
1969 4842 2180 4894 initium

655 4926 927 4993 sapientia:
971 4926 1167 4981 ell‘eeta:
1219 4937 1363 4993 sunt,
1401 4937 1577 4999 utpote
1627 4944 1742 4996 qua!
1775 4928 1954 4980 divino
1989 4927 2181 4979 timore

656 5011 856 5066 ati‘ectze
887 5012 1103 5078 fuerint,
1131 5017 1423 5070 secundum
1454 5019 1602 5078 illud.
1648 5017 1863 5070 Initium
1910 5015 2177 5084 sapientiae

653 5098 809 5150 timor
837 5099 1040 5153 Domini
1061 5101 1124 5154 ⁸⁷.
1160 5103 1351 5172 Abyssi
1386 5120 1530 5168 vero,
1554 5119 1670 5173 quae
1694 5105 1917 5157 diversa:
1934 5103 2001 5156 ab
2025 5104 2179 5170 aquis

654 5197 827 5249 erant,
861 5192 1084 5245 turbata:
1118 5203 1262 5257 sunt,
1314 5196 1384 5248 ita
1427 5203 1483 5247 ut
1534 5197 1765 5248 sonitum
1793 5209 1854 5246 ac
1889 5193 2174 5245 tumultum

656 5272 912 5332 facerent.
936 5279 1139 5335 Dixeris
1168 5297 1325 5350 porro
1349 5285 1570 5355 abyssos
1600 5299 1717 5338 esse
1737 5283 1969 5351 gentium
1997 5281 2174 5333 incre-

656 5359 902 5418 dularum
947 5367 1182 5432 ordines,
1236 5388 1353 5440 qua:
1397 5374 1561 5426 variis
1615 5371 1938 5441 temporibus
1991 5377 2176 5423 contra

664 5445 952 5506 Ecclesiam
988 5455 1340 5529 insurgentes,
1376 5462 1775 5532 persecutiones
1814 5458 2175 5514 concitarunt.

669 5534 774 5592 Sed
803 5541 972 5607 primo
995 5547 1205 5614 quidem
1251 5567 1402 5625 aqure
1433 5551 1598 5607 Deum
1635 5552 1944 5614 timuerunt,
1994 5555 2178 5618 postea

2286 4564 2508 4634 ετίμησε
2529 4571 2640 4632 τοῖς
2673 4572 2896 4644 ἀνέμοις
2927 4577 3091 4648 καὶτῇ
3117 4577 3362 4648 θαλάσσῃ,
3380 4576 3459 4629 καὶ
3483 4571 3636 4640 ἐγένετο
3654 4577 3680 4627 τί

2280 4653 2409 4725 λήνη
2445 4658 2656 4729 μεγάλη
2677 4701 2690 4724 ,
2724 4664 3100 4737 ἐταράχθησαν
3133 4669 3184 4721 αἱ
3215 4668 3435 4724 ἄϐυσσοι.
3479 4662 3552 4715 καὶ
3585 4653 3680 4720 πλῆθ⁴

2278 4744 2440 4814 ἤχους
2469 4745 2681 4812 ὓδατος.
2716 4753 2826 4806 Καὶ
2856 4756 3026 4810 ταῦτα
3060 4757 3152 4827 μὲν
3189 4757 3400 4810 ἐτελεῖτο
3429 4747 3680 4823 συμφώνως1

2279 4836 2582 4908 πρθφητείᾳ
2611 4841 2748 4910 πρὸς
2775 4843 2940 4909 λέξιν,
2969 4847 3101 4916 πρὸς
3125 4847 3179 4898 δὲ
3200 4845 3430 4906 διάνοιαν,
3460 4841 3515 4892 τὰ
3540 4837 3610 4906 μὲν
3631 4829 3680 4880 ὖδα

2278 4941 2364 4988 τα,
2398 4926 2540 4994 λέγω
2563 4929 2620 4982 δὲ
2649 4932 2718 4985 τὰ
2750 4934 2927 5006 πλήθη
2960 4937 3026 4990 τὰ
3053 4934 3446 5008 ἐκκλησιαστικὰ
3471 4930 3518 4993 ἐξ
3538 4926 3680 4980 ἀπάνταΙ

2281 5015 2388 5067 τῶν
2414 5017 2583 5071 ἐθνῶν
2611 5026 2948 5094 συνηγμένα,
2975 5028 3110 5098 ἀρχὴ
3137 5028 3309 5093 σοφίας
3333 5026 3510 5092 γέγονε,
3534 5016 3601 5068 τὸν
3621 5011 3680 5061 θεῖε

2283 5107 2616 5164 ἀναλαϐόντα
2666 5114 2827 5181 φόὅον
2875 5116 3015 5170 κατὰ
3054 5117 3144 5181 τὸ,
3184 5115 3348 5185 Ἀρχὴ
3391 5109 3568 5178 σοφίας
3588 5098 3680 5170 φέῖε

2281 5199 2528 5264 Κυρίου’
2562 5203 2618 5254 αἱ
2645 5204 2702 5256 δὲ
2736 5206 2978 5273 ἄϐυσσοι,
3012 5210 3184 5279 ἕτεραι
3209 5204 3349 5261 οὖσαι
3375 5201 3499 5272 παρά
3521 5196 3573 5249 τὰ
3598 5192 3680 5242 ὕδιτ

2272 5285 2669 5359 ἐταράχθησαν,
2695 5294 2770 5356 ὡς
2788 5291 2918 5366 ἦχον
2947 5298 3037 5350 καὶ
3059 5297 3270 5368 θόρυϐον
3293 5287 3556 5363 παρασχεῖν.
3581 5280 3680 5330 Hm:

2273 5374 2319 5427 δ’
2357 5375 2421 5430 ἂν
2461 5377 2560 5441 τὰς
2594 5382 2861 5448 ἀϐύσσους
2889 5384 3022 5440 εἶναι
3066 5367 3131 5439 τὰ
3165 5388 3391 5453 τάγματα
3419 5377 3507 5430 τῶν
3534 5367 3679 5453 enim

2277 5463 2444 5517 ὲθνῶν
2473 5466 2581 5519 τῶν
2609 5473 2674 5540 τῇ
2723 5444 3014 5544 Ἐκδιλησίᾳ
3042 5473 3177 5528 κατὰ
3215 5444 3409 5540 δίάιροὺς
3431 5444 3675 5544 ἐπανίσῖψέ

2277 5568 2414 5617 νωνν
2461 5556 2556 5607 καὶ
2599 5560 2728 5622 τοὺς
2766 5563 2886 5614 κατ’
2909 5542 3081 5632 αὐτῆς
3118 5559 3361 5629 διωγμοὺς
3393 5542 3680 5616 ἐπεγειρόντων

755 5709 799 5741 ’³
835 5707 934 5765 isa.
969 5729 1062 5783 ιι,
1100 5722 1204 5777 15.-
1255 5732 1294 5766 ιδ
1336 5730 1474 5787 psal.
1512 5745 1669 5794 exul,
1703 5732 1752 5784 5.
1827 5731 1872 5762 ⁸⁸
1914 5728 2079 5782 kzcrh
2139 5742 2261 5780 mu

1915 5728 2079 5782 [‘1ch"!
2139 5742 2283 5784 XLIII.
2319 5731 2372 5782 9--
2451 5733 2494 5763 ’⁸⁸
2534 5733 2679 5789 Psal.
2716 5753 2811 5798 cx.
2855 5740 2935 5793 lO.
3010 5740 3050 5770 ⁸⁷
3089 5737 3223 5794 Psal.
3253 5751 3329 5799 cx,
3361 5729 3429 5781 10-
