3834 6386
184 332 336 396 9033
1349 354 1753 410 COMMENTAH

1877 358 1941 412 IN
1979 359 2308 419 PSALMOS.

190 447 539 519 ταίολῆς·
584 457 707 513 ἀνθ’
740 461 800 519 οὗ
846 471 873 521 ό
921 470 1017 539 μὲν
1053 473 1291 535 Ἀκύλας,
1333 475 1619 542 Ὀμὸρήσω
1667 480 1753 528 alr

1855 485 2081 539 \cetur.
2133 481 2267 535 Cum
2324 484 2545 541 dixisset

216 558 447 615 γματα
489 544 560 610 ἐξ
617 550 905 620 ἀρχῆθεν,
959 558 1277 612 ἐκδέδωκενο
1323 563 1350 612 ὀ
1391 560 1445 619 δὲ
1503 565 1807 632 Σύμμαχος.

248 634 623 690 ’Λναόλύσω
664 645 1044 713 προϐλήματα
1071 649 1298 716 ἀρχαῖα.
1328 652 1543 704 Μέλλων
1579 653 1631 704 δὲ
1661 654 1688 702 ὁ
1718 653 1809 704 τοῦ

226 722 388 776 Θεοῦ
433 726 607 793 Λόγος
629 729 727 792 τὰς
773 736 1095 805 κατηγορίας
1124 738 1214 789 τοῦ
1251 741 1507 809 προτέρου
1548 741 1808 792 ποιεῖσθαι

220 812 403 875 λαοῦ,
440 817 541 869 καὶ
577 819 675 881 τὰς
719 822 897 883 αἰτίας
927 825 991 876 δι’
1028 826 1091 889 ἂς
1132 827 1488 898 ἀποὸέόληται
1522 832 1807 900 παρατίθε-

220 903 393 966 σθαι,
434 907 751 973 ἀναγκαίως
791 915 852 981 cf,
896 916 1082 967 ἐαυτοῦ
1123 918 1410 989 Ἐκκλησία
1452 922 1808 990 παρακελεύε-

216 1009 326 1044 ται
361 996 666 1065 προσέχειν
695 1002 802 1062 τοῖς
828 1001 1147 1072 λεγομένοις,
1184 1008 1273 1057 καὶ
1306 1009 1535 1060 συνιέναι
1561 1009 1657 1072 τὰς
1701 1028 1803 1062 πα-

215 1081 509 1149 ραθέσεις
553 1087 654 1154 τῆς
694 1088 800 1140 τῶν
844 1090 1081 1143 παλαιῶν
1126 1097 1465 1164 κατηγορίας,
1504 1096 1577 1158 ώς
1621 1097 1685 1149 ἂν
1729 1116 1753 1166 p

1986 1081 1996 1088 .
2107 1081 2113 1084 .
2329 1081 2336 1083 .
2435 1081 2445 1091 .
2745 1081 2756 1095 .
2961 1081 3227 1088 η-
3279 1081 3411 1104 ,-.υ.

1901 1118 2018 1161 tuus
2063 1126 2213 1176 super
2234 1128 2347 1165 oves
2388 1128 2593 1178 pascua:
2623 1125 2723 1169 tua:
2764 1120 2825 1170 5?
2857 1127 2907 1172 et
2959 1124 3152 1175 similia
3204 1142 3321 1193 quae
3358 1128 3424 1183 de

211 1173 348 1232 τοῖς
393 1174 587 1236 αὐτοῖς
616 1178 915 1245 περιπέσοι,
947 1181 1183 1247 μαθοῦσα
1209 1183 1263 1235 δέ
1294 1185 1356 1236 ἐκ
1388 1186 1482 1254 τῆς
1513 1190 1636 1255 περὶ
1662 1188 1750 1238 exs

2126 1173 2134 1176 ν
2388 1173 2398 1178 _
3207 1173 3319 1193 1-..
3360 1173 3422 1183 ..ν

1898 1197 2106 1249 illorum
2137 1198 2415 1254 obsidione
2440 1202 2584 1254 dicta
2622 1212 2769 1259 sunt.
2804 1207 2933 1260 Nam
2967 1210 3053 1263 hic
3080 1226 3261 1265 eorum
3293 1230 3422 1268 cau-

210 1276 341 1311 νων
388 1261 704 1331 διηγήσεως
749 1267 924 1318 ὁποῖον
966 1270 1155 1331 αὐτοὺς
1198 1272 1457 1335 διεδέξατο
1494 1274 1658 1335 τέλος,
1702 1293 1753 1327 σο

1895 1298 1985 1336 sas
2008 1286 2196 1351 aperit.
2232 1284 2295 1337 Et
2324 1288 2446 1355 quia
2494 1290 2547 1343 in
2595 1294 2914 1358 praacedenti
2973 1299 3176 1364 psalmo
3219 1299 3420 1354 dictum

209 1350 558 1417 φρονίζοιτο
586 1356 649 1404 ἐκ
676 1354 768 1405 τοῦ
797 1356 1241 1426 παραδείγματος.
1288 1360 1463 1412 Είπών
1481 1378 1493 1391 ’
1523 1365 1751 1426 Διανοίξ

1892 1380 2013 1425 est:
2070 1372 2318 1441 Nunquid
2375 1376 2428 1427 in
2480 1388 2727 1433 teternum
2780 1384 3016 1451 projiciet
3069 1387 3336 1449 Dominus,
3363 1401 3411 1443 et

202 1438 294 1490 ἐν
329 1442 665 1509 παραϐολῇ
700 1444 761 1495 τὸ
807 1448 992 1513 στόμα
1031 1466 1161 1513 μου,
1198 1449 1510 1518 φθέγξομαι
1545 1457 1753 1518 amomi;

1892 1476 1992 1513 non
2020 1473 2236 1528 apponet
2271 1473 2327 1515 ut
2358 1468 2670 1534 complaceat
2711 1472 2915 1528 adhuc?
2940 1485 3029 1528 aut
3059 1477 3112 1528 in
3138 1480 3289 1545 ﬁnem
3316 1484 3416 1533 mi-

195 1542 390 1593 ματα
422 1528 530 1579 ἀπ’
579 1531 790 1597 ἀρχῆς,
824 1535 1063 1603 ἐπιφέρει
1101 1538 1194 1590 τὰς
1239 1538 1329 1589 τοῦ
1371 1541 1626 1609 προτέρου
1667 1541 1753 1593 λαι

1888 1547 2226 1601 sericordiam
2255 1566 2402 1603 suam
2442 1554 2726 1619 abscindet,
2758 1576 2787 1610 a
2826 1564 3151 1627 generatione
3184 1566 3232 1617 in
3265 1584 3415 1635 gene-

203 1620 601 1687 κατηγορίας.
652 1621 926 1691 Παραϐολῇ
967 1624 1071 1693 γὰρ
1123 1627 1341 1688 ἐκείνοις
1385 1629 1639 1697 κέχρηται
1673 1633 1753 1682 ἀντ

1887 1638 2177 1693 rationem?
2218 1651 2306 1691 aut
2350 1641 2673 1696 obliviscetur
2717 1649 2948 1701 misereri
2994 1650 3149 1713 Deus,
3178 1665 3264 1705 aut
3299 1672 3418 1709 con-

203 1707 644 1775 ὐποδείγματος
681 1712 757 1771 είς
784 1713 1047 1781 ἡμετέραν
1081 1716 1371 1769 νουθεσίαν.
1398 1719 1502 1770 Καὶ
1528 1718 1645 1769 καθ’
1678 1721 1753 1772 ἐτέ

1888 1725 2063 1777 tinebit
2093 1729 2145 1778 in
2173 1729 2251 1780 ira
2280 1746 2374 1782 sua
2398 1733 2777 1788 misericordias
2805 1753 2927 1790 suas
2946 1742 2971 1788 7
3002 1740 3120 1807 jure
3142 1750 3261 1809 post
3303 1744 3414 1797 hinc

204 1814 322 1865 ραν
350 1797 414 1848 δὲ
465 1798 707 1850 διάνοιαν
745 1804 771 1851 ό
802 1802 982 1870 παρὼν
1017 1803 1164 1871 λόγος
1202 1807 1297 1869 τὰς
1341 1811 1668 1878 παρανομίας
1696 1830 1753 1863 το

1855 1817 2162 1882 :pr0posita
2217 1817 2398 1881 dubia,
2459 1836 2652 1877 causas
2691 1837 2932 1880 recenset
2990 1844 3086 1881 cur
3132 1830 3410 1885 Judaicam

212 1887 521 1939 Ἰουδαίων
569 1888 752 1951 ἔθνους
802 1894 1345 1962 συγκαταριθμεῖται,
1396 1899 1681 1969 ἐπειδήπερ
1732 1902 1753 1950 ἐ

1887 1914 2091 1969 gentem
2117 1905 2192 1957 ira
2220 1908 2271 1959 in
2302 1908 2456 1963 ﬁnem
2492 1912 2763 1967 invaserit.
2806 1917 3027 1984 Ipseque
3056 1918 3307 1973 Servatur
3348 1924 3402 1975 in

194 1980 329 2036 τοῖς
370 1975 691 2045 ἔμπροσθεν
732 1978 968 2045 ἐλέγετο·
1011 1984 1130 2033 Ἵνα
1177 1985 1251 2049 τί,
1301 1988 1332 2037 ὁ
1368 1985 1524 2050 Θεὸς,
1573 1986 1753 2040 ἀπώσι

1886 1992 2207 2062 Evangeliis,
2261 1999 2524 2054 similibus
2587 2018 2681 2055 eos
2744 2004 2899 2059 dictis
2956 2009 3404 2077 alloquebatur“:

192 2066 299 2128 εις
330 2066 543 2129 τέλος,
580 2067 835 2134 ὠργίσθη
865 2073 894 2121 ό
921 2073 1099 2137 θυμός
1128 2088 1240 2123 σου
1281 2074 1374 2124 ἐπὶ
1407 2077 1661 2142 πρόϐατα
1688 2095 1753 2128 νο

1884 2080 2091 2143 Quoties
2114 2085 2249 2135 volui
2299 2102 2603 2157 congregare
2630 2092 2766 2157 ﬁlios
2799 2105 2934 2155 tuos,
2979 2098 3407 2162 quemadmodum

189 2154 336 2221 μῆς
369 2170 538 2217 σου;
571 2158 665 2207 καὶ
697 2158 793 2208 ὅσα
821 2158 952 2211 ἄλλα
990 2161 1112 2229 περὶ
1145 2164 1240 2230 τῆς
1263 2164 1663 2234 καταλαϐούσης
1687 2168 1752 2218 αὑ

1877 2172 2077 2239 gallina
2104 2186 2372 2243 congregat
2398 2154 2571 2244 pullos
2606 2154 2723 2233 suos
2754 2182 2848 2234 sub
2902 2154 3037 2250 alas,
3059 2196 3106 2239 et
3130 2189 3406 2243 noluistis?

190 2245 342 2305 τοὺς
396 2244 718 2313 πολιορκίας
766 2247 993 2313 ἐλέγετο.
1044 2249 1151 2311 Τὰς
1201 2249 1306 2320 γὰρ
1358 2253 1555 2305 τούτων
1603 2256 1748 2308 αἰτία

1880 2257 2012 2311 Ecce
2034 2261 2347 2329 relinquetur
2376 2266 2513 2319 vobis
2543 2267 2725 2322 domus
2760 2280 2927 2323 vestra
2956 2273 3177 2328 deserta.

3334 386 3436 439 906

2591 504 2604 539 :
2655 489 2895 557 Aperiam
2953 494 3003 546 in
3072 502 3320 562 parabole
3379 523 3433 557 os

1912 585 2098 631 meum,
2133 571 2318 640 loquar
2345 576 2715 642 propositiones
2745 580 2808 631 ab
2834 582 2999 643 initio,
3033 586 3224 650 prioris
3256 592 3432 658 populi

1909 661 2282 715 accusationes
2308 664 2512 731 adjicit.
2541 664 2797 721 Parabola
2822 670 3016 739 quippe
3044 678 3269 744 exempli
3312 680 3430 733 loco

1910 750 2073 802 utitur
2097 750 2162 803 ad
2194 759 2429 805 nostram
2482 755 2893 811 institutionem.
2938 760 3238 818 Secundum
3272 771 3429 825 aliam

1909 855 2033 892 vero
2056 843 2355 908 explicandi
2388 845 2647 899 rationem
2690 849 2775 901 bic
2818 866 3014 911 sermo,
3061 854 3181 909 ideo
3219 856 3428 915 Judaici

1906 931 2081 998 populi
2118 930 2352 985 facinora
2396 944 2691 998 enumerat,
2731 941 2855 1007 quia
2898 945 3143 1010 superius
3173 946 3419 1002 dixerat:

1907 1018 2119 1088 thuid,
2182 1021 2341 1083 Deus,
2380 1026 2616 1091 repulisti
2654 1029 2708 1078 in
2745 1031 2919 1095 ﬁnem,
2958 1033 3123 1085 iratus
3154 1045 3229 1088 est
3279 1038 3425 1104 furor

190 2334 522 2403 παρίστησι
570 2334 659 2387 διά
688 2336 794 2387 τῶν
828 2338 1209 2405 προκειμένων.
1262 2341 1363 2392 Καὶ
1428 2344 1610 2413 ἐπειδὴ
1652 2346 1707 2396 ἐν
1773 2344 1849 2414 τῷ
1881 2348 1984 2417 πρὸ
2027 2350 2208 2402 τούτου
2252 2353 2459 2420 ἐλέγετο
2496 2356 2717 2427 ψαλμῷ·
2754 2360 2847 2427 Μὴ
2892 2365 2970 2426 εἰς
3011 2364 3147 2429 τοὺς
3190 2365 3402 2432 αἰῶνας

188 2427 526 2479 ἀπώσεται
563 2429 792 2495 Κύριος,
824 2430 914 2482 καὶ
946 2432 1015 2482 οὺ
1043 2432 1364 2497 προσθήσει
1389 2436 1491 2487 τοῦ
1516 2437 1832 2503 εὐδοκῆσαι
1861 2441 1976 2503 En;
2001 2442 2037 2509 ἢ
2064 2446 2148 2509 εὶς
2176 2444 2345 2510 τέλος
2391 2448 2456 2500 τὸ
2481 2449 2648 2515 ἕλεος
2704 2439 2883 2506 αὐτοῦ
2940 2427 3226 2524 ἀποκόψει
3281 2427 3399 2514 ἀπό

190 2521 433 2587 γενεᾶς
512 2524 601 2585 είς
644 2522 884 2587 madv;
918 2522 951 2588 ἦ
1000 2525 1338 2587 ἐπιλήσεται
1418 2528 1520 2580 τοῦ
1560 2530 1917 2597 οἱκτειρῆσαι
1963 2537 1996 2586 ὁ
2043 2537 2203 2601 Θεὸς,
2246 2538 2283 2605 ἢ
2330 2540 2568 2604 συνέξει
2608 2544 2676 2595 ἐν
2711 2544 2784 2612 τῇ
2845 2546 2989 2614 ὀργῇ
3032 2521 3212 2603 αὐτοῦ
3260 2554 3399 2619 τοὺς

189 2610 563 2677 οὶκτιρμοὺς
590 2612 808 2674 aurei};
838 2613 1053 2674 εἰκότως
1085 2614 1263 2683 ἐπειδὴ
1285 2616 1502 2669 τοιαῦτα
1531 2620 1885 2690 ἐπηπόρηται,
1946 2625 2043 2686 τὰς
2075 2629 2248 2690 αἰτίας
2285 2630 2376 2681 ἐπὶ
2432 2632 2523 2683 τοῦ
2556 2634 2815 2703 παρόντος
2864 2638 3147 2706 καταλέγει
3184 2641 3281 2711 τῆς
3319 2644 3400 2706 εἰς

186 2699 259 2751 τὸ
300 2699 470 2760 τέλος
508 2700 861 2770 μετελθούσης
886 2702 941 2753 τὸ
982 2702 1237 2755 Ἰουδαίων
1266 2703 1411 2767 ἔθνος
1437 2708 1619 2777 ὀργῆς.
1654 2712 1758 2763 Καὶ
1797 2714 1955 2775 αὐτὸς
1985 2715 2041 2767 δὲ
2069 2718 2139 2785 ιέν
2178 2720 2518 2788 Εὑαγγελίοις
2551 2726 2576 2775 ὁ
2608 2699 2792 2795 Σωτὴρ
2840 2699 3220 2799 παραπλησίως
3240 2699 3251 2711 ¹
3288 2737 3397 2794 τοῖς

188 2788 603 2857 προκειμένοις
676 2790 807 2857 πρὸς
877 2794 1000 2853 τοὺς
1043 2793 1232 2855 αὐτοὺς
1278 2796 1582 2850 ἀπετείνετο
1627 2800 1825 2867 λέγων’
1862 2806 2117 2871 Ποσάκις
2140 2808 2404 2877 ἠθέλησα
2442 2812 2892 2883 ἐπισυναγαγεῖν
2938 2820 3006 2871 τὰ
3045 2821 3225 2873 τέκνα
3259 2839 3395 2885 σου,

187 2878 271 2930 ὃν
315 2880 557 2945 τρόπον
600 2881 760 2947 ὄρνις
786 2882 1126 2953 ἐπισυνάγει
1160 2886 1226 2938 τὰ
1261 2890 1475 2942 νοσσία
1505 2892 1619 2944 ὑπὸ
1658 2894 1759 2956 τὰς
1798 2895 2103 2965 πτέρυγας,
2130 2902 2224 2953 καὶ
2252 2904 2359 2955 οὐκ
2388 2878 2745 2971 ἠθελήσατε;
2778 2878 2917 2963 ζΙδοὺ
2975 2914 3203 2979 ἀφίεται
3256 2878 3395 2982 ὑμῖν

185 2974 224 3025 ὁ
251 2967 437 3037 οἶκος
476 2972 644 3040 ὑμῶν
669 2973 899 3041 ἕρημος.

266 3086 437 3137 Ὅσα
476 3086 821 3153 ἠκούσαμεν
845 3087 942 3140 καὶ
968 3089 1224 3157 ἔγνωμεν
1251 3094 1417 3157 αὐτὰ,
1447 3098 1541 3151 καὶ
1571 3101 1621 3149 οἱ
1649 3112 1753 3150 πα-

1935 3100 2096 3156 Vens.
2119 3104 2169 3157 5.
2218 3104 2429 3169 Quanta
2473 3107 2761 3161 audiuimus
2790 3118 2839 3163 et
2878 3114 3206 3180 cognovimus
3228 3133 3308 3181 ea,
3338 3128 3392 3170 et

184 3173 373 3240 τέρες
424 3173 596 3241 ἡμῶν
638 3173 994 3242 διηγήσαντο
1035 3179 1192 3245 ἡμῖν.
1235 3182 1313 3233 Τὰ
1348 3183 1443 3251 μὲν
1482 3186 1667 3255 πρῶτα
1703 3188 1758 3251 ἐξ

186 3265 317 3327 ἐνὸς
356 3263 583 3329 ἐλέγετο
616 3265 922 3333 προσώπου,
956 3268 1090 3337 ὅπερ
1118 3270 1256 3332 τίνος
1289 3266 1353 3341 ἦν
1395 3274 1757 3328 ἀποδέδεικται

189 3354 301 3424 μὲν
362 3355 431 3404 ἐκ
465 3352 560 3403 τοῦ
604 3353 785 3406 αὐτοῦ.
834 3356 1354 3426 Συμπαραλαμϐἀνει
1386 3361 1440 3412 δὲ
1482 3363 1570 3413 καὶ
1601 3364 1756 3433 ἕτερα

186 3440 564 3502 ὑποκαταϐὰς
608 3440 706 3508 τῆς
744 3442 901 3493 αὐτοῦ
932 3442 1195 3513 θεότητος,
1228 3448 1318 3498 καὶ
1357 3448 1755 3519 ἀνθρωπινώτε-

186 3548 286 3600 ρον
332 3529 731 3598 φθεγγόμενος,
766 3531 840 3593 ώς
870 3531 933 3583 ἂν
968 3534 1026 3583 ἐκ
1073 3533 1354 3603 προσώπου
1388 3531 1445 3589 οὗ
1479 3540 1755 3609 ἀνείληφεν

184 3617 495 3688 ἀνθρώπου
532 3616 623 3667 τοῦ
656 3617 937 3686 γενομένου
978 3619 1039 3669 ἐκ
1082 3621 1384 3690 σπέρματος
1428 3622 1581 3676 Δαυῖδ
1621 3629 1755 3680 κατά

188 3710 416 3779 σάρκα·
466 3700 528 3758 οὗ
566 3706 664 3777 τὴν
710 3708 915 3774 γένεσιν
968 3708 1162 3779 ἱστορεῖ
1205 3712 1263 3762 τὸ
1296 3711 1612 3779 Εὑαγγέλιον
1651 3718 1752 3783 φά-

188 3817 326 3852 σκον
358 3816 373 3825 ·
433 3798 654 3862 Βίϐλος
712 3798 998 3867 γενέσεως
1069 3800 1265 3867 Ἰησοῦ
1312 3805 1560 3869 Χριστοῦ
1622 3807 1752 3859 υἱοῦ

185 3889 403 3951 Δαιεῒδ,
452 3888 589 3944 υἱοῦ
646 3888 906 3956 Ἀϐραάμ.
959 3890 1150 3960 Διόπερ
1213 3895 1753 3964 συμπαραλαμϐἀνων

182 3982 320 4041 τοὺς
355 3977 505 4030 κατά
536 3976 710 4045 σάρκα
739 3978 1010 4046 ὁμογενεῖς
1050 3978 1208 4031 αὑτοῦ
1238 3982 1549 4049 γενομένους
1583 3984 1751 4052 μαθη-

183 4070 288 4130 τὰς
340 4068 441 4119 καὶ
503 4065 849 4126 ἀποστόλους,
898 4066 1258 4136 πληθυντικῶς
1311 4069 1628 4140 διεξέρχεται
1682 4075 1749 4126 τὰ

188 4156 335 4224 μετὰ
370 4157 565 4224 χεῖρας
596 4152 793 4219 λέγων’
833 4154 973 4204 Ὅσα
1001 4155 1337 4223 ἠκούσαμεν
1374 4159 1467 4209 καὶ
1492 4161 1747 4229 ἔγνωμεν

184 4244 369 4299 αὐτά.
406 4245 538 4296 Ὅτε
567 4242 663 4312 μὲν
695 4244 800 4314 γὰρ
829 4244 918 4297 τὸν
940 4245 1061 4296 λαὸν
1088 4247 1273 4298 ἐαυτοῦ
1298 4250 1619 4314 ἀνεκαλεῖτο,
1656 4254 1745 4305 καὶ

184 4339 393 4389 οἰκεῖον
419 4334 585 4403 νόμον
606 4334 785 4395 αὐτοῖς
816 4333 1193 4402 προύϐάλλετο,
1218 4338 1440 4407 παρῄνει
1466 4357 1524 4391 τε
1551 4340 1743 4393 κλίνειν

1860 3202 2030 3256 patres
2066 3192 2229 3243 nostri
2278 3204 2616 3246 narrairerunt
2654 3196 2819 3249 nobis.
2856 3195 3040 3249 Priora
3069 3200 3280 3267 quidem
3316 3219 3385 3255 ex

1858 3279 2019 3331 unius
2043 3294 2269 3346 persona
2302 3281 2632 3343 dicebantur,
2667 3298 2904 3349 quietiam
2939 3300 3066 3337 vero
3111 3302 3172 3340 ea
3218 3299 3383 3353 esset,

1857 3387 1923 3425 ex
1950 3371 2135 3425 iisdem
2175 3372 2332 3425 dictis
2377 3372 2795 3427 demonstratum
2829 3382 2930 3427 est.
2960 3375 3076 3429 Alia
3118 3393 3242 3431 vero
3270 3379 3381 3447 jam

1857 3461 2083 3512 assumit
2128 3474 2155 3510 ιι
2204 3459 2398 3513 deitate
2455 3475 2574 3515 sese
2622 3460 2928 3523 demittens,
2971 3473 3018 3517 ε·
3067 3466 3379 3523 humaniore

1854 3549 2077 3616 loquens
2126 3562 2292 3610 more,
2321 3550 2472 3617 quasi
2533 3564 2597 3603 ex
2650 3565 2875 3618 persona
2922 3552 3173 3615 hominis,
3220 3572 3376 3625 quem

1857 3634 2149 3702 assumpsit
2193 3650 2254 3688 ex
2308 3636 2510 3690 semine
2564 3635 2727 3689 David
2774 3638 3067 3692 secundum
3114 3656 3373 3698 carnem:

1853 3723 2009 3790 cujus
2040 3725 2430 3791 generationem
2450 3734 2631 3779 narrat
2650 3726 2991 3797 Evangelium
3017 3730 3101 3785 his
3120 3733 3294 3787 verbis
3313 3735 3333 3764 "
3359 3750 3373 3785 :

1852 3811 2003 3865 Liber
2020 3816 2359 3881 generationis
2391 3813 2516 3868 Iesu
2541 3814 2737 3869 Christi
2756 3817 2855 3883 ﬁlii
2878 3818 3063 3886 Βατία,
3085 3822 3182 3888 ﬁlii
3210 3822 3378 3875 Abra-

1850 3900 1990 3954 ham.
2024 3901 2385 3967 Quamobrem
2441 3906 2731 3974 assumptis
2780 3921 2961 3961 secum
3017 3910 3293 3979 discipulis
3321 3922 3375 3965 et

1851 3991 2130 4058 apostolis,
2171 3991 2261 4059 qui
2316 3992 2612 4046 secundum
2661 4009 2875 4049 carnem
2928 3996 3165 4064 ejusdem
3219 4001 3373 4069 cujus

1848 4076 1961 4145 ipse
1984 4080 2193 4146 generis
2218 4090 2390 4144 erant,
2422 4083 2696 4149 pluraliter
2727 4083 2839 4135 haec
2870 4085 3117 4139 edisserit
3145 4087 3329 4143 dicens
3356 4110 3368 4142 :

1850 4167 2059 4232 Quanta
2089 4171 2378 4223 audivimus
2406 4180 2452 4224 et
2476 4174 2803 4240 cognovimus
2833 4189 2915 4225 ea.
2950 4172 3219 4242 Siquidem
3246 4193 3367 4231 cum

1848 4259 2098 4325 populum
2145 4274 2299 4312 suum
2336 4260 2640 4324 advocaret,
2673 4276 2734 4314 ac
2779 4263 3046 4330 prOpriam
3070 4265 3169 4332 ipsi
3201 4266 3368 4334 legem

1848 4353 2187 4414 pr0poueret,
2238 4348 2591 4416 invitaretque
2633 4356 2691 4401 ut
2732 4350 3049 4404 inclinarent
3092 4366 3275 4405 aurem
3300 4353 3369 4406 ad

183 4428 245 4480 τὸ
273 4423 372 4489 οὖς
400 4428 518 4487 τοῖς
544 4423 700 4476 αὑτοῦ
735 4425 954 4494 ῥήμασι,
992 4425 1085 4476 σὺν
1114 4424 1387 4497 αὐθεντείᾳ
1416 4428 1659 4500 βασιλικῇ
1688 4430 1745 4494 ἐξ

1855 4435 2007 4488 verba
2042 4450 2159 4498 sua,
2190 4438 2506 4491 auctoritate
2543 4438 2686 4507 regia
2729 4453 2794 4491 ex
2834 4440 2993 4492 unius
3025 4432 3251 4507 persona
3272 4443 3366 4495 ad-

185 4516 308 4579 ἐνὸς
338 4512 639 4586 προσώπου
667 4512 989 4581 προεφέρετο
1010 4512 1105 4581 τὴν
1134 4516 1493 4583 παραγγελίαν
1511 4535 1523 4547 ·
1549 4518 1641 4569 νῦν
1662 4519 1736 4582 δέ,

183 4607 273 4658 ὅτε
295 4606 413 4657 τῶν
438 4601 679 4656 παλαιῶν
706 4603 1133 4672 ἀναγνωσμάτων
1157 4607 1492 4675 ἐπιτέμνεται
1516 4608 1611 4678 τὴν
1634 4609 1739 4678 διή-

184 4713 373 4766 γησιν,
414 4696 707 4745 κοινοποιεῖ
734 4693 820 4745 τὸν
849 4692 999 4759 λόγον
1027 4695 1442 4766 ὑπομιμνήσκων
1471 4697 1540 4750 τὰ
1577 4698 1736 4751 πάλαι

185 4784 586 4857 πεπραγμένα,
608 4784 698 4836 καὶ
717 4783 789 4847 ὡς
808 4782 872 4835 ἂν
898 4787 1005 4847 τοῖς
1028 4787 1157 4836 πᾶσι
1175 4786 1416 4857 γνώριμα
1437 4787 1737 4857 ἐπαναλαμ-

186 4878 368 4931 ὁάνων
398 4876 469 4928 τὰ
503 4874 610 4927 ἀπὸ
637 4875 730 4943 τῆς
766 4873 1032 4941 ἱστορικῆς
1060 4874 1273 4944 Γραφῆς
1305 4876 1611 4945 δηλούμενα.
1648 4878 1736 4929 Διό

188 4985 354 5038 φησιν
369 4983 382 4995 ο
408 4966 558 5017 Ὅσα
580 4962 917 5029 ἠκούσαμεν
930 4961 1025 5014 καὶ
1047 4962 1303 5030 ἔγνωμεν
1322 4964 1487 5019 αὐτά.
1504 4965 1574 5016 Οὐ
1608 4966 1733 5017 πάν-

184 5070 294 5105 των
326 5052 385 5103 δέ
424 5053 541 5101 ἐστι
566 5047 625 5099 τὸ
655 5047 867 5099 ἀκούειν
904 5048 993 5099 καὶ
1028 5047 1320 5115 γινώσκειν,
1350 5050 1458 5101 ἀλλ’
1491 5051 1522 5118 ἢ
1565 5051 1732 5119 μόνων

186 5145 291 5196 τῶν
324 5140 618 5196 συνιέντων
655 5138 777 5199 τοὺς
826 5137 1028 5205 λόγους.
1060 5138 1152 5189 Διὸ
1195 5140 1286 5191 καὶ
1323 5140 1351 5190 ὁ
1374 5140 1625 5201 Φίλιππος
1657 5141 1732 5211 τῷ

182 5232 429 5301 εὐνούχῳ
458 5228 640 5294 ἔλεγεν
659 5243 672 5255 ·
701 5222 850 5291 Ἀρα
888 5225 1189 5294 γινώσκεις
1216 5227 1253 5279 ἂ
1281 5228 1730 5295 ἀναγινώσκεις;

184 5322 335 5376 Ἀλλ’
369 5318 493 5374 οὐδὲ
525 5318 686 5369 πᾶσιν
714 5317 760 5366 oi
784 5317 1008 5385 πατέρες
1040 5315 1374 5386 διηγήσαντο.
1408 5316 1516 5367 Οὐκ
1542 5317 1730 5385 ἔχομεν

149 5414 313 5481 γοῦν
349 5411 516 5479 ἡμεῖς
546 5408 594 5459 oi
636 5405 693 5469 ἐξ
727 5402 889 5455 ἐθνῶν
924 5405 998 5473 τῷ
1024 5405 1150 5475 θείῳ
1186 5405 1324 5474 λόγῳ
1356 5402 1727 5472 προσελθόντες

169 5502 534 5562 διδασκάλους
600 5493 999 5561 ἐπιγράψασθαι
1042 5496 1147 5549 τῶν
1193 5495 1345 5546 θείων
1403 5493 1726 5562 μαθημάτων

1842 4524 2187 4579 monitionem
2221 4526 2560 4593 proferebat;
2600 4542 2740 4579 nunc
2771 4542 2896 4581 vero
2940 4543 3060 4581 cum
3117 4531 3365 4600 antiqua-

1843 4625 1961 4663 rum
1980 4612 2266 4666 lectionum
2296 4614 2656 4667 narrationem
2687 4616 3002 4684 compendio
3036 4619 3218 4682 refert,
3250 4636 3365 4674 ser-

1842 4713 2053 4753 monem
2105 4701 2259 4769 quasi
2317 4701 2371 4754 in
2447 4703 2718 4755 communi
2777 4705 3036 4769 enuntiat,
3093 4706 3182 4759 illa
3235 4709 3361 4760 olim

1842 4795 1991 4855 gesta
2022 4803 2463 4851 commemorans,
2490 4796 2542 4843 et
2571 4804 2688 4857 quze
2717 4790 2772 4843 in
2808 4790 3029 4843 historia
3074 4791 3366 4861 Scriptum

1841 4871 2085 4926 feruntur
2138 4888 2235 4931 ceu
2300 4876 2549 4929 omnibus
2624 4886 2747 4930 nota
2821 4891 3121 4933 resumens.
3188 4880 3365 4945 Quare

1837 4960 1966 5014 ait:
2018 4962 2227 5027 Quanta
2292 4962 2580 5016 audivimus
2639 4975 2686 5017 et
2750 4966 3079 5032 cognovimus
3134 4984 3215 5022 ea.
3248 4969 3366 5023 Non

1835 5052 2070 5105 omnium
2095 5067 2256 5122 porro
2285 5060 2368 5106 est
2388 5054 2572 5107 audire
2604 5062 2656 5107 et
2687 5068 3034 5122 cognoscere,
3058 5057 3152 5108 sed
3183 5072 3367 5110 eorum

1782 5156 1795 5163 ’
1832 5148 2038 5194 tantum
2071 5143 2162 5209 qui
2201 5156 2500 5195 sermonem
2549 5143 2869 5210 intelligunt.
2904 5142 3117 5194 Idcirco
3162 5144 3371 5198 dicebat

1832 5231 2076 5284 eunucho
2102 5230 2373 5298 Philippus
2404 5249 2416 5282 :
2456 5230 2684 5284 Putasne
2725 5230 2973 5298 intelligis
3009 5246 3132 5297 quia
3172 5232 3295 5298 legis
3323 5236 3378 5283 ll‘t

1833 5318 1936 5374 Sed
1967 5335 2070 5373 non
2100 5321 2346 5373 omnibus
2375 5336 2657 5376 narravere
2690 5328 2897 5389 patres.
2930 5318 3050 5372 Nos
3081 5321 3265 5388 itaque
3292 5325 3382 5391 qui

1830 5423 1894 5460 ex
1918 5409 2161 5476 gentibus
2185 5408 2249 5460 ad
2279 5408 2514 5461 divinum
2547 5410 2770 5463 verbum
2816 5408 3191 5469 accessimus,
3214 5420 3389 5476 patres

1828 5509 2039 5553 nostros
2064 5497 2352 5551 secundum
2392 5514 2605 5556 carnem
2642 5500 2963 5555 divinarum
3012 5496 3186 5550 nobis
3232 5498 3395 5551 disti-

247 5660 269 5693 ι
300 5656 447 5715 p531,
484 5658 700 5705 uxr",
740 5643 791 5693 i.
863 5643 883 5671 ⁸
921 5643 1102 5699 Matth.
1134 5661 1293 5710 nm,
1327 5646 1413 5697 57.
1486 5646 1503 5677 ⁷
1541 5643 1725 5701 Matth.

1855 5685 1885 5702 ..
1942 5650 1979 5721 f
2003 5648 2118 5703 Act.
2149 5663 2265 5715 vtu,
2297 5649 2381 5703 50.

495 5737 781 5796 Ρλτιιοι..
818 5726 929 5789 Gn.
965 5729 1188 5791 XXIII.

2986 5737 3079 5796 29
