3834 6354
158 332 248 386 909

1192 336 1679 447 CObiMENTARlA
1719 337 1781 390 ΙΝ
1813 335 2138 391 PSAIMOS.

3183 337 3282 392 9H)

156 447 419 516 δεξάμενος
446 450 645 520 Μωσῆς
672 453 770 516 τὰς
814 454 1018 517 πλάκας
1058 456 1151 524 τῆς
1196 456 1501 525 νομοθεσίας
1546 473 1668 507 συν-

1768 456 1901 506 ratio
1944 471 2105 522 prava
2157 462 2205 505 et
2237 466 2489 519 perversa,
2533 450 2753 502 haccine
2785 448 3000 501 Domino
3037 448 3286 504 redditis?

157 539 380 608 ἐτριψενο
415 540 582 602 οὕτως
606 543 734 608 γοῦν
773 545 863 595 καὶ
904 546 1057 607 αὐτὸς
1087 548 1282 616 Μωσῆς
1324 548 1509 615 γενεὰν
1543 563 1665 597 σκο-

156 628 258 679 λιὰν
299 628 387 679 καὶ
417 628 843 701 διεστραμμένην
890 635 1079 697 αὐτοὺς
1131 636 1337 697 ἐκάλει,
1385 638 1461 697 είς
1494 634 1667 687 αὐτῶν

158 718 415 789 πρόσωπον
456 719 861 790 ἀποτεινόμενος
906 725 994 775 καὶ
1025 724 1221 790 λέγων·
1264 723 1441 776 Τέκνα
1476 740 1669 789 μωμη-

156 806 230 867 ra,
255 804 418 872 γενεά
453 810 669 860 σκολιὰ
696 811 789 861 καί
817 810 1255 879 διεστραμμένη,
1279 813 1456 863 ταῦτα
1483 813 1669 877 Κυρίῳ

154 885 581 959 cii-mammosa;
606 900 757 950 οὕτω
788 901 933 964 λαὸς
951 902 1140 968 μωρὸς
1162 903 1253 953 καὶ
1284 902 1415 968 οὐχὶ
1445 904 1666 968 σοφός;

165 985 283 1036 Ἀλλ’
313 985 393 1037 ἴνα
440 986 512 1055 μὴ
547 987 596 1037 οἱ
645 990 780 1057 μετὰ
830 990 996 1041 ταῦτα
1045 991 1384 1059 γενησόμενοι
1416 993 1521 1051 τοῖς
1566 1008 1666 1041 πα-

154 1076 317 1143 τράσιν
346 1075 775 1129 ἀποτελεσθῶσιν
802 1080 989 1147 ὅμοιοι,
1022 1078 1290 1147 ἔγγραφον
1320 1079 1496 1138 αὐτοῖς
1531 1095 1665 1146 παρ-

152 1165 293 1217 έδωκε
336 1164 419 1215 τὸν
456 1165 637 1233 νόμον,
660 1168 755 1219 καὶ
777 1168 873 1236 τὴν
905 1168 1308 1238 διαμαρτυρίαν,
1327 1168 1389 1219 δι’
1414 1162 1477 1235 ἧς
1499 1183 1664 1233 κατη-

152 1257 281 1321 γορεῖ
314 1253 407 1322 μὲν
436 1254 541 1306 τῶν
584 1257 853 1325 πατέρων,
887 1257 1206 1309 διεστείλατο
1235 1258 1289 1308 δὲ
1328 1257 1418 1307 καὶ
1451 1256 1667 1322 διεμαρ-

151 1342 323 1409 τύρατο
358 1346 467 1405 τοῖς
497 1344 709 1406 τέκνοις
745 1346 817 1416 μὴ
850 1346 1213 1414 ἐξομοιοῦσθαι
1265 1348 1371 1407 τοῖς
1412 1345 1662 1413 πατράσι,

154 1432 265 1498 μηδὲ
300 1434 360 1500 τῇ
393 1432 631 1502 προτέρα
670 1436 853 1502 γενεᾷ,
904 1434 1030 1499 ἣτις
1079 1437 1147 1486 οὐ
1194 1434 1516 1499 κατηύθυνε
1555 1432 1665 1497 τὴν

151 1519 369 1585 καρδίαν
396 1520 605 1587 αὐτῆς,
642 1522 744 1573 καὶ
766 1524 871 1573 οὐκ
898 1522 1187 1587 ἐπιστὼθη
1215 1522 1359 1588 μετὰ
1390 1519 1493 1571 τοῦ
1524 1519 1666 1570 Θεοῦ

151 1610 203 1661 τὸ
228 1609 446 1677 πνεῦμα
475 1609 686 1676 αὐτῆς.
730 1611 801 1661 Οῦ
836 1610 941 1680 γὰρ
981 1610 1184 1678 φύσεως
1212 1609 1411 1679 φαύλης
1437 1605 1521 1677 ἦν,
1548 1608 1666 1658 οὐδὲ

1765 545 1949 597 siccine
1973 554 2188 611 populus
2219 543 2407 595 stultus
2437 550 2483 594 et
2512 557 2612 593 non
2627 541 2828 607 sapiens
2855 541 2937 592 ὀἳ
2966 539 3067 593 Sed
3097 548 3155 593 ut
3194 557 3287 594 eo-

1764 646 1885 684 rum
1926 639 2144 699 nepotes
2188 630 2428 699 patribus
2460 629 2659 682 similes
2691 642 2793 680 non
2824 628 3126 692 evaderent,
3155 631 3289 683 scri-

1768 729 1910 787 ptam
1952 720 2082 788 ipsis
2132 720 2296 786 legem
2337 718 2573 778 tradidit,
2612 725 2664 770 et
2705 716 3154 780 testillcationem,
3182 733 3287 786 qua

1766 818 1943 877 patres
1982 808 2193 877 quidem
2223 808 2504 869 incusavit,
2530 807 2779 875 praecepit
2810 814 2983 858 autem
3016 815 3067 859 et
3104 806 3288 861 testifi-

1769 907 1919 952 catus
1948 898 2067 951 liliis
2089 905 2193 959 est,
2231 905 2287 948 ut
2316 912 2380 949 ne
2408 897 2645 964 patribus
2670 895 2870 948 similes
2894 903 3094 957 essent,
3117 910 3289 965 neque

1770 987 1932 1054 priori
1965 986 2037 1037 illi
2069 984 2416 1055 generationi.
2439 1000 2551 1052 qua:
2579 1000 2677 1035 non
2705 982 2892 1034 direxit
2923 998 3011 1033 cor
3044 999 3214 1049 suum,
3240 995 3287 1036 et

1768 1090 1867 1126 non
1914 1073 2081 1140 fidelis
2126 1074 2225 1140 fuit
2268 1088 2379 1122 cum
2412 1070 2516 1123 Dea
2546 1071 2756 1137 spiritus
2780 1070 2911 1137 ejus.
2940 1068 3117 1136 Neque
3146 1071 3288 1123 enim

1766 1179 1939 1233 prava:
1976 1172 2175 1215 natura:
2206 1170 2337 1223 erat,
2369 1176 2538 1228 neque
2567 1160 2715 1211 malae
2742 1159 3166 1223 constitutionis;
3196 1159 3289 1213 sed

1769 1269 1833 1307 ex
1873 1254 2143 1305 voluntate
2171 1251 2275 1304 Deo
2299 1250 2695 1318 obsequentium
2720 1249 3044 1312 detrectans,
3074 1264 3287 1303 exacer-

1768 1342 1911 1394 bavit
1935 1358 2078 1406 eum,
2109 1350 2265 1407 atque
2287 1356 2351 1392 ex
2381 1340 2713 1407 perversione
2732 1348 2967 1391 tortuosa
2985 1340 3164 1391 clIecta
3186 1349 3286 1391 est.

1768 1427 2119 1493 Quamobrem
2173 1428 2460 1482 secundum
2502 1426 2873 1495 Symmachum
2923 1427 3122 1479 dictum
3162 1436 3287 1481 est:

1773 1515 2042 1569 Generatio
2072 1517 2236 1568 invita
2265 1515 2436 1579 corde,
2471 1526 2516 1567 et
2540 1516 2750 1583 inﬁrma
2772 1532 2895 1585 erga
2918 1516 3079 1568 Deum
3107 1516 3291 1582 spiritu

1770 1622 1883 1658 suo.

151 1702 458 1769 κατασκευῆς
485 1705 751 1771 πονηρᾶς,
781 1703 842 1753 ὲκ
874 1702 1232 1771 προαιρέσεως
1292 1702 1345 1753 δὲ
1413 1700 1731 1753 ἁνανεύουσα
1772 1698 1904 1767 πρὸς
1942 1697 2038 1766 τὴν
2085 1698 2177 1749 τοῦ
2212 1696 2342 1748 Θεοῦ
2382 1696 2618 1767 ὑπακοὴν
2664 1698 3061 1767 παοεπίκρανε,
3096 1698 3188 1749 καὶ
3230 1699 3293 1748 ἐκ

151 1788 445 1859 διαστροφῆς
486 1791 674 1843 σκολιὰ
713 1792 895 1858 γέγονε
918 1810 930 1821 ο
967 1792 1044 1842 διὸ
1082 1793 1216 1843 κατὰ
1261 1793 1348 1843 τὸν
1383 1792 1668 1860 Σύμμαχον
1706 1793 1941 1859 εἴρηται·
1997 1790 2181 1841 Γενεὰ
2223 1790 2598 1855 ἀπροαίρετος
2636 1789 2708 1857 τῇ
2764 1790 2991 1856 καρδίᾳ,
3029 1789 3123 1841 καὶ
3165 1786 3295 1842 ἀϐέ-

153 1880 288 1943 ϐαιος
313 1881 455 1946 πρὸς
480 1882 587 1933 τὸν
609 1882 763 1934 Θεὸν
788 1882 865 1946 τῷ
897 1885 1180 1951 πνεύματι
1225 1884 1301 1948 τῷ
1328 1882 1561 1950 ἑαυτῆς.

218 1993 322 2045 Υἱοὶ
368 1994 641 2062 Ἐφραῒμ,
679 1997 1046 2062 ἐντείνοντες
1083 1999 1176 2050 καί
1204 1998 1535 2062 βάλλοντες
1570 1999 1664 2049 τό-

1833 1992 1994 2046 Vens.
2050 1992 2101 2044 9.
2134 1990 2263 2043 Filii
2308 1991 2556 2058 Ephraim
2591 1989 2903 2043 intendentes
2934 1999 2981 2042 et
3009 1991 3291 2045 emittentes

153 2081 277 2146 εοις,
304 2083 688 2150 ἐστράφησαν
717 2085 786 2135 ἐν
812 2085 991 2152 ἡμέρᾳ
1020 2087 1293 2154 πολέμου.
1329 2088 1385 2140 '0
1418 2088 1512 2156 μὲν
1538 2088 1668 2154 ἀγα-

154 2170 230 2232 θδς
253 2173 335 2225 καὶ
350 2172 727 2241 φιλάνθρωπος
747 2174 941 2243 Κύριος
961 2178 1069 2237 τοῖς
1092 2175 1319 2244 πρώτοις
1342 2178 1667 2247 προπάτορσι

154 2261 230 2314 τοῦ
270 2263 524 2315 Ἰουδαίων
565 2263 753 2325 ἔθνους
806 2263 934 2332 ἔργα
978 2265 1170 2326 παντὸς
1213 2265 1362 2332 λόγου
1398 2268 1669 2335 κρείττονα

155 2352 454 2405 ἐνεδείκνυτο
488 2354 557 2405 τὰ
597 2354 685 2405 διὰ
732 2354 995 2415 Μωσέως·
1036 2356 1083 2406 οἱ
1119 2356 1173 2406 δὲ
1203 2355 1436 2421 ἐγίνοντο
1470 2357 1666 2425 σκληρ-

155 2438 350 2505 αύχενες
389 2442 479 2492 καὶ
511 2441 587 2502 ὡς
620 2440 832 2509 ἀληθῶς
880 2440 1000 2502 λαὸς
1029 2447 1202 2511 μωρὸς
1226 2444 1316 2494 καὶ
1347 2444 1461 2511 οὐχὶ
1492 2446 1664 2510 σοφὸς,

157 2528 234 2578 καὶ
280 2529 432 2596 γενεὰ
482 2530 674 2583 σκολιὰ
726 2531 815 2581 καὶ
868 2531 1283 2601 διεστραμμένη.
1361 2534 1514 2585 Ἀλλὰ
1563 2534 1667 2585 τῶν

168 2616 358 2685 ’ἐρώτων
392 2620 642 2671 τοιούτων
670 2619 1102 2687 ἁπελεγχθὲντων
1127 2659 1141 2682 ,
1189 2624 1345 2690 νόμον
1393 2627 1502 2684 τοῖς
1536 2623 1667 2691 μετὰ

156 2704 303 2757 ταῦτα
333 2708 611 2775 παρεδίδου
635 2748 649 2765 .
688 2708 1115 2778 διαστειλάμενος
1165 2714 1255 2763 καὶ
1308 2713 1667 2783 διαμαρτυρά-

159 2808 294 2858 μενος
329 2796 382 2846 ἐν
408 2795 555 2864 αὐτῷ
577 2796 644 2847 τά
672 2812 735 2846 τε
764 2796 1004 2864 πρακτέα
1032 2799 1122 2848 καὶ
1154 2799 1219 2851 τὰ
1261 2802 1331 2868 μή
1353 2817 1364 2828 ⁸
1401 2803 1669 2869 παραινῶν

156 2894 204 2933 τί
232 2882 297 2949 μὴ
329 2884 603 2951 μιμεῖσθαι
636 2885 764 2943 τοὺς
790 2884 1042 2953 πατέρας,
1070 2887 1197 2955 μηδὲ
1227 2888 1323 2956 τὴν
1358 2888 1543 2954 γενεὰν
1574 2890 1669 2958 τὴν

159 2970 365 3033 σκολιὰν,
403 2971 533 3041 μηδὲ
578 2973 676 3041 τὴν
711 2974 1253 3043 παραπικραίνουσαν,
1284 2975 1410 3041 ἥτις
1438 2980 1508 3029 οὐ
1538 2995 1670 3031 κατ-

156 3060 353 3123 ηύθυνε
400 3062 511 3127 τὴν
556 3062 808 3128 καρδίαν
848 3062 1064 3129 αὐτῆς,
1100 3064 1191 3116 καὶ
1232 3068 1339 3118 οὐκ
1382 3066 1668 3132 ἐπιστώθη

153 3150 281 3213 μετὰ
321 3151 422 3203 τοῦ
473 3151 620 3204 Θεοῦ
652 3152 717 3203 τὸ
746 3152 973 3218 πνεῦμα
1009 3152 1207 3219 αὐτῆς.
1250 3157 1308 3207 Οί
1356 3156 1427 3217 δὲ,
1462 3156 1670 3225 χείρους

159 3236 248 3288 τῶν
280 3240 519 3309 πατέρων
553 3241 865 3308 γενόμενοι,
899 3242 1043 3294 οὐδὲν
1085 3243 1179 3310 μὲν
1222 3244 1325 3295 ἀπὸ
1356 3245 1450 3312 τῆς
1493 3262 1667 3316 παρα-

156 3324 372 3399 δοθείσης
413 3302 505 3382 τοῦ
557 3302 722 3398 νόμου
771 3332 979 3401 γραφῆς
1048 3302 1340 3399 ωφελοῦντο
1394 3302 1467 3395 είς
1511 3302 1738 3403 βάδθοςο

159 3418 328 3480 κακίας
360 3420 691 3481 ἐλαύνοντες.
719 3421 823 3472 Καὶ
862 3420 1059 3488 πρῶτοί
1095 3438 1157 3487 γε
1205 3423 1400 3475 τούτων
1446 3419 1580 3492 ἦσαν
1620 3427 1667 3476 οί

158 3506 244 3557 υἱοὶ
283 3510 532 3579 Ἐφραῒμ,
561 3508 875 3578 τιμηθέντες
910 3511 1004 3578 μὲν
1036 3509 1288 3580 ὲξαιρετῷ
1309 3515 1433 3581 τιμῇ
1463 3513 1548 3564 διὰ
1578 3513 1667 3565 τοῦ

158 3595 239 3661 τὴν
263 3598 430 3649 αὐτῶν
470 3598 640 3666 φυλὴν
669 3598 759 3649 καὶ
790 3597 876 3648 τὸν
905 3598 1073 3649 αὐτῶν
1108 3600 1297 3668 κλῆρον
1323 3600 1669 3670 προκριθῆναι

156 3684 235 3734 τοῦ
260 3688 450 3750 παντὸς
474 3689 681 3749 ἔθνους,
708 3688 799 3738 καὶ
820 3686 913 3755 τὴν
941 3689 1164 3741 κιϐωτὸν
1193 3690 1284 3742 τοῦ
1311 3691 1439 3743 Θεοῦ
1466 3693 1554 3743 καὶ
1576 3692 1668 3761 τὴν

159 3774 337 3843 σκηνὴν
358 3776 448 3827 τοῦ
477 3777 771 3846 μαρτυρίου
795 3779 889 3846 τὴν
920 3778 1020 3829 ὑπὸ
1051 3779 1283 3841 Μωσέως
1309 3781 1364 3831 ὲν
1392 3782 1455 3849 τῇ
1484 3783 1670 3849 ἐρήμῳ

156 3867 669 3919 κατασκευασθεῖσαν
734 3867 1077 3931 ὐποδέξασθαι
1132 3869 1404 3938 πρώτους·
1461 3873 1488 3922 ὁ
1544 3872 1669 3938 γοῦν

155 3952 299 4015 τόπος
323 3957 351 4006 ό
374 3958 429 4008 ὲν
459 3956 637 4025 Σηλῶ,
668 3956 789 4009 ἔνθα
822 3960 852 4025 ἡ
888 3960 1054 4028 σκηνὴ
1083 3960 1172 4010 καὶ
1208 3959 1265 4010 τὸ
1290 3961 1545 4029 ἁγίασμα,
1568 3962 1670 4030 πρὸ

154 4042 240 4109 τῆς
284 4045 661 4114 Ἰερουσαλὴμ,
713 4047 807 4114 τῆς
856 4047 1018 4115 φυλῆς
1076 4048 1303 4118 Ἐφραῖμ
1354 4050 1664 4117 ἐτύγχανεν·

154 4129 273 4183 ἀλλὰ
314 4135 517 4202 πρῶτοι
565 4133 761 4201 ταύτης
791 4135 1034 4202 τυχόντες
1072 4137 1167 4204 τῆς
1218 4137 1376 4205 τιμῆς
1404 4175 1418 4199 ,
1470 4138 1674 4191 είδωλοςο

155 4217 325 4289 λάτραι
389 4224 659 4290 γεγόνασι.
712 4223 817 4273 Καὶ
863 4223 973 4273 ἔστι
1020 4240 1080 4289 γε
1139 4223 1232 4292 τὴν
1299 4225 1531 4295 ἱστορίαν
1567 4226 1670 4278 τῶν

154 4311 538 4379 πεπραγμένων
586 4311 764 4370 αὐτοῖς
811 4308 916 4360 ἀπὸ
951 4310 1045 4376 τῆς
1088 4310 1262 4377 βίϐλου
1312 4311 1418 4362 τῶν
1460 4313 1670 4381 Κριτῶν

154 4391 508 4458 ἀναλέξασθαι.
541 4397 777 4465 Ἐλέγχει
801 4396 855 4448 δὲ
884 4398 1017 4449 καὶὸ
1042 4398 1225 4469 παρὼν
1244 4400 1446 4470 ψαλμὺς
1472 4400 1670 4471 προῖὼν

155 4480 265 4549 ἑξῆς
288 4486 378 4536 καὶ
408 4486 581 4551 λέγων
610 4486 733 4555 περὶ
759 4486 956 4537 αὐτῶν·
998 4487 1280 4540 Ἄπώσατο
1305 4490 1367 4541 τὸ
1391 4490 1671 4558 σκήνωμα

1765 2082 2008 2143 arcubus,
2040 2081 2171 2133 versi
2209 2090 2327 2132 sunt
2372 2082 2423 2131 in
2477 2080 2557 2131 die
2594 2079 2731 2131 belli.
2764 2078 2942 2131 Bonus
2983 2079 3193 2145 quidem
3239 2092 3293 2133 et

1764 2174 1998 2226 clemens
2032 2170 2289 2224 Dominus
2320 2171 2505 2238 primis
2533 2169 2766 2222 Judaicze
2803 2171 2973 2237 gentis
2997 2171 3165 2225 atavis
3197 2187 3291 2239 per

1766 2261 1993 2329 Moysem
2013 2260 2383 2314 inenarrabilia
2399 2274 2556 2327 opera
2574 2259 2755 2329 edidit:
2776 2259 2873 2326 ipsi
2888 2274 3009 2312 vero
3024 2259 3155 2311 dura
3172 2275 3286 2313 cer-

1764 2349 1879 2401 vice
1903 2348 2191 2411 luerunt,et
2209 2363 2385 2402 revera
2406 2328 2636 2415 populus
2647 2348 2840 2400 stultus
2856 2358 2905 2401 et
2924 2363 3028 2399 non
3056 2350 3287 2415 sapiens,

1764 2445 1815 2489 et
1848 2441 2122 2504 generatio
2153 2447 2385 2490 tortuosa
2416 2444 2467 2489 et
2508 2451 2775 2503 perversa.
2810 2435 2911 2489 Sed
2936 2451 3054 2500 cum
3084 2439 3287 2505 priores

1766 2526 1884 2580 illos
1916 2528 2048 2579 tales
2078 2527 2241 2580 fuisse
2270 2526 2668 2595 comprobatum
2726 2524 2904 2588 fuerit,
2939 2527 3169 2597 posteris
3197 2543 3291 2581 eo-

1766 2630 1881 2667 rum
1918 2615 2084 2682 legem
2119 2615 2355 2675 tradidit,
2394 2624 2656 2682 praacepta
2695 2615 2829 2667 dans
2873 2616 2997 2673 illis.
3035 2624 3087 2669 et
3111 2618 3294 2670 testiﬁ-

1766 2713 1918 2757 catus
1948 2720 2191 2772 qutenam
2238 2705 2463 2771 agenda,
2508 2720 2535 2755 a
2575 2704 2767 2771 quibus
2801 2703 3173 2757 abstinendum
3202 2718 3293 2759 es-

1769 2802 1847 2846 set
1876 2813 1886 2845 :
1917 2795 2206 2845 cohortans
2236 2808 2445 2861 quoque
2482 2809 2547 2844 ne
2589 2803 2767 2860 patres
2800 2808 2968 2861 neque
2995 2793 3297 2862 generatio-

1768 2898 1887 2936 nem
1923 2884 2063 2935 illam
2096 2892 2389 2936 tortuosam
2423 2892 2473 2935 et
2502 2891 2905 2949 exasperantem
2932 2883 3291 2947 imitarentur,

1766 2989 1877 3040 qua:
1922 2989 2021 3024 non
2069 2973 2258 3025 direxit
2287 2988 2375 3025 cor
2403 2988 2572 3031 suum,
2604 2982 2650 3024 et
2699 2988 2799 3024 non
2831 2971 2997 3039 ﬁdelis
3045 2973 3140 3041 fuit
3178 2990 3293 3026 cum

1768 3060 1873 3113 Deo
1904 3062 2117 3127 spiritus
2146 3062 2277 3126 ejus.
2309 3061 2383 3112 llli
2427 3075 2552 3113 vero
2573 3100 2586 3123 ,
2614 3062 2852 3129 patribus
2883 3062 3198 3127 deteriores,
3228 3064 3295 3117 ab

1770 3154 1868 3208 sibi
1902 3154 2094 3206 tradita
2135 3153 2265 3222 legis
2297 3154 2564 3220 scriptura
2595 3155 2836 3208 utilitatis
2864 3154 2993 3207 nihil
3038 3170 3291 3224 percepe-

1770 3251 1932 3307 runt;
1965 3244 2055 3296 sed
2087 3243 2139 3295 in
2184 3241 2503 3309 profundum
2540 3242 2795 3294 malorum
2844 3242 2977 3310 lapsi
3022 3252 3164 3296 sunt.
3193 3240 3275 3296 Ηο

1768 3349 1885 3389 rum
1918 3333 2073 3402 primi
2107 3339 2258 3385 erant
2290 3332 2379 3383 lilii
2411 3331 2683 3397 Ephraim,
2714 3330 2805 3398 qui
2842 3331 3162 3397 pmcellenti
3190 3331 3291 3384 ho-

1767 3442 1897 3479 nore
1925 3425 2129 3485 donati,
2162 3424 2299 3490 quod
2330 3422 2502 3475 tribus
2543 3429 2594 3474 et
2630 3436 2747 3474 sors
2784 3436 2968 3474 eorum
3013 3422 3107 3473 toti
3148 3422 3292 3491 genti

1768 3513 2053 3583 praehabita
2113 3512 2289 3575 fuerit,
2321 3520 2373 3565 et
2418 3526 2593 3563 arcam
2641 3510 2730 3562 Dei
2789 3510 3293 3580 tabcrnaculumque

1767 3603 2054 3659 testimonii
2109 3603 2174 3655 ab
2210 3601 2390 3670 Moyse
2435 3603 2484 3653 in
2526 3605 2735 3654 deserto
2775 3610 3139 3655 constructum
3190 3603 3292 3671 ipsi

1767 3693 1921 3760 primi
1947 3693 2250 3760 acceperint
2281 3708 2292 3741 :
2328 3706 2449 3743 nam
2476 3690 2625 3743 locus
2649 3688 2735 3741 ille
2766 3688 2819 3741 in
2842 3688 2973 3751 Silo,
2998 3690 3087 3743 ubi
3116 3692 3294 3744 taber-

1771 3782 2018 3835 naculum
2072 3788 2123 3833 et
2158 3780 2509 3833 sanctilicatio
2548 3778 2851 3847 (antequam
2900 3779 2951 3830 in
2998 3777 3292 3834 Jerusalem

1766 3870 1930 3937 esset)
1960 3871 2200 3937 degebat,
2242 3870 2413 3922 tribus
2456 3868 2703 3936 Ephraim
2749 3876 2880 3921 erat.
2943 3868 3132 3922 Verum
3169 3884 3293 3923 eum

1769 3960 1869 4028 ipsi
1900 3958 2055 4027 primi
2107 3967 2257 4010 tanto
2286 3959 2486 4011 honore
2513 3956 2714 4025 dignati
2749 3965 2928 4009 essent
2954 3995 2968 4019 ,
2996 3956 3291 4011 idololatra:

1768 4049 1939 4103 cliecti
1973 4056 2116 4102 sunt.
2146 4049 2220 4100 Ac
2242 4048 2435 4115 cuique
2467 4048 2590 4101 licet
2619 4046 2894 4100 historiam
2924 4061 3100 4099 rerum
3135 4047 3201 4101 ab
3222 4047 3291 4100 il-

1769 4140 1834 4192 lis
1883 4147 2149 4206 gestarum
2179 4153 2242 4191 ex
2273 4137 2408 4190 libro
2434 4136 2680 4189 Judicum
2716 4134 2984 4203 colligere.
3020 4134 3169 4202 Ipsos
3196 4151 3293 4187 au-

1769 4241 1873 4287 tem
1905 4248 2138 4302 prmsens
2170 4232 2408 4300 psalmus
2442 4232 2494 4283 in
2530 4229 2872 4297 sequentibus
2906 4243 3116 4297 quoque
3138 4242 3293 4281 coar-

1768 4324 1901 4392 guit,
1944 4322 2126 4375 dicens
2154 4336 2167 4371 :
2196 4320 2395 4387 Repulit
2431 4316 2815 4371 tabernaculum
2864 4316 3076 4385 Ioseph,
3108 4327 3156 4370 et
3196 4320 3293 4370 tri-

1770 4412 1888 4462 bum
1920 4410 2167 4476 Ephraim
2184 4426 2285 4461 non
2314 4409 2495 4475 elegit;
2525 4416 2575 4459 et
2605 4421 2817 4459 rursum
2856 4424 2867 4458 :
2901 4406 2968 4458 Et
2998 4408 3181 4474 repulit
3216 4422 3294 4461 ta-

1770 4499 2099 4552 bernaculum
2130 4498 2261 4557 Silo,
2288 4495 2670 4548 tabernaculum
2696 4511 2843 4546 suum
2866 4495 2951 4547 ubi
2978 4497 3220 4551 habitavit
3244 4499 3295 4551 in

165 4570 379 4642 7th,
412 4578 509 4628 καὶ
546 4576 658 4641 τὴν
688 4576 891 4643 φυλὴν
926 4576 1156 4646 Ἐφραῒμ
1187 4582 1292 4631 οὐκ
1327 4580 1663 4643 ἐξελέξατο’

1770 4588 2090 4649 hominibus;
2126 4600 2447 4652 causamque
2485 4582 2682 4651 profert
2710 4582 2793 4637 his
2817 4585 3028 4639 verbis:
3055 4587 3297 4641 Conversi

156 4664 237 4713 καὶ
288 4666 475 4719 πάλιν·
529 4667 638 4718 Καὶ
686 4666 957 4719 ἀπώσατο
1000 4668 1111 4733 τὴν
1154 4670 1385 4736 σκηνὴν
1420 4672 1627 4739 Σηλὼμ
1650 4713 1664 4736 ,

154 4753 420 4821 σκήνωμα
449 4752 520 4809 οὗ
553 4760 1001 4819 κατεσκήνωσεν
1026 4759 1093 4809 ἐν
1116 4758 1452 4824 ἀνθρώποις·
1468 4764 1557 4813 καί¹
1576 4763 1669 4832 τὴν

158 4842 314 4894 αἰτίαν
366 4846 689 4915 παρίστησιν
757 4845 919 4898 εἰπών
954 4862 967 4875 ⁸
1037 4847 1529 4914 Μετεστράφησαν
1586 4854 1671 4916 εἰς

156 4931 319 4993 τόξον
343 4938 649 5001 στρεϐλόν.
684 4938 792 4988 Καὶ
829 4935 1195 5003 παρώρτισαν
1239 4937 1419 5007 αὐτὸν
1458 4940 1526 4991 ἐν
1551 4944 1671 5005 τοῖς

159 5020 382 5090 βουνοῖς
419 5026 633 5088 αὐτῶν,
660 5027 755 5079 καὶ
784 5028 851 5078 ἐν
878 5026 997 5089 τοῖς
1018 5026 1296 5093 γλυπτοῖς
1322 5026 1511 5079 αὐτῶν
1527 5045 1670 5097 παρ-

158 5109 441 5176 εῶἓλωσαν
490 5117 717 5178 αὐτόν.)
743 5115 973 5175 Εἰκότως
1015 5110 1103 5166 οῦν
1146 5115 1234 5167 καὶ
1279 5114 1362 5166 διὰ
1393 5115 1496 5166 τῶν
1543 5136 1667 5187 προ-

166 5204 401 5270 κειμένων
438 5207 679 5273 εῑρηταιο
725 5206 837 5257 Υἱοὶ
884 5206 1149 5273 Ἐφραῒμ,
1192 5205 1545 5270 ἐντείνοντες
1578 5209 1671 5260 καί

162 5290 468 5357 βάλλοντες
493 5292 691 5354 τόξον,
708 5292 1084 5358 ἐστράφησαν
1104 5296 1171 5345 ὲν
1192 5292 1373 5360 ἡμέρᾳ
1392 5293 1669 5360 πολέμου.

168 5376 272 5439 Πῶς
296 5381 346 5432 δὲ
377 5382 719 5450 ἐστράφησαν
768 5380 1082 5450 σαφέστερον
1127 5382 1440 5452 παρίστησιν
1473 5382 1667 5435 εἰπών’

167 5465 253 5514 Ml
288 5467 548 5534 ἐγένοντο
588 5470 677 5529 είς
711 5465 882 5527 τόξον
907 5472 1204 5534 στρεϐλόν.
1253 5468 1373 5521 Δέον
1401 5468 1507 5539 γὰρ
1549 5470 1673 5539 βάλ-

234 5614 270 5643 ¹⁹
300 5616 438 5670 Deut.
468 5629 637 5675 xxxii,
679 5611 734 5663 6.

1766 4687 1884 4730 sunt
1923 4679 1973 4729 in
2002 4694 2177 4729 arcum
2197 4692 2425 4743 pravum.
2460 4673 2525 4724 Et
2565 4674 2893 4725 irritaverant
2921 4692 3035 4727 eum
3068 4677 3117 4728 in
3147 4678 3296 4730 colli-

1768 4766 1859 4820 bus
1882 4769 2009 4828 suis,
2035 4776 2082 4820 et
2116 4768 2168 4819 in
2197 4763 2515 4832 sculptilibus
2546 4764 2653 4815 suis
2685 4764 2752 4815 ad
2783 4765 3153 4818 temulationem
3178 4783 3293 4821 eum

1768 4866 2183 4923 provocaverunt.
2210 4853 2336 4906 Jure
2361 4868 2486 4919 ergo
2514 4851 2566 4905 in
2594 4853 2939 4920 praesentibus
2953 4852 3149 4906 dictum
3176 4865 3253 4908 est
3279 4875 3291 4909 :

1772 4943 1902 4996 Filii
1933 4944 2176 5010 Ephraim
2203 4942 2514 4994 intendentes
2563 4950 2609 4992 et
2639 4942 2893 4992 mittentes
2944 4958 3142 5002 arcum,
3166 4943 3297 4996 versi

1773 5042 1889 5085 sunt
1924 5033 1974 5083 in
1996 5031 2078 5083 die
2109 5029 2247 5084 belli.
2276 5028 2392 5093 Quo
2422 5035 2578 5095 pacto
2609 5036 2783 5081 autem
2824 5030 3068 5103 conversi
3101 5029 3297 5085 fuerint

1774 5120 1967 5174 clarius
2023 5118 2252 5171 ostendit
2307 5116 2531 5168 dicens:
2568 5114 2634 5167 Et
2690 5114 2815 5182 facti
2859 5124 2977 5169 sunt
3027 5116 3081 5167 in
3119 5122 3296 5169 arcum

1773 5223 2003 5275 pravum.
2060 5205 2189 5257 Nam
2240 5218 2357 5256 cum
2411 5202 2733 5269 oportuisset
2769 5201 2870 5253 tela
2908 5200 3194 5258 immittere
3246 5213 3301 5258 et

1775 5296 1969 5349 bellum
2016 5293 2211 5346 inferre
2243 5290 2476 5343 inimicis
2526 5290 2638 5352 Dei,
2677 5289 2975 5343 idololatrze
3038 5290 3114 5340 illi
3166 5307 3302 5358 prm-

1776 5391 2030 5452 optarunt
2052 5382 2242 5435 bellum
2262 5394 2472 5433 movere
2500 5377 2627 5433 Deo.
2652 5378 2826 5443 Quare
2841 5375 3019 5429 subdit
3048 5378 3302 5437 :-—\'ana.

1777 5476 1859 5530 10.
1897 5474 2013 5529 Non
2050 5469 2393 5526 custodierunt
2452 5479 2809 5524 testamentum
2845 5466 2960 5529 Dei,
2990 5474 3041 5519 et
3096 5465 3157 5519 in
3204 5470 3310 5539 lege
