3834 6336
151 327 270 382 909

1233 335 1720 445 CODLMENTARIA
1760 335 1822 389 IN
1854 334 2178 390 PSALMOS.

3220 338 3321 394 θίθ

146 443 456 512 δεξάμενος
483 447 686 518 Μωσῆς
713 450 810 514 τὰς
855 451 1059 515 πλάκας
1098 454 1192 523 τῆς
1237 443 1542 524 νομοθεσίας
1587 471 1702 506 συν-

1809 454 1941 506 ratio
1985 469 2146 521 prava
2197 461 2244 506 et
2277 466 2529 519 perversa,
2573 450 2793 502 haccine
2824 449 3039 502 Domino
3075 449 3325 506 redditis?

147 535 383 605 έτριψεν
404 553 418 566 °
454 537 624 600 οὕτως
648 540 774 606 γοῦν
813 543 904 593 καὶ
944 543 1099 606 αὐτὸς
1127 545 1323 614 Μωσῆς
1364 547 1550 614 γενεὰν
1584 562 1706 596 σκοο

145 625 279 676 λιὰν
326 625 426 677 καὶ
458 627 884 700 διεστραμμένην
931 632 1120 694 αὐτοὺς
1171 633 1378 695 ἐκάλει,
1425 636 1502 696 είς
1535 633 1708 686 αὐτῶν

148 714 458 786 ⁶πρόσωπον
499 717 902 788 ἀποτεινόμενος
946 722 1034 772 καὶ
1065 721 1261 789 λέγων·
1303 721 1482 774 Τέκνα
1517 738 1710 788 μωμη-

144 803 244 864 τὰ,
274 803 461 870 γενεὰ
497 807 712 858 σκολιὰ
738 809 831 858 καὶ
857 808 1296 877 διεστραμμένη,
1319 811 1496 862 ταῦτα
1523 811 1709 876 Κυρίῳ

144 882 627 957 ἀνταποδίδοτα
650 897 798 948 οὕτω
828 899 974 962 λαὸς
989 901 1180 966 μωρὸς
1201 901 1294 951 καί
1324 901 1454 967 οὐχὶ
1485 902 1706 967 σοφός

158 982 308 1034 Ἀλλ’
345 983 436 1035 ἵνα
485 984 559 1054 μὴ
593 985 642 1036 oi
690 987 822 1055 μετὰ
869 987 1036 1040 ταῦτα
1085 989 1424 1058 γενησόμενοι
1455 991 1561 1050 τοῖς
1606 1006 1706 1039 πα-

145 1072 350 1141 τράσιν
383 1073 815 1126 ἀποτελεσθῶσιν
842 1076 1028 1144 ὅμοιοι,
1061 1076 1329 1146 ἔγγραφον
1359 1077 1536 1136 αὐτοῖς
1570 1093 1706 1145 παρ-

143 1162 322 1214 έδωκε
372 1162 466 1213 τὸν
504 1163 683 1231 νόμον,
705 1166 795 1216 καὶ
817 1166 913 1233 τὴν
945 1165 1347 1236 διαμαρτυρίαν,
1366 1166 1429 1217 δι’
1454 1160 1517 1234 ἧς
1538 1181 1704 1232 κατη-

143 1253 308 1320 γορεῖ
348 1251 454 1320 μὲν
484 1252 592 1304 τῶν
633 1254 892 1323 πατέρων,
926 1255 1245 1307 διεστείλατο
1274 1256 1328 1306 δὲ
1367 1255 1458 1306 καὶ
1490 1254 1706 1321 διεμαρ-

142 1339 359 1407 τύρατο
398 1344 517 1403 τοῖς
548 1341 753 1404 τέκνοις
784 1343 856 1414 μὴ
889 1343 1253 1412 ἐξομοιοῦσθαι
1304 1346 1411 1405 τοῖς
1451 1343 1701 1411 πατράσι,

146 1428 288 1496 μηδὲ
331 1431 401 1498 τῇ
439 1429 679 1500 προτέρᾳ
717 1433 893 1499 γενεᾷ,
943 1432 1070 1497 ἣτις
1117 1435 1187 1484 οὐ
1233 1432 1555 1498 κατηύθυνε
1593 1430 1704 1495 τὴν

143 1517 413 1583 καρδίαν
441 1517 654 1584 αὐτῆς,
689 1518 783 1571 καὶ
804 1521 909 1571 οὐκ
936 1518 1226 1585 ἐπιστώθη
1254 1519 1398 1586 μετὰ
1429 1517 1531 1570 τοῦ
1563 1517 1705 1569 Θεοῦ

142 1607 209 1659 τὸ
240 1606 496 1674 πνεῦμα
525 1606 731 1674 αὐτῆς.
769 1607 840 1659 Οὐ
874 1607 980 1677 γὰρ
1019 1608 1223 1676 φύσεως
1250 1607 1450 1678 φαύλης
1475 1603 1560 1676 ἦν,
1586 1606 1705 1658 οὐδὲ

1805 544 1989 596 siceine
2013 552 2228 611 poputus
2259 543 2448 595 stultus
2477 549 2524 594 et
2552 557 2652 594 non
2667 541 2868 607 sapiens
2895 542 2976 593 ὀἳ
3005 540 3106 594 Sed
3135 549 3194 594 ut
3232 557 3326 596 eo-

1804 644 1926 683 rum
1966 637 2184 698 nepotes
2227 630 2469 699 patribus
2500 628 2698 683 similes
2730 642 2833 680 non
2863 629 3165 692 evaderent,
3193 632 3327 685 scri-

1807 727 1950 786 ptam
1991 719 2122 787 ipsis
2171 719 2336 786 legem
2377 717 2614 778 tradidit,
2651 725 2705 771 et
2745 717 3193 782 testitlcationem,
3221 734 3327 787 qua

1806 816 1982 876 patres
2023 807 2232 876 quidem
2262 807 2544 869 incusavit,
2569 807 2818 876 praecepit
2849 814 3022 859 autem
3055 816 3106 859 et
3143 808 3328 862 testiﬁ-

1808 906 1958 950 catus
1987 897 2107 950 filiis
2129 904 2232 959 est,
2270 905 2327 948 ut
2355 912 2420 949 ne
2447 896 2686 964 patribus
2709 895 2910 949 similes
2933 904 3134 958 essent,
3155 911 3328 966 neque

1810 986 1972 1053 priori
2003 985 2077 1037 illi
2108 983 2455 1054 generationi.
2478 1000 2591 1053 qua:
2618 1000 2717 1035 non
2744 981 2931 1034 direxit
2963 999 3050 1034 cor
3083 999 3254 1050 suum,
3279 995 3327 1038 et

1808 1089 1907 1125 non
1953 1071 2120 1139 ﬁdelis
2165 1071 2264 1139 fuit
2307 1087 2419 1122 cum
2451 1070 2556 1124 Dee
2585 1071 2796 1138 spiritus
2819 1070 2951 1138 ejus.
2979 1068 3157 1137 Neque
3185 1072 3328 1124 enim

1807 1178 1979 1231 pravae
2015 1171 2215 1214 natura:
2245 1170 2376 1222 erat,
2408 1175 2578 1228 neque
2606 1160 2754 1212 mala:
2781 1160 3206 1223 constitutionis;
3235 1159 3328 1214 sed

1808 1267 1872 1305 ex
1911 1253 2182 1304 voluntate
2209 1251 2314 1304 Deo
2338 1250 2735 1318 obsequentium
2759 1250 3084 1314 detrectans,
3113 1265 3326 1304 exacer-

1808 1341 1950 1392 bavit
1974 1356 2117 1406 eum,
2148 1348 2304 1406 atque
2326 1355 2390 1391 ex
2420 1339 2753 1407 pervcrsione
2771 1347 3007 1392 tortuosa
3024 1341 3203 1392 cliecta
3225 1350 3326 1393 est.

1807 1425 2158 1492 Quamobrem
2211 1427 2499 1482 secundum
2541 1425 2912 1495 Symmachum
2962 1427 3161 1480 dictum
3200 1437 3326 1482 est:

1811 1514 2080 1569 Generalio
2110 1516 2274 1568 invita
2303 1514 2476 1579 corde,
2509 1525 2555 1567 et
2579 1517 2788 1583 inﬁrma
2811 1532 2934 1585 erga
2955 1516 3118 1569 Deum
3145 1517 3330 1584 spiritu

1809 1621 1922 1657 suo.

142 1698 507 1767 κατασκευῆς
535 1702 790 1768 πονηρᾶς,
819 1700 881 1750 ἐκ
912 1699 1271 1769 προαιρέσεως
1330 1699 1384 1751 δὲ
1451 1698 1770 1751 ἁνανεύουσα
1811 1697 1942 1766 πρὸς
1979 1696 2076 1766 τὴν
2123 1697 2214 1749 τοῦ
2250 1695 2380 1748 Θεοῦ
2419 1696 2656 1767 ὑπακοὴν
2701 1699 3099 1768 παοεπίκρανε,
3135 1699 3226 1750 καὶ
3267 1700 3332 1750 ἐκ

141 1786 493 1856 διαστροφῆς
536 1787 720 1840 σκολιὰ
754 1788 934 1854 γέγονε
957 1807 968 1818 ·
1005 1789 1082 1840 διὸ
1120 1790 1254 1841 κατὰ
1299 1791 1386 1842 τὸν
1421 1790 1706 1858 Σύμμαχον
1745 1792 1979 1858 ετρηται’
2035 1789 2220 1841 Γενεὰ
2261 1789 2636 1856 ἁπροαίρετος
2673 1789 2746 1856 τῇ
2802 1791 3029 1856 καρδίῃ,
3067 1790 3162 1842 καὶ
3203 1787 3333 1842 ἀϐέ-

145 1878 316 1942 ϐαιος
347 1877 504 1943 πρὸς
530 1877 636 1930 τὸν
657 1878 801 1932 Θεὸν
826 1879 903 1943 τῷ
935 1883 1219 1949 πνεύματι
1262 1882 1340 1946 τῷ
1367 1881 1599 1950 ἑαυτῆς.

225 1990 357 2042 Υἱοὶ
409 1991 687 2058 Ἐφραῒμ,
724 1994 1084 2060 ἐντείνοντες
1121 1996 1215 2048 καὶ
1242 1995 1574 2060 βάλλοντες
1608 1997 1702 2048 τό-

1871 1991 2032 2045 Vens.
2087 1991 2138 2044 9.
2173 1989 2301 2042 Filii
2345 1991 2594 2059 Epltraim
2628 1989 2940 2043 intendentes
2971 1999 3020 2043 et
3047 1991 3328 2046 emittente:

145 2080 298 2144 εοις,
335 2079 732 2147 ἐστράφησαν
755 2082 824 2133 ἐν
849 2082 1030 2150 ἡμέρᾳ
1058 2085 1331 2152 πολέμου.
1367 2085 1423 2138 '0
1457 2085 1550 2154 μὲν
1575 2087 1706 2152 ἀγα-

145 2168 238 2230 θδς
265 2170 372 2221 καὶ
388 2168 764 2238 φιλάνθρωπος
785 2171 979 2241 Κύριος
998 2176 1107 2234 τοῖς
1129 2173 1357 2243 πρώτοις
1379 2177 1705 2246 προπάτορσι

144 2259 239 2313 τοῦ
287 2259 572 2312 Ἰουδαίων
612 2259 791 2323 ἔθνους
843 2261 972 2330 ἔργα
1015 2263 1208 2324 παντὸς
1251 2263 1400 2330 λόγου
1435 2267 1706 2334 κρείττονα

144 2350 500 2402 ἐνεδείκνυτο
534 2349 605 2401 τὰ
643 2350 727 2402 διὰ
769 2352 1033 2413 Μωσέως·
1073 2354 1121 2404 οἱ
1156 2353 1211 2405 δὲ
1240 2353 1474 2420 ἐγίνοντο
1507 2355 1704 2425 σκληρ-

145 2436 388 2505 αύχενες
430 2437 526 2488 καὶ
557 2436 633 2498 ὡς
665 2437 869 2506 ἀληθῶς
916 2438 1037 2500 λαὸς
1065 2445 1240 2509 μωρὸς
1263 2442 1354 2493 καί¹
1385 2443 1499 2509 οὐχὶ
1528 2444 1702 2509 σοφὸς,

146 2527 239 2577 καὶ
296 2525 475 2593 γενεὰ
529 2526 716 2579 σκολιὰ
763 2528 852 2579 καὶ
905 2529 1321 2600 διεστραμμένη.
1398 2532 1552 2584 Ἀλλὰ
1601 2532 1704 2583 τῶν

160 2614 394 2684 πρώτων
431 2615 686 2667 τοιούτων
711 2616 1139 2684 ἀπελεγχθέντων
1163 2657 1178 2681 ,
1225 2621 1382 2688 νόμον
1429 2625 1539 2683 τοῖς
1573 2621 1704 2690 μετὰ

145 2703 332 2756 ταῦτα.
365 2704 655 2771 παρεδίδου
677 2743 691 2762 ,
727 2706 1152 2776 διαστειλάμενος
1202 2712 1293 2762 καὶ
1345 2712 1704 2782 διαμαρτυρά-

147 2807 317 2859 μενος
359 2792 420 2843 ἐν
447 2790 600 2860 αὐτῷ
620 2792 686 2844 τά
711 2809 771 2843 τε
800 2794 1040 2862 πρακτέα
1069 2797 1159 2846 καὶ
1191 2797 1256 2850 τὰ
1297 2799 1368 2867 μή
1389 2815 1401 2827 ο
1438 2801 1706 2868 παραινῶν

144 2895 201 2934 τε
235 2881 320 2948 μὴ
359 2879 646 2948 μιμεῖσθαι
677 2881 800 2941 τοὺς
827 2881 1079 2951 πατέρας,
1106 2885 1234 2953 μηδὲ
1263 2886 1360 2955 τὴν
1395 2886 1580 2953 γενεὰν
1611 2889 1706 2957 τὴν

148 2967 401 3030 σκολιὰν,
441 2967 578 3036 μηδὲ
620 2969 714 3038 τὴν
747 2971 1290 3041 παραπικραίνουσαν,
1319 2973 1447 3040 ἥτις
1474 2978 1545 3029 οὐ
1575 2994 1708 3030 κατ-

143 3060 387 3124 ηὐθυνε
437 3057 554 3124 τὴν
598 3058 844 3124 καρδίαν
883 3060 1066 3126 αὐτῆς
1086 3101 1100 3125 ,
1136 3063 1228 3114 καί
1268 3067 1376 3117 οὐκ
1418 3065 1705 3132 ἐπιστώθη

142 3149 293 3215 μετὰ
350 3147 462 3199 τοῦ
515 3147 661 3199 Θεοῦ
691 3149 753 3200 τὸ
781 3150 1010 3216 πνεῦμα
1045 3149 1244 3217 αὐτῆς.
1287 3156 1344 3206 Ol
1392 3154 1463 3215 δὲ,
1498 3155 1707 3225 χείρους

149 3237 254 3290 τῶν
292 3236 561 3305 πατέρων
594 3237 902 3305 γενόμενοι,
935 3239 1079 3292 οὐδὲν
1121 3240 1215 3308 μὲν
1259 3242 1362 3294 ἀπὸ
1392 3243 1486 3312 τῆς
1529 3261 1704 3314 παρα-

149 3325 406 3397 δοθείσης
451 3301 548 3377 τοῦ
599 3301 758 3394 νόμου
807 3330 1014 3398 γραφῆς
1083 3301 1376 3397 ιῦφελοῦντο
1547 3301 1774 3401 βὸιὶθοςΟ

150 3418 352 3479 κακίας
390 3415 728 3477 ἐλαύνοντες.
754 3418 859 3469 Καὶ
897 3418 1095 3486 πρῶτοί
1131 3436 1193 3486 γε
1241 3421 1436 3473 τούτων
1481 3418 1616 3491 ἦσαν
1656 3426 1703 3476 oi

151 3507 254 3558 υἱοὶ
299 3504 573 3575 Ἐφραῒμ,
601 3505 911 3574 τιμηθέντες
945 3508 1040 3576 μὲν
1072 3507 1324 3579 ἐξαιρετῴ
1343 3513 1468 3580 τιμῇ
1499 3511 1584 3562 διὰ
1613 3512 1702 3564 τοῦ

150 3597 246 3665 τὴν
274 3594 469 3648 αὐτῶν
510 3594 677 3662 φυλὴν
705 3595 795 3646 καὶ
825 3594 912 3646 τὸν
940 3595 1110 3648 αὐτῶν
1142 3598 1333 3668 κλῆρον
1358 3599 1704 3669 προκριθῆναι

151 3686 243 3736 τοῦ
272 3685 490 3746 παντὸς
515 3685 716 3746 ἔθνους,
743 3685 834 3736 καὶ
855 3683 949 3753 τὴν
976 3685 1199 3741 κιϐωτὸν
1229 3689 1320 3741 τοῦ
1346 3689 1475 3742 Θεοῦ
1501 3692 1590 3743 καὶ
1611 3691 1704 3760 τὴν

152 3775 364 3845 σκηνὴν
388 3773 488 3825 τοῦ
517 3773 806 3842 μαρτυρίου
829 3776 924 3844 τὴν
955 3776 1055 3827 ὑπὸ
1085 3777 1318 3839 Μωσέως
1343 3779 1399 3829 ἐν
1427 3771 1490 3848 τῇ
1519 3781 1706 3849 ἐρήμῳ

151 3863 704 3916 κατασκευασθεῖσαν
769 3865 1112 3929 ὑποδέξασθαι
1167 3867 1439 3936 πρώτους·
1496 3872 1524 3922 ὁ
1579 3871 1704 3937 γοῦν

148 3956 319 4016 τόπος
348 3956 381 4006 ὁ
407 3956 467 4005 ἐν
498 3951 672 4021 Σηλῶ,
703 3953 824 4006 ἔνθα
856 3957 887 4023 ἡ
923 3957 1088 4027 σκηνὴ
1117 3958 1207 4009 καὶ
1242 3957 1299 4008 τὸ
1324 3959 1580 4028 ἁγίασμα,
1603 3961 1706 4030 πρὸ

147 4046 250 4114 τῆς
301 4041 696 4112 Ἰερουσαλὴμ,
747 4043 842 4111 τῆς
890 4044 1053 4113 φυλῆς
1110 4046 1338 4116 Ἐφραίμ
1389 4048 1700 4117 ἐτύγχανεν

146 4134 290 4186 ἀλλὰ
337 4132 555 4202 πρῶτοι
600 4130 796 4198 ταύτης
825 4132 1069 4200 τυχόντες
1106 4135 1201 4203 τῆς
1252 4135 1410 4204 τιμῆς
1438 4173 1453 4198 ,
1504 4137 1710 4190 εἰδωλο-

147 4223 352 4292 λάτραι
423 4221 694 4288 γεγόνασι.
744 4219 851 4270 Καὶ
896 4220 1007 4271 ἐστι
1053 4237 1114 4287 γε
1172 4221 1266 4291 τὴν
1332 4223 1566 4293 ἱστορίαν
1602 4225 1705 4278 τῶν

146 4309 574 4383 πεπραγμένων
620 4308 798 4368 αὐτοῖς
845 4306 949 4358 ἀπὸ
985 4307 1080 4375 τῆς
1121 4307 1296 4376 βίϐλου
1345 4308 1453 4360 τῶν
1494 4313 1705 4380 Κριτῶν

147 4395 544 4460 ἀναλέξασθαι.
576 4393 810 4463 Ἐλέγχει
834 4393 888 4445 δὲ
918 4397 1006 4447 καὶ
1025 4399 1051 4448 ὁ
1075 4396 1258 4468 παρὼν
1277 4398 1480 4467 ψαλμὸς
1506 4399 1704 4470 προῖὼν

148 4486 281 4555 ἑξῆς
308 4486 410 4538 καὶ
441 4485 614 4550 λέγων
641 4483 767 4553 περὶ
792 4483 990 4535 αὐτῶνθ
1031 4485 1314 4538 Ἁπὼσατο
1339 4487 1402 4539 τὸ
1425 4489 1705 4557 σκήνωμα

1803 2080 2046 2143 arcubus,
2078 2081 2209 2132 versi
2246 2089 2365 2132 sunt
2410 2082 2461 2132 in
2514 2080 2595 2131 die
2631 2079 2769 2132 belli.
2802 2078 2980 2132 Bonus
3020 2079 3231 2146 quidem
3276 2093 3331 2134 et

1802 2172 2035 2225 clemens
2069 2170 2327 2223 Dominus
2356 2171 2543 2238 primis
2570 2169 2804 2223 Judaicaa
2840 2171 3011 2238 gentis
3034 2172 3203 2226 atavis
3234 2188 3329 2240 per

1802 2259 2031 2328 Moysem
2050 2260 2421 2313 inenarrabilia
2437 2273 2595 2327 opera
2611 2259 2793 2312 edidit:
2814 2259 2910 2327 ipsi
2926 2273 3047 2312 vero
3061 2259 3192 2312 dura
3210 2275 3323 2315 cer-

1800 2348 1917 2400 vice
1940 2348 2228 2410 luerunt,et
2245 2363 2423 2402 revera
2443 2329 2674 2416 populus
2684 2347 2878 2400 stultus
2893 2359 2942 2402 et
2961 2363 3065 2400 non
3093 2363 3150 2401 sa
3156 2350 3324 2416 piens,

1801 2445 1852 2488 et
1886 2441 2160 2504 generatio
2190 2447 2422 2490 tortuosa
2453 2443 2504 2489 et
2545 2451 2812 2503 perversa.
2846 2435 2949 2490 Sed
2974 2451 3092 2501 cum
3120 2439 3325 2506 priores

1803 2525 1921 2579 illos
1953 2527 2085 2579 tales
2115 2525 2278 2580 fuisse
2307 2527 2705 2595 comprobatum
2762 2525 2941 2589 fuerit,
2975 2528 3206 2600 posteris
3235 2543 3328 2582 eo-

1803 2629 1918 2666 rum
1957 2615 2121 2682 legem
2155 2614 2392 2675 tradidit.
2430 2624 2694 2683 pracepta
2731 2615 2866 2668 dans
2909 2617 3034 2674 illis.
3071 2625 3124 2670 et
3148 2619 3331 2671 testiﬁ-

1802 2711 1954 2756 catus
1985 2719 2228 2772 qumnam
2275 2706 2500 2771 agenda,
2544 2721 2572 2756 a
2611 2704 2804 2772 quibus
2838 2704 3210 2758 abstinendum
3239 2720 3330 2760 e8-

1805 2800 1884 2845 set
1912 2811 1923 2844 :
1954 2794 2243 2845 colmrtans
2272 2808 2482 2861 quoque
2518 2809 2584 2844 ne
2625 2803 2804 2861 patres
2836 2809 3005 2862 neque
3031 2795 3334 2863 generatio-

1805 2897 1924 2936 nem
1959 2883 2100 2935 illam
2132 2891 2426 2936 tortuosam
2459 2891 2510 2936 et
2538 2892 2942 2950 exasperantem
2968 2883 3328 2949 imitarentur,

1802 2987 1914 3039 qua:
1958 2988 2058 3024 non
2105 2972 2294 3026 direxit
2323 2988 2412 3025 cor
2439 2988 2608 3031 suum.
2639 2981 2686 3025 et
2735 2989 2835 3025 non
2867 2973 3034 3039 fidelis
3081 2974 3177 3042 fuit
3215 2991 3331 3027 cum

1804 3059 1910 3112 Deo
1940 3061 2154 3126 spiritus
2182 3061 2313 3125 ejus.
2344 3061 2420 3113 Illi
2463 3075 2589 3113 vero
2609 3100 2622 3123 ,
2649 3063 2889 3130 patribus
2919 3063 3234 3129 deteriores,
3264 3066 3331 3118 ab

1806 3153 1905 3207 sibi
1937 3153 2130 3206 tradita
2170 3153 2302 3222 legis
2333 3154 2600 3221 scriptura
2631 3155 2872 3209 utilitatis
2900 3155 3029 3208 nihil
3074 3171 3328 3224 percepe-

1805 3249 1968 3307 runt;
2001 3244 2091 3296 sed
2122 3242 2175 3294 in
2219 3240 2540 3309 profundum
2575 3243 2830 3295 malorum
2880 3243 3012 3311 lapsi
3058 3252 3201 3297 sunt.
3229 3241 3312 3297 H0

1804 3349 1920 3388 rum
1953 3332 2108 3402 primi
2143 3339 2294 3385 erant
2325 3331 2415 3383 lilii
2447 3331 2719 3398 Ephraim,
2750 3331 2841 3399 qui
2878 3332 3199 3399 prateellenti
3227 3331 3328 3385 ho—

1803 3441 1933 3478 nore
1960 3425 2164 3485 donati,
2198 3423 2335 3490 quod
2365 3422 2538 3476 tribus
2579 3429 2630 3474 et
2666 3436 2783 3475 sors
2820 3437 3004 3475 eorum
3049 3423 3144 3474 toti
3184 3423 3329 3492 genti

1803 3512 2088 3583 praehabita
2148 3511 2325 3575 fuerit,
2357 3519 2409 3566 et
2453 3525 2629 3564 arcam
2677 3509 2766 3563 Dei
2825 3511 3330 3580 tabernaculumque

1802 3603 2091 3659 testimonii
2144 3602 2210 3655 ab
2246 3601 2426 3670 Moyse
2469 3603 2520 3654 in
2561 3605 2772 3655 deserto
2811 3609 3175 3655 constructum
3227 3604 3330 3672 ipsi

1803 3692 1956 3760 primi
1982 3693 2286 3760 acceperint
2316 3708 2328 3741 :
2364 3705 2485 3743 nam
2511 3691 2662 3744 locus
2685 3689 2771 3743 ille
2801 3689 2855 3742 in
2879 3688 3008 3752 Silo,
3033 3691 3122 3743 ubi
3151 3693 3330 3746 taber-

1807 3782 2053 3834 naculum
2107 3788 2158 3833 ct
2193 3779 2544 3833 sanctiﬁcatio
2583 3778 2887 3848 (antequam
2935 3779 2986 3830 in
3031 3777 3328 3836 Jerusalem

1801 3869 1965 3936 esset)
1994 3870 2236 3938 degebat,
2276 3870 2448 3922 tribus
2491 3868 2738 3937 Ephraim
2785 3876 2916 3922 erat.
2977 3867 3167 3923 Verum
3205 3885 3329 3924 cum

1803 3959 1904 4027 ipsi
1935 3959 2090 4026 primi
2142 3967 2292 4011 tanto
2320 3959 2522 4012 honore
2548 3957 2748 4026 dignati
2784 3965 2963 4025 essent
2989 3995 3003 4019 ,
3030 3956 3328 4013 idololatrae

1803 4047 1974 4102 cli‘ecti
2007 4055 2151 4102 sunt.
2181 4049 2256 4101 Ac
2277 4048 2470 4116 cuique
2501 4048 2626 4102 licet
2654 4047 2929 4101 historiam
2959 4061 3136 4100 rerum
3170 4049 3236 4103 ab
3258 4049 3327 4102 il-

1804 4139 1869 4192 lis
1917 4147 2184 4206 gestarum
2213 4153 2278 4190 ex
2307 4138 2444 4190 libro
2469 4136 2716 4190 Judicum
2751 4134 3018 4204 colligere.
3055 4135 3204 4203 Ipsos
3232 4153 3329 4190 au-

1803 4240 1908 4286 tem
1939 4248 2173 4301 praesens
2204 4233 2443 4300 psalmus
2477 4232 2530 4284 in
2565 4230 2907 4298 sequentibus
2940 4243 3151 4299 quoque
3173 4245 3329 4284 coar-

1802 4324 1936 4391 guit,
1977 4321 2161 4375 dicens
2189 4335 2202 4372 :
2231 4319 2430 4387 Repulit
2465 4318 2850 4372 tabernaculum
2898 4316 3112 4387 Ioseph,
3144 4329 3192 4373 et
3231 4323 3328 4374 tri-

1805 4411 1923 4462 bum
1955 4409 2202 4477 Ephraim
2218 4426 2319 4461 non
2349 4408 2530 4476 elegit;
2559 4417 2610 4461 et
2639 4422 2852 4460 rursum
2890 4425 2902 4459 :
2935 4407 3003 4460 Et
3033 4411 3216 4476 repulit
3251 4424 3329 4464 ta-

1805 4499 2134 4552 bernaculum
2164 4497 2295 4557 Silo,
2322 4496 2705 4548 tabernaculum
2731 4512 2877 4547 suum
2899 4496 2986 4549 ubi
3012 4498 3255 4554 habitavit
3279 4502 3331 4554 in

159 4577 410 4645 Ἰωσὴφ,
445 4575 544 4628 καὶ
579 4573 691 4640 τὴν
721 4573 923 4641 φυλὴν
959 4575 1190 4644 Ἐφραῒμ
1221 4579 1326 4629 οὐκ
1361 4578 1698 4642 ἐξελέξατο·

1804 4587 2125 4649 hominibus;
2161 4599 2480 4652 causamque
2519 4583 2717 4652 profert
2744 4584 2828 4638 bis
2851 4587 3063 4641 verbis:
3089 4589 3332 4643 Conversi

147 4669 246 4720 καὶ
307 4667 510 4722 πάλινσ
563 4665 672 4717 Καὶ
718 4664 990 4718 ἀπώσατο
1033 4665 1144 4731 τὴν
1186 4667 1418 4733 σκηνὴν
1453 4671 1662 4738 Σηλὼμ
1683 4712 1699 4735 ,

146 4758 454 4825 σκήνωμα
483 4750 555 4810 οὗ
585 4757 1033 4818 κατεσκήνωσεν
1058 4756 1126 4806 ἐν
1148 4754 1486 4822 ἀνθρώποις·
1502 4762 1592 4812 καὶ
1610 4762 1703 4832 τὴν

147 4848 337 4900 αἰτίαν
393 4846 720 4916 παρίστησιν
788 4843 951 4897 εἰπών
986 4860 999 4872 ·
1069 4843 1563 4911 Μετεστράφησαν
1619 4853 1706 4915 εἰς

145 4938 342 5000 τόξον
370 4937 680 5004 στρεϐλόν.
715 4936 822 4987 Καὶ
859 4933 1228 5001 παρὼργισαν
1271 4934 1452 5003 αὐτὸν
1491 4937 1559 4990 ἐν
1584 4943 1705 5005 τοῖς

145 5029 408 5094 βουνοῖς
447 5027 665 5088 αὐτῶν,
690 5026 784 5078 καὶ
812 5027 880 5078 ἐν
907 5024 1027 5088 τοῖς
1049 5021 1326 5090 γλυπτοῖς
1352 5024 1544 5076 αὐτῶν
1559 5043 1704 5096 παρ-

145 5118 471 5185 εῷἱλωσαν
519 5117 744 5179 autem
771 5116 1002 5174 Εἰκότως
1045 5106 1134 5162 οῦν
1177 5109 1263 5161 καὶ
1307 5110 1391 5162 διὰ
1423 5112 1528 5164 τῶν
1575 5133 1700 5185 προ·

146 5210 425 5278 κειμένων
466 5209 707 5275 εἴρηται·
752 5207 861 5259 Υἱοὶ
911 5201 1178 5272 Ἐφραῒμ,
1220 5201 1577 5268 ἐντείνοντες
1609 5207 1704 5258 καί

147 5299 498 5360 βάλλοντες
523 5294 716 5356 τόξον,
732 5293 1112 5361 ἐστράφησαν
1131 5289 1198 5339 ἐν
1218 5287 1398 5355 ἡμέρᾳ
1418 5291 1702 5358 πολέμου.

150 5387 277 5448 Πῶς
306 5387 368 5439 δὲ
401 5384 741 5454 ἐστράφησαν
788 5381 1107 5448 σαφέστερον
1152 5377 1467 5446 παρίστησιν
1500 5380 1698 5433 είπών·

152 5475 257 5525 Καὶ
300 5472 581 5541 ἐγένοντο
621 5473 702 5534 είς
731 5469 896 5532 τόξον
923 5464 1223 5531 στρεϐλόν.
1268 5463 1394 5517 Δέον
1424 5465 1535 5536 γὰρ
1577 5467 1704 5536 βάλ-

229 5625 275 5654 ⁸⁸
313 5624 470 5676 Deut.
501 5633 666 5680 nxu,
700 5617 747 5670 6.

1801 4686 1918 4729 sunt
1957 4679 2008 4729 in
2036 4693 2212 4729 arcum
2231 4692 2458 4744 pravum.
2494 4673 2560 4725 Et
2600 4675 2927 4726 irritaverant
2955 4693 3070 4728 eum
3103 4679 3152 4731 in
3182 4680 3331 4733 colli-

1803 4765 1893 4820 bus
1917 4768 2043 4828 suis,
2069 4776 2116 4820 et
2150 4768 2202 4818 in
2231 4763 2550 4833 sculptilibus
2581 4764 2687 4816 suis
2719 4764 2786 4816 ad
2817 4765 3189 4820 temulationem
3214 4786 3328 4823 eum

1802 4850 2217 4922 provocaverunt.
2244 4853 2370 4907 Jure
2394 4869 2520 4920 ergo
2548 4852 2600 4906 in
2628 4853 2972 4921 praesentibus
2987 4853 3184 4908 dictqu
3212 4867 3289 4910 est
3313 4877 3326 4912 :

1806 4942 1936 4995 Filii
1967 4943 2209 5009 Epltraim
2236 4941 2549 4994 intendentes
2597 4951 2644 4993 et
2672 4941 2926 4993 mittentes
2977 4959 3178 5004 arcum,
3201 4945 3332 4998 versi

1806 5040 1924 5084 sunt
1957 5032 2007 5083 in
2030 5030 2112 5084 die
2142 5029 2280 5084 belli.
2309 5028 2425 5093 Quo
2456 5035 2612 5095 pacto
2642 5035 2816 5080 autem
2857 5031 3103 5102 conversi
3136 5031 3333 5086 fuerint

1807 5119 2001 5173 clarius
2056 5117 2286 5171 ostendit
2340 5116 2564 5168 dicens:
2601 5115 2667 5167 Et
2723 5113 2848 5180 facti
2892 5124 3012 5168 sunt
3063 5117 3116 5167 in
3155 5121 3332 5170 areum

1806 5223 2037 5274 pravum.
2093 5205 2223 5257 Nam
2273 5218 2391 5256 cum
2444 5203 2768 5269 oportuisset
2803 5199 2904 5251 tela
2940 5200 3231 5258 immittere
3283 5213 3338 5259 et

1808 5294 2002 5348 bellum
2049 5292 2245 5346 inferre
2276 5289 2508 5343 inimicis
2558 5289 2671 5351 Dei,
2710 5287 3011 5340 idololatrae
3075 5289 3152 5340 illi
3203 5307 3340 5358 prin.-

1809 5389 2063 5450 optarunt
2085 5381 2275 5435 bellum
2294 5391 2504 5431 movere
2532 5377 2660 5432 Deo.
2685 5375 2862 5439 Quare
2876 5374 3057 5427 subdit
3084 5377 3340 5437 :—\'r.ua.

1809 5474 1892 5528 10.
1930 5472 2046 5528 Non
2083 5469 2425 5525 custodierunt
2483 5475 2848 5522 testamentum
2882 5463 2993 5528 Dei,
3026 5473 3078 5518 et
3133 5464 3195 5518 iu
3241 5468 3349 5540 legs
