3834 6344
188 436 304 490 913
1267 434 1727 493 COMMENTARI.

1830 433 1859 488 Ν
1898 433 2232 490 PSALMUS.
3262 445 3364 502 ενι-ι

185 555 246 606 ἐν
285 557 407 616 τοῖς
451 555 588 622 μετὰ
618 555 783 609 ταῦτα
819 557 1014 623 λέγων·
1051 556 1456 623 Μετέστρεψεν
1496 557 1577 618 εὶς
1603 549 1727 619 αἷμα

1839 553 2138 620 sanguinem
2176 553 2390 618 [Iuntina
2411 569 2606 618 eorum,
2642 564 2688 607 et
2716 557 2900 611 imbres
2923 576 3096 613 eorum
3137 578 3196 615 ne
3228 563 3365 614 bibe-

182 641 337 704 τοὺς
365 642 674 707 ποταμοὺς
693 641 902 703 αὐτῶν,
940 644 1118 696 καὶτὰ
1135 642 1463 710 ὀμϐρήματα
1487 640 1636 704 ὅπως
1651 639 1727 709 μὴ

1838 650 1968 693 rent.
2005 640 2147 695 Misit
2184 644 2235 694 in
2267 659 2350 695 eos
2382 645 2716 712 caniomyiam
2747 656 2795 698 et
2817 650 3032 702 comedit
3048 668 3152 712 eos,
3184 661 3237 705 et
3259 668 3363 707 can-

181 730 439 782 πίωσιν.
480 729 926 792 Ἐξαπέστειλεν
947 735 1030 797 εὶς
1053 732 1266 796 αὐτοὺς
1288 732 1624 800 κοινόμυιαν
1643 731 1727 782 καὶ

1839 739 1974 781 tera.
2002 729 2122 783 Haec
2152 733 2327 798 itaque
2363 741 2548 785 contra
2565 733 2844 803 Egyptios
2863 738 2913 788 in
2939 754 3124 808 campo
3152 740 3359 797 Taneos

182 817 533 886 κατέφαγεν
575 820 826 885 αὐτοὺς,
867 823 961 874 καὶ
1008 823 1072 875 τὰ
1117 822 1319 882 τούτοις
1367 820 1727 889 ἐπιλεγόμενα.

1835 818 2190 887 contigerunt,
2209 835 2326 887 qua:
2355 828 2728 876 transcurrens
2754 823 2806 876 in
2836 831 3080 894 presenti
3109 829 3364 886 beneﬁcia

183 906 376 960 Ταῦτα
432 909 532 976 μὲν
570 904 661 960 οῦν
721 911 837 961 κατ’
884 911 1183 978 Αἰγυπτίων
1229 911 1432 978 ἐγίνετο
1475 912 1531 961 ὲν
1575 906 1727 976 πεδίῳ

1835 905 1888 959 in
1921 908 2168 974 populum
2219 910 2527 976 praemittit:
2565 920 2619 963 ut
2653 913 2857 966 scilicet
2908 916 3060 984 aquis
3101 918 3279 986 plures
3309 921 3362 973 in

181 996 410 1059 Τάνεως
438 1014 452 1026 ·
487 997 523 1050 ἃ
554 997 617 1066 δὴ
655 999 930 1068 παρελθὼν
964 1000 1053 1051 ἐπὶ
1097 998 1188 1050 τοῦ
1216 998 1474 1068 παρόντος
1506 999 1533 1047 ὁ
1566 997 1727 1064 λόγος¹

1836 1010 2012 1068 partes
2047 998 2252 1062 divisis,
2279 1017 2422 1055 mare
2468 1005 2853 1070 pertransierit,
2882 1007 3025 1073 quod
3063 1008 3148 1064 liis
3189 1012 3362 1066 verbis

179 1088 280 1150 τὰς
314 1089 402 1148 είς
448 1087 541 1140 τὸν
578 1087 703 1139 λαὸν
735 1090 1042 1157 εὐεργεσίας
1090 1089 1397 1159 προτάττειο
1423 1087 1495 1149 ὡς
1528 1084 1727 1154 διῆλθον

1833 1087 2135 1140 declaratur
2168 1107 2180 1141 :
2216 1087 2317 1153 Qui
2342 1089 2518 1142 divisit
2553 1108 2694 1144 mare
2723 1091 2948 1146 Rubrum
2977 1095 3029 1148 in
3068 1096 3358 1160 divisiones,

177 1176 280 1246 τὴν
330 1175 650 1241 θάλασσαν,
694 1179 771 1239 είς
817 1177 981 1230 πολλὰ
1035 1179 1170 1248 μέρη
1219 1175 1579 1244 διαιρεθέντων
1633 1175 1727 1227 τῶν

1833 1187 1883 1227 et
1923 1177 2099 1229 eduxit
2139 1177 2308 1232 Israel
2337 1196 2426 1248 per
2460 1181 2681 1234 medium
2731 1183 2842 1250 ejus
2877 1185 2940 1239 ".
2974 1183 3138 1244 Aiunt
3185 1187 3362 1256 itaque

182 1267 399 1319 ὑδάτων
419 1282 433 1295 ·
471 1266 500 1318 δ
542 1265 605 1336 δὴ
649 1267 966 1336 παρίσταται
993 1269 1078 1320 διὰ
1111 1268 1198 1319 τοῦ
1231 1268 1517 1334 φάσκοντος
1547 1265 1727 1332 λόγον⁴

1837 1261 2038 1316 Hebraei
2071 1264 2123 1317 in
2156 1265 2431 1320 duodecim
2463 1269 2727 1323 sectiones
2762 1271 2992 1325 divisum
3022 1272 3197 1328 fuisse
3218 1291 3362 1330 mare

181 1355 265 1420 Τῷ
288 1355 710 1408 κατωωλόντι
738 1356 848 1421 τὴν
875 1354 1143 1422 Ἐρυθρὰν
1166 1355 1472 1408 θάλασσαν
1494 1357 1577 1436 είς
1598 1353 1727 1407 διαι-

1835 1354 2126 1407 secundum
2149 1372 2425 1410 numerum
2454 1358 2730 1413 duodecim
2769 1361 2946 1430 populi
2979 1365 3212 1417 tribuum
3240 1385 3260 1430 ι
3289 1369 3361 1420 ita

170 1444 417 1512 ρέσεις,
477 1445 579 1498 καί
621 1446 950 1514 (iturarth
989 1445 1092 1498 τὸν
1147 1444 1375 1512 Ἰσραὴλ
1411 1444 1504 1499 διὰ
1549 1443 1727 1512 μέσοι

1837 1449 1892 1494 ut
1915 1444 2136 1513 singula:
2163 1446 2331 1499 tribus
2359 1449 2640 1516 separatim
2673 1449 2724 1500 in
2754 1454 3023 1519 assignato
3053 1452 3154 1505 sibi
3185 1461 3361 1505 meum

177 1533 396 1599 αὐτῆς.
429 1535 571 1586 Φασὶ
609 1535 735 1602 γοῦν
775 1535 1033 1603 Ἐϐραίων
1066 1536 1249 1595 παῖδες
1280 1535 1356 1596 εἰς
1385 1532 1449 1585 ιϐ’
1483 1534 1727 1602 τμήματα

1834 1535 2239 1600 pertransircnt.
2269 1537 2401 1590 Cum
2449 1553 2606 1606 porro
2645 1555 2793 1608 aqua:
2849 1542 3160 1595 intermedio
3191 1542 3363 1610 spatio

179 1623 485 1695 διῃρῆσθαι
528 1625 696 1694 αὐτὴν
752 1625 866 1675 κατ’
893 1624 1116 1694 ἀριθμὸν
1159 1623 1263 1676 τῶν
1311 1623 1377 1674 ιδ’
1427 1622 1602 1689 φυλῶν
1645 1622 1727 1674 τοῦ

1834 1623 2089 1690 scjuneta:
2111 1635 2310 1688 essent,
2343 1636 2396 1680 et
2425 1628 2572 1680 arida
2597 1642 2733 1682 terra
2767 1631 2818 1681 in
2855 1631 3027 1683 medio
3051 1631 3358 1691 haberetur,

179 1714 343 1766 λαοῦ’
393 1713 544 1765 ὥστε
594 1713 980 1782 ἀφωρισμένως
1023 1713 1251 1781 ἑκάστην
1297 1711 1514 1764 διελθεῖν
1546 1711 1727 1782 φυλὴν,

1832 1727 2165 1781 consequens
2198 1724 2310 1768 erat
2329 1731 2494 1784 aquas
2520 1717 2571 1769 in
2595 1718 2864 1770 cumulum
2898 1728 3108 1773 evectas
3124 1719 3363 1774 contine-

180 1800 322 1852 κατὰ
359 1801 466 1870 τὴν
489 1801 920 1870 ἀπονεμηθεῖσαν
951 1801 1082 1870 αὐτῇ
1111 1800 1345 1869 πορείαν.
1379 1800 1727 1867 Διισταμένων

1832 1803 1897 1864 ri,
1937 1804 1990 1856 in
2037 1819 2159 1858 aere
2204 1807 2435 1860 tumidas
2473 1807 2664 1860 elevari
2703 1815 2754 1859 et
2791 1808 2984 1870 attolli,
3031 1809 3086 1861 in
3137 1809 3364 1877 ipsoque

207 1889 233 1939 ὲ
258 1887 371 1940 τῶν
410 1887 645 1949 ὑδάτων,
691 1888 784 1938 καὶ
831 1885 994 1955 ξηρᾶς
1022 1886 1122 1954 γῆς
1152 1887 1208 1938 ἐν
1245 1885 1320 1954 τῷ
1363 1883 1559 1954 μεταξὺ
1611 1903 1727 1938 συν-

1831 1906 1952 1946 aei-e
1987 1895 2138 1961 quasi
2201 1895 2253 1946 in
2303 1903 2420 1948 utre
2453 1896 2727 1960 concludi;
2777 1909 3098 1967 quaprOpter
3126 1898 3357 1952 dicitur:

177 1979 507 2048 ιστάμέννισλς,
536 1975 820 2028 ἀκόλουθον
852 1972 916 2045 ῆν
948 1975 1167 2042 συνοχὴν
1194 1973 1427 2040 γίνεσθαι
1457 1975 1559 2026 τῶν
1601 1975 1723 2027 ὑδά-

1830 1977 1895 2029 Ει
1929 1982 2104 2032 statuit
2160 1998 2316 2050 aquas
2366 1983 2513 2043 quasi
2548 1991 2726 2034 utrem.

175 2089 301 2136 των,
357 2073 443 2134 ὡς
499 2071 824 2141 κυρτοῦσθαι
867 2069 1000 2122 αύτά
1058 2069 1380 2137 συνεχόμενα
1425 2069 1558 2139 πρὸς
1609 2070 1802 2139 ἄλληλα
1851 2075 1941 2125 καὶ
2004 2077 2060 2126 ὲν
2120 2075 2264 2144 αὐτῷ
2328 2075 2401 2142 τῷ
2446 2074 2564 2144 ἀέρι
2607 2075 2914 2145 ἐπαίρεσθαι
2974 2077 3065 2128 καὶ
3122 2077 3359 2145 ὑψοῦσθα

176 2165 530 2237 κυρτούμενα
562 2166 654 2217 καὶ
686 2162 1128 2234 μετεωριζόμενα,
1171 2163 1262 2214 καὶ
1284 2163 1466 2234 ὥσπερ
1516 2166 1575 2216 ὲν
1626 2167 1776 2235 ἀσκῷ
1814 2167 1886 2236 τῷ
1915 2171 2030 2238 ἀέρι
2073 2170 2475 2240 περικλειόμενα
2497 2187 2509 2199 °
2541 2170 2618 2222 διὸ
2662 2170 2926 2222 λέλεκται·
2954 2173 3354 2238 Παρέστησενι

175 2256 363 2308 ὕδατα
394 2254 548 2308 ὡσεὶ
581 2255 791 2306 ἀσκόν.

240 2349 401 2401 Μετὰ
451 2347 510 2398 δὲ
541 2346 602 2396 τὸ
656 2345 962 2415 τηλικοῦτον
1007 2345 1202 2416 θαῦμα,
1257 2345 1566 2415 ὡδήγησεν
1617 2351 1724 2402 αὐ-

175 2438 334 2501 τοὺς,
367 2435 565 2503 φησὶν,
637 2433 706 2484 ἐν
756 2432 970 2500 νεφέλῃ
1019 2433 1253 2502 ἡμέρας,
1314 2435 1724 2505 ὲπισκιαζούσης

174 2525 265 2577 καὶ
299 2523 525 2590 σκέπην
589 2520 766 2581 αὐτοῖς
818 2518 1149 2590 παρεχούσης
1203 2523 1297 2590 τῆς
1342 2522 1584 2591 νεφέλης,
1649 2522 1724 2586 ὠς

1830 2530 2092 2598 praebente
2109 2531 2268 2592 nube,
2302 2539 2443 2584 utne
2464 2531 2593 2584 solis
2618 2539 2748 2585 aestu
2779 2531 3099 2586 laborarent.
3120 2530 3183 2585 Ut
3201 2547 3359 2599 porro

174 2615 236 2666 ἂν
269 2613 346 2681 μὴ
371 2612 489 2663 ὑπὸ
509 2609 602 2662 τοῦ
635 2609 868 2677 φλογμοῦ
917 2609 1006 2660 τοῦ
1054 2609 1273 2676 ἡλιακοῦ
1329 2615 1718 2663 καταπονοῖντο.

1830 2621 1963 2672 nube
1980 2620 2081 2671 diei
2104 2621 2431 2688 tegebantur,
2465 2621 2542 2674 sic
2570 2628 2922 2689 congruenter
2953 2620 3197 2674 columna
3222 2621 3358 2688 ignis

175 2700 556 2770 Καταλλήλως
617 2699 672 2752 δὲ
729 2703 793 2769 τῇ
855 2701 949 2768 τῆς
1000 2701 1202 2769 ἡμέρας
1249 2700 1466 2771 νεφέλῃ,
1535 2701 1719 2764 στύλος

1834 2709 1942 2776 psis
1976 2715 2133 2760 noctu
2150 2710 2366 2776 praeibat
2395 2709 2591 2762 claram
2623 2709 2761 2762 diem
2795 2692 3027 2763 elliciens
3047 2729 3058 2761 :
3082 2725 3246 2778 quare
3274 2709 3356 2762 di-

173 2795 343 2864 πυρὸς
410 2791 506 2844 διὰ
570 2791 667 2860 τῆς
723 2791 910 2852 νυκτὸς
980 2791 1212 2858 προῆγεν
1279 2791 1506 2854 αὐτοὺς,
1583 2792 1720 2861 ἡμέ-

1830 2797 1981 2849 :itur:
2003 2795 2066 2847 Et
2081 2806 2188 2849 tota
2215 2798 2428 2849 noctein
2461 2796 2837 2848 illuminatione
2860 2797 3011 2864 ignis.
3032 2796 3108 2848 Ad
3141 2797 3252 2849 haec
3278 2796 3360 2849 di-

179 2901 276 2951 ραν
340 2883 538 2941 αὐτοῖς
593 2881 854 2947 φωτεινὴν
928 2879 1382 2949 ἀπεργαζόμενος·
1447 2879 1522 2933 διὸ
1576 2881 1720 2932 λέλε-

1830 2886 1990 2938 :itur:
2021 2883 2182 2938 Vens.
2223 2887 2301 2939 15.
2341 2884 2624 2952 Interrupit
2658 2893 2854 2951 petram
2889 2885 2940 2936 in
2967 2893 3222 2947 eremo,et
3244 2893 3359 2952 pot-

174 2987 318 3032 κται,
357 2969 482 3023 Kal
529 2966 680 3033 ὅλην
728 2967 838 3033 τὴν
879 2967 1062 3018 νύκτα
1098 2967 1166 3018 ἐν
1201 2966 1469 3034 φωτισμῷ
1517 2969 1719 3034 πυρός.

1830 2974 1918 3025 suit
1945 2990 2030 3026 eos
2051 2973 2183 3025 velut
2208 2975 2258 3026 in
2297 2974 2482 3042 abysso
2521 2973 2702 3026 multa.
2727 2973 2986 3026 Observes
3013 2989 3172 3041 porro
3207 2975 3358 3026 velim

183 3061 306 3110 Ἐπὶ
369 3055 595 3117 τούτοις
652 3056 889 3121 λέγεταιο
928 3053 1196 3121 Διὲρῤηξε
1252 3054 1467 3121 πέτραν
1516 3055 1622 3118 ἐν,
1652 3053 1724 3122 τῇ

1830 3062 1911 3114 hic
1935 3063 2092 3115 etiam
2122 3063 2325 3131 copiam
2349 3077 2602 3129 aquarum
2635 3061 2875 3129 abyssum
2910 3062 3109 3113 vocari.
3137 3061 3239 3114 Pro
3269 3063 3358 3114 illo

169 3151 368 3218 ἐρήμῳ
404 3188 422 3211 ,
487 3148 582 3199 καὶ
629 3147 901 3198 ἐπότισεν
954 3144 1168 3208 αὐτοὺς
1224 3145 1301 3208 ὡς
1354 3145 1420 3196 έν
1485 3146 1725 3211 ἀϐύσσῳ

1830 3159 2021 3212 autem,
2055 3153 2325 3218 interrupit
2377 3160 2596 3218 petram,
2629 3150 2839 3216 Aquila,
2870 3149 3043 3202 divisit
3087 3161 3257 3217 petras
3305 3153 3358 3203 in

173 3241 405 3307 πολλῇ.
440 3240 611 3306 Τήρει
644 3237 698 3288 δὲ
727 3237 869 3298 ὅπως
898 3237 990 3288 καὶ
1036 3234 1262 3286 ἐνταῦθα.
1300 3235 1360 3286 τὸ
1399 3235 1592 3300 πλῆθος
1623 3236 1726 3287 τῶν

1830 3256 2013 3302 eremo,
2041 3239 2227 3302 edidit,
2262 3238 2530 3291 Hebraica:
2577 3235 2821 3288 videlicet
2869 3237 3058 3290 litterae
3093 3238 3354 3300 serviens,

1824 3343 1929 3397 qua
1959 3326 2260 3381 declaratur
2302 3341 2408 3378 non
2444 3341 2625 3387 unam,
2660 3326 2752 3380 sed
2781 3326 2961 3394 plures
3013 3331 3193 3393 petras
3224 3323 3356 3391 ipsis

1825 3432 1989 3486 aquas
2017 3417 2278 3471 emisisse.
2314 3413 2464 3468 Unde
2486 3415 2701 3468 divinus
2724 3415 3011 3484 Apostolus
3041 3415 3154 3468 haec
3185 3415 3357 3467 adno-

1830 3512 1938 3557 tat:
1967 3502 2214 3556 Bibebant
2233 3511 2401 3555 autem
2423 3517 2485 3554 ea:
2510 3502 2776 3569 spirituali
2803 3510 3139 3571 consequente
3167 3517 3252 3554 eos
3273 3517 3356 3569 pe-

1824 3599 1936 3643 tra:
1955 3601 2100 3660 petra
2116 3601 2281 3642 autem
2294 3599 2404 3642 erat
2421 3588 2655 3644 Christus
2675 3589 2907 3655 “.Quasi
2926 3589 3125 3643 scilicet
3140 3604 3234 3643 eos
3251 3589 3358 3642 ubi-

1823 3698 1924 3752 que
1941 3691 2088 3751 petra
2121 3691 2524 3749 sequeretur,ac
2545 3679 2598 3733 in
2621 3679 2961 3741 stationibus,
2985 3678 3038 3730 in
3068 3679 3358 3732 mansioni-

1825 3775 1944 3836 bus,
1987 3775 2040 3826 in
2080 3775 2326 3840 omnique
2358 3773 2471 3825 loco
2514 3785 2748 3840 praesens
2783 3769 3013 3823 adesset.
3074 3767 3206 3820 lllud
3223 3783 3360 3836 quo-

1823 3880 1924 3932 que
1945 3864 1995 3915 in
2015 3862 2207 3932 Moysis
2219 3862 2491 3930 Scriptura
2510 3861 2793 3915 observare
2807 3860 2927 3913 licet
2943 3876 2958 3925 ;
2973 3873 3093 3911 nam
3111 3858 3164 3910 in
3177 3857 3360 3913 Exodo

1823 3953 2062 4006 dicitur:
2104 3954 2168 4004 lit
2221 3952 2573 4005 castrametati
2600 3960 2718 4003 sunt
2760 3951 2811 4002 in
2839 3947 3116 4014 Rapltidrn,
3167 3958 3216 4000 et
3257 3965 3359 4003 non

1823 4053 1934 4096 erat
1953 4042 2137 4110 populo
2166 4059 2296 4112 aqua
2331 4041 2396 4093 ad
2421 4041 2708 4093 bibendum.
2739 4038 2804 4090 Et
2818 4038 3060 4106 jurgatus
3091 4047 3166 4088 est
3196 4053 3359 4106 popu-

1826 4133 1904 4185 lus
1934 4150 2048 4186 cum
2078 4132 2294 4200 Moyse;
2327 4147 2388 4184 ac
2418 4131 2642 4184 deinde:
2673 4128 2814 4180 Dixit
2841 4127 3089 4180 Dominus
3119 4127 3186 4178 ad
3208 4127 3357 4196 Moy-

1825 4241 1930 4276 sem
1955 4238 1972 4274 :
2005 4221 2254 4274 Antecede
2282 4221 2524 4290 populum
2551 4229 2597 4271 et
2627 4233 2768 4271 sume
2785 4226 2944 4268 tecum
2973 4231 3036 4268 ex
3071 4217 3357 4268 senioribus

1882 2351 2041 2404 Vsus.
2070 2353 2132 2404 H
2192 2351 2316 2405 Post
2339 2362 2538 2404 tantum
2567 2352 2876 2405 miraculum
2899 2353 3110 2405 deduxit
3139 2370 3245 2416 eos,
3277 2353 3359 2406 in-

1825 2443 1959 2511 quit,
2004 2443 2058 2494 in
2085 2442 2212 2494 nube
2253 2443 2375 2508 diei,
2395 2443 2765 2506 adumbrante,
2800 2451 2959 2511 atque
2989 2452 3354 2512 tegumentum

173 3330 386 3382 ὑδάτων
429 3327 707 3379 ἄϐυσσον
744 3323 889 3393 ὼνόμ
901 3341 1046 3375 ασεν.
1081 3324 1220 3374 Ἀντὶ
1248 3322 1303 3374 δὲ
1334 3322 1447 3386 τοῦ,
1469 3323 1728 3390 διέρρηξε

172 3417 432 3485 πέτραν,
479 3417 509 3466 ὁ
564 3415 807 3476 Ἀκύλας,
844 3414 1050 3479 ἔσχισε
1115 3411 1361 3478 πέτρους
1401 3413 1469 3464 ἐν
1513 3410 1726 3480 ἐρήμῳ,

173 3509 437 3574 ἐξέδωκε,
467 3504 754 3566 δουλεύσας
773 3507 836 3572 τῇ
881 3503 1130 3572 Ἐϐραϊκῇ
1160 3505 1360 3572 γραφῇ,
1391 3501 1453 3553 δι’
1489 3496 1553 3571 ἧς
1585 3519 1724 3572 παρ,

175 3600 423 3660 ίσταται,
461 3597 539 3656 ὡς
598 3594 658 3645 ού
695 3594 790 3663 μία
822 3595 990 3662 πέτρα
1022 3588 1142 3661 ῆνὴ
1177 3591 1514 3644 ἀναϐλύσασα
1550 3592 1726 3654 αὐτοῖς

172 3687 240 3739 τὰ
275 3687 492 3747 ὕδατα,
554 3681 687 3734 ἀλλὰ
732 3680 934 3733 πολλαί.
971 3679 1127 3730 Ὅθεν
1173 3679 1200 3729 ὁ
1233 3679 1369 3739 θεῖος
1419 3679 1726 3741 Ἀπόστολος

173 3775 611 3845 ἐπισημαίνεται
659 3771 856 3838 λέγων·
906 3771 1142 3821 Ἕπινον
1196 3768 1304 3836 γὰρ
1355 3768 1422 3820 ἐκ
1474 3781 1732 3835 πνευμα-

172 3865 350 3932 τικῆς
407 3860 864 3925 ἀκολουθούσης
886 3858 1137 3922 αὐτοὺς·
1173 3858 1416 3925 πέτραςο
1468 3857 1505 3923 ἠ
1547 3856 1728 3923 πέτρα

170 3955 240 4006 δὲ
287 3954 368 4020 ἦν
429 3955 463 4004 ὀ
526 3949 807 4016 Χριστόςο
863 3948 935 4010 ὡς
989 3947 1293 4018 ἁπανταχοῦ
1355 3948 1726 4018 παρεπομένης

172 4043 377 4105 αὐτοὺς
410 4040 619 4109 πέτρας
640 4079 654 4102 ,
690 4038 779 4089 καὶ
819 4037 954 4090 κατά
984 4037 1246 4107 σταθμοὺς
1272 4037 1362 4090 κο.)⁵
1399 4037 1534 4088 κατὰ
1566 4035 1728 4106 μονὰς

174 4129 272 4182 καὶ
346 4125 500 4180 κατὰ
554 4125 730 4176 πάντα
788 4124 947 4176 τόπον
1014 4124 1305 4195 παρούσης.
1371 4125 1728 4194 Ἐπιτηρήσας

173 4219 231 4270 δὲ
259 4218 431 4271 τοῦτο
453 4215 550 4268 καὶ
581 4217 636 4266 ὲν
658 4218 720 4284 τῇ
745 4215 978 4276 Μωσέως
1008 4215 1250 4284 εὑρήσεις
1301 4215 1486 4284 Γραφῇ
1510 4232 1523 4246 ο
1555 4217 1611 4266 ὲν
1634 4214 1728 4282 μὲν

174 4310 284 4381 γὰρ
320 4311 395 4378 τῇ
439 4305 636 4374 Ἐξόδῳ
681 4304 918 4374 εἴρηται’
950 4304 1054 4357 Kal
1085 4304 1480 4370 παρενέϐαλον
1515 4305 1582 4356 ἐν
1608 4306 1727 4355 Ῥα-

1830 4307 1995 4374 populi
2005 4345 2018 4364 ,
2037 4317 2083 4358 et
2107 4307 2298 4373 virgam
2309 4320 2408 4371 qua
2429 4301 2723 4370 percussisti
2739 4315 2898 4363 mare,
2914 4310 2962 4352 et
2978 4298 3148 4352 vades.
3174 4299 3250 4352 En
3267 4316 3356 4368 ego

175 4398 380 4464 ριὸεῖν
429 4394 533 4449 καί
570 4397 677 4446 οὐκ
717 4389 792 4462 ἦν
819 4391 969 4458 ὕδωρ
1000 4392 1155 4444 πιεῖν
1179 4391 1255 4456 τῷ
1281 4393 1420 4456 λαῷ.
1449 4393 1553 4446 Καὶ
1581 4393 1727 4446 ἐλοι-

1830 4394 1942 4446 steti
1959 4402 2075 4444 ante
2095 4402 2141 4444 te
2167 4392 2237 4442 ibi
2256 4406 2410 4457 supra
2426 4397 2620 4456 petram
2650 4387 2702 4438 in
2733 4386 2928 4440 Choreb
2961 4401 2979 4438 :
3007 4395 3053 4439 et
3073 4387 3357 4453 percutiam

174 4487 415 4553 δορεῐτο
455 4487 490 4537 ὁ
513 4482 662 4546 ,λαὸς
689 4481 832 4548 πρὸς
857 4480 1077 4546 Μωσῆν
1096 4495 1109 4508 ·
1143 4482 1232 4533 καὶ
1262 4482 1386 4550 ἑξῆς
1409 4498 1422 4512 ο
1447 4478 1590 4533 Eine
1612 4483 1723 4534 Κύι-

1830 4492 2015 4548 petram
2037 4493 2079 4535 et
2101 4481 2256 4535 exibit
2277 4495 2337 4533 ea:
2360 4496 2420 4533 ea
2449 4494 2603 4539 aqua,
2632 4486 2680 4529 et
2711 4475 2842 4529 bibet
2863 4477 3114 4544 populus;
3141 4478 3357 4546 fecitque

168 4595 308 4646 ριος
341 4573 500 4642 πρὸς
523 4569 746 4634 Μωσῆν
783 4586 796 4598 ·
825 4571 1194 4636 Προπορεύου
1223 4569 1325 4622 τοῦ
1358 4569 1506 4622 λαοῦ
1532 4607 1548 4632 ,
1580 4569 1723 4622 λάϐε

1831 4571 2032 4641 Moyses
2056 4573 2130 4624 ila
2156 4571 2217 4622 ⁸³.
2250 4569 2369 4622 llaec
2397 4570 2448 4621 in
2475 4566 2686 4631 Exodo;
2719 4565 2773 4618 in
2800 4565 3047 4620 Numeris
3067 4574 3243 4620 autem
3271 4566 3356 4619 di-

173 4644 245 4719 8έ
270 4665 435 4734 μετὰ
458 4660 715 4716 σεαυτοῦ
730 4659 843 4712 ἀπὸ
874 4659 988 4712 τῶν
1011 4659 1412 4726 πρεσϐυτέριον
1424 4661 1528 4714 τοῦ
1555 4659 1726 4725 λαοῦ,

1830 4663 1966 4717 citur
1997 4681 2010 4716 :
2051 4661 2399 4728 Veneruntque
2447 4656 2546 4725 ﬁlii
2578 4655 2744 4708 Israel
2786 4657 2947 4708 omnis
2988 4654 3266 4708 multitudo
3299 4659 3355 4708 in
3387 4644 3409 4677 “

174 4757 276 4811 καὶ
340 4753 463 4820 τὴν
511 4750 735 4818 ῥάϐδον
770 4751 836 4802 ἐν
876 4743 916 4818 ᾖ
941 4749 1232 4814 ἐπάταξας
1261 4749 1372 4816 τὴν
1393 4751 1724 4814 θάλασσαν,

1830 4751 2078 4804 desertum
2108 4749 2220 4814 Sin,
2258 4757 2305 4801 et
2348 4763 2446 4799 non
2477 4753 2588 4798 erat
2621 4761 2757 4812 aqua
2791 4744 3132 4808 multitudini,
3165 4754 3213 4797 et
3235 4745 3382 4796 cono‘

1829 4848 2065 4891 venerunt
2103 4837 2170 4890 ad
2192 4837 2417 4904 Moysen:
2439 4842 2486 4886 et
2512 4833 2686 4884 Aaron
2713 4844 2730 4881 :
2755 4840 2803 4884 et
2824 4833 3066 4900 jurgatus
3095 4841 3167 4885 est
3195 4847 3355 4899 ροριι.

1831 4929 1908 4981 lus
1932 4937 2109 4980 contra
2137 4926 2400 4994 Moysem;
2423 4941 2483 4978 ac
2509 4924 2728 4978 deinde:
2761 4923 2982 4976 Locutus
3008 4933 3078 4975 est
3107 4921 3354 4975 Dominus

176 4845 280 4899 καὶ
325 4843 620 4909 πορεύσῃ.
666 4839 787 4903 Ὶδὲ,
821 4840 931 4906 ἐγὼ
955 4839 1174 4904 ἕστηκα
1215 4839 1327 4905 πρὸ
1366 4839 1468 4892 τοῦ
1506 4856 1578 4893 σε
1608 4839 1732 4893 ἐκεῖ

176 4935 280 4986 ἐπὶ
335 4931 454 4998 τῆς
506 4930 718 4996 πέτρας
742 4929 810 4982 ἐν
833 4928 1050 4995 Χωρέϐ·
1088 4930 1182 4983 καὶ
1220 4927 1452 4992 πατάξω
1486 4929 1596 4996 τὴν
1625 4931 1726 4983 πέ-

181 5041 354 5090 τραν,
385 5021 485 5075 καὶ
509 5021 883 5083 ἐξελεύσεται
915 5018 981 5082 ἐξ
1011 5017 1191 5084 αὐτῆς
1218 5019 1387 5084 ὕδωρ,
1418 5020 1511 5072 καί
1540 5020 1728 5072 πίεται

180 5115 414 5177 ἀλαός.
448 5111 558 5163 Kal
611 5110 892 5173 ἐποίησεν
921 5109 1100 5172 οὕτως
1136 5107 1370 5172 Μωσῆς.
1423 5109 1600 5162 Ταῦτα
1633 5110 1728 5178 μὲν

179 5198 274 5255 οῦν
304 5200 580 5267 ὲνἘξόδῳ
598 5215 610 5227 ·
642 5200 698 5248 ὲν
722 5197 776 5248 δὲ
789 5199 895 5258 τοῖς
923 5198 1186 5266 ’Δριθμοῖς
1201 5197 1438 5248 λέλεκται
1457 5198 1590 5249 ’Καὶ
1624 5194 1728 5265 ἦλ-

181 5297 294 5346 θον
346 5295 404 5343 ol
438 5289 554 5343 viol
601 5285 835 5352 Ἰσραὴλ
879 5284 1040 5337 πᾶσα
1072 5288 1108 5352 ἠ
1143 5285 1454 5354 συναγωγὴ
1503 5289 1586 5351 είς
1617 5288 1728 5352 τὴν

180 5380 422 5447 ἔρημον
446 5377 602 5436 Σεὶν,
638 5374 736 5425 καὶ
765 5375 870 5424 οὐκ
899 5371 974 5439 ἦν
1010 5374 1158 5440 ὕδωρ
1187 5375 1256 5441 τῇ
1281 5375 1612 5443 συναγωγῇ,
1633 5379 1728 5430 καὶ

179 5469 604 5535 ἠθροίσθησαν
625 5462 725 5514 ἐπὶ
753 5459 1085 5526 Μωσῆνκαὶ
1122 5462 1344 5528 Ἀαρών.
1375 5463 1480 5515 Kal
1510 5464 1729 5517 ἐλοιδο-

174 5558 345 5626 (δεῖτο
379 5558 412 5607 o'
448 5555 597 5616 λαὸς
625 5548 775 5614 πρὸς
815 5549 1050 5609 Μωσῆν.
1098 5552 1202 5605 Καὶ
1245 5549 1395 5619 ἑξῆς·
1440 5551 1731 5613 ἘλάΙησε

1831 5017 1897 5069 ad
1944 5017 2170 5086 Moysem
2203 5018 2374 5068 dicens
2395 5031 2414 5069 :
2447 5014 2590 5068 Tolle
2620 5015 2836 5082 uirgam,
2868 5023 2916 5066 et
2945 5027 3192 5081 congrega
3220 5012 3355 5064 mul-

1832 5108 2119 5168 titudinem,
2155 5117 2208 5158 tu
2240 5115 2286 5158 et
2318 5105 2493 5156 Aaron
2534 5104 2697 5172 frater
2736 5114 2875 5164 tuus,
2903 5112 2954 5155 et
2988 5102 3260 5170 loquemini
3287 5100 3354 5152 ad

1830 5206 2021 5262 petram
2063 5211 2234 5246 coram
2265 5195 2356 5252 eis,
2383 5202 2431 5245 et
2459 5193 2603 5246 dabit
2645 5209 2806 5259 aquas
2848 5208 2991 5245 suas.
3028 5190 3092 5243 Et
3119 5191 3361 5258 eﬂeretur-

1832 5287 1952 5351 ipsis
1984 5301 2117 5353 aqua
2147 5284 2208 5336 de
2234 5293 2396 5349 petra,
2432 5293 2478 5334 et
2515 5283 2757 5348 potabilis
2788 5281 3172 5334 multitudinem
3195 5289 3242 5333 et
3263 5281 3354 5348 ju-

1834 5385 2002 5428 menta
2036 5390 2210 5428 eorum
2237 5374 2296 5425 '5‘.
2325 5370 2452 5425 Iure
2494 5387 2618 5442 ergo
2646 5373 2771 5440 quia
2799 5373 2963 5426 variis
2991 5372 3046 5424 in
3087 5371 3218 5424 locis
3240 5373 3354 5424 visa

1833 5472 1914 5517 est
1949 5475 2095 5531 petra
2124 5475 2311 5529 aquam
2362 5460 2790 5522 subministrare,
2825 5459 2895 5515 de
2929 5459 3111 5528 priore
3146 5459 3358 5526 quidem

1835 5553 1888 5605 in
1921 5551 2162 5621 parsenti
2185 5549 2377 5602 dicitur
2411 5567 2423 5578 ·
2465 5548 2740 5610 lnterruoit
2783 5561 2980 5614 petram
3011 5548 3068 5599 in
3093 5564 3278 5611 eremo,
3310 5556 3372 5599 et.

256 5670 302 5699 η
339 5663 484 5717 Ρεειι,
522 5673 728 5719 cuxv,
761 5655 842 5718 15,
872 5657 951 5710 li.
1029 5661 1068 5690 ⁸³
1109 5659 1275 5714 ltlor.
1308 5675 1358 5725 κ,
1395 5661 1446 5713 4.
1524 5662 1566 5693 ¹⁸
1593 5661 1727 5716 Exod

1832 5679 1926 5726 vn,
1961 5663 2008 5726 1,
2042 5661 2098 5725 2,
2128 5660 2178 5725 5,
2212 5656 2264 5712 6.
2341 5659 2381 5689 ’⁵
2413 5653 2568 5712 Num.
2602 5673 2692 5721 xx,
2724 5657 2774 5721 1,
2805 5657 2860 5725 2,
2893 5657 2943 5722 7,
2963 5655 3020 5710 8.
