3834 6398
520 486 623 542 915

1219 476 1482 534 EUSEBII
1518 473 1985 532 CJESARIENSIS
2021 473 2170 530 OPP.
2212 471 2390 528 PARS
2422 470 2513 526 lll.
2545 503 2617 515 -ο
2651 469 3043 527 EXEGETICA.
3532 477 3605 532 916

520 600 800 669 adaquavit
845 614 930 652 eos
964 596 1096 652 velut
1137 598 1191 650 in
1221 598 1409 667 abysso
1461 597 1660 660 multa;
1692 595 1759 650 de
1795 595 1896 648 alia
1935 609 2055 649 vero

2160 593 2373 660 Κύριος
2416 590 2563 658 πρὸς
2609 589 2832 658 Μωσῆν
2873 588 3094 658 λέγων·
3126 587 3268 642 Λάϐε
3307 588 3403 654 thr
3427 589 3614 658 ῥάϐδον,

518 687 710 742 deinde
734 685 1121 754 subjungitz—
1151 681 1314 736 Vens.
1347 683 1432 739 16.
1460 681 1527 735 Et
1551 681 1763 735 deduxit
1787 695 1968 749 aquam
1999 677 2062 731 de

515 789 680 845 petra,
693 774 961 828 etdeduxit
979 783 1226 842 tanquam
1251 773 1470 841 ﬂumina
1487 788 1668 840 aquas.
1689 769 2060 824 Verumtamen

517 879 638 918 cum
658 871 732 918 tot
755 864 859 917 illis
875 862 1278 917 subministrata
1297 862 1436 915 bona
1450 861 1696 923 fuissent,
1716 857 2062 912 nihilominus

521 960 885 1022 apposuerunt
939 965 1164 1020 peccare
1223 950 1406 1019 (Vens.
1455 949 1564 1019 l7),
1619 964 1844 1018 peccare
1887 939 2062 1000 autem

525 1059 634 1098 non
664 1041 790 1106 sibi,
821 1043 914 1096 sed
964 1042 1087 1110 ipsi.
1117 1039 1176 1094 In
1208 1041 1386 1110 ipsum
1452 1041 1592 1094 enim
1656 1039 1821 1092 Deum
1867 1051 2063 1107 pecca-

519 1141 630 1186 tum
659 1147 842 1187 eorum
879 1131 1139 1190 vertebat,
1188 1129 1314 1183 dum
1360 1143 1456 1197 per
1489 1121 1971 1181 contradictionem
2007 1125 2060 1177 in

515 1225 692 1292 ipsum
744 1221 906 1290 impie
961 1225 1200 1289 agerent.
1250 1218 1427 1282 Quare
1457 1217 1679 1284 subiicit
1713 1235 1726 1270 :
1764 1215 2061 1268 Exacerba-

515 1321 695 1366 verunt
732 1309 1003 1362 Excelsum
1036 1308 1088 1360 in
1109 1309 1393 1376 inaquosa;
1424 1306 1537 1359 sive
1579 1305 1873 1359 secundum
1897 1304 2062 1372 Aqui-

515 1403 644 1465 lam,
692 1399 758 1453 Ut
793 1398 1095 1452 rebellarent
1135 1405 1314 1450 contra
1353 1394 1628 1448 Excelsum
1661 1396 1716 1448 in
1752 1396 1918 1457 invio;
1949 1394 2061 1448 sive

515 1490 809 1546 secundum
846 1489 1246 1559 Symmachum,
1287 1484 1352 1538 Ut
1402 1484 1760 1538 contenderent
1797 1500 1912 1537 cum
1950 1482 2060 1535 Ea:-

516 1579 651 1632 celsa
686 1578 736 1630 in
762 1577 850 1629 siti
890 1577 941 1628 in
981 1576 1137 1628 invio.
1178 1573 1353 1638 Quare
1395 1581 1570 1626 autem
1605 1574 2062 1626 exacerbaveruut

516 1669 800 1722 Excelsum
851 1667 904 1719 in
953 1667 1212 1733 inaquoso
1263 1664 1444 1718 docuit
1485 1663 1728 1733 Moyses;
1778 1671 2058 1731 postquam

513 1759 657 1812 enim
707 1755 1101 1826 suppeditasset
1135 1757 1214 1808 eis
1261 1769 1453 1821 aquam
1487 1754 1553 1807 de
1589 1763 1755 1821 petra,
1790 1753 1902 1806 hazc
1936 1767 2062 1804 nar-

512 1855 598 1902 rat
629 1848 707 1914 “,z
744 1845 806 1897 Et
836 1846 1031 1898 vocavit
1061 1859 1244 1896 nomen
1278 1843 1379 1895 loci
1405 1841 1568 1905 illius,
1606 1841 1843 1894 Tentatio
1876 1854 1922 1893 et
1945 1841 2059 1906 iur-

2160 684 2257 736 καὶ
2295 684 2702 749 ἐκκλησίασον
2727 682 2843 749 τὴν
2867 679 3210 749 συναγωγὴν
3227 679 3299 733 σὺ
3333 684 3418 733 καὶ
3449 683 3617 750 Ἀαρὼν

2161 775 2194 825 ὀ
2219 772 2480 840 ἀδελφός
2511 787 2645 836 σου,
2673 771 2771 823 καὶ
2818 769 3113 835 λαλήσετε
3151 771 3286 838 πρὸς
3321 770 3421 837 τὴν
3455 773 3621 838 πέτραν

2159 860 2434 912 ἐναντίον
2478 859 2692 921 αὐτῶν,
2735 861 2829 912 καὶ
2872 859 3044 912 δώσει
3072 861 3138 912 τὰ
3160 859 3330 912 ὕδατα
3354 860 3528 928 αὐτῆς,
3544 864 3620 914 Kal

2159 950 2452 1014 ἐξοίσεται
2465 950 2666 1015 αὐτοῖς
2693 949 2846 1017 ὕδωρ
2871 949 2939 1002 ἐκ
2958 949 3066 1018 τῆς
3084 950 3305 1017 πέτρας,
3328 951 3412 1003 καὶ
3436 952 3624 1006 transire

2159 1041 2272 1108 thr
2321 1040 2681 1111 συναγωγὴν
2733 1042 2830 1092 καὶ
2877 1043 2948 1092 τὰ
3009 1039 3190 1107 κτήνη
3221 1039 3415 1095 αὐτῶν.
3449 1041 3624 1104 Εἰκότως

2158 1125 2250 1182 οὖν
2279 1131 2570 1200 ἐπειδήπερ
2601 1132 2658 1181 ὲν
2689 1129 2966 1198 διαφόροις
3001 1130 3178 1191 τόποις
3202 1129 3473 1200 φαίνεταιὴ
3505 1132 3626 1199 πέτρα

2159 1224 2506 1291 χορηγήσασα
2527 1221 2586 1272 τὸ
2615 1219 2778 1290 ὕδωρ,
2803 1220 2931 1289 περὶ
2969 1219 3064 1288 μὲν
3089 1220 3181 1289 τῆς
3209 1220 3451 1290 προτέρας
3472 1219 3540 1271 διὰ
3556 1221 3625 1271 τῶν

2160 1309 2533 1381 προκειμένων
2568 1311 2782 1380 εἴρηται
2802 1327 2814 1340 ·
2849 1308 3123 1376 Διέρῤηξε
3154 1309 3358 1376 πέτραν
3391 1310 3451 1362 ἐν
3475 1309 3628 1377 ἐρήμῳ,

2160 1399 2254 1452 καὶ
2286 1401 2562 1452 ἐπότισεν
2588 1399 2812 1464 αὐτοὺς
2840 1399 2921 1464 ὡς
2949 1401 3018 1451 ἐν
3049 1399 3285 1466 ἀϐύσσῳ
3313 1399 3490 1465 πολλῇ
3505 1417 3518 1428 ·
3541 1401 3630 1468 περὶ

2159 1489 2213 1541 δὲ
2240 1489 2334 1558 τῆς
2357 1489 2544 1559 ἑτέρας
2579 1490 2707 1558 ἑξῆς
2735 1473 2970 1556 ἐπάγει·
2996 1489 3102 1542 Καὶ
3131 1488 3403 1558 ἐξήγαγεν
3442 1489 3562 1555 ὕδωρ
3588 1491 3630 1541 ἐκ

2160 1577 2393 1644 πέτρας,
2425 1579 2520 1631 καὶ
2549 1579 2890 1646 κατήγαγεν
2915 1579 2995 1644 ὡς
3023 1578 3310 1647 ποταμοὺς
3335 1578 3510 1631 ὕδατα.
3536 1579 3632 1648 Πλὴν

2160 1668 2291 1721 ἀλλὰ
2315 1669 2577 1722 τοσούτων
2594 1671 2780 1733 αὐτοῖς
2791 1669 3224 1740 χορηγηθέντων,
3240 1671 3377 1739 ὅμως
3391 1668 3634 1740 προσέθεντο

2160 1759 2251 1811 τοῦ
2281 1760 2630 1830 ἁμαρτάνειν,
2665 1762 2760 1812 καὶ
2795 1761 3129 1830 ἁμαρτάνειν
3185 1762 3278 1830 ούχ
3331 1761 3528 1822 ἑαυτοῖς,
3564 1760 3635 1810 ἀλλ’

2160 1850 2320 1920 αὐτῷ.
2341 1851 2642 1905 Κατάύτοῦ
2668 1852 2777 1923 γὰρ
2809 1853 2904 1905 τοῦ
2937 1851 3072 1904 Θεοῦ
3096 1851 3189 1922 τὴν
3209 1851 3454 1922 ἁμαρτίαν
3467 1851 3635 1920 ἡμάρτα-

512 1940 673 2006 gium,
697 1946 904 2004 propter
934 1935 1165 2005 jurgium
1186 1935 1415 2003 ﬁliorum
1449 1931 1635 1994 Israel,
1664 1941 1712 1985 et
1739 1933 1860 2000 quia
1891 1941 2055 1984 tenta-

2156 1955 2262 1999 νον,
2315 1938 2633 2002 ἀσεϐοῦντες
2687 1939 2779 1992 διὰ
2819 1939 2924 2008 τῆς
2954 1941 3088 2010 πρὸς
3112 1939 3263 1992 αὐτὸν
3285 1938 3561 2004 ἀντιλογίας.
3583 1936 3638 1986 Διὸ

512 2033 690 2081 ver‘ant
712 2026 989 2080 Dominum
1006 2025 1336 2086 dicentes,.4n
1354 2032 1429 2076 est
1449 2022 1580 2075 Deus
1597 2023 1652 2074 in
1674 2021 1841 2086 nobis,
1860 2039 2010 2075 necne
2029 2025 2054 2078 ?

2161 2026 2414 2094 ἐπιλέγειο
2444 2030 2907 2096 Παρεπίκραναν
2923 2029 3030 2082 τὸν
3048 2030 3325 2097 Ὕψιστον
3337 2028 3400 2080 ἐν
3412 2025 3605 2091 ἀνύδρῳ·
3619 2023 3638 2089 ἦ

511 2119 652 2174 κατὰ
665 2121 753 2173 τὸν
770 2120 1015 2182 Ἀκύλαν,
1049 2118 1156 2171 Τοῦ
1178 2117 1515 2185 προτερίσαι
1543 2117 1868 2183 Ὑψίστῳέν
1891 2115 2080 2180 ἀϐάτῳ
2099 2135 2112 2148 ·
2167 2120 2198 2190 ἢ
2233 2121 2370 2173 κατὰ
2392 2122 2480 2173 τὸν
2519 2123 2843 2192 Σύμμαχον,
2880 2120 3244 2175 Φιλονεικεῖν
3266 2120 3341 2184 τῷ
3366 2119 3572 2185 Ὑψίστῳ
3599 2115 3640 2164 ἐν

511 2211 670 2278 δίψει
689 2212 757 2263 ἐν
795 2210 1002 2274 ἀϐάτῳ.
1039 2209 1135 2262 Διὰ
1159 2208 1210 2260 τι
1247 2209 1302 2261 δὲ
1328 2207 1732 2276 παρεπίκραναν
1770 2206 1858 2258 τὸν
1891 2207 2144 2274 ’Υψιστον
2204 2211 2260 2261 ἐν
2293 2210 2522 2284 ἀνύδρῳ,
2580 2213 2787 2276 ἐδίδαξε
2845 2213 3053 2282 Μωσῆς
3079 2227 3093 2241 ’
3134 2210 3266 2280 μετὰ
3293 2209 3393 2279 γὰρ
3429 2207 3482 2260 τὸ
3523 2221 3638 2273 mp:-

513 2306 658 2372 σχεῖν
679 2305 857 2365 αὐτοῖς
885 2303 948 2354 ὲκ
973 2301 1174 2370 πέτρας
1208 2299 1265 2351 τὸ
1295 2298 1453 2368 ὕδωρ,
1489 2299 1684 2367 ἱστορεῖ
1711 2296 1878 2363 λέγων
1897 2313 1910 2326 ·
1936 2296 2041 2348 Kal
2067 2296 2410 2365 ἐπωνόμασε
2443 2300 2504 2354 τὸ
2533 2301 2721 2366 ὄνομα
2754 2299 2864 2353 τοῦ
2896 2301 3086 2352 τόπου
3117 2299 3362 2360 ἐκείνου,
3399 2293 3641 2361 Πειρασμὲς

513 2393 611 2445 καὶ
657 2391 1029 2456 λοιδόρησις,
1086 2386 1181 2439 διὰ
1233 2385 1345 2452 τὴν
1380 2385 1680 2451 λοιδορίαν
1732 2384 1845 2437 τῶν
1888 2384 2030 2438 υἱῶν
2100 2383 2351 2455 Ἰσραὴλ,
2386 2390 2482 2442 καὶ
2533 2391 2628 2443 διὰ
2658 2391 2729 2444 τὸ
2772 2389 3068 2458 πειράζειν
3111 2388 3327 2454 αὐτοὺς
3363 2387 3544 2452 Κύριοι-
3582 2385 3641 2437 λέ.

510 2498 722 2554 γοντας
741 2498 754 2509 ·
787 2482 854 2534 El
890 2480 1018 2532 ἔστι
1041 2477 1183 2542 Θεὸς
1211 2477 1279 2529 ἐν
1305 2476 1464 2544 ἡμῖν,
1495 2477 1532 2543 ἢ
1569 2478 1638 2528 οὔ
1663 2493 1680 2537 ;

583 2571 741 2626 Vens.
775 2570 862 2633 18,
894 2569 978 2622 19.
1029 2568 1096 2622 Et
1144 2576 1463 2622 tentaverunt
1507 2567 1672 2620 Deum
1710 2585 1763 2620 τη
1818 2567 2055 2620 cordibus

2232 2566 2338 2618 Kal
2369 2565 2774 2631 ἐξεπείρασαν
2815 2564 2924 2617 τὸν
2959 2563 3109 2617 Θεὸν
3135 2563 3204 2617 ὲν
3230 2562 3473 2632 καρδίαις
3496 2557 3642 2620 αὐτῶν,

511 2661 640 2724 suis,
676 2670 733 2712 ut
759 2667 986 2727 peterent
1012 2674 1184 2712 escam
1229 2658 1503 2710 animabus
1524 2660 1653 2713 suis.
1697 2659 1763 2710 Et
1797 2659 1933 2711 male
1988 2659 2055 2710 lo-

2171 2657 2275 2709 τοῦ
2299 2655 2537 2721 αἰτῆσαι
2556 2654 2774 2723 ,ϐρῶμα
2797 2655 2930 2720 ταῖς
2955 2655 3184 2724 ψυχαῖς
3212 2654 3412 2708 αὐτῶν.
3437 2652 3526 2706 Kal
3545 2667 3646 2703 κατε-

511 2750 617 2802 cuti
638 2759 755 2802 sunt
782 2749 843 2800 de
879 2747 1002 2800 Deo.
1032 2747 1313 2812 Quomodo
1344 2748 1479 2800 male
1523 2748 1685 2800 locuti
1722 2749 1830 2800 sint
1860 2746 1925 2801 de
1959 2747 2055 2801 Deo

2168 2747 2450 2812 λάλησαν
2484 2745 2588 2798 τοῦ
2645 2745 2822 2798 Θεοῦ.
2858 2746 3050 2808 Ὅπως
3083 2745 3436 2814 κατελάλησαν
3469 2743 3540 2796 τοῦ
3562 2740 3646 2793 8εοῦ

509 2849 694 2894 narrat
707 2837 915 2907 Moyses
927 2837 1112 2891 dicens
1133 2838 1172 2867 "
1200 2855 1213 2890 :
1234 2835 1300 2888 Et
1326 2839 1666 2890 murmuravit
1681 2839 1844 2890 omnis
1859 2854 2055 2905 congre-

2168 2837 2258 2890 καὶ
2286 2835 2490 2903 Μωσῆς
2517 2835 2767 2888 διδάσκει
2818 2835 3030 2904 λέγων·
3085 2835 3134 2887 Π
3139 2837 3198 2888 al
3234 2833 3514 2904 ἐγόγγυζον
3540 2830 3648 2884 πᾶσα

510 2931 650 3000 qatia
679 2929 907 2999 filiorum
923 2926 1093 2980 Israel
1123 2935 1302 2980 contra
1319 2925 1368 2976 Μ
1373 2943 1543 2995 oysem
1559 2937 1607 2980 et
1635 2927 1831 2990 Aaron,
1849 2928 2055 2980 etdixe-

2165 2923 2479 2993 συναγωγὴ
2503 2922 2653 2976 υἱῶν
2701 2924 2960 2992 Ἰσραὴλ
2985 2925 3083 2976 ἐπὶ
3117 2924 3336 2992 Μωσῆν
3365 2923 3450 2976 καὶ
3479 2918 3647 2986 Ἀαρὼν,

511 3030 630 3074 runt
653 3019 720 3073 ad
731 3036 816 3072 eos
835 3034 852 3072 :
874 3017 1083 3070 Utinam
1103 3018 1292 3070 mortui
1305 3034 1528 3070 essemus
1545 3020 1776 3085 percussi
1791 3037 1822 3071 a
1841 3019 2055 3073 Domina

2165 3014 2260 3067 καὶ
2313 3013 2489 3066 εἶπαν
2539 3014 2696 3079 πρὸς
2759 3015 2990 3079 αὐτούς
3011 3032 3025 3045 ·
3079 3016 3327 3082 Ὄφελον
3369 3012 3649 3076 ἀπεθάνομεν

511 3112 565 3165 in
597 3120 737 3164 terra
758 3107 994 3178 Egypti,
1026 3106 1232 3176 quando
1270 3106 1572 3161 sedebamus
1597 3124 1748 3175 super
1781 3109 1983 3172 lebetes,
2011 3120 2055 3162 et

2161 3103 2488 3172 πληγέντες
2538 3105 2662 3158 ὑπὸ
2728 3106 2960 3173 Κυρίου
3017 3106 3086 3159 ἐν
3123 3105 3201 3174 τῇ
3237 3106 3519 3174 Αἰγύπτου,
3554 3100 3648 3152 ὅταν

511 3201 896 3258 eamedebamus
931 3215 1086 3268 panes
1136 3197 1203 3250 ad
1231 3198 1592 3250 saturitatem!
1627 3198 1763 3263 Quia
1804 3199 2055 3252 eduxistis

2161 3195 2520 3262 ἐκαθίσαμεν
2547 3195 2651 3248 ἐπὶ
2703 3195 2826 3249 τῶν
2864 3197 3160 3261 λεϐήτων,
3195 3196 3292 3250 καὶ
3324 3194 3571 3264 ἐφάγομεν
3589 3189 3650 3255 ἀρ’

510 3311 624 3358 nos,
675 3301 730 3346 ut
763 3289 1058 3345 accideretis
1093 3297 1252 3339 totam
1297 3286 1430 3339 hanc
1478 3287 1861 3340 multitudinem
1899 3287 2055 3355 fame.

2168 3303 2309 3352 τους
2385 3289 2472 3350 εἰς
2542 3287 2975 3354 πλησμονήνέ
3036 3289 3154 3341 Ὅτι
3217 3287 3501 3355 ἐξηγάτετε
3551 3279 3649 3350 ἡμᾶς

510 3383 702 3438 Postea
720 3396 848 3436 vero
891 3380 965 3432 ait
1011 3378 1220 3449 Moyses
1261 3378 1327 3431 ad
1379 3379 1630 3447 populum
1657 3378 1740 3431 ἐξ
1783 3375 1892 3430 Nos
1943 3395 2055 3432 vero

2162 3373 2499 3427 ἀποκτεῖναι
2555 3375 2776 3427 πᾶσαν
2831 3376 2951 3443 τὴν
3007 3374 3360 3444 συναγωγὴν
3397 3375 3574 3436 ταύτην
3608 3367 3649 3418 ἑν

509 3471 632 3540 quid
668 3486 845 3524 sumus
875 3483 894 3521 :
924 3484 1022 3521 non
1065 3468 1201 3519 enim
1230 3476 1414 3520 contra
1435 3483 1525 3520 nos
1565 3482 1799 3518 murmur
1834 3477 2056 3521 uestrum

509 3571 608 3624 est,
633 3560 720 3614 sed
752 3567 934 3612 contra
972 3557 1157 3610 Deum.
1189 3558 1427 3610 Accedite
1464 3574 1640 3610 coram
1671 3557 1816 3611 Deo:
1858 3559 2056 3612 audivit

509 3650 645 3703 enim
675 3663 907 3700 murmur
936 3656 1178 3699 vestrum.
1223 3646 1351 3700 Post
1380 3646 1489 3699 haec
1523 3654 1711 3699 autem‘
1731 3647 1796 3709 ¹⁹,
1827 3646 2055 3700 Locutus

510 3747 598 3794 est
618 3737 869 3790 Dominus
893 3735 959 3788 ad
989 3733 1217 3803 Moysem
1234 3734 1405 3787 dicens
1441 3751 1458 3788 :
1493 3752 1581 3806 ego
1617 3736 1793 3789 audivi
1822 3753 2058 3789 murmur

513 3827 744 3896 ﬁliarum
796 3824 989 3888 Israel,
1030 3831 1132 3878 etc.
1185 3822 1308 3878 Haec
1354 3825 1517 3892 igitur
1564 3834 1826 3880 memorat
1881 3841 2057 3881 sermo

511 3931 750 3987 prtesens
777 3916 862 3970 his
897 3915 1074 3970 verbis
1105 3933 1119 3967 :
1153 3915 1221 3967 Et
1257 3923 1574 3966 tentaverunt
1614 3915 1772 3968 Deum
1801 3918 1854 3968 in
1886 3917 2058 3970 cordi-

513 4007 607 4060 bus
639 4005 770 4069 suis,
810 4014 868 4080 ut
895 4013 1120 4074 peterent
1157 4019 1328 4057 escam
1358 4002 1630 4056 animabus
1656 4005 1784 4057 suis.
1815 4004 1884 4057 Et
1923 4005 2058 4058 male

512 4097 672 4150 locuti
713 4105 833 4151 sunt
875 4095 937 4148 de
989 4094 1115 4160 Deo,
1156 4102 1205 4150 et
1247 4093 1518 4157 dixerunt,
1564 4093 1831 4164 Numquid
1869 4097 2055 4163 poterit

509 4185 650 4240 Deus
677 4200 866 4253 parare
895 4199 1124 4237 mensam
1159 4183 1211 4235 in
1245 4183 1446 4235 deserta
1467 4184 1491 4236 ?
1509 4211 1576 4220 —
1599 4180 1764 4238 Vens.
1798 4183 1887 4238 20.
1914 4183 2056 4248 Quo-

509 4278 652 4330 niam
671 4277 919 4345 percussit
948 4283 1145 4344 petram
1176 4287 1226 4329 et
1254 4274 1514 4342 ﬂuxerunt
1543 4289 1709 4342 aquae,
1729 4283 1778 4326 et
1805 4283 2053 4327 torrentes

509 4364 924 4428 inundaverunt;
955 4364 1200 4434 numquid
1239 4374 1286 4417 et
1317 4379 1501 4430 panem
1539 4364 1724 4429 poterit
1768 4363 1915 4428 dare,
1964 4355 2055 4420 aut

2161 3463 2329 3531 λιμῷ.
2357 3464 2468 3516 Καὶ
2498 3465 2642 3534 μετά
2687 3466 2871 3519 ταῦτα
2902 3462 3024 3520 εἷπε
3055 3469 3255 3537 Μωσῆς
3286 3469 3409 3538 πρὸς
3443 3466 3516 3519 τὸν
3542 3461 3645 3514 λαόν·

2174 3554 2359 3622 Ἡμεῖς
2397 3553 2465 3606 δὲ
2513 3557 2573 3608 τι
2621 3557 2857 3628 ἐσμεή;
2887 3562 2961 3612 οὐ
2997 3560 3108 3628 γὰρ
3141 3563 3265 3613 καθ’
3285 3558 3437 3628 ἡμῶν
3457 3560 3484 3609 ό
3512 3569 3648 3624 γογγυ-

2163 3645 2314 3714 σμὸς
2341 3644 2507 3712 ὑμῶν
2539 3645 2742 3709 ἐστιν,
2782 3649 2948 3702 ἀλλὰ
2991 3651 3142 3702 κατὰ
3169 3651 3271 3703 τοῦ
3303 3640 3646 3712 Geoﬁﬂpocéb

2162 3737 2289 3787 θετε
2314 3735 2596 3787 ἐναντίον
2633 3739 2748 3791 τοῦ
2782 3740 2958 3802 Θεοῦ,
2993 3740 3308 3806 εὶσακήκοε
3345 3740 3444 3808 γὰρ
3466 3734 3547 3789 τσῦ
3570 3747 3646 3800 τοτ’

2160 3825 2391 3894 γυσμοῦ
2433 3825 2626 3893 ὑμῶν.
2697 3829 2814 3882 Καὶ
2865 3831 3006 3901 μετὰ
3061 3833 3258 3885 ταῦτα·
3311 3831 3558 3894 Ἐλὰλησε
3577 3821 3646 3874 Κύ-

2154 3932 2281 3981 ριος
2339 3914 2489 3981 πρὸς
2551 3917 2796 3985 Μωσῆν
2859 3920 3087 3989 λέγων·
3156 3921 3300 3992 Ἐγὼ
3356 3917 3546 3984 ἀκήκοα
3583 3908 3645 3961 τῦν

2161 4004 2504 4074 γογγυσμὸν
2556 4007 2714 4060 υἱῶν
2748 4011 3027 4079 Ἰσραὴλ,
3088 4013 3179 4065 καὶ
3227 4012 3291 4064 τὰ
3327 4010 3457 4078 ἑξῆς.
3505 4001 3645 4056 Τούτων

2160 4090 2248 4147 οὖν
2289 4102 2646 4164 μεμνημένος
2678 4100 2781 4153 καὶ
2815 4103 2845 4154 ὁ
2879 4103 3072 4174 παρὼν
3103 4104 3273 4170 λόγος,
3301 4098 3409 4154 εἷπε
3429 4116 3441 4130 ·
3470 4089 3646 4152 Καὶέξε·

2160 4183 2455 4250 πείρασαν
2489 4184 2604 4238 τὸν
2629 4190 2791 4243 Θεὸν
2816 4192 2888 4244 ἐν
2921 4193 3191 4260 καρδίαις
3219 4191 3420 4252 αὐτῶν,
3445 4186 3530 4240 τοῦ
3551 4176 3646 4242 aliti

2158 4286 2259 4324 σαι
2278 4270 2492 4340 βρῶμα
2512 4275 2652 4342 ταῖς
2675 4281 2913 4348 ψυχαῖς
2943 4280 3160 4336 αὐτῶν.
3195 4283 3296 4336 Καὶ
3327 4275 3646 4334 κατελαιησαν

2159 4363 2262 4416 τοῦ
2293 4363 2458 4427 Θεοῦ,
2503 4365 2609 4418 καὶ
2628 4363 2820 4424 εἶπαν
2837 4387 2852 4400 ’
2900 4374 3000 4441 Mh
3039 4373 3351 4441 δυνήσεται
3374 4376 3403 4424 ό
3421 4369 3535 4431 Θεὸς
3552 4365 3643 4414 ἐτίί·

509 4470 698 4522 parare
725 4472 951 4510 mensam
979 4455 1165 4524 populo
1195 4457 1324 4509 suo?
1349 4454 1470 4508 Haec
1522 4454 1734 4523 quidem
1790 4457 1844 4509 in
1888 4457 2055 4511 histo-

2156 4451 2339 4521 μάσαι
2363 4453 2670 4521 τράπεζαν
2703 4462 2776 4516 ἐν
2797 4463 3000 4534 ἐρήμῳ
3014 4482 3033 4529 ;
3070 4467 3227 4520 Ἐπεὶ
3251 4463 3480 4526 ἐπάταξε
3501 4455 3644 4519 suta"

509 4545 592 4598 ria
647 4561 754 4599 non
797 4544 1076 4610 feruntur,
1111 4546 1203 4601 sed
1245 4547 1328 4598 hic
1363 4545 1680 4600 observatur
1728 4561 1821 4601 eos
1866 4548 2051 4602 isthaec

507 4639 792 4706 cogitasm.
856 4638 1216 4700 Tentaverunt,
1265 4639 1457 4708 inquit,
1505 4637 1669 4691 Deum
1713 4638 1766 4690 in
1811 4639 2052 4694 cordibus

505 4727 637 4791 suis,
662 4733 738 4791 et,
782 4725 922 4780 Male
971 4728 1132 4780 locuti
1161 4737 1280 4780 sunt
1327 4727 1388 4781 de
1429 4727 1552 4780 Deo.
1584 4725 1863 4792 Quomodo
1914 4729 2052 4782 male

507 4815 673 4869 locuti
711 4823 858 4878 sunt,
887 4816 991 4870 nisi
1024 4817 1136 4870 haec
1165 4816 1470 4886 cogitando,
1499 4817 1599 4871 etsi
1633 4817 1684 4869 id
1714 4817 1932 4871 minime
1969 4819 2046 4872 la-

506 4902 612 4958 biis
659 4907 1000 4974 protulerint,
1049 4908 1142 4961 sed
1197 4917 1372 4962 mente
1414 4908 1758 4970 revolverint,
1801 4923 1920 4976 quae
1964 4909 2052 4962 ille

505 4993 748 5048 cordium
775 4997 1016 5066 cognitor
1052 4999 1187 5052 bene
1226 4999 1373 5052 novit
1405 5000 1751 5068 audivitque?
1777 4998 2050 5064 Quamob-

505 5097 618 5136 rem
653 5084 849 5139 dicitur
893 5105 998 5141 :-—
1030 5087 1190 5144 Vens.
1220 5090 1307 5146 2|.
1338 5090 1548 5144 Audiuit
1578 5090 1830 5145 Dominus
1868 5103 1917 5144 et
1947 5091 2054 5144 dis-

509 5169 649 5225 tulit.
688 5170 792 5225 Pro
847 5189 954 5242 quo
999 5175 1207 5245 Aquila,
1237 5187 1284 5231 et
1322 5195 1423 5232 non
1452 5179 1757 5247 supersedit,
1788 5179 2052 5247 interpre-

507 5267 652 5317 tatus
680 5271 784 5326 est,
832 5265 887 5318 id
933 5275 1037 5330 est,
1066 5283 1171 5322 non
1215 5269 1462 5335 distulit;
1515 5268 1866 5339 Symmachus
1898 5283 2046 5333 vero,

507 5358 557 5401 et
601 5352 768 5404 iratus
799 5361 894 5407 est.
933 5353 1130 5410 Deinde
1163 5357 1257 5422 ait,
1317 5357 1384 5410 Et
1430 5359 1561 5427 ignis
1595 5373 1837 5410 accensus
1877 5367 1951 5409 est
1996 5359 2050 5412 in

507 5436 692 5503 Jacob,
719 5450 766 5493 et
792 5443 873 5494 ira
897 5445 1126 5498 ascendit
1161 5448 1210 5500 in
1249 5447 1439 5501 Israel.
1468 5449 1618 5516 Apud
1653 5447 1885 5518 Moysem
1915 5464 2050 5515 quo-

509 5539 615 5591 que
646 5530 898 5583 scribitur
923 5534 1002 5587 '°:
1031 5528 1097 5585 Et
1122 5546 1233 5589 erat
1261 5539 1478 5609 populus
1505 5556 1835 5592 murmurans
1868 5548 2050 5592 contra

511 5612 809 5678 Dominum,
844 5627 893 5670 et
933 5620 1128 5674 audivit
1168 5623 1422 5678 Dominus
1451 5637 1500 5680 et
1540 5629 1706 5680 iratus
1734 5636 1848 5681 est:
1896 5638 1943 5680 et
1974 5629 2051 5680 in-

505 5716 687 5756 census
713 5710 788 5754 est
815 5704 868 5755 in
897 5707 968 5757 eis
1002 5709 1131 5775 ignis
1158 5727 1189 5763 a
1216 5711 1457 5780 Domino,
1490 5725 1538 5768 et
1564 5715 1822 5770 devoravit
1845 5724 2047 5784 partem

496 5833 507 5881 λ
581 5813 622 5847 ⁸⁸
654 5813 822 5870 Exod.
849 5831 977 5882 xvu,
1007 5818 1058 5871 7.
1135 5822 1173 5853 ¹⁷
1205 5819 1370 5881 Exod.
1402 5843 1508 5892 xw,
1539 5827 1594 5892 2,
1625 5829 1675 5886 5.
1755 5830 1798 5861 ¹⁸
1826 5829 1953 5884 ibid.
1986 5829 2108 5895 7,9.

2153 4541 2250 4606 καὶ
2277 4542 2593 4611 ἐρρύησαν
2621 4551 2844 4617 ὕδατα,
2888 4556 2989 4608 καὶ
3011 4559 3306 4626 χείμαρῤοι
3337 4546 3641 4608 κατεκλύιτθη⁸

2152 4631 2411 4700 σαν⁰1ιὴ
2461 4638 2568 4690 καὶ
2610 4641 2806 4708 ἄρτον·
2855 4644 3108 4700 δύναται
3132 4646 3400 4713 δοῦναι,ἢ
3429 4635 3640 4706 ἑτοιμάσαι

2152 4720 2442 4788 τράπεζαν
2457 4726 2545 4792 τῷ
2577 4732 2709 4796 λαῷ
2754 4736 2972 4800 αὐτοῦ;
3004 4739 3092 4790 Ἐν
3114 4740 3208 4809 μὲν
3230 4735 3316 4790 οὖν
3345 4739 3405 4805 τῇ
3436 4721 3640 4799 [crepitu

2154 4811 2375 4882 φέρεται
2403 4818 2588 4873 ταῦτα
2615 4838 2629 4854 ⁸
2658 4825 2903 4879 ἐνταῦθα
2937 4828 2994 4882 δὲ
3018 4832 3322 4900 τετήρηται,
3347 4829 3412 4890 ὡς
3431 4825 3515 4894 ἄρα
3535 4815 3640 4870 ταῦτα

2131 4901 2506 4984 ,διενοήθησαν
2531 4921 2547 4935 ·
2589 4909 3053 4980 Ἐξεπείρασαν,
3085 4899 3188 4987 γάρ
3206 4899 3348 4985 φησι,
3369 4913 3461 4964 τὸν
3483 4899 3642 4987 Osiri!“

2151 4992 2421 5058 καρδίαις
2464 4997 2713 5062 αὐτῶν.
2761 5005 2880 5067 καὶ,
2948 4984 3370 5074 Κατελᾶλὴσαν
3405 4998 3491 5054 τοῦ
3531 4984 3638 5044 θείῧι

2150 5082 2274 5146 Πῶς
2295 5083 2353 5137 δὲ
2386 5090 2784 5164 κατελάλησαν
2826 5097 2860 5167 ἢ
2903 5098 3027 5151 τάδε
3055 5099 3418 5168 διανοηθέντες,
3450 5093 3490 5142 εἰ
3513 5077 3638 5146 καὶμὴ

2149 5171 2350 5239 Χείλεσι
2396 5174 2804 5252 φθεγξάμενοι,
2839 5187 2979 5241 ἀλλὰ
3004 5192 3123 5251 ταῖς
3151 5187 3334 5258 ψυχαῖς
3370 5177 3637 5249 λογισάμενοεν

2147 5263 2182 5318 ἃ
2208 5265 2270 5337 δὴ
2323 5270 2352 5320 ὁ
2397 5272 2862 5349 καρδιογνώστης
2898 5279 3055 5342 εἰδὼς
3100 5281 3326 5350 humide;
3358 5274 3436 5327 Διὸ
3459 5269 3635 5337 εἴρηται¹

2152 5355 2409 5412 Ἤκουσε
2449 5365 2679 5434 Κύριος
2737 5374 2841 5425 καὶ
2901 5372 3241 5428 ἀνεϐάλετο,
3298 5365 3421 5421 Ἀνθ’
3448 5355 3543 5415 οὖὸ
3579 5350 3636 5421 μὲν

2159 5444 2409 5514 Ἀκύλας,
2430 5455 2541 5506 Καὶ
2559 5457 3082 5536 ἀγυπερθέτησεν,
3109 5464 3408 5535 ἡρμήνευσεν
3425 5447 3635 5536 musa?"

2146 5540 2243 5608 οὐχ
2274 5529 2622 5610 ὑπερέθετον·
2650 5550 2680 5600 ὁ
2708 5549 2767 5603 δὲ
2800 5529 3256 5624 Σύμέιαςῳςίᾙαῖ
3269 5544 3494 5618 ἐχολώθη
3512 5554 3524 5568 ⁹
3546 5529 3635 5624 εἷῖέι

2155 5631 2261 5683 Καὶ
2291 5632 2410 5698 πῦρ
2437 5635 2714 5706 ἀνήφθη,
2749 5622 2942 5710 φησὶν,
2960 5622 3248 5704 ἐτρῗἸακὼό,
3272 5640 3359 5693 καὶ
3382 5622 3636 5703 ὀργὴἀνέίη

2148 5720 2246 5775 ἐπὶ
2279 5722 2385 5777 τὸν
2425 5723 2699 5796 Ἰσραήλ.
2753 5734 2868 5788 Καὶ
2916 5737 3062 5806 παρὰ
3101 5735 3278 5790 Μωσεί
3300 5731 3349 5783 δὲ
3375 5721 3631 5796 γέγραπται’

2221 5837 2263 5870 ¹⁹
2293 5838 2428 5907 ibid,
2475 5841 2569 5910 H,
2601 5845 2690 5899 l2.
2775 5850 2820 5882 ²⁰
2848 5849 3012 5906 Num.
3045 5867 3121 5919 x1,
3161 5847 3266 5904 1-5.

3256 6390 3290 6394 Ἰ
3362 6389 3662 6398 ήήή
