3834 6350
190 421 312 479 917

189 533 318 586 Καὶ
384 527 463 600 ἦν
502 532 536 583 ό
565 530 718 595 λαὸς
761 526 1046 598 τογγύζων
1071 526 1340 582 ἑνσνυιον
1380 525 1617 592 Κυρίου,
1670 523 1763 574 καὶ
1793 537 1837 593 Α

186 623 449 690 ἤκουσε
498 622 731 688 Κύριος,
778 622 872 673 καὶ
919 621 1178 690 ἐθυμώθη
1223 620 1362 689 ὀργὴ
1409 618 1621 673 αὐτοῦ’
1667 620 1764 671 καὶ

185 711 521 775 ἐξεκαύθη
546 707 615 760 ἐν
659 707 859 772 αὐτοῖς
883 707 997 774 πῦρ
1019 708 1175 774 παρὰ
1210 709 1443 773 Κυρίου,
1477 707 1572 758 καὶ
1600 705 1764 758 κατέ-

185 815 366 866 gare
413 797 601 866 μέρος
642 795 752 862 τῆς
803 795 1191 864 παρεμϐολῆς.
1231 795 1338 850 Kal
1377 794 1693 862 ἐκέκραξεν
1736 797 1767 847 ό

186 887 365 950 λαὸς
390 885 546 951 πρὸς
575 883 829 949 Μωσῆνο
858 885 950 936 καὶ
975 884 1195 948 ηὔξατο
1236 882 1457 951 Μωσῆς
1481 883 1628 951 πρὸς
1657 884 1770 936 Κύ-

183 993 362 1044 ριον,
388 975 493 1028 xal
537 975 801 1027 ἐκόπασε
827 973 892 1026 τὸ
940 974 1075 1041 πῦρ.
1105 974 1210 1028 Kal
1240 973 1462 1040 ἐκλήθη
1500 973 1564 1025 τὸ
1589 973 1770 1039 ὄνομα

188 1066 312 1119 τοῦ
341 1066 546 1118 τόπου
566 1065 796 1117 ἐκείνου
829 1063 1252 1132 Ἐμπυρισμός,
1276 1063 1674 1128 ὅτι-ἐξεκαύθη
1703 1063 1772 1112 ὲν

188 1152 426 1217 αὐτοῖς
456 1151 580 1217 πῦρ
609 1151 768 1217 παρὰ
814 1152 1048 1218 Κυρίου.
1081 1152 1172 1202 Διὸ
1204 1151 1296 1204 καὶ
1326 1152 1382 1202 ὲν
1411 1150 1487 1218 τῷ
1510 1149 1642 1219 μετὰ
1673 1151 1773 1218 χεῖ-

193 1261 311 1314 ρας
353 1243 583 1313 εἴρηται
610 1260 625 1274 ·
660 1243 767 1294 Kal
797 1240 1027 1308 ἀνήφθη
1053 1242 1167 1308 πῦρ
1187 1242 1254 1294 ἐν
1280 1241 1490 1303 Ἰακὼϐ,
1517 1241 1611 1294 καὶ
1629 1240 1770 1307 ὀργὴ

189 1333 403 1400 ἀνέϐη
427 1332 534 1384 ἐπὶ
561 1332 668 1384 τὸν
702 1331 952 1398 Ἰσραὴλ,
977 1331 1063 1383 ὅτι
1083 1334 1190 1384 οὐκ
1215 1332 1579 1384 ἐπίστευσαν
1603 1330 1670 1382 ἐν
1695 1330 1775 1394 τῷ

192 1422 363 1485 Θεῷ,
395 1420 547 1474 οὐδὲ
593 1420 860 1487 ἤλπισαν
895 1420 990 1472 ἐπὶ
1029 1420 1094 1472 τὸ
1126 1419 1414 1487 σωτήριον
1441 1420 1641 1472 αὑτοῦ.
1665 1419 1774 1472 Kal

189 1512 565 1565 ἐνετείλατο
595 1509 874 1576 νεφέλαις
905 1509 1290 1576 ὑπεράνωθεν,
1324 1509 1418 1562 καὶ
1463 1510 1641 1576 θύρας
1679 1511 1777 1563 οὺ-

185 1597 407 1666 ρανοῦ
424 1597 673 1662 ἀνέῳξε.
703 1596 811 1649 Kal
840 1596 1074 1662 ἔϐρεξεν
1100 1598 1191 1650 ἐπ’
1213 1597 1429 1662 αὐτοὺς
1445 1597 1641 1665 μάννα
1669 1615 1775 1665 φα-

192 1688 366 1757 γεῖν,
395 1686 503 1738 καὶ
548 1686 729 1752 ἄρτον
773 1686 1026 1752 οὐρανοῦ
1076 1687 1291 1739 ἔδωκεν
1326 1687 1543 1752 αὐτοῖς.
1575 1689 1776 1754 Ἄρτον

192 1775 501 1845 ἀγγέλων
551 1773 771 1842 ἔφαγεν
814 1773 1130 1840 ἄνθρωπος.
1179 1775 1250 1826 Τὸ
1299 1775 1376 1838 δὲ,
1425 1776 1776 1828 Ἐνετείλατο

195 1865 514 1934 νεφέλαις
541 1863 936 1931 ὑπεράνωθεν,
967 1864 1286 1916 αἰνίττεσθαί
1323 1881 1408 1935 μοι
1439 1865 1582 1917 δοκεί
1611 1864 1774 1935 πρόσ-
1804 1893 1844 1946 Β

194 1973 412 2026 ταγμα
457 1953 704 2007 δεδόσθαι
754 1954 1064 2022 ἀγγελικαίς
1107 1954 1381 2023 δυνάμεσι,
1413 1957 1530 2016 ταῖς
1574 1956 1652 2016 είς
1708 1953 1775 2008 τὰ

195 2043 510 2117 παράδοξα
554 2044 673 2096 τότε
721 2044 1167 2112 διακονουμέναις,
1201 2046 1264 2096 δι’
1291 2039 1364 2096 ὧν
1393 2046 1484 2096 καὶ
1514 2043 1572 2096 τὸ
1606 2044 1776 2113 μάννα

194 2137 548 2206 ἐχορηγεῖτο
598 2132 676 2202 τῷ
713 2132 842 2202 λαῷ.
883 2134 1244 2202 Διδασκόμεθα
1287 2134 1340 2185 δὲ
1387 2134 1477 2185 καὶ
1512 2133 1772 2198 ἐντεῦθεν,

195 2227 280 2289 ὡς
323 2224 448 2294 ἄρα
482 2223 701 2290 νεφέλαι
722 2224 778 2275 αἱ
806 2223 1085 2290 άγγελικαὶ
1103 2223 1351 2292 δυνάμεις
1376 2223 1677 2292 κέκληνται,
1704 2223 1776 2286 ὡς

197 2317 304 2368 καὶ
341 2317 408 2366 ὲν
435 2313 516 2382 τῷ
569 2313 826 2380 φάσκοντι
856 2315 1102 2382 προφήτῃ
1129 2331 1142 2345 ·
1178 2313 1282 2365 Kal
1332 2313 1456 2378 ταῖς
1503 2313 1777 2380 νεφέλαις

194 2403 586 2470 ἐντελοῦμαι
631 2402 736 2454 τοῦ
795 2401 879 2470 μὴ
932 2401 1140 2468 βρέξαι
1207 2404 1292 2467 είς
1342 2402 1522 2455 αὐτὸν
1571 2404 1772 2455 ὑετόνο

196 2493 363 2546 ὥστε
399 2493 532 2554 τοὺς
582 2492 840 2558 ἀγγέλους
886 2491 1113 2544 νοεῖσθαι
1160 2491 1254 2554 τὰς
1307 2491 1558 2560 νεφέλας,
1597 2491 1779 2562 ὥσπερ

195 2579 300 2637 οὖν
329 2583 438 2635 καὶ
492 2580 745 2634 ἐνταῦθα.
791 2581 897 2632 Καὶ
930 2580 1072 2642 είκός
1102 2598 1161 2648 γε
1192 2577 1258 2650 ἦν
1289 2581 1373 2634 διὰ
1409 2582 1503 2651 μὲν
1535 2581 1778 2654 πονηρῶν

197 2671 515 2739 δυνάμεων
543 2667 642 2728 τὰς
692 2669 808 2717 κατ’
846 2666 1152 2733 Αἰγυπτίων
1186 2666 1540 2719 ἐπιτελεῖσθαι
1572 2666 1780 2735 πληγὰς

199 2761 368 2815 κατὰ
397 2759 494 2810 τὸν
521 2757 795 2825 φάσκοντα
835 2756 986 2824 λόγον
1010 2773 1024 2788 ο
1069 2756 1440 2811 Ἀπέστειλεν
1464 2760 1548 2822 εις
1568 2756 1781 2820 αὐτοὺς

200 2853 420 2922 ὀργὴν
444 2851 544 2902 καὶ
583 2848 792 2916 θυμὸν,
843 2848 1046 2914 θλίψιν
1071 2848 1162 2900 καὶ
1209 2847 1553 2914 ἀποστολὴν
1576 2846 1648 2898 δι’
1683 2847 1783 2914 ἀπε-

199 2944 425 3015 τέλων
483 2937 793 3006 πονηρῶν
831 2939 896 2990 τὰ
945 2938 999 2990 δὲ
1027 2940 1353 3010 χρηστότερα
1396 2939 1460 2991 δι’
1481 2939 1663 2991 αἰσίων
1693 2939 1783 2992 καὶ¹

199 3030 418 3096 δεξιῶν
445 3027 695 3095 ἀγγέλων
724 3026 1065 3094 γεγενῆσθαι.
1100 3027 1187 3078 Διὸ
1215 3026 1456 3078 λέλεκται
1480 3043 1492 3054 ·
1524 3026 1630 3078 Kal
1661 3027 1782 3078 ὲνεο

201 3123 476 3178 τείλατο
504 3115 784 3184 νεφέλαις
817 3115 1202 3182 ὑπεράνωθεν,
1220 3116 1505 3182 καὶθύρας
1528 3114 1781 3182 οὐρανοῦ

1295 413 1782 475 COMMENTABIA
1823 413 1888 467 IN
1923 409 2253 467 PSALMOS.

3283 387 3386 438 9l8

1865 531 2171 575 castrorum.
2201 517 2282 570 Et
2303 513 2543 568 clamauit
2583 508 2796 578 populus
2823 506 2890 560 ad
2925 501 3178 572 Moysem,
3207 509 3254 553 et
3286 515 3394 566 pre-

1864 620 2012 663 catus
2039 617 2114 662 est
2154 605 2357 674 Moyses
2386 601 2682 659 Dominum,
2710 605 2757 648 et
2787 592 3007 646 cessavit
3034 591 3188 660 ignis.
3212 587 3281 641 Et
3310 603 3394 640 vo-

1865 710 2038 753 catum
2062 707 2138 751 est
2167 711 2347 750 nomen
2367 692 2466 746 loci
2500 690 2665 751 illius,
2697 683 3018 745 Incendium,
3053 680 3172 749 quia
3199 677 3393 730 exarsit

1865 793 1919 845 in
1965 791 2039 844 eis
2090 789 2222 857 ignis
2280 801 2314 837 a
2357 780 2598 836 Domino.
2648 775 2982 843 Quapropter
3039 769 3093 822 in
3149 764 3396 836 praesenti

1866 879 2072 948 psalmo
2091 852 2288 929 dictum
2311 876 2432 925 est:
2487 864 2553 918 Et
2589 877 2829 916 accensus
2857 869 2931 912 est
2962 857 3095 926 ignis
3130 855 3182 907 in
3211 852 3394 914 Iacob,

1866 943 1916 1019 et
1969 965 2050 1016 ira
2100 958 2329 1015 ascendit
2369 957 2424 1009 in
2457 952 2647 1015 Israel,
2705 945 3086 1019 (Vens.22-25)
3138 943 3257 1011 quia
3299 956 3399 993 non

1867 1053 2192 1109 crediderunt
2227 1049 2278 1100 in
2309 1046 2438 1108 Deo,
2467 1059 2557 1096 nec
2587 1045 2912 1109 speraverant
2941 1035 2993 1086 in
3015 1031 3238 1086 salutari
3264 1028 3413 1096 ejus..

1869 1144 1936 1196 Et
1964 1140 2226 1195 mandavit
2256 1135 2473 1191 nubibus
2493 1133 2724 1198 desuper,
2754 1136 2802 1182 et
2824 1127 3018 1194 januas
3043 1121 3154 1174 coeli
3179 1118 3398 1186 aperuit.

1871 1233 1938 1287 Et
1965 1233 2095 1299 pluit
2145 1229 2260 1283 illis.
2281 1241 2473 1279 manna
2521 1221 2588 1274 ad
2633 1214 3069 1274 manducandum,
3114 1219 3162 1264 et
3218 1221 3401 1276 panem

1839 1298 1982 1375 nauali
2007 1318 2146 1373 dedit
2180 1319 2276 1371 eis.
2310 1315 2503 1366 Panem
2533 1308 2830 1379 angelorum
2868 1300 3194 1356 manducavit
3227 1298 3398 1351 homo.

1869 1409 2004 1464 Illud
2033 1417 2230 1470 autem,
2263 1403 2529 1457 Mandavit
2557 1398 2772 1453 nubibus
2801 1397 3036 1461 desuper,
3065 1387 3404 1445 subindieare

1869 1500 2078 1556 videtur
2107 1497 2256 1559 mihi,
2298 1493 2606 1548 mandatum
2637 1486 2893 1557 angelicis
2930 1481 3239 1543 virtutibus,
3283 1492 3402 1546 quae

1873 1591 1938 1646 ad
1984 1589 2224 1661 prodigia
2277 1583 2481 1640 edenda
2527 1589 2655 1633 tunc
2704 1573 3098 1633 ministrabant,
3149 1568 3402 1622 traditum

1871 1658 2010 1743 esse,
2033 1687 2084 1733 et
2107 1678 2174 1730 ab
2204 1676 2307 1730 illis
2339 1673 2532 1743 p0pulo
2559 1681 2754 1723 manna
2787 1661 3182 1733 suppeditatum
3213 1658 3381 1711 fuisse

1873 1773 2008 1826 Hinc
2040 1771 2166 1824 item
2194 1767 2479 1821 edocemor
2511 1759 2779 1830 angelicas
2806 1756 3034 1810 virtutes
3071 1750 3206 1805 forte
3233 1748 3406 1802 nubes

1873 1867 2086 1916 vocatas
2128 1858 2312 1919 fuisse,
2365 1847 2810 1923 quemadmodum
2843 1852 2896 1899 et
2937 1845 2988 1896 in
3023 1842 3280 1912 propheta
3312 1839 3414 1908 qni-

1875 1951 1989 2003 ait:
2025 1945 2092 1999 Et
2124 1943 2342 1997 nubibus
2383 1938 2640 1993 mandabo
2674 1952 2734 1990 ne
2757 1934 2935 2003 pluant
2975 1947 3137 1998 super
3155 1945 3269 1983 eam
3307 1928 3408 1980 im-

1876 2042 2013 2094 brem
2051 2038 2092 2068 ²¹
2121 2055 2134 2091 :
2166 2036 2238 2089 ita
2267 2040 2325 2086 ut
2354 2030 2522 2099 angeli
2544 2029 2712 2080 nubes
2737 2039 2856 2079 esse
2876 2022 3258 2089 intelligantur,
3285 2033 3408 2087 per-

1875 2129 1999 2183 inde
2051 2135 2210 2195 atque
2240 2124 2292 2177 in
2315 2122 2417 2174 hoc
2444 2122 2562 2172 loco
2591 2135 2602 2170 :
2633 2131 2695 2168 ac
2718 2130 2812 2184 par
2839 2119 2952 2166 erat
2979 2126 3008 2164 a
3036 2109 3280 2179 malignis
3304 2107 3410 2160 vir-

1875 2218 2075 2272 tutibus
2113 2215 2294 2284 plagas
2322 2209 2586 2280 Egyptiis
2627 2203 2814 2272 inﬂigi,
2842 2210 2899 2256 ut
2931 2201 3017 2254 his
3059 2197 3405 2254 enuntiatur:

1875 2309 2022 2363 Misit
2056 2309 2106 2360 in
2128 2323 2211 2361 eos
2243 2306 2376 2356 iram
2405 2310 2451 2353 et
2483 2300 2707 2366 furorem
2732 2303 2780 2347 et
2814 2290 3220 2350 tribulationem,
3243 2296 3288 2338 et
3311 2286 3409 2337 im-

1877 2399 2167 2453 missionem
2199 2410 2288 2464 per
2317 2391 2522 2460 angelos
2553 2387 2748 2449 malos;
2777 2392 2960 2437 contra
3003 2394 3130 2434 vero
3158 2392 3274 2447 qua:
3304 2390 3413 2428 me-

1877 2491 2010 2545 liora
2040 2494 2194 2543 erant
2232 2499 2326 2554 per
2356 2482 2558 2535 faustos
2587 2479 2890 2547 prohosque
2911 2471 3126 2542 angelos
3147 2466 3408 2538 przestari.

1879 2579 2053 2644 Quare
2089 2574 2305 2633 dicitur,
2338 2569 2404 2623 Et
2437 2567 2698 2622 mandavit
2745 2562 2962 2617 nubibus
2997 2559 3229 2625 desuper.
3259 2565 3305 2608 et
3333 2555 3416 2623 ja-

1880 2685 2010 2722 nuas
2057 2665 2169 2720 σαιίὶ
2223 2662 2442 2730 aperuit.
2499 2658 2702 2712 Januas
2752 2653 2874 2710 cceli
2928 2659 3138 2720 apertas
3176 2645 3414 2700 caelestia

1879 2771 2042 2827 opera
2069 2769 2188 2809 esse
2216 2751 2544 2806 existimato.
2577 2743 2768 2800 Omnia
2805 2741 3000 2810 quippe
3027 2752 3145 2806 quae
3181 2730 3410 2787 mirabili

1879 2825 2036 2902 modo
2063 2861 2092 2898 a
2110 2845 2218 2898 Deo
2247 2840 2689 2911 perpetrabantur
2703 2833 2882 2888 divina
2904 2837 2955 2884 et
2981 2825 3217 2882 ccelestia
3239 2829 3413 2884 erant,

1881 2952 1997 3007 qua:
2025 2949 2144 2989 cum
2170 2948 2276 2986 non
2305 2931 2510 2993 tierent,
2535 2924 2842 2980 hominibus
2865 2918 3276 2976 claudebantur;
3293 2925 3420 2964 cum

1882 3005 2055 3076 autem
2089 3011 2351 3088 stupenda
2399 3017 2602 3068 ratione
2635 3011 2775 3066 edita
2809 3015 2967 3069 sunt,
3004 3005 3084 3060 sic
3115 3018 3211 3058 ceu
3255 3013 3418 3068 quas-

1883 3111 2002 3164 dam
2051 3109 2297 3163 caelestes
2326 3105 2520 3174 ianuas
2557 3100 2686 3170 ipsis
2720 3097 3008 3152 reserabat.
3039 3091 3145 3144 Pro
3183 3089 3273 3143 illo
3319 3101 3418 3139 au-

201 3211 478 3281 ἀνέῳξε.
529 3207 710 3276 Θύρας
748 3178 1048 3275 δὲοὺρανοῦ
1079 3178 1458 3275 άνοιγνυμένας
1481 3178 1609 3267 -τὰς-
1633 3206 1782 3274 οὐρα-

1884 3208 2012 3259 tem,
2059 3198 2255 3251 Panem
2287 3195 2584 3264 angelorum
2627 3187 2953 3242 manducavit
3003 3184 3172 3246 homo,
3203 3178 3410 3248 Aquila,

204 3301 375 3361 νίους
402 3297 518 3350 νόει
553 3292 794 3365 πράξεις.
821 3294 1000 3344 Πάντα
1016 3293 1119 3364 γὰρ
1143 3293 1210 3344 τὰ
1237 3293 1542 3362 παραδόξως
1571 3293 1672 3344 ὑπὸ
1693 3291 1782 3344 τοῦ

205 3389 362 3445 Θεοῦ
419 3385 786 3456 πεπραγμένα
829 3383 944 3435 θεῖα
980 3382 1072 3437 καὶ
1119 3382 1338 3452 οὐράνια
1395 3378 1496 3452 ἦν·
1524 3381 1559 3435 ἃ.
1603 3381 1665 3452 δὴ
1695 3382 1785 3434 καὶ

206 3476 549 3550 ἀνθρώποις
606 3473 1004 3534 άποκὲκλειστο,
1051 3471 1137 3522 ὅτε
1173 3470 1246 3540 μὴ
1301 3472 1538 3538 ἐγίγνετο
1561 3486 1575 3501 ο
1614 3472 1700 3524 ὅτε
1731 3471 1785 3522 δὲ

207 3565 558 3640 ⁸παραδόξως
600 3564 860 3631 ἐγίγνετο,
889 3558 1072 3630 ὥσπερ
1103 3558 1268 3629 θύρας
1319 3560 1467 3622 τινὰς
1513 3560 1788 3630 οὐρανίους

209 3662 479 3728 ἀνέῳγεν
531 3655 733 3725 αὐτοῖς.
793 3650 936 3702 Ἀντὶ
976 3649 1031 3700 δὲ
1085 3648 1175 3700 τοῦ
1199 3687 1212 3712 ,
1269 3650 1470 3715 Ἄρτον
1525 3649 1787 3718 ἀγγέλων

210 3752 463 3821 ἔφαγεν
510 3743 834 3810 ἄνθρωπος,
879 3742 906 3792 6
947 3737 1190 3803 Ἀκύλας,
1226 3740 1425 3805 Ἄρτον
1479 3737 1788 3791 δυναστῶν

211 3843 464 3910 ἔφαγεν
484 3832 665 3900 ἀνὴρ,
696 3831 1032 3900 ὴρμήνευσεν
1088 3829 1115 3879 6
1139 3828 1194 3879 δὲ
1213 3827 1518 3897 Σύμμαχος,
1543 3828 1648 3880 Kal
1681 3845 1787 3881 πυ-

206 3932 338 4005 ρὸν
385 3923 678 3992 οὐράνιον
726 3919 1024 3986 παρέσχεν
1063 3917 1279 3981 αὐτοῖς,
1315 3916 1490 3983 ἄρτον
1519 3917 1788 3986 μεγάλων

215 4023 470 4090 ἔφαγεν
536 4014 858 4078 ἄνθρωπος.
910 4009 1015 4060 Καὶ
1069 4009 1219 4078 τήρει
1265 4009 1408 4069 ὅπως
1450 4011 1482 4078 ἡ
1533 4008 1786 4079 Ἐϐραῖκὴ

217 4107 392 4181 φωνὴ
432 4107 497 4157 οὐ
560 4101 799 4172 περιέχει
839 4099 920 4162 τὸ,
959 4100 1170 4166 Ἀρτον
1205 4097 1498 4165 ἀγγέλωνο
1539 4098 1647 4150 ἀλλ’
1675 4099 1786 4168 ἦτοι

218 4199 380 4255 κατὰ
420 4196 516 4248 τὸν
584 4191 830 4254 Ἀκύλαν,
862 4190 1039 4256 ἄρτον
1067 4188 1406 4241 δ-υναστῶνο
1461 4187 1494 4257 ἢ
1525 4186 1662 4239 κατὰ
1699 4187 1787 4238 τὸν

218 4290 562 4357 Σύμμαχον,
592 4279 772 4346 ἄρτον
786 4275 1082 4346 μεγάλων·
1115 4275 1146 4344 ἢ
1174 4276 1309 4327 κατὰ
1329 4275 1418 4327 τὸν
1449 4275 1786 4339 θεοδοτίωνα,

221 4378 426 4446 ἄρτον
481 4367 796 4425 δυναστῶν
822 4386 837 4399 ο
886 4364 1083 4435 ἢκατὰ
1128 4364 1221 4434 τὴν
1271 4365 1522 4436 πέμπτην
1564 4365 1787 4429 ἔκδοσιν,

221 4467 428 4534 ἄρτον
455 4457 794 4515 δυναστῶν.
837 4455 1114 4524 Ἆγγέλων
1139 4455 1212 4518 δὲ,
1227 4456 1408 4517 ὀὐδεὶς
1433 4456 1785 4526 ἡρμήνευσεν.

238 4555 407 4608 Ἐπεὶ
465 4549 605 4621 μηδὲ
654 4546 716 4598 τὸ
749 4545 1029 4615 Ἐὄραῖκὸν
1075 4545 1256 4597 τοῦτον
1294 4545 1522 4617 ἔχειτὸν
1576 4545 1788 4616 τρόπον,

226 4647 324 4699 ἵνα
355 4642 434 4711 μή
464 4656 549 4701 τις
599 4636 796 4706 νομίσῃ
835 4635 925 4686 καὶ
975 4634 1071 4696 τὰς
1103 4633 1388 4701 άγγελικὰς
1426 4635 1674 4704 δυνάμεις
1706 4634 1789 4686 al-

229 4734 418 4803 σθητῇ
441 4727 677 4799 χρῆσθαι
701 4726 890 4796 τροφῇ.
915 4723 1196 4792 Μέμφεται
1227 4724 1281 4776 δὲ
1312 4726 1404 4776 καὶ
1435 4726 1462 4776 6
1490 4725 1673 4794 Σωτὴρ
1706 4723 1795 4776 καὶ

228 4822 453 4891 Κύριος
506 4815 662 4884 ἡμῶν
695 4816 750 4866 ἐν
785 4811 1126 4879 Εὑαγγελίοις
1173 4815 1282 4875 τοῖς
1338 4811 1656 4882 νομίζουσιν,
1715 4815 1793 4865 ὅτι

232 4908 497 4978 ἀγγέλων
538 4899 604 4972 ἦν
653 4900 825 4971 τροφὴ
879 4899 938 4950 τὸ
979 4899 1035 4949 ἐν
1061 4901 1125 4967 τῇ
1173 4899 1358 4968 ὲρήμιιο
1400 4899 1693 4969 χορηγηθὲν
1718 4899 1793 4968 τῷ

230 4999 356 5070 λαῷ
396 4996 578 5068 μάννα
606 5009 618 5021 ·
662 4991 740 5043 διὸ
774 4989 952 5055 ἔλεγεν
980 5007 987 5014 ·
1041 4986 1239 5054 Ἀμὴν,
1268 4987 1424 5055 ἀμὴν
1441 4987 1589 5055 λέγω
1612 4987 1750 5055 ὑμῖν
1775 5005 1789 5019 .

233 5090 316 5142 οῦ
347 5081 579 5148 Μωσῆς
624 5078 879 5131 δέδωκεν
908 5074 1044 5141 ὑμῖν
1063 5074 1165 5125 τὸν
1200 5074 1375 5140 ἄρτον
1410 5075 1476 5126 ἐκ
1498 5074 1601 5126 τοῦ
1623 5077 1794 5142 οὐρα-

235 5176 355 5230 νοῦ
398 5172 512 5226 τὸν
565 5167 854 5232 ἀληθινόν
873 5180 886 5193 °
921 5163 1012 5217 καὶ
1038 5163 1192 5215 πάλιν
1219 5180 1246 5193 κ
1277 5167 1336 5215 Ol
1374 5163 1614 5228 πατέρες
1636 5164 1796 5232 ὑμῶν

234 5264 478 5331 ἔφατον
493 5258 563 5310 ἐν
584 5253 659 5321 τῇ
690 5251 883 5318 ἐρήμῳ
907 5249 969 5301 τὸ
992 5249 1208 5316 μάννα,
1235 5251 1327 5301 καὶ
1359 5247 1669 5303 ἀπέθανον.
1696 5247 1798 5306 Οὖ-

236 5354 348 5418 τός
377 5351 557 5403 ἐστιν
587 5347 620 5396 ό
645 5343 821 5407 ἄρτος
850 5341 880 5389 d
905 5337 970 5389 ἐκ
1003 5337 1105 5390 τοῦ
1135 5337 1389 5404 οὐρανοῦ
1419 5339 1793 5405 καταϐαίνων,

236 5444 346 5495 ἵνα
370 5437 462 5502 τις
485 5435 556 5497 ἐξ
575 5428 763 5484 αὐτοῦ
794 5427 950 5493 φάγῃ
982 5428 1075 5478 καί
1109 5427 1192 5494 μὴ
1216 5424 1578 5490 ἀποθνήσκῃ.
1609 5428 1670 5479 El
1700 5430 1799 5499 μὲν

239 5527 360 5594 οὖν,
393 5518 844 5594 φησὶν,οὺράνιος
871 5511 934 5581 ἦν
965 5515 1142 5584 ἄρτος,
1175 5511 1220 5583 ᾧ
1245 5516 1606 5586 χρῆσθαιτοὺς
1639 5518 1797 5587 ἀγγέ-

744 5693 788 5722 ¹²
816 5689 964 5742 Joan.
997 5707 1066 5755 νι,
1097 5694 1188 5745 52..

318 5707 359 5736 ει
389 5701 496 5754 15³,
528 5715 583 5759 ν,
613 5695 664 5746 6.
744 5693 788 5722 ¹²
816 5692 964 5742 Joan.
997 5707 1066 5755 νι,
1097 5694 1188 5745 52..
1256 5695 1299 5724 ’³
1320 5693 1444 5747 ἰὺίίί.
1471 5692 1554 5758 49,
1589 5692 1676 5747 50.

1888 3289 2084 3343 Panem
2140 3287 2424 3355 potentiunt
2479 3278 2809 3333 manducavit
2864 3276 2970 3338 vir,
3033 3272 3416 3339 interpretatus

1882 3385 1996 3443 est;
2032 3374 2384 3447 Symmachus
2423 3385 2571 3432 vero,
2603 3366 2670 3420 Et
2704 3367 3017 3434 frumentum
3047 3359 3243 3413 caeleste
3283 3371 3418 3424 pra:-

1885 3470 1990 3522 buit
2011 3470 2104 3533 eis,
2133 3481 2315 3534 panem
2340 3476 2640 3532 magnorum
2671 3455 2993 3510 manducavit
3027 3452 3190 3506 homo.
3217 3447 3440 3500 Νοιςιιιρ.

1883 3559 2006 3612 dum
2035 3566 2202 3611 autem
2233 3552 2548 3606 Hebraicam
2582 3561 2762 3601 vocem
2788 3559 2893 3598 non
2918 3543 3115 3595 habere
3139 3537 3288 3600 illud,
3323 3553 3415 3608 pa-

1883 3666 1994 3703 nem
2042 3646 2371 3714 angelorum;
2401 3639 2493 3694 sed
2522 3638 2633 3692 sive
2679 3631 2968 3689 secundum
3026 3628 3290 3697 Aquilam,
3323 3640 3421 3691 pa-

1883 3755 1995 3791 nem
2014 3735 2331 3804 potentium;
2355 3730 2466 3784 sive
2497 3725 2791 3782 secundum
2821 3719 3218 3791 Symmachum,
3237 3729 3420 3783 panem

1885 3829 2221 3892 magnorum;
2253 3819 2365 3874 sive
2411 3813 2705 3870 secundum
2753 3808 3196 3868 Theodolionem,
3235 3818 3433 3871 panem.

1881 3912 2160 3981 potentium
2184 3923 2199 3972 ;
2219 3908 2297 3962 vel
2330 3904 2619 3960 secundum
2642 3902 2880 3970 quintam
2905 3897 3210 3956 editionem,
3238 3907 3424 3960 panem

1883 4001 2180 4071 potentium.
2222 3995 2533 4066 Angelorum
2575 4005 2700 4045 vero
2731 3989 2865 4041 alius
2913 3999 3068 4038 nemo
3103 3985 3423 4049 interpreta-

1886 4069 1974 4146 tus
2005 4098 2106 4152 est,
2140 4088 2267 4157 quia
2306 4084 2624 4138 Ilebraicum
2653 4077 2920 4145 exemplar
2965 4087 3072 4125 non
3107 4072 3185 4124 sic
3229 4069 3419 4132 habet;

1885 4189 1945 4234 ut
1969 4195 2035 4234 ne
2062 4179 2183 4248 quis
2215 4177 2503 4231 arbitretur
2535 4171 2801 4241 angelicas
2839 4166 2997 4220 etiam
3027 4163 3252 4216 virtutes
3293 4173 3420 4212 seu-

1886 4270 2072 4324 sili.uti
2120 4269 2390 4322 alimento.
2430 4266 2484 4319 In
2518 4260 2820 4331 Evangeliis
2869 4263 3044 4309 autem
3076 4252 3326 4306 Servalor
3367 4257 3422 4302 et

1887 4359 2144 4414 Dominus
2174 4366 2355 4412 noster
2394 4373 2487 4410 eos
2525 4351 2784 4424 coarguit,
2808 4349 2896 4417 qui
2941 4350 3186 4413 putarent
3226 4357 3422 4394 manna

1891 4452 2085 4520 populo
2136 4451 2190 4503 in
2240 4447 2526 4504 solitudine
2576 4440 3075 4497 subministratum,
3115 4434 3424 4502 angelorum

1821 4529 1864 4586 ι)
1891 4555 2008 4594 esse
2033 4541 2242 4606 cibum;
2266 4553 2431 4607 quare
2457 4535 2646 4588 dicit”
2681 4550 2694 4584 :
2725 4530 2904 4590 Amen,
2937 4543 3085 4580 amen
3119 4526 3233 4578 dico
3265 4524 3423 4587 vobis,

1894 4649 1993 4685 non
2012 4630 2214 4700 Moyses
2246 4628 2384 4682 dedit
2402 4626 2536 4680 vobis
2548 4638 2728 4693 partem
2752 4619 2812 4673 de
2828 4621 2949 4672 caelo
2966 4635 3021 4672 ve
3033 4633 3180 4680 rum;
3216 4631 3278 4670 ac
3304 4629 3426 4668 rur-

1895 4736 2012 4773 sum
2046 4721 2127 4774 ²³ι
2159 4719 2344 4771 Patres
2380 4717 2532 4769 vestri
2559 4713 2994 4767 manducaverunt
3040 4724 3230 4762 manna
3258 4707 3307 4758 in
3335 4705 3426 4757 de-

1893 4817 2049 4872 serto,
2081 4816 2129 4861 et
2170 4806 2362 4860 mortui
2393 4813 2533 4858 sunt.
2574 4802 2678 4856 llic.
2707 4812 2783 4855 est
2825 4802 2971 4875 panis
3003 4799 3090 4868 qui
3117 4798 3178 4849 de
3199 4795 3319 4848 cozlo
3340 4793 3429 4847 de-

1893 4897 2110 4962 scendit,
2145 4908 2200 4951 ut
2227 4898 2274 4950 si
2301 4897 2412 4965 quis
2453 4910 2515 4949 ex-
2551 4895 2661 4962 ipso
2695 4891 2986 4952 manducet,
3021 4905 3121 4941 non
3151 4886 3426 4938 moriatur.

1897 4985 1953 5040 Si
1997 4987 2196 5056 itaque,
2231 4985 2322 5050 ait,
2354 4983 2605 5039 ccelestis.
2622 4988 2764 5036 esset
2800 4980 2953 5048 panis
2979 4991 3083 5046 quo
3111 4975 3188 5028 uti
3213 4976 3428 5044 angelos

1895 5076 2184 5140 verisimile
2204 5083 2306 5134 est.
2342 5086 2672 5142 nequaquam
2699 5069 2898 5124 mortui
2922 5074 3100 5122 essent
3127 5064 3217 5134 qui
3254 5079 3317 5116 ex
3340 5063 3430 5115 illo

1897 5181 2032 5234 pane
2061 5166 2111 5219 in
2151 5165 2362 5218 deserto
2395 5168 2741 5232 gustaverant
2768 5178 2778 5213 :
2811 5166 2863 5211 at
2893 5159 3016 5227 quia
3041 5172 3139 5210 nec
3169 5154 3425 5215 C(elcstis,

1898 5272 1993 5308 nec
2027 5270 2148 5309 vero
2186 5253 2338 5323 panis
2371 5253 2680 5322 angelorum
2713 5257 2847 5313 erat,
2885 5250 3002 5302 ideo
3044 5245 3236 5301 mortui
3285 5251 3425 5298 sunt.

1899 5344 1994 5396 Hic
2024 5360 2146 5398 vere
2189 5344 2428 5397 cmlestis
2471 5341 2625 5410 panis
2657 5350 2760 5403 est,
2804 5339 2959 5406 cujus
2991 5321 3233 5406 quisquis
3268 5337 3432 5398 parua

1899 5449 2026 5503 ceps
2074 5433 2267 5494 fuerit,
2317 5445 2586 5498 nunquam
2637 5430 2913 5482 morietur.
2962 5428 3093 5492 Quis
3137 5427 3224 5479 hic
3279 5425 3432 5486 panis

1899 5529 2042 5577 esset
2067 5521 2221 5574 docet
2257 5520 2340 5573 his
2369 5519 2542 5574 verbis
2578 5536 2589 5571 :
2626 5518 2788 5572 Panis
2823 5528 2991 5571 autem
3024 5515 3117 5569 Dei
3149 5525 3221 5570 est
3255 5515 3340 5584 qui
3368 5513 3440 5571 de,
