3834 6384
470 410 578 464 9l9
1124 407 1386 464 EUSEBH
1423 409 1888 464 CESARIENSIS
1925 410 2070 466 OPP.
2112 409 2294 465 PARS
2331 408 2416 464 Ill.
2453 434 2524 450 -ο
2559 396 2976 464 EXEGETICA.
3566 409 3646 462 πο

476 522 602 576 calo
641 520 919 584 descendit,
951 523 1038 590 qui
1066 522 1158 574 dat
1187 523 1343 574 vitam
1383 523 1576 577 mundo
1598 526 1664 579 ’⁸.
1697 524 1749 578 ld
1774 526 1898 580 item
1931 524 2021 580 de-

2122 519 2250 589 ᾳουξ
2280 524 2445 587 εἰκὸς,
2476 524 2582 576 οὐδ’
2611 524 2676 577 ἂν
2707 522 2992 576 ἀπέθανον
3023 520 3073 571 οἱ
3105 519 3164 570 ἐν
3195 519 3260 588 τῇ
3299 517 3476 587 ιρήμιει
3514 535 3639 588 μετα-

477 611 647 665 clarat
668 612 852 664 dicens
880 631 891 662 :
928 610 1036 678 Ego
1063 627 1176 662 sunt
1203 612 1352 678 panis
1384 615 1498 666 vita:
1523 627 1541 664 :
1574 614 1661 682 qui
1693 615 1823 666 venit
1852 615 1919 667 ad
1940 630 2018 668 me

2122 615 2338 682 σχόντες
2385 614 2546 684 ἄρτου
2568 629 2581 644 ο
2611 613 2704 664 νῦν
2746 611 2806 663 δὲ
2861 609 2990 661 ἐπεὶ
3015 608 3121 660 οὐκ
3157 602 3228 676 ἦν
3273 607 3524 676 οὐράνιος,
3555 610 3650 660 οὐδὲ

477 716 579 752 non
600 701 806 762 esuriet,
842 708 889 750 et
908 700 994 766 qui
1025 698 1184 751 credit
1207 700 1259 751 in
1285 716 1362 752 me
1384 717 1485 753 non
1512 701 1648 754 sitiet
1677 718 1899 771 unquam
1923 705 1967 735 "
1997 721 2012 768 ;

2122 701 2185 773 ἦν
2213 703 2423 772 ἀληθῶς
2449 704 2606 772 ἄρτος
2633 699 2904 768 ἀγγέλων,
2928 697 3020 750 διὰ
3041 694 3202 748 τοῦτο
3229 695 3500 748 ἀπέθανον.
3518 692 3649 759 θῦτος

478 803 540 840 ac
574 803 788 840 rursum
824 805 838 840 :
872 787 984 856 Ego
1020 804 1134 840 sum
1165 790 1313 856 panis
1361 792 1499 844 vivus
1529 793 1617 860 qui
1663 792 1726 845 de
1761 793 1885 846 caelo
1930 793 2019 846 de-

2122 794 2172 845 δέ
2206 796 2351 845 ἐστιν
2382 790 2594 860 ἀληθῶς
2607 789 2860 859 οὐράνιος
2890 786 3085 855 ἄρτος,
3117 776 3224 835 οὖὸ
3253 783 3555 851 μεταλαϐὼν.
3576 787 3651 836 οὐκ

475 877 668 933 scendi.
706 876 764 930 St
793 879 906 946 quis
951 879 1336 933 manducauerit
1391 897 1454 934 e1:
1493 897 1624 950 pane
1651 899 1781 946 meo,
1813 884 1937 936 vivet
1964 885 2016 935 in

480 973 723 1019 wternum
745 968 808 1020 ".
838 965 1017 1036 Itaque
1033 971 1284 1038 angelicae
1299 985 1514 1039 quoque
1540 972 1766 1026 virtutes
1797 987 1863 1026 ex
1893 987 2016 1041 par-

477 1060 783 1128 ticipatione
822 1060 976 1116 Verbi
1007 1063 1112 1116 vita
1163 1063 1415 1117 fruuntur
1441 1073 1660 1118 aeterna.
1686 1064 1815 1117 Nam
1843 1066 2012 1118 solum

477 1148 804 1218 unigenitum
845 1150 934 1205 Dei
969 1149 1226 1215 Verbum,
1280 1153 1616 1208 rationabilis
1661 1155 1836 1210 omnis
1885 1155 2013 1209 sub-

476 1239 687 1291 stantia:
729 1239 1040 1293 alimentum
1090 1250 1194 1298 est.
1234 1242 1589 1310 Quamobrem
1633 1245 1874 1313 apposite
1915 1243 2016 1296 He—

478 1328 660 1382 braica
691 1330 849 1382 lectio
892 1329 946 1382 in
977 1333 1223 1398 praesenti
1254 1347 1358 1384 nou
1414 1332 1573 1386 habet
1623 1333 1777 1396 illud,
1825 1333 2055 1386 Panem-

479 1421 778 1490 angelorum
806 1422 1133 1474 manducavit
1165 1421 1335 1475 homo.

2118 881 2182 933 ἂν
2203 880 2459 934 ἀποθάνοι
2503 879 2652 931 ποτέ.
2689 877 2800 930 Καὶ
2820 875 2910 938 τίς
2944 869 3106 936 οὗτος
3130 869 3199 943 ἦν
3227 872 3457 926 διδάσκει
3484 873 3646 942 λέγων·

2131 976 2182 1026 Ὀ
2228 973 2338 1043 γὰρ
2375 973 2550 1039 ἄρτος
2581 970 2687 1023 τοῦ
2738 969 2889 1021 Θεοῦ
2955 967 3134 1019 ἐστιν
3164 969 3196 1019 ό
3230 966 3572 1018 καταϐαίνων
3601 967 3650 1018 ἐκ

2116 1062 2219 1116 τοῦ
2267 1061 2523 1128 οὐρανοῦ
2571 1059 2670 1112 καὶ
2733 1057 2892 1124 ζωὴν
2947 1055 3162 1120 διδοὺς
3195 1053 3276 1120 τῷ
3300 1055 3518 1123 κόσμῳ·
3543 1073 3648 1125 παρ·

2127 1153 2303 1223 ἔστησε
2330 1169 2388 1204 τε
2409 1151 2567 1204 αὑτὸν
2584 1150 2788 1217 λέγων’
2805 1146 2962 1216 Ἐγώ
2986 1149 3106 1214 ειμι
3131 1149 3162 1198 ὀ
3183 1145 3356 1212 ἄρτος
3384 1143 3482 1210 τῆς
3511 1145 3646 1212 ζωῆς-⁸

2118 1246 2150 1296 ό
2176 1244 2491 1311 ἐρχόμενος
2525 1240 2675 1308 πρὸς
2702 1237 2782 1308 μέ
2821 1241 2898 1291 οὺ
2931 1237 3022 1305 μὴ
3069 1233 3362 1297 πεινάσει,
3399 1235 3488 1287 καὶ
3526 1237 3554 1288 ό
3589 1250 3650 1288 κι-

2116 1336 2344 1385 στεύων
2366 1335 2450 1397 εἰς
2481 1332 2606 1401 ἐμὲ,
2639 1333 2712 1383 οὐ
2753 1329 2842 1398 μὴ
2881 1327 3141 1396 διψήσει
3196 1325 3450 1378 πώποτε·
3484 1328 3562 1377 καὶ
3584 1321 3650 1378 αὖ·

2119 1423 2200 1484 θις
2225 1439 2240 1454 ο
2292 1421 2434 1490 Ἐγώ
2458 1425 2572 1490 εἰμι
2596 1424 2628 1474 ό
2660 1420 2846 1487 ἇρτος
2896 1422 2930 1472 ό
2977 1416 3093 1478 ζῶν
3124 1420 3156 1470 ό
3189 1417 3257 1468 ἐκ
3302 1415 3402 1496 τοῦ
3446 1413 3649 1482 οὐρανοῦ

475 1515 746 1580 καταϐάς.
786 1515 923 1568 Ἐάν
968 1534 1054 1582 τις
1084 1516 1238 1583 φάγῃ
1278 1516 1345 1568 ἐκ
1379 1515 1482 1568 τοῦ
1514 1516 1656 1584 ἐμοῦ
1677 1517 1854 1582 ἄρτου
1873 1556 1888 1580 ,
1919 1517 2149 1582 ζήσεται
2173 1519 2258 1582 εις
2287 1517 2390 1569 τὸν
2413 1514 2614 1568 celebra.
2639 1514 2856 1567 οὐκοῦν
2884 1514 2985 1566 καὶ
3011 1514 3069 1565 αἱ
3123 1512 3404 1580 ἀγγελικαὶ
3451 1511 3649 1579 δυνάμεις

452 1609 537 1659 tu
552 1609 645 1677 τῆς
672 1608 761 1661 τοῦ
795 1610 960 1676 Λόγου
992 1609 1335 1679 μεταλήψεως
1389 1608 1597 1662 αἰώνιον
1659 1610 1798 1679 ζωὴν
1853 1610 2202 1680 καρποῦνται.
2249 1609 2419 1671 Μόνος
2447 1603 2564 1678 γὰρ’
2587 1610 2615 1660 ὁ
2642 1609 2952 1679 μονογενὴς
2998 1607 3097 1660 τοῦ
3127 1605 3262 1659 Θεοῦ
3320 1606 3480 1673 Λόγος
3518 1605 3649 1674 πάσης

474 1701 688 1770 λογικῆς
732 1700 912 1764 οὐσίας
963 1702 1241 1772 θρεπτικὸς
1291 1702 1558 1771 τυγχάνει.
1616 1703 1808 1771 Διόπερ
1865 1705 2102 1773 ἀκριϐῶς
2162 1705 2195 1772 ἡ
2263 1701 2518 1772 Ἐὁραῖκὴ
2572 1702 2891 1768 ἀνάγνωσις
2968 1702 3030 1753 ὲν
3071 1703 3184 1762 τοῖς
3241 1696 3647 1770 προκειμένοιςώ

477 1791 707 1863 περιέχει
725 1792 801 1854 τὸ,
839 1794 1040 1860 Ἄρτον
1066 1793 1331 1860 ἀγγέλων
1356 1794 1572 1862 ἔφαγεν
1591 1794 1912 1860 ἅνθρωπος.

547 1907 708 1961 Vens.
755 1906 940 1962 illi-5|.
982 1907 1195 1961 Cibaria
1247 1909 1388 1961 misit
1436 1909 1508 1962 eis
1563 1908 1630 1960 ad
1672 1911 2019 1962 saturitatem.
2058 1918 2094 1969 lt

478 2001 767 2055 Transtulit
793 2001 1039 2054 Austrum
1061 2001 1123 2054 de
1154 2002 1298 2063 caelo,
1322 2012 1370 2055 et
1393 2001 1598 2054 induxit
1637 2004 1690 2054 in
1718 2002 1904 2055 virtute
1926 2019 2022 2054 sua

476 2091 733 2159 Africum.
773 2089 839 2142 Et
864 2092 992 2158 pluit
1037 2107 1188 2160 super
1227 2109 1313 2146 eos
1360 2093 1495 2144 sicut
1530 2092 1784 2160 pulverem
1817 2108 2020 2154 carnes,

478 2190 526 2232 et
557 2182 687 2232 sicut
715 2197 927 2232 arenam
952 2182 1176 2234 marium
1196 2183 1432 2236 volatilia
1458 2192 1684 2250 pennata
1710 2197 1728 2234 .'
1752 2191 1798 2235 et
1826 2167 2022 2235 cecide-

476 2281 596 2322 runt
633 2271 682 2322 in
733 2269 900 2322 medio
931 2280 1222 2322 castrorum
1271 2286 1469 2330 eorum,
1512 2271 1651 2322 circa
1686 2270 2022 2322 tabernacula

475 2374 670 2410 eorum.
708 2357 772 2409 Et
811 2357 1246 2411 manducaverunt
1278 2369 1324 2412 et
1351 2360 1578 2412 saturati
1617 2368 1734 2412 sunt
1775 2357 1947 2416 nimis,
1973 2366 2021 2410 et

476 2449 786 2501 desiderium
830 2466 1006 2516 eorum
1041 2453 1217 2504 attulit
1260 2454 1372 2514 eis,
1423 2468 1523 2504 non
1563 2461 1682 2504 sunt
1719 2451 1958 2519 fraudati
1989 2467 2020 2504 α

477 2537 726 2590 desiderio
759 2555 872 2592 suo.
891 2539 1067 2592 Adhuc
1088 2557 1204 2592 esca
1239 2557 1412 2593 eorum
1439 2550 1550 2593 erat
1572 2543 1624 2592 in
1646 2557 1732 2593 ore
1767 2541 2018 2607 ipsorum,

479 2638 526 2680 et
563 2629 643 2678 ira
678 2626 770 2679 Dei
815 2628 1041 2680 ascendit
1071 2643 1223 2695 super
1250 2643 1373 2682 eos:
1414 2638 1459 2681 et
1495 2627 1682 2681 occidit
1721 2627 1895 2695 plures
1935 2644 2020 2680 eo-

479 2731 614 2775 rum,
651 2725 698 2766 et
744 2715 927 2767 electos
974 2714 1143 2768 Israel
1193 2715 1470 2784 impedivit.
1503 2715 1656 2780 Quod
1705 2731 1811 2769 non
1863 2715 2020 2768 modo

479 2823 690 2876 panem,
725 2807 819 2860 sed
847 2807 1006 2860 etiam
1036 2806 1317 2874 opsonium
1347 2805 1718 2876 procuraverit
1749 2806 1828 2858 eis
1866 2805 2022 2858 docet

478 2897 676 2967 Moysis
717 2897 1021 2966 Scriptura,
1054 2896 1108 2949 in
1144 2895 1325 2955 Exodo
1366 2896 1580 2964 quidem
1611 2897 1796 2951 dicens
1827 2897 1870 2927 ’⁷
1905 2916 1916 2949 :
1955 2891 2018 2948 Et

475 2987 715 3039 dixerunt
752 2984 955 3056 Moyses
991 2995 1039 3039 et
1072 2986 1246 3039 Aaron
1276 2986 1342 3039 ad
1377 2995 1539 3038 totum
1568 2995 1758 3039 coetum
1789 2985 2020 3053 filiorum

479 3074 646 3129 Israel
663 3094 680 3129 :
712 3076 920 3144 Vespere
948 3076 1118 3129 scietis
1144 3077 1277 3144 quod
1309 3075 1559 3128 Dominus
1586 3074 1819 3128 eduxerit
1851 3092 1936 3128 vos
1959 3073 2021 3128 de

480 3175 546 3216 ter
559 3181 617 3216 ra
643 3163 888 3233 IEgypti;
917 3181 1066 3218 mane
1089 3173 1259 3218 autem
1285 3163 1519 3217 videbitis
1541 3163 1763 3233 gloriam
1793 3163 2016 3224 Domini,

477 3256 600 3323 quia
633 3254 830 3306 audivit
869 3270 1016 3306 onme
1065 3269 1298 3306 murmur
1340 3263 1583 3308 vestrum.
1638 3253 1794 3306 Dabit
1839 3253 2022 3322 quippe

479 3345 619 3396 vobis
665 3344 913 3396 Dominus
955 3358 1152 3410 vespere
1191 3357 1369 3396 carnes
1406 3343 1472 3395 ad
1513 3341 1946 3404 manducandum,
1977 3351 2024 3393 et

485 3448 634 3485 mane
661 3447 816 3499 panes
838 3431 904 3484 ad
925 3433 1272 3484 saturitatem.
1298 3431 1488 3484 Postea
1507 3446 1634 3484 vero
1651 3431 1923 3498 subjungit
1944 3430 1986 3459 “
2009 3446 2021 3480 :

484 3521 550 3573 Et
574 3523 769 3588 factum
811 3531 887 3574 est
918 3537 1136 3587 vespere,
1169 3531 1216 3573 et
1242 3520 1470 3573 ascendit
1516 3521 1774 3583 coturnix,
1814 3529 1861 3572 et
1910 3536 2026 3587 ope-

483 3612 588 3662 ruit
616 3621 791 3663 castra
820 3625 837 3661 :
862 3627 1008 3662 mane
1035 3625 1146 3662 vero
1187 3625 1270 3662 ros
1292 3610 1459 3678 jacuit
1488 3610 1540 3662 in
1579 3610 1796 3662 circuitu
1824 3619 2025 3662 castro-

480 3711 700 3754 rum:et
728 3716 840 3752 ecce
864 3701 918 3752 in
962 3699 1092 3768 {acie
1107 3699 1421 3760 solitudinis,
1465 3701 1630 3752 tenuis
1671 3699 1803 3751 sicut
1835 3700 2022 3766 pulvis,

481 3788 631 3840 albus
659 3789 790 3839 sicut
839 3787 1025 3854 pruina
1048 3801 1200 3852 super
1223 3796 1432 3840 terram.
1469 3785 1570 3840 Sed
1604 3787 1728 3855 quia
1751 3796 1936 3856 postea
1970 3786 2025 3840 in

479 3878 724 3932 Numeris
751 3877 948 3939 dictum
978 3877 1112 3932 est”
1131 3876 1418 3946 :--Vulgus
1447 3893 1640 3945 quoque
1678 3878 2025 3945 promiscuum

479 3969 716 4036 ﬂagravit
736 3966 1027 4028 desiderio;
1057 3976 1106 4020 et
1139 3965 1366 4019 sedentes
1395 3965 1588 4032 ﬂebant
1615 3966 1716 4033 ﬁlii
1754 3965 1946 4029 Israel,
1976 3977 2023 4018 et

479 4059 717 4109 dixerunt
749 4073 766 4110 :
801 4057 928 4122 Quis
949 4057 1093 4109 dabit
1123 4057 1266 4110 nobis
1298 4057 1520 4109 carnes?
1565 4053 1915 4108 Recordamur
1944 4057 2024 4124 pi-

481 4148 646 4199 scium
680 4164 805 4215 quos
835 4146 1220 4200 comedebamus
1247 4147 1300 4198 in
1327 4142 1554 4214 Egypta
1581 4145 1769 4214 gratis,
1796 4156 1843 4198 et
1868 4162 2024 4198 cucu-

482 4253 640 4289 meres
663 4247 708 4288 et
737 4252 948 4303 pepones
971 4245 1019 4288 et
1041 4251 1222 4304 porros
1251 4243 1298 4287 et
1317 4249 1451 4302 cepe.
1479 4233 1633 4286 Nunc
1653 4244 1822 4286 autem
1846 4236 2023 4287 anima

478 4335 657 4376 nactra
684 4323 926 4391 perarida
979 4322 1178 4378 Deinde
1206 4322 1492 4393 subjicitur
1514 4323 1557 4353 ³ο
1590 4341 1602 4375 :
1634 4321 1695 4374 Et
1723 4323 1852 4375 abiit
1878 4323 2024 4394 Moy-

480 4427 558 4464 ses
589 4413 642 4462 in
665 4421 836 4463 castra
861 4414 965 4478 ipse
993 4421 1039 4464 et
1061 4413 1283 4465 seniores
1306 4409 1493 4464 Israel.
1522 4409 1584 4462 Et
1611 4412 1826 4479 spiritus
1852 4429 2023 4482 egres-

2201 1908 2605 1978 Ὲπισιτισμὸν
2656 1907 3036 1960 ἀπέστειλεν
3081 1907 3289 1970 αὐτοῖς
3326 1907 3407 1970 εὶς
3439 1907 3646 1970 πλησμο-

2120 2000 2250 2065 νήν.
2322 2000 2566 2068 Ἁπῆρεν
2614 2000 2816 2052 Νότον
2843 1997 2917 2062 ἐξ
2969 1998 3256 2066 οὐρανοῦ,
3287 1997 3380 2050 zeal
3413 1994 3645 2065 ἐπήγαγεν

2118 2090 2186 2142 ἐν
2218 2089 2290 2158 τῇ
2326 2089 2572 2159 δυνάμει
2607 2088 2801 2142 αὐτοῦ
2840 2089 3022 2142 Λίϐα.
3053 2089 3168 2142 Kal
3211 2088 3441 2155 ἔϐρεξεν
3475 2087 3550 2139 ἐπ’
3571 2087 3645 2138 αὐ-

2118 2179 2256 2242 τοὺς
2284 2178 2424 2230 ὡσεὶ
2472 2178 2623 2246 χοῦν
2655 2176 2924 2244 σάρκας,
2960 2177 3064 2232 zeal
3092 2177 3236 2232 ὡσεὶ
3275 2177 3458 2246 ἅμμον
3480 2178 3644 2230 Galac-

2119 2267 2245 2320 σῶν
2271 2268 2505 2321 πετεινὰ
2534 2267 2808 2334 πτερωτὰ
2827 2285 2841 2298 ·
2874 2270 2975 2321 zeal
2999 2269 3301 2322 ἐπέπεσεν
3326 2270 3392 2321 ἐν
3409 2267 3551 2336 μέσῳ
3571 2265 3643 2330 τῆς

2119 2357 2490 2426 παρεμϐολῆς
2522 2355 2744 2419 αὐτῶν,
2781 2359 2996 2424 κύκλῳ
3027 2359 3151 2412 τῶν
3180 2357 3551 2427 σκηνωμάτων
3575 2359 3642 2409 αὑ-

2119 2447 2250 2501 τῶν.
2277 2449 2384 2501 Καὶ
2404 2449 2628 2516 ἓραγον
2660 2447 2766 2501 καὶ
2799 2448 3290 2517 ἐνεπλήσθησαν
3326 2449 3549 2517 σφόδρα,
3580 2449 3643 2499 καὶ

2120 2539 2231 2603 τὴν
2254 2539 2568 2606 ἐπιθυμίαν
2611 2539 2824 2592 αὐτῶν
2864 2540 3128 2609 ἤνεγκεν
3161 2541 3378 2607 αὐτοῖς,
3406 2543 3502 2593 οὐκ
3526 2541 3641 2591 ἑστε-

2111 2626 2389 2693 ρήθησαν
2453 2625 2571 2680 ἀπὸ
2627 2626 2745 2694 τῆς
2801 2629 3132 2697 ἐπιθυμίας
3175 2628 3385 2682 αὐτῶν.
3427 2630 3528 2678 Ἔτι
3568 2624 3640 2689 τῆς

2113 2717 2388 2782 βρώσεως
2415 2716 2606 2782 οὔσης
2633 2717 2707 2768 ἐν
2735 2715 2820 2781 τῷ
2854 2719 3115 2786 στόματι
3138 2716 3331 2771 αὐτῶν
3359 2716 3446 2770 zeal
3471 2719 3501 2782 ἠ
3537 2716 3638 2782 ὀργὴ

2117 2807 2221 2860 τοῦ
2275 2806 2420 2860 Θεοῦ
2477 2807 2665 2873 ἀνέϐη
2714 2809 2815 2860 ἐπ’
2861 2811 3121 2875 αὐτούς’
3150 2810 3243 2862 καὶ
3270 2805 3639 2862 ἀπέκτεινενέν

2119 2896 2242 2962 τοῖς
2288 2897 2566 2950 πλείοσιν
2629 2897 2866 2961 αὐτῶν,
2905 2899 3010 2952 καὶ
3052 2899 3195 2965 τοὺς
3249 2897 3532 2962 ἐκλεκτοὺς
3566 2893 3637 2946 τοῦ

2133 2988 2377 3056 Ἰσραὴλ
2409 2988 2854 3042 συνεπόδισεν.
2893 2991 3020 3043 ’Ότι
3057 2991 3133 3061 μὴ
3167 2991 3320 3060 μόνου
3363 2992 3523 3059 ἄρτου,
3544 2984 3637 3038 ἀλλὰ

2120 3081 2211 3132 καὶ
2237 3079 2363 3148 ὄψου
2386 3080 2721 3150 προενόησεν
2757 3084 2969 3146 αὐτοῖς,
3003 3084 3243 3137 διδάσκει
3259 3084 3344 3136 καὶ
3379 3085 3408 3150 ἡ
3459 3080 3638 3138 Μωσέως

2120 3170 2396 3242 Γραφὴ,ὲν
2426 3169 2521 3238 μὲν
2549 3170 2755 3242 Ἐξόδῳ
2785 3173 3046 3239 λέγουσα·
3084 3175 3197 3227 Καὶ
3231 3171 3353 3227 εἷπε
3367 3169 3550 3235 Μωσῆς
3569 3168 3636 3221 καὶ

2136 3259 2346 3326 Ἀαρὼν
2373 3259 2514 3325 πρὸς
2571 3261 2793 3314 πᾶσαν
2824 3265 3195 3335 συναγωγὴν
3247 3263 3386 3317 υἱῶν
3431 3260 3633 3328 Ἰσρα’ἱ·¹”

2133 3347 2423 3414 Ἑσπέραν
2463 3349 2803 3416 γνώσεσθε,
2841 3353 2934 3406 ὅτι
2972 3356 3189 3422 Κύριος
3241 3353 3503 3422 ἐξήγαγεν
3524 3345 3633 3414 ὑμᾶς

2123 3439 2189 3491 ἐκ
2221 3437 2324 3506 γῆς
2347 3439 2657 3506 Αἰγύπτου
2675 3457 2689 3471 θ
2717 3444 2876 3510 πρωῒ
2901 3443 2970 3496 δέ
2995 3444 3221 3514 ὄψεσθε
3252 3444 3357 3512 τὴν
3378 3441 3535 3503 δόξαν
3559 3439 3634 3488 Κυ-

2115 3529 2269 3594 ρίου,
2292 3531 2360 3581 ἐν
2387 3527 2466 3592 τῷ
2494 3532 2870 3586 είσακοῦσαι
2908 3535 3100 3588 αὑτὸν
3125 3535 3315 3588 πάντα
3359 3533 3454 3586 τὸν
3490 3544 3633 3598 rem“

2123 3618 2277 3685 σμῦν
2302 3618 2488 3686 ὑμῶν,
2512 3620 2583 3671 ἐν
2607 3620 2692 3685 τῷ
2719 3622 2960 3678 διδόναι
2991 3624 3098 3679 τὸν
3131 3626 3343 3692 Κύριον
3362 3621 3484 3690 ὑμῖν
3504 3613 3630 3672 ἐσπέ-

2115 3724 2228 3774 pas
2257 3707 2399 3774 κρέα
2433 3709 2672 3777 φαγεῖν,
2733 3713 2838 3764 zeal
2886 3712 3112 3781 ἄρτους
3160 3714 3222 3766 τὸ
3246 3713 3389 3780 πρωῒ
3426 3712 3498 3771 εἰς
3527 3708 3631 3767 πλη·

2123 3799 2375 3868 σμονήν.
2393 3801 2499 3853 Καὶ
2523 3801 2775 3870 ἐπιλέγει
2795 3804 2944 3873 ἐξῆςο
2976 3805 3085 3857 Καὶ
3107 3804 3334 3874 ἐγένετο
3360 3793 3629 3865 ἑσπέρσ,καὶ

2122 3888 2298 3954 ἀνέϐη
2326 3890 2760 3958 ὀρτυγομήτρα,
2779 3897 2880 3948 zeal
2894 3895 3166 3962 ἐκάλυψε
3185 3893 3294 3961 τὴν
3308 3883 3626 3959 παρεμϐολήν

2121 3977 2188 4029 τὸ
2211 3978 2356 4044 πρωϊ
2368 3977 2435 4028 δὲ
2453 3977 2700 4046 ἐγένετο
2719 3984 3222 4051 καταπιιυομένης
3236 3981 3337 4048 τῆς
3357 3981 3544 4046 δρόσου
3560 3971 3626 4022 xtl-

2123 4071 2244 4134 κλφ
2264 4067 2371 4134 τῆς
2402 4072 2825 4140 παρεμϐολῆς·
2866 4077 2965 4128 zeal
2995 4077 3120 4129 ιδοὺ
3136 4077 3228 4129 ἐπὶ
3253 4072 3535 4141 προσώπου
3556 4062 3626 4128 τῆς

2121 4156 2358 4224 ἐρήμου,
2388 4158 2625 4211 λεπτὸν
2650 4163 2799 4216 ὡσεὶ
2834 4166 3065 4227 κόνιον,
3105 4164 3321 4219 λευκὸν
3347 4161 3470 4214 ὡσεὶ
3495 4155 3625 4222 πάτος

2121 4247 2218 4300 ἐπὶ
2246 4246 2353 4314 τῆς
2408 4248 2542 4317 γῆς.
2596 4253 2741 4305 Ἀλλ’
2773 4257 2966 4328 ἐπειδὴ
3009 4257 3148 4328 μετὰ
3189 4256 3350 4308 ταῦτα
3380 4253 3554 4324 εἴρηται
3589 4245 3624 4293 ὲν

2136 4339 2191 4389 Ἀ
2202 4337 2282 4410 ριθ
2292 4340 2626 4407 μοῖςο-Καὶ
2645 4349 2678 4398 ό
2694 4347 2800 4399 ἐπί
2797 4366 3011 4416 μικτος
3034 4349 3103 4401 ἐν
3124 4347 3319 4411 αὐτοῖς
3331 4343 3621 4407 ἐπεθύμησεν

2122 4424 2452 4491 ἐπιθυμίαν,
2485 4429 2589 4481 καὶ
2605 4436 2979 4502 καθίσαντες
3005 4438 3225 4490 ἔκλαον
3251 4439 3300 4489 οἱ
3315 4432 3413 4487 vlol
3431 4422 3621 4494 ἰσραὴλν

481 4517 570 4554 sus
599 4510 674 4554 est
720 4517 752 4554 a
787 4502 1029 4566 Domino,
1059 4512 1108 4556 et
1154 4503 1324 4556 emisit
1360 4503 1672 4555 coturnicem
1710 4519 1739 4554 a
1787 4505 1940 4568 mari,
1971 4512 2019 4556 et

2123 4515 2218 4567 zeal
2240 4510 2437 4578 εἶπαν,
2475 4519 2576 4584 Τίς
2610 4526 2881 4593 ψωμίσει
2910 4528 3054 4596 ἡμῖν
3077 4527 3254 4594 κρέας
3294 4520 3619 4592 Ἐμνήσθημυ

479 4591 654 4658 injecit
684 4593 738 4644 in
767 4601 942 4645 castra
971 4593 1151 4647 itinere
1176 4594 1327 4646 unius
1355 4594 1458 4646 diei
1493 4593 1545 4645 in
1569 4593 1785 4645 circuitu
1815 4603 2018 4647 castro-

479 4697 614 4741 rum,
645 4683 794 4750 quasi
826 4681 1024 4736 duobus
1062 4683 1246 4737 cubitis
1275 4699 1428 4752 super
1456 4693 1669 4737 terram.
1695 4682 1762 4736 Et
1804 4701 2017 4754 surgens

478 4771 692 4838 populus
715 4780 819 4822 toto
842 4772 926 4824 die
950 4773 1042 4825 illo
1065 4782 1114 4825 et
1137 4785 1301 4835 nocte,
1325 4791 1591 4844 congrega:
1608 4775 1646 4826 it
1673 4775 2019 4844 unusquisque

479 4859 612 4924 quod
639 4859 912 4927 su/ﬁciebat
943 4875 961 4912 :
994 4861 1081 4929 qui
1127 4862 1366 4922 multant,
1413 4879 1512 4915 non
1540 4862 2014 4931 superabundavit;

477 4955 526 4998 et
544 4947 630 5014 qui
657 4963 860 5013 parum,
879 4966 980 5000 non
1004 4951 1243 5019 indiguil.
1262 4953 1364 5018 Qui
1394 4969 1598 5021 parum,
1618 4954 1816 5022 collegit
1843 4954 2014 5007 decem

479 5051 644 5089 coras.
669 5037 733 5088 Et
757 5040 962 5091 siccata:
993 5051 1111 5093 sunt
1137 5044 1190 5094 in
1207 5044 1340 5096 vasis
1376 5045 1426 5095 in
1459 5045 1675 5096 circuitu
1701 5055 2011 5109 castrorum,

479 5141 592 5189 qua:
621 5126 833 5180 aderant
866 5145 1066 5193 carnes,
1117 5143 1384 5201 antequam
1414 5134 1708 5202 deﬁcerent.
1733 5134 1799 5186 Et
1846 5137 2012 5190 iratus

479 5217 555 5258 est
589 5209 834 5266 Dominus
859 5231 877 5266 :
905 5225 954 5267 et
1003 5228 1235 5270 vocatum
1273 5230 1348 5272 est
1386 5238 1566 5274 nomen
1598 5223 1696 5275 loci
1727 5221 1889 5286 illius,
1921 5223 2014 5276 Se-

479 5297 658 5360 pulcra
698 5305 1137 5372 concupiscentia',
1160 5311 1283 5377 quia
1319 5311 1393 5364 ibi
1436 5313 1739 5380 sepelierunt
1768 5314 2013 5381 populum

480 5389 564 5450 qui
609 5394 1361 5467 concupiverat;—-opportune
1387 5403 1823 5472 igiturttlausula.
1852 5420 2012 5473 quam

483 5483 795 5540 tractamus,
825 5482 937 5536 hzec
968 5483 1119 5541 docet
1143 5489 1226 5543 his
1262 5495 1439 5548 verbis
1472 5513 1482 5546 :
1521 5495 1734 5548 Cibaria
1764 5496 1905 5547 misit
1939 5496 2012 5548 eis

482 5563 550 5614 ad
579 5569 924 5633 saturitatem,
950 5582 1002 5626 et
1027 5589 1234 5634 emtam.
1269 5581 1433 5638 Docet
1454 5594 1632 5639 autem
1658 5586 1888 5640 volatilia
1921 5587 2012 5640 illa

483 5749 524 5780 ,ο
552 5678 980 5804 gat-“£62;
1055 5695 1096 5726 η
1132 5697 1350 5751 ibid.'55.
1454 5704 1497 5733 η
1521 5701 1648 5757 ibid.
1679 5701 1870 5769 51,52.

1983 5705 2024 5734 ’⁷
2047 5705 2215 5764 Exod.
2248 5725 2360 5780 XVI,
2403 5714 2520 5771 6—8.

2119 4600 2258 4665 τοὺς
2287 4603 2515 4669 ἰχθύας,
2571 4608 2684 4674 οὓς
2722 4613 3023 4682 ἠσθίομεν
3053 4616 3122 4667 ἐν
3151 4613 3407 4682 Αἰγύπτῳ
3441 4599 3618 4669 δωρεάνο

2119 4690 2214 4742 zeal
2244 4691 2386 4757 τοὺς
2409 4698 2693 4764 σικυοὺς,
2711 4703 2812 4755 καὶ
2844 4704 2988 4770 τοὺς
3027 4704 3304 4766 πέπονας,
3325 4699 3413 4752 καὶ
3438 4696 3497 4748 τὰ
3521 4685 3617 4754 πρά·

2119 4795 2219 4842 σα,
2248 4781 2344 4833 zeal
2377 4787 2447 4836 τὰ
2469 4789 2728 4856 κρόμυα.
2745 4794 2903 4847 Νυνὶ
2927 4795 2995 4848 δὲ
3021 4797 3057 4863 ἡ
3075 4793 3240 4862 ψυχὴ
3270 4778 3615 4860 Martium“

2110 4887 2234 4938 ρος.
2263 4869 2395 4924 Εἶτα
2412 4876 2733 4947 ὲπιλέγεται
2769 4885 2924 4955 ἑξῆςο
2959 4887 3067 4939 Καὶ
3100 4884 3322 4952 ἀπῆλθε
3339 4873 3525 4940 Μωσῆς
3558 4868 3615 4961 εἷς

2118 4962 2230 5028 τὴν
2257 4969 2673 5038 παρεμϐολὴν,
2713 4976 2901 5042 αὐτὸς
2940 4978 3037 5030 zeal
3087 4979 3141 5030 οἱ
3182 4973 3516 5042 πρεσϐύτεροι
3541 4970 3614 5011 του

2131 5053 2394 5120 Ἰσραήλ.
2414 5059 2524 5110 Kal
2540 5065 2784 5132 πνεῦμα
2811 5067 3031 5134 ἐξῆλθε
3042 5067 3194 5136 παρά
3208 5066 3408 5132 Κυρίου
3412 5101 3424 5124 ν
3440 5055 3516 5110 καὶ
3527 5050 3613 5136 £8.

2120 5142 2340 5208 δρασεν
2355 5146 2812 5220 ὀρτυγομήτραν
2825 5157 2944 5210 ἀπὸ
2963 5155 3070 5225 τῆς
3087 5135 3398 5218 θαλάσσης.
3427 5144 3505 5199 καὶ
3516 5135 3610 5192 ἐπί

2119 5232 2302 5284 ϐαλεν
2327 5235 2422 5288 ἐπὶ
2448 5239 2566 5306 τὴν
2587 5247 2982 5314 παρεμϐολὴν
2992 5247 3132 5300 ὁδὸν
3161 5245 3382 5314 ἡμέρας,
3401 5231 3608 5290 ἐντεῦθεν

2119 5322 2321 5387 κύκλῳ
2351 5325 2458 5393 τῆς
2488 5337 2877 5403 παρεμϐολῆς
2896 5337 3036 5391 ὡσεὶ
3051 5337 3266 5402 δίπηχυ
3291 5331 3390 5386 ἀπὸ
3406 5325 3495 5392 τῆς
3513 5317 3600 5403 γιῑςς

2119 5412 2226 5462 Kal
2252 5414 2521 5484 ἀναστὰς
2546 5424 2579 5472 ὀ
2599 5401 2749 5489 λαός
2787 5401 2944 5492 ὅλην
2959 5426 3071 5494 τὴν
3090 5401 3299 5494 ἡμέραν
3325 5417 3520 5476 ἐκείνην
3535 5401 3600 5456 ἀἡ

2119 5498 2271 5566 ὅλην
2296 5503 2408 5571 τὴν
2434 5509 2652 5578 νύκτα,
2691 5515 2793 5568 καὶ
2836 5516 3176 5585 συνήγαγεν
3199 5504 3428 5570 ἕκαστος
3455 5502 3504 5554 τι)
3525 5497 3598 5560 ἀρ’

2117 5591 2295 5644 κοῦνο
2331 5599 2364 5648 ό
2394 5598 2462 5650 τὸ
2487 5603 2650 5655 πολὺ
2681 5608 2790 5657 οὐκ
2821 5606 3173 5667 ἐπλεόνασε,
3199 5602 3284 5656 zeal
3315 5603 3343 5652 ό
3370 5595 3419 5648 τὸ
3445 5588 3597 5650 ὀλίγα·

2630 5720 2856 5789 "ibid,
2895 5722 3165 5785 15,“-6.
3268 5693 3588 5767 “suum
