3834 6354
180 397 263 450 νει

1247 389 1742 447 (ΞΟΜΜΕΝΤΑΒΙΔ
1780 387 1846 444 ΙΝ
1885 385 2216 444 PSALMOS.

3244 382 3348 440 923

177 511 273 564 οὐκ
290 507 696 574 ἠλαττόνησεν
711 522 726 538 ο
751 509 785 560 ό
799 507 867 560 τὸ
895 509 1418 578 ὀλίγον,συνήγατε
1441 510 1582 564 δέκα
1605 511 1703 562 κό-

1803 519 1957 562 vento
1972 507 2218 576 impulsa,
2238 502 2483 570 injcastra
2496 500 2660 556 fuisse
2674 501 2864 556 delata.
2884 498 3188 554 Secundum
3202 499 3350 570 Sym.

175 617 318 670 ρους.
373 601 480 652 Καὶ
531 599 764 666 ἔψυξεν
792 601 860 652 ἐν
887 602 1007 665 τοῖς
1034 600 1333 668 ψυκτῆρσι
1365 603 1565 664 κύκλῳ
1599 600 1706 667 τῆς

179 687 531 757 παρεμϐολῆς
573 687 645 740 τὰ
669 688 813 755 κρέα
850 685 928 758 ἦν
960 691 1088 756 πρὶν
1125 689 1163 755 ἣ
1191 690 1454 743 ἐκλιπεῖν
1481 689 1577 759 (1).
1600 688 1708 741 Καὶ

180 778 416 846 ὠργίσθη
447 776 682 841 Κύριος.
715 777 819 828 Καὶ
848 776 1067 844 ἐκλήθη
1100 777 1164 829 τὸ
1194 777 1372 844 ὄνομα
1406 777 1510 830 τοῦ
1529 777 1708 829 τόπου

175 869 406 929 ἐκείνου,
437 867 730 934 Μνήματα
749 869 1074 936 ἐπιθυμίας,
1103 866 1566 934 ὅτιέκεῖὲθαψαν
1603 865 1709 918 τὸν

174 957 307 1009 λαόν
333 956 433 1008 τεν
459 955 1140 1024 ἐπιθυμητήν-εἰκότως
1170 951 1259 1009 οὖν
1277 957 1367 1010 καὶ
1395 958 1428 1026 ἡ
1452 954 1587 1026 μετὰ
1611 957 1711 1024 χεῖ-

179 1063 262 1114 ρας
309 1045 574 1116 περικοπὴ
645 1045 884 1098 διδάσκει
939 1045 1107 1097 ταῦτα
1171 1045 1430 1112 λέγουσα·
1498 1045 1711 1096 Ἐπισι-

179 1134 363 1202 τισμόν
386 1133 748 1187 ἀπέστειλεν
779 1135 980 1200 αὐτοῖς
1000 1137 1084 1200 εἰς
1115 1134 1499 1202 πλησμονὴν,
1532 1134 1624 1187 καὶ
1643 1134 1710 1186 τὰ

176 1225 301 1292 ἑξῆς.
355 1224 714 1287 Διδάσκειοδὲ,
747 1225 822 1288 ὡς
849 1224 954 1296 ἄρα
997 1225 1083 1277 ὑπ’
1115 1225 1327 1295 ἀνέμων
1382 1225 1710 1295 ἐλαυνόμενα

178 1312 230 1363 τὰ
258 1313 422 1382 πτηνά
457 1312 789 1383 κατεφέρετο
816 1315 893 1374 είς
912 1312 1007 1382 τὴν
1035 1313 1398 1383 παρεμϐολήν.
1430 1315 1538 1366 Καὶ
1571 1315 1709 1366 κατὰ

175 1402 250 1454 τὸν
271 1403 552 1472 Σύμμαχον
587 1403 644 1455 δὲ
689 1401 930 1474 εἴρηται·
969 1404 1069 1468 Ὃς
1113 1399 1258 1471 ἦρεν
1285 1400 1478 1469 Εὗρον
1517 1403 1585 1466 ἐξ
1613 1407 1710 1457 οὐ-

169 1493 350 1558 ρανοῦ,
377 1492 471 1544 καὶ
499 1491 805 1561 ἐπήγαγεν
833 1492 902 1544 ἐν
936 1491 1009 1559 τῇ
1045 1492 1363 1557 δυναστείᾳ
1401 1494 1582 1546 αὑτοῦ
1610 1495 1712 1546 Νό-

175 1600 279 1646 τον,
311 1583 447 1636 ὡσεὶ
471 1583 668 1650 ἅμμον
682 1584 1011 1638 θαλασσῶν
1034 1583 1269 1636 πετεινὰ
1297 1585 1573 1651 πτερωτά.
1603 1583 1710 1638 Καὶ

172 1672 432 1724 ἐπέϐαλεν
450 1670 630 1724 ἔνδον
653 1673 745 1735 εὶς
765 1669 877 1738 τὴν
903 1670 1282 1738 παρεμϐολὴν
1295 1670 1488 1725 αὐτῶν
1512 1672 1714 1737 κύκλῳ

174 1759 272 1812 τῶν
293 1760 544 1827 σκηνῶν.
579 1760 691 1814 Καὶ
717 1759 1034 1827 φαγόντες,
1067 1759 1530 1826 ἐνεπλήσθησαν
1558 1761 1709 1827 σφό-

173 1848 415 1914 δραοκαί
464 1848 576 1916 τὴν
606 1849 928 1915 ἐπιθυμίαν
963 1847 1156 1901 αὐτῶν
1200 1848 1448 1917 ἤνεγκεν
1489 1848 1706 1914 αὐτοῖς,

1805 597 2053 650 machum
2068 609 2192 650 vero
2207 594 2406 646 dicitur
2434 590 2565 655 :Qui
2591 591 2709 644 tulit
2732 589 2928 642 Eurum
2947 590 3008 643 de
3024 591 3168 652 calo.
3196 600 3243 642 et
3266 592 3348 642 in-

1803 685 1952 737 duxit
1999 686 2053 736 in
2084 684 2269 737 virtute
2315 691 2410 734 sua
2455 679 2673 743 Notum,
2708 680 2859 749 quasi
2883 696 3091 732 arenam
3125 681 3345 733 marium

1805 776 2037 830 volatilia
2078 784 2322 843 pennata.
2360 773 2427 826 Et
2457 775 2627 842 injecit
2673 773 2810 824 intus
2841 771 2893 823 in
2921 780 3099 825 castra
3146 787 3343 835 eorum,

1803 868 1859 920 in
1887 867 2103 919 circuitu
2140 865 2608 919 tabernaculorum.
2635 861 2701 916 Et
2724 860 3090 914 manducantes
3121 865 3344 916 saturati

1804 965 1922 1010 sunt
1944 955 2091 1008 valde
2117 969 2134 1006 :
2158 965 2206 1008 et
2229 953 2689 1021 concupiscentiam
2715 967 2892 1004 eorum
2919 949 3096 1002 attulit
3119 950 3214 1012 eis,
3243 966 3346 1003 non

1804 1045 2109 1100 abstiterunt
2149 1062 2182 1097 a
2234 1043 2644 1112 concupiscentia
2689 1058 2804 1096 sua.
2839 1040 2969 1096 Cum
3017 1040 3185 1094 adhuc
3227 1057 3346 1095 esca

1803 1153 1979 1190 eorum
1999 1144 2130 1190 esset
2162 1152 2213 1187 in
2244 1134 2477 1187 dentibus
2509 1150 2707 1198 eorum,
2729 1133 2809 1184 ira
2846 1132 3005 1201 igitur
3033 1131 3128 1184 Dei
3157 1131 3346 1184 invasit

1804 1225 1944 1291 illos,
1975 1233 2022 1278 et
2055 1223 2243 1276 occidit
2272 1224 2563 1290 pinguiores
2591 1239 2788 1285 eorum,
2811 1231 2858 1274 et
2872 1221 3108 1287 juniores
3131 1219 3345 1273 Isrceiis

1805 1317 2104 1381 prostravit.
2139 1314 2259 1368 Hice
2282 1329 2440 1382 porro
2462 1315 2584 1383 jure
2614 1315 2759 1383 passi
2781 1321 2925 1366 sunt.
2955 1309 3088 1364 Nam
3122 1311 3212 1364 ille
3234 1311 3348 1380 qui-

1807 1404 1924 1458 dem
1960 1405 2025 1456 ad
2053 1405 2298 1474 potentiae
2327 1419 2437 1458 sua;
2464 1404 2720 1458 indicium
2750 1399 3065 1454 mirabiliter
3096 1401 3184 1454 illa
3219 1417 3346 1470 sup-

1807 1493 2062 1562 peditavit
2082 1511 2098 1549 :
2120 1491 2221 1560 ipsi
2247 1507 2371 1546 vero
2393 1492 2723 1546 insaturabili
2748 1493 2990 1546 carnium
3017 1490 3347 1544 comestione

1809 1583 1912 1644 usi,
1952 1583 2327 1638 intestinorum
2367 1583 2554 1635 morbo
2585 1583 2891 1651 perierunt:
2927 1581 3126 1652 ingenti
3180 1579 3345 1633 mira-

1807 1676 1929 1729 culo
1963 1688 2069 1727 non
2116 1674 2354 1726 animum
2408 1671 2744 1731 adhibentes.
2786 1687 2886 1725 nec.
2939 1669 3163 1740 gloriam
3214 1669 3345 1723 tanti

1807 1761 2034 1830 prodigii
2085 1761 2290 1814 auctori
2331 1760 2663 1825 referentes;
2695 1761 2788 1814 sed
2833 1760 2928 1812 toti
2959 1757 3213 1812 carnibus
3256 1757 3350 1811 de-

1812 1849 1931 1912 diti,
1956 1864 2109 1902 suam
2138 1850 2237 1904 sibi
2267 1850 2553 1919 perniciem
2585 1857 2963 1919 procurarunt.

175 1941 267 1992 οὐκ
301 1937 651 2006 ἀπέστησαν
705 1937 822 2005 τῆς
869 1939 1174 2006 ἐπιθυμίας
1201 1939 1414 1995 αὐτῶν.
1455 1941 1573 1992 Ἔτι
1599 1939 1706 2007 τῆς
1735 1939 2012 2005 ,βρώσεως
2071 1940 2264 1993 αὐτῶν
2307 1941 2497 2008 οὔσης
2528 1941 2597 1994 ὲν
2639 1941 2761 2006 τοῖς
2828 1941 3074 1995 ὀδοῦσιν
3131 1940 3346 2001 αὐτῶν,

174 2033 297 2101 ὀργὴ
344 2030 453 2087 οὖν
502 2033 650 2086 Θεοῦ
705 2032 972 2100 ἐπῆλθεν
1015 2032 1232 2099 αὐτοῖς,
1273 2034 1369 2086 καὶ
1401 2033 1706 2088 ἀπέκτεινε
1740 2035 1879 2098 τοὺς
1932 2034 2363 2101 λιπαρωτέρους
2404 2034 2599 2088 αὐτῶν
2630 2036 2724 2088 καὶ
2791 2035 2931 2100 τοὺς
2991 2036 3350 2101 νεανίσκους

173 2124 262 2178 τοῦ
296 2124 520 2192 Ἰσραὴλ
557 2124 826 2177 ὤκλασε.
849 2124 967 2196 γΚαὶ
993 2123 1142 2177 ταῦτ’
1167 2123 1398 2195 ἔπασχον
1463 2124 1692 2192 εὐλόγως
1715 2139 1728 2154 °
1767 2126 1796 2172 ό
1830 2125 1924 2194 μὲν
1970 2125 2074 2194 γάρ
2116 2125 2293 2186 αὐτοῖς
2337 2127 2414 2186 εἰς
2451 2124 2664 2187 ἔνδειξιν
2711 2124 2805 2194 τῆς
2847 2123 3008 2177 αὐτοῦ
3071 2124 3348 2194 δυνάμεως

176 2215 456 2286 παραδόξως
481 2217 574 2268 καὶ
599 2215 779 2267 ταῦτα
797 2218 1078 2285 παρεῖχεν·
1144 2217 1191 2268 οἱ
1256 2216 1312 2268 δὲ
1374 2217 1630 2286 ἀπλήστῳ
1690 2215 1955 2286 χρώμενοι
1996 2219 2061 2286 τῇ
2110 2216 2442 2286 κρεωφαγία,
2479 2215 2738 2285 χολερικῷ
2777 2215 2933 2268 πάθει
2967 2214 3352 2282 διεφθείροντο,

180 2309 240 2380 μὴ
273 2311 610 2380 προσέχοντες
657 2311 764 2380 μὲν
821 2309 897 2379 τῷ
951 2309 1042 2362 τοῦ
1098 2310 1394 2380 παραδόξου
1435 2311 1685 2380 θαύματι,
1765 2311 1895 2380 μηδὲ
1949 2308 2252 2374 δοξάζοντες
2327 2310 2417 2362 τὸν
2469 2307 2884 2376 παραδοξοποιόν
2908 2324 2922 2338 ο
2979 2306 3086 2360 ὅλοι
3135 2306 3192 2360 δὲ
3237 2304 3348 2360 τῶν

176 2403 363 2473 σαρκῶν
393 2403 718 2472 γιγνόμενοι,
759 2402 838 2454 διὸ
871 2403 963 2454 καὶ
989 2403 1298 2456 ἐπεσπῶντο
1336 2405 1542 2465 ἑαυτοῖς
1573 2401 1807 2471 ὄλεθρον.

244 2520 328 2570 Ἐν
367 2517 506 2572 πᾶσι
559 2519 798 2582 τούτοις
848 2517 1108 2585 ἥμαρτον
1159 2519 1265 2582 ἔτι,
1306 2521 1398 2572 καί
1440 2523 1547 2574 οὐκ
1576 2523 1700 2574 ἐπί-

1869 2517 2032 2573 Vt-zns.
2065 2519 2154 2582 52,
2179 2520 2268 2574 53.
2299 2517 2365 2572 In
2410 2518 2643 2571 omnibus
2673 2519 2752 2570 his
2787 2525 3119 2584 peccaverunt
3156 2514 3344 2575 adhuc.

175 2617 411 2655 στευσαν
437 2603 505 2654 ἐν
523 2602 641 2666 τοῖς
670 2603 1023 2668 θαυμασίοις
1051 2604 1250 2657 αὑτοῦ.
1281 2606 1387 2657 Καὶ
1423 2606 1701 2669 ἐξέλιπον

175 2693 231 2743 ἐν
246 2696 571 2760 ματαιότητι
589 2697 645 2746 (tl
673 2691 885 2760 ἡμέραι
914 2693 1107 2745 αὐτῶν
1131 2694 1224 2745 καὶ
1256 2693 1326 2746 τὰ
1373 2695 1478 2764 ἔτη
1509 2698 1702 2750 αὐτῶν

173 2787 299 2849 μετὰ
324 2782 611 2850 σπουδῆς.
655 2783 1000 2848 Ἐλεγκτικὸς
1039 2782 1112 2835 ὣν
1156 2784 1248 2835 καὶ
1281 2787 1700 2856 κατηγορητικὸς

176 2874 258 2940 τῆς
291 2871 542 2924 Ἰουδαίων
567 2870 871 2940 μοχθηρίας
892 2870 918 2919 ὁ
947 2871 1117 2937 λόγος,
1147 2872 1539 2942 καταρίθμησιν
1562 2876 1702 2926 ποιεῖ

177 2959 253 3010 καὶ
276 2960 375 3012 τῶν
405 2958 948 3029 πεπλημμελημένων
975 2959 1172 3021 αὐτοῖς,
1202 2960 1501 3029 ’παριστῶν,
1531 2962 1610 3013 ὅτι
1628 2961 1701 3032 μὴ

179 3049 329 3119 μάτην
356 3051 543 3111 αὐτοὺς
556 3051 621 3101 τά
640 3050 744 3117 τῆς
774 3048 937 3117 ὀργῆς
950 3047 1038 3099 τοῦ
1055 3047 1186 3100 Θεοῦ
1206 3049 1481 3119 μετῆλθεν.
1508 3051 1608 3104 Καὶ
1637 3052 1702 3121 δὴ

174 3135 402 3197 διδάσκει,
433 3137 506 3200 ὼς
536 3137 627 3189 καὶ
665 3135 807 3206 μετὰ
833 3135 898 3187 τὰ
910 3136 1262 3205 προλεχθέντα
1293 3139 1488 3205 πάντα,
1520 3139 1703 3205 αὔξον-

176 3241 252 3286 τες
277 3227 467 3278 ἑαυτῶν
501 3227 567 3279 τὰ
595 3225 765 3287 κακὰ,
787 3225 1026 3294 ἥμαρτον
1053 3225 1156 3278 ἔτι·
1193 3227 1284 3278 καὶ
1309 3229 1568 3299 ἥμαρτον,
1585 3230 1704 3282 ἐπεὶ

176 3316 256 3366 οὒκ
296 3318 608 3369 ἐπίστευσαν
638 3319 754 3377 τοῖς
783 3315 1098 3384 θαυμασίοις
1127 3316 1308 3372 αὑτοῦ.
1338 3319 1566 3371 Τοιαῦτα
1595 3319 1701 3389 γὰρ

175 3405 436 3475 ὀφθαλμοῖς
474 3405 731 3475 ὁρῶντες,
757 3403 1006 3455 ἐνικῶντο
1026 3404 1126 3456 ὑπὸ
1145 3405 1243 3473 τῆς
1277 3406 1562 3476 ἐπιθυμίας
1605 3408 1700 3476 (2).

175 3489 305 3556 Era,
343 3497 432 3548 καί
463 3495 751 3559 ἐξέλιπον
779 3493 846 3544 ἐν
873 3493 1209 3560 ματαιότητι
1255 3496 1314 3546 al
1353 3495 1556 3562 ἡμέραι
1601 3497 1705 3548 αὑ-

177 3580 292 3634 τῶν.
323 3583 443 3634 Δέον
463 3582 569 3651 γὰρ
603 3579 843 3649 θεωροὺς
870 3577 1186 3646 γενομένους
1215 3577 1318 3630 τῶν
1340 3578 1432 3631 τοῦ
1455 3578 1586 3630 Θεοῦ
1612 3595 1705 3647 με-

172 3671 633 3742 γαλονργημάτων,
664 3670 818 3730 ὅλους
850 3668 1041 3730 αὐτοὺς
1067 3668 1335 3720 ἀναθεῖναι
1365 3668 1509 3738 αὐτῷ
1528 3685 1542 3699 θ
1571 3671 1618 3720 οἱ
1649 3668 1704 3720 δὲ

174 3757 476 3830 θρεμμάτων
508 3761 721 3828 ἀλόγων
759 3759 909 3826 δίκην
947 3760 1012 3828 τῇ
1046 3759 1151 3812 τῶν
1186 3759 1447 3828 σωμάτων
1491 3760 1705 3828 προσεῖε-

1798 2620 1968 2664 etnon
1995 2609 2322 2663 crediderunt
2352 2611 2404 2662 in
2437 2607 2763 2660 mirabilibus
2788 2607 2918 2675 ejus.
2955 2605 3022 2658 Et
3052 2603 3346 2673 defecerunt

1798 2702 1850 2752 in
1867 2701 2091 2753 vanitate
2109 2700 2218 2753 dies
2243 2715 2440 2762 eorum,
2457 2707 2506 2749 et
2519 2698 2642 2749 anni
2665 2711 2842 2748 eorum
2859 2711 2973 2746 cum
2997 2694 3342 2757 festinatione.

1796 2791 1928 2844 Cum
1951 2805 2126 2844 sermo
2148 2791 2200 2842 in
2236 2788 2571 2858 arguendaet
2600 2785 2892 2839 incusanda
2917 2784 3216 2838 Judmorum
3247 2784 3346 2836 im-

1797 2882 2058 2948 probitate
2075 2880 2318 2940 totussit,
2344 2893 2526 2932 eorum
2558 2876 2756 2930 scelera
2775 2882 3070 2936 enumerat,
3088 2875 3351 2928 declarato

1797 2985 1899 3038 que
1921 2985 2025 3022 non
2042 2971 2157 3023 sine
2173 2983 2334 3023 causa
2358 2969 2504 3036 ipsos
2525 2966 2656 3019 iram
2681 2965 2769 3019 Dei
2795 2964 3154 3019 invasisse.Ac
3171 2965 3348 3030 docet,

1797 3072 1888 3112 eos
1908 3067 2025 3128 post
2039 3060 2286 3128 pradicta
2304 3059 2390 3109 illa
2403 3057 2600 3117 omnia,
2617 3055 2753 3107 mala
2771 3062 3026 3124 augentes
3042 3070 3156 3115 sua,
3174 3055 3348 3108 adhuc

1798 3163 2082 3217 peccasse:
2114 3163 2361 3217 peccasse
2382 3147 2586 3201 scilicet
2603 3146 2728 3214 quia
2749 3160 2852 3197 non
2877 3145 3210 3198 crediderunt
3241 3146 3348 3197 mi-

1796 3235 1985 3288 rabilia
2012 3235 2150 3303 ejus.
2185 3235 2316 3289 Cum
2351 3233 2478 3286 talia
2532 3247 2761 3299 namque
2809 3231 2941 3298 ipsis
2988 3232 3157 3285 oculis
3196 3231 3346 3284 vide-

1796 3331 1934 3384 rent,
1967 3338 1997 3376 a
2029 3321 2464 3392 concupiscentia
2517 3336 2613 3374 sua
2653 3320 3063 3388 superabantur.
3121 3318 3340 3382 Deinde,

1797 3422 1847 3466 et
1893 3411 2184 3479 defecerunt
2210 3413 2261 3464 in
2292 3411 2518 3464 vanitate
2549 3409 2659 3462 dies
2687 3425 2883 3462 eorum.
2908 3410 3043 3463 Cum
3075 3409 3346 3477 oportuis-

1799 3513 1879 3560 set
1911 3503 2052 3558 enim
2088 3503 2228 3564 illos,
2262 3507 2594 3570 spectatores
2617 3513 2808 3568 nempe
2833 3497 3201 3568 prodigiorum
3224 3495 3340 3558 Dei,

1798 3598 1942 3646 totos
1991 3605 2109 3645 sese
2155 3590 2258 3659 ipsi
2297 3589 2675 3654 committere;
2705 3587 2781 3640 illi
2824 3594 3010 3642 contra
3063 3586 3343 3641 brutorum

1800 3683 1970 3736 instar
2017 3679 2258 3749 corporis
2308 3678 2529 3734 vanitati
2581 3678 2814 3731 animum
2864 3676 3164 3742 habebant,
3219 3691 3341 3731 cum

1803 3773 2030 3827 stultitia
2075 3779 2130 3826 et
2172 3768 2477 3838 insipientia
2527 3773 2948 3836 conquerentes,
2995 3767 3234 3836 nihilque
3277 3782 3344 3822 ex

171 3866 249 3916 χον
295 3855 630 3921 ματαιότητι,
654 3852 714 3903 ὲν
738 3849 924 3919 ἀλογίᾳ
945 3850 1037 3902 καὶ
1060 3850 1212 3920 ἀνοίᾳ
1263 3851 1699 3920 κατηγοροῦντες,

1803 3863 1958 3918 bonis
2001 3862 2104 3916 sibi
2152 3837 2573 3916 subministratis
2619 3857 2686 3910 ad
2734 3856 2829 3912 Dei
2882 3857 3241 3926 cognitionem
3293 3868 3346 3912 et

170 3940 253 3990 γαὶ
300 3942 460 4009 μηδὲν
511 3940 676 3993 πλέον
725 3941 788 3991 ἐκ
833 3939 938 3992 τῶν
970 3941 1046 4001 είς
1074 3941 1264 4004 αὐτοὺς
1293 3941 1704 4012 χορηγουμένων

168 4031 235 4092 είς
265 4030 455 4096 γνῶσιν
487 4031 624 4084 Θεοῦ
675 4030 770 4083 καὶ
809 4029 982 4099 ψυχῆς
1033 4030 1297 4101 σωτηρίαν
1349 4030 1703 4100 ποριζόμενοι.

169 4114 332 4179 Οὕτως
365 4115 456 4171 οὖν
482 4117 774 4181 ἐξέλιπον
809 4117 878 4169 ἐν
898 4119 1249 4186 ματαιότητιζ
1275 4122 1333 4172 αἱ
1363 4118 1571 4186 ήμέραι
1599 4121 1706 4172 αὺ-

165 4202 297 4256 τῶνο
329 4207 388 4258 οὐ
423 4206 608 4275 μόνον,
637 4205 774 4259 ἀλλά
793 4206 886 4260 καὶ
912 4207 980 4260 τὰ
1006 4207 1106 4273 ἐτη
1134 4206 1329 4261 αὐτῶν
1347 4208 1494 4277 μετὰ
1520 4223 1707 4261 σπου-

166 4290 264 4356 δῆς
295 4295 533 4358 ἐξέλιπον
560 4313 574 4327 ’
613 4295 756 4349 κατὰ
801 4295 975 4348 κοινοῦ
1002 4296 1106 4365 γὰρ
1136 4297 1419 4350 ἀκουστέον
1444 4298 1557 4361 τοῦ,
1580 4299 1706 4361 ἐξέ-

165 4382 353 4433 λιπον·
383 4377 578 4436 ἀνθόὗ
608 4383 902 4452 πεποίηκεν
928 4386 956 4436 ό
983 4384 1232 4446 Ἀκύλας·
1261 4386 1366 4437 Καὶ
1397 4384 1709 4438 συνετέλε-

165 4479 265 4519 σεν
286 4472 363 4536 ὠς
387 4474 582 4540 ἀτμὸν
613 4471 722 4537 τὰς
747 4470 966 4539 ἡμέρας
1003 4472 1214 4534 αὐτῶν,
1245 4473 1342 4525 καὶ
1377 4474 1448 4527 τὰ
1473 4473 1574 4541 ἔτη
1605 4476 1710 4527 αὑ·

165 4556 270 4609 τῶν
311 4561 712 4615 κατέσπευσε.
742 4559 846 4612 Τοῦ
899 4561 994 4631 μὲν
1041 4561 1146 4630 γάρ
1177 4562 1232 4612 ὲν
1261 4561 1572 4632 ματαιότητι
1611 4563 1709 4626 τὰς

164 4645 358 4716 ἡμέρας
389 4649 878 4711 καταναλίσκοντος
914 4650 1006 4702 καὶ
1032 4650 1098 4702 τά
1125 4649 1216 4718 ἔτη
1245 4648 1709 4720 παρατρέχεικατ-

164 4739 565 4806 εσπευσμένως·
594 4738 691 4791 τοῦ
721 4740 776 4791 δὲ
824 4739 920 4801 τὰς
948 4738 1158 4808 ἡμέρας
1184 4737 1242 4789 ὲν
1271 4738 1405 4805 φωτὶ
1426 4738 1516 4789 καὶ
1541 4739 1597 4790 ὲν
1617 4738 1708 4808 ἔρ-

165 4835 267 4884 γοις
292 4825 512 4892 ἀγαθοῖς
539 4828 882 4890 ἐκτελοῦντος
914 4828 968 4879 αἱ
1000 4827 1195 4896 ἡμέραι
1224 4827 1321 4877 οὐκ
1351 4826 1708 4894 ἐκλείπουσιν,

165 4905 285 4983 ἀλλὰ
304 4911 524 4983 πλήρεις
540 4915 800 4981 γίνονται,
816 4915 906 4968 καὶ
921 4915 987 4967 τά
1008 4915 1100 4982 ἔτη
1124 4912 1286 4965 αὐτοῦ
1306 4913 1488 4982 ὲντελῆ
1509 4917 1710 4984 τυγχά-

168 5011 238 5047 νει
273 5001 360 5050 καὶ
389 5005 850 5074 μεμακρυμμένα.
883 5003 969 5056 Διό
1001 5003 1268 5063 κάκείνοις
1298 5005 1404 5063 τοῖς
1435 5004 1569 5071 μετὰ
1597 5024 1708 5058 τοι·

169 5084 321 5149 αὐτας
342 5092 791 5160 παραδοξοποιίας
821 5097 876 5146 ὲν
902 5093 1118 5160 ἀπιστίᾳ
1146 5090 1579 5159 καταγηράσασιν
1610 5096 1711 5163 μά-

175 5185 307 5236 ταιος
329 5179 419 5229 καὶ
444 5181 826 5249 ἐσπευσμένως
851 5180 1195 5251 παρατρέχων
1219 5179 1245 5228 ὁ
1269 5180 1464 5248 χρόνος.
1494 5183 1708 5236 Αὐτίκα

175 5254 212 5306 δ’
235 5255 321 5314 οὖν
344 5263 431 5315 διὰ
460 5267 560 5334 μὲν
586 5265 693 5318 τῶν
719 5269 992 5337 θαυμάτων
1016 5266 1106 5319 καί
1127 5263 1236 5316 τῶν
1254 5267 1328 5326 εἰς
1347 5268 1534 5329 αὐτοὺς
1555 5271 1710 5341 εὐερ-

243 5455 312 5520 (1)
340 5459 443 5509 Καὶ
471 5459 762 5524 ἔψυξεν...
788 5460 852 5509 τὰ
874 5458 1004 5525 κρέα
1032 5455 1110 5525 ἦν
1138 5455 1278 5520 πρὶν
1311 5458 1345 5524 ἡ
1369 5459 1708 5518 ἐκλείπειν.

185 5516 388 5578 Phrasis
452 5516 670 5586 omnino
743 5516 994 5577 nundosa.
1039 5516 1704 5588 Exemplar"Vaticanum

188 5592 422 5662 tersionis
471 5592 785 5662 LXXviralis
829 5594 968 5662 habet
998 5589 1413 5662 _:_Kal__£'buiav
1469 5597 1706 5662 supcrat;

182 5652 404 5723 ,ξυγμθδς
435 5659 608 5727 κύκλῳ
638 5659 732 5724 τῆς
775 5655 1116 5726 παρεμϐολῆς.
1153 5657 1231 5711 Τὰ
1264 5652 1382 5726 κρέα
1413 5663 1496 5714 ἔτι
1527 5659 1607 5728 ἦν
1639 5652 1700 5721 εὖ

1804 3953 1993 4007 animae
2038 3953 2266 4006 salutem
2314 3947 2673 4002 conferentes.
2705 3946 2794 4001 Sic
2826 3947 3006 4017 itaque
3053 3949 3344 4016 defecerunt

1803 4045 1859 4098 in
1882 4045 2108 4097 vanitate
2141 4042 2249 4096 dies
2280 4056 2490 4103 eorum;
2516 4051 2685 4107 neque
2713 4036 2765 4090 id
2798 4042 3027 4097 tantum,
3061 4036 3153 4090 sed
3184 4038 3342 4092 etiam

1804 4135 1928 4187 anni
1956 4150 2131 4188 eorum
2152 4150 2267 4186 cum
2297 4132 2625 4201 festinatione
2649 4125 2996 4182 defecerunt:
3020 4141 3142 4180 nam
3171 4126 3302 4180 illud
3325 4166 3342 4191 ,

1803 4226 2115 4294 defecerunt,
2147 4226 2202 4278 in
2243 4223 2512 4278 communi
2550 4235 2646 4290 pro
2683 4225 2914 4288 utroque
2952 4217 3342 4286 accipiendum.

1805 4315 1907 4369 Pro
1939 4331 2045 4385 quo
2075 4314 2265 4384 Aquila
2303 4313 2467 4367 edidit
2498 4331 2511 4365 :
2542 4309 2612 4363 Et
2651 4306 3023 4362 consummavit
3059 4306 3211 4374 quasi
3255 4322 3344 4359 ινα-

1802 4424 1976 4477 parem
2007 4407 2116 4460 dies
2144 4421 2339 4467 eorum,
2373 4412 2422 4457 ct
2473 4417 2634 4456 annos
2685 4415 2863 4452 eorum
2913 4397 3156 4466 festinare
3200 4396 3340 4467 fecit.

1805 4496 1933 4564 Ejus
1960 4496 2155 4564 quippe
2181 4495 2270 4564 qui
2304 4495 2357 4546 in
2384 4493 2615 4545 vanitate
2642 4489 2757 4543 dies
2785 4503 2914 4544 suos
2944 4486 3213 4557 transigit,
3243 4501 3342 4540 an-

1806 4585 1861 4638 ni
1895 4584 2210 4638 festinanter
2240 4581 2569 4642 decurrunt;
2603 4578 2721 4645 ejus
2768 4585 2957 4631 contra
3000 4576 3092 4646 qui
3140 4576 3256 4631 dies
3287 4577 3343 4631 in

1805 4673 1924 4728 luce
1950 4683 2002 4728 et
2022 4672 2175 4727 bonis
2200 4671 2453 4740 operibus
2487 4666 2729 4730 insumit,
2762 4664 2879 4720 dies
2908 4681 3014 4719 non
3047 4663 3340 4728 deﬁciunt;

1807 4761 1898 4816 sed
1931 4761 2073 4830 pleni
2103 4759 2355 4823 evadunt,
2390 4764 2442 4812 et
2466 4755 2591 4809 anni
2622 4754 2742 4824 ejus
2771 4753 2991 4824 perfecti
3021 4759 3074 4806 et
3103 4752 3341 4807 diuturni

1807 4858 1952 4903 sunt.
1975 4850 2332 4915 Quamobrem
2362 4847 2428 4902 iis
2455 4845 2545 4914 qui
2574 4852 2696 4913 post
2727 4852 2808 4898 tot
2835 4851 3037 4913 patrata
3057 4843 3340 4906 miracula,

1808 4942 1862 4994 in
1905 4939 2274 4994 incredulitate
2315 4943 2730 4999 consenuerunt,
2762 4936 2884 4988 vita:
2907 4941 3117 4999 tempus
3147 4947 3341 4984 vanum

1807 5039 1888 5085 est
1917 5037 1969 5084 et
2000 5030 2315 5084 festinanter
2355 5025 2605 5081 decurrit.
2633 5026 2677 5076 Α
2709 5022 2979 5077 miraculis
3003 5021 3184 5088 itaque
3213 5021 3340 5082 illis,

1811 5129 1863 5174 et
1896 5137 1925 5173 a
1953 5120 2161 5173 collatis
2191 5118 2288 5172 sibi
2320 5114 2590 5170 beneﬁciis
2620 5115 2752 5167 nihil
2778 5114 2955 5168 statim
2989 5109 3201 5163 fructus
3226 5127 3346 5178 per-

1809 5209 2115 5279 cipiebant;
2150 5209 2242 5262 sed
2288 5221 2381 5274 per
2429 5205 2629 5256 illatam
2679 5205 2780 5259 sibi
2805 5203 3059 5256 ultionem
3089 5199 3349 5254 meliores

1808 5301 2120 5355 evadebant.
2151 5298 2325 5363 Quare
2347 5293 2537 5348 deinde
2575 5294 2758 5347 subdit
2790 5289 3026 5349 :—Vens
3075 5288 3170 5342 56.
3219 5287 3352 5343 Cum

1807 5475 1916 5531 τοῖς
1938 5468 2139 5520 ὀδοῦσιν
2169 5465 2338 5518 αὐτῶν
2365 5461 2522 5532 πρινὴ
2553 5462 2842 5524 ἐκλείπειν,
2875 5462 2974 5514 καὶ
2998 5455 3207 5526 Κύριος
3234 5455 3362 5517 s0»-

1814 5537 1982 5608 μώθη,
2000 5553 2061 5608 Au.
2085 5535 2212 5608 1.}.
2245 5533 2396 5585 Εοιτ.

1882 5601 1961 5674 (2)
2000 5605 2096 5658 Ms.
2137 5604 2188 5656 in
2219 5616 2385 5669 marg.
2431 5617 2443 5653 :
2478 5601 2578 5666 Γρ.
2615 5602 2888 5663 ἀπιστίας.
