3834 6382
136 412 304 512 ςθδ

1328 438 1818 497 COMMENTARIA
1850 442 1913 496 ΙΝ
1951 442 2283 498 PSALMOS.

3333 451 3432 501 9'16

170 536 434 616 πκνίδμα
463 554 858 624 πορευόμενον
900 562 987 613 καὶ
1029 562 1122 612 οὐκ
1162 558 1801 630 ὲπιστρὲφον.Ὀνομάζει

1910 577 1960 615 ro
1993 562 2118 614 facti
2152 569 2298 625 sunt,
2318 558 2462 627 quod
2491 573 2688 627 corpus
2720 559 3036 628 diligerent;
3062 566 3119 610 ut
3142 559 3436 626 justissime

196 652 265 699 δε
301 632 437 685 αὐτὸ
466 638 665 712 οἰκείῳ
694 647 922 717 ὀνόματι
952 654 979 703 ὁ
1012 650 1343 712 Ἀπόστολος,
1370 652 1633 719 φρόνημα
1659 668 1801 719 σαρ-

217 726 441 791 κδςνὲν
484 723 568 791 οἷς
617 750 789 803 φησι·
852 743 917 791 Τὸ
969 741 1072 807 γὰρ
1120 741 1389 807 φρόνημα
1441 740 1546 807 τῆς
1584 744 1801 807 σαρκὸς

238 823 429 888 ἔχθρα
450 821 538 885 εις
568 825 723 875 Θεόν
742 844 756 856 ·
789 827 868 889 τῷ
903 830 1008 894 τὰρ
1035 832 1187 897 νόμῳ
1211 828 1317 881 τοῦ
1353 830 1495 883 Θεοῦ
1520 834 1630 898 οὐχ
1658 834 1801 884 ὐπο-

1899 650 1965 703 de
1996 650 2101 703 illis
2127 649 2337 701 dicatur
2364 667 2375 701 :
2404 646 2570 699 Ilomo
2599 663 2712 699 cum
2742 648 2792 698 in
2822 647 3012 699 honore
3034 656 3185 707 esset,
3220 665 3320 701 non
3349 650 3433 699 in-

1902 741 2113 801 tellexit,
2140 746 2467 805 comparatus
2495 746 2569 787 est
2591 736 2837 803 jumentis
2865 734 3243 800 insipientibus,
3278 746 3325 788 et
3357 736 3433 787 si-

1904 832 2040 883 milis
2072 830 2240 897 factus
2267 838 2343 880 est
2372 828 2477 879 illis
2493 828 2551 880 ⁸⁸.

234 912 557 1017 τάσσεῖται,
587 916 733 968 οὐδὲ
769 918 875 1017 γὰρ
908 919 1144 972 δύναται
1165 937 1176 949 ·
1212 920 1275 971 τὸ
1314 920 1380 971 δὲ
1408 923 1673 989 φρόνημα
1704 923 1807 975 τοῦ
1843 924 2170 990 πνεύματος
2202 920 2309 987 ζωὴ
2350 920 2440 971 καὶ
2474 918 2694 985 εἰρήνη.
2725 916 2873 969 Οὕτω
2900 916 2953 968 δὲ
2985 915 3179 985 σάρκες
3214 918 3261 967 οἱ
3316 933 3434 967 κατε

231 1005 608 1074 ηγορούμενοι
653 1009 962 1075 γεγόνεισαν
1008 1013 1071 1063 ὲκ
1113 1011 1202 1063 τοῦ
1250 1010 1668 1080 φιλοσωματείν·
1696 1014 1768 1075 ὡς
1806 1014 1894 1065 καὶ
1954 1013 2075 1081 περὶ
2128 1010 2300 1063 αὐτῶν
2366 1009 2666 1060 δικαιότατα
2694 1006 2756 1057 ἂν
2784 1006 3028 1075 είρῆσθαι
3059 1005 3148 1055 τό’
3188 1006 3430 1071 Ἀνθρω-

225 1107 354 1157 πος
394 1095 471 1145 ἐν
506 1095 642 1162 τιμῇ
679 1095 765 1148 ὢν
791 1100 857 1149 οὐ
886 1100 1129 1165 συνῆκε,
1155 1102 1644 1168 παρασυνεϐλήθη
1677 1101 1799 1167 τοῖς
1835 1102 2073 1169 κτήνεσι
2100 1100 2219 1164 τοῖς
2246 1098 2533 1165 ἀνοήτοις,
2569 1096 2665 1148 καὶ
2696 1095 2948 1163 ὡμοιώθη
2974 1091 3189 1157 αὐτοῖς.

306 1204 596 1270 Ποσάκις
643 1210 1084 1275 παρεπίκραναν
1133 1213 1313 1263 αὐτὸν
1359 1213 1427 1264 ἐν
1471 1211 1543 1279 τῇ
1590 1211 1799 1280 ἐρήμῳ,

218 1293 639 1362 παρώρτισοιν
668 1298 853 1349 αὐτὸν
882 1299 949 1350 ἐν
974 1298 1047 1368 τῇ
1085 1300 1314 1367 ἀνύδρῳ
1341 1302 1360 1354 ,¹
1398 1302 1503 1353 Καὶ
1531 1300 1802 1368 ἐπέστρε-

213 1383 365 1447 ψαν
391 1383 497 1433 καὶ
532 1383 856 1451 ἐπείρασαν
886 1387 987 1438 τὸν
1020 1388 1180 1453 Θεὸν,
1212 1390 1306 1442 καὶ
1336 1390 1439 1442 τὸν
1471 1391 1671 1457 ’Ἂγιον
1698 1391 1800 1442 τοῦ

226 1470 507 1537 Ἰσραὴλ
537 1473 913 1538 παρώξυναν.
953 1479 1069 1528 Οὐκ
1111 1477 1495 1544 ἐμνήσθησαν
1542 1477 1647 1544 τῆς
1686 1495 1802 1545 χει-

205 1561 333 1627 ρὸς
369 1561 596 1622 αὐτοῦ,
630 1562 849 1629 ἡμέρας
873 1560 947 1632 ἧς
971 1565 1334 1633 ἐλυτρώσατο
1367 1566 1581 1631 αὐτοὺς
1604 1568 1670 1619 ἐκ
1693 1585 1805 1633 χει-

203 1651 332 1715 ρὸς
370 1653 832 1717 θλίϐοντος.Ὠς
871 1656 1031 1708 ἔθετο
1067 1658 1133 1708 ἐν
1163 1659 1428 1725 Αἰγύπτῳ
1471 1657 1538 1709 τὰ
1585 1657 1801 1724 σημεῖα

206 1743 459 1804 αὑτοῦ,
498 1744 601 1796 καὶ
656 1745 723 1797 τὰ
764 1744 970 1811 τέρατα
1013 1748 1193 1797 αὐτοῦ
1236 1747 1293 1797 ἐν
1330 1747 1534 1809 »πεδίῳ
1564 1745 1800 1809 Τάνεως.

207 1834 675 1901 Μετέστρεψεν
705 1837 789 1899 εἰς
820 1831 957 1902 αἷμα
984 1836 1118 1900 τοὺς
1146 1837 1441 1904 ποταμοὺς
1466 1835 1675 1895 αὐτῶν,
1707 1836 1800 1887 καὶ

209 1924 303 1976 τὰ
358 1924 719 1991 ὀμϐρήματα
768 1924 957 1977 αὐτῶν
994 1926 1147 1989 ὅπως
1185 1926 1262 1991 μὴ
1310 1928 1541 1977 πίωσιν.
1571 1924 1803 1987 Ἐξαπέι-

1972 1210 2131 1265 Vens.
2160 1210 2226 1263 40
2250 1239 2271 1248 -
2291 1210 2378 1263 48.
2422 1208 2632 1272 Quoties
2659 1206 3084 1258 exacerbaverunt
3121 1220 3234 1255 eum
3269 1204 3320 1254 in
3343 1203 3430 1253 de-

1902 1312 2058 1365 serto,
2089 1303 2140 1355 in
2168 1303 2298 1353 iram
2334 1300 2713 1352 concitaverunt
2743 1313 2854 1348 eum
2885 1296 2935 1347 in
2970 1304 3103 1347 terra
3139 1294 3432 1361 inaqnosa!

1903 1394 1968 1446 Et
2014 1394 2244 1446 conversi
2293 1401 2411 1444 sunt
2457 1400 2504 1443 et
2551 1398 2867 1441 tentaverunt
2898 1386 3082 1448 Deum,
3109 1396 3157 1438 et
3184 1385 3431 1438 Sanetum

1903 1482 2074 1535 Israel
2112 1480 2563 1533 exacerbaverunt.
2607 1474 2725 1529 Non
2770 1485 2887 1528 sunt
2941 1476 3195 1527 recordati
3250 1491 3431 1525 manus

1897 1574 2027 1640 ejus,
2062 1571 2162 1623 diei
2190 1587 2289 1639 qua
2320 1568 2528 1620 redemit
2554 1584 2637 1619 eos
2668 1566 2728 1618 de
2757 1581 2912 1616 manu
2940 1564 3258 1615 tribulantis.
3289 1563 3433 1616 Sicut

1898 1662 2067 1730 posuit
2094 1662 2145 1712 in
2174 1658 2399 1727 Aigypto
2430 1659 2577 1726 signa
2606 1673 2722 1717 sua,
2746 1664 2793 1708 et
2818 1654 3055 1721 prodigia
3083 1670 3177 1705 sua
3212 1654 3265 1704 in
3295 1669 3436 1703 cam-

1899 1769 1963 1820 po
1989 1752 2206 1804 Tantos.
2240 1749 2498 1801 Convertit
2538 1750 2589 1799 in
2624 1748 2927 1815 sanguinem
2971 1745 3189 1811 ﬂumina
3236 1759 3432 1804 eorum,

1899 1850 1947 1892 et
1972 1839 2155 1891 imbres
2184 1854 2358 1890 eorum
2389 1854 2448 1889 ne
2470 1836 2715 1887 biberent.
2748 1835 2892 1886 Misit
2922 1835 2971 1885 in
2996 1849 3079 1885 eos
3103 1833 3436 1900 caznomyiam

1901 1940 1947 1982 et
1982 1929 2197 1981 comedit
2228 1945 2334 1989 eos,
2362 1937 2409 1980 et
2437 1942 2623 1977 ranam
2654 1936 2700 1977 et
2724 1923 3031 1992 disperdidit
3060 1939 3166 1976 eos.
3199 1922 3263 1973 Et
3298 1922 3436 1974 dedit

207 2018 499 2067 στειλεν
527 2016 608 2078 εἰς
642 2014 858 2078 αὐτοὺς
888 2018 1210 2082 κυνόμυιαν
1236 2015 1329 2066 καὶ
1355 2015 1677 2082 κατέφαγεν
1701 2016 1806 2066 αὑ-

1910 2020 2119 2088 tvrugini
2161 2018 2385 2085 fructum
2417 2032 2613 2078 eorum,
2650 2024 2697 2067 et
2738 2015 2938 2067 labores
2980 2030 3156 2066 eorum
3206 2014 3433 2065 locusta'.

211 2104 416 2168 τοὺς,
449 2103 553 2156 καὶ
597 2103 904 2171 ,βάτραχον
936 2104 1027 2156 καὶ
1062 2104 1379 2171 διέφθειρεν
1423 2107 1658 2169 αὐτούς.
1694 2104 1802 2158 Καὶ

206 2194 434 2247 ἔδωκε
485 2191 565 2258 τῇ
613 2193 859 2259 ἐρυσίϐῃ
901 2193 1003 2243 τὸν
1044 2194 1268 2259 καρπόν
1295 2191 1504 2257 αὐτῶν,
1532 2191 1627 2245 καὶ
1666 2193 1806 2257 τοὺς

210 2285 478 2347 πόνους
510 2280 711 2333 αὐτῶν
744 2280 816 2347 τῇ
852 2281 1063 2347 ἀκρίδι.
1096 2282 1202 2335 Καὶ
1228 2281 1567 2335 ἀπέκτεινεν
1606 2284 1673 2335 ἐν
1701 2300 1806 2350 χα-

212 2372 393 2440 λάζῃ
442 2372 561 2437 τὴν
601 2370 868 2438 ἄμπελον
904 2370 1126 2435 αὐτῶν,
1162 2372 1254 2423 καὶ
1295 2373 1399 2436 τὰς
1444 2374 1806 2440 συκαμίνους

212 2455 449 2517 αὐτῶν
478 2461 551 2512 ἐν
580 2459 654 2527 τῇ
680 2459 896 2527 πάχνη.
941 2461 1045 2514 Kal
1076 2461 1405 2526 παρέδωκεν
1440 2465 1524 2525 εὶς
1550 2462 1807 2529 χάλαζαν

215 2559 303 2611 τὰ
337 2558 546 2623 κτήνη
569 2558 784 2619 αὐτῶν,
805 2559 901 2609 καὶ
927 2557 1037 2621 τὴν
1055 2557 1305 2623 ὕπαρξιν
1329 2557 1520 2610 αὐτῶν
1543 2557 1620 2622 τῷ
1644 2560 1801 2625 πυρί.

216 2647 405 2702 Μετὰ
440 2648 511 2699 τὰ
540 2646 897 2715 προλεχοὼτα
929 2648 1098 2698 πάντα
1120 2647 1412 2715 παρέμενον
1442 2650 1805 2717 παραπικραί-

216 2752 452 2799 νοντες,
488 2735 734 2786 τουτέστι
772 2736 959 2804 πικρὸν
985 2737 1189 2797 ἑαυτοῖς
1216 2737 1304 2788 τὸν
1349 2736 1475 2787 Θεὸν
1522 2736 1809 2787 καθιστῶν-

218 2844 353 2891 τες,
398 2825 642 2895 χρηστὸν
670 2825 796 2877 ὄντα
836 2828 898 2893 τῇ
932 2825 1082 2892 φύσει
1119 2827 1207 2877 καὶ
1252 2827 1446 2892 ἀγαθον
1475 2826 1563 2878 καὶ
1591 2826 1805 2892 γλυκὺν,

219 2920 355 2977 τοῖς
411 2915 473 2966 δὲ
517 2914 785 2983 τιμωρίας
825 2913 989 2976 ἀξίοις
1032 2914 1220 2983 πικρὸν
1264 2914 1624 2983 νομιζόμενον.
1656 2910 1807 2967 Οὗτοι

220 3000 378 3068 γοῦν
413 3001 467 3051 οἱ
506 3000 564 3049 ἐν
589 3001 653 3067 τῇ
690 3000 878 3068 ἐρήμῳ
910 2998 1254 3068 παρώργισαν
1284 3002 1457 3062 αὑτὸν,
1484 3004 1689 3063 ἑαυτοῖς
1714 3002 1808 3071 τὴν

221 3090 418 3159 ὀργὴν
455 3086 848 3167 ἐπισπώμενοι.
878 3090 982 3141 Καὶ
1006 3090 1160 3143 πάλιν
1193 3091 1516 3158 ἐπέστρεφον
1548 3092 1639 3141 καὶ
1662 3092 1807 3142 ἐπεί-

226 3183 414 3251 ραζον
451 3180 547 3231 τὸν
581 3178 729 3241 Θεὸν,
769 3180 860 3230 καὶ
893 3180 981 3231 τὸν
1008 3182 1185 3247 ’Ἀγιον
1218 3182 1307 3234 τοῦ
1326 3181 1531 3251 Ἰσραὴλ
1562 3180 1808 3251 παρώξυ-

225 3287 351 3322 νον.
375 3269 497 3321 Kal
519 3266 692 3320 ταῦτα
716 3268 888 3320 πάντα
913 3268 1222 3338 διέπραττον
1254 3272 1324 3340 μὴ
1356 3271 1808 3339 ἀναλαμϐάνοντες

1902 2108 1968 2160 Et
2013 2108 2197 2160 occidit
2238 2109 2290 2159 in
2320 2106 2571 2176 grandine
2615 2106 2810 2157 vineam
2842 2121 3040 2165 eorum,
3077 2114 3123 2156 et
3154 2120 3322 2155 moros
3352 2120 3438 2155 eo-

1901 2214 2015 2251 rum
2044 2199 2096 2249 in
2118 2200 2325 2266 pruina.
2363 2196 2427 2248 Et
2460 2196 2672 2247 tradidit
2712 2196 2953 2262 grandini
2975 2195 3210 2262 jumenta
3238 2210 3433 2254 eorum,

1900 2301 1945 2343 et
1985 2289 2353 2357 possessionem
2402 2301 2576 2337 eorum
2624 2284 2746 2352 igni.
2782 2282 2904 2336 Post
2958 2284 3208 2350 prtedicta
3233 2283 3433 2341 omnia,

1902 2379 2301 2437 exacerbanles,
2340 2375 2528 2443 inquit,
2567 2380 2996 2441 permanserunt,
3032 2374 3081 2424 id
3132 2381 3234 2432 est,
3271 2370 3433 2423 Deum

1902 2472 2004 2525 sibi
2053 2469 2301 2522 acerbum
2348 2467 2754 2525 constituentes,
2788 2464 2879 2530 qui
2916 2470 3093 2514 tamen
3127 2468 3437 2513 mansuetus

1902 2570 2114 2623 natura,
2149 2562 2320 2613 bonus
2362 2567 2413 2611 et
2440 2556 2612 2609 dulcis
2642 2564 2760 2620 est;
2794 2555 2887 2607 sed
2916 2554 2981 2606 ab
3017 2554 3080 2606 iis
3113 2552 3203 2621 qui
3236 2553 3439 2619 suppli-

1903 2654 1983 2706 cio
2008 2651 2154 2720 digni
2187 2657 2313 2703 sunt
2343 2647 2568 2699 acerbus
2596 2645 2953 2698 existimatur.
2989 2642 3050 2694 lli
3084 2643 3242 2709 igitur
3268 2642 3356 2709 qui
3385 2641 3436 2691 in

1902 2739 2115 2792 deserto
2161 2737 2507 2788 irritaverant
2551 2748 2693 2796 eum,
2740 2731 2841 2784 sibi
2893 2732 3025 2782 iram
3078 2738 3434 2781 atlraxerunt.

1903 2829 2242 2896 Rursumque
2272 2827 2615 2879 vertebantur
2650 2830 2705 2875 ut
2733 2828 2999 2875 tentarent
3024 2820 3207 2880 Deum,
3235 2831 3285 2873 et
3308 2818 3442 2873 San-

1905 2927 2049 2971 ctum
2074 2919 2235 2970 Israel
2262 2917 2662 2970 exacerbarent.
2688 2913 2812 2965 Haec
2837 2927 2999 2980 porro
3015 2911 3193 2963 omnia
3216 2910 3443 2977 agebant

1904 3008 2045 3077 quod
2076 3007 2347 3059 mirabiles
2368 3006 2484 3057 illas
2515 3004 2614 3057 sibi
2637 3003 2763 3055 olim
2793 3000 3061 3053 exhibitas
3088 2998 3310 3050 virtutes
3332 3012 3442 3050 me-

1906 3098 2072 3150 moria
2100 3111 2204 3148 non
2236 3101 2535 3163 repeterent
2564 3110 2578 3146 :
2612 3106 2719 3159 quo
2753 3100 2992 3158 tempore
3022 3088 3088 3141 de
3123 3102 3281 3139 manu
3307 3086 3443 3138 Pha-

1904 3188 2085 3239 raonis
2118 3201 2174 3239 se
2199 3184 2548 3253 opprimentis
2579 3180 2804 3234 redemit
2832 3194 2945 3240 eos,
2981 3188 3032 3231 et
3064 3178 3129 3229 ab
3162 3176 3441 3245 Egyptio-

1906 3290 2022 3326 rum
2056 3275 2328 3325 dominatu
2364 3272 2623 3331 liberavit,
2655 3269 2938 3334 variasque
2984 3265 3213 3318 inimicis
3258 3279 3442 3317 eorum

226 3364 300 3430 τῇ
357 3361 564 3427 μνήμῃ
594 3357 691 3419 τὰς
738 3358 897 3411 πάλαι
925 3336 1218 3428 δειχθείσας
1255 3336 1437 3421 ταύτοῖς
1484 3336 1808 3430 παραδόξους

1910 3368 2098 3421 inﬂixit
2125 3368 2307 3435 plagas
2338 3370 2389 3417 in
2423 3378 2611 3431 campo
2646 3361 2852 3413 Tancos
2884 3378 2895 3411 :
2936 3359 3023 3411 ubi
3066 3358 3235 3425 primo
3269 3357 3444 3408 conti-

228 3451 549 3519 δυνάμειςο
575 3448 692 3499 καθ’
721 3446 778 3500 ὃν
808 3449 992 3517 καιρὸν
1013 3449 1365 3517 λυτρούμενος
1392 3450 1582 3511 αὐτοὺς
1612 3451 1674 3500 ὲκ
1697 3466 1807 3516 χει-

231 3542 332 3614 ρὸς
382 3538 671 3599 θλίϐοντος
715 3538 806 3589 τοῦ
856 3538 1067 3606 Φαραὼ,
1095 3539 1377 3607 ἠλευθέρου
1402 3540 1497 3607 τῆς
1526 3538 1629 3589 τῶν
1654 3539 1811 3605 Λίγυ-

230 3633 422 3683 πτίων
462 3628 803 3688 δυναστείας,
833 3628 1096 3697 διαφόρως
1122 3630 1243 3690 τοὺς
1284 3629 1506 3697 ἐχθροὺς
1532 3627 1704 3679 αὐτῶν
1732 3630 1813 3679 αἰ-

228 3721 357 3785 κιζό
366 3736 544 3791 μενος
570 3722 625 3769 ὲν
648 3720 726 3786 τῳ
748 3719 958 3780 Τάνεως
986 3719 1145 3787 πεδίῳ
1166 3738 1177 3749 ·
1205 3721 1260 3770 ὲν
1346 3718 1555 3788 πρῶτον
1577 3719 1811 3785 ἐγίγνετο

228 3814 263 3881 ἡ
315 3811 423 3863 τοῦ
471 3808 721 3875 ποταμοῦ
753 3810 829 3871 είς
866 3803 998 3876 αἷμα
1029 3808 1307 3877 μεταϐολὴ,
1348 3809 1653 3875 Αἰγυπτίοις
1681 3804 1812 3860 οὖσα

229 3901 504 3968 τοιαύτη,
534 3899 593 3948 οὑ
626 3896 729 3965 μὴν
768 3898 859 3948 καὶ
884 3901 992 3959 τοῖς
1024 3896 1585 3967 βοηθουμένοις.”06εν
1613 3898 1704 3948 καὶ
1744 3895 1812 3947 τὰ

229 3992 594 4062 ὀμϐρήματα
633 3986 886 4055 αὑτῶν,ἢ
935 3986 1071 4039 κατὰ
1116 3988 1203 4039 τὸν
1240 3987 1482 4048 Ἀκύλαν,
1513 3990 1569 4037 al
1600 3985 1813 4052 κατάῥο

229 4083 399 4146 fatal.
432 4074 659 4136 αὐτῶν,
688 4075 718 4141 ἢ
747 4076 882 4127 κατὰ
910 4075 998 4126 τὸν
1025 4076 1331 4145 Σύμμαχον,
1366 4077 1434 4128 τὰ
1468 4076 1667 4142 ῥεῖθρα
1712 4076 1813 4128 αὐ-

234 4168 403 4229 ιῶν,
461 4163 819 4233 μετεϐάλλετο
869 4165 946 4225 είς
999 4159 1152 4233 αἷμα.
1211 4166 1364 4216 Πᾶσα
1412 4164 1519 4234 γὰρ
1565 4164 1811 4224 σύστασις

232 4260 468 4311 ὑδάτων
502 4255 571 4305 τὰ
610 4255 765 4321 ὃμοια
794 4252 868 4321 τῷ
895 4254 1116 4322 ποταμῷ
1158 4254 1407 4323 ἔπασχεν.
1428 4253 1583 4305 Ἀλλὰ
1615 4253 1811 4305 τούτων

231 4348 513 4418 οὐδεμίαν
558 4343 833 4395 ἐποιοῦντο
866 4345 1077 4412 μνήμην
1119 4346 1166 4395 οἱ
1194 4343 1663 4412 κατηγορούμενοι,
1697 4342 1813 4397 οὐδὲ

231 4443 301 4508 τῇ
328 4439 433 4489 διὰ
460 4436 561 4503 τῆς
594 4432 885 4501 κυνομυίας
913 4433 1030 4482 κατ’
1056 4433 1361 4498 Αἰγυπτίων
1392 4433 1565 4502 πληγῇ
1607 4437 1811 4503 προσεῖ-

232 4546 331 4597 χον
361 4526 465 4577 τὸν
492 4524 640 4585 νοῦν,
663 4522 779 4573 οὐδὲ
804 4524 865 4589 τῇ
888 4520 972 4573 διὰ
1001 4521 1107 4573 τῶν
1129 4521 1406 4590 βατράχων
1435 4523 1671 4590 μάστιγι,
1694 4525 1812 4576 οὐδὲ

231 4622 304 4687 τῇ
325 4616 429 4669 διὰ
458 4614 563 4681 τῆς
591 4613 843 4682 ἐρυσίϐης
880 4612 973 4679 (1)·
1010 4611 1121 4664 ἀλλ’
1153 4612 1260 4662 οὐδ’
1293 4612 1433 4672 ὅπως
1465 4612 1530 4662 δι’
1554 4614 1746 4675 αὐτοὺς
1765 4615 1812 4665 οἱ

1908 3461 1982 3528 git
2032 3458 2264 3511 ﬂuminis
2313 3457 2365 3509 in
2421 3454 2731 3523 sanguinem
2784 3451 3028 3509 mutatio,
3061 3465 3178 3516 quae
3229 3447 3442 3515 quidem

1910 3548 2173 3617 Egyptiis
2218 3546 2343 3599 talis
2388 3556 2522 3606 erat,
2551 3558 2655 3595 non
2677 3548 2854 3594 autem
2886 3540 2952 3593 iis
2982 3538 3070 3607 qui
3096 3538 3441 3604 iuvabantur.

1910 3637 2084 3701 Quare
2118 3636 2315 3690 imbres
2347 3648 2561 3703 quoque
2588 3647 2794 3695 eorum,
2827 3630 2938 3683 sive
2964 3627 3257 3683 secundum
3281 3625 3448 3693 Aqui~

1908 3724 2034 3785 lam,
2068 3723 2240 3790 ﬂuxus
2263 3736 2468 3782 eorum;
2489 3721 2599 3773 sive
2624 3717 2916 3772 secundum
2945 3714 3344 3785 Symmachum,
3367 3714 3449 3765 al-

1910 3815 1985 3867 vei
2011 3830 2208 3875 eorum,
2239 3812 2291 3864 in
2321 3812 2632 3880 sanguinem
2669 3805 3231 3862 vertebantur.0mnis
3257 3805 3449 3873 quippe

1910 3919 2168 3972 aquarum
2218 3902 2485 3962 collectio,
2520 3900 2665 3968 paria
2706 3899 2912 3952 ﬂumini
2962 3913 3119 3966 passa
3166 3904 3267 3950 est.
3300 3895 3367 3949 At
3411 3895 3449 3948 ii

1908 3995 1999 4061 qui
2045 4000 2385 4053 accusantur,
2407 3992 2606 4043 nullam
2658 4004 2842 4043 eorum
2895 3988 3206 4041 memoriam
3252 3987 3451 4040 retine-

1910 4081 2058 4142 bant,
2089 4096 2260 4148 neque
2310 4080 2486 4132 animo
2540 4076 2849 4146 repetebant
2884 4076 3199 4145 emnomyia:
3242 4075 3447 4142 plagam

1911 4170 2175 4241 {Egyptiis
2209 4170 2527 4230 immissam,
2566 4184 2669 4222 non
2701 4180 2951 4219 ranarum
2984 4179 3156 4232 neque
3198 4164 3449 4230 arruginis

1910 4260 2209 4325 ﬂagellum;
2260 4259 2351 4313 sed
2414 4272 2585 4325 neque
2633 4269 2737 4324 qua
2788 4253 2995 4305 ratione
3040 4252 3249 4303 illorum
3280 4249 3448 4318 gratia

1912 4349 2145 4419 {Egyptii
2194 4349 2432 4408 locustae,
2466 4342 2961 4414 grandini,pruina:
3011 4347 3065 4393 et
3113 4338 3219 4406 igni
3272 4337 3450 4389 traditi

1911 4440 2333 4508 castigabantur.
2354 4435 2552 4487 Horum
2588 4432 3006 4499 experimentum
3030 4443 3151 4482 cum
3172 4442 3331 4496 opere
3360 4442 3450 4481 ce-

1914 4531 2137 4599 pissent.
2171 4530 2509 4581 immemores
2559 4536 2735 4574 tamen
2784 4519 3021 4573 omnium
3068 4525 3240 4570 erant.
3277 4518 3452 4581 Quare

1918 4617 2210 4671 secundum
2249 4611 2627 4683 Symmachum
2674 4608 2879 4660 dictum
2910 4618 2991 4660 est
3026 4626 3037 4660 :
3079 4605 3197 4657 Non
3227 4614 3345 4657 sunt
3374 4621 3455 4656 re-

233 4708 545 4775 Αἰγύπτιοι
586 4703 765 4772 ἀκρίδι
810 4703 900 4753 καὶ
950 4702 1174 4773 χαλάζῃ,
1208 4703 1299 4752 καὶ
1341 4701 1513 4770 πάχνῃ
1542 4706 1637 4755 καὶ
1684 4706 1811 4775 πυρὶ

1919 4706 2119 4758 cordati
2162 4720 2342 4756 manus
2388 4702 2519 4768 ejus,
2553 4700 2653 4750 diei
2676 4714 2777 4767 qua
2807 4698 3040 4750 liberavit
3082 4713 3165 4748 eos
3194 4694 3256 4747 de
3284 4694 3453 4745 tribu-

236 4795 656 4869 παραδοθέντες
686 4793 1009 4856 ἐκολάζοντο.
1045 4794 1259 4845 Τούτων
1290 4791 1334 4842 δ’
1362 4791 1537 4860 ἔργοις
1572 4793 1670 4863 τὴν
1702 4798 1816 4846 πεῖ-

240 4904 349 4959 ραν
406 4884 710 4953 εἰληφότες,
741 4884 1041 4953 ἀμνήμονες
1080 4882 1334 4934 ἁπάντων
1385 4881 1678 4947 ἐγίγνοντο,
1730 4886 1817 4937 Διὸ

240 4977 391 5030 κατὰ
424 4974 518 5027 τὸν
549 4974 836 5041 Σύμμαχον
878 4973 1115 5041 εἴρηται’
1156 4970 1275 5020 Οὐκ
1308 4969 1819 5037 ἀνεμιμνήσκοντο

243 5068 366 5133 τὴν
419 5064 590 5133 χεῖρα
630 5062 827 5123 αὑτοῦ,
850 5062 957 5129 τὴν
982 5061 1205 5129 ἡμέραν
1229 5057 1298 5107 ἐν
1320 5052 1359 5125 ᾖ
1388 5058 1686 5124 ἐρῤύσατο
1717 5067 1823 5118 αὐ-

244 5156 396 5218 τοὺς
431 5155 501 5205 ἐκ
538 5152 642 5203 τοῦ
671 5153 999 5215 θλίευντος·
1040 5147 1141 5201 τοῦ
1185 5144 1538 5212 ποιήσαντος
1587 5152 1669 5204 τὰ
1710 5170 1822 5221 ση-

248 5244 389 5310 μεῖα
426 5240 613 5293 αὐτοῦ
646 5240 742 5292 καὶ
774 5240 842 5292 τὰ
872 5239 1067 5305 τέρατα
1098 5232 1287 5286 αὐτοῦ
1313 5233 1709 5306 ἐνΑἰγύπτῳ,
1756 5247 1825 5297 ἐν

248 5332 440 5395 πεδίῳ
495 5330 740 5395 Τάνεως⁸
774 5328 873 5381 τοῦ
910 5323 1335 5395 μεταϐαλόντος
1372 5328 1454 5390 εἰς
1490 5324 1650 5395 αἷμα
1683 5335 1828 5400 τοὺς

251 5421 562 5486 ποταμοὺς
610 5420 818 5481 αὐτῶν,
844 5418 934 5470 καὶ
980 5416 1043 5467 τὰ
1076 5410 1291 5477 ῥεῖθρα
1333 5413 1539 5479 αὐτῶν,
1575 5419 1694 5475 ἵνα
1734 5425 1823 5492 μὴ

252 5513 440 5564 πίωσι
465 5528 477 5541 ⁸
506 5510 608 5563 τοῦ
634 5505 1045 5572 ἐπιπέμψαντος
1080 5496 1293 5563 αὐτοῖς
1321 5504 1667 5570 κυνόμυιαν
1705 5528 1827 5576 φα-

336 5624 376 5653 ³⁸
398 5623 535 5678 Psal.
566 5634 746 5678 xtvm,
772 5614 852 5665 2L

332 5737 399 5807 (ί)
432 5734 525 5788 Μς,
559 5723 818 5801 ἐρισύόης.

1919 4800 2081 4859 lante,
2107 4797 2217 4864 ejus
2270 4795 2356 4862 qui
2409 4792 2525 4859 fecit
2576 4791 2725 4857 signa
2770 4805 2868 4841 sua
2908 4796 2956 4841 et
3003 4786 3235 4853 prodigia
3266 4802 3360 4836 sua
3404 4785 3455 4835 in

1920 4889 2166 4957 Afgypto,
2202 4886 2253 4936 in
2282 4898 2459 4949 campo
2478 4880 2710 4938 Taneos;
2734 4880 2820 4947 qui
2849 4875 3135 4929 immutavit
3168 4874 3219 4924 in
3255 4874 3459 4941 sangui-

1922 4994 2034 5031 nem
2062 4976 2278 5044 ﬂumina
2310 4988 2503 5032 eorum,
2535 4979 2582 5021 et
2613 4970 2779 5021 alveos
2814 4982 2989 5020 eorum
3012 4972 3183 5015 utnon
3203 4961 3457 5024 biberent;

1923 5066 2010 5135 qui
2051 5066 2187 5117 misit
2217 5064 2339 5129 ipsis
2383 5058 2718 5125 canomyiam
2767 5056 2833 5106 ad
2865 5050 3228 5106 comedendum
3272 5066 3380 5110 eos,
3412 5061 3459 5100 et

1925 5170 2109 5206 ranam
2143 5152 2208 5203 ad
2242 5144 2633 5215 disperdendum
2661 5159 2779 5202 eos;
2825 5142 2910 5208 qui
2936 5136 3076 5189 dedit
3103 5137 3323 5202 wrugini
3349 5136 3462 5201 [ru-

1925 5254 2036 5295 ctus
2066 5255 2241 5293 eorum
2269 5247 2318 5291 et
2350 5236 2545 5287 labores
2574 5246 2750 5283 eorum
2781 5230 3021 5285 locustw;
3052 5220 3139 5291 qui
3194 5222 3380 5272 occidit
3410 5225 3465 5273 in

1924 5333 2172 5401 grandine
2212 5331 2404 5383 vineam
2450 5338 2645 5384 eorum,
2678 5332 2723 5373 et
2748 5334 3037 5387 sycomoros
3062 5329 3242 5365 eorum
3273 5314 3325 5363 in
3353 5328 3467 5363 ver-

1928 5438 2038 5484 me;
2067 5421 2153 5488 qui
2184 5415 2395 5471 tradidit
2418 5409 2800 5478 pestijumenta
2828 5420 3023 5463 eorum,
3048 5411 3094 5453 et
3117 5401 3469 5466 possessiones

1927 5528 2099 5567 eorum
2131 5508 2326 5564 avibus.
2360 5504 2458 5556 Pro
2483 5500 2571 5553 illo
2614 5508 2810 5560 autem,
2841 5494 3078 5566 terugini,
3110 5489 3478 5559 Symmachus
