3834 6350
190 354 289 409 9‘29

1261 359 1756 419 COMMENTARIA
1790 359 1855 414 IN
1893 360 2220 416 PSALMOS.

3262 369 3362 424 030

191 468 371 534 φυγεῖν
398 464 493 536 τὴν
511 466 682 538 ὀργὴν
710 469 874 522 αὑτοῦ
894 485 907 498 ·
942 470 1046 523 τῶν
1071 471 1124 523 δέ
1145 473 1446 538 Αἰγυπτίων
1471 475 1567 526 οὐκ
1591 473 1732 541 ἐφεί-

1839 489 1988 528 suam
2015 492 2028 528 :
2063 472 2328 543 Egyptiis
2355 489 2478 528 vero
2500 489 2605 528 non
2629 477 2894 545 pepercit;
2923 493 3099 530 verum
3139 479 3190 532 in
3225 495 3365 532 mor-

192 571 346 608 σατο’
379 555 666 625 παρεδίδου
719 559 778 611 δὲ
822 561 900 622 εἰς
953 559 1172 614 θάνατον
1203 561 1298 624 τὰς
1341 560 1512 630 ψυχὰς
1540 561 1733 624 αὐτῶν,

191 647 345 713 ἀξίων
375 645 544 699 ὄντων
567 647 669 718 τῆς
697 650 947 720 τοιαύτης
967 650 1228 722 τιμωρίας
1247 669 1261 682 ·
1294 653 1600 722 ἐπειδήπερ,
1624 653 1738 704 ἁσε·

191 737 354 798 όείαις
393 736 743 806 ἐκδεδομένοι
783 740 874 791 καὶ
927 743 990 809 τῇ
1020 741 1256 812 πολυθέῳ
1281 742 1373 794 καὶ
1406 743 1735 812 Αίγυπτιακῇ

191 826 584 898 δεισιδαιμονίᾳ,
638 826 786 898 ἄλλῳ
830 829 1035 894 θανάτῳ
1091 831 1187 894 τὰς
1237 831 1409 900 ψυχὰς
1451 831 1736 900 ἐτύγχανον

193 916 621 986 βεδαπτισμένοι.
652 919 854 990 Διόπερ
879 921 905 971 6
932 920 1116 990 παρὼν
1154 922 1306 988 λόγος
1332 923 1390 973 οὑ
1421 923 1593 975 κοινὸν
1643 921 1738 974 θά-

191 1026 336 1061 νατον
371 1009 767 1080 ἐπεληλυθέναι
799 1013 973 1075 αὐτοῖς
1002 1013 1252 1077 διδάσκει,
1285 1012 1413 1065 ἀλλά
1437 1013 1616 1083 ψυχῶν
1645 1012 1737 1064 θά-

194 1098 430 1151 νατον.Ὀ
473 1099 582 1170 γὰρ
631 1099 970 1171 ὀλοθρευτὴς,
1006 1095 1048 1169 ᾧ
1100 1103 1482 1172 παρεδόθησαν,
1517 1105 1628 1170 ἃμα
1671 1105 1733 1172 τῇ

194 1187 280 1241 τοῦ
311 1187 559 1257 σώματος
590 1189 852 1254 διαλύσει,
877 1191 971 1252 τὰς
999 1189 1170 1260 ψυχὰς
1195 1191 1368 1243 αὐτῶν
1391 1192 1734 1263 παρελάμϐα-

196 1294 295 1338 νεν,
319 1279 396 1339 εἰς
424 1277 647 1348 ὄλεθρον
681 1279 847 1340 αὑτὰς
869 1280 1109 1346 ἀπάγων.
1138 1281 1224 1333 Διὸ
1253 1281 1346 1334 καὶ
1372 1275 1521 1342 αὖθις
1543 1282 1736 1350 γέγρα-

196 1384 347 1419 πται·
381 1369 504 1420 Οὐκ
560 1368 846 1436 ἐρείσατο
898 1370 1013 1422 ἀπὸ
1070 1370 1324 1425 θανάτου
1370 1369 1486 1422 τῶν
1527 1371 1736 1438 ψωχῶν

193 1457 392 1509 αὐτῶν.
436 1453 572 1510 Εἶτα
616 1459 869 1525 διασαφεῖ
912 1459 1079 1528 λέγων
1129 1460 1287 1530 ἑξῆς·
1327 1461 1438 1515 Kal
1485 1460 1735 1522 ἐπάταξε

194 1546 302 1601 πᾶν
346 1549 726 1616 πρωτότοκον
770 1550 838 1602 ἐν
867 1549 943 1617 γῇ
985 1551 1268 1617 Αἰγύπτῳ,
1310 1549 1582 1619 ἀπαρχὴν
1621 1549 1735 1602 τῶν

191 1641 376 1692 πόνων
424 1636 644 1692 αὐτῶν.
683 1638 829 1690 Ἀντί
875 1640 929 1691 δὲ
976 1639 1088 1703 τοῦ,
1139 1639 1412 1706 ἀπαρχὴν
1473 1638 1587 1692 τῶν
1631 1641 1733 1691 πό-

190 1747 298 1783 νων
345 1727 542 1784 αὐτῶν
613 1729 687 1780 ἐν
755 1729 875 1794 τοῖς
923 1728 1265 1797 σκηνώμασι
1316 1729 1466 1797 Χάμ·
1515 1731 1542 1782 6
1589 1730 1730 1800 Σύμ-

195 1835 378 1888 μαχοςο
432 1817 737 1885 Πρωτεῖον
786 1817 1089 1885 δυνάμεων
1153 1816 1363 1879 αὐτῶν,
1409 1818 1728 1887 ἡρμήνευσε.

196 1887 267 1962 Τὰ
323 1908 426 1979 γὰρ
480 1907 811 1978 πρωτότοκα
871 1907 964 1961 καὶ
1021 1909 1276 1978 πρωτεῖον
1322 1901 1389 1975 ἦν
1441 1906 1535 1974 τῆς
1583 1907 1734 1960 δυνά·
1767 1887 1806 1939 Β

196 2017 325 2070 μεως
383 1998 489 2051 τῶν
543 1997 946 2066 γεννησάντων.
1007 1996 1101 2049 Διά
1163 1996 1257 2066 μὲν
1295 1992 1383 2048 οὖν
1422 1996 1525 2047 τῶν
1587 1997 1724 2066 πρώ-

192 2107 287 2142 των
311 2088 548 2158 πληγῶν,
567 2087 724 2140 ὥσπε
739 2104 768 2157 ρ
791 2088 867 2148 εἰς
895 2087 1172 2156 μετάνοιαν
1195 2087 1386 2148 αὐτοὺς
1409 2086 1735 2156 προσ-καλού-

198 2198 338 2248 μενος
361 2179 445 2232 διὰ
465 2181 564 2249 τῆς
593 2177 802 2247 ἀνοχῆς
827 2177 920 2228 καὶ
949 2176 1337 2247 μακροθυμίας,
1369 2177 1733 2246 πεφεισμένως

193 2271 357 2331 αὐτοῖς
388 2269 558 2338 ἐπῆγε
586 2267 688 2329 τὰς
716 2265 1138 2336 τιμωρίας.Ἐπὶ
1173 2267 1312 2318 τέλει
1354 2266 1409 2318 δὲ
1452 2268 1548 2318 οὐκ
1588 2267 1732 2335 ἐφεί-

197 2376 312 2411 σατο
361 2359 467 2412 ἀπὸ
515 2356 756 2410 θανάτου
799 2355 903 2406 τῶν
939 2354 1122 2424 ψυχῶν
1162 2355 1363 2408 αύτῶν’
1393 2355 1524 2408 ἀλλά
1551 2356 1642 2409 καὶ
1667 2355 1735 2407 τὰ

199 2452 352 2521 κτήνη
382 2449 556 2502 αὐτῶν
587 2450 668 2512 εἰς
701 2448 929 2500 Θάνατον
970 2446 1317 2500 συνέκλεισεν.
1337 2447 1486 2498 Ἐπεὶ
1514 2448 1604 2499 καὶ
1629 2449 1733 2499 πᾶν

198 2541 516 2611 πρωτότοκον
548 2540 607 2592 ἐν
632 2541 706 2608 γῇ
739 2537 992 2605 Αἰγύπτῳ
1024 2539 1288 2607 ἀνῃρεῖτο,
1323 2537 1527 2607 κτηνῶν
1552 2555 1610 2589 τε
1642 2539 1733 2590 καὶ

197 2631 402 2700 ἀνδρῶν.
430 2630 641 2700 Σφόδρα
687 2628 747 2680 δὲ
793 2627 1026 2698 ἀκριϐῶς
1046 2628 1149 2678 ἐπὶ
1185 2628 1280 2697 μὲν
1307 2627 1412 2679 τῶν
1441 2626 1735 2698 ἀνθρώπων

199 2719 394 2790 θανάτῳ
425 2720 557 2791 φησί
574 2719 675 2782 τὰς
707 2717 882 2787 ψυχὰς
905 2717 1074 2769 αὐτῶν
1105 2717 1515 2786 παραδεδόσθαι·
1545 2715 1610 2789 ἦν
1630 2719 1735 2790 γὰρ

197 2813 224 2862 6
249 2812 552 2884 ὀλοθρευτὴς
581 2811 816 2879 δαίμων,
851 2812 877 2862 6
916 2811 1011 2872 τὰς
1042 2809 1213 2878 ψυχὰς
1245 2810 1418 2862 αὐτῶν
1468 2811 1558 2863 καὶ
1601 2811 1733 2880 μετά

203 2900 408 2954 θάνατον
457 2900 930 2971 παραλαμϐάνων⁸
963 2900 1053 2952 ἐπί⁵
1083 2899 1137 2951 δὲ
1167 2899 1271 2951 τῶν
1310 2900 1515 2967 κτηνῶν
1558 2901 1734 2954 οὐκέτι

200 2989 368 3059 ψυχῶν
401 2992 824 3060 ἐμνημόνευσεν,
858 2987 988 3040 ἀλλὰ
1017 2989 1171 3058 μόνου
1204 2989 1292 3041 τοῦ
1322 2990 1492 3043 κοινοῦ
1521 2992 1612 3042 καὶ
1635 3009 1735 3043 σω-

207 3080 411 3146 ματικοῦ
445 3080 672 3132 θανάτου
702 3091 715 3104 ‘
756 3080 815 3130 ού
857 3077 962 3149 γὰρ
1009 3079 1216 3147 μετέχει
1263 3080 1436 3148 ψυχῆς
1475 3079 1543 3132 τὰ
1570 3082 1732 3151 κτήνη

202 3165 291 3234 τῆς
352 3167 484 3236 μετὰ
547 3167 646 3236 τὴν
702 3165 794 3217 τοῦ
844 3164 1085 3234 σώματος
1134 3163 1279 3217 λύσιν
1326 3166 1735 3236 παραμενούσης
1760 3196 1800 3250 C

202 3256 384 3325 ὁμοίως
431 3260 550 3320 ταῖς
581 3256 691 3309 τῶν
743 3254 1036 3324 ἀνθρώπων
1067 3254 1279 3324 ψυχαῖς.
1311 3255 1417 3324 Τὴν
1465 3257 1519 3309 δέ
1571 3257 1732 3326 αὐτὴν

210 3344 429 3414 ἱστορίαν
480 3345 754 3416 διαφόρως
801 3343 1002 3412 Μωσῆς
1047 3360 1103 3394 τε
1155 3343 1246 3394 καὶ
1277 3345 1304 3395 6
1349 3342 1534 3412 παρὼν
1583 3343 1733 3411 λόγος

205 3433 523 3504 ⁴ἰῑρμήνευσεν
542 3452 557 3465 ’
581 3435 610 3486 6
645 3433 743 3502 μὲν
772 3431 1082 3502 ὀλοθρευτὴν
1114 3430 1278 3484 είπὼν
1314 3431 1615 3501 διακονῆσαι
1646 3433 1734 3484 τὸν

208 3523 414 3577 θάνατον
445 3525 550 3578 τῶν
598 3523 952 3594 πρωτοτόκων
973 3539 984 3551 ·
1020 3524 1046 3574 6
1074 3522 1127 3574 δὲ
1160 3520 1344 3592 παρὼν
1375 3521 1525 3590 λόγος
1547 3523 1612 3574 δι’
1640 3525 1732 3591 ἀγ-

208 3612 360 3678 γέλων
391 3613 635 3685 πονηρῶν
666 3610 837 3664 ταῦτα
869 3611 1156 3679 γεγονέναι.
1185 3611 1356 3662 Κάκεῖ
1401 3611 1494 3681 μὲν
1537 3613 1564 3662 6
1609 3613 1735 3664 Μω-

210 3701 296 3769 σῆς
331 3701 404 3771 τῷ
445 3704 635 3772 αἵματι
669 3700 944 3770 κεχρῖσθαι
976 3699 1073 3762 τὰς
1103 3699 1278 3767 φλιάς,
1313 3700 1578 3752 καὶτοῦτο
1637 3718 1734 3768 φυ..

210 3785 473 3861 λακτήριον
508 3789 784 3858 γεγονέναι
832 3789 938 3840 τῶν
979 3788 1340 3857 διαφυγόντων
1369 3788 1456 3841 τὸν
1488 3789 1722 3858 ὀλοθρευ-

208 3877 324 3945 τήν·
356 3878 582 3931 ἐνταῦθα
613 3877 668 3929 δὲ
700 3876 1079 3946 ὼδοποιηκέναι
1113 3876 1290 3947 τρίϐον
1320 3877 1526 3947 εἴρηται
1554 3878 1581 3929 6
1607 3877 1735 3939 Θεὸς

212 3965 333 4034 πρὸς
360 3967 418 4019 τὺ
457 3967 755 4035 ἀποφυγεῖν
787 3964 881 4035 τὴν
911 3965 1075 4038 ὀργὴν
1103 3965 1283 4018 αὐτοῦ.
1319 3964 1498 4018 Ταῦτα
1528 3965 1600 4028 δὲ,
1636 3983 1736 4036 φη-

215 4055 280 4116 σὶ,
308 4055 626 4108 συνετελεῖτο
657 4056 713 4108 ἐν
746 4057 855 4118 τοῖς
893 4054 1204 4125 σκηνώμασι
1251 4055 1375 4124 Χὰμ
1397 4073 1409 4084 ·
1439 4055 1492 4125 ἢ,
1516 4055 1583 4108 ἐν
1609 4055 1734 4121 ταῖς

213 4145 536 4209 σκηνώσεσι
569 4146 714 4214 Χὰμ,
759 4145 897 4197 κατά
940 4145 1026 4198 τὸν
1073 4145 1390 4215 Σύμμαχον·
1429 4145 1483 4215 ἢ,
1511 4145 1579 4197 ἐν
1609 4143 1733 4210 ταῖς

213 4232 450 4300 σκέπαις
496 4236 643 4304 Χὰμ,
690 4235 829 4287 κατά
876 4235 962 4286 τὸν
1004 4237 1242 4288 ’Λκύλαν.
1279 4240 1357 4288 Δι’
1382 4231 1453 4289 ὧν
1497 4236 1734 4290 διδασκό-

220 4319 341 4385 μεθα
370 4322 462 4392 τὴν
492 4323 762 4392 Αἴγυπτον
791 4325 1057 4391 γεγονέναι
1094 4325 1413 4396 σκηνώματα
1455 4324 1546 4378 τοῦ
1587 4325 1729 4393 Χὰμ.

215 4408 378 4477 Τριῶν
414 4414 519 4482 γὰρ
560 4415 762 4466 παίδων
794 4413 882 4465 τοῦ
913 4413 1031 4465 Νῶε
1065 4416 1381 4484 γενομένων,
1415 4415 1550 4485 Σὴμ,
1583 4415 1730 4484 Χὰμ,

1841 571 1943 616 tem
1999 563 2216 616 tradidit
2264 564 2470 618 animas
2522 580 2730 632 eorum,
2783 567 3062 634 dignorum
3116 584 3244 623 sane
3277 569 3368 621 tali

1836 653 2118 721 supplicio,
2164 651 2289 722 quia
2327 652 2691 722 impietatibus
2719 663 2773 707 et
2801 655 3126 726 Aigyptiaca:
3170 659 3368 712 multo-

1835 757 1951 794 rum
1996 743 2216 796 deorum
2256 743 2625 812 superstitioni
2669 744 2828 798 dediti
2856 784 2870 808 ,
2919 745 3022 798 alia
3070 746 3124 798 in
3173 755 3366 811 morte,

1835 831 2024 886 anima:
2044 833 2270 895 scilicet,
2303 833 2532 888 demersi
2565 841 2738 887 erant.
2770 834 2946 899 Quare
2970 836 3056 888 hic
3085 851 3190 889 non
3219 853 3366 890 eom-

1834 935 2046 974 munem
2092 928 2317 975 mortem
2370 922 2504 991 ipsis
2551 923 2754 976 illatam
2802 939 2923 979 esse
2971 924 3232 992 docetur;
3275 929 3365 982 sed

1834 1019 2056 1064 mortem
2093 1012 2410 1065 animarum.
2436 1011 2566 1065 Nam
2600 1014 2980 1067 exterminator
3007 1016 3113 1080 ille,
3143 1017 3228 1070 cui
3259 1028 3368 1070 tra-

1833 1094 1931 1148 diti
1966 1104 2111 1162 sunt,
2140 1098 2320 1152 statim
2345 1107 2502 1168 atque
2535 1115 2756 1169 corpora
2786 1101 3046 1156 dissoluta
3073 1113 3220 1167 sunt,
3251 1105 3370 1158 ani-

1833 1200 1948 1239 mas
1985 1187 2240 1256 abripuit,
2279 1188 2332 1240 in
2385 1189 2674 1257 perniciem
2735 1191 3006 1246 abducens
3039 1209 3148 1248 eas.
3193 1193 3367 1258 Quare

1832 1289 2045 1330 rursum
2083 1277 2354 1342 scribitur,
2391 1279 2509 1332 Non
2557 1281 2776 1348 pepercit
2822 1299 2852 1333 a
2892 1292 3052 1336 morte
3096 1285 3366 1337 animabus

1831 1382 2026 1419 eorum.
2059 1365 2247 1421 Postea
2276 1383 2403 1422 vero
2427 1369 2538 1424 hinc
2563 1370 2835 1425 declarat:
2872 1370 2935 1424 Et
2968 1375 3220 1440 percussit
3254 1391 3364 1427 om.

1833 1469 1892 1506 ne
1921 1455 2315 1524 primogenitum
2346 1458 2396 1510 in
2439 1467 2577 1510 terra
2625 1459 2860 1530 zEgypti,
2900 1462 3158 1528 primitias
3199 1463 3367 1518 omnis

1833 1543 2025 1596 laboris
2052 1561 2249 1598 eorum.
2282 1544 2385 1598 Pro
2416 1547 2505 1600 illo
2543 1555 2740 1609 autem,
2767 1551 3024 1616 primitias
3058 1550 3246 1604 laboris
3276 1567 3360 1604 co-

1831 1649 1944 1684 rum
1975 1634 2026 1686 in
2055 1634 2420 1698 _tabernaculis
2470 1635 2652 1700 Cham,
2687 1637 3067 1708 Symmachus,
3109 1641 3366 1708 primitias

1830 1726 2031 1778 virtutis
2064 1743 2258 1789 eorum,
2286 1729 2668 1796 interpretatus
2696 1736 2796 1784 est.
2829 1729 2960 1783 Nam
2993 1731 3364 1801 primogenita,

1831 1815 2078 1880 primitite
2101 1816 2310 1870 virtutis
2344 1815 2674 1886 gignentium
2703 1827 2875 1872 erant.
2909 1822 3012 1874 Per
3039 1821 3239 1890 primas
3267 1823 3370 1874 ita-

1834 1919 1937 1972 que
1977 1906 2158 1976 plagas
2199 1907 2352 1975 quasi
2393 1907 2459 1960 ad
2503 1909 2873 1976 paenitentiam
2917 1911 3061 1979 ipsos
3101 1927 3365 1972 evocans.

1833 2010 1924 2063 per
1961 1995 2354 2063 patientiam'et
2382 1997 2716 2051 tolerantiam
2752 2014 2924 2062 suam,
2953 2000 3208 2068 paulatim
3238 2001 3368 2069 ipsis

1833 2089 2090 2158 supplicia
2149 2089 2428 2144 inferebat.
2477 2089 2534 2143 ln
2567 2091 2672 2145 line
2712 2107 2839 2146 vero
2887 2108 2994 2146 non
3046 2095 3281 2162 pepercit
3337 2108 3366 2146 a

1832 2184 2001 2229 morte
2054 2177 2332 2231 animabus
2379 2193 2594 2242 eorum;
2637 2179 2729 2232 sed
2773 2179 2931 2232 etiam
2981 2180 3223 2247 jumenta
3273 2197 3367 2234 eo-

1833 2280 1949 2317 rum
1991 2265 2043 2318 in
2083 2275 2252 2319 morte
2300 2267 2586 2321 conclusit.
2642 2267 2772 2320 Nam
2823 2285 2981 2323 omne
3040 2271 3367 2339 primogeni-

1835 2360 1944 2405 tum
1985 2354 2038 2406 in
2086 2363 2227 2407 terra
2280 2353 2493 2425 Egypti
2537 2355 2901 2416 occidebatur,
2950 2367 3054 2411 tam
3093 2347 3366 2427 jumento-

1833 2457 1973 2505 rum,
2024 2458 2181 2511 quam
2218 2443 2513 2498 hominum.
2563 2443 2668 2498 Sed
2713 2456 2960 2498 accurate
2989 2447 3273 2500 admodum
3305 2448 3371 2501 de

1833 2531 2138 2586 hominibus
2161 2533 2374 2601 quidem
2409 2533 2483 2584 ait
2508 2534 2715 2587 animas
2744 2549 2927 2588 eorum
2953 2536 3110 2588 morti
3141 2536 3370 2592 traditas

1833 2621 1999 2675 fuisse
2038 2638 2051 2673 :
2097 2620 2280 2674 aderat
2325 2621 2521 2690 quippe
2566 2621 2774 2675 daemon
2821 2625 3225 2688 exterminator,
3275 2629 3368 2695 qui

1833 2711 2038 2764 animas
2061 2711 2219 2763 etiam
2249 2726 2431 2764 eorum
2481 2720 2597 2779 post
2640 2723 2864 2766 mortem
2911 2715 3198 2783 abriperet.
3236 2716 3369 2771 Cum

1833 2801 1898 2854 de
1923 2801 2182 2869 jumentis
2214 2817 2374 2869 porro
2408 2803 2604 2871 agitur,
2652 2819 2759 2856 non
2807 2804 2946 2856 ultra
2991 2805 3195 2859 animas
3222 2821 3371 2859 com-

1834 2898 2122 2956 memorat;
2181 2893 2273 2944 sed
2326 2893 2498 2945 solum
2547 2907 2882 2946 communem
2937 2902 2989 2948 et
3039 2899 3366 2964 corporalem

1834 2987 2060 3033 mortem
2093 2999 2105 3033 :
2137 2980 2382 3048 jumenta
2437 2983 2699 3050 siquidem
2747 2999 2852 3036 non
2899 2987 3106 3040 animas
3152 2988 3368 3051 habent,

1833 3085 1949 3137 qua:
1987 3078 2110 3138 post
2156 3072 2397 3138 corporis
2450 3072 2767 3125 solutionem
2829 3083 3096 3137 maneant,
3151 3077 3372 3144 perinde

1835 3171 1990 3228 atque
2030 3161 2306 3214 hominum
2355 3162 2562 3214 animze.
2613 3161 2759 3215 Hanc
2811 3179 2938 3216 vero
2989 3165 3158 3232 ipsam
3200 3167 3368 3220 histo-

1833 3250 1964 3302 riam
2012 3249 2224 3304 diverso
2267 3251 2427 3303 modo
2467 3250 2673 3320 Moyses
2725 3254 2777 3304 α
2814 3253 2900 3305 hic
2943 3255 3179 3321 psalmus
3210 3271 3370 3310 enar«

1831 3345 1972 3391 rant.
1996 3336 2126 3390 Nam
2156 3339 2244 3393 ille
2265 3339 2476 3407 quidem
2510 3340 2644 3392 dixit
2672 3344 3141 3398 exterminatorem
3167 3346 3368 3414 primo-

1831 3428 2131 3496 genitorum
2171 3428 2328 3482 morti
2374 3429 2752 3494 ministrasse;
2794 3431 2879 3484 hic
2918 3447 3043 3486 vero
3073 3448 3248 3489 sermo
3275 3451 3368 3504 per

1831 3519 2050 3586 angelos
2079 3517 2248 3571 malos
2284 3519 2395 3572 litec
2426 3519 2568 3572 facta
2604 3520 2774 3575 fuisse
2811 3531 3012 3576 narrat.
3060 3523 3231 3593 Atque
3260 3526 3367 3579 illic

1831 3608 2042 3675 quidem
2093 3607 2302 3678 Moyses
2371 3610 2632 3680 sanguine
2713 3614 3140 3679 superliminaria
3205 3623 3366 3669 uncta

1832 3693 2001 3748 fuisse
2018 3704 2220 3760 narrat,
2244 3697 2408 3750 ethoc
2433 3700 2641 3766 signum
2661 3699 2826 3753 luisse
2849 3701 2915 3752 ad
2949 3703 3162 3754 tutelam
3184 3718 3365 3756 eorum

1830 3781 1919 3848 qui
1946 3781 2019 3850 ab
2063 3785 2475 3839 exterminatore
2532 3785 2864 3855 eﬂ‘ugerunt;
2914 3789 3000 3843 hic
3055 3806 3179 3844 vero
3226 3791 3369 3846 Deus

1829 3869 1967 3921 viam
1999 3867 2190 3924 fecisse
2222 3871 2418 3925 dicitur
2446 3879 2498 3925 et
2528 3873 2794 3936 semitam,
2831 3885 2887 3928 ut
2915 3876 3205 3946 ellugerent
3234 3879 3365 3932 iram

1832 3972 2004 4011 suam.
2041 3957 2164 4012 Haec
2195 3976 2374 4028 porro,
2403 3962 2594 4030 inquit,
2621 3963 2674 4015 in
2707 3963 3065 4019 tabernaculis
3092 3967 3257 4019 Cham
3288 3968 3365 4021 ef-

1833 4049 1969 4101 fecta
1995 4059 2140 4115 sunt,
2185 4052 2297 4111 sive
2322 4053 2615 4106 secundum
2652 4051 3052 4123 Symmachum,
3082 4059 3134 4108 in
3163 4057 3364 4109 habita-

1833 4141 2057 4194 tionibus
2093 4140 2292 4202 Cliam;
2323 4143 2433 4196 sive
2479 4144 2772 4196 secundum
2816 4144 3082 4212 Aquilam,
3133 4146 3185 4197 in
3220 4149 3363 4200 tectis

1832 4229 2012 4283 Citam.
2054 4230 2216 4296 Queis
2263 4233 2547 4286 edocemur
2591 4221 2876 4302 Egyptum
2919 4234 3083 4288 fuisse
3116 4237 3361 4290 taberna-

1831 4318 1951 4370 cula
1986 4319 2172 4372 Cham.
2205 4319 2338 4373 Cum
2369 4322 2508 4374 enim
2538 4320 2661 4375 Nom
2691 4329 2801 4374 tres
2832 4321 2921 4373 lilii
2959 4322 3174 4386 fuerint,
3213 4322 3358 4390 Scm,

1831 4408 2018 4471 Cham,
2043 4409 2260 4478 .laphet;
2290 4410 2454 4463 Cham
2487 4411 2586 4465 fuit
2617 4419 2763 4480 pater
2791 4411 3078 4477 Chanaan;
3107 4414 3360 4469 Chanaan

227 4498 407 4567 ἰάφεθ,
431 4505 458 4557 ό
489 4504 618 4572 Χάμ
647 4505 830 4572 γέγονε
860 4505 1035 4572 πατὴρ
1061 4504 1149 4556 τοῦ
1179 4505 1410 4570 Χαναὰν,
1438 4506 1651 4557 Χαναὰν
1679 4504 1732 4556 δὲ

1835 4515 1960 4553 vero
2019 4510 2163 4569 pater
2206 4499 2472 4562 Mesraim,
2525 4501 2616 4569 qui
2677 4508 2792 4554 erat
2836 4501 3130 4571 Egyptus;
3181 4518 3210 4557 a
3256 4520 3360 4574 quo

216 4590 381 4661 πατὴρ
430 4593 520 4644 τοῦ
553 4593 828 4664 Μεσραῒμ,
856 4592 912 4655 ὃς
950 4588 1016 4661 ἦν
1053 4593 1337 4661 Αἴγυπτος,
1371 4595 1461 4663 ἀφ’
1494 4590 1552 4647 οὗ
1576 4584 1736 4660 Αίγδ·

217 4693 345 4730 πτιοι
373 4681 564 4744 πάντες
584 4699 597 4711 ο
634 4682 758 4734 ὥστ’
792 4683 1009 4744 εἰκότως
1039 4681 1134 4752 τὴν
1171 4681 1276 4734 τῶν
1307 4683 1606 4749 Αἰγυπτίων
1629 4681 1735 4750 χώο

218 4783 306 4834 ραν
350 4771 675 4841 σκηνώματα
723 4771 814 4824 τοῦ
861 4770 1197 4840 προπάτορος
1248 4771 1340 4823 τοῦ
1373 4771 1625 4842 Μεσραῒμ
1658 4772 1734 4821 εἰ·

1831 4587 2061 4658 Egyptii
2093 4605 2310 4655 omnes;
2355 4590 2425 4642 ita
2455 4597 2512 4643 ut
2538 4590 2658 4657 jure
2695 4589 3062 4660 Egyptiorum
3102 4595 3247 4663 regio
3273 4602 3360 4646 ta-

1828 4679 2111 4732 bernacula
2167 4681 2249 4733 avi
2299 4679 2542 4733 Mesraim
2593 4694 2713 4734 esse
2761 4681 2990 4736 dicatur.
3052 4681 3151 4736 Hic
3195 4699 3356 4751 porro

1828 4767 1994 4822 Citam
2020 4776 2156 4833 erat,
2191 4771 2280 4839 qui
2311 4771 2509 4840 primus
2544 4768 2827 4840 Egyptum
2857 4771 3097 4824 incoluit.

222 4861 416 4928 ρῆσθαι.
446 4861 608 4927 Οὗτος
652 4867 708 4919 δέ
756 4862 822 4936 ἦν
850 4867 878 4918 6
910 4863 1037 4932 Χάμ
1081 4862 1174 4932 τὴν
1227 4865 1487 4932 Αἴγυπτον
1535 4864 1742 4937 πρῶτος
1767 4861 2005 4929 οἰκήσας.

278 4959 375 5010 Kal
409 4959 638 5026 ἀπῆρεν
663 4963 733 5025 ὡς
790 4961 1043 5026 πρόϐατα
1079 4959 1183 5010 τόν
1218 4960 1367 5012 λαὸν
1403 4959 1602 5020 αὑτοῦ,
1642 4958 1733 5010 καὶ

221 5045 278 5096 τὰ
320 5048 454 5118 ἑξῆς.
505 5051 658 5103 Μετὰ
698 5052 795 5119 τὴν
830 5049 968 5102 κατά
1015 5066 1119 5101 των
1169 5051 1471 5117 Αἰγυπτίων
1509 5050 1732 5119 δεκάτην

225 5133 432 5206 πληγὴν,
461 5138 605 5200 ὅπως
631 5141 726 5208 τὴν
761 5140 854 5192 ἀπ’
882 5139 1147 5206 Αἰγύπτου
1177 5140 1391 5209 πορείαν
1424 5140 1732 5208 πεποίηνται

223 5219 436 5276 διδάσκει
479 5227 730 5293 φάσκων
784 5229 891 5280 Kal
942 5227 1167 5295 ἀπῆρεν
1209 5229 1294 5291 ὡς
1330 5228 1584 5293 πρόϐατα
1630 5227 1732 5278 τὸν

229 5310 359 5361 λαὸν
402 5314 580 5367 αὑτοῦ
607 5356 620 5380 ,
682 5317 775 5368 καὶ
831 5316 1120 5384 ἀνήγαγεν
1172 5315 1385 5377 αὐτοὺς
1440 5314 1535 5365 καί
1591 5315 1728 5366 ὡσεὶ

229 5402 480 5468 ποίμνιον
523 5407 589 5457 ἐν
631 5406 837 5472 ἐρήμῳ.
888 5407 997 5458 Καὶ
1046 5405 1351 5472 ὡδήγησεν
1396 5406 1608 5468 αὐτοὺς
1662 5405 1730 5456 ἐν

229 5486 422 5553 ἑλπίδι,
465 5493 557 5545 καί
611 5496 718 5545 οὐκ
761 5494 1112 5546 ἐδειλίασαν.
1166 5493 1317 5546 Κατὰ
1349 5494 1403 5545 δὲ
1451 5492 1540 5544 τὸν
1573 5493 1728 5546 Ἀκύ-

232 5584 337 5626 λανο
382 5581 483 5632 Καὶ
523 5580 936 5647 καθωδήγησεν
975 5583 1186 5647 αὐτοὺς
1231 5587 1316 5648 εὶς
1360 5585 1726 5650 πεποίθησιν,

229 5669 310 5719 καὶ
337 5671 437 5722 οὐκ
461 5670 860 5736 ἐπτοήθησανο
893 5672 1027 5724 κατὰ
1054 5673 1106 5723 δὲ
1129 5673 1217 5726 τὸν
1245 5675 1546 5740 Σύμμαχον,
1563 5675 1724 5740 Ὠδγὶ-

1901 4953 2068 5011 ‘Vsns.
2102 4952 2192 5020 52,
2229 4956 2312 5010 53.
2359 4954 2427 5007 Et
2485 4955 2700 5008 abstulit
2760 4955 2892 5006 sicut
2956 4969 3066 5006 oves
3113 4957 3354 5020 populum

1830 5063 2001 5111 suum,
2044 5056 2147 5102 etc.
2207 5045 2336 5101 Post
2393 5047 2651 5098 decimam
2690 5044 3061 5115 Egyptiorum
3121 5047 3350 5114 plagam,

1829 5139 2094 5206 quomodo
2138 5138 2311 5192 exitus
2351 5151 2413 5189 ex
2448 5134 2678 5205 Egypto
2721 5134 3000 5203 contigerit
3049 5133 3137 5188 his
3178 5137 3357 5190 verbis

1830 5229 1982 5282 docet
2035 5247 2047 5280 :
2094 5227 2161 5280 Et
2213 5226 2423 5279 abstulit
2469 5227 2602 5277 sicut
2641 5241 2752 5277 oves
2799 5224 3038 5291 populum
3089 5241 3264 5290 suum,
3308 5240 3354 5280 et

1831 5319 2066 5386 perduxit
2094 5334 2177 5370 eos
2212 5328 2454 5383 tanquam
2479 5331 2677 5383 gregem
2713 5315 2766 5366 in
2790 5313 2989 5367 deserto
3017 5330 3035 5366 :
3061 5323 3112 5366 et
3144 5315 3357 5369 deduxit

1831 5425 1914 5461 eos
1959 5410 2012 5459 in
2063 5422 2147 5471 spe
2173 5415 2219 5458 et
2253 5421 2352 5457 non
2400 5405 2709 5466 timuerunt;
2761 5405 3049 5458 secundum
3107 5404 3356 5473 Aquilam

1831 5513 1954 5550 vero
1987 5515 1999 5549 :
2027 5495 2092 5547 Et
2116 5493 2323 5546 deduxit
2349 5507 2431 5545 eos
2459 5494 2512 5544 in
2545 5494 2758 5560 ﬁducia,
2787 5501 2836 5543 et
2871 5509 2969 5544 non
3004 5494 3174 5544 territi
3204 5506 3357 5554 sunt;

1832 5587 2120 5642 secundum
2173 5582 2568 5652 Symmachum,
2621 5581 2845 5635 Deduxit
2892 5598 2976 5635 eos
3019 5582 3132 5634 sine
3173 5584 3362 5635 timore

1832 5685 1878 5730 et
1907 5685 2135 5736 terrore;
2169 5682 2217 5725 et
2250 5671 2482 5724 inimicos
2512 5687 2687 5725 eorum
2716 5669 2914 5738 operuit
2944 5684 3106 5722 mare.
3145 5665 3216 5721 Et
3250 5669 3363 5720 haec
