3834 6346
146 333 279 390 953
1307 335 1679 392 COMMENTA
1688 335 1796 389 [HA

141 449 265 518 τῆς
297 449 550 514 ἀσεϐοῦς
583 452 784 522 φωνῆς.
814 454 904 506 Διὸ
935 454 1200 522 ἐπιλέγει·
1232 455 1520 508 Ἤκουσεν
1541 457 1573 506 ὁ
1600 453 1740 517 Θεὸς
1767 456 1812 508 Δ

142 543 261 594 καὶ
350 543 632 609 ὑπερίδε,
681 543 821 597 κατὰ
860 545 948 597 τὸν
992 545 1236 607 Ἀκύλαν,
1283 546 1380 597 καὶ
1431 541 1746 610 ἀνυπερθέ-

142 646 317 696 τησε
341 648 355 660 ·
403 633 610 702 μηκέτι
656 633 915 704 ἀναϐολὴν
947 635 1075 705 μηδὲ
1119 634 1402 705 ὑπέρθεσιν
1439 635 1618 696 αὐτοῖς
1657 633 1743 684 ὲν-

142 722 288 785 δούς
313 741 325 751 ·
375 723 531 776 κατὰ
581 723 637 776 δὲ
689 723 779 776 τὸν
835 725 1136 795 Σύμμαχον,
1186 727 1290 780 Kal
1343 726 1744 794 ἀπεδοκίμασε

142 812 420 879 σφόδρα
458 813 570 865 τὸν
613 811 859 879 Ἰσραήλ.
891 813 1070 877 Οὕτως
1093 815 1148 867 δὲ
1175 816 1397 885 ἤκουσεν
1437 817 1464 866 ὁ
1495 813 1644 877 Θεὸς,
1669 813 1743 876 ὡς

143 903 253 955 καὶ
287 901 393 953 ἐπὶ
425 903 737 972 Σοδομιτῶν
764 903 944 973 εἴρητο
964 920 977 932 ·
1014 903 1180 971 Φωνὴ
1209 905 1483 973 Σοδόμων
1513 904 1607 957 καὶ
1634 905 1744 956 Γο-

140 994 403 1061 μόρρας
436 991 567 1058 ,βοᾷ
611 992 759 1060 πρὸς
791 993 886 1061 μέ.
928 994 1044 1046 Τῶν
1078 995 1184 1066 γὰρ
1219 994 1426 1048 ἀσεϐῶν
1473 995 1607 1046 αὐτὰ.
1654 994 1743 1046 κέ-

141 1099 339 1152 κραγε
378 1083 484 1134 καὶ
523 1083 620 1152 βοᾷ
648 1082 717 1135 τὰ
750 1084 846 1153 τῆς
870 1083 1115 1146 ἀσεϐείας
1136 1085 1453 1156 πράγματα·
1486 1079 1560 1138 ὧν
1584 1084 1743 1136 ἀκού-

144 1192 258 1236 σας
278 1176 309 1226 δ
333 1173 487 1235 Θεὸς
513 1173 794 1227 ἀπώσατο
820 1174 931 1241 τὴν
953 1175 1188 1241 σκηνὴν
1211 1175 1438 1244 Σηλὼμ,
1462 1174 1742 1242 σκήνωμα

151 1257 232 1316 οὗ
269 1259 765 1324 κατεσκήνωσεν
793 1261 861 1312 ἐν
892 1261 1228 1328 ἀνθρώποις.
1279 1263 1363 1314 Ἑν
1394 1261 1500 1332 γὰρ
1544 1265 1608 1331 τῇ
1643 1263 1742 1331 Ση-

142 1347 283 1418 λὼμ
336 1347 576 1417 πρῶτον
609 1347 735 1418 ἔστη
777 1350 808 1416 ἡ
852 1348 1036 1419 σκηνὴ,
1086 1348 1210 1401 ἔνθα
1246 1351 1423 1420 ἱερᾶτο
1458 1349 1603 1400 Ἠλεὶ
1651 1350 1741 1400 καὶ

143 1437 462 1507 Σαμουὴλ,
510 1437 589 1500 ὡς
636 1439 953 1508 παρίστησιν
995 1440 1026 1508 ή
1067 1438 1253 1508 Γραφὴ
1291 1438 1396 1491 τῶν
1429 1438 1736 1491 Βασιλειῶν.

142 1528 387 1595 Ταύτην
420 1521 522 1579 οῦν
553 1525 807 1579 ἀπώσατο
847 1525 1061 1596 πρώτην
1086 1527 1181 1596 τὴν
1220 1528 1278 1577 ὲν
1305 1526 1497 1597 Σηλὼμ
1539 1527 1741 1596 σκήνω-

146 1635 236 1670 σιν
264 1617 364 1670 διὰ
401 1616 515 1679 τὰς
539 1616 791 1679 ἀσεϐείας
816 1617 1008 1669 αὐτῶν.
1037 1617 1126 1671 Διὸ
1154 1617 1291 1669 κατὰ
1326 1618 1414 1670 τὸν
1453 1617 1738 1688 Σύμμαχον

144 1709 386 1779 εἴρηται
414 1725 430 1737 ο
462 1705 579 1759 Καὶ
603 1705 888 1773 ἀπέρῤιψε
915 1706 1026 1772 τὴν
1047 1707 1354 1771 σκήνωσιν
1374 1706 1486 1772 τὴν
1509 1708 1735 1774 Σηλὼμ,

144 1766 420 1863 καὶ-τὴν
460 1766 778 1860 σκήνωσιν
803 1766 917 1862 τὴν
949 1766 1282 1862 ίδρυθεῗσαν
1307 1795 1376 1847 ἐν
1395 1766 1734 1862 ἀνθρώποίς.
1767 1766 1812 1825 Β

147 1888 357 1949 Ὅπως
405 1887 472 1938 δὲ
519 1888 634 1947 τοῖς
676 1883 976 1955 ἀνθρώποις
1005 1885 1268 1954 παρεδόθη
1313 1887 1344 1953 ἡ
1391 1884 1617 1947 κιϐωτὸς
1655 1885 1739 1937 διὰ

143 1977 218 2028 τὰ
252 1975 452 2043 ἀσεϐῆ
462 1992 610 2044 ματα
633 1973 725 2026 τοῦ
765 1973 912 2037 λαοῦ,
938 1975 1028 2026 καὶ¹
1051 1974 1124 2036 ὡς
1157 1973 1458 2044 ἐκράτησαν
1485 1974 1650 2044 αὐτῆς
1690 1976 1738 2026 οί

146 2067 452 2136 πολέμιοι,
485 2065 773 2135 ἀπήγαγόν
804 2081 860 2117 τε
902 2065 1026 2132 παρ’
1069 2065 1293 2126 ἑαυτοῖς,
1321 2064 1412 2116 καὶ
1455 2063 1528 2125 ὡς
1550 2065 1598 2114 οἱ
1637 2064 1739 2115 υἱοὶ

158 2157 400 2228 Ἰσραὴλ
441 2154 852 2226 ὲτροπώθησαν,
887 2155 979 2207 καὶ
1019 2154 1092 2216 ὡς
1125 2156 1171 2206 οἰ
1209 2154 1312 2207 υἱοὶ
1344 2154 1485 2205 Ἠλεὶ
1530 2153 1740 2206 πεπτώ-

146 2265 346 2310 κασιν,
374 2249 433 2299 οἱ
466 2249 636 2317 ἱερεῖς
662 2247 830 2308 ὄντες,
858 2247 886 2298 ὃ
907 2261 965 2297 τε
986 2244 1183 2296 τούτων
1211 2244 1388 2314 πατὴρ
1410 2242 1483 2305 ὡς
1501 2242 1740 2296 ἀπώλετο

147 2341 245 2392 ἐπὶ
271 2341 349 2408 τῇ
389 2337 512 2390 τῶν
539 2337 742 2389 παίδων
773 2335 1014 2405 ἀγγελία,
1044 2337 1076 2404 ἡ
1109 2332 1292 2404 πρώτη
1324 2333 1609 2403 παρίστησι
1636 2332 1738 2385 τῶν

145 2426 499 2481 ΒασιλειιῖΝ.
535 2425 625 2477 Διὸ
650 2425 858 2493 εἴρηται
890 2422 1144 2475 ἐνταῦθα·
1177 2423 1285 2474 Καὶ
1322 2423 1596 2474 ἀπώσατο
1627 2421 1739 2489 τὴν

145 2519 420 2587 σκηνὴν
475 2514 674 2582 Σηλῶ,
719 2513 1004 2582 σκήνωμα
1053 2509 1124 2568 οὗ
1177 2513 1629 2580 κατεσκήνωσεν
1673 2514 1739 2566 ἐν

146 2606 543 2675 ἀνθρώποις.
585 2603 694 2657 Kal
722 2601 1057 2675 παρέδωκεν
1083 2603 1166 2666 εις
1197 2604 1600 2669 αἰχμαλωσίαν
1629 2603 1740 2669 τὴν

151 2699 355 2767 ἰσχὺν
401 2695 632 2748 αὐτῶν.
677 2693 819 2745 Ἀντὶ
854 2692 908 2744 δὲ
934 2691 1046 2754 τοῦ,
1080 2692 1192 2758 τὴν
1229 2693 1401 2761 ἰσχὺν
1433 2691 1644 2756 αὐτῶν,
1673 2693 1738 2745 τὸ

148 2788 395 2857 κράτος
447 2785 652 2838 αὐτῶν
708 2784 1041 2854 ήρμήνευσεν
1083 2784 1110 2834 ὁ
1146 2781 1387 2846 Ἀκύλας.
1429 2784 1638 2855 Κράτος
1683 2785 1738 2836 δὲ

146 2879 348 2932 αὐτῶν
385 2877 492 2930 καὶ
525 2876 676 2943 ἰσχὺν
717 2875 809 2925 καὶ
840 2872 1112 2943 καλλονὴν,
1141 2877 1218 2937 είς
1247 2875 1608 2944 αἰχμαλωσίαν
1648 2876 1738 2928 καὶ

145 2973 233 3034 εἰς
275 2971 496 3040 χεῖρας
545 2963 812 3025 θλίὼντος
856 2964 1220 3034 παραδοθέντα
1252 2965 1370 3017 τίνα
1405 2965 1469 3018 ἂν
1509 2965 1734 3034 εἴποιςῆ

146 3061 249 3131 τὴν
283 3055 568 3116 κιϐωτὸν,
605 3054 671 3124 ἦν
712 3056 740 3106 ὁ
777 3053 962 3125 παρὼν
991 3054 1278 3106 αἰνίττεται
1308 3054 1460 3121 λόγος
1489 3055 1732 3123 φάσκων·
1765 3091 1806 3146 C

148 3148 262 3201 Kal
319 3142 688 3211 παρέδωκεν
725 3143 811 3205 είς
844 3141 1249 3208 αἰχμαλωσίαν
1291 3140 1400 3206 τὴν
1428 3141 1607 3208 ἰσχὺν
1635 3142 1739 3192 αὐ-

149 3237 297 3298 τῶν,
333 3233 448 3286 καὶ
477 3230 597 3297 τὴν
619 3228 923 3296 καλλονὴν
947 3228 1140 3282 αὐτῶν
1163 3232 1246 3293 είς
1273 3228 1467 3297 χεζοας
1493 3229 1738 3297 ἐχθροῦ;

163 3327 342 3380 Ἀλλὰ
375 3323 563 3376 ταῦτα
609 3321 706 3390 μὲν
749 3319 1056 3390 παρέδωκεν
1089 3321 1165 3381 είς
1193 3323 1375 3388 χεῖρας
1408 3319 1617 3388 ἐχθροῦ,
1651 3321 1739 3372 τὸν

149 3421 207 3472 δὲ
237 3417 387 3470 λαὸν
444 3411 760 3482 συνέτριψεν
798 3412 853 3462 ὲν
897 3409 1152 3479 ῥομφαίᾳ.
1201 3408 1290 3461 Διὸ
1320 3408 1559 3461 λέλεκται
1606 3411 1740 3464 κατὰ

151 3510 244 3560 τδν
302 3505 652 3574 Σύμμαχον·
703 3500 811 3554 Καὶ
841 3498 1130 3562 ἐξέδωκεν
1172 3500 1258 3563 εις
1303 3498 1599 3567 μάχαιραν
1638 3499 1741 3552 τὸν

149 3598 319 3651 λαὸν
347 3591 574 3653 αὐτοῦ,
603 3590 697 3643 καὶ
731 3589 843 3655 τὴν
895 3589 1288 3656 κληρονομίαν
1323 3590 1504 3642 αὐτοῦ
1540 3592 1739 3657 ὑπερί-

151 3691 301 3742 δεν.
342 3686 452 3738 καὶ
494 3682 559 3751 δὴ
598 3679 936 3750 ὑπεριδόντος
975 3678 1167 3741 αὐτοὺς
1212 3677 1304 3730 τοῦ
1337 3678 1490 3742 Θεοῦ,
1519 3679 1585 3732 τὰ
1618 3680 1740 3749 ἑξῆς

151 3778 411 3846 ἐγίνετο.
461 3771 600 3824 Τίνα
644 3770 700 3822 δὲ
740 3769 944 3832 ταῦτα;
991 3767 1130 3833 Τοὺς
1164 3769 1518 3836 νεανίσκους
1549 3771 1742 3825 αὐτῶν

152 3868 483 3936 κατέφαγε
509 3861 650 3928 πῦρ,
695 3861 789 3913 καὶ
833 3862 892 3912 al
919 3858 1192 3925 παρθένοι
1223 3858 1416 3912 αὐτῶν
1444 3862 1550 3914 οὐκ
1574 3861 1742 3914 ἐπεν-

152 3960 482 4026 θήθησαν.
527 3950 682 4004 Κατὰ
703 3951 758 4002 δὲ
796 3950 885 4002 τὸν
922 3949 1168 4012 Ἀκύλαν,
1205 3951 1324 4017 Οὐχ
1362 3951 1740 4018 ὑπεμνήσθη..

152 4063 325 4101 σαν·
383 4040 538 4095 κατά
578 4039 634 4092 δὲ
676 4039 763 4091 τὸν
813 4038 1119 4106 Σύμμαχον,
1181 4041 1297 4091 Οὐκ
1342 4039 1736 4107 ἐπῃνέθησαν.

153 4136 374 4189 Οὐκέτι
406 4130 524 4200 γὰρ
571 4125 707 4197 μετὰ
751 4125 930 4195 ὕμνων
969 4126 1059 4177 καὶ
1098 4127 1326 4178 ἐπαίνων
1363 4127 1600 4198 συνήθως
1624 4133 1740 4193 ταῖς

153 4221 564 4295 γαμουμέναις
590 4216 929 4286 παρεδίδοντο
953 4215 1192 4283 ἀνδράσι,
1219 4216 1355 4270 κατὰ
1374 4217 1467 4287 τὴν
1495 4219 1600 4272 τῶν
1632 4219 1738 4272 λοι-

154 4316 284 4367 πῶν
308 4307 646 4382 ἑρμηνείαν,
675 4305 760 4358 διὰ
779 4305 874 4374 τὴν
897 4303 1294 4357 καταλαϐοῦσαν
1318 4307 1496 4370 αὐτοῖς
1521 4308 1594 4378 (1)
1622 4309 1737 4362 τότε

155 4399 493 4472 συμφοράν.
537 4393 694 4447 Κατὰ
722 4393 778 4445 δὲ
809 4393 903 4462 τὴν
932 4392 1038 4445 τῶν
1079 4393 1466 4463 Ἑϐδομήκοντα
1511 4397 1732 4459 ἔκδοσιν,
1767 4393 1808 4446 D

155 4492 524 4564 αἰχμάλωτοι
557 4483 898 4554 ἀπαχθεῖσαι,
931 4484 988 4536 ὲν
1023 4484 1099 4554 τῷ
1141 4485 1384 4554 θνήσκειν
1428 4488 1592 4552 αὐτὰς
1633 4491 1735 4542 οὐκ

157 4580 317 4652 εἶχον
361 4581 496 4641 τοὺς
541 4574 886 4637 πενθοῦντας,
926 4574 1012 4627 διὰ
1043 4574 1103 4626 τὸ
1155 4575 1227 4645 μὴ
1273 4579 1519 4645 παρεῖναι
1558 4579 1736 4641 αὐτοῖς

155 4673 298 4734 τοὺς
346 4667 728 4738 προσήκοντας
752 4681 766 4695 ·
815 4663 946 4717 ἀλλὰ
988 4664 1080 4717 καὶ⁹
1132 4668 1184 4718 ol
1221 4667 1391 4733 ἱερεῖς
1434 4668 1628 4721 αὐτῶν
1667 4670 1736 4723 ἐν

153 4759 444 4829 ῥομφαίᾳ
475 4757 707 4808 ἔπεσαν
747 4745 908 4822 (οῦτοι
939 4753 983 4805 δ’
1017 4749 1152 4822 ἦσαν
1186 4754 1235 4805 οἱ
1269 4753 1358 4806 τοῦ
1399 4756 1543 4808 Ἠλεὶ
1578 4757 1731 4825 υἱοί),

158 4851 266 4904 καὶ
312 4851 376 4904 at
423 4843 600 4914 χῆραι
633 4841 703 4894 δὲ
737 4841 930 4894 αὐτῶν
968 4843 1038 4895 οὐ
1084 4843 1580 4910 κλαυσθήσονται.
1627 4847 1734 4897 Καὶ

156 4941 322 4993 ἔστιν
354 4939 542 5007 εὑρεῖν
565 4935 622 4985 ἐν
645 4935 710 5002 τῇ
745 4930 930 5002 πρώτῃ
959 4933 1065 4984 τῶν
1089 4933 1394 4996 Βασιλειῶν,
1427 4935 1588 4998 ὅπως,
1627 4936 1732 4991 τῶν

160 5030 304 5082 υἱῶν
343 5027 498 5080 Ἠλεὶ
530 5024 804 5076 πεσόντων
833 5023 887 5072 ὲν
927 5022 1001 5092 τῷ
1041 5022 1274 5092 πολέμῳ,
1317 5024 1370 5075 αἱ
1407 5024 1603 5076 τούτων
1634 5041 1731 5091 γυ-

160 5121 381 5179 ναῖκες,
415 5114 585 5184 χῆραι
629 5109 1086 5176 καταλειφθεῖσαι,
1114 5111 1279 5162 δεινὸν
1317 5111 1607 5180 ὑπέμειναν
1643 5111 1735 5165 θά-

160 5224 354 5260 νατον.
410 5204 505 5256 Διὸ
542 5199 792 5252 λέλεκται
841 5199 979 5251 κατὰ
1029 5199 1116 5252 τὸν
1168 5200 1474 5270 Σύμμαχον,
1526 5201 1632 5254 Kal
1677 5206 1736 5256 al

161 5292 561 5362 χηρευθεῖσαι
591 5284 792 5339 αὐτῶν
820 5288 926 5336 οὐκ
951 5288 1255 5341 ἔκλαυσαν
1277 5306 1291 5318 ·
1323 5288 1439 5340 οὐδὲ
1475 5289 1578 5358 γὰρ
1604 5290 1734 5342 ὑπέ-

163 5401 401 5454 στησαν,
443 5380 588 5431 ὥστε
628 5372 890 5426 κλαῦσαι·
943 5377 1309 5429 συναπώλοντο
1353 5377 1408 5428 δὲ
1453 5377 1542 5428 καὶ
1580 5370 1735 5433 αὗται

161 5478 278 5534 τρῖς
332 5466 683 5536 τικτομένοις
746 5461 886 5512 κατὰ
943 5465 1040 5534 τὴν
1099 5466 1400 5534 φάσκουσαν
1459 5467 1728 5537 ἱστορίαν·

1833 336 1901 390 ΙΝ
1939 337 2267 395 PSALMOS.
3263 340 3364 394 954

1839 455 2022 510 audire
2073 457 2416 526 dignabatur.
2472 453 2827 520 Quamobrem
2893 455 3090 520 subdit,
3150 454 3365 507 Audivit

1843 544 1981 598 Deus
2009 556 2056 599 et
2084 549 2292 615 sprevit,
2344 546 2637 600 secundum
2690 545 2936 614 Aquilam
2978 562 3122 610 vero,
3158 545 3226 599 Et
3265 563 3366 601 non

1841 633 2065 699 distulit,
2091 636 2293 689 nullum
2321 636 2554 706 spatium
2585 650 2755 705 neque
2775 636 3084 690 dilationem
3109 637 3216 690 illis
3238 652 3367 691 eon-

1841 723 2071 790 cedens;
2117 725 2409 778 secundum
2445 724 2818 795 Symmachum
2849 741 2996 790 vero,
3029 725 3094 777 Et
3121 726 3366 794 reproba-

1841 813 1910 864 vit
1939 814 2084 867 valde
2113 813 2301 869 Israel.
2336 814 2423 868 Sic
2453 824 2630 870 autem
2663 815 2868 870 audivit
2893 814 3054 877 Deus,
3083 817 3238 886 utde
3267 816 3366 870 So-

1839 900 2056 956 domitis
2098 903 2296 957 dicitur
2341 922 2351 956 :
2413 904 2522 957 Vox
2582 903 2923 958 Sodomorum
2975 913 3022 956 et
3071 903 3367 958 Gomorrhw

1839 989 2031 1042 clamat
2079 992 2145 1043 ad
2192 992 2357 1046 me”.
2415 991 2695 1061 ltupiorum
2749 993 2890 1046 cnim
2933 993 3016 1046 vel
3058 993 3172 1060 ipsa
3208 993 3366 1061 impia

1837 1089 1982 1148 gesta
2031 1081 2263 1135 clamant
2301 1090 2353 1136 et
2390 1082 2769 1136 vociferantur.
2801 1114 2867 1123 —-
2895 1082 3059 1138 Vsus.
3102 1083 3190 1138 60.
3242 1083 3367 1147 Quae

1839 1169 2060 1223 audiens
2091 1169 2228 1224 Deus
2257 1172 2442 1238 repulit
2471 1171 2858 1224 tabernaculum
2894 1171 3079 1235 Silam,
3131 1171 3366 1224 tabernu-

1837 1260 2007 1313 culum
2053 1259 2139 1313 ubi
2187 1261 2434 1312 habitavit
2480 1261 2533 1312 in
2578 1259 2890 1314 hominibus.
2937 1259 3072 1313 Nam
3116 1261 3167 1313 in
3203 1260 3367 1313 Silom

1837 1352 2065 1416 primum
2098 1348 2246 1402 stetit
2283 1349 2706 1411 tabernaculum,
2751 1349 2808 1402 in
2833 1364 2937 1417 qua
2965 1364 3238 1402 sacrorum
3272 1364 3363 1401 ano

1839 1441 2032 1495 tistites
2061 1447 2215 1492 erant
2241 1437 2354 1491 llcli
2383 1446 2436 1491 ct
2467 1437 2700 1497 Samuel,
2737 1446 2792 1491 ul
2825 1440 3062 1492 declarat
3091 1437 3366 1507 Scriptura

1836 1530 2215 1600 Regnorum”.
2239 1529 2349 1583 Hoc
2375 1531 2552 1599 itaque
2572 1530 2802 1597 primum
2831 1529 2883 1582 in
2910 1528 3076 1581 Silom
3107 1536 3366 1583 statutum

1837 1622 2240 1674 tabernaculum
2291 1629 2509 1690 propter
2563 1620 2864 1689 impietatcs
2921 1634 3104 1673 eorum
3155 1619 3367 1686 repulit.

1838 1708 2011 1773 Quare
2057 1709 2344 1763 secundum
2386 1708 2759 1778 Symmachum
2808 1708 3003 1760 dicitur
3033 1727 3044 1760 :
3077 1706 3145 1760 Et
3183 1708 3368 1775 abjecit

1841 1795 2224 1850 tabernaculum
2271 1795 2458 1858 Silam,
2501 1804 2549 1847 et
2587 1795 2976 1848 tabernaculum
3015 1795 3282 1862 ﬁrmatum
3319 1795 3368 1846 in

1835 1887 2146 1941 hominibus.
2177 1887 2452 1953 Quomodo
2485 1895 2660 1940 autem
2691 1886 2998 1940 hominibus
3031 1886 3223 1939 tradita
3253 1885 3341 1939 fue

1837 1978 1907 2030 rit
1941 1992 2064 2030 arca
2109 1978 2174 2031 ob
2212 1978 2510 2046 impietates
2544 1977 2747 2046 populi,
2779 1984 2831 2030 et
2863 1976 3132 2045 quomodo
3161 1975 3366 2029 inimici

1836 2065 2076 2132 ceperint
2131 2065 2297 2126 illam,
2351 2065 2776 2132 abduxerintque
2830 2078 3051 2130 secum;
3107 2062 3199 2117 lilii
3243 2078 3367 2117 vero

1836 2155 1999 2209 Israel
2023 2155 2076 2208 in
2102 2153 2280 2224 fugam
2307 2155 2447 2208 versi
2489 2154 2616 2219 sint,
2649 2154 2741 2206 lilii
2782 2152 2897 2206 Heli
2941 2153 3031 2221 qui
3066 2151 3367 2206 sacerdotes

1835 2251 1985 2299 erant
2028 2245 2337 2308 ceciderint,
2384 2259 2676 2314 eorumque
2718 2254 2885 2312 pater,
2909 2251 3128 2311 accepto
3155 2243 3218 2296 de
3248 2242 3366 2297 tiliis

1836 2335 2042 2399 nuntio,
2089 2334 2324 2402 perierit,
2383 2341 2565 2386 narrat
2613 2332 2822 2402 primus
2869 2331 3173 2400 Regnorum
3213 2331 3366 2385 liber.

1837 2425 2171 2492 Quapropter
2206 2425 2291 2477 hic
2337 2424 2574 2478 dicitur:
2625 2422 2693 2474 Et
2745 2423 2928 2489 repulit
2979 2420 3365 2474 tabernaculum

1839 2513 1968 2577 Silo,
2013 2511 2400 2564 tabernaculum
2447 2512 2533 2563 ubi
2576 2511 2826 2563 habitavit
2865 2512 2918 2562 in
2961 2510 3272 2562 hominibus.
3301 2539 3355 2550 -—

1837 2603 1998 2657 Vens.
2026 2603 2112 2656 61.
2140 2601 2206 2656 Et
2232 2602 2450 2656 tradidit
2472 2603 2524 2655 in
2552 2602 3149 2669 captivitatemvirtutem
3171 2615 3366 2653 eorum.

1836 2693 1937 2746 Pro
1972 2693 2062 2747 illo
2096 2701 2296 2756 autem,
2323 2695 2560 2746 virtutem
2603 2709 2799 2755 eorum,
2845 2692 3056 2760 Aquila,
3097 2690 3252 2742 robur
3286 2706 3366 2744 eo-

1836 2795 1970 2843 rum,
2016 2780 2391 2848 interpretatus
2439 2789 2538 2835 est.
2563 2779 2749 2834 Robur
2789 2789 2992 2844 autem,
3028 2780 3276 2833 virtutem
3318 2788 3366 2833 et

1836 2871 2306 2939 pulchritudinem,
2354 2871 2406 2924 in
2454 2871 2812 2940 captivitatem
2855 2879 2909 2926 et
2953 2871 3007 2924 in
3043 2886 3234 2925 manus
3265 2870 3368 2923 ini-

1835 2961 1958 3014 mici
1998 2961 2217 3026 tradita,
2248 2977 2366 3030 qua:
2393 2955 2592 3017 dixeris
2629 2978 2772 3025 esse,
2816 2963 2922 3016 nisi
2963 2975 3164 3025 arcam,
3210 2977 3368 3030 quam

1836 3039 1934 3104 hic.
1967 3067 2143 3107 sermo
2193 3053 2500 3107 subindicat
2536 3053 2740 3115 dicens,
2777 3052 2840 3104 Et
2873 3051 3085 3104 tradidit
3122 3054 3176 3104 in
3205 3054 3358 3120 capti-

1839 3143 2041 3194 vitatem
2073 3143 2308 3196 virtutem
2349 3160 2547 3205 eorum,
2580 3153 2628 3196 et
2655 3143 3082 3210 pulchritudinem
3111 3159 3288 3196 eorum
3318 3144 3368 3195 in

1838 3251 2021 3287 manus
2043 3235 2239 3288 inimici
2255 3234 2510 3290 ?—Vsns.
2535 3235 2710 3288 62-64.
2729 3234 2829 3288 Sed
2851 3237 2960 3288 haec
2977 3235 3188 3302 quidem
3209 3234 3348 3287 tradi

1838 3327 2188 3381 ditinmanus
2216 3327 2440 3390 inimici,
2459 3328 2710 3395 populum
2729 3343 2856 3380 vero
2882 3327 3132 3380 contrivit
3166 3327 3366 3395 gladio.

1836 3413 1960 3468 Ideo
1985 3415 2276 3468 secundum
2311 3413 2686 3483 Symmachum
2719 3411 2953 3465 dicitur:
2983 3411 3051 3463 Et
3075 3411 3294 3464 tradidit
3316 3412 3366 3464 in

1838 3504 2147 3556 maclurrant
2193 3504 2435 3571 populum
2493 3519 2644 3556 suum
2701 3511 2748 3554 et
2809 3501 3161 3555 hwreditatem
3218 3517 3365 3554 suam

1838 3594 2042 3662 sprevit.
2104 3592 2214 3646 Deo
2268 3600 2443 3646 autem
2509 3591 2655 3660 ipsos
2690 3600 2996 3660 spernente.
3029 3607 3088 3646 ea
3123 3608 3242 3661 qua:
3273 3607 3361 3646 se-

1837 3690 2076 3750 quuntur
2124 3689 2436 3750 evenerunt.
2479 3679 2608 3745 Quae
2633 3681 2756 3733 illa?
2781 3678 2999 3733 Juvenes
3021 3696 3197 3732 eorum
3229 3695 3366 3732 com-

1837 3749 1940 3822 edit
1990 3770 2145 3837 ignis,
2201 3749 2251 3823 εί
2295 3769 2512 3838 virgines
2543 3785 2719 3822 eorum
2761 3785 2860 3820 non
2895 3778 3013 3821 sunt
3043 3771 3368 3832 lamentatur;

1839 3860 2129 3916 secundum
2161 3859 2406 3929 Aquilam
2439 3876 2568 3915 vero
2588 3900 2604 3923 ,
2632 3878 2729 3914 non
2757 3870 2876 3913 sunt
2901 3861 3256 3928 desponsatis;
3287 3878 3364 3917 se-

1838 3949 2068 4004 cundum
2120 3946 2496 4018 Symmachum
2545 3957 2746 4012 autem,
2797 3966 2898 4001 non
2947 3959 3066 4002 sunt
3120 3951 3367 4007 laudatae.

1837 4038 1952 4093 Non
1979 4041 2114 4092 ultra
2144 4039 2615 4100 enim,secundum
2641 4039 2876 4106 reliquos
2893 4037 3368 4106 iuterpretes,cum

1839 4128 2050 4198 hymnis
2083 4136 2135 4182 et
2161 4126 2431 4192 laudibus,
2467 4135 2524 4182 ut
2548 4134 2863 4181 consuetum
2895 4125 3237 4192 desponsatis
3265 4134 3367 4189 est,

1837 4218 1968 4272 viris
2003 4218 2371 4282 tradebantur,
2402 4220 2472 4272 ob
2505 4217 2798 4271 immissam
2829 4224 2957 4268 tunc
2993 4215 3124 4282 ipsis
3153 4215 3362 4268 calami-

1841 4313 2022 4360 tatem.
2057 4305 2358 4360 Secundum
2387 4304 2523 4358 LXX
2545 4304 2867 4373 lnterpretcs
2892 4309 3090 4367 autem,
3124 4303 3178 4355 in
3199 4304 3366 4371 capti-

1839 4396 2048 4449 vitatem
2072 4403 2222 4459 actzc,
2246 4411 2366 4449 cum
2389 4402 2743 4457 morerentur,
2761 4409 2867 4446 non
2894 4400 3009 4447 erat
3034 4393 3125 4461 qui
3143 4393 3365 4461 lugeret,

1837 4485 1978 4554 quod
2011 4500 2116 4539 non
2154 4485 2398 4540 adessent
2445 4485 2726 4554 propinqui
2781 4498 2998 4548 earum;
3054 4484 3161 4536 imo
3203 4483 3361 4536 etiam

1838 4576 2126 4630 sacerdotes
2181 4593 2357 4629 eorum
2420 4577 2472 4628 in
2516 4575 2690 4644 gladio
2733 4572 3021 4627 ceciderunt
3073 4574 3148 4644 (hi
3202 4589 3362 4644 porro

1837 4675 1993 4720 erant
2046 4667 2142 4720 ﬁlii
2203 4666 2360 4732 Heli),
2394 4676 2442 4718 et
2494 4665 2663 4718 vidule
2697 4682 2871 4719 eorum
2916 4682 3020 4719 non
3081 4667 3366 4734 plorabun-

1841 4766 1942 4810 tur.
1975 4755 2032 4810 In
2088 4758 2256 4827 primo
2307 4756 2609 4826 Regnorum
2666 4757 2804 4810 libro
2853 4757 3065 4825 legitur,
3103 4772 3223 4810 cum
3272 4755 3366 4809 lilii

1840 4846 1954 4902 Heli
1988 4850 2042 4902 in
2077 4850 2216 4904 bello
2242 4849 2582 4911 cecidissent,
2623 4863 2807 4903 eorum
2841 4862 3037 4900 uxores
3070 4848 3258 4904 viduas
3285 4864 3366 4902 re-

1839 4937 2016 5000 lictas,
2044 4953 2257 5007 gravem
2307 4939 2632 4994 sustinuisse
2675 4951 2926 4992 mortem.
2966 4939 3142 5003 Quare
3169 4939 3367 4992 dicitur

1841 5027 2133 5082 secundum
2161 5028 2558 5098 Symmachum,
2590 5028 2658 5082 Et
2685 5028 2908 5082 viduata:
2933 5045 3111 5081 eorum
3131 5047 3233 5082 non
3255 5032 3369 5098 plo-

1841 5127 2080 5170 raverunt
2106 5133 2124 5170 :
2153 5134 2324 5188 neque
2352 5119 2489 5172 enim
2525 5119 2855 5173 exsistebant
2880 5127 2937 5169 ut
2961 5117 3088 5172 ﬂere
3117 5128 3370 5186 possent;

1838 5222 1960 5260 nam
1984 5222 2088 5260 una
2119 5222 2238 5260 cum
2266 5214 2416 5276 partu
2448 5221 2547 5260 suo
2575 5207 2853 5261 exstincta:
2884 5214 3030 5265 sunt,
3058 5215 3113 5258 ut
3139 5192 3242 5260 fert
3259 5208 3373 5262 hac

1837 5295 2098 5351 historia:
2128 5295 2194 5349 Et
2236 5298 2429 5363 factum
2468 5308 2544 5350 est
2586 5299 2636 5349 in
2674 5295 2854 5348 diebus
2893 5295 3000 5348 illis
3031 5311 3375 5350 convenerunt

1837 5386 2086 5456 allophyli
2133 5388 2184 5439 in
2234 5387 2420 5439 bellum
2463 5397 2645 5439 contra
2694 5385 2870 5439 Israel
2893 5385 2970 5449 ‘°;
3008 5387 3200 5440 deinde
3248 5404 3379 5442 vero

1838 5489 1960 5529 cum
1991 5478 2185 5532 exisset.
2211 5477 2435 5547 p0pulus
2463 5477 2527 5531 ad
2559 5491 2811 5546 pugnam,
2849 5475 3025 5528 Cursus
3054 5487 3148 5541 est,
3174 5478 3380 5546 inquit,

229 5591 277 5621 ³⁸
307 5588 445 5642 Gen.
479 5595 638 5640 xvnl,
671 5576 760 5628 20.
840 5577 930 5630 ³⁹ῐ
965 5582 1092 5649 Reg.
1125 5598 1195 5644 tv,
1221 5601 1314 5638 vn.
1392 5583 1436 5614 ‘°
1474 5584 1643 5660 Ich.
1677 5604 1754 5657 tv,
1785 5591 1835 5646 1.

227 5682 304 5750 (1)
342 5670 612 5745 Syntaxis
640 5667 884 5735 postulat
911 5673 1126 5736 αὐτούς.
1169 5675 1319 5730 Eon.
