3834 6410
159 372 316 457 95'!
1345 389 1834 449 COMMENTARIA
1871 393 1937 447 IN
1974 391 2307 446 PSALMOS.
3306 395 3412 452 938

192 490 401 562 αὒτοῖς
432 496 642 564 δνειδος
675 505 907 562 αἰώνιον.
942 508 1060 571 Πῶς
1088 508 1143 560 δὲ
1182 509 1259 570 είς
1287 510 1353 562 τὰ
1377 509 1547 562 ὀπίσω
1587 508 1706 560 ὲπάπ

1899 518 1985 560 ota
2006 513 2130 561 urbe
2149 506 2323 576 gravis
2360 506 2528 571 valde,
2567 516 2623 560 ut
2655 506 2866 559 intravit
2890 522 3012 559 arca
3048 506 3143 560 Dei
3175 506 3331 560 illuc:
3360 518 3410 561 et

213 584 313 657 ειν
344 586 568 652 αὐτοὺς,
603 590 846 647 διδάσκει
889 597 922 665 ἡ
959 596 1163 665 ίστορία
1204 594 1387 650 τοῦτον
1420 599 1476 648 ὲν
1503 598 1567 665 τῇ
1596 594 1727 664 πρώε

1896 595 2096 647 ιὶυεηεεε
2145 602 2194 645 et
2233 593 2423 644 mortui
2465 593 2694 659 percussi
2739 601 2887 644 erant
2927 592 2980 643 in
3024 593 3319 659 podicibus;
3361 602 3410 646 et

229 677 338 733 τῶν
378 676 683 735 Βασιλειῶν
730 684 921 753 ἔχουσα
963 684 1053 737 τὸν
1098 685 1291 755 τρόπον
1310 702 1323 716 ·
1364 686 1468 738 Kal
1499 685 1743 751 ἐϐαρύνθ

1897 685 2109 738 tscendit
2159 684 2359 736 clamor
2396 682 2538 736 urbis
2583 685 2636 734 in
2677 682 2879 734 caelum.
2925 680 3045 736 Ideo
3081 684 3134 735 in
3165 682 3411 752 praesenti

222 768 361 839 χεὶρ
392 770 613 837 Κυρίου
639 772 739 825 ἐπί
778 774 917 839 τοὺς
955 774 1262 839 Ἄζωτίους,
1292 776 1386 827 καὶ
1430 773 1736 827 ἐϐασάνισε

1897 774 2084 826 )εοιιῐιο
2128 772 2329 826 dictum
2375 779 2501 824 est:
2531 769 2597 823 Et
2633 770 2883 837 percussit
2924 770 3159 824 inimicos
3204 788 3325 824 suos
3358 773 3411 824 in

218 858 476 933 αρτοὺς,
517 860 615 912 καί
656 862 948 924 ἐπάταξεν
976 862 1191 927 αὐτοὺς
1220 865 1305 927 είς
1336 864 1439 927 τὰς
1469 862 1640 928 ἔδρας
1674 864 1732 914 ai

1894 863 2185 922 nosteriora,
2232 861 2558 927 opprobrium
2603 860 2967 926 sempiternum
3013 859 3152 911 dedit
3178 861 3271 915 eis.
3299 859 3408 928 0p-

216 946 369 1012 τῶν,
406 946 524 1015 τὴν
552 948 793 1008 Ἄζωτον
821 951 918 1003 καί
949 952 1021 1004 τὰ
1051 952 1179 1018 ὅρια
1219 950 1403 1018 αὐτῆς
1423 968 1437 981 ·
1474 951 1566 1003 καὶ
1596 947 1730 1011 αὖθις

1895 950 2151 1017 ποιηὶυηι
2184 952 2381 1019 quippe
2416 957 2531 1003 erat
2572 952 2628 1002 in
2660 949 2941 1017 podicibus
2977 963 3263 1017 percussos
3290 950 3409 1002 illos

210 1036 339 1091 Kal
382 1034 667 1104 μετῆλθε,
710 1039 890 1107 φησὶν,
928 1040 966 1105 ή
1007 1040 1247 1105 κιϐωτός
1288 1040 1390 1093 τοῦ
1432 1039 1648 1105 Κυρίου
1697 1054 1724 1090 ε

1891 1039 2066 1103 luisse,
2116 1048 2300 1108 utpote
2342 1039 2433 1107 qui
2469 1039 2536 1092 iis
2574 1038 2626 1090 in
2662 1038 2903 1105 partibus
2938 1038 3122 1091 lascivi
3156 1037 3405 1093 fuissent.

209 1126 445 1181 Γεθθά.
480 1127 593 1181 Kal
621 1127 850 1195 ἐγένετο
866 1129 1012 1197 μετὰ
1039 1129 1105 1181 τὸ
1127 1129 1428 1198 μετελθεῖν
1453 1128 1660 1195 αὐτὴν,
1686 1145 1723 1181 κ

1895 1130 2127 1184 inimicos
2157 1132 2373 1200 quidem
2403 1145 2529 1183 suos
2576 1130 2655 1183 sic
2694 1130 2837 1183 ultus
2864 1139 2979 1194 est;
3014 1129 3258 1197 proprios
3283 1142 3409 1183 vero

207 1218 457 1284 γίνεται
508 1216 638 1283 χείρ
684 1218 898 1283 Κυρίου
941 1219 1012 1270 ἐν
1054 1217 1128 1285 τῇ
1169 1221 1337 1272 πόλει
1388 1218 1596 1285 κράτος
1631 1218 1721 1285 μές

1895 1222 1981 1276 sibi
2016 1222 2121 1275 alio
2171 1223 2330 1275 modo
2363 1222 2665 1289 castigavit.
2716 1220 2894 1285 Quare
2940 1222 3142 1274 dictum
3192 1229 3276 1276 est
3304 1238 3409 1273 :—

207 1304 490 1373 σφόδρα.
538 1305 649 1357 Kal
684 1306 936 1368 ἐπάταξε
976 1307 1116 1371 τοὺς
1152 1308 1370 1374 ἄνδρας
1407 1307 1515 1374 τῆς
1554 1310 1721 1360 πόλει

1894 1310 2038 1365 Vens.
2064 1312 2154 1363 67.
2187 1310 2252 1362 Et
2278 1304 2462 1377 repulit
2495 1310 2881 1363 tabernaculum
2899 1301 3108 1375 Joseplt.
3130 1309 3408 1373 Quodnam

204 1392 340 1446 ἀπὸ
384 1391 607 1460 μικροῦ
634 1392 741 1457 ἕως
776 1392 1056 1461 μεγάλου.
1105 1394 1202 1445 καί
1234 1393 1523 1457 ἐπάταξεν
1564 1397 1718 1447 αὐτα

1891 1400 2006 1453 ιιιυά
2039 1401 2141 1454 nisi
2172 1399 2377 1453 Silom?
2413 1400 2539 1453 Erat
2567 1400 2708 1453 enim
2742 1414 2803 1453 ea
2839 1414 2903 1452 ex
2933 1408 3078 1453 sorte
3115 1394 3364 1468 prraim
3391 1418 3405 1453 :

201 1486 300 1547 εἲς
348 1482 463 1546 τὰς
511 1482 687 1550 ἕδρας
728 1483 938 1536 αὐτῶν.
971 1483 1077 1536 Kal
1115 1483 1623 1547 ὲξαποστέλλουσι
1668 1486 1715 1535 τι

1894 1489 2133 1558 Ephraim
2160 1498 2335 1544 autem
2370 1491 2510 1544 (ilius
2539 1489 2731 1557 Joseph
2765 1497 2895 1543 erat.
2931 1488 3054 1543 Ideo
3087 1489 3306 1545 subdit:
3340 1488 3408 1541 Et

202 1571 481 1625 κιϐωτὸν
523 1571 631 1624 τοῦ
670 1573 815 1625 Θεοῦ
845 1576 931 1638 εὶς
975 1572 1306 1626 Ἀσκάλωνα
1328 1588 1339 1600 ⁸
1387 1572 1485 1626 καὶ
1523 1572 1716 1639 ἐϐόησι

1895 1579 2061 1645 'epulit
2086 1577 2473 1630 tabernaculum
2500 1576 2708 1645 Joseph,
2737 1586 2785 1631 et
2816 1578 3001 1629 tribum
3034 1577 3280 1643 Epltraim
3307 1594 3409 1630 non

200 1665 261 1715 οἱ
311 1661 744 1715 Ἀσκαλωνῖται
785 1663 1060 1731 ,λέγοντες
1078 1678 1090 1691 °
1132 1664 1190 1715 Tt
1221 1662 1625 1729 ἀπεστρέψατε
1668 1663 1714 1714 τι

1878 1668 2060 1735 elegit;
2105 1668 2315 1720 etiamsi
2354 1667 2582 1735 primum
2625 1680 2742 1719 eam
2786 1665 3049 1735 elegisset,
3081 1676 3135 1720 et
3160 1665 3392 1719 taberna

200 1752 475 1804 κιϐωτὸν
511 1751 621 1805 τοῦ
652 1752 795 1805 Θεοῦ
837 1754 1164 1808 θανατῶσαι
1192 1750 1377 1820 ἠμᾶς;
1408 1754 1513 1806 Καὶ
1543 1753 1714 1819 ὲπιλέγ

1891 1757 2050 1809 :ulum
2072 1755 2268 1824 loseph
2294 1756 2441 1824 prius
2471 1755 2739 1811 affecisset
2763 1758 2990 1812 honore.
3018 1757 3193 1822 Quare
3241 1757 3405 1812 Silom

200 1842 378 1911 ἑξῆς·
422 1843 547 1895 "Ott
581 1842 828 1910 ἐγενήθη
862 1844 1156 1910 σύγχυσις
1184 1843 1434 1895 θανάτου
1467 1844 1535 1895 ἐν
1565 1842 1674 1909 ὅλῃ
1700 1860 1714 1894 1

1896 1861 1926 1898 n
1959 1852 2247 1899 extremam
2278 1844 2617 1898 solitudinem
2647 1846 2862 1899 redacta
2889 1856 2992 1901 est.
3018 1845 3086 1900 lis
3104 1862 3232 1901 vero
3253 1848 3410 1902 docet

199 1935 395 1985 πόλει
416 1932 634 1998 βαρεῖα
658 1932 908 1999 σφόδρα,
931 1932 1010 1996 ὡς
1035 1931 1315 1999 εἰσῆλθεν
1345 1933 1383 1998 η
1413 1933 1649 1996 κιϐωτὸς
1669 1948 1713 1983 τι

1892 1935 2116 2002 exemplo
2167 1933 2311 1987 illius
2358 1933 2546 1996 Silom,
2593 1942 2651 1987 ut
2695 1950 2763 1989 ne
2791 1935 2956 1988 altum
2994 1937 3203 2004 sapiant
3229 1937 3319 2005 qui
3351 1939 3406 1991 in

201 2022 373 2076 Θεοῦ
422 2022 581 2075 ἐκεῖο
634 2022 733 2074 καί
783 2024 836 2074 οἱ
880 2021 1083 2086 ζῶντες
1129 2021 1227 2074 καί
1274 2024 1327 2075 ol
1379 2023 1715 2075 ἀποθανόντ.

1889 2018 2164 2075 Ierusalem
2210 2021 2470 2086 habitant,
2516 2022 2656 2091 quod
2700 2023 3103 2078 tabernaculum
3134 2032 3188 2078 et
3226 2036 3403 2078 arcam

196 2110 626 2177 ἐπλήχθησαν
656 2113 741 2174 είς
766 2113 868 2174 τὰς
889 2109 1062 2177 ἕδρας
1082 2125 1095 2139 ’
1135 2110 1231 2162 καὶ
1270 2111 1448 2177 ἀνέϐη
1480 2112 1518 2177 ἠ
1550 2128 1710 2177 κραυς

1891 2111 2177 2179 lcceperint
2206 2129 2218 2163 :
2248 2110 2445 2178 quippe
2473 2111 2665 2163 similia
2696 2111 2884 2179 primis
2908 2112 3141 2181 passuri,
3164 2114 3266 2166 nisi
3297 2113 3405 2168 Deo

201 2196 333 2264 τῆς
354 2198 589 2263 πόλεως
603 2201 689 2263 είς
713 2198 817 2250 τὸν
842 2200 1114 2265 οὐρανόν.
1138 2200 1233 2251 Διὰ
1257 2199 1319 2269 δὴ
1343 2199 1511 2253 ταῦτα
1536 2199 1715 2252 λέλεκτ

1892 2199 2020 2267 ligni
2046 2198 2362 2263 elIiciantur,
2398 2200 2539 2269 quod
2578 2215 2707 2254 sane
2736 2202 2979 2270 sequenti
3008 2210 3245 2269 tempore
3277 2218 3406 2256 con—

198 2288 262 2338 ὲν
298 2285 390 2354 τῷ
422 2286 653 2357 παρόντι
682 2286 904 2356 ψαλμῷ·
941 2287 1045 2339 Kal
1085 2287 1338 2351 ἐπάταξε
1365 2287 1503 2353 τοὺς
1533 2288 1777 2354 ἐχθροὺς
1877 2289 2014 2356 tigit.

196 2375 405 2428 αὑτοῦ
443 2378 532 2440 είς
568 2376 640 2428 τὰ
665 2377 883 2428 ὀπίσωο
914 2376 1136 2442 ὄνειδος
1195 2378 1427 2430 αἰώνιον
1484 2377 1703 2430 ἔδωκεν
1759 2377 1974 2442 αὐτοῖς.
2014 2379 2247 2441 Ὄνειδος
2294 2379 2398 2449 γὰρ
2432 2378 2500 2449 ἡν
2564 2380 2622 2431 τὸ
2668 2382 2724 2431 ἐν
2755 2397 2873 2441 ταις
2918 2384 3097 2450 εόραις
3138 2381 3406 2452 πληγῆναι

196 2470 439 2531 αὐτοὺς,
475 2470 553 2531 ὡς
616 2470 682 2523 ἂν
716 2471 1181 2534 ἀκολασταίνοντας
1225 2474 1281 2524 ὲν
1342 2472 1562 2534 ἐκείνοις
1595 2474 1705 2534 τοῖς
1742 2472 1948 2542 μέρεσι.
2014 2473 2149 2535 Τοὺς
2197 2473 2295 2541 μὲν
2342 2473 2561 2543 ἐχθροὺς
2601 2472 2769 2536 οὕτως
2818 2475 3214 2544 ἐτιμωρήσατο⁹
3282 2478 3407 2537 τοὺς

197 2560 260 2613 δὲ
304 2561 549 2622 οἰκείους
619 2560 786 2631 ἑτέρῳ
820 2563 1127 2631 μετήρχετο.
1162 2563 1251 2615 Διὸ
1294 2564 1501 2634 εἶρητο’
1526 2563 1635 2617 Καὶ
1695 2562 1967 2616 ἀπώσατο
2013 2564 2078 2617 τὸ
2115 2564 2399 2631 σκήνωμα
2468 2564 2692 2630 Ἰωσήφ.
2740 2564 2984 2616 Ποῖονηδὲ
3023 2563 3177 2617 τοῦτο
3226 2564 3338 2617 ἀλλ’
3370 2565 3405 2635 ὴ

196 2652 310 2721 τὴν
343 2651 547 2721 Σηλὼμ
570 2668 584 2716 ;
608 2649 713 2703 Ἦν
734 2653 840 2722 γὰρ
864 2654 996 2722 αὑτὴ
1019 2654 1116 2722 τῆς
1142 2654 1492 2724 κληρονομίας
1540 2654 1801 2725 Ἐφραῖμ·
1851 2654 2080 2727 Ἐφραῖμ
2111 2655 2165 2708 δὲ
2212 2655 2304 2707 τοῦ
2344 2656 2536 2724 Ἰωσὴφ
2600 2655 2710 2717 υίὸς
2737 2651 2825 2725 ἦν.
2859 2654 2949 2707 Διὸ
2992 2654 3226 2723 ἐπιλέγει
3247 2671 3260 2684 ο
3296 2653 3408 2707 Kal

197 2744 506 2798 ἀπώσατο
581 2745 649 2797 τὸ
686 2735 966 2814 σκήνωμα
1010 2746 1258 2814 Ἰωσὴφ,
1307 2748 1402 2799 καί
1451 2747 1563 2815 τὴν
1602 2748 1803 2816 φυλὴν
1850 2749 2085 2816 Ἐφραῒμ
2135 2750 2243 2801 οὐκ
2330 2747 2677 2811 ἐξελέξατο·
2726 2746 2925 2816 καίπερ
2978 2745 3143 2815 αὐτὴν
3188 2745 3411 2815 πρώτην

198 2834 605 2902 ἐκλεξάμενος,
638 2836 728 2886 καὶ
769 2834 827 2886 τὸ
863 2838 1112 2905 σκήνωμα
1151 2836 1344 2905 Ἰωσὴφ
1373 2837 1581 2907 πρῶτον
1637 2841 1889 2907 τιμήσας.
1909 2838 1997 2890 Διὸ
2030 2840 2122 2891 καὶ
2149 2839 2183 2907 ἡ
2211 2836 2405 2907 Σηλὼμ
2461 2839 2539 2899 εἰς
2575 2836 2805 2905 ἐσχάτην
2863 2837 3093 2906 ἐρημίαν
3150 2835 3404 2905 κατέστη.

198 2922 479 2976 Παιδεύει
498 2922 555 2974 δὲ
578 2922 666 2975 διὰ
700 2925 897 2976 τούτων
924 2927 953 2977 ό
980 2926 1129 2992 λόγος
1190 2926 1275 2978 διὰ
1305 2927 1395 2979 τοῦ
1461 2928 1891 2997 παραδείγματος
1949 2930 2045 2999 τῆς
2087 2928 2280 2999 Σηλὼμ
2326 2928 2400 2997 μὴ
2469 2928 2607 2995 μέγα
2638 2928 2848 2995 φρονεῖν
2878 2926 3001 2987 τοὺς
3028 2928 3084 2977 ὲν
3112 2928 3176 2994 τῇ
3215 2925 3410 2994 Ἰερου-

200 3016 425 3084 σαλὴμ,
454 3015 554 3085 τὴν
581 3015 782 3085 σκηνὴν
811 3016 901 3068 καὶ
932 3017 1028 3085 τὴν
1062 3017 1285 3070 κιϐωτὸν
1346 3018 1789 3089 ὑποδεξαμένους·
1829 3020 2103 3073 πείσεσθαι
2145 3021 2252 3091 γὰρ
2298 3020 2365 3073 τὰ
2404 3020 2562 3089 ὃμοια
2600 3020 2708 3078 τοῖς
2748 3014 2999 3085 πρώτοις.
3043 3016 3090 3066 εἶ
3136 3014 3209 3082 μὴ
3270 3013 3407 3076 ἄξιοι

196 3106 456 3174 γίνοιντο
504 3105 600 3158 τοῦ
651 3105 816 3157 Θεοῦσ
850 3106 878 3158 ὃ
917 3107 979 3176 δὴ
1024 3110 1115 3160 καὶ
1163 3108 1338 3178 ἀπέϐη
1380 3111 1434 3161 ὲν
1466 3112 1574 3171 τοῖς
1630 3110 1765 3179 μετὰ
1798 3110 1964 3163 ταῦτα
1996 3112 2219 3180 χρόνοις.

272 3224 399 3278 Kal
434 3221 752 3286 ἐξελέξατο
779 3222 891 3289 τὴν
920 3223 1121 3291 φυλὴν
1146 3224 1346 3287 Ἰούδα,
1371 3224 1435 3277 τὸ
1463 3225 1594 3291 ὄρος
1625 3225 1771 3278 Σιὼν

1938 3224 2100 3280 Vens.
2145 3225 2233 3287 68,
2279 3224 2367 3278 69.
2426 3221 2492 3275 Ει
2530 3222 2678 3289 elegit
2727 3219 2916 3271 tribum
2956 3214 3130 3280 Iuda,
3180 3224 3403 3267 montem

198 3313 233 3365 ὃ
262 3311 584 3381 ἠγάπησε.
620 3312 727 3364 Kal
763 3312 1137 3379 ᾠκοδόμησεν
1163 3316 1242 3378 ὠς
1262 3314 1670 3380 μονοκερώτων
1704 3333 1712 3365 τ

1889 3315 2020 3376 Sion,
2068 3332 2215 3377 quem
2258 3313 2457 3366 dilexit.
2504 3310 2571 3362 Et
2601 3309 2879 3375 a’diﬁcavit
2915 3308 3047 3359 sicut
3077 3305 3403 3358 unicornium

198 3402 490 3469 ἀγίασμα
528 3398 712 3452 αὐτοῦ
736 3401 803 3452 ὲν
828 3399 900 3467 τῇ
932 3400 1026 3469 γῇ,
1064 3402 1447 3470 ἐθεμελίωσεν
1471 3401 1659 3468 αὐτὴν
1685 3420 1712 3454 ε

1888 3407 2210 3474 :anctiﬁcium
2249 3422 2400 3459 suum
2436 3405 2489 3457 in
2524 3414 2683 3463 terra,
2724 3401 2960 3469 fundavit
2988 3417 3101 3453 eam
3138 3400 3192 3452 in
3234 3413 3402 3451 sitcu-

194 3494 319 3546 τὸν
355 3490 567 3544 αἰῶνα.
602 3489 774 3558 Φυλὴν
815 3489 909 3559 μὲν
950 3490 1115 3558 φυλῆς
1148 3489 1643 3558 ἀντικατηλΜξατο,
1674 3507 1703 3541 τ

1887 3497 1997 3551 'um.
2021 3496 2242 3549 Tribum
2287 3510 2385 3564 pro
2419 3494 2559 3548 tribu
2591 3492 2956 3553 commutavit,
2982 3490 3180 3542 tribum
3209 3487 3401 3555 Benja-

195 3582 392 3651 φυλὴν
411 3581 669 3649 Βενιαμὶν
691 3580 808 3632 ἀντὶ
832 3579 928 3647 τῆς
953 3578 1117 3648 φυλῆς
1150 3580 1340 3649 Ἰωσήφ
1356 3596 1369 3609 ’
1404 3580 1496 3631 καὶ
1524 3579 1682 3631 τόπον

1888 3588 1977 3640 nin
2000 3602 2095 3656 pro
2117 3585 2258 3639 tribu
2278 3584 2473 3653 Ioseph
2498 3586 2586 3637 :‘et
2619 3583 2791 3635 locum
2816 3594 2912 3648 pro
2929 3580 3046 3632 loco
3061 3577 3253 3646 elegit;
3276 3576 3402 3630 Hie-

195 3673 335 3725 ἀντὶ
360 3669 532 3721 τόπου
567 3668 765 3731 εἶλατο,
799 3668 895 3736 τῆς
915 3667 1107 3736 Σηλὼμ
1143 3668 1237 3738 τὴν
1271 3668 1613 3737 Ἰερουσαλὴμ
1638 3685 1709 3738 πρ

1885 3676 2192 3745 έυεοιγωοῐη
2236 3674 2349 3727 Silo
2396 3683 2758 3740 anteponens;
2804 3670 2911 3721 imo
2957 3667 3117 3722 etiam
3168 3675 3399 3719 montem

195 3764 411 3833 κρίνας
435 3777 451 3791 ·
482 3759 620 3813 ἀλλὰ
646 3760 738 3811 καὶ
774 3759 893 3828 ὅρος
928 3758 1042 3810 ἀντὶ⁸
1072 3758 1227 3827 ὅρους
1248 3760 1514 3826 ἠγάπησε,
1550 3757 1609 3809 τὸ
1636 3757 1709 3808 Σιὶ

1886 3781 1965 3819 πο
1998 3772 2177 3818 monte
2200 3764 2406 3825 dilexit,
2439 3760 2568 3814 Sion
2598 3758 2863 3820 videlicet,
2893 3772 2990 3825 pro
3015 3764 3196 3810 monte
3228 3755 3319 3824 qui
3348 3754 3400 3808 in

192 3851 416 3920 δηλαδὴ
460 3850 582 3901 ἀντὶ
634 3846 723 3899 τοῦ
756 3847 911 3917 ὅρους
956 3845 1048 3897 τοῦ
1096 3849 1151 3898 ὲν
1183 3846 1394 3916 Σηλώμ.
1443 3843 1577 3899 Εἶτὰ
1607 3863 1706 3914 φησ

1891 3849 1982 3901 Silo
2017 3855 2151 3901 erat.
2200 3845 2397 3898 Deinde
2452 3841 2658 3896 aitzEt
2697 3840 2974 3907 aediﬁcavit
3018 3838 3152 3890 sicut
3197 3838 3405 3889 unicor—

193 3942 319 3994 Kal
363 3936 753 4003 ᾠκοδόμησεν
800 3936 879 3999 ὡς
929 3935 1337 4002 μονοκερώτων
1390 3936 1455 3988 τὸ
1515 3935 1707 4003 arma]

1888 3937 2013 3989 tium
2056 3935 2402 4002 sancti/icium
2435 3946 2623 3992 suum;
2652 3926 2945 3984 secundum
2988 3926 3230 3993 Aquilam
3255 3941 3402 3988 vero,

193 4028 403 4083 αὑτοῦ
424 4044 438 4056 ·
479 4025 621 4078 κατὰ
666 4024 722 4076 δὲ
770 4023 859 4075 τὸν
914 4022 1136 4074 Ἀκύλαν
1159 4061 1173 4084 ,
1235 4024 1340 4076 Kal
1392 4022 1707 4089 ᾠκοδόμησ⁴

1891 4026 1938 4079 Et
1967 4025 2240 4093 aediﬁcavit
2279 4022 2447 4077 simile
2488 4021 2703 4075 excelsis
2734 4016 3079 4083 sancti/icium
3104 4030 3289 4077 suum;
3319 4030 3405 4069 se-

192 4119 433 4188 όμοίως
455 4113 720 4182 ὑψηλοῖς
748 4114 1005 4181 ἀγίασμα
1030 4112 1210 4165 αὑτοῦ
1228 4130 1241 4142 ’
1274 4112 1409 4166 κατὰ
1439 4111 1494 4163 δὲ
1516 4112 1603 4163 τὸν
1626 4111 1694 4162 Σύ
1702 4131 1706 4177 1

1887 4116 2101 4170 :nndum
2151 4111 2530 4182 Symmachum
2581 4118 2777 4169 autem,
2820 4104 2887 4157 Et
2917 4104 3191 4166 adi/icavit
3220 4112 3273 4154 ut
3305 4118 3401 4156 ea:—

198 4224 412 4278 μαχον,
447 4204 561 4258 Kal
588 4201 967 4269 ᾠκοδόμησεν
994 4202 1072 4265 ὡς
1093 4199 1163 4253 τὰ
1191 4200 1395 4267 ὑψηλὰ
1425 4198 1491 4252 τὸ
1512 4200 1712 4267 arma}

1883 4205 2007 4258 :elsa
2034 4202 2379 4269 sancti/icium
2412 4214 2582 4252 suum.
2628 4194 2993 4249 Sanctiﬁcium
3024 4193 3203 4259 itaque
3240 4202 3397 4244 suum

192 4277 425 4352 ὰύτοῦ.
477 4294 707 4361 Ὁμοίως
738 4287 828 4344 οὖν
861 4290 1076 4360 ὑψηλοῖς
1109 4290 1202 4342 καὶ
1238 4291 1314 4352 ὡς
1336 4288 1403 4342 τὰ
1435 4289 1540 4360 ὕψη
1572 4288 1706 4358 ᾠκοδ

1885 4293 2043 4347 simile
2081 4290 2329 4349 excelsis,
2364 4298 2455 4340 aut
2487 4294 2545 4339 ut
2574 4284 2785 4337 excelsa
2830 4278 3131 4333 aediﬁcavit.
3164 4277 3272 4330 Nos
3304 4292 3399 4328 au-

199 4399 358 4453 μησε
384 4381 449 4434 τὸ
474 4381 720 4448 ἁγίασμα
750 4376 932 4431 αὑτοῦ.
969 4377 1296 4446 ’Δναπέμπει
1328 4378 1370 4429 δ’
1394 4380 1535 4447 ἡμᾶς
1565 4380 1592 4429 ό
1617 4377 1713 4443 λὸγι

1888 4397 1974 4435 em
2002 4381 2068 4433 ad
2102 4378 2422 4449 profundum
2454 4382 2507 4429 et
2545 4386 2798 4425 arcanum
2844 4382 3059 4424 sensum
3109 4382 3285 4419 sermo
3316 4381 3402 4419 re-

196 4474 292 4535 εἰς
326 4472 467 4541 βαθὺ
501 4470 594 4523 καὶ
627 4469 929 4539 ἀπόρρητον
966 4466 1105 4532 νοῦν,
1148 4467 1432 4530 διδάσκων,
1459 4468 1532 4530 ὼς
1579 4467 1639 4519 τὸ
1676 4469 1710 4519 ὲε

1885 4471 2053 4533 nittit,
2093 4470 2293 4523 docens
2321 4463 2674 4521 sanctilicium
2710 4458 2839 4512 illud
2873 4458 2926 4510 in
2955 4465 3115 4517 terra,
3151 4456 3206 4509 in
3239 4454 3399 4508 Jeru-

194 4563 320 4629 τῆς
361 4561 613 4627 ἁγίασμα
652 4557 713 4609 τὸ
743 4557 833 4608 ἐπὶ
874 4558 969 4624 τῆς
1005 4555 1347 4625 Ἰερουσαλὴμ
1394 4558 1485 4608 καὶ
1532 4556 1608 4625 τῷ
1657 4557 1708 4626 ὄρ

1883 4559 2036 4613 salem
2059 4564 2111 4611 et
2140 4559 2193 4610 in
2223 4564 2399 4608 monte
2425 4552 2551 4604 Sion
2581 4549 2956 4608 constitutum,
2994 4545 3397 4599 similitudinem

196 4650 355 4705 Σιὼν
383 4647 664 4703 καταστὰν
710 4646 964 4715 ὁμοίωσιν
1008 4640 1119 4715 εἶχε
1145 4644 1251 4696 τῶν
1293 4646 1349 4696 ὲν
1390 4648 1501 4707 τοῖς
1535 4645 1710 4714 ὑψηλοῑ

1886 4646 2125 4699 habuisse
2154 4657 2276 4696 cum
2300 4656 2364 4694 eo
2387 4637 2530 4707 quod
2562 4637 2616 4688 in
2648 4634 2875 4689 excelsis
2903 4640 3006 4695 est,
3054 4641 3107 4685 et
3133 4632 3200 4685 ad
3227 4632 3400 4685 excel-

197 4741 313 4793 καὶ
334 4739 652 4811 ᾠκοδόμητο
680 4737 755 4796 ὼς
786 4735 853 4788 τὰ
881 4736 987 4804 ὖψη
1012 4738 1129 4788 κατ’
1158 4734 1335 4786 εἰκόνα
1363 4736 1454 4786 καὶ
1487 4735 1606 4787 καθ’
1628 4738 1711 4803 ὀμ(

1888 4750 2055 4789 torum
2086 4732 2299 4785 modum
2328 4734 2694 4782 constructum
2718 4724 2908 4784 fuisse,
2943 4722 3010 4775 ad
3036 4723 3315 4790 imaginem
3348 4728 3402 4774 et

197 4808 359 4881 watv'
381 4827 674 4895 γενόμενον
699 4823 804 4874 τῶν
832 4825 888 4875 ὲν
926 4823 1168 4892 οὐρανοῖς
1207 4821 1447 4890 ὑψηλῶνο
1476 4822 1510 4874 ἃ
1536 4823 1599 4892 δὴ
1631 4822 1711 4874 καΊ

1885 4821 2273 4876 similitudinem
2327 4817 2660 4870 excelsorum
2716 4812 3048 4874 caelestium;
3097 4825 3217 4878 qua:
3275 4808 3399 4861 item

213 4917 558 4977 Ἀπόστολος
578 4915 810 4983 παρίστη
836 4912 1004 4979 λέγων
1023 4929 1037 4941 ·
1068 4912 1128 4963 Ἠ
1144 4910 1211 4962 δὲ
1240 4910 1359 4962 ἅνω
1394 4911 1727 4979 Ἰερουσαλὴ

1885 4911 2156 4981 Apostolus
2187 4906 2474 4962 declaravit
2504 4904 2692 4958 dicens
2718 4923 2730 4957 :
2758 4902 2864 4955 Illa
2892 4916 3007 4952 vero
3046 4915 3160 4966 qua:
3195 4913 3399 4951 sursum

198 5006 508 5072 ἐλευθέρα
559 5003 760 5055 ἐστίν’
800 5003 909 5063 καὶ,
957 5000 1442 5066 Προσεληλύθιιτε
1480 5000 1628 5052 Σιὼν
1653 5000 1712 5066 ὄρ

1891 5009 1944 5053 rst
1981 4999 2269 5052 Jerusalem
2320 4996 2479 5048 libera
2508 5002 2585 5046 est
2610 4992 2687 5057 “;
2714 5000 2786 5053 et,
2819 4989 3119 5041 Accessistis
3173 4987 3240 5038 ad
3279 4985 3405 5039 Sion

200 5095 321 5148 καὶ
352 5096 531 5147 πόλει
568 5092 715 5144 Θεοῦ
761 5090 969 5154 ζῶντος
1015 5086 1391 5155 Ἰερουσαλὴμ
1423 5088 1714 5154 ἐπουρανί‹

1893 5098 2091 5140 ηοηιεηι
2134 5096 2181 5137 et
2229 5086 2482 5136 civitatem
2522 5081 2618 5134 Dei
2655 5080 2887 5139 uiuentis,
2918 5074 3216 5126 Jerusalem
3260 5073 3407 5125 ctele-

202 5184 315 5235 Διδ
356 5182 499 5235 κατὰ
547 5181 636 5231 τὸν
686 5180 909 5230 Ἀκύλαν
954 5178 1193 5245 εἴρηται,
1239 5178 1343 5227 Kal
1392 5177 1716 5243 ᾠκοδόμησε

1902 5186 1997 5229 tem
2018 5176 2081 5228 “.
2114 5176 2288 5239 Quare
2315 5171 2608 5226 secundum
2636 5169 2889 5239 Aquilam
2918 5163 3141 5221 dicitur,
3184 5160 3252 5212 Et
3280 5158 3409 5213 tedi-

202 5273 438 5339 ὀμοίως
464 5267 725 5335 ὑψηλοῖς
754 5269 1008 5333 ἁτίασμα
1038 5263 1246 5317 αὐτοῦ’
1270 5266 1410 5316 κατὰ
1435 5266 1489 5317 δὲ
1519 5267 1605 5317 τὸν
1631 5265 1716 5331 Σύ]

1902 5266 2047 5317 icavit
2080 5263 2244 5317 simile
2273 5260 2485 5314 excelsis
2514 5258 2871 5328 sanctiﬁcium
2896 5264 3080 5310 suum;
3117 5249 3416 5301 secundum

208 5334 421 5428 ιλαχον.
449 5334 557 5410 Kal
585 5354 958 5421 ᾠκοδόμησεν
991 5354 1068 5417 ὡς
1095 5353 1165 5403 τὰ
1192 5354 1396 5418 ὑψηλά
1418 5354 1480 5406 τὸ
1514 5354 1722 5422 ἁγιασμ

1912 5353 2248 5422 ιγιιιιηοειιυηι
2273 5363 2420 5409 vero,
2456 5347 2522 5399 Et
2549 5346 2830 5415 wdiﬁcavit
2858 5349 2918 5392 ut
2940 5335 3150 5390 excelsa
3191 5334 3426 5430 sanctiﬁ-

204 5419 444 5498 αὑτοῦ·
477 5419 620 5494 κατᾶ
642 5441 699 5491 δὲ
735 5419 856 5501 τοὺς
888 5439 1289 5507 Ἐδδομήκοντοι,
1327 5440 1419 5504 Ὠς
1444 5419 1718 5507 μονοκερο

1921 5419 2009 5495 um
2031 5457 2210 5502 suum;
2235 5438 2527 5493 secundum
2558 5436 2695 5489 LXX
2724 5445 2866 5487 vero
2894 5429 3259 5490 lnterpretes,
3284 5419 3435 5513 ZE-di—

205 5547 347 5585 των
364 5529 711 5595 ᾠκοδόμησε
735 5524 801 5575 τὸ
822 5526 1070 5590 ἁγίασμα
1097 5524 1275 5576 αὐτοῦ
1290 5541 1303 5553 ·
1334 5506 1590 5581 νοοὺντων
1616 5528 1719 5595 ὴμᾶ

1932 5532 2046 5585 :avit
2099 5531 2226 5583 sicut
2286 5527 2609 5581 unicornium
2657 5517 3029 5586 sanctiﬁcium
3098 5525 3290 5562 suum.
3340 5506 3446 5559 ἴςῡει

295 5679 345 5710 ⁸³
375 5679 491 5733 Gal.
524 5694 595 5737 Iv,
630 5672 725 5724 26.
796 5670 841 5699 ⁸⁵
870 5667 995 5719 llcb.
1026 5682 1120 5727 xu,
1150 5668 1239 5727 22.

505 5773 779 5829 PATBOL.
813 5761 919 5816 Gn.
958 5758 1178 5816 ΧΧΙΙΙ.

3125 5749 3217 5804 30
