3834 6384
275 419 380 476 9-H

1393 413 1886 472 COMMENTARIA
1925 413 1988 468 IN
2027 409 2359 467 PSALMOS.

3349 416 3452 469 9ίὲ

268 544 392 583 σεν
415 528 654 591 αὐτούς.
688 530 842 581 Κατὰ
869 528 924 580 δὲ
951 526 1038 578 τὸν
1074 529 1320 590 Ἀκύλαν,
1364 530 1467 582 Καὶ
1503 530 1571 582 ἐν
1609 527 1821 594 φρονή-

1929 539 2035 578 uon
2068 525 2121 576 in
2166 522 2427 591 sapientia
2455 521 2709 584 humana,
2752 538 2858 576 non
2898 525 3174 592 prudentia
3205 530 3417 597 propria
3439 569 3454 591 ,

267 631 416 670 σεσι
449 615 689 682 ταρσῶν
729 617 913 670 αὑτοῦ
951 617 1370 686 καθωδήγησεν
1411 618 1645 681 αὐτούς.
1673 617 1826 668 Κατά

263 707 330 759 δὲ
353 706 447 758 τὸν
485 705 800 774 Σύμμαχον,
823 707 928 761 Καὶ
957 707 1104 760 κατὰ
1148 708 1260 773 τὴν
1289 709 1673 772 καθαριότητα
1712 705 1828 758 τῶν

264 795 492 865 χειρῶν
515 797 702 850 αὑτοῦ
729 796 1040 865 ὡδήγησεν
1059 798 1291 862 αὐτούς.
1323 797 1628 865 Ἐποίμαινε
1654 793 1827 846 τοίνυν

266 887 298 937 ὁ
327 884 496 937 Δαυῖδ
527 887 627 955 τὴν
663 885 1004 956 ἀνθρωπίνην
1021 889 1024 892 ’
1047 887 1137 938 καὶ
1171 886 1389 956 λογικὴν
1422 885 1682 954 ποίμνηνο
1714 883 1828 936 ἀλλ’

259 978 368 1028 οὑκ
400 978 463 1028 ὲν
500 976 666 1045 σοφία
703 975 1034 1046 ἀνθρωπίνῃ,
1061 975 1178 1027 οὑδὲ
1201 976 1258 1027 ὲν
1279 978 1343 1044 τῇ
1378 973 1565 1028 ἑαυτοῦ
1601 971 1828 1031 συνέσει,

261 1065 382 1118 ἀλλ’
407 1067 471 1116 ὲν
499 1063 703 1134 ἀκακία
731 1066 824 1118 καὶ⁸
853 1065 1131 1134 ἁπλότητι,
1167 1066 1262 1134 τὴν
1296 1065 1471 1116 πᾶσαν
1511 1060 1823 1131 ἐγχειρίζων

256 1152 342 1222 τῷ
371 1153 499 1222 Θεῷ
535 1154 809 1223 φροντίδα.
857 1154 966 1223 Τήν
994 1171 1056 1220 γε
1092 1153 1195 1223 μὴν
1245 1151 1434 1204 ἑαυτοῦ
1482 1151 1690 1204 σύνεσιν
1736 1148 1824 1201 διὰ

256 1243 374 1294 τῶν
412 1241 623 1310 χειρῶν
651 1241 1010 1305 ἐπεδείκνυτο,
1043 1242 1282 1294 τουτέστι
1321 1240 1405 1293 διὰ
1439 1240 1546 1293 τῶν
1577 1239 1825 1311 πράξεων

256 1332 358 1384 καὶ
379 1331 475 1382 διὰ
501 1331 597 1383 τοῦ
624 1331 761 1399 βίου,
785 1332 877 1383 καὶ
900 1329 997 1399 τῆς
1019 1330 1208 1399 λοιπῆς
1230 1329 1516 1390 πολιτείας.
1536 1330 1643 1380 Καὶ
1667 1329 1824 1398 μέχρι

253 1418 459 1470 τούτου
507 1418 722 1469 ἵσταται
767 1419 835 1470 τά
872 1419 968 1486 τῆς
997 1417 1270 1486 παρούσης
1311 1415 1629 1478 ὑποθέσεως,
1661 1432 1824 1484 κατη-

253 1509 461 1577 γορίαν
486 1509 812 1578 περιέχοντα
830 1508 927 1576 τῆς
939 1506 1038 1559 τοῦ
1074 1507 1332 1560 Ἰουδαίων
1355 1505 1482 1559 λαοῦ
1507 1505 1817 1575 μοχθηρίας,

247 1598 619 1651 διδασκαλίαν
649 1616 706 1650 τε
735 1599 832 1668 τῆς
861 1599 954 1650 τοῦ
979 1597 1110 1650 Θεοῦ
1140 1597 1508 1668 μακροθυμίας
1532 1597 1618 1649 διὰ
1643 1596 1739 1658 τὰς
1761 1597 1817 1646 ὲν

1930 612 2023 666 Sed
2057 613 2110 664 in
2147 609 2449 663 innocentia
2483 617 2537 662 et
2564 610 2922 678 simplicitate,
2959 619 3122 665 totam
3146 630 3328 666 curam
3350 615 3460 667 [‘eo

1930 699 2291 762 committens,
2332 713 2483 750 suam
2505 712 2632 751 vero
2660 699 3062 767 intelligentiam
3093 704 3370 767 manibus,
3404 704 3457 758 id

1930 798 2013 844 est
2049 789 2322 857 operibus.
2351 790 2472 840 vitze
2510 803 2702 855 genere
2726 797 2780 842 et
2804 789 3010 857 reliquo
3047 789 3291 845 instituto
3313 808 3459 847 com-

1928 880 2278 933 monstrahat.
2313 877 2378 929 Et
2408 878 2511 930 huc
2541 877 2737 931 desinit
2778 893 3011 947 praesens
3063 884 3455 948 argumentum,

1929 967 2287 1036 improbitatis
2329 967 2537 1020 .Iudaici
2583 967 2765 1036 populi
2805 969 3200 1023 accusationem
3237 971 3459 1025 divina:-

1927 1072 2028 1126 que
2057 1057 2323 1124 patientiae
2351 1056 2647 1110 doctrinam
2670 1058 3049 1126 complectens,
3080 1062 3456 1114 concinnatum

1928 1148 1992 1197 ad
2025 1146 2337 1213 praepositas
2371 1145 2630 1212 quasdam
2675 1145 2868 1200 dubias
2895 1163 3076 1210 voces,
3099 1149 3162 1201 ad
3197 1164 3331 1217 quas
3357 1165 3457 1203 ceu

1922 1233 2164 1290 defensio
2193 1235 2433 1302 quaedam
2459 1235 2589 1301 justi
2624 1235 2712 1289 Dei
2737 1236 2925 1304 judicii
2961 1241 3268 1291 necessario
3305 1239 3457 1293 insti-

1924 1327 2110 1379 tuitur.
2150 1324 2273 1378 Ilzec
2301 1340 2458 1394 porro
2483 1327 2662 1378 omnia
2711 1339 2830 1387 nos,
2861 1327 2950 1395 qui
2981 1343 3043 1380 ex
3082 1330 3328 1396 gentibus
3368 1345 3459 1384 su-

1927 1431 2066 1477 nms,
2093 1416 2339 1470 Christus
2374 1415 2464 1468 Dei
2505 1417 2711 1477 edocet,
2739 1416 2929 1483 priscis
2964 1419 3222 1486 exemplis
3262 1435 3360 1474 nos
3389 1420 3456 1473 ad

1925 1503 2128 1572 frugem
2160 1493 2439 1566 revocans,
2472 1512 2531 1556 ut
2561 1504 2712 1557 initio
2742 1506 3008 1558 sermonis
3035 1505 3237 1558 dictum
3283 1521 3313 1559 a
3355 1523 3456 1562 uo-

1923 1595 2006 1648 bis
2037 1601 2137 1648 est.

250 1689 374 1749 τοῖς
418 1687 739 1758 ἔμπροσθεν
777 1687 1196 1758 ὲπηπορημένας
1234 1688 1432 1756 φωνὰς,
1468 1687 1600 1756 πρὸς
1629 1686 1693 1748 ἃς
1714 1686 1898 1756 ὥσπερ
1934 1685 2190 1753 ἀπολογία
2221 1701 2302 1747 τις
2367 1686 2668 1753 ἀναγκαίως
2703 1687 3047 1755 ὲπενήνεκται
3078 1689 3174 1757 τῆς
3203 1688 3294 1741 τοῦ
3326 1688 3458 1742 Θεοῦ

251 1779 692 1850 δικαιοκρισίας.
726 1778 906 1831 Ταῦτα
937 1779 992 1831 δὲ
1030 1780 1204 1832 πάντα
1237 1781 1380 1849 ἡμᾶς
1424 1779 1547 1840 τοὺς
1593 1777 1650 1842 ἐξ
1690 1778 1853 1830 ὲθνῶν
1889 1781 1916 1831 ὁ
1959 1778 2187 1848 Χριστὸς
2230 1778 2324 1830 τοῦ
2357 1779 2489 1830 Θεοῦ
2528 1777 2782 1839 παιδεύει,
2831 1778 3166 1848 σωφρονίζων
3203 1781 3345 1849 ἡμᾶς
3374 1779 3460 1833 διὰ

247 1871 368 1922 τῶν
405 1870 660 1923 παλαιῶν
692 1868 1158 1939 παραδειγμάτων,
1191 1868 1373 1936 ὥσπερ
1395 1864 1485 1921 οῦν
1509 1867 1823 1936 ἀρχομένοις
1859 1869 1986 1937 ἡμῖν
2018 1867 2228 1936 εἴρηται
2254 1867 2343 1918 τοῦ
2376 1867 2552 1934 λόγου.

651 1979 936 2032 ΨΑΛΜΟΣ
972 1979 1056 2048 re
1095 1979 1282 2030 ΑΣΑΦ.
1323 1979 1447 2031 on'.

336 2069 406 2122 Ὀ
455 2069 626 2133 Θεὸς,
660 2068 929 2136 ἤλθοσαν
966 2067 1108 2134 ἔθνη
1144 2071 1230 2132 είς
1274 2067 1384 2134 τὴν
1427 2068 1821 2135 κληρονομίαν

241 2175 398 2225 σου,
441 2160 702 2226 ἐμίαναν
750 2158 856 2209 τὸν
902 2157 1050 2209 ναὸν
1090 2158 1194 2209 τὸν
1222 2157 1389 2226 ἅγιόν
1441 2174 1554 2210 σου
1579 2197 1593 2220 ,
1625 2158 1824 2210 ἔθεντο

251 2244 674 2313 Ἰερουσαλὴμ
699 2247 784 2310 εὶς
806 2245 1306 2311 ὀπωροφυλάκιον.
1336 2245 1454 2298 Ὅτι
1480 2246 1584 2316 πρὸ
1616 2245 1706 2297 τοῦ
1733 2245 1822 2297 τὸν

239 2335 384 2390 ναὸν
431 2333 854 2404 οἰκοδομηθῆναι
910 2335 996 2386 τὸν
1041 2335 1096 2387 ἐν
1137 2335 1499 2406 Ἰερουσαλὴμ,
1532 2335 1747 2404 γέγονεν
1795 2337 1824 2389 ό

252 2424 448 2492 Ἀσάφ
484 2423 564 2492 τῷ
593 2421 754 2474 Δαυῒδ
784 2423 1146 2492 συνακμάσας,
1177 2423 1327 2492 δῆλον
1358 2427 1420 2476 ὲκ
1440 2425 1536 2494 τῆς
1571 2425 1819 2494 ἱστορίας.

237 2511 631 2583 Προςρητικῶς
663 2508 755 2563 οὖν
791 2511 859 2563 τὰ
893 2507 1145 2581 μέλλοντα
1188 2516 1409 2581 μακροῖς
1455 2513 1671 2583 ὕστερον
1701 2514 1822 2583 χρό-

234 2619 364 2662 νοις
417 2599 800 2670 συμϐήσεσθαι
844 2601 936 2651 καὶ
976 2600 1062 2652 διὰ
1112 2601 1219 2652 τῶν
1254 2603 1530 2671 παρόντων
1561 2602 1816 2666 Θεσπίζει.

249 2689 434 2742 Ἀλλά
457 2689 550 2742 δια
583 2689 680 2757 μὲν
712 2687 804 2740 τοῦ
840 2694 880 2738 ο¹
915 2689 1006 2739 καὶ
1036 2687 1081 2756 γ’
1116 2689 1210 2759 τὴν
1235 2689 1465 2759 ὑστάτην
1493 2691 1589 2759 τῆς
1621 2691 1821 2754 πόλεως

231 2780 466 2834 ἅλωσιν
497 2780 705 2831 καὶτὸν
735 2777 956 2847 ἔσχατον
987 2781 1288 2850 ἀφανισμὸν
1321 2781 1411 2833 τοῦ
1443 2781 1588 2845 ναοῦ,
1618 2783 1706 2834 τὸν
1729 2784 1819 2836 ἐπὶ

243 2869 570 2938 ,Ρωμαίων
599 2867 884 2937 γενόμενον
939 2868 1073 2935 μετὰ
1121 2871 1216 2938 τὴν
1257 2870 1393 2923 κατά
1440 2871 1530 2922 τοῦ
1578 2873 1819 2942 Σωτῆρος

231 2959 418 3029 ἡμῶν
448 2959 658 3028 τόλμαν
693 2957 800 3010 τῶν
827 2959 1138 3029 οἰκητόρων,
1169 2961 1552 3029 προανεφώνει,
1582 2962 1655 3024 ὡς
1687 2981 1818 3032 προ-

228 3049 644 3105 αποδέδεικται
665 3065 678 3077 ’
706 3047 792 3100 διὰ
835 3048 890 3100 δὲ
919 3049 1025 3102 τῶν
1057 3049 1192 3119 μετὰ
1231 3053 1411 3120 χεῖρας
1443 3052 1818 3122 ἐπεληλυθέναι

230 3145 349 3213 μὲν
389 3141 526 3209 ἔθνη
573 3141 639 3208 τῇ
672 3139 996 3210 κληρονομίᾳ
1033 3139 1126 3192 τοῦ
1167 3140 1318 3203 Θεοῦ,
1357 3142 1447 3193 καὶ
1486 3143 1573 3194 τὸν
1599 3145 1654 3194 ἐν
1683 3144 1814 3213 αὐτῇ

227 3232 393 3284 νεὼν
424 3229 818 3300 μεμιαγκέναι,
857 3230 1022 3298 αὑτήν
1051 3246 1108 3281 τε
1140 3229 1235 3300 τὴν
1262 3230 1411 3283 πόλιν
1443 3233 1519 3294 είς
1541 3233 1818 3304 ὀπωροφυ-

223 3323 448 3374 λάκιον
484 3317 787 3370 τεθεικέναι
817 3319 1063 3387 σημαίνει
1087 3335 1100 3348 ο
1135 3319 1192 3370 οὑ
1239 3319 1340 3389 μὴν
1369 3321 1499 3389 πυρὶ
1540 3321 1822 3390 παραδεδό-

228 3409 381 3462 σθαι
405 3409 507 3460 τὸν
535 3407 722 3468 τόπον,
740 3406 857 3458 οὑδὲ
882 3407 1098 3459 τοιαῦτα
1120 3408 1436 3462 πεπονθέναι
1459 3411 1613 3460 ὁποῖα
1641 3409 1821 3480 ἐδήλου

223 3497 325 3550 διὰ
355 3496 466 3549 τοῦ
496 3495 1023 3565 προλεχθέντος3¹Ετι
1042 3496 1096 3548 δὲ
1118 3495 1202 3548 διὰ
1223 3497 1314 3548 τοῦ
1334 3497 1590 3566 παρόντος
1611 3498 1824 3568 προστί-

225 3587 441 3654 θησιν,
464 3585 546 3647 ὡς
575 3584 682 3655 ἄρα
703 3585 752 3636 οἱ
777 3584 863 3636 τὸν
883 3585 1042 3636 τόπον
1068 3587 1349 3654 μιάναντες
1377 3586 1596 3649 πολλοὺς
1620 3588 1822 3641 ἀνεῖλον

223 3675 441 3736 ὁσίους
463 3672 666 3741 ἄνδρας
689 3672 780 3724 καὶ
799 3671 930 3723 Θεοῦ
952 3671 1163 3734 δούλους
1182 3690 1195 3702 ·
1218 3665 1291 3726 ὧν
1319 3673 1385 3726 τὰ
1407 3674 1572 3745 νεκρά
1600 3675 1822 3744 σώματα

228 3763 316 3834 μὴ
347 3762 824 3830 συγχωρήσαντες
843 3763 905 3830 τῇ
938 3760 1074 3812 κατά
1097 3760 1253 3828 φύσιν
1275 3762 1636 3832 παραδοθῆναι
1657 3767 1818 3834 ταφῇ,

222 3856 359 3915 τοῖς
400 3852 679 3910 πετεινοῖς
730 3848 821 3900 τοῦ
863 3849 1086 3920 ούρανοῦ
1121 3849 1281 3920 βορὰν
1324 3851 1518 3905 ἔθεντο.
1545 3854 1723 3907 Ταῦτα
1765 3854 1822 3906 δὲ

225 3941 347 3992 οὑκ
402 3939 476 3992 ἂν
512 3937 698 4007 εῦροις
750 3937 1056 4007 πραχθέντα
1099 3939 1218 3992 οὔτε
1266 3940 1403 3994 κατὰ
1447 3942 1546 4012 τὴν
1592 3944 1822 4014 ὑστάτην

228 4027 590 4099 πολιορκίαν
627 4025 720 4078 τοῦ
749 4027 911 4079 τόπου
933 4044 945 4056 ·
977 4028 1098 4081 ἐπεὶ
1133 4030 1264 4099 μηδὲ
1304 4033 1540 4103 ὑπῆρχεν
1568 4036 1677 4096 τοῖς
1703 4035 1820 4087 τότε

230 4119 389 4189 παρ’
412 4118 607 4177 αὐτοῖς
633 4115 819 4178 όσίοις,
849 4116 954 4169 τῶν
980 4117 1073 4188 τὴν
1106 4120 1254 4172 πόλιν
1275 4123 1578 4186 οἰκούντων,
1601 4125 1821 4178 ἀνοσίων

230 4208 338 4258 καὶ
376 4203 605 4257 ἀσεϐῶν
638 4202 887 4256 ἁπάντων
916 4207 1206 4272 γεγονότων
1233 4207 1318 4261 διὰ
1347 4210 1412 4262 τά
1437 4210 1572 4262 κατὰ
1597 4211 1686 4263 τοῦ
1713 4213 1822 4264 Σω-

231 4295 426 4365 τῆρος
463 4291 627 4362 ἡμῶν
678 4291 816 4344 κατά
858 4310 916 4344 τε
945 4295 1051 4346 τῶν
1097 4297 1400 4350 ἀποστόλων
1444 4299 1605 4352 αὑτοῦ
1644 4301 1819 4353 τετολ-

237 4386 488 4454 μημένα
545 4383 748 4444 αὑτοῖς,
789 4382 922 4434 Ἀλλ’
958 4384 1074 4436 οὐδὲ
1126 4387 1217 4438 ἐπὶ
1257 4391 1351 4459 τῆς
1401 4391 1480 4453 είς
1532 4392 1819 4446 Βαϐυλῶνα

234 4470 648 4540 αἰχμαλωσίας
696 4469 876 4539 εὕροις
904 4471 970 4523 ἂν
1013 4472 1080 4524 τὰ
1127 4474 1260 4542 μετά
1308 4479 1490 4546 χεῖρας
1526 4482 1815 4550 γενόμενα·

2105 1976 2153 2030 1.
2193 1975 2509 2030 PSALMUS
2546 1975 2673 2030 IPSI
2711 1975 2956 2031 ASAPII.
2994 1977 3274 2032 LXXVIII.

1997 2062 2158 2129 Deus,
2185 2074 2423 2116 venerunt
2461 2075 2632 2133 gentes
2664 2067 2714 2117 in
2743 2065 3092 2119 ha’reditatem
3133 2077 3273 2119 tuam
3293 2106 3307 2129 ,
3347 2067 3434 2135 pol
3443 2097 3460 2107 -

1925 2151 2128 2206 luerunt
2160 2155 2401 2221 templum
2435 2165 2671 2206 sanctum
2705 2165 2878 2218 tuum,
2910 2167 3189 2224 posuerunt
3235 2156 3458 2208 Jerusa-

1923 2243 2020 2294 lem
2068 2244 2121 2295 in
2164 2259 2431 2310 pomorum
2481 2244 2795 2298 custodiam.
2848 2245 3000 2310 Quod
3039 2257 3162 2299 ante
3191 2246 3371 2314 templi
3406 2248 3458 2298 iu

1921 2326 2253 2398 Jerosolyma
2297 2331 2753 2385 constructionem
2782 2331 2959 2401 Asaph
2989 2333 3209 2404 arqualis
3241 2343 3294 2386 et
3324 2347 3459 2387 coae-

1922 2424 2116 2470 taneus
2148 2417 2328 2470 Davidi
2363 2417 2558 2481 fuerit,
2591 2435 2653 2473 ex
2688 2421 2909 2474 historia
2946 2421 3161 2489 planum
3191 2430 3292 2475 est.
3326 2421 3458 2473 Pro-

1922 2505 2131 2573 phetice
2180 2521 2308 2574 ergo
2348 2523 2466 2576 quae
2496 2508 2754 2562 diuturno
2785 2517 2905 2577 post
2931 2520 3171 2578 tempore
3198 2517 3458 2563 eventura

1919 2602 2072 2646 erant
2115 2595 2168 2646 in
2215 2596 2464 2662 priest-nti
2509 2597 2853 2652 vaticinatur.
2900 2598 3004 2652 Sed
3041 2599 3092 2652 in
3130 2614 3297 2652 uxul
3331 2599 3455 2668 qui-

1919 2684 2069 2747 dem,
2098 2693 2428 2752 postremum
2463 2687 2614 2740 urbis
2643 2688 2946 2750 excidium,
2978 2697 3030 2741 et
3061 2691 3300 2741 ultimam
3332 2697 3461 2743 tem-

1919 2773 1989 2842 pli
2036 2776 2243 2826 ruinam
2273 2791 2390 2843 quae
2418 2777 2518 2829 sub
2559 2775 2814 2831 Romanis
2863 2789 2981 2846 post
3031 2781 3226 2833 civium
3259 2780 3377 2847 ejus
3405 2779 3458 2831 in

1930 2862 2258 2918 Salvatorem
2293 2873 2536 2918 nostrum
2567 2882 2731 2920 ausus
2755 2869 2978 2936 contigit
2999 2907 3012 2930 ,
3041 2870 3460 2937 pi'mnuntiabat,

1918 2961 1977 3006 ut
2003 2956 2253 3022 superius
2282 2958 2686 3024 comprobatum
2714 2969 2814 3010 est.
2847 2957 2902 3010 In
2935 2962 3180 3026 prmsenti
3214 2977 3340 3013 vero
3370 2975 3461 3012 ve-

1917 3043 2063 3096 nisse
2086 3043 2300 3111 quidem
2332 3055 2517 3113 gentes
2550 3047 2600 3098 in
2635 3047 3000 3100 hmreditatem
3036 3047 3164 3110 Dei,
3199 3050 3460 3116 templum

1917 3133 2056 3200 quod
2082 3134 2134 3185 in
2163 3147 2224 3186 ea
2246 3142 2361 3187 erat
2387 3135 2663 3202 polluisse,
2693 3138 2967 3204 ipsamque
2989 3138 3173 3191 urbem
3203 3140 3255 3191 in
3283 3153 3464 3206 pomo-

1917 3236 2034 3273 rum
2056 3221 2352 3276 custodiam
2377 3222 2623 3291 posuisse
2646 3223 2913 3291 siguilicat
2938 3241 2950 3286 ;
2981 3239 3150 3293 neque
3177 3233 3357 3279 tamen
3386 3227 3460 3278 ait

1920 3310 2028 3380 igni
2079 3312 2333 3364 traditum
2379 3315 2554 3364 locum
2607 3312 2803 3377 fuisse,
2836 3329 3008 3382 neque
3050 3315 3173 3366 talia
3203 3330 3456 3383 passum,

1923 3401 2100 3469 qualia
2136 3401 2188 3452 iu
2227 3400 2482 3468 przedicto
2513 3402 2722 3468 psalmo
2752 3403 3022 3455 narrabat.
3054 3403 3214 3457 Addit
3240 3405 3460 3474 insuper

1925 3487 1976 3540 in
2007 3490 2250 3556 praasenti
2270 3526 2286 3552 ,
2319 3503 2411 3542 eos
2442 3489 2532 3557 qui
2563 3489 2740 3541 locum
2772 3490 3106 3556 polluerunt,
3142 3495 3339 3548 multos
3367 3509 3460 3550 oc-

1923 3577 2118 3631 cidisse
2156 3578 2298 3631 viros
2329 3585 2547 3631 sanctos
2577 3585 2629 3632 et
2661 3578 2752 3632 Dei
2781 3594 2965 3633 servos
2991 3599 3002 3632 :
3041 3595 3268 3649 quorum
3313 3598 3459 3638 mor-

1922 3675 2013 3721 tua
2041 3681 2261 3735 corpora
2293 3682 2398 3720 non
2427 3667 2665 3722 sinentes
2696 3670 2932 3722 naturali
2964 3672 3253 3740 sepulturae
3278 3673 3455 3739 tradi,

1921 3757 1975 3812 in
2001 3771 2176 3811 escam
2204 3757 2508 3812 volatilibus
2536 3759 2657 3811 οωιί
2690 3768 3006 3828 posuerunt.
3041 3760 3160 3816 Haec
3183 3780 3342 3833 porro
3368 3781 3462 3836 ge-

1923 3855 2004 3903 sta
2047 3863 2150 3900 non
2191 3847 2570 3916 deprehendas
2609 3851 2663 3903 in
2695 3859 2968 3920 postrema
3002 3855 3103 3907 loci
3135 3857 3454 3913 obsidione:

1922 3938 2051 4008 quia
2092 3938 2202 3992 haec
2233 3954 2334 3992 non
2361 3939 2606 3994 accidere
2631 3943 2760 3996 viris
2792 3943 2998 3997 sanctis
3023 3945 3114 4013 qui
3146 3962 3308 4015 penes
3337 3949 3458 4004 illos

1919 4036 2092 4082 erant.
2151 4027 2188 4080 Ii
2245 4045 2477 4098 namque
2529 4031 2620 4100 qui
2647 4033 2828 4086 urbem
2885 4033 3189 4089 incolebant
3244 4039 3456 4094 scelesti

1919 4131 2104 4171 omnes
2132 4126 2185 4172 et
2220 4119 2366 4188 impii
2407 4129 2596 4183 erant,
2631 4121 2699 4175 ob
2742 4137 2869 4177 suos
2898 4125 2948 4177 in
2990 4123 3325 4182 Servatorem
3361 4146 3460 4182 no-

1919 4214 2088 4262 strum
2118 4216 2172 4262 et
2199 4209 2252 4262 in
2282 4209 2399 4277 ejus
2425 4213 2694 4279 apostolos
2724 4228 2906 4270 ausus.
2941 4213 3044 4270 Sed
3077 4232 3250 4286 neque
3280 4219 3334 4273 in
3357 4219 3459 4273 Ba-

1918 4290 2163 4361 bylonica
2211 4295 2523 4362 captivitate
2567 4297 2680 4351 haec
2726 4297 2861 4352 facta
2905 4304 3179 4370 reperias,
3227 4308 3352 4374 quia
3391 4324 3458 4362 ne

1918 4388 2046 4435 tunc
2085 4384 2298 4451 quidem
2339 4387 2513 4439 sancti
2554 4395 2607 4442 et
2649 4389 2889 4456 religiosi
2929 4393 3028 4444 viri
3078 4408 3108 4446 a
3150 4393 3459 4466 Babyloniis

1919 4471 2172 4524 trucidati
2216 4472 2269 4526 in
2316 4473 2540 4528 historia
2588 4476 2853 4532 feruntur.
2902 4478 3252 4543 Quandonam
3295 4485 3459 4556 igitur

238 4560 377 4611 ἐπεὶ
407 4558 550 4629 μηδὲ
590 4558 710 4609 τότε
741 4559 917 4622 ὁσίους
941 4559 1136 4629 ἄνδρας
1165 4563 1255 4614 καὶ
1295 4564 1553 4634 θεοφιλεῖς
1581 4570 1681 4622 ὑπὸ
1712 4570 1819 4622 τῶν

1922 4558 2032 4612 lure
2063 4560 2276 4629 impleta
2313 4563 2504 4616 luere?
2541 4563 2656 4618 Non
2687 4575 2857 4634 potest
2896 4570 3040 4623 aliud
3068 4573 3290 4627 indicari
3324 4585 3457 4630 tem-

239 4645 624 4699 Βαϐυλωνίων
667 4647 1028 4717 ἀνῃρῆσθαιη
1064 4649 1268 4720 ἱστορία
1308 4656 1652 4724 παραδίδωσι.
1686 4660 1818 4712 Πότε

237 4733 438 4787 τοίνυν
493 4732 795 4802 ἐπληροῦτο
820 4733 1024 4798 ταῦτα;
1077 4735 1188 4788 Οὐκ
1242 4737 1384 4792 ἐστιν
1422 4741 1603 4812 ἕτερον
1651 4748 1821 4798 είπεῖν

241 4822 477 4891 χρόνον,
509 4822 542 4889 ἢ
582 4822 671 4874 τὸν
693 4822 785 4873 ἐπὶ
821 4823 1108 4890 Ἀντιόχου,
1144 4827 1262 4878 καθ’
1299 4829 1412 4899 ὃνή
1457 4833 1560 4884 τῶν
1600 4836 1822 4889 Μακκα-

247 4910 426 4964 ϐαίων
457 4910 643 4981 γραφὴ
675 4913 742 4964 τὰ
765 4912 904 4980 μετὰ
942 4914 1126 4979 χεῖρας
1164 4917 1527 4988 προλεγόμενα
1557 4923 1620 4975 δι’
1648 4924 1820 4995 ἔργων

247 4999 610 5069 κεχωρηκότα
635 4998 894 5051 δείκνυσι.
918 4997 1230 5064 Γέγραπται
1255 5004 1380 5069 γοῦν
1409 5008 1464 5057 ὲν
1485 5009 1617 5080 αὐτῇ
1639 5013 1820 5065 τοῦτον

244 5086 337 5136 τὸν
377 5089 608 5161 τρόπονο
641 5087 753 5141 Kal
802 5084 1193 5154 ὑπέστρεψεν
1250 5093 1539 5163 Ἀντίοχος
1571 5102 1718 5166 μετὰ
1754 5106 1818 5154 τὸ

231 5181 493 5249 πατάξαι
529 5180 648 5248 τὴν
677 5176 995 5242 Αἴγυπτον
1018 5175 1085 5226 ἐν
1109 5178 1193 5241 τῷ
1207 5179 1266 5246 ρ’
1289 5183 1384 5236 καὶ
1409 5192 1467 5251 μ’
1491 5189 1587 5240 καὶ
1613 5197 1661 5256 γ’
1682 5191 1818 5257 ἔτει,

217 5259 316 5345 ea!
349 5275 537 5340 ἀνέϐη
557 5265 662 5323 ἐπὶ
698 5259 952 5326 Ἰσραὴλ
976 5262 1043 5313 ἐν
1066 5265 1238 5331 ὄχλῳ
1256 5269 1459 5337 βαρεῖ·
1491 5277 1590 5328 καὶ
1618 5277 1820 5345 simil-

181 5340 286 5435 ξεν
335 5373 425 5435 εἰς
458 5363 527 5418 τό
563 5353 850 5423 ἀγιάσμα
878 5347 956 5398 ἐν
981 5353 1382 5424 ὑπερηφανίᾳ.
1408 5364 1520 5414 Καὶ
1552 5340 1821 5422 ἕλαϐεήτὸ

149 5419 622 5522 ἤλαυν’
649 5435 723 5489 τό
769 5437 1073 5522 χρυσοῦν,
1099 5419 1215 5494 καὶ
1264 5419 1376 5511 tip-
1407 5453 1675 5516 λυχνίαν
1714 5419 1820 5510 τοῦ

424 5512 537 5596 λαὶ
575 5524 799 5618 πάντα
841 5519 919 5570 τὰ
941 5530 1128 5594 σκεύη
1155 5533 1370 5600 αὐτῆς,
1407 5512 1654 5607 καῖτὴν
1681 5545 1812 5609 τρά-

531 5605 947 5698 προαέσεως,
977 5618 1070 5668 καὶ
1108 5591 1194 5672 τὰ
1244 5591 1503 5680 arcera/cz
1524 5668 1539 5690 ,
1574 5591 1671 5682 καὶ

119 5687 132 5698 λ
161 5666 177 5686 .
209 5666 346 5702 \a,»
375 5666 482 5698 της
531 5666 596 5680 -ν-
888 5666 900 5668 τ
1054 5666 1064 5668 τ
1114 5666 1191 5672 νη
1245 5666 1539 5690 ν--νννιννν
1574 5666 1671 5682 ’ναν
1707 5666 1805 5697 ιιιιέ

105 5687 406 5795 “\mc,
464 5703 577 5763 καὶ
641 5694 761 5756 τὰς
823 5696 1087 5767 θυΐσκας
1121 5707 1240 5774 τὰς
1279 5715 1560 5781 χρυσᾶς,
1611 5719 1706 5772 καί
1745 5722 1812 5776 τὸ

1921 4662 2048 4714 pus,
2099 4649 2202 4702 nisi
2243 4649 2530 4714 Antiochi,
2573 4655 2674 4708 sub
2697 4672 2805 4724 quo
2849 4657 3275 4715 Machabzeorum
3322 4665 3457 4717 scri-

1915 4744 2070 4804 ptura
2098 4777 2113 4800 ,
2163 4754 2281 4806 qua:
2327 4740 2412 4793 hic
2460 4744 2888 4809 praenuntianlur
2929 4751 3220 4820 contigisse
3251 4763 3452 4809 narrat.

1918 4825 2184 4896 Scriptum
2216 4830 2396 4898 itaque
2425 4831 2497 4884 ibi
2529 4833 2760 4902 legitur:
2799 4841 2865 4890 Et
2898 4856 3129 4895 reversus
3160 4854 3238 4896 est
3264 4846 3455 4898 Antio-

1915 4918 2069 4983 chus,
2110 4930 2381 4989 postquam
2431 4927 2685 4990 percussit
2718 4926 3039 4997 .Egyptum,
3071 4935 3125 4986 in
3170 4939 3454 4990 centesimo

1915 5017 1963 5060 et
1991 5009 2392 5079 quadragesimo
2439 5015 2588 5066 tertio
2623 5034 2793 5079 anno;
2842 5030 2890 5072 et
2929 5025 3159 5077 ascendit
3202 5028 3256 5080 in
3289 5027 3459 5082 Israel

1918 5114 2033 5150 cum
2063 5099 2391 5154 multitudine
2421 5105 2608 5168 gravi;
2639 5116 2687 5159 et
2716 5109 2982 5176 ingressus
3018 5125 3094 5165 est
3118 5117 3170 5168 in
3211 5130 3458 5171 sanctua-

1919 5189 2055 5239 rium
2102 5205 2216 5241 cum
2268 5190 2529 5256 superbia,
2579 5204 2628 5246 et
2676 5199 2871 5264 accepit
2913 5201 3086 5256 altare
3121 5190 3378 5270 aureum,
3407 5217 3458 5262 et

1919 5276 2286 5332 candelabrum
2317 5281 2548 5345 luminis,
2591 5294 2640 5337 et
2665 5288 2902 5341 universa
2933 5306 3058 5343 vasa
3089 5295 3224 5362 ejus,
3249 5307 3297 5349 et
3327 5313 3464 5350 metae

1919 5382 2032 5418 sam
2061 5369 2426 5434 propositionis
2445 5410 2461 5432 ,
2492 5381 2540 5422 et
2571 5373 2820 5429 libatoria
2840 5415 2856 5439 ,
2887 5389 2936 5430 et
2968 5381 3178 5446 phialas
3199 5427 3214 5449 ,
3243 5396 3293 5438 et
3322 5402 3464 5439 mor-

1921 5455 2109 5507 tariola
2143 5474 2337 5520 aurea,
2368 5467 2417 5510 et
2469 5460 2667 5525 velum,
2718 5475 2766 5518 et
2821 5482 3078 5533 coronas,
3127 5485 3178 5526 et
3220 5486 3464 5529 ornatum

1917 5546 2010 5611 qui
2046 5547 2098 5597 in
2137 5547 2269 5613 [acie
2308 5549 2478 5614 templi
2520 5562 2653 5606 erat.
2699 5554 2767 5606 Et
2806 5563 3118 5614 comminuit
3165 5567 3380 5618 omnia:
3413 5575 3464 5619 ct

1919 5641 2108 5705 accepit
2140 5641 2408 5695 thesauros
2437 5645 2695 5710 occultos,
2722 5666 2853 5718 quos
2882 5653 3100 5706 invenit.
3137 5655 3207 5708 Et
3243 5657 3462 5710 sublatis

1919 5729 2173 5798 omnibus,
2199 5748 2424 5787 reversus
2445 5732 2572 5789 abiit
2597 5738 2646 5791 in
2674 5747 2869 5795 terram
2898 5759 3074 5798 suam.
3113 5745 3184 5799 Et
3215 5747 3332 5815 fecit
3363 5761 3464 5797 cu:-
