3834 6380
296 415 392 474 9-H

1407 410 1900 470 COMMENTARIA
1939 411 2002 465 IN
2041 405 2373 463 PSALMOS.

3363 412 3467 465 9’3

291 541 405 580 a'sr
427 524 666 588 αὐτούς.
700 527 854 579 Κατὰ
881 526 935 578 δὲ
963 523 1052 575 τὸν
1088 526 1334 588 Ἀκύλαν,
1378 528 1481 580 Καὶ
1517 527 1585 578 ἐν
1624 523 1836 591 φρονή-

1943 536 2050 574 non
2083 522 2136 573 in
2181 518 2442 587 sapientia
2470 518 2724 582 humana,
2766 534 2872 573 non
2913 521 3189 588 prudentia
3221 527 3431 593 propria
3453 566 3468 587 ,

290 628 431 666 σεσι
465 612 702 678 ταρσῶν
741 615 926 667 αὺτοῦ
965 613 1383 684 καθωδήγησεν
1425 615 1660 678 αὐτούς.
1688 614 1840 665 Κατὰ

286 705 350 756 δὲ
373 703 462 755 τὸν
498 701 814 772 Σύμμαχον,
837 705 942 758 Kal
971 705 1118 757 κατὰ
1163 705 1274 771 τὴν
1303 706 1688 770 καθαριότητα
1726 701 1843 754 τῶν

285 793 506 863 χειρῶν
531 793 716 846 αὑτοῦ
742 793 1054 862 ὡδήγησεν
1073 796 1306 860 αὐτούς.
1337 794 1642 863 Ἐποίμαινε
1669 791 1842 844 τοίνυν

287 884 319 934 ὁ
347 881 512 935 Δαυῖδ
543 885 642 952 τὴν
676 882 1020 953 ἀνθρωπίνην
1062 885 1152 936 καὶ
1186 884 1403 954 λογικὴν
1436 883 1697 952 ποίμνην⁶
1728 880 1843 934 ἀλλ’

280 975 386 1026 οὑκ
417 976 479 1026 ὲν
516 973 680 1042 σοφία
717 972 1048 1044 ἀνθρωπίνῃ,
1076 973 1192 1025 οὑδὲ
1217 974 1272 1024 ὲν
1293 976 1358 1041 τῇ
1393 970 1580 1025 ἑαυτοῦ
1615 969 1842 1028 συνέσει,

281 1063 399 1116 ἀλλ’
425 1065 488 1114 ὲν
514 1061 717 1131 ἀκακία
746 1063 838 1114 καὶ
868 1062 1146 1131 ἁπλότητι,
1182 1062 1277 1131 τὴν
1311 1062 1485 1113 πᾶσαν
1525 1057 1837 1128 ἐγχειρίζων

275 1151 361 1220 τῷ
389 1151 515 1220 Θεῷ
551 1151 824 1220 φροντίδα.
872 1151 982 1220 Τήν
1009 1167 1070 1218 γε
1107 1150 1210 1220 μὴν
1260 1149 1449 1202 ἑαυτοῦ
1497 1149 1705 1200 σύνεσιν
1751 1145 1838 1198 διὰ

275 1241 391 1292 τῶν
428 1223 639 1308 χειρῶν
666 1239 1025 1302 ἐπεδείκνυτο,
1058 1239 1297 1292 τουτέστι
1336 1237 1420 1289 διὰ
1454 1237 1560 1290 τῶν
1592 1236 1840 1308 πράξεων

275 1330 374 1382 καὶ
395 1329 491 1380 διά
515 1329 612 1380 τοῦ
639 1329 776 1396 βίου,
801 1329 892 1380 καὶ
915 1327 1012 1396 τῆς
1035 1327 1223 1395 λοιπῆς
1244 1325 1531 1386 πολιτείας.
1550 1327 1658 1377 Καὶ
1681 1326 1838 1394 μέχρι

271 1415 475 1468 τούτου
522 1415 737 1466 ἵσταται
783 1417 850 1467 τά
887 1416 983 1484 τῆς
1013 1414 1286 1483 παρούσης
1325 1412 1644 1475 ὑποθέσεως,
1676 1429 1839 1480 κατη-

271 1507 477 1575 γορίαν
501 1506 828 1576 περιέχοντα
845 1505 942 1573 τῆς
953 1503 1053 1556 τοῦ
1089 1503 1347 1556 Ἰουδαίων
1371 1501 1497 1556 λαοῦ
1522 1501 1832 1572 μοχθηρίας,

264 1596 634 1649 διδασκαλίαν
664 1613 721 1648 τε
750 1596 848 1665 τῆς
877 1595 970 1647 τοῦ
995 1594 1126 1647 Θεοῦ
1155 1594 1523 1665 μακροθυμίας
1547 1594 1633 1646 διὰ
1657 1592 1754 1654 τὰς
1777 1593 1832 1643 ἐν

1945 609 2038 662 Sed
2071 610 2125 661 in
2162 607 2464 660 innocentia
2497 614 2551 659 et
2579 607 2937 674 simplicitste,
2973 615 3136 661 totam
3161 626 3343 662 curam
3365 611 3474 664 Deo

1945 697 2306 758 committens,
2347 709 2497 747 suam
2521 709 2647 747 vero
2675 695 3076 764 intelligentiam
3107 700 3385 763 manibus,
3419 701 3471 753 id

1945 794 2028 842 est
2063 787 2338 854 operibus.
2367 787 2486 837 vitae
2525 799 2718 852 genere
2741 793 2794 838 et
2818 786 3026 853 reliquo
3063 786 3306 841 instituto
3328 804 3474 843 com—

1942 877 2293 930 monstrabat.
2328 874 2392 926 Et
2423 875 2526 927 huc
2555 873 2751 928 desinit
2792 889 3026 942 praesens
3077 880 3469 944 argumentum,

1943 965 2302 1034 improbitatis
2345 963 2552 1016 Judaici
2599 963 2779 1032 populi
2819 965 3215 1019 accusationem
3252 967 3474 1021 divina:-

1942 1069 2043 1123 qne
2073 1055 2337 1122 patientia:
2366 1053 2662 1106 doctrinam
2685 1055 3064 1122 complectens,
3095 1058 3470 1110 concinnatum

1943 1145 2007 1194 ad
2039 1143 2352 1211 praepositas
2386 1142 2644 1209 quasdam
2689 1141 2882 1195 dubias
2911 1158 3090 1206 voces,
3114 1145 3178 1197 ad
3211 1160 3346 1213 quas
3373 1161 3472 1199 ceu

1937 1231 2179 1286 defensio
2207 1232 2447 1300 quzedam
2474 1231 2604 1298 jusli
2638 1231 2727 1285 Dei
2751 1232 2940 1300 judicii
2976 1237 3282 1287 necessario
3321 1235 3472 1288 insti-

1940 1324 2126 1376 tuitur.
2166 1321 2288 1375 llaec
2315 1336 2472 1391 porro
2497 1324 2678 1374 omnia
2725 1335 2844 1382 nos,
2875 1323 2966 1391 qui
2995 1339 3059 1376 ex
3097 1326 3343 1392 gentibus
3383 1341 3474 1379 su-

1942 1428 2082 1473 mus,
2109 1413 2353 1466 Christus
2389 1411 2478 1465 Dei
2520 1413 2726 1473 edocet,
2755 1412 2944 1480 priscis
2979 1416 3237 1483 exemplis
3277 1430 3375 1469 nos
3404 1415 3472 1469 ad

1940 1499 2143 1568 frugem
2175 1490 2453 1564 revocans,
2487 1508 2546 1553 ut
2576 1501 2727 1554 initio
2757 1503 3022 1554 sermonis
3051 1501 3252 1555 dictum
3298 1517 3328 1555 a
3370 1519 3471 1558 uo-

1939 1592 2020 1645 bis
2051 1597 2152 1644 est.

267 1686 390 1746 τοῖς
433 1685 754 1755 ἔμπροσθεν
792 1683 1210 1754 ὲπηπορημὲνας
1249 1684 1447 1752 φωνάς,
1483 1683 1614 1752 πρὸς
1645 1682 1708 1745 ἃς
1729 1683 1912 1753 ὥσπερ
1949 1681 2205 1749 ἀπολογία
2237 1698 2318 1743 τις
2382 1683 2682 1749 ἀναγκαίως
2717 1683 3062 1752 ὲπενήνεκται
3093 1685 3189 1753 τῆς
3218 1684 3308 1737 τοῦ
3341 1684 3474 1738 Θεοῦ

268 1776 708 1847 δικαιοκρισίας.
741 1775 920 1828 Ταῦτα
952 1776 1007 1828 δὲ
1045 1777 1220 1829 πάντα
1253 1778 1396 1846 ἡμᾶς
1440 1776 1562 1837 τοὺς
1608 1774 1665 1839 ἐξ
1705 1775 1868 1826 ἐθνῶν
1904 1778 1932 1827 ὁ
1974 1774 2204 1844 Χριστὸς
2246 1773 2339 1826 τοῦ
2372 1775 2503 1826 Θεοῦ
2543 1773 2796 1836 παιδεύει,
2845 1775 3181 1844 σωφρονίζων
3217 1777 3360 1845 ἡμᾶς
3389 1776 3475 1830 διὰ

262 1868 384 1920 τῶν
420 1867 675 1920 παλαιῶν
707 1865 1174 1936 παραδειγμάτων,
1206 1864 1388 1934 ὥσπερ
1410 1860 1500 1917 οὖν
1525 1864 1838 1933 ἀρχομένοις
1875 1866 2002 1934 ἡμῖν
2033 1863 2243 1933 εἴρηται
2270 1863 2359 1914 τοῦ
2391 1863 2567 1930 λόγου.

667 1976 952 2028 ΨΛΛΜΟΣ
987 1977 1072 2045 Τῼ
1109 1976 1297 2027 ΑΣΑΦ.
1339 1976 1463 2028 UH'.

353 2067 421 2119 Ὀ
471 2066 641 2130 Θεὸς,
675 2065 944 2133 ἦλθοσαν
982 2065 1123 2131 ἔθνη
1160 2067 1245 2129 εὶς
1289 2063 1400 2130 τὴν
1442 2064 1836 2132 κληρονομίαν

255 2172 412 2222 σου,
456 2157 717 2223 ἐμίαναν
765 2155 871 2206 τὸν
917 2154 1064 2207 ναὸν
1106 2155 1209 2206 τὸν
1238 2154 1404 2223 ἅγιόν
1456 2171 1569 2206 σου
1594 2193 1608 2217 ,
1641 2154 1839 2206 ἔθεντο

266 2241 689 2310 Ἰερουσαλὴμ
714 2244 799 2306 είς
822 2241 1322 2309 ὀπωροθτυλάκιον.
1351 2243 1470 2295 Ὅτι
1496 2243 1598 2312 πρὸ
1631 2242 1722 2294 τοῦ
1749 2242 1838 2294 τὸν

253 2334 399 2387 ναὸν
446 2331 870 2401 οἰκοδομηθῆναι
925 2332 1012 2383 τὸν
1057 2333 1112 2385 ὲν
1153 2332 1514 2402 Ἰερουσαλὴμ,
1548 2333 1762 2400 γέγονεν
1810 2334 1839 2385 ό

265 2421 464 2490 Ἀσάφ
500 2421 581 2490 τῷ
609 2419 770 2472 Δαυῖδ
800 2421 1161 2489 συνακμάσας,
1193 2420 1342 2490 δῆλον
1373 2424 1435 2473 ἐκ
1455 2422 1551 2490 τῆς
1586 2421 1834 2491 ἱστορίας.

249 2509 646 2581 Προςρητικῶς
679 2505 771 2560 οὖν
807 2508 874 2560 τά
908 2505 1160 2578 μέλλοντα
1203 2513 1424 2578 μακροῖς
1470 2509 1686 2580 ὕστερον
1717 2511 1837 2580 χρό-

246 2617 380 2660 νοις
432 2597 816 2667 συμϐήσεσθαι
859 2599 951 2649 καὶ
991 2597 1078 2649 διὰ
1128 2597 1234 2649 τῶν
1269 2599 1545 2668 παρόντων
1576 2599 1832 2663 θεσπίζει.

262 2688 450 2740 Ἀλλὰ
473 2687 566 2739 διὰ
598 2686 696 2755 μὲν
728 2685 819 2737 τοῦ
856 2691 895 2736 0'
931 2686 1021 2737 καὶ
1051 2683 1097 2753 γ’
1131 2687 1226 2756 τὴν
1251 2686 1480 2756 ὑστάτην
1508 2687 1604 2756 τῆς
1637 2688 1837 2750 πόλεως

243 2779 482 2832 ἅλωσιν
512 2778 609 2829 καὶ
631 2777 720 2828 τὸν
750 2775 971 2845 ἔσχατον
1003 2778 1304 2848 ἀφανισμὸν
1336 2778 1426 2830 τοῦ
1457 2778 1604 2841 ναοῦ,
1633 2780 1721 2830 τὸν
1745 2781 1834 2833 ἐπὶ

255 2867 586 2936 Ῥωμαίων
615 2865 898 2935 γενόμενον
954 2866 1088 2932 μετὰ
1137 2868 1232 2936 τὴν
1273 2867 1409 2920 κατὰ
1455 2867 1546 2920 τοῦ
1593 2869 1835 2940 Σωτῆρος

242 2957 433 3027 ἡμῶν
464 2956 673 3025 τόλμαν
709 2955 815 3008 τῶν
842 2957 1154 3026 οἰκητόρων,
1185 2957 1567 3026 προανεφιῖωει,
1598 2959 1670 3022 ὡς
1702 2977 1834 3030 προ-

240 3047 660 3103 αποδὲδεικται
681 3062 694 3075 ⁸
722 3045 808 3098 διὰ
850 3046 904 3098 δὲ
934 3045 1040 3099 τῶν
1073 3047 1207 3116 μετὰ
1247 3050 1426 3118 χεῖρας
1459 3049 1834 3119 ἐπεληλυθέναι

241 3143 364 3212 μὲν
403 3139 543 3206 ἔθνη
591 3139 655 3206 τῇ
688 3137 1012 3208 κληρονομίᾳ
1049 3136 1142 3190 τοῦ
1183 3137 1334 3200 Θεοῦ,
1372 3139 1462 3191 καὶ
1502 3141 1588 3192 τὸν
1614 3142 1669 3192 ὲν
1698 3141 1830 3210 αὑτῇ

239 3230 408 3282 νεὼν
440 3227 834 3298 μεμιαγκέναι,
872 3228 1037 3296 αὑτήν
1067 3244 1124 3279 τε
1155 3227 1251 3297 τὴν
1277 3228 1426 3280 πόλιν
1458 3231 1534 3292 εἰς
1556 3230 1833 3301 ὀπωροφύ-

235 3321 464 3372 λακιον
501 3315 803 3368 τεθεικέναι
833 3317 1116 3386 σημαίνει·
1151 3317 1208 3368 οὑ
1254 3316 1354 3386 μὴν
1384 3318 1514 3387 πυρὶ
1555 3318 1838 3387 παραδεδό-

240 3409 396 3460 σθαι
420 3407 524 3458 τὸν
552 3405 739 3466 τόπον,
756 3404 872 3457 οὐδὲ
898 3405 1114 3456 τοιαῦτα
1135 3405 1451 3458 πεπονθέναι
1474 3408 1628 3457 ὁποῖα
1657 3405 1837 3477 ἐδήλου

236 3497 343 3548 διὰ
371 3495 484 3547 τοῦ
513 3493 1038 3564 πφλεχθέντος.Ἕτι
1057 3495 1112 3546 δὲ
1133 3493 1218 3546 διά
1238 3495 1329 3546 τοῦ
1349 3495 1606 3564 παρόντος
1627 3495 1840 3566 προστί-

238 3585 458 3652 θησιν,
481 3583 564 3645 ὡς
591 3582 698 3652 ἄρα
719 3583 768 3634 οί
794 3582 879 3634 τὸν
899 3582 1058 3634 τόπον
1084 3584 1364 3653 μιάναντες
1393 3584 1612 3647 πολλοὺς
1635 3586 1837 3638 ἀνεῖλον

235 3673 457 3734 ὁσίους
481 3670 682 3739 ἄνδρας
705 3670 797 3722 καλ⁸
815 3669 945 3721 Θεοῦ
968 3669 1179 3731 δούλους
1198 3687 1210 3700 ·
1233 3663 1306 3723 ὧν
1335 3671 1401 3724 τά
1423 3672 1587 3743 νεκρά
1615 3673 1838 3742 σώματα

240 3761 333 3832 μὴ
364 3760 840 3828 συγχωρήσαντες
858 3761 920 3828 τῇ
953 3757 1089 3810 κατὰ
1113 3757 1269 3826 φύσιν
1292 3759 1651 3830 παραδοθῆναι
1673 3765 1834 3832 ταφῇ,

234 3855 376 3913 τοῖς
415 3850 696 3908 πετεινοῖς
746 3847 837 3899 τοῦ
879 3847 1102 3917 οὐρανοῦ
1137 3846 1296 3917 βοράν
1340 3848 1534 3902 ἔθεντο.
1561 3851 1738 3904 Ταῦτα
1781 3851 1838 3904 δὲ

237 3939 363 3990 οὐκ
418 3937 495 3990 ἂν
531 3935 714 4004 εὕροις
767 3935 1072 4005 πραχθέντα
1115 3937 1235 3990 οὔτε
1282 3937 1419 3991 κατὰ
1463 3940 1562 4010 τὴν
1608 3941 1838 4012 ὑστάτην

240 4025 607 4096 πολιορκίαν
645 4023 736 4076 τοῦ
766 4025 926 4076 τόπου
948 4042 960 4054 ·
993 4026 1114 4078 ἐπεὶ
1149 4027 1280 4097 μηδὲ
1319 4031 1555 4100 ὑπῆρχεν
1584 4033 1693 4094 τοῖς
1718 4033 1835 4084 τότε

242 4117 404 4187 παρ’
429 4115 625 4174 αὐτοῖς
651 4113 835 4176 ὁσίοις,
865 4114 970 4166 τῶν
996 4116 1088 4186 τὴν
1121 4119 1270 4170 πόλιν
1291 4120 1593 4183 οἰκούντων,
1617 4123 1836 4176 ἀνοσίων

241 4205 355 4256 καὶ
392 4200 622 4256 ἀσεϐῶν
655 4199 904 4253 ἁπάντων
932 4205 1222 4270 γεγονότων
1249 4205 1333 4259 διὰ
1362 4207 1428 4260 τά
1452 4208 1588 4260 κατὰ
1612 4209 1702 4261 τοῦ
1728 4209 1838 4262 Σω-

243 4293 444 4363 ﬁmo;
483 4293 517 4360 ἡ
526 4289 644 4360 μῶν
695 4289 832 4342 κατά
874 4307 932 4342 τε
962 4292 1067 4343 τῶν
1114 4295 1416 4348 ἀποστόλων
1459 4296 1620 4350 αὑτοῦ
1659 4298 1835 4351 τετολ-

250 4383 506 4453 μημένα
563 4380 765 4442 αὑτοῖς.
805 4380 939 4432 Ἀλλ’
975 4382 1091 4434 οὑδὲ
1143 4384 1234 4436 ἐπὶ⁹
1273 4388 1366 4456 τῆς
1417 4388 1495 4450 είς
1548 4389 1836 4444 Βαϐυλῶνα

248 4467 666 4539 αἰχμαλωσίας
714 4467 894 4537 εὕροις
921 4468 987 4520 ἂν
1029 4469 1096 4521 τά
1143 4471 1276 4540 μετὰ
1323 4477 1506 4544 χεῖρας
1542 4479 1832 4546 γενόμενα·

2120 1973 2168 2026 I.
2209 1971 2524 2026 PSALMUS
2561 1971 2687 2026 lPSI
2726 1971 2970 2027 ASAPH.
3008 1973 3289 2028 LXXVIII.

2012 2059 2173 2126 Deus,
2200 2070 2439 2113 venerunt
2476 2071 2648 2130 gentes
2679 2063 2729 2113 in
2758 2062 3107 2116 ha'reditatem
3148 2073 3287 2115 tuam
3308 2103 3322 2126 ,
3361 2063 3475 2131 pol-

1941 2148 2144 2202 luerunt
2175 2151 2416 2218 templum
2450 2160 2687 2202 sanctum
2720 2162 2893 2213 tuum,
2925 2164 3203 2220 posuerunt
3250 2153 3472 2205 Jerusa-

1938 2239 2036 2290 lem
2084 2241 2136 2292 in
2179 2255 2446 2307 pomorum
2497 2240 2810 2294 custodiam.
2863 2241 3016 2306 Quod
3054 2253 3176 2295 ante
3206 2243 3385 2310 templi
3420 2244 3473 2294 iu

1936 2323 2268 2394 Jerosolyma
2313 2328 2768 2381 constructionem
2797 2328 2974 2397 Asaph
3005 2329 3224 2400 aequalis
3255 2339 3309 2382 et
3338 2343 3473 2383 com-

1937 2421 2131 2467 taneus
2164 2414 2344 2466 Davidi
2379 2414 2574 2478 fuerit,
2607 2431 2669 2469 ex
2704 2417 2924 2470 hisroria
2961 2419 3176 2486 planum
3206 2427 3306 2471 est.
3339 2417 3472 2469 Pro-

1937 2502 2146 2570 phetice
2196 2517 2324 2571 ergo
2363 2519 2482 2573 quae
2512 2505 2769 2558 diuturno
2799 2513 2920 2573 post
2947 2517 3185 2575 tempore
3213 2513 3472 2559 eventura

1934 2599 2088 2642 erant
2130 2591 2184 2643 in
2231 2593 2479 2659 praesenti
2524 2593 2869 2649 vaticinatur.
2915 2594 3019 2648 Sed
3055 2595 3107 2647 in
3144 2611 3311 2648 uxnl
3346 2595 3469 2664 qui-

1935 2680 2084 2744 dem,
2114 2689 2444 2749 postremum
2479 2683 2630 2736 urbis
2658 2685 2961 2746 excidium,
2993 2693 3046 2737 et
3076 2687 3315 2737 ultimam
3346 2693 3476 2739 tem-

1934 2770 2004 2839 pli
2052 2773 2258 2823 ruinam
2288 2788 2406 2840 qme
2433 2774 2534 2826 sub
2575 2772 2829 2827 Romanis
2878 2785 2996 2842 post
3045 2776 3240 2828 civium
3273 2776 3392 2843 ejus
3419 2775 3471 2827 in

1945 2858 2273 2914 Salvatorem
2309 2869 2552 2915 nostrum
2582 2879 2746 2916 ausus
2770 2865 2994 2933 contigit
3014 2903 3027 2926 ,
3056 2866 3474 2933 praenuntiabat,

1933 2958 1993 3002 ut
2018 2953 2269 3018 superius
2297 2954 2702 3021 comprobatum
2730 2965 2829 3006 est.
2863 2953 2917 3007 In
2949 2959 3196 3023 praesenti
3230 2973 3354 3009 vero
3385 2971 3475 3008 ve-

1932 3040 2078 3093 nisse
2102 3040 2316 3108 quidem
2347 3052 2532 3109 gentes
2565 3043 2616 3094 in
2651 3043 3015 3096 hmreditatem
3051 3043 3178 3107 Dei,
3213 3046 3474 3112 templum

1932 3130 2071 3198 quod
2098 3131 2150 3182 in
2179 3144 2238 3182 ea
2262 3138 2376 3183 erat
2403 3131 2678 3199 polluisse,
2708 3133 2982 3200 ipsamque
3004 3134 3187 3186 urbem
3217 3135 3269 3187 in
3298 3149 3479 3202 pomo-

1933 3233 2049 3270 rum
2071 3218 2368 3272 custodiam
2393 3218 2638 3287 posuisse
2661 3219 2928 3288 signilicat
2953 3237 2965 3284 ;
2996 3236 3165 3289 neque
3191 3229 3372 3275 tamen
3400 3223 3475 3275 ait

1935 3307 2043 3376 igni
2095 3309 2349 3360 traditum
2395 3312 2570 3360 locum
2622 3309 2819 3374 fuisse,
2853 3325 3023 3378 neque
3065 3312 3188 3363 talia
3218 3327 3471 3379 passum,

1939 3398 2116 3465 qualia
2151 3399 2203 3449 in
2243 3397 2498 3465 praedicto
2530 3399 2738 3465 psalmo
2768 3399 3038 3452 narrabat.
3070 3399 3229 3453 Addit
3255 3403 3476 3470 insuper

1940 3485 1992 3537 in
2021 3487 2301 3554 pratsenti,
2335 3500 2426 3540 cos
2458 3486 2548 3553 qui
2579 3486 2756 3538 locum
2787 3487 3122 3553 polluerunt,
3156 3491 3354 3544 multos
3383 3505 3476 3546 oc-

1938 3574 2134 3628 cidisse
2171 3575 2313 3628 viros
2345 3582 2563 3628 sanctos
2593 3581 2644 3628 et
2677 3575 2767 3629 Dei
2797 3591 3018 3629 servos:
3057 3593 3284 3646 quorum
3329 3595 3474 3635 mor-

1938 3673 2029 3718 tua
2057 3679 2275 3732 corpora
2308 3679 2415 3717 non
2443 3664 2680 3719 sinentes
2712 3667 2947 3719 naturali
2979 3669 3269 3737 sepultura:
3293 3670 3471 3736 tradi,

1937 3755 1991 3809 in
2016 3769 2192 3809 escam
2219 3754 2523 3809 volatilibus
2551 3755 2672 3808 εωιί
2706 3765 3022 3825 posuerunt.
3056 3757 3175 3812 Haec
3198 3776 3358 3830 porro
3383 3778 3477 3832 ge-

1938 3853 2020 3901 sta
2061 3859 2166 3897 non
2206 3844 2585 3913 deprehendas
2625 3847 2678 3900 in
2711 3856 2983 3916 postrema
3018 3851 3118 3904 loci
3151 3853 3470 3910 obsidione:

1937 3935 2066 4005 quia
2107 3935 2217 3989 haec
2247 3951 2350 3989 non
2376 3935 2622 3991 accidere
2646 3939 2775 3993 viris
2808 3940 3014 3993 sanctis
3039 3942 3130 4010 qui
3161 3959 3323 4011 penes
3353 3945 3474 4000 illos

1935 4033 2107 4080 erant.
2166 4024 2203 4078 Ii
2260 4041 2493 4096 namque
2545 4029 2635 4097 qui
2662 4030 2844 4083 urbem
2900 4030 3204 4086 incolebant
3259 4035 3472 4091 scelesti

1934 4128 2118 4169 omnes
2147 4123 2200 4168 et
2235 4116 2381 4185 impii
2423 4127 2612 4180 erant,
2646 4119 2714 4172 ob
2757 4134 2884 4174 suos
2913 4121 2964 4173 in
3005 4119 3340 4178 Servatorem
3377 4143 3476 4178 no-

1935 4212 2103 4259 strum
2133 4213 2186 4259 et
2214 4206 2267 4259 in
2297 4207 2414 4274 ejus
2441 4211 2709 4276 apostolos
2739 4226 2921 4266 ausus.
2957 4209 3060 4266 Sed
3093 4229 3265 4282 neque
3295 4216 3349 4270 in
3373 4215 3475 4270 Ba-

1935 4288 2178 4359 bylonica
2227 4292 2539 4360 captivitate
2582 4295 2696 4348 haec
2741 4295 2877 4350 facta
2920 4301 3194 4368 reperias,
3243 4305 3368 4371 quia
3407 4321 3474 4359 ne

1933 4385 2062 4432 tunc
2100 4381 2314 4448 quidem
2354 4384 2529 4436 sancti
2570 4392 2623 4439 et
2665 4387 2904 4454 religiosi
2945 4390 3043 4442 viri
3094 4405 3123 4444 a
3165 4390 3475 4463 Babyloniis

1935 4467 2188 4520 trucidati
2231 4469 2284 4522 in
2332 4470 2556 4525 historia
2604 4473 2868 4529 feruntur.
2917 4475 3268 4540 Quandonam
3311 4482 3474 4552 igitur

250 4560 393 4609 ἐπεὶ
424 4556 569 4627 μηδὲ
608 4556 727 4607 τότε
758 4557 934 4619 ὁσίους
958 4557 1153 4627 ἄνδρας
1182 4561 1271 4612 καὶ
1311 4561 1569 4632 θεοφιλεῖς
1597 4567 1697 4619 ὑπὸ
1728 4567 1834 4620 τῶν

1938 4555 2047 4608 lucc
2079 4556 2293 4626 impleta
2329 4559 2519 4612 fuere?
2557 4559 2672 4614 Non
2703 4572 2873 4630 potest
2911 4567 3056 4620 aliud
3083 4570 3306 4624 indicari
3340 4583 3472 4627 tem-

251 4643 642 4698 Βαϐυλωνίων
685 4645 1044 4716 άνῃρῆσθαιή
1081 4647 1284 4718 ἱστορία
1323 4653 1668 4722 παραδίδωσι.
1703 4657 1834 4709 Πότε

1938 4659 2063 4712 pus,
2115 4646 2216 4700 nisi
2259 4645 2546 4711 Antiochi,
2589 4651 2690 4704 sub
2713 4668 2820 4720 quo
2865 4653 3292 4712 Machabzeorum
3338 4662 3473 4715 scri-

249 4733 457 4786 τοίνυν
512 4730 813 4800 ἐπληροῦτο
838 4731 1042 4797 ταῦτα;
1095 4734 1205 4785 Οὐκ
1258 4736 1400 4790 ἔστιν
1438 4739 1619 4810 ἕτερον
1667 4745 1836 4795 εἰπεῖν

254 4821 496 4890 χρόνον,
527 4820 562 4887 ἢ
600 4820 689 4872 τὸν
711 4821 804 4872 ἐπὶ
840 4821 1127 4888 Ἀντιόχου,
1161 4824 1278 4876 καθ’
1316 4827 1429 4898 ὃνὴ
1473 4830 1577 4882 τῶν
1616 4833 1837 4886 Μακκα-

260 4909 445 4962 ϐαίων
477 4908 663 4978 γραφὴ
694 4911 762 4962 τὰ
785 4910 923 4979 μετὰ
962 4913 1144 4978 χεῖρας
1181 4915 1544 4986 προλεγόμενα
1573 4920 1637 4972 δι’
1664 4922 1835 4992 ἔργων

259 4997 632 5067 κεχωρηκότα
657 4997 915 5049 δείκνυσι.
937 4997 1247 5064 Γέγραπται
1271 5003 1397 5068 γοῦν
1427 5006 1481 5055 ὲν
1501 5007 1633 5077 αὐτῇ
1655 5010 1835 5062 τοῦτον

259 5085 356 5136 τὸν
397 5087 631 5158 τρόπον’
663 5087 775 5139 Καὶ
824 5084 1211 5152 ὑπέστρεψεν
1267 5093 1555 5162 Ἀντίοχος
1587 5099 1734 5164 μετὰ
1769 5104 1834 5151 τὸ

256 5179 518 5245 πατάξαι
553 5179 672 5246 τὴν
701 5175 1016 5240 Αἴγυπτον
1038 5175 1108 5225 ἐν
1131 5177 1212 5240 τῷ
1225 5177 1282 5245 ρ’
1306 5182 1403 5236 καὶ
1428 5191 1486 5250 μ’
1509 5186 1604 5238 καὶ
1629 5195 1676 5254 τ’
1698 5189 1834 5254 ἔτει,

247 5262 350 5309 καὶ
375 5271 563 5336 ἀνέθη
583 5264 688 5320 ἐπὶ
723 5259 974 5325 Ἰσραὴλ
998 5261 1065 5312 ἐν
1089 5264 1254 5330 ὄχλῳ
1272 5268 1479 5337 βαρεῖ·
1509 5274 1606 5326 καὶ
1633 5274 1835 5343 εἰσῆλ-

215 5344 322 5431 ae;-
363 5367 454 5431 εἰς
486 5360 555 5414 τι)
591 5352 876 5420 ἀγιάσμα
903 5347 979 5397 ἐν
1005 5351 1404 5424 ὑπερηφανίᾳ.
1431 5363 1538 5413 Καὶ
1569 5364 1742 5417 ἔλαϐε
1772 5367 1837 5419 τὸ

189 5425 623 5518 συχναέήριον
678 5434 751 5487 τὸ
798 5437 1098 5499 χρυσοῦν,
1124 5441 1232 5492 καὶ
1281 5445 1400 5511 τὴν
1435 5451 1691 5516 λυχνίαν
1730 5454 1835 5508 τοῦ

150 5519 421 5612 ὥς,
457 5532 568 5592 καὶ
605 5523 828 5612 πάντα
869 5519 945 5570 τὰ
967 5529 1152 5593 σκεύη
1177 5533 1398 5600 αὐτῆς,
1437 5538 1535 5589 καὶ
1560 5539 1670 5606 τὴν
1697 5543 1828 5608 τρά-

408 5599 529 5694 ὲῆς
564 5605 944 5695 προθέσεως
960 5647 974 5666 .
1003 5617 1095 5668 καὶ
1133 5619 1213 5671 τὰ
1261 5626 1526 5679 σπονδιά
1545 5668 1560 5689 ,
1592 5599 1688 5680 καὶ
1721 5599 1823 5695 τὰς

96 5668 609 5790 ρῆιῐςῖηέταλ
674 5693 794 5756 τὰς
856 5696 1112 5767 autem“:
1145 5707 1259 5774 τὰς
1303 5668 1580 5780 χρυσᾶςζ
1629 5717 1724 5770 καί
1763 5668 1828 5773 εἰ)

1932 4741 2085 4802 plura
2114 4773 2128 4796 ,
2179 4751 2296 4804 quae
2341 4736 2428 4790 hic
2475 4741 2904 4806 przenuntiantur
2945 4749 3236 4816 contigisse
3266 4759 3468 4805 narrat.

1933 4822 2199 4893 Scriptum
2231 4827 2413 4895 itaque
2442 4827 2514 4881 ibi
2546 4830 2776 4899 legitur:
2815 4838 2882 4887 Et
2914 4853 3146 4892 reversus
3176 4851 3254 4892 est
3279 4843 3471 4894 Antio-

1931 4915 2084 4980 chus,
2126 4927 2397 4985 postquam
2447 4924 2702 4986 percussit
2735 4923 3056 4994 .Egyptum,
3087 4931 3140 4983 in
3186 4935 3469 4986 centesimo

1930 5015 1979 5056 et
2007 5006 2408 5076 quadragesimo
2455 5012 2604 5063 tertio
2640 5031 2810 5076 anno;
2859 5027 2907 5069 et
2945 5021 3176 5074 ascendit
3218 5025 3272 5076 in
3306 5024 3474 5079 Israel

1933 5110 2048 5146 cum
2079 5096 2407 5152 multitudine
2436 5101 2582 5165 gravi
2606 5117 2624 5163 ;
2655 5113 2702 5155 et
2733 5105 2998 5173 ingressus
3034 5122 3111 5162 est
3135 5113 3186 5164 in
3227 5127 3474 5168 sanctua-

1934 5185 2070 5235 rium
2118 5201 2231 5237 cum
2283 5187 2545 5252 superbia,
2595 5201 2644 5242 et
2693 5195 2888 5261 accepit
2931 5198 3102 5252 altare
3137 5186 3395 5267 aureum,
3423 5213 3474 5260 et

1934 5273 2302 5329 candelabrum
2332 5277 2564 5342 lunzinis,
2607 5291 2656 5334 et
2683 5285 2919 5338 uniuersa
2950 5303 3073 5340 vasa
3105 5292 3242 5358 ejus,
3266 5304 3315 5346 et
3344 5310 3480 5348 meti-

1935 5379 2047 5415 sam
2077 5366 2442 5431 propositionis
2461 5407 2476 5428 ,
2507 5379 2556 5420 et
2587 5371 2837 5426 libatoria
2857 5413 2873 5436 ,
2905 5385 2953 5426 et
2986 5378 3196 5442 phialas
3218 5423 3232 5445 ,
3261 5393 3310 5434 et
3339 5399 3481 5436 mor-

1937 5453 2125 5504 tariola
2159 5471 2353 5516 aurea,
2384 5464 2432 5508 et
2485 5457 2684 5522 celum,
2735 5473 2784 5515 et
2839 5479 3096 5528 coronas,
3145 5481 3198 5522 et
3239 5482 3483 5525 ornatum

1934 5543 2026 5609 qui
2062 5544 2114 5595 in
2153 5543 2285 5610 facie
2323 5545 2494 5611 templi
2536 5559 2669 5602 erat.
2716 5551 2784 5604 Et
2824 5559 3138 5609 comminuit
3187 5563 3400 5613 omnia:
3433 5571 3484 5615 ct

1934 5638 2124 5702 accepit
2155 5637 2424 5692 thesauros
2453 5642 2712 5708 occultos,
2740 5663 2870 5715 quos
2902 5650 3120 5701 invenit.
3159 5650 3232 5703 Et
3268 5653 3485 5706 sublatis

1935 5727 2188 5795 omnibus,
2213 5745 2440 5784 reversus
2462 5729 2588 5786 abiit
2613 5735 2663 5787 in
2691 5745 2888 5792 terram
2920 5755 3097 5794 suam.
3136 5739 3212 5793 Et
3244 5743 3359 5810 fecit
3389 5756 3488 5792 ca:-
