3834 6382
492 378 592 433 9ιῦ

1143 372 1399 429 EUSEBII
1434 369 1904 426 CIESANENSIS
1945 368 2089 424 UPP.
2131 370 2309 424 PARS
2332 369 2419 424 111.
2453 396 2521 408 —-—
2557 366 2969 422 EXEGETICA.
3500 374 3577 428 9H

492 495 605 545 dem
666 507 949 560 magnam:
996 499 1043 541 et
1092 489 1260 554 factus
1313 496 1388 539 est
1428 486 1667 552 planctus
1709 501 1924 552 magnus
1970 485 2023 536 in

2126 482 2559 549 καταπέτασμα,
2598 481 2693 533 καὶ
2722 480 2864 545 τοὺς
2893 477 3234 546 στεφάνους,
3264 477 3348 529 καὶ
3384 479 3471 532 τὸν
3496 487 3578 536 πό-

499 581 682 634 Israel.
723 580 789 632 Et
829 580 1035 644 scripsit
1071 591 1162 629 rex
1198 577 1337 627 omni
1375 592 1531 644 regno
1568 591 1663 628 suo
1686 613 1701 637 ,
1749 583 1807 626 ut
1851 585 2018 627 essent

493 686 664 722 omnes
691 668 906 734 populus
936 681 1066 717 unus
1093 703 1108 725 ,
1139 673 1186 717 et
1216 665 1521 734 relinqueret
1559 665 1910 732 unusquisque
1946 666 2020 716 le-

491 775 600 825 gem
625 771 773 808 suam
793 755 858 806 ⁸⁸.
882 753 947 804 Ει
979 752 1227 818 amplexa:
1254 765 1374 806 sunt
1399 768 1572 806 omnes
1614 761 1785 820 gentes
1812 752 2016 804 verbum

492 848 622 914 regis
646 862 664 899 :
701 855 748 897 et
787 843 938 895 multi
973 859 1036 895 ex
1074 844 1200 910 ﬁliis
1242 843 1411 896 Israel
1447 851 1818 896 consenserunt
1855 843 2018 894 cultui

491 937 637 996 eius,
693 942 741 986 et
800 933 1219 1000 sacriﬁcaverunt
1257 932 1443 995 idolis,
1483 941 1530 986 et
1567 932 2020 997 coinquinaverunt

491 1023 778 1077 Sabbatum
803 1023 866 1075 ⁵³.
896 1022 1024 1075 Post
1054 1022 1165 1074 haec
1189 1030 1361 1075 autem
1393 1021 1621 1074 dicitur:
1647 1019 1715 1073 Et
1743 1021 2022 1088 wdiﬁcavit

491 1110 922 1164 abominationem
959 1108 1292 1162 desolationis
1322 1109 1376 1161 in
1405 1108 1586 1163 altari.
1616 1108 1682 1160 Et
1710 1111 1763 1161 in
1793 1109 2022 1162 civitati-

493 1200 584 1253 bus
619 1199 761 1252 Iuda
808 1201 864 1251 in
908 1199 1129 1252 circuitu
1175 1197 1562 1265 wdiﬁcaverunt
1611 1197 1844 1260 altaria,
1881 1207 1931 1251 et
1969 1198 2022 1250 in

490 1289 652 1355 portis
691 1290 837 1352 suis,
877 1297 924 1341 et
963 1290 1017 1340 in
1055 1288 1238 1354 plateis
1281 1287 1567 1356 thymiama
1610 1286 1908 1340 adolebant.
1952 1285 2022 1338 Et

493 1378 650 1430 libros
686 1377 760 1446 (1)
805 1378 994 1443 psalmi
1046 1394 1173 1445 quos
1209 1378 1503 1430 invenerunt
1557 1377 1879 1440 scindentes,
1910 1381 2024 1443 igne

491 1467 875 1520 combusscrunt
907 1467 973 1520 ⁸ο.
1013 1465 1422 1534 Adjiciturquc:
1459 1465 1526 1518 Et
1566 1467 1718 1518 multi
1755 1469 1808 1519 in
1850 1466 2021 1519 Israel

491 1555 799 1623 deﬁnierunt
829 1557 882 1608 in
908 1572 994 1619 se,
1026 1563 1082 1606 ut
1109 1571 1209 1607 non
1233 1555 1606 1608 manducarent
1636 1556 1925 1610 immunda.
1956 1555 2023 1608 Et

491 1648 747 1716 elegerunt
783 1648 941 1709 mori,
990 1656 1046 1698 ut
1091 1663 1192 1699 non
1235 1648 1710 1700 contaminarentur
1755 1648 1917 1711 cibis,
1975 1656 2024 1700 et

493 1738 682 1788 mortui
727 1745 867 1789 sunt.
917 1736 984 1787 Et
1029 1736 1169 1802 facta
1196 1745 1272 1788 est
1299 1737 1380 1788 ira
1409 1754 1598 1806 magna
1629 1739 1680 1790 in
1712 1737 1884 1790 Israel
1915 1737 2027 1789 val-

2119 590 2275 641 σμον
2305 573 2410 624 τὸν
2430 575 2575 623 κατά
2599 573 2928 637 πρόσωπον
2970 568 3070 620 τοῦ
3094 567 3247 620 ναοῦ.
3280 569 3374 620 Kal
3391 570 3583 627 ἐλέπισε

2116 662 2337 715 πάντα·
2368 663 2463 714 καὶ
2495 662 2666 714 ἔλαϐε
2704 663 2849 726 τοὺς
2875 657 3201 726 θησαυροὺς
3228 658 3353 722 τοὺς
3381 659 3587 727 ἀποκρύ-

2116 768 2286 818 φους,
2321 746 2429 814 οὗς
2457 746 2610 817 εὗρε.
2646 750 2756 802 Kal
2798 748 2999 802 λαϐὼν
3033 748 3350 815 σύμπαντα,
3375 748 3590 816 ἐπιστρέ-

2116 845 2237 908 ψας
2269 840 2541 906 ἀπῆλθεν
2586 843 2672 904 είς
2701 839 2816 905 τὴν
2852 839 2969 907 γῆν
3014 836 3209 889 αὑτοῦ.
3253 836 3353 888 Kal
3393 837 3591 904 ἐποίησε

2117 931 2510 999 φονοκτονίαν
2531 929 2802 999 μεγάλην
2820 944 2834 958 ⁸
2877 929 2971 981 καὶ
2998 927 3223 994 ἐγένετο
3263 925 3457 991 πένθος

2116 1022 2213 1074 ἐπὶ
2252 1020 2506 1088 Ἰσραήλ.
2555 1019 2663 1073 Kal
2710 1020 2971 1087 ἔγραψεν
2997 1018 3031 1068 ό
3063 1015 3339 1080 ,ϐασιλεὺς
3373 1015 3514 1082 πάσῃ
3544 1016 3597 1082 τῇ

2113 1112 2395 1177 ,Βασιλείᾳ
2425 1111 2610 1164 αὑτοῦ
2637 1106 2789 1162 εἶναι
2813 1107 3042 1171 πάντας
3062 1106 3209 1158 λαὸν
3227 1106 3344 1169 ἕνα,
3360 1106 3446 1158 καί
3473 1107 3603 1174 ἐγκα-

2118 1199 2386 1252 ταλιπεῖν
2414 1200 2671 1264 ἕκαστος
2707 1198 2780 1251 τὰ
2815 1199 3032 1265 νόμιμα
3082 1194 3280 1248 αὑτοῦ.
3313 1195 3411 1248 Kal
3442 1195 3604 1249 ἀπεδέ-

2120 1289 2296 1352 ξαντο
2323 1288 2516 1342 πάντα
2550 1289 2621 1340 τὰ
2657 1289 2804 1354 ἔθνη
2849 1290 2958 1340 τὸν
2999 1287 3179 1354 λόγον
3202 1284 3303 1338 τοῦ
3329 1284 3604 1350 βασιλέως·

2120 1381 2216 1432 καί
2245 1395 2311 1446 γε
2343 1378 2557 1430 πολλοὶ
2595 1377 2718 1430 ἀπὸ
2766 1376 2914 1430 υἱῶν
2954 1374 3187 1442 Ἰσραὴλ
3236 1374 3535 1440 εύδόκησαν
3555 1371 3608 1441 τῇ

2119 1469 2356 1535 λατρεία
2403 1468 2621 1531 αὐτοῦ,
2667 1467 2768 1519 καὶ
2817 1468 3048 1520 ἔθυσαν
3077 1464 3198 1530 τοῖς
3238 1463 3506 1528 εἰδώλοις,
3541 1465 3613 1517 καὶ

2119 1560 2491 1624 ἐϐεϐήλωσαν
2510 1557 2577 1610 τὸ
2610 1557 2936 1611 Σάϐϐατον.
2954 1557 3062 1608 Καὶ
3085 1555 3218 1625 μετὰ
3238 1553 3397 1606 ταῦτα
3420 1553 3610 1623 εἴρηται·

2121 1648 2229 1702 Kal
2253 1647 2594 1714 ᾠκοδόμησε
2635 1644 2959 1712 βδέλυγμα
2997 1641 3333 1710 ἐρημώσεως
3350 1641 3439 1693 ἐπὶ
3469 1640 3524 1693 τὸ
3544 1644 3616 1694 θυ-

2123 1737 2487 1804 σιαστήριον.
2511 1736 2623 1788 Καί
2647 1751 2714 1803 γε
2741 1735 2811 1786 ὲν
2849 1735 3068 1786 πόλεσι
3105 1730 3284 1784 Ἰούδα
3304 1731 3484 1794 κύκλῳ
3509 1731 3616 1794 ᾠκο-

493 1826 554 1878 de
583 1827 647 1879 δι.
681 1826 801 1879 Ηιεο
830 1840 990 1895 porro
1017 1825 1287 1879 diuturnis
1315 1835 1500 1893 postea
1523 1827 1881 1895 temporibus,
1904 1833 2026 1894 post

2126 1825 2392 1893 δόμησαν
2403 1825 2645 1892 ,βωμούς
2662 1842 2676 1856 ·
2706 1823 2804 1876 καί
2826 1823 2926 1876 διὰ
2947 1822 3067 1875 τῶν
3089 1819 3276 1888 θυρῶν
3293 1819 3404 1872 τῶν
3421 1819 3615 1878 οἰκείων,

493 1919 775 1987 Assyriaca
807 1926 860 1969 et
893 1917 1125 1979 Medica,
1161 1924 1281 1984 post
1309 1915 1525 1969 Persica
1555 1923 1606 1969 et
1640 1924 1760 1982 post
1789 1916 2022 1970 Alexan-

493 2008 574 2060 dri
609 2006 908 2060 Macedonis
951 2017 1175 2059 mortcm
1219 2013 1366 2074 gesta
1400 2014 1542 2059 sunt.
1583 2005 1650 2056 At
1685 2004 1915 2074 Spiritus
1943 2005 2025 2058 di-

493 2099 650 2150 vinus
700 2111 794 2164 per
837 2095 980 2148 hunc
1027 2096 1340 2164 prophetam
1389 2095 1502 2147 haec
1552 2095 1666 2162 ipsa
1703 2095 2025 2148 vaticinatur

495 2188 680 2241 dicens
706 2205 718 2238 :
744 2186 902 2248 Deus,
929 2197 1168 2239 venerunt
1190 2196 1362 2255 gentes
1383 2187 1436 2239 in
1465 2185 1816 2239 hazreditatem
1845 2195 1987 2238 tuam
2006 2226 2022 2250 ,

493 2274 782 2340 polluerunt
816 2274 1057 2342 templum
1085 2283 1322 2326 sanctum
1353 2285 1496 2326 tuum
1517 2313 1530 2336 ,
1562 2283 1840 2340 posuerunt
1873 2275 2029 2327 Jeru-

495 2365 654 2416 salem
685 2366 737 2416 in
764 2379 1031 2430 pomorum
1062 2364 1371 2416 custodiam.
1401 2362 1648 2416 s—Vnus.
1676 2363 1791 2418 9-4.
1839 2362 2028 2416 Posue-

495 2465 616 2507 runt
661 2456 934 2506 morticina
982 2470 1241 2506 servorum
1287 2462 1492 2504 tuorum
1533 2468 1678 2504 escas
1729 2452 2026 2506 volatilibus

495 2543 642 2604 cccli,
676 2559 854 2594 carnes
885 2552 1181 2594 sanctorum
1213 2551 1418 2592 tuorum
1457 2539 1631 2593 bestiis
1667 2549 1836 2593 terrae.
1878 2539 2028 2609 Effu-

494 2630 678 2682 derunt
700 2633 996 2700 sanguinem
1035 2647 1210 2683 eorum
1245 2641 1490 2696 tanquam
1519 2644 1704 2695 aquam
1729 2629 1784 2680 in
1808 2630 2027 2682 circuitu

494 2718 814 2784 Jerusalem,
848 2730 895 2773 et
925 2737 1024 2772 non
1068 2730 1178 2772 erat
1225 2721 1311 2787 qui
1352 2718 1608 2785 sepeliret.
1641 2716 1798 2769 Facti
1845 2734 2025 2772 sumus

496 2809 823 2876 opprobrium
869 2810 1044 2863 vicinis
1095 2809 1322 2869 nostris,
1366 2807 1706 2859 subsannalio
1745 2815 1794 2858 et
1836 2805 2027 2860 derisio

495 2899 560 2950 iis
604 2900 691 2966 qui
731 2899 784 2950 in
825 2900 1046 2950 circuitu
1087 2908 1266 2951 nostro
1299 2905 1440 2950 sunt.
1475 2895 1578 2948 Pro
1609 2897 1702 2948 illo
1730 2901 1906 2948 autem
1929 2934 1943 2959 ,
1974 2898 2027 2948 in

491 3003 762 3054 pomorum
790 2987 1081 3040 custodiam
1101 3026 1116 3049 ,
1147 2987 1373 3055 Aquila,
1403 2987 1457 3039 in
1487 3001 1724 3038 acervum
1751 2983 1984 3052 lapidum
2007 3001 2025 3049 ,'

497 3076 851 3145 Symmachus
879 3091 1007 3130 vero
1025 3114 1040 3138 ,
1069 3076 1122 3128 in
1151 3075 1317 3128 saltus
1339 3116 1353 3139 ,
1379 3074 1680 3128 ediderunt.

2127 1915 2220 1967 καὶ
2254 1915 2321 1966 ἐν
2351 1915 2478 1980 ταῖς
2526 1915 2837 1979 πλατείαις
2867 1913 3126 1981 ἐθυμίων
3171 1911 3259 1962 ἐπ’
3290 1910 3502 1972 αὐτούς.
3543 1909 3618 1960 Kal

2128 2006 2197 2058 τὰ
2238 2005 2444 2068 βιϐλία
2484 2005 2589 2057 τοῦ
2628 2004 2877 2073 ψαλμοῦ
2925 2002 2964 2055 ἃ
2995 1998 3174 2069 εὖρον
3197 1999 3618 2068 κατασχίσαντες,

2126 2094 2483 2160 ἐνεπύρισαν
2504 2093 2573 2146 ἐν
2610 2094 2776 2160 πυρί.
2809 2092 2922 2144 Καὶ
2945 2091 3256 2165 ὲπιλέγεται
3274 2107 3287 2121 ο
3317 2089 3416 2141 Kal
3462 2084 3621 2138 πολλοὶ

2126 2184 2196 2236 ἐν
2234 2183 2467 2250 Ἰσραὴλ
2491 2182 2902 2250 ὠχυρώθησαν
2921 2182 2992 2234 ἐν
3025 2180 3223 2246 αὐτοῖς
3249 2179 3348 2232 τοῦ
3371 2177 3446 2247 μὴ
3469 2174 3623 2244 φαγεῖν

2128 2272 2317 2326 κοινά.
2358 2273 2466 2325 Kal
2492 2272 2868 2335 ἀπεδέξαντο
2901 2271 3246 2334 ἀποθανεῖν,
3281 2271 3375 2321 ἵνα
3407 2269 3482 2336 μὴ
3504 2281 3624 2333 μιαν-

2129 2362 2273 2416 θῶσι
2310 2362 2432 2428 τοῖς
2462 2362 2762 2429 βρώμασι,
2807 2361 2910 2415 καί
2943 2361 3263 2416 ἀπέθανον.
3314 2358 3413 2412 Kal
3451 2356 3626 2424 ἐγένετο

2129 2452 2272 2521 ὀργὴ
2305 2452 2535 2522 μεγάλη
2579 2452 2676 2504 ἐπὶ
2709 2452 2957 2519 Ἰσραὴλ
2993 2451 3249 2519 σφόδρα.
3286 2449 3454 2503 Ταῦτα
3486 2447 3531 2497 δὲ
3556 2461 3625 2512 μα-

2129 2544 2278 2610 κροῖς
2318 2541 2536 2609 ὕστερον
2579 2540 2890 2609 ἐπληροῦτο
2928 2541 3141 2611 χρόνοις
3177 2538 3309 2609 μετὰ
3340 2536 3403 2589 τὰ
3433 2532 3627 2600 Ἀσσύρια

2131 2629 2221 2680 καὶ
2250 2627 2487 2696 Μηδικὰ,
2537 2629 2630 2680 καὶ
2683 2627 2828 2697 μετὰ
2872 2628 2944 2680 τὰ
2991 2627 3237 2698 Περσικὰ
3282 2628 3369 2679 καὶ
3413 2622 3528 2694 μετὰ
3562 2621 3629 2687 τὴν

2143 2716 2483 2788 Ἀλεξάνδρου
2533 2717 2628 2770 τοῦ
2675 2719 2993 2783 Μακέδονος
3050 2718 3324 2788 τελευτήν.
3366 2716 3432 2768 Τό
3469 2729 3522 2780 γε
3559 2709 3628 2778 μὴν

2130 2807 2351 2876 Πνεῦμα
2396 2808 2457 2859 τὸ
2506 2808 2647 2860 θεῖον
2694 2808 2787 2861 διὰ
2839 2809 2938 2861 τοῦ
2998 2809 3154 2879 μετὰ,
3191 2811 3370 2878 χεῖρας
3415 2802 3631 2872 προφήτου

2130 2898 2266 2950 αὐτὰ
2298 2898 2360 2968 δὴ
2402 2898 2572 2950 ταῦτα
2604 2898 2862 2961 θεσπίζει
2891 2900 3082 2967 λέγον
3131 2900 3185 2950 '0
3222 2897 3385 2962 Θεὸς,
3419 2893 3630 2960 εἰσήλθο-

2131 2999 2249 3037 σαν
2278 2985 2419 3052 ἔθνη
2452 2988 2537 3050 εἰς
2564 2985 2682 3052 τὴν
2711 2990 3128 3056 κληρονομίαν
3163 3006 3298 3053 σου,
3325 2987 3541 3054 ἐμίαναν
3563 2976 3635 3030 τὸν

2129 3075 2279 3128 ναὸν
2331 3074 2439 3128 τὸν
2495 3076 2668 3145 ἅγιόν
2718 3093 2839 3131 σου
2860 3119 2877 3144 ,
2932 3079 3141 3134 ἔθεντο
3195 3073 3538 3146 Ἰερουσαλὴμ
3577 3068 3633 3128 εἶ(

495 3169 996 3236 ὀπωροφυλάκιον.
1029 3170 1264 3221 Ἕθεντο
1293 3167 1364 3219 τὰ
1399 3166 1715 3233 θνησιμαῖα
1754 3166 1870 3218 τῶν
1933 3166 2163 3219 δούλων
2193 3182 2308 3220 σου
2335 3167 2543 3236 ,βρῶμα
2584 3170 2715 3236 τοῖς
2755 3173 3060 3238 πετεινοῖς
3109 3172 3216 3226 τοῦ
3273 3166 3520 3238 οὐρανοῦ,
3564 3163 3637 3220 τὰς

495 3259 722 3325 σάρκας
770 3258 885 3310 τῶν
911 3259 1092 3311 ὁσίων
1122 3272 1236 3310 σου
1291 3256 1413 3320 τοῖς
1469 3257 1687 3323 θηρίοις
1747 3256 1856 3324 τῆς
1900 3255 2026 3325 γῆς.
2079 3257 2351 3324 Ἐξέχεαν
2391 3259 2457 3309 τὸ
2490 3253 2632 3325 alita
2663 3261 2871 3314 αὐτῶν
2909 3264 2992 3328 ὡς
3023 3263 3181 3330 ὕδωρ
3243 3262 3429 3323 κύκλῳ
3479 3258 3635 3319 Ἰερου-

493 3348 718 3416 σαλὴμ,
743 3349 839 3401 καὶ
887 3351 994 3402 οὐκ
1031 3343 1108 3416 ἦν
1142 3351 1174 3400 ό
1219 3347 1469 3401 θάπτων.
1507 3347 1893 3415 Ἔγενήθημεν
1941 3347 2164 3413 ὄνειδος
2207 3348 2330 3413 τοῖς
2364 3349 2627 3418 γείτοσιν
2664 3353 2861 3421 ἡμῶν,
2900 3354 3312 3424 μυκτηρισμὸς
3346 3351 3434 3404 καὶ
3476 3350 3634 3416 χλευα-

495 3437 647 3504 σμὸς
689 3438 809 3501 τοῑς
847 3439 1045 3500 κύκλῳ
1088 3437 1271 3505 ἡμῶν.
1324 3438 1468 3489 Ἀντὶ
1513 3438 1569 3490 δὲ
1610 3438 1726 3500 τοῦ,
1768 3440 1853 3502 είς
1901 3437 2404 3508 ὀπωροφυλάκιον,
2464 3442 2492 3492 ὁ
2536 3441 2636 3510 μὲν
2688 3445 2952 3510 Ἀκύλας,
3001 3447 3091 3511 είς
3145 3436 3551 3511 λιθολογίαν,ὁ
3597 3430 3633 3482 δέ

496 3527 801 3595 Σύμμαχος,
828 3528 912 3590 είς
940 3526 1195 3594 δρυμοὺς
1228 3526 1568 3581 ὲκδεδώκασι.

564 3613 729 3667 Vens.
761 3613 792 3666 5
841 3611 1124 3681 Usquequo,
1146 3612 1378 3678 Domine,
1406 3616 1646 3668 irasceris
1667 3616 1720 3668 in
1739 3616 1923 3684 linem,
1948 3630 2031 3667 ac-
2056 3616 2102 3677 C

497 3703 740 3756 cendetur
782 3703 917 3754 velut
956 3701 1090 3770 ignis
1122 3701 1260 3753 zelus
1291 3710 1410 3755 tuus
1437 3705 1462 3756 ?
1495 3702 1720 3758 Videtur
1747 3704 1874 3756 mihi
1903 3718 2028 3772 pro-

497 3792 657 3860 pheta
706 3790 886 3857 Asaph
933 3796 1054 3859 post
1100 3790 1499 3846 accusationem
1547 3792 1758 3847 Judaici
1809 3793 2024 3861 populi,

499 3894 658 3949 quam
694 3879 746 3932 in
777 3878 1095 3948 praacedenti
1123 3877 1389 3940 instituit,
1420 3879 1533 3933 haec
1574 3881 1820 3949 apposite
1867 3879 2028 3933 indu-

499 3985 658 4032 cere,
700 3985 820 4038 qua:
864 3967 1018 4037 quasi
1067 3967 1133 4021 ad
1168 3967 1521 4036 placationem
1565 3979 1616 4023 et
1655 3969 1720 4022 ad
1766 3969 2027 4022 medelam

499 4075 681 4114 eorum
714 4074 832 4128 qua:
863 4060 1011 4127 prius
1039 4059 1359 4129 reprehensa
1387 4056 1536 4112 fuere
1559 4059 1850 4126 composita
1881 4067 2026 4113 sunt.

498 4147 759 4203 Rceenset
783 4149 962 4217 itaque
990 4149 1136 4201 varia
1165 4149 1352 4202 mortis
1375 4163 1570 4218 genera
1598 4147 1904 4202 Iudaeorum
1935 4150 2028 4219 qui

499 4254 597 4308 pro
641 4240 837 4307 pietate
881 4239 1192 4310 martyrium
1244 4244 1375 4293 tunc
1428 4240 1728 4294 subierunt.
1787 4238 2028 4305 Quorum

499 4328 784 4381 morticina
845 4329 1046 4383 inimici
1095 4329 1187 4383 Dei
1238 4329 1292 4382 in
1340 4344 1493 4384 escas
1551 4329 1858 4385 volatilibus
1902 4328 2029 4384 caeli

501 4416 761 4470 dederunt
783 4457 798 4482 ,
828 4427 880 4472 et
915 4433 1108 4474 carnes
1151 4425 1462 4472 sanctorum
1496 4417 1586 4473 Dei
1627 4418 1816 4474 bestiis
1851 4425 2025 4473 terrae.

499 4503 806 4575 Opportune
833 4507 994 4576 igitur
1019 4522 1116 4577 pro
1142 4507 1208 4562 iis
1234 4506 1400 4560 Deum
1433 4508 1610 4576 placat
1638 4545 1654 4569 ,
1686 4521 1748 4560 ac
1777 4507 1824 4561 si
1857 4508 2029 4561 sacri-

499 4592 680 4646 ﬁcium
736 4593 838 4661 ipsi
889 4602 1061 4648 morte
1110 4599 1420 4647 sanctorum
1474 4608 1696 4646 suorum
1746 4593 2024 4648 oll'eratur.

2200 3613 2352 3676 ’Ἕως
2373 3613 2535 3674 πότε,
2559 3615 2766 3682 Κύριε,
2795 3618 3137 3686 ὀργισθήσῃ
3172 3620 3255 3683 είς
3280 3616 3454 3680 τέλος,
3479 3615 3634 3666 ἐκχαυ-

2130 3698 2370 3766 θήσεται
2386 3701 2464 3764 ὡς
2487 3700 2610 3768 πῦρ
2640 3705 2674 3756 d
2709 3703 2896 3772 ζῆλός
2918 3721 3075 3769 σούς
3099 3709 3253 3759 Δοκεῖ
3279 3723 3360 3776 μοι
3380 3706 3405 3756 ὁ
3428 3703 3636 3774 προφήτης

2143 3788 2310 3855 Ἀσὰφ
2334 3789 2470 3857 μετὰ
2497 3789 2596 3860 τὴν
2627 3793 2728 3846 τοῦ
2766 3796 3042 3851 Ἰουδαίων
3069 3797 3252 3860 ἔθνους
3277 3794 3578 3866 κατηγορίαν,
3595 3790 3637 3856 ἢν

2131 3877 2418 3946 πεποίηται
2449 3879 2508 3931 ὲν
2559 3881 2645 3950 τῷ
2694 3884 2808 3954 πρὸ
2866 3889 3095 3949 τούτου,
3145 3887 3212 3941 τὰ
3267 3885 3554 3958 προκείμενα
3579 3877 3638 3930 καὶ

2130 3965 2432 4029 ἀκολούθως
2486 3969 2752 4038 ἐπάγειν,
2798 3975 3156 4048 ὲξιλεούμενα
3203 3977 3380 4046 ὥσπερ
3414 3975 3495 4026 καὶ
3529 3971 3638 4037 θερα“

2133 4054 2360 4107 πεύοντα
2403 4056 2472 4109 τὰ
2497 4057 2593 4112 διὰ
2643 4062 2760 4114 τῶν
2803 4065 3118 4138 ἔμπροσθεν
3157 4067 3489 4139 ἐληλεγμένα.
3513 4064 3639 4115 Κατι-

2133 4143 2276 4212 λέγει
2303 4144 2431 4211 γοῦν
2466 4147 2599 4212 τοὺς
2632 4151 2780 4224 ὑπὲρ
2825 4157 3111 4221 εὐσεόείας
3155 4159 3402 4218 θανάτους
3429 4154 3519 4206 τῶν
3552 4146 3639 4214 παρ’

2135 4237 2313 4298 αὐτοῖς
2339 4236 2623 4304 Ἰουδαίοις
2663 4249 3181 4318 μεμαρτυρηκότων
3198 4266 3211 4281 ’
3239 4243 3311 4303 ὧν
3329 4248 3392 4301 τὰ.
3420 4241 3640 4316 θνησιμαῖ⁵

2129 4327 2177 4377 οἱ
2204 4323 2384 4395 ἐχθροὶ
2427 4325 2522 4378 τοῦ
2558 4329 2708 4384 Θεοῦ
2759 4333 2948 4388 ἔθεντο
2981 4337 3243 4408 βρώματα
3299 4341 3402 4400 τοῖς
3443 4329 3641 4385 πετεινοῖς

2131 4411 2223 4464 τοῦ
2264 4413 2528 4482 οὐρανοῦ,
2567 4421 2672 4472 καὶ
2704 4423 2824 4485 τὰς·
2855 4424 3069 4495 σάρκας
3110 4426 3216 4480 τῶν
3255 4426 3406 4478 ὁσίων
3444 4420 3520 4474 τοῦ
3551 4410 3639 4468 Θεθῦ

2133 4503 2241 4562 τοῖς
2272 4499 2477 4570 θηρίοις
2514 4506 2633 4576 τῆς
2666 4510 2797 4580 γῆς.
2842 4515 3131 4585 Εὑκαίρως
3171 4514 3340 4567 τοίνυν
3385 4511 3468 4564 ἐπὶ
3495 4505 3639 4559 τούτοις

2137 4590 2407 4643 ἱλάσκεται
2437 4594 2532 4645 τὸν
2588 4598 2730 4655 Θεὸν
2756 4642 2772 4668 ,
2814 4605 3023 4664 ὡσανεὶ
3049 4607 3235 4672 θυσίας
3275 4603 3412 4675 αὐτῷ
3445 4607 3640 4672 προσενη-

500 4682 853 4748 Quamobrem
895 4684 1004 4736 ait:
1039 4682 1326 4752 Usquequo,
1358 4683 1591 4746 Domine,
1623 4683 1863 4736 irasceris
1891 4684 1943 4736 in
1969 4684 2026 4752 ﬁ-

2133 4682 2396 4774 νξγμένης
2430 4685 2534 4738 τοῦ
2571 4690 2818 4748 θανάτου
2842 4699 2956 4752 τῶν
3005 4699 3167 4752 ὁσίων
3197 4696 3371 4752 αὑτοῦ.
3403 4693 3483 4745 Διὸ
3500 4694 3640 4758 φησιν’

501 4774 656 4827 nem?
679 4771 745 4824 ad
776 4771 1013 4840 priorum
1049 4774 1354 4826 memoriam
1384 4787 1684 4828 sermonem
1717 4772 1983 4829 reducens
2004 4813 2018 4837 ,

2134 4770 2278 4858 Ἕως
2319 4773 2462 4825 πότε
2478 4813 2493 4838 ’
2533 4781 2725 4849 Κύριε
2747 4825 2762 4848 ,
2796 4787 3136 4858 ὀργισθήσῃ
3180 4790 3265 4855 είς
3313 4785 3496 4849 τέλος;
3536 4778 3639 4829 Ἀνα-

499 4862 654 4930 queis
706 4854 981 4914 dicébatur
1017 4879 1032 4916 :
1072 4860 1280 4931 thuid,
1342 4861 1502 4923 Deus,
1559 4862 1798 4929 repulisti
1852 4864 1906 4916 in
1957 4865 2025 4932 ﬁ-

2130 4857 2361 4949 népimov
2396 4862 2491 4916 τὸν
2523 4866 2691 4937 λόγον
2734 4875 2831 4928 ἐπὶ
2871 4854 2972 4947 τὴν
3009 4854 3226 4949 μνήμην
3247 4854 3364 4929 τῶν
3392 4864 3638 4944 ἔμπροσθεν,

501 4964 613 5001 nem
641 4949 723 5001 "‘l
747 4947 875 5002 Vult
905 4947 1047 5002 enim
1077 4957 1370 5002 extremam
1401 4949 1543 5001 illam
1575 4949 1759 5016 populi
1806 4950 2017 5003 ruinam

2126 4947 2192 5000 δι’
2217 4942 2292 5002 ὧν
2323 4951 2542 5023 εἴρητοο
2589 4959 2794 5029 Ἰνατί,
2843 4969 2877 5020 ὁ
2921 4942 3348 5035 ἐσίδω-’ἀπώσω
3383 4942 3459 5029 είς
3491 4957 3639 5015 τέιιοςί

499 5045 552 5089 et
576 5037 924 5105 abjectionem
948 5037 1206 5095 cohiberi.
1223 5045 1276 5091 et
1300 5052 1392 5106 per
1417 5037 1694 5106 sanguinis
1711 5046 2025 5092 sanctorum

2128 5036 2382 5093 Βούλεται
2412 5042 2528 5116 γὰρ
2570 5050 2677 5120 τὴν
2723 5057 2807 5118 εἰς
2854 5057 3009 5122 τέλος
3051 5060 3354 5112 ἀπόπτωσιν
3389 5053 3467 5107 καὶ
3497 5042 3638 5100 ἄποδα

501 5140 721 5178 suorum
755 5126 1065 5180 memoriam
1116 5127 1253 5180 iram
1307 5127 1504 5182 sedari.
1553 5125 1853 5194 Utrumque
1898 5142 2026 5181 vero

2130 5126 2227 5218 λῂν
2257 5129 2348 5182 τοῦ
2386 5130 2524 5187 λαοῦ
2565 5138 2958 5215 ἐπισχεθῆναι,
2985 5151 3079 5203 καὶ
3111 5149 3177 5203 τὰ
3203 5148 3298 5218 τῆς
3326 5143 3471 5217 ὀργῆς
3489 5135 3638 5218 mw:

500 5209 724 5274 dictum,
759 5227 966 5280 nempe,
1005 5212 1296 5284 Usquequo,
1332 5213 1572 5277 Domine,
1614 5214 1857 5268 irasceris
1886 5215 1940 5267 in
1968 5215 2026 5282 ﬁ-

2135 5216 2256 5270 σθαι
2283 5218 2370 5272 διὰ
2397 5221 2502 5291 τῆς
2546 5230 2658 5298 μνή
2824 5209 2921 5289 τοῦ
2946 5209 3179 5308 αἵματος
3342 5209 3481 5286 ὁσίων
3506 5214 3637 5278 αὺτοῦ-

499 5303 654 5354 nem?
677 5311 730 5354 et
749 5304 889 5371 quod
912 5304 1176 5373 sequitur,
1211 5303 1527 5359 Exardescet
1556 5305 1688 5358 sicut
1716 5305 1847 5375 ignis
1882 5305 2025 5358 zelus

2132 5309 2269 5361 Κατ’
2315 5311 2632 5386 ἀμφότερον
2677 5321 2738 5375 δὲ
2773 5326 2991 5403 ἀκούσῃ
3014 5303 3113 5398 ⁷σεδ,
3141 5332 3282 5397 Ἕως
3321 5325 3464 5390 πότε,
3495 5315 3636 5382 Κύρων

576 5471 1074 5544 ιιιηοειι.ι,ει.
1148 5481 1192 5514 ι·
1231 5483 1357 5536 ibid.
1393 5483 1481 5537 ιι.
1557 5482 1603 5513 σο
1641 5481 1886 5554 ἰῦἰιὶηὸἳ.
1935 5480 2020 5564 ρξ’.

2126 5483 2180 5541 d.
2214 5486 2305 5543 65.
2385 5492 2429 5525 τ’
2467 5493 2626 5556 Psal.
2665 5519 2884 5576 Lxxln,
2921 5507 2978 5563 1.

576 5617 648 5684 (ί)
681 5619 798 5678 “ac
815 5625 869 5682 in
889 5628 1070 5686 Bibliis
1093 5632 1306 5700 paulum
1330 5633 1542 5689 diversa
1571 5641 1716 5690 sunt.
