3834 6370
233 384 353 437 9ιὸ

1348 387 1842 446 COMMENTARIA
1880 390 1947 444 IN
1988 381 2316 444 PSALMOS.

3311 385 3415 440 946

229 496 569 566 ὀργισθήσῃ
598 501 684 564 εις
722 499 922 565 τέλος
948 500 1040 552 καὶ
1080 500 1218 554 κατὰ
1244 503 1365 565 τοὺς
1397 504 1521 573 ἑξῆς
1553 502 1791 571 ἐπιλεγο-

1899 505 2065 556 tuus?
2089 501 2170 554 sic
2201 496 2504 564 intelligas:
2539 495 2829 565 Quousque
2861 497 2972 550 haec
3000 499 3189 552 erunt?
3216 497 3421 552 Dicitur

231 589 457 659 μένους,
499 587 954 653 Ἑκκαυθήσεται
976 590 1054 653 ὼς
1077 589 1193 656 πῦρ
1220 593 1252 642 ὁ
1278 588 1452 655 ζῆλος
1471 605 1620 650 σονς
1652 591 1793 652 Ἕως

227 677 370 728 πότε
401 674 510 745 γὰρ
542 677 635 729 καὶ
659 675 814 728 τοῦτο
836 677 1015 742 ἐσταις
1047 678 1301 732 Λέλεκται
1327 680 1386 732 δὲ
1415 682 1444 732 ὁ
1469 679 1623 748 ζῆλος
1656 678 1794 731 κατὰ

227 765 556 836 παραϐολὴν
593 766 701 818 τῶν
742 767 809 819 δι’
838 767 1135 838 ὑπερϐολὴν
1170 767 1452 830 διαθέσεως
1499 768 1794 836 ζηλούντων

225 855 334 919 τὰς
365 855 575 908 ἑαυτῶν
605 856 862 925 γαμετὰς,
887 857 934 908 εί
960 857 1265 927 προσέχοιεν
1287 857 1498 926 ἕτεροις·
1510 855 1756 925 ἀνδράσιν
1775 871 1787 884 ·

227 943 382 998 οὕτω
407 945 539 1011 γοῦν
570 945 664 996 καὶ
696 945 788 996 ἐπὶ
823 945 914 997 τοῦ
954 945 1083 998 Θεοῦ
1135 947 1232 1014 τὴν
1267 945 1538 1016 ἐκδίκησιν
1568 945 1674 998 τῶν
1699 946 1794 1007 τὰς

231 1033 379 1104 πρὸς
419 1033 584 1085 αὑτὸν
651 1033 920 1103 συνθήκας
964 1034 1395 1105 παραϐαινόντων
1439 1033 1594 1104 ζῆλον
1639 1033 1792 1086 εἴωθε

230 1123 422 1176 καλεῖν
476 1123 508 1175 ὁ
554 1121 730 1190 λόγος.
776 1123 1023 1176 ἰκετεύει
1065 1124 1238 1176 τοίνυν
1281 1126 1310 1176 ό
1352 1125 1635 1194 Προφήτης
1677 1124 1793 1190 ἢτοι

228 1211 289 1275 ἐξ
328 1209 465 1263 ἰδίου
498 1209 809 1281 προσώπου,
838 1211 870 1280 ἦ
901 1212 993 1264 καὶ
1023 1211 1096 1273 ὼς
1133 1214 1196 1263 ὲκ
1221 1199 1326 1263 τῶν
1353 1211 1490 1264 κατὰ
1515 1213 1638 1274 τοὺς
1677 1213 1793 1265 Ἀν-

227 1301 415 1369 τιὸχου
469 1301 693 1372 χρόνους
745 1301 1127 1366 διασωθέντων,
1177 1302 1310 1370 μετὰ
1351 1302 1449 1371 τὴν
1499 1303 1799 1373 πρόρρησιν

223 1389 338 1444 τῶν
371 1391 680 1460 μελλόντων
713 1391 924 1443 ἔσεσθαι
961 1392 1099 1444 κατὰ
1137 1392 1394 1460 Ἀντίοχον
1429 1392 1518 1444 τὸν
1555 1393 1652 1460 τῆς
1694 1394 1793 1444 Συ-

229 1479 353 1548 ρίας
377 1479 628 1548 βασιλέα,
663 1479 779 1532 καθ’
807 1480 864 1532 ὃν
892 1481 940 1532 οἱ
965 1481 1100 1533 ὅσιοι
1133 1481 1225 1534 τοῦ
1251 1480 1381 1534 Θεοῦ
1416 1482 1505 1533 τὸν
1544 1482 1679 1552 ὑπὲρ
1705 1482 1793 1534 εύ-

225 1569 451 1632 σεσείας
499 1569 728 1622 θάνατον
761 1571 1216 1640 ὑπομεμενήκασι,
1257 1570 1560 1624 παύσασθαι
1599 1571 1697 1639 μὲν
1727 1573 1794 1624 τὰ

224 1658 322 1726 τῆς
356 1658 538 1728 ὀργῆς
565 1658 662 1728 τῆς
699 1657 838 1711 κατὰ
865 1659 956 1711 τοῦ
994 1660 1143 1723 λαοῦ,
1177 1660 1442 1729 μετελθεῖν
1471 1661 1526 1713 δὲ
1578 1661 1698 1724 τοὺς
1744 1663 1798 1712 ὲ-

226 1745 288 1812 χθ
297 1746 426 1814 pob;
452 1745 646 1800 αὐτοῦ.
659 1745 746 1797 Διό
771 1763 950 1816 φησιν·
980 1749 1222 1816 Ἕκχεον
1242 1749 1355 1815 τὴν
1374 1750 1553 1818 ὀργήν
1571 1766 1684 1804 σου
1702 1751 1798 1804 ἐπὶ

1892 599 2069 644 autem
2099 591 2267 654 zelus,
2293 587 2358 642 ad
2388 587 2691 656 exemplum
2721 600 2906 640 eorum
2938 589 3028 656 qui
3062 589 3238 642 nimia:
3279 591 3423 643 zelo-

1891 681 2047 750 typia:
2074 679 2261 733 aﬂ‘ectu
2293 683 2544 732 tenentur
2560 691 2686 746 erga
2705 691 2923 740 uxores,
2946 678 2992 731 si
3023 679 3088 731 ad
3116 680 3252 735 alios
3278 681 3424 737 viros

1893 769 2181 833 accedant;
2216 769 2297 822 sic
2326 768 2469 822 enim
2497 775 2550 820 et
2579 767 2634 819 in
2660 766 2768 820 Deo
2799 767 3055 821 ultionem
3111 782 3296 822 eorum
3329 769 3422 838 qui

1893 867 2045 930 pacta
2069 875 2192 913 eum
2223 875 2289 913 eo
2323 859 2455 912 inita
2489 857 2810 927 transgressi
2865 867 3014 916 sunt.
3050 859 3224 911 zelum
3277 859 3424 913 Scri-

1891 957 2046 1018 ptura
2069 949 2205 1002 solet
2234 947 2521 1016 appellare.
2551 946 2829 1016 Supplicat
2845 961 2974 1017 ergo
2998 947 3288 1016 Propheta,
3309 950 3424 1002 sive

1891 1053 1954 1092 ex
1984 1038 2196 1107 propria
2228 1051 2476 1106 persona,
2496 1037 2608 1091 sive
2631 1050 2814 1090 eorum
2842 1036 3057 1090 nomine
3073 1036 3162 1104 qni
3186 1043 3425 1105 tempore

1894 1125 2144 1178 Antiochi
2175 1125 2308 1179 salvi
2342 1125 2469 1178 iacti
2491 1130 2639 1184 sunt,
2673 1133 2793 1191 post
2821 1123 3218 1193 praedictionem
3236 1137 3424 1177 eorum

1893 1232 2010 1285 qua:
2035 1223 2274 1285 tempore
2306 1215 2556 1269 Antiochi
2588 1213 2756 1284 Syriae
2790 1214 2933 1282 regis
2962 1221 3218 1268 eventura
3245 1221 3421 1274 erant,

1893 1305 2109 1374 quando
2133 1305 2304 1358 sancti
2335 1302 2425 1356 Dei
2464 1317 2560 1372 pro
2586 1302 2785 1371 pietate
2818 1310 3046 1355 mortem
3077 1300 3292 1354 subiere
3311 1338 3325 1362 ,
3366 1307 3424 1354 ut

1892 1402 2067 1449 cesset
2118 1394 2197 1446 ira
2261 1393 2459 1462 populo
2511 1392 2775 1454 immissa,
2810 1399 2863 1444 et
2914 1389 3130 1443 invadat
3181 1389 3428 1443 inimicos

1893 1480 2031 1548 ejus.
2063 1479 2418 1544 Quamobrem
2442 1479 2516 1532 ait
2546 1497 2559 1533 :
2592 1477 2838 1533 —Vsns.
2874 1477 2928 1538 6,
2958 1477 3007 1531 7.
3041 1476 3263 1544 E/I'unde
3290 1478 3427 1530 iram

1897 1580 2040 1622 tuam
2066 1571 2119 1622 in
2140 1579 2311 1638 gentes
2341 1585 2455 1637 qua:
2477 1579 2528 1621 te
2551 1585 2652 1622 non
2685 1578 2956 1629 noverunt,
2977 1576 3026 1620 et
3055 1569 3106 1619 in
3130 1583 3286 1636 regna
3313 1582 3427 1636 qua:

1897 1677 2077 1713 nomen
2137 1668 2280 1710 tuum
2329 1675 2431 1712 non
2483 1659 2862 1712 invocaverunt.
2919 1658 3054 1722 Quia
3101 1656 3428 1710 comederunt

1895 1748 2079 1810 Jacob,
2113 1757 2161 1801 et
2184 1749 2351 1801 locum
2379 1749 2490 1816 ejus
2546 1748 2924 1801 desolaverunt.
2956 1748 3265 1815 Opportune
3314 1747 3431 1802 exl-

230 1834 298 1885 τὰ
330 1835 482 1900 ἔθνη
520 1833 593 1886 τὰ
615 1833 700 1901 μὴ
732 1834 1092 1901 γινώσκοντά
1116 1851 1208 1899 σε,
1239 1838 1334 1890 καί
1365 1839 1463 1890 ἐπὶ
1481 1840 1791 1905 βασιλείας

1893 1838 2052 1892 stimo
2078 1839 2167 1892 hic
2224 1837 2406 1892 Jacobi
2461 1839 2788 1892 mentionem
2844 1839 2980 1902 ﬁeri,
3012 1839 3081 1891 ob
3113 1839 3429 1906 religionem

226 1921 288 1975 αι
333 1921 400 1974 τὸ
452 1921 646 1989 ὄνομά
681 1938 796 1975 σου
834 1925 942 1975 οὐκ
975 1923 1430 1980 ἐπεκαλέσαντο.
1474 1928 1590 1980 Ὅτι
1633 1927 1796 1980 κατέ-

229 2028 424 2080 φαγον
465 2012 578 2063 τὸν
615 2011 827 2076 Ἰακὼϐ,
859 2013 956 2064 καὶ
995 2012 1101 2066 τὸν
1136 2015 1317 2067 τόπον
1347 2016 1528 2069 αὐτοῦ
1569 2016 1795 2084 ἠρήμω-

229 2116 367 2153 σαν.
402 2101 570 2153 Κατὰ
615 2101 802 2170 καιρὸν
847 2101 901 2152 δὲ
947 2105 1004 2154 ὲν
1045 2104 1250 2166 τούτοις
1283 2104 1374 2157 τοῦ
1420 2105 1608 2158 Ἰακὼὸ
1644 2101 1793 2175 οἶμαι

231 2190 566 2261 πεποιῆσθαι
594 2191 691 2260 τὴν
726 2192 938 2261 μνήμην
962 2193 1058 2262 τῆς
1083 2193 1174 2246 τοῦ
1203 2193 1426 2247 παλαιοῦ
1458 2195 1793 2265 προπάτορος

231 2281 550 2343 θεοσεϐείας
590 2281 768 2332 ἕνεκα.
805 2281 890 2344 Ὠς
921 2282 1028 2351 γὰρ
1071 2284 1490 2354 ὑπομιμνήσκων
1537 2285 1624 2338 τὸν
1665 2286 1794 2338 Θεὸν

231 2368 322 2422 τοῦ
362 2369 651 2438 θεοφιλοῦς
679 2371 866 2442 ἀνδρὸς
896 2373 988 2424 καὶ
1017 2372 1113 2442 τῆς
1142 2374 1344 2426 ἐκείνου
1373 2375 1586 2445 ἀρετῆς,
1626 2376 1793 2430 δυσω-

235 2461 325 2510 πεῖ
367 2459 461 2512 διὰ
518 2459 618 2528 τῆς
666 2461 870 2512 ἐκείνου
906 2463 1138 2531 μνήμης,
1186 2463 1278 2514 καὶ
1329 2463 1555 2517 ίλεοῦται
1595 2465 1661 2518 τὰ
1692 2483 1794 2518 πα-

236 2548 406 2618 ρόντα.
455 2550 554 2601 Ἐν
581 2551 678 2618 μὲν
718 2550 794 2619 τῷ
830 2551 934 2620 πρὸ
975 2551 1160 2604 τούτου
1198 2554 1410 2624 ψαλμῷ,
1443 2557 1673 2626 ὁπηνίκα
1699 2557 1791 2610 τοῦ

242 2635 433 2707 Ἰωσὴφ
469 2639 876 2707 ἐμνημόνευεν,
913 2642 972 2693 ού
1021 2642 1108 2694 τὸν
1151 2643 1361 2712 Ἰωσὴφ,
1390 2643 1522 2696 ἀλλὰ
1559 2646 1618 2697 τὸ
1665 2647 1793 2715 σκή-

231 2739 386 2793 νωμα
417 2725 595 2779 αὐτοῦ
625 2727 1015 2799 ἀποϐεὸλῆσθαι
1047 2729 1192 2797 ἔλεγε
1235 2731 1318 2784 διὰ
1346 2732 1435 2785 τοῦ
1455 2750 1469 2763 ο
1497 2734 1605 2786 Καὶ
1635 2734 1790 2787 ἀπώ-

232 2827 376 2866 σατο
406 2815 478 2866 τὸ
513 2814 800 2884 σκήνωμα
825 2818 1061 2885 Ἰωσὴφ,
1085 2820 1178 2871 καὶ
1208 2821 1319 2888 τὴν
1336 2824 1537 2890 φυλὴν
1558 2825 1791 2892 Ἑφραῒμ

231 2905 336 2956 οὐκ
375 2903 730 2968 ἐξελέξατο,
763 2905 852 2958 τοῦ
896 2907 1048 2974 λόγου
1101 2909 1443 2977 σημαίνοντος
1476 2913 1566 2964 τόν
1600 2915 1656 2965 ὲν
1693 2915 1792 2982 Ση-

229 2990 345 3061 λὼμ
391 2993 604 3045 τόπονο
641 2994 864 3064 ἐπείπερ
911 2997 966 3046 ὲν
1018 2995 1196 3066 κλήρῳ
1237 2999 1333 3067 τῆς
1379 3001 1548 3066 φυλῆς
1603 3000 1791 3072 Ἰωσὴφ

229 3079 400 3132 ἔκειτο
429 3083 464 3151 ή
513 3080 710 3150 Σηλὼμ
729 3098 743 3112 ·
770 3083 827 3133 ὲν
859 3083 1061 3147 τούτοις
1086 3085 1141 3136 δὲ
1171 3086 1261 3138 τοῦ
1307 3083 1494 3139 Ἰακὼὸ
1526 3089 1790 3158 μέμνηται

1893 1926 2052 1996 prisci
2086 1927 2228 1980 illius
2261 1926 2421 1980 atavi.
2469 1925 2600 1978 Nam
2642 1927 2800 1980 talem
2835 1927 3007 1980 virum
3038 1925 3147 1979 Deo
3174 1926 3427 1980 dilectum

1891 2018 2115 2086 ejusque
2137 2015 2391 2069 virtutem
2434 2015 2536 2083 ipsi
2589 2013 2699 2068 Deo
2733 2028 3184 2076 commemorans,
3215 2015 3428 2068 videtur

1891 2105 2009 2174 ejus
2036 2106 2304 2160 mentione
2335 2103 2473 2157 facta
2504 2104 2678 2172 ipsum
2710 2103 3010 2172 deprecari,
3030 2112 3082 2155 ct
3106 2105 3158 2155 in
3175 2105 3426 2171 praesenti

1890 2211 2020 2251 casu
2073 2196 2362 2265 pr0pitium
2425 2194 2669 2248 reddere.
2724 2193 2778 2246 In
2833 2193 3156 2262 praecedenti
3207 2194 3423 2262 quidem

1891 2287 2117 2354 psalmo,
2155 2285 2371 2353 quando
2404 2283 2695 2352 Josephum
2724 2285 3062 2347 memoravit,
3091 2299 3198 2337 non
3249 2285 3422 2352 ipsum

1889 2375 2201 2444 Josephum,
2225 2376 2319 2430 sed
2349 2374 2756 2429 tabernaculum
2786 2375 2904 2441 ejus
2953 2375 3226 2443 repulsum
3258 2375 3426 2428 fuisse

1891 2467 2026 2520 dixit
2058 2467 2142 2520 his
2171 2466 2349 2519 verbis
2381 2485 2394 2518 :
2443 2465 2508 2517 Et
2544 2464 2728 2531 repulit
2773 2463 3160 2517 tabernaculum
3206 2463 3418 2530 Ioseph,

1890 2565 1938 2608 et
1975 2555 2164 2608 tribum
2195 2554 2443 2624 Ephraim
2473 2571 2573 2607 non
2620 2552 2769 2622 elegit
2802 2554 2872 2617 ⁸³,
2915 2554 3108 2620 hisque
3154 2553 3424 2622 signiﬁcat

1893 2645 2065 2699 locum
2100 2645 2249 2698 illum
2281 2645 2335 2697 in
2381 2644 2493 2697 Silo
2522 2644 2722 2708 situm;
2754 2642 2880 2712 quia
2928 2644 2980 2696 in
3032 2643 3174 2696 tribu
3228 2641 3425 2712 Joseph

1893 2734 2002 2788 Silo
2027 2735 2260 2802 jacebat.
2293 2733 2390 2787 Hic
2417 2749 2546 2788 vero
2576 2733 2834 2787 Jacobum
2867 2733 3110 2788 meminit
3142 2740 3197 2786 et
3245 2733 3420 2786 locum

1891 2821 2009 2889 ejus
2040 2839 2054 2875 :
2088 2837 2181 2889 per
2209 2820 2489 2885 Iacobum,
2510 2821 2746 2891 religiosi
2781 2821 2926 2875 illius
2949 2821 3046 2874 viri
3072 2830 3314 2890 posteros
3339 2821 3420 2874 in-

1889 2913 2104 2976 dicans;
2135 2927 2227 2981 per
2253 2913 2426 2966 locum
2449 2927 2577 2966 vero
2596 2911 2735 2979 ejus,
2767 2911 3218 2981 Hierosolymam,
3261 2925 3422 2980 quam

1890 3002 1942 3054 in
1976 3003 2318 3056 solitudinem
2347 3002 2477 3055 verti
2511 3009 2750 3071 tempore
2773 3003 3020 3054 Antiochi
3043 3003 3286 3070 contigit.
3313 3003 3424 3056 Sub

1892 3091 2003 3144 haec
2032 3090 2214 3157 adjicit
2246 3109 2259 3144 :
2286 3121 2352 3129 —
2384 3090 2545 3144 Vsus.
2578 3091 2636 3143 8.
2664 3089 2743 3143 Ne
2770 3089 3059 3143 memineris
3086 3091 3421 3158 iniquitatum

230 3167 321 3218 καὶ
346 3167 441 3219 τοῦ
472 3168 656 3219 τόπου
704 3167 892 3219 αὐτοῦ·
926 3169 1010 3221 διὰ
1044 3171 1141 3239 μὲν
1175 3171 1266 3223 τοῦ
1306 3174 1492 3226 Ἰακὼὸ
1512 3176 1635 3238 τοὺς
1665 3177 1791 3229 ἀπο-

1893 3188 2190 3231 nostrarum
2233 3179 2586 3246 antiquarum.
2633 3177 2736 3232 Eos
2781 3176 2872 3245 qui
2908 3191 3005 3245 pro
3043 3177 3286 3244 pristinis
3315 3178 3422 3230 illis

235 3255 415 3322 γόνους
457 3254 562 3308 τοῦ
602 3255 872 3322 θεοφιλοῦς
923 3258 1108 3329 ἀνδρὸς
1146 3259 1335 3329 δηλῶν,
1367 3262 1452 3315 διὰ
1489 3264 1544 3316 δὲ
1583 3265 1672 3317 τοῦ
1699 3267 1787 3319 τό-

235 3363 332 3400 που
360 3346 529 3400 αὑτοῦ
566 3346 664 3416 τήν
695 3347 1039 3417 Ἰερουσαλήμ
1065 3350 1358 3419 σημαίνων,
1380 3353 1445 3422 ήν
1486 3355 1564 3416 είς
1595 3355 1793 3426 ἔρημον

235 3437 404 3491 ἐλθεῖν
428 3436 582 3490 κατὰ
603 3438 726 3498 τοὺς
767 3437 1027 3506 Ἀντιόχου
1056 3439 1249 3508 συνέϐη
1274 3441 1509 3511 χρόνους.
1535 3439 1646 3496 Εἶθ’
1668 3444 1793 3513 ἑξῆς

233 3527 498 3596 Emit-575v
558 3525 656 3592 Μὴ
703 3526 977 3594 μνησθῇς
1018 3528 1184 3595 ἡμῶν
1225 3531 1478 3597 ἀνομιῶν·
1515 3533 1788 3600 ἀρχαίων.

235 3617 296 3668 οι
325 3618 370 3669 δ’
407 3617 558 3688 ὕπερ
606 3616 842 3685 ἀρχαίων
885 3618 1285 3688 ἁμαρτημάτων
1329 3621 1598 3690 εὐχόμενοι
1647 3623 1788 3692 δῆλοι

233 3703 296 3758 ἓν
333 3703 444 3758 εἷεν
482 3705 568 3776 μὴ
611 3706 888 3776 νεωτέροις
931 3708 1227 3776 ὲνεχόμενοι
1268 3710 1607 3779 πταίσμασιν.
1654 3713 1792 3765 Ἀντὶ

233 3789 289 3844 δὲ
317 3794 433 3859 τοῦ,
465 3792 633 3859 Ταχὺ
669 3794 1267 3860 προκαταλαϐέτωσαν
1296 3797 1450 3865 ἡμᾶς
1488 3801 1540 3852 οἱ
1584 3803 1792 3868 οἰκ-ταρ-

233 3881 327 3949 μοί
353 3898 498 3947 σου,
531 3883 631 3935 ὅτι
661 3883 1113 3951 ἐπτωχεύσαμεν
1138 3885 1386 3952 σφόδρα,
1411 3888 1439 3938 ό
1471 3887 1787 3957 Σύμμαχος,

239 3971 527 4040 Τάχυνον,
563 3972 1047 4038 προκαταλαϐέτω
1077 3974 1232 4041 ἡμᾶς
1259 3977 1329 4028 τὰ
1367 3976 1502 4044 eam
1533 3993 1666 4036 σου.
1703 3979 1789 4032 ὅτι

232 4060 623 4133 rit-orrij
648 4064 896 4131 σφόδρα,
925 4066 1277 4136 ήρμήνευσεν.
1304 4069 1508 4139 Ὠσπερ
1541 4070 1596 4122 δὲ
1629 4071 1790 4142 ἀθλη-

233 4149 348 4218 τὴς,
379 4153 616 4216 πολλοὺς
650 4153 884 4216 ὑποστὰς
909 4154 1116 4220 ἀγῶνας
1158 4156 1250 4207 καὶ
1279 4157 1468 4220 ἄθλους
1500 4159 1788 4228 ὑπομείνας

235 4238 462 4304 πολλοὺς
505 4243 568 4294 ὲν
607 4242 841 4310 φροντίδι
886 4242 1199 4312 καθέστηκε,
1239 4247 1313 4315 μή
1357 4264 1430 4317 πη
1475 4249 1790 4320 ὲξατονήσας

237 4325 408 4398 πέσῃ·
440 4329 542 4380 τὸν
570 4329 731 4381 αύτῦν
753 4329 948 4398 τρόπον
985 4330 1076 4382 καὶ
1105 4331 1209 4383 οἵδε
1271 4334 1561 4388 ἱκετεύουσι
1586 4353 1789 4406 προκα-

235 4413 574 4485 ταληφθῆναι
625 4418 718 4469 καὶ
765 4415 1009 4486 βοηθείας
1051 4421 1246 4488 τυχεῖν.
1295 4422 1383 4474 Διό
1425 4440 1582 4490 φασι’
1635 4425 1788 4492 Ταχὺ

1891 3270 2127 3336 peccatis
2180 3270 2504 3338 supplicant,
2549 3269 2724 3336 palam
2763 3275 2846 3320 est
2886 3280 2994 3319 non
3028 3282 3150 3321 esse
3201 3267 3422 3335 nuperis

1888 3358 2095 3414 delictis
2136 3358 2418 3412 obnoxios.
2470 3357 2573 3410 Pro
2609 3357 2698 3410 illo
2727 3363 2902 3411 autem
2936 3395 2952 3420 ,
2991 3356 3109 3410 Cito
3147 3357 3423 3423 anticipant

1891 3464 1981 3501 nos
2027 3447 2396 3500 misericordiae
2451 3455 2574 3510 tuaz,
2614 3446 2737 3513 quia
2770 3461 3016 3513 pauperes
3066 3445 3195 3513 facti
3243 3461 3422 3498 sumus

1889 3537 2041 3590 nimis
2060 3575 2074 3600 ,
2113 3537 2488 3607 Symmachus,
2513 3535 2776 3597 Accelera,
2798 3535 3111 3602 prwveniant
3145 3551 3237 3588 nos
3272 3535 3424 3586 mise-

1891 3623 2133 3676 ricordia:
2157 3631 2280 3685 tua',
2312 3625 2435 3690 quia
2470 3623 2724 3690 infirmati
2754 3638 2932 3674 sumus
2961 3620 3130 3685 valde,
3162 3622 3421 3690 interpre—

1889 3717 2033 3764 tatus
2065 3719 2166 3762 est.
2201 3709 2656 3774 Quemadmodum
2687 3709 2828 3762 enim
2861 3709 3061 3765 athleta
3111 3711 3202 3779 qui
3258 3709 3423 3762 multa

1889 3799 2054 3851 subiit
2085 3798 2400 3861 certamina,
2440 3807 2492 3852 ct
2547 3813 2752 3868 pugnas
2800 3799 3000 3856 multas
3046 3801 3329 3862 sustinuit,
3369 3799 3424 3852 in

1889 3888 2255 3941 sollicitudine
2281 3887 2443 3956 degit,
2479 3903 2545 3941 ne
2571 3887 2798 3941 debilior
2844 3887 3019 3943 factus
3071 3890 3320 3954 labatur;
3352 3889 3425 3940 ita

1891 3974 1944 4026 hi
1981 3988 2193 4042 quoque
2248 3981 2536 4042 precantur
2591 3989 2648 4027 se
2695 3976 3003 4041 praemuniri
3061 3983 3116 4028 et
3165 3973 3422 4026 auxilium

1888 4065 2170 4133 consequi.
2201 4063 2376 4129 Quare
2407 4065 2556 4117 aiunt
2584 4081 2600 4119 :
2631 4062 2748 4117 Cito
2780 4063 3062 4129 anticipant
3094 4080 3186 4116 nos
3217 4065 3424 4116 miseri-

1888 4154 2079 4206 cordia:
2131 4163 2252 4216 tute,
2306 4169 2429 4221 quia
2469 4166 2719 4219 pauperes
2771 4149 2900 4216 [acti
2945 4166 3122 4202 sumus
3150 4151 3418 4203 nimis.—

1888 4240 2052 4296 Vsus.
2087 4242 2138 4296 9.
2183 4241 2390 4309 Adjuva
2417 4257 2532 4304 nos,
2562 4239 2698 4291 Deus
2725 4240 2956 4292 salvator
2986 4248 3177 4303 noster,
3209 4249 3419 4307 propter

1888 4331 2110 4400 gloriam
2138 4329 2361 4382 nominis
2393 4328 2469 4380 tui
2494 4342 2514 4390 ;
2539 4326 2776 4389 Domine,
2813 4325 2974 4378 libera
3003 4342 3116 4386 nos,
3165 4335 3212 4378 et
3244 4328 3422 4393 propi-

1891 4421 1994 4472 tius
2023 4427 2131 4472 esto
2159 4417 2380 4486 peccatis
2413 4415 2606 4467 nostris
2636 4422 2845 4480 propter
2876 4430 3059 4466 nomen
3100 4422 3266 4468 tuum.
3299 4413 3421 4466 llaec

237 4506 847 4568 προκαταλαϐέτωσιιν
893 4506 1046 4576 ἡμᾶς
1095 4512 1146 4562 οἱ
1205 4512 1484 4579 οἰκτιρμοί
1532 4530 1665 4576 σου.
1699 4515 1787 4568 ὅτι

1891 4507 2152 4575 PrOpheta
2190 4521 2255 4560 ex
2283 4519 2511 4574 persona
2549 4517 2732 4555 eorum
2765 4502 2870 4570 quis
2892 4510 3129 4571 tempore
3173 4503 3421 4556 Antiochi

235 4588 696 4662 ὲκτωχεύσαμεν
722 4596 967 4664 σφόδρα.
1007 4597 1310 4666 Βοήθησον
1335 4601 1493 4669 ἡμῖν,
1523 4606 1555 4656 ό
1584 4603 1725 4670 Θεὸς
1755 4608 1789 4658 ό

238 4681 435 4748 σωτὴρ
485 4685 676 4752 ἡμῶν,
730 4685 934 4738 ἕνεκεν
978 4685 1082 4752 τῆς
1129 4688 1308 4755 δοξῆς
1353 4691 1456 4744 τοῦ
1503 4694 1786 4762 ὀνόματός

236 4781 356 4822 σου
374 4789 387 4800 ·
419 4776 622 4840 Κύριε,
643 4775 823 4840 ῥῦσαι
845 4774 1016 4842 ἡμᾶς,
1048 4778 1144 4830 καὶ
1168 4779 1438 4848 ἱλάσθητι
1456 4783 1580 4848 ταῖς
1605 4787 1786 4852 ἁμαρ-

239 4858 389 4925 τίαις
430 4862 603 4928 ἡμῶν
641 4863 846 4916 ἕνεκεν
877 4865 980 4916 τοῦ
1017 4867 1298 4933 ὀνόματός
1319 4885 1450 4923 σου.
1484 4874 1591 4924 Καὶ
1618 4875 1787 4928 ταῦτα

237 4943 266 4992 ὁ
301 4946 595 5016 Προφήτης
618 4951 680 5002 ὲκ
709 4948 996 5020 προσώπου
1039 4952 1145 5003 τῶν
1177 4954 1313 5006 κατὰ
1351 4956 1609 5024 Ἀντίοχον
1643 4959 1792 5026 βασι-

241 5027 335 5116 λέα
355 5032 728 5103 δεδιωγμένων
752 5036 1076 5106 προφέρεται
1101 5055 1115 5068 ·
1147 5041 1488 5110 προφητικῶς
1511 5043 1610 5112 τήν
1635 5046 1793 5116 εὐχὴν

236 5115 322 5172 διὰ
349 5122 448 5190 τῆς
481 5127 701 5196 γραφῆς
731 5130 841 5188 τοῖς
865 5125 1112 5195 μέλλουσι
1139 5129 1419 5181 διώκεσθαι
1457 5115 1782 5202 καταλιπὼν,

238 5205 312 5268 ὡς
351 5208 418 5260 ἂν
453 5210 632 5279 ἔχοιεν
668 5214 725 5278 ἐξ
775 5213 989 5281 ἑτοίμου
1029 5214 1242 5279 εἰδέναι,
1288 5217 1483 5278 ὁποίοις
1527 5222 1801 5290 προσήκει--

233 5297 519 5365 κεχρῆσθαι
563 5301 767 5363 αὐτοὺς
803 5301 978 5367 λόγοις
1016 5301 1071 5352 ὲν
1116 5307 1232 5366 ταῖς
1261 5303 1389 5373 πρὸς
1417 5303 1504 5354 τὸν
1536 5304 1666 5358 Θεὸν
1696 5310 1786 5360 εύ-

237 5383 364 5444 χαῖς.
396 5385 471 5436 Ού
520 5385 638 5454 μὴν
677 5390 754 5450 εἰς
795 5386 1033 5448 ἐκείνους
1086 5390 1276 5457 μόνους
1309 5392 1515 5443 ἵσταται
1543 5393 1608 5445 τὰ
1636 5394 1789 5463 λεγός

247 5483 408 5534 μεναι
456 5474 714 5543 ἁρμόσειε
758 5475 817 5528 δὲ
871 5477 962 5526 καὶ
1006 5480 1139 5531 πᾶσι
1188 5484 1295 5542 τοῖς
1323 5479 1390 5531 τὰ
1437 5484 1782 5552 παραπλήσια

257 5559 524 5612 πεπονθόσι
546 5600 561 5625 ,
589 5564 702 5615 ἐπεὶ
727 5563 817 5615 καὶ
848 5563 906 5612 ἐν
933 5567 1038 5626 τοῖς
1067 5570 1185 5620 καθ’
1214 5571 1348 5639 ἡμᾶς
1379 5569 1656 5639 διωγμοῖς,⁵
1686 5591 1783 5642 μυ-

311 5706 354 5736 ’³
393 5708 532 5762 Psal.
565 5727 735 5765 Laxvu
764 5751 776 5773 ,
813 5710 906 5764 67.

1892 4595 2033 4666 regis
2085 4595 2437 4657 vexabantur,
2480 4589 2824 4658 pronuntiat;
2877 4593 3172 4644 orationem
3230 4590 3296 4643 iis
3330 4589 3423 4659 qui

1892 4685 2318 4755 persecutionem
2357 4683 2566 4753 passuri
2614 4691 2768 4736 erant
2823 4683 3077 4750 scriptam
3116 4681 3424 4750 prophetico

1891 4775 2232 4843 relinquens,
2288 4783 2347 4825 ut
2397 4773 2451 4824 in
2511 4783 2759 4840 promptu
2805 4785 3132 4841 cognoscere
3178 4779 3422 4837 possent,

1891 4865 2087 4933 quibus
2114 4864 2188 4915 uti
2222 4861 2401 4915 verbis
2433 4861 2487 4913 in
2539 4862 2654 4916 suis
2701 4862 2767 4914 ad
2809 4861 2972 4916 Deum
3001 4858 3254 4926 precibus
3286 4875 3424 4928 opus

1891 4960 2053 5007 esset.
2084 4950 2267 5020 Neque
2298 4951 2366 5003 iis
2393 4949 2566 5002 solum
2604 4949 2717 5004 haec
2743 4951 2938 5003 tradita
2976 4955 3136 5012 sunt;
3171 4949 3426 5003 omnibus

1887 5042 2086 5110 quippe
2107 5041 2303 5095 similia
2327 5038 2656 5106 patientibus
2693 5042 3024 5106 competunt,
3056 5035 3184 5101 quia
3222 5035 3275 5087 in
3306 5051 3428 5103 per-

1889 5132 2254 5187 secutionibus
2271 5144 2387 5198 qua:
2417 5137 2601 5182 nostra
2627 5138 2783 5183 aetate
2801 5128 3165 5191 contigerunt,
3187 5128 3431 5179 sexcenti

1889 5237 2050 5291 supra
2081 5220 2355 5277 recensitis
2388 5217 2584 5270 similia
2616 5227 2742 5273 sunt
2772 5215 3038 5287 perpessi,
3091 5215 3185 5280 qui
3231 5229 3432 5281 Oppor—

1890 5318 2018 5365 tune
2047 5313 2230 5378 utique
2251 5307 2446 5360 talibus
2475 5305 2639 5362 dictis
2671 5309 2756 5362 usi
2786 5307 3014 5365 fuerint,
3050 5301 3209 5370 queis
3257 5302 3326 5353 ad
3359 5303 3433 5353 ita

1891 5399 2209 5468 loquendum
2249 5394 2584 5449 instituimur
2615 5415 2629 5449 :
2679 5397 2897 5464 Propter
2926 5393 3155 5463 gloriam
3193 5391 3442 5441 nominis

1892 5487 1987 5548 tui,
2017 5485 2253 5546 Domine,
2296 5481 2456 5533 libera
2501 5498 2617 5536 nos.
2651 5483 2876 5538 Etiamsi
2915 5480 3068 5535 enim
3101 5491 3205 5530 nos
3237 5476 3448 5528 auxiiio

1892 5577 2034 5644 ἀίειιί
2063 5591 2170 5630 non
2214 5572 2410 5634 simus,
2443 5578 2494 5624 at
2545 5588 2744 5630 nomen
2797 5575 2993 5645 gloria:
3046 5576 3150 5621 tua:
3201 5578 3277 5617 ne
3317 5563 3458 5629 apud
