3834 6392
289 405 413 460 9l9
965 367 978 375 ’
1431 406 1923 464 COMMENTARIA
1959 407 2024 461 IN
2062 405 2391 462 PSALMOS.
3388 418 3489 474 950

279 517 583 586 σώματος
627 519 735 572 τοῦ
780 521 1034 574 θανάτου
1072 521 1311 584 τούτου;
1358 522 1592 575 τοιοῦτοι
1633 521 1690 572 δὲ
1735 516 1793 589 ῆς

1973 530 2064 572 tuo
2105 520 2322 588 gemitus
2362 516 2780 583 compeditorum.
2813 518 3040 583 Quinam
3076 537 3238 591 porro
3264 525 3370 578 sint
3398 530 3487 595 qui

277 606 388 657 καὶ
429 607 486 657 oi
510 605 606 657 τοῦ
639 607 775 660 Θεοῦ
804 610 1088 678 προφῆται,
1121 609 1210 660 καὶ
1238 610 1432 672 πάντες
1459 611 1507 662 οί
1542 611 1614 679 μὴ
1643 608 1791 675 καθηὶ

1975 609 2039 661 ad
2073 609 2185 660 haec
2218 607 2444 660 dicenda
2481 607 2705 660 instituti
2741 616 2865 660 sunt
2897 609 2999 662 sub
3050 610 3162 664 haec
3209 614 3376 680 aperit
3408 615 3489 670 his

275 691 608 757 παθοῦντες
641 697 700 746 ὲν
731 699 841 757 τοῖς
880 698 1077 750 ἑαυτῶν
1109 697 1316 767 σώμασι
1337 738 1352 760 ,
1397 699 1527 768 μηδὲ
1563 701 1738 768 τρυφῇ
1779 715 1789 750 1

1971 696 2150 749 verbis
2175 715 2188 748 :
2225 693 2560 746 Patrocinare
2587 695 2713 761 ﬁliis
2747 695 3050 748 occisorum.
3081 697 3187 752 Nos
3218 700 3483 768 siquidem

269 782 462 854 ἡδονῇ
502 784 879 853 σχολάζοντεςο
933 787 1226 857 τοῦμπαλιν
1271 789 1326 841 δὲ
1366 789 1636 850 πιέζοντες
1663 790 1783 839 ἑαυτ

1975 799 2073 836 non
2103 783 2246 852 digni
2278 783 2441 836 habiti
2464 798 2650 837 sumus
2676 783 2767 850 qui
2791 783 2856 836 ad
2885 794 3104 838 mortem
3130 802 3297 854 usque
3316 800 3489 843 certa-

267 875 385 943 τὴν
425 873 584 944 ζωὴν
615 877 848 939 ἀσιτίαις
887 878 977 930 καὶ
1020 879 1195 940 πόνοις
1221 881 1312 930 καὶ
1341 882 1456 940 ταῖς
1485 879 1666 940 ἄλλαις
1691 879 1781 930 ἀσ)

1972 887 2166 934 remus,
2210 885 2272 924 ac
2316 885 2412 940 pro
2461 871 2568 924 Deo
2611 872 2926 940 sanguinem
2961 870 3342 940 funderemus;
3395 877 3486 931 sed

269 967 480 1026 τικαῖς
510 966 926 1028 κακοπαθείαιςο
957 968 1004 1019 οἳ
1035 968 1125 1020 καὶ¹
1156 969 1250 1037 οὐχ
1283 969 1420 1038 ὑπὲρ
1452 968 1651 1020 ἑαυτῶν
1683 968 1783 1036 μόνη

1970 961 2088 1030 quia
2120 961 2211 1014 ﬁlii
2237 977 2422 1015 sumus
2446 977 2629 1015 eorum
2653 962 2744 1030 qui
2775 962 2886 1014 haec
2918 971 3042 1015 sunt
3082 965 3356 1030 perpessir
3377 967 3484 1019 vir.-

269 1052 427 1106 ἀλλὰ
477 1055 579 1106 καὶ
624 1055 762 1124 ὑπὲρ
804 1055 896 1107 τοῦ
940 1057 1131 1118 παντὸς
1154 1056 1278 1108 λαοῦ
1320 1059 1381 1109 ἑκ
1423 1057 1612 1126 βάθους
1643 1056 1783 1126 καρδῑ

1972 1059 2078 1103 tute
2104 1058 2312 1118 patrum
2341 1058 2647 1104 nostrorum
2669 1051 2865 1113 ornati,
2897 1066 3176 1119 precamur
3195 1061 3254 1105 ut
3280 1053 3486 1108 illorum

273 1140 432 1209 πρὸς
464 1141 564 1192 τὸν
589 1141 718 1192 Θεὸν
743 1141 969 1194 ἔστενον.
1004 1143 1092 1194 Διὸ
1112 1141 1377 1194 λέλεκται·
1415 1142 1737 1194 Εἰσελθέτω
1764 1140 1787 1191 ἐ

1970 1140 2133 1206 gratia
2150 1139 2574 1193 misericordiam
2595 1154 3008 1208 consequamur.
3034 1139 3210 1205 Quare
3230 1141 3484 1198 dicimus:

267 1230 489 1282 ώπιόν
526 1248 646 1283 σου
682 1235 714 1284 ό
741 1232 1067 1300 στεναγμὸς
1102 1230 1216 1284 τῶν
1247 1231 1675 1299 πεπεδημένων.
1710 1229 1781 1281 Ti

1277 1231 1675 1299 :ensdnpérw.
1710 1229 1862 1290 Τίνες
1969 1226 2310 1279 Patrocinare
2339 1228 2465 1293 ﬁliis
2487 1227 2791 1279 occisarum.

267 1322 338 1373 δέ
370 1323 494 1374 εἰσι
525 1324 578 1374 οἱ
608 1323 776 1374 ταῦτα
816 1323 1178 1392 διδασκόμενοι
1219 1324 1412 1390 λέγειν,
1463 1323 1584 1391 ἑξῆς
1612 1321 1894 1391 παρίστησι
1956 1319 2206 1386 φάσκωνο
2248 1319 2623 1384 Περιποίησαι
2655 1318 2797 1382 τοὺς
2840 1318 3004 1382 υἱοὺς
3031 1318 3145 1370 τῶν
3175 1322 3490 1372 τεθανατωο

262 1409 515 1480 μένων.
565 1412 752 1481 Ἡμεῖς
785 1411 878 1481 μὲν
927 1413 1031 1482 γὰρ
1089 1413 1148 1464 οὐ
1205 1412 1576 1482 κατηξιώμεθα
1613 1412 1767 1481 μέχρι
1828 1409 2052 1461 Θανάτου
2084 1407 2464 1473 ἀγωνίσασθαι,
2502 1407 2618 1458 οὐδὲ
2660 1407 2794 1476 ὑπὲρ
2837 1407 2968 1459 Θεοῦ
3005 1407 3233 1460 κενῶσαι
3261 1409 3328 1462 τά
3365 1411 3490 1463 ἑαυ’

270 1503 395 1557 τῶν
426 1506 646 1575 αἵματα
666 1524 678 1535 ·
709 1506 819 1558 ἀλλ’
850 1505 1027 1574 ἐπειδὴ
1054 1506 1156 1557 τῶν
1177 1506 1342 1557 ταῦτα
1371 1506 1703 1557 πεπονθότων
1730 1503 1892 1571 ἐσμὲν
1928 1502 2050 1564 υἱοὶ,
2081 1499 2454 1568 σεμνυνόμενοι
2498 1499 2586 1550 ἐπὶ
2619 1501 2682 1567 τῇ
2727 1498 2832 1550 τῶν
2874 1499 3118 1552 πατέοων
3171 1500 3354 1569 ἀρετῇ,
3380 1499 3491 1553 δεό-

275 1596 436 1664 μεθα
469 1596 541 1646 δι’
579 1596 815 1657 ἐκείνους
865 1594 1159 1664 ἐλεηθῆναι.
1208 1591 1296 1644 Διό
1327 1611 1502 1662 φαμεν
1523 1613 1534 1624 ο
1567 1593 1942 1660 Περιποίησαι
1969 1587 2106 1651 τοὺς
2125 1587 2294 1650 υἱοὺς
2323 1586 2438 1637 τῶν
2464 1585 2956 1652 τεθανατωμένων.

348 1685 615 1749 Ἀπόδος
628 1686 747 1749 τοῖς
761 1685 1016 1752 γείτοσιν
1029 1685 1191 1753 ἡμῶν
1204 1685 1644 1738 ἑπταπλασίονα
1658 1686 1742 1746 είς
1756 1681 1860 1734 τὸν

2030 1675 2192 1730 Vens.
2239 1675 2418 1728 12-14.
2461 1675 2629 1728 Redde
2664 1676 2837 1727 vicinis
2875 1675 3064 1728 nostris
3105 1678 3391 1744 septuplum
3433 1680 3489 1732 in

273 1777 540 1829 κόλπον
556 1774 770 1836 αὐτῶν,
783 1774 888 1827 τὸν
899 1776 1229 1844 ὀνειδισμὸν
1239 1775 1450 1836 αὐτῶν,
1469 1775 1539 1827 ὃν
1551 1773 1787 1826 ὠνείδισε

1978 1767 2078 1819 Iinu
2105 1783 2302 1828 eorum,
2328 1766 2694 1832 improperium
2734 1765 2980 1831 ipsorum,
3004 1765 3138 1833 quod
3161 1768 3492 1834 exprobrave-

273 1886 380 1932 σε,
419 1871 628 1937 Κύριε.
659 1869 845 1937 Ἡμεῖς
871 1869 937 1922 δὲ
963 1872 1110 1934 λαός
1137 1887 1250 1923 σου
1272 1871 1368 1924 καὶ
1398 1870 1654 1935 πρόϐατα
1676 1885 1786 1936 νομ

1975 1865 2079 1908 runt
2106 1857 2217 1919 tibi,
2260 1855 2493 1908 Domine.
2532 1854 2644 1908 Nos
2679 1865 2849 1907 autent
2887 1855 3104 1922 populus
3141 1866 3258 1910 tuus
3301 1868 3349 1912 et
3377 1876 3489 1914 oues

273 1973 430 2021 σου,
453 1958 1054 2026 ἀνθομολογησάμεοιὶ
1075 1974 1171 2012 σοι
1197 1961 1280 2023 εὶς
1300 1958 1402 2011 τὸν
1422 1958 1619 2011 αἰῶνα.
1646 1961 1746 2022 Εἰς
1768 1976 1787 2027 1

1976 1961 2168 1999 tascua:
2189 1955 2308 2009 tuas,
2334 1945 2689 2014 confitebimur
2714 1945 2804 1997 tibi
2824 1945 2876 1996 in
2903 1947 3170 1998 saxulum.
3189 1946 3253 2001 In
3280 1965 3490 2018 genera-

275 2049 444 2101 rce‘zr
479 2047 583 2100 καὶ
617 2049 826 2116 γενεὰν
859 2049 1290 2117 ἐξαγγελοῦμεν
1314 2051 1424 2115 τὴν
1450 2049 1684 2102 αἵνεσίν
1718 2065 1789 2102 σο

1972 2039 2148 2089 tionem
2168 2046 2216 2089 et
2238 2037 2615 2105 generationem
2643 2035 3067 2089 annuntiabimus
3092 2037 3296 2091 laudem
3325 2050 3486 2095 luant.

291 2137 491 2205 Ἠμᾶς
511 2135 615 2204 μὲν
658 2134 1020 2204 περιποίησαι,
1047 2136 1092 2187 εί
1125 2137 1214 2188 καὶ
1249 2135 1320 2206 μὴ
1356 2135 1420 2187 δι’
1448 2137 1608 2205 ἡμᾶς,
1632 2135 1802 2188 ἀλλάδ

1976 2126 2121 2179 Nobis
2152 2125 2504 2194 patrocinare,
2537 2125 2639 2179 etsi
2669 2139 2774 2177 non
2812 2126 2982 2178 nostri
3023 2140 3208 2190 causa,
3245 2129 3337 2182 sed
3367 2145 3490 2197 pro-

275 2227 419 2287 τοὺς
457 2224 723 2293 πατέρας.
754 2225 876 2285 Τοῖς
916 2224 971 2276 δὲ
1011 2223 1238 2291 γείτοσιν
1281 2225 1452 2294 ἡμῶν,
1491 2225 1726 2278 τουτέστι
1750 2244 1789 2278 τι

1973 2223 2078 2284 pter
2107 2223 2285 2284 patres
2318 2222 2552 2269 nostros.
2582 2213 2779 2268 Vicinis
2808 2231 2932 2269 vero
2958 2216 3180 2278 nostris,
3216 2217 3268 2270 id
3291 2226 3374 2271 est
3417 2219 3487 2272 iis

281 2318 307 2366 ἐ
319 2327 439 2366 παν
448 2331 576 2365 ιστα
583 2314 762 2382 μένοις
782 2315 908 2382 ἡμῖν
924 2315 1116 2366 καὶτὸν
1131 2315 1246 2366 καθ’
1263 2317 1293 2384 ή
1302 2315 1413 2384 μῶν
1431 2315 1656 2385 πόλεμον
1671 2317 1795 2385 διεγε

1975 2307 2049 2374 ιιιί
2078 2306 2361 2374 insurgunt
2386 2305 2438 2358 in
2469 2321 2588 2367 nos,
2621 2305 2881 2374 nobisque
2909 2305 3103 2359 bellum
3136 2317 3372 2373 movent,
3407 2309 3489 2360 vi-

277 2421 510 2474 ρουσιν,
564 2403 759 2465 ἀπόδος
814 2403 878 2455 τὰ
933 2405 1216 2472 ἀμοιϐαῖα,
1265 2405 1698 2470 πολυπλασιάζων
1761 2425 1791 2459 τ

1974 2410 2048 2450 :es
2086 2396 2369 2456 retribuas,
2405 2395 2764 2464 multiplicans
2815 2395 2943 2449 illud
2972 2397 3266 2452 sceleribus
3305 2413 3488 2451 eorum

273 2495 662 2564 ὀφειλομένην
686 2494 866 2555 αὐτοῖς
913 2494 1051 2562 ὑπὲρ
1099 2487 1172 2547 ὦν
1204 2494 1430 2564 ἔδρασαν
1459 2497 1740 2566 τιμωρίαν,
1783 2518 1787 2566 1

1974 2485 2194 2538 lebitum
2233 2486 2575 2554 supplicium.
2623 2484 2737 2538 Non
2787 2487 3028 2549 sat,illis
3082 2487 3180 2540 fuit
3227 2491 3364 2542 mala
3407 2492 3488 2542 in-

275 2589 403 2648 τοῖς
440 2583 570 2636 καθ’
600 2584 756 2653 ἡμῶν
783 2584 1135 2654 ἀρκεσθέντες
1164 2589 1367 2648 κακοῖς,
1401 2585 1510 2638 ἀλλ’
1540 2588 1638 2657 ἤδη
1676 2588 1769 2640 καὶ

1976 2574 2161 2630 lixisse
2204 2576 2394 2641 nobis;
2425 2575 2517 2630 sed
2563 2585 2613 2630 te
2651 2591 2866 2645 quoque
2896 2579 3266 2632 universorum
3321 2579 3490 2632 Domi-

275 2675 381 2727 τὸν
415 2674 518 2725 ἐπὶ
550 2673 766 2725 πάντων
789 2673 986 2742 Κύριον
1014 2674 1345 2744 βλασφήμοις
1375 2676 1468 2727 καὶ
1499 2677 1789 2729 ὀνειδιστικ‹

1979 2681 2087 2718 Ium
2119 2665 2444 2734 blasphemis
2487 2674 2540 2719 ct
2583 2667 2986 2721 contumeliosis
3013 2667 3174 2722 dictis
3216 2669 3493 2736 impezive-

277 2764 722 2836 περιϐάλλοντες
753 2763 947 2830 λόγοις.
985 2763 1120 2815 Ἀλλ’
1149 2765 1369 2828 ἐκείνοις
1390 2765 1508 2834 μὲν,
1537 2768 1716 2836 φησὶν,
1738 2769 1791 2820 ἀι

1976 2766 2105 2808 runt.
2136 2754 2329 2809 Verum
2371 2755 2476 2809 illis
2522 2755 2588 2808 ad
2632 2756 2913 2810 utilitatem
2962 2771 3113 2810 suam
3147 2759 3490 2826 promeritum

274 2856 375 2918 δος
423 2856 531 2924 τὴν
564 2853 719 2918 ἀξίαν
760 2854 1022 2922 τιμωρίαν
1051 2851 1182 2922 πρὸς
1209 2853 1466 2920 ὠφελείας
1506 2855 1679 2907 αὐτῶν
1706 2873 1788 2924 γει

1977 2847 2121 2901 'edde
2172 2847 2532 2915 supplicium;
2581 2847 2654 2900 ita
2702 2856 2760 2900 ut
2801 2863 2868 2902 eo
2909 2857 3292 2903 convertantur
3330 2861 3383 2903 et
3427 2851 3491 2903 ad

278 2943 563 3014 σομένην,
582 2942 1047 3012 ἑπιστρεφομένων
1071 2943 1162 2994 καὶ
1197 2942 1662 3013 σωφρονιζομένων
1683 2946 1748 2997 δι’
1772 2963 1792 2998 ο

1977 2937 2232 2990 neliorem
2273 2951 2330 2990 se
2368 2937 2571 3002 frugem
2603 2937 2896 3006 recipiant;
2929 2955 3027 2994 nos
3065 2949 3238 2995 autem
3286 2942 3491 2993 occiso-

275 3034 412 3102 τῆςο
451 3032 604 3100 ἡμᾶς
627 3030 682 3082 δὲ
714 3030 870 3092 σῶζε,
905 3031 1027 3091 τοὺς
1055 3032 1201 3093 υἱοὺς
1237 3031 1343 3083 τῶν
1369 3033 1786 3102 τεθανατωμένω

1979 3042 2073 3078 'um
2113 3027 2270 3090 ﬁlios,
2296 3027 2465 3080 salute
2503 3027 2662 3089 dona,
2702 3028 2817 3095 qui,
2855 3029 3062 3083 etiamsi
3098 3046 3204 3082 non
3250 3030 3493 3098 patribus

275 3125 354 3187 οἳ,
414 3123 470 3173 εί
517 3119 612 3172 καὶ
655 3119 727 3189 μὴ
770 3121 876 3180 τοῖς
920 3119 1150 3189 πατράσι
1182 3121 1475 3190 γεγόναμεν
1514 3123 1704 3190 ὅμοιοι,
1744 3123 1789 3174 dt}

1976 3118 2161 3172 similes
2195 3118 2474 3183 fuerimus,
2520 3126 2754 3173 attamen
2787 3122 3016 3188 populus
3056 3127 3181 3174 tuus
3222 3138 3407 3176 sumus
3439 3132 3490 3174 et

273 3215 448 3283 ὅμως
482 3227 579 3262 σου
629 3209 960 3277 τυγχάνομεν
991 3210 1114 3272 λαὸς
1146 3211 1236 3262 καὶ
1272 3210 1371 3279 τῆς
1409 3213 1504 3281 σῆς
1530 3211 1698 3281 νομῆς
1728 3229 1787 3282 πε

1975 3225 2086 3264 nes
2119 3225 2328 3278 pascuae
2361 3219 2497 3274 tum;
2528 3226 2690 3279 quare
2732 3211 3090 3278 conﬁtebimur
3122 3213 3213 3264 tibi
3247 3212 3298 3263 in
3325 3228 3489 3264 saecu-

277 3301 471 3352 6ατα’
522 3297 604 3348 διὸ
646 3296 1237 3364 ἀνθομολογησόμεθά
1272 3312 1365 3350 σοι
1401 3301 1486 3362 εὶς
1516 3299 1617 3350 τὸν
1647 3297 1791 3350 αἰῶνι

1979 3300 2096 3361 ‘um,
2139 3301 2338 3367 gratias
2394 3301 2598 3352 scilicet
2649 3308 2867 3368 agentes
2903 3301 3217 3370 debitosquc
3269 3302 3493 3371 hymnos

276 3384 754 3459 εὐχαριστοῦντες
769 3385 960 3455 δηλαδὴ
983 3388 1071 3438 καὶ
1090 3386 1212 3448 τοὺς
1234 3387 1530 3457 πρέποντας
1555 3387 1749 3455 ὕμνους
1764 3405 1790 3438 κ

1978 3393 2012 3439 :t
2034 3387 2218 3441 laudes
2247 3401 2342 3455 pro
2370 3388 2604 3454 acceptis
2628 3387 2902 3442 beneﬁciis
2933 3389 3028 3441 tibi
3055 3389 3292 3442 omnium
3328 3390 3492 3443 bono-

275 3475 611 3544 δοξολογίας
630 3477 768 3545 ὑπὲρ
783 3468 855 3526 ὧν
873 3471 928 3526 εὖ
954 3474 1288 3543 πεπόνθαμεν
1307 3475 1386 3526 σοὶ
1495 3476 1702 3527 πάντων
1723 3477 1789 3542 ἀγ

1974 3491 2077 3528 rum
2108 3477 2347 3545 largitori
2386 3476 2493 3530 Deo
2525 3478 2850 3532 emittentes.
2889 3477 3149 3547 Deinceps
3181 3495 3304 3533 vero
3334 3481 3386 3531 in
3411 3497 3488 3548 ge-

279 3571 402 3624 θῶν
445 3567 638 3636 δοτῆρι
675 3564 792 3633 Θεῷ
813 3564 1234 3632 ἀναπέμποντες.
1266 3565 1486 3633 Ἑφεξῆς
1517 3581 1572 3615 τε
1593 3566 1736 3617 κατὰ
1763 3585 1793 3634 γ

1975 3567 2272 3618 terationem
2314 3576 2362 3619 et
2399 3569 2777 3635 generationem
2826 3569 3253 3622 annuntiabimus
3287 3570 3489 3624 laudem

279 3661 447 3716 νεὰν
481 3657 583 3709 καί
622 3656 831 3724 γενεὰν
862 3655 1292 3722 ἐξαγγελοῦμεν
1335 3655 1447 3719 τὴν
1480 3655 1710 3708 αῖνεσίν
1742 3671 1793 3708 σε

1971 3666 2099 3708 tuam
2135 3658 2256 3712 ﬁliis
2283 3659 2505 3720 nostris,
2537 3659 2658 3712 ﬁliis
2683 3659 2912 3712 ﬁliorum
2946 3671 2998 3713 et
3021 3676 3206 3715 eorum
3239 3662 3485 3729 posteris,

281 3747 493 3803 παισὶν
513 3744 804 3814 ἡμετέροις
819 3743 909 3794 καὶ
930 3742 1126 3794 παίδων
1144 3743 1314 3803 παισὶ,
1331 3742 1586 3811 διαδόχοις
1606 3761 1662 3795 τε
1682 3745 1795 3795 αὐτὶ

1976 3747 2247 3800 salutarem
2301 3747 2472 3802 laudis
2524 3756 2628 3802 tute
2680 3749 3040 3820 disciplinam,
3090 3766 3187 3806 ceu
3240 3753 3490 3822 optimam

278 3841 407 3900 τοῖς
441 3833 588 3904 μετὰ
625 3831 792 3883 ταῦτα
813 3832 1204 3901 γενησομένοις,
1229 3830 1412 3901 ὥσπερ
1433 3831 1628 3898 ἀγαθὸν
1662 3833 1792 3903 κλῆρ

985 3832 1204 3901 ομένοις,
1229 3830 1412 3901 ὥσπερ
1433 3831 1628 3898 ἀγαθὸν
1662 3833 1854 3903 κλῆρον
1959 3847 2179 3902 sortem,
2209 3839 2499 3893 tradentes.

281 3919 723 3994 παραδώσοντες
753 3917 851 3986 τῆς
885 3917 1135 3980 αίνέσεως
1173 3917 1239 3970 τὰ
1278 3920 1513 3988 σωτήρια
1545 3920 1849 3989 μαθήματα.

280 4036 404 4089 ΕΙΣ
439 4033 536 4085 T0
561 4029 807 4101 Tmen.
823 4027 1156 4101 τρες-ΤΩΝ
1177 4029 1794 4101 ΜΛοιΩΘΗΣΟΜΕΝΩλ

1974 4031 2010 4083 ι.
2046 4028 2111 4084 IN
2154 4030 2814 4101 FINEMLPRpllSHQUl
2855 4033 3488 4101 CO‘MMUTABUNTUR,

755 4096 1147 4148 MAPTrPIoN
1177 4097 1261 4165 Τῼ
1287 4099 1474 4150 amnt».

2349 4099 2818 4154 TESTIMONIUM
2847 4102 3088 4154 ASAPli.

1060 4187 1175 4239 08'.
2611 4189 2841 4242 LXXIX.

373 4301 439 4353 '0
465 4298 798 4368 ποιμαίνων
830 4297 934 4350 τὸν
971 4297 1222 4364 Ἰσραὴλ,
1249 4301 1532 4368 νπρόσχες,
1567 4303 1598 4353 ό
1632 4300 1858 4369 ὁδηγῶν

2029 4300 2192 4355 Vens.
2229 4302 2282 4354 2.
2325 4302 2426 4368 Qui
2449 4303 2620 4370 pascis
2663 4301 2852 4364 Israel,
2887 4303 3113 4367 intende,
3153 4307 3240 4375 qui
3283 4305 3490 4361 deducis

281 4391 444 4448 ὡσεὶ
479 4390 779 4456 πρόϐατον
803 4386 906 4438 τὸν
945 4386 1170 4456 Ἰωσήφ.
1200 4389 1466 4459 Τέσσαρές
1495 4392 1627 4442 εἰσιν
1658 4392 1703 4443 οἱ
1742 4393 1795 4442 ἑτ

1975 4391 2091 4443 velut
2135 4407 2273 4444 ovem
2303 4390 2512 4460 Joseph.
2542 4393 2778 4457 Quatuor
2818 4402 2944 4446 sunt
2974 4393 3240 4464 inscripti,
3273 4395 3377 4450 Pro
3427 4400 3489 4451 iis

285 4477 718 4552 γεγραμμένοι,
757 4475 920 4543 Ὑπὲρ
975 4473 1088 4528 τῶν
1130 4478 1716 4547 ἁλλοιωθησομένων⁶
1770 4480 1797 4531 δ

1978 4482 2046 4546 Ini
2082 4482 2566 4544 committebantur;
2615 4483 2721 4536 duo
2758 4483 2972 4552 quidem
3025 4484 3261 4549 Davidis,
3313 4504 3400 4540 ιιι
3442 4497 3492 4540 (ιι

289 4572 402 4640 μὲν
434 4565 535 4620 τοῦ
561 4565 742 4627 Δαυῒδ,
769 4568 796 4618 ὁ
819 4565 892 4617 νθ¹
920 4567 1010 4618 καὶ
1039 4567 1066 4617 ό
1091 4566 1189 4636 ξῆν,
1211 4567 1316 4618 τῶν
1353 4569 1406 4620 δὲ
1435 4569 1562 4622 υίῶν
1593 4571 1734 4640 Κορὲ
1761 4567 1803 4622 εἶ

1978 4586 2146 4634 .xvm,
2188 4571 2413 4625 ﬁliorum
2443 4571 2578 4625 Core
2627 4587 2785 4633 unus,
2821 4588 2964 4634 XLIV,
3003 4575 3201 4644 Asapbi
3239 4577 3362 4629 item
3407 4577 3492 4630 hic

288 4665 319 4716 ὁ
360 4659 475 4730 μᾶ,
515 4656 610 4708 καὶ
658 4654 748 4706 τοῦ
793 4655 959 4723 Ἀσάφ
1009 4655 1260 4718 ὡσαύτως
1291 4659 1318 4709 ό
1385 4659 1518 4726 μετά
1569 4663 1766 4731 χεῖρας.

1975 4678 2115 4729 luem
2163 4669 2474 4716 tractamus.
2521 4662 3005 4730 Quinquagesimus
3061 4681 3234 4720 nonus
3287 4666 3489 4734 lapsum

294 4750 405 4819 μὲν
439 4740 537 4797 οὖν
566 4743 641 4794 νϐ’
681 4743 988 4795 ἀπόπτωσιν
1017 4742 1107 4794 τοῦ
1154 4745 1412 4798 Ἰουδαίων
1455 4747 1633 4812 ἔθνους
1679 4750 1808 4819 ἐδήλ‹

1975 4748 2164 4804 Iudaici
2199 4753 2375 4820 populi
2405 4760 2457 4806 et
2487 4753 2815 4806 vocationem
2855 4754 3092 4822 gentium
3127 4755 3489 4823 signiﬁcabat,

295 4839 399 4892 καὶ
449 4837 644 4905 κλῆσιν
679 4834 867 4886 ἐθνῶν·
905 4831 1052 4899 ἔλεγε
1082 4832 1125 4883 δ’
1153 4831 1243 4885 οὖν
1276 4836 1583 4906 ἀρχόμενος,
1621 4838 1674 4890 ’0
1700 4840 1803 4891 Θεὸ

1983 4843 2045 4894 Iis
2074 4842 2249 4895 verbis
2288 4857 2446 4895 orsus
2475 4860 2486 4894 :
2524 4841 2678 4904 Deus,
2721 4843 2954 4908 repuliin
2995 4860 3086 4897 nos
3111 4855 3159 4896 et
3191 4843 3492 4897 destruxisti

293 4929 534 4986 ἀπώσω
573 4924 745 4993 ἡμᾶς,
792 4924 887 4975 καὶ
926 4923 1191 4988 καθεῖλες
1222 4925 1394 4993 ἡμᾶς,
1430 4926 1737 4995 ὡρτίσθης,
1771 4947 1803 4980 κ

1977 4948 2075 4993 tos,
2111 4932 2274 4983 iratus
2314 4947 2387 4990 es,
2423 4940 2474 4983 et
2506 4940 2695 4984 czntcra
2721 4949 2838 5000 qua:
2871 4942 3187 5002 sequuntur.
3227 4933 3337 4987 Sub
3381 4935 3491 4988 lucc

295 5021 374 5074 τὰ
408 5017 624 5077 τούτοις
648 5015 789 5084 ἑξῆς.
822 5009 957 5064 Εἶτα
999 5011 1216 5080 προῖὼν,
1263 5016 1458 5083 ἐπῆγε·
1489 5017 1661 5069 Μωὰϐ
1687 5017 1809 5070 λέϐι

1977 5035 2136 5075 Iutcm
2174 5039 2187 5075 :
2224 5020 2378 5073 Moab
2416 5021 2547 5073 lebes
2578 5023 2682 5088 spei
2709 5039 2848 5075 metu.
2886 5024 2954 5076 1η
2988 5023 3277 5077 Idumwam
3318 5036 3491 5078 exten-

297 5110 422 5176 τ-ῆς
461 5106 708 5170 ἐλπίδος
733 5121 872 5172 μου.
910 5102 1031 5154 Ἐπὶ
1064 5101 1176 5168 τὴν
1215 5103 1534 5173 Ἰδουμαίαν
1555 5107 1766 5160 ἐκτενῶ
1798 5127 1811 5160 1

1977 5111 2080 5161 iam
2123 5111 2517 5162 ealceamentum
2553 5125 2752 5171 meum;
2789 5111 2914 5162 mihi
2939 5111 3184 5180 allopltyli
3221 5114 3377 5164 amici
3407 5114 3491 5181 fa-

299 5195 593 5265 ὑπόδημά
611 5212 750 5264 μου,
772 5191 899 5259 ἐμοὶ
926 5191 1256 5256 ἀλλόφυλοι
1284 5193 1599 5261 ἐφιλίασαν
1616 5213 1630 5226 ο
1657 5196 1709 5264 ἢ,
1734 5200 1813 5252 ὑπ

1978 5194 2031 5245 rti
2052 5202 2200 5255 sunt,
2230 5193 2358 5251 sive,
2393 5191 2585 5244 subditi
2606 5202 2744 5247 sunt.
2779 5192 3034 5246 Similiter
3061 5210 3248 5258 LXVIII,
3282 5194 3386 5246 Pro
3426 5195 3492 5248 iis

302 5291 600 5358 τάγησαν.
622 5283 892 5342 Ὡσαύτως
925 5281 1015 5331 καὶ
1045 5280 1072 5330 ὁ
1099 5279 1200 5350 ξη’,
1218 5283 1392 5351 ’Υπὲρ
1417 5284 1528 5336 τῶν
1541 5286 1816 5348 ἁλλοιωθτ

1977 5285 2046 5351 tui
2077 5281 2526 5336 commutabunlur
2560 5284 2866 5350 inscriptus,
2917 5285 3188 5337 cruciatus
3238 5282 3491 5337 Servato-

306 5378 584 5448 σομένων
612 5367 1100 5438 ἐπιγεγραμμένος,
1121 5367 1187 5420 τά
1220 5372 1363 5442 πάθη
1390 5373 1480 5424 τοῦ
1504 5376 1745 5446 Σωτῆρος
1773 5395 1820 5430 κε

1972 5375 2039 5428 ris
2089 5384 2141 5427 et
2199 5371 2405 5426 lsraelis
2449 5370 2800 5438 abjectionem
2851 5373 3092 5426 declarat
3143 5373 3225 5427 bis
3271 5374 3486 5429 verbis.

302 5467 400 5538 τὴν
435 5465 529 5519 τοῦ
569 5458 788 5530 Ἰσραὴλ
818 5455 1077 5524 ἀποὸολὴν
1112 5459 1406 5530 παρίστησι
1444 5461 1640 5529 λέγων’
1684 5467 1816 5518 Γεντ

1976 5462 2087 5517 Fiat
2115 5480 2289 5516 mensa
2316 5478 2489 5514 eorum
2524 5479 2697 5516 corant
2727 5464 2852 5532 ipsis
2887 5466 2937 5518 in
2970 5465 3230 5534 laqueum,
3261 5475 3308 5518 et
3341 5467 3392 5518 in
3423 5481 3490 5518 re-

298 5559 456 5625 θήτω
488 5556 526 5620 ἡ
558 5542 814 5617 τράπεζα
837 5543 1028 5593 αὐτῶν
1049 5545 1307 5600 ἐνώπιον
1329 5550 1521 5603 αὐτῶν
1543 5555 1627 5617 εἰς
1653 5556 1812 5622 παγίέ

1978 5555 2287 5608 fributionem
2325 5561 2372 5603 et
2400 5551 2450 5602 in
2494 5554 2821 5606 scandalum.
2863 5555 3212 5608 Obscureutur
3236 5557 3372 5607 oculi
3407 5571 3492 5607 eo-

293 5650 392 5704 καὶ
432 5648 520 5708 εὶς
561 5629 969 5691 ἀνταπόδοσιν
998 5632 1085 5681 καὶ
1129 5637 1220 5698 εἰς
1264 5639 1625 5694 σκάνδαλον.
1679 5647 1807 5694 Exn:

1975 5661 2075 5697 rum
2118 5661 2177 5695 ne
2217 5643 2439 5703 videant,
2477 5653 2525 5694 et
2572 5645 2783 5696 dorsum
2815 5661 2991 5697 eorum
3030 5661 3225 5711 semper
3263 5647 3489 5697 iucunuc.

289 5735 621 5802 σθήτωστιν
675 5722 730 5774 cl
771 5717 1049 5781 ὀφθαλμοὶ
1097 5723 1305 5778 αὐτῶν
1344 5727 1443 5780 τοῦ
1470 5727 1553 5796 μὴ
1593 5729 1800 5791 βλέπει

1963 5733 2183 5802 E/funde
2205 5746 2350 5797 super
2378 5747 2459 5784 eos
2492 5733 2622 5787 iram
2659 5745 2820 5799 tuam,
2855 5745 2903 5789 et
2935 5737 3080 5803 furor
3104 5738 3194 5790 inc
3225 5746 3324 5787 tuw
3353 5748 3463 5786 cont
