3834 6384
271 381 402 450 919

1436 397 1928 455 COMMENTARIA
1965 397 2029 452 ΙΝ
2067 394 2398 452 PSALMOS.

3394 409 3495 464 950

285 501 576 570 σώματος
622 505 734 560 τοῦ
781 511 1040 565 θανάτου
1077 513 1315 575 τούτου;
1361 513 1598 565 Τοιοῦτοι
1639 511 1695 563 δὲ
1741 506 1864 580 ἧσαι

1978 513 2070 563 tuo
2110 510 2328 578 gemitus
2369 504 2788 570 compeditorum.
2821 509 3046 574 Quinam
3083 528 3244 581 porro
3270 515 3376 568 sint
3404 521 3493 585 qui

295 592 400 646 καὶ
435 590 484 644 οἱ
508 590 603 643 τοῦ
638 594 777 648 Θεοῦ
806 601 1094 669 προφῆται,
1127 601 1215 651 καὶ
1243 601 1437 662 πάντες
1464 601 1512 652 oi
1547 600 1618 668 μὴ
1648 598 1874 666 καθηδυ-

1977 600 2044 651 ad
2079 599 2191 651 hinc
2224 595 2452 651 dicenda
2490 594 2712 650 instituti
2747 607 2872 651 sunt
2904 599 3004 653 sub
3057 601 3168 654 [nec
3215 604 3383 671 aperit
3413 605 3495 660 bis

296 680 608 745 παθοῦντες
643 685 701 735 ὲν
733 688 846 748 τοῖς
885 689 1083 740 ἑαυτῶν
1115 687 1320 758 σώμασι
1343 728 1358 750 ,
1403 689 1533 758 μηδὲ
1569 691 1742 758 τρυφῇ
1783 690 1864 740 καὶ

1977 687 2194 740 verbis:
2231 682 2568 736 Patrocinare
2594 684 2720 751 ﬁliis
2753 686 3057 739 occisorum.
3087 688 3193 743 Nos
3225 691 3490 759 siquidem

288 772 471 844 ἡδονῇ
507 773 884 842 σχολάζοντεςο
938 777 1231 848 τοῦμπαλιν
1276 779 1332 831 δὲ
1371 779 1642 840 πιέζοντες
1669 777 1869 830 ἑαυτῶν

284 865 399 934 τὴν
437 863 589 934 ζωὴν
619 866 854 929 ἀσιτίαις
892 869 983 920 καὶ
1025 869 1200 930 πόνοις
1227 871 1318 920 καὶ
1346 872 1461 931 ταῖς
1491 869 1672 930 ἄλλαις
1696 869 1866 935 ἀσκη-

285 957 487 1016 τικαίς
517 956 932 1018 κακοπαθείαις*
963 959 1010 1009 οἳ
1041 958 1131 1010 καὶ
1161 959 1255 1027 οὐχ
1288 959 1426 1028 ὑπὲρ
1458 958 1657 1010 ἑαυτῶν
1688 959 1862 1026 μόνον,

1973 789 2078 826 non
2109 774 2251 842 digni
2283 773 2447 826 babiti
2471 788 2656 826 sumus
2682 774 2774 841 qui
2797 773 2861 826 ad
2890 784 3110 828 mortem
3135 792 3303 845 usque
3322 790 3496 833 certa-

1971 878 2172 924 remus,
2215 876 2278 914 ac
2322 875 2418 930 pro
2467 859 2574 914 Deo
2617 862 2930 929 sanguinem
2967 861 3348 931 fundercmus;
3401 867 3492 920 sed

1971 952 2094 1021 quia
2125 951 2217 1005 ﬁlii
2243 966 2428 1006 sumus
2452 966 2634 1005 eorum
2658 953 2749 1020 qui
2781 952 2891 1005 haec
2924 961 3048 1006 sunt
3088 956 3362 1021 perpessi?
3383 957 3491 1009 vir.-

282 1043 437 1096 ἀλλά
485 1045 584 1096 καὶ
630 1045 768 1114 ὑπὲρ
809 1045 902 1097 τοῦ
945 1047 1137 1108 παντὸς
1159 1047 1284 1099 λαοῦ
1325 1049 1387 1099 ὲκ
1429 1046 1618 1116 βάθους
1649 1046 1864 1116 καρδίας

1972 1049 2083 1094 tute
2109 1048 2319 1109 patrum
2347 1048 2652 1094 nostrorum
2675 1041 2871 1104 ornati,
2903 1056 3182 1109 precamur
3201 1051 3260 1095 ut
3285 1043 3493 1098 illorum

284 1131 440 1200 πρὸς
472 1131 569 1184 τὸν
595 1131 724 1183 Θεὸν
749 1131 976 1185 ἔστενον.
1009 1133 1098 1184 Διὸ
1117 1132 1383 1184 λέλεκται·
1421 1133 1743 1184 Είσελθέτω
1769 1130 1864 1181 ἐν·

1969 1131 2138 1197 gratia
2155 1129 2580 1184 misericordiam
2600 1144 3014 1198 consequamur.
3040 1129 3216 1196 Quare
3235 1131 3490 1188 dicimus:

279 1220 494 1274 ώπιόν
532 1238 652 1274 σου
688 1225 720 1274 ό
748 1222 1072 1290 στεναγμὸς
1107 1221 1222 1274 τῶν
1253 1221 1681 1290 πεπεδημένων.
1716 1219 1864 1281 Τίνες

1975 1216 2316 1270 Patrocinare
2345 1217 2471 1284 ﬁliis
2492 1217 2796 1269 occisorum.

278 1313 349 1363 δέ
382 1315 500 1364 είσι
532 1314 584 1364 οἱ
614 1312 782 1364 ταῦτα
822 1313 1183 1382 διδασκόμενοι
1225 1314 1418 1381 λέγειν,
1468 1313 1589 1382 ἑξῆς
1617 1311 1899 1382 παρίστησι
1961 1309 2211 1376 φάσκωνο
2254 1309 2629 1374 Περιποίησαι
2661 1308 2802 1373 τοὺς
2846 1309 3009 1373 υἱοὺς
3036 1308 3151 1361 τῶν
3181 1312 3496 1363 τεθανατω-

272 1400 522 1470 μένων.
569 1403 759 1472 Ἡμεῖς
791 1401 884 1472 μὲν
932 1403 1036 1472 γὰρ
1095 1403 1154 1453 οὐ
1211 1402 1583 1472 κατηξιώμεθα
1619 1402 1772 1471 μέχρι
1835 1399 2057 1452 Θανάτου
2089 1397 2470 1463 ἀγωνίσασθαι,
2507 1397 2624 1449 οὐδὲ
2665 1398 2800 1466 ὑπὲρ
2843 1397 2973 1449 Θεοῦ
3011 1398 3332 1452 κενῶσαιτά
3369 1401 3496 1453 ἑαυ⁶

279 1494 403 1547 τῶν
433 1496 651 1565 αἵματα
672 1514 684 1526 ’
715 1496 825 1548 ἀλλ’
856 1495 1032 1564 ἐπειδὴ
1060 1496 1162 1548 τῶν
1182 1495 1348 1547 ταῦτα
1376 1496 1708 1548 πεπονθότων
1735 1493 1897 1562 ἐσμὲν
1933 1493 2055 1553 υἱοὶ,
2087 1489 2460 1558 σεμνυνόμενοι
2503 1489 2592 1540 ἐπὶ
2624 1492 2688 1558 τῇ
2733 1488 2838 1540 τῶν
2880 1489 3124 1542 πατὲοων
3177 1490 3359 1560 ἀρετῇ,
3385 1490 3496 1544 δεό-

282 1586 442 1655 μεθα
474 1586 546 1637 δι’
585 1585 820 1648 ἐκείνους
870 1584 1164 1653 ἐλεηθῆναι.
1213 1582 1301 1635 Διό
1333 1601 1507 1653 φαμεν
1528 1603 1540 1614 ·
1573 1583 1947 1650 Περιποίησαι
1975 1577 2112 1642 τοὺς
2131 1577 2299 1641 υἱοὺς
2329 1577 2444 1628 τῶν
2469 1576 2962 1643 τεθανατωμένων.

357 1675 621 1739 Ἀπόδος
634 1676 753 1740 τοῖς
767 1675 1022 1742 γείτοσιν
1033 1677 1197 1744 ἡμῶν
1209 1676 1650 1729 ἑπταπλασίονα
1664 1677 1711 1725 εἰ
1717 1693 1748 1737 ς
1761 1671 1864 1724 τὸν

2037 1667 2198 1720 Vens.
2245 1666 2424 1718 12-14.
2467 1665 2635 1719 Redde
2669 1667 2843 1718 vicinis
2881 1666 3070 1718 nostris
3111 1669 3397 1734 septuplum
3439 1671 3496 1722 in

281 1767 545 1819 κόλπον
561 1765 776 1825 αὐτῶν,
790 1764 893 1817 τὸν
904 1766 1234 1834 ὀνειδισμὸν
1245 1766 1455 1827 αὐτῶν,
1475 1765 1544 1817 ὃν
1556 1762 1864 1816 ὠνείδισάν

1968 1758 2084 1811 sinu
2111 1773 2308 1818 eorum,
2334 1757 2700 1822 improperium
2739 1756 2986 1822 ipsorum,
3010 1756 3144 1824 quod
3167 1758 3498 1824 exprobrave-

280 1875 388 1922 σε,
425 1861 634 1927 Κύριε.
666 1859 851 1927 Ἡμεῖς
877 1859 943 1912 δὲ
969 1863 1115 1925 λαός
1143 1877 1256 1913 σου
1277 1861 1373 1914 καὶ
1403 1861 1659 1926 πρόϐατα
1681 1857 1864 1926 νομῆς

1968 1855 2086 1899 runt
2111 1847 2222 1910 tibi,
2265 1846 2500 1898 Domine.
2538 1844 2650 1898 Nos
2685 1855 2853 1898 autem
2893 1846 3109 1913 populus
3147 1857 3263 1900 tuus
3306 1859 3354 1902 et
3383 1867 3496 1904 oves

281 1963 436 2011 σου,
458 1948 1060 2016 ἀνθομολογησόμεθά
1081 1964 1177 2002 σοι
1202 1951 1286 2012 είς
1306 1949 1408 2001 τὸν
1428 1948 1624 2002 αιῶνα.
1653 1952 1751 2014 Εἰς
1773 1966 1864 2018 γε·

1968 1951 2173 2003 pascuz
2195 1945 2313 1999 tuae,
2339 1935 2694 2003 conﬁtebimur
2719 1935 2810 1987 tibi
2830 1935 2882 1986 in
2909 1937 3175 1989 saeculum.
3194 1936 3259 1992 In
3285 1956 3497 2008 genera-

282 2039 449 2091 νεὰν
485 2037 588 2090 καὶ
623 2038 832 2106 γενεὰν
865 2038 1295 2107 ἐξαγγελοῦμεν
1319 2041 1429 2105 τὴν
1456 2039 1690 2092 αἵνεσίν
1724 2055 1858 2092 σου.

1968 2029 2155 2079 tionem
2173 2036 2221 2080 et
2243 2027 2620 2096 generationem
2649 2026 3073 2079 annuntiabimus
3097 2028 3301 2081 laudem
3330 2041 3493 2085 tuam.

298 2127 497 2195 Ἥμᾶς
517 2125 621 2194 μὲν
664 2124 1026 2194 περιποίησαι,
1052 2126 1098 2176 εί
1131 2127 1220 2177 καὶ
1254 2125 1326 2195 μὴ
1361 2126 1425 2177 δι’
1454 2127 1614 2194 ἡμᾶς,
1637 2126 1767 2178 ἀλλά
1780 2127 1864 2179 διὰ

1968 2115 2127 2170 Nobis
2158 2115 2510 2184 patrocinare,
2543 2115 2645 2169 etsi
2676 2129 2779 2167 non
2817 2117 2987 2168 nostri
3029 2131 3214 2180 causa,
3250 2119 3343 2172 sed
3372 2135 3497 2188 pro-

282 2218 425 2277 τοὺς
461 2214 729 2284 πατέρας.
760 2215 882 2275 Τοῖς
923 2214 977 2266 δὲ
1017 2213 1244 2281 γείτοσιν
1286 2215 1458 2284 ἡμῶν,
1497 2215 1731 2268 τουτέστι
1755 2219 1865 2280 τοῖς

287 2309 316 2357 ἐ
327 2317 582 2356 πανιστα
589 2303 768 2373 μένοις
787 2305 818 2373 ἡ
827 2306 914 2373 μῖν
930 2305 1020 2356 καὶ
1035 2305 1122 2356 τὸν
1137 2305 1252 2356 καθ’
1269 2305 1419 2374 ἡμῶν
1437 2305 1661 2375 πόλεμον
1676 2307 1816 2376 διεγε
1824 2308 1866 2359 ί-

284 2411 516 2465 ρουσιν,
570 2393 765 2455 ἀπόδος
820 2393 884 2445 τὰ
939 2395 1222 2462 ἀμοιϐαῖα,
1271 2395 1704 2460 πολυπλασιάζων
1767 2399 1865 2467 τὴν

280 2484 669 2554 ὀφειλομένην
693 2484 872 2545 αὐτοῖς
919 2484 1057 2552 ὑπὲρ
1105 2477 1178 2537 ὧν
1209 2484 1436 2554 ἔδρασαν
1465 2487 1746 2556 τιμωρίαν,
1789 2489 1864 2559 μὴ

281 2579 410 2638 τοῖς
445 2574 576 2626 καθ’
607 2574 762 2643 ἡμῶν
789 2574 1142 2644 ἀρκεσθέντες
1170 2579 1372 2638 κακοῖς,
1407 2576 1516 2628 ἀλλ’
1546 2578 1644 2647 ἤδη
1682 2579 1774 2630 καὶ
1806 2579 1864 2630 σὲ

281 2665 389 2717 τὸν
421 2664 524 2715 ἐπὶ
555 2663 772 2715 πάντων
795 2662 992 2732 Κύριον
1021 2663 1350 2733 βλασφήμοις
1381 2667 1474 2717 καὶ
1505 2667 1865 2731 ὀνειδιστικοῖς

284 2754 728 2826 περιϐάλλοντες
759 2753 953 2820 λόγοις.
991 2753 1126 2806 Ἀλλ’
1155 2755 1375 2817 ἐκείνοις
1396 2755 1513 2824 μὲν,
1543 2759 1722 2827 φησὶν,
1743 2759 1865 2810 ἀπό-

281 2847 383 2908 δος
429 2845 537 2914 τὴν
570 2843 724 2908 ἀξίαν
766 2843 1028 2913 τιμωρίαν
1057 2841 1188 2912 πρὸς
1215 2843 1472 2910 ὠφελείας
1511 2845 1684 2897 αὐτῶν
1711 2863 1866 2915 γενη-

285 2934 570 3004 σομένην,
589 2932 1054 3002 ἐπιστρεφομένων
1077 2932 1168 2984 καὶ
1203 2932 1667 3002 σωφρονιζομένων
1689 2935 1753 2987 δι’
1778 2937 1866 2987 αὺο

282 3024 418 3092 τῆς·
455 3023 610 3090 ἡμᾶς
633 3021 687 3072 δὲ
720 3020 876 3082 σῶζε,
911 3022 1033 3081 τοὺς
1061 3022 1207 3082 υἱοὺς
1243 3021 1349 3072 τῶν
1375 3023 1821 3092 τεθανατωμένων
1844 3041 1858 3055 ο

282 3114 362 3177 οἳ,
420 3113 477 3163 εί
523 3109 618 3162 καὶ
660 3110 733 3179 μὴ
775 3111 883 3169 τοῖς
927 3109 1156 3179 πατράσι
1188 3111 1480 3180 γεγόναμεν
1520 3113 1710 3180 ὅμοιοι,
1749 3113 1858 3164 ἀλλ’

281 3205 454 3273 ὅμως
489 3217 586 3252 σου
635 3199 966 3268 τυγχάνομεν
996 3199 1119 3262 λαὸς
1151 3201 1242 3252 καὶ
1279 3200 1377 3269 τῆς
1414 3201 1510 3270 σῆς
1536 3201 1703 3271 νομῆς
1734 3203 1861 3272 πρό-

283 3291 478 3342 ϐαταο
528 3286 610 3338 διὸ
652 3286 1242 3354 ἀνθομολογησόμεθά
1277 3302 1372 3340 σοι
1407 3291 1492 3352 εὶς
1522 3288 1623 3339 τὸν
1653 3287 1858 3351 αἰῶνα,

283 3375 759 3449 εὐχαριστοῦντες
775 3376 966 3445 δηλαδὴ
988 3376 1218 3438 καὶτοὺς
1240 3377 1536 3447 πρέποντας
1561 3376 1755 3445 ὕμνους
1769 3377 1861 3428 καὶ

282 3465 617 3534 δοξολογίας
635 3466 774 3535 ὑπὲρ
789 3459 861 3516 ὧν
879 3461 934 3516 εὖ
960 3464 1294 3533 πεπόνθαμεν
1313 3465 1391 3516 σοὶ
1411 3464 1485 3533 νεῖ)
1501 3465 1708 3517 πάντων
1728 3467 1859 3532 ἀγα-

285 3561 408 3613 θῶν
450 3557 643 3626 δοτῆρι
681 3554 798 3624 Θεῷ
819 3554 1239 3622 ἀναπέμποντες.
1271 3555 1492 3623 Ἐφεξῆς
1522 3571 1578 3605 τε
1598 3556 1741 3607 κατὰ
1769 3573 1860 3624 γε-

285 3651 452 3705 νεὰν
487 3647 589 3698 καὶ
628 3645 837 3714 γενεὰν
867 3645 1298 3712 ἐξαγγελοῦμεν
1340 3645 1452 3709 τὴν
1486 3645 1716 3698 ατνεσίν
1747 3661 1860 3698 σου

288 3737 498 3793 παισὶν
519 3734 810 3804 ἡμετέροις
825 3734 914 3785 καὶ
935 3732 1132 3784 παίδων
1150 3733 1320 3793 παισὶ,
1337 3732 1592 3801 διαδόχοις
1612 3751 1668 3784 τε
1687 3733 1860 3786 αὐτῶν

285 3831 412 3890 τοῖς
445 3823 594 3894 μετά
631 3822 798 3873 ταῦτα
818 3821 1210 3890 γενησομένοις,
1235 3820 1418 3891 ὥσπερ
1438 3821 1634 3888 ἀγαθὸν
1667 3823 1860 3893 κλῆρον

286 3909 729 3984 παραδώσοντες
759 3907 856 3975 τῆς
890 3907 1141 3970 αἰνέσεως
1178 3908 1245 3960 τὰ
1283 3910 1519 3978 σωτήρια
1551 3910 1854 3978 μαθήματα.

286 4027 408 4078 ΕΙΣ
443 4023 541 4074 ΤΟ
566 4019 802 4076 ΤΕΛΟΣ,
829 4017 1005 4068 ΥΠΕΡ
1030 4017 1160 4069 ΤΩΝ
1183 4019 1857 4086 ΑΛΛΟΙΩΘΗΣΟΜΕΝΩΝ,

760 4086 1153 4138 ΜΑΡΤΥΡιυΝ
1183 4087 1266 4155 Tn
1293 4089 1480 4139 ΑΣΑψ.

1066 4177 1182 4229 08’.

379 4291 445 4344 '0
472 4288 804 4358 ποιμαίνων
836 4288 939 4340 τὸν
977 4287 1228 4354 Ἰσραὴλ,
1263 4291 1538 4358 πρόσχες,
1573 4293 1604 4342 ό
1638 4289 1864 4358 ὁδηγῶν

285 4381 451 4437 ὡσεὶ
485 4379 785 4446 πρόϐατον
809 4376 912 4429 τὸν
951 4376 1175 4446 Ἰωσήφ.
1206 4379 1471 4448 Τέσσαρές
1501 4381 1633 4432 εἰσιν
1663 4381 1708 4432 οξ
1747 4382 1862 4431 ὲπι-

1964 2213 2084 2274 pter
2113 2213 2291 2274 patres
2323 2213 2557 2260 nostros.
2588 2204 2785 2258 V'icinis
2813 2221 2938 2260 vero
2965 2207 3185 2269 nostris,
3222 2207 3273 2260 id
3297 2217 3380 2262 est
3425 2209 3492 2262 iis

1963 2297 2055 2364 qui
2084 2297 2367 2364 insurgunt
2392 2296 2443 2348 in
2474 2311 2594 2357 nos,
2626 2296 2886 2364 nobisque
2916 2295 3108 2350 bellum
3142 2307 3378 2364 movent,
3413 2300 3495 2351 vi-

1964 2401 2054 2440 ces
2092 2386 2376 2446 retribuas,
2410 2385 2769 2454 multiplicans
2821 2386 2949 2439 illud
2977 2387 3272 2442 sceleribus
3310 2404 3494 2442 eorum

1965 2475 2200 2529 debitum
2239 2476 2580 2544 supplicium.
2627 2474 2743 2529 Non
2792 2478 3034 2539 sat,illis
3087 2478 3185 2530 fuit
3231 2481 3368 2532 mala
3411 2482 3494 2532 in-

1966 2564 2166 2620 dixisse
2209 2566 2400 2631 nobis;
2431 2565 2524 2620 sed
2569 2576 2618 2620 te
2657 2581 2872 2635 quoque
2901 2569 3272 2622 universorum
3327 2569 3496 2622 Domi-

1964 2669 2093 2708 num
2125 2655 2450 2724 blasphemis
2494 2663 2546 2708 et
2588 2657 2991 2711 contumeliosis
3019 2657 3179 2712 dictis
3222 2659 3499 2727 impezive-

1965 2756 2110 2799 runt.
2142 2744 2335 2799 Verum
2377 2745 2482 2799 illis
2528 2745 2594 2798 ad
2637 2746 2918 2800 utilitatem
2967 2761 3118 2800 suam
3151 2749 3496 2816 promeritum

1964 2837 2127 2890 redde
2177 2837 2538 2905 supplicium;
2587 2837 2660 2890 ita
2707 2846 2766 2890 ut
2807 2853 2874 2892 eo
2913 2847 3296 2893 convertantur
3335 2851 3387 2893 et
3431 2840 3496 2893 ad

1965 2927 2238 2980 meliorem
2279 2941 2336 2979 se
2373 2926 2576 2992 frugem
2609 2927 2901 2995 recipiant;
2934 2945 3032 2984 nos
3070 2938 3244 2984 autem
3291 2932 3498 2984 occiso-

1963 3031 2078 3068 rum
2119 3017 2276 3080 tllios,
2301 3017 2471 3070 salute
2509 3017 2667 3078 dona,
2707 3017 2823 3085 qui,
2860 3019 3066 3072 etiamsi
3103 3035 3208 3071 non
3255 3019 3498 3088 patribus

1965 3108 2167 3162 similes
2201 3108 2480 3172 fuerimus,
2526 3115 2760 3162 attamen
2791 3111 3020 3178 populus
3061 3116 3185 3164 tuus
3226 3127 3412 3166 sumus
3445 3121 3496 3164 et

1967 3215 2092 3254 oves
2123 3215 2334 3268 pascuae
2367 3207 2502 3264 tuae;
2534 3215 2696 3269 quare
2737 3201 3095 3268 conﬁtebimur
3127 3202 3218 3253 tibi
3252 3202 3303 3252 in
3330 3217 3496 3254 siccu-

1967 3287 2102 3351 lum,
2144 3291 2344 3357 gratias
2400 3291 2604 3343 scilicet
2655 3297 2872 3358 agentes
2908 3290 3222 3359 debitosquc
3274 3291 3499 3360 hymnos

1964 3383 2018 3429 et
2040 3377 2224 3431 laudes
2252 3391 2348 3445 pro
2376 3378 2609 3444 acceptis
2633 3377 2906 3432 beneﬁciis
2937 3379 3033 3431 tibi
3059 3379 3297 3431 omnium
3333 3379 3498 3433 bono-

1966 3481 2082 3518 rum
2113 3467 2353 3535 largitori
2391 3465 2498 3520 Deo
2531 3467 2854 3522 emittentes.
2894 3467 3154 3536 Deinceps
3185 3483 3309 3522 vero
3340 3471 3391 3520 in
3417 3487 3495 3538 ge-

1966 3557 2278 3608 nerationem
2319 3566 2367 3609 et
2405 3558 2782 3625 generationem
2831 3559 3258 3612 annuntiabimus
3292 3560 3496 3614 laudem

1965 3655 2104 3698 tuam
2140 3647 2262 3702 ﬁliis
2288 3649 2511 3710 nostris,
2543 3648 2663 3702 illiis
2689 3648 2917 3702 ﬁliorum
2951 3660 3003 3703 et
3025 3665 3210 3704 eorum
3243 3652 3492 3719 posteris,

1965 3737 2252 3790 salutarem
2306 3737 2478 3792 laudis
2530 3747 2632 3792 tua:
2685 3739 3045 3809 disciplinam,
3095 3755 3193 3795 ceu
3245 3743 3497 3812 optimam

1965 3837 2185 3891 sortem,
2214 3829 2506 3882 tradentes.

1965 4021 2015 4072 ι.
2051 4018 2117 4073 IN
2160 4019 2819 4091 FlNEMLPQOllSHQUl
2860 4022 3494 4091 COMMUTABUNTUR,

2355 4088 2823 4144 TESTIMONIUM
2852 4091 3094 4145 ASAPH.

2616 4179 2846 4232 LXXIX.

2035 4289 2198 4345 Vsus.
2234 4292 2288 4344 2.
2331 4291 2432 4358 Qui
2455 4293 2626 4359 pascis
2668 4291 2857 4354 Israel,
2892 4293 3118 4358 intende,
3159 4297 3246 4364 qui
3289 4295 3497 4350 deducis

1965 4381 2097 4433 velut
2140 4397 2278 4433 ovem
2308 4380 2517 4449 Joseph.
2548 4382 2783 4446 Quatuor
2823 4391 2949 4435 sunt
2979 4383 3246 4454 inscripti,
3279 4385 3383 4441 Pro
3432 4391 3496 4441 iis

290 4467 724 4543 γεγραμμένοι,
763 4467 820 4518 Ὺ
817 4466 926 4534 πὲρ
981 4464 1093 4518 τῶν
1135 4467 1722 4538 ἀλλοιωθησομένων’
1775 4467 1864 4522 δύο

1968 4472 2052 4538 qui
2088 4471 2571 4533 commutabunmr;
2621 4473 2726 4525 duo
2763 4473 2978 4541 quidem
3031 4474 3267 4539 Davidis,
3318 4493 3405 4530 Lux
3447 4487 3499 4530 et

295 4562 408 4630 μὲν
440 4556 542 4610 τοῦ
566 4555 748 4617 Δαυῒδ,
774 4558 802 4609 6
825 4556 898 4608 νθ¹
926 4557 1016 4608 καὶ
1045 4558 1072 4608 6
1097 4557 1194 4626 ξτγ,
1217 4558 1321 4609 τῶν
1358 4559 1412 4610 δὲ
1441 4559 1568 4612 υίῶν
1599 4560 1739 4630 Κορὲ
1767 4556 1863 4624 εἷς,

293 4655 325 4706 ὁ
365 4650 481 4720 μδν,
520 4647 616 4699 καὶ
663 4645 754 4697 τοῦ
799 4646 966 4714 ’Λσάφ
1015 4645 1266 4708 ὡσαύτως
1296 4649 1324 4699 6
1391 4648 1523 4716 μετὰ
1575 4653 1771 4720 χεῖρας.
1808 4651 1867 4705 '0

299 4740 410 4809 μὲν
446 4731 543 4787 οὖν
571 4734 646 4785 νθ¹
687 4733 994 4786 ἀπόπτωσιν
1022 4734 1113 4786 τοῦ
1159 4735 1418 4788 Ἰουδαίων
1460 4737 1638 4802 ἔθνους
1685 4739 1866 4809 ἐδήλου

299 4829 404 4883 καὶ
456 4827 650 4896 κλῆσιν
686 4825 873 4876 ὲθνῶνσ
911 4823 1058 4891 ἔλεγε
1088 4823 1130 4874 δ’
1159 4823 1248 4876 οὗν
1281 4826 1588 4896 ἀρχόμενος,
1627 4827 1680 4880 ’0
1705 4829 1865 4894 Θεὸς,

297 4919 540 4975 ἀπώσω
578 4915 751 4983 ἡμᾶς,
798 4915 893 4966 καὶ
933 4914 1196 4980 καθεῖλες
1227 4916 1399 4984 ἡμᾶς,
1435 4916 1743 4984 ἀιογίσθης,
1776 4919 1869 4970 καὶ

299 5011 378 5063 τὰ
413 5007 630 5067 τούτοις
654 5005 795 5074 ἑξῆς.
830 4999 963 5054 Εἶτα.
1005 5003 1222 5072 προῖὼν,
1269 5006 1464 5073 ἐπῆγε·
1493 5006 1666 5058 Μωὰό
1692 5007 1869 5074 λέϐης

301 5100 426 5166 τῆς
467 5096 714 5160 ἐλπίδος
738 5111 878 5162 μου.
916 5093 1036 5145 Ἐπὶ
1069 5093 1181 5158 τὴν
1220 5094 1539 5162 Ἰδουμαίαν
1561 5097 1772 5149 ἐκτενῶ
1803 5098 1868 5151 τὸ

302 5186 598 5256 ὑπόδημα
614 5203 756 5255 μου,
778 5181 905 5249 ἐμοὶ
932 5181 1261 5247 ἀλλόφυλοι
1290 5183 1605 5250 ἐφιλίασαν
1622 5203 1635 5216 ο
1662 5186 1715 5254 ἦ,
1740 5190 1870 5241 ὑπε-

306 5276 604 5349 admirare.
625 5272 898 5332 Ὡσαύτως
931 5271 1021 5322 καὶ
1051 5271 1079 5320 6
1107 5269 1206 5341 513',
1223 5273 1398 5340 ’Υπὲρ
1423 5273 1534 5326 τῶν
1547 5275 1867 5344 ἀλλοιωοη-

309 5371 587 5441 σομένων
615 5358 1108 5428 ἐπιγεγραμμένος,
1128 5359 1194 5411 τὰ
1227 5362 1369 5431 πάθη
1395 5362 1486 5414 τοῦ
1511 5365 1751 5435 Σωτῆρος
1779 5369 1868 5418 καὶ

303 5460 399 5533 τὴν
434 5457 530 5512 τοῦ
571 5448 794 5521 Ἰσραὴλ
824 5445 1086 5515 ἀποϐολὴν
1122 5450 1412 5520 παρίστησι
1449 5451 1646 5518 λέγων’
1690 5457 1873 5521 Γενη-

295 5553 456 5619 θήτω
488 5548 526 5612 ἡ
558 5533 821 5608 τράπεζα
845 5533 1037 5584 αὐτῶν
1059 5536 1313 5591 ἐνώπιον
1335 5539 1528 5592 αὐτῶν
1549 5543 1633 5605 εἰς
1659 5544 1871 5610 παγίδα

282 5644 390 5698 καὶ
429 5640 519 5700 εις
560 5619 979 5682 ἀνταπόδοσιν
1008 5624 1098 5673 καὶ
1141 5629 1230 5689 εὶς
1272 5628 1631 5682 σκάνδαλον.
1685 5635 1868 5682 Σκοτί-

279 5729 622 5794 σθήτωσαν
677 5713 735 5764 οἱ
776 5709 1063 5773 ὀφθαλμοὶ
1112 5715 1312 5769 αὐτῶν
1350 5717 1449 5770 τοῦ
1476 5715 1559 5785 μὴ
1597 5717 1866 5784 βλέπειν,

1966 4575 2152 4623 vam,
2193 4561 2418 4615 ﬁliorum
2447 4560 2583 4614 Core
2633 4577 2790 4622 unus,
2827 4578 2970 4623 κων.
3009 4564 3206 4634 Asapbi
3245 4567 3368 4619 item
3413 4567 3499 4620 bic

1966 4667 2120 4718 quem
2168 4659 2478 4704 tractamus.
2527 4651 3011 4720 Quinquagesimus
3068 4671 3240 4710 nonus
3292 4657 3497 4723 lapsum

1964 4737 2168 4794 .ludaici
2205 4742 2380 4810 populi
2410 4749 2462 4794 et
2491 4743 2822 4795 vocationem
2861 4743 3098 4811 gentium
3134 4744 3497 4812 significabat,

1967 4831 2050 4884 bis
2079 4832 2254 4884 verbis
2293 4846 2451 4884 orsus
2480 4849 2491 4883 :
2529 4830 2684 4894 Deus,
2727 4833 2961 4898 repulisti
3002 4849 3093 4886 nos
3117 4844 3165 4885 et
3198 4832 3500 4886 destruxisti

1966 4937 2080 4982 nos,
2116 4922 2279 4973 iratus
2319 4937 2392 4979 es,
2427 4929 2479 4972 et
2511 4931 2701 4973 αιτιοι-ο
2727 4938 2844 4990 qme
2878 4931 3194 4993 sequuntur.
3234 4923 3344 4977 Sub
3388 4924 3499 4977 haec

1967 5025 2141 5064 autem
2179 5029 2192 5064 :
2229 5009 2382 5063 Moab
2421 5010 2553 5062 lebes
2584 5013 2688 5078 spei
2715 5028 2854 5065 meat.
2893 5014 2961 5066 In
2995 5013 3284 5066 Idumazam
3326 5025 3499 5067 extenc

1966 5101 2086 5152 dant
2129 5101 2523 5152 calceamentum
2559 5114 2758 5160 meum;
2795 5101 2920 5152 mihi
2946 5100 3191 5168 allopliyli
3229 5103 3384 5153 amici
3415 5103 3500 5170 fa-

1968 5184 2036 5235 cti
2058 5193 2205 5245 sunt,
2235 5183 2363 5239 sive,
2397 5179 2591 5234 subditi
2613 5192 2750 5236 sunt.
2785 5181 3041 5235 Similiter
3068 5199 3257 5247 vam,
3291 5183 3394 5235 Pro
3435 5185 3500 5238 iis

1966 5275 2051 5341 qui
2082 5270 2532 5326 commutabuntur
2566 5273 2874 5339 inscriptus,
2925 5273 3196 5326 cruciatus
3246 5271 3500 5327 Servato-

1968 5365 2045 5417 ris
2095 5374 2146 5416 ct
2203 5359 2409 5414 lsraelis
2453 5359 2807 5425 abjcctioncm
2858 5362 3100 5416 declarat
3152 5362 3234 5416 bis
3280 5363 3496 5418 verbis.

1968 5452 2093 5506 Fiat
2122 5467 2293 5504 mensa
2321 5464 2494 5501 eorum
2530 5466 2704 5503 coram
2735 5452 2860 5519 ipsis
2896 5455 2946 5507 in
2978 5454 3239 5522 laqueum,
3270 5465 3318 5507 et
3351 5456 3402 5506 in
3433 5470 3500 5507 rev

1969 5543 2292 5596 tributionem
2329 5546 2376 5589 et
2404 5538 2453 5588 in
2498 5541 2830 5593 scandalum.
2872 5543 3222 5596 Obscurcntur
3245 5545 3382 5596 oculi
3417 5559 3503 5595 eo-

1970 5649 2081 5684 rum
2123 5648 2182 5682 ne
2222 5629 2442 5690 videant,
2481 5639 2532 5680 et
2581 5631 2793 5682 dorsum
2825 5649 3001 5684 eorum
3040 5649 3235 5698 semper
3273 5635 3502 5685 incussa.

1968 5719 2188 5790 Elfnnde
2209 5731 2354 5782 super
2383 5733 2462 5770 cos
2497 5720 2633 5774 iram
2670 5731 2832 5785 tuam,
2867 5733 2915 5775 et
2947 5724 3090 5789 furor
3115 5725 3205 5777 ira:
3236 5734 3336 5776 tuw
3365 5737 3476 5774 eam
