3834 6382
254 368 352 425 951

252 479 533 550 prehendat
580 496 685 531 eos.
718 474 840 527 Fiat
878 469 1131 523 habitatio
1170 479 1347 519 eorum
1388 460 1612 522 deserta,
1647 463 1695 509 et

255 548 604 629 tabernaculis
645 580 819 621 eorum
856 578 957 615 non
1002 561 1069 613 sit
1098 559 1186 627 qui
1226 554 1495 608 inhabitet.
1529 548 1785 615 Quoniam

250 676 402 732 quem
434 669 489 712 tu
513 655 809 726 percussisti
835 650 1085 719 persecuti
1114 656 1255 709 sunt,
1300 654 1347 698 et
1377 658 1528 711 super
1556 639 1786 692 dolorem

253 730 524 804 uulnerum
574 759 801 797 meorum
840 739 1171 793 addiderunt.
1208 736 1270 790 Hi
1315 735 1529 805 quidem
1572 730 1787 784 Davidis

253 846 401 896 sunt.
433 836 687 889 Filiorum
715 848 843 887 vero
884 831 1022 885 Core
1062 845 1206 891 μιν,
1239 827 1327 881 cui
1358 825 1563 884 titulus,
1593 821 1698 876 Pro
1722 821 1785 873 iis

254 929 343 994 qui
393 925 883 989 commutabuntur,
938 921 1205 975 canticum
1256 932 1356 987 pro
1410 915 1613 969 Dilecto
1656 911 1788 967 emi-

255 1018 346 1079 sit,
398 1015 552 1083 cujus
608 1013 892 1067 adventum
943 1011 1262 1076 vaticinans,
1310 1006 1641 1061 vocationem
1690 1002 1789 1056 Ec-

254 1105 432 1159 clesia:
466 1119 528 1157 ex
563 1104 812 1173 gentibus
855 1100 1078 1165 addidit,
1107 1099 1208 1152 hoc
1228 1112 1345 1152 eam
1370 1093 1527 1148 modo
1556 1090 1792 1147 subindt-

254 1209 386 1249 cans
415 1214 427 1247 :
452 1194 612 1256 Audi,
655 1194 792 1261 ﬁlia,
826 1200 873 1245 et
906 1190 1037 1253 vide,
1084 1200 1132 1244 et
1167 1188 1363 1243 inclina
1415 1201 1593 1239 aurem
1624 1193 1785 1243 tuam,

251 1293 301 1337 et
330 1283 626 1338 obliviscere
643 1284 888 1352 populum
921 1292 1061 1334 tuum
1086 1289 1134 1334 et
1165 1278 1375 1332 domum
1396 1277 1559 1347 patris
1590 1275 1682 1328 tui.
1722 1272 1788 1325 Et

252 1377 574 1445 concupiscet
605 1390 695 1431 rex
722 1374 954 1427 decorem
981 1382 1145 1435 tuum,
1167 1371 1410 1439 quoniam
1444 1371 1551 1436 ipse
1577 1376 1652 1420 est
1680 1365 1790 1417 Do-

251 1470 423 1524 minus
452 1477 591 1530 tuus,
621 1474 669 1518 et
706 1462 1152 1524 adorobunteum,
1182 1461 1295 1525 filia
1332 1459 1455 1526 Tyri
1482 1458 1534 1509 in
1564 1455 1790 1508 muneri-

252 1562 367 1616 bus.
396 1559 594 1614 Eodem
626 1557 804 1625 itaque
842 1554 999 1608 modo
1031 1552 1117 1605 hic
1154 1566 1314 1620 quem
1339 1557 1655 1610 tractamus,
1683 1546 1788 1599 Pro

250 1653 318 1706 iis
352 1651 441 1720 qui
476 1645 929 1703 commutabuntur
974 1641 1287 1710 inscriptus,
1325 1653 1389 1692 ac
1418 1639 1471 1691 in
1510 1636 1667 1689 ﬁnem
1706 1651 1790 1690 re-

251 1745 489 1801 mittens,
526 1737 726 1793 Christi
756 1737 1064 1796 adventum,
1088 1732 1304 1786 'Judaici
1350 1730 1532 1799 populi
1563 1728 1785 1796 captivi-

252 1838 416 1885 tatem
453 1837 507 1882 et
540 1826 1029 1892 Hierosolymorum
1071 1820 1377 1875 incendium
1400 1817 1541 1887 quod
1562 1832 1589 1869 a
1623 1817 1785 1885 Baby-

253 1919 416 1975 loniis
444 1919 642 1972 factum
675 1924 758 1970 est
801 1913 1143 1983 praenuntiat.
1176 1909 1357 1963 Primo
1383 1907 1598 1977 quidem
1644 1905 1790 1958 ordi-

253 2017 343 2069 tur
371 2009 438 2062 ab
462 2008 611 2062 exitu
642 2005 949 2059 Judazorum
987 2019 1055 2057 ex
1090 2001 1339 2070 Egypto,
1378 2010 1430 2053 et
1464 1996 1790 2051 habitatione

250 2114 437 2157 eorum
483 2099 538 2152 in
591 2098 869 2152 Palaestina
917 2114 930 2149 :
974 2093 1168 2148 deinde
1220 2091 1401 2158 adjicit
1457 2088 1789 2142 obsidionem

252 2196 374 2259 post
430 2188 544 2243 haec
596 2188 664 2241 ab
710 2184 945 2255 Assyriis
991 2191 1044 2237 et
1090 2180 1397 2250 Babyloniis
1446 2177 1639 2230 factam
1678 2175 1790 2228 :ad

251 2280 368 2334 haec
426 2286 604 2332 autem
661 2273 1106 2345 supplicationem
1157 2269 1384 2324 elIundit
1436 2283 1533 2337 pro
1591 2265 1790 2321 Christi

251 2370 484 2425 adventu
536 2385 553 2422 :
603 2382 722 2437 quas
778 2363 1083 2433 singulatim
1146 2360 1202 2415 in
1266 2358 1429 2428 hujus
1501 2356 1791 2426 prophetiae

250 2458 696 2528 interpretatione
750 2453 1182 2523 explicabuntur.
1235 2449 1393 2502 Initio
1441 2456 1616 2501 autem
1669 2461 1789 2499 eum

252 2549 346 2616 qui
389 2547 558 2615 pascit
600 2544 759 2599 Israel
804 2542 1043 2611 psalmus
1086 2543 1272 2593 evocat
1302 2556 1315 2591 :
1340 2536 1429 2590 hic
1474 2549 1633 2605 porro
1676 2540 1791 2587 erat

252 2637 351 2693 Dei
387 2635 643 2697 Verbum,
694 2633 773 2687 uti
810 2633 1121 2700 plerumque
1167 2625 1650 2697 comprobavimus,
1701 2622 1793 2675 de-

252 2727 525 2781 clarantcs
576 2736 683 2776 non
732 2721 895 2774 Deum
946 2719 1036 2787 qui
1090 2732 1252 2786 super
1296 2714 1476 2768 omnia
1521 2720 1641 2773 est,
1690 2711 1792 2765 sub

254 2813 490 2868 hominis
549 2813 713 2882 ﬁgura
770 2811 945 2863 visum
1001 2806 1307 2860 Abrahamo
1363 2803 1566 2868 fuisse;
1620 2816 1792 2870 neque

254 2903 425 2973 Moysi
467 2901 686 2955 oracula
724 2899 946 2962 fudisse,
983 2912 1083 2951 nec
1132 2897 1185 2950 in
1217 2895 1424 2949 deserto
1454 2893 1792 2962 praecessisse

254 2993 545 3063 populum;
572 2991 663 3045 sed
697 2990 841 3042 hunc
873 3003 981 3042 non
1008 2987 1169 3039 alium
1193 3001 1332 3048 esse,
1355 2998 1514 3053 quam
1544 2998 1665 3036 eum
1698 2983 1790 3051 qui

914 356 1177 413 EUSEBII
1225 342 1700 406 CASSARIENSIS
1736 337 1884 398 OPP.
1930 334 2105 389 PARS
2140 333 2228 388 ιιι.
2267 364 2336 374 -—
2371 322 2796 384 EXEGETICA.

1726 453 1781 505 in
1807 453 1855 510 Α
1880 448 1976 503 καὶ
2028 446 2133 501 τὸν
2192 446 2383 499 νῶτον
2432 440 2622 495 αὐτὸν
2690 426 3086 490 διαπαντὸς
3170 426 3661 495 σ’ύγκαμψον.

3560 314 3666 369 952

1889 540 2133 606 Ἔκχεον
2157 538 2247 591 ἐπ’
2273 535 2487 600 αὐτοὺς
2534 532 2655 598 τὴν
2693 524 2911 596 ὀργήν
2948 534 3105 573 σου
3114 554 3133 577 ν
3184 517 3357 568 καὶ
3392 522 3431 571 δ
3468 520 3665 587 θυμὸς

1884 630 1992 697 τῆς
2032 627 2211 698 ὀργῆς
2252 641 2366 679 σου
2410 620 2743 678 καταλάϐοι
2798 610 3104 673 αὐτούς.
3164 606 3589 676 Γενηθήτω
3622 614 3662 681 ἢ

1884 719 2135 783 ἔπαυλις
2160 714 2356 769 αὐτῶν
2382 709 2777 781 ἡρημωμένη,
2830 703 2947 757 καὶ
2995 700 3088 752 ἐν
3152 698 3359 762 τοῖς
3398 702 3683 767 σκηνάμῖ

1879 821 2066 876 μασιν
2088 803 2283 858 αὐτῶν
2299 801 2383 871 μὴ
2404 803 2559 855 ἔστω
2595 802 2629 852 ό
2653 791 2986 850 κατοικῶν
3012 807 3030 822 ο
3059 786 3191 839 ὅτι
3256 786 3359 838 ὃν
3386 789 3484 840 σὺ
3511 790 3663 843 ἐπά-

1885 895 2067 961 ταξας
2095 892 2477 956 κατεδίωξαν,
2512 889 2612 942 καὶ
2655 886 2762 939 ἐπὶ
2811 883 2891 937 τὸ
2941 879 3200 948 ἄλγος
3276 876 3424 929 τῶν
3471 897 3663 945 τραυ-

1880 985 2081 1055 μάτων
2131 1002 2249 1053 μου
2297 980 2706 1050 προσέθηκαν.
2767 967 2947 1027 Οὗτοι
3014 967 3152 1038 μὲν
3260 962 3381 1018 οὖν
3450 970 3509 1021 οἱ
3566 971 3660 1023 τοῦ

1885 1076 2060 1131 Δαυῖδ.
2080 1074 2196 1127 Τῶν
2224 1073 2279 1125 δὲ
2310 1071 2439 1124 υἱῶν
2456 1070 2603 1140 Κορὲ
2629 1069 2658 1119 6
2683 1066 2794 1137 μδ’,
2814 1060 3025 1128 ’Υπὲρ
3062 1055 3263 1110 τῶν
3291 1057 3669 1130 ἀλλοιωθη-

1886 1163 2153 1233 σομένων
2179 1162 2274 1232 τὴν
2304 1158 2615 1229 ἐπιγραφὴν
2650 1156 2823 1224 ἔχων,
2859 1150 3027 1221 ᾠδὴν
3079 1143 3485 1216 ἀνέπεμπε
3516 1150 3665 1223 ὑπὲρ

1884 1254 1977 1307 τοῦ
2015 1251 2340 1321 Ἀγαπητοῦ,
2368 1245 2427 1303 οὗ
2467 1250 2566 1319 τὴν
2610 1241 2939 1313 παρουσίαν
2983 1234 3372 1299 Θεσπίσας
3425 1238 3673 1293 ἐπισυν,

1886 1346 2022 1415 ἧπτε
2068 1343 2163 1413 τὴν
2205 1342 2393 1409 κλῆσιν
2441 1339 2542 1407 τῆς
2592 1335 2653 1399 ἐξ
2698 1331 2883 1385 ἐθνῶν
2935 1326 3208 1394 Ἐκκλη
3228 1326 3404 1389 σίας
3462 1328 3671 1386 τοῦτον

1888 1434 2246 1504 αἰνιττόμενος
2294 1431 2385 1483 τὸν
2435 1430 2675 1499 τρόπον·
2710 1426 3079 1483 Ἄκουσον,
3149 1417 3531 1487 θύγατερ,
3570 1424 3673 1478 καὶ

1886 1525 2094 1579 κλῖνον
2135 1522 2199 1576 τὸ
2241 1517 2349 1587 οὖς
2384 1535 2523 1582 σου,
2568 1516 2672 1570 καὶ
2707 1512 3042 1567 ἐπιλάθου
3092 1506 3270 1561 τοῦ
3317 1511 3511 1564 λαοῦ
3549 1529 3674 1570 σου

1888 1614 2110 1669 καὶτοῦ
2133 1614 2299 1666 οἴκου
2326 1610 2434 1664 τοῦ
2462 1608 2695 1675 πατρός
2724 1620 2879 1658 σου.
2930 1602 3069 1656 Καὶ
3136 1600 3615 1670 ἐπιθυμήσει
3644 1611 3677 1662 ό

1883 1704 2176 1770 βασιλεὺς
2214 1701 2318 1755 τοῦ
2358 1699 2633 1762 κάλλους
2671 1709 2822 1759 σου,
2865 1693 2971 1745 ὅτι
3011 1690 3223 1743 αὑτό
3232 1708 3289 1754 ς
3330 1690 3499 1746 ἐστι
3555 1698 3675 1748 Κύ-

1880 1796 2009 1865 ριός
2054 1809 2189 1855 σου,
2230 1791 2326 1844 καὶ
2372 1784 2959 1857 προσκυνήσουσιν
3021 1779 3309 1844 αὐτῷ,
3370 1784 3678 1856 θυγάτηρ

1892 1887 2074 1952 Τύρου
2106 1884 2173 1936 ἐν
2203 1881 2427 1948 δώροις.
2462 1877 2623 1932 Κατὰ
2670 1877 2769 1929 τὸν
2820 1873 3015 1926 αὐτὸν
3064 1867 3197 1924 οὖν
3267 1873 3527 1943 τρόπον
3578 1881 3679 1931 καὶ

1886 1979 1914 2029 6
1944 1975 2076 2045 μετὰ
2101 1970 2478 2044 χεῖρας”Υπὲρ
2519 1969 2641 2022 τῶν
2661 1964 3406 2033 άλλοιωθησομένων
3465 1970 3678 2039 ἐπιγε-

1886 2065 2217 2136 γραμμένος,
2268 2063 2362 2115 καὶ
2405 2064 2486 2124 εἰς
2537 2060 2601 2114 τὸ
2640 2059 2805 2121 τέλος
2853 2056 3348 2126 ἀναπέμπων,
3401 2060 3678 2129 Χριστος,

1887 2154 2200 2225 παρουσίαν,
2232 2152 2323 2205 τοῦ
2350 2168 2410 2204 τε
2452 2148 2726 2203 Ἰουδαίων
2751 2148 2965 2210 ἔθνους
3018 2148 3155 2215 τὴν
3200 2148 3678 2217 αἰχμαλωσίαν

1887 2247 1978 2299 καὶ
2007 2246 2095 2297 τὸν
2123 2243 2443 2315 ἐμπρησμὸν
2469 2242 2569 2311 τῆς
2608 2239 3006 2311 Ἰερουσαλὴμ
3040 2238 3117 2291 ὃν
3158 2237 3525 2295 πέπονθεν
3565 2245 3681 2299 ὑπὸ

1887 2334 2233 2388 Βαϐυλωνίων
2275 2334 2674 2403 προαναφωνεῖ.
2732 2329 2995 2400 Πρῶτον
3038 2331 3171 2398 μὲν
3236 2325 3368 2383 οὖν
3435 2332 3678 2408 διεξέρ-

1887 2445 2038 2497 χεται
2083 2427 2180 2497 τὴν
2232 2427 2325 2478 ἀπ’
2367 2422 2647 2492 Αἰγύπτου
2694 2420 2813 2473 τῶν
2860 2420 3213 2473 Ἰουδαίων
3272 2419 3537 2489 ἔξοδον,
3576 2428 3679 2479 καὶ

1887 2518 1983 2589 τὴν
2014 2516 2323 2586 κατοίκησιν
2350 2512 2531 2567 αὐτῶν
2560 2512 2658 2581 τὴν
2684 2510 2786 2563 ἐπὶ
2838 2510 2957 2579 τῆς
2993 2510 3135 2562 τῶν
3176 2510 3676 2578 ,Παλαιστίνων

1888 2612 2021 2681 γῆς’
2062 2608 2250 2661 ἔπειτα
2297 2606 2560 2659 συνάπτει
2592 2605 2692 2672 τὴν
2733 2601 2889 2673 μετὰ
2940 2602 3169 2654 ταῦτα
3229 2603 3676 2663 εἰσελθοῦσα-ν

1889 2701 2066 2761 αὐτοῖς
2086 2697 2396 2763 πολιορκίαν
2413 2694 2520 2748 ὑπὸ
2548 2693 2870 2763 Ἀσσυρίων
2900 2693 3016 2744 καὶ
3037 2692 3521 2752 Βαΰυλωνίων
3568 2703 3671 2754 καὶ

1891 2787 2023 2858 πρὸς
2052 2785 2257 2847 τούτοις
2283 2783 2562 2853 ἱκετηρίαν
2602 2782 2904 2835 ἐκτίθεται
2938 2782 3117 2851 ὑπὲρ
3160 2786 3297 2854 τῆς
3345 2788 3469 2839 τοῦ
3509 2793 3666 2863 Χρι-

1892 2876 2015 2929 στοῦ
2041 2873 2382 2943 ἐπιφανείαςο
2409 2872 2582 2925 ταῦτα
2608 2873 2666 2924 δὲ
2694 2871 2852 2925 κατὰ
2885 2872 3087 2943 μέρος
3121 2873 3554 2945 δειχθήσεται
3588 2887 3653 2935 ἐν

1891 2972 1955 3040 τῇ
1976 2970 2079 3023 τῶν
2100 2966 2590 3040 προφητευομένων
2624 2965 2920 3036 ἑρμηνείᾳ
2938 2983 2953 2995 ·
2984 2967 3154 3019 κατὰ
3185 2967 3252 3020 δὲ
3277 2970 3411 3042 τὴν
3440 2974 3649 3046 ἀρχὴν

254 3055 620 3149 ίηἘνθηεεΙίο
661 3078 791 3132 dicit
821 3093 834 3128 :
872 3078 1155 3146 Antequam
1202 3074 1466 3127 Abraham
1491 3076 1664 3142 ﬁeret,
1701 3090 1768 3141 egi

2131 3062 2232 3110 ίται
2277 3061 2305 3111 6
2337 3056 2551 3127 ψαλμὸς
2590 3056 2685 3107 τὸν
2726 3055 3148 3125 ποιμαίνοντα
3185 3057 3299 3111 τὸν
3352 3063 3645 3135 Ἰσραήλο

255 3169 467 3234 sum“;
498 3180 569 3232 et,
603 3166 865 3221 Abraham
886 3174 1032 3234 pater
1070 3174 1231 3218 vester
1258 3164 1535 3217 exsultavit
1568 3172 1624 3214 ut
1653 3162 1793 3217 vide-

255 3269 333 3317 ret
355 3259 491 3315 diem
520 3274 711 3320 meum,
735 3265 783 3311 et
810 3256 1019 3317 vidit,et
1041 3256 1245 3324 gavisus
1276 3264 1350 3307 est
1367 3255 1454 3307 η’.
1475 3255 1647 3321 Ipsum
1669 3268 1795 3322 ergo

252 3351 366 3418 jam
394 3357 583 3403 evocat
607 3349 793 3404 dicens
826 3365 840 3400 :
875 3346 976 3411 Qui
994 3346 1163 3414 pascis
1198 3343 1390 3410 Israel,
1407 3344 1629 3405 intende,
1664 3352 1793 3407 ctc.,

258 3447 518 3512 rogatque
550 3448 609 3492 ut
658 3437 904 3493 ostendat
942 3436 1130 3489 faciem
1174 3450 1325 3489 suam
1376 3449 1473 3503 pro
1527 3434 1796 3487 communi

258 3531 501 3591 omnium
546 3530 751 3593 salute,
800 3529 1194 3595 adventumque
1241 3525 1361 3593 ejus
1402 3525 1795 3593 quamprimum

259 3619 571 3688 contingere
607 3617 873 3686 supplicat
916 3617 1001 3669 his
1035 3616 1213 3669 verbis
1244 3631 1257 3665 :
1290 3614 1479 3667 Excita
1516 3615 1798 3683 potentiam

260 3720 426 3771 tuam,
459 3718 507 3769 et
557 3709 668 3765 veni
697 3717 753 3759 ut
801 3707 970 3759 salvos
1022 3706 1189 3773 facias
1220 3721 1355 3767 nos;
1385 3720 1448 3758 ac
1479 3706 1638 3759 tertio
1674 3719 1797 3758 cum

258 3798 411 3857 dicit,
439 3795 666 3849 Ostende
696 3795 881 3862 faciem
911 3804 1052 3846 tuam
1075 3833 1090 3857 ,
1119 3804 1169 3847 et
1191 3795 1322 3847 salvi
1349 3796 1562 3849 erimus.
1602 3793 1799 3849 Deinde

259 3901 390 3939 vero
423 3884 685 3938 adventus
712 3884 926 3937 modum
954 3882 1192 3936 declarat
1213 3883 1398 3938 dicens
1423 3899 1438 3935 ε
1472 3883 1595 3936 Fiat
1614 3900 1798 3937 manus

263 3985 355 4034 tua
399 3989 551 4040 super
588 3974 754 4031 virum
781 3972 1004 4026 dextera:
1034 3982 1152 4035 tuaa,
1183 3982 1231 4025 et
1254 3990 1407 4041 super
1436 3975 1603 4042 ﬁlium
1633 3973 1801 4032 homi-

263 4065 366 4128 nis,
389 4080 536 4133 quem
574 4064 896 4133 conﬁrmasti
926 4062 1039 4121 tibi.
1064 4063 1433 4132 lncorporeum
1464 4078 1693 4131 namque
1711 4063 1801 4117 Dei

264 4152 497 4208 Verbum
542 4164 715 4222 rogat,
751 4162 809 4206 ut
843 4169 937 4223 per
982 4154 1155 4206 virum
1187 4152 1422 4206 dextera:
1455 4167 1585 4215 suae,
1628 4162 1681 4206 et
1708 4169 1803 4221 per

262 4244 456 4308 Filium
486 4247 716 4304 hominis
747 4247 1038 4302 beneﬁcam
1074 4246 1325 4301 virtutem
1366 4261 1517 4305 suam
1549 4248 1800 4309 omnibus

262 4338 538 4406 largiatur.
585 4337 761 4395 Divini
809 4340 989 4408 itaque
1025 4346 1078 4393 et
1106 4338 1358 4391 salutaris
1411 4338 1673 4391 adventus
1702 4338 1802 4392 hac

1894 3144 2044 3214 οὗτος
2069 3150 2124 3202 δὲ
2151 3146 2219 3219 ἦν
2251 3151 2280 3201 6
2307 3148 2401 3201 τοῦ
2432 3147 2567 3199 Θεοῦ
2590 3146 2793 3214 Λόγος,
2823 3147 2915 3210 ὡς
2958 3148 3263 3212 πολλάκις
3294 3153 3651 3221 ἀπεδείξα-

1896 3258 1991 3311 μεν
2012 3238 2400 3310 παριστῶντες,
2422 3237 2497 3307 μὴ
2519 3237 2609 3289 τὸν
2624 3226 2926 3289 ἐπέκεινα
2953 3237 3066 3291 τὸν
3096 3240 3254 3292 ὅλων
3276 3242 3456 3297 Θεὸν
3484 3247 3648 3303 εἶναι

1892 3333 1980 3384 τὸν
2001 3326 2176 3399 ὦφθαι
2197 3329 2275 3400 τῷ
2306 3328 2556 3398 Ἀϐραὰμ
2576 3331 2634 3380 ὲν
2657 3328 2869 3398 ἀνδρὸς
2908 3331 3191 3400 σχήματι
3215 3332 3647 3411 ἀναγεγραμ.

1898 3422 2073 3491 μένον,
2095 3421 2187 3473 καὶ
2205 3418 2280 3487 τῷ
2302 3420 2527 3471 Μωῦσεῖ
2548 3419 3094 3486 κεχρηματικέναι,
3130 3421 3234 3473 καὶ
3274 3425 3353 3477 ἐν
3388 3430 3475 3497 τῇ
3502 3430 3647 3498 ἐρή-

1899 3530 1982 3582 μῳ
2013 3508 2409 3581 προωδευκέναι
2434 3507 2529 3559 τοῦ
2548 3507 2701 3559 λαοῦ
2737 3502 2897 3562 εἶναι
2934 3510 3004 3563 δὲ
3041 3512 3254 3566 τοῦτον
3294 3516 3642 3590 οὐδέτερον

1895 3602 1987 3655 τοῦ
2032 3601 2089 3651 ὲν
2143 3597 2500 3666 Εὐαγγελίοις
2553 3597 2889 3667 εἰρηκότος·
2945 3602 3126 3668 Πρὶν
3171 3606 3495 3677 Ἀϐραὰμ
3533 3628 3639 3677 γε-

1896 3691 2102 3745 νέσθαι
2124 3687 2237 3757 ἐγώ
2256 3691 2372 3756 ειμι
2392 3705 2405 3717 ⁸
2428 3689 2545 3751 καὶ,
2573 3688 2851 3758 Ἀϐραὰμ
2876 3694 2914 3743 ό
2935 3693 3168 3763 πατὴρ
3189 3697 3402 3763 ὑμῶν
3428 3701 3638 3770 ἠγαλ-

1895 3780 2145 3835 λιάσατο
2164 3780 2265 3832 ἵνα
2288 3778 2385 3847 ἴδῃ
2410 3778 2526 3845 τὴν
2550 3779 2790 3846 ἡμέραν
2821 3782 2959 3850 τὴν
2987 3784 3192 3853 ἐμὴν,
3219 3791 3347 3841 καὶ
3379 3787 3493 3844 ἴδε
3522 3794 3634 3845 καὶ

1897 3871 2099 3941 ἐχάρη.
2158 3870 2329 3922 Αὐτὸν
2357 3870 2422 3939 δὴ
2451 3865 2544 3922 οὗν
2576 3871 2674 3921 ἐπὶ
2706 3870 2812 3922 τοῦ
2850 3877 3167 3945 παρόντος
3199 3880 3628 3936 ἀνακαλεῖται

1901 3962 2119 4030 φάσκων
2136 3976 2149 3989 ⁸
2167 3960 2229 4012 Ὃ
2245 3961 2577 4028 ποιμαίνων
2592 3958 2704 4011 τὸν
2728 3961 3033 4030 Ἰσραὴλ,
3055 3971 3401 4037 πρόσχες,
3424 3976 3538 4025 καὶ
3553 3974 3625 4026 τὰ

1900 4053 2023 4121 ἑξῆς
2042 4090 2058 4114 ,
2083 4049 2345 4116 ἐπιφᾶναι
2362 4066 2423 4102 τε
2447 4050 2509 4101 τὸ
2527 4050 2836 4119 πρόσωπον
2863 4055 3061 4109 αὑτοῦ
3083 4059 3237 4129 ὑπὲρ
3260 4062 3389 4131 τῆς
3414 4067 3626 4138 κοινῆς

1901 4144 2149 4197 ἁπάντων
2169 4141 2443 4211 σωτηρίας
2457 4141 2757 4209 ἀντιϐολεῖ,
2771 4146 2884 4213 τήν
2901 4164 2975 4198 τε
2995 4152 3352 4221 παρουσίαν
3371 4154 3619 4231 αὑτοῦῆ

1901 4233 2061 4310 τάχος
2101 4229 2351 4305 γενέσθαι
2394 4230 2539 4295 ἀξιοῖ
2566 4230 2655 4298 λέε,
2668 4249 2747 4283 ων
2769 4250 2783 4263 ·
2817 4234 3207 4308 Ἐξέγειρον
3232 4242 3377 4311 τὴν
3409 4221 3617 4303 avra:

1904 4322 2109 4379 στείαν
2129 4337 2243 4372 σου
2258 4358 2274 4383 ,
2296 4320 2394 4382 καὶ
2414 4320 2555 4374 ἐλθὲ
2574 4361 2589 4385 ,
2607 4324 2698 4387 εὶς
2717 4323 2790 4375 τὸ
2808 4326 3044 4383 σῶσαι
3066 4331 3259 4402 ἡμᾶς.
3295 4337 3534 4407 Τρίτον
3556 4342 3615 4395 δὲ

261 4427 468 4487 ratione
514 4430 839 4483 mentionem
874 4427 1032 4494 fecit;
1066 4428 1279 4482 lsraelis
1310 4442 1439 4482 vero
1485 4428 1694 4482 ruinam
1727 4428 1775 4483 it:

2120 4412 2450 4481 Ἐπίερανον
2478 4411 2545 4465 τὸ
2574 4416 2931 4481 πρόσωπόν
2955 4437 3095 4475 σου
3117 4464 3135 4488 ,
3169 4424 3269 4477 καί
3296 4404 3612 4496 σωθησό-

261 4517 584 4577 vaticinatur
618 4533 632 4568 :
661 4516 850 4596 thuid
877 4518 1181 4581 destruxisti
1212 4519 1490 4575 maceriam
1512 4519 1666 4586 ejus?
1696 4521 1802 4574 sci-

264 4608 388 4660 licet
409 4608 595 4666 viueae.
628 4623 786 4685 quam
829 4624 894 4662 ex
942 4609 1170 4679 .IEgypto
1203 4609 1497 4672 transtulit,
1533 4619 1582 4662 et
1629 4610 1803 4663 vinde-

264 4697 429 4750 miant
458 4714 570 4750 eam
601 4714 776 4759 omnes
795 4700 882 4767 qui
910 4698 1400 4767 prwtergrediuntur
1427 4700 1583 4755 viam.
1610 4698 1800 4752 Exter-

264 4788 481 4840 minavit
502 4804 614 4840 eam
640 4803 762 4860 aper
798 4788 861 4849 de
885 4789 1014 4841 silva
1038 4826 1053 4851 ,
1082 4800 1128 4841 et
1158 4790 1440 4858 singularis
1471 4790 1609 4858 ferus
1644 4789 1803 4857 depa-

265 4884 375 4925 stus
408 4884 483 4927 est
510 4890 643 4928 eam.
671 4873 892 4927 Incensa
918 4875 1025 4951 igni
1052 4886 1101 4927 et
1125 4877 1372 4943 su/fossa.
1406 4875 1529 4929 llaec
1554 4876 1620 4930 de
1650 4876 1801 4929 vinea

268 4977 607 5032 percurrens,
630 4964 864 5021 Iudaica:
886 4968 1059 5033 gentis
1086 4967 1440 5025 vastationem
1472 4967 1801 5035 praenuntia-

267 5054 375 5107 liat.
404 5054 530 5110 Jure
572 5057 753 5125 itaque
793 5056 849 5108 in
902 5057 1057 5109 titulo
1092 5058 1205 5111 hate
1251 5056 1393 5109 dicta
1437 5056 1801 5109 testimonium

272 5154 527 5203 Vocantur
559 5166 571 5200 :
597 5162 718 5200 nam
764 5147 1127 5211 testimonium
1159 5150 1272 5204 haec
1304 5148 1484 5209 futura
1509 5163 1628 5204 esse
1646 5147 1800 5202 dixit.

272 5231 425 5286 Unde
465 5236 600 5303 apud
649 5234 1028 5305 Symmachum
1069 5249 1123 5293 et
1182 5239 1465 5309 Aquilam,
1507 5237 1803 5302 testiﬁcatio

271 5318 492 5373 dicitur.
524 5323 671 5378 Illius
700 5332 876 5378 autem
900 5326 1039 5388 loco,
1066 5343 1158 5393 pro
1205 5330 1271 5382 iis
1294 5329 1383 5397 qui
1412 5325 1804 5381 commutaban-

272 5412 391 5468 tur,
430 5406 799 5477 Symmachus,
826 5429 918 5480 pro
949 5416 1202 5483 ﬂoribus;
1232 5418 1423 5488 Aquila
1453 5433 1597 5483 vero,
1627 5432 1718 5484 pro
1741 5416 1803 5467 li-

296 5493 383 5557 iis,
418 5495 748 5565 interpretati
780 5512 923 5557 sunt.
972 5506 1387 5577 Prosperitatem
1418 5509 1678 5580 siquidem
1707 5506 1802 5562 Ju-

352 5644 394 5674 "
431 5644 578 5699 Joan.
616 5665 738 5715 vm,
779 5653 859 5707 58.
937 5659 999 5688 "‘
1044 5661 1171 5716 ibid.
1203 5663 1287 5717 56.

1903 4508 2070 4570 μεθα,
2091 4500 2183 4553 τὸν
2199 4503 2399 4582 τρόπον
2415 4503 2515 4574 τῆς
2539 4504 2882 4573 ἐπιφανείας
2906 4514 3287 4586 παρίστησιν
3316 4518 3475 4587 ἑξῆς
3497 4523 3620 4571 ἔπι-

1904 4594 2074 4662 λέγων
2094 4609 2108 4625 ν
2127 4594 2451 4660 Γενηθήτω
2466 4596 2505 4662 ἡ
2534 4598 2668 4665 χείρ
2684 4614 2807 4653 σου
2827 4600 2935 4655 ἐπ’
2961 4605 3183 4675 ἄνδρα
3199 4606 3461 4673 δεξιᾶς
3479 4625 3631 4672 σου,

1904 4686 1999 4737 καὶ
2028 4683 2124 4736 ἐπὶ
2150 4684 2290 4738 υἱὸν
2320 4688 2665 4754 ἀνθρώπου,
2701 4689 2779 4748 ὃν
2809 4692 3301 4769 ἐκραταιωσας
3340 4712 3418 4750 σε

2115 4684 2124 4734 l
2150 4684 2290 4738 υἱὸν
2320 4688 2665 4754 ἀνθρώπου,
2701 4689 2779 4748 ὃν
2809 4692 3301 4769 ἐκραταιωσας
3340 4697 3629 4763 σεαυτῷ.

1905 4774 2006 4826 Τὸν
2048 4774 2157 4843 γὰρ
2185 4776 2485 4857 ἀσώματον
2516 4780 2613 4833 τοῦ
2655 4781 2799 4834 Θεοῦ
2845 4786 3043 4852 Λόγον
3075 4792 3241 4861 ἀξιοῖ
3282 4790 3382 4842 δι’
3421 4791 3634 4861 ἀνδρὸς

1903 4861 2079 4937 δεξιᾶς
2102 4864 2274 4918 αὑτοῦ
2306 4872 2406 4925 καὶ
2431 4872 2519 4927 διὰ
2542 4871 2676 4925 Υἱοῦ
2708 4874 3027 4946 ἀνθρώπου
3064 4883 3179 4952 τὴν
3208 4886 3283 4937 εὑ
3302 4880 3631 4952 εργετικὴν

1907 4954 2068 5006 αὐτοῦ
2108 4955 2353 5031 δύναμιν
2393 4966 2742 5051 δωρήσασθαι
2773 4972 2896 5033 τοῖς
2940 4975 3116 5036 πᾶσι.
3182 4979 3278 5050 Τῆ
3306 4990 3343 5035 ς
3389 4974 3501 5044 μὲν
3536 4970 3634 5027 οὖν

1909 5046 2178 5141 σωτηρίου
2231 5046 2567 5129 θεοφανείας
2597 5060 2695 5141 τὴν
2735 5062 2973 5139 μνήμην
3018 5066 3231 5123 τοῦτον
3266 5046 3636 5134 ἐποιήσατο

1865 5208 1869 5213 .
1905 5137 1996 5189 τὸν
2026 5141 2265 5215 τρόπον,
2299 5154 2409 5229 τὴν
2435 5158 2491 5211 δὲ
2511 5156 2603 5210 τοῦ
2637 5137 2859 5227 Ἰσραὴλ
2882 5159 3239 5217 ἀπόπτωσιν
3274 5158 3528 5228 ὠδέπη
3552 5157 3640 5210 θεν

1909 5231 2094 5336 σιτίζει
2116 5236 2312 5310 λέγων
2334 5267 2348 5280 -
2390 5253 2561 5319 Ἰνατὶ
2595 5249 2868 5318 καθεῖλες
2883 5252 2999 5307 τὸν
3021 5259 3362 5335 φραγμὸν»
3382 5249 3633 5319 αὑτῆς,-

1907 5322 2158 5431 δηλονέτι
2178 5337 2292 5411 τῆς
2327 5346 2600 5421 ἀμπέλου,
2624 5346 2689 5418 ἢν
2716 5341 2776 5409 te
2790 5322 3079 5414 Αἰγύπτου
3110 5322 3453 5420 parum
3486 5348 3596 5400 καί

1908 5432 2227 5524 ξιίιίγωσιν
2262 5445 2478 5517 αὐτὴν
2502 5445 2713 5509 πάντες
2745 5442 2799 5493 οἱ
2840 5446 3421 5514 παραπορευόμενοι
3450 5448 3575 5512 τὴν

1911 5508 2078 5568 ὀδόν.
2136 5508 2551 5611 Ἐλυμήιξατο
2585 5537 2765 5606 αὐτὴν
2812 5531 2889 5602 ὗς
2924 5508 2994 5590 ἐκ
3023 5508 3266 5608 δρυμοέν,
3305 5539 3419 5592 καὶ
