3834 6376
79 448 155 499 ἏἈ

1372 407 1870 469 COMMENTARIA
1908 410 1973 466 IN
2009 411 2338 471 PSALMOS.

3304 418 3407 472 954

100 489 241 613 ξξδ(
285 489 1021 613 ’ξιῖίῗζξξιατενεμήσατο
1038 526 1243 592 αὐτήν.
1288 524 1773 613 Ἐμπεπυρισμέκη

1886 524 2121 578 datorum
2158 526 2371 579 brevem
2416 532 2469 579 et
2498 533 2914 595 temporaneam,
2948 526 3169 581 ﬂoribus
3196 537 3249 581 et
3284 530 3410 584 liliis

132 584 557 684 ξκκυίῖίέαὶ
592 584 1101 684 “tetrachmum.
1130 584 1310 668 Ταῦτα
1328 584 1454 683 περὶ
1478 584 1575 683 τῆξ
1597 584 1773 681 opus;

153 680 230 768 im,
250 680 559 756 διελθὼν,
579 693 689 764 τὴν
711 702 817 754 τοῦ
852 680 1119 759 Ἰουδαίων
1142 705 1323 767 ἔθνους
1353 680 1776 772 ὲθέσπιζενίὲρη-

183 799 344 865 ulml-
402 774 659 847 Εῖκάτως
702 784 802 843 οὖν
840 793 899 845 ὲν
929 796 994 863 τῇ
1041 795 1323 863 προγραφῇ
1364 790 1454 844 καὶ
1488 788 1774 859 μαρτύριον

204 883 469 945 ﬂammat
485 872 560 926 τὰ
579 874 863 949 λεγόμενα
876 899 890 913 ο
919 882 1206 954 μαρτύριον
1225 882 1329 953 γὰρ
1355 881 1521 934 ταῦτα
1540 878 1772 943 έσεσθαι,

208 967 300 1019 καὶ
320 961 591 1033 διεμαρτῦ
601 980 755 1034 ρατο.
781 969 942 1023 Ὅθεν
969 970 1115 1040 παρὰ
1132 968 1207 1039 τῷ
1224 969 1496 1039 Συμμάχῳ
1519 968 1611 1020 καὶ
1628 967 1776 1037 παρὰ

216 1050 291 1121 τῷ
318 1048 529 1121 Ἀκύλᾳ
543 1055 841 1121 μαρτυρία
860 1056 1089 1126 εἴρηται.
1127 1058 1267 1109 Ἀντί⁸
1283 1058 1339 1109 δὲ
1355 1057 1469 1121 τοῦ,
1494 1056 1643 1123 ὑπὲρ
1660 1055 1775 1109 τῶν

205 1141 823 1210 ἁλλοιωθησομένων,
851 1147 880 1198 6
910 1147 1006 1214 μὲν
1036 1147 1340 1216 Σύμμαχος,
1367 1145 1516 1213 ὑπὲρ
1540 1145 1656 1199 τῶν
1681 1146 1776 1199 ἁν-

205 1231 355 1296 θῶν,
387 1232 419 1283 6
443 1233 505 1286 δὲ
543 1234 790 1299 Ἀκύλας,
824 1236 973 1303 ὑπὲρ
996 1236 1111 1289 τῶν
1137 1238 1366 1304 κρίνων,
1404 1238 1770 1307 ἡρμήνευσαν·

191 1324 402 1378 ἄνθεσι
435 1324 537 1376 καὶ
564 1322 765 1393 κρίνοις
791 1324 887 1395 τὴν
914 1326 1235 1396 πρόσκαιρον
1265 1326 1465 1395 βραχὺν
1485 1325 1775 1396 γενομένην

189 1414 341 1467 ποτὲ
384 1413 491 1466 τοῦ
526 1413 792 1467 Ἰουδαίων
816 1414 996 1476 ἔθνους
1027 1415 1324 1484 εὐπραγίαν
1347 1413 1774 1483 παραϐάλλοντος

176 1505 293 1559 τοῦ
338 1504 539 1572 λόγου.
589 1506 922 1573 Ἀναπέμπει
951 1505 1083 1574 δῆτα
1122 1507 1150 1557 6
1189 1506 1474 1574 Προφήτης
1502 1504 1775 1574 ἱκετηρίαν

177 1594 343 1666 πρὸς
379 1595 483 1647 τὸν
518 1594 689 1647 παλαι
720 1593 991 1663 ἐφορῶντα
1018 1595 1110 1647 καὶ⁸
1142 1593 1529 1646 ἐπισκοποῦντα
1554 1593 1642 1645 τὸν
1680 1595 1775 1644 Ἰσ-

174 1684 351 1756 ραὴλ
373 1683 481 1736 τοῦ
498 1683 639 1735 Θεοῦ
664 1684 832 1750 Λόγον
853 1722 868 1746 ,
894 1684 985 1735 καὶ
1013 1682 1196 1736 τοῦτον
1224 1683 1648 1753 ἀνακαλούμενός
1676 1700 1775 1753 φη-

172 1792 277 1828 σιν
302 1792 318 1805 ·
370 1775 429 1826 '0
464 1774 796 1841 ποιμαίνων
817 1773 920 1825 τὸν
947 1774 1208 1839 Ἰσραὴλ,
1232 1774 1518 1840 πρόσχες·
1552 1772 1691 1824 οῦτω
1718 1772 1773 1823 δὲ

166 1866 458 1919 δυσωπεῖ
493 1864 921 1933 ὑπομιμνήσκων
949 1863 1044 1931 τῆς
1077 1865 1239 1915 πάλαι
1270 1864 1427 1916 αὐτοῦ
1455 1863 1770 1931 ἐπισκοπῆς.

167 1956 325 2019 Τοῖς
359 1955 483 2021 γὰρ
519 1956 657 2019 σοῖς,
680 1953 843 2022 φησὶ,
876 1952 1148 2023 θρέμμασι
1177 1954 1401 2015 καὶτοῖς
1433 1955 1543 2015 σοῖς
1575 1952 1775 2022 προϐά-

167 2064 308 2109 τοις
352 2046 627 2116 πρόσχες,
657 2045 685 2095 6
708 2043 834 2094 ποτὲ
855 2043 1117 2110 ποιμάνας
1141 2043 1295 2096 αὐτὰ.
1324 2045 1385 2096 El
1409 2043 1515 2112 γὰρ
1536 2043 1627 2095 καί
1648 2060 1773 2095 ποτε

166 2137 403 2190 ἄλλοτε
436 2136 543 2205 τὴν
576 2133 931 2203 ποιμαντικὴν
961 2132 1249 2201 ὑπέμεινας
1289 2131 1584 2202 ἀνθρώπων
1614 2148 1774 2202 φρον-

166 2227 316 2279 τίδα
349 2267 369 2289 ,
404 2224 702 2294 ὼδήησάς
738 2241 797 2275 τε
836 2223 925 2275 τὸν
966 2225 1021 2275 ὲν
1047 2220 1345 2292 ἀνθρώποις
1375 2222 1656 2292 γενόμενόν
1681 2239 1772 2275 σου

166 2316 325 2368 λαὸν
351 2355 371 2378 ,
405 2315 620 2368 τούτων
664 2312 839 2366 αὐτῶν
872 2312 1164 2382 μνήσθητι·
1200 2313 1293 2365 καὶ
1328 2313 1400 2383 μὴ
1430 2313 1656 2385 παρίδῃς
1683 2312 1774 2376 οὓς

165 2405 492 2474 τοσαύτης
521 2404 759 2473 ἠξίωσας
786 2403 1054 2473 προνοίας.
1080 2404 1318 2474 Πρόσχες
1345 2398 1435 2456 οῦν
1452 2442 1467 2466 ,
1499 2403 1655 2471 φησὶ,
1685 2404 1775 2454 καὶ

172 2496 559 2565 κατανόησον
587 2495 745 2547 ὁποῖα
780 2494 1037 2547 πέπονθεν
1061 2494 1094 2563 ὴ
1118 2494 1182 2563 σὴ
1204 2494 1419 2563 ποίμνη,
1450 2493 1540 2544 καὶ
1561 2491 1635 2554 ὡς
1659 2492 1775 2546 ἐλυ-

178 2588 427 2657 μήνατο
466 2586 667 2647 αὐτοὺς
693 2580 754 2647 ῦς
790 2586 853 2636 ὲκ
884 2584 1104 2654 δρυμοῦ,
1132 2584 1224 2636 καὶ¹
1253 2575 1428 2653 μονιὸς
1456 2582 1641 2652 ἄγριος
1672 2599 1771 2633 κα-

176 2676 561 2745 τενεμήσατο
607 2672 802 2742 αὐτὴν,
836 2673 927 2725 καὶ
963 2672 1036 2734 ὡς
1074 2672 1289 2739 γέγονεν
1329 2672 1769 2742 ὲμπεπυρισμένη

178 2766 347 2836 πυρὶ
382 2765 484 2817 καί
514 2762 899 2832 ἀνεσκαμμένη
931 2761 1037 2813 ἀπὸ
1070 2762 1427 2832 ἐπιτιμήσεως
1454 2761 1544 2814 τοῦ
1571 2761 1775 2832 προσώ-

182 2871 303 2908 που
356 2870 480 2907 σου.
514 2851 763 2903 Διδάσκει
787 2849 842 2901 δὲ
863 2848 1029 2901 ταῦτα
1057 2849 1112 2901 ἐν
1136 2847 1406 2917 Πνεύματι
1433 2849 1570 2918 ἁγίῳ
1597 2850 1625 2899 6
1645 2850 1773 2918 Προ-

185 2945 397 3013 φήτης
428 2940 492 2993 τὸ
537 2938 801 2992 Ἰουδαίων
831 2937 978 3000 ἔθνος
998 2980 1013 3003 ,
1050 2938 1270 3007 μελετᾷν
1298 2940 1390 2991 καὶ
1420 2939 1772 3007 ἀπαγγέλλειν

187 3029 512 3102 προλαϐὼν
532 3030 657 3090 τοὺς
678 3028 896 3097 χρόνους
918 3027 1009 3080 καὶ
1035 3026 1103 3078 τὰ
1129 3029 1421 3097 πράγματα
1438 3044 1453 3059 ·
1478 3028 1543 3079 ἶν’
1559 3029 1772 3081 ἐπειδὰν

187 3121 412 3189 ἐπιστῇ
462 3118 558 3170 καὶ
589 3116 655 3168 δι’
687 3116 859 3185 ἔργων
900 3115 1116 3184 χωρήσῃ
1158 3114 1224 3166 τὰ
1268 3116 1767 3185 προπεφητευμένα,
1797 3155 1840 3212 c

190 3208 423 3278 δέχοιεν
457 3206 517 3271 ἐξ
556 3205 773 3272 ἑτοίμου
814 3203 909 3271 τῆς
942 3204 1073 3272 πρὸς
1100 3202 1188 3255 τὸν
1213 3201 1343 3254 Θεὸν
1374 3203 1647 3272 ἱκετηρίας
1675 3204 1773 3273 τὴν

192 3300 441 3368 γνῶσιν.
479 3296 577 3353 Τίς
604 3295 661 3347 δέ
691 3296 834 3345 ἐστιν
864 3295 892 3345 6
917 3294 1209 3360 ποιμαίνων
1235 3292 1324 3345 τὸν
1361 3293 1587 3362 Ἰσραὴλ,
1616 3294 1774 3356 αὐτὸς

196 3389 556 3460 παρίστησιν
580 3386 608 3437 6
638 3384 835 3436 εἰπών’
906 3383 1042 3451 Ὲνώ
1062 3385 1175 3450 ειμι
1208 3386 1239 3435 ό
1268 3383 1485 3451 ποιμὴν
1514 3386 1546 3435 ό
1572 3384 1771 3447 καλὸς,

197 3476 303 3528 καὶ
336 3472 623 3542 γινώσκω
658 3472 729 3523 τὰ
746 3470 876 3538 ἐμὰ,
912 3470 1009 3523 καὶ
1042 3468 1401 3538 γινώσκουσί
1426 3486 1500 3538 με
1527 3470 1596 3522 τὰ
1632 3471 1770 3538 ἐμά·

199 3563 299 3616 καὶ
336 3557 503 3622 αὖθις
522 3576 537 3590 ο
599 3559 742 3627 Ἐγώ
766 3560 881 3626 ειμι
912 3561 944 3612 ό
975 3557 1193 3624 ποιμὴν
1221 3561 1253 3611 d
1280 3560 1461 3624 καλὸς
1480 3599 1495 3623 ,
1539 3560 1633 3611 καὶ
1664 3559 1775 3626 τὴν

202 3651 433 3720 ψυχήν
458 3665 581 3719 μου
612 3649 803 3714 τίθημι
834 3646 983 3713 ὑπὲρ
1005 3646 1119 3698 τῶν
1142 3647 1460 3713 προϐάτων.
1523 3649 1689 3710 Αὐτὸς
1718 3648 1773 3700 δὲ

198 3735 271 3810 ἦν
307 3738 414 3791 καὶ
440 3739 470 3789 6
504 3736 595 3787 τὸν
632 3734 821 3803 Ἰωσὴφ
854 3733 983 3786 ὡσεὶ
1010 3735 1271 3804 πρόϐατον
1298 3736 1501 3805 ὁδηγῶν
1534 3738 1651 3805 ἦτοι
1677 3738 1774 3807 τὴν

202 3829 393 3900 φυλὴν
413 3867 429 3890 ,
486 3825 522 3896 ἢ
551 3825 613 3877 τὸ
645 3826 751 3876 πᾶν
794 3824 1053 3876 Ἰουδαίων
1085 3824 1232 3887 ἔθνος
1266 3826 1638 3895 μεταφορικῶς
1667 3826 1774 3878 ἀπὸ

205 3925 351 3992 μιᾶς
382 3917 673 3986 ὀνομάζων
706 3916 874 3984 φυλῆς
894 3916 991 3984 τῆς
1012 3915 1102 3968 τοῦ
1143 3917 1360 3985 Ἰωσήφ⁸
1404 3916 1550 3985 ἢκαὶ
1581 3917 1773 3985 μᾶλλον

202 4011 380 4065 αὐτὸν
407 4009 504 4060 τὸν
538 4006 704 4076 ἄνδρα
735 4005 823 4056 τὸν
849 4004 948 4072 τῆς
974 4005 1142 4073 φυλῆς
1170 4004 1502 4074 προπάτορα.
1563 4006 1773 4075 Ἐπειδὴ

203 4102 386 4170 συνῆν
420 4097 574 4164 αὑτῷ
621 4092 1078 4163 ὲπιὸουλευομένῳ
1109 4094 1212 4145 ὑπὸ
1248 4094 1353 4145 τῶν
1382 4093 1618 4163 ἀδελφῶν
1639 4134 1653 4156 ,
1684 4096 1773 4147 καὶ

202 4187 657 4260 πιπρασκομένῳ
698 4188 808 4246 τοῖς
844 4182 1226 4253 Ἰσμαηλίταις,
1269 4185 1361 4236 καὶ
1396 4186 1474 4246 είς
1511 4187 1773 4253 Αἴγυπτον

202 4276 608 4347 καταγομένῳ,
638 4274 729 4325 καὶ
756 4272 830 4342 τῷ
849 4275 1091 4342 Πετεφρῇ
1117 4272 1431 4337 δουλεύοντι,
1455 4275 1550 4343 τήν
1570 4292 1628 4327 τε
1656 4276 1775 4328 ἀκό-

202 4370 411 4425 λαστον
426 4368 717 4420 δέσποιναν
744 4362 1209 4431 ἀποστρεφομένῳ,
1228 4362 1301 4425 ὡς
1322 4366 1398 4426 εἰς
1417 4366 1773 4435 δεσμωτήριόν

1873 625 2171 683 comparat.
2225 613 2677 684 Supplicationem
2707 616 2871 685 igitur
2912 618 3106 670 emittit
3144 617 3406 687 Propheta

1873 706 1939 758 ad
1978 720 2098 759 eum
2137 705 2230 774 qui
2261 707 2387 760 olim
2428 706 2675 761 lsraelem
2721 706 2941 759 curabat
2980 714 3033 759 et
3071 707 3404 777 inspiciebat,

1872 792 1965 847 Dei
1994 794 2203 848 scilicet
2225 793 2480 859 Verbum,
2505 796 2647 863 quod
2680 797 2935 849 invocans
2958 795 3033 847 ait
3068 809 3082 846 :
3115 795 3216 859 Qui
3235 800 3405 864 pascis

1875 882 2063 949 Israel,
2092 885 2315 939 intende.
2348 883 2438 939 Sic
2478 894 2655 939 autem
2694 884 2866 953 ipsum
2912 883 3123 937 ﬂectere
3159 895 3403 949 conatur,

1872 978 2142 1046 antiquam
2167 979 2284 1046 ejus
2318 980 2369 1031 in
2398 979 2649 1048 populum
2674 976 3058 1044 inspectionem
3082 989 3407 1029 commemo-

1872 1080 2020 1122 rans.
2051 1066 2186 1131 Tua,
2219 1068 2413 1137 inquit,
2446 1082 2661 1137 pecora,
2687 1081 2921 1135 ovesque
2951 1073 3071 1120 tuas
3106 1080 3283 1128 cures,
3314 1067 3404 1135 qui

1872 1156 1997 1209 olim
2034 1157 2291 1225 pascebas
2333 1159 2471 1212 illas.
2522 1158 2651 1211 Nam
2694 1158 2738 1211 si
2772 1156 3039 1225 quondam
3085 1156 3404 1224 pastoralem

1873 1242 2147 1297 hominum
2188 1245 2600 1298 sollicitudinem
2647 1244 2882 1307 subiisti,
2914 1243 2961 1296 si
3004 1243 3279 1310 populum,
3311 1244 3403 1311 qui

1872 1332 2013 1385 inter
2031 1332 2275 1387 homines
2294 1333 2428 1386 alios
2443 1342 2567 1386 tuus
2595 1331 2892 1393 dicebatur,
2908 1330 3199 1393 deduxisti,
3216 1332 3401 1384 horum

1873 1428 2161 1483 memento,
2180 1436 2352 1490 neque
2378 1421 2645 1490 despicias
2667 1436 2759 1475 eos
2786 1434 2921 1490 quos
2958 1429 3106 1473 tanta
3130 1422 3405 1488 providen-

1872 1510 1945 1561 tia
1975 1509 2223 1578 dignatus
2250 1525 2331 1564 es.
2362 1509 2581 1563 Intende
2609 1511 2790 1578 igitur,
2823 1508 3015 1577 inquit,
3040 1516 3092 1561 et
3124 1510 3401 1563 considera

1873 1607 2072 1665 quanta
2119 1614 2247 1668 grex
2279 1600 2367 1652 ille
2417 1606 2543 1652 tuus
2590 1600 2844 1667 patiatur,
2885 1597 3152 1666 quomodo
3193 1599 3402 1651 vineam

1873 1688 2017 1742 illam
2075 1691 2505 1744 exterminaverit
2564 1705 2692 1759 aper
2719 1689 2784 1743 de
2828 1690 2981 1753 silva,
3025 1698 3080 1743 et
3119 1690 3403 1759 singularis

1875 1778 2023 1833 ferus
2066 1779 2322 1847 depastus
2358 1781 2427 1833 sit
2477 1794 2617 1843 eam,
2661 1780 2929 1849 quomodo
2982 1778 3141 1832 fuerit
3188 1780 3403 1833 incensa

1874 1868 1983 1937 igni
2010 1878 2063 1923 et
2104 1869 2331 1924 suffossa
2388 1871 2455 1923 ab
2504 1871 2870 1938 increpatione
2916 1870 3098 1923 vultus
3144 1870 3240 1921 tui.
3283 1867 3406 1922 Haec

1870 1971 2031 2024 porro
2063 1958 2115 2010 in
2143 1958 2345 2026 Spiritu
2374 1967 2560 2012 sancto
2594 1958 2865 2012 Judaieam
2898 1966 3103 2026 gentem
3143 1956 3404 2026 Propheta

1871 2048 2045 2111 docet,
2079 2057 2319 2116 tempora
2345 2056 2397 2103 et
2422 2056 2646 2103 eventus
2683 2063 2865 2102 rerum
2900 2046 3146 2100 meditari
3171 2061 3232 2099 ac
3270 2060 3405 2114 prai-

1870 2138 2119 2192 nuntiare
2168 2153 2473 2206 occupans;
2500 2144 2557 2190 ut
2584 2152 2703 2191 cum
2750 2152 2835 2190 res
2862 2149 2980 2203 quae
3014 2135 3067 2187 in
3128 2133 3404 2202 prophetia

1870 2226 2119 2281 feruntur
2149 2227 2484 2291 advenerint,
2519 2227 2573 2279 in
2612 2233 2859 2295 promptu
2891 2207 3148 2277 notitiam.
3169 2224 3314 2277 illius
3336 2224 3403 2276 ad

1871 2316 2034 2371 Deum
2072 2319 2281 2371 emissae
2314 2317 2720 2385 supplicationis
2766 2316 3093 2383 exciperent.
3123 2312 3256 2378 Quis
3275 2328 3404 2367 vero

1871 2406 1942 2459 sit
1964 2406 2055 2474 qui
2080 2406 2252 2474 pascit
2282 2404 2465 2469 lsrael,
2489 2406 2726 2459 declarat
2755 2406 2869 2474 ipse
2890 2405 2979 2473 qui
3009 2404 3082 2456 ait
3111 2422 3124 2457 :
3152 2402 3259 2472 Ego
3287 2420 3402 2457 sum

1869 2505 2050 2564 pastor
2092 2495 2275 2559 bonus,
2319 2504 2367 2549 et
2404 2512 2653 2564 cognosco
2686 2513 2848 2557 meas,
2877 2502 2925 2547 et
2964 2502 3273 2562 cognoscunt
3323 2510 3404 2547 me

1870 2604 1996 2640 mea:
2020 2590 2098 2654 ⁵⁹;
2124 2594 2177 2641 et
2204 2602 2419 2640 rursum
2453 2604 2465 2638 :
2500 2585 2607 2654 Ego
2648 2601 2762 2639 sum
2802 2594 2981 2653 pastor
2998 2582 3178 2646 bonus,
3206 2592 3253 2635 et
3288 2585 3403 2635 ani-

1868 2694 2007 2730 mam
2039 2692 2204 2729 meam
2230 2691 2361 2743 pono
2382 2691 2474 2743 pro
2502 2674 2675 2727 ovibus
2696 2675 2761 2726 ⁸ο.
2789 2674 2905 2741 Ipse
2926 2688 3049 2726 vero
3071 2673 3289 2741 eratqui
3313 2670 3405 2725 Jo-

1870 2767 2116 2835 sephum,
2144 2766 2226 2820 vel
2254 2765 2450 2818 tribum
2477 2765 2617 2833 ejus,
2649 2771 2707 2816 ut
2738 2777 2889 2816 ovem
2928 2761 3255 2826 deducebat;
3292 2762 3405 2815 sive

1870 2857 2031 2911 etiam
2061 2863 2226 2907 totam
2252 2854 2531 2908 Judaicam
2566 2858 2775 2923 gentem
2813 2852 3177 2920 metaphorice
3200 2851 3267 2904 ab
3299 2865 3404 2903 una

1868 2944 2009 2997 tribu
2035 2943 2229 3012 Josepb
2261 2943 2647 3006 subindicans;
2681 2942 2793 2994 sive
2822 2940 3000 3007 potius
3023 2940 3197 3007 ipsum
3231 2940 3405 2991 virum

1871 3032 2046 3085 tribus
2070 3030 2481 3098 progenitorem.
2512 3027 2777 3092 Quoniam
2811 3026 2913 3095 ipsi
2938 3025 3149 3077 insidiis
3180 3024 3405 3076 fratrum

1873 3121 2135 3190 impetito,
2169 3119 2451 3173 lsmaelitis
2481 3117 2719 3178 vendito,
2751 3115 2804 3167 in
2834 3113 3118 3184 Egyptum
3152 3114 3401 3175 deducto,

1871 3210 2147 3279 Petcphrze
2177 3208 2449 3272 servienti,
2474 3205 2793 3273 impudicam
2822 3204 3093 3257 dominam
3114 3204 3401 3266 aversanti,

1871 3301 1925 3354 in
1954 3314 2223 3353 carcerem
2260 3299 2385 3351 item
2433 3295 2697 3362 conjecto,
2725 3293 2930 3346 aderat.
2966 3290 3097 3343 Nam
3142 3292 3195 3343 in
3228 3291 3404 3343 omni-

1870 3390 1970 3442 bus
1999 3388 2082 3441 bis
2117 3387 2353 3440 adfuisse
2374 3385 2571 3454 Moysis
2608 3384 2877 3451 scriptura
2912 3390 3299 3435 commemorat
3322 3381 3400 3451 di-

1871 3492 1998 3531 cens
2026 3492 2038 3526 :
2071 3475 2136 3527 Et
2169 3484 2279 3529 erat
2308 3474 2561 3527 Dominus
2607 3489 2723 3525 cum
2762 3471 2950 3535 Ioseph
2971 3473 3034 3524 εί.
3071 3469 3222 3523 Unde
3252 3485 3401 3523 com-

1870 3566 2082 3620 modius
2128 3565 2354 3619 vertisse
2376 3563 2506 3615 mihi
2542 3563 2753 3617 videtur
2803 3560 3121 3623 Theodotio,
3153 3562 3244 3630 qui
3275 3561 3349 3613 ait
3384 3579 3397 3614 :

1872 3656 1975 3721 Qui
1988 3655 2206 3721 ‘deducis
2234 3655 2382 3722 quasi
2415 3670 2554 3707 ovem
2595 3652 2804 3719 Ioseph.
2836 3651 2912 3704 lla
2943 3667 3156 3722 quoque
3204 3651 3403 3706 dixeris

1871 3746 2048 3814 ipsum
2076 3744 2349 3806 lsraelem.
2372 3746 2461 3813 qui
2497 3745 2703 3813 primus
2734 3744 2834 3797 hoc
2862 3744 3079 3797 nomine
3108 3742 3405 3811 appellatus

1870 3845 1975 3898 est,
2002 3851 2031 3888 a
2067 3844 2281 3903 pastore
2318 3836 2536 3888 ductum
2568 3833 2756 3888 fuisse.
2788 3832 2887 3887 Hic
2914 3848 3041 3887 vero
3067 3830 3231 3885 Jacob
3266 3836 3401 3890 erat,

1872 3926 2013 3979 ﬁlius
2059 3926 2227 3979 Isaac.
2268 3924 2401 3977 Nam
2430 3924 2518 3977 ille
2546 3936 2667 3975 eum
2699 3923 2845 3976 solus
2883 3922 2938 3974 in
2969 3919 3404 3988 Mesopotamiam

1873 4030 1966 4083 spe
1986 4016 2040 4067 in
2066 4013 2231 4067 Deum
2257 4014 2421 4068 fultus
2448 4013 2818 4075 descenderet,
2840 4018 3109 4078 pastorem
3138 4022 3295 4060 suum
3325 4008 3409 4059 in-

1871 4105 2018 4157 venit
2059 4104 2149 4172 qui
2198 4104 2383 4157 aderat
2408 4104 2531 4164 sibi,
2574 4102 2804 4155 Verbum
2848 4100 3052 4154 scilicet
3100 4097 3213 4159 Dei,
3263 4095 3404 4164 quod

1872 4191 1971 4260 ipsi
1996 4206 2253 4260 apparere
2277 4192 2501 4245 solebat.
2532 4190 2844 4257 Opportune
2866 4189 3044 4254 itaque
3074 4184 3182 4237 Deo
3204 4183 3407 4249 suppli-

1871 4294 2024 4343 cans,
2048 4295 2155 4333 non
2204 4281 2412 4333 turbam
2461 4279 2743 4347 impiorum
2797 4282 3075 4336 memorat,
3113 4274 3205 4328 sed
3244 4272 3405 4325 unius

1872 4378 2079 4423 tantum
2110 4380 2163 4424 et
2190 4371 2413 4424 alterius
2434 4384 2496 4423 ex
2520 4368 2787 4435 religiosis
2806 4368 2911 4421 illis
2940 4365 3066 4417 olim
3096 4364 3229 4417 viris
3258 4378 3407 4417 men-

201 4476 265 4513 τε
290 4454 706 4527 καθειργμένῳ.
744 4452 828 4503 Ἐν
854 4452 982 4503 πᾶσι
1003 4450 1127 4517 γοῦν
1146 4450 1350 4514 τούτοις
1370 4454 1773 4523 ἐπισημαίνεται

1875 4460 2071 4513 tionem
2107 4458 2257 4522 facit,
2297 4473 2360 4511 ex
2392 4456 2793 4525 progenitorum
2839 4455 3035 4506 virtute
3072 4458 3124 4504 et
3153 4450 3408 4519 religione

202 4546 239 4617 ἡ
276 4543 575 4601 Μωῦσέως
614 4538 795 4608 γραφὴ
832 4537 1087 4603 λέγουσα”
1125 4538 1233 4589 Kal
1268 4535 1344 4607 ἦν
1385 4541 1597 4606 Κύριος
1625 4544 1775 4610 μετὰ

217 4630 657 4700 ἰωσήφ.”Οθεν
693 4646 779 4697 μοι
796 4628 939 4679 δοκεῖ
968 4626 1290 4697 κυριώτερον
1322 4631 1711 4698 ἡρμηνευκέναι
1745 4633 1773 4683 6

202 4719 516 4775 Θεοδοτίων
558 4717 755 4784 φήσαςο
812 4715 873 4765 '0
905 4713 1244 4781 καθοδηγῶν
1283 4716 1423 4768 ὡσεί
1485 4720 1775 4782 πρόϐατον

204 4816 321 4865 τὸν
362 4807 605 4875 Ἰωσήφ.
641 4804 794 4857 Οῦτω
821 4805 864 4856 δ’
891 4804 1151 4866 ἂνείποις
1179 4805 1271 4857 καὶ
1299 4806 1655 4874 πεποιμάνθαι
1681 4810 1776 4861 αὐ-

204 4905 305 4959 τὸν
336 4902 434 4953 τὸν
486 4896 703 4967 Ἰσραὴλ
730 4897 818 4949 τὸν
847 4896 1056 4965 πρῶτον
1082 4896 1486 4965 χρηματίσαντα
1511 4898 1679 4967 ταύτῃ
1708 4901 1772 4968 τῇ

207 4990 586 5066 προσηγορίᾳ,
614 4982 720 5038 Ἦν
746 4987 801 5039 δὲ
830 4979 981 5047 οὗτος
1020 4984 1228 5047 Ἰακὼϐ,
1250 4988 1278 5038 6
1302 4988 1425 5046 παῖς
1445 4985 1535 5037 τοῦ
1570 4989 1767 5041 Ἰσαάκ.

222 5085 382 5143 Ἐπεὶ
409 5083 665 5140 κάκεῖνος
691 5078 844 5148 μόνος
863 5080 940 5139 εἰς
965 5077 1061 5146 τὴν
1088 5078 1252 5147 μέσην
1267 5077 1371 5129 τῶν
1399 5079 1651 5146 ποταμῶν
1676 5099 1771 5133 κα-

209 5174 390 5234 ταϐὰς
428 5168 571 5241 μετὰ
610 5168 709 5237 τῆς
750 5167 826 5229 είς
852 5166 943 5219 τὸν
971 5166 1099 5218 Θεὸν
1129 5166 1332 5225 ἐλπίδος
1351 5203 1365 5225 ,
1396 5164 1552 5215 αὑτὸν
1579 5166 1772 5238 εὕρατο

212 5262 457 5336 ποιμένα
493 5259 587 5310 τὸν
626 5255 846 5307 συνόντα
876 5254 1021 5324 αὐτῷ
1046 5254 1137 5306 τοῦ
1176 5251 1306 5305 Θεοῦ
1332 5251 1525 5317 Λόγον,
1554 5252 1645 5304 τὸν
1675 5255 1771 5318 τὰς

213 5348 545 5417 ἐπιφανείας
573 5345 719 5414 αὑτῷ
751 5345 1123 5415 πεποιημένον.
1183 5340 1459 5409 Εὐκαίρως
1486 5337 1577 5393 οὖν
1602 5344 1770 5397 δυσω-

216 5439 341 5493 πῶν
372 5440 401 5490 6
427 5437 585 5502 λόγος
624 5435 714 5487 τὸν
741 5433 899 5495 Θεὸν,
941 5434 1001 5484 οὐ
1029 5430 1263 5502 βούλεται
1297 5428 1393 5497 μὲν
1422 5428 1508 5478 τοῦ
1542 5430 1772 5499 πλήθους

296 5686 341 5720 ⁸⁸
379 5683 536 5739 Juan.
578 5698 641 5745 ι,
686 5680 762 5731 Η.
840 5678 881 5707 ⁸⁸³
918 5676 1064 5738 ibid,
1104 5675 1179 5727 Η.
1256 5674 1294 5704 ⁶¹
1335 5672 1462 5727 Gen.
1503 5688 1707 5742 xxxix,
1742 5682 1796 5732 εξ,

1873 4558 2115 4617 posteros
2147 4563 2331 4600 eorum
2358 4543 2773 4599 misericordiam
2804 4542 3059 4609 consequi
3091 4540 3403 4609 deprecans.

1873 4667 1941 4677 —
1979 4636 2135 4689 Vens.
2184 4637 2236 4690 '5.
2295 4634 2391 4687 Hic
2443 4648 2569 4686 vero
2616 4632 2730 4699 ipse
2768 4633 2858 4700 qui
2916 4639 3223 4684 sanctorum
3279 4629 3406 4681 olim

1875 4725 2113 4778 virorum
2145 4732 2325 4793 pastor
2350 4723 2468 4784 fuit,
2503 4722 2548 4774 is
2569 4722 2659 4789 qui
2691 4721 3001 4776 cherubinis
3031 4718 3241 4771 vehitur
3268 4725 3405 4769 erat.

1875 4816 2207 4879 Quibusnam
2267 4811 2600 4871 cherubinis,
2648 4810 2752 4864 nisi
2789 4811 2855 4863 iis
2888 4809 2977 4877 qui
3030 4807 3096 4858 ab
3134 4804 3412 4856 Ezechieln

1874 4905 1975 4959 visi
2024 4914 2179 4966 sunt,
2229 4916 2457 4971 quorum
2508 4899 2767 4966 imagines
2811 4906 2864 4950 et
2928 4894 3165 4965 symbola
3224 4893 3411 4960 jussus

1873 4992 2081 5061 Moyses
2118 5008 2275 5059 supra
2304 5005 2483 5043 aream
2514 5006 2578 5042 ex
2605 5003 2735 5041 auro
2757 4986 2964 5056 posuit?
2992 4982 3278 5037 Cherubim
3312 4995 3412 5033 aua-

1874 5089 1979 5133 tem
2018 5081 2258 5134 meminit
2290 5080 2531 5133 Ezechiel
2557 5078 2659 5130 hoc
2698 5086 2857 5145 pacto
2885 5076 3107 5140 loquens
3134 5089 3146 5122 :
3184 5069 3251 5121 Et
3282 5071 3412 5133 ridi,

1874 5179 1923 5223 et
1944 5187 2056 5223 ecce
2095 5186 2244 5237 super
2278 5170 2693 5236 ﬁrmamentum,
2731 5166 2864 5235 quod
2906 5171 3017 5215 erat
3062 5174 3215 5225 super
3260 5170 3414 5225 caput

1877 5259 2158 5319 cherubim,
2188 5259 2337 5328 quasi
2368 5258 2501 5323 lapis
2544 5256 2797 5324 sapphiri,
2833 5252 3123 5306 similitudo
3156 5246 3336 5299 throni
3363 5248 3420 5300 in

1874 5350 2063 5416 ipso“.
2094 5350 2280 5403 Postea
2313 5362 2438 5399 vero
2470 5346 2545 5397 ait
2577 5361 2591 5394 :
2628 5345 2693 5397 Et
2728 5356 2931 5413 egressa
2971 5346 3046 5389 est
3082 5335 3261 5403 gloria
3308 5334 3423 5388 Dr-

1877 5440 2006 5491 mini
2046 5456 2076 5491 a
2115 5440 2288 5490 limine
2350 5437 2552 5499 dooms,
2592 5446 2638 5489 et
2672 5432 2904 5489 ascendit
2930 5443 3078 5495 super
3108 5425 3426 5481 cherubim:

1876 5682 1916 5713 ⁸³
1958 5680 2144 5737 Ezeeb.
2184 5694 2232 5741 ι,
2264 5675 2350 5728 26.
