3834 6380
196 406 310 460 (δῦὶ

1400 398 1890 455 COMMENTARIA
1927 398 1994 453 ΙΝ
2029 395 2360 453 PSALMOS.

3333 396 3438 453 96%

220 530 372 587 φησι
428 512 567 583 πρὸς
616 518 820 571 αὐτόν’
873 518 1086 587 Ἐπειδὴ
1146 515 1409 587 τοσαύτης
1470 521 1802 590 κατηξίωσας

1912 518 2144 571 incidens
2189 516 2291 569 hoc
2321 515 2617 582 perquirat,
2655 513 2837 584 (Vens.
2879 510 2967 579 l5)
3000 508 3191 579 thuid
3224 510 3433 565 destru-

238 604 502 677 προνοίας
536 608 634 659 καὶ
660 611 968 681 ἐπιμελείας
989 612 1090 680 τὴν
1120 607 1409 678 εἰρημένην
1436 612 1689 680 ἄμπελον,
1724 628 1801 678 φι-

231 696 567 768 λανθρωπίᾳ
597 700 691 751 καὶ
715 702 894 771 χάριτι
931 704 1104 755 πάντα
1135 697 1304 751 ταῦτα
1341 702 1418 763 είς
1443 703 1609 771 αὐτὴν
1638 702 1800 753 ἐνδει-

234 787 504 856 ξάμενος,
534 788 622 850 τίς
641 790 741 842 ούκ
765 791 830 843 ἂν
856 792 1216 861 ἀμηχανήσειε
1233 791 1334 863 ,καὶ
1355 793 1431 854 είς
1457 793 1680 862 ἀπορίαν
1708 795 1801 859 ἐμ-

226 878 409 929 πέσοι
435 877 638 946 ζητῶν,
668 880 842 933 Ἰνατι
886 880 1155 944 καθεῖλες
1182 880 1289 931 τὸν
1309 881 1572 948 φραγμὸν
1597 880 1800 948 αὐτῆς,

1897 607 2023 659 misti
2057 606 2334 671 maceriam
2364 605 2496 672 ejus,
2530 612 2583 657 et
2619 619 2735 658 eam
2765 602 3016 657 omnibus
3048 601 3295 669 gentibus
3325 606 3437 655 cal-

1899 695 2125 749 candam
2154 695 2460 763 prmbuisti;
2493 695 2567 746 ita
2594 702 2653 747 ut
2687 693 2897 747 nemine
2932 692 3431 753 circummuniente.

1899 783 2093 850 cuique
2117 783 2317 835 volenti
2350 780 2521 849 ipsam
2562 780 2893 833 vindemiare
2931 764 3125 842 liceat;
3169 792 3233 831 ac
3272 779 3434 833 modo

1901 886 2029 941 aper
2053 872 2119 925 de
2147 871 2281 925 silva
2305 869 2633 938 pessumdet,
2662 868 2819 921 modo
2848 867 3137 935 singularis
3164 866 3312 921 ferus
3340 869 3434 921 dc-

225 969 591 1019 καταπατεῖν
619 986 681 1021 τε
708 970 874 1038 αὐτὴν
907 971 1073 1023 ἅπασι
1104 972 1214 1028 τοῖς
1243 969 1474 1021 ἐθέλουσι
1513 968 1804 1039 συνεχώρη-

222 1076 349 1119 σας
376 1076 390 1087 ·
422 1058 501 1121 ὡς
524 1060 734 1128 τρυγᾷν
759 1060 923 1129 αὐτὴν
954 1062 1076 1121 τοὺς
1103 1058 1464 1128 βουλομένους,
1498 1058 1715 1129 μηδενός
1744 1075 1803 1110 τε

222 1163 311 1197 πε
322 1146 739 1215 ριφράττοντος,
768 1146 893 1197 ποτέ
925 1147 1021 1215 μὲν
1052 1140 1113 1199 ὗν
1139 1148 1200 1197 ἐκ
1226 1146 1427 1215 δρυμοῦ
1460 1145 1803 1214 λυμαίνεσθαι

218 1236 440 1304 αὐτὴν,
473 1235 664 1288 ἄλλοτε
688 1236 743 1288 δὲ
774 1236 948 1305 μονιὸν
969 1236 1152 1305 άγριον
1173 1235 1593 1287 καταϐόσκεσθαι
1617 1236 1801 1303 αὑτήν;

236 1324 420 1375 Ἀλλά
455 1324 569 1394 γὰρ
604 1325 737 1394 πρὸς
766 1324 966 1394 ταύτην
985 1324 1080 1392 τὴν
1105 1325 1433 1394 ἐπαπόρησιν
1462 1324 1804 1394 ἀποκρίνεται

214 1410 333 1463 διὰ
370 1412 608 1464 Ἡσαΐου
657 1411 750 1462 τοῦ
790 1412 1083 1480 προφήτου,
1117 1410 1297 1478 ὥσπερ
1328 1409 1749 1478 ἀπολογούμενος
1777 1410 1806 1460 ό

215 1502 522 1572 γεωργὸς,
577 1501 673 1552 καὶ
721 1500 816 1569 τὴν
864 1499 1037 1551 αἰτίαν
1089 1500 1379 1569 παρίστησι
1419 1500 1618 1567 λέγων’
1654 1502 1805 1553 Διότι

218 1592 463 1660 ἔμεινα
497 1592 600 1643 ἵνα
632 1590 854 1658 ποιήσῃ
901 1591 1238 1658 σταφυλὴν,
1266 1590 1511 1655 ἐποίησε
1537 1590 1604 1641 δὲ
1629 1589 1806 1642 ἀκάν-

220 1684 391 1744 θας’
430 1680 535 1731 καί
575 1680 648 1732 οὐ
680 1678 1084 1746 δικαιοσύνην,
1119 1678 1275 1736 ἀλλὰ
1306 1678 1588 1746 κραυγήν.
1626 1678 1806 1731 Ταῦτα

1912 1670 2171 1733 umbram,
2218 1684 2325 1723 non
2368 1678 2545 1724 autem
2590 1670 2757 1738 ipsam
2806 1684 2984 1723 rerum
3016 1668 3301 1735 imaginem
3339 1668 3435 1720 lia-

218 1770 283 1821 δ’
340 1771 429 1820 ὅτι
474 1768 609 1836 περὶ
654 1767 747 1818 τοῦ
792 1766 1049 1819 Ἰουδαίων
1081 1767 1323 1819 λέλεκται
1352 1766 1500 1827 λαοῦ,
1540 1767 1708 1829 οὐδεὶς
1741 1766 1805 1818 ἂν

1912 1755 2064 1821 beat;
2091 1772 2208 1811 eam
2240 1758 2400 1811 modo
2436 1758 2491 1810 in
2530 1766 2709 1811 monte
2744 1757 2875 1819 Silo,
2907 1757 2997 1810 ubi
3022 1760 3171 1824 prius
3197 1765 3432 1810 erectum

223 1828 580 1927 ἁμφιϐάλοί.
626 1856 854 1925 Νοήσεις
900 1855 956 1907 δέ
1005 1856 1148 1919 ὅπως
1178 1856 1437 1924 ἐκάλυψεν
1475 1856 1638 1926 ὅρηή
1683 1856 1804 1908 σκιὰ

1912 1847 2076 1901 fuerat
2119 1848 2557 1913 tabernaculum;
2604 1847 2761 1901 modo
2803 1848 2859 1902 in
2900 1855 3080 1901 monte
3127 1845 3256 1900 Sion
3301 1856 3353 1901 et
3381 1848 3435 1900 in

224 1949 347 2016 τῆς
375 1946 654 2015 ἀμπέλου,
691 1944 1000 2013 ἐπιστήσας,
1027 1945 1102 2007 ὡς
1133 1945 1289 1997 σκιὰν
1311 1945 1444 2014 ἔχων
1467 1948 1495 1997 ὁ
1519 1946 1677 2014 νόμος
1702 1946 1807 1998 τῶν

1912 1936 2201 1990 Ierusalem
2248 1937 2563 2005 completam
2603 1952 2741 2000 esse,
2772 1944 2825 1991 et
2854 1938 3071 1992 arbusta
3100 1938 3217 2006 ejus
3245 1938 3436 1994 θεὼ-οε

1899 970 2086 1031 pascat
2116 961 2295 1014 illam?
2344 960 2539 1015 Verum
2592 961 2720 1014 huic
2760 960 2923 1014 dubio
2952 975 3047 1028 per
3085 959 3275 1012 Isaiam
3309 975 3433 1028 pro-

1901 1052 2112 1119 phetam
2136 1051 2424 1119 respondet
2453 1050 2710 1119 agricola,
2738 1049 2890 1117 quasi
2914 1051 2998 1101 sui
3026 1049 3286 1117 purgandi
3312 1064 3434 1115 gra-

1901 1143 1995 1203 tia,
2044 1140 2308 1208 hujusque
2350 1141 2427 1193 rei
2459 1155 2672 1193 causam
2707 1141 2789 1193 his
2818 1140 2993 1192 verbis
3022 1139 3221 1207 profert
3252 1157 3264 1191 :
3298 1137 3433 1201 Quia

1901 1229 2185 1294 exspectavi
2220 1237 2277 1279 ut
2326 1228 2513 1295 faceret
2553 1242 2723 1291 uvam,
2770 1226 2885 1293 fecit
2922 1235 3089 1277 autem
3136 1225 3338 1292 spinas,
3384 1233 3433 1276 et

1902 1334 2003 1370 non
2036 1317 2322 1384 justitiam,
2367 1317 2454 1369 sed
2493 1317 2767 1368 clamorem
2790 1317 2854 1365 ⁷³.
2902 1314 3025 1367 Hmc
3054 1328 3214 1383 porro
3243 1314 3309 1366 de
3341 1311 3435 1364 Juo

1903 1403 2056 1457 daico
2103 1405 2299 1473 populo
2343 1405 2483 1457 dicta
2530 1419 2648 1459 esse
2698 1418 2854 1458 nemo
2902 1403 3242 1457 dubitaverit.
3289 1400 3433 1466 Quo—

1904 1492 2064 1545 modo
2090 1501 2264 1545 autem
2294 1493 2483 1546 umbra
2509 1493 2677 1546 vinea:
2708 1500 2919 1547 montes
2964 1491 3236 1560 operuerit
3277 1490 3435 1543 intel-

1905 1580 2057 1649 liges,
2107 1580 2153 1633 si
2200 1579 2497 1648 perpendas
2539 1595 2660 1633 cum
2706 1581 2791 1634 lex
2836 1579 3136 1633 futurorum
3171 1579 3433 1631 bonorum

232 2034 566 2104 μελλόντων
596 2031 833 2099 ἀγαθῶν,
876 2033 975 2083 οὐκ
1001 2032 1166 2101 αὐτὴν
1203 2034 1301 2102 τὴν
1330 2034 1505 2085 εἰκόνα
1535 2034 1642 2085 τῶν
1671 2051 1807 2103 πρα-

229 2125 511 2193 γμάτων,
545 2122 675 2174 ποτέ
712 2121 807 2190 μὲν
835 2122 925 2171 ἐπὶ
949 2120 1040 2173 τοῦ
1080 2122 1237 2190 ὅρους
1270 2122 1592 2174 συνετελείτο
1626 2123 1717 2174 τοῦ
1750 2123 1808 2174 ἐν

232 2213 481 2282 Σηλὼμ,
516 2212 646 2264 ἔνθα
686 2215 746 2265 τὸ
786 2212 1040 2283 πρότερον
1084 2212 1319 2283 ῖδρυτοή
1368 2213 1553 2281 σκηνὴ,
1600 2213 1725 2265 ποτὲ
1753 2215 1808 2266 δέ

232 2303 348 2355 ἐπὶ
389 2303 489 2354 τοῦ
514 2302 653 2354 Σιὼν
677 2303 834 2374 ὅρους
861 2302 953 2356 καὶ
977 2303 1074 2371 τῆς
1105 2304 1465 2373 Ἰερουσαλὴμ,
1489 2305 1581 2357 καὶ
1604 2306 1659 2356 αἱ
1687 2305 1811 2357 ἀνα-

234 2390 546 2460 δενδράδες
581 2390 640 2442 δέ
667 2390 832 2459 αὐτῆς
863 2390 1128 2457 ἐκάλυψαν
1155 2390 1251 2451 τάς
1282 2390 1495 2459 κέδρους
1534 2390 1625 2444 τοῦ
1654 2392 1805 2446 Θεοῦ.

238 2479 431 2541 Τίνας
458 2478 503 2529 δ’
538 2478 605 2531 ἂν
637 2478 810 2541 εἴποις
836 2478 933 2540 τὰς
956 2479 1336 2548 ἀναδενδράδας
1362 2479 1459 2548 τῆς
1489 2480 1743 2549 ἀμπέλου,
1776 2481 1808 2550 ἢ

240 2567 357 2630 τὰς
384 2568 736 2636 προφητικάς
766 2567 938 2636 ψυχὰς
966 2568 1059 2620 καὶ
1087 2570 1211 2629 τοὺς
1243 2570 1299 2620 ἐν
1326 2569 1402 2637 τῷ
1428 2570 1810 2641 προτέρῳλαῷ

243 2661 335 2720 είς
365 2657 509 2725 ῦψος
533 2659 889 2727 ἐπηρμένους,
911 2656 1041 2709 Θεοῦ
1062 2674 1121 2710 τε
1140 2656 1299 2722 ἀξίως
1318 2659 1808 2728 πολιτευσαμένους,

244 2749 301 2801 οἳ
336 2749 438 2800 καὶ
465 2748 561 2800 ἐπὶ
604 2748 701 2810 τὰς
744 2747 964 2817 κέδρους
1003 2747 1093 2799 τοῦ
1123 2747 1254 2799 Θεοῦ
1300 2747 1689 2812 διανεπαύοντο,
1718 2750 1813 2811 τὰς

244 2837 530 2905 δυνάμεις
561 2836 626 2905 δὴ
652 2836 747 2897 τάς
772 2836 1028 2905 ἀοράτους
1054 2837 1145 2888 καὶ
1172 2837 1348 2900 θείας;
1374 2838 1543 2907 Μέχρι
1565 2838 1669 2909 γὰρ
1696 2839 1815 2891 τού-

246 2943 371 2977 των
403 2924 740 2993 ἐξετάθησαν
766 2924 821 2975 αἰ
849 2924 1205 2994 διαπρέψασαι
1238 2927 1294 2978 ἐν
1333 2925 1409 2994 τῷ
1436 2928 1677 2997 προτέρῳ
1705 2928 1814 2997 λαῷ

244 3014 461 3083 ψυχαὶ,
487 3014 565 3075 ὡς
605 3014 698 3065 καὶ
730 3013 1035 3082 Πνεύματος
1069 3015 1218 3081 ἁγίου
1263 3017 1523 3085 μετέχειν,
1569 3017 1660 3069 καὶ
1693 3020 1815 3079 τοὺς

245 3105 520 3173 καρποὺς
568 3103 824 3155 ἐκτείνειν
864 3104 1019 3172 μέχρι
1060 3106 1157 3174 τῆς
1186 3106 1473 3176 ἀΠελικῆς
1513 3108 1810 3177 δυνάμεως.
1841 3149 1882 3205 C

248 3196 341 3246 Τά
373 3194 437 3245 δὲ
467 3193 724 3261 κλήματα
752 3193 847 3261 τῆς
871 3193 1129 3261 ἀμπέλου,
1158 3194 1319 3264 ἕτερα
1359 3196 1486 3249 ὄντα
1532 3198 1678 3266 παρὰ
1714 3198 1813 3267 τὴν

251 3284 429 3336 σκιὰν
462 3283 558 3334 καὶ
593 3282 741 3351 παρά
768 3283 862 3344 τάς
905 3284 1305 3353 ἀναδενδράδας,
1341 3286 1561 3357 ἐξετάθη
1593 3289 1693 3351 ἓως
1721 3288 1814 3341 θα-

250 3374 498 3440 λάσσης.
538 3372 597 3422 Ὁ
625 3370 681 3421 δέ
711 3370 999 3438 Σύμμαχος
1030 3372 1146 3423 ἀντὶ
1179 3372 1289 3437 τοῦ,
1315 3376 1384 3426 τὰ
1406 3375 1688 3442 κλήματα,
1710 3377 1813 3441 τὰς

250 3462 484 3530 χαίτας
531 3457 740 3525 αὐτῆς,
791 3458 970 3526 φησὶν,
1019 3458 1305 3522 ἐξέτεινεν
1338 3462 1444 3526 ἕως
1486 3463 1810 3530 θαλάσσης.

254 3548 392 3604 Εἶεν
423 3549 471 3601 δ’
497 3548 564 3600 ἂν
589 3550 769 3615 χαῖται
802 3548 893 3600 καὶ
920 3548 1098 3616 κόμαι,
1126 3549 1305 3620 ὥσπερ
1331 3551 1675 3621 ἀναρίθμητοι
1702 3553 1815 3622 τρί-

250 3657 380 3709 χες,
420 3639 455 3708 ἢ
486 3638 584 3689 καὶ
612 3637 858 3705 κλήματα
889 3637 1234 3706 πληθύνοντα,
1266 3640 1403 3692 κατά
1434 3641 1494 3691 τὸ
1518 3644 1613 3710 τῆς
1640 3642 1815 3711 ἀμπέ-

250 3728 355 3781 λου
399 3724 775 3794 παράδειγμα,
802 3726 829 3775 ὁ
856 3723 1016 3785 πολὺς
1056 3724 1147 3776 τοῦ
1190 3725 1449 3778 Ἰουδαίων
1482 3726 1661 3788 ἔθνους
1695 3727 1815 3795 ἀρι-

253 3817 428 3887 θμὸς,
454 3815 518 3876 ὃς
541 3814 604 3881 δὴ
629 3813 823 3880 ἔφθασε
852 3814 1007 3882 μέχρι
1029 3812 1314 3884 θαλάσσης,
1339 3814 1621 3886 πληρώσας
1644 3816 1815 3868 πάντα

252 3907 354 3957 τὸν
397 3902 515 3955 τῶν
553 3900 849 3971 ἀνθρώπων
886 3902 1016 3970 βίον.
1062 3904 1150 3955 Διὸ
1180 3903 1421 3957 λέλεκται
1460 3906 1517 3957 ἐν
1556 3906 1709 3973 Ὠσηέ
1740 3905 1816 3974 τῷ

253 3996 568 4065 προφήτῃο
618 3992 725 4043 Καὶ
762 3988 841 4059 ἦν
882 3995 913 4044 ό
953 3993 1189 4060 ἀριθμὸς
1237 3995 1351 4047 τῶν
1398 3994 1540 4048 υἱῶν
1587 3995 1815 4063 Ἰσραὴλ

253 4084 414 4137 ὡσεὶ
450 4082 646 4148 ἄμμος
672 4079 782 4146 τῆς
825 4080 1154 4147 θαλάσσης,
1185 4081 1223 4147 ἢ
1261 4085 1371 4136 οὐκ
1399 4084 1817 4152 ἐκμετρηθήσε-

256 4192 383 4236 ται,
423 4170 572 4224 οὐδὲ
602 4170 1141 4237 ἐξαριθμηθήσεται.
1176 4174 1523 4243 Παραφυάδες
1568 4177 1623 4227 δὲ
1667 4175 1817 4229 ἄλλαι

254 4264 419 4324 τινὲς
460 4259 617 4327 παρὰ
644 4259 711 4311 τά
743 4259 990 4327 κλήματα
1017 4259 1269 4330 νεώτεραι
1299 4263 1389 4315 καὶ
1418 4266 1692 4335 ἀρτιφυεῖς
1718 4264 1819 4326 ἕως

256 4347 526 4418 ποταμοῦ
558 4348 954 4415 παρετάθησαν,
971 4348 1018 4397 οἱ
1039 4348 1142 4415 τῆς
1159 4351 1358 4419 Καινῆς
1382 4352 1644 4423 Διαθήκης
1666 4354 1822 4421 κήρυ-

1903 2024 1995 2079 Dei
2019 2025 2317 2094 operuisse.
2342 2024 2592 2090 Quaenam
2619 2041 2738 2080 esse
2764 2027 2931 2080 vineae
2959 2027 3177 2082 arbusta
3208 2027 3433 2091 dixeris,

1902 2116 2007 2170 nisi
2037 2116 2244 2169 animas
2272 2115 2631 2183 propheticas,
2668 2129 2731 2167 ac
2770 2130 2864 2168 eos
2896 2115 2989 2182 qui
3014 2116 3138 2168 olim
3170 2117 3223 2168 in
3256 2118 3435 2184 priore

1908 2205 2106 2273 populo
2135 2203 2495 2271 erigebantur,
2524 2210 2577 2256 et
2616 2203 2707 2270 qui
2752 2202 2911 2271 digne
2949 2203 3056 2257 Deo
3081 2204 3243 2256 vitam
3282 2205 3436 2259 insti-

1902 2302 2142 2356 tuerunt,
2173 2294 2264 2362 qui
2294 2294 2455 2347 etiam
2496 2294 2550 2346 in
2582 2294 2755 2348 cedris
2782 2293 2894 2359 Dei,
2926 2294 2978 2347 id
3004 2302 3107 2357 est,
3147 2296 3202 2347 in
3246 2296 3434 2350 invisi-

1903 2385 2099 2439 bilibus
2116 2383 2413 2451 divinisque
2432 2384 2736 2447 virtutibus,
2754 2385 3192 2453 requiescebant?
3214 2384 3351 2439 Nam
3368 2402 3435 2442 eo

1905 2490 2076 2543 usque
2106 2480 2365 2543 provecta:
2396 2480 2521 2528 sunt
2563 2475 2752 2526 anima:
2786 2489 2905 2544 qua:
2932 2475 2986 2527 in
3017 2476 3194 2543 priore
3222 2476 3312 2528 illo
3338 2491 3431 2544 po-

1907 2565 2033 2633 pulo
2061 2571 2250 2617 ornate
2273 2570 2327 2617 et
2353 2564 2515 2631 probe
2538 2563 2804 2628 vixerunt,
2836 2572 2894 2618 ut
2920 2572 2973 2618 et
2999 2566 3232 2633 Spiritus
3262 2571 3433 2620 sancti

1908 2655 2193 2724 participes
2219 2660 2420 2715 essent,
2462 2661 2515 2707 et
2557 2668 2725 2722 usque
2751 2654 2817 2706 ad
2849 2656 3118 2725 angelicas
3146 2664 3435 2725 potestates

1909 2745 2118 2799 fructus
2148 2758 2276 2798 suos
2304 2742 2669 2797 extenderent.
2699 2742 2952 2799 Palmites
2978 2760 3136 2813 porro
3162 2746 3348 2811 vineae,
3370 2748 3437 2800 ab

1909 2835 2095 2888 umbra
2140 2849 2270 2888 sane
2312 2848 2520 2887 necnon
2563 2833 2630 2887 ab
2674 2834 2907 2890 arbustis
2955 2835 3172 2900 diversi,
3229 2840 3437 2891 extensi

1910 2932 2036 2979 sunt
2065 2940 2233 2992 usque
2263 2923 2328 2975 ad
2359 2939 2523 2977 mare.
2565 2922 2916 2992 Symmachus
2961 2933 3135 2979 autem
3181 2940 3279 2992 pro
3322 2926 3434 2990 illo,

1909 3016 2167 3084 palmites,
2208 3016 2365 3082 jubas
2403 3031 2546 3077 suas,
2590 3015 2685 3077 ait,
2721 3017 2945 3068 extendit
2983 3032 3141 3084 usque
3178 3018 3245 3068 ad
3274 3034 3433 3073 mare.

1911 3103 2059 3157 Juba;
2088 3109 2263 3155 autem
2295 3110 2347 3154 et
2377 3116 2563 3163 comae,
2609 3116 2706 3155 ceu
2750 3103 3017 3156 innumeri
3063 3106 3238 3170 capilli
3284 3118 3435 3171 sunt;

1915 3198 2028 3247 sive
2058 3192 2217 3246 etiam
2249 3192 2494 3260 palmites
2523 3192 2598 3244 illi
2642 3191 2980 3260 multiplicati
3023 3194 3317 3248 secundum
3358 3198 3437 3249 vi-

1915 3296 2028 3335 nete
2058 3283 2380 3347 exemplum,
2420 3294 2643 3348 magnus
2676 3280 2764 3333 ille
2789 3280 3025 3335 Iudaicae
3050 3285 3224 3349 gentis
3252 3300 3438 3339 nume—

1916 3386 2009 3425 rus
2038 3376 2142 3432 est,
2175 3370 2265 3436 qui
2304 3384 2433 3423 sane
2474 3378 2644 3423 totum
2693 3370 2964 3423 hominum
3013 3387 3181 3441 genus
3224 3376 3437 3442 replens

1917 3459 2154 3528 pervenit
2191 3473 2360 3526 usque
2391 3459 2456 3511 ad
2489 3473 2653 3511 mare.
2684 3458 3036 3523 Quamobrem
3063 3464 3116 3515 in
3149 3461 3282 3517 Osca
3314 3481 3437 3533 pro-

1915 3549 2072 3617 phela
2099 3548 2297 3602 dictum
2325 3558 2406 3602 est
2436 3566 2450 3603 :
2483 3548 2551 3601 Et
2582 3559 2693 3602 erat
2726 3566 2966 3604 numerus
3009 3553 3240 3618 ﬁliorum
3270 3553 3439 3609 Israel

1915 3638 2063 3706 quasi
2091 3654 2248 3691 arena
2278 3639 2460 3703 maris,
2484 3656 2598 3707 quw
2615 3656 2715 3692 non
2743 3644 3124 3695 mensurabitur
3147 3654 3195 3696 et
3221 3662 3321 3697 nan
3346 3662 3440 3699 nu-

1917 3728 2198 3780 merabitur
2218 3729 2282 3782 7‘.
2314 3728 2637 3798 Propagines
2665 3746 2794 3785 vero
2819 3733 2934 3786 aliae
2967 3734 3190 3797 adnatet},
3213 3736 3442 3803 palmiti-

1917 3819 2016 3874 bus
2048 3820 2371 3873 recentiores
2406 3834 2468 3872 ac
2496 3835 2666 3888 nuper
2696 3829 2912 3885 exortae,
2944 3839 3114 3892 usque
3144 3824 3209 3877 ad
3247 3825 3440 3881 ﬂumen

1918 3916 2148 3963 extensae
2173 3918 2318 3973 sunt,
2350 3910 2595 3964 videlicet
2625 3909 2755 3964 Novi
2787 3910 3114 3966 Testamenti
3147 3930 3438 3983 praecones,

1919 4000 2186 4067 apostolos
2227 3999 2348 4052 dico
2380 4009 2432 4053 et
2458 4000 2751 4068 discipulos
2787 3999 3090 4056 Servatoris
3130 4005 3321 4067 nostri,
3350 4006 3439 4073 qui

1919 4103 2086 4157 genus
2112 4097 2165 4142 et
2187 4088 2442 4157 originem
2474 4105 2539 4143 ex
2566 4090 2813 4157 praedicta
2841 4092 2994 4144 vinea
3021 4091 3240 4155 ducunt,
3270 4104 3322 4147 et
3343 4110 3441 4148 ceu

1921 4179 2239 4248 propagines
2260 4180 2500 4248 quadam
2523 4181 2641 4248 ejus
2665 4188 2808 4236 sunt.
2830 4179 3011 4249 Neque
3030 4188 3204 4235 tamen
3226 4184 3444 4250 perinde

1922 4276 2081 4336 atque
2118 4270 2261 4337 jubze
2294 4280 2347 4323 et
2386 4272 2627 4338 palmites
2657 4271 2723 4324 ad
2748 4285 2917 4339 usque
2944 4284 3090 4324 mare
3118 4272 3443 4338 protendun-

1924 4363 2030 4417 tur,
2060 4357 2153 4411 sed
2186 4373 2356 4425 usque
2387 4357 2453 4410 ad
2485 4356 2699 4420 ﬂumen,
2734 4359 2803 4410 ob
2830 4358 3140 4426 mysterium
3171 4371 3445 4426 regenera-

256 4458 364 4502 κες
382 4456 399 4469 ⁸
433 4437 583 4503 λέγω
607 4436 664 4486 δὲ
687 4437 735 4487 οἱ
759 4435 1035 4487 ἀπόστολοι
1059 4438 1150 4487 καὶ
1177 4439 1225 4488 οἱ
1257 4439 1487 4509 μαθηταὶ
1514 4443 1605 4494 τοῦ
1639 4442 1812 4510 Σωτῆ-

1924 4444 2084 4499 tionis
2131 4446 2185 4499 in
2224 4446 2439 4501 Christo
2486 4447 2552 4499 ab
2591 4447 2658 4501 iis
2694 4447 3126 4501 subministrata.
3171 4447 3344 4513 Quare
3378 4450 3444 4502 de

261 4547 363 4599 ρος
395 4526 589 4597 ἡμῶν⁸
619 4525 716 4595 τὴν
751 4525 849 4592 μὲν
881 4525 1016 4594 φυὴν
1055 4527 1146 4576 καὶ
1176 4526 1274 4594 τὴν
1307 4528 1514 4593 γένεσιν
1541 4533 1812 4601 ἐσχηκότες

1925 4533 2198 4588 Salvatore
2225 4535 2343 4603 ipso
2375 4536 2427 4588 in
2459 4536 2662 4603 psalmo
2690 4550 2813 4587 uxr
2846 4535 3044 4589 dicitur
3068 4554 3081 4589 :
3108 4534 3174 4587 Et
3206 4536 3446 4589 domina-

258 4620 329 4672 ἐκ
350 4619 461 4685 τῆς
490 4613 876 4684 προλεχθείσης
898 4614 1158 4682 ἀμπέλου,
1183 4615 1273 4665 καὶ
1295 4614 1481 4687 ὥσπερ
1499 4621 1640 4683 τινὲς
1659 4638 1805 4692 παρα

258 4706 481 4776 φυὰδες
515 4703 684 4770 αὐτῆς
724 4703 1015 4770 γενόμενοι,
1040 4702 1219 4753 ούκέτι
1249 4702 1303 4752 δὲ
1334 4706 1532 4773 ὁμοίως
1561 4713 1675 4772 ταῖς
1705 4711 1824 4779 χαί-

255 4809 396 4854 ταις
447 4790 545 4842 καὶ
585 4792 696 4850 τοῖς
730 4789 963 4858 κλήμασι
1010 4790 1113 4850 ἕως
1154 4787 1425 4859 θαλάσσης
1461 4796 1821 4862 προελθόντες,

258 4882 389 4936 ἀλλ’
421 4880 530 4940 ἕως
562 4878 800 4946 ποταμοῦ
836 4878 921 4930 διὰ
960 4880 1021 4930 τὸ
1065 4876 1357 4945 μυστήριον
1401 4882 1498 4950 τῆς
1538 4884 1603 4935 δι’
1650 4886 1824 4938 αὐτῶν

258 4967 687 5041 χορηγουμένης
721 4969 778 5020 ἐν
813 4966 1025 5036 Χριστῷ
1052 4964 1485 5031 παλιγγενεσίας,
1522 4975 1707 5027 Ἔνθεν
1734 4979 1822 5029 κακ

258 5065 289 5114 ὁ
324 5058 529 5128 Σωτὴρ
569 5057 727 5119 αὐτὸς
761 5058 816 5109 ἐν
861 5062 935 5107 oa'
969 5052 1168 5123 ψαλμῷ
1195 5052 1471 5108 λέλεκται·
1501 5063 1611 5115 Καὶ
1652 5082 1825 5118 κατα-

260 5145 579 5213 κυριεύσει
610 5143 722 5195 ἀπὸ
748 5140 1053 5203 θαλάσσης
1086 5136 1196 5200 ἕως
1213 5136 1557 5207 θαλάσσης,
1593 5147 1687 5198 καί
1711 5149 1826 5201 ἀπὸ

261 5230 547 5298 ποταμοῦ
572 5229 678 5293 ἕως
710 5228 823 5280 τῶν
858 5225 1122 5292 περάτων
1158 5221 1257 5287 τῆς
1282 5226 1670 5299 οἰκουμένης,
1709 5236 1827 5305 Ἀρ.

263 5321 508 5390 ξαμένου
555 5318 660 5387 γὰρ
689 5316 792 5368 ἀπὸ
821 5314 908 5365 τοῦ
948 5309 1089 5362 κατά
1132 5309 1214 5360 τὸν
1254 5312 1538 5385 Ἰορδάνην
1580 5324 1823 5391 ποταμοῦ

261 5411 364 5464 τοῦ
406 5409 788 5478 βαπτίσματος,
822 5404 912 5470 τὴν
953 5397 1240 5464 σύμπασαν
1270 5402 1611 5473 ἐπλήρωσεν
1651 5412 1825 5465 οἰκου-

266 5502 458 5571 μένην.
492 5498 731 5549 Τέσσαοα
761 5492 813 5542 δὲ
842 5490 1089 5553 τάγματα
1123 5486 1212 5555 τῆς
1234 5490 1553 5565 εἰρημένης
1582 5498 1826 5567 ἀμπέλου

337 5676 379 5706 n
414 5673 512 5727 [δη.
552 5687 598 5730 ν,
631 5667 680 5716 5,
758 5661 799 5690 ⁷⁸
834 5656 943 5707 Ose.
987 5669 1045 5717 l,
1083 5656 1167 5708 10.

1923 4622 2059 4673 bitur
2088 4640 2120 4675 a
2148 4625 2282 4676 mari
2309 4640 2465 4693 usque
2509 4623 2576 4676 ad
2608 4641 2769 4685 mare,
2809 4634 2858 4678 et
2881 4642 2913 4678 a
2940 4627 3151 4694 ﬂumine
3189 4642 3347 4694 usque
3378 4627 3445 4678 ad

1924 4713 2164 4765 terminos
2186 4712 2322 4765 orbis
2354 4723 2632 4766 terrarum.
2655 4713 2787 4767 Nam
2810 4730 2933 4769 cum
2954 4717 3254 4784 baptismus
3281 4731 3309 4767 a
3334 4716 3447 4770 Jor-

1922 4799 2058 4854 dane
2097 4800 2258 4855 ﬂuvio
2296 4803 2501 4855 initium
2534 4805 2767 4866 duxerit,
2795 4812 2965 4858 totum
2994 4806 3215 4874 replevit
3239 4807 3444 4860 orbum.

1922 4889 2162 4952 Quatuor
2206 4905 2364 4957 porro
2416 4891 2679 4959 praedicta:
2725 4892 2891 4946 vineae
2948 4895 3164 4948 ordines
3214 4909 3447 4963 praesens

1922 4993 2097 5033 sermo
2125 4980 2412 5042 describit,
2444 4981 2685 5034 umbram
2711 4982 2915 5035 scilicet
2944 4982 3062 5050 ejus
3087 4993 3298 5039 montes
3322 4999 3450 5051 ope-

1922 5067 2178 5133 rientem;
2230 5070 2447 5122 arbusta
2494 5072 2613 5139 ejus
2653 5072 2706 5124 in
2746 5072 2909 5122 altum
2955 5072 3114 5136 elata,
3149 5074 3222 5125 ita
3252 5081 3311 5126 ut
3342 5090 3449 5128 non

1923 5157 2239 5225 simpliciter
2283 5159 2492 5224 cedros,
2545 5163 2638 5215 sed
2686 5160 2875 5214 cedi-os
2915 5160 3007 5213 Dei
3052 5164 3327 5229 operiant;
3383 5165 3449 5217 ad

1926 5246 2037 5300 haec
2078 5248 2320 5314 palmites
2366 5249 2483 5316 ejus
2529 5266 2699 5319 usque
2734 5249 2801 5301 ad
2838 5264 2984 5302 mare
3015 5260 3296 5313 extensos;
3319 5269 3454 5321 prte-

1925 5341 2008 5385 ter
2047 5332 2157 5385 haec
2194 5334 2371 5386 omnia
2399 5345 2574 5390 autem
2605 5335 2921 5406 propagines
2952 5337 3090 5403 ejus,
3115 5354 3232 5405 quae
3257 5341 3322 5392 ad
3344 5342 3469 5393 {lui

1930 5437 2050 5475 men
2089 5437 2257 5490 usque
2289 5425 2613 5493 perlingunt.
2669 5426 2912 5488 Quorum
2964 5426 3456 5493 interpretationem

1932 5524 2026 5577 pro
2054 5510 2245 5563 collata
2273 5510 2427 5566 nobis
2458 5514 2627 5583 gratia
2654 5510 2931 5576 dedimus,
2961 5513 3205 5567 umbram
3242 5514 3463 5583 quidem
