3834 6386
1375 448 1864 506 COMMENTARIA
1892 446 1962 501 IN
1999 444 2328 502 PSALMOS.
3346 442 3454 499 966

108 492 748 649 %;p(;:\e:?i;mv
780 561 937 632 αὐτῇ
975 564 1042 616 τὰ
1081 563 1454 633 συμϐησόμενα
1475 561 1612 616 κατὰ
1638 562 1761 621 τοὺς
1794 559 2123 629 δηλωθέντας
2147 560 2387 627 χρόνους.
2415 560 2511 612 Διά
2534 560 2630 629 μὲν
2659 556 2749 610 οὖν
2781 558 2884 610 τῶν
2919 557 3053 627 μετά
3081 558 3260 628 χεῖρας
3281 554 3450 607 ἐοικεν

160 602 286 745 :3?)
311 602 613 745 Afflﬁw
666 602 937 724 πρώτην.
959 602 1264 726 πολιορκίαν
1293 602 1389 723 τξν
1433 655 1536 706 ὑπὸ
1598 602 1941 705 Βαϐυλωνίων
1973 602 2285 720 γενομένΓην,
2317 651 2410 702 καὶ
2449 602 2832 720 τὴνΓδευτέραν
2875 602 2983 719 ei;
3013 602 3115 701 ὑπδ
3167 602 3450 716 ιῖΡωμαίων

182 720 593 830 ξξδάῧτεξδειῖ
617 743 635 760 ‘
675 735 781 794 διὰ
818 720 895 798 δέν
916 748 1006 799 τοῦ
1038 720 1142 816 πρδ
1169 720 1357 797 τούτου
1384 746 1452 797 τά
1492 743 1631 797 κατά
1674 742 1935 809 Ἀντίοχον
1956 742 2044 793 τὸν
2076 742 2336 810 Ἐπιφανῆ
2370 742 2673 811 συμϐάνταν
2708 741 2794 793 διά
2835 741 2887 793 δὲ
2919 740 3009 792 τοῦ
3039 740 3079 790 o'
3106 740 3199 791 καὶ
3233 739 3279 807 γ’
3317 738 3452 808 μόνα

225 810 413 896 ξιξ-ὄις
456 810 716 900 δστάτης
751 810 1198 905 πολιορκίας-τῆς
1224 834 1327 886 ὑπὸ
1365 834 1642 903 Ῥωμαίων
1673 830 1982 900 γενομένης,
2015 828 2087 891 ὡς
2111 829 2477 882 ἀποδέδεικται
2504 832 2561 883 ἐν
2592 832 2701 890 τοῖς
2729 829 2865 880 κατά
2896 828 2983 879 τὸν
3011 834 3087 894 ογ¹
3124 827 3448 897 εἰρημένοις,

315 927 372 976 '0
426 912 581 981 Θεὸς
620 917 746 972 τῶν
790 921 1116 991 δυνάμεων,
1166 922 1527 989 ἐπίστρεψον
1553 921 1651 987 δὴ,
1692 920 1790 972 ἐπι

1990 916 2148 972 Vens.
2184 918 2370 972 15-17.
2414 918 2554 971 Deus
2600 918 2867 979 virtutum,
2899 928 3208 982 convertere,
3258 922 3451 986 respice

235 1016 479 1082 ϐλεψον
527 1006 597 1072 ἐξ
635 1010 918 1078 οὐρανοῦ,
951 1010 1047 1064 καί
1086 1010 1193 1075 ἴδε,
1222 1011 1319 1063 καὶ
1354 1012 1670 1078 ἐπίσκεψαι
1700 1009 1791 1076 rip

1910 1004 1971 1057 de
2003 1005 2148 1068 cwlo,
2186 1018 2235 1059 et
2286 1007 2418 1070 vide,
2464 1017 2512 1059 et
2556 1008 2709 1061 visita
2750 1010 2949 1061 vineam
2974 1008 3152 1072 istam,
3187 1018 3235 1061 et
3262 1010 3450 1076 perﬁce

218 1105 535 1175 ἄμπελον
563 1101 813 1167 ταύτην,
851 1102 947 1154 καί
971 1100 1310 1168 κατάρτισαι
1334 1100 1543 1167 αὐτὴν,
1577 1100 1656 1166 ἢν
1682 1101 1791 1168 spe

1908 1111 2043 1160 eam,
2084 1112 2238 1165 quam
2292 1096 2548 1164 plantavit
2596 1098 2808 1150 dextera
2838 1109 2948 1159 tua,
2995 1108 3044 1150 et
3093 1114 3246 1165 super
3281 1099 3448 1166 ﬁlium

214 1208 470 1249 τευσεν
516 1193 558 1258 ἡ
592 1189 758 1253 δεξιά
781 1204 916 1253 σου,
950 1190 1047 1242 καί
1085 1190 1182 1241 ἐπὶ
1215 1189 1348 1243 υἱὸν
1377 1188 1703 1255 ἀνθρώπου,
1742 1187 1791 1240 ὅτ

1908 1184 2151 1249 hominis,
2184 1201 2331 1252 quem
2361 1186 2683 1253 conﬁrmasti
2726 1187 2838 1239 tibi.
2883 1184 3104 1240 Incensa
3132 1187 3238 1255 igni
3260 1195 3310 1238 et
3337 1186 3449 1254 suf-

199 1280 674 1350 ἐκραταίωσας
702 1278 951 1342 σεαυτῷ.
994 1276 1497 1345 Ἐμπεπυρισμένη
1534 1277 1671 1342 πυρὶ
1714 1293 1789 1328 κα

1910 1274 2074 1342 fossa,
2099 1274 2162 1326 ab
2192 1275 2540 1341 increpatione
2561 1275 2730 1327 vultus
2760 1276 2835 1327 tui
2862 1276 3119 1344 peribunt.
3154 1274 3445 1344 Postquam

195 1369 714 1438 ἀνεσκαμμένη,
759 1368 874 1421 ἀπὸ
914 1367 1299 1435 ἐπιτιμήσεως
1345 1366 1450 1419 τοῦ
1494 1367 1810 1433 προσώπου

188 1474 343 1511 σου
400 1455 814 1509 ἀπολοῦνται.
855 1455 942 1516 Ὦς
987 1453 1186 1520 ἀγαθὸν
1225 1453 1463 1522 γεωργὸν
1503 1454 1811 1522 ὑπομνήσας

178 1548 319 1617 τῆς
361 1544 594 1612 πολλῆς
626 1542 790 1596 αὑτοῦ
819 1542 944 1612 περὶ
974 1542 1069 1612 τὴν
1096 1541 1333 1613 ἀμπελον
1362 1541 1691 1611 ἐπιμελείας,
1718 1543 1811 1596 καὶ

176 1636 315 1702 τῆς
363 1634 529 1702 μετά
575 1631 749 1683 ταῦτα
780 1629 1059 1699 συμϐάσης
1090 1631 1223 1701 αὐτῇ
1259 1629 1506 1699 ἐρημίας,
1554 1629 1679 1698 tes;
1718 1631 1811 1683 καὶ

170 1722 568 1783 ἀκολούθως
624 1720 855 1772 ἱκετεύει
897 1720 1212 1789 ἐπιστρέψαι
1256 1721 1330 1782 ὡς
1381 1719 1806 1788 ἀποστραφέντα,

171 1814 309 1864 καὶ
352 1812 461 1864 διὰ
497 1812 602 1880 τῆς
631 1812 971 1880 ἀποστροφῆς
993 1813 1102 1872 τοῖς
1132 1810 1387 1872 ἐναντίοις
1420 1811 1578 1863 πᾶσιν
1598 1809 1809 1861 ἐκδεδω·

1908 1362 1958 1415 ei
1990 1369 2047 1414 ut
2071 1362 2210 1415 bono
2239 1363 2485 1430 agricola:
2520 1363 2574 1416 in
2618 1364 2927 1417 memoriam
2967 1366 3234 1418 revocavit
3264 1364 3449 1432 iugen-

1908 1462 2017 1507 tem
2073 1454 2216 1506 illam
2253 1469 2403 1507 suam
2453 1469 2548 1522 pro
2579 1455 2734 1509 vinea
2781 1456 3218 1518 sollicitudinem,
3251 1463 3305 1509 et
3334 1455 3445 1524 ipsi

1908 1542 2107 1596 illatam
2138 1552 2322 1611 postea
2376 1546 2714 1609 vastitatem;
2767 1550 2869 1599 sub
2914 1546 3024 1599 haec
3054 1554 3449 1614 consequenter

1907 1632 2192 1701 supplicat,
2225 1644 2281 1687 ut
2306 1635 2369 1687 ad
2399 1649 2515 1687 eam
2546 1650 2604 1688 se
2629 1642 2927 1698 convertat,
2952 1635 3041 1703 qui
3061 1635 3265 1704 pridem
3298 1642 3449 1689 aver-

1907 1737 2000 1776 sus
2049 1723 2098 1777 ei
2154 1730 2319 1784 esset,
2376 1737 2438 1776 ac
2486 1738 2580 1791 per
2617 1724 2950 1777 aversionem
2996 1724 3161 1783 illam,
3211 1724 3449 1778 inimicis

1906 1813 2141 1867 eamdem
2172 1815 2379 1867 vineam
2410 1815 2734 1870 tradidisset.
2780 1813 2952 1883 Rogat
2998 1821 3174 1868 autem
3212 1815 3359 1866 illum
3392 1825 3450 1868 ut

1906 1901 2210 1956 consideret
2264 1909 2318 1956 et
2355 1917 2570 1956 sursum
2625 1902 2692 1955 de
2720 1903 2858 1955 caalo
2902 1902 3171 1969 respiciat,
3195 1903 3446 1958 recorde—

1906 1997 2099 2058 turque
2145 2000 2493 2045 memoratam
2544 1990 2775 2054 vineam,
2829 1991 2913 2045 sui
2968 1992 3354 2059 plantationem
3396 2002 3450 2047 et

168 1903 364 1954 χότα
407 1901 522 1971 τὴν
572 1899 833 1970 ἄμπελον.
886 1900 1200 1968 Ἐπισκέψαι
1247 1900 1303 1951 δὲ
1352 1900 1509 1953 αὑτὸν
1562 1900 1805 1963 ἱκετεύει,

167 1993 305 2044 καὶ
351 1990 672 2058 ἐπιϐλέψαι
701 1990 900 2043 ἀνωθεν
925 1989 983 2053 ἐξ
1010 1989 1232 2059 οὐρανοῦ
1251 2006 1265 2019 ·
1303 1989 1596 2059 μνησθῆναί
1616 2006 1704 2065 ,τε,
1733 1990 1807 2052 ὡς

168 2083 327 2151 ἄρα
374 2080 475 2150 εἴη
508 2079 677 2133 αὑτοῦ
707 2080 915 2148 φυτεία,
950 2079 1040 2131 καὶ
1065 2079 1162 2148 τῆς
1184 2079 1344 2131 αὐτοῦ
1372 2079 1545 2144 δεξιᾶς
1569 2079 1791 2149 γεωργία

1904 2079 2136 2133 dextera:
2184 2095 2295 2135 suae
2356 2079 2738 2148 agriculturam
2789 2095 2933 2141 esse,
2978 2080 3203 2148 ejusque
3246 2097 3451 2135 memor

169 2170 217 2236 ἡ
278 2167 695 2237 προλεχθεῖσα
741 2166 999 2235 ἄμπελος,
1035 2168 1125 2219 καὶ
1170 2167 1466 2236 μνησθέντα
1513 2166 1791 2235 ἐπισκέψα-

1904 2171 2084 2223 visitet
2106 2170 2272 2231 illam,
2309 2177 2492 2237 utpote
2518 2184 2635 2237 quae
2662 2170 2788 2222 olim
2814 2170 2882 2223 ab
2901 2168 3017 2236 ejus
3048 2170 3267 2223 dextera
3297 2171 3449 2239 plan-

174 2258 354 2311 σθαι
398 2257 605 2325 αὐτὴν,
636 2257 712 2318 ὼς
750 2256 816 2307 ἂν
845 2255 1007 2307 πάλαι
1036 2256 1130 2322 μὲν
1163 2256 1263 2308 ὑπὸ
1306 2256 1402 2325 τῆς
1428 2255 1588 2310 αὑτοῦ
1628 2256 1791 2319 δεξιᾶς

1901 2266 2007 2311 tata
2036 2258 2195 2310 fuerit
2219 2276 2231 2311 :
2256 2258 2364 2325 jam
2388 2273 2513 2311 vero
2535 2257 2750 2311 incensa
2773 2259 2880 2327 igni
2907 2267 2960 2311 et
2989 2258 3240 2319 sull‘ossa,
3274 2260 3341 2312 ab
3368 2260 3421 2312 in

171 2348 635 2417 φυτευθεῖσαν,
666 2346 780 2398 νυνὶ
807 2345 863 2397 δὲ
898 2346 1370 2414 ἐμπεπυρισμένην
1402 2346 1533 2414 πυρὶ
1561 2346 1653 2397 καὶ
1684 2345 1791 2397 ἀνε-

1901 2347 2205 2415 crepatione
2258 2349 2439 2402 vultus
2470 2348 2589 2416 ejus
2634 2350 2871 2417 perierit.
2928 2347 3184 2402 Precatur
3229 2348 3355 2402 item
3390 2358 3449 2402 ut

178 2436 601 2506 τετραμμένην,
631 2436 724 2487 καὶ
751 2433 857 2485 ἀπὸ
892 2434 1253 2503 ἐπιτιμήσεως
1279 2432 1372 2485 τοῦ
1397 2432 1678 2502 προσώπου
1709 2433 1791 2485 αὑ-

1901 2452 2180 2491 resumens
2210 2445 2629 2506 restauransque
2654 2439 2797 2490 illam
2834 2439 3128 2492 servatoris
3155 2451 3218 2490 ac
3245 2436 3442 2491 medici

176 2529 307 2581 τοῦ
341 2527 728 2581 ἁπολωλυῖαν.
764 2524 926 2589 Ἀξιοί
953 2541 1009 2576 τε
1038 2523 1454 2593 καταρτίσασθαι
1484 2522 1649 2591 αὐτὴν
1675 2524 1791 2574 ἀνα-

1908 2528 2081 2581 instar
2108 2527 2343 2581 reﬁciat:
2365 2537 2417 2580 et
2440 2527 2551 2580 hate
2571 2535 2693 2595 agat
2722 2542 2812 2595 per
2831 2526 3022 2579 Filium
3055 2541 3214 2595 quem
3246 2524 3445 2582 conﬁr-

179 2620 480 2673 λαϐόντα
547 2617 646 2669 καὶ
707 2615 1146 2685 ἀνακτησάμενον
1191 2612 1342 2682 δίκην
1408 2613 1643 2682 σωτῆρος
1709 2612 1791 2665 καῖ

1901 2617 2064 2669 mavit
2092 2617 2216 2671 sibi.
2236 2617 2400 2681 Queis
2419 2625 2603 2684 aperte
2626 2618 2932 2671 declaratur
2957 2617 3045 2670 hic
3069 2618 3303 2686 primum
3337 2618 3442 2671 loci

192 2707 429 2777 ἰατροῦ
451 2724 465 2736 ·
499 2706 598 2758 καὶ
615 2704 785 2756 ταῦτα
812 2703 1010 2772 πρᾶξαι
1035 2701 1119 2754 διὰ
1149 2700 1240 2753 τοῦ
1270 2699 1397 2753 Υίοῦ
1424 2700 1481 2752 δν
1504 2700 1791 2771 ἐκραταίω-

1901 2706 2207 2759 incendium
2263 2706 2530 2769 adnotari,
2553 2706 2695 2775 quod
2735 2722 2765 2757 a
2815 2705 3121 2775 Babyloniis
3154 2723 3448 2776 perpessus

192 2815 311 2850 σεν
358 2795 579 2864 ἑαυτῷ.
627 2796 705 2846 Δι’
754 2787 826 2846 ὧν
858 2792 1040 2859 σαφῶς
1070 2794 1098 2844 ό
1136 2791 1289 2858 λόγος
1326 2789 1557 2842 διδάσκει
1590 2789 1791 2862 πρῶτον

1901 2804 1998 2850 est.
2026 2793 2208 2863 Neque
2256 2796 2399 2847 enim
2435 2802 2553 2864 post
2600 2795 2897 2849 secundum
2929 2796 3234 2849 incendium
3270 2813 3300 2849 a
3334 2796 3444 2849 Ro-

195 2882 377 2938 εἷναι
425 2884 525 2935 τὸν
561 2881 884 2951 ἐμπρησμὸν
921 2880 976 2932 ὃν
1008 2879 1217 2949 πριῖηον
1259 2879 1540 2949 ὑπέμεινεν
1572 2880 1600 2930 ὁ
1642 2878 1791 2942 τόπος

1901 2886 2070 2939 manis
2104 2885 2329 2947 illatum,
2381 2885 2623 2938 divinum
2674 2884 2969 2940 Salvatoris
3012 2886 3319 2949 adventum,
3351 2889 3444 2956 qui

198 2976 331 3028 ὑπὸ
389 2971 777 3024 Βαϐυλωνίων.
820 2970 891 3023 Οὐ
929 2969 1036 3039 γὰρ
1062 2969 1126 3022 ἂν
1160 2969 1295 3038 μετά
1323 2969 1411 3021 τὸν
1436 2968 1681 3040 δεύτερον
1705 2970 1791 3037 ἐμ-

1901 2976 2000 3043 iam
2023 2979 2343 3047 contigerat,
2378 2980 2637 3031 maturari
2694 2988 2955 3047 rogasset.
3002 2978 3313 3047 Opportune
3351 2994 3445 3030 au-

201 3063 503 3135 πρησμὸν
535 3061 629 3113 τὸν
657 3060 761 3111 ὑπὸ
796 3060 1073 3129 Ῥωμαίων
1115 3059 1400 3127 γενόμενον
1436 3057 1532 3127 τὴν
1561 3056 1655 3109 τοῦ
1688 3058 1791 3108 Σω-

1901 3075 2001 3119 tem
2054 3075 2174 3134 post
2243 3069 2473 3136 priorem
2533 3069 2677 3121 illam
2730 3068 2833 3120 loci
2888 3069 3248 3121 calamitatem
3292 3074 3448 3136 rogat

201 3156 404 3225 τῆρος
444 3152 772 3219 θεοφάνειαν
800 3148 1046 3217 γενέσθαι
1075 3147 1225 3216 ἠξίου
1255 3146 1350 3214 τὴν
1378 3146 1476 3216 ήδη
1503 3146 1791 3215 γεγενημέ-

1901 3156 2256 3223 postulatque,
2275 3165 2333 3209 ut
2350 3156 2672 3225 Redemptor
2700 3157 2943 3211 adveniat
2966 3172 3102 3225 :quo
3131 3158 3441 3221 accedente,

207 3262 350 3316 νην.
407 3242 618 3313 Χώραν
659 3240 715 3292 δὲ
760 3240 871 3310 ἔχει
912 3238 1047 3308 μετά
1079 3239 1147 3291 τὰ
1183 3237 1370 3305 πρῶτα
1401 3237 1678 3306 συμϐάντα
1722 3237 1791 3307 τῷ

1901 3243 2016 3311 quia
2042 3245 2266 3311 gratiam
2291 3245 2421 3313 ipsis
2451 3246 2720 3313 prioribus
2753 3246 3125 3299 annuntiatam
3154 3262 3259 3298 non
3291 3261 3437 3299 recc-
3484 3296 3489 3301 ,

206 3336 388 3404 τόπῳ
419 3332 692 3385 ἱκετεύειν
712 3330 804 3382 καὶ
828 3327 1035 3381 δέεσθαι
1062 3325 1153 3379 τὸν
1173 3327 1458 3396 Λυτρωτὴν
1487 3328 1791 3395 ἐπιστῆναι·

1901 3340 2115 3401 perunt,
2151 3344 2442 3387 extremam
2490 3336 2943 3402 promeritamque
2984 3334 3287 3388 vastitatem
3318 3335 3441 3401 jure

209 3420 281 3480 οὖ
332 3422 699 3483 ἐπιστάντος,
737 3419 860 3470 ἐπεὶ
904 3416 975 3486 μὴ
1022 3415 1377 3485 παρεδέξαντο
1424 3415 1519 3485 τὴν
1568 3415 1791 3484 πρώτοις

1901 3420 2133 3486 perpessi
2189 3429 2335 3483 sunt,
2365 3436 2521 3489 quam
2557 3422 2670 3489 ipse
2702 3423 3064 3476 comminatus
3096 3422 3203 3477 illis
3245 3431 3326 3476 est
3356 3422 3442 3477 his

212 3516 422 3575 αὐτοῖς
456 3512 526 3563 δι’
559 3509 722 3561 αὑτοῦ
751 3505 1200 3574 καταγγελθεῖσαν
1242 3504 1417 3574 χάριν,
1452 3506 1669 3567 εἰκότως
1698 3508 1791 3575 τὴν

1901 3506 2072 3559 verbis
2108 3525 2120 3559 :
2159 3506 2371 3572 Quoties
2410 3510 2546 3562 volui
2592 3525 2899 3578 congregare
2926 3511 3065 3577 ﬁlios
3101 3520 3237 3573 tuos,
3262 3526 3441 3579 quem-

216 3605 484 3673 ὑστάτην
514 3601 812 3667 ὑπέμειναν
833 3595 1063 3666 ἐρημίαν
1082 3611 1095 3625 ·
1130 3594 1194 3663 ἣν
1219 3595 1374 3656 αὐτὸς
1404 3594 1791 3664 προσετίμησεν

1901 3600 2174 3654 admodum
2211 3604 2408 3672 gallina
2449 3613 2721 3672 congregat
2750 3596 2918 3670 pullos
2944 3622 3064 3658 suos
3099 3605 3193 3659 sub
3220 3604 3359 3665 alas,
3387 3615 3436 3657 et

215 3697 420 3757 αὐτοῖς
475 3689 680 3743 είπών’
732 3686 994 3750 Ποσάκις
1035 3684 1302 3751 ἠθέλησα
1341 3684 1791 3752 ἐπισυναγαγεῖν

1901 3692 2134 3745 noluistis
2159 3696 2183 3748 ?
2207 3696 2335 3747 Ecce
2380 3695 2695 3763 relinquetur
2744 3695 2882 3747 vobis
2923 3695 3105 3748 domus
3152 3705 3322 3748 vestra
3350 3694 3439 3745 de-

215 3787 295 3839 τὰ
347 3784 551 3838 τέκνα
591 3795 727 3841 σου,
758 3778 829 3831 ὃν
873 3777 1092 3843 τρόπον
1137 3773 1298 3841 ὄρνις
1330 3773 1673 3842 ἐπισυνάγει
1722 3774 1791 3827 τὰ

1901 3793 2034 3835 serta
2057 3785 2139 3835 θοι
2170 3782 2385 3851 quando
2416 3783 2708 3837 secundum
2748 3783 3086 3853 Apostolum,
3117 3782 3339 3850 pervenit
3369 3796 3434 3834 aa

214 3875 466 3928 νοσσία
496 3872 620 3925 ὑπὸ
665 3869 771 3933 τὰς
810 3866 1116 3933 πτέρυγας,
1149 3866 1245 3918 καί
1287 3867 1395 3918 οὐκ
1424 3864 1791 3931 ἠθελήσατε;

1901 3885 1981 3923 eos
2004 3872 2085 3923 ira
2108 3872 2160 3923 in
2197 3874 2346 3929 ﬁnem
2372 3872 2439 3925 ".

231 3966 401 4020 Ἰδοὺ
437 3963 680 4031 ἀφίεται
703 3959 843 4028 ὑμῖν
867 3962 898 4011 ό
929 3954 1088 4023 οἶκος
1120 3955 1283 4025 ὑμῶν
1306 3957 1552 4024 ἕρημοςο
1592 3957 1679 4009 ὅτε
1727 3958 1820 4010 καὶ
1856 3961 1993 4013 κατὰ
2036 3963 2125 4016 τὸν
2168 3964 2501 4027 Ἀπόστολον,
2531 3962 2789 4030 ἔφθασεν
2833 3965 2919 4027 είς
2954 3960 3170 4015 αὑτοὺ(-
3214 3961 3252 4025 ἠ
3293 3957 3438 4027 ὀργὴ

214 4064 312 4126 είς
336 4058 547 4118 τέλος.

1965 4183 2124 4237 Vnus.
2162 4183 2244 4237 l8.
2286 4182 2410 4235 Fiat
2441 4197 2626 4235 manus
2675 4191 2764 4233 tua
2812 4195 2965 4247 super
3001 4181 3169 4232 virum
3211 4181 3437 4237 dexteri:

1895 4284 2017 4334 tua’,
2048 4283 2095 4326 et
2122 4289 2274 4335 super
2302 4273 2470 4341 ﬁlium
2508 4270 2751 4332 hominis,
2787 4285 2932 4338 quem
2967 4269 3288 4337 conﬁrmasti
3319 4271 3431 4322 tibi.

294 4189 638 4258 Γενηθήτω
664 4187 701 4253 ἡ
750 4185 876 4254 χείρ
918 4199 1032 4237 σου
1073 4185 1164 4237 ἐπ’
1204 4184 1385 4252 ἄνδρα
1421 4183 1616 4249 δεξιᾶς
1655 4200 1790 4248 σου,

217 4287 328 4341 καὶ
361 4283 471 4337 ἐπὶ
497 4281 638 4336 υἱὸν
663 4277 991 4343 ἀνθρώπου,
1022 4276 1092 4328 ὃν
1116 4276 1513 4342 ἑκραταίωσας
1544 4276 1789 4340 σεαυτῷ.

219 4377 341 4432 Καὶ
388 4376 469 4428 οὐ
498 4370 586 4440 μὴ
620 4367 974 4434 ἀποστῶμεν
1020 4366 1132 4418 ἀπὸ
1167 4367 1300 4429 σοῦ,
1340 4368 1580 4432 ζωώσεις
1616 4365 1791 4435 ἡμᾶς.

218 4469 377 4521 Μίαν
402 4464 521 4516 τῶν
551 4457 951 4531 προλεχθέντων
979 4456 1227 4508 ἁπάντων
1252 4457 1537 4524 θεραπείαν
1561 4458 1792 4510 διδάσκει

215 4560 287 4611 τὸ
332 4554 572 4621 Πνεῦμα
618 4549 679 4601 τὸ
722 4548 891 4614 ἅγιον,
925 4545 1019 4614 τὴν
1052 4548 1129 4607 είς
1175 4545 1482 4616 ἀνθρώπους
1528 4547 1620 4599 τοῦ
1666 4550 1794 4616 Χρι-

220 4646 361 4701 στοῦ
390 4643 491 4696 τοῦ
524 4638 660 4692 Θεοῦ
692 4634 1000 4705 παρουσίαν.
1032 4634 1226 4704 Διόπερ
1253 4634 1384 4702 μετά
1410 4636 1475 4687 τά
1503 4653 1795 4705 προφητευ-

217 4738 397 4792 Θέντα
429 4750 499 4785 πε
510 4732 562 4801 pl.
585 4729 687 4796 τῆς
713 4726 940 4797 ἐρημίας
964 4723 1056 4775 τοῦ
1085 4724 1396 4792 ἀμπελῶνος
1421 4724 1513 4776 καὶ
1535 4725 1623 4776 τοῦ
1646 4724 1794 4776 ἐπελ-

1896 4362 1961 4413 Et
1999 4380 2100 4416 non
2128 4363 2446 4415 discedemus
2480 4378 2511 4413 α
2541 4372 2607 4419 ιε,
2632 4358 2915 4425 viviﬁcabis
2948 4374 3058 4409 nos.
3093 4356 3262 4409 Unam
3300 4375 3434 4428 pra:-

1893 4453 2159 4506 dictorum
2200 4453 2437 4505 omnium
2482 4449 2813 4503 curationem
2856 4447 3011 4500 docet
3042 4446 3276 4513 Spiritus
3308 4464 3435 4502 san-

1895 4552 2034 4606 ctus,
2092 4557 2282 4611 nempe
2332 4540 2530 4595 Christi
2578 4537 2670 4591 Dei
2718 4537 2785 4589 ad
2842 4537 3083 4589 homines
3124 4536 3430 4591 adventum.

1896 4630 2251 4695 Quamobrem
2311 4638 2432 4699 post
2482 4627 2815 4696 prophetiam
2864 4625 2931 4678 de
2960 4626 3129 4678 vineae
3157 4627 3430 4690 vastitate,

1896 4729 1947 4774 et
1967 4722 2032 4775 de
2062 4722 2240 4773 futuro
2269 4721 2385 4787 ejus
2429 4717 2699 4778 incendio,
2734 4714 2816 4769 liis
2847 4715 3113 4783 supplicat
3145 4720 3201 4764 ut
3225 4714 3435 4767 redem-

222 4831 422 4889 θόντος
455 4822 608 4890 αὐτῷ
650 4817 973 4889 ἐμπρησμοῦ
1003 4816 1226 4868 ἱκετεύει
1263 4814 1328 4867 τὰ
1362 4815 1690 4884 προκείμενα
1718 4816 1791 4875 εἰς

1901 4816 2097 4875 ptorem
2134 4816 2443 4875 exspectare
2488 4807 2663 4869 liceat,
2716 4806 2890 4856 virum
2938 4803 3167 4855 dexterae
3218 4799 3334 4866 Dei,
3380 4812 3432 4855 et

218 4922 292 4974 τὸ
338 4914 654 4990 προσδοκᾷν
699 4910 972 4980 λυτρωτὴν
1020 4908 1108 4959 τὸν
1151 4906 1311 4976 ἄνδρα
1357 4906 1451 4973 τῆς
1497 4903 1671 4968 δεξιᾶς
1697 4903 1787 4955 τοῦ

220 5007 395 5070 Θεοῦ,
431 5003 529 5055 καὶ
568 4999 660 5051 τὸν
682 4998 792 5048 υἱὸν
828 4993 920 5046 τοῦ
960 4992 1235 5062 ἀνθρώπου
1270 4993 1358 5043 τὸν
1391 4990 1493 5042 ὑπὸ
1532 4991 1622 5042 τοῦ
1661 4991 1790 5043 Θεοῦ

224 5088 740 5165 κεκραταιωμένον.
777 5079 939 5144 Οὗτος
970 5083 1024 5134 δὲ
1056 5078 1120 5150 ἦν
1148 5084 1175 5133 ό
1203 5080 1477 5149 ἀγαπητὸς
1515 5078 1607 5130 τοῦ
1639 5079 1791 5141 Θεοῦ,

222 5188 292 5239 ὃν
324 5184 530 5236 εἰδέναι
570 5178 663 5230 καὶ
714 5176 961 5243 παρεῖναι
992 5171 1057 5222 δι’
1095 5171 1258 5239 εὐχῆς
1287 5167 1521 5221 τίθεσθαι
1570 5168 1793 5237 παραδί-

224 5277 369 5330 δωσι
415 5273 533 5331 τοῖς
581 5262 1025 5332 ἐντυγχάνουσιν·
1072 5259 1144 5320 ὡς
1192 5258 1276 5317 ἂν,
1316 5257 1528 5323 γνόντες
1560 5255 1715 5305 αὑτὸν
1746 5255 1794 5306 οἱ

226 5364 415 5419 ταῦτα
460 5354 941 5428 προδιδασκόμενοι
967 5350 1059 5400 καὶ
1091 5351 1167 5409 εἰς
1199 5347 1355 5398 αὐτὸν
1395 5342 1791 5405 πιστεύσαντες,

225 5453 304 5505 δι’
327 5448 492 5502 αὑτοῦ
519 5444 700 5512 τυχεῖν
724 5439 823 5505 τῆς
853 5435 955 5486 τῶν
983 5435 1163 5486 κακῶν
1191 5432 1479 5502 θεραπείας
1501 5429 1788 5481 ἐλπίσειαν.

230 5540 334 5594 Διὸ
363 5539 426 5589 ἐκ
470 5530 764 5603 προσώπου
804 5522 908 5574 τῶν
937 5522 1222 5589 θεραπείας
1261 5518 1521 5587 δεομένων
1557 5514 1685 5584 φησὶ
1709 5517 1789 5579 τὸ,

1894 4899 2061 4951 lilium
2096 4897 2324 4950 hominis
2351 4911 2380 4949 a
2423 4895 2528 4947 Deo
2556 4894 2950 4947 confirmatum.
2986 4889 3083 4940 llic
3125 4904 3287 4955 porro
3317 4899 3432 4942 erat

1893 4987 2121 5040 dilectus
2154 4985 2244 5038 Dei
2276 5004 2287 5038 :
2311 5000 2465 5052 quem
2487 4998 2543 5035 se
2564 4996 2742 5040 nosse,
2770 4995 2833 5032 ac
2858 4985 2917 5031 ut
2945 4974 3195 5028 adveniat
3219 4975 3274 5027 in
3307 4984 3437 5030 voto

1897 5077 2089 5130 habere
2123 5077 2416 5145 legentibus
2460 5074 2667 5137 tradit;
2722 5070 2891 5137 utqui
2935 5068 3045 5118 hzec
3077 5064 3230 5132 prius
3258 5065 3434 5118 edocti

1899 5174 2046 5228 sunt,
2080 5167 2178 5218 hac
2229 5165 2414 5217 notitia
2450 5170 2502 5214 et
2538 5162 2639 5214 fide
2671 5161 2724 5212 in
2763 5159 2911 5211 illum
2959 5151 3235 5213 instructi,
3266 5153 3436 5204 malo-

1898 5271 2015 5309 rum
2070 5254 2362 5308 remedium
2424 5252 2489 5304 ab
2533 5266 2599 5302 eo
2649 5266 2706 5303 se
2761 5250 3154 5300 consecuturos
3202 5249 3438 5307 sperent.

1892 5344 2065 5409 Quare
2089 5360 2151 5397 ex
2185 5356 2409 5412 persona
2460 5354 2644 5391 eorum
2669 5339 2757 5406 qui
2804 5333 3013 5387 medela
3062 5344 3206 5395 opus
3247 5330 3447 5381 habent

1892 5437 1964 5487 ait
1994 5454 2007 5488 :
2042 5434 2166 5485 Fiat
2210 5446 2389 5483 manus
2439 5439 2529 5479 tua
2580 5444 2732 5495 super
2756 5427 2926 5477 virum
2970 5420 3207 5471 dextera!
3252 5428 3376 5476 tum,
3401 5426 3448 5468 et

1887 5537 2041 5588 super
2071 5520 2237 5587 ﬁlium
2281 5516 2522 5577 hominis,
2547 5530 2693 5582 quem
2722 5508 3052 5577 conﬁrmasti
3102 5503 3221 5555 tibi.
3249 5500 3318 5552 Et
3352 5517 3456 5553 non

233 5588 559 5692 ἷενιιθήτω
591 5622 629 5685 ἡ
659 5616 791 5685 χείρ
831 5626 943 5664 σου
1092 5611 1274 5676 ἄνδρα
1296 5607 1492 5672 δεξιᾶς
1531 5622 1662 5671 σου,
1693 5608 1788 5661 καὶ

1901 5610 2201 5664 discedemus
2224 5623 2254 5659 a
2279 5616 2345 5660 te.
2372 5603 2495 5658 llaec
2526 5620 2684 5674 porro
2712 5601 2861 5656 verbi
2894 5593 3177 5652 sententia
3200 5599 3287 5645 est
3320 5608 3335 5645 :
3366 5588 3466 5649 Ve)

316 5782 361 5815 ⁸ο
393 5775 586 5833 Matth.
624 5779 763 5823 xxm
787 5801 802 5826 ,
839 5760 926 5814 ⁸57.
998 5760 1040 5791 ⁸⁸
1081 5760 1100 5812 ι
1134 5760 1321 5815 Thess.
1356 5774 1427 5822 ιι,
1464 5759 1527 5811 lii
