3834 6348
233 386 354 441 975

1354 391 1843 449 COMMENTARIA
1882 393 1944 446 IN
1982 390 2305 446 PSALMOS.

3308 394 3409 447 97%

227 504 443 572 τήριος
481 503 773 575 παρίστησι
831 506 1155 559 διδασκαλία.
1197 506 1287 559 Ἐκ
1342 507 1444 560 τῶν
1471 508 1669 575 ταύτης
1725 506 2001 576 τοιγαροῦν
2036 506 2323 575 κλημάτων
2362 503 2698 556 διαδοθέντων
2729 504 2844 558 καθ’
2887 505 3010 576 ὅλης
3048 524 3142 578 της
3169 511 3414 577 οἰκουμέε

227 606 345 659 νης
405 592 735 661 συνέστησαν
769 595 1107 663 ἀμπελῶνες·
1146 598 1235 648 καὶ
1281 597 1478 649 τούτων
1506 598 1553 648 οἱ
1602 597 1797 667 καρποὶ
1834 597 2048 651 κατὰτὸ
2102 597 2231 649 αὐτὸ
2295 596 2715 664 συναγόμενοιὲν
2740 599 2855 659 ταῖς
2893 598 3009 652 καθ’
3042 601 3165 669 ὅλης
3211 603 3305 671 τῆς
3344 604 3421 654 οί-

228 681 530 751 κουμένης
549 684 858 754 ἐκκλησίαις
902 686 1028 737 πολὺ
1056 686 1252 756 πλῆθος
1284 687 1677 756 ἀπειργάσαντο
1704 687 1901 758 ληνῶν-
1934 682 2006 741 ὧν
2027 688 2184 739 ἕνεκα
2243 686 2326 738 διὰ
2367 685 2457 739 τοῦ
2498 686 2649 751 ἁγίου
2688 686 2992 755 Πνεύματος
3020 689 3066 739 οἱ
3096 689 3419 758 Ἔπιλήνιοι

226 769 462 840 ψαλμοὶ
499 776 840 843 προφητικῶς
866 776 1293 847 ἀνεφωνήθησαν.

318 886 676 937 Σαλπίσατε
699 885 767 937 ἐν
808 889 1082 955 νεομηνία
1116 887 1411 958 σάλπιγγι,
1450 892 1518 943 ἐν
1559 891 1795 960 εὐσήμῳ

1965 889 2124 944 Vens.
2160 890 2209 942 4.
2241 889 2512 941 Buccmale
2555 905 2608 940 ιη
2658 890 2921 941 neomenia
2950 887 3094 949 tuba,
3130 888 3183 940 in
3232 890 3418 958 insigni

230 972 452 1040 ἡμέρᾳ
472 974 683 1040 ἑορτῆς
708 975 886 1041 ὑμῶν.
922 977 1127 1030 Ἑκάλει
1154 979 1247 1043 μὲν
1272 981 1299 1030 0
1330 980 1481 1047 λόγος
1509 982 1798 1051 ἀρχόμενος

231 1060 345 1113 ἐπὶ
376 1062 730 1127 ἁγαλλίασιν·
772 1063 1083 1133 προσέταττε
1105 1065 1160 1117 δὲ
1190 1066 1467 1129 ἀλαλάζειν
1487 1105 1501 1128 ,
1534 1070 1799 1121 τουτέστιν

233 1150 431 1222 ὕμνον
504 1152 765 1205 ἐπινίκιον
830 1155 1164 1224 ἀναπέμπειν
1219 1156 1293 1226 τῷ
1343 1158 1628 1226 δηλωθέντι
1686 1159 1801 1227 Θεῴ

246 1238 499 1292 Ἰακώϐ·
534 1236 650 1292 εἶτα
687 1240 874 1307 λόγους
922 1242 1319 1308 διδασκαλικοὺς
1366 1246 1803 1315 παραλαμϐάνον-

230 1344 371 1389 τας,
409 1328 593 1397 ἔργοις
620 1329 835 1391 τούτους
853 1331 1189 1401 ἀποπληροῦν
1213 1352 1225 1363 ·
1258 1333 1541 1401 πληρωτὰς
1574 1334 1628 1387 δὲ
1657 1352 1803 1402 γενο-

236 1416 459 1486 μένους
492 1417 601 1468 τῶν
623 1416 812 1485 ἔργων,
842 1418 936 1487 ἤδη
959 1417 1137 1469 λοιπὸν
1162 1419 1252 1471 καὶ
1275 1420 1350 1480 είς
1378 1421 1577 1483 πάντας
1603 1421 1695 1474 ἀνθ
1705 1422 1804 1491 ρώ-

232 1521 394 1566 πους
452 1503 741 1573 κηρύττειν
778 1504 866 1555 καὶ
903 1503 1174 1566 σαλπίζειν
1198 1543 1212 1567 ,
1254 1504 1457 1575 ὲξηχεῖν
1490 1522 1547 1556 τε
1596 1506 1687 1557 καὶ
1723 1506 1804 1569 ἐξ·

232 1592 529 1646 ἀκουστον
569 1596 678 1654 τοῖς
711 1595 841 1645 πᾶσι
863 1597 1029 1646 ποιεῖν
1047 1594 1107 1646 τὸ
1136 1594 1474 1662 Εὐαγγέλιον·
1507 1595 1687 1665 ὥσπερ
1715 1592 1804 1648 οὖν

234 1682 343 1734 καὶ
378 1685 412 1734 ὁ
450 1683 645 1751 Σωτὴρ
670 1683 1052 1752 παρεκελεύετο
1095 1684 1262 1751 λέγων
1292 1688 1402 1747 τοῖς
1441 1686 1599 1737 αὑτοῦ
1636 1687 1805 1756 μαθη-

232 1776 376 1835 ταῖς
402 1789 416 1803 ι
461 1775 523 1823 "0
546 1776 633 1836 εἰς
666 1772 729 1824 τό
765 1768 870 1837 οὖς
904 1774 1175 1836 ἀκούετε,
1218 1777 1545 1841 κηρύσσετε
1574 1777 1805 1829 ἐπὶτῶν

234 1863 570 1932 δωμάτων.
606 1863 696 1914 Διὸ
721 1863 958 1915 λέλεκται
978 1867 1085 1926 τοῖς
1109 1864 1173 1917 τὰ
1202 1865 1387 1937 πρῶτα
1409 1867 1801 1936 κατωρθωκὸσι·

236 1955 632 2008 Salv-ticam.
671 1953 790 2012 Πῶς
840 1953 895 2004 δὲ
938 1955 1128 2016 αὐτοὺς
1175 1954 1413 2022 βούλεται
1456 1956 1803 2026 σαλπίζειν,ἢ

236 2046 322 2105 ὡς
373 2041 671 2105 ὲσὰλπιζον
706 2040 865 2093 πάλαι
905 2043 1158 2112 πρότερον
1187 2045 1234 2093 οἱ
1266 2044 1359 2105 τὰς
1380 2046 1587 2107 εἰκόνας
1630 2047 1804 2097 ἐπιτε-

238 2133 508 2195 λοῦντες,
540 2132 635 2182 καὶ
664 2131 730 2185 τὰ
764 2130 1001 2200 σύμϐολα
1050 2133 1279 2195 καὶτοὺς
1305 2134 1504 2196 τύπους
1540 2135 1643 2186 τῶν
1679 2136 1806 2204 άλη-

239 2222 402 2284 θῶν;
436 2220 756 2282 Ἐσάλπιζον
801 2220 854 2271 δὲ
904 2221 1094 2272 ἐκεῖνον.
1133 2222 1187 2272 ἐν
1218 2223 1471 2293 νεομηνία.
1513 2224 1603 2276 καὶ
1631 2226 1687 2276 ὲν
1718 2226 1806 2276 εὐ-
1839 2197 1877 2252 Β

242 2312 427 2379 σήμῳ
451 2310 634 2379 ἡμέρᾳ
659 2309 866 2378 ἑορτῆς.
898 2309 1005 2361 Καὶ
1052 2309 1191 2361 τοῦτ’
1232 2310 1490 2380 ἔπραττον
1535 2314 1669 2366 κατὰ
1722 2315 1809 2366 τὸν

238 2401 497 2469 ἒὸδομον
543 2401 704 2469 μῆνα,
758 2402 814 2451 ἐν
945 2400 1334 2469 συνερχόμενοι,
1363 2403 1457 2470 τὴν
1487 2404 1670 2474 ἑορτὴν
1705 2406 1810 2456 τῶν

240 2490 593 2557 Σαλπίγγων
623 2488 919 2551 ἐπετέλουν,
944 2487 1084 2552 ἅπαξ
1107 2487 1193 2540 τοῦ
1211 2490 1448 2543 ἐνιαυτοῦ
1473 2492 1625 2545 τοῦτο
1646 2494 1811 2564 πράτ-

238 2601 471 2645 τοντες.
511 2585 670 2651 Λέγει
699 2584 742 2635 δ’
776 2579 865 2636 οὖν
897 2588 927 2655 ἡ
954 2587 1132 2657 γραφὴ
1151 2586 1240 2640 τοῦ
1262 2588 1420 2657 νόμου
1444 2605 1457 2617 '
1486 2587 1591 2641 Τοῦ
1623 2589 1809 2655 μηνὸς

242 2674 365 2726 τοῦ
398 2672 675 2740 ἑϐδόμου,
698 2673 805 2741 μιᾷ
823 2675 926 2727 τοῦ
948 2676 1153 2743 μηνὸς,
1187 2676 1353 2729 ἔσται
1388 2677 1526 2744 ὑμῖν
1550 2676 1809 2730 ἀνάπαυ-

242 2782 383 2829 σις,
413 2764 813 2832 μνημόσυνον
841 2766 1199 2833 σαΙπίττωνο
1240 2767 1427 2834 animi;
1468 2768 1602 2836 ἁγία
1644 2766 1811 2822 ἔσται

242 2856 427 2923 ὑμῖν.
485 2852 668 2913 Οὕτως
718 2848 807 2904 οὖν
856 2852 1037 2924 ῶσπερ
1092 2854 1151 2906 ὲν
1199 2857 1534 2927 τῇνεομηνίᾳ
1576 2860 1639 2926 τῇ
1694 2857 1810 2908 τότε

242 2942 587 3006 ὲσάλπιζον,
630 2941 867 3010 βούλεται
899 2944 989 2995 καὶ
1015 2942 1108 2995 νῦν
1143 2945 1260 3006 τοὺς
1288 2946 1645 3015 κεκλημένους
1683 2946 1808 2999 σαλ-

245 3033 469 3097 πίζειν.
501 3027 608 3082 Ἦν
631 3031 686 3082 δὲ
711 3031 939 3100 ήήμέρα
962 3032 1180 3102 ἐκείνηῄ
1204 3036 1300 3102 τῆς
1332 3035 1516 3104 ἑορτῆς
1547 3036 1649 3087 τῶν
1678 3037 1808 3088 Σαλ-

247 3122 493 3187 πίγγων
534 3116 765 3187 εὔσημος
795 3116 999 3187 ἡμέρα·
1043 3117 1184 3184 λέγει
1229 3118 1271 3170 δ’
1313 3116 1402 3171 οὖν
1443 3121 1640 3189 Μωσῆς
1687 3122 1810 3191 περὶ

246 3210 446 3277 αὐτῆς
467 3225 482 3237 ο
517 3205 647 3259 Πᾶν
677 3208 851 3274 ἔργον
877 3208 1197 3273 λατρευτόν
1220 3210 1288 3261 οὐ
1313 3208 1606 3276 ποιήσετε.
1655 3210 1810 3278 Ἡμέ-

237 3317 330 3368 ρα
357 3293 681 3363 σημασίας
705 3293 870 3345 ἔσται
891 3293 1046 3361 ὑμῖν.
1068 3295 1156 3347 Διὸ
1177 3296 1267 3348 καὶ
1294 3297 1518 3350 ἐνταῦθα
1537 3299 1774 3350 λέλεκται
1794 3315 1808 3329 ·

262 3391 374 3440 Ἐν
409 3382 663 3452 εὐσήμῳ
691 3382 877 3450 ἡμέρᾳ
924 3383 1130 3449 ἑορτῆς
1171 3384 1348 3451 ὑμῶν.
1391 3382 1494 3437 Ἦν
1513 3382 1603 3439 οὖν
1637 3388 1813 3457 ἡμέρα

1899 978 1980 1031 die
2005 978 2343 1031 soleumitotis
2370 990 2569 1043 vestrm.
2611 976 2722 1029 Sub
2761 977 2968 1029 initium
3000 977 3210 1044 quidem
3244 992 3419 1031 sermo

1900 1068 1965 1121 ad
1996 1068 2402 1121 exsultationem
2434 1066 2676 1127 vocabat,
2710 1081 2771 1119 ac
2788 1065 3015 1133 jubilare
3059 1066 3416 1135 praecipiebat,

1900 1157 2000 1210 hoc
2027 1165 2128 1217 est,
2159 1155 2529 1223 triumphalem
2583 1155 2836 1223 hymnum
2867 1163 3160 1208 memorato
3200 1154 3309 1208 Deo
3329 1153 3420 1208 Ja-

1900 1247 1999 1299 cob
2025 1247 2297 1309 emittere;
2323 1245 2511 1298 deinde
2538 1252 2782 1312 suscepta
2827 1245 3080 1298 doctrina:
3107 1245 3266 1298 verba
3294 1260 3421 1313 ope-

1900 1336 2050 1389 ribus
2081 1336 2299 1403 implere
2330 1353 2344 1388 :
2376 1334 2634 1388 absolutis
2673 1343 2847 1387 autem
2882 1335 3151 1402 operibus,
3181 1344 3289 1387 tum
3324 1335 3419 1388 de-

1903 1438 2045 1475 mum
2076 1408 2697 1489 hominihus’prazdicare
2729 1429 2781 1474 et
2805 1421 3110 1485 buccinare,
3142 1422 3422 1477 vociferari

1904 1512 2026 1565 item
2054 1519 2109 1565 et
2135 1511 2187 1563 in
2213 1512 2447 1563 omnium
2490 1511 2709 1563 auribus
2742 1510 3083 1579 Evangelium
3133 1512 3379 1565 nuntiare
3405 1530 3421 1577 ;

1902 1598 2345 1668 quemadmodum
2394 1597 2647 1652 Servator
2699 1599 2976 1667 discipulis
3033 1602 3270 1669 prmeipit
3310 1602 3422 1655 suis

1903 1688 2084 1741 dicens
2104 1705 2115 1739 :
2137 1686 2284 1751 Quod
2302 1688 2352 1739 in
2371 1703 2493 1740 aure
2514 1687 2729 1749 auditis,
2746 1690 3024 1754 prwdicate
3039 1701 3335 1758 supertecta
3355 1692 3421 1746 ⁸⁸.

1904 1776 2253 1841 Quamobrem
2275 1776 2339 1829 iis
2350 1776 2438 1844 qui
2455 1776 2631 1844 priora
2649 1785 2788 1831 recte
2800 1789 3096 1847 gesserant,
3111 1780 3310 1833 dictum
3322 1791 3421 1835 est:

1904 1867 2197 1919 Bucciuate.
2234 1865 2349 1930 Qua
2393 1874 2568 1920 autem
2601 1868 2807 1922 ratione
2850 1870 2996 1937 ipsos
3024 1870 3307 1925 buccinare
3332 1888 3426 1925 vo-

1906 1955 2080 2013 luerit,
2116 1954 2217 2007 nisi
2265 1970 2369 2022 qua
2407 1956 2532 2008 olim
2564 1963 2616 2009 et
2646 1958 2950 2024 antiquitus
2978 1960 3069 2027 qui
3102 1960 3213 2014 veri
3241 1960 3427 2030 imagi-

1904 2060 2043 2104 nem,
2066 2043 2302 2112 symbola
2329 2053 2380 2098 et
2409 2046 2558 2113 signa
2576 2046 2867 2112 gerebant?
2892 2046 3252 2102 Buccinabant
3268 2064 3426 2117 porrc

1906 2134 1981 2186 illi
2025 2135 2078 2185 in
2130 2134 2429 2195 neomenia,
2477 2145 2531 2187 et
2581 2136 2636 2187 in
2678 2136 2873 2205 insigni
2901 2137 2987 2191 die
3028 2138 3379 2193 solemnitatis
3410 2179 3424 2192 .

1908 2220 2063 2289 idque
2091 2221 2314 2287 agebant
2338 2221 2562 2287 septimo
2598 2236 2798 2284 mense,
2826 2238 2931 2289 quo
2966 2224 3290 2291 congregati,
3319 2222 3428 2277 Tu-

1907 2311 2093 2365 barum
2119 2309 2503 2363 solemnitatem
2535 2309 2873 2363 celebrabant
2908 2329 2921 2364 :
2954 2310 3111 2380 idque
3139 2312 3301 2366 semel
3331 2328 3426 2380 per

1907 2416 2103 2454 annum
2134 2399 2477 2468 prmstabaut.
2503 2398 2590 2451 Ait
2616 2416 2741 2467 ergo
2770 2402 2899 2470 legis
2928 2402 3221 2469 scriptura;
3256 2401 3427 2455 Mensa

1906 2492 2138 2558 septimo,
2168 2490 2337 2558 prima
2364 2490 2550 2542 mensis
2583 2490 2681 2542 erit
2712 2492 2848 2545 vobis
2874 2492 3089 2561 requies,
3135 2492 3430 2547 memoriala

1909 2581 2145 2633 tubarum
2167 2596 2184 2632 :
2209 2580 2471 2633 vocabitur
2505 2591 2688 2632 sancta
2712 2580 2847 2633 vobis
2870 2581 2934 2633 ⁸⁷.
2963 2578 3031 2633 Ut
3053 2580 3281 2649 igiturin
3302 2597 3431 2635 neo—

1907 2671 2083 2724 menia
2114 2670 2201 2723 illa
2232 2672 2566 2741 clangebant,
2600 2671 2671 2723 ita
2688 2672 2992 2725 etiamnunc
3009 2680 3225 2725 vocatos
3256 2672 3427 2726 bucci-

1908 2775 2034 2813 nare
2049 2759 2529 2829 cupit.Eratautem
2548 2760 2763 2814 diesan
2780 2760 3128 2815 solemnitatis
3140 2759 3428 2823 Tubarum,

1907 2846 2021 2903 dies
2054 2850 2374 2918 conspicua;
2406 2849 2581 2917 aitque
2613 2848 2679 2902 de
2712 2850 2799 2901 illa
2828 2848 3035 2919 Moyses
3064 2869 3075 2903 :
3109 2847 3269 2902 Omne
3306 2864 3431 2917 opus

1907 2938 2087 2990 senile
2123 2955 2223 2989 non
2261 2938 2495 3005 facietis:
2535 2937 2642 2991 dies
2693 2939 3002 2992 celebritatis
3054 2944 3151 2995 erit
3190 2944 3327 2997 vobis
3361 2945 3428 2997 ⁸³.

1908 3027 2240 3096 Quapropter
2272 3029 2359 3081 hic
2396 3044 2607 3096 quoque
2642 3028 2879 3081 dicitur:
2916 3028 2981 3081 In
3012 3030 3204 3100 insigni
3231 3032 3313 3086 die
3340 3049 3429 3085 so-

1910 3116 2189 3169 lemnitatis
2224 3126 2422 3171 vestrae.
2457 3117 2583 3170 Erat
2619 3133 2745 3187 ergo
2775 3119 3005 3186 insignis
3032 3120 3147 3173 dies
3180 3129 3232 3174 et
3263 3121 3431 3177 festus

1908 3205 2055 3271 dies,
2100 3223 2203 3260 non
2243 3209 2380 3263 alius
2418 3209 2490 3261 rei
2537 3224 2696 3276 quam
2737 3209 3025 3261 tubarum:
3060 3225 3225 3278 quare
3257 3210 3434 3266 Tuba-

1910 3311 2026 3348 rum
2059 3295 2250 3349 festum
2276 3296 2583 3350 vocabatur.
2612 3297 2744 3350 Cum
2776 3307 2953 3350 autem
2981 3304 3089 3352 tres
3118 3308 3298 3353 essent
3339 3318 3435 3356 eo-

1911 3384 2030 3438 dem
2060 3400 2242 3438 mense
2285 3384 2667 3449 solemnitates,
2711 3386 2880 3454 prima
2908 3384 3198 3452 Tubarum,
3231 3405 3347 3458 qua:
3377 3392 3432 3445 in

249 3479 522 3548 εὔσημος
576 3474 668 3526 καὶ
716 3474 870 3544 ἑορτὴ
927 3474 1132 3535 οὐδενὸς
1175 3475 1359 3545 ἑτέρου
1398 3476 1428 3545 ἢ
1471 3478 1807 3544 σαλπίγγων

1913 3470 2186 3525 neomenia
2204 3470 2600 3534 celebrabatur;
2635 3469 2868 3525 secunda
2898 3469 3320 3539 Propitiationis,
3349 3473 3435 3527 de-

252 3571 429 3623 ἕνθεν
459 3565 557 3618 καὶ
580 3563 895 3630 Σαλπίγγων
914 3562 1069 3631 ἑορτὴ
1096 3563 1336 3632 κέκλητο.
1362 3566 1534 3635 Τριῶν
1559 3566 1615 3618 δὲ
1647 3567 1815 3619 οὐσῶν

252 3658 483 3729 ἑορτῶν
518 3654 661 3707 κατὰ
689 3655 779 3706 τὸν
825 3654 980 3706 αὑτὸν
1018 3654 1186 3723 μῆνα·
1221 3654 1436 3724 πρώτης
1467 3657 1562 3724 μὲν
1586 3656 1682 3724 τῆς
1711 3657 1815 3709 τῶν

254 3746 604 3812 Σαλπιγγων
645 3744 699 3794 ὲν
748 3745 811 3811 τῇ
844 3742 1098 3811 νεομηνίιι
1144 3744 1586 3813 συντελουμένης.
1630 3746 1817 3815 ἑτέρας

254 3841 314 3892 δὲ
348 3838 459 3906 τῆς
491 3834 584 3887 τοῦ
622 3832 864 3901 Ίλασμοῦ
897 3836 953 3885 ὲν
980 3836 1043 3902 τῇ
1081 3833 1276 3905 δεκάτῃ
1310 3835 1485 3905 ἡμέρα
1520 3836 1607 3887 τοῦ
1655 3837 1818 3905 μηνὸς

256 3921 630 3992 γιγνομένηςο
669 3918 761 3971 καὶ
792 3920 973 3989 τρίτης
998 3920 1092 3988 τῆς
1124 3920 1227 3971 τῶν
1257 3921 1471 3989 Σκηνῶν
1490 3938 1502 3952 ·
1541 3922 1700 3992 μόνην
1721 3922 1817 3991 τὴν

258 4013 380 4065 τῶν
427 4008 751 4073 Σαλπίγγων
784 4005 1056 4075 μιμεῖσθαι
1094 4007 1296 4060 κελεύει
1325 4010 1540 4077 φάσκων
1560 4027 1573 4040 ⁸
1605 4012 1819 4064 Σαλπι-

258 4115 423 4153 σατε
452 4097 525 4149 ἐν
566 4095 846 4160 νεομηνίᾳ
877 4092 1180 4162 σάλπιγγι·
1220 4098 1538 4167 σαφέστερον
1572 4100 1626 4152 δὲ
1654 4099 1819 4160 οὕτως

262 4190 334 4243 ἂν
370 4184 553 4239 εἶπεν.
576 4185 783 4252 Ὠσπερ
813 4185 868 4234 ὲν
900 4186 961 4253 τῇ
984 4186 1235 4256 νεομηνία
1259 4187 1537 4251 ὲσάλπιζόν
1575 4207 1699 4241 ποτε
1727 4207 1816 4242 πε-

263 4276 626 4349 ριτρέχοντες
653 4272 828 4324 πάντα
854 4273 1009 4325 τόπον
1037 4275 1114 4336 είς
1145 4275 1202 4326 τὸ
1230 4277 1464 4344 σημῆναι
1488 4280 1583 4349 τὴν
1612 4278 1817 4349 ἑορτὴν,

260 4368 364 4419 τὸν
396 4363 561 4417 αὑτὸν
594 4361 788 4431 τρόπον
820 4359 910 4411 καὶ
942 4361 1114 4429 ὑμεῖς,
1144 4358 1220 4424 οἷς
1240 4364 1266 4414 0
1297 4362 1444 4429 λόγος
1484 4364 1818 4434 προστάττει,

265 4455 647 4509 σαλπ.’σατε.
682 4449 930 4502 Βούλεται
969 4449 1023 4500 δὲ
1058 4452 1179 4513 τοὺς
1225 4453 1464 4520 κήρυκας
1510 4454 1612 4507 τῶν
1658 4453 1821 4507 ἐθνῶν

272 4547 353 4616 μὴ
384 4544 507 4602 ταῖς
526 4540 737 4599 λοιπαῖς
766 4536 1044 4605 προσέχειν
1074 4538 1377 4601 ἰουδαῖκαίς
1400 4543 1820 4611 παρατηρήσεσι,

272 4636 437 4706 μόνῳ
471 4632 528 4683 δὲ
557 4628 789 4699 χρῆσθαι
835 4626 909 4694 τῷ
947 4627 1285 4696 κηρύγματι,
1320 4630 1410 4680 καὶ
1448 4631 1714 4694 σαλπίζειν
1747 4634 1823 4694 εἰς

273 4724 538 4779 ἅπαντας
584 4716 895 4788 ἀνθρώπους
936 4716 1024 4767 τὸν
1062 4718 1314 4788 σωτήριον
1352 4718 1441 4770 καὶ
1484 4720 1823 4787 εύαγγελικὸν

1915 3559 2050 3612 cima
2074 3559 2158 3612 die
2179 3558 2396 3621 mensis;
2416 3559 2569 3612 tertia
2585 3556 3074 3612 Tabernaculorum
3099 3577 3113 3624 ;
3143 3561 3311 3614 solam
3327 3560 3435 3615 Tu-

1915 3649 2097 3703 barum
2132 3650 2269 3703 diem
2302 3649 2493 3701 imitari
2528 3649 2767 3717 praecipit
2794 3648 2979 3704 dicens
3014 3668 3025 3702 ι
3062 3651 3338 3704 Buccinate
3383 3654 3435 3705 in

1915 3740 2179 3792 neomenia
2214 3738 2373 3800 tuba;
2402 3740 2543 3805 quod
2571 3738 2770 3791 clarius
2800 3738 2871 3790 ita
2902 3739 3214 3807 protulisset
3242 3758 3254 3793 :
3289 3738 3438 3794 Sicut

1915 3828 2042 3881 olim
2075 3828 2127 3880 in
2158 3827 2437 3881 neomenia
2458 3867 2472 3891 ,
2503 3828 2678 3880 locum
2707 3842 2916 3881 omnem
2949 3828 3438 3883 circumcursantes

1914 3915 2301 3978 buccinabant,
2333 3922 2390 3967 ut
2413 3913 2603 3969 festum
2631 3915 2926 3968 indicarent
2952 3934 2964 3981 ;
2995 3917 3239 3971 similiter
3262 3927 3315 3971 et
3339 3934 3434 3974 vos

1914 4005 2005 4073 qui
2044 4004 2303 4071 jubemini
2324 4042 2338 4065 ,
2384 4004 2665 4057 buccinate.
2697 4004 2815 4056 Vult
2849 4018 3009 4071 porro
3039 4006 3272 4072 gentium
3305 4022 3429 4075 pra»

1915 4106 2107 4152 cones,
2150 4106 2256 4143 non
2289 4092 2494 4145 caeteris
2534 4089 2773 4144 Judaicis
2819 4091 3280 4147 observationibus
3324 4094 3405 4147 ao’
3430 4124 3443 4136 ι

1917 4195 2061 4233 mum
2101 4180 2390 4243 adhibere,
2439 4180 2532 4234 sed
2560 4181 2671 4235 sola
2703 4179 3079 4246 praedicatione
3106 4181 3214 4243 uti,
3244 4188 3297 4233 et
3324 4195 3437 4233 om-

1916 4271 2073 4324 nibus
2115 4269 2418 4323 hominibus
2459 4270 2693 4323 salutare
2721 4276 2773 4321 et
2809 4270 3171 4336 evangelicum
3217 4270 3438 4324 verbum

1915 4359 2221 4413 buccinare.
2264 4358 2464 4411 Horum
2493 4373 2722 4426 namque
2772 4358 3010 4427 symbola
3052 4357 3257 4428 Moyses
3294 4360 3440 4414 insti-

1919 4447 2099 4501 tuebat
2117 4487 2131 4510 ,
2155 4455 2375 4516 eratque
2402 4456 2717 4516 praeceptum
2745 4448 2795 4499 in
2821 4445 2979 4501 Israel
3027 4446 3211 4517 (Vens.
3247 4449 3300 4518 5)
3329 4450 3441 4517 lege

1917 4537 2180 4591 sancitum
2210 4536 2353 4605 quod
2398 4536 2685 4590 buccinare
2725 4544 3021 4603 oporteret,
3059 4536 3270 4605 dieique
3317 4536 3440 4590 festi

1920 4633 2131 4695 tempus
2160 4627 2285 4680 tuba
2315 4626 2565 4679 omnibus
2597 4625 2917 4693 signiﬁcare.
2954 4625 3065 4679 Hoc
3094 4642 3219 4680 vero
3251 4640 3441 4695 praece-

1924 4724 2069 4784 ptum
2100 4715 2427 4784 exjudicio,
2472 4714 2747 4767 voluntate
2789 4722 2842 4767 et
2889 4714 3103 4768 decreto
3152 4713 3241 4767 Dei
3272 4712 3437 4766 Jacob

270 4809 467 4875 ὶόγον.
503 4804 719 4856 Τούτων
751 4802 856 4872 γὰρ
889 4801 1061 4852 αὐτῶν
1100 4801 1166 4852 τὰ
1213 4802 1448 4872 σύμϐολα
1491 4808 1581 4858 καὶ
1623 4808 1811 4877 Μωσῆς

1921 4805 2193 4858 edebatur.
2241 4804 2355 4871 lpse
2394 4819 2623 4872 namque
2656 4803 2829 4865 Deus,
2862 4804 2953 4873 qui
3000 4803 3199 4857 Jacobo
3226 4804 3352 4855 olim
3384 4804 3438 4856 iu

271 4895 498 4955 ἐποίει,
535 4893 628 4945 καὶ
675 4888 743 4962 ἦν
781 4892 1095 4961 πρόσταγμα
1124 4891 1200 4959 τῷ
1235 4893 1441 4964 Ἰσραὴλ
1487 4896 1627 4958 ἰδίως
1669 4896 1821 4949 τοῦτο

271 4982 809 5055 νενομοθετημένον,
848 4980 906 5032 τὸ
949 4980 1053 5031 δεῖν
1093 4981 1397 5047 σαλπίζειν,
1454 4986 1543 5037 καὶ
1595 4986 1680 5038 διὰ
1726 4987 1821 5055 τῆς

276 5075 589 5138 σάλπιγγος
627 5069 904 5137 σημαίνειν
938 5070 1047 5129 τοῖς
1078 5070 1205 5120 πᾶσι
1242 5071 1338 5139 τὴν
1361 5070 1453 5122 τοῦ
1487 5073 1671 5142 καιροῦ
1706 5075 1822 5143 ὲορ-

273 5165 409 5233 τήν.
435 5159 508 5211 Τὸ
539 5157 597 5208 δὲ
637 5155 957 5224 πρόσταγμα
1000 5154 1152 5206 τοῦτο
1190 5156 1323 5208 κατὰ
1376 5158 1551 5227 κρίσιν
1591 5160 1820 5226 ἐγένετο,

276 5253 385 5306 καὶ
412 5247 552 5302 κατὰ
584 5245 823 5315 βούλημα
842 5244 932 5295 καὶ
959 5247 1124 5314 κρῖμα
1152 5245 1242 5297 τοῦ
1266 5247 1396 5299 Θεοῦ
1430 5248 1635 5303 Ἰακώϐ.
1658 5250 1822 5313 Αὐτὸς

1922 4895 2016 4946 vrri
2035 4895 2209 4961 specie
2255 4902 2307 4947 et
2351 4892 2519 4946 forma
2564 4894 2710 4947 visus
2749 4902 2862 4958 est,
2912 4894 2999 4946 hic
3051 4901 3165 4946 erat
3188 4893 3277 4962 qui
3312 4892 3438 4945 olim

1931 4984 2114 5035 isthrec
2136 4984 2385 5051 populum
2410 4983 2580 5036 Iacere
2591 4982 2820 5051 'ligurate
2845 4998 2936 5050 per
2958 4982 3184 5051 Moysem
3198 4981 3435 5048 iubebat.

1922 5071 2070 5136 Quod
2098 5080 2272 5125 autem
2293 5071 2578 5125 buccinare
2606 5072 2720 5133 hic,
2746 5074 2977 5126 clamare
3007 5081 3058 5125 et
3087 5072 3332 5125 omnibus
3352 5086 3443 5123 an-

1922 5161 2187 5223 nuntiare,
2212 5160 2491 5229 signiticet,
2516 5159 2670 5213 docet
2694 5160 2943 5213 Servator
2961 5161 3045 5214 bis
3075 5161 3247 5215 verbis
3272 5179 3283 5212 :
3311 5160 3440 5213 Cum

1923 5250 2053 5318 facis
2088 5251 2457 5317 eleemosynam
2479 5288 2493 5310 ,
2526 5250 2633 5302 noli
2670 5250 2792 5302 tuba
2829 5267 3006 5303 canere
3038 5259 3155 5304 ante
3193 5259 3237 5304 te
3271 5250 3334 5303 ⁸⁸.

276 5343 400 5412 γὰρ
446 5340 524 5408 τῷ
564 5335 753 5390 Ἰακὼὸ
794 5336 973 5403 ὀφθεὶς
1007 5336 1165 5387 πάλαι
1198 5336 1324 5399 Θεὸς
1362 5339 1417 5388 ὲν
1462 5340 1646 5408 ἀνδρὸς
1684 5341 1807 5392 εἴδει
1845 5343 1935 5393 καὶ
1964 5343 2215 5411 σχήματι,
2240 5335 2387 5401 οὗτος
2413 5335 2478 5407 ἦν
2505 5342 2532 5390 0
2560 5340 2723 5393 ταῦτα
2747 5342 2835 5393 καὶ
2871 5342 2956 5393 διὰ
2986 5342 3219 5402 Μωσέως
3256 5344 3437 5393 εἰκονι-

278 5435 403 5494 κῶς
443 5431 523 5500 τῷ
577 5427 689 5496 λαῷ
743 5427 991 5497 πράττειν
1025 5424 1419 5495 διαταξάμενος.
1463 5429 1578 5481 ’Ὁτι
1621 5430 1675 5481 δὲ
1721 5431 1780 5482 τὸ
1818 5431 2084 5493 σαλπίζειν
2124 5431 2240 5481 ἀντὶ
2290 5429 2382 5480 τοῦ
2421 5430 2542 5497 βοᾷν
2574 5430 2664 5481 καὶ
2699 5433 2774 5492 εἰς
2836 5432 3037 5492 πάντας
3066 5432 3442 5498 καταγγέλλειν

275 5523 571 5581 λέλεκται,
605 5516 835 5569 διδάσκει
882 5517 908 5566 0
958 5514 1142 5584 Σωτὴρ
1180 5514 1345 5581 λέγων
1370 5533 1382 5545 ’
1428 5518 1595 5569 Ὅταν
1631 5518 1800 5585 ποιῇς
1834 5521 2254 5587 ἐλεημοσύνην,
2285 5518 2368 5586 μὴ
2407 5522 2708 5586 σαλπίσῃς
2732 5521 3057 5587 ἔμπροσθέν
3091 5538 3224 5577 σου.

356 5674 407 5705 ⁸⁶
445 5669 636 5725 Matth.
672 5683 736 5729 ι,
769 5666 854 5720 27.
929 5669 970 5697 ⁸⁷
1010 5667 1173 5722 ιονῖι.
1211 5685 1370 5733 χχιιι,
1407 5669 1490 5722 21.
1568 5671 1609 5703 ⁸⁸
1650 5671 1769 5725 ch.
1807 5690 1811 5700 ε

1921 5689 1963 5734 ι,
2006 5673 2051 5728 7.
2126 5673 2167 5701 ⁸9
2208 5671 2389 5726 Matth.
2430 5689 2508 5734 tt,
2540 5674 2592 5726 εὶ.
