3834 6340
249 379 368 433 97ῗ

1371 383 1862 439 COMMENTARIA
1902 383 1964 437 IN
2003 379 2327 438 PSALMOS.

3316 375 3416 441 υἷε

237 492 376 544 ἀλλ’
403 494 437 562 ἦ
464 493 492 543 6
521 493 887 565 ἐλευθερώσας
906 500 1098 561 αὐτοὺς
1124 500 1281 563 Θεός;
1306 501 1515 552 Τούτων
1538 501 1593 552 δὲ
1620 501 1806 561 αὐτοὺς

1906 500 2068 553 Deum
2097 500 2160 553 “.
2204 498 2408 563 Quibus
2455 496 2650 550 accinit
2690 496 2790 548 hoc
2831 494 3027 548 dictum
3063 494 3142 548 sic
3171 492 3414 546 habens:

236 580 440 647 ἠξίου,
480 584 774 655 ἐπειδήπερ
802 589 857 639 ὲν
899 587 1067 655 θλίψει
1108 590 1264 641 αὐτὸν
1296 590 1677 642 ἐπεκαλοῦντοο
1714 590 1803 641 και

235 670 428 722 τοῦτο
461 671 518 723 δὲ
546 673 578 741 ἡ
610 675 849 739 Μωσέως
876 679 1162 747 παρίστησι
1192 679 1375 748 Γραφὴ
1409 679 1634 745 λέγουσα
1653 696 1666 709 ⁸
1696 679 1803 731 Kal

237 761 717 824 κατεστέναξαν
762 767 817 817 οι
863 766 978 819 vlol
1032 768 1269 833 Ἰσραὴλ
1291 808 1306 828 ,
1345 770 1441 822 καὶ
1476 771 1807 835 ἀνεϐόησαν

236 847 419 913 πρὸς
468 852 719 917 Κύριον,
765 855 861 907 καὶ
908 855 1086 922 ἀνέϐη
1129 858 1248 923 eos;
1291 859 1484 912 αὐτῶν
1524 858 1669 924 πρὸς
1703 858 1808 910 τὸν

237 936 440 988 Θεόν.
468 934 565 999 Οἷς
590 938 889 1003 ἀκολούθως
912 943 1003 993 καὶ
1027 943 1084 994 τὸ
1110 946 1275 1014 παρόν
1309 962 1436 1015 φησι
1465 946 1641 1013 λόγιον
1665 962 1674 971 ’
1714 948 1808 999 Ἐν

237 1024 474 1090 θλίψει
506 1026 849 1081 ἐπεκαλέσω
881 1047 976 1097 με,
1018 1032 1110 1084 καὶ
1154 1033 1488 1102 ἐρρυσάμην
1516 1050 1588 1087 σε
1606 1049 1621 1066 ⁸
1668 1036 1808 1100 ἐπή-

237 1112 466 1164 κουσά
504 1130 620 1166 σου
653 1116 721 1167 ὲν
747 1118 1063 1185 ἀποκρύφῳ
1099 1121 1448 1189 καταιτίδος,
1490 1123 1810 1191 ἐδοκίμασά

235 1213 328 1249 σε
358 1199 467 1250 ἐπὶ
501 1200 717 1267 ὕδατος
735 1205 1089 1275 ἀντιλογίας.
1107 1208 1247 1259 Ἀντὶ
1269 1208 1323 1259 δὲ
1352 1209 1461 1261 τοῦ·
1480 1209 1811 1274 Ἐπήκουσά

235 1302 375 1340 σου
415 1288 490 1340 ἐν
547 1291 867 1361 ἀποκρύφῳ
929 1298 1276 1366 καταιγίδος,
1315 1300 1344 1351 6
1401 1300 1497 1368 μὲν
1553 1300 1803 1363 ’Δκύλαςο

250 1380 629 1434 Ἐπακούσω
668 1398 782 1438 σου
823 1386 892 1438 ἐν
942 1389 1259 1456 ἀποκρύφῳ
1303 1389 1595 1456 ,ϐροντῆςο
1644 1391 1735 1442 καὶ
1774 1393 1806 1460 ἡ

235 1468 496 1539 πέμπτη
522 1470 732 1534 ἐκδοσις
758 1474 969 1542 ὁμοίως.
997 1477 1125 1528 Εἶτα
1157 1478 1390 1544 ἐπιλέγει
1408 1496 1420 1507 ο
1465 1477 1809 1544 Ἐδοκίμασά

231 1571 320 1609 σε
358 1556 470 1610 ἐπὶ
503 1558 720 1624 ὕδατος
752 1562 1100 1631 ἀντιλογίας.
1137 1566 1200 1617 Ὃ
1241 1564 1302 1634 δὴ
1335 1566 1425 1617 καὶ
1463 1566 1590 1617 αὐτὸ
1628 1565 1808 1633 σαφῶς

234 1648 273 1716 ἡ
315 1648 582 1711 Μωσέως
614 1651 902 1720 παρίστησι
934 1653 1117 1723 Γραφὴ
1166 1654 1416 1721 λέγουσα·
1466 1657 1583 1708 Οὐκ
1628 1652 1703 1723 ἦν
1742 1654 1811 1707 δὲ

234 1737 421 1804 ὕδωρ
450 1738 610 1791 πιεῖν
641 1740 718 1804 τῷ
751 1739 891 1805 λαῷ·
930 1743 1025 1795 καὶ
1055 1744 1399 1811 ἐλοιδορεῖτο
1427 1748 1459 1798 ὁ
1486 1745 1629 1810 λαὸς
1662 1745 1809 1811 πρὸς

1901 619 1966 629 —-
1986 588 2167 657 (Vens.
2202 590 2277 655 8.)
2301 586 2364 639 In
2405 585 2735 639 tribulatione
2762 584 3009 636 invocasti
3025 600 3119 646 me,
3150 591 3196 635 et
3211 581 3418 634 liberavi

1905 688 1981 740 te,
2009 677 2247 730 exaudiui
2274 686 2320 728 te
2346 677 2399 727 in
2430 673 2729 728 abscondito
2757 672 3099 739 tempestatis,
3131 669 3339 737 probavi
3370 676 3419 720 te

1904 768 2038 836 apud
2068 783 2253 837 aquam
2282 764 2721 818 contradictionis.
2752 762 2855 815 Pro
2884 761 2973 814 illo
3003 770 3209 812 autem:
3240 757 3417 810 Exau-

1902 857 2006 910 divi
2036 865 2082 910 te
2110 858 2164 909 in
2192 854 2489 909 abscondito
2519 853 2834 920 tempestatis
2856 891 2870 912 ,
2899 849 3088 919 Aquila
3115 849 3193 902 sic
3219 847 3374 900 habet
3398 864 3414 903 :

1907 946 2197 999 Exaudiant
2221 956 2267 999 te
2300 946 2354 998 in
2382 944 2677 997 abscondito
2700 942 2912 995 tonitrui
2932 981 2945 1003 ,
2967 949 3019 994 et
3047 939 3231 1007 quinta
3258 937 3416 991 editio

1904 1037 2164 1089 similiter.
2206 1034 2403 1089 Deinde
2437 1034 2616 1087 subdit
2665 1051 2678 1085 :
2729 1031 2953 1084 Probavi
2981 1037 3025 1082 te
3059 1026 3193 1095 apud
3231 1042 3409 1093 aquam

1905 1124 2347 1179 contradictionis.
2377 1122 2526 1187 Quod
2553 1123 2725 1191 ipsum
2756 1120 2900 1173 clare
2924 1116 3117 1187 Moysis
3142 1115 3417 1183 Scriptura

1904 1223 2116 1268 enarrat
2143 1214 2227 1267 bis
2253 1213 2466 1266 verbis:
2502 1210 2623 1264 Non
2647 1218 2759 1263 erat
2785 1218 2954 1261 autem
2983 1223 3115 1276 aqua
3146 1205 3211 1258 ad
3248 1204 3419 1257 biben-

1905 1302 2027 1353 dum
2064 1302 2291 1369 populo:
2323 1310 2371 1354 et
2400 1301 2642 1369 jurgatus
2674 1307 2749 1351 est
2795 1299 3012 1366 populus
3051 1304 3229 1348 contra
3272 1291 3419 1360 Moy-

1905 1408 2009 1445 sem
2039 1391 2211 1445 dicens
2236 1409 2249 1443 :
2271 1390 2349 1443 Da
2387 1392 2529 1443 nobis
2568 1405 2774 1457 aquam,
2807 1398 2862 1440 ut
2893 1387 3147 1439 bibamus.
3180 1384 3275 1438 Ille
3303 1399 3418 1436 vero

1905 1480 2101 1534 dicebat
2131 1495 2150 1532 :
2171 1480 2343 1546 Quare
2367 1479 2652 1549 jurgamini
2688 1493 2915 1539 mecum,
2948 1486 3037 1528 aut
3079 1491 3170 1527 cur
3214 1471 3419 1526 tentatis

1905 1569 2181 1622 Dominum
2208 1569 2286 1620 "‘1
2312 1566 2501 1621 Postea
2530 1581 2690 1619 vero:
2720 1565 2865 1617 Dixit
2889 1563 3093 1633 Moyses
3124 1562 3190 1619 ad
3236 1550 3441 1614 Domi-5

1907 1674 2022 1710 num
2040 1671 2063 1711 :
2092 1657 2227 1720 Quid
2263 1655 2453 1719 faciam
2484 1654 2672 1722 populo
2702 1653 2863 1706 huic?
2890 1667 3073 1718 parum
3106 1648 3269 1701 aberit
3297 1647 3419 1717 quin

1910 1746 2137 1813 lapident
2164 1760 2261 1797 me.
2293 1742 2487 1796 Deinde
2515 1744 2589 1794 ait
2618 1741 2869 1794 Dominus
2897 1740 2963 1791 ad
3010 1754 3123 1792 eum
3150 1754 3167 1790 :
3196 1736 3295 1788 Hic
3331 1751 3420 1804 ego

234 1825 516 1893 Mwaﬁr,
535 1827 634 1881 καί
657 1826 880 1895 ἔλεγονο
900 1829 1007 1894 Δὸς
1024 1829 1162 1897 ἡμῖν
1176 1830 1346 1899 ὕδωρ,
1370 1833 1467 1885 ἵνα
1487 1833 1724 1899 πίωμεν.
1754 1832 1806 1883 Ὀ

1907 1847 1986 1891 sto
2016 1847 2133 1889 ante
2161 1846 2207 1888 te
2234 1837 2285 1887 in
2307 1844 2453 1902 petra
2474 1836 2528 1886 in
2552 1833 2769 1887 Choreb.
2799 1832 2859 1884 Et
2884 1832 3165 1898 percutiam
3191 1836 3387 1894 petram
3404 1863 3417 1885 ,

233 1913 313 1966 δὲ
352 1915 558 1983 ἐλεγε-
591 1917 652 1969 Τί
674 1915 1034 1983 λοιδορεῖσθέ
1058 1936 1179 1986 μοι,
1203 1918 1239 1985 ἢ
1269 1920 1320 1971 τί
1367 1920 1655 1988 πειράζετε
1695 1922 1808 1973 Κύ-

224 2022 389 2071 ριον
406 2021 427 2068 ;
456 2005 566 2057 Καὶ
600 2006 745 2074 ἐξίῖις⁸
774 2004 919 2059 Εἷπε
948 2007 1163 2075 Μωσῆς
1194 2009 1339 2077 πρὸς
1360 2012 1571 2077 Κύριον
1590 2011 1803 2079 λέγων·

241 2094 313 2146 Τί
346 2094 596 2159 ποίησω
622 2092 702 2156 τῷ
735 2092 859 2157 λαῷ
885 2096 1097 2157 τούτῳ;
1117 2098 1201 2149 ἔτι
1218 2096 1448 2163 μικρὸν,
1470 2096 1566 2147 καὶ
1584 2098 1807 2149 λιθοϐο-

232 2178 543 2247 λήσουσί
572 2198 669 2249 με.
712 2179 832 2235 Εἶθ’
867 2187 898 2236 ό
932 2185 1143 2250 Κύριος
1183 2185 1327 2252 πρὸς
1356 2185 1535 2237 αὐτόν
1589 2199 1803 2253 φησιν·

232 2264 405 2323 τοδε
432 2268 553 2336 ἐγὼ
574 2269 798 2338 ἕστηκα
829 2270 937 2337 πρὸ
966 2271 1070 2324 τοῦ
1096 2272 1169 2325 σὲ
1192 2273 1330 2335 ἐκεῖ,
1347 2272 1441 2324 ἐπὶ
1472 2272 1577 2340 τῆς
1598 2273 1808 2339 πέτρας

231 2360 314 2413 ἐν
344 2358 589 2425 Χωρήϐ.
620 2359 727 2411 Kal
758 2359 992 2422 πατάξω
1034 2360 1144 2428 τὴν
1167 2362 1402 2428 πέτραν,
1439 2363 1534 2414 καὶ
1573 2362 1806 2424 ἐξελεύ-

234 2460 432 2498 σεται
458 2443 638 2511 ὕδωρ,
669 2443 764 2497 καὶ
792 2447 981 2498 πίεται
1012 2449 1043 2500 ό
1071 2450 1235 2513 λαός.
1267 2448 1369 2501 Kal
1396 2449 1671 2515 ἐποίησεν
1708 2450 1806 2502 οὔ·

235 2552 369 2600 τως
406 2533 661 2600 Μωσῆς.
700 2536 804 2589 Kal
834 2537 1175 2605 ἐπωνόμασε
1207 2538 1269 2590 τὸ
1302 2538 1482 2607 ὄνομα
1504 2538 1606 2592 τοῦ
1626 2541 1806 2592 τόπου

233 2624 505 2677 ἐκείνου
543 2625 871 2691 Πειρασμὸς
904 2626 997 2677 καὶ
1026 2627 1386 2694 Λοιδόρησις,
1418 2629 1513 2681 διὰ
1541 2631 1653 2695 τὴν
1683 2631 1807 2681 λοι-

233 2714 477 2781 δορίαν
499 2712 617 2765 τῶν
645 2713 790 2767 υἱῶν
834 2714 1095 2781 Ἰσραὴλ,
1128 2718 1225 2769 καὶ
1264 2717 1358 2769 διὰ
1395 2718 1499 2770 τοῦ
1529 2716 1808 2785 πειράζειν

231 2804 493 2869 αὐτοὺς
515 2804 750 2870 Κύριον,
765 2804 1064 2872 λέγοντας·
1089 2807 1156 2858 El
1176 2804 1304 2857 ἔστι
1322 2807 1527 2873 Κύριος
1554 2808 1621 2859 ἐν
1643 2808 1803 2876 ἡμῖν,

235 2897 280 2964 ἢ
326 2895 448 2957 οὖ;
493 2893 680 2945 Ταῦτα
713 2894 884 2946 πάντα
906 2893 996 2945 τὸν
1039 2894 1096 2959 ἐξ
1138 2894 1302 2947 ἐθνῶν
1332 2895 1454 2949 λαὸν
1495 2897 1726 2951 διδάσκει
1772 2900 1804 2968 ἠ

240 2985 405 3056 μετὰ
432 2986 627 3053 χεῖρας
648 2983 966 3052 προςρητεία,
989 2983 1061 3045 ὼς
1088 2983 1151 3036 ἂν
1184 2984 1367 3052 μάθοιο
1396 2986 1556 3039 ποίων
1577 2987 1757 3057 ἔτυχεν
1778 2990 1806 3040 6

237 3074 489 3170 πρῶτος
532 3072 807 3170 labentem
839 3074 915 3170 εἰς
944 3067 1053 3124 οἷον
1100 3073 1317 3142 ἐλήλυθε
1353 3076 1518 3138 τέλος,
1552 3078 1806 3147 σωφρονί-
1831 3114 1871 3170 C

239 3162 409 3227 ζοιτό
436 3178 498 3213 τε
529 3161 593 3211 ἐκ
622 3159 715 3211 τοῦ
740 3160 1182 3229 παραδείγματος.
1206 3161 1294 3213 Διὸ
1321 3165 1428 3225 τοῖς
1449 3164 1804 3234 προλεχθεῖσιν

239 3249 629 3305 ὲπισυνὰπτει
657 3249 722 3301 τὰ
778 3249 902 3316 ἑξῆς
962 3249 1285 3315 ἀναγκαίως,
1332 3252 1389 3302 ἐν
1435 3247 1514 3314 οἷς
1566 3253 1801 3323 εἴρηται·

244 3344 592 3402 Ἄκουσον,
641 3340 788 3403 λαός
827 3356 976 3406 μου,
1021 3340 1115 3391 καὶ
1155 3338 1639 3407 διαμαρτυροῦμαί
1670 3356 1764 3395 σοι
1788 3359 1802 3373 ο

254 3428 556 3497 Ἰσραὴλ,
599 3428 707 3479 ἐὰν
745 3428 1008 3493 ἀκούσῃς
1048 3445 1182 3495 μου,
1209 3430 1316 3481 οὐκ
1346 3428 1511 3481 ἔσται
1549 3445 1644 3482 σοι
1670 3432 1806 3495 Θεὸς

239 3519 641 3586 πρόσφατος,
687 3513 825 3568 οὐδὲ
868 3515 1304 3583 προσκυνήσεις
1342 3516 1458 3581 Θεῷ
1501 3518 1801 3585 ἀλλοτρίῳ.

256 3604 421 3674 Ἐγὼ
451 3602 567 3671 γάρ
596 3604 711 3670 εἰμι
740 3603 947 3669 Κύριος
973 3606 1005 3655 ό
1028 3605 1165 3667 Θεός
1199 3618 1311 3656 σου
1339 3607 1371 3656 ό
1401 3604 1702 3673 ἀναγαγών
1735 3623 1806 3658 σε

240 3696 319 3747 ἐκ
356 3691 486 3761 γῆς
518 3692 817 3759 Αἰγύπτου
837 3705 851 3719 °
895 3691 1197 3744 πλάτυνον
1229 3692 1296 3745 τὸ
1332 3696 1519 3762 στόμα
1540 3710 1673 3760 σου,
1712 3696 1806 3749 καὶ

243 3779 573 3848 πληρώσω
594 3780 758 3832 αὑτό.
782 3780 889 3831 Kal
917 3782 1023 3832 οὐκ
1051 3780 1311 3846 ἤκουσεν
1335 3785 1367 3835 ό
1389 3785 1531 3847 λαός
1562 3802 1675 3852 μου
1700 3785 1805 3852 τῆς

246 3870 480 3944 φωνῆς
511 3887 652 3938 μου,
680 3869 775 3923 καὶ
833 3871 1071 3936 Ἰσραὴλ
1106 3873 1175 3924 οὐ
1226 3874 1523 3940 προσέσχε
1552 3894 1669 3943 μοι.
1699 3878 1804 3930 Καὶ

244 3959 673 4026 ἐξαπέστειλα
714 3958 929 4022 αὐτοὺς
961 3959 1105 4012 κατὰ
1146 3960 1215 4012 τὰ
1250 3961 1666 4030 ἐπιτηδεύματα
1693 3964 1807 4017 τῶν

247 4048 534 4120 καρδιῶν
558 4049 771 4101 αὐτῶνθ
800 4049 1179 4114 πορεύσονται
1200 4050 1267 4103 ἐν
1295 4051 1415 4117 τοῖς
1438 4053 1809 4123 ἐπιτηδεύμα-

246 4159 372 4197 σιν
393 4138 618 4193 αὐτῶν.
643 4138 723 4191 Τὰ
747 4139 840 4207 μὲν
868 4140 994 4207 παρ’
1019 4139 1169 4207 ἐμοῦ,
1201 4141 1350 4210 φησι,
1381 4142 1576 4213 δεδωρη
1586 4144 1714 4213 μένα
1732 4145 1808 4216 τῷ

249 4233 379 4302 λαῷ
410 4228 641 4281 τοιαῦτα
676 4224 743 4297 ἦν
764 4268 776 4291 ,
809 4229 961 4279 ὁποῖα
992 4228 1257 4298 διεξῆλθεν
1292 4233 1320 4282 6
1360 4231 1509 4298 λόγος
1528 4249 1541 4261 ·
1579 4233 1648 4285 τὰ
1680 4233 1722 4285 δ’
1750 4235 1808 4298 ἐξ

249 4319 450 4375 αὐτῶν
482 4320 559 4379 εἰς
595 4317 695 4387 ἐμὲ
727 4318 820 4385 οὐχ
848 4318 1023 4385 ὃμοια,
1056 4318 1173 4369 οὐδὲ
1201 4318 1322 4382 ἄξια
1362 4313 1433 4371 ὧν
1459 4320 1639 4390 ἔτυχον
1679 4324 1806 4391 παρ’

1904 1936 1953 1980 et
1981 1925 2137 1979 exibit
2167 1941 2321 1993 aqua,
2351 1933 2398 1977 et
2432 1923 2565 1975 bibet
2591 1924 2826 1990 populus.
2855 1920 2919 1973 Et
2952 1919 3070 1987 fecit
3086 1920 3157 1971 ita
3192 1916 3415 1986 Moyses.

1906 2014 1974 2066 Et
2002 2014 2192 2065 vocavit
2216 2028 2392 2064 nomen
2428 2012 2525 2063 loci
2550 2010 2709 2073 illius,
2726 2009 3076 2061 Tentationem
3094 2015 3141 2058 et
3156 2003 3417 2071 Iurgium,

1902 2110 2106 2168 propter
2133 2100 2368 2167 jurgium
2396 2098 2621 2155 ﬁliorum
2673 2096 2877 2159 Israel,
2930 2106 2979 2148 et
3027 2095 3150 2162 quia
3198 2102 3422 2145 tentave.

1902 2199 2022 2242 runt
2058 2188 2329 2241 Dominum
2360 2187 2621 2239 dicentes:
2652 2186 2729 2237 An
2762 2193 2836 2237 est
2874 2182 3122 2234 Dominus
3152 2182 3205 2233 in
3251 2179 3416 2241 nobis,

1903 2292 2056 2330 necne
2084 2276 2167 2314 "‘l
2194 2274 2314 2327 llaec
2344 2274 2650 2326 universum
2678 2286 2743 2324 ex
2767 2270 3011 2338 gentibus
3038 2266 3289 2335 populum
3321 2264 3420 2317 do-

1904 2374 1986 2421 cet
2040 2379 2273 2433 praaseus
2320 2362 2628 2431 praphetia,
2662 2367 2721 2412 ut
2763 2359 2937 2414 sciant
2974 2372 3091 2427 qua:
3132 2355 3307 2426 prisco
3342 2352 3420 2407 illi

1903 2454 2097 2523 populo
2125 2451 2434 2517 acciderint,
2456 2460 2510 2505 et
2536 2449 2627 2521 qui
2657 2448 2777 2502 linis
2807 2448 2923 2517 ejus
2946 2448 3138 2509 fuerit;
3169 2453 3328 2514 atque
3352 2459 3416 2496 ex

1902 2543 2018 2610 ejus
2042 2540 2283 2609 exemplo
2308 2540 2374 2592 ad
2402 2538 2662 2592 cautelam
2688 2546 2924 2589 vocetur.
2959 2533 3132 2599 Quare
3154 2531 3420 2601 pnudictis

1905 2631 2015 2683 haec
2050 2644 2168 2700 qua:
2201 2636 2497 2697 sequuntur
2542 2625 2845 2680 necessario
2883 2624 3066 2692 adjicit
3095 2641 3109 2674 :
3136 2651 3204 2662 ο-
3257 2619 3417 2675 νεεδ.

1903 2719 2056 2774 9-13.
2099 2719 2257 2782 Audi,
2292 2718 2506 2786 populus
2523 2732 2682 2779 meus,
2700 2726 2748 2770 et
2763 2711 3417 2783 testiﬁcabortibi:1srael,

1902 2810 1949 2863 si
1977 2811 2202 2864 audieris
2230 2826 2328 2875 me,
2352 2826 2450 2862 non
2476 2810 2571 2862 erit
2601 2811 2653 2861 in
2675 2818 2721 2861 te
2737 2807 2872 2860 Deus
2891 2822 3082 2870 recens,
3108 2820 3261 2874 neque
3288 2803 3418 2855 ado-

1903 2901 2043 2954 rabis
2074 2899 2236 2952 Deum
2264 2898 2505 2952 alienum.
2539 2898 2649 2967 Ego
2685 2899 2819 2951 enim
2864 2913 2975 2950 sum
3004 2895 3253 2948 Dominus
3285 2891 3419 2944 Deus

1903 2988 2141 3057 tuus,qui
2164 2987 2321 3039 eduxi
2340 2996 2385 3039 te
2401 2988 2460 3039 de
2487 2995 2622 3039 terra
2642 2984 2887 3053 eEgypti;
2905 2984 3073 3034 dilata
3098 2998 3152 3033 os
3181 2990 3344 3045 tuum,
3372 2990 3419 3031 et

1903 3078 2121 3146 implebo
2145 3077 2298 3129 illud.
2333 3075 2400 3128 Et
2449 3090 2547 3126 non
2596 3075 2790 3126 audiuit
2821 3071 3038 3139 populus
3065 3086 3203 3123 meus
3253 3086 3420 3122 uocem

1904 3186 2089 3234 meam,
2112 3177 2160 3221 et
2191 3166 2357 3219 Israel
2383 3182 2481 3218 non
2520 3163 2739 3216 intendit
2769 3162 2914 3214 mihi.
2955 3160 3019 3211 Et
3042 3159 3217 3212 dimisi
3234 3174 3316 3210 eos
3342 3175 3420 3209 se-

1902 3259 2126 3311 cundum
2158 3256 2416 3309 desideria
2438 3253 2602 3307 cordis
2627 3268 2797 3304 eorum
2814 3267 2833 3313 ;
2857 3250 3000 3302 ibunt
3023 3250 3071 3301 in
3102 3248 3419 3300 adinventio~

1902 3347 2050 3400 nibus
2074 3347 2201 3399 suis.
2231 3344 2381 3398 Talia
2412 3350 2583 3402 erant.
2616 3341 2809 3409 inquit,
2853 3353 3073 3392 munera
3113 3338 3305 3406 populo
3326 3352 3419 3405 per

1902 3450 1987 3488 me
2012 3435 2228 3497 collata,
2249 3433 2422 3502 qualia
2450 3444 2625 3487 sermo
2671 3428 2958 3483 enarravit.
2988 3426 3090 3481 Sed
3114 3441 3231 3495 quae
3260 3425 3312 3478 in
3338 3440 3421 3479 me

1903 3526 2004 3595 ipsi
2033 3537 2303 3593 peregere,
2327 3536 2432 3575 non
2465 3518 2680 3580 similia,
2729 3532 2900 3586 neque
2944 3518 3101 3586 digna
3151 3516 3217 3569 iis
3267 3522 3421 3568 erant

1903 3630 2020 3684 qua:
2046 3628 2075 3665 a
2102 3627 2186 3666 me
2218 3607 2495 3665 consecuti
2523 3615 2667 3662 sunt.
2698 3605 2968 3675 Siquidem
2989 3621 3087 3674 ego
3121 3612 3199 3660 tot
3244 3612 3419 3657 tanto-

1902 3718 2127 3772 rumque
2158 3702 2289 3771 ipsis
2319 3702 2537 3770 largitor
2591 3701 2872 3761 bonorum,
2906 3697 3006 3752 hoc
3036 3711 3199 3749 unum
3225 3695 3292 3749 ab
3343 3695 3422 3750 eis

1901 3801 2176 3861 expetens,
2213 3790 2353 3859 quod
2388 3805 2517 3845 sane
2559 3790 2731 3859 legum
2778 3801 2985 3843 summa
3031 3793 3084 3841 et
3131 3793 3290 3856 caput
3317 3792 3419 3847 est,

1902 3891 1962 3935 ut
1985 3896 2088 3935 non
2111 3881 2270 3944 idola,
2287 3880 2379 3935 sed
2404 3895 2488 3934 me
2516 3880 2688 3933 solum
2708 3877 2873 3931 Deum
2894 3877 3149 3939 colerent,
3174 3873 3419 3944 praecepi,

1903 3966 1987 4019 bis
2019 3964 2139 4018 illos
2168 3977 2512 4018 commonens
2539 3962 2742 4017 verbis:
2763 3960 2920 4019 Audi,
2943 3958 3159 4027 populus
3189 3973 3348 4021 meus,
3371 3965 3418 4007 et

1905 4054 2216 4122 testificabor
2248 4054 2339 4106 tibi
2367 4066 2387 4106 :
2413 4051 2605 4116 Israel,
2626 4052 2670 4103 si
2697 4048 2921 4103 audieris
2959 4064 3058 4111 me,
3105 4062 3206 4098 non
3238 4046 3333 4098 erit
3364 4046 3417 4096 in

1906 4156 1951 4199 te
1989 4145 2123 4198 Deus
2146 4160 2338 4208 recens,
2370 4158 2526 4212 neque
2552 4140 2793 4193 adorabis
2840 4136 3002 4190 Deum
3033 4136 3277 4188 alienum.
3312 4133 3419 4201 Ego

1902 4237 2034 4289 enim
2058 4250 2169 4287 sum
2194 4233 2441 4287 Dominus
2476 4231 2610 4284 Deus
2647 4239 2784 4287 tuus,
2815 4228 2902 4295 qui
2925 4227 3077 4279 eduxi
3104 4236 3151 4277 te
3170 4226 3232 4276 de
3282 4232 3422 4275 terra

1905 4324 2139 4393 Egypti.
2170 4322 2292 4375 Ηωο
2321 4321 2521 4382 monui,
2556 4319 2666 4372 haec
2712 4316 2938 4387 prmcCpi
2971 4331 2983 4365 :
3014 4315 3127 4367 haec
3175 4321 3289 4365 erat
3336 4318 3419 4364 to-

251 4408 427 4480 ὲμοῦ.
471 4406 614 4472 Ἐγὼ
654 4407 749 4475 μὲν
776 4406 880 4474 γὰρ
903 4408 930 4457 6
952 4406 1055 4457 τῶν
1085 4406 1345 4460 τοσούτων
1378 4410 1554 4472 αὐτοῖς
1579 4411 1806 4480 χορηγὸς

1908 4413 2014 4466 tius
2046 4412 2177 4480 legis
2204 4425 2332 4463 meae
2363 4424 2511 4463 mens
2533 4415 2585 4461 et
2630 4404 2913 4460 sententia.
2963 4400 3249 4469 Praeceptis
3294 4411 3422 4453 vero

252 4494 516 4565 ἀγαθῶν,
536 4493 593 4545 ἓν
617 4491 760 4545 τοῦτ’
786 4492 1057 4555 αὑτοῖς,τὸ
1073 4493 1137 4563 δὴ
1163 4495 1268 4547 τῶν
1299 4491 1472 4564 νόμων
1501 4499 1803 4565 κεφάλαιον,

252 4587 414 4653 λέγω
440 4583 498 4635 δὲ
525 4582 587 4633 τὸ
610 4582 683 4650 μὴ
710 4581 1120 4651 εἰδωλολατρείν,
1150 4582 1247 4651 ἐμὲ
1262 4583 1317 4635 δὲ
1347 4586 1499 4653 μόνον
1524 4587 1651 4639 Θεὸν
1678 4589 1808 4640 ειδέ-

252 4695 379 4740 ναι,
412 4672 915 4742 παρεκελευσάμην,
943 4671 1078 4723 αὐτὰ
1107 4673 1169 4742 δὴ
1200 4673 1366 4726 ταῦτα
1404 4678 1677 4745 παραινῶν
1719 4680 1808 4730 καὶ

254 4767 469 4833 λέγων’
511 4765 819 4822 Ἄκουσον,
848 4762 993 4825 λαός
1020 4778 1155 4828 μου,
1198 4764 1292 4815 καὶ
1323 4764 1811 4835 διαμαρτυροῦμαί

256 4870 368 4906 σοι
392 4869 404 4881 ο
452 4848 709 4916 Ἰσραὴλ,
740 4848 845 4900 ἐὰν
868 4849 1129 4915 ἀκούσῃς
1144 4868 1278 4916 μου,
1303 4855 1409 4905 οὐκ
1426 4854 1589 4907 ἔσται
1613 4856 1681 4907 ἑν
1708 4856 1803 4909 σοι

259 4944 421 5005 Θεὸς
449 4940 812 5005 πρόσφατος,
842 4938 979 4990 οὐδὲ
1016 4939 1449 5006 προσκυνήσεις
1474 4942 1591 5006 Θεῷ
1622 4944 1803 4997 ἀλλο-

256 5035 444 5101 τρίφ³
471 5029 586 5098 ἐγὼ
614 5028 722 5095 γάρ
757 5030 870 5095 είμι
901 5031 1106 5094 Κύριος
1136 5035 1168 5082 ὀ
1203 5033 1343 5096 Θεός
1384 5046 1497 5085 σου
1520 5036 1554 5086 ό
1589 5034 1803 5102 ἀναγα-

255 5121 395 5189 γών
428 5133 501 5171 σε
524 5118 593 5169 ἐκ
623 5115 732 5184 τῆς
757 5117 1066 5184 Αἰγύπτου.
1107 5119 1283 5170 Ταῦτα
1315 5121 1600 5190 παρῄνουν,
1639 5123 1806 5175 ταῦτα

256 5206 747 5277 παρεκελευόμην,
790 5205 956 5256 ταῦτα
979 5207 1025 5283 6.
1049 5208 1153 5268 πᾶς
1187 5207 1283 5275 τῆς
1335 5208 1469 5275 ἐμῆς
1503 5210 1809 5277 νομοθεσίας

258 5295 528 5349 ἐϐούλετο
556 5293 699 5354 νοῦς.
729 5295 969 5362 Συνῆπτὸ
993 5312 1049 5346 τε
1075 5298 1184 5357 τοῖς
1212 5298 1647 5365 παραγγέλμασιν
1677 5301 1807 5367 ἀγα-

262 5386 385 5437 θῶν
407 5381 727 5449 ἐπαγγελία,
752 5382 817 5433 δι’
837 5373 910 5433 ὧν
929 5381 1157 5449 ἔφασκον
1177 5398 1189 5411 ο
1214 5382 1520 5435 Πλάτυνον
1540 5384 1604 5436 τὸ
1621 5390 1807 5453 στόμα

259 5491 413 5537 σου,
444 5471 544 5525 καί
581 5470 873 5536 πληρώσω
898 5473 1058 5524 αὐτό,
1088 5472 1149 5522 El
1188 5471 1293 5540 γὰρ
1328 5471 1495 5525 ταῦτα
1530 5474 1801 5541 φυλάξετε,

352 5649 399 5681 ³⁵
439 5644 609 5699 mod.
654 5659 712 5706 ιι,
742 5643 827 5695 22.
902 5644 944 5675 ’³
982 5641 1145 5699 Exod.
1180 5660 1307 5711 xv",
1349 5649 1394 5700 ι.
1468 5647 1511 5678 ’⁸
1549 5646 1672 5699 ibid.
1710 5649 1761 5701 4.

1907 4503 2168 4555 bonorum
2220 4499 2502 4569 promissio
2544 4495 2927 4563 copulabatur,
2969 4507 3090 4546 cum
3144 4490 3417 4543 dicerem:

1906 4590 2086 4643 Dilata
2116 4606 2171 4642 os
2197 4598 2360 4650 tuum,
2389 4597 2436 4640 et
2463 4585 2679 4651 implebo
2710 4584 2862 4635 illud.
2901 4581 3034 4635 Nam
3084 4581 3195 4633 haec
3226 4579 3268 4632 si
3303 4592 3421 4630 ser-

1906 4680 2060 4743 vetis,
2095 4677 2289 4731 all‘atim
2321 4676 2655 4743 ubertimque
2678 4673 2779 4725 cibi
2810 4671 2961 4725 vobis
3006 4667 3419 4739 suppeditabun-

1908 4778 2013 4831 tur,
2045 4767 2155 4822 sive
2178 4764 2437 4834 corporei,
2470 4764 2582 4816 sive
2614 4764 2651 4816 ii
2675 4762 2765 4831 qui
2806 4776 2901 4829 per
2930 4760 3134 4813 divinas
3182 4756 3420 4824 discipli-

1908 4872 2005 4910 nas
2030 4857 2219 4909 animm
2247 4853 2738 4908 subministrantur.
2772 4850 2883 4917 Ego
2931 4848 3143 4917 quidem
3171 4846 3281 4898 haec
3309 4859 3420 4896 mo-

1908 4946 2117 5007 nebam,
2150 4944 2261 4998 haec
2280 4942 2684 5012 promittebam;
2719 4940 2795 4992 illi
2830 4949 3005 4992 autem
3035 4950 3219 4989 vocem
3250 4949 3418 4987 meam

1908 5048 2013 5087 non
2046 5033 2323 5087 audierunt
2356 5050 2367 5084 :
2397 5038 2449 5084 et
2464 5030 2645 5091 Israel,
2672 5029 2761 5097 qui
2784 5028 2945 5081 tantis
2972 5024 3241 5079 beneﬁciis
3262 5035 3420 5075 orna-

1909 5133 1995 5177 tus
2026 5130 2127 5187 est,
2182 5137 2288 5174 non
2333 5118 2557 5172 intendit
2608 5118 2773 5170 mihi:
2807 5116 2924 5169 ideo
2964 5115 3085 5182 jure
3125 5112 3298 5164 dimisi
3335 5126 3417 5163 eos

1911 5212 2187 5266 secundum
2226 5209 2481 5261 desideria
2527 5207 2694 5260 cordis
2729 5222 2923 5259 eorum.
2970 5204 3075 5255 Pro
3126 5217 3229 5270 quo
3268 5199 3420 5268 Sym—

1910 5298 2131 5350 machus
2158 5297 2534 5363 interpretatus
2560 5303 2679 5347 est:
2718 5293 2837 5344 Non
2868 5292 3064 5344 audivit
3122 5300 3287 5341 autem
3324 5304 3416 5356 po-

1908 5386 2059 5454 pulus
2082 5392 2220 5437 nteus
2244 5398 2408 5435 vocem
2430 5399 2615 5447 meam,
2662 5392 2709 5435 et
2742 5382 2905 5434 Israel
2929 5397 3027 5434 non
3058 5378 3419 5447 obtemperavit

1910 5476 2049 5529 mihi.
2090 5473 2275 5527 Dimisi
2313 5488 2430 5541 ergo
2477 5473 2597 5525 illos
2640 5473 2949 5541 beneplacito
2995 5472 3163 5525 cordis
3208 5470 3309 5533 sui,
3360 5476 3417 5520 ut
