3834 6336
253 360 361 416 97ῗ

1372 372 1864 428 COMMENTARIA
1904 375 1967 428 1N
2006 371 2329 430 PSALMOS.

3318 370 3418 436 97g

248 476 371 531 ἀλλ’
398 475 433 546 ἢ
459 476 487 527 6
516 477 886 552 ἐλευθερώσας
906 490 1095 551 αὐτοὺς
1120 490 1281 551 Θεός;
1305 486 1518 543 Τούτων
1540 491 1596 543 δὲ
1621 492 1803 552 αὐτοὺς

1907 492 2069 545 Deum
2098 492 2161 545 ".
2206 490 2410 556 Quibus
2457 487 2653 542 accinit
2694 486 2793 540 hoc
2834 487 3030 541 dictum
3067 488 3144 541 sic
3174 486 3415 540 habens:

245 566 438 634 ἠξίου,
478 568 774 643 ἐπειδήπερ
802 577 858 628 ὲν
900 577 1066 645 θλίψει
1106 580 1264 631 αὑτὸν
1297 579 1679 632 ἐπεκαλοῦντοο
1715 582 1804 633 καὶ

246 659 428 709 τοῦτο
461 658 518 710 δὲ
546 661 578 729 ὴ
610 663 849 728 Μωσέως
877 668 1161 737 παρίστησι
1192 666 1377 737 Γραφὴ
1411 668 1636 736 λέγουσα
1655 688 1667 700 ·
1698 670 1804 723 Kal

246 748 717 813 κατεστέναξαν
764 756 817 806 ol
863 756 978 808 vlol
1032 757 1271 823 Ἰσραὴλ
1293 798 1308 818 ,
1347 760 1442 812 καὶ
1478 761 1808 826 ἀνεϐόησαν

244 835 421 901 πρὸς
470 841 719 906 Κύριον,
766 845 862 897 καὶ
910 845 1087 912 ἀνέϐη
1130 848 1249 913 βοὴ
1293 849 1486 902 αὐτῶν
1526 850 1671 915 πρὸς
1705 850 1809 901 τὸν

245 924 440 977 Θεόν.
469 923 566 988 Οἷς
591 927 890 993 ἀκολούθως
913 933 1004 983 καὶ
1028 932 1085 984 τὸ
1111 936 1277 1004 παρόν
1310 952 1437 1005 φησι
1466 936 1642 1003 λόγιον
1666 954 1675 963 ·
1714 938 1809 990 Ἐν

243 1013 473 1079 θλίψει
508 1014 850 1071 ἐπεκαλέσω
881 1037 981 1087 με,
1018 1022 1111 1074 καὶ
1155 1023 1489 1093 ἐρρυσάμην
1518 1040 1589 1078 σε
1607 1041 1622 1057 ο
1669 1027 1809 1091 ἐπή-

242 1101 467 1153 κουσά
505 1119 622 1156 σου
654 1105 722 1156 ἐν
748 1107 1064 1175 ἀποκρύφῳ
1100 1112 1449 1180 καταιγίδος,
1491 1114 1811 1183 ἐδοκίμασά

240 1202 326 1238 σε
356 1188 468 1239 ἐπὶ
502 1190 718 1256 ὕδατος
736 1194 1089 1265 ἀντιλογίας.
1108 1199 1248 1249 ’Δντὶ
1269 1198 1325 1250 δὲ
1352 1200 1462 1251 τοῦθ
1481 1200 1811 1265 Ἐπήκουσά

239 1291 374 1329 σου
413 1277 490 1329 ἐν
549 1280 868 1351 ἀποκρύφῳ
929 1288 1277 1357 καταιγίδος,
1315 1291 1344 1342 6
1402 1290 1497 1359 μὲν
1554 1292 1803 1355 Ἀκύλαςο

252 1369 631 1423 Ἐπακούσω
668 1387 782 1427 σου
824 1375 893 1428 ἐν
943 1378 1259 1446 ἀποκρύφῳ
1303 1380 1595 1447 βροντῆς’
1645 1383 1736 1433 καὶ
1774 1384 1806 1451 ἡ

239 1457 496 1527 πέμπτη
523 1459 732 1523 έκδοσις
758 1464 969 1532 ὁμοίως.
996 1467 1125 1518 Εἶτα
1157 1468 1390 1535 ἐπιλέγει
1408 1487 1421 1497 ’
1465 1468 1809 1536 Ἐδοκίμασά

236 1560 320 1598 σε
357 1546 470 1599 ἐπὶ
504 1547 721 1613 ὕδατος
752 1551 1100 1620 ἀντιλογίας.
1136 1557 1199 1607 Ὃ
1241 1555 1302 1625 δὴ
1334 1557 1426 1608 καὶ
1463 1557 1590 1608 αὐτὸ
1627 1556 1808 1625 σαφῶς

237 1637 274 1705 ἡ
314 1637 583 1701 Μωσέως
615 1640 902 1709 παρίστησι
934 1643 1117 1714 Γραφὴ
1166 1644 1416 1712 λέγουσα·
1465 1648 1583 1699 Οὐκ
1628 1644 1703 1715 ἦν
1742 1646 1810 1698 δὲ

238 1726 420 1793 ὕδωρ
450 1727 611 1780 πιεῖν
641 1729 718 1793 τῷ
751 1729 891 1795 λαῷ*
930 1733 1025 1785 καὶ
1054 1734 1398 1801 ἐλοιδορεῖτο
1427 1739 1459 1789 ό
1486 1736 1628 1801 λαὸς
1662 1736 1809 1803 πρὸς

1902 610 1967 621 --
1987 580 2169 649 (Vens.
2203 582 2279 645 8.)
2303 579 2365 631 In
2406 577 2737 631 tribulatione
2764 576 3122 640 inuocastime,
3152 586 3198 628 et
3212 574 3419 627 liberavi

1906 680 1982 731 te,
2010 669 2248 723 exaudiui
2275 678 2322 721 te
2347 669 2400 720 in
2431 664 2732 720 abscondito
2759 666 3101 732 tempestatis,
3133 663 3341 731 probavi
3372 670 3420 714 te

1905 759 2039 828 apud
2068 775 2254 829 aquam
2284 756 2722 810 contradictionis.
2754 754 2856 808 Pro
2886 755 2974 807 illo
3005 763 3210 805 autem:
3242 751 3419 805 Exau-

1903 849 2007 902 divi
2037 856 2083 901 te
2111 850 2165 901 in
2193 846 2489 902 abscondito
2520 847 2835 913 tempestatis
2857 884 2871 906 ,
2900 843 3090 913 Aquila
3116 843 3195 896 sic
3220 841 3375 895 habet
3399 859 3415 897 :

1908 939 2199 991 Exaudiant
2222 948 2268 992 te
2300 939 2355 990 in
2383 937 2678 990 abscondito
2701 936 2913 989 tonitrui
2933 974 2946 997 ,
2968 943 3020 988 et
3049 933 3231 1001 quinta
3258 932 3417 986 editio

1905 1028 2165 1081 similiter.
2207 1026 2404 1082 Deinde
2437 1027 2616 1081 subdit
2665 1044 2678 1079 :
2730 1024 2954 1078 Probavi
2982 1031 3026 1075 te
3060 1021 3194 1090 apud
3231 1036 3410 1088 aquam

1906 1117 2347 1171 contradictionis.
2378 1114 2526 1180 Quod
2554 1116 2726 1184 ipsum
2757 1114 2900 1167 clare
2924 1110 3118 1181 Moysis
3143 1109 3419 1178 Scriptura

1904 1214 2116 1260 enarrat
2143 1206 2228 1259 his
2254 1206 2431 1259 verbis
2454 1223 2467 1258 :
2502 1202 2623 1256 Non
2648 1211 2759 1255 erat
2786 1212 2955 1254 autem
2983 1217 3116 1269 aqua
3146 1199 3211 1252 ad
3248 1198 3420 1251 biben-

1905 1295 2027 1345 dum
2064 1294 2292 1361 populo:
2323 1303 2372 1347 et
2401 1294 2642 1361 jurgatus
2673 1301 2749 1345 est
2796 1293 3012 1359 populus
3051 1298 3229 1341 contra
3272 1286 3420 1354 Moy-

1905 1401 2009 1437 sem
2039 1384 2212 1437 dicens
2237 1401 2249 1435 :
2271 1383 2350 1435 Da
2386 1385 2529 1435 nobis
2568 1398 2774 1449 aquam,
2807 1392 2862 1433 ut
2893 1381 3147 1433 bibamus.
3179 1379 3275 1432 Ille
3303 1393 3418 1430 vero

1905 1472 2102 1525 dicebat
2131 1487 2150 1525 :
2171 1472 2343 1538 Quare
2367 1472 2653 1541 jurgamini
2688 1486 2881 1523 mecum
2901 1511 2915 1532 ,
2948 1479 3038 1521 aut
3079 1485 3171 1521 cur
3214 1466 3419 1520 tentatis

1905 1561 2181 1613 Dominum
2207 1562 2286 1613 "‘1
2310 1558 2502 1614 Postea
2531 1574 2689 1612 vero:
2719 1558 2866 1610 Dixit
2889 1557 3093 1626 Moyses
3124 1556 3190 1613 ad
3235 1544 3441 1609 Domi?

1907 1666 2022 1702 num
2040 1663 2064 1703 :
2093 1649 2227 1712 Quid
2263 1648 2453 1712 faciam
2484 1647 2671 1715 populo
2701 1646 2863 1699 huic?
2889 1660 3072 1711 parum
3107 1643 3267 1695 aberit
3296 1641 3418 1711 quin

1910 1738 2136 1805 lapident
2164 1752 2261 1789 me.
2293 1734 2487 1789 Deinde
2515 1737 2588 1787 ait
2618 1734 2868 1786 Dominus
2897 1733 2963 1785 ad
3009 1748 3123 1786 eum
3150 1747 3167 1783 :
3196 1730 3294 1782 Hic
3330 1745 3420 1798 ego

238 1814 516 1883 Μωσῆν,
535 1816 633 1870 καὶ
657 1816 879 1884 ἔλεγον·
899 1819 1007 1884 Δὸς
1024 1820 1161 1887 ἡμῖν
1176 1820 1346 1889 ὕδωρ,
1370 1823 1467 1875 ἵνα
1487 1825 1724 1891 πίωμεν.
1755 1824 1803 1875 Ὀ

1907 1839 1986 1883 sto
2016 1839 2132 1881 ante
2160 1838 2206 1880 te
2232 1829 2285 1879 in
2308 1836 2453 1894 petra
2474 1828 2528 1879 in
2552 1826 2768 1880 Choreb.
2799 1825 2859 1877 Et
2884 1825 3165 1891 percutiam
3191 1830 3387 1888 petram
3404 1857 3417 1879 ,

238 1902 314 1956 δὲ
353 1904 558 1973 ἔλεγε·
591 1906 651 1958 Tl
673 1905 1033 1973 λοιδορεῖσθέ
1058 1927 1178 1976 μοι,
1203 1909 1239 1975 ἣ
1268 1911 1319 1962 τί
1366 1911 1655 1978 πειράζετε
1695 1914 1807 1964 Κύ-

229 2011 391 2061 ριον
406 2010 428 2057 ;
456 1995 567 2046 Καὶ
599 1995 743 2063 ἑξῆς·
774 1993 917 2049 Εἷπε
947 1998 1163 2065 Μωσῆς
1193 2000 1338 2067 πρὸς
1359 2002 1571 2068 Κύριον
1590 2002 1803 2069 λέγων’

246 2083 314 2135 Τί
348 2084 595 2147 ποίησω
621 2082 701 2145 τῷ
734 2083 857 2146 λαῷ
884 2086 1096 2148 τούτῳ;
1116 2088 1199 2139 ἐτι
1218 2087 1447 2153 μικρὸν,
1470 2087 1565 2138 καὶ
1584 2089 1806 2139 λιθοϐο-

237 2167 541 2236 λήσουσί
570 2188 668 2239 με.
711 2169 831 2225 Εἶθ’
865 2176 897 2226 ὁ
932 2175 1141 2240 Κύριος
1182 2176 1326 2242 πρὸς
1355 2176 1534 2228 αὐτόν
1588 2191 1802 2244 φησιν·

237 2254 406 2312 Ὅδε
433 2258 551 2325 ἐγὼ
572 2259 796 2327 ἕστηκα
828 2261 936 2328 πρὸ
965 2261 1068 2313 τοῦ
1095 2263 1168 2316 σὲ
1190 2264 1329 2326 ἐκεῖ,
1345 2263 1440 2315 ἐπὶ
1470 2263 1576 2331 τῆς
1597 2264 1808 2331 πέτρας

236 2349 317 2402 ἐν
346 2347 586 2414 Χωρήϐ.
618 2349 725 2401 Καὶ
756 2348 991 2412 πατάξω
1032 2350 1143 2418 τὴν
1165 2352 1400 2419 πέτραν,
1437 2354 1533 2405 καὶ
1572 2353 1804 2416 ἐξελεύ-

239 2449 431 2487 σεται
457 2432 636 2501 ὕδωρ,
667 2432 762 2486 καὶ
790 2437 979 2488 πίεται
1010 2440 1042 2490 ὀ
1070 2440 1233 2502 λαός.
1266 2439 1368 2492 Kal
1394 2440 1670 2506 ἐποίησεν
1706 2442 1804 2493 οῦ·-

240 2541 372 2588 τως
409 2523 660 2590 Μωσῆς.
698 2526 803 2579 Kal
832 2527 1173 2595 ἐπωνόμασε
1206 2529 1268 2580 τὸ
1300 2528 1480 2598 ὄνομα
1502 2529 1605 2583 τοῦ
1624 2533 1805 2584 τόπου

238 2613 501 2665 ἐκείνου
539 2615 870 2680 Πειρασμὸς
901 2615 995 2667 καὶ
1023 2617 1384 2684 Λοιδόρησις,
1416 2620 1511 2672 διὰ
1539 2622 1651 2686 τὴν
1681 2623 1804 2673 λοι-

238 2702 474 2769 δορίαν
496 2701 615 2754 τῶν
643 2702 788 2756 υἱῶν
832 2704 1092 2770 Ἰσραὴλ,
1126 2708 1223 2759 καὶ
1262 2708 1355 2760 διὰ
1393 2709 1497 2761 τοῦ
1526 2708 1805 2776 πειράζειν

235 2794 489 2858 αὐτοὺς
511 2794 747 2859 Κύριον,
762 2793 1062 2861 λέγοντας·
1086 2797 1154 2848 El
1174 2794 1302 2847 ἐστι
1319 2798 1525 2863 Κύριος
1552 2799 1619 2850 ἐν
1642 2800 1800 2867 ἡμῖν,

240 2885 283 2952 ἢ
329 2884 447 2945 οὕ;
490 2882 677 2934 Ταῦτα
711 2884 881 2936 πάντα
904 2883 993 2935 τὸν
1036 2884 1093 2949 ἐξ
1136 2884 1299 2937 ἐθνῶν
1330 2886 1452 2939 λαὸν
1493 2889 1724 2942 διδάσκει
1770 2892 1802 2959 ὴ

242 2974 405 3043 μετὰ
432 2975 625 3042 χεῖρας
645 2973 963 3041 προφητεία,
987 2973 1059 3035 ὡς
1085 2973 1147 3026 ἂν
1181 2974 1364 3042 μάθοιο
1393 2977 1554 3030 ποίων
1575 2978 1755 3048 ἔτυχεν
1775 2981 1803 3031 6

239 3063 485 3133 πρῶτος
530 3062 677 3124 λαὸς,
712 3063 804 3113 καὶ
836 3064 912 3123 εἰς
941 3057 1051 3114 οἷον
1098 3064 1314 3132 ἐλήλυθε
1350 3067 1515 3129 τέλος,
1549 3069 1803 3138 σωφρονί-

240 3150 410 3214 ζοιτό
436 3166 495 3201 τε
526 3150 589 3201 ὲκ
618 3148 712 3201 τοῦ
736 3150 1179 3219 παραδείγματος.
1204 3152 1292 3203 Διὸ
1318 3156 1426 3216 τοῖς
1446 3155 1802 3225 προλεχθεῖσιν

241 3238 626 3293 ἐπισυνάπτει
654 3239 719 3290 τὰ
775 3238 899 3307 ἑξῆς
959 3239 1282 3305 ἀναγκαίως,
1329 3243 1386 3293 ὲν
1432 3237 1511 3305 οἷς
1564 3244 1797 3314 εἴρηται·

245 3332 589 3391 Ἄκουσον,
638 3329 785 3392 λαός
824 3346 972 3396 μου,
1018 3330 1111 3381 καὶ
1152 3329 1635 3398 διαμαρτυροῦμαί
1667 3346 1761 3385 σοι
1785 3350 1798 3364 ο

255 3417 553 3485 Ἰσραὴλ,
596 3417 704 3469 ἐὰν
741 3417 1005 3483 ἀκούσῃς
1045 3436 1179 3485 μου,
1206 3421 1313 3471 οὐκ
1343 3419 1508 3472 ἔσται
1545 3436 1640 3473 σοι
1667 3422 1802 3486 Θεὸς

238 3507 638 3573 πρόσφατος,
683 3503 822 3557 οὐδὲ
865 3505 1301 3574 προσκυνήσεις
1339 3507 1455 3572 Θεῷ
1498 3509 1797 3576 ἀλλοτρίῳ.

256 3592 419 3661 Ἐ
449 3591 563 3660 γάρ
593 3593 707 3658 εἰμι
737 3592 943 3659 Κύριος
970 3596 1001 3645 ό
1024 3595 1162 3657 Θεός
1196 3609 1308 3647 σου
1336 3598 1368 3647 ό
1398 3595 1698 3663 ἀναγαγιῖιν
1731 3614 1802 3650 σε

237 3684 320 3735 ἐκ
356 3680 482 3749 γῆς
514 3681 813 3748 Αἰγύπτου
833 3694 847 3709 ⁸
892 3681 1193 3734 πλάτυνον
1226 3683 1292 3736 τὸ
1328 3687 1514 3753 στόμα
1536 3701 1669 3751 σου,
1708 3688 1802 3740 καὶ

239 3768 569 3836 πληρὼσω
591 3769 754 3821 αὐτό.
777 3770 883 3821 Kal
913 3772 1019 3822 οὐκ
1048 3770 1307 3837 ἤκουσεν
1331 3776 1364 3826 ό
1385 3776 1527 3839 λαός
1558 3793 1671 3843 μου
1695 3776 1801 3843 τῆς

241 3859 475 3931 φωνῆς
507 3876 648 3927 μου,
676 3859 772 3912 καὶ
829 3861 1066 3926 Ἰσραὴλ
1102 3864 1171 3915 οὺ
1222 3865 1518 3931 προσέσχε
1548 3885 1664 3934 μοι.
1695 3870 1799 3921 Kal

239 3948 669 4014 ἐξαπέστειλα
709 3948 925 4012 αὐτοὺς
956 3950 1100 4003 κατὰ
1142 3950 1211 4003 τὰ
1246 3951 1662 4021 ἐπιτηδεύματα
1688 3955 1803 4008 τῶν

241 4037 530 4108 καρδιῶν
554 4038 766 4090 αὐτῶν⁸
795 4039 1175 4104 πορεύσονται
1196 4041 1263 4093 ἐν
1291 4042 1411 4108 τοῖς
1433 4044 1804 4115 ἐπιτηδεύμα-

239 4148 369 4185 σιν
390 4127 613 4183 αὐτῶν.
638 4128 717 4180 Τὰ
742 4129 835 4196 μὲν
863 4130 990 4197 παρ’
1014 4129 1164 4198 ἐμοῦ,
1196 4131 1345 4201 φησὶ,
1377 4134 1572 4204 δεδωρη
1581 4136 1710 4204 μένα
1727 4136 1803 4207 τῷ

405 4217 637 4270 τοιαῦτα
671 4213 738 4286 ἦν
759 4258 772 4281 ,
804 4218 955 4269 ὁποῖα
986 4218 1252 4288 διεξῆλθεν
1287 4224 1315 4273 6
1355 4222 1537 4289 λόγος’
1575 4224 1643 4276 τὰ
1676 4225 1717 4276 δ’
1745 4226 1804 4289 ἐξ

242 4308 445 4363 αὐτῶν
476 4309 555 4368 εἰς
591 4306 690 4376 ἐμὲ
722 4308 815 4374 οὐχ
843 4308 1019 4375 ὃμοια,
1051 4309 1167 4359 οὐδὲ
1196 4309 1318 4372 ἄξια
1357 4304 1428 4363 ὧν
1453 4312 1634 4381 ἔτυχον
1675 4316 1802 4382 παρ’

1904 1928 1953 1972 et
1981 1917 2136 1971 exibit
2166 1932 2321 1985 aqua,
2350 1926 2397 1969 et
2432 1915 2563 1968 bibet
2591 1917 2826 1983 populus.
2855 1913 2919 1966 Et
2952 1913 3070 1980 fecit
3086 1914 3158 1964 ita
3191 1910 3414 1979 Moyses.

1906 2006 1974 2058 Et
2002 2006 2191 2057 vocavit
2215 2020 2391 2056 nomen
2427 2004 2525 2055 loci
2550 2003 2708 2066 illius,
2725 2002 3076 2054 Tentationem
3094 2009 3141 2052 et
3156 1997 3416 2065 Iurgium,

1901 2101 2105 2159 propter
2132 2092 2367 2159 jurgium
2395 2090 2621 2148 ﬁliorum
2672 2089 2876 2152 Israel,
2929 2099 2977 2141 et
3026 2088 3149 2156 quia
3196 2096 3421 2140 tentave-

1902 2190 2021 2233 runt
2058 2180 2329 2233 Dominum
2358 2179 2620 2232 dicentes:
2650 2179 2728 2229 An
2761 2186 2836 2230 est
2874 2176 3122 2228 Dominus
3152 2176 3203 2227 in
3250 2173 3415 2235 nobis,

1902 2284 2054 2321 necne
2083 2267 2165 2307 ³⁸⁸)
2192 2265 2313 2319 llzec
2342 2266 2648 2319 universum
2677 2279 2742 2317 ex
2767 2263 3010 2331 gentibus
3036 2260 3287 2329 populum
3319 2258 3419 2311 do-

1902 2366 1984 2412 cet
2039 2371 2272 2425 praesens
2318 2355 2625 2423 prophetia,
2661 2360 2719 2405 ut
2762 2352 2936 2407 sciant
2972 2365 3091 2421 qua:
3132 2349 3305 2420 prisco
3341 2347 3418 2402 illi

1902 2446 2096 2515 populo
2124 2444 2432 2509 acciderint,
2455 2451 2509 2498 et
2534 2442 2624 2513 qui
2654 2441 2776 2495 linis
2806 2441 2922 2510 ejus
2945 2440 3137 2503 fuerit;
3168 2447 3326 2508 atque
3350 2453 3414 2491 ex

1900 2534 2016 2602 ejus
2040 2533 2282 2601 exemplo
2306 2532 2372 2585 ad
2400 2531 2660 2585 cautelam
2686 2539 2922 2582 vocetur.
2957 2526 3131 2593 Quare
3154 2525 3418 2595 pnndictis

1902 2623 2013 2675 haec
2048 2636 2166 2691 qua:
2199 2629 2495 2689 sequuntur
2540 2618 2844 2673 necessario
2882 2618 3064 2685 adjicit
3093 2635 3107 2668 :
3134 2645 3202 2656 -—
3256 2613 3415 2669 Vens.

1901 2710 2053 2766 9-13.
2096 2711 2254 2774 Audi,
2289 2710 2504 2778 populus
2521 2705 3415 2776 meus,ettesti/icabortibi:Israel,

1900 2802 1947 2853 si
1974 2803 2200 2855 audieris
2228 2818 2325 2867 me,
2350 2819 2448 2854 non
2474 2803 2569 2855 erit
2598 2803 2650 2854 in
2672 2810 2718 2854 te
2734 2801 2870 2853 Deus
2889 2816 3079 2863 recens,
3106 2814 3260 2869 neque
3286 2797 3415 2848 ado-

1900 2892 2041 2945 rabis
2072 2891 2233 2944 Deum
2261 2891 2503 2944 alienum.
2536 2891 2645 2959 Ego
2681 2892 2815 2943 enim
2861 2907 2974 2943 sum
3002 2889 3251 2941 Dominus
3284 2885 3416 2939 Deus

1900 2980 2138 3048 tuus,qui
2161 2979 2318 3031 eduxi
2337 2988 2383 3030 te
2398 2980 2458 3031 de
2484 2988 2620 3031 terra
2640 2977 2885 3046 Egypti;
2904 2977 3071 3028 dilata
3096 2992 3150 3027 os
3178 2984 3342 3038 tuum,
3370 2983 3416 3026 et

1900 3069 2117 3137 implebo
2142 3068 2295 3121 illud.
2330 3067 2398 3120 Et
2446 3082 2545 3119 non
2593 3067 2787 3119 audivit
2818 3065 3035 3132 populus
3062 3079 3201 3116 meus
3251 3079 3417 3116 vocem

1900 3177 2085 3225 meam,
2108 3169 2157 3213 et
2188 3158 2355 3211 Israel
2380 3174 2479 3210 non
2517 3156 2736 3208 intendit
2766 3156 2910 3207 mihi.
2952 3153 3016 3205 Et
3039 3154 3214 3206 dimisi
3231 3168 3313 3204 eos
3339 3169 3417 3203 se-

1898 3250 2122 3302 cundum
2155 3248 2412 3301 desideria
2435 3246 2599 3300 cordis
2624 3260 2795 3297 corum
2811 3260 2830 3306 ;
2854 3244 2997 3295 ibunt
3020 3244 3069 3295 in
3099 3242 3417 3295 adinventio-

1899 3338 2046 3391 nibus
2070 3339 2198 3390 suis.
2228 3337 2378 3390 Talia
2408 3342 2580 3395 erant,
2614 3334 2806 3402 inquit,
2850 3347 3070 3386 munera
3110 3332 3302 3400 populo
3323 3346 3417 3399 per

1898 3442 1983 3479 me
2008 3426 2225 3490 collata,
2245 3425 2419 3494 qualia
2447 3437 2622 3479 sermo
2668 3422 2956 3476 enarravit.
2986 3420 3087 3474 Sed
3111 3435 3229 3488 qua:
3257 3419 3308 3472 in
3335 3434 3418 3472 me

1899 3517 2001 3586 ipsi
2029 3530 2299 3585 peregere,
2323 3528 2429 3567 non
2461 3511 2677 3574 similia,
2726 3526 2897 3579 neque
2941 3511 3097 3580 digna
3147 3509 3213 3564 iis
3263 3516 3418 3562 erant

1899 3622 2016 3675 qua:
2042 3620 2071 3657 a
2098 3619 2183 3658 me
2215 3601 2491 3657 consecuti
2520 3608 2664 3655 sunt.
2694 3598 2965 3668 Siquidem
2986 3614 3083 3668 ego
3118 3606 3195 3653 tot
3241 3606 3416 3651 tanto-

1898 3710 2123 3764 rumque
2154 3694 2286 3763 ipsis
2315 3694 2533 3762 largitor
2588 3694 2869 3755 bonorum,
2902 3691 3002 3745 hoc
3032 3705 3195 3743 unum
3222 3689 3289 3742 ab
3340 3689 3418 3744 eis

1897 3792 2172 3852 expetens,
2208 3783 2349 3852 quod
2384 3797 2513 3837 sane
2555 3784 2727 3852 legum
2775 3795 2981 3835 summa
3028 3787 3080 3834 et
3127 3786 3286 3849 caput
3314 3787 3416 3841 est,

1898 3882 1958 3926 ut
1981 3888 2084 3927 non
2106 3873 2265 3936 idola,
2282 3873 2375 3928 sed
2401 3888 2484 3927 me
2512 3873 2684 3927 solum
2704 3871 2869 3924 Deum
2891 3871 3145 3932 colerent,
3169 3867 3416 3937 praecepi,

1899 3958 1983 4011 his
2015 3956 2135 4010 illos
2164 3970 2507 4010 commonens
2535 3955 2738 4010 verbis:
2760 3954 2916 4013 Audi,
2940 3952 3156 4020 populus
3182 3966 3345 4016 meus,
3368 3959 3416 4001 et

1901 4047 2212 4114 testiﬁcabor
2243 4046 2335 4099 tibi
2362 4060 2382 4098 :
2408 4044 2600 4110 Israel,
2622 4046 2666 4096 si
2693 4043 2918 4096 audieris
2956 4057 3054 4104 me,
3102 4056 3203 4091 non
3234 4040 3331 4091 erit
3361 4040 3415 4089 in

1902 4148 1947 4190 te
1984 4136 2118 4191 Deus
2141 4152 2334 4201 recens,
2365 4151 2521 4204 neque
2547 4133 2789 4187 adorabis
2837 4131 2999 4184 Deum
3030 4129 3273 4180 alienum.
3309 4126 3416 4194 Ego

1897 4229 2030 4281 enim
2053 4242 2165 4279 sum
2188 4225 2437 4279 Dominus
2471 4224 2605 4277 Deus
2642 4232 2779 4280 tuus,
2811 4222 2899 4289 qui
2922 4219 3073 4272 eduxi
3101 4228 3147 4270 te
3166 4218 3229 4269 de
3278 4225 3419 4268 terra

1900 4316 2134 4384 Egypti.
2165 4314 2287 4368 Haec
2316 4314 2516 4375 monui,
2551 4312 2661 4365 haec
2707 4310 2935 4379 praecepi
2968 4324 2980 4358 :
3011 4308 3123 4360 haec
3171 4314 3285 4358 erat
3332 4312 3415 4357 to-

243 4397 422 4468 ἐμοῦ.
465 4394 609 4461 Ἐγὼ
649 4396 744 4464 μὲν
771 4395 875 4463 γὰρ
897 4398 925 4446 6
946 4396 1050 4447 τῶν
1080 4397 1340 4451 τοσούτων
1373 4400 1549 4463 αὐτοῖς
1573 4403 1802 4471 χορηγὸς

1902 4405 2009 4457 tius
2042 4404 2172 4472 legis
2199 4417 2328 4456 mea:
2358 4417 2506 4455 mens
2528 4408 2580 4453 et
2626 4398 2909 4452 sententia.
2960 4393 3245 4462 Praeceptis
3289 4405 3418 4446 vero

245 4484 511 4553 ἀγαθῶν,
530 4482 589 4534 ἓν
613 4480 755 4534 τοῦτ’
781 4482 1052 4544 αὐτοῖς,τὸ
1068 4484 1131 4553 δὴ
1157 4485 1263 4538 τῶν
1294 4482 1467 4555 νόμων
1495 4491 1799 4556 κεφάλαιον,

244 4576 407 4641 λέγω
433 4572 493 4625 δὲ
520 4571 581 4623 τὸ
605 4571 677 4640 μὴ
704 4570 1114 4640 εὶδωλολατρείν,
1144 4573 1242 4641 ἐμὲ
1257 4574 1311 4626 δὲ
1341 4577 1493 4644 μόνον
1518 4577 1645 4630 Θεὸν
1673 4580 1803 4632 ειδέ-

247 4683 373 4729 ναι,
406 4661 909 4731 παρεκελευσάμην,
937 4661 1073 4714 αὐτὰ
1102 4663 1163 4733 δὴ
1194 4664 1361 4716 ταῦτα
1398 4669 1672 4736 παραινῶν
1713 4672 1803 4721 καὶ

249 4755 461 4821 λέγων·
504 4754 813 4811 Ἄκουσον,
842 4751 987 4815 λαός
1014 4768 1149 4817 μου,
1192 4755 1285 4806 καὶ
1317 4754 1805 4827 διαμαρτυροῦμαί

250 4858 363 4893 σοι
384 4858 396 4871 ο
444 4837 704 4905 Ἰσραὴλ,
734 4837 839 4888 ἐὰν
861 4839 1123 4905 ἀκούσῃς
1138 4858 1272 4906 μου,
1296 4844 1403 4894 οὐκ
1419 4843 1583 4897 ἔσται
1607 4847 1676 4898 ἐν
1702 4848 1798 4899 σοι

256 4933 412 4994 Θεὸς
440 4928 806 4995 πρόσφατος,
836 4928 972 4980 οὐδὲ
1010 4928 1442 4995 προσκυνήσεις
1468 4932 1586 4995 Θεῷ
1617 4936 1797 4988 ἀλλο-

251 5023 435 5086 τρίῳ·
461 5018 579 5087 ἐγὼ
607 5016 716 5084 γάρ
751 5019 864 5083 εἰμι
895 5020 1099 5085 Κύριος
1129 5024 1161 5072 ό
1195 5021 1335 5083 Θεός
1377 5034 1489 5072 σου
1513 5025 1548 5074 ὁ
1583 5025 1797 5093 ἀναγα-

254 5108 383 5175 τὼν
416 5122 492 5160 σε
514 5107 585 5157 ἐκ
616 5103 727 5172 τῆς
752 5106 1058 5173 Αἰγύπτου.
1099 5109 1273 5159 Ταῦτα
1306 5108 1593 5176 παρῄνουν,
1634 5114 1801 5167 ταῦτα

255 5193 741 5264 παρεκελευόμην,
785 5193 998 5247 ταῦταὸ
1040 5199 1142 5257 πᾶς
1176 5195 1271 5262 τῆς
1324 5194 1457 5263 ἐμῆς
1491 5199 1803 5265 νομοθεσίας

258 5284 514 5337 ἐϐούλετο
543 5280 691 5341 νοῦς.
723 5281 959 5350 Συνῆπτό
983 5268 1038 5336 τέ
1064 5287 1170 5345 τοῖς
1197 5284 1641 5352 παραγγέλμασιν
1671 5291 1802 5356 ἀγα-

259 5372 367 5424 θῶν
390 5368 718 5436 ἐπαγγελία,
744 5367 810 5417 δι’
828 5360 900 5420 ὧν
919 5371 1140 5437 ἔφασκον
1158 5386 1170 5399 ·
1192 5368 1503 5423 Πλάτυνον
1524 5372 1595 5424 τὸ
1614 5379 1802 5443 στόμα

251 5479 389 5527 σου,
422 5459 524 5513 καὶ
562 5454 860 5519 πλτιρώσω
884 5461 1039 5514 αὑτό.
1067 5461 1125 5512 Ei
1163 5456 1270 5524 γὰρ
1306 5459 1471 5513 ταῦτα
1510 5461 1796 5530 φυλάξετε,

319 5642 363 5674 οι
403 5630 580 5688 ιιχσά.
628 5642 691 5688 ιι,
724 5625 809 5677 22.
882 5630 922 5661 θ’
956 5631 1104 5687 Exod.
1138 5644 1269 5694 xt'tt,
1313 5635 1357 5687 ι.
1431 5634 1479 5665 ’⁸
1522 5633 1660 5686 ibid.
1700 5638 1753 5690 4.

1902 4494 2163 4546 bonorum
2215 4491 2497 4561 promissio
2538 4487 2923 4557 copulabatur,
2965 4500 3087 4539 cum
3140 4483 3413 4536 dicerem:

1901 4581 2081 4634 Dilata
2112 4598 2166 4634 os
2192 4591 2355 4643 tuum,
2384 4589 2431 4632 et
2457 4578 2672 4644 implebo
2704 4576 2858 4629 illud.
2899 4574 3029 4629 Nam
3080 4574 3191 4626 haec
3221 4572 3264 4625 si
3298 4585 3417 4624 ser~

1900 4671 2055 4734 velis,
2090 4670 2283 4723 all'atim
2316 4669 2649 4736 ubertimque
2671 4665 2774 4717 cibi
2806 4665 2957 4719 vobis
3001 4660 3414 4732 suppeditabun-

1902 4768 2008 4823 tur,
2039 4759 2149 4814 sive
2173 4757 2432 4826 corporei,
2465 4757 2577 4809 sive
2609 4757 2645 4808 ii
2668 4754 2759 4823 qui
2800 4769 2896 4822 per
2925 4754 3129 4807 divinas
3177 4750 3415 4817 discipli-

1902 4864 1999 4903 nas
2025 4849 2213 4901 anima:
2241 4845 2732 4901 subministrantur.
2766 4842 2878 4910 Ego
2926 4842 3137 4911 quidem
3166 4840 3275 4891 haec
3303 4852 3415 4891 mo—

1902 4938 2112 4999 nebam,
2145 4936 2256 4990 haec
2275 4934 2677 5004 promittebam;
2712 4932 2788 4984 illi
2824 4941 2999 4985 autem
3030 4944 3213 4982 vocem
3243 4942 3412 4981 meam

1903 5040 2008 5079 non
2040 5025 2318 5079 audierunt
2350 5042 2361 5075 :
2392 5022 2638 5082 etlsrael,
2664 5021 2754 5088 qui
2777 5019 2938 5073 tantis
2966 5017 3235 5072 beneﬁciis
3257 5029 3414 5069 urna-

1903 5124 1990 5169 tus
2021 5122 2122 5179 est,
2178 5129 2283 5167 non
2328 5110 2551 5164 intendit
2600 5108 2765 5161 mihi:
2799 5107 2916 5161 ideo
2957 5107 3079 5174 jure
3120 5106 3293 5156 dimisi
3329 5120 3411 5156 eos

1906 5204 2181 5257 secundum
2221 5201 2475 5253 desideria
2520 5198 2686 5252 cordis
2720 5212 2914 5248 eorum.
2964 5195 3069 5247 Pro
3120 5210 3224 5263 quo
3263 5192 3415 5262 Sym-

1904 5290 2127 5342 machus
2152 5289 2527 5355 interpretatus
2552 5292 2670 5338 est:
2710 5282 2828 5333 Non
2859 5283 3060 5334 audivit
3118 5292 3283 5334 autem
3319 5298 3412 5349 po-

1903 5378 2054 5446 pulus
2078 5386 2216 5429 meus
2239 5391 2402 5428 vocem
2424 5389 2608 5436 nteant,
2655 5380 2701 5423 et
2735 5370 2896 5422 Israel
2921 5387 3024 5423 non
3055 5371 3417 5438 obtemperavit

1905 5469 2044 5522 mihi.
2085 5467 2270 5520 Dimisi
2308 5481 2425 5533 ergo
2470 5464 2589 5518 illos
2633 5460 2944 5528 beneplacito
2994 5463 3163 5516 cordis
3208 5462 3310 5523 sui,
3359 5468 3416 5511 ut
