3834 6368
202 355 321 412 981

1373 355 1866 414 (ΣΟΜΜΕΝΤΛΒΙΑ
1907 357 1967 412 IN
2008 356 2336 412 PSALMOS.

3315 362 3416 416 982

208 467 259 540 ᾧ
293 469 393 523 καὶ
438 466 578 538 μετὰ
607 469 844 524 τοσαῦτα
877 464 1321 535 πλημμελήματα
1349 469 1648 538 ἐψώμισεν
1677 470 1776 521 αὺ-

1884 483 1983 537 pus
2012 475 2114 531 est,
2147 483 2254 536 quo
2287 473 2406 536 post
2448 472 2525 518 tot
2583 473 2833 535 tantaque
2882 469 3082 522 scelera
3116 468 3299 540 (Vens.
3331 473 3413 539 Π)

203 562 360 626 τοὺς
414 560 482 612 ἐκ
543 559 794 626 στέατος
851 556 1065 626 πυροῦ,
1104 557 1202 609 καί
1252 560 1319 611 ἐκ
1380 559 1594 627 πέτρας
1642 557 1779 627 μέλι

199 653 554 720 ἐχόρτασεν
607 651 841 716 αὐτούς.
880 647 1036 702 Κατὰ
1075 647 1230 701 τοῦτο
1267 650 1320 702 δὲ
1365 650 1594 720 ἐπλήρου
1656 665 1780 701 κατ-

200 742 462 808 αξιώσας
513 742 713 804 αὐτοὺς
753 744 851 810 τῆς
893 739 1098 801 οἰκείας
1131 741 1350 811 τροφῆς,
1405 740 1464 792 οὺ
1501 739 1657 809 μόνον
1682 738 1779 806 τῆς

201 830 571 901 σωματικῆς,
603 830 738 882 ἀλλὰ
771 831 863 883 καὶ
892 829 992 898 τῆς
1039 828 1355 898 ἐπουρανίου
1404 828 1496 881 καὶ
1545 842 1780 893 πνευμα-

199 921 412 990 τικῆς,
450 921 689 990 ὁπηνίκα
723 919 952 990 πρώτοις
985 919 1165 981 αὐτοῖς
1203 919 1462 989 ἐπεδήμει
1494 920 1522 970 ὁ
1551 916 1778 987 Χριστὸς

199 1010 303 1063 τοῦ
365 1009 533 1074 Θεοῦ,
569 1009 769 1080 τροφὴν
826 1010 1004 1071 αὐτοῖς
1064 1011 1285 1078 παρεῖχε
1332 1008 1422 1062 τὸν
1465 1005 1778 1076 ἐπουράνιον

199 1103 384 1172 ἄρτον
423 1101 589 1163 αὐτὸς
623 1101 830 1152 ἐαυτόν.
865 1099 936 1150 Οὐ
978 1099 1078 1168 μὴν
1105 1097 1238 1150 ἀλλὰ
1273 1097 1366 1150 καὶ
1391 1095 1658 1166 ἐψώμισεν
1685 1094 1780 1148 αὑ·-

197 1195 340 1252 τοὺς
382 1195 451 1244 ἐκ
488 1193 649 1244 πέντε
697 1192 872 1261 ἄρτων
907 1187 1212 1260 παραδόξως
1258 1189 1347 1239 ἐπὶ
1402 1187 1496 1255 τῆς
1541 1186 1773 1255 ἐρήμου·

200 1283 413 1354 ὥσπερ
447 1283 619 1335 πάλαι
653 1281 742 1333 διὰ
761 1281 1000 1343 Μωσέως
1033 1280 1093 1331 τὸ
1131 1280 1314 1348 μάννα.
1354 1278 1472 1328 Ἔτι
1502 1276 1557 1328 δέ
1595 1275 1688 1327 καὶ
1709 1274 1776 1326 ἐκ

197 1374 446 1442 πέτρας
476 1372 617 1440 μέλι
653 1372 972 1440 ἐχόρτασεν
1001 1370 1246 1427 αὐτούς’
1284 1367 1454 1438 πέτρα
1491 1366 1545 1418 δέ
1581 1361 1648 1434 ἦν
1680 1364 1778 1418 αὑ-

198 1466 321 1529 τδς,
359 1463 623 1534 χορηγῶν
676 1461 852 1523 αὐτοῖς
897 1461 962 1512 τὰ
1002 1459 1180 1527 πάσης
1223 1457 1410 1527 ἡδονῆς
1458 1457 1550 1508 καὶ
1584 1453 1777 1516 παντὸς

201 1553 439 1624 μέλιτος
475 1549 781 1618 γλυκύτερα
831 1547 1118 1618 μαθήματα
1141 1587 1155 1609 ,
1191 1545 1313 1615 περὶ
1361 1539 1434 1598 ὧν
1470 1541 1536 1614 ἦν
1570 1544 1738 1594 εἰπεῖν
1760 1559 1773 1572 ο

211 1646 322 1708 Ὠς
347 1641 590 1710 γλυκέα
613 1640 682 1693 τὰ
707 1639 877 1709 ,λόγια
917 1655 1030 1692 σου
1062 1636 1140 1702 τῷ
1177 1635 1431 1704 φάρυγγί
1460 1652 1575 1702 μου
1593 1633 1612 1684 .'
1631 1632 1778 1698 ὑπὲρ

195 1733 350 1803 μέλι
406 1730 491 1796 τῷ
530 1731 782 1797 στόματί
811 1747 947 1796 μου.
998 1728 1104 1780 Καὶ
1138 1727 1298 1779 πάλαι
1342 1725 1397 1776 δὲ
1429 1724 1513 1776 διὰ
1540 1722 1777 1784 Μωσέως

1884 559 2070 612 cibarit
2087 575 2172 612 eos
2205 573 2268 611 ex.
2296 556 2445 624 adipe
2470 557 2739 624 frumenti,
2767 567 2815 610 et
2837 557 2898 611 de
2929 571 3073 627 petra
3102 560 3247 614 melle
3273 571 3417 614 satu-

1885 653 2018 702 ravit
2045 665 2152 702 eos.
2195 647 2347 701 Tunc
2376 663 2537 718 porro
2567 649 2690 701 illos
2717 648 2936 717 proprio
2956 650 3076 703 cibo
3105 653 3307 720 replere
3333 651 3417 705 di-

1883 748 2077 807 gnatus
2105 749 2210 802 est,
2242 754 2350 792 non
2376 753 2634 807 corporeo
2667 739 2862 803 solum,
2892 737 2984 792 sed
3007 739 3167 792 etiam
3212 742 3416 796 cwlcsti

1882 839 1934 883 et
1953 829 2235 897 spirituali,
2258 844 2378 882 cum
2408 827 2474 881 ad
2493 829 2636 897 ipsos
2653 829 2854 898 primos
2877 827 3126 883 Christus
3149 828 3236 883 Dei
3266 847 3418 899 pere-

1883 921 2126 990 grinatus
2173 927 2253 974 est
2301 925 2462 988 atque
2504 919 2556 972 in
2597 919 2775 973 cibum
2824 919 2974 986 ipsis,
3004 919 3275 973 cmlestem
3325 935 3417 988 pa~

1883 1024 2026 1073 nem,
2051 1008 2256 1062 scilicet
2285 1008 2542 1076 seipsum,
2570 1007 2732 1062 dedit.
2773 1005 2912 1072 Quin
2935 1007 3092 1060 etiam
3126 1006 3180 1060 in
3204 1006 3414 1061 deserto

1881 1114 1945 1152 ex
1965 1101 2200 1168 quinque
2229 1098 2454 1167 panibus
2483 1097 2798 1152 mirabiliter
2840 1097 3039 1151 cibavit
3095 1111 3222 1160 eos;
3276 1097 3415 1151 sicut

1881 1188 2006 1242 olim
2037 1203 2130 1257 per
2183 1187 2415 1258 Moysem
2455 1201 2649 1240 manna
2684 1187 2960 1255 impertiit.
2996 1185 3323 1254 lnsuperque
3353 1201 3418 1240 ατ

1880 1288 2026 1346 petra
2056 1278 2203 1331 melle
2232 1277 2486 1331 saturavit
2537 1294 2622 1330 eos
2655 1294 2671 1329 :
2709 1285 2857 1346 petra
2910 1285 3085 1331 autem
3140 1277 3251 1344 ipse
3276 1285 3412 1338 erat,

1881 1368 2196 1436 disciplinas
2223 1383 2371 1433 suas,
2404 1367 2641 1436 qualibet
2690 1367 2960 1435 voluptate
2985 1381 3047 1419 ac
3097 1366 3251 1420 melle
3298 1366 3416 1420 dul-

1881 1461 2075 1521 ciores,
2104 1459 2234 1527 ipsis
2258 1459 2628 1527 suppeditans,
2664 1456 2729 1510 de
2760 1457 2957 1526 quibus
2997 1456 3175 1511 dicere
3204 1457 3362 1511 liceat
3401 1474 3412 1508 :

1883 1549 2051 1614 Quam
2083 1550 2258 1602 dulcia
2282 1548 2519 1616 faucibus
2572 1549 2695 1600 meis
2727 1548 2930 1617 eloquia
2977 1558 3065 1600 tua
3085 1547 3104 1598 .'
3137 1563 3289 1614 super
3314 1546 3413 1598 mel

1881 1640 1960 1703 ori
1989 1655 2096 1691 meo
2128 1639 2166 1691 ¹.
2195 1637 2332 1692 Olim
2363 1640 2489 1690 item
2545 1652 2637 1706 per
2681 1637 2909 1707 Moysem
2937 1653 3001 1691 ex
3039 1643 3184 1705 petra
3215 1636 3417 1704 potavit

1880 1744 1994 1784 eos.
2034 1728 2133 1783 Mel
2155 1737 2328 1782 autem
2359 1727 2425 1781 de
2460 1736 2627 1798 petra,
2659 1729 2746 1782 hic
2776 1743 2880 1781 non
2927 1729 3032 1784 alio
3060 1741 3218 1796 quam
3259 1725 3417 1779 intel-

202 1828 272 1877 ἐκ
301 1823 526 1894 πέτρας
552 1824 732 1883 αὐτοῖς
763 1823 984 1892 παρεῖχε
1011 1819 1188 1871 ποτόν.
1221 1817 1348 1870 Μέλι
1375 1817 1430 1868 δέ
1461 1813 1689 1867 ἐνταῦθα
1719 1815 1776 1867 τὸ

1880 1817 2072 1888 ligendi
2123 1833 2273 1872 more
2322 1819 2603 1886 excipias:
2642 1817 2894 1886 quoniam
2944 1818 3058 1887 ipse
3094 1815 3302 1886 Moyses
3360 1816 3412 1868 in

201 1917 272 1967 ἐκ
316 1913 541 1983 πέτρας
582 1911 687 1964 οὐδ’
721 1911 891 1973 ἄλλως
942 1910 974 1978 ἢ
1016 1907 1154 1961 κατὰ
1199 1907 1429 1960 διάνοιαν
1467 1905 1771 1957 ἐκδεκτέονο

204 2004 338 2054 ἐπεὶ
371 2002 472 2054 καὶ
499 2001 658 2062 αὐτὸς
695 2001 891 2069 Μωσῆς
928 1998 1020 2068 τήν
1066 1997 1228 2067 αὐτὴν
1256 1995 1429 2064 τίθησι
1456 1993 1774 2065 μαρτυρίαν,

205 2091 394 2159 λέγων
427 2093 488 2142 ἐν
520 2089 728 2159 μεγάλῃ
761 2088 900 2158 ᾠδῇ·
938 2087 1269 2152 Ἐθήλασαν
1285 2083 1422 2154 μέλι
1446 2084 1513 2136 ἐκ
1541 2081 1773 2150 πέτρας,

205 2182 312 2237 καὶ
357 2181 574 2235 ἔλαιον
609 2179 678 2230 ἐκ
724 2176 969 2246 στερεᾶς
1011 2177 1242 2243 πέτρας.
1271 2176 1444 2244 "Amp
1500 2173 1632 2244 πρὸς
1682 2173 1776 2241 μὲν

204 2267 381 2338 ψιλὴν
407 2267 507 2336 τὴν
534 2265 681 2330 λέξιν
708 2266 802 2334 οὐχ
825 2265 1141 2332 ὑφέστηκεν,
1166 2261 1534 2332 ἀλληγορικῶς
1553 2262 1607 2313 δέ
1638 2259 1777 2312 κατὰ

211 2358 395 2428 μόνην
424 2354 523 2425 τὴν
544 2354 780 2406 διάνοιαν
801 2352 1134 2418 ἐξακούεται.
1164 2353 1330 2412 Αὐτὸς
1365 2351 1470 2419 γὰρ
1498 2352 1526 2402 ὁ
1549 2349 1776 2418 Χριστὸς

207 2449 484 2522 ἠυπὲτρα,
507 2447 680 2499 ταῦτα
702 2445 875 2498 πάντα
903 2445 1150 2514 παρέχων
1177 2443 1355 2504 αὐτοῖς
1385 2441 1470 2493 διὰ
1492 2442 1588 2509 τῆς
1615 2441 1775 2493 αὑτοῦ

208 2535 598 2598 διδασκαλίας,
623 2535 685 2586 οὐ
715 2531 836 2585 καθ’
863 2532 921 2585 ὃν
947 2531 1130 2601 χρόνον
1161 2529 1412 2599 ἐπεδήμει
1445 2529 1618 2598 μόνον,
1646 2525 1778 2579 ἀλλὰ

211 2630 312 2684 καὶ
343 2628 459 2699 πρὸ
484 2628 583 2696 τῆς
614 2626 874 2694 ἐνσάρκου
905 2621 1191 2690 ἐπιδημίας
1213 2618 1399 2672 αὐτοῦ’
1429 2619 1501 2680 ὡς
1530 2617 1587 2682 ἐξ
1613 2618 1778 2671 ᾶπαν-

208 2736 306 2781 τος
345 2717 552 2778 αὐτοὺς
580 2716 676 2784 μὲν
713 2710 844 2766 εἶναι
875 2711 1318 2780 ἀναπολογήτους,
1348 2707 1554 2760 δικαίαν
1595 2707 1649 2758 δὲ
1682 2705 1778 2776 τὴν

213 2806 312 2860 τοῦ
332 2805 476 2858 Θεοῦ
499 2805 678 2875 κρίσιν
709 2803 843 2872 μετὰ
869 2802 934 2854 τὰ
956 2801 1187 2853 τοσαῦτα
1209 2800 1305 2869 τὴν
1321 2797 1585 2867 ἀποϐολὴν
1604 2796 1778 2849 αὐτῶν

212 2894 632 2966 ἐργασαμένην.
668 2889 825 2944 Ἀλλὰ
854 2889 961 2959 γὰρ
988 2888 1154 2940 ταῦτα
1193 2887 1334 2956 ἡμᾶς
1357 2885 1478 2948 τοὺς
1515 2885 1572 2949 ἐξ
1616 2883 1780 2936 ἐθνῶν

210 2987 307 3038 ἐπὶ
357 2985 462 3053 τὴν
495 2981 675 3035 ἔνθεον
727 2979 1036 3047 ἁγαλλίασιν
1067 2977 1152 3030 διὰ
1199 2977 1302 3029 τῶν
1335 2975 1559 3046 πρώτων
1590 2974 1782 3042 κεκλη-

215 3075 422 3145 μένους
447 3074 477 3125 ὁ
523 3072 679 3139 λόγος
717 3069 949 3122 διδάσκει
991 3065 1553 3137 προφυλαττομένους,
1597 3065 1668 3134 μή
1702 3080 1776 3132 πη

209 3168 332 3227 τοῖς
359 3163 574 3234 ὁμοίοις
610 3161 701 3212 καὶ
733 3158 882 3213 αὐτοί
910 3173 1037 3209 ποτε
1071 3155 1472 3226 περιπέσωμεν.

616 3305 901 3358 ΨΑΑΜΟΣ
937 3305 1022 3373 rp
1065 3305 1253 3356 ΑΣΑΦ.
1294 3303 1415 3354 IIA'.

295 3445 356 3494 Ὀ
395 3439 544 3504 Θεὸς
583 3438 732 3505 ἔστη
779 3437 848 3488 ἐν
888 3433 1203 3503 συναγωγῇ
1230 3433 1394 3497 θεῶν,
1421 3433 1489 3486 ἐν
1512 3433 1675 3501 μέσῳ
1711 3434 1780 3488 δὲ

207 3533 398 3598 θεοὺς
427 3529 737 3596 διακρίνει.
754 3528 812 3579 '0
848 3526 944 3597 μὲν
968 3527 1068 3597 πρὸ
1095 3526 1279 3578 τούτου
1308 3525 1462 3591 λόγος
1490 3529 1779 3595 κατηγορεῖ

206 3627 307 3680 τοῦ
344 3623 555 3684 παντὸς
591 3619 856 3671 Ἰουδαίων
885 3616 1032 3680 λαοῦ,
1060 3615 1241 3684 σαφῶς
1267 3615 1357 3668 τοῦ
1386 3614 1517 3667 Θεοῦ
1546 3616 1775 3683 φάσκον-

206 3732 342 3778 τος·
397 3713 523 3765 Οὐκ
554 3708 820 3776 ἤκουσεν
858 3709 890 3760 ό
931 3706 1078 3770 λαός
1112 3723 1229 3773 μου
1271 3703 1377 3771 τῆς
1409 3702 1611 3771 φωνῆς
1635 3722 1772 3772 μου,

208 3806 314 3859 καὶ
363 3800 608 3869 Ἰσραὴλ
644 3799 716 3851 οὐ
749 3795 1046 3863 προσέσχε
1087 3812 1202 3861 μοι.
1247 3793 1354 3846 Καὶ
1389 3791 1777 3857 ἐξαπέστειλα

208 3892 448 3957 αὐτοὺς
471 3887 621 3942 κατὰ
657 3886 727 3939 τὰ
775 3883 1198 3951 ἐπιτηδεύματα
1235 3882 1342 3950 τῆς
1388 3880 1630 3948 καρδίας
1672 3884 1775 3934 αὐ-

207 3983 368 4038 τῶν-³
433 3979 531 4034 καὶ
570 3976 766 4030 πςίιλιν⁸
817 3976 885 4026 El
938 3976 969 4025 ό
1020 3975 1166 4038 λαός
1203 3990 1314 4038 μου
1356 3971 1578 4036 ἤκουσέ
1620 3990 1774 4042 μου,

221 4071 479 4142 Ἰσραὴλ
507 4067 635 4132 ταῖς
660 4065 817 4130 ὁδοῖς
835 4082 950 4133 μου
978 4067 1030 4117 εὶ
1057 4065 1361 4132 ἐπορεύθη·
1392 4065 1550 4129 ἐντῷ
1567 4063 1775 4132 μηδενὶ

208 4166 291 4218 ἂν
341 4163 493 4225 τοὺς
538 4157 784 4226 ἐχθροὺς
825 4155 1018 4207 αὐτῶν
1057 4154 1449 4206 ἑταπείνωσα·
1491 4157 1519 4207 ό
1562 4153 1617 4205 δέ
1645 4153 1779 4222 μετὰ

208 4255 410 4324 χεῖρας
464 4246 770 4308 ἀκολούθως
815 4245 1037 4306 ἐκείνοις
1077 4243 1182 4296 τῶν
1228 4244 1497 4314 προέδρων
1528 4241 1618 4295 τοῦ
1650 4241 1776 4294 λαοῦ

211 4339 558 4410 κατηγορεῖ·
608 4334 683 4396 ὡς
715 4333 846 4402 πρὸς
891 4332 1118 4402 ἄρχοντα
1156 4331 1283 4397 γοῦν
1310 4332 1400 4383 καὶ
1425 4330 1613 4400 κριτὰς
1644 4332 1778 4382 ἁπο-

209 4433 461 4484 τείνεται
511 4425 687 4492 λὲγων
711 4439 725 4453 ³
763 4424 912 4486 ’Ἕως
949 4425 1090 4474 πότε
1129 4423 1353 4488 κρίνετε
1393 4422 1643 4482 ἀδικίαν,
1683 4421 1777 4473 καί

211 4523 519 4589 πρόσωπα
552 4510 909 4582 ἁμαρτωλῶν
943 4509 1299 4577 λαμϐάνετε;
1355 4513 1598 4578 Κρινατε
1629 4525 1776 4562 πτων

212 4611 331 4679 χὸν
376 4605 481 4660 καί
527 4601 824 4664 ταπεινὸν,
853 4600 1111 4668 ὀρφανὸν
1139 4599 1234 4651 καὶ
1281 4599 1503 4666 πένητα
1547 4598 1775 4652 δικαιώ.

210 4717 388 4754 σατε.
429 4693 566 4749 Εἶτα
607 4691 876 4758 ἐπιλέγειο
924 4689 1061 4757 Ἐγὼ
1092 4690 1257 4741 ταῦτα
1307 4689 1770 4760 παρεκελευόμην·

211 4789 265 4839 οἱ
295 4787 355 4839 δέ
382 4785 500 4838 οὐκ
537 4781 808 4848 έντωσαν
830 4776 969 4830 οὐδὲ
999 4776 1293 4843 συνῆκαν,
1335 4779 1403 4830 ἐν
1427 4781 1625 4832 σκότει
1650 4778 1772 4830 δια-

214 4876 601 4944 πορεύονται.
628 4869 792 4931 Θεοὺς
819 4867 874 4919 δὲ
905 4867 1096 4927 αὐτοὺς
1124 4867 1401 4930 ἀποκαλεῖ,
1433 4868 1648 4939 ήτοιδιὰ
1677 4869 1773 4938 τὴν

213 4966 387 5038 τιμὴν
417 4964 485 5033 ἢν
518 4960 786 5029 ἀπένεμεν
819 4958 998 5018 αὐτοῖς
1026 4957 1054 5008 ὁ
1077 4956 1231 5018 λαός·
1279 4957 1417 5010 οὕτω
1451 4961 1584 5027 μετὰ
1629 4960 1775 5012 πλεί-

216 5072 346 5107 στου
383 5053 551 5122 φόϐου
579 5053 672 5103 καὶ
698 5047 861 5116 τιμῆς
891 5044 1119 5114 προσιὼν
1152 5047 1336 5109 αὐτοῖς
1360 5047 1489 5100 ὡσεὶ
1509 5051 1599 5101 καὶ
1630 5050 1774 5119 αὐτῷ

214 5145 294 5214 τῷ
327 5142 486 5212 Θεῷ-
532 5140 565 5209 ἢ
611 5137 902 5205 ἐπειδήπερ
933 5133 1105 5203 χώραν
1149 5134 1282 5186 Θεοῦ
1320 5137 1532 5206 ἐπεῖχον
1562 5139 1620 5190 τὸ
1657 5141 1777 5209 κρί-

209 5252 329 5286 -νειν
353 5227 790 5296 ἀναδεδεγμένοι,
825 5221 1132 5284 κολάζοντές
1166 5239 1226 5273 τε
1264 5225 1356 5277 καὶ
1385 5227 1775 5297 τιμωρούμενοι

218 5325 346 5385 τοὺς
375 5316 698 5376 ἀδικοῦντας
731 5311 868 5365 κατὰ
897 5311 984 5361 τὸν
1017 5312 1140 5379 παρ’
1173 5312 1356 5374 αὐτοῖς
1390 5313 1553 5383 νόμον
1572 5334 1583 5346 .
1615 5317 1646 5385 ἢ
1692 5317 1775 5370 διὰ

217 5411 278 5461 τὸ
301 5403 628 5476 τετιμῆσθαι
657 5398 848 5459 αὐτοὺς
874 5396 977 5447 ὑπὸ
1003 5396 1093 5448 τοῦ
1126 5396 1260 5449 Θεοῦ
1286 5399 1359 5468 τῷ
1382 5401 1487 5469 τῆς
1515 5404 1775 5468 υξοθεσίας

214 5498 438 5566 ὀνόματι
458 5533 473 5556 ,
501 5492 578 5552 ὡς
610 5483 854 5553 λέγεσθαι
879 5483 1004 5551 περὶ
1031 5484 1206 5536 αὐτῶν
1227 5501 1240 5514 ο
1278 5487 1446 5551 Υιοὺς
1479 5490 1774 5561 ἐγέννησα

287 5649 302 5680 ι
339 5645 484 5701 Psal.
523 5649 690 5692 cxvtu
715 5670 728 5694 ,
766 5632 879 5684 103.
960 5635 978 5663 ’
1016 5633 1167 5687 Deut.
1208 5651 1383 5700 xxxii,
1429 5640 1520 5694 18.

1876 1924 2068 1978 magno
2097 1909 2309 1960 cantico
2336 1908 2475 1961 idem
2509 1907 2872 1962 testimonium
2927 1907 3129 1977 profert
3177 1908 3365 1961 dicens
3398 1923 3411 1958 :

1877 1997 2138 2052 Suxerunt
2179 1998 2279 2050 mel
2320 1997 2381 2051 de
2413 2008 2581 2066 petra,
2622 2007 2671 2050 et
2717 1999 2886 2050 oleum
2934 2013 2998 2051 ea:
3027 1998 3158 2050 duro
3197 2013 3326 2050 saxo
3369 1999 3410 2050 ’.

1875 2088 2003 2154 Quae
2035 2089 2247 2158 quidem
2283 2104 2390 2142 non
2425 2089 2720 2143 secundum
2753 2090 2949 2143 nudam
2981 2090 3264 2143 lectionem
3287 2104 3412 2144 eve-

1875 2188 2104 2244 nerunt;
2137 2178 2232 2233 sed
2258 2179 2542 2248 allegdrice
2565 2179 2738 2232 solum
2771 2187 2825 2233 et
2847 2179 3117 2248 cogitandi
3149 2179 3310 2234 modo
3333 2179 3416 2235 in-

1876 2270 2204 2336 telliguntur.
2241 2269 2372 2322 Nam
2410 2270 2522 2338 ipse
2545 2269 2793 2324 Christus
2847 2277 2998 2342 petra
3022 2282 3122 2333 est,
3155 2271 3246 2340 qui
3300 2271 3414 2326 haec

1875 2361 2054 2413 omnia
2090 2359 2194 2414 illis
2220 2375 2313 2429 per
2340 2359 2638 2413 doctrinam
2665 2375 2814 2414 suam
2841 2359 3190 2428 impertiebat,
3217 2377 3322 2414 non
3347 2379 3412 2414 eo

1876 2450 2046 2504 solum
2079 2458 2316 2519 tempore
2348 2465 2456 2518 quo
2482 2451 2941 2520 peregrinabatur,
2978 2450 3071 2504 sed
3093 2452 3252 2504 etiam
3289 2461 3411 2506 ante

1876 2539 2144 2592 carnalem
2203 2554 2358 2592 suum
2411 2539 2732 2606 adventum;
2791 2539 2864 2592 ita
2919 2547 2976 2592 ut
3023 2539 3126 2608 ipsi
3189 2555 3412 2610 prorsus

1878 2627 2304 2689 inexcusabiles;
2353 2626 2446 2681 Dei
2498 2642 2627 2682 vero
2676 2627 2962 2696 judicium,
3015 2643 3124 2696 quo
3171 2629 3272 2681 sub
3303 2628 3414 2682 haec

1877 2713 2022 2781 ipsos
2053 2713 2374 2782 repudiavit,
2402 2714 2607 2780 justum
2649 2715 2738 2768 sit.
2783 2713 3047 2769 Cmterum
3100 2717 3210 2770 haec
3260 2716 3416 2770 nobis

1878 2801 1968 2870 qui
2024 2817 2090 2856 ex
2143 2803 2390 2871 gentibus
2446 2803 2513 2856 ad
2565 2803 2799 2857 divinam
2856 2805 3270 2860 exsultationem
3322 2819 3416 2874 per

1877 2894 2058 2962 priora
2082 2893 2245 2946 verba
2271 2893 2444 2946 vocali
2473 2909 2681 2956 sumus,
2711 2895 2774 2947 ad
2801 2896 3064 2949 cautelam
3092 2897 3378 2950 traduntur
3398 2937 3410 2960 ,

1879 2997 1946 3036 ne
1977 2983 2030 3035 in
2057 2983 2204 3051 paria
2237 2983 2338 3052 ipsi
2367 2998 2581 3052 quoque
2613 2984 2910 3039 incidamus

2099 3309 2150 3362 1.
2183 3307 2498 3364 PSALMUS
2528 3308 2655 3364 lPSl
2685 3309 2926 3364 ASAPH.
2970 3310 3202 3368 LXXXI.

1947 3438 2082 3493 Deus
2113 3442 2257 3494 stetit
2283 3441 2337 3492 in
2363 3457 2628 3510 synagoga
2666 3441 2896 3504 deorum,
2946 3443 2999 3494 in
3038 3443 3205 3495 medio
3241 3451 3412 3496 autem

1874 3529 1995 3582 deos
2023 3529 2299 3598 dijudicat.
2333 3530 2436 3595 Qui
2479 3531 2623 3584 hunc
2654 3531 2903 3600 prae-edit
2927 3547 3104 3586 sermo
3127 3541 3293 3586 totum
3318 3531 3414 3586 Ju-

1876 3617 2112 3672 daaorum
2159 3621 2413 3690 populum
2473 3619 2726 3675 incusat:
2763 3636 2884 3674 nam
2927 3621 2998 3676 ibi
3053 3621 3193 3678 Deus
3233 3633 3414 3691 aperte

1876 3707 2007 3761 dicit
2038 3727 2051 3762 :
2081 3707 2203 3762 Non
2252 3711 2450 3764 audivit
2499 3710 2719 3778 populus
2748 3727 2888 3763 meus
2930 3727 3098 3764 vocem
3138 3729 3321 3776 meam,
3366 3721 3415 3766 et

1878 3797 2048 3851 Israel
2097 3815 2196 3852 non
2242 3800 2463 3853 intendit
2499 3801 2645 3854 mihi.
2700 3799 2767 3853 Et
2815 3800 2992 3854 dimisi
3021 3820 3106 3856 eos
3137 3805 3415 3856 secundum

1877 3887 2136 3940 desideria
2165 3888 2336 3941 cordis
2390 3905 2612 3952 eorum;
2672 3905 2735 3944 ac
2784 3907 2998 3944 rursum
3038 3908 3049 3941 :
3095 3891 3152 3945 Si
3195 3893 3414 3961 populus

1879 3993 2020 4030 meus
2050 3977 2280 4030 audisset
2317 3995 2413 4044 me,
2438 3978 2608 4032 Israel
2629 3981 2672 4033 si
2708 3981 2877 4033 inviis
2921 3983 3048 4034 meis
3077 3983 3413 4048 ambulasset,

1876 4080 1970 4133 pro
2013 4066 2176 4119 nihilo
2217 4067 2443 4135 forsitan
2486 4069 2724 4121 inimicos
2773 4085 2950 4122 eorum
2997 4071 3356 4126 humiliassem
3395 4091 3413 4126 :

1877 4152 1966 4206 hic
1997 4168 2126 4207 vero
2160 4155 2401 4223 psalmus
2430 4164 2822 4225 consequenter
2847 4158 2910 4210 ad
2945 4159 3032 4210 illa
3067 4160 3244 4228 populi
3275 4176 3413 4228 pra-—

1879 4241 2023 4297 sides
2054 4253 2294 4305 accusat,
2323 4245 2617 4314 principem
2648 4247 2789 4298 enim
2821 4255 2872 4299 et
2893 4246 3104 4311 judices
3128 4249 3415 4316 compellat

1880 4333 1964 4388 his
1991 4333 2166 4387 verbis
2207 4350 2220 4384 :
2261 4333 2528 4403 Usquequo
2565 4335 2822 4402 judicatis
2865 4337 3213 4404 iniquitatem,
3251 4349 3299 4392 et
3332 4343 3418 4407 ια·-

1809 4455 1854 4510 D
1882 4426 1982 4476 cies
2005 4433 2332 4492 peccatorum
2381 4425 2628 4478 sumitis?
2651 4425 2887 4492 judicate
2923 4443 3197 4495 pauperem
3237 4439 3288 4482 et
3321 4431 3418 4482 liu-

1879 4514 2072 4576 milem,
2099 4513 2354 4581 pupillum
2398 4523 2445 4565 et
2473 4514 2671 4580 inopem
2691 4513 2998 4582 justiﬁcate.
3051 4516 3249 4572 Deinde
3284 4521 3417 4572 sub-

1877 4602 2001 4658 dit:
2051 4601 2173 4656 Haec
2231 4618 2328 4672 ego
2375 4603 2772 4671 praecipiebant,
2823 4604 2898 4658 illi
2947 4622 3072 4660 vero
3100 4610 3413 4670 nescierunt,
3430 4607 3437 4672 ᾖ

1879 4709 2034 4760 neque
2063 4669 2444 4755 intellexerunt,
2474 4669 2788 4745 inﬁtenebris
2836 4694 3125 4749 ambulant.
3163 4696 3300 4751 Deos
3323 4669 3433 4750 an;l

1878 4791 1982 4836 tem
2023 4790 2177 4836 vocat
2205 4797 2319 4844 eos,
2346 4783 2458 4836 sive
2488 4782 2708 4838 honoris
2740 4800 2846 4852 quo
2877 4787 3106 4856 populus
3153 4787 3300 4856 ipsos
3335 4793 3418 4838 at-

1879 4872 2087 4925 liciebat
2113 4887 2298 4934 causa,
2329 4887 2448 4924 cum
2486 4871 2677 4927 timore
2707 4883 2868 4943 atque
2893 4877 3234 4930 veneratione
3268 4878 3415 4944 ipsos

1880 4961 2100 5028 perinde
2130 4970 2289 5029 atque
2336 4961 2501 5015 Deum
2535 4963 2757 5030 adiens;
2791 4965 2904 5018 sive
2930 4965 3057 5034 quia
3109 4966 3282 5020 locum
3322 4965 3416 5020 Dei

1877 5059 2220 5118 occuparent,
2273 5051 2552 5119 iudicandi
2606 5067 2827 5108 munere
2873 5066 3143 5126 suscepto,
3203 5058 3414 5127 iniquos

1881 5137 2172 5191 secundum
2199 5139 2366 5207 legem
2397 5139 2497 5191 sibi
2536 5140 2786 5193 traditam
2835 5143 3098 5210 supplicio
3133 5145 3413 5214 pinnisque

1881 5227 2216 5292 allicientes;
2275 5229 2358 5281 vel
2406 5230 2528 5296 quia
2590 5245 2621 5282 a
2682 5230 2790 5286 Deo
2853 5233 3152 5302 adoptionis
3200 5237 3414 5291 nurnine

1878 5319 2120 5370 exornati
2150 5327 2306 5382 sunt;
2344 5319 2414 5370 ita
2447 5329 2503 5371 ut
2528 5319 2594 5373 de
2618 5321 2748 5390 ipsis
2797 5322 3010 5376 dicatur
3032 5344 3043 5376 .-
3067 5323 3232 5378 Filios
3261 5327 3416 5394 genui

1877 5419 1924 5460 et
1951 5408 2207 5469 exaltari;
2231 5407 2311 5459 vel
2337 5409 2462 5476 quia
2487 5410 2551 5462 ad
2588 5411 2869 5481 imaginem
2915 5421 2968 5467 et
3012 5415 3414 5470 similitudinem

1878 5493 1991 5558 Dei,
2025 5509 2118 5563 per
2138 5494 2470 5563 spiritualcm
2493 5506 2547 5552 et
2573 5500 2946 5556 rationabilem
2996 5503 3137 5556 illam
3161 5504 3212 5557 in
3245 5503 3414 5557 homi-
