3834 6368
178 326 299 382 985

1344 327 1837 385 (ΣΟΜΜΕΝΤᾹΒΙΑ
1876 329 1938 381 ΙΝ
1988 329 2320 385 PSALMCS.

3271 341 3373 395 986

175 439 345 508 παρὰ
394 438 489 491 τοῦ
525 440 736 510 Πατρὸς
767 442 1035 510 εἰληφότα,
1064 441 1177 503 πῶς
1224 442 1283 493 οὐ
1326 442 1649 495 δικαιότατον
1679 444 1744 509 τῇ

1849 457 1949 495 non
1981 443 2339 510 aequissimum
2376 442 2532 496 fuerit
2560 446 2842 499 venerabili
2876 445 2967 500 Dei
2999 446 3205 502 honore
3232 452 3372 505 cele-

174 521 301 581 ποῦ’
334 528 477 579 Θεοῦ
533 531 807 600 σεϐασμίῳ
847 534 975 600 τιμῇ
1009 531 1319 600 σεμνύνειν;
1349 532 1513 583 Τοῦτό
1542 549 1621 583 τοι
1652 534 1742 584 καὶ

175 618 354 680 αὐτὸς
386 620 415 669 ὁ
445 618 636 688 Σωτὴρ
662 620 1042 688 δυσωπητικῶς
1070 620 1201 689 πρὸς
1241 622 1429 680 αὐτοὺς
1454 622 1578 683 τοὺς
1618 622 1743 673 Ἰουο

176 709 360 760 δαίων
406 710 673 779 ἄρχοντας
722 711 1046 779 προῦτεινεν,
1078 711 1263 772 αὐταῖς
1308 710 1363 761 δὲ
1410 710 1627 773 ταύταις
1653 727 1741 762 κε-

175 795 470 865 χρημένος
514 799 633 857 ταῖς
683 797 974 866 παρούσαις
1017 798 1238 862 λέξεσιν.
1288 799 1591 867 Εἰρηκότων
1639 800 1744 867 γάρ

176 884 372 936 αὐτῶν
392 902 405 914 ·
444 884 584 952 Περὶ
620 886 801 938 καλοῦ
829 886 999 955 ἔργου
1030 890 1099 939 οὐ
1133 884 1434 954 λιθάζομέν
1468 904 1559 948 σε,
1589 887 1745 939 ἀλλὰ

176 975 322 1041 περὶ
367 975 789 1041 βλασφημίας,
829 975 915 1027 ὅτι
959 975 1058 1039 σὺ,
1094 976 1391 1042 ἄνθρωπος
1434 975 1535 1040 ὢν,
1565 976 1744 1039 ποιεῖς

178 1065 463 1117 σεαυτὸν
516 1067 696 1117 Θεώυ
731 1067 1121 1133 ἁνταπεχρίθη
1168 1067 1365 1131 αὐτοῖς
1413 1070 1444 1119 o'
1484 1067 1703 1133 Ἰησοῦς
1729 1083 1740 1094 ·

180 1155 310 1205 Οὐκ
345 1154 485 1205 ἐστι
508 1155 904 1222 γεγγπιμμένον
921 1156 988 1208 ἐν
1005 1154 1081 1218 τῷ
1107 1158 1262 1222 νόμῳ
1288 1154 1465 1224 ὑμῶν,
1486 1156 1517 1207 ὅ
1524 1173 1592 1219 τι,
1610 1156 1746 1223 Ἐγὼ

175 1238 346 1294 εἶπαο
372 1243 513 1295 Θεοί
543 1244 681 1295 ἐστε
702 1260 718 1305 ;
753 1247 817 1295 El
844 1245 1106 1308 ἐκείνους
1128 1241 1253 1297 εἷπε
1279 1245 1467 1309 θεοὺς,
1480 1244 1623 1311 πρὸς
1641 1244 1745 1308 οὓς

176 1332 211 1382 ό
242 1330 443 1398 λόγος
477 1329 709 1397 ἐγένετο
740 1332 840 1384 τοῦ
875 1334 1040 1396 Θεοῦ,
1072 1334 1167 1387 καὶ
1194 1334 1262 1385 οὐ
1287 1332 1526 1384 δύναται
1566 1331 1747 1399 λυθῆ-

176 1437 277 1473 ναι
307 1420 351 1486 ἡ
386 1419 627 1487 Γραρὴ,
654 1420 726 1472 ὃν
757 1423 789 1473 ὀ
822 1421 1018 1487 Πατὴρ
1040 1423 1251 1489 ὴγίασε
1273 1421 1368 1473 καὶ
1400 1421 1749 1474 ἀπέστειλεν

177 1511 268 1574 εἰς
304 1510 423 1561 τὸν
446 1511 697 1577 κόσμον,
726 1510 888 1575 ὑμεῖς
915 1510 1133 1578 λέγετε,
1160 1509 1246 1562 ὅτι
1273 1510 1632 1579 βλασφημεῖ,
1663 1510 1748 1562 ὅτι

178 1596 385 1653 εἷπον-ο
423 1599 559 1663 Υἱὸς
584 1600 728 1652 Θεοῦ
755 1603 887 1667 εἰμι.
913 1601 973 1651 Εἰ
1003 1600 1056 1652 δὲ
1080 1600 1269 1665 λέγοιὸ
1286 1600 1489 1669 Σωτὴρ,
1519 1602 1748 1664 ὅτι,οὐκ

179 1688 318 1741 ἐστι
334 1688 749 1756 γεγραμμένον
772 1689 838 1741 ἐν
864 1688 941 1753 τῷ
962 1690 1155 1757 νόμῳ;
1183 1689 1255 1759 μὴ
1289 1689 1567 1760 θαυμάσῃς
1584 1707 1596 1719 ·
1629 1688 1747 1740 ἐπεὶ

184 1778 373 1830 πάντα
417 1777 575 1844 λόγον
609 1776 763 1838 Θεοῦ,
794 1777 853 1828 οὐ
890 1777 1042 1845 μόνον
1067 1778 1155 1829 τὸν
1181 1776 1265 1828 διὰ
1296 1778 1532 1839 Μωσέως
1554 1816 1569 1839 ,

182 1869 275 1920 καὶ
308 1869 409 1919 τὸν
441 1868 532 1919 διά
557 1866 665 1920 τῶν
707 1868 993 1937 προφητῶν
1037 1867 1370 1936 λελεγμένον,
1402 1868 1584 1938 ὥσπερ
1631 1870 1747 1922 τινὰ

183 1957 478 2026 βασιλικὸν
507 1956 668 2026 νόμον
694 1956 1040 2025 ἀποδέχεσθαι
1078 1957 1342 2009 διδάσκει’
1386 1957 1521 2009 ὥστε
1561 1958 1651 2009 καὶ
1681 1957 1749 2009 τὰ

180 2049 270 2101 διὰ
331 2047 449 2098 τῶν
504 2045 797 2117 προφητῶν
849 2045 1263 2116 παρηγγελμένα
1289 2047 1515 2113 εὐλόγως
1541 2047 1603 2099 ἄν
1632 2065 1749 2099 τινα

182 2136 329 2192 εἶναι
366 2137 537 2206 φάναι
570 2138 765 2202 νόμους
810 2137 968 2189 Θεοῦ·
1001 2138 1091 2189 καὶ
1119 2137 1179 2189 τὸ
1204 2136 1287 2189 διὰ
1313 2138 1408 2207 τῆς
1439 2137 1747 2207 ψαλμῳδίας

182 2229 417 2299 ὁμοίως.
456 2228 628 2290 Αὐτὸς
656 2224 745 2280 οὖν
778 2230 805 2279 ὁ
833 2226 922 2279 τοῦ
948 2226 1078 2279 Θεοῦ
1106 2227 1292 2294 Λόγος,
1331 2226 1536 2297 μορφὴν
1566 2227 1747 2278 δούλου

186 2319 399 2381 λαϐὼν,
434 2318 531 2370 καὶ
563 2319 798 2387 σχήματι
823 2317 1058 2387 εὑρεθεὶς
1100 2318 1173 2381 ὡς
1219 2318 1513 2388 ἄνθρωπος,
1540 2318 1664 2389 ἔστη
1692 2321 1749 2370 ὲν

186 2412 490 2478 συναγωγῇ
534 2408 689 2467 θεῶν,
721 2408 813 2460 καὶ
844 2408 1000 2477 μέσος
1023 2407 1126 2459 τῶν
1151 2410 1206 2460 ὲν
1227 2406 1524 2478 ἀνθρώποις
1545 2408 1751 2477 ὠνομα-

186 2502 432 2555 σθέντων
464 2498 603 2551 θεῶν
624 2496 876 2564 γεγονὼς,
901 2497 1105 2567 ἔκρινεν
1133 2497 1341 2560 αὐτοὺς,
1364 2498 1593 2566 ὁπηνίκα
1619 2498 1751 2567 πρὸς

185 2593 391 2653 αὐτοὺς
414 2590 634 2656 ἔλεγεν·
684 2588 734 2639 '0
774 2590 951 2655 λόγος
986 2586 1055 2638 ὃν
1092 2585 1366 2653 ἐλάλησα
1404 2587 1548 2654 πρὸς
1575 2586 1748 2655 ὑμᾶς,

183 2681 376 2743 αὐτὸς
420 2677 581 2747 ὑμᾶς
617 2678 820 2743 κρίνει.
863 2675 970 2726 Καὶ
1022 2675 1214 2744 μᾶλλον
1257 2676 1395 2728 οὕτω
1447 2677 1641 2746 πρέποι
1686 2677 1751 2730 ἂν

189 2766 518 2837 ἐκδέχεσθαι
569 2764 667 2835 τὴν
712 2763 983 2833 παροῦσαν
1033 2764 1335 2834 Γραφὴν,ἥ
1386 2764 1619 2833 νομίζειν
1664 2766 1751 2818 τὸν

187 2861 457 2912 ἐπέκεινα
494 2856 603 2909 τῶν
636 2856 767 2908 ὅλων
808 2854 955 2917 Θεὸν,
989 2855 1144 2906 αὑτὸν
1170 2855 1257 2906 τὸν
1285 2856 1516 2925 Πατέρα,
1550 2858 1606 2907 ἐν
1630 2856 1751 2906 τού-

184 2968 301 3013 τοις
355 2946 674 3014 εἰσάγεσθαι
719 2944 914 3015 μεταξὺ
967 2944 1099 2996 θεῶν
1134 2945 1329 3016 ἑτέρων
1359 2946 1582 2999 ἑστῶτα.
1617 2944 1748 2997 οὔτε

183 3042 293 3110 γάρ
336 3038 620 3107 ἰσοτίμους
658 3035 802 3105 αὐτῷ
829 3052 974 3096 τινας
1002 3032 1137 3086 εἶναι
1163 3037 1401 3088 ὑπονοεῖν
1430 3036 1602 3105 θέμις,
1631 3035 1749 3087 οὔτε
1778 3066 1818 3120 c

187 3130 359 3184 αὐτὸν
397 3130 479 3189 εἰς
504 3125 755 3179 τοσοῦτον
787 3128 1129 3191 καταγαγεῖν,
1163 3125 1236 3187 ὡς
1267 3126 1423 3195 μέσον
1460 3126 1749 3196 ἀνθρώπων

187 3222 456 3291 παρεῖναι
508 3216 605 3269 καὶ
648 3215 863 3267 ἑστάναι
906 3214 1263 3267 ὑποτίθεσθαι.
1290 3216 1469 3268 Ταῦτα
1495 3216 1550 3267 δὲ
1578 3216 1751 3269 πάντα

182 3310 249 3365 ἂν
306 3307 547 3379 ἁρμόζοι
591 3304 669 3375 τῷ
714 3303 928 3374 Χριστῴ
970 3303 1060 3355 τοῦ
1111 3304 1272 3357 Θεοῦο
1303 3304 1360 3367 ὃς
1402 3305 1465 3374 δὴ
1494 3306 1748 3372 φάσκωνο

185 3400 344 3464 Ἕως
387 3398 535 3449 πότε
567 3397 793 3461 κρίνετε
833 3393 1083 3455 ἀδικίαν,
1113 3393 1207 3445 καὶ
1254 3396 1537 3461 πρόσωπα
1571 3396 1751 3463 ἀμαρ-

183 3488 403 3544 τωλῶν
450 3484 817 3553 λαμϐάνετε;
863 3484 921 3535 οὐ
978 3483 1110 3551 πρὸς
1152 3483 1385 3545 ἐκείνους
1433 3484 1620 3553 μόνους
1673 3481 1752 3549 οἷς

188 3579 389 3650 παρὼν
418 3576 640 3646 ὡμίλει,
670 3573 804 3626 ἀλλὰ
828 3573 919 3625 καὶ⁸
944 3572 1074 3642 πρὸς
1096 3573 1295 3635 πάντας
1314 3572 1453 3625 εἴποι
1479 3573 1542 3625 ἂν
1563 3574 1750 3638 ταῦτα,

189 3671 321 3731 τοὺς
374 3667 477 3735 τὴν
523 3663 768 3727 ἐξουσίαν
816 3661 906 3714 τοῦ
956 3663 1156 3730 κρίνειν
1198 3662 1413 3732 ἐτέρους
1454 3663 1749 3732 εἰληφότας.

190 3757 495 3824 Μέμφεται
546 3750 603 3803 δὲ
655 3750 874 3811 εἰκότως
914 3749 1036 3809 τοὺς
1080 3747 1629 3819 καθυποκρινομένους
1658 3752 1753 3820 μὲν

187 3846 257 3898 τὰ
307 3843 422 3895 τῶν
472 3839 741 3893 πλουσίων
787 3836 1068 3906 πρόσωπα,
1101 3837 1527 3900 καταπονοῦντας
1554 3839 1607 3891 δὲ
1631 3840 1754 3902 τοὺς

190 3933 475 4001 πένητα“ς⁶
511 3928 628 3982 δέον
676 3924 754 3995 τῷ
796 3925 893 3995 τῆς
933 3924 1271 3993 δικαιοσύνης
1311 3925 1455 3995 ζυγῷ
1500 3926 1751 3992 δικάζειν,

195 4018 647 4090 μνημονεύοντας
686 4015 976 4082 φάσκοντος
1015 4013 1175 4082 νόμου
1198 4030 1211 4042 ·
1246 4017 1328 4068 Οὐ
1371 4015 1536 4083 λήψῃ
1576 4017 1757 4082 πρόσ-

204 4126 379 4164 ωπον
412 4109 484 4161 ἐν
505 4106 714 4173 κρίσει.
745 4103 877 4155 Νυνὶ
902 4103 957 4155 δὲ
989 4103 1241 4168 πολλάκις
1262 4106 1353 4157 καὶ
1375 4108 1527 4175 ἡμεῖς
1549 4108 1639 4158 ἐπὶ
1661 4108 1755 4176 μὲν

200 4199 318 4252 τῶν
345 4198 595 4264 πενήτων
625 4192 914 4245 πταιόντων
946 4192 1149 4261 σμικρά
1170 4210 1286 4245 τινα
1309 4194 1562 4263 ἀπότομοι
1584 4194 1756 4261 γιγνό-

204 4290 349 4360 μεθα
384 4287 595 4358 κριταὶ,
632 4284 723 4335 καὶ
771 4281 1124 4352 ἀπαραίτητοι
1172 4284 1226 4335 ὲν
1276 4286 1391 4345 ταῖς
1433 4284 1548 4337 κατ’
1582 4284 1755 4335 αὐτῶν

1616 1778 1746 1830 ἀλλά
1780 1757 1818 1810 Β

1841 530 2034 584 hrare?
2064 530 2215 594 Quod
2250 533 2362 600 ipse
2392 532 2643 586 Servatur
2669 535 2870 603 pudore
2889 535 3189 590 Judzeorum
3222 543 3370 609 prin-

1840 619 1984 686 cipes
2008 619 2260 679 alliciens,
2283 620 2603 689 eosdemque
2637 621 2720 675 his
2751 623 2881 691 ipsis
2917 624 3093 676 verbis
3130 628 3367 694 compel.

1842 707 1978 771 lans,
2017 709 2319 777 objicichat.
2358 709 2486 762 Nam
2529 725 2652 763 cum
2692 711 2765 764 illi
2792 713 3051 767 dixissent
3084 732 3095 765 :
3128 715 3202 767 De
3239 715 3367 768 bono

1843 813 1989 864 opere
2017 814 2117 850 non
2146 798 2437 866 lapidamus
2470 809 2534 863 te,
2570 799 2656 852 sed
2676 800 2737 853 de
2765 800 3110 866 blasphemia;
3139 808 3259 869 quia
3290 815 3368 867 tu,

1843 887 1994 940 homo
2034 904 2149 939 cum
2181 889 2273 951 sis,
2320 889 2451 956 facis
2492 891 2703 957 teipsum
2748 891 2956 943 Deum:
2988 893 3245 959 respondit
3293 896 3366 947 eis

1842 971 1994 1026 Iesus
2022 987 2039 1025 :
2075 973 2257 1027 Nonne
2294 977 2537 1041 scriptum
2564 987 2639 1030 est
2673 978 2722 1030 in
2751 977 2856 1045 lege
2887 988 3085 1031 vestra:
3107 978 3215 1047 Ego
3237 980 3367 1045 dixi,

1844 1062 1932 1115 Dii
1951 1065 2112 1118 estis?
2131 1064 2190 1117 Si
2217 1066 2335 1118 illos
2364 1067 2496 1118 dixit
2522 1066 2639 1119 deos
2666 1070 2732 1119 ad
2759 1084 2883 1136 quos
2905 1084 3068 1121 sermo
3093 1068 3183 1121 Dei
3201 1070 3368 1137 factus

1844 1164 1940 1214 est,
1971 1162 2018 1205 et
2056 1170 2156 1206 non
2183 1164 2347 1221 potest
2392 1155 2519 1208 solvi
2551 1156 2850 1222 Scriptura;
2888 1173 3035 1223 quem
3063 1156 3221 1209 Pater
3249 1175 3372 1211 san-

1845 1243 2087 1309 cti/icavit
2110 1252 2157 1296 et
2186 1245 2326 1297 misit
2359 1246 2412 1296 in
2441 1246 2709 1306 mundum,
2746 1262 2831 1299 vos
2870 1247 3042 1299 dicitis
3080 1248 3201 1313 quia
3230 1247 3372 1301 blas-

1846 1334 2070 1399 pliemat,
2103 1336 2225 1402 quia
2255 1335 2406 1387 dixi:
2439 1334 2609 1389 Filius
2634 1336 2729 1388 Dei
2763 1353 2877 1389 sum
2906 1336 2947 1391 ⁸.
2977 1338 3126 1402 Quod
3163 1338 3208 1391 si
3247 1337 3372 1390 Ser-

1845 1430 1996 1476 vator
2024 1422 2165 1476 dicat
2198 1444 2209 1477 :
2248 1422 2430 1477 Nonne
2458 1434 2533 1476 est
2571 1427 2819 1493 scriptum
2848 1427 2900 1478 in
2941 1427 3091 1495 lege?
3119 1443 3183 1480 ne
3213 1430 3373 1480 inire-

1848 1511 1953 1576 ris;
1990 1512 2241 1579 quoniam
2274 1512 2561 1579 quemlibet
2601 1527 2899 1565 sermonem
2926 1514 3037 1573 Dei.
3060 1530 3165 1567 non
3199 1516 3371 1568 solum

1848 1602 1935 1669 qui
1962 1617 2055 1670 per
2088 1601 2341 1671 Moysem,
2377 1601 2470 1656 sed
2499 1602 2656 1656 etiam
2691 1618 2782 1669 per
2820 1605 3108 1671 praphctas
3141 1606 3374 1672 prolatus

1850 1688 1938 1751 sit,
1966 1690 2117 1757 quasi
2146 1690 2341 1758 regiam
2373 1689 2654 1756 quamdam
2691 1690 2855 1758 legem
2894 1690 3257 1759 accipiendum
3282 1693 3377 1745 do-

1847 1789 1969 1839 cet;
2020 1780 2093 1831 ita
2137 1788 2194 1831 ut
2236 1787 2496 1848 pmcepta
2543 1796 2635 1848 per
2669 1782 2955 1850 pr0phetas
2989 1782 3213 1845 tradita,
3255 1784 3375 1851 jure

1848 1869 1989 1936 leges
2026 1867 2113 1921 Dei
2141 1884 2257 1923 esse
2290 1869 2565 1934 dicantur;
2597 1878 2649 1923 et
2682 1873 2924 1925 similiter
2954 1888 3071 1940 qua:
3124 1873 3179 1926 in
3222 1872 3375 1927 Psal-

1847 1960 1948 2011 mis
1979 1958 2240 2011 fcruntur.
2277 1957 2450 2026 Ipsum
2481 1961 2657 2028 itaque
2685 1960 2776 2015 Dei
2810 1961 3060 2027 Verbum,
3088 1963 3227 2035 quod
3264 1964 3376 2017 for-

1849 2064 1984 2101 mam
2015 2049 2153 2104 servi
2187 2049 2391 2118 accepit
2412 2058 2463 2103 et
2488 2051 2671 2104 habitu
2697 2052 2965 2105 inventum
2999 2061 3081 2108 est
3110 2061 3169 2106 ut
3194 2053 3371 2117 homo,

1847 2136 1992 2189 stetit
2017 2136 2067 2189 in
2098 2152 2362 2207 synagoga
2389 2138 2607 2193 deorum
2628 2177 2643 2202 ,
2679 2148 2731 2193 et
2762 2142 2991 2194 medium
3041 2149 3190 2196 stans
3237 2142 3374 2195 inter

1847 2225 2108 2291 homines,
2142 2227 2232 2296 qui
2260 2227 2332 2279 dii
2368 2238 2645 2287 vocantur,
2678 2228 2952 2295 judicabat
2979 2245 3106 2292 eos,
3144 2245 3265 2281 cum
3296 2230 3378 2288 di-

1847 2322 1989 2367 ceret
2019 2315 2121 2368 illis
2153 2333 2165 2368 :
2193 2313 2371 2368 Sermo
2409 2332 2555 2384 quem
2585 2319 2782 2369 locutus
2815 2333 2928 2369 sum
2957 2317 3115 2380 vobis,
3155 2318 3260 2385 ipse
3288 2334 3373 2371 vos

1838 2404 2041 2471 judicat
2058 2404 2253 2459 '.Hanc
2272 2420 2431 2474 porro
2453 2405 2781 2474 Scripturam
2804 2407 3161 2475 praestabilius
3183 2407 3377 2460 esthoc

1848 2495 2088 2563 accipere
2124 2495 2302 2558 modo,
2335 2511 2492 2563 quam
2526 2503 2712 2565 putare
2754 2495 2918 2550 Deum
2950 2498 3040 2566 qui
3071 2512 3233 2565 super
3264 2512 3379 2549 nm-

1850 2586 1936 2638 nia
1968 2592 2070 2647 est,
2098 2585 2272 2653 ipsum
2314 2584 2544 2646 Patrem,
2580 2585 2665 2639 hic
2706 2585 2883 2639 induci
2917 2586 3054 2639 inter
3084 2588 3217 2640 alios
3247 2588 3378 2640 deos

1850 2681 2098 2728 stantem.
2126 2673 2305 2743 Neque
2336 2675 2476 2727 enim
2511 2675 2632 2728 licet
2663 2676 2798 2728 alios
2831 2675 2929 2744 ipsi
2970 2675 3172 2729 honore
3200 2690 3376 2743 arqua-

1850 2766 1925 2817 les
1958 2780 2075 2817 esse
2112 2765 2395 2833 suspicari,
2441 2779 2614 2833 neque
2664 2765 2837 2834 ipsum
2868 2766 2941 2818 ita
2969 2766 3283 2834 deprimere,
3322 2776 3379 2818 ut

1850 2855 2057 2908 medius
2109 2855 2247 2908 inter
2292 2854 2535 2909 homines
2579 2870 2698 2909 esse
2735 2864 2787 2909 et
2835 2863 2978 2910 stare
3028 2870 3375 2926 supponatur.

1852 2943 1972 2997 llrec
1996 2959 2156 3013 porro
2184 2947 2361 2997 omnia
2390 2943 2609 2997 Christo
2641 2943 2732 2997 Dei
2760 2952 3062 3013 competant
3095 2965 3107 2999 :
3132 2946 3221 3014 qui
3251 2962 3379 2999 sane

1852 3048 1970 3085 cum
2006 3033 2117 3085 haec
2148 3030 2276 3085 dicit
2309 3050 2321 3084 :
2371 3028 2636 3099 Usquequo
2663 3031 2911 3098 iudicatis
2949 3033 3288 3101 iniquitatem,
3328 3043 3377 3087 et

1850 3122 2007 3189 facies
2031 3131 2353 3187 peccatorum
2375 3121 2577 3172 sumitis
2599 3124 2622 3175 Ζ)
2649 3136 2752 3173 non
2777 3134 2868 3175 eos
2892 3122 3062 3174 solum
3088 3138 3221 3191 quos
3242 3138 3379 3190 prae-

1850 3226 1973 3265 sens
2003 3209 2402 3278 alloquebatur;
2434 3208 2525 3262 sed
2554 3209 2712 3261 etiam
2742 3224 2927 3262 omnes
2949 3216 3208 3277 quotquot
3228 3218 3380 3276 pote-

1850 3307 2041 3354 statem
2070 3300 2136 3352 de
2169 3300 2289 3353 aliis
2315 3298 2591 3367 iudicandi
2615 3299 2937 3366 acceperint,
2969 3300 3047 3352 sic
3073 3301 3375 3368 compellat.

1850 3389 2035 3443 Merito
2068 3398 2243 3442 autem
2278 3388 2452 3458 arguit
2485 3403 2597 3453 eos,
2639 3389 2729 3456 qni
2759 3387 2980 3441 divitum
3009 3404 3290 3457 personam
3320 3392 3379 3446 in

1851 3480 2060 3533 occulto
2082 3479 2372 3548 accipiunt,
2402 3493 2660 3547 pauperes
2682 3485 2857 3532 autem
2879 3479 3185 3546 opprimunt
3211 3497 3225 3544 ;
3250 3495 3376 3534 cum

1850 3578 2090 3639 Oporteat
2121 3585 2242 3623 cum
2268 3569 2489 3638 iustitiae
2528 3570 2732 3623 hilance
2762 3569 3021 3637 judicium
3068 3568 3227 3632 ferre,
3274 3586 3383 3622 tne-

1851 3676 2025 3715 mores
2058 3660 2189 3727 legis
2220 3676 2336 3729 quae
2360 3661 2433 3712 ait
2467 3675 2479 3710 :
2514 3658 2631 3711 Non
2660 3660 2876 3727 accipies
2911 3675 3183 3727 personam
3206 3660 3255 3710 in
3287 3658 3385 3725 ju-

1850 3749 1984 3803 dicio
2013 3750 2052 3803 ⁸.
2091 3747 2244 3803 Nunc
2274 3756 2450 3802 autem
2483 3749 2794 3816 plerumque
2821 3763 2921 3801 nos
2965 3763 3090 3817 erga
3120 3762 3386 3817 pauperes

1851 3838 1905 3891 in
1938 3838 2145 3891 modica
2176 3838 2376 3907 lapsos,
2424 3838 2683 3891 immanes
2726 3853 2913 3891 sumus
2950 3839 3179 3906 judices,
3221 3848 3389 3907 atque

1851 3925 1905 3978 in
1934 3925 2198 3979 sententia
2235 3934 2420 3978 contra
2447 3939 2541 3978 eos
2576 3924 2788 3979 ferenda
2831 3926 3213 3989 inexorabiles;
3244 3926 3383 3979 divi-

1851 4024 1963 4068 tum
2005 4030 2129 4069 vero
2162 4016 2251 4084 qui
2303 4015 2617 4084 gravissima
2670 4014 2893 4067 crimina
2945 4024 3269 4083 perpetrant,
3316 4032 3385 4070 ac

1851 4104 2039 4160 deinde
2067 4106 2118 4159 in
2154 4104 2444 4159 Ecclesiam
2474 4103 2566 4157 Dei
2613 4105 2891 4165 accedunt,
2929 4119 3207 4171 personam
3238 4107 3389 4158 acci-.

1851 4198 2047 4266 pimus,
2075 4196 2145 4250 ita
2173 4204 2233 4248 ut
2259 4196 2414 4248 nobis
2434 4196 2592 4248 etiam
2616 4202 2881 4262 competat
2907 4194 3035 4247 illud
3068 4213 3081 4246 :
3112 4193 3378 4263 Usquequo

1845 4284 2097 4352 judicatis
2128 4284 2472 4352 iniquitatem,
2509 4290 2554 4333 et
2589 4281 2746 4348 facies
2782 4290 3104 4348 peccatorum
3137 4282 3387 4336 sumitis."

195 4379 516 4446 ἀποφάσεσι
540 4390 553 4403 '
610 4370 871 4425 πλουσίων
916 4369 971 4420 δὲ
1011 4371 1078 4423 τὰ
1113 4371 1336 4439 μέγιστα
1364 4371 1750 4442 ἐξαμαρτανόν-

1850 4374 1983 4427 Cum
2013 4382 2186 4426 autem
2236 4373 2385 4433 dicit,
2417 4386 2691 4439 usquequo,
2723 4370 2788 4424 de
2830 4370 2950 4423 vita:
2978 4370 3123 4423 exitu
3159 4386 3255 4424 nos
3285 4370 3389 4423 ad-
3462 4412 3465 4415 .

193 4484 329 4526 των,
360 4465 554 4517 ἔπειτα
597 4457 1038 4529 παραϐαλλόντων
1077 4459 1155 4519 εἰς
1183 4458 1277 4527 τὴν
1319 4461 1630 4529 Ἐκκλησίαν
1657 4461 1747 4513 τοῦ

192 4554 357 4617 Θεοῦ,
397 4551 667 4621 πρόσωπα
715 4545 1078 4615 λαμϐάνομενο
1130 4544 1267 4600 ὥστε
1318 4549 1408 4599 καὶ
1442 4548 1573 4617 πρὸς
1606 4552 1750 4619 ἡμᾶς

193 4647 462 4718 ἁρμόττει
488 4643 550 4695 τό
569 4658 581 4670 ’
616 4642 759 4705 Ἕως
780 4641 919 4691 πότε
939 4642 1164 4706 κρίνετε
1183 4639 1435 4704 ἀδικίαν,
1455 4643 1548 4694 καὶ
1570 4646 1748 4709 πρόσ-

1853 4471 2053 4518 monet.
2096 4463 2386 4528 Quantum,
2449 4461 2642 4528 inquit,
2701 4459 2953 4527 temporis
3006 4460 3156 4514 vobis
3184 4460 3377 4525 aderit,

1852 4568 1957 4622 quo
1987 4554 2120 4607 tales
2153 4551 2311 4606 sitis?
2346 4566 2408 4604 ae
2437 4550 2648 4603 demum
2679 4564 2773 4603 vos
2812 4548 2903 4603 Dei
2945 4548 3201 4617 judicium
3230 4550 3381 4603 inva-

1852 4646 1960 4697 det.

193 4753 329 4792 ωπα
369 4733 736 4806 ἁμαρτωλῶν
782 4733 1138 4800 λαμϐάνετε;
1183 4735 1267 4785 Ἐν
1313 4734 1368 4786 δὲ
1407 4736 1484 4804 τῷ
1529 4739 1701 4808 λέγειν
1724 4781 1740 4805 ,
1779 4742 1885 4804 ἕως
1935 4739 2093 4798 πότε,
2149 4735 2543 4804 ὑπομιμνήσκει
2598 4728 2695 4803 τῆς
2748 4732 2840 4784 τοῦ
2905 4732 3016 4800 βίου
3047 4731 3381 4800 ἀπαλλαγῆς.

197 4835 373 4886 Πόσον
400 4830 534 4899 γάρ,
557 4828 738 4896 φησὶν,
760 4826 904 4889 ἕξετε
929 4826 1112 4895 χρόνον
1141 4829 1196 4878 ὲν
1223 4820 1266 4893 ᾧ
1291 4828 1513 4882 τοιοῦτοι
1534 4832 1747 4898 ﬁscella;
1785 4834 1875 4887 καὶ
1903 4832 2082 4883 λοιπὸν
2105 4828 2410 4897 διαλήψεται
2442 4827 2581 4895 ὑμᾶς
2609 4828 2640 4894 ἡ
2666 4824 2757 4877 τοῦ
2783 4824 2913 4876 Θεοῦ
2940 4822 3133 4891 κρίσις.

269 4945 362 4996 Διδ
385 4942 631 5007 ἐπιλέγει
649 4956 664 4969 ο
698 4940 943 5005 Κρίνατε
969 4940 1200 5007 πτωχὸν
1221 4939 1316 4991 καὶ
1346 4942 1621 5011 ὀρφανὸν,
1651 4963 1748 4999 τα.

198 5034 415 5086 κεινὸν
438 5030 539 5083 καὶ
560 5028 783 5094 πένητα
798 5026 1155 5080 δικαιώσατε.
1175 5025 1479 5087 Ἐξέλεσθε
1503 5030 1744 5099 πένητα,

1919 4943 2086 4996 Vens.
2120 4943 2171 4995 4.
2207 4940 2380 5005 Quare
2426 4938 2606 4992 subdit
2640 4958 2655 4991 :
2684 4937 2924 4990 Judicate
2968 4950 3180 5002 egenum
3209 4945 3257 4986 et
3285 4951 3382 5001 pu-

1847 5034 2049 5102 pillum,
2072 5032 2308 5083 humilem
2338 5039 2387 5081 et
2406 5044 2676 5097 pauperem
2696 5028 3001 5094 justiﬁcate.
3035 5022 3234 5090 Eripite
3253 5040 3382 5090 pan-

200 5124 300 5175 καὶ
332 5120 578 5187 πτωχὸν
603 5118 669 5169 ἐκ
708 5116 902 5183 χειρὸς
943 5114 1280 5183 ἁμαρτωλοῦ
1318 5116 1606 5181 ῥύσασθε.
1625 5123 1746 5175 Ἐὰν

1849 5139 2033 5191 pereat,
2064 5132 2110 5174 et
2147 5136 2355 5188 egenum
2396 5118 2458 5170 de
2512 5135 2669 5170 manu
2722 5114 3004 5184 peccatoris
3056 5113 3291 5165 liberate.
3330 5113 3387 5168 Si

204 5212 304 5283 μὶν
334 5207 429 5264 οὖν
443 5210 649 5262 τούτων
672 5205 999 5276 ἀκροώμενοι
1025 5202 1392 5271 παιδευώμεθα
1416 5206 1508 5257 καὶ
1530 5208 1599 5259 τὰ
1616 5228 1750 5281 παρ-

1853 5214 2031 5282 itaque
2056 5213 2138 5266 his
2163 5210 2358 5263 auditis
2381 5209 2449 5261 ad
2479 5208 2815 5276 disciplinam
2837 5203 3164 5257 accedamus
3184 5211 3238 5254 et
3263 5218 3393 5269 pra:-

204 5300 529 5369 αγγέλματα
565 5295 934 5363 φυλάττοιμεν,
966 5295 1061 5362 τῆς
1090 5295 1149 5344 ὲκ
1178 5290 1286 5343 τῶν
1307 5291 1471 5360 λόγων
1496 5295 1750 5366 ὼνάμεθα

1852 5313 2002 5370 cepta
2039 5314 2339 5359 servemus,
2382 5313 2451 5350 ex
2492 5296 2831 5351 sermonibus
2876 5290 3168 5343 utilitatem
3214 5289 3396 5355 perci-

202 5387 493 5455 ὠφελείας.
512 5384 661 5437 Ἐπεὶ
686 5383 773 5434 καὶ
792 5385 914 5451 ἡμῖν
934 5382 1235 5450 λεχθήσεται
1256 5394 1270 5406 ⁸
1307 5384 1421 5433 Οὐκ
1450 5382 1750 5451 ἔγνωσαν,

1851 5393 2074 5460 piemus.
2094 5389 2297 5442 Etenim
2322 5388 2480 5442 nobis
2515 5403 2725 5457 quoque
2769 5385 2985 5437 dicetur
3012 5398 3113 5430 :——
3133 5376 3308 5428 Vens.
3348 5377 3403 5429 5.

204 5475 350 5529 οὐδὲ
375 5474 674 5541 συνῆκαν,
701 5472 768 5523 ἐν
784 5471 970 5523 σκότει
994 5466 1451 5531 διαπορεύονται.
1470 5470 1540 5521 Τί
1571 5471 1626 5523 δὲ
1652 5477 1750 5529 οὐκ

1856 5480 2177 5541 Nescierunt,
2209 5493 2364 5544 neque
2413 5480 2799 5540 intellexerunt,
2851 5474 2914 5525 in
2966 5466 3190 5522 tenebris
3227 5464 3416 5516 ambit.

296 5632 318 5658 ι
343 5628 498 5684 ιυηη,
538 5645 601 5691 χ,
640 5626 721 5679 53.
797 5625 815 5653 ³
850 5621 989 5674 Joan.
1020 5632 1114 5680 xu,
1152 5614 1245 5667 48.
1327 5619 1345 5648 θ
1381 5618 1550 5673 Deut.
1591 5638 1720 5693 xw,
1762 5628 1840 5683 l9.
