3834 6382
369 388 474 445 987

374 503 505 556 lant.
547 496 683 564 Quid
719 502 890 547 autem
922 486 1231 540 uesicierunt
1284 493 1455 547 neque
1506 474 1888 533 intellexerunt,

883 508 890 541 ι
922 486 1231 540 uesicierunt
1284 493 1455 547 neque
1506 474 1895 533 intellexerunt,
1928 474 1970 529 Α
1999 468 2238 533 ἔγνωσαν
2283 456 2397 511 οὐδὲ

376 589 479 642 nisi
513 602 571 640 se
603 578 990 653 quamprimum
1043 568 1293 624 tribunali
1326 565 1421 619 Dei
1462 559 1729 617 sistendos
1757 571 1896 618 esse,

375 645 636 732 rationein
672 672 735 723 de
767 645 990 736 vjudiciis
1028 661 1225 729 injuste
1275 655 1399 708 latis
1445 647 1782 706 reddituros?
1822 645 1899 697 illi

376 781 503 820 vero
528 760 786 832 judicium
826 755 917 807 Dei
953 767 1059 821 prie
1092 747 1263 802 oculis
1297 760 1405 798 non
1433 747 1710 811 ponentes,
1741 737 1794 788 in
1824 741 1903 786 te-

380 825 561 909 nebris
586 850 876 907 ambulant,
914 841 1225 912 ignorantia:
1253 835 1478 903 caligine
1506 830 1699 883 mentis
1723 825 1904 879 oculos

381 944 679 1013 Oppleutes.
704 934 1058 1001 Quamobrem
1091 943 1186 998 par
1217 932 1299 979 est
1328 938 1421 978 eos
1446 918 1593 974 verbi
1625 912 1905 984 Splendore

382 1036 695 1091 illustratus,
753 1039 844 1079 aut
889 1039 996 1077 non
1036 1020 1301 1090 judicare,
1347 1025 1609 1066 memores
1656 1006 1772 1073 ejus
1817 1001 1906 1070 qui

383 1122 515 1175 dixit
548 1137 562 1173 :
594 1087 767 1169 Nolite
792 1087 1049 1182 judicare,
1078 1115 1133 1158 ut
1171 1121 1271 1156 non
1304 1096 1606 1169 judicemini
1632 1095 1651 1124 "
1678 1110 1692 1158 ;
1724 1098 1814 1142 aut
1862 1087 1907 1141 si

385 1210 437 1263 id
484 1204 769 1275 aliquando
793 1178 1021 1254 necesse
1050 1194 1227 1255 fuerit,
1261 1187 1623 1259 justissimum
1650 1178 1908 1249 judicium

384 1299 545 1360 ferre,
580 1313 641 1349 ac
680 1298 986 1364 peccatores
1011 1285 1355 1344 convincere;
1379 1274 1586 1331 etiamsi
1620 1265 1911 1339 oportuerit

386 1404 483 1459 pro
510 1386 729 1439 veritate
760 1380 892 1433 mori
936 1396 947 1430 :
984 1377 1033 1429 iu
1070 1373 1303 1424 animum
1338 1366 1669 1421 inducentes,
1710 1358 1763 1410 in
1791 1356 1913 1406 uui-

385 1447 583 1530 versali
614 1474 703 1526 Dei
735 1469 959 1540 judicio,
994 1462 1134 1534 quod
1167 1476 1260 1530 per
1290 1457 1559 1512 Christum
1589 1463 1742 1505 suum
1776 1447 1913 1498 latu-

386 1583 484 1620 rus
512 1575 613 1627 est,
639 1562 873 1616 omnium
906 1556 1018 1609 fore
1049 1547 1560 1605 consummationem
1588 1549 1640 1594 et
1660 1536 1913 1591 mutatio-

389 1671 530 1709 nem.
583 1652 733 1717 Quod
786 1646 1044 1716 judicium
1079 1643 1314 1695 declarat
1358 1638 1409 1690 id
1439 1633 1581 1704 quod
1628 1628 1912 1697 sequitur:

389 1742 626 1797 -—Vens.
653 1742 705 1802 6,
740 1740 790 1791 7.
824 1736 1165 1790 Movebuntur
1189 1730 1361 1785 omnia
1394 1724 1912 1795 fundamentaterrw.

391 1832 501 1901 Ego
530 1830 771 1883 dixi:Dii
794 1830 936 1888 estis,
960 1837 1006 1879 et
1034 1826 1131 1893 ﬁlii
1163 1818 1414 1874 Altissimi
1441 1829 1634 1868 omnes.
1680 1809 1781 1861 Vos
1821 1823 1917 1858 au-

394 1933 490 1974 tem
518 1923 651 1974 sicut
678 1920 905 1972 homines
941 1912 1246 1975 mariemini,
1272 1918 1318 1962 et
1353 1908 1483 1959 sicut
1511 1918 1641 1955 unus
1670 1899 1731 1952 de
1771 1898 1917 1966 prin-

392 2011 589 2078 cipibus
616 2009 828 2061 cadetis.
862 2003 1163 2058 Memoratis
1198 2001 1319 2059 diis,
1350 1995 1577 2048 ducibus
1608 1989 1848 2043 videlicet
1871 1994 1923 2039 et

396 2073 726 2168 principibus
774 2092 975 2162 populi,
1024 2090 1112 2157 qui
1161 2089 1214 2140 in
1260 2083 1490 2138 medium
1543 2092 1730 2133 eorum
1776 2073 1921 2126 venit

397 2188 555 2250 Deus,
572 2161 692 2237 haec
720 2161 879 2236 etiam
904 2178 1155 2246 loquitur,
1174 2175 1392 2234 docens,
1429 2184 1485 2224 se
1512 2166 1722 2237 quidem
1749 2161 1923 2215 Patris

396 2276 766 2330 liberalitatem
823 2271 1109 2332 imitatum,
1160 2264 1308 2317 nulla
1359 2259 1558 2314 invidia
1606 2253 1918 2308 cohibitum.

397 2368 647 2421 deitatem
678 2360 1073 2416 communicare
1105 2369 1286 2418 suam;
1321 2351 1394 2404 ita
1440 2355 1500 2401 ut
1546 2346 1667 2399 illos
1714 2354 1925 2410 quoque

398 2472 582 2511 omnes
611 2455 741 2508 deos
769 2458 821 2505 et
857 2449 995 2503 ﬁlios
1028 2442 1289 2499 Altissimi
1315 2444 1549 2498 voearet,
1577 2431 1719 2502 quod
1747 2440 1922 2483 tamen

400 2547 504 2602 sibi
536 2546 637 2599 soli
667 2546 867 2605 inerat;
898 2538 974 2590 illi
1004 2550 1131 2589 vero
1176 2533 1399 2602 gratiam
1433 2524 1754 2582 contumelia
1807 2520 1926 2573 aﬁ‘e—

400 2641 608 2689 cerunt.
640 2630 756 2693 Quo
786 2634 943 2697 pacto
968 2631 1143 2676 autem
1174 2621 1265 2689 qui
1297 2634 1325 2671 a
1354 2614 1754 2681 Deoimperium
1778 2623 1929 2662 accev

400 2740 548 2793 pere,
578 2722 797 2775 deorum
843 2718 1095 2769 honorem
1158 2709 1295 2779 apud
1347 2706 1586 2761 subditos
1631 2702 1924 2761 obtineant,

402 2813 683 2880 intelliges,
714 2808 758 2861 si
789 2806 965 2858 animo
1008 2801 1253 2853 advertas
1285 2795 1485 2850 dictum
1515 2790 1682 2859 Moysi
1712 2788 1875 2840 fuisse
1912 2804 1923 2838 :

405 2902 536 2956 Ecce
568 2878 808 2952 constitui
849 2902 893 2946 te
937 2890 1084 2943 hodie
1115 2887 1265 2939 deum
1308 2881 1617 2939 Pharaonis,
1662 2886 1709 2930 et
1754 2878 1926 2926 Aaron

405 2994 568 3060 frater
608 2998 723 3039 tuus
756 2984 853 3037 erit
895 2981 985 3033 tibi
1013 2977 1259 3046 propheta
1285 2976 1325 3027 ⁸.
1357 2973 1506 3025 Sicut
1534 2970 1675 3024 enim
1699 2966 1927 3035 Moyses,

405 3094 526 3136 cum
555 3079 713 3131 homo
744 3073 837 3127 Dei
866 3078 1028 3131 esset,
1048 3075 1100 3121 et
1134 3068 1200 3120 ab
1233 3081 1296 3120 eo
1327 3065 1580 3117 honorem
1612 3058 1925 3126 accepisset,

406 3171 539 3224 deus
573 3162 869 3218 Pharaonis
896 3159 1195 3230 appellatus
1231 3163 1311 3209 est
1337 3172 1351 3219 ;
1379 3154 1559 3207 eodem
1594 3149 1751 3202 modo
1778 3156 1931 3215 quot»

405 3263 537 3327 quot
567 3271 594 3307 a
631 3254 735 3307 Deo
768 3252 1022 3304 honorem
1057 3245 1377 3314 acceperint,
1416 3241 1634 3295 deorum
1663 3240 1776 3290 loco
1804 3235 1933 3289 sub-

407 3325 535 3400 ditis
566 3343 847 3397 habentur.
889 3336 1244 3403 Quamobrem
1302 3332 1461 3385 iidem
1500 3328 1694 3384 subditi
1736 3325 1801 3378 ad
1842 3338 1935 3377 eos

409 3450 533 3490 cum
560 3431 855 3487 reverentia
886 3435 939 3480 et
962 3426 1149 3479 timore
1172 3421 1451 3481 accedunt,
1476 3432 1582 3470 non
1613 3416 1681 3469 ob
1708 3412 1936 3466 militare

411 3523 745 3582 satellitium,
780 3534 887 3572 non
916 3517 984 3569 ob
1024 3514 1234 3567 divitias
1263 3517 1315 3563 et
1361 3512 1705 3577 potestatem;
1745 3502 1835 3556 sed
1868 3500 1936 3553 ob

409 3615 666 3665 honorem
696 3607 828 3676 ipsis
856 3619 884 3655 a
906 3602 1013 3655 Deo
1035 3600 1279 3653 inditum.
1314 3595 1402 3649 Sic
1430 3596 1571 3648 enim
1601 3591 1796 3660 Moysis
1824 3587 1938 3641 vul-

411 3708 501 3753 tus
532 3698 697 3766 gloria
730 3693 1055 3761 repiebatur,
1107 3687 1185 3741 sic
1236 3684 1597 3753 apostolorum
1649 3677 1938 3733 Salvatoris

412 3786 604 3846 nostri,
632 3785 709 3837 sic
743 3783 868 3835 olim
900 3778 993 3832 Dei
1037 3775 1436 3847 prophetarum,
1470 3771 1548 3825 sic
1580 3769 1817 3822 omnium
1848 3764 1939 3834 qui

412 3888 536 3928 vere
570 3871 709 3925 servi
741 3869 832 3922 Dei
858 3874 1043 3931 erant;
1076 3863 1167 3933 qui
1200 3861 1325 3915 dum
1354 3861 1468 3913 sine
1496 3857 1778 3927 splendore
1810 3869 1942 3923 pauo

412 3977 672 4033 paresque
703 3960 864 4012 vitam
897 3956 1168 4025 degerent,
1194 3966 1224 4003 a
1261 3950 1523 4018 religiosis
1562 3956 1736 3999 tamen
1772 3945 1942 3997 homi-

414 4031 572 4107 nibus
597 4051 665 4103 ob
685 4048 902 4102 inditam
937 4044 1039 4098 sibi
1085 4040 1308 4111 gratiam
1351 4038 1403 4089 in
1446 4036 1646 4087 honore
1672 4031 1944 4085 habeban-

413 4152 523 4196 tur.
555 4139 663 4209 Ego
685 4137 919 4207 quidem,
954 4134 1048 4193 ait,
1077 4131 1157 4186 sic
1196 4127 1358 4188 volui,
1392 4124 1470 4177 sic
1501 4123 1608 4176 dixi
1639 4138 1651 4172 :
1685 4121 1773 4173 Dii
1798 4121 1941 4173 estis.

416 4232 572 4287 Volui
601 4244 729 4285 sane
759 4242 856 4280 vos
881 4223 1100 4294 perinde
1136 4228 1294 4287 atque
1314 4230 1397 4268 me
1429 4214 1481 4266 in
1508 4212 1681 4266 medio
1706 4217 1944 4264 vestrum

415 4328 645 4376 stantem
699 4316 886 4376 Deum,
936 4306 1197 4365 Altissimi
1243 4304 1380 4357 ﬁlios
1412 4299 1582 4364 eiiici;
1632 4312 1726 4350 vos
1766 4304 1943 4349 autem

1056 368 1317 428 EUSEBII
1350 356 1818 421 CAESARIENSIS
1845 354 1991 410 OPP.
2034 347 2211 404 PARS
2243 344 2327 398 lii.
2364 369 2429 382 --
2460 330 2899 392 EXEGETICA.

3596 308 3717 362 988

2448 452 2716 519 συνῆκαν,
2746 445 2783 514 ἢ
2822 443 2914 495 ὅτι
2972 438 3113 489 ὅσον
3152 428 3330 484 οῦπω
3385 422 3509 477 καὶ
3547 420 3723 474 αὐτοὶ

1999 510 2024 518 ⁷
2035 510 2051 533 ἲ
2076 510 2086 517 ⁷
2097 510 2134 517 *⁷
2148 510 2164 514 ⁷
2178 510 2204 513 ““
2222 510 2229 513 “
2294 510 2301 511 ί
2572 510 2582 519 υ
2771 510 2783 514 -

1999 548 2431 621 παραστήσονται
2456 538 2531 608 τῷ
2563 537 2777 606 βήματι
2817 525 2924 581 τοῦ
2953 521 3132 581 Θεοῦ,
3174 517 3362 583 λόγον
3417 510 3727 567 δώσοντες

2995 614 3055 621 κ’
3101 610 3146 621 Α*
3253 607 3267 621 ι
3400 601 3458 621 -1
3506 596 3692 621 :--h_\

1997 596 2124 710 περὶ
2296 635 2354 685 οὐ
2405 596 2897 692 δικαίως-ἔκριναν
2928 634 2943 681 ;
2986 614 3058 666 Οἱ
3097 610 3161 663 δὲ
3204 607 3291 676 μὴ
3327 601 3466 671 πρὸ
3501 596 3731 666 ὀφθαλ-

2003 690 2116 798 μιῦν
2148 726 2360 794 θέμενοι
2389 718 2487 789 τὴν
2521 714 2709 785 κρίσιν
2749 708 2853 762 τοῦ
2916 701 3071 757 Θεοῦ
3133 701 3197 750 ὲν
3240 694 3472 747 σκότει
3518 690 3729 739 διαπο-

2005 775 2082 798 Γ“’⁷
2099 775 2108 779 ⁷
2158 775 2169 778 ⁷
2186 775 2201 778 '
2214 775 2225 794 ι
2443 775 2457 789 ο
2562 775 2574 785 Ι

2005 816 2265 885 ρεύονται,
2297 808 2374 877 τῷ
2395 808 2496 877 τῆς
2523 801 2753 870 ἀγνοίας
2780 796 2977 861 σκότῳ
3008 788 3087 841 τά
3118 787 3230 854 τῆς
3261 780 3491 851 ψυχῆς
3528 775 3732 827 αὐτῶν

3054 880 3063 885 ’
3287 872 3319 883 ’⁵
3478 868 3508 877 ⁸⁸
3554 868 3576 885 Ἶ
3602 866 3637 885 1,
3656 883 3685 885 τε

2000 866 2217 974 θμματα
2254 866 2678 969 ’πλῆράίσαντεᾳ
2715 887 2813 939 Διὸ
2870 880 3201 953 προσήκει,
3234 872 3335 942 τῷ
3395 868 3513 921 τοῦ
3554 866 3729 932 λόγου

2005 958 2191 1065 εέέξγει
2226 958 2652 1060 φωτιξομένους,
2685 980 2719 1049 ἦ
2778 976 2858 1048 μὴ
2904 973 3170 1043 κρίνειν,
3210 958 3735 1035 μνημονεύοντας

2004 1050 2443 1155 τοῦιείρηκότοςί
2475 1076 2572 1141 Μὴ
2619 1071 2886 1139 κρίνετε,
2929 1066 3049 1116 ἵνα
3078 1058 3177 1128 μὴ
3218 1052 3516 1124 κριθῆτε
3545 1066 3561 1078 ·
3604 1050 3641 1117 ἦ
3686 1052 3731 1099 εἰ

2020 1137 2024 1138 7
2181 1137 2191 1155 ι
2234 1137 2244 1152 Ι
2386 1137 2400 1143 ν
2560 1137 2570 1141 -
2654 1137 2664 1139 ε

2006 1176 2213 1242 ἀνάγκη
2274 1169 2403 1223 ποτὲ
2456 1166 2704 1237 κρίνειν,
2762 1156 2917 1210 κατά
2966 1152 3039 1203 τὸ
3090 1146 3509 1202 δικαιότατον
3564 1137 3735 1190 τοῦτο

2008 1230 2175 1317 ποιεῖν
2202 1230 2294 1313 οιαὶ
2316 1230 2557 1327 ἐλέγχειν
2580 1254 2714 1315 τοὺς
2740 1245 3233 1318 ἁμαρτάνοντας,
3262 1235 3397 1288 κᾶν
3427 1232 3561 1285 δέοι
3585 1230 3733 1300 ὑπὲρ

2010 1352 2259 1422 ἀληθείας
2288 1349 2564 1417 θνήσκειν,
2600 1337 3041 1407 πεπεισμένους
3079 1326 3408 1401 ἀκριϐῶς,
3463 1326 3564 1376 ὅτι
3601 1322 3737 1374 πάν-

2012 1458 2114 1494 των
2146 1440 2293 1491 ἔσται
2321 1434 2601 1489 συντέλεια
2649 1431 2747 1484 καὶ
2786 1422 3099 1499 μεταϐολὴ
3135 1420 3244 1471 ἐπὶ
3301 1419 3387 1485 τῇ
3447 1412 3734 1482 καθολικῇ

2014 1529 2186 1600 κρίσει
2230 1524 2322 1579 τοῦ
2356 1524 2512 1587 Θεοῦ,
2541 1524 2609 1593 ἢν
2637 1521 2941 1590 ποιήσεται
3000 1511 3107 1565 διὰ
3158 1508 3269 1561 τοῦ
3313 1503 3604 1577 Χριστοῦ
3636 1505 3733 1555 αἱ)⁹

2013 1618 2137 1670 τοῦ·
2164 1618 2229 1687 ἣν
2258 1617 2350 1668 καὶ
2381 1616 2410 1666 ὁ
2452 1611 2646 1683 παρὼν
2690 1610 3023 1679 παρίστησι
3068 1603 3256 1669 λόγος
3298 1596 3734 1651 ὲπισ-υνάπτων

2017 1708 2138 1776 ἑξῆς
2176 1682 2265 1756 τό’
2294 1682 2791 1766 Σαλευθήσονται
2835 1694 3064 1749 πάντα
3128 1690 3215 1743 τὰ
3274 1687 3572 1756 θεμέλια
3627 1682 3735 1749 τῆς

2015 1795 2143 1865 γῆς.
2185 1795 2326 1862 Ἐγὼ
2379 1788 2543 1843 εἶπα·
2599 1789 2734 1841 Θεοί
2792 1787 2947 1839 ἐστε
2976 1823 2995 1848 ,
3046 1782 3170 1836 καὶ
3223 1780 3372 1834 υἱοὶ
3428 1776 3732 1845 “Υψι’στου

2016 1883 2234 1947 πάντες
2256 1900 2269 1912 ·
2294 1881 2461 1949 ὑμεῖς
2495 1880 2562 1931 δὲ
2592 1880 2674 1944 ὡς
2716 1876 3051 1943 ἅνθρωποι
3084 1870 3612 1937 ἀποθνήσκετε,
3640 1866 3729 1917 καὶ

2016 1975 2095 2038 ὡς
2150 1969 2234 2037 εἷς
2287 1971 2406 2024 τῶν
2455 1972 2771 2036 ἀρχόντων
2839 1968 3157 2017 πίπτετε.
3196 1962 3350 2014 Ἔτι
3407 1959 3569 2031 πρὸς
3610 1956 3733 2021 τοὺς

2019 2063 2405 2135 προλεχθέντας
2439 2060 2615 2122 θεοὺς,
2650 2055 3024 2127 ἡγουμένους
3054 2052 3310 2123 δηλαδὴ
3371 2052 3487 2103 καὶ
3534 2049 3729 2119 ἄρχον-

2018 2170 2113 2215 τας
2136 2151 2230 2204 τοῦ
2273 2149 2423 2214 λαοῦ,
2456 2150 2483 2200 ὁ
2512 2148 2676 2217 μέσος
2716 2145 2907 2198 αὐτῶν
2939 2144 3303 2213 γενόμενος
3340 2141 3501 2203 Θεὸς
3540 2138 3639 2192 καὶ
3668 2138 3732 2190 τὰ

2021 2244 2259 2314 παρόντα
2299 2241 2662 2302 ἀποτείνεται,
2701 2237 3019 2297 διδάσκων,
3072 2235 3167 2297 ὼς
3222 2233 3424 2295 αὐτὸς
3480 2232 3609 2299 μὲν,
3638 2228 3729 2297 τὴν

2020 2331 2110 2383 τοῦ
2139 2331 2346 2400 Πατρὺς
2387 2328 2657 2396 ἀφθονίαν
2701 2324 3109 2395 μιμούμενος,
3148 2324 3361 2375 πᾶσιν
3401 2321 3605 2381 αὐτοῖς
3639 2320 3729 2388 τῆς

2023 2419 2183 2472 αὑτοῦ
2205 2419 2454 2487 θεότητος
2474 2417 2574 2467 οὑκ
2590 2414 2867 2483 ἐφθόνησε
2890 2411 3322 2483 μεταδοῦναι,
3338 2411 3427 2473 ὡς
3451 2410 3556 2463 καὶ
3580 2410 3727 2470 θεοὺς

2023 2508 2379 2579 ἀναγορεῦσαι
2430 2507 2626 2569 αὐτοὺς
2674 2505 2775 2558 καὶ
2824 2505 2999 2566 υἱοὺς
3049 2503 3373 2571 ’Υψίστου
3410 2502 3634 2561 πάντας
3668 2499 3727 2551 ἂν

2024 2601 2216 2660 εἰπεῖν,
2248 2598 2382 2665 ὅπερ
2402 2595 2551 2665 αὐτῷ
2576 2595 2721 2665 μόνῳ
2756 2594 2991 2663 προσῆν
3020 2610 3037 2623 ’
3077 2595 3136 2645 οἱ
3175 2594 3253 2646 δὲ
3291 2594 3410 2662 τὴν
3444 2591 3616 2663 χάριν
3651 2593 3726 2642 ὲν·

2026 2692 2266 2762 ὕϐρισαν.
2297 2692 2529 2760 Νοήσεις
2554 2689 2609 2740 δὲ
2638 2688 2756 2750 πῶς
2787 2686 2973 2755 τιμὴν
3007 2686 3182 2741 θεῶν
3223 2689 3285 2739 οἱ
3327 2686 3455 2739 ὑπὸ
3477 2684 3579 2737 τοῦ
3601 2681 3725 2735 Θεοῦ

2025 2784 2123 2852 τὴν
2149 2783 2322 2852 ἀρχὴν
2351 2781 2635 2851 εἰληφότες
2661 2778 2817 2848 παρά
2847 2781 2977 2841 τοῖς
3018 2779 3427 2849 ἀρχομένοις
3472 2779 3724 2847 ἐκτήσαν-

2026 2891 2129 2937 το,
2186 2874 2485 2942 ἐπιστήσας
2530 2873 2678 2932 ὅπως
2744 2871 2987 2939 εἴρηται
3049 2870 3148 2939 τῷ
3230 2872 3457 2924 Μωσεῖ
3494 2887 3509 2899 ·
3586 2866 3719 2920 Ἰδοὺ

2028 2962 2364 3029 καθέστηκά
2427 2976 2501 3015 σε
2559 2960 2834 3028 σήμερον
2907 2961 3079 3014 θεὸν
3147 2962 3263 3027 τῷ
3320 2962 3590 3030 Φαραὼ,
3634 2959 3719 3011 καί

2045 3053 2253 3120 Ἀαρὼν
2296 3056 2329 3106 ὁ
2385 3052 2648 3119 ἀδελφός
2706 3064 2828 3103 σου
2887 3050 3097 3104 ἔσται
3175 3068 3309 3106 σοι
3385 3050 3718 3120 προφήτης.

2034 3144 2240 3211 Ὥσπερ
2285 3142 2391 3211 γὰρ
2432 3142 2660 3209 Μωσῆς,
2711 3140 3036 3210 ἄνθρωπος
3094 3142 3192 3195 ὣν
3238 3144 3399 3197 Θεοῦ
3449 3144 3552 3196 καὶ
3602 3140 3719 3210 παρ’

2033 3230 2193 3284 αὑτοῦ
2222 3231 2320 3300 τὴν
2338 3231 2503 3299 τιμὴν
2521 3228 2725 3291 λαϐὼν,
2758 3228 2888 3291 θεὸς
2917 3232 3348 3305 ἀνηγορεύθη
3382 3234 3486 3286 τοῦ
3510 3228 3719 3301 Φαραώ*

2031 3322 2119 3373 τὸν
2139 3320 2297 3373 αὑτὸν
2316 3320 2516 3389 τρόπον
2537 3319 2634 3371 καὶ
2661 3319 2873 3381 πάντες
2901 3319 3013 3382 οὒς
3047 3320 3129 3373 ἂν
3152 3326 3492 3394 τιμήσειεν
3526 3324 3557 3374 ό
3578 3322 3717 3383 Θεὸς.

2034 3407 2168 3459 θεῶν
2217 3406 2398 3477 χώραν
2447 3406 2600 3476 παρά
2647 3408 2764 3468 τοῖς
2813 3408 3380 3479 ὑποτεταγμένοις
3422 3411 3715 3479 εἰλήφασιν.

2037 3496 2223 3549 Ἔνθεν
2261 3496 2353 3547 κα)⁵
2385 3497 2434 3547 οἱ
2464 3497 2764 3565 ἀρχόμενοι
2808 3498 3157 3565 προσίασιν
3203 3502 3420 3565 αὐτοῖς
3460 3501 3599 3571 μετὰ
3636 3500 3716 3551 eb-

2034 3584 2251 3646 λαὸείας
2284 3584 2376 3636 καὶ
2402 3584 2576 3645 δέους,
2612 3584 2673 3635 οὐ
2708 3583 2805 3635 διά
2848 3601 2985 3637 τινα
3017 3586 3421 3661 δορυφορίαν
3464 3607 3715 3661 στρατιω-

2034 3674 2209 3743 τικὴν,
2240 3674 2299 3725 οὐ
2328 3672 2415 3725 διὰ
2438 3672 2670 3724 πλοῦτον
2709 3674 2810 3725 καὶ
2831 3673 3256 3744 δυναστείαν,
3287 3683 3386 3735 διὰ
3418 3683 3480 3735 δὲ
3508 3684 3606 3747 τὴν
3628 3679 3717 3733 ὑπὸ

2035 3761 2168 3814 Θεοῦ
2201 3761 2515 3830 περιθεῖσαν
2550 3762 2737 3823 αὐτοῖς
2784 3765 2993 3834 τιμήν.
3043 3768 3256 3825 Οὕτω
3307 3773 3432 3844 γὰρ
3477 3774 3575 3826 καὶ
3605 3773 3716 3825 Mia-

2039 3853 2171 3914 σέως
2198 3848 2264 3922 ἦν
2294 3851 2685 3920 δεδοξασμένον
2715 3852 2781 3904 τὸ
2815 3855 3171 3924 πρόσωπον
3194 3878 3215 3892 ο
3260 3864 3423 3917 οὕτω
3473 3864 3571 3917 καὶ
3620 3862 3713 3914 τῶν

2037 3943 2340 3997 ἀποστόλων
2365 3941 2460 3994 τοῦ
2491 3944 2751 4013 Σωτῆρος
2782 3945 2983 4014 ἡμῶν,
3020 3950 3215 4006 οὕτω
3265 3958 3375 4008 καὶ
3418 3956 3535 4007 τῶν
3566 3954 3715 4007 πάλαι

2037 4034 2128 4086 τοῦ
2157 4031 2288 4084 θεοῦ
2320 4034 2640 4102 προφητῶν.
2684 4034 2834 4087 οὕτω
2884 4039 2990 4090 καὶ
3032 4042 3312 4099 πάντων
3352 4047 3475 4100 τῶν
3519 4044 3716 4115 άληθῶς

2039 4125 2129 4178 τοῦ
2156 4123 2288 4175 Θεοῦ
2312 4123 2536 4185 δούλων,
2571 4126 2780 4191 ἀδόξως
2817 4128 3137 4196 μενόντων
3167 4137 3289 4188 καὶ
3315 4137 3567 4207 πτωχῶν
3593 4134 3716 4189 κατὰ

2039 4213 2127 4264 τὸν
2162 4211 2289 4280 βίον,
2318 4212 2705 4280 τετιμημένων
2725 4214 2787 4266 δὲ
2815 4215 2982 4285 παρὰ
3004 4224 3151 4285 τοῖς
3190 4198 3501 4280 Θεοσεὸέσι
3530 4225 3614 4278 διά
3635 4222 3720 4293 τὴν

2043 4304 2106 4354 ὲκ
2135 4299 2266 4352 Θεοῦ
2295 4299 2587 4369 δεδομένην
2636 4303 2834 4367 αὐτοῖς
2868 4306 3073 4378 χάριν,
3100 4313 3287 4384 Ἐγὼ
3324 4319 3432 4388 μὲν
3479 4315 3593 4379 οὖν,
3625 4333 3716 4383 φη-

416 4410 642 4481 gratiam
692 4401 1112 4471 contempsistis.
1156 4399 1216 4449 1n
1266 4399 1441 4448 vestra
1491 4390 1666 4456 itaque
1716 4386 1930 4438 human:

2202 4391 2246 4443 1i.
2293 4389 2555 4481 ἠθέλησα,
2595 4393 2694 4444 καὶ⁸
2743 4391 2944 4449 εἶν-ιον⁸
2986 4402 3159 4456 Θεοί
3211 4386 3408 4462 ἐστιν
3450 4406 3716 4480 βουληθεὶς

417 4500 642 4559 malitia,
685 4503 738 4550 et
782 4496 837 4548 in
886 4491 1121 4561 peccatis
1158 4484 1350 4540 vestris
1394 4476 1713 4533 moriemini.
1760 4474 1949 4527 Anima

419 4592 561 4644 enim
600 4602 711 4656 qua:
749 4583 1051 4651 peccaverit,
1098 4579 1213 4645 ipsa
1256 4573 1501 4627 morietur
1527 4570 1569 4622 ’.
1609 4565 1945 4633 Quapropter

419 4694 505 4731 vos
552 4677 682 4728 sicut
741 4672 964 4725 homines
1019 4663 1337 4725 moriemini,
1398 4668 1447 4712 et
1510 4657 1643 4710 sicut
1695 4670 1827 4706 unus
1884 4653 1947 4706 de

419 4765 730 4837 principibus
748 4760 961 4813 cadetis.
980 4749 1437 4821 Quemadmodum
1458 4750 1599 4801 enim
1620 4744 1745 4798 olim
1761 4742 1947 4796 diabo-

424 4834 509 4913 ius
551 4857 754 4908 honore
800 4850 1019 4903 aiicctus
1049 4847 1149 4900 fuit
1177 4842 1317 4912 apud
1344 4840 1532 4901 Deum,
1564 4844 1618 4891 et
1646 4834 1945 4905 principum

426 4949 480 5000 in
507 4945 659 4999 caelis
682 4942 989 5011 angelorum
1021 4953 1160 4991 unus
1185 4935 1322 4999 iuit;
1354 4930 1547 4986 deinde
1578 4942 1743 4997 pravo
1772 4926 1951 4979 consi-

428 5038 499 5089 lio
536 5047 768 5095 usus,ex
800 5032 915 5083 loco
943 5043 1040 5083 suo
1070 5025 1286 5089 decidit,
1305 5025 1376 5076 ita
1410 5028 1467 5074 ut
1496 5021 1561 5073 de
1590 5019 1679 5071 ilio
1708 5017 1949 5069 dicatur:

432 5122 693 5187 Quomodo
710 5119 888 5172 cecidit
900 5117 960 5170 de
975 5117 1097 5170 cazlo
1115 5112 1428 5183 Lucifer,qui
1448 5124 1595 5161 mane
1612 5105 1871 5159 oriebatur
1890 5104 1956 5155 ὀἳ

432 5212 565 5265 tales
592 5219 643 5264 et
670 5226 763 5265 vos
786 5224 997 5279 quoque
1035 5208 1216 5264 fuistis
1241 5226 1253 5261 :
1286 5220 1392 5259 non
1436 5199 1576 5269 quod
1605 5206 1794 5272 natura
1827 5194 1950 5246 mali

435 5300 586 5364 sitis;
623 5300 714 5353 sed
742 5300 1000 5355 electione
1023 5311 1201 5357 vestra
1230 5313 1334 5353 non
1367 5295 1505 5347 bona
1529 5291 1632 5343 usi.
1667 5286 1805 5339 Sane
1830 5301 1952 5337 vero

437 5402 498 5449 ea
526 5403 641 5454 qua:
668 5402 697 5440 a
742 5404 823 5445 me
853 5393 1286 5460 proﬁciscuntur,
1320 5386 1386 5442 ad
1428 5383 1518 5437 Dei
1554 5382 1809 5433 honorem
1860 5390 1955 5429 vos

438 5475 741 5531 evocabant.
760 5478 867 5539 Vos
889 5495 1063 5547 autem
1082 5491 1263 5566 lapsus
1286 5476 1577 5556 principem
1601 5468 1808 5533 imitati,
1825 5466 1955 5519 sicut

2046 4483 2186 4552 ὑμᾶς
2214 4480 2411 4549 ὁμοίως
2456 4482 2583 4550 ἐμοὶ
2626 4482 2707 4551 τῷ
2763 4486 2925 4556 μέσῳ
2955 4490 3145 4559 ὑμῶν
3178 4499 3405 4552 ἑστῶτι
3436 4499 3563 4559 Θεῷ
3586 4498 3716 4556 υἱοὺς

2048 4570 2408 4670 Ξενέσθαιητοῦ
2436 4571 2699 4670 Ὑψίστου
2717 4592 2730 4603 ·
2759 4554 2928 4646 ὑμεῖς
2946 4554 3014 4632 δέ
3032 4584 3164 4655 τὴν
3192 4590 3375 4660 χάριν
3402 4554 3711 4660 ὴθετὴσατε.

2061 4628 2072 4641 .
2130 4664 2150 4677 .
2291 4659 2317 4670 η
2518 4628 2529 4640 .
2801 4628 2839 4646 ,ν
2880 4628 2925 4640 -.
2954 4628 3008 4632 η
3047 4628 3159 4655 -.μ
3194 4628 3374 4660 καί...
3411 4628 3711 4660 ,μεμηνυκ-

2050 4664 2179 4723 Ταις
2223 4676 2352 4727 γουν
2386 4661 2767 4732 ἀνθρωπίναις
2814 4670 3061 4734 κακίαις
3108 4682 3231 4732 καὶ
3271 4685 3406 4745 ταῖς
3438 4681 3715 4750 ὑμετέραις

2049 4751 2349 4843 ἁμαρτίαις,
2399 4753 2868 4843 έναποθνήσκετε.
2927 4763 3137 4834 Ψυχὴ
3193 4771 3319 4843 γὰρ
3381 4773 3424 4838 ᾗ
3472 4768 3715 4841 ἀμαρτὰ-

2047 4852 2258 4902 νουσα,
2287 4842 2445 4931 uitri]
2495 4845 2913 4902 ἀποθανεῖται.
2950 4854 3055 4906 Διδ
3111 4862 3231 4914 καὶ
3271 4842 3462 4931 ὑμεῖς
3501 4865 3582 4925 ὡς
3621 4859 3713 4912 ἀν-

2054 4931 2268 5017 θρωποι
2313 4929 2742 4999 ἁποθνήσκετε
2774 4980 2790 5004 ,
2844 4940 2949 4994 καὶ
3004 4944 3098 5009 ὡς
3167 4944 3272 5015 εἷς
3315 4929 3454 5003 τῶν
3505 4948 3707 5017 ἀρχόν

2053 5031 2168 5110 των
2186 5015 2460 5074 πίπτετε.
2477 5024 2568 5088 Ὡς
2594 5025 2705 5098 γὰρ
2723 5022 2793 5098 ἦν
2822 5046 2963 5082 ποτε
2990 5032 3021 5083 ὁ
3046 5034 3335 5102 διάϐολος
3362 5015 3709 5110 τιμῆς-ἠξιω-

2231 5110 2403 5216 napi:
2434 5130 2516 5186 τῳ
2544 5116 2670 5216 fiam
2699 5120 2931 5216 amttam
2968 5124 3031 5175 ὲν
3062 5127 3346 5197 οὐρανοῖς
3378 5126 3707 5200 ἀρχοντικῶν

2055 5195 2303 5291 ᾁγγέλξυν
2343 5196 2467 5266 εἷς·
2518 5205 2638 5264 εἶτα
2684 5212 2941 5284 μοχθηρᾷ
2974 5195 3329 5289 προαιρέσει
3366 5195 3703 5291 χρησάμενος

2057 5285 2444 5391 ἀποπέῗτωκε
2470 5305 2573 5373 τῆς
2598 5304 2764 5358 αὑτοῦ
2794 5304 3008 5377 χώρας,
3026 5285 3128 5371 ἠὼς
3157 5285 3438 5380 ὲίρῆσόᾶι
3616 5308 3702 5359 ⁸⁸⁵⁸

2056 5383 2183 5427 τοῦ·
2222 5383 2365 5449 Πῶς
2413 5390 2717 5458 ἐξέπεσεν
2744 5398 2813 5452 ὲκ
2830 5398 2939 5451 τοῦ
2968 5403 3247 5467 οὐρανοῦ
3285 5407 3323 5455 ό
3370 5399 3700 5468 Ἑωσφόρος

2061 5470 2093 5519 δ
2121 5471 2270 5535 πρωὶ
2311 5476 2724 5557 (trarentur;
2756 5489 2991 5545 τοιοῦτοί
3022 5509 3169 5556 τινες
3217 5494 3321 5545 καὶ
3361 5493 3526 5561 ὑμεῖς
3552 5484 3699 5555 γετό·

566 5646 746 5705 Matth.
783 5674 891 5734 νιι,
932 5674 981 5735 ι,
1056 5684 1075 5719 ο
1112 5671 1273 5739 Exod,
1314 5676 1422 5723 vn,
1462 5654 1509 5707 ι.
1582 5654 1603 5683 θ
1645 5646 1833 5704 Ezech.
1867 5659 2030 5711 xvm,
2065 5645 2080 5698 ί

1202 5671 1273 5736 λι.
1314 5676 1422 5723 vu,
1462 5654 1509 5707 ι.
1582 5654 1603 5683 θ
1645 5646 1833 5704 Ezech.
1867 5659 2030 5711 xvm,
2065 5644 2115 5698 4.
2200 5652 2243 5682 ιο
2290 5651 2410 5715 lsa.
2457 5683 2590 5731 xiv,
2632 5673 2716 5730 12,
