3834 6382
140 464 197 512 δέ,
1327 424 1768 481 ευιιιιΕΝτΑιιι

1866 423 1927 477 IN
1967 416 2297 475 PSALMOS.

304 512 432 619 of”?
458 522 533 583 ὲκ
559 537 806 612 φύσεως
836 551 985 614 ὄντες
1016 551 1190 613 κακοὶ,
1219 548 1545 619 χρησάμενοι
1578 546 1633 597 δὲ
1662 545 1760 597 οὐκ

1866 559 1991 595 unus
2012 542 2076 594 de
2100 535 2418 608 princioibus
2447 532 2735 586 tadctis.——
2757 528 2917 583 Vsus.
2934 528 2988 582 8.
3004 526 3193 595 Surge,
3224 527 3385 587 Deus.

464 635 845 717 ξτροαιρέσει.
872 641 959 691 Διὸ
984 641 1050 691 τά
1080 639 1175 708 μὲν
1360 616 1488 705 ἐμοῦ
1518 635 1595 695 είς
1623 629 1755 683 Θεοῦ

1866 632 2031 687 iudica
2047 640 2263 693 terram,
2280 626 2523 697 quoniam
2542 634 2598 675 tu
2613 618 2939 674 hmeditabis
2959 621 3009 670 iu
3026 617 3261 671 omnibus
3273 635 3390 687 geu-

157 589 244 622 Ὶὶῒὶ
250 609 261 628 ε

192 711 329 805 πέρην
370 711 526 785 δμᾶς
564 720 761 779 ἐκάλει
785 747 799 759 -
834 731 986 799 ὑμεῖς
1018 730 1073 781 δὲ
1103 727 1192 779 τὸν
1224 726 1454 794 ἄρχοντα
1478 724 1574 792 τῆς
1618 718 1759 773 πτώ-

219 843 330 885 σεως
352 813 761 885 μιμησάμενοι,
790 821 871 885 ὡς
902 815 985 884 εἷς
1010 818 1124 871 τῶν
1149 817 1448 883 ἀρχόντων
1472 812 1566 864 καὶ
1595 809 1757 863 αὐτοὶ

212 916 466 969 narrt-:18.
512 906 790 973 Ἀνάστα,
824 914 856 963 ὁ
907 910 1066 974 Θεὸς,
1096 908 1299 975 κρῖνον
1342 904 1454 971 τὴν
1494 902 1629 973 γῆν,
1672 902 1758 953 ὅτι

208 1007 288 1060 σὺ
332 1001 816 1068 κληρονομήσας
858 1002 926 1054 ἐν
968 999 1114 1053 πᾶσι
1149 997 1270 1061 τοῖς
1304 997 1520 1051 ἔθνεσι.
1556 993 1760 1062 Σφόδρα

192 1091 520 1152 ἀκολούθως
558 1088 647 1141 διά
671 1088 766 1141 τοῦ
800 1089 901 1159 πρὸ
928 1087 1111 1140 τούτου
1141 1083 1350 1155 ψαλμοῦ
1384 1080 1759 1150 κατηγορήσας

191 1190 220 1239 ὁ
264 1184 438 1250 λόγος
487 1180 584 1233 τοῦ
632 1179 829 1241 παντὸς
875 1178 1134 1231 Ἰουδαίων
1182 1176 1379 1236 ἔθνους,
1408 1172 1499 1225 καὶ
1539 1171 1625 1222 διὰ
1666 1167 1759 1221 τοῦ

178 1269 339 1341 μετὰ
397 1270 597 1338 χεῖρας
640 1266 696 1317 δὲ
738 1264 992 1325 ὡσαύτως
1035 1264 1141 1315 τῶν
1179 1262 1447 1332 ἀρχόντων
1491 1257 1583 1310 τοῦ
1632 1255 1761 1309 λαοῦ

173 1351 553 1423 κατηγορίαν
582 1351 960 1419 πεποιημένος,
988 1348 1268 1417 διαλλαγὴν
1292 1348 1430 1400 αἰτεῖ
1456 1346 1547 1397 καὶ
1569 1343 1760 1411 ἐπιφά-

171 1456 345 1492 νειαν
398 1437 629 1506 εὔχεται
668 1437 910 1504 γενέσθαι
954 1436 1131 1487 οὐκέτι
1176 1436 1252 1504 τῷ
1286 1432 1543 1486 Ἰουδαίων
1590 1430 1758 1491 ἔθνει,

158 1528 329 1582 ἀλλὰ
395 1530 544 1580 πᾶσι
592 1531 704 1589 τοῖς
752 1526 944 1578 ἔθνεσι.
990 1526 1080 1576 Διὸ
1125 1524 1391 1591 ἐπιλέγει·
1425 1519 1688 1583 Ἀνάστα,
1731 1520 1763 1570 ὸ

161 1618 365 1683 Θεὸς,
404 1616 625 1684 κρῖνον
659 1614 772 1681 τὴν
802 1612 934 1683 γῆν,
973 1612 1060 1665 ὅτι
1086 1612 1164 1666 σὺ
1198 1609 1662 1678 κληρονομήσας
1696 1605 1763 1657 ὲν

152 1707 346 1761 πᾶσι
385 1706 526 1771 τοῖς
571 1705 792 1759 ἔθνεσι.
823 1703 917 1765 Τίς
944 1702 999 1754 δέ
1035 1705 1177 1755 ἐστιν
1215 1704 1242 1753 ὁ
1278 1698 1675 1769 κληρονομήσας
1707 1695 1762 1744 ἐν

154 1801 327 1851 πᾶσι
362 1783 495 1859 τοῖς
526 1796 722 1856 ἔθνεσι,
759 1794 829 1864 μὴ
857 1792 1049 1863 ἐρώτα,
1094 1793 1152 1844 τὸ
1188 1792 1243 1843 δὲ
1277 1792 1501 1861 πρᾶγμα
1528 1783 1759 1851 ἐξέταζε,

3290 410 3391 464 990

1857 721 2010 774 tibus.
2042 720 2176 773 Cum
2221 718 2274 770 in
2306 713 2621 785 praecedenti
2672 710 2876 780 psalmo
2920 714 3083 758 totam
3112 704 3385 759 Judaicant

1856 821 2064 880 gentem
2092 813 2494 868 accusasset,et
2524 805 2577 856 in
2608 799 2856 870 praesenti
2884 797 3181 866 principum
3206 796 3385 864 populi

1858 901 2251 956 accusationem
2298 895 2636 955 instituisset,
2668 888 2951 943 admodum
3000 891 3387 952 consequenter

1853 991 1961 1059 jam
1992 987 2483 1044 reconciliationem
2509 992 2562 1038 et
2586 982 2869 1035 adventum
2899 977 3097 1030 Christi
3128 974 3382 1043 pustulat,

1858 1098 1964 1136 non
1994 1082 2298 1135 Judaeorum
2329 1077 2492 1147 genti,
2531 1074 2624 1130 sed
2659 1073 2908 1127 omnibus
2952 1070 3180 1139 populis.
3213 1066 3386 1131 Quare

1859 1174 1938 1227 sic
1987 1170 2305 1226 concludit:
2339 1167 2523 1235 Surge,
2556 1164 2716 1225 Deus,
2760 1162 2943 1229 judica
2990 1172 3200 1221 terram,
3255 1174 3384 1226 quo-

1859 1265 1997 1319 niam
2029 1272 2081 1313 tu
2109 1257 2435 1313 hwreditabis
2468 1258 2520 1308 in
2567 1251 2801 1307 omnibus
2829 1250 3079 1319 gentibus.
3125 1248 3258 1313 Quis
3291 1262 3389 1301 au-

1858 1363 1965 1407 tem
2003 1353 2073 1404 sit
2125 1349 2217 1419 qui
2253 1344 2584 1401 haereditabit
2639 1343 2691 1396 in
2747 1340 2996 1395 omnibus
3023 1340 3289 1408 gentibus,
3321 1353 3388 1391 ne

1859 1444 2179 1508 interroges,
2215 1437 2310 1492 sed
2338 1451 2446 1491 rem
2482 1434 2761 1504 perquire;
2805 1437 2858 1485 et
2894 1429 3257 1499 deprehendes
3280 1442 3388 1481 non

1860 1532 2023 1585 alium
2039 1545 2178 1590 esse,
2202 1541 2360 1595 quam
2385 1525 2657 1578 Christum
2689 1520 2809 1585 Dei;
2836 1520 2920 1573 cui
2952 1534 2980 1570 a
3012 1517 3168 1571 Patre
3189 1518 3388 1572 dictum

1859 1628 1941 1676 est
1970 1639 1984 1673 :
2023 1617 2193 1670 Filius
2229 1632 2369 1668 meus
2391 1631 2443 1669 es
2476 1623 2529 1665 tu
2554 1628 2570 1664 :
2592 1627 2681 1676 ego
2709 1610 2856 1661 hodie
2884 1609 3031 1677 genui
3073 1617 3135 1660 te.
3170 1606 3390 1663 Postulo

1862 1725 1893 1760 a
1922 1724 2020 1770 me,
2055 1716 2101 1759 et
2131 1703 2264 1757 dabo
2291 1703 2383 1754 tibi
2410 1710 2581 1768 gentes
2618 1696 2968 1749 [nereditatem
3000 1702 3160 1753 tuam,
3198 1701 3245 1744 et
3273 1706 3391 1757 pos-

1862 1799 2134 1851 sessionem
2161 1804 2303 1845 tuam
2349 1790 2590 1843 terminos
2621 1786 2842 1840 terrw“.
2876 1783 3028 1835 Hunc
3065 1796 3190 1850 ergo
3214 1780 3303 1849 qui
3338 1779 3390 1831 in

151 1887 277 1940 καὶ
324 1886 607 1955 εὑρήσεις
634 1861 769 1934 οὐδὲή
795 1861 950 1934 άλλον
989 1882 1021 1951 ἢ
1063 1881 1151 1933 τὸν
1197 1879 1422 1949 Χριστὸν
1463 1875 1555 1928 τοῦ
1598 1873 1760 1927 Θεοῦ·

1866 1885 2039 1940 medio
2066 1884 2289 1937 deorum
2317 1881 2455 1932 Deus
2472 1876 2739 1936 consistit,
2762 1882 2813 1927 et
2835 1872 3077 1925 homines
3107 1870 3226 1922 illos
3243 1883 3395 1921 coar-

154 1993 197 2027 7.
214 1975 334 2038 ρὸς
374 1974 446 2026 ὃν
486 1972 707 2023 λέλεκτο
736 1972 837 2022 ὑπὸ
868 1970 956 2022 τοῦ
992 1971 1196 2038 Πατρός
1215 1986 1228 1999 ο
1275 1970 1403 2031 Υἱός
1424 1983 1541 2034 μου
1571 1961 1627 2017 εἷ
1647 1966 1724 2017 σύ
1744 1980 1757 1994 ·

154 2065 303 2135 ἐγὼ
352 2063 643 2131 σήμερον
676 2059 996 2130 γεγέννηκά
1032 2076 1123 2113 σε.
1162 2060 1409 2126 Αἴτησαι
1439 2057 1571 2123 παρ’
1597 2054 1760 2123 ἐμοῦ,

158 2155 284 2207 ταὶ
324 2153 521 2205 δώσω
575 2168 675 2204 σοι
718 2152 859 2217 ἔθνη
901 2148 1011 2217 τὴν
1053 2150 1444 2216 κληρονομίαν
1487 2166 1620 2207 σου,
1668 2145 1763 2199 καὶ

160 2244 311 2310 τὴν
354 2240 750 2309 κατάσχεσίν
785 2254 898 2292 σου
927 2239 997 2291 τὰ
1024 2238 1239 2305 πέρατα
1267 2237 1371 2303 τῆς
1406 2235 1534 2303 γῆς.
1569 2234 1763 2287 Τοῦτον

164 2330 282 2386 οὖν
319 2331 624 2400 διεγείρων
648 2330 737 2380 τὸν
770 2330 826 2380 ἐν
854 2328 1000 2398 μέσῳ
1021 2327 1124 2379 τῶν
1150 2326 1280 2378 θεῶν
1300 2325 1427 2377 Θεὸν
1457 2325 1647 2376 στάντα
1673 2323 1764 2375 καὶ

167 2422 570 2488 διελέγξαντα
604 2420 728 2481 τοὺς
758 2416 1156 2488 προλεχθέντας,
1190 2416 1284 2485 ἤδη
1320 2415 1445 2467 ποτὲ
1478 2415 1566 2468 ἐπὶ
1598 2414 1764 2482 πέρας

173 2510 522 2577 ἐπαγαγεῖν
546 2505 645 2575 τὴν
679 2505 811 2574 πρὸς
836 2504 993 2556 αὐτὸν
1023 2503 1343 2570 ἐπαγγελίαν
1366 2505 1393 2555 ό
1421 2501 1603 2571 παρὼν
1628 2500 1766 2564 άξιοῖ

174 2601 367 2671 λέγος
419 2600 604 2668 φήσας
625 2613 639 2626 ο
688 2594 959 2658 Ἀνάστα,
991 2597 1023 2646 ὀ
1056 2593 1215 2657 Θεὸς,
1253 2591 1453 2659 κρῖνον
1479 2592 1590 2658 τὴν
1628 2590 1761 2659 γῆν,

183 2693 290 2746 ἔτι
333 2691 427 2744 σὺ
458 2683 1078 2752 κατακληρονομήσεις
1102 2683 1170 2734 ἐν
1192 2680 1335 2735 πᾶσι
1364 2681 1482 2745 τοῖς
1506 2682 1759 2734 ἔθνεσιν.

186 2782 262 2835 Oi.
302 2781 415 2851 μὲν
440 2778 553 2848 γάρ
586 2772 1165 2847 προκατηγορηθέντες,
1196 2773 1343 2842 φησι,
1371 2771 1525 2824 κακοὶ
1553 2771 1767 2838 γενόμε-

192 2890 284 2926 νοι
333 2869 555 2941 κριταὶ,
603 2867 660 2918 ὲν
712 2865 885 2933 σκότῳ
929 2861 1341 2933 διεπορεύθησαν
1370 2880 1382 2891 ·
1426 2861 1545 2913 ἐπεὶ
1587 2860 1641 2911 δέ
1688 2877 1765 2911 σοι

195 2962 421 3032 πρέπει
469 2957 531 3010 τὸ
562 2955 782 3016 δικαίως
812 2953 1012 3024 κρίνειν
1036 2968 1050 2982 ”
1085 2952 1226 3021 μόνῳ
1266 2950 1370 3021 γὰρ
1412 2948 1506 3019 τὴν
1542 2948 1713 3018 κρίσιν
1740 2949 1768 2999 ό

200 3048 411 3118 Πατὴρ
443 3048 615 3099 ἔδωκε
649 3043 723 3114 τῷ
750 3042 861 3112 Υἱῷ
880 3058 894 3072 ’
925 3041 1022 3111 ἤδη
1051 3042 1177 3093 ποτέ
1208 3042 1268 3092 σὺ
1303 3039 1457 3100 αὐτὸς
1490 3037 1763 3106 ἀνάστηθι,

199 3139 300 3192 διὰ
336 3140 445 3207 τῆς
491 3133 691 3189 σαυτοῦ
733 3131 1071 3193 ἀναστάσεως
1106 3130 1201 3199 τὴν
1234 3128 1409 3198 κοινὴν
1444 3128 1651 3179 πάντων
1678 3128 1768 3178 άν-

207 3230 237 3281 θ
246 3228 458 3300 ρώπων
483 3225 778 3278 ἀνάστασιν
810 3220 1153 3289 ποιησόμενος
1172 3236 1184 3248 ·
1214 3220 1305 3271 καὶ
1330 3222 1504 3289 κρῖνον
1526 3218 1621 3288 τὴν
1648 3222 1766 3288 γῆν,

209 3318 436 3378 πάντας
464 3311 668 3383 δηλαδὴ
696 3311 820 3371 τοὺς
844 3311 939 3378 τὴν
983 3309 1083 3377 γῆν
1124 3308 1398 3369 οἰκοῦντας
1440 3307 1766 3377 ἀνθρώπους.

210 3407 431 3478 Πρέπει
479 3403 538 3456 δέ
588 3418 669 3454 σοι
721 3399 922 3460 πάντας
967 3396 1273 3466 ἀνθρώπους
1305 3396 1535 3465 κρίνειν,
1569 3395 1769 3463 ἐπειδὴ

1861 1977 1974 2045 guit
2024 1973 2287 2033 excitans,
2336 1975 2489 2037 rogat
2522 1976 2581 2019 ut
2626 1965 2734 2033 jam
2792 1963 3004 2015 demum
3051 1959 3243 2012 factam
3292 1957 3394 2010 sibi

1861 2064 2269 2133 promissionem
2312 2058 2376 2111 ad
2421 2058 2579 2111 ﬁnem
2630 2054 2892 2117 deducat,
2927 2051 3114 2104 dicens
3151 2067 3162 2101 :
3208 2046 3392 2115 Surge,

1861 2153 2019 2213 Deus,
2061 2152 2245 2220 judica
2296 2159 2508 2211 terram,
2566 2146 2807 2216 quoniam
2873 2153 2927 2194 tu
2972 2139 3299 2193 ltrereditabis
3341 2138 3396 2190 in

1862 2243 2095 2296 omnibus
2124 2242 2377 2312 gentibus.
2414 2239 2545 2292 Nam
2577 2240 2608 2292 ii
2641 2238 2731 2307 qui
2780 2237 2929 2304 prius
2962 2232 3199 2286 accusati
3247 2236 3393 2291 sunt,

1862 2329 2053 2396 inquit,
2078 2328 2218 2396 quod
2249 2327 2416 2395 iniqui
2446 2326 2657 2393 judices
2698 2322 2987 2387 fuerint,in
3020 2318 3254 2374 tenebris
3281 2332 3396 2370 am-

1863 2418 2134 2471 bularunt.
2166 2416 2427 2481 Quoniam
2470 2429 2598 2469 vero
2645 2415 2864 2481 tejuste
2914 2410 3158 2478 judicare
3212 2408 3395 2472 decet,

1865 2509 1962 2561 soli
1983 2508 2175 2575 quippe
2199 2507 2333 2559 Filio
2358 2504 2516 2557 Pater
2545 2502 2805 2571 judicium
2834 2499 3008 2553 dedit:
3042 2499 3149 2566 jam
3182 2495 3395 2549 demum

1864 2605 1920 2651 tu
1968 2599 2080 2666 ipse
2130 2611 2310 2664 surge,
2341 2593 2734 2648 resurrectione
2781 2599 2870 2642 tua
2912 2600 3249 2642 communem
3283 2598 3397 2637 om-

1865 2687 2011 2739 nium
2058 2684 2506 2740 resurrectionem
2564 2682 2916 2744 facturus;et
2964 2675 3145 2745 judica
3174 2682 3395 2733 terram,

1867 2790 2051 2829 omnes
2106 2775 2351 2827 homines
2379 2770 2625 2827 videlicet
2661 2770 2750 2837 qui
2807 2769 2859 2821 in
2904 2774 3046 2820 terra
3090 2770 3395 2818 versantur.

1868 2865 1986 2919 Tibi
2015 2880 2176 2935 porro
2209 2864 2460 2917 convenit
2489 2876 2676 2915 omnes
2705 2859 2945 2911 homines
2983 2855 3245 2923 judicare,
3275 2868 3394 2919 quo-

1866 2952 2007 3006 niam
2031 2960 2083 3002 tu
2104 2949 2429 3003 lzwreditabis
2453 2949 2505 3000 in
2539 2946 2773 2999 omnibus
2789 2943 3039 3013 gentibus.
3071 2941 3133 2994 Et
3164 2954 3400 3009 praesens

1866 3039 2081 3108 quidem
2120 3039 2357 3107 psalmus
2416 3050 2739 3105 synagogam
2788 3034 3009 3086 deorum
3064 3029 3398 3089 memoravit,

1869 3145 1930 3183 ac
1962 3128 2127 3182 Deum
2156 3129 2210 3181 in
2246 3128 2420 3181 medio
2447 3134 2700 3187 stantem,
2720 3124 2954 3190 deosque
2992 3119 3396 3187 dijudieantetn,

1870 3228 2144 3288 totamque
2169 3218 2464 3272 doctrinam
2504 3231 2655 3271 suam
2691 3215 2755 3268 de
2794 3212 2997 3281 judicio
3048 3209 3315 3275 instituit;
3343 3210 3396 3261 in

1868 3308 1971 3362 ﬁne
2013 3322 2137 3361 vero
2185 3305 2378 3375 adjecit
2413 3304 2542 3357 illud
2583 3301 2807 3370 :Surge,
2860 3299 3020 3361 Deus,
3068 3297 3249 3366 judica
3295 3306 3397 3348 ter-

1868 3412 2002 3449 ram.

211 3475 299 3554 σὺ
328 3490 960 3560 κατακληρονομήσεις
988 3489 1053 3540 ἐν
1086 3487 1230 3543 πᾶσι
1259 3486 1379 3552 τοῖς
1413 3489 1625 3540 ἔθνεσι.
1660 3490 1765 3541 Καὶ
1800 3490 1828 3540 ό
1855 3489 1949 3558 μὲν
1986 3486 2169 3556 παρὼν
2209 3484 2415 3554 ψαλμδς
2449 3480 2757 3551 συναγωγὴν
2819 3479 2952 3531 θεῶν
3020 3478 3283 3547 ὠνόμασε,
3309 3475 3401 3527 καὶ

211 3597 349 3652 Θεὸν
394 3595 563 3665 μέσον
604 3588 832 3649 ἑστῶτα,
902 3584 993 3636 καὶ
1042 3582 1191 3645 θεοὺς
1233 3582 1586 3651 διακρίνοντα,
1629 3582 1802 3635 πᾶσάν
1838 3599 1895 3634 τε
1937 3580 2032 3651 τὴν
2076 3579 2410 3633 διδασκαλίαν
2453 3579 2577 3648 περ)⁸
2618 3576 2843 3646 κρίσεως
2882 3574 3194 3642 ἐποιήσατω
3265 3570 3399 3637 ἐπήν

211 3687 358 3756 γαγέ
379 3702 441 3738 τε
478 3683 573 3735 ἐπὶ
595 3679 735 3733 τέλει
767 3676 845 3740 τὸ,
890 3672 1150 3739 Ἀνάστα,
1183 3675 1214 3725 ό
1244 3672 1401 3737 Θεὸς,
1428 3672 1627 3739 κρῖνον
1656 3673 1767 3740 τὴν
1801 3672 1933 3741 γῆν,

288 3796 486 3852 Ταῦτά
519 3809 581 3845 τε
604 3791 779 3843 πάντα
812 3787 871 3840 τὸ
901 3785 1117 3855 Πνεῦμα
1144 3785 1204 3837 τὸ
1231 3786 1380 3852 ἅγιον
1414 3785 1498 3838 διὰ
1527 3785 1616 3837 τοῦ
1643 3802 1768 3856 προ-

1937 3783 2060 3838 llaec
2089 3798 2249 3853 porro
2270 3782 2447 3836 omnia
2480 3779 2711 3849 Spiritus
2733 3786 2955 3832 sanctus
2974 3790 3066 3843 per
3093 3771 3401 3843 prOpbetam

217 3887 397 3958 φήτου
439 3881 617 3948 Ἀσάφ
652 3876 1008 3945 ἐξενήνεκται.
1042 3873 1189 3925 Ἐπεὶ
1213 3873 1269 3924 δὲ
1304 3873 1528 3943 εὕρομεν
1560 3875 1650 3925 καὶ
1682 3874 1770 3926 τὸν

220 3974 309 4044 μθ¹
357 3970 578 4040 ψαλμὸν
622 3968 714 4020 καὶ
753 3964 911 4018 αὐτὸν
955 3960 1412 4032 ἐπιγεγραμμένον
1442 3961 1546 4015 Τοῦ
1572 3962 1768 4029 Ἀσάφ,

218 4065 319 4117 καὶ
349 4062 422 4114 τά
448 4059 583 4128 περὶ
612 4056 841 4125 κρίσεως
871 4051 1172 4121 διειληφότα
1194 4050 1391 4120 ὁμοίως
1414 4053 1523 4112 τοῖς
1562 4066 1774 4120 προκει-

221 4153 443 4224 μένοις·
476 4147 705 4208 είκότως
739 4142 1055 4215 ἡγησάμεθα
1088 4141 1370 4195 ἀκόλουθον
1398 4139 1533 4194 εἶναι
1573 4142 1772 4193 ἐκεῖνον

216 4243 420 4311 τούτῳ,
454 4240 586 4291 ὄντα
624 4236 720 4306 μὲν
762 4233 956 4304 ὁμοίως
987 4231 1078 4283 τοῦ
1113 4232 1301 4299 Ἀσάφ,
1321 4232 1418 4301 τὴν
1449 4228 1609 4299 αὐτὴν
1648 4230 1774 4282 ὑπό-

220 4333 375 4386 θεσιν
398 4327 813 4399 εἰσηγούμενον.
838 4325 1059 4394 Εἴρηται
1080 4323 1205 4389 γοῦν
1230 4323 1320 4373 καὶ
1352 4323 1408 4373 ἐν
1431 4321 1574 4389 αὐτῷ
1593 4337 1607 4353 ο
1635 4320 1773 4384 Θεὸς

220 4423 379 4477 θεῶν
413 4422 635 4487 Κύριος
671 4415 951 4481 ἐλάλησε,
983 4413 1077 4464 καὶ
1105 4411 1352 4464 ἐκάλεσε
1383 4412 1496 4477 τὴν
1522 4411 1637 4479 γῆν
1658 4411 1770 4463 ἀπὸ

219 4508 548 4566 ἀνατολῶν
573 4507 750 4573 ἡλίου
769 4503 939 4571 μέχρι
971 4499 1229 4569 δυσμῶν.
1257 4500 1362 4551 Θέα
1398 4500 1504 4569 γάρ
1534 4501 1678 4562 ὅπως
1716 4498 1774 4550 τὸ

223 4601 329 4670 μὲν
357 4600 514 4660 τέλος
543 4594 637 4648 τοῦ
666 4592 801 4662 μετὰ
820 4594 1001 4660 χεῖρας
1028 4590 1244 4658 φάσκεν
1275 4589 1535 4650 Ἀνάστα,
1556 4593 1586 4642 ό
1613 4591 1771 4653 Θεὸς,

218 4690 437 4755 κρῖνον
466 4686 587 4751 τὴν
626 4682 771 4751 γῆν·
810 4683 844 4750 ἠ
885 4681 938 4732 δὲ
997 4679 1089 4732 τοῦ
1138 4679 1220 4748 μθ¹
1248 4681 1383 4749 ἀρχή
1414 4696 1428 4709 υ
1472 4679 1609 4742 Θεὸς
1631 4678 1775 4731 θεῶν

220 4781 446 4845 Κύριος
472 4774 760 4838 ἐλάλησε,
802 4770 897 4823 καὶ
937 4769 1186 4822 ἐκάλεσε
1230 4768 1341 4834 τὴν
1386 4767 1515 4835 γῆν.
1559 4769 1665 4820 Καὶ
1693 4771 1777 4821 ἐν·

220 4870 403 4922 ταῦθα
434 4867 537 4937 μὲν
565 4864 799 4933 εἴρηται·
827 4861 943 4912 Ὅτι
979 4860 1058 4912 σὺ
1086 4858 1691 4925 κατακληρονομήσεις
1710 4859 1776 4910 ἐν

222 4959 381 5013 πᾶσι
417 4957 548 5020 τοῖς
580 4953 851 5007 ἔθνεσιν·
879 4952 935 5001 ἐν
965 4950 1150 5018 ἐκείνῳ
1198 4948 1273 5010 δὲ,
1320 4947 1434 5000 ἀπὸ
1478 4948 1778 5000 ἀνατολῶν

221 5048 409 5111 ἡλίου
432 5044 615 5115 μέχρι
646 5037 889 5107 δυσμῶν
908 5052 919 5064 ⁸
949 5038 1040 5089 καὶ
1072 5036 1228 5088 πάλιν
1258 5037 1314 5086 ἐν
1350 5034 1444 5102 μὲν
1472 5034 1548 5102 τῷ
1584 5035 1664 5102 μθθ
1695 5035 1779 5086 λέ-

1869 3874 2044 3943 Asapb
2080 3873 2288 3927 extulit.
2319 3872 2455 3937 Quia
2485 3884 2609 3924 vero
2639 3868 2899 3936 psalmum
2929 3881 3075 3928 χιιι,
3095 3864 3185 3932 qui
3210 3870 3262 3915 et
3291 3862 3403 3930 ipse

1868 3964 2059 4032 Asaplii
2112 3963 2454 4025 inscribitur,
2485 3960 2552 4013 de
2600 3958 2807 4027 judicio
2845 3957 2974 4009 item
3017 3955 3400 4032 edissercntem

1869 4030 2318 4123 deprehendimus
2348 4048 2569 4120 perinde
2595 4056 2753 4115 atque
2773 4051 3088 4112 praesentem
3115 4058 3128 4106 ;
3151 4030 3402 4108 jure'exi-

1871 4144 2151 4199 stimamus
2190 4143 2336 4195 illum
2383 4140 2506 4193 huic
2550 4132 2971 4192 subnectendum
3021 4144 3159 4190 esse,
3219 4135 3401 4194 utpote

1870 4233 1961 4303 qui
1986 4232 2237 4286 similiter
2266 4229 2467 4298 Asaphi
2497 4228 2588 4289 sit,
2620 4234 2672 4280 et
2704 4223 2838 4277 idem
2877 4226 3246 4290 argumentum
3277 4232 3399 4286 per-

1870 4327 2080 4374 tractet.
2111 4318 2242 4373 Nam
2286 4319 2356 4372 ibi
2378 4331 2588 4386 quoque
2614 4314 2812 4367 dictum
2848 4311 2983 4363 fuit:
3021 4307 3157 4361 Deus
3188 4307 3399 4359 deorum

1871 4410 2121 4464 Dominus
2150 4411 2249 4463 loci
2273 4420 2350 4463 'us
2389 4418 2484 4472 est,
2514 4416 2562 4460 et
2594 4405 2787 4459 vocavit
2823 4413 3014 4456 terram
3052 4418 3084 4453 a
3125 4400 3251 4454 solis
3284 4408 3401 4452 ortu

1872 4515 2027 4568 usque
2076 4498 2142 4551 ad
2192 4513 2451 4551 occasum.
2510 4492 2916 4547 Animadvertas
2972 4491 3170 4559 quippe
3219 4487 3399 4549 velim,

1872 4588 2149 4657 praesentis
2199 4587 2357 4639 tinem
2406 4584 2485 4638 sic
2530 4583 2733 4635 habere
2766 4598 2777 4632 :
2806 4578 2985 4647 Surge,
3042 4577 3201 4639 Deus,
3220 4576 3401 4644 judica

1875 4688 2093 4741 terram;
2134 4686 2187 4730 et
2233 4672 2625 4745 quadragesimi
2674 4671 2797 4725 noni
2850 4670 3060 4722 initium
3094 4668 3195 4720 hoc
3236 4680 3399 4720 esse:

1871 4769 2011 4825 Deus
2040 4770 2251 4821 deorum
2272 4765 2518 4819 Dominus
2549 4762 2749 4815 locutus
2776 4770 2871 4820 est,
2903 4769 2949 4811 et
2975 4758 3167 4811 vocavit
3188 4765 3399 4809 (errant.

1874 4857 1972 4911 llic
1994 4858 2153 4911 etiam
2185 4854 2402 4912 dicitur,
2437 4851 2693 4914 Quoniam
2718 4858 2771 4900 tu
2804 4843 3130 4899 hwreditabis
3157 4846 3209 4895 in
3233 4841 3402 4894 omni-

1876 4947 1966 5000 bus
1995 4944 2260 5015 gentibus;
2293 4943 2365 4995 ibi
2408 4955 2554 5001 vero,
2589 4956 2621 4992 a
2651 4939 2776 4991 satis
2806 4944 2921 4989 ortu
2954 4947 3114 5000 usque
3146 4932 3214 4983 ad
3253 4946 3404 4983 occa-

1876 5052 2007 5090 sum.
2044 5037 2120 5089 Ac
2161 5047 2373 5087 rursum
2410 5031 2462 5083 in
2503 5044 2628 5081 χιιι
2658 5028 2859 5080 dictum
2901 5028 2982 5075 est
3023 5038 3036 5073 :
3072 5019 3214 5071 Deus
3242 5018 3397 5071 mani-

224 5107 455 5190 ).”ειιταιἰ
591 5129 733 5195 Θεὸς
760 5125 1029 5196 ἐμφανῶς
1058 5125 1205 5192 ἣξει,
1231 5127 1263 5176 ό
1293 5124 1432 5187 Θεὸς
1465 5123 1649 5190 ἡμῶν,
1676 5126 1768 5177 καὶ

1874 5128 1999 5195 {este
2026 5126 2206 5186 ueniet,
2242 5122 2377 5175 Deus
2408 5128 2600 5183 noster,
2618 5128 2663 5171 et
2693 5132 2793 5170 non
2824 5110 3010 5165 silebit.
3042 5108 3182 5161 Cum
3208 5107 3412 5160 venerit

224 5228 305 5279 οὐ
334 5219 866 5293 παρασιωπήσεται
887 5234 903 5250 ο
944 5216 1109 5268 ἐλθὼν
1147 5216 1201 5267 δὲ
1238 5214 1289 5265 τί
1322 5214 1549 5282 ποιήσει,
1583 5214 1611 5264 ὁ
1641 5216 1775 5283 μετὰ

229 5320 421 5387 χεῖρας
450 5313 697 5366 διδάσκει·
721 5311 886 5376 λέγων
904 5324 919 5338 ο
956 5308 1007 5358 '0
1038 5307 1175 5369 Θεὸς
1204 5304 1348 5359 ἔστη
1370 5302 1437 5354 ἐν
1462 5305 1776 5372 συναγωτῇ

230 5403 418 5457 θεῶν’
450 5404 522 5455 ἐν
555 5400 722 5468 μέσῳ
760 5397 826 5450 δὲ
863 5396 1029 5461 θεοὺς
1056 5392 1353 5459 διακρίνει.
1400 5390 1520 5453 Πῶς
1565 5390 1623 5443 δὲ
1667 5392 1777 5445 δια.

233 5493 434 5560 κρίνει,
479 5491 510 5541 ὁ
546 5488 630 5557 μθ¹
659 5488 905 5555 διασαφεῖ
934 5487 1140 5553 φάσκων
1162 5498 1175 5510 ·
1214 5478 1343 5544 Πῦρ
1377 5480 1647 5532 ἐναντίον
1674 5484 1778 5535 αὺ-

234 5582 349 5635 τοῦ
371 5578 762 5645 καυθήσεται·
794 5577 989 5637 κύκλῳ
1016 5569 1189 5627 αὐτοῦ
1220 5569 1477 5638 καταιγὶς
1514 5569 1775 5637 σφόδρα.

319 5735 359 5766 ⁸³
402 5732 543 5786 Psal.
583 5746 638 5796 ιι,
680 5732 722 5782 7.

1878 5232 2074 5286 autent,
2102 5220 2226 5290 quid
2259 5225 2476 5272 acturus
2504 5214 2593 5277 sit,
2622 5216 2776 5268 docet
2798 5219 3032 5278 praesens
3057 5204 3305 5271 psalmus
3331 5200 3418 5252 his

1877 5312 2053 5367 verbis
2084 5329 2095 5363 :
2121 5288 2266 5362 Deus
2314 5307 2453 5359 stetit
2507 5305 2562 5356 in
2593 5314 2861 5373 synagoga
2908 5295 3146 5352 deorum,
3173 5292 3233 5341 in
3260 5288 3423 5341 medio

1882 5408 2051 5450 autem
2077 5395 2195 5448 deos
2245 5378 2515 5459 diju'dicat.
2553 5384 2837 5454 Quomodo
2869 5376 3227 5447 dijudicabit,
3259 5376 3433 5427 decla-

1882 5496 1965 5539 rat
2000 5498 2144 5547 XLIX,
2170 5481 2252 5534 his
2280 5478 2456 5533 verbis
2494 5496 2507 5531 :
2541 5477 2685 5548 Ignis
2722 5477 2781 5528 in
2813 5475 3094 5535 conspectu
3119 5462 3247 5528 ejus
3290 5475 3442 5513 exar-

1882 5574 2066 5638 descet,
2096 5545 2145 5623 in
2173 5568 2391 5622 circuitu
2434 5567 2545 5636 ejus
2574 5545 2883 5634 tempestas
2916 5552 3113 5610 valida.
3152 5545 3448 5600 Aduocabit
