3834 6382
184 2769 563 2838 ἐπαίρουσιν,
592 2768 678 2819 ὅτε
723 2766 949 2835 μάλιστα
986 2768 1264 2839 ἐπιτριϐὴν
1301 2769 1479 2831 αὐτοῖς
1518 2771 1551 2838 ἡ
1592 2769 1765 2841 σιωπὴ

90 3385 101 3394 _
203 3341 357 3392 μην,
388 3322 491 3375 καὶ
521 3323 956 3377 ἐϐουλεύσαπο
980 3323 1125 3375 κατὰ
1146 3321 1262 3375 τῶν
1292 3323 1470 3390 ἁγίων
1493 3340 1626 3378 σου.
1667 3323 1764 3379 Εἴ-

98 3406 103 3413 ’
207 3426 335 3466 παν
358 3429 373 3443 ⁸
442 3412 643 3473 Δεῦτε,
703 3412 798 3463 καί
857 3412 1367 3480 ἐξολοθρεύσωμεν
1424 3414 1639 3479 αὐτοὺς
1697 3414 1765 3478 ἐξ

78 3484 79 3513 1
90 3463 99 3510 ἱ

80 3656 105 3693 τί

116 1082 119 1089 ’
208 1074 401 1145 τολμῶ
457 1075 746 1145 ἱκετηρίαν
800 1094 880 1129 σοι
926 1080 1246 1147 προσάγεινο
1293 1079 1427 1130 ὥστε
1472 1079 1772 1131 παύσασθαι

82 1193 87 1202 ι
193 1167 307 1236 μὲν
357 1167 465 1235 τῆς
521 1167 727 1234 ἀφὰτου
781 1168 1145 1237 μακροθυμίας
1189 1170 1281 1222 καὶ
1324 1170 1418 1236 τῆς
1461 1169 1771 1233 ἁνεξικὰκου

141 465 211 513 im
1313 436 1797 494 COMMENTARIA
1835 437 1900 492 IN
1938 435 2267 493 PSALIIOS.
3299 446 3403 501 994

157 518 409 625 τ
422 517 570 625 ξολ.-
586 525 693 625 ὲπλ.
739 546 865 607 τοῖς
892 547 1060 615 ἀσεϐῆ
1090 548 1182 599 καὶ
1218 546 1357 609 ⁴ἄθεα
1391 546 1763 616 ἁμαρτάνουσι,

1874 562 1979 600 non
2016 548 2177 601 simili
2224 552 2383 615 atque
2423 538 2479 598 tu
2528 545 2688 599 modo
2729 546 2958 601 tolerare
2987 548 3232 603 valeam:
3275 567 3400 605 nam

187 603 455 705 ζεῖνιατᾲ
473 612 576 667 σοῦ
598 623 704 677 τοῦ
726 603 873 685 Θεοῦ
893 603 1280 704 βλασφημοῦσι,
1307 603 1541 705 σιωπᾷς·
1568 635 1675 702 ἐγὼ

1875 639 1993 705 quis
2022 639 2214 692 similis
2253 603 2357 690 erit
2396 636 2529 689 tibi?
2554 635 2888 705 Quapropter
2921 645 2978 690 ut
3008 639 3185 702 homo,
3221 603 3403 695 studio

199 726 272 795 μὴ
285 698 612 777 δυνάμενος
659 718 846 774 ταῦτα
870 698 1236 794 ὁτρᾷνξδεομαι
1262 725 1354 777 καὶ
1393 698 1618 776 ἱκετεύω.
1651 698 1763 789 συγέ

1872 698 2087 795 pietatis
2109 742 2233 796 erga
2267 736 2319 780 te
2348 698 2620 790 incensus,
2654 698 2955 794 supplicare
2985 728 3079 780 tibi
3115 729 3306 795 audeo,
3340 738 3400 783 ut

216 814 433 881 γνώῃ-τις
460 805 651 871 τυχεῖν
672 807 770 862 ἐπὶ
795 813 859 865 τὸ
890 816 963 884 μὴ
987 814 1236 867 δύνασθαι
1259 815 1438 885 φέρειν
1460 831 1541 867 σοι
1568 814 1644 882 τῷ
1660 812 1763 882 Θεᾷ

1872 814 2028 866 tinem
2063 812 2232 866 facias
2273 812 2567 866 tolerantiae
2594 820 2646 865 et
2685 813 2907 874 silentii,
2942 828 3003 867 ac
3034 814 3142 882 jam
3180 818 3396 870 demum

220 891 648 966 παραπλησίως’
696 897 783 961 τίς
827 902 933 971 γάρ
966 918 1045 953 σοι
1089 902 1512 971 ὁμοιωθήσεται;
1562 902 1650 953 Διὸ
1702 902 1763 963 ὼς

1870 916 2116 955 moveare
2156 901 2415 956 adversus
2453 917 2544 955 eos
2576 902 2665 970 qui
2701 902 3057 955 intolerabilia
3099 905 3215 958 ausi
3248 914 3391 959 sunt.

214 989 527 1057 ἄνθρωπος,
573 983 733 1055 ζῆλον
766 988 900 1058 ἔχων
927 990 1016 1043 τὸν
1050 991 1183 1061 ὑπὲρ
1213 992 1308 1059 τῆς
1343 992 1439 1059 σῆς
1480 991 1763 1054 εὐσεϐείας,

1870 989 1993 1043 Ideo
2032 991 2155 1044 dico
2183 989 2297 1043 :Ne
2328 1000 2520 1054 taceas,
2547 1008 2702 1058 neque
2747 994 3106 1058 compescaris.
3147 992 3252 1045 Pro
3287 1010 3398 1062 quo

1867 1077 2178 1146 Aquila,Ne
2204 1079 2455 1146 quiescas,
2502 1079 2855 1147 Symmachus
2896 1095 3042 1141 vero,
3088 1080 3169 1133 Ne
3206 1097 3392 1143 cesses,

1870 1168 2363 1236 interpretatisunt.
2389 1169 2588 1225 Deinde
2618 1168 2798 1221 subdit
2823 1188 2834 1221 :
2856 1202 2921 1212 —
2952 1168 3115 1223 Vens.
3150 1172 3206 1223 5.
3260 1170 3399 1234 Quo-

1869 1259 2009 1310 niam
2038 1274 2149 1311 ecce
2193 1259 2387 1311 inimici
2435 1260 2509 1310 tui
2548 1269 2847 1322 sonuerunt,
2879 1268 2926 1311 et
2977 1261 3063 1328 qui
3101 1260 3317 1313 oderunt
3346 1268 3398 1313 te

1867 1347 2157 1400 extulerunt
2200 1358 2373 1415 caput.
2429 1347 2734 1403 Secundum
2772 1350 3020 1418 Aquilam
3053 1366 3213 1404 vero:
3252 1350 3395 1415 Quo-

1868 1439 2004 1490 niam
2047 1454 2157 1490 ecce
2184 1439 2380 1490 inimici
2410 1439 2485 1490 tui
2526 1438 2707 1491 turbas
2744 1448 3028 1502 moverunt,
3074 1450 3121 1492 et
3152 1441 3240 1507 qui
3273 1440 3399 1493 ode-

191 1258 434 1325 σιωπῆς
450 1274 464 1287 ’
490 1257 594 1325 ἤδη
616 1256 673 1308 δέ
699 1273 826 1308 ποτε
847 1257 1120 1326 κινηθῆναι
1142 1258 1277 1309 κατὰ
1299 1258 1403 1310 τῶν
1418 1258 1484 1310 τὰ
1507 1258 1771 1327 ἀνήκεστα

169 1340 655 1412 τετολμηκότων.
686 1343 774 1394 Διό
801 1359 971 1410 φημι·
1006 1342 1098 1408 Μὴ
1127 1343 1399 1411 σιγήσῃς,
1424 1344 1573 1410 μηδὲ
1604 1360 1773 1397 κατα-

167 1433 530 1499 πραΰνῃςο
564 1432 677 1483 ἀνθ’
717 1424 778 1483 οὗ
816 1433 844 1483 ὁ
888 1431 983 1499 μὲν
1027 1430 1271 1493 Ἀκύλας,
1297 1432 1390 1499 Μὴ
1430 1432 1765 1500 καθησυχάο

155 1538 341 1589 σῃς,
412 1522 448 1572 ὁ
482 1521 542 1573 δὲ
594 1521 902 1591 Σύμμαχος,
948 1521 1042 1588 Μὴ
1091 1521 1418 1588 ἐρημάσῃς,
1472 1523 1765 1591 εἰρήκασιν.

156 1609 302 1663 Εἶτ’
344 1610 615 1676 ἐπιλέγει
642 1610 796 1679 ἑξῆς·
832 1611 944 1661 Ὅτι
990 1609 1116 1662 ίδοὺ
1162 1612 1214 1662 οι
1254 1610 1448 1678 ἐχθροί
1473 1624 1585 1664 σου
1626 1611 1771 1678 ἤχη-

147 1716 338 1763 σαν,
373 1699 490 1753 καί
529 1701 585 1751 οἱ
614 1698 927 1765 μισοῦντές
952 1716 1025 1751 σε
1049 1696 1198 1767 ἦραν
1220 1701 1501 1767 κεφαλήν.
1538 1701 1691 1752 Κατὰ
1715 1701 1763 1753 δὲ

1865 1706 1953 1773 qui
1972 1704 2189 1758 oderunt
2224 1716 2271 1757 te
2300 1707 2517 1773 eﬂ'erunt
2546 1715 2718 1773 caput.
2760 1704 2964 1759 Sonant
2993 1716 3169 1761 autem
3202 1715 3255 1761 et
3280 1715 3395 1761 tur-

147 1790 273 1842 τὸν
324 1788 607 1840 ’Δκύλαψ
668 1788 787 1840 Ὅτι
828 1787 951 1840 ὶδοὺ
988 1791 1042 1841 ol
1077 1789 1272 1856 ἐχθροί
1315 1803 1429 1842 σου
1468 1789 1763 1858 ῶχλασαν,

1866 1794 1963 1849 bas
2004 1802 2217 1849 movent
2262 1796 2461 1849 inimici
2499 1795 2611 1861 Dei,
2660 1811 2781 1849 cum
2814 1812 2921 1849 non
2968 1797 3190 1851 latenter
3221 1814 3396 1866 neque

149 1880 281 1931 καὶ
317 1877 812 1947 μισοποιοῦντές
837 1893 908 1931 σε
939 1878 1090 1945 ἦραν
1114 1877 1381 1945 κεφαλήν
1397 1896 1410 1911 ·
1440 1879 1579 1931 κατὰ
1597 1879 1652 1931 δὲ
1676 1878 1763 1932 τὸν

1864 1881 2086 1936 remisse
2114 1883 2423 1951 blasphema
2451 1883 2590 1937 dicta
2618 1892 2805 1937 contra
2836 1884 2999 1938 Deum
3028 1885 3269 1952 proferre
3298 1901 3395 1940 au-

150 1969 552 2037 Σύμμαχον⁸
596 1966 737 2020 Ἰδοὺ
784 1967 891 2035 γὰρ
926 1970 977 2020 ol
1019 1966 1214 2034 ἐχθροί
1253 1982 1385 2031 σου,
1429 1968 1577 2037 φησὶ,
1623 1984 1763 2021 συν-

1865 1970 2017 2036 dcnt;
2055 1970 2147 2025 sed
2182 1972 2355 2040 palam
2389 1979 2442 2026 et
2470 1972 2751 2026 confertim
2778 1989 2963 2028 omnes
2996 1974 3049 2027 in
3090 1973 3255 2029 Deum
3293 1976 3397 2029 im-

155 2076 205 2122 η
214 2058 464 2125 χοῦσι,
509 2056 610 2109 καὶ
634 2060 686 2109 οὶ
706 2055 1022 2125 μισοῦντές
1057 2070 1129 2109 σε
1151 2057 1455 2123 ἐπαίρουσι
1478 2055 1763 2124 κεφαλήν.

1864 2060 1951 2128 pia
1973 2060 2133 2114 verba
2165 2072 2440 2123 evomunt,
2470 2061 2649 2128 qualia
2680 2063 3110 2129 persecutionum
3152 2072 3393 2133 tempore

174 2148 455 2215 Ἠχοῦσι
493 2147 550 2199 δὲ
584 2146 678 2198 καὶ
722 2146 1028 2215 ὀχλὰζουσιν
1069 2147 1116 2197 οἱ
1161 2146 1339 2217 ἐχθροὶ
1373 2146 1468 2201 τεῦ
1505 2146 1657 2210 Θεοῦ,
1681 2148 1763 2199 ὅτε

1864 2149 2059 2203 audent
2085 2148 2291 2205 ell‘erre.
2327 2149 2524 2204 Deinde
2549 2159 2725 2205 erecta
2752 2152 2961 2206 cervice
2985 2153 3275 2209 frementes
3300 2171 3394 2208 ca-

160 2235 397 2287 οὒκέτι
448 2234 713 2303 κρύϐδην,
759 2234 877 2286 οὐδὲ
918 2235 1285 2304 πεφεισμένως
1324 2235 1555 2305 τολμῶσι
1597 2251 1763 2306 παρα-

1865 2246 1961 2307 put
1991 2240 2247 2302 exaltant,
2281 2242 2494 2309 quando
2532 2242 2765 2294 maxime
2808 2242 3080 2295 silentium
3110 2242 3201 2296 Dei
3236 2243 3393 2297 indu-

168 2324 558 2393 φθέγγεσθαι
600 2323 696 2385 τὰς
729 2323 864 2376 κατὰ
891 2324 982 2377 τοῦ
1012 2325 1142 2378 Θεοῦ
1176 2324 1539 2394 βλασφημίαςο
1572 2325 1670 2395 ήδη
1712 2326 1763 2379 δὲ

1865 2328 1976 2384 cias
2020 2329 2151 2397 ipsis
2208 2331 2427 2399 praebet.
2480 2329 2574 2384 [iis
2630 2346 2759 2384 vero
2806 2341 2967 2399 caput
3012 2331 3390 2395 elferentibus,

167 2416 252 2468 ἐκ
305 2414 418 2467 τοῦ
458 2413 769 2484 προφανοῦς
799 2416 887 2466 καὶ
922 2414 1126 2485 ἁθρόως
1170 2416 1219 2466 οἱ
1261 2415 1454 2477 πάντες
1499 2415 1635 2467 κατὰ
1672 2414 1763 2467 τοῦ

1867 2413 1959 2469 Dei
2017 2415 2258 2471 homines
2320 2416 2496 2470 aﬂlicti
2551 2417 2932 2482 humiliantur;
2983 2427 3039 2471 ut
3081 2420 3195 2472 vice
3239 2435 3392 2474 versa

174 2504 340 2557 Θεοῦ
392 2504 469 2555 τὰ
507 2493 643 2556 ἄθεα
687 2503 1039 2573 προφέρονται
1082 2504 1313 2573 ῥήματα,
1355 2505 1506 2556 ὁποῖα
1534 2503 1765 2572 τολμῶσι

176 2594 482 2662 πράττειν
522 2589 666 2641 κατὰ
697 2589 821 2651 τοὺς
852 2589 955 2641 τῶν
988 2589 1234 2659 διωγμῶν
1278 2590 1516 2660 καιρούς.
1552 2587 1681 2643 Εἶτα
1710 2591 1765 2643 δὲ

181 2681 295 2734 καὶ
352 2677 791 2748 ὑψαυχενοῦντες
831 2680 923 2730 καὶ
970 2680 1348 2749 φρυαττόμενοι
1396 2681 1492 2750 τὴν
1531 2681 1765 2751 κεφαλὴν

1868 1534 1992 1577 runt
2034 1535 2081 1577 te
2115 1526 2409 1578 extulerunt
2444 1536 2629 1592 caput;
2677 1528 2971 1581 secundum
3015 1526 3396 1597 Symmachum

1867 1630 1995 1669 vero
2028 1635 2040 1669 :
2072 1615 2202 1669 Ecce
2228 1617 2362 1669 enim
2392 1618 2587 1669 inimici
2621 1618 2715 1679 tui,
2748 1617 2941 1686 inquit,
2971 1633 3077 1670 una
3108 1627 3314 1681 sonant,
3346 1627 3395 1671 et

1867 2503 2135 2572 depressis
2168 2506 2400 2561 inimicis
2425 2505 2539 2567 Dei,
2574 2514 2881 2560 sanctorum
2914 2509 3395 2577 religiosorumque

1866 2593 2101 2646 virorum
2126 2596 2303 2663 capita
2323 2597 2648 2650 exaltantur.
2677 2596 2852 2661 Quare
2872 2612 2937 2650 ex
2957 2613 3140 2651 eorum
3164 2614 3394 2666 persona

1866 2682 2059 2735 alicubi
2103 2682 2304 2736 dictum
2351 2692 2433 2738 est
2461 2702 2474 2738 :
2500 2683 2567 2735 Et
2597 2700 2729 2737 nunc
2754 2685 2999 2738 exultavit
3034 2699 3183 2753 caput
3227 2704 3395 2740 meum

1865 2787 2017 2839 super
2038 2774 2272 2828 inimicos
2305 2792 2439 2829 meos
2466 2776 2528 2829 ¹³.

192 2856 294 2910 τοῦ
360 2855 507 2909 Θεοῦ
566 2854 975 2925 κατεργάζεται.
1046 2857 1254 2909 Τούτων
1284 2858 1340 2910 δὲ
1400 2859 1497 2928 τὴν
1530 2859 1767 2930 κεφαλὴν
1823 2863 2113 2934 αἰρόντων,
2176 2868 2224 2917 οἱ
2280 2864 2372 2917 τοῦ
2435 2864 2566 2918 Θεοῦ
2619 2864 2888 2935 ἄνθρωποι
2947 2867 3395 2937 καταπονούμενοι

70 2944 85 2967 ’·
192 2946 628 2998 ταπεινοῦνται·
692 2943 765 3006 ὡς
823 2943 1048 3013 ἔμπαλιν
1109 2948 1531 3018 ταπεινουμένων
1590 2949 1698 3001 τῶν
1738 2951 1942 3021 ἐχθρῶν
1977 2953 2070 3006 τοῦ
2099 2955 2230 3008 Θεοῦ
2272 2957 2327 3008 αἱ
2370 2956 2477 3009 τῶν
2520 2955 2686 3023 ἁγίων
2737 2958 2828 3008 καὶ
2874 2956 3129 3025 θεοφιλῶν
3188 2958 3395 3027 ἀνδρῶν

197 3033 449 3101 ’κεφαλαὶ
490 3032 769 3100 ύψοῦνται.
817 3034 905 3087 Διὸ
942 3035 1148 3105 εἴρηταί
1186 3053 1286 3088 που
1329 3038 1384 3091 es
1427 3037 1600 3092 αὐτῶν
1637 3039 1920 3111 προσώπου
1946 3043 2023 3094 τό·
2084 3045 2193 3097 Καὶ
2269 3045 2385 3099 νῦν
2430 3046 2634 3113 ὒψωσε
2682 3045 2952 3114 κεφαλήν
3005 3064 3121 3115 μου
3169 3048 3258 3098 ἐπ’
3299 3048 3397 3114 ἐχ.

201 3126 395 3190 θρούς
425 3141 571 3192 μου.

289 3233 426 3286 Ἐπὶ
462 3233 574 3285 τὸν
601 3235 753 3287 λαόν
779 3247 893 3286 σου
932 3235 1587 3302 κατεπανουργεύσαντο
1621 3236 1763 3305 γνώ-

1929 3235 2092 3290 Vsns.
2123 3235 2177 3298 4,
2210 3235 2263 3289 5.
2305 3235 2471 3302 Super
2506 3237 2752 3302 populum
2797 3245 2942 3287 tuum
2981 3236 3393 3302 malignaverunt

1865 3326 2159 3387 consilium,
2210 3334 2258 3376 et
2306 3327 2654 3391 cogitaverunt
2704 3323 2947 3377 adversus
2999 3334 3203 3377 sanctos
3254 3334 3389 3378 tuos.

1863 3416 2119 3469 Dixerunt
2142 3429 2161 3468 :
2186 3414 2360 3467 Venite
2380 3423 2426 3466 et
2455 3412 2810 3481 disperdamus
2830 3430 2915 3467 eos
2945 3413 3009 3466 de
3028 3423 3190 3481 gente,
3220 3422 3267 3465 et
3290 3430 3393 3467 non

209 3505 453 3566 ἔθνους,
485 3500 587 3556 καὶ
612 3502 683 3553 οὐ
705 3500 790 3567 μὴ
813 3499 1054 3567 μνησθῇ
1082 3501 1145 3552 τὸ
1179 3500 1360 3569 ὄνομα
1395 3503 1625 3569 Ἰσραὴλ
1660 3504 1760 3557 ἔτι.

1864 3514 2172 3559 memoratur
2194 3518 2375 3555 nomen
2406 3501 2574 3556 Israel
2597 3504 2759 3553 ultra.
2794 3501 2957 3555 Deum
2986 3503 3233 3555 obsecrat
3258 3496 3395 3556 Pro-

213 3593 475 3644 Δυσωπεῖ
502 3590 596 3640 τὸν
620 3589 749 3640 Θεὸν
778 3589 806 3640 ὁ
823 3588 1106 3658 Προφήτης
1134 3589 1190 3640 ὲν
1214 3588 1351 3657 ἁγίῳ
1378 3590 1663 3660 Πνεύματι,
1680 3592 1767 3645 διὰ

217 3682 312 3734 τοῦ
337 3679 798 3749 ὑπομιμνήσκειν,
823 3676 896 3739 ὡς
925 3676 1028 3744 ἄρα
1060 3676 1181 3738 λαὸς
1208 3677 1367 3729 αὐτοῦ
1395 3680 1628 3746 γεγόνοιο
1648 3680 1763 3750 (sic)

214 3772 285 3822 τὰ
335 3767 581 3821 τοσαῦτα
628 3764 923 3827 πεπονθώς.
977 3761 1107 3819 Εἶτα
1137 3766 1229 3819 καὶ
1276 3767 1383 3819 τῶν
1429 3770 1486 3820 ὲν
1528 3768 1601 3838 τῷ
1655 3769 1765 3840 λαῷ

216 3856 637 3928 διαλαμψάντων
683 3853 845 3905 πάλαι
877 3852 1130 3922 πρότερον
1168 3853 1332 3921 ἁγίων
1370 3855 1463 3908 τοῦ
1494 3856 1625 3909 Θεοῦ
1672 3858 1766 3927 μὲ-

220 3965 442 4017 μνηται,
489 3944 741 4013 δεόμενος
784 3943 876 3995 καὶ
906 3942 1188 3995 ἀντιϐολῶν
1229 3944 1300 4014 μὴ
1344 3944 1448 3997 τῶν
1489 3946 1547 3996 ὲν
1587 3948 1765 4010 αὺτοῖς

216 4037 433 4089 ἀσεϐῶν
471 4036 571 4089 καὶ
604 4032 947 4103 παρανόμων,
990 4033 1161 4100 μόνων
1198 4033 1253 4086 δὲ
1277 4035 1381 4088 τῶν
1412 4035 1577 4102 ἁγίων
1602 4037 1763 4090 αὐτοῦ

220 4125 555 4196 μνησθῆναι,
589 4122 681 4174 καὶ
719 4121 783 4173 δι’
816 4121 1007 4183 αὐτοὺς
1036 4121 1095 4173 τὸ
1127 4124 1231 4174 πᾶν
1255 4124 1567 4194 κατελεῆσαι
1597 4125 1761 4188 ἔθνος.

230 4213 528 4266 Ἀκόλουθα
558 4211 614 4262 δὲ
654 4210 833 4271 αὐτοῖς
872 4209 1141 4273 ποιοῦντες
1180 4214 1227 4265 οί
1264 4213 1442 4283 ἐχθροὶ
1478 4215 1569 4267 τοῦ
1610 4216 1762 4280 Θεοῦ,

218 4303 313 4355 τὸν
342 4302 474 4355 λαὸν
518 4298 686 4352 αὑτοῦ
715 4297 1023 4366 πολεμοῦσι,
1059 4304 1355 4373 πανουργίᾳ
1384 4302 1644 4374 χρώμενοι
1675 4306 1765 4357 καὶ

219 4394 375 4463 δόλῳ,
412 4392 554 4462 πρὸς
586 4390 647 4441 τὸ
674 4388 989 4441 καταϐαλεῖν
1026 4390 1184 4442 αὑτὸν
1211 4392 1303 4443 κα)⁸
1340 4393 1637 4464 ἀποστῆσαι
1670 4396 1764 4464 τῆς

218 4481 316 4534 τοῦ
366 4480 503 4534 Θεοῦ
535 4478 831 4539 εὐσεϐείας.
864 4477 952 4528 Διὸ
987 4477 1253 4531 λέλεκται·
1302 4481 1420 4533 Ἐπὶ
1464 4483 1569 4535 τόν
1616 4485 1765 4538 λαόν

1862 3595 2017 3664 pheta
2050 3595 2103 3646 in
2129 3591 2333 3661 Spiritu
2358 3597 2564 3652 sancto.
2588 3606 2812 3645 monens
2840 3605 2982 3655 eum,
3015 3592 3106 3660 qui
3135 3591 3262 3644 talia
3294 3607 3392 3661 pa-

1863 3685 2013 3746 titur,
2049 3682 2302 3752 populum
2340 3679 2460 3750 ejus
2508 3695 2649 3734 esse.
2677 3678 2789 3732 Sub
2822 3680 2935 3733 haec
2980 3689 3157 3734 autem
3184 3695 3391 3744 eorum,

1861 3775 1952 3843 qui
1981 3773 2034 3826 in
2067 3772 2262 3842 populo
2286 3770 2395 3838 jam
2422 3770 2547 3823 olim
2590 3768 2866 3836 conspicui
2897 3768 3135 3831 fuerunt,
3174 3777 3390 3822 saneto-

1862 3879 1980 3916 rum
2012 3861 2104 3915 Dei
2137 3860 2399 3923 meminit,
2442 3860 2749 3928 supplicans
2779 3859 3197 3926 obsecransque,
3240 3864 3300 3911 ut
3327 3873 3395 3912 ne

1863 3952 2148 4021 impiorum
2185 3950 2672 4016 sceleratorumque
2711 3948 2765 4000 in
2796 3948 3013 4016 populo,
3052 3948 3147 4002 sed
3176 3956 3395 4002 sancto-

1861 4057 1980 4097 rum
2022 4055 2241 4097 suorum
2289 4038 2960 4104 recordeturzeorumque
3007 4037 3179 4105 gratia
3224 4043 3392 4089 totam

1861 4138 2066 4199 gentem
2090 4127 2457 4181 misericordia
2478 4126 2656 4179 donet.
2688 4122 2873 4176 Allinia
2900 4130 3076 4176 autem
3108 4123 3393 4190 impiorum

1862 4218 2028 4288 gestis
2073 4223 2442 4287 perpetrantes
2470 4214 2671 4267 inimici
2708 4212 2821 4275 Dei,
2858 4212 3110 4282 populum
3155 4212 3273 4278 ejus
3301 4226 3393 4279 op-

1863 4315 2122 4377 pugnant,
2166 4307 2399 4361 versutia
2433 4313 2642 4359 utentes
2682 4312 2736 4358 et
2776 4304 2920 4367 dolo,
2953 4311 3011 4355 ut
3047 4302 3218 4370 ipsum
3256 4301 3392 4370 deji-

1861 4398 2005 4450 ciant
2038 4404 2091 4450 et
2138 4411 2169 4448 a
2213 4396 2408 4464 pietate
2454 4409 2578 4463 erga
2622 4393 2785 4446 Deum
2838 4398 3097 4444 avertant.
3127 4390 3391 4454 Quocirca

1863 4485 2063 4537 dictum
2118 4482 2436 4550 est:Super
2483 4481 2726 4549 populum
2780 4488 2924 4531 tuum
2983 4478 3391 4547 mallgnaverunt

219 4587 337 4623 σου
381 4568 1048 4635 κατεπανουρνεύσαντο
1080 4569 1332 4636 γνώμην,
1373 4572 1467 4623 καὶ
1497 4573 1763 4626 ἐϐουλεύ-

1864 4573 2157 4636 consilium,
2199 4581 2248 4624 et
2301 4572 2651 4639 cogitaverunt
2701 4569 2943 4621 adversus
2994 4576 3202 4621 sanctos
3250 4576 3387 4620 tuos.

218 4676 407 4714 σαντο
438 4659 595 4712 κατά
620 4656 736 4708 τῶν
761 4656 939 4723 ἁγίων
961 4670 1093 4708 σου.
1118 4658 1509 4727 Μεμελημένως
1544 4660 1649 4728 γὰρ
1674 4661 1764 4712 καὶ

220 4747 702 4820 πεφροντισμένως
740 4744 979 4814 μηχανάς
1008 4762 1153 4808 τινας
1200 4747 1455 4817 κρυφίους
1497 4749 1633 4802 κατὰ
1668 4750 1761 4802 τοῦ

219 4837 349 4888 λαοῦ
381 4836 477 4889 τοῦ
508 4832 646 4887 Θεοῦ
677 4832 979 4893 καττύουσι,
1010 4834 1147 4885 κατά
1183 4852 1239 4886 τε
1277 4834 1383 4887 τῶν
1410 4836 1577 4902 ἁγίων
1602 4839 1760 4891 αὐτοῦ

220 4923 516 4985 ἐπιϐουλὰς
566 4920 1068 4983 κατασκευάζονται,
1113 4921 1178 4973 δι’
1224 4923 1316 4975 ἕνα
1363 4926 1557 4976 σκοπὸν
1598 4927 1656 4979 ὃν
1704 4930 1760 4982 ἐν

220 5012 433 5074 ἑαυτοῖς
469 5007 792 5079 προθέμενοί
819 5022 967 5073 φασι·
1000 5006 1189 5071 Δεῦτε,
1223 5007 1761 5075 καὶὲξολοθρεύσω-

213 5116 331 5167 μεν
350 5098 575 5161 αὐτοὺς
598 5096 665 5159 ἐξ
688 5097 914 5159 ἔθνους,
936 5095 1028 5147 καὶ
1050 5098 1119 5148 οὐ
1138 5095 1221 5162 μὴ
1239 5094 1477 5162 μνησθῇ
1496 5096 1560 5147 τὸ
1582 5097 1762 5167 ὄνομα

218 5189 327 5241 τοῦ
364 5186 605 5255 Ἰσραὴλ
630 5185 733 5237 ἔτι.
768 5186 830 5237 Οἱ
864 5186 959 5253 μὲν
994 5182 1086 5237 οὖν
1111 5184 1359 5252 θεομάχοι
1397 5186 1457 5236 ού
1491 5184 1759 5252 βούλονται

224 5277 287 5325 ὲν
328 5274 634 5344 ἀνθρώποις
674 5271 822 5333 ἔθνος
851 5271 982 5323 Θεοῦ
1032 5270 1345 5339 ὑφεστάναι·
1396 5269 1525 5323 ἁλλὰ
1568 5274 1662 5325 καὶ
1701 5277 1762 5328 τὸ

222 5365 391 5442 δνομα
410 5364 506 5417 τοῦ
545 5362 756 5432 Ἰσραὴλ
782 5361 1149 5431 ἐξαλειφθῆναι
1184 5359 1582 5422 σπουδάζουσιν.
1616 5362 1674 5414 Ὀ
1705 5364 1761 5417 δὲ

225 5452 377 5517 Θεδς,
411 5454 498 5505 ἀεὶ
525 5451 673 5512 ἔθνος
702 5450 873 5519 ἑαυτῷ
895 5452 982 5502 ἐπὶ
1007 5450 1101 5520 γῆς
1120 5448 1467 5515 καταρτίζων,
1497 5449 1633 5518 μετὰ
1662 5453 1762 5521 τὴν

225 5542 323 5593 τοῦ
356 5542 616 5611 προτέρου
639 5539 762 5591 λαοῦ
786 5540 978 5591 πτῶσιν
1005 5541 1093 5610 τὴν
1118 5536 1174 5598 ἐξ
1205 5535 1375 5587 ἐθνῶν
1399 5539 1760 5607 συνεστήσατο

314 5692 354 5723 ⁸³
388 5692 527 5746 Psal.
568 5707 705 5751 sxw,
740 5690 789 5741 6.

1866 4655 2102 4710 Meditati
2130 4656 2273 4710 enim
2299 4671 2422 4709 cum
2464 4653 2823 4709 sollicitudine
2847 4653 3107 4721 quasdam
3149 4654 3392 4707 occultas

1865 4745 2139 4799 machinas
2167 4753 2353 4798 contra
2380 4744 2630 4812 populum
2663 4741 2755 4796 Del
2782 4744 3076 4804 instruunt,
3101 4752 3154 4796 et
3186 4742 3391 4797 sanctis

1863 4833 1982 4901 ejus
2007 4834 2230 4887 insidias
2272 4840 2481 4902 parant,
2512 4845 2594 4893 ac,
2624 4831 2693 4885 ob
2719 4845 2881 4883 unum
2908 4844 3065 4897 quem
3114 4830 3169 4882 in
3210 4830 3391 4882 animo

1864 4929 2167 4991 proponunt
2210 4935 2452 4989 scopum,
2502 4919 2652 4972 aiunt
2687 4938 2699 4972 :
2745 4919 2916 4972 Venite
2950 4926 2997 4970 et
3023 4917 3389 4985 disperdamus

1864 5028 1949 5066 eos
1977 5013 2039 5065 de
2078 5021 2240 5081 gente,
2278 5022 2324 5064 et
2356 5026 2457 5065 non
2489 5020 2797 5064 memoretur
2820 5023 3000 5061 nomen
3026 5006 3200 5059 Israel
3226 5008 3390 5061 ultra.

1865 5102 2069 5155 Inimici
2104 5102 2283 5169 itaque
2312 5100 2402 5154 Dei
2442 5099 2695 5167 populum
2725 5099 2816 5153 Dei
2847 5098 2901 5149 in
2932 5095 3243 5149 hominibus
3264 5110 3395 5148 con—

1864 5194 2054 5246 sistere
2106 5192 2292 5245 nolunt
2330 5208 2343 5243 :
2380 5190 2507 5258 quin
2534 5191 2695 5242 etiam
2723 5186 2939 5243 Israelis
2975 5199 3177 5237 nomen
3224 5186 3402 5238 delere

1864 5288 2132 5351 satagunt.
2166 5281 2305 5334 Deus
2326 5293 2451 5333 vero
2478 5286 2599 5348 post
2630 5279 2828 5349 prioris
2856 5273 3037 5342 p0puli
3068 5272 3293 5323 ruinam
3314 5286 3408 5339 po-

1861 5372 2043 5440 pulum
2093 5371 2193 5426 sibi
2233 5383 2440 5438 semper
2473 5368 2528 5422 in
2576 5377 2717 5424 terra
2764 5378 2989 5435 parans,
3038 5376 3106 5413 ex
3157 5359 3417 5426 gentibus

1862 5457 2149 5510 Ecclesiam
2188 5454 2488 5515 constituit,
2533 5470 2723 5509 novam
2758 5459 3140 5518 nuperamque
3179 5449 3424 5511 gentem,

1862 5561 1925 5598 ex
1965 5543 2209 5613 gentibus
2239 5556 2332 5609 per
2362 5549 2531 5594 totum
2564 5543 2747 5597 orbem
2792 5536 3078 5593 selectam.
3113 5530 3345 5583 Idcirco
3379 5532 3436 5580 at
