3834 6394
138 478 208 526 ‘i‘i‘s
1310 449 1762 507 COMMENTARL

1862 451 1898 503 Ν
1936 447 2265 506 PSALMOS.

3296 458 3400 513 994

154 531 406 638 ι
420 530 567 638 ἰιαὶθ
584 538 692 638 tati.
737 558 862 619 τοῖς
888 559 1057 628 ἀσεϐῆ
1088 560 1179 612 καὶ
1216 560 1354 623 ,ἄθεα
1389 559 1762 629 ἁμαρτάνουσι1

1872 575 1977 612 non
2014 560 2175 614 simili
2222 566 2381 627 atque
2420 550 2477 611 tu
2527 557 2686 611 modo
2726 559 2956 613 tolerare
2984 560 3229 615 valeam:
3272 579 3397 618 nam

184 616 452 717 ἔνια-τα
471 624 575 679 σοῦ
596 636 702 689 τοῦ
724 616 871 698 Θεοϐ
890 616 1278 716 βλωιέημοῦσι,
1304 616 1538 717 σιωπᾷς·
1565 647 1673 714 ἐγὼ

197 739 269 807 μή
282 711 609 790 δυνάμενος
657 731 843 786 ταῦτα
867 711 1016 806 ὀ-ρᾷν,
1035 711 1233 805 νδέομαι
1259 738 1351 790 καὶ
1390 711 1615 789 ἱκετεύω.
1648 711 1773 803 συγὲ

214 826 430 893 γνώῃ-τις
458 818 648 884 τυχεῖν
670 820 768 875 ἐπὶ
793 826 856 878 τὸ
888 828 960 896 μὴ
984 827 1233 879 δύνασθαι
1256 827 1436 898 φέρειν
1458 844 1538 879 σοι
1565 826 1641 895 τῷ
1658 825 1772 894 Θεῷ

217 904 645 978 παραπλησίως’
694 910 780 973 τίς
824 914 930 983 γάρ
964 931 1042 965 σοι
1086 915 1509 983 ὁμοιωθήσεται;
1559 914 1647 965 Διὸ
1698 914 1772 976 ὡς

211 1001 524 1070 ἄνθρωπος.
571 996 731 1068 ζῆλον
763 1000 897 1070 ἔχων
925 1003 1013 1055 τὸν
1047 1004 1180 1073 ὑπὲρ
1210 1004 1305 1072 τῆς
1340 1004 1436 1071 σῆς
1477 1004 1767 1067 εὐσεϐείας,

205 1087 397 1157 τολμῶ
454 1087 743 1158 ἱκετηρίαν
797 1106 877 1142 σοι
924 1092 1243 1159 προσάγειν·
1291 1092 1424 1143 ὥστε
1469 1092 1770 1144 παύσασθαι

190 1180 304 1248 μὲν
354 1180 462 1247 τῆς
518 1179 725 1246 ἀφάτου
778 1180 1142 1250 μακροθυμίας
1187 1182 1277 1234 καὶ
1321 1183 1415 1248 τῆς
1458 1181 1768 1245 ἀνεξικάκου

188 1270 431 1338 σιωπῆς
447 1287 461 1299 ·
488 1270 592 1338 ἤδη
613 1269 670 1320 δέ
697 1286 823 1321 ποτε
844 1270 1116 1339 κινηθῆναι
1140 1271 1275 1322 κατὰ
1296 1270 1400 1322 τῶν
1415 1270 1481 1322 τὰ
1504 1271 1768 1340 ἀνήκεστα

166 1353 652 1424 τετολμηκότων.
684 1355 771 1406 Διό
798 1371 935 1423 φημι
957 1372 969 1384 ο
1003 1354 1095 1420 Μὴ
1124 1355 1396 1423 σιγήσῃς,
1421 1356 1571 1423 μηδὲ
1602 1372 1770 1409 κατα-

163 1446 528 1511 πραΰνῃς·
561 1444 674 1496 ἀνθ’
715 1436 775 1495 οῦ
814 1445 841 1495 ὁ
886 1443 981 1511 μὲν
1024 1443 1268 1506 Ἀκύλας,
1294 1444 1387 1511 Μὴ
1428 1445 1763 1513 καθησυχιὶ·

150 1551 337 1601 σῃς,
410 1534 446 1585 ὁ
479 1533 539 1585 δὲ
591 1534 899 1603 Σύμμαχος,
945 1533 1038 1599 Μὴ
1088 1534 1415 1601 ἐρημάσῃς,
1469 1536 1763 1604 είρήκασιν.

151 1621 297 1676 Εἶτ’
340 1622 612 1688 ἐπιλέγει
640 1622 793 1691 ἑξῆς·
829 1623 942 1674 ’Ὁτι
988 1621 1113 1674 ἰδοὺ
1159 1624 1211 1674 ol
1251 1623 1446 1691 ἐχθροί
1470 1637 1583 1676 σου
1623 1623 1768 1690 ἤχη-

144 1729 333 1777 σαν,
370 1712 487 1765 καὶ
527 1714 582 1763 οἱ
611 1711 925 1777 μισοῦντές
950 1728 1022 1763 σε
1046 1708 1195 1779 ἦραν
1217 1713 1499 1779 κεφαλήν.
1535 1713 1688 1765 Κατὰ
1713 1714 1767 1765 δὲ

142 1802 268 1854 τὸν
321 1800 604 1853 Ἀκύλαν·
666 1800 784 1852 Ὅτι
826 1800 949 1853 ὶδοὺ
986 1803 1039 1854 ol
1074 1801 1269 1868 ἐχθροί
1313 1815 1426 1854 σου
1465 1801 1764 1870 ὧχλασαν,

1872 652 1991 718 quis
2019 651 2212 705 similis
2250 650 2354 702 erit
2394 649 2527 702 tibi?
2551 647 2885 717 Quapropter
2918 658 2975 702 ut
3005 652 3183 714 homo,
3218 654 3399 708 studio

1869 741 2084 808 pietatis
2106 754 2231 809 erga
2265 748 2317 793 te
2346 740 2618 802 incensus,
2652 738 2952 806 supplicare
2982 740 3077 793 tibi
3112 741 3303 807 audeo,
3337 750 3397 796 ut

1869 827 2025 878 ﬁnem
2060 825 2230 879 facias
2270 824 2564 878 tolerantia:
2591 833 2643 878 et
2683 826 2905 885 silentii,
2940 840 3001 878 ac
3031 827 3140 895 jam
3178 830 3393 883 demum

1867 929 2113 967 moveare
2153 913 2413 968 adversus
2450 929 2542 968 eos
2574 914 2663 982 qui
2699 914 3055 968 intolerabilia
3097 918 3213 970 ausi
3245 926 3388 971 sunt.

1867 1002 1991 1055 Ideo
2029 1004 2152 1056 dico
2180 1021 2191 1054 :
2215 1002 2295 1055 Ne
2326 1012 2518 1066 taceas,
2545 1021 2699 1071 neque
2744 1006 3104 1071 campescaris.
3145 1004 3249 1057 Pro
3284 1022 3395 1074 quo

1866 1090 2074 1158 Aquila,
2096 1090 2175 1144 Ne
2201 1092 2453 1159 quiescas,
2500 1091 2853 1160 Symmachus
2893 1108 3040 1153 vero,
3085 1092 3167 1146 Ne
3203 1110 3390 1155 cesses,

1866 1181 2360 1249 interpretatisunt.
2387 1181 2586 1237 Deinde
2616 1181 2796 1233 subdit
2820 1200 2832 1234 :
2854 1214 2918 1225 -
2950 1181 3112 1235 Vens.
3148 1184 3204 1235 5.
3258 1183 3396 1246 Quo-

1867 1272 2006 1322 niam
2035 1286 2147 1323 ecce
2191 1272 2385 1324 inimici
2433 1272 2507 1323 tui
2546 1282 2845 1335 sonuerunt,
2876 1280 2924 1324 et
2975 1274 3059 1340 qui
3098 1272 3313 1325 oderunt
3344 1281 3395 1325 te

1865 1360 2155 1412 extulerunt
2197 1370 2370 1427 caput.
2426 1360 2732 1415 Secundum
2770 1362 3017 1430 Aquilam
3051 1379 3210 1416 vero:
3249 1363 3392 1427 Quo-

1865 1452 2002 1502 niam
2044 1466 2155 1502 ecce
2182 1451 2377 1503 inimici
2408 1452 2482 1502 tui
2524 1451 2704 1503 turbas
2742 1460 3025 1514 moverunt,
3072 1462 3118 1504 et
3149 1453 3238 1520 qui
3270 1453 3396 1506 ode-

1865 1546 1989 1589 runt
2031 1547 2078 1590 te
2112 1538 2406 1590 extulerunt
2442 1549 2626 1605 caput;
2674 1540 2969 1593 secundum
3012 1539 3394 1609 Symmachum

1864 1642 1992 1681 vero
2026 1647 2038 1682 :
2070 1628 2200 1681 Ecce
2226 1630 2359 1681 enim
2390 1630 2584 1681 inimici
2618 1630 2712 1691 tui,
2745 1630 2938 1699 inquit,
2969 1645 3074 1682 una
3105 1640 3312 1693 sonant,
3344 1639 3394 1684 et

1862 1718 1950 1786 qui
1970 1716 2187 1770 oderunt
2222 1728 2268 1770 te
2297 1719 2515 1785 eﬂ‘erunt
2544 1728 2715 1785 caput.
2758 1716 2961 1772 Sonant
2990 1728 3167 1773 autem
3200 1727 3253 1773 et
3278 1728 3392 1773 tur-

1863 1806 1961 1861 bas
2002 1814 2215 1862 movent
2260 1808 2459 1862 inimici
2497 1807 2607 1873 Dei,
2657 1823 2778 1861 cum
2812 1824 2918 1861 non
2965 1810 3187 1863 latenter
3219 1825 3394 1878 neque

145 1892 277 1944 καὶ
314 1889 809 1959 μισοποιοῦντές
835 1905 905 1942 σε
937 1890 1087 1957 ἦραν
1112 1890 1377 1957 κεφαλήν
1394 1909 1407 1923 ·
1437 1891 1576 1943 κατὰ
1594 1891 1648 1943 δὲ
1674 1891 1762 1944 τὸν

1862 1894 2083 1949 remisse
2112 1895 2420 1963 blasphema
2448 1896 2587 1949 dicta
2614 1904 2802 1949 contra
2834 1896 2997 1950 Deum
3025 1897 3267 1965 proferre
3295 1913 3393 1952 au-

146 1982 550 2049 Σύμμαχον’
592 1979 735 2032 Ἰδοὺ
782 1980 888 2047 γὰρ
924 1982 975 2032 ol
1016 1979 1211 2046 ἐχθροί
1250 1995 1382 2043 σου,
1426 1981 1574 2049 φησὶ,
1619 1996 1765 2033 συν-

151 2088 202 2135 η
209 2087 304 2137 χο
315 2070 462 2133 ῦσι,
506 2069 607 2121 καὶ
631 2072 683 2121 ol
703 2067 1019 2137 μισοῦντές
1054 2083 1126 2121 σε
1148 2069 1452 2135 ἐπαίρουσι
1476 2068 1762 2137 κεφαλήν.

168 2160 452 2228 Ἦχοῦσι
490 2159 547 2211 δὲ
581 2159 676 2210 καὶ
719 2158 1025 2227 ὀχλάζουσιν
1066 2160 1113 2209 οἱ
1158 2158 1336 2229 ἐχθροὶ
1370 2159 1465 2213 τεῦ
1502 2158 1655 2221 Θεοῦ,
1679 2160 1764 2211 ὅτε

154 2248 395 2299 οὐκέτι
446 2246 711 2315 κρύϐδην,
756 2246 874 2299 οὐδὲ
916 2247 1282 2315 πεφεισμένως
1322 2247 1553 2317 τολμῶσι
1594 2263 1767 2318 παρα-

164 2337 555 2405 φθέγγεσθαι
597 2336 693 2397 τὰς
727 2335 862 2388 κατὰ
888 2336 979 2389 τοῦ
1009 2337 1139 2390 Θεοῦ
1173 2336 1536 2406 βλασφημίας’
1568 2338 1667 2407 ήδη
1709 2338 1764 2391 δὲ

163 2428 248 2480 ὲκ
302 2426 415 2479 τοῦ
455 2425 767 2496 προφανοῦς
796 2428 884 2478 καὶ
919 2426 1122 2498 ἀθρόως
1167 2428 1217 2478 οἱ
1258 2428 1451 2489 πάντες
1496 2427 1632 2479 κατὰ
1669 2426 1763 2479 τοῦ

168 2516 337 2570 Θεοῦ
389 2516 467 2567 τὰ
504 2514 641 2568 ἄθεα
684 2515 1036 2585 προφέρονται
1080 2516 1311 2585 ῥήματα,
1352 2517 1504 2568 ὁποῖα
1531 2515 1762 2585 τολμῶσι

172 2606 479 2674 πράττειν
520 2601 663 2653 κατὰ
694 2602 817 2663 τοὺς
849 2601 953 2653 τῶν
985 2602 1231 2671 διωγμῶν
1275 2602 1513 2672 καιρούς.
1550 2600 1678 2655 Εἶτα
1707 2603 1763 2655 δὲ

176 2693 292 2746 καὶ
348 2689 788 2760 ὑψαυχενοῦντες
828 2692 920 2743 καὶ
967 2692 1345 2761 φρυαττόμενω
1393 2693 1489 2763 τὴν
1528 2693 1762 2763 κεφαλὴν

64 2773 69 2779 ’
179 2782 559 2850 ἐπαίρουσιν,
589 2780 675 2831 ὅτε
720 2778 946 2847 μάλιστα
984 2780 1262 2851 ἐπιτριϐὴν
1298 2781 1476 2843 αὐτοῖς
1515 2784 1548 2850 ἡ
1589 2781 1762 2853 σιωπὴ

1862 1982 2015 2049 dent;
2052 1983 2144 2037 sed
2180 1985 2353 2052 palam
2386 1992 2439 2038 et
2467 1985 2748 2038 confertim
2775 2001 2961 2040 omnes
2994 1986 3047 2039 in
3086 1985 3253 2042 Deum
3291 1989 3394 2041 im-

1860 2072 1948 2140 pia
1971 2072 2130 2127 verba
2163 2085 2437 2135 evomunt,
2468 2073 2646 2141 qualia
2678 2076 3107 2141 persecutionum
3149 2084 3391 2145 tempore

1862 2162 2057 2215 audent
2082 2161 2289 2217 ell‘erre.
2324 2161 2521 2217 Deinde
2546 2171 2722 2217 erecta
2749 2164 2959 2218 cervice
2983 2166 3272 2221 frementes
3297 2183 3391 2220 ca-

1863 2258 1957 2319 put
1988 2252 2244 2314 exaltant,
2278 2254 2491 2321 quando
2530 2254 2762 2307 maxime
2806 2255 3077 2307 silentium
3108 2255 3198 2308 Dei
3233 2256 3391 2309 indu-

1862 2340 1973 2396 cias
2018 2341 2149 2409 ipsis
2206 2344 2424 2411 praebet.
2477 2342 2571 2397 His
2627 2359 2757 2397 vero
2803 2353 2965 2411 caput
3009 2344 3387 2408 efferentibus,

1864 2426 1956 2481 Dei
2014 2427 2256 2483 homines
2318 2428 2494 2482 alllicti
2548 2429 2929 2494 humiliantur;
2980 2439 3036 2483 ut
3078 2432 3192 2485 vice
3236 2448 3390 2485 versa

1864 2515 2133 2584 depressis
2164 2518 2397 2573 inimicis
2422 2517 2537 2579 Dei.
2571 2527 2878 2572 sanctorum
2912 2520 3392 2590 religiosorumque

1862 2605 2099 2658 virorum
2124 2609 2300 2676 capita
2320 2610 2645 2662 exaltantur.
2675 2608 2849 2673 Quare
2870 2625 2935 2662 ex
2954 2625 3137 2663 eorum
3161 2626 3392 2678 persona

1863 2694 2057 2747 alicubi
2100 2694 2301 2749 dictum
2349 2704 2431 2751 est
2459 2714 2471 2749 :
2498 2695 2563 2747 Et
2594 2712 2726 2749 nunc
2752 2698 2997 2750 exultavit
3031 2711 3181 2766 caput
3225 2716 3392 2752 meum

1863 2800 2014 2852 super
2036 2787 2269 2840 inimicos
2302 2804 2437 2841 meos
2464 2789 2525 2841 ¹³.

187 2868 291 2922 τοῦ
357 2868 504 2921 Θεοῦ
564 2866 973 2937 κατεργάζεται.
1043 2869 1251 2921 Τούτων
1281 2870 1337 2922 δὲ
1397 2871 1494 2940 τὴν
1528 2871 1765 2942 κεφαλὴν
1821 2875 2111 2946 αξρόντων,
2174 2880 2221 2929 οἱ
2278 2877 2369 2929 τοῦ
2432 2876 2564 2930 Θεοῦ
2616 2876 2885 2947 ἄνθρωποι
2944 2880 3393 2949 καταπονούμενοι

64 2958 81 2981 ”
188 2958 625 3010 ταπεινοῦνταιι
689 2955 763 3018 ὡς
820 2955 1045 3026 ἔμπαλιν
1106 2959 1528 3030 ταπεινουμένων
1588 2962 1694 3014 τῶν
1735 2963 1939 3033 ἐχθρῶν
1974 2965 2067 3018 τοῦ
2096 2968 2227 3020 Θεοῦ
2270 2968 2325 3020 αἱ
2368 2968 2475 3021 τῶν
2518 2968 2683 3035 ἁγίων
2735 2970 2825 3019 καὶ
2872 2968 3126 3037 θεοφιλῶν
3185 2970 3392 3040 ἀνδρῶν

192 3046 447 3114 κεφαλαὶ
487 3044 766 3112 ὑψοῦνται.
814 3046 902 3099 Διὸ
939 3048 1145 3117 εἴρηταί
1183 3066 1284 3101 που
1326 3050 1381 3103 ἐξ
1424 3049 1597 3103 αὐτῶν
1634 3052 1918 3123 προσώπου
1944 3055 2021 3106 τό’
2082 3058 2191 3110 Καὶ
2267 3057 2382 3111 νῦν
2428 3059 2631 3125 ὕψωσε
2679 3058 2949 3127 κεφαλήν
3002 3077 3118 3127 μου
3166 3060 3255 3111 ἐπ’
3296 3060 3394 3126 ἐχ-

70 3128 92 3157 ﬁ
197 3138 393 3202 θρούς
422 3153 569 3204 μου.

286 3246 423 3298 Ἐπὶ
459 3245 571 3298 τὸν
599 3247 751 3300 λαόν
777 3260 890 3299 σου
930 3248 1584 3315 κατεπανουρτεύσαντο
1618 3248 1760 3317 γνώ-

1926 3247 2090 3301 Vens.
2121 3247 2175 3310 4,
2208 3247 2261 3301 5.
2302 3247 2469 3314 Super
2503 3249 2748 3314 populum
2794 3258 2939 3300 tuum
2978 3248 3391 3314 malignaverunt

87 3398 97 3406 _
198 3354 354 3405 μην,
385 3334 487 3387 καὶ
518 3335 954 3389 ἐϐουλεύσαπο
977 3335 1122 3387 κατὰ
1144 3334 1259 3387 τῶν
1289 3336 1467 3403 ἁγίων
1491 3351 1623 3391 σου,
1664 3336 1761 3391 Εἴ..

88 3418 99 3481 ί
202 3438 332 3478 παν
355 3442 371 3455 ·
438 3424 640 3485 Δεῦτε,
700 3424 796 3476 καὶ
854 3424 1365 3492 ὲξολοθρεύσωμεν
1421 3426 1636 3491 αὐτοὺς
1694 3426 1762 3490 ἐξ

86 3514 97 3523 ’
204 3517 451 3579 ἔθνους,
482 3513 584 3568 καὶ
609 3515 681 3566 οὐ
702 3512 787 3580 μὴ
810 3511 1051 3580 μνησθῇ
1079 3513 1143 3564 τὸ
1176 3512 1357 3581 ὄνομα
1393 3515 1622 3581 Ἰσραὴλ
1657 3517 1757 3570 ἔτι.

208 3606 472 3657 Δυσωπεῖ
499 3602 593 3653 τὸν
617 3601 746 3653 Θεὸν
775 3602 803 3653 ὀ
821 3600 1103 3670 Προφήτης
1131 3601 1188 3652 ὲν
1211 3601 1348 3669 ἁγίῳ
1375 3602 1660 3672 Πνεῦματι,
1678 3604 1764 3657 διὰ

82 3670 101 3700 ς
213 3694 310 3747 τοῦ
335 3691 795 3761 ὑπομιμνήσκειν,
820 3688 893 3751 ὡς
922 3688 1025 3756 ἄρα
1056 3689 1178 3751 λαὸς
1205 3690 1364 3742 αὑτοῦ
1392 3670 1625 3758 γεγόνοιο
1645 3693 1760 3762 (sic)

210 3785 282 3835 τὰ
332 3779 578 3834 τοσαῦτα
626 3776 920 3839 πεπονθώς.
974 3774 1104 3831 Εἶτα
1135 3778 1227 3831 καὶ
1273 3779 1380 3831 τῶν
1426 3783 1483 3832 ὲν
1525 3780 1599 3850 τῷ
1652 3782 1763 3852 λαῷ

212 3868 635 3941 διαλαμψάντων
680 3865 842 3917 πάλαι
874 3865 1128 3935 πρότερον
1165 3866 1329 3933 ἁγίων
1368 3867 1461 3921 τοῦ
1492 3868 1622 3922 Θεοῦ
1670 3870 1763 3939 μέ-

216 3978 439 4030 μνηται,
486 3957 738 4025 δεόμενος
782 3956 873 4007 καὶ
903 3955 1185 4007 ἀντιϐολῶν
1226 3957 1297 4027 μὴ
1341 3956 1446 4009 τῶν
1486 3959 1544 4009 ἐν
1584 3960 1762 4021 αὺτοῖς

212 4050 429 4102 ἀσεϐῶν
468 4048 568 4101 καὶ
602 4045 944 4115 παρανόμων,
988 4046 1158 4113 μόνων
1196 4046 1250 4098 δὲ
1274 4048 1378 4100 τῶν
1409 4047 1574 4114 ἁγίων
1600 4049 1760 4102 αὐτοῦ

215 4138 552 4209 μνησθῆναι,
586 4135 678 4187 καὶ
715 4134 781 4185 δι’
814 4134 1004 4196 αὐτοὺς
1033 4134 1091 4186 τὸ
1124 4136 1228 4187 πᾶν
1252 4136 1565 4206 κατελεῆσαι
1594 4137 1759 4201 ἔθνος.

226 4226 526 4280 ’Δκόλουθα
555 4224 611 4275 δὲ
651 4223 829 4283 αὐτοῖς
869 4222 1138 4286 ποιοῦντες
1177 4226 1224 4277 οί
1261 4226 1440 4296 ἐχθροὶ
1475 4228 1567 4280 τοῦ
1607 4228 1759 4293 Θεοῦ,

214 4316 310 4368 τὸν
340 4315 471 4368 λαὸν
515 4311 683 4365 αὐτοῦ
712 4310 1019 4379 πολεμοῦσι,
1055 4316 1353 4385 πανουργίᾳ
1381 4314 1641 4386 χρώμενοι
1672 4319 1763 4369 καὶ

215 4406 373 4475 δόλῳ,
409 4404 550 4475 πρὸς
582 4402 643 4454 τὸ
671 4401 986 4454 καταϐαλεῖν
1023 4403 1182 4455 αὑτὸν
1209 4405 1300 4456 καὶ
1338 4406 1634 4476 ἀποστῆσαι
1667 4408 1761 4477 τῆς

214 4494 313 4547 τοῦ
363 4493 500 4546 Θεοῦ
532 4491 829 4552 εὐσεϐείας.
860 4490 949 4541 Διὸ
985 4490 1250 4544 λέλεκται·
1299 4494 1417 4547 Ἐπὶ
1461 4496 1566 4547 τὸν
1613 4498 1762 4551 λαόν

215 4600 335 4636 σου
379 4581 1045 4648 κατεπανουρνεύσαντο
1076 4582 1328 4649 γνώμην,
1371 4585 1464 4637 καὶ
1494 4586 1762 4639 ἐϐουλεύ-
1791 4566 1833 4620 Ῐ)

214 4689 405 4726 carro
435 4672 591 4725 κατὰ
617 4668 733 4721 τῶν
758 4669 936 4735 ἁγίων
958 4683 1090 4722 σου.
1114 4671 1506 4741 Μεμελημένως
1540 4674 1646 4742 γὰρ
1671 4674 1761 4725 καὶ

216 4760 699 4833 πεφροντισμένως
736 4757 976 4827 μηχανάς
1005 4775 1150 4821 τινας
1197 4760 1451 4830 κρυφίους
1494 4763 1630 4815 κατὰ
1665 4763 1758 4815 τοῦ

215 4850 347 4901 λαοῦ
378 4848 475 4902 τοῦ
505 4845 643 4900 Θεοῦ
674 4844 976 4906 καττύουσι,
1008 4847 1144 4897 κατά
1180 4865 1236 4899 τε
1274 4848 1379 4901 τῶν
1407 4849 1574 4916 ἁγίων
1600 4852 1758 4904 αὑτοῦ

215 4936 512 4997 ἐπιϐουλὰς
564 4933 1065 4996 κατασκευάζονται,
1110 4935 1175 4985 δι’
1221 4936 1313 4988 ἕνα
1360 4938 1554 4989 σκοπὸν
1595 4940 1653 4992 ὃν
1700 4943 1757 4995 ἐν

216 5025 431 5086 ἑαυτοῖς
466 5019 789 5091 προθέμενοί
816 5035 964 5086 φασι·
997 5020 1186 5084 Δεῦτε,
1220 5020 1759 5088 καὶέξολοθρεύσω-

209 5129 329 5179 μεν
347 5111 572 5173 αὐτοὺς
595 5108 662 5171 ἐξ
686 5110 911 5172 ἔθνους,
933 5108 1025 5160 καὶ
1047 5111 1116 5161 οὐ
1135 5108 1218 5175 μὴ
1236 5107 1474 5175 μνησθῇ
1492 5109 1557 5161 τὸ
1579 5110 1759 5179 ὄνομα

214 5202 325 5253 τοῦ
362 5199 603 5267 Ἰσραὴλ
627 5198 731 5250 ἔτι.
766 5199 827 5250 Οἱ
862 5199 957 5266 μὲν
991 5195 1083 5251 οὖν
1108 5198 1355 5265 θεομάχοι
1394 5199 1454 5250 οὐ
1488 5198 1756 5265 βούλονται

219 5290 285 5338 ἐν
325 5287 632 5357 ἀνθρώποις
672 5284 819 5347 ἔθνος
848 5284 979 5336 Θεοῦ
1030 5284 1341 5352 ὑφεστάναι·
1393 5283 1522 5335 ἀλλὰ
1565 5287 1659 5338 καὶ
1698 5290 1760 5341 τὸ

216 5378 388 5454 δνομα
407 5377 503 5429 τοῦ
542 5376 753 5445 Ἰσραὴλ
780 5374 1145 5444 ἐξαλειφθῆναι
1181 5372 1579 5436 σπουδάζουσιν.
1613 5376 1671 5428 Ὀ
1702 5377 1759 5431 δὲ

220 5465 374 5529 Θεδς,
408 5466 495 5519 ἀεὶ
522 5465 671 5525 ἔθνος
700 5464 870 5532 ἑαυτῷ
892 5465 979 5515 ἐπὶ
1005 5464 1098 5533 γῆς
1117 5462 1464 5529 καταρτίζων,
1494 5463 1630 5531 μετὰ
1659 5466 1759 5534 τὴν

222 5555 321 5606 τοῦ
353 5555 613 5624 προτέρου
637 5552 759 5604 λαοῦ
784 5554 975 5605 πτῶσιν
1002 5555 1089 5623 τὴν
1115 5550 1171 5612 ἐξ
1202 5549 1372 5601 ἐθνῶν
1396 5554 1758 5621 συνεστήσατο

312 5706 352 5737 ⁸³
387 5705 525 5760 Psal.
565 5720 702 5765 xui,
738 5704 787 5754 6.

1862 3338 2157 3399 consilium,
2207 3347 2255 3388 et
2304 3339 2652 3404 cogitaverunt
2702 3335 2945 3389 adversus
2997 3346 3200 3389 sanctos
3252 3346 3387 3390 tuos.

1861 3429 2117 3481 Dixerunt
2140 3442 2158 3480 :
2183 3426 2357 3479 Venite
2377 3435 2423 3478 et
2452 3425 2807 3493 disperdamus
2828 3442 2912 3479 eos
2943 3426 3006 3478 de
3025 3436 3188 3494 gente,
3217 3434 3264 3478 et
3287 3442 3391 3480 non

1861 3526 2170 3571 memoretur
2191 3530 2372 3568 nomen
2404 3513 2571 3568 Israel
2595 3516 2757 3566 ultra.
2792 3514 2955 3568 Deum
2983 3515 3231 3568 obsecrat
3256 3509 3393 3568 Pro-

1859 3607 2015 3676 pheta
2048 3607 2100 3659 in
2126 3604 2330 3674 Spiritu
2356 3610 2561 3664 sancto,
2586 3618 2810 3657 monens
2837 3617 2980 3666 eum,
3012 3604 3103 3672 qui
3132 3604 3259 3656 talia
3291 3620 3389 3673 pa-

1860 3698 2010 3758 titur,
2046 3694 2300 3765 populum
2337 3691 2457 3762 ejus
2506 3708 2646 3746 esse.
2675 3690 2786 3744 Sub
2820 3692 2932 3745 haec
2977 3701 3155 3746 autem
3181 3708 3388 3756 eorum,

1858 3787 1950 3856 qui
1978 3786 2031 3838 in
2064 3784 2259 3854 populo
2284 3782 2393 3851 jam
2420 3782 2544 3835 olim
2588 3781 2863 3849 conspicui
2895 3781 3132 3843 fuerunt,
3171 3789 3388 3834 sancto-

1860 3890 1978 3929 rum
2010 3873 2102 3928 Dei
2134 3873 2397 3935 meminit,
2439 3872 2747 3940 supplicans
2776 3871 3195 3939 obsecransque,
3237 3877 3297 3923 ut
3324 3885 3392 3924 ne

1860 3964 2145 4033 impiorum
2182 3963 2669 4029 sceleratorumque
2709 3961 2762 4013 in
2794 3961 3010 4028 populo,
3050 3960 3145 4014 sed
3173 3968 3391 4015 sancto-

1858 4070 1977 4109 rum
2019 4068 2238 4109 suorum
2286 4050 2636 4105 recordetur:
2666 4063 2958 4117 eorumque
3005 4050 3176 4118 gratia
3222 4055 3389 4101 totam

1858 4150 2064 4211 gentem
2088 4139 2454 4193 misericordia
2475 4138 2653 4191 donet.
2686 4134 2871 4189 Allinia
2898 4143 3073 4189 autem
3106 4135 3390 4203 impiorum

1859 4231 2025 4300 gestis
2070 4236 2439 4299 perpetrantes
2468 4227 2668 4280 inimici
2706 4224 2818 4287 Dei,
2856 4224 3108 4293 populum
3152 4225 3270 4291 ejus
3298 4239 3390 4291 op-

1860 4328 2120 4389 pugnant,
2163 4320 2397 4373 versutia
2430 4325 2639 4371 utentes
2680 4324 2734 4371 et
2774 4316 2918 4380 dolo,
2950 4323 3008 4367 ut
3044 4314 3215 4383 ipsum
3252 4314 3389 4382 deji-

1859 4410 2002 4463 ciant
2036 4416 2089 4463 et
2136 4423 2167 4461 a
2211 4408 2405 4477 pietate
2451 4420 2575 4475 erga
2619 4405 2782 4458 Deum
2836 4411 3095 4457 avertant.
3125 4402 3388 4467 Quocirca

1860 4497 2060 4550 dictum
2116 4494 2433 4562 est:Super
2480 4494 2723 4562 populum
2778 4500 2921 4543 tuum
2980 4491 3387 4559 mallgnaverunt

1862 4585 2154 4649 consilium,
2196 4594 2245 4637 et
2299 4584 2649 4652 cogitaverunt
2698 4582 2941 4633 adversus
2991 4588 3199 4633 sanctos
3247 4588 3384 4632 tuos.

1863 4668 2099 4723 Meditati
2127 4668 2271 4722 enim
2297 4683 2419 4721 cum
2461 4665 2820 4721 sollicitudine
2844 4666 3104 4733 quasdam
3146 4666 3389 4719 occultas

1862 4758 2137 4811 machinas
2165 4766 2350 4811 contra
2378 4756 2627 4824 populum
2660 4753 2751 4808 Del
2780 4756 3073 4815 instruunt,
3098 4764 3151 4808 et
3183 4754 3388 4808 sanctis

1860 4846 1979 4914 ejus
2004 4846 2227 4900 insidias
2269 4852 2478 4914 parant,
2509 4857 2591 4905 ac,
2621 4843 2690 4897 ob
2716 4857 2878 4895 unum
2906 4856 3062 4909 quem
3112 4842 3167 4894 in
3207 4842 3388 4894 animo

1862 4942 2165 5004 proponunt
2208 4948 2449 5001 scopum,
2500 4931 2649 4984 aiunt
2684 4950 2696 4984 :
2742 4931 2913 4984 Venite
2946 4938 2994 4981 et
3020 4929 3386 4996 disperdamus

1861 5042 1946 5078 eos
1975 5026 2036 5078 de
2075 5034 2236 5094 gente,
2276 5035 2321 5077 et
2353 5038 2454 5077 non
2486 5032 2794 5076 memoretur
2816 5035 2997 5073 nomen
3024 5018 3197 5071 Israel
3224 5019 3387 5072 ultra.

1861 5114 2067 5168 Inimici
2101 5115 2280 5182 itaque
2309 5112 2399 5167 Dei
2440 5112 2692 5180 populum
2722 5111 2813 5165 Dei
2843 5110 2898 5161 in
2929 5107 3241 5161 hominibus
3261 5122 3392 5159 con-

1862 5207 2051 5259 sistere
2103 5205 2289 5258 nolunt
2326 5222 2339 5255 :
2377 5202 2503 5271 quin
2532 5204 2691 5255 etiam
2720 5198 2937 5255 lsraelis
2972 5210 3174 5248 nomen
3222 5197 3400 5249 delere

1861 5301 2129 5364 satagunt.
2164 5294 2302 5347 Deus
2324 5306 2448 5345 vero
2475 5299 2596 5361 post
2627 5291 2824 5361 prioris
2853 5285 3035 5355 pepuli
3065 5284 3290 5335 ruinam
3311 5298 3405 5350 po-

1858 5386 2040 5454 pulum
2091 5384 2190 5439 sihi
2230 5396 2437 5451 semper
2470 5380 2524 5434 in
2572 5390 2713 5436 terra
2761 5390 2986 5448 parans,
3035 5388 3103 5425 ex
3154 5371 3415 5438 gentibus

1860 5470 2147 5523 Ecclesiam
2185 5466 2484 5528 constituit,
2529 5482 2720 5521 novam
2754 5471 3137 5530 nuperamque
3175 5461 3422 5523 gentem,

1860 5574 1922 5611 ex
1963 5556 2206 5626 gentibus
2236 5569 2329 5622 per
2359 5561 2528 5607 totum
2561 5556 2743 5609 orbem
2788 5549 3075 5605 sclectam.
3110 5542 3343 5595 Idcirco
3376 5544 3434 5591 et
