3834 6382
172 360 305 411 997

1325 362 1813 417 COMMENTARIA
1851 361 1915 416 IN
1952 362 2283 420 PSALMOS.

3269 367 3372 424 998

171 476 292 528 καὶ
356 475 568 538 τούτοις
631 479 932 546 συμμάχοις
980 477 1270 547 χρώμενος,
1318 477 1412 546 τὴν
1453 477 1748 547 παράταξιν

1854 477 2090 532 Moabitae
2115 495 2128 529 :
2163 493 2285 531 nam
2317 476 2371 530 hi
2403 476 2510 530 duo
2538 475 2627 529 lilii
2655 475 2755 530 Lot
2783 475 2930 530 l'uere
2949 513 2964 538 ,
2995 475 3150 531 Moab
3175 485 3230 532 et
3253 481 3383 532 Am-

170 564 507 632 ὲποιήσατο
529 578 542 590 '
597 565 729 632 ὁμοῦ
773 582 830 616 τε
863 565 1052 627 πάντες
1089 566 1138 616 οἱ
1174 564 1758 634 προλεχθέντεςέγενή-

171 655 410 716 θησαν
464 653 550 716 εὶς
597 652 920 720 ἀντίληψιν
962 653 1080 717 τοῖς
1107 652 1252 714 υἱοῖς
1287 652 1430 705 Λώτ.
1475 652 1612 704 ’Λνθ“
1635 647 1694 705 οὗ
1725 653 1753 703 6

174 739 296 807 μὲν
350 740 609 802 Ἀκύλας,
653 741 974 809 Ἐγένοντο,
1008 741 1157 811 φησὶ,
1181 741 1447 807 βραχίων
1475 740 1756 806 τοῖςυίοῖς

171 827 364 880 Λώτ·
395 831 424 880 6
477 829 534 880 δὲ
583 827 898 898 Σύμμαχος,
942 829 1237 898 Ἐγένοντο
1291 831 1586 898 σύμμαχοι
1634 831 1755 896 τοῖς

169 917 352 981 υἱοῖς
382 918 536 970 Λώτ.
565 918 684 970 Υἱοὶ
712 919 766 970 δὲ
799 919 918 971 Λὼτ
951 915 1085 988 ἦσαν
1131 921 1446 988 Ἀμμανῖται
1477 920 1568 970 καὶ
1595 921 1758 972 Μωα-

175 1009 342 1060 ϐῖται
368 1025 385 1038 ο
411 1008 507 1060 δύο
536 1008 642 1078 γὰρ
675 1004 817 1061 οῦτοι
855 1010 1134 1075 γεγόνασιν
1165 1009 1267 1060 υἱοὶ
1290 1008 1379 1061 τοῦ
1411 1008 1552 1071 Λὼτ,
1586 1009 1754 1061 Μωὰϐ

176 1097 285 1149 καὶ
363 1097 618 1166 Ἀμμών.
677 1097 856 1150 Ταῦτα
882 1098 934 1149 δὲ
971 1099 1050 1150 ὅτι
1084 1099 1215 1167 μηδὲ
1250 1099 1432 1151 ἄλλοτε
1461 1098 1757 1167 ἐπληροῦτο

175 1187 210 1258 ἢ
279 1187 446 1241 κατὰ
501 1188 629 1250 τοὺς
678 1188 966 1258 Ἀσσυρίων
1001 1189 1234 1258 χρόνους,
1272 1189 1454 1257 σαφῶς
1488 1189 1521 1257 ἡ
1552 1188 1755 1258 ἱστορία

176 1279 529 1348 παρίστησι.
565 1279 636 1330 Τὸ
665 1278 952 1348 τηνικαῦτα
985 1279 1090 1346 γὰο
1123 1281 1293 1332 πάντα
1322 1281 1387 1332 τὰ
1415 1281 1477 1330 ἐκ
1506 1279 1755 1345 γειτόνων

174 1368 318 1438 ³1έθινη
354 1368 788 1437 διαφθονούμενα
819 1371 883 1438 τῇ
928 1369 1268 1441 Ἰερουσαλὴμ
1307 1367 1498 1438 καὶτῷ
1531 1369 1588 1420 ὲν
1622 1369 1753 1437 αὐτῇ

175 1459 583 1527 γεγραμμένῳ
612 1458 688 1526 (1)
720 1456 825 1525 ναῷ
854 1457 942 1508 τοῦ
971 1457 1122 1520 Θεοῦ,
1143 1457 1374 1526 διψῶντα
1401 1473 1459 1508 τε
1486 1457 1583 1526 τὴν
1608 1454 1756 1508 ἀπώ-

1855 583 2000 620 mon.
2046 567 2167 620 [iam
2210 581 2370 635 porro
2408 581 2515 619 non
2557 567 2662 618 alio
2690 579 2850 634 quam
2877 566 3217 636 Assyriorum
3246 577 3384 624 tem-

1854 671 1981 724 pore
2003 667 2150 725 gesta
2179 656 2344 710 fuisse
2371 664 2550 724 aperte
2576 663 2756 709 narrat
2786 654 3033 710 historia.
3061 657 3158 710 Illo
3186 659 3383 729 quippe

1851 760 1964 798 aevo
1994 761 2179 800 omnes
2212 745 2418 798 ﬁnitimi
2449 745 2629 814 populi
2655 744 3034 814 Hierosolyma!
3065 753 3118 800 et
3145 745 3216 809 ei,
3239 751 3382 816 quod

1856 833 1908 886 in
1940 830 2211 901 Scriptura
2238 831 2424 896 fertur,
2452 832 2647 900 templo
2676 831 2766 884 Dci
2793 831 2914 885 istic
2937 832 3110 900 posito
3134 833 3382 888 inviden-

1855 928 1966 982 tes,
1996 920 2391 988 perniciemque
2429 919 2594 972 totius
2622 917 2856 973 Judaicae
2893 921 3065 988 gentis
3108 921 3380 986 sitientes,

1855 1012 1959 1060 una
1985 1008 2256 1060 irruerunt
2281 1013 2468 1059 contra
2500 1007 2619 1059 illos
2639 1045 2652 1066 ,
2688 1006 3098 1075 Babyloniorum
3131 1011 3384 1076 potentiae

1855 1106 1908 1151 et
1937 1098 2252 1152 commilitio
2281 1097 2561 1164 adscripti.
2599 1095 2749 1149 Tunc
2786 1097 2963 1150 multa:
3000 1097 3261 1152 adversus
3287 1113 3383 1151 eos

1857 1196 2042 1255 gentes
2075 1186 2308 1255 Assyriis
2345 1187 2661 1239 auxiliantes
2699 1192 2900 1239 coactze
2930 1193 3074 1240 sunt.
3107 1185 3174 1238 At
3209 1201 3384 1254 neque

1857 1277 2119 1329 Antiocho
2153 1292 2326 1345 neque
2357 1275 2642 1340 Romanis,
2678 1276 2733 1328 in
2767 1283 3034 1344 postrema
3065 1275 3378 1338 obsidione,

1857 1373 2040 1434 gentes
2085 1364 2234 1433 prius
2288 1371 2640 1428 enumerata,
2681 1366 2733 1418 in
2768 1367 2906 1420 bello
2945 1373 3132 1419 contra
3167 1364 3383 1420 Judaaos

1858 1454 2041 1514 initio,
2079 1467 2231 1521 opem
2263 1453 2449 1505 tulisse
2477 1453 2743 1508 videntur.

175 1557 347 1608 λειαν
363 1549 466 1600 τοῦ
497 1551 695 1612 παντὸς
729 1550 986 1602 Ἰουδαίων
1019 1550 1217 1613 ἔθνους,
1251 1549 1381 1620 ὁμοῦ
1414 1545 1503 1602 οῦν
1527 1549 1775 1602 ἐπέθεντο
1797 1549 1913 1600 κατ’
1947 1547 2119 1598 αὐτῶν
2150 1549 2213 1615 τῇ
2241 1545 2344 1597 τῶν
2363 1545 2707 1598 Βαϐυλωνίων
2768 1547 3044 1617 δυναστεία
3100 1547 3385 1618 συμμαχή-

180 1659 397 1695 σαντα.
434 1641 576 1692 Τότε
615 1641 712 1708 μὲν
741 1637 830 1694 οὖν
860 1640 1024 1693 πολλὰ
1050 1641 1277 1710 συνῆκτο
1326 1642 1440 1694 κατ’
1471 1641 1644 1694 αὐτῶν
1667 1639 1734 1691 τὰ
1751 1644 1860 1702 τοῖς
1893 1639 2188 1708 Ἀσσυρίοις
2201 1636 2581 1707 συμμαχοῦντα
2609 1637 2753 1708 ἔθνη.
2779 1639 2911 1690 Οῦτε
2943 1639 2996 1690 δὲ
3025 1639 3159 1692 κατὰ
3191 1639 3386 1692 Ἀντίο-

177 1752 303 1805 χον,
334 1733 471 1785 οὔτε
496 1734 634 1786 κατὰ
665 1735 762 1804 τὴν
790 1734 1018 1802 ὑστάτην
1089 1734 1412 1803 πολιορκίαν,
1450 1733 1514 1786 τὰ
1573 1732 2121 1804 προκατηριθμημένα
2165 1731 2287 1800 ἔθνη
2317 1730 2556 1797 φαίνεται
2595 1733 3015 1800 συμμαχήσαντα
3081 1729 3382 1799 Ῥωμαίοις,

176 1825 444 1895 ὁπηνίκα
481 1826 572 1878 τὸν
614 1824 748 1895 πρὸς
789 1825 1064 1888 Ἰουδαίους
1088 1828 1469 1896 συνεστήσαντο
1501 1826 1748 1894 πόλεμον.

252 1944 548 2009 Ποίησον
571 1943 770 2007 αὐτοῖς
797 1944 876 2008 ὠς
901 1943 974 2010 τῇ
1003 1943 1228 1996 Μαδιὰν
1255 1944 1348 1996 καὶ
1383 1944 1460 2007 τῷ
1491 1942 1711 2010 Σισὰρῃ
1731 1983 1744 2004 ,

1917 1936 2080 1990 Vens.
2123 1935 2307 2005 10-12.
2350 1932 2462 1986 Fac
2490 1934 2596 1986 illis
2636 1935 2767 1987 sicut
2807 1933 3028 1986 Madian
3061 1944 3109 1988 et
3149 1936 3382 2000 δίκαι-α’,

176 2035 256 2098 ὡς
288 2033 383 2097 τῷ
430 2034 606 2100 Ἰαϐὶμ
635 2034 704 2085 ἐν
727 2032 803 2097 τῷ
833 2034 1114 2101 καμὰρῤῳ
1134 2033 1342 2089 Κισών.
1380 2034 1753 2100 Ἐεωλοθρεύ-

175 2125 406 2187 θησαν
430 2120 504 2172 ἐν·
534 2119 794 2187 Ἀενδὼρ,
822 2120 1186 2190 ἐγενήθησαν
1233 2122 1372 2174 ὡσεὶ
1423 2122 1636 2186 κόπρος
1680 2119 1753 2187 τῇ

173 2204 283 2273 τῇ.
323 2206 455 2258 Θοῦ
487 2206 627 2272 τοὺς
661 2207 949 2275 ἄρχοντας
983 2206 1176 2261 αὐτῶν
1209 2209 1289 2272 ὠς
1319 2208 1422 2260 τὸν
1457 2207 1628 2274 Ὡρὴό
1658 2209 1751 2260 καὶ

173 2294 318 2361 2ὴό
387 2294 491 2348 καί
549 2295 719 2348 Ζεϐεὲ
774 2295 870 2348 καὶ
916 2295 1220 2364 Σαλμωνᾶ.
1287 2296 1517 2349 Τοιαῦτα
1570 2295 1752 2348 θεσπί-

176 2383 266 2446 ζει
319 2383 588 2451 γενέσθαι
619 2386 729 2444 τοῖς
760 2383 1125 2452 προλεχθεῖσιν
1159 2384 1361 2438 ἔθνεσιν
1392 2387 1420 2437 6
1447 2387 1750 2454 Προφήτης,

173 2475 361 2526 ὁποῖα
411 2475 480 2542 τῇ
527 2472 748 2541 Μαδιὰμ
800 2472 990 2540 καὶτῷ
1023 2474 1244 2543 Σισάρᾳ,
1277 2473 1468 2541 καὶτῷ
1500 2474 1672 2542 Ἰαϐὶμ
1697 2476 1754 2526 ἐν

173 2563 260 2632 τῷ
299 2561 606 2632 χειμάρρῳ
631 2561 809 2614 Κισὼν
842 2562 1032 2630 συνέϐη
1063 2563 1191 2615 ποτέ
1215 2579 1228 2593 ⁶
1255 2564 1442 2626 οἵτινες
1466 2562 1598 2632 ὁμοῦ
1624 2563 1756 2615 πάν-

173 2667 274 2713 τες
325 2649 810 2719 ὲξωλοθρεύθησαν
863 2651 918 2702 ὲν
976 2650 1200 2720 Ἀενδὼρ
1225 2691 1239 2714 ,
1293 2653 1383 2706 καὶ
1428 2653 1754 2723 ἐγενήθησαν

175 2741 323 2792 ὡσεὶ
388 2739 595 2808 κόπρος
650 2742 714 2810 τῇ
737 2743 826 2809 γῇ.
862 2741 1017 2793 Ἀλλὰ
1053 2744 1145 2794 καὶ
1175 2743 1297 2802 τοὺς
1344 2743 1602 2812 ἄρχοντας
1650 2743 1754 2797 τῶν

173 2826 616 2900 προλεχθέντων
665 2825 828 2880 ἐθνῶν
861 2828 1078 2880 τοιαῦτα
1140 2829 1328 2883 πενθεῖν
1377 2830 1550 2894 ἀξιοῖ,
1598 2834 1753 2886 ὁποῖα

177 2913 544 2970 πεπόνθασιν
613 2914 773 2984 Ὠρὴϐ
821 2915 912 2966 καὶ
949 2915 1056 2985 Ζὴϐ
1097 2917 1189 2969 καὶ
1231 2916 1389 2970 Ζεϐεὲ
1415 2918 1504 2970 καὶ
1537 2919 1754 2989 Σαλμω-

175 3009 305 3069 νᾶς.
346 3003 574 3056 Τούτων
588 3003 644 3055 δὲ
672 3004 881 3057 πάντων
914 3003 1008 3073 τὴν
1043 3005 1271 3075 ἱστορίαν
1313 3006 1558 3076 εὑρήσεις
1606 3010 1660 3060 ὲν
1687 3011 1751 3078 τῇ

179 3099 372 3169 βίϐλῳ
420 3094 727 3164 φερομένην
769 3093 873 3146 τῶν
933 3093 1164 3164 Κριτῶνο
1202 3094 1326 3147 ἔνθα
1351 3096 1443 3148 καὶ
1487 3099 1515 3149 6
1550 3097 1752 3168 Σισὰρα

177 3190 280 3243 καὶ
303 3188 338 3238 6
382 3183 574 3246 Ἰαϐὶς,
606 3183 699 3236 καὶ
716 3184 764 3234 οἱ
789 3181 959 3236 λοιποὶ
974 3184 1462 3254 κατωνομασμένοι,
1478 3186 1645 3238 ὁπόσα
1661 3187 1753 3240 καὶ

1853 2029 1983 2081 sicut
2011 2025 2172 2077 Jubin
2197 2027 2250 2076 in
2280 2033 2505 2076 torrente
2543 2021 2721 2076 Cison.
2761 2022 3118 2089 Dispericrunt
3154 2027 3210 2078 in
3246 2026 3386 2080 xEn—

1850 2118 1966 2180 dor,
1998 2116 2127 2185 facti
2152 2125 2268 2167 sunt
2300 2124 2358 2165 ut
2387 2123 2583 2167 stercus
2624 2121 2792 2166 εει-ηε.
2828 2112 2970 2166 Pone
3006 2116 3259 2182 principes
3296 2134 3384 2170 eo-

1851 2225 1965 2260 rum
1995 2209 2127 2261 sicut
2161 2205 2290 2259 Oreb
2321 2213 2370 2256 et
2397 2203 2499 2255 Zeb
2529 2212 2576 2255 et
2603 2201 2760 2256 Zebee
2795 2213 2843 2257 et
2874 2203 3142 2258 Salmona.
3185 2204 3382 2260 Eadem

1851 2297 2159 2352 memoratis
2201 2295 2449 2364 gentibus
2503 2293 2684 2346 futura
2723 2293 3047 2346 vaticinatur
3082 2293 3379 2363 Pwpneta,

1851 2404 1969 2457 qua:
2005 2387 2131 2440 olim
2172 2383 2381 2438 Madian
2409 2422 2425 2446 ,
2467 2381 2665 2437 Sisara:
2689 2421 2705 2445 ,
2745 2389 2798 2436 et
2833 2380 3007 2434 Jabim
3048 2382 3100 2435 in
3141 2390 3383 2438 torrente

1851 2475 2013 2528 Cison
2065 2473 2453 2539 contigerunt:
2514 2471 2609 2540 qui
2665 2485 2852 2524 omnes
2902 2471 3263 2540 disperierunt
3324 2475 3380 2528 in

1851 2561 2086 2624 Endor,
2127 2569 2180 2614 et
2227 2560 2355 2614 facti
2399 2570 2522 2615 sunt
2566 2567 2626 2614 ut
2673 2571 2882 2614 stercus
2923 2567 3099 2615 terra).
3149 2562 3231 2615 Ad
3271 2563 3384 2618 hac

1851 2653 2010 2706 etiam
2062 2651 2336 2719 principes
2386 2650 2763 2720 praedictorum
2825 2651 3145 2718 populorum
3197 2653 3384 2706 eadem

1851 2740 2054 2809 perpeti
2102 2746 2292 2808 rogat‘,
2329 2755 2445 2808 qua:
2483 2738 2622 2793 Oreb
2664 2748 2714 2792 et
2757 2737 2863 2793 Zeb
2902 2747 2956 2793 et
2984 2738 3156 2795 Zebee
3186 2747 3238 2794 et
3267 2739 3384 2794 Sal-

1852 2843 2061 2884 monas.
2101 2828 2301 2883 Horum
2343 2843 2502 2898 porro
2545 2829 2781 2883 omnium
2821 2829 3100 2884 historiam
3149 2830 3385 2899 reperias

1853 2916 1905 2970 in
1940 2916 2075 2970 libro
2108 2915 2388 2978 Judicum,
2431 2916 2520 2969 ubi
2558 2931 2676 2984 qua:
2717 2914 2900 2970 Sisara
2938 2923 2990 2970 et
3026 2915 3183 2970 Jabin
3221 2927 3384 2985 atque

1852 3005 1976 3068 alii,
2006 3005 2099 3073 qui
2129 3020 2290 3073 supra
2319 3011 2688 3069 recensentur,
2718 3010 2903 3057 contra
2935 3002 3183 3060 lsraeletn
3211 3003 3381 3058 moliti

1852 3100 2013 3155 sunt,
2040 3103 2091 3148 et
2119 3108 2236 3161 qua:
2267 3093 2424 3146 iidem
2454 3098 2583 3145 stmt
2611 3093 2889 3160 perpessi,
2920 3090 3199 3161 Scriptura
3226 3107 3383 3146 enar-

1852 3187 1935 3232 rat
1965 3181 2028 3234 ⁸⁵.
2081 3179 2156 3233 Eo
2195 3191 2372 3233 autem
2411 3181 2716 3240 mittemus,
2759 3179 2805 3232 si
2844 3194 3001 3248 quem
3039 3194 3104 3233 ea
3139 3179 3382 3235 ediscere

176 3281 316 3334 τίνα
367 3274 513 3328 κατὰ
558 3272 651 3325 τοῦ
705 3273 914 3343 Ἰσραὴλ
961 3246 1382 3343 ἐμηχανήσαντο,
1446 3246 1536 3326 καὶ
1595 3277 1751 3327 ὁποῖα

1854 3266 2013 3320 libeat
2042 3282 2159 3336 qua:
2190 3269 2256 3321 ad
2297 3269 2443 3336 ipsos
2473 3267 2740 3321 attinent:
2772 3246 2894 3320 nam
2932 3282 3086 3336 aequo
3125 3269 3380 3337 prolixior

174 3364 620 3431 πεπύνθασιν,ή
658 3361 842 3432 Γραφὴ
875 3362 1211 3432 παρίστησιν.
1251 3363 1362 3430 Ἐφ’
1405 3363 1470 3431 ἢν
1514 3364 1752 3434 ἀναπέμ-

175 3455 392 3526 ψωμεν
420 3450 514 3502 τὸν
545 3448 858 3517 βουλόμενον
882 3447 950 3500 τὰ
980 3450 1096 3502 κατ’
1121 3449 1310 3511 αὐτοὺς
1334 3449 1545 3512 εἰδέναι,
1579 3451 1664 3504 διὰ
1691 3451 1752 3505 τὸ

183 3541 558 3614 μακροτέραν
583 3534 717 3590 εἶναι
740 3539 836 3607 τὴν
869 3539 994 3608 περὶ
1013 3537 1187 3590 αὐτῶν
1211 3537 1472 3608 διήγησιν.
1511 3539 1589 3592 Τὰ
1616 3540 1754 3594 αὺτά

181 3632 284 3682 σὺν
313 3625 558 3686 ἐκείνοις
585 3624 676 3676 καὶ
698 3623 912 3686 τούτους
939 3623 1158 3676 ἱκετεύει
1189 3623 1392 3688 παθεῖν,
1406 3626 1534 3678 διότι
1561 3628 1753 3696 ὁμοίως

179 3718 431 3777 ἐκείνοις
467 3715 560 3766 καὶ
591 3709 732 3766 οὗτοι
748 3713 1014 3782 εἰρήκασι,
1043 3715 1588 3783 Κληρονομήσωμεν
1623 3716 1754 3768 ἐαυ-

179 3807 314 3872 τοῖς
353 3804 428 3856 τὸ
473 3801 855 3872 ἁγιαστήριον
892 3803 994 3856 τοῦ
1043 3804 1206 3858 Θεοῦ.
1237 3805 1454 3872 Ἔλεγον
1501 3805 1556 3857 δὲ
1587 3805 1753 3858 ταῦτα

179 3897 284 3949 καὶ
315 3895 372 3946 οἱ
413 3892 545 3963 ’περὶ⁵
575 3890 663 3943 τὸν
689 3890 908 3959 Σισάρα,
929 3891 1214 3957 καὶἸαϐὶς,
1241 3893 1294 3944 οἴ
1321 3909 1375 3944 τε
1398 3892 1588 3956 λοιποὶ,
1606 3891 1695 3954 οὓς
1725 3893 1753 3944 ὁ

179 3984 354 4055 λόγος
376 3982 525 4036 κατὰ
545 3981 686 4045 λέξιν
716 3981 814 4052 (2),
845 3981 968 4050 περὶ
991 3982 1090 4051 τῆς
1116 3985 1314 4054 σκηνῆς
1351 3986 1441 4037 καὶ
1472 3985 1567 4054 τῆς
1591 3984 1752 4036 κιϐω-

183 4075 285 4130 τοῦ
303 4073 411 4126 τοῦ
429 4071 588 4123 Θεοῦ.
614 4071 684 4121 Τὸ
701 4070 806 4140 γὰρ
834 4070 1174 4141 ἁγιαστήριον
1193 4071 1285 4124 τοῦ
1326 4074 1456 4126 Θεοῦ
1477 4072 1642 4126 ταῦτα
1663 4068 1749 4142 ἦν,

187 4169 371 4238 μήπω
427 4162 532 4230 τῆς
593 4160 938 4230 Ἰερουσαλὴμ
972 4160 1322 4231 συνεστώσης.
1371 4162 1667 4232 Ἐπηύξατο
1697 4162 1752 4214 δὲ

183 4255 375 4308 ταῦτα
398 4253 429 4303 ό
460 4248 753 4319 Προφήτης
786 4247 922 4300 κατὰ
954 4246 1058 4300 τῶν
1092 4243 1492 4319 δεδηλωμένων·
1537 4247 1630 4302 εἶτ’
1657 4251 1752 4302 οὐκ

187 4346 270 4406 εἰς
306 4340 530 4412 μακρὸν
581 4335 877 4406 ἐπληροῦτο
927 4336 993 4388 τὰ
1025 4340 1120 4406 τῆς
1163 4339 1342 4408 εὐχῆς.
1384 4339 1583 4392 Αὐτίκα
1627 4339 1751 4408 γοῦν

187 4430 551 4502 παραχρῆμα
582 4429 648 4495 τῇ
683 4425 818 4478 κατὰ
845 4425 948 4477 τῶν
996 4425 1252 4479 Ἰουδαίων
1295 4427 1567 4498 πολιορκίᾳ.
1598 4430 1688 4481 καὶ
1716 4431 1748 4498 ἡ

1851 3367 2034 3406 eorum
2070 3354 2338 3407 enarratio
2377 3353 2531 3406 foret.
2570 3382 2639 3392 —
2674 3352 2834 3407 Vens.
2877 3355 2959 3408 15.
2986 3354 3179 3411 Eadem
3218 3371 3381 3426 porro

1849 3459 1968 3512 qua:
1999 3444 2109 3508 illi,
2147 3445 2280 3499 istos
2311 3444 2470 3499 etiam
2505 3444 2704 3512 perpeti
2737 3456 2923 3513 rogat,
2955 3447 3083 3515 quia
3111 3446 3296 3502 eodem
3327 3456 3382 3503 et

1851 3534 1936 3588 isti
1981 3533 2139 3587 modo
2179 3534 2470 3596 dixerunt,
2509 3534 2828 3589 Htereditate
2860 3535 3216 3604 possideamus
3257 3553 3383 3590 san-

1849 3624 2109 3676 ctuarium
2140 3623 2256 3678 Dei.
2288 3623 2378 3677 Illa
2411 3639 2537 3678 vero
2565 3623 2818 3679 dicebant
2853 3624 3069 3689 Sisara,
3098 3625 3255 3680 Jabin
3277 3666 3291 3691 ,
3327 3635 3382 3681 et

1850 3713 2041 3780 reliqui
2078 3713 2389 3765 nominatim
2424 3713 2715 3777 recensiti,
2757 3714 2824 3770 de
2869 3716 3211 3772 tabernaculo
3237 3725 3290 3773 et
3316 3719 3384 3774 de

1850 3819 1974 3857 arca
2006 3802 2096 3857 Dei
2123 3823 2136 3856 :
2170 3803 2281 3857 hazc
2307 3803 2501 3872 quippe
2529 3811 2680 3857 erant
2707 3807 3073 3860 sanctuarium
3103 3807 3196 3864 Dei
3217 3848 3232 3873 ,
3259 3825 3382 3864 cum

1849 3896 2087 3950 nondum
2111 3895 2408 3951 Jerusalem
2423 3897 2763 3952 consisteret.
2791 3897 2912 3952 Haec
2930 3915 3090 3968 porro
3111 3900 3379 3971 Propheta

1849 3994 2094 4055 precatus
2139 3993 2222 4039 est
2272 3985 2529 4040 adversus
2571 4001 2664 4039 eos
2709 3986 2800 4054 qui
2849 3987 3100 4055 superius
3149 3988 3372 4043 indicati

1849 4080 2011 4126 sunt:
2047 4086 2144 4125 nec
2172 4072 2265 4124 diu
2297 4080 2481 4141 postea
2519 4073 2756 4140 precatio
2789 4079 2871 4126 est
2900 4073 3146 4127 eﬂ‘ectum
3188 4091 3382 4130 conse-

1849 4170 1990 4216 cuta.
2023 4160 2152 4214 Nam
2185 4162 2478 4216 secundum
2508 4163 2648 4216 illam
2675 4161 2979 4216 Iudaeorum
3009 4163 3338 4220 obsidionem
3359 4205 3377 4231 ,

1849 4250 2188 4319 Assyriorum
2215 4251 2492 4320 imperium
2519 4250 2804 4320 derepente
2830 4252 3063 4305 solutum
3088 4261 3202 4318 est,
3230 4263 3381 4324 post-

1849 4356 2006 4409 quam
2037 4341 2290 4396 diuturno
2319 4357 2431 4395 aevo
2469 4343 2744 4407 stetisset;
2777 4352 2829 4396 et
2866 4342 3079 4410 quidem
3115 4360 3284 4414 usque
3312 4347 3379 4400 ad

1851 4430 1978 4482 illud
2025 4438 2233 4499 tempus
2256 4469 2271 4493 ,
2313 4446 2420 4500 quo
2463 4431 2588 4483 talia
2613 4437 2798 4484 contra
2825 4431 3247 4502 Hierosolymam
3283 4451 3379 4505 ag-

202 4519 525 4591 ’Λσσυρίων
553 4515 814 4583 κατελύθη
844 4513 1119 4566 δυναστεία
1147 4514 1470 4585 διαρκέσασα
1507 4518 1711 4587 χρόνοις
1731 4535 1745 4548 ο

1854 4520 1993 4587 gredi
2024 4518 2140 4572 ausi
2171 4527 2315 4572 sunt.
2342 4518 2456 4572 Non
2485 4519 2574 4572 diu
2609 4518 2787 4588 itaque
2815 4527 3000 4587 postea
3025 4520 3196 4590 Cyrus
3215 4562 3230 4587 ,
3258 4539 3380 4579 cum

189 4613 294 4664 καὶ
324 4609 498 4679 μέχρι
529 4605 715 4657 τούτου
753 4604 990 4655 συστᾶσα
1019 4602 1204 4672 μέχρις
1237 4599 1295 4656 οῦ
1325 4605 1542 4657 τοιαῦτα
1571 4604 1749 4656 τετολ-

195 4699 418 4769 μήκασι
477 4693 619 4746 κατὰ
671 4693 770 4760 τῆς
813 4691 1175 4760 Ἰερουσαλήμ.
1211 4692 1340 4744 Μετ’
1375 4694 1434 4744 ού
1464 4693 1592 4746 πολὺ
1623 4695 1750 4761 γοῦν

191 4788 411 4857 Κῦρος,
465 4783 566 4850 τῆς
597 4780 818 4850 Περσῶν
863 4780 1130 4848 βασιλείας
1169 4784 1466 4850 κρατήσας,
1506 4782 1751 4836 καταλύει

191 4875 300 4944 τὴν
346 4870 650 4939 Ἀσσυρίων
678 4868 866 4937 ἀρχήν.
899 4865 1006 4918 Καὶ
1043 4863 1109 4916 τὰ
1141 4864 1294 4917 λοιπὰ
1332 4865 1388 4917 δὲ
1429 4866 1565 4918 κατὰ
1593 4867 1753 4937 μέρος

193 4962 580 5034 ὼνομασμένα
612 4959 733 5028 ἔθνη
775 4956 994 5009 τοιαῦτα
1027 4953 1305 5014 πέπονθεν,
1335 4955 1486 5007 ὁποῖα
1528 4957 1556 5006 6
1601 4955 1753 5023 λόγος

195 5052 524 5124 προέφησεν
544 5065 559 5080 ο
593 5046 717 5097 ὥστ’
743 5044 958 5103 εἰκότως
986 5043 1048 5094 ἄν
1079 5058 1196 5093 τινα
1243 5041 1426 5109 φῆσαι,
1460 5042 1532 5110 μὴ
1559 5042 1751 5094 κατεύ-

196 5141 400 5212 χεσθαι
433 5139 525 5189 τὸν
566 5137 851 5204 Προφήτην
896 5133 952 5182 ὲν
995 5131 1196 5192 τούτοις
1233 5129 1338 5180 τῶν
1382 5129 1748 5198 δηλουμένων,

199 5223 576 5300 προφητεύειν
603 5221 658 5272 δὲ
683 5221 860 5281 αὐτοῖς
888 5220 953 5272 τὰ
998 5220 1241 5288 ἐσόμενα,
1281 5217 1419 5270 κατά
1460 5233 1579 5268 τινα
1632 5233 1753 5270 συν-

195 5319 401 5390 ήθειαν
434 5314 533 5382 τῆς
573 5309 792 5379 Γραφῆς
841 5305 1208 5376 προστακτικῷ
1247 5305 1428 5374 τρόπῳ
1469 5305 1585 5357 ἀντὶ
1617 5321 1752 5375 προ-

194 5400 565 5477 αγορευτικοῦ
612 5397 939 5468 κεχρημένον
957 5413 970 5426 ο
1029 5397 1154 5448 ὥσθ’
1183 5396 1325 5464 ἡμᾶς
1358 5392 1627 5459 ἐξακούειν
1655 5396 1716 5448 τὸ
1736 5435 1751 5462 ,

283 5498 328 5526 ⁸⁵
368 5493 552 5544 Judic.
592 5501 666 5548 tv,
701 5501 815 5551 seq.

276 5648 358 5712 (Ι)
402 5646 502 5707 rp.
536 5635 899 5705 ἐγηγερμένῳ.

1851 4605 2131 4660 Persarum
2146 4622 2363 4676 regnum
2382 4615 2717 4674 occupasset,
2735 4607 3074 4677 Assyriorum
3097 4609 3378 4679 imperium

1852 4697 2060 4752 evertit.
2100 4695 2333 4764 Reliqua:
2365 4710 2493 4749 vero
2531 4695 2836 4764 singulatim
2877 4697 3156 4752 recensita:
3196 4707 3382 4768 gentes

1853 4799 1913 4837 ea
1939 4791 2063 4837 sunt
2085 4798 2368 4852 perpessae,
2392 4798 2508 4851 quze
2527 4783 2630 4836 hoc
2657 4799 2899 4838 sermone
2921 4787 3377 4852 prienuntiantur;

1853 4871 2016 4942 ita,ut
2045 4887 2075 4925 e
2105 4887 2162 4924 re
2190 4871 2450 4940 quispiam
2476 4871 2696 4937 dixerit,
2727 4871 3045 4940 Prophetam
3075 4877 3382 4932 memoratis

1856 4961 2098 5028 gentibus
2123 4976 2228 5014 non
2251 4961 2532 5030 imprecari
2560 4963 2718 5028 mala,
2745 4963 2837 5017 sed
2867 4961 3045 5015 futura
3070 4963 3381 5030 vaticinari,

1855 5065 1917 5104 ac
1959 5065 2056 5121 pro
2097 5059 2313 5106 assueto
2357 5049 2648 5119 Seripturaa
2693 5066 2872 5112 more,
2920 5051 3236 5120 imperantis
3269 5069 3383 5108 mo~

1855 5139 2002 5202 dum,
2027 5141 2142 5194 loco
2160 5140 2588 5210 praenuntiantis,
2611 5155 2906 5210 usurpare;
2943 5139 3077 5194 adeo
3090 5149 3148 5193 ut
3173 5142 3382 5204 isthmc.

1856 5225 1966 5279 Fac
1992 5227 2132 5288 illis,
2168 5243 2266 5281 nos
2299 5227 2378 5280 sic
2424 5227 2816 5296 intelligamus,
2861 5225 3044 5280 Facies
3090 5228 3204 5280 illis
3254 5232 3387 5283 sicut

1855 5315 2081 5370 Madian
2102 5328 2148 5370 et
2175 5315 2390 5370 Sisara.
2418 5314 2541 5369 Ilaec
2573 5332 2735 5385 porro
2760 5316 2828 5370 de
2853 5315 3202 5386 Assyriorum
3219 5355 3234 5379 ,
3263 5319 3394 5370 alia-

1857 5419 2079 5473 rumque
2123 5402 2211 5457 bic
2274 5401 2662 5457 recensitarum
2708 5401 2955 5472 gentium
3009 5400 3232 5454 excidio
3265 5417 3378 5470 pm

1932 5633 2000 5704 (Ξ)
2040 5633 2225 5690 [)eesse
2249 5632 2453 5688 Videtur
2483 5632 2720 5696 verbum,
2766 5629 2914 5683 forte
2953 5624 3240 5699 ὀνομάζει.
3266 5626 3422 5678 Eon.
