3834 6410
196 387 354 442 1001

1337 378 1827 441 COMMENTARIA
1865 379 1929 434 IN
1970 376 2301 434 PSALMOS.

3259 375 3394 433 1003

192 496 498 561 Θεσπίζει·
556 496 653 553 ἕνα
690 501 786 570 μὲν
822 499 939 552 καθ’
962 498 1017 551 ὃν
1057 497 1292 569 χρηστὰς
1347 499 1525 559 αὐτοῖς
1556 495 1767 554 ἐλπίδας

1870 489 1981 553 bit;
2012 486 2275 557 siquidem
2324 487 2459 539 bona
2494 500 2578 540 res
2601 493 2681 538 est
2714 499 2832 538 cum
2870 483 2959 537 Dei
2989 483 3243 552 cognitio,
3284 496 3398 535 tum

188 590 546 659 ὲπιγράφει’
583 590 630 640 εί
681 590 744 660 δὴ
789 592 984 659 ἀγαθὸν
1014 595 1046 661 ἡ
1070 592 1266 657 γνῶσις
1298 587 1388 639 τοῦ
1417 588 1569 649 Θεοῦ,
1615 586 1707 638 καὶ
1735 588 1767 655 ἡ

188 676 301 729 τοῦ
333 677 599 747 ὀνόματος
630 680 795 732 αὑτοῦ
831 681 1143 751 κατάληψις,
1184 680 1276 731 καὶ
1321 678 1379 729 τὸ
1426 676 1768 743 παιδευθῆναι

187 765 342 829 τοὺς
381 766 647 837 πρότερον
671 768 744 839 μὴ
768 769 967 831 εἰδότας
988 769 1076 821 τὸν
1104 768 1253 829 Θεὸν,
1285 765 1358 827 ὡς
1383 766 1487 835 ἄρα
1511 763 1666 825 αὐτὸς
1684 762 1769 830 εἴη

189 858 383 925 μόνος
428 856 649 924 ὕψιστος
681 860 773 910 ἐπὶ
822 862 991 912 πᾶσαν
1017 858 1112 929 τὴν
1131 859 1230 927 γῆν
1250 874 1264 888 ⁸
1307 856 1428 918 τοὺς
1470 856 1576 923 γὰρ
1605 852 1770 906 ταῦτα

186 945 648 1015 ὁμολογοῦντας,
683 946 849 1016 λήθην
883 948 976 1016 μὲν
1015 946 1335 1015 πεποιῆσθαι
1366 945 1460 1012 τῆς
1506 943 1770 1012 προτέρας

187 1038 433 1090 ἑαυτῶν
485 1038 743 1090 πολυθέου
791 1039 1011 1108 πλάνης,
1068 1038 1209 1100 είκὸς
1264 1034 1553 1089 ἀποθέσθαι
1585 1051 1643 1085 τε
1674 1032 1770 1101 τὴν

192 1130 463 1199 ματαίαν
496 1130 590 1181 καὶ
637 1129 914 1198 άπατηλὴν
952 1130 1078 1199 ’περὶ⁹
1126 1128 1260 1180 θεῶν
1288 1124 1654 1195 ψευδολογίαν·
1681 1120 1770 1175 τὸν

189 1218 253 1271 δὲ
294 1219 498 1288 ἓτερον
524 1217 741 1287 τρόπον,
771 1221 888 1272 καθ’
920 1220 978 1272 ὅν
1017 1219 1270 1287 αἰσχύνην
1300 1218 1392 1269 καὶ
1414 1214 1652 1286 ταραχὴν
1680 1213 1770 1267 καὶ

189 1308 513 1377 ἐντροπὴν,
569 1310 661 1361 καὶ
708 1306 799 1361 ἐπὶ
839 1311 964 1361 πᾶσι
994 1305 1196 1369 τούτοις
1234 1306 1500 1359 ἀπώλειαν
1543 1314 1772 1375 προαγο-

192 1393 367 1462 ρεύει
403 1395 520 1455 τοῖς
547 1393 746 1445 τούτων
786 1380 968 1457 ἀξίοις.
997 1396 1117 1457 Τοῖς
1157 1396 1250 1463 μὲν
1272 1394 1377 1463 γὰρ
1412 1395 1475 1445 ὲκ
1508 1393 1602 1463 τῆς
1627 1390 1773 1453 θείας

191 1484 558 1552 ἐπιστροφῆς
583 1484 994 1553 μεταϐάλλουσιν
1024 1485 1114 1535 ἐπὶ
1159 1483 1217 1535 τὸ
1245 1487 1481 1551 κρεῖττον
1500 1483 1597 1552 τὴν
1627 1482 1772 1534 θείαν

190 1573 421 1639 γνῶσιν
460 1572 791 1641 παρέσεσθαι
817 1572 1080 1625 διδάσκει’
1115 1576 1223 1635 τοῖς
1253 1574 1308 1625 δὲ
1344 1575 1408 1642 τῇ
1446 1571 1649 1624 ἑαυτῶν
1682 1573 1774 1636 ὲγ-

191 1662 584 1731 καταγηρῶσι
638 1662 802 1733 κακίᾳ
845 1662 933 1716 τὸν
989 1662 1200 1732 ὖλεθρον
1242 1664 1331 1714 καὶ
1371 1663 1467 1732 τὴν
1506 1660 1773 1715 ἀπώλειαν

192 1753 459 1805 ἀπειλεῖ.
493 1748 584 1804 Διὸ
612 1755 737 1823 περὶ
781 1754 877 1823 μὲν
924 1753 1029 1805 τῶν
1076 1754 1324 1823 χειρόνων
1361 1754 1635 1806 λέλεκταιο
1684 1752 1774 1805 Αί-

1868 580 2097 633 nominis
2127 578 2244 646 ejus
2286 576 2722 646 comprehensio;
2752 573 3042 642 itidemque
3086 573 3286 627 bonum
3318 581 3401 625 est

1868 684 1980 731 eos,
2004 668 2095 737 qui
2120 668 2268 735 prius
2292 664 2457 719 Deum
2488 678 2593 717 non
2618 668 2832 726 norant,
2856 660 3067 715 edoceri
3104 660 3278 729 ipsum
3312 674 3403 713 so-

1870 761 1979 813 lum
2014 773 2133 813 esse
2174 756 2491 811 altissimum
2544 769 2704 822 super
2756 767 2965 806 omnem
3015 759 3247 816 terram;
3308 764 3401 803 eos

1869 848 2083 916 quippe,
2123 845 2215 914 qui
2272 843 2396 896 talia
2453 842 2788 911 profitentur,
2822 838 3112 893 verisimile
3163 845 3246 891 est
3288 837 3399 905 jam

1869 934 2240 1002 multiplicium
2276 934 2495 986 deorum
2535 946 2771 986 errorem
2801 929 3053 983 oblivioni
3094 928 3399 989 mandasse,

1870 1042 1932 1079 ac
1959 1038 2149 1078 vanam
2174 1023 2522 1091 fallacemque
2550 1020 2809 1075 falsorum
2839 1019 3061 1072 deorum
3100 1015 3401 1069 doctrinam

1871 1117 2131 1184 abiecisse
2159 1133 2171 1167 :
2203 1115 2309 1167 alio
2346 1114 2472 1166 item
2523 1111 2702 1174 modo,
2736 1109 3152 1178 turpitudinem,
3184 1116 3402 1175 pertur—

1870 1205 2160 1265 bationem,
2196 1212 2249 1257 et
2291 1202 2681 1265 confusionem,
2725 1215 2787 1253 ac
2833 1206 3022 1268 prreter
3056 1198 3170 1251 haec
3223 1196 3404 1249 omnia

1870 1292 2157 1358 perniciem
2180 1290 2419 1359 przedicit
2440 1290 2507 1342 iis
2527 1288 2618 1356 qui
2640 1303 2823 1342 eorum
2854 1286 2998 1355 digni
3026 1292 3171 1339 sunt.
3194 1282 3401 1337 Etenim

1871 1382 1939 1435 iis
1970 1383 2060 1449 qui
2093 1397 2157 1434 ex
2205 1380 2457 1433 divinitus
2490 1379 2729 1432 immissa
2780 1377 3133 1431 conversione
3177 1389 3295 1428 sese
3335 1371 3403 1424 ad

1872 1472 2147 1525 meliorem
2189 1470 2393 1539 frugem
2438 1469 2768 1537 receperint,
2805 1468 3038 1521 divinam
3093 1464 3276 1519 adfore
3312 1479 3405 1517 co-

1871 1562 2161 1631 gnitionem
2215 1558 2523 1623 denuntiat;
2553 1558 2620 1611 iis
2646 1572 2774 1609 vero
2814 1558 2906 1625 qui
2942 1556 2995 1609 in
3040 1555 3277 1623 nequitia
3306 1569 3405 1608 sua

1872 1649 2270 1710 consenuerint,
2312 1647 2533 1701 exitium
2581 1660 2643 1699 ac
2672 1646 2961 1714 perniciem
3009 1644 3402 1698 interminatur.

1874 1738 2231 1802 Quamobrem
2266 1736 2332 1791 de
2371 1736 2644 1805 pejoribus
2691 1735 2903 1805 quidem
2943 1735 3048 1788 illis
3074 1734 3275 1787 dictum
3301 1743 3403 1794 est.

193 1810 799 1911 azaxrgﬁtwar'xai
837 1810 1293 1910 ταραχθῶῶσαν
1329 1845 1415 1906 εις
1448 1842 1552 1894 τὸν
1592 1840 1767 1893 αἰῶνα

1873 1826 2190 1880 Erubescant
2238 1836 2287 1878 et
2341 1827 2707 1879 conturbenlur
2754 1828 2806 1878 in
2834 1825 3079 1879 saeculum
3126 1825 3325 1888 swculi,
3355 1834 3406 1876 ct

194 1933 319 1985 τοῦ
357 1930 602 1997 αἰῶνος,
628 1934 724 1985 καὶ
741 1932 1196 1999 ἐντράπήτωσαν
1212 1930 1769 1985 καίάπολέσθωσανο

194 2023 355 2092 Περὶ
378 2022 439 2075 δὲ
470 2021 581 2074 τῶν
633 2024 725 2074 ἐπὶ
753 2021 813 2073 τὸ
846 2023 1084 2091 κρεῖττον
1122 2019 1665 2091 μεταϐληθησομένων
1692 2018 1769 2097 τὸ,

192 2113 320 2166 Καὶ
347 2110 698 2180 γνώτωσαν,
716 2110 802 2162 ὅτι
821 2110 886 2161 τὸ
908 2108 1091 2176 ὄνομά
1115 2125 1213 2161 σοι
1230 2110 1457 2175 Κύριος,
1484 2106 1565 2159 σὺ
1588 2110 1771 2175 μόνος

189 2205 482 2272 ὕψιστος
519 2200 617 2253 ἐπὶ
665 2197 867 2252 πᾶσαν
891 2202 1001 2264 τὴν
1021 2197 1155 2266 γῆν.
1186 2197 1408 2249 Δύναται
1437 2197 1491 2248 δὲ
1532 2195 1621 2247 καὶ
1648 2195 1773 2264 περὶ

190 2296 318 2348 τῶν
351 2293 538 2346 αὐτῶν
566 2291 635 2344 τά
682 2290 855 2343 πάντα
899 2290 1162 2357 λέγεσθαι,
1205 2289 1278 2352 ὡς
1300 2289 1403 2341 τῶν
1448 2288 1651 2357 ἐχθρῶν
1678 2286 1771 2339 τοῦ

189 2385 374 2446 Θεοῦ,
408 2382 535 2436 καθ’
564 2381 623 2434 ὃν
649 2379 919 2433 πείσονται
948 2378 1130 2447 καιρὸν
1154 2378 1218 2430 τὰ
1257 2372 1768 2448 προκαταλεχθέντα,

190 2472 717 2544 ὲντραπησομένων
747 2470 840 2523 καὶ
863 2468 1378 2538 αἰσχυνθησομένων,
1412 2468 1502 2519 καὶ
1534 2465 1773 2537 ἀπωλείᾳ

191 2559 775 2633 παραδοθησομὲνων,
808 2558 898 2609 καί
927 2557 1045 2610 τότε
1072 2557 1204 2625 αὐτῇ
1235 2554 1394 2627 πείρᾳ
1423 2555 1772 2625 γνωσομὲνων

191 2654 298 2706 καί
364 2649 809 2719 όμολογησόντων
857 2647 951 2698 ἕνα
1003 2642 1136 2698 εἶναι
1172 2646 1259 2698 καὶ
1303 2646 1454 2715 μόνον
1511 2647 1640 2698 Θεὸν
1680 2646 1771 2699 τὸν

190 2741 445 2811 ὕψιστον
500 2737 597 2791 καὶ
653 2736 743 2788 ἐπὶ
789 2737 963 2788 πᾶσαν
1014 2736 1110 2805 τὴν
1157 2734 1279 2804 γῆν,
1326 2736 1413 2789 τὸν
1467 2738 1557 2789 καὶ
1591 2736 1772 2805 δικαίᾳ

188 2831 398 2900 κρίσει
429 2826 757 2897 μετελθόντα
776 2826 973 2895 αὐτοὺς
1010 2826 1114 2878 τῶν
1158 2826 1561 2897 τετολμημένων
1594 2827 1773 2889 αὐτοῖς

186 2921 399 2990 χάριν.

1872 1916 2257 1984 confundantur
2289 1924 2337 1969 et
2371 1925 2617 1983 pereant;
2655 1916 2721 1969 de
2767 1916 2833 1969 iis
2867 1930 2993 1969 vero
3044 1916 3134 1985 qui
3182 1913 3249 1967 ad
3294 1930 3406 1968 me-

1873 2005 2059 2059 liorem
2090 2020 2148 2060 se
2172 2006 2333 2059 vitam
2368 2006 2632 2072 recepturi
2667 2012 2812 2066 sunt,
2840 2003 2969 2057 illud
3004 2003 3294 2073 profertur,
3337 2002 3404 2055 Et

1872 2103 2182 2163 cognoscant
2210 2095 2330 2163 quia
2360 2110 2541 2147 nomen
2573 2092 2663 2145 tibi
2689 2093 2957 2155 Dominus,
2990 2103 3045 2143 tu
3084 2094 3223 2144 solus
3255 2092 3405 2145 altis-

1871 2184 2031 2235 simus
2078 2184 2131 2235 in
2165 2184 2303 2236 omni
2330 2191 2488 2235 terra.
2523 2179 2755 2234 Possunt
2780 2181 2937 2234 etiam
2977 2180 3043 2233 de
3072 2180 3257 2234 iisdem
3295 2180 3406 2233 hanc

1871 2272 2051 2323 omnia
2073 2270 2210 2335 dici;
2245 2271 2401 2339 quasi
2432 2270 2684 2323 videlicet
2731 2268 2933 2321 inimici
2984 2266 3097 2331 Dei,
3131 2283 3237 2336 quo
3271 2276 3406 2320 tem-

1872 2376 2001 2429 pore
2030 2360 2119 2412 illa
2149 2360 2396 2429 superius
2432 2366 2724 2413 memorata
2765 2356 3054 2426 perferent,
3088 2357 3403 2413 confusione

1872 2461 2032 2521 atque
2062 2452 2257 2507 rubore
2307 2451 2569 2520 replendi,
2604 2466 2666 2503 ac
2708 2450 2962 2518 perniciei
2992 2449 3235 2503 tradendi
3273 2451 3402 2515 sint.

1873 2542 1986 2610 ipsa
2014 2540 2343 2610 experientia
2387 2540 2652 2609 cognituri
2694 2554 2755 2592 ac
2786 2537 3088 2593 confessuri
3122 2553 3286 2591 unum
3316 2553 3407 2593 so-

1874 2628 2089 2698 lumque
2131 2627 2294 2681 Deum
2346 2643 2466 2683 esse
2502 2628 2823 2681 altissimum
2853 2629 2907 2680 in
2945 2627 3089 2680 omni
3123 2635 3285 2693 terra,
3314 2628 3405 2696 qui

1871 2719 2017 2787 ipsos
2043 2720 2189 2788 justo
2217 2718 2422 2788 judicio
2450 2733 2512 2772 ac
2550 2717 2844 2770 facinorum
2885 2731 3105 2770 suorum
3129 2732 3291 2770 causa
3323 2718 3406 2770 in-

1872 2808 2038 2863 vadit.

184 3085 315 3148 ΕΙΣ
348 3092 439 3143 T0
482 3082 955 3177 TEAQIEAnr‘IIEE"
980 3085 1393 3177 Τρξνλιξῇρθι,
1422 3084 1571 3137 ΤοιΣ
1596 3084 1767 3137 ΥιοιΣ

1877 3087 1923 3140 I.
1978 3084 2042 3136 IN
2103 3079 3117 3177 Flﬁliibppinkp‘Itonecgqmpgps,
3184 3085 3406 3142 FILIUS

640 3155 838 3218 ΚΟΡΕ,
870 3152 1167 3206 ΨΑΑΜΟΣ.
1214 3153 1331 3205 III".

276 3292 393 3354 Ὡς
415 3285 691 3355 ἀγαπητὰ
710 3283 780 3336 τὰ
805 3281 1155 3349 σκηνώματὰ
1177 3297 1310 3342 σου,
1332 3283 1504 3348 Κύριε
1536 3281 1650 3333 τῶν
1674 3281 1765 3335 δυ-

182 3381 471 3450 νάμεων.
487 3372 901 3427 Διαλελοιπότων
923 3370 1025 3421 τῶν
1052 3366 1764 3437 ἐπιγεγραμμένων¹ψαλμῶεθ

182 3473 295 3527 τοῦ
351 3467 550 3534 Ἀσάφ,
578 3460 653 3518 ὧν
676 3464 885 3534 πρῶτος
916 3462 1011 3531 μὲν
1036 3462 1063 3513 ὁ
1096 3460 1191 3525 06',
1221 3460 1517 3521 τελευταῖος
1537 3462 1565 3511 ὁ
1598 3459 1641 3528 β’
1674 3460 1766 3511 καὶ

184 3568 273 3622 π’,
315 3558 521 3609 ἕπεται
542 3556 570 3605 ὁ
599 3551 784 3623 παρὼν
818 3551 927 3618 σῖγ’,
959 3550 1074 3612 τοῖς
1102 3548 1250 3613 υἱοῖς
1267 3547 1415 3615 Κορὲ
1431 3551 1766 3617 ἐπιγεγραμ-

188 3651 397 3721 μένος,
461 3644 591 3713 περὶ
645 3636 719 3695 ὧν
767 3643 823 3692 ἐν
885 3642 992 3701 τοῖς
1053 3638 1648 3707 προτεχνολογουμένοις
1697 3638 1766 3689 τὰ

183 3739 443 3803 δόξαντα
495 3731 864 3800 διειλήφαμεν.
924 3728 1277 3799 Ἐπιτηρῆσαι
1338 3726 1393 3779 δὲ
1443 3728 1761 3794 ἀναγκαῖον,

185 3830 272 3891 ὡς
295 3828 356 3879 ot
388 3824 592 3884 πάντες
615 3822 706 3875 τοῦ
736 3821 904 3888 Ἀσάφ
927 3818 1126 3871 δώδεκα
1146 3820 1462 3889 τυγχάνουσι
1492 3819 1580 3871 τὸν
1611 3819 1733 3888 άριθ
1748 3846 1767 3859 ο

189 3919 306 3989 μὸν
346 3913 555 3983 ψαλμοί
588 3928 600 3941 ·
638 3909 905 3981 ἰσάριθμοι
950 3909 1004 3961 δὲ
1046 3906 1249 3971 τούτοις
1282 3910 1386 3960 εἰσὶ
1424 3909 1515 3962 καὶ
1561 3909 1609 3960 οἱ
1646 3912 1765 3961 ὲπι-

186 4003 595 4078 γεγραμμένοι
622 3999 737 4053 τῶν
776 3998 919 4051 υἱῶν
957 3997 1121 4063 Κορέ.
1162 3997 1313 4049 Ἀλλὰ
1338 3997 1442 4049 τῶν
1471 3999 1597 4051 υἱῶν
1622 3998 1764 4068 Κορὲ

184 4096 357 4152 ὀκτὼ
382 4095 483 4164 μὲν
512 4088 650 4161 ἦσαν
684 4090 806 4158 ἑξῆς
836 4087 1159 4157 συνημμένοι
1189 4089 1236 4139 οἱ
1272 4087 1376 4140 ἀπὸ
1400 4088 1491 4140 τοῦ
1525 4096 1607 4157 μα’
1630 4087 1764 4155 ψαλ-

192 4188 312 4259 μοῦ
341 4203 355 4214 ·
385 4186 438 4236 οἱ
463 4182 523 4234 δὲ
560 4181 830 4238 λείποντες
870 4175 1123 4246 τέσσαρες
1166 4176 1392 4229 ἐνταῦθα
1436 4177 1760 4247 πρόκεινται,

189 4276 513 4348 ἀρχόμενοι
559 4266 654 4338 μὲν
677 4268 781 4319 ἀπὸ
816 4266 908 4317 τοῦ
935 4272 1042 4333 πγ’,
1081 4266 1272 4336 ἑφεξῆς
1312 4266 1367 4318 δὲ
1395 4266 1628 4337 κείμενοι
1659 4268 1763 4318 τῶν

191 4358 717 4433 ἐπιγεγραμμένων
749 4356 839 4408 τοῦ
891 4354 1072 4422 Ἀσάφ.
1113 4353 1376 4418 Ὡσαύτως
1399 4357 1453 4408 δὲ
1482 4359 1573 4408 καὶ
1592 4358 1639 4408 oi
1671 4356 1761 4407 τοῦ

2198 3152 2374 3206 (ΣΟΒΕ
2411 3152 2747 3206 PSALMUS.
2772 3151 3043 3205 LXXXIII.

1940 3285 2099 3335 Vens.
2117 3283 2170 3333 9..
2192 3282 2358 3345 Quam
2374 3281 2562 3332 dilecta
2592 3282 2927 3333 tabernacula
2943 3290 3055 3340 tua,
3078 3280 3291 3335 Domine
3307 3285 3403 3336 vir-

1873 3372 2071 3423 tutum!
2104 3371 2385 3438 Postquam
2421 3370 2660 3423 defecere
2699 3371 2888 3437 psaImi
2930 3374 3107 3442 Asaph
3137 3376 3401 3442 inscripti,

1869 3477 2091 3529 quorum
2113 3463 2187 3528 pri
2197 3465 2490 3531 musjuxn,
2505 3470 2801 3527 postremus
2815 3476 2940 3515 vero
2952 3477 3084 3517 Lxxx
3097 3480 3127 3517 ιι
3144 3473 3278 3527 erat,
3291 3466 3403 3533 jam

1870 3553 2109 3620 sequitur
2148 3566 2372 3611 Lxxxul,
2406 3550 2531 3617 ﬁliis
2554 3548 2686 3602 Core
2712 3550 3024 3619 inscriptus,
3048 3554 3321 3623 dequibus
3347 3556 3403 3608 in

1869 3643 2152 3711 disputatis
2169 3641 2413 3709 superius
2430 3642 2747 3694 sententiam
2762 3642 3069 3711 aperuimus
3085 3654 3335 3699 nostram.
3361 3646 3404 3698 E

1870 3746 1926 3785 re
1936 3739 2109 3784 autem
2128 3730 2582 3796 fueritiobservare
2597 3745 2783 3785 omnes
2798 3732 2995 3802 Asaphi
3014 3735 3247 3803 psalmos
3262 3735 3401 3789 duo-

1868 3824 2037 3877 decim
2067 3838 2288 3876 numero
2324 3838 2476 3888 esse;
2528 3821 2856 3891 totidemque
2894 3826 2985 3892 qui
3015 3826 3243 3894 ﬁliorum
3275 3825 3404 3880 Core

1870 3914 2110 3981 inscripti
2148 3921 2294 3967 sunt.
2324 3911 2521 3967 Verum
2574 3912 2803 3966 ﬁliorum
2845 3913 2983 3968 Core
3034 3924 3157 3969 octo
3177 3917 3403 3985 “psalmi

1869 4004 2196 4071 conjunctim
2231 4003 2390 4073 positi
2419 4013 2564 4065 sunt,
2590 4018 2619 4055 a
2651 4018 2739 4055 xu
2760 4002 3005 4057 videlicet
3023 4006 3130 4059 orsi
3160 4023 3172 4057 :
3208 4006 3399 4074 reliqui

1870 4108 1995 4145 vero
2041 4099 2270 4160 quatuor
2324 4092 2410 4144 hic
2450 4098 2576 4145 sunt
2621 4092 2917 4152 constituti,
2973 4092 3290 4160 incipientes
3327 4096 3397 4148 ab

1870 4196 2069 4233 Lxxxnr
2101 4195 2164 4233 ac
2198 4188 2317 4250 post
2348 4195 2461 4243 eos,
2491 4182 2581 4248 qui
2598 4179 2798 4248 Asaphi
2827 4182 3071 4249 inscripti
3097 4188 3244 4245 sunt,
3267 4199 3400 4236 con-

1870 4277 2152 4339 sequenter
2199 4270 2378 4339 positi.
2432 4269 2743 4337 Pariterque
2792 4284 2857 4323 ex
2895 4270 3093 4340 Asaphi
3151 4272 3398 4340 psalmis,

1868 4360 2113 4414 undecim
2157 4369 2547 4428 consequenter
2593 4360 2749 4429 positi
2789 4368 2935 4422 sunt,
2964 4376 2992 4412 a
3037 4375 3181 4414 uxu
3207 4376 3399 4431 nempe

206 4454 403 4520 Ἀσάφ
460 4455 529 4501 ια’
566 4446 665 4516 μέν
698 4447 798 4495 εἰσι
846 4443 1186 4510 συνημμένοι,
1228 4444 1275 4494 οἱ
1311 4442 1415 4494 ἀπὸ
1455 4444 1528 4494 06'
1558 4445 1649 4496 καὶ
1674 4445 1765 4495 ἐπὶ

1870 4448 1930 4500 ad
1966 4462 2168 4500 Lxxxn.
2223 4448 2505 4501 Duodecim
2550 4463 2676 4501 vero
2730 4456 2852 4501 octo
2901 4450 3110 4516 priores
3166 4450 3396 4504 filiorum

190 4546 294 4599 τὸν
345 4541 458 4593 π6’.
518 4537 575 4589 Ὀ
601 4536 655 4586 δὲ
687 4532 750 4584 ιδ’
792 4531 912 4601 ἑξῆς
958 4531 1346 4583 κατατέτακται
1387 4535 1497 4593 τοῖς
1537 4532 1765 4601 πρώτοις

191 4628 356 4683 ὀκτὼ
380 4624 494 4677 τῶν
528 4619 658 4673 υἱῶν
700 4619 857 4688 Κορὲ,
898 4617 1079 4687 ῶσπερ
1121 4617 1429 4678 ἀντιδόσεως
1477 4619 1764 4688 γενομένης

191 4721 294 4773 διὰ
328 4717 433 4777 τὰς
472 4715 531 4764 ὲν
572 4714 692 4771 ταῖς
737 4710 860 4778 παρ’
891 4706 1165 4775 ἑκατέροις
1202 4707 1526 4776 προφητείας
1565 4711 1766 4760 ἐπικοι-

193 4806 495 4864 νωνούσας
520 4799 770 4868 ἀλλήλαις
806 4796 1070 4865 θεωρίαις.
1101 4792 1276 4847 Ἷὶσαν
1312 4797 1404 4864 μὲν
1429 4794 1518 4849 οὖν
1547 4800 1594 4849 οἱ
1621 4799 1766 4870 πρῶ-

191 4919 288 4954 τοι
330 4896 443 4948 τῶν
470 4891 604 4945 υἱῶν
639 4888 776 4957 Κορὲ
806 4886 942 4938 ὀκτὼ
972 4884 1061 4936 τὸν
1083 4883 1329 4955 ἀριθμὸν,
1362 4888 1410 4937 οἱ
1437 4887 1630 4950 πάντες
1657 4890 1763 4941 ἀπὸ

192 4988 301 5041 τοῦ
343 4990 435 5055 μα’
465 4977 775 5049 ἀρχόμενοι,
806 4976 894 5027 καὶ
924 4974 1171 5043 λήγοντες
1195 4976 1273 5037 είς
1295 4974 1385 5027 τὸν
1410 4982 1516 5045 μηθ.
1553 4978 1761 5049 Περιεῖ-

193 5097 301 5151 χον
341 5076 422 5138 δὲ,
467 5070 658 5137 ὥσπερ
700 5070 755 5118 ὲν
781 5064 1051 5135 κεφαλαίῳ
1082 5065 1270 5127 εἰπεῖν,
1304 5065 1393 5117 ἐπὶ
1420 5065 1497 5133 τῷ
1528 5067 1591 5117 ὲκ
1612 5084 1764 5137 περι..

192 5167 387 5237 τομῆς
416 5161 534 5229 λαῷ
584 5155 854 5225 κλαυθμὸν
889 5155 980 5207 καὶ
1003 5155 1193 5224 θρῆνον
1233 5157 1324 5206 καὶ
1360 5156 1606 5224 ὀδυρμὸν,
1636 5160 1765 5228 Χρι-

196 5255 345 5310 στοῦ
372 5269 434 5304 τε
488 5243 785 5319 παρουσίαν
836 5246 926 5298 καὶ
990 5245 1175 5314 κλῆσιν
1231 5244 1411 5297 ὲθνῶν.
1463 5240 1614 5297 Ἀλλά
1659 5249 1765 5301 τῶν

201 5348 316 5416 μὲν
352 5340 657 5411 είρημὲνων
687 5334 826 5387 ὀκτὼ
861 5335 1072 5406 τοιαύτη
1103 5350 1183 5396 τις
1205 5329 1271 5402 ἦν
1292 5336 1323 5402 ἡ
1346 5333 1592 5395 ὑπόθεσις
1611 5350 1622 5361 ’
1658 5338 1765 5390 τῶν

193 5437 263 5489 δὲ
316 5434 413 5485 ἐπὶ
442 5430 537 5482 τοῦ
594 5425 850 5496 παρόντος
907 5425 1381 5495 ἐπιγεγραμμένων
1444 5424 1533 5475 καὶ
1585 5427 1765 5481 αὐτῶν

195 5523 353 5577 υἱῶν
368 5520 513 5590 Κορὲ
531 5517 807 5586 τεσσάρων
827 5515 1010 5576 ὅντων,
1030 5516 1076 5565 oi
1101 5514 1195 5583 μὲν
1211 5512 1421 5564 ὕστατοι
1446 5510 1534 5563 δύο
1554 5514 1766 5580 γένεσιν

197 5613 311 5667 καὶ
350 5608 575 5661 θάνατον
617 5602 780 5658 αὑτοῦ
823 5602 1240 5671 περιειλήφασιν,
1295 5598 1479 5667 ῶσπερ
1515 5600 1763 5673 ἐπίτηδες

197 5697 654 5770 ταμιευσαμένου
679 5690 769 5743 τοῦ
796 5689 960 5754 Λόγου
984 5690 1071 5740 ἐπὶ
1094 5688 1231 5740 τέλει
1258 5686 1467 5740 πάντων
1494 5688 1585 5751 τὰς
1629 5696 1762 5761 περὶ

540 5789 810 5846 Pauor"
853 5778 964 5839 Gn.
1012 5778 1236 5838 XXIII.

1863 4538 1997 4590 Core
2024 4538 2256 4605 psalmos
2290 4537 2662 4605 subsequitur;
2695 4537 2767 4590 ita
2809 4547 2864 4590 ut
2901 4552 2999 4591 ceu
3040 4546 3221 4593 mutua
3252 4555 3400 4609 qum-

1863 4626 1984 4679 dum
2021 4627 2261 4696 pensalio
2294 4626 2384 4677 fiat
2413 4627 2480 4679 ob
2536 4627 2844 4696 prophetias
2901 4642 3020 4696 qua:
3066 4629 3119 4682 in
3153 4631 3395 4700 utrisque

1862 4730 2197 4769 communem
2254 4715 2562 4781 speculandi
2601 4731 2803 4770 morem
2836 4727 3075 4771 servant.
3109 4718 3274 4772 Erant
3302 4719 3400 4771 ita-

1862 4820 1964 4873 qUe
2000 4808 2202 4874 priores
2232 4808 2307 4860 illi
2338 4806 2567 4859 filiorum
2595 4806 2734 4861 Core
2777 4807 2965 4875 psalmi
2995 4816 3120 4861 octo
3150 4823 3393 4870 numero.

1803 4951 1807 4957 ,
1862 4896 1950 4963 qui
1991 4910 2179 4950 omnes
2206 4912 2236 4949 a
2274 4910 2358 4950 xu
2398 4896 2606 4948 initium
2638 4895 2860 4958 ducunt,
2882 4903 2933 4947 et
2962 4899 3017 4947 in
3055 4913 3220 4950 vanI
3253 4898 3398 4951 desi-

1862 4992 2016 5039 nunt.
2054 4981 2092 5037 li
2139 5000 2283 5047 vero,
2313 4993 2370 5037 ut
2398 4986 2714 5052 compendio
2755 4985 2949 5048 dicam,
2994 4985 3066 5037 de
3096 4987 3292 5055 populo
3338 5001 3404 5039 ex

1860 5076 2270 5129 circumcisione
2300 5074 2477 5127 fletum
2534 5089 2597 5127 ac
2652 5076 2947 5143 planctum,
2977 5071 3192 5127 Christi
3219 5075 3412 5128 adven-

1862 5176 1994 5228 tum,
2028 5174 2189 5235 atque
2242 5165 2577 5218 vocationem
2633 5165 2899 5235 gentium,
2956 5158 3415 5216 commemorant;

1862 5254 1973 5309 Hoc
2000 5270 2129 5309 sane
2158 5262 2240 5309 est
2264 5254 2472 5306 illorum
2497 5261 2621 5307 octo
2652 5254 2983 5322 psalmorum
3006 5257 3421 5315 argumentum.

1863 5342 1936 5396 Ex
1971 5343 2116 5396 hisce
2137 5357 2284 5403 vero,
2308 5340 2372 5393 de
2397 5340 2595 5408 quibus
2612 5355 2755 5393 nunc
2785 5336 2994 5407 agitur,
3025 5334 3284 5386 filiorum
3300 5335 3435 5387 Core

1860 5432 2077 5501 psalmis
2108 5438 2336 5499 quatuor
2382 5444 2628 5495 numero,
2658 5430 2768 5484 duo
2824 5422 3107 5494 postremi
3180 5432 3355 5474 ortum
3392 5429 3446 5473 et

1862 5527 2081 5571 mortem
2127 5515 2428 5571 Servatoris
2455 5519 2917 5587 complectuntur
2946 5524 3053 5565 :ac
3106 5508 3181 5561 si
3212 5508 3457 5560 videlicet

1862 5606 2134 5675 Scriptura
2164 5605 2399 5659 omnium
2423 5606 2679 5663 vaticinia
2706 5607 2765 5659 in
2789 5602 2922 5659 ﬁne
2947 5610 3264 5671 exponere
3287 5608 3466 5662 0mm“

1859 5705 1985 5752 tune
2021 5695 2119 5752 sibi
2172 5694 2480 5750 reservarit.
2512 5694 2676 5751 Multa
2710 5698 2935 5749 autem
2966 5688 3031 5741 de
3067 5684 3231 5751 eius
3261 5690 3386 5735 οτωι
3422 5681 3485 5743 il

3094 5772 3213 5832 32
