3834 6346
234 386 386 442 £005
1344 390 1830 448 COMMENTARIA
1873 390 1938 445 1N
1977 389 2308 446 PSALMOS.
3272 394 3411 448 5006

229 501 307 556 τὰ
357 500 479 555 καθ’
516 502 640 574 ὅλης
677 504 775 572 τῆς
814 504 1105 575 ἀνθρώπων
1148 506 1462 577 οἰκουμένης
1504 508 1743 559 θυσιαστί

1897 505 2049 568 mine,
2077 504 2421 561 tabernacula
2459 510 2573 566 tua,
2599 503 2789 558 dilecta
2814 516 2866 558 et
2892 505 3137 560 amabilia
3171 516 3315 573 sunt,
3357 510 3411 561 in

233 608 333 662 ρια
389 591 486 645 καὶ
531 593 598 645 τά
645 594 967 664 σκηνώματα
1014 596 1105 650 καὶ
1146 598 1242 659 τὰς
1286 598 1449 660 αὐλὰς
1491 598 1747 668 δηλοῦντος

1903 596 2083 664 ιιιίὴιιε
2122 596 2236 665 ipse
2270 610 2374 648 una
2402 609 2524 648 cum
2558 593 2866 648 hominibus
2914 596 3111 649 morari
3156 598 3417 665 sedesque

235 679 430 731 Ἀλλοι
464 680 563 748 μὲν
592 674 681 733 οὖν
704 681 854 744 ἄλλα,
888 684 1065 751 φησὶν,
1095 683 1364 749 ἀγαπῶσι,
1394 685 1483 738 καὶ
1510 687 1634 755 περὶ
1662 686 1749 737 πο)

1900 698 2085 752 ponere
2134 684 2383 752 dignatus
2423 698 2517 747 es;
2548 697 2670 735 nam
2711 682 2848 735 dicis
2887 700 2899 735 :
2941 681 3037 735 Ubi
3068 684 3169 737 duo
3206 686 3281 738 vel
3312 696 3414 739 tres

229 768 330 821 λοῦ
363 770 670 823 ποιοῦνται’
702 772 820 840 ἐμοὶ
850 772 926 834 δὲ,
958 767 1001 824 ὧ
1038 773 1225 843 Κύριε,
1264 774 1330 826 τὰ
1369 775 1435 826 σὰ
1470 774 1743 844 σκηνώμααι

1899 774 2178 841 congregati
2214 774 2404 840 fuerint
2426 776 2479 825 in
2507 772 2708 825 nomine
2730 788 2862 835 meo,
2891 773 2997 825 illic
3022 790 3134 826 sum
3171 776 3224 826 in
3250 776 3413 829 medio

230 860 518 929 προσφιλῆ
552 861 643 912 καὶ
682 861 931 929 ἀγαπητὰ
960 863 1228 931 τυγχάνει,
1261 865 1316 915 ἐν
1345 858 1427 926 οἷς
1458 866 1744 933 κατηξίωσο

1900 878 2064 913 eorum
2101 864 2167 914 ²¹.
2202 861 2277 914 Ita
2316 876 2476 930 porro
2523 861 2651 914 mihi
2700 862 2813 915 haec
2841 862 2950 929 jam
2998 872 3287 916 memorata
3333 864 3414 918 di-

230 947 405 1009 αύτὸς
455 948 568 1016 ἃμα
618 947 915 1018 ἀνθρώποις
973 950 1069 1005 τὰς
1119 950 1387 1019 διατριϐὰς
1437 952 1744 1019 ποιησάμενι

1902 961 2024 1006 lecta
2049 960 2102 1005 et
2136 952 2383 1005 amabilia
2414 959 2559 1015 sunt,
2599 960 2656 1004 ut
2701 950 2869 1005 fatear
2908 968 2972 1006 ex
3006 968 3190 1007 eorum
3220 969 3416 1008 concu-

231 1036 695 1105 κατασκηνῶσαι,
744 1040 942 1107 φήσας·
1000 1040 1173 1091 Ὅπου
1213 1040 1319 1091 δύο
1364 1040 1400 1105 ἢ
1448 1039 1594 1105 τρεῖς
1642 1056 1745 1091 συν

1902 1041 2148 1106 piscentia
2173 1040 2403 1091 animam
2428 1054 2623 1102 meam,
2647 1054 2832 1093 eorum
2858 1054 3038 1094 amore
3063 1042 3416 1106 victam,deli-

230 1124 485 1193 ηγμένοι
501 1127 662 1177 εἰσὶν
684 1129 766 1190 εἰς
792 1127 855 1178 τὸ
876 1128 1017 1195 ἐμὸν
1041 1128 1238 1195 ὄνομα,
1259 1128 1385 1180 ἐκεῖ
1406 1131 1517 1195 εἰμι
1544 1130 1611 1179 ἐν
1628 1129 1744 1195 μέσ

1900 1142 2010 1181 cere
2062 1134 2221 1195 atque
2272 1127 2415 1179 illam
2469 1128 2523 1180 in
2584 1128 2738 1182 atriis
2776 1128 2883 1183 tuis
2942 1130 3414 1183 commorationem

233 1213 461 1267 αὐτῶν.
507 1215 661 1267 Οὕτω
694 1216 747 1267 δέ
777 1235 862 1285 μοι
897 1218 1159 1287 προσφιλῆ
1200 1221 1289 1271 καὶ
1326 1218 1577 1287 ἀγαπητὰ
1599 1228 1747 1287 τυγχι

1903 1216 2008 1268 vita}
2030 1232 2239 1285 quoque
2283 1223 2617 1284 anteponere.
2681 1216 2863 1286 Neque
2888 1219 3063 1270 solum
3094 1220 3291 1282 anima,
3324 1220 3417 1271 scd

234 1322 315 1359 νει
353 1304 432 1357 τὰ
464 1306 742 1375 εἰρημένα,
784 1307 921 1359 ὥστε
961 1308 1025 1359 δι’
1064 1308 1352 1377 ὑπερὸολὴν
1381 1309 1662 1376 ἐπιθυμίας
1699 1311 1748 1360 αἰ

1904 1314 1943 1358 3t
1977 1321 2070 1358 cor
2114 1321 2288 1358 meum
2350 1305 2568 1370 deﬁcit;
2601 1306 2707 1359 imo
2756 1322 2884 1359 vero
2920 1308 3091 1374 ipsum
3139 1322 3333 1376 corpus
3367 1320 3418 1361 et

232 1395 342 1445 τῶν
397 1394 681 1463 ὁμολογεῖν
731 1394 994 1446 ἐκλείπειν
1033 1396 1129 1462 τὴν
1188 1396 1359 1464 ψυχήν
1428 1412 1525 1463 μου
1566 1396 1640 1462 τῷ
1667 1413 1746 1464 πει

1905 1408 2017 1446 :aro
2045 1410 2146 1461 qua
2170 1395 2592 1448 circumvestior.
2621 1394 2741 1447 Haec
2791 1397 2987 1448 etenim
3032 1413 3093 1449 ex
3130 1399 3248 1450 vitae
3275 1399 3419 1453 illius

234 1480 413 1542 αὑτὰς
464 1480 617 1549 πόθῳ
669 1481 987 1549 νικωμένην,
1033 1483 1124 1532 καὶ
1160 1481 1257 1549 τῆς
1288 1480 1427 1549 ζωῆς
1464 1482 1626 1551 αὐτῆς
1664 1500 1748 1553 πρε

1906 1500 2008 1552 inae
2056 1498 2219 1552 penes
2256 1491 2305 1535 te
2351 1492 2433 1537 est
2485 1485 2765 1547 memoria,
2789 1485 2984 1553 gaudio
3020 1495 3072 1540 et
3119 1487 3302 1540 laetitia
3337 1503 3420 1542 re-

232 1572 406 1639 τιμᾷν
444 1572 545 1631 τὰς
599 1570 655 1621 ἐν
724 1572 839 1631 ταῖς
879 1570 1061 1631 αύλαίς
1098 1587 1188 1622 σου
1248 1572 1539 1641 διατριϐάς.
1587 1573 1695 1624 Καὶ
1732 1590 1746 1623 ι

1907 1573 2137 1639 )lentur;
2170 1572 2242 1623 ita
2268 1579 2325 1623 ut
2352 1586 2471 1624 vere
2503 1571 2677 1625 dicam
2710 1590 2721 1624 :
2750 1571 2852 1625 Cor
2897 1590 3064 1625 meum
3089 1584 3136 1627 et
3164 1592 3285 1628 caro
3308 1593 3421 1629 mea

237 1661 378 1731 μόνη
407 1662 538 1729 γεή
582 1660 724 1729 ψυχή
784 1677 880 1729 μου
921 1661 1175 1723 ἐκλείπει,
1226 1660 1355 1714 ἀλλὰ
1394 1663 1484 1713 καὶ
1537 1664 1569 1731 ἡ
1605 1662 1751 1732 καρδί

1908 1662 2275 1714 zxsultaverunt
2321 1662 2373 1712 in
2404 1660 2569 1712 Deum
2619 1663 2806 1715 vivum.
2843 1661 2984 1716 Deus
3012 1666 3209 1732 quippe
3241 1674 3422 1719 noster

238 1767 341 1819 μου
402 1750 504 1803 καὶ
556 1750 691 1818 πρὸς
740 1752 805 1818 τῇ
858 1751 1047 1820 καρδίᾳ
1110 1767 1208 1819 μου
1260 1752 1350 1803 καὶ
1406 1751 1531 1802 αὑτό
1591 1768 1688 1819 μου
1733 1769 1752 1802 ’τ

1908 1752 2098 1812 vivens,
2118 1752 2207 1819 qui
2242 1752 2387 1805 solus
2406 1750 2672 1817 propriam
2693 1760 2746 1804 et
2772 1754 3066 1806 naturalem
3100 1756 3152 1807 in
3182 1770 3239 1809 se
3262 1757 3422 1809 vitam

236 1837 401 1907 σῶμα
483 1838 577 1888 καὶ
626 1839 659 1906 ἡ
688 1835 840 1906 σὰρξ
889 1836 953 1905 ἣν
1003 1836 1407 1905 περιϐέϐλημαι.
1467 1836 1572 1887 Καὶ
1621 1836 1750 1899 ταῦτ

1909 1842 2139 1901 possidet,
2171 1843 2276 1894 imo
2334 1842 2508 1910 potius
2535 1840 2710 1894 omnis
2745 1843 2865 1895 vitae
2904 1842 3022 1897 fons
3045 1854 3144 1907 est,
3172 1861 3287 1900 eam
3308 1862 3423 1899 om-

234 1928 343 1997 γὰρ
379 1930 454 1979 ὲκ
503 1928 603 1997 τῆς
670 1928 882 1996 μνήμης
935 1927 1031 1995 τῆς
1084 1928 1231 1996 παρὰ
1294 1928 1372 1978 σοὶ
1436 1927 1574 1996 ζωῆς
1629 1930 1748 1997 χαρέ

1908 1933 2057 1986 nibus
2101 1932 2166 1986 ad
2225 1948 2282 1985 se
2324 1932 2699 1986 accedentibus
2745 1933 2998 2001 impertit.
3070 1934 3422 1999 Quamobrem

235 2015 550 2085 πληροῦται
593 2016 686 2066 καὶ
723 2013 1077 2084 εὐφροσύνης·
1108 2014 1230 2066 ὥστ’
1262 2013 1582 2083 ἀληθεύοντά
1615 2033 1680 2084 με
1714 2015 1749 2066 λλ

1911 2038 2015 2091 ῳεε
2063 2038 2188 2077 caro
2234 2037 2371 2083 mea,
2400 2037 2516 2090 qua:
2561 2030 2751 2075 natura
2811 2038 2910 2076 sua
2960 2026 3199 2077 mortalis
3228 2036 3278 2078 et
3304 2040 3425 2079 cor-

236 2119 372 2169 γειν’
410 2102 479 2154 Ἠ
502 2101 713 2167 καρδία
724 2118 839 2167 μου
864 2100 959 2152 καὶ
990 2103 1027 2168 ἡ
1054 2100 1206 2167 σάρξ
1229 2118 1343 2167 μου
1364 2101 1750 2169 ἠγαλλιάσαντ

1912 2113 2129 2181 τιιριίοιιὶ
2158 2113 2386 2165 obnoxia
2408 2117 2509 2174 est,
2531 2112 2725 2180 gaudet
2753 2118 2806 2165 et
2832 2113 3157 2179 gratulatur;
3182 2116 3306 2181 quia
3333 2130 3426 2182 per

234 2193 331 2245 ἐπὶ
371 2191 532 2244 Θεὸν
563 2188 762 2249 ζῶντα.
798 2188 910 2242 Ζῶν
938 2189 1042 2259 γάρ
1072 2192 1099 2242 ὁ
1130 2190 1386 2260 ἡμέτερος
1408 2190 1554 2253 Θεὸς,
1581 2192 1670 2243 καὶ
1700 2210 1748 2260 μι

1912 2217 2011 2256 iam
2039 2202 2355 2254 immortalis
2374 2201 2496 2253 vita:
2524 2214 2749 2255 consors
2799 2206 2852 2252 et
2878 2198 3071 2253 divinae
3093 2200 3278 2269 gratia:
3302 2216 3426 2269 par-

234 2298 323 2343 νος
370 2280 679 2348 ἰδιόκτητον
743 2280 837 2330 καὶ
888 2279 1113 2349 φυσικὴν
1166 2280 1221 2330 ὲν
1274 2278 1415 2348 αὑτῷ
1465 2281 1788 2348 κεκτημένος
1891 2292 2060 2358 ιίοθρε
2104 2288 2283 2342 futura
2317 2297 2419 2342 est,

235 2369 402 2440 ζωὴν,
447 2368 642 2437 μᾶλλον
670 2368 725 2419 δὲ
753 2369 908 2430 αὐτὸς
929 2368 1001 2420 ῶν
1034 2372 1066 2439 ή
1095 2368 1237 2438 τπγγὴ
1268 2370 1442 2437 πάσης
1468 2368 1626 2437 ζωῆς,
1658 2370 1784 2420 πᾶσι

233 2464 344 2522 τοῖς
399 2454 766 2527 πλησιάζουσι
820 2456 1013 2526 ταύτης
1075 2457 1402 2526 μεταδίδωσι.
1461 2458 1652 2526 Διόπερ
1697 2456 1789 2508 καὶ
1824 2456 1957 2526 αὑτὴ
2003 2458 2036 2526 ή
2085 2457 2238 2524 φύσει
2277 2457 2438 2528 θνητὴ
2495 2460 2586 2511 καὶ
2623 2458 2830 2529 φθαρτή
2878 2477 2974 2528 μου
3042 2460 3175 2532 σάρξ
3250 2463 3428 2534 χαίρει

234 2550 327 2603 καὶ
369 2547 684 2616 συγχαίρει,
720 2546 812 2598 {ire
858 2547 921 2598 δι’
954 2547 1118 2614 αὐτῆς
1161 2548 1551 2617 κοινωνήσουσα
1584 2546 1795 2598 αἰωνίου
1836 2543 1995 2615 ζωῆς,
2016 2547 2229 2616 καὶτῆς
2251 2547 2340 2599 τοῦ
2363 2548 2492 2601 Θεοῦ
2520 2550 2733 2619 χάριτος
2763 2550 3190 2620 μεταληψομένη.

305 2662 511 2716 Ταῦ-τα
536 2661 591 2712 δέ
621 2676 779 2729 φησιν
815 2662 841 2711 ὁ
866 2661 1148 2730 Προφήτης
1175 2661 1451 2722 διδάσκων,
1486 2662 1661 2714 ὁποῖον
1687 2656 1799 2729 εἶχε

1971 2660 2094 2714 Haec
2126 2669 2301 2714 autem
2345 2662 2417 2715 ait
2445 2661 2727 2730 Propheta,
2763 2676 2917 2716 suum
2958 2662 3216 2717 exhibens
3244 2663 3430 2718 adver-

233 2752 415 2823 ἔρωτα
462 2752 557 2803 καὶ
583 2749 742 2801 πόθον
778 2750 903 2819 περὶ
931 2750 997 2802 τὰ
1034 2751 1121 2801 ὑπ’
1159 2750 1318 2802 αὑτοῦ
1343 2751 1747 2821 προφητευόμενι

1920 2762 2000 2801 ius
2028 2762 2089 2801 ea
2117 2763 2235 2817 qua:
2262 2748 2315 2801 in
2366 2748 2643 2817 prophetia
2693 2750 3040 2803 enuntientur
3093 2751 3325 2805 studium
3379 2762 3434 2806 et

239 2844 447 2911 Διόπερ
478 2844 510 2893 ὁ
542 2841 730 2909 Σωτὴρ
750 2838 903 2909 ήμῶν
934 2839 1083 2906 ἔλεγε
1104 2856 1117 2868 ’
1144 2840 1361 2893 Πολλοὶ
1396 2839 1681 2908 προφῆται
1704 2857 1753 2892 κε

1920 2851 2162 2891 amorem.
2186 2838 2309 2891 Ideo
2336 2839 2591 2891 Servator
2618 2847 2801 2891 noster
2825 2838 3036 2893 dicebat
3068 2857 3081 2892 :
3124 2837 3283 2891 Multi
3313 2856 3434 2907 pro-

239 2932 466 2983 δίκαιοι
524 2928 902 2994 ἐπεθύμησαν
947 2926 1088 2979 ἰδεῖν
1122 2926 1159 2979 ἂ
1196 2928 1360 2994 ὑμεῖς
1395 2926 1670 2990 βλέπετε,
1708 2943 1753 2977 κε

1921 2928 2068 2981 theta:
2091 2936 2138 2981 et
2177 2928 2311 2995 justi
2341 2929 2609 2982 voluerunt
2648 2928 2817 2982 videre
2857 2945 2970 2997 quae
3020 2946 3105 2983 vos
3138 2928 3339 2994 videtis,
3383 2936 3435 2983 et

237 3024 355 3074 οὐκ
399 3015 593 3071 εἶδον.
638 3016 745 3085 Τὴν
806 3014 979 3084 σάρκα
1021 3016 1077 3067 δέ
1134 3032 1291 3084 φησιν
1340 3015 1453 3083 ἅμα
1495 3017 1560 3083 τῇ
1614 3014 1745 3083 καρδ

1916 3034 2009 3069 non
2040 3016 2271 3070 uiderunt
2302 3020 2366 3070 ε’,
2400 3018 2487 3069 Ait
2519 3033 2679 3085 porro
2706 3034 2810 3072 una
2843 3033 2962 3073 cum
3010 3019 3171 3071 corde
3214 3032 3430 3072 carnem

241 3107 615 3178 ἁγαλλιᾶσθαι
645 3107 735 3157 ἐπὶ
764 3107 892 3157 Θεὸν
918 3105 1110 3168 ζῶντα,
1135 3105 1507 3173 αἰνιττόμενος,
1535 3104 1607 3166 ὡς
1631 3100 1755 3173 οἶμα

1916 3110 2077 3178 ipsam
2102 3112 2371 3164 exsultare
2401 3112 2453 3163 in
2486 3110 2649 3163 Deum
2676 3112 2887 3176 vivum;
2916 3112 3089 3178 queis,
3118 3118 3176 3163 ut
3204 3114 3430 3174 aestimo,

244 3202 339 3253 καὶ⁸
373 3199 472 3253 τοῦ
513 3197 760 3269 Σωτῆρος
786 3195 879 3265 τὴν
912 3198 973 3247 ὲκ
1003 3195 1203 3265 νεκρῶν
1244 3196 1549 3248 ἀνάστασιν.
1594 3193 1758 3246 Ἐπειε

1924 3215 2072 3269 psam
2111 3200 2407 3254 Servatoris
2433 3200 2601 3253 nostri
2627 3214 2691 3253 ex
2727 3199 2955 3252 mortuis
2982 3202 3432 3254 resurrectionem

240 3291 353 3361 γὰρ
404 3291 457 3341 οἰ
509 3286 618 3338 τῶν
667 3285 830 3337 ὲθνῶν
873 3285 1204 3354 νομιζόμενοι
1249 3283 1356 3335 θεοῖ⁴
1398 3284 1575 3353 νεκροὶ
1618 3283 1754 3351 ἄψυχ

1918 3288 2203 3342 adumbrat.
2231 3287 2364 3352 Quia
2392 3288 2533 3339 enim
2564 3286 2599 3338 ii
2630 3287 2718 3354 qui
2753 3288 2891 3339 inter
2923 3297 3107 3355 gentes
3138 3286 3213 3338 dii
3245 3286 3432 3340 existi-

240 3382 605 3450 τυγχάνουσι·
636 3377 711 3429 Τὰ
731 3376 836 3445 γὰρ
852 3374 1060 3427 εἴδωλα
1081 3373 1193 3426 τῶν
1210 3373 1395 3427 ἐθνῶν
1413 3375 1687 3441 ἀργύριον
1710 3391 1754 3425 χι

1916 3386 2139 3439 mantur,
2166 3378 2363 3429 mortui
2394 3384 2446 3430 et
2484 3376 2759 3429 inanimali
2791 3382 2917 3428 sunt
2946 3394 2959 3429 :
2990 3390 3115 3427 nam
3144 3376 3430 3429 simulach

241 3471 540 3541 χρυσίον,
568 3466 708 3533 ἔργα
734 3464 939 3533 χειρῶν
968 3463 1283 3530 ἀνθρώπων
1302 3481 1314 3493 ·
1346 3463 1512 3516 ταῦτα
1542 3464 1596 3515 δὲ
1629 3463 1755 3514 ἕσε6‹

1916 3465 2130 3533 gentium
2158 3473 2421 3531 argentum
2454 3471 2502 3514 et
2537 3478 2743 3523 aurum,
2774 3472 2928 3529 opera
2971 3476 3218 3513 manuum
3264 3462 3430 3514 homi-

242 3564 292 3614 οἰ
330 3561 458 3613 τότε
485 3557 761 3625 ἄνθρωποι
782 3571 794 3583 ·
826 3552 952 3619 ἐγὼ,
984 3555 1163 3623 φησὶν,
1187 3553 1244 3605 ού
1270 3552 1498 3605 τοιοῦτόν
1520 3570 1637 3605 τινα
1658 3552 1756 3603 Θεὸ

1915 3569 2029 3604 num
2053 3552 2097 3582 ³³
2126 3571 2138 3605 :
2170 3552 2281 3605 haec
2307 3560 2480 3605 tamen
2504 3552 2577 3604 illi
2601 3551 2723 3603 olim
2753 3550 2996 3605 homines
3022 3551 3429 3606 venerabantur.

242 3651 383 3703 ἀλλὰ
419 3647 609 3712 ζῶντα
653 3644 779 3696 Θεὸν
818 3642 1153 3713 προθεωρῶν,
1183 3645 1245 3711 τῇ
1300 3642 1487 3712 καρδίᾳ
1532 3641 1756 3711 εὐφραίνι

1916 3641 2017 3710 Ego
2053 3656 2198 3705 vero,
2220 3644 2410 3710 inquit,
2443 3658 2548 3695 non
2598 3642 2754 3695 deum
2788 3642 3117 3711 hujusmodi,
3148 3644 3239 3697 sed
3269 3643 3430 3699 Deum

242 3757 381 3808 μαι·
422 3736 529 3789 καὶ
565 3733 701 3801 αὕτη
739 3732 792 3783 δέ
839 3749 935 3800 μου
988 3734 1016 3799 ἡ
1063 3730 1197 3800 σὰρξ
1240 3732 1328 3782 ἐπὶ
1365 3730 1531 3798 τούτῳ
1578 3730 1651 3798 τῷ
1697 3730 1756 3781 Θε

1924 3735 2083 3784 tivum
2115 3733 2501 3799 contemplans,
2530 3732 2724 3800 gaudio
2756 3732 2810 3785 in
2837 3732 2999 3785 corde
3022 3734 3229 3801 repleor
3266 3734 3438 3802 :ipsa-

243 3826 657 3897 ἠγαλλιάσατο,
704 3822 777 3883 ὼς
822 3821 911 3871 ἐπὶ
953 3819 1066 3887 Θεῷ
1103 3818 1311 3888 ἀληθῶς
1358 3817 1513 3880 ζῶντι
1555 3819 1646 3869 καὶ
1682 3819 1756 3880 ζω

1921 3833 2013 3885 que
2042 3832 2169 3870 caro
2199 3833 2315 3871 mea
2349 3818 2404 3870 in
2443 3819 2585 3873 hunc
2616 3820 2779 3872 Deum
2830 3819 3137 3880 exsultavit,
3173 3827 3356 3887 utpote
3382 3820 3435 3873 in

244 3918 499 3971 ποιοῦντι
530 3913 656 3974 τοὺς
689 3911 925 3977 νεκροὺς,
959 3910 1015 3970 ὃς
1048 3910 1138 3960 καὶ
1168 3910 1330 3979 αύτήν
1364 3926 1461 3978 μου
1500 3908 1758 3978 ζωοποιήσ

1922 3906 2075 3961 Deum
2110 3922 2231 3960 vere
2259 3909 2520 3962 viventem
2548 3916 2601 3961 et
2642 3914 2883 3961 mortuos
2936 3907 3306 3970 vivificantem,
3347 3908 3436 3976 qui

245 4010 348 4079 τὴν
381 4009 571 4076 σάρκα
602 4002 688 4055 διὰ
725 4001 823 4069 τῆς
870 3998 1054 4051 ἑαυτοῦ
1089 3998 1443 4059 ἀναστάσεως.
1474 3997 1560 4048 Διὸ
1589 3998 1718 4067 πρὸς
1747 4015 1759 4043 ε

1922 3997 2047 4049 hanc
2070 3998 2240 4065 ipsam
2261 4012 2474 4051 carnem
2498 4012 2666 4052 meam
2686 4011 2781 4066 per
2808 3998 3251 4051 resurrectionem
3286 4012 3436 4051 suam

246 4100 399 4169 ψυχῇ
437 4097 539 4149 καὶ
570 4096 604 4161 ἡ
630 4091 762 4160 σάρξ
801 4106 897 4158 μου
919 4087 1289 4157 ἠγαλλιάσατο.
1320 4086 1425 4139 Καὶ
1464 4086 1569 4154 γὰρ
1601 4100 1760 4153 στροι

1925 4087 2226 4142 reviviscere
2278 4088 2449 4142 faciet.
2512 4087 2687 4153 Quare
2733 4101 2853 4139 cum
2910 4086 3088 4139 anima
3140 4101 3269 4139 caro
3324 4087 3439 4155 ipsa

250 4192 388 4243 ϐίον
430 4182 618 4251 εὗρεν
660 4179 844 4243 ἑαυτῷ
892 4179 1101 4240 οὶκίαν,
1143 4178 1237 4229 καὶ
1289 4174 1511 4244 τρυγὼν
1563 4172 1764 4226 νοσσιά

1924 4179 2217 4233 exsultavit.
2247 4208 2316 4219 -—-
2345 4177 2507 4232 Vens.
2541 4172 2594 4230 li.
2629 4176 2831 4229 Etenim
2878 4192 3059 4243 passer
3116 4177 3301 4229 invenit
3340 4176 3438 4229 sibi

244 4275 444 4343 ἑαυτῇ
472 4314 488 4337 ,
544 4267 618 4326 αὖ
665 4269 831 4333 θήσει
872 4268 942 4320 τὰ
994 4267 1210 4318 νοσσία
1250 4264 1452 4331 αὐτῆς,
1499 4268 1569 4317 τὰ
1617 4266 1758 4316 om

2016 4281 2140 4328 tum,
2183 4273 2231 4317 et
2281 4275 2453 4317 turtur
2523 4263 2699 4315 nidum
2751 4262 2870 4325 sibi,
2930 4262 3016 4314 ubi
3074 4271 3230 4329 ponat
3272 4262 3439 4329 pullos
3526 4286 3530 4291 ·

246 4360 480 4427 στήριά
498 4372 637 4418 σου,
665 4355 835 4421 Κύριε
858 4352 972 4404 τῶν
1005 4351 1323 4419 δυνάμεων.
1362 4352 1467 4403 Καὶ
1496 4351 1608 4412 πῶς
1622 4349 1726 4418 γὰρ
1754 4368 1760 4397 ι

1925 4368 2054 4415 suos,
2091 4352 2285 4403 altaria
2309 4360 2416 4414 tua,
2448 4350 2664 4402 Domine
2690 4349 2958 4403 virtutum.
2983 4349 3045 4401 Et
3075 4350 3186 4418 qui,
3218 4350 3313 4414 ait,
3334 4365 3439 4402 non

248 4452 491 4511 δίκαιον,
510 4444 665 4514 φησὶ,
696 4441 957 4513 προσφιλῆ
989 4441 1077 4492 καὶ
1113 4441 1363 4509 ἀγαπητὰ
1376 4441 1644 4509 ὁμολογεῖν
1676 4436 1762 4490 εἷν‹

1928 4458 2125 4511 equum
2165 4441 2344 4503 fuerit,
2401 4455 2433 4493 ο
2476 4439 2718 4502 Domine,
2766 4439 2956 4492 altaria
3010 4448 3100 4492 tua
3153 4439 3346 4493 dilecta
3390 4450 3442 4491 et

248 4540 321 4590 τά
348 4530 697 4605 σκηνώματά
729 4547 839 4591 σου,
870 4523 912 4580 ὧ
942 4527 1126 4597 Κύριε,
1153 4528 1307 4579 ὁπότε
1337 4529 1609 4597 καταφυγὴ
1633 4526 1762 4594 τέγος

1926 4532 2161 4586 amabilia
2205 4546 2323 4585 esse
2378 4529 2568 4594 fateri,
2602 4528 2814 4596 quando
2855 4543 2917 4582 ea
2948 4526 3211 4597 refugium
3248 4527 3440 4595 cuique

251 4627 424 4679 παντὶ
456 4621 545 4693 τῷ
571 4621 664 4688 οἴῳ
689 4636 746 4670 τε
783 4618 956 4685 λέγειν
974 4634 985 4644 ·
1027 4618 1095 4670 Ἠ
1123 4616 1287 4683 ψυχὴ
1314 4616 1475 4683 ἡμῶν
1502 4618 1579 4681 ὡς
1601 4632 1765 4683 στροι

1929 4623 2065 4678 fuere
2086 4626 2175 4691 qui
2201 4622 2378 4676 dicere
2398 4620 2618 4680 valeret,
2650 4618 2841 4670 Anima
2875 4626 3053 4670 nostra
3089 4618 3220 4670 sicut
3263 4630 3443 4682 passer

249 4718 388 4771 ϐίον
407 4712 681 4781 ἐρῤύσθη
721 4709 788 4759 ἐκ
832 4706 938 4773 τῆς
984 4706 1224 4773 παγίδος
1268 4705 1382 4757 τῶν
1424 4707 1763 4773 θηρευόντωι

1928 4722 2087 4781 erepta
2114 4720 2187 4764 est
2209 4710 2269 4763 de
2293 4709 2472 4776 laqueo
2499 4707 2791 4759 venantium
2817 4706 2898 4770 “;
2932 4720 2993 4757 ac
3023 4720 3233 4758 rursum
3266 4703 3314 4756 ei
3352 4702 3442 4771 qui

250 4806 348 4857 καὶ
384 4802 562 4854 πάλιν
602 4797 677 4866 τῷ
719 4796 1001 4864 φάσκοντι·
1040 4795 1157 4847 Ἐπὶ
1202 4794 1279 4857 τῷ
1322 4796 1508 4860 Κυρίῳ
1548 4795 1764 4847 πέποιθα

1929 4798 2074 4861 iical,
2104 4797 2167 4849 In
2198 4796 2418 4849 Domino
2455 4791 2654 4860 conﬁdo
2680 4832 2696 4855 ,
2754 4792 3005 4861 quomodo
3053 4792 3231 4845 dicetis
3259 4792 3443 4843 animm

250 4892 383 4957 πῶς
408 4887 605 4957 ἐρεῖτε
628 4885 699 4951 τῇ
719 4883 882 4951 ψυχῇ
894 4901 1027 4950 ,ιιου⁸
1045 4885 1486 4935 Μεταναστεύου
1506 4883 1600 4934 ἐπὶ
1621 4885 1689 4934 τὰ
1708 4883 1764 4949 ὄρ

1928 4904 2077 4939 mere:
2106 4887 2145 4939 Τ
2150 4886 2436 4952 ransmigra
2462 4884 2515 4935 in
2545 4892 2764 4934 montem
2785 4881 2918 4933 sicut
2945 4882 3161 4947 passer?
3188 4879 3442 4945 Quoniam

250 4986 331 5048 ὠς
356 4978 727 5048 στρουθιόν;
758 4976 880 5025 ’Ότι
911 4972 1035 5023 ἰδοὺ
1075 4975 1125 5024 οὶ
1157 4972 1477 5040 ἁμαρτωλοὶ
1514 4971 1764 5045 ,ἐνέτεινα

1930 4992 2027 5029 ecce
2062 4984 2347 5041 peccatores
2376 4971 2701 5024 intenderunt
2758 4986 2961 5031 arcum,
2989 4976 3302 5035 {araverunt
3358 4985 3444 5021 sa.

246 5073 457 5135 τόξον,
488 5067 829 5133 ἡτοίμασαν
850 5060 1004 5127 ,ϐέλη
1037 5063 1120 5124 είς
1143 5060 1447 5126 φαρέτραν.
1479 5058 1686 5111 Πολλῶν
1709 5059 1760 5126 γὲ

1929 5066 2072 5133 gittas
2102 5080 2222 5116 suas
2256 5063 2307 5113 in
2339 5061 2578 5128 pharetra
2601 5060 2666 5110 ’⁵.
2698 5056 2832 5109 Nam
2865 5073 2985 5111 cum
3028 5056 3179 5109 multi
3212 5057 3319 5110 sint
3354 5058 3443 5126 qui

242 5161 344 5230 τὴν
376 5158 477 5211 τοῦ
506 5151 792 5221 θεοφιλοῦς
824 5150 991 5218 ψυχὴν
1014 5150 1199 5216 παγίσι
1231 5148 1573 5217 μεταϐάλλειν
1612 5150 1702 5198 καὶ
1738 5149 1756 5199 ξ

1931 5152 2151 5220 religiosi
2186 5152 2283 5204 viri
2304 5150 2530 5202 animam
2556 5163 2653 5201 ceu
2678 5147 2883 5215 laqueis
2912 5146 3251 5215 intercipere,
3285 5153 3338 5199 et
3362 5160 3445 5200 re-

242 5252 436 5309 κτύοις
469 5245 679 5310 ὥσπερ
723 5238 965 5309 θηρεύειν
1009 5238 1169 5308 αὐτὴν
1213 5238 1577 5306 πειρωμένων,
1614 5237 1755 5287 διιπτ

1933 5242 2065 5294 tibus
2092 5254 2189 5292 ceu
2230 5235 2410 5290 venari
2441 5243 2727 5295 conantur,
2760 5250 2882 5287 cum
2932 5249 2993 5288 ea
3024 5235 3164 5286 ultro
3186 5232 3447 5303 'citroque

235 5334 414 5401 μένην
444 5325 554 5381 ὦδε
597 5329 835 5384 κάκεῖσε,
869 5325 957 5375 καὶ
984 5326 1154 5392 πάντη
1184 5314 1611 5392 περινοστόὖσαν,
1641 5323 1714 5391 τῷ
1746 5346 1749 5390 γ

1930 5329 2089 5382 evolet
2113 5341 2173 5379 ac
2202 5325 2613 5390 circumquaque
2643 5337 2699 5375 se
2720 5333 2909 5386 vertat,
2933 5323 3073 5392 quod
3102 5322 3153 5375 in
3177 5322 3275 5376 hac
3303 5339 3444 5376 mor-

236 5424 386 5491 ἓχειν
413 5419 744 5472 ἀνάπαυσιν
780 5416 835 5464 ὲν
871 5415 945 5481 τῷ
978 5414 1150 5484 θνητῷ
1174 5415 1288 5483 βίῳ,
1320 5414 1451 5482 μόνα
1484 5412 1547 5464 τά
1571 5412 1658 5463 τοῦ
1689 5413 1750 5463 Θε

1930 5418 2011 5469 tali
2045 5417 2171 5480 vita,
2201 5414 2380 5484 requie
2411 5412 2555 5464 nulla
2602 5409 2843 5477 fruatur,
2874 5413 2925 5465 in
2973 5413 3101 5466 solis
3134 5412 3222 5466 Dei
3269 5414 3444 5467 laber-

250 5512 613 5582 σκηνώματα
652 5504 927 5570 καταφυγὴ
955 5508 1020 5572 τῇ
1055 5505 1265 5572 τοιαύτῃ
1297 5503 1499 5568 γέγονε.
1552 5501 1637 5552 Διὸ
1676 5502 1764 5570 εἴρ

1931 5504 2126 5556 naculis
2183 5508 2450 5568 receptum
2502 5497 2698 5550 habere
2755 5502 2946 5566 potuit.
2989 5499 3316 5567 Quapropter
3367 5498 3445 5550 di—

253 5621 347 5654 ται
370 5620 383 5631 θ
411 5598 530 5652 Καὶ
570 5595 675 5661 γὰρ
703 5594 1013 5655 στρουθίον
1040 5591 1208 5664 agger
1238 5591 1420 5655 ἐαυτῷ
1452 5592 1654 5654 οὶκίαν,
1694 5589 1767 5641 ἀλ]

1934 5602 2068 5644 ctum
2122 5600 2241 5648 cst-
2315 5589 2513 5641 Etenim
2577 5602 2754 5652 passer
2806 5592 2998 5651 inueni;
3044 5590 3140 5646 sibi
3202 5590 3448 5651 domum,

328 5752 371 5784 ἰ
419 5741 622 5799 Matth.
662 5752 827 5799 xvnl,
855 5738 941 5793 20.
1021 5745 1064 5774 ²²
1104 5743 1287 5797 Matth.
1328 5756 1443 5806 xm,
1481 5741 1560 5795 Π.
1634 5743 1842 5818 '{Psal

1821 5746 1852 5799 Ι.
1891 5760 2054 5812 cxm,
2089 5744 2138 5798 Δ.
2216 5745 2258 5776 ³³
2298 5741 2441 5799 Psal.
2473 5754 2678 5808 cxxm,
2716 5741 2766 5792 7.
2846 5744 2889 5774 “
2927 5741 3067 5798 Psal.
3106 5756 3171 5802 ιι,
3204 5738 3335 5804 2,3.
