3834 6388
283 423 437 479 1οὉ9

1411 425 1901 483 COMMENTARIA
1937 426 2000 480 IN
2038 422 2366 479 PSALMOS.

3338 429 3473 484 i310

276 534 415 587 οὐδὲ
464 534 526 586 τὸ
569 536 830 591 Ἰουδαίων
862 538 1029 603 εθνος,
1080 538 1190 591 ἀλλ’
1230 537 1552 601 ἁπαξαπλῶς
1605 536 1828 596 ἅπαντας

1942 536 2082 589 enim
2114 534 2295 597 fuerit,
2332 548 2490 602 quam
2527 534 2689 588 Deum
2720 549 2873 589 suum
2908 545 2960 590 et
3003 534 3287 589 Dominum
3314 538 3476 592 viatu-
3544 528 3553 539 ’

273 626 419 687 τοὺς
448 626 827 691 κατοικοῦντας
858 631 914 680 ὲν
942 627 1017 697 τῷ
1042 628 1171 697 οἴκῳ
1211 627 1300 680 τοῦ
1342 627 1491 678 Θεοῦ.
1527 627 1588 677 Τί
1624 626 1729 695 γὰρ
1771 625 1834 677 ἂν

274 715 502 780 γένοιτο
551 717 761 785 ἀληθῶς
808 717 1206 788 μακαριώτερον
1235 716 1325 769 τοῦ
1371 716 1587 784 βασιλέα
1623 716 1717 784 μὲν
1745 714 1835 765 τὸν

271 801 423 852 Θεὸν
459 802 641 866 αὑτοῦ,
672 807 762 856 καὶ
809 805 894 857 τὸν
939 805 1135 874 Κύριον
1179 804 1282 856 τῶν
1311 804 1583 872 δυνάμεων
1614 802 1836 872 ἐπιγρά-

272 890 507 957 φεσθαι,
544 894 707 944 οἰκεῖν
753 894 807 944 δὲ
847 895 931 945 τὸν
981 890 1122 946 οἷκον
1159 893 1320 945 αὑτοῦ
1362 892 1634 960 διηνεκῶς,
1678 889 1736 953 ἐξ
1775 887 1835 943 οῦ

272 979 572 1048 πορίζεται
603 983 634 1049 ἠ
662 982 751 1033 τοῦ
790 982 917 1034 Θεοῦ
952 982 1209 1035 ἀθανασία
1240 982 1329 1033 καὶ
1378 984 1409 1049 ὴ
1454 979 1663 1041 αίώνιος
1689 979 1831 1048 ζωής

271 1070 460 1121 Τοῦτο
489 1070 619 1136 γοῦν
648 1071 964 1140 παρίστησιν
1010 1074 1038 1123 ὁ
1075 1072 1225 1137 λόγος
1268 1071 1512 1139 φάσκων·
1566 1072 1664 1133 Εἰς
1698 1068 1835 1131 τοὺς

268 1157 509 1220 αἰῶνας
545 1156 661 1208 τῶν
695 1157 917 1210 αἰώνων
952 1156 1259 1209 αίνέσουσί
1294 1172 1365 1209 σε
1405 1159 1457 1207 οἱ
1501 1152 1834 1206 κατοικοῦν-

270 1263 387 1312 τες
422 1250 495 1299 ἐν
520 1247 600 1311 τῷ
642 1248 781 1313 οἴκῳ
816 1262 948 1299 σου.
980 1247 1098 1309 Πῶς
1135 1248 1181 1298 δ’
1216 1247 1278 1298 ἂν
1314 1246 1482 1307 ἄλλως
1513 1244 1720 1296 δύναιτό
1756 1261 1834 1305 τις

270 1340 367 1398 εἰς
392 1339 519 1398 τοὺς
552 1336 749 1398 αἰῶνας
771 1336 877 1388 τῶν
904 1336 1107 1389 αἰώνων
1132 1336 1219 1388 τὸν
1247 1336 1374 1387 Θεὸν
1403 1337 1566 1387 αἰνεῖν
1597 1336 1629 1403 ἢ
1662 1336 1836 1386 διαιω-

270 1427 451 1489 νίζων
484 1426 577 1478 καὶ⁸
606 1426 783 1489 αὐτὸς,
812 1426 973 1478 ἀΐδιόν
998 1443 1056 1477 τε
1088 1426 1179 1477 καὶ
1216 1425 1473 1477 ἀθάνατον
1510 1424 1835 1493 κεκτημένος

272 1516 465 1584 ζωήνς
499 1514 796 1581 Μακάριος
830 1515 980 1581 ἀνὴρ
1016 1512 1087 1570 οὗ
1108 1516 1273 1568 ἐστιν
1300 1514 1611 1581 ἀντίληψις
1654 1513 1834 1567 αὑτοῦ

271 1610 446 1677 παρὰ
480 1609 618 1671 σοῦ,
641 1608 956 1672 ἀναϐάσεις
978 1608 1039 1659 ἐν
1064 1608 1138 1674 τῇ
1162 1608 1365 1674 καρδίᾳ
1392 1606 1571 1659 αὐτοῦ
1596 1606 1831 1669 διέθετο,

270 1700 363 1762 εὶς
404 1698 525 1763 τὴν
550 1697 797 1749 κοιλάδα
830 1697 933 1751 τοῦ
977 1696 1373 1764 κλαυθμῶνος,
1408 1698 1492 1759 είς
1526 1695 1629 1747 τὸν
1653 1696 1835 1747 τόπον

268 1787 345 1838 ὃν
377 1787 574 1841 ἔθετο.
604 1786 897 1855 Πληρώσας
928 1787 1017 1837 τὸν
1060 1786 1245 1854 εἱρμὸν
1278 1787 1368 1837 καὶ
1398 1785 1495 1855 τὴν
1524 1784 1835 1836 ἀκολουθίαν

1940 634 2051 677 tum
2078 624 2129 677 in
2161 639 2336 693 regem
2384 624 2486 679 sibi
2533 624 2819 689 ascribere,
2851 633 2903 679 et
2942 626 2993 677 iu
3022 625 3180 678 domo
3205 626 3323 694 ejus
3353 642 3474 695 pct-

1940 723 2101 781 petuo
2134 715 2395 779 habitare,
2427 730 2489 769 ex
2517 729 2623 783 quo
2655 712 2747 767 Dei
2784 714 3155 767 immortalitas
3180 722 3231 767 et
3270 724 3469 769 teterna

1938 805 2045 857 vita
2071 804 2449 872 comparatur?
2482 804 2539 856 Id
2572 818 2700 857 sane
2729 802 2965 856 declarat
2993 802 3121 854 illud
3155 818 3167 851 :
3193 803 3295 867 Qui
3319 805 3468 856 Italu-

1940 903 2048 951 tant
2088 894 2138 944 in
2169 891 2319 945 domo
2366 902 2475 955 tua,
2507 892 2559 945 in
2590 892 2781 946 saecula
2826 890 3133 944 swculorum
3186 892 3469 945 laudabunt

1940 992 2005 1039 te.
2041 981 2155 1046 Qua
2188 982 2394 1034 ratione
2432 988 2606 1039 autem
2635 982 2757 1048 quis
2784 981 2955 1033 valeat
2990 980 3043 1034 in
3073 981 3265 1033 saecula
3298 998 3467 1035 saecu-

1940 1072 2111 1123 lorum
2161 1070 2323 1123 Deum
2372 1070 2608 1131 laudare,
2643 1070 2748 1124 nisi
2793 1077 2846 1124 et
2892 1070 3006 1138 ipse
3052 1080 3309 1138 perpetuo
3362 1088 3469 1125 nu-

1940 1168 2083 1223 neat,
2109 1174 2171 1211 ac
2194 1169 2444 1211 aeternam
2480 1157 2940 1225 immortalemque
2970 1157 3238 1224 possideat
3268 1158 3471 1212 vitam?

1940 1247 2173 1301 ~—Yens.
2201 1248 2253 1309 6,
2287 1250 2333 1299 7.
2362 1247 2553 1299 Beatus
2587 1247 2662 1299 vir
2697 1247 2845 1314 cujus
2882 1257 2956 1299 est
2996 1248 3249 1301 auxilium
3278 1249 3367 1300 abs
3388 1257 3458 1310 te,

1941 1339 2256 1390 ascensiones
2288 1337 2339 1389 in
2375 1335 2525 1389 corde
2552 1352 2645 1388 suo
2677 1335 2930 1403 disposuit
2967 1338 3017 1389 in
3048 1337 3177 1393 valle
3208 1337 3466 1404 lacryma-

1940 1442 2075 1487 rum,
2112 1427 2162 1476 in
2196 1424 2304 1477 loco
2333 1440 2478 1491 quem
2504 1424 2695 1490 posuit.
2732 1422 3021 1492 Postquam
3053 1424 3242 1479 seriem
3275 1422 3467 1476 verbo-

1939 1528 2163 1581 nanque
2194 1512 2511 1566 sententiam
2545 1512 2869 1574 absolverat,
2901 1526 2927 1562 a
2969 1511 3317 1581 diapsalmate
3354 1524 3467 1563 scr-

1938 1602 2112 1655 monis
2150 1602 2494 1655 mutationem
2524 1600 2748 1654 orditur.
2774 1600 3130 1671 Quamobrem
3154 1615 3275 1653 eum
3316 1615 3469 1669 supe-

1937 1688 2053 1743 rius
2083 1704 2175 1743 eos
2206 1692 2296 1757 qui
2334 1689 2573 1742 habitant
2603 1689 2657 1741 in
2698 1689 2857 1743 domo
2891 1688 2982 1741 Dei
3034 1690 3217 1743 beatos
3248 1690 3467 1758 plurali-

1939 1786 2020 1833 ter
2048 1778 2292 1842 dixisset,
2319 1779 2405 1832 hic
2432 1794 2595 1833 unum
2626 1781 2929 1847 quempiam
2966 1780 3017 1831 in
3041 1780 3229 1850 primis
3252 1780 3465 1833 beatum

264 1878 374 1945 τῆς
403 1876 669 1939 διανοίας,
701 1876 958 1945 μεταϐολῇ
1003 1876 1257 1945 κέχρηται
1286 1874 1376 1926 τοῦ
1410 1874 1562 1941 λόγου
1592 1875 1695 1927 ἀπὸ
1724 1874 1828 1926 δια-

1932 1871 2203 1939 przedicat.
2238 1872 2405 1936 Quem
2438 1887 2584 1935 vero,
2619 1874 2725 1927 nisi
2762 1888 2882 1927 eum
2916 1874 3004 1942 qui
3036 1874 3090 1927 in
3120 1873 3257 1927 valle
3294 1874 3467 1943 laery-

266 1968 587 2036 ψάλματος.
628 1966 820 2034 Διόπερ
860 1967 1107 2034 ἀνωτέρω
1147 1964 1513 2033 πληθυντικῶς
1543 1965 1836 2033 μακαρίους

262 2059 399 2120 τοὺς
437 2055 823 2117 κατοικοῦντας
858 2056 913 2105 ὲν
953 2055 1028 2122 τῷ
1066 2054 1197 2123 οἴκῳ
1252 2055 1342 2107 τοῦ
1372 2054 1504 2107 Θεοῦ
1538 2054 1720 2117 εἰπὼν,
1760 2056 1836 2106 ὲν-

263 2147 452 2199 ταῦθα
498 2146 595 2198 ἕνα
642 2146 759 2197 τινὰ
802 2145 1084 2213 μακαρίζει
1134 2144 1270 2196 κατά
1308 2143 1593 2213 ἐξαίρετον.
1625 2146 1754 2198 Τίνα
1780 2145 1836 2206 δὲ

266 2235 470 2287 τοῦτον
515 2234 545 2302 ἦ
595 2233 683 2285 τὸν
719 2233 773 2282 ὲν
810 2234 871 2300 τῇ
909 2232 1105 2283 κοιλάδι
1138 2231 1228 2283 τοῦ
1256 2231 1596 2299 κλαυθμῶνος
1628 2231 1836 2298 ἀντιλή-

264 2326 426 2393 ψεως
463 2327 563 2393 τῆς
597 2323 743 2394 παρὰ
770 2322 859 2374 τοῦ
892 2321 1021 2373 Θεοῦ
1063 2322 1374 2390 ἠξιωμένον,
1402 2321 1490 2373 τὸν
1522 2322 1612 2373 καὶ
1648 2320 1838 2373 ἀναϐά-

268 2432 387 2477 σεις
422 2413 692 2482 ἐσχηκότα
718 2410 847 2463 Θεοῦ
874 2413 929 2463 ὲν
954 2413 1017 2480 τῇ
1054 2411 1244 2480 καρδίᾳ
1275 2410 1436 2463 αὐτοῦ
1460 2427 1473 2471 ;
1507 2410 1700 2462 Τοῦτον
1729 2410 1834 2478 γὰρ

268 2503 363 2553 τὸν
414 2502 587 2570 ἄνδρα
634 2499 787 2551 πάλιν
832 2496 1143 2567 μακαρίζειο
1190 2497 1300 2550 ἀλλ’
1332 2499 1391 2549 οὑ
1434 2498 1520 2550 τὸν
1556 2497 1661 2548 τῶν
1690 2498 1835 2566 παρά

264 2591 511 2645 Μωῦσεῖ
527 2587 843 2656 σωματικῶν
868 2586 1086 2638 ἐντολῶν
1120 2588 1343 2655 φύλακα.
1368 2586 1613 2647 Τοιοῦτος
1641 2586 1696 2637 δέ
1721 2588 1832 2646 ἐστι

263 2684 377 2741 πᾶς
409 2682 439 2731 ὁ
466 2677 867 2745 ἀποκλᾳόμενος
896 2678 1078 2728 ἑαυτὸν
1100 2678 1155 2727 ὲν
1181 2676 1257 2744 τῷ
1288 2675 1462 2744 θνητῷ
1501 2676 1589 2727 καὶ
1627 2676 1833 2744 ἀνθρω·

263 2769 416 2836 πίνῳ
456 2768 577 2836 βίῳ,
613 2768 704 2818 καὶ
744 2766 840 2835 τὴν
878 2767 1109 2831 ἐπίγειον
1152 2768 1349 2837 ταύτην
1396 2768 1535 2838 ζωὴν
1579 2769 1834 2839 βαροῦμε-

262 2875 377 2919 νος,
417 2856 487 2925 ἢν
518 2854 736 2906 κοιλάδα
766 2853 1105 2923 κλαυθμῶνος
1130 2858 1157 2907 ὁ
1192 2855 1344 2923 λόγος
1366 2856 1632 2925 ὀνομάζει,
1662 2856 1746 2908 διὰ
1773 2856 1831 2907 τὸ

262 2943 559 3014 κλαυθμοῦ
592 2942 713 3006 ἀξια
750 2938 883 2995 εἶναι
914 2943 980 2995 τὰ
1015 2943 1260 3007 ἐνταῦθα,
1308 2943 1576 3011 κλαυθμοῦ
1620 2961 1677 2996 τε
1708 2944 1829 3009 ἀξια

262 3037 542 3107 πράττειν
570 3034 691 3094 τοὺς
724 3033 813 3083 ἐπὶ
852 3035 954 3101 γῆς
994 3032 1321 3101 ἀνθρώπους,
1352 3035 1441 3085 καὶ
1476 3032 1563 3084 διὰ
1602 3033 1660 3084 τὸ
1706 3035 1829 3096 τοὺς

259 3128 465 3207 ἁγίους
495 3123 588 3176 τοῦ
611 3122 742 3175 Θεοῦ
766 3122 903 3174 κατά
929 3123 1017 3173 τὸν
1044 3122 1278 3190 παρόντα
1308 3122 1418 3191 βίον
1447 3122 1826 3189 ἀποκλᾴεσθαι,

1938 1977 2142 2015 marum
2191 1962 2281 2016 Dei
2315 1963 2613 2031 patrocinio
2641 1964 2913 2033 dignatur,
2957 1964 3049 2032 qui
3081 1964 3240 2023 etiam
3281 1978 3468 2018 ascen-

1936 2052 2114 2105 siones
2135 2052 2225 2104 Dei
2258 2053 2417 2106 habet
2448 2055 2503 2107 in
2534 2054 2695 2107 corde
2732 2053 2863 2109 suo?
2895 2053 3047 2113 Hqu
3072 2054 3267 2123 quippe
3296 2055 3464 2107 virum

1935 2157 2123 2195 rursus
2153 2142 2543 2211 beatumjdicit;
2566 2160 2672 2197 non
2695 2152 2870 2201 autem
2891 2146 3246 2211 corporalium
3267 2144 3463 2213 Moysis

1933 2240 2319 2301 praeceptorum
2351 2234 2628 2288 cultorem.
2658 2232 2803 2291 Talis
2833 2248 2993 2301 porro
3022 2242 3103 2286 est
3128 2234 3372 2303 quisquis
3408 2234 3461 2286 in

1936 2320 2035 2373 hac
2073 2322 2281 2374 mortali
2312 2329 2363 2374 et
2406 2322 2635 2375 humana
2678 2323 2788 2379 vita
2832 2323 3066 2391 seipsum
3096 2323 3374 2393 deplorat;
3409 2331 3463 2376 et

1935 2411 2377 2471 terrenamihanc
2425 2413 2607 2473 vitam,
2661 2426 2823 2479 quam
2869 2412 3058 2469 vallem
3106 2412 3461 2481 lacrymarum

1932 2513 2105 2554 sermo
2149 2509 2442 2569 nuncupat,
2492 2508 2709 2567 gravate
2760 2509 2814 2554 et
2852 2516 2990 2570 aegre
3028 2500 3259 2555 sustinet
3292 2518 3304 2553 :
3336 2501 3462 2569 quia

1930 2589 2090 2657 hujus
2117 2590 2236 2643 vitae
2270 2605 2356 2644 res
2387 2588 2511 2644 ﬂetu
2540 2590 2712 2657 digna:
2756 2599 2901 2653 sunt,
2938 2599 3097 2660 atque
3134 2590 3463 2643 homines-in

1930 2687 2072 2732 terra
2104 2680 2355 2749 degentes
2390 2682 2639 2751 lacryinis
2670 2680 2995 2749 deploranda
3036 2686 3343 2751 perpetrant
3375 2687 3463 2734 :et

1930 2771 2051 2838 quia
2090 2772 2260 2825 sancti
2295 2772 2387 2826 Dei
2432 2773 2484 2825 in
2527 2773 2628 2825 hac
2672 2773 2778 2823 vita
2813 2771 3047 2833 ﬂetibus,
3096 2770 3383 2840 gemitibus
3411 2778 3464 2823 et

1926 2858 2182 2912 aerumnis
2218 2858 2398 2911 traditi
2434 2868 2560 2913 sunt
2593 2861 2888 2914 secundum
2930 2859 3263 2928 Apostoluin.
3306 2856 3464 2923 Quis-

1925 2947 2047 3015 quis
2087 2962 2213 3015 ergo
2261 2950 2314 3000 in
2350 2949 2487 3003 valle
2518 2949 2894 3017 lacrymarum,
2939 2950 2991 3002 id
3031 2958 3112 3003 est
3164 2949 3214 3000 in
3248 2949 3460 3001 mortali

1924 3036 2033 3089 vita
2079 3038 2379 3103 patrocinio
2432 3037 2523 3091 Dei
2570 3037 2797 3102 fruitur,
2866 3054 2988 3092 vcre
3039 3040 3235 3095 beatus,
3276 3037 3458 3099 fuerit,

1924 3123 2139 3205 quando
2176 3127 2405 3180 maxime
2433 3128 2779 3181 ascensiones
2805 3127 2895 3181 Dei
2929 3128 2982 3187 in
3020 3127 3181 3182 corde
3205 3127 3323 3195 ejus
3367 3142 3459 3195 po-

263 3201 634 3274 στενάξοντας
674 3212 768 3263 καὶ
807 3210 1165 3279 βαρουμένους
1200 3210 1337 3263 κατά
1372 3212 1461 3263 τὸν
1497 3213 1826 3266 Ἀπόστολον.

1930 3214 2047 3267 sitae
2066 3201 2219 3267 sunt.
2248 3214 2381 3269 Cum
2402 3216 2543 3270 enim
2572 3216 2663 3277 alii
2691 3217 2933 3270 homines
2966 3215 3283 3273 mortalibus
3313 3216 3460 3284 cogi-

260 3306 384 3365 Πᾶς
418 3298 513 3353 οῦν
545 3301 573 3351 ὁ
604 3301 661 3350 ὲν
692 3302 755 3368 τῇ
804 3298 998 3351 κοιλάδι
1030 3298 1121 3349 τοῦ
1152 3298 1520 3368 κλαυθμῶνος,
1563 3301 1830 3354 τουτέστιν

259 3396 317 3445 ὲν
366 3389 456 3458 τῷ
509 3388 684 3458 θνητῷ
733 3388 831 3456 βίῳ
883 3387 979 3455 τῆς
1025 3388 1170 3455 παρά
1208 3387 1296 3439 τοῦ
1338 3388 1469 3440 Θεοῦ
1504 3390 1829 3458 ἀντιλήψεως

256 3482 588 3549 τυγχάνων,
645 3478 906 3548 μακάριος
952 3478 1159 3545 ἀληθῶς
1208 3477 1271 3529 ἂν
1308 3478 1422 3548 εἴη,
1470 3480 1556 3530 ὅτε
1603 3480 1829 3547 μάλιστα

256 3571 567 3630 ἀναϐάσεις
605 3569 697 3620 τοῦ
735 3568 863 3619 Θεοῦ
908 3568 966 3619 ἐν
1018 3571 1081 3637 τῇ
1136 3568 1327 3638 καρδία
1368 3570 1525 3621 αὑτοῦ
1567 3570 1824 3636 γίνονται,

255 3662 386 3713 Τῶν
420 3658 531 3728 γὰρ
560 3658 729 3711 ἄλλων
763 3656 1057 3725 ἀνθρώπων
1094 3657 1300 3725 θνητοῖς
1336 3658 1605 3727 λογισμοῖς
1642 3659 1829 3711 καθελ-

258 3747 522 3817 κομένων
547 3748 626 3807 εἰς
656 3748 761 3796 πᾶν
796 3740 932 3805 εἶδος
963 3744 1248 3814 ἁμαρτίας,
1286 3744 1418 3797 ἀλλὰ
1445 3747 1535 3797 καὶ
1567 3745 1827 3814 δαιμόνων

256 3835 573 3895 ἐπιϐολαῖς,
604 3834 694 3884 καὶ
727 3834 967 3901 πονηρῶν
999 3834 1315 3902 πνευμάτων
1348 3835 1666 3905 ὲνθυμήσεσι
1699 3836 1826 3887 ὑπο-

257 3923 687 3991 σκελιζομένων,
743 3923 771 3972 ὁ
827 3924 899 3991 μὴ
941 3922 1144 3985 τούτοις
1187 3925 1549 3993 ἁλισκόμενος,
1592 3925 1728 3981 facit
1769 3927 1825 3979 δὲ

253 4014 403 4067 Θεοῦ
429 4012 589 4081 χάριν
614 4011 899 4073 ἀναϐάσεις
932 4011 1135 4078 ἀγαθὰς
1166 4015 1255 4065 καὶ
1287 4014 1570 4082 λογισμοὺς
1598 4017 1659 4066 ἐκ
1690 4015 1821 4066 Θεοῦ

252 4101 651 4172 πεμπομένους
701 4100 756 4150 ἐν
799 4102 863 4167 τῇ
917 4102 1107 4170 καρδία
1146 4102 1303 4153 αὐτοῦ
1354 4103 1641 4171 κτώμενος,
1672 4098 1822 4166 οὗτος

252 4190 482 4259 ἀληθῶς
532 4190 813 4257 μακάριος,
842 4190 870 4239 ὁ
914 4190 1005 4241 καὶ
1028 4191 1113 4243 διά
1150 4192 1343 4254 παντὸς
1373 4194 1634 4247 κατοικῶν
1660 4196 1715 4246 ὲν
1744 4194 1820 4262 τῷ

252 4282 400 4349 οἴκῳ
430 4278 524 4331 τοῦ
561 4277 714 4338 Θεοῦ,
742 4280 833 4329 καὶ
870 4277 1053 4349 ὥσπερ
1104 4283 1274 4351 ἱερεύς
1318 4300 1399 4345 τις
1447 4284 1580 4356 μόνῃ
1626 4288 1688 4354 τῇ
1731 4285 1819 4336 λα-

253 4370 423 4439 τρεία
452 4366 547 4417 τοῦ
574 4364 706 4417 Θεοῦ
742 4366 1038 4433 σχολάζων,
1065 4370 1155 4420 καὶ
1200 4371 1458 4441 μακάριος
1495 4368 1673 4433 οὗτος.
1725 4376 1816 4426 ἅτε

255 4458 487 4526 πρῶτον
516 4456 611 4522 μὲν
656 4456 1012 4525 ἀντιλήτττορα
1060 4457 1192 4526 ἔχων
1239 4460 1329 4511 τὸν
1368 4461 1494 4515 Θεὸν
1532 4462 1817 4534 βοηθοῦντα

1930 3291 2222 3359 ιαιὶοιιὶιιυέ
2270 3306 2322 3357 in
2359 3314 2577 3375 peccata
2623 3307 2797 3362 omnis
2836 3308 3045 3375 generis
3087 3307 3457 3373 detrahantur,

1931 3394 2336 3463 damnumque
2365 3396 2643 3451 conatibus
2689 3410 2751 3449 ac
2785 3397 3137 3465 malignorum
3172 3395 3456 3463 spirituum

1928 3484 2359 3556 suggestionibus
2382 3486 2827 3553 supplantentur;
2855 3487 2945 3553 qui
2984 3500 3169 3539 eorum
3193 3484 3457 3538 machinis

1925 3587 2031 3631 non
2053 3575 2281 3642 capitur,
2313 3574 2404 3628 sed
2433 3574 2523 3628 Dei
2555 3576 2724 3644 gratia
2766 3578 3111 3633 ascensiones
3153 3577 3321 3631 bonas
3344 3585 3399 3631 et
3425 3592 3455 3629 a

1925 3661 2032 3719 Deo
2056 3664 2247 3717 missas
2280 3664 2634 3733 cogitationes
2667 3665 2721 3719 in
2754 3668 2915 3720 corde
2948 3681 3047 3720 suo
3074 3665 3331 3734 possidet,
3367 3666 3456 3720 hic

1922 3766 2045 3805 vere
2080 3753 2301 3818 beatus;
2336 3754 2427 3822 qui
2460 3756 2620 3808 etiam
2664 3756 2716 3810 in
2744 3756 2905 3810 domo
2942 3756 3030 3809 Dei
3064 3771 3276 3825 semper
3314 3757 3457 3811 habi-

1923 3849 2019 3906 tat,
2054 3852 2105 3897 et
2136 3844 2290 3912 quasi
2323 3844 2576 3904 sacerdos
2617 3846 2883 3914 quispiam
2914 3848 3013 3902 soli
3048 3846 3139 3902 Dei
3178 3848 3346 3901 cultui
3372 3864 3456 3902 va-

1922 3940 2028 3997 cat,
2066 3948 2197 3989 sane
2243 3944 2293 3987 et
2336 3935 2527 3990 beatus
2569 3936 2657 3989 ille
2691 3938 2903 4003 :pritno
2943 3937 3068 4005 quia
3113 3937 3167 3989 in
3207 3938 3456 3992 omnibus

1921 4022 2129 4077 actibus
2151 4024 2265 4077 suis
2291 4023 2455 4079 Deum
2481 4025 2639 4078 habet
2669 4034 3035 4093 susceptorem
3059 4032 3112 4078 et
3134 4033 3455 4093 patronum;

1919 4108 2109 4163 deinde
2148 4110 2273 4177 quia
2329 4112 2674 4166 ascensiones
2723 4111 2818 4166 Dei
2874 4112 2928 4165 in
2973 4112 3135 4167 corde
3178 4112 3453 4179 possidet;

1917 4199 2111 4266 quibus
2140 4201 2544 4255 ascensionibus
2575 4202 2947 4269 significantur
2976 4204 3328 4272 cogitationes
3357 4203 3453 4257 bo-

1917 4304 2017 4350 ωε,
2043 4304 2160 4357 qua:
2186 4306 2248 4343 ex
2277 4288 2370 4344 Dei
2397 4300 2530 4343 nutu
2561 4292 2613 4342 in
2645 4293 2956 4345 memoriam
2994 4292 3113 4358 ejus
3141 4292 3231 4359 qui
3264 4292 3453 4347 beatus

1915 4378 2236 4445 praedicatur
2264 4380 2561 4433 ascendunt
2588 4388 2643 4439 et
2670 4388 2984 4435 accurrunt.
3015 4381 3069 4433 ιιι
3103 4396 3263 4449 porro
3298 4382 3451 4434 intel-

1916 4468 2068 4536 ligas,
2113 4470 2158 4522 si
2204 4469 2330 4523 huic
2371 4470 2513 4525 dicto
2564 4471 2813 4529 conferas
2843 4472 2973 4525 illud
2997 4473 3040 4503 ’⁸
3069 4492 3081 4526 :
3110 4471 3239 4526 Cum
3281 4488 3451 4533 perse~

253 4542 432 4611 αὐτῷ,
474 4542 567 4593 καὶ⁵
599 4543 1111 4611 ἀντιλαμϐανόμενον
1154 4546 1210 4596 ὲν
1259 4548 1454 4610 πάσαις
1498 4551 1654 4602 αὑτοῦ
1701 4554 1816 4612 ταῖς

1928 4566 2131 4623 queatur
2168 4575 2252 4611 vos
2298 4568 2346 4613 et
2382 4559 2635 4621 adducent
2666 4562 2721 4613 in
2757 4562 2999 4623 concilia,
3030 4564 3187 4615 nolite
3226 4565 3451 4631 cogitare

252 4631 560 4701 ’πράξεσιν
589 4630 773 4681 ἔπειτα
807 4633 1131 4700 κεκτημένος
1156 4634 1440 4699 ἀναϐάσεις
1479 4638 1606 4690 Θεοῦ
1653 4642 1708 4691 ὲν
1747 4644 1810 4709 τῇ

256 4721 460 4789 καρδία
492 4719 654 4770 αὑτοῦ
678 4736 689 4747 ·
718 4720 948 4786 ἀγαθοὺς
983 4720 1038 4771 δὲ
1078 4722 1359 4792 λογισμοὺς
1393 4729 1734 4795 σημαίνουσιν
1760 4732 1812 4781 αί

256 4810 559 4871 ἀναϐάσεις
588 4810 680 4861 καὶ
707 4808 909 4876 ἀγαθὰς
934 4810 1248 4879 ἐνθυμήσεις
1269 4815 1364 4876 τάς
1390 4818 1525 4870 κατά
1550 4818 1678 4871 Θεοῦ
1706 4821 1818 4888 βου-

257 4899 354 4968 λὴν
386 4898 642 4959 ἀνιούσας
679 4898 769 4949 καὶ
806 4900 1195 4969 άνατρεχούσας
1227 4904 1315 4954 ἐπὶ
1347 4902 1439 4973 τὴν
1465 4907 1679 4976 μνήμην
1724 4910 1813 4961 τοῦ

259 4986 721 5056 μακαριζομένου.
748 4988 855 5057 Νοή
867 5006 972 5051 ssi;
992 4990 1045 5041 δὲ
1069 4989 1221 5041 τοῦτο
1242 4993 1497 5061 παραθεὶς
1522 4996 1579 5047 τό
1599 5013 1608 5023 ·
1640 4998 1810 5049 Ὅταν

254 5074 555 5126 διώκωσιν
582 5073 729 5139 ὑμᾶς
760 5076 855 5127 καὶ
888 5076 1106 5144 ἄγωσιν
1142 5081 1226 5142 εἰς
1248 5080 1545 5147 συνέδρια,
1584 5085 1667 5152 μὴ
1703 5106 1807 5154 μεςε

1916 4651 2164 4717 quomodo
2214 4662 2304 4703 aut
2347 4654 2470 4721 quid
2517 4654 2844 4722 loquamini:
2875 4654 3086 4706 dabitur
3134 4656 3267 4707 enim
3312 4654 3449 4707 vobis

1916 4755 2081 4795 sermo
2108 4741 2160 4791 in
2195 4744 2454 4806 apertione
2484 4745 2589 4795 oris
2633 4745 2787 4797 vestri
2808 4745 2873 4799 ‘9.
2905 4743 3023 4796 Non
3054 4746 3188 4797 enim
3216 4762 3299 4798 vos
3328 4745 3449 4798 estis

1916 4831 2002 4898 qui
2041 4832 2343 4899 loquimini,
2394 4833 2482 4887 sed
2520 4832 2746 4899 Spiritus
2796 4834 2976 4888 Patris
3029 4838 3213 4895 vestri.
3266 4838 3354 4903 qui
3398 4840 3448 4889 in

1918 4917 2058 4975 caelis
2081 4928 2177 4979 est,
2216 4920 2304 4986 qui
2336 4921 2561 4987 loquitur
2593 4923 2643 4977 in
2683 4924 2842 4977 vobis.
2874 4922 3003 4977 Nam
3042 4924 3087 4976 is
3115 4924 3167 4974 in
3192 4940 3299 4991 quo
3331 4922 3450 4992 Spi-

1916 5006 2052 5060 ritus
2088 5007 2179 5061 Dei
2225 5009 2477 5076 loquitur,
2526 5012 2577 5062 in
2602 5012 2763 5064 corde
2794 5012 3138 5065 ascensiones
3191 5011 3280 5065 Dei
3311 5014 3450 5065 obti-

1912 5103 2022 5147 net.
2058 5095 2206 5150 Unde
2237 5099 2423 5151 merito
2450 5099 2639 5154 beatus
2666 5102 3002 5170 praedicatur.
3038 5100 3087 5153 Is
3117 5101 3232 5168 ipse
3258 5103 3310 5153 in
3333 5103 3451 5154 loco

244 5164 589 5229 ριμνήσητε
632 5178 753 5228 πως
798 5164 835 5230 ἢ
879 5166 933 5216 τι
969 5166 1299 5233 λαλήσητε³
1352 5169 1661 5239 δοθήσεται
1702 5178 1807 5244 γὰρ

1928 5182 2085 5247 lctus,
2123 5186 2293 5248 idest,
2336 5187 2390 5243 in
2427 5188 2543 5243 loco
2579 5164 2813 5251 terreno,
2851 5190 2943 5242 Dei
2974 5164 3357 5244 testamentum
3401 5200 3453 5244 et

249 5251 400 5315 ὑμῖν
426 5254 459 5303 ό
481 5252 662 5317 ,λόγος
681 5251 749 5302 ἐν
772 5252 990 5315 ἀνοίξει
1040 5255 1142 5306 τοῦ
1190 5260 1476 5323 στόματος
1508 5260 1686 5326 ὑμῶν.
1726 5269 1805 5319 Οὐ

1928 5273 2117 5342 :loquia
2148 5277 2267 5345 ejus
2294 5292 2392 5330 ceu
2424 5278 2690 5347 legatione
2712 5281 2939 5348 fungens
2968 5279 3251 5345 disposuit.

252 5344 367 5445 ῒάξ
405 5343 748 5449 ὐιξξῖςτὲσξε
776 5346 828 5449 οξ
863 5346 1211 5449 ἐωξοῦντεῖς
1460 5352 1526 5449 τι)
1570 5357 1805 5425 Πνεῦμα
1839 5365 1942 5418 τοῦ
1981 5343 2203 5435 Πατρός-
2230 5370 2391 5437 ὑμῶν
2421 5343 2525 5426 τοῦ
2552 5376 2620 5427 ἐν
2648 5343 2919 5443 οὐρανοῖς
2959 5374 3022 5423 τὸ
3051 5343 3059 5345 ὴ
3092 5376 3335 5428 λαλοῦν
3393 5376 3451 5428 ἐν

778 5433 1078 5542 τὶ
1115 5436 1374 5542 τοῦὶθεοῦ
1423 5441 1584 5542 λαλεῖ,
1614 5449 1798 5542 τοῦτου
1835 5432 2119 5523 ἀναϐάσεις
2158 5432 2289 5514 Θεοῦ
2318 5465 2374 5517 ἐν
2412 5466 2605 5539 καρδίᾳ
2659 5432 2821 5521 αῦτοῦ
2854 5432 3139 5533 γίγνονται.
3169 5466 3267 5517 Διὸ
3326 5466 3465 5518 εικό-

250 5536 390 5631 ἷως-
404 5521 795 5631 μακαρίζεται.ι
816 5521 978 5631 Οῦτρς
1010 5522 1071 5617 ⁸δὲ
1110 5526 1267 5631 ανύτξς
1306 5530 1360 5579 ὲν
1400 5530 1679 5631 τέδχωρίῳ
1713 5541 1804 5594 τοῦ
1844 5521 2202 5618 κλαυθμῶνος,
2231 5521 2501 5611 τουτέστιν
2528 5521 2591 5614 ἐν
2606 5559 2682 5631 τῷ
2733 5521 2995 5627 περιγέίῳ
3021 5556 3169 5625 τόπῳ
3210 5556 3320 5624 τὴν
3372 5554 3468 5615 τοῦ

254 5611 391 5661 Θεοῦ
416 5612 682 5680 Διαθήκην
711 5613 801 5663 καὶ
830 5613 891 5663 τὰ
917 5612 1069 5678 λόγία
1095 5616 1251 5668 αὑτοῦ
1273 5622 1579 5687 πρεσϐεύων
1602 5627 1875 5690 διέθετο.ί
2013 5611 2025 5617 “
2162 5611 2198 5618 τ’
2541 5611 2544 5612 ν
2566 5611 2574 5614 ﬁ
2619 5611 2671 5631 Ἴ
2811 5611 2821 5627 ’
2877 5611 2889 5623 ’
2968 5611 2980 5626 ’
3139 5611 3159 5633 ”

328 5724 374 5767 ’.⁸
416 5723 603 5785 Μιιιιιι.Δ
636 5740 698 5785 x,
737 5724 823 5789 l9,
855 5725 941 5775 ‘20.
1015 5729 1059 5758 ”
1100 5727 1289 5800 Ephes.
1328 5750 1410 5797 vr,
1446 5734 1522 5789 l9.
