3834 6386
238 563 253 585 ι
359 490 491 548 ΙΟΗ

386 622 405 651 \
429 607 533 660 Pro
567 607 657 660 illo
701 613 873 658 autem
895 645 907 663 .
948 603 1206 668 Disposuit
1260 602 1313 654 in
1336 602 1470 655 valle
1501 602 1849 672 lacrymarum
1869 640 1883 664 ,
1916 608 1959 662 Α

361 694 712 765 Symmachus
741 699 818 747 sic
838 693 1013 749 habet.
1039 690 1391 759 Prwgrediens
1421 692 1604 744 vallem
1628 691 1884 758 plorabat.

361 783 457 837 Hic
492 799 650 852 porro
683 797 776 850 per
796 782 981 834 vallem
1007 783 1384 850 lacrymarum,
1411 783 1696 835 humanam
1725 782 1887 832 vitam

359 879 584 933 indicari
621 878 871 938 diximus,
928 890 1084 944 quam
1121 877 1164 930 is
1193 877 1283 944 qui
1336 876 1524 930 beatus
1573 875 1889 944 praedicatur

361 966 723 1035 pertransiens
742 972 795 1020 et
829 973 1205 1019 transcurrens
1230 965 1383 1032 quasi
1405 965 1605 1018 advena
1624 965 1888 1032 quispiam

358 1062 412 1108 et
442 1043 773 1122 peregrinus,
805 1052 1043 1106 caelestis
1075 1053 1258 1120 patria:
1299 1067 1481 1106 amore
1510 1052 1760 1122 ﬂagrans,
1799 1051 1891 1105 ﬂe-

357 1141 503 1195 tibus
558 1142 915 1210 lacrymisque
952 1142 1335 1194 beatitudinem
1382 1142 1720 1210 parientibus
1772 1155 1891 1196 sese

359 1238 612 1294 macerat,
648 1230 939 1283 secundum
977 1229 1104 1282 illud
1125 1269 1138 1292 ,
1176 1229 1327 1282 Beati
1351 1230 1439 1298 qui
1463 1230 1634 1298 lugent
1655 1231 1719 1284 ’°.
1750 1230 1892 1296 Qua-

358 1319 425 1372 lis
455 1326 570 1370 erat
596 1316 792 1370 Paulus
837 1319 925 1385 qui
955 1317 1080 1369 talia
1113 1317 1257 1370 fatur
1287 1337 1300 1371 :
1335 1317 1446 1371 Nos
1494 1320 1582 1387 qui
1623 1335 1799 1372 sumus
1838 1319 1893 1373 in

361 1409 714 1472 tabernaculo,
764 1410 1144 1478 ingemiscimus
1173 1411 1380 1478 gravati
1409 1410 1472 1461 “.
1503 1409 1606 1463 Pro
1657 1410 1748 1462 illo
1792 1425 1891 1462 au-

359 1499 574 1562 lem,ln
605 1500 713 1552 loco
755 1515 902 1568 quem
946 1501 1137 1566 posuit,
1184 1499 1394 1568 Aquila,
1444 1498 1661 1552 Fontem
1705 1507 1893 1567 ponent

357 1606 505 1652 eam;
540 1589 891 1660 Symmachus
922 1604 1069 1653 vero,
1124 1587 1266 1641 Fons
1314 1589 1656 1644 ordinabitur.
1699 1588 1889 1653 Quem.

356 1679 551 1747 inquit,
585 1679 783 1731 fontem
833 1682 1051 1746 ponent,
1096 1677 1203 1730 nisi
1257 1678 1446 1730 vallem
1503 1678 1894 1747 laerymarum?

359 1768 554 1822 Totum
583 1777 757 1818 autem
799 1767 972 1820 locum
995 1766 1074 1819 sic
1099 1764 1289 1832 Aquila
1311 1765 1690 1834 interpretatur
1723 1781 1736 1818 :
1763 1765 1893 1818 Per-

361 1867 682 1910 transeuntes
708 1860 761 1908 in
787 1857 920 1908 valle
941 1857 1111 1912 ﬂetus.
1142 1856 1331 1912 fontem
1361 1865 1547 1924 ponent
1596 1873 1730 1910 eam.
1797 1856 1890 1912 His

1076 487 1342 543 EUSEBII
1371 485 1838 543 CAESARIENSIS
1876 484 2022 541 OPP.
2064 483 2241 538 PARS
2266 480 2851 538 [IL—EXEGETICA.

3505 461 3646 517 1812

2067 598 2208 650 Ἀντὶ
2226 597 2280 649 δὲ
2301 595 2392 648 τοῦ
2409 636 2421 659 ,
2444 594 2661 648 Διέθετο
2687 595 2778 655 εἰς
2800 587 2931 653 τὴν
2956 578 3258 637 κοιλάδα
3281 575 3402 629 τοῦ
3428 578 3648 627 κλαυθ-

1982 691 2195 759 μῶνος,
2211 691 2238 741 6
2250 688 2321 740 Σύ
2328 707 2364 757 μ
2371 687 2534 756 μοιχός
2549 701 2702 754 φησι,
2724 677 3119 749 Προοδεύων
3139 667 3424 724 κοιλάδα
3441 668 3648 759 ξκλαι-

1987 756 2072 834 εν.
2111 756 2342 832 Κοιλάδα
2367 777 2421 828 66
2456 773 2805 842 κλαυθμῶνος
2840 772 2904 821 ὲν
2932 765 3182 824 τούτοις
3215 760 3323 812 τὸν
3358 756 3648 823 ἀνθρώπι-

1987 888 2072 923 νον
2096 870 2299 937 ἔφαμεν
2319 863 2602 935 δηλοῦσθαι
2627 862 2764 930 βίον,
2791 860 2855 911 ὃν
2877 859 2909 908 6
2939 851 3444 928 μακαριζόμενος
3473 863 3651 916 παρο-

1985 957 2150 1010 δεύων
2181 955 2271 1008 καὶ
2301 952 2651 1024 παρατρέχων
2674 989 2689 1013 ,
2724 947 2928 1015 ὥσπερ
2947 961 3046 1006 τις
3074 942 3381 1010 πάροικος
3409 937 3513 988 καὶ
3551 951 3653 987 πα-

1989 1047 2310 1118 ρεπίδημος,
2349 1044 2446 1112 τὴν
2487 1039 2812 1110 ἐπουράνιον
2863 1031 3084 1088 ἑαυτοῦ
3127 1027 3401 1101 πατρίδα
3442 1025 3651 1118 ποθῶν,

1987 1116 2310 1205 ἀποκλᾴεται
2360 1131 2632 1200 κλαυθμὸν
2680 1127 2776 1181 τὸν
2838 1121 3294 1195 μακαριοποιὸν
3345 1116 3506 1171 κατὰ
3552 1118 3613 1170 τό
3634 1135 3648 1150 ·

1979 1219 2268 1294 ’Μακάριοι
2298 1228 2356 1278 οἱ
2395 1224 2732 1286 κλαίοντες.
2795 1212 2932 1280 υἷος
2981 1211 3060 1285 ἦν
3095 1216 3129 1265 6
3163 1211 3410 1273 Παῦλος
3435 1208 3652 1277 λέγων·

1998 1315 2184 1386 Ἡμεῖς
2205 1317 2256 1366 οἱ
2276 1314 2443 1377 ὄντες
2459 1313 2529 1364 ἐν
2552 1310 2630 1375 τῷ
2660 1307 2884 1372 σκήνει
2907 1300 3332 1369 στενάζομεν
3343 1300 3657 1366 ,ϐαρούμε-

1987 1424 2096 1460 rat.
2138 1405 2276 1456 Ἀντὶ
2299 1404 2356 1455 66
2377 1401 2470 1454 τοῦ
2490 1442 2504 1465 ,
2534 1403 2638 1463 Εἰς
2667 1398 2864 1450 τόπον
2893 1394 2974 1446 ὃν
2999 1392 3198 1444 ἔθετο
3221 1429 3240 1452 ,
3279 1392 3312 1441 6
3346 1388 3455 1457 μὲν
3500 1387 3659 1440 ’Ax-j.

1987 1497 2084 1558 λας
2112 1495 2260 1564 φησι,
2291 1491 2498 1560 Πηγὴν
2529 1489 2828 1554 θήσονται
2859 1483 3111 1548 αὐτήν-ο
3156 1482 3190 1534 6
3223 1481 3293 1533 66
3321 1480 3653 1549 Σύμμαχος,

1990 1585 2153 1654 Hirri]
2178 1583 2428 1647 τάξεται.
2453 1582 2584 1633 Τίνα
2606 1579 2660 1631 δὲ
2685 1576 2886 1646 αὐτὴν,
2914 1575 3095 1644 φησὶ,
3123 1572 3340 1652 πηγὴν
3367 1570 3654 1640 θήσονται,

1989 1677 2021 1746 ἢ
2055 1673 2285 1743 δηλονότι
2314 1671 2408 1741 τὴν
2442 1669 2661 1723 κοιλάδα
2687 1667 2785 1720 τοῦ
2813 1664 3228 1735 κλαυθμῶνος
3254 1681 3272 1729 ;
3313 1662 3492 1715 Ὀλον
3529 1664 3656 1731 γοῦν

1988 1766 2155 1826 οὕτως
2187 1763 2520 1832 ἡρμήνευσεν
2553 1760 2582 1810 6
2615 1756 2861 1818 Ἀκύλας
2897 1753 3094 1808 εἰπών
3119 1771 3135 1784 ·
3187 1754 3655 1820 ΠαρερχόμετὊι

1989 1855 2058 1907 ἐν·
2077 1851 2305 1906 κοιλάδι
2327 1849 2434 1902 τοῦ
2452 1847 2789 1916 κλαυθμοῦ,
2819 1843 3054 1914 πηγὴν
3076 1842 3414 1909 θήσονται
3440 1843 3648 1907 αὐτὴν.

359 1963 520 2016 porro
550 1945 835 2014 signiﬁcat,
882 1945 1115 1998 advenas
1143 1953 1196 1999 et
1227 1946 1539 2014 peregrinos
1575 1947 1628 1999 in
1682 1947 1780 1999 hac
1811 1947 1890 1999 vi-

2035 1944 2153 2014 ηλοϊ
2185 1939 2239 1993 δὲ
2271 1940 2357 1992 διὰ
2385 1937 2621 1998 τούτων,
2655 1938 2733 2000 ὡς
2762 1938 2877 2008 ἄρα
2915 1939 2972 1990 οἱ
3005 1937 3312 2007 πάροικοι
3351 1934 3454 1986 καὶ
3487 1951 3652 2003 παρε-

358 2047 433 2102 ta,
465 2038 739 2090 hominum
769 2036 961 2089 vallem
987 2036 1038 2088 in
1071 2036 1268 2088 fontem
1298 2037 1586 2103 positu-ros,
1613 2037 1724 2091 sive
1777 2037 1894 2092 l‘on-

359 2137 466 2182 tem
496 2128 842 2181 ordinaturos
871 2142 992 2181 esse
1021 2141 1085 2179 ex
1140 2125 1480 2197 Symmacho,
1510 2127 1716 2197 hacque
1764 2145 1895 2186 voce

359 2217 592 2270 divinam
620 2217 916 2270 doctrinam
950 2216 1238 2285 appellant.
1270 2214 1414 2270 Fons
1438 2216 1636 2286 quippe
1650 2219 1771 2272 vim
1799 2233 1894 2288 po-

359 2315 449 2361 tus
483 2308 902 2362 immortalitatis
932 2309 985 2360 in
1025 2309 1162 2363 valle
1195 2308 1350 2364 ﬂetus
1383 2324 1413 2363 a
1446 2308 1540 2365 Dei
1567 2319 1621 2363 et
1665 2309 1895 2364 homini-

360 2399 463 2450 bus
497 2397 634 2465 apud
665 2397 940 2449 hominum
972 2413 1140 2466 genus
1180 2399 1551 2467 constituitur,
1593 2414 1689 2470 per
1719 2398 1894 2452 viviﬁ-

359 2501 480 2541 cam
521 2488 726 2541 scilicet
756 2497 808 2542 et
852 2487 994 2556 piam
1033 2487 1359 2550 doctrinam,
1411 2504 1571 2558 quam
1626 2504 1748 2542 cum
1791 2488 1894 2557 ipsi

362 2575 625 2636 adierunt,
656 2583 768 2627 tum
804 2575 924 2630 aliis
955 2591 1051 2644 per
1078 2576 1276 2640 scripta
1303 2590 1400 2629 sua
1451 2575 1803 2644 reliquerunt.
1826 2603 1893 2615 —

361 2661 526 2718 Vens.
557 2663 608 2717 8.
638 2661 706 2717 lis
735 2679 861 2717 vero
906 2664 1036 2732 ipsis
1085 2664 1141 2716 in
1189 2665 1545 2734 lacrymarum
1591 2663 1894 2717 mercedem

361 2753 796 2824 condignumque
846 2751 1100 2816 fructum,
1160 2752 1584 2807 benedictionem
1636 2753 1894 2821 rependet

362 2842 600 2911 ipsorum
630 2841 922 2910 legislator.
963 2840 1292 2904 Quibusnam
1318 2841 1741 2896 benedictionem
1793 2844 1894 2895 im-

361 2931 578 3000 pertiet,
605 2931 708 2984 nisi
739 2931 806 2984 iis
832 2931 922 2998 qui
975 2931 1027 2982 in
1064 2929 1166 2983 hac
1227 2931 1360 2984 valle
1412 2931 1663 3002 lacrymis
1705 2931 1892 3000 dediti,

363 3020 563 3074 fontem
595 3021 648 3074 in
678 3021 769 3073 illa
801 3020 1114 3088 posuerint?
1164 3017 1266 3073 Pro
1297 3020 1389 3074 illo
1420 3028 1619 3082 autem,
1670 3021 1892 3090 legisla-

363 3119 476 3172 tor;
511 3108 1100 3177 Aquila,~matutinus;
1155 3105 1508 3177 Symmachus
1547 3125 1695 3170 vero,
1751 3127 1894 3164 com-

360 3209 704 3262 monstrator,
733 3198 899 3263 dixit;
938 3198 1120 3266 quinta
1147 3205 1323 3252 autem
1347 3198 1532 3264 editio,
1569 3201 1673 3264 Qui
1696 3201 1893 3254 iilumi-

363 3299 487 3355 nat,
518 3289 622 3342 alia
646 3289 770 3342 item
802 3286 1044 3355 quadam
1080 3292 1230 3340 sexta
1276 3284 1462 3350 editio,
1490 3287 1592 3352 Qui
1619 3288 1783 3343 docet.
1817 3290 1896 3342 Ita

363 3386 422 3430 ut
451 3394 514 3433 ex
546 3378 795 3432 omnibus
823 3376 1057 3430 salutare
1082 3372 1315 3428 Verbum
1364 3376 1613 3439 indicari,
1641 3377 1896 3432 subintel-

363 3469 528 3536 ligere
549 3469 727 3522 liceat.
761 3467 875 3535 Ipse
902 3478 1134 3535 namque
1176 3471 1260 3518 est
1285 3467 1578 3535 legislator,
1627 3467 1897 3520 illumina-

363 3565 470 3620 tor,
507 3557 713 3620 doctor,
768 3557 1012 3625 idemque
1057 3556 1352 3611 matutinus
1400 3565 1453 3610 et
1500 3565 1895 3612 commonstra-

360 3659 486 3716 tor;
519 3650 812 3704 secundum
839 3649 1078 3716 singulas
1108 3648 1364 3701 virtutum
1410 3663 1629 3702 suarum
1661 3649 1895 3704 rationes

364 3738 450 3790 his
479 3753 610 3790 usus
636 3737 931 3790 vocabulis.
963 3735 1007 3787 A
1040 3751 1146 3803 quo
1177 3735 1602 3791 benedictionem
1635 3738 1776 3791 nacti
1802 3737 1894 3806 qui

364 3825 421 3877 in
457 3825 596 3877 valle
623 3825 1008 3893 lacrymantutr,
1037 3824 1212 3888 ibunt,
1243 3824 1344 3879 iter
1375 3840 1532 3880 suum
1556 3826 1893 3894 perﬁcientes

364 3927 428 3965 ac
459 3912 510 3964 in
542 3911 656 3966 dies
685 3913 918 3965 roborali
942 3930 955 3976 ;
985 3913 1056 3964 ita
1088 3921 1144 3965 ut
1172 3928 1381 3982 semper
1410 3914 1716 3982 proﬁciant,
1748 3924 1802 3969 et
1828 3931 1896 3970 ex

361 4001 556 4054 minori
588 4001 640 4054 in
668 4001 923 4070 majorem
950 4003 1200 4058 virtutem
1233 4004 1513 4068 accedant,
1541 4013 1595 4059 et
1651 4021 1680 4058 a
1726 4007 1896 4075 gloria

365 4091 419 4144 in
441 4092 684 4158 gloriam,
718 4099 776 4146 ut
824 4096 898 4146 ait
943 4093 1158 4148 divinus
1208 4095 1496 4163 Apostolus
1527 4110 1540 4145 :
1574 4094 1639 4148 In
1666 4097 1896 4150 eamdem

363 4183 638 4250 imaginem
663 4184 1027 4251 lransformati
1049 4201 1079 4235 a
1106 4186 1276 4253 gloria
1304 4185 1357 4236 in
1386 4185 1602 4252 gloriam
1632 4186 1694 4237 ³¹.
1721 4185 1896 4250 Quare

365 4271 720 4341 Symmachus
742 4274 820 4327 sic
867 4275 1249 4343 interpretatus
1279 4282 1402 4330 est:
1440 4273 1546 4328 lter
1600 4276 1790 4343 facient
1833 4293 1896 4330 ea:

364 4360 549 4412 virtute
572 4361 630 4412 in
649 4362 907 4415 virtutem.

435 4550 597 4605 Vens.
626 4551 677 4604 9.
726 4552 991 4606 Videbitur
1019 4553 1156 4607 Deus
1208 4553 1420 4606 deorum
1454 4552 1506 4603 in
1538 4549 1681 4604 Sion.
1715 4551 1897 4605 Domi-
1930 4580 1972 4634 υ

365 4657 427 4694 ne
449 4641 587 4694 Deus
611 4642 879 4708 virtutum,
911 4644 1101 4697 exaudi
1132 4645 1418 4696 orationem
1452 4658 1651 4705 meam;
1684 4644 1898 4697 auribus

370 4729 591 4796 percipe,
613 4727 752 4782 Deus
775 4729 956 4783 Iacob.
986 4729 1274 4800 Postquam
1318 4729 1546 4794 dixerat,
1582 4731 1901 4784 Benedictio-

364 4835 480 4872 nem
526 4817 672 4872 dabit
726 4821 1011 4888 legislator,
1067 4822 1310 4891 apposite
1355 4821 1509 4875 docet
1556 4837 1662 4891 qua
1695 4823 1901 4877 ratione

364 4906 704 4960 versantibus
735 4906 788 4960 in
812 4908 948 4962 valle
991 4908 1300 4963 hominibus
1325 4908 1751 4964 benedictionem
1805 4909 1896 4963 da-

365 5001 521 5049 turus
551 4996 640 5049 sit.
683 4996 800 5060 Quo
832 5004 988 5065 pacto
1023 4998 1191 5061 dabit,
1223 4999 1329 5054 nisi
1375 4999 1626 5070 dignatus
1655 5001 1710 5054 in
1755 5009 1898 5056 terra

367 5086 650 5154 conspici?
677 5085 977 5140 Admodum
1001 5098 1410 5159 consequenter,
1443 5092 1766 5150 vaticinatus
1795 5100 1903 5146 tor-

368 5173 570 5226 eularia
601 5173 690 5228 Dei
722 5191 816 5242 per
845 5183 1012 5230 totum
1037 5178 1220 5233 orbem
1253 5180 1418 5234 multa
1450 5180 1628 5234 futura
1651 5197 1791 5245 esse,
1815 5189 1900 5233 ta-

371 5261 656 5316 bernacula
685 5265 808 5317 item
838 5268 1010 5334 plura,
1036 5268 1170 5322 atria
1197 5285 1413 5340 quoque
1439 5279 1492 5324 et
1520 5272 1709 5324 altaria
1739 5284 1899 5345 quam

370 5349 616 5417 plurima,
640 5369 855 5409 causam
888 5356 1040 5410 aﬂert
1063 5375 1162 5415 cur
1182 5363 1295 5417 haec
1316 5361 1494 5415 omnia
1527 5361 1581 5414 in
1610 5368 1752 5414 terra
1772 5374 1902 5413 con-

373 5439 638 5530 stituenda
670 5446 797 5498 sint.
841 5447 1301 5530 gQuaanamporro
1350 5456 1422 5510 sit
1470 5453 1582 5519 illa,
1616 5453 1772 5508 docet
1817 5452 1902 5508 his

372 5527 550 5612 verbis
577 5547 590 5582 :
620 5531 884 5591 Videbitur
913 5539 1052 5600 Deus
1087 5527 1300 5612 deorum
1331 5549 1386 5603 in
1417 5545 1577 5607 Sion;
1615 5543 1902 5598 adventum

373 5611 466 5667 Dei
493 5616 559 5671 ad
585 5618 822 5680 homines
868 5639 923 5684 et
950 5640 1452 5718 conspectum-ejus
1495 5642 1681 5712 aperte
1724 5635 1903 5689 decla-

1989 2034 2212 2103 πίδημοι
2236 2033 2292 2085 ἐν
2311 2031 2389 2102 τῷ
2420 2031 2519 2101 βίῳ
2546 2030 2723 2097 τούτῳ
2753 2028 2858 2098 τὴν
2892 2026 3014 2079 τῶν
3052 2025 3173 2079 ἀνθ
3185 2024 3409 2096 ρώπων
3432 2024 3652 2076 κοιλάδα

1989 2124 2168 2194 πηγὴν
2189 2123 2408 2192 θήσουσι
2435 2161 2450 2184 ,
2472 2120 2505 2190 ἢ
2527 2120 2752 2186 τάξουσι
2771 2117 2975 2188 πηγὴν
3008 2116 3184 2169 κατὰ
3201 2115 3306 2167 τὸν
3327 2114 3649 2183 Σύμμαχον,

1987 2215 2083 2285 τὴν
2098 2213 2273 2267 ἔνθεον
2291 2211 2630 2266 διδασκαλίαν
2649 2208 2847 2262 τοῦτον
2867 2208 3295 2277 ὀνομάσαντες
3313 2206 3414 2258 τὸν
3434 2205 3647 2276 τρόπον.

1989 2303 2144 2374 Πηγὴ
2167 2302 2274 2373 γὰρ
2297 2302 2440 2371 ζωῆς
2462 2301 2556 2354 καὶ
2581 2301 2745 2353 ποτὸν
2763 2299 3111 2362 ἀθανασίας
3133 2300 3202 2354 ἐν
3221 2301 3299 2369 τῇ
3326 2297 3545 2351 κοιλάδι
3566 2296 3650 2347 τοῦ

1989 2393 2335 2464 κλαυθμῶνος
2354 2391 2432 2462 τῷ
2450 2391 2559 2444 τῶν
2580 2390 2897 2462 ἀνθρώπων
2927 2390 3046 2460 βίῳ
3073 2390 3527 2460 καταϐέϐληται
3553 2387 3649 2440 ὑπὸ

1988 2482 2092 2534 τῶν
2118 2481 2211 2534 τοῦ
2241 2479 2373 2533 Θεοῦ
2403 2477 2706 2550 ἀνθρώπων
2731 2478 2823 2531 διὰ
2851 2480 2964 2549 τῆς
2993 2478 3311 2543 ξωοποιοῦ
3345 2479 3450 2532 καὶ
3479 2478 3650 2530 θεοσε-

1989 2571 2115 2634 6οῦς
2156 2570 2529 2632 διδασκαλίας,
2583 2570 2651 2639 ἢν
2687 2569 2850 2621 αὐτοὶ
2891 2569 3209 2640 μετῆλθον
3235 2610 3253 2634 ,
3303 2571 3409 2623 καὶ
3445 2568 3645 2640 ἑτέροις

1993 2661 2438 2715 καταλελοίπασιν
2468 2662 2526 2711 ὲν
2553 2661 2671 2721 ταῖς
2708 2658 2934 2712 ἑαυτῶν
2963 2663 3279 2731 γραφαῖς.
3335 2658 3565 2720 Τούτοις
3595 2658 3646 2710 δὲ

1989 2751 2189 2811 αὐτοῖς,
2214 2749 2394 2817 φησὶν,
2421 2747 2672 2814 εὐλογίας
2695 2748 2897 2818 μισθὸν
2921 2747 3031 2802 τοῦ
3062 2749 3385 2821 κλαυθμοῦ
3413 2750 3506 2803 καὶ
3530 2764 3644 2818 καρ-

1989 2841 2086 2894 πὸν
2108 2839 2323 2902 ἐπάξιον
2341 2838 2500 2890 δώσει
2524 2840 2553 2891 6
2572 2839 2883 2909 νομοθέτης
2912 2841 3158 2896 αὐτῶν.
3190 2843 3330 2895 Τίσι
3357 2842 3419 2895 δὲ
3444 2840 3642 2899 τούτοις

1988 2927 2143 2980 δώσει
2169 2926 2264 2989 τὰς
2284 2925 2552 2993 εὐλογίας,
2581 2926 2615 2996 ἢ
2642 2926 2893 2993 δηλονότι
2923 2932 3058 2992 τοῖς
3082 2931 3155 2985 ἐν
3183 2933 3260 3002 τῇ
3296 2930 3513 2984 κοιλάδι
3531 2929 3644 2982 ταύ-

1989 3035 2057 3087 τῃ
2077 3015 2498 3087 ἁποκλᾳομένοις
2527 3017 2623 3068 καὶ
2649 3018 2837 3087 πηγὴν
2868 3019 2931 3070 ὲν
2967 3021 3134 3092 αὐτῇ
3165 3005 3472 3094 θεμένοιςς
3506 3020 3639 3073 ’Δνιὶ

1991 3107 2046 3160 66
2071 3107 2182 3170 τοῦ,
2214 3111 2247 3161 ό
2277 3108 2633 3176 νομοθετῶν,
2659 3112 2687 3161 6
2718 3111 2818 3178 μὲν
2848 3111 3146 3178 Ἀκύλας,
3182 3115 3482 3183 πρώῒμος,
3518 3113 3641 3166 timi-

1998 3209 2184 3260 μασεν,
2217 3193 2245 3242 6
2271 3192 2327 3244 66
2358 3192 2673 3264 Σύμμαχος,
2710 3198 2750 3248 δ’
2776 3196 3192 3269 ὑποδεικτης
3212 3217 3228 3230 '
3260 3205 3296 3274 ἡ
3329 3204 3388 3255 δὲ
3425 3203 3638 3271 πέμπτη

1998 3281 2219 3346 ἔκδυσις,
2250 3285 2283 3334 ό
2301 3281 2588 3348 φωτίζων·
2617 3283 2756 3354 ἄλλη
2786 3284 2848 3337 δέ
2880 3303 2974 3350 τις
3005 3293 3188 3361 παρὰ
3224 3293 3411 3345 ταῦτα
3443 3292 3638 3352 ἔκδυσις

1998 3372 2127 3442 ἕκτη
2146 3411 2160 3434 ,
2205 3375 2236 3424 ό
2267 3371 2596 3425 διδάσκων-ο
2630 3373 2772 3426 ὥστε
2803 3375 2868 3440 ὲξ
2907 3378 3209 3435 ἁπάντων
3249 3383 3349 3436 τὸν
3380 3385 3634 3452 σωτήριον

1997 3461 2149 3529 λόγον
2179 3462 2440 3515 ὑπονοεῖν.
2492 3463 2666 3526 Αὐτὸς
2687 3465 2800 3535 γάρ
2831 3468 2996 3521 ἐστιν
3025 3472 3060 3523 6
3086 3474 3456 3542 νομοθετῶν·
3486 3471 3633 3533 αὐτὸς

1999 3552 2089 3604 καὶ
2108 3554 2136 3604 6
2164 3552 2406 3618 φωτίζων
2435 3552 2530 3604 καὶ
2549 3555 2578 3606 6
2602 3554 2878 3608 διδάσκων
2900 3574 2914 3587 ’
2949 3560 3144 3625 αὐτὸς
3180 3564 3286 3616 καὶ
3313 3564 3343 3616 6
3372 3561 3630 3635 πρὼῖμος,

1998 3640 2156 3703 αὐτὸς
2186 3640 2278 3693 καὶ
2306 3642 2333 3692 6
2363 3641 2688 3714 ὐποδείκτης
2709 3683 2725 3706 ,
2770 3645 2903 3697 καθ’
2938 3649 3217 3722 ἑκάστην
3257 3653 3509 3706 ἐπίνοιαν
3536 3649 3633 3702 τῶν

1999 3728 2056 3780 ὲν
2075 3727 2218 3796 αὐτῷ
2231 3727 2508 3797 δυνάμεων
2527 3729 2754 3793 ταύταις
2777 3732 3093 3803 χρώμενος
3115 3745 3255 3804 ταῖς
3277 3740 3628 3810 ἐπωνυμίαις,

1999 3818 2124 3887 παρ’
2167 3811 2225 3870 οὗ
2262 3819 2310 3869 οἱ
2345 3819 2402 3870 6v
2449 3821 2516 3888 τῇ
2561 3819 2770 3873 κοιλάδι
2821 3823 3179 3895 κλαίοντες,
3242 3830 3630 3901 μεταλαϐόντες

1998 3908 2260 3975 εὐλογίας,
2283 3908 2641 3979 πορεύσονται
2659 3911 2760 3981 τὴν
2780 3913 3010 3969 ἑαυτῶν
3035 3923 3292 3992 πορείαν
3313 3922 3626 3983 διανύοντεςι,

1995 3997 2088 4050 καὶ
2114 3997 2502 4068 δυναμούμενοι
2530 4001 2808 4072 ὁσημέραι
2826 4021 2840 4034 ⁸
2873 4006 2958 4070 ὡς
3004 4011 3107 4062 ἀεὶ
3150 4016 3498 4085 προκόπτειν
3521 4015 3627 4065 ἐπι--

1997 4087 2271 4176 διδόναιᾷὲκ
2291 4087 2577 4176 δυνάμεως
2605 4091 2965 4165 βραχυτέρας
2990 4101 3098 4154 ἐπὶ
3124 4104 3374 4176 δύναμιν
3398 4104 3624 4176 μείζονα.

1999 4177 2088 4226 καὶ
2113 4174 2217 4226 ἀπὸ
2245 4175 2400 4245 δόξης
2429 4179 2511 4240 εἰς
2539 4177 2716 4244 δόξαν,
2747 4180 2827 4244 ὥς
2860 4202 3046 4256 φησιν
3082 4195 3114 4244 6
3147 4174 3303 4260 θεῖος
3321 4174 3626 4254 Ἀπόστολος

1999 4263 2166 4354 λέγων
2188 4301 2205 4326 ,
2237 4263 2351 4354 τὴν
2387 4267 2584 4333 αὐτὴν
2627 4272 2840 4324 εἰκόνα
2885 4286 3490 4354 μεταμορφούμενοι
3517 4281 3625 4338 ἀπὸ

1997 4353 2176 4446 δόξῃς
2201 4355 2286 4418 εις
2303 4352 2522 4446 δόξαν.
2563 4359 2727 4414 Ὅθεν
2758 4363 2858 4415 καὶ
2880 4368 2913 4417 6
2943 4369 3271 4444 Σύμμαχος
3295 4352 3624 4446 ἡρμήνευσεν

1997 4445 2161 4498 εἰπών
2180 4462 2192 4474 ο
2234 4445 2627 4504 Ὁδεύσουσιν
2652 4453 2721 4505 ἐκ
2751 4454 3094 4529 δυνάμεως
3125 4470 3222 4533 εὶς
3249 4445 3528 4535 aemuler.

2076 4553 2418 4623 Ὀφθήσεται
2455 4561 2489 4611 ὀ
2524 4562 2671 4628 Θεὸς
2703 4563 2826 4616 τῶν
2876 4570 3047 4624 θεῶν
3079 4575 3159 4627 ἐν
3202 4575 3381 4630 Σιών.
3439 4577 3618 4643 Κύριε,

2006 4648 2037 4698 ὁ
2065 4643 2204 4737 Θεὸς
2230 4644 2346 4737 τῷν
2367 4647 2706 4718 δυνάμεων,
2730 4657 3134 4718 εἰσάκουσον
3154 4669 3270 4737 τῆς
3289 4667 3622 4737 προσευχῆς

1999 4751 2144 4827 μου,
2177 4734 2490 4827 eranum,
2525 4745 2557 4794 ό
2589 4744 2738 4810 Θεὸς
2779 4747 3010 4805 Ἰακώϐ.
3065 4734 3300 4823 me...
3331 4734 3620 4827 Eulorlac

2003 4822 2176 4875 δώσει
2205 4825 2237 4878 ὀ
2264 4829 2629 4896 νομοθετῶν,
2661 4836 2988 4906 ἀκολούθως
3012 4822 3448 4914 διδάσκειίδπως
3475 4822 3616 4901 δύσει

2001 4917 2110 4976 τοῖς
2327 4918 2541 5012 κοιλάδι
2570 4925 2672 4989 τὰς
2697 4927 2984 4998 εὐλογίας.
3015 4937 3158 5003 Πῶς
3190 4939 3306 5005 οὖν,
3339 4944 3492 5012 φησι,
3523 4937 3613 4993 δὼ-

2005 5021 2114 5103 σει,
2133 5004 2243 5103 ἀλλ’
2337 5011 2694 5103 καταξιώσας
2718 5019 2960 5092 ὀφθῆναι
2992 5028 3096 5082 ἐπὶ
3127 5033 3232 5103 τῆς
3387 5004 3614 5100 ίΣφόδρα

2004 5092 2397 5188 δὲ’-ακολούθως
2428 5099 2703 5172 θεσπίσας
2730 5110 2760 5162 6
2777 5109 2943 5181 λόγος
2973 5092 3360 5188 ληνοὺξὸέοξ
3377 5092 3611 5178 ﬁla-{551;

2007 5182 2216 5287 μέλλειν
2245 5184 2470 5287 ἔσεσθαι
2495 5199 2625 5287 καθ’
2645 5202 2775 5275 ὅλης
2807 5182 3152 5282 οἰκουμένης
3165 5182 3267 5266 -καὶ
3295 5211 3610 5284 σκηνώματα

2006 5277 2229 5373 πλεῖστα
2256 5277 2351 5373 καὶ
2376 5282 2560 5352 αὐλὰς
2584 5292 2828 5367 πλείους,
2855 5297 2955 5349 καὶ
2985 5291 3356 5373 θυσιαστήρια
3377 5303 3604 5359 πλεῖστα,

2005 5365 2196 5460 ἐπάγει
2225 5366 2324 5460 την
2349 5373 2572 5446 αἰτίαν,
2595 5385 2663 5438 δι’
2686 5387 2752 5459 ἢν
2778 5365 2984 5460 ἤμελλε
3006 5393 3184 5448 ταῦτα
3209 5365 3385 5448 πάντα
3409 5394 3496 5444 ἐπὶ
3517 5390 3606 5458 γῆς

2004 5453 2380 5558 συνίστασθαι,
2417 5463 2527 5534 Τίς
2559 5475 2622 5528 δὲ
2748 5481 2783 5551 ἡ
2801 5453 2967 5535 ἀἰτία
2991 5483 3235 5538 διδάσκει
3257 5484 3425 5552 λέγων
3445 5497 3458 5510 ο

2003 5547 2248 5656 Ῠξῖσετξιι
2342 5556 2504 5656 Ῡεὸς
2535 5570 2662 5626 τῶν
2680 5547 2690 5550 ⁷
2710 5547 2862 5629 θεων
2892 5577 2963 5630 ὲν
2991 5579 3169 5632 Σιών·
3203 5547 3387 5647 σαφιύς
3414 5591 3576 5644 παραυ

2005 5640 2124 5690 σίαν
2156 5640 2234 5703 εἷς
2274 5644 2627 5730 ἀνθρώπους
2658 5669 2794 5726 Θεοῦ
2828 5670 2924 5728 καὶ
2954 5671 3254 5745 φανέρωσιν
3281 5668 3446 5728 αὐταῦ
3465 5663 3596 5719 διδάπ

447 5767 491 5798 ³⁸³
529 5768 710 5826 Matth.
745 5792 794 5841 v,
829 5783 878 5838 5,
955 5793 995 5828 ιι
1036 5800 1077 5861 η
1102 5812 1223 5886 Cor.
1259 5827 1314 5874 ν,
1355 5798 1408 5854 4,
1488 5791 1530 5822 ³²
1569 5786 1754 5840 llllor.
1783 5802 1840 5838 ιιι
1866 5825 1879 5848 ,
1919 5786 2002 5840 l8.

3565 5920 3610 5932 ρ.
