3834 6384
252 428 423 493 1015

1437 453 1921 509 COMMENTARIA
1963 457 2027 511 IN
2056 458 2382 514 PSALMOS.

3323 456 3469 513 1οη.

258 543 574 639 assume-$6;
594 548 646 602 δὲ
666 552 797 607 θεῶν
823 559 854 611 6
879 567 981 624 τοῦ
1002 569 1132 623 Θεοῦ
1156 571 1321 638 Λόγος
1341 570 1669 639 ὠνόμασται,
1692 589 1822 624 νοου-

1928 592 2075 634 rans.
2114 578 2254 631 Deus
2278 583 2454 629 autem
2487 574 2707 628 deorum
2728 570 2821 627 Dei
2856 573 3087 627 Verbum
3109 578 3359 636 vocatur;
3381 573 3454 633 ita

272 636 454 731 μένων
476 634 600 731 ημῖν
617 640 745 731 θεῶν
764 649 879 703 τῶν
908 661 1188 730 μακαρίων
1210 634 1306 723 καὶ,
1321 634 1576 728 θεοφιλῶν
1598 661 1823 731 ἀνδρῶν,

443 722 537 827 οὒξ
566 726 592 777 ὁ
622 729 767 801 λόγος
792 741 891 793 τοῦ
911 722 1325 815 *Θεοῦ-ἐγένετο·
1360 722 1440 811 οἷς
1464 750 1552 801 καὶ
1574 722 1780 819 εἴρηται
1808 722 1824 781 έ

288 820 437 897 Ἐγὼ
469 820 668 869 εῖπον⁶
700 828 830 879 Θεοί
851 830 992 887 ἐστε
1009 851 1027 873 ε
1052 837 1172 899 καὶ,
1215 836 1276 887 '0
1293 836 1432 900 Θεὸς
1459 836 1603 901 ἔστη
1627 836 1693 885 ἐν
1719 850 1828 887 συ-

234 903 514 986 ςνανωγῖί
535 905 697 963 θεῶν’
720 916 836 981 καὶ,
862 922 1005 987 Θεὸς
1037 924 1181 976 θεῶν
1202 925 1410 989 Κύριος
1428 924 1706 988 ἐλάλησε,
1731 923 1826 975 καὶ

261 1006 535 1063 ,ἐκάλεσε
554 998 667 1074 τὴν
684 1003 819 1075 γῆν.
848 1010 958 1062 Καὶ
976 1012 1080 1081 γὰρ
1102 1014 1157 1064 ὲν
1179 1012 1383 1075 τούτοις
1405 1013 1530 1074 Θεὸς
1559 1011 1689 1062 θεῶν
1711 1011 1828 1062 οὐδὲ

278 1102 437 1164 ἄλλος
471 1102 506 1171 ἢ
540 1100 691 1171 μόνος
722 1099 749 1149 ὁ
768 1100 823 1151 ὲν
856 1101 994 1171 ἀρχῇ
1026 1104 1159 1172 πρὸς
1186 1104 1274 1157 τὸν
1298 1103 1425 1155 Θεὸν
1452 1103 1617 1168 Λόγος
1640 1100 1828 1169 ἀνηγό-

279 1210 474 1262 ρευται
494 1207 508 1220 ’
555 1194 583 1244 ὁ
614 1192 675 1255 δὴ
707 1191 799 1243 καὶ
842 1190 991 1255 θεοὺς
1018 1195 1209 1257 αὐτοὺς
1242 1194 1327 1246 διὰ
1354 1195 1450 1263 τῆς
1476 1192 1635 1244 αὐτοῦ
1664 1208 1825 1261 χορηο

275 1284 402 1347 γίας
449 1283 545 1333 καὶ
593 1280 816 1349 μετοχῆς
861 1281 954 1334 τοῦ
992 1282 1151 1335 αὐτοῦ
1178 1282 1485 1352 Πνεύματος
1513 1280 1824 1350 ἀπεργασά-

276 1388 464 1441 μενος.
528 1370 693 1431 Θεοὺς
728 1368 834 1439 γὰρ
864 1366 998 1423 εἶναί
1029 1389 1187 1441 φησιν
1214 1371 1447 1433 ἐκείνους
1465 1410 1480 1434 ,
1524 1371 1657 1441 πρὸς
1682 1369 1773 1432 οὒς
1798 1372 1827 1422 6

271 1461 453 1527 Λόγος
516 1458 609 1511 τοῦ
638 1457 769 1510 Θεοῦ
795 1458 1023 1528 ἐγένετο.
1070 1461 1226 1530 Ἑξῆς
1258 1460 1300 1513 δ’
1329 1455 1418 1513 οῦν
1460 1460 1551 1513 καὶ
1575 1458 1830 1529 ὀνομαστὶ

269 1549 365 1601 τοῦ
403 1550 646 1618 Χριστοῦ
681 1549 1030 1620 μνημονεύει,
1062 1549 1230 1616 λέγων
1261 1549 1319 1601 ὲν
1347 1548 1509 1617 εὐχῇ·
1566 1547 1674 1601 Καὶ
1698 1548 1825 1600 ἐπί-

270 1643 516 1707 ϐλεψον
545 1640 644 1693 ἐπὶ
666 1642 734 1694 τὸ
759 1640 1073 1707 πρόσωπον
1099 1640 1201 1695 τοῦ
1226 1639 1478 1706 Χριστοῦ
1508 1653 1641 1691 σου.
1684 1640 1827 1692 ’Λντὶ

267 1730 320 1782 δὲ
361 1728 467 1781 τοῦ
488 1768 503 1792 ,
548 1729 895 1797 Ὀφθήσεται
926 1731 958 1780 ό
997 1728 1138 1793 Θεὸς
1176 1728 1294 1781 τῶν
1320 1726 1466 1781 θεῶν
1492 1727 1560 1779 ἐν
1586 1726 1765 1791 Σιὼν,
1798 1728 1826 1780 ὁ

280 1818 523 1879 Ἀκύλας
544 1818 723 1887 φησιν,
772 1817 1109 1885 Ὁφθήσεται
1142 1816 1382 1884 ἰσχυρὸς
1405 1815 1543 1879 Θεὸς
1562 1815 1629 1867 ἐν
1656 1814 1821 1868 Σιών.

269 1910 366 1972 Τίς
405 1911 455 1962 δ’
490 1910 556 1963 ἂν
592 1910 676 1978 εῐη
704 1901 853 1970 οὗτος
885 1908 912 1957 6
961 1905 1160 1975 μέλλων
1198 1905 1385 1975 ὁρατὸς
1418 1906 1509 1957 καὶ
1536 1904 1825 1973 ὀφθαλμοῖς
1855 1895 1897 1949 Β

269 2000 469 2062 θεατὸς
498 1999 744 2059 ἔσεσθαι,
768 1998 999 2050 διδάσκει
1027 1995 1224 2065 προῖὼν
1248 1996 1339 2048 καὶ
1359 1995 1529 2062 λέγων
1548 2013 1559 2024 ·
1602 1995 1823 2048 Ἐνώτιε

269 2106 374 2143 σαι
399 2128 418 2153 ,
452 2092 486 2142 ό
522 2088 664 2152 Θεὸς
706 2086 924 2141 Ἰακώϐ.
962 2078 1127 2147 Οὗτος
1158 2084 1263 2154 γὰρ
1290 2080 1355 2153 ῆν
1380 2085 1539 2145 αὐτὸς
1572 2086 1771 2146 ἐκεῖνος
1796 2086 1824 2137 6

267 2176 365 2228 τοῦ
392 2176 535 2228 Θεοῦ
562 2176 752 2242 Λόγος,
779 2176 805 2226 6
834 2174 994 2226 πάλαι
1018 2174 1108 2225 καὶ
1133 2172 1208 2239 τῷ
1248 2171 1436 2224 Ἰακὼϐ
1460 2174 1516 2225 ὲν
1541 2172 1822 2243 ἀνθρώπου

269 2266 520 2335 σχήματι
542 2264 744 2333 ὀφθεὶς,
766 2264 937 2333 φήσας
962 2279 1019 2314 τε
1049 2263 1181 2331 πρὸς
1204 2262 1391 2313 αὐτόν·
1428 2264 1546 2315 Οὐκ
1574 2265 1658 2315 ἐτι
1683 2266 1825 2328 x111—

268 2354 526 2421 θήσεται
554 2352 619 2404 τὸ
642 2350 825 2419 ὄνομα
839 2367 951 2403 σου
988 2348 1203 2413 Ἰακὼϐ,
1229 2348 1363 2402 ἀλλ’
1397 2348 1638 2415 Ἰσραὴλ
1659 2348 1825 2403 ἔσται

268 2443 336 2495 τὸ
360 2440 553 2509 ὄνομά
574 2454 691 2493 σου
710 2456 721 2467 ·
746 2438 832 2491 ὅτι
854 2439 1180 2506 ἐνισχυσας
1197 2438 1343 2506 μετὰ
1367 2437 1529 2500 Θεοῦ,
1558 2438 1652 2491 καὶ
1677 2438 1824 2505 μετὰ

268 2531 603 2599 ἀνθρώπων
620 2531 892 2595 δυνατός.
927 2530 1035 2596 Ἐφ’
1114 2530 1203 2581 καὶ
1221 2529 1248 2579 6
1270 2528 1532 2599 θεοφιλὴς,
1552 2528 1824 2585 συναισθό-

274 2640 441 2693 μενος
466 2620 557 2673 τοῦ
580 2620 1000 2691 χρηματίζοντος
1041 2618 1199 2671 αὑτοῦ
1245 2617 1375 2670 Θεοῦ
1422 2634 1552 2687 φησι
1586 2634 1599 2647 ⁸
1649 2612 1825 2675 Εἶδον

272 2712 439 2767 Θεὸν
462 2712 781 2779 πρόσωπον
807 2710 953 2776 πρὸς
989 2711 1335 2775 πρόσωπον,
1362 2707 1455 2765 καί
1486 2707 1676 2773 ἐσώθη
1708 2724 1822 2773 μου

276 2802 311 2869 ἠ
336 2800 533 2869 ψυχή.
560 2800 729 2861 Αὐτὸς
750 2794 839 2852 οῦν
858 2800 1058 2860 ἐκεῖνος
1075 2801 1103 2850 6
1126 2798 1253 2860 Θεὸς
1271 2799 1300 2855 6
1323 2797 1400 2867 τῷ
1434 2797 1621 2853 Ἰακὼὸ
1643 2797 1824 2864 ὀφθεὶς

270 2890 438 2952 αὖθις
475 2891 787 2961 ὀφθήσεται,
813 2889 991 2959 φησὶν,
1024 2891 1080 2941 ὲν
1112 2887 1266 2953 Σιὼν,
1294 2888 1581 2961 διαρρήδην
1608 2888 1704 2956 τῆς
1731 2886 1823 2938 τοῦ

270 2982 416 3036 Θεοῦ
442 2981 616 3049 Λόγου
649 2983 727 3042 είς
746 2977 1053 3049 ἀνθρώπους
1081 2977 1389 3045 ἐπιφανείας
1420 2976 1600 3033 τοῦτον
1631 2993 1825 3045 σημαι-

272 3071 515 3140 νομένης
539 3070 631 3123 τὸν
660 3069 872 3139 τρόπον.
926 3068 1093 3120 Αὐτὸν
1124 3068 1186 3137 δὴ
1226 3064 1316 3120 οὖν
1359 3066 1539 3120 τοῦτον
1578 3068 1665 3119 τὸν
1694 3065 1823 3117 Θεὸν

1928 674 1985 719 ιιι
2014 667 2341 736 intelligatur
2372 666 2502 721 deos
2529 680 2670 728 esse,
2695 665 2879 720 beatos
2906 676 2958 717 et
2979 663 3258 731 religiosos
3284 662 3453 724 viros,

1925 756 1991 807 ad
2022 772 2157 824 quos
2187 756 2384 809 factum
2414 764 2497 810 est
2527 755 2760 808 Verbum
2798 754 2888 807 Dei
2921 772 2934 806 :
2969 753 3164 821 quibus
3192 752 3349 805 etiam
3372 751 3456 804 di—

1924 854 2067 898 ctum
2091 854 2192 907 est,
2228 844 2334 912 Ego
2362 844 2494 908 dixi,
2526 845 2615 897 Dii
2641 845 2765 897 estis
2799 843 2878 907 ³³;
2931 849 3005 907 et,
3037 841 3175 894 Deus
3210 841 3352 893 stetit
3399 840 3455 892 in

1926 952 2189 1005 synagoga
2216 935 2428 988 deorum
2460 935 2533 999 3‘;
2556 945 2629 995 et,
2661 934 2796 986 Deus
2847 932 3059 987 deosum
3090 928 3339 982 Dominus
3376 927 3455 981 ιο-

1925 1034 2071 1077 cutus
2100 1034 2282 1087 est,,et
2330 1025 2523 1077 vocavit
2557 1033 2749 1076 terram
2782 1020 2849 1075 ³⁸.
2874 1019 2931 1073 In
2979 1019 3063 1073 his
3090 1032 3319 1084 namque
3347 1031 3456 1069 non

1926 1115 2062 1169 alius
2083 1114 2222 1169 Deus
2260 1113 2479 1168 deorum
2508 1122 2729 1167 vocatus
2767 1119 2870 1174 est,
2900 1125 3058 1181 quam
3103 1108 3150 1163 is
3184 1108 3332 1162 solus
3362 1105 3456 1174 qui

1926 1205 1980 1256 in
2016 1204 2276 1271 principio
2313 1201 2540 1256 Verbum
2564 1210 2678 1257 erat
2700 1201 2842 1270 apud
2874 1199 3038 1252 Deum
3071 1213 3085 1247 :
3135 1196 3227 1265 qui
3250 1194 3458 1249 scilicet

1926 1307 2145 1345 munere
2168 1306 2265 1345 suo
2302 1299 2355 1345 et
2372 1291 2613 1359 ejusdem
2645 1290 2879 1359 Spiritus
2902 1286 3307 1357 participatione
3326 1284 3455 1337 deos

1927 1381 2049 1435 illos
2101 1380 2295 1435 effecit.
2319 1381 2455 1435 Deos
2485 1395 2717 1448 namque
2742 1379 2865 1433 illos
2895 1392 3015 1431 esse
3040 1376 3193 1437 dicit,
3221 1374 3290 1429 ad
3319 1388 3456 1443 quos

1926 1485 2105 1525 sermo
2126 1470 2221 1525 Dei
2252 1470 2426 1525 factus
2453 1480 2560 1526 est.
2598 1469 2800 1524 Deinde
2828 1484 2954 1521 vero
2977 1465 3250 1519 Christum
3281 1463 3457 1517 nomi‘

1925 1561 2094 1614 natim
2145 1568 2406 1615 memorat
2432 1561 2486 1614 in
2515 1561 2759 1615 oratione
2806 1559 3013 1617 dicens.
3056 1555 3122 1611 Et
3157 1555 3349 1623 respice
3402 1553 3456 1604 in

1926 1651 2113 1719 faciem
2141 1651 2339 1711 Christi
2366 1653 2460 1707 tui.
2500 1650 2604 1706 Pro
2634 1651 2724 1704 illo
2751 1659 2951 1711 autem,
3004 1647 3268 1701 Videbitur
3316 1644 3455 1697 Deus

1925 1742 2137 1796 deorum
2182 1743 2235 1795 in
2260 1741 2407 1804 Sion,
2440 1741 2629 1809 Aquila
2660 1741 2740 1795 sic
2777 1739 2958 1800 habet,
3000 1736 3268 1790 Videbitur
3302 1735 3455 1803 [ortis

1926 1832 2064 1886 Deus
2093 1832 2145 1884 in
2176 1831 2322 1885 Sion.
2373 1830 2633 1895 Quisnam
2664 1844 2789 1884 vero
2846 1829 2917 1881 sit
2951 1829 3059 1890 ille,
3093 1827 3185 1895 qui
3224 1825 3456 1880 visibilis

1924 1919 2199 1987 oculisque
2252 1918 2562 1986 spectabilis
2593 1917 2807 1971 futurus
2841 1925 2943 1979 est,
2977 1915 3169 1968 deinde
3218 1913 3458 1967 declarat

1922 2010 2023 2061 hoc
2067 2008 2223 2061 modo
2253 2023 2265 2058 :
2298 2008 2522 2060 Auribus
2559 2008 2780 2075 percipe,
2818 2007 2955 2059 Deus
2985 2004 3169 2058 Iacob.
3203 2003 3335 2057 Nam
3370 2003 3458 2058 hic

1924 2099 2036 2166 ipse
2066 2106 2181 2152 erat
2204 2097 2298 2151 Dei
2318 2097 2573 2161 Verbum,
2598 2098 2687 2165 qui
2710 2096 2835 2149 olim
2861 2095 3061 2149 Jacobo
3076 2094 3309 2148 hominis
3333 2109 3454 2160 spe-

1922 2188 2003 2241 cie
2031 2187 2201 2252 visus,
2232 2188 2312 2242 sic
2354 2203 2475 2242 eum
2505 2187 2696 2243 affatus
2724 2195 2809 2243 est
2835 2206 2848 2240 :
2876 2185 2997 2239 Non
3020 2185 3162 2238 ultra
3191 2184 3455 2241 vocabitur

1922 2292 2103 2329 nomen
2133 2286 2277 2329 tuum
2324 2275 2528 2340 Iacob;
2572 2277 2660 2331 sed
2693 2276 2862 2330 Israel
2881 2278 2979 2330 erit
3034 2292 3216 2329 nomen
3265 2284 3411 2328 tuum
3434 2291 3453 2327 :

1921 2370 2043 2439 quia
2072 2369 2224 2437 fortis
2246 2369 2394 2437 fuisti
2424 2385 2540 2422 cum
2563 2368 2691 2431 Deo,
2731 2376 2780 2421 et
2817 2384 2935 2421 cum
2962 2365 3254 2419 hominibus
3276 2376 3453 2433 potens

1921 2462 2021 2513 eris
2055 2460 2119 2513 ⁸⁸.
2149 2458 2324 2524 Quare
2352 2459 2435 2513 vir
2468 2460 2559 2513 ille
2600 2458 2908 2528 religiosus,
2936 2472 3060 2510 cum
3095 2455 3455 2525 persentisce-

1923 2559 2005 2601 ret
2027 2565 2148 2603 eum
2180 2550 2270 2617 qui
2302 2549 2473 2618 ipsius
2504 2547 2645 2603 Deus
2682 2559 2923 2610 vocatur,
2980 2547 3055 2599 ait
3087 2563 3099 2596 :
3138 2545 3253 2598 Vidi
3292 2545 3455 2598 Deum

1923 2641 2056 2708 facie
2077 2639 2143 2692 ad
2166 2640 2372 2707 faciem,
2396 2649 2445 2692 et
2478 2638 2624 2691 salva
2651 2638 2794 2706 facta
2825 2646 2901 2690 est
2942 2637 3119 2689 anima
3148 2652 3261 2688 mea
3305 2635 3369 2687 ³⁷.
3404 2632 3454 2688 ls

1923 2732 2036 2798 ipse
2064 2730 2224 2792 Deus,
2257 2728 2454 2798 inquit,
2487 2729 2580 2797 qui
2606 2726 2808 2782 Jacoho
2840 2726 2989 2780 visus
3014 2733 3117 2788 est,
3150 2739 3342 2779 rursus
3368 2724 3452 2777 vi—

1923 2819 2133 2874 debitur
2159 2820 2214 2872 in
2256 2817 2409 2881 Sion,
2438 2818 2532 2873 Dei
2558 2817 2715 2871 Verbi
2762 2818 3046 2871 adventum
3101 2816 3156 2868 in
3207 2814 3455 2869 homines

1923 2906 2071 2961 hisce
2099 2907 2379 2961 manifeste
2398 2906 2699 2960 declarans.
2729 2903 2882 2957 llunc
2908 2903 3074 2958 Deum
3103 2901 3283 2957 Jacob
3304 2902 3456 2956 invo-

1922 3012 2071 3058 cans,
2103 2995 2390 3049 adventum
2414 3005 2683 3049 maturare
2706 3011 2862 3049 suum
2887 3002 3059 3063 rogat.
3090 2992 3336 3047 —Vsns.
3361 2993 3450 3048 10.

1920 3082 2397 3150 Protectornoster,
2443 3085 2635 3152 aspice,
2666 3082 2826 3135 Deus.
2882 3082 3154 3147 Quosuam
3212 3081 3455 3149 aspicere

284 3162 490 3215 Ἰακὼὸ
537 3158 990 3228 ἐπικαλούμενος,
1035 3156 1355 3210 ἐπισπεῦσαι
1388 3156 1485 3226 τὴν
1530 3155 1822 3226 παρουσίαν

1924 3181 2095 3239 rogat,
2124 3173 2227 3228 nisi
2250 3188 2343 3228 eos
2370 3173 2463 3241 qui
2494 3173 2551 3227 iu
2596 3173 2733 3225 valle
2763 3173 3119 3239 lacrymarum
3164 3170 3453 3224 aﬂictione

268 3251 445 3307 αὑτοῦ
480 3250 730 3303 ἱκετεύει.
775 3247 1212 3314 Ὑπερασπιστὰ
1240 3245 1425 3314 ἡμῶν,
1457 3245 1562 3309 ἰδὲ,
1595 3249 1626 3298 ό
1658 3246 1816 3309 Θεός.

268 3342 443 3404 Τίνας
481 3340 539 3392 δέ
585 3356 745 3408 φησιν
787 3338 888 3401 ἰδὲ,
921 3338 1032 3390 ἀλλ’
1069 3337 1101 3405 ἢ
1147 3337 1270 3398 τοὺς
1311 3336 1367 3387 ὲν
1407 3339 1471 3405 τῇ
1500 3335 1699 3396 κοιλάδι
1729 3333 1821 3387 τοῦ

268 3430 633 3499 κλαυθμῶνος
674 3428 1201 3495 καταπονουμένους;
1258 3426 1521 3492 Ἐπιλὲγει
1565 3426 1620 3478 δὲ
1665 3426 1817 3495 ὲξῆςπ

268 3521 385 3575 Καὶ
407 3520 737 3585 ἐπίϐλεψον
755 3516 851 3570 ἐπὶ
871 3516 933 3569 τὸ
958 3518 1272 3583 πρόσωπον
1290 3516 1395 3568 τοῦ
1414 3517 1663 3582 Χριστοῦ
1686 3533 1819 3580 σου,

268 3611 567 3679 εὐχόμενος
592 3609 899 3677 ὲπιταχῆναι
924 3608 1018 3675 τὴν
1040 3608 1129 3658 τοῦ
1149 3606 1279 3658 Θεοῦ
1302 3606 1470 3673 Λόγου
1497 3607 1574 3668 είς
1591 3605 1677 3657 τὸν
1698 3608 1824 3676 Χρι-

272 3699 403 3751 στὸν
430 3696 616 3761 αὐτοῦ,
642 3697 698 3747 ὃν
720 3698 782 3748 ὲκ
804 3696 1104 3767 σπέρματος
1128 3695 1285 3748 Δαυῖδ
1306 3695 1603 3757 ἐνεδύσατο,
1630 3708 1821 3767 παρου-

271 3789 420 3841 σίαν.
453 3787 544 3839 Διὸ
562 3787 697 3840 καὶὸ
729 3786 951 3848 Ἀκύλας
974 3787 1120 3855 φησὶ,
1143 3786 1320 3853 Θυρεὲ
1346 3786 1528 3854 ἡμῶν,
1560 3786 1666 3850 ἴδε,
1695 3788 1818 3849 Θεὲ,

269 3878 375 3929 καὶ
411 3877 776 3942 ἐπίστρεψον
803 3876 1117 3942 πρόσωπον
1144 3877 1497 3944 ἠλειμμένου
1525 3893 1638 3931 σου
1656 3894 1669 3907 ·
1704 3881 1731 3930 6
1763 3880 1818 3932 δὲ

269 3966 591 4035 Σύμμαχος,
622 3966 1059 4033 Ὑπερασπιστὰ
1082 3966 1275 4035 ἡμῶν,
1306 3967 1393 4020 ίδὲ
1414 4007 1427 4031 ,
1460 3971 1492 4020 ὁ
1519 3968 1658 4034 Θεὸς
1676 4009 1689 4033 ,
1719 3972 1817 4023 καὶ

269 4058 667 4123 πρόσϐλεψον
688 4056 753 4109 τὸ
782 4056 1095 4122 πρόσωπον
1114 4056 1217 4109 τοῦ
1242 4056 1492 4123 Χριστοῦ
1515 4074 1647 4111 σου.
1678 4058 1817 4110 Ταῦ-

268 4165 341 4202 τα
376 4147 434 4198 δὲ
478 4145 720 4215 εὔχονται
758 4148 805 4197 οἱ
832 4147 919 4198 τὸν
948 4147 1119 4199 πάντα
1145 4146 1352 4215 ψαλμὸν
1376 4146 1617 4212 λέγοντες
1635 4164 1649 4177 ο
1677 4139 1817 4199 οὗτοι

266 4239 330 4290 δὲ
368 4233 510 4305 ἦσαν
548 4238 597 4287 οἱ
637 4236 728 4288 τοῦ
756 4236 888 4289 Θεοῦ
927 4239 1226 4307 προφῆται,
1265 4238 1313 4288 οἱ
1343 4237 1686 4299 διασωθέντες
1710 4239 1816 4290 ἀπὸ

266 4326 382 4379 τῶν
412 4325 618 4393 νοητῶν
649 4325 912 4394 πολεμίων
934 4367 948 4388 ,
986 4328 1076 4377 καὶ
1117 4326 1495 4396 μεταϐαλόντες
1523 4328 1627 4379 ὰπὸ
1660 4329 1814 4379 πολέ-

273 4432 381 4484 μου
417 4416 497 4476 εἰς
534 4415 778 4484 εἰρήνην,
808 4415 875 4467 τά
902 4432 956 4466 τε
993 4415 1317 4485 σκηνώματα
1346 4417 1437 4469 τοῦ
1476 4417 1608 4479 Θεοῦ
1634 4418 1814 4471 λοιπὸν

1921 3262 2274 3329 premuntur?
2309 3260 2512 3315 Deinde
2537 3274 2665 3314 vero
2716 3260 3022 3328 subiungit,
3054 3269 3103 3313 et
3156 3260 3347 3326 respice
3396 3260 3451 3310 in

1921 3348 2105 3417 faciem
2134 3346 2331 3402 Christi
2365 3348 2459 3410 tui,
2485 3362 2683 3416 rogans
2712 3346 2803 3400 Dei
2840 3346 2992 3400 Verbi
3044 3347 3331 3400 adventum
3383 3348 3451 3401 ad

1920 3437 2190 3493 Christum
2215 3453 2393 3499 suum,
2423 3451 2579 3505 quem
2613 3450 2677 3488 ex
2712 3436 2916 3489 semine
2946 3435 3111 3489 David
3138 3435 3330 3499 induit,
3361 3450 3453 3489 ac-

1920 3525 2158 3579 celerari.
2184 3523 2537 3589 Quamobrem
2559 3523 2747 3592 Aquila
2768 3524 2846 3578 sic
2866 3524 3233 3593 habet,Clypee
3256 3534 3448 3590 noster,

1918 3611 2049 3674 vide,
2082 3611 2239 3678 Deus,
2268 3622 2312 3665 et
2364 3625 2593 3666 converte
2624 3614 2819 3666 vultum
2863 3615 3005 3666 uncti
3049 3614 3146 3667 tui.
3202 3612 3450 3683 Symma-

1917 3703 2051 3758 chus
2082 3720 2225 3767 vcro,
2256 3704 2528 3758 Protector
2567 3714 2741 3758 noster
2782 3705 2912 3768 uide,
2964 3705 3121 3768 Deus,
3180 3716 3228 3757 et
3283 3705 3454 3773 aspice

1916 3794 2113 3846 vultum
2142 3793 2337 3849 Christi
2364 3797 2455 3848 tui.
2486 3795 2609 3849 Haec
2633 3811 2794 3864 porro
2825 3802 3108 3864 precantur
3154 3795 3214 3857 ii,
3243 3796 3335 3864 qui
3370 3802 3453 3848 to-

1916 3892 2027 3935 tum
2074 3885 2335 3951 psalmum
2385 3886 2736 3954 pronuntiant
2787 3886 2884 3937 :hi
2931 3890 3107 3938 autem
3149 3892 3305 3937 erant
3357 3883 3454 3938 Dei

1916 3974 2204 4041 prophetaa,
2237 3975 2383 4042 quia
2415 3975 2789 4043 spiritualibus
2825 3975 3058 4029 inimicis
3106 3975 3307 4029 servati
3337 3974 3455 4029 fue-

1916 4070 2056 4125 rant,
2091 4070 2143 4115 et
2171 4077 2200 4114 a
2230 4063 2367 4116 bello
2389 4063 2453 4116 ad
2484 4080 2668 4131 pacem
2708 4065 2974 4129 translati,
3004 4064 3189 4117 divino
3239 4064 3454 4118 aﬂlante

1915 4151 2105 4218 spiritu
2132 4151 2476 4205 tabernacula
2498 4152 2588 4207 Dei
2642 4154 3051 4222 prospiciebant,
3098 4154 3360 4206 atriorum
3397 4161 3454 4209 et

1916 4239 2160 4293 altarium
2184 4241 2302 4309 ejus
2336 4242 2633 4310 percupidi.
2687 4243 2786 4307 Qui
2843 4245 3004 4297 etiam
3055 4244 3149 4296 Dei
3191 4243 3450 4310 Verbum,

1915 4344 2069 4382 suum
2094 4330 2147 4382 in
2171 4339 2411 4399 tempore
2433 4331 2555 4386 belli
2607 4340 2960 4399 protectorem
3015 4330 3241 4398 factum,
3293 4335 3453 4389 obse-

1915 4429 2071 4474 crant
2099 4430 2156 4474 ut
2186 4422 2252 4475 ad
2276 4421 2464 4476 faciem
2491 4422 2688 4475 Christi
2751 4423 2835 4476 sui
2893 4423 3169 4490 respiciat,
3226 4432 3284 4478 ut
3335 4427 3453 4494 ipso

268 4506 353 4573 τῷ
382 4506 512 4574 θείῳ
537 4504 807 4573 Πνεύματι
838 4505 1184 4574 προορῶντες,
1218 4507 1311 4559 καὶ¹
1344 4507 1437 4569 τὰς
1462 4508 1625 4570 αὐλὰς
1654 4509 1814 4562 αὑτοῦ

1921 4521 2203 4580 apparente
2247 4526 2309 4565 ac
2332 4510 2626 4573 Christum,
2651 4527 2716 4564 ex
2737 4511 2942 4565 semine
2965 4511 3132 4567 David
3156 4515 3451 4568 secundum

270 4598 370 4648 καὶ
395 4595 460 4647 τὰ
495 4594 842 4663 θυσιαστήρια
874 4593 1174 4655 ποθοῦντες.
1236 4596 1297 4647 Οἳ
1332 4596 1420 4647 καὶ
1450 4597 1814 4663 παρακαλοῦσι

1921 4615 2133 4654 carnem
2179 4608 2354 4653 ortum
2394 4608 2723 4662 assumente,
2777 4599 2934 4652 malis
2964 4600 3210 4668 pristinis
3264 4617 3453 4655 omnes

269 4685 366 4738 τὸν
411 4685 504 4738 τοῦ
533 4685 665 4737 Θεοῦ
687 4685 851 4752 Λόγον
870 4723 884 4746 ,
920 4684 1005 4736 τὸν
1049 4687 1103 4736 ὲν
1127 4685 1202 4754 τῷ
1236 4686 1404 4754 καιρῷ
1433 4684 1537 4736 τῶν
1569 4687 1816 4757 πολέμων

1921 4692 2239 4755 eximantur,
2273 4690 2653 4759 hominumque
2700 4708 2868 4761 genus
2891 4695 3029 4748 bona
3056 4708 3150 4761 per
3175 4691 3451 4747 Christum

270 4774 688 4844 ὑπερασπιστὴν
726 4774 899 4825 αὐτῶν
939 4775 1250 4843 γενόμενον,
1308 4774 1586 4841 ἐπιϐλέψαι
1618 4778 1706 4828 ἐπὶ
1749 4779 1809 4829 τὸ

1921 4782 2281 4834 nanciscatur.

268 4863 565 4931 πρόσωπον
590 4862 683 4916 τοῦ
708 4862 935 4933 Χριστοῦ
957 4863 1135 4921 αὐτοῦ.
1171 4864 1255 4926 ἶν’,
1282 4863 1625 4930 ἐπιφανέντος
1651 4868 1811 4920 αὑτοῦ
1850 4869 2048 4922 καὶτὸν
2079 4873 2143 4923 ὲκ
2164 4872 2464 4942 σπέρματος
2485 4872 2644 4925 Δαυῖδ
2660 4874 2796 4925 κατὰ
2853 4876 3026 4942 σάρκα
3046 4873 3273 4943 Χριστὸν
3327 4875 3466 4927 ἁνα-.

268 4953 559 5017 λαϐόντος,
601 4954 750 5016 λύσις
794 4954 888 5023 μὲν
922 4955 1139 5024 γένηται
1212 4955 1484 5026 προτέρων
1546 4959 1877 5026 κακῶν¹τοῖς
1913 4966 2101 5029 πᾶσιν,
2134 4966 2308 5033 ἀγαθὰ
2333 4966 2389 5017 δὲ
2420 4965 2505 5017 διὰ
2535 4965 2627 5018 τοῦ
2658 4968 2888 5036 Χριστοῦ
2921 4969 2981 5020 τὸ
3018 4968 3124 5020 τῶν
3154 4967 3464 5037 ἀνθρώπων.

265 5045 579 5114 διαδέξηται
610 5044 780 5111 γένος.

334 5159 458 5209 ’Ότι
474 5156 769 5223 κρείσσων
781 5156 965 5223 ἡμέρα
974 5157 1078 5223 μία
1091 5157 1158 5209 ἐν
1169 5157 1293 5221 ταῖς
1312 5156 1522 5220 αὐλαῖς
1533 5172 1648 5212 σου
1666 5163 1812 5230 ὑπὲρ

1982 5165 2145 5221 Vsus.
2163 5167 2245 5219 Η.
2267 5166 2401 5230 Quia
2429 5166 2607 5217 melior
2630 5178 2703 5218 cst
2732 5169 2839 5220 dies
2864 5169 3029 5219 unain
3058 5168 3209 5218 atriis
3230 5169 3333 5221 tuis
3363 5186 3453 5222 su-

266 5246 567 5317 χιλιάδας.
598 5246 707 5314 Τῆς
734 5245 825 5296 τοῦ
852 5246 981 5297 Θεοῦ
1012 5247 1301 5321 παρουσίας
1325 5245 1423 5313 τὴν
1448 5246 1589 5314 μίαν,
1621 5251 1722 5319 τῆς
1747 5256 1809 5307 ὲκ

1921 5273 2000 5322 per
2022 5258 2207 5309 millia.
2252 5255 2419 5308 Unam
2452 5255 2544 5309 Dei
2575 5258 2868 5325 praasentiaz
2888 5297 2903 5319 ,
2956 5257 3009 5310 id
3040 5264 3156 5319 est,
3205 5271 3453 5312 resurre-

265 5335 481 5404 νεκρῶν
512 5335 851 5398 ἀναστάσεως
881 5337 1104 5406 ἡμέραν,
1142 5338 1268 5388 πολὺ
1303 5336 1530 5403 κρείττω
1556 5340 1811 5406 χιλιάδων

1921 5347 2106 5399 ctionis
2134 5360 2199 5398 ex
2226 5344 2450 5397 mortuis
2479 5344 2618 5398 diem
2640 5384 2655 5407 ,
2681 5347 2761 5399 vel
2795 5347 3028 5400 millibus
3063 5344 3254 5397 diebus
3282 5348 3453 5401 multo

264 5426 370 5481 καὶ
400 5425 788 5496 προτιμοτέραν
811 5429 838 5479 6
868 5428 954 5479 τὸν
982 5429 1213 5496 παρόντα
1235 5425 1447 5494 ψαλμὸν
1470 5426 1639 5494 λέγων
1665 5433 1811 5501 ἡγεῖ.

1921 5439 2183 5491 meliorem
2216 5444 2267 5489 et
2296 5436 2733 5505 praestabiliorem
2773 5455 2891 5494 esse
2931 5436 3230 5491 arbitratur
3287 5437 3339 5489 is
3367 5439 3483 5504 qui

262 5530 381 5567 ται.
407 5515 735 5567 Αἱνίττεσθαι
756 5515 809 5567 δὲ
832 5516 1057 5585 ἡγοῦμαι
1078 5518 1157 5569 διὰ
1175 5517 1279 5569 τῶν
1299 5514 1543 5583 χιλιάδων
1562 5519 1658 5572 τὸν
1682 5526 1810 5593 χρό-

1921 5528 2171 5595 psalmum
2205 5526 2345 5578 hunc
2374 5525 2595 5593 profert.
2633 5527 2728 5581 lllo
2774 5537 2952 5582 autem
2984 5523 3296 5579 millenario
3332 5536 3467 5591 puto

263 5620 365 5665 νον
389 5606 486 5673 τῆς
516 5606 814 5667 συστάσεως
839 5607 932 5674 τῆς
968 5607 1317 5677 Ἰερουσαλήμ·
1396 5607 1475 5657 Ἐν
1512 5608 1661 5671 ὅλοις
1696 5614 1807 5683 γὰρ

1921 5616 2238 5679 subiudicari
2261 5624 2491 5685 tempus,
2516 5631 2623 5687 quo
2664 5616 3000 5689 Jerosolyma
3031 5612 3285 5672 substitit
3304 5629 3323 5665 :
3348 5625 3483 5673 nam

349 5754 391 5793 ³³
428 5754 567 5813 Psal.
606 5770 792 5821 um,
822 5758 853 5810 6
945 5758 986 5789 ³³
1022 5758 1173 5821 ibid.,
1214 5758 1262 5811 Ι.
1346 5759 1393 5791 ³³
1422 5757 1558 5815 Psal.
1600 5778 1778 5836 nm,
1819 5785 1822 5797 ⁴

1946 5771 1986 5804 ³⁸
2020 5769 2150 5825 Gen.
2186 5783 2361 5838 xsxu,
2395 5768 2484 5833 ΞΘ,
2562 5771 2605 5804 ³⁷
2645 5771 2774 5829 ibid.
2812 5774 2897 5831 50.
