3834 6366
158 439 314 508 tot“!

1249 460 1739 521 COMMENTARIA
1778 463 1840 517 IN
1878 464 2207 520 PSALMOS.

3239 472 3361 528 1018

166 562 456 656 λειόῖητι.
504 559 594 612 Διὰ
630 564 783 620 τοῦτο
818 581 1094 635 πιστεύων
1124 584 1233 644 τοῖς
1260 582 1563 652 εἰρημένοις
1584 622 1598 646 ,
1639 583 1722 635 καὶ

1834 582 1958 646 Sed,
1984 593 2042 637 ut
2062 598 2186 638 vere
2219 582 2448 647 dicatur,
2481 585 2629 639 solus
2660 583 2748 638 ille
2772 585 2958 640 beatus
2984 587 3068 640 cui
3094 602 3254 656 supra
3279 591 3362 643 di-

172 647 415 729 ἀκριδῶς
440 649 663 715 ἐμαυτὸν
688 660 891 730 πείσας
917 671 1132 742 ἀληθεῖς
1159 668 1291 725 εῖναι
1311 647 1444 733 *τοῦς
1470 669 1594 738 περὶ
1619 673 1731 725 τούν

155 763 281 811 τωνν
326 742 519 811 λόγους
538 780 552 803 ν
585 746 729 814 τέλος
763 756 863 809 τοῦ
917 762 1114 823 παντὸς
1144 762 1298 829 λόγου
1332 763 1495 831 φημί·
1556 763 1740 828 Κύριε,

138 851 294 909 τῶν·
323 830 670 904 δυνάμεων,
706 846 999 914 μακάριος
1038 854 1070 903 δ
1106 830 1461 917 ἀνθρωποςό
1486 850 1729 909 ἐλπίζων

151 936 271 997 eri
295 933 391 991 σέ.
440 927 556 993 Πᾶς
585 930 689 1006 γὰρ
716 936 743 986 ὁ
767 935 943 1001 ἄλλως
967 940 1112 1011 παρά
1144 944 1251 1003 τοῖς
1276 941 1482 1002 πολλοῖς
1510 957 1730 1010 μακαρι-

172 1033 401 1100 ζδμςνος
432 1024 857 1098 πεπλανημένως
882 1031 946 1083 ἂν
979 1033 1340 1102 μακαρίζοιτο.
1378 1032 1547 1094 Μόνος
1577 1032 1652 1095 δὲ,
1680 1033 1727 1084 εί

177 1121 278 1194 χρὴ
312 1120 524 1191 τάληθῆ
568 1121 760 1189 φάναι,
798 1122 1059 1191 μακάριος
1091 1121 1177 1174 διά
1218 1122 1285 1175 τὰ
1314 1120 1725 1192 προλελεγμένα,

174 1210 247 1269 ὡς
278 1208 345 1259 ἂν
376 1208 599 1260 πάντων
630 1207 734 1260 τῶν
766 1209 979 1275 ἀγαθῶν
1007 1209 1250 1279 ἔμπλεος,
1283 1211 1311 1261 ὅ
1339 1226 1416 1261 σοι
1446 1208 1587 1278 μόνῳ
1615 1210 1730 1259 ἑαυ-

172 1297 259 1349 τὸν
289 1297 638 1366 ἀναρτήσας,
672 1298 765 1348 καὶ
806 1298 980 1361 πάσας
1020 1298 1207 1351 ἑαυτοῦ
1240 1297 1337 1359 τὰς
1369 1296 1583 1358 ἐλπίδας
1612 1298 1728 1358 ταῖς

173 1386 315 1457 παρά
344 1388 434 1438 σοὶ
461 1386 810 1454 ἐπαγγελίαις
835 1388 1065 1450 ἀναθείς.
1118 1388 1253 1458 Ἤδη
1283 1387 1337 1439 δὲ
1367 1386 1542 1455 τρίτον
1569 1386 1624 1437 ὲν
1653 1385 1728 1454 τῷ

170 1477 400 1547 παρόντι
425 1476 626 1545 ψαλμῶ
654 1478 952 1547 μακαρίσας
970 1480 997 1529 ὁ
1018 1478 1171 1545 λόγος
1189 1478 1312 1539 τοὺς
1332 1476 1729 1547 ὲμφερομένους

167 1566 223 1616 ὲν
253 1562 433 1632 αὐτῷ,
463 1563 711 1631 οὐδαμῶς
740 1564 831 1615 τοῦ
860 1565 1119 1617 Ἰουδαίων
1133 1564 1468 1631 ἔθνους,ξοὺδὲ
1499 1563 1586 1617 τοῦ
1631 1564 1727 1614 Ἰσ-

170 1654 299 1725 ραὴλ
334 1654 768 1724 ἐμνημόνευσεν,
800 1656 916 1707 οὐδὲ
941 1656 1062 1718 τοὺς
1094 1654 1162 1707 τά
1179 1654 1450 1716 Μωῡσέως
1468 1655 1533 1707 δι’
1556 1654 1728 1723 ἔργων

164 1742 625 1814 ἀποπληροῦντας
652 1744 977 1814 ἑμακάρισεν
997 1762 1011 1775 '
1047 1743 1181 1797 ἀλλὰ
1207 1744 1417 1812 πρῶτον
1441 1744 1536 1813 μὲν
1568 1744 1726 1796 καθό-

163 1836 253 1887 λου
273 1837 410 1899 τοὺς
439 1835 823 1899 κατοικοῦντας
845 1838 901 1888 ὲν
926 1835 1000 1905 τῷ
1026 1835 1156 1905 οἴκῳ
1177 1833 1264 1887 τοῦ
1286 1833 1416 1886 Θεοῦ
1432 1850 1445 1863 ο
1482 1834 1727 1905 δεύτερον

164 1929 339 1981 πάντα.
378 1926 553 1996 ἄνδρα
581 1919 641 1978 οὗ
672 1928 815 1977 ἐστιν
841 1910 1116 1994 ἀντίληψις
1141 1922 1283 1992 αὐτῷ
1317 1923 1464 1994 παρὰ
1489 1925 1688 1992 Κυρίου
1710 1942 1721 1953 ·

1828 684 1911 728 cta
1952 682 2294 744 competunt,
2344 675 2605 744 siquidem
2660 676 2773 745 ipse
2822 678 3069 733 omnibus
3125 680 3362 747 repletur

1826 762 2003 824 bonis,
2022 763 2113 831 qui
2145 777 2263 816 sese
2292 762 2384 815 tibi
2410 763 2509 817 soli
2530 764 2881 827 concredidit,
2915 773 3187 834 totamque
3211 782 3359 836 spem

1827 852 1881 904 in
1912 852 2188 919 promissis
2226 852 2333 907 tuis
2361 852 2627 921 deposuit.
2657 854 2791 907 Cum
2843 870 3000 923 porro
3031 856 3084 907 in
3113 859 3359 923 praesenti

1790 981 1798 988 .
1827 940 2032 1007 psalmo
2060 940 2168 1007 jam
2207 942 2363 995 tertio
2396 942 2533 995 beati
2566 943 2835 1011 praedicati
2861 942 3057 997 fuerint
3087 944 3121 996 ii
3154 944 3219 998 de
3240 945 3361 1013 qui-

1827 1030 1925 1083 hus
1955 1045 2150 1093 sermo,
2180 1032 2325 1084 nulla
2359 1030 2593 1087 Judaicze
2632 1036 2804 1103 gentis
2836 1036 2918 1088 vel
2960 1032 3172 1087 lsraelis
3221 1033 3359 1087 facta

1826 1119 2027 1172 mentio
2057 1127 2171 1185 est;
2213 1136 2388 1189 neque
2414 1121 2574 1175 etiam
2608 1137 2701 1176 eos
2730 1123 2821 1191 qui
2870 1132 3134 1192 praecepta
3164 1122 3363 1193 Moysis

1825 1210 2061 1262 exsecuti
2100 1218 2223 1265 sunt
2245 1211 2428 1265 beatos
2458 1212 2802 1280 praedicavit:
2846 1214 2938 1266 sed
2973 1214 3147 1281 primo
3197 1229 3359 1282 gene-

1827 1298 1980 1353 ratim
2008 1313 2101 1353 eos
2129 1301 2220 1368 qui
2251 1300 2494 1355 habitant
2536 1303 2591 1354 in
2626 1301 2784 1356 domo
2814 1301 2904 1356 Dei
2930 1320 2944 1368 ;
2980 1302 3218 1356 secundo
3246 1317 3362 1354 om-

1826 1401 1945 1439 nem
1978 1388 2246 1443 hominem
2276 1391 2360 1443 cui
2395 1399 2477 1445 est
2506 1392 2765 1445 auxilium
2805 1407 2835 1445 a
2866 1392 3121 1458 Domino;
3173 1407 3235 1445 ac
3267 1391 3362 1445 de-

1827 1492 1971 1529 mum
2001 1478 2055 1530 in
2086 1478 2188 1533 fine
2226 1481 2511 1546 sermonis,
2541 1481 2817 1536 indefinite
2854 1490 2906 1537 et
2932 1484 3221 1551 generatim
3250 1499 3363 1537 om-

1827 1583 1946 1621 nem
1982 1569 2249 1623 hominem
2291 1572 2344 1623 in
2380 1572 2659 1626 Dominum
2705 1583 3029 1642 sperantem.
3062 1574 3192 1628 Nam
3238 1591 3360 1628 cum

1827 1656 2005 1711 futura
2049 1658 2141 1713 Dei
2187 1663 2468 1729 praesentia
2532 1671 2584 1718 et
2639 1663 2839 1718 Christi
2872 1664 2940 1717 ad
2992 1666 3235 1719 homines
3264 1665 3359 1716 ad-

1825 1758 2017 1802 ventus
2047 1752 2460 1806 annuntiaretur
2483 1792 2497 1816 ,
2531 1770 2638 1807 non
2664 1752 2861 1810 Iudaeis
2884 1763 3112 1820 tantum,
3142 1756 3233 1809 sed
3254 1771 3363 1809 om-

1826 1838 1982 1891 nibus
2010 1839 2170 1893 etiam
2206 1841 2515 1897 hominibus
2548 1843 2906 1899 beatitudines
2939 1846 3078 1911 illas,
3104 1862 3222 1915 quae
3271 1860 3364 1914 pe-

1825 1943 1921 1981 nes
1952 1928 2116 1983 Deum
2146 1940 2291 1995 sunt,
2322 1935 2627 1987 annuntiari
2659 1940 2915 2004 oportuit.

162 2022 256 2073 καὶ
286 2022 388 2072 ἐπὶ
424 2020 569 2072 τέλει
604 2019 696 2071 τοῦ
764 2019 958 2081 παντὸς
1009 2018 1165 2085 λόγου
1229 2018 1488 2088 ἀορίστως
1549 2018 1640 2069 καὶ
1677 2019 1971 2085 καθολικῶς
2017 2025 2187 2076 πάντα
2236 2026 2515 2097 ἄνθρωπον
2559 2028 2649 2080 τὸν
2690 2028 2971 2091 ἐλπίζοντα
3013 2030 3103 2081 ἐπὶ
3140 2028 3357 2098 Κύριον.

160 2112 309 2181 Χρῆν
357 2112 475 2182 γάρ
516 2111 831 2179 ἐπιφανείας
869 2110 998 2163 Θεοῦ
1035 2112 1127 2163 καὶ
1164 2110 1391 2181 Χριστοῦ
1433 2110 1723 2177 παρουσίας
1761 2115 1837 2175 είς
1868 2114 2178 2185 ἀνθρώπους
2236 2120 2731 2191 καταγγελλομένης
2770 2122 2841 2192 μὴ
2882 2122 3141 2183 Ἰουδαίοις
3184 2123 3338 2193 μόνον

161 2202 292 2265 ἀλλὰ
324 2205 431 2255 καὶ
459 2204 593 2255 πᾶσι
618 2205 726 2264 τοῖς
752 2202 1050 2273 ἀνθρώποις
1078 2204 1199 2264 τοὺς
1225 2203 1370 2273 παρά
1389 2203 1463 2273 τῷ
1485 2202 1599 2273 Θεῷ
1625 2208 1997 2276 μακαρισμους
2026 2210 2484 2279 ἀναγγελίξεσθαι.

197 2360 302 2419 ΕΙΣ
341 2360 591 2426 ΤΕΛΟΣ,
624 2358 775 2411 ΤΟΙΣ
806 2358 983 2417 ΥΙΟΙΣ
1015 2357 1194 2411 ΚΟΡΕ
1228 2360 1532 2413 ΨΑΛΜΟΣ.
1571 2361 1690 2411 ΠΔν.

1833 2368 1882 2422 1.
1918 2367 1986 2423 ΙΝ
2020 2369 2244 2433 FINEM,
2286 2370 2483 2425 FILIIS
2510 2371 2690 2427 CORE
2728 2369 3358 2427 PSALMUS.LXXXIV.

231 2514 601 2579 Εὐδόκησας
618 2551 631 2575 ,
657 2513 855 2579 Κύριε,
892 2510 1003 2577 τὴν
1034 2509 1149 2579 γῆν
1176 2524 1289 2562 σου
1308 2549 1322 2573 ,
1351 2508 1725 2576 ἀπέστρεψας

157 2605 275 2670 τὴν
306 2602 736 2671 αιχμαλωσίαν
774 2599 981 2654 Ἰακώϐ.
1036 2598 1357 2661 Ἀκολούθως
1380 2598 1456 2668 τῷ
1482 2599 1584 2667 πρὸ
1615 2598 1729 2650 τού-

156 2712 253 2747 του
286 2692 496 2763 ψαλμῷ
532 2692 668 2763 μετά
707 2691 801 2761 τὴν
831 2694 886 2743 ὲν
912 2690 1102 2760 ἐκείνῳ
1134 2689 1507 2751 θεσπισθεῖσαν
1540 2690 1729 2757 θεοφά-

157 2804 214 2837 νε
224 2803 310 2838 ιαν
338 2786 402 2836 ὲν
424 2781 503 2851 τῷ
525 2782 659 2851 μετά
686 2784 868 2851 χεῖρας
890 2781 1071 2834 κακῶν
1095 2780 1380 2848 ἀπαλλαγὴ
1406 2778 1727 2849 προφητεύε-

156 2894 274 2939 ται,
314 2876 414 2927 καὶ
446 2873 711 2942 λύτρωσις
743 2872 837 2941 μὲν
869 2870 1235 2941 αἰχμαλωσίας
1258 2909 1273 2937 ,
1308 2868 1644 2940 συγχώρησις
1671 2868 1727 2920 δὲ

157 2968 258 3021 καὶ
284 2966 486 3032 ἄφεσις
512 2962 937 3030 ἁμαρτημάτων.
990 2961 1184 3012 Εἶπετο
1214 2959 1318 3028 γάρ
1346 2958 1513 3011 ταῦτα
1536 2961 1600 3028 τῇ
1633 2956 1724 3010 τοῦ

155 3055 298 3109 Θεοῦ
329 3056 413 3115 εἰς
443 3049 761 3121 ἀνθρώπους
792 3050 1058 3121 παρουσίᾳ
1083 3089 1097 3118 ,
1129 3051 1221 3102 καὶ
1250 3052 1359 3111 τοῖς
1385 3049 1586 3110 λοιποῖς
1615 3050 1725 3111 τοῖς

153 3145 251 3196 ἐπὶ
279 3142 364 3212 τῷ
398 3141 506 3211 πρὸ
527 3139 713 3192 τούτου
739 3137 931 3207 ψαλμῷ
957 3137 1352 3206 δεδηλωμένοις.
1388 3136 1594 3206 Ἐπειδὴ
1619 3136 1725 3204 γὰρ

155 3236 215 3286 ὲν
270 3232 474 3301 ἐκείνῳ
528 3228 857 3299 σκηνώματα
895 3226 1027 3279 Θεοῦ
1070 3227 1289 3279 πλεῖστα
1319 3227 1409 3281 καὶ
1447 3228 1602 3278 αὐλαὶ
1633 3228 1724 3279 καὶ

157 3322 529 3390 θυσιαστήρια
555 3317 646 3368 ἐπὶ
670 3315 767 3385 τῆς
787 3315 888 3383 γῆς
907 3314 1213 3377 ὲθεσπίζετο
1237 3313 1608 3383 συστήσεσθαι,
1632 3313 1723 3366 καὶ

153 3411 217 3462 τὸ
245 3409 464 3462 τούτων
497 3405 667 3459 αἴτιον
696 3403 823 3465 Θεὸς
852 3398 919 3471 ἧν
946 3402 1147 3471 μέλλων
1183 3405 1273 3455 ἐπὶ
1301 3405 1399 3473 γῆς
1425 3405 1720 3471 φαίνεσθαι,

153 3500 252 3551 καὶ
270 3495 540 3566 ὀνομαστὶ
555 3493 784 3563 Χριστὸς
802 3488 868 3562 ἦν
885 3492 1315 3562 ὲπιὸλεπόμενος·
1339 3493 1548 3560 ἐλέγετο
1565 3494 1690 3561 γοῦν
1705 3511 1718 3537 -,

166 3586 543 3655 Ὀφθήσεται
570 3585 602 3637 ὀ
626 3582 766 3647 Θεὸς
787 3570 902 3634 τῶν
938 3579 1085 3634 θεῶν
1110 3581 1179 3634 ἐν
1208 3582 1384 3635 Σιώνο
1412 3584 1502 3634 καὶ
1529 3583 1682 3636 πάλιν
1703 3600 1716 3613 ·

166 3679 514 3744 Ἐπίφανον
552 3673 650 3726 ἐπὶ
694 3670 759 3724 τὸ
801 3671 1116 3737 πρόσωπον
1144 3672 1247 3725 τοῦ
1287 3673 1537 3740 Χριστοῦ
1573 3688 1716 3726 σουε

154 3767 393 3828 εἰκότως
426 3766 486 3816 ὲν
520 3762 595 3832 τῷ
636 3760 973 3832 προκειμένῳ
997 3760 1193 3830 ψαλμῷ
1221 3761 1289 3813 τὰ
1324 3761 1577 3831 μέλλοντα
1605 3762 1720 3814 ἐσε-

155 3858 289 3910 σθαι
320 3855 444 3908 καθ’
475 3854 603 3921 ὅλης
630 3852 728 3920 τῆς
762 3850 867 3903 τῶν
897 3849 1190 3921 ἀνθρώπων
1211 3851 1527 3921 οἰκουμένης
1556 3868 1720 3921 προα-

150 3947 516 4016 ναφωνεῖται.
555 3944 622 3993 Ἃ
648 3941 709 4011 δὴ
745 3941 837 3992 καὶ
866 3940 1211 4010 πεπλήρωται
1242 3941 1331 3997 ἐπὶ
1368 3942 1462 4011 τῆς
1486 3941 1577 3994 τοῦ
1603 3943 1718 3993 Σω..

148 4036 222 4105 τῆ
232 4053 333 4105 ρος
362 4034 526 4103 ἡμῶν
553 4030 870 4101 παρουσίας,
892 4030 1009 4081 καθ’
1029 4028 1093 4097 ἢν
1119 4030 1400 4100 εὐδόκησεν
1424 4033 1452 4083 ό
1470 4030 1599 4093 Θεὸς
1623 4047 1721 4083 κα-

145 4124 443 4189 ταξιώσας
481 4120 649 4188 αὐτὴν
690 4120 784 4189 τῆς
821 4120 1118 4183 ὲπιὸἀσεως
1156 4120 1246 4172 τοῦ
1273 4120 1502 4191 Χριστοῦ
1536 4120 1717 4178 αὑτοῦ.

148 4214 343 4265 Πάλαι
377 4211 475 4279 μὲν
502 4208 608 4277 γὰρ
635 4207 814 4276 εἴρητο
840 4204 914 4274 τῷ
948 4204 1370 4275 πρωτοπλάστῳο
1406 4206 1494 4271 Γῆ
1520 4206 1591 4268 εἷ,
1623 4205 1719 4256 καὶ

146 4306 241 4367 εἰς
266 4300 388 4371 γῆν
407 4296 736 4366 ἀπελεύσῃ,
760 4295 869 4357 καὶ,
899 4294 1400 4360 Ἐπικατάρατοςή
1424 4295 1496 4363 γῆ
1513 4294 1580 4346 ἐν
1600 4293 1721 4357 τοῖς

148 4391 361 4457 ἔργοις
389 4401 507 4440 σου
528 4401 541 4414 °
600 4385 691 4436 καὶ
716 4380 870 4443 ἀλλος
900 4379 1186 4449 προφητῶν
1219 4379 1397 4446 ἔλεγεν
1418 4397 1430 4408 ·
1472 4380 1597 4446 Ἀρὰ
1624 4378 1721 4431 καὶ

146 4480 354 4545 φόνος
395 4472 495 4525 καὶ
524 4469 779 4538 ψεῦδος,
810 4466 903 4519 καί
936 4465 1129 4533 κλοπὴ
1157 4466 1252 4518 καὶ
1283 4466 1516 4532 μοιχεία
1544 4465 1717 4534 κέχυ-

146 4582 253 4618 ται
285 4562 390 4616 ἐπὶ
422 4559 533 4626 τῆς
565 4557 676 4627 γῆς
695 4574 707 4586 ⁸
760 4554 855 4611 καὶ
890 4555 1101 4621 αἵματα
1125 4554 1213 4621 ἐφ’
1245 4554 1449 4620 αἵμασι
1472 4554 1719 4621 μίσγου..

148 4671 263 4707 σιν
287 4670 303 4681 -
354 4652 440 4712 Ὠς
466 4649 521 4700 δὲ
550 4647 804 4715 ἐπεδήμει
834 4647 898 4713 τῇ
925 4646 993 4713 γῇ
1026 4644 1054 4695 ὁ
1080 4644 1203 4706 Υἱὸς
1224 4643 1314 4696 τοῦ
1343 4643 1502 4706 Θεοῦ,
1539 4645 1631 4695 καὶ
1660 4646 1721 4701 τὸ

143 4743 269 4796 ἀπὸ
306 4740 411 4809 γῆς
440 4737 598 4807 σῶμα
623 4735 951 4802 ἀνελάμϐανε
974 4750 985 4761 ·
1026 4733 1287 4803 μεταϐολὴ
1318 4732 1591 4802 προτέρων
1619 4734 1724 4801 ἐγί-

146 4849 328 4902 γνετο
350 4828 534 4883 κακῶν
553 4868 567 4890 ,
594 4827 685 4889 καὶ
712 4825 771 4877 τὸ
800 4826 905 4876 πᾶν
936 4824 1032 4892 τῆς
1058 4825 1156 4893 γῆς
1180 4826 1433 4891 στοιχεῖον
1473 4823 1588 4873 ἀντὶ
1627 4824 1722 4893 τῆς

144 4922 440 4995 προτέρας
468 4917 606 4990 ἀρᾶς
634 4913 878 4981 εὐλογίας
910 4912 1039 4964 Θεοῦ
1073 4912 1495 4981 μετελάμϐανεν,
1531 4910 1724 4980 ἐκκληε

146 5013 276 5065 σίαι
328 5026 386 5061 τε
425 5008 520 5060 καὶ
561 5001 695 5057 οἴκοι
740 5002 817 5072 τῷ
849 5000 963 5069 Θεῷ
995 5000 1402 5071 προσευκτήριοι
1447 4996 1563 5047 καθ’
1594 4998 1720 5069 ὅλης

139 5100 256 5168 τῆς
286 5096 614 5166 οἰκουμένης
654 5091 977 5145 συνίσταντο.
1044 5091 1132 5142 Διὸ
1168 5090 1257 5143 νῦν
1306 5088 1404 5157 μὲν
1443 5086 1716 5142 λέλεκται’

141 5188 526 5253 Εὐδόκησας
546 5226 561 5250 ,
586 5184 760 5250 Κύριε
783 5222 797 5246 ,
842 5180 953 5247 τὴν
984 5180 1099 5249 γῆν
1124 5195 1235 5234 σου
1260 5197 1271 5209 ·
1311 5181 1368 5230 ἐν
1403 5176 1609 5245 ἑτέροις
1640 5179 1718 5242 δὲ,

138 5280 388 5345 Κύριος
411 5275 830 5332 ἐϐασίλευσεν,
861 5270 1273 5337 ἀγαλλιάσεται
1300 5268 1337 5333 ἡ
1364 5263 1467 5332 γῆ,
1500 5268 1591 5318 καὶ
1617 5270 1722 5321 πά-

139 5372 236 5423 λιν
258 5385 275 5397 ’
321 5368 536 5434 ’ᾼσατε
558 5362 636 5427 τῷ
660 5361 851 5427 Κυρίῳ
876 5357 1037 5414 πᾶσα
1058 5361 1094 5425 ἡ
1243 5356 1477 5416 Εἰκότως
1500 5350 1590 5408 οὖν
1622 5359 1720 5411 καὶ

139 5455 341 5514 αὑτοῦ
372 5456 615 5508 λέλεκται
646 5449 737 5504 τοῦ
765 5449 961 5518 Κυρίου
987 5450 1018 5517 ὴ
1047 5450 1113 5517 γῆ
1135 5493 1143 5506 ,
1169 5444 1305 5499 κατά
1330 5444 1391 5494 τὸ
1411 5482 1426 5504 ,
1450 5443 1718 5512 Εὐὸόκη-

138 5566 315 5613 σας,
332 5545 523 5609 Κύριε,
540 5542 652 5606 τὴν
668 5539 783 5607 γῆν
797 5552 926 5590 σου.
947 5538 1017 5589 Οὐ
1040 5537 1188 5604 μόνον
1207 5534 1310 5600 γὰρ
1327 5531 1523 5598 κτίσμα
1541 5533 1715 5586 αὐτοῦ

138 5639 251 5693 καὶ
277 5633 520 5701 ποίημα,
546 5630 677 5682 ἀλλά
698 5627 787 5679 καὶ
811 5626 985 5694 κτῆμα
1007 5624 1181 5691 γέγονε
1199 5622 1281 5675 διὰ
1300 5620 1368 5671 τά
1394 5620 1709 5689 λελεγμένα.

1897 2499 2061 2557 Vens.
2091 2503 2145 2559 2.
2178 2503 2519 2565 Benediasisti,
2546 2503 2784 2567 Domine,
2808 2514 2997 2556 terram
3021 2512 3184 2564 tuam,
3217 2515 3362 2553 aver-

1829 2591 1938 2643 tisti
1970 2593 2316 2659 captivitatem
2369 2592 2554 2647 Iacob.
2615 2592 2900 2662 Postquam
2942 2592 2995 2645 in
3044 2589 3362 2660 praecedenti

1829 2680 2036 2747 psalmo
2068 2679 2161 2734 Dei
2195 2681 2456 2735 adventus
2485 2681 2876 2749 praenuntiatus
2922 2678 3128 2740 fuerat,
3171 2691 3361 2731 conse-

1827 2778 2056 2837 quenter
2078 2770 2133 2822 in
2175 2770 2277 2824 hoc
2303 2772 2507 2839 ereptio
2542 2786 2571 2823 a
2602 2770 2775 2833 malis,
2804 2784 3013 2824 necnon
3036 2768 3362 2837 captivitatis

1826 2859 2199 2923 solutio,venia
2213 2876 2424 2930 quoque
2440 2870 2492 2915 et
2513 2862 2756 2916 remissio
2773 2867 3113 2930 peccatorum
3130 2858 3367 2927 praedici-

1824 2955 1931 3001 tur.
1960 2947 2084 3001 Haec
2106 2950 2299 3017 quippe
2320 2951 2500 3003 omnia
2526 2949 2615 3004 Dei
2630 2951 2696 3003 ad
2716 2949 2958 3003 homines
2989 2948 3273 3001 adventum
3308 2954 3361 3001 et

1825 3036 2095 3103 reliquain
2113 3036 2373 3103 superiori
2402 3038 2607 3104 psalmo
2635 3038 2909 3091 enuntiata
2960 3035 3361 3104 subsequebano

1825 3129 1931 3175 tur.
1956 3121 2087 3187 Quia
2111 3122 2253 3176 enim
2278 3124 2332 3175 in
2354 3123 2443 3177 illo
2464 3124 2629 3176 multa
2656 3123 2749 3177 Dei
2772 3122 3277 3187 tabernacula,atria
3306 3131 3361 3176 et

1824 3210 2009 3263 altaria
2026 3210 2080 3263 in
2112 3219 2255 3263 terra
2280 3212 2653 3265 constituenda
2675 3226 2795 3265 esse
2814 3210 3124 3279 praedictum
3150 3210 3357 3275 fuerat;

1824 3298 2119 3367 horumque
2148 3306 2339 3352 auctor
2374 3298 2513 3353 Deus
2539 3306 2655 3352 erat
2677 3298 2741 3352 ad
2790 3298 3031 3352 homines
3060 3307 3316 3353 venturus
3340 3337 3355 3358 .

1824 3403 1886 3441 ac
1915 3390 2229 3444 nominatim
2253 3388 2502 3443 Christus
2524 3388 2612 3441 hic
2643 3389 3081 3457 conspiciendus,
3111 3388 3252 3441 unde
3276 3389 3359 3441 di-

1823 3479 2066 3543 cebatur,
2089 3479 2355 3532 Videbitur
2377 3479 2510 3532 Deus
2532 3480 2745 3533 deorum
2771 3482 2822 3532 in
2853 3478 3017 3543 Sion;
3052 3494 3114 3532 ac
3141 3495 3354 3542 rursus,

1823 3570 2026 3637 Appare
2085 3568 2150 3622 ad
2195 3570 2379 3637 faciem
2429 3569 2625 3622 Christi
2678 3569 2949 3636 tui:jure
2994 3567 3049 3621 in
3110 3568 3358 3636 praesenti

1819 3657 2025 3725 psalmo
2053 3672 2171 3727 qua:
2193 3673 2287 3726 per
2317 3666 2484 3711 totum
2526 3659 2710 3711 orbem
2747 3658 2923 3710 futura
2957 3664 3085 3710 sunt
3110 3671 3359 3724 praenun-

1818 3750 2039 3802 tiantur.
2097 3745 2225 3816 Quae
2276 3762 2405 3803 sane
2456 3748 2511 3800 in
2567 3747 2797 3800 adventu
2837 3747 3137 3800 Servatoris
3185 3745 3356 3799 nostri

1818 3837 2078 3904 completa
2107 3844 2232 3889 sunt
2265 3854 2277 3887 :
2315 3850 2422 3904 quo
2450 3836 2703 3904 placitum
2724 3835 2829 3891 Deo
2862 3836 2960 3888 fuit
2987 3848 3181 3889 terram
3198 3834 3358 3887 Chri-

1818 3926 1885 3981 sti
1917 3926 1997 3978 sui
2036 3924 2182 3985 aditu
2212 3924 2440 3994 dignari.
2487 3923 2760 3992 Siquidem
2795 3926 2919 3977 olim
2949 3924 3120 3991 primo
3150 3922 3360 3991 parenti

1818 4019 2018 4072 dictum
2051 4015 2260 4069 fuerat:
2295 4015 2457 4075 Terra
2484 4031 2558 4079 es,
2590 4024 2637 4067 et
2672 4015 2727 4065 in
2767 4024 2957 4066 terram
2988 4015 3253 4065 reverteris
3283 4016 3355 4081 ‘1;

1816 4116 1887 4168 et,
1920 4102 2203 4167 Maledicta
2253 4112 2392 4155 terra
2441 4104 2495 4156 in
2545 4102 2780 4171 operibus
2830 4101 2930 4153 tuis
2976 4102 3051 4165 “;
3111 4101 3357 4173 aliusque

1818 4195 2077 4269 prOpheta
2102 4192 2233 4247 dicit
2264 4212 2277 4246 :
2310 4192 2649 4246 Maledictum
2676 4200 2724 4244 et
2754 4190 2916 4242 caules
2953 4198 3001 4242 et
3028 4190 3353 4243 mendacium

1817 4296 1863 4349 et
1891 4286 2087 4353 furtum
2121 4293 2168 4337 et
2192 4283 2504 4336 adulterium
2525 4283 2690 4349 e/fusa
2714 4290 2834 4333 sunt
2863 4294 3015 4347 super
3040 4290 3272 4333 terram:
3303 4292 3353 4335 at

1818 4376 2119 4445 sanguinem
2172 4375 2420 4443 sanguine
2471 4373 2679 4424 miscent
2709 4371 2791 4421 υς
2829 4371 2919 4424 ubi
2962 4378 3139 4424 autem
3183 4369 3357 4431 Filius

1817 4461 1911 4517 Dei
1945 4463 2314 4533 peregrinatus
2347 4467 2428 4514 est
2477 4460 2530 4511 in
2556 4466 2730 4519 terra,
2756 4465 3134 4527 terrenumque
3159 4475 3358 4529 corpus

1821 4555 2129 4623 assumpsit,
2160 4554 2397 4620 priorum
2432 4551 2692 4604 malorum
2733 4549 3034 4603 immutatio
3064 4548 3205 4604 facta
3234 4559 3317 4604 est
3336 4589 3353 4614 ,

1821 4651 2097 4712 totumque
2123 4651 2277 4696 terra;
2310 4641 2630 4694 elementum
2653 4677 2667 4700 ,
2716 4639 2832 4690 loco
2862 4639 3102 4708 pristinae
3133 4640 3357 4693 maledi-

1820 4736 2035 4797 ctionis,
2062 4728 2488 4787 benedictionem
2524 4728 2771 4782 sortitum
2793 4738 2897 4795 est,
2929 4745 2993 4785 ac
3031 4731 3274 4783 ecclesia:
3304 4740 3358 4784 et

1821 4826 2054 4883 oratoria
2077 4825 2184 4878 Deo
2213 4838 2305 4892 per
2320 4829 2488 4875 totum
2512 4822 2693 4875 orbem
2710 4822 2999 4877 constituta
3019 4828 3163 4875 sunt.
3182 4820 3360 4885 Quare

1817 4917 1927 4985 jam
1962 4917 2176 4979 dicitur,
2198 4913 2515 4967 Benedixisti
2538 4952 2553 4977 ,
2598 4913 2835 4977 Domine,
2868 4924 3059 4965 terram
3086 4919 3229 4962 tuam
3272 4908 3357 4973 “;

1824 5009 1878 5062 in
1907 5007 2025 5061 aliis
2055 5021 2203 5069 vero,
2231 5005 2501 5068 Dominus,
2525 5005 2775 5073 regnavit,
2801 5000 3082 5057 exsultabit
3111 5009 3250 5051 terra
3278 4998 3357 5064 u’;

1826 5111 1888 5150 ac
1916 5110 2151 5157 rursum,
2180 5093 2398 5148 Cantate
2427 5091 2668 5156 Domino,
2694 5093 2860 5143 omnis
2892 5100 3030 5142 terra
3050 5088 3114 5138 “.
3171 5084 3361 5139 Merito

1826 5186 2005 5253 itaque
2032 5184 2198 5252 ipsius
2224 5181 2431 5233 Domini
2460 5196 2580 5235 esse
2624 5190 2766 5234 terra
2800 5180 2997 5233 dicitur
3025 5176 3127 5229 hoc
3156 5173 3320 5227 modo
3346 5193 3359 5229 :

1826 5276 2167 5339 Benedixisti,
2196 5273 2433 5336 Domine,
2468 5281 2660 5325 terram
2687 5282 2851 5326 tuam.
2879 5271 2993 5325 Non
3029 5267 3173 5321 enim
3208 5266 3367 5333 opiﬁq

1826 5368 1967 5421 cium
1988 5367 2263 5429 duntaxat,
2283 5364 2378 5418 sed
2398 5364 2559 5416 etiam
2586 5364 2859 5431 possessio
2880 5362 3000 5431 ejus
3022 5359 3165 5411 facta
3192 5365 3278 5409 est
3299 5355 3376 5415 oh

1826 5459 2014 5511 allatas
2043 5456 2287 5524 superius
2309 5469 2521 5508 causas.

262 5788 285 5815 ⁸
310 5782 328 5812 ³
369 5780 497 5835 Gen.
533 5794 622 5846 ut,
656 5776 737 5831 19.
811 5777 852 5808 ⁸³
888 5774 1013 5828 ibid.
1051 5774 1123 5827 l7.
1195 5773 1236 5804 “
1274 5769 1407 5825 Osc.
1442 5788 1509 5845 iv,
1539 5774 1593 5828 2.
1682 5776 1722 5811 δε

1824 5782 2174 5848 sal.Lxxx1v,
2208 5778 2262 5835 2.
2322 5781 2381 5857 ηδ’
2427 5778 2805 5849 Ρδλὶααγινί.
2882 5780 2924 5813 ³⁸
2966 5771 3140 5833 Psal.
3175 5778 3301 5824 xcv:
3346 5757 3416 5831 ί..
