  <div class='ocr_page' id='page_1' title='image "/cluster/home/n/w/nwhite01/storage/ocr_20150623/23 (Eusebius, pt. 5)/nyp.33433081862363/539.png"; bbox 0 0 3834 6386; ppageno 0'>
   <div class='ocr_carea' id='block_1_1' title="bbox 333 426 471 481">
    <p class='ocr_par' dir='ltr' id='par_1_1' title="bbox 333 426 471 481">
     <span class='ocr_line' id='line_1_1' title="bbox 333 426 471 481; baseline 0.007 -1"><span class='ocrx_word' id='word_1_1' title='bbox 333 426 471 481; x_wconf 71' lang='grc'><strong>1015</strong></span> 
     </span>
    </p>
   </div>
   <div class='ocr_carea' id='block_1_2' title="bbox 1060 418 2830 478">
    <p class='ocr_par' dir='ltr' id='par_1_2' title="bbox 1060 418 2830 478">
     <span class='ocr_line' id='line_1_2' title="bbox 1060 418 2830 478; baseline -0.001 -1"><span class='ocrx_word' id='word_1_2' title='bbox 1060 424 1320 478; x_wconf 82' lang='lat' dir='ltr'><strong>EUSEBII</strong></span> <span class='ocrx_word' id='word_1_3' title='bbox 1358 422 1826 478; x_wconf 62' lang='lat' dir='ltr'><strong>CAESARIENSIS</strong></span> <span class='ocrx_word' id='word_1_4' title='bbox 1856 420 2003 477; x_wconf 82' lang='lat' dir='ltr'><strong>OPP.</strong></span> <span class='ocrx_word' id='word_1_5' title='bbox 2043 418 2224 474; x_wconf 81' lang='lat' dir='ltr'><strong>PARS</strong></span> <span class='ocrx_word' id='word_1_6' title='bbox 2259 418 2830 475; x_wconf 76' lang='lat' dir='ltr'><strong>Iil.-—EXEGETICA.</strong></span> 
     </span>
    </p>
   </div>
   <div class='ocr_carea' id='block_1_3' title="bbox 3489 416 3637 471">
    <p class='ocr_par' dir='ltr' id='par_1_3' title="bbox 3489 416 3637 471">
     <span class='ocr_line' id='line_1_3' title="bbox 3489 416 3637 471; baseline -0.007 -1"><span class='ocrx_word' id='word_1_7' title='bbox 3489 416 3637 471; x_wconf 74' lang='grc'><strong>1016</strong></span> 
     </span>
    </p>
   </div>
   <div class='ocr_carea' id='block_1_4' title="bbox 330 528 1844 609">
    <p class='ocr_par' dir='ltr' id='par_1_4' title="bbox 330 538 1844 609">
     <span class='ocr_line' id='line_1_4' title="bbox 330 538 1844 609; baseline -0.005 -10"><span class='ocrx_word' id='word_1_8' title='bbox 330 544 460 599; x_wconf 89' lang='lat' dir='ltr'><strong>totis</strong></span> <span class='ocrx_word' id='word_1_9' title='bbox 501 542 643 595; x_wconf 90' lang='lat' dir='ltr'><strong>mille</strong></span> <span class='ocrx_word' id='word_1_10' title='bbox 689 544 844 594; x_wconf 88' lang='lat' dir='ltr'><strong>annis</strong></span> <span class='ocrx_word' id='word_1_11' title='bbox 890 541 1143 609; x_wconf 75' lang='lat' dir='ltr'><strong>templum</strong></span> <span class='ocrx_word' id='word_1_12' title='bbox 1194 540 1311 608; x_wconf 85' lang='lat' dir='ltr'><strong>ejus</strong></span> <span class='ocrx_word' id='word_1_13' title='bbox 1362 539 1605 606; x_wconf 88' lang='lat' dir='ltr'><strong>duravit;</strong></span> <span class='ocrx_word' id='word_1_14' title='bbox 1653 538 1844 592; x_wconf 90' lang='lat' dir='ltr'><strong>totiden</strong></span> 
     </span>
    </p>
   </div>
   <div class='ocr_carea' id='block_1_5' title="bbox 2125 528 3639 609">
    <p class='ocr_par' dir='ltr' id='par_1_5' title="bbox 2125 528 3639 605">
     <span class='ocr_line' id='line_1_5' title="bbox 2125 528 3639 605; baseline -0.001 -21"><span class='ocrx_word' id='word_1_15' title='bbox 2125 553 2158 598; x_wconf 48' lang='grc' dir='ltr'>ις</span> <span class='ocrx_word' id='word_1_16' title='bbox 2190 535 2331 588; x_wconf 81' lang='grc' dir='ltr'>ἔτεσι</span> <span class='ocrx_word' id='word_1_17' title='bbox 2360 536 2580 605; x_wconf 81' lang='grc' dir='ltr'><strong>συνέστη</strong></span> <span class='ocrx_word' id='word_1_18' title='bbox 2612 540 2640 589; x_wconf 84' lang='grc' dir='ltr'><strong>ὁ</strong></span> <span class='ocrx_word' id='word_1_19' title='bbox 2680 538 2740 588; x_wconf 86' lang='grc' dir='ltr'><strong>ἐν</strong></span> <span class='ocrx_word' id='word_1_20' title='bbox 2770 536 2918 603; x_wconf 72' lang='grc' dir='ltr'>αὐτῇ</span> <span class='ocrx_word' id='word_1_21' title='bbox 2970 530 3119 594; x_wconf 84' lang='grc' dir='ltr'>νεὼς</span> <span class='ocrx_word' id='word_1_22' title='bbox 3139 548 3155 561; x_wconf 91' lang='grc'><strong>·</strong></span> <span class='ocrx_word' id='word_1_23' title='bbox 3196 528 3477 583; x_wconf 85' lang='grc' dir='ltr'>τοσαῦτα</span> <span class='ocrx_word' id='word_1_24' title='bbox 3524 532 3639 601; x_wconf 80' lang='grc' dir='ltr'>γὰρ</span> 
     </span>
    </p>
   </div>
   <div class='ocr_carea' id='block_1_6' title="bbox 332 627 1870 702">
    <p class='ocr_par' dir='ltr' id='par_1_6' title="bbox 332 627 1870 702">
     <span class='ocr_line' id='line_1_6' title="bbox 332 627 1870 702; baseline -0.002 -17"><span class='ocrx_word' id='word_1_25' title='bbox 332 633 529 702; x_wconf 81' lang='lat' dir='ltr'><strong>quippe</strong></span> <span class='ocrx_word' id='word_1_26' title='bbox 558 638 908 684; x_wconf 76' lang='lat' dir='ltr'><strong>numerantur</strong></span> <span class='ocrx_word' id='word_1_27' title='bbox 938 644 969 682; x_wconf 91' lang='lat' dir='ltr'><strong>a</strong></span> <span class='ocrx_word' id='word_1_28' title='bbox 1014 629 1194 697; x_wconf 90' lang='lat' dir='ltr'><strong>templi</strong></span> <span class='ocrx_word' id='word_1_29' title='bbox 1228 628 1532 683; x_wconf 91' lang='lat' dir='ltr'><strong>Salomonis</strong></span> <span class='ocrx_word' id='word_1_30' title='bbox 1562 627 1870 682; x_wconf 81' lang='lat' dir='ltr'><strong>fundatione</strong></span> 
     </span>
    </p>
   </div>
   <div class='ocr_carea' id='block_1_7' title="bbox 331 719 1868 790">
    <p class='ocr_par' dir='ltr' id='par_1_7' title="bbox 331 719 1868 790">
     <span class='ocr_line' id='line_1_7' title="bbox 331 719 1868 790; baseline -0.003 -15"><span class='ocrx_word' id='word_1_31' title='bbox 331 737 502 790; x_wconf 91' lang='lat' dir='ltr'><strong>usque</strong></span> <span class='ocrx_word' id='word_1_32' title='bbox 541 720 607 773; x_wconf 87' lang='lat' dir='ltr'><strong>ad</strong></span> <span class='ocrx_word' id='word_1_33' title='bbox 656 720 949 773; x_wconf 86' lang='lat' dir='ltr'><strong>Salvatoris</strong></span> <span class='ocrx_word' id='word_1_34' title='bbox 984 722 1155 773; x_wconf 89' lang='lat' dir='ltr'><strong>nostri</strong></span> <span class='ocrx_word' id='word_1_35' title='bbox 1195 720 1503 774; x_wconf 76' lang='lat' dir='ltr'><strong>adventum.</strong></span> <span class='ocrx_word' id='word_1_36' title='bbox 1552 722 1697 784; x_wconf 79' lang='lat' dir='ltr'><strong>Quos</strong></span> <span class='ocrx_word' id='word_1_37' title='bbox 1744 719 1868 773; x_wconf 89' lang='lat' dir='ltr'><strong>item</strong></span> 
     </span>
    </p>
   </div>
   <div class='ocr_carea' id='block_1_8' title="bbox 330 808 1866 878">
    <p class='ocr_par' dir='ltr' id='par_1_8' title="bbox 330 808 1866 878">
     <span class='ocr_line' id='line_1_8' title="bbox 330 808 1866 878; baseline -0.002 -15"><span class='ocrx_word' id='word_1_38' title='bbox 330 810 556 863; x_wconf 88' lang='lat' dir='ltr'><strong>indicari</strong></span> <span class='ocrx_word' id='word_1_39' title='bbox 596 818 726 878; x_wconf 93' lang='lat' dir='ltr'><strong>puto</strong></span> <span class='ocrx_word' id='word_1_40' title='bbox 769 809 823 861; x_wconf 92' lang='lat' dir='ltr'><strong>in</strong></span> <span class='ocrx_word' id='word_1_41' title='bbox 863 824 1058 863; x_wconf 72' lang='lat' dir='ltr'><strong>Luxu</strong></span> <span class='ocrx_word' id='word_1_42' title='bbox 1088 810 1331 876; x_wconf 83' lang='lat' dir='ltr'><strong>psalmo,</strong></span> <span class='ocrx_word' id='word_1_43' title='bbox 1385 810 1477 877; x_wconf 90' lang='lat' dir='ltr'><strong>qui</strong></span> <span class='ocrx_word' id='word_1_44' title='bbox 1520 808 1866 871; x_wconf 87' lang='lat' dir='ltr'><strong>inscribitur,</strong></span> 
     </span>
    </p>
   </div>
   <div class='ocr_carea' id='block_1_9' title="bbox 334 896 1864 967">
    <p class='ocr_par' dir='ltr' id='par_1_9' title="bbox 334 896 1864 967">
     <span class='ocr_line' id='line_1_9' title="bbox 334 896 1864 967; baseline 0.001 -16"><span class='ocrx_word' id='word_1_45' title='bbox 334 898 517 952; x_wconf 80' lang='lat' dir='ltr'><strong>Oratio</strong></span> <span class='ocrx_word' id='word_1_46' title='bbox 548 896 785 967; x_wconf 79' lang='lat' dir='ltr'><strong>Moysis;</strong></span> <span class='ocrx_word' id='word_1_47' title='bbox 816 898 869 951; x_wconf 91' lang='lat' dir='ltr'><strong>in</strong></span> <span class='ocrx_word' id='word_1_48' title='bbox 902 899 1254 967; x_wconf 87' lang='lat' dir='ltr'><strong>sequentibus</strong></span> <span class='ocrx_word' id='word_1_49' title='bbox 1288 899 1485 967; x_wconf 85' lang='lat' dir='ltr'><strong>quippe</strong></span> <span class='ocrx_word' id='word_1_50' title='bbox 1525 899 1637 953; x_wconf 69' lang='lat' dir='ltr'><strong>haec</strong></span> <span class='ocrx_word' id='word_1_51' title='bbox 1666 898 1823 953; x_wconf 85' lang='lat' dir='ltr'><strong>habet</strong></span> <span class='ocrx_word' id='word_1_52' title='bbox 1852 917 1864 952; x_wconf 89' lang='lat'><strong>:</strong></span> 
     </span>
    </p>
   </div>
   <div class='ocr_carea' id='block_1_10' title="bbox 333 989 1868 1059">
    <p class='ocr_par' dir='ltr' id='par_1_10' title="bbox 333 989 1868 1059">
     <span class='ocr_line' id='line_1_10' title="bbox 333 989 1868 1059; baseline 0.001 -19"><span class='ocrx_word' id='word_1_53' title='bbox 333 989 590 1052; x_wconf 82' lang='lat' dir='ltr'><strong>Quoniam</strong></span> <span class='ocrx_word' id='word_1_54' title='bbox 620 989 759 1041; x_wconf 89' lang='lat' dir='ltr'><strong>mille</strong></span> <span class='ocrx_word' id='word_1_55' title='bbox 788 991 912 1041; x_wconf 86' lang='lat' dir='ltr'><strong>anni</strong></span> <span class='ocrx_word' id='word_1_56' title='bbox 937 1000 1055 1043; x_wconf 83' lang='lat' dir='ltr'><strong>ante</strong></span> <span class='ocrx_word' id='word_1_57' title='bbox 1084 990 1259 1043; x_wconf 82' lang='lat' dir='ltr'><strong>oculos</strong></span> <span class='ocrx_word' id='word_1_58' title='bbox 1290 1000 1403 1043; x_wconf 88' lang='lat' dir='ltr'><strong>tuos</strong></span> <span class='ocrx_word' id='word_1_59' title='bbox 1424 1030 1438 1052; x_wconf 87' lang='lat'><strong>,</strong></span> <span class='ocrx_word' id='word_1_60' title='bbox 1488 1001 1733 1059; x_wconf 77' lang='lat' dir='ltr'><strong>tanquam</strong></span> <span class='ocrx_word' id='word_1_61' title='bbox 1761 989 1868 1047; x_wconf 83' lang='lat' dir='ltr'><strong>dies</strong></span> 
     </span>
    </p>
   </div>
   <div class='ocr_carea' id='block_1_11' title="bbox 329 1076 1869 1145">
    <p class='ocr_par' dir='ltr' id='par_1_11' title="bbox 329 1076 1869 1145">
     <span class='ocr_line' id='line_1_11' title="bbox 329 1076 1869 1145; baseline 0.001 -16"><span class='ocrx_word' id='word_1_62' title='bbox 329 1076 567 1129; x_wconf 83' lang='lat' dir='ltr'><strong>hesterna</strong></span> <span class='ocrx_word' id='word_1_63' title='bbox 593 1093 706 1145; x_wconf 71' lang='lat' dir='ltr'><strong>qua:</strong></span> <span class='ocrx_word' id='word_1_64' title='bbox 731 1080 978 1145; x_wconf 75' lang='lat' dir='ltr'><strong>prwteriit</strong></span> <span class='ocrx_word' id='word_1_65' title='bbox 996 1116 1009 1139; x_wconf 94' lang='lat'><strong>,</strong></span> <span class='ocrx_word' id='word_1_66' title='bbox 1048 1087 1096 1131; x_wconf 91' lang='lat' dir='ltr'><strong>et</strong></span> <span class='ocrx_word' id='word_1_67' title='bbox 1126 1079 1363 1131; x_wconf 91' lang='lat' dir='ltr'><strong>custodia</strong></span> <span class='ocrx_word' id='word_1_68' title='bbox 1391 1080 1442 1131; x_wconf 88' lang='lat' dir='ltr'><strong>in</strong></span> <span class='ocrx_word' id='word_1_69' title='bbox 1471 1087 1634 1135; x_wconf 84' lang='lat' dir='ltr'><strong>nocte.</strong></span> <span class='ocrx_word' id='word_1_70' title='bbox 1670 1077 1869 1145; x_wconf 83' lang='lat' dir='ltr'><strong>Hujus-</strong></span> 
     </span>
    </p>
   </div>
   <div class='ocr_carea' id='block_1_12' title="bbox 328 1167 1868 1236">
    <p class='ocr_par' dir='ltr' id='par_1_12' title="bbox 328 1167 1868 1236">
     <span class='ocr_line' id='line_1_12' title="bbox 328 1167 1868 1236; baseline -0.001 -17"><span class='ocrx_word' id='word_1_71' title='bbox 328 1167 473 1220; x_wconf 90' lang='lat' dir='ltr'><strong>modi</strong></span> <span class='ocrx_word' id='word_1_72' title='bbox 508 1169 685 1236; x_wconf 81' lang='lat' dir='ltr'><strong>itaque</strong></span> <span class='ocrx_word' id='word_1_73' title='bbox 714 1168 1012 1222; x_wconf 89' lang='lat' dir='ltr'><strong>millenario</strong></span> <span class='ocrx_word' id='word_1_74' title='bbox 1042 1168 1122 1221; x_wconf 89' lang='lat' dir='ltr'><strong>vel</strong></span> <span class='ocrx_word' id='word_1_75' title='bbox 1156 1185 1261 1221; x_wconf 91' lang='lat' dir='ltr'><strong>una</strong></span> <span class='ocrx_word' id='word_1_76' title='bbox 1299 1170 1415 1223; x_wconf 90' lang='lat' dir='ltr'><strong>dies</strong></span> <span class='ocrx_word' id='word_1_77' title='bbox 1456 1167 1868 1222; x_wconf 86' lang='lat' dir='ltr'><strong>resurrectionis</strong></span> 
     </span>
    </p>
   </div>
   <div class='ocr_carea' id='block_1_13' title="bbox 330 1254 1869 1327">
    <p class='ocr_par' dir='ltr' id='par_1_13' title="bbox 330 1254 1869 1327">
     <span class='ocr_line' id='line_1_13' title="bbox 330 1254 1869 1327; baseline 0 -18"><span class='ocrx_word' id='word_1_78' title='bbox 330 1254 625 1310; x_wconf 87' lang='lat' dir='ltr'><strong>Salvatoris</strong></span> <span class='ocrx_word' id='word_1_79' title='bbox 656 1259 824 1312; x_wconf 90' lang='lat' dir='ltr'><strong>nostri</strong></span> <span class='ocrx_word' id='word_1_80' title='bbox 860 1273 923 1311; x_wconf 83' lang='lat' dir='ltr'><strong>ex</strong></span> <span class='ocrx_word' id='word_1_81' title='bbox 962 1260 1191 1312; x_wconf 92' lang='lat' dir='ltr'><strong>mortuis</strong></span> <span class='ocrx_word' id='word_1_82' title='bbox 1222 1257 1575 1327; x_wconf 64' lang='lat' dir='ltr'><strong>praeponenda</strong></span> <span class='ocrx_word' id='word_1_83' title='bbox 1596 1298 1611 1321; x_wconf 91' lang='lat'><strong>,</strong></span> <span class='ocrx_word' id='word_1_84' title='bbox 1649 1265 1703 1310; x_wconf 91' lang='lat' dir='ltr'><strong>et</strong></span> <span class='ocrx_word' id='word_1_85' title='bbox 1736 1272 1869 1324; x_wconf 83' lang='lat' dir='ltr'><strong>pre-</strong></span> 
     </span>
    </p>
   </div>
   <div class='ocr_carea' id='block_1_14' title="bbox 330 1346 1867 1417">
    <p class='ocr_par' dir='ltr' id='par_1_14' title="bbox 330 1346 1867 1417">
     <span class='ocr_line' id='line_1_14' title="bbox 330 1346 1867 1417; baseline 0.001 -20"><span class='ocrx_word' id='word_1_86' title='bbox 330 1346 523 1400; x_wconf 91' lang='lat' dir='ltr'><strong>tiosior</strong></span> <span class='ocrx_word' id='word_1_87' title='bbox 553 1348 737 1401; x_wconf 89' lang='lat' dir='ltr'><strong>haberi</strong></span> <span class='ocrx_word' id='word_1_88' title='bbox 763 1348 921 1403; x_wconf 87' lang='lat' dir='ltr'><strong>debet</strong></span> <span class='ocrx_word' id='word_1_89' title='bbox 984 1350 1033 1402; x_wconf 91' lang='lat' dir='ltr'><strong>ei</strong></span> <span class='ocrx_word' id='word_1_90' title='bbox 1089 1352 1179 1417; x_wconf 92' lang='lat' dir='ltr'><strong>qui</strong></span> <span class='ocrx_word' id='word_1_91' title='bbox 1213 1351 1451 1417; x_wconf 89' lang='lat' dir='ltr'><strong>ejusdem</strong></span> <span class='ocrx_word' id='word_1_92' title='bbox 1494 1363 1675 1401; x_wconf 90' lang='lat' dir='ltr'><strong>amore</strong></span> <span class='ocrx_word' id='word_1_93' title='bbox 1718 1347 1867 1399; x_wconf 84' lang='lat' dir='ltr'><strong>duci-</strong></span> 
     </span>
    </p>
   </div>
   <div class='ocr_carea' id='block_1_15' title="bbox 330 1435 1862 1505">
    <p class='ocr_par' dir='ltr' id='par_1_15' title="bbox 330 1435 1862 1505">
     <span class='ocr_line' id='line_1_15' title="bbox 330 1435 1862 1505; baseline 0 -18"><span class='ocrx_word' id='word_1_94' title='bbox 330 1442 439 1491; x_wconf 92' lang='lat' dir='ltr'><strong>tur.</strong></span> <span class='ocrx_word' id='word_1_95' title='bbox 472 1436 648 1500; x_wconf 85' lang='lat' dir='ltr'><strong>Quare</strong></span> <span class='ocrx_word' id='word_1_96' title='bbox 677 1438 962 1490; x_wconf 86' lang='lat' dir='ltr'><strong>adventum</strong></span> <span class='ocrx_word' id='word_1_97' title='bbox 984 1446 1252 1491; x_wconf 87' lang='lat' dir='ltr'><strong>maturare</strong></span> <span class='ocrx_word' id='word_1_98' title='bbox 1278 1454 1432 1492; x_wconf 92' lang='lat' dir='ltr'><strong>suum</strong></span> <span class='ocrx_word' id='word_1_99' title='bbox 1463 1443 1616 1505; x_wconf 82' lang='lat' dir='ltr'><strong>rogat</strong></span> <span class='ocrx_word' id='word_1_100' title='bbox 1642 1435 1826 1489; x_wconf 88' lang='lat' dir='ltr'><strong>dicens</strong></span> <span class='ocrx_word' id='word_1_101' title='bbox 1850 1455 1862 1487; x_wconf 76' lang='grc' dir='ltr'><strong>ε</strong></span> 
     </span>
    </p>
   </div>
   <div class='ocr_carea' id='block_1_16' title="bbox 328 1524 1867 1595">
    <p class='ocr_par' dir='ltr' id='par_1_16' title="bbox 328 1524 1867 1595">
     <span class='ocr_line' id='line_1_16' title="bbox 328 1524 1867 1595; baseline 0.003 -20"><span class='ocrx_word' id='word_1_102' title='bbox 328 1524 533 1592; x_wconf 79' lang='lat' dir='ltr'><strong>Aspice,</strong></span> <span class='ocrx_word' id='word_1_103' title='bbox 572 1526 737 1590; x_wconf 77' lang='lat' dir='ltr'><strong>Dens,</strong></span> <span class='ocrx_word' id='word_1_104' title='bbox 772 1537 819 1579; x_wconf 88' lang='lat' dir='ltr'><strong>et</strong></span> <span class='ocrx_word' id='word_1_105' title='bbox 852 1528 1044 1595; x_wconf 78' lang='lat' dir='ltr'><strong>respice</strong></span> <span class='ocrx_word' id='word_1_106' title='bbox 1074 1528 1128 1579; x_wconf 86' lang='lat' dir='ltr'><strong>in</strong></span> <span class='ocrx_word' id='word_1_107' title='bbox 1159 1528 1346 1595; x_wconf 84' lang='lat' dir='ltr'><strong>faciem</strong></span> <span class='ocrx_word' id='word_1_108' title='bbox 1374 1526 1569 1580; x_wconf 76' lang='lat' dir='ltr'><strong>Christi</strong></span> <span class='ocrx_word' id='word_1_109' title='bbox 1601 1528 1707 1589; x_wconf 88' lang='lat' dir='ltr'><strong>tui,</strong></span> <span class='ocrx_word' id='word_1_110' title='bbox 1739 1542 1867 1595; x_wconf 84' lang='lat' dir='ltr'><strong>quo-</strong></span> 
     </span>
    </p>
   </div>
   <div class='ocr_carea' id='block_1_17' title="bbox 328 1615 1862 1684">
    <p class='ocr_par' dir='ltr' id='par_1_17' title="bbox 328 1615 1862 1684">
     <span class='ocr_line' id='line_1_17' title="bbox 328 1615 1862 1684; baseline 0.003 -20"><span class='ocrx_word' id='word_1_111' title='bbox 328 1615 470 1665; x_wconf 84' lang='lat' dir='ltr'><strong>niam</strong></span> <span class='ocrx_word' id='word_1_112' title='bbox 500 1617 681 1669; x_wconf 88' lang='lat' dir='ltr'><strong>melior</strong></span> <span class='ocrx_word' id='word_1_113' title='bbox 705 1626 780 1669; x_wconf 87' lang='lat' dir='ltr'><strong>est</strong></span> <span class='ocrx_word' id='word_1_114' title='bbox 815 1617 921 1669; x_wconf 88' lang='lat' dir='ltr'><strong>dies</strong></span> <span class='ocrx_word' id='word_1_115' title='bbox 946 1633 1050 1669; x_wconf 91' lang='lat' dir='ltr'><strong>una</strong></span> <span class='ocrx_word' id='word_1_116' title='bbox 1076 1618 1128 1668; x_wconf 89' lang='lat' dir='ltr'><strong>in</strong></span> <span class='ocrx_word' id='word_1_117' title='bbox 1167 1618 1315 1669; x_wconf 80' lang='lat' dir='ltr'><strong>atriis</strong></span> <span class='ocrx_word' id='word_1_118' title='bbox 1348 1618 1447 1669; x_wconf 85' lang='lat' dir='ltr'><strong>tuis</strong></span> <span class='ocrx_word' id='word_1_119' title='bbox 1479 1632 1633 1684; x_wconf 81' lang='lat' dir='ltr'><strong>super</strong></span> <span class='ocrx_word' id='word_1_120' title='bbox 1674 1616 1862 1669; x_wconf 82' lang='lat' dir='ltr'><strong>millia.</strong></span> 
     </span>
    </p>
   </div>
   <div class='ocr_carea' id='block_1_18' title="bbox 326 1688 1864 1775">
    <p class='ocr_par' dir='ltr' id='par_1_18' title="bbox 326 1688 1864 1775">
     <span class='ocr_line' id='line_1_18' title="bbox 326 1688 1864 1775; baseline 0.003 -22"><span class='ocrx_word' id='word_1_121' title='bbox 326 1701 510 1771; x_wconf 78' lang='lat' dir='ltr'><strong>Neque</strong></span> <span class='ocrx_word' id='word_1_122' title='bbox 539 1720 666 1757; x_wconf 88' lang='lat' dir='ltr'><strong>vero</strong></span> <span class='ocrx_word' id='word_1_123' title='bbox 689 1706 854 1758; x_wconf 86' lang='lat' dir='ltr'><strong>millia</strong></span> <span class='ocrx_word' id='word_1_124' title='bbox 910 1707 997 1759; x_wconf 86' lang='lat' dir='ltr'><strong>hic</strong></span> <span class='ocrx_word' id='word_1_125' title='bbox 1050 1706 1327 1775; x_wconf 85' lang='lat' dir='ltr'><strong>pluraliter</strong></span> <span class='ocrx_word' id='word_1_126' title='bbox 1361 1688 1671 1774; x_wconf 76' lang='lat' dir='ltr'><strong>accipienda</strong></span> <span class='ocrx_word' id='word_1_127' title='bbox 1718 1714 1864 1757; x_wconf 87' lang='lat' dir='ltr'><strong>sunt.</strong></span> 
     </span>
    </p>
   </div>
   <div class='ocr_carea' id='block_1_19' title="bbox 326 1792 1867 1864">
    <p class='ocr_par' dir='ltr' id='par_1_19' title="bbox 326 1792 1867 1864">
     <span class='ocr_line' id='line_1_19' title="bbox 326 1792 1867 1864; baseline 0.004 -22"><span class='ocrx_word' id='word_1_128' title='bbox 326 1792 460 1843; x_wconf 86' lang='lat' dir='ltr'><strong>Nam</strong></span> <span class='ocrx_word' id='word_1_129' title='bbox 498 1794 636 1862; x_wconf 85' lang='lat' dir='ltr'><strong>apud</strong></span> <span class='ocrx_word' id='word_1_130' title='bbox 667 1794 918 1849; x_wconf 68' lang='lat' dir='ltr'><strong>llebrmos</strong></span> <span class='ocrx_word' id='word_1_131' title='bbox 949 1796 1059 1850; x_wconf 62' lang='lat' dir='ltr'><strong>hinc</strong></span> <span class='ocrx_word' id='word_1_132' title='bbox 1083 1812 1184 1850; x_wconf 83' lang='lat' dir='ltr'><strong>vox</strong></span> <span class='ocrx_word' id='word_1_133' title='bbox 1210 1796 1490 1853; x_wconf 86' lang='lat' dir='ltr'><strong>millenare</strong></span> <span class='ocrx_word' id='word_1_134' title='bbox 1512 1811 1677 1848; x_wconf 91' lang='lat' dir='ltr'><strong>unum</strong></span> <span class='ocrx_word' id='word_1_135' title='bbox 1704 1796 1867 1864; x_wconf 80' lang='lat' dir='ltr'><strong>signi-</strong></span> 
     </span>
    </p>
   </div>
   <div class='ocr_carea' id='block_1_20' title="bbox 1965 619 3643 697">
    <p class='ocr_par' dir='ltr' id='par_1_20' title="bbox 1965 619 3643 697">
     <span class='ocr_line' id='line_1_20' title="bbox 1965 619 3643 697; baseline -0.002 -18"><span class='ocrx_word' id='word_1_136' title='bbox 1965 624 2031 697; x_wconf 80' lang='grc' dir='ltr'>ἦν</span> <span class='ocrx_word' id='word_1_137' title='bbox 2049 628 2116 680; x_wconf 84' lang='grc' dir='ltr'>τὰ</span> <span class='ocrx_word' id='word_1_138' title='bbox 2142 627 2248 679; x_wconf 76' lang='grc' dir='ltr'><strong>ἀπὸ</strong></span> <span class='ocrx_word' id='word_1_139' title='bbox 2264 628 2362 696; x_wconf 85' lang='grc' dir='ltr'><strong>τῆς</strong></span> <span class='ocrx_word' id='word_1_140' title='bbox 2381 627 2717 696; x_wconf 77' lang='grc' dir='ltr'><strong>Σολομῶντος</strong></span> <span class='ocrx_word' id='word_1_141' title='bbox 2744 623 3128 691; x_wconf 82' lang='grc' dir='ltr'>κατασκευῆς</span> <span class='ocrx_word' id='word_1_142' title='bbox 3146 620 3260 673; x_wconf 87' lang='grc' dir='ltr'><strong>τοῦ</strong></span> <span class='ocrx_word' id='word_1_143' title='bbox 3294 619 3448 673; x_wconf 87' lang='grc' dir='ltr'>ναοῦ</span> <span class='ocrx_word' id='word_1_144' title='bbox 3468 621 3643 693; x_wconf 81' lang='grc' dir='ltr'>μέχρι</span> 
     </span>
    </p>
   </div>
   <div class='ocr_carea' id='block_1_21' title="bbox 1964 709 3643 786">
    <p class='ocr_par' dir='ltr' id='par_1_21' title="bbox 1964 709 3643 786">
     <span class='ocr_line' id='line_1_21' title="bbox 1964 709 3643 786; baseline -0.002 -18"><span class='ocrx_word' id='word_1_145' title='bbox 1964 717 2061 786; x_wconf 89' lang='grc' dir='ltr'><strong>τῆς</strong></span> <span class='ocrx_word' id='word_1_146' title='bbox 2082 715 2176 768; x_wconf 88' lang='grc' dir='ltr'><strong>τοῦ</strong></span> <span class='ocrx_word' id='word_1_147' title='bbox 2200 716 2444 785; x_wconf 81' lang='grc' dir='ltr'><strong>Σωτῆρος</strong></span> <span class='ocrx_word' id='word_1_148' title='bbox 2465 716 2617 785; x_wconf 80' lang='grc' dir='ltr'>ἡμῶν</span> <span class='ocrx_word' id='word_1_149' title='bbox 2640 715 2988 786; x_wconf 81' lang='grc' dir='ltr'><strong>παρουσίας,</strong></span> <span class='ocrx_word' id='word_1_150' title='bbox 3020 712 3059 766; x_wconf 78' lang='grc' dir='ltr'><strong>ἃ</strong></span> <span class='ocrx_word' id='word_1_151' title='bbox 3084 714 3199 765; x_wconf 73' lang='grc' dir='ltr'><strong>καὶ</strong></span> <span class='ocrx_word' id='word_1_152' title='bbox 3226 709 3411 775; x_wconf 78' lang='grc' dir='ltr'>αὖθις</span> <span class='ocrx_word' id='word_1_153' title='bbox 3431 712 3643 782; x_wconf 85' lang='grc' dir='ltr'>δηλοῦ-</span> 
     </span>
    </p>
   </div>
   <div class='ocr_carea' id='block_1_22' title="bbox 1968 801 3646 874">
    <p class='ocr_par' dir='ltr' id='par_1_22' title="bbox 1968 801 3646 874">
     <span class='ocr_line' id='line_1_22' title="bbox 1968 801 3646 874; baseline -0.001 -18"><span class='ocrx_word' id='word_1_154' title='bbox 1968 805 2089 857; x_wconf 84' lang='grc' dir='ltr'>σθαι</span> <span class='ocrx_word' id='word_1_155' title='bbox 2116 804 2351 874; x_wconf 84' lang='grc' dir='ltr'>ήγοῦμαι</span> <span class='ocrx_word' id='word_1_156' title='bbox 2382 804 2465 856; x_wconf 78' lang='grc' dir='ltr'>διὰ</span> <span class='ocrx_word' id='word_1_157' title='bbox 2489 804 2582 856; x_wconf 91' lang='grc' dir='ltr'><strong>τοῦ</strong></span> <span class='ocrx_word' id='word_1_158' title='bbox 2618 804 2717 858; x_wconf 88' lang='grc' dir='ltr'>πθ¹</span> <span class='ocrx_word' id='word_1_159' title='bbox 2744 802 2982 872; x_wconf 78' lang='grc' dir='ltr'>ψαλμοῦ</span> <span class='ocrx_word' id='word_1_160' title='bbox 3004 842 3020 865; x_wconf 88' lang='grc'><strong>,</strong></span> <span class='ocrx_word' id='word_1_161' title='bbox 3068 801 3139 864; x_wconf 81' lang='grc' dir='ltr'>ὃς</span> <span class='ocrx_word' id='word_1_162' title='bbox 3178 801 3646 870; x_wconf 77' lang='grc' dir='ltr'><strong>ἐπιγέγραπται</strong></span> 
     </span>
    </p>
   </div>
   <div class='ocr_carea' id='block_1_23' title="bbox 1970 889 3644 964">
    <p class='ocr_par' dir='ltr' id='par_1_23' title="bbox 1970 889 3644 964">
     <span class='ocr_line' id='line_1_23' title="bbox 1970 889 3644 964; baseline -0.002 -19"><span class='ocrx_word' id='word_1_163' title='bbox 1970 894 2085 964; x_wconf 78' lang='grc' dir='ltr'>μὲν,</span> <span class='ocrx_word' id='word_1_164' title='bbox 2105 893 2416 960; x_wconf 68' lang='grc' dir='ltr'>Ιζοοσευχὴ</span> <span class='ocrx_word' id='word_1_165' title='bbox 2434 891 2748 957; x_wconf 82' lang='grc' dir='ltr'>Μωῦσέως,</span> <span class='ocrx_word' id='word_1_166' title='bbox 2779 892 2925 962; x_wconf 68' lang='grc' dir='ltr'><strong>φησλ⁸</strong></span> <span class='ocrx_word' id='word_1_167' title='bbox 2956 890 3061 943; x_wconf 75' lang='grc' dir='ltr'>καὶ</span> <span class='ocrx_word' id='word_1_168' title='bbox 3078 889 3352 960; x_wconf 84' lang='grc' dir='ltr'>προῖὼν,</span> <span class='ocrx_word' id='word_1_169' title='bbox 3384 890 3523 941; x_wconf 86' lang='grc' dir='ltr'><strong>Ὅτι</strong></span> <span class='ocrx_word' id='word_1_170' title='bbox 3552 892 3644 957; x_wconf 80' lang='grc' dir='ltr'><strong>χι-</strong></span> 
     </span>
    </p>
   </div>
   <div class='ocr_carea' id='block_1_24' title="bbox 1964 979 3642 1051">
    <p class='ocr_par' dir='ltr' id='par_1_24' title="bbox 1964 979 3642 1051">
     <span class='ocr_line' id='line_1_24' title="bbox 1964 979 3642 1051; baseline -0.003 -15"><span class='ocrx_word' id='word_1_171' title='bbox 1964 987 2064 1036; x_wconf 71' lang='grc' dir='ltr'><strong>λια</strong></span> <span class='ocrx_word' id='word_1_172' title='bbox 2098 984 2200 1049; x_wconf 73' lang='grc' dir='ltr'>ἔτη</span> <span class='ocrx_word' id='word_1_173' title='bbox 2240 984 2309 1035; x_wconf 78' lang='grc' dir='ltr'><strong>ἐν</strong></span> <span class='ocrx_word' id='word_1_174' title='bbox 2349 982 2676 1051; x_wconf 67' lang='grc' dir='ltr'>ὀφθαλμοῖς</span> <span class='ocrx_word' id='word_1_175' title='bbox 2705 999 2825 1035; x_wconf 88' lang='grc' dir='ltr'><strong>σου</strong></span> <span class='ocrx_word' id='word_1_176' title='bbox 2856 980 3017 1034; x_wconf 81' lang='grc' dir='ltr'><strong>ὡσεὶ</strong></span> <span class='ocrx_word' id='word_1_177' title='bbox 3056 979 3291 1048; x_wconf 72' lang='grc' dir='ltr'>ἡμέρα</span> <span class='ocrx_word' id='word_1_178' title='bbox 3330 980 3377 1045; x_wconf 75' lang='grc' dir='ltr'><strong><em>ἡ</em></strong></span> <span class='ocrx_word' id='word_1_179' title='bbox 3430 979 3642 1048; x_wconf 86' lang='grc' dir='ltr'>ἐχθὲς,</span> 
     </span>
    </p>
   </div>
   <div class='ocr_carea' id='block_1_25' title="bbox 1966 1068 3648 1142">
    <p class='ocr_par' dir='ltr' id='par_1_25' title="bbox 1966 1068 3648 1142">
     <span class='ocr_line' id='line_1_25' title="bbox 1966 1068 3648 1142; baseline -0.001 -17"><span class='ocrx_word' id='word_1_180' title='bbox 1966 1073 2096 1140; x_wconf 81' lang='grc' dir='ltr'>ἣτις</span> <span class='ocrx_word' id='word_1_181' title='bbox 2124 1072 2347 1141; x_wconf 80' lang='grc' dir='ltr'>διῆλθε,</span> <span class='ocrx_word' id='word_1_182' title='bbox 2383 1075 2481 1128; x_wconf 82' lang='grc' dir='ltr'>καὶ</span> <span class='ocrx_word' id='word_1_183' title='bbox 2508 1072 2756 1142; x_wconf 72' lang='grc' dir='ltr'>φυλακὴ</span> <span class='ocrx_word' id='word_1_184' title='bbox 2778 1074 2852 1125; x_wconf 79' lang='grc' dir='ltr'>ἐν</span> <span class='ocrx_word' id='word_1_185' title='bbox 2877 1072 3075 1125; x_wconf 77' lang='grc' dir='ltr'>νυκτί</span> <span class='ocrx_word' id='word_1_186' title='bbox 3082 1110 3099 1124; x_wconf 95' lang='grc'><strong>.</strong></span> <span class='ocrx_word' id='word_1_187' title='bbox 3144 1072 3281 1141; x_wconf 86' lang='grc' dir='ltr'><strong>Τῆς</strong></span> <span class='ocrx_word' id='word_1_188' title='bbox 3310 1068 3419 1123; x_wconf 80' lang='grc' dir='ltr'><strong>οὖν</strong></span> <span class='ocrx_word' id='word_1_189' title='bbox 3460 1071 3648 1140; x_wconf 81' lang='grc' dir='ltr'>χιλιά-</span> 
     </span>
    </p>
   </div>
   <div class='ocr_carea' id='block_1_26' title="bbox 1965 1162 3648 1237">
    <p class='ocr_par' dir='ltr' id='par_1_26' title="bbox 1965 1162 3648 1237">
     <span class='ocr_line' id='line_1_26' title="bbox 1965 1162 3648 1237; baseline -0.002 -20"><span class='ocrx_word' id='word_1_190' title='bbox 1965 1166 2051 1227; x_wconf 86' lang='grc' dir='ltr'><strong>δος</strong></span> <span class='ocrx_word' id='word_1_191' title='bbox 2079 1166 2289 1236; x_wconf 79' lang='grc' dir='ltr'><strong>ἐκείνης</strong></span> <span class='ocrx_word' id='word_1_192' title='bbox 2318 1169 2350 1237; x_wconf 84' lang='grc' dir='ltr'><strong>ή</strong></span> <span class='ocrx_word' id='word_1_193' title='bbox 2385 1167 2483 1236; x_wconf 92' lang='grc' dir='ltr'><strong>μία</strong></span> <span class='ocrx_word' id='word_1_194' title='bbox 2508 1166 2695 1237; x_wconf 82' lang='grc' dir='ltr'>ἡμέρα</span> <span class='ocrx_word' id='word_1_195' title='bbox 2724 1166 2827 1235; x_wconf 89' lang='grc' dir='ltr'><strong>τῆς</strong></span> <span class='ocrx_word' id='word_1_196' title='bbox 2864 1166 2934 1217; x_wconf 87' lang='grc' dir='ltr'><strong>ἐκ</strong></span> <span class='ocrx_word' id='word_1_197' title='bbox 2972 1164 3221 1234; x_wconf 83' lang='grc' dir='ltr'>νεκρῶν</span> <span class='ocrx_word' id='word_1_198' title='bbox 3254 1162 3648 1227; x_wconf 82' lang='grc' dir='ltr'>ἀναστάσεως</span> 
     </span>
    </p>
   </div>
   <div class='ocr_carea' id='block_1_27' title="bbox 1963 1254 3650 1327">
    <p class='ocr_par' dir='ltr' id='par_1_27' title="bbox 1963 1254 3650 1327">
     <span class='ocr_line' id='line_1_27' title="bbox 1963 1254 3650 1327; baseline 0.002 -21"><span class='ocrx_word' id='word_1_199' title='bbox 1963 1254 2056 1306; x_wconf 87' lang='grc' dir='ltr'><strong>τοῦ</strong></span> <span class='ocrx_word' id='word_1_200' title='bbox 2072 1255 2318 1325; x_wconf 80' lang='grc' dir='ltr'><strong>Σωτῆρος</strong></span> <span class='ocrx_word' id='word_1_201' title='bbox 2334 1257 2487 1325; x_wconf 84' lang='grc' dir='ltr'>ἡμῶν</span> <span class='ocrx_word' id='word_1_202' title='bbox 2510 1256 2817 1327; x_wconf 88' lang='grc' dir='ltr'>προκριτέα</span> <span class='ocrx_word' id='word_1_203' title='bbox 2837 1257 2938 1308; x_wconf 78' lang='grc' dir='ltr'><strong>καὶ</strong></span> <span class='ocrx_word' id='word_1_204' title='bbox 2961 1272 3120 1326; x_wconf 88' lang='grc' dir='ltr'>προτ</span> <span class='ocrx_word' id='word_1_205' title='bbox 3134 1273 3155 1307; x_wconf 88' lang='grc' dir='ltr'><strong>ι</strong></span> <span class='ocrx_word' id='word_1_206' title='bbox 3163 1254 3411 1325; x_wconf 85' lang='grc' dir='ltr'>μοτέρα</span> <span class='ocrx_word' id='word_1_207' title='bbox 3431 1257 3650 1325; x_wconf 67' lang='grc' dir='ltr'>τυγχά-,</span> 
     </span>
    </p>
   </div>
   <div class='ocr_carea' id='block_1_28' title="bbox 1965 1344 3649 1417">
    <p class='ocr_par' dir='ltr' id='par_1_28' title="bbox 1965 1344 3649 1417">
     <span class='ocr_line' id='line_1_28' title="bbox 1965 1344 3649 1417; baseline 0.002 -21"><span class='ocrx_word' id='word_1_208' title='bbox 1965 1362 2042 1397; x_wconf 88' lang='grc' dir='ltr'><strong>νει</strong></span> <span class='ocrx_word' id='word_1_209' title='bbox 2066 1346 2141 1414; x_wconf 80' lang='grc' dir='ltr'>τῷ</span> <span class='ocrx_word' id='word_1_210' title='bbox 2168 1345 2369 1416; x_wconf 80' lang='grc' dir='ltr'><strong>ταύτης</strong></span> <span class='ocrx_word' id='word_1_211' title='bbox 2399 1347 2716 1417; x_wconf 80' lang='grc' dir='ltr'>ἐπιθυμητῇ</span> <span class='ocrx_word' id='word_1_212' title='bbox 2752 1346 3082 1415; x_wconf 80' lang='grc' dir='ltr'><strong>γενομένῳ.</strong></span> <span class='ocrx_word' id='word_1_213' title='bbox 3119 1344 3234 1403; x_wconf 79' lang='grc' dir='ltr'><strong>Διὸ</strong></span> <span class='ocrx_word' id='word_1_214' title='bbox 3265 1344 3523 1414; x_wconf 73' lang='grc' dir='ltr'>εὔχεται</span> <span class='ocrx_word' id='word_1_215' title='bbox 3550 1363 3649 1399; x_wconf 76' lang='grc' dir='ltr'>ταο</span> 
     </span>
    </p>
   </div>
   <div class='ocr_carea' id='block_1_29' title="bbox 1965 1435 3646 1506">
    <p class='ocr_par' dir='ltr' id='par_1_29' title="bbox 1965 1435 3646 1506">
     <span class='ocr_line' id='line_1_29' title="bbox 1965 1435 3646 1506; baseline 0.002 -20"><span class='ocrx_word' id='word_1_216' title='bbox 1965 1435 2119 1504; x_wconf 87' lang='grc' dir='ltr'>χῦναι</span> <span class='ocrx_word' id='word_1_217' title='bbox 2140 1436 2238 1505; x_wconf 83' lang='grc' dir='ltr'>τὴν</span> <span class='ocrx_word' id='word_1_218' title='bbox 2259 1438 2559 1506; x_wconf 84' lang='grc' dir='ltr'>παρουσίαν</span> <span class='ocrx_word' id='word_1_219' title='bbox 2583 1436 2752 1489; x_wconf 83' lang='grc' dir='ltr'>αὐτοῦ</span> <span class='ocrx_word' id='word_1_220' title='bbox 2782 1437 2973 1503; x_wconf 85' lang='grc' dir='ltr'>λέγων</span> <span class='ocrx_word' id='word_1_221' title='bbox 2991 1454 3004 1467; x_wconf 83' lang='grc'><strong>·</strong></span> <span class='ocrx_word' id='word_1_222' title='bbox 3059 1435 3222 1498; x_wconf 74' lang='grc' dir='ltr'>ἰδὲ,</span> <span class='ocrx_word' id='word_1_223' title='bbox 3260 1440 3300 1489; x_wconf 85' lang='grc' dir='ltr'><em>ὀ</em></span> <span class='ocrx_word' id='word_1_224' title='bbox 3329 1436 3516 1501; x_wconf 80' lang='grc' dir='ltr'>Θεὸς,</span> <span class='ocrx_word' id='word_1_225' title='bbox 3545 1439 3646 1490; x_wconf 78' lang='grc' dir='ltr'><strong>καί</strong></span> 
     </span>
    </p>
   </div>
   <div class='ocr_carea' id='block_1_30' title="bbox 1963 1526 3650 1593">
    <p class='ocr_par' dir='ltr' id='par_1_30' title="bbox 1963 1526 3650 1593">
     <span class='ocr_line' id='line_1_30' title="bbox 1963 1526 3650 1593; baseline 0.002 -17"><span class='ocrx_word' id='word_1_226' title='bbox 1963 1526 2289 1593; x_wconf 74' lang='grc' dir='ltr'>ἐπίϐλεψον</span> <span class='ocrx_word' id='word_1_227' title='bbox 2316 1528 2403 1592; x_wconf 78' lang='grc' dir='ltr'><strong>εἰς</strong></span> <span class='ocrx_word' id='word_1_228' title='bbox 2428 1526 2491 1579; x_wconf 86' lang='grc' dir='ltr'>τὸ</span> <span class='ocrx_word' id='word_1_229' title='bbox 2515 1529 2856 1593; x_wconf 78' lang='grc' dir='ltr'>πρόσωπον</span> <span class='ocrx_word' id='word_1_230' title='bbox 2879 1526 2997 1580; x_wconf 87' lang='grc' dir='ltr'><strong>τοῦ</strong></span> <span class='ocrx_word' id='word_1_231' title='bbox 3027 1526 3345 1593; x_wconf 83' lang='grc' dir='ltr'>Χριστοῦ</span> <span class='ocrx_word' id='word_1_232' title='bbox 3369 1542 3525 1589; x_wconf 88' lang='grc' dir='ltr'>σου,</span> <span class='ocrx_word' id='word_1_233' title='bbox 3560 1526 3650 1580; x_wconf 85' lang='grc' dir='ltr'>ὅτι</span> 
     </span>
    </p>
   </div>
   <div class='ocr_carea' id='block_1_31' title="bbox 1966 1616 3649 1686">
    <p class='ocr_par' dir='ltr' id='par_1_31' title="bbox 1966 1616 3649 1686">
     <span class='ocr_line' id='line_1_31' title="bbox 1966 1616 3649 1686; baseline 0.005 -20"><span class='ocrx_word' id='word_1_234' title='bbox 1966 1616 2259 1682; x_wconf 83' lang='grc' dir='ltr'>κρείσσων</span> <span class='ocrx_word' id='word_1_235' title='bbox 2284 1616 2473 1685; x_wconf 74' lang='grc' dir='ltr'>ἡμέρα</span> <span class='ocrx_word' id='word_1_236' title='bbox 2502 1619 2615 1684; x_wconf 82' lang='grc' dir='ltr'><strong>μία</strong></span> <span class='ocrx_word' id='word_1_237' title='bbox 2632 1618 2706 1670; x_wconf 85' lang='grc' dir='ltr'><strong>ἐν</strong></span> <span class='ocrx_word' id='word_1_238' title='bbox 2728 1617 2867 1683; x_wconf 81' lang='grc' dir='ltr'>ταῖς</span> <span class='ocrx_word' id='word_1_239' title='bbox 2896 1617 3149 1682; x_wconf 74' lang='grc' dir='ltr'>αὐλαῖς</span> <span class='ocrx_word' id='word_1_240' title='bbox 3178 1633 3322 1674; x_wconf 75' lang='grc' dir='ltr'><strong>σου</strong></span> <span class='ocrx_word' id='word_1_241' title='bbox 3352 1618 3526 1685; x_wconf 80' lang='grc' dir='ltr'>ὑπὲρ</span> <span class='ocrx_word' id='word_1_242' title='bbox 3560 1637 3649 1686; x_wconf 59' lang='grc' dir='ltr'><strong>χιε</strong></span> 
     </span>
    </p>
   </div>
   <div class='ocr_carea' id='block_1_32' title="bbox 1965 1704 3645 1776">
    <p class='ocr_par' dir='ltr' id='par_1_32' title="bbox 1965 1704 3645 1776">
     <span class='ocr_line' id='line_1_32' title="bbox 1965 1704 3645 1776; baseline 0.002 -19"><span class='ocrx_word' id='word_1_243' title='bbox 1965 1704 2191 1771; x_wconf 78' lang='grc' dir='ltr'>λιάδας.</span> <span class='ocrx_word' id='word_1_244' title='bbox 2250 1706 2323 1758; x_wconf 80' lang='grc' dir='ltr'><strong>Οὐ</strong></span> <span class='ocrx_word' id='word_1_245' title='bbox 2367 1707 2581 1769; x_wconf 85' lang='grc' dir='ltr'>πάντως</span> <span class='ocrx_word' id='word_1_246' title='bbox 2608 1708 2665 1760; x_wconf 87' lang='grc' dir='ltr'>δὲ</span> <span class='ocrx_word' id='word_1_247' title='bbox 2698 1706 3125 1776; x_wconf 83' lang='grc' dir='ltr'><strong>πληθυντικῶς</strong></span> <span class='ocrx_word' id='word_1_248' title='bbox 3163 1708 3508 1760; x_wconf 80' lang='grc' dir='ltr'>ἀκουστέον</span> <span class='ocrx_word' id='word_1_249' title='bbox 3537 1709 3645 1760; x_wconf 84' lang='grc' dir='ltr'><strong>τῶν</strong></span> 
     </span>
    </p>
   </div>
   <div class='ocr_carea' id='block_1_33' title="bbox 1969 1793 3645 1867">
    <p class='ocr_par' dir='ltr' id='par_1_33' title="bbox 1969 1793 3645 1867">
     <span class='ocr_line' id='line_1_33' title="bbox 1969 1793 3645 1867; baseline 0.006 -23"><span class='ocrx_word' id='word_1_250' title='bbox 1969 1793 2246 1862; x_wconf 66' lang='grc' dir='ltr'>χιλιάδωνθ</span> <span class='ocrx_word' id='word_1_251' title='bbox 2281 1796 2427 1866; x_wconf 81' lang='grc' dir='ltr'>παρὰ</span> <span class='ocrx_word' id='word_1_252' title='bbox 2452 1795 2560 1867; x_wconf 80' lang='grc' dir='ltr'><strong>γὰρ</strong></span> <span class='ocrx_word' id='word_1_253' title='bbox 2601 1796 2884 1865; x_wconf 79' lang='grc' dir='ltr'>Ἑϐραίοις</span> <span class='ocrx_word' id='word_1_254' title='bbox 2908 1795 3072 1867; x_wconf 77' lang='grc' dir='ltr'>αὕτη</span> <span class='ocrx_word' id='word_1_255' title='bbox 3115 1798 3156 1866; x_wconf 80' lang='grc' dir='ltr'><strong>ἡ</strong></span> <span class='ocrx_word' id='word_1_256' title='bbox 3196 1795 3369 1859; x_wconf 82' lang='grc' dir='ltr'>λέξις</span> <span class='ocrx_word' id='word_1_257' title='bbox 3396 1796 3536 1865; x_wconf 85' lang='grc' dir='ltr'>μίαν</span> <span class='ocrx_word' id='word_1_258' title='bbox 3564 1817 3645 1867; x_wconf 60' lang='grc' dir='ltr'>χιτ</span> 
     </span>
    </p>
   </div>
   <div class='ocr_carea' id='block_1_34' title="bbox 327 1853 1841 1957">
    <p class='ocr_par' dir='ltr' id='par_1_34' title="bbox 327 1853 1841 1953">
     <span class='ocr_line' id='line_1_34' title="bbox 327 1853 1841 1953; baseline 0.002 -21"><span class='ocrx_word' id='word_1_259' title='bbox 327 1880 451 1933; x_wconf 89' lang='lat' dir='ltr'><strong>licat</strong></span> <span class='ocrx_word' id='word_1_260' title='bbox 474 1921 489 1945; x_wconf 95' lang='lat'><strong>,</strong></span> <span class='ocrx_word' id='word_1_261' title='bbox 540 1892 596 1936; x_wconf 91' lang='lat' dir='ltr'><strong>ut</strong></span> <span class='ocrx_word' id='word_1_262' title='bbox 625 1886 817 1953; x_wconf 86' lang='lat' dir='ltr'><strong>cuique</strong></span> <span class='ocrx_word' id='word_1_263' title='bbox 867 1885 1231 1939; x_wconf 88' lang='lat' dir='ltr'><strong>consideranti</strong></span> <span class='ocrx_word' id='word_1_264' title='bbox 1264 1885 1439 1953; x_wconf 87' lang='lat' dir='ltr'><strong>palam</strong></span> <span class='ocrx_word' id='word_1_265' title='bbox 1470 1885 1593 1937; x_wconf 91' lang='lat' dir='ltr'><strong>erit.</strong></span> <span class='ocrx_word' id='word_1_266' title='bbox 1629 1883 1694 1936; x_wconf 88' lang='lat' dir='ltr'><strong>Et</strong></span> <span class='ocrx_word' id='word_1_267' title='bbox 1740 1853 1841 1952; x_wconf 69' lang='lat' dir='ltr'><strong>qui:</strong></span> 
     </span>
    </p>
   </div>
   <div class='ocr_carea' id='block_1_35' title="bbox 2125 1853 3639 1957">
    <p class='ocr_par' dir='ltr' id='par_1_35' title="bbox 2142 1853 3639 1957">
     <span class='ocr_line' id='line_1_35' title="bbox 2142 1853 3639 1957; baseline 0.003 -20"><span class='ocrx_word' id='word_1_268' title='bbox 2142 1853 2409 1954; x_wconf 69' lang='grc' dir='ltr'>σημαίνει,</span> <span class='ocrx_word' id='word_1_269' title='bbox 2429 1853 2504 1948; x_wconf 67' lang='lat' dir='ltr'><strong>di;</strong></span> <span class='ocrx_word' id='word_1_270' title='bbox 2525 1853 2793 1956; x_wconf 47' lang='grc' dir='ltr'>παντὶ..τῷ</span> <span class='ocrx_word' id='word_1_271' title='bbox 2814 1853 3234 1957; x_wconf 67' lang='grc' dir='ltr'>ἐπιστήσαντι</span> <span class='ocrx_word' id='word_1_272' title='bbox 3260 1853 3446 1957; x_wconf 57' lang='grc' dir='ltr'>δῆλον</span> <span class='ocrx_word' id='word_1_273' title='bbox 3471 1853 3639 1943; x_wconf 54' lang='grc' dir='ltr'>ἔσται.</span> 
     </span>
    </p>
   </div>
   <div class='ocr_carea' id='block_1_36' title="bbox 327 1974 1867 2043">
    <p class='ocr_par' dir='ltr' id='par_1_36' title="bbox 327 1974 1867 2043">
     <span class='ocr_line' id='line_1_36' title="bbox 327 1974 1867 2043; baseline -0.002 -13"><span class='ocrx_word' id='word_1_274' title='bbox 327 1978 442 2031; x_wconf 89' lang='lat' dir='ltr'><strong>dies</strong></span> <span class='ocrx_word' id='word_1_275' title='bbox 475 1992 579 2029; x_wconf 89' lang='lat' dir='ltr'><strong>una</strong></span> <span class='ocrx_word' id='word_1_276' title='bbox 611 1976 663 2027; x_wconf 86' lang='lat' dir='ltr'><strong>in</strong></span> <span class='ocrx_word' id='word_1_277' title='bbox 693 1976 844 2029; x_wconf 87' lang='lat' dir='ltr'><strong>atriis</strong></span> <span class='ocrx_word' id='word_1_278' title='bbox 872 1991 966 2043; x_wconf 91' lang='lat' dir='ltr'><strong>per</strong></span> <span class='ocrx_word' id='word_1_279' title='bbox 994 1982 1163 2028; x_wconf 89' lang='lat' dir='ltr'><strong>totum</strong></span> <span class='ocrx_word' id='word_1_280' title='bbox 1191 1976 1373 2035; x_wconf 84' lang='lat' dir='ltr'><strong>orbem</strong></span> <span class='ocrx_word' id='word_1_281' title='bbox 1404 1976 1456 2027; x_wconf 89' lang='lat' dir='ltr'><strong>in</strong></span> <span class='ocrx_word' id='word_1_282' title='bbox 1489 1974 1720 2029; x_wconf 85' lang='lat' dir='ltr'><strong>adventu</strong></span> <span class='ocrx_word' id='word_1_283' title='bbox 1754 1974 1867 2040; x_wconf 87' lang='lat' dir='ltr'><strong>Dei,</strong></span> 
     </span>
    </p>
   </div>
   <div class='ocr_carea' id='block_1_37' title="bbox 326 2064 1870 2136">
    <p class='ocr_par' dir='ltr' id='par_1_37' title="bbox 326 2064 1870 2136">
     <span class='ocr_line' id='line_1_37' title="bbox 326 2064 1870 2136; baseline -0.003 -17"><span class='ocrx_word' id='word_1_284' title='bbox 326 2069 417 2135; x_wconf 93' lang='lat' dir='ltr'><strong>qui</strong></span> <span class='ocrx_word' id='word_1_285' title='bbox 449 2067 856 2136; x_wconf 60' lang='lat' dir='ltr'><strong>praenuntiatum</strong></span> <span class='ocrx_word' id='word_1_286' title='bbox 895 2065 1131 2118; x_wconf 84' lang='lat' dir='ltr'><strong>fundatis</strong></span> <span class='ocrx_word' id='word_1_287' title='bbox 1157 2104 1169 2126; x_wconf 92' lang='lat'><strong>,</strong></span> <span class='ocrx_word' id='word_1_288' title='bbox 1213 2064 1552 2132; x_wconf 66' lang='lat' dir='ltr'><strong>praestantior</strong></span> <span class='ocrx_word' id='word_1_289' title='bbox 1580 2070 1663 2117; x_wconf 89' lang='lat' dir='ltr'><strong>est</strong></span> <span class='ocrx_word' id='word_1_290' title='bbox 1708 2064 1870 2116; x_wconf 89' lang='lat' dir='ltr'><strong>milli-</strong></span> 
     </span>
    </p>
   </div>
   <div class='ocr_carea' id='block_1_38' title="bbox 326 2154 1867 2225">
    <p class='ocr_par' dir='ltr' id='par_1_38' title="bbox 326 2154 1867 2225">
     <span class='ocr_line' id='line_1_38' title="bbox 326 2154 1867 2225; baseline -0.002 -14"><span class='ocrx_word' id='word_1_291' title='bbox 326 2158 457 2223; x_wconf 91' lang='lat' dir='ltr'><strong>bus;</strong></span> <span class='ocrx_word' id='word_1_292' title='bbox 496 2158 614 2211; x_wconf 91' lang='lat' dir='ltr'><strong>ideo</strong></span> <span class='ocrx_word' id='word_1_293' title='bbox 652 2157 902 2225; x_wconf 84' lang='lat' dir='ltr'><strong>superius</strong></span> <span class='ocrx_word' id='word_1_294' title='bbox 936 2173 1149 2225; x_wconf 83' lang='lat' dir='ltr'><strong>quoque</strong></span> <span class='ocrx_word' id='word_1_295' title='bbox 1173 2156 1420 2211; x_wconf 90' lang='lat' dir='ltr'><strong>dicebat:</strong></span> <span class='ocrx_word' id='word_1_296' title='bbox 1465 2154 1789 2223; x_wconf 83' lang='lat' dir='ltr'><strong>Concupiscit</strong></span> <span class='ocrx_word' id='word_1_297' title='bbox 1819 2165 1867 2210; x_wconf 88' lang='lat' dir='ltr'><strong>et</strong></span> 
     </span>
    </p>
   </div>
   <div class='ocr_carea' id='block_1_39' title="bbox 327 2244 1867 2315">
    <p class='ocr_par' dir='ltr' id='par_1_39' title="bbox 327 2244 1867 2315">
     <span class='ocr_line' id='line_1_39' title="bbox 327 2244 1867 2315; baseline 0.001 -17"><span class='ocrx_word' id='word_1_298' title='bbox 327 2248 504 2315; x_wconf 86' lang='lat' dir='ltr'><strong>deﬁcit</strong></span> <span class='ocrx_word' id='word_1_299' title='bbox 528 2248 703 2299; x_wconf 87' lang='lat' dir='ltr'><strong>anima</strong></span> <span class='ocrx_word' id='word_1_300' title='bbox 730 2263 841 2298; x_wconf 90' lang='lat' dir='ltr'><strong>mea</strong></span> <span class='ocrx_word' id='word_1_301' title='bbox 872 2248 923 2298; x_wconf 86' lang='lat' dir='ltr'><strong>in</strong></span> <span class='ocrx_word' id='word_1_302' title='bbox 963 2248 1103 2298; x_wconf 89' lang='lat' dir='ltr'><strong>atria</strong></span> <span class='ocrx_word' id='word_1_303' title='bbox 1151 2245 1381 2299; x_wconf 86' lang='lat' dir='ltr'><strong>Domini.</strong></span> <span class='ocrx_word' id='word_1_304' title='bbox 1418 2244 1483 2297; x_wconf 83' lang='lat' dir='ltr'><strong>Et</strong></span> <span class='ocrx_word' id='word_1_305' title='bbox 1523 2261 1713 2300; x_wconf 88' lang='lat' dir='ltr'><strong>rursus</strong></span> <span class='ocrx_word' id='word_1_306' title='bbox 1742 2246 1867 2314; x_wconf 88' lang='lat' dir='ltr'><strong>quia</strong></span> 
     </span>
    </p>
   </div>
   <div class='ocr_carea' id='block_1_40' title="bbox 322 2336 1868 2406">
    <p class='ocr_par' dir='ltr' id='par_1_40' title="bbox 322 2336 1868 2406">
     <span class='ocr_line' id='line_1_40' title="bbox 322 2336 1868 2406; baseline -0.001 -16"><span class='ocrx_word' id='word_1_307' title='bbox 322 2337 433 2405; x_wconf 85' lang='lat' dir='ltr'><strong>jam</strong></span> <span class='ocrx_word' id='word_1_308' title='bbox 459 2352 617 2406; x_wconf 85' lang='lat' dir='ltr'><strong>supra</strong></span> <span class='ocrx_word' id='word_1_309' title='bbox 645 2338 870 2399; x_wconf 71' lang='lat' dir='ltr'><strong>dixerat,</strong></span> <span class='ocrx_word' id='word_1_310' title='bbox 892 2338 1038 2389; x_wconf 82' lang='lat' dir='ltr'><strong>Beati</strong></span> <span class='ocrx_word' id='word_1_311' title='bbox 1060 2337 1146 2403; x_wconf 85' lang='lat' dir='ltr'><strong>qui</strong></span> <span class='ocrx_word' id='word_1_312' title='bbox 1168 2338 1402 2389; x_wconf 83' lang='lat' dir='ltr'><strong>habitant</strong></span> <span class='ocrx_word' id='word_1_313' title='bbox 1427 2338 1482 2389; x_wconf 89' lang='lat' dir='ltr'><strong>in</strong></span> <span class='ocrx_word' id='word_1_314' title='bbox 1510 2336 1662 2391; x_wconf 86' lang='lat' dir='ltr'><strong>domo</strong></span> <span class='ocrx_word' id='word_1_315' title='bbox 1679 2345 1788 2399; x_wconf 90' lang='lat' dir='ltr'><strong>tua,</strong></span> <span class='ocrx_word' id='word_1_316' title='bbox 1812 2337 1868 2389; x_wconf 89' lang='lat' dir='ltr'><strong>in</strong></span> 
     </span>
    </p>
   </div>
   <div class='ocr_carea' id='block_1_41' title="bbox 324 2408 1867 2493">
    <p class='ocr_par' dir='ltr' id='par_1_41' title="bbox 324 2408 1867 2493">
     <span class='ocr_line' id='line_1_41' title="bbox 324 2408 1867 2493; baseline 0.001 -14"><span class='ocrx_word' id='word_1_317' title='bbox 324 2429 519 2480; x_wconf 76' lang='lat' dir='ltr'><strong>swcula</strong></span> <span class='ocrx_word' id='word_1_318' title='bbox 541 2428 847 2481; x_wconf 74' lang='lat' dir='ltr'><strong>smculorum</strong></span> <span class='ocrx_word' id='word_1_319' title='bbox 883 2408 1167 2481; x_wconf 61' lang='lat' dir='ltr'><strong>laudaliunt</strong></span> <span class='ocrx_word' id='word_1_320' title='bbox 1215 2438 1301 2493; x_wconf 77' lang='lat' dir='ltr'><strong>te;</strong></span> <span class='ocrx_word' id='word_1_321' title='bbox 1350 2428 1435 2481; x_wconf 88' lang='lat' dir='ltr'><strong>his</strong></span> <span class='ocrx_word' id='word_1_322' title='bbox 1467 2426 1619 2480; x_wconf 78' lang='lat' dir='ltr'><strong>[idem</strong></span> <span class='ocrx_word' id='word_1_323' title='bbox 1666 2426 1867 2485; x_wconf 84' lang='lat' dir='ltr'><strong>habens</strong></span> 
     </span>
    </p>
   </div>
   <div class='ocr_carea' id='block_1_42' title="bbox 326 2515 1866 2583">
    <p class='ocr_par' dir='ltr' id='par_1_42' title="bbox 326 2515 1866 2583">
     <span class='ocr_line' id='line_1_42' title="bbox 326 2515 1866 2583; baseline 0.001 -16"><span class='ocrx_word' id='word_1_324' title='bbox 326 2530 387 2568; x_wconf 91' lang='lat' dir='ltr'><strong>ac</strong></span> <span class='ocrx_word' id='word_1_325' title='bbox 411 2531 595 2569; x_wconf 86' lang='lat' dir='ltr'><strong>verum</strong></span> <span class='ocrx_word' id='word_1_326' title='bbox 619 2532 739 2569; x_wconf 89' lang='lat' dir='ltr'><strong>esse</strong></span> <span class='ocrx_word' id='word_1_327' title='bbox 771 2517 973 2569; x_wconf 91' lang='lat' dir='ltr'><strong>dictum</strong></span> <span class='ocrx_word' id='word_1_328' title='bbox 1008 2516 1313 2583; x_wconf 90' lang='lat' dir='ltr'><strong>hujusmodi</strong></span> <span class='ocrx_word' id='word_1_329' title='bbox 1347 2530 1667 2583; x_wconf 79' lang='lat' dir='ltr'><strong>persuasus,</strong></span> <span class='ocrx_word' id='word_1_330' title='bbox 1706 2529 1770 2568; x_wconf 87' lang='lat' dir='ltr'><strong>ea</strong></span> <span class='ocrx_word' id='word_1_331' title='bbox 1800 2515 1866 2568; x_wconf 89' lang='lat' dir='ltr'><strong>de</strong></span> 
     </span>
    </p>
   </div>
   <div class='ocr_carea' id='block_1_43' title="bbox 325 2606 1866 2674">
    <p class='ocr_par' dir='ltr' id='par_1_43' title="bbox 325 2606 1866 2674">
     <span class='ocr_line' id='line_1_43' title="bbox 325 2606 1866 2674; baseline -0.001 -16"><span class='ocrx_word' id='word_1_332' title='bbox 325 2620 490 2659; x_wconf 86' lang='lat' dir='ltr'><strong>causa</strong></span> <span class='ocrx_word' id='word_1_333' title='bbox 518 2607 638 2659; x_wconf 92' lang='lat' dir='ltr'><strong>dico</strong></span> <span class='ocrx_word' id='word_1_334' title='bbox 666 2626 679 2659; x_wconf 84' lang='lat'><strong>:</strong></span> <span class='ocrx_word' id='word_1_335' title='bbox 716 2607 860 2674; x_wconf 82' lang='lat' dir='ltr'><strong>Elegi</strong></span> <span class='ocrx_word' id='word_1_336' title='bbox 882 2606 1109 2672; x_wconf 85' lang='lat' dir='ltr'><strong>abjectus</strong></span> <span class='ocrx_word' id='word_1_337' title='bbox 1136 2622 1245 2659; x_wconf 85' lang='lat' dir='ltr'><strong>esse</strong></span> <span class='ocrx_word' id='word_1_338' title='bbox 1266 2608 1318 2659; x_wconf 88' lang='lat' dir='ltr'><strong>in</strong></span> <span class='ocrx_word' id='word_1_339' title='bbox 1340 2606 1492 2659; x_wconf 91' lang='lat' dir='ltr'><strong>domo</strong></span> <span class='ocrx_word' id='word_1_340' title='bbox 1514 2606 1609 2661; x_wconf 85' lang='lat' dir='ltr'><strong>Dei</strong></span> <span class='ocrx_word' id='word_1_341' title='bbox 1635 2607 1733 2658; x_wconf 83' lang='lat' dir='ltr'><strong>mei</strong></span> <span class='ocrx_word' id='word_1_342' title='bbox 1756 2621 1866 2657; x_wconf 87' lang='lat' dir='ltr'><strong>ma-</strong></span> 
     </span>
    </p>
   </div>
   <div class='ocr_carea' id='block_1_44' title="bbox 325 2694 1866 2762">
    <p class='ocr_par' dir='ltr' id='par_1_44' title="bbox 325 2694 1866 2762">
     <span class='ocr_line' id='line_1_44' title="bbox 325 2694 1866 2762; baseline -0.002 -15"><span class='ocrx_word' id='word_1_343' title='bbox 325 2696 439 2762; x_wconf 79' lang='lat' dir='ltr'><strong>gis;</strong></span> <span class='ocrx_word' id='word_1_344' title='bbox 473 2704 531 2747; x_wconf 93' lang='lat' dir='ltr'><strong>ut</strong></span> <span class='ocrx_word' id='word_1_345' title='bbox 564 2696 618 2747; x_wconf 92' lang='lat' dir='ltr'><strong>in</strong></span> <span class='ocrx_word' id='word_1_346' title='bbox 642 2696 800 2748; x_wconf 90' lang='lat' dir='ltr'><strong>domo</strong></span> <span class='ocrx_word' id='word_1_347' title='bbox 832 2695 920 2748; x_wconf 90' lang='lat' dir='ltr'><strong>Dei</strong></span> <span class='ocrx_word' id='word_1_348' title='bbox 954 2697 1260 2749; x_wconf 88' lang='lat' dir='ltr'><strong>consistens</strong></span> <span class='ocrx_word' id='word_1_349' title='bbox 1312 2696 1367 2747; x_wconf 92' lang='lat' dir='ltr'><strong>in</strong></span> <span class='ocrx_word' id='word_1_350' title='bbox 1415 2695 1612 2748; x_wconf 69' lang='lat' dir='ltr'><strong>saecula</strong></span> <span class='ocrx_word' id='word_1_351' title='bbox 1644 2694 1866 2748; x_wconf 56' lang='lat' dir='ltr'><strong>saeculo-</strong></span> 
     </span>
    </p>
   </div>
   <div class='ocr_carea' id='block_1_45' title="bbox 324 2785 1863 2847">
    <p class='ocr_par' dir='ltr' id='par_1_45' title="bbox 324 2785 1863 2847">
     <span class='ocr_line' id='line_1_45' title="bbox 324 2785 1863 2847; baseline -0.001 -9"><span class='ocrx_word' id='word_1_352' title='bbox 324 2799 447 2838; x_wconf 86' lang='lat' dir='ltr'><strong>rum</strong></span> <span class='ocrx_word' id='word_1_353' title='bbox 481 2785 643 2839; x_wconf 89' lang='lat' dir='ltr'><strong>Deum</strong></span> <span class='ocrx_word' id='word_1_354' title='bbox 688 2785 906 2839; x_wconf 89' lang='lat' dir='ltr'><strong>laudare</strong></span> <span class='ocrx_word' id='word_1_355' title='bbox 943 2787 1167 2841; x_wconf 81' lang='lat' dir='ltr'><strong>valeam.</strong></span> <span class='ocrx_word' id='word_1_356' title='bbox 1206 2785 1309 2839; x_wconf 85' lang='lat' dir='ltr'><strong>Sed</strong></span> <span class='ocrx_word' id='word_1_357' title='bbox 1338 2786 1498 2847; x_wconf 83' lang='lat' dir='ltr'><strong>etiam</strong></span> <span class='ocrx_word' id='word_1_358' title='bbox 1534 2786 1674 2841; x_wconf 84' lang='lat' dir='ltr'><strong>sicut</strong></span> <span class='ocrx_word' id='word_1_359' title='bbox 1721 2785 1863 2839; x_wconf 90' lang='lat' dir='ltr'><strong>diem</strong></span> 
     </span>
    </p>
   </div>
   <div class='ocr_carea' id='block_1_46' title="bbox 324 2874 1866 2944">
    <p class='ocr_par' dir='ltr' id='par_1_46' title="bbox 324 2874 1866 2944">
     <span class='ocr_line' id='line_1_46' title="bbox 324 2874 1866 2944; baseline 0.001 -19"><span class='ocrx_word' id='word_1_360' title='bbox 324 2888 486 2926; x_wconf 86' lang='lat' dir='ltr'><strong>unam</strong></span> <span class='ocrx_word' id='word_1_361' title='bbox 510 2874 744 2928; x_wconf 87' lang='lat' dir='ltr'><strong>millibus</strong></span> <span class='ocrx_word' id='word_1_362' title='bbox 770 2876 990 2928; x_wconf 90' lang='lat' dir='ltr'><strong>antetuli</strong></span> <span class='ocrx_word' id='word_1_363' title='bbox 1014 2914 1029 2937; x_wconf 94' lang='lat'><strong>,</strong></span> <span class='ocrx_word' id='word_1_364' title='bbox 1061 2876 1133 2935; x_wconf 86' lang='lat' dir='ltr'><strong>ita</strong></span> <span class='ocrx_word' id='word_1_365' title='bbox 1160 2883 1212 2929; x_wconf 90' lang='lat' dir='ltr'><strong>et</strong></span> <span class='ocrx_word' id='word_1_366' title='bbox 1241 2876 1456 2939; x_wconf 90' lang='lat' dir='ltr'><strong>domum</strong></span> <span class='ocrx_word' id='word_1_367' title='bbox 1483 2875 1595 2938; x_wconf 88' lang='lat' dir='ltr'><strong>Dei,</strong></span> <span class='ocrx_word' id='word_1_368' title='bbox 1621 2890 1738 2944; x_wconf 69' lang='lat' dir='ltr'><strong>qua:</strong></span> <span class='ocrx_word' id='word_1_369' title='bbox 1783 2882 1866 2928; x_wconf 90' lang='lat' dir='ltr'><strong>est</strong></span> 
     </span>
    </p>
   </div>
   <div class='ocr_carea' id='block_1_47' title="bbox 326 2962 1863 3045">
    <p class='ocr_par' dir='ltr' id='par_1_47' title="bbox 326 2962 1863 3045">
     <span class='ocr_line' id='line_1_47' title="bbox 326 2962 1863 3045; baseline 0 -28"><span class='ocrx_word' id='word_1_370' title='bbox 326 2963 567 3045; x_wconf 63' lang='lat' dir='ltr'><strong>Ecclesia</strong></span> <span class='ocrx_word' id='word_1_371' title='bbox 601 2962 694 3017; x_wconf 93' lang='lat' dir='ltr'><strong>Dei</strong></span> <span class='ocrx_word' id='word_1_372' title='bbox 754 2966 982 3018; x_wconf 87' lang='lat' dir='ltr'><strong>viventis</strong></span> <span class='ocrx_word' id='word_1_373' title='bbox 1008 3003 1022 3027; x_wconf 91' lang='lat'><strong>,</strong></span> <span class='ocrx_word' id='word_1_374' title='bbox 1075 2966 1325 3019; x_wconf 88' lang='lat' dir='ltr'><strong>columna</strong></span> <span class='ocrx_word' id='word_1_375' title='bbox 1375 2972 1429 3018; x_wconf 91' lang='lat' dir='ltr'><strong>et</strong></span> <span class='ocrx_word' id='word_1_376' title='bbox 1461 2964 1863 3019; x_wconf 81' lang='lat' dir='ltr'><strong>fundamentum</strong></span> 
     </span>
    </p>
   </div>
   <div class='ocr_carea' id='block_1_48' title="bbox 320 3053 1867 3122">
    <p class='ocr_par' dir='ltr' id='par_1_48' title="bbox 320 3053 1867 3122">
     <span class='ocr_line' id='line_1_48' title="bbox 320 3053 1867 3122; baseline -0.001 -16"><span class='ocrx_word' id='word_1_377' title='bbox 320 3053 585 3114; x_wconf 80' lang='lat' dir='ltr'><strong>veritatis,</strong></span> <span class='ocrx_word' id='word_1_378' title='bbox 609 3054 789 3121; x_wconf 81' lang='lat' dir='ltr'><strong>potius</strong></span> <span class='ocrx_word' id='word_1_379' title='bbox 818 3054 973 3122; x_wconf 78' lang='lat' dir='ltr'><strong>elegi,</strong></span> <span class='ocrx_word' id='word_1_380' title='bbox 1002 3068 1160 3121; x_wconf 91' lang='lat' dir='ltr'><strong>quam</strong></span> <span class='ocrx_word' id='word_1_381' title='bbox 1200 3053 1443 3107; x_wconf 83' lang='lat' dir='ltr'><strong>habitare</strong></span> <span class='ocrx_word' id='word_1_382' title='bbox 1471 3054 1525 3109; x_wconf 89' lang='lat' dir='ltr'><strong>in</strong></span> <span class='ocrx_word' id='word_1_383' title='bbox 1555 3054 1738 3111; x_wconf 80' lang='lat' dir='ltr'><strong>multis</strong></span> <span class='ocrx_word' id='word_1_384' title='bbox 1784 3064 1867 3107; x_wconf 86' lang='lat' dir='ltr'><strong>ta-</strong></span> 
     </span>
    </p>
   </div>
   <div class='ocr_carea' id='block_1_49' title="bbox 1966 1976 3643 2052">
    <p class='ocr_par' dir='ltr' id='par_1_49' title="bbox 1966 1976 3643 2052">
     <span class='ocr_line' id='line_1_49' title="bbox 1966 1976 3643 2052; baseline 0.005 -25"><span class='ocrx_word' id='word_1_385' title='bbox 1966 1976 2074 2028; x_wconf 82' lang='lat' dir='ltr'><strong>Ka‘t</strong></span> <span class='ocrx_word' id='word_1_386' title='bbox 2117 1977 2410 2047; x_wconf 78' lang='grc' dir='ltr'>ἐπειδήπερ</span> <span class='ocrx_word' id='word_1_387' title='bbox 2444 1978 2475 2045; x_wconf 83' lang='grc' dir='ltr'><strong>ή</strong></span> <span class='ocrx_word' id='word_1_388' title='bbox 2524 1978 2621 2046; x_wconf 79' lang='grc' dir='ltr'><strong>μία</strong></span> <span class='ocrx_word' id='word_1_389' title='bbox 2661 1978 2855 2048; x_wconf 77' lang='grc' dir='ltr'>ἡμέρα</span> <span class='ocrx_word' id='word_1_390' title='bbox 2894 1980 3341 2051; x_wconf 83' lang='grc' dir='ltr'>προτιμοτέρα</span> <span class='ocrx_word' id='word_1_391' title='bbox 3389 1982 3518 2034; x_wconf 72' lang='grc' dir='ltr'>ἐστὶ</span> <span class='ocrx_word' id='word_1_392' title='bbox 3549 1982 3643 2052; x_wconf 77' lang='grc' dir='ltr'><strong>τῆς</strong></span> 
     </span>
    </p>
   </div>
   <div class='ocr_carea' id='block_1_50' title="bbox 1964 2064 3639 2139">
    <p class='ocr_par' dir='ltr' id='par_1_50' title="bbox 1964 2064 3639 2139">
     <span class='ocr_line' id='line_1_50' title="bbox 1964 2064 3639 2139; baseline 0.002 -22"><span class='ocrx_word' id='word_1_393' title='bbox 1964 2064 2193 2134; x_wconf 83' lang='grc' dir='ltr'>χιλιάδος</span> <span class='ocrx_word' id='word_1_394' title='bbox 2214 2066 2269 2116; x_wconf 81' lang='grc' dir='ltr'><strong>ἐν</strong></span> <span class='ocrx_word' id='word_1_395' title='bbox 2287 2066 2405 2127; x_wconf 87' lang='grc' dir='ltr'>ταῖς</span> <span class='ocrx_word' id='word_1_396' title='bbox 2425 2065 2615 2127; x_wconf 78' lang='grc' dir='ltr'>αὐλαῖς</span> <span class='ocrx_word' id='word_1_397' title='bbox 2637 2070 2761 2128; x_wconf 87' lang='grc' dir='ltr'>ταῖς</span> <span class='ocrx_word' id='word_1_398' title='bbox 2786 2066 2917 2120; x_wconf 83' lang='grc' dir='ltr'>καθ’</span> <span class='ocrx_word' id='word_1_399' title='bbox 2943 2067 3097 2137; x_wconf 78' lang='grc' dir='ltr'>ὅλης</span> <span class='ocrx_word' id='word_1_400' title='bbox 3125 2069 3247 2139; x_wconf 81' lang='grc' dir='ltr'><strong>τῆς</strong></span> <span class='ocrx_word' id='word_1_401' title='bbox 3269 2070 3639 2139; x_wconf 80' lang='grc' dir='ltr'>οἰκουμένης.</span> 
     </span>
    </p>
   </div>
   <div class='ocr_carea' id='block_1_51' title="bbox 1963 2154 3643 2231">
    <p class='ocr_par' dir='ltr' id='par_1_51' title="bbox 1963 2154 3643 2231">
     <span class='ocr_line' id='line_1_51' title="bbox 1963 2154 3643 2231; baseline 0.007 -26"><span class='ocrx_word' id='word_1_402' title='bbox 1963 2154 2048 2206; x_wconf 85' lang='grc' dir='ltr'>διὰ</span> <span class='ocrx_word' id='word_1_403' title='bbox 2081 2154 2179 2222; x_wconf 91' lang='grc' dir='ltr'><strong>τῆς</strong></span> <span class='ocrx_word' id='word_1_404' title='bbox 2217 2154 2527 2221; x_wconf 82' lang='grc' dir='ltr'>θεοφανείας</span> <span class='ocrx_word' id='word_1_405' title='bbox 2557 2155 2651 2208; x_wconf 89' lang='grc' dir='ltr'><strong>τοῦ</strong></span> <span class='ocrx_word' id='word_1_406' title='bbox 2686 2158 3243 2228; x_wconf 72' lang='grc' dir='ltr'>προφητεύομένου</span> <span class='ocrx_word' id='word_1_407' title='bbox 3280 2158 3457 2221; x_wconf 83' lang='grc' dir='ltr'>Θεοῦ,</span> <span class='ocrx_word' id='word_1_408' title='bbox 3504 2160 3643 2231; x_wconf 71' lang='grc' dir='ltr'>ἱδρυ-</span> 
     </span>
    </p>
   </div>
   <div class='ocr_carea' id='block_1_52' title="bbox 1964 2245 3649 2320">
    <p class='ocr_par' dir='ltr' id='par_1_52' title="bbox 1964 2245 3649 2320">
     <span class='ocr_line' id='line_1_52' title="bbox 1964 2245 3649 2320; baseline 0.006 -23"><span class='ocrx_word' id='word_1_409' title='bbox 1964 2245 2198 2309; x_wconf 81' lang='grc' dir='ltr'>θείσαις’</span> <span class='ocrx_word' id='word_1_410' title='bbox 2255 2245 2341 2298; x_wconf 84' lang='grc' dir='ltr'>διὰ</span> <span class='ocrx_word' id='word_1_411' title='bbox 2380 2252 2536 2302; x_wconf 75' lang='grc' dir='ltr'>τοῦτο</span> <span class='ocrx_word' id='word_1_412' title='bbox 2568 2249 2663 2299; x_wconf 74' lang='grc' dir='ltr'><strong>καὶ</strong></span> <span class='ocrx_word' id='word_1_413' title='bbox 2696 2249 2978 2320; x_wconf 82' lang='grc' dir='ltr'>ἀνωτέρω</span> <span class='ocrx_word' id='word_1_414' title='bbox 3009 2251 3273 2319; x_wconf 74' lang='grc' dir='ltr'>ἔλεγεν·</span> <span class='ocrx_word' id='word_1_415' title='bbox 3333 2254 3649 2307; x_wconf 76' lang='grc' dir='ltr'>Ἐπιποθεῖ</span> 
     </span>
    </p>
   </div>
   <div class='ocr_carea' id='block_1_53' title="bbox 1963 2336 3639 2411">
    <p class='ocr_par' dir='ltr' id='par_1_53' title="bbox 1963 2336 3639 2411">
     <span class='ocr_line' id='line_1_53' title="bbox 1963 2336 3639 2411; baseline 0.005 -21"><span class='ocrx_word' id='word_1_416' title='bbox 1963 2337 2059 2392; x_wconf 79' lang='grc' dir='ltr'>καὶ</span> <span class='ocrx_word' id='word_1_417' title='bbox 2076 2337 2331 2390; x_wconf 75' lang='grc' dir='ltr'>ἐκλείπει</span> <span class='ocrx_word' id='word_1_418' title='bbox 2350 2337 2388 2402; x_wconf 74' lang='grc' dir='ltr'><strong><em>ἠ</em></strong></span> <span class='ocrx_word' id='word_1_419' title='bbox 2405 2336 2571 2405; x_wconf 60' lang='grc' dir='ltr'>ψυχή</span> <span class='ocrx_word' id='word_1_420' title='bbox 2588 2355 2711 2405; x_wconf 85' lang='grc' dir='ltr'>μου</span> <span class='ocrx_word' id='word_1_421' title='bbox 2727 2339 2819 2403; x_wconf 84' lang='grc' dir='ltr'>εὶς</span> <span class='ocrx_word' id='word_1_422' title='bbox 2838 2338 2963 2404; x_wconf 83' lang='grc' dir='ltr'>τὰς</span> <span class='ocrx_word' id='word_1_423' title='bbox 2985 2341 3229 2407; x_wconf 72' lang='grc' dir='ltr'>αὐλὰς</span> <span class='ocrx_word' id='word_1_424' title='bbox 3251 2342 3377 2397; x_wconf 82' lang='grc' dir='ltr'><strong>τοῦ</strong></span> <span class='ocrx_word' id='word_1_425' title='bbox 3392 2344 3639 2411; x_wconf 85' lang='grc' dir='ltr'>Κυρίου.</span> 
     </span>
    </p>
   </div>
   <div class='ocr_carea' id='block_1_54' title="bbox 1962 2426 3643 2502">
    <p class='ocr_par' dir='ltr' id='par_1_54' title="bbox 1962 2426 3643 2502">
     <span class='ocr_line' id='line_1_54' title="bbox 1962 2426 3643 2502; baseline 0.005 -24"><span class='ocrx_word' id='word_1_426' title='bbox 1962 2427 2072 2479; x_wconf 74' lang='grc' dir='ltr'><strong>Καὶ</strong></span> <span class='ocrx_word' id='word_1_427' title='bbox 2099 2426 2258 2479; x_wconf 79' lang='grc' dir='ltr'>πάλιν</span> <span class='ocrx_word' id='word_1_428' title='bbox 2290 2426 2591 2501; x_wconf 79' lang='grc' dir='ltr'>ἐπειδήπερ</span> <span class='ocrx_word' id='word_1_429' title='bbox 2634 2428 2908 2498; x_wconf 79' lang='grc' dir='ltr'>ἀνωτέρω</span> <span class='ocrx_word' id='word_1_430' title='bbox 2944 2429 3124 2498; x_wconf 72' lang='grc' dir='ltr'>ἔλεγε</span> <span class='ocrx_word' id='word_1_431' title='bbox 3172 2434 3243 2485; x_wconf 84' lang='grc' dir='ltr'><strong>τὸ</strong></span> <span class='ocrx_word' id='word_1_432' title='bbox 3267 2472 3283 2496; x_wconf 94' lang='grc'><strong>,</strong></span> <span class='ocrx_word' id='word_1_433' title='bbox 3345 2434 3643 2502; x_wconf 78' lang='grc' dir='ltr'>Μακάριοι</span> 
     </span>
    </p>
   </div>
   <div class='ocr_carea' id='block_1_55' title="bbox 1963 2506 3641 2591">
    <p class='ocr_par' dir='ltr' id='par_1_55' title="bbox 1963 2506 3641 2591">
     <span class='ocr_line' id='line_1_55' title="bbox 1963 2506 3641 2591; baseline 0.008 -24"><span class='ocrx_word' id='word_1_434' title='bbox 1963 2519 2016 2568; x_wconf 78' lang='grc' dir='ltr'>οἱ</span> <span class='ocrx_word' id='word_1_435' title='bbox 2044 2516 2455 2581; x_wconf 78' lang='grc' dir='ltr'>κατοικοῦντες</span> <span class='ocrx_word' id='word_1_436' title='bbox 2479 2518 2550 2568; x_wconf 79' lang='grc' dir='ltr'><strong>ἐν</strong></span> <span class='ocrx_word' id='word_1_437' title='bbox 2570 2506 2657 2581; x_wconf 71' lang='grc' dir='ltr'>τῷ</span> <span class='ocrx_word' id='word_1_438' title='bbox 2679 2518 2831 2584; x_wconf 82' lang='grc' dir='ltr'>οἴκῳ</span> <span class='ocrx_word' id='word_1_439' title='bbox 2864 2534 3000 2573; x_wconf 86' lang='grc' dir='ltr'><strong>σου</strong></span> <span class='ocrx_word' id='word_1_440' title='bbox 3024 2560 3044 2586; x_wconf 94' lang='grc'><strong>,</strong></span> <span class='ocrx_word' id='word_1_441' title='bbox 3075 2525 3193 2588; x_wconf 82' lang='grc' dir='ltr'>εὶς</span> <span class='ocrx_word' id='word_1_442' title='bbox 3223 2525 3391 2591; x_wconf 81' lang='grc' dir='ltr'>τοὺς</span> <span class='ocrx_word' id='word_1_443' title='bbox 3422 2524 3641 2591; x_wconf 77' lang='grc' dir='ltr'>αἰῶνας</span> 
     </span>
    </p>
   </div>
   <div class='ocr_carea' id='block_1_56' title="bbox 1962 2604 3639 2684">
    <p class='ocr_par' dir='ltr' id='par_1_56' title="bbox 1962 2604 3639 2684">
     <span class='ocr_line' id='line_1_56' title="bbox 1962 2604 3639 2684; baseline 0.007 -28"><span class='ocrx_word' id='word_1_444' title='bbox 1962 2604 2078 2657; x_wconf 83' lang='grc' dir='ltr'><strong>τῶν</strong></span> <span class='ocrx_word' id='word_1_445' title='bbox 2096 2606 2648 2659; x_wconf 69' lang='grc' dir='ltr'>αὶιὶγνωναίνέσουσί</span> <span class='ocrx_word' id='word_1_446' title='bbox 2670 2623 2747 2660; x_wconf 82' lang='grc' dir='ltr'>σε</span> <span class='ocrx_word' id='word_1_447' title='bbox 2766 2625 2780 2638; x_wconf 90' lang='grc'><strong>·</strong></span> <span class='ocrx_word' id='word_1_448' title='bbox 2801 2609 2996 2679; x_wconf 86' lang='grc' dir='ltr'>τούτῳ</span> <span class='ocrx_word' id='word_1_449' title='bbox 3020 2615 3356 2669; x_wconf 79' lang='grc' dir='ltr'>πιστεύων</span> <span class='ocrx_word' id='word_1_450' title='bbox 3379 2618 3479 2669; x_wconf 79' lang='grc' dir='ltr'>καὶ</span> <span class='ocrx_word' id='word_1_451' title='bbox 3495 2618 3639 2684; x_wconf 83' lang='grc' dir='ltr'>ἀκρι-</span> 
     </span>
    </p>
   </div>
   <div class='ocr_carea' id='block_1_57' title="bbox 1942 2693 3638 2771">
    <p class='ocr_par' dir='ltr' id='par_1_57' title="bbox 1942 2693 3638 2771">
     <span class='ocr_line' id='line_1_57' title="bbox 1942 2693 3638 2771; baseline 0.008 -26"><span class='ocrx_word' id='word_1_452' title='bbox 1942 2695 2070 2756; x_wconf 74' lang='grc' dir='ltr'>,6ὦς</span> <span class='ocrx_word' id='word_1_453' title='bbox 2116 2696 2471 2764; x_wconf 83' lang='grc' dir='ltr'>πεπεισμένος</span> <span class='ocrx_word' id='word_1_454' title='bbox 2502 2696 2678 2766; x_wconf 80' lang='grc' dir='ltr'>ἀληθῆ</span> <span class='ocrx_word' id='word_1_455' title='bbox 2714 2693 2862 2753; x_wconf 77' lang='grc' dir='ltr'>εἶναι</span> <span class='ocrx_word' id='word_1_456' title='bbox 2904 2700 3013 2752; x_wconf 86' lang='grc' dir='ltr'><strong>τὸν</strong></span> <span class='ocrx_word' id='word_1_457' title='bbox 3058 2701 3257 2771; x_wconf 79' lang='grc' dir='ltr'>λόγον</span> <span class='ocrx_word' id='word_1_458' title='bbox 3279 2745 3296 2768; x_wconf 94' lang='grc'><strong>,</strong></span> <span class='ocrx_word' id='word_1_459' title='bbox 3348 2705 3446 2759; x_wconf 82' lang='grc' dir='ltr'>διὰ</span> <span class='ocrx_word' id='word_1_460' title='bbox 3485 2705 3638 2759; x_wconf 83' lang='grc' dir='ltr'>τοῦτό</span> 
     </span>
    </p>
   </div>
   <div class='ocr_carea' id='block_1_58' title="bbox 1964 2785 3641 2862">
    <p class='ocr_par' dir='ltr' id='par_1_58' title="bbox 1964 2785 3641 2862">
     <span class='ocr_line' id='line_1_58' title="bbox 1964 2785 3641 2862; baseline 0.012 -27"><span class='ocrx_word' id='word_1_461' title='bbox 1964 2802 2099 2855; x_wconf 81' lang='grc' dir='ltr'>φημι</span> <span class='ocrx_word' id='word_1_462' title='bbox 2122 2801 2135 2814; x_wconf 76' lang='grc' dir='ltr'><strong>ο</strong></span> <span class='ocrx_word' id='word_1_463' title='bbox 2183 2785 2587 2854; x_wconf 74' lang='grc' dir='ltr'>Ἐξελεξάμην</span> <span class='ocrx_word' id='word_1_464' title='bbox 2611 2790 3222 2854; x_wconf 78' lang='grc' dir='ltr'>παραρριπτεῖσθαι</span> <span class='ocrx_word' id='word_1_465' title='bbox 3251 2797 3333 2849; x_wconf 80' lang='grc' dir='ltr'>ἐν</span> <span class='ocrx_word' id='word_1_466' title='bbox 3378 2797 3466 2862; x_wconf 84' lang='grc' dir='ltr'>τῷ</span> <span class='ocrx_word' id='word_1_467' title='bbox 3501 2800 3641 2861; x_wconf 78' lang='grc' dir='ltr'>οικῳ.</span> 
     </span>
    </p>
   </div>
   <div class='ocr_carea' id='block_1_59' title="bbox 1962 2874 3632 2955">
    <p class='ocr_par' dir='ltr' id='par_1_59' title="bbox 1962 2874 3632 2955">
     <span class='ocr_line' id='line_1_59' title="bbox 1962 2874 3632 2955; baseline 0.01 -29"><span class='ocrx_word' id='word_1_468' title='bbox 1962 2875 2066 2927; x_wconf 84' lang='grc' dir='ltr'><strong>τοῦ</strong></span> <span class='ocrx_word' id='word_1_469' title='bbox 2094 2874 2237 2933; x_wconf 73' lang='grc' dir='ltr'>Θεοῦ</span> <span class='ocrx_word' id='word_1_470' title='bbox 2253 2892 2371 2941; x_wconf 84' lang='grc' dir='ltr'>μου</span> <span class='ocrx_word' id='word_1_471' title='bbox 2403 2875 2647 2943; x_wconf 75' lang='grc' dir='ltr'>μᾶλλον</span> <span class='ocrx_word' id='word_1_472' title='bbox 2668 2893 2682 2909; x_wconf 63' lang='grc' dir='ltr'><strong>υ</strong></span> <span class='ocrx_word' id='word_1_473' title='bbox 2725 2878 2792 2930; x_wconf 76' lang='grc' dir='ltr'>ἵν’</span> <span class='ocrx_word' id='word_1_474' title='bbox 2817 2881 2880 2931; x_wconf 90' lang='grc' dir='ltr'><strong>ἐν</strong></span> <span class='ocrx_word' id='word_1_475' title='bbox 2914 2880 3007 2951; x_wconf 84' lang='grc' dir='ltr'>τῷ</span> <span class='ocrx_word' id='word_1_476' title='bbox 3037 2884 3211 2955; x_wconf 73' lang='grc' dir='ltr'>οἴκῳ</span> <span class='ocrx_word' id='word_1_477' title='bbox 3240 2886 3349 2939; x_wconf 85' lang='grc' dir='ltr'><strong>τοῦ</strong></span> <span class='ocrx_word' id='word_1_478' title='bbox 3375 2886 3518 2940; x_wconf 83' lang='grc' dir='ltr'>Θεοῦ</span> <span class='ocrx_word' id='word_1_479' title='bbox 3541 2887 3632 2951; x_wconf 83' lang='grc' dir='ltr'><strong>ὢν,</strong></span> 
     </span>
    </p>
   </div>
   <div class='ocr_carea' id='block_1_60' title="bbox 1962 2963 3627 3031">
    <p class='ocr_par' dir='ltr' id='par_1_60' title="bbox 1962 2963 3627 3031">
     <span class='ocr_line' id='line_1_60' title="bbox 1962 2963 3627 3031; baseline 0.01 -17"><span class='ocrx_word' id='word_1_480' title='bbox 1962 2963 2199 3031; x_wconf 77' lang='grc' dir='ltr'>δύνωμαι</span> <span class='ocrx_word' id='word_1_481' title='bbox 2230 2964 2307 3024; x_wconf 87' lang='grc' dir='ltr'><strong>εἰς</strong></span> <span class='ocrx_word' id='word_1_482' title='bbox 2334 2965 2457 3027; x_wconf 79' lang='grc' dir='ltr'>τοὺς</span> <span class='ocrx_word' id='word_1_483' title='bbox 2476 2964 2682 3027; x_wconf 85' lang='grc' dir='ltr'>αἰῶνας</span> <span class='ocrx_word' id='word_1_484' title='bbox 2710 2966 2824 3019; x_wconf 86' lang='grc' dir='ltr'><strong>τῶν</strong></span> <span class='ocrx_word' id='word_1_485' title='bbox 2852 2968 3099 3029; x_wconf 79' lang='grc' dir='ltr'>αἰώνων</span> <span class='ocrx_word' id='word_1_486' title='bbox 3126 2977 3337 3028; x_wconf 80' lang='grc' dir='ltr'>αἰνεῖν</span> <span class='ocrx_word' id='word_1_487' title='bbox 3366 2977 3462 3029; x_wconf 79' lang='grc' dir='ltr'>τὸν</span> <span class='ocrx_word' id='word_1_488' title='bbox 3484 2978 3627 3029; x_wconf 87' lang='grc' dir='ltr'>Θεόν.</span> 
     </span>
    </p>
   </div>
   <div class='ocr_carea' id='block_1_61' title="bbox 1962 3052 3634 3140">
    <p class='ocr_par' dir='ltr' id='par_1_61' title="bbox 1962 3052 3634 3140">
     <span class='ocr_line' id='line_1_61' title="bbox 1962 3052 3634 3140; baseline 0.01 -35"><span class='ocrx_word' id='word_1_489' title='bbox 1962 3052 2173 3105; x_wconf 77' lang='grc' dir='ltr'>Μᾶλλον</span> <span class='ocrx_word' id='word_1_490' title='bbox 2203 3053 2258 3105; x_wconf 84' lang='grc' dir='ltr'><strong>δὲ</strong></span> <span class='ocrx_word' id='word_1_491' title='bbox 2284 3053 2613 3124; x_wconf 80' lang='grc' dir='ltr'>ἐξελεξάμην</span> <span class='ocrx_word' id='word_1_492' title='bbox 2647 3056 2844 3128; x_wconf 83' lang='grc' dir='ltr'>ὥσπερ</span> <span class='ocrx_word' id='word_1_493' title='bbox 2880 3060 2996 3131; x_wconf 86' lang='grc' dir='ltr'>τὴν</span> <span class='ocrx_word' id='word_1_494' title='bbox 3038 3063 3204 3131; x_wconf 75' lang='grc' dir='ltr'>μίαν</span> <span class='ocrx_word' id='word_1_495' title='bbox 3236 3068 3474 3140; x_wconf 74' lang='grc' dir='ltr'>ἡμέραν</span> <span class='ocrx_word' id='word_1_496' title='bbox 3500 3066 3634 3138; x_wconf 67' lang='grc' dir='ltr'>ὑπὲρ</span> 
     </span>
    </p>
   </div>
   <div class='ocr_carea' id='block_1_62' title="bbox 322 3141 1836 3239">
    <p class='ocr_par' dir='ltr' id='par_1_62' title="bbox 322 3141 1836 3217">
     <span class='ocr_line' id='line_1_62' title="bbox 322 3141 1836 3217; baseline 0.001 -21"><span class='ocrx_word' id='word_1_497' title='bbox 322 3142 630 3197; x_wconf 89' lang='lat' dir='ltr'><strong>bernaculis</strong></span> <span class='ocrx_word' id='word_1_498' title='bbox 652 3152 1016 3211; x_wconf 80' lang='lat' dir='ltr'><strong>peccatorum.</strong></span> <span class='ocrx_word' id='word_1_499' title='bbox 1066 3141 1197 3196; x_wconf 85' lang='lat' dir='ltr'><strong>Nam</strong></span> <span class='ocrx_word' id='word_1_500' title='bbox 1244 3143 1345 3217; x_wconf 90' lang='lat' dir='ltr'><strong>ipsi</strong></span> <span class='ocrx_word' id='word_1_501' title='bbox 1377 3158 1589 3212; x_wconf 92' lang='lat' dir='ltr'><strong>quoque</strong></span> <span class='ocrx_word' id='word_1_502' title='bbox 1616 3150 1836 3212; x_wconf 89' lang='lat' dir='ltr'><strong>peccato</strong></span> 
     </span>
    </p>
   </div>
   <div class='ocr_carea' id='block_1_63' title="bbox 2115 3141 3629 3239">
    <p class='ocr_par' dir='ltr' id='par_1_63' title="bbox 2115 3142 3629 3229">
     <span class='ocr_line' id='line_1_63' title="bbox 2115 3142 3629 3229; baseline 0.012 -35"><span class='ocrx_word' id='word_1_503' title='bbox 2115 3142 2357 3213; x_wconf 84' lang='grc' dir='ltr'>χιλιάδα,</span> <span class='ocrx_word' id='word_1_504' title='bbox 2392 3143 2535 3219; x_wconf 73' lang='grc' dir='ltr'>οὓτω</span> <span class='ocrx_word' id='word_1_505' title='bbox 2586 3145 2682 3198; x_wconf 81' lang='grc' dir='ltr'><strong>τὸν</strong></span> <span class='ocrx_word' id='word_1_506' title='bbox 2725 3142 2882 3202; x_wconf 83' lang='grc' dir='ltr'>οἷκον</span> <span class='ocrx_word' id='word_1_507' title='bbox 2917 3150 3032 3205; x_wconf 89' lang='grc' dir='ltr'><strong>τοῦ</strong></span> <span class='ocrx_word' id='word_1_508' title='bbox 3067 3154 3239 3218; x_wconf 55' lang='grc' dir='ltr'>θεοῦ</span> <span class='ocrx_word' id='word_1_509' title='bbox 3266 3196 3281 3221; x_wconf 75' lang='grc'><strong>,</strong></span> <span class='ocrx_word' id='word_1_510' title='bbox 3325 3159 3457 3229; x_wconf 80' lang='grc' dir='ltr'>ἥτις</span> <span class='ocrx_word' id='word_1_511' title='bbox 3489 3160 3629 3211; x_wconf 77' lang='grc' dir='ltr'>ἐστὶν</span> 
     </span>
    </p>
   </div>
   <div class='ocr_carea' id='block_1_64' title="bbox 325 3231 1865 3305">
    <p class='ocr_par' dir='ltr' id='par_1_64' title="bbox 325 3231 1865 3305">
     <span class='ocr_line' id='line_1_64' title="bbox 325 3231 1865 3305; baseline 0.003 -22"><span class='ocrx_word' id='word_1_512' title='bbox 325 3246 414 3286; x_wconf 86' lang='lat' dir='ltr'><strong>res</strong></span> <span class='ocrx_word' id='word_1_513' title='bbox 444 3233 497 3285; x_wconf 93' lang='lat' dir='ltr'><strong>in</strong></span> <span class='ocrx_word' id='word_1_514' title='bbox 526 3234 757 3301; x_wconf 84' lang='lat' dir='ltr'><strong>speciem</strong></span> <span class='ocrx_word' id='word_1_515' title='bbox 783 3233 1251 3289; x_wconf 88' lang='lat' dir='ltr'><strong>tabernaculorum</strong></span> <span class='ocrx_word' id='word_1_516' title='bbox 1280 3231 1374 3286; x_wconf 87' lang='lat' dir='ltr'><strong>Dei</strong></span> <span class='ocrx_word' id='word_1_517' title='bbox 1402 3248 1520 3289; x_wconf 88' lang='lat' dir='ltr'><strong>sese</strong></span> <span class='ocrx_word' id='word_1_518' title='bbox 1547 3248 1865 3305; x_wconf 86' lang='lat' dir='ltr'><strong>composue—</strong></span> 
     </span>
    </p>
   </div>
   <div class='ocr_carea' id='block_1_65' title="bbox 323 3322 1862 3391">
    <p class='ocr_par' dir='ltr' id='par_1_65' title="bbox 323 3322 1862 3391">
     <span class='ocr_line' id='line_1_65' title="bbox 323 3322 1862 3391; baseline 0.001 -17"><span class='ocrx_word' id='word_1_519' title='bbox 323 3332 451 3376; x_wconf 90' lang='lat' dir='ltr'><strong>runt</strong></span> <span class='ocrx_word' id='word_1_520' title='bbox 478 3341 491 3376; x_wconf 90' lang='lat'><strong>:</strong></span> <span class='ocrx_word' id='word_1_521' title='bbox 541 3322 633 3377; x_wconf 89' lang='lat' dir='ltr'><strong>sed</strong></span> <span class='ocrx_word' id='word_1_522' title='bbox 665 3323 1006 3377; x_wconf 89' lang='lat' dir='ltr'><strong>tabernacula</strong></span> <span class='ocrx_word' id='word_1_523' title='bbox 1036 3322 1150 3385; x_wconf 89' lang='lat' dir='ltr'><strong>Dei,</strong></span> <span class='ocrx_word' id='word_1_524' title='bbox 1175 3322 1454 3387; x_wconf 87' lang='lat' dir='ltr'><strong>amabilia;</strong></span> <span class='ocrx_word' id='word_1_525' title='bbox 1501 3330 1862 3391; x_wconf 88' lang='lat' dir='ltr'><strong>peccatorum,</strong></span> 
     </span>
    </p>
   </div>
   <div class='ocr_carea' id='block_1_66' title="bbox 321 3411 1865 3480">
    <p class='ocr_par' dir='ltr' id='par_1_66' title="bbox 321 3411 1865 3480">
     <span class='ocr_line' id='line_1_66' title="bbox 321 3411 1865 3480; baseline -0.002 -14"><span class='ocrx_word' id='word_1_526' title='bbox 321 3413 447 3466; x_wconf 90' lang='lat' dir='ltr'><strong>odio</strong></span> <span class='ocrx_word' id='word_1_527' title='bbox 475 3412 635 3480; x_wconf 76' lang='lat' dir='ltr'><strong>digna</strong></span> <span class='ocrx_word' id='word_1_528' title='bbox 666 3421 810 3467; x_wconf 87' lang='lat' dir='ltr'><strong>sunt.</strong></span> <span class='ocrx_word' id='word_1_529' title='bbox 843 3441 913 3452; x_wconf 91' lang='lat'><strong>—</strong></span> <span class='ocrx_word' id='word_1_530' title='bbox 945 3412 1108 3469; x_wconf 67' lang='lat' dir='ltr'><strong>Vens.</strong></span> <span class='ocrx_word' id='word_1_531' title='bbox 1160 3413 1247 3467; x_wconf 72' lang='lat' dir='ltr'><strong>i2.</strong></span> <span class='ocrx_word' id='word_1_532' title='bbox 1288 3413 1423 3479; x_wconf 81' lang='lat' dir='ltr'><strong>Quia</strong></span> <span class='ocrx_word' id='word_1_533' title='bbox 1454 3411 1865 3465; x_wconf 85' lang='lat' dir='ltr'><strong>misericordiam</strong></span> 
     </span>
    </p>
   </div>
   <div class='ocr_carea' id='block_1_67' title="bbox 321 3501 1866 3573">
    <p class='ocr_par' dir='ltr' id='par_1_67' title="bbox 321 3501 1866 3573">
     <span class='ocr_line' id='line_1_67' title="bbox 321 3501 1866 3573; baseline 0 -18"><span class='ocrx_word' id='word_1_534' title='bbox 321 3513 370 3555; x_wconf 81' lang='lat' dir='ltr'><strong>et</strong></span> <span class='ocrx_word' id='word_1_535' title='bbox 400 3503 663 3554; x_wconf 77' lang='lat' dir='ltr'><strong>veritatem</strong></span> <span class='ocrx_word' id='word_1_536' title='bbox 707 3501 875 3569; x_wconf 75' lang='lat' dir='ltr'><strong>diligit</strong></span> <span class='ocrx_word' id='word_1_537' title='bbox 911 3502 1158 3561; x_wconf 79' lang='lat' dir='ltr'><strong>Dominus</strong></span> <span class='ocrx_word' id='word_1_538' title='bbox 1201 3504 1371 3568; x_wconf 85' lang='lat' dir='ltr'><strong>Deus,</strong></span> <span class='ocrx_word' id='word_1_539' title='bbox 1407 3504 1632 3573; x_wconf 85' lang='lat' dir='ltr'><strong>gratiam</strong></span> <span class='ocrx_word' id='word_1_540' title='bbox 1670 3513 1719 3556; x_wconf 84' lang='lat' dir='ltr'><strong>et</strong></span> <span class='ocrx_word' id='word_1_541' title='bbox 1754 3503 1866 3571; x_wconf 63' lang='grc' dir='ltr'>ςιοφ</span> 
     </span>
    </p>
   </div>
   <div class='ocr_carea' id='block_1_68' title="bbox 323 3588 1864 3655">
    <p class='ocr_par' dir='ltr' id='par_1_68' title="bbox 323 3588 1864 3655">
     <span class='ocr_line' id='line_1_68' title="bbox 323 3588 1864 3655; baseline 0.003 -14"><span class='ocrx_word' id='word_1_542' title='bbox 323 3590 459 3641; x_wconf 86' lang='lat' dir='ltr'><strong>riam</strong></span> <span class='ocrx_word' id='word_1_543' title='bbox 493 3588 637 3640; x_wconf 86' lang='lat' dir='ltr'><strong>dabit</strong></span> <span class='ocrx_word' id='word_1_544' title='bbox 674 3588 945 3642; x_wconf 79' lang='lat' dir='ltr'><strong>Dominus.</strong></span> <span class='ocrx_word' id='word_1_545' title='bbox 996 3588 1096 3641; x_wconf 82' lang='lat' dir='ltr'><strong>Pro</strong></span> <span class='ocrx_word' id='word_1_546' title='bbox 1145 3592 1255 3653; x_wconf 91' lang='lat' dir='ltr'><strong>illo,</strong></span> <span class='ocrx_word' id='word_1_547' title='bbox 1283 3592 1420 3655; x_wconf 83' lang='lat' dir='ltr'><strong>Quia</strong></span> <span class='ocrx_word' id='word_1_548' title='bbox 1455 3592 1864 3645; x_wconf 83' lang='lat' dir='ltr'><strong>misericordiam</strong></span> 
     </span>
    </p>
   </div>
   <div class='ocr_carea' id='block_1_69' title="bbox 322 3678 1864 3748">
    <p class='ocr_par' dir='ltr' id='par_1_69' title="bbox 322 3678 1864 3748">
     <span class='ocr_line' id='line_1_69' title="bbox 322 3678 1864 3748; baseline 0.002 -17"><span class='ocrx_word' id='word_1_549' title='bbox 322 3687 372 3731; x_wconf 80' lang='lat' dir='ltr'><strong>et</strong></span> <span class='ocrx_word' id='word_1_550' title='bbox 396 3679 661 3731; x_wconf 80' lang='lat' dir='ltr'><strong>veritatem</strong></span> <span class='ocrx_word' id='word_1_551' title='bbox 689 3679 859 3747; x_wconf 81' lang='lat' dir='ltr'><strong>diligit</strong></span> <span class='ocrx_word' id='word_1_552' title='bbox 887 3678 1165 3742; x_wconf 84' lang='lat' dir='ltr'><strong>Dominus,</strong></span> <span class='ocrx_word' id='word_1_553' title='bbox 1181 3679 1395 3748; x_wconf 80' lang='lat' dir='ltr'><strong>Aquila,</strong></span> <span class='ocrx_word' id='word_1_554' title='bbox 1413 3681 1548 3745; x_wconf 88' lang='lat' dir='ltr'><strong>Quia</strong></span> <span class='ocrx_word' id='word_1_555' title='bbox 1569 3682 1864 3734; x_wconf 85' lang='lat' dir='ltr'><strong>misericor-</strong></span> 
     </span>
    </p>
   </div>
   <div class='ocr_carea' id='block_1_70' title="bbox 323 3768 1862 3839">
    <p class='ocr_par' dir='ltr' id='par_1_70' title="bbox 323 3768 1862 3839">
     <span class='ocr_line' id='line_1_70' title="bbox 323 3768 1862 3839; baseline 0.005 -19"><span class='ocrx_word' id='word_1_556' title='bbox 323 3768 414 3820; x_wconf 87' lang='lat' dir='ltr'><strong>dia</strong></span> <span class='ocrx_word' id='word_1_557' title='bbox 434 3777 481 3820; x_wconf 88' lang='lat' dir='ltr'><strong>et</strong></span> <span class='ocrx_word' id='word_1_558' title='bbox 504 3768 710 3836; x_wconf 84' lang='lat' dir='ltr'><strong>clypeus</strong></span> <span class='ocrx_word' id='word_1_559' title='bbox 742 3768 993 3825; x_wconf 87' lang='lat' dir='ltr'><strong>Dominus</strong></span> <span class='ocrx_word' id='word_1_560' title='bbox 1035 3769 1205 3832; x_wconf 85' lang='lat' dir='ltr'><strong>Deus;</strong></span> <span class='ocrx_word' id='word_1_561' title='bbox 1256 3771 1444 3839; x_wconf 89' lang='lat' dir='ltr'><strong>quinta</strong></span> <span class='ocrx_word' id='word_1_562' title='bbox 1494 3787 1622 3825; x_wconf 81' lang='lat' dir='ltr'><strong>vero</strong></span> <span class='ocrx_word' id='word_1_563' title='bbox 1665 3775 1862 3836; x_wconf 86' lang='lat' dir='ltr'><strong>editio,</strong></span> 
     </span>
    </p>
   </div>
   <div class='ocr_carea' id='block_1_71' title="bbox 326 3856 1863 3929">
    <p class='ocr_par' dir='ltr' id='par_1_71' title="bbox 326 3856 1863 3929">
     <span class='ocr_line' id='line_1_71' title="bbox 326 3856 1863 3929; baseline 0.006 -22"><span class='ocrx_word' id='word_1_564' title='bbox 326 3856 464 3921; x_wconf 88' lang='lat' dir='ltr'><strong>Quia</strong></span> <span class='ocrx_word' id='word_1_565' title='bbox 490 3856 570 3908; x_wconf 84' lang='lat' dir='ltr'><strong>sol</strong></span> <span class='ocrx_word' id='word_1_566' title='bbox 605 3866 655 3909; x_wconf 82' lang='lat' dir='ltr'><strong>et</strong></span> <span class='ocrx_word' id='word_1_567' title='bbox 689 3866 948 3924; x_wconf 83' lang='lat' dir='ltr'><strong>protector</strong></span> <span class='ocrx_word' id='word_1_568' title='bbox 994 3857 1243 3919; x_wconf 86' lang='lat' dir='ltr'><strong>Dominus</strong></span> <span class='ocrx_word' id='word_1_569' title='bbox 1290 3859 1462 3923; x_wconf 83' lang='lat' dir='ltr'><strong>Deus;</strong></span> <span class='ocrx_word' id='word_1_570' title='bbox 1511 3859 1863 3929; x_wconf 79' lang='lat' dir='ltr'><strong>Symmachus</strong></span> 
     </span>
    </p>
   </div>
   <div class='ocr_carea' id='block_1_72' title="bbox 324 3946 1865 4018">
    <p class='ocr_par' dir='ltr' id='par_1_72' title="bbox 324 3946 1865 4018">
     <span class='ocr_line' id='line_1_72' title="bbox 324 3946 1865 4018; baseline 0.003 -18"><span class='ocrx_word' id='word_1_571' title='bbox 324 3949 595 4011; x_wconf 77' lang='lat' dir='ltr'><strong>similiter,</strong></span> <span class='ocrx_word' id='word_1_572' title='bbox 621 3947 758 4012; x_wconf 88' lang='lat' dir='ltr'><strong>Quia</strong></span> <span class='ocrx_word' id='word_1_573' title='bbox 787 3948 886 4011; x_wconf 87' lang='lat' dir='ltr'><strong>sol,</strong></span> <span class='ocrx_word' id='word_1_574' title='bbox 913 3948 1067 4002; x_wconf 83' lang='lat' dir='ltr'><strong>dixit.</strong></span> <span class='ocrx_word' id='word_1_575' title='bbox 1092 3946 1216 4001; x_wconf 88' lang='lat' dir='ltr'><strong>Ideo</strong></span> <span class='ocrx_word' id='word_1_576' title='bbox 1238 3964 1488 4018; x_wconf 89' lang='lat' dir='ltr'><strong>namque,</strong></span> <span class='ocrx_word' id='word_1_577' title='bbox 1525 3950 1617 4014; x_wconf 88' lang='lat' dir='ltr'><strong>ait,</strong></span> <span class='ocrx_word' id='word_1_578' title='bbox 1644 3967 1749 4005; x_wconf 91' lang='lat' dir='ltr'><strong>una</strong></span> <span class='ocrx_word' id='word_1_579' title='bbox 1776 3952 1865 4015; x_wconf 84' lang='lat' dir='ltr'><strong>illa</strong></span> 
     </span>
    </p>
   </div>
   <div class='ocr_carea' id='block_1_73' title="bbox 324 4036 1864 4108">
    <p class='ocr_par' dir='ltr' id='par_1_73' title="bbox 324 4036 1864 4108">
     <span class='ocr_line' id='line_1_73' title="bbox 324 4036 1864 4108; baseline 0.003 -19"><span class='ocrx_word' id='word_1_580' title='bbox 324 4036 439 4091; x_wconf 85' lang='lat' dir='ltr'><strong>dies</strong></span> <span class='ocrx_word' id='word_1_581' title='bbox 469 4038 703 4092; x_wconf 88' lang='lat' dir='ltr'><strong>millibus</strong></span> <span class='ocrx_word' id='word_1_582' title='bbox 733 4040 920 4095; x_wconf 90' lang='lat' dir='ltr'><strong>melior</strong></span> <span class='ocrx_word' id='word_1_583' title='bbox 942 4046 1044 4101; x_wconf 91' lang='lat' dir='ltr'><strong>est,</strong></span> <span class='ocrx_word' id='word_1_584' title='bbox 1074 4039 1199 4108; x_wconf 87' lang='lat' dir='ltr'><strong>quia</strong></span> <span class='ocrx_word' id='word_1_585' title='bbox 1226 4038 1483 4093; x_wconf 89' lang='lat' dir='ltr'><strong>Dominus</strong></span> <span class='ocrx_word' id='word_1_586' title='bbox 1504 4040 1598 4095; x_wconf 88' lang='lat' dir='ltr'><strong>Dei</strong></span> <span class='ocrx_word' id='word_1_587' title='bbox 1634 4042 1864 4094; x_wconf 80' lang='lat' dir='ltr'><strong>Verbum</strong></span> 
     </span>
    </p>
   </div>
   <div class='ocr_carea' id='block_1_74' title="bbox 326 4128 1865 4197">
    <p class='ocr_par' dir='ltr' id='par_1_74' title="bbox 326 4128 1865 4197">
     <span class='ocr_line' id='line_1_74' title="bbox 326 4128 1865 4197; baseline 0.002 -16"><span class='ocrx_word' id='word_1_588' title='bbox 326 4129 430 4183; x_wconf 89' lang='lat' dir='ltr'><strong>diei</strong></span> <span class='ocrx_word' id='word_1_589' title='bbox 462 4128 605 4183; x_wconf 87' lang='lat' dir='ltr'><strong>illius</strong></span> <span class='ocrx_word' id='word_1_590' title='bbox 652 4130 733 4184; x_wconf 89' lang='lat' dir='ltr'><strong>sol</strong></span> <span class='ocrx_word' id='word_1_591' title='bbox 772 4138 874 4183; x_wconf 86' lang='lat' dir='ltr'><strong>est.</strong></span> <span class='ocrx_word' id='word_1_592' title='bbox 923 4128 1077 4184; x_wconf 82' lang='lat' dir='ltr'><strong>Hunc</strong></span> <span class='ocrx_word' id='word_1_593' title='bbox 1121 4142 1249 4181; x_wconf 87' lang='lat' dir='ltr'><strong>vero</strong></span> <span class='ocrx_word' id='word_1_594' title='bbox 1284 4129 1448 4181; x_wconf 88' lang='lat' dir='ltr'><strong>solem</strong></span> <span class='ocrx_word' id='word_1_595' title='bbox 1478 4131 1735 4197; x_wconf 90' lang='lat' dir='ltr'><strong>propheta</strong></span> <span class='ocrx_word' id='word_1_596' title='bbox 1782 4132 1865 4186; x_wconf 93' lang='lat' dir='ltr'><strong>his</strong></span> 
     </span>
    </p>
   </div>
   <div class='ocr_carea' id='block_1_75' title="bbox 324 4218 1867 4283">
    <p class='ocr_par' dir='ltr' id='par_1_75' title="bbox 324 4218 1867 4283">
     <span class='ocr_line' id='line_1_75' title="bbox 324 4218 1867 4283; baseline 0.002 -12"><span class='ocrx_word' id='word_1_597' title='bbox 324 4220 503 4273; x_wconf 84' lang='lat' dir='ltr'><strong>verbis</strong></span> <span class='ocrx_word' id='word_1_598' title='bbox 534 4219 929 4273; x_wconf 90' lang='lat' dir='ltr'><strong>subindicavit:</strong></span> <span class='ocrx_word' id='word_1_599' title='bbox 984 4218 1302 4273; x_wconf 83' lang='lat' dir='ltr'><strong>Timentibus</strong></span> <span class='ocrx_word' id='word_1_600' title='bbox 1351 4229 1521 4275; x_wconf 88' lang='lat' dir='ltr'><strong>autem</strong></span> <span class='ocrx_word' id='word_1_601' title='bbox 1556 4237 1631 4273; x_wconf 89' lang='lat' dir='ltr'><strong>me</strong></span> <span class='ocrx_word' id='word_1_602' title='bbox 1672 4223 1867 4283; x_wconf 87' lang='lat' dir='ltr'><strong>orietur</strong></span> 
     </span>
    </p>
   </div>
   <div class='ocr_carea' id='block_1_76' title="bbox 323 4309 1863 4380">
    <p class='ocr_par' dir='ltr' id='par_1_76' title="bbox 323 4309 1863 4380">
     <span class='ocr_line' id='line_1_76' title="bbox 323 4309 1863 4380; baseline 0.003 -18"><span class='ocrx_word' id='word_1_603' title='bbox 323 4310 416 4362; x_wconf 87' lang='lat' dir='ltr'><strong>Sol</strong></span> <span class='ocrx_word' id='word_1_604' title='bbox 450 4309 708 4377; x_wconf 80' lang='lat' dir='ltr'><strong>justitiw,</strong></span> <span class='ocrx_word' id='word_1_605' title='bbox 745 4320 791 4362; x_wconf 89' lang='lat' dir='ltr'><strong>et</strong></span> <span class='ocrx_word' id='word_1_606' title='bbox 826 4309 1024 4363; x_wconf 85' lang='lat' dir='ltr'><strong>medela</strong></span> <span class='ocrx_word' id='word_1_607' title='bbox 1056 4311 1109 4361; x_wconf 89' lang='lat' dir='ltr'><strong>in</strong></span> <span class='ocrx_word' id='word_1_608' title='bbox 1137 4309 1235 4361; x_wconf 90' lang='lat' dir='ltr'><strong>alis</strong></span> <span class='ocrx_word' id='word_1_609' title='bbox 1272 4310 1383 4377; x_wconf 85' lang='lat' dir='ltr'><strong>ejus</strong></span> <span class='ocrx_word' id='word_1_610' title='bbox 1417 4310 1481 4361; x_wconf 83' lang='grc'><strong>³⁸.</strong></span> <span class='ocrx_word' id='word_1_611' title='bbox 1524 4309 1656 4362; x_wconf 89' lang='lat' dir='ltr'><strong>Eum</strong></span> <span class='ocrx_word' id='word_1_612' title='bbox 1693 4312 1863 4380; x_wconf 88' lang='lat' dir='ltr'><strong>ipsum</strong></span> 
     </span>
    </p>
   </div>
   <div class='ocr_carea' id='block_1_77' title="bbox 320 4398 1863 4467">
    <p class='ocr_par' dir='ltr' id='par_1_77' title="bbox 320 4398 1863 4467">
     <span class='ocr_line' id='line_1_77' title="bbox 320 4398 1863 4467; baseline 0.002 -15"><span class='ocrx_word' id='word_1_613' title='bbox 320 4398 652 4467; x_wconf 76' lang='lat' dir='ltr'><strong>signiﬁcabat</strong></span> <span class='ocrx_word' id='word_1_614' title='bbox 670 4400 760 4467; x_wconf 88' lang='lat' dir='ltr'><strong>qui</strong></span> <span class='ocrx_word' id='word_1_615' title='bbox 790 4400 924 4452; x_wconf 81' lang='lat' dir='ltr'><strong>dixit</strong></span> <span class='ocrx_word' id='word_1_616' title='bbox 950 4418 962 4451; x_wconf 90' lang='lat'>:</span> <span class='ocrx_word' id='word_1_617' title='bbox 997 4399 1065 4452; x_wconf 88' lang='lat' dir='ltr'><strong>Et</strong></span> <span class='ocrx_word' id='word_1_618' title='bbox 1096 4398 1289 4452; x_wconf 86' lang='lat' dir='ltr'><strong>occidet</strong></span> <span class='ocrx_word' id='word_1_619' title='bbox 1308 4399 1388 4451; x_wconf 87' lang='lat' dir='ltr'><strong>sol</strong></span> <span class='ocrx_word' id='word_1_620' title='bbox 1411 4415 1565 4467; x_wconf 83' lang='lat' dir='ltr'><strong>super</strong></span> <span class='ocrx_word' id='word_1_621' title='bbox 1592 4401 1863 4467; x_wconf 78' lang='lat' dir='ltr'><strong>prophetas</strong></span> 
     </span>
    </p>
   </div>
   <div class='ocr_carea' id='block_1_78' title="bbox 1976 3232 3633 3321">
    <p class='ocr_par' dir='ltr' id='par_1_78' title="bbox 1976 3232 3633 3321">
     <span class='ocr_line' id='line_1_78' title="bbox 1976 3232 3633 3321; baseline 0.014 -38"><span class='ocrx_word' id='word_1_622' title='bbox 1976 3232 2263 3301; x_wconf 78' lang='grc' dir='ltr'>Ἐκκλησία</span> <span class='ocrx_word' id='word_1_623' title='bbox 2282 3233 2412 3286; x_wconf 75' lang='grc' dir='ltr'>Θεοῦ</span> <span class='ocrx_word' id='word_1_624' title='bbox 2430 3234 2657 3301; x_wconf 77' lang='grc' dir='ltr'>ζῶντος,</span> <span class='ocrx_word' id='word_1_625' title='bbox 2683 3237 2885 3302; x_wconf 87' lang='grc' dir='ltr'>στῦλος</span> <span class='ocrx_word' id='word_1_626' title='bbox 2902 3244 3015 3296; x_wconf 69' lang='grc' dir='ltr'><strong>καλ⁸</strong></span> <span class='ocrx_word' id='word_1_627' title='bbox 3035 3245 3101 3298; x_wconf 84' lang='grc' dir='ltr'><strong>ἐδ</strong></span> <span class='ocrx_word' id='word_1_628' title='bbox 3108 3263 3198 3317; x_wconf 77' lang='lat' dir='ltr'><strong>pa.</strong></span> <span class='ocrx_word' id='word_1_629' title='bbox 3207 3247 3279 3301; x_wconf 83' lang='grc' dir='ltr'><strong>ίω</strong></span> <span class='ocrx_word' id='word_1_630' title='bbox 3286 3266 3374 3319; x_wconf 89' lang='grc' dir='ltr'><strong>μα</strong></span> <span class='ocrx_word' id='word_1_631' title='bbox 3388 3251 3493 3321; x_wconf 81' lang='grc' dir='ltr'><strong>τῆς</strong></span> <span class='ocrx_word' id='word_1_632' title='bbox 3507 3250 3633 3320; x_wconf 79' lang='grc' dir='ltr'>ἀλη-</span> 
     </span>
    </p>
   </div>
   <div class='ocr_carea' id='block_1_79' title="bbox 1966 3321 3631 3411">
    <p class='ocr_par' dir='ltr' id='par_1_79' title="bbox 1966 3321 3631 3411">
     <span class='ocr_line' id='line_1_79' title="bbox 1966 3321 3631 3411; baseline 0.013 -38"><span class='ocrx_word' id='word_1_633' title='bbox 1966 3321 2149 3385; x_wconf 85' lang='grc' dir='ltr'>θείας,</span> <span class='ocrx_word' id='word_1_634' title='bbox 2204 3323 2402 3391; x_wconf 80' lang='grc' dir='ltr'>μᾶλλον</span> <span class='ocrx_word' id='word_1_635' title='bbox 2444 3325 2476 3394; x_wconf 85' lang='grc' dir='ltr'>ἢ</span> <span class='ocrx_word' id='word_1_636' title='bbox 2521 3328 2693 3381; x_wconf 81' lang='grc' dir='ltr'>οἰκεῖν</span> <span class='ocrx_word' id='word_1_637' title='bbox 2734 3330 2795 3382; x_wconf 88' lang='grc' dir='ltr'><strong>ἐν</strong></span> <span class='ocrx_word' id='word_1_638' title='bbox 2839 3332 3091 3398; x_wconf 85' lang='grc' dir='ltr'>πολλοῖς</span> <span class='ocrx_word' id='word_1_639' title='bbox 3133 3343 3501 3411; x_wconf 67' lang='grc' dir='ltr'>σκηνώμασι</span> <span class='ocrx_word' id='word_1_640' title='bbox 3531 3343 3631 3393; x_wconf 80' lang='grc' dir='ltr'><strong>τῶν</strong></span> 
     </span>
    </p>
   </div>
   <div class='ocr_carea' id='block_1_80' title="bbox 1963 3413 3628 3501">
    <p class='ocr_par' dir='ltr' id='par_1_80' title="bbox 1963 3413 3628 3501">
     <span class='ocr_line' id='line_1_80' title="bbox 1963 3413 3628 3501; baseline 0.013 -40"><span class='ocrx_word' id='word_1_641' title='bbox 1963 3413 2313 3482; x_wconf 75' lang='grc' dir='ltr'>ἁμαρτωλῶν,</span> <span class='ocrx_word' id='word_1_642' title='bbox 2374 3416 2687 3484; x_wconf 85' lang='grc' dir='ltr'>Μιμήματα</span> <span class='ocrx_word' id='word_1_643' title='bbox 2722 3420 2837 3490; x_wconf 85' lang='grc' dir='ltr'>γὰρ</span> <span class='ocrx_word' id='word_1_644' title='bbox 2894 3422 3025 3476; x_wconf 81' lang='grc' dir='ltr'><strong>τῶν</strong></span> <span class='ocrx_word' id='word_1_645' title='bbox 3080 3432 3503 3501; x_wconf 78' lang='grc' dir='ltr'>σκηνωμάτων</span> <span class='ocrx_word' id='word_1_646' title='bbox 3542 3431 3628 3485; x_wconf 83' lang='grc' dir='ltr'><strong>τοῦ</strong></span> 
     </span>
    </p>
   </div>
   <div class='ocr_carea' id='block_1_81' title="bbox 1963 3502 3630 3577">
    <p class='ocr_par' dir='ltr' id='par_1_81' title="bbox 1963 3502 3630 3577">
     <span class='ocr_line' id='line_1_81' title="bbox 1963 3502 3630 3577; baseline 0.014 -24"><span class='ocrx_word' id='word_1_647' title='bbox 1963 3502 2094 3553; x_wconf 84' lang='grc' dir='ltr'>Θεοῦ</span> <span class='ocrx_word' id='word_1_648' title='bbox 2122 3505 2285 3554; x_wconf 87' lang='grc' dir='ltr'>καιοὶ</span> <span class='ocrx_word' id='word_1_649' title='bbox 2318 3504 2631 3573; x_wconf 80' lang='grc' dir='ltr'>ἁμαρτωλοὶ</span> <span class='ocrx_word' id='word_1_650' title='bbox 2658 3509 2899 3577; x_wconf 78' lang='grc' dir='ltr'>ἑαυτοὺς</span> <span class='ocrx_word' id='word_1_651' title='bbox 2931 3521 3416 3576; x_wconf 81' lang='grc' dir='ltr'>κατεσκεύασαν</span> <span class='ocrx_word' id='word_1_652' title='bbox 3439 3542 3453 3553; x_wconf 91' lang='grc'><strong>·</strong></span> <span class='ocrx_word' id='word_1_653' title='bbox 3502 3524 3630 3576; x_wconf 81' lang='grc' dir='ltr'><strong>ἀλλὰ</strong></span> 
     </span>
    </p>
   </div>
   <div class='ocr_carea' id='block_1_82' title="bbox 1964 3590 3627 3680">
    <p class='ocr_par' dir='ltr' id='par_1_82' title="bbox 1964 3590 3627 3680">
     <span class='ocr_line' id='line_1_82' title="bbox 1964 3590 3627 3680; baseline 0.014 -36"><span class='ocrx_word' id='word_1_654' title='bbox 1964 3590 2029 3644; x_wconf 78' lang='grc' dir='ltr'>τὰ</span> <span class='ocrx_word' id='word_1_655' title='bbox 2063 3591 2159 3680; x_wconf 80' lang='grc' dir='ltr'><strong>μέν</strong></span> <span class='ocrx_word' id='word_1_656' title='bbox 2196 3592 2285 3644; x_wconf 84' lang='grc' dir='ltr'><strong>τοῦ</strong></span> <span class='ocrx_word' id='word_1_657' title='bbox 2314 3592 2449 3645; x_wconf 87' lang='grc' dir='ltr'>Θεοῦ</span> <span class='ocrx_word' id='word_1_658' title='bbox 2476 3594 2746 3667; x_wconf 83' lang='grc' dir='ltr'>ἀγαπητὰ</span> <span class='ocrx_word' id='word_1_659' title='bbox 2773 3604 3067 3672; x_wconf 83' lang='grc' dir='ltr'>τυγχάνει</span> <span class='ocrx_word' id='word_1_660' title='bbox 3097 3648 3115 3671; x_wconf 94' lang='grc'><strong>,</strong></span> <span class='ocrx_word' id='word_1_661' title='bbox 3161 3613 3383 3680; x_wconf 85' lang='grc' dir='ltr'>μίσους</span> <span class='ocrx_word' id='word_1_662' title='bbox 3416 3615 3476 3667; x_wconf 84' lang='grc' dir='ltr'><strong>δέ</strong></span> <span class='ocrx_word' id='word_1_663' title='bbox 3509 3616 3627 3679; x_wconf 80' lang='grc' dir='ltr'>ἄξια</span> 
     </span>
    </p>
   </div>
   <div class='ocr_carea' id='block_1_83' title="bbox 1962 3679 3630 3774">
    <p class='ocr_par' dir='ltr' id='par_1_83' title="bbox 1962 3679 3630 3774">
     <span class='ocr_line' id='line_1_83' title="bbox 1962 3679 3630 3774; baseline 0.02 -45"><span class='ocrx_word' id='word_1_664' title='bbox 1962 3679 2154 3774; x_wconf 18' lang='grc' dir='ltr'>τὰῇτῶν</span> <span class='ocrx_word' id='word_1_665' title='bbox 2178 3682 2533 3774; x_wconf 79' lang='grc' dir='ltr'>ἁμαρτωλῶν.</span> <span class='ocrx_word' id='word_1_666' title='bbox 2567 3686 2692 3740; x_wconf 83' lang='grc' dir='ltr'>Ὅτι</span> <span class='ocrx_word' id='word_1_667' title='bbox 2710 3689 2897 3758; x_wconf 74' lang='grc' dir='ltr'>ἕλεος</span> <span class='ocrx_word' id='word_1_668' title='bbox 2921 3695 3041 3747; x_wconf 75' lang='grc' dir='ltr'>καὶ</span> <span class='ocrx_word' id='word_1_669' title='bbox 3068 3679 3408 3768; x_wconf 72' lang='grc' dir='ltr'>ἀλήθειαν</span> <span class='ocrx_word' id='word_1_670' title='bbox 3432 3703 3630 3774; x_wconf 72' lang='grc' dir='ltr'>ἀγαπᾷ</span> 
     </span>
    </p>
   </div>
   <div class='ocr_carea' id='block_1_84' title="bbox 1964 3770 3623 3862">
    <p class='ocr_par' dir='ltr' id='par_1_84' title="bbox 1964 3770 3623 3862">
     <span class='ocr_line' id='line_1_84' title="bbox 1964 3770 3623 3862; baseline 0.017 -43"><span class='ocrx_word' id='word_1_671' title='bbox 1964 3770 2173 3862; x_wconf 55' lang='grc' dir='ltr'>Κύριος</span> <span class='ocrx_word' id='word_1_672' title='bbox 2284 3771 2459 3862; x_wconf 78' lang='grc' dir='ltr'>Θεὸς,</span> <span class='ocrx_word' id='word_1_673' title='bbox 2497 3775 2679 3842; x_wconf 78' lang='grc' dir='ltr'>χάριν</span> <span class='ocrx_word' id='word_1_674' title='bbox 2708 3780 2812 3831; x_wconf 81' lang='grc' dir='ltr'>καὶ</span> <span class='ocrx_word' id='word_1_675' title='bbox 2862 3781 3087 3848; x_wconf 80' lang='grc' dir='ltr'>δόξαν</span> <span class='ocrx_word' id='word_1_676' title='bbox 3137 3790 3343 3846; x_wconf 83' lang='grc' dir='ltr'>δώσει</span> <span class='ocrx_word' id='word_1_677' title='bbox 3387 3770 3623 3862; x_wconf 82' lang='grc' dir='ltr'>Κύριος.</span> 
     </span>
    </p>
   </div>
   <div class='ocr_carea' id='block_1_85' title="bbox 1976 3860 3623 3956">
    <p class='ocr_par' dir='ltr' id='par_1_85' title="bbox 1976 3860 3623 3956">
     <span class='ocr_line' id='line_1_85' title="bbox 1976 3860 3623 3956; baseline 0.019 -48"><span class='ocrx_word' id='word_1_678' title='bbox 1976 3860 2117 3956; x_wconf 45' lang='grc' dir='ltr'>ΪΑντὶ</span> <span class='ocrx_word' id='word_1_679' title='bbox 2137 3860 2252 3956; x_wconf 69' lang='grc' dir='ltr'>τοῦ,</span> <span class='ocrx_word' id='word_1_680' title='bbox 2284 3861 2411 3956; x_wconf 76' lang='grc' dir='ltr'>Ὅτι</span> <span class='ocrx_word' id='word_1_681' title='bbox 2436 3864 2617 3919; x_wconf 72' lang='grc' dir='ltr'>ἔλεον</span> <span class='ocrx_word' id='word_1_682' title='bbox 2646 3870 2747 3932; x_wconf 73' lang='grc' dir='ltr'>καὶ</span> <span class='ocrx_word' id='word_1_683' title='bbox 2770 3871 3104 3938; x_wconf 72' lang='grc' dir='ltr'>ἀλήθειαν</span> <span class='ocrx_word' id='word_1_684' title='bbox 3127 3883 3359 3952; x_wconf 73' lang='grc' dir='ltr'>ἀγαπᾷ</span> <span class='ocrx_word' id='word_1_685' title='bbox 3388 3860 3623 3956; x_wconf 81' lang='grc' dir='ltr'>Κύριος,</span> 
     </span>
    </p>
   </div>
   <div class='ocr_carea' id='block_1_86' title="bbox 1964 3950 3627 4045">
    <p class='ocr_par' dir='ltr' id='par_1_86' title="bbox 1964 3950 3627 4045">
     <span class='ocr_line' id='line_1_86' title="bbox 1964 3950 3627 4045; baseline 0.021 -47"><span class='ocrx_word' id='word_1_686' title='bbox 1964 3950 2001 4045; x_wconf 65' lang='grc' dir='ltr'><strong>δ</strong></span> <span class='ocrx_word' id='word_1_687' title='bbox 2031 3951 2252 4045; x_wconf 61' lang='grc' dir='ltr'>ᾏκύλας</span> <span class='ocrx_word' id='word_1_688' title='bbox 2285 3954 2481 4045; x_wconf 71' lang='grc' dir='ltr'>φησὶν,</span> <span class='ocrx_word' id='word_1_689' title='bbox 2514 3957 2637 4011; x_wconf 83' lang='grc' dir='ltr'>Ὅτι</span> <span class='ocrx_word' id='word_1_690' title='bbox 2672 3958 2859 4027; x_wconf 78' lang='grc' dir='ltr'>ἕλεος</span> <span class='ocrx_word' id='word_1_691' title='bbox 2901 3968 3021 4022; x_wconf 83' lang='grc' dir='ltr'>καὶ</span> <span class='ocrx_word' id='word_1_692' title='bbox 3061 3950 3305 4041; x_wconf 73' lang='grc' dir='ltr'>θυρεὸς</span> <span class='ocrx_word' id='word_1_693' title='bbox 3328 3950 3627 4045; x_wconf 12' lang='grc' dir='ltr'>ήΚύριοςῄὸ</span> 
     </span>
    </p>
   </div>
   <div class='ocr_carea' id='block_1_87' title="bbox 1967 4040 3626 4133">
    <p class='ocr_par' dir='ltr' id='par_1_87' title="bbox 1967 4040 3626 4133">
     <span class='ocr_line' id='line_1_87' title="bbox 1967 4040 3626 4133; baseline 0.011 -27"><span class='ocrx_word' id='word_1_694' title='bbox 1967 4040 2105 4103; x_wconf 69' lang='grc' dir='ltr'><strong>θεός</strong></span> <span class='ocrx_word' id='word_1_695' title='bbox 2123 4057 2146 4133; x_wconf 87' lang='lat'><strong>-_</strong></span> <span class='ocrx_word' id='word_1_696' title='bbox 2172 4041 2264 4093; x_wconf 68' lang='grc' dir='ltr'><strong>και</strong></span> <span class='ocrx_word' id='word_1_697' title='bbox 2294 4044 2325 4133; x_wconf 67' lang='grc' dir='ltr'>η</span> <span class='ocrx_word' id='word_1_698' title='bbox 2357 4043 2587 4117; x_wconf 79' lang='grc' dir='ltr'>πέμπτη</span> <span class='ocrx_word' id='word_1_699' title='bbox 2617 4048 2875 4118; x_wconf 74' lang='grc' dir='ltr'><strong>εκδοσις.</strong></span> <span class='ocrx_word' id='word_1_700' title='bbox 2917 4058 3075 4115; x_wconf 59' lang='lat' dir='ltr'><strong>um</strong></span> <span class='ocrx_word' id='word_1_701' title='bbox 3130 4065 3326 4133; x_wconf 62' lang='grc' dir='ltr'><strong>ἣλιος</strong></span> <span class='ocrx_word' id='word_1_702' title='bbox 3357 4040 3465 4123; x_wconf 58' lang='lat' dir='ltr'><strong>mi</strong></span> <span class='ocrx_word' id='word_1_703' title='bbox 3494 4040 3626 4125; x_wconf 59' lang='grc' dir='ltr'><strong>σέας.</strong></span> 
     </span>
    </p>
   </div>
   <div class='ocr_carea' id='block_1_88' title="bbox 1964 4129 3626 4225">
    <p class='ocr_par' dir='ltr' id='par_1_88' title="bbox 1964 4129 3626 4225">
     <span class='ocr_line' id='line_1_88' title="bbox 1964 4129 3626 4225; baseline 0.019 -46"><span class='ocrx_word' id='word_1_704' title='bbox 1964 4129 2199 4225; x_wconf 55' lang='lat' dir='ltr'><strong>«adripe</strong></span> <span class='ocrx_word' id='word_1_705' title='bbox 2220 4132 2435 4225; x_wconf 55' lang='grc' dir='ltr'>Κύριος</span> <span class='ocrx_word' id='word_1_706' title='bbox 2466 4139 2499 4187; x_wconf 86' lang='grc' dir='ltr'><strong><em>ό</em></strong></span> <span class='ocrx_word' id='word_1_707' title='bbox 2530 4139 2678 4203; x_wconf 85' lang='grc' dir='ltr'>Θεός</span> <span class='ocrx_word' id='word_1_708' title='bbox 2698 4156 2711 4169; x_wconf 71' lang='grc' dir='ltr'><strong>ο</strong></span> <span class='ocrx_word' id='word_1_709' title='bbox 2743 4141 2844 4195; x_wconf 76' lang='grc' dir='ltr'>καὶ</span> <span class='ocrx_word' id='word_1_710' title='bbox 2879 4146 2911 4196; x_wconf 86' lang='grc' dir='ltr'>ὁ</span> <span class='ocrx_word' id='word_1_711' title='bbox 2940 4129 3387 4225; x_wconf 47' lang='grc' dir='ltr'>Σύμμαχοςνᾶ</span> <span class='ocrx_word' id='word_1_712' title='bbox 3419 4158 3626 4221; x_wconf 76' lang='grc' dir='ltr'>τούτοις</span> 
     </span>
    </p>
   </div>
   <div class='ocr_carea' id='block_1_89' title="bbox 1966 4219 3621 4320">
    <p class='ocr_par' dir='ltr' id='par_1_89' title="bbox 1966 4219 3621 4320">
     <span class='ocr_line' id='line_1_89' title="bbox 1966 4219 3621 4320; baseline 0.025 -54"><span class='ocrx_word' id='word_1_713' title='bbox 1966 4219 2302 4320; x_wconf 45' lang='grc' dir='ltr'>συμφώνως,</span> <span class='ocrx_word' id='word_1_714' title='bbox 2333 4222 2463 4320; x_wconf 72' lang='grc' dir='ltr'>Ὃιί</span> <span class='ocrx_word' id='word_1_715' title='bbox 2483 4225 2667 4320; x_wconf 42' lang='grc' dir='ltr'><strong>ἥῗῑιον</strong></span> <span class='ocrx_word' id='word_1_716' title='bbox 2703 4231 2805 4320; x_wconf 78' lang='grc'>(1),</span> <span class='ocrx_word' id='word_1_717' title='bbox 2842 4219 3169 4307; x_wconf 76' lang='grc' dir='ltr'>ὠνόμασε.</span> <span class='ocrx_word' id='word_1_718' title='bbox 3186 4219 3298 4300; x_wconf 57' lang='lat' dir='ltr'><strong>ista.</strong></span> <span class='ocrx_word' id='word_1_719' title='bbox 3316 4248 3482 4303; x_wconf 88' lang='grc' dir='ltr'>τοῦτο</span> <span class='ocrx_word' id='word_1_720' title='bbox 3498 4219 3621 4320; x_wconf 78' lang='grc' dir='ltr'>γὰρ,</span> 
     </span>
    </p>
   </div>
   <div class='ocr_carea' id='block_1_90' title="bbox 1966 4308 3622 4408">
    <p class='ocr_par' dir='ltr' id='par_1_90' title="bbox 1966 4308 3622 4408">
     <span class='ocr_line' id='line_1_90' title="bbox 1966 4308 3622 4408; baseline 0.021 -52"><span class='ocrx_word' id='word_1_721' title='bbox 1966 4308 2159 4408; x_wconf 46' lang='grc' dir='ltr'>φησιν,</span> <span class='ocrx_word' id='word_1_722' title='bbox 2188 4308 2368 4408; x_wconf 79' lang='grc' dir='ltr'>ἐκείνη</span> <span class='ocrx_word' id='word_1_723' title='bbox 2480 4316 2582 4383; x_wconf 83' lang='grc' dir='ltr'><strong>μία</strong></span> <span class='ocrx_word' id='word_1_724' title='bbox 2615 4318 2806 4389; x_wconf 65' lang='grc' dir='ltr'><strong>⁴ἡμέρα</strong></span> <span class='ocrx_word' id='word_1_725' title='bbox 2835 4327 3152 4395; x_wconf 85' lang='grc' dir='ltr'>κρείσσων</span> <span class='ocrx_word' id='word_1_726' title='bbox 3184 4338 3311 4389; x_wconf 77' lang='grc' dir='ltr'>ἐστὶ</span> <span class='ocrx_word' id='word_1_727' title='bbox 3345 4308 3622 4408; x_wconf 59' lang='grc' dir='ltr'>χιλιάδων,</span> 
     </span>
    </p>
   </div>
   <div class='ocr_carea' id='block_1_91' title="bbox 1967 4399 3620 4501">
    <p class='ocr_par' dir='ltr' id='par_1_91' title="bbox 1967 4399 3620 4501">
     <span class='ocr_line' id='line_1_91' title="bbox 1967 4399 3620 4501; baseline 0.008 -32"><span class='ocrx_word' id='word_1_728' title='bbox 1967 4399 2255 4501; x_wconf 47' lang='grc' dir='ltr'><strong>έπείδξὶπερ</strong></span> <span class='ocrx_word' id='word_1_729' title='bbox 2284 4402 2533 4501; x_wconf 41' lang='grc' dir='ltr'><strong>ααὺτξδςβ</strong></span> <span class='ocrx_word' id='word_1_730' title='bbox 2574 4408 2781 4479; x_wconf 78' lang='grc' dir='ltr'>Κύριος</span> <span class='ocrx_word' id='word_1_731' title='bbox 2825 4414 2855 4464; x_wconf 87' lang='grc' dir='ltr'>ὁ</span> <span class='ocrx_word' id='word_1_732' title='bbox 2901 4418 3010 4470; x_wconf 79' lang='grc' dir='ltr'><strong>τοῦ</strong></span> <span class='ocrx_word' id='word_1_733' title='bbox 3054 4423 3208 4479; x_wconf 83' lang='grc' dir='ltr'>Θεοῦ</span> <span class='ocrx_word' id='word_1_734' title='bbox 3244 4399 3434 4496; x_wconf 74' lang='grc' dir='ltr'>Λόγος</span> <span class='ocrx_word' id='word_1_735' title='bbox 3480 4431 3620 4501; x_wconf 70' lang='grc' dir='ltr'>ἥλιος</span> 
     </span>
    </p>
   </div>
   <div class='ocr_carea' id='block_1_92' title="bbox 319 4488 1833 4593">
    <p class='ocr_par' dir='ltr' id='par_1_92' title="bbox 319 4488 1833 4559">
     <span class='ocr_line' id='line_1_92' title="bbox 319 4488 1833 4559; baseline 0.003 -20"><span class='ocrx_word' id='word_1_736' title='bbox 319 4489 408 4555; x_wconf 90' lang='lat' dir='ltr'><strong>qui</strong></span> <span class='ocrx_word' id='word_1_737' title='bbox 437 4503 615 4545; x_wconf 85' lang='lat' dir='ltr'><strong>errare</strong></span> <span class='ocrx_word' id='word_1_738' title='bbox 664 4489 862 4556; x_wconf 80' lang='lat' dir='ltr'><strong>faciunt</strong></span> <span class='ocrx_word' id='word_1_739' title='bbox 889 4488 1137 4558; x_wconf 80' lang='lat' dir='ltr'><strong>populum</strong></span> <span class='ocrx_word' id='word_1_740' title='bbox 1179 4506 1347 4544; x_wconf 89' lang='lat' dir='ltr'><strong>meum</strong></span> <span class='ocrx_word' id='word_1_741' title='bbox 1374 4490 1450 4555; x_wconf 83' lang='grc'><strong>³⁹;</strong></span> <span class='ocrx_word' id='word_1_742' title='bbox 1482 4491 1733 4559; x_wconf 72' lang='lat' dir='ltr'><strong>[apertius</strong></span> <span class='ocrx_word' id='word_1_743' title='bbox 1767 4506 1833 4544; x_wconf 86' lang='lat' dir='ltr'><strong>au</strong></span> 
     </span>
    </p>
   </div>
   <div class='ocr_carea' id='block_1_93' title="bbox 2105 4488 3619 4593">
    <p class='ocr_par' dir='ltr' id='par_1_93' title="bbox 2105 4488 3619 4593">
     <span class='ocr_line' id='line_1_93' title="bbox 2105 4488 3619 4593; baseline 0.026 -53"><span class='ocrx_word' id='word_1_744' title='bbox 2105 4490 2218 4593; x_wconf 63' lang='grc' dir='ltr'>ἀνει</span> <span class='ocrx_word' id='word_1_745' title='bbox 2383 4496 2605 4593; x_wconf 74' lang='grc' dir='ltr'>ἡμέρας</span> <span class='ocrx_word' id='word_1_746' title='bbox 2633 4503 2876 4576; x_wconf 79' lang='grc' dir='ltr'>ἐκείνης.</span> <span class='ocrx_word' id='word_1_747' title='bbox 2938 4510 3177 4571; x_wconf 85' lang='grc' dir='ltr'>Τοῦτον</span> <span class='ocrx_word' id='word_1_748' title='bbox 3202 4519 3265 4572; x_wconf 82' lang='grc' dir='ltr'><strong>δὲ</strong></span> <span class='ocrx_word' id='word_1_749' title='bbox 3302 4488 3467 4574; x_wconf 47' lang='grc' dir='ltr'>καὶ-ὁ</span> 
     </span>
    </p>
   </div>
   <div class='ocr_carea' id='block_1_94' title="bbox 319 4578 1864 4648">
    <p class='ocr_par' dir='ltr' id='par_1_94' title="bbox 319 4578 1864 4648">
     <span class='ocr_line' id='line_1_94' title="bbox 319 4578 1864 4648; baseline 0.003 -20"><span class='ocrx_word' id='word_1_750' title='bbox 319 4586 424 4629; x_wconf 88' lang='lat' dir='ltr'><strong>tem</strong></span> <span class='ocrx_word' id='word_1_751' title='bbox 455 4578 642 4640; x_wconf 89' lang='lat' dir='ltr'><strong>Isaias,</strong></span> <span class='ocrx_word' id='word_1_752' title='bbox 674 4578 794 4632; x_wconf 89' lang='lat' dir='ltr'><strong>Non</strong></span> <span class='ocrx_word' id='word_1_753' title='bbox 824 4580 922 4635; x_wconf 84' lang='lat' dir='ltr'><strong>erit</strong></span> <span class='ocrx_word' id='word_1_754' title='bbox 957 4580 1052 4632; x_wconf 89' lang='lat' dir='ltr'><strong>tibi</strong></span> <span class='ocrx_word' id='word_1_755' title='bbox 1104 4579 1181 4633; x_wconf 87' lang='lat' dir='ltr'><strong>sol</strong></span> <span class='ocrx_word' id='word_1_756' title='bbox 1210 4580 1261 4631; x_wconf 91' lang='lat' dir='ltr'><strong>in</strong></span> <span class='ocrx_word' id='word_1_757' title='bbox 1289 4580 1451 4631; x_wconf 87' lang='lat' dir='ltr'><strong>lucem</strong></span> <span class='ocrx_word' id='word_1_758' title='bbox 1484 4579 1617 4641; x_wconf 82' lang='lat' dir='ltr'><strong>diei,</strong></span> <span class='ocrx_word' id='word_1_759' title='bbox 1660 4580 1864 4648; x_wconf 91' lang='lat' dir='ltr'><strong>inquit,</strong></span> 
     </span>
    </p>
   </div>
   <div class='ocr_carea' id='block_1_95' title="bbox 321 4655 1929 4740">
    <p class='ocr_par' dir='ltr' id='par_1_95' title="bbox 321 4655 1929 4740">
     <span class='ocr_line' id='line_1_95' title="bbox 321 4655 1929 4740; baseline 0.003 -21"><span class='ocrx_word' id='word_1_760' title='bbox 321 4666 408 4719; x_wconf 82' lang='lat' dir='ltr'><strong>sed</strong></span> <span class='ocrx_word' id='word_1_761' title='bbox 435 4669 535 4720; x_wconf 84' lang='lat' dir='ltr'><strong>erit</strong></span> <span class='ocrx_word' id='word_1_762' title='bbox 566 4669 659 4721; x_wconf 86' lang='lat' dir='ltr'><strong>tibi</strong></span> <span class='ocrx_word' id='word_1_763' title='bbox 690 4668 939 4724; x_wconf 87' lang='lat' dir='ltr'><strong>Dominus</strong></span> <span class='ocrx_word' id='word_1_764' title='bbox 966 4672 1058 4725; x_wconf 75' lang='lat' dir='ltr'><strong>lux</strong></span> <span class='ocrx_word' id='word_1_765' title='bbox 1092 4671 1426 4737; x_wconf 82' lang='lat' dir='ltr'><strong>sempiterna,</strong></span> <span class='ocrx_word' id='word_1_766' title='bbox 1455 4680 1503 4725; x_wconf 85' lang='lat' dir='ltr'><strong>et</strong></span> <span class='ocrx_word' id='word_1_767' title='bbox 1540 4670 1674 4724; x_wconf 88' lang='lat' dir='ltr'><strong>Deus</strong></span> <span class='ocrx_word' id='word_1_768' title='bbox 1699 4671 1868 4740; x_wconf 88' lang='lat' dir='ltr'><strong>gloria</strong></span> <span class='ocrx_word' id='word_1_769' title='bbox 1915 4655 1929 4673; x_wconf 55' lang='grc'><strong>⁸</strong></span> 
     </span>
    </p>
   </div>
   <div class='ocr_carea' id='block_1_96' title="bbox 322 4757 1865 4830">
    <p class='ocr_par' dir='ltr' id='par_1_96' title="bbox 322 4757 1865 4830">
     <span class='ocr_line' id='line_1_96' title="bbox 322 4757 1865 4830; baseline 0.004 -22"><span class='ocrx_word' id='word_1_770' title='bbox 322 4766 412 4809; x_wconf 88' lang='lat' dir='ltr'><strong>tua</strong></span> <span class='ocrx_word' id='word_1_771' title='bbox 432 4757 496 4812; x_wconf 74' lang='lat'><strong>&quot;‘.</strong></span> <span class='ocrx_word' id='word_1_772' title='bbox 532 4757 663 4812; x_wconf 84' lang='lat' dir='ltr'><strong>Cum</strong></span> <span class='ocrx_word' id='word_1_773' title='bbox 690 4760 811 4814; x_wconf 88' lang='lat' dir='ltr'><strong>talis</strong></span> <span class='ocrx_word' id='word_1_774' title='bbox 845 4762 925 4814; x_wconf 91' lang='lat' dir='ltr'><strong>sol</strong></span> <span class='ocrx_word' id='word_1_775' title='bbox 952 4759 1210 4816; x_wconf 90' lang='lat' dir='ltr'><strong>Dominus</strong></span> <span class='ocrx_word' id='word_1_776' title='bbox 1240 4762 1350 4827; x_wconf 88' lang='lat' dir='ltr'><strong>sit,</strong></span> <span class='ocrx_word' id='word_1_777' title='bbox 1391 4761 1619 4830; x_wconf 82' lang='lat' dir='ltr'><strong>gratiam</strong></span> <span class='ocrx_word' id='word_1_778' title='bbox 1664 4768 1717 4814; x_wconf 93' lang='lat' dir='ltr'><strong>et</strong></span> <span class='ocrx_word' id='word_1_779' title='bbox 1750 4761 1865 4829; x_wconf 82' lang='lat' dir='ltr'><strong>glo-</strong></span> 
     </span>
    </p>
   </div>
   <div class='ocr_carea' id='block_1_97' title="bbox 318 4848 1863 4921">
    <p class='ocr_par' dir='ltr' id='par_1_97' title="bbox 318 4848 1863 4921">
     <span class='ocr_line' id='line_1_97' title="bbox 318 4848 1863 4921; baseline 0.004 -22"><span class='ocrx_word' id='word_1_780' title='bbox 318 4848 454 4900; x_wconf 86' lang='lat' dir='ltr'><strong>riam</strong></span> <span class='ocrx_word' id='word_1_781' title='bbox 504 4863 567 4902; x_wconf 89' lang='lat' dir='ltr'><strong>ac</strong></span> <span class='ocrx_word' id='word_1_782' title='bbox 607 4850 766 4903; x_wconf 89' lang='lat' dir='ltr'><strong>etiam</strong></span> <span class='ocrx_word' id='word_1_783' title='bbox 799 4850 928 4921; x_wconf 91' lang='lat' dir='ltr'><strong>quid</strong></span> <span class='ocrx_word' id='word_1_784' title='bbox 970 4853 1315 4920; x_wconf 58' lang='lat' dir='ltr'><strong>prastantius</strong></span> <span class='ocrx_word' id='word_1_785' title='bbox 1342 4858 1396 4905; x_wconf 92' lang='lat' dir='ltr'><strong>et</strong></span> <span class='ocrx_word' id='word_1_786' title='bbox 1427 4851 1647 4913; x_wconf 87' lang='lat' dir='ltr'><strong>melius,</strong></span> <span class='ocrx_word' id='word_1_787' title='bbox 1702 4858 1863 4920; x_wconf 87' lang='lat' dir='ltr'><strong>atque</strong></span> 
     </span>
    </p>
   </div>
   <div class='ocr_carea' id='block_1_98' title="bbox 322 4937 1871 5008">
    <p class='ocr_par' dir='ltr' id='par_1_98' title="bbox 322 4937 1871 5008">
     <span class='ocr_line' id='line_1_98' title="bbox 322 4937 1871 5008; baseline 0.003 -20"><span class='ocrx_word' id='word_1_788' title='bbox 322 4937 586 4992; x_wconf 76' lang='lat' dir='ltr'><strong>iuell&#39;abile</strong></span> <span class='ocrx_word' id='word_1_789' title='bbox 638 4947 692 4993; x_wconf 89' lang='lat' dir='ltr'><strong>et</strong></span> <span class='ocrx_word' id='word_1_790' title='bbox 742 4940 1079 4993; x_wconf 88' lang='lat' dir='ltr'><strong>reconditum</strong></span> <span class='ocrx_word' id='word_1_791' title='bbox 1115 4942 1313 4996; x_wconf 88' lang='lat' dir='ltr'><strong>bonum</strong></span> <span class='ocrx_word' id='word_1_792' title='bbox 1345 4942 1493 4994; x_wconf 89' lang='lat' dir='ltr'><strong>dabit</strong></span> <span class='ocrx_word' id='word_1_793' title='bbox 1540 4941 1606 4994; x_wconf 89' lang='lat' dir='ltr'><strong>iis</strong></span> <span class='ocrx_word' id='word_1_794' title='bbox 1636 4941 1727 5008; x_wconf 90' lang='lat' dir='ltr'><strong>qui</strong></span> <span class='ocrx_word' id='word_1_795' title='bbox 1756 4955 1871 4993; x_wconf 90' lang='lat' dir='ltr'><strong>am-</strong></span> 
     </span>
    </p>
   </div>
   <div class='ocr_carea' id='block_1_99' title="bbox 321 5025 1869 5098">
    <p class='ocr_par' dir='ltr' id='par_1_99' title="bbox 321 5025 1869 5098">
     <span class='ocr_line' id='line_1_99' title="bbox 321 5025 1869 5098; baseline 0.002 -21"><span class='ocrx_word' id='word_1_796' title='bbox 321 5025 506 5079; x_wconf 88' lang='lat' dir='ltr'><strong>bulant</strong></span> <span class='ocrx_word' id='word_1_797' title='bbox 534 5028 585 5079; x_wconf 92' lang='lat' dir='ltr'><strong>in</strong></span> <span class='ocrx_word' id='word_1_798' title='bbox 620 5028 963 5094; x_wconf 86' lang='lat' dir='ltr'><strong>innocentia;</strong></span> <span class='ocrx_word' id='word_1_799' title='bbox 992 5029 1070 5083; x_wconf 83' lang='lat' dir='ltr'><strong>siv</strong></span> <span class='ocrx_word' id='word_1_800' title='bbox 1090 5045 1120 5083; x_wconf 89' lang='lat' dir='ltr'><strong>e</strong></span> <span class='ocrx_word' id='word_1_801' title='bbox 1160 5030 1452 5084; x_wconf 87' lang='lat' dir='ltr'><strong>secundum</strong></span> <span class='ocrx_word' id='word_1_802' title='bbox 1494 5028 1869 5098; x_wconf 80' lang='lat' dir='ltr'><strong>Symmachum</strong></span> 
     </span>
    </p>
   </div>
   <div class='ocr_carea' id='block_1_100' title="bbox 322 5114 1867 5189">
    <p class='ocr_par' dir='ltr' id='par_1_100' title="bbox 322 5114 1867 5189">
     <span class='ocr_line' id='line_1_100' title="bbox 322 5114 1867 5189; baseline 0.001 -21"><span class='ocrx_word' id='word_1_803' title='bbox 322 5114 505 5179; x_wconf 74' lang='lat' dir='ltr'><strong>(Vens.</strong></span> <span class='ocrx_word' id='word_1_804' title='bbox 532 5118 635 5185; x_wconf 71' lang='lat'><strong>13),</strong></span> <span class='ocrx_word' id='word_1_805' title='bbox 660 5119 725 5177; x_wconf 88' lang='lat' dir='ltr'><strong>iis</strong></span> <span class='ocrx_word' id='word_1_806' title='bbox 755 5120 842 5186; x_wconf 86' lang='lat' dir='ltr'><strong>qui</strong></span> <span class='ocrx_word' id='word_1_807' title='bbox 875 5119 1144 5177; x_wconf 86' lang='lat' dir='ltr'><strong>ambulant</strong></span> <span class='ocrx_word' id='word_1_808' title='bbox 1180 5121 1233 5175; x_wconf 91' lang='lat' dir='ltr'><strong>in</strong></span> <span class='ocrx_word' id='word_1_809' title='bbox 1256 5120 1584 5189; x_wconf 82' lang='lat' dir='ltr'><strong>perfectione.</strong></span> <span class='ocrx_word' id='word_1_810' title='bbox 1628 5119 1755 5172; x_wconf 84' lang='lat' dir='ltr'><strong>Ideo</strong></span> <span class='ocrx_word' id='word_1_811' title='bbox 1784 5118 1867 5175; x_wconf 88' lang='lat' dir='ltr'><strong>di-</strong></span> 
     </span>
    </p>
   </div>
   <div class='ocr_carea' id='block_1_101' title="bbox 324 5200 1869 5278">
    <p class='ocr_par' dir='ltr' id='par_1_101' title="bbox 324 5200 1869 5278">
     <span class='ocr_line' id='line_1_101' title="bbox 324 5200 1869 5278; baseline 0.005 -28"><span class='ocrx_word' id='word_1_812' title='bbox 324 5200 424 5253; x_wconf 85' lang='lat' dir='ltr'><strong>ctis</strong></span> <span class='ocrx_word' id='word_1_813' title='bbox 466 5202 620 5257; x_wconf 78' lang='lat' dir='ltr'><strong>[idem</strong></span> <span class='ocrx_word' id='word_1_814' title='bbox 656 5204 885 5270; x_wconf 85' lang='lat' dir='ltr'><strong>habens,</strong></span> <span class='ocrx_word' id='word_1_815' title='bbox 942 5219 1007 5259; x_wconf 86' lang='lat' dir='ltr'><strong>ac</strong></span> <span class='ocrx_word' id='word_1_816' title='bbox 1046 5208 1213 5275; x_wconf 78' lang='lat' dir='ltr'><strong>probe</strong></span> <span class='ocrx_word' id='word_1_817' title='bbox 1255 5223 1547 5278; x_wconf 90' lang='lat' dir='ltr'><strong>persuasus</strong></span> <span class='ocrx_word' id='word_1_818' title='bbox 1602 5221 1724 5261; x_wconf 87' lang='lat' dir='ltr'><strong>vera</strong></span> <span class='ocrx_word' id='word_1_819' title='bbox 1780 5205 1869 5258; x_wconf 91' lang='lat' dir='ltr'><strong>illa</strong></span> 
     </span>
    </p>
   </div>
   <div class='ocr_carea' id='block_1_102' title="bbox 324 5292 1865 5361">
    <p class='ocr_par' dir='ltr' id='par_1_102' title="bbox 324 5292 1865 5361">
     <span class='ocr_line' id='line_1_102' title="bbox 324 5292 1865 5361; baseline 0.012 -21"><span class='ocrx_word' id='word_1_820' title='bbox 324 5304 463 5352; x_wconf 87' lang='lat' dir='ltr'><strong>esse,</strong></span> <span class='ocrx_word' id='word_1_821' title='bbox 482 5292 559 5344; x_wconf 89' lang='lat' dir='ltr'><strong>sic</strong></span> <span class='ocrx_word' id='word_1_822' title='bbox 581 5308 880 5351; x_wconf 84' lang='lat' dir='ltr'><strong>sermonem</strong></span> <span class='ocrx_word' id='word_1_823' title='bbox 895 5298 1088 5352; x_wconf 87' lang='lat' dir='ltr'><strong>claudo</strong></span> <span class='ocrx_word' id='word_1_824' title='bbox 1111 5318 1125 5351; x_wconf 87' lang='lat'><strong>:</strong></span> <span class='ocrx_word' id='word_1_825' title='bbox 1162 5298 1382 5355; x_wconf 86' lang='lat' dir='ltr'><strong>Domine</strong></span> <span class='ocrx_word' id='word_1_826' title='bbox 1398 5300 1666 5361; x_wconf 83' lang='lat' dir='ltr'><strong>virtutum,</strong></span> <span class='ocrx_word' id='word_1_827' title='bbox 1689 5295 1865 5357; x_wconf 76' lang='lat' dir='ltr'><strong>beatus</strong></span> 
     </span>
    </p>
   </div>
   <div class='ocr_carea' id='block_1_103' title="bbox 325 5376 1866 5460">
    <p class='ocr_par' dir='ltr' id='par_1_103' title="bbox 325 5376 1866 5460">
     <span class='ocr_line' id='line_1_103' title="bbox 325 5376 1866 5460; baseline 0.006 -29"><span class='ocrx_word' id='word_1_828' title='bbox 325 5376 472 5431; x_wconf 80' lang='lat' dir='ltr'><strong>homo</strong></span> <span class='ocrx_word' id='word_1_829' title='bbox 496 5381 585 5446; x_wconf 85' lang='lat' dir='ltr'><strong>qui</strong></span> <span class='ocrx_word' id='word_1_830' title='bbox 609 5394 780 5449; x_wconf 75' lang='lat' dir='ltr'><strong>sperat</strong></span> <span class='ocrx_word' id='word_1_831' title='bbox 809 5386 865 5438; x_wconf 86' lang='lat' dir='ltr'><strong>in</strong></span> <span class='ocrx_word' id='word_1_832' title='bbox 900 5396 967 5441; x_wconf 90' lang='lat' dir='ltr'><strong>te.</strong></span> <span class='ocrx_word' id='word_1_833' title='bbox 1000 5386 1131 5442; x_wconf 81' lang='lat' dir='ltr'><strong>Nam</strong></span> <span class='ocrx_word' id='word_1_834' title='bbox 1180 5390 1227 5446; x_wconf 84' lang='lat' dir='ltr'><strong>si</strong></span> <span class='ocrx_word' id='word_1_835' title='bbox 1268 5390 1390 5460; x_wconf 91' lang='lat' dir='ltr'><strong>quis</strong></span> <span class='ocrx_word' id='word_1_836' title='bbox 1423 5390 1579 5443; x_wconf 86' lang='lat' dir='ltr'><strong>aliter</strong></span> <span class='ocrx_word' id='word_1_837' title='bbox 1615 5402 1644 5441; x_wconf 90' lang='lat' dir='ltr'><strong>a</strong></span> <span class='ocrx_word' id='word_1_838' title='bbox 1686 5388 1866 5441; x_wconf 83' lang='lat' dir='ltr'><strong>multis</strong></span> 
     </span>
    </p>
   </div>
   <div class='ocr_carea' id='block_1_104' title="bbox 324 5464 1863 5545">
    <p class='ocr_par' dir='ltr' id='par_1_104' title="bbox 324 5464 1863 5545">
     <span class='ocr_line' id='line_1_104' title="bbox 324 5464 1863 5545; baseline 0.01 -28"><span class='ocrx_word' id='word_1_839' title='bbox 324 5464 515 5524; x_wconf 80' lang='lat' dir='ltr'><strong>beatus</strong></span> <span class='ocrx_word' id='word_1_840' title='bbox 544 5467 762 5540; x_wconf 87' lang='lat' dir='ltr'><strong>dicitur;</strong></span> <span class='ocrx_word' id='word_1_841' title='bbox 801 5474 905 5545; x_wconf 86' lang='lat' dir='ltr'><strong>ipsi</strong></span> <span class='ocrx_word' id='word_1_842' title='bbox 926 5490 1054 5531; x_wconf 87' lang='lat' dir='ltr'><strong>sane</strong></span> <span class='ocrx_word' id='word_1_843' title='bbox 1090 5476 1225 5533; x_wconf 78' lang='lat' dir='ltr'><strong>falsa</strong></span> <span class='ocrx_word' id='word_1_844' title='bbox 1252 5480 1526 5534; x_wconf 90' lang='lat' dir='ltr'><strong>beatitudo</strong></span> <span class='ocrx_word' id='word_1_845' title='bbox 1558 5478 1863 5537; x_wconf 89' lang='lat' dir='ltr'><strong>ascribitur.</strong></span> 
     </span>
    </p>
   </div>
   <div class='ocr_carea' id='block_1_105' title="bbox 1971 4578 3619 4681">
    <p class='ocr_par' dir='ltr' id='par_1_105' title="bbox 1971 4578 3619 4681">
     <span class='ocr_line' id='line_1_105' title="bbox 1971 4578 3619 4681; baseline 0.027 -56"><span class='ocrx_word' id='word_1_846' title='bbox 1971 4578 2142 4648; x_wconf 78' lang='grc' dir='ltr'>φήτης</span> <span class='ocrx_word' id='word_1_847' title='bbox 2172 4579 2260 4681; x_wconf 65' lang='grc' dir='ltr'><strong>τον</strong></span> <span class='ocrx_word' id='word_1_848' title='bbox 2289 4581 2725 4681; x_wconf 33' lang='grc' dir='ltr'>ἥλιον-ᾐνίττετο</span> <span class='ocrx_word' id='word_1_849' title='bbox 2744 4596 2977 4681; x_wconf 13' lang='grc' dir='ltr'>Ῠφήσας·</span> <span class='ocrx_word' id='word_1_850' title='bbox 3051 4607 3199 4675; x_wconf 83' lang='grc' dir='ltr'>Τοῖς</span> <span class='ocrx_word' id='word_1_851' title='bbox 3219 4609 3295 4661; x_wconf 84' lang='grc' dir='ltr'>δὲ</span> <span class='ocrx_word' id='word_1_852' title='bbox 3325 4578 3619 4681; x_wconf 50' lang='grc' dir='ltr'>φοϐουμέ-</span> 
     </span>
    </p>
   </div>
   <div class='ocr_carea' id='block_1_106' title="bbox 1972 4667 3621 4767">
    <p class='ocr_par' dir='ltr' id='par_1_106' title="bbox 1972 4667 3621 4767">
     <span class='ocr_line' id='line_1_106' title="bbox 1972 4667 3621 4767; baseline 0.024 -51"><span class='ocrx_word' id='word_1_853' title='bbox 1972 4682 2181 4765; x_wconf 49' lang='grc' dir='ltr'>νοίςμε</span> <span class='ocrx_word' id='word_1_854' title='bbox 2197 4667 2379 4767; x_wconf 53' lang='lat' dir='ltr'><strong>lirari;</strong></span> <span class='ocrx_word' id='word_1_855' title='bbox 2391 4672 2705 4745; x_wconf 68' lang='grc' dir='ltr'>Ἵινίεἳλιος</span> <span class='ocrx_word' id='word_1_856' title='bbox 2730 4667 3199 4763; x_wconf 39' lang='grc' dir='ltr'>δικαιοσύνης-ζ</span> <span class='ocrx_word' id='word_1_857' title='bbox 3223 4667 3346 4754; x_wconf 65' lang='grc' dir='ltr'>καί</span> <span class='ocrx_word' id='word_1_858' title='bbox 3369 4667 3537 4767; x_wconf 67' lang='grc' dir='ltr'>ἴασις</span> <span class='ocrx_word' id='word_1_859' title='bbox 3557 4703 3621 4752; x_wconf 82' lang='grc' dir='ltr'><strong>ἐν</strong></span> 
     </span>
    </p>
   </div>
   <div class='ocr_carea' id='block_1_107' title="bbox 1968 4757 3620 4858">
    <p class='ocr_par' dir='ltr' id='par_1_107' title="bbox 1968 4757 3620 4858">
     <span class='ocr_line' id='line_1_107' title="bbox 1968 4757 3620 4858; baseline 0.022 -52"><span class='ocrx_word' id='word_1_860' title='bbox 1968 4757 2094 4858; x_wconf 60' lang='grc' dir='ltr'>ταῖς</span> <span class='ocrx_word' id='word_1_861' title='bbox 2445 4769 2664 4825; x_wconf 82' lang='grc' dir='ltr'>αὐτοῦ.</span> <span class='ocrx_word' id='word_1_862' title='bbox 2694 4772 2798 4827; x_wconf 84' lang='grc' dir='ltr'>Τὸν</span> <span class='ocrx_word' id='word_1_863' title='bbox 2825 4775 3004 4832; x_wconf 74' lang='grc' dir='ltr'>αὑτὸν</span> <span class='ocrx_word' id='word_1_864' title='bbox 3027 4757 3334 4858; x_wconf 40' lang='lat' dir='ltr'><strong>etiam</strong></span> <span class='ocrx_word' id='word_1_865' title='bbox 3368 4792 3468 4844; x_wconf 79' lang='grc' dir='ltr'><strong>καὶ</strong></span> <span class='ocrx_word' id='word_1_866' title='bbox 3556 4792 3620 4842; x_wconf 78' lang='grc' dir='ltr'><strong>εἱ-</strong></span> 
     </span>
    </p>
   </div>
   <div class='ocr_carea' id='block_1_108' title="bbox 1970 4844 3617 4948">
    <p class='ocr_par' dir='ltr' id='par_1_108' title="bbox 1970 4844 3617 4948">
     <span class='ocr_line' id='line_1_108' title="bbox 1970 4844 3617 4948; baseline 0.029 -56"><span class='ocrx_word' id='word_1_867' title='bbox 1970 4844 2102 4948; x_wconf 58' lang='grc' dir='ltr'>πωνο</span> <span class='ocrx_word' id='word_1_868' title='bbox 2128 4847 2237 4945; x_wconf 53' lang='grc' dir='ltr'><strong>Ιξαὶ</strong></span> <span class='ocrx_word' id='word_1_869' title='bbox 2260 4849 2522 4948; x_wconf 76' lang='grc' dir='ltr'>δύσεται</span> <span class='ocrx_word' id='word_1_870' title='bbox 2546 4863 2796 4930; x_wconf 71' lang='grc' dir='ltr'>δ”Ηλιος</span> <span class='ocrx_word' id='word_1_871' title='bbox 2816 4867 2920 4921; x_wconf 81' lang='grc' dir='ltr'>ἐπὶ</span> <span class='ocrx_word' id='word_1_872' title='bbox 2941 4874 3103 4942; x_wconf 84' lang='grc' dir='ltr'>τοὺς</span> <span class='ocrx_word' id='word_1_873' title='bbox 3125 4844 3460 4948; x_wconf 64' lang='grc' dir='ltr'>προφήτας</span> <span class='ocrx_word' id='word_1_874' title='bbox 3481 4882 3617 4946; x_wconf 81' lang='grc' dir='ltr'>τοὺς</span> 
     </span>
    </p>
   </div>
   <div class='ocr_carea' id='block_1_109' title="bbox 1969 4940 3609 5043">
    <p class='ocr_par' dir='ltr' id='par_1_109' title="bbox 1969 4940 3609 5043">
     <span class='ocr_line' id='line_1_109' title="bbox 1969 4940 3609 5043; baseline 0.029 -59"><span class='ocrx_word' id='word_1_875' title='bbox 1969 4940 2322 5043; x_wconf 32' lang='grc' dir='ltr'>ἴῖίανξῦντη</span> <span class='ocrx_word' id='word_1_876' title='bbox 2344 4945 2458 4998; x_wconf 80' lang='grc' dir='ltr'><strong>τὸν</strong></span> <span class='ocrx_word' id='word_1_877' title='bbox 2472 4954 2641 5011; x_wconf 70' lang='grc' dir='ltr'>λαόν</span> <span class='ocrx_word' id='word_1_878' title='bbox 2659 4976 2802 5027; x_wconf 87' lang='grc' dir='ltr'>μου·</span> <span class='ocrx_word' id='word_1_879' title='bbox 2830 4940 3191 5037; x_wconf 74' lang='grc' dir='ltr'>γυμνότερον</span> <span class='ocrx_word' id='word_1_880' title='bbox 3208 4940 3269 5024; x_wconf 70' lang='grc' dir='ltr'><strong>δέ</strong></span> <span class='ocrx_word' id='word_1_881' title='bbox 3367 4940 3609 5035; x_wconf 52' lang='grc' dir='ltr'>Ἡοαῖας;</span> 
     </span>
    </p>
   </div>
   <div class='ocr_carea' id='block_1_110' title="bbox 1964 5028 3608 5136">
    <p class='ocr_par' dir='ltr' id='par_1_110' title="bbox 1964 5028 3608 5136">
     <span class='ocr_line' id='line_1_110' title="bbox 1964 5028 3608 5136; baseline 0.027 -40"><span class='ocrx_word' id='word_1_882' title='bbox 1964 5028 2284 5136; x_wconf 45' lang='lat' dir='ltr'><strong>(fuﬁum</strong></span> <span class='ocrx_word' id='word_1_883' title='bbox 2306 5050 2409 5089; x_wconf 87' lang='grc' dir='ltr'>σοι</span> <span class='ocrx_word' id='word_1_884' title='bbox 2443 5044 2479 5093; x_wconf 75' lang='grc' dir='ltr'><strong><em>ό</em></strong></span> <span class='ocrx_word' id='word_1_885' title='bbox 2515 5045 2702 5118; x_wconf 74' lang='grc' dir='ltr'>ἥλιος</span> <span class='ocrx_word' id='word_1_886' title='bbox 2728 5055 2809 5119; x_wconf 84' lang='grc' dir='ltr'>εὶς</span> <span class='ocrx_word' id='word_1_887' title='bbox 2836 5028 2965 5122; x_wconf 70' lang='grc' dir='ltr'><strong>φῶς</strong></span> <span class='ocrx_word' id='word_1_888' title='bbox 2995 5028 3114 5127; x_wconf 65' lang='grc' dir='ltr'><strong>τῆξ</strong></span> <span class='ocrx_word' id='word_1_889' title='bbox 3145 5064 3406 5132; x_wconf 67' lang='grc' dir='ltr'>ἡμέρας,</span> <span class='ocrx_word' id='word_1_890' title='bbox 3431 5028 3608 5136; x_wconf 57' lang='grc' dir='ltr'><strong>φησιῆ</strong></span> 
     </span>
    </p>
   </div>
   <div class='ocr_carea' id='block_1_111' title="bbox 1968 5118 3610 5221">
    <p class='ocr_par' dir='ltr' id='par_1_111' title="bbox 1968 5118 3610 5221">
     <span class='ocr_line' id='line_1_111' title="bbox 1968 5118 3610 5221; baseline 0.028 -54"><span class='ocrx_word' id='word_1_891' title='bbox 1968 5118 2104 5221; x_wconf 48' lang='grc' dir='ltr'><strong>ῗνῖὶϊ</strong></span> <span class='ocrx_word' id='word_1_892' title='bbox 2139 5119 2464 5221; x_wconf 25' lang='grc' dir='ltr'>ἐσταιᾷσοι</span> <span class='ocrx_word' id='word_1_893' title='bbox 2515 5141 2747 5213; x_wconf 73' lang='grc' dir='ltr'>Κύριος</span> <span class='ocrx_word' id='word_1_894' title='bbox 2778 5118 2901 5215; x_wconf 65' lang='grc' dir='ltr'>φίῦς</span> <span class='ocrx_word' id='word_1_895' title='bbox 2936 5118 3224 5220; x_wconf 46' lang='grc' dir='ltr'>αιώλθῖοιῗ,</span> <span class='ocrx_word' id='word_1_896' title='bbox 3392 5118 3610 5221; x_wconf 40' lang='grc' dir='ltr'><strong>’ὁιὸεὸςί</strong></span> 
     </span>
    </p>
   </div>
   <div class='ocr_carea' id='block_1_112' title="bbox 1968 5207 3607 5317">
    <p class='ocr_par' dir='ltr' id='par_1_112' title="bbox 1968 5207 3607 5317">
     <span class='ocr_line' id='line_1_112' title="bbox 1968 5207 3607 5317; baseline 0.028 -58"><span class='ocrx_word' id='word_1_897' title='bbox 1968 5207 2116 5317; x_wconf 53' lang='grc' dir='ltr'><strong>(ἔρξαι</strong></span> <span class='ocrx_word' id='word_1_898' title='bbox 2142 5207 2687 5317; x_wconf 47' lang='grc' dir='ltr'>σομ.“Τοιοῦτος’δὲ</span> <span class='ocrx_word' id='word_1_899' title='bbox 2709 5207 2853 5311; x_wconf 39' lang='lat' dir='ltr'><strong>initio;</strong></span> <span class='ocrx_word' id='word_1_900' title='bbox 2878 5207 2959 5292; x_wconf 68' lang='grc' dir='ltr'><strong>δον</strong></span> <span class='ocrx_word' id='word_1_901' title='bbox 2988 5242 3019 5292; x_wconf 86' lang='grc' dir='ltr'>ὁ</span> <span class='ocrx_word' id='word_1_902' title='bbox 3049 5207 3281 5315; x_wconf 65' lang='grc' dir='ltr'>Κύριος,</span> <span class='ocrx_word' id='word_1_903' title='bbox 3320 5207 3499 5317; x_wconf 31' lang='grc' dir='ltr'>χάριν.</span> 
     </span>
    </p>
   </div>
   <div class='ocr_carea' id='block_1_113' title="bbox 1968 5296 3605 5406">
    <p class='ocr_par' dir='ltr' id='par_1_113' title="bbox 1968 5296 3605 5406">
     <span class='ocr_line' id='line_1_113' title="bbox 1968 5296 3605 5406; baseline -0.009 -14"><span class='ocrx_word' id='word_1_904' title='bbox 1968 5296 2258 5406; x_wconf 43' lang='grc' dir='ltr'><strong>ῗόξῗιγ,καὶ</strong></span> <span class='ocrx_word' id='word_1_905' title='bbox 2289 5309 2372 5364; x_wconf 67' lang='grc' dir='ltr'><strong>ἔτι</strong></span> <span class='ocrx_word' id='word_1_906' title='bbox 2418 5296 2647 5390; x_wconf 65' lang='grc' dir='ltr'>μεῖζον</span> <span class='ocrx_word' id='word_1_907' title='bbox 2682 5296 2773 5388; x_wconf 55' lang='grc' dir='ltr'><em>κάκ</em></span> <span class='ocrx_word' id='word_1_908' title='bbox 2802 5296 3047 5405; x_wconf 61' lang='grc' dir='ltr'>κρεῖττον</span> <span class='ocrx_word' id='word_1_909' title='bbox 3071 5374 3085 5398; x_wconf 88' lang='grc'><strong>,</strong></span> <span class='ocrx_word' id='word_1_910' title='bbox 3516 5296 3605 5389; x_wconf 48' lang='grc' dir='ltr'><strong>ξᾶὶ</strong></span> 
     </span>
    </p>
   </div>
   <div class='ocr_carea' id='block_1_114' title="bbox 1969 5390 3599 5497">
    <p class='ocr_par' dir='ltr' id='par_1_114' title="bbox 1969 5390 3599 5497">
     <span class='ocr_line' id='line_1_114' title="bbox 1969 5390 3599 5497; baseline 0.01 -33"><span class='ocrx_word' id='word_1_911' title='bbox 1969 5390 2288 5497; x_wconf 62' lang='grc' dir='ltr'>ἀῖτόρεξητον</span> <span class='ocrx_word' id='word_1_912' title='bbox 2332 5406 2570 5475; x_wconf 69' lang='grc' dir='ltr'>ἀγαθὸν</span> <span class='ocrx_word' id='word_1_913' title='bbox 2626 5428 2784 5483; x_wconf 82' lang='grc' dir='ltr'>δώσει</span> <span class='ocrx_word' id='word_1_914' title='bbox 2813 5390 2919 5489; x_wconf 72' lang='grc' dir='ltr'>τοῖς</span> <span class='ocrx_word' id='word_1_915' title='bbox 2953 5390 3435 5497; x_wconf 59' lang='grc' dir='ltr'>πορέυοίιένδιςέν</span> <span class='ocrx_word' id='word_1_916' title='bbox 3467 5430 3599 5481; x_wconf 81' lang='grc' dir='ltr'>ἀκα-</span> 
     </span>
    </p>
   </div>
   <div class='ocr_carea' id='block_1_115' title="bbox 1972 5488 3600 5597">
    <p class='ocr_par' dir='ltr' id='par_1_115' title="bbox 1972 5488 3600 5597">
     <span class='ocr_line' id='line_1_115' title="bbox 1972 5488 3600 5597; baseline 0.019 -54"><span class='ocrx_word' id='word_1_917' title='bbox 1972 5488 2093 5553; x_wconf 67' lang='grc' dir='ltr'>κίᾳ·</span> <span class='ocrx_word' id='word_1_918' title='bbox 2132 5488 2167 5559; x_wconf 81' lang='grc' dir='ltr'>ἢ</span> <span class='ocrx_word' id='word_1_919' title='bbox 2206 5498 2355 5554; x_wconf 79' lang='grc' dir='ltr'>κατὰ</span> <span class='ocrx_word' id='word_1_920' title='bbox 2384 5502 2493 5561; x_wconf 81' lang='grc' dir='ltr'><strong>τὸν</strong></span> <span class='ocrx_word' id='word_1_921' title='bbox 2533 5512 2867 5597; x_wconf 67' lang='grc' dir='ltr'>Σύμμαχον,</span> <span class='ocrx_word' id='word_1_922' title='bbox 2905 5488 3377 5584; x_wconf 52' lang='grc' dir='ltr'>Τοῖς-’ὁδεύουσιν</span> <span class='ocrx_word' id='word_1_923' title='bbox 3413 5520 3485 5579; x_wconf 71' lang='grc' dir='ltr'><strong>ἐν</strong></span> <span class='ocrx_word' id='word_1_924' title='bbox 3517 5533 3600 5572; x_wconf 63' lang='grc' dir='ltr'>τετ</span> 
     </span>
    </p>
   </div>
   <div class='ocr_carea' id='block_1_116' title="bbox 402 5615 1963 5695">
    <p class='ocr_par' dir='ltr' id='par_1_116' title="bbox 402 5615 1963 5695">
     <span class='ocr_line' id='line_1_116' title="bbox 402 5615 1963 5695; baseline 0.013 -30"><span class='ocrx_word' id='word_1_925' title='bbox 402 5615 447 5647; x_wconf 83' lang='grc'><strong><em>³⁸</em></strong></span> <span class='ocrx_word' id='word_1_926' title='bbox 486 5615 708 5675; x_wconf 79' lang='lat' dir='ltr'><strong>Malach.</strong></span> <span class='ocrx_word' id='word_1_927' title='bbox 742 5641 817 5687; x_wconf 78' lang='lat' dir='ltr'><strong>iv,</strong></span> <span class='ocrx_word' id='word_1_928' title='bbox 846 5624 901 5675; x_wconf 73' lang='lat'><strong>2.</strong></span> <span class='ocrx_word' id='word_1_929' title='bbox 977 5626 1020 5656; x_wconf 81' lang='lat'><strong>&quot;</strong></span> <span class='ocrx_word' id='word_1_930' title='bbox 1058 5626 1223 5685; x_wconf 76' lang='lat' dir='ltr'><strong>Mich.</strong></span> <span class='ocrx_word' id='word_1_931' title='bbox 1255 5646 1353 5695; x_wconf 84' lang='grc' dir='ltr'>ιιι,</span> <span class='ocrx_word' id='word_1_932' title='bbox 1391 5633 1441 5688; x_wconf 84' lang='lat'><strong>6.</strong></span> <span class='ocrx_word' id='word_1_933' title='bbox 1518 5634 1560 5667; x_wconf 69' lang='grc'><strong>⁸⁸</strong></span> <span class='ocrx_word' id='word_1_934' title='bbox 1602 5633 1701 5685; x_wconf 86' lang='lat' dir='ltr'><strong>lsa.</strong></span> <span class='ocrx_word' id='word_1_935' title='bbox 1743 5646 1842 5693; x_wconf 70' lang='grc' dir='ltr'>ιχ,</span> <span class='ocrx_word' id='word_1_936' title='bbox 1881 5630 1963 5685; x_wconf 81' lang='grc'><strong>19.</strong></span> 
     </span>
    </p>
   </div>
   <div class='ocr_carea' id='block_1_117' title="bbox 407 5726 1387 5811">
    <p class='ocr_par' dir='ltr' id='par_1_117' title="bbox 407 5726 1387 5811">
     <span class='ocr_line' id='line_1_117' title="bbox 407 5726 1387 5811; baseline 0.026 -35"><span class='ocrx_word' id='word_1_937' title='bbox 407 5728 480 5803; x_wconf 83' lang='grc'><strong>(1)</strong></span> <span class='ocrx_word' id='word_1_938' title='bbox 521 5726 653 5785; x_wconf 78' lang='lat' dir='ltr'><strong>Vera</strong></span> <span class='ocrx_word' id='word_1_939' title='bbox 685 5734 847 5792; x_wconf 78' lang='lat' dir='ltr'><strong>lectio</strong></span> <span class='ocrx_word' id='word_1_940' title='bbox 875 5744 953 5789; x_wconf 85' lang='lat' dir='ltr'><strong>est</strong></span> <span class='ocrx_word' id='word_1_941' title='bbox 984 5740 1188 5806; x_wconf 61' lang='lat' dir='ltr'><strong>&quot;mm,</strong></span> <span class='ocrx_word' id='word_1_942' title='bbox 1216 5753 1387 5811; x_wconf 57' lang='lat' dir='ltr'><strong>trait].</strong></span> 
     </span>
    </p>
   </div>
  </div>
