3834 6372
159 448 288 513 tot?

1270 451 1756 507 COMMENTARIA
1796 453 1857 506 IN
1896 452 2226 509 PSALMOS.

3262 464 3384 519 1018

181 570 440 635 λειότητι.
490 574 578 627 Διά
610 578 746 630 τοῦτο
777 569 1105 625 ’πιστεύων
1138 570 1252 631 τοῖς
1279 572 1582 641 εἰρημένοις
1602 612 1616 636 ,
1657 572 1739 624 καί

1852 571 1976 636 Sed,
2001 583 2059 627 ut
2080 586 2204 627 vere
2238 571 2467 636 dicatur,
2500 574 2647 629 solus
2679 574 2766 628 ille
2791 574 2980 629 beatus
3006 577 3089 629 cui
3115 592 3275 647 supra
3300 583 3383 634 di-

190 657 412 731 ἀκριὸὢς
438 661 651 728 ἐμαυτὸν
674 661 853 717 πείσαις
885 650 1147 730 ἀληθεῖς
1176 655 1310 712 εἶναι
1338 662 1461 724 τοὺς
1488 660 1612 727 περὶ
1636 662 1749 715 τοῦ·

194 767 291 802 των
334 748 518 816 λόγους
538 790 553 812 ,
584 754 719 817 τέλος
748 743 841 802 τοῦ
896 751 1130 813 παντὸς
1161 750 1316 817 λόγου
1351 753 1513 821 φημί·
1574 753 1758 817 Κύριε,

197 838 311 891 τῶν
341 837 638 905 δυνάμεων
662 881 675 904 ,
709 831 1007 910 μακάριος
1051 843 1085 891 ὀ
1122 839 1423 905 ἅνθρωπος
1448 843 1479 893 ό
1503 839 1747 899 ἐλπίζων

195 930 289 982 ἐπὶ
314 929 406 981 σέ.
452 930 566 991 Πᾶς
594 930 697 1001 γὰρ
723 934 747 982 ό
770 926 946 985 ἄλλως
975 930 1129 1001 παρά
1161 933 1268 992 τοῖς
1294 930 1499 992 πολλοῖς
1528 946 1747 999 μακαρι-

194 1020 417 1089 ζόμενος
446 1020 864 1091 πεπλανημένως
889 1013 957 1068 ἂν
993 1022 1357 1091 μακαρίζοιτο.
1394 1022 1564 1083 Μόνος
1594 1021 1669 1085 δὲ,
1697 1022 1745 1073 εί

193 1109 296 1182 χρὴ
332 1109 538 1179 τάληθῆ
583 1111 773 1178 φάναι,
812 1107 1077 1179 μακάριος
1108 1111 1194 1164 διὰ
1235 1112 1302 1164 τὰ
1331 1110 1742 1181 προλελεγμένα,

190 1198 263 1259 ώς
298 1197 367 1249 ἂν
395 1196 615 1249 πάντων
647 1198 750 1249 τῶν
782 1195 995 1264 ἀγαθῶν
1024 1198 1267 1269 ἔμπλεος,
1301 1200 1327 1251 ὅ
1356 1216 1434 1250 σοι
1464 1197 1605 1267 μόνῳ
1632 1200 1747 1249 ἑαυ-

186 1286 276 1337 τὸν
309 1285 655 1355 ἀναρτήσας,
690 1287 782 1338 καὶ
822 1286 997 1350 πάσας
1037 1287 1224 1339 ἑαυτοῦ
1257 1286 1355 1348 τὰς
1386 1285 1601 1347 ἐλπίδας
1630 1288 1745 1347 ταῖς

188 1375 341 1446 παρά
367 1376 451 1427 σοὶ
477 1375 826 1443 ἐπαγγελίαις
852 1376 1081 1439 ἀναθείς.
1135 1377 1270 1447 Ἤδη
1300 1376 1355 1428 δὲ
1385 1376 1559 1445 τρίτον
1587 1376 1642 1426 ἐν
1671 1374 1745 1443 τῷ

184 1465 418 1537 παρόντι
441 1464 643 1534 ψαλμῷ
670 1466 969 1535 μακαρίσας
987 1469 1014 1518 ὁ
1034 1467 1187 1533 λόγος
1206 1468 1329 1528 τοὺς
1349 1465 1746 1536 ἐμφερομένους

183 1554 240 1605 ἐν
273 1551 449 1621 αὐτῷ,
479 1552 728 1620 οὐδαμῶς
756 1553 847 1604 τοῦ
876 1554 1136 1606 Ἰουδαίων
1149 1553 1485 1620 ἕθνους,ζούδὲ
1516 1552 1603 1609 τοῦ
1648 1554 1744 1603 Ἰσ-

186 1643 324 1713 ραὴλ
358 1642 784 1713 ἐμνημόνευσεν,
817 1644 933 1696 οὐδὲ
957 1644 1079 1707 τοὺς
1112 1644 1178 1696 τὰ
1196 1644 1467 1706 Μωῦσέως
1485 1644 1550 1695 δι’
1574 1643 1745 1713 ἔργων

180 1730 641 1802 ἀποπληροῦντας
667 1732 993 1803 ὲμακάρισεν
1013 1751 1028 1764 ·
1063 1733 1197 1785 ἀλλὰ
1224 1733 1434 1801 πρῶτον
1459 1734 1553 1802 μὲν
1585 1733 1743 1785 καθό-

179 1824 273 1875 λου
296 1825 427 1887 τοὺς
455 1823 839 1887 κατοικοῦντας
862 1826 918 1877 ὲν
942 1824 1017 1893 τῷ
1042 1824 1172 1894 οἴκῳ
1193 1823 1281 1876 τοῦ
1303 1823 1433 1875 Θεοῦ
1449 1840 1462 1853 ·
1499 1823 1744 1894 δεύτερον

180 1917 362 1968 πάντα
397 1914 570 1984 ἄνδρα
597 1909 658 1966 οῦ
689 1916 830 1966 ἐστιν
858 1900 1133 1983 ἀντίληψις
1158 1912 1301 1982 αὐτῷ
1334 1912 1481 1983 παρὰ
1507 1915 1705 1981 Κυρίου
1727 1931 1739 1943 ·

1845 674 1929 717 cta
1969 670 2312 733 competunt,
2362 665 2623 733 siquidem
2678 667 2791 734 ipse
2840 667 3089 722 omnibus
3144 671 3382 737 repletur

1844 752 2020 813 bonis,
2040 752 2132 820 qui
2163 766 2281 805 sese
2310 752 2402 805 tibi
2428 752 2527 806 soli
2548 754 2900 817 concredidit,
2934 762 3207 823 totamque
3230 773 3379 827 spem

1845 842 1899 893 in
1928 841 2205 909 promissis
2244 842 2351 896 tuis
2379 842 2645 911 deposuit.
2675 844 2809 897 Cum
2861 858 3019 913 porro
3050 845 3103 897 in
3132 849 3378 913 praesenti

1808 970 1815 977 .
1844 930 2049 996 psalmo
2078 930 2186 996 jam
2224 932 2380 985 tertio
2414 932 2551 985 beati
2584 933 2853 1001 praedicati
2879 932 3076 987 fuerint
3105 934 3139 986 ii
3172 934 3237 988 de
3258 936 3379 1003 qui-

1844 1019 1943 1072 bus
1972 1035 2167 1084 sermo,
2198 1022 2342 1074 nulla
2376 1020 2611 1077 Judaica:
2649 1026 2822 1093 gentis
2854 1026 2936 1079 vel
2978 1022 3189 1077 lsraelis
3238 1024 3377 1077 facta

1843 1108 2044 1162 mentio
2074 1117 2188 1175 est;
2230 1126 2405 1179 neque
2432 1111 2592 1165 etiam
2626 1128 2718 1166 eos
2748 1114 2838 1181 qui
2887 1122 3151 1181 praecepta
3181 1113 3380 1183 Moysis

1842 1200 2079 1252 exsecuti
2117 1207 2241 1254 sunt
2263 1201 2445 1255 beatos
2476 1203 2819 1269 praedicavit:
2863 1203 2955 1257 sed
2990 1204 3164 1271 primo
3215 1218 3376 1272 gene—

1844 1287 1998 1343 ratim
2026 1302 2118 1342 eos
2146 1290 2237 1357 qui
2268 1290 2511 1344 habitant
2554 1293 2608 1344 in
2644 1291 2801 1346 domo
2830 1291 2921 1346 Dei
2947 1310 2961 1357 ;
2998 1292 3235 1346 secundo
3264 1307 3380 1345 om-

1844 1391 1962 1429 nem
1994 1377 2263 1433 hominem
2294 1380 2377 1434 cui
2412 1389 2494 1435 est
2524 1382 2783 1435 auxilium
2822 1397 2851 1435 a
2882 1382 3138 1448 Domino;
3190 1398 3252 1435 ac
3285 1381 3379 1435 de-

1844 1481 1989 1519 mum
2018 1467 2073 1520 in
2103 1468 2205 1522 line
2242 1471 2528 1536 sermonis,
2558 1471 2835 1526 indefinite
2872 1481 2924 1527 et
2949 1474 3238 1542 generatim
3267 1489 3380 1528 om-

1843 1573 1963 1610 nem
2000 1558 2266 1614 hominem
2308 1562 2362 1613 in
2397 1562 2677 1617 Dominum
2722 1573 3047 1632 sperantem.
3079 1564 3209 1618 Nam
3255 1580 3377 1619 cum

1844 1646 2022 1701 futura
2066 1648 2159 1703 Dei
2204 1653 2485 1719 praesentia
2550 1661 2602 1708 et
2656 1652 2856 1708 Christi
2889 1654 2957 1707 ad
3009 1656 3252 1709 homines
3280 1656 3376 1706 ad-

1842 1748 2034 1792 ventus
2064 1742 2478 1796 annuntiaretur
2500 1782 2513 1806 ,
2548 1760 2655 1798 non
2681 1743 2878 1800 Iudaeis
2902 1753 3129 1811 tantum,
3159 1746 3250 1800 sed
3271 1761 3380 1799 om-

1844 1827 2000 1880 nibus
2027 1829 2187 1883 etiam
2222 1830 2532 1887 hominibus
2565 1833 2924 1890 beatitudines
2956 1836 3095 1901 illas,
3121 1852 3239 1905 quae
3288 1850 3381 1904 pe-

1842 1932 1939 1971 nes
1968 1917 2132 1973 Deum
2163 1929 2309 1985 sunt,
2338 1925 2644 1977 annuntiari
2676 1931 2932 1994 oportuit.

179 2010 275 2077 καὶ
310 2010 407 2060 ἐπὶ
440 2008 585 2061 τέλει
621 2008 712 2060 τοῦ
780 2008 975 2070 παντὸς
1026 2008 1181 2074 λόγου
1246 2007 1505 2077 ἀορίστως
1567 2008 1658 2059 καὶ
1694 2009 1989 2074 καθολικῶς
2034 2014 2204 2066 πάντα
2253 2016 2532 2087 ἄνθρωπον
2576 2018 2666 2070 τὸν
2707 2018 2989 2082 ἐλπίζοντα
3030 2020 3121 2071 ἐπὶ
3157 2018 3374 2088 Κύριον.

177 2100 335 2169 Χρῆν
378 2100 491 2171 γὰρ
532 2100 847 2167 ἐπιφανείας
885 2099 1015 2152 Θεοῦ
1052 2101 1143 2152 καὶ
1180 2099 1408 2171 Χριστοῦ
1450 2100 1740 2167 παρουσίας
1778 2104 1853 2165 είς
1884 2104 2195 2175 ἀνθρώπους
2253 2110 2749 2181 καταγγελλομένης
2786 2111 2858 2182 μὴ
2900 2112 3159 2174 Ἰουδαίοις
3201 2113 3355 2183 μόνον

177 2190 315 2259 ἀλλά
348 2193 447 2243 καὶ
475 2194 609 2243 πᾶσι
634 2194 743 2253 τοῖς
769 2190 1067 2261 ἀνθρώποις
1094 2193 1215 2253 τοὺς
1242 2192 1387 2262 παρᾶ
1406 2192 1480 2262 τῷ
1501 2192 1616 2263 Θεῷ
1642 2198 2014 2265 μακαρισμοὺς
2043 2200 2501 2268 ἁναγγελίζεσθαι.

214 2348 326 2399 ΕΙΣ
363 2348 608 2414 ΤΕΛΟΣ,
641 2346 792 2400 ΤΟΙΣ
822 2348 999 2406 ΥΙΟΙΣ
1031 2347 1211 2401 ΚΟΡΕ
1244 2350 1549 2402 ΨΑΛΜΟΣ.
1588 2350 1707 2400 HA’.

1850 2357 1899 2411 1.
1935 2357 2002 2412 ΙΝ
2037 2358 2262 2424 FINEM,
2303 2360 2500 2415 FILIIS
2527 2361 2707 2417 CORE
2744 2359 3376 2418 PSALMUSLXXXIV.

247 2502 647 2568 Εὐδόκησας,
674 2503 872 2568 Κύριε,
908 2498 1019 2567 τὴν
1051 2499 1165 2568 γῆν
1192 2512 1305 2552 σου
1324 2538 1339 2562 ,
1368 2498 1742 2566 ἀπέστρεψας

176 2593 292 2659 τὴν
327 2591 752 2659 αἰχμαλωσίαν
790 2588 997 2643 Ἰακώϐ.
1052 2588 1374 2650 Ἀκολούοως
1396 2588 1472 2658 τῷ
1499 2589 1600 2656 πρὸ
1631 2588 1745 2640 τού-

174 2700 269 2735 του
304 2682 512 2752 ψαλμῷ
548 2681 684 2751 μετά
723 2680 817 2751 τὴν
847 2683 902 2732 ὲν
928 2680 1118 2749 ἐκείνῳ
1151 2678 1524 2741 θεσπισθεῖσαν
1556 2680 1745 2747 θεοφά-

176 2791 329 2826 νειαν
356 2774 418 2824 ὲν
439 2770 519 2841 τῷ
541 2770 675 2840 μετά
702 2773 884 2840 χεῖρας
906 2770 1087 2825 κακῶν
1111 2769 1396 2838 ἀπαλλαγὴ
1423 2768 1743 2839 προφητεύε-

175 2882 289 2929 ται,
332 2864 430 2916 καὶ
461 2862 728 2931 λύτρωσις
758 2860 854 2930 μὲν
885 2859 1251 2930 αἰχμαλωσίας
1275 2898 1290 2925 ,
1324 2858 1661 2929 συγχώρησις
1687 2858 1743 2910 δὲ

176 2956 273 3010 καὶ
300 2954 502 3020 ἄφεσις
528 2950 953 3019 ἁμαρτημάτων.
1006 2950 1201 3001 Εἵπετο
1229 2948 1334 3018 γὰρ
1363 2947 1530 3001 ταῦτα
1552 2950 1616 3017 τῇ
1650 2946 1740 3000 τοῦ

176 3044 314 3098 Θεοῦ
345 3044 429 3104 είς
458 3038 777 3110 ἀνθρώπους
808 3039 1074 3110 παρουσίᾳ
1098 3079 1113 3109 ,
1145 3040 1237 3091 καὶ
1266 3042 1375 3100 τοῖς
1401 3039 1602 3100 λοιποῖς
1631 3040 1742 3101 τοῖς

173 3133 266 3185 ἐπὶ
294 3131 379 3200 τῷ
412 3129 522 3199 πρὸ
543 3127 729 3181 τούτου
755 3127 948 3197 ψαλμῷ
972 3126 1369 3195 δεδηλωμένοις.
1404 3126 1611 3195 Ἐπειδὴ
1636 3126 1741 3195 γάρ

176 3224 233 3274 ὲν
283 3221 489 3289 ἐκείνῳ
518 3216 872 3295 ’σκηνώματα
911 3215 1043 3268 Θεοῦ
1084 3217 1305 3269 πλεῖστα
1335 3218 1425 3271 καὶ
1463 3217 1618 3268 αὐλαὶ
1649 3218 1740 3269 καὶ

176 3310 544 3378 θυσιαστήρια
570 3306 662 3357 ἐπὶ
685 3305 782 3374 τῆς
803 3304 904 3372 γῆς
922 3303 1229 3366 ὲθεσπίξετο
1253 3303 1625 3374 συστήσεσθαι,
1648 3304 1739 3356 καὶ

173 3398 234 3450 τὸ
260 3398 480 3450 τούτων
512 3394 682 3447 αἴτιον
712 3392 839 3455 Θεὸς
869 3388 935 3460 ἦν
962 3391 1162 3461 μέλλων
1198 3394 1289 3445 ἐπὶ
1317 3395 1414 3464 γῆς
1441 3395 1736 3461 φαίνεσθαι,

174 3488 267 3539 καὶ
283 3484 555 3554 ὀνομαστὶ
570 3482 800 3552 Χριστὸς
817 3477 883 3553 ἦν
901 3480 1332 3551 ὲπιϐλεπόμενος
1355 3483 1565 3551 ἐλέγετο
1581 3483 1706 3551 γοῦν
1721 3502 1734 3529 2

186 3574 558 3643 Ὀφθήσεται
585 3573 617 3625 ὀ
641 3572 781 3635 Θεὸς
802 3560 917 3623 τῶν
953 3568 1101 3624 θεῶν
1126 3571 1195 3623 ἐν
1224 3572 1371 3625 Σιών
1388 3589 1400 3602 ο
1428 3574 1518 3624 καὶ
1546 3573 1698 3625 πάλιν
1719 3590 1733 3603 ·

186 3631 529 3733 Ἐπίςρανον
568 3662 665 3714 ἐπὶ
706 3631 775 3713 τό
816 3660 1132 3726 πρόσωπον
1159 3662 1262 3715 τοῦ
1302 3662 1553 3730 Χριστοῦ
1589 3678 1731 3716 σουτ
1763 3631 1806 3691 C

174 3755 407 3816 εἰκότως
441 3754 500 3804 ὲν
535 3750 610 3821 τῷ
650 3750 988 3821 προκειμένῳ
1012 3750 1209 3820 ψαλμῷ
1237 3751 1305 3803 τὰ
1340 3751 1593 3821 μέλλοντα
1621 3752 1735 3804 ἐσε-

174 3846 301 3898 σθαι
332 3843 459 3897 καθ’
490 3842 618 3910 ὅλης
645 3841 743 3909 τῆς
776 3839 882 3892 τῶν
912 3839 1205 3910 ἀνθρώπων
1227 3842 1543 3912 οἰκουμένης
1572 3858 1736 3911 προαέ

169 3935 531 4004 ναφωνεῖται,
570 3932 636 3981 Ἃ
662 3929 724 3999 δὴ
760 3931 852 3982 καὶ
881 3930 1226 3999 πεπλήρωται
1258 3932 1347 3988 ἐπὶ
1384 3933 1478 4001 τῆς
1503 3931 1593 3984 τοῦ
1619 3933 1734 3983 Σω-

166 4024 236 4093 τῆ
246 4042 344 4093 ρος
374 4021 540 4091 ἡμῶν
567 4018 884 4089 παρουσίας,
908 4019 1024 4070 καθ’
1044 4018 1109 4086 ἢν
1134 4019 1416 4090 εὐδόκησεν
1440 4023 1468 4073 ό
1487 4020 1615 4083 Θεὸς
1639 4037 1737 4073 κα-

162 4112 457 4177 ταξιώσας
495 4109 663 4177 αὐτὴν
704 4108 798 4177 τῆς
836 4108 1133 4173 ἐπιϐάσεως
1171 4110 1261 4162 τοῦ
1288 4110 1518 4181 Χριστοῦ
1551 4110 1733 4168 αὐτοῦ.

166 4201 353 4252 Πάλαι
388 4199 489 4268 μὲν
516 4196 622 4265 γὰρ
649 4194 829 4264 εἴρητο
854 4193 929 4262 τῷ
962 4194 1385 4264 πρωτοπλάστῳ·
1421 4196 1509 4261 Γῆ
1536 4196 1607 4258 εἴ,
1638 4195 1735 4247 καὶ

162 4293 253 4355 εἰς
277 4289 400 4359 γῆν
419 4285 751 4353 ἀπελεύσῃ,
774 4284 884 4345 καὶ,
914 4283 1416 4349 Ἐπικατάρατοςή
1440 4284 1512 4353 γῆ
1529 4284 1596 4336 ἐν
1616 4282 1737 4348 τοῖς

164 4379 371 4445 ἔργοις
400 4389 521 4428 σου
542 4389 554 4401 ⁸
614 4373 705 4424 καί¹
730 4370 884 4431 ἄλλος
914 4369 1201 4439 προφητῶν
1234 4369 1412 4435 ἔλεγεν
1434 4386 1445 4398 ·
1488 4370 1612 4436 Ἀρὰ
1640 4367 1736 4421 καί

160 4468 364 4532 φόνος
406 4461 508 4513 καὶ
537 4457 793 4526 ψεῦδος,
823 4455 917 4507 καί
949 4455 1144 4521 κλοπὴ
1172 4455 1267 4507 καὶ
1298 4456 1532 4521 μοιχεία
1560 4456 1734 4525 κέχυ-

161 4571 263 4605 ται
295 4550 399 4604 ἐπὶ
433 4547 547 4614 τῆς
578 4545 721 4614 γῆς’
773 4542 869 4597 καὶ
903 4544 1115 4610 αἵματα
1139 4544 1227 4611 ἐφ’
1260 4543 1465 4609 αἵμασι
1488 4544 1736 4612 μίσγιου-

161 4658 274 4694 σιν
297 4659 311 4670 ο
361 4640 451 4700 Ὠς
478 4636 534 4688 δὲ
563 4634 817 4703 ἐπεδήμει
847 4635 911 4701 τῇ
938 4636 1006 4702 γῇ
1039 4634 1067 4684 ὁ
1093 4633 1216 4694 Υἱὸς
1238 4632 1329 4685 τοῦ
1358 4632 1518 4697 Θεοῦ,
1554 4636 1647 4686 καὶ
1676 4636 1737 4691 τὸ

158 4731 280 4783 ἀπὸ
313 4729 421 4797 γῆς
451 4725 611 4794 σῶμα
636 4723 964 4791 ἀνελάμϐανε
986 4739 998 4751 ·
1039 4720 1301 4792 μεταϐολὴ
1333 4723 1607 4791 προτέρων
1635 4725 1739 4791 ἐγί-

160 4839 333 4889 γνετο
356 4816 546 4873 κακῶν
566 4855 579 4879 ,
606 4815 698 4879 καὶ
724 4813 783 4865 τὸ
812 4814 917 4864 πᾶν
949 4813 1044 4882 τῆς
1070 4814 1168 4882 γῆς
1192 4814 1447 4878 στοιχεῖον
1487 4814 1605 4865 ἀντὶ
1643 4815 1737 4883 τῆς

160 4912 451 4984 προτέρας
480 4905 618 4977 ἀρᾶς
646 4902 889 4970 εὐλογίας
921 4902 1051 4954 Θεοῦ
1084 4898 1509 4971 μετελάμϐανεν,
1547 4901 1738 4972 ἐκκλη-

162 5000 288 5053 σίαι
331 5015 392 5051 τε
434 4996 533 5048 καὶ
573 4989 706 5045 οἴκοι
751 4991 828 5061 τῷ
860 4989 973 5059 Θεῷ
1006 4986 1412 5061 προσευκτήριοι
1460 4988 1579 5040 καθ’
1610 4990 1735 5060 ὅλης

156 5088 269 5156 τῆς
299 5084 626 5155 οἰκουμένης
666 5080 985 5135 συνίσταντο.
1051 5080 1138 5132 Διὸ
1176 5075 1268 5128 νῦν
1315 5075 1412 5143 μὲν
1452 5076 1730 5134 λέλεκται’

160 5177 537 5243 Εὺδόκησας
557 5214 572 5238 ,
597 5173 770 5239 Κύριε
792 5211 807 5236 ,
852 5170 960 5237 τὴν
991 5170 1103 5239 γῆν
1127 5180 1245 5218 σου
1269 5181 1280 5193 ·
1318 5167 1373 5216 ὲν
1408 5167 1625 5236 ἑτέροις
1656 5171 1731 5233 δὲ,

158 5268 394 5334 Κύριος
418 5263 837 5322 ἐϐασίλευσεν,
868 5256 1280 5328 ἀγαλλιάσεται
1305 5254 1339 5319 ἠ
1366 5252 1443 5320 γῆ
1457 5293 1472 5317 ,
1510 5260 1610 5310 καὶ
1635 5262 1735 5313 πά..

159 5358 253 5410 λιν
274 5373 290 5385 υ
323 5359 546 5425 ’ᾼσατε
568 5351 645 5416 τῷ
669 5350 856 5417 Κυρίῳ
880 5348 1033 5403 πᾶσα
1053 5347 1088 5411 ἠ
1246 5342 1482 5405 Είκότως
1507 5342 1608 5399 οὖν
1641 5351 1733 5402 καὶ

161 5447 344 5501 αὐτοῦ
377 5446 621 5497 λέλεκται
652 5439 741 5494 τοῦ
769 5439 956 5508 Κυρίου
980 5439 1007 5505 ἡ
1035 5434 1098 5501 γῆ
1123 5474 1133 5487 ,
1164 5429 1303 5481 κατά
1325 5431 1384 5482 τὸ
1404 5470 1420 5492 ,
1448 5434 1732 5504 Εὐδόκη-

160 5554 317 5602 σας,
335 5534 529 5600 Κύριε,
548 5532 657 5597 τὴν
672 5530 784 5598 γῆν
796 5543 916 5581 σου.
936 5526 1000 5577 Οὐ
1019 5520 1185 5589 μόθον
1207 5517 1304 5583 γὰρ
1320 5519 1535 5587 κτίσμα
1556 5524 1729 5577 αὐτοῦ

164 5628 269 5681 καὶ
293 5623 524 5691 ποίημα,
550 5621 677 5673 ἀλλὰ
697 5618 781 5671 καὶ
805 5616 963 5683 κτῆμα
984 5608 1173 5677 γέγονε
1196 5604 1277 5657 διὰ
1294 5607 1355 5658 τὰ
1381 5607 1725 5679 λελεγμένα.

281 5775 328 5805 u
371 5771 496 5827 Gen,
532 5786 615 5839 ιιι¹
649 5768 724 5825 19,
794 5768 832 5799 ⁸³
862 5759 973 5816 ibid.
1010 5753 1090 5806 l7.
1189 5753 1232 5785 "
1270 5756 1392 5812 Ose.
1434 5775 1516 5833 iv,
1553 5762 1615 5831 2.

1702 5768 1747 5802 ""
1786 5767 1927 5836 Psal.
1959 5786 2183 5838 Lxxnv,
2218 5768 2271 5826 2.
2330 5771 2391 5847 ’δ’
2437 5767 2823 5837 Psal.xcvi,;l.

1914 2489 2077 2547 Vens.
2108 2493 2162 2548 2.
2194 2493 2535 2556 Benedixisti,
2562 2493 2801 2557 Domine,
2825 2505 3015 2547 terram
3038 2502 3202 2554 tuam,
3235 2505 3379 2543 aver-

1845 2581 1955 2633 tisti
1986 2584 2333 2650 captivitatem
2387 2583 2570 2637 Iacob.
2633 2582 2917 2652 Postquam
2959 2582 3012 2636 in
3061 2579 3379 2650 praecedenti

1845 2670 2053 2737 psalmo
2086 2669 2179 2725 Dei
2211 2671 2473 2725 adventus
2502 2672 2893 2739 praenuntiatus
2938 2669 3145 2730 fuerat,
3188 2681 3377 2721 conse-

1844 2769 2073 2827 quenter
2095 2760 2149 2813 in
2192 2760 2294 2814 hoc
2319 2762 2525 2830 ereptio
2559 2776 2587 2813 a
2619 2760 2793 2823 malis,
2822 2774 3030 2815 necnon
3052 2758 3379 2827 captivitatis

1843 2848 2216 2913 solutio,venia
2230 2866 2440 2920 quoque
2457 2860 2508 2905 et
2530 2853 2773 2907 remissio
2791 2858 3130 2921 peccatorum
3147 2848 3384 2917 praedici-

1841 2944 1947 2991 tur.
1978 2937 2100 2991 llaec
2122 2940 2316 3007 quippe
2336 2941 2517 2993 omnia
2543 2940 2631 2994 Dei
2647 2941 2711 2993 ad
2733 2940 2975 2994 homines
3005 2938 3291 2991 adventum
3327 2944 3380 2991 et

1840 3026 2112 3093 reliquain
2130 3027 2390 3093 superiori
2418 3028 2623 3095 psalmo
2652 3029 2925 3081 enuntiata
2976 3026 3378 3094 subsequeban-

1840 3120 1948 3164 tur.
1973 3112 2104 3177 Quia
2128 3113 2270 3166 enim
2294 3114 2349 3165 in
2370 3113 2459 3167 illo
2480 3115 2647 3166 multa
2674 3114 2766 3167 Dei
2788 3102 3294 3177 tabernacula,atria
3324 3122 3377 3167 et

1840 3200 2026 3253 altaria
2043 3200 2096 3253 in
2129 3209 2271 3254 terra
2297 3202 2669 3255 constituenda
2691 3216 2811 3256 esse
2830 3201 3141 3269 praedictum
3168 3202 3374 3267 fuerat;

1840 3288 2135 3357 horumque
2165 3297 2355 3343 auctor
2390 3288 2529 3343 Deus
2556 3296 2672 3343 erat
2694 3289 2759 3342 ad
2806 3289 3048 3343 homines
3076 3298 3333 3344 venturus
3358 3328 3373 3350 .

1840 3393 1902 3431 ac
1932 3380 2246 3433 nominatim
2269 3379 2519 3433 Christus
2540 3379 2628 3431 hic
2660 3379 3098 3447 conspiciendus,
3128 3379 3269 3432 unde
3292 3380 3376 3432 di-

1838 3469 2083 3533 cebalur,
2105 3468 2371 3522 Videbitur
2393 3469 2526 3522 Deus
2548 3471 2761 3523 deorum
2788 3472 2839 3522 in
2870 3469 3035 3533 Sion;
3068 3486 3131 3523 ac
3159 3486 3370 3533 rursus,

1838 3560 2042 3627 Appare
2101 3558 2167 3612 ad
2211 3560 2395 3627 [aciem
2446 3558 2643 3612 Christi
2696 3559 2966 3626 tui:jure
3010 3558 3065 3611 in
3128 3558 3374 3627 praesenti

1836 3648 2041 3715 psalmo
2069 3663 2187 3717 qua:
2210 3662 2303 3717 per
2333 3656 2500 3701 totum
2543 3649 2727 3701 orbem
2763 3648 2940 3700 futura
2974 3656 3102 3701 sunt
3128 3662 3376 3715 praenun-

1835 3740 2055 3792 tiantur.
2113 3736 2241 3806 Quae
2292 3752 2421 3793 sane
2473 3738 2528 3790 in
2584 3738 2814 3790 adventu
2853 3737 3155 3792 Servatoris
3202 3736 3373 3790 nostri

1834 3827 2094 3894 completa
2123 3834 2248 3879 sunt
2281 3845 2293 3878 :
2331 3841 2438 3895 quo
2466 3826 2720 3894 placitum
2741 3826 2845 3881 Deo
2877 3826 2976 3879 fuit
3003 3838 3198 3880 terram
3216 3825 3379 3878 (Ἀπί-ε

1834 3916 1900 3971 sli
1933 3916 2013 3968 sui
2053 3914 2198 3975 aditu
2228 3915 2457 3984 dignari.
2503 3914 2776 3982 Siquidem
2811 3916 2935 3967 olim
2966 3915 3137 3981 primo
3168 3913 3376 3983 parenti

1833 4009 2035 4062 dictum
2067 4005 2276 4060 fuerat:
2311 4005 2473 4067 Terra
2500 4021 2575 4070 es,
2606 4014 2653 4057 et
2688 4005 2743 4055 in
2783 4015 2973 4056 terram
3004 4006 3270 4056 reverteris
3299 4006 3372 4072 δίς

1832 4106 1904 4158 et,
1936 4092 2220 4157 Maledicta
2269 4102 2408 4145 terra
2456 4095 2511 4146 in
2561 4092 2796 4160 operibus
2846 4091 2947 4143 tuis
2992 4093 3067 4155 “;
3128 4092 3373 4163 aliusque

1834 4185 2093 4259 propheta
2118 4183 2249 4237 dicit
2280 4203 2292 4237 :
2326 4182 2665 4237 Maledictum
2693 4190 2741 4234 et
2770 4180 2932 4233 caedes
2968 4189 3017 4232 et
3044 4180 3370 4234 mendacium

1832 4286 1879 4337 et
1907 4274 2104 4342 furtum
2137 4284 2185 4327 et
2207 4273 2519 4326 adulterium
2540 4273 2707 4339 effusa
2731 4279 2850 4324 sunt
2879 4284 3031 4337 super
3056 4280 3249 4324 terram
3270 4288 3288 4324 :
3319 4283 3371 4326 at

1834 4366 2135 4434 sanguinem
2187 4365 2435 4433 sanguine
2486 4363 2697 4414 miscent
2725 4361 2807 4412 δ³τ
2844 4361 2935 4413 ubi
2977 4368 3155 4415 autem
3200 4360 3373 4423 Filius

1834 4451 1927 4517 Dei
1960 4453 2329 4523 peregrinatus
2362 4458 2444 4505 est
2492 4450 2545 4501 in
2570 4457 2747 4511 terra,
2772 4457 3150 4518 terrenumque
3175 4466 3373 4520 corpus

1836 4546 2144 4613 assumpsit,
2175 4544 2413 4611 priorum
2447 4541 2708 4594 malorum
2750 4540 3051 4593 immutatio
3082 4540 3222 4594 facta
3249 4550 3368 4604 est,

1836 4642 2111 4702 totumque
2138 4641 2292 4686 terrm
2325 4631 2645 4684 elementum
2669 4667 2683 4691 ,
2732 4630 2847 4681 loco
2876 4630 3118 4697 pristina:
3147 4631 3372 4684 maledi-

1835 4725 2050 4787 ctionis,
2078 4718 2504 4777 benedictionem
2539 4719 2787 4785 sortitum
2809 4728 2911 4783 est,
2945 4735 3009 4774 ac
3047 4722 3290 4774 ecclesiae
3320 4730 3373 4775 et

1837 4816 2068 4871 oratoria
2093 4815 2199 4867 Deo
2227 4828 2320 4882 per
2336 4819 2503 4866 totum
2526 4813 2710 4865 orbem
2726 4811 3014 4867 constituta
3034 4819 3178 4865 sunt.
3197 4810 3376 4876 Quare

1831 4906 1941 4975 jam
1976 4906 2190 4968 dicitur,
2211 4903 2530 4957 Benedixisti
2552 4942 2567 4966 ,
2613 4903 2849 4967 Domine,
2882 4912 3074 4955 terram
3101 4909 3245 4953 tuam
3290 4900 3373 4964 M;

1839 4999 1893 5051 in
1921 4997 2039 5051 aliis
2069 5011 2217 5059 vero,
2246 4994 2515 5058 Dominus,
2540 4995 2789 5063 regnavit,
2814 4990 3096 5045 exsultabit
3126 5000 3267 5043 terra
3295 4990 3371 5055 Ιι⁸;

1840 5100 1902 5139 ac
1930 5100 2164 5147 rursum,
2193 5083 2411 5138 Cantate
2441 5081 2683 5145 Domino,
2709 5081 2873 5134 omnis
2905 5089 3043 5131 terra
3063 5078 3129 5130 “.
3186 5076 3376 5132 Merito

1838 5175 2018 5242 itaque
2046 5174 2211 5241 ipsius
2237 5170 2445 5223 Domini
2473 5186 2594 5225 esse
2639 5180 2780 5224 terra
2813 5168 3010 5221 dicitur
3037 5166 3141 5220 hoc
3170 5166 3333 5220 modo
3358 5185 3371 5221 :

1838 5266 2180 5328 Benedixisti,
2208 5263 2446 5326 Domine,
2481 5270 2674 5314 terram
2700 5272 2863 5314 tuam.
2891 5258 3005 5313 Non
3041 5260 3186 5311 enim
3222 5260 3377 5328 opiliq

1837 5358 1978 5410 cium
2000 5357 2276 5418 duntaxat,
2296 5353 2389 5408 sed
2410 5353 2573 5406 etiam
2600 5351 2871 5422 possessio
2892 5349 3010 5418 ejus
3031 5349 3175 5403 facta
3202 5360 3287 5404 cst
3308 5350 3381 5410 oh

1836 5448 2025 5501 allatas
2054 5446 2299 5514 superius
2321 5458 2533 5498 causas.

2904 5762 2945 5795 3'
2984 5761 3125 5822 Psal.
3166 5774 3299 5822 xcv,
3337 5758 3399 5831 ὶιχ
