3834 6358
159 420 290 485 um
1269 402 1673 477 οοιὶιιιξΝι-Αι

1825 419 1863 472 Ν
1902 417 2229 473 PSALMOS.
3206 420 3339 475 1092

221 535 437 598 Δεῖξον
481 536 650 607 ἡμῖν,
678 538 873 607 Κύριε,
906 539 972 592 τὸ
1004 537 1174 604 ἔλεός
1206 554 1319 592 σου
1353 538 1448 592 καὶ
1486 540 1550 591 τὸ
1589 553 1701 591 σω-
1728 584 1735 593 .

1869 536 2033 592 Vens.
2068 537 2121 591 8.
2165 534 2385 591 Ostende
2425 534 2605 599 nobis,
2652 535 2899 600 Domine,
2932 536 3340 591 misericordiam

153 631 368 698 τήριόν
399 644 515 682 σου
536 629 690 695 δῴης
722 630 879 698 ἡμῖν.
905 632 1021 682 Ἔτι
1054 630 1145 683 καὶ
1177 630 1346 683 ταῦτα
1366 633 1394 682 6
1420 630 1667 699 Προφήτη

1830 644 1970 692 uam,
1991 637 2039 681 et
2060 628 2293 680 salutare
2312 637 2455 679 tuum
2477 627 2547 679 da
2576 626 2743 682 nobis.
2778 627 2876 681 Hic
2895 627 3052 681 etiam
3071 628 3339 697 Propheta

150 720 402 789 εὔχεται,
433 719 687 773 ἱκετεύων
720 719 1105 789 καταξιωθῆναι
1130 720 1221 773 καὶ
1244 720 1399 782 αὐτὸς
1421 719 1664 788 ὀφθαλμοῑ

1820 719 2075 785 precando
2109 718 2333 781 insistit,
2364 724 2423 770 ut
2457 718 2571 786 ipse
2596 733 2809 786 quoque
2834 717 3027 787 dignus
3058 718 3334 783 habeatur,

153 810 507 879 παραλαϐεῖν
538 809 606 861 τὰ
633 811 884 878 μέλλοντα
916 810 1127 862 ἔσεσθαι
1166 811 1251 863 διὰ
1282 810 1374 861 τοῦ
1410 810 1587 871 ἐλέους
1616 825 1667 860 το

1824 810 1895 877 ιιιὶ
1920 825 1980 863 ea
2026 825 2143 878 qum
2165 824 2261 878 per
2286 808 2710 863 misericordiam
2741 807 2831 862 Dei
2858 816 3145 870 eventura,
3195 822 3338 875 qum-

147 896 322 961 Θεοῦ,
348 897 384 950 ἂ
407 896 471 965 δὴ
492 898 549 948 ἐν
573 900 683 959 τοῖς
707 898 955 967 ἀνωτέρω
974 898 1383 967 προεφήτεύετο.
1407 895 1659 967 Ιιαρακαλ

1825 913 1910 965 lue
1934 906 2087 952 antea
2114 899 2471 967 praenuntiata
2491 907 2636 962 sunt,
2665 897 2833 952 oculis
2862 896 3137 965 percipiat.
3168 895 3339 966 Rogat

149 987 205 1040 δὲ
241 987 351 1038 καὶ
387 985 487 1053 τῆς
512 984 605 1036 τοῦ
650 986 881 1055 Χριστοῦ
914 990 992 1049 είς
1027 988 1337 1057 ἀνθρώπους
1370 987 1663 1056 ὲπιλάμψειι

1828 997 1930 1039 tem
1959 994 2017 1039 ut
2046 986 2355 1054 splendendi
2407 986 2547 1040 illius
2598 985 2796 1039 Christi
2835 985 2901 1037 ad
2944 984 3189 1037 homines
3240 982 3337 1037 ad-

145 1077 345 1145 τυχεῖν
371 1114 387 1138 ,
433 1075 521 1128 διά
574 1076 669 1129 τοῦ
710 1077 963 1144 φάσκειν·
1006 1078 1111 1131 Καὶ
1146 1080 1209 1131 τὸ
1262 1080 1551 1145 σωτήριόν
1595 1092 1659 1129 σί

1825 1086 1997 1130 rentus
2026 1078 2139 1146 ipse
2169 1092 2392 1130 consors
2412 1075 2688 1137 efﬁciatur,
2716 1089 2836 1127 cum
2866 1075 2971 1136 ait,
3003 1072 3071 1125 Et
3108 1074 3339 1126 salutare

146 1165 321 1231 δῴης
348 1165 516 1234 ἡμῖν.
546 1166 738 1234 Σαφῶς
768 1168 823 1219 δὲ
860 1168 922 1219 τὸ
960 1170 1219 1238 σωτήριον
1264 1169 1421 1221 αὐτὸν
1460 1164 1595 1220 εἶναι
1621 1168 1660 1219 τὲ

1830 1184 1951 1221 uum
1980 1167 2048 1221 da
2072 1168 2237 1221 nobis.
2273 1166 2516 1221 Salutare
2545 1174 2726 1219 autem
2754 1165 2883 1219 illud
2916 1164 3189 1219 Christum
3218 1178 3340 1219 esse

149 1256 401 1325 Χριστὸν
462 1255 695 1320 ἐδίδαξεν
726 1259 754 1309 6
808 1256 1025 1326 Συμεὼν
1072 1260 1128 1309 ὲν
1177 1261 1285 1321 τοῖς
1337 1258 1663 1324 Εὑαγγελίοις

1824 1261 1950 1314 :lare
1979 1261 2134 1315 docet
2163 1261 2215 1313 in
2245 1259 2545 1329 Evangeliis
2569 1257 2785 1311 Simeon
2814 1276 2825 1310 :
2858 1256 2971 1325 qui,
3002 1254 3129 1311 Jesu
3164 1256 3338 1310 adhuc

148 1344 340 1399 λαϐὼν
370 1345 505 1412 γοῦν
542 1346 678 1414 μετὰ
704 1348 887 1415 χεῖρας
918 1346 994 1397 ἔτι
1023 1348 1209 1415 νήπιον
1236 1348 1359 1399 ὄντα
1378 1347 1465 1399 τὸν
1487 1346 1662 1415 Ἰησοῦ

1830 1351 2012 1406 nt‘ante
2040 1353 2093 1404 in
2126 1352 2269 1405 ulnis
2303 1357 2543 1419 accepto,
2574 1348 2705 1402 dixit
2735 1367 2748 1401 :
2789 1346 2941 1401 Nunc
2972 1346 3189 1400 dimittis
3229 1361 3339 1399 ser-

144 1430 275 1487 εἷπε
298 1451 317 1466 '
360 1435 496 1488 Νῦν
516 1436 801 1500 ἀπολύεις
828 1436 932 1489 τὸν
978 1436 1199 1489 δοῦλόν
1237 1453 1350 1489 σου
1372 1476 1385 1498 ,
1419 1436 1658 1489 δέσποτα

1826 1459 1925 1495 ium
1984 1452 2168 1503 tuum,
2221 1441 2472 1503 Domine,
2520 1439 2797 1493 secundum
2846 1438 3051 1491 verbum
3082 1447 3226 1490 tuum
3284 1436 3340 1488 in

148 1522 309 1576 κατὰ
358 1523 471 1576 τὸν
512 1525 697 1593 λόγον
741 1540 853 1577 σου
908 1525 976 1576 ἐν
1013 1524 1235 1592 εἰρήνῃ.
1286 1527 1402 1577 Ὅτι
1458 1522 1618 1577 εἶδον
1658 1556 1662 1573 ‹

1821 1548 1948 1586 nuce.
1981 1532 2116 1596 Quia
2153 1532 2385 1584 viderunt
2428 1530 2564 1583 oculi
2621 1530 2717 1581 mei
2774 1528 3003 1580 salutare
3060 1536 3205 1580 tuum
3268 1526 3335 1579 ".

148 1614 463 1681 ὀφθαλμοί
511 1631 628 1681 μου
656 1612 722 1666 τὸ
755 1614 1049 1681 Σωτήριόν
1089 1630 1223 1668 σου.
1270 1615 1436 1668 Τοῦτο
1465 1612 1554 1668 οῦν
1584 1618 1662 1667 αὑ·

1831 1621 2039 1689 dipsum
2088 1619 2270 1672 videre
2308 1625 2553 1687 peroptat
2582 1615 2849 1685 Propheta
2882 1634 2894 1669 :
2946 1615 3066 1669 ideo
3097 1612 3340 1667 Salvator

153 1707 248 1768 καὶ
287 1706 322 1756 ὁ
356 1705 656 1775 Προφήτης
681 1705 804 1757 ίδείν
843 1705 1053 1773 εὔχεται
1074 1722 1086 1736 ⁸
1118 1705 1197 1757 διό
1234 1724 1393 1777 φησιν
1435 1709 1462 1759 6
1489 1707 1667 1775 Σωτήρ

1825 1712 1903 1773 iit,
1932 1709 2087 1761 Multi
2116 1709 2372 1776 propheta:
2397 1718 2446 1761 et
2464 1707 2598 1776 justi
2626 1707 2890 1759 voluerunt
2920 1706 3224 1772 videre-qum
3253 1720 3339 1756 vos

152 1795 388 1859 Πολλοί
424 1794 719 1862 προφῆται
753 1795 849 1848 καὶ
870 1795 1078 1848 δίκαιοι
1106 1796 1480 1864 ἐπεθύμησαν
1500 1796 1645 1849 ἰδεῖν

1825 1797 2011 1861 ιὶάειίε,
2040 1806 2089 1850 ει
2118 1814 2218 1849 non
2242 1796 2472 1848 viderunt
2502 1796 2567 1848 δι.
2592 1824 2657 1832 -
2678 1792 2841 1847 Vens.
2876 1794 2929 1846 9.
2964 1791 3189 1844 Audiam
3216 1791 3339 1859 quid

152 1854 337 1954 ὗμεῖς
362 1854 655 1949 βλὲπὲτὲ,
688 1884 782 1937 καὶ
809 1887 916 1938 οὐκ
950 1881 1128 1939 εἶδον.
1163 1854 1503 1953 Ἀκούσομαι
1532 1886 1588 1937 τι
1606 1889 1666 1938 λι

1832 1897 2045 1957 cquetur
2085 1889 2139 1939 in
2172 1903 2250 1938 me
2303 1886 2552 1938 Dominus
2596 1884 2771 1945 Deus,
2814 1884 3056 1952 quoniam
3108 1884 3342 1950 loquetur

148 1976 342 2041 λήσει
361 1976 435 2028 ἐν
455 1975 584 2043 ἐμοὶ
612 1975 821 2041 Κύριος
840 1977 872 2027 ό
902 1974 1061 2039 Θεὸς,
1086 1975 1171 2027 ὅτι
1191 1975 1441 2040 λαλήσει
1468 1974 1662 2041 εἰρήνη

1825 1995 1982 2032 ιαοειη
2011 1979 2065 2030 in
2089 1978 2280 2045 plebem
2300 1993 2471 2041 suam,
2493 1985 2540 2028 et
2582 1976 2635 2027 in
2684 1984 2889 2027 sanctos
2919 1990 3038 2026 suos
3069 1981 3117 2026 et
3169 1974 3223 2025 in
3254 1989 3339 2025 eos

147 2066 250 2117 ἐπὶ
293 2064 411 2118 τὸν
430 2063 584 2118 λαὸν
608 2064 809 2128 αὑτοῦ,
851 2064 947 2116 καί
973 2066 1067 2117 ἐπὶ
1102 2066 1240 2131 τοὺς
1282 2067 1487 2131 ὁσίους
1507 2068 1661 2119 αὐτοὶ

1828 2071 1896 2137 yui
1922 2077 2281 2123 convertuntur
2306 2067 2475 2120 corde.
2505 2065 2791 2133 Postquam
2818 2072 3067 2133 precatus
3102 2072 3185 2117 est
3210 2063 3342 2115 Pro-

150 2158 250 2211 καὶ
299 2158 406 2210 ἐπὶ
440 2156 583 2221 τοὺς
614 2156 1072 2223 ἐπιστρέφοντας
1114 2156 1381 2224 καρδίαν.
1410 2156 1664 2227 Εὐξάμενι

1827 2160 2000 2225 Jheta,
2053 2169 2234 2212 certus
2280 2174 2337 2212 se
2389 2156 2777 2211 exaudiendum
2825 2169 2978 2216 esse,
3032 2154 3245 2208 silentio
3283 2168 3341 2206 se

144 2250 176 2300 6
199 2244 527 2317 Προφήτης,
556 2246 621 2313 τῇ
646 2246 818 2313 σιωπῇ
847 2244 1033 2297 ἑαυτὸν
1054 2245 1399 2316 παραδίδωσι,
1423 2246 1658 2298 πιστεύοι

1826 2249 1995 2303 '.radit.
2030 2247 2167 2301 Hinc
2195 2249 2322 2301 dum
2352 2246 2754 2315 responsionem
2783 2250 3079 2312 exspectat,
3117 2257 3236 2297 sese
3260 2242 3340 2296 sic

150 2334 695 2404 ὲπακουσθήσεσθαι.
713 2330 842 2385 Εἶτα
873 2334 1237 2404 προσδοκήσας
1266 2335 1602 2405 ἀποκρίσεως
1623 2354 1664 2388 τι

1827 2338 2100 2407 alloquitur
2132 2356 2145 2390 :
2179 2335 2323 2390 Talis
2374 2334 2473 2388 fuit
2528 2335 2763 2404 precatio
2810 2347 2961 2398 mea;
2992 2331 3099 2400 jam
3133 2342 3341 2399 tempus

148 2430 271 2496 χεῖν
328 2442 496 2494 φησιν
542 2424 702 2486 αὐτὸς
742 2423 874 2493 πρὸς
918 2424 1102 2476 αὐτόν’
1138 2423 1219 2476 Τά
1276 2425 1370 2494 μὲν
1412 2426 1508 2494 τῆς
1551 2425 1662 2495 εύχὶ

1829 2432 1895 2482 est
1922 2434 1982 2480 ut
2013 2424 2271 2495 Spiritum
2324 2432 2569 2479 sanctum
2600 2423 2847 2486 audiam,
2894 2429 2948 2477 et
2988 2422 3056 2475 ab
3105 2420 3196 2475 illo
3231 2421 3343 2475 edi-

151 2534 245 2585 μοι
277 2514 513 2566 τοιαῦτα
550 2512 766 2585 γέγονε·
794 2512 978 2583 καιρὸς
1003 2512 1058 2565 δὲ
1089 2512 1268 2566 λοιπὸν
1297 2514 1590 2568 ἐπακοῦσαι
1620 2532 1665 2567 τι

1830 2531 1981 2581 team,
2013 2515 2143 2584 quid
2173 2515 2240 2569 de
2265 2528 2395 2584 pace
2440 2513 2619 2583 p0puli
2666 2514 2749 2567 sui
2808 2521 2862 2567 et
2914 2512 2980 2565 de
3010 2511 3076 2565 iis
3103 2511 3194 2580 qui
3250 2526 3344 2579 per

149 2604 325 2670 ἁγίου
352 2600 696 2670 Πνεύματος,
737 2602 826 2653 καὶ
879 2600 1064 2669 μαθεῖν
1100 2603 1226 2672 παρ’
1254 2603 1413 2655 αὑτοῦ
1444 2604 1494 2655 τί
1534 2604 1663 2673 μέλλ

1830 2608 2085 2663 Zbristum
2142 2622 2299 2661 suum
2354 2604 2694 2659 convertendi
2746 2610 2902 2665 sunt,
2958 2602 3344 2656 vaticinaturus

152 2689 448 2751 θεσπίζειν
482 2690 726 2759 περὶτῆς
753 2691 970 2759 εἰρήνης
992 2690 1083 2743 τοῦ
1102 2691 1227 2743 λαοῦ
1254 2692 1434 2756 αὑτοῦ,
1472 2695 1563 2746 καὶ
1594 2712 1666 2762 πεγ

1831 2696 1905 2751 sit.
1944 2694 2145 2750 Deinde
2192 2710 2318 2749 vero
2366 2703 2646 2762 postquam
2710 2692 2926 2760 paulum
2993 2690 3233 2747 substitit
3291 2697 3345 2744 et

149 2784 264 2834 τῶν
317 2780 622 2851 μελλόντων
653 2779 741 2835 διὰ
766 2780 857 2833 τοῦ
897 2781 1126 2853 Χριστοῦ
1160 2782 1319 2835 αὑτοῦ
1356 2784 1662 2853 ἐπιστρέφει

1832 2785 2035 2855 ιιιίενὶῐ,
2099 2784 2301 2853 Spiritu
2356 2782 2536 2836 divino
2608 2780 2871 2850 repletur;
2951 2790 3003 2833 et
3075 2780 3177 2833 sub
3234 2777 3346 2831 haec

153 2870 299 2925 Εἶτα.
333 2869 509 2941 βραχύ
534 2888 586 2922 τι
602 2870 960 2939 ἐφησυχάσας,
987 2870 1280 2941 πληροῦται
1300 2872 1390 2924 τοῦ
1410 2872 1667 2942 Πνεύματ‹

1833 2876 2147 2946 prophetiam
2190 2875 2298 2929 edit
2338 2874 2421 2928 his
2453 2872 2666 2928 verbis:
2703 2902 2766 2911 -
2800 2870 2960 2925 Vens.
3009 2870 3095 2923 10.
3134 2869 3347 2922 Verum-

148 2964 248 3015 τοῦ
290 2962 467 3024 θείου,
524 2960 619 3013 καὶ
664 2960 987 3030 προφητεύει
1031 2960 1156 3029 ἑξῆς
1205 2955 1305 3014 ὧδέ
1350 2980 1463 3024 πως
1519 2962 1662 3030 λέγω

1835 2977 1988 3019 famen
2020 2980 2173 3032 prope
2202 2965 2433 3023 timentes
2463 2978 2579 3016 eum
2613 2963 2842 3016 salutare
2860 2961 3044 3028 ipsius,
3069 2968 3124 3011 ut
3145 2958 3349 3012 inhabi~

151 3050 343 3117 Πλὴν
365 3048 549 3117 ἐγγὺς
568 3047 684 3100 τῶν
704 3046 1077 3115 φοϐουμένων
1109 3048 1291 3101 αὐτὸν
1332 3049 1398 3101 τὸ
1428 3048 1665 3116 σωτῆρι(

1836 3066 1889 3109 ἐι
1914 3056 2081 3125 gloria
2124 3056 2177 3108 in
2209 3064 2345 3107 terra
2395 3062 2593 3107 nostra.
2626 3051 2721 3106 His
2748 3059 2922 3105 autem
2950 3051 3183 3104 declarat
3210 3049 3350 3116 jam-

146 3141 379 3205 αὑτοῦ,
416 3127 526 3192 τοῦ
558 3136 1013 3204 κατασκηνῶσαι
1040 3135 1221 3199 δόξαν
1241 3137 1309 3189 ἐν
1338 3136 1411 3203 τῇ
1430 3135 1505 3205 γῆ
1534 3137 1658 3206 mai)

1840 3161 1926 3198 am
1955 3144 2303 3199 adventurum
2342 3142 2649 3207 hominibus
2678 3156 2814 3205 esse
2861 3139 3097 3194 salutare
3140 3135 3254 3199 Dei,
3282 3137 3349 3191 de

154 3230 485 3303 ἰέαρίστησι
517 3227 574 3281 δὲ
600 3226 688 3280 διὰ
711 3226 932 3289 τούτων,
961 3226 1081 3277 ὅσον
1113 3226 1317 3281 οὐδέπω
1353 3226 1560 3295 μέλλειν
1605 3228 1668 3278 ὲπ

1831 3250 1926 3305 quo
1965 3234 2212 3302 superius
2234 3232 2347 3286 haec
2375 3232 2692 3300 precabatur
2722 3246 2736 3280 :
2772 3227 2993 3284 Ostende
3032 3226 3198 3291 nobis,
3234 3224 3345 3277 Do-

155 3319 471 3390 στήσεσθαι
497 3314 799 3388 ἀνθρώποις
827 3314 887 3367 τὺ
917 3315 1174 3384 σωτήριον
1198 3313 1287 3365 τοῦ
1326 3313 1477 3375 Θεοῦ,
1500 3316 1626 3384 περὶ
1659 3334 1669 3363 ι

1836 3324 1974 3384 niue,
2010 3320 2415 3377 misericordiam
2445 3330 2607 3383 tuam,
2636 3328 2683 3373 et
2718 3317 2947 3372 salutare
2977 3326 3121 3368 tuum
3150 3315 3220 3366 da
3258 3330 3350 3367 no-

155 3410 434 3481 ἀνωτέρω
487 3406 687 3478 ηὔξατο
719 3403 909 3457 εἰπών’
958 3402 1157 3466 Δεῖξον
1205 3402 1376 3469 ἡμῖν,
1410 3403 1607 3468 Κύριε,
1656 3420 1669 3453 ι

1838 3416 1917 3467 νὶε.
1936 3413 2047 3466 lloc
2062 3414 2235 3481 ipsum
2260 3406 2612 3478 salutare'jam
2633 3407 2932 3477 proximum
2977 3420 3097 3459 esse
3118 3404 3352 3458 declarat

154 3503 343 3564 ἔλεός
374 3514 515 3559 σου,
538 3495 636 3549 καὶ
662 3494 725 3547 τὸ
754 3490 1041 3558 σωτήριόν
1070 3506 1182 3544 σου
1205 3488 1361 3557 δῴηης
1394 3490 1551 3559 ἡμῖν.
1586 3490 1668 3541 Αύλ

1837 3519 1883 3556 ιο
1913 3504 2144 3557 vicinum
2169 3502 2478 3556 timentibus
2510 3514 2629 3554 eum
2650 3538 2665 3561 ,
2706 3499 2988 3568 ipsumque
3019 3510 3199 3550 veram
3231 3510 3351 3549 esse

152 3594 222 3662 δὴ
258 3586 365 3643 οὖν
402 3587 563 3639 τοῦτό
600 3602 727 3655 φησι
762 3584 822 3636 τὸ
858 3584 1125 3653 Σωτήρων
1152 3580 1380 3647 ἔγγιστα
1425 3581 1666 3650 τυγχάνει

1838 3606 2037 3645 :ausam
2070 3606 2168 3643 cur
2216 3590 2382 3660 gloria
2427 3588 2686 3642 inhabitet
2730 3594 2782 3639 et
2820 3585 3161 3639 tabernacula
3188 3588 3352 3651 ponat

156 3683 256 3733 καὶ
315 3675 549 3747 πλησίον
586 3675 685 3743 ήδη
711 3672 803 3733 καὶ
837 3672 999 3738 ἐγγὺς
1039 3669 1145 3722 τῶν
1185 3668 1523 3738 φοϐουμένων
1568 3669 1670 3721 αύτι

1845 3699 1879 3735 ιι
1918 3689 2059 3735 terra
2081 3688 2284 3736 nostra.
2322 3679 2375 3733 Id
2402 3687 2579 3733 autem
2605 3677 2771 3731 moris
2795 3691 2915 3730 esse
2960 3674 3248 3743 Scriptura:
3278 3672 3354 3725 di-

154 3768 338 3836 εἷνσιι,
364 3767 541 3821 αἴτιον
583 3764 819 3833 ὑπάρχον
854 3760 946 3814 τοῦ
994 3760 1405 3830 κατασκηνῶσαι
1440 3757 1590 3821 δόξαν
1634 3776 1667 3810 κ

1842 3773 1977 3836 linat,
2008 3779 2067 3824 ut
2094 3772 2362 3825 Christum
2390 3769 2481 3823 Dei
2526 3769 2763 3823 salutare
2800 3776 3091 3833 nuncupet,
3119 3780 3259 3833 sape
3302 3772 3356 3817 et

158 3860 519 3930 σκηνώματα
574 3855 831 3923 συστῆσαι
860 3854 917 3905 ὲν
944 3854 1009 3923 τῇ
1040 3854 1111 3921 γῇ
1154 3850 1323 3921 ἡμῶν.
1360 3848 1516 3911 Ἐθος
1560 3848 1616 3900 δὲ
1659 3865 1672 3895 π

1840 3864 2067 3931 pluribus
2092 3861 2577 3931 comprobavimus.
2610 3857 2763 3923 Quod
2803 3872 2930 3911 sane
2981 3857 3081 3909 hoc
3127 3856 3179 3908 in
3219 3854 3354 3908 vati—

156 3954 295 4023 θείᾳ.
338 3950 535 4020 Γραφῇ
568 3946 657 3997 τὸν
701 3943 927 4013 Χριστὸν
958 3941 1049 3993 τοῦ
1082 3940 1211 3993 Θεοῦ
1249 3942 1508 4010 σωτήριον
1532 3941 1670 4008 ὀνομέ

1844 3951 1967 4003 :inio
2010 3949 2331 4009 declaratur,
2363 3946 2567 4000 scilicet
2587 3945 2706 3997 loco
2736 3941 2930 4010 prioris
2961 3940 3210 4001 infamias,
3239 3953 3358 4008 quae

158 4043 311 4108 ζειν,
348 4038 612 4098 πολλάκις
659 4036 755 4087 διά’
776 4034 979 4086 πολλῶν
1026 4032 1398 4101 ἀπεδείξαμεν.
1429 4032 1493 4083 Ὃ
1535 4030 1599 4099 δὴ
1639 4046 1672 4080 κ

1846 4039 2139 4094 dololatria:
2182 4050 2422 4105 tempore
2466 4036 2521 4091 in
2565 4041 2705 4086 terra
2752 4029 3084 4091 versabatur,
3136 4028 3358 4095 gloriam

156 4133 262 4184 νῦν
310 4126 589 4189 θεσπίζων
630 4126 657 4176 6
707 4124 879 4191 λόγος,
918 4122 1148 4195 παρίστη
1180 4121 1439 4175 διδάσκων
1476 4120 1594 4172 ἀντὶ
1633 4118 1670 4169 τέ

1847 4128 2021 4181 bidem
2056 4114 2435 4185 habitaturam,
2459 4130 2511 4177 et
2538 4118 2879 4174 tabernacula
2907 4117 3089 4186 gloriae
3129 4116 3238 4169 Dco
3263 4129 3359 4183 per

159 4220 453 4293 προτέρας
484 4215 705 4283 ἀτιμίας
728 4217 822 4280 τῆς
852 4213 987 4267 κατά
1012 4212 1104 4281 τὴν
1134 4209 1564 4280 εἰδωλολατρείαν
1601 4209 1673 4260 ὑπ

1843 4217 2186 4286 :vangelicam
2213 4215 2511 4269 doctrinam
2541 4212 2853 4269 referenda,
2877 4208 3074 4275 ubique
3094 4214 3357 4258 terrarum

161 4314 389 4378 στάσης
437 4309 499 4358 ὲν
530 4308 594 4374 τῇ
623 4306 691 4372 γῇ
726 4302 878 4367 δόξαν
902 4305 957 4354 ὲν
996 4303 1128 4370 αὐτῇ
1159 4299 1610 4370 κατασκηνώσειν,
1638 4315 1675 4349 κι

1846 4308 2037 4377 igenda
2082 4324 2220 4362 esse.
2276 4304 2582 4359 Secundum
2629 4303 2741 4355 haec
2788 4298 3005 4352 modum
3050 4298 3220 4365 aperit
3253 4310 3360 4363 quo

162 4400 525 4472 σκηνώματα
563 4392 831 4462 πανταχοῦ
888 4393 987 4461 γῆς
1035 4390 1404 4461 ἱδρυθήσεσθαι
1450 4388 1602 4458 δόξης
1633 4388 1676 4438 τί

1843 4398 2093 4465 promissa
2115 4393 2427 4464 complenda
2463 4399 2609 4454 sunt,
2634 4389 2717 4449 his
2743 4386 2920 4441 verbis
2947 4404 2959 4438 :
2984 4415 3054 4425 —
3077 4384 3241 4463 Vens.
3272 4382 3357 4435 11.

154 4494 247 4563 τῷ
293 4490 419 4561 Θεῷ
452 4486 541 4540 διὰ
577 4486 674 4554 τῆς
713 4482 1059 4550 εύαΠελικῆς
1095 4481 1428 4541 διδασκαλίας
1473 4476 1664 4531 ἀνατεθ

1846 4486 2192 4541 Misericordia
2225 4496 2272 4538 et
2315 4484 2501 4537 veritas
2536 4481 2859 4534 obviaverunt
2908 4476 3028 4540 sibi,
3078 4473 3288 4543 justitia
3313 4482 3360 4525 et

162 4582 446 4652 σομένης.
507 4571 640 4628 Εἶτα
688 4573 891 4634 τούτοις
948 4570 1072 4639 ἑξῆς
1118 4570 1207 4622 τὸν
1251 4570 1471 4639 τρόπον,
1511 4567 1631 4620 καθ’
1675 4594 1676 4605 η

1848 4594 1934 4631 tax
1965 4577 2209 4631 osculata:
2252 4584 2390 4627 sunt.
2439 4571 2533 4625 llis
2580 4584 2741 4639 porro
2774 4567 2927 4621 binas
2958 4564 3362 4634 conjugationes

160 4672 409 4743 ἔμελλεν
458 4660 1012 4734 ἀποπληρωθήσεσθαι
1061 4658 1127 4711 τὰ
1167 4658 1573 4728 ἐπηγγελμένα,
1618 4659 1674 4710 διε

1850 4665 2096 4719 :oaluisse
2125 4664 2300 4727 docet,
2331 4675 2555 4729 quarum
2590 4658 2759 4726 prima
2792 4662 2876 4709 est
2909 4652 3290 4708 misericordia)
3311 4658 3364 4702 et

162 4763 347 4830 σαφεῖ
391 4759 605 4825 λέγων·
643 4755 847 4816 Ἔλεος
890 4749 985 4802 καί
1040 4748 1285 4813 ἀλήθεια
1324 4746 1676 4813 συνήντησα

1850 4756 2103 4819 reritatis;
2136 4753 2370 4809 secunda
2396 4765 2540 4813 vero,
2568 4748 2789 4817 justitia:
2816 4755 2870 4800 et
2912 4744 3082 4815 pacis.
3105 4743 3364 4797 Occurre-

162 4849 549 4913 δικαιοσύνη
595 4844 692 4899 καὶ
718 4842 922 4909 εἰρήνη
964 4838 1386 4905 κατεφίλησαν.
1419 4837 1520 4890 Δύο
1548 4836 1612 4907 δὴ
1649 4839 1676 4890 δ

1852 4852 1980 4909 ειιιιι,
2016 4844 2210 4912 inquit,
2252 4848 2458 4904 mutuo,
2493 4838 2803 4906 amicasque
2845 4834 3197 4890 salutationes
3236 4847 3366 4885 con-

161 4942 393 4997 τούτων
421 4934 679 5002 συζυγίας
708 4930 1144 5001 φησὶν-ἀλλήλαις
1169 4927 1574 4997 συνηντηκέναι,
1606 4921 1675 4981 ὧν

1850 4935 2073 4989 ;ulerunt
2117 4952 2131 4988 :
2170 4932 2354 4987 oscula
2390 4929 2653 4985 dederunt
2689 4928 2850 4984 simul
2895 4926 3117 4995 iustitia:
3154 4931 3208 4977 et
3247 4922 3364 4992 paci

164 5030 384 5103 πρώτη
400 5026 597 5088 τελέους
626 5020 694 5093 ἦν
722 5022 815 5076 καὶ
844 5019 1115 5088 ἀληθείας,
1144 5020 1177 5089 ή
1204 5018 1259 5071 δὲ
1291 5016 1512 5087 δευτέρα
1539 5017 1678 5071 δικαι

1851 5021 2035 5081 veritas
2060 5028 2112 5074 et
2140 5018 2525 5075 misericordia.
2554 5016 2710 5071 Unde
2746 5031 2872 5069 vero
2902 5013 3153 5083 profecta:
3179 5020 3365 5065 mutuo

164 5102 357 5189 σύνης
399 5117 497 5171 καί⁵
538 5114 777 5183 εἰρήνης.
813 5110 1147 5177 Συνήντησαν
1178 5107 1444 5176 ἀλλήλαις,
1468 5106 1617 5176 φησὶ,
1647 5124 1678 5159 κ

1849 5112 2194 5175 occurrerint,
2244 5109 2537 5165 secundum
2586 5111 2698 5161 haec
2738 5105 2973 5159 declarat
3018 5103 3102 5156 his
3140 5102 3363 5156 verbis:

168 5210 443 5285 φιλικοὺς
495 5206 814 5271 ἀσπασμοὺς
841 5199 1234 5255 ἀποδεδώκασι’
1282 5196 1639 5265 κατεφίλησὸω
1678 5216 1682 5229 ι

1855 5234 1905 5243 -
1926 5202 2088 5257 Vens.
2123 5204 2209 5255 12.
2252 5201 2451 5253 Veritas
2481 5198 2542 5251 de
2570 5208 2705 5251 terra
2728 5204 2843 5249 orta
2870 5202 2964 5256 est,
2996 5202 3043 5246 et
3064 5193 3279 5260 justitia
3306 5192 3369 5246 de

163 5282 330 5371 όμοῦ
351 5298 453 5367 τήν
486 5292 827 5362 δικαιοσύνην
848 5290 939 5342 καὶ
968 5290 1065 5359 τὴν
1098 5289 1314 5359 εἰρήνην
1341 5288 1373 5352 ἡ
1402 5285 1622 5354 ἀλήθεια
1648 5303 1677 5337 κ

1858 5294 1963 5349 εωιο
1984 5292 2264 5362 prospexit.
2284 5289 2477 5358 Utpote
2498 5289 2657 5358 igitur
2678 5302 2744 5340 ex
2762 5298 2952 5353 magna
2971 5282 3372 5350 intercapedine

168 5390 246 5451 τὸ
279 5386 452 5447 ἕλεος.
492 5375 659 5435 Πόθεν
689 5380 745 5431 δὲ
767 5378 1089 5447 ἀφικόμεναι
1113 5373 1361 5444 ἀλλήλαις
1389 5374 1682 5443 συνήντησα

1860 5392 2028 5439 nutuo
2056 5389 2459 5441 concurrentes,
2496 5394 2614 5433 sese
2650 5375 2877 5429 invicem
2914 5373 3170 5441 amplexae
3198 5379 3255 5425 et
3286 5388 3374 5427 os-

172 5477 363 5535 πάλιν
390 5473 597 5534 ὑποϐὰς
626 5469 861 5524 διδάσκει
878 5468 1074 5534 λέγων·
1116 5463 1375 5529 Ἀλήθεια
1406 5463 1475 5515 ἐκ
1501 5463 1610 5531 τῆς
1634 5465 1686 5535 71‘

1866 5476 2032 5528 :ulatte
2060 5479 2206 5533 sunt,
2241 5469 2366 5523 hinc
2404 5469 2618 5537 justitia
2645 5479 2766 5535 qua:
2805 5463 2871 5516 de
2911 5462 3047 5516 coelo
3085 5462 3139 5514 in
3173 5468 3380 5516 terram

168 5566 489 5628 ἀνέτειλε,
516 5562 612 5615 καὶ
650 5559 992 5625 δικαιοσύνη
1032 5558 1098 5610 ἐκ
1130 5555 1231 5609 τοῦ
1271 5554 1525 5618 οὐρανοῦ
1551 5554 1682 5611 suo:

1872 5562 2137 5632 .rospcxit,
2178 5559 2300 5615 inde
2337 5560 2537 5615 veritas
2581 5571 2701 5628 quae
2747 5552 2813 5608 de
2856 5552 2961 5607 imo
2988 5551 3100 5606 sive
3133 5550 3200 5605 dc
3235 5558 3386 5605 terra

259 5745 318 5774 δ”
359 5741 487 5796 Luc.
526 5755 603 5802 ιι,
637 5736 725 5800 29,
747 5735 833 5788 50.
907 5734 947 5765 ⁸¹
990 5730 1169 5785 Matth.
1206 5743 1336 5791 xm,
1371 5727 1455 5780 Π.
