3834 6390
124 363 289 415 1025
1303 352 1787 418 COMMENTARlA
1830 363 1897 417 IN
1934 354 2265 420 PSALMOS.
3199 370 3335 432 loss

117 480 274 553 τέρᾳ
303 480 401 549 γῇ,
439 478 585 546 λέγω
610 479 665 532 δὲ
695 483 759 550 τῇ
806 480 910 532 τῶν
940 480 1243 550 ἀνθρώπων
1272 482 1578 552 οἰκουμένῃ,
1616 482 1681 534 διε

1803 483 1869 535 de
1898 483 2034 536 caelo
2067 482 2276 552 justitia
2307 480 2373 534 ad
2401 494 2517 535 eam
2542 480 2795 537 accedere
2815 482 3030 551 dignata
3051 484 3178 539 est?
3200 488 3335 544 Cum

114 573 226 641 τῆς
280 570 397 621 τῶν
443 572 926 640 προφητευομένων
982 570 1253 632 ἐκϐάσεως
1293 572 1538 641 συνέστη.
1592 573 1681 623 Kal

1797 570 1907 624 hinc
1929 579 2103 624 autem
2133 570 2313 623 omnia
2335 584 2366 623 a
2394 568 2500 624 Deo
2522 571 2742 624 deﬁnita
2774 581 2827 625 et
2856 576 3210 640 praenuntiata
3233 594 3333 632 au-

116 661 251 723 πῶς
300 661 419 731 γὰρ
457 660 557 712 οὐκ
607 661 803 730 ἡμελλε
850 660 1209 729 κατασκηνοῦν
1256 661 1380 726 δόξα
1420 663 1476 713 ἐν
1518 664 1581 730 τῇ
1627 664 1681 729 γῆ

1796 658 1984 724 disset,
2042 666 2163 727 post
2202 658 2399 711 editam
2446 659 2741 712 orationem
2782 662 2893 713 haec
2942 661 3264 739 vaticinatur
3315 684 3331 719 :

112 752 319 822 ήμῶν,
353 753 445 804 ὅτε
474 750 648 803 καὶτὸ
686 754 942 821 σωτήριον
967 750 1058 802 τοῦ
1103 749 1287 813 αὑτοῦ,
1315 750 1472 812 αὐτὸς
1506 753 1533 802 ό
1564 752 1681 820 Χρι-

1794 747 2019 801 Audiam
2044 749 2165 819 quid
2191 748 2427 816 loquetur
2445 749 2499 801 in
2520 764 2599 801 me
2624 748 2876 802 Dominus
2900 748 3041 803 Deus
3064 768 3083 814 ,°
3110 753 3334 823 ideoque

114 842 252 903 στδς
280 841 481 902 αὐτοῦ,
506 840 599 891 καὶ
624 840 656 908 ἠ
683 839 739 903 ἐξ
760 839 983 909 ούρανοῦ
1006 838 1332 908 δικαιοσύνη,
1362 839 1557 907 ταύτης
1582 841 1681 890 ἐπι⁴

1795 839 1987 908 pergit,
2009 841 2249 907 quoniam
2271 840 2503 907 loquetur
2522 855 2697 905 pacem
2719 840 2770 892 in
2798 839 2992 908 plebem
3015 858 3186 897 suam.
3209 843 3333 898 Hec

112 931 294 999 ϐῆναι
335 926 680 998 κατηξίωσε;
721 928 900 981 Ταῦτα
937 929 991 981 δὲ
1039 929 1209 981 πάντα
1257 929 1557 991 ἐπακούσας
1602 929 1681 981 τοί

1794 943 1920 982 vero
1948 944 2051 997 pax
2081 936 2193 981 tum
2231 929 2426 997 pepulo
2463 943 2718 983 concessa
2748 938 2851 991 est,
2888 945 3006 983 cum
3040 935 3333 988 misericor-

109 1018 260 1071 Θεοῦ
299 1018 699 1087 προορίσαντος
724 1020 814 1070 καὶ
854 1018 1277 1088 προλαλήσαντος
1308 1019 1399 1069 ἐπὶ
1449 1018 1538 1070 τὸν
1571 1018 1681 1071 λαὸι

1793 1016 1882 1069 dia
1913 1026 1961 1069 et
1988 1020 2172 1071 veritas
2202 1018 2527 1071 obviaverunt
2558 1019 2677 1082 sibi,
2706 1019 2918 1087 justitia
2957 1029 3006 1072 et
3049 1036 3152 1088 pax
3185 1040 3336 1077 oscu-

114 1107 332 1171 αὐτοῦ,
364 1107 611 1170 θεσπίζει
638 1108 771 1177 μετά
797 1108 891 1177 τὴν
918 1108 1097 1177 εὐχὴν,
1126 1108 1317 1161 εἰπών·
1357 1110 1681 1175 Ἁκούσομαλ

1796 1106 1915 1159 latae
1942 1116 2081 1161 sunt.
2125 1107 2253 1171 Quae
2302 1122 2423 1161 cum
2466 1108 2539 1161 ita
2577 1123 2635 1162 se
2669 1109 2919 1173 habeant,
2966 1126 3087 1164 cum
3123 1128 3185 1166 ea
3215 1129 3334 1183 quae

114 1198 175 1249 τί
207 1197 497 1263 λαλήσει
520 1198 732 1264 Κύριος
751 1200 784 1249 ό
808 1200 978 1262 Θεός⁶
1005 1198 1083 1249 διὸ
1102 1198 1373 1267 ἐπήγαγεν
1403 1198 1551 1267 ἑξῆς·
1578 1198 1681 1249 Ὅτι

1795 1194 2063 1263 PrOpheta
2096 1204 2344 1264 precatus
2374 1196 2564 1262 fuerat,
2600 1205 2711 1251 tum
2735 1213 2794 1251 ea
2827 1215 2944 1267 quae
2975 1209 3098 1253 ante
3131 1205 3333 1256 oratio-

112 1284 406 1351 λαλήσει
436 1286 684 1352 εἰρήνην
702 1286 798 1338 ἐπὶ
822 1287 928 1338 τὸν
958 1287 1108 1339 λαὸν
1140 1288 1338 1340 αὑτοῦ.
1382 1286 1524 1355 Αὕτη
1575 1286 1631 1339 δὲ
1661 1289 1681 1353 'l

1792 1297 1914 1335 nem
1945 1284 2169 1348 dixerat,
2198 1299 2456 1339 concessa
2487 1284 2656 1339 fuere.
2690 1284 2823 1338 Nam
2844 1288 3113 1340 benedixit
3141 1288 3320 1342 Domi-

111 1376 330 1445 εἰρήνη
360 1374 556 1442 γέγονε
579 1374 654 1443 τῷ
675 1375 806 1444 λαῷ,
829 1376 914 1427 ὅτε
934 1375 992 1427 τὸ
1007 1376 1149 1438 ἔλεος
1168 1377 1305 1445 καὶή
1332 1376 1549 1447 ἀλήθεια
1573 1394 1681 1428 συν-

1792 1386 1893 1424 nus
1934 1379 2130 1425 terram
2174 1388 2349 1437 suam,
2381 1373 2749 1427 misericordia
2777 1382 2830 1427 et
2866 1376 3084 1429 veritate
3116 1391 3178 1429 ac
3206 1378 3333 1430 reti-

116 1468 406 1534 ήντησαν,
443 1466 477 1534 ῆ
515 1482 573 1517 τε
601 1465 904 1535 δικαιοσύνη
930 1467 1021 1517 καὶ
1046 1469 1077 1535 ή
1101 1468 1284 1536 εἰρήνη
1315 1466 1681 1537 κατεφίλησαν.

1792 1462 1912 1530 quis
1938 1462 2189 1530 dignatus
2223 1477 2360 1528 eam;
2382 1463 2513 1531 quin
2548 1465 2706 1517 etiam
2739 1465 3035 1516 animarum
3068 1465 3329 1518 humana-

114 1551 221 1609 Ὧν
240 1556 432 1618 οὕτως
460 1552 709 1624 ἐχόντων,
742 1557 833 1607 καὶ
854 1555 921 1607 τά
957 1556 1051 1625 τῆς
1078 1556 1240 1625 εὐχῆς
1267 1557 1573 1610 ἀποδέδοται
1600 1556 1681 1607 τοῦ

1792 1566 1907 1601 rum
1942 1551 2302 1617 captivitatem
2335 1552 2546 1616 avertit,
2584 1552 2758 1605 soluto
2802 1552 2938 1604 bello
2968 1553 3224 1620 quolibet,
3265 1569 3328 1608 ac

114 1646 451 1715 Προφήτου,
492 1648 588 1697 καὶ
609 1646 677 1697 τά
713 1646 815 1715 πρὸ
841 1647 938 1714 τῆς
965 1646 1125 1714 εὐχῆς
1146 1647 1421 1716 εἰρημένα.
1458 1648 1564 1698 Καὶ
1586 1647 1681 1715 γὰρ

1792 1641 2134 1694 reconciliata
2176 1656 2322 1708 pace,
2357 1640 2645 1710 fractisque
2678 1643 2908 1697 vinculis
2954 1658 3015 1695 ac
3055 1645 3326 1712 compedi-

112 1736 397 1805 εύδόκησε
439 1734 646 1804 Κύριος
671 1734 764 1804 τὴν
798 1736 898 1803 γῆν
932 1736 1115 1797 αὐτοῦ,
1162 1736 1497 1799 καταξιώσας
1524 1737 1681 1805 αὐτὴν

1795 1730 1896 1783 bus
1920 1746 2012 1798 per
2037 1740 2314 1799 peccatum
2340 1732 2593 1785 inductis.
2619 1731 2971 1795 Quamobrem
2996 1732 3119 1785 huic
3142 1732 3322 1786 dicto:

114 1826 315 1887 ἐλέους
347 1825 446 1877 καὶ
479 1824 734 1894 ἀληθείας
769 1827 860 1877 καὶ
880 1825 984 1876 τῶν
1007 1824 1236 1877 λοιπῶν*
1270 1826 1402 1878 ἀλλά
1426 1827 1517 1879 καὶ
1556 1826 1681 1878 ἀπέ-

1790 1821 2038 1873 Avertisti
2063 1821 2409 1887 captivitatem
2431 1819 2615 1882 Japob,
2645 1821 2786 1873 istud
2811 1821 3151 1889 subjungitur
3181 1839 3194 1873 :
3229 1820 3328 1873 Re-

116 1917 334 1986 στρεψε
382 1914 483 1985 τὴν
536 1915 905 1984 αἰχμαλωσίαν
935 1914 1041 1968 τῶν
1092 1915 1436 1985 ἀνθρωπίνων
1487 1915 1681 1984 ψυχῶν,

1790 1910 1982 1961 misisti
2036 1910 2333 1978 iniquitates
2364 1909 2496 1977 plebi
2553 1919 2685 1971 tuas,“
2728 1920 2778 1962 et
2827 1910 2954 1962 illud
3002 1925 3013 1959 :
3066 1910 3325 1976 Operuisti

116 2002 295 2068 λύσας
340 2005 442 2075 μὲν
473 2006 651 2058 πάντα
690 2003 937 2073 πόλεμον,
967 2005 1321 2075 χαρισάμενος
1353 2005 1407 2057 δὲ
1432 2004 1526 2074 τὴν
1545 2006 1681 2074 εἰρή-

1789 2000 1959 2051 omnia
1991 2008 2199 2065 peccata
2224 2015 2422 2054 eorum.
2461 1998 2592 2051 Nam
2650 1999 2854 2052 reditus
2883 2012 2948 2052 ex
2993 2000 3322 2067 captivitate,

114 2112 239 2166 νην,
280 2096 385 2149 καὶ
417 2095 714 2166 διαρρήξας
749 2095 872 2157 τοὺς
905 2096 1151 2163 δεσμοὺς,
1181 2095 1273 2148 καὶ
1319 2096 1441 2157 τοὺς
1483 2095 1681 2157 κλοιοὺς

1787 2103 1894 2141 non
1925 2089 2030 2142 alio
2054 2103 2212 2158 quam
2233 2104 2330 2157 per
2378 2088 2755 2143 remissionem
2800 2097 3134 2157 peccatorum
3165 2089 3323 2143 modo

115 2188 246 2249 τοὺς
288 2186 408 2240 ἀπὸ
434 2187 535 2255 τῆς
573 2185 841 2255 ἁμαρτίας
878 2184 1276 2253 ὲγγενομένους.
1303 2184 1391 2235 Διὸ
1434 2184 1527 2236 καὶ
1569 2201 1681 2236 συν-

1787 2186 1972 2246 partus
1996 2186 2098 2231 est.
2127 2176 2279 2242 Quod
2319 2184 2497 2231 autem
2543 2178 2655 2230 haec
2688 2191 2783 2245 per
2813 2176 3099 2230 adventum
3132 2176 3324 2231 Serva-

115 2278 298 2346 ἧπται
329 2274 431 2344 τῷ,
470 2272 868 2339 Ἀπέστρεψας
896 2272 1007 2338 τὴν
1037 2271 1444 2339 αἰχμαλωσίαν
1476 2271 1681 2335 Ἰακὼϐ,

1787 2269 1919 2321 toris
1948 2269 2117 2320 nostri
2147 2268 2213 2322 ad
2233 2267 2475 2321 eﬂ‘ectum
2498 2267 2724 2321 deducta
2758 2267 2885 2331 sint,
2914 2269 3027 2336 ipse
3062 2268 3116 2319 in
3147 2269 3321 2322 Evan-

117 2364 198 2429 τὸ,
258 2363 531 2432 Ἀςσῆκας
598 2362 702 2426 τὰς
736 2362 979 2429 ἀνομίας
1017 2360 1096 2424 τῷ
1127 2359 1250 2424 λαῷ
1294 2376 1443 2423 σου,
1486 2360 1579 2412 καὶ
1608 2361 1681 2423 τὸ¹

1786 2357 1935 2425 geliis
1969 2357 2168 2421 docuit,
2231 2372 2351 2409 cum
2400 2364 2620 2424 accepto
2657 2356 2804 2410 Isaia:
2847 2356 3001 2418 libro,
3039 2364 3319 2425 postquam

128 2452 494 2519 Ἐκάλυψας
526 2450 728 2514 πάσας
768 2453 871 2514 τὰς
907 2449 1187 2517 ἁμαρτίας
1241 2448 1452 2501 αὐτῶν.
1494 2449 1555 2499 Ἦ
1583 2450 1681 2520 γὰρ

1786 2447 2000 2514 legisset
2036 2446 2164 2499 illud
2197 2465 2209 2498 :
2243 2444 2466 2513 Spiritus
2517 2446 2719 2498 Domini
2761 2462 2914 2513 super
2961 2462 3059 2508 me,
3088 2462 3146 2499 eo
3185 2446 3319 2514 quod

114 2541 439 2611 ἐπιστροφὴ
482 2539 582 2608 τῆς
615 2538 981 2607 αἰχμαλωσίας
1022 2539 1118 2590 οὐκ
1146 2537 1315 2599 ἄλλως
1357 2538 1681 2609 ἀπετελέσθη

1784 2538 1989 2587 unxerit
2020 2552 2117 2599 me,
2152 2536 2502 2603 evangelizare
2529 2535 2839 2602 pauperibus
2878 2536 3020 2587 misit
3060 2552 3157 2600 me,
3185 2550 3321 2603 pra:-

112 2631 147 2701 ἢ
176 2632 244 2684 δι’
279 2630 542 2698 ἀφέσεως
571 2628 678 2680 τῶν
698 2626 994 2697 ἀμαρτιῶνι
1026 2626 1144 2679 Ὅτι
1172 2627 1226 2678 δὲ
1270 2628 1361 2679 καὶ
1396 2626 1565 2679 ταῦτα
1601 2628 1681 2682 διὰ

1783 2625 1959 2679 dicare
1986 2628 2200 2693 captivis
2224 2627 2574 2680 dimissionem
2604 2628 2669 2690 ⁸⁷,
2694 2634 2745 2679 et
2772 2634 2996 2691 caetera;
3034 2626 3211 2679 intulit
3235 2627 3319 2681 his

115 2726 213 2794 τῆς
258 2720 368 2773 τοῦ
416 2719 665 2788 Σωτῆρος
708 2717 863 2786 ἡμῶν
910 2716 1223 2783 ἐπιφανείας
1263 2715 1446 2777 τέλους
1479 2717 1682 2785 ἔτυχεν,

115 2812 283 2872 αὐτὸς
318 2808 563 2872 ἐδίδαξεν
600 2810 657 2859 ἐν
688 2808 797 2867 τοῖς
828 2804 1189 2871 Εύαγγελίοις,
1223 2805 1330 2865 ὅτε,
1375 2804 1547 2856 λαϐὼν
1590 2806 1685 2873 τὴν

119 2900 314 2968 βίϐλον
344 2896 442 2949 τοῦ
477 2897 718 2956 Ἡσαΐου,
754 2893 845 2945 καὶ
895 2892 1152 2958 ἀναγνοὺς
1182 2892 1260 2956 τὸ,
1300 2891 1535 2959 Πνεῦμα
1568 2897 1681 2944 Κυ-

1783 2909 1949 2962 genus
1977 2894 2252 2947 hominum
2285 2895 2410 2947 olim
2446 2894 2804 2961 captivitatem
2840 2909 3053 2962 passum
3100 2910 3220 2948 esse
3249 2895 3318 2947 ah

112 2997 246 3060 ρίου
288 2992 390 3043 ἐπ’
420 2988 545 3057 ἐμὲ,
581 2983 651 3041 οὗ
692 2986 917 3038 εἵνεκεν
953 2980 1153 3049 ἕχρισέ
1184 2997 1276 3048 με,
1305 2979 1681 3047 εὐαγγελίσα-

1782 2984 2135 3036 invisibilibus
2158 2984 2408 3045 inimicis,
2444 2999 2567 3037 vere
2598 2983 2689 3036 Dei
2736 2983 3001 3046 hostibus,
3048 2984 3100 3035 in
3144 2983 3318 3035 idolo-

116 3086 256 3137 σθαι
283 3078 553 3147 πτωχοῖς
575 3074 914 3129 ἁπέσταλκέ
924 3088 1017 3139 με,
1035 3069 1278 3136 κηρῦξαι
1298 3067 1681 3162 αἰχμαλώτοις

1782 3070 1990 3122 latriam
2050 3078 2102 3123 et
2131 3072 2185 3122 in
2214 3072 2385 3137 turpia
2411 3071 2589 3123 omnia
2625 3069 2932 3138 nefariaque
2964 3086 3124 3138 opera
3152 3072 3317 3138 pelle-

119 3172 372 3239 ἄφεσιν,
408 3170 503 3219 καὶ
537 3167 605 3217 τὰ
661 3164 816 3232 ἑξῆς,
866 3162 1157 3228 ἐπήνεγκεν
1190 3154 1352 3210 εἰπών
1377 3174 1389 3186 ·
1422 3157 1681 3223 Σήμερον

1782 3166 1959 3222 ctum;
1992 3173 2162 3226 neque
2196 3167 2475 3211 cunctetur
2511 3174 2628 3212 eam
2653 3174 2865 3227 gravem
2890 3160 3187 3211 animarum
3214 3175 3310 3212 ca-

1782 2716 1958 2769 verhis
1987 2735 1999 2767 :
2039 2715 2204 2769 Hodie
2228 2717 2437 2784 impleta
2463 2724 2539 2769 est
2572 2716 2679 2769 Izwc
2721 2715 2991 2783 Scriptura
3020 2717 3072 2768 in
3104 2716 3316 2769 auribus

1783 2804 1961 2855 vestris
1992 2804 2057 2857 ⁸⁸.
2093 2803 2187 2857 llis
2216 2807 2262 2857 si
2298 2805 2419 2871 quis
2452 2804 2688 2857 animum
2716 2803 2985 2869 adhibeat,
3020 2804 3163 2857 dicat
3188 2819 3319 2858 sane

118 3258 511 3324 πεπλήρωται
539 3248 576 3318 ἡ
610 3251 814 3319 Γραφὴ
855 3250 1004 3313 αὕτη
1038 3250 1106 3300 ἐν
1148 3245 1271 3312 τοῖς
1307 3246 1452 3299 ὠσὶν
1493 3246 1674 3312 ὑμῶν.

121 3351 179 3401 Εἰ
207 3350 250 3400 δ’
287 3342 388 3399 οὖν
420 3341 687 3413 ἐννοήσειέ
713 3357 814 3403 τις,
836 3338 974 3389 εἴποι
1004 3336 1067 3389 ἂν
1087 3337 1146 3388 τὸ
1175 3337 1326 3403 γένος
1344 3334 1449 3387 τῶν
1478 3333 1679 3404 ἀνθρὼ-

123 3454 235 3489 πων
265 3435 448 3487 πάλαι
481 3432 739 3501 πρότερον
760 3426 1124 3496 αἰχμαλωσίαν
1164 3424 1264 3476 ὑπὸ
1294 3422 1398 3474 τῶν
1437 3422 1677 3491 ἀοράτων

120 3524 429 3594 πολεμίων,
454 3520 564 3573 τῶν
590 3518 800 3588 ἀληθῶς
819 3515 1021 3585 ἐχθρῶν
1044 3512 1133 3566 τοῦ
1151 3512 1302 3575 Θεοῦ,
1325 3510 1677 3564 καθελκυσθὲν

121 3619 196 3678 εἰς
227 3608 703 3676 εἰδωλολατρείας,
738 3605 831 3658 καὶ
872 3603 1044 3664 πάσας
1086 3600 1306 3670 πράξεις
1335 3599 1558 3669 αἰσχρὰς
1587 3599 1677 3650 καὶ⁹

124 3705 448 3775 ἀθεμίτους,
482 3701 581 3751 ούκ
612 3698 674 3750 ἂν
701 3696 913 3764 ὀκνήσει
949 3691 1123 3760 δεινὴν
1151 3689 1349 3759 ταύτην
1387 3690 1545 3756 φάναι
1578 3687 1677 3756 ψυ-

121 3796 228 3865 χῶν
288 3787 671 3861 αἰχμαλωσίαν
700 3824 713 3848 ,
761 3780 831 3853 ἦς
886 3779 1191 3842 ἀπαλλάξας
1240 3779 1331 3829 καὶ
1376 3776 1681 3846 ἐλευθέρους

119 3881 614 3953 καταστησάμενος
658 3876 803 3944 ἡμᾶς
838 3874 866 3924 ό
908 3870 1092 3940 Σωτὴρ
1122 3869 1214 3921 καὶ
1255 3866 1453 3937 Κύριος
1488 3867 1637 3936 ἡμῶν
1661 3905 1676 3932 ,

120 3975 319 4043 ἄφεσίν
355 3988 418 4024 τε
441 3968 531 4022 διὰ
550 3963 771 4035 λουτροῦ
800 3960 1203 4029 παλιγγενεσίας
1235 3958 1473 4012 παλαιῶν
1501 3959 1677 4028 πλημ-

1783 3250 2076 3318 ptivitatem
2111 3251 2478 3319 pronuntiare,
2521 3265 2625 3317 qua
2660 3264 2781 3302 cum
2812 3264 2911 3302 nos
2939 3249 3223 3316 eripuisset
3259 3247 3317 3299 lin

1783 3338 2044 3405 herosque
2076 3339 2444 3391 constituisset
2478 3337 2725 3391 Salvator
2752 3347 2802 3390 et
2826 3336 3081 3391 Dominus
3105 3344 3313 3402 noster,

1781 3438 2035 3478 concessa
2065 3440 2158 3493 per
2200 3426 2467 3477 lavacrum
2510 3425 2928 3493 regenerationis
2963 3425 3313 3492 pristinorum

1781 3511 2039 3565 scelerum
2065 3519 2116 3564 et
2139 3512 2466 3579 impietatum
2494 3513 2645 3565 venia
2672 3527 2734 3564 ac
2760 3512 3097 3576 remissione,
3128 3522 3315 3567 auctor

1778 3600 1934 3654 nobis
1966 3599 2067 3653 fuit
2122 3602 2413 3669 gratiarum
2456 3601 2682 3655 actionis
2734 3602 2788 3654 in
2853 3602 3057 3671 psalmo
3105 3604 3312 3671 positas,

1778 3694 1850 3746 ita
1884 3701 1940 3745 ut
1976 3708 2077 3747 nos
2123 3710 2333 3763 quoque
2388 3695 2567 3747 dicere
2608 3694 2880 3747 valeamus
2918 3714 2930 3747 :
2975 3694 3312 3759 Benedixisti,

1787 3784 2028 3846 Domine,
2065 3794 2254 3837 terram
2297 3795 2436 3837 tuam
2459 3824 2472 3847 ,
2505 3785 2734 3836 avertisti
2762 3786 3106 3852 captivitatem
3128 3783 3310 3840 Iacob.

1779 3873 2051 3927 Remisisti
2112 3876 2408 3943 iniquitates
2456 3872 2615 3942 plebis
2660 3884 2781 3938 tuae,
2843 3874 3090 3940 aperuisti
3140 3876 3313 3928 omnia

1778 3970 1985 4027 peccata
2022 3978 2219 4015 eorum.

123 4063 461 4134 μελημάτων
494 4056 588 4111 καὶ
622 4054 770 4106 λύσιν
838 4051 1109 4122 προτέρων
1144 4050 1495 4119 ἀσεϐημάτων
1531 4048 1839 4119 παρασχὼν,
1908 4053 2075 4115 αἴτιος
2116 4054 2245 4124 ἡμῖν
2281 4052 2507 4124 κατέστη
2550 4054 2645 4122 τῆς
2706 4055 2762 4105 ἐν
2796 4053 2872 4122 τῷ
2935 4052 3130 4123 ψαλμῷ
3160 4053 3316 4122 εὐχα-

123 4154 360 4221 ριστίας,
389 4151 469 4211 ὡς
504 4144 758 4199 δύνασθαι
800 4142 898 4195 καὶ
942 4144 1091 4210 ἡμᾶς
1120 4142 1326 4208 λέγειν⁸
1365 4140 1730 4208 Εὐδόκησας,
1780 4146 1972 4210 Κύριε,
2007 4144 2121 4213 τὴν
2167 4144 2281 4214 γῆν
2330 4159 2464 4208 σου,
2517 4145 2890 4211 ἀπέστρεψας
2946 4144 3058 4210 τὴν
3110 4147 3314 4212 αἰχμα-

121 4244 363 4297 λωσίαν
403 4236 617 4293 Ἰακώϐ.
656 4233 903 4301 Ἀςρῆκας
945 4232 1050 4297 τὰς
1077 4233 1320 4300 ἀνομίας
1364 4232 1467 4286 τοῦ
1515 4234 1663 4287 λαοῦ
1700 4246 1835 4299 σου,
1856 4235 2165 4304 exsiluit-ag
2186 4236 2382 4302 πάσας
2407 4237 2511 4302 τὰς
2543 4237 2823 4305 ἁμαρτίας
2851 4234 3064 4288 αὐτῶν.

192 4351 305 4406 Καὶ
346 4352 461 4417 γὰρ
498 4349 531 4398 ό
559 4346 766 4412 Κύριος
791 4342 965 4394 δώσει
996 4342 1383 4410 χρηστότητα,
1414 4344 1509 4397 καὶ
1532 4345 1570 4410 ή
1599 4343 1673 4413 γῆ

122 4443 295 4511 ἡμῶν
323 4438 507 4492 δώσει
537 4434 644 4487 τόν
683 4431 909 4501 καρπὸν
951 4435 1153 4501 αῠτης.
1226 4433 1395 4487 Πάλαι
1430 4435 1545 4504 μὲν,
1589 4436 1677 4487 ὅτε

1848 4348 2007 4405 Vens.
2042 4352 2127 4405 15.
2161 4349 2365 4404 Etenim
2402 4350 2648 4404 Dominus
2678 4350 2821 4401 dabit
2861 4350 3241 4419 benignitatem,
3264 4359 3312 4403 et

1778 4450 1920 4495 terra
1952 4452 2129 4496 nostra
2153 4443 2297 4496 dabit
2326 4444 2552 4512 fructum
2581 4460 2748 4497 suum.
2772 4442 2910 4497 Olim
2942 4445 3156 4513 quidem
3187 4462 3309 4499 cum

125 4533 226 4584 ὑπὸ
255 4529 511 4599 κατάραν
548 4520 615 4593 ἦν
644 4525 675 4592 ἡ
703 4522 795 4590 γῆ,
837 4521 1070 4584 ἀκάνθας
1102 4522 1193 4574 καὶ
1221 4524 1491 4592 τριϐόλους
1527 4526 1674 4594 ἔφυε,

1782 4530 1880 4582 sub
1902 4530 2183 4584 maledicto
2206 4541 2343 4584 terra
2374 4540 2535 4596 esset,
2569 4532 2751 4598 spinas
2778 4546 2839 4584 ac
2863 4533 3092 4587 tribulos
3120 4534 3312 4602 germi-

126 4620 267 4673 κατὰ
310 4616 375 4669 τὸ
433 4612 737 4683 εἰρημένον·
798 4611 1242 4679 Ἐπικατάρατος
1278 4614 1317 4679 ἢ
1353 4614 1428 4683 γῆ
1466 4616 1534 4668 ὲν
1560 4616 1681 4682 τοῖς

125 4710 322 4777 ἔργοις
352 4722 494 4766 σου,
520 4702 782 4766 ἀκάνθας
812 4702 905 4754 καὶ
930 4704 1233 4770 τριϐόλους
1262 4704 1542 4760 ἀνατελεῖ
1561 4721 1679 4760 σοι·

126 4803 218 4854 νῦν
251 4802 296 4854 δ’
326 4802 417 4851 ὅτε
457 4795 677 4849 τοιαῦτα
717 4793 893 4860 ἀγαθά
932 4795 1010 4853 είς
1048 4793 1212 4863 αὐτὴν
1255 4795 1523 4863 ἐλήλυθεν,
1555 4798 1682 4849 ἁκο-

125 4893 333 4955 λούθως
362 4889 460 4942 καὶ
486 4885 620 4955 αὐτὴ
649 4885 737 4937 τὸν
768 4884 1103 4953 προσήκοντα
1140 4885 1345 4953 καρπὸν
1381 4887 1679 4939 ἀποδιδόναι

125 4983 372 5050 λέγεται,
404 4980 502 5033 ἅτε
531 4977 593 5045 δὴ
635 4975 867 5044 τυχοῦσα
896 4974 991 5043 τῆς
1019 4973 1164 5043 παρὰ
1190 4972 1282 5025 τοῦ
1316 4975 1513 5041 Κυρίου
1546 4992 1677 5045 χρη-

131 5076 408 5144 στότητος.
445 5067 669 5138 Καρπὸς
698 5067 754 5118 δὲ
792 5064 1005 5127 ἐπάξιος
1041 5064 1171 5116 Θεοῦ
1202 5063 1297 5115 οὐκ
1326 5063 1550 5116 ἄκανθαι
1583 5067 1675 5118 καὶ

128 5164 389 5234 τρίϐολοι,
426 5159 561 5212 ἀλλά
596 5157 807 5217 πάντως
830 5168 929 5206 που
952 5154 1117 5206 ταῦτα
1146 5155 1210 5206 δι’
1238 5147 1311 5205 ὧν
1338 5154 1675 5219 καταξιοῦται

130 5253 381 5322 εὐλογίας
408 5251 508 5319 τῆς
537 5247 683 5317 παρά
709 5246 800 5298 τοῦ
828 5244 976 5297 Θεοῦ.
1008 5244 1080 5313 Γῆ
1111 5243 1166 5296 δὲ
1195 5241 1227 5313 ή
1261 5240 1452 5293 πιοῦσα
1480 5243 1567 5294 τὸν
1589 5245 1674 5296 ἐπ’

130 5343 303 5411 αὐτῆς
332 5340 623 5410 ἐρχόμενον
660 5335 911 5395 πολλάκις
954 5334 1121 5398 ὑετὸν,
1154 5330 1388 5400 φέρουσά
1424 5348 1482 5382 τε
1520 5332 1675 5399 βοτά.

130 5450 229 5501 νην
250 5431 469 5482 εὔθετον
502 5426 745 5485 ἐκείνοις,
786 5423 850 5475 δι’
876 5422 966 5484 οὒς
1002 5423 1095 5476 καὶ
1123 5422 1460 5507 γεωργεῖται,
1507 5439 1671 5490 μετα-

132 5521 400 5592 λαμϐάνει
425 5516 670 5582 εὐλογίας
703 5514 797 5581 τῆς
831 5512 974 5581 παρὰ
1008 5512 1099 5563 τοῦ
1138 5507 1289 5563 Θεοῦ.
1324 5509 1555 5573 Εἰκότως
1581 5508 1671 5567 οὖν

1778 4618 1962 4681 nabat,
1996 4621 2286 4673 secundum
2322 4620 2448 4672 illud
2485 4639 2495 4672 :
2523 4619 2800 4672 Maledicta
2829 4632 2963 4674 terra
2997 4625 3049 4675 in
3078 4624 3309 4691 operibus

1779 4709 1900 4770 tuis,
1929 4709 2103 4774 spinas
2142 4717 2188 4761 et
2231 4708 2445 4761 tribulos
2477 4710 2783 4776 germinabit
2811 4711 2904 4762 tibi
2931 4712 2976 4742 ⁵³
3004 4729 3017 4765 :
3045 4726 3186 4764 nunc
3215 4726 3308 4762 au-

1775 4804 1903 4861 tem,
1931 4814 2052 4851 cum
2085 4799 2140 4851 in
2159 4814 2220 4855 ea
2252 4799 2434 4851 talium
2468 4799 2727 4853 bonorum
2758 4802 2996 4855 accessio
3028 4800 3164 4853 facta
3204 4808 3305 4861 est,

1778 4903 1808 4941 e
1834 4903 1893 4941 re
1925 4898 2303 4958 congruentem
2336 4891 2530 4944 dicitur
2565 4890 2802 4959 proferre
2832 4889 3059 4942 fructum
3088 4906 3101 4953 ;
3129 4897 3309 4957 utpote

1779 4992 1896 5049 quae
1946 4980 2152 5035 Domini
2194 4982 2569 5050 benignitatem
2622 4988 2909 5033 consecuta
2942 4979 3030 5031 sit.
3077 4977 3307 5033 Fructus

1779 5076 1969 5127 autem.
1992 5070 2100 5125 Deo
2127 5071 2319 5139 dignus
2347 5087 2451 5123 non
2494 5073 2661 5139 spinas
2693 5077 2745 5123 et
2777 5067 2956 5121 tribuli
2990 5074 3115 5121 sunt
3142 5085 3157 5130 ;
3214 5066 3305 5121 sed

1778 5174 1839 5212 ea
1886 5160 2042 5227 plane
2081 5162 2274 5230 quibus
2327 5159 2420 5213 Dei
2471 5160 2893 5214 benedictionem
2946 5158 3137 5211 sortita
3200 5166 3305 5210 est.

1778 5249 1941 5303 Terra
1977 5266 2102 5305 vero
2140 5265 2257 5319 quas
2294 5250 2621 5305 decidentem
2672 5248 2901 5317 pluviam
2935 5248 3130 5315 saepius
3158 5249 3307 5300 exci-

1777 5339 1854 5406 pit
1876 5349 1927 5392 et
1959 5340 2110 5401 bibit,
2136 5354 2197 5391 ac
2224 5338 2518 5392 cultoribus
2545 5339 2657 5394 suis
2676 5346 3055 5405 congruentem
3084 5337 3308 5390 herbam

1776 5428 1997 5497 prol‘ert,
2026 5443 2086 5482 ea
2115 5428 2500 5484 henedietionis
2528 5446 2557 5482 a
2588 5428 2696 5481 Deo
2720 5426 2857 5479 datae
2896 5427 3164 5494 particeps
3202 5435 3308 5480 est.

1773 5516 1900 5573 iure
1932 5532 2058 5587 ergo
2090 5532 2223 5572 nova
2252 5519 2461 5574 cantica
2486 5520 2644 5573 edere
2680 5524 2822 5570 terra
2857 5516 3093 5585 iubetur,
3125 5522 3316 5583 utpote

206 5675 252 5707 ιτ
293 5677 395 5735 [sap
431 5684 554 5734 ικι,
588 5667 638 5720 1,
712 5664 756 5696 ³⁸
794 5661 922 5725 Luc,
954 5678 1021 5727 iv,
1062 5661 1143 5714 18.
1218 5657 1431 5743 η’(ὶεη.
1472 5675 1554 5729 in,
1590 5663 1778 5730 l7,18.
