3834 6382
173 324 327 380 1029

1288 310 1790 377 ιλῡιιιιεκτριιιιει
1828 319 1894 374 1N
1932 300 2273 378 PsALnosf

3237 325 3371 382 1050

167 436 470 506 λεχθεῖσαν
498 432 756 504 πρότασιν
780 433 1028 505 εἰρήσθω.
1057 433 1174 504 Χρὴ
1203 433 1258 486 δὲ
1294 432 1366 502 μὴ
1395 433 1621 499 ἀγνοεῖν,
1652 434 1723 485 ὅτι

1834 434 1968 488 alios
1990 434 2273 502 plerosque
2297 431 2529 503 psalmos
2558 447 2676 489 esse
2697 433 2807 503 qui,
2832 433 3037 498 Oratio,
3063 432 3369 491 inscribun-

168 528 274 580 καὶ
310 525 463 580 ἄλλοι
507 523 721 585 πλείους
762 525 865 575 εἰσὶ
894 523 1239 591 Προσευχῆς
1285 524 1736 593 ἐπιγεγραμμένοι

163 612 409 682 ψαλμοί-
435 612 546 665 ἀλλ’
574 606 725 672 οὗτος
754 614 886 679 μετὰ
918 611 1243 680 προσθήκης,
1286 612 1391 663 τοῦ
1425 614 1619 675 Δαυῒδ,
1657 614 1735 665 εἷ-

168 717 370 769 ρηται⁸
393 700 578 771 ἕτερος
601 699 656 751 δὲ
683 699 1097 767 ἐπιγέγραπται,
1124 700 1431 768 Προσευχὴ
1452 701 1555 753 τοῦ
1575 705 1736 754 Μωῢ-

164 788 255 856 σῆ
287 789 608 857 ἀνθρώπου
636 787 740 839 τοῦ
777 789 937 841 Θεοῦ·
974 790 1061 840 καὶ
1088 788 1258 851 ἄλλος,
1295 790 1603 858 Προσευχὴ
1632 792 1734 844 τοῦ

164 881 447 948 πτωχοῦ,
474 878 621 929 ὅταν
642 878 936 945 ἀκηδιάσῃ
967 878 1060 931 καί
1096 880 1365 932 ἐναντίον
1390 882 1492 934 τοῦ
1520 882 1735 948 Kvplav

161 970 368 1036 ἐκχέῃ
398 968 515 1033 τὴν
541 966 753 1033 δέησιν
775 969 975 1021 αὐτοῦ.
1021 970 1154 1021 Ἀλλ’
1176 970 1247 1032 ὡς
1278 972 1734 1039 ὲπαναὸεὸηκότες

157 1059 267 1121 τὰς
304 1060 369 1110 ὲν
396 1060 463 1126 τῇ
497 1057 704 1125 Παλαιᾷ
730 1058 911 1126 Γραφῇ
947 1060 1262 1127 προσευχὰς,
1294 1061 1342 1111 οἰ
1374 1059 1461 1111 τοῦ
1493 1060 1735 1129 Σωτῆρος

158 1146 337 1216 ἡμῶν
388 1146 691 1202 ἀπόστολοιῖ
720 1147 1095 1215 προσελθόντες
1127 1148 1304 1216 ἠξίουν
1341 1150 1497 1201 αὐτὸν
1534 1150 1735 1215 διδάξαι

159 1237 375 1297 αὐτοὺς
420 1235 847 1304 προσεύχεσθαιο
892 1237 920 1287 ὁ
952 1238 1006 1289 δὲ
1037 1238 1291 1303 διδάσκει,
1342 1240 1517 1309 μόνοις
1554 1243 1732 1306 αὐτοῖς

162 1326 263 1378 καὶ⁹
295 1328 415 1386 τοῖς
446 1325 653 1393 ὁμοίοις
697 1325 1019 1395 κατάλληλον
1050 1328 1368 1397 παραδιδοὺς
1410 1334 1729 1402 προσευχήν.

161 1416 258 1468 Διό
306 1432 447 1485 φησι
496 1415 632 1485 πρὸς
680 1415 891 1477 αὐτούς·
943 1417 1133 1481 Οὕτως
1180 1417 1288 1468 οὖν
1334 1420 1733 1487 προσεύχεσθε

161 1505 363 1573 ὑμεῖς·
399 1504 594 1571 Πάτερ
623 1504 788 1572 ἡμῶν
814 1508 844 1557 d
864 1505 931 1557 ἐν
952 1505 1071 1568 τοῖς
1089 1506 1375 1571 οὐρανοῖς,
1405 1509 1733 1577 ἁγιασθήτω

162 1597 231 1647 τὸ
275 1594 473 1661 ὄνομά
506 1609 643 1657 σου,
685 1596 774 1646 καὶ
814 1594 882 1645 τὰ
926 1596 1068 1663 ἑξῆς.
1118 1598 1380 1659 Ἕκαστος
1414 1594 1504 1649 οὖν
1550 1600 1732 1651 ἑαυτὸν

163 1685 540 1755 δοκιμαζέτω,
582 1687 690 1737 εἴτε
720 1684 863 1748 ἄξιός
899 1686 1060 1749 ἐστιν,
1094 1687 1167 1749 ὡς
1202 1688 1299 1758 ἤδη
1342 1690 1452 1750 υἱὸς
1478 1690 1605 1741 Θεοῦ
1643 1708 1732 1758 γε·

1836 531 1959 588 tur;
1991 524 2083 577 sed
2113 523 2201 575 bic
2228 537 2353 576 cum
2394 524 2497 578 hoc
2546 524 2929 590 additamento,
2962 527 3196 592 Davidis,
3244 547 3371 599 pro-

1834 611 2042 679 fertur;
2075 613 2210 667 alius
2260 613 2304 644 “
2356 628 2482 667 vero
2512 615 2824 669 inscribitur
2868 635 2880 670 :
2930 616 3113 670 Oratio
3168 618 3366 689 Hoysis

1834 700 2051 754 hominis
2084 701 2210 766 Dei;
2234 700 2370 757 alius
2398 703 2464 767 ⁸⁸,
2501 702 2685 757 Oratio
2719 707 2981 773 pauperis,
3018 723 3134 758 cum
3176 711 3366 764 anxius

1834 791 2022 859 fuerit,
2068 801 2117 845 et
2167 793 2219 844 in
2267 802 2535 860 conspectu
2591 794 2795 846 Domini
2882 794 3118 862 effuderit
3169 813 3366 863 precem

1834 898 2001 937 suam.
2027 882 2130 936 Sed
2185 884 2631 951 quemadmodum
2687 887 2913 954 apostoli
2949 885 3242 944 Salvatoris
3274 905 3367 943 no-

1834 972 1929 1025 Stri
1956 1010 1970 1033 ,
2016 971 2226 1026 Veteris
2305 971 2596 1041 Scriptum
2662 976 3000 1030 orationibus
3063 978 3367 1046 superiores

1832 1058 2038 1123 effecti,
2095 1061 2410 1116 accedentes
2457 1063 2717 1132 rogabant
2771 1079 2930 1127 eum,
2972 1075 3030 1118 ut
3074 1080 3131 1120 se
3179 1068 3365 1120 orandi

1832 1148 2045 1200 modum
2079 1149 2355 1213 edoceret;
2402 1150 2491 1203 ille
2532 1166 2659 1204 vero
2705 1151 2837 1220 ipsis
2880 1154 3009 1206 solis
3067 1162 3119 1205 et
3173 1154 3369 1207 simili-

1830 1237 1931 1291 bus
2009 1239 2247 1305 ipsorum
2315 1249 2697 1308 congruentem
2760 1242 2977 1295 tradidit
3030 1243 3363 1306 orationem,

1832 1341 1952 1380 cum
1986 1326 2121 1378 dixit
2149 1327 2274 1389 illis,
2318 1327 2403 1380 Sic
2453 1345 2539 1382 vos
2597 1340 2742 1383 orate
2783 1346 2802 1383 :
2835 1331 2995 1385 Pater
3056 1343 3246 1399 noster,
3278 1335 3367 1403 qui

1830 1432 1882 1468 es
1943 1416 1993 1466 in
2028 1416 2188 1477 cwlis,
2252 1417 2605 1483 sanctiﬁcetur
2670 1434 2853 1471 nomen
2911 1429 3055 1471 tuum
3082 1423 3146 1485 ⁸⁸,
3181 1431 3233 1475 et
3263 1438 3364 1475 ca}-

1830 1512 1973 1568 tera;
2012 1505 2191 1572 itaque
2234 1505 2469 1574 seipsum
2506 1507 2735 1576 quisque
2763 1509 2970 1576 probet,
3008 1527 3136 1563 num
3167 1512 3363 1580 dignus

1830 1594 1920 1659 sit,
1956 1603 2136 1663 utpote
2170 1595 2281 1662 jam
2316 1597 2457 1649 filius
2496 1596 2586 1650 Dei
2622 1596 2865 1660 effectus,
2901 1599 3113 1655 Patrem
3157 1603 3251 1670 qui
3304 1605 3361 1657 in

1829 1684 1979 1737 caelis
2006 1692 2084 1735 est
2120 1684 2389 1748 invocare,
2422 1699 2485 1738 ac
2514 1686 2643 1739 illud
2670 1686 2929 1755 proferre,
2974 1688 3133 1743 Pater
3157 1700 3351 1758 noster,

165 1776 369 1843 γονὼς,
412 1774 507 1826 τὸν
546 1777 604 1827 ὲν
650 1778 761 1837 τοῖς
800 1776 1039 1845 οὐρανοῖς
1081 1778 1445 1831 ἐπικαλεῖσθαι
1492 1781 1723 1850 Πατέρα,

1828 1775 1916 1841 qui
1944 1790 1995 1826 es
2036 1775 2089 1827 in
2117 1776 2277 1839 cretis,
2326 1782 2429 1829 etc.
2471 1776 2623 1839 Quod
2676 1779 2719 1831 si
2762 1778 2883 1831 talis
2930 1795 3034 1833 non
3068 1782 3160 1847 sit,
3210 1770 3361 1837 Curet

165 1867 262 1919 καὶ
296 1866 484 1933 λέγειν
510 1866 592 1926 τὸ,
622 1866 805 1932 Πάτερ
834 1866 997 1933 ἡμῶν
1027 1870 1059 1919 ὁ
1085 1867 1153 1919 ἐν
1176 1868 1299 1933 τοῖς
1321 1870 1611 1936 οὐρανοῖς,
1638 1873 1729 1925 καὶ

162 1956 234 2007 τά
269 1954 428 2024 ἑξῆς.
484 1957 548 2007 Εἰ
597 1956 669 2025 μὴ
717 1955 961 2017 τοσοῦτος
1007 1958 1109 2026 εἴη,
1157 1958 1503 2026 ἀναλέγεσθαι
1556 1963 1728 2033 ἐαυτῷ

167 2047 529 2110 σπουδαζέτω
575 2046 670 2117 τὴν
718 2048 1054 2118 ἁρμόζουσαν
1105 2052 1169 2118 τῇ
1211 2049 1370 2102 αὑτοῦ
1408 2053 1729 2105 καταστάσει

162 2136 488 2207 προσευχὴν
516 2138 623 2190 ἀπό
652 2154 708 2189 τε
736 2138 832 2206 τῆς
862 2137 1039 2206 βίϐλου
1070 2139 1176 2193 τῶν
1199 2140 1439 2211 Ψαλμῶν
1490 2143 1579 2195 καὶ
1623 2144 1728 2196 ἀπὸ

162 2228 274 2279 τῶν
312 2227 674 2297 προφητικῶν
712 2228 916 2295 φωνῶν.
973 2229 1035 2281 Ἠ
1068 2229 1247 2298 μέντοι
1278 2232 1519 2302 παροῦσα
1564 2252 1729 2304 προσ-

163 2320 301 2389 ευχὴ
326 2319 425 2371 τοῦ
447 2318 609 2371 Δαυῒδ
631 2314 763 2371 οὖσα
781 2318 1051 2387 τυγχάνει⁶
1078 2318 1245 2382 οὕτως
1271 2320 1375 2390 γάρ
1394 2323 1728 2392 ἡρμήνευσεν

159 2407 191 2459 ὃ
211 2425 276 2459 τε
323 2407 557 2469 Ἀκύλας
595 2408 688 2459 καὶ
718 2409 744 2458 ὁ
776 2406 1078 2476 Σύμμαχος,
1110 2410 1227 2461 ἀντί¹
1257 2410 1369 2472 τοῦ,
1414 2411 1492 2476 τῷ
1531 2413 1725 2477 Δαυῒδ,

160 2498 271 2551 τοῦ
328 2496 533 2562 Δπῒὸ,
567 2496 862 2567 εἰρηκότες.
909 2501 1062 2551 Δοκεῖ
1106 2499 1160 2551 δὲ
1210 2501 1236 2552 δ
1285 2500 1444 2553 Δαυῖδ
1483 2501 1560 2571 τῷ
1601 2503 1728 2573 θείῳ

163 2587 456 2656 Πνεύματι
497 2588 570 2657 μὴ
603 2587 925 2657 ἠγνοηκέναι
954 2588 1042 2641 τὸν
1079 2591 1203 2659 περὶ
1235 2590 1341 2643 τῶν
1373 2592 1596 2661 πτωχῶν
1624 2593 1727 2646 ὑπὸ

160 2678 257 2731 τοῦ
290 2680 549 2749 Σωτῆρος
587 2678 741 2747 ἡμῶν
770 2679 1050 2748 εἰρημένον
1085 2681 1442 2750 μακαρισμόν·
1477 2681 1553 2734 διὸ
1582 2700 1725 2734 πτω-

161 2770 255 2839 χὸν
284 2770 483 2821 ἑαυτὸν
507 2769 599 2820 καὶ
629 2768 830 2838 πένητα.
861 2769 1119 2837 ὑπάρχειν
1143 2770 1406 2838 ὁμολογεῖ,
1442 2772 1531 2823 καὶ
1557 2773 1726 2825 ταῦτα

164 2859 427 2928 βασιλεὺς
462 2858 538 2911 ὢν
567 2860 659 2910 καὶ
690 2857 895 2927 πλούτῳ
920 2858 1095 2928 πολλῴ
1124 2860 1551 2931 περιρῤεόμενος.
1590 2862 1725 2915 Ἀλλ’

162 2949 358 3019 ἐπειδὴ
388 2949 468 3018 τῷ
502 2948 770 3017 πνεύματι
795 2947 1024 3010 τοιοῦτος
1044 2944 1130 3017 ἦν,
1166 2949 1302 3001 κατὰ
1332 2950 1412 3015 τὸ,
1443 2949 1725 3017 Μακάριοι

157 3046 213 3095 οἱ
245 3042 482 3108 πτωχοὶ
518 3039 598 3102 τῷ
639 3040 942 3107 πνεύματι,
973 3039 1191 3101 εἰκότως
1228 3040 1285 3091 ὲν
1325 3042 1389 3108 τῇ
1433 3044 1721 3111 προσευχῇ,

160 3134 235 3195 ὡς
291 3131 501 3202 ἀρετὰς
550 3128 741 3182 ἑαυτοῦ
810 3129 901 3181 καὶ
942 3128 1008 3180 τά
1051 3127 1439 3198 κατορθώματα
1493 3130 1722 3199 προϐάλ-

160 3224 318 3276 λεται
370 3222 471 3291 τὴν
531 3219 797 3287 πτωχείαν
865 3217 957 3269 καὶ
1020 3219 1221 3270 πενίαν.
1282 3220 1388 3271 Καὶ
1446 3220 1614 3282 ἄλλως
1665 3221 1720 3274 δὲ

161 3315 335 3383 ἐρεῖς,
384 3312 487 3373 ὅτι,
533 3309 719 3376 ὥσπερ
762 3308 1014 3377 Μωῦσῆς,
1069 3308 1245 3377 φωνῆς
1291 3308 1522 3372 ἀκούσας
1567 3310 1718 3374 Θεοῦ,

164 3401 503 3471 ἰσχνόφωνον
535 3398 725 3451 ἑαυτὸν
752 3393 887 3449 εἶναι
919 3396 1197 3464 ὡμολόγει,
1246 3398 1383 3451 κατά
1429 3400 1719 3469 παράθεσιν

160 3495 259 3564 τῆς
296 3493 452 3555 θείας
488 3492 669 3559 φωνῆς
710 3489 864 3542 τοῦτο
902 3491 1092 3560 φήσας·
1130 3489 1267 3543 οὕτω
1299 3492 1386 3543 καὶ
1410 3493 1437 3544 ὁ
1465 3493 1640 3556 Δαυῒδ,
1673 3496 1721 3547 εἰ

161 3584 256 3636 καὶ
308 3581 486 3651 μέγας
528 3576 596 3649 ἦν
649 3580 740 3631 καὶ
786 3578 1032 3641 πλούσιος
1082 3580 1173 3632 καὶ
1223 3580 1379 3649 σοφὸς
1424 3582 1720 3651 ἀνθρώποις

163 3673 619 3743 συγκρινόμενος,
656 3670 770 3723 ἀλλ’
800 3670 1077 3732 ἀνατείνας
1125 3670 1257 3740 πρὸς
1303 3671 1390 3724 τὸν
1435 3672 1563 3724 Θεὸν
1596 3674 1720 3737 τοὺς

158 3765 500 3834 ὀφθαλμοὺς,
532 3763 632 3831 ὁρᾷ
660 3761 842 3813 ἑαυτὸν
865 3760 924 3811 τὸ
946 3760 1105 3828 μηδὲν
1129 3760 1271 3813 δντα’
1302 3762 1391 3813 καὶ
1416 3762 1532 3813 ἐπεὶ
1557 3763 1627 3830 μή
1639 3781 1718 3814 πω

156 3851 225 3925 ἦν
245 3854 479 3914 δυνατὸς
510 3852 722 3921 πατέρα
744 3850 831 3902 τὸν
858 3849 984 3901 Θεὸν
1004 3850 1303 3920 ὀνομάζειν,
1336 3851 1533 3921 Κύριον
1560 3852 1716 3905 αὑτὸν

158 3945 343 4007 καλεῖ,
372 3942 563 3996 δούλου
600 3940 778 4010 χώραν
814 3940 998 3993 ἑαυτὸν
1039 3940 1249 4011 ἐπέχειν
1292 3942 1579 4012 σημαίνων.
1607 3939 1716 3994 Εἶθ’

158 4036 234 4099 ὡς
263 4034 434 4097 αὐτὸς
469 4032 642 4102 μένων
672 4032 817 4084 κάτω
849 4048 947 4082 που
980 4032 1071 4084 καὶ
1095 4033 1151 4084 ὲν
1192 4030 1353 4100 βυθῷ,
1388 4031 1478 4083 τοῦ
1507 4032 1561 4084 δὲ
1585 4031 1715 4084 Θεοῦ

153 4126 314 4187 ὄντος
337 4128 396 4176 ὲν
420 4123 565 4191 ὕψει,
599 4122 769 4174 κλῖναι
796 4121 883 4172 τὸν
911 4121 1038 4172 Θεὸν
1065 4121 1287 4173 ἱκετεύει
1313 4122 1370 4173 τὸ
1393 4117 1482 4183 οὖς
1503 4119 1711 4174 ἑαυτοῦσ

157 4212 252 4266 ᾶτε
307 4215 382 4283 μὴ
432 4210 689 4264 τοσοῦτον
744 4210 867 4279 βοᾷν
913 4211 1201 4280 δυνάμενος
1246 4212 1329 4263 διὰ
1382 4212 1475 4281 τὴν
1517 4212 1716 4264 οἰκείαν

1828 1864 1988 1917 statui
2013 1880 2110 1919 suo
2131 1874 2507 1934 congruentem
2532 1869 2825 1923 orationem
2854 1866 3103 1937 deligere,
3129 1886 3193 1925 ex
3221 1872 3361 1925 libro

1827 1952 2161 2008 Psalmorum
2193 1963 2246 2009 et
2274 1971 2338 2009 ex
2371 1958 2698 2025 propheticis
2743 1960 2967 2013 vocibus
2999 1960 3360 2031 desumptam.

1826 2042 1949 2097 Haec
1976 2044 2139 2113 igitur
2162 2045 2335 2098 oratio
2367 2044 2583 2100 Davidis
2613 2054 2696 2100 est
2723 2068 2736 2101 :
2760 2062 2883 2101 nam
2910 2050 2989 2102 sic
3020 2052 3359 2119 explicarunt

1826 2134 2019 2201 Aquila
2046 2140 2098 2186 et
2133 2131 2505 2203 Symmachus,
2534 2135 2625 2202 qui
2659 2150 2755 2203 pro
2784 2137 2897 2194 illo.
2931 2136 3141 2202 Davidi,
3183 2140 3357 2195 inter-

1825 2225 2017 2293 pretati
2048 2234 2190 2283 sunt.
2230 2223 2460 2279 Davidis.
2513 2225 2735 2281 Videtur
2763 2226 2924 2295 porro
2954 2227 3143 2291 David,
3173 2229 3357 2285 divino

1827 2312 2032 2367 amatus
2063 2312 2285 2383 Spiritu,
2319 2316 2707 2372 beatitudinem
2753 2318 2897 2371 illam
2929 2318 2995 2372 de
3025 2321 3354 2389 pauperibus

1827 2415 1857 2453 a
1890 2400 2162 2457 Salvatore
2188 2414 2373 2459 nostro
2407 2408 2666 2474 prolatam
2697 2423 2803 2460 non
2846 2407 3124 2477 ignorasse
3151 2430 3161 2462 :
3190 2426 3355 2479 quare

1826 2505 1884 2543 se
1910 2504 2196 2559 pauperem
2223 2502 2275 2546 et
2306 2494 2515 2562 inopem
2545 2509 2663 2548 esse
2693 2494 2910 2558 fatetur,
2934 2497 3143 2551 etiamsi
3174 2512 3265 2551 rex
3292 2513 3355 2553 ac

1825 2578 2023 2632 divitiis
2072 2579 2364 2635 instructus
2416 2582 2599 2635 multis
2631 2590 2793 2636 esset.
2847 2582 2950 2637 Sed
2990 2585 3114 2653 quia
3161 2586 3354 2654 spiritu

1824 2666 1944 2721 talis
1972 2675 2086 2721 erat
2110 2668 2405 2723 secundum
2441 2669 2594 2735 illud,
2624 2670 2776 2723 Beati
2802 2686 3047 2740 pauperes
3075 2673 3262 2740 spiritu
3276 2676 3351 2741 ⁶⁷;

1824 2760 2017 2811 merito
2055 2766 2423 2828 paupertatem
2463 2768 2515 2813 et
2566 2761 2803 2830 inepiam
2850 2762 2989 2815 inter
3036 2763 3263 2818 virtutes
3300 2774 3355 2818 et

1824 2856 1969 2903 recte
2021 2848 2159 2913 facta
2205 2864 2301 2904 sua
2346 2852 2399 2903 in
2448 2852 2691 2906 oratione
2742 2861 3006 2908 recenset.
3063 2854 3182 2908 Alio
3228 2856 3353 2909 item

1822 2940 1981 2993 modo
2017 2941 2250 3007 dixeris;
2294 2942 2429 2995 sicut
2476 2941 2705 3011 Moyses,
2739 2943 2919 2996 audita
2966 2943 3057 2997 Dei
3105 2961 3253 3009 voce,
3297 2961 3356 3001 se

1821 3050 2201 3105 balbutientem
2231 3066 2353 3107 esse
2398 3050 2684 3116 fatebatur,
2720 3054 2880 3120 idque
2921 3053 3131 3109 dicebat
3168 3072 3351 3110 vocem

1826 3157 1975 3197 suam
2035 3156 2155 3195 cum
2217 3142 2397 3195 divina
2457 3143 2847 3210 comparando;
2905 3143 2979 3195 ita
3041 3151 3094 3197 et
3156 3143 3352 3211 David,

1826 3232 2033 3285 etiamsi
2073 3247 2318 3301 magnus,
2349 3232 2498 3286 dives
2539 3242 2592 3286 et
2628 3234 2862 3300 sapiens,
2895 3248 3015 3285 cum
3048 3234 3352 3290 hominibus

1824 3328 2164 3389 comparatus
2221 3330 2388 3385 esset;
2423 3327 2475 3372 at
2504 3321 2726 3374 elevatis
2762 3321 2827 3373 ad
2870 3320 3034 3375 Deum
3064 3324 3256 3386 oculis,
3292 3340 3350 3379 se

1822 3410 1957 3463 nihil
1989 3426 2109 3465 esse
2138 3412 2269 3464 vidit
2294 3431 2307 3464 :
2338 3418 2389 3464 et
2412 3411 2535 3478 quia
2576 3409 2811 3463 nondum
2841 3420 3020 3479 posset
3050 3411 3212 3465 Deum
3256 3429 3349 3481 pa-

1822 3509 1958 3553 trem
1996 3515 2208 3564 vocare,
2240 3501 2522 3554 Dominum
2553 3516 2674 3555 eum
2720 3502 3019 3569 appellavit,
3070 3516 3128 3556 se
3165 3500 3349 3557 famuli

1822 3592 1997 3644 locum
2030 3598 2211 3645 tenere
2249 3591 2577 3659 significans.
2612 3590 2830 3655 Deinde,
2864 3599 3045 3660 utpote
3068 3593 3156 3661 qui
3187 3594 3239 3646 in
3269 3594 3349 3648 in-

1823 3679 1962 3733 ﬁmis
1991 3687 2044 3733 et
2098 3679 2152 3731 in
2193 3678 2458 3747 profundo
2503 3687 2735 3741 maneat,
2785 3692 2906 3730 cum
2956 3676 3095 3732 Deus
3143 3679 3197 3731 in
3241 3680 3350 3733 alto

1821 3769 2082 3830 exsistat,l
2112 3777 2266 3836 rogat
2304 3776 2362 3821 ut
2398 3768 2618 3821 inclinet
2636 3782 2818 3821 aurem
2849 3782 3025 3831 suam,
3059 3768 3203 3836 quod
3236 3769 3349 3837 ipse

1819 3872 1928 3925 prae
1966 3855 2273 3909 infirmitate
2317 3864 2522 3909 tantum
2556 3854 2714 3908 edere
2760 3855 3046 3907 clamorem
3082 3870 3190 3908 non
3227 3872 3351 3924 pos-

1819 3945 1909 4006 sit,
1949 3943 2039 4013 qui
2074 3944 2127 3996 in
2155 3945 2320 3996 altum
2349 3944 2645 4012 perveniat,
2676 3949 2728 3996 et
2761 3942 2827 3994 ad
2861 3941 3027 3995 Deum
3059 3944 3345 4012 pertingat.

1818 4032 2171 4097 Quamobrem
2239 4032 2502 4101 supplicat
2559 4039 2616 4083 ut
2678 4029 2819 4083 Deus
2874 4030 3094 4083 inclinet
3163 4046 3344 4087 aurem

1816 4137 1987 4185 suam,
2020 4129 2073 4175 et
2102 4128 2160 4175 ut
2183 4121 2398 4176 divinus
2437 4120 2651 4175 auditus
2681 4119 2974 4173 humilitati
3011 4136 3121 4175 sua:
3156 4128 3348 4175 attem-

1814 4221 2047 4278 peretur.

156 4303 470 4364 ἀσθένειαν,
496 4301 571 4363 ὡς
597 4300 930 4368 ἀναπέμπειν
961 4302 1037 4362 εἰς
1062 4300 1189 4368 ὕψος
1218 4302 1308 4354 καὶ
1344 4301 1533 4353 τείνειν
1568 4302 1699 4371 πρὸς
1725 4299 1814 4351 τὸν
1837 4300 1964 4351 Θεὸν
1989 4299 2083 4369 τὴν
2110 4299 2297 4352 ἑαυτοῦ
2333 4301 2529 4370 φωνήν.
2564 4300 2651 4352 Διὸ
2677 4299 2838 4351 δεῖται
2869 4298 3041 4352 κλῖναι
3072 4299 3259 4352 ἑαυτοῦ
3286 4299 3346 4352 τὸ

156 4389 251 4455 οῦς
281 4394 375 4445 τὸν
400 4392 557 4453 Θεὸν,
580 4391 669 4441 καὶ
686 4393 750 4459 τῇ
784 4389 971 4440 ἑαυτοῦ
1037 4391 1372 4459 ταπεινότητι
1438 4390 1834 4459 συγκαταϐῆναι
1863 4391 1957 4458 τὴν
1987 4389 2132 4441 θείαν
2156 4390 2340 4459 ἀκοήν.

232 4507 524 4570 Φύλαξω⁶
544 4505 657 4570 τὴν
680 4504 886 4571 ψυχήν
911 4521 1047 4570 μου,
1071 4504 1156 4556 ὅτι
1178 4504 1341 4567 ὅσιός
1362 4507 1492 4572 εἰμι·
1520 4506 1722 4559 σῶσον

1886 4504 2049 4559 Vens.
2090 4507 2143 4559 2.
2184 4504 2398 4558 Custodi
2437 4503 2665 4554 animam
2706 4517 2890 4564 meam,
2936 4504 3180 4572 quoniam
3224 4518 3348 4555 san-

157 4602 267 4653 τὸν
297 4600 531 4654 δοῦλόν
568 4614 703 4658 σου,
744 4599 776 4648 ό
821 4595 980 4660 Θεὸς,
1019 4595 1123 4647 τὸν
1151 4594 1459 4654 ἐλπίζοντα
1495 4598 1587 4650 ἐπὶ
1620 4598 1710 4651 σέ.

171 4692 263 4743 Ἐν
283 4687 365 4754 οἷς
387 4687 479 4759 ἦν,
509 4691 566 4741 ἐν
593 4688 797 4749 τούτοις
823 4686 1147 4755 φυλαχθῆναι
1172 4685 1311 4748 ἀξιοῖ
1330 4686 1431 4738 ὑπὸ
1448 4688 1539 4739 τοῦ
1560 4688 1712 4754 Θεοῦ,

157 4782 235 4844 ὡς
265 4782 332 4834 ἂν
377 4780 454 4850 μὴ
488 4777 738 4848 συληθείη
772 4776 932 4831 αὑτοῦ
966 4778 997 4845 ἡ
1024 4776 1165 4846 ψυχὴ
1205 4769 1277 4826 ὧν
1306 4776 1561 4846 ἐκέκτητο
1592 4780 1715 4849 ἀρε-

157 4872 293 4924 τῶν·
337 4874 404 4935 ἃς
450 4869 683 4939 ἐδήλωσε
732 4866 941 4936 πρῶτον
986 4865 1171 4926 εἰπὼν,
1212 4864 1329 4915 Ὅτι
1364 4866 1591 4932 πτωχὸς
1618 4868 1712 4919 καὶ

160 4960 354 5027 πένης
382 4958 501 5027 είμί
534 4955 664 5024 ἐγὼ
692 4955 957 5023 δεύτερον,
998 4954 1113 5005 Ὅτι
1150 4951 1315 5014 ὅσιός
1352 4953 1485 5017 εἰμι·
1516 4954 1594 5005 διὸ
1620 4956 1713 5007 καὶ

162 5049 403 5119 ἀλλαχοῦ
426 5048 642 5116 φάσκει·
672 5044 764 5111 Μὴ
782 5044 994 5097 ἐλθέτω
1009 5060 1107 5110 μοι
1128 5040 1276 5103 ποῦς
1293 5041 1714 5109 ὑπερηφανίας.

174 5140 328 5193 Ἐπεὶ
354 5141 411 5192 δὲ
444 5136 653 5206 συνῄδει
672 5135 842 5204 ἐαυτῷ
866 5135 1082 5204 μηδέπω
1096 5131 1206 5183 ὄντι
1222 5128 1336 5197 υἱῷ,
1358 5130 1574 5193 εἰκότως
1594 5133 1714 5184 δοῦ-

162 5232 255 5282 λον
299 5230 490 5283 ἑαυτὸν
532 5226 776 5296 ὁμολογεῖ
817 5225 904 5276 καί
950 5238 1096 5293 φησιο
1128 5217 1332 5271 Σῶσον
1365 5218 1472 5271 τὸν
1495 5219 1716 5273 δοῦλόν

164 5338 304 5382 σου,
348 5325 379 5374 ό
431 5319 597 5381 Θεὸς,
649 5315 752 5366 τόν
800 5313 1101 5373 ἐλπίζοντα
1144 5305 1239 5357 ἐπὶ
1283 5305 1370 5359 σέ.
1418 5307 1618 5371 Δοῦλος
1660 5310 1715 5363 δὲ

164 5411 303 5463 Θεοῦ
333 5414 479 5463 ἐστιν
504 5411 533 5459 ὁ
566 5407 638 5475 μὴ
676 5404 927 5456 δουλεύων
966 5396 1219 5471 ἁμαρτίᾳ,
1258 5396 1382 5464 μηδέ
1416 5414 1523 5448 τινι
1555 5399 1715 5452 πάθει

166 5496 711 5570 ὑποκείμενος,]μόνῳ
736 5494 787 5544 δὲ
815 5493 939 5545 Θεοῦ
958 5491 1106 5556 Λόγῳ
1129 5485 1583 5553 ὑποτεταγμένος,
1620 5493 1717 5542 καὶ⁹

1815 4605 1925 4648 ctus
1955 4612 2066 4647 sum
2092 4610 2108 4646 :
2132 4595 2330 4647 salvum
2374 4594 2457 4661 [ac
2490 4609 2689 4645 servum
2734 4602 2897 4655 tuum,
2937 4591 3095 4653 Deus,
3140 4607 3347 4659 speran-

1817 4692 1916 4736 tem
1949 4684 1999 4735 in
2045 4692 2108 4734 te.
2144 4681 2201 4733 in
2234 4696 2340 4749 quo
2377 4687 2519 4733 statu
2558 4687 2674 4732 erat
2711 4694 2770 4733 se
2826 4680 3137 4732 conservari
3166 4693 3194 4729 a
3236 4677 3345 4731 Deo

1814 4773 2066 4842 postulat,
2105 4780 2165 4825 ut
2189 4786 2257 4825 ne
2299 4771 2475 4824 anima
2524 4784 2621 4824 sua
2650 4768 2939 4822 virtutibus
2971 4784 3105 4837 quas
3133 4767 3343 4822 obtine-
3411 4842 3417 4851 '

1814 4864 1905 4917 bat
1953 4863 2315 4930 spoliaretur:
2361 4874 2495 4928 quas
2547 4859 2795 4921 virtutes,
2856 4858 2941 4910 his
3001 4859 3341 4921 declarabat,

1813 4954 1985 5021 primo
2017 4967 2135 5005 cum
2166 4951 2385 5011 diceret,
2438 4948 2693 5012 Quoniam
2735 4949 2877 5013 inops
2911 4955 2959 4998 et
3000 4962 3192 5013 pauper
3229 4963 3342 4998 sum

1812 5059 1931 5111 ego;
1983 5041 2217 5094 secundo
2246 5078 2261 5101 ,
2311 5039 2566 5103 Quoniam
2613 5047 2822 5089 sanctus
2856 5051 3000 5097 sum;
3025 5050 3190 5104 quare
3216 5036 3339 5089 alibi

1813 5135 1959 5195 dicit,
1988 5132 2106 5184 Non
2137 5132 2304 5184 veniat
2344 5129 2467 5181 mihi
2498 5145 2582 5195 pes
2621 5128 2872 5195 superbire
2893 5127 2956 5178 ⁸⁸.
2999 5125 3133 5179 Cum
3167 5133 3340 5179 autem

1815 5241 1871 5278 se
1900 5225 2134 5278 nondum
2174 5222 2336 5275 tilium
2369 5234 2489 5273 esse
2524 5226 2693 5287 putet,
2725 5233 2783 5272 se
2810 5218 2929 5285 jure
2970 5231 3183 5270 servum
3214 5230 3345 5270 con-

1815 5314 1991 5367 fitetur
2029 5321 2079 5365 ct
2106 5312 2199 5371 ait,
2235 5310 2447 5363 Salvum
2476 5308 2559 5374 fac
2589 5323 2789 5359 servum
2823 5315 2988 5364 tuum,
3043 5303 3201 5370 Deus,
3232 5320 3345 5371 spe-

1813 5413 2008 5456 rantem
2056 5403 2109 5452 in
2148 5408 2210 5451 te.
2264 5397 2461 5469 Servus
2500 5411 2660 5463 porro
2714 5396 2802 5447 Dei
2849 5400 2951 5453 est,
2987 5394 3079 5459 qui
3128 5404 3345 5461 peccato
3444 5452 3451 5457 ,

1815 5506 1921 5546 non
1955 5490 2140 5551 servit,
2191 5487 2426 5555 nullique
2456 5487 2663 5540 affectui
2707 5484 2955 5539 subditus
2999 5492 3102 5547 est,
3138 5484 3232 5538 sed
3260 5485 3350 5538 uni

240 5654 284 5683 “
317 5652 462 5707 Psal.
497 5660 726 5711 cum,
758 5646 805 5698 1.
859 5640 1079 5729 ,θδρόίιιο
1118 5650 1205 5696 Ct.
1251 5637 1292 5686 Ι.
1368 5638 1410 5667 ⁸³⁸
1452 5636 1651 5693 Matth.
1693 5657 1784 5709 γι,
1820 5642 1871 5698 9.
1929 5642 1989 5719 f7
2031 5639 2215 5695 Matth.
2256 5638 2389 5709 v,_5.
2437 5639 2513 5714 "'
2550 5636 2690 5691 Psal.
2728 5649 2893 5697 xxxv,
2933 5630 3015 5683 t2.
