3834 6350
271 331 298 384 1
308 331 408 384 035

1383 324 1869 382 COMMENTARIA
1907 324 1972 378 IN
2009 321 2339 398 PSADMOS.

3248 337 3382 394 1051»

269 444 372 506 σὺ,
419 441 513 494 καὶ
551 441 730 493 ποιῶν
764 440 1072 508 θαυμάσια.
1102 441 1179 493 σὺ
1210 438 1267 493 ετ
1293 442 1431 505 Θεὸς
1447 443 1647 508 μόνος.
1676 441 1782 490 Καὶ

1880 448 1925 491 et
1948 416 2139 506 {ueiens
2156 437 2434 497 mirabilia,
2467 447 2516 490 tu
2535 455 2585 492 es
2614 438 2744 492 Deus
2767 442 2926 498 solus.
2958 444 3152 501 Omnes
3172 449 3386 517 quidem

269 533 434 583 πᾶσαι
462 530 558 598 μὲν
586 529 838 598 ὠφέλιμοι
870 531 959 581 καὶ
990 531 1270 596 ἀναγκαῖαι
1296 528 1350 579 αἱ
1373 528 1477 578 τῶν
1501 526 1664 593 ἁγίων
1690 523 1781 576 τοῦ

265 620 398 672 Θεοῦ
431 620 736 690 προσευχαί·
780 619 975 688 νομίζω
1015 621 1104 671 καὶ
1147 619 1217 688 μὴ
1258 619 1429 680 πάσας
1465 617 1782 686 γεγράφθαι,

266 708 379 760 ἀλλ’
406 708 438 777 ἢ
471 708 634 777 μόνας
666 709 872 769 ἐκείνας
899 711 954 760 ἐν
985 704 1070 770 αἷς
1100 708 1507 778 προσευχόμενοι
1543 709 1604 758 ἐκ
1645 705 1782 757 θείου

263 796 574 865 Πνεύματος
604 797 940 867 ἐκινήθησαν,
969 799 1041 859 ὼς
1082 799 1173 849 καὶ
1215 797 1545 866 προφητικὰς
1580 798 1786 864 ἀφεῖναι

265 884 464 950 φωνάς.
505 883 762 952 Ἡγοῦμαι
782 884 822 935 δ’
849 880 937 936 οὖν
959 885 1152 937 καὶτὸν
1172 884 1327 937 Δαυῒδ
1352 883 1643 954 προσευχὰς
1667 885 1786 936 πολ-

261 972 356 1034 λὰς
389 973 699 1041 ἀναπέμψαι
738 972 812 1042 τῷ
839 973 971 1042 Θεῷ,
1009 969 1080 1026 ὧν
1112 974 1327 1042 οὐδεμία
1354 975 1530 1042 γραφῇ
1568 971 1784 1041 ἠξιώθη,

258 1059 372 1112 ἀλλ’
419 1059 476 1111 αἱ
530 1060 843 1128 μετέχουσαι
887 1061 1286 1129 προγνωπικῆς
1327 1061 1417 1112 καὶ
1457 1060 1787 1129 προφητικῆς

237 1149 554 1220 δυνάμεως.
583 1150 775 1219 Διόπερ
807 1151 896 1202 καὶ
920 1153 951 1220 ή
980 1151 1220 1220 παροῦσα
1245 1150 1507 1220 προσευχὴ
1528 1154 1592 1219 τῇ
1627 1150 1788 1219 βίϐλῳ

257 1237 363 1288 τῶν
388 1237 630 1306 Ψαλμῶν
649 1238 978 1308 παρελήφθη,
1001 1239 1088 1290 καὶ
1115 1238 1248 1308 μέση
1270 1239 1374 1291 τῶν
1395 1240 1518 1308 περὶ
1542 1239 1634 1291 τοῦ
1655 1241 1787 1308 Χρι-

260 1327 382 1378 στοῦ
417 1327 755 1397 προφητειῶν
796 1327 1246 1397 παρεμϐἐϐληται,
1285 1328 1358 1390 ὡς
1389 1327 1787 1398 ἀνακεκραμένη

258 1419 610 1485 προφητικοῖς
654 1416 843 1483 λόγοις,
893 1417 984 1468 καὶ
1025 1417 1206 1485 κλῆσιν
1247 1417 1408 1469 ἐθνῶν
1452 1417 1784 1486 περιέχουσα.

261 1504 548 1573 Ἀντικρυς
602 1503 728 1570 γοῦν
774 1504 958 1572 κλῆσις
1002 1504 1106 1554 τῶν
1149 1503 1311 1556 ἐθνῶν
1345 1506 1432 1556 καὶ
1481 1505 1565 1556 διὰ
1595 1505 1788 1558 τούτων

254 1592 589 1654 θεσπίζεται.
630 1593 840 1661 Ἐπειδὴ
859 1592 962 1662 γὰρ
985 1593 1049 1646 τὰ
1083 1593 1245 1645 πολλὰ
1278 1595 1401 1664 περ)⁸
1425 1595 1606 1647 ἐαυτοῦ
1632 1596 1785 1662 μόνου

253 1683 477 1755 ηὔξατο,
521 1683 1034 1750 Ἐπὰκουσόνμου,
1061 1684 1244 1746 εἰπὼν,
1265 1687 1374 1746 καὶ,
1399 1685 1666 1747 Φύλαξον
1679 1685 1787 1751 τὴν

257 1771 463 1839 ψυχήν
485 1789 627 1840 μου,
664 1772 775 1832 καὶ,
807 1772 1008 1824 Σῶσον
1033 1772 1136 1824 τὸν
1171 1771 1388 1824 δοῦλόν
1418 1789 1550 1836 σου,
1583 1777 1614 1824 ό
1650 1776 1785 1836 Bede

247 1882 382 1931 μου,
398 1862 495 1915 καὶ
513 1862 593 1927 τὸ,
611 1862 887 1928 Ἐλέησόν
901 1878 995 1928 με,
1010 1861 1120 1923 καὶ,
1144 1861 1786 1930 Εὐφρανοντὴν-ιέ-υχὴν

251 1951 353 2004 τοῦ
376 1951 601 2004 δούλου
617 1964 732 2002 σου
748 1966 759 1978 ·
792 1951 908 2001 ἐπεὶ
929 1949 1101 2001 τοίνυν
1120 1948 1184 2000 τὰ
1205 1948 1430 2000 τοσαῦτα
1458 1967 1521 2001 πε
1531 1951 1579 2019 pl.
1600 1951 1783 2002 ἐαυτοῦ

250 2038 472 2110 ηὔξατο,
503 2041 531 2091 ὁ
563 2037 807 2100 πλούσιος
834 2037 925 2090 καὶ
960 2037 1322 2106 μεγαλόδωρος
1365 2037 1494 2099 Θεὸς
1525 2038 1785 2090 δείκνυσιν

250 2127 419 2195 αὐτῷ,
437 2127 518 2178 ὅτι
541 2126 614 2195 μὴ
640 2126 782 2194 αὐτῷ
815 2125 952 2195 μόνῳ
976 2125 1042 2177 τὰ
1061 2125 1158 2193 τῆς
1179 2125 1476 2195 προσευχῆς
1497 2127 1786 2195 αἰτουμένῳ

249 2213 494 2284 παρέξει,
527 2211 895 2280 ἁπλωθήσεται
923 2211 1030 2280 δέή
1057 2211 1173 2264 θεία
1203 2213 1355 2285 χάρις
1387 2214 1476 2264 καὶ
1502 2215 1576 2275 είς
1617 2215 1787 2267 πάντα

249 2302 311 2355 τὰ
332 2303 484 2372 ἔθνη,
522 2303 598 2364 ὼς
629 2303 719 2353 καὶ
739 2301 910 2353 αὐτῶν
942 2300 1232 2369 μελλόντων
1256 2301 1538 2354 ἀπολαύειν
1569 2303 1783 2363 τούτων,

247 2384 319 2444 ὧν
339 2394 370 2444 ὁ
397 2389 564 2443 Δαυῖδ
588 2393 764 2458 τυχεῖν
792 2389 1138 2457 ῆξίου.“⁹Ὀθεν
1158 2390 1232 2460 τῷ
1258 2391 1525 2460 Πνεύματι
1552 2391 1628 2461 τῷ
1653 2393 1786 2461 ἁγίῳ

246 2480 536 2548 φωτισθεὶς
571 2480 663 2531 καὶ
696 2478 757 2536 τὸ
789 2479 971 2547 μέλλον
997 2478 1337 2548 θεασάμενος,
1367 2480 1788 2551 ὐπερεκπλήττε-

243 2585 330 2622 ται
371 2569 477 2638 τῆς
519 2568 612 2620 τοῦ
674 2567 803 2619 Θεοῦ
852 2567 1066 2636 χάριτος
1113 2568 1208 2637 τὴν
1249 2569 1657 2639 μεγαλοδωρίαν,
1696 2571 1786 2622 καί

245 2675 378 2728 φησι
412 2657 480 2710 τὰ
519 2657 898 2727 προλεγομενα.
933 2656 1094 2719 Θεοὺς
1133 2656 1188 2709 δέ
1239 2657 1464 2710 ἐνταῦθα
1493 2659 1736 2726 λέγεσθαι
1761 2663 1788 2713 ό

246 2747 342 2818 μέν
363 2764 452 2809 τις
474 2747 729 2815 ἡγήσεται
751 2747 873 2806 τοὺς
902 2747 956 2797 ἐν
985 2746 1281 2816 ἀνθρώποις
1311 2749 1542 2812 δικαίους
1563 2750 1656 2802 καὶ
1677 2751 1789 2803 θεο-

243 2835 422 2904 φιλεῖς
444 2834 660 2905 ἄνδρας,
686 2833 771 2885 διὰ
796 2834 856 2885 τὸ
881 2834 1032 2901 λέγον
1053 2854 1068 2866 ο
1101 2836 1236 2904 Ἐγὼ
1263 2832 1447 2902 εἶπον,
1483 2839 1609 2891 Θεοί
1630 2839 1785 2904 ἐστε,

242 2925 339 2978 καί
381 2923 508 2977 vlol
555 2923 837 2988 Ὑψίστου
870 2921 1117 2988 πάντες-ο
1151 2927 1178 2977 ὁ
1215 2925 1268 2976 δὲ
1296 2924 1392 2986 τὰς
1433 2927 1548 2977 κατ’
1571 2927 1789 2997 οὐρανὸν

241 3013 395 3076 θείας
418 3012 694 3080 δυνάμεις,
730 3011 816 3063 διὰ
844 3012 902 3064 τὸ
931 3013 1152 3080 φάσκειν
1187 3018 1275 3066 τὸν
1315 3015 1620 3068 Ἀπὸστολον
1639 3033 1652 3047 ο
1678 3017 1783 3069 Καὶ
1811 3045 1852 3101 C

237 3105 347 3173 τὰρ
399 3104 569 3168 ειπερ
617 3101 733 3153 είσὶ
773 3102 1069 3168 λεγόμενοι
1118 3101 1253 3164 θεοὶ,
1283 3103 1398 3156 εἴτε
1436 3104 1502 3155 ἐν
1541 3105 1782 3171 οἰερανῷ,

237 3196 358 3247 εἴτε
389 3192 493 3245 ἐπὶ
513 3190 640 3260 γῆς,
676 3189 890 3260 (ὥσπερ
918 3191 1033 3243 εἱσι
1062 3190 1178 3243 θεοὶ
1206 3193 1442 3254 πολλοὶ,
1473 3194 1569 3245 καὶ
1601 3196 1786 3260 κύριοι

239 3284 469 3338 πολλοί
484 3281 522 3349 ο)
554 3280 695 3348 ἡμῖν
719 3275 804 3344 εἷς
831 3278 970 3343 Θεὸς
996 3282 1028 3331 ὁ
1054 3279 1270 3346 Πατήρ.
1307 3281 1452 3333 Ἐπεὶ
1476 3282 1648 3334 τοίνυν
1666 3282 1785 3335 οὔτε

236 3375 494 3443 ἀγγέλων
526 3389 629 3432 τις,
662 3369 781 3422 οὔτε
812 3368 1095 3439 προφητῶν
1129 3370 1224 3438 τήν
1255 3370 1360 3422 τῶν
1404 3371 1566 3422 ἐθνῶν
1601 3372 1785 3439 κλῆσιν

238 3466 562 3534 ἐποιήσατο,
596 3460 812 3521 είκότως
843 3461 920 3520 είς
962 3459 1240 3528 πρόσωπον
1281 3459 1511 3528 ήγοῦμαι
1534 3460 1625 3512 τοῦ
1656 3463 1785 3530 Χρι⁴

238 3555 369 3607 στοῠ
421 3550 668 3618 λέγεσθαι
701 3550 778 3611 τὸ,
821 3551 938 3602 Οὐκ
976 3548 1141 3601 ἐστιν
1181 3548 1376 3616 ὅμοιός
1401 3564 1496 3601 σοι
1522 3551 1587 3602 ἐν
1613 3550 1780 3615 θεοῖς,

237 3646 450 3710 Κύριε.
485 3639 672 3700 ’Ἄλλος
701 3639 754 3690 δέ
796 3655 875 3699 τις
916 3639 1094 3706 φήσει,
1129 3637 1212 3690 διὰ
1235 3638 1294 3690 τὸ
1332 3638 1534 3705 ψευδῶς
1577 3639 1670 3707 μὲν
1697 3641 1785 3692 καὶ

235 3729 676 3799 πεπλανημένως
704 3727 849 3796 παρὰ
872 3730 980 3788 τοῖς
1008 3726 1211 3788 πολλοῖς
1241 3728 1346 3779 τῶν
1373 3726 1664 3797 ἀνθρώπιον
1696 3746 1782 3782 νο-

239 3821 506 3892 μίζεσθαι
549 3814 683 3870 εἶναι
730 3817 896 3878 θεοὺς,
944 3817 1035 3868 καὶ
1081 3816 1226 3887 παρὰ
1268 3819 1395 3870 πᾶσι
1439 3821 1546 3880 τοῖς
1585 3818 1783 3871 ἔθνεσιν

232 3912 402 3966 ἄλλον
431 3906 660 3975 ἀλλαχοῦ
685 3906 1051 3968 θεοποιεῖσθαι,
1080 3907 1229 3975 μόνον
1255 3907 1310 3958 δὲ
1339 3908 1428 3960 τὸν
1450 3907 1670 3978 Σωτῆρα
1694 3909 1784 3960 καὶ

234 4002 453 4072 Κύριον
481 3997 634 4067 ἡμῶν
673 3996 790 4048 καθ’
815 3995 939 4065 ὅλης
962 3996 1056 4064 τῆς
1085 3997 1394 4066 οἰκουμένης
1424 3997 1552 4048 Θεὸν
1587 3998 1782 4065 ἀνηγοε

233 4089 498 4161 ρεῦσθαι,
528 4085 587 4148 ἐξ
627 4085 871 4138 ἁπάντων
896 4101 952 4136 τε
979 4085 1082 4137 τῶν
1118 4085 1278 4138 ἐθνῶν
1310 4086 1466 4148 λαοὺς
1493 4086 1663 4155 ἐαυτῷ
1689 4103 1781 4138 πε-

235 4175 634 4252 ριπεποιῆσθαι
654 4190 666 4204 ·
703 4173 885 4226 τούτου
915 4174 1068 4244 χάριν
1095 4175 1434 4244 προφητικῶς
1464 4175 1543 4235 εἰς
1576 4175 1781 4244 πρόσω..

228 4289 337 4325 πον
372 4267 546 4324 αὐτοῦ
576 4266 672 4328 τὰς
702 4265 1054 4335 προκειμένας
1085 4264 1470 4331 ἀναφωνεῖσθαι
1494 4264 1778 4330 θεολογίας.

1881 528 2146 582 orationes
2176 540 2206 578 a
2233 525 2436 580 sanctis
2459 527 2548 597 Dei
2578 529 2802 592 emissae,
2830 533 2982 586 utiles
3002 542 3054 587 et
3077 542 3390 595 necessariae

1882 623 2032 668 sunt:
2053 617 2256 672 ωειίωο
2279 621 2453 667 tamen
2470 610 2586 690 tuon
2617 630 2802 679 omnes
2828 621 3024 688 scripto
3056 627 3392 696 consignatas

1882 703 2066 764 fuisse,
2090 703 2182 757 sed
2211 718 2303 779 eas
2324 705 2507 759 solum
2520 714 2654 772 quas
2684 703 2880 774 Spiritu
2898 718 3082 765 sancto
3109 717 3236 768 moti
3263 721 3393 772 emi-

1878 792 2100 856 serunt,
2143 794 2213 846 ita
2244 802 2300 846 ut
2333 795 2668 861 propheticas
2687 797 2904 851 ederent
2926 814 3100 856 voces.
3130 802 3266 860 Puto
3295 807 3393 878 igi-

1862 887 1970 934 tur
1999 881 2245 936 Davidem
2277 883 2469 936 multas
2504 883 2608 938 Deo
2645 885 2886 940 emisisse
2919 890 3221 956 orationes,
3260 909 3394 963 qua-

1884 985 1998 1022 rum
2021 971 2166 1023 nulla
2193 975 2390 1038 scripto
2417 973 2725 1042 consignata
2754 974 2872 1040 fuit,
2897 982 3131 1045 exceptis
3170 981 3236 1036 iis
3276 999 3394 1051 quas

1885 1057 1935 1109 vi
1979 1058 2332 1126 prospiciendi
2363 1067 2416 1113 et
2460 1062 2780 1115 vaticinandi
2811 1064 3041 1131 praedita:
3067 1076 3238 1121 erant.
3271 1070 3394 1126 ideo

1885 1145 1995 1199 hac
2017 1149 2188 1201 oratio
2207 1149 2260 1201 in
2297 1150 2431 1203 libro
2457 1151 2782 1206 Psalmorutn
2804 1156 2995 1222 posita,
3016 1164 3069 1211 et
3090 1158 3140 1210 in
3164 1159 3394 1214 medium

1884 1235 2270 1304 prophetiarum
2303 1239 2368 1292 de
2396 1239 2608 1294 Christo
2637 1243 2834 1296 inserta
2878 1242 3014 1308 fuit,
3059 1256 3234 1315 utpote
3278 1265 3396 1317 qua:

1885 1325 2206 1392 propheticis
2246 1327 2402 1382 dictis
2432 1331 2642 1383 condita
2691 1332 2780 1392 sit,
2809 1343 2860 1386 et
2891 1335 3218 1390 vocationem
3268 1354 3396 1407 gen-

1885 1410 2016 1463 tium
2081 1415 2478 1481 complectatur.
2540 1416 2633 1470 His
2687 1417 2862 1486 itaque
2911 1422 3112 1476 vocatio
3160 1426 3395 1493 gentium

1884 1500 2162 1554 manifeste
2185 1504 2582 1570 prainuntiatur.
2617 1503 2899 1573 Postquam
2927 1511 3067 1562 enim
3093 1511 3256 1564 multa
3293 1512 3395 1566 sibi

1885 1589 1983 1642 soli
2013 1601 2259 1657 precatus
2292 1602 2451 1653 esset,
2482 1593 2684 1661 dicens,
2710 1594 2915 1648 Exaudi
2944 1613 3041 1660 me,
3076 1607 3150 1663 et,
3185 1599 3397 1653 Custodi

1887 1678 2111 1730 animam
2141 1695 2324 1742 meam,
2354 1688 2426 1744 et,
2457 1680 2664 1734 Salvum
2703 1682 2786 1750 [ac
2826 1700 3022 1736 servum
3053 1697 3195 1739 tuum
3214 1725 3228 1748 ,
3259 1687 3395 1742 Deus

1883 1783 2043 1827 meus,
2067 1778 2142 1830 et,
2177 1768 2420 1824 Miserere
2456 1773 2582 1833 mei,
2622 1781 2706 1837 et,
2737 1774 2970 1842 Lwtiﬁea
3006 1778 3237 1830 animam
3266 1781 3398 1832 servi

1885 1856 1997 1916 tui;
2022 1870 2164 1919 cum,
2199 1857 2434 1926 inquam,
2467 1861 2590 1912 talia
2631 1877 2724 1929 pro
2751 1863 2928 1930 seipso
2957 1874 3204 1932 precatus
3233 1875 3394 1930 esset,

1883 1945 2030 1999 dives
2054 1946 2140 2000 ille
2168 1953 2219 2000 ct
2250 1947 2530 2001 munificus
2551 1947 2687 2002 Deus
2716 1952 2947 2004 ostendit
2999 1953 3107 2015 illi,
3142 1969 3246 2009 non
3293 1955 3394 2023 ipsi

1883 2035 1981 2088 soli
2014 2035 2287 2102 precanti,
2319 2051 2437 2103 qua:
2475 2037 2527 2089 in
2561 2038 2798 2091 oratione
2850 2039 3173 2106 ferebantur,
3202 2043 3297 2096 abs
3339 2058 3398 2097 se

1883 2124 2252 2189 concedenda;
2331 2125 2420 2178 sed
2497 2125 2726 2178 divinam
2790 2129 3014 2195 gratiam
3083 2131 3136 2182 in
3207 2146 3392 2184 omnes

1884 2221 2065 2281 gentes
2095 2211 2461 2266 effundendum
2515 2229 2669 2268 esse:
2701 2214 2824 2281 quia
2875 2215 3106 2268 futurmn
3151 2227 3291 2271 esset
3332 2225 3390 2270 ut

1883 2302 1984 2354 illa:
2013 2317 2225 2369 quoque
2256 2301 2321 2355 iis
2348 2300 2667 2360 fruerentur,
2696 2318 2813 2369 quae
2839 2302 2998 2356 David
3031 2305 3283 2372 consequi
3306 2320 3392 2358 ro-

1882 2393 2058 2461 gabat.
2090 2391 2264 2457 Quare
2297 2391 2492 2459 Spiritu
2537 2401 2721 2448 sancto
2768 2395 3060 2448 illustratus
3081 2434 3096 2457 ,
3126 2403 3178 2448 et
3216 2396 3393 2448 futura

1883 2483 2234 2551 prospiciens,
2261 2497 2508 2551 magnum
2527 2481 2615 2535 Dei
2639 2485 2820 2551 gratiae
2837 2484 3030 2536 donum
3054 2500 3391 2553 summepere

1884 2571 2124 2633 miratur,
2152 2579 2204 2625 et
2235 2586 2396 2639 supra
2440 2571 2582 2624 dicta
2619 2573 2773 2625 verba
2805 2573 3021 2640 profert.
3073 2571 3227 2628 Putet
3268 2589 3391 2626 vero

1885 2659 2145 2728 quispiam
2173 2659 2260 2712 hic
2277 2661 2403 2713 deos
2421 2660 2598 2712 vocari
2619 2659 2795 2727 justus
2820 2659 3199 2727 religiososque
3228 2662 3389 2720 viros.

1855 2779 1858 2782 ~
1884 2749 2006 2816 quia
2026 2749 2223 2801 dictum
2254 2754 2336 2802 est
2355 2787 2368 2810 ,
2404 2746 2512 2816 Ego
2541 2746 2690 2799 dixi:
2718 2746 2806 2799 Dii
2834 2749 2976 2808 estis,
3003 2757 3051 2799 et
3082 2748 3178 2814 filii
3228 2748 3394 2802 Altis-

1883 2839 2002 2891 simi
2026 2853 2195 2890 omnes
2223 2837 2459 2902 ‘9;alius
2505 2851 2629 2891 vero
2675 2851 2784 2900 eas,
2815 2852 2930 2904 qum
2957 2837 3009 2890 in
3047 2838 3181 2890 malo
3237 2848 3390 2904 sunt,
3437 2889 3443 2894 .

1885 2927 2091 2980 divinas
2139 2927 2400 2988 virtutes,
2447 2927 2569 2995 quia
2621 2927 2904 2993 Apostolus
2953 2928 3067 2981 ait:
3105 2926 3240 2980 Nam
3296 2930 3391 2982 etsi

1885 3027 2001 3070 sunt
2039 3017 2126 3086 qui
2171 3016 2412 3068 dicantur
2453 3016 2558 3078 dii,
2606 3016 2708 3067 sive
2737 3016 2788 3068 iu
2826 3017 2977 3078 coelo,
3019 3018 3119 3070 sive
3149 3019 3199 3070 in
3255 3028 3392 3071 terra

1884 3106 2036 3174 (sicut
2069 3115 2187 3158 sunt
2211 3106 2284 3158 dii
2314 3105 2481 3165 multi,
2511 3113 2560 3156 et
2593 3103 2786 3155 domini
2817 3104 3008 3168 multi},
3050 3105 3192 3158 nobis
3223 3116 3391 3159 tamen

1881 3209 2010 3245 unus
2036 3192 2191 3253 Deus,
2214 3192 2371 3245 Pater
2403 3193 2467 3246 ⁷⁰.
2498 3191 2754 3255 Quoniam
2786 3192 2944 3260 igitur
2979 3208 3148 3261 neque
3179 3194 3390 3260 angelo-

1881 3297 2020 3344 rum,
2049 3296 2217 3348 neque
2247 3281 2614 3349 prophetarum
2642 3280 2924 3348 quispiam,
2951 3282 3239 3335 vocationis
3261 3297 3389 3350 gen-

1883 3370 2011 3421 tium
2035 3379 2219 3422 auctor
2252 3370 2384 3429 fuit,
2426 3368 2545 3436 jure
2568 3368 2797 3422 arbitror
2827 3369 2892 3423 de
2933 3384 3158 3438 persona
3187 3369 3388 3424 Christi

1882 3457 2080 3511 dictum
2111 3457 2291 3518 fuisse,
2314 3456 2431 3510 Non
2452 3465 2528 3509 est
2548 3456 2734 3509 similis
2765 3458 2840 3509 tui
2875 3459 2927 3509 in
2969 3458 3067 3509 diis
3092 3497 3107 3524 ,
3152 3455 3388 3517 Domine.

1880 3545 2030 3599 Alius
2051 3545 2209 3607 dicet,
2236 3545 2356 3614 quia
2388 3559 2416 3596 a
2448 3544 2629 3596 multis
2678 3543 2977 3597 hominibus
3005 3558 3185 3597 errore
3213 3543 3390 3597 ductis

1881 3633 1952 3688 dii
1980 3648 2098 3689 esse
2128 3632 2262 3686 falso
2291 3631 2679 3693 existimantur,
2701 3639 2753 3684 et
2784 3630 2921 3699 apud
2953 3646 3136 3684 omnes
3166 3639 3347 3699 gentes
3371 3670 3387 3693 ,

1881 3724 2018 3774 alius
2043 3721 2144 3772 alio
2173 3721 2224 3772 in
2253 3720 2370 3771 loco
2398 3719 2529 3771 deus
2561 3717 2785 3772 habetur
2807 3758 2820 3782 ,
2871 3718 3119 3786 solusque
3152 3715 3392 3772 Salvator

1879 3819 1931 3864 et
1952 3810 2206 3862 Dominus
2241 3818 2421 3863 noster
2447 3821 2537 3876 per
2563 3813 2730 3859 totum
2757 3806 2937 3860 orbem
2967 3805 3106 3860 Deus
3135 3805 3390 3875 praedica-

1879 3907 1986 3961 tur,
2017 3907 2070 3953 et
2101 3913 2162 3952 ex
2196 3899 2440 3952 omnibus
2467 3896 2710 3966 gentibus
2760 3895 3008 3964 populum
3036 3895 3136 3948 sibi
3173 3903 3392 3963 coopta-

1879 3990 1990 4054 vit;
2050 3988 2167 4042 ideo
2202 3988 2337 4041 hanc
2380 3986 2696 4053 theologiam
2753 3984 3057 4052 prophetice
3109 3982 3173 4036 de
3227 3983 3392 4050 ipsius

1879 4093 2104 4147 persona
2139 4076 2380 4145 proferri.
2412 4075 2604 4129 Deinde
2638 4074 2758 4142 quia
2799 4080 2921 4124 ante
2944 4071 3267 4124 Salvatorem
3298 4085 3395 4123 no-

1880 4177 2046 4221 strum
2077 4167 2343 4235 propheta:
2363 4164 2513 4217 multi
2547 4161 2863 4216 mirabilium
2895 4174 3110 4228 operum
3147 4165 3392 4213 auctores

1880 4257 2129 4321 fuerunt;
2169 4271 2340 4324 neque
2368 4262 2542 4307 tamen
2570 4253 2709 4307 ullus
2755 4251 2879 4304 talia
2929 4248 3162 4302 edidisse
3193 4247 3390 4299 scribi-

227 4359 346 4414 Εἷτ’
403 4356 698 4425 ἐπειδήπερ
736 4334 914 4405 πολλοὶ
955 4356 1220 4423 προφῆται
1267 4354 1369 4424 πρὸ
1408 4353 1498 4406 τοῦ
1542 4355 1781 4423 Σωτῆρος

1880 4355 1986 4410 tur,
2009 4346 2183 4414 qualia
2232 4346 2284 4398 in
2340 4343 2637 4412 Evangeliis
2683 4340 2921 4393 Salvator
2966 4347 3145 4390 noster
3201 4334 3393 4390 fecisse

228 4450 400 4522 ήμῶν
431 4445 751 4516 παραδόξων
792 4445 960 4514 ἔργων
986 4444 1230 4510 γεγόνασι
1261 4443 1494 4512 ποιηταὶ,
1531 4444 1696 4504 οὐδεὶς
1729 4443 1783 4494 δέ

227 4541 466 4592 πώποτε
498 4535 717 4588 τοιαῦτα
748 4534 949 4603 πράξας
983 4534 1398 4601 ἀναγέγραπται,
1429 4535 1580 4584 ὁποῖα
1599 4535 1653 4584 ἐν
1675 4535 1782 4592 τοῖς

229 4625 596 4696 Εὑαγγελίοις
622 4623 713 4674 τοῦ
744 4623 987 4691 Σωτῆρος
1015 4623 1166 4692 ήμῶν
1197 4623 1501 4691 ἐμφέρεται,
1527 4623 1616 4674 καὶ
1633 4624 1782 4674 ὁποῖα

228 4720 515 4772 δέδεικται
554 4713 640 4765 διὰ
667 4715 764 4782 τῆς
805 4711 908 4764 τῶν
940 4711 1100 4764 ἐθνῶν
1137 4710 1382 4763 ἁπάντων
1425 4711 1777 4781 ἐπιστροφῆς·

227 4809 323 4861 διὰ
352 4805 516 4861 τοῦτο
537 4802 783 4868 λέγεσθαι
821 4801 912 4853 καὶ
939 4801 1018 4861 τὸ,
1057 4803 1173 4853 Οὐκ
1205 4802 1334 4853 ἔστι
1362 4799 1506 4851 κατὰ
1545 4804 1617 4853 τὰ
1642 4801 1782 4869 ἔργα

227 4914 382 4951 σου.
418 4893 531 4947 Καὶ
561 4894 682 4943 ποῖα
713 4890 845 4959 ἔργα
872 4889 1102 4940 διδάσκει
1127 4888 1292 4953 λέγων
1319 4885 1439 4954 ἑξῆς
1459 4904 1472 4916 ο
1494 4886 1691 4939 Πάντα
1712 4888 1783 4940 τὰ

227 4989 386 5052 ἔθνη
417 4985 536 5036 ὅσα
558 4981 841 5046 ἐποίησας
883 4978 1094 5043 ἥξουσι
1133 4975 1227 5027 καὶ
1262 4973 1782 5038 προσκυνήσουσιν

227 5075 502 5130 ἐνώπιόν
535 5087 668 5123 σου.
713 5069 834 5120 Ἐὰν
875 5068 929 5119 δέ
976 5065 1288 5134 ἐπιφέρηται
1319 5061 1395 5124 τὸ,
1436 5062 1516 5114 Σὺ
1544 5059 1601 5114 εἴ
1639 5065 1780 5129 Θεὸς

223 5166 445 5232 μόνος,
489 5159 582 5212 καὶ
619 5156 773 5209 τοῦτο
803 5154 1117 5223 ἐφαρμόσεις
1143 5149 1218 5218 τῷ
1256 5148 1477 5216 Σωτῆρι,
1520 5150 1780 5218 παραθεὶς

226 5255 317 5319 τὸ,
361 5254 488 5305 Οὐκ
516 5248 684 5300 ἐστιν
717 5245 908 5312 ὅμοιός
938 5259 1032 5295 σοι
1070 5243 1136 5293 ἐν
1161 5236 1334 5299 θεοῖς,
1359 5238 1560 5302 Κύριεο
1593 5238 1778 5309 ὥσπερ

228 5345 351 5414 γὰρ
376 5343 470 5393 ἐπὶ
507 5335 780 5406 συγκρίσει
814 5333 916 5384 τῶν
944 5329 1300 5414 ἀποδοθέντων
1325 5324 1456 5414 θεῶν
1497 5327 1779 5414 οὑκ-ἐστιν

227 5409 430 5504 sistito;
461 5445 561 5489 σοι,
588 5423 752 5483 οὕτως
775 5423 830 5472 ἐν
851 5419 1120 5488 παραθέσει
1150 5411 1261 5464 τῶν
1296 5411 1461 5462 αὐτῶν
1486 5415 1546 5464 σὺ
1573 5409 1626 5464 εί
1648 5415 1779 5478 Θεὸς

311 5609 360 5638 ⁸³
403 5603 546 5657 Psal.
579 5613 757 5658 Lxxxl,
792 5595 840 5647 6.
911 5594 949 5624 ⁷⁸
985 5591 1137 5644 lCor.
1181 5597 1327 5644 vm,
1354 5583 1405 5644 5,
1432 5582 1476 5633 6.

681 5690 923 5746 ΡΑτιιοιη
962 5683 1056 5740 Gn.
1104 5673 1353 5733 ΧΧΙΙΙ.

1879 4440 2340 4491 commemoratur,
2359 4437 2412 4484 et
2433 4429 2610 4498 qualia
2632 4443 2722 4496 per
2741 4424 2973 4495 gentium
2993 4423 3392 4477 conversionem

1878 4524 2224 4587 exhibentur;
2271 4519 2470 4574 idcirco
2511 4515 2642 4570 illud
2671 4517 2829 4569 etiam
2876 4513 3074 4567 dictum
3110 4511 3296 4577 fuisse,
3323 4511 3392 4563 Et

1878 4628 1978 4666 non
1998 4620 2072 4664 est
2097 4609 2372 4664 secundum
2415 4621 2567 4672 opera
2602 4615 2710 4656 tua.
2741 4603 2991 4666 Quaenam
3015 4601 3123 4654 sint
3154 4601 3242 4654 illa
3269 4615 3393 4668 ope-

1878 4711 1957 4758 ra,
1988 4697 2088 4752 sub
2119 4697 2229 4750 haec
2259 4695 2412 4748 docet
2438 4693 2520 4746 his
2551 4690 2726 4743 verbis
2756 4708 2768 4742 :
2802 4687 2986 4742 Omnes
3034 4697 3202 4757 gentes
3232 4702 3391 4754 quas-

1877 4801 2070 4855 cunque
2102 4785 2267 4852 fecisti
2312 4782 2525 4841 uenient,
2555 4790 2603 4832 et
2627 4778 2914 4830 adorabunt
2940 4794 3113 4830 coram
3149 4786 3214 4831 te.
3241 4775 3393 4840 Quod

1877 4876 1922 4929 si
1972 4875 2101 4927 illud
2142 4873 2439 4940 adjiciatur,
2482 4868 2557 4922 Tu
2585 4885 2636 4921 es
2666 4867 2798 4920 Deus
2827 4867 3001 4929 solus;
3054 4865 3107 4918 id
3158 4865 3390 4934 applices

1879 4965 2162 5026 Salvatori,
2189 4965 2286 5016 hoc
2316 4963 2433 5014 item
2458 4972 2742 5027 apponens,
2781 4953 2901 5008 Non
2925 4964 2998 5008 est
3023 4954 3206 5008 similis
3235 4955 3307 5005 tui
3336 4953 3392 5006 in

1875 5055 1998 5117 diis,
2029 5055 2285 5107 Domine:
2315 5051 2450 5105 sicut
2477 5050 2615 5102 enim
2643 5048 2686 5100 si
2716 5053 2768 5099 te
2796 5060 2918 5098 cum
2956 5045 3260 5098 memoratis
3290 5043 3392 5098 diis

1877 5159 2265 5212 comparemus,
2297 5154 2401 5192 non
2434 5145 2515 5192 est
2537 5135 2722 5191 similis
2752 5134 2826 5186 tui
2853 5151 2868 5199 ;
2899 5135 2976 5186 sic
3001 5135 3046 5186 si
3077 5144 3129 5188 te
3149 5134 3393 5188 confera-

1877 5249 1996 5286 mus
2019 5247 2138 5285 cum
2169 5229 2373 5289 iisdem,
2407 5233 2463 5277 tu
2516 5239 2573 5278 es
2606 5221 2744 5274 Dcus
2793 5220 2961 5272 solus.
3005 5219 3276 5288 Siquidem
3307 5234 3396 5272 so-

1877 5323 1959 5375 lus
1987 5321 2227 5372 Salvator
2251 5324 2304 5370 et
2336 5314 2589 5368 Dominus
2637 5316 2816 5361 noster
2863 5307 2914 5359 in
2946 5309 3214 5377 principio
3240 5318 3352 5362 erat
3379 5345 3395 5370 ,

1877 5411 1967 5467 Dei
2001 5409 2225 5465 Verbum
2256 5411 2392 5469 erat,
2425 5401 2564 5472 apud
2598 5399 2763 5452 Deum
2805 5405 2941 5462 erat,
2973 5404 3030 5451 et
3083 5397 3222 5452 Deus
3247 5406 3361 5451 erat
3381 5413 3397 5430 ·

3123 5657 3194 5714 33
