3834 6400
263 337 291 389 ιι
301 335 407 391 υᾯ

255 445 346 496 τὸν
381 442 646 532 σευομένα,
682 441 803 512 περὶ
830 436 887 494 οὗ
915 441 1147 512 εἴρηται·
1190 441 1336 494 Ὀδοὶ
1365 442 1576 508 ἀνδρὸς
1605 444 1661 494 αι
1691 440 1784 532 (ξο-
1814 448 1851 501 Α

255 527 473 585 κοῦσαι
531 532 689 597 ὀρθαὶ
720 528 886 590 εἶναι,
925 531 994 582 τὰ
1030 531 1226 597 μέντοι
1258 531 1557 582 τελευταῖα
1593 527 1782 581 αὐτῶν

250 620 468 687 βλέπει
517 622 602 682 είς
635 621 894 686 πυθμένα
942 619 1103 684 ᾅδου.
1157 619 1289 670 Ἀλλ’
1333 618 1554 682 ἐκεῖθεν,
1605 618 1782 685 φησιν,

252 710 470 783 ἑρῤύσω
510 726 595 778 με,
634 709 833 776 ἐπειδὴ
874 709 1072 777 γέγονε
1102 708 1164 760 τὸ
1194 709 1360 773 ἔλεός
1383 723 1501 761 σου
1527 707 1676 776 μέγα
1695 706 1783 757 ἐπ’

244 801 374 869 sps.
417 799 722 867 Εὐξάμενος
758 799 861 867 γὰρ
893 798 1120 867 μεγάλου
1149 801 1324 866 τυχεῖν
1365 798 1537 859 ἐλέους
1566 800 1620 848 ὲν
1646 795 1719 863 τῷ
1742 801 1784 847 ν’

247 888 473 958 ψαλμῷ,
518 891 575 940 ὲν
603 882 652 955 ᾧ
687 890 918 958 εἴρηκεν,
969 886 1252 952 Ἐλέησόν
1264 904 1342 955 με
1368 887 1510 938 κατὰ
1544 886 1610 937 τὸ
1637 883 1785 952 μέγα

249 979 426 1041 ἔλεός
453 991 593 1041 σου,
631 980 690 1028 ὲν
718 977 916 1038 τούτοις
959 976 1283 1044 ὁμολογεῖται
1321 975 1662 1044 τετυχηκέναι
1690 973 1783 1040 τῆς

247 1066 420 1134 εὐχῆς
437 1080 451 1094 ⁶
483 1066 562 1118 διὸ
591 1066 682 1118 καὶ
708 1064 1094 1133 ὲξομολογείται
1130 1066 1225 1132 οὐχ
1253 1063 1449 1127 ἁπλῶς,
1475 1063 1592 1116 ἀλλ’
1617 1065 1673 1114 ὲν
1692 1061 1782 1129 ὅλῃ

247 1156 416 1209 αὐτοῦ
446 1159 512 1224 τῇ
569 1154 776 1224 καρδίᾳ.
821 1153 872 1204 Ὁ
906 1152 1065 1217 Θεὸς,
1103 1153 1419 1220 παράνομοι
1463 1151 1783 1215 ἐπανέστη-

239 1261 369 1297 σαν
407 1245 500 1296 ἐπ’
535 1243 668 1312 ἐμὲ,
721 1243 812 1295 καὶ
865 1241 1171 1310 συναγωγὴ
1215 1240 1496 1308 κραταιῶν
1547 1238 1786 1306 ἐζήτησε

243 1331 362 1397 τὴν
395 1330 610 1398 ψυχήν
642 1346 777 1397 μου,
807 1329 901 1380 καί
939 1331 1008 1381 οὺ
1030 1329 1302 1395 προέθετο
1321 1345 1392 1381 σε
1419 1329 1665 1381 ἐνώπιον
1686 1329 1786 1380 αὺ-

243 1420 383 1473 τῶν.
426 1420 536 1472 Καὶ
569 1420 669 1481 σὺ,
702 1419 872 1485 Κύριε
901 1423 933 1472 ό
971 1419 1128 1482 Θεὸς,
1159 1418 1462 1484 οἰκτίρμων
1490 1417 1582 1469 καὶ
1622 1416 1782 1483 ἐλεή-

240 1527 391 1578 μων,
436 1509 813 1578 μακρόθυμος
859 1507 951 1559 καὶ
998 1506 1316 1570 πολυέλεος
1361 1505 1458 1558 καὶ
1491 1507 1781 1572 ἀληθινός.

241 1596 585 1651 Μεταόαλὼν
623 1596 727 1648 ἀπὸ
762 1597 856 1666 τῆς
898 1596 1192 1666 προσευχῆς
1229 1595 1306 1656 είς
1331 1595 1424 1664 τὴν
1471 1596 1785 1666 ἐξομολόγη-

244 1705 346 1749 σιν,
389 1687 487 1740 καὶ
513 1686 844 1755 ὁμολογήσας
875 1683 949 1752 τῷ
979 1684 1092 1752 Θεῷ
1113 1685 1208 1753 τὴν
1232 1684 1403 1754 χάριν,
1431 1684 1508 1735 ὅτι
1529 1685 1787 1754 ἐρρύσατο

244 1779 338 1846 τὴν
359 1759 545 1844 ψυχὴν
573 1773 731 1827 αὐτοῦ
753 1775 811 1837 ἐξ
834 1773 954 1844 ᾅδου
979 1773 1300 1833 κατωτάτου,
1336 1772 1668 1839 ἀπολογεῖται
1689 1775 1783 1844 τὴν

226 1865 426 1922 ,αίτίαν
455 1861 786 1930 ἐξαγορεύων
821 1863 883 1913 δι’
912 1863 977 1931 ἢν
1017 1862 1246 1930 ⁴ἥμαρτε,
1273 1861 1362 1912 καί
1409 1878 1584 1929 φησιν,
1617 1862 1693 1914 ὅτι
1728 1862 1784 1927 ἐξ

237 1949 540 2018 ἐπιϐουλῆς
575 1948 780 2001 πολλῶν
825 1951 1063 2018 ἀοράτων
1090 1949 1294 2017 ἐχθρῶν
1336 1948 1490 2001 τοῦτο
1534 1950 1782 2014 πέπονθε,

241 2039 629 2108 φθονησάντων
675 2038 831 2090 αὐτοῦ
851 2041 912 2107 τῇ
941 2037 1076 2089 κατά
1111 2036 1238 2088 Θεὸν
1279 2040 1537 2106 προκοπῇ.
1572 2039 1659 2089 Διό
1690 2057 1786 2108 φη-

242 2121 355 2180 σινὲ
406 2128 469 2179 '0
517 2128 678 2190 Θεὸς,
723 2125 1037 2193 παράνομοι
1076 2127 1488 2191 ἐπανέστησαν
1536 2128 1625 2178 ἐπ’
1664 2125 1782 2194 ἐμέ.

240 2220 302 2270 Οί
328 2217 390 2270 δὲ
425 2215 602 2268 λοιποὶ
641 2215 832 2277 πάντες
878 2216 1213 2284 ἑρμηνευταὶ,
1243 2215 1620 2282 ὑπερήφανοι,
1644 2219 1788 2286 εἰρή-

237 2323 393 2367 κασι,
428 2304 528 2365 τάς
571 2305 828 2372 ἀοράτους
861 2304 951 2355 καὶ
979 2303 1347 2372 ὑπερηφάνους
1380 2304 1629 2373 δυνάμεις
1655 2307 1787 2356 αἰνι-

239 2394 490 2463 ξάμενοι.
526 2392 742 2444 Ὀποίαν
771 2392 825 2442 δὲ
856 2391 972 2459 βίαν
1005 2390 1262 2442 πέπονθεν
1287 2394 1319 2461 ἡ
1345 2391 1434 2443 τοῦ
1465 2393 1618 2444 Δαυῒδ
1647 2392 1785 2464 ψυχὴ

236 2485 336 2553 οὐχ
361 2484 473 2535 ὑπὸ
507 2484 635 2552 μιᾶς
665 2481 955 2549 δυνάμεως,
991 2481 1098 2532 ἀλλ’
1127 2481 1226 2532 ὑπὸ
1258 2481 1528 2542 πλειόνων,
1559 2482 1786 2535 διδάσκει

235 2574 422 2641 λέγων
440 2589 455 2603 ·
491 2573 600 2626 Καὶ
636 2568 943 2638 συναγωγὴ
971 2569 1250 2636 κραταιῶν
1271 2587 1284 2599 ο
1315 2571 1346 2639 ἦ
1381 2570 1453 2633 ὡς
1475 2574 1502 2623 ὁ
1546 2572 1783 2635 Ἀκύλας,

237 2663 350 2716 Καὶ
379 2659 700 2730 συναγωγὴ
743 2657 1344 2725 κατισχυρευομένωνο
1379 2659 1409 2730 ἢ
1448 2661 1520 2722 ὼς
1562 2659 1784 2730 Σύμμα-

237 2767 356 2819 χος,
393 2748 504 2800 Καὶ
557 2743 868 2812 συναγωγὴ
922 2743 1344 2796 άνυποστάτων
1394 2744 1634 2812 ἐζήτησε
1676 2746 1786 2814 τὴν

122 2853 142 2875 ⁹
232 2837 462 2906 ψυχήν
484 2853 623 2904 μου·
664 2833 795 2887 Ἀλλ’
826 2835 858 2902 ὴ
889 2833 982 2902 μὲν
1012 2833 1116 2888 τῶν
1138 2833 1340 2904 ἐχθρῶν
1371 2835 1651 2905 συναγωγὴ
1672 2835 1785 2906 ὲζῆ.

231 2944 375 2997 τησε
408 2926 506 2994 τὴν
539 2924 713 2992 ψυχήν
745 2939 862 2990 μου,
901 2923 971 2991 μὴ
999 2922 1232 2991 θεμένων
1261 2923 1363 2992 πρὸ
1389 2921 1669 2992 ὀφθαλμῶν
1697 2924 1782 2975 τὸν

229 3018 398 3078 Θεὸν,
445 3015 508 3066 σὺ
539 3014 615 3075 δὲ,
655 3012 840 3082 Κύριε,
881 3015 1060 3082 φησὶν,
1103 3015 1242 3084 ειπερ
1289 3015 1475 3064 ἐκεῖνοι
1513 3014 1584 3082 μὴ
1618 3029 1781 3082 προσ-
1807 3037 1849 3094 C

232 3108 532 3174 εδόκησαν,
566 3102 933 3171 συνεχώρησας
963 3103 1051 3154 καὶ
1070 3102 1334 3172 ἐδωρήσω,
1359 3102 1647 3171 ῥυσάμενος
1681 3118 1778 3170 μου

230 3197 331 3265 τὴν
353 3191 540 3263 ψυχὴν
563 3191 622 3252 ἐξ
641 3190 764 3259 ᾅδου
797 3189 1095 3241 κατωτάτου
1113 3205 1125 3217 ·
1161 3191 1251 3242 καὶ
1270 3189 1406 3242 τοῦτ’
1435 3190 1685 3259 ἔπραξας,
1711 3190 1782 3252 ὡς

228 3283 546 3351 οἰκτίρμων
593 3278 688 3330 καὶ
716 3277 952 3346 ἐλεήμων
991 3281 1082 3328 καὶ
1111 3279 1448 3348 μακρόϐυμος
1477 3279 1567 3330 καὶ
1599 3278 1784 3329 πολυέ-

228 3369 381 3434 λεὸς,
414 3368 510 3420 καὶ
538 3369 595 3419 ἐν
627 3368 756 3418 πᾶσι
788 3366 987 3428 τούτοις
1013 3365 1253 3435 ἀληθινὸς
1291 3367 1560 3436 ὑπάρχων.

319 3483 698 3549 Ἐπίόλεψον
742 3482 830 3532 ἐπ’
873 3479 973 3547 ἐμὲ
1008 3479 1101 3530 καὶ
1147 3477 1400 3543 ἐλέησόν
1431 3492 1539 3544 με·
1569 3476 1672 3540 δὸς
1720 3476 1784 3528 τὸ

228 3573 467 3640 κράτος
497 3570 576 3634 τῷ
625 3570 786 3622 ,παιδί
816 3585 948 3630 σου,
998 3568 1092 3619 καί
1139 3566 1338 3619 σῶσον
1363 3566 1466 3618 τὸν
1510 3567 1640 3619 υίὸν
1682 3564 1785 3632 τῆς

229 3663 573 3727 παιδίσκης
592 3675 722 3712 σου.
741 3659 905 3728 Ὁρῶν
921 3675 1004 3726 με,
1028 3659 1205 3726 φησὶν,
1221 3656 1430 3724 ἐλέησόν
1449 3656 1785 3725 με.Δείκνυσι

224 3752 285 3804 δὲ
317 3747 528 3804 ἑαυτοῦ
553 3751 581 3801 ὁ
611 3747 767 3800 Δαυῒδ
793 3748 886 3816 τὴν
914 3746 1228 3799 ταπείνωσιν
1257 3745 1348 3796 καὶ
1379 3747 1472 3813 τῆς
1499 3745 1670 3813 ψυχῆς
1690 3744 1786 3814 τὴν

227 3841 515 3899 κάκωσιν,
544 3835 611 3904 ἣν
643 3835 873 3904 παρίστη
915 3834 1007 3886 καὶ
1040 3833 1325 3902 ἀρχόμενος
1349 3829 1445 3900 τῆς
1492 3832 1787 3901 προσευχῆς

225 3931 289 3982 ἐν
319 3923 414 3989 οἷς
443 3923 626 3990 ἔλεγε·
665 3922 897 3988 Πτωχὸς
923 3922 1018 3973 καὶ
1047 3920 1228 3985 πένης
1259 3919 1368 3987 ἐγώ
1402 3919 1531 3986 ειμι.
1572 3919 1708 3970 Ἀντὶ
1729 3919 1784 3971 δὲ

224 4019 352 4081 τοῦ,
387 4014 508 4078 Δὸς
553 4012 616 4064 τὸ
651 4009 858 4078 κράτος
897 4008 974 4072 τῷ
1017 4009 1176 4061 παιδί
1219 4024 1352 4071 σου,
1403 4008 1722 4076 σαφέστερον
1758 4010 1785 4059 ὁ

224 4106 544 4177 Σύμμαχος
569 4101 900 4169 ἠρμήνευσεν
932 4097 1112 4160 εἰπὼν,
1146 4099 1251 4163 Δὸς
1284 4097 1461 4164 ἰσχὺν
1491 4097 1645 4162 παρὰ
1673 4094 1784 4147 σοῦ

222 4196 315 4261 τῷ
346 4191 556 4256 δούλῳ
581 4203 714 4242 σου.
747 4185 858 4239 Ἵνα
897 4188 1000 4258 γὰρ
1035 4189 1104 4258 μὴ
1131 4187 1480 4256 ὲξασθενήσας
1503 4185 1781 4254 ὀλισθήσω,

227 4287 385 4357 μετὰ
434 4282 546 4334 τῶν
584 4279 752 4330 ἄλλων
795 4271 866 4330 ὧν
896 4277 1177 4346 παρέσχου,
1222 4277 1584 4346 δυναμωθῆναι
1628 4274 1778 4338 ἀξιῶ,

1391 325 1876 387 COMMENTARIA
1914 330 1979 382 IN
2015 329 2340 386 PSALMOS.

3261 340 3282 390 l
3293 335 3392 393 058

1879 442 2002 494 dum
2033 443 2219 510 inferni
2253 446 2316 498 ⁷³.
2346 442 2702 507 Veruminde,
2732 446 2830 507 ait,
2860 462 2942 499 me
2973 448 3182 510 eruisti,
3209 448 3394 518 (Vens.

1883 531 1966 595 15)
1996 534 2240 598 quoniam
2271 534 2620 586 miseriardia
2651 547 2742 587 tua
2773 552 2957 602 magna
2997 548 3074 590 est
3115 554 3268 605 super
3297 555 3394 594 nte.

1878 618 2011 672 Cum
2074 619 2215 672 enim
2267 622 2689 674 misericordiam
2753 637 2992 691 mag-nam
3039 627 3292 695 consequi
3343 628 3397 679 in

1881 707 2318 776 quinquagesimo
2358 711 2564 776 psalmo
2607 721 2850 777 precatus
2895 712 2984 773 sit,
3019 712 3072 764 in
3113 729 3218 782 quo
3255 715 3397 768 dice.

1882 798 1990 858 bat,
2023 797 2267 852 Miserere
2293 801 2390 851 mei
2417 801 2691 852 secundum
2721 817 2964 870 magnam
2989 803 3396 858 misericordiam

1879 894 2046 948 tuam,
2095 887 2181 940 hic
2207 901 2263 940 se
2311 896 2431 940 vota
2462 897 2761 942 assecutum
2804 890 3070 956 declarat;
3096 906 3260 959 quare
3291 907 3395 946 non

1881 974 2209 1040 simpliciter,
2241 976 2331 1029 sed
2380 976 2432 1028 in
2473 984 2584 1029 toto
2614 977 2774 1030 corde
2801 976 3102 1031 conﬁtetur.
3135 1009 3204 1018 —
3235 979 3393 1035 Vens.

1883 1063 1966 1124 H,
2007 1064 2092 1118 15.
2127 1063 2283 1127 Deus,
2316 1066 2478 1133 iniqui
2527 1069 2913 1119 insurrexerunt
2945 1083 3095 1135 super
3119 1086 3216 1134 me,
3242 1079 3292 1123 et
3312 1087 3397 1140 sg-

1879 1166 2076 1220 nagoga
2105 1156 2386 1218 potentium
2419 1157 2728 1222 quwsierunt
2751 1156 2977 1208 animam
3009 1174 3192 1222 meam,
3214 1167 3262 1210 et
3295 1174 3397 1213 non

1879 1251 2247 1306 proposuerunt
2271 1250 2317 1293 te
2339 1243 2390 1294 in
2408 1253 2680 1306 conspectu
2701 1259 2812 1296 suo.
2841 1243 2908 1296 Et
2929 1257 3004 1306 tu,
3035 1245 3248 1300 Domine
3259 1247 3397 1300 Deus

1882 1329 2153 1381 miseratur
2180 1340 2224 1382 et
2256 1331 2563 1409 misericors,
2587 1333 2784 1397 patiens
2812 1341 2860 1384 et
2901 1334 3074 1387 multa:
3112 1337 3398 1389 misericor-

1882 1417 1982 1470 dia:
2035 1427 2082 1470 et
2126 1434 2300 1473 verax.
2329 1419 2461 1473 Cum
2499 1435 2563 1473 ex
2594 1421 2834 1474 oratione
2888 1423 2954 1475 ad
3009 1423 3395 1479 confessionem

1882 1519 2170 1561 conversus
2193 1515 2355 1569 esset,
2383 1507 2557 1561 fassus
2580 1524 2636 1562 se
2660 1507 2765 1562 Deo
2794 1511 3015 1578 gratiam
3042 1512 3254 1576 habere,
3271 1515 3397 1581 quia

1882 1594 2160 1662 eripuisset
2190 1597 2416 1648 animam
2441 1611 2590 1650 suam
2620 1613 2684 1651 ex
2717 1599 2923 1651 inferno
2953 1598 3186 1653 inferiori
3208 1619 3221 1666 ;
3247 1604 3397 1670 quasi

1884 1684 1948 1736 ad
1979 1683 2341 1737 defensionem
2385 1700 2556 1748 suam,
2590 1701 2805 1741 causam
2842 1689 2993 1742 aﬂert
3021 1704 3117 1742 cur
3147 1705 3401 1758 peccave-

1884 1772 1971 1836 rit,
2003 1773 2354 1840 complurium
2386 1773 2733 1828 invisibilium
2774 1777 3134 1840 inimicorum,
3174 1781 3265 1848 qui
3302 1795 3400 1834 suo

1882 1860 2168 1913 secundum
2200 1859 2361 1912 Deum
2397 1861 2654 1928 profectui
2679 1864 2994 1928 inviderent,
3026 1868 3232 1922 insidiis
3255 1870 3304 1922 id
3343 1886 3401 1924 se

1882 1963 2194 2017 perpessum
2241 1949 2527 2005 atlirmans.
2563 1951 2738 2015 Quare
2764 1954 2839 2006 ait
2871 1974 2882 2007 :
2919 1955 3052 2008 Deus
3079 1997 3092 2020 ,
3123 1959 3283 2028 iniqui
3307 1961 3398 2013 rin-

1881 2045 2214 2088 surreaterunt
2257 2053 2408 2103 super
2453 2055 2548 2090 me.
2583 2039 2790 2108 Reliqui
2832 2057 2956 2095 vero
2995 2058 3182 2099 omnes
3235 2046 3399 2100 inter-

1883 2135 2077 2192 pretes,
2131 2127 2353 2191 superbi,
2395 2127 2660 2189 dixerunt,
2693 2130 2984 2186 invisibiles
3039 2143 3092 2185 et
3142 2137 3398 2201 superbas

1881 2213 2102 2267 virtutes
2136 2215 2556 2269 subindicantes.
2585 2215 2751 2280 Quam
2790 2233 2950 2286 porro
2998 2221 3100 2272 vim
3148 2237 3397 2290 perpessa

1883 2301 1953 2354 sit
1982 2301 2199 2357 Davidis
2229 2305 2429 2366 anima,
2463 2321 2566 2357 non
2610 2306 2677 2359 ab
2711 2321 2813 2359 una
2844 2307 3056 2370 virtute,
3086 2310 3179 2363 sed
3209 2327 3238 2362 a
3281 2311 3392 2379 piu-

1883 2389 2050 2450 ribus,
2084 2389 2198 2458 ipse
2238 2390 2391 2444 docet
2426 2391 2508 2444 his
2556 2393 2730 2446 verbis
2760 2412 2772 2445 :
2803 2391 2872 2444 Et
2919 2409 3175 2464 synagoga
3223 2407 3399 2464 palen.

1883 2478 2046 2539 tium;
2065 2478 2176 2531 sive
2198 2464 2254 2531 ut
2274 2479 2485 2547 Aquila,
2516 2479 2581 2531 Et
2605 2497 2862 2549 synagoga
2897 2481 3282 2545 roboratorum;
3307 2495 3399 2538 aut

1883 2573 1940 2618 ut
1970 2564 2337 2635 Symmachus,
2366 2568 2432 2620 Et
2465 2585 2719 2638 synagoga
2742 2570 3140 2624 intolerabilium
3169 2577 3400 2642 quwsivit

1882 2652 2108 2708 animam
2147 2673 2328 2710 meam.
2369 2657 2563 2712 Verum
2595 2675 2858 2730 synagoga
2909 2662 3118 2730 quidem
3156 2664 3397 2719 inimico-

1881 2758 1996 2795 rum
2031 2746 2270 2812 quaesivit
2309 2746 2537 2800 animam
2577 2763 2766 2810 meam,
2815 2750 2905 2818 qui
2945 2765 3051 2804 non
3107 2763 3398 2820 posuerunt

1880 2831 2044 2888 Deum
2097 2844 2218 2889 ante
2270 2838 2453 2891 oculos
2502 2853 2628 2892 suos
2665 2856 2676 2889 :
2709 2845 2764 2891 tu
2812 2847 3006 2903 autem,
3056 2841 3298 2906 Domine,
3337 2859 3400 2898 ea

1880 2926 2212 2990 concessisti,
2236 2941 2298 2980 ea
2331 2925 2560 2989 dedisti,
2588 2942 2704 2994 quae
2736 2928 2834 2996 ipsi
2870 2944 2972 2982 non
2993 2932 3398 2998 exspectabant,

1881 3025 2002 3064 cum
2053 3013 2283 3064 animam
2309 3028 2475 3066 meam
2505 3014 2742 3068 liberasti
2779 3031 2841 3068 ex
2877 3016 3080 3070 inferno
3129 3017 3388 3074 inferiori.

1879 3097 2040 3167 quue
2070 3101 2384 3168 prmstitisti,
2423 3110 2603 3169 utpote
2641 3104 2961 3168 misericors,
3001 3107 3298 3172 miserator,
3337 3117 3389 3163 ct

1879 3191 2084 3258 patiens
2105 3199 2156 3244 et
2181 3192 2356 3245 multa:
2388 3192 2762 3246 misericordia:
2791 3209 2806 3246 :
2837 3194 2891 3246 in
2917 3196 3274 3266 omnibusque
3328 3199 3396 3255 iis

1881 3293 2041 3332 verax
2073 3279 2242 3334 fuisti.

1950 3468 2111 3525 Vsus.
2156 3471 2238 3524 £6.
2273 3471 2480 3539 Respice
2521 3473 2572 3523 in
2598 3488 2674 3525 me
2701 3482 2748 3525 et
2778 3472 3014 3527 miserere
3043 3476 3139 3528 mei
3167 3475 3275 3538 ςώα
3303 3477 3399 3528 im-

1877 3560 2075 3626 perium
2097 3576 2252 3626 puero
2286 3569 2394 3623 tuo,
2421 3571 2468 3614 et
2498 3559 2694 3612 salvum
2722 3560 2809 3628 [ac
2839 3561 3234 3629 ﬁliumancilla:
3271 3573 3394 3618 tua.

1881 3649 2214 3718 Respiciens,
2249 3650 2439 3718 inquit,
2481 3664 2584 3713 me,
2639 3652 2891 3706 miserere
2929 3653 3051 3706 mei.
3086 3651 3181 3706 Hic
3238 3669 3398 3722 porro

1887 3735 2049 3790 David
2083 3737 2432 3791 humilitatem
2465 3753 2615 3791 suam
2645 3746 2701 3792 et
2747 3739 2909 3792 animi
2939 3739 3276 3795 afﬂictionem
3307 3759 3400 3797 ex—

1882 3827 2049 3891 hibet,
2082 3843 2240 3896 quam
2277 3828 2401 3879 item
2441 3827 2495 3880 in
2524 3829 2782 3890 orationis
2824 3829 3045 3883 exordio
3089 3831 3398 3897 declaravit,

1883 3932 2003 3972 cum
2026 3915 2245 3978 diceret,
2279 3915 2434 3983 Inops
2463 3926 2512 3970 et
2536 3932 2730 3985 pauper
2767 3933 2880 3970 sum
2915 3935 3025 3987 ego.
3051 3917 3154 3972 Pro
3183 3919 3274 3971 illo
3303 3936 3399 3972 au-

1881 4014 2008 4068 tem,
2037 4004 2120 4058 Da
2143 4006 2411 4072 imperium
2450 4022 2606 4073 puero
2640 4016 2746 4071 tuo,
2777 4009 3010 4071 apertius
3048 4006 3401 4076 Symmachus

1883 4093 2260 4161 interpretatus
2286 4100 2368 4146 est
2417 4093 2500 4147 his
2532 4094 2707 4148 verbis
2739 4111 2752 4147 :
2800 4093 2880 4146 Da
2920 4093 3076 4147 robur
3110 4111 3142 4146 a
3182 4103 3229 4146 te
3257 4111 3400 4148 seruo

1883 4189 1989 4234 tuo.
2017 4179 2288 4249 Siquidem
2337 4195 2402 4234 ne
2430 4195 2495 4233 ex
2540 4180 2844 4234 inﬁrmitate
2880 4197 3112 4250 peream,
3135 4197 3256 4238 cum
3279 4183 3400 4236 aliis

1882 4286 2000 4338 qua:
2025 4271 2246 4340 largitus
2274 4288 2352 4336 es,
2380 4272 2538 4326 etiam
2577 4271 2818 4324 roborari
2847 4287 2931 4326 me
2959 4271 3201 4340 postulo,
3240 4279 3297 4325 ut
3335 4287 3402 4326 ne

225 4355 380 4447 πρὸς
430 4371 492 4423 τὸ
534 4369 606 4440 μὴ
640 4366 790 4430 αὖθις
836 4366 1326 4435 καταπαλαισθῆναι
1367 4367 1467 4418 ὑπὸ
1495 4367 1589 4436 τῆς
1627 4382 1784 4417 συνα-

1886 4360 2074 4411 iterum
2099 4360 2374 4430 impugner
2403 4375 2432 4413 a
2451 4374 2718 4429 synagoga
2740 4360 3056 4427 potentium.
3097 4357 3185 4413 Sic
3213 4361 3402 4415 robore

225 4461 437 4530 γωγῆς
479 4456 590 4507 τῶν
640 4454 922 4524 κραταιῶν.
983 4451 1131 4504 Οὕτω
1171 4451 1227 4503 δέ
1276 4469 1340 4522 με
1385 4453 1786 4522 ίσχυροποιήσας

227 4551 466 4609 σώσεις,
497 4547 571 4607 ὼς
604 4545 666 4597 ἄν
692 4559 780 4594 σου
803 4541 979 4594 δοῦλον
1005 4541 1301 4608 γενόμενον,
1329 4540 1438 4592 υἱὸν
1467 4540 1521 4591 δὲ
1544 4541 1639 4608 τῆς
1665 4557 1788 4592 παι-

226 4639 439 4706 δίσκης
477 4649 592 4695 σου,
625 4632 738 4698 ἦτοι
791 4631 885 4698 τῆς
925 4628 1232 4698 Ἐκκλησίας
1263 4644 1372 4691 σου,
1402 4628 1434 4698 ἢ
1479 4629 1569 4681 xui.
1599 4629 1694 4697 τῆς
1731 4630 1786 4680 ὲν

225 4731 302 4797 τῇ
325 4723 478 4779 κατὰ
498 4721 628 4773 Θεὸν
645 4719 852 4788 παιδείᾳ
865 4718 1196 4789 θρεψαμένης
1210 4716 1364 4770 αὐτὸν
1387 4717 1602 4786 μητρός,
1626 4717 1789 4782 Ποίη.

228 4833 364 4871 σον
384 4813 516 4883 μετ’
555 4811 696 4878 ἐμοῦ
727 4808 968 4877 σημεῖον
1001 4810 1083 4872 εἰς
1108 4807 1343 4874 ἀγαθὸν,
1381 4808 1472 4859 καὶ
1508 4805 1789 4858 ὶδέτωσαν

1885 4450 2065 4502 addito
2094 4466 2174 4503 me
2201 4451 2459 4512 servabis,
2478 4457 2660 4518 utpote
2689 4462 2901 4502 servum
2934 4457 3102 4514 tuum;
3121 4450 3284 4503 tilium
3314 4466 3403 4504 an-

1885 4539 2018 4590 cilla:
2071 4547 2202 4600 tum,
2243 4540 2354 4593 sive
2399 4537 2649 4590 Ecclesia:
2697 4543 2831 4600 tuae;
2863 4537 2944 4589 vel
2988 4538 3174 4592 matris
3205 4553 3322 4607 quae
3347 4540 3402 4592 in

1884 4635 2032 4680 recto
2058 4628 2348 4682 secundum
2379 4626 2546 4679 Deum
2585 4626 2832 4680 instituto
2864 4625 3038 4693 ipsum
3067 4625 3403 4682 educavit.—-—

1887 4718 2048 4773 Vsus.
2084 4719 2169 4772 17.
2206 4717 2315 4770 Fac
2349 4732 2542 4769 meeum
2571 4717 2774 4785 signum
2802 4715 2859 4766 in
2890 4717 3094 4780 bonum,
3118 4727 3166 4769 et
3198 4718 3402 4772 uideant

1882 4810 1970 4878 qui
2007 4808 2218 4860 oderunt
2241 4823 2337 4870 me,
2371 4815 2418 4858 et
2467 4803 2870 4872 confundantur,
2900 4805 3145 4870 quoniam
3185 4815 3260 4867 tu,
3301 4805 3401 4860 Do-

1885 4898 2036 4960 mine,
2054 4896 2296 4963 adjuviin
2319 4910 2395 4946 me
2417 4903 2466 4945 et
2496 4893 2787 4946 consolatus
2811 4906 2863 4943 es
2903 4907 3002 4944 me.
3050 4891 3407 4956 Quemadmo—

1885 4986 2010 5038 dum
2063 4985 2227 5038 Caino
2265 4984 2476 5052 signum
2535 4986 2713 5048 posuit
2760 4979 2920 5039 Deus,
2961 4981 3213 5046 nequitiae
3261 4981 3406 5034 illius

1885 5072 2160 5133 indicium,
2193 5070 2330 5138 quod
2359 5069 2569 5136 signum
2606 5067 2697 5135 qui
2731 5065 2998 5127 videbant,
3023 5065 3089 5117 ab
3115 5079 3180 5117 eo
3206 5065 3406 5118 interii.

1885 5162 2073 5216 cicndo
2097 5161 2414 5214 arcebantur
2435 5161 2500 5221 ⁷⁵,
2521 5162 2644 5228 quia
2671 5158 2813 5211 Deus
2841 5155 3155 5208 decreverat
3182 5163 3240 5206 ut
3265 5155 3410 5224 inge-

1883 5254 2130 5307 misceret
2157 5259 2209 5304 et
2247 5256 2494 5302 tremeret
2524 5265 2682 5317 super
2713 5258 2908 5299 terram
2943 5261 2959 5294 :
2991 5243 3074 5295 sic
3111 5243 3270 5294 etiam
3294 5259 3412 5310 per-

1881 5342 2036 5394 fectis
2087 5340 2196 5393 suis
2234 5338 2440 5405 signum
2471 5338 2562 5391 dat
2606 5338 2658 5388 in
2687 5335 2913 5392 bonum,
2945 5327 3094 5396 quod
3131 5336 3419 5382 cernentes

1882 5429 2035 5483 amici
2079 5426 2341 5496 gaudent;
2383 5423 2586 5477 inimici
2615 5437 2744 5478 vero
2792 5427 2847 5473 et
2874 5417 2965 5486 qui
3004 5415 3237 5468 oderunt
3271 5425 3425 5480 eum.

227 4913 292 4962 οἱ
335 4902 668 4978 μισοῦντές
700 4916 794 4968 με,
853 4897 948 4950 καὶ
995 4897 1500 4965 αἱσχυνθήτωσαν,
1556 4896 1641 4948 ὅτι
1684 4894 1784 4956 σὺ,

232 5003 466 5067 Κύριε,
523 4991 852 5066 ἐόίοήθησάς
905 5006 1022 5058 μοι,
1085 4987 1179 5039 καὶ
1237 4985 1641 5052 παρεκάλεσάς
1692 5000 1786 5050 με.

233 5093 469 5157 Ὥσπερ
499 5084 578 5136 τῶ
605 5084 740 5135 Κάῖν
785 5083 998 5148 σημεῖον
1039 5077 1182 5129 ἔθετο
1210 5075 1237 5127 ὁ
1260 5075 1386 5136 Θεὸς
1413 5075 1506 5142 τῆς
1537 5075 1786 5142 πονηρίας

230 5177 422 5233 αὑτοῦ
440 5169 750 5243 δηλωτικὸν,
774 5170 904 5238 ὅπερ
923 5169 1135 5235 σημεῖον
1157 5166 1204 5215 οἱ
1225 5160 1537 5234 θεωροῦντες
1553 5163 1788 5232 εἴργοντο

229 5267 345 5323 τοῦ
375 5263 582 5318 ἀνελεῖν
615 5259 791 5317 αὐτὸν,
819 5257 903 5308 διὰ
931 5258 988 5308 τὸ
1011 5259 1178 5324 κρῖναι
1209 5253 1296 5304 τὸν
1321 5253 1446 5303 Θεὸν
1481 5251 1675 5303 στένειν
1698 5253 1788 5303 καὶ

231 5354 478 5426 τρέμειν
517 5347 677 5402 αὐτὸν
710 5345 798 5396 ἐπὶ
828 5344 958 5412 γῆς’
992 5343 1128 5394 οὕτω
1174 5340 1264 5391 καὶ
1303 5342 1411 5400 τοῖς
1453 5338 1667 5399 τελείοις
1692 5340 1788 5390 αύ-

229 5443 348 5497 τοῦ
380 5438 601 5509 σημεῖον
626 5435 703 5493 είς
730 5431 923 5497 ἀγαθὸν
943 5430 1165 5490 δίδωσιν,
1187 5430 1318 5496 ὅπερ
1347 5428 1590 5499 ὁρῶντες,
1618 5429 1665 5478 οἱ
1693 5428 1785 5496 μὲν

321 5603 376 5631 ὐ
398 5598 559 5650 Prov.
591 5603 701 5649 va,
729 5585 817 5638 25.
891 5587 933 5617 ⁷⁸
972 5586 1101 5639 Gen.
1137 5599 1204 5655 tv,
1245 5583 1324 5637 l5.
