3834 6396
261 453 417 508 1041

1427 432 1912 506 communium
1949 454 2010 507 IN
2048 453 2378 508 PSALMOS.

1613 40 1740 50 --τ-ν-η
1759 39 1820 46 _——
1834 37 2035 44 -~—-————.-

3309 451 3446 506 1012

251 566 408 618 υἰῶν
434 564 598 634 Κορὲ,
639 561 728 624 οὒς
759 565 849 616 καὶ
876 564 1169 625 ἀκολούθως
1209 559 1440 628 συνάψας
1467 563 1522 615 ἑν
1558 562 1634 632 τῷ
1660 563 1806 634 τρίτη

1922 565 2102 618 Oratio
2129 565 2340 619 Davidis
2367 570 2572 632 reperta
2598 563 2803 628 fuisset,
2835 578 2950 616 eam
2979 570 3096 631 post
3121 578 3316 618 Lxxxtv
3353 583 3444 622 re-

250 654 366 706 καὶ
404 660 462 704 π’
494 653 586 704 καλ¹
608 651 680 720 τῷ
701 651 779 702 πδ¹
812 650 1110 714 κατέταξεν.
1137 647 1265 702 Εἶτα
1293 650 1486 717 μεταξὺ
1512 649 1602 702 τοῦ
1631 652 1814 721 χρόνου

244 743 367 809 τῆς
405 740 504 792 τοῦ
535 739 692 790 Δαυῒδ
735 740 1040 809 Προσευχῆς
1087 738 1414 810 εὑρεθείσης,
1469 739 1693 790 ἐνθεῖναι
1725 739 1816 791 καὶ.

248 832 484 900 ταύτην
528 831 662 900 μετὰ
687 831 774 882 τὸν
799 831 899 885 πδ’.
921 831 1026 882 Καὶ
1056 831 1211 883 πάλιν
1243 828 1378 899 μετὰ
1397 830 1493 898 τὴν
1514 829 1816 899 Προσευχὴν

246 921 363 975 τοῦ
392 919 580 983 Δαυῒδ,
605 923 660 972 ὲν
685 927 764 971 πε¹
792 921 936 989 τόπῳ
957 920 1386 989 καταλεχθεῖσαν,
1411 919 1688 989 εὑρεθῆναι
1714 919 1819 970 ἑτέ-

249 1028 402 1081 ρους
457 1009 551 1062 δύο
579 1011 697 1062 Τῶν
729 1011 856 1062 υἰῶν
883 1010 1042 1079 Κορὲ,
1085 1009 1174 1062 τὸν
1207 1009 1340 1079 μετὰ
1378 1012 1560 1080 χεῖρας
1598 1010 1688 1060 καὶ
1730 1009 1818 1060 τὸν

243 1101 478 1170 ἐφεξῆς
511 1101 656 1170 αὐτῷ
676 1117 688 1128 ⁸
716 1101 772 1165 ἑξ
813 1101 1048 1170 ἀνάγκης
1075 1116 1131 1152 τε
1159 1101 1248 1152 καὶ
1273 1101 1463 1162 αὐτοὺς
1506 1099 1818 1167 συναχθῆναι

1919 657 2111 723 posuit.
2150 659 2224 708 Ac
2273 671 2484 709 rursum
2545 662 2662 722 post
2709 653 3016 706 Orationem
3063 653 3444 726 Davidis,quae

1919 763 2092 799 Lxxxv
2125 762 2346 800 numero
2399 747 2570 815 posita
2608 747 2798 808 fuerat,
2824 747 3068 799 inventos
3105 745 3270 800 fuisse
3301 749 3443 804 dicet

1918 833 2052 888 duos
2081 835 2212 887 alios
2239 833 2496 887 Filiorum
2513 834 2670 899 Core,
2705 836 2846 887 hunc
2872 849 3028 903 quem
3055 842 3450 898 tractamus,.et.

1920 936 2223 993 sequentem
2279 943 2292 977 τ
2341 939 2403 977 ac
2451 925 2530 980 sic
2583 925 2888 980 necessario
2931 923 3170 978 Orationi
3224 923 3442 981 Davidis

1919 1012 2232 1080 conjunctos
2272 1011 2460 1067 fuisse.
2511 1011 2741 1081 ldipsum
2790 1026 2951 1080 porro
2978 1010 3170 1064 dixerit
3215 1009 3352 1064 idem
3384 1011 3440 1064 in

1919 1100 2246 1167 reliquorum
2277 1100 2601 1168 psalmorum
2635 1099 2965 1154 ordinatione
2991 1099 3298 1168 contigisse.

241 1195 326 1262 τῇ
366 1195 657 1262 Προσευχῇ
682 1191 772 1244 τοῦ
793 1191 968 1246 Δαυῖδ.
991 1193 1090 1245 Τὸν
1109 1193 1263 1246 αὐτὸν
1294 1192 1346 1244 δὲ
1369 1192 1520 1260 λόγον
1545 1191 1802 1261 ὑπάρχειν
1838 1194 1866 1244 ὁ
1888 1192 2044 1256 αὐτὸς
2069 1193 2210 1245 εἴποι
2229 1192 2292 1245 ἂν
2320 1193 2412 1248 καὶ
2430 1194 2520 1247 ὲπί
2545 1196 2642 1264 τῆς
2663 1193 2767 1246 τῶν
2794 1194 2988 1247 λοιπῶν
3045 1194 3268 1263 ψαλμῶν
3319 1209 3438 1246 συν-

244 1281 501 1346 θέσεως.

329 1398 686 1454 Πιστώσεται
712 1401 766 1456 δὲ
789 1400 848 1454 τὸ
873 1400 1185 1471 λελεγμένον
1207 1402 1311 1454 ἀπὸ
1329 1401 1667 1470 προφητικῶν
1688 1401 1816 1454 ἀπο-

241 1489 491 1552 δείξεων
510 1505 525 1519 ο
561 1490 682 1541 ἐπεὶ
703 1489 809 1561 γὰρ
847 1490 903 1542 ὲν
931 1491 1046 1552 ταῖς
1083 1492 1435 1558 προφητικαῖς
1463 1490 1655 1559 βίϐλοις
1688 1490 1815 1542 πολ-

243 1577 430 1640 λάκις
461 1580 610 1631 ἐστὶν
642 1580 816 1649 εὑρεῖν
842 1579 909 1632 τὰ
930 1579 1006 1648 τῷ
1027 1579 1194 1649 χρόνῳ
1222 1579 1570 1649 προλεχθέντα
1596 1580 1816 1650 δεύτερα

245 1670 504 1738 κείμενα
527 1672 592 1738 τῇ
622 1669 788 1734 τάξει,
816 1670 906 1721 καὶ
931 1669 998 1720 τὰ
1023 1669 1450 1738 προφητευθέντα
1469 1669 1665 1740 ὕστερα
1685 1687 1814 1740 προ-

245 1757 585 1827 τεταγμένα
606 1756 712 1809 τῶν
746 1757 1080 1827 προαγόντων
1105 1758 1212 1817 τοῖς
1243 1756 1464 1824 χρόνοις.
1483 1756 1537 1808 ’0
1568 1756 1694 1823 γοῦν
1726 1756 1819 1808 Ἰε-

1983 1399 2104 1451 llaec
2140 1411 2263 1451 vero
2292 1396 2551 1451 sententia
2594 1395 2916 1465 prepbeticis
2961 1399 3215 1468 exemplis
3241 1399 3435 1454 conﬁr-

1915 1498 2089 1540 matur
2119 1503 2132 1539 :
2168 1499 2290 1538 nam
2321 1485 2375 1537 in
2404 1485 2730 1552 propheticis
2766 1486 2914 1540 libris
2955 1486 3258 1556 frequenter
3289 1505 3437 1559 repe-

1912 1576 2019 1629 rire
2048 1582 2128 1628 est
2157 1589 2238 1635 ea,
2265 1588 2382 1642 qua:
2408 1574 2555 1642 prius
2584 1573 2726 1626 dicta
2756 1583 2899 1636 sunt,
2931 1577 3164 1629 secundo
3190 1579 3307 1631 loco
3341 1594 3436 1647 po-

1914 1665 2036 1726 sita,
2086 1669 2138 1715 et
2187 1677 2303 1732 quae
2349 1671 2618 1732 postremo
2663 1666 3010 1732 praenuntiata
3055 1677 3196 1731 sunt,
3225 1667 3291 1722 iis
3319 1683 3437 1736 qua:

1915 1760 2295 1823 prmcesserant
2319 1753 2612 1821 praemissa.
2641 1753 2770 1806 Nam
2801 1753 3056 1809 Jeremias
3081 1756 3283 1808 initium
3314 1773 3436 1826 pro-

250 1848 474 1918 ρεμίας
509 1845 865 1916 προφητεύειν
898 1845 992 1914 μὲν
1015 1844 1234 1914 ἄρχεται
1280 1846 1369 1896 ἐπὶ
1399 1845 1615 1907 Ἰωσίου,
1643 1862 1806 1915 παρα-

1918 1843 2165 1912 phetaudi
2193 1843 2339 1895 ducit
2367 1857 2396 1894 a
2427 1851 2661 1910 tempore
2686 1841 2875 1906 Josiae;
2903 1850 2956 1897 et
2985 1859 3152 1912 usque
3178 1844 3244 1896 ad
3274 1843 3436 1899 Sede:

243 1935 433 1987 τείνει
460 1934 520 1986 δὲ
554 1933 712 2004 μέχρι
739 1932 977 1985 Σεδεκίου
1007 1933 1095 1985 καί
1121 1933 1216 2001 τῆς
1242 1931 1603 2001 αἰχμαλωσίαις
1622 1949 1634 1961 ·
1659 1931 1807 1982 Σεδε-

245 2026 390 2088 κίας
429 2024 474 2077 δ’
503 2021 570 2094 ἦν
602 2024 851 2094 τέταρτος
881 2023 984 2075 ἀπὸ
1017 2023 1213 2075 Ἰωσίου
1249 2021 1508 2090 βασιλεύς.
1533 2022 1683 2074 Μετὰ
1708 2025 1809 2092 γὰρ

258 2115 496 2167 Ἰωσίαν
525 2112 769 2181 δεύτερος
800 2113 1046 2180 Ἰωακείμ
1075 2111 1183 2172 υἰὸς
1214 2111 1371 2163 αὑτοῦ
1400 2111 1684 2180 διαδέχεται
1715 2111 1810 2180 τὴν

244 2204 448 2273 ἀρχήν
467 2220 482 2233 ·
525 2201 643 2271 μεθ’
671 2201 728 2252 ὃν
753 2201 926 2271 τρίτος
959 2201 1221 2269 Ἰεχωνίας
1251 2202 1361 2264 υἱὸς
1390 2200 1663 2270 Ἰωακείμ·
1696 2200 1808 2270 μεθ’

243 2294 308 2347 ὃν
362 2295 636 2362 τέταρτος
685 2292 932 2354 Σεδεκίας
982 2293 1198 2360 ἁδελφὸς
1243 2292 1518 2360 Ἰωακείμ·
1561 2292 1678 2344 καθ’
1719 2291 1809 2355 οὓς

245 2381 519 2440 ἅπαντας
551 2379 643 2431 τοῦ
677 2378 932 2448 Ἱερεμίου
960 2378 1436 2447 προφητεύσαντος,
1465 2380 1496 2448 ἡ
1534 2378 1809 2448 ἐπώνυμος

243 2467 439 2521 αὐτοῦ
471 2467 658 2538 γραφῇ
677 2467 895 2538 ἄρχεται
921 2469 1013 2537 μὲν
1036 2467 1138 2519 άπὸ
1169 2467 1390 2519 Ἰωσίουο
1422 2463 1535 2520 εἶτα
1556 2469 1808 2538 προϊοῦσα

246 2557 553 2626 μέμνηται
581 2533 833 2623 Ἰεχωνῐου
857 2555 945 2606 τοῦ
962 2555 1136 2623 τρίτου
1163 2555 1265 2606 ἀπὸ
1298 2554 1519 2606 Ἰωσίου·
1543 2550 1656 2607 εἶτα
1678 2573 1809 2626 προ-

244 2643 499 2714 φητεύει
525 2644 593 2695 τὰ
620 2644 710 2694 ἐπὶ
737 2643 994 2706 Σεδεκίου,
1024 2643 1080 2705 ὃς
1108 2639 1172 2712 ἦν
1192 2643 1438 2712 τέταρτος
1455 2643 1558 2695 ἀπὸ
1591 2643 1804 2696 Ἰωσίουο

241 2731 331 2797 οἷς
371 2733 515 2801 ἑξῆς
544 2733 722 2802 τίθησι
751 2733 816 2785 τὰ
850 2735 904 2784 ὲν
927 2733 1000 2801 τῷ
1029 2733 1266 2802 τετάρτῳ
1293 2735 1380 2785 ἐπὶ
1412 2735 1656 2802 Ἰωακεὶμ
1682 2750 1808 2803 προ-

245 2821 632 2893 φητευθέντα,
666 2821 724 2884 ὃς
753 2817 819 2890 ῆν
846 2820 1084 2892 δεύτερος
1130 2821 1260 2890 μετὰ
1292 2823 1510 2874 Ἰωσίαν.
1543 2820 1649 2873 Εἴθ’
1687 2823 1808 2890 ἑξῆς

245 2909 468 2976 ἐπάγει
497 2908 564 2960 τὰ
587 2909 644 2960 ἐν
676 2911 812 2976 ἀρχῇ
840 2908 930 2961 τοῦ
962 2909 1121 2961 αὑτοῦ
1157 2909 1428 2978 Ἰωακείμ·
1459 2905 1572 2961 εἶτα
1611 2909 1678 2960 τὰ
1719 2911 1807 2962 ἐπὶ

243 3001 547 3062 Σεδεκίου,
579 3000 671 3052 καὶ
696 3000 852 3052 πάλιν
877 2999 944 3051 τά
971 3001 1060 3051 ἐπὶ
1091 3001 1353 3070 Ἰωακείμ.
1385 2996 1511 3052 Εἶτα
1547 3002 1806 3070 μέμνηται

244 3089 353 3157 τῆς
395 3086 777 3155 αἰχμαλωσίας
808 3087 901 3155 τῆς
928 3087 1004 3148 εἰς
1027 3086 1329 3145 Βαϐυλῶνα,
1350 3087 1441 3138 καὶ
1461 3087 1533 3148 ὡς
1563 3089 1693 3156 μετὰ
1716 3088 1807 3137 Σε-

1909 1934 2044 1985 ciam
2067 1939 2119 1984 et
2147 1931 2504 1999 captivitatem
2528 1933 2780 2000 pertingit
2812 1950 2824 1984 :
2856 1931 3104 1987 Sedeeias
3131 1947 3255 1987 vero
3276 1949 3440 2002 quar-

1909 2029 1992 2074 tus
2023 2029 2136 2074 erat
2173 2037 2204 2073 a
2248 2019 2391 2074 Josia
2426 2037 2538 2074 rex.
2571 2020 2696 2074 Post
2737 2020 2935 2074 Josiam
2979 2022 3121 2076 enim
3169 2025 3438 2082 secundus

1907 2126 2125 2179 regnum
2155 2111 2350 2178 excipit
2373 2108 2612 2162 Joachim
2644 2109 2782 2165 filius
2807 2111 2944 2177 ejus,
2976 2111 3075 2164 sub
3107 2113 3219 2165 haec
3248 2115 3435 2170 tertius

1905 2198 2186 2253 Jcchonias
2211 2199 2350 2252 ﬁlius
2375 2197 2635 2260 Joacliim,
2666 2208 2717 2252 et
2748 2208 2864 2267 post
2887 2215 3004 2252 eum
3029 2209 3251 2268 quartus
3272 2201 3434 2255 Sede-

1907 2290 2015 2343 cias
2049 2289 2208 2340 frater
2234 2287 2472 2341 Joachim
2503 2307 2516 2342 :
2551 2303 2612 2341 ac
2643 2304 2762 2341 cum
2789 2287 3045 2342 Jcremias
3076 2290 3158 2343 his
3184 2290 3435 2345 omnibus

1906 2379 2250 2447 regnantibus
2285 2380 2701 2447 prophetaverit,
2745 2379 2861 2445 ejus
2905 2378 3180 2447 Scriptura
3209 2394 3239 2431 a
3285 2377 3433 2433 Josia

1905 2466 2034 2531 init;
2068 2467 2167 2520 sub
2206 2467 2316 2520 haec
2364 2466 2648 2528 Jechoniae,
2680 2466 2768 2534 qui
2812 2467 3002 2520 tertius
3049 2481 3077 2518 a
3117 2465 3263 2520 Josia
3296 2475 3429 2530 erat,

1906 2557 2146 2608 meminit
2170 2575 2184 2622 ;
2211 2567 2321 2610 tum
2348 2573 2408 2611 ea
2438 2573 2558 2625 qua:
2594 2557 2694 2610 sub
2728 2555 2946 2610 Scdccia
2975 2557 3315 2620 vaticinatur,
3339 2557 3431 2626 qui

1906 2654 2126 2713 quartus
2151 2653 2266 2699 erat
2293 2661 2321 2698 a
2349 2645 2494 2699 Josia
2533 2665 2545 2700 :
2583 2647 2665 2700 his
2693 2654 2884 2715 quarto
2912 2648 3028 2701 loco
3070 2648 3344 2716 subiungit
3367 2663 3432 2702 ea

1904 2750 2020 2802 qua:
2046 2735 2400 2801 praenuntiata
2449 2743 2572 2788 sunt
2611 2736 2710 2789 sub
2737 2735 2997 2798 Joacbiln,
3029 2737 3120 2805 qui
3164 2737 3432 2792 secundus

1904 2829 2025 2890 post
2055 2820 2252 2875 Josiam
2284 2832 2416 2876 erat.
2449 2823 2645 2891 Adjicit
2696 2821 2876 2892 postea
2929 2842 3047 2894 qua:
3079 2825 3132 2878 in
3169 2825 3431 2894 principio

1906 2909 2074 2978 ipsius
2107 2908 2344 2962 Joachim
2375 2911 2515 2964 dicta
2543 2920 2706 2976 sunt;
2745 2914 2868 2965 hinc
2895 2929 3011 2982 quae
3042 2914 3144 2966 sub
3175 2902 3429 2980 Sedeeia;

1905 3014 2115 3051 rursum
2145 3015 2206 3052 ea
2231 3014 2348 3068 qua:
2376 3000 2475 3054 sub
2513 2999 2771 3053 Joacbim.
2819 3001 3016 3055 Deinde
3065 3003 3428 3070 captivitatem

1905 3088 1957 3139 in
1989 3087 2306 3157 Babylonem
2342 3090 2600 3150 meminit,
2628 3099 2679 3142 et
2706 3091 2971 3158 quomodo
3001 3102 3119 3160 post
3153 3092 3428 3146 Sedeciam

242 3175 452 3229 δεκίαν
485 3174 719 3241 κατέστη
748 3174 1038 3243 ἡγούμενος
1069 3173 1172 3225 τῶν
1204 3173 1624 3241 ἀπολειφθέντων
1661 3175 1806 3226 F050-

1908 3176 2104 3232 residui
2136 3177 2316 3244 populi
2353 3176 2459 3230 dux
2492 3177 2741 3232 Godolias
2773 3181 3095 3233 constitutus
3126 3181 3213 3242 sit,
3243 3189 3295 3233 et
3320 3197 3431 3250 quo

242 3267 402 3328 λίας,
440 3265 540 3316 καὶ
582 3263 656 3325 ῶς
689 3262 902 3332 Ἰσμαὴλ
943 3263 1147 3332 ἀναιρεῖ
1187 3263 1276 3314 τὸν
1321 3264 1578 3326 Γοδολίαν,
1613 3263 1725 3333 μεθ’
1751 3264 1806 3315 ὃν

258 3354 506 3407 Ἰωανᾶν
538 3351 649 3412 υίὸς
678 3351 846 3419 Καριὲ
869 3352 1092 3415 ἡγεῖται.
1122 3351 1228 3401 Kal.
1259 3350 1392 3418 μετὰ
1412 3351 1622 3412 τούτους
1642 3351 1808 3404 ἅπαν-

244 3463 346 3508 τας
389 3443 529 3511 ἑξῆς
553 3441 743 3507 ἐπάγει
768 3441 862 3502 τὰς
895 3441 950 3490 ἐν
971 3439 1044 3504 τῷ
1069 3438 1108 3490 δ’
1130 3439 1234 3492 ἔτει
1263 3441 1508 3509 Ἰωακείμ
1535 3440 1806 3510 λεχθείσας

247 3532 627 3605 προφητείας,
667 3529 758 3581 καὶ
793 3529 946 3580 πάλιν
976 3527 1070 3590 τὰς
1103 3530 1158 3578 ἐν
1191 3529 1324 3599 ἀρχῇ
1365 3529 1630 3598 βασιλείας
1654 3531 1803 3585 Σεδε-

245 3625 396 3697 κίου.
425 3620 740 3690 εἰρημένας.
771 3619 956 3686 Εὖροις
985 3619 1028 3671 δ’
1063 3618 1126 3671 ἂν
1155 3621 1245 3671 καὶ
1278 3620 1425 3689 παρὰ
1464 3621 1537 3690 τῷ
1567 3619 1805 3692 Ἐζεκιὴλ

241 3715 316 3767 τὰ
365 3711 751 3781 παραπλήσια.
778 3710 925 3761 Ἐπεί
956 3709 1046 3759 καὶ
1075 3709 1131 3758 ὲν
1167 3712 1230 3778 τῇ
1273 3709 1451 3761 τούτου
1493 3714 1670 3780 γραφῇ
1712 3713 1805 3782 οὐχ

245 3804 384 3871 ἑξῆς
416 3802 534 3860 τοῖς
568 3798 772 3867 χρόνοις
807 3797 1106 3864 σύγκεινται
1133 3799 1187 3850 αἱ
1213 3802 1554 3868 προφητεῖαι·
1583 3800 1693 3853 ἀλλ’
1727 3803 1803 3852 εί-

245 3890 336 3941 σίν
372 3889 441 3940 αἰ
482 3885 582 3955 μὲν
615 3883 749 3936 κατὰ
772 3883 831 3934 τὸ
859 3882 936 3946 κζ’
964 3883 1078 3946 ἔτος
1114 3885 1207 3953 τῆς
1235 3886 1590 3954 αἰχμαλωσίας
1618 3905 1806 3957 προτε-

242 3973 541 4043 ταγμέναι
582 3970 658 4039 τῷ
700 3977 765 4022 ια’
797 3971 892 4040 τῆς
933 3970 1293 4038 αἰχμαλωσίας
1332 3974 1626 4042 εἰρημένῳ·
1669 3975 1802 4043 μετὰ

243 4063 358 4133 γὰρ
406 4061 512 4121 τὰς
541 4061 600 4111 ἐν
638 4057 713 4126 τῷ
751 4057 830 4118 κζ’
859 4057 964 4110 ἔτει
996 4058 1241 4127 φέρονται
1270 4061 1322 4110 αἰ
1347 4059 1606 4128 λεχθεῖσαι
1648 4064 1702 4113 ἑν
1728 4060 1802 4130 τῷ

247 4161 318 4206 ια’
355 4152 472 4219 τῆς
499 4149 864 4217 αἰχμαλωσίας
899 4148 1034 4200 ἔτει⁹
1071 4150 1161 4200 καὶ
1189 4150 1341 4201 πάλιν
1372 4151 1504 4219 μετὰ
1523 4151 1618 4213 τὰς
1641 4154 1696 4204 ἑν
1726 4151 1800 4220 τῷ

245 4250 320 4296 ια’
350 4242 522 4296 ἄλλαι
558 4239 804 4309 φέρονται
846 4241 901 4291 ὲν
936 4238 1008 4308 τῷ
1043 4247 1070 4290 ι’
1103 4239 1208 4292 έτει
1240 4241 1534 4311 εἰρημέναι,
1563 4243 1651 4294 καὶ
1682 4243 1800 4312 ἑξῆς

244 4336 304 4386 αἰ
333 4337 403 4386 ἐν
435 4329 517 4399 τῷ
549 4335 624 4380 κε’
649 4328 774 4381 ἕτει.
808 4329 915 4380 Καὶ
954 4329 1147 4383 τούτων
1178 4333 1424 4384 ἁπάντων
1467 4332 1604 4385 εἴποι
1635 4333 1697 4386 ἄν
1723 4352 1803 4397 τις

244 4420 350 4490 τὴν
399 4416 582 4470 αἰτίαν
627 4417 723 4467 οὐκ
763 4416 921 4486 ἄλλην
949 4412 1081 4470 εἶναι
1107 4419 1201 4487 τῆς
1233 4419 1632 4490 ἀποδεδομένης.
1667 4422 1799 4473 Σπο-

1906 3272 2061 3332 pacto
2089 3265 2278 3318 lsmael
2309 3263 2581 3317 Godoliam
2603 3266 2877 3327 occiderit,
2904 3275 3022 3335 post
3042 3283 3196 3335 quem
3221 3267 3428 3321 Joanau

1905 3355 2043 3407 filius
2072 3354 2226 3408 Carie
2269 3355 2375 3406 dux
2410 3353 2525 3405 fuit.
2555 3353 2681 3407 Post
2721 3355 2817 3407 hos
2857 3365 3029 3408 autem
3059 3370 3245 3409 omnes
3275 3356 3428 3410 aﬂ‘ert

1904 3443 2094 3496 deinde
2122 3443 2427 3510 prephetias
2456 3458 2596 3496 anno
2626 3450 2815 3510 quarto
2843 3443 3082 3496 Joachim
3115 3446 3427 3513 pronuntia-

1905 3539 2018 3596 tas;
2057 3531 2157 3584 sub
2195 3531 2306 3584 hzec
2341 3530 2458 3583 illas
2491 3546 2609 3598 quae
2638 3531 2790 3583 initio
2818 3534 2964 3600 regni
2994 3529 3228 3586 Sedeciae
3269 3533 3428 3588 dicta:

1903 3628 2046 3673 sunt.
2081 3619 2286 3684 Similia
2328 3635 2536 3688 quoque
2575 3621 2629 3673 in
2681 3619 2955 3674 Ezechiele
2997 3637 3254 3690 repertas.
3293 3621 3426 3676 Nam

1902 3710 1953 3762 in
1989 3709 2144 3777 hujus
2187 3726 2398 3779 quoque
2443 3711 2704 3779 scriptura
2752 3713 3038 3781 prephetiae
3083 3727 3191 3766 non
3241 3713 3428 3768 ordine

1904 3801 2156 3868 temporis
2179 3801 2389 3868 jacent;
2422 3800 2514 3854 scd
2538 3817 2656 3870 qua:
2679 3801 2990 3855 vicesimum
3022 3804 3305 3870 septimum
3335 3819 3426 3857 ca-

1900 3889 2161 3957 ptivitatis
2190 3905 2386 3942 annum
2415 3900 2675 3959 spectant,
2703 3893 3094 3960 praemittuntur
3122 3892 3189 3948 iis
3214 3908 3331 3962 qua:
3355 3892 3421 3946 de

1901 3977 2180 4030 undecimo
2220 3978 2540 4047 captivitatis
2587 3991 2728 4031 anno
2757 3981 2895 4032 dicta
2931 3988 3054 4033 sunt
3085 3999 3096 4032 :
3131 3990 3251 4048 post
3293 3983 3412 4035 illas

1900 4066 2038 4118 enim
2071 4065 2308 4118 vicesimi
2338 4066 2545 4134 septimi
2589 4067 2712 4118 anni
2741 4067 3064 4134 prophetias,
3093 4083 3212 4135 quaa
3254 4069 3423 4122 unde—

1900 4156 2038 4208 cimo
2071 4169 2210 4208 anno
2242 4154 2396 4208 dicta:
2433 4165 2577 4216 sunt,
2610 4155 2852 4209 feruntur
2884 4174 2895 4208 :
2931 4155 3121 4210 deinde
3148 4173 3276 4211 vero
3302 4167 3425 4227 post

1901 4243 2018 4295 illas
2039 4242 2302 4296 undecimi
2332 4244 2478 4304 anni,
2503 4243 2739 4312 qumdam
2769 4243 3029 4297 habentur
3049 4243 3257 4298 decimo
3282 4261 3422 4300 anno

1899 4326 2072 4389 dictae,
2095 4327 2217 4380 hinc
2237 4343 2354 4397 quae
2379 4330 2503 4382 anni
2531 4329 2767 4399 vicesimi
2796 4331 2966 4398 quinti
2999 4339 3141 4384 sunt.
3180 4332 3421 4398 Quorum

1900 4417 2138 4468 omnium
2168 4433 2273 4470 non
2309 4418 2464 4470 aliam
2495 4433 2709 4472 causam
2741 4420 2859 4487 quis
2886 4420 3069 4473 alIerat
3099 4423 3420 4491 praterjam

246 4509 436 4579 ράδην
469 4505 599 4574 γὰρ.
618 4505 692 4566 ὡς
718 4506 878 4568 εἰκὸς,
900 4505 1004 4557 τῶν
1027 4507 1164 4558 κατὰ
1185 4508 1398 4574 χρόνους
1424 4509 1512 4560 καὶ
1540 4509 1658 4561 καθ’
1677 4511 1800 4562 ἕκα-

1905 4503 2168 4560 traditam.
2213 4505 2341 4558 Nam
2374 4522 2493 4560 cum
2523 4507 2770 4574 sparsim,
2811 4517 2868 4561 ut
2892 4511 3178 4564 verisimile
3198 4522 3301 4573 est,
3331 4528 3422 4564 va-

248 4612 382 4648 στον
426 4592 649 4662 βασιλέα
679 4590 909 4661 μερικῶς
942 4594 1471 4662 προπεφητευμένων,
1493 4596 1549 4648 τὸ
1582 4597 1799 4650 παλαιὸν

248 4681 418 4752 παρὰ
444 4682 560 4741 τοῖς
590 4679 889 4740 σπουδαίοις
926 4677 1258 4748 σωζομένων,
1287 4681 1399 4749 ἦτοι
1440 4682 1527 4733 τὸν
1553 4685 1797 4755 Ἔσδραν,

249 4771 286 4841 ἢ
322 4771 428 4824 καί
460 4784 615 4828 τινας
647 4768 880 4836 ἑτέρους,
909 4767 1010 4819 ὑπὸ
1037 4768 1158 4836 μίαν
1189 4769 1520 4839 περιγραφὴν
1553 4774 1801 4841 συνάγον-

251 4877 358 4921 τας
391 4859 466 4911 τὰ
498 4855 709 4924 ἑκάστῳ
743 4856 847 4908 τῶν
883 4857 1166 4927 προφητῶν
1205 4858 1342 4911 κατὰ
1371 4859 1587 4926 χρόνους
1619 4863 1800 4931 διαφό-

255 4966 391 5023 ρους
426 4946 706 5015 λεχθέντα,
733 4947 855 5011 τοὺς
893 4945 1132 5015 πρώτους
1171 4947 1576 5016 εὑρισκομένους
1617 4952 1800 5020 λόγους

253 5035 628 5089 κατατάσσειν
653 5031 891 5102 πρώτους
913 5049 925 5062 ’
952 5028 1047 5085 εἷθ’
1070 5033 1191 5102 ἑξῆς
1215 5033 1496 5085 συνάπτειν
1518 5038 1639 5101 τοὺς
1669 5041 1799 5107 μετὰ

254 5123 440 5176 ταῦτα
472 5120 903 5192 εὑρισκομένους,
929 5123 975 5173 εἰ
1004 5122 1092 5174 καὶ
1119 5124 1348 5191 προῆγον
1376 5122 1452 5189 τῷ
1478 5128 1668 5196 Χρόνῳ·
1700 5131 1799 5182 Τὸν

251 5211 302 5262 δ’
323 5210 495 5262 αὑτὸν
522 5203 657 5259 εἰναι
676 5205 827 5272 λόγον
852 5205 941 5258 καὶ
964 5208 1051 5257 ἐπὶ
1077 5206 1172 5274 τῆς
1195 5202 1394 5268 τάξεως
1413 5205 1517 5257 τῶν
1539 5209 1796 5280 Ψαλμῶν,

254 5300 493 5351 καθόλου
532 5298 628 5366 μὲν
658 5295 920 5358 ἁπάντων,
956 5296 1092 5357 ἰδίως
1122 5294 1175 5346 δὲ
1209 5295 1298 5345 καὶ
1323 5293 1425 5346 τῶν
1453 5296 1592 5363 μετὰ
1618 5303 1799 5371 χεῖρας

254 5393 400 5460 ἡμῖν
445 5385 869 5453 ἐξεταζομένων·
913 5385 958 5435 ει
1007 5383 1076 5452 μὴ
1109 5383 1210 5451 ἄρα
1252 5399 1334 5443 τις
1365 5382 1655 5454 βαθύτερος
1679 5391 1799 5454 νοῦς

257 5476 542 5528 λανθάνων
579 5473 721 5542 ἡμᾶς
760 5470 967 5539 ἑτέρους
990 5470 1132 5530 τινὰς
1158 5469 1432 5538 λογισμοὺς
1455 5479 1797 5548 παραστήσει

257 5566 362 5632 τῆς
388 5564 494 5616 τῶν
527 5559 866 5629 ἑζητημένων
895 5560 1064 5620 αἰτίας
1118 5557 1195 5608 Τά
1233 5574 1292 5622 γε
1349 5559 1448 5626 μὴν
1479 5563 1620 5629 ἡμῖν
1665 5567 1795 5619 ὑπο-
1829 5617 1831 5619 ,

260 5654 498 5706 πεσόντα
540 5651 620 5711 εἰς
666 5664 726 5698 τε
769 5663 861 5714 την
891 5647 1029 5712 τάξιν
1055 5646 1168 5696 Τῶν
1204 5646 1329 5698 υἰῶν
1358 5650 1518 5718 Κορὲ,
1547 5655 1646 5704 καὶ
1673 5660 1796 5728 περὶ

259 5741 364 5810 ,ἧς
410 5737 715 5812 Προσευχῆς
762 5735 847 5786 τοῦ
888 5737 1036 5790 Δαυίδ
1061 5735 1156 5802 τῆς
1186 5735 1282 5804 πρὸ
1312 5737 1393 5790 τοῦ
1420 5739 1571 5809 μετὰ
1605 5747 1796 5816 χεῖρας

1897 4594 1991 4648 riis
2017 4596 2360 4663 temporibus,
2392 4602 2443 4650 et
2488 4597 2588 4648 sub
2625 4598 2847 4666 singulis
2894 4600 3105 4669 regibus
3134 4603 3418 4669 separatim

1896 4681 2048 4736 edita:
2068 4685 2372 4750 prophetia),
2397 4699 2424 4736 a
2455 4685 2710 4738 studiosis
2727 4687 3021 4754 antiquitus
3044 4698 3262 4742 servata:
3287 4689 3420 4744 fuis-

1898 4774 2047 4829 sent,
2101 4770 2212 4823 sive
2257 4769 2472 4832 Esdras,
2519 4771 2630 4822 sive
2683 4773 2897 4838 quidam
2927 4775 3036 4836 alii,
3085 4776 3418 4844 singulorum

1897 4856 2270 4923 prophetarum
2298 4857 2458 4921 dicta,
2491 4858 2654 4910 variis
2682 4861 3010 4926 temporibus
3057 4865 3279 4928 prolata,
3310 4881 3418 4916 uno

1898 4945 2164 4998 volumine
2201 4947 2724 5004 circumscribentcs.
2756 4965 2816 5001 ca
2852 4965 2967 5017 qua:
2994 4951 3166 5017 primo
3214 4965 3419 5022 reperta

1899 5034 2126 5096 fuerant,
2159 5037 2327 5104 primo
2362 5035 2477 5087 loco
2506 5047 2818 5103 posuerunt,
2848 5039 3037 5092 deinde
3074 5055 3136 5092 ea
3171 5058 3289 5110 qua),
3321 5060 3417 5112 po-

1897 5131 2008 5176 stca
2065 5125 2129 5176 ad
2196 5139 2408 5176 manum
2465 5135 2757 5186 venerunt,
2810 5127 3150 5195 subjunxere,
3206 5131 3426 5188 etiamsi.

1897 5220 2130 5281 tempore
2156 5214 2421 5282 praeirent.
2449 5213 2644 5268 Eadem
2676 5232 2801 5270 vero
2826 5219 3030 5270 ratione
3052 5216 3249 5272 Psalmi
3279 5222 3418 5290 dige-

1897 5304 1963 5356 sti
1995 5311 2137 5366 sunt,
2167 5305 2277 5358 sive
2313 5317 2497 5356 omnes
2526 5320 2632 5357 una
2661 5314 2988 5374 spectentur,
3028 5307 3140 5361 sive
3190 5309 3227 5360 ii
3271 5326 3418 5364 seor-

1895 5393 1993 5446 sim
2017 5407 2149 5462 quos
2175 5394 2284 5461 jam
2323 5399 2637 5449 tractamus.
2678 5395 2787 5450 Nisi
2834 5393 3059 5448 fortasse
3099 5398 3420 5464 profundior

1895 5480 2066 5548 aliqua
2098 5481 2416 5548 intelligendi
2459 5485 2616 5548 ratio,
2649 5485 2804 5537 nobis
2836 5485 3064 5543 occulta,
3099 5487 3264 5538 aliam
3293 5504 3422 5540 cau-

1895 5587 2006 5624 sam
2035 5571 2097 5624 ad
2123 5571 2441 5639 quaestiones
2463 5574 2778 5634 solutionem
2812 5573 3009 5626 afferat.
3042 5573 3113 5625 Ea
3143 5590 3281 5628 vero
3306 5592 3424 5644 quae

1893 5659 1957 5714 de
1987 5660 2170 5714 ordine
2191 5660 2512 5729 psalmorum
2537 5661 2791 5716 Filiorum
2813 5662 2967 5726 Core,
2997 5670 3049 5714 et
3079 5661 3142 5715 de
3163 5663 3428 5716 Oratione

1896 5749 2102 5806 Davidis
2131 5767 2245 5823 quae
2279 5755 2399 5805 ante
2421 5751 2565 5808 hunc
2594 5757 2854 5826 psalmum
2893 5753 3062 5823 posita
3117 5760 3169 5810 et
3225 5749 3288 5802 in
3320 5762 3432 5801 mo.‘
