3834 6406
303 421 466 479 1045
1482 431 1817 491 COMMENL

1959 477 1966 491 ι
2005 438 2069 492 ΙΝ
2109 437 2435 493 PSALMOS.
3049 471 3055 480 ι
3331 435 3473 490 τως

381 539 506 610 Τῆς
528 539 618 592 οὖν
643 543 890 615 μεγίστης
914 548 1097 618 ταύτης
1121 548 1209 600 καὶ
1246 541 1585 614 θεοπρεποῦς
1622 552 1839 614 πόλεωςν
1869 571 1895 625 Λ

2009 553 2176 621 Hujus
2204 555 2378 621 itaque
2412 549 2651 604 maximm
2672 556 2726 601 et
2749 548 2853 601 Deo
2878 548 3050 618 dignm
3079 545 3331 609 civitatis,
3354 549 3459 602 sci-

285 623 461 694 λὲγω
487 629 544 682 δέ
565 634 658 699 τῆς
683 633 772 685 τοῦ
797 635 925 688 Θεοῦ
962 637 1293 707 Ἐκκλησίας,
1315 634 1406 686 καὶ
1432 637 1521 688 τοῦ
1547 642 1661 691 κατ’
1683 642 1799 692 αὐτὶ

1944 644 2063 696 licet
2110 643 2358 696 Ecclesia:
2415 640 2602 702 Dei,et
2638 638 2708 706 pii
2761 637 2986 690 instituti
3014 636 3068 689 in
3120 651 3182 689 ea
3240 635 3458 698 servati,

284 717 707 788 ἑμφαινομένου
757 723 1023 790 θεοσεϐοῦς
1071 726 1474 794 πολιτεύματος,
1519 733 1566 782 οἱ
1614 731 1798 800 θεμέλκ

1943 732 2278 784 fundamenta
2300 738 2421 782 sunt
2444 731 2500 782 in
2527 727 2791 780 montibus
2820 726 3037 780 sanctis.
3062 724 3255 777 Locum
3282 733 3457 778 autem

280 811 672 877 τυγχάνουσιν
700 814 756 864 ἐν
788 818 895 877 τοῖς
932 817 1076 886 ὄρεσι
1099 823 1205 881 τοῖς
1229 815 1420 886 ἁγίοις.
1440 821 1746 892 Ἐρμηνεύει
1787 826 1794 872 i

1941 820 2165 886 explicat
2198 817 2478 886 Apostolus
2507 815 2588 868 his
2628 813 2804 866 verbis
2831 831 2843 866 :
2870 810 3276 880 Supera’diﬁcati
3304 826 3455 877 super

275 895 392 947 τὸν
457 896 613 964 λόγον
657 902 683 950 ὁ
718 902 1020 966 Ἀπόστολος
1055 908 1299 973 φάσκων·
1345 907 1789 978 Ἐποικοδομηοέῑ

1939 908 2324 974 fundamentum
2350 906 2695 973 apostolorum
2723 915 2768 956 et
2785 902 3163 970 prophetarum,
3181 900 3290 967 ipso
3310 915 3453 951 sum-

275 1001 398 1049 τες
442 987 545 1038 ἐπὶ
575 988 649 1052 τῷ
679 992 917 1056 θεμελίῳ
955 994 1066 1045 τῶν
1110 997 1458 1049 ἀποστόλων
1485 999 1578 1051 καὶ
1623 1016 1789 1067 προίει

1939 996 2292 1064 mo,angulari
2337 994 2503 1060 lapide
2543 992 2668 1046 Jesu
2699 992 2902 1046 Christo
2924 992 2990 1042 ⁷⁸.
3021 989 3084 1040 Ει
3119 1003 3242 1043 vero
3264 988 3452 1041 funda-

269 1073 444 1137 τῶν,
490 1077 662 1143 ὄντος
693 1081 1103 1147 ἀκρογωνιαίου
1133 1087 1311 1138 αὐτοῦ
1346 1088 1536 1153 Ἰησοῦ
1567 1094 1783 1157 Χριστοῖ

1939 1099 2110 1139 menta
2145 1088 2261 1154 ejus
2295 1100 2401 1138 non
2436 1085 2656 1137 interius
2690 1084 2860 1150 posita
2889 1091 2939 1134 et
2971 1095 3132 1149 penes
3161 1093 3261 1132 nos
3298 1084 3447 1143 sunt;

270 1165 408 1216 Καὶ
469 1168 644 1231 ἄλλως
689 1172 743 1224 δὲ
786 1174 834 1224 οἱ
877 1174 1102 1243 θεμέλιοι
1139 1178 1296 1230 αὐτοῦ
1322 1180 1416 1232 οὐκ
1443 1180 1668 1233 ἐνταῦθα
1695 1182 1784 1234 κάτ

1937 1175 2027 1226 sed
2069 1188 2304 1237 sursum,
2329 1182 2380 1226 et
2407 1173 2460 1225 in
2494 1172 2559 1224 iis
2590 1171 2679 1239 qui
2713 1179 2920 1223 montes
2962 1167 3128 1221 sancti
3169 1175 3445 1218 vocantur.

269 1255 386 1305 καὶ
423 1273 502 1307 πα
510 1258 560 1326 ρ’
586 1259 728 1326 ἡμᾶς
757 1263 1117 1330 τυγχάνουσιν,
1141 1266 1249 1318 ἀλλ’
1275 1268 1383 1320 άνω
1405 1286 1506 1320 που
1535 1271 1623 1322 καὶ
1653 1272 1706 1321 ἐν
1730 1290 1783 1324 το

1935 1263 2108 1326 Quare
2154 1263 2370 1324 dicitur,
2409 1260 2768 1314 Fundamenta
2812 1259 2922 1325 ejus
2956 1259 3008 1309 in
3041 1255 3297 1309 montibus
3324 1272 3447 1308 san-

269 1339 662 1410 καλουμένοις
697 1347 867 1413 ἁγίοις
893 1349 1058 1418 ὄρεσι.
1091 1352 1178 1403 Διὸ
1203 1351 1438 1406 λέλεκται
1456 1370 1470 1384 ο
1502 1358 1562 1406 Οἱ
1590 1356 1781 1424 θεμέλι

1933 1352 2049 1402 etis.
2095 1350 2173 1402 illi
2221 1365 2378 1418 porro
2408 1359 2615 1403 montes
2650 1348 2837 1409 sancti,
2869 1352 2994 1398 sunt
3024 1345 3142 1397 cmli
3167 1343 3443 1402 cmlorum,

261 1429 488 1482 αὐτοῦ
533 1431 602 1482 ἐν
643 1433 761 1498 τοῖς
789 1435 945 1501 ὄρεσι
971 1437 1089 1502 τοῖς
1117 1440 1317 1507 ἁγίοις.
1351 1437 1471 1494 Εἶεν
1507 1446 1536 1494 δ
1580 1443 1643 1495 ἂν
1670 1445 1775 1497 ταῦ

1933 1440 2022 1492 ubi
2070 1455 2314 1506 magnum
2363 1438 2489 1491 illud
2527 1439 2827 1491 institutum
2875 1435 3107 1487 emlestis
3166 1431 3343 1486 Sionis
3393 1440 3446 1484 et

263 1517 348 1567 τὰ
380 1517 496 1587 ὅρη
527 1521 574 1571 0i
603 1522 816 1592 οὐρανοὶ
846 1524 950 1577 τῶν
979 1526 1230 1595 οὐρανῶν,
1263 1528 1387 1580 ἔνθα
1421 1529 1477 1580 τὸ
1518 1531 1654 1600 μέγα
1685 1533 1777 1584 πολ

1932 1543 2056 1582 vere
2083 1543 2283 1596 magna
2310 1527 2402 1580 Dei
2424 1526 2653 1580 civitatis
2691 1525 2953 1578 consistit.
2976 1523 3156 1590 Neque
3178 1536 3327 1574 meus
3359 1519 3446 1573 hic

260 1621 377 1657 τευ
387 1623 474 1674 μα
501 1607 600 1675 τῆς
630 1611 939 1679 ἐπουρανίου
965 1613 1117 1676 Σιὼν,
1145 1617 1233 1668 καὶ
1256 1617 1352 1684 τῆς
1373 1619 1578 1689 άληθῶς
1604 1621 1774 1689 μεγάλ⁴

1932 1633 2106 1674 sermo
2135 1624 2236 1679 est,
2253 1617 2344 1672 sed
2375 1616 2612 1685 ejusdem
2638 1615 2875 1684 Apostoli
2907 1613 3131 1666 dicentis
3158 1630 3170 1664 :
3200 1611 3304 1664 Illa
3329 1625 3443 1664 vero

258 1695 376 1748 τοῦ
409 1695 558 1748 θεοῦ
587 1698 790 1762 πόλεως
821 1702 1154 1772 συνέστηκεν.
1183 1707 1292 1758 Οὐκ
1313 1707 1437 1776 ἐμὸς
1463 1708 1517 1760 δὲ
1544 1704 1688 1772 οὗτος
1706 1711 1772 1762 ὁλ

1930 1723 2042 1776 qui:
2086 1723 2290 1760 sursum
2344 1715 2420 1760 est
2471 1704 2780 1765 Jerusalem,
2836 1703 2995 1754 libera
3049 1710 3159 1763 est,
3206 1710 3318 1769 qua?
3366 1705 3444 1752 est

262 1799 398 1850 γος,
439 1783 582 1835 ἀλλὰ
615 1786 704 1837 καὶ
736 1787 889 1850 αὐτὸς
924 1789 1012 1840 τοῦ
1048 1794 1303 1861 φήσαντος
1319 1795 1776 1852 Ἀποστὸλου“.Ἡ‹

1931 1806 2094 1849 mater
2121 1806 2298 1849 nostra
2325 1797 2396 1860 3°;
2423 1803 2496 1858 et,
2521 1795 2821 1848 Accessistis
2871 1793 2938 1844 ad
2969 1790 3093 1844 Sion
3128 1797 3367 1853 montem,
3391 1794 3443 1840 et

260 1871 408 1925 ἄνω
455 1873 837 1941 Ἰερουσαλὴμ
866 1879 1137 1946 ἐλευθέρα
1175 1883 1359 1945 ἐστὶν,
1396 1884 1522 1951 ἣτις
1551 1887 1677 1938 ἐστὶ
1719 1906 1774 1956 μτ

1931 1884 2182 1936 civitatem
2223 1883 2317 1934 Dei
2360 1883 2590 1944 viventis,
2625 1880 2916 1934 Jerusalem
2941 1879 3208 1942 caelestem,
3237 1884 3286 1929 et
3310 1875 3441 1927 mul-

259 1977 392 2026 τηρ
461 1961 652 2028 ἡμῶν,
697 1965 786 2016 καί
806 1982 819 1995 ⁸
856 1969 1333 2034 Προσελη.2ὐθατε
1383 1976 1531 2025 Σιὼν
1575 1975 1691 2041 ὄρει
1734 1995 1773 2028 κη

1932 1983 2095 2041 rerum
2123 1969 2343 2022 millium
2375 1968 2668 2038 angelorum
2697 1968 3055 2037 frequentiam,
3079 1975 3126 2018 et
3159 1963 3446 2016 Ecclesium

260 2050 464 2102 πόλει
512 2051 660 2102 Θεοῦ
698 2051 924 2119 ζῶντος,
942 2055 1311 2126 Ἰερουσαλὴμ
1348 2061 1685 2129 ἐπουρανίῳ,
1732 2083 1774 2117 se

1931 2060 2294 2120 primitivorum
2343 2059 2430 2128 qui
2479 2057 2721 2124 descripti
2767 2066 2886 2108 sunt
2923 2057 2978 2108 in
3015 2055 3150 2107 ca’Lis
3174 2053 3238 2108 “.
3269 2052 3445 2121 Hujus

253 2138 579 2206 μυριάσιν
593 2140 855 2208 ἀγγέλων
871 2147 1210 2213 πανηγύρει,
1229 2149 1322 2200 καὶ
1357 2149 1666 2216 Ἐκκλησίᾳ
1688 2170 1764 2220 πρ

1923 2153 2098 2218 itaque
2144 2163 2346 2218 magna:
2393 2147 2482 2201 Dei
2538 2147 2766 2200 civitatis
2795 2146 2968 2214 imago
3012 2141 3168 2197 fuerit
3203 2140 3437 2196 Ecclesia

257 2229 556 2280 τοτόκων
607 2229 1128 2300 άπογεγριιμμέηον
1178 2235 1244 2287 ὲν
1293 2238 1576 2304 οιίρανοῒς.
1609 2227 1771 2293 ⁸Ταύτπ

1924 2237 2033 2304 Dei,
2067 2253 2186 2306 qua:
2212 2245 2293 2293 est
2320 2239 2372 2290 in
2402 2245 2574 2302 terra;
2615 2235 2781 2288 fulcra
2808 2243 2980 2288 autem
3003 2239 3056 2286 et
3093 2231 3433 2284 fundamenta

251 2313 367 2369 οὖν
407 2319 517 2385 τῆς
552 2318 788 2386 μεγάλης
816 2321 1013 2384 πόλεως
1042 2323 1132 2374 τοῦ
1165 2324 1294 2376 Θεοῦ
1335 2326 1492 2380 εἰκὼν
1527 2329 1621 2398 μὲν
1648 2347 1729 2400 ειη
1761 2356 1765 2381 ι

1921 2330 2034 2396 ejus
2062 2344 2122 2381 ea
2169 2335 2313 2390 sunt,
2341 2342 2457 2395 qua:
2496 2330 2741 2396 superius
2771 2342 2862 2396 per
2893 2333 3097 2380 montes
3128 2329 3341 2378 sanctos
3368 2323 3435 2375 si-

253 2407 294 2478 ἡ
351 2407 460 2458 ἐπὶ
511 2407 614 2475 γῆς
650 2407 934 2479 Ἐκκλησία
965 2412 1054 2464 τοῦ
1087 2414 1249 2466 Θεοῦ·
1293 2415 1359 2468 τὰ
1395 2417 1449 2469 δὲ
1491 2419 1767 2489 στηρίγμα⁴

1919 2415 2152 2484 gniﬁcari
2191 2415 2540 2481 tradidimus;
2572 2416 2842 2485 ingressus
2867 2424 3040 2469 autem
3061 2420 3113 2468 et
3138 2413 3288 2482 primi
3320 2411 3433 2465 adi-

251 2497 458 2566 αὐτῆς
510 2498 603 2548 καὶ
651 2497 900 2567 Θεμέλιοι,
930 2503 977 2552 οἱ
1025 2503 1081 2554 ἐν
1125 2505 1230 2565 τοῖς
1272 2505 1665 2576 ἀποδεδομένοις
1694 2514 1765 2580 ήμ

1918 2514 2004 2559 tus
2033 2505 2265 2558 caelestis
2297 2504 2441 2558 illius
2471 2505 2699 2560 civitatis
2746 2505 2884 2574 apud
2915 2520 3013 2560 nos
3045 2510 3187 2558 sunt.
3222 2501 3322 2567 Qui
3351 2501 3431 2555 in.

252 2587 464 2654 ἁγίοις
495 2587 674 2657 δρεσιν
696 2590 1068 2659 ὑφεστήκασινσ
1097 2596 1151 2645 αἱ
1179 2596 1232 2647 δὲ
1258 2597 1446 2650 εἴσοδοι
1478 2600 1568 2651 καὶ
1594 2602 1649 2652 αἱ
1674 2601 1766 2669 πρέ

1917 2608 2130 2663 gressus
2155 2603 2207 2648 et
2234 2594 2408 2648 aditus
2430 2594 2495 2648 ad
2522 2595 2825 2664 religiosum
2857 2595 2982 2647 illud
3006 2595 3325 2655 institutum,
3344 2592 3431 2646 hic

253 2693 359 2728 ται
421 2676 788 2745 στοιχειῶσεις
841 2681 1005 2751 αὐτῆς
1051 2683 1257 2753 ἐκείνης
1297 2686 1393 2754 τῆς
1431 2687 1767 2758 οὐρανοπόλει

1917 2692 2080 2753 porta:
2111 2683 2239 2737 Sion
2262 2693 2538 2746 vocantur,
2570 2699 2690 2738 cum
2709 2683 2902 2738 dicitur
2929 2702 2942 2738 :
2973 2683 3152 2754 Diligit
3179 2683 3431 2736 Dominus

253 2761 525 2815 ἐνταῦθα
557 2765 872 2832 τυγχάνουσι
922 2770 1044 2839 παρ’
1070 2772 1428 2844 ήμῖν.”Ασπερ
1473 2777 1700 2839 εἰσόδους
1730 2795 1767 2829 κη

1919 2781 2089 2840 ρον-ταις
2137 2774 2264 2828 Sion
2312 2791 2464 2842 super
2513 2775 2686 2826 omnia
2742 2773 3071 2826 tabernacula
3120 2772 3301 2826 Iacob.
3331 2771 3433 2826 Hic-

251 2852 597 2919 είσαγωγὰς
625 2854 717 2905 τοῦ
750 2855 1023 2920 Θεοσεὸοὖς
1053 2860 1430 2930 πολιτεύματος
1481 2865 1647 2929 πύλας
1693 2867 1765 2920 ὠν

1914 2872 2089 2917 autem
2114 2863 2241 2916 mihi
2273 2879 2364 2932 per
2394 2864 2481 2916 illa
2505 2863 2842 2917 tabernacula
2873 2861 3302 2926 JacobJudaica:
3321 2870 3428 2915 tra-

256 2956 425 3008 μασε
449 2941 592 2992 Σιὼν
615 2942 805 3009 ὀλόγος
843 2945 1058 3012 φάσκων
1075 2963 1087 2978 ο
1134 2948 1342 3016 Ἆγιιπᾷ
1363 2954 1570 3018 Κύριος
1597 2954 1698 3018 τὰς
1717 2971 1770 3006 ππ

1914 2951 2140 3006 ditiones
2169 2960 2218 3006 et
2247 2951 2464 3006 Mosaici
2495 2953 2797 3020 corporales
2833 2953 3009 3008 cultus
3029 2951 3322 3021 signiﬁcari
3349 2953 3426 3006 vi-

250 3035 390 3094 .Iac
457 3029 617 3082 Σιὼν
682 3031 828 3097 ὑπὲρ
879 3034 1069 3086 πάντα
1119 3038 1187 3089 τὰ
1233 3039 1576 3108 σκηνώματα
1609 3043 1764 3096 Ἰακώ

1914 3043 2105 3096 dentur
2147 3061 2161 3095 :
2206 3044 2399 3112 quibus
2456 3046 2849 3113 prmstantiores
2898 3045 3036 3113 apud
3088 3045 3250 3099 Deum
3305 3055 3428 3101 sunt

257 3115 632 3186 Σκηνώματα
655 3118 710 3169 δὲ
748 3119 931 3171 Ἰακὼϐ
959 3124 1012 3173 αἱ
1047 3124 1320 3178 Ἰουδαικαὶ
1363 3131 1693 3199 παραδόσεις,
1724 3149 1771 3184 κς

1913 3141 2076 3198 portae
2110 3130 2256 3194 Sion,
2303 3131 2352 3184 id
2387 3139 2488 3195 est,
2518 3132 2789 3200 ingressus
2826 3139 2878 3185 et
2907 3133 3081 3186 aditus
3109 3133 3171 3185 ad
3205 3147 3427 3202 regnum

251 3206 316 3257 αἱ
354 3205 514 3257 κατὰ
546 3204 814 3266 Μωῦσέως
847 3210 1143 3274 σωματικαὶ
1174 3211 1445 3280 Θρησκεῖαι
1477 3218 1701 3272 ἐνταῦθά
1731 3237 1765 3289 μ

1915 3219 2149 3281 cmleste,
2190 3220 2244 3272 in
2297 3219 2528 3274 Ecclesia
2572 3220 2811 3274 stabiliti.
2846 3219 2901 3273 In
2934 3235 2994 3274 ea
3035 3235 3262 3288 namque
3311 3223 3424 3275 sola

247 3294 497 3380 δοκοῦσι
526 3293 798 3361 λέγεσθαι’
825 3289 896 3347 ῶν
925 3301 1296 3371 προτιμότεραι
1323 3307 1632 3374 τυγχάνουσι
1665 3327 1761 3380 παρ

1911 3306 2222 3376 praedicatur
2275 3324 2493 3377 regnum
2550 3310 2804 3361 caelorum
2843 3327 2854 3361 :
2886 3317 3133 3377 totusque
3173 3311 3425 3364 salutaris

248 3383 339 3451 τῷ
374 3379 509 3450 Θεῷ
551 3381 607 3432 αἱ
640 3381 798 3434 πύλαι
825 3383 920 3452 τῆς
946 3383 1097 3446 Σιὼν,
1127 3389 1392 3442 τουτέστιν
1420 3394 1472 3444 αὶ
1500 3394 1684 3446 εἴσοδοι
1721 3379 1762 3448 κε

1907 3395 2174 3466 Evangelii
2230 3411 2422 3464 scepus
2465 3411 2529 3449 eo
2570 3397 2803 3465 respicit.
2857 3395 3124 3465 Siquidem
3167 3399 3419 3451 salutaria

249 3471 584 3554 είσςίγωγαὶ
610 3471 706 3538 τῆς
727 3473 1036 3541 ἐπουρανίου
1070 3475 1332 3544 βασιλείας
1363 3482 1451 3533 ἐπὶ
1474 3483 1568 3552 τῆς
1600 3485 1763 3537 Ἑκκλ¹

1907 3484 2188 3550 promissa,
2225 3483 2521 3552 evangelica
2551 3483 2876 3553 praedicatio,
2895 3493 3109 3554 totaque
3131 3484 3421 3541 Christiani

251 3545 410 3620 σίαξ
423 3558 725 3646 ἱδρυμέναι.
745 3558 828 3609 Ἐν
851 3559 982 3631 μόνῃ
999 3561 1103 3632 γὰρ
1123 3564 1286 3634 ταύτῃ
1311 3545 1627 3637 κηρύσσεται
1647 3574 1677 3640 ὴ
1707 3573 1765 3624 τᾶ

1909 3545 2133 3626 instituti
2158 3588 2299 3642 spes,
2329 3545 2827 3642 regnum-cmlorum
2861 3545 3118 3643 spectant.
3153 3574 3423 3646 Scriptum

248 3646 524 3718 οὐρανῶν
553 3645 822 3714 βασιλεία,
853 3648 943 3699 καὶ
990 3648 1078 3700 τοῦ
1125 3655 1380 3722 σωτηρίου
1407 3673 1465 3722 γε
1493 3658 1762 3726 Εὐάγγελε(

1907 3676 1984 3715 est
2033 3662 2172 3717 enim
2223 3663 2332 3716 haec
2379 3664 2694 3730 praedicasse
2732 3663 3056 3718 Salvatorem
3087 3683 3099 3716 :
3130 3645 3421 3734 Appropin-

247 3737 280 3786 ὁ
331 3736 457 3795 πᾶς
503 3734 697 3796 σκοπὸς
725 3735 892 3786 ἐκεῖσε
929 3734 1290 3803 βλέπει.Ἐπεὶ
1325 3744 1414 3794 καὶ
1459 3746 1512 3797 αἱ
1563 3751 1757 3817 σωτηρι

1907 3751 2074 3819 quavit
2088 3766 2292 3819 regnum
2315 3751 2552 3804 caelorum
2569 3755 2646 3818 υς
2677 3755 2890 3822 ipseque
2919 3754 3100 3811 beatos
3121 3758 3421 3824 praedicavit

250 3823 624 3892 ἐπαγγελίαι,
664 3825 755 3876 καὶ
781 3825 838 3876 τὸ
860 3826 1196 3891 εὐαγγελικον
1222 3831 1490 3901 κήρυγμα,
1526 3836 1615 3887 καὶ
1643 3837 1674 3906 ἡ
1705 3841 1764 3890 πᾶ

1906 3856 1994 3894 eos
2032 3841 2121 3909 qui
2166 3843 2378 3910 propria
2417 3844 2516 3897 sibi
2551 3844 2879 3899 beatitudine
2911 3845 3056 3915 digni
3092 3823 3236 3913 sunt,
3261 3847 3420 3916 ipsis-

251 3931 327 3965 σα
367 3912 535 3973 ἐλπὶς
563 3911 656 3963 τοῦ
689 3912 825 3964 κατά
849 3915 1071 3983 Χριστὸν
1103 3917 1500 3988 πολιτεύματος,
1522 3925 1616 3994 τὴν
1661 3926 1762 3995 βασ

1907 3945 2004 3996 que
2039 3945 2256 3998 regnum
2291 3933 2544 3985 caelorum
2575 3934 2840 4001 pollicitus
2876 3944 2956 3989 est
2978 3952 2991 4000 ;
3015 3935 3124 3988 imo
3151 3936 3309 3990 etiam
3339 3935 3421 3990 di-

245 3999 419 4052 λείαν
444 3997 555 4049 τῶν
574 3999 810 4067 οὐρανῶν
833 4002 949 4070 ὁρᾷ.
969 4001 1270 4072 Γέγραπται
1293 4009 1438 4074 γοῦν,
1457 4012 1534 4063 ὅτι
1558 4014 1759 4083 ἐκήρυξέ

1912 4018 2135 4086 scipulos
2167 4035 2293 4074 suos
2315 4021 2564 4088 precandi
2597 4029 2649 4076 et
2677 4038 2896 4091 regnum
2926 4025 3179 4078 calorum
3208 4026 3418 4093 petendi

245 4091 279 4141 ὁ
327 4086 536 4157 Σωτὴρ
566 4086 734 4152 λέγων
754 4101 770 4119 ⁸
802 4089 1066 4156 Ἤγγικεν
1095 4093 1130 4158 ἡ
1164 4094 1444 4156 ,Βασιλεία
1481 4100 1594 4153 τῶν
1637 4106 1759 4170 οὐρι

1902 4106 2114 4159 modum
2154 4107 2386 4174 edocuit,
2417 4109 2553 4163 hanc
2591 4111 2850 4164 orationis
2895 4112 3116 4166 formam
3161 4113 3412 4168 tradens:

245 4178 409 4232 νῶν.
429 4175 761 4244 Ἐμακάριζέ
801 4193 858 4228 τε
902 4180 1021 4240 τοὺς
1053 4181 1228 4246 ἀξίους
1252 4185 1358 4237 τῶν
1399 4191 1605 4243 οἰκείων
1631 4211 1759 4262 μακε

1908 4191 2024 4246 Fiat
2067 4195 2300 4248 voluntas
2352 4205 2458 4257 tua,
2508 4195 2741 4249 adveniat
2785 4213 2994 4266 regnum
3034 4201 3258 4253 tuum".
3289 4199 3422 4254 Jure

247 4264 516 4356 pgapu'bv,
549 4264 1024 4356 ἐπαγγελλόμενος
1043 4269 1218 4334 αὐτοῖς
1243 4273 1506 4341 βασιλείαν
1531 4280 1761 4350 οὐρανῶν

1899 4296 2024 4351 ergo
2057 4283 2165 4337 haec
2198 4282 2371 4338 omnia
2401 4293 2564 4354 porta:
2592 4285 2735 4356 regni
2776 4288 3031 4340 caelorum
3055 4297 3239 4342 vocata
3271 4301 3413 4352 sunt,

244 4354 401 4405 ἀλλὰ
433 4351 529 4403 καὶ
555 4350 824 4403 ἐδίδασκεν
850 4351 1093 4421 εὔχεσθαι
1119 4360 1241 4422 τοὺς
1267 4363 1426 4414 αὐτοῦ
1451 4367 1686 4438 μαθητάς
1713 4387 1758 4421 κς

1899 4350 2076 4438 utpote
2110 4373 2381 4441 ingressus
2401 4350 2684 4443 aditusque
2717 4375 2926 4430 itineris
2959 4375 3050 4429 illo
3079 4350 3411 4431 instituendi.

245 4444 358 4512 τὴν
393 4440 505 4492 τῶν
535 4440 773 4505 οὐρανῶν
802 4441 1065 4508 βασιλείαν
1090 4445 1404 4508 ἐξαιτεῖσθαι
1433 4454 1759 4518 φάσκονταςὲ

1929 4461 2078 4530 liligit
2127 4440 2252 4531 ergo
2291 4462 2546 4517 Dominus
2599 4440 2701 4517 has
2751 4465 2986 4520 cmlestis
3016 4465 3193 4522 Sionis
3234 4473 3443 4535 portas‘

244 4533 316 4600 τῇ
350 4530 666 4597 προσευχῇ·
694 4528 998 4594 Γενηθήτω
1020 4530 1084 4583 τὸ
1118 4534 1337 4602 θέλημά
1364 4552 1494 4599 σου,
1525 4541 1734 4594 ἐλθέτω

1900 4548 2020 4616 plus
2072 4563 2230 4616 quam
2288 4565 2472 4604 omnes
2510 4550 2704 4614 legales
2735 4557 2788 4603 et
2820 4549 3071 4608 Judaicas
3099 4569 3411 4624 synagogas,

237 4618 549 4680 βασιλειά
577 4633 710 4670 σου.
734 4617 961 4680 Εἰκότως
985 4620 1154 4673 τοίνυν
1175 4625 1348 4676 πάντα
1371 4625 1436 4677 τὰ
1465 4630 1681 4684 τοιαῦτα
1703 4651 1751 4683 πι

1899 4651 2031 4705 quas
2081 4637 2422 4690 tabernacula
2466 4636 2631 4691 Jacob
2673 4639 2974 4708 appellavit.
3011 4617 3162 4711 Apud
3202 4617 3413 4699 ιῖιάἒεοέ

243 4709 344 4762 λαι
374 4708 482 4775 τῆς
505 4705 612 4757 τῶν
636 4705 870 4775 οὐρανῶν
901 4707 1164 4776 βασιλείας
1182 4713 1586 4784 ὠνομάσθησαν,
1612 4723 1757 4773 εῖσοδ‹

1896 4729 2037 4777 enim
2077 4725 2308 4778 cmlestis
2346 4725 2432 4777 illa
2469 4724 2560 4779 Dei
2588 4726 2775 4780 civitas
2807 4729 3112 4784 nullatenus
3149 4722 3410 4788 memora:

243 4814 406 4860 τινες
441 4795 536 4848 καί
553 4796 843 4862 είσαγωγαὶ
867 4799 1213 4867 τυγχάνουσαι
1233 4802 1331 4870 τῆς
1357 4803 1529 4856 ἐκεῖσε
1559 4812 1757 4878 πορείας

1910 4827 2001 4873 .ur,
2026 4827 2196 4881 neque
2216 4828 2311 4881 pro
2337 4828 2499 4881 sc0po
2525 4814 2720 4868 habent
2743 4816 2843 4884 ipsi
2875 4833 3091 4886 regnum
3119 4820 3374 4872 caelorum
3395 4838 3424 4885 ;⁴

259 4887 489 4955 ’ᾼγαπᾷ
535 4885 710 4936 τοίνυν
758 4886 953 4949 ταύτας
1002 4888 1096 4952 τὰς
1146 4890 1312 4950 πύλας
1353 4891 1448 4958 τῆς
1479 4895 1773 4967 ἐπουρανίοι

1896 4903 1986 4956 sed
2014 4904 2259 4957 deorsum
2303 4906 2476 4972 proni,
2504 4905 2557 4957 in
2591 4912 2733 4957 terra
2777 4922 2923 4974 spem
2943 4885 3170 4971 habent,
3203 4917 3257 4962 et
3286 4925 3410 4978 pro-

245 4978 398 5028 Σιων
432 4975 574 5043 ὑπὲρ
621 4973 715 5036 τὰς
757 4974 979 5044 νομικὰς
1010 4979 1097 5030 καὶ
1131 4977 1417 5040 Ἰουδαῖκάς
1457 4987 1759 5053 συναγωγάς

1900 4993 2056 5047 missa
2111 4994 2213 5048 sibi
2263 4993 2382 5047 data
2426 4995 2512 5047 hic
2543 4973 2854 5063 exspectant
2885 5017 2896 5051 :
2928 5013 3089 5066 quare
3115 4973 3414 5065 portae—illm

249 5066 441 5134 ἇσπερ
469 5063 712 5131 ὠνόμασε
739 5064 1052 5133 σκηνώματα
1087 5064 1289 5119 Ἰακώϐ.
1322 5066 1483 5118 Οὐδὲν
1511 5071 1638 5135 γοῦν
1666 5093 1763 5146 παρ

1897 5081 2127 5134 εωιρειὶε
2166 5080 2312 5141 Sion,
2341 5097 2473 5149 quas
2501 5097 2658 5149 supra
2692 5081 3100 5144 declaravimus,
3128 5084 3328 5150 majore
3358 5087 3411 5140 in

246 5156 490 5214 ἐκείνοις
518 5152 643 5219 περὶ
677 5152 771 5220 τῆς
809 5153 1114 5222 ἐπουρανίου
1147 5152 1347 5212 πόλεως
1384 5154 1473 5206 τοῦ
1499 5157 1633 5210 Θεοῦ
1664 5179 1760 5232 μνη

1899 5171 2063 5238 pretio
2111 5170 2249 5238 apud
2301 5169 2462 5223 Deum
2539 5171 2820 5235 habentur,
2858 5189 3012 5242 quam
3071 5173 3413 5230 tabernacula

248 5243 562 5314 μονεύεται,
592 5240 708 5292 οὐδέ
733 5257 811 5301 τις
835 5242 1007 5304 αὐτοῖς
1035 5241 1221 5301 σκοπὸς
1256 5242 1378 5309 περὶ
1402 5243 1685 5311 βασιλείας
1713 5253 1762 5302 οε

1898 5255 2075 5309 lacob.
2094 5255 2256 5324 Cujus
2280 5257 2455 5311 Sionis
2478 5257 2823 5314 fundamenta
2853 5240 2957 5315 non
2986 5261 3072 5312 hic
3094 5266 3144 5312 et
3170 5261 3225 5313 in
3248 5269 3412 5324 terra,

249 5334 436 5404 ρανῶν
480 5330 830 5394 ἐνεστι,κάτω
859 5330 910 5381 δὲ
946 5331 1010 5382 δι’
1034 5331 1143 5382 ὅλου
1175 5331 1480 5393 νενευκότες
1510 5334 1609 5396 τὰς
1637 5337 1763 5391 ἐλπί

1904 5345 2076 5396 humili
2105 5345 2237 5416 .loco
2275 5345 2444 5411 posita
2469 5355 2626 5410 sunt,
2660 5349 2752 5402 sed
2782 5350 2833 5404 in
2867 5348 3141 5402 montibus
3186 5350 3418 5413 sanctis,

241 5424 346 5485 δας
375 5424 466 5473 ἐπὶ
487 5421 588 5489 γῆς
612 5420 785 5487 ἔχουσι
804 5457 818 5480 ,
850 5422 934 5470 καὶ
968 5421 1055 5482 τάς
1076 5417 1397 5482 ἐπαγγελίας
1415 5423 1657 5476 ἐνταῦθά
1682 5447 1755 5480 τιο

1899 5434 1965 5486 uti
1993 5449 2150 5492 supra
2187 5434 2586 5501 explicavimus.
3411 5422 3413 5425 I

244 5510 596 5580 προαδωκῶσι
620 5525 631 5536 ·
667 5507 742 5559 διὸ
768 5509 1113 5576 προτιμότεραι
1148 5505 1301 5573 παρὰ
1327 5509 1394 5578 τῷ
1426 5510 1546 5580 Θεῷ
1578 5519 1910 5584 τυγχάνουσι
1937 5525 2038 5575 τῶν
2087 5523 2440 5592 σκηνωμάτων
2471 5524 2656 5578 Ἰακὼϐ
2703 5529 2756 5578 αἱ
2815 5522 3240 5597 προδηλωθεῖσαι
3300 5525 3436 5592 ἡμῖν

314 5661 359 5691 ’³
400 5658 594 5728 Ephes.
632 5671 699 5716 ll,
731 5653 809 5704 20.
883 5653 921 5686 ⁸⁸
954 5655 1052 5708 Gal.
1091 5667 1164 5711 iv,
1205 5652 1300 5707 26,
1376 5659 1413 5688 ιι
1460 5658 1626 5719 "chr.
1671 5681 1788 5734 xu,
1822 5683 1828 5722 η

1671 5681 1788 5734 1m,
1822 5673 1929 5738 22,
1959 5673 2044 5727 25.
2118 5675 2160 5704 "
2202 5672 2381 5726 Matth.
2418 5690 2446 5727 ι
2474 5714 2487 5738 ,
2530 5675 2575 5730 7.
2653 5678 2693 5707 ⁸³
2732 5677 2917 5732 Matth.
2954 5692 3009 5730 VI
3034 5715 3051 5739 ,
3088 5673 3173 5726 i0.
