3834 6386
208 412 355 472 ιοιςι

1360 425 1852 481 COMMENTARIA
1891 428 1953 482 IN
1981 427 2288 482 PSALMOS

3228 434 3363 489 1050

210 527 402 599 τέχθαι
436 527 550 579 ἐκεῖ
582 529 835 597 φάσκων,
869 532 1149 603 παρίστησι
1179 532 1277 602 τὴν
1305 534 1359 586 ἐν
1385 536 1460 604 τῷ
1492 537 1739 607 ὁινθριίητη⁴

1851 537 1955 589 illic
1987 547 2162 589 natum
2189 538 2336 597 dicit,
2366 537 2454 589 Dei
2487 536 2639 591 VerLi
2666 538 2715 590 in
2742 538 2954 591 bomine
2983 538 3359 595 habitationem

214 619 304 672 τοῦ
336 608 481 669 ¹Θεοῦ
509 619 681 687 Λόγου
713 623 1034 691 κατοίκησιν.
1072 625 1276 692 Ὥσπερ
1296 623 1448 695 γὰρὴ
1481 626 1630 685 Σιὼν.
1661 628 1750 679 πό-

213 708 296 769 λις
332 702 471 759 οὖσα
498 707 590 759 τοῦ
622 709 753 761 Θεοῦ
774 750 787 773 ,
826 710 969 781 χώρα
994 711 1238 779 τυγχάνει
1269 712 1358 763 τοῦ
1390 715 1659 783 τεχθέντος
1694 718 1749 767 ἐν

209 801 351 868 αὐτῇ
391 798 612 869 ἀνδρὸς,
646 800 782 854 οὕτω
830 804 922 863 καὶ
962 804 1117 866 αὐτὸς
1149 805 1175 854 6
1212 804 1344 874 ἀνὴρ
1375 804 1519 873 χώρα
1551 805 1749 871 γίνεται

210 891 305 941 καὶ
344 891 550 958 δοχείον
580 890 671 943 τοῦ
697 893 752 943 ὲν
779 893 921 962 αὐτῷ
943 895 1276 964 γεννηθέντος
1300 895 1429 946 Θεοῦ
1463 896 1650 961 Λόγου,
1677 894 1749 955 ὡς

209 980 267 1030 ὲν
294 979 437 1048 ἱερῷ
469 979 605 1048 ἁγίῳ
626 981 717 1032 καὶ
741 981 868 1050 ναῷ,
898 982 1087 1050 μᾶλλον
1115 984 1170 1036 δὲ
1192 983 1264 1046 ὡς
1297 986 1351 1035 ὲν
1372 985 1632 1053 ἀγάλματι
1660 983 1750 1034 καὶ

205 1070 411 1138 δοχείῳ
434 1070 533 1138 τῆς
550 1068 708 1123 αὐτοῦ
729 1070 968 1145 θεότητος
985 1072 1041 1123 ὲν
1064 1073 1206 1141 αύτῴ
1229 1075 1614 1141 κατῳκηκότος.
1644 1072 1749 1124 Καὶ

209 1159 396 1226 ταῦτα
427 1159 484 1211 δὲ
509 1160 809 1226 ἀναγκαίως
835 1161 862 1211 6
880 1160 1042 1226 Λόγος
1072 1161 1297 1225 ἐδίδαξεν
1322 1164 1395 1223 εἰς
1426 1162 1484 1213 τὸ
1514 1159 1749 1228 γνωσθῆ-

210 1266 301 1299 ναι
340 1248 466 1310 πῶς
494 1248 769 1315 ἀλλόφυλοι
795 1249 885 1300 καὶ
912 1248 1079 1319 Τύρος
1106 1251 1193 1302 καὶ
1211 1250 1333 1312 λαὸς
1359 1250 1620 1301 Αἰθιόπων
1642 1250 1750 1315 ὲγε-

207 1338 461 1407 νήθησαν
482 1340 538 1389 έν
560 1341 623 1407 τῇ
643 1336 733 1390 τοῦ
754 1339 882 1398 Θεοῦ
906 1341 1071 1403 πόλει,
1094 1340 1183 1392 καὶ
1202 1340 1477 1407 γεγόνασιν
1498 1340 1599 1392 υἱοὶ
1618 1339 1747 1391 Θεοῦ

202 1431 294 1483 διὰ
319 1430 429 1498 τῆς
453 1434 582 1499 παρ’
605 1428 748 1499 αὐτῷ
768 1430 1362 1499 ἀναγεννήσεως.”οπως
1381 1430 1484 1499 γὰρ
1503 1431 1593 1482 καὶ
1615 1429 1748 1481 κατὰ

201 1522 332 1575 τίνα
381 1522 583 1592 τρόπον
620 1523 653 1591 ἡ
680 1522 904 1591 τοσαύτη
936 1523 1011 1583 εἰς
1048 1522 1297 1590 οὐρανοὺς
1325 1522 1540 1591 ἐξεχύθη
1573 1524 1745 1591 χάρις,

203 1612 565 1681 παρέστησεν
596 1612 759 1664 είπὼν
783 1611 849 1663 τὰ
880 1612 1015 1664 κατὰ
1040 1612 1124 1677 τὸν
1155 1612 1314 1682 ἄνδρα
1329 1613 1415 1664 τὸν
1430 1613 1748 1681 γεννηθέντα

200 1698 357 1760 ἐκεῖ,
399 1698 495 1751 καὶ
524 1698 612 1749 τὸν
645 1698 701 1749 ὲν
725 1696 799 1766 τῷ
827 1698 977 1767 ἀνδρὶ
1005 1697 1161 1750 πάλιν
1185 1698 1500 1767 γεννηθέντα
1532 1698 1743 1767 Κύριον.

202 1786 298 1850 Οἷς
321 1789 534 1842 ἅπασιν
557 1787 787 1855 ὲπιλέγει
814 1787 893 1853 τὸ,
925 1788 1014 1851 Ὠς
1038 1788 1497 1855 εὐφραινομένων
1514 1788 1747 1840 πάντων

1846 626 2093 677 declarat.
2127 625 2577 689 Quemadmodum
2621 626 2761 679 enim
2812 626 2937 678 Sion
2963 666 2977 690 ,
3009 643 3123 695 qua:
3171 630 3360 685 civitas

1846 710 1938 764 Dei
1976 721 2074 775 est,
2106 714 2251 766 locus
2272 723 2352 767 est
2380 715 2473 766 viri
2504 716 2554 766 in
2584 730 2644 767 ea
2670 715 2807 777 nati;
2862 715 2931 765 ita
2964 714 3074 782 ipse
3102 718 3182 768 vir
3211 720 3359 773 locus

1844 798 2065 850 elIicitur
2094 810 2144 852 et
2178 803 2564 868 receptaculum
2596 800 2681 854 Dei
2712 800 2868 855 Verbi
2904 802 2955 853 in
2984 818 3040 856 se
3073 805 3215 867 nati,
3266 809 3358 874 qui

1845 892 1994 958 quasi
2026 892 2079 943 in
2107 894 2220 943 loco
2245 906 2397 944 Sucro
2435 900 2488 945 et
2521 893 2572 943 in
2614 892 2831 960 templo,
2867 892 2970 945 imo
3005 894 3179 961 potius
3207 899 3362 964 quasi

1845 981 1896 1033 in
1932 989 2101 1035 statua
2129 990 2182 1033 et
2218 982 2550 1049 receptaculo
2589 981 2800 1034 deitatis
2826 996 2954 1044 suae,
2986 983 3037 1035 in
3064 984 3177 1051 ipso
3208 985 3360 1038 habi-

1845 1079 1937 1123 tut.
1970 1072 2031 1124 Et
2068 1072 2179 1125 haec
2220 1073 2520 1127 necessario
2578 1071 2730 1126 docet
2788 1073 2899 1126 haac
2938 1071 3250 1143 Scriptura,
3301 1082 3362 1128 ut

1844 1171 2024 1213 notum
2069 1163 2136 1214 sit
2181 1178 2283 1230 qua
2316 1163 2521 1215 ratione
2560 1162 2865 1231 alienigenae
2897 1172 2949 1216 et
2983 1163 3153 1234 Tyrus
3180 1175 3232 1237 et
3258 1180 3358 1234 po-

1844 1251 2000 1317 pulus
2032 1248 2333 1318 IEthiopum
2367 1251 2419 1303 in
2455 1251 2667 1305 civitate
2719 1251 2809 1305 Dei
2859 1252 2980 1306 facti
3032 1254 3246 1315 fuerint,
3306 1262 3363 1309 et.

1845 1334 1936 1387 ﬁlii
1971 1333 2061 1387 Dei
2116 1350 2209 1402 per
2246 1336 2695 1399 regenerationem
2730 1335 2803 1388 ibi
2847 1345 3111 1405 acceptam
3147 1340 3253 1392 sint
3290 1339 3366 1393 ef-

1844 1422 1985 1477 fecti.
2015 1423 2141 1479 Nam
2170 1441 2272 1492 qua
2304 1426 2506 1479 ratione
2533 1433 2680 1478 tanta
2721 1428 2773 1479 in
2806 1427 2957 1480 cmlis
2992 1429 3159 1497 gratia
3193 1430 3359 1483 effusa

1843 1514 1929 1579 sit,
1967 1515 2139 1570 allatis
2171 1517 2234 1569 iis
2266 1532 2381 1585 qua:
2410 1516 2474 1568 ad
2508 1517 2675 1569 virum
2720 1533 2782 1571 eo
2809 1518 2861 1570 in
2894 1518 3007 1571 loco
3038 1519 3267 1581 editum,
3310 1526 3365 1572 et

1844 1606 1907 1657 ad
1940 1604 2215 1659 Dominum
2248 1607 2368 1659 item
2417 1608 2469 1659 in
2515 1607 2819 1675 ltujusmodi
2848 1610 2959 1661 viro
2989 1619 3167 1661 natum
3201 1608 3363 1677 perti-

1843 1704 1989 1753 ncnt.
2019 1704 2198 1763 aperte
2226 1695 2481 1749 declarat.
2540 1696 2746 1761 Quibus
2781 1699 3029 1752 omnibus
3078 1698 3257 1751 subdit
3307 1698 3365 1749 il-

1846 1784 1953 1839 Iud.
1984 1815 2049 1824 -——
2080 1784 2237 1840 Vens.
2267 1787 2317 1841 7,
2354 1786 2498 1839 Sicut
2537 1790 2820 1841 lwtantium
2851 1792 3075 1841 omnium
3114 1790 3363 1844 Itabitatic

198 1875 238 1939 ἠ
280 1876 567 1927 κατοικία
599 1875 669 1927 ἐν
702 1875 828 1927 σοί·
882 1874 993 1926 ἀνθ’
1027 1869 1084 1928 οὗ
1118 1877 1145 1927 6
1188 1876 1280 1942 μὲν
1326 1874 1545 1936 Ἀκύλας
1594 1874 1739 1943 φησὶ,

1843 1882 1916 1926 est
1939 1873 1989 1924 in
2021 1882 2101 1935 te;
2138 1889 2233 1941 pro
2264 1890 2367 1942 quo
2394 1875 2583 1942 Aquila
2616 1876 2776 1939 dicit,
2828 1876 2893 1929 Et
2931 1888 3166 1931 canentes
3214 1879 3366 1946 quasi

194 1964 309 2017 Καὶ
356 1963 611 2029 ᾅδοντες
653 1964 732 2028 ὡς
767 1962 925 2031 χοροί
966 1962 1147 2016 πᾶσαι
1170 1963 1343 2029 πηγαὶ
1375 1964 1442 2015 ἐν
1473 1964 1568 2016 σοί
1588 1979 1603 1995 ο
1630 1963 1657 2014 6
1688 1964 1742 2014 δὲ

195 2052 542 2122 Σύμμαχος,
591 2050 695 2105 Καὶ
730 2051 1070 2104 αίνέσουσιν
1113 2054 1189 2117 ὼς
1218 2054 1286 2105 ἐν
1319 2054 1522 2117 αὐλοῖς
1563 2052 1745 2107 πᾶσαι

193 2145 254 2194 al
292 2142 488 2209 πηγαὶ
511 2142 579 2193 ἐν
605 2144 720 2193 σοί.
751 2138 910 2208 Οἶμαι
938 2141 993 2193 δὲ
1025 2142 1369 2210 σημαίνεσθαι
1403 2143 1492 2194 καὶ
1517 2141 1604 2193 διὰ
1630 2142 1745 2193 τού-

193 2250 305 2285 των
333 2234 441 2303 τὴν
473 2233 581 2285 τῶν
614 2231 811 2283 πιστῶν
833 2230 1095 2291 ἁπάντων,
1123 2230 1227 2282 τῶν
1252 2230 1313 2299 δὴ
1343 2231 1439 2299 τῆς
1468 2231 1625 2297 ἁγίας
1651 2231 1742 2283 τοῦ

194 2324 337 2375 Θεοῦ
375 2323 587 2384 πόλεως
602 2318 1158 2387 καταξιωθησομένων,
1191 2319 1593 2389 ἐπισυναγωγὴν
1614 2359 1628 2384 ,
1650 2320 1743 2372 καὶ

194 2414 292 2483 τὴν
331 2415 418 2476 είς
449 2413 546 2465 ἕνα
576 2410 728 2481 χορὸν
752 2408 1192 2462 ἀποκατάστασιν.
1240 2410 1326 2479 Τῷ
1350 2410 1452 2481 γὰρ
1476 2408 1741 2477 λέγεσθαι,

195 2503 263 2563 ἐν
294 2502 409 2554 σοι
427 2540 442 2565 ,
478 2500 568 2553 τὸν
592 2500 753 2551 τόπον
783 2498 937 2550 πάλιν
969 2496 1244 2566 σημαίνειν
1275 2496 1627 2567 ὑπολαμϐάνω
1650 2498 1745 2566 τῆς

193 2590 287 2642 τοῦ
327 2589 473 2641 Θεοῦ
496 2588 697 2649 πόλεως
713 2604 725 2616 ·
748 2582 812 2656 ἦς
836 2588 881 2639 oi
911 2585 1005 2654 μὲν
1030 2584 1257 2653 θεμέλιοι
1282 2580 1415 2655 ἦσαν
1438 2589 1493 2638 ὲν
1511 2587 1617 2647 τοῖς
1636 2585 1745 2654 δρε-

166 2697 250 2733 .σι
278 2681 408 2740 τοῖς
439 2678 643 2745 ἁγίοις,
679 2679 733 2730 αἱ
763 2676 818 2729 δὲ
861 2675 1017 2728 πύλαι
1049 2677 1140 2728 καὶ
1170 2679 1221 2729 αἱ
1259 2678 1443 2729 εἴσοδοι
1472 2677 1618 2729 κάτω
1644 2694 1742 2729 που

196 2770 294 2823 καὶ
333 2771 475 2837 παρ’
504 2771 632 2838 ἡμῖν
650 2787 662 2798 ο
689 2770 745 2821 ἐν
770 2770 903 2842 μέσῃ
935 2770 989 2823 δὲ
1009 2770 1140 2838 αὐτῇ
1172 2767 1363 2829 πάντες
1387 2767 1460 2829 ὡς
1489 2768 1543 2821 ὲν
1563 2768 1745 2839 χορείᾳ

193 2861 285 2911 καὶ
315 2858 561 2928 ἁρμονία
589 2856 704 2926 θείᾳ
728 2859 838 2927 μετ’
866 2856 1188 2927 εὐφροσύνης
1212 2854 1551 2929 συναγόμενοι
1576 2872 1744 2907 κατοι-

194 2950 397 3019 κήσειν
428 2946 867 3016 προφητεύονται.
904 2947 1039 3017 Ὅρα
1070 2946 1125 2997 δὲ
1154 2944 1269 2997 τίνα
1288 2944 1479 3015 τρόπον
1504 2946 1531 2996 6
1563 2943 1741 3013 παρὼν

192 3037 445 3108 ψαλμδς,
475 3035 606 3088 Θεοῦ
636 3036 841 3103 γένεσιν
872 3035 1133 3098 θεσπίζων
1166 3034 1301 3088 κατὰ
1323 3035 1419 3104 τὴν
1449 3034 1742 3101 ἀνάγνωσιν

194 3126 295 3195 τῆς
311 3125 432 3177 τῶν
450 3124 836 3195 Ἐϐδομήκοντα
858 3124 1159 3196 ἑρμηνείας,
1178 3123 1443 3195 ὲπέκρυψε
1467 3123 1524 3174 τὸ
1544 3124 1740 3193 μυστή-

195 3232 337 3287 ριον.
408 3214 483 3266 Τὸ
513 3214 623 3284 γὰρ
641 3253 655 3277 ,
703 3214 911 3279 Κύριος
941 3213 1241 3281 ἀριθμήσει
1271 3213 1501 3282 πράξεων
1521 3214 1731 3277 ,Μοῦς’

195 3303 399 3371 Οὗτος
430 3304 639 3372 ἐτέχθη
664 3303 815 3367 ἐκεῖ,
844 3303 977 3356 κατὰ
1006 3302 1319 3373 Σύμμαχον·
1350 3304 1382 3374 ἢ
1414 3305 1551 3357 κατὰ
1590 3304 1740 3356 Ἀκύ-

189 3396 288 3449 λαν
316 3436 335 3459 ,
391 3395 604 3460 Κύριος
640 3390 978 3460 διηγήσεται
1024 3393 1093 3445 ἐν
1133 3391 1209 3456 τῷ
1242 3392 1479 3461 γράφειν
1522 3394 1734 3458 λαούς·

192 3483 399 3549 Οὗτος
424 3482 633 3551 ἐτέχθη
661 3482 808 3535 ἐκεῖο
836 3483 867 3552 ἢ
900 3482 1036 3534 κατὰ
1054 3482 1140 3534 τὸν
1168 3482 1502 3545 Θεοδοτίωνα,
1535 3484 1739 3548 Κύριος

187 3575 555 3645 διηγήσεται
574 3574 642 3626 ἐν
672 3571 861 3641 τραφῇ
888 3570 1072 3624 λαῶν·
1096 3568 1278 3636 Οὗτος
1296 3571 1574 3641 ἐγεννήθη
1597 3571 1736 3633 ἐκεῖ,

186 3665 244 3717 ού
291 3662 497 3717 τοῦτον
535 3663 864 3731 ἡρμήνευται
901 3662 1047 3731 παρᾶ
1082 3663 1189 3722 τοῖς
1228 3660 1611 3729 Ἐὁδομήκοντα
1652 3659 1738 3711 τὸν

186 3756 405 3826 τρόπον
426 3768 440 3781 ·
473 3750 587 3804 ἀλλ’
618 3752 843 3821 εἴρηται,
877 3751 1086 3816 Κύριος
1103 3748 1437 3818 διηγήσεται
1466 3749 1533 3802 ἐν
1551 3747 1739 3816 γραφῇ

189 3842 367 3898 λαῶν
404 3839 505 3893 καὶ
538 3839 837 3907 ἀρχόντων
865 3841 1081 3892 τούτων
1112 3838 1229 3891 τῶν
1260 3837 1654 3908 γεγενημένων
1672 3839 1739 3890 ἐν

191 3930 354 3998 αὐτῇ
375 3947 389 3960 ·
419 3928 832 3998 ἐπικρυψάντων
853 3966 868 3990 ,
908 3928 982 3989 ὡς
1026 3923 1174 3997 οἶμαι
1196 3966 1211 3989 ,
1244 3929 1339 3997 τὴν
1372 3928 1597 3981 διάνοιαν
1635 3927 1737 3979 τῶν

189 4022 294 4092 τὴν
324 4018 624 4090 ἑρμηνείαν
658 4018 1055 4087 πεποιημένων,
1081 4017 1166 4070 διὰ
1198 4017 1257 4069 τὸ
1283 4017 1482 4071 ἔθνεσιν
1514 4017 1736 4084 ἀλλοφύ-

190 4110 308 4173 λοις
337 4108 559 4179 μέλλειν
580 4106 867 4159 ἐκδίδοσθαι
894 4107 988 4174 τὴν
1015 4107 1227 4177 Γραφὴν
1250 4106 1385 4159 κατὰ
1408 4107 1528 4169 τοὺς
1551 4106 1739 4158 Πτολε-

194 4202 368 4271 μαίου
402 4198 648 4268 χρόνους,
675 4195 820 4249 ούπω
845 4196 935 4247 τοῦ
964 4197 1205 4266 Σωτῆρος
1230 4198 1382 4267 ἡμῶν
1406 4197 1736 4267 ἐπιλάμψαν-

188 4308 285 4353 τος
327 4288 409 4357 τῷ
456 4286 573 4355 βίῳ.
617 4286 723 4337 Καὶ
754 4288 781 4338 6
814 4287 916 4347 πᾶς
944 4286 999 4337 δὲ
1030 4284 1231 4354 ψαλμὸς
1266 4287 1462 4357 σφόδρα
1491 4289 1734 4355 diem“-

188 4379 375 4448 τώδης
398 4378 498 4430 καὶ
526 4374 806 4435 σκοτεινῶς
831 4375 1107 4444 είρημένος
1127 4376 1371 4443 τυγχάνει
1392 4412 1406 4437 ,
1436 4376 1735 4443 θεμελίους

1844 1964 1984 2017 chori
2031 1981 2199 2017 omnes
2251 1965 2411 2031 [antes
2447 1968 2497 2018 in
2546 1977 2625 2027 te;
2682 1964 3032 2033 Symmachus
3081 1983 3241 2031 vero,
3297 1966 3363 2019 Et

1843 2053 2125 2106 laudabunt
2167 2056 2315 2122 quasi
2360 2056 2411 2106 in
2463 2056 2599 2106 tibiis
2631 2070 2801 2105 omnes
2847 2054 3011 2121 fontes
3050 2056 3100 2106 in
3147 2066 3213 2108 te.
3264 2054 3360 2109 llis

1842 2160 1998 2214 porro
2051 2145 2332 2213 signiﬁcari
2384 2145 2612 2196 arbitror
2662 2144 2892 2197 ﬁdelium
2931 2145 3208 2204 omnium,
3269 2146 3360 2212 qui

1841 2244 2023 2289 sancta
2048 2234 2137 2288 Dei
2161 2234 2370 2287 civitate
2397 2232 2625 2287 donandi
2674 2242 2818 2294 sunt,
2849 2242 3314 2300 congregationem
3338 2272 3361 2297 ,

1839 2334 1995 2393 atque
2018 2325 2071 2377 in
2102 2325 2321 2378 chorum
2354 2338 2514 2375 unum
2546 2322 2928 2375 reductionem.
2962 2320 3092 2373 Nam
3123 2336 3243 2374 cum
3277 2321 3362 2374 di-

1839 2415 1994 2477 citur,
2019 2414 2073 2465 in
2106 2423 2172 2475 te,
2210 2413 2433 2465 indicari
2481 2413 2721 2480 suSpicor
2753 2411 2985 2463 civitatis
3019 2409 3109 2463 Dei
3142 2411 3314 2463 locum
3340 2449 3358 2474 ,

1838 2505 1991 2571 cujus
2048 2503 2382 2557 fundamenta
2438 2502 2648 2571 quidem
2702 2502 2760 2554 in
2827 2501 3097 2555 montibus
3160 2502 3363 2557 sanctis

1838 2602 2012 2655 erant,
2039 2603 2204 2661 porta:
2228 2606 2351 2645 vero
2389 2602 2441 2643 et
2468 2590 2644 2643 aditus
2674 2590 2853 2642 inﬁmo
2903 2590 2955 2640 in
2990 2590 3108 2642 loco
3135 2596 3187 2642 et
3218 2589 3361 2657 apud

1837 2696 1935 2735 nos
1957 2681 2042 2734 siti
2071 2689 2185 2735 sunt
2222 2699 2235 2733 ε
2266 2683 2319 2733 in
2350 2680 2521 2731 medio
2549 2686 2723 2732 autem
2756 2678 2918 2740 illius,
2956 2678 3107 2747 quasi
3146 2678 3199 2731 in
3231 2679 3362 2732 cho-

1836 2786 1925 2824 rea
1963 2781 2014 2824 et
2055 2778 2313 2823 concentu
2348 2770 2546 2829 divino,
2582 2768 2881 2837 congregati
2939 2767 3016 2820 illi
3071 2767 3358 2822 habitaturi

1835 2874 1953 2914 esse
1978 2861 2417 2929 przenuntiantur.
2448 2857 2818 2911 Animadverte
2849 2872 3007 2925 porro
3026 2872 3126 2925 qua
3150 2858 3359 2912 ratione

1839 2948 1923 3001 hic
1956 2947 2212 3016 psalmus,
2242 2946 2331 3000 Dei
2356 2948 2748 3019 generationem
2802 2945 3098 2999 secundum
3131 2935 3360 3013 Septuai

1838 3038 1982 3107 ginta
2018 3036 2366 3106 lnterpretum
2400 3037 2675 3090 lectionem
2700 3035 3015 3098 vaticinans,
3046 3035 3356 3105 mysterium

1837 3127 2133 3182 occultarit.
2161 3124 2251 3178 Illa
2279 3125 2416 3178 enim
2458 3123 2746 3179 secundum
2780 3122 3153 3192 Symmachum
3187 3123 3357 3191 expli—

1763 3195 1806 3254 C
1835 3216 1993 3280 catio,
2018 3215 2264 3267 Dominus
2297 3213 2582 3267 numerabit
2617 3213 2840 3265 scribens
2877 3212 3118 3279 populos,
3147 3210 3243 3263 Hic
3261 3228 3358 3265 na-

1837 3314 1917 3357 tus
1943 3313 2017 3357 est
2050 3305 2155 3366 ibi;
2186 3305 2264 3357 vel
2289 3303 2575 3356 secundum
2602 3302 2867 3370 Aquilam,
2888 3300 3139 3353 Dominus
3167 3317 3357 3355 narra-

1838 3393 1906 3446 bit
1941 3394 1993 3445 in
2019 3393 2282 3445 scribendo
2305 3392 2536 3459 populos,
2572 3390 2671 3443 llic
2700 3401 2850 3442 natus
2901 3398 2977 3443 est
3024 3390 3124 3452 ibi;
3162 3390 3244 3444 vel
3271 3404 3356 3446 se-

1836 3480 2064 3533 cundum
2095 3479 2503 3533 Theodotioncm
2531 3517 2544 3540 ,
2574 3478 2821 3530 Dominus
2867 3477 3098 3531 narrabit
3134 3479 3186 3530 in
3222 3481 3355 3531 scri-

1834 3579 1985 3635 ptura
2012 3569 2331 3635 populorum.
2356 3567 2449 3619 llic
2464 3577 2614 3619 natus
2637 3576 2709 3619 est
2733 3568 2842 3629 tibi,
2871 3581 2976 3619 non
3006 3567 3185 3621 eadem
3213 3567 3355 3636 apud

1835 3660 1971 3714 LXX
1994 3662 2284 3729 reperitur;
2336 3660 2427 3713 sed
2476 3660 2701 3719 dicitur,
2750 3658 2971 3711 Domino
3028 3656 3259 3709 narrabit
3300 3659 3354 3712 ἔτι

1834 3753 2089 3818 scriptura
2134 3753 2438 3819 pabulorum
2476 3759 2523 3803 et
2576 3750 2857 3819 principum
2910 3749 3087 3800 horum
3110 3749 3196 3817 qui
3245 3747 3357 3823 {ue-

1837 3852 1953 3899 runt
1988 3843 2040 3894 in
2078 3858 2169 3905 ea;
2211 3842 2332 3911 quia
2357 3880 2371 3903 ,
2424 3848 2481 3893 ut
2526 3841 2774 3900 arbitror,
2824 3840 3141 3908 interpretes
3173 3852 3352 3891 veram

1835 3933 2150 3985 sententiam
2179 3932 2533 3991 occultarum,
2565 3930 2705 3998 quod
2730 3929 2914 3981 alienis
2935 3929 3199 3996 gentibus,
3221 3938 3354 3981 tem-

1834 4037 1960 4090 pore
1982 4021 2278 4080 Ptolemaei.
2330 4020 2656 4089 Scripturam
2713 4018 3106 4085 interpretaturi
3131 4024 3314 4093 essent
3336 4058 3353 4084 ,

1833 4128 1952 4166 cum
1991 4113 2224 4165 nondum
2260 4111 2505 4165 Servator
2534 4118 2713 4164 noster
2750 4112 2801 4161 in
2846 4108 3042 4161 mundo
3078 4111 3358 4179 apparuit-

1834 4209 1933 4254 set.
1987 4200 2255 4269 Totusque
2287 4202 2521 4268 psalmus
2567 4198 2849 4251 admodum
2888 4195 3255 4268 tetﬁgmaticus
3300 4205 3357 4253 at

1831 4289 2093 4343 obscurus
2121 4301 2199 4342 est
2228 4308 2240 4341 :
2272 4289 2463 4356 quippe
2493 4287 2581 4356 qui
2626 4286 2961 4359 fundamenta
2988 4288 3096 4354 ejus
3118 4288 3279 4351 dicat,
3302 4298 3354 4342 et

1831 4381 1951 4448 quis
1974 4381 2041 4432 sit
2070 4379 2114 4433 is
2139 4378 2203 4431 de
2231 4394 2336 4446 quo
2360 4378 2591 4445 loquitur
2620 4383 2931 4440 taceat,nec
2962 4378 3156 4431 indicet
3182 4378 3349 4441 illum;

186 4462 386 4517 αὑτοῦ
414 4460 588 4527 λέγων
620 4460 1053 4528 σεσιωπημένως,
1080 4462 1218 4524 τίνος
1239 4462 1282 4515 δ’
1328 4462 1487 4515 αὑτοῦ
1521 4463 1592 4532 μὴ
1618 4462 1733 4514 δια-

1837 4485 1897 4523 ac
1919 4485 2128 4524 rursum
2164 4479 2367 4521 montes
2401 4476 2614 4519 sanctos
2655 4474 2927 4531 metueret,
2950 4476 3234 4537 portasque
3267 4476 3350 4520 ta-

190 4551 420 4619 σαφῶν’
476 4549 571 4601 καὶ
616 4548 769 4600 πάλιν
809 4548 906 4618 όρη
948 4549 1073 4615 ἅγια
1102 4550 1400 4619 ὀνομάζων,
1449 4552 1537 4603 καὶ
1570 4550 1735 4613 πύλας

190 4640 338 4691 Σιὼν
384 4636 801 4707 προτιμωμένας
838 4636 937 4688 ὑπὸ
960 4637 1049 4688 τοῦ
1089 4640 1285 4707 Κυρίου
1316 4638 1422 4689 τῶν
1458 4640 1735 4708 σκηνωμά-

189 4746 303 4781 των
351 4726 578 4787 Ἰακὼϐ,
612 4726 704 4777 καὶ
734 4725 880 4777 πόλιν
911 4726 1039 4778 Θεοῦ
1072 4727 1455 4797 δεδοξασμένως
1484 4728 1735 4796 λαλουμέ-

190 4835 324 4888 νηνο
362 4819 459 4869 καὶ
486 4815 581 4867 ἐπὶ
612 4816 739 4875 πᾶν,
774 4816 829 4867 ὲν
852 4819 917 4885 τῇ
949 4815 1129 4877 πόλει,
1162 4818 1219 4867 ού
1253 4817 1340 4868 τὸν
1379 4816 1615 4887 Ἰσραὴλ,
1643 4817 1733 4868 ού-

189 4908 251 4960 δὲ
288 4907 352 4960 τὸ
397 4905 663 4958 Ἰουδαίων
699 4904 874 4967 ἔθνος,
903 4904 1034 4959 ἀλλὰ
1071 4905 1232 4957 Ῥαὰὸ
1260 4908 1355 4975 τήν
1385 4923 1509 4957 ποτε
1538 4906 1734 4975 πόρνην

193 5002 292 5052 καὶ
322 4997 653 5057 Βαϐυλῶνα,
684 4997 905 5065 Τυρίους
953 5013 1009 5047 τε
1051 4997 1142 5047 καὶ
1181 4994 1431 5056 Αἰθίοπας
1464 4996 1555 5049 καὶ
1582 4997 1729 5048 ἁλλο-

191 5087 421 5148 ωύλους.
458 5084 687 5143 Τούτους
713 5082 815 5150 γὰρ
854 5083 1051 5144 πάντας
1080 5079 1422 5149 τεχθήσεσθαι
1453 5083 1510 5131 έν
1540 5084 1605 5151 τῇ
1638 5084 1731 5135 πό-

192 5192 281 5227 ast
323 5174 419 5227 τοῦ
458 5172 593 5224 Θεοῦ
625 5171 709 5223 διὰ
739 5171 893 5222 ποίαν
921 5170 1089 5223 αἰτίαν
1116 5170 1212 5220 οὑκ
1240 5168 1302 5220 ἂν
1338 5167 1442 5235 ἔχοι
1467 5186 1548 5231 τις
1572 5171 1730 5241 ἄλλην

192 5265 426 5333 είπεῖνῆ
449 5262 538 5315 διὰ
558 5261 651 5330 τὴν
674 5260 876 5328 γένεσιν
896 5260 984 5311 τοῦ
1006 5261 1060 5312 ὲν
1080 5260 1210 5325 αὐτῇ
1232 5255 1502 5325 τεχθέντος
1521 5260 1727 5329 ἀνδρὸς,

193 5354 299 5407 καὶ
331 5353 423 5405 τοῦ
457 5350 658 5421 Κυρίου
706 5348 973 5418 τεχθέντος
1007 5350 1146 5407 ἐκεῖ,
1177 5345 1365 5413 δηλαδὴ
1395 5347 1450 5398 ὲν
1479 5349 1628 5419 αὐτῷ
1656 5352 1732 5420 τῷ

196 5443 551 5512 προλεχθέντι
586 5440 763 5509 ἀνδρί·
796 5441 876 5507 ἐφ’
898 5436 974 5500 οἷς
1006 5439 1173 5490 πᾶσαν
1202 5435 1527 5506 εὐφροσύνην
1551 5441 1731 5510 κοινὴν

193 5535 303 5587 καὶ
327 5530 560 5600 χορείας,
592 5529 727 5598 ᾠδάς
759 5546 813 5580 τε
842 5529 929 5580 καὶ
960 5525 1129 5584 αἴνους
1149 5523 1241 5574 καὶ
1266 5526 1431 5592 πηγὰς
1453 5525 1617 5579 θείων
1641 5531 1732 5582 καὶ

195 5624 247 5673 ιε
264 5620 369 5687 ρῶν
389 5602 557 5684 λόγων
589 5617 674 5669 ξ.τῖ
705 5618 837 5670 τέλει
855 5617 941 5669 τοῦ
961 5612 1161 5682 ψαλμοῦ
1188 5612 1426 5674 θεσπίζει.
1475 5616 1653 5669 Ἐπὰν
1676 5620 1730 5670 δὲ

190 5710 347 5778 λέγῃ
373 5709 428 5759 ὲν
450 5709 626 5779 γραφῇ
653 5705 786 5761 λαῶν
809 5708 965 5761 ταῦτα
991 5718 1152 5759 παντα
1180 5700 1405 5767 ἔσεσθαι,
1438 5707 1729 5773 σημαίνειν

1834 4559 2130 4613 bernaculis
2172 4556 2335 4610 Jacob
2368 4573 2397 4610 a
2432 4556 2651 4610 Domino
2680 4558 2968 4622 antelatas;
3017 4560 3245 4628 itemque
3272 4559 3350 4611 ci-

1833 4652 2045 4705 vitatem
2101 4648 2190 4704 Dei
2249 4648 2476 4717 gloriose
2532 4648 2849 4701 celebratam
2888 4666 2900 4700 :
2938 4648 3003 4700 ad
3062 4649 3174 4702 hate
3223 4662 3349 4701 vero

1833 4739 2029 4802 omnia,
2059 4737 2113 4790 in
2142 4736 2373 4796 civitate,
2405 4751 2509 4789 non
2543 4736 2808 4797 lsraelem,
2841 4752 3012 4803 neque
3070 4736 3345 4790 Iudaicam

1832 4824 2036 4891 gentem
2062 4840 2081 4889 ;
2109 4822 2201 4877 sed
2251 4822 2433 4875 ltahab
2460 4821 2583 4875 olim
2614 4822 2961 4881 meretricem,
2992 4820 3346 4890 Babylonem,

1832 4909 2019 4981 'lyrias
2053 4949 2067 4975 ,
2122 4911 2438 4979 Aithiopas,
2500 4910 2925 4979 alienigenasque
2988 4911 3243 4962 nominet.
3282 4909 3345 4962 lli

1831 5002 2023 5071 quippe
2055 5016 2237 5055 omnes
2267 5014 2362 5054 cur
2394 5002 2446 5052 in
2478 4999 2690 5053 civitate
2714 5000 2804 5052 Dei
2834 4997 3090 5051 nascituri
3118 5014 3234 5050 esse
3267 4999 3349 5049 di-

1835 5102 2042 5153 cantur,
2064 5108 2169 5145 non
2204 5091 2357 5142 aliam
2391 5105 2604 5143 causam
2637 5091 2757 5158 quis
2782 5087 3039 5156 proferat,
3062 5089 3166 5140 nisi
3190 5103 3349 5154 gene-

1835 5183 2088 5235 rationem
2112 5179 2207 5231 viri
2230 5178 2319 5246 qui
2353 5179 2404 5229 in
2448 5177 2533 5227 illa
2566 5188 2723 5231 natus
2754 5184 2854 5237 est,
2883 5184 2934 5227 et
2965 5173 3178 5226 Domini
3222 5174 3349 5226 item

1832 5271 1885 5323 in
1913 5271 1999 5322 illa
2032 5268 2161 5329 nati,
2193 5266 2430 5319 videlicet
2469 5264 2519 5315 in
2564 5265 2678 5318 viro
2715 5278 2870 5333 quem
2930 5260 3041 5327 iam
3100 5261 3350 5314 diximus.

1832 5359 2156 5427 Quapropter
2210 5353 2561 5407 omnimodam
2614 5365 3067 5417 communemque
3103 5349 3355 5413 laetitiam,

1832 5448 2073 5505 choreas,
2104 5444 2333 5502 cantica,
2366 5440 2544 5493 laudes
2566 5480 2580 5502 ,
2635 5441 2942 5493 divinorum
2974 5451 3367 5502 sacrorumque

1831 5535 2154 5603 eloquiorum
2202 5532 2369 5583 fontes
2399 5529 2450 5581 in
2483 5530 2583 5584 line
2618 5530 2809 5599 psalmi
2845 5526 3204 5581 vaticinatur.
3237 5524 3371 5574 Cum

1832 5634 2004 5675 autem
2036 5621 2182 5679 dicit.
2214 5620 2263 5671 in
2297 5620 2557 5687 scriptura
2603 5622 2935 5691 populorum
2977 5614 3179 5668 omnia
3227 5628 3381 5679 repo-

1833 5711 2000 5768 nenda
2021 5726 2152 5775 esse,
2180 5710 2403 5765 arbitror
2426 5724 2543 5766 eum
2570 5718 2783 5782 tempus
2804 5704 3216 5776 descriptionis
3249 5716 3390 5769 gen-

2930 5890 2957 5897 ,ο
