3834 6364
219 447 361 507 £033

1332 448 1817 505 COMMENTARIA
1858 453 1920 506 IN
1948 450 2276 507 PSALMOS.

3240 450 3263 501 ί
3273 451 3372 504 054

220 578 326 614 νων
347 600 362 620 ,
394 558 579 614 τοῦτον
621 568 967 637 περιέχουσαν
997 571 1084 623 τὸν
1125 569 1319 640 τρόπον
1344 587 1355 599 ·
1423 573 1537 624 Υἱοὶ
1578 572 1741 625 Ἰοὺδι

1856 572 2104 626 Hebraeus
2132 571 2203 623 ait
2230 572 2281 623 in
2312 568 2539 639 Egj’pto
2571 576 2693 623 ante
2730 568 2925 639 Moysis
2951 576 3154 621 atatem
3180 570 3371 621 vatici-

225 651 413 718 Φαρὲς
439 652 535 706 καὶ
564 656 728 722 Ζαρά
746 676 757 687 ·
787 660 879 711 καὶ
922 662 1032 711 υἱοὶ
1058 662 1211 726 Ζαρὰ
1232 699 1244 720 ,
1274 662 1513 727 Ζαμόρὶ,
1546 663 1637 713 καὶ
1666 664 1758 713 Αι-

218 740 335 808 θὰμ
374 740 472 792 καὶ
512 738 697 810 Αιμάν
734 747 827 797 καὶ
860 749 1096 815 Χαλχίιλ
1143 749 1237 801 καὶ
1282 749 1497 815 Δαρδάο
1546 750 1759 813 πάντες

214 830 424 884 πέντε.
467 832 693 897 Τούτους
729 836 904 903 ἔλεγεν
935 841 961 890 6
999 840 1238 908 Ἐϐραῖος
1269 838 1324 890 ἐν
1351 839 1599 908 Αἰγύπτῳ
1628 856 1754 907 προ-

213 923 493 991 φητεῦσαι
513 963 527 985 ,
555 924 657 994 πρὸ
685 927 950 989 Μωῦσέως
972 928 1303 996 γενομένους,
1332 927 1505 979 αὐτῶν
1535 944 1597 978 τε
1625 924 1757 979 εἶναι

212 1010 345 1071 τοὺς
366 1009 613 1079 ψαλμοὺς
626 1013 745 1074 τοὺς
764 1016 838 1075 εἰς
852 1015 1015 1085 ὄνομα
1036 1016 1206 1067 αὐτῶν
1224 1015 1726 1084 προγεγραμμένους
1740 1030 1753 1043 ο

209 1092 327 1151 οἷον
370 1100 463 1151 τὸν
500 1099 634 1169 μετὰ
665 1104 876 1170 χεῖρας,
911 1105 1110 1158 καὶτὸν
1136 1106 1259 1173 ἑξῆς
1283 1105 1455 1173 αὐτῷ,
1480 1105 1569 1156 καὶ
1602 1103 1756 1155 αὑτὸν

210 1189 715 1256 ἐπιγεγραμμένον,
735 1190 912 1259 Αὶθάμ
932 1192 1008 1256 τῷ
1037 1195 1338 1261 Ἐσδραΐτῃ
1357 1212 1370 1224 δ
1394 1194 1524 1246 ἀλλὰ
1549 1195 1637 1245 καὶ
1665 1211 1756 1245 πε-

210 1274 264 1342 ρὶ
295 1275 488 1328 αὐτῶν
510 1277 750 1346 λελέχθαι
777 1279 832 1331 ἐν
873 1282 936 1347 τῇ
964 1280 1116 1350 τρίτῃ
1145 1283 1250 1333 τῶν
1279 1282 1562 1334 Βασιλειῶν
1580 1299 1593 1312 ο
1648 1284 1756 1336 Καὶ

204 1365 550 1432 ἐσοφίσατο
578 1365 855 1434 Σολομὼν
880 1367 1027 1435 ὑπὲρ
1062 1371 1237 1423 Αὶθὰν
1257 1371 1358 1423 τὸν
1394 1371 1752 1439 Ἐσδραΐτην,

204 1457 307 1509 καὶ
336 1456 555 1525 Αίμὰν,
585 1458 679 1510 καὶ
702 1458 803 1510 τὸν
825 1458 1067 1524 Χαλχὰλ
1089 1460 1182 1511 καὶ
1213 1459 1316 1511 τὸν
1339 1459 1582 1526 Δαρδάν.
1613 1459 1752 1511 Ταῦ-

202 1558 272 1595 τα
305 1543 414 1613 μὲν
445 1540 538 1596 οὖν
561 1546 638 1605 είς
668 1545 762 1614 τὴν
795 1543 1030 1614 ἱστορίαν
1056 1545 1306 1614 εἰρήσθω.
1366 1547 1425 1597 Et
1454 1547 1508 1598 δέ
1540 1564 1587 1598 τι
1618 1564 1750 1615 συμ-

201 1631 503 1685 ϐάλλονται
532 1636 595 1702 τῇ
628 1633 718 1685 τοῦ
749 1633 958 1701 ψαλμοῦ
989 1632 1183 1703 θεωρίᾳ
1210 1635 1264 1685 αἱ
1298 1634 1492 1687 τούτων
1520 1635 1623 1686 τῶν
1645 1636 1753 1688 ὀνο-

207 1719 404 1787 μάτων
439 1722 737 1789 ἐρμηνεῖαι,
771 1722 859 1771 καὶ
890 1720 1045 1781 αὐτὸς
1070 1722 1391 1790 ἐπιστήσεις.
1412 1723 1670 1784 ’Ύστατος
1698 1724 1752 1775 δὲ

202 1807 276 1858 ὢν
318 1810 351 1860 6
399 1807 588 1877 παρὼν
616 1807 721 1860 τῶν
766 1809 1243 1878 ἐπιγεγραμμένων
1285 1811 1423 1863 Υίῶν
1456 1810 1624 1880 Κορὲ,
1658 1812 1752 1880 τὴν

1863 670 2013 715 natos
2053 676 2190 721 esse,
2243 668 2591 728 auctoresque
2622 675 2740 714 esse
2777 660 3097 727 psalmorum
3146 666 3235 732 qui
3281 678 3375 718 n0-

1861 750 2000 802 mine
2042 763 2141 801 suo
2180 748 2417 816 inscripti
2455 755 2578 800 sunt
2604 765 2619 801 τ
2649 749 2820 815 qualis
2852 756 2931 800 est
2976 748 3059 801 hic
3088 766 3241 818 quem
3265 760 3373 804 tra—

1860 844 2062 889 ctamus
2114 844 2166 888 et
2193 837 2539 903 subsequens,
2577 836 2663 903 qui
2702 836 2989 902 inscriptus
3021 846 3120 899 est,
3156 837 3370 891 AE'tham

1861 926 2125 979 Ezdraita:
2150 943 2168 980 :
2190 926 2254 980 de
2299 928 2405 980 illis
2446 941 2653 994 quoque
2689 926 2797 978 haec
2828 926 2878 978 in
2909 927 3062 979 tertio
3102 928 3234 979 libro
3275 928 3375 982 Re-

1858 1031 1977 1084 gum
2008 1016 2148 1068 dicta
2193 1031 2309 1069 esse
2340 1024 2488 1084 putat
2518 1034 2530 1068 :
2566 1015 2631 1066 Et
2661 1016 2945 1080 sapientior
2976 1026 3084 1068 erat
3126 1016 3372 1069 Salomon

1859 1104 2055 1156 Ait/ian
2100 1103 2372 1165 Ezdraita,
2400 1102 2596 1155 Αῑιηαη
2624 1113 2669 1157 et
2701 1103 2949 1157 Chalchal
2991 1115 3037 1157 et
3076 1105 3368 1158 Dardan".

1859 1193 1979 1247 Haec
2015 1193 2080 1246 de
2104 1193 2324 1245 historia
2358 1192 2497 1245 dicta
2526 1200 2700 1246 sunto.
2732 1193 2809 1245 An
2826 1208 2949 1245 vero
2981 1193 3170 1245 horum
3197 1194 3372 1246 nomi-

1858 1296 1982 1333 num
2016 1279 2435 1347 significationes
2464 1280 2527 1332 ad
2562 1280 2752 1348 psalmi
2792 1282 3202 1349 speculationem
3240 1297 3372 1335 con-

1858 1368 2048 1430 ferant,
2087 1377 2138 1420 tu
2181 1369 2293 1435 ipse
2335 1368 2639 1423 consideres
2691 1369 2867 1422 velim.
2898 1370 3027 1421 Cum
3071 1377 3243 1423 autem
3285 1369 3371 1423 hic

1860 1457 2095 1525 psalmus
2132 1465 2432 1524 postremus
2473 1458 2541 1510 sit
2572 1472 2777 1517 eorum,
2810 1457 2898 1524 qui
2936 1456 3188 1509 Filiorum
3236 1457 3374 1512 Core

1857 1546 2096 1614 inscripti
2136 1554 2280 1606 sunt,
2307 1545 2600 1600 Salvatoris
2633 1547 2802 1599 nostri
2828 1546 2891 1598 ad
2929 1546 3125 1599 inferos
3154 1547 3374 1601 descen-

1856 1650 1971 1689 sum
2003 1636 2402 1702 complectitur;
2436 1637 2506 1688 ita
2552 1644 2608 1689 ut
2636 1635 2788 1704 quasi
2814 1635 2880 1688 de
2908 1635 3168 1688 industria
3203 1636 3374 1703 provi—

1856 1739 1971 1776 snm
1993 1725 2080 1785 sit,
2119 1732 2174 1776 ut
2207 1725 2391 1778 mortis
2430 1725 2545 1791 ejus
2586 1725 2893 1793 mysterium
2929 1723 2980 1775 in
3006 1722 3106 1776 fine
3136 1724 3369 1775 onmium

1855 1812 2169 1864 traderetur.
2200 1810 2561 1880 Videnturque
2609 1811 2735 1863 mihi
2770 1811 2820 1862 hi
2867 1818 3092 1878 quatuor
3118 1809 3371 1862 Filiorum

200 1895 437 1948 κάθοδον
465 1896 563 1965 τὴν
591 1897 669 1958 είς
697 1896 783 1948 τὸν
816 1897 941 1965 ᾂδην
969 1897 1061 1949 τοῦ
1087 1898 1328 1968 Σωτῆρος
1364 1898 1514 1967 ἡμῶν
1548 1898 1741 1969 περιεί-

1846 1898 1981 1953 Core
2032 1901 2240 1968 psalmi,
2289 1916 2476 1969 nempe
2524 1916 2749 1963 Lxxxm,
2804 1914 3016 1960 Lxxxtv,
3076 1913 3264 1950 uxxv:
3320 1904 3373 1951 et

194 1982 379 2053 ληφεν
404 2022 419 2045 ,
456 1984 641 2054 ὥσπερ
669 1985 973 2054 ἐξεπίτηδες
1003 1987 1424 2055 ταμιευσαμένου
1465 1986 1556 2038 τοῦ
1596 1988 1741 2055 λόγου

1845 1999 2055 2037 Lxxxvu
2089 1986 2287 2053 aliquid
2332 1987 2678 2041 connexionis
2713 1986 2852 2038 inter
2896 2001 2953 2039 se
2992 1986 3207 2039 habere.
3240 1984 3369 2037 Nam

192 2072 254 2126 τὸ
286 2074 595 2143 μυστήριον
616 2074 705 2127 τοῦ
730 2075 950 2128 θανάτου
976 2077 1064 2128 ἐπὶ
1086 2076 1225 2127 τέλει
1245 2076 1337 2128 τοῦ
1364 2077 1559 2139 παντὸς
1580 2094 1752 2145 παρα-

191 2161 407 2215 δοῦναι.
441 2163 552 2215 Καί
581 2181 669 2231 μοι
694 2164 931 2217 δοκοῦσιν
961 2168 1006 2217 οἱ
1030 2166 1076 2217 δ’
1109 2159 1250 2217 οῦτοι
1282 2165 1399 2217 Τῶν
1433 2165 1560 2218 υἱῶν
1590 2167 1748 2235 Κορὲ,

1846 2088 2044 2126 Lxxxm
2090 2073 2179 2127 Dei
2215 2077 2498 2128 adventum
2543 2076 2606 2128 ad
2649 2076 2894 2129 homines
2932 2083 2984 2128 et
3014 2075 3211 2129 Christi
3244 2090 3373 2142 pro-

1847 2163 2074 2231 phetiam
2112 2162 2390 2217 manifeste
2440 2165 2840 2232 complectitur;
2878 2179 3106 2231 sequens
3152 2178 3276 2216 vero
3309 2178 3373 2217 ea

192 2247 344 2317 λέγω
368 2250 425 2302 δὲ
445 2253 471 2302 6
500 2252 676 2320 τρίτος
695 2254 786 2304 καὶ
813 2259 893 2316 π’,
921 2254 1011 2306 καὶ
1032 2257 1059 2306 6
1082 2254 1135 2305 δ’
1159 2255 1252 2306 καὶ⁹
1282 2272 1322 2306 π
1340 2260 1371 2318 ',
1402 2255 1429 2306 6
1453 2271 1511 2306 τε
1537 2261 1640 2318 πς¹
1665 2255 1741 2307 κα¹

1850 2266 1966 2320 quae
1995 2251 2049 2303 in
2082 2250 2329 2303 vaticinio
2358 2249 2663 2303 ferebantur
2694 2253 3082 2318 quamprimum
3119 2252 3376 2305 accedere

188 2341 219 2391 6
238 2339 319 2401 πζ
334 2340 349 2359 ’
374 2340 521 2408 ἔχειν
546 2339 663 2392 τινὰ
680 2342 810 2410 πρὸς
824 2341 1074 2411 ἀλλήλους
1095 2341 1421 2396 ἀκολουθίαν.
1453 2343 1508 2395 ’0
1528 2344 1622 2411 μὲν
1642 2343 1746 2410 γὰρ

188 2428 298 2494 ’κγ’
335 2426 529 2495 σαφῶς
562 2427 693 2479 Θεοῦ
724 2430 1012 2499 παρουσίαν
1044 2432 1119 2493 εἰς
1148 2429 1459 2501 ἀνθρώπους
1489 2432 1579 2483 καὶ
1616 2432 1747 2499 Χρι-

189 2516 323 2569 στοῦ
363 2517 699 2587 προφητείαν
724 2520 970 2588 ὀνομαστὶ
998 2523 1288 2590 περιεῖχεν⁸
1322 2521 1349 2572 6
1380 2520 1435 2572 δὲ
1458 2519 1581 2589 ἐξῆς
1606 2519 1751 2588 αὖτῷ

186 2602 222 2681 ᾖ
263 2608 445 2676 τάχος
478 2610 755 2678 ἐπιστῆναι
808 2608 876 2661 τὰ
903 2610 1291 2679 τεθεσπισμένα
1338 2609 1562 2680 ηὔχετο·
1614 2610 1642 2661 6
1691 2609 1747 2661 δὲ

1849 2339 2165 2407 precabatur
2207 2337 2555 2406 :praeccdens
2617 2347 2791 2394 autem
2848 2340 3087 2407 psalmus
3139 2340 3256 2407 ejus
3316 2340 3373 2393 in

1850 2442 2011 2481 carne
2051 2434 2224 2479 ortum
2274 2428 2382 2495 jam
2428 2428 2830 2493 subindicabat;
2884 2429 2968 2482 hic
3006 2443 3130 2481 vero
3178 2444 3371 2482 conse-

1852 2524 2077 2585 quenter
2104 2514 2169 2568 ad
2195 2530 2287 2569 eos
2314 2530 2499 2569 omnes
2537 2525 2760 2570 mortem
2781 2517 2918 2585 ejus,
2956 2530 3114 2585 quam
3142 2531 3239 2585 pro
3268 2517 3365 2570 ho-

1854 2608 2085 2661 minibus
2111 2606 2368 2674 suscepit,
2403 2606 2745 2674 praenuntiat.

187 2698 297 2767 πρὸ
324 2696 427 2749 τοῦ
462 2697 596 2765 μετὰ
618 2700 800 2767 χεῖρας
827 2698 922 2767 ήδη
948 2699 1042 2769 τὴν
1067 2698 1315 2769 ἔνσαρκον
1345 2697 1501 2751 αὐτοῦ
1531 2698 1737 2765 γένεσιν
1769 2696 2006 2766 ᾐνίττετο
2025 2713 2037 2726 ο
2068 2694 2271 2757 τούτοις
2292 2694 2346 2746 δὲ
2381 2696 2541 2746 πᾶσιν
2605 2694 2903 2757 ἀκολούθως
2938 2697 2965 2747 6
3025 2695 3374 2766 προκείμενος

184 2789 272 2843 τὸν
304 2790 544 2842 θάνατον
562 2830 576 2853 ,
606 2789 664 2841 ὃν
697 2790 829 2860 ὑπὲρ
855 2789 1147 2860 ἀνθρώπων
1169 2792 1445 2855 ἀνεδέξατο
1465 2832 1479 2855 ,
1504 2788 1890 2860 προαναφωνεϊ.
2542 2806 2551 2813 ‘

249 2903 450 2968 Κύριε
468 2904 500 2954 ό
527 2900 668 2965 Θεὸς
688 2899 791 2966 τῆς
818 2904 1103 2968 σωτηρίας
1118 2921 1253 2972 μου,
1275 2904 1490 2971 ἡμέρας
1508 2904 1739 2971 ἐκέκρα-

184 2990 256 3055 ξα
277 3033 293 3055 ,
330 2990 435 3042 καὶ
473 2991 543 3042 ἐν
566 2990 734 3042 νυκτὶ
762 2992 1032 3044 ἐναντίον
1061 3007 1192 3045 σου.
1227 2992 1549 3046 Εἰσελθέτω
1579 2994 1740 3045 ἐναν-

1916 2901 2124 2954 Domine
2154 2900 2290 2954 Deus
2317 2901 2502 2954 salutis
2535 2915 2679 2960 mele,
2712 2900 2763 2951 in
2792 2897 2872 2951 die
2903 2897 3123 2950 clamavi
3149 2907 3195 2950 et
3229 2905 3372 2949 nocte

1841 3007 2014 3043 coram
2055 3000 2119 3042 te.
2156 3020 2223 3028 —
2249 2988 2410 3042 Vens.
2444 2990 2495 3042 5.
2541 2988 2706 3041 Intret
2744 2988 2796 3039 in
2819 2996 3083 3053 conspectu
3136 2998 3219 3037 tuo
3251 3002 3370 3037 ora-

181 3082 323 3134 τίον
354 3094 476 3132 σου
507 3081 544 3146 ἠ
580 3080 879 3147 προσευχὴ
904 3099 1037 3148 μου,
1067 3083 1273 3135 κλῖνον
1298 3084 1360 3134 τὸ
1386 3080 1491 3147 οὖς
1519 3097 1631 3136 σου
1656 3085 1739 3147 είς

1845 3081 1913 3129 tio
1945 3095 2093 3131 mea:
2120 3079 2311 3130 inclina
2344 3095 2516 3132 aurem
2566 3088 2707 3129 tuam
2752 3077 2817 3127 ad
2847 3091 3039 3140 precem
3090 3091 3274 3127 meam.
3311 3076 3367 3127 In

183 3169 300 3237 τὴν
322 3167 548 3234 δέησίν
566 3184 705 3234 μου.
737 3168 823 3219 Ἐν
846 3167 920 3236 τῷ
944 3175 1037 3219 κα¹
1059 3168 1251 3237 ψαλμῷ
1272 3171 1360 3221 καὶ
1382 3168 1525 3237 αὐτῷ
1553 3170 1630 3230 εἰς
1656 3168 1741 3221 τὸν

1845 3164 2096 3221 vicesimo
2140 3169 2311 3238 primo
2360 3170 2580 3237 psalmo,
2627 3169 2717 3237 qui
2765 3166 2944 3220 itidem
2994 3166 3057 3217 ad
3101 3165 3369 3217 Christum

180 3258 436 3331 Χριστὸν
459 3256 856 3326 ἀναψερομένῳ,
875 3256 1041 3309 καὶτὸ
1062 3258 1224 3319 πάθος
1244 3258 1399 3309 αὑτοῦ
1423 3257 1603 3323 σαφῶς
1624 3273 1743 3326 προ-

179 3344 521 3415 φητεύοντι,
552 3343 685 3412 ὅπερ
725 3342 810 3394 διὰ
852 3343 945 3411 τῆς
970 3344 1138 3412 ἀρχῆς
1175 3345 1491 3412 παρίστησιν
1522 3346 1549 3395 6
1592 3343 1742 3411 λόγος

177 3436 424 3503 φάσκων
442 3448 456 3463 ·
486 3434 549 3483 '0
575 3433 734 3497 Θεὸς,
763 3434 794 3484 ό
829 3434 967 3496 Θεός
992 3450 1127 3500 μου,
1150 3435 1406 3500 πρόσχες
1429 3450 1546 3501 μοι,
1568 3434 1665 3486 ἵνα
1689 3434 1743 3485 τί

175 3521 583 3592 ἐγκατέλιπές
626 3538 735 3589 με;
778 3521 806 3573 ὃ
853 3522 942 3573 καὶ
977 3522 1384 3591 μεμαρτύρηται
1433 3521 1570 3573 κατὰ
1602 3521 1740 3585 λέξιν

176 3616 271 3666 ἐπὶ
303 3612 409 3665 τοῦ
443 3610 646 3671 πάθους
667 3612 694 3661 6
716 3610 899 3679 Σωτὴρ
918 3610 1068 3679 ἡμῶν
1090 3610 1337 3679 είρηκὼς.
1371 3611 1502 3680 μετὰ
1529 3610 1620 3680 τὴν
1647 3612 1741 3679 ἀρ-

177 3702 283 3772 χὴν
318 3697 460 3765 ἑξῆς
488 3697 785 3764 ἐπιλέγεται
806 3715 818 3726 ·
836 3698 887 3747 Ὁ
913 3700 1051 3762 Θεός
1072 3715 1208 3766 μου,
1235 3698 1580 3766 κεκράξομαι
1601 3682 1737 3765 ἠμέ-

173 3805 319 3853 ρας,
345 3784 450 3839 καὶ
483 3786 592 3835 οὐχ
616 3785 936 3851 εὶσακούσῃ
954 3823 967 3847 ,
1001 3786 1095 3837 καὶ
1126 3786 1339 3850 νυκτὸς
1358 3825 1372 3847 ,
1402 3787 1495 3838 καὶ
1526 3788 1632 3839 οὐκ
1655 3789 1738 3851 εἰς

181 3879 414 3930 ἄνοιαν
444 3874 594 3941 ἐμοί.
642 3874 749 3926 Καὶ
775 3876 803 3925 6
826 3873 1007 3944 παρὼν
1036 3876 1091 3926 δὲ
1121 3875 1327 3944 ψαλμὸς
1355 3892 1542 3945 φησιν·
1585 3875 1738 3942 Ἡμέ-

175 3982 296 4032 ρας
321 3962 642 4029 ἐκέκραξα,
674 3963 765 4014 καὶ
784 3963 852 4014 ἐν
873 3963 1037 4015 νυκτὶ
1062 3965 1329 4016 ἐναντίον
1347 3978 1480 4016 σου.
1515 3963 1620 4015 Καί
1650 3980 1735 4031 μοι

178 4052 338 4104 δοκεῖ
357 4050 420 4101 τὸ
446 4049 623 4115 λόγιον
647 4048 735 4099 τὸν
764 4048 874 4117 βίον
917 4049 1013 4117 τῆς
1037 4049 1483 4120 ἐνανθρωπήσεως
1509 4049 1600 4101 τοῦ
1630 4050 1737 4100 Σω-

176 4144 353 4211 τῆρος
393 4142 426 4207 ἡ
438 4138 554 4207 μῶν
594 4139 920 4207 ὑπογράψειν
940 4138 1025 4190 διὰ
1056 4140 1231 4209 πάσης
1258 4142 1318 4191 οὐ
1352 4141 1504 4210 μόνον
1529 4140 1735 4209 ἡμέρας

176 4228 326 4282 ἀλλὰ
375 4226 472 4278 καὶ
498 4224 687 4284 νυκτὸς
717 4224 1060 4292 ἀνακειμένου
1090 4225 1165 4294 τῷ
1197 4225 1329 4295 Θεῷ.
1389 4228 1536 4294 Ἔχει
1559 4226 1615 4278 δὲ
1646 4227 1734 4278 καὶ

175 4320 244 4370 ἐν
293 4319 413 4376 τοῖς
462 4312 804 4381 Εὑαγγελίοις
850 4314 991 4375 ὅπως
1039 4318 1154 4376 ταῖς
1202 4316 1382 4385 εὐχαῖς
1423 4316 1507 4368 διὰ
1544 4316 1734 4377 παντὸς

1843 3256 2091 3321 refertur,
2128 3257 2349 3324 ejusque
2384 3258 2683 3324 passionem
2728 3264 2904 3323 aperte
2927 3253 3267 3314 vaticinatur,
3308 3260 3369 3305 ut

1841 3345 1906 3398 ab
1941 3345 2087 3397 initio
2117 3345 2416 3398 declaratur
2443 3345 2525 3397 his
2545 3345 2739 3406 verbis,
2772 3344 2902 3395 Dens
2938 3342 3070 3394 Deus
3100 3358 3258 3404 meus,
3288 3359 3367 3395 re-

1840 3434 1972 3499 spice
1995 3433 2047 3484 in
2077 3449 2173 3495 me,
2206 3449 2361 3500 quare
2402 3449 2477 3484 me
2512 3432 2826 3500 dereliquisti
2849 3431 2970 3482 ὐἷ’
3001 3430 3139 3499 quod
3180 3427 3367 3483 Salva-

1840 3526 2007 3575 torem
2032 3523 2096 3574 ad
2129 3522 2342 3575 verbum
2368 3522 2420 3574 in
2452 3521 2697 3589 passione
2728 3521 2927 3573 dixisse
2961 3527 3237 3583 narratur;
3263 3526 3366 3570 sta-

1841 3610 1930 3661 tim
1973 3620 2089 3677 post
2114 3611 2321 3661 initium
2370 3609 2603 3671 additur,
2654 3609 2787 3661 Deus
2823 3623 2961 3659 meus
3003 3606 3237 3659 clamabo
3278 3621 3367 3673 per

1837 3697 1965 3749 diem
1994 3705 2039 3749 et
2066 3713 2164 3749 non
2193 3696 2454 3761 claudies,
2484 3705 2530 3749 et
2561 3705 2704 3748 nocte
2722 3707 2768 3748 et
2799 3712 2900 3747 non
2923 3694 2990 3746 ad
3018 3694 3365 3760 insipientiam

1840 3785 1983 3838 mihi.
2023 3786 2262 3839 Praseus
2290 3786 2413 3838 item
2445 3786 2679 3854 psalmus
2721 3785 2812 3845 ait,
2845 3784 2908 3836 In
2942 3782 3024 3836 die
3059 3784 3279 3836 clamavi
3313 3791 3363 3837 et

1837 3884 1982 3927 nocte
2007 3892 2180 3928 coram
2207 3888 2270 3929 te.
2298 3876 2618 3944 Videturque
2648 3877 2774 3927 mihi
2795 3877 2876 3930 his
2903 3876 3245 3929 subindicare
3281 3885 3363 3927 to-

1839 3969 1945 4015 tam
1972 3964 2230 4017 incarnati
2268 3965 2558 4019 Salvatoris
2591 3965 2757 4017 nostri
2789 3965 2971 4023 vitam,
3002 3980 3119 4031 qua:
3148 3979 3253 4016 non
3285 3978 3369 4017 so-

1836 4054 1944 4107 lum
1980 4054 2064 4107 die
2112 4056 2202 4109 sed
2236 4056 2395 4108 etiam
2449 4063 2604 4108 nocte
2648 4052 2754 4106 Deo
2798 4060 3109 4104 consecrata
3156 4052 3273 4105 fuit.
3309 4053 3362 4104 ln

1834 4140 2132 4210 Evangeliis
2182 4158 2340 4210 porro
2385 4141 2582 4194 dicitur
2613 4155 2733 4193 eum
2784 4152 2991 4205 semper
3033 4137 3364 4193 orationibus

1833 4244 2070 4284 vacasse.
2106 4231 2162 4284 In
2192 4232 2437 4300 praesenti
2463 4246 2587 4285 vero
2610 4230 2816 4282 Patrem
2850 4227 3098 4281 obsecrat
3127 4235 3180 4280 et
3211 4234 3364 4295 rogat

1832 4327 1891 4371 ut
1924 4321 2142 4374 inclinet
2176 4336 2357 4375 aurem
2387 4322 2449 4374 ad
2478 4335 2686 4389 precem
2728 4332 2912 4383 suam;
2952 4317 3004 4370 id
3035 4324 3137 4379 est,
3167 4324 3224 4369 ut
3267 4332 3365 4369 an-

176 4406 506 4477 ἐσχόλαξεν.
559 4403 681 4455 Ἐπὶ
724 4403 778 4454 δὲ
796 4402 887 4454 τοῦ
926 4404 1179 4472 παρόντος
1202 4406 1375 4458 δέεται
1413 4406 1505 4459 τοῦ
1526 4406 1730 4476 Πατρὸς

1845 4421 1966 4464 nuat
2008 4415 2350 4481 petitionibus
2393 4416 2527 4467 suis.
2565 4413 2728 4482 quue
2765 4421 3011 4481 precatur
3045 4419 3228 4479 utpote
3268 4414 3360 4478 qui

173 4496 283 4549 καὶ
330 4495 479 4561 ἀξιοῖ
528 4492 701 4545 κλῖναι
733 4492 790 4543 τὸ
841 4487 932 4553 οὖς
988 4493 1117 4563 πρὸς
1164 4494 1259 4562 τὴν
1307 4495 1484 4561 δέησιν
1535 4494 1726 4547 αὑτοῦ·

175 4587 469 4640 τουτέστιν
500 4580 775 4633 ἐπινεῦσαι
816 4583 922 4642 τοῖς
957 4582 1239 4650 αἰτήμασιν
1268 4584 1443 4635 αὑτοῦ.
1472 4586 1574 4636 Καὶ
1593 4584 1729 4637 τοῦτ’

173 4678 432 4746 εὔχεται,
457 4673 534 4734 ὠς
562 4671 627 4722 ἂν
650 4670 850 4738 μέλλων
878 4669 1013 4738 ὑπὲρ
1034 4672 1278 4724 ἁπάντων
1304 4672 1407 4724 τῶν
1430 4674 1610 4734 ἐθνῶν,
1638 4676 1730 4726 αὐ.

173 4767 276 4828 τδς
302 4764 498 4817 ἑαυτὸν
518 4760 593 4829 τῷ
614 4760 781 4828 Hatth
804 4764 1119 4830 προσφέρειν
1144 4762 1344 4814 θυσίαν.
1370 4765 1537 4816 Πολλὰ
1559 4766 1611 4817 δὲ
1638 4782 1731 4816 πε-

177 4856 245 4927 ρὶ
271 4854 369 4907 τοῦ
408 4852 540 4905 ἰδίου
570 4849 797 4901 θανάτου
828 4848 1026 4917 μέλλων
1058 4850 1180 4919 ἐξῆς
1208 4851 1481 4916 διεξιέναι,
1514 4857 1650 4924 ὁρῶν
1671 4874 1728 4909 τε

173 4943 285 5013 τὴν
312 4941 455 5011 μετὰ
477 4937 703 4992 θάνατον
722 4936 1088 5007 διαδεξομένην
1108 4939 1263 4990 αὐτὸν
1289 4942 1573 5008 σωτηρίαν,
1594 4946 1730 4997 εἰκό-

176 5049 299 5093 τως
319 5030 423 5101 τὴν
454 5026 708 5097 ἀπαρχὴν
734 5026 827 5078 τοῦ
845 5027 1051 5096 ψαλμοῦ
1071 5031 1134 5097 τῇ
1162 5028 1321 5080 αὐτοῦ
1350 5032 1584 5101 σωτηρίᾳ
1603 5050 1731 5102 προ.

172 5118 374 5174 λαϐὼν
402 5115 714 5183 ἀνατίθησι·
744 5114 820 5166 διό
853 5133 1000 5185 φησι,
1026 5118 1192 5182 Κύριε
1214 5119 1244 5167 ό
1267 5115 1404 5180 Θεὸς
1425 5118 1531 5184 τῆς
1555 5134 1731 5187 σωτη-

165 5210 322 5275 plac
344 5223 487 5274 μου.
522 5206 648 5257 Ὀτι
674 5204 941 5270 ἐπλήσθη
968 5205 1161 5257 κακῶν
1190 5205 1226 5267 ἡ
1264 5206 1427 5271 ψυχή
1448 5224 1594 5272 μου,
1637 5211 1731 5262 καὶ

172 5296 219 5360 ἡ
259 5294 371 5359 ζωή
399 5312 519 5363 μου
556 5292 635 5356 τῷ
666 5292 775 5358 ᾄδῃ
808 5292 1041 5360 ἤγγισεν
1075 5294 1545 5359 προσελογίσθην
1581 5303 1726 5363 μετὰ

174 5384 312 5440 τῶν
339 5380 807 5437 καταϐαινόντων
835 5384 918 5443 εἰς
939 5379 1178 5447 λάκκον.
1209 5378 1391 5443 Σαφῶς
1411 5380 1497 5432 διὰ
1528 5386 1727 5439 τούτων

165 5474 294 5543 τὴν
336 5474 414 5534 εἰς
446 5472 535 5522 τὸν
578 5470 707 5539 ᾅδην
740 5471 949 5523 κάθοδον
982 5468 1133 5521 αὐτοῦ
1174 5467 1456 5536 παρίστησι
1480 5509 1493 5532 ,
1535 5475 1633 5525 καὶ
1664 5478 1729 5528 τὰ

168 5560 343 5616 κακᾶ
385 5554 459 5611 ὧν
505 5558 877 5628 πεπληρῶσθαι
923 5557 1100 5610 ἑαυτοῦ
1144 5554 1341 5619 ἔφασκε
1384 5558 1476 5626 τὴν
1526 5561 1725 5635 ψυχήν.

276 5706 321 5737 ⁸⁸
360 5705 421 5758 lll
455 5706 580 5776 Reg.
620 5725 684 5770 iv,
722 5708 799 5762 3|.
875 5707 934 5739 ‘5'
970 5703 1082 5756 Psal
1140 5714 1258 5750 xxi.
1296 5700 1342 5755 2.

1837 4515 1934 4568 pro
1963 4504 2211 4556 omnibus
2240 4504 2485 4572 gentibus
2516 4504 2629 4571 ipse
2670 4517 2727 4555 se
2757 4500 2898 4553 Patri
2937 4501 2989 4553 in
3038 4499 3359 4554 sacrificium

1833 4590 2108 4645 oblaturus
2140 4601 2301 4646 esset.
2340 4590 2471 4644 Cum
2507 4600 2681 4644 autem
2736 4590 2898 4641 multa
2939 4589 3004 4642 de
3049 4596 3219 4641 morte
3264 4599 3359 4639 sua

1833 4678 2083 4749 deinceps
2114 4691 2446 4741 narraturus,
2490 4680 2820 4749 prospiceret
2853 4693 2966 4731 eam
3000 4674 3119 4745 quaa'
3157 4693 3212 4730 se
3239 4681 3359 4744 post

1834 4781 2056 4823 mortem
2084 4782 2366 4839 exceptura
2393 4776 2506 4823 erat
2541 4769 2790 4825 salutem.
2822 4766 3027 4819 initium
3056 4765 3356 4832 psalmi'sa-

1834 4863 1927 4915 luti
1977 4876 2085 4915 suae
2146 4866 2496 4926 congruenter
2546 4856 2776 4924 applicat
2828 4869 2947 4905 cum
3001 4853 3075 4904 ait
3106 4871 3117 4904 :
3148 4851 3359 4903 Domine

1833 4954 1968 5007 Deus
2018 4952 2202 5004 salutis
2247 4965 2389 5002 mete.
2421 4946 2671 5001 -—Vt;lts.
2701 4947 2753 5009 4,
2877 4943 3011 5006 Quia
3058 4944 3251 5009 repleta
3283 4949 3356 4991 est

1833 5045 1984 5096 malis
2012 5043 2187 5109 anima
2221 5057 2350 5101 mea,
2388 5050 2436 5091 et
2467 5040 2570 5092 vita
2610 5056 2723 5090 mea
2751 5037 2948 5103 inferno
2976 5032 3357 5099 appropinquao

1833 5134 1934 5194 vit,
1978 5132 2261 5184 mstimatus
2319 5144 2430 5181 smn
2477 5143 2591 5178 cum
2638 5119 3058 5179 descendentibus
3086 5120 3139 5169 in
3170 5118 3357 5167 lacum.

1834 5221 1924 5273 llis
1946 5220 2261 5272 descensum
2283 5217 2345 5269 ad
2377 5215 2577 5268 inferos
2603 5229 2759 5268 suum
2785 5207 3074 5262 manifeste
3105 5204 3361 5263 declarat,

1829 5325 2035 5365 necnon
2060 5310 2193 5361 mala
2226 5308 2309 5359 illa
2330 5305 2478 5374 queis
2497 5306 2741 5357 afflictam
2768 5300 3002 5354 animam
3030 5308 3183 5347 suam
3205 5292 3372 5343 fuisse

1831 5399 2160 5451 testificatur.
2238 5396 2368 5447 Mala
2424 5408 2587 5453 vero,
2670 5385 3008 5445 calamitates
3081 5378 3367 5445 appellat:

1834 5500 1953 5539 nam
2005 5484 2126 5535 mali
2177 5498 2368 5535 nomen
2411 5481 2570 5533 latius
2631 5472 2993 5541 intelligitur;
3055 5466 3173 5517 sive
3216 5464 3379 5558 etiam

1834 5573 1917 5627 his
1947 5573 2139 5627 indicat
2169 5573 2434 5625 hominum
2469 5569 2747 5629 malitiam,
2786 5574 2899 5631 qua
2938 5555 3206 5623 “‘P‘CW“
3253 5549 3394 5604 (ὶῖιίί
