3848 6414
225 290 393 350 1057

1349 290 1835 348 COMMENTARIA
1871 292 1935 346 IN
1969 290 2304 349 PSALMOS.

3267 304 3399 360 1058

220 411 403 484 αὐτῷ
423 449 442 478 ,
492 411 650 466 παντί
681 430 755 481 τῳ
801 409 948 482 οἴμαι
991 410 1211 480 φανερὸν
1250 411 1545 479 τυγχάνειν·
1593 410 1667 473 ὡς
1712 409 1772 478 μὶ

1881 411 1972 479 qui
2004 418 2225 463 mortem
2251 404 2461 476 quidem
2491 408 2688 478 attigit,
2715 419 2769 464 et
2793 409 2857 464 ad
2883 408 3083 466 inferos
3105 411 3396 480 descendit,

215 503 511 556 δύνασθαι
556 505 641 569 ἐφ’
675 503 854 572 ἕτερον
886 501 1158 571 ἄνθρωπον
1184 500 1497 570 ἐφαρμόζειν
1526 501 1592 554 τὰ
1627 503 1683 553 ὲν
1707 500 1783 569 τῷ

213 592 446 661 ψαλμῷ
478 592 739 662 λεγόμενα
767 577 916 661 ἠ’ὲπὶ
949 593 1104 674 μόνον
1141 592 1232 644 τὸν
1256 591 1512 661 ἡμέτερον
1540 591 1780 660 Σωτῆρα.

217 676 460 751 Ὠσπερ
483 683 540 734 δὲ
579 683 793 749 γέγονεν
820 683 945 734 ὡσεὶ
976 682 1249 750 ἄνθρωπος
1283 682 1603 752 ἀϐοήθητος,
1647 681 1784 733 οὕτω

213 768 331 820 καὶ
383 770 530 822 ὡσεὶ
576 771 911 838 τραυματίαι
960 769 1337 834 καθεύδοντες
1378 771 1446 821 ἐν
1484 769 1661 837 τάφῳ,
1699 766 1785 822 ὧν

209 861 350 912 οὐκ
385 858 690 926 ἐμνήσθης
725 861 828 912 ἐτι.
854 859 947 910 Διά
972 859 1027 910 δὲ
1055 859 1251 911 τούτων
1280 859 1372 910 καὶ
1399 860 1431 928 ἡ
1457 859 1594 928 ταφὴ
1624 857 1781 910 αὐτοῦ

212 947 589 1016 σημαίνεται,
638 944 704 1017 ἧς
746 949 838 999 καὶ
886 951 913 1000 6
955 947 1089 1009 θεῖος
1111 947 1416 1009 Ἀπόστολος
1471 947 1782 1016 μνημονεύει

211 1039 476 1106 γράφων
512 1038 830 1108 Κορινθίοις,
860 1039 1042 1105 λέγων·
1086 1038 1390 1104 Παρέὃωκα
1420 1039 1526 1105 γὰρ
1558 1037 1694 1104 ὑμῖν
1716 1038 1782 1088 ἐν

210 1127 516 1193 πρώτοις,
544 1127 575 1179 ὃ
604 1128 697 1179 καὶ
726 1127 1070 1193 παρέλαϐον·
1101 1127 1187 1179 ὅτι
1225 1127 1468 1194 Χριστὸς
1495 1127 1782 1180 ἀπέθανεν

203 1217 394 1284 ὑπὲρ
427 1217 548 1269 τῶν
585 1217 875 1285 ἁμαρτιῶν
906 1217 1067 1284 ἡμῶν
1097 1217 1240 1270 κατὰ
1264 1217 1366 1282 τὰς
1395 1217 1650 1283 Γραρὰς,
1683 1216 1778 1267 καὶ

209 1306 317 1358 ὅτι
343 1307 563 1374 ἐτάφη.
599 1308 705 1358 Καὶ
744 1307 959 1368 Ἡσαΐας
985 1307 1039 1357 δὲ
1069 1306 1164 1374 τῆς
1191 1307 1361 1374 ταφῆς
1383 1305 1542 1358 αὑτοῦ
1581 1305 1781 1373 μέμνη-

206 1408 315 1445 ται
379 1393 578 1460 λέγων·
629 1395 724 1444 Ἐν
762 1393 965 1460 εἰρήνῃ
1021 1395 1058 1460 ἡ
1093 1393 1244 1460 ταφὴ
1297 1394 1474 1447 αὑτοῦ
1511 1389 1778 1463 ἦρταιὲκ

198 1479 450 1546 μέσου.
497 1479 638 1531 ’Δντὶ
670 1480 723 1531 δὲ
749 1481 1024 1542 τοῦ,⁹Ωσεὶ
1059 1481 1412 1548 τραυματίαι,
1447 1483 1474 1532 ὁ
1505 1484 1596 1549 μὲν
1624 1481 1779 1532 Ἀκύ-

199 1565 322 1629 -λας
381 1568 823 1637 φησίν,“ομοιος
870 1566 1267 1632 ἀνῃρημένοις·
1309 1568 1337 1617 ὁ
1382 1567 1435 1618 δὲ
1476 1568 1776 1637 Σύμμαχος,

217 1653 405 1709 ἷΩσεὶ
433 1659 796 1724 τετρωμένοι·
830 1659 917 1707 καὶ
946 1657 1107 1723 σαφές
1129 1673 1246 1708 τινα
1281 1658 1473 1726 τρόπον
1509 1661 1600 1712 καὶ
1622 1659 1776 1712 τοῦτο

1883 515 2052 568 neque
2091 508 2269 552 tamen
2303 499 2355 548 in
2396 497 2700 551 servitutem
2726 499 2840 566 ejus
2875 501 3120 556 redactus
3149 511 3250 565 est,
3286 504 3400 555 cui-

1871 591 1962 644 vis
2005 597 2132 658 puto
2160 576 2498 641 manifestum
2529 602 2678 653 esse;
2721 588 2791 640 ita
2839 597 2895 642 ut
2927 589 3054 642 nulli
3093 591 3181 644 alii
3228 592 3398 644 homi-

1880 693 2008 732 num
2034 678 2222 748 psalmi
2254 676 2411 729 verba
2439 676 2642 743 possint
2672 675 2862 744 aptari,
2905 684 3248 745 praeterquam
3283 677 3398 731 Sal-

1878 767 2047 821 vatori
2070 775 2270 821 nostro.
2301 763 2752 829 Quemadmodum
2786 774 2960 817 autem
2979 757 3148 820 lacius
3174 777 3255 820 est
3283 769 3395 821 sic-

1881 867 1938 912 ut
1979 859 2136 910 homo
2169 856 2284 910 sine
2325 855 2620 922 adjutorio;
2667 858 2738 910 ita
2785 858 2941 911 etiam
2973 857 3103 908 sicut
3143 859 3395 910 vulnerati

1879 949 2188 1001 dormientes
2223 947 2277 999 in
2305 947 2554 1014 sepulcro,
2584 963 2797 1015 quorum
2828 963 2925 999 non
2956 963 3008 998 es
3058 953 3248 1000 mem‘or
3281 963 3394 999 am-

1878 1037 2032 1103 plius.
2061 1035 2153 1089 llis
2180 1035 2338 1087 etiam
2370 1036 2637 1102 sepultura
2663 1035 2778 1101 ejus
2809 1035 3088 1094 indicatur,
3128 1049 3284 1103 quam
3310 1035 3392 1089 di-

1878 1127 2033 1179 vinus
2063 1124 2351 1192 Apostolus
2375 1125 2436 1175 ad
2466 1123 2770 1176 Corinthios
2798 1124 3035 1178 scribens
3064 1124 3145 1177 his
3169 1140 3393 1180 comme-

1878 1225 2049 1269 morat
2072 1234 2086 1270 :
2109 1213 2324 1267 Tradidi
2348 1214 2480 1266 enim
2503 1214 2639 1266 vobis
2667 1213 2717 1265 in
2747 1213 2926 1279 primis
2946 1214 3078 1282 quod
3103 1223 3153 1266 et
3183 1217 3352 1282 accepi
3373 1232 3391 1268 :

1877 1303 2115 1370 quoniam
2149 1300 2384 1354 Christus
2422 1309 2648 1351 mortuus
2695 1309 2770 1352 est
2803 1315 2894 1367 pro
2936 1303 3156 1366 peccatis
3202 1303 3393 1357 nostris

1878 1396 2154 1444 secundum
2188 1391 2504 1456 Scripturas,
2539 1399 2585 1442 et
2620 1391 2743 1458 quia
2770 1391 2994 1456 sepultus
3025 1401 3099 1444 est
3128 1394 3193 1443 ".
3228 1393 3392 1446 Isaias

1877 1495 2087 1548 quoque
2145 1477 2467 1545 sepulturam
2515 1479 2631 1543 ejus
2684 1489 2938 1531 memorat
2972 1479 3054 1532 his
3085 1479 3298 1534 verbis:
3324 1480 3392 1535 In

1875 1582 1998 1634 pace
2022 1566 2283 1632 sepultura
2309 1566 2418 1630 ejus
2453 1564 2656 1616 sublata
2685 1573 2759 1616 est
2787 1579 2850 1616 ea:
2882 1565 3046 1617 medio
3074 1567 3138 1620 ’³.
3171 1569 3271 1621 Pro
3301 1569 3392 1624 illo

1878 1664 2073 1713 autem,
2103 1654 2246 1708 Sicut
2271 1653 2544 1715 vulnerati,
2587 1653 2773 1721 Aquila
2819 1653 3076 1706 :Perinde
3115 1663 3264 1723 atque
3301 1671 3392 1711 oc-

207 1745 564 1814 ἐπληροῦτο,
595 1745 874 1812 ὁπηνίκαὸ
903 1745 1224 1814 στρατιώτης
1251 1746 1410 1815 λόγχῃ
1439 1747 1663 1816 ἔτρωσεν
1693 1751 1772 1800 αὑ-

1877 1747 1998 1807 cisi;
2042 1744 2392 1813 Symmachus
2445 1758 2570 1796 vero
2624 1762 2636 1796 :
2686 1743 2849 1807 Quasi
2889 1747 3152 1798 vulnerati
3181 1763 3201 1800 :
3233 1747 3392 1817 idque

208 1820 314 1887 τᾶὖ
342 1835 452 1902 τὴν
487 1831 740 1902 πλευράν.
791 1833 924 1883 Ἀλλ’
972 1835 1050 1885 ὅτι
1091 1834 1185 1902 μὲν
1222 1837 1550 1904 τραυματίας
1595 1837 1777 1905 γέγονε

206 1923 314 1972 καὶ
355 1922 420 1973 ὲν
451 1920 628 1988 τάφῳ,
659 1920 838 1986 σαφῶς
863 1921 1197 1990 παρίσταται·
1232 1923 1366 1992 πλὴν
1393 1926 1440 1975 εἰ
1464 1924 1602 1991 λέγοι
1626 1942 1778 1992 γεγο-

201 2010 381 2062 νέναι
415 2009 550 2060 ὡσεὶ
575 2010 922 2079 τραυματίας,
949 2011 1037 2062 καὶ
1075 2011 1253 2080 ὅμοιος
1291 2015 1399 2074 τοῖς
1443 2013 1776 2067 καθεύδουσιν

177 2099 272 2151 κὲν
299 2100 493 2168 τάφῳ,
527 2098 641 2150 ἀλλ’
673 2099 731 2150 οὐ
765 2099 922 2169 μέχρι
961 2100 1144 2151 τούτου
1172 2101 1398 2153 ἵσταταιο
1431 2103 1546 2155 ὅλον
1571 2103 1625 2155 δὲ
1665 2121 1778 2156 συν-

205 2183 395 2255 ἅψας,
425 2186 548 2254 ὄψει
580 2187 676 2256 τὴν
714 2187 945 2239 διάνοιαν
974 2189 1065 2240 τοῦ
1088 2189 1260 2256 λόγου.
1294 2191 1516 2258 Γέγονα
1543 2192 1648 2261 γάρ
1677 2210 1777 2263 φη-

204 2293 331 2339 σιν,
390 2277 536 2328 ὡσεὶ
583 2277 944 2344 τραυματίαι,
988 2271 1072 2328 ὧν
1108 2281 1214 2330 οὐκ
1242 2277 1539 2345 ἐμνήσθης
1564 2280 1668 2332 ἔτι.
1714 2281 1775 2333 Ol

208 2367 321 2437 μὲν
367 2365 481 2436 γὰρ
518 2365 711 2428 λοιποὶ,
758 2365 889 2434 μετά
927 2365 1014 2417 τὸν
1063 2367 1284 2420 θάνατον
1334 2370 1390 2420 ὲν
1440 2371 1550 2430 τοῖς
1589 2368 1775 2436 τάφοις

203 2454 547 2524 γενόμενοι,
603 2454 1014 2523 ἀπελείφθησαν,
1070 2457 1162 2508 καὶ
1217 2457 1506 2525 ἀπέμειναν
1562 2459 1630 2527 γῆ
1684 2459 1774 2510 καὶ

201 2547 399 2608 κόνις,
438 2545 635 2614 μηκέτι
667 2545 799 2614 μετά
833 2545 922 2596 τὸν
959 2544 1178 2598 θάνατον
1206 2545 1657 2615 μνημονεύσαντος
1682 2549 1776 2599 αὐ-

201 2635 329 2688 τῶν
362 2635 462 2686 τοῦ
491 2633 646 2686 Θεοῦ·
677 2633 783 2701 ἐγὼ
809 2633 862 2685 δὲ
888 2633 1142 2702 ἐγενήθην
1167 2634 1239 2697 ὼς
1275 2631 1353 2696 εἷς
1376 2635 1478 2687 τῶν
1505 2635 1770 2700 τοιούτων,

200 2726 290 2797 μὴ
320 2725 409 2776 ὢν
432 2727 617 2794 ὅμοιος
645 2725 842 2786 αὐτοῖς·
874 2723 1004 2792 ἐμοῦ
1031 2724 1134 2793 γὰρ
1167 2725 1299 2794 μετά
1339 2725 1436 2795 τὴν
1463 2725 1656 2795 τρῶσιν
1682 2728 1772 2779 καὶ

208 2819 375 2886 μετὰ
397 2815 492 2866 τὸν
515 2814 738 2866 θάνατον
763 2814 852 2864 καὶ
877 2812 1008 2881 μετὰ
1032 2813 1126 2882 τὴν
1151 2815 1207 2864 ὲν
1228 2813 1302 2882 τῷ
1326 2814 1474 2882 τάφῳ
1493 2815 1773 2867 κατάθεσιν

197 2904 529 2975 ἐμνήσθης,
565 2903 707 2971 ζωῆς
740 2903 872 2970 μετά
917 2902 1084 2955 ταῦτά
1117 2910 1196 2971 ’με
1237 2904 1328 2955 καὶ
1374 2905 1634 2974 σωτηρίας
1675 2907 1772 2975 τῆς

200 2993 378 3064 επαρά
411 2993 497 3043 σοὶ
525 2990 862 3054 καταξιώσας
931 2991 1014 3045 Διὸ
1055 2993 1144 3043 καὶ
1171 2992 1458 3061 ἀρχόμενος
1505 2994 1594 3044 καὶ
1620 2995 1771 3062 εὐχα.

199 3083 510 3154 φιστήριον
538 3082 844 3149 ἀνέπεμπεν
860 3081 890 3131 ὓ
898 3099 1039 3150 μνον.
1058 3081 1242 3148 λέγων’
1267 3084 1438 3148 Κύριε
1457 3086 1488 3136 ὀ
1505 3084 1642 3148 Θεὸς
1661 3083 1768 3150 τῆς

197 3171 526 3236 σωτηρίας
549 3187 680 3238 μου,
708 3169 924 3236 ἡμέρας
945 3171 1226 3236 ἐκέκραξα
1260 3173 1354 3224 καὶ
1387 3172 1453 3224 ἐν
1480 3173 1647 3226 νυκτὶ
1677 3173 1769 3224 ἐν-

195 3262 441 3315 αντίον
460 3276 593 3311 σου.
618 3261 723 3311 Καὶ
751 3259 818 3310 τὰ
848 3260 940 3328 μὲν
965 3262 1080 3311 κατ’
1108 3260 1204 3329 ἐμὲ
1227 3261 1440 3313 τοιαῦτα
1466 3257 1549 3331 ἦν.
1587 3264 1768 3330 Ὅμως

197 3351 248 3404 δ’
281 3346 393 3402 οὖν
418 3347 618 3415 γέγονα
645 3350 822 3420 ὅμοιος
849 3352 958 3410 τοῖς
983 3347 1192 3415 πολλοῖς
1213 3353 1319 3413 τοῖς
1351 3353 1407 3402 ὲν
1439 3352 1588 3420 τάφῳ
1617 3368 1766 3418 γενο-

199 3438 431 3506 μένοις,
469 3435 561 3485 καὶ
593 3433 782 3502 μηκέτι
815 3433 910 3500 τῆς
961 3437 1054 3502 σῆς
1087 3435 1496 3503 κατηξιωμένοις
1537 3439 1764 3506 μνήμης,

195 3526 298 3579 διὰ
332 3523 403 3576 τὸ
436 3523 545 3574 ἀπὸ
574 3523 670 3590 τῆς
696 3523 791 3590 σῆς
818 3523 991 3592 χειρὸς
1019 3523 1304 3575 ἀπεῶσθαι.
1347 3525 1487 3576 'Av'cl.
1517 3527 1622 3594 γὰρ
1653 3526 1765 3587 τοῦ,

197 3604 331 3665 ’Ὧν
376 3613 492 3663 οὐκ
534 3608 834 3676 ἐμνήσθης
861 3609 965 3669 ἐτι,
1004 3609 1098 3660 καὶ
1132 3609 1296 3661 αὐτοὶ
1344 3610 1410 3661 ἐκ
1439 3608 1544 3675 τῆς
1578 3611 1768 3677 χειρός

197 3718 336 3757 σου
385 3699 806 3762 ἀπεώσθησαν,
857 3699 885 3748 6
929 3698 1022 3766 μὲν
1081 3697 1302 3759 Ἀκύλας
1342 3697 1612 3761 ἐξέδωκεν,
1661 3693 1770 3748 Ὧν

197 3794 329 3844 οὐκ
353 3785 666 3856 ἐμνήσθης
689 3784 880 3838 αὐτῶν
902 3786 1006 3844 ἐτι,
1032 3784 1127 3835 καὶ
1157 3785 1321 3836 αὐτοὶ
1353 3785 1418 3836 ἐκ
1449 3782 1554 3850 τῆς
1580 3785 1768 3851 χειρός

200 3894 336 3934 σου
389 3873 838 3942 ἀπετμήθησαν·
875 3875 902 3925 6
939 3873 993 3924 δὲ
1023 3872 1308 3941 Σύμμαχος
1352 3891 1528 3942 φησιν,
1557 3867 1664 3926 Ὦν
1696 3876 1767 3926 οὐ

199 3967 656 4039 μνημονεύσεις
709 3963 816 4027 ἔτι,
868 3963 1078 4027 οἵτινες
1117 3964 1233 4016 ὑπὸ
1274 3963 1380 4031 τῆς
1415 3965 1608 4031 χειρός
1654 3979 1766 4016 σου

204 4059 632 4123 ἐξεκόπησαν.

286 4147 548 4201 Ἕθεντό
577 4161 652 4212 με
676 4144 744 4197 ἐν
765 4143 962 4208 λάκκῳ
983 4141 1301 4203 κατωτάτφ,
1327 4143 1394 4194 ἐν
1423 4141 1763 4206 σκοτεινοῖς,

204 4239 317 4292 καὶ
368 4237 446 4288 ἐν
480 4232 623 4297 σκιᾷ
645 4232 914 4287 θανάτου.
957 4233 1096 4284 Ἀντὶ
1126 4232 1485 4292 τοῦ,Ἐθεντό
1500 4247 1593 4297 με,
1618 4232 1646 4283 6
1672 4231 1765 4298 μὲν

1874 1836 2015 1888 clare
2068 1834 2458 1902 quodammodo
2509 1833 2777 1901 impletum
2813 1843 2913 1898 est,
2973 1838 3184 1903 quando
3239 1839 3392 1894 miles

1874 1925 2056 1976 lancea
2093 1923 2230 1976 latus
2261 1923 2378 1991 ejus
2405 1923 2697 1975 vulneravit
2723 1941 2734 1975 :
2759 1924 2900 1991 quod
2925 1937 3099 1978 autem
3130 1925 3182 1978 in
3215 1930 3391 1995 sepul-

1871 2027 1963 2065 cro
1994 2012 2150 2065 etiam
2181 2012 2488 2064 vulneratus
2525 2011 2774 2077 jacuerit,
2821 2012 3090 2079 propalam
3139 2024 3236 2068 est.
3277 2016 3390 2071 Ca:-

1875 2109 2042 2155 terum
2073 2116 2194 2154 cum
2218 2101 2348 2154 dicit
2390 2115 2448 2154 se
2480 2100 2674 2152 factum
2716 2117 2833 2154 esse
2863 2101 3004 2155 sicut
3031 2104 3385 2168 vulneratum,

1869 2203 1921 2247 et
1947 2192 2170 2246 similem
2195 2191 2574 2244 dormientibus
2611 2192 2662 2242 in
2689 2193 2952 2260 sepulcro,
2984 2194 3069 2248 hic
3097 2196 3260 2249 series
3282 2211 3386 2251 non

1870 2277 2220 2343 terminatur;
2248 2277 2338 2330 sed
2367 2278 2410 2329 si
2438 2283 2601 2328 totum
2622 2287 2903 2333 connectas
2923 2280 3046 2334 dicti
3071 2283 3384 2336 sententiam

1870 2366 2229 2433 deprehendes
2263 2383 2275 2418 :
2308 2364 2502 2419 Factus
2533 2383 2669 2428 sum,
2703 2367 2890 2435 inquit,
2933 2369 3066 2421 sicut
3110 2371 3382 2434 vulnerati,

1867 2469 2081 2521 quorum
2102 2471 2200 2507 non
2229 2471 2281 2508 es
2312 2471 2504 2508 memor
2525 2455 2762 2523 amplius.
2791 2456 2976 2510 Caneri
3007 2473 3234 2527 namque
3265 2470 3385 2528 post

1869 2551 2090 2597 mortem
2137 2545 2190 2597 in
2227 2545 2485 2613 sepulcris
2511 2546 2756 2614 depositi,
2786 2547 2952 2600 relicti
2973 2556 3118 2610 sunt,
3159 2564 3220 2602 ac
3243 2561 3383 2604 terra

1867 2641 1920 2688 et
1957 2634 2130 2702 pulvis
2168 2645 2560 2698 remanserunt,
2610 2635 2718 2690 Deo
2749 2646 2876 2704 post
2922 2647 3143 2691 mortem
3184 2640 3384 2694 nullam

1867 2737 2050 2776 eorum
2097 2725 2401 2777 memoriam
2432 2726 2727 2779 retinente:
2760 2739 2857 2794 ego
2897 2741 3022 2778 vero
3055 2725 3225 2780 fartus
3265 2741 3386 2782 sum

1868 2812 2006 2866 sicut
2035 2827 2172 2866 unus
2195 2825 2400 2876 eorum,
2436 2815 2557 2866 licet
2605 2828 2711 2866 non
2735 2815 2836 2868 illis
2883 2815 3070 2870 similis
3108 2817 3236 2881 sim;
3263 2831 3383 2870 nam

1866 2903 1970 2956 mei
2000 2911 2119 2971 post
2154 2902 2406 2955 inﬂictum
2429 2905 2642 2968 vulnus,
2675 2911 2794 2971 post
2826 2912 3050 2957 mortem
3074 2913 3122 2958 et
3151 2915 3270 2973 post
3293 2907 3384 2960 de-

1867 2992 2177 3059 positionem
2221 2992 2273 3044 in
2316 2993 2582 3060 sepulcro,
2628 3006 2830 3045 memor
2867 2991 3036 3055 luisti,
3073 3007 3135 3046 ac
3180 2993 3284 3046 vita
3331 3004 3383 3049 et

1869 3081 2056 3142 salute,
2088 3095 2204 3147 qua:
2233 3096 2392 3149 penes
2421 3089 2469 3133 te
2499 3088 2600 3142 est,
2631 3081 2876 3150 dignatus
2901 3095 2984 3134 me
3017 3096 3094 3134 es.
3112 3079 3289 3145 Quare
3317 3083 3384 3136 ab

1866 3170 2017 3224 initio
2035 3170 2318 3236 gratiarum
2343 3169 2565 3222 actionis
2587 3168 2837 3236 hymnum
2857 3168 3028 3222 emisit
3059 3169 3142 3222 his
3165 3170 3340 3224 verbis
3365 3190 3378 3224 :

1866 3258 2081 3311 Domine
2123 3257 2260 3311 Deus
2289 3259 2470 3310 salutis
2508 3273 2651 3317 mete,
2691 3257 2744 3308 in
2776 3257 2858 3308 die
2903 3257 3122 3309 clamavi
3147 3267 3196 3310 et
3238 3270 3384 3313 nocte

1865 3364 2039 3402 coram
2067 3356 2132 3401 te.
2161 3347 2286 3412 Quae
2315 3362 2398 3400 me
2421 3347 2728 3414 spectabant
2769 3345 2894 3398 talia
2931 3353 3101 3398 erant.
3133 3347 3379 3402 Attamen

1868 3437 2037 3489 lactus
2065 3449 2182 3488 sum
2238 3435 2417 3486 multis
2445 3434 2497 3486 in
2546 3431 2788 3499 sepulcro
2821 3432 3119 3500 iacentibus
3161 3433 3380 3495 similia,

1865 3524 1955 3592 qui
1979 3538 2081 3576 non
2111 3522 2336 3590 amplius
2374 3520 2626 3574 memoria
2654 3528 2740 3572 tua
2763 3519 2908 3587 digni
2937 3519 3218 3584 habentur,
3251 3522 3377 3589 quia

1865 3612 1930 3666 de
1958 3628 2115 3665 manu
2149 3621 2238 3664 tua
2285 3609 2481 3678 repulsi
2525 3617 2668 3664 sunt.
2699 3609 2830 3662 Nam
2861 3610 3004 3664 illius
3045 3611 3163 3666 loco
3194 3629 3209 3666 :
3240 3613 3381 3676 Quo-

1865 3719 1978 3754 rum
1999 3717 2097 3754 non
2117 3717 2169 3754 es
2194 3715 2385 3752 memor
2410 3700 2648 3766 amplius,
2671 3708 2718 3752 et
2756 3699 2854 3767 ipsi
2879 3703 2942 3752 de
2978 3715 3134 3752 manu
3169 3709 3259 3753 tua
3305 3718 3384 3755 re-

1863 3791 1997 3859 pulsi
2019 3800 2156 3851 sunt,
2182 3790 2371 3858 Aquila
2390 3787 2550 3842 edidit
2581 3807 2594 3841 :
2621 3788 2850 3852 Quorum
2879 3805 2980 3842 non
3008 3789 3308 3842 recordatus
3329 3804 3382 3844 es

1863 3879 2024 3938 ultra,
2045 3886 2092 3930 et
2110 3877 2208 3943 ipsi
2232 3891 2296 3929 ea:
2324 3890 2480 3927 manu
2506 3883 2592 3926 tua
2611 3874 2827 3928 abscissi
2846 3889 2966 3928 sunt
2990 3891 3009 3938 ;
3031 3874 3383 3946 Symmachus

1864 3975 2036 4020 autem
2071 3985 2083 4019 :
2120 3965 2350 4029 Quorum
2379 3979 2477 4017 non
2504 3963 2852 4018 recordaberis
2876 3965 3037 4029 ultra,
3059 3964 3196 4032 quia
3225 3977 3381 4017 manu

1865 4063 1953 4106 tua
1981 4054 2140 4106 excisi
2171 4062 2308 4106 sunt.

1930 4135 2091 4191 Vens.
2133 4137 2181 4188 7.
2222 4135 2510 4190 Posuerunt
2541 4150 2619 4188 me
2644 4135 2697 4187 in
2729 4134 2844 4186 lacu
2886 4133 3139 4200 inferiori,
3167 4135 3218 4187 in
3245 4143 3381 4190 tene-

1863 4225 2026 4278 brosis
2051 4233 2100 4277 ct
2129 4225 2184 4277 in
2225 4225 2406 4276 umbra
2455 4224 2652 4276 mortis.
2696 4220 2836 4276 Loco
2883 4221 3043 4282 illius,
3091 4221 3380 4274 Posuernnt

217 4325 678 4386 Ἀκύλας,⁹Εθου
703 4338 796 4389 με,
825 4323 851 4372 6
883 4322 937 4372 δὲ
959 4317 1520 4389 Σύμμαχος,Ἔταξάς
1543 4335 1636 4386 με,
1677 4320 1764 4370 ὲκ-

1870 4330 1962 4376 me,
2004 4314 2211 4383 Aquila,
2249 4313 2478 4366 Posuisti
2513 4326 2624 4372 me;
2679 4309 3027 4379 Symmachus
3064 4325 3212 4377 vero,
3265 4311 3383 4362 Sta-

204 4417 512 4472 δεδώκασι.
547 4413 623 4463 Δι’
645 4405 716 4462 ὧν
743 4409 1074 4480 παρίστησιν,
1096 4412 1176 4461 ὅτι
1200 4408 1418 4476 νεύματι
1446 4407 1537 4459 τοῦ
1566 4407 1768 4476 [ἰατρὸς

207 4513 312 4565 καὶ
348 4505 541 4578 βουλῇ,
576 4503 670 4570 οὐχ
711 4499 890 4560 ἁπλῶς
918 4500 996 4560 εἰς
1031 4498 1120 4550 τὸν
1149 4498 1389 4558 θάνατον,
1431 4495 1546 4548 οὐδὲ
1578 4498 1655 4558 είς
1681 4495 1769 4547 τὸν

207 4604 354 4674 ᾅδην
404 4596 502 4649 καὶ
545 4593 634 4644 τὸν
665 4587 983 4658 καλούμενον
1007 4587 1201 4640 λάκκον
1231 4583 1596 4674 κατεληλυθεν,
1639 4583 1769 4636 ἀλλὰ

347 4691 431 4749 εἰς
456 4684 526 4736 τὰ
547 4681 815 4752 βαθύτατα
836 4678 926 4729 καὶ
951 4677 1018 4729 τὰ
1043 4674 1320 4728 κατώτατα
1347 4673 1438 4724 καὶ
1459 4671 1526 4723 τὰ
1553 4673 1764 4741 ἔσχατα,

202 4779 286 4838 ὡς
315 4776 386 4828 ἂν
419 4772 564 4823 εἴποι
592 4785 691 4829 τις,
715 4765 818 4818 τῶν
847 4765 959 4816 ἐκεῖ
986 4763 1210 4832 χωρίων.
1244 4759 1536 4828 Παρίστησι
1559 4759 1614 4811 δὲ
1642 4759 1761 4812 τοῦ.

203 4885 271 4920 το
306 4864 408 4918 καὶ
443 4859 602 4919 αὐτὸς
645 4858 700 4907 ὲν
747 4857 855 4915 τοῖς
886 4851 1224 4918 Εὐαγγελίοις
1261 4849 1492 4916 φάσκωψ
1537 4849 1633 4900 Δεῖ
1655 4849 1760 4900 τὸν

214 4957 366 5010 Υἱὸν
396 4951 504 5005 τοῦ
529 4945 832 5015 ἀνθρώπου
851 4942 1090 5009 ποιῆσαι
1115 4943 1181 4994 ἐν
1203 4938 1276 5005 τῇ
1290 4936 1492 5004 καρδίᾳ
1519 4938 1626 5004 τῆς
1649 4938 1757 5007 γῆς

1863 4405 2007 4456 tuisti
2038 4419 2136 4464 me,
2164 4402 2458 4456 ediderunt.
2498 4399 2658 4464 Queis
2689 4399 2923 4452 declarat
2971 4413 3028 4451 se
3058 4413 3124 4452 ex
3165 4407 3295 4452 nutu
3327 4407 3380 4451 et

1860 4494 2129 4546 voluntate
2170 4490 2364 4552 Patris,
2411 4503 2516 4542 non
2563 4487 2721 4540 modo
2768 4487 2823 4538 in
2870 4496 3128 4550 mortem,
3187 4488 3239 4540 in
3301 4487 3381 4539 in-

1863 4583 2066 4636 l'eruum
2125 4588 2178 4635 et
2239 4581 2292 4632 in
2363 4584 2708 4631 memoratum
2760 4577 2929 4628 lacum
2998 4576 3376 4637 descendisse;

1861 4670 1951 4724 sed
1993 4671 2152 4723 etiam
2182 4669 2234 4721 in
2272 4663 2712 4734 profundissima,
2745 4663 2926 4714 intima
2951 4669 3002 4714 et
3031 4671 3292 4722 extrema,
3321 4668 3379 4712 ut

1861 4759 1934 4811 ita
1963 4758 2238 4819 dicam,ihi
2265 4755 2432 4824 posita
2465 4755 2603 4806 loca.
2632 4751 2969 4821 ldipsumque
2999 4751 3051 4803 in
3078 4750 3378 4820 Evangeliis

1862 4852 2042 4898 narrat
2074 4844 2158 4898 his
2183 4843 2395 4896 verbis:
2429 4840 2637 4909 Oportet
2671 4839 2866 4893 Filium
2913 4838 3130 4890 hominis
3177 4854 3382 4892 manere

1859 4935 1914 4986 in
1946 4932 2096 4986 corde
2138 4941 2283 4985 terra:
2327 4930 2491 4984 tribus
2523 4930 2698 4984 diebus
2743 4939 2792 4983 et
2844 4925 3005 4979 tribus
3049 4926 3284 4978 tractibus
3312 4928 3380 4982 “.

1859 5023 1962 5076 Pro
1999 5024 2088 5076 illo
2116 5031 2314 5086 autem,
2343 5022 2395 5072 in
2444 5020 2717 5074 tenebrosis
2749 5027 2798 5071 et
2843 5017 2898 5068 in
2942 5013 3128 5064 umbra
3178 5015 3384 5074 mortis,

207 5043 378 5110 τρεῖς
415 5037 638 5108 ἡμέρας
680 5035 775 5087 καὶ
809 5032 962 5099 τρεῖς
1001 5032 1236 5094 νύκτας.
1283 5027 1422 5077 Ἀντὶ
1451 5025 1504 5076 δὲ
1543 5027 1657 5090 τοῦ,
1687 5030 1755 5080 ἐν
1859 5025 1962 5076 Pro
1999 5025 2088 5076 illo
2116 5031 2314 5086 autem,
2343 5025 2395 5072 in
2444 5025 2717 5074 tenebrosis
2749 5027 2798 5071 et
2831 5025 2898 5112 in
2942 5025 3152 5112 natura“

205 5100 578 5191 σκοτεινοῖς,
614 5124 710 5176 καὶ
741 5123 808 5175 ἐν
832 5119 972 5186 σκιᾷ
1007 5118 1273 5176 θανάτου,
1320 5115 1349 5165 ὁ
1409 5114 1651 5177 Ἀκύλας,
1691 5118 1759 5168 έν

1870 5113 2044 5182 Aquila
2072 5112 2147 5166 sic
2172 5111 2347 5172 habet,
2372 5109 2425 5162 in
2449 5110 2724 5164 tenebrosis
2746 5118 2795 5161 et
2824 5107 2879 5157 in
2907 5100 3181 5191 profundis
3204 5117 3222 5162 ;
3243 5100 3392 5191 §ym-

205 5186 574 5280 σκοτεινοῖς,
632 5213 780 5280 φησι,
834 5210 928 5263 καὶ
968 5210 1034 5262 ἐν
1058 5205 1280 5271 ,ϐυθοῖσ
1310 5204 1338 5254 6
1369 5201 1422 5252 δὲ
1450 5201 1757 5272 Σύμμαχος,

1870 5201 2076 5254 machus
2103 5214 2246 5260 vero,
2272 5199 2323 5249 in
2358 5197 2633 5249 tenebrosis
2665 5195 2959 5250 obtectum;
2989 5187 3178 5255 quinta
3207 5186 3398 5245 editio,

205 5313 283 5366 ἐν
303 5304 638 5368 σκοτεινοῖς
666 5298 1118 5366 ἐσκεπασμένον’
1147 5297 1178 5363 ἡ
1205 5293 1260 5342 δὲ
1288 5290 1498 5359 πέμπτη
1528 5289 1756 5356 ἔκδοσις,

1870 5291 1910 5343 in
1935 5289 2230 5349 tenebrosis,
2270 5287 2322 5339 in
2365 5285 2618 5340 latibulis.
2650 5285 2764 5338 lloc
2795 5287 2982 5332 autem
3018 5287 3341 5327 necessario
3376 5288 3409 5324 a

206 5399 284 5451 ἐν
310 5367 668 5455 σκοτεινοῖς,
705 5390 773 5440 ἐν
802 5386 1150 5446 καταὸὐτοις.
1196 5376 1360 5428 Τοῦτο
1381 5376 1432 5428 δέ
1463 5394 1552 5445 μοι
1581 5394 1758 5447 παρα-

1870 5396 1942 5435 me
1969 5380 2302 5437 observatum
2343 5383 2446 5442 est,
2493 5391 2562 5432 ne
2589 5376 2710 5446 quis
2764 5367 3083 5437 suspicetur
3129 5367 3324 5426 ipsum
3356 5367 3416 5413 in

287 5548 341 5580 ss
378 5543 396 5597 ι
429 5542 555 5598 εον,
590 5553 677 5600 ιν,
710 5537 776 5598 5,
810 5536 860 5589 4,
933 5535 975 5567 ’³
1012 5532 1102 5588 lsa.
1138 5543 1264 5590 Llll,
1297 5527 1348 5581 8.
1423 5529 1463 5560 ’⁵
1503 5527 1698 5581 Matth.
1740 5547 1849 5594 xu,
1884 5532 1970 5586 40.
