3848 6410
178 256 312 313 1061
1328 255 1704 313 (ΣΟΜΜΕΝΤΑῙ

1804 295 1805 300 γ
1849 248 1912 310 IN
1947 249 2276 318 PSALMOS.
3218 271 3350 327 ,οδε

176 374 431 444 χιερέως.
475 379 542 428 Οἱ
584 376 866 442 ὀφθαλμοί
911 395 1024 444 μου
1062 366 1401 440 ἠσθένὴσαν
1427 376 1540 426 ἀπὸ
1579 387 1704 426 πτωη

1824 382 2026 440 propter
2057 377 2370 426 vexationem
2412 390 2427 424 :
2463 375 2693 428 invocavi
2719 385 2766 430 te
2789 377 3003 444 singulis
3031 381 3229 440 diebus.
3251 404 3342 440 ex-

176 466 368 533 χείας.
411 465 734 528 Ἐκέκραξα
783 463 926 528 πρὸς
945 463 1036 528 σὲ,
1061 465 1248 530 Κύριε,
1276 464 1422 530 ὅλην
1448 465 1559 529 τὴν
1588 462 1722 530 ήμέ-

169 569 308 620 ραν,
341 549 669 603 διεπέτασα
695 549 841 615 πρὸς
866 550 939 602 σὲ
961 551 1062 614 τὰς
1087 551 1283 619 χεῖράς
1303 570 1438 618 μου.
1465 551 1724 617 Σαφέστε-

176 658 270 711 ρον
299 639 397 716 καὶ
424 637 604 692 ταῦτα
639 639 666 689 ὁ
700 639 984 708 Σύμμαχος
1026 640 1277 703 ἐξέδωκεν
1316 641 1498 692 εἰπών·
1538 642 1590 690 '0
1623 641 1724 706 d5;-

175 729 400 795 θαλμός
429 743 556 794 μου
586 725 932 793 ἐξέῥρευσεν
961 729 1072 781 ἀπὸ
1104 727 1210 792 τῆς
1241 728 1563 792 κακώσεως·
1591 727 1719 778 ἐπε-

172 815 538 883 καλεσάμην
582 829 654 866 σε
685 816 809 868 καθ’
835 815 1092 882 ἑκάστην
1134 816 1374 884 ἡμέραν,
1410 815 1722 868 διεπέτασα

173 905 322 970 πρὸς
356 902 436 954 σὲ
473 902 584 966 τὰς
628 902 822 969 χεῖράς
847 921 980 969 μου.
1033 904 1346 973 ’Λπεκλᾴετο
1386 903 1490 974 γάρ
1519 905 1602 956 ἀεὶ
1628 904 1722 967 τὰς

171 994 277 1044 τῶν
325 990 635 1061 ἀνθρώπων
689 991 1068 1060 ταλαιπωρίας,
1119 994 1207 1044 καὶ
1260 994 1380 1054 τοὺς
1419 992 1720 1060 ὀφθαλμοὺς

175 1083 362 1135 ἑαυτοῦ
390 1081 699 1140 κατεπόνει,
728 1080 946 1150 δάκρυσι
977 1080 1180 1132 πενθῶν
1205 1081 1299 1149 τὴν
1331 1079 1592 1132 ἀπώλειαν
1616 1081 1719 1131 τῶν

178 1172 248 1240 μὴ
282 1168 737 1236 καταδεξαμένων
767 1170 940 1220 αὐτόν.
989 1170 1094 1220 Καὶ
1135 1169 1208 1230 ὡς
1239 1169 1334 1238 τὴν
1382 1168 1720 1237 Ἰερουσαλὴμ

176 1258 578 1318 ἀπεκλαύσατο,
613 1257 779 1318 οὕτως
822 1257 957 1319 εἰκὸς
998 1253 1062 1325 ἦν
1096 1257 1186 1308 καὶ
1221 1257 1310 1308 τοῦ
1341 1257 1720 1326 προδεδωκότος

174 1348 330 1399 αὑτὸν
360 1345 666 1398 ἀποστόλου
691 1345 784 1413 τὴν
807 1345 1110 1396 ἀπόπτωσιν
1140 1345 1338 1396 καὶτοῦ
1366 1345 1558 1404 παντὸς
1593 1345 1718 1394 Ἰου-

175 1437 332 1490 δαίων
372 1435 563 1496 ἔθνους
611 1435 708 1503 τὴν
750 1433 1041 1502 ἀποϐολὴν,
1088 1435 1178 1486 καὶ
1227 1433 1330 1484 τῶν
1372 1431 1568 1484 λοιπῶν
1613 1432 1718 1484 τῶν

173 1525 554 1594 ἀπολλυμένων
587 1524 678 1575 τὸν
699 1524 931 1592 ὄλεθρον,
971 1518 1056 1574 οἷα
1083 1523 1446 1592 φιλάνθρωπον
1475 1522 1565 1573 καὶ
1583 1537 1715 1573 παν-

1821 462 1976 529 pandi
2004 462 2070 513 ad
2097 471 2144 513 te
2167 477 2346 512 manus
2371 477 2530 514 meas.
2561 463 2626 514 At
2646 465 2789 518 enim
2835 480 3044 534 semper
3071 470 3341 527 hominum

1822 550 2064 604 miserias
2095 549 2340 611 deﬂebat,
2373 551 2664 620 oculosque
2693 552 2956 621 alnigebat
2981 571 3130 620 suos,
3156 575 3338 614 eorum

1819 638 1908 706 qui
1939 653 1996 692 se
2019 653 2123 691 non
2155 649 2500 706 susceperant
2521 642 2808 709 perniciem
2833 643 3134 710 deplorans.
3169 649 3342 718 Atque

1821 733 1879 778 ut
1920 725 2332 796 Hierosolymam
2365 728 2611 798 lacrymis
2645 731 3088 798 prosequebatur;
3136 735 3208 788 ita
3244 753 3340 804 par

1817 822 1931 868 erat
1957 830 2076 868 eum
2108 824 2286 882 utpote
2316 816 2584 870 hominum
2618 823 3207 890 amantem,optimique
3237 825 3337 876 Pa-

1821 901 1917 954 tris
1947 903 2130 964 ﬁlium,
2164 903 2449 970 proditoris
2479 905 2700 971 apostoli
2737 920 2941 970 casum,
2965 909 3126 962 totius
3147 908 3332 963 Iudai-

1818 1003 1892 1042 cae
1915 990 2089 1059 gentis
2123 990 2496 1057 abjectionem,
2527 1007 2589 1044 ac
2617 993 2940 1061 reliquorum
2970 998 3058 1064 qui
3091 999 3335 1065 peribant

1817 1078 2022 1131 ruinam
2055 1079 2244 1132 deﬂere
2267 1099 2278 1132 :
2309 1096 2408 1148 qua
2430 1080 2494 1134 de
2519 1096 2680 1134 causa
2710 1098 2896 1136 manus
2918 1087 3245 1154 expandebat
3269 1103 3330 1141 ac

1817 1165 2221 1228 vociferabatur,
2256 1169 2308 1220 in
2343 1169 2669 1224 orationibus
2705 1171 2768 1223 ad
2808 1170 3013 1226 Patrem
3073 1176 3329 1241 clamans,

1815 1255 2101 1322 gemitibus
2126 1257 2570 1312 inenarrabilibus
2592 1260 2729 1327 apud
2747 1260 2954 1313 Patrem
2979 1263 3325 1320 intercedens.

1815 1346 1933 1398 Alio
1959 1346 2080 1398 item
2112 1346 2268 1398 modo
2297 1349 2531 1410 oculum,
2565 1349 2676 1403 sive
2701 1351 2884 1403 oculos
2917 1352 3032 1418 ejus
3061 1352 3332 1408 infirman-

1815 1442 1917 1496 tes,
1941 1435 2247 1504 neutiquam
2277 1437 2492 1491 aberres
2527 1439 2570 1492 si
2600 1440 2746 1493 dicas
2773 1444 3041 1509 apostolos
3062 1459 3179 1498 esse
3205 1462 3218 1508 ;
3257 1447 3329 1498 si-

1811 1525 2025 1594 quidem
2055 1542 2248 1594 corpus
2276 1527 2413 1595 ejus,
2441 1536 2580 1581 totus
2624 1530 2848 1597 populus
2875 1533 2990 1598 ejus
3021 1540 3124 1596 est,
3157 1542 3212 1586 ut
3234 1535 3331 1588 do-

175 1614 369 1683 αγάθου
393 1613 615 1682 Πατρδς
658 1613 770 1664 υίδν
802 1611 1252 1664 ἀποκλαύσασθαι·
1285 1610 1350 1661 δι’
1394 1603 1452 1662 οὗ
1500 1612 1589 1662 καὶ
1618 1610 1704 1672 τάς

1811 1623 1894 1668 cet
1922 1614 1967 1668 is
1994 1615 2082 1682 qui
2113 1615 2246 1668 dixit
2276 1630 2288 1665 :
2331 1615 2427 1668 Vos
2455 1626 2812 1670 autem-omnes
2845 1634 3026 1686 corpus
3049 1619 3329 1684 Christi,et

176 1707 350 1772 χεῖρας
384 1702 626 1769 ὲξήπλου
656 1705 744 1751 καὶ
786 1699 960 1767 φωνὰς
995 1700 1288 1767 ἀνέπεμπε,
1337 1698 1468 1767 βοῶν
1493 1701 1547 1750 ὲν
1601 1701 1704 1759 ταῖς

1814 1702 2038 1754 membra
2066 1717 2128 1753 cx
2169 1702 2398 1767 parte”;
2433 1716 2622 1755 manus
2652 1710 2824 1756 autem
2855 1719 3001 1766 suas,
3034 1720 3192 1772 opera
3227 1708 3331 1762 sci-

179 1792 301 1862 πρὸς
328 1791 418 1844 τὸν
446 1787 672 1855 Πατέρα
710 1789 1049 1856 προσευχαῖς,
1093 1790 1402 1856 στεναγμοῖς
1438 1787 1704 1854 ἀλαλήτοις

1814 1793 1935 1845 licet
1981 1791 2043 1843 ad
2082 1790 2254 1843 Patris
2287 1791 2507 1860 gloriam
2548 1791 2707 1855 edita,
2749 1793 3099 1861 expandebat,
3131 1797 3179 1848 ei
3240 1797 3330 1864 qui

175 1877 654 1948 ὑπερεντυγχάνων
694 1875 770 1944 τῷ
798 1875 984 1944 Πατρί.
1035 1876 1139 1926 Καὶ
1164 1875 1330 1936 ἄλλως
1354 1876 1408 1927 δὲ
1444 1875 1704 1944 ὀφθαλμὸν

1813 1879 1958 1934 solus
1992 1879 2136 1946 ipsas
2167 1877 2343 1931 videre
2365 1887 2569 1946 poterat
2595 1880 2923 1936 obtendens:
2947 1883 3052 1937 imo
3085 1884 3240 1937 etiam
3276 1884 3330 1938 in

168 1967 322 2020 αὑτοῦ
348 1967 382 2037 ἦ
429 1965 752 2032 ὀφθαλμοὺς
786 1963 1176 2032 ἀσθενήσαντας
1216 1964 1312 2014 οὐκ
1354 1963 1417 2016 ἂν
1455 1964 1704 2032 ἁμάρτοις

1811 1966 2177 2034 frequentibus
2209 1967 2536 2021 orationibus
2570 1975 2622 2020 et
2657 1969 2708 2020 in
2739 1970 2986 2035 passione
3012 1987 3105 2026 sua
3138 1986 3330 2026 manus

173 2053 301 2108 εἶναι
331 2054 497 2107 εἰπὼν
529 2055 664 2115 τοὺς
695 2053 1032 2114 ἀποστόλους,
1077 2053 1123 2102 εί
1151 2053 1214 2122 δὴ
1242 2053 1394 2121 σῶμα
1416 2053 1574 2104 αὑτοῦ
1602 2055 1704 2115 πᾶς

1809 2072 1904 2125 pro
1936 2057 2151 2117 mundo,
2181 2056 2334 2122 cujus
2363 2065 2634 2124 peccatum
2657 2059 2948 2122 auferebat,
2972 2062 3244 2130 expandit,
3270 2066 3329 2112 ut

175 2147 337 2207 ὁλαὸς
361 2145 525 2197 αὐτοῦ
557 2145 830 2212 τυγχάνει,
874 2145 947 2206 ὼς
977 2144 1202 2209 ἐδίδαξεν
1231 2146 1260 2194 ὁ
1292 2143 1472 2195 εἰπών·
1527 2144 1704 2211 Ὑμεῖς

1811 2145 2016 2198 Patrem
2051 2144 2304 2212 placaret.

175 2239 236 2289 δὲ
271 2238 485 2302 πάντες
524 2235 698 2303 σῶμα
736 2234 1015 2302 Χριστοῦ,
1066 2236 1159 2287 καὶ
1190 2237 1340 2302 μέλη
1368 2236 1433 2287 ἐκ
1476 2235 1706 2302 μέρους·
1748 2237 1926 2304 χεῖρας
1971 2235 2026 2286 δὲ
2061 2234 2239 2297 αὑτοῦ,
2267 2235 2363 2298 τὰς
2417 2237 2637 2305 πράξεις
2679 2239 2743 2301 ἃς
2805 2240 3014 2308 ἐνήργει
3054 2239 3131 2300 είς
3172 2237 3326 2302 δόξαν

173 2329 258 2380 τοῦ
305 2327 533 2397 Πατρὸς,
583 2325 971 2386 διεπετάννυεν,
1035 2324 1272 2386 ὲξαπλῶν
1303 2325 1464 2386 αὑτὰς
1501 2323 1577 2392 τῷ
1611 2324 1750 2393 μόνῳ
1787 2323 2071 2376 θεάσασθαι
2108 2323 2271 2385 αὐτὰς
2314 2324 2602 2394 δυναμένῳ·
2644 2328 2774 2379 ἀλλά
2819 2330 2907 2380 καὶ
2954 2330 3009 2380 έν
3047 2330 3162 2389 ταῖς
3205 2344 3327 2380 συν-

175 2419 342 2488 εχέσιν
363 2419 543 2486 εὐχαῖς
570 2417 626 2468 έν
674 2432 731 2468 τε
776 2415 850 2483 τῷ
882 2414 1038 2467 πάθει
1065 2416 1160 2478 τάς
1193 2419 1374 2486 χεῖρας
1398 2416 1706 2468 διεπέτασεν
1743 2417 1880 2486 ὑπὲρ
1905 2415 1995 2467 τοῦ
2019 2415 2238 2484 κόσμου,
2261 2411 2320 2469 οὗ
2347 2417 2586 2487 περιῄρει
2615 2419 2710 2488 τὴν
2762 2419 3044 2489 ἁμαρτίαν,
3073 2420 3162 2471 τὸν
3221 2419 3323 2473 Πα-

171 2508 297 2578 τέρα
327 2508 509 2560 ίλασκό
517 2523 698 2576 μενος.

240 2619 364 2672 Τίνα
391 2619 444 2670 δὲ
473 2614 540 2688 ἦν
566 2618 711 2687 άπερ
741 2617 833 2679 τὰς
861 2621 1040 2688 χεῖρας
1063 2617 1302 2681 ὲξαπλῶν
1327 2618 1458 2688 πρὸς
1480 2619 1567 2670 τὸν
1597 2619 1707 2670 Πα-

175 2706 302 2773 τέρα
348 2704 707 2774 προσηύχετο,
743 2705 833 2755 καὶ
862 2705 976 2755 κατ’
1009 2705 1214 2775 ἐκείνην
1249 2707 1344 2774 τὴν
1390 2705 1709 2774 δηλουμένην

180 2795 378 2864 ἡμέραν
426 2794 573 2863 αὐτῷ
624 2793 760 2862 πρὸς
811 2793 898 2844 τὸν
945 2795 1153 2864 Πατέρα
1204 2795 1362 2847 αὑτοῦ
1397 2795 1706 2866 βεϐοημένα,

183 2883 373 2954 προῖὼν
402 2885 641 2938 διδάσκει
681 2885 737 2934 ὲν
763 2882 984 2946 τούτοις·
1021 2883 1114 2951 Μὴ
1145 2885 1266 2948 τοῖς
1290 2886 1516 2952 νεκροῖς
1545 2886 1710 2954 ποιή-

1868 2616 2118 2681 Quaenam
2154 2625 2330 2670 autem
2364 2617 2614 2684 expansis
2647 2616 2892 2668 manibus
2924 2613 3132 2668 Patrem
3165 2629 3323 2685 roga-

1800 2706 1955 2768 verit,
1998 2715 2050 2760 et
2092 2721 2329 2775 quamam
2375 2713 2663 2758 memorata
2694 2705 2780 2758 die
2807 2705 2872 2756 ad
2905 2704 3112 2758 Patrem
3162 2721 3318 2759 suum

1798 2795 2125 2857 clamaverit,
2151 2796 2264 2864 ipse
2280 2809 2398 2847 mox
2423 2795 2592 2862 aperit
2621 2795 2802 2848 dit-ens
2835 2792 3100 2849 :—Vsas.
3131 2795 3316 2846 11-15.

1804 2881 2047 2951 Nunquid
2082 2884 2298 2935 mortuis
2319 2881 2473 2947 facies
2495 2881 2772 2943 mirabilia,
2798 2890 2887 2932 aut
2906 2879 3085 2932 medici
3100 2881 3319 2932 suscita-

181 2990 302 3038 σεις
323 2973 640 3040 θαυμάσια,
694 2972 731 3038 ἢ
773 2972 948 3038 ἰατροὶ
998 2973 1405 3038 ἀναστήσουσι
1445 2973 1539 3026 καὶ
1577 2974 1704 3034 ἐξο-

1804 2967 1946 3028 bunt,
1995 2978 2043 3021 et
2104 2969 2478 3036 conﬁtebuntur
2519 2969 2652 3022 tibi?
2703 2967 3023 3034 Diapsalma.
3070 2967 3314 3036 Nunquid

174 3060 609 3130 μολογήσονταί
636 3075 768 3122 σοι;
797 3061 1114 3129 Alcidama.
1139 3062 1232 3128 Μὴ
1249 3062 1593 3131 διηγήσεταί
1619 3080 1705 3128 τις

179 3150 243 3203 ἐν
271 3151 428 3219 τάφῳ
454 3152 519 3204 τὸ
558 3152 736 3216 ἔλεός
774 3166 885 3204 σου
923 3151 1018 3203 καὶ
1062 3151 1172 3217 τὴν
1213 3152 1490 3219 ἀλήθειαν
1526 3154 1593 3205 ἐν
1632 3151 1703 3220 τῇ

176 3238 458 3306 daedala;
503 3240 598 3307 Mi;
631 3239 1030 3308 γνωσθήσεται
1060 3239 1127 3292 ἐν
1149 3239 1226 3304 τῷ
1244 3241 1437 3292 σκότει
1466 3241 1534 3293 τὰ
1565 3244 1701 3293 θαυ-

173 3328 347 3394 μάσιὰ
385 3346 519 3393 σου,
566 3329 669 3382 καί
706 3331 742 3396 ὴ
787 3329 1123 3395 δικαιοσύνη
1162 3345 1274 3382 σου
1314 3329 1382 3382 ὲν
1416 3329 1489 3397 τῇ
1515 3331 1702 3382 ἐπιλε-

176 3417 431 3487 λησμένῃ
455 3434 474 3481 ;
514 3419 664 3470 Ἀντὶ
682 3417 794 3481 τοῦ,
821 3417 914 3484 Μὴ
935 3417 1002 3468 ἐν
1027 3417 1256 3484 νεκροῖς
1280 3417 1541 3482 ποιήσεις
1567 3421 1702 3470 θαυ-

174 3504 378 3569 μάσιος
421 3509 583 3575 φησὶν
618 3508 653 3558 ὀ
683 3505 982 3574 Σύμμαχος,
1013 3501 1159 3571 Ἀρα
1185 3505 1410 3572 νεκροῖς
1439 3506 1703 3571 ποιήσεις

179 3594 470 3658 τεράστια;
516 3597 626 3648 Καὶ
665 3595 728 3647 δι’
764 3595 896 3647 ὅλων
936 3594 1040 3646 τῶν
1079 3591 1220 3664 ἑξῆς,
1261 3597 1318 3646 ὲν
1360 3591 1438 3657 οἷς
1470 3595 1697 3662 λέγεται,

177 3682 264 3748 Μὴ
290 3683 630 3751 διηγήσεταί
671 3701 758 3748 τις
785 3684 852 3735 ἐν
884 3683 1074 3751 τάφως
1107 3685 1196 3736 καὶ
1219 3685 1391 3749 πάλιν,
1427 3686 1518 3753 Μὴ
1556 3703 1700 3755 γνω-

179 3769 446 3835 σθήσεται
470 3774 539 3824 ἐν
565 3772 644 3836 τῷ
668 3774 893 3834 σκότει;
924 3775 952 3824 ό
989 3773 1289 3842 Σύμμαχος,
1328 3776 1400 3828 Ἢ
1433 3774 1700 3842 διηγήσε-

180 3873 282 3920 ται,
313 3859 350 3927 ἣ
398 3861 844 3928 γνωσθήσεται;
893 3862 1162 3924 ἐξέδωκεν.
1200 3863 1272 3914 Οὐ
1294 3863 1398 3933 γὰρ
1441 3864 1701 3932 ἀπογινώ-

183 3961 313 3999 σκων
333 3951 399 4002 τά
427 3951 710 4020 λεγόμενα,
746 3950 939 4012 ταύτας
963 3951 1219 4022 προέφερε
1250 3952 1342 4013 τὰς
1366 3955 1558 4018 φωνάς,
1583 3956 1698 4004 κατ’

180 4032 376 4104 ἐκείνην
400 4037 497 4106 τὴν
523 4037 731 4108 ἡμέραν
751 4036 942 4106 δηλαδὴ
962 4037 1056 4106 τὴν
1083 4037 1174 4088 τοῦ
1200 4037 1414 4100 πάθους·
1438 4038 1512 4107 τῷ
1532 4039 1698 4107 Πατρὶ

179 4122 229 4174 δὲ
251 4126 386 4195 μόνῳ
412 4127 630 4181 δύναται
655 4123 788 4178 εἶναι
813 4129 978 4180 ταῦτα
1004 4128 1374 4197 πεπεισμένος,
1405 4128 1498 4190 τὰς
1526 4129 1698 4190 αἰτίας

177 4211 266 4280 τῆς
293 4215 368 4274 εἰς
391 4213 615 4266 θάνατον
639 4213 798 4265 αὐτοῦ
827 4213 1061 4265 ἐδίδασκε
1087 4215 1307 4266 καθόδου
1341 4215 1526 4282 λέγων·
1561 4211 1698 4280 Ἆρα

1801 3060 2032 3111 narrabit
2062 3059 2252 3126 aliquis
2277 3060 2332 3110 in
2359 3062 2592 3126 sepulcro
2620 3057 3023 3109 misericordiam
3065 3066 3226 3118 tuam,
3266 3067 3317 3112 et

1799 3149 2062 3200 veritatem
2093 3159 2233 3199 tuam
2254 3148 2308 3200 in
2333 3147 2648 3214 perditione?
2690 3144 2933 3214 Nunquid
2954 3154 3318 3214 cognoscentur

1799 3237 1852 3287 in
1881 3235 2095 3286 tenebris
2120 3234 2377 3286 mirabilia
2401 3243 2505 3294 tua,
2530 3244 2577 3286 et
2602 3233 2809 3300 justitia
2836 3241 2924 3284 tua
2953 3234 3003 3284 in
3025 3242 3162 3284 terra
3186 3232 3316 3284 obli-

1797 3325 2002 3378 vionis?
2029 3323 2133 3376 Pro
2165 3325 2274 3388 illo,
2309 3323 2551 3391 Nunquid
2586 3324 2798 3374 mortuis
2829 3324 2985 3389 facies
3010 3321 3316 3378 mirabilia?
3367 3359 3370 3363 -

1801 3414 2148 3483 Symmachus
2191 3414 2286 3476 ait,
2318 3412 2396 3465 An
2429 3414 2642 3464 mortuis
2670 3412 2828 3480 [acies
2847 3413 3083 3480 prodigia
3106 3415 3130 3467 .’
3156 3422 3208 3466 et
3256 3413 3310 3465 in

1799 3503 2142 3570 sequentibus
2169 3502 2471 3568 ubicunque
2505 3502 2728 3563 dicitur,
2772 3499 3020 3570 Nunquid
3073 3503 3309 3554 narrabit

1798 3594 1982 3663 aliquis
2024 3594 2078 3646 in
2123 3593 2392 3660 sepulcro?
2441 3607 2504 3645 ac
2552 3607 2785 3654 rursum,
2840 3591 3087 3661 Nunquid
3125 3609 3314 3662 cogno-

1797 3693 2000 3736 scentur
2028 3683 2081 3736 in
2136 3683 2389 3736 tenebris?
2431 3680 2801 3752 Symmachus,
2842 3685 2921 3736 An
2952 3683 3206 3746 narrabit,
3241 3697 3312 3735 an

1796 3781 2157 3841 cognoscentur
2172 3775 2195 3826 .9
2212 3771 2392 3825 edidit.
2411 3771 2525 3825 Non
2544 3773 2684 3826 enim
2700 3773 2840 3840 quod
2869 3772 2978 3826 hac
3011 3772 3120 3827 ﬁeri
3154 3786 3312 3841 posse

1795 3858 2119 3926 desperaret,
2167 3859 2238 3911 ita
2283 3859 2490 3912 locutus
2543 3867 2644 3922 est,
2696 3861 2746 3912 in
2797 3860 2884 3912 illa
2941 3861 3143 3916 scilicet
3187 3877 3310 3930 pas—

1796 3949 1961 4002 sionis
1989 3965 2097 4002 sua;
2124 3949 2243 4014 die;
2275 3949 2366 4003 sed
2398 3964 2426 4000 a
2460 3948 2614 4003 Patre
2656 3950 2768 4003 solo
2789 3950 2912 4002 talia
2939 3951 3114 4018 perlici
3150 3966 3308 4018 posse

1795 4050 2101 4102 persuasum
2129 4037 2348 4098 habens.
2377 4038 2456 4092 sui
2487 4039 2551 4090 ad
2588 4046 2804 4090 mortem
2847 4038 3136 4091 descensus
3177 4055 3305 4092 cau-

1795 4139 1906 4176 sam
1949 4126 2018 4176 ita
2071 4133 2286 4178 narrat:
2317 4127 2394 4177 An
2436 4128 2649 4179 mortuis
2699 4126 2854 4188 {acies
2904 4125 3179 4193 prodigia?
3223 4129 3304 4180 An

1796 4213 1918 4264 talia
1945 4221 1997 4266 et
2033 4214 2156 4265 talia
2199 4215 2464 4281 patrabis?
2513 4215 2691 4282 Neque
2741 4215 2880 4267 enim
2935 4230 3019 4268 me
3067 4231 3305 4284 eousque

178 4305 395 4369 νεκροῖς
447 4305 718 4372 ποιήσεις
794 4307 1061 4373 τεράστια
1084 4321 1102 4367 ;
1175 4309 1241 4357 Ἦ
1280 4306 1400 4358 τάδε
1428 4346 1442 4368 ,
1485 4307 1517 4375 ἢ
1571 4305 1693 4358 τάδε

1804 4305 2108 4370 levenire,o
2137 4305 2310 4370 Pater,
2339 4321 2401 4360 ac
2455 4307 2506 4360 in
2558 4315 2724 4360 morte
2758 4313 2810 4359 et
2856 4306 2906 4358 in
2950 4309 3065 4358 lacu
3121 4306 3304 4359 infimo

182 4395 442 4461 ποιήσεις;
506 4398 580 4448 Οὐ
639 4397 746 4465 γὰρ
802 4397 866 4448 ἂν
911 4395 1078 4456 ἄλλως
1136 4394 1413 4462 ἠθέλησας,
1476 4390 1519 4446 ὧ
1581 4395 1690 4447 Πά-

179 4494 284 4548 τερ,
311 4484 464 4554 μέχρι
491 4486 678 4537 τούτου
711 4502 772 4554 με
808 4484 1099 4554 προελθεῖν,
1131 4485 1220 4535 καὶ
1243 4486 1297 4536 ὲν
1325 4485 1528 4554 θανάτῳ
1548 4487 1692 4553 γενέ-

184 4569 314 4634 σθαι,
353 4576 445 4626 καὶ
473 4577 529 4626 ἐν
553 4575 631 4644 τῷ
663 4574 842 4643 λάκκῳ
874 4574 948 4644 τῷ
977 4573 1280 4642 κατωτάτῳ,
1309 4577 1356 4625 εἰ
1385 4574 1456 4643 μὴ
1483 4575 1690 4638 πάντως

183 4670 274 4706 που
294 4659 379 4710 καί
403 4661 458 4711 ὲν
475 4664 584 4724 τοῖς
605 4664 810 4731 νεκροῖς
831 4661 1094 4730 θαυμάσια
1117 4662 1361 4730 παρέχειν
1386 4661 1687 4730 ἐϐουλήθης,

183 4743 240 4792 ἶν’
283 4747 419 4818 άπερ
468 4752 541 4820 μὴ
594 4752 838 4805 δύνανται
886 4753 1072 4822 ἰατροὶ,
1119 4751 1347 4821 ταῦταή
1380 4754 1443 4822 σὴ
1475 4753 1694 4821 δύναμις

185 4839 585 4908 κατεργάσηται·
631 4843 916 4904 τουτέστιν,
966 4843 1108 4902 ὅπως
1139 4843 1187 4892 οἱ
1232 4843 1286 4892 ὲν
1319 4840 1523 4909 θανάτῳ
1549 4843 1694 4907 γενό-

183 4935 337 4987 μενοι,
370 4927 711 4992 ἀναστάντες,
742 4930 1202 5000 ὲξομολογήσονταί
1230 4947 1328 4981 σοι.
1375 4929 1447 4979 Οὐ
1480 4930 1583 4998 γὰρ
1616 4933 1694 4982 ία-

184 5009 313 5076 τρῶν
338 5009 404 5083 ἦν
445 5017 609 5070 ταῦτα
633 5020 886 5073 δύνασθαι
912 5021 1163 5087 ἐνεργεῖν,
1193 5017 1322 5069 ἀλλὰ
1357 5017 1453 5081 τῆς
1481 5017 1577 5084 σῆς
1610 5020 1693 5069 ἐν·

182 5093 290 5150 θέου
324 5107 726 5176 μεγαλουργίας.
775 5110 894 5180 Ἆρ’
922 5105 1011 5160 οὖν
1041 5106 1123 5158 διὰ
1151 5107 1317 5158 ταῦτα
1351 5105 1590 5156 ὑπελθεῖν
1625 5125 1692 5176 με

181 5184 263 5235 τὸν
307 5189 521 5246 θάνατον
570 5196 878 5268 ἐϐουλήθης.
919 5197 983 5248 ἶν’
1034 5195 1092 5244 ἐν
1142 5195 1236 5261 μὲν
1281 5195 1391 5253 τοῖς
1415 5193 1598 5258 τάφοις
1632 5195 1693 5246 τὸ

181 5268 310 5337 ἔλεός
340 5293 426 5330 σου
461 5281 711 5354 διηγηθῇ,
757 5288 812 5337 ὲν
856 5285 907 5337 δὲ
935 5285 996 5353 τῇ
1029 5281 1261 5353 ἀπωλείᾳ
1293 5283 1324 5351 ἡ
1355 5280 1570 5350 ἀλήθειά
1599 5299 1689 5336 σου

253 5515 297 5548 ⁸⁸
334 5521 350 5574 1
383 5523 503 5578 Cor.
537 5543 611 5580 ιιι
634 5570 646 5590 ,
679 5530 764 5580 27.

1793 4393 1980 4462 deponi
2006 4394 2282 4454 voluisses,
2315 4394 2414 4446 nisi
2467 4395 2623 4446 etiam
2675 4393 2727 4444 in
2777 4393 3001 4446 mortuis
3043 4394 3302 4448 mirabilia

1792 4484 2038 4537 exhibere
2069 4484 2122 4536 in
2157 4485 2328 4535 animo
2356 4485 2506 4552 plane
2535 4484 2846 4546 habuisses;
2877 4491 2933 4534 ut
2960 4499 3077 4551 quae
3109 4483 3300 4538 medici

1793 4587 1897 4624 non
1928 4572 2118 4633 valent,
2145 4578 2370 4639 potestas
2416 4581 2504 4622 tua
2533 4579 2868 4639 Operaretur;
2906 4572 2954 4624 id
2985 4578 3086 4631 est,
3117 4561 3185 4623 ιη’
3209 4572 3300 4640 qui

1793 4662 1846 4715 in
1892 4670 2060 4716 morte
2108 4662 2261 4730 positi
2307 4671 2488 4722 erant,
2534 4669 2867 4730 resurgentes
2923 4660 3304 4714 conﬁterentur

1791 4753 1905 4806 tibi.
1939 4751 2052 4806 Non
2081 4755 2219 4807 enim
2249 4750 2569 4803 medicorum
2593 4761 2672 4804 est
2693 4751 2801 4803 haec
2823 4749 3068 4812 facultas,
3099 4749 3191 4801 sed
3219 4750 3302 4800 di-

1790 4841 1925 4894 vina:
1950 4839 2346 4909 magniﬁcentia:
2377 4847 2496 4892 tuas.
2553 4839 2713 4908 Igitur
2766 4853 2850 4890 me
2905 4844 3130 4888 mortem
3184 4836 3302 4890 ideo

1793 4929 1969 4982 subire
2014 4927 2253 4988 voluisti,
2299 4934 2356 4978 ut
2405 4927 2457 4978 in
2510 4925 2768 4993 sepulcris
2811 4921 3179 4974 misericordia
3212 4931 3304 4975 tua

1794 5023 2117 5078 narraretur,
2141 5024 2193 5069 et
2244 5016 2296 5067 in
2347 5015 2638 5082 perditione
2667 5012 2864 5066 veritas
2897 5017 2984 5061 tua
3014 5023 3308 5076 cognosce~

1794 5113 1962 5170 retur,
2005 5104 2057 5157 in
2080 5102 2310 5158 tenebris
2347 5102 2604 5154 mirabilia
2631 5108 2719 5152 tua
2759 5096 3180 5164 praedicarentur
3203 5134 3220 5157 ,
3257 5097 3314 5147 in

1795 5202 1933 5246 terra
1990 5190 2268 5245 oblivionis
2304 5189 2512 5254 justitia
2565 5195 2654 5240 tua
2700 5187 3119 5237 memoraretur.
3164 5179 3320 5242 Quod

1795 5287 1837 5338 si
1879 5284 1995 5352 quis
2023 5282 2250 5335 animum
2281 5279 2524 5332 adhibeat
2553 5278 2645 5340 iis,
2687 5288 2809 5344 qua;
2856 5277 3046 5326 nostro
3077 5275 3328 5336 tempore
