3848 6372
215 233 372 288 1065

1367 228 1858 286 COMMENTARIA
1883 227 1953 281 ΙΝ
1993 226 2324 282 PSAIMOS.

3261 233 3392 284 1066

211 346 306 398 ἵνα
342 346 569 415 τένηται
612 347 777 415 ἀμνὸς
821 346 954 398 Θεοῦ
1002 345 1094 397 καί
1141 344 1402 416 πρόϐατον
1455 339 1759 412 ἱερουργού-

1865 337 1930 390 Et
1954 338 2036 390 hic
2067 348 2279 405 peccata
2313 345 2492 389 nostra
2526 345 2719 404 portat,
2746 347 2794 392 et
2821 355 2914 407 pro
2941 339 3084 394 nobis
3114 343 3396 399 cruciatur.

209 450 389 502 μενον
423 436 565 506 ὑπὲρ
604 436 700 504 τῆς
731 436 822 487 τοῦ
870 436 1070 504 κόσμου
1104 437 1390 504 σωτηρίας.
1424 432 1623 500 Διόπερ
1655 429 1764 482 ἕλε-

203 537 270 590 γε
311 525 418 576 καὶ
459 525 488 574 ὁ
513 525 792 594 προφήτης
811 541 823 554 ο
853 525 958 576 Καὶ
991 525 1199 590 Κύριος
1227 521 1559 588 παρέδωκεν
1583 517 1764 571 αὑτὸν

205 608 346 674 ι’αέ
388 613 694 679 ἁμαρτίαις
739 612 919 679 ἡμῶν.
973 613 1080 664 Kal
1128 607 1302 674 οὗτος
1339 610 1444 673 τὰς
1481 607 1761 676 ἁμαρτίας

201 698 392 765 ήμῶν
422 700 605 767 φέρει,
633 701 728 752 καὶ
757 702 885 768 περὶ
921 701 1084 768 ἡμῶν
1112 698 1404 751 όδυνᾶται.
1446 695 1557 749 Καὶ
1583 695 1760 760 αὐτὸς

200 786 656 854 ἑτραυματίσθη
685 787 780 840 διὰ
809 788 912 852 τὰς
937 787 1214 854 ἁμαρτίας
1245 782 1427 851 ἡμῶν,
1459 783 1553 836 καὶ
1573 799 1756 850 μεμα-

199 873 501 926 λάκισται
538 874 634 927 διὰ
663 875 766 939 τὰς
795 876 1036 941 ἀνομίας
1067 871 1233 940 ἡμῶν
1251 887 1264 900 ·
1286 872 1364 936 τῷ
1377 871 1615 939 μώλωπι
1640 873 1757 924 αὑ-

198 963 316 1016 τοῦ
360 963 534 1033 ἡμεῖς
568 963 827 1030 ίάθημεν.
876 963 1146 1032 Ἐπιφέρει
1176 961 1231 1013 δὲ
1257 961 1425 1028 λέγων
1457 962 1512 1012 ἐν
1540 958 1623 1012 κα¹
1649 975 1663 989 ⁶
1705 961 1757 1012 Ὀ

198 1053 386 1118 Θεὸς,
419 1052 775 1120 κεκράξομαι
825 1051 1078 1120 ἡμέρας,
1122 1054 1218 1105 καὶ
1262 1054 1371 1104 οὐκ
1412 1051 1759 1117 εὶσακούσῃ,

195 1149 298 1200 καὶ
342 1148 593 1211 νυκτὸς,
623 1146 720 1200 καὶ
747 1147 853 1198 οὐκ
888 1148 974 1210 είς
1004 1143 1197 1196 ἄνοιαν
1233 1144 1361 1211 ἐμοί
1383 1159 1394 1168 ·
1443 1143 1536 1194 καὶ
1566 1144 1622 1194 ἐν
1650 1146 1758 1204 τοῖς

1865 429 1932 481 Et
1960 430 2064 496 ipse
2086 428 2381 480 vulneratus
2417 436 2493 482 est
2541 439 2746 495 propter
2775 440 2985 495 peccata
3020 443 3218 495 nostra,
3251 433 3400 500 infir-

1861 529 2032 569 matus
2078 525 2156 569 est
2209 525 2418 583 propter
2465 516 2762 585 iniquitates
2805 528 3048 573 nostras:
3085 522 3242 575 vibice
3285 523 3398 591 ejus

1858 622 1950 658 nos
1971 605 2148 658 sanati
2185 619 2369 656 sumus
2399 604 2440 657 ‘.
2473 604 2532 656 ln
2567 619 2653 656 ut
2683 612 2858 657 autem
2894 606 3191 675 subiungit,
3221 606 3360 662 Deus
3384 646 3398 670 .

1855 693 2088 746 clamabo
2117 708 2208 760 per
2228 692 2384 757 diem,
2408 700 2456 745 et
2488 709 2588 745 non
2614 691 2879 756 exaudies;
2900 702 2949 746 et
2970 704 3133 754 nocte.
3150 705 3198 748 et
3217 713 3316 750 non
3333 699 3401 750 ad

1857 783 2205 850 insipientiam
2263 782 2386 834 mihi
2427 783 2485 845 ’ς
2520 782 2572 834 in
2608 783 2850 850 praesenti
2901 799 3045 846 vero,
3079 785 3280 839 Avertis
3317 789 3400 856 fa-

1857 873 1984 924 ciem
2011 882 2149 922 tuam
2174 888 2205 922 a
2235 887 2331 924 me.
2369 870 2490 924 Haec
2515 887 2674 940 porro
2712 871 2908 926 similia
2937 880 3063 940 puto
3087 871 3154 927 iis
3183 887 3300 941 quae
3345 873 3397 926 in

1863 959 2145 1028 Evangelio
2173 977 2332 1029 opere
2354 961 2616 1030 completa
2643 961 2907 1026 feruntur,
2936 963 3028 1016 ubi
3058 976 3088 1014 a
3119 961 3400 1029 discipulis

1865 1060 2136 1115 semotus,
2189 1051 2241 1103 in
2276 1051 2463 1104 faciem
2521 1053 2803 1120 procubuit
2860 1068 3022 1108 orans
3070 1063 3121 1108 et
3170 1053 3394 1108 dicens:

1859 1137 2036 1202 Pater,
2068 1141 2113 1192 si
2146 1140 2388 1206 possibile
2415 1149 2511 1201 est,
2551 1150 2778 1193 transeat
2804 1141 2886 1195 hic
2909 1142 3049 1196 calix
3089 1159 3120 1194 α
3151 1158 3247 1195 me.
3306 1140 3401 1194 Ve-

195 1234 602 1303 προκειμένοις
633 1248 645 1262 ·
715 1230 1127 1297 Ἀποστρέερεις
1173 1231 1236 1282 τὸ
1279 1230 1597 1296 πρόσωπόν
1646 1242 1759 1280 σου

1860 1238 2144 1282 rumtamcn
2191 1245 2290 1281 non
2337 1230 2470 1281 sicut
2510 1247 2599 1298 ego
2649 1232 2782 1293 volo,
2833 1232 2920 1285 sed
2977 1233 3111 1286 sicut
3144 1243 3198 1286 tu
3230 1233 3302 1297 ¹’;
3336 1246 3400 1286 ac

194 1325 302 1377 ἀπ’
342 1324 518 1392 ἐμοῦ.
553 1324 748 1391 Ὅμοια
776 1322 830 1372 δὲ
855 1319 1086 1387 ἡγοῦμαι
1113 1316 1246 1371 εἶναι
1273 1318 1442 1370 ταῦτα
1471 1320 1582 1379 τοῖς
1608 1319 1664 1368 ὲν
1683 1316 1759 1385 τῷ

1860 1333 2093 1382 rursum,
2124 1317 2303 1383 Pater,
2330 1320 2375 1371 si
2400 1336 2499 1372 non
2526 1331 2689 1387 potest
2717 1321 2798 1374 hic
2825 1325 3067 1387 transire,
3098 1323 3200 1376 nisi
3230 1320 3398 1374 bibant

195 1414 538 1483 Εὑαγγελίῳ
571 1413 713 1482 ἔργῳ
750 1409 1201 1478 τετελειωμένοις,
1242 1409 1366 1460 ἔνθα
1401 1408 1616 1469 διαστὰς
1653 1407 1759 1459 τῶν

1860 1406 2027 1470 illum,
2059 1408 2154 1475 ﬁat
2177 1408 2411 1460 voluntas
2447 1418 2536 1461 tua
2559 1410 2598 1462 ³.

194 1505 496 1575 μαθητῶν,
518 1503 706 1555 ἔπεσεν
733 1503 823 1553 ἐπὶ
846 1501 1123 1571 πρόσωπον
1145 1500 1305 1552 αὑτοῦ
1333 1499 1752 1568 προσευχόμενος
1782 1499 1874 1549 καὶ
1905 1499 2100 1566 λέγων·
2140 1496 2345 1564 Πάτερ,
2388 1502 2440 1551 εὶ
2477 1500 2752 1566 δυνατὸν,
2789 1502 3124 1568 παρελθέτω
3181 1501 3248 1555 τὸ
3294 1509 3398 1567 πο·

192 1598 418 1665 eripior
453 1594 625 1647 τοῦτο
664 1596 762 1647 ἀπ’
792 1594 953 1661 ἐμοῦ.
982 1592 1153 1659 Πλὴν
1181 1595 1290 1660 οὐχ
1323 1595 1402 1656 ὠς
1463 1592 1574 1661 ἐγὼ
1605 1590 1771 1652 θέλω,
1805 1592 1938 1643 ἀλλ’
1962 1591 2039 1654 ὡς
2064 1592 2142 1644 σύ
2164 1608 2177 1620 ο
2201 1593 2292 1643 καὶ
2314 1592 2470 1644 πάλιν
2493 1609 2504 1624 ο
2532 1592 2744 1661 Πάτερ,
2765 1597 2817 1647 εὶ
2841 1597 2911 1648 οὑ
2934 1594 3178 1648 δύναται
3228 1594 3397 1647 τοῦτο

190 1682 552 1752 παρελθεῖν,
614 1681 719 1733 ἐὰν
752 1680 836 1749 μὴ
880 1681 1022 1734 αὐτὸ
1068 1681 1199 1743 πίω,
1249 1679 1544 1747 γενηθήτω
1595 1680 1662 1731 τὸ
1725 1677 1946 1746 θέλημά
1976 1693 2089 1731 σου
3188 1669 3204 1686 ⁸

264 1773 528 1840 Πτωχός
549 1774 662 1839 είμι
686 1770 796 1838 ἐγὼ
821 1771 914 1822 καὶ
931 1770 999 1822 ἐν
1018 1770 1222 1833 κόποις
1240 1769 1307 1821 ἐκ
1323 1769 1594 1835 νεότητός
1607 1783 1744 1835 μου·

1916 1765 2076 1821 Vens.
2107 1767 2283 1822 16-19.
2320 1768 2525 1836 Pauper
2573 1786 2686 1823 sum
2731 1787 2821 1840 ego
2853 1780 2903 1825 et
2941 1772 2994 1824 in
3049 1772 3312 1826 laboribus
3364 1790 3397 1827 a

193 1864 477 1933 ὑψωθεὶς
518 1862 585 1914 δὲ
626 1859 1016 1926 ἑταπεινώθην
1052 1860 1149 1912 καὶ
1192 1857 1582 1925 ἐξηπορήθην.
1627 1857 1748 1909 Ἐπ’

1860 1853 2107 1915 iuventute
2162 1871 2312 1907 mea:
2363 1855 2624 1910 exaltatus
2673 1868 2842 1911 autem
2872 1859 3174 1912 humiliatus
3201 1876 3316 1914 sum

191 1930 303 2018 ἐμὲ
338 1951 597 2018 διῆλθον
621 1952 679 2002 al
715 1949 877 2018 ὀργαί
895 1964 1030 2009 σου,
1060 1951 1112 2000 οί
1140 1948 1476 2015 φοϐερισμοί
1510 1961 1622 1999 σου
1666 1945 1754 2007 ἐξ·

1860 1943 2138 2010 perplexas.
2175 1942 2238 1995 In
2254 1961 2331 1997 me
2378 1947 2687 1998 transierunt
2723 1948 2815 2000 ira:
2858 1958 2957 2001 tua:
2985 1987 3000 2011 ,
3046 1958 3261 2002 terrores
3324 1930 3398 2002 tui

191 2040 517 2110 ετάραξάν
547 2056 645 2108 με.
693 2036 1072 2092 Ἑκύκλωσάν
1099 2053 1174 2104 με
1202 2037 1280 2100 ὡς
1295 2035 1444 2103 ὕδωρ
1467 2034 1617 2102 ὅλην
1642 2035 1754 2100 τὴν

1860 2031 2274 2084 conturbauerunt
2321 2049 2418 2086 me.
2471 2032 2923 2086 Circumdederunt
2964 2051 3042 2088 me
3077 2037 3211 2088 sicut
3262 2053 3398 2105 aqua

192 2133 466 2202 ἡμέραν,
500 2127 818 2197 περιέσχον
834 2143 910 2194 με
935 2127 1071 2194 ἅμα.
1112 2124 1464 2193 Ἑμὰκρυνας
1493 2125 1590 2177 ἀπ’
1610 2122 1752 2190 ἐμοῦ

1860 2129 1961 2171 tota
2006 2121 2121 2184 die,
2170 2122 2612 2174 circumdederunt
2662 2139 2741 2176 mc
2803 2124 2977 2176 simul.
3048 2123 3321 2196 Elongasti
3362 2144 3395 2178 a

189 2221 394 2286 φίλον
423 2215 525 2267 καὶ
554 2215 838 2280 πλησίον,
870 2213 962 2264 καὶ
998 2212 1135 2276 τοὺς
1172 2213 1473 2280 γνωστούς
1503 2229 1617 2278 μου
1637 2210 1751 2262 ἀπὸ

1860 2223 1930 2259 me
1983 2209 2204 2259 amicum
2245 2219 2296 2261 et
2351 2210 2681 2278 proximum,
2735 2219 2785 2262 et
2848 2220 2993 2263 notos
3034 2227 3170 2264 meos
3215 2229 3246 2264 a
3299 2214 3395 2265 mi.

191 2305 636 2372 ταλαιπωρίας.
689 2302 798 2353 Καὶ
830 2299 999 2353 ταῦτα
1029 2303 1056 2352 ὁ
1095 2299 1377 2369 Σύμμαχος
1437 2299 1754 2369 σαφέστερόν

1860 2299 2005 2351 seria.
2061 2297 2180 2352 Haec
2227 2300 2423 2352 clarius
2455 2298 2805 2368 Symmachus
2844 2299 3010 2354 edidit
3042 2301 3124 2354 his
3173 2302 3389 2356 verbis:

193 2413 322 2455 πως
358 2393 626 2456 ἐξέδωκεν
669 2389 831 2441 εἰπών
856 2407 868 2416 ·
919 2389 1153 2457 Πτωχὸς
1197 2389 1278 2440 ὦν
1327 2389 1421 2441 καὶ
1471 2388 1758 2440 ἐκλείπων

1860 2387 2057 2455 Pauper
2085 2405 2199 2441 cum
2227 2389 2324 2442 sim
2369 2400 2415 2442 et
2474 2389 2714 2457 deﬁciens
2762 2406 2794 2441 a
2829 2390 3094 2458 juventute
3121 2428 3136 2454 ,
3194 2393 3393 2460 suscepi

188 2487 322 2542 ἀπὸ
362 2487 668 2548 νεότητος,
720 2482 1012 2535 ἀνέλαϐον
1059 2481 1163 2533 τὸν
1208 2482 1390 2548 φόϐον
1430 2495 1563 2533 σου.
1605 2481 1758 2547 Πρὸς

1860 2477 2090 2528 timorem
2121 2485 2285 2529 tuum.
2324 2477 2406 2528 Ad
2440 2477 2546 2529 hazc
2596 2492 2687 2544 per
2733 2493 2810 2530 me
2846 2487 3262 2544 pra'termearunt
3300 2481 3395 2532 ira:

189 2581 448 2641 τούτοις
471 2574 543 2626 δι’
567 2572 710 2642 ἐμοῦ
736 2573 1120 2640 παρώδευσαν
1150 2577 1207 2626 αἱ
1235 2573 1396 2640 ὀργαί
1421 2586 1553 2633 σου,
1582 2573 1639 2623 αἱ
1666 2571 1759 2624 ἐκ-

1860 2571 1957 2616 tute
1977 2603 1990 2626 ,
2035 2573 2255 2616 terrores
2279 2565 2355 2615 tui
2387 2573 2555 2617 tacere
2572 2581 2649 2617 me
2669 2564 2917 2633 fecerunt.
2940 2565 3394 2622 Circumvenerunt

183 2665 471 2733 πλήξεις
495 2679 610 2715 σου
640 2660 1089 2728 κατεσιώπησαν
1113 2678 1206 2729 με.
1243 2660 1567 2728 Περιῆλθόν
1583 2677 1658 2727 με
1681 2661 1759 2725 ὡς

1860 2669 1935 2705 me
1970 2653 2103 2706 sicut
2131 2669 2299 2722 aquae,
2343 2662 2449 2706 tota
2478 2656 2559 2706 die
2590 2654 3157 2709 circumdederunt'me.
3205 2658 3393 2726 Aquila

189 2757 424 2816 ὕδατα,
454 2751 662 2805 πᾶσαν
723 2749 834 2817 τὴν
881 2749 1103 2817 ἡμέραν
1147 2747 1624 2816 περιεκύκλωσάν
1663 2765 1756 2817 με.

1860 2757 2004 2805 vero,
2031 2741 2195 2811 Super
2218 2760 2315 2806 me,
2348 2741 2538 2813 inquit,
2561 2747 2919 2812 praeterierunt
2948 2747 3042 2802 ira:
3088 2757 3208 2800 tute.
3259 2749 3397 2812 Quo‘

188 2851 312 2902 Καὶ
343 2848 377 2896 ὁ
419 2843 671 2905 Ἀκύλας,
700 2841 816 2894 Ἐπ’
846 2839 969 2908 ἐμὲ,
1014 2839 1162 2909 φησι,
1187 2838 1490 2906 παρῆλθον
1515 2841 1572 2891 ai
1600 2838 1759 2907 ὀργαί

1861 2829 2017 2883 modo
2042 2840 2218 2884 autem
2246 2846 2444 2900 pauper
2481 2829 2641 2884 fuerit
2668 2843 2720 2886 et
2747 2834 2801 2886 in
2825 2834 3100 2888 laboribus
3131 2849 3161 2886 a
3202 2835 3400 2902 juven-

187 2953 344 2989 σου.
389 2935 580 2993 ’Ὅπως
614 2931 671 2982 δὲ
701 2929 915 2998 πτωχὸς
943 2926 1007 2999 ἦν
1045 2931 1138 2982 καὶ
1172 2931 1228 2980 ἐν
1253 2929 1440 2992 κόποις
1475 2932 1539 2983 ἐκ
1581 2931 1759 3000 νεότη-

1861 2925 1992 2980 tute,
2027 2918 2182 2972 docet
2211 2919 2325 2988 ipse
2380 2921 2434 2972 in
2479 2920 2779 2991 Evangeliis
2827 2922 2893 2977 de
2929 2938 2986 2977 se
3039 2924 3264 2991 loquens
3309 2924 3395 2979 his

185 3041 288 3084 τος
309 3064 326 3085 ,
356 3020 602 3071 διδάσκει
636 3015 794 3078 αὐτὸς
821 3018 876 3067 ἐν
901 3019 1008 3077 τοῖς
1048 3015 1388 3082 Εὑαγγελίοις
1423 3017 1544 3086 περὶ
1575 3014 1759 3067 ἑαυτοῦ

1862 3015 2077 3068 verbis:
2122 3015 2317 3069 Discite
2373 3034 2405 3069 α
2455 3034 2534 3071 me
2583 3020 2703 3087 quia
2753 3021 2895 3073 utilis
2924 3036 3039 3074 sum
3089 3029 3138 3073 et
3183 3022 3394 3076 humilis

185 3110 386 3176 λέγων
409 3123 424 3136 ·
467 3104 693 3158 Μάθετε
723 3104 821 3156 ἀπ’
854 3103 1018 3172 ἐμοῦ,
1049 3103 1136 3154 ὅτι
1168 3101 1354 3168 πρᾶός
1389 3105 1504 3171 εὶμι
1537 3105 1631 3155 καί
1659 3119 1756 3153 τα-

1862 3104 2012 3156 corde
2049 3103 2090 3154 ⁵.
2123 3105 2407 3171 Apostolus
2432 3106 2558 3160 item
2589 3107 2663 3158 ait
2693 3125 2707 3160 :
2743 3107 2845 3171 Qui
2871 3124 2988 3160 cum
3010 3109 3061 3161 in
3099 3109 3268 3176 forma
3297 3111 3394 3164 Dei

182 3199 420 3263 πεινὸς
470 3195 544 3262 τῇ
583 3193 812 3261 καρδίῃ.
856 3194 963 3246 Καὶ
1007 3193 1034 3243 ὁ
1079 3192 1385 3254 Ἀπόστολός
1418 3209 1573 3263 φησιν
1598 3209 1612 3221 ·
1663 3194 1759 3256 Ὃς

1860 3200 2008 3253 esset,
2040 3207 2139 3244 non
2176 3194 2412 3260 rapinam
2448 3193 2735 3247 arbitratus
2781 3205 2856 3248 est
2891 3212 3001 3260 esse
3041 3213 3094 3249 se
3146 3198 3393 3266 wqualem

182 3293 266 3342 ἐν
285 3283 507 3357 μορφῇ
539 3284 683 3344 Θεοῦ
713 3281 1008 3349 ὑπάρχων,
1035 3283 1146 3349 οὐχ
1171 3282 1476 3351 ἁρπαγμὸν
1497 3280 1758 3349 ἡγήσατο

1860 3279 1994 3344 Deo,
2032 3281 2120 3333 sed
2141 3282 2466 3348 semetipsum
2492 3284 2769 3336 exinanivit
2789 3285 2846 3348 ‘;
2876 3285 2948 3337 ita
2976 3295 3031 3338 ut
3050 3289 3392 3356 perspicuum

185 3377 364 3432 εἶναι
409 3375 519 3428 ἴσα
544 3371 683 3436 Θεῷ,
710 3371 844 3424 ἀλλ’
869 3371 1080 3422 ἑαυτὸν
1105 3370 1427 3424 ἐκένωσεν·
1462 3370 1597 3422 ὥστε
1625 3369 1757 3424 εἶναι

1860 3371 1924 3423 sit
1937 3385 2040 3439 qua
2057 3369 2122 3424 de
2132 3385 2294 3424 causa
2307 3371 2444 3439 apud
2458 3370 2597 3424 LXX
2613 3373 2932 3442 lnterpretes
2948 3375 3392 3448 dicatur,Pauper

189 3468 384 3536 σαφὲς
442 3462 560 3525 πῶς
622 3463 834 3530 εἴρηται
885 3460 1033 3529 παρὰ
1080 3464 1189 3523 τοίς
1251 3461 1640 3532 Ἐϐὄομήκοντα
1679 3465 1756 3528 τὸ,

1860 3479 1970 3517 sum
1991 3480 2079 3534 ego
2109 3473 2157 3516 et
2185 3463 2237 3515 in
2268 3463 2530 3518 laboribus
2581 3481 2614 3516 a
2634 3466 2900 3533 juventute
2947 3485 3077 3522 mea.
3112 3470 3306 3524 Verum
3338 3473 3392 3526 in

184 3555 463 3622 Πτωχός
487 3555 602 3620 ειμι
632 3550 746 3618 ἐγὼ
769 3550 863 3603 καὶ
892 3551 960 3601 ἐν
989 3551 1192 3614 κόποις
1227 3551 1294 3604 ἐκ
1324 3554 1598 3619 νεότητός
1619 3572 1756 3622 μου.

1860 3551 2130 3618 iuventute
2161 3567 2276 3614 sua,
2311 3567 2432 3605 cum
2468 3553 2704 3622 alioquin
2739 3569 2769 3607 a
2797 3555 3050 3624 Josepho,
3113 3561 3203 3627 qui
3244 3568 3394 3628 pater

201 3649 364 3701 Ἀλλ’
397 3647 459 3697 ἐν
502 3644 599 3713 μὲν
641 3644 706 3710 τῇ
747 3641 953 3708 νεότητι
989 3640 1170 3702 αὑτοῦ,
1208 3641 1300 3692 καὶ
1337 3641 1506 3703 ἄλλως
1537 3643 1639 3695 ὑπὸ
1670 3643 1759 3696 τὸν

1860 3639 1971 3708 ejus
1995 3655 2113 3694 esse
2147 3641 2455 3709 putabatur,
2479 3648 2531 3696 et
2561 3657 2591 3694 a
2624 3651 2790 3698 matre
2825 3659 2921 3699 sua
2955 3649 3246 3701 secundum
3275 3665 3394 3703 car-

183 3735 575 3808 νομιζόμενον
595 3731 803 3799 πατέρα
825 3729 912 3780 τὸν
948 3729 1160 3797 Ἰωσὴφ,
1187 3730 1279 3781 καὶ
1307 3731 1404 3800 τὴν
1427 3731 1563 3783 κατὰ
1589 3733 1759 3802 σάρκα

1860 3745 1998 3790 nem,
2029 3729 2363 3788 educaretur.
2397 3746 2600 3800 pauper
2649 3733 2787 3787 inter
2845 3749 3104 3804 pauperes
3151 3746 3298 3803 erat;
3341 3747 3396 3793 et

183 3827 434 3899 μητέρα
470 3822 819 3893 τρεφόμενος,
845 3819 1051 3888 πτωχὸς
1082 3816 1147 3888 ἦν
1178 3821 1232 3872 ὲν
1259 3824 1487 3890 πτωχοῖς
1510 3839 1522 3851 ·
1557 3824 1648 3874 καὶ
1672 3824 1759 3875 τὸν

1860 3834 1978 3872 cum
2009 3820 2298 3873 secundum
2331 3822 2486 3876 aliam
2512 3823 2671 3874 vitam
2696 3838 2844 3876 suam
2872 3825 3020 3878 dives
3045 3836 3206 3892 esset,
3227 3831 3393 3884 nostri

180 3920 370 3973 ἄλλον
400 3916 461 3966 δὲ
486 3912 651 3966 αὐτοῦ
689 3911 800 3980 βίον
837 3910 1082 3972 πλούσιος
1107 3909 1200 3974 ὢν,
1229 3911 1294 3962 δι’
1322 3914 1465 3980 ἡμᾶς
1494 3911 1759 3980 ἐπτώχευ-

1860 3923 2020 3961 causa
2061 3909 2216 3978 inops
2244 3910 2462 3964 ell‘ectus
2487 3919 2588 3970 est,
2624 3921 2681 3963 ut
2711 3927 2808 3965 nos
2839 3913 2956 3980 ejus
2990 3913 3169 3982 inopia
3201 3919 3394 3973 divites

184 4027 330 4070 σεν,
379 4009 533 4064 ὅπως
569 4005 727 4071 ἡμεῖς
772 4002 836 4070 τῇ
871 4000 1026 4052 αὑτοῦ
1076 4001 1313 4070 πτωχείᾳ
1363 4001 1756 4072 πλουτήσωμεν.

1860 4011 2117 4053 essemus.
2147 3999 2278 4053 Cum
2309 4015 2468 4068 porro
2499 3999 2712 4052 demum
2756 4001 2992 4070 prodigia
3019 4010 3072 4054 et
3101 4003 3192 4057 Dei
3227 4007 3394 4058 virtu-

186 4100 344 4150 ”Οτε
391 4094 454 4146 δὲ
511 4091 692 4142 λοιπὸν
735 4087 1163 4158 παραδοξοποιῶν
1207 4091 1298 4142 καὶ
1337 4089 1468 4141 Θεοῦ
1511 4091 1759 4160 δυνάμεις

1860 4095 1937 4144 tes
1965 4086 2149 4146 edens.
2183 4088 2446 4148 exaltauis
2468 4096 2637 4150 est,et
2665 4102 2760 4156 per
2781 4089 3082 4155 passionem
3117 4106 3265 4145 suam
3287 4095 3395 4148 cle-

181 4183 532 4244 ἁποτελῶν,
580 4179 766 4248 ὑψώθη
803 4195 861 4230 τε
928 4180 1017 4231 καὶ⁵
1047 4179 1132 4232 διὰ
1175 4180 1266 4232 τοῦ
1310 4180 1509 4242 πάθους
1536 4180 1759 4249 ὑψωθεὶς

1860 4183 2034 4237 vatus,
2063 4176 2370 4230 humiliatus
2401 4184 2502 4230 est.
2533 4176 2708 4240 Quare
2729 4177 2936 4231 dicebat
2969 4198 2981 4232 :
3015 4179 3159 4233 Sicut
3188 4181 3391 4252 Moyses

181 4271 582 4339 ἐταπεινώθη.
613 4271 687 4321 Δι’
734 4270 761 4321 ὂ
795 4269 971 4336 ἔλεγεν
994 4286 1006 4298 ·
1054 4271 1271 4336 Ὥσπερ
1307 4270 1524 4336 Μωσῆς
1557 4271 1759 4336 ﬁgi-was

1860 4262 2110 4314 exultavit
2158 4274 2440 4331 serpentem
2480 4265 2532 4316 in
2564 4264 2786 4329 deserto,
2817 4267 2894 4318 ita
2941 4270 3164 4321 ea'altari
3199 4282 3393 4339 oportet

179 4365 318 4418 τὸν
358 4361 504 4428 ὅφιν
536 4359 605 4409 ἐν
633 4356 704 4423 τῇ
735 4355 944 4424 ἐρήμῳ,
987 4355 1169 4419 οὕτως
1201 4357 1506 4424 ὑψωθῆναι
1542 4356 1634 4410 δεῖ
1661 4357 1759 4408 τὸν

1864 4345 2057 4399 Filium
2084 4349 2307 4404 hominis
2327 4352 2381 4417 ';
2414 4367 2474 4404 ac
2497 4368 2730 4416 rursum,
2761 4354 2889 4406 Cum
2917 4358 3268 4412 exaltaveritis
3303 4360 3393 4413 Fi-

195 4455 362 4508 Υἱὸν
390 4450 500 4502 τοῦ
527 4446 835 4512 ἀνθρώπου
855 4462 870 4474 ο
910 4445 1000 4496 καὶ
1031 4445 1185 4498 πάλιν
1215 4462 1229 4474 ·
1277 4446 1449 4499 Ὅταν
1483 4447 1759 4515 ὑψώσητε

1862 4436 1986 4488 lium
2029 4436 2270 4504 hominis,
2325 4448 2444 4492 tunc
2490 4444 2799 4508 cognoscetis
2848 4445 2970 4512 quia
3002 4461 3092 4514 ego
3115 4451 3292 4514 sum";
3339 4452 3392 4504 in

181 4546 319 4597 τὸν
362 4539 506 4592 Υἱὸν
536 4536 642 4588 τοῦ
669 4534 992 4601 ἀνθρώπου,
1034 4536 1160 4586 τότε
1188 4535 1504 4603 γνώσεσθε,
1535 4538 1622 4590 ὅτι
1652 4537 1759 4606 ἐγώ

1861 4529 2105 4594 praesenti
2139 4544 2264 4582 vero
2291 4530 2382 4592 ait,
2404 4529 2682 4582 Exaltatus
2723 4541 2916 4596 autem,
2942 4535 3249 4591 humiliatus
3278 4558 3394 4593 sum

179 4637 328 4700 εἰμι
359 4645 374 4658 ο
424 4628 521 4678 καὶ
555 4628 612 4677 ὲν
648 4624 723 4693 τῷ
764 4624 1096 4694 προκειμένῳ
1125 4640 1137 4652 ·
1200 4625 1479 4691 ’Υψωθεὶς
1523 4627 1590 4678 δὲ
1630 4628 1759 4680 ἐτα-

1860 4625 1908 4668 et
1949 4619 2235 4685 perplexas.
2283 4620 2415 4672 Illud
2454 4628 2657 4682 autem,
2696 4619 2797 4674 Per
2850 4640 2927 4676 me
2969 4636 3393 4692 praztermearunt

179 4717 522 4782 ,πεινώθην
558 4714 654 4765 καὶ
690 4712 1082 4778 ἐξηπορήθην.
1131 4712 1202 4763 Τὸ
1232 4713 1308 4773 δὲ,
1337 4715 1414 4764 Δι’
1451 4715 1593 4784 ἐμοῦ
1616 4730 1759 4782 παρ-

1860 4708 1955 4760 ira:
2011 4717 2132 4771 tum,
2189 4708 2478 4762 secundum
2532 4707 2943 4778 Symmachum:
2974 4717 3056 4769 vel
3097 4721 3391 4773 secundum

179 4812 499 4866 ὡδευσαν
541 4808 600 4857 al
660 4803 825 4870 ὀργαί
859 4817 1004 4876 σου,
1051 4801 1188 4854 κατὰ
1237 4803 1326 4854 τὸν
1379 4804 1684 4874 Σύμμαχον,
1728 4805 1759 4876 ἦ

1860 4795 2125 4863 Aquilam,
2163 4795 2324 4862 Super
2347 4813 2423 4849 me
2443 4798 2797 4864 prtcterierunt
2824 4802 2914 4856 ira:
2940 4815 3062 4869 tuw,
3087 4807 3169 4860 vel
3197 4824 3392 4862 secun-

181 4900 359 4957 κατὰ
397 4898 491 4949 τὸν
545 4893 769 4945 Ἀκύλαν
794 4908 806 4920 ·
855 4875 982 4944 ἘπἸ
1012 4891 1114 4958 ἐμὲ
1159 4891 1464 4959 παρῆλθον
1487 4897 1547 4946 al
1589 4875 1755 4963 ὀργαί

1860 4883 1984 4936 dum
2017 4883 2173 4945 LXX,
2214 4884 2276 4936 In
2302 4901 2378 4936 me
2404 4887 2718 4939 transierunt
2752 4889 2846 4942 ira:
2873 4901 2994 4952 luat.
3024 4894 3166 4948 clare
3187 4896 3394 4950 denun-

178 5007 356 5050 σου,
387 4988 422 5056 ἢ
455 4983 597 5037 κατὰ
629 4983 753 5042 τοὺς
789 4980 1200 5049 Ἐὗδομήκοντα,
1245 4983 1365 5033 Ἐπ’
1385 4983 1487 5050 ἐμὲ
1517 4984 1759 5051 διῆλθον

1863 4976 1980 5037 ιίοι,
2015 4988 2120 5026 non
2166 4974 2217 5026 in
2252 4974 2341 5026 illo
2400 4977 2726 5037 constitisse.
2761 4982 2851 5033 sed
2904 4997 2995 5049 per
3037 4998 3395 5054 cumpraner-

179 5086 263 5136 ai
305 5077 484 5147 ὀργαί
508 5091 647 5134 σου,
686 5071 865 5139 σαφῶς
893 5071 1230 5140 παρίστησιν,
1266 5073 1348 5124 ὅτι
1373 5075 1470 5126 οὐκ
1499 5077 1578 5136 είς
1600 5077 1759 5130 αὑτὸν

1865 5061 2018 5126 iisse;
2091 5077 2264 5130 neque
2297 5064 2529 5122 stetisse,
2564 5064 2656 5116 sed
2692 5070 2990 5123 transiisse.
3029 5072 3158 5126 Illud
3193 5083 3392 5139 autem,

178 5168 562 5238 ἐπέσκηψαν,
598 5162 732 5215 ἀλλὰ
774 5162 836 5212 δι’
871 5158 1030 5212 αὐτοῦ
1077 5162 1340 5231 παρῆλθον
1366 5181 1379 5193 ·
1430 5165 1522 5215 καὶ
1566 5165 1644 5216 ὅτι

1863 5152 2288 5204 conturbarerunt
2323 5169 2419 5214 me,
2460 5154 2760 5208 secundum
2803 5156 2965 5221 LXX,
3000 5159 3126 5213 huic
3155 5161 3395 5231 Evange-

177 5236 476 5328 εστησαν,
507 5253 644 5306 ἀλλὰ
674 5251 900 5319 διῆλθον.
934 5252 1005 5302 Τὸ
1033 5251 1109 5312 δὲ,
1131 5251 1489 5316 ἐξετάραξάν
1503 5271 1600 5321 με,
1625 5236 1759 5310 κατὰ

1867 5241 2056 5294 Iiorum
2097 5239 2240 5294 dicto
2275 5241 2450 5296 simile
2494 5251 2576 5295 est
2611 5263 2624 5296 :
2654 5236 2806 5297 Nunc
2836 5249 3011 5301 anima
3036 5266 3147 5302 mea
3182 5253 3394 5305 turbata

175 5356 344 5411 τοὺς
378 5345 799 5412 Ἐδδομήκοντα,
833 5341 1011 5408 ὅμοιόν
1030 5340 1142 5392 ἐστι
1167 5339 1242 5410 τῷ
1276 5342 1544 5412 εἰρημένῳ
1572 5344 1630 5394 ἐν
1654 5347 1759 5410 τοῖς

1864 5342 1938 5384 cst
1955 5332 2006 5394 9;
2029 5339 2100 5396 ct,
2149 5331 2336 5383 Tristis
2362 5340 2436 5382 est
2461 5333 2638 5386 anima
2658 5351 2767 5387 mea
2791 5345 2949 5406 usque
2969 5338 3035 5390 ad
3059 5349 3294 5395 mortem'
3317 5351 3395 5399 :et

283 5492 307 5523 ι
351 5487 457 5565 Issi.
495 5497 629 5540 LIII,
666 5475 799 5565 5-?)
836 5478 854 5506 '
895 5476 1032 5565 E‘SIaI,
1071 5493 1191 5536 xxx.
1226 5478 1394 5565 3.“:
1435 5479 1618 5565 llaIIth.
1657 5498 1759 5534 xxv

2013 5490 2032 5565 ξ
2069 5485 2318 5565 ibi:l_._4‘2.
2395 5485 2413 5514 ⁸
2454 5485 2643 5565 M_a_tth.
2679 5506 2761 5556 XI,
2794 5492 2884 5546 29.
2959 5495 2979 5526 ⁵
3017 5492 3209 5564 Philip.
3252 5500 3392 5565 ",6,

175 5564 256 5620 7,
349 5558 372 5588 ⁸
409 5552 569 5607 Joan.
609 5561 704 5606 Ill,
743 5545 825 5596 ιι.
898 5547 916 5575 ⁷
951 5544 1103 5597 Joan.
1139 5562 1267 5608 vm,
1299 5547 1384 5600 ‘28.
1459 5551 1479 5579 ⁸
1515 5547 1669 5602 Joau.
1707 5544 1819 5621 xu,
1851 5558 1938 5611 9.7.
2013 5557 2033 5587 ’
2074 5556 2251 5608 Matt').
2290 5569 2406 5606 XXVI
2435 5593 2448 5616 ,
2486 5558 2575 5608 58.

505 5644 774 5700 PATBOL.
808 5637 919 5694 Gn.
967 5637 1019 5696 Χ
1034 5638 1196 5696 Xlllt

2161 5719 2200 5728 ν
3048 5655 3123 5712 3's
