3848 6408
239 231 266 285 1
277 230 399 286 O69

235 343 603 410 pob’epro'yol
635 357 748 397 σου
775 345 1136 412 ἐξετάραξὰν
1156 362 1250 414 με.
1294 346 1464 417 Ὁρῶν
1497 349 1552 401 δὲ
1586 351 1798 421 μακρὰν
1829 358 1870 409 Α

235 429 620 493 ἐκπίπτοντας
650 433 746 501 τῆς
795 433 886 484 τοῦ
929 433 1061 486 Θεοῦ
1109 436 1372 505 σωτηρίας
1411 438 1534 498 τοὺς
1561 437 1698 506 ὑπὲρ
1726 431 1800 489 ὧν

232 517 345 580 τὰς
385 519 552 588 εὐχάς
583 521 813 574 ἐποιεῖτο
845 524 1122 592 φιλτάτους
1161 525 1316 588 ὄντας
1348 525 1507 578 αὑτοῦ
1551 527 1643 578 καὶ
1673 527 1801 593 ἀγα-

233 610 462 675 πητοὺς
490 609 578 662 διὰ
603 613 725 674 τοὺς
750 615 1006 684 πατέρας,
1051 614 1257 682 ἔλεγεν·
1302 614 1666 683 Ἐμάκρυνας
1699 616 1798 668 ἀπ’

225 696 396 763 ἐμοῦ
426 698 611 766 φίλον
636 702 732 753 καί
765 705 1044 770 πλησίον,
1071 706 1165 756 καὶ
1195 706 1333 770 τοὺς
1362 709 1662 774 γνωστούς
1681 726 1797 777 μου

226 785 363 837 ἀπὸ
402 791 820 857 ταλαιπωρίας.
863 794 1020 862 Δηλοῖ
1055 793 1111 845 δὲ
1148 795 1268 857 τοὺς
1290 798 1345 848 ὲν
1372 797 1448 866 τῷ
1485 797 1623 850 ἔθνει
1661 814 1798 865 γνω-

229 877 413 940 στοὺς
432 878 592 941 ὄντας
615 881 776 933 αὐτοῦ
806 883 1060 953 πρότερον
1084 887 1174 936 καὶ
1194 886 1401 952 φίλους·
1436 888 1554 940 ἐπεὶ
1582 889 1673 940 καὶ
1705 889 1798 957 μέ-

226 982 334 1035 ρος
363 963 511 1038 ἧσαν
537 970 699 1022 αὐτοῦ
734 974 826 1024 καὶ
858 973 1180 1045 κληρονομία
1200 994 1213 1006 ·
1247 976 1358 1028 ἀλλ’
1385 977 1796 1047 ἐμακρῦνθησαν

225 1055 470 1124 ἀληθῶς
512 1059 606 1111 ἀπ’
651 1061 810 1113 αὑτοῦ
859 1061 944 1115 διὰ
997 1064 1092 1133 τῆς
1131 1066 1334 1118 ἑαυτῶν
1369 1067 1655 1128 ἀπιστίας·
1705 1068 1794 1118 καὶ

225 1145 415 1198 πάλαι
467 1148 618 1212 ὄντες
665 1149 830 1217 φίλοι,
882 1153 1104 1224 ἐχθροὺς
1150 1157 1369 1218 ἑαυτοὺς
1421 1158 1790 1226 κατέστησαν·

221 1232 329 1282 καὶ
362 1237 602 1300 γνωστοὶ
638 1239 988 1308 τυγχάνοντες
1026 1242 1206 1307 αὐτοῦ,
1253 1245 1471 1297 ἐλθόντα
1510 1247 1667 1298 αὐτὸν
1694 1247 1791 1298 οὐκ

1401 232 1894 289 COMMENTARIA
1934 235 1999 290 IN
2037 234 2369 290 PSALMOS.

3319 245 3341 296 1
3351 245 3463 298 070-

1900 361 1977 405 to;
2035 370 2172 406 meos
2227 370 2258 405 a
2314 351 2541 405 miseria.
2573 351 2779 406 Iudicat
2809 357 2986 404 autem
3019 366 3112 406 eos
3143 352 3196 406 in
3225 353 3447 412 Iudaica

1906 452 2060 510 gente
2081 445 2173 512 qui
2201 443 2408 511 pridem
2430 442 2548 494 noti
2584 442 2682 495 sibi
2705 451 2757 496 et
2777 442 2935 494 amici
2957 448 3158 508 essent,
3192 448 3447 512 quoniam

1907 531 2083 597 portio
2110 538 2163 584 et
2194 529 2477 584 lnereditas
2524 528 2694 597 ipsius
2727 536 2903 591 erant,
2941 529 3032 582 sed
3063 533 3132 582 ob
3163 545 3317 584 suam
3359 533 3446 586 in-

1904 619 2273 673 credulitatem
2303 633 2431 673 vere
2453 619 2637 688 procul
2673 619 2739 671 ab
2765 633 2829 672 eo
2861 618 3050 671 remoti
3082 627 3242 686 sunt;
3276 629 3330 675 et
3353 622 3446 691 qui

1904 709 2030 762 olim
2053 710 2209 762 amici
2246 709 2478 772 fuerant,
2507 724 2625 763 sese
2647 708 2899 761 inimicos
2935 709 3364 776 constituerunt;
3393 720 3447 766 et

1905 814 2025 851 cum
2064 798 2177 852 noti
2205 798 2322 866 ejus
2361 806 2570 860 essent,
2608 797 2910 850 venientem
2941 797 3115 862 ipsum
3141 811 3246 848 non
3280 813 3445 851 nove-

1902 894 2046 952 runt,
2072 901 2244 955 neque
2273 893 2647 953 susceperunt.
2683 882 2920 948 Quorum
2949 885 3184 936 omnium
3219 900 3382 940 causa
3414 901 3444 939 a

1903 975 2009 1028 Deo
2054 976 2210 1044 longe
2252 974 2378 1028 facti
2411 982 2557 1038 sunt,
2592 973 2662 1026 ob
2687 971 2956 1026 miseriam
2987 973 3234 1027 videlicet
3268 989 3440 1027 suam.

1903 1065 1992 1120 Sic
2024 1067 2186 1135 igitur
2206 1080 2234 1117 a
2257 1065 2363 1118 Deo
2385 1065 2700 1118 exciderunt
2730 1063 3022 1118 secundum
3047 1063 3174 1116 illud
3198 1064 3396 1117 dictum
3425 1083 3437 1117 :

1901 1155 2160 1220 Quoniam
2181 1157 2268 1224 qui
2295 1157 2535 1224 elongant
2567 1173 2620 1208 se
2659 1173 2690 1208 a
2720 1165 2766 1209 te
2791 1157 3024 1224 peribunt
3046 1156 3106 1208 ”.
3140 1155 3312 1224 Atque
3338 1155 3442 1208 huc

1897 1247 2151 1301 desinunt
2173 1248 2364 1316 psalmi
2383 1245 2642 1308 Filiorum
2671 1246 2802 1300 Core
2831 1247 3094 1315 inscripti.

219 1323 565 1392 ἐπέγνωσαν
585 1369 599 1391 ,
653 1329 771 1382 οὐδὲ
819 1332 1189 1402 παρεδέξαντο.
1238 1330 1335 1388 ’Ὧν
1383 1337 1542 1389 ’ἑνεκα
1584 1339 1794 1391 πάντων
1833 1340 1926 1392 καὶ
1954 1340 2059 1390 ἀπὸ
2087 1339 2178 1390 τοῦ
2222 1337 2355 1391 Θεοῦ
2386 1337 2796 1408 ἐμακρύνθησαν
2823 1338 2886 1389 δι’
2911 1340 3084 1389 αἰτίαν
3113 1337 3211 1405 τῆς
3241 1337 3442 1390 ἑαυτῶν

219 1413 638 1485 ταλαιπωρίας.
705 1418 856 1471 Οὕτω
915 1421 958 1472 δ’
1031 1419 1122 1475 οὖν
1175 1425 1264 1476 καὶ
1321 1429 1699 1479 ἐκπεπτώκασι
1753 1428 1845 1480 τοῦ
1885 1428 2015 1480 Θεοῦ
2048 1427 2186 1480 κατὰ
2210 1429 2269 1480 τὸ
2325 1428 2526 1495 φάσκον
2561 1428 2755 1494 λόγιον,
2796 1428 2910 1478 Ὅτι
2952 1430 3004 1478 ol
3040 1427 3442 1494 μακρύνοντες

218 1505 498 1573 ἑαυτοὺς
557 1510 674 1562 ἀπὸ
722 1512 836 1565 σοῦ
870 1515 1246 1570 ἀπολοῦνται.
1281 1520 1387 1572 Καὶ
1427 1522 1503 1583 είς
1539 1521 1694 1573 τοῦτο
1735 1523 2121 1593 καταλήγουσιν
2159 1525 2205 1574 οί
2242 1523 2700 1592 ἐπιγεγραμμένοι
2741 1521 2845 1573 τῶν
2883 1521 3025 1574 υἱῶν
3042 1521 3189 1588 Κορὲ
3219 1521 3437 1590 ψαλμοί.

382 1645 739 1699 ΣΥΝΕΣΕΩΣ
772 1649 976 1702 ΛΙΘΑΝ
1014 1653 1098 1721 Τῼ
1136 1654 1478 1727 ΕΣΔΡΑΙΤῌ.
1527 1657 1655 1711 IIII'.
1828 1697 1868 1750 Β

300 1780 388 1833 Τὰ
427 1781 572 1848 ὲλέη
603 1783 707 1836 τοῦ
734 1787 949 1852 Κυρίου
981 1791 1065 1853 εὶς
1100 1791 1203 1843 τὸν
1225 1791 1403 1844 αὶῶνα
1428 1792 1658 1862 ᾄσομαι.
1697 1797 1795 1861 Ιίις

218 1875 457 1940 γενεὰν
503 1875 601 1925 καί
641 1876 852 1942 γενεὰν
891 1879 1200 1948 ἀπαγγελῶ
1225 1883 1339 1948 τὴν
1377 1885 1659 1952 ἀλήθειάν
1680 1903 1793 1940 σου

217 1963 291 2012 ἐν
318 1962 411 2026 τῷ
457 1964 708 2032 στόματί
739 1983 874 2032 μου.
895 1968 1104 2038 Ἐπειδὴ
1133 1970 1330 2038 προῖὼν
1352 1970 1474 2042 ἑξῆς
1505 1973 1681 2042 μέλλει
1706 1974 1793 2026 λέ-

216 2069 349 2120 γειν
372 2070 386 2084 ·
427 2055 558 2107 Ποῦ
595 2059 710 2108 εἱσι
748 2056 818 2109 τὰ
855 2058 990 2124 eum
1032 2076 1145 2112 σου
1181 2060 1250 2112 τὰ
1283 2062 1510 2130 ἀρχαῖα,
1544 2066 1734 2131 Κύριε,
1757 2065 1795 2118 d

215 2141 484 2208 ὤμοσας
502 2141 581 2206 τῷ
601 2144 778 2196 Δαυῒδ
797 2145 864 2197 ἐν
885 2145 954 2214 τῇ
977 2148 1217 2214 ἀληθείᾳ
1239 2165 1385 2212 σου;
1404 2152 1794 2222 προθεραπεύει

213 2232 280 2283 τὺ
316 2231 524 2300 μέλλον
557 2233 882 2303 ῥηθήσεσθαι
910 2236 994 2289 διὰ
1017 2237 1122 2289 τῶν
1156 2241 1544 2309 προκειμένων,
1573 2243 1792 2312 δυνάμει

213 2321 393 2372 τοῦτο
439 2319 648 2387 λέγων·
693 2323 753 2373 Et
790 2324 882 2376 καὶ
923 2325 988 2377 τὰ
1031 2326 1336 2396 ἀνθρώπινα
1382 2330 1674 2401 πράγματα
1697 2333 1794 2402 τὴν

214 2410 374 2479 ἐμὴν
404 2409 586 2478 ψυχὴν
613 2410 691 2471 είς
716 2411 1013 2480 ἀμηχανίαν
1035 2415 1332 2483 ἐμϐαλόντα
1364 2418 1632 2486 ταράττει,
1656 2419 1794 2488 ίλιγ-

214 2501 320 2568 γόν
356 2500 422 2552 τέ
455 2517 548 2569 μοι
583 2501 675 2552 καὶ
701 2502 929 2572 ἀπορίαν
957 2505 1186 2572 ἐμποιεῖ,
1217 2507 1320 2560 τῶν
1353 2509 1477 2570 σῶν,
1517 2503 1562 2560 ὦ
1604 2511 1790 2581 Κύριε,

213 2590 546 2660 χριμάτων,
579 2590 653 2652 ὡς
679 2591 886 2659 μέλλειν
922 2594 1109 2662 μικρὸν
1134 2595 1351 2666 ὕστερον
1378 2599 1682 2670 άποτολμᾷν
1702 2604 1794 2654 καὶ

211 2682 485 2750 ἀπορεῖν,
514 2679 654 2750 ὑπὲρ
698 2674 770 2733 ὧν
819 2682 882 2733 σὺ
925 2683 1021 2751 μὲν
1061 2684 1090 2734 ό
1130 2685 1360 2758 ἀψευδὴς
1379 2688 1508 2752 Θεὸς
1543 2691 1676 2761 πρὸς
1703 2693 1792 2744 τὸν

211 2772 292 2822 Δα
303 2768 400 2822 υτδ
429 2768 770 2835 ἐπαγγελιῶν
791 2772 1078 2841 πεποίησαι
1099 2789 1110 2800 ·
1134 2775 1383 2828 τάναντία
1407 2777 1462 2830 δὲ
1485 2780 1792 2850 συμϐέϐηκε

208 2863 351 2922 ταῖς
390 2863 516 2920 σαῖς
553 2859 904 2928 ὑποσχέσεσι·
937 2860 1015 2913 διὸ
1062 2863 1154 2914 καὶ
1197 2865 1371 2932 μέλλω
1416 2867 1590 2936 λέγειν
1614 2886 1628 2900 ·
1668 2871 1791 2924 Ποῦ

208 2953 345 3003 εἱσι
375 2950 453 3002 τὰ
490 2948 630 3015 ἑλέη
652 2964 766 3002 σου
790 2950 859 3002 τὰ
893 2951 1121 3019 ἀρχαῖα,
1151 2955 1357 3020 Κύριε;
1383 2957 1491 3009 ἀλλ’
1525 2961 1669 3028 ὅμως
1699 2978 1792 3013 πε-

209 3038 554 3108 πεισμένος,
580 3039 660 3090 ὃτι
693 3039 765 3108 μὴ
789 3038 1128 3108 διαψεύσεταί
1161 3057 1249 3094 σου
1278 3047 1309 3114 ἡ
1341 3047 1653 3114 ἐπαγγελία,
1677 3052 1793 3103 οὐδέ

208 3130 575 3185 διαπεσεῖται
607 3130 640 3197 ἡ
670 3127 762 3179 τοῦ
794 3127 887 3180 σοῦ
919 3129 1072 3197 λόγου
1094 3132 1333 3203 ἀλήθεια,
1369 3137 1648 3205 προλαϐὼν
1673 3142 1794 3202 τοὺς

213 3221 539 3293 μέλλοντας
579 3218 637 3282 ἐξ
675 3219 1014 3290 ἀνθρωπίνης
1042 3222 1320 3287 ἀσθενείας
1346 3226 1669 3297 ρηθήσεσθαί
1705 3248 1793 3300 μοι

209 3313 451 3380 λόγους,
480 3310 578 3379 τὴν
606 3311 842 3379 ἐμαυτοῦ
865 3311 1040 3365 πίστιν
1059 3313 1151 3365 καὶ
1172 3314 1230 3366 τὸ
1255 3316 1472 3379 εὐσεϐὲς
1507 3320 1604 3387 τῆς
1627 3321 1790 3389 ἐμαυ-

207 3402 315 3455 τοῦ
375 3398 610 3469 γνώμης
653 3401 1143 3470 προασφαλίςομαι·
1194 3403 1273 3454 διό
1323 3421 1490 3473 φημι·
1544 3408 1619 3459 Τὰ
1656 3409 1792 3475 ὲλέη

208 3508 368 3554 σου,
393 3489 596 3554 Κύριε,
627 3491 713 3554 εὶς
739 3489 842 3541 τὸν
861 3489 1041 3542 αἰῶνα
1063 3488 1297 3558 ᾄσομαι.
1330 3494 1402 3544 Οὐ
1446 3495 1550 3566 γὰρ
1583 3495 1676 3547 νῦν
1701 3498 1794 3565 μό-

209 3598 334 3644 νον,
372 3580 469 3630 ὃτε
490 3577 663 3630 ταῦτα
694 3578 837 3630 λαλῶ
868 3580 956 3632 καὶ
986 3580 1305 3651 φθέγγομαι,
1329 3582 1395 3634 τὰ
1422 3584 1542 3653 ἐλέη
1568 3585 1660 3637 τοῦ
1687 3588 1792 3638 Κυ-

210 3673 346 3743 ρίου
375 3671 607 3742 ᾀσομαι,
640 3669 772 3722 ἀλλὰ
801 3673 892 3723 καὶ
934 3674 990 3724 ἐν
1021 3677 1131 3736 τοῖς
1180 3673 1641 3745 σκυθρωποτέροις
1671 3693 1792 3729 και-

210 3766 368 3834 ροῖς,
393 3761 493 3813 καὶ
522 3762 579 3812 ἐν
600 3761 776 3823 αὐτοῖς
804 3761 1024 3824 ἐκείνοις
1051 3763 1114 3814 δι’
1132 3763 1223 3826 οὒς
1247 3765 1420 3834 μέλλω
1446 3765 1619 3834 λέγειν
1639 3781 1652 3794 ·
1671 3767 1792 3820 Ποῦ

206 3856 345 3906 εισι
392 3849 470 3902 τὰ
510 3848 650 3916 ἐλέη
685 3865 798 3902 σου
818 3851 889 3902 τὰ
913 3851 1142 3917 ἀρχαῖα,
1169 3855 1372 3920 Κύριε;
1401 3855 1506 3908 Καὶ
1540 3856 1656 3908 τότε
1689 3857 1794 3925 γὰρ

205 3943 316 3994 καὶ
369 3941 458 4000 είς
503 3937 592 3990 τὸν
634 3938 769 4006 μετὰ
805 3937 971 3990 ταῦτα
1003 3941 1208 4009 χρόνον,
1241 3943 1332 3994 καὶ
1366 3943 1450 3996 διά
1480 3945 1676 4008 παντὸς
1700 3946 1793 3998 τοῦ

205 4029 433 4088 αἰῶνος
470 4025 531 4076 οὑ
574 4025 848 4093 παύσομαι
897 4027 1141 4096 ἀνυμνῶν
1181 4029 1248 4083 τὰ
1279 4030 1402 4100 ἐλέη
1446 4050 1557 4096 σου,
1603 4033 1790 4104 Κύριε,

203 4114 484 4187 ἀκριϐῶς
517 4112 689 4175 εἰδὼς,
727 4114 807 4166 ὅτι
830 4153 845 4175 ,
874 4114 1016 4180 ἅπαξ
1038 4117 1486 4190 ἐπαγγειλάμενος
1515 4121 1607 4184 τὰς
1638 4125 1694 4175 ἐν
1718 4123 1793 4192 τῷ

202 4201 434 4273 ψαλμῷ
469 4201 819 4270 προφητείας,
855 4202 913 4254 οὺ
937 4203 1258 4272 διαψεύσεις,
1289 4207 1380 4261 άτε
1405 4209 1534 4272 Θεὸς
1567 4209 1640 4262 ὢν
1672 4211 1791 4282 ἁλη-

208 4295 356 4365 οής,
377 4291 587 4361 Διόπερ
602 4291 663 4342 οὐ
683 4291 838 4360 μόνον
859 4291 925 4344 τὰ
936 4292 1056 4363 ἐλέη
1083 4311 1194 4358 σου,
1214 4297 1400 4365 Κύριε,
1425 4302 1502 4362 εἰς
1521 4301 1609 4353 τὸν
1622 4301 1790 4354 αἰῶνα
1821 4340 1864 4392 Β

204 4387 463 4456 ᾄσομαι,
498 4379 633 4432 ἀλλὰ
658 4381 747 4432 καὶ
772 4381 868 4450 τὴν
893 4379 1142 4450 ἀλήθειάν
1173 4401 1263 4436 σου
1294 4386 1413 4437 καθ’
1445 4388 1675 4458 ἑκάστην
1699 4404 1790 4455 γε·

203 4473 358 4528 νεάν
388 4469 709 4536 ἀπαγγελῶ.
736 4470 797 4520 Ei
819 4469 923 4539 γὰρ
950 4470 1130 4523 καὶτὰ
1165 4472 1392 4541 μάλιστα
1425 4476 1639 4530 τοιαῦτά
1672 4495 1792 4532 τινα

209 4560 445 4633 μεταξὺ
473 4560 778 4628 γενήσεται,
810 4558 883 4620 ὡς
917 4559 1078 4622 δοκεῖ,
1116 4562 1327 4614 ἐναντία
1354 4567 1470 4626 ταῖς
1503 4570 1619 4629 σαῖς
1658 4567 1792 4637 πρὸς

202 4653 318 4704 τὸν
365 4647 532 4700 Δαυῖδ
574 4648 919 4715 ἐπαγγελίαις
951 4651 1279 4717 συμϐαίνειν,
1318 4652 1450 4704 ἀλλὰ
1489 4655 1582 4707 καὶ
1623 4656 1792 4718 οὕτως

204 4739 344 4808 ἐγὼ
381 4736 745 4797 πεπίστευκα,
779 4739 870 4789 καὶ
896 4737 1106 4806 ἀληθῶς
1155 4742 1388 4810 ἐμαυτὸν
1431 4743 1678 4809 πέπεικα,
1713 4749 1792 4800 ὅτι

201 4829 340 4881 τῶν
369 4827 546 4892 λόγων
578 4841 690 4887 σου,
720 4819 764 4876 ὦ
794 4825 981 4895 Κύριε,
1017 4829 1048 4896 ή
1080 4829 1300 4899 ἀλήθεια
1331 4831 1577 4885 οὐδέποτε
1609 4835 1788 4887 διαπε-

207 4919 430 4970 σεῖται.
486 4913 685 4982 Διόπερ
731 4914 818 4964 τὸν
864 4916 1037 4968 πάντα
1074 4934 1170 4986 μου
1203 4918 1386 4986 χρόνον
1415 4919 1512 4986 τῆς
1545 4921 1688 4992 ζωῆς
1727 4927 1785 4978 οὐ

204 5004 520 5071 παύσομαι
551 5004 608 5053 ἐν
637 5001 713 5070 τῷ
740 5003 962 5071 στόματί
989 5022 1087 5073 μου
1107 5005 1202 5076 τὴν
1227 5004 1476 5073 ἀλήθειάν
1497 5022 1590 5058 σου
1615 5011 1788 5078 ἁπαγ-

204 5095 463 5164 γέλλων.
484 5092 642 5145 Ἀλλὰ
663 5093 752 5143 καὶ
775 5094 1094 5163 παραδιδοὺς
1114 5099 1176 5165 τῇ
1207 5095 1436 5164 ἐμαυτοῦ
1457 5103 1641 5170 γραφῇ
1662 5103 1789 5154 ταύ-

202 5204 331 5256 την
367 5181 681 5248 καταλείψω
715 5187 824 5244 τοῖς
863 5185 1342 5253 μεταγενεστέροις,
1372 5187 1449 5246 είς
1477 5187 1540 5238 τὸ
1569 5191 1662 5240 καὶ
1695 5193 1791 5243 αὐ-

202 5278 360 5336 τοὺς
390 5271 736 5326 διδάσκεσθαι
771 5289 828 5324 τε
857 5275 944 5324 καὶ
985 5274 1259 5342 μανθάνειν
1281 5272 1476 5340 ὁμοίως
1509 5276 1633 5343 ἐμοὶ
1667 5280 1788 5331 καθ’

206 5366 475 5432 ἑκάστην
505 5362 698 5430 γενεάν
723 5362 816 5430 τὴν
847 5365 1089 5434 ἀλήθειάν
1119 5380 1205 5416 σου
1246 5361 1333 5415 διὰ
1379 5363 1638 5431 στόματος
1690 5370 1790 5436 φέ..

305 5515 360 5548 ⁸⁸
391 5515 532 5569 Psal.
571 5516 750 5575 Lxxn,
783 5511 868 5566 27.

1900 1657 1948 1710 l.
1975 1655 2440 1711 INTELLECTUS
2462 1654 2713 1710 ᾹΞΤΗΑΝ
2741 1653 3121 1709 EZRAITJEL
3159 1654 3437 1710 XXXVIII.

1966 1787 2130 1840 Vens.
2173 1787 2226 1838 2.
2269 1786 2660 1840 Misericordiae
2689 1786 2899 1839 Domini
2939 1787 2990 1838 in
3023 1797 3269 1840 aeternum
3316 1803 3440 1840 can-

1896 1879 2036 1932 tabo.
2077 1877 2142 1930 In
2181 1878 2563 1948 generationem
2603 1886 2652 1929 et
2696 1877 3073 1945 generationem
3122 1876 3439 1929 annuntiabo

1895 1971 2158 2024 veritatem
2189 1979 2328 2020 tuam
2359 1970 2411 2020 in
2436 1983 2522 2020 ore
2551 1984 2679 2020 meo.
2713 1967 2975 2031 Quoniam
3006 1967 3059 2020 in
3091 1967 3439 2035 sequentibus

1895 2061 2135 2112 dicturus
2183 2065 2286 2118 cst,
2332 2055 2431 2108 Ubi
2461 2063 2581 2108 sunt
2630 2054 3002 2106 misericordia:
3043 2061 3147 2106 tua:
3188 2052 3434 2120 antiquw,

1895 2150 2132 2211 Domine,
2166 2164 2294 2216 quas
2311 2146 2513 2214 jurasti
2541 2143 2708 2196 David
2739 2144 2791 2195 in
2821 2143 3031 2196 veritate
3054 2145 3182 2196 tua?
3216 2142 3283 2195 iis
3319 2156 3438 2209 qua:

1896 2245 2080 2308 postea
2130 2237 2364 2307 proferet
2412 2236 2523 2304 jam
2569 2233 2897 2302 respondere
2938 2233 3241 2294 antevertit,
3290 2247 3354 2286 ac
3389 2232 3435 2285 si

1893 2328 2097 2382 diceret
2126 2345 2139 2380 :
2173 2325 2396 2380 Etiamsi
2419 2326 2664 2378 bumanaa
2692 2339 2779 2377 res
2798 2323 3029 2375 animam
3054 2337 3225 2375 meam
3259 2322 3312 2374 in
3340 2337 3437 2388 an-

1894 2417 2125 2486 gustiam
2163 2424 2216 2469 ct
2245 2414 2632 2468 dubitationem
2681 2412 2976 2480 conjiciant
3006 2425 3069 2463 ac
3100 2411 3434 2478 perturbent,

1894 2507 2227 2576 caligineque
2275 2519 2360 2558 me
2411 2512 2464 2558 et
2517 2502 2856 2556 haesitatione
2909 2498 3138 2553 alIiciant
3187 2500 3259 2553 ob
3303 2507 3432 2560 tua,

1894 2611 1927 2649 ο
1950 2595 2190 2656 Domine.
2229 2593 2466 2660 judicia;
2503 2592 2575 2644 ita
2604 2601 2662 2644 ut
2691 2605 2815 2643 mox
2845 2590 3191 2658 quaestionem
3223 2603 3437 2643 movere

1894 2687 2066 2739 ausim
2092 2685 2157 2738 de
2193 2683 2496 2752 promissis,
2526 2697 2646 2750 qua:
2675 2689 2732 2733 tu
2770 2679 2911 2734 Deus
2952 2679 3214 2733 mendacii
3243 2694 3437 2747 expers

1894 2774 2081 2828 Davidi
2115 2773 2344 2838 dedisti;
2377 2780 2432 2826 et
2462 2781 2640 2824 tamen
2671 2769 3152 2839 pollicitationibus
3175 2769 3282 2821 tuis
3309 2783 3439 2823 con-

1894 2865 2058 2918 traria
2104 2863 2432 2926 acciderunt,
2476 2861 2826 2930 quamobrem
2875 2859 3119 2912 dicturus
3161 2873 3303 2922 sum,
3340 2857 3439 2910 Ubi

1893 2965 2014 3008 sunt
2060 2953 2430 3007 misericordia:
2462 2961 2564 3004 tua:
2597 2951 2845 3019 antiquw,
2879 2949 3136 3003 Domine?
3165 2957 3440 3001 verumta-

1896 3062 2017 3100 men
2056 3054 2238 3098 certus
2268 3042 2680 3112 promissionem
2725 3051 2868 3093 tuam
2896 3054 3003 3092 non
3051 3040 3256 3092 irritam
3299 3039 3434 3101 fore,

1894 3150 2068 3205 neque
2108 3135 2370 3189 sermonis
2416 3132 2493 3184 tui
2535 3131 2812 3184 veritatem
2846 3131 3114 3196 lapsuram
3147 3142 3288 3190 esse,
3319 3145 3436 3183 scr-

1895 3239 2083 3279 mones
2113 3238 2250 3292 quos
2279 3239 2341 3277 ex
2376 3217 2605 3274 hu’mana
2639 3220 2945 3273 inﬁrmitate
2973 3219 3280 3287 prolaturus
3317 3234 3434 3271 sum

1894 3322 2252 3385 praeverteris,
2306 3313 2462 3366 ﬁdem
2518 3325 2688 3363 meam
2746 3316 2800 3362 et
2847 3309 3097 3376 pietatem
3159 3309 3438 3362 sententia:

1893 3421 2024 3460 meae
2064 3405 2216 3474 prius
2257 3401 2532 3472 proﬁteor,
2576 3415 2639 3452 ac
2673 3399 2816 3462 diro,
2855 3397 3244 3451 Misericordia:
3293 3407 3432 3460 tuas,

1894 3495 2131 3557 Domine,
2161 3495 2213 3546 in
2244 3503 2491 3545 rrternum
2521 3489 2762 3542 cantabo.
2794 3487 2910 3541 Non
2937 3492 3078 3542 enim
3124 3502 3268 3541 nunc
3295 3489 3438 3542 dun-

1893 3592 2062 3646 taxat,
2104 3599 2225 3637 cum
2274 3583 2384 3635 haec
2429 3582 2619 3650 loquor
2669 3587 2722 3635 et
2760 3579 2998 3649 profero,
3033 3575 3466 3632 misericordiasi

1893 3673 2105 3728 Domini
2131 3675 2380 3735 cantabo,
2411 3687 2596 3726 verum
2625 3673 2788 3725 etiam
2833 3671 2888 3724 in
2924 3670 3262 3724 tristioribus
3294 3679 3433 3724 tem-
3459 3687 3466 3693 '

1892 3765 2134 3835 poribus,
2166 3765 2218 3817 in
2254 3764 2387 3832 ipsis
2412 3762 2663 3816 videlicet
2690 3761 2849 3830 queis
2877 3762 3124 3815 dicturus
3153 3776 3295 3825 sum,
3338 3761 3436 3814 Ubi

1890 3865 2012 3909 sunt
2041 3853 2406 3908 misericordia:
2430 3862 2530 3906 tum
2561 3854 2808 3922 antiqutr,
2839 3852 3093 3904 Domine?
3120 3851 3274 3905 Tunc
3293 3852 3433 3906 enim

1891 3951 1944 3997 et
1976 3943 2121 3996 omni
2143 3942 2385 4010 sequenti
2419 3950 2678 4009 tempore,
2710 3942 2816 3994 imo
2846 3956 2940 4010 per
2963 3955 3122 3994 omne
3156 3944 3432 4005 saeculum,

1891 4046 1996 4085 non
2025 4031 2178 4085 linem
2203 4032 2391 4084 faciam
2420 4029 2723 4084 celebrandi
2754 4029 3312 4093 misericordiastuas,
3332 4031 3437 4084 Do-

1892 4122 2070 4175 mine:
2098 4121 2263 4188 probe
2289 4122 2464 4174 sciens
2491 4128 2562 4183 te,
2597 4119 2813 4188 quando
2841 4118 3005 4172 semel
3033 4133 3095 4172 ea
3125 4120 3179 4172 in
3204 4122 3433 4190 prophe-

1891 4211 1965 4262 tia
2011 4211 2199 4278 psalmi
2239 4210 2510 4278 pollicitus
2549 4224 2628 4271 es,
2676 4224 2783 4262 non
2827 4208 2975 4260 irrita
3029 4208 3118 4260 illa
3165 4209 3430 4263 facturum

1889 4315 2030 4366 esse,
2056 4308 2238 4368 utpote
2268 4299 2431 4353 Deum
2460 4313 2724 4352 veracem.
2753 4296 3111 4361 Quamobrem
3142 4313 3250 4350 non
3270 4300 3431 4354 modo

1893 4388 2290 4442 misericordias
2323 4399 2464 4449 tuas,
2500 4387 2744 4449 Domine,
2779 4388 2832 4439 in
2879 4394 3137 4439 aeternum
3177 4391 3432 4456 cantabo,

1893 4479 1985 4533 sed
2027 4481 2187 4533 etiam
2217 4479 2492 4532 veritatem
2539 4486 2686 4530 tuam
2732 4493 2828 4546 per
2862 4477 3104 4545 singulas
3134 4482 3438 4547 generatio-

1891 4584 1988 4622 nes
2011 4567 2361 4620 annuutiabo.
2397 4565 2512 4618 Etsi
2546 4565 2688 4617 enim
2727 4565 2902 4633 aliqua
2935 4565 3149 4618 interim
3177 4577 3436 4621 eventura

1892 4661 2021 4721 sint,
2054 4674 2171 4727 qua}
2196 4657 2304 4710 tuis
2335 4655 2516 4708 Davidi
2540 4655 2681 4709 datis
2713 4655 3190 4724 pollicitationibus
3219 4665 3436 4710 contra-

1891 4749 1974 4802 ria
2007 4748 2317 4811 videantur;
2369 4746 2720 4800 nihilominus
2763 4757 2938 4798 tamen
2972 4747 3136 4798 credo
3177 4760 3241 4799 ac
3279 4749 3437 4816 plane

1893 4853 2208 4908 persuasum
2242 4837 2371 4889 mihi
2417 4843 2519 4899 est,
2553 4851 2860 4890 sermonum
2905 4845 3140 4897 tuorum,
3187 4835 3434 4900 Domine.

1894 4925 2168 4978 veritatem
2201 4936 2476 4991 nunquam
2507 4937 2628 4976 esse
2666 4923 2957 4992 lapsuram.
2985 4919 3113 4973 Ideo
3143 4937 3238 4988 per
3267 4931 3438 4977 totum

1893 5014 2014 5068 vitae
2062 5023 2192 5067 mea:
2235 5022 2443 5080 tempus
2492 5027 2599 5065 non
2649 5015 2806 5066 linem
2856 5009 3048 5062 faciam
3083 5013 3442 5065 annuntiandi

1895 5103 2175 5155 veritatem
2204 5110 2346 5155 tuam
2395 5103 2449 5153 in
2497 5117 2590 5155 ore
2632 5117 2770 5155 meo.
2807 5098 3003 5151 Verum
3039 5099 3204 5149 etiam
3243 5101 3446 5167 scripto

1896 5191 2264 5260 consignatam
2317 5192 2461 5242 illam
2498 5193 2726 5258 posteris
2774 5186 2986 5241 tradam
3015 5203 3031 5239 ι
3057 5193 3120 5237 ut
3162 5185 3268 5252 ipsi
3314 5202 3453 5254 quo-

1895 5298 2020 5352 que,
2051 5280 2270 5351 perinde
2300 5288 2458 5348 atque
2484 5295 2604 5348 ego,
2655 5282 2994 5334 edoceantur
3027 5281 3080 5327 et
3109 5273 3331 5326 discant
3364 5291 3460 5343 per

1897 5372 2134 5443 singulas
2155 5371 2528 5441 generationes
2559 5373 2850 5426 veritatem
2887 5373 3038 5418 tuam
3064 5363 3124 5417 in
3151 5375 3250 5415 ore
3279 5361 3426 5417 forte
3451 5399 3470 5428 ,
