3848 6380
253 628 402 700 m7:

1449 627 1943 683 COMMENTABIA
1983 628 2047 680 IN
2086 623 2422 680 PSALMOS.

3318 633 3454 678 10'”

248 743 372 811 γὰρ
393 741 508 808 τὴν
539 741 820 808 ἀλήθειάν
844 760 956 797 σου
979 745 1037 798 ἐν
1079 743 1394 810 Ἐκκλησία
1412 744 1610 812 ἁγίων.
1630 742 1806 811 Σαφῶς

1923 741 2158 796 Ecclesia
2183 747 2504 794 sanctorum.
2540 735 2662 788 Haec
2691 749 2756 789 ex
2787 746 3013 803 persona
3039 730 3134 787 Dei
3173 733 3452 789 manifeste

243 829 435 882 ταῦτα
476 830 540 881 ὲκ
575 829 862 900 προσώπου
898 832 990 884 τοῦ
1024 830 1155 882 Οεοῦ
1186 828 1424 900 simi-at“
1463 830 1649 899 διόπερ
1671 831 1816 881 δοκεῖ

245 935 349 986 μοι
402 920 555 988 παρὰ
593 920 704 980 τοῖς
743 918 1136 987 Ἑϐδομήκοντα
1176 917 1425 987 ἀνωτέρω
1451 915 1694 986 εἰρῆσθαι
1721 915 1810 968 τό·

243 1009 389 1058 "Ott.
420 1003 624 1070 εἶπαςο
659 1009 760 1071 Εἰς
805 1007 911 1058 τὸν
947 1006 1126 1060 αἰῶνα
1154 1007 1322 1070 ἕλεος
1365 1004 1815 1073 οἰκοδομηθήσε-

237 1113 369 1159 ται,
406 1097 480 1148 ἐν
516 1096 640 1161 τοῖς
671 1096 944 1163 οὐρανοῖς
982 1095 1466 1163 ἐτοιμασθήσεται
1499 1096 1535 1160 ἠ
1570 1093 1816 1161 ἀλήθειά

237 1191 370 1239 σου
391 1203 406 1215 ·
447 1182 529 1248 οἷς
562 1187 888 1254 ὲπισυνῆπτε
932 1185 1020 1236 τό·
1073 1183 1348 1250 Διεθέμην
1381 1180 1665 1248 διαθήκην
1694 1180 1816 1245 τοῖς

235 1273 564 1338 ἐκλεκτοῖς
594 1291 742 1342 μου·
781 1275 866 1326 ἵνα
907 1273 1024 1326 καθ’
1056 1272 1356 1342 ὐπερὸατὸν
1378 1272 1460 1341 εἴη
1492 1270 1660 1333 οὕτως
1681 1270 1814 1341 ἔχων

235 1363 265 1414 6
296 1361 438 1424 νοῦς
469 1361 573 1413 τῶν
611 1361 1010 1432 προκειμένων·
1053 1359 1266 1429 Ἐπειδὴ
1312 1359 1374 1411 σὺ
1415 1359 1594 1420 αὐτὸς,
1627 1352 1671 1410 ὧ
1700 1357 1811 1410 Κύ-

239 1467 358 1520 ριε,
389 1453 452 1501 ὲν
488 1453 605 1512 ταῖς
651 1452 775 1520 περὶ
814 1451 905 1503 τοῦ
941 1449 1097 1502 Δαυῒδ
1125 1450 1474 1516 ἐπαγγελίαις
1501 1445 1683 1511 εἷπας’
1721 1450 1812 1510 Εἰς

233 1543 338 1594 τὸν
372 1541 550 1594 αἰῶνα
581 1542 644 1593 τὸ
670 1541 811 1603 ἔλεός
840 1557 938 1609 μου
965 1539 1026 1591 τὸ
1053 1540 1187 1609 πρὸς
1224 1540 1312 1591 τὸν
1344 1539 1522 1602 Δαυῖδ,
1547 1539 1580 1610 ἢ
1623 1539 1714 1592 καὶ
1754 1539 1812 1590 τὸ

234 1633 325 1694 εἰς
366 1632 582 1693 πάντας
616 1629 928 1700 ἀνθρώπους
960 1627 1466 1698 οίκοδομηθήσεταιο
1511 1630 1604 1681 καὶ
1645 1647 1811 1700 προσ-

234 1720 462 1790 έθηκας
508 1720 709 1786 λέγων·
740 1718 1015 1787 Διεθέμην
1035 1716 1326 1782 διαθήκην
1365 1718 1487 1783 τοῖς
1517 1718 1814 1783 ἐκλεκτοῖς

231 1825 388 1875 μου,
439 1807 560 1876 ἦτοι
607 1806 870 1875 ἐπιλέκτῳ
914 1823 1035 1875 μου,
1079 1807 1201 1858 καί’
1252 1809 1473 1874 ’ῼμοσα
1515 1804 1692 1858 Δαυῖδ
1734 1805 1812 1870 τῷ

233 1899 456 1959 δούλῳ
495 1913 637 1964 μου,
685 1897 775 1947 καὶ
820 1895 887 1948 τὰ
935 1894 1136 1958 τούτοις
1166 1893 1455 1948 ἀκόλουθα*
1495 1893 1810 1962 πέπεισμαι,

234 1989 330 2040 ὅτι
365 1985 571 2038 οὔποτε
601 1983 1073 2054 διαψευσθήσονταί
1101 2001 1192 2036 σου
1233 1985 1290 2037 αί
1323 1983 1658 2051 ἐπαγγελίαι,
1720 1983 1814 2052 μέ-

1919 832 2061 884 dicta
2115 841 2244 885 sunt
2276 847 2288 881 :
2325 843 2387 883 ac
2417 827 2632 880 videtur
2677 824 2806 878 mihi
2860 823 2980 876 ideo
3011 824 3152 892 apud
3183 823 3321 876 LXX
3363 841 3448 878 su—

1918 921 2098 989 perius
2144 921 2347 974 dictum
2401 917 2569 971 fuisse
2593 957 2607 981 ,
2648 915 2906 981 Quoniam
2938 913 3118 966 dixisti
3147 928 3165 966 :
3195 912 3260 966 In
3305 923 3452 966 aster-

1918 1027 2040 1063 num
2069 1007 2425 1062 misericordia
2452 1005 2816 1074 aediﬁcabitur,
2835 1005 2887 1056 in
2913 1004 3052 1056 caelis
3075 1003 3454 1071 prwparabitur

1915 1101 2104 1152 veritas
2129 1098 2460 1166 tua;quibus
2489 1095 2601 1149 haec
2622 1094 2997 1154 subdiderunt,
3017 1091 3260 1158 Disposui
3291 1100 3450 1144 testa-

1917 1197 2144 1240 mentum
2178 1187 2351 1241 electis
2393 1186 2553 1246 meis;
2591 1193 2648 1238 ut
2678 1198 2771 1251 per
2802 1182 3132 1251 hyperbaton
3161 1180 3289 1233 dicti
3333 1193 3455 1232 sen-

1916 1277 2083 1330 tentia
2136 1278 2214 1332 sic
2258 1275 2627 1345 exprimatur:
2657 1271 2917 1337 Quoniam
2948 1278 3004 1323 tu
3048 1270 3182 1338 ipse,
3211 1267 3453 1330 Domine,

1915 1367 1970 1418 in
2000 1364 2450 1433 promissionibus
2474 1362 2689 1415 Davidis
2715 1360 2897 1414 dixisti
2933 1379 2948 1412 :
2979 1361 3035 1412 lu
3067 1369 3324 1411 aeternum
3358 1358 3456 1409 mi-

1917 1453 2210 1510 sericordia
2241 1468 2358 1507 mea
2390 1467 2517 1521 erga
2551 1451 2823 1511 Davidem,
2851 1449 2965 1504 sive
2993 1463 3117 1516 erga
3143 1461 3330 1500 omnes
3361 1450 3454 1499 lio-

1915 1546 2089 1598 mines
2154 1542 2542 1606 tediﬁeabitur;
2601 1549 2652 1593 et
2702 1541 2814 1593 haec
2869 1538 3145 1607 adjecisti,
3208 1537 3455 1604 Disposui

1916 1641 2278 1687 testamentum
2323 1633 2496 1684 electis
2538 1631 2686 1693 meis,
2719 1630 2944 1692 scilicet,
2977 1629 3147 1682 electo
3188 1643 3328 1690 meo,
3379 1634 3450 1690 et,

1913 1723 2100 1776 Juravi
2134 1722 2297 1775 David
2327 1739 2468 1775 servo
2496 1738 2625 1784 meo,
2657 1729 2710 1774 et
2742 1730 2965 1774 caetera:
2989 1732 3305 1787 persuasum
3328 1718 3452 1770 mihi

1913 1821 1998 1868 est
2034 1813 2299 1881 prrmissa
2357 1819 2448 1863 tua
2493 1823 2766 1878 nunquam
2827 1809 2983 1861 irrita
3017 1807 3150 1870 fore,
3181 1807 3275 1860 sed
3329 1821 3452 1860 vera

1915 1903 2176 1970 ﬁrmaque
2208 1913 2462 1953 mansura
2497 1915 2659 1961 esse;
2693 1897 2784 1952 sed
2838 1912 2946 1950 non
2993 1897 3090 1958 ita,
3127 1904 3184 1948 ut
3212 1897 3266 1949 in
3313 1905 3451 1949 terra

1915 1989 2212 2042 consistant
2244 2007 2257 2041 :
2289 2002 2462 2056 neque
2504 1987 2648 2040 enim
2679 1995 2891 2039 terrena
2938 1994 2992 2038 et
3043 1986 3263 2039 sensilia
3307 1994 3450 2049 sunt,

236 2091 405 2127 νουσι
428 2075 488 2126 δὲ
532 2073 750 2143 ἀληθείς
779 2073 870 2125 καὶ
901 2073 1250 2126 ἀδιάπτωτον
1283 2072 1394 2124 ἀλλ’
1427 2073 1524 2140 οὐχ
1556 2071 1691 2124 ὥστε
1724 2073 1806 2125 ἐπὶ

1913 2091 2086 2146 neque
2113 2076 2323 2130 venalia
2377 2085 2430 2129 et
2476 2075 2626 2129 brevi
2681 2082 2921 2141 tempore
2964 2075 3245 2135 duratura,
3275 2075 3450 2142 qualis

235 2164 345 2233 τῆς
390 2165 499 2231 γῆς
543 2162 882 2214 συνίστασθαι
921 2163 1117 2224 αὐτάς·
1164 2161 1415 2233 οὐδὲγὰρ
1459 2163 1686 2228 ἐπίγειοι
1723 2163 1816 2216 καὶ

233 2252 537 2320 αἰσθηταὶ,
570 2251 687 2303 οὐδὲ
727 2251 927 2320 ὠνηταὶ
960 2251 1052 2303 καὶ
1075 2251 1417 2321 ὀλιγοχρόνιοι
1445 2253 1812 2320 τυγχάνουσιν,

231 2339 359 2404 οἷός
399 2345 554 2394 ἐστιν
584 2343 614 2393 6
644 2339 751 2392 τῶν
782 2339 1076 2411 ἀνθρώπων
1112 2341 1241 2409 βίος,
1285 2341 1397 2393 ἀλλ’
1429 2343 1680 2395 ἀθάνατοι
1725 2343 1816 2394 καὶ

230 2432 463 2487 αίὼνιοι
490 2431 583 2483 καὶ
615 2433 679 2500 τῇ
709 2433 772 2500 σῇ
802 2429 1013 2499 θεότητι
1046 2432 1575 2503 πρέπουσαι.Διόπερ
1599 2433 1697 2485 οὐκ
1723 2433 1814 2484 ἐπὶ

229 2523 344 2591 τῆς
375 2522 505 2590 γῆς,
537 2521 650 2572 ἀλλ’
679 2523 736 2571 ὲν
766 2523 875 2582 τοῖς
902 2521 1145 2591 οὐρανοῖς
1169 2524 1614 2592 ὲτοιμασθήσεται
1633 2525 1665 2592 ἡ
1687 2521 1815 2589 ἁλή-

230 2611 371 2663 θεια.
428 2608 538 2662 τῶν
589 2608 696 2660 σῶν
743 2609 876 2679 πρὸς
907 2610 998 2661 τὸν
1026 2610 1183 2662 Δαυῒδ
1215 2611 1565 2678 ἐπαγγελιῶν.
1584 2612 1725 2663 Ἀντὶ
1757 2610 1812 2663 δὲ

227 2697 336 2750 τοῦ
363 2714 378 2726 ·
422 2695 710 2763 Διεθέμην
751 2694 1034 2762 διαθήκην
1076 2696 1197 2761 τοῖς
1245 2699 1541 2763 ἐκλεκτοῖς
1579 2715 1716 2766 μου,
1763 2701 1811 2752 οί

229 2785 428 2840 λοιποὶ
470 2786 668 2846 πάντες
705 2785 1055 2854 ἑρμηνευταί·
1089 2785 1171 2850 Τῷ
1198 2787 1485 2853 ἐπιλέκτῳ
1502 2805 1638 2855 μου,
1664 2789 1811 2858 εἰρή-

229 2894 400 2930 κασι.
433 2876 546 2927 Καὶ
590 2873 788 2943 μᾶλλον
822 2875 1044 2943 ἁρμόζει
1077 2878 1141 2944 τῇ
1172 2875 1374 2950 διανοίᾳ
1406 2879 1437 2947 ἡ
1464 2877 1682 2946 τοιαύτη
1725 2877 1812 2928 ἐκ·

227 2964 395 3026 δοσις
417 2980 432 2992 ο
463 2961 586 3014 οὐδὲ
607 2961 714 3032 γὰρ
735 2962 860 3032 περὶ
890 2962 1090 3014 πολλῶν
1117 2965 1260 3020 ἐστιν
1287 2966 1316 3016 6
1338 2964 1507 3031 λόγος,
1531 2965 1661 3018 ἀλλὰ
1687 2965 1812 3034 περὶ

232 3056 416 3125 μόνου
463 3054 558 3104 τοῦ
599 3052 789 3105 Δαυῒδ·
833 3052 976 3121 αὐτῷ
1014 3053 1140 3123 γὰρ,
1172 3056 1322 3122 φησὶ,
1353 3056 1444 3107 καὶ
1476 3055 1679 3124 ὤμοσα,
1715 3056 1810 3107 ἅτε

227 3143 422 3211 δούλῳ
444 3158 550 3211 μου
572 3141 684 3192 ὄντι
704 3142 796 3193 καὶ
815 3141 1076 3212 ὲπιλέκτῳ
1098 3160 1216 3211 μου.
1236 3145 1307 3196 Ού
1328 3145 1432 3215 γὰρ
1451 3145 1606 3216 ἤρκει
1627 3146 1810 3212 ἁπλῶς

227 3237 533 3292 διαθέσθαι
563 3236 708 3304 αὐτῷ
732 3235 1010 3306 διαθήκην,
1044 3236 1227 3306 ὥσπερ
1264 3238 1513 3308 διεθέμην
1548 3239 1624 3307 τῷ
1663 3237 1806 3302 Νῶε,

1914 2165 2188 2219 hominum
2221 2165 2328 2218 vita
2361 2172 2481 2228 est;
2525 2163 2620 2217 sed
2653 2162 2995 2225 immortalia,
3030 2170 3228 2215 mterna
3256 2171 3309 2215 et
3340 2163 3435 2216 dei-

1913 2255 2009 2306 tati
2034 2261 2136 2307 tum
2161 2254 2532 2324 congruentia.
2567 2251 2904 2320 Quapropter
2936 2266 3041 2303 non
3076 2252 3317 2315 interra,
3357 2252 3449 2304 sed

1913 2344 1967 2397 in
2016 2345 2170 2398 caelis
2211 2345 2601 2413 praiparabitur
2628 2341 2829 2397 veritas
2878 2357 3064 2394 eorum
3114 2356 3234 2412 qua
3259 2341 3446 2394 Davidi

1910 2433 2183 2501 pollicitus
2214 2447 2293 2487 es.
2325 2433 2430 2486 Pro
2459 2433 2552 2486 illo
2581 2440 2778 2496 autem,
2814 2432 3058 2498 Disposui
3088 2438 3446 2486 testamentum

1909 2523 2080 2575 electis
2115 2524 2260 2586 mcis,
2293 2521 2488 2591 reliqui
2520 2537 2708 2576 omnes
2750 2523 3092 2590 interpretes,
3117 2520 3291 2573 Electa
3317 2535 3448 2582 mea,

1909 2609 2179 2664 dixerunt.
2217 2609 2347 2674 Quae
2397 2625 2526 2666 sane
2585 2611 2952 2679 interpretatio
2982 2623 3120 2663 verae
3169 2609 3447 2661 sententi?

1911 2699 2084 2768 magis
2105 2699 2388 2768 congruit:
2419 2715 2526 2752 non
2557 2700 2699 2753 enim
2731 2699 2796 2752 de
2819 2685 3001 2752 multis
3033 2697 3446 2758 sermoest,sed

1909 2785 1975 2839 de
2002 2801 2108 2838 uno
2147 2783 2379 2851 Davide;
2413 2787 2514 2855 ipsi
2562 2787 2759 2856 quippe
2807 2786 3003 2854 juravi,
3038 2787 3230 2854 inquit,
3270 2794 3447 2854 utpote

1911 2892 2066 2931 servo
2107 2891 2228 2930 meo
2275 2887 2328 2930 et
2357 2877 2526 2931 electo
2575 2892 2714 2929 meo.
2762 2874 2947 2944 Neque
2989 2877 3132 2930 enim
3173 2878 3304 2930 satis
3331 2883 3444 2930 erat

1909 2964 2008 3032 ipsi
2045 2974 2420 3020 testamentum
2448 2966 2753 3033 disponere,
2779 2967 2920 3019 sicut
2945 2964 3076 3029 Noe,
3111 2975 3294 3033 postea
3321 2979 3446 3019 vero

1909 3053 2234 3116 Abrabamo,
2264 3055 2560 3122 deiudeque
2609 3055 2732 3109 [iliis
2784 3053 2946 3108 Israel
2998 3055 3052 3106 in
3096 3055 3312 3108 deserto
3354 3070 3447 3123 per

1907 3141 2140 3212 Moysem
2171 3143 2410 3211 disposui
2439 3162 2452 3196 :
2481 3159 2603 3196 nam
2637 3158 2757 3195 cum
2786 3143 2852 3197 iis
2881 3144 2998 3198 sine
3023 3145 3359 3212 juramento;
3394 3152 3448 3196 at

1908 3246 2030 3285 cum
2075 3232 2266 3292 electo,
2304 3248 2457 3287 servo
2488 3241 2540 3286 et
2573 3233 2774 3285 famulo
2805 3248 2922 3286 meo
2960 3232 3177 3309 Davide,
3205 3233 3445 3286 adhibito

229 3331 335 3383 καὶ
373 3328 519 3398 μετὰ
547 3327 719 3379 ταῦτα
748 3326 824 3396 τῷ
858 3327 1120 3396 Ἀϐραὰμ,
1151 3327 1243 3379 καὶ
1284 3328 1438 3380 πάλιν
1467 3330 1579 3398 μετ’
1608 3331 1806 3382 ἐκεῖνον

1907 3320 2274 3389 jurejurando,
2296 3321 2469 3374 fmdus
2490 3330 2543 3374 et
2567 3327 2940 3374 testamentum
2976 3320 3283 3374 iniiJuravi
3294 3321 3446 3374 enim

224 3421 353 3482 τοῖς
373 3387 522 3478 ὐίοῖς
560 3416 774 3486 Ἰσραὴλ
795 3387 894 3468 ἐπὶ
924 3387 1021 3484 cii;
1046 3387 1248 3485 μου
1270 3416 1354 3468 διὰ
1377 3387 1635 3479 Μωσέωςο
1669 3418 1806 3469 ὲκεί-

1909 3409 2010 3478 ipsi
2065 3407 2300 3462 futurum
2332 3425 2452 3463 esse
2488 3420 2545 3462 ut
2573 3425 2750 3462 semen
2791 3410 2908 3477 ejus
2933 3411 3263 3464 inatternum
3304 3425 3443 3478 prae-

227 3525 355 3570 νοις
405 3505 519 3576 γὰρ
559 3505 682 3573 δίχα
712 3503 1076 3574 ὁρκωμοσίας-ο
1105 3503 1179 3572 τῷ
1209 3504 1252 3556 δ’
1285 3505 1548 3576 ὲπιλέκτῳ
1584 3524 1682 3576 μου
1715 3508 1806 3559 καὶ

222 3599 313 3668 τῷ
371 3594 498 3666 ἐμῷ
545 3595 833 3667 θεράποντι
878 3594 970 3646 καὶ
1020 3593 1185 3663 δούλῳ
1210 3594 1368 3646 Δαυῖδ
1395 3595 1641 3666 διεθέμην
1674 3596 1808 3665 μετὰ

222 3691 410 3760 ὅρκου
448 3684 843 3754 παραλήψεως·
881 3682 1066 3752 ὤμοσα
1105 3684 1213 3754 γὰρ
1254 3684 1397 3754 αύτῴ
1425 3686 1669 3757 περὶτοῦ
1701 3687 1806 3739 δεῖν

219 3777 292 3830 τὸ
352 3774 582 3843 σπέρμα
628 3771 788 3824 αὑτοῦ
838 3775 915 3834 εἰς
942 3773 1030 3824 τὸν
1071 3773 1241 3826 αἰῶνα
1270 3774 1572 3844 ἑτοιμάσειν
1603 3776 1804 3829 καὶτὸν

222 3866 434 3939 θρόνον
468 3862 633 3915 αὑτοῦ
660 3863 1047 3932 οἰκοδομήσειν,
1082 3865 1174 3917 καὶ
1203 3867 1301 3919 ούκ
1337 3869 1414 3930 εὶς
1443 3867 1566 3936 μίαν
1595 3867 1804 3934 γενεὰν,

220 3953 350 4005 ἀλλ’
388 3953 474 4012 εἰς
520 3948 712 4016 γενεὰν
756 3950 848 4002 καὶ
871 3951 1077 4017 γενεάν.
1106 3953 1237 4023 Περὶ
1262 3954 1316 4005 δὲ
1341 3954 1432 4006 τοῦ
1465 3954 1688 4024 ὀμνύναι
1715 3956 1803 4008 τὸν

219 4043 394 4104 Θεὸν,
425 4042 455 4092 6
484 4039 627 4108 ἱερὸς
642 4039 959 4101 Ἀπόστολος
987 4041 1041 4090 ὲν
1070 4043 1132 4110 τῇ
1151 4041 1284 4112 πρὸς
1317 4043 1590 4114 Ἐϐραίους
1612 4045 1798 4114 φησίν·

222 4132 366 4185 Ἵνα
390 4129 494 4182 διὰ
525 4128 634 4180 δύο
672 4128 1019 4197 πραγμάτων
1046 4131 1425 4198 ἀμεταθέτων,
1463 4134 1531 4185 ἐν
1561 4129 1650 4196 οἷς
1671 4133 1806 4186 ἀδύ-

217 4237 428 4276 νατον
451 4219 797 4286 ψεύσασθαι
828 4219 930 4270 τὸν
965 4220 1128 4284 Θεὸν,
1155 4223 1404 4289 ἰσχυρὰν
1427 4223 1804 4290 παράκλησιν

215 4313 497 4381 ἔχωμεν.
531 4308 668 4360 Κατ’
701 4309 945 4360 ἐπίτασιν
979 4309 1086 4380 γὰρ
1117 4311 1355 4378 μείζονος
1380 4311 1803 4376 διαϐεϐαιώσεως

217 4400 330 4453 καὶ
362 4400 534 4469 ὅρκος
567 4395 930 4465 παρείληπται
963 4397 1040 4465 τῷ
1067 4397 1203 4466 Θεῷ.
1242 4399 1394 4450 Κατὰ
1421 4403 1562 4464 τίνος
1592 4401 1647 4453 δὲ
1666 4403 1694 4452 6
1715 4403 1804 4472 ὅρ-

217 4507 330 4553 κος
365 4488 502 4555 ἑξῆς
545 4485 745 4556 προῖὼν
776 4484 1010 4537 διδάσκει
1038 4485 1237 4552 λέγων·
1282 4487 1464 4552 "Aecae
1497 4489 1698 4557 ὤμοσα
1735 4491 1803 4542 ἐν

214 4579 314 4646 τῷ
333 4577 487 4646 ἁγίῳ
505 4573 826 4641 μου.Ἔνθα
855 4575 945 4626 καὶ
972 4576 1299 4644 ἐπιστήσεις,
1326 4577 1408 4638 τίς
1432 4596 1558 4630 ποτε
1581 4580 1685 4648 ἄρα
1710 4573 1800 4632 οὗ·

213 4685 325 4729 τος
362 4663 433 4737 ἦν
469 4667 498 4716 6
542 4662 696 4729 ἅγιος
741 4661 833 4713 τοῦ
877 4662 1028 4725 Θεοῦ,
1063 4663 1180 4716 καθ’
1205 4659 1264 4716 οὗ
1298 4665 1517 4735 ὄμνυσιν
1560 4669 1633 4730 ὡς
1663 4671 1800 4723 κατὰ

215 4755 366 4809 Υἱοῦ
389 4751 737 4824 μονογενοῦς,
762 4753 840 4812 εἰς
863 4752 924 4803 τὸ
947 4751 1002 4815 ἐξ
1021 4752 1252 4817 ἅπαντος
1271 4755 1336 4806 τὰ
1359 4756 1453 4824 τῆς
1474 4758 1796 4826 ἐπαγγελίας

215 4843 630 4916 κρατυνθηῖψαι.
665 4839 767 4890 Τὸν
818 4841 914 4908 μὲν
963 4835 1051 4892 οὖν
1097 4839 1246 4907 ἅγιον
1283 4842 1584 4912 ὡμολόγουν
1629 4847 1719 4899 καὶ
1747 4849 1796 4899 οἰ

211 4937 490 5006 δαίμονες
517 4934 575 4983 ἐν
607 4932 718 4992 τοῖς
747 4927 1111 4996 Εὐαγγελίοις,
1132 4929 1219 4980 ὅτε
1250 4933 1322 5000 μὴ
1353 4932 1601 5000 φέροντες
1633 4935 1794 4986 αὐτοῦ

213 5027 333 5096 τὴν
363 5025 550 5077 ἔνθεον
579 5020 803 5089 δύναμιν
828 5019 1145 5087 κολαστικὴν
1166 5016 1326 5073 οὖσαν
1347 5022 1520 5074 αὐτῶν
1567 5025 1658 5074 καὶ
1695 5027 1795 5076 ἀπ-

209 5112 550 5181 ελαστικὴν,
585 5108 751 5160 ἐϐόων
797 5109 1068 5174 λέγοντες·
1125 5109 1262 5170 Ἔα,
1302 5111 1356 5162 τί
1381 5110 1520 5177 ἡμῖν
1541 5111 1637 5163 καὶ
1676 5113 1794 5174 σοὶ,

225 5203 442 5269 Ἰησοῦ
487 5197 824 5265 Ναζαρῆνε;
856 5195 1108 5263 Οἴδαμέν
1131 5213 1204 5250 σε
1226 5200 1315 5263 τίς
1346 5197 1416 5260 εἷ,
1443 5203 1475 5252 ὁ
1500 5199 1662 5266 ἅγιος
1693 5203 1795 5256 τοῦ

207 5293 408 5349 Θεοῦ.
438 5289 599 5344 Κατὰ
637 5288 823 5339 τούτου
860 5287 1035 5339 τοίνυν
1067 5287 1232 5354 ὀμνὺς
1261 5292 1288 5340 6
1319 5290 1466 5352 Θεὸς,
1500 5287 1586 5340 οἷα
1618 5291 1796 5362 πατὴρ

205 5379 377 5435 κατὰ
415 5374 736 5446 μονογενοῦς
778 5375 866 5426 καὶ
905 5373 1182 5439 ἀγαπητοῦ
1231 5376 1366 5438 uio-3,
1401 5375 1478 5444 τῷ
1503 5376 1659 5427 Δαυῖδ
1701 5377 1796 5448 τὴν

198 5469 569 5536 ἐπαγγελίαν
628 5466 878 5516 ἐποιεῖτο·
905 5465 969 5513 Ὃ
1029 5460 1090 5528 δὴ
1151 5465 1245 5515 καὶ
1296 5466 1528 5519 διδάσκει
1586 5464 1754 5532 λέγων
1780 5486 1791 5498 .

204 5563 290 5614 ’Ἀ
303 5557 427 5620 παξ
453 5556 658 5627 ὤμοσα
681 5555 743 5604 ἐν
778 5551 855 5615 τῷ
881 5549 1023 5616 ἁγίῳ
1049 5566 1188 5614 μου,
1221 5558 1272 5606 εί
1318 5555 1395 5620 τῷ
1437 5553 1616 5607 Δαυῖδ
1646 5558 1791 5620 ψεύ-

197 5663 439 5714 σομαι.
468 5643 652 5711 Ζητῶν
687 5641 743 5692 δὲ
785 5638 905 5706 παρ’
929 5636 1144 5703 ἐμαυτῷ
1171 5641 1270 5708 τὴν
1301 5645 1491 5704 αἰτίαν,
1523 5642 1587 5692 δι’
1609 5643 1672 5712 ἥν
1703 5647 1794 5698 ού-

195 5735 344 5791 δενὶ
370 5732 469 5800 μὲν
492 5729 634 5796 ἄλλῳ
664 5727 765 5779 τῶν
796 5725 982 5790 ἁγίων,
1009 5724 1155 5791 μόνῳ
1183 5726 1239 5779 δὲ
1269 5731 1343 5799 τῷ
1361 5729 1520 5784 AaM-0»
1544 5729 1605 5780 δια
1624 5732 1789 5800 ὅρκου

308 5887 356 5916 ¹⁸
397 5884 535 5938 llcbt‘
588 5898 655 5942 γι,
699 5880 772 5932 18.
849 5875 888 5904 ¹⁶
924 5869 1052 5923 Luc.
1091 5887 1167 5936 IV.
1206 5877 1291 5934 δέ.

1907 3504 2148 3565 paretur,
2173 3504 2224 3550 et
2242 3499 2466 3550 thronus
2497 3498 2614 3565 ejus
2630 3498 2940 3562 aediﬁcetur,
2962 3515 3068 3552 non
3091 3499 3144 3552 in
3161 3513 3321 3552 unam
3354 3513 3445 3568 5e-

1907 3584 2262 3649 nerationem,
2304 3582 2396 3638 scd
2420 3585 2471 3636 in
2505 3585 2901 3663 generationem
2933 3593 2985 3638 et
3018 3584 3440 3653 generationem.

1904 3670 2013 3725 Cur
2045 3680 2222 3725 autem
2259 3671 2396 3726 Deus
2420 3672 2700 3740 juraverit,
2733 3672 2788 3726 S.
2815 3673 3101 3742 Apostolus
3125 3675 3182 3728 in
3209 3673 3444 3746 Epistula

1905 3762 1972 3815 ad
2004 3760 2256 3815 Hebraeos
2279 3763 2596 3816 testiﬁcatur
2621 3782 2634 3817 :
2664 3761 2730 3816 Ut
2757 3779 2845 3832 per
2865 3763 2998 3816 duas
3032 3780 3112 3816 res
3137 3765 3443 3828 immobiles,

1903 3853 2085 3923 quibus
2125 3852 2440 3920 impossibile
2491 3862 2567 3906 est
2609 3855 2817 3907 mentiri
2854 3853 3052 3916 Deum,
3098 3855 3445 3921 fortissima-nt

1903 3944 2151 4005 solatium
2189 3942 2469 3996 habeamus
2493 3944 2555 3997 ’⁸.
2581 3943 2712 3997 Nam
2742 3945 2813 3997 ad
2837 3945 3204 3999 accessionem
3224 3946 3444 4014 majoris

1903 4030 2238 4085 certitudiuis
2253 4030 2763 4099 Deusjuramentum
2779 4033 3037 4086 adhibuit.
3058 4033 3159 4088 Per
3175 4051 3330 4103 quem
3347 4050 3415 4087 an

1903 4129 2006 4175 tem
2025 4123 2370 4190 juraverit,in
2390 4124 2737 4192 sequentibus
2755 4124 2912 4177 docet
2931 4124 3014 4177 bis
3035 4125 3213 4178 verbis
3233 4145 3245 4178 :
3272 4125 3442 4180 Semel

1894 4213 2074 4280 juravi
2123 4216 2176 4267 in
2228 4225 2407 4268 sancto
2464 4232 2594 4269 meo.
2644 4214 2741 4268 Ubi
2795 4215 3094 4284 perpendas
3125 4217 3216 4284 qui
3257 4218 3326 4270 sit
3356 4218 3440 4286 ille

1903 4317 2126 4360 sanctus
2155 4305 2269 4368 Dei,
2294 4321 2389 4374 per
2419 4322 2577 4375 quem
2599 4306 2752 4374 quasi
2774 4322 2866 4374 per
2883 4305 3077 4358 Filium
3105 4308 3438 4375 unigenitum

1899 4392 2078 4459 jurat,
2121 4395 2188 4446 ad
2243 4394 2658 4460 promissionem
2719 4393 2938 4445 omnino
2991 4393 3437 4448 conﬁrmandam.

1906 4484 2046 4538 Sane
2077 4501 2203 4538 vero
2245 4492 2490 4537 sanctum
2527 4485 2674 4536 illum
2703 4486 2783 4537 vel
2814 4485 3082 4538 daemones
3110 4485 3162 4537 in
3200 4484 3437 4554 Evange-

1903 4575 1989 4629 liis
2005 4575 2238 4628 conl’essi
2263 4582 2409 4630 sunt.
2435 4589 2556 4626 cum
2586 4574 2956 4642 disinam'ejus
2985 4583 3436 4643 potestatem,qua

1902 4680 1960 4718 se
2003 4665 2260 4732 puniebat
2303 4671 2357 4716 et
2394 4663 2642 4730 ejiciebat
2672 4680 2777 4717 non
2807 4664 3059 4729 ferentes,
3097 4666 3208 4719 hare
3240 4667 3439 4718 clama-

1903 4753 2031 4805 bant
2062 4773 2072 4805 :
2113 4751 2254 4814 Siue,
2273 4752 2396 4820 quid
2422 4752 2567 4805 nobis
2599 4763 2646 4806 et
2671 4753 2785 4816 tibi,
2815 4753 2944 4808 Jesu
2984 4754 3296 4810 Nazarene?
3325 4753 3439 4809 Νο-

1899 4846 2058 4896 uimus
2094 4854 2140 4897 te
2163 4847 2275 4914 quis
2303 4845 2396 4910 sis,
2417 4855 2627 4899 sanctus
2648 4845 2744 4899 Dei
2769 4846 2828 4898 ¹⁶.
2849 4847 2950 4900 Per
2979 4847 3120 4900 hunc
3151 4846 3329 4914 itaque
3347 4847 3438 4914 ju-

1901 4949 2030 4989 rans
2058 4933 2218 5000 Deus,
2253 4944 2309 4988 ut
2343 4945 2492 5004 pater
2510 4951 2608 5003 per
2630 4937 2964 5006 unigenitum
2993 4945 3046 4990 et
3083 4937 3335 4990 dilectum
3375 4936 3438 4988 η-

1900 5024 2051 5087 lium,
2096 5023 2278 5076 Davidi
2337 5023 2749 5091 promissionem
2785 5024 2966 5079 dabat.
3017 5023 3167 5089 Quod
3216 5023 3331 5092 ipse
3365 5024 3436 5076 ita

1899 5113 2053 5166 docet
2076 5132 2090 5166 :
2118 5112 2286 5166 Semel
2297 5113 2476 5180 juran
2502 5114 2553 5164 in
2571 5125 2752 5166 sancto
2775 5131 2906 5178 meo,
2934 5117 2978 5168 si
3003 5114 3170 5167 Dauid
3192 5116 3432 5168 mentiar.

1893 5205 2026 5280 Cum
2072 5212 2249 5258 autem
2283 5219 2488 5256 mecum
2527 5219 2840 5272 quaererem,
2864 5219 2962 5257 cur.
2991 5205 3193 5258 nemini
3227 5212 3438 5258 sancto-

1895 5310 2033 5356 rum,
2061 5295 2166 5348 nisi
2200 5293 2410 5355 Davidi,
2443 5296 2856 5362 promissionem
2888 5296 2956 5347 de
3013 5295 3216 5348 semine
3267 5295 3438 5362 ipsius

1894 5398 2019 5435 cum
2046 5383 2355 5450 juramento
2395 5381 2536 5434 Deus
2571 5382 2836 5444 ediderit;
2870 5382 3008 5433 hanc
3033 5395 3117 5434 me
3140 5381 3438 5448 deprehen-

1896 5473 2039 5526 disse
2079 5486 2297 5525 causam
2336 5473 2541 5526 testimo
2580 5493 2592 5526 :
2626 5471 2866 5540 comperi
2923 5485 3155 5538 namque
3184 5470 3440 5526 Davidem

1898 5567 2019 5614 ante
2047 5561 2189 5612 illam
2229 5575 2260 5613 a
2293 5558 2400 5612 Deo
2447 5560 2547 5612 sibi
2597 5563 2780 5614 datam
2836 5558 3252 5626 promissionem
3293 5559 3443 5624 jura-

1898 5657 2078 5704 mento
2129 5665 2285 5703 usum
2337 5649 2523 5703 fuisse.
2571 5649 2799 5704 Jurasse
2854 5657 3029 5701 autem
3066 5648 3247 5716 ipsum
3288 5646 3446 5696 docet

1900 5736 2133 5807 Spiritus
2177 5738 2397 5794 divinus.
2426 5739 2479 5793 in
2522 5738 2980 5808 cxxxl,dicens-:
3025 5735 3309 5796 Memento,
3353 5729 3456 5780 υοο
