3848 6406
325 614 458 668 1075

951 600 1217 658 EUSEBII
1263 592 1736 653 CA£SABIENSlS
1769 588 1915 644 OPP.
1961 581 2139 640 PARS
2173 583 2256 638 Ill.
2299 612 2366 622 -—
2406 572 2844 633 EXEGETICA.

3519 543 3698 654 ioze‘

310 731 478 788 mine,
509 723 698 786 David,
753 730 801 775 et
849 721 1016 774 omnis
1072 714 1485 772 mansuetudinis
1540 713 1651 780 ejus
1687 726 1703 762 :
1733 710 1829 762 sici

2151 718 2252 772 nat
2277 699 2375 771 τὴν
2404 697 2534 766 περὶ
2560 692 2663 746 τοῦ
2695 689 3041 758 σπέρματος
3072 677 3259 734 αὐτοῦ
3292 675 3670 743 ἐπαγγελίαν

2313 787 2332 788 νί
2605 779 2616 788 -
2822 774 2834 788 -
2910 787 2915 788 γ
2983 769 3098 788 tu-
3165 763 3359 788 --__..\
3377 760 3544 788 ..ειη
3575 759 3670 788 ..-ι

321 817 515 886 iuravit
566 812 809 872 Domino,
846 811 977 863 vovit
1034 808 1141 862 Deo
1177 805 1340 859 Jacob
1369 821 1387 856 .'
1420 804 1479 858 Si
1513 801 1764 854 introiero
1814 797 1866 848 in

325 907 716 970 tabernaculum
765 904 948 957 domus
1002 916 1148 958 metu,
1180 899 1226 952 si
1269 896 1545 950 ascendero
1597 893 1650 944 in
1683 890 1868 942 lectum

319 1000 482 1054 strati
525 998 624 1050 mei
651 1012 667 1047 :
695 998 741 1049 si
773 993 960 1048 dedero
993 1005 1230 1045 somnum
1257 988 1421 1042 oculis
1455 987 1602 1047 meis,
1631 993 1678 1038 et
1699 982 1871 1051 palpe-

318 1091 434 1143 bris
488 1091 614 1143 meis
666 1085 1123 1143 dormitationem,
1172 1079 1332 1132 donec
1389 1077 1643 1130 inveniam
1705 1073 1872 1126 locum

328 1181 574 1245 Domino,
610 1176 1000 1232 tabernaculum
1048 1173 1154 1225 Deo
1194 1169 1380 1223 Iacob.
1411 1166 1596 1220 Davidi
1632 1166 1744 1219 haec
1777 1179 1873 1216 vo-

329 1264 475 1318 venti
503 1272 557 1318 et
581 1263 876 1332 pollicenti,
902 1276 964 1313 ac
1015 1259 1099 1312 his
1147 1257 1212 1310 de
1244 1257 1406 1310 rebus
1440 1254 1663 1324 juranti,
1693 1265 1872 1320 parem

331 1353 472 1408 Deus
496 1355 668 1408 vicem
698 1348 1173 1418 reddens,juravit
1205 1352 1258 1399 et
1295 1346 1430 1413 ipse,
1464 1353 1518 1396 et
1561 1356 1658 1410 pro
1690 1341 1874 1408 singu-

333 1444 400 1496 lis
445 1441 927 1513 pollicitationibus
969 1438 1212 1504 singulas
1268 1435 1470 1495 retulit,
1509 1432 1875 1499 juramentum

329 1532 636 1600 iuramento
683 1529 949 1598 pensavit.
986 1526 1323 1594 Quapropter
1372 1513 1425 1574 in
1476 1519 1661 1574 eodem
1695 1532 1877 1580 cum,

334 1625 391 1676 in
437 1639 544 1692 quo
585 1623 784 1675 dicitur
817 1621 1029 1688 jurasse
1077 1615 1352 1675 Davidem,
1390 1610 1584 1667 deinde
1631 1608 1880 1677 adjicitur

336 1709 570 1780 Spiritus
589 1709 760 1763 sancti
789 1705 1178 1767 testimonium,
1211 1701 1350 1771 quod
1377 1699 1456 1754 sic
1489 1699 1683 1751 habet:
1720 1693 1883 1747 Iura-

334 1801 407 1854 vit
447 1800 704 1853 Dominus
751 1797 921 1850 David
958 1797 1245 1855 veritatem,
1289 1801 1337 1844 et
1389 1806 1491 1843 non
1542 1784 1883 1856 frustrabitur

337 1905 453 1943 eum
488 1889 611 1942 :De
649 1889 822 1956 fructu
873 1888 1065 1940 ventris
1103 1886 1177 1937 tui
1224 1898 1414 1952 ponam
1462 1894 1615 1948 super
1645 1877 1884 1929 thronum

339 1990 502 2030 tuum.
535 1977 690 2030 Prior
716 1976 896 2044 itaque
927 1974 1093 2027 David
1117 1968 1572 2041 juravit',deinde
1601 1967 1768 2019 vicem
1797 1979 1884 2017 re~

1965 796 1991 845 6
2023 791 2170 853 Θεὸς,
2205 787 2344 841 δοκῶ
2394 801 2483 854 μοι
2515 779 2734 847 ταύτην
2777 769 3131 843 εὑρηκέναι,
3165 760 3544 816 καταλαϐὼν
3575 759 3677 811 καί

1967 851 2248 934 αὑτὸνῗτὸν
2287 851 2449 930 Δαυῖδ
2481 875 2636 943 ὅρκῳ
2663 865 3037 937 κεχρημένον
3065 856 3188 928 πρὸ
3224 856 3342 924 τῆς
3384 851 3548 943 πρὸς
3571 851 3675 943 αό-

1967 973 2055 1024 τὸν
2079 967 2407 1036 ἐπαγγελίας
2435 941 2532 1016 τοῦ
2565 957 2729 1012 Θεοῦ.
2749 957 2811 1007 '0
2821 949 3176 1024 μωμοκὲναι
3204 945 3272 996 δὲ
3305 942 3500 995 αὐτον
3531 941 3682 992 διδὰ-

1972 1081 2090 1116 σκει
2113 1061 2174 1112 τὸ
2199 1033 2344 1111 ’θεῖον
2372 1053 2608 1122 Πνεῦμα
2645 1051 2706 1101 ὲν
2733 1044 2855 1118 ρλα⁹
2881 1043 3058 1109 λέγον
3080 1054 3095 1066 °
3128 1035 3532 1100 Μ-ιῆσθητι,
3565 1033 3682 1085 K13-

1963 1171 2076 1220 ριε,
2102 1151 2208 1204 τοῦ
2241 1147 2442 1211 Δαυῒδ,
2472 1142 2576 1197 καὶ
2600 1140 2816 1203 πάσης
2842 1134 2965 1200 τῆς
2992 1129 3398 1220 superﬁt—utor;
3437 1122 3646 1220 αὐτοῦ
3668 1138 3682 1151 ο

1972 1214 2287 1310 ωςνῶμοσε.
2325 1236 2405 1302 τῷ
2444 1233 2670 1300 Κυρίῳ,
2696 1226 2942 1296 ηὔξατο
2973 1219 3066 1285 τῷ
3105 1217 3254 1282 Θεῷ
3300 1214 3539 1310 Ἰακιὶιϐ
3560 1229 3574 1244 ⁸
3607 1215 3686 1310 ἐἰ

1973 1303 2389 1396 εἰσελεύσομαι
2419 1327 2507 1388 είς
2535 1319 2848 1387 σκήνωμα
2881 1313 3075 1366 οἴκου
3122 1327 3298 1378 μου,
3337 1310 3402 1360 εὶ
3456 1303 3689 1367 ἀναϐή-

1975 1438 2153 1490 σομαι
2177 1418 2276 1472 ἐπὶ
2307 1416 2528 1479 κλίνης
2558 1405 2899 1476 στρωμνῆς
2929 1420 3067 1472 μου
3096 1415 3115 1431 ⁸
3145 1403 3222 1490 ει
3243 1398 3453 1451 δώσω
3487 1397 3691 1449 ὕπνον

1977 1489 2096 1578 τοῖς
2137 1505 2462 1578 ὀφθαλμοῖς
2487 1519 2636 1572 μου,
2668 1500 2773 1552 καὶ
2802 1495 2939 1562 τοῖς
2980 1489 3392 1561 βλεφάροις
3418 1505 3554 1558 μου
3583 1506 3689 1540 νυ-

1978 1600 2261 1672 σταγμὸν,
2289 1598 2400 1662 ἕως
2432 1591 2505 1649 οὗ
2533 1593 2693 1659 εὕρω
2724 1590 2927 1642 τόπον
2955 1586 3049 1651 τῷ
3078 1583 3353 1651 Κυρίῳ,
3386 1579 3693 1648 σκήνωμα

1979 1692 2059 1757 τῷ
2100 1670 2220 1753 Θεῷ
2259 1683 2478 1741 Ἰακώϐ.
2513 1679 2763 1734 Τοιαῦτα
2798 1677 3123 1746 εὐξαμένῳ
3163 1675 3285 1727 καὶ
3337 1670 3694 1738 ἐπαγγειλα-

1986 1783 2126 1853 μὲνῳ
2169 1779 2246 1849 τῷ
2288 1774 2472 1838 Δαυῒδ,
2512 1771 2613 1825 καὶ
2661 1771 2760 1822 ἐπὶ
2803 1767 3106 1830 τοιούτοις
3169 1762 3574 1835 ὀμωμοκότι,
3601 1760 3694 1830 τὴν

1985 1873 2104 1942 ἴσην
2131 1867 2360 1939 ἀμοιϐὴν
2392 1861 2701 1922 ἀντιδιδοὺς
2735 1862 2766 1913 6
2801 1859 2948 1920 Θεὸς
2986 1855 3192 1925 αὐτῷ,
3247 1853 3581 1923 ἀντομνύει
3607 1855 3694 1904 καὶ

1985 1963 2162 2026 αὐτὸς,
2185 1961 2279 2012 κα)⁵
2320 1951 2837 2020 ἁντεπαγγέλλεται
2880 1947 2946 2000 ἓν
2993 1947 3132 2000 ἀνθ’
3169 1947 3320 2008 ἑνὸς
3357 1943 3577 2006 διδοὺς,
3608 1948 3695 1994 καὶ

341 2068 580 2138 pendens
611 2067 772 2130 Deus,
807 2073 997 2119 mutuo
1045 2074 1098 2118 et
1131 2064 1247 2132 ipse
1275 2059 1484 2129 juravit
1514 2075 1528 2112 :
1567 2055 1711 2124 prior
1760 2053 1860 2106 iten

2170 2048 2238 2099 τὸν
2261 2047 2419 2114 ὅρκον
2446 2041 2847 2112 ἀμειϐόμενος.
2870 2038 3109 2106 Διόπερ
3143 2036 3214 2087 ὲν
3249 2033 3428 2103 αὐτῷ
3451 2033 3535 2103 τῷ
3563 2032 3689 2103 pla},

342 2160 531 2222 David,
567 2160 654 2228 pia
689 2164 868 2211 motus
904 2155 1246 2224 cogitatione,
1279 2148 1554 2218 quidpiam
1597 2145 1704 2200 Deo
1734 2143 1890 2213 polli-

341 2252 482 2304 citus
513 2257 625 2314 est;
658 2248 784 2301 hinc
819 2247 968 2300 Deus-
999 2261 1096 2300 ceu
1138 2243 1362 2313 gratiam
1417 2231 1589 2310 gratia
1630 2249 1888 2306 pensans,

331 2341 445 2408 ipsi
488 2341 604 2394 vice
635 2353 791 2392 versa
823 2335 1091 2404 promisit,
1136 2332 1432 2389 secundum
1478 2327 1771 2382 Salvatoris
1793 2339 1889 2377 no-

345 2430 444 2484 stri
497 2445 658 2484 voces
709 2444 829 2497 qua:
864 2428 944 2480 sic
969 2426 1189 2482 habent.
1230 2422 1293 2474 In
1322 2438 1428 2490 qua
1458 2434 1703 2471 mensura
1728 2415 1892 2467 mensi

345 2519 572 2586 fueritis,
604 2517 898 2569 remetiatur
932 2515 1089 2568 vobis.
1146 2512 1449 2566 Mansuram
1487 2509 1694 2569 bonam,
1719 2505 1890 2573 agita-

349 2617 475 2669 tam,
507 2621 873 2672 compressam,
908 2603 1362 2672 supereﬂluentem,
1394 2599 1590 2650 dabunt
1631 2597 1685 2647 in
1718 2596 1887 2648 sinum

348 2705 572 2749 vestrum
597 2696 660 2748 ”.
695 2694 809 2758 Qua
840 2707 1092 2747 mensura
1125 2692 1288 2760 igitur
1325 2687 1492 2740 David
1535 2701 1753 2740 mensus
1787 2691 1893 2746 est,

1987 2122 2043 2194 ὲν
2071 2134 2114 2207 ᾧ
2140 2137 2356 2205 λέγεται
2401 2132 2764 2202 ὀμωμοκέναι
2794 2130 2828 2181 6
2867 2125 3088 2190 Δαυῒδ,
3144 2126 3475 2194 συνῆπται
3516 2122 3691 2193 ἑξῆςὴ

1987 2231 2079 2284 τοῦ
2131 2229 2284 2296 ἁγίου
2327 2225 2651 2293 Πνεῦματος
2696 2218 3025 2292 μαρτυρία,
3083 2213 3210 2270 ὧδέ
3271 2233 3365 2286 πη
3416 2216 3688 2284 λέγουσα’

1993 2325 2208 2390 Ὠμοσε
2238 2320 2450 2383 Κύριος
2473 2313 2554 2378 τῷ
2581 2311 2772 2366 Δαυΐό
2792 2308 3158 2374 ἀλήθειαν,
3193 2308 3322 2361 καὶ
3353 2310 3438 2361 οὺ
3458 2307 3550 2375 μῂ
3581 2308 3695 2360 ἀθε.

1993 2413 2162 2478 τήσει
2186 2407 2391 2462 αὐτόν.
2409 2407 2506 2457 Ἐκ
2526 2400 2766 2470 καρποῦ
2796 2398 2919 2466 τῆς
2955 2398 3255 2464 κοιλίας
3277 2414 3415 2453 σου
3442 2399 3693 2466 θήσομαι

1993 2502 2088 2554 ἐπὶ
2111 2499 2218 2552 τοῦ
2235 2498 2449 2564 θρόνου
2471 2508 2610 2546 σου.
2637 2488 2860 2543 Οὐκοῦν
2890 2487 3151 2559 πρῶτος
3181 2488 3442 2560 ὤμοσεν
3469 2491 3500 2542 6
3521 2489 3691 2549 Δαυῖδ,

1996 2589 2116 2644 εἶτα
2143 2586 2502 2659 ἀμειϐόμενος
2535 2581 2699 2634 αὐτὸν
2723 2582 2752 2632 6
2777 2579 2952 2641 Θεὸς,
2985 2580 3408 2649 ἁντωμοσίαν
3439 2581 3580 2651 πρὸς
3611 2578 3693 2631 αὖ-

1996 2682 2086 2734 τὸν
2111 2679 2431 2748 ἐποιήσατο·
2459 2674 2554 2726 καὶ
2591 2671 2814 2742 πρῶτος
2847 2671 2878 2722 6
2905 2669 3130 2730 Δαυῒδ,
3181 2672 3439 2724 εὐσεϐεῖ
3461 2668 3694 2740 λογισμῷ

348 2799 470 2836 cum
502 2799 568 2837 ex
599 2784 738 2836 bona
768 2790 821 2836 et
851 2781 1106 2849 religiosa
1143 2778 1469 2848 Cogitatione
1510 2783 1867 2844 congruenten

2169 2770 2261 2833 εὶς,
2291 2763 2658 2835 ἐπηγγείλατό
2685 2779 2744 2814 τι
2771 2760 2856 2830 τῷ
2883 2759 3026 2830 Θεῷ
3048 2777 3065 2790 ·
3101 2757 3258 2816 εἶτα
3290 2763 3474 2816 πάλιν
3499 2765 3528 2815 ὁ
3553 2760 3688 2824 Θεὸς,

352 2873 765 2941 promissionem
800 2872 1015 2939 juratus
1057 2869 1225 2930 dedit,
1260 2867 1443 2921 eadem
1501 2880 1754 2919 mensura
1812 2878 1868 2916 re

2176 2877 2188 2910 δ
2224 2857 2518 2918 ἀντιδιδοὺς
2550 2851 2702 2921 αὑτῷ
2729 2850 2900 2922 χάριν
2950 2851 3097 2904 ἀντὶ
3153 2852 3448 2924 χάριτος,
3488 2854 3582 2905 καὶ
3617 2849 3695 2902 αὖ-

352 2940 575 3032 pensum
607 2964 688 3016 illi.
711 2969 816 3026 est,
845 2976 908 3014 ac
943 2961 1080 3014 datae
1099 2968 1227 3013 sunt
1258 2959 1332 3010 illi
1365 2957 1748 3012 retributiones
1774 2969 1871 3024 pro

2172 2945 2585 3032 ντεπηγγείλατο
2615 2945 2739 3004 ταῖς
2768 2940 2870 3032 τοῦ
2904 2941 3229 3013 Σωτῆρος
3265 2944 3446 3014 ἡμῶν
3482 2941 3691 2997 ἀκολού-

355 3054 746 3121 missionesque
767 3066 889 3104 cum
924 3051 1232 3119 juramento
1265 3047 1382 3100 Dei.

2175 3041 2363 3108 κωναῖς,
2390 3036 2456 3088 δι’
2483 3027 2558 3087 ὧν
2585 3048 2754 3102 φησιν
2776 3049 2790 3062 ⁸
2830 3025 2920 3099 τῼ
2953 3033 3206 3101 μέτρῳ
3265 3035 3582 3103 μετρεῖτε,
3603 3035 3694 3086 ἀγ..

353 3143 828 3215 τιμετρηθήσεται
857 3140 1015 3209 ὑμῖν.
1051 3137 1277 3205 Μέτρον
1306 3135 1513 3195 καλὸν,
1543 3132 2008 3195 σεσαλευμένον,
2059 3121 2482 3196 πεπιεσμένον,
2523 3122 3183 3190 ὑπερεκχυνόμενον,
3247 3124 3581 3179 δώσουσιν
3621 3127 3694 3190 εἰς

353 3213 458 3292 τον
482 3237 708 3290 κόλπον
730 3232 910 3302 ὑμῶν.
942 3225 1013 3282 Ὦ
1042 3231 1223 3299 μέτρῳ
1265 3227 1439 3279 τοίνυν
1485 3225 1578 3278 καὶ
1606 3225 1634 3275 6
1665 3222 1826 3276 Δαυῒδ
1879 3223 2210 3294 ἐμέτρησεν,
2239 3221 2324 3272 ἐπ’
2372 3215 2561 3285 ἁγαθῷ
2615 3214 2714 3266 καὶ
2744 3213 3018 3267 θεοσεϐεῖ
3051 3215 3357 3290 λογισμῷ
3389 3219 3695 3290 πρέπουσαν

350 3329 682 3398 ἐπαγγελίαν
718 3325 830 3397 μεθ’
887 3325 1048 3395 ὅρκου
1081 3319 1459 3390 ποιησάμενος,
1487 3315 1854 3386 ἀντεμετρήθη
1919 3315 2084 3384 αὐτῷ,
2154 3313 2248 3366 καὶ
2278 3311 2509 3364 δίδονται
2543 3308 2697 3379 αὐτῷ
2731 3308 3015 3378 ἀμοιϐαὶ,
3057 3313 3128 3365 αἱ
3189 3313 3556 3383 ἐπαγγελίαι
3589 3311 3694 3384 μεθ’

357 3421 701 3495 ὁρκωμοσίας.
725 3417 882 3472 Θεοῦ,

428 3541 564 3607 Quid
594 3540 699 3594 sibi
726 3537 854 3590 velit
883 3542 1058 3588 autem
1085 3533 1175 3586 illa
1209 3530 1422 3584 Davidis
1453 3545 1573 3582 cum
1599 3529 1909 3598 juramenlo
1935 3537 1947 3584 t

2175 3521 2233 3573 δὲ
2263 3519 2510 3589 βούλεται
2537 3518 2572 3586 ὴ
2606 3513 2703 3566 τοῦ
2736 3513 2914 3567 Δαυῒδ
2960 3516 3108 3584 μεθ’
3147 3519 3349 3591 ὅρκου
3382 3518 3691 3588 ἐπαγγελία,

361 3629 698 3700 pollicitatio,
726 3626 838 3692 jam
876 3621 1206 3692 perpendere
1240 3626 1601 3688 opportunum
1627 3617 1748 3671 erit.
1778 3614 1912 3668 Cum

362 3720 569 3773 videret
601 3721 788 3785 gentes
841 3727 934 3780 per
969 3717 1140 3763 totum
1196 3709 1380 3762 orbem
1415 3707 1682 3761 diabolica
1721 3705 1916 3759 multo-

368 3823 486 3862 rum
520 3805 801 3859 numinum
838 3801 1010 3853 errori
1052 3799 1346 3866 subiectas,
1379 3813 1442 3850 ac
1494 3798 1692 3865 ubique
1745 3803 1918 3848 terra-

369 3911 486 3950 rum
541 3892 759 3962 templa,
791 3891 1040 3954 delubra,
1074 3903 1230 3943 sacra
1287 3888 1536 3957 malignis
1583 3886 1919 3941 daamonibus

371 4001 464 4056 per
506 3984 687 4045 urbes,
719 3981 969 4050 regiones
1009 3987 1063 4032 et
1083 3979 1232 4032 vicos
1259 3977 1514 4040 excitata,
1555 3992 1618 4030 ac
1643 3977 1696 4030 in
1723 3975 1922 4028 monti-

369 4075 470 4129 bus
528 4079 581 4126 et
633 4071 863 4125 collibus
919 4067 1217 4138 improbam
1273 4067 1416 4118 illam
1463 4073 1529 4129 et;
1559 4064 1921 4118 adversariam

372 4169 688 4234 potestatem
741 4159 882 4230 apud
944 4173 1131 4213 omnes
1185 4156 1430 4209 homines
1499 4155 1774 4214 honorari,
1829 4153 1923 4206 Dei

374 4262 551 4307 autem
584 4252 821 4306 omnium
858 4249 1066 4318 opiﬁcis
1097 4254 1151 4301 et
1181 4244 1482 4299 conditoris
1527 4259 1594 4296 ne
1644 4243 1922 4294 minimam

375 4357 599 4413 usquam
644 4342 956 4395 memoriam
998 4336 1232 4401 servari;
1264 4335 1331 4389 de
1379 4351 1436 4388 re
1479 4334 1574 4386 tali
1609 4333 1924 4387 vulneratus

377 4435 577 4494 animo,
595 4434 844 4500 bonoque
865 4429 1042 4485 studio
1064 4430 1338 4489 incensus,
1364 4424 1658 4481 secundum
1693 4439 1814 4477 eum
1833 4422 1924 4491 qui

377 4517 668 4582 dixit,Zeio
687 4520 884 4572 zelatus
912 4535 1026 4571 sum
1048 4517 1269 4571 Domino
1284 4516 1346 4578 ιθ,
1367 4521 1547 4567 votum
1572 4513 1717 4566 vovit
1739 4519 1792 4566 et
1812 4526 1931 4580 pro»

380 4609 688 4662 missionem
707 4607 894 4673 edidit,
915 4621 1076 4675 quam
1091 4601 1445 4674 jurejurando
1470 4600 1752 4666 astrinxit;
1788 4601 1932 4654 vide-

383 4699 504 4752 licet
526 4712 585 4751 se
597 4697 851 4765 primum,
863 4695 1102 4748 omnium
1120 4694 1232 4762 regi
1252 4692 1360 4746 Deo
1380 4691 1634 4758 templum
1650 4697 1701 4743 et
1714 4704 1926 4744 sacrum

381 4790 434 4842 in
447 4795 590 4841 terra
605 4785 1046 4848 excitaturumjn
1067 4799 1174 4852 quo
1193 4781 1597 4836 tabernaculum
1613 4780 1926 4843 testimonii,

2015 3612 2286 3682 θεωρῆσαι
2316 3608 2527 3678 καιρός.
2545 3605 2724 3676 Ὀρῶν
2757 3604 2830 3656 τὰ
2869 3605 3015 3658 καθ’
3045 3607 3209 3688 ὅλης
3241 3612 3353 3682 τῆς
3384 3610 3694 3680 οικουμένης

2016 3703 2138 3773 ἔθνη
2169 3703 2234 3773 τῇ
2267 3700 2558 3768 δαιμονικῇ
2599 3697 2699 3750 καὶ
2730 3695 3011 3769 πολυθέῳ
3046 3700 3270 3772 πλάνῃ
3301 3699 3692 3770 δεδουλωμένα,

2017 3793 2110 3844 καὶ
2154 3788 2427 3857 πανταχοῦ
2471 3787 2581 3856 γῆς
2632 3787 2802 3849 ναοὺς
2845 3787 2957 3840 καὶ
3009 3791 3265 3860 τεμένη
3316 3793 3419 3845 καὶ
3452 3792 3573 3861 ἱερὰ
3603 3790 3695 3850 τοῖς

2018 3882 2272 3950 πονηροῖς
2311 3877 2572 3945 δαίμοσιν
2600 3877 3090 3948 ἀνεγηγερμὲνα,
3142 3882 3215 3935 ἒν
3265 3901 3334 3937 τε
3381 3885 3582 3938 πόλεσι
3617 3881 3695 3934 καὶ

2019 3969 2220 4039 χώραις
2244 3965 2336 4018 καὶ
2361 3965 2601 4034 κώμαις,
2637 3967 2698 4017 ὲν
2727 3965 2894 4036 ὅρεσί
2947 3986 3020 4020 τε
3078 3973 3196 4024 καὶ
3235 3973 3466 4043 βουνοῖς
3499 3973 3594 4040 τὴν
3622 3989 3696 4022 ππ)-

2021 4057 2190 4128 νηρὰν
2217 4055 2310 4108 nul.
2341 4055 2740 4125 ἀντικειμένην
2772 4055 3034 4126 δύναμιν
3081 4063 3268 4134 παρὰ
3302 4066 3482 4117 πᾶσιν
3508 4060 3695 4130 ἀνθρώ-

2025 4165 2143 4210 ποις
2168 4147 2483 4215 τιμωμένην
2503 4161 2516 4175 σ
2556 4145 2696 4197 Θεοῦ
2723 4145 2784 4198 δὲ
2811 4146 2916 4199 τοῦ
2951 4151 3223 4206 πάντων
3264 4155 3509 4225 ποιητοῦ
3538 4171 3595 4206 τε
3616 4153 3695 4205 καὶ

2023 4232 2348 4308 δημιουργοῦ
2389 4234 2646 4304 μηδαμοῦ
2681 4237 2922 4306 μνήμην
2955 4243 3144 4311 ποιρά
3175 4261 3304 4299 τισι
3336 4244 3693 4316 γιγνομένην·

2025 4328 2238 4399 δηχθεϊς
2267 4326 2366 4395 τὴν
2399 4325 2584 4396 ψυχὴν
2616 4327 2712 4379 ἐπὶ
2747 4328 2833 4397 τῷ
2857 4333 3229 4404 πράγματι,
3261 4341 3366 4393 και
3397 4338 3563 4408 ζῆλον
3580 4340 3695 4404 ἁγα-

2027 4419 2116 4472 θὸν
2148 4414 2418 4487 ζηλώσας,
2459 4417 2607 4469 κατὰ
2651 4417 2747 4469 τὸν
2799 4421 3055 4475 εἰπόντα
3081 4443 3096 4456 ο
3169 4429 3399 4498 Ζῆλον
3445 4430 3694 4499 ἑῇξλωσο

2027 4509 2107 4575 τῷ
2143 4508 2356 4576 Κυρίῳν
2391 4505 2558 4576 εὐχὴν
2597 4507 2836 4576 ηὓξατο,
2867 4515 2978 4566 καὶ
3015 4516 3407 4590 ἐπαγγελίαν
3451 4517 3693 4589 ἐπηγγεί-

2027 4604 2172 4665 λατο,
2200 4600 2294 4652 καὶ
2322 4598 2531 4668 ταύτην
2560 4599 2716 4670 ὅρκῳ
2744 4604 3132 4675 κατεδήσατο
3166 4609 3208 4684 ἦ
3243 4615 3362 4685 μὴν
3385 4614 3467 4684 τῷ
3496 4609 3694 4682 παμεα..

2033 4692 2166 4745 σιλεῖ
2198 4689 2316 4758 Θεῷ
2353 4689 2574 4759 πρῶτος
2601 4689 2742 4743 νεὼν
2769 4693 2874 4746 ἐπὶ
2903 4697 3025 4767 γῆς
3054 4703 3166 4754 καὶ
3202 4705 3362 4775 ἱερὸν
3387 4706 3547 4771 ἆγιον
3570 4703 3692 4754 οἱκο-

2029 4783 2304 4852 δομήσειν,
2341 4780 2472 4833 ἔνθα
2512 4781 2613 4852 τὴν
2657 4783 2878 4854 σκηνὴν
2937 4789 3047 4842 τοῦ
3115 4795 3450 4868 μαρτυρίου
3495 4793 3585 4847 καὶ
3612 4788 3692 4859 τὴν

381 4884 434 4930 et
480 4892 666 4931 arcam
702 4875 1031 4930 Testamenti
1083 4889 1117 4927 a
1171 4873 1354 4943 Moyse
1405 4874 1460 4926 in
1515 4872 1734 4926 deserto
1769 4872 1900 4940 jusm

2172 4870 2260 4924 τὸν
2312 4870 2412 4939 τῆς
2462 4871 2753 4946 Διαθήκης
2797 4876 2908 4948 τὴν
2945 4879 3071 4934 ὑπὸ
3107 4861 3420 4951 Μωῦσέως
3454 4885 3592 4939 κατὰ
3611 4882 3691 4952 τὴν

383 4966 478 5021 Dei
515 4974 907 5027 constructam,
942 4963 1254 5034 deponeret.
1300 4962 1432 5017 Nam
1482 4963 1573 5014 illa
1604 4962 1670 5014 ad
1718 4972 1928 5030 tempus

384 5071 555 5125 usque
595 5056 812 5110 Davidis
854 5055 1276 5122 circumquaque
1321 5052 1614 5114 ferebatur,
1662 5059 1721 5104 et
1755 5065 1784 5102 a
1813 5052 1931 5104 loco

388 5147 440 5198 in
481 5147 675 5208 locum,
724 5161 787 5199 ac
827 5145 988 5198 modo
1027 5147 1081 5197 in
1122 5143 1362 5212 Galgala,
1397 5143 1556 5195 modo
1586 5142 1639 5194 in
1688 5138 1932 5194 Manase-

389 5234 515 5300 pha,
546 5249 666 5287 mox
693 5235 748 5286 in
779 5233 913 5295 Silo,
964 5234 1253 5301 aliquando
1283 5233 1429 5301 apud
1458 5230 1778 5300 allophylos,
1809 5230 1950 5290 inde.

390 5322 446 5373 in
497 5321 766 5392 Besamys,
799 5325 924 5376 hinc
965 5325 1018 5376 in
1057 5322 1434 5384 Cariathirim,
1482 5329 1666 5390 postea
1714 5320 1769 5372 in
1827 5319 1928 5372 do-

394 5426 537 5464 mum
561 5412 878 5478 Aminadab,
901 5413 1028 5467 inde
1056 5413 1108 5465 in
1137 5413 1352 5467 domum
1387 5412 1692 5475 Abeddara,
1710 5411 1932 5464 advecta

394 5497 530 5560 fuit,
561 5501 701 5554 unde
740 5517 856 5554 eam
906 5503 962 5554 i-n
1002 5503 1186 5554 urbem
1236 5501 1366 5556 Sion
1424 5500 1590 5554 David
1634 5499 1926 5552 transtulit.

396 5587 549 5654 Quod
577 5589 665 5643 ille
693 5593 1052 5659 conspicatus,
1091 5592 1306 5645 domum
1349 5609 1558 5647 sacram
1589 5599 1643 5646 et
1675 5590 1930 5658 templum

397 5679 634 5735 excitare
663 5681 934 5747 cogitavit,
970 5681 1060 5733 ubi
1083 5697 1257 5735 arcam
1282 5681 1376 5736 Dei
1420 5683 1711 5752 deponeret
1744 5687 1798 5734 et
1822 5688 1934 5734 sta-

477 5919 515 5950 "
558 5916 742 5970 Matth.
776 5920 883 5968 vn.
916 5915 990 5971 2:
1036 5914 1161 5969 Luc.
1199 5934 1286 5976 vi,
1319 5920 1404 5973 38.
1485 5922 1523 5953 η
1561 5919 1621 5971 ιιι
1655 5917 1780 5978 Reg.
1823 5933 1940 5980 xxx,
1994 5941 1996 5944 τ

690 5916 742 5970 b.
776 5920 883 5968 vn.
916 5915 990 5971 2;
1036 5914 1161 5969 Luc.
1199 5934 1286 5976 vi.
1319 5920 1404 5973 38.
1485 5922 1523 5953 η
1561 5919 1621 5971 ιιι
1655 5917 1780 5978 Reg.
1823 5933 1940 5980 xxx,
1994 5918 2080 5982 l0,
2125 5924 2209 5980 14,

2034 4963 2237 5034 ἔρημον
2297 4961 2365 5050 ἐκ
2421 4962 2865 5033 προστάγματος
2934 4968 3093 5024 Θεοῦ
3150 4975 3692 5029 κατασκευασθεῖσαν

2035 5051 2371 5120 ἀποθέμενος
2397 5052 2767 5107 ἀναπαύει-ειν.
2805 5057 3151 5131 Περιὴγετο
3181 5066 3327 5134 γοῦν
3358 5060 3463 5118 ὦδε
3492 5064 3690 5117 κάκεῖσε

2040 5143 2200 5212 μέχρι
2233 5140 2344 5194 τῶν
2376 5143 2474 5197 τοῦ
2504 5146 2672 5200 Δαυῒδ
2702 5147 2928 5216 χρόνων
2960 5153 3153 5208 τόπου
3186 5154 3688 5228 μετακομιζομένη,

2039 5229 2169 5281 ποτὲ
2205 5230 2302 5298 μὲν
2337 5233 2396 5284 ὲν
2428 5233 2761 5302 Γαλγάλοις,
2800 5240 2946 5292 ποτὲ
2979 5242 3046 5295 δὲ
3086 5247 3148 5298 ὲν
3187 5249 3541 5318 Μανασῆφα,
3579 5241 3689 5294 ποτὲ

2036 5319 2092 5371 δὲ
2120 5321 2177 5371 ὲν
2201 5319 2383 5390 Σηλὼ,
2413 5325 2514 5377 καὶ
2542 5327 2736 5382 ἄλλοτε
2772 5331 2910 5400 παρ’
2938 5332 3314 5404 ἀλλοφύλοις,
3343 5335 3596 5390 κάκεῖθεν
3623 5331 3687 5388 εἰς

2038 5410 2315 5479 Βεσαμὺς,
2348 5413 2509 5470 ἐνθεν
2573 5423 2657 5486 εἰς
2709 5422 3174 5497 Καρειαθιρείμ·
3232 5425 3360 5481 εἶτα
3420 5431 3502 5489 ei;
3557 5421 3683 5476 οἶκοι

2053 5502 2358 5572 Ἀμιναδάϐ
2378 5523 2393 5537 ·
2422 5511 2695 5568 κάκεῖθεν
2725 5515 2803 5576 εἰς
2842 5510 3003 5569 οἶκον
3054 5518 3372 5589 Ἀὅεδδαρά
3394 5536 3406 5547 ~
3438 5515 3588 5568 ἔνθεν
3616 5513 3681 5570 εἰς

2042 5591 2182 5646 Σιὼν
2215 5595 2321 5667 τὴν
2373 5601 2537 5658 πόλιν
2566 5606 2598 5659 6
2636 5604 2794 5663 Δαυῖδ
2833 5610 3250 5679 μετεστήσατο.
3267 5611 3337 5660 Ὃ
3368 5608 3433 5678 δὴ
3471 5597 3680 5657 συνιδὼν

2043 5682 2362 5754 γινόμενον,
2395 5692 2667 5774 διενοήθη
2695 5695 2837 5754 οἷκον
2881 5697 3037 5768 ἱερὸν
3088 5701 3313 5767 ἐγεῖραι
3352 5698 3446 5750 καὶ
3464 5695 3589 5748 ναὸν
3612 5687 3676 5744 οε-

3498 5948 3535 5981 1

3831 2801 3834 2858 1

3828 3071 3834 3100 ⁸

3831 3109 3833 3230 4

3831 3353 3833 3408 1
