3848 6410
228 552 263 608 Ι
276 549 392 606 οη

1299 552 1790 610 ΟΟΜΜΕΝΤΑΒΙᾹ
1824 550 1891 605 IN
1926 547 2266 606 PSALMOS.

220 663 579 734 κοδομῆσαι,
612 668 845 722 ἐνταῦθά
865 685 922 721 τε
945 669 1038 737 τὴν
1063 668 1287 720 κιϐωτὸν
1314 668 1522 738 ἱδρῦσαι
1535 667 1627 719 τοῦ
1649 666 1802 719 Θεοῦ.

1903 664 2098 719 biliret.
2131 664 2252 728 Qua
2283 658 2350 712 de
2385 666 2447 708 re
2466 649 2630 710 David
2660 659 2884 719 Domino
2905 662 3128 732 juravit,
3176 671 3228 717 et
3264 674 3456 721 votum

229 758 288 806 Κ
311 754 367 805 αἰ
398 753 526 823 περὶ
557 755 746 808 τούτου
772 755 948 826 ὤμοσε
983 758 1140 810 Δαυῖδ
1160 757 1236 826 τῷ
1265 758 1468 828 Κυρίῳ,
1497 761 1588 809 καὶ
1611 756 1806 826 ηὔξατο

236 839 337 908 τῷ
369 839 486 908 Θεῴ
527 841 722 894 Ἰακὼὸ
753 843 950 910 λέγων·
987 847 1055 896 El
1084 845 1493 914 εἰσελεύσομαι
1529 847 1613 909 εὶς
1655 845 1803 911 σκή-

236 947 428 999 νωμα.
450 932 620 984 οἴκου
637 950 778 1000 μου,
802 937 853 987 εὶ
881 935 1243 1002 ἀναϐήσομαι
1265 936 1360 988 ἐπὶ
1385 937 1593 1001 κλίνης
1622 951 1796 1002 στρωο

230 1018 418 1087 μνῆς
433 1036 577 1086 μου,
606 1019 850 1074 ει-»δὼσω
879 1021 1069 1074 ὕπνον
1090 1023 1210 1086 τοῖς
1238 1023 1558 1090 ὀφθαλμοῖς
1567 1041 1682 1090 μου
1709 1023 1803 1075 καὶ

239 1109 381 1176 τοῖς
404 1109 738 1178 βλεφάροις
773 1129 890 1179 μου
920 1113 1274 1181 νυσταγμὸν,
1305 1114 1412 1178 ἓως
1445 1111 1514 1168 οὗ
1538 1115 1686 1180 εὕρω
1715 1117 1806 1166 τό-

236 1216 373 1253 πον
402 1200 486 1264 τῷ
510 1201 721 1267 Κυρίῳ,
746 1201 1028 1269 σκήνωμα
1051 1202 1129 1267 τῷ
1159 1202 1277 1267 Θεῷ
1315 1202 1519 1256 Ἰακώϐ.
1549 1203 1729 1256 Ταῦτα
1752 1203 1808 1256 δὲ

237 1291 423 1345 αὑτοῦ
469 1292 854 1362 διανοηθέντος,
897 1293 994 1363 τὴν
1039 1293 1133 1362 μὲν
1175 1294 1486 1364 προαίρεσιν
1523 1294 1618 1362 τῆς
1659 1295 1807 1346 εὐσε-

237 1380 406 1443 6εἱας
441 1381 758 1450 ἀποδέχεται
782 1384 809 1434 ὁ
838 1383 965 1444 Θεός
984 1399 998 1413 ·
1023 1384 1083 1434 οὐ
1116 1383 1219 1453 μὴν
1246 1384 1521 1454 ἐπιτρέπει
1553 1385 1642 1436 τὸν
1665 1381 1806 1437 οἷκον
1835 1373 1838 1376 ’

236 1470 539 1536 γενέσθαι·
575 1471 648 1540 μὴ
678 1471 784 1542 γὰρ
811 1471 1010 1524 δεῖσθαι
1053 1472 1182 1524 Θεδν
1209 1472 1332 1525 ὅντα
1359 1475 1502 1526 οἴκου
1532 1475 1803 1542 αἰσθητοῦ,

242 1560 381 1629 μηδ’
405 1561 470 1623 ἐξ
488 1561 708 1629 ἀψύχων
735 1562 892 1614 λίθων
925 1562 1203 1632 οἰκοδομῆς
1237 1565 1625 1634 συστησομένου
1649 1583 1662 1595 ο
1694 1565 1805 1618 ἀλλ’

236 1652 293 1701 εἰ
321 1651 437 1718 ἄρα
475 1652 641 1720 ἐχρῆν
677 1651 803 1704 Θεὸν
834 1653 998 1704 οἰκεῖν
1025 1655 1114 1705 ἐπὶ
1139 1654 1257 1723 γῆς,
1293 1655 1357 1706 ὲκ
1385 1655 1688 1724 σπέρματος
1714 1657 1808 1707 αὑ-

233 1738 360 1798 τοῦ,
391 1739 491 1790 τοῦ
518 1740 676 1791 Δαυῒδ
704 1741 1113 1810 προελεύσεσθαι
1132 1744 1222 1795 τὸν
1242 1743 1619 1812 ὑποδεξάμενον
1642 1745 1809 1798 αὐτοῦ

240 1829 344 1896 τὴν
382 1829 638 1898 θεότητα.
675 1830 734 1892 ὃς
769 1832 860 1883 καὶ
890 1833 1224 1901 οἰκοδομήσει
1253 1833 1330 1901 τῷ
1354 1834 1470 1902 Θεῷ
1499 1835 1711 1904 ἐπάξιον
1735 1838 1814 1886 ἱε-

241 1918 340 1986 ρὸν
376 1913 534 1969 οἷκον
571 1921 663 1971 καὶ
696 1920 819 1971 ναὸν
840 1921 1007 1988 ἅγιον,
1032 1916 1091 1973 οὗ
1120 1923 1206 1974 τὸν
1237 1923 1419 1993 Θρόνον
1447 1927 1524 1986 εἰς
1553 1925 1642 1978 τὸν
1672 1925 1808 1994 σύμ.

241 2025 434 2060 παντα.
465 2009 771 2078 διαρκέσειν
798 2011 984 2064 αἰῶνα.
1003 2011 1215 2081 Ἐδήλου
1245 2013 1299 2065 δὲ
1327 2013 1432 2083 ἄρα
1463 2015 1552 2066 τὸν
1580 2015 1809 2086 Χριστὸν

238 2096 415 2150 αὐτοῦ
460 2098 552 2148 τὸν
595 2100 658 2150 ἐκ
689 2098 995 2168 σπέρματος
1029 2101 1188 2152 Δαυῒδ
1226 2102 1364 2154 κατὰ
1392 2103 1564 2172 σάρκα
1589 2105 1808 2173 γενησό-

244 2203 434 2255 μενον,
480 2186 576 2238 καὶ
622 2187 716 2256 τὴν
759 2187 824 2239 δι’
854 2188 1013 2240 αὐτοῦ
1051 2189 1169 2241 καθ’
1197 2191 1322 2260 ὅλης
1354 2191 1452 2261 τῆς
1491 2193 1805 2264 οἰκουμένης

241 2279 666 2349 συστησομένην
697 2278 1158 2350 Ἐκκλησίαν.“οτι
1180 2283 1233 2336 δὲ
1257 2285 1406 2338 ταῦθ’
1432 2285 1598 2350 οὕτως
1619 2287 1800 2358 ἐχεμή

237 2368 352 2421 τῶν
404 2369 702 2422 Βασιλειῶν
750 2371 927 2440 γραφὴ
974 2373 1156 2426 τοῦτον
1200 2374 1432 2428 διδάσκει
1465 2378 1552 2430 τὸν
1575 2379 1800 2448 τρόπον’

240 2457 352 2508 Καὶ
385 2456 630 2524 ἐγένετο
659 2457 754 2509 ὅτε
775 2456 1011 2512 ἐκάθισε
1039 2461 1216 2512 Δαυῒδ
1241 2462 1309 2513 ἐν
1330 2462 1406 2525 τῷ
1436 2465 1575 2530 οἴκῳ
1598 2466 1801 2529 αὐτοῦ,

241 2547 343 2597 καὶ
375 2546 595 2612 Κύριος
629 2551 1216 2618 κατεκληρονόμησεν
1244 2553 1427 2605 αὐτὸν
1467 2556 1665 2618 κύκλῳ
1689 2557 1803 2610 ἀπὸ

242 2631 498 2686 πάντων
524 2633 640 2688 τῶν
669 2636 891 2703 ἐχθρῶν
920 2638 1074 2703 αὐτῷ
1093 2658 1106 2671 ο
1136 2642 1231 2694 καὶ
1259 2638 1423 2695 εἶπεν
1451 2647 1485 2697 ό
1513 2645 1805 2710 ,ϐασιλεὺς

244 2721 404 2787 πρὸς
429 2724 644 2777 ’Ναθὰν
673 2725 776 2778 τὸν
800 2727 1132 2795 προφήτην·
1175 2730 1316 2784 Ἰδοὺ
1355 2732 1431 2799 δὴ
1463 2733 1576 2802 ἐγὼ
1615 2749 1802 2786 κατοι-

244 2809 330 2860 κῶ
356 2811 433 2862 ἐν
459 2811 602 2877 οἴκῳ
628 2811 888 2880 κεδρίνῳ,
921 2815 1014 2867 καὶ
1050 2818 1085 2884 ἡ
1115 2818 1352 2884 κιϐωτὸς
1377 2821 1479 2873 τοῦ
1519 2821 1662 2875 Θεοῦ
1706 2822 1805 2876 κά-

244 2902 421 2964 θηται
458 2899 528 2951 ἐν
548 2899 717 2967 μέσῳ
760 2900 865 2966 τῆς
880 2904 1110 2970 σκηνῆς
1132 2922 1146 2935 ·
1175 2907 1231 2975 ἦ,
1260 2908 1328 2959 ὲν
1349 2908 1514 2974 μέσῳ
1532 2909 1800 2977 δέρῤεως,

238 2983 320 3050 ὡς
372 2988 407 3057 ἡ
460 2986 718 3059 Ἐὁραῖκὴ
775 2988 914 3052 λέξις
965 2993 1233 3061 σημαίνει.
1282 2995 1389 3047 Καὶ
1439 2992 1567 3049 εἷπε
1604 2999 1804 3052 Ναθὰν

224 3087 401 3147 προς
445 3077 557 3128 τὸν
591 3078 878 3141 βασιλέα·
915 3080 1113 3134 Πάντα
1141 3082 1254 3135 ὅσα
1278 3082 1352 3135 ἂν
1387 3084 1456 3136 ἐν
1490 3085 1566 3153 τῇ
1596 3086 1803 3153 καρδίᾳ

213 3181 365 3218 σου
402 3163 613 3227 βάδιζε
655 3164 752 3217 καὶ
791 3167 960 3228 ποίει,
1006 3167 1090 3219 ὅτι
1128 3171 1335 3236 Κύριος
1355 3172 1501 3238 μετὰ
1529 3173 1662 3226 σοῦ.
1692 3176 1798 3227 Kal

211 3253 490 3324 ἐγένετο
518 3253 612 3342 τῇ
652 3255 818 3307 νυκτὶ
854 3257 1074 3323 ἐκείνῃ,
1110 3259 1204 3311 καὶ
1238 3260 1468 3326 ἐγένετο
1494 3262 1664 3331 ῥῆμα
1687 3268 1802 3318 Κυ-
1827 3285 1872 3342 C

205 3343 379 3409 ρίου
413 3341 570 3407 πρὸς
594 3343 793 3395 Ναθὰν
815 3342 1030 3410 λέγων’
1072 3348 1328 3412 Πορεύου
1361 3349 1507 3416 πρὸς
1531 3351 1637 3403 τὸν
1665 3351 1803 3405 δοῦ-

209 3437 362 3485 .20?
385 3448 516 3499 μου
540 3431 736 3494 Δαυῒδ,
764 3432 859 3484 καὶ
887 3433 1013 3485 εἰπέ
1037 3451 1051 3463 ·
1097 3433 1235 3487 Τάδε
1265 3437 1422 3504 λέγει
1454 3441 1688 3507 κύριος’
1724 3445 1804 3496 Οὐ

210 3524 321 3574 σὺ
377 3521 798 3590 οὶκοὸομήσεις
836 3540 936 3591 μοι
982 3521 1148 3579 οἷκον
1194 3528 1294 3580 τοῦ
1334 3531 1680 3599 κατοικῆσαι
1698 3551 1802 3602 με’

212 3611 331 3665 ὅττι
375 3612 456 3663 οὑ
496 3609 810 3678 κατῴκησα
837 3611 904 3663 ἐν
935 3614 1072 3680 οἴκῳ
1111 3617 1208 3684 ἀφ’
1240 3613 1313 3685 ἧς
1345 3618 1562 3686 ἡμέρας
1587 3621 1805 3690 arma-

209 3721 353 3771 γον
408 3701 557 3765 τοὺς
604 3701 768 3766 υἱοὺς
809 3701 1040 3768 Ἰσραὴλ
1089 3705 1156 3767 ἐξ
1205 3708 1499 3774 Αἰγύπτου
1544 3709 1652 3774 ἓως
1702 3709 1806 3778 τῆς

212 3793 482 3862 ἡμέρας
509 3792 756 3856 ταύτης⁹
787 3791 882 3843 καὶ
926 3791 1084 3858 ἥμην
1108 3795 1510 3863 ἐμπεριπατῶν
1535 3799 1604 3850 ἐν
1632 3817 1808 3852 scata-

213 3885 473 3951 ,λύματι
517 3880 618 3932 καὶ
657 3881 724 3932 ἐν
765 3879 964 3947 σκηνῇ
1008 3882 1075 3934 ἐν
1111 3882 1295 3937 πᾶσιν
1328 3881 1416 3951 οἶς
1452 3886 1696 3954 διῆλθον
1737 3891 1806 3942 ἐν

217 3969 431 4024 παντὶ
476 3968 712 4035 Ἰσραήλ
729 3986 741 3998 ·
774 3972 824 4022 el
848 3971 1049 4023 λαλῶν
1075 3972 1345 4040 ἐλάλησα
1371 3975 1517 4042 πρὸς
1533 3979 1678 4044 μίαν
1697 3996 1808 4047 seu-

217 4061 370 4128 λῆν
395 4059 510 4113 τοῦ
554 4057 816 4124 Ἰσραὴλ,
843 4052 890 4124 ᾧ
914 4060 1292 4128 ἐνετειλάμην
1335 4065 1666 4134 ποιμαίνειν
1702 4067 1808 4120 τὸν

228 4152 404 4204 λαόν
449 4165 573 4216 μου
611 4147 847 4214 Ἰσραὴλ
874 4148 1088 4217 λέγων·
1142 4153 1200 4204 Tl
1244 4153 1351 4204 οὐκ
1399 4154 1807 4223 ᾠκοδομήκατέ

241 4256 344 4308 μοι
376 4235 556 4292 οἶκον
582 4235 882 4302 κέδρινον;
905 4235 1012 4288 Καὶ
1034 4237 1146 4290 νῦν
1170 4237 1306 4292 τάδε
1335 4240 1485 4309 ἐρεῖς
1511 4241 1588 4305 τῷ
1613 4243 1805 4306 δούλῳ

243 4347 365 4398 μου
423 4325 640 4380 Δαυΐδ⁹
701 4324 841 4377 Τάδε
892 4325 1049 4394 λέγει
1094 4329 1302 4394 Κύριος
1347 4332 1760 4400 παντοκράτωρ
1789 4353 1802 4365 ·

253 4417 520 4470 Ἔλαϐόν
561 4429 636 4466 σε
682 4414 749 4466 ἐκ
793 4411 897 4479 τῆς
941 4412 1204 4482 μάνδρας
1249 4418 1366 4470 ἀπὸ
1406 4419 1650 4475 ὄπισθεν
1690 4422 1806 4476 τῶν

249 4505 584 4576 προϐάτων,
619 4503 722 4555 τοῦ
765 4499 914 4555 εἶναι
953 4520 1026 4555 σε
1068 4506 1153 4568 εὶς
1195 4505 1521 4575 ἡγούμενον
1559 4511 1654 4563 ἐπὶ
1704 4513 1807 4566 τὸν

243 4686 431 4751 ρεύου
457 4699 472 4712 ο
527 4682 624 4733 καὶ
660 4681 1068 4746 ἐξωλόθρευσα
1110 4681 1335 4748 πάντας
1379 4686 1516 4750 τοὺς
1563 4689 1808 4756 ἐχθρούς

251 4792 369 4828 σου
401 4771 525 4826 ἀπὸ
555 4769 871 4836 προσώπου
897 4787 1008 4822 σου
1027 4788 1041 4800 ο
1086 4771 1182 4823 καὶ
1213 4773 1464 4842 ἐποίησά
1493 4793 1564 4829 σε
1596 4780 1805 4848 ὀνομα-

252 4865 405 4917 στὸν
453 4861 605 4914 κατὰ
657 4859 722 4911 τὸ
766 4859 949 4926 ὄνομα
982 4859 1096 4912 τῶν
1125 4862 1402 4930 μεγάλων
1433 4866 1548 4918 τῶν
1577 4868 1671 4920 ἐπὶ
1701 4869 1806 4937 τῆς

255 4954 383 5022 γῆς.
432 4951 559 5006 Kal
589 4949 842 5016 θήσομαι
877 4949 1062 5001 τόπον
1103 4949 1180 5014 τῷ
1220 4952 1344 5016 λαῷ
1384 4971 1498 5022 μου
1543 4957 1801 5026 Ἶσραὴλ’

255 5045 352 5096 καὶ
402 5037 834 5106 καταφυτεύσω
864 5037 1044 5089 αὐτὸν
1079 5039 1175 5092 καὶ
1203 5045 1645 5110 κατασκηνώσει
1676 5053 1803 5104 καθ’

254 5132 504 5187 ἑαυτόνο
537 5127 634 5179 καὶ
657 5129 727 5178 οὺ
750 5126 1091 5193 μεριμνήσει
1107 5129 1431 5194 οὐκέτι,καὶ
1459 5136 1530 5185 οὺ
1555 5139 1804 5207 προσθή-

253 5237 347 5275 σει
393 5221 526 5283 υιὸς
569 5216 801 5279 ἀδικίας
843 5215 945 5266 τοῦ
986 5219 1337 5272 ταπεινῶσαι
1388 5223 1570 5274 αὐτὸν
1615 5227 1805 5294 καθὼς

255 5311 352 5363 ἀπ’
387 5305 583 5375 ἀρχῆς
608 5304 726 5358 ἀπὸ
762 5302 878 5354 τῶν
906 5304 1154 5374 ἡμερῶν,
1173 5303 1257 5361 ὧν
1283 5311 1462 5375 ἔταξα
1491 5315 1685 5379 κριτὰς
1706 5317 1801 5371 ἐπὶ

255 5399 360 5449 τὸν
410 5395 569 5450 λαόν
605 5409 724 5459 μου
761 5391 1028 5457 Ἰσραήλο
1069 5396 1162 5448 καὶ
1204 5398 1525 5452 ἀναπαύσω
1571 5417 1641 5453 σε
1688 5405 1804 5460 ἀπὸ

257 5485 500 5538 πάντων
531 5481 648 5534 τῶν
673 5477 897 5546 ἐχθρῶν
927 5495 1059 5534 σου.
1090 5485 1194 5536 Καὶ
1215 5489 1534 5556 ἀπαγγελεῖ
1573 5507 1666 5541 σοι
1699 5497 1804 5548 Κύ-

250 5592 403 5642 ριος,
432 5573 521 5624 ὅτι
546 5566 715 5622 οἷκον
737 5565 1140 5637 οἰκοδομήσας
1165 5574 1337 5640 αὐτῷ.
1357 5577 1460 5630 Καὶ
1487 5576 1670 5642 ἔσται,
1694 5582 1804 5634 ἐὰν

256 5658 652 5729 πληρωθῶσιν
682 5656 743 5706 al
776 5653 977 5720 ἡμέραι
1019 5675 1150 5726 σου,
1185 5663 1276 5714 καὶ
1309 5665 1635 5733 κοιμηθιίσῃ
1655 5673 1802 5735 μετὰ

328 5843 368 5872 ²⁹
406 5839 549 5893 Psul.
589 5845 782 5886 cxxxt.

1905 755 2049 808 vovit
2087 753 2196 808 Deo
2216 748 2391 806 Jacob
2433 742 2657 805 dicens:
2690 752 2751 806 Si
2777 754 3020 807 introiere
3059 753 3113 804 in
3143 752 3457 809 tabernacu-

1907 846 2011 897 lum
2037 845 2220 896 domus
2260 855 2409 901 mete,
2444 835 2490 890 εἰ
2516 842 2791 896 ascendere
2823 847 2875 896 in
2916 844 3098 896 lectum
3131 846 3284 895 strati
3312 847 3450 898 mei:

1904 934 1950 986 si
1975 932 2158 986 dedero
2188 943 2428 985 somnum
2455 929 2619 982 oculis
2654 933 2797 994 meis,
2823 941 2870 984 et
2894 929 3149 998 palpebris
3177 931 3300 983 meis
3321 931 3450 985 dor-

1905 1024 2245 1084 mitationem,
2271 1021 2433 1074 donec
2460 1018 2712 1076 inveniam
2738 1022 2902 1073 locum
2935 1020 3176 1081 Domino,
3205 1019 3444 1073 taberna-

1904 1112 2076 1165 culum
2107 1112 2212 1165 Deo
2251 1109 2418 1166 Iacob
2444 1111 2506 1161 ¹⁹.
2539 1109 2662 1165 Haec
2699 1111 2788 1163 illo
2832 1109 3122 1179 cogitante,
3145 1109 3290 1176 pium
3322 1109 3442 1179 qui—

1903 1203 2022 1256 dem
2053 1202 2386 1271 propositum
2417 1199 2557 1255 Deus
2580 1201 2840 1271 approbat
2871 1218 2883 1252 :
2913 1214 3086 1268 neque
3116 1207 3293 1252 tamen
3319 1213 3442 1267 per-

1905 1291 2066 1344 mittit
2105 1292 2320 1346 domum
2366 1291 2595 1355 exstrui,
2632 1306 2737 1344 non
2769 1305 2905 1358 opus
2951 1303 3071 1342 esse
3120 1287 3230 1342 Deo
3258 1287 3443 1342 dicens

1904 1379 2064 1433 domo
2104 1379 2370 1442 sensibili,
2405 1379 2490 1432 vel
2533 1394 2615 1434 ex,
2650 1375 3278 1444 inanimatis-lapidibus
3320 1387 3452 1428 conv

1905 1468 2190 1532 struenda;
2219 1467 2312 1520 sed
2337 1467 2383 1520 si
2410 1473 2714 1535 opus-esset
2737 1466 2903 1518 Deum
2932 1465 2986 1518 in
3012 1476 3152 1518 terra
3175 1463 3440 1527 habitare,

1903 1572 1968 1610 ex
1996 1555 2164 1624 ipsius
2196 1556 2359 1608 David
2393 1556 2596 1610 semine
2638 1555 2976 1624 proditurum
3003 1568 3143 1615 esse,
3168 1553 3260 1621 qui
3289 1567 3441 1607 suam

1904 1647 2155 1701 deitatem
2189 1647 2477 1714 exciperet,
2511 1645 2712 1714 quique
2743 1657 2953 1699 sacram
2980 1643 3196 1698 domum
3227 1649 3281 1697 et
3303 1651 3439 1698 tem-

1902 1736 2045 1805 plum
2074 1744 2316 1790 sanctum
2349 1735 2456 1790 Deo
2496 1737 2716 1803 dignum
2746 1741 3066 1796 exstrueret,
3102 1734 3258 1802 cujus
3285 1733 3456 1788 thro-

1903 1843 2004 1881 nus
2034 1843 2128 1895 per
2165 1842 2324 1880 omne
2353 1829 2608 1881 saeculum
2635 1828 2931 1882 duraturus
2957 1835 3119 1881 esset.
3156 1824 3439 1896 Signiﬁca-

1905 1915 1998 1968 bat
2038 1921 2214 1967 autem
2251 1914 2526 1968 Christum
2557 1930 2713 1968 suum
2744 1931 2808 1968 ex
2843 1915 3048 1970 semine
3096 1912 3312 1967 Davidis
3357 1928 3458 1967 se--

1905 2003 2136 2057 cundum
2171 2017 2385 2057 carnem
2423 2004 2707 2068 oriturum,
2747 2010 2800 2056 et
2837 2002 3130 2056 Ecclesiam
3161 2004 3228 2054 ab
3254 2016 3320 2056 eo
3350 2017 3459 2071 per.

1905 2101 2075 2145 totum
2113 2093 2296 2145 orbein
2327 2092 2780 2146 constituendam.
2815 2092 2968 2157 Quod
3010 2100 3185 2146 autem
3231 2092 3343 2146 haec
3370 2093 3439 2145 ita

1906 2195 1964 2234 se
2016 2173 2289 2242 haberent,
2339 2181 2641 2249 Regnorum
2689 2181 2953 2250 scriptura
3001 2182 3156 2236 docet
3203 2181 3304 2234 hoc
3348 2195 3438 2249 pa-

1904 2278 2026 2324 cto:
2054 2269 2274 2323 Factum
2300 2280 2378 2324 est
2415 2280 2584 2324 autem
2626 2287 2741 2323 cum
2771 2273 2963 2324 sederet
3007 2270 3172 2324 David
3210 2272 3264 2323 in
3288 2271 3440 2324 domo

1904 2378 2020 2425 sua,
2053 2371 2102 2414 et
2135 2361 2388 2414 Dominus
2416 2362 2788 2429 possessionem
2811 2363 2858 2414 ei
2891 2360 3114 2415 dedisset
3137 2362 3190 2414 in
3219 2361 3440 2414 circuitu

1905 2452 1968 2504 ab
1997 2451 2230 2504 omnibus
2261 2452 2486 2504 inimicis
2519 2453 2627 2505 suis
2641 2467 2666 2511 ;.
2701 2452 2832 2504 dixit
2867 2467 2956 2504 rex
2981 2453 3047 2504 ad
3059 2451 3287 2504 -Natltan
3314 2467 3439 2516 pro-

1903 2540 2106 2608 phetam
2137 2557 2154 2593 :
2184 2540 2313 2594 Ecce
2350 2558 2442 2610 ego
2485 2541 2656 2595 habito
2689 2543 2741 2594 in
2768 2541 2920 2595 domo
2956 2541 3185 2606 cedrina,
3221 2550 3268 2594 et
3317 2558 3440 2594 arca

1904 2629 2000 2682 Dei
2031 2629 2168 2683 sedet
2195 2631 2248 2682 in
2276 2632 2442 2683 medio
2464 2630 2824 2692 tabernaculi;
2848 2637 2958 2692 aut,
2993 2632 3047 2683 in
3082 2630 3248 2684 medio
3271 2630 3440 2698 pellis.

1903 2726 1962 2771 ut
2003 2717 2262 2772 Hebraica
2298 2720 2457 2773 lectio
2497 2717 2782 2788 signiﬁcat.
2835 2717 2898 2771 Et
2949 2721 3083 2772 dixit
3117 2719 3332 2772 Nat/mn
3375 2725 3439 2772 ad

1904 2823 2089 2876 regem,
2134 2806 2323 2861 Omnia
2359 2824 2474 2876 qua:
2520 2817 2638 2860 sunt
2666 2813 2717 2859 in
2765 2807 2916 2861 corde
2955 2819 3040 2862 tuo
3085 2808 3210 2862 vade
3250 2820 3298 2862 et
3333 2810 3440 2877 fac,

1902 2898 2022 2964 quia
2043 2897 2290 2950 Dominus
2330 2908 2492 2950 tecum
2520 2909 2616 2952 est.
2662 2897 2722 2949 Et
2745 2898 2941 2964 [actum
2969 2910 3044 2952 est
3077 2900 3128 2952 in
3157 2910 3302 2953 nocte
3326 2900 3438 2960 illa.

1901 2997 1949 3041 et
1999 2987 2192 3055 factum
2227 2998 2302 3041 est
2343 2989 2546 3042 verbum
2589 2989 2800 3042 Domini
2851 2989 2918 3042 ad
2967 2989 3182 3043 Natltan
3226 2991 3436 3044 dicens.

1911 3077 2052 3130 Vade
2078 3079 2146 3130 ad
2175 3095 2372 3131 servum
2403 3094 2567 3130 meum
2594 3077 2782 3140 David,
2811 3087 2858 3132 et
2880 3079 2963 3131 dic
2992 3094 3010 3130 :
3043 3079 3163 3134 Ila'c
3194 3082 3318 3133 dicit
3343 3081 3436 3134 Do

1901 3168 2091 3232 minus,
2130 3165 2247 3220 Non
2277 3177 2331 3219 tu
2358 3166 2640 3235 a’diﬁcabis
2681 3168 2808 3220 milti
2844 3172 3052 3221 domum
3101 3168 3169 3221 ad
3197 3169 3430 3222 habitan-

1901 3255 2024 3309 dum
2048 3273 2065 3308 :
2090 3258 2212 3326 quia
2241 3273 2340 3310 non
2369 3257 2596 3309 Itabitavi
2622 3258 2674 3309 in
2702 3256 2853 3309 domo
2873 3275 2905 3309 a
2933 3259 3015 3310 die
3037 3258 3130 3310 illa
3151 3275 3253 3327 qua
3283 3259 3434 3312 eduxi

1903 3348 2038 3414 filios
2091 3345 2259 3400 Israel
2307 3363 2370 3400 ea:
2420 3345 2662 3416 /Egypto,
2703 3363 2861 3415 usque
2905 3348 2957 3399 in
3003 3347 3138 3400 diem
3189 3349 3359 3400 hanc:
3391 3360 3436 3402 et

1903 3432 2233 3486 ambulabam
2263 3435 2315 3486 in
2343 3434 2620 3487 diversorio
2648 3435 2769 3486 etin
2797 3435 3124 3489 tabernaculo
3152 3437 3204 3489 in
3243 3440 3437 3492 cunctis

1905 3525 2031 3577 locis
2057 3539 2146 3591 per
2180 3540 2295 3591 qua:
2323 3525 2535 3577 transivi
2567 3541 2680 3576 cum
2724 3527 2864 3578 omni
2904 3525 3109 3589 Israel;
3159 3527 3204 3579 si
3230 3526 3460 3595 loquens.

1905 3615 2101 3667 locutus
2127 3630 2237 3666 sum
2261 3613 2330 3666 ad
2361 3631 2517 3666 unam
2544 3615 2730 3668 tribum
2775 3616 2960 3678 Israel,
2995 3616 3080 3667 cui
3104 3618 3318 3683 pra‘cepi
3343 3633 3430 3684 pa-

1903 3721 2038 3758 scere
2055 3704 2298 3772 populum
2325 3721 2491 3757 meum
2525 3704 2693 3759 Israel
2713 3705 2884 3759 dicens
2907 3721 2925 3758 :
2955 3705 3128 3769 Quare
3149 3723 3249 3758 non
3271 3706 3430 3773 (udi/i-

1902 3793 2060 3844 castis
2111 3791 2236 3843 mihi
2281 3790 2489 3844 domum
2533 3793 2838 3848 cedrinam?
2887 3792 2954 3846 Et
3004 3811 3137 3847 nunc
3157 3796 3264 3848 [nec
3299 3795 3472 3852 dices.

1903 3897 2046 3933 servo
2093 3897 2202 3934 meo
2235 3880 2398 3934 David
2429 3896 2447 3933 :
2478 3881 2604 3935 Ha'c
2649 3883 2774 3936 dicit
2807 3883 3058 3936 Dominus
3095 3887 3464 3954 omnipotens,

1904 3970 2016 4040 Ego
2039 3972 2136 4023 tuli
2173 3981 2220 4024 te
2246 3987 2311 4025 ex
2347 3973 2469 4025 ovili
2496 3984 2784 4042 sequentem
2807 3991 2941 4036 oves,
2998 3982 3054 4026 ut
3092 3991 3227 4028 esses
3258 3977 3310 4029 in
3339 3976 3436 4029 du-

1904 4075 2010 4112 cem
2049 4059 2236 4124 Israel,
2277 4071 2323 4114 et
2363 4078 2505 4115 eram
2558 4073 2721 4115 tecum
2773 4065 2826 4114 in
2875 4063 3110 4116 omnibus
3154 4064 3466 4134 ubicunque.

1903 4151 2250 4205 ambulabas:
2291 4162 2338 4206 et
2385 4151 2584 4220 perdidi
2625 4168 2794 4204 omnes
2839 4154 3069 4205 inimicos
3110 4162 3272 4206 tuosa
3306 4153 3435 4221 facit

1905 4241 2018 4305 tua,
2049 4251 2098 4295 et
2131 4241 2227 4309 feci
2254 4251 2300 4294 te
2333 4244 2653 4295 nominatum
2689 4241 2967 4295 secundum
3005 4258 3184 4296 nomen
3225 4260 3429 4313 magno-

1905 4346 2018 4381 rum
2046 4332 2134 4400 qui
2168 4340 2286 4384 sunt
2315 4333 2367 4384 in
2407 4341 2564 4385 terra.
2593 4330 2658 4383 Et
2683 4346 2869 4397 ponam
2897 4331 3065 4383 locum
3103 4332 3289 4399 populo
3328 4349 3437 4386 meo

1906 4419 2095 4485 Israel,
2139 4429 2186 4474 et
2218 4421 2461 4488 plantabo
2500 4437 2615 4474 eum
2663 4430 2710 4473 et
2745 4419 2996 4473 habitabit
3024 4437 3113 4489 per
3154 4438 3226 4484 se,
3257 4431 3306 4475 et
3336 4440 3436 4476 non

1875 4511 2158 4564 ‘sollicitus
2187 4511 2284 4563 erit
2316 4510 2537 4577 amplius
2561 4524 2578 4561 :
2603 4519 2649 4562 et
2678 4526 2778 4561 non
2809 4509 2973 4563 addet.
2991 4511 3132 4579 ﬁlius
3149 4513 3464 4581 iniquitatis.

261 4593 539 4662 Ἰσραὴλ,
572 4592 669 4644 καὶ
698 4591 856 4659 ἤμην
881 4591 1027 4660 μετὰ
1053 4593 1165 4645 σοῦ
1201 4594 1269 4645 ἐν
1308 4595 1492 4650 πᾶσιν
1536 4597 1623 4664 οἷς
1667 4601 1796 4654 ἐπο-

1903 4598 2174 4650 humiliore
2207 4599 2370 4664 ipsum
2418 4599 2549 4651 sicut
2591 4614 2622 4648 a
2661 4598 2933 4664 principio,
2978 4615 3008 4650 a
3044 4599 3223 4653 diebus
3255 4603 3474 4671 quibus.

1905 4689 2147 4740 constitui
2187 4687 2388 4755 judices
2445 4703 2598 4754 super
2651 4689 2894 4754 populum
2941 4705 3106 4741 meum
3155 4690 3363 4746 Israel:
3392 4704 3463 4746 etv

1905 4778 2128 4848 requiem
2161 4777 2294 4830 dabo
2334 4777 2426 4828 tibi
2455 4776 2518 4828 ab
2560 4777 2796 4830 omnibus
2833 4777 3053 4832 inimicis
3089 4781 3210 4834 tuis.
3255 4780 3321 4833 Et
3352 4799 3428 4836 an-

1904 4868 2158 4920 nuntiabit
2201 4866 2292 4920 tibi
2337 4866 2609 4928 Dominus,
2645 4876 2698 4918 ut
2722 4866 2932 4920 domum
2965 4869 3186 4936 wdiﬁces
3215 4871 3335 4938 ipsi.
3371 4871 3438 4926 Et

1903 4958 2022 5021 erit,
2051 4973 2164 5010 cum
2210 4956 2403 5024 impleti
2429 4955 2621 5022 fuerint
2657 4954 2764 5009 dies
2796 4959 2892 5020 tui,
2935 4967 2982 5010 et
3010 4959 3283 5013 dormieris
3323 4977 3440 5014 cum

1903 5047 2140 5115 patribus
2174 5049 2296 5108 tuis,
2324 5056 2372 5099 et
2393 5045 2651 5099 suscitabo
2689 5063 2859 5100 semen
2900 5058 3040 5100 tuum
3065 5059 3177 5115 post
3209 5058 3276 5112 te,
3304 5051 3441 5119 quod

1903 5139 1999 5190 erit
2031 5138 2082 5189 in
2125 5145 2294 5190 ventre
2324 5145 2429 5196 tuo,
2454 5146 2501 5188 et
2535 5135 2839 5202 prwparabo
2881 5154 3088 5205 regnum
3121 5148 3283 5192 tuum.
3324 5139 3442 5208 Ipse

1906 5226 2182 5294 wdiﬁcabit
2213 5225 2336 5277 milii
2357 5223 2586 5285 domum,
2611 5234 2659 5276 et
2684 5226 2876 5294 erigam
2901 5241 3107 5294 regnum
3139 5227 3250 5294 ejus
3284 5245 3441 5298 usque

1908 5317 1961 5368 in
2009 5314 2275 5368 saculum.
2326 5311 2431 5379 Ego
2481 5328 2568 5364 ero
2617 5313 2697 5365 illi
2748 5315 2800 5366 in
2837 5323 3056 5381 patrem,
3109 5329 3155 5368 et
3195 5317 3301 5382 ipse
3342 5321 3442 5372 erit

1910 5406 2039 5458 mihi
2069 5407 2120 5457 in
2158 5404 2345 5471 ﬁlium.
2392 5400 2458 5452 Et
2495 5403 2541 5454 si
2583 5405 2775 5456 venerit
2814 5405 3059 5472 iniquitas
3090 5406 3223 5473 ejus,
3254 5418 3306 5460 et
3356 5427 3443 5462 ar-

1906 5510 2059 5564 guam
2096 5508 2209 5544 eum
2239 5492 2292 5544 in
2332 5491 2473 5557 virga
2518 5492 2770 5560 virorum,
2820 5503 2869 5548 et
2920 5495 2971 5546 in
3002 5495 3166 5564 plagis
3208 5497 3446 5564 filiorum

1907 5584 2187 5636 hominum.
2233 5578 2645 5633 Misericordiam
2679 5594 2852 5637 autem
2886 5599 3052 5634 meam
3075 5600 3174 5637 non
3203 5586 3448 5652 auferam

1909 5675 1970 5726 ab
2001 5691 2078 5737 eo,
2114 5674 2242 5726 sicut
2275 5670 2463 5721 abstuli
2503 5669 2565 5721 ab
2597 5674 2666 5726 iis
2705 5691 2831 5743 quos
2863 5673 3062 5730 abstuli
3095 5692 3123 5726 a
3152 5675 3287 5742 {acie
3316 5691 3454 5726 mea.

3317 557 3464 612 1078
