3848 6402
284 589 420 644 ίοῖθ

968 581 1232 636 EUSEBII
1269 582 1734 640 CESARIENSIS
1772 583 1918 640 OPP.
1962 579 2138 636 PARS
2171 578 2253 633 Ill.
2299 609 2366 618 ——
2402 574 2852 630 EXEGETICA.

3490 552 3645 617 ioso

285 703 356 756 Et
396 701 562 771 ﬁdelis
591 700 689 754 erit
717 701 900 752 domus
931 700 1044 767 ejus
1085 709 1132 752 et
1162 714 1375 770 regnum
1418 701 1530 764 eius
1573 717 1732 770 usque
1772 703 1804 755 ει

2124 701 2328 767 ιτέρων
2358 715 2490 760 σου,
2525 697 2633 750 καὶ
2673 690 3052 758 ἀναστήσω
3083 689 3153 743 τὸ
3184 687 3472 757 σπέρμα
3515 701 3643 738 σου

283 792 530 846 sarculum
564 792 617 843 in
644 799 916 856 conspectu
943 805 1054 842 meo
1080 806 1097 842 :
1120 798 1168 842 et
1201 788 1415 844 thronus
1445 792 1557 859 ejus
1588 795 1687 845 erit
1716 807 1826 843 ere»

286 889 398 934 ctus
428 881 483 933 in
511 880 759 933 saxulum
799 877 1080 932 secundum
1130 879 1305 933 omnes
1341 897 1598 934 sermones
1629 881 1742 945 hos,
1775 890 1823 934 et

285 971 565 1026 secundum
604 971 898 1024 universam
946 971 1192 1023 uisionem
1225 970 1357 1024 hanc
1379 974 1444 1027 ³⁸.
1495 973 1586 1026 Sic
1617 975 1826 1026 locutus

284 1067 368 1113 est
410 1058 618 1111 Nathan
650 1057 858 1111 Davidi.
910 1055 1035 1110 Haec
1067 1071 1229 1126 porro
1269 1058 1450 1111 omnia
1492 1059 1544 1110 in
1593 1058 1825 1112 medium

285 1146 461 1205 attuli,
489 1152 548 1197 ut
577 1145 929 1207 declararem,
977 1160 1098 1198 cum
1144 1144 1311 1197 David
1351 1146 1736 1198 aadilicaturum
1769 1158 1826 1196 se

285 1234 507 1288 domum
531 1249 670 1287 arcae
700 1233 790 1287 Dei
813 1233 1016 1301 primus
1047 1233 1606 1302 promisisset,Deum,
1633 1247 1827 1301 appro-

285 1325 415 1378 bata
453 1325 599 1378 illius
632 1325 850 1393 pietate,
882 1324 1116 1378 vicissim
1143 1323 1437 1391 pollicitum
1482 1324 1528 1376 ei
1557 1338 1697 1384 esse,
1733 1337 1821 1375 es-

286 1412 577 1466 citaturum
621 1427 678 1466 se
722 1426 905 1465 semen
957 1411 1076 1478 ejus
1128 1425 1268 1472 esse,
1307 1411 1463 1478 cujus
1514 1423 1675 1479 Opera
1723 1407 1824 1461 sibi

285 1503 503 1558 domum
547 1503 805 1557 excitaret
830 1520 844 1556 :
868 1509 922 1555 et
948 1516 1070 1554 cum
1100 1500 1264 1554 David
1296 1503 1442 1570 prior
1472 1502 1734 1570 iurasset,
1769 1513 1828 1552 se

285 1593 420 1645 nihil
448 1593 592 1646 aliud
624 1602 746 1646 ante
774 1590 1065 1654 iacturum,
1097 1605 1258 1659 quam
1291 1591 1587 1647 invenisset
1615 1590 1723 1644 Deo
1747 1591 1823 1643 lo-

287 1697 432 1746 cum,
459 1681 621 1736 Deum
652 1683 893 1737 vicissim
919 1682 1136 1750 iurasse
1159 1681 1480 1750 pollicendo,
1510 1690 1558 1735 et
1596 1682 1830 1734 humano

287 1789 406 1828 sese
441 1776 576 1826 mori
615 1783 998 1842 attemperasse
1034 1772 1090 1825 in
1129 1771 1396 1840 loquendo
1429 1787 1593 1826 :nam
1622 1771 1835 1824 inﬁnita

287 1878 454 1932 prope
479 1863 584 1916 alia
617 1863 672 1916 in
713 1863 895 1916 divina
925 1860 1205 1930 Scriptura
1238 1877 1304 1915 ex
1330 1861 1564 1914 humana
1602 1875 1830 1914 consue-

288 1953 473 2006 tudine
499 1961 552 2006 et
591 1953 821 2022 quadam
857 1951 1126 2020 cogitandi
1154 1951 1362 2005 ratione
1393 1952 1462 2008 de
1503 1950 1610 2006 Deo
1638 1952 1828 2005 dicun-

1925 792 2070 861 μετὰ
2100 790 2193 852 σὲ,
2226 789 2256 840 ὅ
2299 788 2468 840 ἔσται
2488 786 2562 838 ἐν
2590 783 2674 851 τῇ
2705 783 2931 847 κοιλίᾳ
2964 797 3126 844 σου,
3159 778 3266 831 καὶ
3297 772 3647 844 ἑτοιμάσω

1928 881 2040 948 τὴν
2061 878 2384 944 βασιλείαν
2410 891 2546 927 σου.
2574 873 2786 938 Αὐτὸς
2828 869 3264 938 οἰκοδομήσει
3298 885 3430 936 μοι
3462 861 3655 917 οἷκον

1929 970 2008 1034 τῷ
2035 967 2276 1036 ὀνόματι
2309 983 2448 1034 μου,
2472 963 2573 1016 καὶ
2604 960 2965 1029 ἀνορθώσω
2992 959 3120 1012 τὸν
3144 958 3406 1025 θρόνον
3439 952 3655 1006 αὐτοῦ

1927 1058 2036 1123 ἕως
2071 1061 2156 1122 εἰς
2189 1055 2295 1108 τὸν
2317 1053 2524 1107 αἰῶνα.
2543 1051 2702 1120 Ἐγὼ
2733 1052 2976 1119 ἔσομαι
3015 1046 3200 1111 αὐτῷ
3227 1049 3336 1111 εις
3369 1041 3656 1110 πατέρα,

1927 1149 2025 1202 καὶ
2057 1148 2238 1212 αὐτὸς
2267 1147 2440 1199 ἔσται
2469 1162 2572 1214 μοι
2599 1146 2693 1209 εις
2742 1144 2920 1196 υἱόν.
2963 1140 3094 1194 Καὶ
3135 1139 3254 1192 ἐὰν
3293 1138 3490 1202 ἐλοῃ
3526 1133 3664 1187 d6:-

1930 1238 2028 1290 κία
2067 1237 2271 1299 αὑτοῦ,
2301 1236 2398 1288 καὶ
2441 1233 2677 1302 ἐλέγξω
2716 1233 2928 1286 αὑτὸν
2971 1232 3054 1284 ἐν
3083 1229 3320 1297 ῥάϐδῳ
3356 1223 3662 1291 ἀνδρῶν.

1930 1326 2024 1379 καὶ
2073 1327 2142 1378 ἐν
2181 1325 2360 1392 ἁφαῖς
2396 1322 2550 1378 υἱῶν
2593 1323 2974 1390 ἀνθρώπων.
3018 1321 3104 1374 Τὸ
3150 1319 3227 1372 δὲ
3277 1319 3505 1401 glaeie
3532 1334 3668 1384 μου

1931 1419 2039 1469 οὐκ
2083 1417 2413 1483 ἀποστήσει)
2448 1415 2552 1468 ἀπ’
2580 1413 2801 1479 αὐτοῦ,
2850 1410 3089 1475 καθὼς
3115 1409 3512 1474 ἀπέστησα
3558 1406 3667 1473 ἀφ’

1930 1502 2015 1560 ὧν
2043 1508 2358 1573 ἀπέστησα
2387 1507 2457 1560 ἐκ
2491 1503 2838 1574 προσώπου
2865 1521 3030 1572 μου.
3064 1501 3193 1554 Καὶ
3220 1497 3671 1565 πιστωοήσε-

1931 1615 2023 1650 ται
2061 1600 2094 1650 ὁ
2113 1597 2276 1661 οἶκος
2302 1596 2492 1650 αὐτοῦ
2525 1595 2628 1648 καὶ
2655 1596 2696 1660 ἡ
2724 1594 3055 1659 ,βασιλεία
3095 1591 3315 1644 αὐτοῦ
3358 1589 3504 1654 ἕως
3524 1586 3674 1641 alt?)-

1932 1702 2037 1750 νος
2064 1683 2318 1736 ἐνώπιόν
2333 1697 2489 1752 μου’
2531 1682 2638 1735 καὶ
2680 1685 2715 1735 ὁ
2743 1682 2984 1749 θρόνος
3017 1678 3237 1732 αὐτοῦ
3275 1677 3502 1730 ἔσται
3557 1677 3675 1730 ἀν-

1933 1771 2272 1840 ωρθωμένος
2301 1774 2388 1836 εὶς
2435 1771 2547 1825 τὸν
2581 1770 2776 1825 αἰῶνα
2817 1770 2992 1823 κατὰ
3023 1768 3297 1833 πάντας
3339 1766 3523 1832 τοὺς
3562 1766 3678 1819 ,κόν

1935 1880 2076 1932 γους
2101 1869 2368 1927 τούτους,
2401 1863 2504 1916 καὶ
2544 1861 2703 1916 κατὰ
2739 1860 2980 1916 πᾶσαν
3021 1859 3158 1927 τὴν
3203 1859 3480 1926 ὅρασιν
3523 1859 3676 1910 ταύ-

1936 1969 2064 2019 την.
2093 1951 2282 2015 Οὕτως
2320 1952 2553 2023 ἐλάλησε
2587 1951 2795 2004 Ναϐὰν
2823 1952 2986 2020 πρὸς
3039 1951 3148 2003 τὸν
3198 1949 3426 2002 Acut-5.
3466 1947 3677 2001 Ταῦτα

287 2052 394 2096 tur.
421 2042 628 2108 Quibus
651 2044 725 2096 ita
747 2042 1212 2105 commonstratis,
1229 2042 1338 2111 jam
1368 2049 1534 2096 restat
1557 2049 1613 2095 ut
1637 2044 1804 2110 psalm

2152 2060 2214 2095 τα
2256 2042 2602 2112 παρεθέμην,
2649 2043 3046 2114 παραστῆσαι
3109 2042 3537 2112 βουλόμενος,
3573 2040 3671 2102 69;,

287 2133 491 2188 dictum
521 2134 953 2191 consideremus.

2154 2179 2156 2181 _
2182 2132 2676 2201 ἐπηγγειλαμένου
2694 2131 2796 2184 τοῦ
2828 2131 3022 2184 Δαυῖδ
3051 2128 3225 2185 οἷκον
3262 2129 3673 2184 κατασκευα-

289 2223 400 2287 ζειν
431 2226 495 2293 τῇ
545 2223 760 2293 κιϐωτῷ
807 2223 899 2276 τοῦ
939 2224 1091 2288 Θεοῦ,
1129 2221 1522 2292 ἀποδεξάμενος
1547 2223 1706 2276 αὐτὸν
1736 2222 1834 2290 τῆς
1871 2221 2144 2284 εὐσεϐείας
2171 2223 2200 2273 ὁ
2241 2222 2392 2285 Θεὸς,
2445 2221 2988 2290 ἀντεπαγγέλλεται
3035 2222 3111 2274 τὸ
3171 2221 3446 2292 σπέρμα
3490 2219 3670 2273 αὐτοῦ

287 2313 626 2384 ἀναστήσειν,
662 2315 754 2368 κοιλ⁴
785 2314 870 2367 διὰ
898 2314 1084 2366 τούτου
1113 2313 1533 2376 κατασκευάζειν
1567 2310 1740 2380 ἐαυτῷ
1764 2307 1907 2363 οἶκον
1929 2326 1943 2341 ·
1975 2312 2070 2363 καὶ
2105 2311 2181 2374 ὡς
2205 2309 2299 2363 τοῦ
2335 2311 2502 2364 Δαυῒδ
2548 2311 2781 2381 πρώτου
2845 2311 3265 2380 ὀμωμοκότος
3350 2312 3446 2382 μὴ
3531 2311 3674 2380 12¢-

288 2424 441 2478 τερον
465 2408 640 2462 ἄλλοτι
666 2409 910 2478 ποιήσειν
928 2409 1020 2462 τοῦ
1043 2410 1206 2462 τόπον
1233 2410 1408 2478 εὑρεῖν
1427 2408 1502 2478 τῷ
1523 2407 1660 2476 θεῷ,
1683 2405 1980 2477 ἁμοιϐαίως
2004 2407 2097 2458 καὶ
2129 2409 2157 2460 ὁ
2187 2407 2317 2470 Θεὸς
2347 2407 2646 2474 ἁντόμνυσι
2719 2407 2814 2459 διὰ
2883 2407 3007 2475 τῆς
3087 2406 3518 2475 ἐπαγγελίας,
3579 2407 3674 2459 ἀν-

290 2499 698 2572 θρωπινώτερον
746 2499 1188 2568 συγκαταϐαίνων
1220 2498 1297 2568 τῷ
1329 2498 1496 2568 λόγῳο
1536 2499 1719 2568 ἐπειδὴ
1752 2498 1842 2550 καὶ
1879 2497 2012 2552 ἄλλα
2042 2499 2210 2568 μυρία
2257 2500 2314 2549 ἐν
2360 2500 2425 2567 τῇ
2475 2498 2598 2568 θείᾳ
2632 2497 2834 2568 Γραφῇ
2916 2497 3466 2569 ἁνθρωποπαθῶς
3538 2478 3674 2566 περὶ

288 2590 379 2643 ’ἑοῦ
405 2591 538 2644 Θεοῦ
567 2591 808 2643 λέλεκται
848 2591 986 2643 κατά
1015 2607 1133 2641 τινα
1184 2589 1473 2659 νοουμένην
1507 2589 1750 2658 θεωρίαν.
1803 2582 1905 2642 Ὧν,
1935 2587 2105 2650 οὕτως
2151 2588 2641 2658 ἀποδεδειγμένων,
2711 2588 2925 2658 καιρὸς
2991 2589 3117 2660 ήδη
3158 2591 3263 2644 καὶ
3296 2589 3428 2658 τὴν
3477 2590 3547 2640 ἐν
3592 2585 3670 2656 τῷ

289 2681 482 2751 ψαλμῷ
515 2683 657 2746 λέξιν
685 2682 1071 2751 ἐπιθεωρῆσαι.

358 2789 498 2854 Quid
524 2791 626 2844 sibi
651 2791 765 2842 vult
794 2804 922 2859 ergo
950 2791 1241 2859 promissio
1268 2789 1360 2844 Dei
1374 2791 1402 2843 ?-
1427 2790 1552 2844 Haec
1574 2789 1834 2858 duoprze-

290 2881 520 2943 nuntiat,
548 2880 721 2950 primo
753 2895 811 2935 se
858 2879 1078 2935 Davidis
1117 2878 1301 2935 semen
1342 2881 1396 2933 in
1428 2881 1684 2934 szeculum
1716 2894 1827 2934 ser-

296 2968 580 3036 vaturum;
617 2970 880 3035 secundo,
929 2971 1180 3025 thronum
1215 2971 1333 3039 ejus
1358 2970 1744 3024 :ediﬁcaturum
1782 2967 1836 3020 in

293 3063 686 3136 generationem
735 3071 790 3118 et
828 3063 1249 3133 generationem.
1295 3060 1497 3116 Deinde
1547 3061 1672 3130 quia
1724 3059 1837 3114 ιιωο

292 3169 402 3208 non
447 3152 690 3208 sensibili
726 3167 875 3207 more
923 3153 1168 3214 interra,
1207 3165 1382 3220 neque
1432 3150 1488 3204 in
1529 3163 1704 3220 regno
1736 3148 1838 3200 hu-

293 3257 452 3296 mana
493 3243 704 3297 ratione
731 3242 1076 3296 considerato
1115 3242 1297 3296 futura
1331 3251 1504 3304 erant,
1538 3242 1837 3308 promisso-

293 3348 412 3388 rum
445 3334 891 3403 complementum
923 3333 976 3386 in
1011 3334 1178 3388 caelos
1225 3333 1469 3386 remittit.
1500 3329 1839 3401 QuaprOpter

295 3425 434 3480 sicut
472 3425 720 3492 superius
751 3423 908 3489 dixit,
944 3422 1009 3477 In
1059 3423 1184 3477 caelo
1216 3422 1602 3492 prwparabitur
1648 3421 1838 3474 veritas

297 3527 427 3580 tua;
461 3517 540 3570 sic
576 3521 698 3586 post
750 3513 843 3569 Dei
876 3514 1288 3583 promissionem
1311 3513 1421 3582 jam
1455 3512 1638 3575 infert,
1664 3509 1842 3579 Conﬁ—

298 3605 540 3660 tebuntur
579 3604 696 3658 cwli
726 3603 992 3657 mirabilia
1045 3613 1156 3667 tua,
1188 3603 1446 3658 Domine..
1478 3600 1663 3671 Neque
1701 3601 1842 3654 enim

297 3693 549 3747 homines
575 3692 666 3760 qui
697 3691 753 3744 in
787 3700 928 3745 terra
960 3698 1106 3754 sunt,
1137 3691 1330 3760 inquit,
1374 3691 1672 3759 intelligere
1695 3697 1842 3756 pote—

298 3788 425 3834 runt
481 3793 640 3848 quam
675 3784 906 3831 mentem
950 3777 1199 3841 habeant,
1235 3794 1267 3830 ο
1300 3777 1543 3841 Domine,
1576 3777 1840 3846 promissa

299 3879 411 3934 tua,
456 3881 556 3922 nec
599 3882 845 3937 quaenam
891 3869 1000 3920 siut
1050 3867 1487 3937 propheticorum
1536 3882 1841 3921 sermonum

299 3958 720 4027 complementa;
753 3957 845 4011 sed
878 3957 978 4025 ipsi
1028 3958 1150 4009 cmli
1197 3957 1466 4020 videlicet,
1518 3964 1571 4010 et
1617 3973 1734 4027 quae
1789 3957 1841 4010 in

301 4047 439 4101 caelo
477 4052 604 4101 sunt
632 4045 824 4099 divina:
856 4046 1120 4100 virtutes:
1153 4046 1406 4114 quoniam
1445 4047 1596 4100 cmlis
1639 4061 1846 4114 compe-

305 4139 370 4191 tit
417 4138 684 4192 mirabilia
715 4145 826 4201 tua,
857 4152 974 4206 qua:
1013 4137 1066 4189 in
1096 4137 1545 4206 promissionibus
1578 4137 1842 4201 feruntur,

303 4239 555 4280 enarrare
596 4233 652 4279 et
705 4224 1065 4293 interpretari.
1115 4223 1572 4288 Quemadmodum
1607 4225 1844 4278 vicissim

304 4319 580 4372 veritatem
633 4325 818 4380 tuam,
889 4329 1008 4386 quae
1060 4315 1116 4368 in
1179 4313 1475 4383 promissis.
1515 4312 1701 4365 Davidi
1751 4314 1846 4366 da-

306 4408 380 4462 tis
421 4407 765 4469 celebratur,
819 4404 1056 4474 cogitare
1110 4413 1163 4457 et
1213 4401 1497 4456 enuntiare
1545 4415 1651 4453 non
1712 4401 1846 4455 alio-

307 4511 424 4550 rum
478 4501 613 4561 erat,
658 4510 816 4564 quam
852 4493 1109 4547 caelorum
1165 4499 1390 4554 tantum,
1441 4498 1493 4544 ct
1537 4479 1845 4559 angelorum

306 4585 398 4656 qui
437 4585 664 4638 incaelis
693 4593 863 4638 sunt:
911 4583 965 4636 hi
1007 4597 1240 4650 namque
1282 4580 1561 4634 veritatem
1605 4590 1751 4633 tuam
1792 4589 1844 4634 et

306 4674 572 4727 mirabilia
619 4682 710 4726 tua
745 4674 798 4725 in
831 4672 1069 4726 Ecclesia
1092 4681 1401 4726 sanctorum
1424 4669 1843 4723 conﬁtebuntur.

309 4762 522 4818 Etenim
548 4764 592 4818 si
622 4764 910 4834 aliquando
949 4764 1074 4817 talis
1101 4761 1339 4816 Ecclesia
1365 4761 1435 4814 in-
1463 4771 1606 4815 terra
1632 4769 1844 4824 exstet,

310 4870 428 4925 qua:
473 4855 709 4909 Ecclesia
741 4863 1050 4909 sanctorum
1081 4861 1302 4907 vocetur
1326 4871 1345 4909 ε.
1371 4861 1566 4920 prretcr
1594 4850 1693 4906 hos
1721 4866 1848 4904 sau-

311 4953 464 5007 ctos,
494 4943 594 5012 ipsi
624 4944 745 4996 creli
766 4982 781 5008 ,
815 4944 928 4997 sive
958 4943 1152 4996 divinae
1174 4943 1432 5006 virtutes,
1461 4941 1574 4996 sive
1601 4941 1864 4994 cmlestes.

313 5031 556 5085 homines
578 5071 593 5094 ,
633 5033 899 5084 mirabilia
929 5038 1021 5084 tua
1049 5039 1102 5086 et
1131 5032 1407 5085 veritatem
1439 5037 1582 5082 tuam
1602 5069 1615 5092 ,
1645 5043 1763 5097 qua:
1792 5029 1846 5081 in

315 5125 666 5190 praesentibus
704 5125 985 5193 promissis
1025 5123 1212 5183 fertur.
1245 5123 1662 5176 conﬁtebuntur.
1694 5120 1848 5184 Quod

317 5211 362 5260 si
408 5212 463 5263 in
501 5212 632 5280 ipsis
672 5212 827 5266 cmlis
875 5211 1114 5267 Ecclesia
1150 5211 1397 5281 quzedam
1439 5213 1508 5264 sit
1551 5209 1850 5278 primitivo-

322 5313 435 5349 rum
455 5336 472 5360 ,
507 5300 901 5369 descriptorum
932 5303 987 5354 in
1020 5303 1173 5356 caelis
1194 5341 1207 5362 ,
1239 5315 1302 5354 ea
1332 5299 1512 5353 verius
1544 5305 1597 5352 et
1629 5310 1852 5349 accura-

321 5385 427 5438 tius
455 5385 687 5441 Ecclesia
715 5398 1022 5444 sanctorum
1052 5407 1172 5446 esse
1197 5391 1412 5445 dicatur
1439 5407 1450 5441 :
1517 5388 1568 5440 in
1597 5401 1702 5455 qua
1729 5385 1850 5438 ςαξιὶ

328 5473 593 5527 veritatem
638 5480 1028 5545 promissorum
1074 5481 1202 5544 Dei,
1245 5489 1298 5534 et
1345 5478 1613 5532 mirabilia
1642 5478 1694 5528 in
1728 5461 1852 5548 pro-

327 5561 507 5614 missis
560 5565 732 5631 posita
761 5604 777 5630 ,
824 5572 1168 5624 enarrabunt.
1232 5569 1494 5623 Mirabilia
1540 5575 1715 5620 autem
1765 5565 1856 5618 illa

328 5664 446 5718 θυῖε
493 5649 722 5715 fuerim.
777 5654 881 5706 nisi
935 5656 1184 5713 Davidem
1229 5661 1457 5714 electum
1508 5656 1600 5710 Dei
1641 5655 1853 5718 vocari,

330 5754 541 5794 necnon.
561 5754 740 5793 semen
767 5741 834 5793 ab
861 5744 976 5810 ipso
1006 5749 1337 5816 proditurum
1365 5763 1482 5803 esse
1501 5789 1514 5813 ,
1543 5745 1684 5816 quod
1713 5745 1872 5800 thro-

408 5893 450 5921 “
482 5891 519 5943 ll
553 5891 678 5958 ιιι-ε.
715 5905 822 5955 vn,
852 5892 998 5948 ποι-ι.

1865 3300 1998 3388 θέε

2007 2788 2071 2838 Τί
2112 2788 2292 2840 τοίνυν
2341 2787 2590 2856 βούλεται
2637 2790 2680 2858 ή
2721 2788 3072 2857 ἐπαγγελία
3137 2791 3244 2844 τοῦ
3299 2791 3515 2856 Θεοῦ;
3561 2790 3667 2842 Δύο

1935 2873 2104 2926 ταῦτα
2126 2875 2490 2946 προαγορεύει
2508 2893 2520 2906 ο
2555 2875 2777 2947 πρῶτον
2806 2877 2918 2946 μὲν
2942 2879 3019 2931 ’τὸ
3048 2881 3310 2952 σπέρμα
3343 2879 3463 2932 τοῦ
3495 2878 3669 2931 Acut?

1936 2963 2039 3025 ’έως
2068 2961 2162 3017 τοῦ
2192 2965 2387 3028 αἰῶνος
2415 2965 2675 3035 φυλάξειν
2697 2980 2710 2994 ·
2743 2965 3041 3038 δεύτερον
3075 2968 3145 3022 δὲ
3174 2971 3272 3024 τὸν
3315 2969 3544 3039 θρόνον
3568 2971 3668 3024 αὐ-

1934 3054 2028 3107 τοῦ
2062 3056 2436 3126 οἰκοδομήσειν
2467 3058 2549 3118 είς
2585 3055 2789 3124 γενεὰν
2815 3059 2930 3110 καὶ
2968 3061 3225 3127 γενεάν.
3251 3059 3391 3113 Εἶτ’
3424 3061 3669 3129 ἐπειδη-

1941 3163 2044 3216 περ
2065 3145 2262 3215 ήμελλε
2290 3145 2462 3198 ταῦτα
2493 3147 2572 3217 μὴ
2597 3147 2697 3199 ἐπὶ
2720 3149 2833 3216 γῆς
2869 3149 3202 3221 αἰσθητῶς
3233 3151 3665 3213 συνίστασθαι,

1946 3236 2077 3307 μηδὲ
2123 3237 2178 3289 ἐν
2222 3238 2289 3305 τῇ
2335 3236 2475 3288 κατὰ
2521 3236 2821 3306 ἄνθρωπον
2881 3237 3206 3312 βασιλείᾳ,
3239 3244 3329 3305 εἰς
3371 3242 3667 3313 οὐρανοὺς

1999 3326 2065 3394 ἧς
2092 3326 2404 3396 ἀναπέμπει
2439 3325 2549 3379 τῶν
2581 3327 2964 3395 ἐπαγγελιῶν
3019 3331 3105 3384 τὰ
3162 3333 3664 3403 ἀποτελέσματα.

1939 3419 2015 3468 Δι’
2044 3416 2072 3468 ὃ
2096 3415 2283 3487 ὥσπερ
2309 3417 2570 3488 ἀνωτέρω
2603 3416 2818 3488 ἔφησεν
2841 3436 2855 3449 ·
2911 3421 3029 3475 Ἐν
3063 3423 3162 3489 τῷ
3196 3425 3474 3492 copam?)
3510 3425 3666 3476 ἐτοι-

1935 3506 2318 3575 μασθήσεται
2360 3507 2400 3575 ἡ
2448 3507 2706 3574 ἀλήθειά
2746 3525 2903 3574 σου,
2981 3513 3160 3570 οὕτω
3198 3518 3294 3571 καὶ
3342 3518 3460 3571 νῦν
3523 3514 3666 3588 μετὰ

1939 3596 2036 3667 τὴν
2063 3597 2393 3664 ἐπαγγελίαν
2418 3597 2513 3650 τοῦ
2547 3598 2687 3650 Θεοῦ
2721 3601 3015 3673 ἐπιφέρει
3046 3607 3120 3661 τό
3146 3626 3168 3639 ι
3216 3606 3636 3678 Ἐξομολοτή

1941 3701 2148 3744 σον-ται
2195 3689 2248 3741 οἱ
2305 3688 2549 3756 οὐρανοὶ
2593 3686 2670 3741 τὰ
2713 3691 3069 3760 θαυμάσιά
3108 3712 3265 3764 σου,
3295 3700 3540 3767 Κύριε.
3583 3695 3663 3751 05

1941 3777 2062 3847 γὰρ.
2094 3779 2141 3830 οἱ
2191 3778 2284 3829 ἐπὶ
2327 3777 2429 3847 γῆς
2471 3779 2780 3851 ἄνθρωποι,
2846 3785 3034 3851 φησὶ,
3098 3788 3474 3861 δυνήσονται
3532 3805 3662 3840 συν-

1943 3866 2108 3930 ιέναι,
2132 3869 2312 3919 ὁποῖον
2344 3866 2473 3919 νοῦν
2515 3867 2761 3938 ἔχουσιν,
2788 3865 2837 3924 ὧ
2870 3872 3103 3946 Κύριε,
3150 3883 3217 3934 αἱ
3263 3879 3652 3947 ἐπαγγελίαι,

1942 3957 2046 4011 οὐδ’
2081 3960 2242 4011 ὁποῖα
2264 3958 2334 4010 τὰ
2360 3959 2795 4031 ἀποτελέσματα
2820 3965 2946 4019 τῶν
2989 3971 3404 4042 προφητικῶν
3432 3970 3654 4039 τυγχά-

1947 4063 2022 4099 νει
2051 4045 2256 4117 λόγων·
2290 4045 2408 4097 ἀλλ’
2436 4048 2487 4099 οἱ
2512 4049 2740 4117 οὐρανοὶ
2777 4051 2956 4105 αὐτοὶ
2988 4055 3252 4130 δηλαδὴ,
3273 4059 3389 4111 καὶ
3427 4060 3492 4111 αἱ
3531 4059 3655 4110 κατ’

1944 4136 2166 4206 οὐρανὸν
2201 4135 2340 4188 θεῖαι
2367 4135 2654 4207 δυνάμεις·
2683 4139 2892 4214 διόπερ
2923 4149 3060 4209 τοῖς
3081 4149 3365 4221 οὐρανοῖς
3401 4147 3650 4218 ἁρμόζει

1943 4228 2011 4280 τὰ
2057 4225 2331 4295 θαυμάσια
2377 4241 2475 4278 σου
2519 4230 2588 4282 τὰ
2633 4230 3035 4303 ἐμφερόμενα
3081 4245 3225 4306 ταῖς
3257 4240 3651 4308 ἐπαγγελίαις

1943 4313 2236 4385 διηγεῖσθαι
2280 4313 2376 4366 καὶ
2420 4312 3105 4396 διερμηνεύειν.”Ωσπερ
3148 4331 3324 4382 πάλιν
3356 4329 3472 4397 τὴν
3507 4325 3645 4393 ἀλήο

1946 4406 2090 4458 θειάν
2118 4421 2230 4465 σου,
2259 4406 2360 4476 τὴν
2387 4409 2444 4460 ἐν
2469 4412 2592 4472 ταῖς
2610 4410 2755 4479 πρὸς
2782 4412 2880 4465 τὸν
2916 4417 3113 4472 Δαυῖδ
3147 4419 3540 4488 ἐπαγγελίαις
3565 4415 3647 4467 δε-

1899 4554 1910 4566 .
1945 4492 2294 4563 δοξασμένην,
2325 4497 2427 4550 οὐκ
2456 4498 2635 4552 ἄλλων
2662 4496 2912 4570 ἦνδνοεῖν
2933 4509 3050 4560 καὶ
3077 4509 3418 4583 διηγεῖσθαι
3454 4506 3574 4560 ἀλλ’
3605 4503 3638 4572 ἧ

1880 4617 1924 4669 υ
1955 4585 2126 4661 μόνων
2170 4585 2276 4638 τῶν
2321 4588 2574 4658 οὐρανῶν
2624 4592 2724 4642 καὶ
2761 4593 2879 4648 τῶν
2914 4597 2981 4649 ἐν
3016 4601 3296 4675 οὐρανοῖς
3334 4597 3636 4666 ἀγγέλων⁶

1949 4667 2091 4726 οὗτοι
2119 4675 2224 4745 γὰρ
2260 4677 2357 4727 καὶ
2383 4677 2483 4747 τὴν
2513 4679 2788 4750 ἀλήθειάν
2816 4701 2921 4736 σου
2959 4690 3075 4742 καὶ
3102 4667 3183 4744 τὰ
3217 4688 3516 4758 θαυμάσια
3543 4701 3630 4736 σου

1949 4766 2005 4816 ἐν
2036 4765 2329 4836 Ἐκκλησία
2358 4768 2530 4836 ἁγίων
2550 4769 3116 4846 ἐξομολογήσονται.
3141 4784 3215 4838 Εἰ
3246 4781 3357 4854 γάρ
3387 4793 3526 4830 ποτε
3553 4772 3634 4842 γέ·

1948 4870 2088 4906 νοιτο
2128 4855 2425 4923 Ἐκκλησία
2452 4876 2538 4923 τις
2569 4862 2806 4936 τοιαύτη
2867 4867 2973 4920 ἐπὶ
3001 4871 3148 4942 γῆς,
3183 4875 3272 4939 ὡς
3293 4869 3476 4935 ἁγίων
3517 4865 3626 4916 Ἐκ-

1949 4943 2172 5012 κλησίαν
2201 4944 2374 5015 αὐτὴν
2403 4950 2808 5018 χρηματίζειν,
2834 4957 3004 5026 παρὰ
3040 4961 3290 5029 τούτοις
3322 4959 3378 5007 οἱ
3399 4951 3635 5023 οὐρανοὶ,

1947 5034 2057 5085 εἴτε
2089 5032 2347 5103 δυνάμεις
2381 5035 2547 5101 θεῖαι,
2574 5040 2689 5093 εἴτε
2719 5045 2821 5096 καὶ
2849 5047 3129 5119 οὐράνιοι
3149 5054 3403 5129 ἄνδρες.
3430 5045 3498 5093 τὰ
3520 5041 3637 5089 θαν-

1956 5123 2125 5192 μάσιὰ
2151 5139 2244 5176 σου
2267 5127 2364 5178 καὶ
2386 5127 2487 5199 τὴν
2523 5130 2794 5203 ἀλήθειάν
2829 5154 2959 5202 σου,
2995 5141 3110 5212 τὴν
3133 5123 3565 5216 ἐμφερομένην
3595 5126 3644 5174 ἓν

1952 5213 2070 5272 ταῖς
2110 5215 2507 5284 προκειμέναις
2555 5220 2961 5292 ἐπαγγελίαις,
2991 5213 3571 5308 ἐξομοίλᾷγῆσονται.
3598 5213 3653 5262 Ei

1954 5299 2011 5351 δέ
2046 5302 2161 5354 ἐστι
2215 5305 2312 5356 καὶ
2366 5307 2426 5360 ὲν
2475 5309 2664 5374 αὐτοῖς
2712 5317 2837 5378 τοῖς
2872 5299 3156 5390 cummi;
3202 5299 3554 5384 Ἐξιςιλτγσία
3584 5315 3654 5360 τις

1959 5393 2320 5459 πρωτοτόκων
2360 5399 2901 5475 ἀπογεγραμμένων
2930 5411 2993 5464 ἐν
3030 5413 3344 5485 οὐρανοῖς
3363 5441 3396 5468 φ
3428 5391 3664 5464 κυριώτε-

1961 5497 2052 5548 ρον
2101 5483 2194 5535 καὶ
2241 5485 2612 5562 ἀληθέστερον
2661 5493 2898 5571 λεχθείη
2955 5501 3028 5555 ἂν
3082 5477 3182 5556 ε’κε
3197 5477 3330 5581 ίνη⁷
3399 5477 3659 5547 Ἐκκλησία

1963 5571 2132 5637 ἁγίων
2157 5571 2302 5634 εἶναι
2345 5580 2674 5652 Ἐκκλησία,
2708 5588 2768 5640 ἐν
2871 5569 2924 5645 οἱ
2963 5596 3206 5668 οὐρανοὶ
3251 5569 3427 5665 τίδ’)
3447 5569 3667 5640 διδ-ἡδίων

1963 5659 2070 5712 τῶν
2101 5665 2453 5739 ἐπαγγελιῶν
2485 5676 2580 5730 τοῦ
2613 5677 2757 5733 Θεοῦ
2784 5684 2890 5737 καὶ
2915 5685 2992 5740 τὰ
3022 5653 3358 5759 θαυμάσιοι
3444 5663 3507 5715 τᾶ
3524 5661 3571 5709 ἐν
3589 5653 3663 5759 αξ-

1962 5754 2086 5814 ταῖς
2125 5757 2479 5837 ἀποκείμενα
2522 5768 2916 5843 διηγήσονται.
2955 5735 3278 5853 Θαυμὲσια
3319 5749 3586 5838 τίνα
3615 5735 3668 5809 ἦν
