  <div class='ocr_page' id='page_1' title='image "/cluster/home/n/w/nwhite01/storage/ocr_20150623/23 (Eusebius, pt. 5)/nyp.33433081862363/572.png"; bbox 0 0 3848 6392; ppageno 0'>
   <div class='ocr_carea' id='block_1_1' title="bbox 185 535 3406 616">
    <p class='ocr_par' dir='ltr' id='par_1_1' title="bbox 185 535 3406 616">
     <span class='ocr_line' id='line_1_1' title="bbox 185 535 3406 616; baseline 0.004 -14"><span class='ocrx_word' id='word_1_1' title='bbox 185 541 346 603; x_wconf 57' lang='lat' dir='ltr'><strong>rost</strong></span> <span class='ocrx_word' id='word_1_2' title='bbox 1293 553 1780 612; x_wconf 73' lang='lat' dir='ltr'><strong>COMMENTABIA</strong></span> <span class='ocrx_word' id='word_1_3' title='bbox 1814 555 1879 608; x_wconf 84' lang='lat' dir='ltr'><strong>lN</strong></span> <span class='ocrx_word' id='word_1_4' title='bbox 1930 535 2266 610; x_wconf 59' lang='lat' dir='ltr'><strong>essurus.</strong></span> <span class='ocrx_word' id='word_1_5' title='bbox 3272 561 3406 616; x_wconf 70' lang='lat' dir='ltr'><strong>mea</strong></span> 
     </span>
    </p>
   </div>
   <div class='ocr_carea' id='block_1_2' title="bbox 205 656 1754 740">
    <p class='ocr_par' dir='ltr' id='par_1_2' title="bbox 205 656 1754 740">
     <span class='ocr_line' id='line_1_2' title="bbox 205 656 1754 740; baseline 0.006 -26"><span class='ocrx_word' id='word_1_6' title='bbox 205 656 383 726; x_wconf 76' lang='grc' dir='ltr'>ἀλλ’ἢ</span> <span class='ocrx_word' id='word_1_7' title='bbox 413 656 473 709; x_wconf 69' lang='grc' dir='ltr'>τὸ</span> <span class='ocrx_word' id='word_1_8' title='bbox 499 659 757 717; x_wconf 80' lang='grc' dir='ltr'>ἐκλεκτὸν</span> <span class='ocrx_word' id='word_1_9' title='bbox 784 667 877 718; x_wconf 88' lang='grc' dir='ltr'><strong>τοῦ</strong></span> <span class='ocrx_word' id='word_1_10' title='bbox 917 668 1048 721; x_wconf 83' lang='grc' dir='ltr'>Θεοῦ</span> <span class='ocrx_word' id='word_1_11' title='bbox 1077 671 1402 740; x_wconf 84' lang='grc' dir='ltr'>χρηματίσαι</span> <span class='ocrx_word' id='word_1_12' title='bbox 1449 673 1538 725; x_wconf 74' lang='grc' dir='ltr'><strong>τὸν</strong></span> <span class='ocrx_word' id='word_1_13' title='bbox 1587 671 1754 734; x_wconf 74' lang='grc' dir='ltr'>Δαυῖδ,</span> 
     </span>
    </p>
   </div>
   <div class='ocr_carea' id='block_1_3' title="bbox 1855 656 3397 740">
    <p class='ocr_par' dir='ltr' id='par_1_3' title="bbox 1863 670 3397 736">
     <span class='ocr_line' id='line_1_3' title="bbox 1863 670 3397 736; baseline 0.004 -12"><span class='ocrx_word' id='word_1_14' title='bbox 1863 687 1991 724; x_wconf 89' lang='lat' dir='ltr'><strong>num</strong></span> <span class='ocrx_word' id='word_1_15' title='bbox 2039 679 2300 725; x_wconf 68' lang='lat' dir='ltr'><strong>internum</strong></span> <span class='ocrx_word' id='word_1_16' title='bbox 2345 676 2626 723; x_wconf 89' lang='lat' dir='ltr'><strong>nacturum</strong></span> <span class='ocrx_word' id='word_1_17' title='bbox 2667 670 2776 736; x_wconf 88' lang='lat' dir='ltr'><strong>sit;</strong></span> <span class='ocrx_word' id='word_1_18' title='bbox 2821 674 2982 736; x_wconf 89' lang='lat' dir='ltr'><strong>atque</strong></span> <span class='ocrx_word' id='word_1_19' title='bbox 3026 679 3397 730; x_wconf 74' lang='lat' dir='ltr'><strong>testamentum</strong></span> 
     </span>
    </p>
   </div>
   <div class='ocr_carea' id='block_1_4' title="bbox 204 747 1754 830">
    <p class='ocr_par' dir='ltr' id='par_1_4' title="bbox 204 747 1754 830">
     <span class='ocr_line' id='line_1_4' title="bbox 204 747 1754 830; baseline 0.009 -28"><span class='ocrx_word' id='word_1_20' title='bbox 204 750 308 802; x_wconf 70' lang='grc' dir='ltr'><strong>καὶ</strong></span> <span class='ocrx_word' id='word_1_21' title='bbox 329 747 392 800; x_wconf 71' lang='grc' dir='ltr'>τὸ</span> <span class='ocrx_word' id='word_1_22' title='bbox 424 747 482 813; x_wconf 77' lang='grc' dir='ltr'><strong>ἐξ</strong></span> <span class='ocrx_word' id='word_1_23' title='bbox 509 747 673 803; x_wconf 80' lang='grc' dir='ltr'>αὐτοῦ</span> <span class='ocrx_word' id='word_1_24' title='bbox 703 756 950 820; x_wconf 86' lang='grc' dir='ltr'>γενέσθαι</span> <span class='ocrx_word' id='word_1_25' title='bbox 985 759 1199 828; x_wconf 84' lang='grc' dir='ltr'>σπέρμα</span> <span class='ocrx_word' id='word_1_26' title='bbox 1221 759 1402 830; x_wconf 83' lang='grc' dir='ltr'>θρόνον</span> <span class='ocrx_word' id='word_1_27' title='bbox 1430 760 1640 814; x_wconf 88' lang='grc' dir='ltr'>αίώνιον</span> <span class='ocrx_word' id='word_1_28' title='bbox 1669 779 1754 815; x_wconf 84' lang='grc' dir='ltr'>κα-</span> 
     </span>
    </p>
   </div>
   <div class='ocr_carea' id='block_1_5' title="bbox 1855 747 3394 830">
    <p class='ocr_par' dir='ltr' id='par_1_5' title="bbox 1861 757 3394 829">
     <span class='ocr_line' id='line_1_5' title="bbox 1861 757 3394 829; baseline 0.003 -15"><span class='ocrx_word' id='word_1_29' title='bbox 1861 769 2158 822; x_wconf 69' lang='lat' dir='ltr'><strong>aeternum,</strong></span> <span class='ocrx_word' id='word_1_30' title='bbox 2194 758 2307 812; x_wconf 98' lang='lat' dir='ltr'><strong>sive</strong></span> <span class='ocrx_word' id='word_1_31' title='bbox 2337 767 2548 827; x_wconf 87' lang='lat' dir='ltr'><strong>pactum</strong></span> <span class='ocrx_word' id='word_1_32' title='bbox 2581 760 2646 812; x_wconf 86' lang='lat' dir='ltr'><strong>ab</strong></span> <span class='ocrx_word' id='word_1_33' title='bbox 2675 760 2766 813; x_wconf 92' lang='lat' dir='ltr'><strong>illo</strong></span> <span class='ocrx_word' id='word_1_34' title='bbox 2796 775 2918 812; x_wconf 82' lang='lat' dir='ltr'><strong>Clllll</strong></span> <span class='ocrx_word' id='word_1_35' title='bbox 2953 757 3060 811; x_wconf 87' lang='lat' dir='ltr'><strong>Deo</strong></span> <span class='ocrx_word' id='word_1_36' title='bbox 3088 775 3394 829; x_wconf 89' lang='lat' dir='ltr'><strong>percussum</strong></span> 
     </span>
    </p>
   </div>
   <div class='ocr_carea' id='block_1_6' title="bbox 205 837 1754 920">
    <p class='ocr_par' dir='ltr' id='par_1_6' title="bbox 205 837 1754 920">
     <span class='ocr_line' id='line_1_6' title="bbox 205 837 1754 920; baseline 0.009 -30"><span class='ocrx_word' id='word_1_37' title='bbox 205 837 392 902; x_wconf 79' lang='grc' dir='ltr'>θὲξον,</span> <span class='ocrx_word' id='word_1_38' title='bbox 421 839 514 889; x_wconf 71' lang='grc' dir='ltr'><strong>καὶ</strong></span> <span class='ocrx_word' id='word_1_39' title='bbox 544 838 616 890; x_wconf 84' lang='grc' dir='ltr'>τὸ·</span> <span class='ocrx_word' id='word_1_40' title='bbox 631 840 893 913; x_wconf 80' lang='grc' dir='ltr'>διαθήκην</span> <span class='ocrx_word' id='word_1_41' title='bbox 921 845 1130 899; x_wconf 86' lang='grc' dir='ltr'>αἰώνιον</span> <span class='ocrx_word' id='word_1_42' title='bbox 1153 841 1472 902; x_wconf 76' lang='grc' dir='ltr'>διατίθεσθαι</span> <span class='ocrx_word' id='word_1_43' title='bbox 1505 851 1635 920; x_wconf 83' lang='grc' dir='ltr'>πρὸς</span> <span class='ocrx_word' id='word_1_44' title='bbox 1665 851 1754 903; x_wconf 80' lang='grc' dir='ltr'><strong>αὖ·</strong></span> 
     </span>
    </p>
   </div>
   <div class='ocr_carea' id='block_1_7' title="bbox 1855 837 3394 920">
    <p class='ocr_par' dir='ltr' id='par_1_7' title="bbox 1863 847 3394 919">
     <span class='ocr_line' id='line_1_7' title="bbox 1863 847 3394 919; baseline 0.001 -16"><span class='ocrx_word' id='word_1_45' title='bbox 1863 849 2067 904; x_wconf 78' lang='lat' dir='ltr'><strong>fuisse?</strong></span> <span class='ocrx_word' id='word_1_46' title='bbox 2095 849 2174 902; x_wconf 91' lang='lat' dir='ltr'><strong>sic</strong></span> <span class='ocrx_word' id='word_1_47' title='bbox 2198 847 2339 900; x_wconf 91' lang='lat' dir='ltr'><strong>enim</strong></span> <span class='ocrx_word' id='word_1_48' title='bbox 2370 847 2557 917; x_wconf 85' lang='lat' dir='ltr'><strong>Aquila</strong></span> <span class='ocrx_word' id='word_1_49' title='bbox 2588 861 2638 903; x_wconf 89' lang='lat' dir='ltr'><strong>et</strong></span> <span class='ocrx_word' id='word_1_50' title='bbox 2671 847 3024 919; x_wconf 84' lang='lat' dir='ltr'><strong>Symmachus</strong></span> <span class='ocrx_word' id='word_1_51' title='bbox 3066 849 3394 919; x_wconf 81' lang='lat' dir='ltr'><strong>interpretati</strong></span> 
     </span>
    </p>
   </div>
   <div class='ocr_carea' id='block_1_8' title="bbox 201 927 1754 1007">
    <p class='ocr_par' dir='ltr' id='par_1_8' title="bbox 201 927 1754 1004">
     <span class='ocr_line' id='line_1_8' title="bbox 201 927 1754 1004; baseline 0.007 -25"><span class='ocrx_word' id='word_1_52' title='bbox 201 927 301 980; x_wconf 80' lang='grc' dir='ltr'><strong>τὸν</strong></span> <span class='ocrx_word' id='word_1_53' title='bbox 331 927 424 978; x_wconf 82' lang='grc' dir='ltr'><strong>τὸν</strong></span> <span class='ocrx_word' id='word_1_54' title='bbox 450 927 599 991; x_wconf 77' lang='grc' dir='ltr'>Θεὸν,</span> <span class='ocrx_word' id='word_1_55' title='bbox 626 929 659 998; x_wconf 84' lang='grc' dir='ltr'>ἢ</span> <span class='ocrx_word' id='word_1_56' title='bbox 692 931 956 1001; x_wconf 76' lang='grc' dir='ltr'>συνθήκην</span> <span class='ocrx_word' id='word_1_57' title='bbox 978 935 1110 1004; x_wconf 80' lang='grc' dir='ltr'>πρὸς</span> <span class='ocrx_word' id='word_1_58' title='bbox 1131 935 1288 988; x_wconf 77' lang='grc' dir='ltr'>αὑτὸν</span> <span class='ocrx_word' id='word_1_59' title='bbox 1314 936 1593 1004; x_wconf 84' lang='grc' dir='ltr'>γενέσθαι;</span> <span class='ocrx_word' id='word_1_60' title='bbox 1625 937 1754 990; x_wconf 72' lang='grc' dir='ltr'>οὖτα</span> 
     </span>
    </p>
   </div>
   <div class='ocr_carea' id='block_1_9' title="bbox 1855 927 3394 1007">
    <p class='ocr_par' dir='ltr' id='par_1_9' title="bbox 1863 936 3394 1007">
     <span class='ocr_line' id='line_1_9' title="bbox 1863 936 3394 1007; baseline 0 -15"><span class='ocrx_word' id='word_1_61' title='bbox 1863 949 2022 1001; x_wconf 86' lang='lat' dir='ltr'><strong>sunt,</strong></span> <span class='ocrx_word' id='word_1_62' title='bbox 2053 939 2144 1007; x_wconf 91' lang='lat' dir='ltr'><strong>qui</strong></span> <span class='ocrx_word' id='word_1_63' title='bbox 2178 949 2384 1005; x_wconf 84' lang='lat' dir='ltr'><strong>pactum</strong></span> <span class='ocrx_word' id='word_1_64' title='bbox 2425 953 2518 1006; x_wconf 88' lang='lat' dir='ltr'><strong>pro</strong></span> <span class='ocrx_word' id='word_1_65' title='bbox 2548 945 2873 992; x_wconf 86' lang='lat' dir='ltr'><strong>testamento</strong></span> <span class='ocrx_word' id='word_1_66' title='bbox 2918 936 3186 992; x_wconf 76' lang='lat' dir='ltr'><strong>dixerunt.</strong></span> <span class='ocrx_word' id='word_1_67' title='bbox 3235 941 3394 992; x_wconf 82' lang='lat' dir='ltr'><strong>Mira-</strong></span> 
     </span>
    </p>
   </div>
   <div class='ocr_carea' id='block_1_10' title="bbox 200 1017 1754 1098">
    <p class='ocr_par' dir='ltr' id='par_1_10' title="bbox 200 1017 1754 1096">
     <span class='ocr_line' id='line_1_10' title="bbox 200 1017 1754 1096; baseline 0.007 -26"><span class='ocrx_word' id='word_1_68' title='bbox 200 1017 322 1088; x_wconf 78' lang='grc' dir='ltr'>γὰρ</span> <span class='ocrx_word' id='word_1_69' title='bbox 361 1020 395 1071; x_wconf 77' lang='grc' dir='ltr'><strong>ἁ</strong></span> <span class='ocrx_word' id='word_1_70' title='bbox 426 1019 654 1082; x_wconf 81' lang='grc' dir='ltr'><strong>Ἀκύλας</strong></span> <span class='ocrx_word' id='word_1_71' title='bbox 693 1023 787 1074; x_wconf 76' lang='grc' dir='ltr'><strong>καὶ</strong></span> <span class='ocrx_word' id='word_1_72' title='bbox 827 1023 1112 1094; x_wconf 75' lang='grc' dir='ltr'><strong>Σύμμαχος</strong></span> <span class='ocrx_word' id='word_1_73' title='bbox 1148 1028 1508 1096; x_wconf 82' lang='grc' dir='ltr'>ὴρμήνευσαν,</span> <span class='ocrx_word' id='word_1_74' title='bbox 1549 1029 1754 1095; x_wconf 81' lang='grc' dir='ltr'>συνθή-</span> 
     </span>
    </p>
   </div>
   <div class='ocr_carea' id='block_1_11' title="bbox 1855 1017 3392 1098">
    <p class='ocr_par' dir='ltr' id='par_1_11' title="bbox 1862 1026 3392 1098">
     <span class='ocr_line' id='line_1_11' title="bbox 1862 1026 3392 1098; baseline -0.001 -15"><span class='ocrx_word' id='word_1_75' title='bbox 1862 1030 1966 1083; x_wconf 89' lang='lat' dir='ltr'><strong>bile</strong></span> <span class='ocrx_word' id='word_1_76' title='bbox 1993 1044 2208 1098; x_wconf 84' lang='lat' dir='ltr'><strong>quoque</strong></span> <span class='ocrx_word' id='word_1_77' title='bbox 2234 1031 2550 1097; x_wconf 87' lang='lat' dir='ltr'><strong>eratjurare</strong></span> <span class='ocrx_word' id='word_1_78' title='bbox 2583 1027 2745 1080; x_wconf 91' lang='lat' dir='ltr'><strong>Deum</strong></span> <span class='ocrx_word' id='word_1_79' title='bbox 2792 1026 3030 1087; x_wconf 86' lang='lat' dir='ltr'><strong>homini,</strong></span> <span class='ocrx_word' id='word_1_80' title='bbox 3066 1029 3271 1095; x_wconf 79' lang='lat' dir='ltr'><strong>ipsique</strong></span> <span class='ocrx_word' id='word_1_81' title='bbox 3307 1029 3392 1081; x_wconf 84' lang='lat' dir='ltr'><strong>di-</strong></span> 
     </span>
    </p>
   </div>
   <div class='ocr_carea' id='block_1_12' title="bbox 201 1110 1754 1188">
    <p class='ocr_par' dir='ltr' id='par_1_12' title="bbox 201 1110 1754 1188">
     <span class='ocr_line' id='line_1_12' title="bbox 201 1110 1754 1188; baseline 0.007 -28"><span class='ocrx_word' id='word_1_82' title='bbox 201 1127 335 1176; x_wconf 79' lang='grc' dir='ltr'><strong>κην</strong></span> <span class='ocrx_word' id='word_1_83' title='bbox 376 1111 500 1162; x_wconf 73' lang='grc' dir='ltr'>ἀντὶ</span> <span class='ocrx_word' id='word_1_84' title='bbox 538 1110 794 1182; x_wconf 79' lang='grc' dir='ltr'><strong>διαθήκης</strong></span> <span class='ocrx_word' id='word_1_85' title='bbox 822 1116 1115 1183; x_wconf 71' lang='grc' dir='ltr'><strong>εἰρηκότες.</strong></span> <span class='ocrx_word' id='word_1_86' title='bbox 1143 1117 1443 1187; x_wconf 78' lang='grc' dir='ltr'>Θαυμάσιον</span> <span class='ocrx_word' id='word_1_87' title='bbox 1483 1115 1549 1188; x_wconf 84' lang='grc' dir='ltr'>ἦν</span> <span class='ocrx_word' id='word_1_88' title='bbox 1587 1119 1676 1171; x_wconf 70' lang='grc' dir='ltr'><strong>καὶ</strong></span> <span class='ocrx_word' id='word_1_89' title='bbox 1706 1120 1754 1172; x_wconf 73' lang='grc' dir='ltr'>τὲ</span> 
     </span>
    </p>
   </div>
   <div class='ocr_carea' id='block_1_13' title="bbox 1855 1110 3396 1188">
    <p class='ocr_par' dir='ltr' id='par_1_13' title="bbox 1860 1117 3396 1186">
     <span class='ocr_line' id='line_1_13' title="bbox 1860 1117 3396 1186; baseline 0 -14"><span class='ocrx_word' id='word_1_90' title='bbox 1860 1133 1980 1172; x_wconf 87' lang='lat' dir='ltr'><strong>cere</strong></span> <span class='ocrx_word' id='word_1_91' title='bbox 1998 1159 2011 1180; x_wconf 93' lang='lat'><strong>,</strong></span> <span class='ocrx_word' id='word_1_92' title='bbox 2041 1117 2210 1186; x_wconf 83' lang='lat' dir='ltr'><strong>Usque</strong></span> <span class='ocrx_word' id='word_1_93' title='bbox 2235 1120 2286 1170; x_wconf 86' lang='lat' dir='ltr'><strong>in</strong></span> <span class='ocrx_word' id='word_1_94' title='bbox 2308 1130 2554 1172; x_wconf 75' lang='lat' dir='ltr'><strong>wternum</strong></span> <span class='ocrx_word' id='word_1_95' title='bbox 2577 1117 2884 1186; x_wconf 82' lang='lat' dir='ltr'><strong>pra&#39;parabo</strong></span> <span class='ocrx_word' id='word_1_96' title='bbox 2908 1133 3072 1168; x_wconf 81' lang='lat' dir='ltr'><strong>semen</strong></span> <span class='ocrx_word' id='word_1_97' title='bbox 3102 1128 3243 1169; x_wconf 87' lang='lat' dir='ltr'><strong>tuum</strong></span> <span class='ocrx_word' id='word_1_98' title='bbox 3262 1158 3276 1178; x_wconf 89' lang='lat'><strong>,</strong></span> <span class='ocrx_word' id='word_1_99' title='bbox 3307 1135 3396 1172; x_wconf 85' lang='lat' dir='ltr'><strong>se-</strong></span> 
     </span>
    </p>
   </div>
   <div class='ocr_carea' id='block_1_14' title="bbox 199 1196 1754 1278">
    <p class='ocr_par' dir='ltr' id='par_1_14' title="bbox 199 1196 1754 1278">
     <span class='ocr_line' id='line_1_14' title="bbox 199 1196 1754 1278; baseline 0.008 -31"><span class='ocrx_word' id='word_1_100' title='bbox 199 1196 448 1266; x_wconf 81' lang='grc' dir='ltr'>ὀμνύναι</span> <span class='ocrx_word' id='word_1_101' title='bbox 487 1198 576 1249; x_wconf 75' lang='grc' dir='ltr'><strong>τὸν</strong></span> <span class='ocrx_word' id='word_1_102' title='bbox 604 1199 734 1250; x_wconf 83' lang='grc' dir='ltr'>Θεὸν</span> <span class='ocrx_word' id='word_1_103' title='bbox 772 1201 1036 1271; x_wconf 84' lang='grc' dir='ltr'>ἀνθρώπῳ</span> <span class='ocrx_word' id='word_1_104' title='bbox 1070 1206 1160 1257; x_wconf 75' lang='grc' dir='ltr'><strong>καὶ</strong></span> <span class='ocrx_word' id='word_1_105' title='bbox 1189 1206 1246 1256; x_wconf 87' lang='grc' dir='ltr'><strong>τὸ</strong></span> <span class='ocrx_word' id='word_1_106' title='bbox 1273 1207 1494 1273; x_wconf 79' lang='grc' dir='ltr'>φάσκειν</span> <span class='ocrx_word' id='word_1_107' title='bbox 1519 1209 1653 1278; x_wconf 80' lang='grc' dir='ltr'>πρὸς</span> <span class='ocrx_word' id='word_1_108' title='bbox 1675 1209 1754 1260; x_wconf 66' lang='grc' dir='ltr'><strong>τὸν</strong></span> 
     </span>
    </p>
   </div>
   <div class='ocr_carea' id='block_1_15' title="bbox 1855 1196 3392 1278">
    <p class='ocr_par' dir='ltr' id='par_1_15' title="bbox 1859 1207 3392 1278">
     <span class='ocr_line' id='line_1_15' title="bbox 1859 1207 3392 1278; baseline -0.002 -16"><span class='ocrx_word' id='word_1_109' title='bbox 1859 1209 2090 1262; x_wconf 88' lang='lat' dir='ltr'><strong>cumlum</strong></span> <span class='ocrx_word' id='word_1_110' title='bbox 2124 1208 2496 1278; x_wconf 84' lang='lat' dir='ltr'><strong>Symmachum</strong></span> <span class='ocrx_word' id='word_1_111' title='bbox 2524 1226 2537 1261; x_wconf 91' lang='lat'><strong>:</strong></span> <span class='ocrx_word' id='word_1_112' title='bbox 2571 1207 2636 1260; x_wconf 78' lang='lat' dir='ltr'><strong>Et</strong></span> <span class='ocrx_word' id='word_1_113' title='bbox 2669 1209 2934 1274; x_wconf 54' lang='lat' dir='ltr'><strong>aediﬁcabo</strong></span> <span class='ocrx_word' id='word_1_114' title='bbox 2975 1209 3026 1259; x_wconf 93' lang='lat' dir='ltr'><strong>in</strong></span> <span class='ocrx_word' id='word_1_115' title='bbox 3056 1224 3392 1276; x_wconf 85' lang='lat' dir='ltr'><strong>unamquam-</strong></span> 
     </span>
    </p>
   </div>
   <div class='ocr_carea' id='block_1_16' title="bbox 201 1286 1754 1366">
    <p class='ocr_par' dir='ltr' id='par_1_16' title="bbox 201 1286 1754 1364">
     <span class='ocr_line' id='line_1_16' title="bbox 201 1286 1754 1364; baseline 0.009 -27"><span class='ocrx_word' id='word_1_116' title='bbox 201 1286 375 1338; x_wconf 82' lang='grc' dir='ltr'>αὐτόν</span> <span class='ocrx_word' id='word_1_117' title='bbox 395 1303 410 1316; x_wconf 91' lang='grc'>·</span> <span class='ocrx_word' id='word_1_118' title='bbox 443 1288 590 1352; x_wconf 79' lang='grc' dir='ltr'>Ἕως</span> <span class='ocrx_word' id='word_1_119' title='bbox 619 1289 724 1341; x_wconf 86' lang='grc' dir='ltr'>τοῦ</span> <span class='ocrx_word' id='word_1_120' title='bbox 750 1289 958 1355; x_wconf 71' lang='grc' dir='ltr'>αἰῶνος</span> <span class='ocrx_word' id='word_1_121' title='bbox 979 1293 1262 1361; x_wconf 80' lang='grc' dir='ltr'><strong>ἑτοιμάσω</strong></span> <span class='ocrx_word' id='word_1_122' title='bbox 1291 1298 1354 1347; x_wconf 88' lang='grc' dir='ltr'><strong>τὸ</strong></span> <span class='ocrx_word' id='word_1_123' title='bbox 1377 1295 1607 1364; x_wconf 83' lang='grc' dir='ltr'>σπέρμα</span> <span class='ocrx_word' id='word_1_124' title='bbox 1625 1311 1754 1360; x_wconf 85' lang='grc' dir='ltr'><strong>οόυ¹</strong></span> 
     </span>
    </p>
   </div>
   <div class='ocr_carea' id='block_1_17' title="bbox 1855 1286 3386 1366">
    <p class='ocr_par' dir='ltr' id='par_1_17' title="bbox 1859 1295 3386 1366">
     <span class='ocr_line' id='line_1_17' title="bbox 1859 1295 3386 1366; baseline -0.001 -17"><span class='ocrx_word' id='word_1_125' title='bbox 1859 1313 1954 1366; x_wconf 72' lang='lat' dir='ltr'><strong>que</strong></span> <span class='ocrx_word' id='word_1_126' title='bbox 1970 1297 2346 1366; x_wconf 76' lang='lat' dir='ltr'><strong>generationem</strong></span> <span class='ocrx_word' id='word_1_127' title='bbox 2366 1297 2600 1349; x_wconf 84' lang='lat' dir='ltr'><strong>thronum</strong></span> <span class='ocrx_word' id='word_1_128' title='bbox 2624 1306 2763 1348; x_wconf 86' lang='lat' dir='ltr'><strong>tuum</strong></span> <span class='ocrx_word' id='word_1_129' title='bbox 2781 1338 2794 1361; x_wconf 95' lang='lat'><strong>,</strong></span> <span class='ocrx_word' id='word_1_130' title='bbox 2816 1302 3104 1350; x_wconf 87' lang='lat' dir='ltr'><strong>secundum</strong></span> <span class='ocrx_word' id='word_1_131' title='bbox 3122 1295 3386 1350; x_wconf 91' lang='lat' dir='ltr'><strong>eumdem.</strong></span> 
     </span>
    </p>
   </div>
   <div class='ocr_carea' id='block_1_18' title="bbox 200 1375 1754 1452">
    <p class='ocr_par' dir='ltr' id='par_1_18' title="bbox 200 1375 1754 1452">
     <span class='ocr_line' id='line_1_18' title="bbox 200 1375 1754 1452; baseline 0.008 -26"><span class='ocrx_word' id='word_1_132' title='bbox 200 1375 355 1428; x_wconf 83' lang='grc' dir='ltr'>κατὰ</span> <span class='ocrx_word' id='word_1_133' title='bbox 380 1377 476 1428; x_wconf 80' lang='grc' dir='ltr'><strong>τὸν</strong></span> <span class='ocrx_word' id='word_1_134' title='bbox 507 1377 828 1448; x_wconf 78' lang='grc' dir='ltr'>Σύμμαχονο</span> <span class='ocrx_word' id='word_1_135' title='bbox 851 1382 958 1435; x_wconf 82' lang='lat' dir='ltr'><strong>Kal</strong></span> <span class='ocrx_word' id='word_1_136' title='bbox 999 1383 1358 1452; x_wconf 77' lang='grc' dir='ltr'><strong>οἰκοδομήσω</strong></span> <span class='ocrx_word' id='word_1_137' title='bbox 1389 1389 1474 1450; x_wconf 82' lang='grc' dir='ltr'>εὶς</span> <span class='ocrx_word' id='word_1_138' title='bbox 1503 1385 1754 1452; x_wconf 78' lang='grc' dir='ltr'>ἑκάστην</span> 
     </span>
    </p>
   </div>
   <div class='ocr_carea' id='block_1_19' title="bbox 1855 1375 3388 1452">
    <p class='ocr_par' dir='ltr' id='par_1_19' title="bbox 1858 1385 3388 1449">
     <span class='ocr_line' id='line_1_19' title="bbox 1858 1385 3388 1449; baseline -0.001 -10"><span class='ocrx_word' id='word_1_139' title='bbox 1858 1386 1922 1439; x_wconf 86' lang='lat' dir='ltr'><strong>At</strong></span> <span class='ocrx_word' id='word_1_140' title='bbox 1941 1387 2229 1439; x_wconf 79' lang='lat' dir='ltr'><strong>maximum</strong></span> <span class='ocrx_word' id='word_1_141' title='bbox 2251 1386 2488 1440; x_wconf 91' lang='lat' dir='ltr'><strong>omnium</strong></span> <span class='ocrx_word' id='word_1_142' title='bbox 2512 1385 2821 1438; x_wconf 83' lang='lat' dir='ltr'><strong>miraculum</strong></span> <span class='ocrx_word' id='word_1_143' title='bbox 2842 1385 2968 1438; x_wconf 91' lang='lat' dir='ltr'><strong>illud</strong></span> <span class='ocrx_word' id='word_1_144' title='bbox 2987 1393 3120 1449; x_wconf 86' lang='lat' dir='ltr'><strong>erat,</strong></span> <span class='ocrx_word' id='word_1_145' title='bbox 3144 1385 3388 1439; x_wconf 74' lang='lat' dir='ltr'><strong>videlicet</strong></span> 
     </span>
    </p>
   </div>
   <div class='ocr_carea' id='block_1_20' title="bbox 198 1463 1754 1544">
    <p class='ocr_par' dir='ltr' id='par_1_20' title="bbox 198 1463 1754 1543">
     <span class='ocr_line' id='line_1_20' title="bbox 198 1463 1754 1543; baseline 0.008 -29"><span class='ocrx_word' id='word_1_146' title='bbox 198 1463 430 1531; x_wconf 73' lang='grc' dir='ltr'>γενεὰν</span> <span class='ocrx_word' id='word_1_147' title='bbox 452 1463 561 1517; x_wconf 82' lang='grc' dir='ltr'><strong>τὸν</strong></span> <span class='ocrx_word' id='word_1_148' title='bbox 587 1467 798 1532; x_wconf 80' lang='grc' dir='ltr'>θρόνον</span> <span class='ocrx_word' id='word_1_149' title='bbox 827 1483 961 1532; x_wconf 87' lang='grc' dir='ltr'>σου,</span> <span class='ocrx_word' id='word_1_150' title='bbox 999 1470 1132 1522; x_wconf 75' lang='grc' dir='ltr'>κατὰ</span> <span class='ocrx_word' id='word_1_151' title='bbox 1156 1470 1244 1523; x_wconf 84' lang='grc' dir='ltr'><strong>τὸν</strong></span> <span class='ocrx_word' id='word_1_152' title='bbox 1277 1473 1452 1525; x_wconf 84' lang='grc' dir='ltr'>αὐτόν.</span> <span class='ocrx_word' id='word_1_153' title='bbox 1477 1474 1547 1524; x_wconf 85' lang='grc' dir='ltr'>Τὸ</span> <span class='ocrx_word' id='word_1_154' title='bbox 1571 1475 1625 1525; x_wconf 84' lang='grc' dir='ltr'><strong>δὲ</strong></span> <span class='ocrx_word' id='word_1_155' title='bbox 1650 1477 1754 1543; x_wconf 79' lang='grc' dir='ltr'>μεῖ-</span> 
     </span>
    </p>
   </div>
   <div class='ocr_carea' id='block_1_21' title="bbox 1855 1463 3383 1544">
    <p class='ocr_par' dir='ltr' id='par_1_21' title="bbox 1860 1475 3383 1544">
     <span class='ocr_line' id='line_1_21' title="bbox 1860 1475 3383 1544; baseline 0 -15"><span class='ocrx_word' id='word_1_156' title='bbox 1860 1477 1970 1529; x_wconf 67' lang='lat' dir='ltr'><strong>hzec</strong></span> <span class='ocrx_word' id='word_1_157' title='bbox 1987 1477 2278 1544; x_wconf 90' lang='lat' dir='ltr'><strong>pollicitum</strong></span> <span class='ocrx_word' id='word_1_158' title='bbox 2303 1475 2464 1530; x_wconf 90' lang='lat' dir='ltr'><strong>Deum</strong></span> <span class='ocrx_word' id='word_1_159' title='bbox 2485 1515 2498 1537; x_wconf 90' lang='lat'><strong>,</strong></span> <span class='ocrx_word' id='word_1_160' title='bbox 2514 1475 2819 1543; x_wconf 89' lang='lat' dir='ltr'><strong>juramento</strong></span> <span class='ocrx_word' id='word_1_161' title='bbox 2832 1475 3015 1528; x_wconf 88' lang='lat' dir='ltr'><strong>eadem</strong></span> <span class='ocrx_word' id='word_1_162' title='bbox 3033 1477 3346 1544; x_wconf 80' lang='lat' dir='ltr'><strong>obsignassc</strong></span> <span class='ocrx_word' id='word_1_163' title='bbox 3370 1495 3383 1529; x_wconf 90' lang='lat'><strong>:</strong></span> 
     </span>
    </p>
   </div>
   <div class='ocr_carea' id='block_1_22' title="bbox 200 1553 1754 1635">
    <p class='ocr_par' dir='ltr' id='par_1_22' title="bbox 200 1553 1754 1630">
     <span class='ocr_line' id='line_1_22' title="bbox 200 1553 1754 1630; baseline 0.007 -25"><span class='ocrx_word' id='word_1_164' title='bbox 200 1553 299 1617; x_wconf 79' lang='grc' dir='ltr'>ζον</span> <span class='ocrx_word' id='word_1_165' title='bbox 332 1555 594 1608; x_wconf 82' lang='grc' dir='ltr'>ἁπάντων</span> <span class='ocrx_word' id='word_1_166' title='bbox 627 1555 805 1624; x_wconf 88' lang='grc' dir='ltr'>θαῦμα</span> <span class='ocrx_word' id='word_1_167' title='bbox 827 1558 978 1610; x_wconf 92' lang='grc' dir='ltr'>τοῦτο</span> <span class='ocrx_word' id='word_1_168' title='bbox 1009 1555 1094 1628; x_wconf 84' lang='grc' dir='ltr'><strong>ἦν.</strong></span> <span class='ocrx_word' id='word_1_169' title='bbox 1119 1560 1179 1612; x_wconf 80' lang='grc' dir='ltr'><strong>τὸ</strong></span> <span class='ocrx_word' id='word_1_170' title='bbox 1205 1561 1424 1614; x_wconf 86' lang='grc' dir='ltr'>τοιαῦτα</span> <span class='ocrx_word' id='word_1_171' title='bbox 1445 1564 1754 1630; x_wconf 75' lang='grc' dir='ltr'>ἐπαγγελλό-</span> 
     </span>
    </p>
   </div>
   <div class='ocr_carea' id='block_1_23' title="bbox 1855 1553 3385 1635">
    <p class='ocr_par' dir='ltr' id='par_1_23' title="bbox 1859 1564 3385 1635">
     <span class='ocr_line' id='line_1_23' title="bbox 1859 1564 3385 1635; baseline -0.003 -15"><span class='ocrx_word' id='word_1_172' title='bbox 1859 1581 2042 1620; x_wconf 90' lang='lat' dir='ltr'><strong>verum</strong></span> <span class='ocrx_word' id='word_1_173' title='bbox 2085 1567 2227 1635; x_wconf 89' lang='lat' dir='ltr'><strong>quod</strong></span> <span class='ocrx_word' id='word_1_174' title='bbox 2257 1566 2496 1619; x_wconf 89' lang='lat' dir='ltr'><strong>omnium</strong></span> <span class='ocrx_word' id='word_1_175' title='bbox 2528 1565 2747 1618; x_wconf 87' lang='lat' dir='ltr'><strong>omnino</strong></span> <span class='ocrx_word' id='word_1_176' title='bbox 2781 1564 3238 1619; x_wconf 88' lang='lat' dir='ltr'><strong>mirabilissimum</strong></span> <span class='ocrx_word' id='word_1_177' title='bbox 3271 1573 3385 1630; x_wconf 89' lang='lat' dir='ltr'><strong>est,</strong></span> 
     </span>
    </p>
   </div>
   <div class='ocr_carea' id='block_1_24' title="bbox 201 1644 1754 1725">
    <p class='ocr_par' dir='ltr' id='par_1_24' title="bbox 201 1644 1754 1719">
     <span class='ocr_line' id='line_1_24' title="bbox 201 1644 1754 1719; baseline 0.006 -24"><span class='ocrx_word' id='word_1_178' title='bbox 201 1661 374 1715; x_wconf 73' lang='grc' dir='ltr'>μενον</span> <span class='ocrx_word' id='word_1_179' title='bbox 406 1644 501 1696; x_wconf 83' lang='grc' dir='ltr'><strong>τὸν</strong></span> <span class='ocrx_word' id='word_1_180' title='bbox 525 1646 654 1697; x_wconf 84' lang='grc' dir='ltr'>Θεὸν</span> <span class='ocrx_word' id='word_1_181' title='bbox 677 1646 820 1716; x_wconf 83' lang='grc' dir='ltr'>ὅρκῳ</span> <span class='ocrx_word' id='word_1_182' title='bbox 849 1647 1013 1700; x_wconf 82' lang='grc' dir='ltr'>ταῦτα</span> <span class='ocrx_word' id='word_1_183' title='bbox 1034 1649 1517 1719; x_wconf 66' lang='grc' dir='ltr'><strong>ἐπισφραγίσασθαι</strong></span> <span class='ocrx_word' id='word_1_184' title='bbox 1541 1669 1555 1682; x_wconf 86' lang='grc'><strong>·</strong></span> <span class='ocrx_word' id='word_1_185' title='bbox 1588 1653 1679 1703; x_wconf 71' lang='grc' dir='ltr'><strong>καὶ</strong></span> <span class='ocrx_word' id='word_1_186' title='bbox 1703 1652 1754 1704; x_wconf 72' lang='grc' dir='ltr'>τὸ</span> 
     </span>
    </p>
   </div>
   <div class='ocr_carea' id='block_1_25' title="bbox 1855 1644 3390 1725">
    <p class='ocr_par' dir='ltr' id='par_1_25' title="bbox 1859 1653 3390 1725">
     <span class='ocr_line' id='line_1_25' title="bbox 1859 1653 3390 1725; baseline -0.001 -19"><span class='ocrx_word' id='word_1_187' title='bbox 1859 1655 1951 1710; x_wconf 85' lang='lat' dir='ltr'><strong>Dei</strong></span> <span class='ocrx_word' id='word_1_188' title='bbox 1978 1671 2284 1716; x_wconf 86' lang='lat' dir='ltr'><strong>sermones,</strong></span> <span class='ocrx_word' id='word_1_189' title='bbox 2315 1670 2452 1725; x_wconf 81' lang='lat' dir='ltr'><strong>quos</strong></span> <span class='ocrx_word' id='word_1_190' title='bbox 2477 1655 2691 1722; x_wconf 86' lang='lat' dir='ltr'><strong>juratus</strong></span> <span class='ocrx_word' id='word_1_191' title='bbox 2726 1654 3050 1722; x_wconf 85' lang='lat' dir='ltr'><strong>protulerat,</strong></span> <span class='ocrx_word' id='word_1_192' title='bbox 3084 1669 3188 1706; x_wconf 92' lang='lat' dir='ltr'><strong>non</strong></span> <span class='ocrx_word' id='word_1_193' title='bbox 3219 1653 3283 1705; x_wconf 91' lang='lat' dir='ltr'><strong>ad</strong></span> <span class='ocrx_word' id='word_1_194' title='bbox 3311 1654 3390 1707; x_wconf 81' lang='lat' dir='ltr'><strong>et-</strong></span> 
     </span>
    </p>
   </div>
   <div class='ocr_carea' id='block_1_26' title="bbox 203 1732 1754 1811">
    <p class='ocr_par' dir='ltr' id='par_1_26' title="bbox 203 1732 1754 1810">
     <span class='ocr_line' id='line_1_26' title="bbox 203 1732 1754 1810; baseline 0.006 -27"><span class='ocrx_word' id='word_1_195' title='bbox 203 1733 436 1784; x_wconf 76' lang='grc' dir='ltr'>πάντων</span> <span class='ocrx_word' id='word_1_196' title='bbox 483 1732 914 1806; x_wconf 86' lang='grc' dir='ltr'>θαυμασιώτερον</span> <span class='ocrx_word' id='word_1_197' title='bbox 941 1735 999 1787; x_wconf 73' lang='grc' dir='ltr'>τὸ</span> <span class='ocrx_word' id='word_1_198' title='bbox 1038 1737 1171 1805; x_wconf 80' lang='grc' dir='ltr'>μετὰ</span> <span class='ocrx_word' id='word_1_199' title='bbox 1208 1739 1297 1790; x_wconf 83' lang='grc' dir='ltr'><strong>τὸν</strong></span> <span class='ocrx_word' id='word_1_200' title='bbox 1323 1738 1460 1790; x_wconf 78' lang='grc' dir='ltr'>θεῖον</span> <span class='ocrx_word' id='word_1_201' title='bbox 1493 1740 1648 1810; x_wconf 82' lang='grc' dir='ltr'>ὅρκον</span> <span class='ocrx_word' id='word_1_202' title='bbox 1678 1741 1754 1792; x_wconf 89' lang='grc' dir='ltr'><strong>δο-</strong></span> 
     </span>
    </p>
   </div>
   <div class='ocr_carea' id='block_1_27' title="bbox 1855 1732 3387 1811">
    <p class='ocr_par' dir='ltr' id='par_1_27' title="bbox 1858 1743 3387 1811">
     <span class='ocr_line' id='line_1_27' title="bbox 1858 1743 3387 1811; baseline -0.003 -13"><span class='ocrx_word' id='word_1_203' title='bbox 1858 1745 2054 1799; x_wconf 80' lang='lat' dir='ltr'><strong>fectum</strong></span> <span class='ocrx_word' id='word_1_204' title='bbox 2099 1746 2360 1800; x_wconf 89' lang='lat' dir='ltr'><strong>deductos</strong></span> <span class='ocrx_word' id='word_1_205' title='bbox 2406 1760 2568 1809; x_wconf 91' lang='lat' dir='ltr'><strong>esse;</strong></span> <span class='ocrx_word' id='word_1_206' title='bbox 2618 1743 2710 1797; x_wconf 90' lang='lat' dir='ltr'><strong>sed</strong></span> <span class='ocrx_word' id='word_1_207' title='bbox 2757 1743 3079 1811; x_wconf 88' lang='lat' dir='ltr'><strong>juramentis</strong></span> <span class='ocrx_word' id='word_1_208' title='bbox 3120 1743 3387 1796; x_wconf 87' lang='lat' dir='ltr'><strong>contraria</strong></span> 
     </span>
    </p>
   </div>
   <div class='ocr_carea' id='block_1_28' title="bbox 202 1824 1754 1903">
    <p class='ocr_par' dir='ltr' id='par_1_28' title="bbox 202 1824 1754 1896">
     <span class='ocr_line' id='line_1_28' title="bbox 202 1824 1754 1896; baseline 0.005 -21"><span class='ocrx_word' id='word_1_209' title='bbox 202 1826 322 1876; x_wconf 87' lang='grc' dir='ltr'>κεῖν</span> <span class='ocrx_word' id='word_1_210' title='bbox 354 1825 432 1892; x_wconf 85' lang='grc' dir='ltr'>μὴ</span> <span class='ocrx_word' id='word_1_211' title='bbox 455 1824 609 1886; x_wconf 81' lang='grc' dir='ltr'><strong>τέλος</strong></span> <span class='ocrx_word' id='word_1_212' title='bbox 631 1825 898 1895; x_wconf 73' lang='grc' dir='ltr'>εἰληφέναι</span> <span class='ocrx_word' id='word_1_213' title='bbox 917 1827 1038 1888; x_wconf 80' lang='grc' dir='ltr'>τοῦς</span> <span class='ocrx_word' id='word_1_214' title='bbox 1061 1827 1151 1879; x_wconf 87' lang='grc' dir='ltr'><strong>τοῦ</strong></span> <span class='ocrx_word' id='word_1_215' title='bbox 1174 1827 1303 1880; x_wconf 89' lang='grc' dir='ltr'>Θεοῦ</span> <span class='ocrx_word' id='word_1_216' title='bbox 1336 1829 1538 1896; x_wconf 79' lang='grc' dir='ltr'><strong>λόγους,</strong></span> <span class='ocrx_word' id='word_1_217' title='bbox 1567 1831 1754 1882; x_wconf 85' lang='grc' dir='ltr'>τάναν-</span> 
     </span>
    </p>
   </div>
   <div class='ocr_carea' id='block_1_29' title="bbox 1855 1824 3390 1903">
    <p class='ocr_par' dir='ltr' id='par_1_29' title="bbox 1857 1834 3390 1903">
     <span class='ocr_line' id='line_1_29' title="bbox 1857 1834 3390 1903; baseline -0.002 -13"><span class='ocrx_word' id='word_1_218' title='bbox 1857 1837 2096 1890; x_wconf 77' lang='lat' dir='ltr'><strong>evenisse</strong></span> <span class='ocrx_word' id='word_1_219' title='bbox 2139 1835 2327 1890; x_wconf 87' lang='lat' dir='ltr'><strong>videri.</strong></span> <span class='ocrx_word' id='word_1_220' title='bbox 2373 1834 2504 1886; x_wconf 85' lang='lat' dir='ltr'><strong>Nam</strong></span> <span class='ocrx_word' id='word_1_221' title='bbox 2549 1834 2738 1887; x_wconf 82' lang='lat' dir='ltr'><strong>deinde</strong></span> <span class='ocrx_word' id='word_1_222' title='bbox 2779 1835 2981 1902; x_wconf 81' lang='lat' dir='ltr'><strong>pergit,</strong></span> <span class='ocrx_word' id='word_1_223' title='bbox 3029 1835 3224 1888; x_wconf 84' lang='lat' dir='ltr'><strong>divinis</strong></span> <span class='ocrx_word' id='word_1_224' title='bbox 3266 1850 3390 1903; x_wconf 87' lang='lat' dir='ltr'><strong>pro—</strong></span> 
     </span>
    </p>
   </div>
   <div class='ocr_carea' id='block_1_30' title="bbox 200 1913 1754 1994">
    <p class='ocr_par' dir='ltr' id='par_1_30' title="bbox 200 1913 1754 1987">
     <span class='ocr_line' id='line_1_30' title="bbox 200 1913 1754 1987; baseline 0.004 -23"><span class='ocrx_word' id='word_1_225' title='bbox 200 1913 294 1964; x_wconf 86' lang='grc' dir='ltr'><strong>τία</strong></span> <span class='ocrx_word' id='word_1_226' title='bbox 327 1913 387 1964; x_wconf 85' lang='grc' dir='ltr'><strong>δὲ</strong></span> <span class='ocrx_word' id='word_1_227' title='bbox 422 1917 490 1983; x_wconf 83' lang='grc' dir='ltr'>τῇ</span> <span class='ocrx_word' id='word_1_228' title='bbox 522 1915 830 1984; x_wconf 68' lang='grc' dir='ltr'>ὁρκωμοσίᾳ</span> <span class='ocrx_word' id='word_1_229' title='bbox 865 1915 1147 1984; x_wconf 76' lang='grc' dir='ltr'>συμϐῆναι.</span> <span class='ocrx_word' id='word_1_230' title='bbox 1167 1917 1435 1987; x_wconf 74' lang='grc' dir='ltr'>Ἑπιφέρει</span> <span class='ocrx_word' id='word_1_231' title='bbox 1459 1917 1585 1984; x_wconf 88' lang='grc' dir='ltr'>γοῦν</span> <span class='ocrx_word' id='word_1_232' title='bbox 1613 1918 1754 1985; x_wconf 76' lang='grc' dir='ltr'>ἑξῆς,</span> 
     </span>
    </p>
   </div>
   <div class='ocr_carea' id='block_1_31' title="bbox 1855 1913 3385 1994">
    <p class='ocr_par' dir='ltr' id='par_1_31' title="bbox 1860 1924 3385 1994">
     <span class='ocr_line' id='line_1_31' title="bbox 1860 1924 3385 1994; baseline -0.001 -18"><span class='ocrx_word' id='word_1_233' title='bbox 1860 1925 2042 1978; x_wconf 88' lang='lat' dir='ltr'><strong>missis</strong></span> <span class='ocrx_word' id='word_1_234' title='bbox 2075 1927 2314 1994; x_wconf 87' lang='lat' dir='ltr'><strong>opposita</strong></span> <span class='ocrx_word' id='word_1_235' title='bbox 2339 1924 2629 1991; x_wconf 82' lang='lat' dir='ltr'><strong>contigisse</strong></span> <span class='ocrx_word' id='word_1_236' title='bbox 2659 1939 2885 1977; x_wconf 87' lang='lat' dir='ltr'><strong>narrans</strong></span> <span class='ocrx_word' id='word_1_237' title='bbox 2913 1943 2924 1976; x_wconf 93' lang='lat'>:</span> <span class='ocrx_word' id='word_1_238' title='bbox 2956 1939 3184 1992; x_wconf 86' lang='lat' dir='ltr'><strong>quorum</strong></span> <span class='ocrx_word' id='word_1_239' title='bbox 3215 1924 3385 1976; x_wconf 75' lang='lat' dir='ltr'><strong>maxi-</strong></span> 
     </span>
    </p>
   </div>
   <div class='ocr_carea' id='block_1_32' title="bbox 204 1984 1754 2080">
    <p class='ocr_par' dir='ltr' id='par_1_32' title="bbox 204 1984 1754 2076">
     <span class='ocr_line' id='line_1_32' title="bbox 204 1984 1754 2076; baseline 0.002 -21"><span class='ocrx_word' id='word_1_240' title='bbox 204 2004 429 2055; x_wconf 78' lang='grc' dir='ltr'>ὲναντία</span> <span class='ocrx_word' id='word_1_241' title='bbox 457 2006 578 2065; x_wconf 81' lang='grc' dir='ltr'>ταῖς</span> <span class='ocrx_word' id='word_1_242' title='bbox 602 2003 694 2056; x_wconf 87' lang='grc' dir='ltr'><strong>τοῦ</strong></span> <span class='ocrx_word' id='word_1_243' title='bbox 719 2004 849 2056; x_wconf 89' lang='grc' dir='ltr'>Θεοῦ</span> <span class='ocrx_word' id='word_1_244' title='bbox 877 2006 1219 2073; x_wconf 77' lang='grc' dir='ltr'>ἐπαγγελίαις</span> <span class='ocrx_word' id='word_1_245' title='bbox 1242 1984 1412 2076; x_wconf 87' lang='grc' dir='ltr'>δηλῶν</span> <span class='ocrx_word' id='word_1_246' title='bbox 1435 2024 1496 2058; x_wconf 89' lang='grc' dir='ltr'><strong>συ</strong></span> <span class='ocrx_word' id='word_1_247' title='bbox 1506 1984 1754 2076; x_wconf 64' lang='grc' dir='ltr'>μϐεϐηκέμ</span> 
     </span>
    </p>
   </div>
   <div class='ocr_carea' id='block_1_33' title="bbox 1855 1984 3387 2080">
    <p class='ocr_par' dir='ltr' id='par_1_33' title="bbox 1857 1984 3387 2080">
     <span class='ocr_line' id='line_1_33' title="bbox 1857 1984 3387 2080; baseline -0.003 -14"><span class='ocrx_word' id='word_1_248' title='bbox 1857 2028 1940 2066; x_wconf 87' lang='lat' dir='ltr'><strong>me</strong></span> <span class='ocrx_word' id='word_1_249' title='bbox 1962 1984 2127 2066; x_wconf 75' lang='lat' dir='ltr'><strong>causa</strong></span> <span class='ocrx_word' id='word_1_250' title='bbox 2147 1984 2470 2078; x_wconf 77' lang='lat' dir='ltr'><strong>obstupescit</strong></span> <span class='ocrx_word' id='word_1_251' title='bbox 2489 1984 2819 2078; x_wconf 72' lang='lat' dir='ltr'><strong>miraturque</strong></span> <span class='ocrx_word' id='word_1_252' title='bbox 2842 1984 3105 2080; x_wconf 74' lang='lat' dir='ltr'><strong>Propheta</strong></span> <span class='ocrx_word' id='word_1_253' title='bbox 3121 2051 3135 2072; x_wconf 98' lang='lat'><strong>,</strong></span> <span class='ocrx_word' id='word_1_254' title='bbox 3159 2019 3210 2064; x_wconf 88' lang='lat' dir='ltr'><strong>et</strong></span> <span class='ocrx_word' id='word_1_255' title='bbox 3234 2011 3387 2079; x_wconf 87' lang='lat' dir='ltr'><strong>quasi</strong></span> 
     </span>
    </p>
   </div>
   <div class='ocr_carea' id='block_1_34' title="bbox 203 2091 1754 2172">
    <p class='ocr_par' dir='ltr' id='par_1_34' title="bbox 203 2091 1754 2165">
     <span class='ocr_line' id='line_1_34' title="bbox 203 2091 1754 2165; baseline 0.004 -21"><span class='ocrx_word' id='word_1_256' title='bbox 203 2109 328 2145; x_wconf 82' lang='grc' dir='ltr'>ναι·</span> <span class='ocrx_word' id='word_1_257' title='bbox 359 2093 427 2144; x_wconf 83' lang='grc' dir='ltr'><strong>δι’</strong></span> <span class='ocrx_word' id='word_1_258' title='bbox 463 2091 499 2145; x_wconf 80' lang='grc' dir='ltr'>ἃ</span> <span class='ocrx_word' id='word_1_259' title='bbox 528 2093 620 2144; x_wconf 73' lang='grc' dir='ltr'><strong>καὶ</strong></span> <span class='ocrx_word' id='word_1_260' title='bbox 653 2094 878 2162; x_wconf 76' lang='grc' dir='ltr'>μάλιστα</span> <span class='ocrx_word' id='word_1_261' title='bbox 911 2095 1260 2164; x_wconf 81' lang='grc' dir='ltr'>ἐκπλήττεται</span> <span class='ocrx_word' id='word_1_262' title='bbox 1298 2098 1388 2148; x_wconf 79' lang='grc' dir='ltr'><strong>καὶ</strong></span> <span class='ocrx_word' id='word_1_263' title='bbox 1434 2095 1694 2165; x_wconf 77' lang='grc' dir='ltr'>θαυμάζει</span> <span class='ocrx_word' id='word_1_264' title='bbox 1731 2100 1754 2150; x_wconf 78' lang='grc' dir='ltr'>ὁ</span> 
     </span>
    </p>
   </div>
   <div class='ocr_carea' id='block_1_35' title="bbox 1855 2091 3389 2172">
    <p class='ocr_par' dir='ltr' id='par_1_35' title="bbox 1856 2101 3389 2172">
     <span class='ocr_line' id='line_1_35' title="bbox 1856 2101 3389 2172; baseline -0.003 -17"><span class='ocrx_word' id='word_1_265' title='bbox 1856 2118 1967 2157; x_wconf 88' lang='lat' dir='ltr'><strong>rem</strong></span> <span class='ocrx_word' id='word_1_266' title='bbox 1995 2118 2133 2172; x_wconf 65' lang='lat' dir='ltr'><strong>aegre</strong></span> <span class='ocrx_word' id='word_1_267' title='bbox 2165 2103 2338 2157; x_wconf 78' lang='lat' dir='ltr'><strong>ferens</strong></span> <span class='ocrx_word' id='word_1_268' title='bbox 2365 2105 2437 2154; x_wconf 88' lang='lat' dir='ltr'><strong>ait</strong></span> <span class='ocrx_word' id='word_1_269' title='bbox 2465 2121 2476 2154; x_wconf 92' lang='lat'>:</span> <span class='ocrx_word' id='word_1_270' title='bbox 2508 2101 2604 2153; x_wconf 84' lang='lat' dir='ltr'><strong>Ubi</strong></span> <span class='ocrx_word' id='word_1_271' title='bbox 2635 2111 2753 2153; x_wconf 76' lang='lat' dir='ltr'><strong>sunt</strong></span> <span class='ocrx_word' id='word_1_272' title='bbox 2782 2103 3148 2154; x_wconf 80' lang='lat' dir='ltr'><strong>misericordia:</strong></span> <span class='ocrx_word' id='word_1_273' title='bbox 3176 2111 3276 2154; x_wconf 79' lang='lat' dir='ltr'><strong>tua:</strong></span> <span class='ocrx_word' id='word_1_274' title='bbox 3303 2117 3389 2152; x_wconf 84' lang='lat' dir='ltr'><strong>an-</strong></span> 
     </span>
    </p>
   </div>
   <div class='ocr_carea' id='block_1_36' title="bbox 205 2183 1754 2258">
    <p class='ocr_par' dir='ltr' id='par_1_36' title="bbox 205 2183 1754 2255">
     <span class='ocr_line' id='line_1_36' title="bbox 205 2183 1754 2255; baseline 0.001 -19"><span class='ocrx_word' id='word_1_275' title='bbox 205 2185 507 2254; x_wconf 77' lang='grc' dir='ltr'>Προφήτης</span> <span class='ocrx_word' id='word_1_276' title='bbox 527 2199 541 2213; x_wconf 90' lang='grc'><strong>·</strong></span> <span class='ocrx_word' id='word_1_277' title='bbox 574 2183 927 2235; x_wconf 82' lang='grc' dir='ltr'>ἁποδυσπετεῖ</span> <span class='ocrx_word' id='word_1_278' title='bbox 957 2184 1083 2252; x_wconf 87' lang='grc' dir='ltr'>γοῦν</span> <span class='ocrx_word' id='word_1_279' title='bbox 1111 2185 1233 2255; x_wconf 77' lang='grc' dir='ltr'>ἑξῆς</span> <span class='ocrx_word' id='word_1_280' title='bbox 1260 2185 1427 2252; x_wconf 86' lang='grc' dir='ltr'>λέγων</span> <span class='ocrx_word' id='word_1_281' title='bbox 1446 2203 1458 2216; x_wconf 78' lang='grc' dir='ltr'><strong>ο</strong></span> <span class='ocrx_word' id='word_1_282' title='bbox 1483 2186 1605 2238; x_wconf 85' lang='grc' dir='ltr'>Ποῦ</span> <span class='ocrx_word' id='word_1_283' title='bbox 1631 2187 1754 2238; x_wconf 82' lang='grc' dir='ltr'>ἐστι</span> 
     </span>
    </p>
   </div>
   <div class='ocr_carea' id='block_1_37' title="bbox 1855 2183 3392 2258">
    <p class='ocr_par' dir='ltr' id='par_1_37' title="bbox 1857 2189 3392 2258">
     <span class='ocr_line' id='line_1_37' title="bbox 1857 2189 3392 2258; baseline 0.001 -18"><span class='ocrx_word' id='word_1_284' title='bbox 1857 2189 2042 2257; x_wconf 74' lang='lat' dir='ltr'><strong>tiquw,</strong></span> <span class='ocrx_word' id='word_1_285' title='bbox 2075 2190 2320 2254; x_wconf 83' lang='lat' dir='ltr'><strong>Domine,</strong></span> <span class='ocrx_word' id='word_1_286' title='bbox 2352 2205 2482 2258; x_wconf 80' lang='lat' dir='ltr'><strong>quas</strong></span> <span class='ocrx_word' id='word_1_287' title='bbox 2503 2189 2702 2258; x_wconf 81' lang='lat' dir='ltr'><strong>jurasti</strong></span> <span class='ocrx_word' id='word_1_288' title='bbox 2726 2189 2896 2241; x_wconf 84' lang='lat' dir='ltr'><strong>David</strong></span> <span class='ocrx_word' id='word_1_289' title='bbox 2940 2191 2991 2241; x_wconf 88' lang='lat' dir='ltr'><strong>in</strong></span> <span class='ocrx_word' id='word_1_290' title='bbox 3021 2190 3231 2241; x_wconf 77' lang='lat' dir='ltr'><strong>veritate</strong></span> <span class='ocrx_word' id='word_1_291' title='bbox 3259 2191 3392 2242; x_wconf 77' lang='lat' dir='ltr'><strong>tua?</strong></span> 
     </span>
    </p>
   </div>
   <div class='ocr_carea' id='block_1_38' title="bbox 202 2271 1754 2348">
    <p class='ocr_par' dir='ltr' id='par_1_38' title="bbox 202 2271 1754 2342">
     <span class='ocr_line' id='line_1_38' title="bbox 202 2271 1754 2342; baseline 0.001 -16"><span class='ocrx_word' id='word_1_292' title='bbox 202 2275 280 2327; x_wconf 83' lang='grc' dir='ltr'><em>τὰ</em></span> <span class='ocrx_word' id='word_1_293' title='bbox 305 2275 452 2340; x_wconf 76' lang='grc' dir='ltr'>ὲλέη</span> <span class='ocrx_word' id='word_1_294' title='bbox 479 2289 596 2326; x_wconf 85' lang='grc' dir='ltr'><strong>σου</strong></span> <span class='ocrx_word' id='word_1_295' title='bbox 623 2273 692 2325; x_wconf 83' lang='grc' dir='ltr'>τὰ</span> <span class='ocrx_word' id='word_1_296' title='bbox 715 2273 944 2340; x_wconf 81' lang='grc' dir='ltr'>ἀρχαῖα,</span> <span class='ocrx_word' id='word_1_297' title='bbox 967 2275 1156 2340; x_wconf 79' lang='grc' dir='ltr'>Κύριε.</span> <span class='ocrx_word' id='word_1_298' title='bbox 1177 2275 1214 2327; x_wconf 79' lang='grc' dir='ltr'><em>ἃ</em></span> <span class='ocrx_word' id='word_1_299' title='bbox 1235 2273 1467 2342; x_wconf 80' lang='grc' dir='ltr'>ὤμοσας</span> <span class='ocrx_word' id='word_1_300' title='bbox 1491 2271 1569 2338; x_wconf 82' lang='grc' dir='ltr'>τῷ</span> <span class='ocrx_word' id='word_1_301' title='bbox 1585 2275 1754 2327; x_wconf 84' lang='grc' dir='ltr'><strong>Δαυῒδ</strong></span> 
     </span>
    </p>
   </div>
   <div class='ocr_carea' id='block_1_39' title="bbox 1855 2271 3390 2348">
    <p class='ocr_par' dir='ltr' id='par_1_39' title="bbox 1857 2277 3390 2348">
     <span class='ocr_line' id='line_1_39' title="bbox 1857 2277 3390 2348; baseline 0.001 -18"><span class='ocrx_word' id='word_1_302' title='bbox 1857 2277 1922 2330; x_wconf 87' lang='lat' dir='ltr'><strong>At</strong></span> <span class='ocrx_word' id='word_1_303' title='bbox 1951 2279 2208 2348; x_wconf 69' lang='lat' dir='ltr'><strong>angustia:</strong></span> <span class='ocrx_word' id='word_1_304' title='bbox 2237 2295 2346 2333; x_wconf 69' lang='lat' dir='ltr'><strong>sua:</strong></span> <span class='ocrx_word' id='word_1_305' title='bbox 2373 2279 2628 2332; x_wconf 87' lang='lat' dir='ltr'><strong>medelam</strong></span> <span class='ocrx_word' id='word_1_306' title='bbox 2665 2278 2934 2340; x_wconf 88' lang='lat' dir='ltr'><strong>adhibuit,</strong></span> <span class='ocrx_word' id='word_1_307' title='bbox 2980 2287 3088 2331; x_wconf 93' lang='lat' dir='ltr'><strong>tum</strong></span> <span class='ocrx_word' id='word_1_308' title='bbox 3137 2278 3390 2346; x_wconf 83' lang='lat' dir='ltr'><strong>superius</strong></span> 
     </span>
    </p>
   </div>
   <div class='ocr_carea' id='block_1_40' title="bbox 203 2360 1754 2437">
    <p class='ocr_par' dir='ltr' id='par_1_40' title="bbox 203 2360 1754 2431">
     <span class='ocr_line' id='line_1_40' title="bbox 203 2360 1754 2431; baseline -0.003 -15"><span class='ocrx_word' id='word_1_309' title='bbox 203 2363 278 2416; x_wconf 82' lang='grc' dir='ltr'>ἐν</span> <span class='ocrx_word' id='word_1_310' title='bbox 305 2361 382 2429; x_wconf 81' lang='grc' dir='ltr'><strong>τῇ</strong></span> <span class='ocrx_word' id='word_1_311' title='bbox 408 2363 661 2428; x_wconf 76' lang='grc' dir='ltr'>ἀληθείᾳ</span> <span class='ocrx_word' id='word_1_312' title='bbox 691 2379 803 2415; x_wconf 87' lang='grc' dir='ltr'>σου</span> <span class='ocrx_word' id='word_1_313' title='bbox 819 2378 838 2425; x_wconf 86' lang='grc'><strong><em>;</em></strong></span> <span class='ocrx_word' id='word_1_314' title='bbox 875 2362 1010 2414; x_wconf 85' lang='grc' dir='ltr'>Ἀλλ’</span> <span class='ocrx_word' id='word_1_315' title='bbox 1029 2362 1417 2430; x_wconf 80' lang='grc' dir='ltr'>ἁποθεραπεύει</span> <span class='ocrx_word' id='word_1_316' title='bbox 1445 2362 1538 2431; x_wconf 80' lang='grc' dir='ltr'><strong>τὴν</strong></span> <span class='ocrx_word' id='word_1_317' title='bbox 1567 2360 1754 2414; x_wconf 77' lang='grc' dir='ltr'>ἑαυτοῦ</span> 
     </span>
    </p>
   </div>
   <div class='ocr_carea' id='block_1_41' title="bbox 1855 2360 3384 2437">
    <p class='ocr_par' dir='ltr' id='par_1_41' title="bbox 1857 2367 3384 2437">
     <span class='ocr_line' id='line_1_41' title="bbox 1857 2367 3384 2437; baseline -0.001 -17"><span class='ocrx_word' id='word_1_318' title='bbox 1857 2383 1977 2421; x_wconf 87' lang='lat' dir='ltr'><strong>cum</strong></span> <span class='ocrx_word' id='word_1_319' title='bbox 2018 2368 2253 2432; x_wconf 79' lang='lat' dir='ltr'><strong>diceret,</strong></span> <span class='ocrx_word' id='word_1_320' title='bbox 2308 2367 2373 2422; x_wconf 87' lang='lat' dir='ltr'><strong>In</strong></span> <span class='ocrx_word' id='word_1_321' title='bbox 2423 2368 2560 2422; x_wconf 68' lang='lat' dir='ltr'><strong>costis</strong></span> <span class='ocrx_word' id='word_1_322' title='bbox 2603 2369 2982 2437; x_wconf 72' lang='lat' dir='ltr'><strong>pra’rarabitur</strong></span> <span class='ocrx_word' id='word_1_323' title='bbox 3023 2369 3210 2421; x_wconf 82' lang='lat' dir='ltr'><strong>veritas</strong></span> <span class='ocrx_word' id='word_1_324' title='bbox 3253 2377 3384 2429; x_wconf 85' lang='lat' dir='ltr'><strong>tua;</strong></span> 
     </span>
    </p>
   </div>
   <div class='ocr_carea' id='block_1_42' title="bbox 203 2449 1754 2524">
    <p class='ocr_par' dir='ltr' id='par_1_42' title="bbox 203 2449 1754 2524">
     <span class='ocr_line' id='line_1_42' title="bbox 203 2449 1754 2524; baseline -0.003 -19"><span class='ocrx_word' id='word_1_325' title='bbox 203 2453 547 2524; x_wconf 78' lang='grc' dir='ltr'>ἀμηχανίαν,</span> <span class='ocrx_word' id='word_1_326' title='bbox 581 2452 836 2520; x_wconf 79' lang='grc' dir='ltr'><strong>ἀνωτέρω</strong></span> <span class='ocrx_word' id='word_1_327' title='bbox 867 2452 962 2520; x_wconf 84' lang='grc' dir='ltr'><strong>μὲν</strong></span> <span class='ocrx_word' id='word_1_328' title='bbox 994 2450 1253 2520; x_wconf 76' lang='grc' dir='ltr'>εἰρηκώς·</span> <span class='ocrx_word' id='word_1_329' title='bbox 1301 2451 1401 2504; x_wconf 86' lang='grc' dir='ltr'>Ἐν</span> <span class='ocrx_word' id='word_1_330' title='bbox 1435 2449 1554 2514; x_wconf 81' lang='grc' dir='ltr'>τοῖς</span> <span class='ocrx_word' id='word_1_331' title='bbox 1594 2452 1754 2516; x_wconf 67' lang='grc' dir='ltr'>οὺραμ</span> 
     </span>
    </p>
   </div>
   <div class='ocr_carea' id='block_1_43' title="bbox 1855 2449 3390 2524">
    <p class='ocr_par' dir='ltr' id='par_1_43' title="bbox 1858 2455 3390 2524">
     <span class='ocr_line' id='line_1_43' title="bbox 1858 2455 3390 2524; baseline 0 -18"><span class='ocrx_word' id='word_1_332' title='bbox 1858 2461 1969 2507; x_wconf 88' lang='lat' dir='ltr'><strong>tmn</strong></span> <span class='ocrx_word' id='word_1_333' title='bbox 2013 2456 2066 2508; x_wconf 93' lang='lat' dir='ltr'><strong>in</strong></span> <span class='ocrx_word' id='word_1_334' title='bbox 2107 2455 2190 2509; x_wconf 89' lang='lat' dir='ltr'><strong>his</strong></span> <span class='ocrx_word' id='word_1_335' title='bbox 2233 2472 2349 2524; x_wconf 74' lang='lat' dir='ltr'><strong>quae</strong></span> <span class='ocrx_word' id='word_1_336' title='bbox 2395 2465 2689 2512; x_wconf 82' lang='lat' dir='ltr'><strong>tractamus</strong></span> <span class='ocrx_word' id='word_1_337' title='bbox 2729 2457 2946 2519; x_wconf 90' lang='lat' dir='ltr'><strong>dicens,</strong></span> <span class='ocrx_word' id='word_1_338' title='bbox 2996 2457 3390 2524; x_wconf 79' lang='lat' dir='ltr'><strong>Con/ilebuntur</strong></span> 
     </span>
    </p>
   </div>
   <div class='ocr_carea' id='block_1_44' title="bbox 202 2539 1754 2609">
    <p class='ocr_par' dir='ltr' id='par_1_44' title="bbox 202 2539 1754 2609">
     <span class='ocr_line' id='line_1_44' title="bbox 202 2539 1754 2609; baseline -0.003 -15"><span class='ocrx_word' id='word_1_339' title='bbox 202 2542 335 2606; x_wconf 86' lang='grc' dir='ltr'>νοῖς</span> <span class='ocrx_word' id='word_1_340' title='bbox 362 2539 854 2608; x_wconf 73' lang='grc' dir='ltr'>ἑτοιμασθήσεται</span> <span class='ocrx_word' id='word_1_341' title='bbox 877 2542 914 2606; x_wconf 74' lang='grc' dir='ltr'><strong><em>ἡ</em></strong></span> <span class='ocrx_word' id='word_1_342' title='bbox 939 2539 1182 2604; x_wconf 79' lang='grc' dir='ltr'><strong>ἀλήθειά</strong></span> <span class='ocrx_word' id='word_1_343' title='bbox 1206 2556 1339 2602; x_wconf 84' lang='grc' dir='ltr'>σου,</span> <span class='ocrx_word' id='word_1_344' title='bbox 1369 2542 1424 2591; x_wconf 81' lang='grc' dir='ltr'><strong>έν</strong></span> <span class='ocrx_word' id='word_1_345' title='bbox 1451 2539 1504 2591; x_wconf 83' lang='grc' dir='ltr'><strong>δὲ</strong></span> <span class='ocrx_word' id='word_1_346' title='bbox 1530 2542 1639 2601; x_wconf 85' lang='grc' dir='ltr'>τοῖς</span> <span class='ocrx_word' id='word_1_347' title='bbox 1667 2557 1754 2609; x_wconf 89' lang='grc' dir='ltr'>με-</span> 
     </span>
    </p>
   </div>
   <div class='ocr_carea' id='block_1_45' title="bbox 1855 2539 3386 2609">
    <p class='ocr_par' dir='ltr' id='par_1_45' title="bbox 1856 2542 3386 2604">
     <span class='ocr_line' id='line_1_45' title="bbox 1856 2542 3386 2604; baseline 0.002 -10"><span class='ocrx_word' id='word_1_348' title='bbox 1856 2542 1970 2594; x_wconf 72' lang='lat' dir='ltr'><strong>caeli</strong></span> <span class='ocrx_word' id='word_1_349' title='bbox 1999 2542 2260 2596; x_wconf 76' lang='lat' dir='ltr'><strong>mirabilia</strong></span> <span class='ocrx_word' id='word_1_350' title='bbox 2292 2552 2380 2596; x_wconf 81' lang='lat' dir='ltr'><strong>tua</strong></span> <span class='ocrx_word' id='word_1_351' title='bbox 2400 2582 2413 2604; x_wconf 92' lang='lat'><strong>,</strong></span> <span class='ocrx_word' id='word_1_352' title='bbox 2442 2547 2627 2598; x_wconf 84' lang='lat' dir='ltr'><strong>etenim</strong></span> <span class='ocrx_word' id='word_1_353' title='bbox 2657 2545 2923 2597; x_wconf 82' lang='lat' dir='ltr'><strong>veritatem</strong></span> <span class='ocrx_word' id='word_1_354' title='bbox 2955 2551 3096 2596; x_wconf 88' lang='lat' dir='ltr'><strong>tuam</strong></span> <span class='ocrx_word' id='word_1_355' title='bbox 3123 2547 3173 2596; x_wconf 91' lang='lat' dir='ltr'><strong>in</strong></span> <span class='ocrx_word' id='word_1_356' title='bbox 3203 2543 3386 2597; x_wconf 81' lang='lat' dir='ltr'><strong>Eccle-</strong></span> 
     </span>
    </p>
   </div>
   <div class='ocr_carea' id='block_1_46' title="bbox 203 2629 1754 2702">
    <p class='ocr_par' dir='ltr' id='par_1_46' title="bbox 203 2629 1754 2699">
     <span class='ocr_line' id='line_1_46' title="bbox 203 2629 1754 2699; baseline 0 -17"><span class='ocrx_word' id='word_1_357' title='bbox 203 2630 272 2682; x_wconf 77' lang='grc' dir='ltr'>τὰ</span> <span class='ocrx_word' id='word_1_358' title='bbox 306 2632 532 2699; x_wconf 85' lang='grc' dir='ltr'>χεῖρας·</span> <span class='ocrx_word' id='word_1_359' title='bbox 581 2629 1142 2698; x_wconf 75' lang='grc' dir='ltr'>Ἐξομολογήσονται</span> <span class='ocrx_word' id='word_1_360' title='bbox 1179 2633 1230 2683; x_wconf 73' lang='grc' dir='ltr'>οἱ</span> <span class='ocrx_word' id='word_1_361' title='bbox 1261 2630 1496 2696; x_wconf 80' lang='grc' dir='ltr'>οὐρανοί</span> <span class='ocrx_word' id='word_1_362' title='bbox 1524 2630 1596 2682; x_wconf 84' lang='grc' dir='ltr'><em>τὰ</em></span> <span class='ocrx_word' id='word_1_363' title='bbox 1628 2634 1754 2683; x_wconf 75' lang='grc' dir='ltr'>θαυ-</span> 
     </span>
    </p>
   </div>
   <div class='ocr_carea' id='block_1_47' title="bbox 1855 2629 3390 2702">
    <p class='ocr_par' dir='ltr' id='par_1_47' title="bbox 1856 2631 3390 2702">
     <span class='ocr_line' id='line_1_47' title="bbox 1856 2631 3390 2702; baseline 0 -18"><span class='ocrx_word' id='word_1_364' title='bbox 1856 2633 1936 2684; x_wconf 80' lang='lat' dir='ltr'><strong>sia</strong></span> <span class='ocrx_word' id='word_1_365' title='bbox 1989 2643 2305 2686; x_wconf 75' lang='lat' dir='ltr'><strong>sanctorum.</strong></span> <span class='ocrx_word' id='word_1_366' title='bbox 2328 2661 2397 2670; x_wconf 92' lang='grc'><strong><em>--</em></strong></span> <span class='ocrx_word' id='word_1_367' title='bbox 2418 2631 2579 2686; x_wconf 79' lang='lat' dir='ltr'><strong>Vens.</strong></span> <span class='ocrx_word' id='word_1_368' title='bbox 2633 2633 2683 2687; x_wconf 89' lang='grc'><strong>7.</strong></span> <span class='ocrx_word' id='word_1_369' title='bbox 2733 2633 2989 2698; x_wconf 81' lang='lat' dir='ltr'><strong>Quoniam</strong></span> <span class='ocrx_word' id='word_1_370' title='bbox 3021 2634 3133 2702; x_wconf 75' lang='lat' dir='ltr'><strong>quis</strong></span> <span class='ocrx_word' id='word_1_371' title='bbox 3165 2634 3219 2685; x_wconf 87' lang='lat' dir='ltr'><strong>in</strong></span> <span class='ocrx_word' id='word_1_372' title='bbox 3239 2633 3390 2685; x_wconf 87' lang='lat' dir='ltr'><strong>nubi-</strong></span> 
     </span>
    </p>
   </div>
   <div class='ocr_carea' id='block_1_48' title="bbox 198 2716 1754 2790">
    <p class='ocr_par' dir='ltr' id='par_1_48' title="bbox 198 2716 1754 2788">
     <span class='ocr_line' id='line_1_48' title="bbox 198 2716 1754 2788; baseline 0.001 -17"><span class='ocrx_word' id='word_1_373' title='bbox 198 2718 397 2788; x_wconf 75' lang='grc' dir='ltr'><strong>μάθ’ιὰ</strong></span> <span class='ocrx_word' id='word_1_374' title='bbox 433 2733 572 2781; x_wconf 83' lang='grc' dir='ltr'>σου,</span> <span class='ocrx_word' id='word_1_375' title='bbox 602 2717 697 2769; x_wconf 79' lang='grc' dir='ltr'>καὶ</span> <span class='ocrx_word' id='word_1_376' title='bbox 721 2716 830 2784; x_wconf 80' lang='grc' dir='ltr'>γὰρ</span> <span class='ocrx_word' id='word_1_377' title='bbox 858 2718 968 2784; x_wconf 81' lang='grc' dir='ltr'><strong>τὴν</strong></span> <span class='ocrx_word' id='word_1_378' title='bbox 986 2717 1269 2783; x_wconf 76' lang='grc' dir='ltr'>ἀλήθειάν</span> <span class='ocrx_word' id='word_1_379' title='bbox 1291 2735 1403 2772; x_wconf 86' lang='grc' dir='ltr'><strong>σου</strong></span> <span class='ocrx_word' id='word_1_380' title='bbox 1437 2720 1506 2772; x_wconf 83' lang='grc' dir='ltr'>ἐν</span> <span class='ocrx_word' id='word_1_381' title='bbox 1529 2719 1754 2786; x_wconf 78' lang='grc' dir='ltr'>Ἐκκλη-</span> 
     </span>
    </p>
   </div>
   <div class='ocr_carea' id='block_1_49' title="bbox 1855 2716 3386 2790">
    <p class='ocr_par' dir='ltr' id='par_1_49' title="bbox 1857 2719 3386 2790">
     <span class='ocr_line' id='line_1_49' title="bbox 1857 2719 3386 2790; baseline 0.002 -18"><span class='ocrx_word' id='word_1_382' title='bbox 1857 2719 1948 2772; x_wconf 80' lang='lat' dir='ltr'><strong>bus</strong></span> <span class='ocrx_word' id='word_1_383' title='bbox 1983 2719 2269 2782; x_wconf 62' lang='lat' dir='ltr'><strong>aequabitur</strong></span> <span class='ocrx_word' id='word_1_384' title='bbox 2296 2720 2512 2774; x_wconf 86' lang='lat' dir='ltr'><strong>Domino</strong></span> <span class='ocrx_word' id='word_1_385' title='bbox 2540 2761 2554 2784; x_wconf 89' lang='lat'><strong>,</strong></span> <span class='ocrx_word' id='word_1_386' title='bbox 2585 2722 2770 2776; x_wconf 67' lang='lat' dir='ltr'><strong>similis</strong></span> <span class='ocrx_word' id='word_1_387' title='bbox 2798 2725 2895 2776; x_wconf 83' lang='lat' dir='ltr'><strong>erit</strong></span> <span class='ocrx_word' id='word_1_388' title='bbox 2927 2723 3146 2775; x_wconf 88' lang='lat' dir='ltr'><strong>Domino</strong></span> <span class='ocrx_word' id='word_1_389' title='bbox 3178 2722 3230 2774; x_wconf 87' lang='lat' dir='ltr'><strong>in</strong></span> <span class='ocrx_word' id='word_1_390' title='bbox 3263 2723 3386 2790; x_wconf 75' lang='lat' dir='ltr'><strong>ﬁliis</strong></span> 
     </span>
    </p>
   </div>
   <div class='ocr_carea' id='block_1_50' title="bbox 205 2807 1754 2882">
    <p class='ocr_par' dir='ltr' id='par_1_50' title="bbox 205 2808 1754 2877">
     <span class='ocr_line' id='line_1_50' title="bbox 205 2808 1754 2877; baseline -0.001 -15"><span class='ocrx_word' id='word_1_391' title='bbox 205 2809 315 2877; x_wconf 78' lang='grc' dir='ltr'><strong>ὀ-Ιει</strong></span> <span class='ocrx_word' id='word_1_392' title='bbox 351 2809 557 2876; x_wconf 78' lang='grc' dir='ltr'>ἁγίων.</span> <span class='ocrx_word' id='word_1_393' title='bbox 574 2809 692 2859; x_wconf 90' lang='grc' dir='ltr'><strong>Ὅτι</strong></span> <span class='ocrx_word' id='word_1_394' title='bbox 732 2809 821 2872; x_wconf 82' lang='grc' dir='ltr'>τίς</span> <span class='ocrx_word' id='word_1_395' title='bbox 861 2809 927 2860; x_wconf 81' lang='grc' dir='ltr'>ἐν</span> <span class='ocrx_word' id='word_1_396' title='bbox 969 2808 1244 2876; x_wconf 65' lang='grc' dir='ltr'>νεφέλαις</span> <span class='ocrx_word' id='word_1_397' title='bbox 1289 2809 1636 2877; x_wconf 62' lang='lat' dir='ltr'><strong>tamaricem:</strong></span> <span class='ocrx_word' id='word_1_398' title='bbox 1681 2808 1754 2872; x_wconf 79' lang='grc' dir='ltr'>τῷ</span> 
     </span>
    </p>
   </div>
   <div class='ocr_carea' id='block_1_51' title="bbox 1855 2807 3388 2882">
    <p class='ocr_par' dir='ltr' id='par_1_51' title="bbox 1861 2807 3388 2882">
     <span class='ocr_line' id='line_1_51' title="bbox 1861 2807 3388 2882; baseline 0.004 -24"><span class='ocrx_word' id='word_1_399' title='bbox 1861 2807 1952 2860; x_wconf 85' lang='lat' dir='ltr'><strong>Dei</strong></span> <span class='ocrx_word' id='word_1_400' title='bbox 1980 2811 2004 2863; x_wconf 84' lang='lat'><strong><em>?</em></strong></span> <span class='ocrx_word' id='word_1_401' title='bbox 2030 2808 2134 2861; x_wconf 85' lang='lat' dir='ltr'><strong>Pro</strong></span> <span class='ocrx_word' id='word_1_402' title='bbox 2164 2809 2284 2874; x_wconf 88' lang='lat' dir='ltr'><strong>illo,</strong></span> <span class='ocrx_word' id='word_1_403' title='bbox 2316 2810 2369 2861; x_wconf 88' lang='lat' dir='ltr'><strong>in</strong></span> <span class='ocrx_word' id='word_1_404' title='bbox 2415 2811 2667 2874; x_wconf 79' lang='lat' dir='ltr'><strong>nubibus,</strong></span> <span class='ocrx_word' id='word_1_405' title='bbox 2712 2811 3066 2882; x_wconf 83' lang='lat' dir='ltr'><strong>Symmachus</strong></span> <span class='ocrx_word' id='word_1_406' title='bbox 3111 2811 3219 2873; x_wconf 88' lang='lat' dir='ltr'><strong>ait,</strong></span> <span class='ocrx_word' id='word_1_407' title='bbox 3258 2811 3388 2875; x_wconf 81' lang='lat' dir='ltr'><strong>Quis</strong></span> 
     </span>
    </p>
   </div>
   <div class='ocr_carea' id='block_1_52' title="bbox 203 2895 1758 2964">
    <p class='ocr_par' dir='ltr' id='par_1_52' title="bbox 203 2895 1758 2964">
     <span class='ocr_line' id='line_1_52' title="bbox 203 2895 1758 2964; baseline 0 -13"><span class='ocrx_word' id='word_1_408' title='bbox 203 2898 426 2964; x_wconf 83' lang='grc' dir='ltr'>Κυρίῳ,</span> <span class='ocrx_word' id='word_1_409' title='bbox 451 2897 873 2964; x_wconf 79' lang='grc' dir='ltr'>ὁμοιωθήσεται</span> <span class='ocrx_word' id='word_1_410' title='bbox 918 2895 995 2960; x_wconf 87' lang='grc' dir='ltr'>τῷ</span> <span class='ocrx_word' id='word_1_411' title='bbox 1039 2898 1229 2963; x_wconf 80' lang='grc' dir='ltr'>Κυρίῳ</span> <span class='ocrx_word' id='word_1_412' title='bbox 1271 2898 1338 2949; x_wconf 85' lang='grc' dir='ltr'>ἐν</span> <span class='ocrx_word' id='word_1_413' title='bbox 1385 2898 1532 2963; x_wconf 82' lang='grc' dir='ltr'>υἱοῖς</span> <span class='ocrx_word' id='word_1_414' title='bbox 1579 2898 1758 2962; x_wconf 82' lang='grc' dir='ltr'>Θεοῦ;</span> 
     </span>
    </p>
   </div>
   <div class='ocr_carea' id='block_1_53' title="bbox 218 2985 1758 3055">
    <p class='ocr_par' dir='ltr' id='par_1_53' title="bbox 218 2985 1758 3055">
     <span class='ocr_line' id='line_1_53' title="bbox 218 2985 1758 3055; baseline -0.001 -17"><span class='ocrx_word' id='word_1_415' title='bbox 218 2987 367 3039; x_wconf 78' lang='grc' dir='ltr'>Ἀντὶ</span> <span class='ocrx_word' id='word_1_416' title='bbox 408 2986 538 3040; x_wconf 83' lang='grc' dir='ltr'>τοῦ’</span> <span class='ocrx_word' id='word_1_417' title='bbox 586 2987 655 3039; x_wconf 81' lang='grc' dir='ltr'>ἐν</span> <span class='ocrx_word' id='word_1_418' title='bbox 692 2988 984 3053; x_wconf 56' lang='grc' dir='ltr'>νεφέλαις,</span> <span class='ocrx_word' id='word_1_419' title='bbox 1045 2989 1072 3039; x_wconf 86' lang='grc' dir='ltr'><strong>ό</strong></span> <span class='ocrx_word' id='word_1_420' title='bbox 1123 2985 1407 3055; x_wconf 81' lang='grc' dir='ltr'>Σύμμαχός</span> <span class='ocrx_word' id='word_1_421' title='bbox 1455 3004 1605 3055; x_wconf 78' lang='grc' dir='ltr'>φησι·</span> <span class='ocrx_word' id='word_1_422' title='bbox 1665 2988 1758 3051; x_wconf 79' lang='grc' dir='ltr'>Τίς</span> 
     </span>
    </p>
   </div>
   <div class='ocr_carea' id='block_1_54' title="bbox 206 3073 1758 3144">
    <p class='ocr_par' dir='ltr' id='par_1_54' title="bbox 206 3073 1758 3144">
     <span class='ocr_line' id='line_1_54' title="bbox 206 3073 1758 3144; baseline -0.001 -15"><span class='ocrx_word' id='word_1_423' title='bbox 206 3077 315 3144; x_wconf 58' lang='grc' dir='ltr'>γὰρ</span> <span class='ocrx_word' id='word_1_424' title='bbox 364 3077 439 3129; x_wconf 86' lang='grc' dir='ltr'>ἐν</span> <span class='ocrx_word' id='word_1_425' title='bbox 490 3075 708 3141; x_wconf 75' lang='grc' dir='ltr'>αἱθέρι;</span> <span class='ocrx_word' id='word_1_426' title='bbox 737 3073 944 3143; x_wconf 63' lang='grc' dir='ltr'>Σφόδρα</span> <span class='ocrx_word' id='word_1_427' title='bbox 993 3073 1048 3125; x_wconf 81' lang='grc' dir='ltr'><strong>δὲ</strong></span> <span class='ocrx_word' id='word_1_428' title='bbox 1093 3073 1389 3135; x_wconf 73' lang='grc' dir='ltr'>ἀκολούθως</span> <span class='ocrx_word' id='word_1_429' title='bbox 1426 3077 1664 3144; x_wconf 82' lang='grc' dir='ltr'>ἐπήγαγε</span> <span class='ocrx_word' id='word_1_430' title='bbox 1693 3075 1758 3127; x_wconf 74' lang='grc' dir='ltr'>τὰ</span> 
     </span>
    </p>
   </div>
   <div class='ocr_carea' id='block_1_55' title="bbox 208 3164 1755 3239">
    <p class='ocr_par' dir='ltr' id='par_1_55' title="bbox 208 3164 1755 3239">
     <span class='ocr_line' id='line_1_55' title="bbox 208 3164 1755 3239; baseline -0.004 -17"><span class='ocrx_word' id='word_1_431' title='bbox 208 3169 551 3239; x_wconf 82' lang='grc' dir='ltr'>προκείμενα</span> <span class='ocrx_word' id='word_1_432' title='bbox 576 3170 686 3229; x_wconf 80' lang='grc' dir='ltr'>τοῖς</span> <span class='ocrx_word' id='word_1_433' title='bbox 708 3164 1040 3236; x_wconf 83' lang='grc' dir='ltr'>προλεχθεῖσι</span> <span class='ocrx_word' id='word_1_434' title='bbox 1066 3183 1078 3196; x_wconf 77' lang='grc' dir='ltr'><strong>ο</strong></span> <span class='ocrx_word' id='word_1_435' title='bbox 1117 3165 1210 3234; x_wconf 85' lang='grc' dir='ltr'>τὴν</span> <span class='ocrx_word' id='word_1_436' title='bbox 1238 3166 1344 3235; x_wconf 77' lang='grc' dir='ltr'>γὰρ</span> <span class='ocrx_word' id='word_1_437' title='bbox 1370 3165 1620 3234; x_wconf 82' lang='grc' dir='ltr'>ἀλήθειάν</span> <span class='ocrx_word' id='word_1_438' title='bbox 1646 3183 1755 3227; x_wconf 83' lang='grc' dir='ltr'>σου,</span> 
     </span>
    </p>
   </div>
   <div class='ocr_carea' id='block_1_56' title="bbox 1855 2899 3386 2971">
    <p class='ocr_par' dir='ltr' id='par_1_56' title="bbox 1855 2899 3386 2971">
     <span class='ocr_line' id='line_1_56' title="bbox 1855 2899 3386 2971; baseline -0.001 -17"><span class='ocrx_word' id='word_1_439' title='bbox 1855 2900 1990 2954; x_wconf 84' lang='lat' dir='ltr'><strong>enim</strong></span> <span class='ocrx_word' id='word_1_440' title='bbox 2032 2900 2087 2951; x_wconf 87' lang='lat' dir='ltr'><strong>in</strong></span> <span class='ocrx_word' id='word_1_441' title='bbox 2133 2899 2365 2954; x_wconf 78' lang='lat' dir='ltr'><strong>wthere?</strong></span> <span class='ocrx_word' id='word_1_442' title='bbox 2407 2901 2703 2954; x_wconf 87' lang='lat' dir='ltr'><strong>Admodum</strong></span> <span class='ocrx_word' id='word_1_443' title='bbox 2746 2913 3103 2971; x_wconf 76' lang='lat' dir='ltr'><strong>congruenter</strong></span> <span class='ocrx_word' id='word_1_444' title='bbox 3137 2903 3245 2955; x_wconf 62' lang='lat' dir='ltr'><strong>haec</strong></span> <span class='ocrx_word' id='word_1_445' title='bbox 3275 2902 3386 2969; x_wconf 85' lang='lat' dir='ltr'><strong>jam</strong></span> 
     </span>
    </p>
   </div>
   <div class='ocr_carea' id='block_1_57' title="bbox 1856 2987 3384 3058">
    <p class='ocr_par' dir='ltr' id='par_1_57' title="bbox 1856 2987 3384 3058">
     <span class='ocr_line' id='line_1_57' title="bbox 1856 2987 3384 3058; baseline 0 -18"><span class='ocrx_word' id='word_1_446' title='bbox 1856 2987 2148 3056; x_wconf 69' lang='lat' dir='ltr'><strong>praemissis</strong></span> <span class='ocrx_word' id='word_1_447' title='bbox 2181 2987 2415 3054; x_wconf 83' lang='lat' dir='ltr'><strong>adiecit:</strong></span> <span class='ocrx_word' id='word_1_448' title='bbox 2451 2991 2725 3042; x_wconf 85' lang='lat' dir='ltr'><strong>veritatem</strong></span> <span class='ocrx_word' id='word_1_449' title='bbox 2765 2991 2905 3042; x_wconf 83' lang='lat' dir='ltr'><strong>enim</strong></span> <span class='ocrx_word' id='word_1_450' title='bbox 2950 2999 3129 3053; x_wconf 88' lang='lat' dir='ltr'><strong>tuam,</strong></span> <span class='ocrx_word' id='word_1_451' title='bbox 3174 2991 3384 3058; x_wconf 87' lang='lat' dir='ltr'><strong>inquit,</strong></span> 
     </span>
    </p>
   </div>
   <div class='ocr_carea' id='block_1_58' title="bbox 1856 3077 3387 3148">
    <p class='ocr_par' dir='ltr' id='par_1_58' title="bbox 1856 3077 3387 3148">
     <span class='ocr_line' id='line_1_58' title="bbox 1856 3077 3387 3148; baseline -0.001 -17"><span class='ocrx_word' id='word_1_452' title='bbox 1856 3085 1908 3131; x_wconf 88' lang='lat' dir='ltr'><strong>et</strong></span> <span class='ocrx_word' id='word_1_453' title='bbox 1952 3077 2218 3130; x_wconf 83' lang='lat' dir='ltr'><strong>mirabilia</strong></span> <span class='ocrx_word' id='word_1_454' title='bbox 2266 3085 2356 3128; x_wconf 89' lang='lat' dir='ltr'><strong>tua</strong></span> <span class='ocrx_word' id='word_1_455' title='bbox 2403 3077 2608 3130; x_wconf 87' lang='lat' dir='ltr'><strong>etiamsi</strong></span> <span class='ocrx_word' id='word_1_456' title='bbox 2652 3078 2894 3132; x_wconf 84' lang='lat' dir='ltr'><strong>homines</strong></span> <span class='ocrx_word' id='word_1_457' title='bbox 2941 3079 3235 3148; x_wconf 80' lang='lat' dir='ltr'><strong>intelligere</strong></span> <span class='ocrx_word' id='word_1_458' title='bbox 3277 3095 3387 3131; x_wconf 83' lang='lat' dir='ltr'><strong>non</strong></span> 
     </span>
    </p>
   </div>
   <div class='ocr_carea' id='block_1_59' title="bbox 1855 3166 3386 3240">
    <p class='ocr_par' dir='ltr' id='par_1_59' title="bbox 1855 3166 3386 3240">
     <span class='ocr_line' id='line_1_59' title="bbox 1855 3166 3386 3240; baseline 0 -21"><span class='ocrx_word' id='word_1_459' title='bbox 1855 3166 2105 3231; x_wconf 85' lang='lat' dir='ltr'><strong>valeant;</strong></span> <span class='ocrx_word' id='word_1_460' title='bbox 2139 3181 2242 3234; x_wconf 88' lang='lat' dir='ltr'><strong>qua</strong></span> <span class='ocrx_word' id='word_1_461' title='bbox 2290 3166 2356 3218; x_wconf 89' lang='lat' dir='ltr'><strong>de</strong></span> <span class='ocrx_word' id='word_1_462' title='bbox 2383 3180 2548 3219; x_wconf 89' lang='lat' dir='ltr'><strong>causa</strong></span> <span class='ocrx_word' id='word_1_463' title='bbox 2573 3167 2791 3234; x_wconf 87' lang='lat' dir='ltr'><strong>jamjam</strong></span> <span class='ocrx_word' id='word_1_464' title='bbox 2827 3167 3072 3222; x_wconf 90' lang='lat' dir='ltr'><strong>dicturus</strong></span> <span class='ocrx_word' id='word_1_465' title='bbox 3098 3183 3215 3221; x_wconf 92' lang='lat' dir='ltr'><strong>sum</strong></span> <span class='ocrx_word' id='word_1_466' title='bbox 3239 3166 3386 3240; x_wconf 26' lang='lat' dir='ltr'><strong>,‘Ubi</strong></span> 
     </span>
    </p>
   </div>
   <div class='ocr_carea' id='block_1_60' title="bbox 206 3252 1754 3336">
    <p class='ocr_par' dir='ltr' id='par_1_60' title="bbox 206 3252 1754 3328">
     <span class='ocr_line' id='line_1_60' title="bbox 206 3252 1754 3328; baseline -0.004 -17"><span class='ocrx_word' id='word_1_467' title='bbox 206 3261 362 3328; x_wconf 69' lang='grc' dir='ltr'>φησὶ,</span> <span class='ocrx_word' id='word_1_468' title='bbox 389 3258 488 3311; x_wconf 73' lang='grc' dir='ltr'><strong>καὶ</strong></span> <span class='ocrx_word' id='word_1_469' title='bbox 515 3257 583 3308; x_wconf 80' lang='grc' dir='ltr'>τὰ</span> <span class='ocrx_word' id='word_1_470' title='bbox 607 3254 879 3324; x_wconf 85' lang='grc' dir='ltr'>θαυμάσιὰ</span> <span class='ocrx_word' id='word_1_471' title='bbox 908 3269 1021 3315; x_wconf 85' lang='grc' dir='ltr'>σου,</span> <span class='ocrx_word' id='word_1_472' title='bbox 1049 3252 1095 3304; x_wconf 90' lang='grc' dir='ltr'>εἰ</span> <span class='ocrx_word' id='word_1_473' title='bbox 1124 3253 1213 3303; x_wconf 78' lang='grc' dir='ltr'><strong>καὶ</strong></span> <span class='ocrx_word' id='word_1_474' title='bbox 1243 3252 1314 3322; x_wconf 83' lang='grc' dir='ltr'>μὴ</span> <span class='ocrx_word' id='word_1_475' title='bbox 1343 3253 1610 3321; x_wconf 79' lang='grc' dir='ltr'>ἄνθρωποι</span> <span class='ocrx_word' id='word_1_476' title='bbox 1639 3269 1754 3307; x_wconf 87' lang='grc' dir='ltr'>συν-</span> 
     </span>
    </p>
   </div>
   <div class='ocr_carea' id='block_1_61' title="bbox 1855 3252 3386 3336">
    <p class='ocr_par' dir='ltr' id='par_1_61' title="bbox 1856 3253 3386 3324">
     <span class='ocr_line' id='line_1_61' title="bbox 1856 3253 3386 3324; baseline -0.002 -13"><span class='ocrx_word' id='word_1_477' title='bbox 1856 3265 1974 3311; x_wconf 81' lang='lat' dir='ltr'><strong>sunt</strong></span> <span class='ocrx_word' id='word_1_478' title='bbox 2013 3255 2384 3308; x_wconf 79' lang='lat' dir='ltr'><strong>misericordia:</strong></span> <span class='ocrx_word' id='word_1_479' title='bbox 2425 3263 2526 3307; x_wconf 80' lang='lat' dir='ltr'><strong>tua:</strong></span> <span class='ocrx_word' id='word_1_480' title='bbox 2565 3258 2790 3322; x_wconf 66' lang='lat' dir='ltr'><strong>antiqua:</strong></span> <span class='ocrx_word' id='word_1_481' title='bbox 2811 3297 2826 3319; x_wconf 94' lang='lat'><strong>,</strong></span> <span class='ocrx_word' id='word_1_482' title='bbox 2859 3253 3111 3317; x_wconf 83' lang='lat' dir='ltr'><strong>Domine,</strong></span> <span class='ocrx_word' id='word_1_483' title='bbox 3143 3273 3270 3323; x_wconf 76' lang='lat' dir='ltr'><strong>quas</strong></span> <span class='ocrx_word' id='word_1_484' title='bbox 3294 3258 3386 3324; x_wconf 80' lang='lat' dir='ltr'><strong>ju—</strong></span> 
     </span>
    </p>
   </div>
   <div class='ocr_carea' id='block_1_62' title="bbox 207 3338 1754 3413">
    <p class='ocr_par' dir='ltr' id='par_1_62' title="bbox 207 3338 1754 3413">
     <span class='ocr_line' id='line_1_62' title="bbox 207 3338 1754 3413; baseline -0.005 -12"><span class='ocrx_word' id='word_1_485' title='bbox 207 3353 347 3402; x_wconf 81' lang='grc' dir='ltr'>εἰναι</span> <span class='ocrx_word' id='word_1_486' title='bbox 375 3348 666 3401; x_wconf 76' lang='grc' dir='ltr'>δύνανται·</span> <span class='ocrx_word' id='word_1_487' title='bbox 698 3344 762 3396; x_wconf 83' lang='grc' dir='ltr'>δι’</span> <span class='ocrx_word' id='word_1_488' title='bbox 793 3343 821 3395; x_wconf 83' lang='grc' dir='ltr'><strong>ὃ</strong></span> <span class='ocrx_word' id='word_1_489' title='bbox 866 3342 1037 3413; x_wconf 87' lang='grc' dir='ltr'>μέλλω</span> <span class='ocrx_word' id='word_1_490' title='bbox 1076 3341 1249 3408; x_wconf 86' lang='grc' dir='ltr'>λέγειν</span> <span class='ocrx_word' id='word_1_491' title='bbox 1282 3343 1470 3411; x_wconf 78' lang='grc' dir='ltr'>μικρὸν</span> <span class='ocrx_word' id='word_1_492' title='bbox 1502 3338 1719 3412; x_wconf 76' lang='grc' dir='ltr'>ὕστερον</span> <span class='ocrx_word' id='word_1_493' title='bbox 1741 3359 1754 3373; x_wconf 89' lang='grc'><strong>·</strong></span> 
     </span>
    </p>
   </div>
   <div class='ocr_carea' id='block_1_63' title="bbox 207 3426 1758 3497">
    <p class='ocr_par' dir='ltr' id='par_1_63' title="bbox 207 3426 1758 3497">
     <span class='ocr_line' id='line_1_63' title="bbox 207 3426 1758 3497; baseline -0.008 -6"><span class='ocrx_word' id='word_1_494' title='bbox 207 3437 330 3491; x_wconf 87' lang='grc' dir='ltr'>Ποῦ</span> <span class='ocrx_word' id='word_1_495' title='bbox 354 3435 490 3488; x_wconf 83' lang='grc' dir='ltr'>ἐστι</span> <span class='ocrx_word' id='word_1_496' title='bbox 517 3433 590 3486; x_wconf 80' lang='grc' dir='ltr'><em>τὰ</em></span> <span class='ocrx_word' id='word_1_497' title='bbox 608 3429 747 3497; x_wconf 76' lang='grc' dir='ltr'><strong>ἐλέη</strong></span> <span class='ocrx_word' id='word_1_498' title='bbox 776 3444 890 3482; x_wconf 84' lang='grc' dir='ltr'><strong>σου</strong></span> <span class='ocrx_word' id='word_1_499' title='bbox 916 3431 985 3481; x_wconf 85' lang='grc' dir='ltr'>τὰ</span> <span class='ocrx_word' id='word_1_500' title='bbox 1006 3429 1236 3496; x_wconf 79' lang='grc' dir='ltr'>ἀρχαῖα,</span> <span class='ocrx_word' id='word_1_501' title='bbox 1257 3429 1448 3494; x_wconf 83' lang='grc' dir='ltr'>Κύριε,</span> <span class='ocrx_word' id='word_1_502' title='bbox 1467 3426 1504 3480; x_wconf 79' lang='grc' dir='ltr'><strong><em>ἆ</em></strong></span> <span class='ocrx_word' id='word_1_503' title='bbox 1524 3428 1758 3495; x_wconf 77' lang='grc' dir='ltr'>ὤμοσας</span> 
     </span>
    </p>
   </div>
   <div class='ocr_carea' id='block_1_64' title="bbox 206 3504 1758 3592">
    <p class='ocr_par' dir='ltr' id='par_1_64' title="bbox 206 3504 1758 3592">
     <span class='ocr_line' id='line_1_64' title="bbox 206 3504 1758 3592; baseline -0.006 -12"><span class='ocrx_word' id='word_1_504' title='bbox 206 3527 284 3592; x_wconf 79' lang='grc' dir='ltr'>τῷ</span> <span class='ocrx_word' id='word_1_505' title='bbox 309 3524 528 3584; x_wconf 69' lang='grc' dir='ltr'>Δαυΐδς</span> <span class='ocrx_word' id='word_1_506' title='bbox 568 3522 703 3573; x_wconf 76' lang='grc' dir='ltr'>Ἀλλ’</span> <span class='ocrx_word' id='word_1_507' title='bbox 729 3504 952 3591; x_wconf 62' lang='grc' dir='ltr'>οὑμινοῖ</span> <span class='ocrx_word' id='word_1_508' title='bbox 970 3520 1308 3589; x_wconf 82' lang='grc' dir='ltr'>διηγήσονται</span> <span class='ocrx_word' id='word_1_509' title='bbox 1349 3520 1441 3572; x_wconf 71' lang='grc' dir='ltr'><strong>καὶ</strong></span> <span class='ocrx_word' id='word_1_510' title='bbox 1473 3519 1758 3588; x_wconf 82' lang='grc' dir='ltr'>Ἐκκλησία</span> 
     </span>
    </p>
   </div>
   <div class='ocr_carea' id='block_1_65' title="bbox 208 3600 1754 3684">
    <p class='ocr_par' dir='ltr' id='par_1_65' title="bbox 208 3600 1754 3684">
     <span class='ocr_line' id='line_1_65' title="bbox 208 3600 1754 3684; baseline -0.006 -16"><span class='ocrx_word' id='word_1_511' title='bbox 208 3616 382 3684; x_wconf 72' lang='grc' dir='ltr'>ἁγίων</span> <span class='ocrx_word' id='word_1_512' title='bbox 429 3612 788 3683; x_wconf 77' lang='grc' dir='ltr'>μαρτυρήσει,</span> <span class='ocrx_word' id='word_1_513' title='bbox 819 3609 901 3661; x_wconf 77' lang='grc' dir='ltr'>ὅτι</span> <span class='ocrx_word' id='word_1_514' title='bbox 947 3608 1107 3678; x_wconf 82' lang='grc' dir='ltr'>μηδὲν</span> <span class='ocrx_word' id='word_1_515' title='bbox 1137 3600 1210 3660; x_wconf 85' lang='grc' dir='ltr'>ὧν</span> <span class='ocrx_word' id='word_1_516' title='bbox 1236 3607 1452 3675; x_wconf 80' lang='grc' dir='ltr'>ὤμοσας</span> <span class='ocrx_word' id='word_1_517' title='bbox 1478 3605 1552 3675; x_wconf 81' lang='grc' dir='ltr'>τῷ</span> <span class='ocrx_word' id='word_1_518' title='bbox 1579 3606 1754 3667; x_wconf 80' lang='grc' dir='ltr'><strong>Δαυῖδ,</strong></span> 
     </span>
    </p>
   </div>
   <div class='ocr_carea' id='block_1_66' title="bbox 206 3696 1759 3767">
    <p class='ocr_par' dir='ltr' id='par_1_66' title="bbox 206 3696 1759 3767">
     <span class='ocr_line' id='line_1_66' title="bbox 206 3696 1759 3767; baseline -0.006 -9"><span class='ocrx_word' id='word_1_519' title='bbox 206 3707 568 3763; x_wconf 80' lang='grc' dir='ltr'>διαπεσεῖται,</span> <span class='ocrx_word' id='word_1_520' title='bbox 601 3701 720 3752; x_wconf 69' lang='grc' dir='ltr'>οὐδὲ</span> <span class='ocrx_word' id='word_1_521' title='bbox 748 3698 1030 3767; x_wconf 75' lang='grc' dir='ltr'>ψεύσονταί</span> <span class='ocrx_word' id='word_1_522' title='bbox 1061 3714 1150 3749; x_wconf 86' lang='grc' dir='ltr'><strong>σου</strong></span> <span class='ocrx_word' id='word_1_523' title='bbox 1184 3698 1236 3748; x_wconf 81' lang='lat' dir='ltr'><strong>al</strong></span> <span class='ocrx_word' id='word_1_524' title='bbox 1268 3697 1616 3764; x_wconf 63' lang='grc' dir='ltr'>ἐπαγγελίαν</span> <span class='ocrx_word' id='word_1_525' title='bbox 1643 3696 1759 3749; x_wconf 80' lang='grc' dir='ltr'>ἀδύ-</span> 
     </span>
    </p>
   </div>
   <div class='ocr_carea' id='block_1_67' title="bbox 208 3787 1754 3862">
    <p class='ocr_par' dir='ltr' id='par_1_67' title="bbox 208 3787 1754 3862">
     <span class='ocr_line' id='line_1_67' title="bbox 208 3787 1754 3862; baseline -0.006 -16"><span class='ocrx_word' id='word_1_526' title='bbox 208 3813 366 3848; x_wconf 84' lang='grc' dir='ltr'>νατον</span> <span class='ocrx_word' id='word_1_527' title='bbox 395 3795 507 3862; x_wconf 86' lang='grc' dir='ltr'>γάρ</span> <span class='ocrx_word' id='word_1_528' title='bbox 544 3794 654 3843; x_wconf 79' lang='grc' dir='ltr'>ἐστι</span> <span class='ocrx_word' id='word_1_529' title='bbox 687 3790 747 3842; x_wconf 75' lang='grc' dir='ltr'><strong>τὸ</strong></span> <span class='ocrx_word' id='word_1_530' title='bbox 776 3789 834 3840; x_wconf 71' lang='grc' dir='ltr'><strong>σε</strong></span> <span class='ocrx_word' id='word_1_531' title='bbox 862 3787 1181 3858; x_wconf 70' lang='grc' dir='ltr'>ψεύσασθαι.</span> <span class='ocrx_word' id='word_1_532' title='bbox 1212 3789 1305 3850; x_wconf 86' lang='grc' dir='ltr'><strong>Τίς</strong></span> <span class='ocrx_word' id='word_1_533' title='bbox 1334 3788 1438 3857; x_wconf 86' lang='grc' dir='ltr'><strong>γάρ</strong></span> <span class='ocrx_word' id='word_1_534' title='bbox 1463 3804 1541 3839; x_wconf 92' lang='grc' dir='ltr'><strong>σοι</strong></span> <span class='ocrx_word' id='word_1_535' title='bbox 1569 3787 1754 3851; x_wconf 67' lang='grc' dir='ltr'>ὲξισωυ-</span> 
     </span>
    </p>
   </div>
   <div class='ocr_carea' id='block_1_68' title="bbox 174 3875 1760 3956">
    <p class='ocr_par' dir='ltr' id='par_1_68' title="bbox 174 3875 1760 3956">
     <span class='ocr_line' id='line_1_68' title="bbox 174 3875 1760 3956; baseline -0.006 -17"><span class='ocrx_word' id='word_1_536' title='bbox 174 3899 176 3901; x_wconf 83' lang='grc'><em>’</em></span> <span class='ocrx_word' id='word_1_537' title='bbox 210 3885 434 3956; x_wconf 85' lang='grc' dir='ltr'>θήσεται</span> <span class='ocrx_word' id='word_1_538' title='bbox 468 3887 528 3936; x_wconf 85' lang='grc' dir='ltr'>ὲν</span> <span class='ocrx_word' id='word_1_539' title='bbox 551 3881 790 3950; x_wconf 74' lang='grc' dir='ltr'>ἀληθείᾳ,</span> <span class='ocrx_word' id='word_1_540' title='bbox 820 3879 852 3948; x_wconf 84' lang='grc' dir='ltr'>ἢ</span> <span class='ocrx_word' id='word_1_541' title='bbox 879 3879 960 3941; x_wconf 87' lang='grc' dir='ltr'><strong>τίς</strong></span> <span class='ocrx_word' id='word_1_542' title='bbox 987 3879 1371 3947; x_wconf 81' lang='grc' dir='ltr'>ὁμοιωθήσεται</span> <span class='ocrx_word' id='word_1_543' title='bbox 1402 3878 1458 3930; x_wconf 82' lang='grc' dir='ltr'><strong>ἐν</strong></span> <span class='ocrx_word' id='word_1_544' title='bbox 1480 3875 1555 3946; x_wconf 84' lang='grc' dir='ltr'>τῷ</span> <span class='ocrx_word' id='word_1_545' title='bbox 1583 3875 1760 3943; x_wconf 81' lang='grc' dir='ltr'>λέγειν</span> 
     </span>
    </p>
   </div>
   <div class='ocr_carea' id='block_1_69' title="bbox 208 3963 1756 4033">
    <p class='ocr_par' dir='ltr' id='par_1_69' title="bbox 208 3963 1756 4033">
     <span class='ocr_line' id='line_1_69' title="bbox 208 3963 1756 4033; baseline -0.008 -7"><span class='ocrx_word' id='word_1_546' title='bbox 208 3976 302 4026; x_wconf 74' lang='grc' dir='ltr'><strong>καὶ</strong></span> <span class='ocrx_word' id='word_1_547' title='bbox 325 3970 652 4024; x_wconf 83' lang='grc' dir='ltr'>πιστοῦσθαί</span> <span class='ocrx_word' id='word_1_548' title='bbox 686 3984 775 4020; x_wconf 85' lang='grc' dir='ltr'><strong>σου</strong></span> <span class='ocrx_word' id='word_1_549' title='bbox 808 3968 905 4027; x_wconf 71' lang='grc' dir='ltr'>τὰς</span> <span class='ocrx_word' id='word_1_550' title='bbox 935 3965 1286 4032; x_wconf 84' lang='grc' dir='ltr'>ὲπαγγελίας;</span> <span class='ocrx_word' id='word_1_551' title='bbox 1324 3965 1455 4016; x_wconf 79' lang='grc' dir='ltr'><strong>Οὐδὲ</strong></span> <span class='ocrx_word' id='word_1_552' title='bbox 1486 3963 1592 4033; x_wconf 79' lang='grc' dir='ltr'><strong>γὰρ</strong></span> <span class='ocrx_word' id='word_1_553' title='bbox 1613 3965 1756 4016; x_wconf 83' lang='grc' dir='ltr'>ἀντι-</span> 
     </span>
    </p>
   </div>
   <div class='ocr_carea' id='block_1_70' title="bbox 209 4049 1757 4132">
    <p class='ocr_par' dir='ltr' id='par_1_70' title="bbox 209 4049 1757 4132">
     <span class='ocr_line' id='line_1_70' title="bbox 209 4049 1757 4132; baseline -0.009 -15"><span class='ocrx_word' id='word_1_554' title='bbox 209 4063 400 4132; x_wconf 77' lang='grc' dir='ltr'>στῆναι</span> <span class='ocrx_word' id='word_1_555' title='bbox 436 4078 532 4112; x_wconf 89' lang='grc' dir='ltr'><strong>σου</strong></span> <span class='ocrx_word' id='word_1_556' title='bbox 561 4061 626 4128; x_wconf 83' lang='grc' dir='ltr'>τῇ</span> <span class='ocrx_word' id='word_1_557' title='bbox 659 4056 815 4125; x_wconf 81' lang='grc' dir='ltr'>βουλῇ</span> <span class='ocrx_word' id='word_1_558' title='bbox 853 4054 1066 4106; x_wconf 75' lang='grc' dir='ltr'>δύναταί</span> <span class='ocrx_word' id='word_1_559' title='bbox 1110 4071 1211 4116; x_wconf 89' lang='grc' dir='ltr'>τις,</span> <span class='ocrx_word' id='word_1_560' title='bbox 1245 4053 1315 4115; x_wconf 81' lang='grc' dir='ltr'><strong>ῶς</strong></span> <span class='ocrx_word' id='word_1_561' title='bbox 1346 4053 1662 4122; x_wconf 82' lang='grc' dir='ltr'>ἀνατρέπειν</span> <span class='ocrx_word' id='word_1_562' title='bbox 1688 4049 1757 4103; x_wconf 77' lang='grc' dir='ltr'>τὰ</span> 
     </span>
    </p>
   </div>
   <div class='ocr_carea' id='block_1_71' title="bbox 207 4140 1755 4215">
    <p class='ocr_par' dir='ltr' id='par_1_71' title="bbox 207 4140 1755 4215">
     <span class='ocr_line' id='line_1_71' title="bbox 207 4140 1755 4215; baseline -0.008 -12"><span class='ocrx_word' id='word_1_563' title='bbox 207 4150 354 4215; x_wconf 74' lang='grc' dir='ltr'>ἅπαξ</span> <span class='ocrx_word' id='word_1_564' title='bbox 384 4148 491 4201; x_wconf 81' lang='grc' dir='ltr'><strong>ὑπὸ</strong></span> <span class='ocrx_word' id='word_1_565' title='bbox 523 4145 615 4198; x_wconf 84' lang='grc' dir='ltr'><strong>σοῦ</strong></span> <span class='ocrx_word' id='word_1_566' title='bbox 643 4143 932 4214; x_wconf 80' lang='grc' dir='ltr'>ὡρισμένα,</span> <span class='ocrx_word' id='word_1_567' title='bbox 957 4143 1142 4210; x_wconf 83' lang='grc' dir='ltr'>μήτιγε</span> <span class='ocrx_word' id='word_1_568' title='bbox 1163 4141 1232 4194; x_wconf 71' lang='grc' dir='ltr'>τὰ</span> <span class='ocrx_word' id='word_1_569' title='bbox 1264 4140 1378 4211; x_wconf 80' lang='grc' dir='ltr'>μεθ’</span> <span class='ocrx_word' id='word_1_570' title='bbox 1403 4141 1562 4211; x_wconf 82' lang='grc' dir='ltr'>ὅρκου</span> <span class='ocrx_word' id='word_1_571' title='bbox 1589 4143 1755 4210; x_wconf 79' lang='grc' dir='ltr'>ἐπηγ-</span> 
     </span>
    </p>
   </div>
   <div class='ocr_carea' id='block_1_72' title="bbox 206 4230 1754 4308">
    <p class='ocr_par' dir='ltr' id='par_1_72' title="bbox 206 4230 1754 4308">
     <span class='ocr_line' id='line_1_72' title="bbox 206 4230 1754 4308; baseline -0.005 -17"><span class='ocrx_word' id='word_1_572' title='bbox 206 4240 477 4308; x_wconf 76' lang='grc' dir='ltr'>γελμένα·</span> <span class='ocrx_word' id='word_1_573' title='bbox 526 4235 663 4286; x_wconf 81' lang='grc' dir='ltr'>ὥστε</span> <span class='ocrx_word' id='word_1_574' title='bbox 705 4235 752 4284; x_wconf 84' lang='grc' dir='ltr'>εἰ</span> <span class='ocrx_word' id='word_1_575' title='bbox 791 4230 862 4302; x_wconf 81' lang='grc' dir='ltr'>μὴ</span> <span class='ocrx_word' id='word_1_576' title='bbox 891 4232 982 4283; x_wconf 70' lang='grc' dir='ltr'><strong>καὶ</strong></span> <span class='ocrx_word' id='word_1_577' title='bbox 1026 4232 1154 4299; x_wconf 74' lang='grc' dir='ltr'>ἡμῖν</span> <span class='ocrx_word' id='word_1_578' title='bbox 1189 4230 1445 4298; x_wconf 80' lang='grc' dir='ltr'>ἔγνωσταί</span> <span class='ocrx_word' id='word_1_579' title='bbox 1477 4247 1562 4282; x_wconf 88' lang='grc' dir='ltr'><strong>πω</strong></span> <span class='ocrx_word' id='word_1_580' title='bbox 1593 4230 1754 4300; x_wconf 80' lang='grc' dir='ltr'>ἡτῶν</span> 
     </span>
    </p>
   </div>
   <div class='ocr_carea' id='block_1_73' title="bbox 206 4317 1752 4395">
    <p class='ocr_par' dir='ltr' id='par_1_73' title="bbox 206 4317 1752 4395">
     <span class='ocr_line' id='line_1_73' title="bbox 206 4317 1752 4395; baseline -0.008 -15"><span class='ocrx_word' id='word_1_581' title='bbox 206 4324 554 4395; x_wconf 76' lang='grc' dir='ltr'>ἐπαγγελιῶν</span> <span class='ocrx_word' id='word_1_582' title='bbox 581 4338 672 4373; x_wconf 88' lang='grc' dir='ltr'><strong>σου</strong></span> <span class='ocrx_word' id='word_1_583' title='bbox 696 4319 933 4389; x_wconf 84' lang='grc' dir='ltr'>ἀλήθεια,</span> <span class='ocrx_word' id='word_1_584' title='bbox 965 4317 1076 4370; x_wconf 82' lang='grc' dir='ltr'>ἀλλ’</span> <span class='ocrx_word' id='word_1_585' title='bbox 1102 4321 1272 4370; x_wconf 82' lang='grc' dir='ltr'>ἐκεῖνο</span> <span class='ocrx_word' id='word_1_586' title='bbox 1296 4317 1532 4389; x_wconf 77' lang='grc' dir='ltr'>ἀκριϐῶς</span> <span class='ocrx_word' id='word_1_587' title='bbox 1567 4318 1720 4386; x_wconf 73' lang='grc' dir='ltr'>ἴσμεν</span> <span class='ocrx_word' id='word_1_588' title='bbox 1737 4354 1752 4378; x_wconf 89' lang='grc'><strong>,</strong></span> 
     </span>
    </p>
   </div>
   <div class='ocr_carea' id='block_1_74' title="bbox 207 4407 1754 4476">
    <p class='ocr_par' dir='ltr' id='par_1_74' title="bbox 207 4407 1754 4476">
     <span class='ocr_line' id='line_1_74' title="bbox 207 4407 1754 4476; baseline -0.008 -6"><span class='ocrx_word' id='word_1_589' title='bbox 207 4417 296 4470; x_wconf 81' lang='grc' dir='ltr'>ὅτι</span> <span class='ocrx_word' id='word_1_590' title='bbox 334 4413 598 4476; x_wconf 72' lang='grc' dir='ltr'>δυνατὸς</span> <span class='ocrx_word' id='word_1_591' title='bbox 625 4407 696 4471; x_wconf 80' lang='grc' dir='ltr'>εἷ,</span> <span class='ocrx_word' id='word_1_592' title='bbox 722 4409 910 4476; x_wconf 78' lang='grc' dir='ltr'>Κύριε,</span> <span class='ocrx_word' id='word_1_593' title='bbox 939 4407 1032 4458; x_wconf 82' lang='grc' dir='ltr'>καὶ</span> <span class='ocrx_word' id='word_1_594' title='bbox 1069 4408 1106 4474; x_wconf 72' lang='grc' dir='ltr'>ἡ</span> <span class='ocrx_word' id='word_1_595' title='bbox 1141 4407 1384 4473; x_wconf 77' lang='grc' dir='ltr'>ἀλήθειά</span> <span class='ocrx_word' id='word_1_596' title='bbox 1415 4421 1527 4459; x_wconf 90' lang='grc' dir='ltr'><strong>σου</strong></span> <span class='ocrx_word' id='word_1_597' title='bbox 1557 4408 1754 4468; x_wconf 71' lang='grc' dir='ltr'>κύκλῳ</span> 
     </span>
    </p>
   </div>
   <div class='ocr_carea' id='block_1_75' title="bbox 206 4494 1752 4564">
    <p class='ocr_par' dir='ltr' id='par_1_75' title="bbox 206 4494 1752 4564">
     <span class='ocr_line' id='line_1_75' title="bbox 206 4494 1752 4564; baseline -0.009 -4"><span class='ocrx_word' id='word_1_598' title='bbox 206 4520 343 4559; x_wconf 86' lang='grc' dir='ltr'>σου.</span> <span class='ocrx_word' id='word_1_599' title='bbox 378 4503 544 4556; x_wconf 85' lang='grc' dir='ltr'>Πὰντ’</span> <span class='ocrx_word' id='word_1_600' title='bbox 572 4496 662 4552; x_wconf 83' lang='grc' dir='ltr'>οὖν</span> <span class='ocrx_word' id='word_1_601' title='bbox 693 4499 789 4550; x_wconf 80' lang='grc' dir='ltr'>ὅσα</span> <span class='ocrx_word' id='word_1_602' title='bbox 819 4497 909 4548; x_wconf 66' lang='grc' dir='ltr'><strong>καὶ</strong></span> <span class='ocrx_word' id='word_1_603' title='bbox 932 4494 1244 4564; x_wconf 77' lang='grc' dir='ltr'>βεϐούλησαι</span> <span class='ocrx_word' id='word_1_604' title='bbox 1273 4495 1509 4560; x_wconf 77' lang='grc' dir='ltr'>δύνασαι,</span> <span class='ocrx_word' id='word_1_605' title='bbox 1534 4496 1625 4547; x_wconf 80' lang='grc' dir='ltr'><strong>καὶ</strong></span> <span class='ocrx_word' id='word_1_606' title='bbox 1648 4494 1752 4546; x_wconf 88' lang='grc' dir='ltr'><strong>τῶν</strong></span> 
     </span>
    </p>
   </div>
   <div class='ocr_carea' id='block_1_76' title="bbox 1857 3342 3384 3404">
    <p class='ocr_par' dir='ltr' id='par_1_76' title="bbox 1857 3342 3384 3404">
     <span class='ocr_line' id='line_1_76' title="bbox 1857 3342 3384 3404; baseline 0.001 -8"><span class='ocrx_word' id='word_1_607' title='bbox 1857 3344 1988 3396; x_wconf 77' lang='lat' dir='ltr'><strong>rasti</strong></span> <span class='ocrx_word' id='word_1_608' title='bbox 2022 3342 2188 3396; x_wconf 83' lang='lat' dir='ltr'><strong>David</strong></span> <span class='ocrx_word' id='word_1_609' title='bbox 2214 3345 2237 3397; x_wconf 82' lang='lat'><strong><em>?</em></strong></span> <span class='ocrx_word' id='word_1_610' title='bbox 2265 3351 2318 3394; x_wconf 84' lang='lat' dir='ltr'><strong>at</strong></span> <span class='ocrx_word' id='word_1_611' title='bbox 2346 3343 2466 3394; x_wconf 77' lang='lat' dir='ltr'><strong>cceli</strong></span> <span class='ocrx_word' id='word_1_612' title='bbox 2493 3342 2849 3404; x_wconf 84' lang='lat' dir='ltr'><strong>enarrabunt,</strong></span> <span class='ocrx_word' id='word_1_613' title='bbox 2881 3350 2934 3395; x_wconf 91' lang='lat' dir='ltr'><strong>et</strong></span> <span class='ocrx_word' id='word_1_614' title='bbox 2980 3342 3216 3396; x_wconf 81' lang='lat' dir='ltr'><strong>Ecclesia</strong></span> <span class='ocrx_word' id='word_1_615' title='bbox 3260 3361 3384 3398; x_wconf 84' lang='lat' dir='ltr'><strong>san-</strong></span> 
     </span>
    </p>
   </div>
   <div class='ocr_carea' id='block_1_77' title="bbox 1855 3431 3386 3500">
    <p class='ocr_par' dir='ltr' id='par_1_77' title="bbox 1855 3431 3386 3500">
     <span class='ocr_line' id='line_1_77' title="bbox 1855 3431 3386 3500; baseline 0 -13"><span class='ocrx_word' id='word_1_616' title='bbox 1855 3441 2058 3487; x_wconf 90' lang='lat' dir='ltr'><strong>ctorum</strong></span> <span class='ocrx_word' id='word_1_617' title='bbox 2082 3431 2474 3493; x_wconf 88' lang='lat' dir='ltr'><strong>testilicabitur,</strong></span> <span class='ocrx_word' id='word_1_618' title='bbox 2496 3431 2627 3484; x_wconf 87' lang='lat' dir='ltr'><strong>nihil</strong></span> <span class='ocrx_word' id='word_1_619' title='bbox 2649 3445 2831 3483; x_wconf 88' lang='lat' dir='ltr'><strong>eorum</strong></span> <span class='ocrx_word' id='word_1_620' title='bbox 2853 3447 2970 3498; x_wconf 71' lang='lat' dir='ltr'><strong>qua:</strong></span> <span class='ocrx_word' id='word_1_621' title='bbox 2988 3431 3170 3485; x_wconf 88' lang='lat' dir='ltr'><strong>Davidi</strong></span> <span class='ocrx_word' id='word_1_622' title='bbox 3192 3432 3386 3500; x_wconf 84' lang='lat' dir='ltr'><strong>jurasti</strong></span> 
     </span>
    </p>
   </div>
   <div class='ocr_carea' id='block_1_78' title="bbox 1854 3519 3386 3590">
    <p class='ocr_par' dir='ltr' id='par_1_78' title="bbox 1854 3519 3386 3590">
     <span class='ocr_line' id='line_1_78' title="bbox 1854 3519 3386 3590; baseline 0 -14"><span class='ocrx_word' id='word_1_623' title='bbox 1854 3523 2128 3590; x_wconf 88' lang='lat' dir='ltr'><strong>lapsurum</strong></span> <span class='ocrx_word' id='word_1_624' title='bbox 2171 3537 2330 3586; x_wconf 89' lang='lat' dir='ltr'><strong>esse,</strong></span> <span class='ocrx_word' id='word_1_625' title='bbox 2382 3536 2557 3589; x_wconf 84' lang='lat' dir='ltr'><strong>neque</strong></span> <span class='ocrx_word' id='word_1_626' title='bbox 2605 3519 2785 3572; x_wconf 87' lang='lat' dir='ltr'><strong>irritas</strong></span> <span class='ocrx_word' id='word_1_627' title='bbox 2837 3519 2951 3574; x_wconf 78' lang='lat' dir='ltr'><strong>fore</strong></span> <span class='ocrx_word' id='word_1_628' title='bbox 3001 3523 3386 3590; x_wconf 87' lang='lat' dir='ltr'><strong>promissioues</strong></span> 
     </span>
    </p>
   </div>
   <div class='ocr_carea' id='block_1_79' title="bbox 1853 3609 3386 3679">
    <p class='ocr_par' dir='ltr' id='par_1_79' title="bbox 1853 3609 3386 3679">
     <span class='ocr_line' id='line_1_79' title="bbox 1853 3609 3386 3679; baseline -0.002 -14"><span class='ocrx_word' id='word_1_629' title='bbox 1853 3620 1975 3667; x_wconf 88' lang='lat' dir='ltr'><strong>tuas</strong></span> <span class='ocrx_word' id='word_1_630' title='bbox 2004 3629 2016 3664; x_wconf 90' lang='lat'><strong>:</strong></span> <span class='ocrx_word' id='word_1_631' title='bbox 2047 3611 2160 3666; x_wconf 81' lang='lat' dir='ltr'><strong>ﬁeri</strong></span> <span class='ocrx_word' id='word_1_632' title='bbox 2186 3612 2328 3664; x_wconf 88' lang='lat' dir='ltr'><strong>enim</strong></span> <span class='ocrx_word' id='word_1_633' title='bbox 2352 3612 2534 3679; x_wconf 79' lang='lat' dir='ltr'><strong>nequit</strong></span> <span class='ocrx_word' id='word_1_634' title='bbox 2559 3618 2608 3663; x_wconf 90' lang='lat' dir='ltr'><strong>te</strong></span> <span class='ocrx_word' id='word_1_635' title='bbox 2635 3609 2870 3661; x_wconf 88' lang='lat' dir='ltr'><strong>mentiri.</strong></span> <span class='ocrx_word' id='word_1_636' title='bbox 2901 3609 3030 3674; x_wconf 86' lang='lat' dir='ltr'><strong>Quis</strong></span> <span class='ocrx_word' id='word_1_637' title='bbox 3050 3612 3188 3664; x_wconf 91' lang='lat' dir='ltr'><strong>enim</strong></span> <span class='ocrx_word' id='word_1_638' title='bbox 3214 3626 3386 3678; x_wconf 79' lang='lat' dir='ltr'><strong>arqua-</strong></span> 
     </span>
    </p>
   </div>
   <div class='ocr_carea' id='block_1_80' title="bbox 1855 3697 3386 3766">
    <p class='ocr_par' dir='ltr' id='par_1_80' title="bbox 1855 3697 3386 3766">
     <span class='ocr_line' id='line_1_80' title="bbox 1855 3697 3386 3766; baseline -0.002 -11"><span class='ocrx_word' id='word_1_639' title='bbox 1855 3702 1922 3756; x_wconf 85' lang='lat' dir='ltr'><strong>lis</strong></span> <span class='ocrx_word' id='word_1_640' title='bbox 1954 3700 2049 3754; x_wconf 89' lang='lat' dir='ltr'><strong>tibi</strong></span> <span class='ocrx_word' id='word_1_641' title='bbox 2076 3701 2180 3754; x_wconf 90' lang='lat' dir='ltr'><strong>erit</strong></span> <span class='ocrx_word' id='word_1_642' title='bbox 2211 3701 2264 3753; x_wconf 93' lang='lat' dir='ltr'><strong>in</strong></span> <span class='ocrx_word' id='word_1_643' title='bbox 2295 3701 2550 3760; x_wconf 85' lang='lat' dir='ltr'><strong>veritate,</strong></span> <span class='ocrx_word' id='word_1_644' title='bbox 2582 3705 2673 3750; x_wconf 90' lang='lat' dir='ltr'><strong>aut</strong></span> <span class='ocrx_word' id='word_1_645' title='bbox 2702 3697 2824 3766; x_wconf 89' lang='lat' dir='ltr'><strong>quis</strong></span> <span class='ocrx_word' id='word_1_646' title='bbox 2855 3698 3047 3754; x_wconf 90' lang='lat' dir='ltr'><strong>similis</strong></span> <span class='ocrx_word' id='word_1_647' title='bbox 3075 3699 3176 3752; x_wconf 90' lang='lat' dir='ltr'><strong>erit</strong></span> <span class='ocrx_word' id='word_1_648' title='bbox 3205 3700 3297 3752; x_wconf 85' lang='lat' dir='ltr'><strong>tibi</strong></span> <span class='ocrx_word' id='word_1_649' title='bbox 3332 3700 3386 3752; x_wconf 86' lang='lat' dir='ltr'><strong>in</strong></span> 
     </span>
    </p>
   </div>
   <div class='ocr_carea' id='block_1_81' title="bbox 1853 3786 3386 3857">
    <p class='ocr_par' dir='ltr' id='par_1_81' title="bbox 1853 3786 3386 3857">
     <span class='ocr_line' id='line_1_81' title="bbox 1853 3786 3386 3857; baseline -0.002 -13"><span class='ocrx_word' id='word_1_650' title='bbox 1853 3804 1946 3852; x_wconf 91' lang='lat' dir='ltr'><strong>eo,</strong></span> <span class='ocrx_word' id='word_1_651' title='bbox 1971 3789 2111 3857; x_wconf 88' lang='lat' dir='ltr'><strong>quod</strong></span> <span class='ocrx_word' id='word_1_652' title='bbox 2140 3788 2375 3857; x_wconf 88' lang='lat' dir='ltr'><strong>loquaris</strong></span> <span class='ocrx_word' id='word_1_653' title='bbox 2397 3794 2450 3841; x_wconf 92' lang='lat' dir='ltr'><strong>et</strong></span> <span class='ocrx_word' id='word_1_654' title='bbox 2475 3786 2855 3855; x_wconf 88' lang='lat' dir='ltr'><strong>promissiones</strong></span> <span class='ocrx_word' id='word_1_655' title='bbox 2883 3795 2985 3839; x_wconf 81' lang='lat' dir='ltr'><strong>tuae</strong></span> <span class='ocrx_word' id='word_1_656' title='bbox 3010 3786 3171 3841; x_wconf 64' lang='lat' dir='ltr'><strong>ﬁrma:</strong></span> <span class='ocrx_word' id='word_1_657' title='bbox 3197 3793 3250 3840; x_wconf 87' lang='lat' dir='ltr'><strong>et</strong></span> <span class='ocrx_word' id='word_1_658' title='bbox 3276 3787 3386 3856; x_wconf 61' lang='lat' dir='ltr'><strong>ple.</strong></span> 
     </span>
    </p>
   </div>
   <div class='ocr_carea' id='block_1_82' title="bbox 1854 3874 3382 3944">
    <p class='ocr_par' dir='ltr' id='par_1_82' title="bbox 1854 3874 3382 3944">
     <span class='ocr_line' id='line_1_82' title="bbox 1854 3874 3382 3944; baseline -0.003 -13"><span class='ocrx_word' id='word_1_659' title='bbox 1854 3893 1934 3932; x_wconf 74' lang='lat' dir='ltr'><strong>na:</strong></span> <span class='ocrx_word' id='word_1_660' title='bbox 1966 3877 2088 3932; x_wconf 84' lang='lat' dir='ltr'><strong>ﬁdei</strong></span> <span class='ocrx_word' id='word_1_661' title='bbox 2132 3877 2404 3931; x_wconf 85' lang='lat' dir='ltr'><strong>evadant?</strong></span> <span class='ocrx_word' id='word_1_662' title='bbox 2432 3874 2559 3929; x_wconf 64' lang='lat' dir='ltr'><strong>Tum</strong></span> <span class='ocrx_word' id='word_1_663' title='bbox 2588 3875 2783 3944; x_wconf 88' lang='lat' dir='ltr'><strong>quippe</strong></span> <span class='ocrx_word' id='word_1_664' title='bbox 2811 3875 3073 3928; x_wconf 83' lang='lat' dir='ltr'><strong>voluntati</strong></span> <span class='ocrx_word' id='word_1_665' title='bbox 3104 3891 3260 3929; x_wconf 88' lang='lat' dir='ltr'><strong>nemo</strong></span> <span class='ocrx_word' id='word_1_666' title='bbox 3287 3892 3382 3944; x_wconf 84' lang='lat' dir='ltr'><strong>pu-</strong></span> 
     </span>
    </p>
   </div>
   <div class='ocr_carea' id='block_1_83' title="bbox 1852 3964 3382 4032">
    <p class='ocr_par' dir='ltr' id='par_1_83' title="bbox 1852 3964 3382 4032">
     <span class='ocr_line' id='line_1_83' title="bbox 1852 3964 3382 4032; baseline -0.003 -10"><span class='ocrx_word' id='word_1_667' title='bbox 1852 3975 1957 4022; x_wconf 86' lang='lat' dir='ltr'><strong>test</strong></span> <span class='ocrx_word' id='word_1_668' title='bbox 1985 3967 2282 4030; x_wconf 88' lang='lat' dir='ltr'><strong>obsistere,</strong></span> <span class='ocrx_word' id='word_1_669' title='bbox 2332 3966 2405 4018; x_wconf 89' lang='lat' dir='ltr'><strong>ita</strong></span> <span class='ocrx_word' id='word_1_670' title='bbox 2444 3972 2504 4018; x_wconf 89' lang='lat' dir='ltr'><strong>ut</strong></span> <span class='ocrx_word' id='word_1_671' title='bbox 2546 3979 2642 4027; x_wconf 89' lang='lat' dir='ltr'><strong>ea,</strong></span> <span class='ocrx_word' id='word_1_672' title='bbox 2687 3979 2802 4032; x_wconf 76' lang='lat' dir='ltr'><strong>qua:</strong></span> <span class='ocrx_word' id='word_1_673' title='bbox 2832 3978 2860 4014; x_wconf 93' lang='lat' dir='ltr'><strong>a</strong></span> <span class='ocrx_word' id='word_1_674' title='bbox 2892 3972 2942 4017; x_wconf 91' lang='lat' dir='ltr'><strong>te</strong></span> <span class='ocrx_word' id='word_1_675' title='bbox 2973 3964 3134 4017; x_wconf 87' lang='lat' dir='ltr'><strong>semel</strong></span> <span class='ocrx_word' id='word_1_676' title='bbox 3167 3964 3382 4017; x_wconf 86' lang='lat' dir='ltr'><strong>deﬁnita</strong></span> 
     </span>
    </p>
   </div>
   <div class='ocr_carea' id='block_1_84' title="bbox 1855 4053 3382 4124">
    <p class='ocr_par' dir='ltr' id='par_1_84' title="bbox 1855 4053 3382 4124">
     <span class='ocr_line' id='line_1_84' title="bbox 1855 4053 3382 4124; baseline -0.005 -11"><span class='ocrx_word' id='word_1_677' title='bbox 1855 4065 2009 4122; x_wconf 87' lang='lat' dir='ltr'><strong>sunt,</strong></span> <span class='ocrx_word' id='word_1_678' title='bbox 2038 4064 2276 4120; x_wconf 85' lang='lat' dir='ltr'><strong>evertat,</strong></span> <span class='ocrx_word' id='word_1_679' title='bbox 2311 4055 2506 4110; x_wconf 90' lang='lat' dir='ltr'><strong>nedum</strong></span> <span class='ocrx_word' id='word_1_680' title='bbox 2538 4070 2598 4109; x_wconf 89' lang='lat' dir='ltr'><strong>ea</strong></span> <span class='ocrx_word' id='word_1_681' title='bbox 2629 4071 2745 4124; x_wconf 75' lang='lat' dir='ltr'><strong>qua:</strong></span> <span class='ocrx_word' id='word_1_682' title='bbox 2776 4068 2896 4107; x_wconf 90' lang='lat' dir='ltr'><strong>cum</strong></span> <span class='ocrx_word' id='word_1_683' title='bbox 2925 4053 3230 4121; x_wconf 87' lang='lat' dir='ltr'><strong>juramento</strong></span> <span class='ocrx_word' id='word_1_684' title='bbox 3258 4069 3382 4120; x_wconf 89' lang='lat' dir='ltr'><strong>pro-</strong></span> 
     </span>
    </p>
   </div>
   <div class='ocr_carea' id='block_1_85' title="bbox 1853 4140 3387 4210">
    <p class='ocr_par' dir='ltr' id='par_1_85' title="bbox 1853 4140 3387 4210">
     <span class='ocr_line' id='line_1_85' title="bbox 1853 4140 3387 4210; baseline -0.005 -12"><span class='ocrx_word' id='word_1_685' title='bbox 1853 4145 2019 4200; x_wconf 89' lang='lat' dir='ltr'><strong>missa</strong></span> <span class='ocrx_word' id='word_1_686' title='bbox 2061 4151 2227 4210; x_wconf 89' lang='lat' dir='ltr'><strong>sunt;</strong></span> <span class='ocrx_word' id='word_1_687' title='bbox 2274 4144 2346 4195; x_wconf 88' lang='lat' dir='ltr'><strong>ita</strong></span> <span class='ocrx_word' id='word_1_688' title='bbox 2389 4151 2447 4196; x_wconf 91' lang='lat' dir='ltr'><strong>ut</strong></span> <span class='ocrx_word' id='word_1_689' title='bbox 2485 4142 2695 4195; x_wconf 89' lang='lat' dir='ltr'><strong>etiamsi</strong></span> <span class='ocrx_word' id='word_1_690' title='bbox 2740 4140 2896 4194; x_wconf 90' lang='lat' dir='ltr'><strong>nobis</strong></span> <span class='ocrx_word' id='word_1_691' title='bbox 2940 4149 3062 4192; x_wconf 91' lang='lat' dir='ltr'><strong>nota</strong></span> <span class='ocrx_word' id='word_1_692' title='bbox 3100 4155 3206 4191; x_wconf 90' lang='lat' dir='ltr'><strong>non</strong></span> <span class='ocrx_word' id='word_1_693' title='bbox 3244 4147 3387 4193; x_wconf 78' lang='lat' dir='ltr'><strong>esset</strong></span> 
     </span>
    </p>
   </div>
   <div class='ocr_carea' id='block_1_86' title="bbox 1852 4228 3384 4305">
    <p class='ocr_par' dir='ltr' id='par_1_86' title="bbox 1852 4228 3384 4305">
     <span class='ocr_line' id='line_1_86' title="bbox 1852 4228 3384 4305; baseline -0.004 -19"><span class='ocrx_word' id='word_1_694' title='bbox 1852 4234 2239 4305; x_wconf 89' lang='lat' dir='ltr'><strong>promissorum</strong></span> <span class='ocrx_word' id='word_1_695' title='bbox 2273 4241 2486 4285; x_wconf 90' lang='lat' dir='ltr'><strong>tuorum</strong></span> <span class='ocrx_word' id='word_1_696' title='bbox 2516 4231 2713 4285; x_wconf 90' lang='lat' dir='ltr'><strong>veritas</strong></span> <span class='ocrx_word' id='word_1_697' title='bbox 2734 4270 2748 4294; x_wconf 96' lang='lat'><strong>,</strong></span> <span class='ocrx_word' id='word_1_698' title='bbox 2781 4237 2834 4281; x_wconf 92' lang='lat' dir='ltr'><strong>at</strong></span> <span class='ocrx_word' id='word_1_699' title='bbox 2871 4229 2999 4281; x_wconf 90' lang='lat' dir='ltr'><strong>illud</strong></span> <span class='ocrx_word' id='word_1_700' title='bbox 3042 4228 3204 4294; x_wconf 87' lang='lat' dir='ltr'><strong>probe</strong></span> <span class='ocrx_word' id='word_1_701' title='bbox 3245 4229 3384 4280; x_wconf 87' lang='lat' dir='ltr'><strong>scia-</strong></span> 
     </span>
    </p>
   </div>
   <div class='ocr_carea' id='block_1_87' title="bbox 1854 4317 3385 4391">
    <p class='ocr_par' dir='ltr' id='par_1_87' title="bbox 1854 4317 3385 4391">
     <span class='ocr_line' id='line_1_87' title="bbox 1854 4317 3385 4391; baseline -0.006 -15"><span class='ocrx_word' id='word_1_702' title='bbox 1854 4339 2005 4386; x_wconf 89' lang='lat' dir='ltr'><strong>mus,</strong></span> <span class='ocrx_word' id='word_1_703' title='bbox 2034 4322 2276 4391; x_wconf 85' lang='lat' dir='ltr'><strong>quoniam</strong></span> <span class='ocrx_word' id='word_1_704' title='bbox 2307 4330 2482 4387; x_wconf 77' lang='lat' dir='ltr'><strong>potens</strong></span> <span class='ocrx_word' id='word_1_705' title='bbox 2510 4336 2593 4380; x_wconf 78' lang='lat' dir='ltr'><strong>es,</strong></span> <span class='ocrx_word' id='word_1_706' title='bbox 2628 4319 2844 4371; x_wconf 85' lang='lat' dir='ltr'><strong>Domine</strong></span> <span class='ocrx_word' id='word_1_707' title='bbox 2864 4356 2876 4376; x_wconf 94' lang='lat'><strong>,</strong></span> <span class='ocrx_word' id='word_1_708' title='bbox 2908 4325 2955 4368; x_wconf 86' lang='lat' dir='ltr'><strong>et</strong></span> <span class='ocrx_word' id='word_1_709' title='bbox 2988 4317 3176 4369; x_wconf 80' lang='lat' dir='ltr'><strong>veritas</strong></span> <span class='ocrx_word' id='word_1_710' title='bbox 3210 4325 3297 4368; x_wconf 86' lang='lat' dir='ltr'><strong>tua</strong></span> <span class='ocrx_word' id='word_1_711' title='bbox 3332 4318 3385 4368; x_wconf 88' lang='lat' dir='ltr'><strong>in</strong></span> 
     </span>
    </p>
   </div>
   <div class='ocr_carea' id='block_1_88' title="bbox 1853 4407 3384 4478">
    <p class='ocr_par' dir='ltr' id='par_1_88' title="bbox 1853 4407 3384 4478">
     <span class='ocr_line' id='line_1_88' title="bbox 1853 4407 3384 4478; baseline -0.005 -12"><span class='ocrx_word' id='word_1_712' title='bbox 1853 4414 2070 4466; x_wconf 86' lang='lat' dir='ltr'><strong>circuitu</strong></span> <span class='ocrx_word' id='word_1_713' title='bbox 2103 4421 2210 4464; x_wconf 89' lang='lat' dir='ltr'><strong>tuo.</strong></span> <span class='ocrx_word' id='word_1_714' title='bbox 2249 4409 2438 4464; x_wconf 90' lang='lat' dir='ltr'><strong>Omnia</strong></span> <span class='ocrx_word' id='word_1_715' title='bbox 2481 4409 2643 4478; x_wconf 75' lang='lat' dir='ltr'><strong>igitur</strong></span> <span class='ocrx_word' id='word_1_716' title='bbox 2669 4423 2999 4476; x_wconf 65' lang='lat' dir='ltr'><strong>quaecunque</strong></span> <span class='ocrx_word' id='word_1_717' title='bbox 3030 4407 3262 4461; x_wconf 88' lang='lat' dir='ltr'><strong>volueris</strong></span> <span class='ocrx_word' id='word_1_718' title='bbox 3292 4423 3384 4474; x_wconf 81' lang='lat' dir='ltr'><strong>po-</strong></span> 
     </span>
    </p>
   </div>
   <div class='ocr_carea' id='block_1_89' title="bbox 1853 4496 3383 4569">
    <p class='ocr_par' dir='ltr' id='par_1_89' title="bbox 1853 4496 3383 4569">
     <span class='ocr_line' id='line_1_89' title="bbox 1853 4496 3383 4569; baseline -0.005 -13"><span class='ocrx_word' id='word_1_719' title='bbox 1853 4512 1970 4565; x_wconf 88' lang='lat' dir='ltr'><strong>tes,</strong></span> <span class='ocrx_word' id='word_1_720' title='bbox 2013 4510 2064 4555; x_wconf 90' lang='lat' dir='ltr'><strong>et</strong></span> <span class='ocrx_word' id='word_1_721' title='bbox 2091 4499 2468 4569; x_wconf 60' lang='lat' dir='ltr'><strong>pratdictorum</strong></span> <span class='ocrx_word' id='word_1_722' title='bbox 2507 4497 2571 4550; x_wconf 89' lang='lat' dir='ltr'><strong>de</strong></span> <span class='ocrx_word' id='word_1_723' title='bbox 2619 4496 2816 4549; x_wconf 81' lang='lat' dir='ltr'><strong>Davide</strong></span> <span class='ocrx_word' id='word_1_724' title='bbox 2863 4499 3147 4549; x_wconf 87' lang='lat' dir='ltr'><strong>verborum</strong></span> <span class='ocrx_word' id='word_1_725' title='bbox 3188 4505 3383 4550; x_wconf 75' lang='lat' dir='ltr'><strong>veritas</strong></span> 
     </span>
    </p>
   </div>
   <div class='ocr_carea' id='block_1_90' title="bbox 207 4583 1754 4664">
    <p class='ocr_par' dir='ltr' id='par_1_90' title="bbox 207 4583 1750 4664">
     <span class='ocr_line' id='line_1_90' title="bbox 207 4583 1750 4664; baseline -0.016 -16"><span class='ocrx_word' id='word_1_726' title='bbox 207 4596 380 4664; x_wconf 86' lang='grc' dir='ltr'>λόγων</span> <span class='ocrx_word' id='word_1_727' title='bbox 413 4609 510 4646; x_wconf 92' lang='grc' dir='ltr'><strong>σου</strong></span> <span class='ocrx_word' id='word_1_728' title='bbox 541 4589 646 4642; x_wconf 84' lang='grc' dir='ltr'><strong>τῶν</strong></span> <span class='ocrx_word' id='word_1_729' title='bbox 671 4589 797 4656; x_wconf 78' lang='grc' dir='ltr'>περὶ</span> <span class='ocrx_word' id='word_1_730' title='bbox 822 4585 914 4637; x_wconf 89' lang='grc' dir='ltr'><strong>τοῦ</strong></span> <span class='ocrx_word' id='word_1_731' title='bbox 934 4583 1090 4636; x_wconf 78' lang='grc' dir='ltr'>Δαυῖδ</span> <span class='ocrx_word' id='word_1_732' title='bbox 1114 4585 1520 4655; x_wconf 71' lang='grc' dir='ltr'>προρρηθέντων</span> <span class='ocrx_word' id='word_1_733' title='bbox 1561 4587 1594 4651; x_wconf 82' lang='grc' dir='ltr'>ἡ</span> <span class='ocrx_word' id='word_1_734' title='bbox 1622 4585 1750 4653; x_wconf 80' lang='grc' dir='ltr'>ἀλή..</span> 
     </span>
    </p>
   </div>
   <div class='ocr_carea' id='block_1_91' title="bbox 1855 4583 3385 4664">
    <p class='ocr_par' dir='ltr' id='par_1_91' title="bbox 1855 4585 3385 4653">
     <span class='ocr_line' id='line_1_91' title="bbox 1855 4585 3385 4653; baseline -0.008 -8"><span class='ocrx_word' id='word_1_735' title='bbox 1855 4593 1995 4645; x_wconf 86' lang='lat' dir='ltr'><strong>circa</strong></span> <span class='ocrx_word' id='word_1_736' title='bbox 2026 4598 2076 4645; x_wconf 90' lang='lat' dir='ltr'><strong>te</strong></span> <span class='ocrx_word' id='word_1_737' title='bbox 2104 4590 2374 4653; x_wconf 86' lang='lat' dir='ltr'><strong>volvitur;</strong></span> <span class='ocrx_word' id='word_1_738' title='bbox 2406 4587 2480 4638; x_wconf 90' lang='lat' dir='ltr'><strong>ita</strong></span> <span class='ocrx_word' id='word_1_739' title='bbox 2512 4595 2569 4638; x_wconf 90' lang='lat' dir='ltr'><strong>ut</strong></span> <span class='ocrx_word' id='word_1_740' title='bbox 2597 4587 2845 4638; x_wconf 89' lang='lat' dir='ltr'><strong>omnibus</strong></span> <span class='ocrx_word' id='word_1_741' title='bbox 2866 4623 2880 4647; x_wconf 93' lang='lat'><strong>,</strong></span> <span class='ocrx_word' id='word_1_742' title='bbox 2916 4585 3006 4653; x_wconf 89' lang='lat' dir='ltr'><strong>qui</strong></span> <span class='ocrx_word' id='word_1_743' title='bbox 3036 4587 3178 4638; x_wconf 87' lang='lat' dir='ltr'><strong>circa</strong></span> <span class='ocrx_word' id='word_1_744' title='bbox 3209 4596 3258 4640; x_wconf 91' lang='lat' dir='ltr'><strong>te</strong></span> <span class='ocrx_word' id='word_1_745' title='bbox 3290 4600 3385 4652; x_wconf 85' lang='lat' dir='ltr'><strong>po-</strong></span> 
     </span>
    </p>
   </div>
   <div class='ocr_carea' id='block_1_92' title="bbox 209 4670 1754 4753">
    <p class='ocr_par' dir='ltr' id='par_1_92' title="bbox 209 4670 1754 4753">
     <span class='ocr_line' id='line_1_92' title="bbox 209 4670 1754 4753; baseline -0.014 -16"><span class='ocrx_word' id='word_1_746' title='bbox 209 4684 329 4738; x_wconf 87' lang='grc' dir='ltr'>θεια</span> <span class='ocrx_word' id='word_1_747' title='bbox 356 4682 503 4753; x_wconf 63' lang='grc' dir='ltr'><strong>ἀμφὶ</strong></span> <span class='ocrx_word' id='word_1_748' title='bbox 539 4683 598 4731; x_wconf 81' lang='grc' dir='ltr'>σὲ</span> <span class='ocrx_word' id='word_1_749' title='bbox 619 4677 865 4730; x_wconf 79' lang='grc' dir='ltr'>εἱλεῖται·</span> <span class='ocrx_word' id='word_1_750' title='bbox 900 4674 972 4735; x_wconf 83' lang='grc' dir='ltr'>ὼς</span> <span class='ocrx_word' id='word_1_751' title='bbox 996 4675 1124 4725; x_wconf 85' lang='grc' dir='ltr'>πᾶσι</span> <span class='ocrx_word' id='word_1_752' title='bbox 1155 4674 1250 4744; x_wconf 78' lang='grc' dir='ltr'><strong>μὲν</strong></span> <span class='ocrx_word' id='word_1_753' title='bbox 1272 4677 1380 4736; x_wconf 86' lang='grc' dir='ltr'>τοῖς</span> <span class='ocrx_word' id='word_1_754' title='bbox 1404 4675 1524 4745; x_wconf 78' lang='grc' dir='ltr'>περὶ</span> <span class='ocrx_word' id='word_1_755' title='bbox 1555 4675 1612 4726; x_wconf 84' lang='grc' dir='ltr'>σὲ</span> <span class='ocrx_word' id='word_1_756' title='bbox 1640 4670 1754 4726; x_wconf 58' lang='lat' dir='ltr'><strong>eam</strong></span> 
     </span>
    </p>
   </div>
   <div class='ocr_carea' id='block_1_93' title="bbox 210 4759 1756 4841">
    <p class='ocr_par' dir='ltr' id='par_1_93' title="bbox 210 4759 1756 4841">
     <span class='ocr_line' id='line_1_93' title="bbox 210 4759 1756 4841; baseline -0.012 -16"><span class='ocrx_word' id='word_1_757' title='bbox 210 4775 302 4824; x_wconf 63' lang='grc' dir='ltr'><strong>καὶ</strong></span> <span class='ocrx_word' id='word_1_758' title='bbox 331 4774 434 4841; x_wconf 84' lang='grc' dir='ltr'><strong>τὴν</strong></span> <span class='ocrx_word' id='word_1_759' title='bbox 459 4767 557 4837; x_wconf 78' lang='grc' dir='ltr'>σὴν</span> <span class='ocrx_word' id='word_1_760' title='bbox 589 4764 809 4832; x_wconf 80' lang='grc' dir='ltr'>θεότητα</span> <span class='ocrx_word' id='word_1_761' title='bbox 831 4759 1181 4830; x_wconf 74' lang='grc' dir='ltr'>δορυφυροῦσι</span> <span class='ocrx_word' id='word_1_762' title='bbox 1214 4759 1585 4827; x_wconf 80' lang='grc' dir='ltr'>γινώσκεσθαι,</span> <span class='ocrx_word' id='word_1_763' title='bbox 1601 4762 1756 4828; x_wconf 76' lang='grc' dir='ltr'>ἀγνο-</span> 
     </span>
    </p>
   </div>
   <div class='ocr_carea' id='block_1_94' title="bbox 210 4849 1497 4924">
    <p class='ocr_par' dir='ltr' id='par_1_94' title="bbox 210 4849 1497 4924">
     <span class='ocr_line' id='line_1_94' title="bbox 210 4849 1497 4924; baseline -0.005 -17"><span class='ocrx_word' id='word_1_764' title='bbox 210 4862 382 4914; x_wconf 78' lang='grc' dir='ltr'>εἶσθαι</span> <span class='ocrx_word' id='word_1_765' title='bbox 409 4860 466 4912; x_wconf 82' lang='grc' dir='ltr'><strong>δὲ</strong></span> <span class='ocrx_word' id='word_1_766' title='bbox 488 4859 601 4918; x_wconf 86' lang='grc' dir='ltr'>τοῖς</span> <span class='ocrx_word' id='word_1_767' title='bbox 635 4852 856 4924; x_wconf 70' lang='grc' dir='ltr'>μακρὰν</span> <span class='ocrx_word' id='word_1_768' title='bbox 875 4849 1227 4916; x_wconf 75' lang='grc' dir='ltr'>ἀφεστηκόσιν</span> <span class='ocrx_word' id='word_1_769' title='bbox 1252 4849 1357 4901; x_wconf 82' lang='grc' dir='ltr'>ἀπὸ</span> <span class='ocrx_word' id='word_1_770' title='bbox 1386 4849 1497 4901; x_wconf 92' lang='grc' dir='ltr'>σοῦ.</span> 
     </span>
    </p>
   </div>
   <div class='ocr_carea' id='block_1_95' title="bbox 279 4937 1760 5014">
    <p class='ocr_par' dir='ltr' id='par_1_95' title="bbox 279 4937 1760 5014">
     <span class='ocr_line' id='line_1_95' title="bbox 279 4937 1760 5014; baseline -0.017 -12"><span class='ocrx_word' id='word_1_771' title='bbox 279 4953 442 5004; x_wconf 79' lang='grc' dir='ltr'><strong>Δοκεῖ¹</strong></span> <span class='ocrx_word' id='word_1_772' title='bbox 479 4946 536 4999; x_wconf 83' lang='grc' dir='ltr'><strong>δέ</strong></span> <span class='ocrx_word' id='word_1_773' title='bbox 591 4960 678 5014; x_wconf 87' lang='grc' dir='ltr'><strong>μοι</strong></span> <span class='ocrx_word' id='word_1_774' title='bbox 723 4941 807 4993; x_wconf 73' lang='grc' dir='ltr'><strong>διὰ</strong></span> <span class='ocrx_word' id='word_1_775' title='bbox 837 4941 1032 4990; x_wconf 80' lang='grc' dir='ltr'>τούτων</span> <span class='ocrx_word' id='word_1_776' title='bbox 1054 4939 1080 4989; x_wconf 84' lang='grc' dir='ltr'>ὁ</span> <span class='ocrx_word' id='word_1_777' title='bbox 1112 4938 1424 5007; x_wconf 54' lang='grc' dir='ltr'>Προφήτης,</span> <span class='ocrx_word' id='word_1_778' title='bbox 1441 4938 1574 5007; x_wconf 82' lang='grc' dir='ltr'>ἁγίῳ</span> <span class='ocrx_word' id='word_1_779' title='bbox 1602 4937 1760 4990; x_wconf 69' lang='grc' dir='ltr'>Πνεύ-</span> 
     </span>
    </p>
   </div>
   <div class='ocr_carea' id='block_1_96' title="bbox 215 5025 1756 5110">
    <p class='ocr_par' dir='ltr' id='par_1_96' title="bbox 215 5025 1756 5110">
     <span class='ocr_line' id='line_1_96' title="bbox 215 5025 1756 5110; baseline -0.01 -16"><span class='ocrx_word' id='word_1_780' title='bbox 215 5059 339 5110; x_wconf 79' lang='grc' dir='ltr'>ματι</span> <span class='ocrx_word' id='word_1_781' title='bbox 372 5033 745 5106; x_wconf 69' lang='grc' dir='ltr'>θεοφορηθεὶς,</span> <span class='ocrx_word' id='word_1_782' title='bbox 774 5029 1006 5090; x_wconf 73' lang='grc' dir='ltr'>καὶτοὺς</span> <span class='ocrx_word' id='word_1_783' title='bbox 1024 5027 1119 5097; x_wconf 84' lang='grc' dir='ltr'>τῆς</span> <span class='ocrx_word' id='word_1_784' title='bbox 1136 5025 1310 5094; x_wconf 81' lang='grc' dir='ltr'>ψυχῆς</span> <span class='ocrx_word' id='word_1_785' title='bbox 1331 5026 1634 5096; x_wconf 69' lang='grc' dir='ltr'>ὀφθαλμοὺς</span> <span class='ocrx_word' id='word_1_786' title='bbox 1654 5045 1756 5096; x_wconf 79' lang='grc' dir='ltr'><strong>φω-</strong></span> 
     </span>
    </p>
   </div>
   <div class='ocr_carea' id='block_1_97' title="bbox 207 5115 1757 5202">
    <p class='ocr_par' dir='ltr' id='par_1_97' title="bbox 207 5115 1757 5202">
     <span class='ocr_line' id='line_1_97' title="bbox 207 5115 1757 5202; baseline -0.007 -23"><span class='ocrx_word' id='word_1_787' title='bbox 207 5131 264 5182; x_wconf 72' lang='grc' dir='ltr'><strong>τὶ</strong></span> <span class='ocrx_word' id='word_1_788' title='bbox 286 5129 456 5202; x_wconf 84' lang='grc' dir='ltr'>νοερῷ</span> <span class='ocrx_word' id='word_1_789' title='bbox 482 5119 894 5188; x_wconf 66' lang='grc' dir='ltr'>καταυγασθεὶς,</span> <span class='ocrx_word' id='word_1_790' title='bbox 917 5117 1014 5186; x_wconf 80' lang='grc' dir='ltr'>τὴν</span> <span class='ocrx_word' id='word_1_791' title='bbox 1041 5115 1192 5180; x_wconf 82' lang='grc' dir='ltr'>δόξαν</span> <span class='ocrx_word' id='word_1_792' title='bbox 1225 5115 1516 5183; x_wconf 75' lang='grc' dir='ltr'>ἑωρακέναι</span> <span class='ocrx_word' id='word_1_793' title='bbox 1540 5116 1629 5167; x_wconf 84' lang='grc' dir='ltr'><strong>τοῦ</strong></span> <span class='ocrx_word' id='word_1_794' title='bbox 1652 5119 1757 5169; x_wconf 91' lang='grc' dir='ltr'><strong>Μο-</strong></span> 
     </span>
    </p>
   </div>
   <div class='ocr_carea' id='block_1_98' title="bbox 209 5201 1754 5286">
    <p class='ocr_par' dir='ltr' id='par_1_98' title="bbox 209 5201 1754 5286">
     <span class='ocr_line' id='line_1_98' title="bbox 209 5201 1754 5286; baseline -0.003 -25"><span class='ocrx_word' id='word_1_795' title='bbox 209 5218 460 5286; x_wconf 78' lang='grc' dir='ltr'>νογενοῠς</span> <span class='ocrx_word' id='word_1_796' title='bbox 508 5211 602 5265; x_wconf 83' lang='grc' dir='ltr'><strong>τοῦ</strong></span> <span class='ocrx_word' id='word_1_797' title='bbox 647 5208 792 5264; x_wconf 83' lang='grc' dir='ltr'>Θεοῦ,</span> <span class='ocrx_word' id='word_1_798' title='bbox 852 5208 908 5258; x_wconf 81' lang='grc' dir='ltr'>ὲν</span> <span class='ocrx_word' id='word_1_799' title='bbox 955 5204 1101 5274; x_wconf 87' lang='grc' dir='ltr'>μέσῳ</span> <span class='ocrx_word' id='word_1_800' title='bbox 1149 5203 1244 5276; x_wconf 79' lang='grc' dir='ltr'><strong>τῆς</strong></span> <span class='ocrx_word' id='word_1_801' title='bbox 1289 5201 1602 5272; x_wconf 84' lang='grc' dir='ltr'>Ἐκκλησίας</span> <span class='ocrx_word' id='word_1_802' title='bbox 1647 5203 1754 5257; x_wconf 85' lang='grc' dir='ltr'><strong>τῶν</strong></span> 
     </span>
    </p>
   </div>
   <div class='ocr_carea' id='block_1_99' title="bbox 213 5289 1753 5374">
    <p class='ocr_par' dir='ltr' id='par_1_99' title="bbox 213 5289 1753 5374">
     <span class='ocr_line' id='line_1_99' title="bbox 213 5289 1753 5374; baseline -0.019 -15"><span class='ocrx_word' id='word_1_803' title='bbox 213 5309 375 5374; x_wconf 83' lang='grc' dir='ltr'>ἁγίων</span> <span class='ocrx_word' id='word_1_804' title='bbox 407 5304 662 5362; x_wconf 80' lang='grc' dir='ltr'>ἑστῶτος,</span> <span class='ocrx_word' id='word_1_805' title='bbox 690 5298 780 5350; x_wconf 75' lang='grc' dir='ltr'><strong>καὶ</strong></span> <span class='ocrx_word' id='word_1_806' title='bbox 810 5291 1259 5364; x_wconf 76' lang='grc' dir='ltr'>δορυφορουμένου</span> <span class='ocrx_word' id='word_1_807' title='bbox 1300 5289 1403 5340; x_wconf 84' lang='grc' dir='ltr'><strong>ὑπὸ</strong></span> <span class='ocrx_word' id='word_1_808' title='bbox 1443 5290 1547 5343; x_wconf 78' lang='grc' dir='ltr'><strong>τῶν</strong></span> <span class='ocrx_word' id='word_1_809' title='bbox 1587 5291 1753 5359; x_wconf 77' lang='grc' dir='ltr'>ἀγιων</span> 
     </span>
    </p>
   </div>
   <div class='ocr_carea' id='block_1_100' title="bbox 211 5378 1750 5464">
    <p class='ocr_par' dir='ltr' id='par_1_100' title="bbox 211 5378 1750 5464">
     <span class='ocr_line' id='line_1_100' title="bbox 211 5378 1750 5464; baseline -0.008 -17"><span class='ocrx_word' id='word_1_810' title='bbox 211 5397 314 5449; x_wconf 87' lang='grc' dir='ltr'><strong>τῶν</strong></span> <span class='ocrx_word' id='word_1_811' title='bbox 346 5401 404 5450; x_wconf 83' lang='grc' dir='ltr'>ὲν</span> <span class='ocrx_word' id='word_1_812' title='bbox 447 5391 693 5464; x_wconf 77' lang='grc' dir='ltr'>βασιλείᾳ</span> <span class='ocrx_word' id='word_1_813' title='bbox 729 5383 908 5438; x_wconf 77' lang='grc' dir='ltr'>αὐτοῦ.</span> <span class='ocrx_word' id='word_1_814' title='bbox 945 5378 1326 5452; x_wconf 77' lang='grc' dir='ltr'>Μνημονεύσας</span> <span class='ocrx_word' id='word_1_815' title='bbox 1356 5379 1486 5445; x_wconf 89' lang='grc' dir='ltr'>γοῦν</span> <span class='ocrx_word' id='word_1_816' title='bbox 1524 5381 1632 5434; x_wconf 85' lang='grc' dir='ltr'><strong>τῶν</strong></span> <span class='ocrx_word' id='word_1_817' title='bbox 1661 5383 1750 5434; x_wconf 83' lang='grc' dir='ltr'><strong>οὐ·</strong></span> 
     </span>
    </p>
   </div>
   <div class='ocr_carea' id='block_1_101' title="bbox 218 5465 1751 5553">
    <p class='ocr_par' dir='ltr' id='par_1_101' title="bbox 218 5465 1751 5553">
     <span class='ocr_line' id='line_1_101' title="bbox 218 5465 1751 5553; baseline -0.011 -20"><span class='ocrx_word' id='word_1_818' title='bbox 218 5487 409 5553; x_wconf 75' lang='grc' dir='ltr'>ρανῶν,</span> <span class='ocrx_word' id='word_1_819' title='bbox 440 5481 534 5535; x_wconf 74' lang='grc' dir='ltr'><strong>καὶ</strong></span> <span class='ocrx_word' id='word_1_820' title='bbox 583 5477 657 5546; x_wconf 81' lang='grc' dir='ltr'><strong>τῷ</strong></span> <span class='ocrx_word' id='word_1_821' title='bbox 708 5473 834 5536; x_wconf 78' lang='grc' dir='ltr'>θείῳ</span> <span class='ocrx_word' id='word_1_822' title='bbox 881 5470 1145 5539; x_wconf 80' lang='grc' dir='ltr'>Πνεῦματι</span> <span class='ocrx_word' id='word_1_823' title='bbox 1183 5465 1489 5528; x_wconf 80' lang='grc' dir='ltr'>ὲνατενίσας</span> <span class='ocrx_word' id='word_1_824' title='bbox 1532 5470 1597 5537; x_wconf 81' lang='grc' dir='ltr'>τῇ</span> <span class='ocrx_word' id='word_1_825' title='bbox 1646 5469 1751 5522; x_wconf 85' lang='grc' dir='ltr'><strong>τῶν</strong></span> 
     </span>
    </p>
   </div>
   <div class='ocr_carea' id='block_1_102' title="bbox 217 5554 1748 5640">
    <p class='ocr_par' dir='ltr' id='par_1_102' title="bbox 217 5554 1748 5640">
     <span class='ocr_line' id='line_1_102' title="bbox 217 5554 1748 5640; baseline -0.008 -18"><span class='ocrx_word' id='word_1_826' title='bbox 217 5573 379 5640; x_wconf 82' lang='grc' dir='ltr'>ἁγίων</span> <span class='ocrx_word' id='word_1_827' title='bbox 428 5565 740 5635; x_wconf 69' lang='grc' dir='ltr'>Ἐκκλησία,</span> <span class='ocrx_word' id='word_1_828' title='bbox 771 5561 936 5611; x_wconf 80' lang='grc' dir='ltr'>ἔοικεν</span> <span class='ocrx_word' id='word_1_829' title='bbox 981 5554 1270 5626; x_wconf 76' lang='grc' dir='ltr'>ἑωρακέναι</span> <span class='ocrx_word' id='word_1_830' title='bbox 1310 5554 1478 5620; x_wconf 83' lang='grc' dir='ltr'>μέσον</span> <span class='ocrx_word' id='word_1_831' title='bbox 1509 5555 1598 5607; x_wconf 82' lang='grc' dir='ltr'><strong>τὸν</strong></span> <span class='ocrx_word' id='word_1_832' title='bbox 1622 5557 1748 5610; x_wconf 80' lang='grc' dir='ltr'>Υἱὸν</span> 
     </span>
    </p>
   </div>
   <div class='ocr_carea' id='block_1_103' title="bbox 215 5641 1750 5721">
    <p class='ocr_par' dir='ltr' id='par_1_103' title="bbox 215 5641 1750 5721">
     <span class='ocr_line' id='line_1_103' title="bbox 215 5641 1750 5721; baseline 0.005 -29"><span class='ocrx_word' id='word_1_833' title='bbox 215 5661 304 5714; x_wconf 67' lang='grc' dir='ltr'><strong>τοῦ</strong></span> <span class='ocrx_word' id='word_1_834' title='bbox 334 5658 467 5715; x_wconf 54' lang='grc' dir='ltr'>είεοῦ</span> <span class='ocrx_word' id='word_1_835' title='bbox 486 5675 501 5690; x_wconf 81' lang='grc' dir='ltr'><strong><em>ο</em></strong></span> <span class='ocrx_word' id='word_1_836' title='bbox 524 5653 639 5708; x_wconf 78' lang='grc' dir='ltr'>εἶτα</span> <span class='ocrx_word' id='word_1_837' title='bbox 663 5648 799 5721; x_wconf 77' lang='grc' dir='ltr'>μετὰ</span> <span class='ocrx_word' id='word_1_838' title='bbox 825 5646 917 5713; x_wconf 83' lang='grc' dir='ltr'>τὴν</span> <span class='ocrx_word' id='word_1_839' title='bbox 938 5646 1132 5698; x_wconf 78' lang='grc' dir='ltr'>ἐκείνου</span> <span class='ocrx_word' id='word_1_840' title='bbox 1159 5641 1482 5710; x_wconf 84' lang='grc' dir='ltr'>κατανόησιν</span> <span class='ocrx_word' id='word_1_841' title='bbox 1507 5644 1750 5715; x_wconf 79' lang='grc' dir='ltr'>ἐπιστρέ-</span> 
     </span>
    </p>
   </div>
   <div class='ocr_carea' id='block_1_104' title="bbox 215 5729 1747 5818">
    <p class='ocr_par' dir='ltr' id='par_1_104' title="bbox 215 5729 1747 5818">
     <span class='ocr_line' id='line_1_104' title="bbox 215 5729 1747 5818; baseline -0.005 -25"><span class='ocrx_word' id='word_1_842' title='bbox 215 5767 330 5818; x_wconf 75' lang='grc' dir='ltr'><strong>φειν</strong></span> <span class='ocrx_word' id='word_1_843' title='bbox 361 5752 486 5813; x_wconf 72' lang='grc' dir='ltr'>τοὺς</span> <span class='ocrx_word' id='word_1_844' title='bbox 527 5737 830 5813; x_wconf 73' lang='grc' dir='ltr'>ὀφθαλμοὺς</span> <span class='ocrx_word' id='word_1_845' title='bbox 861 5734 949 5784; x_wconf 81' lang='grc' dir='ltr'><strong>ἐπὶ</strong></span> <span class='ocrx_word' id='word_1_846' title='bbox 985 5733 1087 5787; x_wconf 81' lang='grc' dir='ltr'><strong>τῶν</strong></span> <span class='ocrx_word' id='word_1_847' title='bbox 1116 5729 1272 5818; x_wconf 68' lang='grc' dir='ltr'>πέριξ</span> <span class='ocrx_word' id='word_1_848' title='bbox 1298 5729 1470 5796; x_wconf 83' lang='grc' dir='ltr'>ἁγίων</span> <span class='ocrx_word' id='word_1_849' title='bbox 1500 5733 1747 5798; x_wconf 66' lang='grc' dir='ltr'>ἀγγέλων</span> 
     </span>
    </p>
   </div>
   <div class='ocr_carea' id='block_1_105' title="bbox 213 5814 1744 5916">
    <p class='ocr_par' dir='ltr' id='par_1_105' title="bbox 213 5814 1744 5916">
     <span class='ocr_line' id='line_1_105' title="bbox 213 5814 1744 5916; baseline -0.016 -24"><span class='ocrx_word' id='word_1_850' title='bbox 213 5814 298 5894; x_wconf 74' lang='grc' dir='ltr'>καὶ</span> <span class='ocrx_word' id='word_1_851' title='bbox 322 5834 696 5916; x_wconf 77' lang='grc' dir='ltr'>ἀρχαγγέλων,</span> <span class='ocrx_word' id='word_1_852' title='bbox 744 5821 1045 5890; x_wconf 78' lang='grc' dir='ltr'>πνευμάτων</span> <span class='ocrx_word' id='word_1_853' title='bbox 1062 5835 1117 5871; x_wconf 82' lang='grc' dir='ltr'><strong>τε</strong></span> <span class='ocrx_word' id='word_1_854' title='bbox 1145 5814 1302 5868; x_wconf 84' lang='grc' dir='ltr'>θείων</span> <span class='ocrx_word' id='word_1_855' title='bbox 1341 5819 1436 5871; x_wconf 75' lang='grc' dir='ltr'><strong>καὶ</strong></span> <span class='ocrx_word' id='word_1_856' title='bbox 1464 5819 1744 5891; x_wconf 70' lang='grc' dir='ltr'>δι’νάμεων</span> 
     </span>
    </p>
   </div>
   <div class='ocr_carea' id='block_1_106' title="bbox 1855 4674 3383 4743">
    <p class='ocr_par' dir='ltr' id='par_1_106' title="bbox 1855 4674 3383 4743">
     <span class='ocr_line' id='line_1_106' title="bbox 1855 4674 3383 4743; baseline -0.006 -7"><span class='ocrx_word' id='word_1_857' title='bbox 1855 4681 1943 4736; x_wconf 82' lang='lat' dir='ltr'><strong>siti</strong></span> <span class='ocrx_word' id='word_1_858' title='bbox 1972 4687 2096 4734; x_wconf 88' lang='lat' dir='ltr'><strong>sunt</strong></span> <span class='ocrx_word' id='word_1_859' title='bbox 2123 4686 2176 4733; x_wconf 91' lang='lat' dir='ltr'><strong>et</strong></span> <span class='ocrx_word' id='word_1_860' title='bbox 2204 4677 2454 4730; x_wconf 83' lang='lat' dir='ltr'><strong>deitatem</strong></span> <span class='ocrx_word' id='word_1_861' title='bbox 2483 4675 2683 4743; x_wconf 86' lang='lat' dir='ltr'><strong>stipant</strong></span> <span class='ocrx_word' id='word_1_862' title='bbox 2713 4681 2857 4725; x_wconf 89' lang='lat' dir='ltr'><strong>tuam</strong></span> <span class='ocrx_word' id='word_1_863' title='bbox 2879 4714 2894 4738; x_wconf 93' lang='lat'><strong>,</strong></span> <span class='ocrx_word' id='word_1_864' title='bbox 2927 4683 3054 4726; x_wconf 85' lang='lat' dir='ltr'><strong>nota</strong></span> <span class='ocrx_word' id='word_1_865' title='bbox 3085 4675 3184 4740; x_wconf 84' lang='lat' dir='ltr'><strong>sit,</strong></span> <span class='ocrx_word' id='word_1_866' title='bbox 3218 4674 3284 4727; x_wconf 88' lang='lat' dir='ltr'><strong>ab</strong></span> <span class='ocrx_word' id='word_1_867' title='bbox 3315 4674 3383 4727; x_wconf 88' lang='lat' dir='ltr'><strong>iis</strong></span> 
     </span>
    </p>
   </div>
   <div class='ocr_carea' id='block_1_107' title="bbox 1853 4765 2904 4838">
    <p class='ocr_par' dir='ltr' id='par_1_107' title="bbox 1853 4765 2904 4838">
     <span class='ocr_line' id='line_1_107' title="bbox 1853 4765 2904 4838; baseline -0.008 -14"><span class='ocrx_word' id='word_1_868' title='bbox 1853 4785 1983 4824; x_wconf 83' lang='lat' dir='ltr'><strong>vero</strong></span> <span class='ocrx_word' id='word_1_869' title='bbox 2011 4769 2098 4838; x_wconf 87' lang='lat' dir='ltr'><strong>qui</strong></span> <span class='ocrx_word' id='word_1_870' title='bbox 2130 4767 2318 4837; x_wconf 87' lang='lat' dir='ltr'><strong>procul</strong></span> <span class='ocrx_word' id='word_1_871' title='bbox 2347 4775 2397 4820; x_wconf 91' lang='lat' dir='ltr'><strong>te</strong></span> <span class='ocrx_word' id='word_1_872' title='bbox 2424 4771 2584 4830; x_wconf 92' lang='lat' dir='ltr'><strong>sunt,</strong></span> <span class='ocrx_word' id='word_1_873' title='bbox 2611 4765 2904 4833; x_wconf 72' lang='lat' dir='ltr'><strong>ignoretur.</strong></span> 
     </span>
    </p>
   </div>
   <div class='ocr_carea' id='block_1_108' title="bbox 1922 4931 3385 5005">
    <p class='ocr_par' dir='ltr' id='par_1_108' title="bbox 1922 4931 3385 5005">
     <span class='ocr_line' id='line_1_108' title="bbox 1922 4931 3385 5005; baseline -0.005 -12"><span class='ocrx_word' id='word_1_874' title='bbox 1922 4937 1998 4993; x_wconf 81' lang='lat' dir='ltr'><strong>Ex</strong></span> <span class='ocrx_word' id='word_1_875' title='bbox 2026 4936 2112 4991; x_wconf 90' lang='lat' dir='ltr'><strong>his</strong></span> <span class='ocrx_word' id='word_1_876' title='bbox 2144 4951 2304 5005; x_wconf 87' lang='lat' dir='ltr'><strong>porro</strong></span> <span class='ocrx_word' id='word_1_877' title='bbox 2329 4933 2543 4988; x_wconf 82' lang='lat' dir='ltr'><strong>videtur</strong></span> <span class='ocrx_word' id='word_1_878' title='bbox 2570 4933 2701 4986; x_wconf 90' lang='lat' dir='ltr'><strong>mihi</strong></span> <span class='ocrx_word' id='word_1_879' title='bbox 2723 4931 2996 5000; x_wconf 85' lang='lat' dir='ltr'><strong>Propheta</strong></span> <span class='ocrx_word' id='word_1_880' title='bbox 3028 4931 3232 5002; x_wconf 86' lang='lat' dir='ltr'><strong>Spiritu</strong></span> <span class='ocrx_word' id='word_1_881' title='bbox 3261 4948 3385 4987; x_wconf 88' lang='lat' dir='ltr'><strong>san-</strong></span> 
     </span>
    </p>
   </div>
   <div class='ocr_carea' id='block_1_109' title="bbox 1853 5023 3386 5095">
    <p class='ocr_par' dir='ltr' id='par_1_109' title="bbox 1853 5023 3386 5095">
     <span class='ocr_line' id='line_1_109' title="bbox 1853 5023 3386 5095; baseline -0.003 -13"><span class='ocrx_word' id='word_1_882' title='bbox 1853 5036 1939 5083; x_wconf 88' lang='lat' dir='ltr'><strong>eto</strong></span> <span class='ocrx_word' id='word_1_883' title='bbox 1966 5029 2144 5081; x_wconf 71' lang='lat' dir='ltr'><strong>divine</strong></span> <span class='ocrx_word' id='word_1_884' title='bbox 2175 5028 2445 5095; x_wconf 88' lang='lat' dir='ltr'><strong>repletus,</strong></span> <span class='ocrx_word' id='word_1_885' title='bbox 2485 5038 2550 5078; x_wconf 85' lang='lat' dir='ltr'><strong>ac</strong></span> <span class='ocrx_word' id='word_1_886' title='bbox 2578 5025 2772 5078; x_wconf 88' lang='lat' dir='ltr'><strong>mentis</strong></span> <span class='ocrx_word' id='word_1_887' title='bbox 2799 5023 2975 5077; x_wconf 90' lang='lat' dir='ltr'><strong>oculis</strong></span> <span class='ocrx_word' id='word_1_888' title='bbox 3007 5024 3270 5090; x_wconf 88' lang='lat' dir='ltr'><strong>spirituali</strong></span> <span class='ocrx_word' id='word_1_889' title='bbox 3303 5026 3386 5077; x_wconf 89' lang='lat' dir='ltr'><strong>lu-</strong></span> 
     </span>
    </p>
   </div>
   <div class='ocr_carea' id='block_1_110' title="bbox 1855 5111 3385 5183">
    <p class='ocr_par' dir='ltr' id='par_1_110' title="bbox 1855 5111 3385 5183">
     <span class='ocr_line' id='line_1_110' title="bbox 1855 5111 3385 5183; baseline -0.005 -10"><span class='ocrx_word' id='word_1_890' title='bbox 1855 5119 1996 5173; x_wconf 90' lang='lat' dir='ltr'><strong>mine</strong></span> <span class='ocrx_word' id='word_1_891' title='bbox 2023 5119 2324 5171; x_wconf 85' lang='lat' dir='ltr'><strong>illustratus</strong></span> <span class='ocrx_word' id='word_1_892' title='bbox 2343 5155 2357 5178; x_wconf 90' lang='lat'><strong>,</strong></span> <span class='ocrx_word' id='word_1_893' title='bbox 2387 5113 2614 5183; x_wconf 78' lang='lat' dir='ltr'><strong>gloriam</strong></span> <span class='ocrx_word' id='word_1_894' title='bbox 2643 5114 2843 5168; x_wconf 83' lang='lat' dir='ltr'><strong>vidisse</strong></span> <span class='ocrx_word' id='word_1_895' title='bbox 2875 5111 3140 5180; x_wconf 83' lang='lat' dir='ltr'><strong>Unigeniti</strong></span> <span class='ocrx_word' id='word_1_896' title='bbox 3170 5113 3294 5179; x_wconf 89' lang='lat' dir='ltr'><strong>Dei,</strong></span> <span class='ocrx_word' id='word_1_897' title='bbox 3330 5115 3385 5166; x_wconf 88' lang='lat' dir='ltr'><strong>in</strong></span> 
     </span>
    </p>
   </div>
   <div class='ocr_carea' id='block_1_111' title="bbox 1850 5203 3384 5273">
    <p class='ocr_par' dir='ltr' id='par_1_111' title="bbox 1850 5203 3384 5273">
     <span class='ocr_line' id='line_1_111' title="bbox 1850 5203 3384 5273; baseline -0.003 -13"><span class='ocrx_word' id='word_1_898' title='bbox 1850 5207 2024 5262; x_wconf 87' lang='lat' dir='ltr'><strong>medio</strong></span> <span class='ocrx_word' id='word_1_899' title='bbox 2047 5205 2296 5261; x_wconf 66' lang='lat' dir='ltr'><strong>Ecclesia:</strong></span> <span class='ocrx_word' id='word_1_900' title='bbox 2317 5211 2628 5256; x_wconf 89' lang='lat' dir='ltr'><strong>sanctorum</strong></span> <span class='ocrx_word' id='word_1_901' title='bbox 2651 5203 2864 5264; x_wconf 84' lang='lat' dir='ltr'><strong>stantis,</strong></span> <span class='ocrx_word' id='word_1_902' title='bbox 2888 5210 2941 5256; x_wconf 92' lang='lat' dir='ltr'><strong>et</strong></span> <span class='ocrx_word' id='word_1_903' title='bbox 2963 5211 3271 5256; x_wconf 88' lang='lat' dir='ltr'><strong>sanctorum</strong></span> <span class='ocrx_word' id='word_1_904' title='bbox 3292 5205 3384 5273; x_wconf 88' lang='lat' dir='ltr'><strong>qui</strong></span> 
     </span>
    </p>
   </div>
   <div class='ocr_carea' id='block_1_112' title="bbox 1852 5290 3387 5364">
    <p class='ocr_par' dir='ltr' id='par_1_112' title="bbox 1852 5290 3387 5364">
     <span class='ocr_line' id='line_1_112' title="bbox 1852 5290 3387 5364; baseline -0.001 -15"><span class='ocrx_word' id='word_1_905' title='bbox 1852 5297 1906 5350; x_wconf 90' lang='lat' dir='ltr'><strong>in</strong></span> <span class='ocrx_word' id='word_1_906' title='bbox 1947 5310 2110 5364; x_wconf 81' lang='lat' dir='ltr'><strong>regno</strong></span> <span class='ocrx_word' id='word_1_907' title='bbox 2133 5295 2252 5363; x_wconf 74' lang='lat' dir='ltr'><strong>eius</strong></span> <span class='ocrx_word' id='word_1_908' title='bbox 2277 5301 2402 5347; x_wconf 89' lang='lat' dir='ltr'><strong>sunt</strong></span> <span class='ocrx_word' id='word_1_909' title='bbox 2430 5293 2770 5347; x_wconf 87' lang='lat' dir='ltr'><strong>multitudine</strong></span> <span class='ocrx_word' id='word_1_910' title='bbox 2798 5291 3000 5360; x_wconf 86' lang='lat' dir='ltr'><strong>stipati.</strong></span> <span class='ocrx_word' id='word_1_911' title='bbox 3040 5290 3176 5344; x_wconf 90' lang='lat' dir='ltr'><strong>Cum</strong></span> <span class='ocrx_word' id='word_1_912' title='bbox 3219 5294 3387 5348; x_wconf 73' lang='lat' dir='ltr'><strong>caelos</strong></span> 
     </span>
    </p>
   </div>
   <div class='ocr_carea' id='block_1_113' title="bbox 1849 5377 3386 5449">
    <p class='ocr_par' dir='ltr' id='par_1_113' title="bbox 1849 5377 3386 5449">
     <span class='ocr_line' id='line_1_113' title="bbox 1849 5377 3386 5449; baseline 0 -14"><span class='ocrx_word' id='word_1_913' title='bbox 1849 5396 2078 5449; x_wconf 80' lang='lat' dir='ltr'><strong>namque</strong></span> <span class='ocrx_word' id='word_1_914' title='bbox 2107 5388 2458 5433; x_wconf 83' lang='lat' dir='ltr'><strong>memorasset.</strong></span> <span class='ocrx_word' id='word_1_915' title='bbox 2477 5416 2499 5442; x_wconf 81' lang='lat'><strong>,.</strong></span> <span class='ocrx_word' id='word_1_916' title='bbox 2527 5386 2580 5432; x_wconf 90' lang='lat' dir='ltr'><strong>et</strong></span> <span class='ocrx_word' id='word_1_917' title='bbox 2612 5377 2812 5447; x_wconf 86' lang='lat' dir='ltr'><strong>Spiritu</strong></span> <span class='ocrx_word' id='word_1_918' title='bbox 2841 5378 3022 5431; x_wconf 85' lang='lat' dir='ltr'><strong>divino</strong></span> <span class='ocrx_word' id='word_1_919' title='bbox 3073 5390 3386 5435; x_wconf 83' lang='lat' dir='ltr'><strong>sanctorum</strong></span> 
     </span>
    </p>
   </div>
   <div class='ocr_carea' id='block_1_114' title="bbox 1850 5468 3390 5532">
    <p class='ocr_par' dir='ltr' id='par_1_114' title="bbox 1850 5468 3390 5532">
     <span class='ocr_line' id='line_1_114' title="bbox 1850 5468 3390 5532; baseline 0.001 -8"><span class='ocrx_word' id='word_1_920' title='bbox 1850 5468 2140 5524; x_wconf 84' lang='lat' dir='ltr'><strong>Ecclesiam</strong></span> <span class='ocrx_word' id='word_1_921' title='bbox 2175 5468 2495 5532; x_wconf 89' lang='lat' dir='ltr'><strong>intueretur,</strong></span> <span class='ocrx_word' id='word_1_922' title='bbox 2525 5468 2737 5523; x_wconf 90' lang='lat' dir='ltr'><strong>videtur</strong></span> <span class='ocrx_word' id='word_1_923' title='bbox 2769 5469 2822 5522; x_wconf 91' lang='lat' dir='ltr'><strong>in</strong></span> <span class='ocrx_word' id='word_1_924' title='bbox 2855 5469 3030 5522; x_wconf 88' lang='lat' dir='ltr'><strong>medio</strong></span> <span class='ocrx_word' id='word_1_925' title='bbox 3072 5485 3263 5524; x_wconf 90' lang='lat' dir='ltr'><strong>eorum</strong></span> <span class='ocrx_word' id='word_1_926' title='bbox 3300 5472 3390 5526; x_wconf 83' lang='lat' dir='ltr'><strong>Fi-</strong></span> 
     </span>
    </p>
   </div>
   <div class='ocr_carea' id='block_1_115' title="bbox 1848 5555 3390 5627">
    <p class='ocr_par' dir='ltr' id='par_1_115' title="bbox 1848 5555 3390 5627">
     <span class='ocr_line' id='line_1_115' title="bbox 1848 5555 3390 5627; baseline 0.005 -19"><span class='ocrx_word' id='word_1_927' title='bbox 1848 5557 1974 5608; x_wconf 90' lang='lat' dir='ltr'><strong>lium</strong></span> <span class='ocrx_word' id='word_1_928' title='bbox 1988 5555 2079 5608; x_wconf 89' lang='lat' dir='ltr'><strong>Dei</strong></span> <span class='ocrx_word' id='word_1_929' title='bbox 2103 5555 2467 5623; x_wconf 74' lang='lat' dir='ltr'><strong>conspexisse,</strong></span> <span class='ocrx_word' id='word_1_930' title='bbox 2483 5555 2674 5611; x_wconf 87' lang='lat' dir='ltr'><strong>deinde</strong></span> <span class='ocrx_word' id='word_1_931' title='bbox 2691 5566 2866 5612; x_wconf 89' lang='lat' dir='ltr'><strong>autem</strong></span> <span class='ocrx_word' id='word_1_932' title='bbox 2885 5558 3001 5627; x_wconf 89' lang='lat' dir='ltr'><strong>ipso</strong></span> <span class='ocrx_word' id='word_1_933' title='bbox 3021 5562 3390 5625; x_wconf 87' lang='lat' dir='ltr'><strong>considerato,</strong></span> 
     </span>
    </p>
   </div>
   <div class='ocr_carea' id='block_1_116' title="bbox 1848 5645 3398 5718">
    <p class='ocr_par' dir='ltr' id='par_1_116' title="bbox 1848 5645 3398 5718">
     <span class='ocr_line' id='line_1_116' title="bbox 1848 5645 3398 5718; baseline 0.002 -17"><span class='ocrx_word' id='word_1_934' title='bbox 1848 5647 2032 5701; x_wconf 90' lang='lat' dir='ltr'><strong>oculos</strong></span> <span class='ocrx_word' id='word_1_935' title='bbox 2061 5653 2268 5700; x_wconf 87' lang='lat' dir='ltr'><strong>vertere</strong></span> <span class='ocrx_word' id='word_1_936' title='bbox 2307 5645 2374 5698; x_wconf 88' lang='lat' dir='ltr'><strong>ad</strong></span> <span class='ocrx_word' id='word_1_937' title='bbox 2411 5657 2723 5704; x_wconf 86' lang='lat' dir='ltr'><strong>sanctorum</strong></span> <span class='ocrx_word' id='word_1_938' title='bbox 2769 5650 3122 5718; x_wconf 79' lang='lat' dir='ltr'><strong>angelorum,</strong></span> <span class='ocrx_word' id='word_1_939' title='bbox 3171 5652 3398 5704; x_wconf 76' lang='lat' dir='ltr'><strong>areban-</strong></span> 
     </span>
    </p>
   </div>
   <div class='ocr_carea' id='block_1_117' title="bbox 1848 5734 3402 5805">
    <p class='ocr_par' dir='ltr' id='par_1_117' title="bbox 1848 5734 3402 5805">
     <span class='ocr_line' id='line_1_117' title="bbox 1848 5734 3402 5805; baseline 0.001 -16"><span class='ocrx_word' id='word_1_940' title='bbox 1848 5737 2117 5805; x_wconf 77' lang='lat' dir='ltr'><strong>gelorum,</strong></span> <span class='ocrx_word' id='word_1_941' title='bbox 2145 5734 2426 5803; x_wconf 87' lang='lat' dir='ltr'><strong>spirituum</strong></span> <span class='ocrx_word' id='word_1_942' title='bbox 2450 5737 2755 5793; x_wconf 87' lang='lat' dir='ltr'><strong>divinorum</strong></span> <span class='ocrx_word' id='word_1_943' title='bbox 2787 5746 2844 5792; x_wconf 92' lang='lat' dir='ltr'><strong>et</strong></span> <span class='ocrx_word' id='word_1_944' title='bbox 2875 5743 3138 5797; x_wconf 83' lang='lat' dir='ltr'><strong>virtutqu</strong></span> <span class='ocrx_word' id='word_1_945' title='bbox 3176 5741 3402 5791; x_wconf 86' lang='lat' dir='ltr'><strong>circum-</strong></span> 
     </span>
    </p>
   </div>
   <div class='ocr_carea' id='block_1_118' title="bbox 1847 5824 3407 5893">
    <p class='ocr_par' dir='ltr' id='par_1_118' title="bbox 1847 5824 3407 5893">
     <span class='ocr_line' id='line_1_118' title="bbox 1847 5824 3407 5893; baseline -0.003 -15"><span class='ocrx_word' id='word_1_946' title='bbox 1847 5825 2074 5893; x_wconf 64' lang='lat' dir='ltr'><strong>positum</strong></span> <span class='ocrx_word' id='word_1_947' title='bbox 2101 5825 2356 5879; x_wconf 88' lang='lat' dir='ltr'><strong>chorum:</strong></span> <span class='ocrx_word' id='word_1_948' title='bbox 2400 5824 2591 5884; x_wconf 87' lang='lat' dir='ltr'><strong>borum</strong></span> <span class='ocrx_word' id='word_1_949' title='bbox 2633 5828 2986 5886; x_wconf 77' lang='lat' dir='ltr'><strong>divinitatem</strong></span> <span class='ocrx_word' id='word_1_950' title='bbox 3014 5825 3255 5887; x_wconf 79' lang='lat' dir='ltr'><strong>mirari;</strong></span> <span class='ocrx_word' id='word_1_951' title='bbox 3288 5839 3407 5876; x_wconf 78' lang='lat' dir='ltr'><strong>eum</strong></span> 
     </span>
    </p>
   </div>
  </div>
