3848 6404
392 577 526 631 1083

1073 563 1340 618 EUSEBII
1376 559 2021 616 CESARIENSlS-OPP.
2057 557 2236 613 PARS
2267 555 2352 612 Ill.
2392 585 2464 596 —-
2496 547 2955 608 EXEGETICA.

3591 534 3747 587 ιθει.

398 705 521 744 vero
548 687 635 754 qui
665 697 848 737 omnes
888 679 1123 741 excedit,
1152 691 1344 731 omnes
1376 682 1628 744 superat,
1664 674 1912 744 Unigeni-

2225 672 2316 724 καὶ
2343 669 2656 739 θαυμάζειν
2682 665 2793 734 τὴν
2825 660 3056 714 τούτων
3096 654 3404 720 θειότητα
3427 665 3444 678 ⁸
3481 654 3737 721 ὑπερεκ-

398 789 504 831 tum
533 775 657 836 Dei,
688 787 808 826 eum
839 778 1055 837 stupore
1087 765 1430 820 considerare
1455 785 1468 818 :
1501 764 1693 819 deinde
1721 780 1784 819 ex
1828 764 1921 818 ad-

399 866 670 921 miratione
693 863 803 915 hanc
825 859 971 914 eﬂari
989 898 1003 922 ,
1028 857 1284 920 Quoniam
1304 857 1418 920 quis
1436 857 1489 907 in
1513 855 1730 908 nubibus
1750 871 1924 923 wqua—

398 958 532 1009 bitur
558 955 817 1007 Domino?
851 951 964 1005 sive
1009 949 1304 1003 secundum
1337 948 1714 1018 Symmachum
1735 986 1751 1012 ,
1794 947 1923 1011 Quis

396 1048 526 1099 enim
556 1046 608 1095 in
635 1042 814 1096 tet/iere
837 1040 1056 1107 conferet
1083 1055 1135 1091 se
1150 1037 1367 1091 Domino
1397 1039 1449 1090 in
1474 1035 1598 1105 filiis
1614 1037 1710 1090 Dei
1731 1040 1755 1091 ?
1783 1035 1924 1100 Haec,

398 1137 462 1189 de
493 1133 773 1201 Unigcnito
796 1131 887 1184 Dei
920 1131 1060 1183 dicta
1082 1169 1096 1192 ,
1133 1130 1272 1197 piam
1304 1135 1517 1182 servant
1557 1126 1874 1182 sententiam
1908 1141 1923 1190 ;

399 1224 463 1278 de
492 1223 648 1276 Patre
677 1237 803 1276 vero
833 1236 896 1274 ac
929 1220 1036 1273 Deo
1077 1221 1449 1272 universorum
1489 1233 1686 1272 secus:
1731 1217 1929 1284 impro-

400 1313 513 1382 pria
542 1312 681 1366 enim
710 1319 762 1364 et
791 1311 950 1378 impia
977 1308 1306 1376 comparatio
1334 1315 1496 1361 esset.
1523 1306 1656 1359 Nam
1687 1306 1819 1365 ﬁliis,
1836 1305 1929 1358 Dei

400 1401 634 1457 omnium
663 1415 878 1452 causam
907 1397 1150 1452 conferre
1170 1437 1185 1462 ,
1214 1405 1267 1450 et
1292 1412 1412 1450 eum
1441 1396 1532 1464 qui
1560 1411 1721 1464 supra
1751 1396 1930 1449 omnia

401 1498 482 1544 est
515 1488 652 1542 Deus
683 1489 803 1540 aliis
834 1501 1182 1554 comparare,
1226 1485 1658 1553 improbissimus
1691 1485 1929 1538 omnium

402 1597 565 1636 ausus
591 1589 751 1635 esset.
780 1580 847 1632 At
877 1580 993 1634 sine
1021 1579 1260 1647 periculo
1291 1578 1459 1634 Filius
1495 1579 1588 1633 Dei
1624 1580 1938 1649 unigenitus

405 1670 526 1723 ﬁliis
565 1669 657 1723 Dei
695 1675 1060 1736 comparatur,
1099 1682 1160 1720 ac
1198 1668 1398 1744 dicitur
1434 1683 1564 1738 cum
1595 1668 1932 1738 incompara-

403 1759 559 1812 bilem
591 1773 736 1821 esse,
765 1773 882 1810 cum
913 1757 1059 1810 nullo
1089 1751 1471 1810 conferendum
1493 1797 1508 1822 ,
1549 1763 1709 1824 atque
1750 1757 1934 1811 admo—

402 1848 527 1900 dum
548 1848 867 1900 antecellere
884 1847 1143 1901 asseritur
1164 1847 1247 1902 his
1271 1847 1470 1908 verbis,
1493 1847 1621 1912 Quis
1644 1848 1695 1899 in
1717 1847 1933 1903 nubibus

402 1938 692 2006 a'quabitur
725 1937 987 1992 Domino?
1029 1952 1092 1990 ac
1134 1938 1179 1989 si
1218 1937 1446 2000 dicatur,
1490 1953 1666 1992 nemo.
1712 1937 1932 1992 Etiamsi

401 2029 540 2081 enim
568 2027 719 2080 multi
748 2027 919 2079 sancti
940 2066 954 2090 ,
979 2035 1030 2080 et
1057 2028 1222 2080 millia
1253 2029 1562 2098 angelorum
1580 2068 1594 2092 ,
1619 2037 1672 2082 et
1698 2028 1935 2084 Ecclesia

404 2114 820 2182 primitivorum,
850 2113 1202 2182 principatus,
1233 2122 1524 2182 potestates
1545 2155 1559 2177 ,
1591 2117 1807 2178 throni,
1835 2116 1934 2170 do-

402 2204 723 2256 minationes
749 2241 764 2262 ,
807 2202 1030 2269 spiritus
1084 2204 1293 2265 sancti,
1341 2205 1571 2258 virtutes
1611 2205 1836 2268 divinas,
1879 2206 1942 2258 in,

402 2291 715 2345 coelestibus
737 2291 1060 2345 exercitibus
1081 2301 1383 2354 versentur,
1407 2293 1679 2347 caelestem
1705 2294 1938 2363 implen-

403 2388 483 2434 les
515 2378 804 2434 Ecclesiam
834 2398 846 2442 ;
873 2389 928 2433 at
952 2384 1104 2450 quis,
1135 2383 1241 2445 ait,
1266 2382 1317 2436 in
1347 2384 1543 2438 aethere
1570 2398 1732 2451 supra
1758 2383 1935 2438 firma-

403 2474 638 2520 mentum
671 2467 846 2536 posito
875 2471 1176 2538 aequabitur
1210 2470 1478 2524 Domino?
1514 2471 1666 2536 Quod
1704 2473 1749 2526 si
1779 2473 1973 2548 multi,

404 2556 495 2608 lilii
521 2555 612 2610 Dei
646 2564 770 2611 sunt
797 2558 1054 2627 multique
1094 2558 1200 2621 dii,
1251 2560 1546 2614 secundum
1587 2561 1750 2624 illud,
1792 2561 1948 2614 Deus.

402 2647 542 2699 stetit
579 2647 633 2699 in
658 2663 919 2716 synagoga
948 2649 1160 2701 deorum
1192 2652 1233 2681 ²¹
1255 2666 1269 2714 ;
1295 2657 1382 2714 et,
1422 2650 1559 2704 Deus
1589 2650 1802 2704 deorum
1829 2651 1932 2705 Do-

403 2737 570 2789 minus
613 2736 813 2790 locutus
849 2748 927 2790 est
954 2742 996 2770 ²¹
1024 2779 1037 2797 ,
1086 2747 1171 2802 et,
1220 2737 1330 2807 Ego
1366 2739 1513 2804 dixi,
1556 2739 1644 2791 Dii
1695 2743 1850 2802 estis,
1883 2750 1942 2794 et.

403 2827 500 2894 ﬁlii
526 2827 784 2880 Altissimi
813 2845 983 2881 omnes
1007 2829 1082 2882 ²³ι
1113 2828 1204 2883 sed
1227 2827 1339 2898 quis
1364 2829 1554 2882 similis
1581 2831 1684 2882 erit
1712 2829 1932 2884 Domino

403 2915 456 2966 in
486 2916 612 2984 ﬁliis
655 2916 798 2971 Dei?
837 2916 968 2969 Nam
1016 2933 1137 2971 cum
1189 2919 1458 2989 innumeri
1507 2919 1626 2987 ejus
1674 2919 1764 2972 ﬁlii
1793 2922 1931 2982 sint,

402 3019 597 3070 nemo,
643 3007 851 3076 inquit,
899 3008 1027 3062 huic
1073 3010 1265 3064 similis
1310 3011 1450 3072 erit,
1481 3018 1576 3064 aut
1613 3013 1938 3080 aequabitur,

406 3101 586 3160 utpote
625 3095 716 3162 qui
755 3097 958 3151 electus
985 3097 1086 3160 sit,
1113 3097 1421 3168 unigenitus
1448 3105 1502 3152 et
1543 3100 1933 3171 primogenitus

406 3182 580 3235 omnis
608 3190 887 3250 creaturae,
924 3183 1154 3238 Verbum
1186 3184 1314 3238 item
1342 3193 1395 3239 et
1439 3186 1721 3254 sapientia,
1761 3187 1941 3242 virtus

2020 741 2340 833 πλήττεσθαι
2363 761 2419 813 δέ
2443 761 2538 813 τὸν
2565 757 2849 810 ἐπέκεινα
2878 751 3146 804 πάντων.
3180 744 3302 797 καὶ
3333 741 3500 809 ὑπὲρ
3526 741 3742 833 πάντας

2019 830 2400 920 τὸννΜονογενῆ
2425 848 2522 901 τοῦ
2552 844 2697 899 Θεοῦ
2721 861 2735 874 ·
2775 838 2884 895 εἶτ’
2918 841 2991 892 ἐκ
3028 836 3136 890 τοῦ
3170 833 3512 902 θαύματος
3544 830 3748 926 dvas-.2:

2023 942 2321 1012 φωνηκέναι
2348 940 2437 991 τό’
2467 939 2592 989 Ὅτι
2625 935 2724 998 τις
2751 934 2827 986 ἐν
2858 928 3185 997 νεφέλαις
3216 921 3643 1012 ἰσωθήο-εται
3673 921 3746 1012 τῷ

2021 1008 2246 1098 Kvpitp;
2293 1030 2326 1099 ἢ
2374 1027 2519 1081 κατὰ
2564 1025 2660 1077 τὸν
2688 1022 3012 1090 Σύμμαχον
3044 1035 3059 1048 ’
3106 1016 3226 1080 Τίς
3265 1012 3400 1082 γὰρ
3446 1011 3530 1062 ἐν
3560 1008 3749 1074 αἰθέρι

2025 1120 2484 1189 ἀντιπαραθήσει
2515 1118 2597 1183 τῷ
2631 1117 2842 1182 Κυρίῳ
2871 1114 2950 1166 ἐν
2979 1107 3158 1171 υἱοῖς
3190 1104 3377 1158 Θεοῦ
3400 1119 3423 1166 ;
3464 1100 3672 1153 Ταῦτα
3695 1101 3749 1150 δὲ

2027 1216 2152 1286 περὶ
2196 1215 2290 1283 μὲν
2341 1210 2436 1265 τοῦ
2485 1207 2844 1275 Μονογενοῦς
2884 1202 2990 1256 τοῦ
3029 1196 3197 1251 Θεοῦ
3232 1190 3750 1286 λεγόμενα-σώζοι

2028 1281 2109 1357 ἂν⁷
2129 1281 2322 1370 εὐσεϐῆ
2351 1301 2450 1370 τὴν
2475 1299 2746 1358 διάνοιαν,
2781 1293 2846 1345 ού
2881 1291 2992 1362 μὲν
3032 1286 3192 1357 περὶ
3219 1283 3337 1336 τοῦ
3389 1281 3633 1353 Πατρδς
3666 1281 3758 1331 καὶ

2029 1392 2159 1446 Θεοῦ
2190 1391 2293 1444 τῶν
2317 1390 2485 1442 ὅλων·
2511 1387 2795 1446 ἀνοίκειος
2828 1381 2951 1451 γὰρ
2985 1379 3098 1432 καὶ
3136 1375 3392 1444 ἀσεϐὴς
3430 1375 3472 1443 ἡ
3507 1371 3754 1438 παράθε-

2032 1500 2132 1546 σις.
2165 1481 2234 1534 Τὸ
2283 1481 2392 1550 γάρ
2439 1480 2577 1540 υἱοῖς
2609 1475 2755 1529 Θεοῦ
2796 1468 3240 1543 παραϐάλλειν
3283 1467 3360 1518 τὸ
3398 1466 3646 1517 πάντων
3675 1464 3748 1514 αἶ-

2029 1591 2158 1637 τιον,
2189 1573 2279 1625 καὶ
2308 1571 2367 1622 τὸ
2407 1569 2730 1639 συγκρίνειν
2777 1566 3010 1635 ἑτέροις
3051 1561 3310 1631 τολμᾷν
3343 1559 3452 1612 τὸν
3493 1559 3753 1609 ἐπέκεινα

2031 1663 2137 1716 τῶν
2158 1663 2289 1715 ὅλων
2311 1660 2461 1722 Θεὸν,
2486 1659 2711 1711 πάντων
2735 1657 2805 1709 ἂν
2822 1655 3066 1724 γένοιτο
3094 1648 3568 1706 ἀνοσιώτατον.
3587 1650 3754 1701 ’Δκίν-

2031 1753 2183 1815 δυνος
2225 1751 2269 1803 δ’
2293 1749 2356 1802 ἂν
2407 1749 2492 1819 εἴη
2541 1750 2572 1799 6
2615 1747 2782 1814 λόγος
2820 1747 2975 1807 υἱοῖς
3011 1741 3187 1796 Θεοῦ
3231 1740 3593 1810 συγκρίνων
3631 1739 3763 1790 Tim

2033 1834 2164 1888 Θεοῦ
2201 1833 2478 1905 μονογενῆ,
2498 1833 2593 1912 καὶ
2620 1831 2685 1883 τὸ
2706 1831 2852 1902 πρὸς
2878 1831 3131 1893 πάντας
3162 1828 3564 1897 ἀσύγκριτον
3591 1829 3750 1881 αύτοῦ

2035 1923 2508 1994 καὶηὰπαράθετον,
2539 1921 2664 1974 καθ’
2697 1921 3040 1992 ὑπερϐολήν
3073 1937 3152 1971 τε
3190 1920 3513 1990 ὑπερέχον
3562 1919 3750 1987 σημαί-

2035 2032 2141 2067 νειν
2173 2013 2258 2065 διὰ
2291 2012 2382 2065 τοῦ
2402 2030 2415 2041 ·
2451 2013 2546 2076 Τίς
2558 2012 2646 2063 ’ἐν
2678 2012 2991 2079 νεφέλαις
3047 2009 3494 2074 ἱσωθήσεται
3535 2007 3621 2074 τῷ
3641 2013 3745 2062 Κυ-

2024 2105 2163 2170 ρίῳ;
2193 2104 2310 2155 ἀντὶ
2355 2102 2470 2163 τοῦ,
2514 2102 2716 2164 οὐδείς.
2753 2103 2820 2154 Et
2846 2103 2972 2173 γὰρ
3025 2102 3150 2154 καὶ
3207 2102 3436 2154 πολλοὶ
3483 2102 3641 2168 ἅγιοι
3665 2102 3745 2152 καὶ

2036 2193 2289 2264 μυριάδες
2325 2192 2590 2260 ἀγγέλων,
2617 2192 2717 2244 καὶ
2756 2192 3101 2262 Ἐκκλησία
3150 2193 3607 2265 πρωτοτόκων,
3654 2195 3740 2263 ἀρε

2031 2285 2123 2354 χαί
2155 2301 2211 2336 τε
2245 2283 2338 2336 καὶ
2368 2283 2607 2346 ἐξουσίαι
2639 2284 2738 2335 καὶ
2770 2283 2971 2354 θρόνοι
3016 2286 3137 2337 καὶ¹
3167 2286 3574 2357 κυριότητες,
3599 2289 3743 2336 πνεύο

2036 2375 2180 2443 ματά
2204 2390 2263 2424 τε
2297 2372 2448 2440 ἅγια,
2484 2373 2580 2426 καὶ
2606 2373 2878 2442 δυνάμεις
2917 2374 3092 2428 θεῖαι
3129 2379 3209 2428 ἐν
3246 2378 3395 2439 ταῖς
3431 2378 3564 2428 κατ’
3595 2376 3719 2446 ούρα

2032 2466 2120 2518 νὸν
2155 2467 2428 2535 στρατιαῖς
2453 2464 2860 2528 πολιτεύονται,
2893 2466 3014 2535 τὴν
3058 2469 3464 2539 ἐπουράνιον
3499 2468 3738 2537 συμπλη-

2036 2555 2250 2626 ροῦντες
2293 2555 2650 2624 Ἐκκλησίανε
2677 2555 2822 2607 ἀλλὰ
2865 2556 2988 2618 τίς,
3034 2559 3280 2627 φησὶν,
3320 2562 3391 2612 ἐν
3440 2559 3528 2629 τῷ
3577 2559 3738 2631 αἰθέρι

2032 2644 2106 2714 τῷ
2133 2645 2389 2697 ἐπέκεινα
2411 2643 2503 2695 τοῦ
2531 2645 2930 2715 στερεώματος
2968 2648 3385 2720 ίσωθήσεται
3414 2651 3502 2714 τῷ
3529 2651 3735 2720 κυρίως

2031 2736 2093 2787 El
2116 2736 2170 2788 δὲ
2189 2735 2370 2786 πολλοὶ
2392 2735 2499 2786 υ.ἱοὶ
2523 2734 2658 2786 Θεοῦ
2682 2737 2779 2787 καὶ
2805 2735 2933 2787 θεοὶ
2958 2737 3140 2790 κατὰ
3169 2740 3251 2792 τό
3276 2757 3292 2770 ·
3330 2742 3395 2793 Ὁ
3425 2741 3584 2808 Θεὸς
3603 2741 3735 2807 ἔστη

2030 2824 2099 2877 ἐν
2133 2823 2454 2890 συναγωγῇ
2493 2824 2666 2884 θεῶν,
2699 2823 2797 2876 καί
2821 2841 2835 2854 ο
2877 2825 3054 2892 Θεὸς
3095 2829 3299 2882 θεῶν
3331 2833 3572 2899 Κύριος
3615 2830 3731 2884 ἐλά-

2029 2915 2203 2977 λησε,
2244 2912 2372 2964 καί·
2415 2911 2555 2981 Ἐγὼ
2584 2907 2794 2964 εἶπονο
2835 2915 2990 2966 Θεοί
3024 2915 3242 2982 ἐστε,
3276 2920 3395 2972 καὶ
3427 2920 3554 2974 υἱοὶ
3590 2921 3728 2988 Ύψί·

2031 3014 2180 3052 στου
2208 2999 2430 3064 πάντες
2449 3017 2464 3030 ο
2491 2999 2622 3052 ἀλλὰ
2656 3001 2749 3066 Τίς
2777 3003 3302 3070 ὁμοιωθήσεται
3337 3008 3430 3073 τῷ
3458 3011 3656 3076 Κιφίῳ
3677 3011 3731 3061 ἐν

2031 3087 2179 3152 υἱοῖς
2212 3089 2393 3151 Θερῦ;
2436 3091 2661 3160 Μυρίων
2707 3090 2822 3159 γὰρ
2873 3093 3080 3147 ὄντων
3121 3098 3320 3165 υἱῶν,
3353 3101 3566 3164 οὐδεὶς,
3597 3101 3731 3172 φησὶ.

2030 3177 2202 3248 τούτῳ
2233 3180 2654 3250 ὁμοιωθήσεται,
2684 3181 2809 3233 ούδέ
2839 3181 3354 3256 ὲξισωθήσεται,
3388 3192 3640 3262 ἐκλεκτῷ
3663 3194 3728 3244 ὅτι

404 3281 457 3323 et
486 3273 741 3340 sapientia
769 3273 879 3328 Dei.
927 3273 1159 3342 Mihique
1188 3274 1398 3329 videtur
1448 3275 1641 3329 horum
1689 3278 1923 3332 notitiam

2208 3272 2431 3336 >νογενεί
2466 3270 2561 3322 καὶ
2594 3271 2950 3342 πρωτοτόκῳ
2985 3276 3222 3348 πάσης
3278 3281 3562 3347 κτίσεως,
3592 3283 3727 3351 Λόγῳ

405 3360 457 3413 in
488 3361 910 3428 praecedentibus
933 3364 1180 3436 tradere,
1225 3380 1348 3418 cum
1395 3366 1510 3420 ait:
1543 3367 1936 3435 Conﬁtebuntur

404 3449 517 3502 caeli
549 3451 812 3503 mirabilia
844 3461 954 3504 tua.
1001 3451 1275 3522 Siquidem
1307 3469 1373 3507 ex
1403 3454 1743 3511 mirabilibus
1771 3472 1936 3510 unum

406 3538 508 3591 hoc
531 3548 676 3602 erat,
704 3543 843 3608 quod
871 3542 1120 3612 deinceps
1147 3544 1211 3597 de
1224 3542 1511 3613 Unigenito
1535 3543 1628 3600 Dei
1655 3546 1946 3602 additurus.

404 3632 550 3688 erat,
581 3633 633 3678 et
657 3627 866 3693 quidem
895 3629 1218 3682 necessario.
1248 3629 1383 3694 Quia
1411 3631 1552 3685 enim
1582 3632 1730 3685 illum
1760 3648 1825 3687 ex
1853 3648 1938 3688 se—

406 3713 550 3765 mine
578 3712 743 3766 David
772 3716 1103 3768 nasciturum
1130 3733 1251 3772 esse
1269 3759 1284 3784 ,
1316 3720 1370 3772 in
1396 3721 1675 3790 prophetia
1702 3723 1943 3777 indican-

405 3801 533 3855 dum
577 3811 723 3868 erat,
766 3802 1013 3858 deitatem
1057 3805 1174 3873 ejus
1214 3808 1304 3875 qui
1347 3809 1400 3862 in
1443 3811 1563 3878 ipso
1603 3812 1938 3869 habitaturus

406 3895 522 3941 erat
573 3896 728 3943 antea
780 3889 1279 3961 contemplabatur;
1320 3904 1378 3950 ut
1419 3913 1524 3953 una
1574 3900 1937 3958 edisceremus

407 3993 525 4047 quae
554 3977 727 4034 virtus
770 3980 822 4032 in
875 3981 992 4049 ipso
1038 3983 1341 4036 habitatura
1385 3995 1561 4053 esset,
1593 3997 1646 4044 et
1675 3991 1938 4046 sciremus

408 4067 578 4134 ipsum
623 4069 835 4136 quidem
887 4071 1052 4125 lilium
1092 4089 1212 4128 esse
1254 4074 1514 4140 Davidis,-
1539 4095 1659 4134 eum
1689 4099 1817 4138 vero
1847 4084 1936 4154 qui

407 4152 462 4206 in
492 4155 609 4224 ipso
635 4156 974 4214 habitaturus
1003 4169 1180 4226 esset,
1213 4160 1407 4216 Filium
1440 4164 1557 4221 Dei.

482 4331 646 4388 Vsns.
687 4335 738 4390 8.
779 4334 916 4389 Deus
943 4338 1030 4406 qui
1056 4336 1378 4406 gloriﬁcatur
1407 4341 1461 4394 in
1487 4345 1705 4398 consilio
1731 4355 1938 4398 sancto-

407 4439 520 4475 rum
539 4465 554 4489 ,
584 4441 796 4492 magnus
820 4434 867 4478 et
890 4425 1130 4478 terribilis
1156 4443 1308 4494 super
1332 4445 1504 4483 omnes
1530 4433 1616 4502 qui
1638 4434 1689 4485 in
1716 4434 1939 4486 circuitu

405 4513 516 4579 ejus
545 4521 684 4570 sunt.
711 4512 934 4578 Quinam
969 4514 1038 4567 sit
1063 4515 1108 4567 is
1133 4517 1223 4584 qui
1251 4533 1372 4572 cum
1401 4523 1612 4574 nemine
1636 4523 1935 4590 comparari

406 4603 488 4656 vel
517 4601 746 4655 conferri
778 4604 983 4671 possit,
1011 4605 1277 4660 neminem
1322 4609 1551 4664 similem
1595 4611 1844 4664 admittat
1883 4614 1938 4667 in
1969 4590 2012 4644 θ

407 4692 474 4745 iis
505 4691 594 4759 qui
629 4692 722 4744 lilii
752 4690 844 4745 Dei
873 4701 1154 4758 vocantur,
1188 4696 1276 4750 hic
1304 4699 1543 4753 declarat
1570 4700 1757 4753 dicens
1787 4721 1799 4754 :
1837 4704 1937 4756 Hic

404 4790 481 4833 est
528 4780 701 4847 Deus,
745 4784 832 4852 qui
872 4783 1201 4855 gloriﬁcatur
1241 4791 1297 4841 in
1346 4790 1565 4844 consilio
1611 4801 1934 4847 sanctorum.

402 4870 698 4925 Consilium
732 4881 906 4927 autem
935 4885 1239 4932 sanctorum
1268 4881 1378 4948 jam
1402 4895 1562 4947 supra
1592 4880 1727 4934 dixit
1758 4880 1943 4937 Eccle-

403 4959 538 5012 siam
567 4968 874 5015 sanctorum
899 4979 1020 5020 esse
1037 5005 1052 5029 ,
1077 4967 1392 5038 videturque
1418 4969 1711 5025 Ecclesium
1737 4973 1940 5039 primo-

405 5050 703 5116 genitorum
725 5090 740 5115 ,
777 5053 867 5121 qui
896 5055 1153 5125 descripti
1186 5067 1313 5112 sunt
1343 5061 1396 5113 in
1426 5060 1611 5123 caelis,
1645 5063 1932 5115 consilium

406 5140 717 5206 nominare,
749 5144 980 5213 quadam
1023 5147 1204 5202 habita
1245 5153 1452 5206 ratione
1493 5151 1560 5204 ad
1594 5159 1814 5206 senatus
1843 5153 1934 5220 qui

407 5228 570 5282 variis
616 5229 670 5282 in
719 5230 852 5285 locis
895 5234 1178 5290 exsistunt.
1229 5238 1285 5290 In
1342 5239 1444 5292 hoc
1485 5246 1661 5292 autem
1708 5241 1934 5292 consilio

409 5325 716 5370 sanctorum
779 5322 946 5390 gloria
1009 5325 1127 5391 ejus
1190 5329 1533 5392 celebratur,
1587 5328 1678 5397 qui
1730 5329 1934 5382 nullam

410 5410 857 5470 comparationem
897 5415 980 5467 vel
1014 5416 1416 5474 similitudinem
1449 5419 1681 5474 admittit
1711 5434 1834 5472 cum
1868 5419 1935 5474 iis

409 5491 500 5557 qui
539 5493 626 5578 lilii
661 5494 752 5550 Dei
785 5509 1078 5555 vocantur:
1109 5520 1283 5574 neque
1314 5509 1486 5562 solum
1519 5509 1848 5578 gloriﬁcatur
1879 5509 1934 5562 in

412 5576 640 5630 consilio
672 5592 973 5638 sanctorum
993 5626 1008 5651 ,
1041 5590 1132 5642 sed
1173 5593 1331 5644 etiam
1367 5576 1620 5651 terribilis
1649 5605 1731 5651 est
1773 5613 1936 5664 super

410 5677 602 5717 omnes
631 5667 717 5732 qui
747 5668 800 5722 in
832 5671 1058 5727 circuitu
1087 5675 1203 5743 ejus
1235 5689 1378 5734 sunt.
1415 5683 1642 5747 Quinam
1674 5694 1847 5739 autem
1882 5686 1935 5738 in

2033 3374 2091 3409 τε
2120 3359 2281 3428 σοφίᾳ
2313 3359 2409 3411 καὶ
2432 3359 2662 3428 δυνάμει
2704 3360 2802 3411 καί
2845 3363 3040 3433 σοφίᾳ
3077 3365 3283 3424 Θεοῦ.
3322 3374 3449 3425 Καί
3484 3392 3578 3449 μοι
3605 3373 3727 3425 δοκεῖ

2032 3446 2128 3516 τὴν
2157 3445 2358 3498 τούτων
2385 3445 2586 3512 γνῶσιν
2611 3446 2700 3499 διὰ
2725 3449 2839 3500 τῶν
2866 3450 3191 3525 ἀνωτέρω
3222 3445 3642 3530 σημαίνείν,.ἐν
3664 3457 3726 3521 οἷς

2035 3533 2168 3604 ἔφη·
2220 3535 2809 3604 Ἐξομολογήσονται
2841 3543 2901 3592 οὶ
2942 3545 3259 3614 etme-oi,
3299 3551 3387 3604 τὰ
3439 3551 3728 3622 θαυμάσιρ

2033 3625 2276 3677 σου.Ἒν
2323 3624 2431 3695 γάρ
2482 3625 2594 3679 τῶν
2650 3627 3005 3698 θαυμασίων
3065 3640 3190 3691 καὶ
3255 3643 3436 3696 τοῦτο
3488 3639 3581 3713 ἧν,
3609 3646 3725 3710 ὅπερ

2035 3716 2266 3785 ἤμελλεν
2313 3715 2441 3785 ἐξῆς
2489 3719 2771 3786 ἐπιλέγειν
2828 3724 2980 3794 περὶ
3040 3729 3163 3782 τοῦ
3230 3735 3604 3805 Μονογενοῦς
3649 3735 3723 3788 τοί

2034 3806 2166 3859 Θεοῦ
2189 3823 2202 3835 ·
2235 3808 2552 3873 ἀναγκαίως
2579 3809 2672 3861 δέ’
2704 3811 2907 3884 ἐπειδὴ
2948 3816 3206 3887 ἤμελλε
3241 3825 3349 3878 τὸν
3386 3829 3457 3880 ἐκ
3495 3828 3721 3898 σπέρμα-

2034 3916 2123 3961 τος
2147 3898 2304 3950 Δαυῒδ
2328 3900 2696 3969 γενησόμενον
2719 3902 2811 3954 διὰ
2833 3905 2946 3974 τῆς
2977 3917 3391 3985 προφητείας
3430 3920 3722 3990 σημαίνειν,

2034 3990 2130 4058 τὴν
2161 3988 2388 4058 θεότητα
2420 3991 2516 4042 τοῦ
2553 3995 3013 4064 κατοικήσοντος
3050 4004 3121 4056 ἐν
3167 4009 3351 4079 αὐτῷ
3389 3988 3720 4081 προθεωρεῖ“

2035 4076 2108 4138 ὡς
2140 4073 2203 4126 ἂν
2235 4075 2368 4144 ὁμοῦ
2404 4077 2700 4148 μάθοιμεν,
2729 4081 2833 4152 τίς.
2869 4085 2908 4153 ἡ
2973 4073 3333 4157 μέλλουσα-
3354 4073 3641 4155 κατοικεῖν
3675 4099 3721 4150 ἐν

2036 4163 2179 4218 αύτῶ
2199 4163 2446 4233 δύναμις,
2495 4169 2592 4219 καὶ
2622 4169 2701 4231 ὼς
2727 4171 2756 4222 6
2795 4173 2903 4242 μὲν
2943 4178 3084 4243 υίὸς
3120 4178 3210 4254 ἦν
3248 4188 3452 4254 Δαυῒδ,
3501 4193 3530 4243 6
3570 4191 3623 4241 δὲ
3673 4189 3721 4238 ὲν

2037 4254 2180 4324 αὐτῴ
2212 4257 2558 4326 κατοικήσων
2590 4259 2723 4324 Υἱὸς
2754 4263 2854 4316 τοῦ
2893 4264 3080 4324 Θεοῦ.

2117 4347 2168 4440 :0
2206 4345 2865 4440 Θεὸςένδοξαζόμενος
2907 4357 2990 4411 ἐν
3020 4362 3274 4435 ,ϐουλῇ
3302 4370 3527 4438 ἁγίων,
3552 4371 3716 4440 μέγα(

2039 4435 2136 4488 καὶ
2171 4433 2422 4528 φοϐερὸς
2461 4437 2586 4528 ἐπί
2615 4440 2860 4509 πάντας
2896 4448 3064 4516 τοὺς
3101 4433 3714 4528 περικύκλῳ-αὐτοῦ.

2041 4523 2236 4623 ξΓὸνζμὴ
2281 4522 2478 4623 ἔχοντα
2528 4527 2830 4599 σύγκρισιν
2858 4574 2874 4598 ,
2942 4541 3103 4611 μηδὲ
3166 4522 3555 4620 τὲαράθεσίν,
3597 4552 3714 4623 μηδὲ

2039 4614 2310 4707 όμοίωσιν-
2333 4617 2473 4687 πρός
2514 4635 2642 4672 τινα
2687 4622 2804 4675 τῶν
2855 4614 3338 4706 ὠνομασμένων
3372 4643 3516 4698 υἱῶν
3544 4614 3711 4707 Θεοῦ,

2039 4702 2212 4798 ὁποῖός
2257 4703 2341 4766 τίς
2393 4707 2512 4759 ἐστι
2546 4710 2859 4783 παρίστησι
2917 4702 3162 4788 λέγωντι
3217 4728 3437 4798 οὗτός
3485 4702 3712 4788 ἐστιν-δ

2040 4792 2193 4895 Ξεόςι
2219 4797 2252 4847 ό
2280 4795 2778 4895 ξνδοξαζόμενος
2822 4807 2899 4860 ἐν·
2937 4811 3023 4881 τῇ
3069 4818 3312 4890 ,ϐουλῇ
3359 4792 3490 4878 των
3519 4827 3706 4895 ἁγίων.

2039 4880 2242 4985 [ﬁguli-iv
2276 4882 2334 4985 δὲ
2387 4887 2563 4957 ἁγίων
2595 4897 2873 4960 προσεῖπε
2918 4901 3031 4972 τὴν
3093 4880 3393 4984 ἀνωτειρω
3437 4880 3707 4985 λεχθεῖσαν

2050 4971 2380 5080 Ἐκκλησίαν
2424 4981 2630 5049 ἁγίων*
2672 4988 2771 5038 καὶ
2811 4971 2994 5059 ἐῴκει
3028 4999 3144 5070 τὴν
3204 4971 3563 5080 Ἐκκλησίαν
3609 5009 3704 5062 τῶν

2039 5065 2410 5170 πρωτοτόκων
2451 5073 2560 5127 τῶν
2599 5075 3157 5154 ἀπογεγραμμένων
3186 5097 3250 5147 ἐν
3293 5065 3563 5170 οὐρανοῖς
3596 5102 3702 5169 βου·

2038 5149 2548 5260 λὴννὼνομακέναι,
2576 5165 2862 5234 ἀναλόγως
2902 5149 3028 5240 τοῖς
3073 5186 3233 5238 κατὰ

2039 5243 2270 5347 τηρίοις.
2319 5251 2418 5306 Ἐν
2450 5258 2622 5330 ταύτῃ
2648 5257 2704 5310 δὲ
2736 5262 2808 5330 τῇ
2847 5261 3021 5337 βουλῇ
3047 5272 3171 5325 τῶν
3206 5278 3399 5344 ἁγίων
3435 5243 3700 5347 ἐνδοξαξὸ-

2043 5329 2448 5438 μενόςέστινὸ
2478 5351 2555 5421 μὴ
2584 5329 3070 5423 ἕχωνσύγκρισιν,
3100 5329 3696 5438 μηδέΙόμοίωσιῦτπρῖὸς

2036 5432 2164 5525 τους
2193 5432 2658 5510 ονομαζομένους
2692 5437 2847 5503 υἱοὺς
2890 5442 3034 5498 Θεοῦ
3057 5464 3072 5478 δ
3113 5452 3213 5503 καὶ
3255 5432 3327 5507 οὐ-
3365 5458 3532 5525 μόνον
3560 5432 3690 5510 ἐνδο-

2039 5506 2353 5610 ξαςόμενός
2392 5506 2556 5589 eam
2598 5538 2651 5589 ὲν
2693 5532 2758 5600 τῇ
2817 5532 2988 5608 βουλῇ
3022 5540 3137 5593 τῶν
3180 5506 3387 5610 ἁγίωνί
3419 5506 3577 5598 si};
3599 5506 3686 5597 si

2039 5599 2280 5707 $6596“?
2309 5612 2582 5699 ὑ’νιτὸιρχει
2608 5624 2693 5682 ἐπὶ
2736 5625 2954 5692 πάντας
2985 5634 3112 5696 τοὺς
3148 5636 3478 5707 περικύκλῳ
3505 5635 3681 5688 αὑτοῦ.

2039 5689 2200 5757 Τίνες
2225 5697 2274 5751 δ’
2307 5704 2387 5762 ἂν
2456 5717 2572 5779 εἷεν
2615 5726 2660 5780 οἱ
2706 5721 3030 5796 περικύκλῳ
3067 5725 3228 5780 αὑτοῦ
3278 5727 3400 5779 ἀλλ’
3432 5729 3462 5799 ἦ
3501 5731 3548 5779 οἱ
3583 5724 3682 5778 uim

485 5837 526 5868 ¹¹
569 5837 704 5896 1³581-
742 5855 935 5908 Hm.
977 5849 1020 5898 1-
1097 5852 1137 5880 ²²
1180 5853 1318 5908 l‘sal.
1355 5874 1511 5921 ηις,
1559 5864 1600 5915 Ι.
1684 5865 1724 5893 ⁸³
1767 5861 1907 5916 Psal.
1953 5879 2004 5916 Li

744 5855 935 5908 Luxu,
977 5849 1020 5898 l.
1097 5852 1137 5880 ²²
1180 5853 1318 5908 l‘sal.
1355 5874 1511 5921 ηις,
1559 5864 1600 5915 Ι.
1684 5865 1724 5893 ⁸³
1767 5861 1933 5936 Ρείιιι,
1953 5879 2122 5922 LXXXI
2150 5913 2162 5936 ,
2206 5880 2263 5936 ti.
