3848 6410
104 574 337 671 wsb

1281 590 1783 644 COMMENTABIA
1823 590 1885 643 IN
1927 586 2257 643 PSALMOS,

3290 584 3425 642 [086

104 715 245 782 ,εδὺ
331 680 515 782 θεοῦ)
568 698 669 751 καὶ
715 707 883 760 αὐτοὶ
928 708 1036 761 θεοὶ
1078 701 1535 777 χρηματίζοντες,
1582 704 1645 755 δι’
1697 702 1787 765 οὓς

1912 702 2114 755 :ircuitu
2144 700 2263 768 ejus
2292 693 2519 758 fuerint,
2562 698 2666 750 nisi
2696 696 2784 749 lilii
2817 695 2942 757 Dei,
2969 695 3058 763 qui
3084 702 3137 748 et
3163 696 3261 763 ipsi
3286 713 3412 765 quo-

121 780 442 888 gtﬂ‘qu‘"
471 780 530 888 Ρ
564 790 716 888 effe
741 795 896 862 ἔστη
922 799 989 850 ὲν
1013 793 1323 863 συναγωγῇ
1346 791 1524 856 θεῶν;
1546 795 1653 845 Καὶ
1680 794 1786 863 γὰρ

134 871 287 954 ,είδΛ
324 871 432 923 Ἑν
457 873 669 947 βουλῇ
698 884 909 951 ἁγίων,
937 888 1027 939 καὶ
1047 887 1126 947 τὸ,
1165 887 1264 937 Ἐν
1297 884 1589 949 ἐκκλησίᾳ
1638 897 1779 949 πρω-

167 963 501 1036 τοβτόκων,
530 969 629 1020 καὶ
658 971 744 1033 τὸ,
782 974 880 1027 Ἐν
908 971 1222 1041 συναγωγῇ
1252 970 1419 1034 θεῶν,
1459 970 1514 1021 ἒν
1541 971 1632 1022 καὶ
1666 987 1788 1021 ταυ-

193 1072 310 1121 τὸν
344 1050 485 1108 εἷναί
522 1074 611 1126 μοι
633 1060 799 1115 δοκεῖ.
820 1063 1030 1115 Τούτων
1055 1060 1333 1130 τοιγαροῦν
1358 1061 1414 1111 ὲν
1450 1060 1593 1129 μέσῳ
1622 1058 1788 1121 ἑστὼς

214 1151 315 1207 καὶ
365 1148 473 1201 im?)
519 1148 729 1203 τούτων
769 1152 1224 1222 δορυφορούμενος
1278 1152 1305 1202 ὁ
1338 1149 1461 1211 Υἱὸς
1498 1148 1589 1200 τοῦ
1634 1136 1786 1212 Θεοῦ,

221 1238 648 1309 ὶνδοξαζὸμενος
679 1242 891 1311 εἴρηται
926 1243 1016 1294 καὶ
1048 1242 1214 1310 μέγας
1248 1240 1339 1293 καὶ
1365 1239 1607 1308 φοϐερός.
1633 1238 1698 1290 Ὅ
1726 1254 1788 1305 γε

225 1335 339 1405 μὴν
386 1331 683 1402 Σύμμαχος
732 1332 800 1383 τὰ
851 1331 1178 1400 προκείμενα
1217 1329 1399 1380 τοῦτον
1450 1327 1670 1393 ἐξέδωκε
1701 1327 1790 1378 τὸν

217 1427 475 1497 τρόπον·
519 1423 625 1477 Θεὲ
653 1422 902 1488 ἀήττητε
931 1423 999 1474 ἐν
1027 1421 1223 1489 ὁμιλίᾳ
1254 1418 1431 1486 ἁγίων
1451 1416 1668 1483 πολλῇ,
1694 1418 1789 1469 καί

216 1517 526 1586 ἐπίφοϐος
551 1516 619 1566 ἐν
647 1512 791 1566 πᾶσι
815 1513 935 1575 τοῖς
964 1511 1091 1577 περὶ
1125 1509 1404 1562 σεαυτόν·
1434 1509 1461 1559 ὁ
1487 1507 1543 1557 δὲ
1571 1505 1791 1567 Ἀκύλας

218 1608 403 1680 φησί’
474 1603 741 1671 Ἰσχυρὸς
790 1600 1355 1668 κατισχυρευόμενος
1388 1598 1456 1649 ἐν
1487 1594 1793 1662 ἀπορρήτῳ

214 1698 444 1764 ἁγίων,
476 1691 724 1758 πλῆθος,
753 1690 999 1757 πλῆθος,
1032 1688 1128 1741 καὶ
1157 1688 1433 1755 ἐπίφοϐος
1452 1685 1546 1737 ἐπὶ
1569 1684 1793 1749 πάντας

217 1787 443 1850 κύκλῳ
482 1782 689 1836 αὐτοῦ.
740 1782 801 1833 Ἡ
830 1781 883 1832 δὲ
917 1779 1008 1831 τοῦ
1037 1779 1193 1847 λόγου
1221 1778 1421 1830 διάνοια
1450 1775 1545 1844 τὴν
1575 1774 1793 1827 ἀκολου-

220 1880 354 1931 θίαν
407 1875 760 1944 παρίστησιν.
812 1870 1023 1940 Ἐπειδὴ
1079 1870 1183 1938 γὰρ
1211 1867 1430 1928 δυνατὸς
1472 1862 1553 1930 εἶ,
1588 1865 1791 1934 Κύριε,

220 1970 427 2040 φησὶν,
460 1966 559 2018 καὶ
592 1966 625 2034 ἡ
664 1962 886 2031 ἀλήθειά
919 1978 1008 2012 σου
1032 1960 1211 2028 κύκλῳ
1245 1973 1358 2020 σου,
1382 1956 1602 2018 εἰκότως
1628 1955 1794 2024 μέγας

1890 804 1995 858 que
2036 788 2109 841 dii
2146 791 2528 852 nuncupantur
2559 803 2571 837 :
2606 799 2832 853 quorum
2876 797 3037 835 causa
3071 783 3269 835 dictum
3302 794 3425 847 est,

1890 880 2028 931 Deus
2055 879 2192 930 stetit
2226 879 2279 929 in
2306 890 2568 943 synagoga
2593 873 2808 927 deorum
2833 874 2917 924 “‘2
2946 872 3146 925 Etenim
3170 874 3297 924 illud
3318 913 3333 937 ,
3363 873 3423 925 In

1890 967 2103 1020 consilio
2135 974 2432 1019 sanctorum
2459 979 2477 1026 ,'
2508 972 2559 1016 et
2594 962 2722 1015 illud
2751 1000 2764 1022 ,
2819 960 2881 1012 In
2928 961 3143 1013 ecclesia
3174 963 3408 1028 primoge

1892 1058 2115 1111 nitorum
2133 1074 2153 1119 ;
2201 1066 2285 1117 et,
2321 1054 2386 1107 In
2430 1070 2690 1123 synagoga
2722 1052 2974 1113 deorum;
3008 1066 3167 1103 unum
3202 1059 3255 1102 et
3289 1051 3424 1104 idem

1891 1162 2008 1202 esse
2036 1146 2248 1200 videtur
2289 1145 2440 1197 mihi.
2489 1143 2687 1196 Horum
2727 1143 2906 1210 itaque
2951 1142 3004 1194 in
3038 1126 3214 1193 medio
3242 1150 3426 1201 stans,

1892 1236 1977 1289 his
2005 1236 2233 1303 stipatus
2250 1233 2417 1286 Filius
2441 1232 2531 1285 Dei
2557 1271 2573 1294 ,
2602 1231 2929 1300 gloriﬁcatus
2949 1269 2963 1291 ,
2996 1244 3219 1297 magnus
3248 1237 3299 1281 et
3319 1234 3406 1279 ter

1893 1326 2068 1379 ribilis
2102 1325 2320 1378 dicitur.
2368 1321 2491 1374 Haec
2534 1336 2663 1374 vero
2697 1319 3051 1389 Symmachus
3100 1320 3178 1372 sic
3223 1317 3425 1370 edidit:

1893 1416 2029 1469 Deus
2076 1416 2257 1467 invicte
2302 1414 2353 1464 in
2398 1412 2780 1464 conversatione
2825 1418 3123 1462 sanctorum
3152 1410 3346 1464 multa,
3381 1414 3426 1459 et

1896 1504 2149 1558 tremende
2173 1504 2224 1554 in
2254 1500 2488 1555 omnibus
2519 1500 2607 1569 qui
2636 1501 2827 1551 circum
2860 1508 2904 1550 te
2927 1507 3045 1549 sunt
3069 1513 3087 1557 ;
3114 1496 3302 1564 Aquila
3330 1511 3398 1547 an

1894 1604 1998 1650 tem
2024 1596 2096 1646 ait
2120 1613 2132 1647 :
2160 1592 2333 1643 Fortis
2360 1590 2634 1644 roboratus
2656 1593 2709 1641 in
2732 1598 2921 1640 secreto
2942 1596 3235 1640 sanctorum
3256 1624 3274 1649 ,
3298 1585 3404 1637 mul

1897 1686 2062 1739 titudo
2082 1724 2096 1749 ,
2133 1681 2408 1736 multitudo
2431 1720 2444 1738 .
2475 1689 2522 1733 et
2558 1678 2849 1731 tremendus
2880 1693 3032 1744 super
3060 1692 3234 1727 omnes
3262 1675 3348 1742 qui
3378 1676 3431 1726 in

1896 1773 2118 1826 circuitu
2162 1771 2272 1838 ejus
2319 1777 2461 1822 sunt.
2512 1767 2628 1836 lpsa
2664 1780 2827 1835 porro
2858 1765 2987 1817 dicti
3034 1764 3295 1817 sententia
3342 1777 3428 1815 se-

1900 1865 2031 1916 riem
2064 1861 2253 1929 aperit.
2286 1858 2416 1910 Nam
2444 1858 2569 1926 quia
2602 1866 2793 1925 potens
2818 1870 2876 1907 es
2896 1893 2910 1917 ,
2945 1855 3164 1906 Domine
3184 1893 3198 1917 ,
3226 1851 3429 1920 inquit,

1897 1958 1950 2004 et
1982 1949 2178 2001 veritas
2208 1954 2298 1999 tua
2334 1947 2385 1997 in
2417 1945 2645 1997 circuitu
2682 1954 2805 2005 tuo,
2847 1942 2969 2008 jure
3014 1954 3238 2007 magnus
3282 1954 3341 1991 es
3381 1946 3431 1991 et

220 2030 302 2122 εἴ,
337 2030 439 2109 καλ.
480 2030 711 2122 φοϐερὸς
754 2030 833 2113 εἴ,
881 2050 971 2102 καὶ
1015 2048 1417 2116 ὲνδοξαζόμενος
1458 2046 1507 2097 εἶ
1548 2048 1603 2097 ὲν
1639 2045 1795 2115 βουλῇ

1912 2036 2155 2091 .erribilis
2197 2041 2249 2087 et
2287 2033 2619 2102 glorilicatus
2652 2031 2703 2083 in
2739 2030 2967 2083 consilio
3012 2037 3350 2087 sanctorum,
3382 2034 3428 2078 et

221 2149 435 2217 ἁγίων,
470 2146 568 2197 καὶ
594 2146 651 2195 ὲν
672 2146 780 2204 τοῖς
807 2141 902 2211 τὴν
931 2140 1024 2209 σὴν
1060 2139 1282 2207 θεότητα
1312 2136 1705 2207 περιπολοῦσιν,
1724 2137 1793 2197 οἳ,

225 2240 345 2293 τῶν
390 2237 501 2290 σῶν
523 2232 863 2300 ἐπαγγελιῶν
894 2232 990 2299 τὴν
1038 2229 1289 2299 ἀλήθειαν
1317 2227 1659 2298 συνορῶντες,
1702 2225 1797 2288 τὰς

224 2331 566 2400 πρεπούσας
624 2321 967 2393 εὐχαριστίας
1018 2319 1153 2388 μετὰ
1202 2316 1517 2385 Θαυμασμοῦ
1563 2315 1659 2383 τῆς
1704 2315 1799 2383 σῆς

225 2421 500 2487 θεότητος
535 2414 934 2482 ἀναπέμπουσι.
981 2410 1070 2461 Διὸ
1113 2406 1287 2477 μικρῷ
1321 2404 1794 2475 πρόσθενέλεγον·

241 2504 833 2575 Ἐξομολογήσονται
858 2503 910 2553 οὶ
955 2497 1190 2565 οὐρανοί
1236 2496 1305 2548 τὰ
1338 2493 1635 2561 θαυμάσιά
1663 2509 1798 2555 σου,

228 2602 338 2654 καὶ
378 2599 498 2665 τὴν
530 2593 817 2661 ἀλήθειάν
845 2606 958 2644 σου
989 2590 1058 2641 ἐν
1090 2586 1405 2652 Ἐκκλησία
1428 2579 1626 2651 ἀγίῶν.

310 2688 496 2755 Κύριε
529 2688 563 2738 ό
601 2684 746 2747 Θεὸς
773 2681 891 2733 τῶν
919 2676 1255 2746 δυνάμεων,
1299 2676 1389 2739 τίς
1424 2674 1619 2741 ὅμοιός
1661 2688 1795 2733 σοις

232 2779 515 2842 Δηυνατὸς
543 2773 616 2837 εί,
646 2775 839 2840 Κύριε,
862 2770 957 2822 καὶ
976 2771 1013 2836 ἠ
1043 2765 1290 2833 ἀλήθειά
1312 2778 1424 2819 σου
1445 2764 1643 2826 κύκλῳ
1667 2778 1798 2815 σου.

234 2874 286 2923 Σ
290 2871 334 2922 ir
361 2864 677 2927 δεσπόζεις
704 2862 809 2914 τοῦ
844 2858 1092 2926 κράτους
1116 2856 1224 2921 τῆς
1247 2853 1575 2918 θαλάσσης,
1604 2851 1709 2904 τὸν
1738 2850 1805 2903 δὲ

238 2959 451 3012 σάλον
473 2955 595 3008 τῶν
630 2950 904 3019 κυμάτων
929 2945 1115 3012 αὐτῆς
1138 2945 1217 2997 σὺ
1250 2942 1692 3009 καταπραΰνεις.
1722 2939 1805 2992 Σὺ

238 3045 665 3104 ἐταπείνωσας
696 3041 774 3103 ὼς
813 3035 1168 3104 τραυματίαν
1194 3031 1575 3099 ὑπερήφανον
1614 3031 1682 3083 ἐν
1728 3029 1805 3093 τῷ

247 3134 537 3202 ϐραχίονι
582 3128 693 3195 τῆς
723 3124 1021 3194 δυνάμεώς
1058 3139 1170 3176 σου
1208 3122 1625 3187 διεσκόρπισας
1670 3119 1807 3183 τοὺς

240 3223 509 3291 ἐχθρούς
548 3234 687 3277 σου.
718 3216 824 3269 Καὶ
859 3216 915 3266 ὲν
951 3214 1153 3273 τούτοις
1181 3212 1329 3263 οὐδὲν
1364 3210 1548 3279 ἀφίησι
1584 3209 1689 3261 τῶν
1714 3225 1807 3275 γε-

247 3314 435 3383 νητῶν
470 3306 611 3363 εἶναι
639 3310 818 3375 ὅμοιον
845 3302 921 3372 τῷ
951 3301 1343 3370 θεολογουμένῳ
1381 3298 1492 3367 Υίῷ
1516 3298 1605 3350 τοῦ
1644 3296 1803 3349 Θεοῦ·

243 3405 419 3459 αὑτὸν
451 3402 564 3471 γὰρ
612 3396 749 3451 εἶναι
782 3397 870 3449 τὸν
896 3394 1116 3447 δυνατὸν
1135 3432 1149 3457 ,
1192 3394 1282 3444 καὶ
1305 3392 1394 3443 τὸν
1425 3390 1530 3442 τῶν
1576 3386 1810 3440 δυνατῶν

245 3497 411 3559 Θεὸν,
473 3494 570 3546 καὶ
598 3490 774 3544 αὐτῶν
798 3487 903 3539 τῶν
939 3485 1213 3555 δυνάμεων
1258 3484 1476 3553 Κύριον,
1507 3482 1579 3542 ὡς
1614 3479 1812 3549 μηδένα

248 3585 408 3655 αὐτῷ
433 3582 735 3647 ἀντιλέγειν
760 3576 1032 3637 δύνασθαι,
1066 3574 1195 3644 μηδὲ
1230 3576 1296 3642 τῇ
1335 3571 1496 3626 αὑτοῦ
1536 3570 1692 3639 βουλῇ
1725 3569 1815 3621 ἀν-

251 3673 583 3729 Θίστασοαι·
624 3670 690 3721 δι’
724 3669 752 3719 ὃ
794 3667 967 3734 λέγειν
997 3665 1154 3716 αὑτὸν
1187 3665 1279 3716 καὶ
1319 3666 1505 3725 ποιεῖν,
1528 3662 1619 3714 ἆτε
1660 3659 1814 3729 μόνον

249 3765 519 3825 δυνατὸν,
572 3761 641 3813 τὰ
682 3757 884 3811 πάνταο
918 3755 978 3806 τὸ
1005 3754 1141 3823 γὰρ,
1200 3753 1291 3818 Τίς
1322 3752 1516 3820 ὅμοιός
1561 3766 1693 3812 σοι;
1726 3750 1816 3801 καὶ

252 3852 500 3907 ἐνταῦθα
533 3850 634 3902 οὐκ
672 3848 760 3900 ἐπὶ
793 3844 884 3897 τοῦ
916 3844 1159 3907 σπανίου,
1201 3843 1309 3895 ἀλλ’
1353 3843 1443 3893 ἐπὶ
1478 3842 1568 3893 τοῦ
1600 3839 1818 3910 μηδενὸς

254 3942 657 4011 παρείληπται.
692 3935 890 3989 Οὐδένα
914 3932 1041 4001 γοῦν
1070 3933 1248 4002 ὅμοιον
1282 3929 1418 3985 εἷναί
1452 3948 1581 4000 φησι
1610 3930 1686 4000 τῷ
1724 3946 1818 3981 κυ-

260 4028 697 4102 ριολογουμένῳ,
721 4023 1196 4094 ἀντιπαραϐάλλων
1225 4022 1370 4092 αύτῷ
1413 4023 1535 4083 τοὺς
1572 4019 1820 4089 ἀνωτέρω

259 4120 593 4192 εἰρημένους
633 4115 777 4175 υἱοὺς
818 4113 971 4165 Θεοῦ.
1001 4113 1111 4181 Τῆς
1147 4112 1256 4182 γὰρ
1293 4111 1460 4179 αὐτῆς
1498 4111 1674 4179 ἔχεται
1713 4109 1825 4161 δια-

262 4211 413 4272 νοίας
444 4208 514 4260 τὰ
546 4204 786 4273 παρόντα
812 4201 991 4255 καὶτὰ
1016 4202 1272 4271 πρότερα,
1296 4201 1352 4252 ὲν
1373 4195 1451 4261 οἷς
1482 4200 1683 4269 εἴρητο·
1708 4200 1825 4249 ’Ότι

264 4298 437 4363 τίςέν
450 4292 735 4361 νεφέλαις
748 4288 1093 4353 ἱσωθήσεται
1106 4288 1183 4352 τῷ
1196 4289 1403 4354 Κυρίῳ,
1418 4285 1826 4354 ὁμοιωθήσεται

264 4388 346 4451 τῷ
375 4386 578 4452 Κυρίῳ
603 4382 673 4433 ἐν
695 4379 842 4443 υίοῖς
871 4376 1045 4439 Θεοῦ;
1078 4378 1171 4429 καὶ
1194 4378 1286 4429 νῦν
1318 4378 1361 4429 δ’
1391 4373 1501 4438 οὖν,
1530 4380 1617 4441 Τις
1635 4375 1829 4439 ὅμοιός

263 4492 396 4540 σοι;
414 4473 606 4544 φησὶν,
618 4472 699 4522 ὅτι
712 4467 926 4528 δυνατὸς
944 4463 1011 4528 εί,
1030 4467 1119 4517 καί
1130 4469 1165 4531 ζὴ
1183 4466 1402 4535 ἀλήθεια
1411 4466 1514 4519 τῶν
1529 4466 1694 4533 λόγων
1716 4482 1827 4527 σου,

264 4568 331 4619 αἶ.
349 4584 413 4618 τε
432 4558 757 4628 ἐπαγγελίαι
779 4574 869 4609 σου
893 4573 959 4606 πε
968 4556 1017 4626 pi
1035 4556 1094 4607 σὲ
1117 4558 1208 4608 καὶ
1228 4557 1374 4625 παρὰ
1396 4556 1476 4607 σοὶ
1493 4556 1827 4624 τυγχάνουσι.

1897 2130 1950 2181 in
1981 2127 2044 2179 iis
2073 2125 2162 2193 qui
2204 2124 2458 2177 deitatem
2509 2122 2709 2189 stipant
2755 2128 2936 2179 tuam,
2989 2117 3117 2185 qui,
3145 2124 3430 2183 conspecta

1899 2217 2278 2286 promissorum
2300 2222 2511 2265 tuorum
2542 2210 2788 2268 veritate,
2813 2206 3019 2259 debitas
3049 2220 3167 2257 cum
3200 2205 3418 2257 admira-

1898 2308 2042 2360 tione
2095 2304 2311 2357 deitatis
2369 2310 2474 2354 tua:
2524 2300 2817 2368 gratiarum
2869 2295 3110 2347 actiones
3164 2293 3415 2346 emittunt

1898 2396 2073 2461 Quare
2100 2394 2259 2462 paulo
2286 2399 2441 2444 antea
2469 2389 2710 2443 dicebam
2737 2404 2751 2439 :
2784 2384 3175 2452 Conﬁtebuutur
3201 2380 3315 2433 coeli
3342 2381 3411 2431 mi

1898 2485 2087 2538 rabilia
2116 2492 2203 2534 tua
2220 2521 2233 2546 ,
2255 2491 2302 2535 et
2331 2482 2591 2533 veritatem
2618 2488 2758 2528 tuam
2783 2477 2838 2527 in
2862 2474 3093 2527 Ecclesia
3119 2481 3434 2525 sanctorum.

1969 2684 2147 2738 γεω..
2171 2681 2331 2735 9—H.
2370 2678 2588 2731 Domine
2619 2675 2754 2726 Deus
2784 2674 3052 2733 virtutum,
3098 2670 3212 2737 quis
3252 2666 3438 2720 similis

1903 2771 2042 2825 tibi?
2072 2771 2259 2825 Potens
2295 2785 2371 2830 es,
2403 2766 2651 2826 Domine,
2683 2772 2730 2815 et
2773 2761 2960 2814 veritas
3006 2768 3092 2810 tua
3128 2758 3181 2809 in
3225 2755 3439 2807 circuitu

1906 2871 2012 2915 tuo.
2069 2862 2146 2913 Tu
2194 2857 2482 2912 dominaris
2512 2853 2756 2923 potestati
2789 2851 2985 2912 maris,
3032 2856 3223 2900 motum
3271 2853 3438 2896 autem

1902 2952 2151 3018 ﬂuctuum
2176 2949 2287 3016 ejus
2306 2956 2360 2999 tu
2384 2946 2611 3013 mitigas.
2637 2942 2713 2994 Tu
2744 2940 3030 2992 humiliasti
3056 2938 3186 2989 sicut
3207 2934 3435 2986 vulnera-

1870 3062 1871 3065 η
1907 3050 2014 3093 tum
2050 3037 2358 3105 superbum,
2405 3036 2458 3086 in
2501 3031 2709 3083 brachio
2759 3028 2962 3080 virtutis
3010 3036 3111 3078 tua:
3151 3020 3440 3088 dispersisti

1906 3128 2141 3181 inimicos
2173 3135 2310 3177 tuos.
2360 3122 2417 3174 In
2460 3122 2544 3174 Itis
2584 3133 2797 3187 quoque
2828 3116 3026 3168 nullam
3061 3112 3318 3165 factarum
3355 3125 3445 3162 re-

1907 3233 2024 3271 rum
2055 3216 2281 3269 similem
2328 3212 2466 3264 Filio
2503 3209 2629 3270 Dei,
2661 3208 2750 3275 qui
2795 3205 2934 3257 Deus
2980 3202 3317 3272 praedicatur,
3351 3199 3445 3250 ad-

1911 3305 2115 3369 mittit;
2150 3304 2325 3371 ipsum
2373 3314 2602 3367 namque
2646 3306 2698 3351 ct
2745 3301 3009 3364 potentem
3057 3298 3107 3345 et
3152 3288 3443 3358 potentimn

1910 3394 2073 3446 Deum
2101 3406 2163 3444 ac
2188 3392 2441 3443 virtutum
2473 3388 2746 3440 dominum
2779 3382 2943 3445 dicit,
2971 3382 3042 3433 ita
3077 3387 3135 3430 ut
3163 3392 3318 3430 nemo
3344 3375 3444 3443 ipsi

1912 3494 2207 3551 repugnare
2228 3518 2243 3542 ,
2278 3493 2450 3546 neque
2478 3477 2595 3543 ejus
2626 3472 2891 3526 voluntati
2923 3467 3289 3523 contradicere
3318 3479 3445 3531 pos-

1913 3573 2019 3627 sit:
2054 3584 2250 3639 quare,
2281 3574 2464 3635 utpote
2490 3565 2638 3619 solus
2664 3570 2886 3631 potens,
2917 3557 3093 3611 omnia
3126 3554 3257 3608 dicit
3287 3560 3339 3605 et
3370 3551 3447 3603 l'a-

1913 3662 1986 3715 cit
2015 3679 2029 3727 ;
2062 3658 2194 3712 illud
2226 3658 2368 3711 enim
2391 3694 2406 3719 ,
2442 3654 2571 3719 Quis
2599 3652 2787 3706 similis
2817 3649 2909 3701 tibi
2934 3651 2957 3701 Ρ
2986 3661 3089 3700 non
3120 3658 3271 3697 raros
3299 3656 3445 3701 esse,

1915 3750 2007 3805 sed
2035 3749 2240 3802 nullum
2267 3760 2386 3800 esse
2414 3744 2671 3798 declarat.
2705 3740 2980 3793 Neminem
3012 3737 3191 3804 itaque
3220 3732 3447 3785 similem

1916 3855 2037 3895 esse
2068 3841 2142 3891 ait
2171 3838 2283 3902 illi,
2314 3835 2406 3904 qui
2431 3833 2693 3885 Dominus
2737 3828 3078 3899 praedicatur,
3122 3838 3243 3877 cum
3280 3820 3450 3875 eidem

1919 3929 2040 3981 Hlos
2083 3930 2390 3993 comparat,
2432 3920 2521 3989 qui
2567 3918 2812 3986 superius
2856 3915 2948 3967 lilii
2996 3912 3090 3966 Dei
3135 3910 3262 3962 dicti
3304 3911 3449 3961 sunt.

1919 4018 2040 4071 Haec
2069 4017 2208 4071 enim
2242 4014 2413 4067 eidem
2443 4012 2648 4087 litarent
2675 4005 2954 4060 sententiae
2974 4043 2988 4066 ,
3022 4002 3106 4055 cui
3141 4001 3324 4054 istliaec
3358 4013 3453 4051 sn-

1921 4108 2102 4177 perius
2131 4106 2313 4158 dicta:
2362 4083 2620 4166 Quoniam
2659 4097 2771 4165 quis
2818 4096 2869 4145 in
2912 4090 3130 4143 nubibus
3168 4083 3455 4154 regnabitur

1922 4171 2193 4249 Domino?
2240 4190 2427 4246 similis
2476 4189 2571 4240 erit
2618 4184 2837 4243 Domino
2883 4181 2935 4231 in
2982 4178 3108 4245 ﬁliis
3138 4175 3275 4227 Dei?
3303 4171 3454 4224 Nunc

1925 4287 2048 4339 item
2069 4324 2082 4348 ,
2117 4284 2244 4348 Quis
2278 4280 2462 4333 similis
2489 4276 2616 4329 tibi?
2649 4275 2743 4337 ait,
2783 4270 2908 4339 quia
2950 4277 3137 4335 potens
3159 4278 3217 4317 es
3238 4302 3251 4324 ,
3286 4271 3337 4315 et
3364 4275 3457 4314 ve-

1932 4378 2065 4431 ritas
2124 4385 2429 4428 sermonum
2480 4375 2732 4425 tuorum,
2794 4358 3055 4428 promissa
3103 4368 3314 4423 quoque
3365 4359 3455 4403 tua

1929 4468 2073 4522 circa
2121 4474 2173 4518 te
2218 4472 2271 4517 et
2315 4474 2480 4530 penes
2509 4464 2561 4509 te
2585 4464 2729 4509 sunt.
2762 4452 2933 4505 Penes
2966 4457 3014 4501 te
3042 4448 3234 4515 quippe
3262 4450 3343 4497 est
3362 4482 3376 4506 ,
3405 4450 3460 4495 et

1931 4573 2093 4628 penes
2116 4571 2207 4609 eos
2237 4554 2328 4621 qui
2370 4561 2422 4605 te
2462 4546 2815 4606 circumdant,
2856 4542 3049 4595 veritas
3098 4550 3224 4592 tua:
3258 4550 3379 4588 nam
3412 4533 3457 4587 si

270 4656 430 4726 Παρὰ
448 4653 535 4706 σοὶ
690 4650 823 4712 ἐστι,
849 4624 1101 4716 καὶπαρά
1128 4648 1237 4709 τοῖς
1255 4624 1503 4696 κυκλοῦσί
1528 4662 1609 4709 σε,
1640 4646 1672 4715 ὴ
1703 4644 1812 4713 ἁλὴς

1935 4649 2025 4717 qui
2068 4646 2308 4716 proxime
2346 4651 2398 4694 te
2456 4646 2509 4692 et
2555 4639 2608 4689 in
2651 4633 2879 4688 circuitu
2914 4640 3005 4683 tuo
3038 4634 3196 4688 sunt,
3226 4624 3303 4677 illi
3333 4635 3462 4675 sane

270 4746 392 4798 Θειά
416 4760 516 4795 σου
539 4758 553 4771 ο
579 4741 628 4791 εἰ
672 4737 778 4805 γάρ
807 4736 947 4797 τινές
982 4753 1073 4787 σου
1102 4735 1323 4804 πλησίον
1346 4735 1438 4785 καὶ
1455 4734 1634 4803 κύκλῳ
1658 4750 1833 4804 περιε-

271 4835 479 4895 στῶτες
514 4826 644 4889 εἷεν,
666 4821 809 4879 οὗτοι
841 4826 989 4877 αὐτοὶ
1011 4824 1106 4893 τὴν
1128 4824 1378 4894 ἀλήθειάν
1401 4839 1490 4873 σου
1540 4824 1800 4890 γινώσκου
1816 4855 1833 4863 -

274 4940 373 4977 σιν.
392 4922 592 4991 Ἡμεῖς
610 4918 665 4970 δὲ
682 4917 735 4968 οἱ
762 4916 852 4966 ἐπὶ
872 4915 991 4983 γῆς,
1009 4914 1087 4967 ἔτι
1115 4914 1323 4985 μακράν
1347 4929 1436 4963 σου
1462 4916 1832 4983 τυγχάνοντες,

283 5014 369 5078 τὰς
432 5006 832 5083 μεγαλουργίας
890 5022 980 5057 σου
1041 5006 1146 5057 ἀπὸ
1205 5004 1310 5057 τῶν
1360 5002 1497 5054 κατὰ
1565 5004 1834 5058 θάλασσαν

278 5100 691 5177 ἐνεργουμένων
743 5095 844 5147 ὑπὸ
886 5095 981 5164 τῆς
1030 5096 1126 5165 σῆς
1184 5090 1431 5163 προνοίας
1484 5090 1836 5163 Θεωροῦντες,

279 5192 675 5267 ὁμολογοῦμεν,
704 5190 787 5241 ὅτι,
829 5187 1043 5248 δυνατὸς
1061 5184 1127 5249 εἶ,
1162 5185 1250 5238 καὶ
1285 5184 1316 5249 ή
1347 5180 1575 5248 ἀλήθειά
1610 5202 1701 5236 σου
1744 5187 1837 5238 κύ-

284 5289 391 5358 κλῳ
422 5303 541 5338 σου.
565 5283 676 5350 Τῆς
693 5296 751 5331 τε
782 5277 887 5347 γὰρ
916 5276 1176 5343 θαλάσσης
1202 5270 1293 5323 καὶ
1324 5267 1413 5318 τοῦ
1438 5271 1705 5324 τοσούτου
1732 5275 1839 5326 τῶν

287 5379 493 5431 ὑδάτων
530 5372 721 5432 κύτους
756 5368 816 5419 σὺ
872 5366 1023 5435 μόνος
1053 5359 1335 5422 δεσπόζεις,
1380 5358 1468 5409 καὶ
1528 5359 1633 5411 τὸν
1681 5363 1839 5415 σάλον

298 5468 392 5520 τῶν
422 5462 685 5532 κυμάτων
711 5456 873 5524 αὐτῆς
913 5456 973 5506 σὺ
1012 5454 1156 5523 μόνος
1198 5448 1642 5515 καταπραΰνεις,
1680 5468 1839 5520 περι,

292 5558 402 5619 θεὶς
428 5556 566 5623 αὐτῇ
600 5549 815 5615 κλεῖθρα
853 5546 939 5596 καὶ
968 5544 1135 5602 πύλας,
1177 5536 1268 5587 καὶ
1312 5535 1424 5604 ὅρια
1472 5538 1630 5607 αὐτῇ
1669 5541 1844 5609 πηξά.

297 5663 473 5716 μενος,
514 5644 587 5705 ὼς
628 5641 693 5693 ἂν
738 5637 809 5705 μὴ
855 5633 1108 5703 ύπερϐἅσα
1154 5625 1509 5677 κατακλύσειε
1573 5627 1683 5696 τὴν
1736 5631 1845 5685 τῶν

298 5712 587 5806 ἀνθρώπων
614 5723 931 5794 οἰκουμένην.
967 5718 1083 5785 Ὀδὴ
1111 5712 1194 5766 καὶ
1239 5712 1372 5765 αὐτὸ
1392 5714 1447 5766 ἒν
1475 5731 1536 5765 τι
1565 5717 1848 5785 τυγχάνει

368 5891 402 5915 "
446 5886 589 5942 Psal.
619 5890 807 5936 Lxxxt,
836 5873 877 5924 1.

1934 4737 2213 4790 veritatem
2262 4736 2460 4784 norunt
2502 4734 2670 4778 tuam.
2703 4722 2810 4774 Nos
2840 4728 3012 4773 autem
3041 4717 3129 4786 qui
3159 4717 3210 4766 in
3236 4720 3380 4764 terra
3411 4717 3462 4761 et

1936 4826 2111 4879 adhuc
2142 4820 2323 4892 procul
2355 4826 2407 4871 te
2438 4826 2734 4872 versamur,
2766 4825 2830 4863 ex
2861 4809 2927 4860 iis
2958 4820 3075 4873 quae
3106 4803 3216 4856 sive
3244 4801 3297 4852 in
3321 4806 3463 4850 terra

1938 4916 2050 4969 sive
2076 4914 2129 4967 in
2159 4909 2292 4963 mari
2319 4924 2347 4959 a
2373 4902 2710 4976 providentia
2737 4907 2826 4952 tua
2852 4905 3130 4966 geruntur,
3159 4903 3346 4958 magna
3374 4896 3464 4939 tua

1938 5003 2146 5073 opiﬁcia
2177 4996 2624 5064 contemplantes,
2668 4990 2981 5043 conlitemur
3008 4993 3058 5037 te
3087 4989 3381 5050 potentem,
3415 4984 3469 5030 et

1933 5094 2209 5147 veritatem
2241 5095 2385 5139 tuam
2417 5084 2471 5135 in
2503 5081 2734 5134 circuitu
2760 5088 2850 5130 tuo
2878 5090 3016 5128 esse.
3048 5070 3178 5124 Nam
3227 5079 3283 5120 tu
3325 5067 3471 5120 solus

1936 5182 2072 5236 mari
2101 5187 2155 5233 et
2182 5183 2341 5229 tanta:
2372 5184 2630 5239 aquarum
2658 5163 2971 5237 plenitudini
2998 5157 3292 5213 dominaris
3315 5194 3328 5218 ,
3354 5170 3471 5207 mo-

1938 5280 2047 5325 tum
2079 5270 2333 5321 ﬂuctuum
2363 5262 2480 5329 ejus
2502 5273 2640 5312 unus
2672 5256 2883 5322 mitigas
2906 5290 2919 5313 ,
2958 5248 3168 5318 ipsique
3198 5246 3430 5297 claustra
3457 5281 3471 5305 ,

1944 5514 2101 5594 l‘uerit
2144 5532 2421 5604 potestatis
2467 5538 2571 5581 tua:
2620 5529 3009 5592 argumentum.
3044 5516 3111 5565 At
3139 5514 3284 5566 enim
3331 5518 3479 5561 tanta

1946 5642 2206 5698 aquarum
2258 5621 2574 5682 commotio,
2626 5616 2722 5667 tibi
2781 5619 2841 5664 ut
2886 5608 3102 5661 domino
3143 5604 3481 5670 obsequens,

1948 5692 2073 5773 dum
2105 5725 2317 5770 tumens
2350 5713 2403 5766 in
2434 5712 2596 5764 altum
2629 5702 2890 5767 evehitur,
2918 5692 3242 5751 reformidat
3272 5700 3482 5749 tamen,
