3848 6476
403 614 537 668 1085
1085 600 1353 655 EUSEBII
1387 597 2033 653 CIESA—BllﬂNSlSOPP.
2070 594 2250 650 PARS
2282 592 2366 648 Ill.
2407 621 2476 633 ——
2506 583 2948 644 EXEGET-ICA.
3585 572 3730 624 ιθει

409 741 532 780 vero
559 724 646 791 qui
675 733 861 774 omnes
899 716 1135 778 excedit,
1163 729 1356 768 omnes
1387 719 1640 782 superat,
1675 711 1924 781 Unigeni-

2130 711 2180 762 ὗν
2199 727 2210 740 ·
2239 709 2330 761 καὶ
2358 704 2659 775 Θαυμάζειν
2685 700 2790 770 τὴν
2821 696 3049 749 τούτων
3091 690 3404 756 θειότητα
3425 702 3442 715 ⁸
3478 686 3728 757 ὑπερεκ-

2272 799 2289 806 ·
2381 797 2420 806 --
2489 797 2500 806 -
2577 797 2589 806 -
2662 793 2674 806 ο
2933 787 3125 806 ιη---μ
3185 779 3295 806 --.Α
3334 777 3496 806 .σ.-ι,,,
3521 778 3728 806 ...ιηηυ

409 825 516 869 tum
545 779 668 874 Dei,
700 824 819 863 eum
850 815 1066 875 stupore
1098 803 1479 858 considerare:
1512 801 1704 856 deinde
1732 817 1796 856 ex
1840 802 1933 855 ad-

2130 799 2354 870 ιττεσοαι
2377 797 2432 850 δὲ
2455 797 2547 849 τὸν
2574 793 2846 846 ἐπέκεινα
2875 787 3149 841 πάντων,
3185 779 3303 833 καὶ
3334 779 3496 846 ὑπὲρ
3521 779 3732 838 παντας

410 904 682 958 miratione
705 901 816 952 haec
837 897 983 952 eﬁari
1001 936 1014 960 ,
1039 895 1295 959 Quoniam
1315 895 1429 958 quis
1447 895 1499 944 in
1525 891 1742 944 nubibus
1761 908 1936 960 aequa-

2142 888 2414 956 Μονογενῆ
2439 885 2532 937 τοῦ
2561 881 2700 935 Θεοῦ
2723 897 2737 910 ·
2775 874 2881 931 εἶτ’
2917 878 2990 928 ὲκ
3025 872 3139 926 τοῦ
3175 870 3300 922 Θαύ
3312 883 3508 938 ματος
3538 870 3737 962 ἀναπε-

409 995 543 1046 bitur
570 992 829 1044 Domino?
863 989 976 1042 sive
1021 987 1316 1041 secundum
1348 985 1726 1055 Symmachum
1746 1023 1762 1050 ,
1806 984 1934 1049 Quis

2130 979 2335 1049 rqxévat
2362 976 2450 1028 τό·
2480 975 2600 1025 Ὅτι
2632 971 2727 1033 τίς
2753 969 2827 1022 ὲν
2858 964 3190 1033 νεφέλαις
3220 956 3734 1055 ὶσωθήιῖετιιιλτῷ

408 1085 538 1136 enim
568 1084 620 1134 in
647 1080 826 1134 iet/tere
849 1078 1068 1144 conferet
1094 1092 1147 1129 se
1162 1075 1379 1128 Domino
1408 1075 1460 1126 in
1485 1072 1610 1142 ﬁliis
1625 1074 1767 1129 Dei?
1795 1072 1936 1138 Haec,

2130 1045 2259 1133 ρέφ;
2306 1066 2339 1136 ἢ
2387 1063 2530 1117 κατὰ
2573 1061 2666 1113 τὸν
2694 1058 3014 1127 Σύμμαχον
3044 1071 3059 1084 ο
3110 1052 3230 1116 Τίς
3267 1049 3399 1150 γὰρ
3444 1048 3524 1154 ii:
3553 1045 3738 1154 (-1106th

409 1174 474 1227 de
505 1170 786 1239 Unigenito
809 1168 899 1222 Dei
933 1136 1073 1220 dicta
1094 1205 1108 1229 ,
1144 1167 1284 1234 piam
1315 1171 1529 1219 servant
1569 1163 1886 1218 sententiam
1920 1179 1935 1227 ;

2130 1157 2495 1226 τιπαραθήο-ει
2526 1153 2606 1219 τῷ
2639 1153 2844 1218 Κυρίῳ
2875 1151 2953 1202 ἐν
2983 1143 3164 1208 υἱοῖς
3194 1139 3419 1202 Θεοῦ;
3461 1136 3737 1247 Tusciae

410 1262 476 1316 de
505 1261 660 1314 Patre
689 1275 815 1313 vero
845 1273 908 1311 ac
941 1257 1048 1311 Deo
1088 1258 1460 1309 universorum
1500 1270 1699 1309 secus:
1743 1254 1939 1321 impro-

2130 1253 2162 1303 ἡ
2207 1251 2302 1320 μὲν
2355 1247 2449 1301 τοῦ
2496 1243 2848 1312 Μονογενοῦς
2888 1238 2994 1292 τοῦ
3033 1232 3202 1287 Θεοῦ
3235 1231 3552 1298 λεγόμενα
3583 1231 3737 1288 σώζοι

412 1351 526 1420 pria
555 1349 694 1403 enim
722 1357 774 1401 et
803 1348 962 1415 impia
989 1345 1318 1414 comparatio
1345 1353 1507 1398 esset.
1535 1343 1668 1396 Nam
1699 1343 1830 1401 ﬁliis
1848 1341 1941 1396 Dei

412 1439 646 1495 omnium
675 1452 890 1490 causam
919 1435 1162 1489 conferre
1181 1474 1196 1499 ,
1225 1442 1279 1487 et
1304 1448 1424 1487 eum
1452 1433 1543 1501 qui
1572 1448 1733 1501 supra
1763 1433 1940 1486 omnia

413 1535 494 1582 est
526 1526 664 1580 Deus
696 1526 815 1578 aliis
847 1538 1194 1592 comparare,
1238 1522 1670 1589 improbissimus
1703 1522 1940 1575 omnium

414 1634 578 1672 ausus
603 1625 764 1672 esset.
793 1617 859 1670 At
889 1617 1006 1671 sine
1033 1615 1272 1684 periculo
1302 1615 1471 1670 Filius
1508 1616 1600 1670 Dei
1635 1617 1950 1686 unigenitus

416 1707 539 1760 ﬁliis
578 1706 670 1760 Dei
709 1713 1072 1772 comparatur,
1111 1719 1172 1756 ac
1210 1705 1411 1780 dicitur
1447 1720 1577 1775 eum.
1608 1706 1944 1774 incompara-

416 1796 571 1849 bilem
604 1809 748 1858 esse,
777 1809 894 1846 cum
925 1794 1071 1846 nullo
1101 1788 1484 1846 conferendum
1505 1833 1521 1858 ,
1562 1800 1721 1860 atque
1762 1793 1947 1847 admo-

414 1885 539 1938 dum
561 1884 879 1937 antecellere
897 1883 1156 1937 asseritur
1177 1883 1260 1938 his
1283 1883 1483 1945 verbis,
1505 1884 1633 1948 Quis
1657 1884 1708 1936 in
1729 1884 1945 1938 nubibus

414 1976 704 2042 a'quabitur
737 1973 1000 2028 Domino?
1042 1988 1105 2027 ac
1146 1975 1191 2026 si
1230 1974 1460 2036 dicatur,
1503 1989 1678 2029 nemo.
1724 1973 1945 2028 Etiamsi

2039 1316 2335 1406 av'es'aasﬁ
2363 1338 2462 1406 τὴν
2486 1335 2752 1394 διάνοιαν,
2785 1329 2851 1382 οὐ
2885 1328 2997 1398 μὲν
3037 1323 3197 1393 περὶ
3223 1319 3337 1373 τοῦ
3387 1316 3622 1388 Πατρδς
3654 1317 3743 1368 καὶ

2039 1429 2170 1483 Θεοῦ
2201 1428 2304 1481 τῶν
2329 1427 2497 1479 ὅλων·
2522 1423 2800 1482 ἀνοίκειος
2833 1418 2956 1487 γὰρ
2990 1415 3106 1468 καὶ
3142 1411 3389 1481 ἀσεϐὴς
3426 1411 3466 1479 ἡ
3499 1407 3740 1474 παράθε-

2043 1537 2143 1582 σις.
2176 1517 2246 1570 Τὸ
2295 1517 2404 1586 γὰρ
2451 1517 2589 1576 υἱοῖς
2619 1511 2762 1566 Θεοῦ
2803 1505 3244 1579 παραϐάλλειν
3286 1503 3358 1554 τὸ
3396 1501 3634 1554 πάντων
3662 1499 3736 1551 αἴ-

2040 1628 2170 1673 τιον,
2201 1610 2290 1662 καὶ
2321 1608 2380 1659 τὸ
2419 1605 2738 1675 συγκρίνειν
2785 1602 3017 1671 ἑτέροις
3058 1597 3310 1667 τολμᾷν
3342 1595 3447 1648 τὸν
3487 1594 3738 1646 ἐπέκεινα

2042 1700 2148 1752 τῶν
2169 1700 2300 1751 ὅλων
2322 1697 2474 1758 Θεὸν,
2498 1695 2720 1748 πάντων
2744 1693 2813 1746 ἂν
2829 1691 3076 1759 γένοιτο
3106 1685 3558 1741 ἀνοσιώτατον.
3578 1685 3740 1736 Ἀκίν·

2043 1790 2194 1850 δυνος
2237 1787 2280 1840 δέ
2304 1786 2368 1838 ἂν
2419 1785 2504 1855 εἴη
2553 1786 2584 1835 ὁ
2627 1783 2790 1850 λόγος
2828 1783 2982 1843 υίοῖς
3020 1777 3192 1831 Θεοῦ
3234 1776 3582 1845 συγκρίνων
3619 1775 3746 1825 Ti)»

2045 1870 2176 1924 Θεοῦ
2213 1870 2491 1940 μονογενῆ,
2510 1868 2605 1948 καὶ
2631 1867 2695 1919 τὸ
2716 1867 2860 1938 πρὸς
2886 1867 3141 1928 πάντας
3169 1864 3556 1932 ἀσύγκριτον
3583 1863 3736 1916 αὑτοῦ

2047 1959 2520 2030 καὶνάπαράθετον,
2552 1957 2674 2010 καθ’
2707 1957 3049 2027 ὑπερϐολήν
3087 1973 3160 2007 τε
3194 1955 3504 2031 ὑπερέχον
3553 1955 3736 2022 σημαί-

414 2041 552 2118 enim
581 2064 732 2117 multi
761 2065 966 2126 sancti,
991 2071 1043 2117 et
1070 2065 1235 2116 millia
1265 2065 1575 2134 angelorum
1593 2104 1608 2129 ,
1631 2074 1684 2118 et
1710 2064 1947 2120 Ecclesia

2130 2069 2153 2101 ν
2185 2049 2270 2102 διὰ
2303 2048 2394 2101 τοῦ
2414 2066 2426 2077 ·
2464 2050 2559 2112 Τίς
2571 2048 2657 2099 -ἑν
2689 2047 2998 2115 νεφέλαις
3057 2045 3487 2110 ὶσωθήσεται
3529 2041 3613 2108 τῷ
3632 2047 3733 2096 Κυ-

416 2150 833 2220 primitivorum,
863 2150 1215 2218 principatus,
1245 2159 1537 2218 potestates
1558 2191 1573 2214 ,
1605 2153 1820 2215 throni,
1848 2152 1946 2206 do-

2130 2156 2175 2202 );
2204 2140 2322 2192 ἀντὶ
2368 2138 2483 2199 τοῦ,
2526 2138 2726 2199 οὐδείς.
2763 2139 2829 2189 Ei
2855 2137 2979 2208 γὰρ
3035 2137 3160 2190 καὶ
3210 2137 3431 2190 πολλοὶ
3477 2136 3728 2203 ἆγιοικαὶ

415 2241 736 2294 minationes
762 2278 776 2300 ,
819 2239 1042 2306 spiritus
1097 2241 1306 2301 sancti,
1355 2241 1584 2294 virtutes
1625 2241 1848 2305 divinat,
1891 2242 1949 2295 in-

2130 2230 2300 2300 ριάδες
2336 2228 2602 2295 ἀγγέλων,
2629 2228 2727 2279 κα)⁸
2766 2227 3117 2298 Ἐκκλησία
3160 2227 3598 2299 πρωτοτόκων,
3644 2229 3727 2297 ἀρ-

415 2328 728 2382 εωΙεειίιηιε
749 2327 1074 2381 exercitibus
1094 2338 1396 2391 versentur,
1421 2330 1692 2384 caelestem
1718 2331 1951 2400 implen—

415 2426 496 2472 tes
527 2415 817 2471 Eeclesiam
846 2435 860 2478 ;
887 2426 941 2470 at
965 2420 1117 2487 quis,
1149 2420 1254 2482 ait,
1279 2419 1331 2472 in
1361 2421 1556 2474 aethere
1584 2435 1745 2488 supra
1771 2420 1948 2474 firma-

363 2529 366 2534 ι
415 2511 651 2556 mentum
683 2504 859 2573 posito
888 2508 1190 2575 mquabitur
1225 2507 1492 2560 Domino?
1528 2509 1679 2573 Quod
1717 2511 1762 2562 si
1793 2509 1944 2562 multi
1981 2573 1985 2582 Ι

417 2593 508 2646 lilii
534 2593 625 2646 Dei
659 2601 782 2648 sunt
810 2595 1068 2664 multique
1108 2595 1214 2658 dii,
1265 2597 1559 2650 secundum
1600 2598 1763 2660 illud,
1805 2597 1960 2651 Deus.

415 2684 555 2737 stetit
592 2684 646 2736 in
671 2701 932 2754 synagoga
961 2687 1174 2739 deorum
1206 2689 1282 2752 ²¹;
1309 2695 1396 2751 et,
1436 2687 1573 2740 Deus
1603 2687 1815 2740 deorum
1842 2687 1945 2741 Do,

417 2774 583 2826 minus
625 2773 826 2828 locutus
862 2784 940 2828 est
968 2779 1010 2807 “
1037 2816 1051 2834 .
1099 2784 1185 2838 et,
1233 2775 1344 2844 Ego
1379 2776 1526 2842 dixi,
1570 2775 1658 2828 Dii
1708 2779 1862 2838 estis,
1896 2786 1954 2829 eL

417 2863 513 2931 ﬁlii
539 2864 797 2918 Altissimi
826 2881 996 2918 omnes
1020 2866 1096 2919 "z
1127 2864 1218 2920 sed
1241 2863 1353 2934 quis
1377 2866 1568 2918 similis
1595 2867 1694 2918 erit
1725 2865 1944 2920 Domino

417 2953 469 3004 in
500 2953 626 3021 ﬁliis
667 2954 811 3008 Dei?
851 2953 981 3006 Nam
1029 2970 1150 3008 cum
1201 2955 1471 3009 innumeri
1521 2955 1639 3023 ejus
1687 2955 1778 3008 ﬁlii
1807 2957 1944 3018 sint,

415 3057 610 3107 nemo,
657 3045 864 3114 inquit.
913 3045 1040 3098 huic
1087 3046 1278 3100 similis
1324 3046 1463 3108 erit,
1495 3054 1589 3100 aut
1626 3049 1950 3116 aequabitur,

419 3138 600 3197 utpote
639 3132 728 3200 qui
768 3134 972 3187 electus
998 3133 1098 3196 sit,
1127 3134 1434 3204 unigenitus
1462 3142 1516 3189 et
1557 3136 1946 3206 primogenitus

420 3219 594 3272 omnis
622 3228 900 3288 creaturae,
937 3220 1168 3274 Verbum
1201 3221 1327 3275 item
1355 3230 1409 3276 et
1453 3222 1734 3290 sapientia,
1775 3223 1954 3278 virtus

2043 2321 2135 2390 χαί
2168 2337 2223 2372 τε
2258 2319 2351 2372 καὶ
2379 2319 2619 2382 ἐξουσίαι
2651 2319 2749 2371 καὶ
2781 2319 2978 2389 Θρόνοι
3023 2321 3150 2372 καὶ
3175 2321 3564 2390 κυριότητες,
3589 2322 3727 2371 πνεύ-

2049 2411 2192 2479 ματά
2216 2426 2275 2460 τε
2309 2408 2460 2476 ἅγια,
2497 2409 2592 2462 καὶ
2618 2408 2888 2478 δυνάμεις
2926 2409 3109 2463 Θεῖαι
3143 2413 3213 2463 ὲν
3248 2413 3391 2472 ταῖς
3426 2413 3556 2462 κατ’
3587 2410 3707 2479 οὐρα

2043 2502 2132 2554 νὸν
2167 2503 2440 2571 στρατιαῖς
2465 2499 2870 2564 πολιτεύονται,
2902 2501 3022 2570 τὴν
3072 2504 3458 2573 ἐπουράνιον
3493 2502 3724 2571 συμπλη-

2049 2591 2262 2662 ροῦντες
2306 2591 2662 2660 Ἐκκλησίανε
2690 2590 2832 2642 ἀλλὰ
2876 2591 2996 2653 τίς,
3044 2594 3281 2662 φησὶν,
3321 2596 3388 2645 ὲν
3436 2593 3522 2663 τῷ
3571 2593 3726 2664 αἰθέρι

2044 2680 2119 2750 τῷ
2145 2681 2401 2732 ἐπέκεινα
2423 2679 2516 2731 τοῦ
2544 2680 2940 2750 στερεὼματος
2977 2683 3383 2754 ίσωθήσεται
3410 2685 3495 2748 τῷ
3522 2686 3722 2753 Κυρίωι

2044 2772 2106 2822 Ei
2128 2771 2181 2823 δὲ
2202 2770 2381 2822 πολλοὶ
2404 2770 2511 2820 uiol.
2535 2769 2671 2822 Θεοῦ
2695 2772 2791 2822 καὶ
2816 2770 2942 2822 Οεοὶ
2967 2773 3154 2825 κατὰ
3178 2774 3254 2826 τό
3277 2791 3294 2804 ο
3329 2776 3392 2826 Ὁ
3422 2775 3576 2840 Θεὸς
3595 2776 3723 2839 ἔστη

2043 2860 2112 2912 ὲν
2145 2857 2466 2926 συναγωγῇ
2505 2859 2678 2918 θεῶν,
2712 2858 2846 2910 καί·
2888 2860 3068 2926 Θεὸς
3115 2861 3299 2918 θεῶν
3331 2865 3564 2932 Κύριος
3606 2863 3718 2917 ἑ.ιά-

2042 2951 2215 3012 λησε,
2256 2948 2384 2999 καί·
2426 2946 2568 3016 Ἐγὼ
2597 2942 2772 2999 εἶπον
2793 2963 2805 2975 ⁸
2847 2949 3001 3001 Θεοί
3036 2950 3245 3015 ἐστε,
3279 2953 3393 3006 καὶ
3423 2953 3548 3006 υἱοί
3582 2954 3717 3021 Ὑψί-

2044 3049 2193 3088 στου
2221 3034 2441 3099 πάντες
2461 3053 2475 3065 ·
2502 3035 2636 3086 ἀλλὰ
2669 3035 2763 3100 Τίς
2789 3038 3303 3104 ὁμοιωθήσεται
3336 3040 3426 3107 τῷ
3453 3043 3646 3110 Κιιοίῳ
3666 3043 3718 3094 ἐν

2043 3123 2192 3187 υἱοῖς
2224 3123 2404 3185 Θερῦ;
2448 3126 2674 3195 Μυρίων
2719 3125 2833 3194 γὰρ
2884 3127 3099 3182 ὄντων
3138 3131 3320 3198 υἱῶν,
3352 3133 3560 3195 οὐδεὶς,
3589 3133 3719 3203 eqd-4

2043 3212 2214 3283 τούτῳ
2245 3215 2666 3284 ὁμοιωθήσεται,
2697 3215 2821 3267 οὐδὲ
2851 3215 3354 3291 ὲξισωθήσεται,
3385 3224 3630 3294 ἐκλεκτῴ
3653 3226 3716 3276 ὅτι

417 3319 470 3360 et
499 3309 756 3377 sapientia
783 3310 893 3365 Dei.
939 3310 1173 3380 Mihique
1202 3312 1410 3366 videtur
1461 3312 1654 3366 horum
1702 3314 1944 3368 notitiam

2130 3322 2138 3354 ι
2168 3306 2443 3372 μονογενεῖ
2478 3305 2574 3356 κςιι)⁸
2607 3305 2960 3376 πρωτοτόκῳ
2995 3311 3226 3382 πάσης
3280 3315 3554 3380 κτίσεως,
3583 3313 3717 3382 Λόγῳ

418 3396 471 3449 in
502 3397 923 3465 praecedentibus
947 3401 1194 3472 tradere,
1239 3417 1361 3455 cum
1408 3402 1482 3455 ait
1510 3420 1524 3456 :
1556 3403 1949 3471 Conﬁtebuutur

417 3486 530 3538 caeli
564 3487 826 3540 mirabilia
859 3499 967 3541 tua.
1015 3488 1288 3558 Siquidem
1321 3506 1385 3544 ex
1415 3490 1757 3546 mirabilibus
1783 3506 1949 3545 unum

420 3575 521 3627 hoc
545 3584 690 3639 erat,
719 3580 858 3645 quod
885 3579 1134 3648 deinceps
1160 3580 1225 3633 de
1239 3578 1524 3649 Unigenito
1548 3579 1640 3636 Dei
1668 3581 1960 3637 additurus-

418 3669 564 3725 erat,
595 3670 648 3714 et
672 3663 880 3730 quidem
909 3666 1232 3718 necessario.
1262 3665 1396 3730 Quia
1424 3667 1566 3721 enim
1595 3668 1743 3721 illum
1773 3685 1838 3723 ex
1867 3684 1952 3724 se-

421 3750 565 3802 mine
592 3749 759 3804 David
788 3753 1117 3805 nasciturum
1144 3769 1265 3808 esse
1283 3795 1298 3820 ,
1329 3756 1383 3808 in
1409 3757 1688 3826 prophetia
1716 3758 1955 3813 indican-

420 3838 547 3892 dum
591 3848 739 3905 erat,
782 3839 1028 3895 deitatem
1071 3842 1188 3909 ejus
1228 3844 1318 3911 qui
1360 3845 1414 3897 in
1458 3846 1577 3914 ipso
1615 3848 1951 3904 habitaturus

421 3932 538 3978 erat
587 3934 743 3980 antea
795 3925 1292 3997 contemplabatur;
1333 3940 1391 3985 ut
1433 3949 1539 3987 una
1587 3935 1950 3994 edisceremus

422 4030 540 4084 qua:
570 4014 741 4070 virtus
785 4017 837 4070 in
889 4019 1006 4085 ipso
1053 4019 1355 4072 habitatura
1399 4030 1574 4088 esset,
1607 4031 1659 4079 et
1689 4027 1952 4082 sciremus

423 4104 593 4170 ipsum
639 4106 850 4173 quidem
901 4107 1067 4161 tilium
1107 4125 1226 4164 esse
1268 4109 1529 4176 Davidis,-
1553 4130 1673 4170 eum
1702 4134 1831 4173 vero
1861 4119 1951 4189 qui

423 4189 478 4244 in
507 4191 624 4260 ipso
651 4192 988 4250 habitaturus
1018 4204 1194 4262 esset,
1227 4195 1420 4252 Filium
1454 4200 1570 4256 Dei.

496 4368 661 4425 Vens.
703 4371 754 4426 8.
794 4371 930 4425 Deus
957 4373 1044 4442 qui
1071 4372 1393 4442 gloriﬁcatur
1420 4377 1475 4430 in
1501 4381 1719 4433 consilio
1745 4389 1952 4434 sancto-

421 4476 534 4512 rum
554 4503 569 4527 ,
599 4477 811 4529 magnus
835 4470 882 4514 et
905 4461 1144 4514 terribilis
1170 4479 1322 4531 super
1347 4481 1517 4519 omnes
1543 4469 1630 4537 qui
1652 4469 1703 4521 in
1730 4469 1952 4521 circuitu-

419 4550 531 4617 ejus
560 4558 698 4606 sunt.
725 4549 949 4614 Quinam
983 4551 1053 4603 sit
1077 4551 1122 4604 is
1148 4553 1237 4620 qui
1266 4568 1386 4607 cum
1414 4558 1626 4610 nemine
1650 4558 1948 4625 comparari

2046 3409 2104 3481 τε
2133 3393 2293 3481 σοφίᾳ
2325 3393 2420 3446 καὶ
2443 3393 2675 3481 δυνάμει
2716 3395 2814 3446 καὶ
2857 3397 3052 3468 σοφίᾳ.
3095 3401 3284 3457 Θεοῦ.
3323 3406 3445 3457 Καί
3479 3423 3570 3481 μοι
3597 3405 3715 3456 δσκεί

2045 3480 2141 3550 τὴν
2170 3479 2370 3533 τούτων
2397 3480 2598 3547 γνῶσιν
2623 3481 2712 3534 διὰ
2736 3483 2850 3535 τῶν
2878 3484 3198 3560 ἀνωτέρω
3226 3479 3561 3563 σημαίνειν,
3578 3495 3632 3545 ὲν
3653 3489 3714 3552 οἷς

2048 3568 2181 3638 ἔφη·
2233 3569 2822 3639 Ἐξομολοτήσονται
2854 3577 2914 3627 οἱ
2953 3580 3262 3650 aiam-rat
3301 3583 3385 3637 τὰ
3435 3582 3713 3654 θαυμάσιεί

2047 3659 2288 3712 σου.¹⁹Εν
2334 3659 2444 3730 γὰρ
2495 3659 2607 3714 τῶν
2663 3661 3016 3733 θαυμασίων
3080 3674 3198 3726 καὶ
3258 3675 3433 3728 τοῦτο
3483 3671 3572 3746 ἦν,
3599 3677 3711 3742 ὅπερ

2048 3751 2278 3821 ἤμελλεν
2326 3750 2454 3820 ὲξῆς
2502 3754 2783 3822 ἐπιλέγειν
2840 3759 2992 3829 περὶ
3050 3764 3176 3816 τοῦ
3235 3768 3595 3837 Μονογενοῦς
3638 3766 3710 3819 τοί

2047 3841 2179 3894 Θεοῦ
2203 3857 2215 3870 ⁸
2248 3843 2564 3908 ἀναγκαίως
2592 3837 2685 3896 δέ’
2717 3847 2919 3919 ἐπειδὴ
2959 3851 3211 3922 ἡμελλε
3245 3859 3349 3911 τὸν
3384 3862 3453 3912 ὲκ
3488 3860 3708 3929 σπέρμα.

2047 3951 2136 3996 τος
2160 3933 2318 3986 Δαυῒδ
2341 3935 2708 4004 γενησόμενον
2731 3936 2824 3990 διὰ
2845 3939 2958 4009 τῆς
2988 3951 3388 4018 προφητείας
3426 3951 3707 4021 σημαίνειν,

2047 4025 2143 4094 τὴν
2174 4024 2402 4093 θεότητα
2433 4025 2528 4076 τοῦ
2566 4030 3025 4098 κατοικήσοντος
3063 4039 3137 4090 ὲν
3181 4041 3351 4111 αὐτῷ
3387 4043 3706 4113 προθεωρεὶ·

2049 4111 2122 4172 ὡς
2153 4109 2216 4162 ἂν
2248 4110 2380 4179 ὁμοῦ
2417 4112 2712 4182 μάθοιμεν,
2741 4115 2845 4186 τίς,
2882 4120 2921 4188 ἡ
2986 4109 3330 4191 μέλλουσα
3355 4109 3630 4185 κατοικεῖν
3663 4129 3708 4180 ἐν

2049 4198 2193 4252 αὑτῶ
2212 4198 2458 4268 δύναμις,
2506 4203 2603 4253 καὶ
2635 4203 2714 4266 ὡς
2740 4206 2770 4257 6
2808 4208 2916 4276 μὲν
2955 4212 3099 4277 υίὸς
3136 4213 3216 4287 ἦν
3252 4220 3448 4284 Δαυῒδ,
3494 4224 3523 4274 6
3560 4221 3613 4272 δὲ
3660 4220 3718 4268 ἑνί

2051 4289 2194 4359 αὑτῴ
2226 4292 2569 4361 κατοικήσων
2601 4293 2735 4359 Υἱὸς
2767 4298 2867 4350 τοῦ
2906 4299 3095 4358 Θεοῦ.

2130 4382 2182 4472 ξΟ
2220 4380 2878 4472 Θεὸς-ἐνδοξαζόμενος
2920 4392 3004 4444 ἐν
3033 4396 3278 4467 ,Βουλῇ
3305 4401 3520 4470 ἁγίων,
3545 4402 3702 4472 μέγα(

2053 4470 2150 4560 κέῑὶ
2185 4468 2435 4560 φοϐερὸς
2473 4471 2575 4524 ἐπὶ
2626 4475 2872 4543 πάντας
2909 4483 3078 4550 τοὺς
3116 4468 3494 4560 περικύκλῳ
3518 4468 3700 4546 αὐτοῦ.

2055 4557 2250 4654 Τδνμμὴ
2294 4557 2490 4654 ἔχοντα
2539 4561 2843 4633 σύγκρισιν
2870 4608 2887 4632 ,
2955 4575 3118 4644 μηδὲ
3178 4557 3548 4652 παράθεσιν,
3589 4582 3701 4654 μηδὲ

420 4640 504 4694 vel
531 4639 761 4693 conferri
792 4640 998 4707 possit,
1026 4641 1291 4696 neminem
1337 4645 1566 4699 similem
1609 4647 1858 4700 admittat
1896 4649 1949 4702 in

2178 4625 2187 4627 ι
2239 4625 2248 4628 -
2325 4625 2356 4627 η
2621 4625 2633 4630 ,
2691 4625 2702 4633 ,
2873 4625 2885 4632 ,
2955 4625 2970 4641 ,
3030 4625 3115 4644 ,--
3184 4625 3548 4652 --.τωηηη
3589 4625 3697 4654 μη--

2130 4648 2305 4739 “(NW
2345 4651 2486 4721 πρός
2525 4668 2654 4707 τινα
2699 4657 2816 4709 τῶν
2868 4660 3341 4739 ὠνομασμένων
3373 4674 3510 4727 υἱῶν
3555 4673 3697 4736 Θεοῦ,

421 4730 488 4783 iis
519 4729 607 4797 qui
642 4729 735 4781 lilii
767 4727 859 4782 Dei
889 4737 1169 4794 vocantur,
1203 4732 1290 4786 hic
1318 4734 1558 4788 declarat
1584 4735 1771 4789 dicens
1801 4756 1813 4791 :
1850 4739 1951 4791 Hic

419 4827 495 4871 est
542 4817 714 4884 Deus,
759 4820 846 4889 qui
887 4819 1216 4891 gloriﬁcatur
1256 4827 1312 4877 in
1360 4826 1580 4879 consilio
1626 4836 1948 4883 sanctorum.

416 4908 712 4962 Consilium
746 4917 920 4964 autem
949 4922 1253 4968 sanctorum
1282 4916 1392 4985 jam
1417 4930 1577 4983 supra
1607 4916 1741 4969 dixit
1772 4916 1957 4973 Eccle-

419 4996 552 5048 siam
581 5006 889 5053 sanctorum
914 5015 1034 5057 esse
1051 5043 1067 5066 ,
1091 5005 1406 5075 videturque
1432 5005 1726 5062 Ecclesium
1752 5009 1954 5076 primo-

420 5087 716 5152 genitornm
739 5128 754 5152 ,
791 5089 882 5158 qui
911 5091 1168 5163 descripti
1201 5105 1327 5149 sunt
1357 5098 1410 5149 in
1440 5097 1626 5159 caelis,
1661 5098 1946 5151 consilium

422 5177 731 5242 nominare,
763 5181 995 5249 quadam
1038 5184 1218 5239 habita
1260 5190 1466 5242 ratione
1508 5187 1575 5241 ad
1609 5196 1829 5241 senatus
1857 5189 1948 5256 qui

421 5264 584 5318 variis
631 5266 686 5319 in
733 5267 866 5321 locis
910 5271 1194 5327 exsistunt.
1244 5275 1300 5328 In
1357 5275 1458 5328 hoc
1499 5283 1675 5329 autem
1723 5277 1950 5329 consilio

425 5361 730 5407 sanctorum
795 5359 961 5426 gloria
1024 5361 1142 5428 ejus
1206 5366 1548 5428 celebratur,
1601 5364 1692 5434 qui
1745 5365 1948 5418 nullam

426 5447 873 5506 comparationem
912 5451 994 5504 vel
1029 5453 1432 5510 similitudinem
1463 5455 1696 5510 admittit
1725 5471 1848 5508 cum
1883 5455 1950 5510 iis

425 5525 516 5591 qni
553 5528 641 5614 lilii
677 5531 768 5586 Dei
800 5545 1093 5593 vocantur:
1124 5557 1298 5612 neque
1329 5546 1500 5600 solum
1533 5545 1862 5614 glorificatur
1894 5545 1949 5597 in

429 5612 656 5665 consilio
688 5629 989 5675 sanctorum
1009 5663 1024 5687 ,
1057 5627 1149 5679 sed
1189 5631 1346 5683 etiam
1382 5612 1635 5688 terribilis
1663 5641 1746 5688 est
1787 5649 1950 5701 super

427 5709 618 5750 omnes
647 5702 733 5767 qui
763 5703 816 5756 in
849 5706 1072 5763 circuitu
1102 5713 1220 5781 ejus
1251 5727 1393 5772 sunt.
1430 5721 1656 5784 Quinam
1688 5731 1862 5776 autem
1897 5722 1950 5774 in

503 5869 544 5900 Il
586 5870 622 5921 ι)

2052 4736 2227 4830 ὁποῖός
2271 4737 2354 4800 τίς
2404 4742 2522 4793 ἐστι
2557 4745 2872 4818 παρίστησι
2931 4736 3172 4822 λέγων’
3225 4760 3435 4830 Οὗτός
3481 4767 3642 4818 ἐστιν
3671 4767 3698 4815 ό

2054 4827 2206 4923 Θεὸς⁸
2233 4831 2265 4883 ό
2293 4830 2789 4923 μένᾷοξαζόμενος
2834 4841 2912 4894 ἐν
2951 4845 3038 4915 τῇ
3082 4852 3316 4922 βουλῇ
3361 4827 3486 4908 τιῦν
3515 4856 3692 4923 ἁγίων.

2052 4915 2255 4986 Βουλὴν
2288 4917 2346 4971 δὲ
2397 4922 2571 4990 ἁγίων
2604 4931 2884 4995 προσεῖπε
2929 4936 3044 5006 τὴν
3104 4915 3394 5015 ἀνωτέρω
3437 4915 3693 5015 λεχθεῖσαν

2064 5007 2388 5110 Ἐκκλησίαν
2431 5015 2638 5110 ἁγίων-⁸
2681 5023 2782 5073 καὶ
2821 5025 3007 5094 ἐῴκει
3040 5033 3154 5104 τὴν
3213 5007 3557 5110 Ἐκκλησίαν
3602 5038 3693 5090 τῶν

2053 5100 2414 5202 πρωτοτόκων
2453 5104 2563 5156 τῶν
2603 5108 3165 5190 ἀπογεγραμμένων
3195 5130 3257 5180 ἐν
3299 5100 3558 5202 οὐρανοῖς
3589 5130 3691 5199 βου·

2052 5185 2546 5290 λὴννώνομα-κέναι,
2575 5196 2869 5290 ἀναλόγως
2909 5185 3038 5274 τοῖς
3081 5219 3240 5271 κατὰ
3291 5185 3464 5273 τόπον
3493 5185 3691 5290 βουλευ-

2053 5277 2282 5377 τηρίοις.
2327 5282 2619 5377 Ἑνᾼταῦτῖῃ
2648 5288 2708 5342 δὲ
2739 5295 2809 5363 τῇ
2851 5294 3029 5370 βουλῇ
3055 5306 3176 5358 τῶν
3213 5311 3400 5377 ἁγίων
3434 5277 3688 5377 ἐνδοξαξό-

2057 5363 2439 5468 partem»)?
2467 5375 2544 5468 μὴ
2576 5375 2716 5445 ἔχων
2740 5363 3076 5454 σύγκρισιν,
3105 5395 3254 5464 μηδὲ
3267 5363 3683 5468 ’ὁμοίωσινῖπέὸς

2050 5452 2176 5556 τοῦς
2206 5455 2650 5533 ὀνομαζομένους
2688 5469 2844 5532 υἱοὺς
2887 5473 3038 5530 Θεοῦ
3062 5497 3076 5509 ο
3117 5452 3220 5535 καὶ
3260 5452 3330 5538 of;
3367 5488 3527 5556 μόνον
3553 5452 3680 5540 £5.60-

2053 5541 2354 5642 ξαίξόμῗνός
2386 5555 2536 5609 ἐστιν
2580 5561 2638 5612 ὲν
2684 5563 2750 5630 τῇ
2807 5561 2984 5638 βουλῇ
3022 5572 3138 5624 τῶν
3183 5541 3387 5642 ἀγίωνξ
3417 5577 3553 5630 ἀλλὰ
3597 5574 3675 5627 καὶ

2053 5633 2288 5738 Ξοὸερνξς
2315 5643 2560 5738 ῦπάρχει
2587 5652 2677 5704 ἐπὶ
2723 5654 2945 5720 πάντας
2977 5663 3110 5725 τοὺς
3147 5667 3476 5738 περικύκλῳ
3501 5664 3670 5720 αὐτοῦ.

2053 5723 2210 5789 Τίνες
2235 5729 2281 5782 δ’
2311 5734 2380 5790 ἂν
2435 5736 2546 5798 εἷεν
2591 5748 2638 5798 οἱ
2687 5748 3018 5823 περικύκλῳ
3056 5757 3233 5810 αὑτοῦ
3281 5759 3399 5812 ἀλλ’
3429 5761 3458 5830 ἦ
3495 5761 3540 5810 oi
3574 5754 3670 5808 υἱοὶ

628 5872 722 5930 ῦθιο
759 5889 953 5942 LXXXI.
994 5884 1038 5934 1-
1114 5890 1154 5918 ²²
1196 5891 1334 5947 l'sal.
1371 5913 1526 5958 xmx,
1573 5901 1614 5951 l.
1698 5901 1738 5929 ’³
1782 5898 1922 5952 Psal.
1967 5915 2168 5967 tum,
2212 5909 2267 5962 6,
