3848 6416
116 558 343 660 tog!’

1286 582 1789 637 COMMENTABIA
1829 584 1891 637 IN
1932 580 2261 637 PSALMOS.

3295 582 3430 640 f086

115 701 257 770 Wo
336 670 479 729 Θεοῦ
506 721 520 743 ,
574 688 675 741 καὶ
720 697 888 750 αὐτοὶ
933 700 1041 752 Θεοὶ
1082 694 1541 769 χρηματίζοντες,
1587 697 1650 747 δι’
1702 695 1793 758 οὒς

1909 697 2119 749 :ircuitu
2148 695 2268 763 ejus
2296 689 2523 753 fuerint,
2567 694 2670 747 nisi
2700 693 2788 745 lilii
2823 691 2946 754 Dei,
2974 693 3063 761 qui
3088 700 3141 746 et
3168 694 3265 762 ipsi
3291 712 3416 763 quo-

132 781 447 877 εῐρηίεὲι,
477 770 535 877 Ρ
569 780 722 877 Sede;
746 785 901 852 ἔστη
927 789 994 840 ἐν
1017 785 1328 854 συναγωγῇ
1350 783 1529 849 9εῶνὶ
1551 788 1658 838 καὶ
1685 787 1791 856 γὰρ

143 860 201 943 ,ες
276 902 293 923 ,
329 860 437 912 Ἐν
461 862 674 938 ,βουλῇ
703 874 913 941 ἁγίων,
942 877 1130 938 καὶτὸ,
1169 877 1269 928 Ἐν
1302 876 1593 941 ἐκκλησίᾳ
1642 890 1783 941 πρω-

176 988 261 1024 το..
280 953 505 1013 τόκων,
534 958 633 1010 καὶ
662 962 749 1022 τὸ,
787 964 884 1017 Ἐν
913 963 1225 1031 συναγωγῇ
1256 962 1423 1025 θεῶν,
1463 962 1518 1014 ἒν
1545 964 1637 1015 καὶ
1670 980 1792 1014 ταυ-

202 1061 314 1109 τὴν
349 1038 489 1096 εἶναί
526 1063 615 1115 μοι
636 1050 803 1104 δοκεῖ.
823 1053 1034 1105 Τούτων
1058 1052 1337 1122 τοιγαροῦν
1362 1052 1418 1103 ἐν
1454 1052 1597 1121 μέσῳ
1625 1051 1792 1114 ἑστὼς

222 1139 318 1196 καὶ
368 1137 477 1189 ὑπὸ
524 1138 732 1193 τούτων
772 1143 1228 1212 δορυφορούμενος
1281 1144 1309 1193 ὁ
1341 1140 1465 1203 Υἱὸς
1502 1140 1593 1193 τοῦ
1637 1128 1789 1205 Θεοῦ,

228 1228 652 1298 ὶνδοξαζόμενος
682 1232 894 1301 εἴρηται
929 1234 1019 1285 καὶ
1051 1233 1217 1301 μέγας
1251 1232 1341 1284 καὶ
1367 1231 1610 1301 φοϐερός.
1637 1232 1701 1283 Ὀ
1728 1248 1791 1298 γε

231 1324 342 1394 μὴν
389 1320 686 1391 Σύμμαχος
734 1322 804 1373 τὰ
854 1322 1181 1391 προκείμενα
1220 1321 1402 1372 τοῦτον
1452 1320 1673 1385 ἐξέδωκε
1704 1320 1793 1371 τὸν

222 1416 445 1486 τρόπον
463 1431 477 1444 ·
522 1412 628 1466 est
656 1412 904 1478 ἀήττητε
934 1414 1002 1465 ἑν
1029 1412 1225 1479 ὁμιλίᾳ
1257 1411 1434 1478 άγίων
1453 1409 1670 1476 πολλῇ,
1697 1411 1791 1462 καὶ

221 1506 528 1574 ἐπίφοϐος
553 1505 621 1555 ἐν
649 1501 793 1556 πᾶσι
818 1503 937 1565 τοῖς
966 1502 1094 1568 περὶ
1127 1500 1406 1553 σεαυτόν·
1435 1502 1463 1552 ὁ
1489 1500 1544 1550 δὲ
1573 1498 1793 1561 Ἀκύλας

222 1597 405 1668 φησι·
476 1593 743 1659 Ἰσχυρὸς
792 1592 1357 1659 κατισχυρευόμενος
1390 1589 1457 1641 ἐν
1489 1587 1795 1654 ἀπορρήτῳ

219 1686 447 1753 ἁγίων,
479 1680 725 1747 πλῆθος,
754 1680 1001 1747 πλῆθος,
1033 1679 1129 1732 καὶ
1159 1679 1435 1746 ἐπίφοϐος
1453 1677 1547 1728 ἐπὶ
1570 1677 1794 1742 πάντας

220 1775 445 1839 κύκλῳ
483 1772 691 1825 αὐτοῦ.
741 1772 802 1822 Ἠ
831 1771 884 1822 δὲ
919 1769 1009 1821 τοῦ
1038 1770 1194 1838 λόγου
1221 1770 1422 1822 διάνοια
1451 1767 1547 1837 τὴν
1576 1767 1793 1819 ἀκολου-

222 1868 356 1919 Θίαν
408 1864 761 1933 παρίστησιν.
813 1861 1024 1930 Ἐπειδὴ
1080 1861 1184 1929 γὰρ
1212 1859 1430 1920 δυνατὸς
1473 1854 1553 1922 εἴ,
1589 1858 1792 1927 Κύριε,

221 1959 428 2028 φησὶν,
461 1955 559 2006 καὶ
593 1956 626 2023 ἡ
665 1952 886 2021 ἀλήθειά
919 1969 1009 2002 σου
1032 1950 1211 2019 κύκλῳ
1246 1964 1358 2011 σου,
1383 1948 1602 2010 εἰκότως
1628 1948 1795 2017 μέγας

1894 798 1999 851 que
2041 783 2113 835 dii
2152 786 2533 847 nuncupantur
2564 799 2575 832 :
2611 796 2837 849 quorum
2881 794 3041 833 causa
3076 780 3273 833 dictum
3306 793 3430 845 est,

1894 873 2032 925 Deus
2058 874 2197 925 stetit
2229 874 2283 924 in
2311 886 2571 939 synagoga
2597 870 2812 923 deorum
2838 870 2922 921 “?
2949 869 3150 922 Etenim
3174 872 3301 924 illud
3322 912 3336 935 ,
3367 872 3428 925 In

1894 961 2107 1014 consilio
2138 969 2435 1014 sanctorum
2462 975 2481 1021 ;
2512 967 2563 1012 et
2598 960 2726 1011 illud
2755 997 2767 1018 ,
2822 957 2885 1009 In
2932 959 3148 1010 ecclesia
3178 962 3412 1027 primoge

1895 1052 2157 1114 nitorum;
2205 1061 2288 1111 et,
2326 1048 2389 1101 In
2434 1066 2694 1118 synagoga
2726 1050 2978 1110 deorum;
3011 1065 3171 1101 unum
3206 1058 3259 1101 et
3292 1050 3428 1102 idem

1894 1156 2012 1195 esse
2040 1141 2251 1194 videtur
2292 1140 2444 1193 mihi.
2492 1139 2691 1192 Horum
2731 1140 2909 1207 itaque
2956 1140 3007 1191 in
3042 1126 3217 1191 medio
3245 1148 3429 1201 stans,
3466 1148 3469 1155 ‘

1895 1230 1979 1284 his
2008 1230 2236 1297 stipatus
2252 1228 2419 1281 Filius
2444 1228 2534 1281 Dei
2560 1267 2575 1291 ,
2604 1228 2932 1297 gloriﬁcatus
2952 1267 2965 1289 ,
2999 1242 3222 1295 magnus
3251 1236 3303 1280 et
3323 1232 3409 1278 ter

1896 1320 2071 1373 ribilis
2104 1320 2323 1373 dicitur.
2371 1317 2494 1370 Haec
2537 1332 2666 1370 vero
2700 1317 3054 1386 Symmachus
3103 1318 3181 1369 sic
3226 1316 3429 1369 edidit:

1896 1410 2031 1463 Deus
2078 1410 2259 1461 invicte
2303 1410 2355 1459 in
2400 1408 2783 1460 conversatione
2827 1416 3125 1460 sanctorum
3154 1408 3348 1463 multa.
3383 1413 3429 1458 et

1898 1498 2151 1551 tremenda
2174 1498 2226 1549 in
2256 1496 2491 1550 omnibus
2521 1496 2609 1564 qui
2638 1498 2830 1547 circum
2863 1504 2906 1547 te
2930 1505 3089 1556 sunt;
3116 1495 3303 1563 Aquila
3333 1510 3399 1546 au

1896 1598 2000 1644 tem
2025 1591 2099 1640 ait
2122 1607 2133 1641 :
2161 1586 2335 1639 Fortis
2361 1586 2635 1639 roboratus
2659 1590 2710 1638 in
2733 1596 2923 1637 secreto
2943 1594 3237 1637 sanctorum
3258 1622 3276 1648 ,
3300 1585 3407 1636 mul

1899 1680 2063 1733 titudo
2083 1718 2097 1743 ,
2134 1676 2410 1730 multitudo
2433 1716 2446 1733 ,
2477 1685 2524 1728 et
2561 1675 2851 1727 tremendus
2881 1691 3034 1742 super
3062 1690 3235 1725 omnes
3264 1674 3350 1741 qui
3379 1675 3434 1725 in

1898 1768 2119 1821 circuitu
2163 1766 2273 1833 ejus
2320 1772 2462 1818 sunt.
2514 1764 2629 1832 Ipsa
2666 1777 2828 1831 porro
2859 1763 2988 1815 dicti
3035 1763 3296 1815 sententia
3343 1776 3429 1813 se-

1900 1859 2031 1910 riem
2065 1856 2254 1923 aperit.
2287 1854 2418 1906 Nam
2446 1854 2570 1922 quia
2604 1863 2794 1921 potens
2820 1867 2877 1905 es
2896 1889 2911 1914 ,
2947 1852 3165 1905 Domine
3185 1891 3198 1915 ,
3227 1851 3430 1920 inquit,

1897 1952 1951 1997 et
1982 1944 2179 1996 veritas
2208 1949 2299 1994 tua
2335 1942 2387 1993 in
2418 1941 2646 1993 circuitu
2683 1951 2805 2002 tuo,
2848 1939 2970 2005 jure
3015 1953 3238 2005 magnus
3283 1953 3341 1990 es
3381 1945 3432 1990 et

221 2027 299 2109 εἴ,
337 2045 439 2097 καὶ
481 2041 712 2111 φοϐερὸς
758 2037 833 2103 εἴ,
881 2041 971 2093 καὶ
1015 2039 1417 2108 ὲνδοξαζόμενος
1457 2038 1506 2089 εἷ
1548 2040 1603 2089 ὲν
1639 2038 1795 2109 βουλῇ

1909 2031 2155 2086 terribilis
2197 2036 2249 2082 et
2287 2029 2620 2097 glorincatus
2652 2028 2704 2079 in
2740 2027 2968 2080 consilio
3013 2035 3351 2085 sanctorum,
3383 2033 3428 2078 et

221 2138 435 2206 ἁγίων,
471 2134 568 2186 καὶ
594 2135 651 2184 ὲν
673 2136 780 2193 τοῖς
807 2130 902 2200 τὴν
931 2131 1024 2200 σὴν
1060 2131 1282 2198 Θεύτητα
1312 2128 1706 2199 περιπολοῦσιν,
1724 2130 1793 2191 οἳ,

225 2229 345 2280 τῶν
391 2226 502 2278 σῶν
524 2222 862 2290 ἐπαγγελιῶν
893 2223 989 2290 τὴν
1038 2221 1288 2290 ἀλήθειαν
1316 2219 1658 2290 συνορῶντες,
1701 2219 1796 2281 τὰς

224 2320 566 2389 πρεπούσας
624 2312 966 2382 εὐχαριστίας
1017 2309 1152 2379 μετὰ
1201 2308 1517 2377 Θαυμασμοῦ
1562 2308 1658 2376 τῆς
1703 2309 1799 2377 σῆς

224 2410 499 2476 Θεὸτητος
535 2403 933 2472 ἀναπέμπουσι.
980 2401 1069 2452 Διὸ
1111 2398 1286 2468 μικρῷ
1320 2397 1793 2467 πρόσθεν’ἕλεγον·

238 2494 832 2563 Ἑξομολογήσονται
857 2494 909 2543 οί
954 2488 1189 2556 οὐρανοὶ
1234 2488 1303 2540 τὰ
1337 2486 1634 2554 θαυμάσιά
1662 2503 1796 2549 σου,

225 2590 337 2642 καὶ
378 2588 497 2653 τὴν
528 2583 815 2651 ἀλήθειάν
844 2597 957 2634 σου
988 2582 1056 2632 ἐν
1088 2578 1404 2644 Ἐκκλησία
1427 2572 1624 2644 άγίῶν.

305 2678 495 2744 Κύριε
528 2678 561 2727 ό
600 2673 745 2736 Θεὸς
772 2670 889 2722 τῶν
917 2668 1253 2737 δυνάμεων,
1297 2668 1387 2731 τίς
1422 2666 1617 2733 ὅμοιός
1659 2682 1792 2727 σοι;

228 2767 513 2830 Δυνατὸς
541 2762 613 2827 εἴ,
644 2764 837 2829 Κύριε,
860 2760 954 2812 καὶ
974 2762 1011 2827 ὴ
1041 2758 1288 2825 ἀλήθειά
1310 2770 1422 2811 σου
1442 2757 1641 2819 κύκλῳ
1665 2771 1795 2808 σου.

229 2862 281 2911 Σ
286 2859 331 2910 ὺ
359 2853 675 2917 δεσπόζεις
703 2852 806 2904 τοῦ
841 2849 1090 2916 κράτους
1113 2847 1222 2913 τῆς
1244 2845 1572 2911 θαλάσσης,
1601 2844 1707 2896 τὸν
1735 2843 1802 2896 δὲ

233 2947 449 3000 σάλον
470 2943 591 2997 τῶν
627 2940 901 3009 κυμάτων
926 2936 1112 3004 αὐτῆς
1136 2936 1215 2989 σὺ
1247 2935 1689 3001 καταπραΰνεις.
1719 2932 1802 2985 Σὺ

233 3034 662 3094 ἐταπείνωσας
693 3030 771 3093 ὡς
809 3026 1165 3094 τραυματίαν
1190 3023 1572 3091 ὑπερήφανον
1610 3024 1679 3075 ἐν
1724 3022 1802 3086 τῷ

242 3123 534 3191 ϐραχίονι
579 3118 689 3185 τῆς
719 3115 1017 3184 δυνάμεώς
1054 3130 1167 3167 σου
1204 3113 1621 3179 διεσκόρπισας
1667 3112 1803 3177 τοὺς

233 3212 505 3279 ἐχθρούς
544 3224 684 3265 σου.
715 3206 820 3259 Καὶ
855 3207 911 3257 ὲν
947 3204 1149 3264 τούτοις
1178 3204 1326 3255 οὐδὲν
1360 3202 1545 3272 ἀφίησι
1581 3203 1685 3254 τῶν
1710 3218 1802 3268 γε-

241 3303 431 3371 νητῶν
465 3295 607 3351 εἶναι
635 3299 813 3365 ὅμοιον
841 3293 917 3363 τῷ
947 3292 1339 3362 Οεολογουμένῳ
1377 3291 1488 3359 Υἱῷ
1511 3290 1601 3342 τοῦ
1640 3290 1799 3342 Θεοῦ*

236 3394 415 3447 αὑτὸν
446 3391 560 3460 γὰρ
608 3385 744 3441 εἶναι
778 3387 865 3439 τὸν
892 3384 1111 3438 δυνατὸν
1130 3423 1144 3448 ,
1188 3384 1277 3436 καὶ
1301 3384 1389 3436 τὸν
1421 3382 1527 3434 τῶν
1571 3379 1805 3433 δυνατῶν

238 3486 407 3549 Θεὸν,
469 3484 565 3536 καὶ
594 3480 770 3533 αὐτῶν
793 3477 899 3529 τῶν
934 3477 1209 3546 δυνάμεων
1252 3476 1471 3545 Κύριον,
1501 3474 1575 3535 ὼς
1609 3472 1806 3543 μηδένα

239 3574 402 3644 αὐτῷ
428 3571 730 3636 ἀντιλέγειν
756 3566 1027 3627 δύνασθαι,
1060 3566 1190 3635 μηδὲ
1225 3568 1291 3633 τῇ
1330 3564 1490 3618 αὐτοῦ
1532 3562 1686 3632 βουλῇ
1720 3563 1809 3614 ἀν-

244 3662 578 3717 θίστασθαι·
618 3659 684 3711 δι’
718 3658 746 3709 ὃ
789 3657 963 3725 λέγειν
991 3657 1149 3707 αὐτὸν
1182 3656 1273 3708 καὶ
1314 3658 1499 3719 ποιεῖν,
1522 3655 1614 3707 ἆτε
1655 3652 1808 3723 μόνον

240 3754 514 3815 δυνατὸν,
566 3750 634 3801 τὰ
676 3748 878 3800 πάντα’
912 3746 972 3797 τὸ
999 3745 1136 3815 γὰρ,
1194 3745 1285 3809 Τίς
1316 3745 1511 3812 ὅμοιός
1555 3759 1687 3805 σοι;
1720 3744 1810 3794 καὶ

242 3841 494 3894 ἐνταῦθα
527 3839 628 3891 οὐκ
665 3837 754 3889 ἐπὶ
786 3834 878 3887 τοῦ
910 3835 1152 3898 σπανίου,
1194 3834 1303 3887 ἀλλ’
1346 3835 1437 3885 ἐπὶ
1472 3835 1561 3885 τοῦ
1593 3833 1812 3903 μηδενὸς

246 3930 651 3999 παρείληπται.
686 3925 884 3978 Οὐδένα
908 3923 1034 3991 γοῦν
1063 3925 1241 3993 ὅμοιον
1276 3920 1411 3977 εἷναί
1446 3940 1575 3992 φησι
1604 3923 1680 3992 τῷ
1718 3940 1812 3974 κυ-

252 4016 691 4090 ριολογουμένῳ,
714 4014 1189 4084 ἀντιπαραϐάλλων
1219 4014 1363 4084 αὐτῷ
1406 4014 1528 4076 τοὺς
1566 4012 1813 4082 ἀνωτέρω

250 4108 586 4179 εἰρημένους
626 4105 771 4166 υἱοὺς
811 4103 964 4155 Θεοῦ.
994 4105 1103 4172 Τῆς
1140 4104 1249 4174 γὰρ
1286 4104 1453 4171 αὐτῆς
1490 4104 1667 4172 ἔχεται
1705 4103 1817 4154 δια-

252 4200 406 4260 νοίας
437 4196 507 4249 τὰ
539 4194 778 4263 παρόντα
805 4192 984 4245 καὶτὰ
1008 4193 1264 4262 πρότερα,
1288 4194 1344 4245 ὲν
1366 4188 1443 4254 οἷς
1474 4193 1676 4262 εἴρητο’
1700 4193 1817 4243 Ὅτι

253 4288 347 4351 τίς
357 4287 429 4338 ἐν
444 4281 728 4350 νεφέλαις
741 4279 1085 4344 ἱσωθήσεται
1098 4280 1175 4343 τῷ
1188 4281 1396 4346 Κυρίῳ,
1410 4279 1819 4347 ὁμοιωθήσεται

254 4376 338 4440 τῷ
368 4375 570 4442 Κυρίῳ
595 4372 665 4423 ἐν
686 4368 834 4433 υἱοῖς
863 4368 1037 4430 Θεοῦ;
1071 4370 1163 4420 καὶ
1186 4370 1277 4421 νῦν
1310 4370 1353 4421 δ’
1383 4365 1492 4431 οὖν,
1522 4372 1609 4434 Τις
1627 4368 1820 4433 ὅμοιός

252 4480 388 4529 σοι;
406 4482 483 4533 φη
492 4462 598 4522 σίν,
610 4461 690 4511 ὅτι
704 4457 919 4518 δυνατὸς
936 4454 1003 4519 εἴ,
1022 4458 1111 4509 καί
1122 4461 1157 4521 ᾖ
1174 4458 1506 4527 ἁλήθειατῶν
1521 4458 1685 4525 λόγων
1707 4475 1818 4521 σου,

252 4557 321 4609 αῖ.
341 4572 404 4607 τε
425 4549 748 4618 ἐπαγγελίαι
770 4564 860 4599 σου
885 4563 950 4597 πε
959 4547 1009 4616 pi.
1026 4547 1085 4598 σὲ
1108 4549 1200 4599 καὶ
1219 4549 1365 4617 παρὰ
1387 4549 1467 4599 σοὶ
1484 4549 1819 4617 τυγχάνουσι.

1898 2124 1950 2174 in
1980 2121 2045 2174 iis
2073 2120 2161 2188 qui
2203 2119 2459 2172 deitatem
2509 2118 2709 2185 stipant
2756 2124 2936 2177 tuam,
2989 2115 3117 2182 qui,
3145 2123 3431 2182 conspecta

1898 2211 2277 2280 promissorum
2299 2217 2511 2260 tuorum
2542 2206 2787 2265 veritate,
2813 2203 3019 2256 debitas
3048 2218 3167 2255 cum
3199 2204 3417 2255 admira-

1897 2302 2041 2354 tione
2094 2299 2310 2352 deitatis
2369 2306 2473 2349 tua:
2524 2296 2816 2364 gratiarum
2868 2292 3109 2345 actiones
3164 2292 3414 2344 emittunt

1897 2390 2072 2455 Quare
2099 2389 2258 2457 paulo
2285 2394 2440 2439 antea
2468 2385 2709 2438 dicebam
2736 2401 2751 2436 :
2783 2381 3175 2449 Confitebuntur
3200 2379 3314 2431 cmli
3341 2380 3411 2430 mi

1896 2479 2086 2532 rabilia
2114 2487 2201 2530 tua
2219 2516 2232 2541 ,
2254 2486 2301 2529 et
2330 2478 2590 2529 veritatem
2617 2484 2757 2524 luant
2782 2473 2836 2524 in
2861 2471 3092 2524 Ecclesia
3118 2479 3432 2523 sanctorum.

1966 2678 2145 2732 Vener
2170 2676 2330 2730 9-H.
2368 2674 2586 2727 Domine
2617 2671 2752 2723 Deus
2783 2671 3050 2731 virtutum,
3096 2667 3210 2735 quis
3250 2665 3436 2719 similis

1900 2765 2040 2819 tibi?
2068 2766 2257 2820 Potens
2293 2780 2369 2825 es,
2399 2762 2649 2823 Domine,
2681 2768 2728 2812 et
2771 2758 2958 2810 veritas
3004 2766 3090 2807 tua
3126 2756 3180 2807 in
3223 2754 3437 2806 circuitu

1903 2865 2010 2909 tuo.
2067 2856 2144 2908 Tu
2191 2853 2479 2907 dominaris
2510 2849 2754 2919 potestati
2787 2848 2982 2909 maris,
3029 2854 3221 2897 motum
3269 2852 3437 2894 autem

1898 2946 2148 3011 ﬂuctuum
2174 2944 2285 3011 ejus
2304 2951 2357 2994 tu
2381 2942 2607 3009 mitigas.
2634 2938 2710 2990 Tu
2740 2937 3027 2988 Itumiliasti
3054 2936 3183 2987 sicut
3205 2932 3430 2985 vulnera-

1868 3056 1869 3059 η
1903 3044 2011 3096 tum
2047 3032 2356 3099 superbum,
2402 3032 2454 3082 in
2497 3027 2706 3080 brachio
2756 3026 2959 3077 virtutis
3007 3034 3107 3075 tute
3148 3019 3437 3086 dispersisti

1902 3123 2137 3175 inimicos
2170 3130 2306 3172 tuos.
2357 3117 2414 3171 In
2457 3118 2541 3170 his
2580 3130 2793 3184 quoque
2824 3113 3023 3165 nullam
3058 3110 3315 3163 factarum
3351 3123 3441 3161 re-

1902 3227 2020 3265 rum
2051 3211 2278 3264 similem
2324 3207 2462 3260 Filio
2500 3206 2624 3267 Dei,
2657 3206 2747 3272 qui
2791 3202 2930 3255 Deus
2976 3200 3314 3269 prmdicatur,
3348 3198 3441 3249 ad-

1906 3300 2111 3364 mittit;
2147 3298 2321 3365 ipsum
2370 3311 2598 3363 namque
2642 3302 2695 3347 et
2741 3300 3006 3361 potentem
3053 3296 3104 3343 et
3147 3287 3439 3356 potentimn

1906 3388 2068 3441 Deum
2097 3401 2159 3439 ac
2185 3387 2436 3438 virtutum
2469 3384 2742 3436 dominum
2775 3380 2939 3443 dicit,
2967 3380 3038 3431 ita
3073 3386 3130 3429 ut
3159 3390 3314 3428 nemo
3341 3374 3441 3442 ipsi

1907 3489 2203 3545 repugnare
2223 3513 2238 3538 ,
2273 3489 2445 3541 neque
2473 3473 2591 3540 ejus
2622 3470 2886 3523 voluntati
2919 3466 3285 3521 contradicere
3314 3478 3441 3531 pos-

1907 3567 2014 3623 sit:
2048 3579 2245 3633 quare,
2277 3570 2459 3631 utpote
2485 3561 2633 3615 solus
2659 3566 2881 3628 potens,
2912 3556 3089 3609 omnia
3121 3554 3252 3606 dicit
3283 3559 3335 3603 et
3366 3551 3443 3603 la-

1907 3656 1981 3709 cit
2010 3673 2023 3721 ;
2057 3654 2188 3707 illud
2221 3653 2363 3706 enim
2386 3690 2401 3715 ,
2437 3650 2565 3715 Quis
2594 3648 2782 3703 similis
2812 3647 2904 3699 tibi
2929 3648 2952 3699 9
2981 3659 3084 3697 non
3115 3657 3266 3695 raros
3294 3656 3440 3702 esse,

1909 3745 2000 3798 sed
2030 3744 2234 3796 nullum
2262 3756 2381 3795 esse
2409 3740 2666 3793 declarat.
2699 3736 2975 3791 Neminem
3006 3735 3186 3802 itaque
3215 3730 3442 3785 similem

1910 3849 2031 3889 esse
2062 3836 2136 3886 ait
2165 3833 2277 3898 illi,
2308 3831 2401 3900 qui
2426 3829 2687 3882 Dominus
2731 3826 3073 3895 praedicatur,
3116 3837 3237 3876 cum
3274 3820 3445 3874 eidem

1912 3923 2033 3975 ilus
2077 3926 2384 3988 comparat,
2426 3916 2515 3985 qui
2560 3916 2806 3983 superius
2851 3912 2942 3964 lilii
2990 3911 3085 3964 Dei
3129 3909 3256 3961 dicti
3298 3911 3443 3960 sunt.

1912 4012 2033 4066 Hinc
2063 4011 2202 4065 enim
2235 4010 2406 4062 eidem
2438 4008 2641 4083 luerent
2669 4003 2981 4063 sententiae,
3016 4000 3100 4053 cui
3135 4000 3318 4052 istluec
3352 4013 3447 4051 su-

1914 4102 2095 4172 peritis
2124 4101 2306 4153 dicta:
2355 4097 2613 4161 Quoniam
2652 4093 2764 4161 quis
2811 4093 2862 4142 in
2905 4088 3123 4141 nubibus
3162 4083 3448 4153 regnabitur

1916 4170 2186 4245 Domino?
2233 4186 2420 4241 similis
2468 4185 2565 4236 erit
2612 4181 2830 4240 Domino
2876 4178 2928 4229 in
2976 4176 3101 4243 [iliis
3130 4174 3268 4226 Dei?
3296 4170 3447 4223 Nunc

1917 4281 2040 4334 item
2061 4319 2075 4344 ,
2109 4279 2237 4343 Quis
2270 4275 2455 4329 similis
2482 4272 2609 4326 tibi?
2641 4272 2736 4333 ait,
2776 4267 2900 4335 quia
2944 4275 3130 4332 potens
3152 4277 3245 4323 es,
3279 4270 3330 4314 et
3357 4274 3451 4313 ve~

1924 4372 2057 4425 ritas
2116 4380 2421 4423 sermonum
2472 4371 2725 4421 tuorum,
2786 4356 3047 4425 promissa
3095 4366 3306 4421 quoque
3358 4359 3448 4403 tua

1921 4463 2064 4517 circa
2112 4469 2165 4513 te
2209 4467 2263 4512 et
2307 4470 2472 4525 penes
2501 4460 2552 4505 te
2577 4461 2721 4506 sunt.
2754 4449 2925 4502 Pcnes
2958 4454 3006 4499 te
3034 4445 3226 4513 quippe
3254 4450 3368 4505 est,
3397 4449 3452 4494 et

1922 4568 2084 4622 penes
2107 4566 2199 4604 eos
2229 4549 2319 4616 qui
2362 4556 2414 4601 te
2453 4542 2807 4604 circumdant,
2848 4539 3041 4592 veritas
3090 4548 3216 4590 tua:
3250 4549 3370 4587 nam
3404 4533 3450 4587 si

259 4645 421 4714 Παρὰ
439 4643 526 4695 σοὶ
550 4640 657 4709 γάρ
682 4640 814 4702 ἐστι,
840 4636 1092 4707 καὶπαρὰ
1119 4640 1227 4701 τοῖς
1246 4636 1493 4689 κυκλοῦσί
1520 4654 1599 4703 σε,
1631 4640 1663 4707 ἡ
1694 4637 1808 4706 ἀλή-

1926 4643 2015 4711 qui
2058 4641 2299 4711 proxime
2337 4647 2390 4690 te
2448 4642 2501 4689 et
2546 4635 2599 4685 in
2642 4630 2869 4685 circuitu
2906 4637 2996 4681 tuo
3029 4632 3187 4687 sunt,
3218 4622 3293 4675 illi
3325 4635 3454 4674 sane

258 4734 383 4787 Θειά
406 4749 507 4784 σου
530 4747 544 4760 °
570 4730 619 4780 εἰ
663 4727 768 4795 γάρ
798 4726 937 4788 τινές
973 4743 1064 4778 σου
1093 4727 1313 4795 πλησίον
1336 4728 1429 4778 καὶ
1445 4727 1625 4796 κύκλῳ
1648 4744 1824 4797 περιε-

260 4823 470 4884 στῶτες
504 4815 635 4878 εἷεν,
657 4810 799 4870 οὗτοι
832 4816 979 4868 αὐτοὶ
1001 4816 1097 4885 τὴν
1119 4815 1369 4886 ἀλήθειάν
1391 4832 1481 4867 σου
1530 4817 1791 4883 γινώσκου
1806 4848 1822 4857 -

262 4928 364 4965 σιν,
382 4910 583 4980 Ἡμεῖς
600 4908 655 4959 δὲ
672 4906 726 4958 οἱ
752 4906 842 4957 ἐπὶ
861 4906 981 4974 γῆς,
999 4906 1078 4958 ἔτι
1105 4906 1313 4977 μακράν
1337 4922 1426 4956 σου
1452 4910 1823 4976 τυγχάνοντες,

272 5002 359 5067 τὰς
422 4996 822 5071 μεγαλουργίας
880 5012 970 5047 σου
1030 4997 1135 5048 ἀπὸ
1195 4996 1300 5049 τῶν
1350 4995 1486 5047 κατὰ
1555 4997 1824 5052 Θάλασσαν

266 5090 681 5165 ἐνεργουμένων
732 5085 834 5137 ὑπὸ
876 5086 971 5154 τῆς
1018 5087 1114 5156 σῆς
1173 5082 1420 5154 προνοίας
1474 5083 1826 5156 Θεωροῦντες,

267 5181 664 5255 ὁμολογοῦμεν,
693 5179 775 5231 ὅτι
818 5178 1032 5239 δυνατὸς
1051 5174 1117 5241 εἷ,
1151 5176 1239 5229 καὶ
1274 5176 1304 5241 ἡ
1335 5172 1565 5241 ἀλήθειά
1599 5195 1690 5230 σου
1732 5181 1827 5232 κύ-

271 5278 380 5346 κλῳ
412 5292 530 5327 σου.
554 5272 664 5339 Τῆς
682 5286 740 5321 τε
771 5268 876 5337 γὰρ
905 5267 1165 5335 θαλάσσης
1192 5263 1282 5315 καὶ
1312 5260 1402 5312 τοῦ
1427 5264 1694 5318 τοσούτου
1721 5269 1827 5320 τῶν

275 5368 482 5420 ὑδάτων
520 5361 710 5422 κύτους
744 5359 805 5410 σὺ
860 5357 1011 5426 μόνος
1041 5351 1324 5415 δεσπόζεις,
1370 5351 1456 5402 καὶ
1516 5352 1621 5404 τὸν
1670 5357 1828 5409 σάλον

286 5456 381 5508 τῶν
411 5451 674 5521 κυμάτων
699 5446 861 5515 αὐτῆς
902 5447 961 5497 σὺ
1000 5446 1144 5515 μόνος
1186 5441 1629 5508 καταπραΰνεις,
1668 5462 1827 5514 περι-

280 5546 390 5608 θεὶς
416 5544 554 5612 αὐτῇ
588 5539 803 5605 κλεῖθρα
842 5537 927 5587 καὶ
956 5535 1123 5594 πύλας,
1165 5529 1256 5580 καὶ
1300 5528 1412 5596 ὅρια
1460 5531 1618 5600 αὐτῇ
1657 5535 1831 5603 πηξά-

285 5652 460 5704 μενος,
501 5633 581 5695 ὼς,
616 5630 681 5683 ἂν
726 5628 797 5696 μὴ
843 5624 1096 5694 ὑπερόἅσα
1141 5618 1495 5670 κατακλύσειε
1560 5621 1671 5690 τὴν
1724 5625 1833 5679 τῶν

286 5724 575 5795 ἀνθρώπων
601 5714 918 5784 οἰκουμένην.
954 5711 1070 5777 Ὃδὴ
1099 5704 1182 5758 καὶ
1226 5705 1359 5758 αὐτὸ
1379 5706 1434 5760 ἓν
1462 5724 1522 5758 τι
1552 5712 1835 5778 τυγχάνει

356 5879 390 5903 "
434 5875 573 5931 Psal.
607 5881 793 5926 unt,
822 5864 865 5914 1.

1925 4732 2204 4784 veritatem
2253 4732 2451 4780 norunt
2494 4730 2660 4774 tuam.
2694 4719 2801 4772 Nos
2831 4726 3002 4770 autem
3032 4715 3120 4784 qui
3150 4715 3201 4764 in
3229 4719 3371 4763 terra
3402 4716 3454 4760 et

1927 4820 2101 4873 adhuc
2133 4816 2314 4887 procul
2347 4822 2397 4867 te
2428 4823 2725 4869 versamur,
2756 4822 2821 4859 ex
2850 4806 2917 4858 iis
2949 4818 3066 4871 qua:
3096 4801 3207 4854 sive
3234 4800 3288 4850 in
3312 4805 3454 4849 terra

1928 4910 2040 4964 sive
2066 4909 2119 4962 in
2149 4905 2282 4958 mari
2309 4919 2337 4955 a
2365 4898 2701 4971 providentia
2727 4904 2816 4949 tua
2842 4902 3121 4964 geruntur,
3150 4902 3336 4957 magna
3365 4894 3454 4938 tua

1928 4998 2135 5068 opiﬁcia
2166 4991 2581 5060 contemplantes
2600 5028 2614 5050 ,
2658 4987 2971 5040 conﬁtemur
2999 4991 3047 5034 te
3076 4987 3338 5048 potentem
3356 5015 3371 5038 ,
3405 4984 3458 5029 et

1922 5066 2199 5142 veritatem
2231 5090 2375 5134 tuam
2407 5079 2460 5131 in
2493 5077 2724 5129 circuitu
2750 5085 2840 5127 tuo
2868 5087 3006 5125 esse.
3037 5068 3168 5121 Nam
3217 5078 3272 5119 tu
3314 5066 3460 5119 solus

1926 5176 2061 5230 mari
2091 5181 2144 5228 et
2171 5178 2330 5223 tanta:
2361 5180 2619 5235 aquarum
2647 5160 2961 5233 plenitudini
2988 5156 3280 5211 dominaris
3305 5193 3318 5217 ,
3343 5170 3460 5206 mo-

1926 5275 2036 5319 tum
2068 5264 2322 5316 ﬂuctuum
2352 5257 2468 5324 ejus
2491 5269 2630 5308 unus
2662 5253 2872 5319 mitigas
2895 5287 2908 5309 ,
2948 5246 3157 5314 ipsique
3187 5244 3419 5296 claustra
3445 5279 3460 5303 ,

1932 5361 2114 5425 portas
2141 5359 2194 5404 et
2218 5347 2478 5402 terminos
2513 5342 2676 5395 ﬁxisti
2700 5380 2714 5402 ,
2750 5355 2815 5392 ne
2849 5346 3287 5405 praetergressum
3321 5330 3445 5397 pela-

1927 5420 2025 5514 gus
2054 5439 2275 5494 inundet
2300 5436 2503 5489 orbem.
2529 5431 2682 5498 Quod
2710 5443 2839 5482 sane
2871 5428 2951 5479 vel
2976 5437 3142 5475 unum
3174 5420 3464 5473 maximum

1932 5512 2089 5589 luerit
2132 5528 2409 5599 potestatis
2455 5534 2558 5578 tua:
2608 5526 2997 5588 argumentum.
3032 5514 3099 5563 At
3127 5512 3272 5564 enim
3319 5516 3467 5560 tanta

1933 5637 2193 5693 aquarum
2246 5617 2562 5678 commotio,
2614 5612 2709 5664 tibi
2769 5616 2828 5660 ut
2873 5605 3090 5657 domino
3132 5601 3468 5668 obsequens,

1935 5690 2060 5768 dum
2093 5720 2304 5765 tumens
2337 5709 2390 5762 in
2421 5708 2583 5760 altum
2616 5698 2877 5764 evehitur,
2905 5690 3229 5748 reformidat
3260 5698 3469 5748 tamen,
