3848 6422
174 187 198 241 i
212 190 323 245 039

1333 191 1826 247 COMMENTABIA
1864 191 1927 245 IN
1970 186 2302 246 PSALMOS.

3243 200 3376 254 1090

169 305 347 358 αὐτοῦ
394 307 784 378 διασκορπίσει.
834 308 992 374 Λέγει
1051 308 1105 360 δὲ
1166 307 1335 360 ταῦτα
1390 307 1724 374 ἀναγκαίως·
1764 307 2034 378 προειπὼν
2065 306 2193 377 γάρ,
2238 305 2492 372 Δυνατὸς
2538 310 2610 374 ετ,
2644 312 2835 378 Κύριε,
2905 312 3002 364 καὶ
3045 313 3083 379 ἠ
3133 312 3375 378 ἀλήθειὰ

166 408 291 447 σου
341 397 545 461 κύκλῳ
601 412 746 459 σου,
794 396 1110 466 παρίστησιν
1157 398 1337 459 αὐτοῖς
1388 396 1565 465 ἔργοις
1614 394 1729 458 πῶς
1767 395 1995 466 ὑπάρχει
2022 395 2294 457 δυνατὸςὸ
2328 394 2525 465 Κύριος
2547 398 2626 458 εἰς
2653 398 2910 451 πίστωσιν
2978 399 3074 468 τῆς
3127 399 3375 469 ἀληθείας

165 485 343 539 αὐτοῦ
369 525 384 547 ,
435 486 572 555 ὑπὲρ
618 486 710 537 τοῦ
751 486 847 549 τὰς
892 486 1215 553 ἐπαγγελίας
1261 486 1393 556 πρὸς
1439 488 1528 539 τὸν
1572 486 1729 539 Δαυῒδ
1764 488 2129 558 γεγενημένας
2154 486 2369 555 ἀληθεῖς
2394 486 2681 551 ἀποδεῖξαι.

242 578 354 630 Σοί
401 578 857 643 εὶσινούρανοὶ,
906 581 1000 632 καὶ
1033 578 1113 644 σή
1164 580 1331 631 ἐστιν
1383 582 1420 647 ἠ
1472 580 1571 649 γῆ.
1618 581 1730 646 τὴν
1756 592 1803 646 Α

124 654 125 657 η
162 666 541 735 οἰκουμένην
580 668 675 718 καὶ
723 667 784 719 τὸ
841 666 1123 735 πλήρωμα
1169 667 1355 735 αὐτῆς
1399 668 1479 721 σὺ
1534 670 1728 737 ἐθεμε-

160 758 449 822 ⁸ιίωο-ας,
508 758 611 810 τὸν
672 757 899 824 ,βορῤιῖν
968 760 1061 812 καὶ
1120 758 1231 825 τὴν
1279 760 1596 814 θάλασσαν
1649 761 1729 815 σὺ

164 846 452 912 ἔκτισας.
484 847 680 915 Θαῦὼρ
718 850 814 901 καὶ
856 849 1069 917 Ἑρμῶν
1113 849 1181 901 ἐν
1209 849 1285 913 τῷ
1331 851 1569 918 ὀνόματί
1616 868 1729 905 σου

164 938 673 1005 ἀγαλλιάσονται.
701 938 761 989 Ἦ
781 938 979 991 διάνοια
1000 939 1105 990 τῶν
1129 940 1490 1009 προκειμένων
1512 941 1728 1009 τοιαύτη

161 1030 250 1090 τίς
288 1032 434 1080 ἐστι’
473 1029 771 1097 Πεποίησαι
807 1029 921 1097 μὲν,
958 1023 1001 1081 ὦ
1038 1029 1205 1097 Κύριε
1229 1067 1243 1090 ,
1277 1029 1409 1097 πρὸς
1441 1030 1528 1081 τὸν
1575 1030 1731 1081 Δαυῒδ

162 1119 518 1187 ἐπαγγελίας
542 1121 668 1190 περὶ
708 1120 800 1172 τοῦ
835 1120 1139 1189 σπέρματος
1180 1121 1341 1173 αὐτοῦ
1391 1120 1483 1172 xui
1526 1120 1618 1171 τοῦ
1651 1122 1729 1182 εἰς

159 1207 349 1260 αἰῶνα
377 1207 752 1277 διαρκέσοντος
788 1208 972 1278 θρόνου
1016 1208 1206 1261 αὐτοῦ·
1238 1211 1330 1262 xui
1369 1210 1564 1271 ταύτας
1586 1208 1730 1278 ὦμο-

164 1314 269 1358 σας
302 1296 386 1365 τῷ
416 1296 578 1349 Δαυῒδ
597 1296 945 1349 ἐπιτελέσειν.
986 1297 1225 1367 Ὀρῶμεν
1260 1298 1315 1349 δὲ
1348 1300 1504 1367 ἡμεῖς
1535 1299 1583 1349 οἱ
1634 1299 1727 1351 ἄν-

162 1385 388 1455 θρωποι
421 1385 495 1454 μὴ
532 1385 906 1454 πληρουμένας
929 1386 1112 1447 αὐτὰς,
1145 1387 1265 1438 ὅσον
1288 1387 1377 1437 ἐπὶ
1403 1389 1513 1449 τοῖς
1544 1386 1730 1456 αἰσθη-

159 1478 279 1538 τοῖς
310 1476 412 1527 xui
456 1475 781 1544 ὁρωμένοις·
815 1474 892 1526 διό
938 1492 1133 1543 φαμεν,
1162 1475 1285 1528 Ποῦ
1320 1478 1435 1527 εἱσι
1478 1477 1549 1528 τὰ
1588 1476 1726 1542 ἑλέη

158 1581 284 1619 σου
316 1566 395 1616 τὰ
437 1564 675 1630 ἀρχαῖα,
709 1566 910 1630 Κύριε;
959 1565 1092 1634 πλὴν
1127 1565 1258 1618 ἀλλά
1287 1566 1621 1636 πεπείσμεθά
1670 1583 1728 1618 σε

159 1656 219 1720 ἐξ
254 1656 511 1716 ἅπαντος
551 1655 861 1723 ἀληθεύειν,
889 1657 968 1708 ὃτι
1005 1655 1255 1721 δυνατὸς
1281 1652 1351 1717 εἴ,
1393 1657 1485 1708 καὶ
1517 1657 1553 1722 ή
1586 1656 1730 1723 ἀλή-

159 1747 295 1800 θειά
327 1761 451 1799 σου
475 1747 673 1809 κύκλῳ
695 1760 827 1798 σου.
850 1745 955 1797 Καὶ
984 1747 1255 1816 μάρτυρές
1274 1763 1334 1812 γε
1360 1747 1457 1815 τῆς
1478 1748 1729 1817 ἀληθείας

162 1855 260 1890 σου
300 1838 513 1899 πάντες
542 1838 591 1888 οἰ
626 1837 751 1905 περὶ
790 1835 876 1886 σέ·
919 1839 973 1887 αἱ
1020 1836 1147 1903 γοῦν
1193 1837 1426 1905 οὐράνιοι
1477 1838 1730 1907 δυνάμεις

1906 579 2063 635 Vens.
2100 580 2185 645 12,
2212 581 2295 633 15.
2319 580 2416 633 Tui
2438 589 2559 634 sunt
2588 580 2701 633 eteli
2720 589 2771 633 et
2793 592 2883 633 tua
2910 590 2987 634 est
3021 592 3179 644 terra,
3200 585 3371 637 orbem

1828 684 1983 727 terra:
2011 684 2059 726 et
2090 673 2460 740 plenitudinem
2488 673 2599 741 ejus
2634 683 2688 725 tu
2719 674 2974 741 fundasti,
3009 678 3298 743 aquilonem
3323 688 3372 731 et

1828 780 1969 817 mare
1983 774 2037 817 tu
2052 763 2471 817 creasti.Tltabor
2485 773 2531 816 et
2551 762 2779 816 Hermon
2796 764 2846 815 in
2866 765 3067 817 nomine
3097 775 3183 818 tuo
3199 769 3373 820 exsul—

1830 854 2029 908 tabant.
2052 853 2252 907 Horum
2281 855 2402 907 talis
2436 854 2697 907 sententia
2742 862 2860 906 est:
2894 852 3103 917 Davidi,
3126 855 3370 920 Domine,

1827 944 2092 1013 promissa
2123 943 2318 997 dedisti
2342 942 2406 996 de
2436 944 2640 996 semine
2673 942 2815 1009 ejus.
2836 956 2899 993 ac
2928 943 2994 995 de
3034 944 3226 996 throno
3254 946 3371 1011 ejus

1828 1049 1997 1102 usque
2038 1034 2091 1086 in
2121 1041 2380 1086 azternum
2409 1031 2670 1084 duratura
2703 1049 2714 1082 :
2745 1039 2905 1098 atque
2939 1031 3039 1098 ipsi
3070 1029 3253 1083 Davidi
3282 1032 3371 1099 ju-

1829 1124 1961 1177 rasti
1993 1130 2045 1177 te
2070 1138 2131 1179 ea
2172 1122 2535 1191 perfecturum
2576 1136 2715 1175 esse.
2765 1119 2874 1175 Nos
2914 1129 3090 1174 alitem
3123 1121 3369 1175 homines

1826 1213 2069 1267 videmus
2097 1212 2209 1265 haec
2250 1226 2353 1264 non
2387 1218 2646 1281 quantum
2692 1209 2759 1262 ad
2781 1224 2843 1261 ea
2874 1224 2991 1277 qua:
3023 1209 3124 1262 sub
3152 1224 3367 1263 sensum

1827 1311 1879 1356 et
1928 1311 2199 1369 aspectum
2233 1301 2435 1354 cadunt
2494 1298 2703 1367 impleri
2737 1314 2942 1367 :quare
2987 1298 3235 1361 dicimus,
3272 1297 3369 1352 Ubi

1829 1400 1949 1444 sunt
1972 1391 2342 1445 misericordia:
2372 1400 2473 1443 tua:
2506 1391 2752 1453 antiqute,
2774 1389 3024 1442 Domine?
3054 1404 3369 1457 persuasum

1831 1491 2005 1535 tamen
2061 1481 2322 1535 habemus
2377 1488 2429 1534 te
2484 1495 2706 1549 prorsus
2762 1495 3003 1535 veracem
3062 1496 3199 1543 esse,
3245 1482 3369 1548 quia

1826 1581 2003 1639 potens
2032 1588 2084 1623 es
2117 1580 2167 1623 et
2192 1571 2381 1624 veritas
2405 1578 2494 1621 tua
2522 1570 2575 1621 in
2602 1570 2821 1621 circuitu
2851 1579 2958 1622 tuo.
2992 1568 3179 1625 Tetues
3210 1585 3372 1639 porro

1827 1658 2071 1712 veritatis
2112 1666 2217 1711 tua:
2251 1666 2379 1711 sunt
2425 1666 2687 1726 quotquot
2735 1659 2879 1710 circa
2916 1665 2969 1711 te
3017 1657 3369 1710 consistunt:

1829 1764 1952 1803 nam
2005 1749 2253 1803 caelestes
2300 1749 2529 1801 virtutes
2559 1748 2937 1815 conﬁtebuntur
2966 1746 3227 1799 mirabilia
3259 1757 3370 1812 tua,

1828 1851 1877 1893 et
1904 1841 2169 1893 ueritatem
2220 1849 2361 1890 tuam
2400 1839 2455 1890 in
2506 1838 2740 1913 Ecclesia
2785 1849 3103 1891 sanctorum.
3137 1837 3201 1889 Et
3244 1852 3373 1892 sane

159 1924 728 1993 ὲξομολογήσονται
749 1926 819 1977 τὰ
842 1925 1135 1993 θαυμάσιὰ
1155 1942 1289 1989 σου,
1318 1928 1414 1980 καὶ
1449 1928 1559 1994 τὴν
1586 1928 1731 1996 ἀλή-

1834 1933 1947 1999 iurc
1980 1931 2228 1985 ctelestes
2267 1930 2370 1989 illae
2396 1930 2620 1983 virtutes
2658 1930 2933 1983 veritatem
2968 1937 3110 1981 tuam
3148 1929 3371 1982 conﬁte—

163 2015 342 2069 θειάν
389 2032 511 2068 σου
555 2015 625 2067 ἐν
674 2015 989 2080 Ἐκκλησίᾳ
1038 2016 1233 2068 ὁσίων.
1272 2018 1378 2069 Kui
1407 2018 1625 2079 εἰκότως
1674 2018 1729 2068 αἱ

159 2106 420 2176 οὐράνιοι
443 2105 699 2174 δυνάμεις
721 2103 816 2173 τὴν
843 2103 1089 2173 ἀλήθειάν
1111 2121 1201 2156 σου
1238 2105 1728 2175 ἐξομολογήσονται,

160 2196 364 2265 ἐπειδὴ
391 2197 451 2247 ἐν
478 2195 555 2262 τῷ
589 2192 800 2263 οὐρανῷ
828 2192 1265 2263 ἐτοιμασθήσεται
1287 2197 1319 2263 ή
1358 2195 1579 2271 ἀλήθειά
1604 2213 1695 2247 σου
1713 2213 1726 2226 ο

158 2290 235 2349 ὡς
275 2287 490 2358 μηκέτι
540 2286 647 2337 δεῖν
678 2286 775 2346 τὰς
818 2284 1140 2351 ἐπαγγελίας
1173 2301 1284 2345 σου,
1318 2283 1413 2345 τὰς
1456 2286 1588 2353 πρὸς
1642 2285 1731 2337 τὸν

160 2378 359 2439 Δαυῒδ,
393 2374 667 2443 ἐπιγείους
699 2370 834 2427 εἶναι
878 2374 968 2426 xui
1010 2372 1318 2442 σωματικὰς
1364 2376 1622 2443 νομίζεινο
1674 2377 1732 2427 ἐν

159 2470 272 2540 γὰρ
302 2468 393 2537 τῷ
425 2465 640 2537 οὐρανῷ
667 2464 1153 2534 ἐτοιμασθήσεταιή
1182 2463 1403 2534 ἀλήθειά
1423 2482 1533 2518 σου.
1553 2465 1733 2519 Ταῦτα

157 2561 213 2612 δὲ
241 2559 365 2612 xui'
395 2556 561 2617 αὐτὸς
620 2558 683 2605 ἐκ
725 2553 817 2606 τοῦ
860 2554 1011 2621 ἁγίου
1060 2554 1368 2623 Πνεύματος
1405 2554 1731 2624 μεμαθηκώς

160 2665 346 2720 φημ’
393 2647 471 2699 Τὰ
527 2644 665 2711 ἐιῖέη
715 2660 828 2699 σου
874 2646 958 2707 εἰς
1003 2643 1107 2696 τὸν
1135 2643 1317 2696 αἰῶνα
1361 2643 1593 2711 ᾄσομαι,
1631 2648 1733 2711 Ek.

161 2738 392 2809 γενεὰν
441 2735 539 2789 καὶ
571 2733 780 2803 γενεὰν
828 2731 1136 2800 ἀπαγγελῶ
1160 2732 1274 2799 τὴν
1310 2732 1592 2799 ἀλήθειάν
1619 2750 1732 2787 σου

158 2832 229 2883 ὲν
255 2828 352 2892 τῷ
382 2824 638 2893 στόματί
654 2840 790 2891 μου.
832 2821 1131 2890 ’Λληθεύειν
1159 2820 1213 2873 δέ
1248 2838 1305 2873 σε
1330 2822 1458 2875 Θεὸν
1494 2822 1618 2874 ὄντα
1640 2824 1732 2875 καὶ

163 2922 381 2992 Κύριον
411 2917 523 2969 τῶν
557 2916 692 2967 ὅλων
726 2912 1009 2965 πεπεῖσθαι
1034 2912 1157 2980 χρὴ,
1178 2911 1263 2963 διά
1289 2910 1349 2961 τὸ
1376 2910 1571 2979 μηδένα
1599 2907 1732 2963 εἶναι

158 3016 358 3085 ὅμοιον
404 3013 473 3079 τῇ
506 3010 572 3078 σῇ
606 3006 861 3073 δυνάμει·
899 3005 989 3055 xui
1019 3004 1124 3073 γὰρ
1160 3004 1252 3055 xui
1290 3001 1395 3054 τῶν
1434 3003 1732 3071 ἀσωμάτων

162 3106 255 3158 καὶ
290 3100 465 3156 θείων
495 3096 772 3165 δυνάμεων
804 3094 1003 3164 Κύριος
1039 3088 1108 3154 εἰ,
1136 3094 1227 3145 xui
1256 3091 1473 3154 δυνατὸς
1502 3089 1551 3144 εἰ
1578 3094 1732 3161 μόνος

161 3195 254 3247 xui
284 3191 440 3259 ὑπὲρ
472 3188 698 3247 πάντας,
733 3184 805 3245 ὡς
839 3185 935 3253 τὴν
981 3182 1231 3252 ἀλήθειάν
1264 3200 1354 3235 σου
1398 3185 1728 3238 πιστοῦσθαι.

160 3286 223 3336 El
248 3282 317 3335 δὲ
351 3278 452 3332 xui
484 3277 599 3329 ἔστι
623 3292 707 3337 τις
726 3276 783 3326 ἐν
807 3276 918 3335 τοῖς
940 3269 1086 3326 οὖσιν
1113 3274 1468 3344 ὑπερήφανος,
1493 3277 1520 3327 ὁ
1543 3275 1733 3328 καλού-

165 3388 339 3443 μενος
366 3367 616 3429 διάϐολος
652 3365 1019 3433 ἀντικείμενος
1040 3365 1144 3425 ἀεὶ,
1177 3366 1269 3417 xui
1299 3365 1543 3434 πολεμῶν
1572 3369 1635 3435 τῇ
1668 3370 1732 3436 σῇ

162 3462 433 3535 ἀληθείᾳ,
487 3457 624 3511 ἀλλὰ
670 3457 733 3508 σὺ
779 3455 960 3507 τοῦτον
1016 3454 1403 3518 ἐταπείνωσας·
1445 3454 1552 3507 εἴτε
1596 3458 1735 3519 τινές

160 3557 307 3607 εἰσιν
344 3550 491 3620 ὑπὲρ
523 3547 708 3600 τοῦτον
742 3544 929 3614 ἐχθραὶ
963 3544 1054 3596 xui
1077 3544 1441 3613 ἀντικείμεναι
1465 3544 1733 3614 δυνάμεις,

160 3645 310 3699 ἀλλὰ
351 3641 450 3694 xui
478 3637 680 3699 ταύτας
707 3635 1103 3705 διεσκόρπισας.
1139 3634 1372 3687 Πάντοτε
1413 3635 1475 3687 σὺ
1502 3637 1732 3703 κρατεῖς,

158 3738 256 3792 xui
292 3736 403 3804 τῆς
458 3732 568 3784 τῶν
594 3730 729 3783 ὅλων
776 3728 959 3791 οὐσίας
1005 3729 1067 3781 σὺ
1121 3727 1433 3792 δεσπόζεις,
1484 3728 1602 3779 ἐπεὶ
1643 3728 1736 3779 xui

158 3824 410 3897 ποιητὴς
452 3821 564 3874 τῶν
602 3820 736 3872 ὅλων
768 3818 1070 3886 τυγχάνεις.
1106 3818 1250 3889 Αὕτη
1296 3818 1403 3888 γὰρ
1436 3819 1469 3887 ἡ
1499 3817 1735 3870 θάλασσα

156 3918 256 3970 xui
291 3916 365 3968 τὸ
407 3911 663 3965 τοσοῦτον
691 3909 790 3977 τῆς
840 3908 1008 3977 ὑγρᾶς
1051 3909 1234 3971 οὐσίας
1281 3911 1533 3977 στοιχεῖον
1582 3907 1735 3975 ἔργον

158 4009 421 4078 ὑπάρχει
454 4002 565 4063 σὸν,
600 4000 691 4052 καὶ
723 3998 781 4050 σὲ
822 3997 1003 4067 κύριον
1044 3997 1419 4067 ἐπιγράφεται.
1466 3998 1527 4049 Ei
1555 3996 1609 4048 δὲ
1645 3995 1736 4048 xui

152 4093 399 4169 οὐρανοί
453 4108 598 4153 τινες
628 4088 881 4159 ἀνώτεροι
921 4088 1013 4140 τοῦ
1060 4088 1428 4158 στερεὼματος
1476 4085 1733 4147 νοοῦνται,

156 4191 339 4243 θείων
369 4182 699 4252 πνευμάτων
732 4178 824 4232 xui
863 4176 1139 4247 δυνάμεων
1181 4178 1374 4245 ἁγίων,
1415 4175 1519 4228 τῶν
1550 4191 1605 4227 τε
1640 4175 1736 4240 τὴν

157 4280 264 4351 σὴν
309 4276 551 4343 θεότητα
598 4268 1024 4341 περιπολούντων
1058 4267 1299 4335 ἀγγέλων
1333 4266 1422 4318 xui
1466 4264 1735 4334 ἀρχαγγέ-

153 4371 272 4422 λων
314 4365 642 4433 οἰκητήρια,
689 4360 781 4412 xui
822 4351 965 4409 οὗτοι
998 4357 1078 4409 σοί
1116 4359 1251 4409 εἰσιν
1301 4356 1416 4424 ἅμα
1454 4357 1585 4406 πᾶσι
1628 4356 1736 4417 τοῖς

154 4459 423 4513 οἰκοῦσιν
457 4453 659 4512 αὐτοῖς.
697 4449 803 4501 Καὶ
843 4447 966 4501 ἄλλο
1008 4449 1062 4499 δὲ
1096 4449 1346 4515 στοιχεῖον
1388 4446 1447 4497 οὐ
1486 4445 1672 4515 μικρὸν
1704 4446 1735 4514 ἠ

1830 2022 2048 2082 buntur,
2083 2020 2209 2089 quia
2240 2021 2292 2072 in
2330 2018 2467 2072 coelo
2499 2018 2888 2088 praeparabitur
2911 2018 3111 2071 veritas
3141 2026 3264 2080 tua;
3298 2018 3371 2069 ita

1831 2118 1889 2163 ut
1925 2111 2187 2179 promissa
2222 2118 2311 2161 tua
2339 2109 2403 2162 ad
2433 2108 2686 2161 Davidem
2720 2106 2881 2169 facta,
2915 2122 3019 2159 non
3057 2106 3238 2173 utique
3261 2116 3373 2158 ter-

1832 2214 1955 2253 rena
1985 2208 2035 2252 et
2068 2212 2325 2266 corporea
2359 2197 2603 2250 habenda
2638 2196 2787 2249 sint:
2818 2211 2940 2248 nam
2984 2195 3037 2247 in
3073 2194 3212 2246 coelo
3235 2208 3372 2261 prte-

1830 2289 2106 2358 parabitur
2142 2290 2342 2341 veritas
2370 2295 2482 2341 tua.
2517 2285 2641 2339 Haac
2676 2300 2803 2339 vero
2841 2301 2869 2337 a
2918 2284 3122 2352 Spiritu
3183 2290 3371 2337 sancto

1830 2381 2052 2432 edoctus
2082 2378 2205 2431 dico
2236 2398 2247 2430 :
2276 2376 2663 2430 Misericordias
2690 2384 2806 2427 tuas
2837 2376 2888 2426 in
2914 2384 3160 2428 arternum
3187 2380 3372 2424 canta-

1832 2466 1912 2520 bo.
1947 2465 2009 2517 In
2038 2466 2419 2535 generationem
2447 2473 2493 2517 et
2525 2463 2907 2533 generationem
2939 2458 3255 2512 annuntiabo
3285 2474 3371 2510 ve—

1832 2557 2039 2607 ritatem
2079 2565 2221 2607 tuam
2254 2555 2305 2606 in
2339 2570 2424 2607 ore
2454 2569 2586 2607 meo.
2617 2552 2693 2606 Te
2724 2566 2905 2621 porro,
2929 2558 3111 2619 utpote
3130 2549 3294 2603 Deum
3319 2556 3374 2602 et

1831 2643 2117 2698 Dominum
2156 2646 2555 2706 universorum,
2579 2657 2823 2696 veraccm
2845 2642 3065 2696 credere
3099 2641 3369 2704 convenit,

1832 2734 1957 2804 quia
1993 2734 2177 2787 nullus
2203 2743 2287 2787 est
2332 2734 2427 2786 tibi
2464 2733 2661 2787 virtute
2711 2731 2945 2787 similis:
2980 2732 3241 2799 siquidem
3290 2730 3376 2784 in-

1832 2838 2214 2894 corporearum
2259 2834 2312 2879 et
2350 2824 2650 2879 divinarum
2702 2823 2958 2876 virtutum
3002 2823 3260 2878 Dominus
3290 2840 3372 2887 es,

1833 2914 2089 2981 solusque
2115 2928 2178 2965 ac
2222 2929 2384 2981 super
2424 2928 2611 2967 omnes
2642 2921 2834 2981 potens
2868 2928 2949 2974 es,
2975 2913 3047 2965 ita
3084 2923 3140 2965 ut
3173 2914 3373 2965 verita-

1834 3013 1937 3055 tem
1968 3010 2114 3055 tuam
2150 3004 2458 3057 credibilem
2513 3003 2690 3056 facere
2738 3005 2933 3071 possis.
2970 3002 3122 3066 Quod
3161 3003 3203 3056 si
3252 3002 3375 3071 quis

1832 3092 1885 3144 in
1918 3106 2094 3145 rerum
2128 3100 2320 3146 natura
2357 3093 2620 3161 superbus
2643 3092 2887 3153 exsistat,
2912 3105 3101 3159 nempe
3126 3091 3373 3144 diabolus

1833 3180 1925 3233 tibi
1972 3193 2183 3246 semper
2233 3179 2593 3240 adversarius,
2627 3194 2689 3232 ac
2735 3179 3011 3252 veritatem
3060 3191 3376 3244 oppugnatis

1770 3253 1800 3273 ³
1834 3278 2012 3321 tuam:
2047 3275 2105 3321 tu
2146 3283 2275 3322 sane
2319 3269 2461 3321 hunc
2497 3268 2788 3321 humiliasti
2824 3285 2837 3320 :
2869 3268 2911 3322 si
2948 3280 3075 3319 vero
3118 3266 3239 3317 huic
3277 3280 3366 3318 sn-

1835 3360 2069 3428 perieres
2105 3358 2347 3426 quaadam
2392 3360 2622 3411 inimicae
2662 3368 2714 3411 et
2751 3357 2991 3412 adversa:
3026 3356 3120 3409 tibi
3145 3357 3375 3409 virtutes

1834 3450 1960 3508 sint,
1994 3463 2085 3503 eas
2126 3462 2340 3517 quoque
2371 3447 2666 3516 dissipasti.
2698 3446 2777 3499 Tu
2811 3447 3006 3515 ubique
3028 3446 3279 3514 imperas,
3321 3451 3375 3497 et

1835 3538 2209 3592 universorum
2246 3536 2561 3591 substantia:
2589 3536 2906 3598 dominaris,
2942 3534 3067 3603 quia
3101 3533 3375 3585 universo-

1833 3641 1951 3678 rum
1985 3625 2160 3694 opifex
2189 3641 2269 3679 es.
2308 3625 2486 3694 Ipsum
2516 3625 2712 3694 quippe
2736 3638 2903 3686 mare,
2930 3632 3242 3690 tantumque
3270 3621 3373 3674 htt-

1834 3717 1989 3769 midte
2027 3716 2342 3770 substantiae
2394 3716 2736 3776 elementum,
2775 3722 2926 3767 tuum
2956 3722 3040 3769 est
3075 3712 3371 3781 npilicium,

1834 3815 1990 3875 teque
2020 3808 2295 3861 dominum
2323 3786 2543 3861 ascribit
2564 3822 2742 3860 suum.
2764 3806 2903 3871 Quid
2924 3806 2970 3861 si
3003 3805 3123 3859 θα)ιί
3154 3801 3374 3873 quidam

1835 3892 1952 3965 ipso
1983 3895 2317 3949 ﬁrmamento
2340 3898 2645 3963 superiores
2688 3896 3011 3964 cogitentur,
3051 3894 3139 3962 qui
3170 3893 3375 3947 scilicet

1833 3987 2136 4041 divinorum
2168 3987 2475 4056 spirituum,
2501 3994 2808 4041 sanctarum
2844 3987 3122 4045 virtutum,
3156 3983 3373 4051 angelo-

1833 4092 1951 4130 rum
1983 4083 2036 4130 et
2055 4059 2495 4145 archangelorum
2534 4075 2786 4129 deitatem
2835 4081 2982 4125 tuam
3036 4071 3371 4139 stipantium,

1834 4163 2100 4218 domicilia
2118 4165 2259 4229 sint;
2290 4165 2344 4217 hi
2370 4179 2586 4233 quoque
2610 4178 2731 4216 cum
2762 4162 3012 4215 omnibus
3042 4160 3232 4213 incolis
3259 4158 3375 4211 suis

1835 4256 1912 4309 tui
1971 4266 2116 4310 sunt.
2167 4255 2325 4309 Aliud
2355 4255 2517 4309 etiam
2579 4255 2901 4308 elementum
2952 4267 3059 4304 non
3099 4250 3371 4318 exiguum,

1835 4347 1985 4400 arida
2022 4362 2212 4415 nempe
2244 4346 2545 4401 substantia
2568 4351 2619 4398 et
2640 4352 2782 4397 terra
2814 4341 2966 4395 cmlis
2998 4340 3258 4407 subjecta,
3284 4345 3376 4390 tua

1836 4439 1959 4494 item
1993 4446 2096 4494 est.
2122 4438 2254 4492 Cum
2286 4439 2463 4505 itaque
2500 4435 2679 4490 omnia
2721 4442 2809 4486 tuo
2846 4432 3001 4484 nutui
3042 4435 3296 4492 serviant,
3325 4437 3378 4483 et

162 4548 320 4617 ξηρὰ
344 4544 529 4604 οὐσία,
563 4540 711 4609 xuii)
754 4542 863 4601 τοῖς
904 4539 1147 4608 οὐρανοῖς
1181 4535 1508 4603 ὑποκειμένη
1546 4536 1636 4603 γῆ,
1672 4536 1733 4604 σή

1840 4539 1897 4583 tu
1918 4531 2168 4585 omnibus
2192 4530 2440 4598 imperes,
2484 4533 2669 4595 utpote
2698 4522 2937 4577 omnium
2975 4523 3246 4584 dominus,
3282 4536 3378 4573 rex

162 4642 287 4692 ἐστι
329 4636 428 4689 xui
466 4632 629 4702 αὕτη.
653 4632 774 4683 Ὅτε
806 4629 981 4681 τοίνυν
1023 4628 1091 4680 τὰ
1135 4627 1415 4697 σύμπαντα
1463 4629 1572 4687 τοῖς
1625 4628 1735 4687 σοῖς

157 4730 414 4799 νεύμασι
441 4721 701 4783 δουλεύει,
734 4720 825 4773 καὶ
859 4720 921 4771 σὺ
948 4718 1163 4772 πάντων
1197 4718 1429 4787 κρατεῖς,
1452 4714 1632 4783 κύριος
1660 4715 1734 4768 ὢν

159 4820 438 4873 ἁπάντων
477 4814 571 4867 xui
618 4811 866 4881 βασιλεὺς
907 4810 1001 4863 xui
1031 4808 1189 4871 Θεὸς,
1236 4806 1318 4868 τίς
1365 4804 1736 4874 ὰντιστήσεταί

1837 4629 1890 4675 et
1919 4620 2081 4684 Deus,
2109 4621 2234 4690 quis
2270 4619 2487 4672 resistet
2522 4616 2653 4669 tibi?
2703 4613 2769 4665 Et
2815 4611 2943 4681 quid
2996 4612 3381 4680 impedimento

1840 4711 2019 4773 fuerit,
2041 4711 2327 4781 quominus
2366 4717 2454 4760 tua
2480 4708 2652 4760 electo
2674 4713 2766 4758 tuo
2792 4701 2979 4754 Davidi
3006 4702 3131 4754 data
3154 4699 3382 4769 promis-

1841 4818 1921 4864 sa,
1954 4817 2072 4871 qua:
2098 4802 2311 4869 juratus
2338 4797 2572 4859 edidisti,
2604 4793 2880 4851 credibilia
2913 4789 3247 4844 reddantur?

159 4926 288 4971 cat;
327 4908 401 4959 ’Ἡ
428 4906 481 4958 τί
504 4904 564 4956 τὸ
590 4874 833 4971 ἐμποδὼν
858 4899 1116 4953 ἐσταιτοῦ
1151 4900 1223 4968 μὴ
1279 4894 1646 4948 πιστώσασθαι
1708 4894 1802 4957 τὰς
1842 4894 1938 4957 σὰς
1988 4893 2121 4964 πρὸς
2150 4892 2238 4944 τὸν
2283 4889 2532 4942 ἐκλεκτόν
2583 4904 2673 4940 σου
2717 4882 2874 4937 Δαυίδ
2918 4878 3249 4946 ἐπαγγελίας
3274 4915 3288 4938 ,
3325 4874 3389 4935 ἃς

163 5002 297 5073 μεθ’
334 5002 507 5069 ὅρκου
540 4994 675 5065 πρὸς
696 4994 852 5046 αὐτὸν
890 4993 1155 5062 ἐποιήσω;

241 5091 474 5159 Σφόδρα
496 5086 673 5138 τοίνυν
694 5086 785 5137 xui
814 5084 1114 5146 ἀκολούθως
1135 5084 1244 5144 τοῖς
1267 5080 1570 5149 ἔμπροσθεν
1593 5083 1743 5153 εἰρη-

167 5144 368 5256 μένοις
402 5144 492 5233 διὰ
519 5178 626 5230 τῶν
658 5174 1023 5245 προκειμένων
1069 5144 1310 5243 ἐπήγαγέ
1349 5144 1427 5235 to,
1456 5172 1559 5223 Σοί
1588 5144 1733 5225 εἰσιν

1839 5168 1969 5222 illud
1997 5185 2009 5219 :
2042 5165 2139 5218 Tui
2171 5171 2290 5218 sunt
2344 5160 2458 5213 cali
2500 5169 2549 5213 et
2579 5170 2670 5212 tua
2712 5162 2791 5208 est
2826 5160 2965 5203 terra
2990 5162 3009 5199 :
3046 5144 3231 5198 orbem
3262 5153 3409 5194 terra:

2363 5252 2373 5256 Α
2587 5251 2601 5256 -
2695 5249 2705 5256 -
2787 5246 2821 5256 --
2894 5239 3004 5256 in“-
3067 5233 3238 5256 ---λλ
3279 5231 3409 5256 ηις...

163 5233 237 5330 5:"
257 5233 542 5341 e'bparol,
577 5268 673 5320 καὶ
704 5233 789 5333 in?
824 5233 991 5317 ἐδτιν
1016 5267 1053 5331 ’ἦ
1083 5233 1197 5333 Td".
1238 5233 1351 5325 ἔὴν
1390 5233 1733 5327 dmum"

1838 5272 1882 5313 et
1912 5256 2281 5325 plenitudinem
2326 5252 2437 5321 ejus
2471 5261 2523 5303 tu
2576 5246 2846 5319 fundasti.
2894 5239 3017 5291 Non
3067 5233 3240 5341 mod‘o
3278 5233 3419 5329 enim

648 5320 834 5422 αὺτίῖς
864 5354 942 5406 σὺ
966 5320 1373 5421 ἑθειίείίιωσάς.
1401 5346 1473 5398 Οὐ
1502 5320 1609 5416 γάρ
1646 5320 1733 5417 μές-

1839 5351 2055 5409 cmlum,
2104 5347 2199 5407 ait,
2230 5353 2284 5397 et
2338 5344 2568 5397 virtutes
2609 5341 2684 5394 ibi
2722 5338 3022 5389 versantes
3050 5363 3068 5427 ἶ
3096 5320 3218 5421 .sed
3270 5320 3430 5371 etiam

1842 5448 2037 5494 terram
2066 5433 2300 5489 fundasti
2324 5451 2338 5486 :
2359 5433 2445 5486 cui
2471 5431 2672 5485 accinit
2702 5425 2809 5477 illa
2841 5414 3292 5473 Proverbiorum
3319 5420 3440 5458 scn-

1846 5527 2013 5584 tcntia
2041 5544 2056 5581 :
2088 5524 2227 5579 Deus
2263 5524 2519 5594 sapientia
2567 5513 2833 5591 fundavit
2877 5519 3074 5564 terram
3109 5514 3128 5552 .'
3174 5494 3454 5565 pr'a’Paw'

1906 5076 2206 5132 Admodum
2238 5079 2600 5143 congruenter
2623 5081 2787 5139 supra
2822 5062 2981 5118 dictis
3012 5060 3134 5129 jam
3182 5056 3402 5123 subiicit

165 5474 268 5509 νον
302 5455 399 5505 τὸν
448 5447 693 5520 οὐρανὸν,
721 5446 870 5514 φησὶ,
924 5444 1015 5496 xui
1042 5441 1133 5501 τὰς
1185 5438 1244 5487 ἐν
1287 5434 1427 5502 αὐτῷ
1455 5435 1733 5505 δυνάμεις,

165 5544 320 5601 ἀλλά
353 5540 446 5595 xui
467 5538 561 5604 τὴν
596 5535 698 5604 γῆν
732 5534 794 5585 σὺ
836 5530 1209 5598 ἐθεμελίωσας·
1245 5521 1538 5590 συμφώνως
1573 5526 1640 5593 τῇ
1675 5527 1738 5582 ἐν
