3848 6408
438 199 561 254 1ῦ91

1094 198 1356 254 EUSEBII
1395 197 1865 254 CIESARIENSIS
1891 197 2039 254 OPP.
2075 197 2256 253 PARS
2289 199 2373 254 lll.
2411 232 2478 243 -
2515 173 2951 256 EiEGETlCA.

3613 195 3749 251 109?.

434 316 504 368 vit
532 323 704 368 autem
728 314 880 368 caelos
910 314 964 366 in
993 315 1270 382 prudentia
1300 318 1366 371 ³ο.
1401 316 1500 371 Hic
1529 333 1659 372 vero
1683 319 1953 372 habitatan

2236 318 2561 389 Παροιμίαις
2601 317 2848 389 λεγούσῃ
2893 317 3101 386 φωνῇ.
3169 314 3236 365 Ὀ
3274 311 3439 377 Θεὸς
3469 311 3547 380 τῇ
3575 315 3753 382 σοφίᾳ

438 420 591 460 μεῖναι
641 413 880 474 partem,
940 405 1095 474 quasi
1161 408 1588 475 praestantiorem
1619 447 1634 471 ,
1662 408 1977 479 οἰκουμένην

435 498 750 560 nominavit,
785 496 850 549 ad
881 496 1172 550 discrimen
1204 497 1344 551 inter
1369 496 1636 552 desertam
1665 508 1718 553 ot
1755 500 1974 554 cultam.

439 587 551 638 lmo
577 586 734 639 etiam
765 585 1150 653 plenitudinem
1175 585 1322 639 orbis
1347 594 1505 640 terrae
1541 586 1758 654 adiecit,
1794 588 1876 642 his
1905 589 1979 643 si-

437 676 695 744 gniﬁcans
744 674 1036 727 humanum
1067 691 1258 744 genus,
1292 676 1435 744 quod
1474 675 1660 730 orbem
1691 683 1847 731 terrae
1874 678 1976 730 im-

439 767 564 833 plet.
594 762 774 831 Neque
796 772 976 818 tamen
999 766 1238 831 aberres,
1271 766 1316 818 si
1345 766 1451 820 alio
1478 767 1782 836 explicandi
1831 783 1980 822 more

438 854 625 917 dicas,
691 855 1080 921 plenitudinem
1129 871 1250 910 esse
1309 854 1606 911 Salvatoris
1659 857 1974 921 Ecclesiam,

437 958 598 1012 quam
645 945 819 1011 ipsum
871 943 965 998 Dei
1007 943 1241 999 Verbum
1281 946 1528 1002 fundavit
1560 963 1721 1018 supra
1748 957 1972 1019 petram.

437 1031 773 1100 QuaprOpter
837 1034 963 1087 alibi
1031 1035 1233 1088 dictum
1282 1046 1367 1090 est
1418 1057 1430 1092 :
1491 1039 1743 1093 Dominus
1795 1057 1979 1109 regna-

437 1123 504 1174 vit
528 1161 542 1185 ,
571 1122 801 1176 decorem
835 1125 1044 1178 indutus
1073 1135 1168 1181 est.
1195 1127 1400 1181 Etenim
1423 1132 1647 1184 correxit
1683 1133 1853 1185 orbem
1875 1142 1975 1185 ter-

438 1228 530 1278 rte,
547 1214 634 1280 qui
662 1230 762 1266 non
787 1216 1185 1269 commovebitur
1203 1218 1266 1268 ⁸¹.
1287 1218 1566 1282 Quomodo
1587 1231 1763 1274 autem
1787 1223 1976 1276 funda-

437 1304 573 1357 verit
593 1305 776 1358 orbem
811 1313 966 1359 terra:
993 1307 1183 1362 deinde
1213 1309 1418 1377 adjicit,
1441 1311 1742 1379 Aquilonem
1765 1321 1813 1365 et
1835 1330 1975 1367 mare

437 1402 493 1444 tu
515 1396 737 1447 creasti:
759 1397 946 1463 quinta
974 1413 1101 1451 vero
1128 1398 1313 1462 editio,
1340 1400 1642 1469 Aquilonem
1657 1411 1706 1454 et
1725 1415 1901 1456 notum
1920 1415 1974 1457 tu

436 1483 644 1534 creasti.
677 1480 1004 1552 Videturque
1039 1486 1165 1538 mihi
1195 1502 1289 1554 per
1319 1488 1425 1540 duo
1464 1488 1627 1542 latera
1657 1499 1974 1546 etextrema

436 1571 610 1634 orbis,
662 1579 831 1624 totum
889 1574 1147 1627 mundum
1214 1576 1539 1645 signiﬁcare,
1597 1594 1753 1649 quem
1801 1583 1974 1650 reple-

434 1660 510 1712 vit
558 1659 849 1715 Salvatoris
900 1665 1072 1717 nostri
1119 1664 1316 1719 virtus.
1356 1666 1769 1722 Animadvertas
1816 1684 1976 1738 porro
2005 1693 2048 1748 Β

435 1750 612 1814 velim,
640 1765 744 1818 quo
767 1761 922 1819 pacto
950 1753 1036 1805 hic
1063 1767 1158 1820 pro
1184 1752 1318 1808 facie
1351 1756 1516 1809 totius
1563 1758 1769 1820 mundi,
1797 1759 1980 1813 orien-

433 1841 539 1888 tem
569 1844 768 1904 ponat;
809 1853 905 1905 pro
947 1838 1166 1892 sinistra
1195 1878 1210 1903 ,
1271 1841 1539 1896 borealem
1596 1844 1839 1912 plagam;
1883 1860 1980 1914 pro

434 1923 652 1978 dextera
679 1927 1079 1981 meridionalem
1119 1916 1172 1982 et
1202 1930 1514 1984 australem.
1553 1929 1682 1984 Nam
1720 1948 1841 1986 cum
1874 1934 1976 1998 ait,

434 2015 739 2084 Aquilonem
778 2027 826 2069 et
872 2016 1055 2070 dextra
1101 2027 1155 2070 tu
1205 2021 1428 2082 creasti,
1475 2021 1737 2076 borealem
1769 2024 1980 2094 plagam

434 2105 710 2158 sinistrum
732 2121 850 2160 esse
873 2107 1017 2160 latus
1040 2107 1306 2172 declarat;
1337 2110 1600 2178 siquidem
1624 2112 1869 2165 dextrum
1896 2121 1980 2167 est

433 2197 685 2250 australe.
723 2195 780 2250 Si
821 2197 1001 2266 itaque
1051 2206 1254 2253 stantes
1288 2207 1473 2253 notum
1503 2205 1556 2254 in
1579 2202 1815 2264 dextera,
1835 2203 1982 2272 aqui-

434 2286 608 2341 Ionem
642 2288 694 2340 in
724 2290 944 2342 sinistra
994 2288 1310 2353 habeamus,
1349 2291 1630 2346 adversum
1665 2293 1980 2348 habebimus

432 2376 713 2438 orientem,
756 2391 786 2429 a
816 2385 967 2446 tergo
993 2387 1170 2432 autem
1199 2380 1531 2435 occidentem
1561 2402 1574 2436 :
1603 2384 1672 2436 ita
1703 2393 1760 2436 ut
1790 2399 1981 2438 secun-

433 2463 560 2516 dum
587 2465 861 2534 physicam
888 2468 1374 2524 considerationem
1409 2471 1521 2525 limc
1559 2473 1700 2528 dicta
1729 2475 1871 2536 sint,
1913 2476 1978 2528 ad

433 2553 597 2607 totius
627 2556 811 2608 mundi
849 2558 1169 2624 positionem
1213 2559 1614 2616 declarandam.
1671 2563 1798 2627 Quae
1849 2564 1981 2617 indi-

432 2655 556 2695 care
585 2646 945 2696 necessarium
979 2644 1077 2698 fuit
1116 2649 1178 2699 ad
1208 2649 1642 2716 signiﬁcandum,
1673 2653 1976 2706 divinarum

435 2728 832 2798 Scripturarum
868 2733 1170 2787 doctrinam
1200 2753 1376 2806 neque
1406 2740 1598 2794 borum
1631 2743 1845 2809 quidem
1881 2759 1979 2798 no-

433 2820 603 2874 titiam
634 2823 1058 2889 praetermisisse.
1079 2823 1209 2878 Nam
1233 2828 1434 2891 omnia,
1463 2830 1652 2898 inquit,
1678 2839 1733 2884 tu
1757 2835 1974 2897 creasti,

431 2911 545 2964 sive
591 2910 808 2966 dextras
855 2913 1040 2966 mundi
1083 2923 1282 2983 partes,
1315 2918 1428 2972 sive
1481 2921 1747 2974 sinistras.
1779 2922 1976 2978 Verum

432 2998 652 3054 dextras
685 3000 857 3054 solum
893 3003 1209 3058 nominatim
1238 3009 1572 3072 memoravit,
1605 3018 1765 3080 atque
1788 3027 1816 3064 a
1847 3013 1979 3066 sini-
2003 3011 2046 3070 C
2079 3023 2387 3092 παράστασι

433 3090 533 3143 stri
563 3091 778 3146 nomine
815 3094 1062 3147 consulto
1115 3095 1391 3152 abstinuit.
1441 3099 1617 3165 Quare
1681 3104 1975 3157 secundum

435 3177 812 3248 Symmachum
843 3182 1059 3249 dicitur,
1093 3182 1156 3236 In
1187 3187 1492 3255 Aquilonem
1535 3198 1584 3242 et
1624 3189 1890 3245 dexteram
1919 3201 1976 3245 tu

433 3268 660 3329 creasti;
722 3270 1016 3325 secundum
1077 3274 1325 3344 Aquilam
1370 3291 1536 3340 vero,
1579 3277 1882 3345 Aquilonem
1927 3290 1974 3333 et

433 3354 698 3411 dexteram
733 3367 789 3411 tu
811 3363 1020 3418 creasti.
1049 3363 1244 3429 Quinta
1278 3372 1454 3420 autem
1483 3367 1648 3422 editio
1677 3369 1976 3426 accuratius

433 3448 714 3514 explicavit
748 3466 992 3519 quaenam
1033 3454 1254 3509 dextera
1276 3465 1458 3511 essent
1487 3456 1674 3513 dicens
1695 3499 1710 3519 ,
1759 3460 1978 3528 Aquilo-

433 3551 546 3588 nem
588 3545 637 3590 et
669 3533 845 3591 notum
885 3550 937 3591 tu
968 3543 1178 3595 creasti.
1215 3543 1445 3600 Sinistra
1488 3561 1651 3615 porro
1692 3548 1832 3617 apud
1863 3565 1976 3604 om-

433 3640 530 3678 nes
561 3626 879 3696 interpretes
917 3630 1132 3684 silentio
1157 3635 1406 3699 mittitur,
1435 3637 1560 3704 quia
1605 3647 1824 3706 putatur
1850 3642 1977 3709 quid

435 3713 728 3768 infaustum
757 3730 897 3779 esse,
927 3726 980 3772 et
1009 3719 1199 3774 dextro
1229 3726 1532 3793 oppositum
1557 3746 1570 3780 :
1621 3729 1756 3782 nihil
1797 3739 1974 3785 autem

434 3803 488 3854 in
512 3804 762 3858 universo
805 3806 1095 3862 infaustum
1126 3820 1178 3864 et
1219 3812 1360 3867 bono
1395 3805 1696 3884 oppositum
1723 3828 1822 3876 est.
1857 3819 1978 3874 Om-

436 3891 524 3945 nia
553 3895 716 3957 enim,
745 3896 948 3965 inquit,
1002 3908 1057 3952 tu
1094 3904 1310 3956 creasti.
1345 3904 1460 3959 Duo
1507 3917 1682 3963 autem
1727 3902 1972 3980 montes,

445 3977 648 4034 l‘habor
674 3992 726 4036 et
748 3982 1000 4048 Hermon,
1038 4001 1133 4055 per
1165 3991 1536 4046 excellentiam
1567 4007 1760 4064 praeter
1786 3977 1976 4057 omnes

436 4066 568 4120 alios
599 4073 878 4124 memorati
913 4081 1072 4128 sunt:
1106 4079 1303 4130 etenim
1335 4079 1389 4132 hi
1436 4081 1489 4134 in
1510 4069 1732 4139 'nomine
1761 4096 1852 4140 tuo
1879 4103 1976 4144 ex-

437 4155 730 4210 sultabunt.
795 4157 1097 4215 Secundum
1155 4163 1401 4233 Aquilam
1445 4183 1610 4232 vero,
1673 4173 1879 4229 Thabor
1927 4188 1976 4232 et

437 4243 665 4299 Hermon
699 4249 749 4300 in
777 4252 980 4305 nomine
1009 4262 1096 4304 tuo
1129 4253 1450 4320 laudabunt;
1496 4263 1789 4317 secundum
1818 4265 1974 4337 Sym-

437 4336 682 4389 machum
717 4348 923 4406 autem,
974 4343 1181 4397 Tltabor
1228 4356 1276 4398 et
1326 4345 1555 4402 Hermon
1611 4369 1796 4408 nomen
1829 4336 1976 4412 tuum
2007 4367 2052 4422 ι)

436 4422 780 4479 celebrabant.
815 4426 1017 4482 Horum
1065 4447 1224 4500 porro
1257 4436 1514 4490 montium
1562 4440 1724 4495 variis
1756 4443 1808 4496 in
1841 4445 1976 4501 locis

437 4694 953 4765 transﬁgurationes,
991 4702 1404 4776 frequentesque
1449 4725 1626 4766 moras
1665 4716 1974 4783 exstitisse,

435 4784 644 4849 quando
675 4802 796 4840 cum
845 4788 1154 4848 hominibus
1200 4798 1535 4854 versabatur.
1569 4800 1650 4854 An
1695 4817 1825 4858 vero
1858 4805 1974 4874 ipsa

437 4875 709 4930 nominum
743 4879 1064 4948 significatio
1112 4885 1314 4954 aliquid
1347 4891 1502 4945 nobis
1543 4891 1610 4944 ad
1655 4893 1845 4948 horum
1892 4899 1976 4951 in-

435 4965 776 5034 telligentiam
815 4971 1074 5038 conferat,
1111 4986 1168 5028 tu
1202 4978 1315 5046 ipse
1344 4982 1655 5038 consideres
1684 4986 1861 5041 velim.

437 5057 685 5113 λιτεύετο.
714 5063 775 5114 Εἰ
811 5063 865 5116 δὲ
906 5068 996 5119 καὶ
1040 5068 1145 5123 τῶν
1190 5071 1461 5142 ὀνομάτων
1505 5079 1539 5145 ἡ
1575 5078 1835 5149 ἑρμηνεία
1872 5085 2235 5154 συμϐάλλεταί

438 5154 527 5205 καὶ
559 5156 716 5219 αὐτὸς
743 5160 1068 5231 ἐπιστήσεις.

505 5241 667 5298 Vens.
701 5248 785 5313 14,
811 5250 896 5302 15.
937 5255 1096 5306 Tuum
1123 5253 1387 5312 brachium
1420 5277 1535 5313 cum
1587 5264 1816 5330 potentia
1843 5280 1859 5316 :
1890 5267 1977 5333 ﬁr-

441 5341 601 5384 metur
626 5351 804 5390 manus
834 5349 942 5404 tua,
967 5345 1225 5399 exaltetur
1256 5349 1470 5405 dextera
1501 5361 1589 5404 tua
1621 5368 1638 5405 :
1681 5353 1892 5421 justitia
1926 5365 1976 5409 et

465 5487 471 5494 ’
509 5501 552 5532 ³ο
589 5501 743 5560 Prov.
783 5525 872 5571 ιιι.
914 5515 995 5568 19.
1071 5520 1110 5551 ³¹
1153 5521 1295 5580 Psal.
1334 5542 1439 5582 xcu
1465 5566 1479 5588 .
1517 5527 1567 5582 1ο

2074 407 2423 473 ἐθεμελίωσε
2465 407 2581 474 τὴν
2624 407 2749 475 γῆν
2773 424 2787 436 °
2831 407 3177 474 ἡτοίμασε
3216 402 3298 455 δὲ
3340 403 3660 470 οὐρανοὺς
3695 406 3756 458 ἐγ

2075 494 2381 562 φρονήσει.
2415 497 2553 549 Κατ’
2581 495 2873 566 ἐξαίρετον
2904 492 2967 549 δὲ
3007 493 3301 550 ἐνταῦθα
3343 494 3411 546 τὸ
3440 495 3762 563 οἰκούμενον

2079 585 2242 656 μέρος
2264 587 2366 655 τῆς
2397 589 2501 659 γῆς
2546 589 2886 659 οἰκουμένην
2930 589 3298 657 ὠνόμασεν,
3330 585 3791 653 ἁποδιαστείλαςλ

2075 675 2174 744 τῆς
2233 677 2439 746 ἐρήμου
2497 677 2594 730 καὶ
2625 681 2728 748 τῆς
2784 677 3058 746 οἰκητοῦ.
3146 676 3339 728 Ἀλλα
3390 676 3494 728 καὶ
3528 678 3592 728 τὸ
3637 682 3765 748 πλή-

2079 781 2235 835 ρωμα
2295 767 2392 835 τῆς
2430 767 2762 838 οἰκουμένης
2811 769 3209 838 προσέθηκεν
3243 806 3260 830 ,
3317 765 3480 819 οὕτω
3517 770 3767 841 σημήνας

2076 855 2136 906 τὸ
2173 855 2280 908 τῶν
2321 856 2625 927 ἀνθρώπων
2655 858 2840 925 γένος,
2875 859 2995 910 τῶν
3050 859 3173 929 τὴν
3227 859 3599 928 οἰκουμένην
3641 860 3767 930 πληο

2076 944 2329 1014 ρούντων.
2383 947 2668 1018 Πλήρωμα
2717 949 2775 1001 δὲ
2830 949 2934 1002 καὶ
2995 949 3212 1011 ἄλλως
3268 950 3386 1019 τῆς
3440 951 3769 1023 οἰκουμένης

2072 1035 2171 1086 οὐκ
2216 1034 2282 1087 ἂν
2329 1037 2596 1106 ἁμάρτοις
2629 1040 2808 1106 λέγων
2855 1039 2963 1110 τὴν
3022 1040 3140 1092 τοῦ
3185 1041 3488 1111 Σωτῆρος
3547 1043 3770 1111 Ἐκκληο

2077 1125 2227 1188 σίαν,
2284 1127 2350 1196 ἣν
2383 1128 2547 1190 αὐτὸς
2589 1131 2618 1181 ό
2654 1130 2753 1182 τοῦ
2799 1130 2948 1182 Θεοῦ
3000 1131 3212 1198 Λόγος
3252 1131 3655 1201 ἐθεμελίωσεν
3687 1136 3769 1186 ἐπὶ

2073 1212 2168 1283 τὴν
2207 1215 2432 1286 πέτραν.
2491 1218 2584 1270 Διὸ
2633 1219 2734 1272 καὶ
2775 1221 2849 1271 ἐν’
2894 1221 3148 1291 ἑτέροις
3198 1221 3492 1292 εἴρηται·
3557 1221 3769 1291 Κύριος

2074 1300 2469 1356 ἐϐασίλευσεν
2486 1344 2502 1369 ,
2557 1306 2940 1374 εὐπρέπειαν
3016 1310 3438 1362 ἐνεδύσατο.
3501 1313 3621 1365 Καὶ
3674 1317 3769 1382 γὰρ

2077 1390 2425 1458 κατώρθωσε
2469 1393 2588 1461 τὴν
2631 1397 3067 1464 οἰκουμένην,
3124 1398 3283 1465 ἣτις
3333 1401 3417 1453 οὐ
3475 1404 3769 1470 calceati-

2076 1492 2266 1532 σεται.
2295 1481 2419 1545 Πῶς
2448 1483 2504 1535 δὲ
2549 1483 2896 1554 ἑθεμελέωσε
2929 1488 3047 1556 τὴν
3101 1490 3512 1558 οἰκουμένην,
3539 1491 3768 1562 ἐπιλέγει

2073 1566 2218 1637 ἑξῆς,
2243 1569 2597 1639 Τὸνβορῤᾶν
2608 1574 2707 1626 καί
2748 1575 2868 1642 τὴν
2885 1576 3276 1632 θάλασσαν
3290 1579 3385 1632 σὺ
3398 1579 3663 1647 ἐκτίσας
3685 1589 3754 1640 αὑ

2075 1655 2164 1709 τά·
2185 1659 2216 1728 ἡ
2235 1658 2289 1709 δὲ
2315 1660 2544 1731 πέμπτη
2566 1662 2801 1728 έκδοσις,
2827 1665 3101 1733 Βορῤᾶν
3128 1669 3249 1724 καὶ
3277 1672 3485 1724 νότον
3515 1673 3602 1725 σὺ
3636 1674 3768 1730 ἔκτι-

2077 1762 2209 1812 σας.
2243 1750 2400 1801 Δοκεῖ
2431 1751 2489 1802 δέ
2521 1769 2612 1821 μοι
2635 1749 2726 1805 διὰ
2751 1755 2865 1806 τῶν
2892 1755 2996 1807 δύο
3025 1758 3338 1829 πλευρῶν
3366 1778 3435 1814 τε
3463 1766 3566 1816 καὶ
3597 1766 3766 1837 ἄκρων

2074 1838 2174 1907 τῆς
2211 1841 2536 1912 οἰκουμένης
2587 1845 2682 1898 τὸν
2737 1847 3068 1917 σύμπαντα.
3126 1851 3372 1921 κόσμον
3437 1854 3674 1924 δηλοῦν,
3720 1859 3764 1912 ὃν

2077 1927 2386 1997 ἐπλήρωσεν
2415 1933 2449 2001 η
2477 1933 2570 1983 τοῦ
2595 1935 2857 2006 Σωτῆρος
2885 1940 3077 2007 ἡμῶν
3115 1939 3410 2011 δύναμις.
3434 1943 3553 1998 Θέα
3581 1947 3638 2000 δὲ
3668 1950 3760 2005 τίνα

2075 2018 2272 2086 τρόπον
2314 2018 2402 2073 διὰ
2433 2023 2640 2076 τούτων
2681 2028 3053 2096 παρίσταται
3117 2033 3459 2101 πρόσωπον
3503 2038 3602 2089 τοῦ
3645 2040 3759 2110 σύμ-

2079 2123 2278 2172 παντος
2305 2111 2513 2182 κόσμου
2554 2116 2616 2167 τὸ
2640 2117 2979 2172 ἀνατολικὸν
3029 2123 3122 2191 μέ
3131 2141 3264 2192 ροςο
3299 2127 3612 2201 ἀριστερὸν
3639 2132 3688 2185 δὲ
3711 2135 3756 2186 τὺ

2080 2195 2306 2266 βόρειον,
2338 2201 2510 2267 δεξιὸν
2535 2205 2591 2257 δὲ
2623 2208 2683 2260 τὸ
2721 2211 3157 2281 μεσημϐρινὸν
3186 2216 3300 2268 καὶ
3333 2195 3549 2276 νότιον.
3587 2223 3668 2274 Ἐν
3697 2225 3757 2293 τῷ

2076 2292 2182 2363 γάρ
2216 2295 2400 2362 φάναι,
2435 2297 2546 2353 Τὸν
2569 2299 2810 2368 ,βορῤᾱν
2840 2303 2951 2354 καὶ
2992 2305 3091 2358 τὰ
3135 2306 3336 2370 δεξιὰ
3377 2310 3467 2364 σὺ
3513 2292 3751 2379 ἔκτισας,

2075 2383 2136 2434 τὸ
2160 2385 2366 2456 βόρειον
2389 2388 2624 2460 πλευρὸν
2649 2393 2955 2464 ἀριστερὸν
2985 2393 3170 2450 εἶναι
3199 2400 3493 2467 ἐδίδαξεν*
3533 2405 3588 2455 εἴ
3609 2422 3666 2472 γε
3686 2405 3751 2456 δερ

2079 2471 2185 2536 ξιὸν
2214 2476 2274 2528 τὸ
2304 2477 2495 2531 νότιον.
2539 2481 2602 2532 Εἰ
2635 2481 2701 2551 δὴ
2742 2479 2841 2536 οὖν
2889 2486 3182 2553 ἑστῶτες
3240 2492 3488 2564 ἔχοιμεν
3533 2497 3592 2550 ἑν
3630 2497 3750 2569 δεξιᾷ

2079 2564 2178 2634 μὲν
2205 2567 2414 2619 ἑαυτῶν
2451 2569 2540 2622 τὸν
2575 2571 2752 2638 νότον,
2784 2577 2846 2626 ἑν
2878 2575 2943 2628 δὲ
2972 2583 3118 2644 τοῖς
3149 2583 3505 2656 ἀριστεροῖς
3530 2589 3620 2640 τὸν

2079 2657 2198 2724 ρἄ,
2241 2657 2658 2728 ἀντιπρόσωπον
2717 2667 3020 2736 σχήσομεν
3089 2672 3214 2743 τὴν
3272 2677 3586 2750 ἀνατολὴν,
3635 2657 3749 2733 καιὰ

2075 2745 2242 2800 νώτου
2271 2749 2327 2801 δὲ
2357 2751 2457 2822 τὴν
2481 2753 2653 2806 δύσιν·
2687 2755 2834 2808 ὥστε
2864 2761 3032 2812 κατά
3064 2780 3220 2818 τινα
3257 2770 3520 2841 φυσικὴν
3545 2771 3747 2843 Θεωρίαν

2075 2837 2325 2907 εἰρῆσθαι
2359 2837 2551 2908 ταῦτα,
2589 2845 2690 2914 τὴν
2719 2845 2876 2900 Θέσιν
2909 2851 3020 2903 τοῦ
3072 2859 3324 2922 παντὸς
3373 2837 3589 2932 κόσμου
3633 2837 3746 2934 παρ-

2078 2929 2329 2984 ιστῶντα.
2369 2935 2436 2985 Ἃ
2476 2936 2569 2987 καί
2614 2937 2758 2990 αὑτὰ
2804 2941 3164 3010 ἀναγκαῖον
3194 2953 3660 3026 ἐπισημήνασθαι
3686 2961 3746 3019 εἰς

2081 3111 2235 3164 πέναι
2263 3115 2364 3185 τὴν
2393 3115 2499 3168 τῶν
2523 3117 2684 3173 Θείων
2719 3122 2977 3192 Γραφῶν
3022 3130 3462 3191 διδασκαλίαν.
3495 3111 3575 3192 T'a
3597 3142 3744 3193 πάντα

2079 3203 2207 3302 γὰρ,
2235 3207 2388 3302 φησί,
2422 3210 2485 3261 σὺ
2509 3209 2752 3302 ἔκτισας,
2783 3215 2858 3268 τά
2890 3235 2956 3270 τε
2996 3221 3190 3287 δεξιὰ
3219 3229 3329 3282 τοῦ
3359 3231 3574 3299 κόσμου
3606 3232 3742 3302 μέρηι

2080 3291 2173 3343 καὶ
2205 3292 2272 3345 τὰ
2301 3295 2584 3367 ἀριστερά.
2633 3301 2798 3355 Ἀλλά
2827 3305 2903 3359 τὰ
2931 3310 3053 3378 μὲν
3082 3313 3269 3381 δεξιὰ
3301 3291 3575 3389 ἀνομᾰστι
3600 3291 3741 3390 epici

2081 3383 2250 3447 εἶπεν,
2276 3384 2578 3482 ἑιρυξιάξατο
2597 3389 2653 3441 δὲ
2676 3395 3013 3465 χρήσασθαι
3050 3404 3151 3474 τῷ
3189 3407 3299 3460 τοῦ
3331 3383 3627 3482 ἀριστεροῦ
3640 3383 3740 3461 ’ὀνό-

2083 3487 2229 3540 ματι.
2261 3474 2352 3526 Διὸ
2385 3475 2634 3533 λέλεκται
2668 3485 2818 3538 κατὰ
2847 3487 2950 3540 τὸν
2986 3474 3390 3567 Σύμμαχονξ
3411 3504 3522 3567 Εἰς
3540 3474 3741 3568 ξϐοῤῥᾶν

2080 3562 2177 3615 καὶ
2226 3563 2432 3628 δεξιὰν
2472 3569 2555 3621 σὺ
2603 3572 2860 3643 ἔκτισας
2881 3595 2898 3608 ο
2957 3562 3100 3636 καὶὴ
3355 3562 3455 3644 τὸν
3497 3562 3737 3649 ⁷ἰλὶιιιόἰιιν.

2079 3652 2311 3753 ἔϊορῤᾶν
2344 3657 2443 3709 καὶ
2471 3657 2682 3722 δεξιὰν
2710 3664 2796 3718 σὺ
2826 3668 3150 3740 ἔκτισας.
3204 3681 3280 3732 Ἢ
3311 3681 3374 3734 δὲ
3417 3683 3640 3753 πέμπτη
3671 3682 3739 3734 ἔκ-

2077 3743 2225 3845 δυσις
2243 3747 2599 3845 ,σαφέστερον
2641 3756 2984 3827 ἡρμήνευσε
3022 3767 3180 3824 τίνα
3224 3772 3303 3825 τὰ
3339 3743 3736 3845 δεξιέφήσίαεα,

2079 3835 2308 3938 Βορῤᾶν
2349 3839 2449 3938 καί
2498 3843 2683 3896 νότον
2729 3847 2817 3900 σὺ
2873 3850 3201 3927 ἔκτισας.
3265 3863 3348 3916 Τὸ
3485 3835 3738 3938 ἀριστερὸν

2080 3924 2254 3993 πάντη
2285 3927 2626 4000 σεσιώπηται
2655 3937 2812 4008 παρὰ
2842 3945 2972 4006 τοῖς
3012 3951 3204 4016 πᾶσι,
3233 3955 3332 4008 διὰ
3360 3957 3425 4009 τὸ
3453 3956 3736 4026 νομίζεσθαι

2081 4015 2266 4066 σκαιὸν
2296 4012 2435 4070 εἶναι
2475 4023 2572 4074 καὶ
2607 4026 2860 4083 ἑναντεον
2894 4033 2984 4103 τῷ
3033 4037 3250 4114 δεξιῷ·
3303 4047 3469 4101 οὐδὲν
3500 4012 3554 4100 δὲ
3595 4050 3648 4100 ὲν
3677 4046 3736 4114 τῷ

2081 4104 2238 4154 παντί
2271 4108 2480 4170 σκαιὸν,
2533 4113 2656 4166 οὐδὲ
2705 4117 2788 4186 τῷ
2838 4122 3012 4194 καλῷ
3067 4104 3375 4192 ἐναντιον.
3434 4140 3616 4192 Πάντα
3657 4139 3736 4207 μὲν

2110 4188 2136 4207 τ
2329 4197 2340 4207 ι
2437 4199 2449 4207 α
2497 4201 2519 4207 μ

2079 4188 2189 4302 οΞν,
2220 4197 2466 4302 seualle?
2495 4201 2742 4302 ἔκτισας.
2785 4212 2940 4284 ὐρη
2976 4188 3045 4270 δὲ
3081 4221 3218 4290 δύο,
3256 4188 3668 4302 τδ
3690 4229 3735 4280 τὸ

2090 4281 2300 4391 ῖΕρμὼν
2331 4285 2616 4391 ἐξαίρετόν
2645 4311 2698 4348 τι
2741 4281 3037 4373 κέκληται
3093 4281 3272 4386 παρὰ
3312 4281 3733 4391 πάνταιῗτῷήγάρ

2078 4371 2295 4466 ονόματί
2322 4391 2416 4466 σου
2446 4380 2622 4435 ταῦτα
2651 4371 3147 4458 ἀγαλλιὰσονται.
3183 4371 3730 4466 ίίατᾷ-δξὲήσέὸν⁷

2077 4459 2193 4567 λαν,
2239 4465 2447 4567 Θαϐὼο
2487 4469 2590 4567 καὶ
2627 4474 2871 4567 λἘρμὼν
2903 4485 2983 4538 ἐν
3015 4490 3113 4556 τῷ
3157 4459 3446 4567 ὀνόέιιιτνί⁷
3462 4459 3580 4556 σου
3602 4502 3730 4554 αἰνέ-

2279 4734 2568 4841 μέμνητμι
2600 4729 2916 4823 διαφόρως*
2935 4729 2990 4829 ἡ.
3020 4765 3138 4835 τῆς
3175 4729 3724 4841 Πάλέιξέιξῖιᾷὁήιης

2341 4827 2637 4935 καὶοῖμέαἰ
2666 4859 2732 4910 γε
2765 4847 2825 4898 ἑν
2856 4819 3100 4919 τούτοις.
3122 4865 3247 4925 τοῖς
3272 4819 3435 4935 ὄρεσι
3454 4866 3553 4928 τὰς
3574 4819 3722 4933 πάρεξ-

2081 4907 2274 5027 Fid-5‘03:
2292 4907 2695 5027 Tog‘xfmﬁpﬁi
2728 4936 2892 5007 ἡμῶν
2923 4907 3243 5013 γεγονέναῖ
3261 4907 3717 5027 μεταμορζοὼσεδις.

2605 4999 2615 5002 ’
2753 4999 2786 5007 "
2935 4999 2948 5011 '
3009 4999 3022 5013 '
3085 4999 3232 5005 """
3261 4999 3717 5027 r‘"—r"rr----:v

2082 4999 2175 5119 καὶ
2205 5001 2309 5119 τὰς
2353 5011 2592 5084 πλείους
2632 5025 2947 5101 διατριϐὰς,
2995 5039 3093 5092 ὅτε
3137 5045 3240 5097 σὺν
3271 5047 3586 5119 ἀνθρώποις
3614 5047 3718 5095 ἑπο-

2284 5117 2343 5154 “
2387 5109 2536 5181 ἡμῖν
2574 5121 2657 5186 εὶς
2693 5124 2793 5196 τὴν
2839 5128 2954 5183 τῶν
3021 5109 3416 5208 προκειμένων
3481 5139 3714 5195 διάνοιαν,

2151 5272 2272 5341 Σὸς
2305 5285 2340 5333 ό

2151 5289 2272 5341 MC
2305 5289 2340 5333 ὀ
2374 5289 2681 5370 βραχίων
2707 5311 2858 5378 μετὰ
2897 5312 3294 5385 δυναστείας”
3315 5317 3710 5388 κραταιωθήτω

2081 5361 2120 5427 ἠ
2156 5366 2294 5435 χείρ
2330 5391 2495 5435 σου-
2534 5397 2842 5435 ιιίιιίρωηινίρμ
2887 5406 2927 5435 Α
2975 5407 3140 5435 »δι-..ι
3189 5424 3296 5435 κ---
3379 5410 3706 5435 Α---...-....ι..κ

2330 5391 2496 5454 σου,
2534 5397 2842 5473 ὑψωθήτω
2887 5406 2928 5473 ἡ
2972 5407 3143 5474 δεξιά
3183 5424 3314 5465 σου.
3368 5410 3706 5472 Amatam???
