3848 6414
193 229 196 232 -
258 209 296 251 1
315 205 447 260 093
1423 221 1807 275 COMMENTAI

1946 225 2014 278 IN
2047 226 2375 294 ΡεΑιΜῡδ,
3346 249 3476 306 1094

254 317 396 419 afal
429 320 613 389 xpi’ya
641 324 947 392 ἑτοιμασία
977 333 1092 385 τοῦ
1123 335 1330 400 θρόνου
1352 352 1493 390 σου.
1537 340 1736 403 Ἔλεος
1764 359 1807 393 κε

1908 349 1926 400 ι
1946 343 2203 410 judicium
2232 348 2543 413 prwparatio
2571 349 2740 404 throni
2769 352 2862 406 tui.
2896 351 3257 412 Misericordia
3300 373 3348 415 et
3391 383 3475 419 ue-

245 404 559 470 ἀλήθεια
589 419 1045 481 προπορεύσεται
1077 424 1188 492 πρὸ
1225 427 1542 491 προσώπου
1583 447 1714 482 σου.
1744 434 1807 483 Κι

1950 434 2078 484 ritas
2097 435 2380 499 prtecedent
2401 435 2584 501 [aciem
2605 447 2768 494 tuam.
2795 439 2914 494 Haec
2944 442 3067 497 item
3103 445 3168 499 ad
3206 446 3470 518 Unigeniti

248 494 475 548 ταῦτα
517 502 597 562 είς
637 502 731 571 τὴν
763 504 854 556 τοῦ
903 510 1229 578 Μονσγενοῦς
1269 514 1360 566 τοῦ
1390 516 1526 569 Θεοῦ
1555 518 1807 586 δοξολογίσ

1947 516 2039 572 Dei
2067 494 2286 588 gloriam
2309 494 2680 578 celebrandam
2728 494 3067 596 usurpantur
3080 494 3246 602 :‘qua‘e

247 586 691 684 accf-pennatus,
719 593 859 664 ἆπερ
886 600 1203 671 σαφέστερον
1223 605 1251 656 6
1283 603 1505 668 Ἀκύλας
1524 610 1807 677 ἡρμήνευσε

1941 608 2144 662 clarius
2199 609 2574 679 interpretatur
2615 614 2714 668 hoc
2759 625 2914 684 pacto
2951 636 2963 672 :
2995 619 3158 673 Tuum
3206 586 3470 680 brachium

245 675 490 769 ’Ξοῦτον
537 681 767 745 ἀποδοὺς
809 687 899 740 τὸν
938 692 1154 760 τρόπον’
1187 694 1298 758 Σὸς
1337 699 1370 748 ό
1401 675 1668 764 βραχίων
1709 717 1807 766 μετ

1945 708 2058 746 cum
2101 699 2327 762 potentia
2358 715 2376 752 :
2417 700 2602 753 invicta
2642 719 2824 756 manus
2878 714 2987 768 tua,
3018 709 3216 761 excelsa
3258 712 3468 769 dextera

245 761 680 868 ξυναστείας·
715 773 998 843 ἀήττητος
1035 782 1073 847 ἠ
1106 783 1231 849 χείρ
1258 798 1392 847 σου,
1675 761 1807 854 ἡνζδε

1947 788 2070 834 tua:
2094 761 2302 849 iustitia
2329 793 2376 838 et
2401 785 2655 853 judicium
2679 788 2815 843 basis
2843 761 3012 846 throni
3043 798 3136 848 tui.
3161 794 3468 868 Opportune

249 852 385 913 ξιά
425 871 570 911 a'cv'
596 861 949 933 δικαιοσύνη
979 871 1075 921 καὶ
1111 871 1283 939 κρῖμα
1303 873 1486 939 βάσις
1510 877 1612 928 τοῦ
1627 852 1806 944 ⁷θρόνο

1941 877 2116 923 autem
2145 870 2352 926 divinas
2382 874 2541 928 hasce
2575 877 2818 940 virtutes,
2847 881 2912 933 de
2946 881 3051 935 Deo
3091 852 3330 952 loquens,
3357 905 3468 945 me-

245 955 427 994 σου.
474 948 590 998 Καὶ
618 951 816 1012 ταύτας
845 953 901 1005 δὲ
925 957 1230 1022 ἀναγκαίως
1259 960 1352 1022 τὰς
1385 961 1697 1031 θεοπρεπεῖς
1724 969 1807 1033 ἀρε

1943 961 2187 1026 moravit,
2218 963 2287 1016 ob
2313 965 2574 1030 promissa
2603 965 2693 1020 Dei
2724 967 2908 1022 Davidi
2935 970 3092 1024 facta.
3124 948 3350 1040 Etenim,
3387 980 3467 1033 in-

247 1029 380 1125 τας
416 1035 481 1086 ὲν
618 1037 858 1111 θεολογίᾳ
888 1046 1180 1116 παρείληφε
1210 1049 1294 1102 διὰ
1319 1051 1416 1113 τὰς
1439 1029 1529 1104 τού
1561 1054 1688 1105 Θεοῦ
1711 1029 1807 1125 πρὲ

1940 1049 2074 1114 quit,
2104 1051 2236 1103 nihil
2277 1029 2537 1106 voluntati
2579 1056 2804 1110 obsistet
2843 1065 2945 1112 tua:
2977 1079 2989 1113 :
3025 1077 3143 1114 eum
3197 1065 3468 1123 voluntate

241 1118 367 1170 τὸν
387 1122 567 1175 Δαυῖδ
593 1126 936 1194 ἐπαγγελίας.
960 1133 1118 1185 οὐδὲν
1135 1135 1259 1204 γὰρ,
1279 1139 1457 1206 φησιν,
1476 1118 1807 1209 ἀντιστήσετο

1941 1143 2133 1210 quippe
2174 1143 2290 1205 tibi,
2330 1154 2507 1212 utpote
2541 1144 2648 1200 Deo
2699 1157 2751 1200 et
2790 1148 3006 1203 domino
3060 1153 3462 1219 universorum,

247 1210 376 1262 σοῦ
523 1214 708 1286 βουλῇ’
757 1220 891 1287 μετὰ
917 1221 1024 1292 γὰρ
1051 1224 1142 1275 τοῦ
1181 1225 1348 1279 θέλειν
1379 1229 1472 1281 καὶ
1506 1230 1564 1280 τὸ
1593 1231 1807 1284 δύνασθο

1940 1231 2087 1284 adest
2122 1210 2541 1299 potestas—Nam
2582 1251 2829 1305 magnum
2856 1239 2949 1292 tibi
2975 1240 3248 1297 brachium
3280 1255 3381 1310 est,
3411 1257 3486 1301 et-

241 1315 358 1352 σοι
395 1297 498 1354 οἷα
526 1303 646 1373 Θεῷ
674 1307 764 1359 καὶ
793 1308 1020 1382 δεσπότῃ
1046 1313 1150 1364 τῶν
1178 1315 1310 1368 ὅλων
1331 1318 1578 1388 πάρεστι.
1608 1322 1714 1372 Καὶ
1735 1322 1804 1388 γὰ

1939 1327 2176 1387 potestas
2204 1329 2256 1374 et
2282 1323 2562 1391 imperium
2587 1325 2638 1377 in
2669 1327 2865 1393 omnia,
2902 1343 3089 1384 manus
3126 1331 3353 1397 firmata,
3377 1351 3464 1390 ex-

213 1420 216 1422 -
247 1388 534 1459 βραχίων
565 1395 648 1446 σοί
677 1397 788 1448 ἐστι
825 1399 992 1467 μέγας
1031 1403 1122 1454 καὶ
1147 1402 1425 1457 δυναστεία
1457 1409 1546 1458 καὶ
1573 1409 1710 1479 ἀρχὴ
1736 1410 1807 1461 τῶ

1938 1407 2320 1462 cellentissima
2360 1388 2629 1466 dextera:
2667 1415 2996 1486 thronusque
3050 1421 3195 1489 regni
3243 1424 3360 1488 tui,
3405 1434 3463 1478 ut

227 1480 532 1542 --πάντων,
556 1489 998 1558 κεκραταιωμένη
1019 1507 1077 1542 τε
1098 1493 1214 1561 χεὶρ
1236 1495 1328 1545 καὶ
1349 1494 1648 1566 ὑψηλοτάτη
1669 1497 1807 1563 δεξιὰ

1939 1494 2114 1546 throni
2168 1498 2502 1564 regnantium
2550 1499 2602 1551 in
2654 1507 2798 1554 terra
2850 1518 2911 1557 ex
2961 1506 3189 1572 pretiosa
3240 1512 3462 1564 materia

229 1567 287 1618 -ὅ
305 1585 382 1620 τε
423 1568 622 1639 θρόνος
648 1574 747 1641 τῆς
781 1577 877 1645 σῆς
907 1578 1193 1645 βασιλείας,
1211 1581 1393 1652 ὥσπερ
1421 1586 1466 1635 oi
1491 1587 1595 1638 τῶν
1628 1589 1714 1639 ἐπὶ
1739 1590 1805 1658 γῆ

1937 1583 2167 1637 confecti
2197 1594 2342 1651 sunt,
2368 1589 2440 1640 ita
2464 1595 2517 1642 et
2545 1590 2656 1657 ipse
2678 1607 2740 1644 ex
2766 1593 2830 1646 iis
2853 1567 2974 1661 qua;
2998 1603 3048 1649 te
3083 1595 3246 1650 Deum
3273 1599 3460 1652 decent

255 1655 694 1724 βασιλευόντων
721 1663 892 1732 θρόνοι
925 1667 983 1730 ἐξ
1010 1667 1138 1738 ὕλης
1168 1671 1350 1740 τιμίας
1379 1675 1712 1745 πεποίηνται,

1931 1675 2289 1728 concinnatus
2318 1683 2418 1729 est.
2451 1676 2650 1732 Divinae
2700 1681 2876 1749 itaque
2913 1683 3376 1752 virtutes,justitia
3409 1699 3462 1743 et

223 1748 445 1810 αὐτὸς
473 1744 629 1810 οὗτος
659 1752 719 1803 ὲκ
747 1753 852 1804 τῶν
882 1758 1188 1825 πρεπόντων
1218 1777 1296 1812 σοι
1318 1761 1394 1829 τῷ
1414 1763 1529 1832 Θεῷ
1551 1767 1834 1818 κατεσκεύ-

246 1850 468 1887 ασται.
517 1837 727 1906 ’Δρεταὶ
755 1842 880 1908 γοῦν
906 1843 1238 1915 θεοπρεπεῖς,
1267 1848 1567 1920 δικαιοσύνη
1605 1853 1694 1905 καὶ
1717 1858 1833 1923 κρῖ-

249 1940 371 1991 μα,
421 1925 520 1976 τὸν
561 1927 650 1979 σὺν
689 1933 1082 2000 κατακοσμοῢσι
1120 1935 1317 2005 θρόνον.
1353 1939 1543 2008 Διόπερ
1571 1941 1830 1994 τοσούτων

229 2013 455 2066 εούσῶν
493 2017 642 2085 παρὰ
675 2020 755 2069 σοὶ
780 2020 856 2089 τῷ
886 2021 1001 2090 Θεῷ
1019 2023 1309 2093 δυνάμεων,
1333 2027 1544 2094 ὁμαλῶς
1572 2030 1662 2081 καὶ
1688 2031 1831 2082 ἀκω-

244 2101 452 2165 λύτως
493 2105 526 2173 ἡ
578 2107 802 2175 ἀλήθεια.
849 2109 954 2162 τῶν
1004 2112 1108 2162 σῶν
1149 2115 1479 2180 ἐπαγγελιῶν
1524 2119 1825 2188 προτρέχει,

235 2191 513 2262 μηδενὸς
547 2195 930 2264 παραποδίζειν
955 2198 1242 2268 δυναμένου
1267 2203 1362 2265 τὰς
1388 2205 1484 2267 σὰς
1512 2207 1824 2274 ἀποφάσεις,

243 2282 332 2344 ἃς
367 2282 602 2352 ὤμοσας
627 2285 704 2353 τῷ
728 2287 886 2338 Δαυῒδ
909 2287 1040 2358 ἐλέῳ
1073 2293 1164 2342 καὶ
1194 2291 1368 2361 χάριτι
1400 2295 1495 2356 τὰς
1524 2296 1826 2361 ἐκτεθείσας

243 2370 612 2438 ἐπαγγελίας
662 2373 798 2441 πρὸς
829 2374 986 2426 αὑτὸν
1019 2379 1390 2448 πεποιημένος.
1444 2383 1583 2435 Ἀντί
1625 2383 1679 2434 δὲ
1710 2384 1823 2446 τοῦ,

238 2459 638 2525 Δικαιοσύνη
667 2459 762 2510 καὶ
797 2461 965 2528 κρζιια
996 2463 1297 2532 ἐτοιμασία
1325 2469 1426 2522 τοῦ
1454 2472 1662 2536 θρόνου
1689 2489 1822 2535 σου.

238 2546 412 2598 κατὰ
449 2545 545 2599 τὸν
592 2547 837 2610 Ἀκύλαν,
862 2553 1207 2621 Δικαιοσύνη
1233 2556 1328 2608 καὶ
1361 2559 1533 2625 κρῖμα
1563 2561 1628 2612 τὸ
1656 2561 1823 2628 ἕδρα-

240 2647 393 2702 σμα
415 2635 528 2688 τοῦ
557 2638 771 2702 θρόνου
792 2639 996 2703 αὑτοῦ,
1023 2641 1251 2712 εἴρηται·
1279 2648 1306 2697 ὁ
1328 2646 1383 2697 δὲ
1406 2647 1687 2717 Σύμμαχος
1712 2650 1824 2718 τὴν

237 2724 459 2786 βάσιν
489 2725 660 2794 αὐτὴν
691 2723 828 2780 εἷναί
855 2746 982 2799 φησι
1011 2731 1108 2800 τὴν
1136 2733 1470 2807 δικαιοσύνην
1504 2741 1594 2790 καὶ
1619 2740 1678 2791 τὸ
1709 2743 1823 2811 κρῖ-

246 2828 358 2879 μα.
407 2811 527 2880 Τῆς
551 2829 614 2879 γε
652 2814 755 2882 μὴν
785 2815 1118 2888 δικαιοσύνης
1149 2822 1240 2874 καὶ
1274 2823 1364 2874 τοῦ
1404 2825 1662 2894 κρίματος
1689 2828 1820 2895 μετά

243 2898 618 2970 δικαιοσύνης
640 2903 1016 2974 ἐκφερομένου,
1052 2910 1332 2979 προτρέχει
1357 2912 1499 2974 ἔλεος
1525 2914 1614 2965 καὶ
1635 2917 1666 2983 ὴ
1694 2914 1821 2983 ἀλή-

1927 1759 2192 1826 jndicium
2219 1800 2234 1825 ,
2264 1763 2511 1816 thronum
2545 1776 2804 1821 exornant
2839 1777 3004 1821 tuum:
3033 1769 3362 1839 Quapropter
3384 1811 3397 1832 .
3426 1788 3460 1825 ο

1932 1847 2098 1910 Deus,
2129 1864 2248 1902 cum
2281 1858 2358 1903 tot
2389 1861 2655 1921 tantaeque
2702 1870 2864 1922 penes
2907 1862 2958 1908 te
2997 1865 3282 1924 potestates
3317 1860 3456 1921 sint,

1927 1937 2124 1990 veritas
2145 1939 2298 2004 plana
2325 1939 2408 1990 via
2453 1948 2504 1992 et
2551 1940 2668 1994 sine
2701 1941 2851 1996 obice
2880 1945 3323 2011 promissionibus
3353 1945 3459 2000 tuis

1927 2025 2249 2090 praecurrit:
2301 2040 2420 2078 cum
2481 2042 2636 2080 nemo
2697 2032 2864 2096 possit
2927 2031 3184 2087 obsistere
3228 2034 3458 2088 decretis

1925 2111 2052 2173 tuis.
2081 2112 2275 2179 quibus
2305 2113 2497 2180 jurasti
2527 2114 2734 2179 Davidi,
2759 2131 2823 2170 ex
2861 2119 3226 2174 misericordia
3253 2131 3304 2175 et
3327 2137 3448 2189 gra-

1925 2200 1998 2252 tia
2039 2209 2126 2252 tua
2173 2201 2282 2269 jam
2313 2211 2634 2258 memoratas
2665 2204 2829 2261 edens
2873 2207 3302 2276 pollicitationes.
3350 2208 3455 2262 Pro

1925 2291 2016 2344 illo
2043 2301 2243 2354 autem,
2273 2292 2496 2346 Iustitia
2540 2305 2586 2348 et
2611 2295 2871 2363 judicium
2924 2301 3234 2366 prwparatio
3284 2299 3453 2352 throni

1925 2380 2030 2442 tui;
2060 2380 2352 2434 secundum
2397 2382 2641 2451 Aquilam
2668 2424 2683 2442 .
2715 2383 2930 2438 Iustitia
2966 2397 3012 2439 et
3041 2388 3300 2454 judicium
3331 2389 3452 2456 fitn-

1923 2467 2214 2520 damentum
2248 2469 2417 2522 throni
2465 2473 2574 2539 ejus
2599 2511 2614 2534 ,
2661 2473 2888 2541 dicitur;
2946 2475 3293 2546 Symmachus
3325 2493 3450 2532 vero

1924 2555 2069 2609 basin
2097 2559 2228 2613 dixit
2253 2561 2647 2628 essejustitiam
2691 2572 2743 2616 et
2783 2565 3067 2629 judicium.
3101 2565 3329 2620 Justitia:
3359 2582 3450 2620 au-

1919 2653 2026 2700 tem
2057 2657 2108 2701 et
2130 2649 2355 2717 judicio,
2388 2651 2528 2719 quod
2556 2667 2676 2704 cum
2708 2653 2912 2721 justitia
2937 2655 3153 2710 effertur
3175 2695 3188 2719 .
3224 2671 3452 2724 praecur-

1919 2737 1988 2789 rit
2036 2739 2399 2794 misericordia
2426 2749 2478 2794 et
2522 2742 2740 2796 veritas.
2769 2741 3037 2797 Justitiam
3067 2746 3204 2799 enim
3241 2746 3451 2799 miseri-

1919 2827 2099 2880 cordia
2133 2834 2456 2896 temperans,
2487 2830 2725 2883 mitiores
2751 2840 2938 2886 contra
2960 2848 3051 2888 eos
3075 2834 3163 2902 qui
3198 2849 3448 2902 peccave-

1919 2925 2043 2968 runt
2070 2917 2270 2984 profert
2298 2921 2783 2976 comminationes:
2833 2937 2954 2974 nam
3004 2924 3139 2978 alias
3181 2923 3446 2991 justitiam

245 2989 405 3042 θεια.
441 2989 535 3058 Τῷ
568 2991 698 3056 γοῦν
720 2993 850 3061 ἐλέῳ
881 2994 975 3064 τὴν
1004 2997 1339 3069 δικαιοσύνην
1361 3002 1669 3072 ἀνακιρνὰς,
1692 3021 1807 3072 πραι

1919 3005 2035 3072 ejus
2067 3021 2171 3059 non
2199 3014 2543 3074 temperatam
2565 3010 2744 3064 nullus
2767 3011 3038 3065 hominum
3071 3013 3382 3066 sustineret.

242 3083 458 3154 οτέρας
494 3086 724 3137 ποιεῖται
749 3086 843 3148 τὰς
866 3089 1006 3141 κατὰ
1034 3089 1135 3142 τῶν
1158 3092 1542 3161 ἡμαρτηκότων
1567 3096 1806 3158 ἀπειλάς·
1847 3097 2014 3159 ἄλλως
2035 3098 2140 3166 γὰρ
2162 3099 2389 3166 ἄκρατον
2425 3099 2585 3150 αὑτοῦ
2610 3101 2706 3170 τὴν
2759 3102 3094 3173 δικαιοσύνην
3156 3105 3252 3156 οὐκ
3273 3105 3336 3156 ἄν
3363 3121 3445 3166 τις

245 3175 354 3228 ἀνθ
359 3175 571 3245 ρώπων
601 3177 935 3244 ὑπομείνειεν

253 3320 258 3324 τ
318 3287 643 3355 Μακάριος
673 3291 706 3340 ό
736 3289 881 3354 λαὸς
910 3293 942 3342 ό
974 3290 1273 3358 γινώσκων
1307 3295 1665 3364 ἀλαλαγμόν.
1698 3300 1810 3350 K15-

234 3396 365 3447 ριε,
401 3379 480 3431 ἐν
503 3377 586 3441 τῷ
617 3378 760 3445 φωτὶ
789 3379 892 3430 τοῦ
918 3379 1232 3445 προσώπου
1257 3399 1370 3436 σου
1401 3387 1805 3452 πορεύσονται,

242 3467 352 3520 καὶ
391 3467 470 3518 ἐν
499 3465 580 3528 τῷ
618 3466 857 3534 ὀνόματί
887 3481 999 3520 σου
1039 3469 1494 3536 ἀγαλλιάσονται
1526 3473 1674 3541 ὅλην
1701 3476 1810 3542 τὴν

239 3554 513 3623 ἡμέραν,
555 3552 650 3605 καί
675 3554 743 3605 ἐν
769 3554 840 3621 τῇ
865 3555 1208 3625 δικαιοσύνῃ
1234 3574 1346 3611 σου
1374 3562 1803 3628 ὐψωθήσονται.

245 3647 375 3698 Ὅτι
401 3645 690 3712 καύχημα
716 3645 823 3712 τῆς
850 3645 1149 3715 δυνάμεως
1179 3648 1373 3702 αὐτῶν
1402 3651 1481 3704 σὺ
1509 3649 1578 3715 εῙ,
1617 3655 1710 3707 καί
1735 3657 1803 3707 ἐν

241 3734 324 3803 τῇ
351 3735 610 3800 εὐδοκία
642 3749 756 3788 σου
787 3736 1160 3802 ὑψωθήσεται
1180 3739 1246 3791 τὸ
1278 3740 1448 3808 κέρας
1470 3743 1653 3811 ἡμῶν.
1685 3747 1800 3798 Ὅτι

240 3825 357 3878 τοῦ
406 3823 634 3889 Κυρίου
677 3824 716 3888 ἡ
760 3825 1073 3892 ἀντίληψις
1121 3827 1303 3895 ἡμῶν,
1349 3830 1443 3882 καὶ
1484 3831 1586 3884 τοῦ
1633 3833 1798 3902 ἁγίου

255 3912 513 3980 Ἰσραὴλ
541 3911 841 3976 ,βασιλέως
865 3913 1044 3980 ἡμῶν.
1076 3916 1299 3985 Νοησεις
1318 3935 1375 3971 τε
1405 3919 1495 3970 καὶ
1521 3919 1689 3982 ἄλλως
1711 3922 1797 3973 τὸν

245 4001 580 4070 ἀλαλαγμὸν
601 4001 706 4052 ἀπὸ
729 4001 835 4052 τῶν
868 4002 1003 4054 κατὰ
1032 4005 1152 4066 τοὺς
1185 4007 1404 4074 καιροὺς
1431 4007 1534 4058 τῶν
1565 4007 1808 4078 πολέμων

243 4090 632 4153 ἀλαλαζόντων
654 4091 988 4160 στρατιωτῶν
1013 4094 1106 4145 καὶ
1132 4095 1290 4161 φόϐον
1322 4098 1679 4167 ἐμποιούντων
1700 4103 1808 4163 τοῖς

244 4183 470 4252 ἐχθροῖς
503 4179 592 4232 διὰ
622 4180 721 4248 τῆς
755 4180 988 4250 μείζονος
1019 4181 1143 4250 βοῆς
1175 4186 1268 4236 καὶ
1305 4186 1403 4255 τῆς
1443 4187 1579 4240 κατὰ
1609 4188 1806 4256 ταύτην

247 4265 596 4335 συμφωνίας.
619 4265 674 4316 '0
701 4265 756 4316 δὲ
787 4264 924 4327 θεῖος
939 4267 1254 4333 Ἀπόστολος
1277 4272 1371 4334 τὰς
1396 4275 1450 4324 ὲν
1479 4275 1613 4344 ἁγίῳ
1644 4276 1805 4328 Πνεύ-

248 4372 384 4422 ματι
415 4353 606 4422 εὐχὰς,
647 4353 744 4414 τὰς
783 4353 855 4424 μὴ
894 4353 980 4406 διὰ
1015 4358 1251 4422 γεγωνοῢ
1283 4360 1428 4429 βοῆς,
1462 4363 1592 4416 ἀλλὰ
1626 4367 1680 4415 ἐν
1711 4365 1799 4416 δυ-

239 4442 414 4510 νάμει
444 4438 758 4508 Πνεύματος
790 4441 1255 4510 ἀναπεμπομένας,
1295 4450 1541 4511 τοιαύτας
1574 4447 1706 4503 εἶναι
1729 4452 1802 4503 δι-

241 4528 444 4582 δάσκει
488 4527 685 4593 λέγων·
724 4527 873 4578 Αὐτὸ
919 4528 980 4579 τὸ
1023 4530 1260 4598 Πνεῦμα
1316 4537 1798 4606 ὑπερεντυγχάνει

244 4617 400 4684 ὑπὲρ
426 4613 600 4684 ἡμῶν
621 4615 966 4682 στεναγμοῖς
987 4617 1326 4686 ἀλαλήτοις.
1351 4622 1502 4676 Οὕτω
1540 4626 1595 4676 δὲ
1629 4627 1798 4694 μέγας

245 4705 326 4766 τίς
359 4706 479 4756 ἐστι
510 4701 604 4753 καὶ
637 4700 855 4762 σπάνιος
885 4704 912 4754 ὁ
935 4703 1184 4767 πολλάκις
1211 4707 1311 4760 ὑπὸ
1339 4709 1444 4762 τῶν
1469 4710 1623 4764 θείων
1657 4714 1796 4782 Γρα-

247 4797 362 4863 φῶν
398 4793 795 4864 ὀνομαζόμενος
827 4793 1151 4861 ἀλαλαγμὸς,
1193 4797 1266 4859 ὡς
1291 4801 1676 4870 μακαρίζεσθαι
1707 4805 1790 4856 τὸν

246 4886 592 4954 ἐπιστήμονα
620 4882 826 4946 τούτου,
860 4883 1056 4952 ὁμοίως
1086 4887 1196 4946 τοῖς
1233 4888 1676 4959 μακαριζομένοις
1699 4893 1790 4945 ἐπὶ

243 4980 354 5039 τοῖς
387 4976 572 5036 ἄλλοις
597 4973 735 5026 κατὰ
763 4973 892 5027 Θεὸν
920 4972 1314 5044 κατορθώμασι.
1349 4978 1437 5028 Διὸ
1461 4978 1687 5030 ἐνταῦθα
1708 4980 1792 5032 λέ-

245 5063 453 5118 λεκταιο
480 5061 778 5127 Μακάριος
808 5065 839 5115 ὀ
865 5062 1012 5126 λαὸς
1044 5065 1075 5115 ό
1103 5063 1402 5129 γινώσκων
1427 5065 1788 5131 ἀλαλαγμόν.

257 5153 343 5206 Ἐν
376 5153 588 5222 ἑτέροις
614 5149 670 5201 δὲ
704 5153 731 5201 6
772 5149 909 5211 θεῖος
948 5150 1098 5217 λόγος
1131 5151 1314 5205 θυσίαν
1343 5150 1476 5203 εἶναι
1507 5154 1593 5204 τὸν
1619 5157 1790 5208 τοιοῦ-

245 5257 334 5293 τον
388 5239 702 5307 ἀλαλαγμὸν
751 5238 982 5290 διδάσκει
1034 5239 1200 5306 λέγων
1226 5257 1238 5270 ·
1301 5242 1636 5293 Ἐκύκλωσα
1691 5248 1788 5299 καὶ

245 5330 434 5384 ἔθυσα
470 5331 542 5382 ἐν
592 5325 665 5394 τῆ
712 5327 906 5396 σκηνῇ
946 5329 1127 5381 αὐτοῦ
1173 5331 1386 5384 θυσίαν
1425 5331 1791 5401 ἀλαλαγμοῦ,

346 5481 389 5510 ³¹
428 5478 585 5531 Rom.
623 5492 749 5540 vm,
779 5475 865 5530 9.6.
941 5477 984 5509 ³³
1023 5475 1162 5532 Paul.
1201 5494 1357 5542 XXVI,
1395 5476 1448 5540 6,

1913 3269 1918 3274 ί
1985 3290 2145 3345 Vens.
2179 3291 2360 3346 lli-19.
2386 3293 2573 3345 Beatus
2602 3294 2817 3347 venulus
2836 3297 3035 3348 auiscit
3054 3298 3433 3365 jubilationcm.

1915 3380 2130 3434 Domine
2159 3381 2212 3432 in
2238 3381 2608 3445 luminevultus
2627 3382 2700 3432 tui
2733 3367 3147 3448 ambula'bunt,et
3163 3390 3215 3442 in
3237 3396 3439 3448 nomine

1914 3479 1998 3522 tuo
2009 3468 2337 3522 exsultabant
2354 3469 2620 3532 totadie,et
2634 3471 2686 3522 in
2699 3471 2908 3538 justitia
2942 3483 3029 3527 tua
3051 3479 3434 3538 excitabuntur.

1913 3559 2170 3624 Quoniam
2195 3557 2362 3626 gloria
2393 3559 2594 3612 virtutis
2631 3576 2806 3612 eorum
2837 3570 2890 3612 tu
2927 3578 3001 3624 es,
3042 3573 3088 3616 et
3119 3567 3170 3617 in
3201 3566 3437 3636 benepla-

1903 3649 2005 3699 cito
2042 3657 2128 3698 tuo
2152 3645 2467 3698 exaltabitur
2491 3664 2648 3700 cornu
2681 3659 2934 3704 nostrum.
2963 3651 3099 3717 Quia
3124 3653 3331 3710 Domini
3360 3669 3438 3714 est

1904 3737 2184 3802 assumptio
2216 3743 2413 3798 nostra,
2439 3744 2487 3789 et
2512 3739 2677 3790 sancti
2709 3737 2876 3792 Israel
2913 3742 3044 3810 regis
3076 3746 3255 3798 nostri.
3281 3745 3425 3801 Jubi-

1902 3825 2110 3878 lationis
2138 3824 2348 3876 modum
2375 3824 2478 3876 alia
2512 3827 2714 3881 ratione
2755 3828 3018 3899 intelligas
3041 3871 3054 3892 ,
3084 3847 3146 3886 ex
3194 3834 3419 3890 militum

1903 3913 1955 3965 in
1985 3920 2220 3981 tempore
2246 3915 2367 3970 belli
2385 3915 2718 3983 jubilatione,
2741 3925 2798 3970 ut
2827 3919 3008 3973 hostes
3047 3923 3247 3990 majore
3280 3925 3422 3979 edito

1906 4001 2157 4065 clamore,
2182 4003 2465 4072 additaque
2493 4005 2826 4073 symphonia,
2859 4009 3314 4074 perterrefaciant.
3351 4013 3434 4065 Di-

1905 4093 2063 4145 vinus
2092 4100 2266 4145 autem
2300 4094 2584 4162 Apostolus
2629 4095 2763 4147 tales
2815 4109 2934 4149 esse
2981 4097 3137 4150 docet
3165 4101 3432 4155 orationes

1905 4181 1960 4234 in
1993 4180 2192 4249 Spiritu
2221 4189 2426 4243 sancto,
2462 4197 2559 4235 nec
2581 4183 2685 4234 alta
2712 4198 2861 4245 voce,
2893 4185 2984 4238 sed
3016 4187 3068 4238 in
3103 4187 3294 4242 virtute
3318 4191 3432 4257 Spi-

1901 4272 2038 4325 ritus
2063 4273 2306 4334 emissas,
2340 4287 2459 4325 cum
2489 4272 2600 4325 ait:
2648 4273 2765 4342 Ipse
2813 4273 3036 4335 Spiritus
3070 4278 3298 4343 postulat
3334 4269 3436 4346 pro

1903 4360 2068 4423 nobis,
2095 4362 2363 4429 gemitibus
2384 4362 2815 4415 inenarrabilibus
2836 4365 2898 4415 ³³.
2929 4364 3096 4418 Tanta
3116 4382 3272 4435 porro
3299 4376 3429 4434 tam-

1901 4466 2002 4518 que
2024 4467 2143 4505 rara
2169 4464 2249 4507 est
2273 4454 2518 4521 jubilatio
2555 4455 2664 4515 illa,
2685 4455 2881 4522 passim
2905 4470 2934 4506 a
2963 4455 3158 4510 divinis
3185 4455 3427 4527 Scriptu-

1893 4540 1969 4593 ris
2016 4552 2338 4605 memorata,
2385 4554 2444 4596 ut
2473 4543 2660 4597 beatus
2715 4543 3032 4611 praedicetur
3079 4545 3170 4613 qui
3227 4562 3424 4614 gnarus

1892 4628 2034 4683 illius
2064 4637 2166 4692 est,
2195 4631 2414 4698 perinde
2443 4641 2599 4700 atque
2626 4631 2714 4684 alii
2741 4647 2806 4685 ex
2835 4634 3104 4700 praeclaris
3129 4636 3420 4689 seCundum

1889 4717 2054 4772 Deum
2079 4721 2241 4788 gestis
2264 4720 2402 4773 beati
2421 4721 2692 4775 dicuntur.
2722 4721 2842 4776 Ideo
2867 4723 2951 4775 hic
2975 4723 3203 4778 dicitur:
3229 4725 3422 4780 Beatus

1884 4807 2099 4873 populus
2126 4809 2212 4876 qui
2233 4809 2328 4861 scit
2346 4809 2726 4876 jubilationem.
2754 4811 2888 4864 Alibi
2915 4825 3040 4864 vero
3070 4811 3280 4866 divinus
3311 4829 3425 4868 ser-

1893 4910 1981 4949 mo
2007 4897 2311 4964 hujusmodi
2341 4898 2712 4964 jubilationem
2743 4900 2970 4953 hostiam
3010 4913 3129 4952 esse
3153 4901 3308 4955 docet
3340 4903 3422 4956 his

1887 4984 2104 5038 verbis:
2145 4985 2370 5039 Circuivi
2425 4995 2474 5040 et
2524 4989 2785 5041 immolavi
2837 4988 2887 5038 in
2930 4986 3262 5041 tabernaculo
3310 4991 3422 5055 ejus

1890 5071 2111 5125 hostiam
2138 5073 2463 5142 jubilationis
2494 5075 2555 5128 ⁸³.
2601 5075 2698 5129 Hic
2726 5087 2882 5143 porro
2906 5073 3114 5126 videtur
3137 5075 3266 5126 mihi
3300 5075 3424 5144 Spi‘

1889 5163 2024 5218 ritus
2053 5175 2270 5218 sanctus
2310 5165 2561 5233 populum
2592 5164 2794 5220 Christi
2834 5168 3015 5229 aperte
3045 5162 3264 5214 beatum
3292 5179 3429 5231 prae-

1889 5251 2069 5308 dicare
2095 5273 2108 5308 :
2139 5255 2251 5323 ipse
2271 5268 2500 5322 namque
2527 5270 2647 5309 cum
2673 5255 2728 5307 in
2759 5251 2998 5305 notitiam
3025 5251 3238 5303 venerit
3257 5253 3430 5306 victo-

1889 5343 1982 5396 riae
2011 5359 2040 5397 a
2073 5342 2345 5398 Salvatore
2373 5353 2558 5398 nostro
2582 5345 2647 5399 de
2670 5339 2905 5397 inimicis
2927 5343 3088 5406 partze
3106 5376 3122 5400 ,
3171 5337 3438 5396 adversus
