3848 6400
260 333 427 389 1⁸097

1384 338 1867 394 (ΣΟΜΜΕΝἹἊΠΙΑ
1902 339 1966 393 ΙΝ
2006 336 2333 393 ΡδΑιιιοδ.

2212 28 2357 35 νς-νντ

3303 341 3323 393 Ι
3335 342 3433 394 098

255 445 535 495 renisam
557 445 912 513 ἀὶαιιιιγμόν.
944 446 1048 497 Καὶ
1068 448 1099 514 ὴ
1108 447 1221 515 μῶν
1245 448 1299 499 δὲ
1326 449 1499 501 αὐτῶν
1525 449 1629 501 τῶν
1649 449 1810 503 ταῦτα

1917 458 2021 503 tur.
2055 449 2205 515 Quod
2245 442 2420 503 autem
2452 464 2641 515 cornu,
2688 451 2790 506 nisi
2840 452 2890 506 id
2934 453 3078 520 quod
3121 467 3185 507 ex
3233 454 3436 509 sermne

251 529 645 592 Θεσπιζόντων
672 530 758 582 διὰ
786 530 877 582 τοῦ
917 531 1223 601 Πνεῦματος
1253 534 1536 603 προφητῶν
1563 535 1623 586 τὸ
1654 536 1810 605 κέρας

1917 538 2078 591 David
2127 538 2419 592 secundum
2482 546 2660 603 tuam,
2721 538 2973 602 Domine,
3025 541 3434 608 promissionem

250 618 645 688 ὑψωθήσεται.
681 620 834 671 Ποῖον
856 619 912 671 δὲ
943 621 1099 691 κέρας
1127 622 1159 690 ἦ
1186 622 1246 673 τὸ
1279 623 1465 691 μέλλον
1488 625 1550 675 ὲκ
1577 618 1815 693 σπέρμαο

248 722 369 768 τος
399 706 564 758 Δαυῒδ
593 707 730 761 κατά
758 707 851 776 τὴν
894 710 1009 777 σὴν,
1047 702 1092 760 ὦ
1119 708 1306 778 Κύριε,
1337 710 1658 777 ἐπαγγελίαν
1687 728 1818 779 προ-

248 795 631 859 ελεύσεσοα.;
656 798 764 851 Καὶ
784 796 935 849 τοῦτο
960 798 1063 867 γὰρ
1090 798 1149 851 τὸ
1170 799 1330 868 κέρας
1347 799 1519 869 ἡμῶν,
1554 801 1611 852 ὲν
1629 792 1673 867 ᾧ
1695 800 1817 861 τοὺς

250 884 512 952 ἐχθροὺς
553 885 707 954 ήῃῶν
736 886 1105 956 κερατιοῦμεν,
1138 889 1193 939 ἐν
1223 890 1287 957 τῇ
1318 888 1529 959 εὐδοκία
1557 905 1648 940 σου
1678 888 1817 955 ὑψω-

250 974 530 1043 θήσεται,
553 974 646 1027 σοῦ
673 974 956 1043 τοῦἋγίου
985 977 1211 1046 Ἰσραὴλ,
1240 978 1332 1032 τοῦ
1363 978 1617 1047 βασιλέως
1643 978 1813 1048 ἡμῶν,

252 1063 806 1133 ἀντιλαμϐανομένου
849 1066 947 1134 τῆς
987 1066 1172 1119 τούτου
1212 1066 1304 1118 τοῦ
1342 1068 1513 1137 κέρως
1538 1069 1812 1135 γενέσεως.

255 1152 404 1209 Εἶεν
438 1154 484 1206 δ’
517 1154 585 1207 ἂν
614 1149 769 1208 αὗται
797 1157 964 1223 φωναὶ
996 1156 1319 1225 προφητικαὶ
1352 1158 1408 1222 ἐξ
1434 1158 1626 1211 οἰκείου
1655 1175 1816 1227 προσ-

250 1242 429 1295 ώπου
462 1242 532 1295 τὰ
561 1244 888 1313 προκείμενα
924 1245 1312 1313 ἀναφωνοῦσαι,
1355 1246 1517 1316 κέρας
1552 1262 1609 1298 τε
1643 1248 1815 1298 αὐτῶν

250 1331 637 1400 ὁμολογοῦσαι
666 1328 803 1387 εἶναι
829 1333 918 1385 τὸν
944 1334 1081 1389 κατὰ
1112 1334 1285 1407 σάρκα
1309 1334 1668 1403 φανησόμενον
1687 1337 1727 1387 Χ
1737 1353 1816 1405 ρι-

252 1422 400 1473 στὸν
429 1421 523 1473 τοῦ
546 1421 699 1475 Θεοῦ.

340 1537 491 1589 Τότε
529 1535 832 1602 ἐλάλησας
861 1536 930 1589 ἐν
959 1536 1157 1603 ὁράσει
1196 1537 1317 1603 τοῖς
1358 1539 1503 1604 υἱοῖς
1542 1556 1673 1604 σου,
1719 1542 1811 1593 καὶ

1916 627 2247 693 proditurum
2297 624 2417 679 est?
2461 624 2590 681 Nam
2643 626 2770 679 illud
2816 642 2983 679 cornu
3035 635 3295 689 nostrum,
3327 643 3435 696 quo

1917 717 2160 769 inimicos
2202 724 2419 771 nostros
2445 715 2843 780 ventilabimus,
2882 715 2937 768 in
2979 715 3310 785 beneplacito
3342 726 3434 772 tuo

1914 805 2271 859 cxaltabitur:
2301 811 2354 857 te
2403 804 2598 857 Sancto
2641 802 2825 866 Israel,
2862 818 2986 873 rege
3028 814 3232 867 nostro,
3274 806 3433 873 hujus

1914 906 2079 944 cornu
2106 900 2283 949 ortum
2336 901 2671 959 procurante.
2716 890 2806 944 liae
2834 907 2993 960 porro
3021 907 3179 947 voces
3210 896 3431 963 prophe-

1916 989 2090 1034 tarum
2138 979 2355 1043 fuerint,
2407 996 2473 1034 ex
2518 980 2731 1050 pr0pria
2775 995 3001 1049 persona
3037 981 3149 1037 haec
3179 998 3297 1051 qua
3323 983 3432 1051 jam

1914 1078 2207 1123 tractamus
2261 1068 2666 1137 proferentium,
2723 1085 2787 1122 ac
2844 1069 3207 1124 conﬁtentium
3265 1086 3432 1125 cornu

1914 1172 2068 1210 suum
2112 1171 2233 1211 esse
2277 1156 2547 1211 Christum
2585 1156 2698 1224 Dei,
2749 1158 2840 1227 qui
2888 1159 3183 1218 secundum
3219 1174 3433 1217 carnem

1914 1246 2223 1316 proditurus
2245 1248 2299 1302 in
2326 1247 2499 1304 lucem
2521 1254 2624 1303 est.

1980 1523 2140 1578 Vens.
2173 1523 2360 1577 2l-25.
2383 1524 2522 1578 Tunc
2548 1526 2744 1580 locutus
2772 1542 2824 1578 es
2853 1527 2905 1578 in
2936 1527 3125 1583 visione
3156 1528 3280 1594 ﬁliis
3309 1527 3432 1593 tuis,

251 1619 477 1687 εἶπας-⁸
554 1624 791 1691 Ἐθέμην
822 1625 1104 1690 ,βοήθειαν
1149 1625 1244 1677 ἐπὶ
1280 1603 1559 1680 δυνατόν’
1604 1629 1810 1695 ὕψωσιι

1911 1625 1957 1669 et
1978 1615 2192 1667 dixisti:
2227 1614 2383 1667 Posui
2413 1615 2727 1682 adjutorium
2760 1617 2813 1667 in
2839 1625 3070 1682 potente;
3092 1603 3433 1669 exaltabieie-

250 1711 570 1764 ἐκλεκτὸν
588 1712 657 1765 ἐκ
686 1714 788 1767 τοῦ
809 1714 958 1767 λαοῦ
977 1731 1111 1781 μου.
1132 1710 1323 1781 Εὗρον
1349 1715 1524 1769 Δαυῒδ
1544 1716 1648 1769 τὸν
1676 1717 1811 1771 δοῦ-

257 1800 383 1852 λόν
399 1815 549 1865 μου,
574 1799 643 1849 ἐν
661 1800 835 1864 ἐλαίῳ
860 1800 1001 1866 ἁγίῳ
1020 1817 1136 1867 μου
1158 1801 1369 1868 ἐγρισα
1391 1804 1589 1859 αὐτόν.
1627 1805 1686 1859 Ἡ
1704 1806 1809 1877 γὰρ

254 1889 399 1956 χείρ
441 1905 566 1955 μου
609 1890 1109 1956 συναντιλήψεται
1144 1890 1319 1954 αὐτῷ,
1359 1892 1455 1945 καὶ
1490 1895 1522 1945 ὁ
1546 1894 1811 1962 βραχίων

254 1995 379 2043 μου
418 1978 774 2045 κατισχύσει
803 1979 1001 2031 αὐτόν.
1046 1980 1163 2031 Οὐκ
1195 1979 1483 2046 ὠφελήσει
1511 1982 1716 2053 ἐχθρὸς
1744 1983 1811 2035 ἐν

254 2065 454 2132 αὐτῷ,
487 2067 586 2121 καί
634 2066 761 2131 υίὸς
804 2067 1047 2134 ἀνομίας
1076 2070 1146 2121 οὐ
1175 2068 1422 2122 κακώσει
1466 2072 1664 2123 αὐτόν.
1702 2074 1809 2124 Καὶ

253 2157 567 2225 συγκόψω
594 2156 710 2209 ἀπὸ
737 2158 1052 2224 προσώπου
1082 2158 1262 2211 αὐτοῦ
1290 2159 1427 2224 τοὺς
1453 2160 1696 2227 ἐχθροὺς
1718 2164 1811 2214 αὐ.

257 2245 396 2308 τοῦ,
432 2246 534 2297 καὶ
569 2245 709 2308 τοὺς
734 2247 1057 2314 μισοῦντας
1082 2246 1262 2299 αὐτὸν
1292 2247 1673 2317 τροπώσομαι.
1702 2251 1809 2303 Καὶ

256 2338 295 2403 ἢ
329 2333 596 2399 ἀλήθειά
616 2351 734 2402 μου
764 2334 951 2389 καὶτὸ
986 2337 1153 2400 ἔλεός
1186 2354 1303 2404 μου
1325 2340 1447 2406 μετ’
1482 2339 1684 2404 αὑτοῦ,
1716 2343 1809 2394 καί

259 2426 328 2476 ἑν
359 2424 450 2488 τῷ
489 2424 732 2492 ὀνόματί
767 2442 881 2493 μου
911 2425 1279 2491 ὑψωθήσεται
1308 2427 1373 2479 τὸ
1413 2427 1585 2496 κέρας
1606 2430 1807 2489 αὑτοῦ.

260 2514 458 2579 "Arrcti
497 2514 587 2569 διὰ
623 2513 730 2569 τῶν
754 2513 1049 2584 ἔμπροσθεν
1093 2516 1459 2587 μνημονεύσας
1481 2518 1510 2573 ὁ
1540 2515 1690 2585 λόγος
1718 2518 1809 2577 τοῦ

258 2605 451 2674 κέρως
475 2606 535 2656 ἐν
562 2600 642 2666 οἷς
673 2603 794 2672 ἔφη’
835 2604 927 2656 Ἐν
944 2603 1017 2671 τῇ
1044 2604 1281 2670 εὐδοκία
1301 2620 1417 2658 σου
1439 2607 1811 2673 ὑψωθήσεται

256 2693 327 2745 τὸ
353 2691 544 2757 κέρας
570 2688 754 2758 ἡμῶν,
785 2690 1089 2757 ἀναγκαίως
1120 2691 1317 2760 προῖὼν
1340 2692 1575 2747 διδάσκει
1601 2692 1652 2744 τί
1687 2709 1809 2743 ποτε

257 2777 326 2850 ἦν
364 2779 531 2832 τοῦτο
556 2779 618 2831 τὸ
643 2780 825 2852 κέρας,
865 2781 957 2832 καὶ
985 2779 1144 2835 πόθεν
1170 2778 1305 2848 ἥξει,
1336 2780 1428 2838 καὶ
1456 2780 1567 2844 πῶς
1598 2781 1809 2851 ὑψωθή-

259 2888 446 2923 σεται.
477 2871 570 2923 Διό
599 2886 778 2939 φησιν·
812 2870 928 2923 Ὅτι
949 2870 1053 2923 τοῦ
1074 2873 1288 2940 Κυρίου
1314 2871 1483 2927 ἐστίν
1512 2874 1549 2939 ἡ
1575 2872 1810 2939 ἀντίλη-

259 2962 393 3025 ψις,
436 2960 469 3027 ἡ
506 2928 813 3027 τοῦ-κέρως
841 2957 1091 3027 δηλονότι.
1123 2928 1319 3029 ἰξυάου
1359 2960 1415 3015 δὲ
1450 2928 1618 3027 ποίου,
1654 2961 1686 3031 ἢ
1717 2928 1807 3013 τοῦ

1912 1714 2047 1757 ctum
2084 1720 2148 1758 ea:
2179 1705 2366 1771 populo
2415 1721 2543 1757 meo.
2598 1704 2774 1757 Inveni
2814 1706 2975 1758 David
3012 1721 3211 1761 servum
3246 1721 3433 1768 meum,

1912 1795 2022 1846 oleo
2051 1804 2230 1848 sancto
2274 1809 2381 1847 meo
2414 1796 2538 1845 ιιπαὶ
2568 1811 2705 1847 eum.
2752 1794 2941 1848 Manus
2970 1797 3105 1850 enim
3144 1812 3255 1850 mea
3284 1798 3435 1848 auxi-

1910 1885 2123 1938 liabitur
2150 1887 2217 1949 ei,
2246 1894 2294 1938 et
2318 1885 2584 1938 brachium
2613 1904 2782 1941 meum
2808 1888 3120 1956 ronfortabit
3148 1904 3285 1941 eum.
3315 1886 3433 1941 Non

1907 1973 2140 2041 proﬁciet
2173 1974 2408 2027 inimicus
2449 1975 2502 2027 in
2541 1992 2619 2038 eo,
2652 1990 2702 2028 et
2728 1976 2869 2042 ﬁlius
2900 1978 3186 2046 iniquitatis
3217 1994 3318 2035 non
3344 1993 3435 2030 no-

1908 2063 2037 2116 cebit
2061 2064 2127 2117 ei.
2160 2063 2225 2116 Et
2254 2066 2522 2119 concidam
2551 2082 2584 2117 a
2610 2064 2742 2131 facie
2770 2066 2931 2132 ipsius
2961 2066 3197 2120 inimicos
3222 2066 3357 2133 ejus,
3384 2078 3433 2119 et

1909 2150 2133 2206 odientes
2159 2169 2275 2206 eum
2301 2154 2355 2205 in
2381 2154 2556 2223 fugam
2586 2165 2894 2207 convertam.
2927 2153 2996 2207 Et
3026 2157 3211 2215 veritas
3242 2171 3355 2208 mea
3383 2166 3432 2211 et

1908 2241 2262 2294 misericordia
2289 2258 2401 2296 mea
2424 2258 2538 2295 cum
2560 2245 2692 2310 ipso,
2720 2253 2767 2295 et
2794 2244 2847 2296 in
2871 2245 3072 2298 nomine
3096 2260 3205 2297 meo
3230 2244 3435 2298 exalta-

1910 2333 2045 2388 bilur
2089 2349 2247 2385 cornu
2291 2333 2422 2400 ejus.
2474 2333 2608 2386 Cum
2652 2333 2813 2387 semel
2856 2342 3013 2386 antea
3056 2347 3236 2386 sermo
3265 2348 3433 2393 cornu

1908 2423 2297 2485 memoraverit,
2324 2439 2445 2477 eum
2474 2422 2674 2478 diceret
2700 2440 2714 2476 :
2747 2421 2812 2475 In
2834 2422 3145 2490 beneplaeito
3170 2432 3257 2477 tuo
3284 2424 3432 2476 exal-

1909 2510 2104 2563 tabitur
2139 2526 2298 2567 cornu
2323 2519 2576 2573 nostrum,
2606 2510 2912 2564 necessario
2940 2510 3094 2565 docet
3122 2512 3173 2564 in
3205 2527 3435 2580 sequen.

1909 2597 2051 2652 tibus
2079 2598 2343 2667 quodnam
2378 2597 2505 2651 illud
2531 2613 2719 2662 cornu,
2746 2597 2887 2651 unde
2913 2608 3194 2652 venturum
3219 2609 3274 2654 et
3301 2616 3435 2669 quo-

1909 2688 2067 2741 modo
2094 2686 2436 2741 exaltandum
2468 2688 2557 2741 sit.
2586 2686 2944 2756 Quamobrem
2979 2688 3128 2753 dicit,
3163 2688 3299 2753 Quia
3326 2688 3435 2741 Do-

1910 2779 2036 2832 mini
2071 2787 2148 2832 est
2190 2779 2494 2845 assumptio,
2549 2778 2692 2832 illius
2729 2792 2898 2832 cornu
2931 2778 3194 2832 videlicet.
3227 2779 3432 2840 Domini

1908 2874 2083 2920 autem
2122 2862 2424 2930 cuiusnam,
2466 2864 2569 2917 nisi
2613 2863 2794 2918 Sancti
2820 2862 3003 2926 Israel,
3046 2865 3188 2933 regis
3225 2866 3438 2921 nostri?

1909 2953 2026 3022 ipse
2058 2969 2286 3022 namque
2321 2954 2577 3008 Dominus
2617 2962 2671 3008 et
2720 2952 2953 3008 Sanctus
3000 2952 3162 3008 Israel
3194 2971 3307 3015 rex,
3343 2955 3435 3017 Dei

272 3048 470 3111 ’Λγίου
487 3046 701 3119 Ἰσραὴλ
716 3046 807 3105 τοῦ
830 3047 1084 3115 βασιλέως
1103 3048 1284 3120 ήμῶν;
1317 3050 1483 3113 Αὐτὸς
1512 3050 1615 3121 γὰρ
1641 3052 1670 3103 ὁ
1698 3050 1809 3102 Κῦ-

1912 3043 2162 3109 Verbum,
2208 3044 2505 3112 assumptio
2554 3043 2655 3096 erit
2689 3057 2859 3096 cornu
2892 3043 3085 3106 nostri,
3121 3045 3199 3096 uti
3234 3045 3438 3112 pollici-

264 3156 380 3208 ριος
411 3137 513 3189 καὶ
536 3137 565 3194 ὁ
589 3137 772 3204 Ἄγιος
812 3136 904 3191 τοῦ
955 3138 1163 3207 Ἰσραὴλ
1199 3138 1460 3207 βασιλεὺς,
1492 3142 1520 3192 ὁ
1545 3140 1637 3192 τοῦ
1674 3140 1804 3193 Θεοῦ

260 3227 462 3293 Λόγος,
497 3225 775 3295 ἀντίληψις
806 3225 952 3278 ἔσται
976 3226 1067 3278 τοῦ
1092 3228 1265 3297 κέρως
1298 3230 1450 3297 ἡμῶν
1480 3230 1600 3285 καθ’
1623 3229 1686 3292 ἃς
1715 3247 1809 3281 πε-

261 3318 490 3387 ποίηται
526 3315 870 3382 ἐπαγγελίας,
899 3316 1128 3384 ὁπηνίκα
1166 3316 1312 3369 λαλεῖ
1341 3318 1425 3370 διὰ
1456 3319 1561 3370 τῶν
1598 3336 1809 3388 προφη-

259 3406 370 3459 τῶν
404 3406 539 3476 περὶ
579 3404 670 3457 τοῦ
701 3404 973 3474 μέλλοντος
1018 3407 1082 3459 ὲκ
1129 3406 1431 3474 σπέρματος
1478 3409 1635 3463 Δαυῖδ
1682 3426 1810 3479 προ.

259 3494 613 3547 ελεύσεσθαι.
662 3496 786 3550 Ὅτε
827 3494 952 3565 γὰρ,
999 3497 1177 3564 φησιν,
1225 3495 1484 3564 ὲλάλησας
1528 3499 1585 3549 ὲν
1628 3498 1808 3566 ὁράσει

259 3586 375 3646 τοῖς
415 3583 599 3649 ἁγίοις
628 3598 740 3643 σου,
766 3583 833 3640 τά
859 3599 915 3633 τε
955 3583 1276 3654 προκείμενα
1318 3584 1620 3655 ὲπηγγείλω
1644 3586 1729 3647 σὺ,
1764 3579 1809 3640 ὦ

259 3671 422 3733 Θεὸς,
453 3668 545 3720 διὰ
577 3667 685 3719 τῶν
716 3668 937 3721 σεαυτοῦ
975 3668 1102 3721 υίῶν
1138 3669 1241 3722 τῶν
1275 3671 1578 3747 προφητῶν,
1607 3666 1684 3734 οἷς
1714 3672 1808 3734 τὰς

260 3761 492 3829 ὁράσεις
517 3757 623 3810 τῶν
662 3756 952 3825 μελλόντων
987 3759 1373 3822 ἁπεκάλυπτες·
1412 3760 1479 3813 δι’
1507 3759 1679 3815 αὐτῶν
1702 3759 1809 3830 γὰρ

261 3850 358 3900 καὶ
392 3845 716 3913 ποιούμενος
754 3844 849 3906 τὰς
885 3845 1203 3912 ἐπαγγελίας
1242 3847 1336 3913 τὰς
1368 3847 1501 3917 πρὸς
1523 3848 1610 3900 τὸν
1631 3847 1807 3909 Δαυῖδ,

262 3937 485 4003 τούτοις
518 3934 735 4002 ἐχρήσω
764 3936 874 3996 τοῖς
904 3933 1096 4003 λόγοις·
1150 3934 1385 4003 Ἐθέμην
1402 3936 1685 4006 βοήθειαν
1711 3937 1807 3989 ἐπὶ

261 4025 553 4079 δυνατόν’
582 4024 794 4089 ὕψωσα
821 4023 1097 4076 ἐκλεκτὸν
1117 4024 1184 4076 ἐκ
1209 4023 1311 4077 τοῦ
1337 4024 1485 4077 λαοῦ
1503 4042 1636 4092 μου.
1673 4024 1806 4077 'AvO'

261 4110 337 4166 ὧν
367 4117 399 4166 ὁ
432 4113 726 4181 Σύμμαχος
749 4110 929 4163 τοῦτον
956 4113 1254 4183 ἡρμήνευσε
1284 4114 1371 4165 τὸν
1398 4114 1610 4180 τρόπον’
1649 4114 1808 4166 Ἐπέ-

261 4205 422 4268 θηκα
464 4201 787 4265 ἀντίληψιν
817 4199 1064 4265 ἀνδρῶν,
1103 4200 1315 4267 ὕψωσα
1358 4202 1668 4254 ἐπίλεκτον
1693 4199 1807 4261 ἀπὸ

264 4294 372 4346 τοῦ
398 4290 559 4345 λαοῦ
579 4307 716 4357 μου.
751 4284 941 4355 Εὗρον
964 4288 1137 4341 Δαυῒδ
1164 4288 1265 4341 τόν
1295 4289 1514 4342 δοῦλόν
1544 4308 1681 4356 μου,
1719 4289 1808 4341 καὶ

264 4383 333 4435 τὰ
364 4382 498 4450 ἑξῆς
523 4382 634 4440 τοῖς
676 4378 1061 4446 Ἐὅδομήκοντα
1095 4378 1495 4447 παραπλησίως’
1531 4372 1603 4434 ὧν
1633 4381 1664 4447 ἡ
1693 4379 1808 4433 διά-

263 4489 387 4525 νοια
418 4469 610 4522 τοῦτον
639 4467 748 4536 εχει
774 4467 862 4519 τὸν
888 4466 1096 4536 τρόπον’
1135 4466 1305 4519 Πολλὰ
1354 4468 1586 4536 ζητήσας
1622 4468 1679 4518 ὲν
1715 4468 1808 4519 ἁν-

266 4561 513 4629 θρώποις
541 4556 688 4627 ἄξιον
718 4557 890 4625 εὑρεῖν
916 4555 1169 4623 ἐμαυτοῦ,
1203 4556 1347 4624 μόλις
1383 4556 1509 4611 ποτὲ
1543 4553 1694 4625 εὗρον
1720 4557 1807 4609 τὸν

264 4649 455 4703 δοῦλόν
491 4664 592 4717 μου
621 4645 801 4705 Δαυῒδ,
840 4645 929 4696 τὸν
960 4644 1023 4695 δι’
1050 4645 1343 4715 ὑπερϐολὴν
1363 4647 1635 4709 εὐσεδείας
1665 4644 1807 4701 οἷκον

267 4740 361 4790 ἐπὶ
390 4737 497 4804 γῆς
526 4734 803 4801 εὐκτήριον
829 4732 949 4798 ὲμοῖ
974 4730 1252 4798 δείμασθαι
1288 4732 1441 4800 μόνον
1465 4732 1569 4784 τῶν
1599 4733 1655 4803 ἐξ
1683 4735 1808 4787 αἰῶ-

266 4844 356 4888 νος
387 4821 817 4890 διανενοημένον.
845 4820 1036 4889 Διόπερ
1063 4820 1287 4890 ἀμοιϐὴν
1315 4821 1458 4889 αὐτῷ
1479 4823 1573 4889 τῆς
1608 4823 1809 4893 ἀγαθῆς

192 4902 196 4906 ’
270 4917 365 4967 καὶ
405 4910 664 4972 εὐσεϐοῦς
706 4908 1063 4981 προαιρέσεως
1102 4909 1449 4979 δωρούμενος,
1479 4910 1589 4962 ἀνθ’
1612 4907 1671 4963 οὗ
1700 4911 1810 4967 δια.

269 5006 523 5074 νενόηται
573 5000 741 5063 οἴκου,
795 4997 953 5060 αὐτὸς
998 4998 1213 5067 ὲμαυτῷ
1259 4998 1388 5051 νεὼν
1438 4998 1693 5065 πανάγιον
1747 5004 1810 5058 ὲκ

272 5095 588 5163 σπέρματος
620 5087 781 5140 αὐτοῦ
814 5087 1213 5139 κατασκευάσω.
1252 5087 1403 5147 Νεὼς
1445 5088 1555 5156 γὰρ
1594 5084 1661 5156 ἦν
1692 5092 1720 5143 ὁ
1748 5092 1811 5145 ὲκ

271 5183 586 5251 σπέρματος
619 5176 776 5229 Δαυῖδ
790 5175 1026 5242 γεγονὼς
1047 5172 1319 5246 ἄνθρωπος
1346 5176 1436 5231 τοῦ
1464 5179 1812 5246 κατασκηνὼ-

274 5286 463 5331 σαντος
490 5270 548 5320 ἐν
564 5267 711 5335 αὑτῴ
733 5265 863 5317 Θεοῦ
887 5267 1073 5333 Λόγου.
1104 5268 1168 5319 Ὃ
1189 5266 1251 5337 δὴ
1279 5267 1370 5318 καὶ
1395 5265 1552 5326 αὐτὸς
1576 5267 1603 5317 ὁ
1624 5267 1813 5339 Σωτὴρ

274 5361 520 5414 ἐδίδασκε
551 5357 678 5425 περὶ
704 5355 793 5407 τοῦ
826 5356 950 5407 ἰδίου
975 5354 1213 5424 σώματος
1231 5355 1422 5421 λέγων’
1448 5357 1676 5408 Λύσατε
1707 5359 1815 5411 τὸν

272 5449 423 5502 ναὸν
448 5446 684 5507 τοῦτον,
718 5444 811 5498 καὶ
836 5445 904 5501 ἐν
927 5444 1117 5516 τρισίν
1146 5447 1384 5515 ἡμέραις
1405 5444 1577 5515 ἐγερῶ
1598 5448 1814 5507 αὐτόν.

234 5652 237 5657 .
346 5607 390 5639 ³⁸
428 5604 587 5659 Joan.
627 5615 696 5659 ιι,
735 5598 816 5651 l9.

549 5695 816 5758 ΡΔτιωι..
851 5692 961 5754 lie.
993 5693 1189 5758 XXIII

1909 3140 1997 3187 tus
2028 3140 2129 3194 est,
2175 3147 2295 3185 cum
2343 3148 2437 3200 per
2484 3132 2767 3201 prophetas
2816 3146 3115 3186 sermonem
3149 3133 3345 3187 faceret
3371 3134 3438 3188 de

1910 3222 2000 3275 illo
2019 3221 2110 3290 qui
2132 3237 2197 3274 ex
2219 3222 2422 3275 semine
2440 3221 2602 3273 David
2625 3221 2933 3289 proditurus
2958 3230 3093 3275 erat.
3117 3222 3249 3274 Cum
3271 3223 3436 3287 enim,

1909 3309 2100 3378 inquit,
2130 3310 2339 3364 locutus
2358 3325 2417 3364 es
2446 3310 2500 3363 in
2529 3311 2734 3363 visione
2760 3312 2962 3366 sanctis
2982 3312 3108 3374 tuis,
3138 3320 3191 3366 et
3217 3313 3327 3367 baac
3355 3321 3436 3378 tu,

1910 3398 2069 3463 Deus,
2098 3414 2193 3467 per
2225 3400 2363 3454 ﬁlios
2412 3410 2533 3453 tuos
2556 3400 2839 3470 prophetas
2883 3400 3197 3469 promisisti,
3242 3403 3438 3470 quibus

1910 3488 2210 3544 futurorum
2237 3490 2474 3544 visiones
2504 3490 2773 3553 revelasti,
2804 3506 2899 3559 per
2929 3506 3022 3545 eos
3055 3508 3282 3560 namque
3309 3508 3437 3561 pro-

1910 3580 2193 3634 missiones
2221 3579 2407 3633 Davidi
2437 3579 2662 3644 cdebas;
2685 3588 2813 3633 tunc
2849 3580 2935 3634 his
2965 3596 3096 3634 usus
3125 3581 3302 3636 verbis
3331 3597 3390 3636 cs
3420 3600 3436 3634 :

1911 3671 2074 3727 Posui
2116 3670 2434 3739 adjutorium
2481 3670 2535 3723 in
2575 3679 2776 3735 potente
2805 3687 2823 3723 :
2854 3670 3081 3725 excitavi
3126 3671 3339 3723 electum
3374 3673 3437 3725 de

1907 3763 2047 3829 plebe
2076 3777 2207 3815 mea.
2241 3758 2346 3813 Pro
2392 3774 2498 3827 quo
2547 3758 2903 3829 Symmachus
2948 3759 3051 3814 hoc
3084 3767 3240 3828 pacto
3274 3760 3438 3815 inter-

1910 3861 2148 3923 pretatus
2190 3860 2293 3912 est,
2346 3850 2506 3903 Posui
2559 3849 2880 3918 adjutorium
2924 3851 3173 3913 virorum,
3212 3852 3438 3911 exaltavi

1908 3944 2122 3997 electum
2161 3960 2193 3994 a
2231 3941 2418 4010 popqu
2451 3957 2581 3993 meo.
2618 3941 2795 3993 Inveni
2824 3940 2987 3993 David
3019 3957 3217 3994 servum
3246 3957 3435 4007 meum,

1908 4044 1962 4089 et
1981 4035 2184 4102 reliqua
2206 4032 2341 4085 LXX
2371 4030 2791 4099 interpretationi
2816 4029 3007 4083 similia
3035 4048 3048 4083 :
3071 4044 3298 4098 quorum
3327 4030 3438 4083 haec

1909 4131 1993 4178 est
2038 4123 2301 4177 sententia
2335 4139 2349 4174 :
2390 4120 2523 4174 Cum
2565 4120 2620 4174 in
2643 4118 2947 4172 hominibus
2987 4117 3077 4171 diu
3106 4118 3438 4185 multumque

1911 4213 2243 4289 quaesiissem
2271 4211 2445 4264 virum
2491 4226 2575 4264 me
2621 4209 2861 4278 dignum,
2898 4209 2981 4261 vix
3013 4208 3226 4261 tandem
3259 4207 3433 4263 inveni

1912 4300 2076 4355 David
2123 4315 2336 4354 servum
2381 4313 2579 4361 meum,
2627 4297 2717 4364 qui
2749 4296 2945 4364 ingenti
2996 4296 3190 4363 pietate
3235 4303 3434 4358 motus,

1911 4392 2058 4446 solus
2084 4406 2149 4447 ex
2177 4390 2245 4444 iis
2273 4388 2365 4459 qui
2391 4403 2421 4440 a
2452 4387 2646 4441 saeculo
2677 4384 2893 4445 fuerunt
2922 4385 3137 4438 domum
3161 4385 3288 4439 mihi
3314 4401 3437 4439 ora-

1910 4480 2074 4537 tionis
2101 4486 2379 4533 exstruere
2401 4475 2670 4544 cogitavit.
2702 4476 2880 4538 Quare
2903 4474 3025 4527 boni
3056 4474 3236 4544 piique
3259 4476 3437 4529 consi-

1909 4568 1966 4621 lii
1992 4568 2159 4622 vicem
2190 4567 2290 4634 ipsi
2329 4565 2648 4634 rependens,
2689 4579 2784 4633 pro
2821 4564 2983 4617 domo
3011 4580 3171 4631 quam
3202 4566 3437 4619 excitam

1908 4657 2095 4718 voluit,
2120 4656 2247 4708 mihi
2279 4670 2344 4709 ex
2374 4653 2577 4707 semine
2602 4653 2719 4721 ejus
2750 4653 3001 4720 templum
3034 4653 3435 4709 sanctissimum

1909 4742 2342 4798 adornabo.Nam
2363 4741 2453 4809 qui
2472 4755 2534 4794 ex
2556 4741 2758 4795 semine
2780 4738 2945 4793 David
2969 4738 3143 4792 factus
3158 4749 3241 4793 est
3258 4740 3436 4800 homo.

1910 4833 1999 4887 Dei
2044 4831 2204 4886 Verbi
2246 4832 2299 4884 in
2336 4830 2451 4898 ipso
2500 4829 2787 4883 habitantis
2816 4828 3069 4896 templum
3110 4836 3249 4881 erat.
3290 4828 3443 4892 Quod

1908 4924 2067 4977 etiam
2096 4921 2340 4974 Salvator
2368 4921 2481 4982 ipse
2503 4919 2729 4973 docebat
2741 4919 2806 4972 de
2839 4930 3063 4984 corpore
3090 4932 3195 4971 suo
3224 4917 3441 4977 dicens;

1909 5008 2099 5063 Solvite
2110 5006 2349 5076 templum
2361 5006 2473 5068 hoc,
2490 5017 2538 5058 et
2555 5007 2606 5059 in
2620 5007 2783 5058 tribus
2795 5004 2971 5059 diebus
2981 5003 3224 5056 excitabo
3240 5003 3369 5059 illud
3382 5005 3445 5055 ³⁸.

1911 5098 2084 5166 Atque
2116 5094 2397 5151 admodum
2426 5104 2782 5165 congruenter
2806 5092 3164 5163 promissioni
3197 5093 3267 5145 ad
3297 5093 3455 5146 Davi-

1912 5187 2029 5241 dem
2061 5185 2231 5248 factae,
2260 5182 2402 5237 Deus
2433 5184 2534 5253 ipsi
2563 5186 2736 5239 vicem
2771 5179 3036 5249 rependit.
3081 5177 3236 5241 Quia
3274 5179 3458 5247 igitur,

1911 5275 2102 5344 inquit.
2138 5273 2385 5327 idoneum
2414 5281 2468 5325 et
2496 5272 2714 5342 dignum
2750 5266 3192 5340 promissionum
3224 5280 3464 5318 mearum

1913 5360 2083 5414 virum
2111 5358 2304 5427 reperi,
2340 5356 2589 5415 Davidem
2623 5359 2870 5420 scilicet;
2902 5354 3025 5409 ideo
3046 5352 3248 5420 ipsum
3279 5351 3475 5409 auxilio

1914 5464 2032 5510 meo
2054 5447 2300 5522 dignatus
2343 5462 2484 5514 sum.
2526 5449 2752 5510 electum
2784 5441 3089 5509 dectaravi,
3112 5448 3183 5496 et
3214 5452 3378 5515 super
3403 5444 3488 5497 to-

3137 5688 3239 5747 3ζῖ
