3848 6414
343 350 374 405 1
390 351 485 407 101
1348 354 1830 409 (ΣΟΜΜΕΝΤΔΒΙΑ

1974 357 2299 411 ΡδΑωιοε.
3364 372 3493 424 HO!

336 459 561 531 λόμενος
606 462 958 530 έρμηνενέτω.
1004 463 1133 514 Οὐδὲ
1178 463 1281 533 γὰρ
1326 468 1617 538 ἐκράτησεν
1647 470 1674 519 6
1710 467 1855 518 Δαυῒέ

1972 467 2253 532 Abraham,
2294 478 2385 522 aut
2424 469 2591 535 Isaac,
2624 480 2715 525 aut
2759 474 2940 538 Israel,
2978 485 3068 530 aut
3112 480 3226 547 ipse
3262 480 3491 551 Moyses.

336 548 439 615 τῆς
477 548 713 616 παράλου
744 546 942 617 χώρας.
977 551 1043 601 Ἢ
1077 551 1190 612 πῶς
1215 554 1335 620 περὶ
1366 552 1456 603 τοῦ
1491 552 1647 603 Δαυῒδ
1679 554 1855 619 λέγοιτ

1975 566 2063 610 aut
2107 557 2269 623 Elias,
2300 566 2392 612 aut
2427 561 2515 612 alii
2548 561 2680 628 justi
2724 574 2773 615 et
2802 566 3069 632 propheta:
3108 546 3494 637 primogenitus

334 635 405 685 ἂν
435 635 515 696 τὸ,
544 636 731 701 Αὐτὸς
757 637 1169 691 ἐπικαλέσεταί
1190 656 1287 707 με·
1321 640 1513 706 Πατήρ
1543 658 1655 707 μου
1686 638 1742 693 εί
1769 643 1845 694 σύ

1978 646 2057 700 Dei
2093 646 2254 700 David
2288 664 2408 703 esse
2440 651 2806 718 puteturYQui
2830 670 2952 707 vere
2982 655 3172 707 dixerit
3207 635 3366 720 Deus.
3393 659 3497 711 Ρο-

327 724 494 791 κάγὼ
526 728 894 791 πρωτότοκον
915 729 1161 796 θήσομαι
1192 732 1393 789 αὑτόν;
1429 731 1567 780 Ἀντί⁵
1596 730 1735 791 τίνος
1766 730 1846 798 γάι

1974 753 2085 789 nam
2112 738 2258 790 illum
2286 741 2539 792 excelsum
2559 756 2668 807 pra?
2696 743 2894 811 regibus
2935 750 3121 799 terrtv?
3149 748 3493 810 Quandonam

332 814 534 883 μᾶλλον
566 815 657 865 τοῦ
694 815 950 886 Ἀϐραὰμ,
984 820 1014 886 ἢ
1047 820 1136 870 τοῦ
1181 819 1385 882 Ἰσαὰκ,
1418 821 1449 889 ἢ
1490 819 1579 871 τοῦ
1640 820 1847 888 Ἰσραὴλ

1977 824 2129 879 David
2162 843 2269 894 prae
2294 829 2505 896 regibus
2540 848 2588 884 v.
2623 848 2675 899 g.
2707 831 3010 894 Persarum,
3041 834 3376 905 Scytharum,
3419 837 3496 891 ln-

325 904 359 972 ἦ
396 904 560 955 αὑτοῦ
588 905 822 967 Μωσέως
841 945 854 968 ,
886 907 916 975 ἢ
952 906 1041 958 τοῦ
1058 909 1225 970 Ἠλία,
1254 910 1285 977 ἢ
1318 909 1421 959 τῶν
1451 908 1619 961 ἄλλων
1645 908 1844 959 δικαίωι

1974 913 2178 978 dorum,
2224 914 2555 984 JEthiOpum,
2606 918 2928 981 Maurorum,
2971 912 3349 989 llispanoium,
3382 923 3493 977 Bri-

320 1013 382 1047 τε
410 996 502 1045 καί
536 998 843 1065 προφητῶν,
870 1002 1196 1067 πρωτότοκος
1224 1000 1312 1052 τοῦ
1345 999 1473 1051 Θεοῦ
1498 999 1767 1069 νομισθείη
1802 999 1834 1051 ἆ

1975 1008 2272 1063 Lannorum,
2322 1012 2415 1055 aut
2446 1006 2767 1073 reliquarum
2804 1008 3039 1074 gentium
3072 1012 3335 1065 exaltatus
3377 1015 3494 1065 est?

317 1086 348 1135 6
381 1084 571 1147 Δαυϊδ;
624 1086 744 1146 Πῶς
787 1086 841 1137 δὲ
888 1088 1165 1156 ἀληθεύσει
1211 1090 1335 1157 περὶ
1383 1088 1542 1140 αὑτοῦ
1594 1088 1808 1155 φάσκων

1971 1087 2113 1152 Quod
2163 1092 2205 1143 si
2246 1092 2357 1145 haec
2390 1097 2660 1162 acceperis
2702 1096 2766 1149 de
2799 1110 2863 1149 eo
2905 1098 2996 1165 qui
3045 1114 3107 1151 ex
3143 1101 3345 1155 semine
3374 1103 3490 1170 ejus

315 1172 473 1233 Θεὸς,
521 1172 782 1240 Θήσομαι
832 1176 1013 1226 αὐτὸν
1054 1176 1293 1242 ὑψηλόν
1346 1177 1501 1243 παρὰ
1541 1176 1660 1240 τοῖς
1690 1178 1834 1238 βασι

1970 1182 2269 1235 nasciturus
2302 1191 2437 1244 erat,
2475 1184 2782 1239 ﬁrmissime
2814 1194 2866 1240 et
2903 1190 3304 1244 accuratissime
3348 1192 3489 1244 dicta

310 1262 496 1313 λεῦσι
546 1261 656 1329 τῆς
690 1262 828 1331 γῆς;
873 1264 992 1315 Πότ⁸
1024 1261 1112 1317 οῦν
1155 1268 1182 1317 6
1226 1265 1383 1317 Δαυῒδ
1439 1265 1584 1335 παρά
1632 1266 1829 1335 Πέρσαι

1155 1268 1182 1317 6
1226 1265 1383 1317 Δαυῒδ
1439 1265 1584 1335 παρά
1632 1266 1861 1335 Πέρσαις
1961 1284 2254 1337 congruere
2283 1270 2661 1337 deprehendes.

312 1352 469 1421 φέρε,
505 1353 539 1421 ἢ
578 1353 883 1423 Σκύθαις,ἥ
929 1356 1123 1419 Ἰνδοῖς,
1157 1356 1188 1425 ἢ
1224 1357 1481 1427 Αἰθίοψιν,
1520 1359 1551 1426 ἢ
1589 1358 1847 1426 Μαύροις,
1901 1360 1931 1428 ἢ
1988 1362 2229 1423 Σπάνοις,
2270 1363 2301 1431 ἢ
2352 1364 2652 1432 Βρετανοῖς,
2702 1368 2733 1435 ἢ
2800 1371 2945 1437 παρά
2982 1374 3090 1432 τοῖς
3134 1371 3332 1435 λοιποῖς
3385 1373 3488 1423 τῶν

309 1442 486 1495 ἐθνῶν
523 1444 827 1531 βασιλεῦσιν
858 1447 1070 1517 ὑψώθη;
1105 1450 1165 1500 Ei
1200 1450 1256 1502 δὲ
1313 1450 1557 1512 ὲκλάῦοις
1611 1451 1777 1503 ταῦτα
1817 1453 1907 1503 ἐπὶ
1944 1455 2031 1505 τὸν
2071 1456 2133 1506 ἐκ
2177 1456 2482 1525 σπέρματος
2523 1460 2682 1511 αὑτοῦ
2721 1464 2993 1528 γεγονότα,
3041 1464 3353 1531 βεϐαιότατα
3396 1467 3486 1517 καὶ

308 1518 625 1602 κυριώταθτα
649 1535 823 1605 εῦροις
844 1538 908 1589 ἂν
931 1539 1296 1607 ἐφαρμόζοντα
1320 1541 1462 1609 αύτῴ
1488 1542 1552 1593 τὰ
1573 1541 1850 1610 λεγόμενα.

381 1644 670 1715 Μαρτυρεῖ
711 1646 766 1697 δὲ
806 1649 869 1729 τῇ
912 1647 1007 1715 τῆς
1054 1650 1375 1718 προφητείας
1420 1651 1633 1703 ἐκϐάσει
1676 1653 1855 1702 καὶτὸ

2029 1651 2325 1720 Prophetia:
2347 1662 2523 1707 autem
2545 1655 2743 1708 exitum
2775 1657 3091 1710 testiﬁcatur
3106 1658 3447 1729 Evangelium
3468 1704 3482 1729 ,

302 1732 665 1798 Εύαγγέλιον,
696 1735 753 1785 ὲν
794 1728 838 1800 ᾧ
870 1736 1007 1786 κατά
1038 1737 1124 1787 τὸν
1164 1739 1369 1790 Λουκᾶν
1402 1741 1668 1809 Ζαχαρίας
1707 1743 1734 1791 6
1764 1758 1821 1792 το

1966 1740 2047 1793 ubi
2074 1742 2365 1794 secundum
2394 1741 2613 1805 Lucam,
2644 1742 2933 1797 Zacharias
2960 1746 3117 1797 etiam
3150 1746 3370 1803 Joannis
3395 1768 3485 1819 ρα-

316 1822 569 1875 Ἰωάννου
600 1822 779 1893 πατὴρ
806 1830 1103 1894 προφητικῇ
1129 1827 1345 1896 δυνάμει
1382 1829 1469 1879 καὶ
1509 1830 1664 1891 αὐτὸς
1690 1831 1835 1899 κέρας

1967 1844 2036 1880 .er
2063 1830 2372 1897 prophetica
2397 1831 2592 1884 virtute
2626 1833 2799 1901 ipsum
2834 1832 3104 1887 Christum
3136 1851 3302 1890 cornu
3332 1855 3486 1892 voea-

296 1913 468 1963 αὑτὸν
513 1911 781 1980 ὠνόμασε.
833 1913 990 1980 Λέγει
1035 1914 1078 1965 δ’
1123 1912 1211 1967 οῦν
1241 1918 1269 1967 6
1297 1917 1673 1986 εύαγγελιστής
1697 1934 1708 1945 ·
1746 1922 1815 1970 Kc

1963 1916 2045 1969 vit.
2084 1917 2171 1970 Ait
2196 1919 2335 1971 enim
2368 1922 2690 1987 evangelista
2722 1939 2734 1974 :
2768 1920 2832 1972 Et
2857 1920 3141 1976 Zacharias
3171 1928 3389 1992 repletus
3408 1941 3482 1981 est

298 2004 610 2068 Ζαχαρίας
651 2004 922 2071 ἐπλήσθη
971 2008 1307 2074 Πνεύματος
1349 2010 1538 2077 ἁγίου,
1582 2009 1676 2061 καί
1716 2024 1817 2074 πρε

1962 2003 2148 2067 Spiritu
2171 2017 2370 2069 sancto,
2392 2018 2439 2059 et
2460 2008 2775 2074 prophetarit
2802 2009 2994 2073 dicens,
3022 2012 3324 2067 Benedictus
3350 2016 3481 2068 Dens

292 2092 606 2160 εφήτευσε
632 2093 838 2161 λέγων·
881 2099 1215 2165 Εὐλογητὸς
1240 2102 1271 2149 ό
1304 2099 1443 2163 Θεὸς
1466 2099 1567 2152 τοῦ
1598 2099 1811 2165 Ἰσραὴλ

1961 2094 2139 2157 Israel,
2182 2098 2303 2165 quia
2350 2098 2572 2149 visitarit
2618 2108 2667 2150 et
2717 2099 2837 2164 fecit
2885 2102 3276 2167 redemptionem
3322 2107 3480 2171 p'ebis

294 2183 395 2235 ὅτι
433 2182 809 2249 ἐπεσκέψατο
837 2185 933 2236 καὶ
964 2186 1208 2251 ἐποίησε
1244 2189 1536 2253 λύτρωσιν
1566 2188 1669 2240 τοῦ
1702 2193 1810 2241 λαο

1959 2202 2077 2240 sum.
2111 2184 2177 2237 Et
2226 2188 2387 2238 erexit
2428 2203 2586 2238 cornu
2628 2189 2814 2241 salutis
2861 2190 3004 2243 nobis
3040 2192 3093 2242 in
3123 2192 3275 2244 domo
3315 2194 3478 2246 David

292 2272 511 2325 αὐτοῦ.
547 2272 659 2325 Καὶ
694 2273 887 2341 ἤγειρε
915 2273 1088 2339 κέρας
1124 2279 1411 2342 σωτηρίας
1452 2277 1591 2344 ἡμῖν
1622 2277 1689 2328 ἐν
1714 2278 1811 2329 οἵιο

1959 2276 2095 2338 pueri
2126 2277 2227 2330 sui.
2272 2274 2417 2328 Sicut
2449 2276 2647 2327 locutus
2683 2287 2758 2329 est
2793 2294 2884 2345 per
2909 2295 2964 2329 os
3003 2290 3297 2332 sanctorum
3334 2285 3420 2351 qui
3448 2303 3478 2335 ιι

293 2361 487 2413 Δαυῒδ
539 2362 645 2414 τοῦ
695 2363 902 2426 παιδὸς
944 2364 1144 2416 αὑτοῦ.
1195 2366 1393 2430 Καθὼς
1450 2366 1709 2432 ἑλάλησε
1756 2366 1810 2418 δι

1954 2365 2139 2417 steculo
2184 2374 2302 2417 sunt
2342 2365 2706 2431 prop/totarum
2754 2367 2865 2433 ejus
2887 2368 2948 2417 ³⁷.
2982 2368 3161 2422 Cornu
3186 2385 3311 2422 vero
3354 2388 3473 2439 pro-

290 2452 605 2519 στόματος
646 2451 760 2503 τῶν
798 2452 976 2519 ἁγίων
1016 2453 1114 2505 ἀπ’
1160 2452 1369 2518 αἰῶνος
1406 2453 1715 2520 προφητῶν
1744 2458 1809 2506 αἱ

1955 2454 2061 2521 prie
2103 2463 2321 2507 vocatur
2351 2455 2595 2508 Christus
2634 2455 2747 2508 Dei.
2790 2455 2964 2519 Quare
3014 2458 3288 2512 unicornis
3317 2464 3474 2513 etiam

289 2541 428 2594 τοῦ.
459 2541 644 2609 Κέρας
668 2541 725 2592 δὲ
754 2542 952 2610 κυρίως
975 2541 1276 2610 ὠνόμασται
1300 2544 1327 2593 ὁ
1351 2544 1571 2613 Χριστὸς
1589 2543 1679 2594 τοῦ
1696 2543 1808 2594 Θεοῐ

1955 2542 2145 2594 dicitur
2183 2542 2235 2593 in
2283 2540 2583 2610 Scriptura,
2627 2558 2744 2611 qum
2786 2545 2865 2596 sic
2914 2544 3072 2597 habet
3106 2565 3116 2598 :
3150 2545 3216 2597 Et
3261 2548 3474 2599 ducetur

292 2631 391 2681 Διὸ
444 2631 541 2681 καὶ
594 2630 897 2699 μονόκερως
949 2632 1158 2699 εἴρηται
1207 2632 1342 2683 κατὰ
1393 2633 1488 2703 τὴν
1545 2633 1811 2698 φάσκουσα

1953 2630 2369 2699 quemadmodum
2400 2632 2541 2698 ﬂlius
2568 2633 2890 2683 unicornium
2915 2633 2957 2663 ³⁸
2986 2650 3003 2685 ;
3034 2635 3156 2702 quia
3182 2651 3274 2704 per
3304 2638 3472 2703 ipsum

290 2721 548 2791 Γραφήν·
584 2720 694 2771 Καὶ
734 2721 1103 2787 ἠγαπημένος
1146 2722 1223 2785 ὡς
1259 2722 1384 2787 υίὸς
1416 2722 1809 2789 μονοκερώτωι

1954 2720 2118 2772 omnis
2140 2719 2446 2774 adversaria
2479 2730 2530 2773 et
2565 2721 2782 2773 inimica
2810 2721 2915 2774 Deo
2948 2723 3119 2776 virtus
3150 2739 3334 2779 eversa
3374 2738 3473 2787 est,

289 2809 537 2877 ἐπείπερ
562 2807 628 2859 δι’
652 2807 811 2859 αὑτοῦ
842 2808 985 2859 πᾶσα
1013 2812 1043 2879 ἡ
1078 2810 1415 2881 ἀντικειμένη
1450 2814 1541 2865 καὶ
1572 2813 1735 2882 ἐχθρὰ.
1756 2830 1808 2863 το

1955 2822 2113 2861 cornu
2156 2810 2391 2875 impetita
2424 2818 2475 2863 et
2500 2810 2737 2877 depulsa.
2772 2811 2930 2865 Solus
2955 2812 3132 2880 itaque
3162 2830 3225 2867 ex
3260 2831 3474 2869 succes-

287 2896 437 2947 Θεοῦ
457 2895 685 2964 δύναμις
704 2897 969 2965 ἑνετράπη
989 2915 1046 2949 κε
1054 2900 1357 2968 ρατισθεῖσα
1375 2903 1463 2952 καὶ
1484 2903 1806 2971 κεραῖσθεῖσσ

1955 2898 2158 2950 soribus
2198 2896 2431 2958 Davidis,
2471 2898 2628 2953 .lesus
2663 2900 2909 2954 Christus
2939 2901 3184 2955 Salvator
3216 2913 3267 2957 et
3299 2904 3474 2957 Domi-

289 2987 481 3049 Μόνος
526 2987 656 3054 γοῦν
701 2987 774 3049 ῶς
821 2987 1028 3055 ἀληθῶς
1071 2989 1174 3041 τῶν
1222 2992 1517 3059 γενομένων
1558 2992 1648 3044 τοῦ
1686 2992 1808 3043 Δαυῖ

1954 3001 2046 3038 nus
2082 2996 2281 3048 noster,
2311 3003 2375 3039 ex
2427 2989 2629 3041 semine
2659 2989 2776 3056 ejus
2816 3002 2993 3051 natus,
3024 2990 3234 3044 deitatis
3273 2994 3324 3045 in
3358 2995 3473 3062 ipso

288 3077 563 3146 διαδόχων
598 3076 798 3145 Ἰησοῦς
828 3078 1053 3146 Χριστὸς
1074 3080 1101 3129 6
1124 3079 1305 3148 Σωτὴρ
1333 3082 1423 3132 καὶ
1444 3083 1640 3150 Κύριος
1667 3083 1807 3151 ἡμῶε.

1951 3072 2230 3125 habitantis
2274 3088 2462 3136 cornu,
2514 3088 2723 3125 omnem
2771 3073 3068 3126 daemonum
3125 3085 3175 3127 et
3211 3076 3470 3128 idolorum

290 3168 358 3217 ὲκ
395 3165 713 3233 σπέρματος
749 3164 906 3216 αὑτοῦ
945 3167 1211 3235 προελθὼν
1237 3168 1312 3236 τῷ
1342 3169 1525 3239 κέρατι
1551 3171 1649 3238 τῆς
1674 3172 1728 3220 ἐν
1752 3172 1809 3222 αἱ

1948 3176 2174 3214 errorem
2224 3176 2345 3214 vere
2402 3176 2463 3213 ac
2512 3161 2750 3214 funditus
2784 3164 3068 3217 destruxit.
3117 3163 3467 3227 Quamobrem

288 3254 371 3323 τῷ
409 3253 687 3323 Θεότητος,
725 3256 897 3306 πᾶσαν
945 3254 1037 3323 τὴν
1080 3255 1389 3327 δαιμονικὴν
1432 3261 1523 3310 καὶ
1570 3260 1807 3328 εἰδωλικὴ

1948 3264 2104 3304 cornu
2130 3258 2181 3303 et
2222 3250 2497 3303 unicornis
2530 3253 2580 3302 in
2631 3253 2799 3304 sacris
2824 3251 3039 3305 Litteris
3087 3254 3275 3305 merito
3312 3269 3467 3305 voca-

286 3342 610 3412 ἀνατρέψας
643 3343 851 3395 καθεῖλε
895 3343 1111 3414 πλάνην.
1157 3348 1244 3398 Διὸ
1285 3348 1374 3399 καὶ
1417 3349 1576 3417 κέρας
1624 3351 1805 3401 six/nm

1948 3348 2044 3391 tur.
2071 3340 2244 3408 lpsius
2268 3356 2409 3401 vero,
2435 3349 2486 3392 et
2519 3356 2622 3392 nou
2647 3342 2803 3403 alius,
2836 3356 3027 3395 manus
3050 3352 3097 3394 et
3128 3342 3341 3395 dextera
3374 3346 3467 3396 toti

290 3434 389 3485 stat
432 3432 742 3500 μονόκερως
773 3434 829 3484 ὲν
859 3437 964 3496 τοῖς
999 3437 1158 3504 ἱεροῖς
1187 3434 1490 3504 ὠνόμασται
1518 3437 1706 3504 λόγοις.
1736 3440 1808 3489 Αὑ

1944 3432 2137 3485 mundo
2175 3433 2443 3485 dominata
2480 3440 2562 3484 est
2589 3434 2640 3484 in
2678 3432 2985 3486 ﬂuminibus
3014 3444 3065 3487 et
3095 3437 3351 3488 maribus.
3386 3435 3463 3487 Si-

284 3521 382 3574 τοῦ
402 3520 483 3581 δὲ,
504 3520 732 3583 καὶρύδὲ
752 3519 975 3590 άλλου,ή
1002 3523 1115 3590 χεὶρ
1138 3523 1274 3590 καὶὴ
1296 3521 1437 3585 δεξιὰ
1460 3526 1803 3593 κατεκυρίευσ

1947 3521 2148 3589 quidem
2180 3523 2412 3590 gentium
2456 3523 2656 3576 insulas
2700 3524 2920 3591 replevit
2952 3524 3195 3577 doctrina
3238 3527 3375 3593 ejus.
3416 3537 3466 3577 et

284 3613 390 3680 τῆς
436 3608 761 3678 οἰκουμένης
806 3609 1001 3677 πάσης,
1040 3612 1096 3661 ὲν
1126 3614 1377 3679 ποταμοῖς
1410 3614 1499 3663 καὶ
1530 3612 1803 3675 θαλάσσαις

1946 3611 2133 3678 ubique
2162 3619 2423 3663 terrarum
2458 3612 2762 3664 universum
2792 3612 3078 3665 humanum
3101 3630 3267 3682 genus
3290 3614 3465 3665 Domi-

286 3703 416 3755 ἐπεὶ
452 3702 550 3752 καὶ
594 3700 689 3761 τὰς
727 3701 916 3769 νήσους
956 3701 1061 3751 τῶν
1092 3700 1253 3752 ἐθνῶν
1291 3702 1597 3770 ἐπλήρωσεν
1630 3705 1661 3771 ἡ
1699 3703 1805 3754 διὸα

1945 3706 2061 3752 num
2094 3700 2262 3763 illum,
2298 3699 2460 3752 Deum
2492 3709 2545 3752 et
2574 3700 2768 3769 Regem
2808 3703 3061 3770 appellat.
3092 3703 3274 3757 Simile
3305 3720 3464 3772 porro

286 3788 497 3842 σκαλία
536 3787 697 3839 αὑτοῦ
728 3788 820 3839 καὶ
850 3788 1114 3856 πανταχοῦ
1165 3790 1264 3858 γῆς
1307 3791 1501 3859 Κύριον
1546 3792 1704 3844 αὑτὸν
1746 3810 1805 3843 κα

1943 3797 2017 3842 est
2043 3789 2143 3841 hoc
2174 3790 2397 3850 dictum,
2431 3788 2631 3841 Ponant
2656 3793 2708 3843 in
2753 3792 2886 3842 mari
2916 3808 3121 3842 manum
3160 3792 3289 3860 ejus,
3334 3803 3381 3844 et
3412 3796 3462 3843 in

284 3878 426 3929 Θεὸν
455 3874 551 3926 καὶ
584 3874 816 3942 βασιλέα,
856 3876 959 3926 πᾶν
987 3876 1136 3940 γένος
1177 3875 1467 3944 ἀνθρώπων
1503 3875 1803 3945 ἀναγορεύει

1941 3876 2235 3942 ﬂuminibus
2271 3862 2534 3929 dexteram
2568 3878 2700 3944 ejus.
2726 3878 2772 3929 ei
2795 3878 2936 3945 quod
2961 3879 3025 3932 de
3055 3880 3241 3933 eodem
3271 3882 3387 3949 ipso
3412 3884 3460 3933 in

284 3968 522 4036 Ὅμοιον
554 3964 609 4015 δέ
642 3965 753 4014 ἐστι
778 3963 835 4014 τὸ
867 3964 1092 4015 ἐνταῦθα
1118 3964 1339 4031 φάσκον,
1364 3964 1621 4032 ϐήσομαι
1649 3966 1716 4017 ὲν
1739 3969 1803 4017 θα

1945 3979 2055 4016 Lm
2120 3965 2323 4032 psalmo
2388 3965 2616 4027 dicitur,
2682 3963 2748 4015 Et
2823 3964 3178 4018 dominabitur
3236 3985 3267 4019 a
3330 3972 3464 4019 mari

279 4054 502 4118 λάσσῃ
533 4052 700 4118 χεῖρα
742 4051 920 4102 αὐτοῦ
950 4051 1043 4103 καὶ
1079 4052 1145 4104 ὲν
1187 4052 1460 4119 ποταμοῖς
1492 4052 1691 4115 δεξιὰν
1728 4054 1798 4103 αὑ

1941 4071 2091 4123 usque
2149 4055 2215 4105 ad
2262 4071 2430 4117 mare,
2480 4064 2527 4107 et
2585 4072 2615 4106 a
2658 4056 2867 4121 ﬂumine
2910 4073 3066 4123 usque
3121 4058 3187 4108 ad
3221 4061 3460 4110 terminos

284 4145 416 4206 τοῦ,
440 4142 522 4211 τῷ
548 4142 604 4192 ὲν
627 4147 700 4192 οα¹
731 4140 921 4209 ψαλμῷ
952 4138 1100 4202 αὖθις
1128 4144 1253 4210 περὶ
1284 4143 1442 4195 αὑτοῦ
1476 4143 1698 4209 λέγοντιο
1724 4146 1803 4194 Ka

1940 4144 2068 4195 orbis
2128 4151 2400 4196 terrarum.
2451 4144 2583 4194 Cum
2640 4143 2889 4209 coepisset
2944 4145 3083 4195 enim
3128 4144 3378 4198 Servator
3433 4166 3459 4197 ει

284 4230 744 4295 κατακυριεύσει
778 4229 891 4281 ἀπὸ
915 4230 1221 4295 θαλάσσης
1250 4232 1355 4295 ἕως
1388 4232 1711 4295 θαλάσσης,
1737 4248 1803 4281 κα

1938 4231 2247 4300 baptismate
2306 4231 2369 4283 ad
2434 4230 2717 4284 Jul-(laniem
2784 4230 3001 4283 [luvium
3066 4244 3317 4301 suscepto
3374 4250 3457 4286 re-

282 4322 400 4373 ἀπὸ
433 4318 703 4385 ποταμοῦ
745 4318 851 4382 ἕως
887 4317 1001 4369 τῶν
1043 4320 1302 4385 περάτων
1325 4320 1433 4387 τῆς
1462 4321 1801 4387 οἰκουμένης

1939 4334 2089 4386 gnum
2153 4320 2239 4372 Dei
2292 4319 2618 4389 praedicare,
2664 4327 2831 4370 totum
2882 4321 3103 4387 replevit
3148 4322 3352 4373 orbem.
3402 4320 3458 4373 lu

294 4379 632 4479 Ἀρξάμενος
661 4404 751 4459 οὖν
779 4410 805 4459 6
828 4379 1022 4478 Statim
1061 4379 1163 4460 ἀπὸ
1206 4410 1296 4461 τοῦ
1340 4379 1696 4479 βαπτίσματος
1733 4379 1813 4460 toi

1940 4379 2187 4462 iacharia
2247 4379 2374 4461 vero
2422 4408 2676 4477 propheta
2739 4379 3002 4461 dicitur-;
3056 4408 3232 4461 Gaude
3279 4419 3325 4460 et
3368 4408 3459 4460 ltr-

285 4498 431 4551 κατά
461 4496 555 4547 τὸν
601 4496 863 4565 Ἰορδάνην
899 4497 1134 4565 ποταμοῦ
1162 4499 1255 4568 τὴν
1284 4498 1549 4566 βασιλείαν
1571 4499 1660 4551 τοῦ
1693 4498 1804 4550 Θεοί

1931 4507 2061 4563 tare,
2106 4497 2220 4565 ﬁlia
2268 4496 2393 4550 Sion
2418 4512 2434 4548 :
2459 4513 2570 4548 ecce
2618 4512 2707 4547 rex
2746 4506 2863 4549 tuus
2915 4499 3046 4549 venit
3088 4499 3179 4550 tibi
3214 4515 3450 4549 mansue-

285 4591 607 4661 κηρύττειν,
635 4587 730 4657 τὴν
758 4589 929 4640 πᾶσαν
952 4588 1257 4657 ἐπλήρωσεν
1280 4588 1611 4657 οἰκουμένην.
1640 4589 1745 4640 Καὶ
1770 4590 1804 4637 ἐκ

1930 4598 2031 4650 tus,
2063 4598 2111 4640 et
2147 4588 2373 4640 insidens
2420 4587 2701 4655 subjugali,
2746 4598 2794 4639 et
2840 4589 2983 4655 pullo
3023 4589 3217 4656 juveni.
3258 4587 3323 4639 Et
3363 4589 3444 4638 do-

286 4678 537 4749 Ζαχαρίᾳ
555 4678 607 4728 δὲ
626 4677 701 4745 τῷ
723 4679 965 4748 προφήτῃ
987 4677 1246 4729 λέλεκται’
1270 4678 1439 4743 Χαῖρε
1469 4679 1561 4730 καὶ
1589 4680 1805 4745 εὐφραιῖ

1935 4678 2209 4729 minabitur
2246 4694 2278 4727 a
2322 4676 2455 4727 mari
2496 4693 2651 4745 usque
2688 4677 2756 4727 ad
2792 4694 2932 4728 mare
2956 4717 2970 4738 ,
3003 4688 3050 4729 et
3086 4694 3117 4729 a
3154 4678 3454 4744 ﬂuminibus

284 4787 421 4834 νου,
463 4769 711 4833 θύγατερ
742 4765 905 4818 Σιών·
933 4766 1055 4819 ιδοὺ
1082 4770 1113 4819 ό
1139 4768 1427 4831 βασιλεύς
1453 4784 1564 4819 σου
1597 4769 1799 4835 ἕρχετιι

1933 4783 2081 4835 usque
2122 4768 2188 4818 ad
2223 4767 2390 4818 exitus
2438 4776 2586 4818 terra:
2619 4766 2680 4818 ³’.
2716 4767 2820 4819 Pro
2861 4784 2966 4835 quo
3010 4767 3323 4820 llebraicum
3359 4767 3452 4819 ha-

287 4874 383 4908 σοι
398 4854 596 4923 πραῢς
612 4853 707 4905 καὶ
722 4852 1070 4918 ἐπιϐεϐηκὼς
1084 4854 1174 4905 ἐπὶ
1193 4850 1501 4920 ὑποζύγιον
1516 4855 1606 4905 καὶ
1626 4854 1806 4905 πῶλοι

1931 4853 2047 4916 bet,
2083 4853 2151 4904 Et
2181 4871 2212 4905 a
2241 4853 2540 4921 ﬂuminibus
2583 4869 2741 4920 usque
2780 4852 2847 4904 ad
2876 4857 3118 4905 terminos
3154 4863 3322 4906 terra.
3359 4852 3450 4904 Di-

286 4946 447 4999 νέον.
483 4944 590 4996 Καὶ
618 4942 886 5008 κατάρξει
912 4942 1027 4994 ἀπὸ
1052 4943 1358 5008 θαλάσσης
1373 4942 1478 5005 ἕως
1494 4943 1801 5009 θαλάσσης

1931 4943 2064 4995 xerit
2094 4957 2253 5012 porro
2283 4940 2546 5009 quispiam
2568 4982 2581 5005 ,
2611 4942 2957 5010 profundiore
2989 4942 3312 5010 intelligendi
3348 4943 3450 4995 ritu

288 5037 381 5088 καὶ
398 5034 520 5089 ἀπὸ
539 5031 809 5099 ποταμῶν
820 5032 891 5084 δι’
906 5032 1151 5097 ἐκϐολὰς
1167 5031 1287 5099 γῆς.
1317 5030 1450 5083 Ἀνθ’
1464 5025 1521 5083 οῦ
1535 5032 1594 5082 τὸ
1617 5033 1704 5083 Ἐὖ
1714 5038 1807 5102 ραῖ-

1933 5031 2013 5084 hic
2044 5032 2160 5100 ejus
2187 5032 2456 5085 dexteram
2488 5032 2539 5083 in
2580 5031 2888 5085 ﬂuminibus
2926 5032 3060 5094 dici,
3106 5034 3225 5099 quia
3266 5045 3452 5084 omnes

288 5126 380 5178 κον
416 5123 682 5194 περιέχει,
713 5122 819 5174 Καὶ
844 5122 958 5174 ἀπὸ
990 5120 1259 5188 ποταμῶν
1281 5121 1389 5183 ἕως
1418 5118 1530 5170 τῶν
1561 5121 1806 5186 περάτωι

1931 5120 2015 5189 qui
2042 5135 2071 5171 a
2102 5120 2301 5174 dextris
2331 5118 2448 5185 ejus
2476 5127 2634 5182 sunt,
2672 5136 2764 5188 per
2797 5123 3065 5174 lavacrum
3093 5122 3450 5189 regeneratio-

288 5213 387 5280 τῆς
407 5213 544 5282 τῆς.
564 5212 715 5263 Εἴποι
736 5210 781 5261 δ’
810 5211 872 5262 ἄν
896 5228 976 5273 τις
1003 5211 1423 5278 ἀπορρητότερον
1441 5208 1529 5258 καὶ
1548 5207 1717 5271 ἄλλως
1735 5210 1807 5261 διᾶ

1927 5210 2006 5264 nis
2036 5218 2346 5277 purgantur.
2372 5214 2424 5259 et
2447 5206 2625 5259 divina
2656 5209 3053 5276 regeneratione
3076 5225 3169 5277 per
3193 5208 3446 5260 inl'luxum

288 5303 508 5365 τούτων,
540 5301 639 5369 τὴν
675 5300 772 5368 μὲν
800 5299 970 5364 δεξιὰν
996 5297 1151 5350 αὐτοῦ
1182 5300 1235 5349 ὲν
1264 5298 1517 5362 ποταμοῖς
1547 5296 1807 5363 λέγεσθαι,

1930 5297 2155 5366 Spiritus
2179 5297 2347 5351 sancti
2369 5296 2676 5364 dignantur.
2703 5296 2928 5371 Dextros
2950 5314 3078 5352 sane
3109 5300 3229 5353 illos
3256 5299 3303 5352 ei
3331 5315 3449 5352 esse

289 5390 372 5441 διὰ
390 5392 451 5443 τὸ
483 5389 690 5449 πάντας
712 5389 831 5449 τοὺς
858 5389 918 5438 ὲκ
942 5386 1122 5449 δεξιῶν
1162 5384 1316 5437 αὑτοῦ
1349 5383 1435 5434 διὰ
1464 5383 1685 5452 λουτροῦ
1718 5405 1808 5438 πα-

1929 5387 2235 5447 iiidicimus,
2271 5384 2465 5452 quibus
2508 5386 2805 5453 pollicendo
2850 5387 3021 5440 dixit:
3058 5388 3236 5443 Venite
3258 5430 3272 5448 ,
3302 5388 3448 5441 bene-

292 5474 622 5545 λιγγενεσίας
668 5472 1024 5542 καθαίρεσθαι,
1058 5474 1145 5523 καὶ
1184 5473 1276 5539 τῆς
1305 5469 1485 5521 ἐνθέου
1519 5473 1811 5543 ἀναγεννή-

1925 5475 2043 5526 dicti
2096 5475 2269 5529 Patris
2314 5475 2443 5541 mei,
2491 5477 2743 5545 possidete
2776 5494 2981 5547 regnum
3026 5479 3165 5532 vobis
3207 5492 3444 5531 caratam

342 5588 397 5655 7"
435 5623 570 5681 Luc.
604 5636 725 5692 vni,
760 5622 825 5675 67
859 5622 936 5673 70.
1012 5620 1052 5651 ³⁸
1089 5618 1220 5673 Psal.
1259 5634 1455 5685 smn,
1489 5619 1541 5673 6.
1623 5622 1667 5653 ³⁸
1704 5622 1865 5679 Zaeb.
1899 5641 1983 5691 rx,
2012 5625 2065 5679 9.
