3848 6380
292 387 314 439 1
333 387 434 443 1θό

1393 387 1885 447 COMMENTARIA
1924 394 1987 449 IN
2021 392 2352 448 PSALMOS.

3322 396 3456 452 “06

283 499 458 561 Ρῶσι,
504 497 601 552 καὶ
650 499 720 552 τὰ
757 496 1094 566 δικαιώματά
1133 507 1254 563 μου
1284 492 1689 564 βεὶἷηίὡσωσι,
1737 501 1828 552 καί

1937 500 2179 553 mandata
2230 516 2342 552 mea
2390 517 2488 552 non
2537 499 2909 559 custodiet-int;
2957 501 3170 554 visitabo
3218 505 3269 556 in
3318 509 3456 576 virga

283 588 395 650 τὰς
413 584 665 649 ἐντολάς
688 603 801 654 μου
828 586 903 652 μὴ
941 583 1308 653 φυλάξωσιν,
1345 582 1732 653 ἐπισκέψομαι
1760 587 1826 639 ἐν

277 674 482 740 ῥάϐδῳ
531 675 637 736 τὰς
680 673 921 740 ἀνομίας
964 670 1171 733 αὐτῶν,
1216 667 1310 718 καὶ
1352 669 1421 721 ἐν
1453 672 1691 739 μάστιξι
1725 673 1826 737 τὰς

276 762 526 825 ἀδικίας
551 759 765 812 αὐτῶν.
808 760 872 813 Τὸ
911 760 977 810 δὲ
1027 757 1196 820 ἐλεός
1222 773 1337 824 μου
1367 760 1438 810 οὺ
1471 759 1553 826 μὴ
1597 757 1827 811 διασκε-

282 851 456 904 δάσω
481 849 583 904 ἀπ’
604 849 805 913 αὐτοῦ,
837 847 972 901 οὐδὲ
989 847 1072 915 μὴ
1109 845 1374 911 ἀδικήσω
1403 847 1472 900 ἐν
1497 847 1566 914 τῇ
1587 848 1827 914 ἀληθείᾳ

272 956 424 1008 μου.
457 937 609 992 Οὐδὲ
631 937 714 1005 μὴ
738 937 1058 1003 βεϐηλώσω
1100 935 1213 1002 τὴν
1253 935 1539 1002 διαθήκην
1567 953 1703 1004 μου,
1732 937 1828 989 καί

279 1028 351 1081 τὰ
402 1027 841 1094 ἐκπορευόμενα
889 1024 985 1076 διὰ
1045 1025 1160 1077 τῶν
1201 1024 1442 1091 χειλέων
1484 1043 1598 1092 μου
1639 1027 1708 1078 σὺ
1741 1025 1825 1092 μὴ

271 1117 580 1183 ἀθετήσω.
617 1115 696 1167 Τὰ
723 1116 820 1184 μὲν
858 1115 1116 1184 εἰρημένα
1147 1115 1271 1183 περὶ
1299 1114 1389 1166 τοῦ
1415 1115 1585 1185 κέρως
1610 1115 1697 1168 διὰ
1722 1117 1826 1167 τῶν

273 1207 595 1278 ἔμπροσθεν
649 1205 1015 1274 πεπλήρωται.
1072 1203 1363 1256 Ἐδείκνυτο
1419 1204 1474 1256 δὲ
1528 1204 1689 1274 κέρας
1731 1204 1826 1256 οὐκ

273 1297 567 1365 ἀλλότριον
595 1297 686 1350 τοῦ
718 1297 780 1347 ὲκ
808 1293 1112 1362 σπέρματος
1129 1293 1283 1344 Δαυῒδ
1309 1293 1445 1345 κατὰ
1472 1295 1643 1362 σάρκα
1673 1310 1828 1364 γενη-

1932 590 2224 657 iniquitates
2265 604 2470 650 eorum,
2515 591 2646 640 etin
2690 589 2974 641 verberibus
3013 603 3221 658 peccata
3256 612 3458 653 eorum.

1931 677 2344 732 Misericordiam
2389 689 2558 730 autem
2602 695 2765 731 meam
2808 696 2910 731 non
2951 680 3210 748 dissipabo
3257 687 3321 738 ab
3363 703 3454 746 eo.

1932 781 2086 834 neque
2116 765 2300 818 nocebo
2333 765 2385 817 in
2413 766 2628 818 veritate
2673 783 2825 819 mea:
2867 784 3022 836 neque
3059 770 3345 838 profanabo
3385 783 3459 828 te-

1930 863 2240 905 stamentum
2270 871 2434 905 meum
2456 893 2471 917 ,
2499 864 2546 907 et
2580 871 2693 922 qua:
2718 856 2996 922 procedunt
3037 859 3099 910 de
3140 859 3290 914 labiis
3332 863 3454 917 meis

1931 957 2030 993 non
2072 942 2266 1009 faciam
2311 944 2486 996 irrita.
2531 943 2658 1009 Qua:
2687 945 2751 998 de
2783 961 2948 999 cornu
2981 946 3124 1000 dicta
3159 949 3368 1004 fuerant
3402 953 3453 1004 in

1931 1033 2369 1099 prtecedentibns,
2395 1036 2608 1104 impleta
2631 1035 2890 1090 feruntur.
2913 1037 3091 1090 Cornu
3118 1054 3274 1104 porro
3295 1040 3458 1110 signi—

1931 1118 2188 1172 ﬁcabatur
2213 1137 2316 1173 non
2348 1121 2488 1174 aliud
2519 1138 2547 1174 a
2564 1123 2794 1186 Clll‘iStO,
2819 1125 2906 1192 qui
2932 1126 3224 1180 secundum
3246 1143 3456 1182 carnem

1929 1223 1994 1261 ex
2023 1210 2222 1263 semine
2270 1209 2432 1263 David
2475 1222 2628 1265 natus
2670 1221 2771 1269 est.
2829 1214 3227 1284 Consequenter
3287 1225 3460 1272 autem

1932 1298 1994 1350 ad
2025 1299 2110 1352 illa
2144 1315 2262 1367 qtae
2294 1302 2360 1354 de
2395 1302 2513 1370 ipso
2543 1301 2866 1355 vaticinatus
2893 1312 3038 1366 erat,
3071 1321 3311 1373 quamam
3345 1305 3462 1374 ejus

279 1385 478 1446 θέντος
514 1383 765 1453 Χριστοῦ.
801 1382 997 1449 Τοῷτου
1047 1383 1090 1434 δ’
1123 1379 1232 1443 οὖν,
1270 1382 1566 1444 ἀκολούθως
1599 1384 1731 1452 μετὰ
1760 1383 1827 1435 τὰ

275 1477 408 1546 mp‘t
438 1473 602 1526 αὐτοῦ
629 1470 1037 1540 τεθεσπισμένα,
1063 1472 1160 1540 τὴν
1191 1470 1428 1540 διαδοχὴν
1460 1471 1543 1523 διὰ
1567 1473 1670 1523 τῶν
1700 1490 1827 1542 προ-

271 1565 575 1633 κειμένων,
629 1561 784 1612 ὁποία
831 1561 911 1623 τίς
948 1563 1079 1623 ἐστι,
1117 1561 1404 1629 παρίστησι
1429 1561 1676 1628 φάσκων*
1718 1563 1825 1630 Οὐχ

267 1653 469 1715 ἁπλῶς
497 1654 578 1714 εἰς
605 1651 698 1704 ἕνα
732 1651 885 1721 μόνον
927 1651 1014 1701 τὸν
1055 1650 1288 1720 παρόντα
1335 1650 1518 1713 αἰῶνα,
1565 1650 1694 1702 ἀλλὰ
1736 1652 1828 1702 καὶ

1937 1657 2180 1710 thronum
2214 1657 2361 1724 ejus,
2395 1671 2503 1709 non
2535 1655 2597 1708 ad
2630 1670 2827 1724 paucos
2861 1656 3008 1720 dies,
3047 1671 3220 1724 neque
3250 1658 3314 1710 ad
3347 1658 3466 1711 bre-

268 1744 347 1805 εἰς
379 1741 484 1794 τὸν
529 1740 816 1810 μετέπειτα
852 1738 1016 1792 αἰῶνα
1049 1738 1137 1790 τοῦ
1169 1738 1359 1800 αἰῶνος
1388 1739 1447 1790 τὸ
1485 1739 1697 1808 σπέρμα
1737 1740 1822 1809 δη·

1937 1761 2021 1800 ves
2054 1760 2314 1798 annorum
2345 1744 2589 1813 periodos
2609 1785 2623 1807 ,
2655 1745 2988 1807 custodiam;
3025 1746 3114 1798 sed
3147 1744 3371 1800 elliciam
3409 1754 3467 1798 ut

266 1833 550 1893 λωθέντος
595 1829 767 1902 κέρως
815 1829 1082 1899 θήσομαι·
1126 1830 1218 1880 καὶ
1256 1827 1346 1879 τὸν
1371 1827 1552 1898 θρόνον
1579 1829 1738 1882 αὑτοῦ
1771 1831 1829 1882 οὐ

1937 1834 2119 1888 diebus
2143 1835 2262 1888 caeli
2291 1842 2614 1902 coaequatur.
2647 1832 3000 1903 Symmachus
3029 1842 3206 1887 autem
3235 1835 3318 1889 his
3349 1851 3468 1890 ver-

269 1923 419 1993 πρὸς
470 1921 658 1988 ὀλίγας
699 1919 929 1988 ἡμέρας,
958 1918 1075 1969 οὐδὲ
1107 1919 1184 1980 εἰς
1217 1917 1350 1970 ἐτῶν
1379 1918 1649 1988 περιόδους
1700 1919 1828 1990 βρα-

1937 1921 2014 1974 bis
2045 1921 2422 1988 interpretatus
2453 1929 2572 1983 est,
2622 1919 2686 1972 Et
2727 1921 2921 1984 faciam
2963 1931 3260 1990 perpetuum
3299 1939 3468 1982 semen

270 2013 436 2081 χείας
469 2011 706 2080 φυλάξω,
741 2007 873 2060 ἀλλὰ
925 2009 1044 2069 ταῖς
1069 2007 1296 2076 ἡμέραις
1316 2005 1407 2058 τοῦ
1443 2007 1665 2078 οὐρανοῦ
1699 2026 1830 2078 συμ-

1937 2009 2040 2076 ejus
2063 2048 2078 2072 ,
2106 2019 2153 2062 et
2189 2009 2425 2062 thronum
2448 2009 2560 2078 ejus
2580 2049 2595 2072 ,
2626 2009 2679 2061 in
2701 2019 2947 2078 quantum
2977 2011 3085 2064 dies
3112 2013 3242 2064 caeli.
3277 2010 3468 2066 Semen

271 2099 736 2174 παρεκτείνεσθαι
792 2097 1015 2166 ποιήσω.
1045 2096 1151 2152 Καὶ
1189 2097 1217 2146 ὁ
1259 2096 1543 2166 Σύμμαχος
1568 2097 1622 2149 δὲ
1667 2098 1831 2160 οὕτως

1937 2107 2104 2155 autem
2136 2100 2334 2155 Christi
2366 2100 2492 2169 quid
2523 2116 2641 2154 esse
2675 2101 2964 2168 putandum
2993 2110 3102 2161 est,
3135 2103 3239 2158 nisi
3289 2102 3470 2156 Ecclco

267 2196 631 2265 ἡρμήνευσεν
648 2189 832 2244 εἰπών’
868 2188 974 2242 Καὶ
999 2187 1224 2254 ποιήσω
1247 2186 1510 2254 διηνεκὲς
1530 2187 1590 2239 τὸ
1604 2189 1833 2256 σπέρμα

1937 2190 2041 2244 sias
2069 2205 2164 2258 per
2189 2199 2357 2244 totum
2388 2189 2570 2244 orbem
2604 2189 2669 2243 ab
2699 2191 2788 2243 illo
2813 2191 3158 2252 constitutas,
3179 2201 3230 2245 et
3257 2208 3348 2245 eos
3377 2193 3470 2261 qui

261 2283 494 2344 αὑτοῦ,
541 2281 639 2334 καὶ
668 2281 772 2332 τὸν
809 2279 1020 2346 θρόνον
1055 2277 1233 2330 αὐτοῦ
1257 2277 1346 2345 ἐφ’
1369 2277 1515 2330 ὅσον
1541 2281 1599 2329 αἱ
1626 2278 1833 2346 ἡμέραι

1937 2277 1985 2328 in
2011 2278 2260 2332 omnibus
2278 2278 2526 2348 gentibus
2553 2281 2849 2347 regenerati
2878 2280 2930 2333 in
2959 2280 3075 2348 ipso
3105 2281 3281 2349 populi
3305 2285 3472 2334 sunt?

267 2373 380 2427 τοῦ
410 2370 698 2439 οὐρανοῦ.
729 2369 951 2439 Σπέρμα
986 2367 1043 2420 δὲ
1082 2366 1173 2419 τοῦ
1224 2365 1452 2436 Χριστοῦ
1493 2365 1545 2418 τί
1568 2365 1668 2436 χρὴ
1697 2370 1833 2418 νοεῖν

1937 2365 2181 2420 Thronus
2220 2381 2350 2420 vero
2393 2367 2512 2436 ejus
2541 2375 2656 2432 est,
2693 2364 2784 2438 qui
2817 2372 2868 2422 in
2903 2368 3139 2424 Ecclesia
3171 2370 3341 2438 ipsius
3374 2385 3472 2439 per

265 2461 437 2531 ἢτὰς
489 2459 613 2512 καθ’
656 2458 781 2526 ὅλης
809 2457 904 2525 τῆς
931 2455 1245 2526 οἰκουμένης
1283 2453 1616 2516 συνεστώσας
1645 2453 1703 2518 ἐξ
1741 2457 1834 2508 αὖ·

1937 2463 2103 2509 totum
2133 2457 2316 2510 orbem
2364 2457 2685 2527 pra-sulutn,
2719 2459 2811 2528 qui
2854 2473 2883 2512 a
2929 2468 3162 2529 tempore
3203 2439 3323 2524 ejus
3360 2460 3472 2514 fue-

263 2551 362 2604 τοῦ
399 2547 751 2617 Ἐκκλησίας,
776 2549 868 2598 καὶ
885 2548 1008 2608 τοὺς
1029 2547 1086 2598 ὲν
1111 2546 1238 2597 πᾶσι
1267 2547 1371 2608 τοῖς
1395 2544 1597 2597 ἔθνεσιν
1622 2544 1834 2612 ἀναγεν-

1937 2555 2093 2610 runt,
2143 2549 2490 2602 successione
2539 2548 2782 2603 ﬁrmatus
2830 2559 2949 2604 est:
3007 2565 3164 2618 quem
3223 2549 3471 2602 thronum

265 2639 550 2710 νηθέντας
587 2635 735 2704 αὐτῷ
773 2633 962 2697 λαούς;
1013 2633 1197 2703 θρόνος
1239 2632 1295 2685 δὲ
1341 2632 1500 2685 αὐτοῦ
1539 2631 1784 2700 τυγχάνει
1809 2633 1834 2683 ὁ

1937 2647 2397 2706 perseveraturum
2441 2638 2514 2691 ait
2560 2638 2702 2692 sicut
2743 2638 2858 2692 dies
2900 2639 3060 2704 cmli;
3099 2653 3204 2692 non
3252 2637 3473 2706 perinde

261 2728 426 2783 κατὰ
455 2727 560 2795 τὴν
602 2724 918 2793 Ἐκκλησίαν
960 2722 1118 2776 αὐτοῦ
1147 2722 1266 2775 καθ’
1299 2722 1423 2792 ὅλης
1461 2721 1558 2790 τῆς
1593 2722 1834 2790 οἰκουμέ-

1937 2735 2096 2796 atque
2130 2725 2435 2781 Iuda-orum
2475 2726 2682 2799 regium
2725 2726 3008 2789 thronum,
3054 2726 3144 2795 qui
3189 2733 3472 2794 postquam

261 2837 372 2891 νης
400 2817 500 2870 διὰ
519 2815 628 2868 τῶν
660 2813 718 2877 ἐξ
736 2813 896 2865 αὐτοῦ
945 2812 1082 2865 κατὰ
1113 2811 1354 2882 διαδοχὴν
1392 2811 1661 2882 προέδρων
1692 2812 1834 2882 ἰδρυ-

1937 2815 2146 2869 modico
2192 2824 2431 2883 tempore
2484 2814 2737 2869 durasset
2793 2815 3040 2884 (scilicet
3075 2815 3230 2868 annis
3261 2814 3476 2868 circiter

263 2912 448 2980 μένος
467 2924 481 2937 ·
513 2906 691 2958 ὅντινα
714 2903 895 2973 θρόνον
921 2902 1184 2972 διαμένειν
1217 2903 1376 2972 φησὶν
1416 2901 1489 2964 ὡς
1514 2901 1611 2967 τὰς
1631 2901 1834 2972 ἡμέρας

1937 2905 2370 2974 quadringentis,
2402 2919 2432 2957 a
2468 2904 2663 2959 Davide
2692 2920 2862 2974 usque
2907 2905 2970 2957 ad
3005 2904 3379 2972 captivitatem
3421 2903 3477 2958 in

257 2999 361 3053 τοῦ
411 2993 650 3070 οὐρανοῦ
674 3010 688 3022 ·
728 2993 824 3061 οὐχ
885 2992 1080 3061 ὁμοίως
1131 2990 1207 3060 τῷ
1269 2991 1530 3044 Ἰουδαίων
1582 2991 1837 3061 βασιλικῷ

251 3088 482 3159 θρόνῳ,
545 3083 604 3146 ὃς
649 3083 734 3135 ἐπ’
780 3081 940 3150 ὀλίγῳ
985 3081 1294 3150 διαρκέσας,
1324 3081 1646 3152 ἀπεσϐέσθη,
1679 3082 1838 3149 ἐγγύς

255 3195 376 3231 που
443 3172 740 3242 φυλαχθεὶς
783 3170 1148 3241 τετρακοσίοις
1196 3170 1370 3238 μόνοις
1407 3169 1567 3233 ἔτεσι,
1592 3173 1703 3232 τοῖς
1735 3171 1840 3223 ἀπὸ

252 3265 362 3320 τοῦ
435 3260 603 3315 Δαυῒδ
648 3261 741 3312 καὶ
776 3261 865 3312 ἐπὶ
895 3259 992 3328 τὴν
1032 3260 1110 3321 εἰς
1144 3258 1432 3323 Βαϐυλῶνα
1456 3259 1838 3329 αἰχμαλωσίαν.

249 3348 456 3415 οὗτος
513 3351 571 3403 δὲ
625 3352 654 3403 ὁ
702 3348 886 3419 παρὼν
929 3347 1181 3415 θρόνος.ὁ
1211 3347 1298 3399 διὰ
1325 3348 1430 3400 τῶν
1472 3349 1840 3418 προκειμένων

244 3440 677 3510 θεσπιζόμενος
700 3439 808 3490 τῶν
835 3440 928 3507 τῆς
971 3437 1291 3507 Ἐκκλησίας
1331 3437 1624 3508 προέδρων,
1655 3437 1843 3508 διαμε-

249 3538 341 3589 νεῖ
361 3532 476 3586 καὶ
505 3529 897 3599 φυλαχθήσεται
929 3528 1124 3596 ὁμοίως
1150 3529 1267 3590 ταῖς
1312 3527 1541 3598 ἡμέραις
1563 3527 1656 3580 τοῦ
1684 3529 1842 3598 οὐρα-

1931 1389 2204 1441 successio
2236 1389 2410 1441 rntura
2444 1391 2511 1442 sit
2544 1390 2779 1443 declarat
2812 1391 2992 1445 dicens
3024 1411 3036 1444 :
3071 1393 3182 1446 Non
3213 1395 3267 1447 iu
3298 1410 3462 1448 untun

1932 1490 2166 1542 praesens
2195 1478 2447 1530 sarculum
2477 1478 2769 1542 duntaxat,
2803 1479 2893 1533 sed
2927 1481 2976 1532 in
3010 1482 3342 1551 subsequens
3367 1498 3464 1536 sa:-

1930 1567 2106 1620 culum
2139 1567 2340 1629 smcnli,
2386 1568 2661 1620 memorati
2704 1581 2871 1620 cornu
2916 1584 3096 1622 semen
3138 1585 3368 1637 ponam:
3412 1576 3464 1623 et

1939 2993 2203 3064 Babylone
2228 2998 2244 3062 )
2267 2994 2565 3048 exstinctus
2591 3002 2692 3049 est.
2727 2995 2795 3047 At
2823 2994 2909 3047 hic
2933 2993 3160 3048 thronus
3190 2995 3480 3062 praesulum

1938 3082 2188 3137 Ecclesiae
2207 3121 2223 3145 ,
2253 3083 2341 3151 qui
2371 3083 2421 3136 in
2446 3083 2691 3152 praesenti
2716 3082 2965 3137 vaticinio
2988 3081 3175 3145 fertur,
3202 3096 3478 3150 permane-

1945 3171 2022 3226 bit
2048 3187 2110 3226 ac
2131 3171 2538 3226 conservabitur
2558 3172 2698 3226 sicut
2719 3171 2831 3224 dies
2853 3172 2996 3224 cmli.
3023 3170 3174 3234 Quod
3195 3172 3238 3223 si
3261 3171 3477 3238 quando

1942 3260 2226 3329 contigerit
2256 3259 2504 3331 pepulunt
2549 3269 2601 3314 et
2640 3260 2810 3318 ﬁlios.
2849 3259 3052 3312 scilicet
3093 3273 3474 3320 successores,

1941 3349 2061 3418 ejus
2087 3349 2177 3418 qui
2207 3350 2258 3403 in
2295 3347 2570 3418 prephetia
2600 3347 2942 3408 enuntiatur,
2987 3347 3246 3400 scelerate
3287 3360 3474 3414 agere.

1943 3441 2088 3509 ipsos
2120 3440 2194 3493 ait
2223 3437 2687 3508 persecutionibus
2714 3437 2971 3507 agnatos,
3023 3450 3200 3490 rerum
3252 3449 3478 3489 conver-

1941 3534 2144 3589 sionem
2161 3543 2473 3602 experturos
2491 3571 2504 3593 ,
2530 3547 2701 3602 neque
2725 3540 2900 3586 tamen
2921 3531 3145 3584 thronos
3165 3544 3294 3585 suos
3318 3529 3482 3583 amis-

1944 3636 2100 3678 suros
2147 3636 2412 3690 unquam,
2457 3636 2628 3690 neque
2665 3621 3032 3675 misericordia
3067 3619 3157 3674 Dei
3189 3619 3480 3688 privandos

1941 3727 2080 3767 esse.
2101 3709 2230 3764 Nam
2253 3712 2296 3764 si
2330 3711 2453 3763 talia
2477 3719 2531 3762 et
2552 3710 2677 3762 talia
2705 3710 3002 3779 peregerint
3021 3710 3108 3762 lilii
3131 3709 3270 3776 ejus,
3293 3721 3484 3778 nempe

1943 3803 2162 3862 Christi,
2179 3805 2289 3856 haec
2303 3802 2406 3856 illis
2425 3807 2680 3855 eventura
2698 3800 2978 3854 denuntiat
3001 3797 3328 3854 :Visitaboin
3341 3799 3483 3868 virga

1942 3893 2239 3961 iniquitates
2275 3907 2450 3945 eorum
2473 3929 2488 3950 .
2519 3890 2763 3943 videlicet
2792 3888 3020 3942 ﬁliorum
3041 3927 3055 3951 ,
3082 3898 3130 3941 et
3171 3889 3224 3940 in
3263 3886 3484 3940 verberi-

1943 3981 2035 4035 bns
2062 3993 2271 4050 peccata
2295 3998 2470 4036 eorum
2491 3997 2510 4035 :
2541 3977 2946 4033 misericordiam
2981 3987 3150 4032 autem
3179 3994 3345 4031 meam
3377 3994 3478 4030 non

1941 4067 2202 4138 dissipabo
2227 4069 2289 4122 ab
2318 4086 2394 4122 eo.
2420 4068 2485 4122 Et
2513 4067 2753 4121 attendas
2782 4065 2940 4120 velim
2969 4079 3078 4118 non
3104 4064 3302 4118 dictum
3338 4079 3478 4126 esse,

247 3625 388 3678 νοῦ.
441 3623 510 3674 Εἰ
559 3620 614 3672 δὲ
658 3617 896 3688 συμϐαίη
934 3617 1064 3669 ποτὲ
1096 3617 1431 3688 πλημμελεῖν
1483 3617 1570 3670 τὸν
1603 3619 1726 3672 λαὸν
1750 3621 1841 3671 καὶ

247 3715 407 3776 τοὺς
442 3711 597 3770 υἱοὺς
623 3708 716 3760 τοῦ
748 3707 1236 3777 προφητευομένου,
1265 3707 1405 3775 λέγω
1433 3707 1487 3760 δὲ
1525 3709 1646 3771 τοὺς
1669 3709 1839 3761 διαδό-

248 3819 413 3876 χους
474 3798 662 3862 αὐτοῦ,
704 3797 1125 3868 πειραθήσεσθαι
1173 3797 1268 3865 μὲν
1299 3797 1488 3859 αὐτοὺς
1515 3799 1840 3869 ἐπιστροφῆς

244 3897 371 3965 τῆς
413 3889 508 3943 διὰ
521 3888 628 3941 τῶν
659 3887 910 3957 διωγμῶν
934 3903 1083 3956 φησι,
1117 3887 1188 3956 μὴ
1224 3888 1326 3956 μὴν
1353 3888 1692 3940 ἐκπεσεῖσθαί
1715 3905 1841 3940 ποτε

248 3963 382 4039 τών
407 3979 638 4051 θρόνων,
663 3979 793 4048 μηδὲ
811 3977 1228 4047 στερηθήσεσθαι
1255 3978 1346 4031 τοῦ
1363 3979 1541 4040 ἐλέους
1569 3978 1660 4030 τοῦ
1687 3963 1838 4030 Θεοῦ.

264 4075 424 4129 Ἐὰν
449 4070 562 4139 γὰρ
576 4069 698 4122 τάδε
720 4068 813 4120 καὶ
825 4067 947 4120 τάδε
963 4067 1230 4136 πράξωσιν
1245 4069 1292 4119 οἰ
1306 4067 1408 4119 υἱοὶ
1423 4065 1602 4128 αὑτοῦ,
1626 4064 1778 4135 δῆλον
1800 4065 1842 4116 δ’

253 4167 353 4220 δτι
384 4160 490 4214 τοῦ
523 4156 921 4229 Χριστοῦ,τὰδε
949 4155 1352 4218 ἔσεσθαιαὺτοῖς
1369 4172 1544 4226 φησιν·
1573 4154 1834 4209 Ἐπισκέ-

1944 4161 2008 4214 ab
2047 4161 2156 4220 eis;
2191 4158 2282 4213 sed
2312 4158 2375 4211 ab
2406 4174 2486 4222 eo,
2506 4156 2558 4210 id
2590 4165 2690 4220 est,
2741 4154 2833 4222 qui
2878 4153 2932 4206 in
2972 4151 3248 4221 prophetia
3279 4151 3482 4219 fertur;

255 4262 476 4326 λήσομαι
493 4251 565 4304 ἐν
573 4249 768 4317 ῥάϐδῳ
783 4249 886 4314 τὰς
897 4248 1140 4316 ἀνομίας
1152 4247 1560 4318 αὐτῶν,δηλαδὴ
1575 4247 1678 4300 τῶν
1693 4246 1834 4309 υἱῶν,

1943 4251 2149 4307 etiamsi
2207 4249 2453 4317 superius
2484 4245 2758 4314 pluraliter
2787 4243 2998 4297 dicatur
3041 4243 3190 4306 illud,
3252 4242 3483 4296 Visitabo

261 4346 380 4402 καὶ
403 4340 736 4410 ἐνμάστιξι
787 4339 891 4403 τὰς
937 4338 1165 4402 ἀδικίας
1208 4337 1430 4390 αὐτῶν·
1463 4340 1526 4391 τὸ
1577 4338 1644 4391 δὲ
1673 4338 1834 4401 ἔλεός

1943 4341 1998 4392 in
2048 4339 2188 4409 virga
2241 4337 2540 4406 iniquitates
2564 4350 2762 4395 eorum,
2795 4342 2842 4386 et
2864 4332 2918 4384 in
2954 4331 3246 4386 verberibus
3273 4342 3484 4400 peccata

262 4451 404 4504 μου
434 4432 512 4485 οὐ
534 4427 620 4497 μὴ
655 4424 1026 4480 διασκεδάσω
1067 4425 1165 4479 ἀπ’
1202 4425 1404 4480 αὑτοῦ.
1454 4427 1561 4478 Καὶ
1591 4425 1834 4495 πρόσχες.

1942 4446 2140 4488 eorum.
2188 4426 2554 4492 Quorumnam
2603 4439 2810 4486 eorum,
2842 4423 2949 4478 nisi
2975 4439 3144 4478 cornu
3173 4423 3318 4478 illius
3347 4423 3483 4477 ﬁlio-

265 4527 360 4578 ὃτι
396 4521 477 4591 μὴ
508 4519 740 4589 εἴρηται,
778 4515 876 4568 ἀπ’
896 4514 1110 4580 αὐτῶν,
1143 4514 1278 4577 ἀλλ’,
1319 4515 1421 4567 ἀπ’
1452 4514 1654 4579 αὐτοῦ,
1687 4513 1834 4582 δῆλον

1941 4516 2096 4570 rtttn?
2125 4514 2180 4568 In
2210 4515 2300 4568 illo
2323 4520 2524 4576 autem,
2555 4512 2966 4565 misericordiam
2996 4528 3161 4565 meam
3190 4528 3290 4565 non
3322 4511 3482 4566 dissi-

269 4617 358 4667 ὅτι
395 4608 497 4663 τοῦ
532 4604 1026 4675 προφητευομένου.
1075 4602 1248 4656 καίτοι
1282 4601 1388 4655 τῶν
1422 4603 1673 4673 ἀνωτέρω
1704 4601 1834 4672 πλη-

1937 4607 2068 4675 pabo
2099 4606 2162 4659 ab
2191 4621 2268 4667 eo,
2305 4603 2370 4657 de
2391 4617 2496 4657 uno
2532 4609 2735 4656 tantum
2762 4601 2978 4664 dicitur,
3009 4601 3213 4658 scilicet
3245 4603 3312 4656 de
3337 4613 3486 4657 turo-

274 4694 559 4756 θυντικῶς
610 4692 926 4762 εἰρημένων,
973 4690 1112 4744 κατὰ
1165 4691 1256 4751 τὸ,
1311 4690 1733 4760 Ἑπισκέψομαι
1773 4692 1834 4745 ἐν

1941 4713 2030 4760 no,
2060 4705 2150 4751 aut
2176 4696 2240 4750 de
2269 4709 2434 4748 cornu
2462 4692 2580 4761 ejus
2613 4692 2704 4760 qui
2742 4691 2793 4744 in
2823 4692 3100 4760 prophetia
3132 4698 3477 4744 memoratur.

269 4791 488 4860 ῥάϐδῳ
541 4786 648 4851 τὰς
695 4785 939 4853 ἀνομίας
966 4783 1178 4846 αὐτῶν,
1221 4781 1315 4834 καὶ
1360 4782 1429 4834 ἐν
1451 4784 1691 4850 μάστιξι
1736 4785 1834 4849 τὰς

1940 4784 2104 4839 Infert
2135 4791 2339 4854 postea,
2377 4779 2553 4848 Neque
2579 4779 2867 4848 profanabo
2895 4787 3257 4832 testamentum
3290 4793 3481 4840 meum,

277 4881 530 4944 ἀδικίας
558 4874 772 4930 αὐτῶν.
804 4875 972 4927 Τίνων
994 4875 1048 4926 δὲ
1081 4872 1274 4930 αὐτῶν,
1298 4870 1328 4938 ἢ
1353 4870 1592 4940 δηλονότι
1620 4874 1726 4928 τῶν
1749 4873 1834 4926 τοῦ

1941 4889 2138 4929 novum
2185 4873 2390 4929 scilicet
2428 4871 2558 4925 illud
2614 4879 2667 4925 et
2713 4885 2923 4933 recens,
2959 4875 3018 4921 ut
3073 4868 3248 4937 palam
3276 4873 3378 4927 est.
3413 4865 3482 4921 de

279 4972 470 5042 κέρως
505 4966 668 5030 υἰῶν;
710 4966 796 5018 Ἐν
825 4965 882 5017 δὲ
911 4964 1005 5034 τῷ,
1049 4964 1110 5016 τὸ
1141 4960 1308 5022 ἔλεός
1333 4977 1456 5025 μου
1475 4965 1545 5016 οὐ
1579 4963 1663 5032 μὴ
1717 4964 1840 5018 δια-

223 5068 226 5070 ⁷
277 5057 574 5121 σκεδᾴσω
619 5055 718 5108 ἀπ’
763 5053 963 5117 αὐτοῦ,
998 5053 1120 5122 περὶ
1148 5048 1263 5109 ἐνὸς
1299 5047 1568 5114 λέλεκται,
1616 5054 1731 5123 ἦτοι
1748 5053 1840 5108 τοῦ

279 5149 484 5219 θρόνου
511 5147 545 5217 ἢ
573 5144 666 5198 τοῦ
702 5145 874 5214 κέρως
899 5143 988 5196 τοῦ
1017 5138 1506 5212 προφητευομένου.
1535 5143 1640 5194 Καὶ
1663 5145 1840 5196 ἐπιλέ-

281 5255 383 5306 γει
411 5237 565 5304 ἑξῆς·
594 5233 744 5287 Οὐδὲ
773 5231 857 5302 μὴ
892 5228 1204 5296 ,ϐεϐηλώσω
1239 5225 1348 5292 τὴν
1377 5227 1682 5298 διαθήκην
1701 5251 1839 5301 μου,

281 5326 452 5395 δῆλον
489 5325 570 5377 ὅτι
616 5323 710 5392 τὴν
747 5321 867 5374 νέαν
899 5319 987 5370 καὶ
1016 5315 1212 5382 καινὴν,
1268 5316 1400 5385 περὶ
1470 5314 1542 5388 ἦς
1593 5321 1843 5392 ἀνωτέρω

288 5414 468 5483 ἔφησε
524 5411 605 5476 τὸ,
658 5411 762 5464 Kat
796 5411 833 5475 ἠ
870 5405 1100 5469 διαθήκη
1134 5417 1254 5466 μου
1293 5405 1506 5472 πιστὴ
1537 5404 1710 5474 αὐτῷ.
1738 5413 1845 5463 Καὶ

1943 4978 2052 5033 quo
2087 4962 2333 5032 superius
2365 4959 2579 5014 dicebat
2610 4979 2621 5010 :
2659 4958 2725 5010 Et
2753 4967 3109 5012 testamentum
3142 4972 3308 5010 meum
3333 4955 3487 5024 ﬁdefc.

1945 5054 2064 5122 ipsi.
2107 5053 2187 5107 Ac
2237 5065 2450 5105 rursum
2497 5049 2760 5104 sermonis
2805 5048 3079 5101 veritatem
3125 5045 3376 5115 obsignat
3405 5047 3489 5099 di-

1945 5155 2110 5195 cens:
2145 5139 2319 5208 Neque
2346 5139 2532 5191 nocebo
2567 5136 2620 5187 in
2651 5135 2862 5188 veritate
2882 5147 3014 5192 mea,
3046 5146 3136 5182 nec
3165 5145 3279 5199 qua:
3306 5144 3487 5197 proce-

1946 5231 2074 5284 dunt
2095 5230 2155 5284 de
2187 5229 2336 5282 labiis
2363 5227 2485 5279 meis
2508 5227 2700 5295 faciam
2727 5225 2908 5285 irrita;
2938 5221 3030 5274 sed
3060 5221 3258 5282 ﬁdelia,
3288 5221 3483 5287 inquit,

1945 5329 1998 5374 et
2029 5335 2149 5374 vera
2191 5318 2377 5372 faciam
2416 5317 2679 5384 promissa
2715 5329 2852 5378 mea,
2887 5312 3090 5366 addens
3145 5310 3487 5364 sermonibus

1948 5423 2108 5478 opera
2139 5421 2420 5473 rerumque
2453 5406 2860 5472 complementa.

286 5501 460 5554 πάλιν
489 5499 916 5570 ὲπισφραγίζεται
940 5493 1020 5544 τοῦ
1041 5491 1187 5553 λόγου
1208 5492 1297 5558 τὴν
1345 5494 1637 5564 ἀλήθειαν
1663 5499 1832 5554 εἰπών
1867 5517 1880 5531 ·
1933 5498 2079 5553 Οὐδὲ
2127 5497 2211 5566 μὴ
2260 5495 2520 5560 ἀδικήσω
2557 5497 2625 5547 ἐν
2653 5494 2724 5561 τῇ
2769 5492 3013 5555 ἀληθείᾳ
3054 5507 3190 5556 μου,
3234 5488 3378 5541 οὐδὲ
3422 5485 3494 5539 τι)

289 5590 728 5655 εκπορευόμενα
766 5582 855 5635 διὰ
879 5579 984 5631 τῶν
1025 5576 1409 5647 χειλέωνμευ
1467 5587 1549 5636 οὐ
1582 5585 1666 5652 μὴ
1719 5589 2005 5654 ἀθετήσω
2039 5586 2169 5639 ἀλλὰ
2202 5586 2361 5638 πιστὰ
2410 5585 2502 5638 καὶ
2553 5585 2744 5655 ἀληθῆ,
2789 5579 2942 5651 φησὶ,
2988 5580 3194 5648 ποιήσω
3213 5576 3284 5630 τὰ.
3328 5579 3498 5642 ἐπηγ-

291 5677 552 5747 γελμένα,
573 5676 762 5737 ἐπιθεὶς
788 5673 888 5730 τοῖς
909 5667 1058 5734 λόγοις
1095 5663 1232 5734 ἔργα
1253 5670 1312 5724 δι’
1343 5675 1568 5729 αὐτῶν
1596 5678 1700 5731 τῶν
1731 5679 2194 5750 ἀποτελεσμάτων.
