3848 6402
306 475 444 534 “07

1331 53 1352 58 ’-
1369 52 1392 64 α
1409 52 1740 67 “ww-Vw
1759 52 1875 66 ⁵-ν-ι-

959 464 1227 522 EUSEBII
1269 457 1735 548 CESADIENSIS
1766 457 1910 512 OPP.
1946 453 2121 508 PARS
2163 449 2246 504 ill.
2288 479 2339 488 »-—
2391 446 2473 499 EX

1365 457 1735 516 ZSARIENSIS
1766 457 1910 512 OPP.
1946 453 2121 508 PARS
2163 449 2246 504 ill.
2288 479 2339 488 »-
2391 440 2821 499 EXEGETICA.

3469 413 3626 472 H08

375 588 438 642 Et
481 589 593 641 haec
641 583 849 655 quidem
890 583 1120 650 taliaque
1169 586 1294 634 sunt
1329 539 1510 631 Davidi
1541 577 1663 630 data
1706 590 1826 644 pro—
1857 583 1894 634 Α

2155 565 2220 619 τὰ
2274 564 2366 634 μὲν
2399 561 2500 614 τῶν
2530 557 2670 629 πρὸς
2699 555 2802 607 τὸν
2843 545 3020 602 Δαυῖδ
3065 533 3483 606 ἐπαγγελιῶν
3518 533 3634 584 τῶν

2164 654 2184 655 ”
2298 653 2305 655 ’
2529 648 2539 655 ·
2653 644 2680 654 ⁸
2718 642 2744 655 ἰ
2808 641 2822 655 ο
2982 630 3170 655 es“:
3236 625 3387 655 —--.t
3412 638 3477 655 η
3516 620 3634 655 ..τω

305 681 465 734 missa
491 679 554 732 de
570 693 732 731 cornu
752 683 802 728 et
821 674 887 726 de
914 673 1107 725 throno
1133 672 1347 737 ejus,ac
1375 669 1440 722 de
1462 668 1528 721 iis
1563 666 1651 736 qui
1680 665 1745 719 ab
1771 679 1834 718 eo

307 769 566 841 prodituri
609 772 750 828 sunt,
780 777 991 817 necnon
1037 759 1103 814 de
1147 759 1296 813 Novo
1325 757 1666 812 Testamento
1697 753 1832 824 ejus.

306 857 438 927 Quia
466 872 592 911 vero
621 856 753 909 tales
806 853 1235 922 pollicitationes,
1269 865 1376 903 non
1431 847 1661 916 simplici
1703 859 1837 914 quo-

1936 658 2059 726 περὶ
2096 654 2187 707 τοῦ
2248 620 2419 720 κέρως
2460 648 2552 700 καὶ
2576 620 2684 697 ’τοῦ
2717 641 2931 713 θρόνου
2973 630 3202 689 αὑτοῦ,
3236 625 3388 694 περί
3412 638 3481 674 τε
3516 620 3635 672 τῶν

1930 746 1987 810 ἐξ
2011 711 2174 797 αὑτοῦ
2203 711 2577 809 γενησομένων
2601 734 2703 786 καὶ
2737 711 2847 798 τῆς
2880 722 3125 790 Καινῆς
3169 715 3503 810 tamen-1m;
3534 711 3640 763 αὑ-

1933 803 2024 887 τοῦ
2079 803 2333 885 τοσαῦταί
2401 803 2550 878 Ἔπεὶ
2584 814 2644 875 δέ
2673 819 2858 890 ἐχρῆν
2892 816 3000 876 τὰς
3031 806 3353 868 τοιαύτας
3375 803 3642 869 ἐπαγγε-

306 895 438 927 qu...
475 895 591 911 ,ων
623 895 753 909 ...ων
809 895 1235 922 νυ...υ.-....ν....-,
1269 895 1376 903 ---η
1432 895 1661 916 _----,____
1708 895 1800 914 τη

304 947 426 1002 dam
473 953 526 1000 et
571 945 713 998 nudo
751 958 999 997 sermone
1045 943 1280 1012 prolatas
1314 939 1579 992 aestimare
1621 944 1823 1004 oporte-

2124 923 2156 992 ὴ
2191 918 2345 988 ἀπλῷ
2383 934 2488 970 τινι
2518 913 2612 1012 καὶ
2640 909 2792 1012 ιέιλῷ
2815 895 3641 1012 λόγῳστροενηνοέένὲιινῖ-

304 1033 417 1093 hat,
454 1033 642 1085 iterum
689 1030 912 1084 resumit
961 1044 1024 1083 ac
1081 1028 1244 1082 verba
1287 1026 1500 1095 repetit,
1532 1031 1584 1078 et
1626 1023 1690 1075 ad
1715 1038 1839 1091 pro-

305 1122 591 1174 missorum
616 1118 1070 1171 confirmationem
1088 1133 1145 1171 ea
1166 1114 1518 1184 jurejurando
1537 1112 1838 1181 consignat,

306 1223 426 1261 eum
449 1208 521 1260 ait
543 1205 789 1260 :—Vr.ns.
816 1207 1004 1261 56-38.
1028 1204 1190 1258 Semel
1212 1205 1390 1272 juravi
1409 1205 1462 1255 in
1484 1203 1677 1257 Sancto
1708 1218 1837 1268 meo,

311 1297 353 1349 si
379 1296 543 1349 David
566 1297 804 1358 mentiar,
833 1312 1000 1348 semen
1037 1295 1147 1363 ejus
1177 1295 1232 1346 in
1265 1303 1512 1347 wternum
1533 1291 1774 1354 manebit,
1790 1300 1837 1345 et

310 1385 520 1438 thronus
546 1386 654 1453 ejus
683 1387 814 1438 sicut
844 1385 922 1438 sol
951 1386 1001 1438 in
1035 1395 1301 1451 conspectu
1333 1401 1461 1446 meo,
1493 1393 1543 1435 et
1562 1383 1692 1435 sicut
1715 1381 1839 1434 luna

307 1475 530 1543 perfecta
569 1476 623 1526 in
663 1485 909 1527 (sternam
941 1490 958 1525 :
989 1484 1036 1527 et
1070 1475 1213 1526 testis
1242 1475 1294 1526 in
1323 1473 1446 1525 caelo
1487 1471 1676 1541 ﬁdelis.
1709 1471 1840 1524 Dia-

307 1565 529 1631 psalma.
571 1563 825 1616 Mendacii
854 1561 1065 1631 quidem
1100 1577 1290 1630 expers
1327 1561 1465 1615 Deus
1496 1555 1599 1628 est,
1629 1561 1840 1614 etiamsi

312 1656 714 1724 promissionem
761 1655 1064 1721 juramento
1121 1668 1227 1706 non
1267 1654 1470 1704 muniat
1503 1670 1516 1705 :
1548 1651 1673 1720 quia
1714 1666 1841 1705 vero

309 1746 551 1798 homines
579 1744 873 1811 alloquens,
905 1757 1037 1811 opus
1068 1752 1181 1795 erat
1208 1751 1264 1795 ut
1290 1741 1523 1794 humano
1541 1743 1647 1794 ritu
1669 1750 1841 1793 utere—

312 1842 416 1895 tur,
449 1833 742 1903 secundum
795 1847 994 1886 morem
1045 1831 1319 1884 hominum
1351 1831 1667 1898 jurantium,
1693 1837 1745 1884 et
1772 1829 1838 1882 ad

1937 1012 2128 1084 μίζειν,
2161 1007 2314 1072 αὖθις
2356 1002 2810 1073 ἐπαναλαμϐάνει
2833 997 2936 1051 καὶ
2977 989 3389 1057 ἐπιδευτεροῖ
3425 984 3531 1084 τον
3553 982 3647 1034 λό-

1935 1073 2048 1170 γον,
2076 1073 2220 1172 ὅρκῳ
2246 1095 2782 1167 ἐπισφραγιζόμενος
2797 1089 2872 1142 τὰ
2906 1081 3230 1156 εἰρημένα
3252 1079 3365 1178 ξιξ
3391 1073 3649 1178 βεϐαία)-

1937 1166 2018 1246 σιν
2040 1166 2144 1244 τῶν
2176 1166 2621 1260 ἐτέηγγελμένων.
2657 1181 2751 1234 Διό
2781 1195 2956 1249 φησιν
2975 1193 2990 1206 ·
3037 1168 3285 1233 Ἀπαξ
3310 1166 3554 1264 dimovet
3578 1166 3652 1217 ἐν

1936 1282 2182 1349 τῷἈγίῳ
2228 1256 2368 1347 μόυ,
2399 1279 2451 1330 εἰ
2480 1276 2560 1340 τῷ
2589 1271 2778 1327 Δαυῒδ
2815 1269 3195 1338 ψεύσομαι,
3253 1259 3350 1313 τὰ
3385 1256 3653 1357 σπέρμα

1936 1367 2116 1422 αὐτοῦ
2138 1369 2222 1431 εις
2247 1366 2350 1418 τὸν
2364 1363 2552 1417 aliIn-cz
2579 1360 2752 1430 μένει
2775 1357 2880 1427 (i),
2910 1356 3015 1408 καὶ
3047 1356 3097 1407 ό
3136 1352 3406 1418 θρόνος
3447 1349 3654 1422 αὑτοῦ

1937 1460 2014 1524 ὡς
2050 1460 2082 1510 ὁ
2104 1457 2271 1522 ἣλιος
2292 1454 2574 1506 ἐναντίον
2580 1467 2725 1527 μου,
2747 1446 2850 1499 καὶ
2881 1446 2966 1508 ὠς
2991 1443 3032 1508 ἢ
3071 1437 3375 1531 fatisia—en
3419 1452 3657 1531 zeum):

1938 1546 2182 1616 τισμένη
2215 1547 2298 1609 εἰς
2325 1543 2432 1596 τὸν
2461 1541 2654 1594 αἰῶνα
2676 1554 2691 1567 ο
2745 1537 2847 1589 καὶ
2893 1537 2928 1586 ό
2977 1530 3277 1601 μάρτυς
3295 1529 3380 1580 ἐν
3399 1529 3660 1592 οὐρανῷ

1944 1637 2171 1701 πιστός.
2197 1634 2529 1702 Διάψαλμα.
2572 1627 2844 1698 Ἀψευδὴς
2879 1625 2986 1695 μέν
3031 1625 3228 1675 ἐστιν
3262 1622 3297 1673 ὁ
3337 1618 3519 1680 Θεὸς,
3559 1618 3657 1670 καὶ

1941 1727 2196 1797 ἀνωμότῳ
2220 1722 2499 1796 χρώμενος
2537 1723 2605 1790 τῇ
2643 1715 3002 1784 ἐπαγγελία*
3043 1713 3208 1764 ἐπεὶ
3253 1711 3324 1762 δὲ
3359 1708 3556 1778 ἐχρῆν
3581 1706 3658 1768 ὡς

1943 1815 2077 1885 πρὸς
2109 1811 2421 1882 ἀνθρώπους
2449 1808 2842 1877 διαλεγόμενον
2880 1799 3275 1873 ἀνθρωπίνῃ
3307 1797 3657 1870 χρήσασθαι

310 1922 762 1975 conﬁrmationem
813 1921 1092 1974 verborum
1151 1920 1510 1974 testimonium
1541 1919 1632 1974 Dei
1688 1936 1829 1975 usur-

2136 1905 2321 1974 ριφορᾷ
2373 1901 2514 1955 κατὰ
2548 1900 2678 1962 τοὺς
2714 1901 2774 1950 ἐν
2808 1894 3176 1965 ἀνθρώποις
3213 1891 3655 1960 εὖορκοῢντας,

311 2010 581 2076 ρςιηιίυηι,
635 2019 686 2063 et
717 2009 829 2078 ipse
862 2010 934 2062 ait
977 2023 1034 2062 se
1087 2009 1319 2077 jurasse,
1353 2024 1452 2062 nec
1488 2009 1843 2077 pejeraturum

310 2113 465 2160 esse;
502 2097 565 2150 Ut
605 2113 693 2165 per
731 2099 862 2150 duas
892 2114 971 2150 res
1009 2097 1315 2159 immobiles,
1347 2100 1419 2150 ait
1451 2098 1661 2152 divinus
1707 2097 1846 2166 Apo-

314 2192 485 2244 stolus
499 2190 563 2252 ⁸⁵,
591 2190 772 2258 quibus
803 2187 1116 2255 impossibile
1143 2197 1217 2241 est
1247 2187 1451 2240 mentiri
1468 2187 1649 2250 Deum,
1667 2188 1847 2254 fortis-

314 2280 504 2331 simum
557 2278 800 2330 solatium
852 2277 1150 2330 habeamus.
1182 2277 1298 2328 Alia
1337 2290 1546 2344 quoque
1578 2277 1736 2329 allata
1765 2286 1847 2331 est

315 2383 500 2430 causa,
544 2383 641 2422 cur
668 2367 881 2435 jurasse
922 2365 1061 2419 Deus
1094 2365 1328 2420 feratur:
1367 2373 1426 2418 ut
1472 2365 1717 2419 videlicet
1745 2364 1848 2419 Da-

314 2450 456 2504 vidis
489 2450 831 2518 promissioni
879 2466 1001 2504 cum
1043 2453 1347 2518 juramento
1374 2450 1510 2504 dative
1550 2452 1718 2506 vicem
1761 2467 1837 2505 re-

316 2537 582 2604 penderet.
603 2537 628 2589 .l
636 2545 752 2589 urat
770 2552 929 2605 porro
943 2537 1080 2592 Deus
1097 2554 1190 2606 per
1205 2535 1458 2591 Sanctum
1482 2555 1655 2604 suum,
1671 2554 1852 2608 quem-

315 2625 597 2678 admodum
640 2633 790 2694 pater
820 2628 966 2695 jurat
1016 2643 1110 2695 per
1160 2629 1382 2682 salutem
1429 2629 1644 2697 legitimi
1682 2644 1743 2682 ac
1768 2629 1850 2681 di-

317 2714 439 2766 lecti
469 2713 556 2766 [ilii
581 2717 664 2768 sui
701 2734 713 2767 :
747 2716 931 2769 eodem
954 2755 967 2775 ,
995 2716 1183 2783 inquit,
1213 2718 1370 2771 modo
1398 2726 1449 2771 et
1475 2733 1572 2787 ego
1587 2719 1763 2785 juravi
1797 2720 1848 2770 in

315 2804 508 2856 Sancto
550 2819 678 2863 meo,
714 2803 765 2856 id
803 2811 906 2866 est,
939 2818 1031 2871 per
1065 2803 1319 2856 Sanctum
1347 2819 1541 2865 meum,
1591 2807 1637 2858 si
1686 2806 1848 2858 David

317 2889 556 2941 mentiar.
602 2888 738 2952 Quid
784 2896 960 2942 autem
1000 2890 1236 2943 continet
1285 2891 1652 2957 juramentum
1681 2891 1848 2944 illud?

317 2974 499 3030 Semen
543 2977 675 3044 ejus,
707 2977 897 3045 inquit,
926 2979 981 3029 in
1029 2987 1275 3030 retentum
1317 2980 1561 3032 manebit.
1596 2978 1707 3032 lloc
1743 2981 1852 3047 pri-

319 3081 463 3118 mum
508 3074 610 3129 est,
649 3074 702 3120 et
757 3068 868 3120 hac
907 3067 1074 3135 prima
1113 3067 1394 3135 promissio
1431 3067 1496 3121 de
1529 3069 1759 3134 semine;
1786 3069 1851 3123 de

318 3172 426 3224 quo
459 3157 705 3224 superius
734 3157 1029 3218 dicebatur,
1067 3156 1132 3208 Et
1161 3174 1350 3225 ponam
1390 3160 1443 3211 in
1472 3159 1718 3212 sarculum
1752 3177 1851 3214 sw-

320 3247 425 3299 culi
449 3263 618 3300 semen
659 3247 800 3315 ejus;
837 3247 1103 3300 indicabat
1133 3265 1259 3302 vero
1308 3249 1510 3303 Christi
1549 3251 1850 3304 successio-

321 3355 459 3392 nem.
480 3339 724 3393 Secunda
754 3346 928 3392 autem
953 3339 1236 3407 promissio
1259 3339 1325 3393 de
1347 3347 1640 3393 memorato
1661 3340 1852 3393 throno

318 3438 433 3493 est;
469 3443 632 3497 quare
674 3429 844 3482 dicit:
870 3428 937 3481 Et
971 3429 1182 3483 thronus
1220 3431 1331 3498 ejus
1365 3431 1498 3483 sicut
1527 3432 1608 3484 sol
1647 3431 1703 3483 in
1731 3447 1854 3484 cou-

319 3526 492 3583 spectu
535 3533 664 3582 meo,
695 3527 743 3571 et
783 3521 917 3573 sicut
955 3521 1079 3572 luna
1110 3521 1333 3588 perfecta
1357 3522 1408 3573 in
1447 3530 1715 3575 aeternum.
1754 3520 1852 3575 Se-

323 3621 444 3660 men
493 3607 690 3676 itaque,
727 3608 779 3660 id
826 3617 927 3673 est,
957 3609 1362 3663 disseminatum
1409 3611 1608 3669 Christi
1651 3626 1855 3665 sermo-

323 3704 466 3750 nem,
513 3691 623 3742 sive
656 3690 907 3757 populum
956 3699 1008 3744 et
1061 3690 1351 3746 Ecclesiam
1399 3695 1538 3763 ejus,
1581 3709 1853 3762 nunquam

324 3775 616 3841 periturum
668 3790 786 3828 esse
836 3777 928 3835 ait,
974 3791 1142 3844 neque
1181 3779 1546 3845 deiecturum;
1600 3781 1852 3838 thronum

324 3869 503 3914 autem
525 3862 642 3929 ejus
673 3868 1074 3931 permansurum
1106 3867 1157 3919 in
1193 3870 1479 3936 saeculum;
1510 3871 1622 3926 sive
1659 3887 1832 3925 secun

325 3950 448 4002 dum
485 3949 878 4020 Symmachum,
934 3954 1079 4008 Sicut
1127 3955 1251 4008 luna
1307 3959 1462 4025 ﬁrma
1502 3960 1555 4012 in
1608 3970 1856 4014 wternum

326 4040 547 4092 manebit
583 4056 604 4104 ;
643 4043 721 4096 sic
766 4044 868 4096 erit
914 4045 1311 4100 ecclesiasticus
1359 4047 1556 4103 Christi
1607 4051 1854 4106 thronus.

330 4127 464 4181 Num
482 4129 616 4183 forte
638 4146 758 4184 cum
783 4133 931 4200 prius
952 4133 1162 4196 dixerit,
1189 4132 1356 4187 Semel
1382 4136 1560 4203 juravi
1587 4139 1638 4191 in
1664 4138 1856 4194 Sancto

325 4234 455 4281 meo,
485 4226 537 4272 et
568 4220 880 4285 subdiderit,
914 4222 1096 4276 Semen
1116 4223 1225 4289 eius
1249 4225 1302 4275 in
1331 4235 1578 4278 (sternam
1610 4230 1855 4297 manebit,

324 4311 497 4362 sancti
528 4311 609 4365 sui
637 4327 814 4365 semen
838 4313 891 4365 in
924 4314 1176 4366 saeculum
1200 4315 1580 4383 imperaturum
1609 4333 1730 4373 esse
1765 4337 1858 4374 va-

267 4388 270 4390 ’
325 4400 613 4452 tleinatur?
633 4402 701 4453 ita
728 4410 786 4454 ut
816 4418 995 4456 semen
1024 4403 1205 4458 Sancti
1235 4404 1348 4466 Dei.
1373 4401 1426 4461 id
1454 4416 1556 4470 est,
1587 4407 1856 4479 Unigeniti

1944 1999 2034 2051 καὶ
2055 1995 2186 2048 Θεοῦ
2233 1991 2510 2063 μαρτυρίᾳ
2552 1988 2884 2059 χρεομένους
2920 1987 3009 2046 εἰς
3056 1983 3398 2035 πίστωσιν
3429 1982 3551 2035 τῶν
3580 1983 3659 2034 oi-

1945 2086 2100 2139 κεὶων
2145 2084 2347 2150 λόγωνο
2385 2081 2480 2132 καὶ
2535 2079 2702 2140 αὐτός
2744 2093 2920 2146 φησιν
2959 2072 3404 2144 ὀμωμοκέναι
3438 2073 3545 2125 καὶ
3584 2071 3658 2142 μὴ

1945 2171 2326 2242 διαψεύσασθαι
2350 2170 2425 2240 (2)
2459 2170 2587 2231 τοὺς
2606 2153 2834 2238 ὅρκους,
2870 2166 3013 2218 Ἵνα
3036 2163 3168 2216 διὰ
3192 2164 3355 2227 δύο,
3399 2162 3585 2233 φησὶν
3629 2165 3657 2216 6

1947 2266 2084 2329 θεῖος
2122 2262 2458 2325 Ἀπόστολος,
2496 2257 2867 2328 πραγμάτων
2920 2255 3407 2325 ἀμεταθέτων,
3447 2255 3526 2307 ἐν
3569 2250 3658 2320 οἷς

1946 2357 2239 2410 ἀδύνατον
2287 2353 2635 2420 ψεύσασθαι
2693 2347 2806 2400 τὸν
2859 2347 3055 2407 Θεὸν,
3115 2347 3439 2414 ἰσχυρὰν
3462 2343 3658 2414 παρά-

1947 2449 2166 2510 κλησιν
2215 2442 2463 2508 ἔχωμεν.
2503 2437 2738 2508 Εἴρηται
2762 2435 2824 2487 δὲ
2864 2436 2972 2488 καὶ
3023 2435 3198 2506 ἄλλη
3235 2436 3438 2497 αἰτία,
3474 2437 3546 2487 δι’
3588 2435 3656 2506 ῆν

1947 2535 2112 2604 ὀμνὺς
2141 2535 2168 2584 6
2195 2530 2326 2591 Θεδς
2352 2527 2602 2596 εἰσῆκται
2642 2565 2656 2588 ,
2688 2524 2839 2577 κατὰ
2865 2523 3162 2594 ἀμοιϐὴν,
3187 2525 3312 2594 τῆς
3341 2522 3450 2575 τοῦ
3488 2521 3656 2577 Δαυῖδ

1952 2625 2066 2694 μεθ’
2093 2623 2255 2692 ὅρκου
2302 2617 2653 2685 ἐπαγγελίας.
2705 2613 2942 2684 Ὀμνύει
2995 2613 3066 2665 δὲ
3104 2614 3145 2664 ὁ
3179 2614 3345 2676 Θεὸς
3376 2613 3536 2666 κατὰ
3561 2612 3652 2664 τοῦ

1961 2713 2136 2779 ’Λγίου
2167 2708 2355 2772 αὑτοῦ,
2395 2709 2470 2770 ὡς
2500 2708 2566 2759 ἂν
2601 2705 2698 2757 καὶ
2722 2705 2918 2776 πατὴρ
2943 2704 3250 2775 εὖορκῶν
3289 2705 3454 2758 κατὰ
3488 2721 3654 2772 σωτη-

1953 2803 2068 2873 ρίας
2111 2798 2226 2851 υἱοῦ
2273 2797 2497 2866 γνησίου
2532 2795 2627 2848 καὶ
2654 2793 3002 2869 ἀγαπητοῦο
3054 2794 3177 2846 τὸν
3219 2795 3413 2848 αὐτὸν
3448 2795 3651 2865 τρόπον

1952 2889 2121 2957 κάγὼ,
2140 2889 2323 2958 φησιν,
2352 2886 2560 2954 ὤμοσα
2585 2885 2655 2937 ἐν
2675 2883 2758 2948 τῷ
2771 2884 2953 2952 Ἀγίῳ
2981 2901 3164 2952 μου,
3191 2886 3482 2938 τουτέστι
3514 2883 3652 2936 κατὰ

1949 2980 2041 3032 τοῦ
2060 2979 2238 3046 Ἀγίου
2272 2993 2398 3047 μου,
2455 2978 2509 3029 εἰ
2549 2973 2630 3038 τῷ
2660 2975 2852 3027 Δαυῒδ
2885 2977 3291 3044 ψεύσομαι.
3355 2979 3430 3029 Τί
3463 2977 3523 3028 δὲ
3559 2993 3652 3029 πι-

1953 3071 2144 3139 ριεῖχεν
2174 3070 2202 3120 ὁ
2230 3069 2428 3136 ὃρκος;
2471 3066 2540 3118 Τὸ
2589 3063 2837 3130 σπέρμα
2869 3055 3122 3129 αὑτοῦ,
3179 3069 3402 3139 φησὶν,
3433 3069 3527 3132 εὶς
3549 3065 3652 3119 τὸν

1951 3156 2133 3209 αιῶνα
2159 3153 2346 3223 μένει.
2379 3153 2550 3205 Τοῦτο
2605 3151 2853 3222 πρῶτον,
2893 3155 3005 3205 καὶ
3071 3155 3249 3227 αὕτη
3303 3157 3417 3227 μὲν
3457 3155 3647 3227 πρὼτη

1953 3245 2251 3313 ἐπαγγελία
2272 3245 2305 3312 ἡ
2340 3244 2468 3313 περὶ
2498 3241 2594 3294 τοῦ
2625 3241 2964 3312 σπέρματος
2987 3261 3004 3273 ·
3054 3247 3220 3317 περὶ
3246 3243 3319 3300 οὗ
3359 3247 3467 3300 καὶ⁵
3513 3248 3649 3298 ἀνω-

1949 3336 2086 3405 τέρω
2134 3333 2383 3400 ἐλέγετο·
2433 3331 2545 3385 Καὶ
2583 3331 2856 3400 θήσομαι
2903 3335 3008 3398 εὶς
3061 3336 3203 3390 τὸν
3275 3339 3489 3392 αἰῶνα
3546 3338 3647 3391 τοῦ

1949 3423 2158 3488 αἰῶνος
2187 3422 2252 3474 τὸ
2277 3421 2515 3488 σπέρμα
2573 3421 2802 3474 αὐτοῦ’
2853 3421 3078 3492 ἐδήλου
3119 3426 3196 3478 δὲ
3244 3429 3357 3481 τοῦ
3403 3427 3645 3500 Χριστοῦ

1950 3513 2046 3581 τὴν
2072 3512 2336 3580 διαδοχήν.
2360 3511 2604 3579 Δευτέρα
2635 3509 2694 3561 δὲ
2726 3512 3069 3580 ἐπαγγελία
3097 3519 3261 3589 περὶ
3306 3518 3414 3572 τοῦ
3455 3519 3644 3592 Θρόνου

1951 3602 2042 3654 τοῦ
2073 3600 2460 3672 προλεχθέντος
2481 3618 2495 3629 '
2521 3600 2604 3652 διὸ
2661 3603 2761 3654 καὶ
2820 3604 3104 3673 ἐπιλέγει
3140 3625 3158 3638 ο
3198 3611 3333 3663 Καὶ
3363 3615 3401 3664 ὁ
3435 3612 3644 3680 θρόνος

1951 3691 2132 3745 αὐτοῦ
2168 3692 2299 3754 ὠςό
2324 3690 2499 3756 ἣλιος
2544 3691 2840 3744 ἐναντίον
2874 3712 3040 3761 μου,
3082 3700 3202 3752 καὶ
3261 3703 3359 3766 ὡς
3404 3699 3642 3769 σελήνη

1953 3780 2382 3847 κατηρτισμένη
2413 3784 2502 3845 εὶς
2531 3781 2640 3832 τὸν
2674 3781 2900 3835 αἰῶνα.
2938 3785 3025 3837 Τὸ
3061 3788 3183 3856 μὲν
3237 3787 3348 3844 οὖν
3389 3792 3644 3861 σπέρμα,

1953 3870 2193 3923 τουτέστι
2243 3868 2332 3920 τὸν
2392 3868 2489 3920 τοῦ
2550 3870 2796 3940 Χριστοῦ
2835 3881 3342 3950 κατασπαρέντα
3388 3881 3640 3951 λόγον,ῆ

1954 3963 2041 4012 τὸν
2068 3959 2191 4012 λαὸν
2225 3958 2388 4011 αὐτοῦ
2428 3961 2522 4012 καὶ
2556 3960 2656 4030 τὴν
2701 3962 3096 4035 Ἐκκλησίαν,
3151 3973 3382 4029 οὔποτε
3416 3977 3642 4045 διαφθα-

1957 4047 2222 4137 ρήσεσθαίλ
2240 4064 2426 4117 φησιν,
2463 4048 2590 4137 οῦδὲ
2644 4050 2967 4121 διαλείψειν
2991 4075 3004 4087 ·
3044 4061 3155 4114 τὸν
3192 4063 3260 4116 δὲ
3287 4064 3497 4137 θρόνον
3543 4066 3638 4119 αὐτ

1955 4137 2045 4190 τοῦ
2069 4135 2350 4226 διαμένειν-
2369 4137 2455 4226 είς
2486 4135 2580 4186 τὸν
2619 4137 2802 4192 αἰῶνα
2829 4157 2844 4170 ο
2881 4143 2919 4212 ἦ
2972 4149 3140 4201 κατὰ
3166 4153 3276 4205 τὸν
3309 4135 3638 4226 Σύμμαχον,

1968 4227 2059 4289 Ὡς
2086 4226 2122 4289 ἡ
2142 4223 2301 4292 μήνη
2326 4223 2537 4289 ἐδραία
2564 4231 2830 4297 αὶωιοίως
2847 4238 3084 4301 μενεῖ·
3121 4241 3328 4306 οὕτως
3365 4223 3535 4297 ἔσται
3550 4246 3635 4298 καὶ

1955 4318 1982 4367 6
2012 4314 2456 4406 ἐκκλησιαστικὸς
2507 4318 2606 4370 τοῦ
2663 4323 2918 4391 Χριστοῦ
2977 4327 3226 4399 θρόνος.
3291 4337 3538 4406 Μήποτε
3581 4336 3638 4388 δὲ

1958 4402 2228 4497 προειπὼν
2263 4401 2502 4497 ὀλόγος,
2541 4408 2740 4474 "Aetas
2781 4414 3016 4482 ὤμοσα
3041 4421 3124 4473 ἐν
3164 4423 3260 4490 τῷ
3279 4401 3460 4495 Ἇγλίῳ
3493 4445 3628 4497 μου.

329 4489 420 4542 Dei
455 4490 526 4543 sit
550 4490 790 4543 doctrina
819 4493 935 4559 ejus
969 4508 1127 4562 quam
1159 4496 1212 4548 in
1242 4503 1384 4549 terra
1423 4498 1848 4569 seminavit,ipse

2114 4493 2438 4584 επισυνάψας
2479 4497 2629 4568 ἑξῆς,
2701 4503 2772 4555 Τὸ
2827 4506 3102 4577 σπέρμα
3159 4489 3377 4570 αὐτοῦ
3407 4489 3633 4584 εὶς-τὸν

326 4583 474 4630 sator
503 4577 618 4646 ejus
645 4577 886 4639 elTeetus.
910 4583 1202 4637 secundum
1227 4586 1532 4654 parabolam
1556 4588 1621 4640 ah
1653 4603 1718 4642 eo
1740 4605 1856 4657 pro-

327 4667 507 4727 latam,
521 4682 624 4735 qua
639 4667 767 4720 dicit
786 4687 799 4721 :
825 4669 964 4724 Exiit
980 4674 1066 4740 qui
1090 4675 1307 4727 seminat
1333 4679 1583 4731 seminare
1601 4678 1666 4744 ³⁸⁵,
1679 4687 1731 4733 et
1755 4695 1857 4734 cae-

326 4765 459 4809 tera.
487 4756 551 4809 Et
580 4759 687 4813 hac
713 4761 946 4828 quidem,
977 4766 1072 4826 ait,
1093 4766 1166 4818 ita
1197 4775 1374 4829 erunt,
1405 4768 1475 4820 ita
1506 4767 1650 4830 ﬁent,
1673 4778 1725 4822 et
1749 4785 1860 4823 cre-

325 4845 506 4899 dihilia
531 4849 836 4906 reddentur.
862 4850 991 4904 Nam
1020 4854 1208 4921 horum
1234 4856 1387 4910 testis
1427 4857 1594 4912 ﬁdelis
1616 4867 1695 4911 est
1716 4857 1858 4914 Deus

327 4932 380 4984 in
418 4937 552 4989 caelo
577 4937 841 4993 habitans.
870 4941 1154 4996 Veritatem
1186 4960 1344 5012 porro
1370 4947 1632 5000 sermonis
1665 4948 1858 5000 confir-

329 5030 438 5072 mat
493 5039 668 5079 rerum
721 5037 943 5083 eventus
999 5037 1052 5082 et
1094 5035 1525 5088 consummatio:
1561 5049 1681 5088 nam
1716 5035 1857 5090 illius

329 5121 495 5164 cornu
509 5113 740 5178 Davidis,
772 5118 825 5171 id
849 5127 949 5181 est,
970 5117 1263 5177 Salvatoris
1280 5125 1450 5178 nostri
1481 5124 1605 5179 Jesu
1625 5124 1854 5190 'Cbristi,

331 5213 508 5254 semen
538 5213 590 5255 et
615 5207 1010 5261 successionem
1056 5210 1186 5278 ipsis
1227 5214 1398 5268 oculis
1426 5214 1667 5269 videmus
1705 5233 1716 5266 :
1751 5215 1857 5268 imo

333 5287 488 5340 etiam
519 5289 702 5346 Sancti
735 5295 845 5358 Dei,
871 5298 1125 5366 unigeniti
1159 5301 1327 5368 ipsius
1350 5301 1508 5357 Verbi
1539 5319 1781 5372 sparsum
1803 5304 1855 5358 in

333 5382 470 5426 terra
508 5381 724 5436 caeleste
753 5400 931 5440 semen
961 5391 1278 5457 evangelicae
1306 5393 1562 5447 doctrinae
1601 5401 1858 5447 aeternum

335 5477 676 5553 perseverans
708 5490 720 5523 :
755 5475 981 5545 itemque
1015 5479 1264 5534 thronum
1308 5483 1424 5552 ejus
1451 5499 1545 5553 per
1574 5493 1741 5538 totum
1771 5499 1860 5537 or-

334 5551 448 5644 ίδθξῖτ
545 5555 767 5644 singulis
795 5566 1057 5629 gentibus,
1089 5571 1310 5626 urbibus
1327 5551 1480 5635 ,vicis
1505 5583 1557 5630 et
1589 5574 1730 5644 agris
1751 5581 1859 5628 sta-

399 5639 443 5670 “
484 5639 640 5696 Hebr.
673 5661 754 5706 Iv,
792 5651 875 5704 16.
950 5658 993 5688 ⁸⁸
1032 5657 1160 5715 Luc.
1195 5677 1320 5722 Vill,
1355 5665 1409 5718 5.

400 5727 476 5794 (ί)
512 5727 641 5779 LXX
671 5731 847 5799 legunt
885 5749 1051 5808 μενεῖ,
1087 5749 1139 5804 in
1180 5750 1377 5806 futuro.
1413 5754 1565 5809 Ent'l'.

1958 4582 2137 4635 αἰῶνα
2147 4581 2332 4650 μένει,
2351 4585 2446 4637 τοῦ
2463 4587 2647 4654 Ἀγίου
2663 4591 2918 4648 αὐτοῦ’τὸ
2945 4599 3202 4671 σπέρμα
3218 4581 3544 4678 κρατήσειν
3558 4610 3633 4670 εἰς

1962 4673 2128 4724 αἰῶνα
2151 4671 2400 4734 θεσπίζει
2421 4691 2434 4738 ;
2461 4677 2537 4738 ὡς
2554 4674 2696 4731 εἶναι
2724 4683 2971 4753 σπέρμα
2991 4691 3100 4742 τοῦ
3119 4671 3332 4762 Ἀγίου
3348 4671 3460 4749 τοῦ·
3475 4697 3630 4757 Θεοῦ,

1961 4763 2156 4857 δηλαδὴ
2177 4763 2272 4857 τοῦ
2295 4767 2642 4835 Μονογενοῦς
2661 4772 2761 4824 τοῦ
2793 4773 2968 4843 Θεοῦ,
2998 4781 3074 4849 ἣν
3103 4781 3394 4857 ἔσπειρεν
3411 4790 3508 4841 ὲπὶ
3531 4789 3628 4856 γῆς

1960 4853 2323 4948 διδασκαλίαν,
2366 4858 2530 4921 αὐτὸς
2564 4861 2876 4931 γενόμενος
2914 4869 3108 4942 αὐτῆς
3146 4853 3448 4948 σπορεὺς,
3491 4853 3626 4932 κατὰ

2082 4945 2362 5040 λεχθεῖσαν
2391 4948 2482 5000 ὑπ’
2514 4951 2684 5004 αὑτοῦ
2739 4961 3118 5032 ’παραϐολὴν⁹
3151 4965 3227 5018 δι’
3257 4945 3332 5039 ἧς
3367 4970 3585 5040 εἴρηται
3606 4983 3619 4996 ,

1975 5033 2257 5127 Ἐξῆλθεν
2303 5040 2337 5090 ό
2397 5041 2670 5107 σπείρων
2719 5046 2836 5099 τοῦ
2881 5052 3172 5121 σπεῖραι,
3222 5033 3324 5111 καὶ
3365 5033 3441 5112 τά
3476 5033 3617 5127 ἐξῆςο

1961 5125 2070 5176 Καὶ
2095 5125 2267 5178 ταῦτα
2288 5128 2408 5196 μὲν,
2427 5132 2618 5200 φησὶν,
2641 5133 2824 5199 οὕτως
2859 5139 3031 5195 ἔσται
3065 5149 3168 5199 καὶ
3184 5152 3494 5220 γενήσεται
3528 5125 3618 5202 καὶ

1962 5215 2389 5286 πιστωθήσεται.
2446 5223 2508 5274 Ἰ)
2555 5224 2666 5295 γὰρ
2693 5228 2917 5282 τούτων
2957 5235 3194 5306 μάρτυς
3245 5215 3444 5304 πιστός
3473 5244 3615 5295 ἐστιν

1960 5307 1988 5357 6
2014 5308 2069 5357 ἐν
2101 5307 2319 5380 οὐρανῷ
2352 5317 2628 5370 κατοικῶν
2662 5318 2822 5383 Θεός.
2876 5324 3195 5398 Συνίστησι
3230 5331 3287 5384 δὲ
3320 5332 3422 5386 τοῦ
3456 5333 3616 5400 λόγου·

1963 5399 2060 5493 τὴν
2094 5399 2361 5493 ἀλήθειαν
2390 5407 2452 5462 τὸ
2479 5408 2573 5463 διὰ
2592 5410 2704 5463 τῶν
2739 5411 2930 5483 ἔργων
2966 5418 3341 5493 ἀποτέλεσμα
3363 5440 3377 5452 ’
3411 5423 3610 5493 ὀφθαλο

1968 5491 2082 5556 μοῖς
2102 5490 2212 5581 γὰρ
2241 5497 2463 5569 ὁρῶμεν
2474 5501 2570 5554 τοῦ
2595 5502 2776 5574 κέρως
2802 5507 2996 5570 Δαυῖδ,
3016 5490 3278 5564 τουτέστι
3301 5513 3399 5565 τοῦ

1971 5593 2060 5644 ρος
2094 5580 2257 5648 ἡμῶν
2299 5587 2478 5659 Ἰησοῦ
2511 5593 2777 5659 Χριστοῦ,
2803 5595 2870 5648 τὸ
2903 5598 3140 5668 σπέρμα
3177 5604 3278 5656 καὶ
3305 5603 3409 5657 τὸν
3432 5580 3596 5658 διαδο-

2042 5751 2122 5823 (ἓ)
2158 5759 2331 5823 Forte
2361 5770 2468 5842 leg.
2507 5772 2927 5846 διαψεισεσθαι.
2960 5783 3124 5842 Em.
