3848 6410
278 366 454 425 “09

1338 358 1822 418 COMMENTARIA
1853 356 1918 410 IN
1947 353 2272 411 PSALMOS.

3322 351 3456 406 {HO

271 479 446 546 χὴνο
482 478 618 532 ἀλλὰ
662 477 754 530 καὶ
801 475 890 528 τοῦ
906 475 1081 542 ’Δγίου
1110 473 1200 527 τοῦ
1231 474 1362 527 Θεοῦ
1406 473 1497 527 τοῦ
1531 470 1831 544 μονογενοῦς

1941 469 2166 530 bilitum,
2196 468 2482 534 orbemque
2511 472 2673 516 totum
2697 463 2998 532 implentem
3027 461 3281 518 videmus.
3309 461 3460 526 Quod

270 567 472 618 αὑτοῦ
495 568 664 631 Λόγου
691 564 751 616 τὺ
777 563 1099 631 καταϐληθὲν
1127 563 1215 614 ἐπὶ
1237 563 1335 631 γῆς
1357 562 1595 632 οὐράνιον
1629 561 1840 630 σπέρμα

269 653 404 721 τῆς
432 651 786 720 εὐαγγελικῆς
799 649 1133 710 διδασκαλίας
1151 647 1464 710 διαιωνίζον·
1501 648 1558 700 οὐ
1585 648 1686 716 μὴν
1710 645 1840 698 ἀλλὰ.

273 739 400 792 καὶ
454 739 578 792 καθ’
624 739 747 806 ὅλης
771 739 869 806 τῆς
904 737 1193 807 ἀνθρώπων
1229 737 1564 806 οἰκουμένης,
1594 737 1649 788 ὲν
1681 736 1840 786 πᾶσιν

274 828 507 890 εθνεσι,
545 828 724 880 πόλεσί
748 845 806 879 τε
833 829 922 880 καὶ
959 826 1166 896 κώμαις
1187 827 1278 879 καί
1301 825 1496 896 χώραις
1525 825 1733 896 ὁρῶμεν
1752 824 1840 876 τὸν

276 918 352 969 ἑν
386 919 459 985 τῇ
521 916 811 984 Ἐκκλησία
841 914 997 968 αὑτοῦ
1026 914 1296 983 ἱδρυμένον
1327 913 1509 982 θρόνον
1543 912 1839 981 πληροῦντα

272 1004 393 1056 τὸν
425 1003 715 1074 σύμπαντα
745 1003 957 1072 κόσμον.
987 1003 1046 1054 Εἰ
1071 1003 1124 1053 δέ
1146 1019 1226 1062 τις
1256 1001 1327 1070 μὴ
1357 1001 1542 1062 οὕτως,
1564 1000 1693 1052 ἀλλὰ
1717 1000 1840 1050 Ἰου-

277 1092 510 1154 δαϊκῶς
541 1091 753 1144 ὲκλάϐοι
789 1090 873 1142 τὸν
898 1090 1097 1158 θρόνον,
1129 1089 1223 1159 τὴν
1251 1088 1554 1157 σωματικὴν
1578 1085 1839 1155 βασιλείαν

275 1179 392 1232 τοῦ
429 1179 598 1231 Δαυῖδ
625 1178 871 1246 λέγεσθαι
923 1175 1168 1246 νομίζων,
1195 1176 1400 1244 ψευδεῖς
1439 1173 1839 1244 ἐλεγχθήσονται

276 1268 346 1320 αἱ
386 1269 738 1336 προφητεῖαι.
774 1265 924 1318 Μετὰ
953 1265 1058 1333 γὰρ
1104 1265 1198 1334 τὴν
1231 1267 1308 1326 εἰς
1333 1262 1613 1314 Βαϐυλῶνα
1644 1264 1840 1330 αἰχμα-

273 1355 502 1406 λωσίαν
555 1354 647 1407 τοῦ
681 1353 940 1407 Ἰουδαίων
985 1353 1180 1415 ἔθνους,
1217 1353 1382 1414 οὐδεὶς
1417 1353 1492 1413 εἰς
1530 1351 1620 1402 τὸν
1661 1351 1840 1420 θρόνον

274 1443 574 1513 ὲκαθέσθη
628 1443 786 1494 Δαυῖδ
807 1460 819 1472 ο
855 1442 913 1505 ἐξ
954 1442 1152 1493 ἐκείνου
1177 1439 1229 1491 δὲ
1263 1429 1352 1491 καὶ
1380 1441 1456 1500 είς
1480 1438 1650 1508 δεῦρο,
1683 1438 1840 1505 ἐγγύς

274 1551 394 1586 που
429 1533 530 1601 ἐτη
558 1533 807 1601 τυγχάνει
839 1532 999 1600 χίλια,
1019 1531 1074 1592 ἐξ
1095 1525 1173 1590 οῦ,
1199 1528 1605 1598 καθαιρεθείσης
1626 1528 1721 1596 τῆς
1751 1529 1840 1596 βα·

272 1623 508 1684 σιλείας
551 1621 733 1682 αὑτοῦ,
774 1621 864 1672 καὶ
887 1621 980 1688 τῆς
1008 1619 1245 1686 διαδοχῆς
1277 1616 1434 1668 αὑτοῦ
1474 1616 1838 1685 παυσαμένης,

269 1709 486 1762 λέλυτο
515 1709 610 1760 τοῦ
641 1707 797 1760 Δαυίδ
827 1708 855 1758 6
889 1707 1086 1777 θρόνος.
1118 1705 1204 1758 Διὸ
1234 1705 1294 1774 δὴ
1344 1704 1407 1756 τὰ
1431 1704 1554 1772 ἑξῆς
1590 1703 1678 1754 τοῦ
1712 1702 1840 1770 ψαλ-

1936 558 2132 626 siquis
2180 571 2284 609 non
2335 554 2436 609 hac
2485 554 2706 613 ratione,
2737 553 2828 606 sed
2878 552 3100 605 Judaico
3141 567 3284 606 more
3313 553 3462 604 thro.

1938 661 2062 698 num
2093 644 2340 714 accipiat,
2373 650 2521 697 ratus
2553 656 2866 711 corporeum
2896 639 3109 693 Davidis
3138 654 3356 708 regnum
3388 641 3460 692 ita

1935 733 2136 797 vocari,
2163 735 2306 787 falsae
2339 731 2800 800 deprehendentur
2839 727 3144 797 prophetiae.
3176 727 3304 780 Nam
3339 737 3460 798 post

1933 823 2164 878 Iudaica:
2197 824 2372 890 gentis
2410 823 2462 873 in
2500 820 2764 889 Babylone
2805 818 3184 886 captivitatem,
3213 833 3368 871 nemo
3407 820 3460 870 in

1937 913 2127 964 throno
2169 909 2380 962 Davidis
2431 908 2565 962 sedit
2602 900 2625 960 ἐ
2665 907 2755 960 sed
2805 923 2866 960 ex
2915 906 3004 958 illo
3041 905 3107 957 ad
3144 905 3245 958 hoc
3291 921 3462 974 usque

1936 1009 2144 1068 tempus
2189 999 2311 1052 anni
2370 1007 2495 1052 sunt
2553 997 2766 1050 circiter
2819 996 2978 1057 mille,
3013 1009 3042 1047 a
3070 1009 3175 1063 quo
3205 1003 3458 1062 tempore,

1935 1092 2050 1158 ejus
2066 1090 2340 1144 destructo
2361 1104 2542 1158 regno,
2561 1104 2622 1142 ac
2645 1089 2810 1156 ipsius
2835 1087 3176 1141 successione
3196 1092 3457 1143 cessante,

1937 1179 2150 1233 Davidis
2203 1179 2428 1231 thronus
2490 1179 2694 1231 solutus
2749 1184 2848 1230 est.
2881 1175 3233 1240 Quamobrem
3287 1184 3464 1244 poste-

1938 1268 2078 1319 riora
2125 1267 2314 1333 psalmi
2362 1265 2504 1319 dicta
2539 1266 2647 1319 haec
2689 1267 2803 1334 ipsa
2849 1265 3145 1333 deplorant,
3179 1273 3462 1332 aperteque

1937 1355 2173 1423 corporei
2205 1362 2257 1408 et
2283 1357 2571 1409 materialis
2605 1355 2780 1408 throni
2812 1355 3017 1407 ruinam
3051 1353 3366 1423 signiﬁcant,
3400 1368 3462 1406 ac

1937 1443 2206 1496 declarant
2237 1444 2514 1512 promissis
2539 1445 2801 1497 contraria
2823 1443 3099 1504 accidisse,
3124 1450 3376 1512 quantum
3397 1442 3462 1495 ad

1938 1533 2239 1585 sensibilem
2288 1534 2536 1585 thronum
2589 1541 2639 1585 et
2691 1547 2998 1600 corpoream
3052 1532 3196 1600 regni
3248 1529 3463 1584 Davidis

1937 1619 2330 1673 successionem
2354 1621 2598 1687 pertinet.
2637 1619 2764 1683 Quae
2789 1634 2916 1674 sane
2945 1634 3045 1672 non
3073 1619 3283 1672 silentio
3303 1618 3458 1678 mitti,

1937 1707 2028 1760 sed
2080 1707 2132 1759 in
2179 1707 2454 1776 prophetia
2510 1709 2575 1761 de
2613 1707 2821 1761 Christo
2869 1709 3150 1760 memorari
3195 1706 3460 1775 oportuit;

277 1799 394 1868 μοῦ
451 1799 592 1852 αὐτὰ
640 1798 807 1851 ταῦτα
835 1796 1171 1865 ἀποδύρεται,
1220 1795 1397 1862 σαφῶς
1422 1793 1512 1845 τοῦ
1541 1792 1831 1862 σωματικοῦ

1939 1805 1994 1847 ut
2023 1795 2342 1856 ediscamus,
2375 1796 2605 1849 instante
2637 1811 2810 1848 rerum
2845 1796 2894 1848 in
2924 1795 3174 1848 vaticinio
3201 1809 3464 1848 memora-

269 1889 488 1960 θρόνου
537 1888 634 1958 τὴν
677 1886 1043 1956 καταστροφὴν
1089 1885 1425 1956 σημαίνοντα,
1455 1885 1545 1936 καὶ
1583 1883 1830 1937 τάναντία

275 1978 649 2048 παριστῶντα
691 1976 1080 2045 συμϐεϐηκέναι
1129 1979 1242 2036 ταῖς
1291 1973 1667 2042 ἐπαγγελίαις,
1715 1973 1831 2024 ὅσον

270 2069 377 2120 ἐπὶ
402 2067 490 2135 τῷ
515 2065 754 2134 αἰσθητῷ
783 2064 949 2133 θρόνῳ
977 2065 1066 2115 καὶ
1105 2067 1168 2132 τῇ
1199 2065 1470 2130 σωματικῇ
1505 2061 1710 2128 διαδοχῇ
1737 2061 1830 2128 τῆς

267 2155 374 2206 τοῦ
394 2153 566 2206 Δαυῒδ
596 2153 882 2222 βασιλείαςο
916 2150 950 2202 ἃ
979 2151 1040 2219 δὴ
1067 2152 1156 2203 καὶ
1170 2150 1302 2201 αὐτὰ
1319 2150 1478 2218 ἐχρῆν
1499 2149 1570 2217 μὴ
1601 2149 1830 2199 ἀποσιω-

1933 1892 2103 1937 tarum
2148 1893 2402 1951 tempore,
2436 1884 2764 1936 sensibilium
2800 1884 3032 1943 illorum,
3061 1883 3127 1936 de
3153 1882 3347 1950 quibus
3378 1881 3462 1948 agi

1934 1980 2117 2039 putant
2154 1969 2349 2031 Judaei,
2383 1972 2697 2025 solutionem
2742 1969 2970 2022 futuram
3003 1986 3148 2033 esse;
3183 1971 3284 2023 alia
3315 1986 3459 2028 vero,

1933 2076 2050 2128 qua:
2095 2059 2271 2112 divino
2313 2075 2460 2113 more
2515 2060 2902 2128 intelliguntur,
2945 2059 3034 2113 Dei
3090 2061 3462 2128 promissionis

1933 2149 2310 2216 complementa
2342 2158 2393 2201 et
2417 2150 2931 2201 consummationem
2964 2148 3092 2202 fore.

271 2245 554 2314 πηθῆναι,
595 2244 894 2310 ἀναγκαίως
919 2243 971 2294 δὲ
1000 2243 1055 2294 ἐν
1089 2243 1152 2309 τῇ
1180 2241 1302 2310 περί
1333 2240 1422 2291 τοῦ
1451 2237 1680 2307 Χριστοῦ
1709 2238 1998 2307 προφητείᾳ
2028 2238 2472 2310 παραληφθῆναι·
2509 2238 2581 2299 ώς
2630 2239 2694 2289 ἂν
2744 2237 3018 2305 μάθοιμεν,
3063 2237 3160 2298 ὅτι,
3202 2235 3291 2287 τοῦ
3345 2252 3462 2287 και-

272 2333 379 2404 ροῦ
411 2333 529 2384 τῶν
587 2332 1064 2402 προφητευομένων
1113 2330 1439 2391 ἐπιστάντος,
1482 2329 1585 2380 τῶν
1633 2329 1726 2397 μὲν
1767 2328 2028 2397 αἰσθητῶν
2071 2328 2216 2398 παρὰ
2275 2329 2535 2380 Ἰουδαίων
2586 2329 2942 2397 νομιζομένων
2998 2325 3264 2388 παντελῶς
3311 2325 3458 2378 ἔσται

265 2424 461 2484 λύσις,
499 2422 700 2490 ἑτέρων
721 2420 774 2471 δὲ
807 2418 1114 2488 θεοπρεπῶς
1149 2417 1444 2486 νοουμένων
1472 2415 1912 2485 ἀποτελεσμάτων
1932 2415 2028 2484 τῆς
2067 2414 2157 2466 τοῦ
2191 2414 2320 2466 Θεοῦ
2349 2415 2668 2480 ἐπαγγελίας
2695 2413 3096 2483 συμπλήρωσις.

345 2532 444 2586 Σὺ
498 2531 570 2584 δὲ
631 2529 846 2584 ἀπώσω
899 2531 991 2582 καί
1045 2528 1470 2594 ἐξουδὲνωσας,
1543 2528 1829 2582 (ἱνεϐάλου

266 2623 387 2676 τὸν
448 2622 711 2687 Χριστόν
759 2635 890 2671 σου.
952 2617 1358 2683 Κατέστρεψας
1407 2617 1517 2684 τὴν
1547 2617 1831 2684 διαθήκην

267 2709 386 2763 τοῦ
432 2707 663 2761 δούλου
719 2723 854 2768 σου,
909 2705 1276 2771 ἐϐεϐήλωσας
1323 2708 1408 2770 εις
1450 2706 1562 2772 τὴν
1608 2705 1719 2775 γῆν
1765 2709 1828 2759 τὸ

265 2801 556 2869 ἀγίασμα
618 2797 828 2849 αὐτοῦ’
896 2795 1160 2860 καθεῖλες
1225 2795 1448 2860 πάντας
1500 2797 1636 2861 τοὺς
1683 2813 1827 2864 φρα-

267 2889 477 2957 τμοὺς
531 2886 754 2949 αὐτοῦ,
803 2886 938 2938 ἐθου
996 2885 1063 2937 τὰ
1112 2884 1450 2952 ὀχυρώματα
1492 2886 1670 2938 αὑτοῦ
1709 2886 1826 2938 δει-

265 2981 446 3032 λίαν.
515 2973 838 3042 Διήρπαζον
908 2975 1088 3026 αὑτὸν
1157 2974 1372 3038 πάντες
1439 2977 1491 3025 οἱ
1564 2989 1827 3040 παραπο-

260 3064 599 3132 ρευόμενοι
643 3061 814 3114 ὀδόν·
856 3060 1100 3128 ἐγενήθη
1152 3060 1373 3124 ὄνειδος
1409 3061 1527 3124 τοῖς
1573 3063 1829 3129 γείτοσιν

267 3151 499 3206 αὑτοῦ.
558 3151 830 3215 Ὕψωσας
878 3147 989 3214 τὴν
1024 3145 1223 3209 δεξιὰν
1251 3145 1365 3197 τῶν
1390 3147 1701 3198 θλιϐόντων
1729 3149 1829 3198 αὐ-

270 3243 408 3305 τὸν,
440 3241 746 3308 εὔφρανας
774 3237 996 3300 πάντας
1017 3235 1150 3300 τοὺς
1186 3235 1428 3303 ἐχθροὺς
1463 3235 1660 3288 αὑτοῦ.
1707 3236 1830 3288 Ἁπ-

265 3333 592 3400 ἐστρεςίθας
639 3327 751 3394 τὴν
793 3325 1074 3392 ,βοήθειαν
1132 3324 1238 3389 τῆς
1282 3326 1573 3392 ῥομφαίας
1613 3319 1826 3388 αὐτοῦ,

266 3425 375 3477 καὶ
412 3423 533 3475 οὐκ
594 3416 916 3472 ἀντελάὸου
966 3414 1145 3468 αὑτοῦ
1177 3415 1244 3466 ἐν
1287 3413 1362 3477 τῷ
1403 3413 1654 3480 πολέμῳ.
1689 3417 1830 3466 Κατ-

266 3515 518 3575 ἐλυσας
590 3508 704 3562 ἀπὸ
759 3503 1111 3572 καθαρισμοῦ
1176 3503 1382 3564 αὐτὸν,
1445 3502 1549 3553 τὸν
1623 3503 1831 3568 θρόνον

267 3600 474 3658 αὐτοῦ
509 3600 596 3663 εἰς
621 3596 734 3665 γῆν
757 3591 1138 3660 κατέρῤαξας’
1173 3592 1529 3657 ἑσμίκρυνας
1556 3589 1659 3656 τὰς
1697 3590 1831 3658 ήμέ-

261 3713 388 3762 [ας
425 3689 537 3744 τοῦ
564 3689 778 3756 χρόνου
803 3683 1001 3746 αὑτοῦ,
1033 3681 1305 3761 κατέζειις
1334 3680 1487 3744 αὐτῷ
1514 3682 1824 3747 αἰσχύνην

271 3783 631 3849 Διὰψαλμα.
719 3773 1095 3826 Ἀποδεδεικται
1119 3770 1283 3822 ταῦτα
1315 3773 1377 3840 τῇ
1421 3769 1831 3839 σωματικωτέρᾳ

269 3873 371 3926 τοῦ
416 3867 588 3922 Δαυῒδ
617 3867 825 3933 διαδοχῇ
857 3863 946 3914 καί
976 3864 1038 3930 τῇ
1067 3862 1340 3930 σωματικῇ
1371 3859 1527 3910 αὑτοῦ
1568 3857 1826 3927 βασιλείᾳ,

271 3961 406 4028 ητις
447 3951 724 4024 καθῃρέθη
765 3948 899 4001 κατὰ
943 3949 1062 4008 τοὺς
1091 3948 1305 4016 χρόνους
1327 3947 1421 4016 τῆς
1443 3948 1519 4007 εἰς
1550 3943 1830 3997 Βαϐυλῶνα

271 4041 667 4116 αἰχμαλωσίας
693 4039 784 4091 τοῦ
816 4037 1071 4090 Ἰουδαίων
1096 4036 1238 4088 λαοῦ.
1285 4035 1370 4098 Ἐξ
1396 4035 1594 4087 ἐκείνου
1615 4033 1718 4103 γὰρ
1741 4034 1829 4086 καὶ

270 4138 302 4192 ὁ
337 4129 605 4202 Χριστὸς,
637 4125 901 4178 τουτέστιν
932 4125 959 4174 ό
989 4124 1234 4194 αἰσθητὸς
1267 4123 1525 4193 βασιλεὺς,
1553 4125 1579 4174 6
1611 4124 1715 4174 ἀπὸ
1741 4123 1832 4190 γέ-

272 4240 409 4285 νους
437 4217 605 4271 Δαυϊδ
631 4213 941 4277 διαλέλοιπε,
977 4217 1066 4267 καὶ
1085 4218 1112 4267 ὁ
1138 4214 1316 4284 θρόνος
1334 4213 1428 4281 τῆς
1452 4212 1714 4280 βασιλείας
1738 4213 1830 4264 αὑ-

271 4313 373 4366 τοῦ
412 4305 752 4376 κατερράγη,
779 4306 868 4356 καὶ
899 4304 964 4356 τὰ
992 4305 1148 4358 λοιπὰ
1177 4304 1349 4357 πάντα
1374 4303 1441 4355 τὰ
1463 4320 1827 4373 προπεφητευ-

277 4403 428 4470 μένα
455 4396 838 4464 πεπλήρωται’
867 4395 945 4461 ἐφ’
966 4389 1042 4456 οἷς
1068 4396 1128 4446 ἐκ
1151 4393 1429 4462 προσώπου
1446 4392 1537 4444 τοῦ
1569 4393 1828 4445 Ἰουδαίων

271 4486 476 4545 ἔθνους
496 4477 883 4546 ἁπολοφύρεται
911 4479 938 4529 6
968 4478 1149 4545 λόγος,
1180 4477 1252 4538 ὡς
1281 4478 1434 4546 ἕτερα
1468 4480 1561 4548 μὲν
1579 4477 1668 4530 τοῦ
1697 4479 1827 4530 Θεοῦ

275 4563 754 4636 ἐπαγγειλαμένου
775 4603 789 4627 ,
815 4563 1006 4632 ἐτέρων
1039 4562 1092 4614 δὲ
1123 4563 1449 4615 ἀποϐάντων.
1481 4566 1742 4634 Προσήκει
1772 4563 1828 4615 δὲ

277 4661 436 4729 ἡμᾶς
464 4653 752 4720 ἐπιστῆσαι
777 4653 863 4703 τὸν
891 4652 1008 4704 νοῦν
1027 4692 1041 4713 ,
1072 4653 1162 4714 ὼς,
1193 4651 1283 4703 τοῦ
1308 4653 1438 4705 Θεοῦ
1463 4655 1714 4722 ἀψευδοῦς
1745 4655 1828 4706 δν-

279 4763 398 4808 τος,
427 4741 642 4808 ἀνάγκη
666 4740 806 4790 πᾶσα
825 4738 1269 4807 ὲπαληθεύσεσθαι
1294 4742 1412 4802 τοῦς
1431 4741 1585 4793 αὐτοῦ
1607 4743 1790 4810 λόγους
1807 4754 1824 4769 ⁸

280 4839 330 4888 ei
357 4836 419 4888 δὲ
453 4831 530 4902 μὴ
557 4829 891 4897 ἀληθεύοιντο
921 4829 1009 4880 ἐπὶ
1038 4827 1132 4896 τῆς
1159 4827 1412 4897 αἰσθητῆς
1434 4829 1524 4881 τοῦ
1551 4830 1704 4883 Δαυῒδ
1729 4830 1824 4898 βα-

283 4924 533 4982 σιλείας,
567 4919 682 4988 ὦρα
717 4919 896 4987 ἕτερον
923 4917 1115 4985 τρόπον
1146 4920 1280 4968 νοεῖν
1322 4917 1389 4969 τὰ
1429 4919 1818 4988 ἐπηγγελμένα.

280 5016 383 5078 Τις
423 5007 519 5065 οὖν
551 5009 578 5059 ὁ
607 5007 798 5076 τρόπος
817 5046 831 5068 ,
865 5007 990 5058 αὐτὸ
1016 5007 1074 5057 τὸ
1105 5005 1239 5058 θεῖον
1269 5007 1466 5070 ἐδίδαξε
1496 5009 1710 5078 Πνεῦμα
1737 5010 1822 5062 διὰ

280 5103 393 5156 τῶν
424 5094 748 5168 ἔμπροσθεν.
778 5096 834 5146 ὲν
860 5089 937 5154 οἷς
969 5094 1174 5163 εἴρητο·
1231 5097 1331 5148 Ἐν
1351 5095 1574 5162 οὐρανῷ
1600 5099 1820 5166 ἑτοιμα-

281 5192 585 5258 σθήσεται
622 5188 658 5252 ἡ
691 5183 932 5249 ἀλήθειά
951 5199 1062 5236 σου
1081 5201 1094 5213 °
1120 5185 1210 5236 καὶ
1238 5185 1394 5237 πάλιν
1411 5201 1423 5214 ·
1460 5185 1829 5255 Ἐξομολογή.

283 5291 505 5332 σονται
531 5277 584 5326 οἰ
607 5271 841 5338 οὐρανοὶ
871 5269 941 5322 τὰ
973 5271 1266 5337 θαυμάσιά
1299 5286 1411 5324 σου
1437 5312 1450 5333 ,
1497 5275 1693 5338 Κύριε,
1734 5277 1830 5328 και

284 5370 399 5435 τὰρ
433 5363 531 5417 καί
571 5361 682 5428 τὴν
716 5358 996 5425 ἀλήθειάν
1047 5373 1162 5410 σου
1216 5361 1283 5411 ἑν
1306 5362 1591 5426 ἐκκλησίᾳ
1619 5363 1826 5431 ἁγίων·

285 5457 382 5508 καὶ
407 5453 568 5505 πάλιν
587 5467 600 5480 ο
629 5448 880 5510 Δυνατὸς
907 5442 962 5496 εἴ
977 5484 990 5506 ,
1019 5448 1224 5513 Κύριε,
1259 5449 1352 5500 καὶ
1387 5449 1423 5513 ἠ
1452 5451 1689 5515 ἀλήθειά
1716 5469 1830 5507 σου

283 5546 501 5602 κύκλῳ
529 5554 641 5592 σου
665 5555 677 5568 ·
720 5539 812 5590 καὶ
831 5531 1010 5594 αὖθις·
1061 5537 1270 5601 Ἔλεος
1301 5538 1392 5588 καὶ
1424 5537 1662 5602 ἀλήθεια
1686 5555 1823 5606 προ-

285 5633 683 5700 πορεύσονται
711 5627 814 5693 πρὸ
851 5621 1167 5689 προσώπου
1199 5642 1329 5678 σου.
1372 5626 1543 5679 Ταῦτα
1572 5627 1673 5698 γὰρ
1702 5631 1823 5685 πάν.
1867 5629 1870 5632 ’

2007 2527 2161 2581 Vens.
2189 2527 2370 2580 39-46.
2402 2527 2474 2578 Tu
2507 2544 2620 2579 vero
2649 2526 2882 2594 repuliin
2922 2535 2968 2578 et
2997 2525 3291 2592 despexisti,
3320 2526 3460 2592 rzbje-

1933 2618 2048 2669 cisti
2076 2617 2336 2670 Christum
2365 2627 2527 2670 tuum.
2552 2616 2794 2670 Evertiin
2828 2626 3184 2670 testamentum
3207 2619 3336 2669 servi
3361 2620 3456 2684 tui,

1929 2706 2218 2773 profanasti
2243 2708 2295 2758 in
2324 2716 2460 2759 terra
2489 2707 2841 2758 sanctuarium
2859 2707 2968 2774 ejas
2991 2721 3006 2757 :
3028 2706 3330 2758 dcstruxisti
3350 2723 3458 2759 ont-

1931 2812 2016 2848 nes
2048 2811 2185 2863 sepes
2209 2797 2340 2863 ejus,
2366 2796 2584 2862 posuisti
2623 2797 2936 2848 munimenta
2971 2795 3080 2862 ejus
3108 2795 3454 2860 formidinem.

1928 2883 2262 2950 Diripueruut
2300 2902 2414 2938 eum
2445 2902 2615 2938 omnes
2645 2894 2963 2938 transeuntes
2991 2886 3122 2938 viam
3149 2901 3166 2936 :
3187 2886 3355 2952 factus
3383 2893 3459 2938 est

1930 2973 2250 3039 opprobrium
2297 2974 2476 3025 vicinis
2523 2972 2938 3026 suis.Exaltasti
2975 2973 3238 3024 dexteram
3297 2975 3459 3025 tribu-

1929 3061 2144 3112 lantium
2165 3077 2298 3121 cum,
2323 3062 2600 3128 («eti/icain
2617 3077 2785 3113 omnes
2801 3063 3042 3114 inimicos
3069 3063 3197 3129 ejus.
3216 3062 3458 3116 Arertisti

1927 3149 2240 3216 adjutorinm
2268 3151 2431 3218 gladii
2448 3151 2578 3218 ejus.
2600 3159 2646 3202 et
2668 3167 2766 3202 non
2781 3168 2833 3203 es
2857 3151 3142 3204 auxiliatos
3165 3153 3208 3204 ei
3226 3153 3278 3204 in
3304 3151 3451 3206 bello.

1928 3239 2138 3292 Solviin
2163 3255 2274 3291 eum
2307 3241 2369 3291 ab
2403 3241 2761 3292 emundatione
2788 3278 2802 3302 ,
2841 3239 3075 3292 thronum
3103 3241 3213 3307 ejus
3255 3243 3308 3293 in
3351 3249 3456 3294 ter-

1927 3343 2038 3378 ram
2089 3328 2411 3396 confregisti.
2453 3327 2724 3380 Minorusti
2753 3329 2859 3380 dies
2904 3331 3145 3395 temporis
3173 3330 3307 3397 ejus,
3337 3346 3454 3398 pcr-

1927 3415 2109 3483 fudisti
2130 3433 2240 3468 cum
2265 3417 2579 3484 confusione.
2607 3417 2927 3484 Diapsalma.
2955 3417 3075 3471 "me
3105 3419 3169 3472 de
3195 3433 3454 3487 corporea

1927 3503 2141 3558 Davidis
2175 3508 2551 3566 successione,
2599 3513 2650 3558 et
2700 3506 2765 3558 (le
2810 3521 2971 3573 regno
3017 3506 3134 3571 ejus
3188 3507 3450 3569 sensibili,

1927 3593 2063 3663 quod
2112 3602 2345 3662 tempore
2390 3595 2630 3646 abductae
2674 3593 2972 3648 Iudaeorum
3034 3595 3102 3648 in'
3130 3595 3468 3665 Babylonem

1927 3682 2248 3750 captivitatis
2287 3681 2613 3735 destructum
2657 3683 2752 3734 luit
2777 3723 2790 3744 ,
2847 3683 3066 3751 intelligi
3095 3683 3454 3751 comproban-

1929 3778 2032 3823 tur.
2071 3770 2144 3822 Ex
2177 3771 2265 3822 illo
2287 3785 2516 3840 namque
2545 3783 2776 3839 tempore
2810 3772 3092 3834 Christus,
3127 3775 3174 3826 id
3215 3782 3326 3835 est,
3361 3790 3453 3826 rex

1929 3860 2194 3913 sensibilis
2228 3875 2257 3913 e
2304 3877 2494 3928 genere
2533 3861 2744 3915 Davidis
2777 3863 2990 3924 defeCit,
3019 3865 3245 3919 thronus
3303 3864 3452 3934 regni

1928 3948 2043 4015 ejus
2073 3948 2378 4002 confractus
2405 3958 2505 4008 est,
2535 3960 2586 4002 et
2620 3951 2821 4017 reliqua
2847 3944 3026 4004 omnia
3049 3969 3166 4020 qua:
3190 3953 3240 4005 in
3267 3954 3453 4007 vatici-

1929 4037 2017 4090 nio
2063 4035 2305 4089 feruntur
2346 4039 2555 4105 impleta
2606 4046 2745 4093 sunt.
2795 4038 2999 4101 Quibus
3052 4041 3118 4093 de
3157 4043 3335 4094 causis
3387 4057 3451 4094 ex

1928 4142 2152 4196 persona
2179 4126 2477 4181 Judaeomm
2509 4129 2593 4182 hic
2634 4143 2808 4182 sermo
2840 4129 3071 4182 lamenta
3120 4131 3260 4192 edit;
3293 4131 3449 4199 quasi

1930 4215 2131 4269 scilicet
2159 4217 2257 4268 alia
2283 4214 2420 4270 Deus
2453 4218 2756 4285 promiserit
2785 4256 2799 4280 ,
2843 4217 2946 4270 alia
2983 4219 3279 4274 evenerint.
3343 4218 3449 4272 Nos

1857 4324 1899 4378 ι)
1929 4319 2055 4356 vero
2089 4303 2507 4358 animadvertere
2539 4304 2806 4366 convenit,
2831 4318 2953 4356 cum
3001 4305 3138 4359 Deus
3189 4305 3450 4361 mendacii

1928 4407 2116 4460 expers
2145 4393 2230 4457 sit,
2263 4392 2565 4446 necessario
2609 4408 2763 4446 veros
2800 4407 2919 4446 esse
2960 4408 3233 4447 sermones
3283 4395 3400 4462 ejus
3431 4405 3476 4448 :'

1928 4481 1972 4534 si
2007 4488 2178 4533 autem
2209 4495 2331 4548 erga
2383 4481 2632 4534 sensibile
2665 4481 2877 4534 Davidis
2916 4483 3134 4551 regnum
3183 4483 3292 4536 veri
3341 4467 3448 4538 non

1926 4569 2276 4636 reperiantur,
2311 4575 2472 4621 restat
2517 4577 2573 4620 ut
2605 4569 2710 4620 alio
2744 4567 2901 4622 modo
2949 4570 3212 4638 promissa
3255 4572 3452 4624 intelli-

1924 4676 2131 4729 gamus.
2159 4658 2289 4724 Quis
2327 4659 2412 4712 ille
2448 4659 2637 4712 modus
2665 4660 2753 4719 sit,
2777 4655 2930 4714 doc'et
2962 4661 3206 4727 superius
3235 4659 3448 4714 divinus

1929 4749 2177 4818 Spiritus,
2207 4764 2324 4803 cum
2355 4748 2551 4800 dicitur
2581 4769 2592 4801 :
2629 4748 2692 4801 In
2715 4750 2840 4802 caelo
2858 4749 3234 4818 prcrparabitur
3263 4753 3448 4805 veritas

1927 4847 2052 4899 tua;
2087 4852 2148 4889 ac
2174 4850 2384 4890 rursum
2413 4853 2424 4887 :
2451 4834 2844 4903 Conﬁtebuntur
2885 4839 2998 4890 caeli
3022 4838 3286 4891 mirabilia
3317 4848 3405 4891 tua
3430 4879 3445 4902 ,

1924 4923 2158 4984 Domine,
2187 4923 2370 4976 etenim
2422 4924 2682 4975 veritatem
2716 4935 2857 4977 tuam
2907 4926 2959 4977 in
2999 4925 3213 4977 ecclesia
3241 4936 3449 4979 sancto~

1925 5029 2069 5074 rum;
2099 5015 2392 5081 iterumque
2425 5031 2438 5066 :
2469 5012 2656 5066 Potens
2677 5031 2751 5076 es,
2784 5015 3016 5076 Domine,
3048 5024 3096 5067 et
3137 5016 3324 5069 veritas
3358 5025 3450 5069 tua

1925 5103 1979 5154 in
2009 5102 2226 5154 circuitu
2262 5112 2383 5164 tuo;
2411 5108 2463 5154 et
2500 5117 2714 5156 rursum
2735 5143 2749 5165 ,
2788 5103 3150 5156 Misericordia
3176 5111 3228 5156 et
3254 5106 3445 5158 veritas

1922 5192 2200 5259 pracedent
2227 5191 2409 5258 faciem
2441 5200 2605 5244 tuam.
2648 5191 2770 5246 Haec
2822 5195 3014 5260 quippe
3050 5193 3227 5246 omnia
3268 5193 3450 5247 decla-

1923 5290 2061 5342 rant,
2086 5280 2173 5332 Dei
2203 5279 2462 5346 promissa
2505 5296 2774 5348 nunquam
2809 5283 2958 5336 irrita
2985 5297 3105 5336 esse
3129 5322 3144 5346 ,
3196 5286 3290 5338 sed
3341 5301 3446 5354 qua

1922 5373 2034 5438 ipse
2061 5371 2204 5422 novit
2230 5370 2431 5420 ratione
2475 5369 2702 5437 impleri.
2735 5370 2886 5433 Nam,
2923 5371 2988 5423 In
3017 5372 3141 5424 caelo
3165 5413 3181 5438 ,
3233 5375 3408 5445 inquit
3431 5415 3446 5440 ,

1922 5458 2297 5526 pra.'parabitur
2341 5461 2524 5511 veritas
2585 5469 2714 5511 tua:
2744 5469 2923 5529 aperte
2977 5460 3282 5529 signiﬁcans
3341 5479 3452 5518 οω-

1925 5547 2092 5599 lestes
2121 5561 2182 5597 ac
2213 5547 2417 5599 divinas
2459 5563 2578 5601 esse
2619 5547 2711 5602 Dei
2752 5549 3151 5618 promissiones.
3194 5550 3273 5604 Ac
3333 5566 3452 5603 ver-

1926 5636 2110 5688 borum
2144 5634 2521 5702 complementa
2541 5636 2829 5692 declaravit
2860 5653 2952 5704 per
2983 5637 3317 5696 Salvatorem
3349 5653 3450 5693 nov
