3848 6414
273 362 457 433 τπδ’

1374 383 1873 443 COMMENTARM
1913 392 1974 444 IN
2013 392 2340 450 PSALMOS.

3321 410 3450 465 HM

272 494 468 556 πάθος
491 513 503 525 ·
536 496 751 559 είκότως
780 498 868 551 καὶ
894 499 1055 553 ταῦτα
1080 502 1214 553 αὐτὰ
1243 500 1303 551 τὸ
1337 499 1476 553 θεῖον
1506 506 1596 557 καὶ
1625 522 1800 575 προφη

1928 524 2023 561 nos
2048 510 2319 575 excitans;
2372 525 2535 578 quare
2584 512 2693 564 ait:
2734 512 2883 565 Num:
2913 521 3085 565 autem
3117 518 3355 587 repulisli
3401 532 3447 573 ct

267 585 443 636 στικὸν
475 587 694 655 Πνεῦμα
724 591 952 660 παρίστη
973 632 985 651 ,
1014 593 1263 662 διεγεῖρον
1308 593 1451 660 ἡμᾶς
1479 595 1570 647 ἐπὶ
1608 596 1825 665 ζήτησιν

265 672 399 724 τῶν
429 676 875 745 ἀποτελεσμάτων
900 680 1006 731 τῶν
1035 682 1126 732 τοῦ
1158 681 1287 733 Θεοῦ
1319 680 1508 749 λογίων
1528 702 1540 713 ο
1561 686 1637 737 διό
1663 702 1819 753 φησι·

265 762 441 813 ,Νυνὶ
481 762 550 814 δὲ
578 764 791 817 ἀπώσω
814 768 908 819 καὶ
929 769 1345 833 ἐξουδένωσας,
1377 774 1576 838 Κύριε,
1613 773 1822 825 ἀπεϐά-

261 852 402 901 .lov
425 852 537 903 τὸν
557 856 806 920 Χριστόν
828 871 941 908 σου
958 874 973 887 ·
1000 858 1394 929 κατέστρεψας
1416 861 1524 927 τὴν
1542 862 1824 927 διαθήκην

262 935 393 992 τοῦ
423 940 649 995 δούλου
678 960 820 1007 σου,
846 948 936 998 καὶ
964 946 1029 998 τὰ
1049 942 1249 1009 τούτοις
1274 948 1392 1017 ἑξῆς
1410 964 1425 977 ³
1453 951 1517 1001 δι’
1539 946 1611 1003 ὦν
1641 951 1822 1018 σαφῶς

253 1024 549 1094 ὀνομαστὶ
582 1032 949 1097 μνημονεύσας
971 1030 1058 1085 τὸν
1092 1035 1315 1102 Χριστὸν
1338 1037 1366 1085 ὀ
1393 1036 1559 1103 λόγος,
1590 1039 1818 1107 παρίστη

252 1114 362 1164 ὅτι
397 1116 570 1183 μηδὲν
593 1119 750 1169 αὐτὸν
773 1120 919 1171 ἔλαθε
956 1121 1061 1173 τῶν
1088 1124 1179 1176 καὶ
1207 1125 1329 1193 περὶ
1348 1126 1442 1193 τὴν
1469 1126 1706 1195 διαδοχὴν
1728 1126 1818 1178 τοῦ

260 1204 447 1255 Δαυῖδ
465 1244 480 1267 ,
540 1209 629 1258 καὶ
658 1210 756 1278 τὴν
783 1212 1084 1281 σωματικὴν
1114 1214 1274 1264 αὐτοῦ
1316 1215 1602 1282 βασιλείαν,
1632 1216 1736 1267 τῶν
1762 1234 1817 1268 τε

259 1294 409 1362 περὶ
444 1296 509 1345 τὸ
554 1295 720 1358 πάθος
757 1298 830 1364 τῷ
858 1300 1068 1369 Χριστῷ
1105 1299 1194 1352 τοῦ
1227 1302 1357 1353 Θεοῦ
1391 1303 1813 1372 συμϐεϐηκότων.

257 1379 471 1434 ταῦτα
499 1382 628 1449 γοῦν
651 1385 885 1437 ἐδίδασκε
915 1390 1205 1458 προσδοκᾷν
1232 1390 1441 1442 ἔσεσθαι
1468 1393 1557 1442 καὶ
1581 1393 1701 1461 περὶ
1724 1393 1818 1461 τὴν

248 1471 531 1539 διαδοχὴν
561 1472 740 1538 αὑτοῦ,
765 1476 856 1526 καὶ
878 1477 1002 1544 περὶ
1038 1477 1134 1546 τὴν
1160 1478 1425 1546 βασιλείαν
1445 1518 1460 1540 ,
1486 1481 1607 1549 περί
1642 1497 1699 1532 τε
1730 1482 1817 1532 τὸν

249 1562 333 1612 ἐκ
365 1562 686 1630 σπέρματος
711 1564 799 1614 τοῦ
830 1564 986 1616 Δαυῖδ
1013 1567 1474 1637 προελευσόμενονι
1508 1571 1567 1620 ΕΞ
1595 1570 1699 1638 γὰρ
1726 1572 1817 1622 καὶ

251 1652 335 1703 τὰ
386 1654 629 1722 μάλιστα
681 1655 899 1708 πλεῖστα
942 1657 1040 1709 ὅσα
1080 1658 1165 1709 διὰ
1206 1658 1311 1711 τῶν
1351 1660 1595 1729 ἀνωτέρω
1641 1659 1816 1722 ἔνδοξα

250 1742 399 1810 περὶ
443 1742 609 1793 αὑτοῦ
637 1744 847 1796 λέλεκτο
865 1783 879 1806 ,
929 1747 1005 1797 ὅτι
1031 1763 1087 1798 τε
1116 1747 1449 1816 ὑψωθήσεται
1471 1787 1486 1810 ,
1518 1749 1605 1800 καὶ
1631 1750 1687 1800 ὲν
1719 1748 1815 1799 θα-

1922 600 2213 665 despexisti,
2249 600 2459 654 Domine
2484 640 2499 664 ,
2530 602 2760 668 abjeristi
2804 602 3067 655 Christum
3102 614 3285 659 tuum:
3313 625 3445 660 ever-

1923 688 2029 737 tistt'
2052 696 2405 740 testamentum
2436 688 2565 739 servi
2590 690 2697 750 tui,
2744 696 2795 741 et
2833 697 3028 741 caetera
3062 708 3073 741 :
3105 692 3257 758 queis
3302 696 3441 745 clare

1919 772 2188 828 Christum
2218 789 2538 835 memorans,
2581 774 2796 834 indicat,
2831 774 2961 826 nihil
2995 790 3175 826 eorum
3208 792 3323 843 quze
3372 777 3437 828 ad

1920 862 2307 916 successionem
2337 861 2569 925 Davidis,
2599 871 2652 917 et
2680 878 2993 931 corporeum
3030 862 3146 929 ejus
3194 880 3432 931 regnum,

1918 962 2120 1000 necnon
2147 964 2330 1002 eorum
2358 964 2473 1015 qua:
2522 949 2574 1001 in
2624 952 2869 1017 passione
2913 949 3127 1003 Christo
3156 949 3245 1003 Dei
3294 953 3435 1004 acci-

1917 1036 2127 1098 derunt,
2155 1038 2314 1092 latere.
2332 1038 2454 1091 sibi.
2488 1038 2606 1091 llmc
2628 1039 2787 1106 igitur
2809 1041 2989 1091 docuit
3011 1040 3074 1093 de
3094 1041 3431 1093 successione

1915 1125 2031 1191 ejus
2060 1134 2111 1178 et
2132 1140 2311 1194 regno,
2342 1140 2403 1177 ac
2424 1127 2488 1178 de
2514 1141 2578 1180 eo
2604 1127 2693 1194 qui
2720 1143 2783 1179 ex
2811 1128 3012 1180 semine
3056 1126 3216 1179 David
3258 1128 3433 1195 prodi-

1915 1222 2065 1267 turus
2094 1224 2207 1268 erat
2236 1215 2587 1283 exspectanda
2637 1232 2774 1269 esse.
2826 1216 2970 1268 Licet
2998 1217 3136 1269 enim
3185 1217 3429 1285 superius

1914 1306 2298 1377 quamplurima
2353 1304 2417 1357 de
2454 1305 2544 1357 illo
2584 1305 2814 1373 gloriosa
2867 1306 3007 1357 dicta
3043 1305 3257 1366 fuerint,
3286 1305 3425 1374 quod

1914 1394 2116 1446 scilicet
2135 1392 2443 1446 exaltandus
2460 1394 2549 1454 sit,
2564 1394 2701 1461 quod
2719 1395 2769 1445 in
2786 1408 2928 1445 mare
2943 1402 2994 1446 ct
3014 1394 3065 1445 in
3080 1394 3292 1445 [lumina
3317 1408 3429 1444 ma-

1915 1491 2379 1536 uumcxtensurus
2428 1484 2527 1544 sit,
2580 1483 2719 1551 quod
2770 1483 2930 1537 Deum
2983 1484 3323 1535 invocaturus
3362 1485 3427 1535 sit

1922 1570 2146 1632 Patrem,
2175 1579 2226 1622 et
2258 1572 2324 1623 ab
2348 1572 2437 1623 illo
2471 1587 2681 1624 rursum
2730 1570 3115 1640 Primogenitus
3146 1571 3423 1624 declarau-

1912 1660 2013 1713 dus
2044 1661 2132 1718 sit.
2161 1660 2495 1727 praestantior
2545 1660 2756 1713 futurus
2788 1661 2858 1714 sit
2896 1661 3141 1713 omnibus
3172 1660 3383 1727 regibus
3407 1699 3421 1722 ,

1912 1756 2281 1802 testamentum
2312 1750 2460 1802 lidele
2490 1750 2769 1804 habiturus
2797 1751 2897 1812 sit,
2942 1757 2994 1804 et
3026 1765 3202 1803 semen
3243 1749 3293 1801 in
3327 1765 3423 1801 sae-

252 1828 449 1901 λάσσῃ
501 1830 595 1884 καὶ
643 1835 701 1884 ὲν
748 1838 997 1903 ποταμοῖς
1042 1837 1136 1905 τὴν
1188 1839 1339 1906 χεῖρα
1388 1837 1547 1889 αὐτοῦ
1589 1839 1802 1895 ἐκτενεῖ.

1907 1839 2083 1890 culum
2108 1840 2282 1892 saeculi
2315 1854 2651 1907 permanens,
2683 1840 2932 1893 thronum
2978 1840 3099 1892 item
3145 1839 3423 1892 durantem

247 1919 658 1972 ἑπικαλέσεταί
688 1937 745 1972 τε
776 1923 864 1973 τὸν
895 1923 1021 1974 Θεὸν
1072 1925 1308 1993 Πατέρα,
1357 1924 1447 1976 καλ.
1493 1926 1623 1994 πρὸς
1651 1926 1810 1978 αὑτοῦ

252 2009 431 2060 ’πάλιν
473 2012 817 2078 Πρωτότοκος
858 2014 1333 2083 ἀναγορευθήσεται
1356 2051 1371 2075 ,
1406 2016 1553 2066 ἔσται
1592 2032 1647 2067 τε
1678 2015 1812 2067 ἀνώ-

249 2112 429 2161 τατος
480 2100 591 2151 τῶν
649 2100 935 2168 βασιλέων,
988 2104 1079 2153 καὶ
1128 2102 1385 2172 διαθήκην
1423 2104 1529 2167 ἔξει
1580 2104 1806 2174 πιστήνο

251 2188 354 2239 καὶ
388 2188 615 2258 σπέρμα
646 2187 889 2259 διαμένον
922 2192 997 2251 είς
1024 2192 1110 2242 τὸν
1142 2193 1305 2244 αίῶνα
1333 2190 1423 2244 τοῦ
1454 2194 1672 2257 αἰῶνος,
1717 2194 1810 2245 καὶ

247 2279 460 2349 θρόνον
505 2278 821 2347 διαρκοῦντα
868 2279 1004 2330 κατὰ
1042 2280 1137 2342 τὰς
1178 2282 1383 2350 ἡμέρας
1429 2282 1519 2333 τοῦ
1562 2282 1805 2351 οὐρανοῦ,

249 2369 355 2420 καὶ
410 2368 555 2420 κατὰ
604 2365 691 2418 τὸν
738 2367 883 2436 ἥλιον
928 2368 1018 2419 καὶ
1057 2368 1151 2437 τὴν
1195 2369 1412 2436 σελήνην
1439 2384 1454 2399 ·
1504 2369 1616 2421 ἀλλ’
1666 2369 1807 2437 ὅμως

248 2458 353 2508 καὶ
380 2456 515 2509 τάδε
541 2456 612 2507 τὰ
645 2456 932 2525 σκυθρωπὰ
962 2460 1084 2529 περὶ
1106 2459 1261 2509 αὑτὸν
1288 2459 1647 2529 συμϐήσεσθαι
1671 2472 1804 2531 προ-

247 2547 409 2614 λέγει
437 2586 454 2609 ,
512 2546 837 2616 προφητεύει
884 2565 940 2599 τε
985 2548 1076 2601 καὶ
1120 2547 1286 2601 ταῦτα
1333 2548 1422 2600 καὶ
1470 2536 1806 2617 προδιδάσκει

247 2635 585 2703 ἀναγκαίως
628 2632 687 2686 τὸ
725 2636 863 2688 θεῖον
890 2636 1104 2705 Πνεῦμα
1124 2677 1138 2700 ,
1166 2638 1230 2688 ἵν’
1254 2636 1307 2688 εἴ
1337 2651 1462 2690 ποτε
1500 2640 1606 2699 τοῖς
1633 2637 1806 2704 λόγοις

242 2726 535 2778 ἀκόλουθα
574 2728 895 2797 ἀπαντήσειε
929 2728 994 2780 τὰ
1039 2728 1169 2797 ἔργα
1203 2729 1324 2798 περί
1365 2747 1422 2781 τε
1464 2729 1552 2780 τὸν
1580 2730 1805 2798 Χριστὸν

246 2816 347 2867 τοῦ
370 2816 538 2878 Θεοῦ,
566 2817 657 2868 καὶ
681 2818 802 2885 περὶ
823 2817 917 2884 τὴν
942 2818 1030 2869 τοῦ
1055 2817 1209 2869 Δαυῒδ
1232 2818 1491 2887 διαδοχὴν,
1519 2819 1592 2888 μὴ
1618 2818 1805 2887 ταράτ-

242 2923 437 2959 τοιντο
459 2909 511 2957 οἱ
547 2908 709 2959 πάλαι
741 2906 907 2959 ταῦτα
937 2907 1026 2959 καὶ
1060 2911 1120 2960 ὲκ
1153 2908 1419 2978 προγόνων
1454 2908 1659 2977 μέλλειν
1687 2908 1803 2959 ἔσε-

248 2998 380 3052 σθαι
425 3000 849 3069 παρειληφότεςο
882 2996 939 3052 εὖ
970 3000 1163 3061 εἰδότες
1190 3003 1268 3053 ὅτι
1298 3001 1464 3052 ταῦτα
1488 3001 1802 3070 γενήσεσθαι

244 3088 383 3156 περὶ
428 3087 594 3139 αὑτὸν
646 3087 1107 3156 προεφητεὺσατο,
1154 3088 1219 3140 τά
1266 3105 1325 3140 τε
1370 3088 1660 3158 σκυθρωπὰ
1712 3087 1802 3138 καὶ

1908 1928 2044 1979 sicut
2086 1928 2198 1981 dies
2223 1930 2343 1983 (τωιὶ
2372 1937 2422 1983 et
2467 1930 2605 1983 sicut
2655 1932 2832 1983 lunam
2864 1944 2925 1982 ac
2966 1930 3164 1994 solem;
3191 1939 3423 1981 attamen

1907 2014 2208 2068 hazctristia
2232 2015 2331 2083 ipsi
2356 2025 2607 2068 eventura
2656 2032 2775 2070 esse
2808 2017 3123 2083 praenuntiat
3154 2034 3169 2069 :
3211 2017 3424 2083 haecque

1908 2105 2208 2157 necessario
2248 2106 2502 2172 pnedicit,
2534 2104 2809 2157 acdocerc
2865 2106 3143 2157 antevertit
3192 2103 3423 2172 Spiritus

1906 2194 2149 2254 divinus;
2200 2202 2257 2245 ut
2289 2195 2332 2247 si
2367 2194 2579 2261 quando
2629 2194 2917 2247 secundum
2970 2210 3266 2247 sermonem
3304 2195 3421 2261 ejus

1907 2283 2016 2337 hare
2049 2285 2263 2338 Christo
2296 2294 2347 2338 et
2376 2284 2588 2337 Davidis
2618 2285 2945 2337 successioni
2978 2284 3301 2346 acciderint,
3356 2300 3421 2338 ne

1906 2374 2183 2426 turbentur
2215 2374 2270 2435 ii,
2297 2374 2388 2440 qui
2412 2374 2520 2441 jam
2551 2374 2676 2426 olim
2720 2382 2775 2427 et
2800 2388 2829 2426 a
2859 2374 3150 2441 majoribus
3181 2374 3289 2426 haec
3338 2374 3421 2425 fn-

1905 2471 2019 2514 tura
2063 2477 2183 2515 esse
2235 2462 2530 2515 didicerant
2561 2502 2576 2524 ,
2624 2463 2771 2529 gnari
2823 2462 3026 2514 scilicet
3064 2463 3115 2513 in
3147 2461 3417 2530 prophetia

1903 2548 2086 2601 isthmc
2138 2549 2311 2601 futura
2342 2550 2715 2616 przenuntiari,
2778 2549 2890 2603 sive
2927 2550 3127 2610 tristia,
3178 2550 3289 2603 sive
3319 2551 3418 2601 mi-

1905 2639 2035 2692 tiora
2063 2656 2075 2691 :
2110 2654 2226 2707 qure
2250 2654 2378 2691 sane
2405 2639 2543 2691 idem
2576 2653 2752 2692 sermo
2779 2639 2901 2693 licet
2924 2638 3212 2696 contraria,
3236 2638 3288 2691 in
3321 2653 3414 2692 eo-

1902 2726 2018 2778 dem
2048 2728 2160 2794 ipso
2182 2735 2434 2781 eventura
2473 2728 2810 2788 vaticinatur,
2835 2742 3054 2795 quaeque
3098 2727 3227 2794 ipsis
3254 2727 3419 2793 Operi-

1900 2816 2000 2871 bus
2040 2817 2299 2884 completa
2342 2817 2661 2884 accepimus.
2710 2815 2839 2869 Nam
2885 2826 3117 2885 tempore
3157 2814 3418 2883 passionis

1902 2905 2200 2960 Servatoris
2222 2906 2390 2959 nostri
2420 2905 2591 2958 tristia
2637 2905 2725 2957 illa
2760 2905 2811 2957 in
2845 2906 2961 2972 ipso
3004 2914 3128 2958 sunt
3171 2904 3379 2972 impleta
3401 2897 3434 2968 ;’

1901 3002 2083 3063 postea
2118 3010 2261 3058 vero,
2289 2995 2658 3062 prmstantiora
2714 2995 2801 3046 illa
2833 2996 3093 3061 promissa
3138 2995 3192 3047 in
3230 2993 3414 3047 eodem

1900 3084 2148 3152 operibus
2184 3084 2312 3151 ipsis
2349 3083 2578 3151 perfecta
2611 3092 2754 3137 sunt.

248 3176 629 3245 χρηστότερα·
678 3172 757 3237 οἷς
800 3174 927 3241 γοῦν
982 3177 1072 3227 καὶ
1102 3176 1129 3226 ὁ
1164 3175 1319 3238 αὐτὸς
1350 3177 1499 3242 λόγος
1528 3174 1776 3229 τάναντία
1808 3174 1933 3242 περὶ
1960 3173 2054 3224 ἕνα
2083 3173 2175 3223 καί
2222 3174 2314 3224 τὸν
2362 3173 2516 3224 αὑτὸν
2551 3173 2762 3223 ἔσεσθαι
2812 3172 3083 3234 θεσπίζει,
3134 3171 3168 3223 ἃ
3213 3172 3275 3239 δὴ
3324 3171 3414 3223 καὶ

246 3268 439 3336 ἔργοις
496 3267 673 3326 αὐτοῖς
715 3265 1135 3334 παρειλήφαμεν.
1187 3266 1337 3318 Κατὰ
1392 3268 1485 3334 μὲν
1514 3266 1616 3335 γὰρ
1656 3267 1745 3317 τὸν
1783 3264 1965 3333 χρόνον
1998 3261 2089 3313 τοῦ
2134 3261 2331 3322 πάθους
2370 3260 2462 3312 τοῦ
2526 3262 2768 3329 Σωτῆρος
2805 3261 2955 3328 ἡμῶν
2996 3259 3287 3328 ἐπληροῦτο
3337 3262 3415 3321 είς

242 3357 420 3407 αὑτὸν
459 3354 530 3407 τὰ
565 3355 974 3424 σκυθρωπότερα
991 3370 1004 3383 ·
1030 3355 1165 3407 κατὰ
1189 3355 1243 3405 δὲ
1265 3355 1352 3406 τὸν
1378 3355 1510 3423 μετὰ
1548 3354 1713 3407 ταῦτα
1733 3355 1786 3405 αἱ
1814 3353 1918 3405 τῶν
1946 3350 2256 3422 κρειττόνων
2282 3350 2593 3416 ἐπαγγελίαι
2620 3350 2797 3421 ἔργοις
2821 3349 2977 3401 πάλιν
3005 3352 3080 3411 είς
3100 3350 3255 3401 αὑτὸν
3303 3350 3413 3401 ὲτε-

244 3444 519 3499 λειοῦντο.

317 3558 409 3611 Τὰ
442 3557 544 3625 μὲν
562 3549 653 3606 οῦν
684 3555 808 3623 περὶ
832 3553 891 3606 τὸ
918 3554 1080 3616 πάθος
1101 3552 1244 3624 αὐτῷ
1267 3555 1540 3625 συμϐάντα
1561 3554 1792 3623 ἀκριϐῶς

1956 3549 2082 3614 Qua:
2112 3548 2269 3615 igitur
2295 3547 2347 3599 in
2378 3545 2624 3614 passione
2649 3544 2765 3611 ejus
2804 3545 3134 3608 acciderunt,
3167 3555 3413 3601 accurato

245 3647 514 3718 ἐδηλοῦτο
537 3645 625 3697 διὰ
644 3644 753 3695 τοῦ·
790 3644 870 3695 Σὺ
898 3644 963 3695 δὲ
991 3644 1222 3705 ἀπώσω,
1249 3645 1342 3696 καί
1375 3644 1794 3708 ἐξουδένωσας,

244 3734 559 3790 ἀνεϐἁλου
608 3734 713 3785 τὸν
741 3734 989 3797 Χριστόν
1026 3748 1158 3786 σου,
1206 3734 1340 3785 Ἀνθ⁹
1366 3728 1425 3785 οὗ
1447 3736 1474 3785 δ
1508 3734 1604 3802 μὲν
1644 3733 1796 3784 Ἀκύ-

246 3826 345 3888 λας
376 3823 571 3893 φησὶν,
614 3821 1077 3887 ’Υπερηθέτησας
1100 3822 1243 3889 μετὰ
1273 3822 1619 3889 ὴνὶειμμένου
1646 3838 1759 3873 σου
1778 3838 1790 3850 ’

240 3916 274 3964 ὁ
303 3916 367 3968 δὲ
396 3913 710 3981 Σύμμαχος,
750 3909 1075 3977 Ἐχολώθης
1100 3912 1244 3977 πρὸς
1268 3912 1371 3963 τὸν
1393 3914 1639 3977 Χριστόν
1658 3927 1789 3963 σου.

245 4001 577 4074 Τηνικαῦτα
616 4000 670 4051 δὲ
702 3998 792 4050 καὶ
822 3998 890 4048 τὰ
919 3998 1014 4065 τῆς
1047 3998 1312 4067 Διαθήκης
1347 3998 1505 4050 αὑτοῦ
1536 4000 1629 4067 τῆς
1662 3998 1793 4068 πρὸς

244 4095 378 4156 τοὺς
412 4088 739 4148 ἀποστόλους
767 4086 1125 4155 διεσκεδάσθη,
1154 4088 1238 4138 ὅτε
1263 4087 1353 4137 καὶ
1381 4088 1674 4155 ἠρνήσαντο
1701 4085 1794 4137 αὐ-

244 4184 363 4247 τδν,
391 4180 493 4234 καὶ
520 4178 582 4229 τὸ
608 4174 847 4243 άγίασμα
872 4174 1051 4236 αὐτοῦ,
1090 4177 1325 4227 τουτέστι
1353 4176 1410 4226 τὸ
1436 4175 1588 4242 σῶμα
1609 4176 1666 4225 τὸ
1688 4174 1793 4225 ἀπὸ

244 4273 348 4341 τῆς
389 4268 557 4335 ἁγίας
600 4263 867 4334 Παρθένου
887 4301 901 4325 ,
942 4265 1018 4325 είς
1038 4265 1136 4332 τὴν
1172 4266 1270 4332 γῆν
1300 4263 1599 4334 ἐϐεὸηλὼθη
1619 4281 1631 4293 ⁸
1664 4264 1792 4316 ἀλλὰ

248 4363 343 4413 καὶ
398 4360 611 4417 πάντας
655 4356 777 4416 τοὺς
816 4356 1094 4423 φραγμοὺς
1138 4354 1294 4407 αὐτοῦ
1326 4356 1443 4405 τότε
1472 4356 1732 4424 περιεῖλεν
1766 4358 1793 4407 ὁ

239 4447 384 4508 θεὸς
404 4463 417 4475 ·
454 4442 653 4511 δηλαδὴ
681 4441 803 4501 τοὺς
826 4441 1293 4509 περιφράττοντας,
1319 4441 1499 4510 ὥσπερ
1528 4446 1618 4496 καὶ
1644 4444 1793 4515 δορυ-

246 4534 559 4605 φοροῦντας
592 4528 748 4580 αὺτδν
777 4530 867 4580 καὶ
892 4529 1241 4597 περιέποντας
1272 4531 1557 4597 ἀγγέλουςο
1596 4533 1656 4584 οὐ
1688 4533 1791 4602 μὴν

242 4622 389 4673 ἀλλὰ
413 4618 511 4671 καὶ
534 4617 599 4668 τὰ
627 4615 947 4684 ὀχυρώματα
966 4616 1142 4667 αὑτοῦ.
1166 4611 1340 4667 Ἦσαν
1359 4617 1412 4667 δὲ
1434 4613 1573 4670 οὗτοι
1598 4618 1645 4669 οἱ
1670 4618 1792 4672 ἁπό-

248 4713 428 4763 στολοι
462 4709 556 4760 καὶ
583 4708 631 4759 οἱ
662 4705 891 4774 μαθηταὶ
921 4702 1102 4767 αὐτοῦ,
1132 4706 1180 4756 οἳ
1210 4705 1447 4771 ἐγένοντο
1472 4709 1550 4768 είς
1574 4710 1787 4770 δειλίαν,

241 4802 326 4862 ὡς
366 4800 463 4852 καὶ
499 4795 829 4865 ἀρνήσασθαι
860 4794 1014 4845 αὐτὸν
1052 4795 1143 4845 καὶ
1171 4793 1556 4856 καταλιπόντας
1581 4802 1783 4864 φυγεῖν.

248 4891 383 4941 Τότε
429 4888 487 4939 δὲ
520 4887 613 4937 καὶ
639 4884 859 4952 ἐγενήθη
891 4885 967 4943 είς
992 4877 1181 4943 ὄνειδός
1211 4885 1319 4941 τοῖς
1346 4883 1575 4947 γείτοσιν
1607 4888 1786 4950 αὐτοῦ,

250 4983 348 5031 καὶ
365 4977 557 5047 ὑψώθη
581 4978 613 5043 ἡ
631 4974 772 5037 δεξιὰ
802 4975 903 5024 τῶν
932 4972 1207 5024 θλιϐόντων
1234 4972 1408 5023 αὐτόν·
1428 4975 1519 5025 καὶ
1541 4976 1607 5027 τὰ
1634 4977 1788 5030 λοιπὰ

242 5069 306 5119 δὲ
340 5071 519 5122 πάντα
542 5066 659 5116 τότε
682 5066 757 5125 εἰς
779 5063 865 5113 τὸν
889 5064 949 5113 ὲκ
976 5062 1276 5130 σπέρματος
1290 5060 1445 5111 Δαυῒδ
1473 5064 1785 5133 ἐπληροῦτο.

253 5157 465 5224 Ἄλλως
492 5153 601 5221 γὰρ
624 5152 721 5203 οὐκ
748 5150 810 5201 ἄν
825 5166 907 5210 τις
942 5149 1047 5217 ἔχοι
1073 5148 1235 5200 ταῦτα
1250 5146 1333 5195 ἐπ’
1357 5147 1514 5198 αὑτὸν
1532 5151 1621 5201 τὸν
1638 5154 1791 5205 sauia

245 5243 611 5315 ἐφαρμόζειν,
644 5240 749 5290 οὐδ’
780 5238 1026 5300 ἐπιδεῖξαι
1060 5240 1135 5298 είς
1162 5235 1360 5283 ἐκεῖνον
1389 5236 1789 5308 πεπληρωμένα

246 5334 315 5386 τὰ
339 5332 694 5404 προκείμενα,
714 5330 785 5389 ὡς
800 5329 912 5379 οὐδὲ
932 5329 996 5380 τὰ
1025 5326 1307 5393 σεμνότερα
1336 5324 1425 5374 καὶ
1455 5332 1800 5401 χρηστότερα,

249 5424 388 5491 ἐμφε
399 5421 598 5491 ρόμενα
619 5420 736 5477 ταῖς
752 5416 839 5467 τοῦ
858 5415 983 5465 Θεοῦ
1009 5409 1356 5476 ἐπαγγελίαις.
1380 5412 1454 5461 υὺ
1477 5414 1591 5482 γὰρ
1611 5416 1674 5486 δὴ
1696 5420 1788 5473 τοῦ

220 5494 411 5561 ,Δαυῒδ
431 5511 460 5559 ὁ
488 5508 668 5577 opm“
696 5503 986 5571 κατηύγασε
1013 5502 1104 5566 τὴν
1129 5496 1410 5563 σύμπασαν
1433 5502 1785 5576 οἰκουμένην,

249 5598 403 5666 δίκην
423 5596 571 5665 ἡλίου
599 5594 844 5662 φωτίσας,
863 5589 1087 5653 eorum
1110 5584 1299 5652 σελήνη
1325 5586 1555 5656 διαρκὴς
1571 5592 1783 5660 γέγονε,

252 5686 373 5740 οὐδὲ
392 5688 466 5747 είς
494 5686 575 5738 τὸν
594 5685 751 5743 αίῷνα
775 5681 856 5734 τοῦ
879 5680 1050 5736 αἰῶνος
1067 5672 1382 5740 διεφυλάχθη
1409 5694 1416 5702 ·
1441 5678 1556 5727 οὐδ’
1575 5678 1688 5745 ἔχει
1706 5683 1786 5735 λά-

1893 3636 2240 3704 praenuntiata
2289 3642 2413 3687 sunt
2455 3634 2540 3687 his
2584 3634 2799 3687 verbis:
2835 3632 2911 3685 Tu
2936 3650 3051 3686 vero
3094 3637 3327 3702 γεραιὴιὶ
3361 3647 3411 3690 et

1890 3725 2183 3793 despcxisti,
2217 3724 2446 3792 abjecisti
2468 3723 2730 3777 Christum
2754 3736 2917 3775 tuum.
2949 3726 3054 3775 Pro
3092 3740 3198 3792 quo
3224 3727 3410 3793 Aquila

1892 3816 1965 3867 ait
1996 3835 2009 3867 :
2040 3815 2301 3866 Distulisti
2328 3829 2441 3866 cum
2476 3824 2627 3866 uncto
2660 3824 2779 3873 tuo;
2808 3814 3159 3882 Symmachus
3186 3823 3359 3868 autem
3393 3834 3408 3869 :

1894 3903 2069 3956 Iratus
2119 3920 2169 3956 es
2216 3913 2395 3956 contra
2440 3902 2699 3955 Christum
2739 3912 2901 3954 tuum.
2933 3902 3081 3956 Tunc
3110 3920 3268 3972 porro
3295 3921 3411 3972 qua

1891 3995 1953 4048 ad
1984 4003 2353 4049 testamentum
2396 3994 2650 4063 apostolis
2682 3994 2861 4046 datum
2891 3994 3221 4061 spectabant,
3253 3996 3395 4049 dissi-

1890 4094 2009 4153 pata
2048 4094 2189 4145 sunt,
2220 4085 2432 4152 quando
2477 4084 2649 4151 ipsum
2701 4083 3046 4150 abnegarunt.
3076 4092 3128 4136 et
3160 4093 3405 4137 sanctua-

1891 4174 2026 4225 rinm
2058 4172 2194 4239 ejus,
2231 4172 2279 4223 id
2323 4181 2405 4224 est
2447 4185 2644 4238 corpus
2690 4184 2754 4221 ex
2805 4178 2987 4222 sancta
3026 4169 3240 4238 Virgine
3266 4187 3408 4224 acce-

1891 4268 2055 4328 ptum,
2085 4262 2136 4312 in
2174 4268 2311 4313 terra
2344 4260 2677 4328 profanatum
2727 4267 2826 4311 est.
2871 4257 2978 4310 lino
3023 4261 3179 4311 etiam
3225 4274 3408 4312 omnes

1889 4365 2041 4417 sopes
2067 4348 2183 4416 ejus
2215 4356 2346 4401 tunc
2377 4348 2597 4401 abstulit
2633 4348 2788 4410 Deus,
2813 4346 3056 4401 videlicet
3080 4349 3295 4416 angelos
3315 4359 3408 4399 su—

1889 4446 2073 4505 pantes
2105 4453 2245 4497 eum,
2280 4451 2342 4489 ac
2370 4436 2670 4489 satellitium
2700 4444 2914 4503 agentes
2941 4444 2993 4489 et
3024 4436 3405 4490 ministrantes.

1888 4525 2120 4594 itemque
2172 4527 2493 4578 munimenta
2545 4526 2661 4592 ejus
2712 4524 3002 4579 ablata.Ea
3048 4535 3222 4580 autem
3255 4536 3406 4581 erant

1888 4618 2112 4686 apostoli
2164 4618 2280 4685 ejus
2320 4626 2377 4670 et
2421 4617 2687 4683 discipuli,
2713 4618 2801 4685 qui
2830 4623 2974 4668 tanta
3005 4614 3286 4671 formidine
3318 4632 3403 4669 re-

1886 4709 2012 4777 pleti
2053 4716 2195 4769 sunt,
2235 4716 2291 4760 ut
2323 4707 2645 4774 abnegarent
2681 4721 2823 4766 eum,
2855 4706 3072 4774 ipsoque
3106 4709 3291 4761 relicto
3322 4707 3405 4759 fu-

1886 4806 2087 4866 gerent.
2120 4794 2271 4850 Tunc
2304 4804 2475 4848 autem
2508 4794 2680 4848 factus
2713 4803 2793 4847 est
2824 4797 2874 4847 in
2902 4796 3243 4862 opprobrium
3278 4798 3406 4849 vici-

1885 4889 1971 4940 nis
2001 4887 2136 4949 suis,
2165 4894 2217 4939 ct
2241 4886 2467 4938 exaltata
2496 4892 2577 4937 est
2604 4884 2817 4937 dextera
2848 4884 3213 4937 tribulantium
3243 4900 3362 4936 eum
3388 4903 3401 4937 :

1886 4990 1949 5026 ac
1986 4981 2173 5026 czetera
2203 4973 2380 5026 omnia
2414 4972 2465 5023 in
2490 4986 2574 5030 eo,
2603 4972 2695 5039 qui
2724 4987 2789 5023 ex
2818 4970 3017 5023 semine
3047 4969 3265 5023 Davidis
3296 4986 3410 5037 pro-

1886 5063 2075 5125 dierat,
2113 5071 2239 5115 tunc
2270 5062 2479 5129 impleta
2526 5070 2669 5115 sunt.
2700 5062 2844 5113 Alias
2884 5060 3023 5111 enim
3056 5074 3215 5111 nemo
3250 5061 3414 5127 possit

1886 5152 2068 5205 isthmc
2114 5153 2211 5220 ipsi
2264 5150 2447 5203 Davidi
2487 5161 2760 5219 coaptare.
2788 5162 2960 5215 neque
2986 5149 3276 5200 ostendere
3302 5148 3415 5203 haec

1887 5258 2004 5310 qua:
2030 5251 2319 5295 tractamus
2341 5241 2551 5307 impleta
2582 5242 2635 5293 in
2668 5243 2783 5308 ipso
2812 5243 3046 5299 essc;ut
3079 5252 3259 5302 neque
3290 5253 3420 5302 pra:—

1886 5334 2140 5386 stantiora
2169 5340 2222 5384 et
2250 5331 2460 5383 mitiora
2489 5346 2606 5397 quae
2635 5332 2686 5383 in
2718 5326 3002 5397 promissis
3032 5323 3136 5374 Dei
3165 5326 3426 5377 teruntur.
3452 5314 3457 5323 ’

1884 5421 2063 5487 Neque
2081 5421 2219 5473 cnim
2238 5419 2451 5473 Davidis
2471 5420 2694 5474 thronus
2716 5417 2904 5470 radios
2925 5414 3101 5466 instar
3128 5414 3267 5464 solis
3286 5415 3436 5465 cmit-

1880 5510 2043 5564 tendo
2075 5517 2240 5561 totum
2271 5509 2587 5563 illuminavit
2611 5511 2825 5570 orbem,
2853 5516 3029 5571 neque
3061 5508 3128 5550 ut
3170 5500 3299 5550 luna
3328 5514 3444 5566 per-

1880 5609 2072 5667 pctuus
2103 5599 2220 5663 fuit,
2249 5613 2421 5666 neque
2470 5599 2523 5651 in
2573 5599 2834 5652 arculum
2872 5591 3055 5646 Saeculi
3091 5580 3452 5639 conservatos

1884 5696 1962 5740 cut
2012 5686 2188 5751 Neque
2230 5688 2331 5738 ulla
2374 5690 2571 5742 ratione
2620 5692 2795 5754 potest
2835 5684 2933 5734 ille
2968 5674 3141 5731 David
3182 5672 3454 5735 I‘t‘imogc-
