  <div class='ocr_page' id='page_1' title='image "/cluster/home/n/w/nwhite01/storage/ocr_20150623/23 (Eusebius, pt. 5)/nyp.33433081862363/592.png"; bbox 0 0 3848 6414; ppageno 0'>
   <div class='ocr_carea' id='block_1_1' title="bbox 250 365 442 438">
    <p class='ocr_par' dir='ltr' id='par_1_1' title="bbox 250 365 442 438">
     <span class='ocr_line' id='line_1_1' title="bbox 250 365 442 438; baseline 0.031 -6"><span class='ocrx_word' id='word_1_1' title='bbox 250 365 442 438; x_wconf 66' lang='grc'><strong>1113⁴</strong></span> 
     </span>
    </p>
   </div>
   <div class='ocr_carea' id='block_1_2' title="bbox 1357 386 2396 451">
    <p class='ocr_par' dir='ltr' id='par_1_2' title="bbox 1357 386 2396 451">
     <span class='ocr_line' id='line_1_2' title="bbox 1357 386 2396 451; baseline 0.011 -11"><span class='ocrx_word' id='word_1_2' title='bbox 1357 386 1855 445; x_wconf 67' lang='grc' dir='ltr'><strong>-ίὶυλΙΜΕΝΤΔΠῖΑ</strong></span> <span class='ocrx_word' id='word_1_3' title='bbox 1895 393 1957 446; x_wconf 79' lang='lat' dir='ltr'><strong>IN</strong></span> <span class='ocrx_word' id='word_1_4' title='bbox 1995 393 2322 451; x_wconf 63' lang='lat' dir='ltr'><strong>PS.ALMOS.</strong></span> <span class='ocrx_word' id='word_1_5' title='bbox 2393 419 2396 421; x_wconf 94' lang='grc'>·</span> 
     </span>
    </p>
   </div>
   <div class='ocr_carea' id='block_1_3' title="bbox 3303 409 3432 464">
    <p class='ocr_par' dir='ltr' id='par_1_3' title="bbox 3303 409 3432 464">
     <span class='ocr_line' id='line_1_3' title="bbox 3303 409 3432 464; baseline 0.016 -2"><span class='ocrx_word' id='word_1_6' title='bbox 3303 409 3432 464; x_wconf 79' lang='lat' dir='ltr'><strong>HM</strong></span> 
     </span>
    </p>
   </div>
   <div class='ocr_carea' id='block_1_4' title="bbox 248 498 1787 587">
    <p class='ocr_par' dir='ltr' id='par_1_4' title="bbox 248 498 1782 578">
     <span class='ocr_line' id='line_1_4' title="bbox 248 498 1782 578; baseline 0.008 -31"><span class='ocrx_word' id='word_1_7' title='bbox 248 498 452 560; x_wconf 78' lang='grc' dir='ltr'>πάθος</span> <span class='ocrx_word' id='word_1_8' title='bbox 473 517 486 529; x_wconf 77' lang='grc' dir='ltr'><strong>ο</strong></span> <span class='ocrx_word' id='word_1_9' title='bbox 518 499 733 562; x_wconf 74' lang='grc' dir='ltr'>είκότως</span> <span class='ocrx_word' id='word_1_10' title='bbox 763 502 852 555; x_wconf 80' lang='grc' dir='ltr'>καὶ</span> <span class='ocrx_word' id='word_1_11' title='bbox 877 502 1040 556; x_wconf 85' lang='grc' dir='ltr'>ταῦτα</span> <span class='ocrx_word' id='word_1_12' title='bbox 1065 505 1201 556; x_wconf 65' lang='grc' dir='ltr'>αὐτὰ</span> <span class='ocrx_word' id='word_1_13' title='bbox 1232 504 1290 555; x_wconf 84' lang='grc' dir='ltr'>τὸ</span> <span class='ocrx_word' id='word_1_14' title='bbox 1321 505 1458 557; x_wconf 79' lang='grc' dir='ltr'>θεῖον</span> <span class='ocrx_word' id='word_1_15' title='bbox 1488 509 1578 560; x_wconf 77' lang='grc' dir='ltr'>καὶ</span> <span class='ocrx_word' id='word_1_16' title='bbox 1607 524 1782 578; x_wconf 83' lang='grc' dir='ltr'>προφη</span> 
     </span>
    </p>
   </div>
   <div class='ocr_carea' id='block_1_5' title="bbox 1885 498 3430 587">
    <p class='ocr_par' dir='ltr' id='par_1_5' title="bbox 1911 512 3430 587">
     <span class='ocr_line' id='line_1_5' title="bbox 1911 512 3430 587; baseline 0.009 -26"><span class='ocrx_word' id='word_1_17' title='bbox 1911 526 2006 563; x_wconf 90' lang='lat' dir='ltr'><strong>nos</strong></span> <span class='ocrx_word' id='word_1_18' title='bbox 2029 512 2302 576; x_wconf 77' lang='lat' dir='ltr'><strong>excitans;</strong></span> <span class='ocrx_word' id='word_1_19' title='bbox 2355 526 2519 580; x_wconf 86' lang='lat' dir='ltr'><strong>quare</strong></span> <span class='ocrx_word' id='word_1_20' title='bbox 2566 513 2676 565; x_wconf 88' lang='lat' dir='ltr'><strong>ait:</strong></span> <span class='ocrx_word' id='word_1_21' title='bbox 2715 512 2866 565; x_wconf 79' lang='lat' dir='ltr'><strong>.‘Vtmc</strong></span> <span class='ocrx_word' id='word_1_22' title='bbox 2896 521 3068 566; x_wconf 76' lang='lat' dir='ltr'><strong>autem</strong></span> <span class='ocrx_word' id='word_1_23' title='bbox 3099 518 3338 587; x_wconf 78' lang='lat' dir='ltr'><strong>repulisti</strong></span> <span class='ocrx_word' id='word_1_24' title='bbox 3384 531 3430 574; x_wconf 78' lang='lat' dir='ltr'><strong>et</strong></span> 
     </span>
    </p>
   </div>
   <div class='ocr_carea' id='block_1_6' title="bbox 245 588 1808 668">
    <p class='ocr_par' dir='ltr' id='par_1_6' title="bbox 245 588 1808 668">
     <span class='ocr_line' id='line_1_6' title="bbox 245 588 1808 668; baseline 0.009 -31"><span class='ocrx_word' id='word_1_25' title='bbox 245 588 427 640; x_wconf 81' lang='grc' dir='ltr'>τικδν</span> <span class='ocrx_word' id='word_1_26' title='bbox 457 590 677 659; x_wconf 78' lang='grc' dir='ltr'><strong>Πνεῦμα</strong></span> <span class='ocrx_word' id='word_1_27' title='bbox 707 595 935 663; x_wconf 76' lang='grc' dir='ltr'><strong>παρίστη</strong></span> <span class='ocrx_word' id='word_1_28' title='bbox 956 635 969 655; x_wconf 98' lang='grc'><strong>,</strong></span> <span class='ocrx_word' id='word_1_29' title='bbox 998 596 1250 664; x_wconf 79' lang='grc' dir='ltr'>διεγεῖρον</span> <span class='ocrx_word' id='word_1_30' title='bbox 1293 597 1434 664; x_wconf 72' lang='grc' dir='ltr'>ἡμᾶς</span> <span class='ocrx_word' id='word_1_31' title='bbox 1461 597 1552 650; x_wconf 77' lang='grc' dir='ltr'>ἐπὶ</span> <span class='ocrx_word' id='word_1_32' title='bbox 1591 598 1808 668; x_wconf 83' lang='grc' dir='ltr'>ζήτησιν</span> 
     </span>
    </p>
   </div>
   <div class='ocr_carea' id='block_1_7' title="bbox 243 676 1802 756">
    <p class='ocr_par' dir='ltr' id='par_1_7' title="bbox 243 676 1802 756">
     <span class='ocr_line' id='line_1_7' title="bbox 243 676 1802 756; baseline 0.009 -31"><span class='ocrx_word' id='word_1_33' title='bbox 243 676 384 728; x_wconf 81' lang='grc' dir='ltr'>τῶν</span> <span class='ocrx_word' id='word_1_34' title='bbox 413 679 858 749; x_wconf 73' lang='grc' dir='ltr'><strong>ἀποτελεσμάτων</strong></span> <span class='ocrx_word' id='word_1_35' title='bbox 882 683 989 734; x_wconf 80' lang='grc' dir='ltr'><strong>τῶν</strong></span> <span class='ocrx_word' id='word_1_36' title='bbox 1018 684 1110 736; x_wconf 85' lang='grc' dir='ltr'><strong>τοῦ</strong></span> <span class='ocrx_word' id='word_1_37' title='bbox 1142 683 1272 736; x_wconf 66' lang='grc' dir='ltr'>Θεοῦ</span> <span class='ocrx_word' id='word_1_38' title='bbox 1303 684 1490 752; x_wconf 88' lang='grc' dir='ltr'>λογίων</span> <span class='ocrx_word' id='word_1_39' title='bbox 1509 704 1522 716; x_wconf 83' lang='grc'><em>’</em></span> <span class='ocrx_word' id='word_1_40' title='bbox 1543 687 1620 740; x_wconf 85' lang='grc' dir='ltr'><strong>διό</strong></span> <span class='ocrx_word' id='word_1_41' title='bbox 1645 704 1772 756; x_wconf 76' lang='grc' dir='ltr'>φησι</span> <span class='ocrx_word' id='word_1_42' title='bbox 1789 705 1802 717; x_wconf 87' lang='grc'><strong>·</strong></span> 
     </span>
    </p>
   </div>
   <div class='ocr_carea' id='block_1_8' title="bbox 243 766 1805 841">
    <p class='ocr_par' dir='ltr' id='par_1_8' title="bbox 243 766 1805 841">
     <span class='ocr_line' id='line_1_8' title="bbox 243 766 1805 841; baseline 0.009 -27"><span class='ocrx_word' id='word_1_43' title='bbox 243 766 424 817; x_wconf 72' lang='grc' dir='ltr'>[νυνί</span> <span class='ocrx_word' id='word_1_44' title='bbox 463 766 533 818; x_wconf 82' lang='grc' dir='ltr'>δὲ</span> <span class='ocrx_word' id='word_1_45' title='bbox 560 767 774 822; x_wconf 81' lang='grc' dir='ltr'><strong>ἀπώσω</strong></span> <span class='ocrx_word' id='word_1_46' title='bbox 797 772 891 822; x_wconf 78' lang='grc' dir='ltr'>καὶ</span> <span class='ocrx_word' id='word_1_47' title='bbox 911 772 1328 837; x_wconf 61' lang='grc' dir='ltr'>ἐξουδώηωσας,</span> <span class='ocrx_word' id='word_1_48' title='bbox 1359 776 1558 841; x_wconf 79' lang='grc' dir='ltr'>Κύριε,</span> <span class='ocrx_word' id='word_1_49' title='bbox 1595 775 1805 828; x_wconf 77' lang='grc' dir='ltr'>ἀπεϐά-</span> 
     </span>
    </p>
   </div>
   <div class='ocr_carea' id='block_1_9' title="bbox 241 855 1806 936">
    <p class='ocr_par' dir='ltr' id='par_1_9' title="bbox 241 855 1806 936">
     <span class='ocr_line' id='line_1_9' title="bbox 241 855 1806 936; baseline 0.008 -32"><span class='ocrx_word' id='word_1_50' title='bbox 241 855 386 906; x_wconf 78' lang='lat' dir='ltr'><strong><em>.lov</em></strong></span> <span class='ocrx_word' id='word_1_51' title='bbox 408 855 520 908; x_wconf 76' lang='grc' dir='ltr'><strong>τὸν</strong></span> <span class='ocrx_word' id='word_1_52' title='bbox 539 859 788 924; x_wconf 81' lang='grc' dir='ltr'>Χριστόν</span> <span class='ocrx_word' id='word_1_53' title='bbox 811 875 923 912; x_wconf 81' lang='grc' dir='ltr'><strong>σου</strong></span> <span class='ocrx_word' id='word_1_54' title='bbox 940 877 955 891; x_wconf 85' lang='grc'><em>’</em></span> <span class='ocrx_word' id='word_1_55' title='bbox 983 861 1376 936; x_wconf 58' lang='grc' dir='ltr'>κατέστρεψας</span> <span class='ocrx_word' id='word_1_56' title='bbox 1399 864 1506 930; x_wconf 80' lang='grc' dir='ltr'><strong>τὴν</strong></span> <span class='ocrx_word' id='word_1_57' title='bbox 1525 864 1806 931; x_wconf 78' lang='grc' dir='ltr'><strong>διαθήκην</strong></span> 
     </span>
    </p>
   </div>
   <div class='ocr_carea' id='block_1_10' title="bbox 241 938 1806 1021">
    <p class='ocr_par' dir='ltr' id='par_1_10' title="bbox 241 938 1806 1021">
     <span class='ocr_line' id='line_1_10' title="bbox 241 938 1806 1021; baseline 0.01 -30"><span class='ocrx_word' id='word_1_58' title='bbox 241 938 376 996; x_wconf 80' lang='grc' dir='ltr'>τοῦ</span> <span class='ocrx_word' id='word_1_59' title='bbox 406 944 633 998; x_wconf 80' lang='grc' dir='ltr'>δούλου</span> <span class='ocrx_word' id='word_1_60' title='bbox 659 963 773 1000; x_wconf 80' lang='grc' dir='ltr'><strong>σου</strong></span> <span class='ocrx_word' id='word_1_61' title='bbox 789 989 803 1010; x_wconf 97' lang='grc'><strong>,</strong></span> <span class='ocrx_word' id='word_1_62' title='bbox 829 951 919 1001; x_wconf 80' lang='grc' dir='ltr'><strong>καὶ</strong></span> <span class='ocrx_word' id='word_1_63' title='bbox 946 949 1012 1001; x_wconf 84' lang='grc' dir='ltr'><strong>τά</strong></span> <span class='ocrx_word' id='word_1_64' title='bbox 1031 946 1232 1013; x_wconf 75' lang='grc' dir='ltr'>τούτοις</span> <span class='ocrx_word' id='word_1_65' title='bbox 1257 951 1375 1021; x_wconf 78' lang='grc' dir='ltr'>ἑξῆς</span> <span class='ocrx_word' id='word_1_66' title='bbox 1393 967 1408 981; x_wconf 76' lang='grc'><strong>⁸</strong></span> <span class='ocrx_word' id='word_1_67' title='bbox 1435 953 1500 1004; x_wconf 86' lang='grc' dir='ltr'>δι’</span> <span class='ocrx_word' id='word_1_68' title='bbox 1521 948 1593 1006; x_wconf 82' lang='grc' dir='ltr'>ὧν</span> <span class='ocrx_word' id='word_1_69' title='bbox 1623 953 1806 1020; x_wconf 78' lang='grc' dir='ltr'>σαφῶς</span> 
     </span>
    </p>
   </div>
   <div class='ocr_carea' id='block_1_11' title="bbox 233 1028 1802 1110">
    <p class='ocr_par' dir='ltr' id='par_1_11' title="bbox 233 1028 1802 1110">
     <span class='ocr_line' id='line_1_11' title="bbox 233 1028 1802 1110; baseline 0.01 -33"><span class='ocrx_word' id='word_1_70' title='bbox 233 1028 532 1098; x_wconf 76' lang='grc' dir='ltr'>ὀνομαστὶ</span> <span class='ocrx_word' id='word_1_71' title='bbox 565 1035 932 1101; x_wconf 76' lang='grc' dir='ltr'><strong>μνημονεύσας</strong></span> <span class='ocrx_word' id='word_1_72' title='bbox 953 1032 1041 1088; x_wconf 71' lang='grc' dir='ltr'>τὸν</span> <span class='ocrx_word' id='word_1_73' title='bbox 1075 1038 1299 1106; x_wconf 79' lang='grc' dir='ltr'>Χριστὸν</span> <span class='ocrx_word' id='word_1_74' title='bbox 1321 1040 1349 1089; x_wconf 86' lang='grc' dir='ltr'><strong>ό</strong></span> <span class='ocrx_word' id='word_1_75' title='bbox 1375 1039 1542 1106; x_wconf 87' lang='grc' dir='ltr'>λόγος,</span> <span class='ocrx_word' id='word_1_76' title='bbox 1573 1041 1802 1110; x_wconf 80' lang='grc' dir='ltr'><strong>παρίστη</strong></span> 
     </span>
    </p>
   </div>
   <div class='ocr_carea' id='block_1_12' title="bbox 233 1117 1802 1198">
    <p class='ocr_par' dir='ltr' id='par_1_12' title="bbox 233 1117 1802 1198">
     <span class='ocr_line' id='line_1_12' title="bbox 233 1117 1802 1198; baseline 0.009 -31"><span class='ocrx_word' id='word_1_77' title='bbox 233 1117 345 1168; x_wconf 73' lang='grc' dir='ltr'><strong>ὅτι</strong></span> <span class='ocrx_word' id='word_1_78' title='bbox 379 1119 553 1187; x_wconf 79' lang='grc' dir='ltr'>μηδὲν</span> <span class='ocrx_word' id='word_1_79' title='bbox 577 1123 733 1173; x_wconf 77' lang='grc' dir='ltr'>αὐτὸν</span> <span class='ocrx_word' id='word_1_80' title='bbox 755 1123 902 1174; x_wconf 80' lang='grc' dir='ltr'>ἔλαθε</span> <span class='ocrx_word' id='word_1_81' title='bbox 938 1125 1044 1176; x_wconf 85' lang='grc' dir='ltr'><strong>τῶν</strong></span> <span class='ocrx_word' id='word_1_82' title='bbox 1070 1127 1162 1179; x_wconf 74' lang='grc' dir='ltr'><strong>καὶ</strong></span> <span class='ocrx_word' id='word_1_83' title='bbox 1189 1128 1312 1196; x_wconf 80' lang='grc' dir='ltr'>περὶ</span> <span class='ocrx_word' id='word_1_84' title='bbox 1331 1129 1425 1197; x_wconf 85' lang='grc' dir='ltr'>τὴν</span> <span class='ocrx_word' id='word_1_85' title='bbox 1451 1128 1689 1198; x_wconf 74' lang='grc' dir='ltr'>διαδοχήν</span> <span class='ocrx_word' id='word_1_86' title='bbox 1711 1129 1802 1181; x_wconf 88' lang='grc' dir='ltr'><strong>τοῦ</strong></span> 
     </span>
    </p>
   </div>
   <div class='ocr_carea' id='block_1_13' title="bbox 241 1209 1801 1286">
    <p class='ocr_par' dir='ltr' id='par_1_13' title="bbox 241 1209 1801 1286">
     <span class='ocr_line' id='line_1_13' title="bbox 241 1209 1801 1286; baseline 0.009 -29"><span class='ocrx_word' id='word_1_87' title='bbox 241 1209 430 1259; x_wconf 76' lang='grc' dir='ltr'>Δαυῒδ</span> <span class='ocrx_word' id='word_1_88' title='bbox 448 1248 464 1270; x_wconf 93' lang='grc'><strong>,</strong></span> <span class='ocrx_word' id='word_1_89' title='bbox 522 1213 614 1262; x_wconf 74' lang='grc' dir='ltr'><strong>καὶ</strong></span> <span class='ocrx_word' id='word_1_90' title='bbox 641 1213 739 1282; x_wconf 80' lang='grc' dir='ltr'>τὴν</span> <span class='ocrx_word' id='word_1_91' title='bbox 766 1215 1068 1285; x_wconf 77' lang='grc' dir='ltr'>σωματικὴν</span> <span class='ocrx_word' id='word_1_92' title='bbox 1097 1217 1257 1268; x_wconf 81' lang='grc' dir='ltr'>αὑτοῦ</span> <span class='ocrx_word' id='word_1_93' title='bbox 1299 1217 1585 1286; x_wconf 82' lang='grc' dir='ltr'>βασιλείαν,</span> <span class='ocrx_word' id='word_1_94' title='bbox 1615 1219 1719 1270; x_wconf 79' lang='grc' dir='ltr'><strong>τῶν</strong></span> <span class='ocrx_word' id='word_1_95' title='bbox 1745 1236 1801 1271; x_wconf 84' lang='grc' dir='ltr'><strong>τε</strong></span> 
     </span>
    </p>
   </div>
   <div class='ocr_carea' id='block_1_14' title="bbox 240 1298 1797 1376">
    <p class='ocr_par' dir='ltr' id='par_1_14' title="bbox 240 1298 1797 1376">
     <span class='ocr_line' id='line_1_14' title="bbox 240 1298 1797 1376; baseline 0.008 -30"><span class='ocrx_word' id='word_1_96' title='bbox 240 1298 392 1366; x_wconf 70' lang='grc' dir='ltr'>περὶ</span> <span class='ocrx_word' id='word_1_97' title='bbox 427 1300 492 1350; x_wconf 77' lang='grc' dir='ltr'>τὸ</span> <span class='ocrx_word' id='word_1_98' title='bbox 537 1299 704 1362; x_wconf 81' lang='grc' dir='ltr'>πάθος</span> <span class='ocrx_word' id='word_1_99' title='bbox 740 1301 813 1368; x_wconf 82' lang='grc' dir='ltr'>τῷ</span> <span class='ocrx_word' id='word_1_100' title='bbox 841 1303 1052 1372; x_wconf 80' lang='grc' dir='ltr'><strong>Χριστῷ</strong></span> <span class='ocrx_word' id='word_1_101' title='bbox 1088 1303 1178 1356; x_wconf 82' lang='grc' dir='ltr'><strong>τοῦ</strong></span> <span class='ocrx_word' id='word_1_102' title='bbox 1210 1305 1340 1356; x_wconf 83' lang='grc' dir='ltr'>Θεοῦ</span> <span class='ocrx_word' id='word_1_103' title='bbox 1374 1307 1797 1376; x_wconf 75' lang='grc' dir='ltr'>συμϐεϐηκότων.</span> 
     </span>
    </p>
   </div>
   <div class='ocr_carea' id='block_1_15' title="bbox 239 1383 1802 1464">
    <p class='ocr_par' dir='ltr' id='par_1_15' title="bbox 239 1383 1802 1464">
     <span class='ocr_line' id='line_1_15' title="bbox 239 1383 1802 1464; baseline 0.008 -29"><span class='ocrx_word' id='word_1_104' title='bbox 239 1383 454 1438; x_wconf 83' lang='grc' dir='ltr'>ταῦτα</span> <span class='ocrx_word' id='word_1_105' title='bbox 481 1386 612 1453; x_wconf 88' lang='grc' dir='ltr'>γοῦν</span> <span class='ocrx_word' id='word_1_106' title='bbox 635 1388 868 1441; x_wconf 87' lang='grc' dir='ltr'>ἐδίδασκε</span> <span class='ocrx_word' id='word_1_107' title='bbox 897 1393 1188 1462; x_wconf 78' lang='grc' dir='ltr'>προσδοκᾷν</span> <span class='ocrx_word' id='word_1_108' title='bbox 1215 1393 1424 1446; x_wconf 77' lang='grc' dir='ltr'>ἔσεσθαι</span> <span class='ocrx_word' id='word_1_109' title='bbox 1451 1396 1540 1446; x_wconf 77' lang='grc' dir='ltr'><strong>καὶ</strong></span> <span class='ocrx_word' id='word_1_110' title='bbox 1563 1396 1685 1464; x_wconf 81' lang='grc' dir='ltr'>περὶ</span> <span class='ocrx_word' id='word_1_111' title='bbox 1707 1395 1802 1464; x_wconf 83' lang='grc' dir='ltr'>τὴν</span> 
     </span>
    </p>
   </div>
   <div class='ocr_carea' id='block_1_16' title="bbox 229 1475 1801 1553">
    <p class='ocr_par' dir='ltr' id='par_1_16' title="bbox 229 1475 1801 1553">
     <span class='ocr_line' id='line_1_16' title="bbox 229 1475 1801 1553; baseline 0.01 -33"><span class='ocrx_word' id='word_1_112' title='bbox 229 1475 514 1544; x_wconf 68' lang='grc' dir='ltr'>διαδοχὴν</span> <span class='ocrx_word' id='word_1_113' title='bbox 544 1476 724 1542; x_wconf 77' lang='grc' dir='ltr'>αὐτοῦ,</span> <span class='ocrx_word' id='word_1_114' title='bbox 749 1479 840 1530; x_wconf 70' lang='grc' dir='ltr'>καὶ</span> <span class='ocrx_word' id='word_1_115' title='bbox 862 1481 986 1548; x_wconf 79' lang='grc' dir='ltr'>περὶ</span> <span class='ocrx_word' id='word_1_116' title='bbox 1022 1481 1118 1550; x_wconf 76' lang='grc' dir='ltr'><strong>τὴν</strong></span> <span class='ocrx_word' id='word_1_117' title='bbox 1143 1481 1408 1550; x_wconf 83' lang='grc' dir='ltr'>βασιλείαν</span> <span class='ocrx_word' id='word_1_118' title='bbox 1428 1521 1443 1544; x_wconf 98' lang='grc'><strong>,</strong></span> <span class='ocrx_word' id='word_1_119' title='bbox 1469 1483 1590 1553; x_wconf 91' lang='grc' dir='ltr'>περί</span> <span class='ocrx_word' id='word_1_120' title='bbox 1625 1500 1682 1535; x_wconf 89' lang='grc' dir='ltr'><strong>τε</strong></span> <span class='ocrx_word' id='word_1_121' title='bbox 1713 1484 1801 1535; x_wconf 80' lang='grc' dir='ltr'><strong>τὸν</strong></span> 
     </span>
    </p>
   </div>
   <div class='ocr_carea' id='block_1_17' title="bbox 231 1566 1801 1642">
    <p class='ocr_par' dir='ltr' id='par_1_17' title="bbox 231 1566 1801 1642">
     <span class='ocr_line' id='line_1_17' title="bbox 231 1566 1801 1642; baseline 0.006 -27"><span class='ocrx_word' id='word_1_122' title='bbox 231 1566 314 1616; x_wconf 82' lang='grc' dir='ltr'><strong>ἐκ</strong></span> <span class='ocrx_word' id='word_1_123' title='bbox 348 1566 670 1635; x_wconf 79' lang='grc' dir='ltr'>σπέρματος</span> <span class='ocrx_word' id='word_1_124' title='bbox 695 1567 783 1618; x_wconf 84' lang='grc' dir='ltr'><strong>τοῦ</strong></span> <span class='ocrx_word' id='word_1_125' title='bbox 813 1568 970 1620; x_wconf 77' lang='grc' dir='ltr'><strong>Δαυῖδ</strong></span> <span class='ocrx_word' id='word_1_126' title='bbox 996 1571 1457 1640; x_wconf 72' lang='grc' dir='ltr'>προελευσόμενονι</span> <span class='ocrx_word' id='word_1_127' title='bbox 1491 1574 1550 1623; x_wconf 80' lang='grc' dir='ltr'><strong>ΕΞ</strong></span> <span class='ocrx_word' id='word_1_128' title='bbox 1578 1573 1682 1642; x_wconf 83' lang='grc' dir='ltr'>γὰρ</span> <span class='ocrx_word' id='word_1_129' title='bbox 1709 1575 1801 1626; x_wconf 78' lang='grc' dir='ltr'>καὶ</span> 
     </span>
    </p>
   </div>
   <div class='ocr_carea' id='block_1_18' title="bbox 233 1656 1800 1732">
    <p class='ocr_par' dir='ltr' id='par_1_18' title="bbox 233 1656 1800 1732">
     <span class='ocr_line' id='line_1_18' title="bbox 233 1656 1800 1732; baseline 0.004 -25"><span class='ocrx_word' id='word_1_130' title='bbox 233 1656 318 1708; x_wconf 71' lang='grc' dir='ltr'>τὰ</span> <span class='ocrx_word' id='word_1_131' title='bbox 369 1657 613 1726; x_wconf 79' lang='grc' dir='ltr'>μάλιστα</span> <span class='ocrx_word' id='word_1_132' title='bbox 665 1659 884 1712; x_wconf 86' lang='grc' dir='ltr'>πλεῖστα</span> <span class='ocrx_word' id='word_1_133' title='bbox 925 1660 1024 1713; x_wconf 81' lang='grc' dir='ltr'>ὅσα</span> <span class='ocrx_word' id='word_1_134' title='bbox 1063 1661 1148 1713; x_wconf 71' lang='grc' dir='ltr'><strong>διὰ</strong></span> <span class='ocrx_word' id='word_1_135' title='bbox 1189 1661 1295 1714; x_wconf 86' lang='grc' dir='ltr'>τῶν</span> <span class='ocrx_word' id='word_1_136' title='bbox 1335 1663 1579 1732; x_wconf 81' lang='grc' dir='ltr'><strong>ἀνωτέρω</strong></span> <span class='ocrx_word' id='word_1_137' title='bbox 1625 1661 1800 1725; x_wconf 76' lang='grc' dir='ltr'>ἔνδοξα</span> 
     </span>
    </p>
   </div>
   <div class='ocr_carea' id='block_1_19' title="bbox 233 1747 1798 1819">
    <p class='ocr_par' dir='ltr' id='par_1_19' title="bbox 233 1747 1798 1819">
     <span class='ocr_line' id='line_1_19' title="bbox 233 1747 1798 1819; baseline 0.004 -24"><span class='ocrx_word' id='word_1_138' title='bbox 233 1747 383 1814; x_wconf 78' lang='grc' dir='ltr'>περὶ</span> <span class='ocrx_word' id='word_1_139' title='bbox 427 1747 594 1797; x_wconf 80' lang='grc' dir='ltr'>αὑτοῦ</span> <span class='ocrx_word' id='word_1_140' title='bbox 621 1747 863 1810; x_wconf 84' lang='grc' dir='ltr'>λέλεκτο,</span> <span class='ocrx_word' id='word_1_141' title='bbox 913 1751 989 1801; x_wconf 79' lang='grc' dir='ltr'>ὅτι</span> <span class='ocrx_word' id='word_1_142' title='bbox 1015 1766 1070 1801; x_wconf 90' lang='grc' dir='ltr'><strong>τε</strong></span> <span class='ocrx_word' id='word_1_143' title='bbox 1100 1750 1432 1819; x_wconf 74' lang='grc' dir='ltr'>ὑψωθήσεται</span> <span class='ocrx_word' id='word_1_144' title='bbox 1455 1790 1470 1813; x_wconf 96' lang='grc'><strong>,</strong></span> <span class='ocrx_word' id='word_1_145' title='bbox 1501 1752 1589 1803; x_wconf 75' lang='grc' dir='ltr'><strong>καὶ</strong></span> <span class='ocrx_word' id='word_1_146' title='bbox 1614 1753 1671 1803; x_wconf 87' lang='grc' dir='ltr'><strong>ἐν</strong></span> <span class='ocrx_word' id='word_1_147' title='bbox 1703 1751 1798 1802; x_wconf 89' lang='grc' dir='ltr'>θα-</span> 
     </span>
    </p>
   </div>
   <div class='ocr_carea' id='block_1_20' title="bbox 1904 601 3429 670">
    <p class='ocr_par' dir='ltr' id='par_1_20' title="bbox 1904 601 3429 670">
     <span class='ocr_line' id='line_1_20' title="bbox 1904 601 3429 670; baseline 0.005 -18"><span class='ocrx_word' id='word_1_148' title='bbox 1904 601 2196 668; x_wconf 74' lang='lat' dir='ltr'><strong>despexisti,</strong></span> <span class='ocrx_word' id='word_1_149' title='bbox 2231 601 2442 655; x_wconf 76' lang='lat' dir='ltr'><strong>Domine</strong></span> <span class='ocrx_word' id='word_1_150' title='bbox 2466 641 2482 666; x_wconf 88' lang='lat'><strong>,</strong></span> <span class='ocrx_word' id='word_1_151' title='bbox 2513 603 2743 670; x_wconf 76' lang='lat' dir='ltr'><strong>abjeristt&#39;</strong></span> <span class='ocrx_word' id='word_1_152' title='bbox 2786 602 3051 656; x_wconf 79' lang='lat' dir='ltr'><strong>Christum</strong></span> <span class='ocrx_word' id='word_1_153' title='bbox 3085 613 3229 657; x_wconf 84' lang='lat' dir='ltr'><strong>tuum</strong></span> <span class='ocrx_word' id='word_1_154' title='bbox 3250 623 3268 659; x_wconf 83' lang='lat'><strong>.°</strong></span> <span class='ocrx_word' id='word_1_155' title='bbox 3296 625 3429 660; x_wconf 82' lang='lat' dir='ltr'><strong>ever-</strong></span> 
     </span>
    </p>
   </div>
   <div class='ocr_carea' id='block_1_21' title="bbox 1905 689 3425 758">
    <p class='ocr_par' dir='ltr' id='par_1_21' title="bbox 1905 689 3425 758">
     <span class='ocr_line' id='line_1_21' title="bbox 1905 689 3425 758; baseline 0.005 -20"><span class='ocrx_word' id='word_1_156' title='bbox 1905 689 2011 740; x_wconf 75' lang='grc' dir='ltr'><strong>εἰειί</strong></span> <span class='ocrx_word' id='word_1_157' title='bbox 2034 698 2388 742; x_wconf 70' lang='lat' dir='ltr'><strong>testamentum</strong></span> <span class='ocrx_word' id='word_1_158' title='bbox 2418 689 2548 740; x_wconf 80' lang='lat' dir='ltr'><strong>servi</strong></span> <span class='ocrx_word' id='word_1_159' title='bbox 2573 691 2680 751; x_wconf 77' lang='lat' dir='ltr'><strong>tui,</strong></span> <span class='ocrx_word' id='word_1_160' title='bbox 2726 697 2778 742; x_wconf 91' lang='lat' dir='ltr'><strong>et</strong></span> <span class='ocrx_word' id='word_1_161' title='bbox 2816 697 3012 741; x_wconf 62' lang='lat' dir='ltr'><strong>caatcra</strong></span> <span class='ocrx_word' id='word_1_162' title='bbox 3045 709 3056 742; x_wconf 91' lang='lat'><em>:</em></span> <span class='ocrx_word' id='word_1_163' title='bbox 3088 692 3240 758; x_wconf 85' lang='lat' dir='ltr'><strong>queis</strong></span> <span class='ocrx_word' id='word_1_164' title='bbox 3285 696 3425 745; x_wconf 84' lang='lat' dir='ltr'><strong>clare</strong></span> 
     </span>
    </p>
   </div>
   <div class='ocr_carea' id='block_1_22' title="bbox 1901 774 3420 844">
    <p class='ocr_par' dir='ltr' id='par_1_22' title="bbox 1901 774 3420 844">
     <span class='ocr_line' id='line_1_22' title="bbox 1901 774 3420 844; baseline 0 -16"><span class='ocrx_word' id='word_1_165' title='bbox 1901 774 2170 829; x_wconf 84' lang='lat' dir='ltr'><strong>Christum</strong></span> <span class='ocrx_word' id='word_1_166' title='bbox 2201 790 2520 836; x_wconf 88' lang='lat' dir='ltr'><strong>ntemorans,</strong></span> <span class='ocrx_word' id='word_1_167' title='bbox 2563 776 2780 835; x_wconf 81' lang='lat' dir='ltr'><strong>iudicat,</strong></span> <span class='ocrx_word' id='word_1_168' title='bbox 2814 775 2945 828; x_wconf 83' lang='lat' dir='ltr'><strong>nihil</strong></span> <span class='ocrx_word' id='word_1_169' title='bbox 2978 790 3160 827; x_wconf 88' lang='lat' dir='ltr'><strong>eorum</strong></span> <span class='ocrx_word' id='word_1_170' title='bbox 3191 793 3307 844; x_wconf 76' lang='lat' dir='ltr'><strong>qua:</strong></span> <span class='ocrx_word' id='word_1_171' title='bbox 3355 777 3420 828; x_wconf 90' lang='lat' dir='ltr'><strong>ad</strong></span> 
     </span>
    </p>
   </div>
   <div class='ocr_carea' id='block_1_23' title="bbox 1903 863 3416 932">
    <p class='ocr_par' dir='ltr' id='par_1_23' title="bbox 1903 863 3416 932">
     <span class='ocr_line' id='line_1_23' title="bbox 1903 863 3416 932; baseline 0 -16"><span class='ocrx_word' id='word_1_172' title='bbox 1903 863 2290 918; x_wconf 85' lang='lat' dir='ltr'><strong>successionem</strong></span> <span class='ocrx_word' id='word_1_173' title='bbox 2319 863 2552 926; x_wconf 88' lang='lat' dir='ltr'><strong>Davidis,</strong></span> <span class='ocrx_word' id='word_1_174' title='bbox 2582 872 2635 918; x_wconf 92' lang='lat' dir='ltr'><strong>et</strong></span> <span class='ocrx_word' id='word_1_175' title='bbox 2663 878 2977 932; x_wconf 89' lang='lat' dir='ltr'><strong>corporeum</strong></span> <span class='ocrx_word' id='word_1_176' title='bbox 3014 863 3130 930; x_wconf 85' lang='lat' dir='ltr'><strong>ejus</strong></span> <span class='ocrx_word' id='word_1_177' title='bbox 3177 880 3416 932; x_wconf 86' lang='lat' dir='ltr'><strong>regnum,</strong></span> 
     </span>
    </p>
   </div>
   <div class='ocr_carea' id='block_1_24' title="bbox 1901 949 3419 1018">
    <p class='ocr_par' dir='ltr' id='par_1_24' title="bbox 1901 949 3419 1018">
     <span class='ocr_line' id='line_1_24' title="bbox 1901 949 3419 1018; baseline 0.001 -16"><span class='ocrx_word' id='word_1_178' title='bbox 1901 964 2102 1002; x_wconf 81' lang='lat' dir='ltr'><strong>necnon</strong></span> <span class='ocrx_word' id='word_1_179' title='bbox 2130 965 2313 1004; x_wconf 90' lang='lat' dir='ltr'><strong>eorum</strong></span> <span class='ocrx_word' id='word_1_180' title='bbox 2341 965 2457 1017; x_wconf 77' lang='lat' dir='ltr'><strong>qua:</strong></span> <span class='ocrx_word' id='word_1_181' title='bbox 2505 951 2557 1002; x_wconf 90' lang='lat' dir='ltr'><strong>in</strong></span> <span class='ocrx_word' id='word_1_182' title='bbox 2607 953 2852 1018; x_wconf 90' lang='lat' dir='ltr'><strong>passione</strong></span> <span class='ocrx_word' id='word_1_183' title='bbox 2896 949 3111 1004; x_wconf 82' lang='lat' dir='ltr'><strong>Christo</strong></span> <span class='ocrx_word' id='word_1_184' title='bbox 3139 949 3229 1004; x_wconf 89' lang='lat' dir='ltr'><strong>Dei</strong></span> <span class='ocrx_word' id='word_1_185' title='bbox 3277 953 3419 1004; x_wconf 86' lang='lat' dir='ltr'><strong>acci-</strong></span> 
     </span>
    </p>
   </div>
   <div class='ocr_carea' id='block_1_25' title="bbox 1899 1039 3416 1108">
    <p class='ocr_par' dir='ltr' id='par_1_25' title="bbox 1899 1039 3416 1108">
     <span class='ocr_line' id='line_1_25' title="bbox 1899 1039 3416 1108; baseline 0.002 -17"><span class='ocrx_word' id='word_1_186' title='bbox 1899 1039 2110 1101; x_wconf 88' lang='lat' dir='ltr'><strong>derunt,</strong></span> <span class='ocrx_word' id='word_1_187' title='bbox 2137 1040 2297 1094; x_wconf 80' lang='lat' dir='ltr'><strong>latere.</strong></span> <span class='ocrx_word' id='word_1_188' title='bbox 2315 1039 2437 1093; x_wconf 88' lang='lat' dir='ltr'><strong>sibi.</strong></span> <span class='ocrx_word' id='word_1_189' title='bbox 2471 1039 2590 1093; x_wconf 62' lang='lat' dir='ltr'><strong>llaec</strong></span> <span class='ocrx_word' id='word_1_190' title='bbox 2611 1040 2771 1108; x_wconf 81' lang='lat' dir='ltr'><strong>igitur</strong></span> <span class='ocrx_word' id='word_1_191' title='bbox 2792 1041 2973 1092; x_wconf 86' lang='lat' dir='ltr'><strong>docuit</strong></span> <span class='ocrx_word' id='word_1_192' title='bbox 2995 1040 3058 1094; x_wconf 89' lang='lat' dir='ltr'><strong>de</strong></span> <span class='ocrx_word' id='word_1_193' title='bbox 3079 1041 3416 1094; x_wconf 89' lang='lat' dir='ltr'><strong>successione</strong></span> 
     </span>
    </p>
   </div>
   <div class='ocr_carea' id='block_1_26' title="bbox 1898 1127 3417 1196">
    <p class='ocr_par' dir='ltr' id='par_1_26' title="bbox 1898 1127 3417 1196">
     <span class='ocr_line' id='line_1_26' title="bbox 1898 1127 3417 1196; baseline -0.001 -17"><span class='ocrx_word' id='word_1_194' title='bbox 1898 1127 2014 1194; x_wconf 91' lang='lat' dir='ltr'><strong>ejus</strong></span> <span class='ocrx_word' id='word_1_195' title='bbox 2043 1135 2094 1180; x_wconf 91' lang='lat' dir='ltr'><strong>et</strong></span> <span class='ocrx_word' id='word_1_196' title='bbox 2115 1143 2294 1196; x_wconf 87' lang='lat' dir='ltr'><strong>regno,</strong></span> <span class='ocrx_word' id='word_1_197' title='bbox 2325 1142 2386 1179; x_wconf 90' lang='lat' dir='ltr'><strong>ac</strong></span> <span class='ocrx_word' id='word_1_198' title='bbox 2407 1129 2472 1180; x_wconf 91' lang='lat' dir='ltr'><strong>de</strong></span> <span class='ocrx_word' id='word_1_199' title='bbox 2497 1142 2561 1182; x_wconf 91' lang='lat' dir='ltr'><strong>eo</strong></span> <span class='ocrx_word' id='word_1_200' title='bbox 2587 1129 2676 1196; x_wconf 89' lang='lat' dir='ltr'><strong>qui</strong></span> <span class='ocrx_word' id='word_1_201' title='bbox 2704 1144 2766 1181; x_wconf 81' lang='lat' dir='ltr'><strong>ex</strong></span> <span class='ocrx_word' id='word_1_202' title='bbox 2795 1129 2996 1181; x_wconf 84' lang='lat' dir='ltr'><strong>semine</strong></span> <span class='ocrx_word' id='word_1_203' title='bbox 3039 1127 3200 1180; x_wconf 81' lang='lat' dir='ltr'><strong>David</strong></span> <span class='ocrx_word' id='word_1_204' title='bbox 3243 1128 3417 1196; x_wconf 87' lang='lat' dir='ltr'><strong>prodi-</strong></span> 
     </span>
    </p>
   </div>
   <div class='ocr_carea' id='block_1_27' title="bbox 1898 1217 3413 1286">
    <p class='ocr_par' dir='ltr' id='par_1_27' title="bbox 1898 1217 3413 1286">
     <span class='ocr_line' id='line_1_27' title="bbox 1898 1217 3413 1286; baseline 0 -18"><span class='ocrx_word' id='word_1_205' title='bbox 1898 1224 2049 1269; x_wconf 88' lang='lat' dir='ltr'><strong>turus</strong></span> <span class='ocrx_word' id='word_1_206' title='bbox 2077 1225 2190 1270; x_wconf 88' lang='lat' dir='ltr'><strong>erat</strong></span> <span class='ocrx_word' id='word_1_207' title='bbox 2219 1217 2571 1285; x_wconf 79' lang='lat' dir='ltr'><strong>exspectanda</strong></span> <span class='ocrx_word' id='word_1_208' title='bbox 2620 1233 2757 1271; x_wconf 88' lang='lat' dir='ltr'><strong>esse.</strong></span> <span class='ocrx_word' id='word_1_209' title='bbox 2808 1217 2954 1269; x_wconf 82' lang='lat' dir='ltr'><strong>Licet</strong></span> <span class='ocrx_word' id='word_1_210' title='bbox 2981 1218 3120 1270; x_wconf 82' lang='lat' dir='ltr'><strong>enim</strong></span> <span class='ocrx_word' id='word_1_211' title='bbox 3169 1217 3413 1286; x_wconf 82' lang='lat' dir='ltr'><strong>superius</strong></span> 
     </span>
    </p>
   </div>
   <div class='ocr_carea' id='block_1_28' title="bbox 1897 1305 3408 1380">
    <p class='ocr_par' dir='ltr' id='par_1_28' title="bbox 1897 1305 3408 1380">
     <span class='ocr_line' id='line_1_28' title="bbox 1897 1305 3408 1380; baseline 0 -24"><span class='ocrx_word' id='word_1_212' title='bbox 1897 1307 2282 1380; x_wconf 78' lang='lat' dir='ltr'><strong>quamplurima</strong></span> <span class='ocrx_word' id='word_1_213' title='bbox 2336 1305 2401 1359; x_wconf 90' lang='lat' dir='ltr'><strong>de</strong></span> <span class='ocrx_word' id='word_1_214' title='bbox 2437 1307 2528 1359; x_wconf 91' lang='lat' dir='ltr'><strong>illo</strong></span> <span class='ocrx_word' id='word_1_215' title='bbox 2567 1307 2798 1375; x_wconf 85' lang='lat' dir='ltr'><strong>gloriosa</strong></span> <span class='ocrx_word' id='word_1_216' title='bbox 2851 1307 2991 1360; x_wconf 88' lang='lat' dir='ltr'><strong>dicta</strong></span> <span class='ocrx_word' id='word_1_217' title='bbox 3026 1307 3241 1367; x_wconf 81' lang='lat' dir='ltr'><strong>fuerint,</strong></span> <span class='ocrx_word' id='word_1_218' title='bbox 3269 1305 3408 1374; x_wconf 88' lang='lat' dir='ltr'><strong>qttod</strong></span> 
     </span>
    </p>
   </div>
   <div class='ocr_carea' id='block_1_29' title="bbox 1897 1393 3414 1464">
    <p class='ocr_par' dir='ltr' id='par_1_29' title="bbox 1897 1393 3414 1464">
     <span class='ocr_line' id='line_1_29' title="bbox 1897 1393 3414 1464; baseline -0.004 -16"><span class='ocrx_word' id='word_1_219' title='bbox 1897 1395 2100 1448; x_wconf 86' lang='lat' dir='ltr'><strong>scilicet</strong></span> <span class='ocrx_word' id='word_1_220' title='bbox 2118 1393 2426 1448; x_wconf 81' lang='lat' dir='ltr'><strong>exaltandus</strong></span> <span class='ocrx_word' id='word_1_221' title='bbox 2443 1396 2533 1457; x_wconf 89' lang='lat' dir='ltr'><strong>sit,</strong></span> <span class='ocrx_word' id='word_1_222' title='bbox 2547 1395 2686 1464; x_wconf 90' lang='lat' dir='ltr'><strong>quod</strong></span> <span class='ocrx_word' id='word_1_223' title='bbox 2702 1397 2752 1448; x_wconf 93' lang='lat' dir='ltr'><strong>in</strong></span> <span class='ocrx_word' id='word_1_224' title='bbox 2769 1409 2912 1447; x_wconf 89' lang='lat' dir='ltr'><strong>mare</strong></span> <span class='ocrx_word' id='word_1_225' title='bbox 2927 1402 2978 1448; x_wconf 89' lang='lat' dir='ltr'><strong>et</strong></span> <span class='ocrx_word' id='word_1_226' title='bbox 2998 1395 3049 1448; x_wconf 91' lang='lat' dir='ltr'><strong>in</strong></span> <span class='ocrx_word' id='word_1_227' title='bbox 3064 1395 3276 1446; x_wconf 79' lang='lat' dir='ltr'><strong>llutnina</strong></span> <span class='ocrx_word' id='word_1_228' title='bbox 3301 1409 3414 1446; x_wconf 82' lang='lat' dir='ltr'><strong>ma-</strong></span> 
     </span>
    </p>
   </div>
   <div class='ocr_carea' id='block_1_30' title="bbox 1897 1484 3411 1553">
    <p class='ocr_par' dir='ltr' id='par_1_30' title="bbox 1897 1484 3411 1553">
     <span class='ocr_line' id='line_1_30' title="bbox 1897 1484 3411 1553; baseline -0.001 -15"><span class='ocrx_word' id='word_1_229' title='bbox 1897 1501 2020 1538; x_wconf 90' lang='lat' dir='ltr'><strong>num</strong></span> <span class='ocrx_word' id='word_1_230' title='bbox 2047 1493 2363 1538; x_wconf 82' lang='lat' dir='ltr'><strong>extensurus</strong></span> <span class='ocrx_word' id='word_1_231' title='bbox 2411 1485 2511 1546; x_wconf 88' lang='lat' dir='ltr'><strong>sit,</strong></span> <span class='ocrx_word' id='word_1_232' title='bbox 2563 1485 2703 1553; x_wconf 91' lang='lat' dir='ltr'><strong>quod</strong></span> <span class='ocrx_word' id='word_1_233' title='bbox 2753 1484 2914 1538; x_wconf 89' lang='lat' dir='ltr'><strong>Deum</strong></span> <span class='ocrx_word' id='word_1_234' title='bbox 2967 1485 3307 1536; x_wconf 86' lang='lat' dir='ltr'><strong>invocaturus</strong></span> <span class='ocrx_word' id='word_1_235' title='bbox 3345 1485 3411 1536; x_wconf 88' lang='lat' dir='ltr'><strong>sit</strong></span> 
     </span>
    </p>
   </div>
   <div class='ocr_carea' id='block_1_31' title="bbox 1905 1572 3407 1641">
    <p class='ocr_par' dir='ltr' id='par_1_31' title="bbox 1905 1572 3407 1641">
     <span class='ocr_line' id='line_1_31' title="bbox 1905 1572 3407 1641; baseline -0.001 -17"><span class='ocrx_word' id='word_1_236' title='bbox 1905 1573 2130 1634; x_wconf 83' lang='lat' dir='ltr'><strong>Patrem,</strong></span> <span class='ocrx_word' id='word_1_237' title='bbox 2159 1581 2210 1624; x_wconf 88' lang='lat' dir='ltr'><strong>et</strong></span> <span class='ocrx_word' id='word_1_238' title='bbox 2242 1574 2308 1626; x_wconf 88' lang='lat' dir='ltr'><strong>ab</strong></span> <span class='ocrx_word' id='word_1_239' title='bbox 2332 1574 2421 1626; x_wconf 90' lang='lat' dir='ltr'><strong>illo</strong></span> <span class='ocrx_word' id='word_1_240' title='bbox 2455 1589 2666 1626; x_wconf 85' lang='lat' dir='ltr'><strong>rursum</strong></span> <span class='ocrx_word' id='word_1_241' title='bbox 2714 1572 3099 1641; x_wconf 81' lang='lat' dir='ltr'><strong>Primogenitus</strong></span> <span class='ocrx_word' id='word_1_242' title='bbox 3129 1572 3407 1625; x_wconf 75' lang='lat' dir='ltr'><strong>declaran-</strong></span> 
     </span>
    </p>
   </div>
   <div class='ocr_carea' id='block_1_32' title="bbox 1896 1661 3405 1730">
    <p class='ocr_par' dir='ltr' id='par_1_32' title="bbox 1896 1661 3405 1730">
     <span class='ocr_line' id='line_1_32' title="bbox 1896 1661 3405 1730; baseline -0.001 -15"><span class='ocrx_word' id='word_1_243' title='bbox 1896 1662 1997 1715; x_wconf 89' lang='lat' dir='ltr'><strong>dos</strong></span> <span class='ocrx_word' id='word_1_244' title='bbox 2027 1663 2116 1720; x_wconf 87' lang='lat' dir='ltr'><strong>sit.</strong></span> <span class='ocrx_word' id='word_1_245' title='bbox 2146 1663 2479 1730; x_wconf 71' lang='lat' dir='ltr'><strong>praestantior</strong></span> <span class='ocrx_word' id='word_1_246' title='bbox 2529 1661 2740 1714; x_wconf 83' lang='lat' dir='ltr'><strong>futurus</strong></span> <span class='ocrx_word' id='word_1_247' title='bbox 2772 1662 2842 1716; x_wconf 88' lang='lat' dir='ltr'><strong>sit</strong></span> <span class='ocrx_word' id='word_1_248' title='bbox 2880 1661 3126 1714; x_wconf 89' lang='lat' dir='ltr'><strong>omnibus</strong></span> <span class='ocrx_word' id='word_1_249' title='bbox 3155 1661 3368 1728; x_wconf 81' lang='lat' dir='ltr'><strong>regibus</strong></span> <span class='ocrx_word' id='word_1_250' title='bbox 3390 1699 3405 1723; x_wconf 89' lang='lat'><strong>,</strong></span> 
     </span>
    </p>
   </div>
   <div class='ocr_carea' id='block_1_33' title="bbox 1896 1750 3408 1813">
    <p class='ocr_par' dir='ltr' id='par_1_33' title="bbox 1896 1750 3408 1813">
     <span class='ocr_line' id='line_1_33' title="bbox 1896 1750 3408 1813; baseline -0.001 -9"><span class='ocrx_word' id='word_1_251' title='bbox 1896 1759 2265 1804; x_wconf 85' lang='lat' dir='ltr'><strong>testamentum</strong></span> <span class='ocrx_word' id='word_1_252' title='bbox 2296 1751 2444 1804; x_wconf 87' lang='lat' dir='ltr'><strong>lidele</strong></span> <span class='ocrx_word' id='word_1_253' title='bbox 2473 1751 2753 1805; x_wconf 86' lang='lat' dir='ltr'><strong>habiturus</strong></span> <span class='ocrx_word' id='word_1_254' title='bbox 2780 1752 2880 1813; x_wconf 89' lang='lat' dir='ltr'><strong>sit,</strong></span> <span class='ocrx_word' id='word_1_255' title='bbox 2926 1758 2978 1805; x_wconf 93' lang='lat' dir='ltr'><strong>ct</strong></span> <span class='ocrx_word' id='word_1_256' title='bbox 3010 1765 3186 1804; x_wconf 88' lang='lat' dir='ltr'><strong>semen</strong></span> <span class='ocrx_word' id='word_1_257' title='bbox 3227 1750 3278 1802; x_wconf 91' lang='lat' dir='ltr'><strong>in</strong></span> <span class='ocrx_word' id='word_1_258' title='bbox 3311 1765 3408 1802; x_wconf 64' lang='lat' dir='ltr'><strong>sae-</strong></span> 
     </span>
    </p>
   </div>
   <div class='ocr_carea' id='block_1_34' title="bbox 235 1832 1787 1909">
    <p class='ocr_par' dir='ltr' id='par_1_34' title="bbox 235 1832 1787 1908">
     <span class='ocr_line' id='line_1_34' title="bbox 235 1832 1787 1908; baseline 0.005 -24"><span class='ocrx_word' id='word_1_259' title='bbox 235 1832 433 1906; x_wconf 82' lang='grc' dir='ltr'>λάσσῃ</span> <span class='ocrx_word' id='word_1_260' title='bbox 485 1834 580 1888; x_wconf 72' lang='grc' dir='ltr'>καὶ</span> <span class='ocrx_word' id='word_1_261' title='bbox 628 1839 685 1888; x_wconf 87' lang='grc' dir='ltr'><strong>ἐν</strong></span> <span class='ocrx_word' id='word_1_262' title='bbox 732 1841 982 1907; x_wconf 85' lang='grc' dir='ltr'>ποταμοῖς</span> <span class='ocrx_word' id='word_1_263' title='bbox 1025 1840 1120 1908; x_wconf 80' lang='grc' dir='ltr'>τὴν</span> <span class='ocrx_word' id='word_1_264' title='bbox 1173 1842 1324 1908; x_wconf 85' lang='grc' dir='ltr'>χεῖρα</span> <span class='ocrx_word' id='word_1_265' title='bbox 1371 1840 1531 1892; x_wconf 83' lang='grc' dir='ltr'>αὑτοῦ</span> <span class='ocrx_word' id='word_1_266' title='bbox 1573 1841 1787 1898; x_wconf 84' lang='grc' dir='ltr'>ἐκτενεῖ.</span> 
     </span>
    </p>
   </div>
   <div class='ocr_carea' id='block_1_35' title="bbox 1885 1832 3406 1909">
    <p class='ocr_par' dir='ltr' id='par_1_35' title="bbox 1890 1839 3406 1909">
     <span class='ocr_line' id='line_1_35' title="bbox 1890 1839 3406 1909; baseline -0.001 -16"><span class='ocrx_word' id='word_1_267' title='bbox 1890 1841 2068 1893; x_wconf 92' lang='lat' dir='ltr'><strong>culum</strong></span> <span class='ocrx_word' id='word_1_268' title='bbox 2091 1841 2266 1894; x_wconf 65' lang='lat' dir='ltr'><strong>saeculi</strong></span> <span class='ocrx_word' id='word_1_269' title='bbox 2299 1856 2634 1909; x_wconf 84' lang='lat' dir='ltr'><strong>permanens,</strong></span> <span class='ocrx_word' id='word_1_270' title='bbox 2668 1842 2917 1894; x_wconf 83' lang='lat' dir='ltr'><strong>thronum</strong></span> <span class='ocrx_word' id='word_1_271' title='bbox 2962 1841 3083 1894; x_wconf 86' lang='lat' dir='ltr'><strong>item</strong></span> <span class='ocrx_word' id='word_1_272' title='bbox 3129 1839 3406 1893; x_wconf 87' lang='lat' dir='ltr'><strong>durantem</strong></span> 
     </span>
    </p>
   </div>
   <div class='ocr_carea' id='block_1_36' title="bbox 229 1923 1794 1998">
    <p class='ocr_par' dir='ltr' id='par_1_36' title="bbox 229 1923 1794 1998">
     <span class='ocr_line' id='line_1_36' title="bbox 229 1923 1794 1998; baseline 0.004 -26"><span class='ocrx_word' id='word_1_273' title='bbox 229 1923 642 1976; x_wconf 81' lang='grc' dir='ltr'>ἑπικαλέσεταί</span> <span class='ocrx_word' id='word_1_274' title='bbox 673 1941 730 1976; x_wconf 83' lang='grc' dir='ltr'><strong>τε</strong></span> <span class='ocrx_word' id='word_1_275' title='bbox 760 1926 848 1977; x_wconf 82' lang='grc' dir='ltr'><strong>τὸν</strong></span> <span class='ocrx_word' id='word_1_276' title='bbox 879 1927 1006 1978; x_wconf 80' lang='grc' dir='ltr'>Θεὸν</span> <span class='ocrx_word' id='word_1_277' title='bbox 1055 1928 1292 1997; x_wconf 81' lang='grc' dir='ltr'>Πατέρα,</span> <span class='ocrx_word' id='word_1_278' title='bbox 1341 1926 1432 1979; x_wconf 69' lang='grc' dir='ltr'>καὶ</span> <span class='ocrx_word' id='word_1_279' title='bbox 1477 1929 1607 1998; x_wconf 80' lang='grc' dir='ltr'>πρὸς</span> <span class='ocrx_word' id='word_1_280' title='bbox 1635 1928 1794 1980; x_wconf 81' lang='grc' dir='ltr'>αὐτοῦ</span> 
     </span>
    </p>
   </div>
   <div class='ocr_carea' id='block_1_37' title="bbox 235 2013 1796 2086">
    <p class='ocr_par' dir='ltr' id='par_1_37' title="bbox 235 2013 1796 2086">
     <span class='ocr_line' id='line_1_37' title="bbox 235 2013 1796 2086; baseline 0.004 -23"><span class='ocrx_word' id='word_1_281' title='bbox 235 2013 414 2065; x_wconf 77' lang='grc' dir='ltr'>πάλιν</span> <span class='ocrx_word' id='word_1_282' title='bbox 456 2015 801 2082; x_wconf 80' lang='grc' dir='ltr'>Πρωτότοκος</span> <span class='ocrx_word' id='word_1_283' title='bbox 841 2017 1318 2086; x_wconf 83' lang='grc' dir='ltr'>ἀναγορευθήσεται</span> <span class='ocrx_word' id='word_1_284' title='bbox 1341 2053 1355 2078; x_wconf 90' lang='grc'><strong>,</strong></span> <span class='ocrx_word' id='word_1_285' title='bbox 1390 2018 1537 2069; x_wconf 80' lang='grc' dir='ltr'>ἔσται</span> <span class='ocrx_word' id='word_1_286' title='bbox 1575 2035 1632 2070; x_wconf 90' lang='grc' dir='ltr'><strong>τε</strong></span> <span class='ocrx_word' id='word_1_287' title='bbox 1662 2017 1796 2070; x_wconf 84' lang='grc' dir='ltr'><strong>ἀνώ-</strong></span> 
     </span>
    </p>
   </div>
   <div class='ocr_carea' id='block_1_38' title="bbox 232 2103 1790 2176">
    <p class='ocr_par' dir='ltr' id='par_1_38' title="bbox 232 2103 1790 2176">
     <span class='ocr_line' id='line_1_38' title="bbox 232 2103 1790 2176; baseline 0.004 -23"><span class='ocrx_word' id='word_1_288' title='bbox 232 2117 414 2165; x_wconf 84' lang='grc' dir='ltr'>τατος</span> <span class='ocrx_word' id='word_1_289' title='bbox 465 2103 576 2155; x_wconf 84' lang='grc' dir='ltr'>τῶν</span> <span class='ocrx_word' id='word_1_290' title='bbox 633 2104 919 2172; x_wconf 75' lang='grc' dir='ltr'>βασιλέοιν,</span> <span class='ocrx_word' id='word_1_291' title='bbox 972 2107 1064 2157; x_wconf 65' lang='grc' dir='ltr'>καὶ</span> <span class='ocrx_word' id='word_1_292' title='bbox 1112 2105 1370 2176; x_wconf 79' lang='grc' dir='ltr'><strong>διαθήκην</strong></span> <span class='ocrx_word' id='word_1_293' title='bbox 1407 2107 1514 2169; x_wconf 68' lang='grc' dir='ltr'>ἕξει</span> <span class='ocrx_word' id='word_1_294' title='bbox 1564 2107 1790 2176; x_wconf 75' lang='grc' dir='ltr'>πιστήνο</span> 
     </span>
    </p>
   </div>
   <div class='ocr_carea' id='block_1_39' title="bbox 233 2191 1795 2262">
    <p class='ocr_par' dir='ltr' id='par_1_39' title="bbox 233 2191 1795 2262">
     <span class='ocr_line' id='line_1_39' title="bbox 233 2191 1795 2262; baseline 0.003 -18"><span class='ocrx_word' id='word_1_295' title='bbox 233 2192 339 2244; x_wconf 66' lang='grc' dir='ltr'><strong>καὶ</strong></span> <span class='ocrx_word' id='word_1_296' title='bbox 371 2192 601 2262; x_wconf 76' lang='grc' dir='ltr'>σπέρμα</span> <span class='ocrx_word' id='word_1_297' title='bbox 630 2191 874 2262; x_wconf 72' lang='grc' dir='ltr'>διαμένον</span> <span class='ocrx_word' id='word_1_298' title='bbox 906 2195 982 2255; x_wconf 85' lang='grc' dir='ltr'><strong>είς</strong></span> <span class='ocrx_word' id='word_1_299' title='bbox 1007 2195 1094 2246; x_wconf 75' lang='grc' dir='ltr'><strong>τὸν</strong></span> <span class='ocrx_word' id='word_1_300' title='bbox 1127 2196 1290 2247; x_wconf 83' lang='grc' dir='ltr'>αίῶνα</span> <span class='ocrx_word' id='word_1_301' title='bbox 1317 2192 1407 2248; x_wconf 90' lang='grc' dir='ltr'><strong>τοῦ</strong></span> <span class='ocrx_word' id='word_1_302' title='bbox 1439 2196 1657 2260; x_wconf 77' lang='grc' dir='ltr'>αἰῶνος,</span> <span class='ocrx_word' id='word_1_303' title='bbox 1701 2196 1795 2248; x_wconf 77' lang='grc' dir='ltr'>καὶ</span> 
     </span>
    </p>
   </div>
   <div class='ocr_carea' id='block_1_40' title="bbox 229 2282 1789 2354">
    <p class='ocr_par' dir='ltr' id='par_1_40' title="bbox 229 2282 1789 2354">
     <span class='ocr_line' id='line_1_40' title="bbox 229 2282 1789 2354; baseline 0.002 -22"><span class='ocrx_word' id='word_1_304' title='bbox 229 2282 444 2353; x_wconf 84' lang='grc' dir='ltr'>θρόνον</span> <span class='ocrx_word' id='word_1_305' title='bbox 489 2282 805 2352; x_wconf 80' lang='grc' dir='ltr'>διαρκοῦντα</span> <span class='ocrx_word' id='word_1_306' title='bbox 852 2282 989 2334; x_wconf 75' lang='grc' dir='ltr'>κατὰ</span> <span class='ocrx_word' id='word_1_307' title='bbox 1026 2283 1122 2345; x_wconf 74' lang='grc' dir='ltr'>τὰς</span> <span class='ocrx_word' id='word_1_308' title='bbox 1163 2285 1368 2353; x_wconf 80' lang='grc' dir='ltr'>ἡμέρας</span> <span class='ocrx_word' id='word_1_309' title='bbox 1413 2284 1504 2336; x_wconf 88' lang='grc' dir='ltr'><strong>τοῦ</strong></span> <span class='ocrx_word' id='word_1_310' title='bbox 1546 2285 1789 2354; x_wconf 83' lang='grc' dir='ltr'>οὐρανοῦ,</span> 
     </span>
    </p>
   </div>
   <div class='ocr_carea' id='block_1_41' title="bbox 232 2369 1792 2440">
    <p class='ocr_par' dir='ltr' id='par_1_41' title="bbox 232 2369 1792 2440">
     <span class='ocr_line' id='line_1_41' title="bbox 232 2369 1792 2440; baseline -0.001 -17"><span class='ocrx_word' id='word_1_311' title='bbox 232 2373 339 2425; x_wconf 77' lang='grc' dir='ltr'>καὶ</span> <span class='ocrx_word' id='word_1_312' title='bbox 394 2371 540 2424; x_wconf 74' lang='grc' dir='ltr'>κατὰ</span> <span class='ocrx_word' id='word_1_313' title='bbox 588 2369 676 2422; x_wconf 81' lang='grc' dir='ltr'>τὸν</span> <span class='ocrx_word' id='word_1_314' title='bbox 723 2370 868 2440; x_wconf 74' lang='grc' dir='ltr'>ἣλιον</span> <span class='ocrx_word' id='word_1_315' title='bbox 912 2371 1003 2423; x_wconf 69' lang='grc' dir='ltr'>καὶ</span> <span class='ocrx_word' id='word_1_316' title='bbox 1042 2371 1136 2440; x_wconf 81' lang='grc' dir='ltr'>τὴν</span> <span class='ocrx_word' id='word_1_317' title='bbox 1179 2372 1398 2440; x_wconf 80' lang='grc' dir='ltr'>σελήνην</span> <span class='ocrx_word' id='word_1_318' title='bbox 1423 2387 1439 2402; x_wconf 88' lang='grc'><strong>·</strong></span> <span class='ocrx_word' id='word_1_319' title='bbox 1489 2371 1601 2424; x_wconf 83' lang='grc' dir='ltr'>ἀλλ’</span> <span class='ocrx_word' id='word_1_320' title='bbox 1650 2372 1792 2440; x_wconf 73' lang='grc' dir='ltr'>ὅμως</span> 
     </span>
    </p>
   </div>
   <div class='ocr_carea' id='block_1_42' title="bbox 230 2459 1789 2534">
    <p class='ocr_par' dir='ltr' id='par_1_42' title="bbox 230 2459 1789 2534">
     <span class='ocr_line' id='line_1_42' title="bbox 230 2459 1789 2534; baseline 0.001 -23"><span class='ocrx_word' id='word_1_321' title='bbox 230 2462 337 2512; x_wconf 73' lang='grc' dir='ltr'><strong>καὶ</strong></span> <span class='ocrx_word' id='word_1_322' title='bbox 364 2460 500 2514; x_wconf 85' lang='grc' dir='ltr'>τάδε</span> <span class='ocrx_word' id='word_1_323' title='bbox 525 2459 597 2512; x_wconf 83' lang='grc' dir='ltr'>τὰ</span> <span class='ocrx_word' id='word_1_324' title='bbox 630 2459 917 2529; x_wconf 80' lang='grc' dir='ltr'>σκυθρωπὰ</span> <span class='ocrx_word' id='word_1_325' title='bbox 946 2463 1069 2532; x_wconf 78' lang='grc' dir='ltr'>περὶ</span> <span class='ocrx_word' id='word_1_326' title='bbox 1091 2462 1246 2514; x_wconf 79' lang='grc' dir='ltr'>αὐτὸν</span> <span class='ocrx_word' id='word_1_327' title='bbox 1272 2461 1632 2532; x_wconf 70' lang='grc' dir='ltr'>συμϐήσεσθαι</span> <span class='ocrx_word' id='word_1_328' title='bbox 1655 2475 1789 2534; x_wconf 86' lang='grc' dir='ltr'>προ-</span> 
     </span>
    </p>
   </div>
   <div class='ocr_carea' id='block_1_43' title="bbox 229 2537 1791 2620">
    <p class='ocr_par' dir='ltr' id='par_1_43' title="bbox 229 2537 1791 2620">
     <span class='ocr_line' id='line_1_43' title="bbox 229 2537 1791 2620; baseline 0.001 -20"><span class='ocrx_word' id='word_1_329' title='bbox 229 2551 394 2618; x_wconf 76' lang='grc' dir='ltr'>λέγει</span> <span class='ocrx_word' id='word_1_330' title='bbox 422 2591 439 2614; x_wconf 97' lang='grc'><strong>,</strong></span> <span class='ocrx_word' id='word_1_331' title='bbox 497 2550 822 2620; x_wconf 74' lang='grc' dir='ltr'>προςρητεύει</span> <span class='ocrx_word' id='word_1_332' title='bbox 869 2569 925 2603; x_wconf 87' lang='grc' dir='ltr'><strong>τε</strong></span> <span class='ocrx_word' id='word_1_333' title='bbox 970 2551 1061 2606; x_wconf 68' lang='grc' dir='ltr'><strong>καὶ</strong></span> <span class='ocrx_word' id='word_1_334' title='bbox 1105 2550 1271 2604; x_wconf 89' lang='grc' dir='ltr'>ταῦτα</span> <span class='ocrx_word' id='word_1_335' title='bbox 1317 2551 1408 2604; x_wconf 75' lang='grc' dir='ltr'>καὶ</span> <span class='ocrx_word' id='word_1_336' title='bbox 1455 2537 1791 2620; x_wconf 72' lang='grc' dir='ltr'>προδιδάσκει</span> 
     </span>
    </p>
   </div>
   <div class='ocr_carea' id='block_1_44' title="bbox 231 2635 1791 2708">
    <p class='ocr_par' dir='ltr' id='par_1_44' title="bbox 231 2635 1791 2708">
     <span class='ocr_line' id='line_1_44' title="bbox 231 2635 1791 2708; baseline 0.001 -17"><span class='ocrx_word' id='word_1_337' title='bbox 231 2639 570 2707; x_wconf 84' lang='grc' dir='ltr'>ἀναγκαίως</span> <span class='ocrx_word' id='word_1_338' title='bbox 613 2635 672 2690; x_wconf 76' lang='grc' dir='ltr'>τὸ</span> <span class='ocrx_word' id='word_1_339' title='bbox 711 2639 848 2692; x_wconf 89' lang='grc' dir='ltr'>θεῖον</span> <span class='ocrx_word' id='word_1_340' title='bbox 876 2639 1088 2708; x_wconf 82' lang='grc' dir='ltr'>Πνεῦμα</span> <span class='ocrx_word' id='word_1_341' title='bbox 1109 2680 1123 2703; x_wconf 98' lang='grc'><strong>,</strong></span> <span class='ocrx_word' id='word_1_342' title='bbox 1151 2641 1216 2691; x_wconf 74' lang='grc' dir='ltr'><strong>ἶν’</strong></span> <span class='ocrx_word' id='word_1_343' title='bbox 1239 2639 1292 2691; x_wconf 86' lang='grc' dir='ltr'><strong>εί</strong></span> <span class='ocrx_word' id='word_1_344' title='bbox 1322 2655 1447 2692; x_wconf 88' lang='grc' dir='ltr'>ποτε</span> <span class='ocrx_word' id='word_1_345' title='bbox 1484 2643 1591 2701; x_wconf 83' lang='grc' dir='ltr'>τοῖς</span> <span class='ocrx_word' id='word_1_346' title='bbox 1618 2639 1791 2707; x_wconf 81' lang='grc' dir='ltr'>λόγοις</span> 
     </span>
    </p>
   </div>
   <div class='ocr_carea' id='block_1_45' title="bbox 225 2730 1790 2801">
    <p class='ocr_par' dir='ltr' id='par_1_45' title="bbox 225 2730 1790 2801">
     <span class='ocr_line' id='line_1_45' title="bbox 225 2730 1790 2801; baseline 0.001 -19"><span class='ocrx_word' id='word_1_347' title='bbox 225 2730 520 2783; x_wconf 81' lang='grc' dir='ltr'>ἀκόλουθα</span> <span class='ocrx_word' id='word_1_348' title='bbox 559 2731 880 2801; x_wconf 86' lang='grc' dir='ltr'>ἀπαντήσειε</span> <span class='ocrx_word' id='word_1_349' title='bbox 914 2731 979 2784; x_wconf 78' lang='grc' dir='ltr'><strong>τά</strong></span> <span class='ocrx_word' id='word_1_350' title='bbox 1023 2731 1155 2800; x_wconf 78' lang='grc' dir='ltr'>ἔργα</span> <span class='ocrx_word' id='word_1_351' title='bbox 1187 2733 1310 2801; x_wconf 87' lang='grc' dir='ltr'>περί</span> <span class='ocrx_word' id='word_1_352' title='bbox 1350 2749 1407 2784; x_wconf 88' lang='grc' dir='ltr'><strong>τε</strong></span> <span class='ocrx_word' id='word_1_353' title='bbox 1449 2731 1537 2783; x_wconf 71' lang='grc' dir='ltr'>τὸν</span> <span class='ocrx_word' id='word_1_354' title='bbox 1565 2732 1790 2800; x_wconf 81' lang='grc' dir='ltr'>Χριστὸν</span> 
     </span>
    </p>
   </div>
   <div class='ocr_carea' id='block_1_46' title="bbox 229 2820 1790 2891">
    <p class='ocr_par' dir='ltr' id='par_1_46' title="bbox 229 2820 1790 2891">
     <span class='ocr_line' id='line_1_46' title="bbox 229 2820 1790 2891; baseline 0 -19"><span class='ocrx_word' id='word_1_355' title='bbox 229 2820 332 2872; x_wconf 79' lang='grc' dir='ltr'><strong>τοῦ</strong></span> <span class='ocrx_word' id='word_1_356' title='bbox 354 2820 523 2882; x_wconf 86' lang='grc' dir='ltr'>Θεοῦ,</span> <span class='ocrx_word' id='word_1_357' title='bbox 551 2821 642 2872; x_wconf 77' lang='grc' dir='ltr'><strong>καὶ</strong></span> <span class='ocrx_word' id='word_1_358' title='bbox 666 2821 788 2889; x_wconf 74' lang='grc' dir='ltr'>περὶ</span> <span class='ocrx_word' id='word_1_359' title='bbox 808 2821 903 2888; x_wconf 76' lang='grc' dir='ltr'><strong>τὴν</strong></span> <span class='ocrx_word' id='word_1_360' title='bbox 927 2821 1016 2873; x_wconf 89' lang='grc' dir='ltr'><strong>τοῦ</strong></span> <span class='ocrx_word' id='word_1_361' title='bbox 1040 2821 1195 2872; x_wconf 83' lang='grc' dir='ltr'>Δαυῒδ</span> <span class='ocrx_word' id='word_1_362' title='bbox 1216 2821 1477 2890; x_wconf 76' lang='grc' dir='ltr'>διαδοχὴν,</span> <span class='ocrx_word' id='word_1_363' title='bbox 1504 2822 1577 2891; x_wconf 79' lang='grc' dir='ltr'>μὴ</span> <span class='ocrx_word' id='word_1_364' title='bbox 1603 2820 1790 2890; x_wconf 85' lang='grc' dir='ltr'>ταράτ-</span> 
     </span>
    </p>
   </div>
   <div class='ocr_carea' id='block_1_47' title="bbox 226 2909 1788 2982">
    <p class='ocr_par' dir='ltr' id='par_1_47' title="bbox 226 2909 1788 2982">
     <span class='ocr_line' id='line_1_47' title="bbox 226 2909 1788 2982; baseline 0 -20"><span class='ocrx_word' id='word_1_365' title='bbox 226 2927 422 2963; x_wconf 81' lang='grc' dir='ltr'>τοιντο</span> <span class='ocrx_word' id='word_1_366' title='bbox 444 2913 496 2962; x_wconf 82' lang='grc' dir='ltr'><strong>οῖ</strong></span> <span class='ocrx_word' id='word_1_367' title='bbox 533 2912 696 2963; x_wconf 89' lang='grc' dir='ltr'>πάλαι</span> <span class='ocrx_word' id='word_1_368' title='bbox 726 2909 892 2963; x_wconf 82' lang='grc' dir='ltr'>ταῦτα</span> <span class='ocrx_word' id='word_1_369' title='bbox 922 2911 1012 2963; x_wconf 60' lang='grc' dir='ltr'><strong>καὶ⁸</strong></span> <span class='ocrx_word' id='word_1_370' title='bbox 1045 2915 1106 2964; x_wconf 86' lang='grc' dir='ltr'><strong>ἐκ</strong></span> <span class='ocrx_word' id='word_1_371' title='bbox 1137 2911 1405 2982; x_wconf 86' lang='grc' dir='ltr'>προγόνων</span> <span class='ocrx_word' id='word_1_372' title='bbox 1439 2911 1644 2980; x_wconf 84' lang='grc' dir='ltr'>μέλλειν</span> <span class='ocrx_word' id='word_1_373' title='bbox 1672 2911 1788 2962; x_wconf 74' lang='grc' dir='ltr'>ἐσε-</span> 
     </span>
    </p>
   </div>
   <div class='ocr_carea' id='block_1_48' title="bbox 231 2999 1788 3073">
    <p class='ocr_par' dir='ltr' id='par_1_48' title="bbox 231 2999 1788 3073">
     <span class='ocr_line' id='line_1_48' title="bbox 231 2999 1788 3073; baseline -0.001 -19"><span class='ocrx_word' id='word_1_374' title='bbox 231 3003 365 3056; x_wconf 89' lang='grc' dir='ltr'>σθαι</span> <span class='ocrx_word' id='word_1_375' title='bbox 409 3003 803 3073; x_wconf 81' lang='grc' dir='ltr'>παρειληφότες</span> <span class='ocrx_word' id='word_1_376' title='bbox 821 3020 834 3034; x_wconf 76' lang='grc'><strong><em>⁸</em></strong></span> <span class='ocrx_word' id='word_1_377' title='bbox 867 2999 925 3056; x_wconf 86' lang='grc' dir='ltr'><strong>εὖ</strong></span> <span class='ocrx_word' id='word_1_378' title='bbox 955 3003 1148 3064; x_wconf 69' lang='grc' dir='ltr'>εἰδότες</span> <span class='ocrx_word' id='word_1_379' title='bbox 1176 3006 1253 3056; x_wconf 77' lang='grc' dir='ltr'><strong>ὅτι</strong></span> <span class='ocrx_word' id='word_1_380' title='bbox 1283 3004 1450 3056; x_wconf 88' lang='grc' dir='ltr'>ταῦτα</span> <span class='ocrx_word' id='word_1_381' title='bbox 1473 3003 1788 3073; x_wconf 85' lang='grc' dir='ltr'>γενήσεσθαι</span> 
     </span>
    </p>
   </div>
   <div class='ocr_carea' id='block_1_49' title="bbox 229 3089 1788 3161">
    <p class='ocr_par' dir='ltr' id='par_1_49' title="bbox 229 3089 1788 3161">
     <span class='ocr_line' id='line_1_49' title="bbox 229 3089 1788 3161; baseline 0 -21"><span class='ocrx_word' id='word_1_382' title='bbox 229 3092 368 3161; x_wconf 79' lang='grc' dir='ltr'>περὶ</span> <span class='ocrx_word' id='word_1_383' title='bbox 412 3091 580 3143; x_wconf 77' lang='grc' dir='ltr'>αὑτὸν</span> <span class='ocrx_word' id='word_1_384' title='bbox 631 3091 1092 3160; x_wconf 79' lang='grc' dir='ltr'>προεφητεῦσατο,</span> <span class='ocrx_word' id='word_1_385' title='bbox 1139 3091 1205 3144; x_wconf 82' lang='grc' dir='ltr'><strong>τά</strong></span> <span class='ocrx_word' id='word_1_386' title='bbox 1251 3108 1310 3143; x_wconf 89' lang='grc' dir='ltr'><strong>τε</strong></span> <span class='ocrx_word' id='word_1_387' title='bbox 1355 3091 1646 3161; x_wconf 80' lang='grc' dir='ltr'>σκυθρωπὰ</span> <span class='ocrx_word' id='word_1_388' title='bbox 1697 3089 1788 3141; x_wconf 77' lang='grc' dir='ltr'>καὶ</span> 
     </span>
    </p>
   </div>
   <div class='ocr_carea' id='block_1_50' title="bbox 1893 1930 3407 1996">
    <p class='ocr_par' dir='ltr' id='par_1_50' title="bbox 1893 1930 3407 1996">
     <span class='ocr_line' id='line_1_50' title="bbox 1893 1930 3407 1996; baseline -0.001 -14"><span class='ocrx_word' id='word_1_389' title='bbox 1893 1930 2028 1982; x_wconf 88' lang='lat' dir='ltr'><strong>sicut</strong></span> <span class='ocrx_word' id='word_1_390' title='bbox 2070 1931 2182 1983; x_wconf 90' lang='lat' dir='ltr'><strong>dies</strong></span> <span class='ocrx_word' id='word_1_391' title='bbox 2207 1931 2327 1985; x_wconf 70' lang='lat' dir='ltr'><strong>mali</strong></span> <span class='ocrx_word' id='word_1_392' title='bbox 2356 1939 2407 1985; x_wconf 89' lang='lat' dir='ltr'><strong>et</strong></span> <span class='ocrx_word' id='word_1_393' title='bbox 2451 1932 2589 1984; x_wconf 90' lang='lat' dir='ltr'><strong>sicut</strong></span> <span class='ocrx_word' id='word_1_394' title='bbox 2639 1933 2816 1984; x_wconf 89' lang='lat' dir='ltr'><strong>lunam</strong></span> <span class='ocrx_word' id='word_1_395' title='bbox 2848 1945 2910 1983; x_wconf 91' lang='lat' dir='ltr'><strong>ac</strong></span> <span class='ocrx_word' id='word_1_396' title='bbox 2950 1931 3149 1996; x_wconf 89' lang='lat' dir='ltr'><strong>solem;</strong></span> <span class='ocrx_word' id='word_1_397' title='bbox 3175 1940 3407 1982; x_wconf 84' lang='lat' dir='ltr'><strong>attamen</strong></span> 
     </span>
    </p>
   </div>
   <div class='ocr_carea' id='block_1_51' title="bbox 1891 2017 3408 2085">
    <p class='ocr_par' dir='ltr' id='par_1_51' title="bbox 1891 2017 3408 2085">
     <span class='ocr_line' id='line_1_51' title="bbox 1891 2017 3408 2085; baseline 0 -17"><span class='ocrx_word' id='word_1_398' title='bbox 1891 2017 2003 2069; x_wconf 61' lang='lat' dir='ltr'><strong>haec</strong></span> <span class='ocrx_word' id='word_1_399' title='bbox 2025 2017 2192 2070; x_wconf 88' lang='lat' dir='ltr'><strong>tristia</strong></span> <span class='ocrx_word' id='word_1_400' title='bbox 2217 2017 2316 2085; x_wconf 89' lang='lat' dir='ltr'><strong>ipsi</strong></span> <span class='ocrx_word' id='word_1_401' title='bbox 2339 2027 2590 2071; x_wconf 85' lang='lat' dir='ltr'><strong>eventura</strong></span> <span class='ocrx_word' id='word_1_402' title='bbox 2639 2033 2758 2072; x_wconf 90' lang='lat' dir='ltr'><strong>esse</strong></span> <span class='ocrx_word' id='word_1_403' title='bbox 2793 2017 3108 2085; x_wconf 65' lang='lat' dir='ltr'><strong>praenuntiat</strong></span> <span class='ocrx_word' id='word_1_404' title='bbox 3139 2035 3154 2070; x_wconf 87' lang='lat'><strong>:</strong></span> <span class='ocrx_word' id='word_1_405' title='bbox 3195 2017 3408 2083; x_wconf 62' lang='lat' dir='ltr'><strong>bamque</strong></span> 
     </span>
    </p>
   </div>
   <div class='ocr_carea' id='block_1_52' title="bbox 1891 2104 3407 2174">
    <p class='ocr_par' dir='ltr' id='par_1_52' title="bbox 1891 2104 3407 2174">
     <span class='ocr_line' id='line_1_52' title="bbox 1891 2104 3407 2174; baseline -0.001 -16"><span class='ocrx_word' id='word_1_406' title='bbox 1891 2107 2193 2160; x_wconf 88' lang='lat' dir='ltr'><strong>necessario</strong></span> <span class='ocrx_word' id='word_1_407' title='bbox 2232 2107 2486 2174; x_wconf 68' lang='lat' dir='ltr'><strong>praedicit,</strong></span> <span class='ocrx_word' id='word_1_408' title='bbox 2519 2121 2580 2158; x_wconf 90' lang='lat' dir='ltr'><strong>ac</strong></span> <span class='ocrx_word' id='word_1_409' title='bbox 2605 2106 2793 2159; x_wconf 87' lang='lat' dir='ltr'><strong>docere</strong></span> <span class='ocrx_word' id='word_1_410' title='bbox 2849 2107 3128 2158; x_wconf 90' lang='lat' dir='ltr'><strong>antevertit</strong></span> <span class='ocrx_word' id='word_1_411' title='bbox 3176 2104 3407 2173; x_wconf 85' lang='lat' dir='ltr'><strong>Spiritus</strong></span> 
     </span>
    </p>
   </div>
   <div class='ocr_carea' id='block_1_53' title="bbox 1890 2195 3406 2262">
    <p class='ocr_par' dir='ltr' id='par_1_53' title="bbox 1890 2195 3406 2262">
     <span class='ocr_line' id='line_1_53' title="bbox 1890 2195 3406 2262; baseline -0.001 -14"><span class='ocrx_word' id='word_1_412' title='bbox 1890 2196 2133 2256; x_wconf 90' lang='lat' dir='ltr'><strong>divinus;</strong></span> <span class='ocrx_word' id='word_1_413' title='bbox 2185 2203 2241 2247; x_wconf 91' lang='lat' dir='ltr'><strong>ut</strong></span> <span class='ocrx_word' id='word_1_414' title='bbox 2273 2197 2316 2249; x_wconf 89' lang='lat' dir='ltr'><strong>si</strong></span> <span class='ocrx_word' id='word_1_415' title='bbox 2351 2195 2564 2262; x_wconf 86' lang='lat' dir='ltr'><strong>quando</strong></span> <span class='ocrx_word' id='word_1_416' title='bbox 2613 2195 2902 2248; x_wconf 86' lang='lat' dir='ltr'><strong>secundum</strong></span> <span class='ocrx_word' id='word_1_417' title='bbox 2954 2210 3252 2248; x_wconf 90' lang='lat' dir='ltr'><strong>sermonem</strong></span> <span class='ocrx_word' id='word_1_418' title='bbox 3289 2195 3406 2262; x_wconf 87' lang='lat' dir='ltr'><strong>ejus</strong></span> 
     </span>
    </p>
   </div>
   <div class='ocr_carea' id='block_1_54' title="bbox 1890 2285 3406 2346">
    <p class='ocr_par' dir='ltr' id='par_1_54' title="bbox 1890 2285 3406 2346">
     <span class='ocr_line' id='line_1_54' title="bbox 1890 2285 3406 2346; baseline -0.001 -7"><span class='ocrx_word' id='word_1_419' title='bbox 1890 2285 2000 2339; x_wconf 67' lang='lat' dir='ltr'><strong>haec</strong></span> <span class='ocrx_word' id='word_1_420' title='bbox 2033 2286 2247 2339; x_wconf 87' lang='lat' dir='ltr'><strong>Christo</strong></span> <span class='ocrx_word' id='word_1_421' title='bbox 2280 2295 2331 2340; x_wconf 92' lang='lat' dir='ltr'><strong>et</strong></span> <span class='ocrx_word' id='word_1_422' title='bbox 2359 2286 2572 2339; x_wconf 87' lang='lat' dir='ltr'><strong>Davidis</strong></span> <span class='ocrx_word' id='word_1_423' title='bbox 2603 2287 2930 2339; x_wconf 88' lang='lat' dir='ltr'><strong>successioni</strong></span> <span class='ocrx_word' id='word_1_424' title='bbox 2963 2285 3285 2346; x_wconf 84' lang='lat' dir='ltr'><strong>acciderint,</strong></span> <span class='ocrx_word' id='word_1_425' title='bbox 3340 2300 3406 2338; x_wconf 87' lang='lat' dir='ltr'><strong>ne</strong></span> 
     </span>
    </p>
   </div>
   <div class='ocr_carea' id='block_1_55' title="bbox 1890 2373 3407 2443">
    <p class='ocr_par' dir='ltr' id='par_1_55' title="bbox 1890 2373 3407 2443">
     <span class='ocr_line' id='line_1_55' title="bbox 1890 2373 3407 2443; baseline -0.002 -15"><span class='ocrx_word' id='word_1_426' title='bbox 1890 2376 2168 2429; x_wconf 83' lang='lat' dir='ltr'><strong>turbentur</strong></span> <span class='ocrx_word' id='word_1_427' title='bbox 2199 2376 2254 2437; x_wconf 91' lang='lat' dir='ltr'><strong>ii,</strong></span> <span class='ocrx_word' id='word_1_428' title='bbox 2281 2375 2372 2442; x_wconf 88' lang='lat' dir='ltr'><strong>qui</strong></span> <span class='ocrx_word' id='word_1_429' title='bbox 2396 2375 2505 2442; x_wconf 89' lang='lat' dir='ltr'><strong>jam</strong></span> <span class='ocrx_word' id='word_1_430' title='bbox 2535 2375 2660 2428; x_wconf 90' lang='lat' dir='ltr'><strong>olim</strong></span> <span class='ocrx_word' id='word_1_431' title='bbox 2705 2383 2760 2428; x_wconf 88' lang='lat' dir='ltr'><strong>et.</strong></span> <span class='ocrx_word' id='word_1_432' title='bbox 2785 2390 2814 2427; x_wconf 91' lang='lat' dir='ltr'><strong>a</strong></span> <span class='ocrx_word' id='word_1_433' title='bbox 2843 2375 3135 2443; x_wconf 81' lang='lat' dir='ltr'><strong>majoribus</strong></span> <span class='ocrx_word' id='word_1_434' title='bbox 3165 2375 3275 2427; x_wconf 68' lang='lat' dir='ltr'><strong>haec</strong></span> <span class='ocrx_word' id='word_1_435' title='bbox 3323 2373 3407 2425; x_wconf 83' lang='lat' dir='ltr'><strong>l‘u-</strong></span> 
     </span>
    </p>
   </div>
   <div class='ocr_carea' id='block_1_56' title="bbox 1890 2461 3402 2531">
    <p class='ocr_par' dir='ltr' id='par_1_56' title="bbox 1890 2461 3402 2531">
     <span class='ocr_line' id='line_1_56' title="bbox 1890 2461 3402 2531; baseline -0.001 -16"><span class='ocrx_word' id='word_1_436' title='bbox 1890 2473 2004 2516; x_wconf 87' lang='lat' dir='ltr'><strong>tura</strong></span> <span class='ocrx_word' id='word_1_437' title='bbox 2047 2479 2168 2518; x_wconf 85' lang='lat' dir='ltr'><strong>esse</strong></span> <span class='ocrx_word' id='word_1_438' title='bbox 2219 2464 2560 2525; x_wconf 88' lang='lat' dir='ltr'><strong>didicerant,</strong></span> <span class='ocrx_word' id='word_1_439' title='bbox 2609 2464 2756 2531; x_wconf 82' lang='lat' dir='ltr'><strong>gnari</strong></span> <span class='ocrx_word' id='word_1_440' title='bbox 2807 2462 3011 2516; x_wconf 85' lang='lat' dir='ltr'><strong>scilicet</strong></span> <span class='ocrx_word' id='word_1_441' title='bbox 3049 2463 3100 2514; x_wconf 91' lang='lat' dir='ltr'><strong>in</strong></span> <span class='ocrx_word' id='word_1_442' title='bbox 3131 2461 3402 2530; x_wconf 87' lang='lat' dir='ltr'><strong>prophetia</strong></span> 
     </span>
    </p>
   </div>
   <div class='ocr_carea' id='block_1_57' title="bbox 1887 2550 3404 2618">
    <p class='ocr_par' dir='ltr' id='par_1_57' title="bbox 1887 2550 3404 2618">
     <span class='ocr_line' id='line_1_57' title="bbox 1887 2550 3404 2618; baseline -0.001 -17"><span class='ocrx_word' id='word_1_443' title='bbox 1887 2550 2070 2604; x_wconf 69' lang='lat' dir='ltr'><strong>istlmc</strong></span> <span class='ocrx_word' id='word_1_444' title='bbox 2123 2551 2296 2603; x_wconf 81' lang='lat' dir='ltr'><strong>futura</strong></span> <span class='ocrx_word' id='word_1_445' title='bbox 2327 2551 2700 2618; x_wconf 77' lang='lat' dir='ltr'><strong>prmnuntiari.</strong></span> <span class='ocrx_word' id='word_1_446' title='bbox 2763 2550 2875 2604; x_wconf 87' lang='lat' dir='ltr'><strong>sive</strong></span> <span class='ocrx_word' id='word_1_447' title='bbox 2911 2551 3112 2611; x_wconf 89' lang='lat' dir='ltr'><strong>tristia,</strong></span> <span class='ocrx_word' id='word_1_448' title='bbox 3163 2550 3274 2604; x_wconf 83' lang='lat' dir='ltr'><strong>sive</strong></span> <span class='ocrx_word' id='word_1_449' title='bbox 3303 2551 3404 2602; x_wconf 82' lang='lat' dir='ltr'><strong>mi-</strong></span> 
     </span>
    </p>
   </div>
   <div class='ocr_carea' id='block_1_58' title="bbox 1889 2638 3399 2709">
    <p class='ocr_par' dir='ltr' id='par_1_58' title="bbox 1889 2638 3399 2709">
     <span class='ocr_line' id='line_1_58' title="bbox 1889 2638 3399 2709; baseline -0.001 -17"><span class='ocrx_word' id='word_1_450' title='bbox 1889 2641 2021 2694; x_wconf 85' lang='lat' dir='ltr'><strong>tiora</strong></span> <span class='ocrx_word' id='word_1_451' title='bbox 2047 2658 2060 2693; x_wconf 92' lang='lat'><strong>:</strong></span> <span class='ocrx_word' id='word_1_452' title='bbox 2095 2655 2212 2709; x_wconf 70' lang='lat' dir='ltr'><strong>qum</strong></span> <span class='ocrx_word' id='word_1_453' title='bbox 2235 2655 2364 2694; x_wconf 90' lang='lat' dir='ltr'><strong>sane</strong></span> <span class='ocrx_word' id='word_1_454' title='bbox 2389 2641 2528 2694; x_wconf 87' lang='lat' dir='ltr'><strong>idem</strong></span> <span class='ocrx_word' id='word_1_455' title='bbox 2561 2654 2737 2694; x_wconf 81' lang='lat' dir='ltr'><strong>sermo</strong></span> <span class='ocrx_word' id='word_1_456' title='bbox 2764 2640 2888 2694; x_wconf 87' lang='lat' dir='ltr'><strong>licet</strong></span> <span class='ocrx_word' id='word_1_457' title='bbox 2909 2639 3197 2698; x_wconf 78' lang='lat' dir='ltr'><strong>contraria,</strong></span> <span class='ocrx_word' id='word_1_458' title='bbox 3221 2638 3274 2692; x_wconf 87' lang='lat' dir='ltr'><strong>in</strong></span> <span class='ocrx_word' id='word_1_459' title='bbox 3307 2653 3399 2693; x_wconf 88' lang='lat' dir='ltr'><strong>co-</strong></span> 
     </span>
    </p>
   </div>
   <div class='ocr_carea' id='block_1_59' title="bbox 1887 2727 3404 2797">
    <p class='ocr_par' dir='ltr' id='par_1_59' title="bbox 1887 2727 3404 2797">
     <span class='ocr_line' id='line_1_59' title="bbox 1887 2727 3404 2797; baseline -0.001 -18"><span class='ocrx_word' id='word_1_460' title='bbox 1887 2728 2003 2781; x_wconf 87' lang='lat' dir='ltr'><strong>dem</strong></span> <span class='ocrx_word' id='word_1_461' title='bbox 2032 2730 2146 2796; x_wconf 91' lang='lat' dir='ltr'><strong>ipso</strong></span> <span class='ocrx_word' id='word_1_462' title='bbox 2167 2737 2420 2783; x_wconf 88' lang='lat' dir='ltr'><strong>eventura</strong></span> <span class='ocrx_word' id='word_1_463' title='bbox 2457 2729 2796 2790; x_wconf 79' lang='lat' dir='ltr'><strong>vaticinatur,</strong></span> <span class='ocrx_word' id='word_1_464' title='bbox 2820 2743 3039 2797; x_wconf 62' lang='lat' dir='ltr'><strong>quaque</strong></span> <span class='ocrx_word' id='word_1_465' title='bbox 3083 2728 3212 2795; x_wconf 89' lang='lat' dir='ltr'><strong>ipsis</strong></span> <span class='ocrx_word' id='word_1_466' title='bbox 3239 2727 3404 2794; x_wconf 83' lang='lat' dir='ltr'><strong>Operi-</strong></span> 
     </span>
    </p>
   </div>
   <div class='ocr_carea' id='block_1_60' title="bbox 1885 2815 3404 2886">
    <p class='ocr_par' dir='ltr' id='par_1_60' title="bbox 1885 2815 3404 2886">
     <span class='ocr_line' id='line_1_60' title="bbox 1885 2815 3404 2886; baseline -0.003 -16"><span class='ocrx_word' id='word_1_467' title='bbox 1885 2819 1986 2873; x_wconf 86' lang='lat' dir='ltr'><strong>bus</strong></span> <span class='ocrx_word' id='word_1_468' title='bbox 2025 2819 2283 2886; x_wconf 89' lang='lat' dir='ltr'><strong>completa</strong></span> <span class='ocrx_word' id='word_1_469' title='bbox 2327 2819 2646 2886; x_wconf 79' lang='lat' dir='ltr'><strong>accepimus.</strong></span> <span class='ocrx_word' id='word_1_470' title='bbox 2695 2817 2824 2870; x_wconf 85' lang='lat' dir='ltr'><strong>Nam</strong></span> <span class='ocrx_word' id='word_1_471' title='bbox 2871 2827 3102 2886; x_wconf 90' lang='lat' dir='ltr'><strong>tempore</strong></span> <span class='ocrx_word' id='word_1_472' title='bbox 3143 2815 3404 2884; x_wconf 80' lang='lat' dir='ltr'><strong>passionis</strong></span> 
     </span>
    </p>
   </div>
   <div class='ocr_carea' id='block_1_61' title="bbox 1888 2897 3421 2974">
    <p class='ocr_par' dir='ltr' id='par_1_61' title="bbox 1888 2897 3421 2974">
     <span class='ocr_line' id='line_1_61' title="bbox 1888 2897 3421 2974; baseline -0.004 -13"><span class='ocrx_word' id='word_1_473' title='bbox 1888 2907 2186 2962; x_wconf 87' lang='lat' dir='ltr'><strong>Servatoris</strong></span> <span class='ocrx_word' id='word_1_474' title='bbox 2207 2907 2375 2962; x_wconf 88' lang='lat' dir='ltr'><strong>nostri</strong></span> <span class='ocrx_word' id='word_1_475' title='bbox 2405 2907 2576 2960; x_wconf 85' lang='lat' dir='ltr'><strong>tristia</strong></span> <span class='ocrx_word' id='word_1_476' title='bbox 2623 2907 2710 2958; x_wconf 90' lang='lat' dir='ltr'><strong>illa</strong></span> <span class='ocrx_word' id='word_1_477' title='bbox 2745 2907 2796 2958; x_wconf 90' lang='lat' dir='ltr'><strong>in</strong></span> <span class='ocrx_word' id='word_1_478' title='bbox 2830 2907 2946 2974; x_wconf 91' lang='lat' dir='ltr'><strong>ipso</strong></span> <span class='ocrx_word' id='word_1_479' title='bbox 2989 2915 3114 2959; x_wconf 90' lang='lat' dir='ltr'><strong>sunt</strong></span> <span class='ocrx_word' id='word_1_480' title='bbox 3156 2905 3365 2973; x_wconf 87' lang='lat' dir='ltr'><strong>impleta</strong></span> <span class='ocrx_word' id='word_1_481' title='bbox 3386 2897 3421 2968; x_wconf 76' lang='grc' dir='ltr'>ς’</span> 
     </span>
    </p>
   </div>
   <div class='ocr_carea' id='block_1_62' title="bbox 1887 2993 3400 3066">
    <p class='ocr_par' dir='ltr' id='par_1_62' title="bbox 1887 2993 3400 3066">
     <span class='ocr_line' id='line_1_62' title="bbox 1887 2993 3400 3066; baseline -0.005 -15"><span class='ocrx_word' id='word_1_482' title='bbox 1887 3005 2068 3066; x_wconf 87' lang='lat' dir='ltr'><strong>postea</strong></span> <span class='ocrx_word' id='word_1_483' title='bbox 2103 3011 2248 3060; x_wconf 90' lang='lat' dir='ltr'><strong>vero,</strong></span> <span class='ocrx_word' id='word_1_484' title='bbox 2275 2997 2644 3064; x_wconf 65' lang='lat' dir='ltr'><strong>praestantiora</strong></span> <span class='ocrx_word' id='word_1_485' title='bbox 2699 2997 2786 3048; x_wconf 88' lang='lat' dir='ltr'><strong>illa</strong></span> <span class='ocrx_word' id='word_1_486' title='bbox 2819 2997 3079 3063; x_wconf 88' lang='lat' dir='ltr'><strong>promissa</strong></span> <span class='ocrx_word' id='word_1_487' title='bbox 3123 2996 3178 3048; x_wconf 90' lang='lat' dir='ltr'><strong>in</strong></span> <span class='ocrx_word' id='word_1_488' title='bbox 3215 2993 3400 3048; x_wconf 91' lang='lat' dir='ltr'><strong>eodem</strong></span> 
     </span>
    </p>
   </div>
   <div class='ocr_carea' id='block_1_63' title="bbox 1885 3085 2739 3154">
    <p class='ocr_par' dir='ltr' id='par_1_63' title="bbox 1885 3085 2739 3154">
     <span class='ocr_line' id='line_1_63' title="bbox 1885 3085 2739 3154; baseline -0.002 -14"><span class='ocrx_word' id='word_1_489' title='bbox 1885 3086 2134 3154; x_wconf 85' lang='lat' dir='ltr'><strong>operibus</strong></span> <span class='ocrx_word' id='word_1_490' title='bbox 2170 3085 2298 3154; x_wconf 91' lang='lat' dir='ltr'><strong>ipsis</strong></span> <span class='ocrx_word' id='word_1_491' title='bbox 2335 3085 2564 3154; x_wconf 78' lang='lat' dir='ltr'><strong>perfecta</strong></span> <span class='ocrx_word' id='word_1_492' title='bbox 2597 3093 2739 3138; x_wconf 89' lang='lat' dir='ltr'><strong>sunt.</strong></span> 
     </span>
    </p>
   </div>
   <div class='ocr_carea' id='block_1_64' title="bbox 232 3172 3400 3250">
    <p class='ocr_par' dir='ltr' id='par_1_64' title="bbox 232 3172 3400 3250">
     <span class='ocr_line' id='line_1_64' title="bbox 232 3172 3400 3250; baseline -0.003 -19"><span class='ocrx_word' id='word_1_493' title='bbox 232 3180 615 3250; x_wconf 76' lang='grc' dir='ltr'>χρηστότερα·</span> <span class='ocrx_word' id='word_1_494' title='bbox 664 3175 742 3241; x_wconf 77' lang='grc' dir='ltr'>οἷς</span> <span class='ocrx_word' id='word_1_495' title='bbox 786 3178 912 3246; x_wconf 90' lang='grc' dir='ltr'>γοῦν</span> <span class='ocrx_word' id='word_1_496' title='bbox 967 3181 1058 3231; x_wconf 74' lang='grc' dir='ltr'><strong>καὶ</strong></span> <span class='ocrx_word' id='word_1_497' title='bbox 1087 3179 1114 3230; x_wconf 84' lang='grc' dir='ltr'><strong>ὀ</strong></span> <span class='ocrx_word' id='word_1_498' title='bbox 1149 3178 1306 3241; x_wconf 72' lang='grc' dir='ltr'>αὐτὸς</span> <span class='ocrx_word' id='word_1_499' title='bbox 1335 3180 1485 3245; x_wconf 86' lang='grc' dir='ltr'>λόγος</span> <span class='ocrx_word' id='word_1_500' title='bbox 1513 3177 1762 3231; x_wconf 79' lang='grc' dir='ltr'>τάναντία</span> <span class='ocrx_word' id='word_1_501' title='bbox 1794 3176 1918 3244; x_wconf 82' lang='grc' dir='ltr'><strong>περὶ</strong></span> <span class='ocrx_word' id='word_1_502' title='bbox 1946 3175 2039 3226; x_wconf 75' lang='grc' dir='ltr'>ἕνα</span> <span class='ocrx_word' id='word_1_503' title='bbox 2069 3175 2160 3226; x_wconf 78' lang='grc' dir='ltr'><strong>καὶ</strong></span> <span class='ocrx_word' id='word_1_504' title='bbox 2207 3175 2300 3227; x_wconf 80' lang='grc' dir='ltr'>τὸν</span> <span class='ocrx_word' id='word_1_505' title='bbox 2347 3175 2502 3226; x_wconf 80' lang='grc' dir='ltr'>αὑτὸν</span> <span class='ocrx_word' id='word_1_506' title='bbox 2537 3174 2748 3225; x_wconf 78' lang='grc' dir='ltr'>ἔσεσθαι</span> <span class='ocrx_word' id='word_1_507' title='bbox 2798 3173 3069 3235; x_wconf 73' lang='grc' dir='ltr'>θεσπίζει,</span> <span class='ocrx_word' id='word_1_508' title='bbox 3119 3173 3154 3224; x_wconf 77' lang='grc' dir='ltr'><strong>ὃ.</strong></span> <span class='ocrx_word' id='word_1_509' title='bbox 3198 3172 3260 3240; x_wconf 82' lang='grc' dir='ltr'>δὴ</span> <span class='ocrx_word' id='word_1_510' title='bbox 3310 3172 3400 3224; x_wconf 79' lang='grc' dir='ltr'>καὶ</span> 
     </span>
    </p>
   </div>
   <div class='ocr_carea' id='block_1_65' title="bbox 229 3259 3400 3341">
    <p class='ocr_par' dir='ltr' id='par_1_65' title="bbox 229 3259 3400 3341">
     <span class='ocr_line' id='line_1_65' title="bbox 229 3259 3400 3341; baseline -0.004 -17"><span class='ocrx_word' id='word_1_511' title='bbox 229 3271 425 3341; x_wconf 72' lang='grc' dir='ltr'>ἔργοις</span> <span class='ocrx_word' id='word_1_512' title='bbox 481 3270 658 3330; x_wconf 77' lang='grc' dir='ltr'>αὐτοῖς</span> <span class='ocrx_word' id='word_1_513' title='bbox 700 3269 1121 3338; x_wconf 79' lang='grc' dir='ltr'>παρειλήφαμεν.</span> <span class='ocrx_word' id='word_1_514' title='bbox 1173 3268 1323 3320; x_wconf 74' lang='grc' dir='ltr'>Κατὰ</span> <span class='ocrx_word' id='word_1_515' title='bbox 1378 3271 1471 3337; x_wconf 84' lang='grc' dir='ltr'><strong>μὲν</strong></span> <span class='ocrx_word' id='word_1_516' title='bbox 1499 3268 1602 3338; x_wconf 80' lang='grc' dir='ltr'>γὰρ</span> <span class='ocrx_word' id='word_1_517' title='bbox 1641 3269 1731 3319; x_wconf 78' lang='grc' dir='ltr'><strong>τὸν</strong></span> <span class='ocrx_word' id='word_1_518' title='bbox 1769 3266 1952 3335; x_wconf 81' lang='grc' dir='ltr'>χρόνον</span> <span class='ocrx_word' id='word_1_519' title='bbox 1983 3263 2074 3315; x_wconf 86' lang='grc' dir='ltr'><strong>τοῦ</strong></span> <span class='ocrx_word' id='word_1_520' title='bbox 2119 3263 2317 3325; x_wconf 83' lang='grc' dir='ltr'>πάθους</span> <span class='ocrx_word' id='word_1_521' title='bbox 2356 3262 2448 3314; x_wconf 86' lang='grc' dir='ltr'><strong>τοῦ</strong></span> <span class='ocrx_word' id='word_1_522' title='bbox 2511 3263 2754 3331; x_wconf 84' lang='grc' dir='ltr'>Σωτῆρος</span> <span class='ocrx_word' id='word_1_523' title='bbox 2791 3262 2941 3329; x_wconf 86' lang='grc' dir='ltr'>ήμῶν</span> <span class='ocrx_word' id='word_1_524' title='bbox 2982 3259 3273 3330; x_wconf 76' lang='grc' dir='ltr'>ἐπληροῦτο</span> <span class='ocrx_word' id='word_1_525' title='bbox 3323 3263 3400 3322; x_wconf 87' lang='grc' dir='ltr'><strong>είς</strong></span> 
     </span>
    </p>
   </div>
   <div class='ocr_carea' id='block_1_66' title="bbox 226 3349 3399 3428">
    <p class='ocr_par' dir='ltr' id='par_1_66' title="bbox 226 3349 3399 3428">
     <span class='ocr_line' id='line_1_66' title="bbox 226 3349 3399 3428; baseline -0.003 -16"><span class='ocrx_word' id='word_1_526' title='bbox 226 3361 405 3412; x_wconf 81' lang='grc' dir='ltr'>αὑτὸν</span> <span class='ocrx_word' id='word_1_527' title='bbox 445 3358 516 3411; x_wconf 75' lang='grc' dir='ltr'>τὰ</span> <span class='ocrx_word' id='word_1_528' title='bbox 550 3359 960 3428; x_wconf 79' lang='grc' dir='ltr'>σκυθρωπότερα</span> <span class='ocrx_word' id='word_1_529' title='bbox 977 3373 990 3387; x_wconf 73' lang='grc'><strong><em>³</em></strong></span> <span class='ocrx_word' id='word_1_530' title='bbox 1016 3357 1152 3410; x_wconf 76' lang='grc' dir='ltr'>κατὰ</span> <span class='ocrx_word' id='word_1_531' title='bbox 1175 3358 1229 3409; x_wconf 78' lang='grc' dir='ltr'>δὲ</span> <span class='ocrx_word' id='word_1_532' title='bbox 1251 3358 1338 3409; x_wconf 79' lang='grc' dir='ltr'><strong>τὸν</strong></span> <span class='ocrx_word' id='word_1_533' title='bbox 1363 3357 1496 3427; x_wconf 79' lang='grc' dir='ltr'>μετὰ</span> <span class='ocrx_word' id='word_1_534' title='bbox 1534 3357 1699 3410; x_wconf 78' lang='grc' dir='ltr'>ταῦτα</span> <span class='ocrx_word' id='word_1_535' title='bbox 1719 3357 1773 3408; x_wconf 77' lang='grc' dir='ltr'>αἱ</span> <span class='ocrx_word' id='word_1_536' title='bbox 1800 3355 1904 3407; x_wconf 83' lang='grc' dir='ltr'>τῶν</span> <span class='ocrx_word' id='word_1_537' title='bbox 1931 3352 2242 3424; x_wconf 80' lang='grc' dir='ltr'>κρειττόνων</span> <span class='ocrx_word' id='word_1_538' title='bbox 2269 3351 2579 3418; x_wconf 76' lang='grc' dir='ltr'>ἐπαγγελίαι</span> <span class='ocrx_word' id='word_1_539' title='bbox 2606 3351 2783 3422; x_wconf 78' lang='grc' dir='ltr'>ἔργοις</span> <span class='ocrx_word' id='word_1_540' title='bbox 2807 3350 2962 3402; x_wconf 88' lang='grc' dir='ltr'>πάλιν</span> <span class='ocrx_word' id='word_1_541' title='bbox 2991 3353 3066 3412; x_wconf 88' lang='grc' dir='ltr'><strong>είς</strong></span> <span class='ocrx_word' id='word_1_542' title='bbox 3085 3351 3242 3402; x_wconf 82' lang='grc' dir='ltr'>αὑτὸν</span> <span class='ocrx_word' id='word_1_543' title='bbox 3289 3349 3399 3402; x_wconf 90' lang='grc' dir='ltr'>ἐτε-</span> 
     </span>
    </p>
   </div>
   <div class='ocr_carea' id='block_1_67' title="bbox 229 3447 506 3504">
    <p class='ocr_par' dir='ltr' id='par_1_67' title="bbox 229 3447 506 3504">
     <span class='ocr_line' id='line_1_67' title="bbox 229 3447 506 3504; baseline 0.004 -3"><span class='ocrx_word' id='word_1_544' title='bbox 229 3447 506 3504; x_wconf 83' lang='grc' dir='ltr'>λειοῦντο.</span> 
     </span>
    </p>
   </div>
   <div class='ocr_carea' id='block_1_68' title="bbox 301 3546 1787 3629">
    <p class='ocr_par' dir='ltr' id='par_1_68' title="bbox 301 3553 1778 3629">
     <span class='ocr_line' id='line_1_68' title="bbox 301 3553 1778 3629; baseline -0.007 -14"><span class='ocrx_word' id='word_1_545' title='bbox 301 3562 394 3615; x_wconf 84' lang='grc' dir='ltr'>Τὰ</span> <span class='ocrx_word' id='word_1_546' title='bbox 427 3561 530 3629; x_wconf 85' lang='grc' dir='ltr'>μὲν</span> <span class='ocrx_word' id='word_1_547' title='bbox 547 3553 639 3610; x_wconf 81' lang='grc' dir='ltr'><strong>οῦν</strong></span> <span class='ocrx_word' id='word_1_548' title='bbox 670 3559 795 3626; x_wconf 73' lang='grc' dir='ltr'>περὶ</span> <span class='ocrx_word' id='word_1_549' title='bbox 818 3556 876 3610; x_wconf 77' lang='grc' dir='ltr'>τὸ</span> <span class='ocrx_word' id='word_1_550' title='bbox 903 3556 1066 3619; x_wconf 86' lang='grc' dir='ltr'>πάθος</span> <span class='ocrx_word' id='word_1_551' title='bbox 1087 3555 1230 3627; x_wconf 77' lang='grc' dir='ltr'>αὐτῷ</span> <span class='ocrx_word' id='word_1_552' title='bbox 1253 3557 1526 3627; x_wconf 79' lang='grc' dir='ltr'>συμϐάντα</span> <span class='ocrx_word' id='word_1_553' title='bbox 1547 3555 1778 3626; x_wconf 74' lang='grc' dir='ltr'>άκριὸὦς</span> 
     </span>
    </p>
   </div>
   <div class='ocr_carea' id='block_1_69' title="bbox 1885 3546 3399 3629">
    <p class='ocr_par' dir='ltr' id='par_1_69' title="bbox 1941 3546 3399 3616">
     <span class='ocr_line' id='line_1_69' title="bbox 1941 3546 3399 3616; baseline -0.002 -14"><span class='ocrx_word' id='word_1_554' title='bbox 1941 3551 2068 3616; x_wconf 69' lang='lat' dir='ltr'><strong>Qum</strong></span> <span class='ocrx_word' id='word_1_555' title='bbox 2098 3549 2256 3616; x_wconf 78' lang='lat' dir='ltr'><strong>igitur</strong></span> <span class='ocrx_word' id='word_1_556' title='bbox 2281 3549 2334 3600; x_wconf 92' lang='lat' dir='ltr'><strong>in</strong></span> <span class='ocrx_word' id='word_1_557' title='bbox 2364 3547 2610 3616; x_wconf 90' lang='lat' dir='ltr'><strong>passione</strong></span> <span class='ocrx_word' id='word_1_558' title='bbox 2635 3546 2752 3613; x_wconf 88' lang='lat' dir='ltr'><strong>ejus</strong></span> <span class='ocrx_word' id='word_1_559' title='bbox 2790 3546 3120 3609; x_wconf 81' lang='lat' dir='ltr'><strong>acciderunt,</strong></span> <span class='ocrx_word' id='word_1_560' title='bbox 3153 3555 3399 3601; x_wconf 80' lang='lat' dir='ltr'><strong>accurate</strong></span> 
     </span>
    </p>
   </div>
   <div class='ocr_carea' id='block_1_70' title="bbox 230 3646 1781 3722">
    <p class='ocr_par' dir='ltr' id='par_1_70' title="bbox 230 3646 1781 3722">
     <span class='ocr_line' id='line_1_70' title="bbox 230 3646 1781 3722; baseline -0.005 -18"><span class='ocrx_word' id='word_1_561' title='bbox 230 3651 500 3722; x_wconf 76' lang='grc' dir='ltr'>ἐδηλοῦτο</span> <span class='ocrx_word' id='word_1_562' title='bbox 523 3648 612 3701; x_wconf 74' lang='grc' dir='ltr'>διὰ</span> <span class='ocrx_word' id='word_1_563' title='bbox 629 3648 740 3699; x_wconf 85' lang='grc' dir='ltr'>τοῦ·</span> <span class='ocrx_word' id='word_1_564' title='bbox 776 3647 856 3699; x_wconf 86' lang='grc' dir='ltr'><strong>Σὺ</strong></span> <span class='ocrx_word' id='word_1_565' title='bbox 884 3646 949 3698; x_wconf 79' lang='grc' dir='ltr'>δὲ</span> <span class='ocrx_word' id='word_1_566' title='bbox 977 3647 1208 3708; x_wconf 84' lang='grc' dir='ltr'>ἀπώσω,</span> <span class='ocrx_word' id='word_1_567' title='bbox 1234 3647 1328 3698; x_wconf 77' lang='grc' dir='ltr'><strong>καί</strong></span> <span class='ocrx_word' id='word_1_568' title='bbox 1361 3647 1781 3710; x_wconf 72' lang='grc' dir='ltr'>ἑξουδέγωσας,</span> 
     </span>
    </p>
   </div>
   <div class='ocr_carea' id='block_1_71' title="bbox 228 3730 1783 3804">
    <p class='ocr_par' dir='ltr' id='par_1_71' title="bbox 228 3730 1783 3804">
     <span class='ocr_line' id='line_1_71' title="bbox 228 3730 1783 3804; baseline -0.006 -9"><span class='ocrx_word' id='word_1_569' title='bbox 228 3738 546 3795; x_wconf 76' lang='grc' dir='ltr'>ἀνεϐάλου</span> <span class='ocrx_word' id='word_1_570' title='bbox 594 3737 699 3788; x_wconf 79' lang='grc' dir='ltr'><strong>τὸν</strong></span> <span class='ocrx_word' id='word_1_571' title='bbox 728 3737 976 3802; x_wconf 82' lang='grc' dir='ltr'>Χριστόν</span> <span class='ocrx_word' id='word_1_572' title='bbox 1012 3751 1144 3788; x_wconf 84' lang='grc' dir='ltr'>σου.</span> <span class='ocrx_word' id='word_1_573' title='bbox 1192 3736 1326 3788; x_wconf 83' lang='grc' dir='ltr'>Ἀνθ’</span> <span class='ocrx_word' id='word_1_574' title='bbox 1352 3730 1411 3788; x_wconf 71' lang='grc' dir='ltr'>οὗ</span> <span class='ocrx_word' id='word_1_575' title='bbox 1433 3738 1461 3788; x_wconf 89' lang='grc' dir='ltr'><strong>ό</strong></span> <span class='ocrx_word' id='word_1_576' title='bbox 1495 3736 1590 3804; x_wconf 80' lang='grc' dir='ltr'><strong>μὲν</strong></span> <span class='ocrx_word' id='word_1_577' title='bbox 1630 3736 1783 3786; x_wconf 81' lang='grc' dir='ltr'><strong>’Λκύ-</strong></span> 
     </span>
    </p>
   </div>
   <div class='ocr_carea' id='block_1_72' title="bbox 230 3824 1777 3898">
    <p class='ocr_par' dir='ltr' id='par_1_72' title="bbox 230 3824 1777 3898">
     <span class='ocr_line' id='line_1_72' title="bbox 230 3824 1777 3898; baseline -0.003 -18"><span class='ocrx_word' id='word_1_578' title='bbox 230 3831 330 3893; x_wconf 88' lang='grc' dir='ltr'><strong>λας</strong></span> <span class='ocrx_word' id='word_1_579' title='bbox 361 3827 558 3898; x_wconf 76' lang='grc' dir='ltr'>φησὶν,</span> <span class='ocrx_word' id='word_1_580' title='bbox 601 3824 1064 3892; x_wconf 79' lang='grc' dir='ltr'>’Υπερηθέτησας</span> <span class='ocrx_word' id='word_1_581' title='bbox 1086 3824 1230 3892; x_wconf 79' lang='grc' dir='ltr'>μετὰ</span> <span class='ocrx_word' id='word_1_582' title='bbox 1258 3824 1605 3893; x_wconf 72' lang='grc' dir='ltr'>ἡλειμμένου</span> <span class='ocrx_word' id='word_1_583' title='bbox 1632 3840 1745 3876; x_wconf 83' lang='grc' dir='ltr'><strong>σου</strong></span> <span class='ocrx_word' id='word_1_584' title='bbox 1764 3840 1777 3852; x_wconf 90' lang='grc'><strong>·</strong></span> 
     </span>
    </p>
   </div>
   <div class='ocr_carea' id='block_1_73' title="bbox 225 3913 1776 3985">
    <p class='ocr_par' dir='ltr' id='par_1_73' title="bbox 225 3913 1776 3985">
     <span class='ocr_line' id='line_1_73' title="bbox 225 3913 1776 3985; baseline -0.003 -15"><span class='ocrx_word' id='word_1_585' title='bbox 225 3921 259 3970; x_wconf 68' lang='grc' dir='ltr'><strong>ὁ</strong></span> <span class='ocrx_word' id='word_1_586' title='bbox 289 3921 351 3974; x_wconf 82' lang='grc' dir='ltr'>δὲ</span> <span class='ocrx_word' id='word_1_587' title='bbox 382 3917 697 3985; x_wconf 72' lang='grc' dir='ltr'>Σύμμαχος,</span> <span class='ocrx_word' id='word_1_588' title='bbox 736 3913 1061 3982; x_wconf 77' lang='grc' dir='ltr'>Ἐχολώθης</span> <span class='ocrx_word' id='word_1_589' title='bbox 1086 3915 1231 3981; x_wconf 76' lang='grc' dir='ltr'>πρὸς</span> <span class='ocrx_word' id='word_1_590' title='bbox 1254 3915 1358 3966; x_wconf 80' lang='grc' dir='ltr'><strong>τὸν</strong></span> <span class='ocrx_word' id='word_1_591' title='bbox 1380 3915 1626 3981; x_wconf 78' lang='grc' dir='ltr'>Χριστόν</span> <span class='ocrx_word' id='word_1_592' title='bbox 1644 3929 1776 3966; x_wconf 83' lang='grc' dir='ltr'>σου.</span> 
     </span>
    </p>
   </div>
   <div class='ocr_carea' id='block_1_74' title="bbox 229 4000 1780 4079">
    <p class='ocr_par' dir='ltr' id='par_1_74' title="bbox 229 4000 1780 4079">
     <span class='ocr_line' id='line_1_74' title="bbox 229 4000 1780 4079; baseline -0.005 -20"><span class='ocrx_word' id='word_1_593' title='bbox 229 4005 564 4079; x_wconf 85' lang='grc' dir='ltr'>Τηνικαῦτα</span> <span class='ocrx_word' id='word_1_594' title='bbox 602 4003 657 4054; x_wconf 84' lang='grc' dir='ltr'><strong>δέ</strong></span> <span class='ocrx_word' id='word_1_595' title='bbox 689 4001 778 4054; x_wconf 76' lang='grc' dir='ltr'><strong>καὶ</strong></span> <span class='ocrx_word' id='word_1_596' title='bbox 809 4001 876 4052; x_wconf 71' lang='grc' dir='ltr'>τὰ</span> <span class='ocrx_word' id='word_1_597' title='bbox 905 4000 1000 4070; x_wconf 85' lang='grc' dir='ltr'><strong>τῆς</strong></span> <span class='ocrx_word' id='word_1_598' title='bbox 1033 4001 1300 4071; x_wconf 79' lang='grc' dir='ltr'>Διαθήκης</span> <span class='ocrx_word' id='word_1_599' title='bbox 1334 4000 1492 4054; x_wconf 77' lang='grc' dir='ltr'>αὑτοῦ</span> <span class='ocrx_word' id='word_1_600' title='bbox 1523 4002 1616 4070; x_wconf 76' lang='grc' dir='ltr'>τῆς</span> <span class='ocrx_word' id='word_1_601' title='bbox 1649 4000 1780 4070; x_wconf 74' lang='grc' dir='ltr'>πρὸς</span> 
     </span>
    </p>
   </div>
   <div class='ocr_carea' id='block_1_75' title="bbox 229 4088 1781 4160">
    <p class='ocr_par' dir='ltr' id='par_1_75' title="bbox 229 4088 1781 4160">
     <span class='ocr_line' id='line_1_75' title="bbox 229 4088 1781 4160; baseline -0.008 -9"><span class='ocrx_word' id='word_1_602' title='bbox 229 4099 364 4160; x_wconf 83' lang='grc' dir='ltr'>τοὺς</span> <span class='ocrx_word' id='word_1_603' title='bbox 399 4091 726 4152; x_wconf 83' lang='grc' dir='ltr'>ἀποστόλους</span> <span class='ocrx_word' id='word_1_604' title='bbox 754 4089 1112 4158; x_wconf 84' lang='grc' dir='ltr'>διεσκεδάσθη,</span> <span class='ocrx_word' id='word_1_605' title='bbox 1141 4091 1226 4141; x_wconf 79' lang='grc' dir='ltr'>ὅτε</span> <span class='ocrx_word' id='word_1_606' title='bbox 1250 4090 1340 4141; x_wconf 75' lang='grc' dir='ltr'>καὶ</span> <span class='ocrx_word' id='word_1_607' title='bbox 1368 4090 1661 4158; x_wconf 71' lang='grc' dir='ltr'>ἠρνήσαντο</span> <span class='ocrx_word' id='word_1_608' title='bbox 1688 4088 1781 4140; x_wconf 85' lang='grc' dir='ltr'>αὑ-</span> 
     </span>
    </p>
   </div>
   <div class='ocr_carea' id='block_1_76' title="bbox 230 4177 1781 4251">
    <p class='ocr_par' dir='ltr' id='par_1_76' title="bbox 230 4177 1781 4251">
     <span class='ocr_line' id='line_1_76' title="bbox 230 4177 1781 4251; baseline -0.007 -12"><span class='ocrx_word' id='word_1_609' title='bbox 230 4187 349 4251; x_wconf 70' lang='grc' dir='ltr'>τὸν,</span> <span class='ocrx_word' id='word_1_610' title='bbox 378 4184 480 4238; x_wconf 74' lang='grc' dir='ltr'>καὶ</span> <span class='ocrx_word' id='word_1_611' title='bbox 507 4183 568 4233; x_wconf 82' lang='grc' dir='ltr'><strong>τὸ</strong></span> <span class='ocrx_word' id='word_1_612' title='bbox 595 4178 835 4248; x_wconf 82' lang='grc' dir='ltr'>ἁγίασμα</span> <span class='ocrx_word' id='word_1_613' title='bbox 860 4178 1038 4240; x_wconf 80' lang='grc' dir='ltr'>αὐτοῦ,</span> <span class='ocrx_word' id='word_1_614' title='bbox 1077 4179 1313 4230; x_wconf 87' lang='grc' dir='ltr'>τουτέστι</span> <span class='ocrx_word' id='word_1_615' title='bbox 1340 4179 1397 4230; x_wconf 77' lang='grc' dir='ltr'>τὸ</span> <span class='ocrx_word' id='word_1_616' title='bbox 1423 4178 1575 4245; x_wconf 84' lang='grc' dir='ltr'>σῶμα</span> <span class='ocrx_word' id='word_1_617' title='bbox 1596 4178 1654 4228; x_wconf 79' lang='grc' dir='ltr'><strong>τδ</strong></span> <span class='ocrx_word' id='word_1_618' title='bbox 1675 4177 1781 4228; x_wconf 79' lang='grc' dir='ltr'>ἀπὸ</span> 
     </span>
    </p>
   </div>
   <div class='ocr_carea' id='block_1_77' title="bbox 230 4265 1780 4346">
    <p class='ocr_par' dir='ltr' id='par_1_77' title="bbox 230 4265 1780 4346">
     <span class='ocr_line' id='line_1_77' title="bbox 230 4265 1780 4346; baseline -0.005 -22"><span class='ocrx_word' id='word_1_619' title='bbox 230 4277 334 4346; x_wconf 80' lang='grc' dir='ltr'>τῆς</span> <span class='ocrx_word' id='word_1_620' title='bbox 375 4272 544 4339; x_wconf 83' lang='grc' dir='ltr'>ἁγίας</span> <span class='ocrx_word' id='word_1_621' title='bbox 587 4267 854 4338; x_wconf 78' lang='grc' dir='ltr'>Παρθένου</span> <span class='ocrx_word' id='word_1_622' title='bbox 874 4304 888 4328; x_wconf 99' lang='grc'><strong>,</strong></span> <span class='ocrx_word' id='word_1_623' title='bbox 929 4269 1005 4328; x_wconf 87' lang='grc' dir='ltr'><strong>είς</strong></span> <span class='ocrx_word' id='word_1_624' title='bbox 1025 4268 1123 4336; x_wconf 76' lang='grc' dir='ltr'><strong>τήν</strong></span> <span class='ocrx_word' id='word_1_625' title='bbox 1159 4269 1258 4337; x_wconf 75' lang='grc' dir='ltr'>γῆν</span> <span class='ocrx_word' id='word_1_626' title='bbox 1287 4265 1618 4336; x_wconf 77' lang='grc' dir='ltr'>ὲ6ε6ηλὼθη·</span> <span class='ocrx_word' id='word_1_627' title='bbox 1650 4266 1780 4319; x_wconf 76' lang='grc' dir='ltr'>ἀλλὰ</span> 
     </span>
    </p>
   </div>
   <div class='ocr_carea' id='block_1_78' title="bbox 234 4358 1780 4427">
    <p class='ocr_par' dir='ltr' id='par_1_78' title="bbox 234 4358 1780 4427">
     <span class='ocr_line' id='line_1_78' title="bbox 234 4358 1780 4427; baseline -0.005 -9"><span class='ocrx_word' id='word_1_628' title='bbox 234 4367 330 4418; x_wconf 80' lang='grc' dir='ltr'>καὶ</span> <span class='ocrx_word' id='word_1_629' title='bbox 384 4364 598 4421; x_wconf 83' lang='grc' dir='ltr'>πάντας</span> <span class='ocrx_word' id='word_1_630' title='bbox 642 4359 764 4419; x_wconf 74' lang='grc' dir='ltr'>τοὺς</span> <span class='ocrx_word' id='word_1_631' title='bbox 803 4359 1082 4427; x_wconf 78' lang='grc' dir='ltr'>φραγμοὺς</span> <span class='ocrx_word' id='word_1_632' title='bbox 1125 4358 1282 4410; x_wconf 77' lang='grc' dir='ltr'>αὐτοῦ</span> <span class='ocrx_word' id='word_1_633' title='bbox 1314 4359 1430 4409; x_wconf 88' lang='grc' dir='ltr'>τότε</span> <span class='ocrx_word' id='word_1_634' title='bbox 1459 4359 1719 4427; x_wconf 85' lang='grc' dir='ltr'>περιεῖλεν</span> <span class='ocrx_word' id='word_1_635' title='bbox 1753 4360 1780 4410; x_wconf 85' lang='grc' dir='ltr'><strong>ὁ</strong></span> 
     </span>
    </p>
   </div>
   <div class='ocr_carea' id='block_1_79' title="bbox 225 4444 1780 4518">
    <p class='ocr_par' dir='ltr' id='par_1_79' title="bbox 225 4444 1780 4518">
     <span class='ocr_line' id='line_1_79' title="bbox 225 4444 1780 4518; baseline 0.003 -23"><span class='ocrx_word' id='word_1_636' title='bbox 225 4451 370 4512; x_wconf 78' lang='grc' dir='ltr'>Θεὸς</span> <span class='ocrx_word' id='word_1_637' title='bbox 391 4467 404 4479; x_wconf 87' lang='grc'>·</span> <span class='ocrx_word' id='word_1_638' title='bbox 442 4446 641 4516; x_wconf 80' lang='grc' dir='ltr'>δηλαδὴ</span> <span class='ocrx_word' id='word_1_639' title='bbox 669 4445 791 4505; x_wconf 73' lang='grc' dir='ltr'>τοὺς</span> <span class='ocrx_word' id='word_1_640' title='bbox 813 4445 1280 4512; x_wconf 79' lang='grc' dir='ltr'>περιφράττοντας,</span> <span class='ocrx_word' id='word_1_641' title='bbox 1307 4444 1487 4514; x_wconf 82' lang='grc' dir='ltr'>ὥσπερ</span> <span class='ocrx_word' id='word_1_642' title='bbox 1515 4448 1606 4498; x_wconf 72' lang='grc' dir='ltr'>καὶ</span> <span class='ocrx_word' id='word_1_643' title='bbox 1631 4447 1780 4518; x_wconf 84' lang='grc' dir='ltr'>δορυ-</span> 
     </span>
    </p>
   </div>
   <div class='ocr_carea' id='block_1_80' title="bbox 232 4531 1778 4610">
    <p class='ocr_par' dir='ltr' id='par_1_80' title="bbox 232 4531 1778 4610">
     <span class='ocr_line' id='line_1_80' title="bbox 232 4531 1778 4610; baseline -0.002 -19"><span class='ocrx_word' id='word_1_644' title='bbox 232 4537 546 4610; x_wconf 73' lang='grc' dir='ltr'>φοροῦντας</span> <span class='ocrx_word' id='word_1_645' title='bbox 579 4531 736 4584; x_wconf 82' lang='grc' dir='ltr'>αὑτδν</span> <span class='ocrx_word' id='word_1_646' title='bbox 765 4533 855 4584; x_wconf 68' lang='grc' dir='ltr'><strong>καὶ</strong></span> <span class='ocrx_word' id='word_1_647' title='bbox 880 4533 1228 4601; x_wconf 75' lang='grc' dir='ltr'>περιέποντας</span> <span class='ocrx_word' id='word_1_648' title='bbox 1259 4534 1544 4600; x_wconf 75' lang='grc' dir='ltr'>ἀγγέλουςο</span> <span class='ocrx_word' id='word_1_649' title='bbox 1584 4536 1644 4587; x_wconf 77' lang='grc' dir='ltr'><strong>οὐ</strong></span> <span class='ocrx_word' id='word_1_650' title='bbox 1675 4535 1778 4605; x_wconf 82' lang='grc' dir='ltr'>μὴν</span> 
     </span>
    </p>
   </div>
   <div class='ocr_carea' id='block_1_81' title="bbox 227 4614 1780 4688">
    <p class='ocr_par' dir='ltr' id='par_1_81' title="bbox 227 4614 1780 4688">
     <span class='ocr_line' id='line_1_81' title="bbox 227 4614 1780 4688; baseline -0.004 -10"><span class='ocrx_word' id='word_1_651' title='bbox 227 4626 376 4677; x_wconf 79' lang='grc' dir='ltr'>ἀλλὰ</span> <span class='ocrx_word' id='word_1_652' title='bbox 401 4623 498 4676; x_wconf 72' lang='grc' dir='ltr'><strong>καὶ</strong></span> <span class='ocrx_word' id='word_1_653' title='bbox 521 4621 586 4672; x_wconf 69' lang='grc' dir='ltr'>τὰ</span> <span class='ocrx_word' id='word_1_654' title='bbox 614 4618 936 4688; x_wconf 80' lang='grc' dir='ltr'>ὀχυρώματα</span> <span class='ocrx_word' id='word_1_655' title='bbox 955 4618 1130 4670; x_wconf 85' lang='grc' dir='ltr'>αὑτοῦ.</span> <span class='ocrx_word' id='word_1_656' title='bbox 1153 4614 1327 4670; x_wconf 83' lang='grc' dir='ltr'>Ἦσαν</span> <span class='ocrx_word' id='word_1_657' title='bbox 1346 4619 1400 4670; x_wconf 82' lang='grc' dir='ltr'>δὲ</span> <span class='ocrx_word' id='word_1_658' title='bbox 1421 4615 1561 4672; x_wconf 70' lang='grc' dir='ltr'>οὗτοι</span> <span class='ocrx_word' id='word_1_659' title='bbox 1586 4620 1633 4672; x_wconf 84' lang='grc' dir='ltr'>οἱ</span> <span class='ocrx_word' id='word_1_660' title='bbox 1658 4621 1780 4674; x_wconf 57' lang='grc' dir='ltr'>ἀπό</span> 
     </span>
    </p>
   </div>
   <div class='ocr_carea' id='block_1_82' title="bbox 235 4705 1776 4778">
    <p class='ocr_par' dir='ltr' id='par_1_82' title="bbox 235 4705 1776 4778">
     <span class='ocr_line' id='line_1_82' title="bbox 235 4705 1776 4778; baseline -0.004 -9"><span class='ocrx_word' id='word_1_661' title='bbox 235 4717 416 4768; x_wconf 84' lang='grc' dir='ltr'>στολοι</span> <span class='ocrx_word' id='word_1_662' title='bbox 448 4713 544 4765; x_wconf 75' lang='grc' dir='ltr'><strong>καὶ</strong></span> <span class='ocrx_word' id='word_1_663' title='bbox 570 4712 618 4763; x_wconf 89' lang='grc' dir='ltr'>οἱ</span> <span class='ocrx_word' id='word_1_664' title='bbox 649 4709 880 4778; x_wconf 64' lang='grc' dir='ltr'><strong>μαθηταῒ⁹</strong></span> <span class='ocrx_word' id='word_1_665' title='bbox 909 4705 1090 4771; x_wconf 78' lang='grc' dir='ltr'>αὑτοῦ,</span> <span class='ocrx_word' id='word_1_666' title='bbox 1119 4709 1167 4758; x_wconf 81' lang='grc' dir='ltr'>οἳ</span> <span class='ocrx_word' id='word_1_667' title='bbox 1196 4709 1434 4775; x_wconf 82' lang='grc' dir='ltr'>ἐγένοντο</span> <span class='ocrx_word' id='word_1_668' title='bbox 1459 4711 1538 4771; x_wconf 84' lang='grc' dir='ltr'><strong>είς</strong></span> <span class='ocrx_word' id='word_1_669' title='bbox 1562 4711 1776 4774; x_wconf 82' lang='grc' dir='ltr'>δειλίαν,</span> 
     </span>
    </p>
   </div>
   <div class='ocr_carea' id='block_1_83' title="bbox 228 4796 1771 4869">
    <p class='ocr_par' dir='ltr' id='par_1_83' title="bbox 228 4796 1771 4869">
     <span class='ocr_line' id='line_1_83' title="bbox 228 4796 1771 4869; baseline -0.003 -14"><span class='ocrx_word' id='word_1_670' title='bbox 228 4806 313 4867; x_wconf 77' lang='grc' dir='ltr'>ὼς</span> <span class='ocrx_word' id='word_1_671' title='bbox 353 4805 451 4857; x_wconf 72' lang='grc' dir='ltr'>καὶ</span> <span class='ocrx_word' id='word_1_672' title='bbox 486 4798 817 4869; x_wconf 79' lang='grc' dir='ltr'>ἀρνήσασθαι</span> <span class='ocrx_word' id='word_1_673' title='bbox 847 4797 1002 4848; x_wconf 77' lang='grc' dir='ltr'>αὐτὸν</span> <span class='ocrx_word' id='word_1_674' title='bbox 1039 4798 1130 4848; x_wconf 72' lang='grc' dir='ltr'><strong>καὶ</strong></span> <span class='ocrx_word' id='word_1_675' title='bbox 1158 4796 1544 4860; x_wconf 81' lang='grc' dir='ltr'>καταλιπόντας</span> <span class='ocrx_word' id='word_1_676' title='bbox 1569 4804 1771 4868; x_wconf 79' lang='grc' dir='ltr'>φυγεῖν.</span> 
     </span>
    </p>
   </div>
   <div class='ocr_carea' id='block_1_84' title="bbox 235 4880 1774 4956">
    <p class='ocr_par' dir='ltr' id='par_1_84' title="bbox 235 4880 1774 4956">
     <span class='ocr_line' id='line_1_84' title="bbox 235 4880 1774 4956; baseline -0.004 -9"><span class='ocrx_word' id='word_1_677' title='bbox 235 4895 371 4946; x_wconf 86' lang='grc' dir='ltr'>Τότε</span> <span class='ocrx_word' id='word_1_678' title='bbox 417 4892 475 4944; x_wconf 76' lang='grc' dir='ltr'>δὲ</span> <span class='ocrx_word' id='word_1_679' title='bbox 508 4891 600 4942; x_wconf 75' lang='grc' dir='ltr'><strong>καὶ</strong></span> <span class='ocrx_word' id='word_1_680' title='bbox 626 4887 847 4956; x_wconf 83' lang='grc' dir='ltr'>ἐγενήθη</span> <span class='ocrx_word' id='word_1_681' title='bbox 879 4889 955 4948; x_wconf 88' lang='grc' dir='ltr'><strong>είς</strong></span> <span class='ocrx_word' id='word_1_682' title='bbox 980 4880 1170 4947; x_wconf 75' lang='grc' dir='ltr'>ὄνειδός</span> <span class='ocrx_word' id='word_1_683' title='bbox 1199 4888 1306 4946; x_wconf 81' lang='grc' dir='ltr'>τοῖς</span> <span class='ocrx_word' id='word_1_684' title='bbox 1334 4887 1563 4951; x_wconf 86' lang='grc' dir='ltr'>γείτοσιν</span> <span class='ocrx_word' id='word_1_685' title='bbox 1595 4889 1774 4953; x_wconf 78' lang='grc' dir='ltr'>αὑτοῦ,</span> 
     </span>
    </p>
   </div>
   <div class='ocr_carea' id='block_1_85' title="bbox 236 4975 1776 5052">
    <p class='ocr_par' dir='ltr' id='par_1_85' title="bbox 236 4975 1776 5052">
     <span class='ocr_line' id='line_1_85' title="bbox 236 4975 1776 5052; baseline 0.004 -25"><span class='ocrx_word' id='word_1_686' title='bbox 236 4987 335 5036; x_wconf 73' lang='grc' dir='ltr'>καὶ</span> <span class='ocrx_word' id='word_1_687' title='bbox 352 4981 544 5052; x_wconf 69' lang='grc' dir='ltr'>ὑψώθη</span> <span class='ocrx_word' id='word_1_688' title='bbox 569 4977 760 5048; x_wconf 81' lang='grc' dir='ltr'>ήδεξιὰ</span> <span class='ocrx_word' id='word_1_689' title='bbox 789 4978 890 5028; x_wconf 84' lang='grc' dir='ltr'><strong>τῶν</strong></span> <span class='ocrx_word' id='word_1_690' title='bbox 919 4975 1196 5028; x_wconf 78' lang='grc' dir='ltr'>θλιϐόντων</span> <span class='ocrx_word' id='word_1_691' title='bbox 1223 4975 1396 5026; x_wconf 80' lang='grc' dir='ltr'>αὐτόν’</span> <span class='ocrx_word' id='word_1_692' title='bbox 1417 4979 1508 5028; x_wconf 69' lang='grc' dir='ltr'>καὶ</span> <span class='ocrx_word' id='word_1_693' title='bbox 1529 4979 1594 5030; x_wconf 79' lang='grc' dir='ltr'>τὰ</span> <span class='ocrx_word' id='word_1_694' title='bbox 1621 4980 1776 5034; x_wconf 81' lang='grc' dir='ltr'>λοιπὰ</span> 
     </span>
    </p>
   </div>
   <div class='ocr_carea' id='block_1_86' title="bbox 229 5063 1773 5136">
    <p class='ocr_par' dir='ltr' id='par_1_86' title="bbox 229 5063 1773 5136">
     <span class='ocr_line' id='line_1_86' title="bbox 229 5063 1773 5136; baseline -0.004 -12"><span class='ocrx_word' id='word_1_695' title='bbox 229 5073 293 5124; x_wconf 76' lang='grc' dir='ltr'>δὲ</span> <span class='ocrx_word' id='word_1_696' title='bbox 327 5075 508 5126; x_wconf 87' lang='grc' dir='ltr'>πάντα</span> <span class='ocrx_word' id='word_1_697' title='bbox 529 5069 647 5119; x_wconf 74' lang='grc' dir='ltr'>τότε</span> <span class='ocrx_word' id='word_1_698' title='bbox 669 5069 745 5128; x_wconf 89' lang='grc' dir='ltr'><strong>είς</strong></span> <span class='ocrx_word' id='word_1_699' title='bbox 767 5065 853 5117; x_wconf 79' lang='grc' dir='ltr'><strong>τὸν</strong></span> <span class='ocrx_word' id='word_1_700' title='bbox 877 5068 938 5117; x_wconf 84' lang='grc' dir='ltr'><strong>ἐκ</strong></span> <span class='ocrx_word' id='word_1_701' title='bbox 964 5067 1265 5134; x_wconf 79' lang='grc' dir='ltr'>σπέρματος</span> <span class='ocrx_word' id='word_1_702' title='bbox 1279 5063 1434 5114; x_wconf 80' lang='grc' dir='ltr'>Δαυῒδ</span> <span class='ocrx_word' id='word_1_703' title='bbox 1461 5067 1773 5136; x_wconf 83' lang='grc' dir='ltr'>ἐπληροῦτο.</span> 
     </span>
    </p>
   </div>
   <div class='ocr_carea' id='block_1_87' title="bbox 240 5149 1779 5228">
    <p class='ocr_par' dir='ltr' id='par_1_87' title="bbox 240 5149 1779 5228">
     <span class='ocr_line' id='line_1_87' title="bbox 240 5149 1779 5228; baseline 0.019 -50"><span class='ocrx_word' id='word_1_704' title='bbox 240 5161 453 5228; x_wconf 38' lang='grc' dir='ltr'><strong>,ἄλλως</strong></span> <span class='ocrx_word' id='word_1_705' title='bbox 479 5157 589 5225; x_wconf 64' lang='grc' dir='ltr'><strong>γὰρ</strong></span> <span class='ocrx_word' id='word_1_706' title='bbox 612 5155 709 5207; x_wconf 74' lang='grc' dir='ltr'><strong>οὐκ</strong></span> <span class='ocrx_word' id='word_1_707' title='bbox 737 5153 799 5205; x_wconf 74' lang='grc' dir='ltr'>ἄν</span> <span class='ocrx_word' id='word_1_708' title='bbox 813 5170 896 5214; x_wconf 84' lang='grc' dir='ltr'><strong>τις</strong></span> <span class='ocrx_word' id='word_1_709' title='bbox 930 5153 1036 5221; x_wconf 74' lang='grc' dir='ltr'>ἔχοι</span> <span class='ocrx_word' id='word_1_710' title='bbox 1061 5151 1224 5204; x_wconf 81' lang='grc' dir='ltr'>ταῦτα</span> <span class='ocrx_word' id='word_1_711' title='bbox 1238 5149 1322 5198; x_wconf 77' lang='grc' dir='ltr'>ἐπ’</span> <span class='ocrx_word' id='word_1_712' title='bbox 1345 5150 1502 5200; x_wconf 72' lang='grc' dir='ltr'>αὐτὸν</span> <span class='ocrx_word' id='word_1_713' title='bbox 1520 5153 1608 5204; x_wconf 78' lang='grc' dir='ltr'><strong>τὸν</strong></span> <span class='ocrx_word' id='word_1_714' title='bbox 1624 5156 1779 5206; x_wconf 82' lang='grc' dir='ltr'>Δαυῒδ</span> 
     </span>
    </p>
   </div>
   <div class='ocr_carea' id='block_1_88' title="bbox 232 5237 1777 5319">
    <p class='ocr_par' dir='ltr' id='par_1_88' title="bbox 232 5237 1777 5319">
     <span class='ocr_line' id='line_1_88' title="bbox 232 5237 1777 5319; baseline -0.004 -19"><span class='ocrx_word' id='word_1_715' title='bbox 232 5247 600 5319; x_wconf 69' lang='grc' dir='ltr'>ἐφαρμόζειν,</span> <span class='ocrx_word' id='word_1_716' title='bbox 632 5243 737 5294; x_wconf 74' lang='grc' dir='ltr'>οὐδ’</span> <span class='ocrx_word' id='word_1_717' title='bbox 768 5242 1014 5303; x_wconf 81' lang='grc' dir='ltr'>ἐπιδεῖξαι</span> <span class='ocrx_word' id='word_1_718' title='bbox 1049 5243 1124 5301; x_wconf 89' lang='grc' dir='ltr'><strong>είς</strong></span> <span class='ocrx_word' id='word_1_719' title='bbox 1150 5237 1349 5286; x_wconf 83' lang='grc' dir='ltr'>ἐκεῖνον</span> <span class='ocrx_word' id='word_1_720' title='bbox 1378 5239 1777 5310; x_wconf 75' lang='grc' dir='ltr'>πεπληρωμένα</span> 
     </span>
    </p>
   </div>
   <div class='ocr_carea' id='block_1_89' title="bbox 233 5326 1788 5408">
    <p class='ocr_par' dir='ltr' id='par_1_89' title="bbox 233 5326 1788 5408">
     <span class='ocr_line' id='line_1_89' title="bbox 233 5326 1788 5408; baseline -0.003 -19"><span class='ocrx_word' id='word_1_721' title='bbox 233 5338 303 5391; x_wconf 66' lang='grc' dir='ltr'>τὰ</span> <span class='ocrx_word' id='word_1_722' title='bbox 327 5336 683 5408; x_wconf 84' lang='grc' dir='ltr'>προκείμενα,</span> <span class='ocrx_word' id='word_1_723' title='bbox 702 5333 774 5393; x_wconf 81' lang='grc' dir='ltr'>ὡς</span> <span class='ocrx_word' id='word_1_724' title='bbox 789 5331 901 5382; x_wconf 66' lang='grc' dir='ltr'>οὐδὲ</span> <span class='ocrx_word' id='word_1_725' title='bbox 921 5333 984 5383; x_wconf 77' lang='grc' dir='ltr'>τὰ</span> <span class='ocrx_word' id='word_1_726' title='bbox 1013 5329 1298 5397; x_wconf 81' lang='grc' dir='ltr'>σεμνότερα</span> <span class='ocrx_word' id='word_1_727' title='bbox 1325 5326 1415 5377; x_wconf 67' lang='grc' dir='ltr'><strong>καὶ</strong></span> <span class='ocrx_word' id='word_1_728' title='bbox 1445 5333 1788 5402; x_wconf 75' lang='grc' dir='ltr'>χρηστότερα-</span> 
     </span>
    </p>
   </div>
   <div class='ocr_carea' id='block_1_90' title="bbox 236 5413 1776 5496">
    <p class='ocr_par' dir='ltr' id='par_1_90' title="bbox 236 5413 1776 5496">
     <span class='ocr_line' id='line_1_90' title="bbox 236 5413 1776 5496; baseline -0.005 -21"><span class='ocrx_word' id='word_1_729' title='bbox 236 5425 586 5496; x_wconf 74' lang='grc' dir='ltr'>ὲμφερόμενα</span> <span class='ocrx_word' id='word_1_730' title='bbox 607 5423 724 5481; x_wconf 87' lang='grc' dir='ltr'>ταῖς</span> <span class='ocrx_word' id='word_1_731' title='bbox 740 5419 828 5470; x_wconf 85' lang='grc' dir='ltr'><strong>τοῦ</strong></span> <span class='ocrx_word' id='word_1_732' title='bbox 847 5419 972 5470; x_wconf 86' lang='grc' dir='ltr'>Θεοῦ</span> <span class='ocrx_word' id='word_1_733' title='bbox 997 5413 1347 5480; x_wconf 86' lang='grc' dir='ltr'>ἐπαγγελίαις.</span> <span class='ocrx_word' id='word_1_734' title='bbox 1371 5415 1445 5464; x_wconf 78' lang='grc' dir='ltr'><strong>υὺ</strong></span> <span class='ocrx_word' id='word_1_735' title='bbox 1467 5416 1579 5484; x_wconf 84' lang='grc' dir='ltr'>γὰρ</span> <span class='ocrx_word' id='word_1_736' title='bbox 1599 5419 1662 5488; x_wconf 80' lang='grc' dir='ltr'>δὴ</span> <span class='ocrx_word' id='word_1_737' title='bbox 1683 5421 1776 5476; x_wconf 77' lang='grc' dir='ltr'><strong>τοῦ</strong></span> 
     </span>
    </p>
   </div>
   <div class='ocr_carea' id='block_1_91' title="bbox 207 5499 1773 5580">
    <p class='ocr_par' dir='ltr' id='par_1_91' title="bbox 207 5499 1773 5580">
     <span class='ocr_line' id='line_1_91' title="bbox 207 5499 1773 5580; baseline 0.033 -74"><span class='ocrx_word' id='word_1_738' title='bbox 207 5499 218 5506; x_wconf 85' lang='lat'><strong>,</strong></span> <span class='ocrx_word' id='word_1_739' title='bbox 237 5514 399 5566; x_wconf 58' lang='grc' dir='ltr'><strong>Δαυῖδ</strong></span> <span class='ocrx_word' id='word_1_740' title='bbox 419 5515 448 5564; x_wconf 65' lang='grc' dir='ltr'>ὁ</span> <span class='ocrx_word' id='word_1_741' title='bbox 475 5511 658 5580; x_wconf 56' lang='grc' dir='ltr'><strong>θρονος</strong></span> <span class='ocrx_word' id='word_1_742' title='bbox 685 5507 975 5574; x_wconf 73' lang='grc' dir='ltr'>κατηύγασε</span> <span class='ocrx_word' id='word_1_743' title='bbox 1001 5506 1093 5570; x_wconf 79' lang='grc' dir='ltr'>τὴν</span> <span class='ocrx_word' id='word_1_744' title='bbox 1119 5500 1402 5567; x_wconf 75' lang='grc' dir='ltr'>σύμπασαν</span> <span class='ocrx_word' id='word_1_745' title='bbox 1424 5504 1773 5578; x_wconf 78' lang='grc' dir='ltr'>οἰκουμένην,</span> 
     </span>
    </p>
   </div>
   <div class='ocr_carea' id='block_1_92' title="bbox 236 5588 1771 5670">
    <p class='ocr_par' dir='ltr' id='par_1_92' title="bbox 236 5588 1771 5670">
     <span class='ocr_line' id='line_1_92' title="bbox 236 5588 1771 5670; baseline -0.002 -18"><span class='ocrx_word' id='word_1_746' title='bbox 236 5602 391 5670; x_wconf 59' lang='grc' dir='ltr'>δίκην</span> <span class='ocrx_word' id='word_1_747' title='bbox 411 5601 560 5669; x_wconf 76' lang='grc' dir='ltr'>ἡλίου</span> <span class='ocrx_word' id='word_1_748' title='bbox 588 5597 833 5665; x_wconf 73' lang='grc' dir='ltr'>φωτίσας,</span> <span class='ocrx_word' id='word_1_749' title='bbox 851 5593 1078 5657; x_wconf 78' lang='grc' dir='ltr'>οὐδ’ὼςή</span> <span class='ocrx_word' id='word_1_750' title='bbox 1100 5588 1290 5656; x_wconf 85' lang='grc' dir='ltr'>σελήνη</span> <span class='ocrx_word' id='word_1_751' title='bbox 1315 5589 1545 5659; x_wconf 77' lang='grc' dir='ltr'>διαρκὴς</span> <span class='ocrx_word' id='word_1_752' title='bbox 1560 5594 1771 5663; x_wconf 83' lang='grc' dir='ltr'>γέγονε,</span> 
     </span>
    </p>
   </div>
   <div class='ocr_carea' id='block_1_93' title="bbox 240 5675 1774 5751">
    <p class='ocr_par' dir='ltr' id='par_1_93' title="bbox 240 5675 1774 5751">
     <span class='ocr_line' id='line_1_93' title="bbox 240 5675 1774 5751; baseline -0.004 -9"><span class='ocrx_word' id='word_1_753' title='bbox 240 5691 360 5745; x_wconf 75' lang='grc' dir='ltr'>οὐδὲ</span> <span class='ocrx_word' id='word_1_754' title='bbox 380 5692 454 5751; x_wconf 84' lang='grc' dir='ltr'>εἰς</span> <span class='ocrx_word' id='word_1_755' title='bbox 480 5690 564 5741; x_wconf 68' lang='grc' dir='ltr'><strong>τὸν</strong></span> <span class='ocrx_word' id='word_1_756' title='bbox 582 5687 740 5745; x_wconf 73' lang='grc' dir='ltr'>αἰῶνα</span> <span class='ocrx_word' id='word_1_757' title='bbox 764 5685 845 5738; x_wconf 73' lang='grc' dir='ltr'><strong>τοῦ</strong></span> <span class='ocrx_word' id='word_1_758' title='bbox 868 5684 1039 5741; x_wconf 58' lang='lat' dir='ltr'><strong>uicino;</strong></span> <span class='ocrx_word' id='word_1_759' title='bbox 1055 5675 1374 5743; x_wconf 68' lang='grc' dir='ltr'>διεφυλάχθη</span> <span class='ocrx_word' id='word_1_760' title='bbox 1400 5698 1409 5705; x_wconf 92' lang='grc'><strong>·</strong></span> <span class='ocrx_word' id='word_1_761' title='bbox 1433 5681 1547 5730; x_wconf 73' lang='grc' dir='ltr'>οὐδ’</span> <span class='ocrx_word' id='word_1_762' title='bbox 1563 5681 1676 5748; x_wconf 72' lang='grc' dir='ltr'>ἔχει</span> <span class='ocrx_word' id='word_1_763' title='bbox 1692 5685 1774 5737; x_wconf 85' lang='grc' dir='ltr'>λό-</span> 
     </span>
    </p>
   </div>
   <div class='ocr_carea' id='block_1_94' title="bbox 1879 3633 3399 3706">
    <p class='ocr_par' dir='ltr' id='par_1_94' title="bbox 1879 3633 3399 3706">
     <span class='ocr_line' id='line_1_94' title="bbox 1879 3633 3399 3706; baseline -0.001 -16"><span class='ocrx_word' id='word_1_764' title='bbox 1879 3637 2226 3706; x_wconf 60' lang='lat' dir='ltr'><strong>praenuntiata</strong></span> <span class='ocrx_word' id='word_1_765' title='bbox 2275 3643 2400 3690; x_wconf 89' lang='lat' dir='ltr'><strong>sunt</strong></span> <span class='ocrx_word' id='word_1_766' title='bbox 2441 3635 2526 3689; x_wconf 89' lang='lat' dir='ltr'><strong>his</strong></span> <span class='ocrx_word' id='word_1_767' title='bbox 2569 3635 2786 3688; x_wconf 78' lang='lat' dir='ltr'><strong>verbis:</strong></span> <span class='ocrx_word' id='word_1_768' title='bbox 2821 3633 2897 3686; x_wconf 84' lang='lat' dir='ltr'><strong>Tu</strong></span> <span class='ocrx_word' id='word_1_769' title='bbox 2923 3651 3037 3687; x_wconf 79' lang='lat' dir='ltr'><strong>vero</strong></span> <span class='ocrx_word' id='word_1_770' title='bbox 3081 3637 3314 3702; x_wconf 63' lang='lat' dir='ltr'><strong>reppulisti</strong></span> <span class='ocrx_word' id='word_1_771' title='bbox 3347 3647 3399 3690; x_wconf 81' lang='lat' dir='ltr'><strong>et</strong></span> 
     </span>
    </p>
   </div>
   <div class='ocr_carea' id='block_1_95' title="bbox 1876 3725 3396 3795">
    <p class='ocr_par' dir='ltr' id='par_1_95' title="bbox 1876 3725 3396 3795">
     <span class='ocr_line' id='line_1_95' title="bbox 1876 3725 3396 3795; baseline 0.001 -19"><span class='ocrx_word' id='word_1_772' title='bbox 1876 3727 2170 3795; x_wconf 73' lang='lat' dir='ltr'><strong>despexisti,</strong></span> <span class='ocrx_word' id='word_1_773' title='bbox 2203 3725 2432 3794; x_wconf 75' lang='lat' dir='ltr'><strong>abjecisti</strong></span> <span class='ocrx_word' id='word_1_774' title='bbox 2454 3725 2717 3778; x_wconf 79' lang='lat' dir='ltr'><strong>Christum</strong></span> <span class='ocrx_word' id='word_1_775' title='bbox 2740 3737 2903 3777; x_wconf 84' lang='lat' dir='ltr'><strong>tuum.</strong></span> <span class='ocrx_word' id='word_1_776' title='bbox 2936 3727 3041 3776; x_wconf 91' lang='lat' dir='ltr'><strong>Pro</strong></span> <span class='ocrx_word' id='word_1_777' title='bbox 3079 3740 3185 3793; x_wconf 91' lang='lat' dir='ltr'><strong>quo</strong></span> <span class='ocrx_word' id='word_1_778' title='bbox 3210 3727 3396 3793; x_wconf 85' lang='lat' dir='ltr'><strong>Aquila</strong></span> 
     </span>
    </p>
   </div>
   <div class='ocr_carea' id='block_1_96' title="bbox 1879 3815 3395 3883">
    <p class='ocr_par' dir='ltr' id='par_1_96' title="bbox 1879 3815 3395 3883">
     <span class='ocr_line' id='line_1_96' title="bbox 1879 3815 3395 3883; baseline -0.001 -13"><span class='ocrx_word' id='word_1_779' title='bbox 1879 3818 1952 3870; x_wconf 89' lang='lat' dir='ltr'><strong>ait</strong></span> <span class='ocrx_word' id='word_1_780' title='bbox 1983 3837 1996 3870; x_wconf 76' lang='grc' dir='ltr'><strong>ε</strong></span> <span class='ocrx_word' id='word_1_781' title='bbox 2027 3817 2288 3868; x_wconf 79' lang='lat' dir='ltr'><strong>Distulistt‘</strong></span> <span class='ocrx_word' id='word_1_782' title='bbox 2315 3831 2428 3868; x_wconf 76' lang='lat' dir='ltr'><strong>cum</strong></span> <span class='ocrx_word' id='word_1_783' title='bbox 2463 3825 2614 3868; x_wconf 86' lang='lat' dir='ltr'><strong>uncto</strong></span> <span class='ocrx_word' id='word_1_784' title='bbox 2646 3826 2765 3876; x_wconf 86' lang='lat' dir='ltr'><strong>tuo;</strong></span> <span class='ocrx_word' id='word_1_785' title='bbox 2795 3815 3146 3883; x_wconf 82' lang='lat' dir='ltr'><strong>Symmachus</strong></span> <span class='ocrx_word' id='word_1_786' title='bbox 3173 3823 3346 3868; x_wconf 87' lang='lat' dir='ltr'><strong>autem</strong></span> <span class='ocrx_word' id='word_1_787' title='bbox 3380 3833 3395 3869; x_wconf 90' lang='lat'>:</span> 
     </span>
    </p>
   </div>
   <div class='ocr_carea' id='block_1_97' title="bbox 1881 3903 3398 3972">
    <p class='ocr_par' dir='ltr' id='par_1_97' title="bbox 1881 3903 3398 3972">
     <span class='ocr_line' id='line_1_97' title="bbox 1881 3903 3398 3972; baseline 0 -14"><span class='ocrx_word' id='word_1_788' title='bbox 1881 3905 2056 3958; x_wconf 80' lang='lat' dir='ltr'><strong>Iratus</strong></span> <span class='ocrx_word' id='word_1_789' title='bbox 2105 3922 2156 3958; x_wconf 87' lang='lat' dir='ltr'><strong>es</strong></span> <span class='ocrx_word' id='word_1_790' title='bbox 2203 3915 2383 3958; x_wconf 82' lang='lat' dir='ltr'><strong>contra</strong></span> <span class='ocrx_word' id='word_1_791' title='bbox 2427 3904 2687 3958; x_wconf 76' lang='lat' dir='ltr'><strong>Christum</strong></span> <span class='ocrx_word' id='word_1_792' title='bbox 2726 3913 2888 3956; x_wconf 84' lang='lat' dir='ltr'><strong>tuum.</strong></span> <span class='ocrx_word' id='word_1_793' title='bbox 2921 3903 3069 3956; x_wconf 91' lang='lat' dir='ltr'><strong>Tunc</strong></span> <span class='ocrx_word' id='word_1_794' title='bbox 3097 3920 3256 3972; x_wconf 90' lang='lat' dir='ltr'><strong>porro</strong></span> <span class='ocrx_word' id='word_1_795' title='bbox 3281 3921 3398 3972; x_wconf 68' lang='lat' dir='ltr'><strong>qua</strong></span> 
     </span>
    </p>
   </div>
   <div class='ocr_carea' id='block_1_98' title="bbox 1878 3995 3382 4065">
    <p class='ocr_par' dir='ltr' id='par_1_98' title="bbox 1878 3995 3382 4065">
     <span class='ocr_line' id='line_1_98' title="bbox 1878 3995 3382 4065; baseline -0.001 -15"><span class='ocrx_word' id='word_1_796' title='bbox 1878 3997 1940 4050; x_wconf 86' lang='lat' dir='ltr'><strong>ad</strong></span> <span class='ocrx_word' id='word_1_797' title='bbox 1971 4004 2340 4052; x_wconf 85' lang='lat' dir='ltr'><strong>testamentum</strong></span> <span class='ocrx_word' id='word_1_798' title='bbox 2383 3995 2638 4065; x_wconf 86' lang='lat' dir='ltr'><strong>apostolis</strong></span> <span class='ocrx_word' id='word_1_799' title='bbox 2668 3995 2849 4048; x_wconf 88' lang='lat' dir='ltr'><strong>datum</strong></span> <span class='ocrx_word' id='word_1_800' title='bbox 2878 3995 3210 4062; x_wconf 85' lang='lat' dir='ltr'><strong>spectabant,</strong></span> <span class='ocrx_word' id='word_1_801' title='bbox 3241 3996 3382 4049; x_wconf 88' lang='lat' dir='ltr'><strong>dissi-</strong></span> 
     </span>
    </p>
   </div>
   <div class='ocr_carea' id='block_1_99' title="bbox 1877 4084 3393 4156">
    <p class='ocr_par' dir='ltr' id='par_1_99' title="bbox 1877 4084 3393 4156">
     <span class='ocr_line' id='line_1_99' title="bbox 1877 4084 3393 4156; baseline -0.002 -17"><span class='ocrx_word' id='word_1_802' title='bbox 1877 4096 1996 4156; x_wconf 86' lang='lat' dir='ltr'><strong>pata</strong></span> <span class='ocrx_word' id='word_1_803' title='bbox 2035 4095 2177 4147; x_wconf 88' lang='lat' dir='ltr'><strong>sunt,</strong></span> <span class='ocrx_word' id='word_1_804' title='bbox 2207 4087 2419 4154; x_wconf 86' lang='lat' dir='ltr'><strong>quando</strong></span> <span class='ocrx_word' id='word_1_805' title='bbox 2463 4086 2636 4153; x_wconf 90' lang='lat' dir='ltr'><strong>ipsum</strong></span> <span class='ocrx_word' id='word_1_806' title='bbox 2688 4084 3034 4151; x_wconf 88' lang='lat' dir='ltr'><strong>abnegarunt.</strong></span> <span class='ocrx_word' id='word_1_807' title='bbox 3063 4092 3116 4137; x_wconf 93' lang='lat' dir='ltr'><strong>et</strong></span> <span class='ocrx_word' id='word_1_808' title='bbox 3147 4093 3393 4137; x_wconf 83' lang='lat' dir='ltr'><strong>sanctua-</strong></span> 
     </span>
    </p>
   </div>
   <div class='ocr_carea' id='block_1_100' title="bbox 1877 4170 3396 4241">
    <p class='ocr_par' dir='ltr' id='par_1_100' title="bbox 1877 4170 3396 4241">
     <span class='ocr_line' id='line_1_100' title="bbox 1877 4170 3396 4241; baseline -0.002 -14"><span class='ocrx_word' id='word_1_809' title='bbox 1877 4176 2013 4227; x_wconf 88' lang='lat' dir='ltr'><strong>rium</strong></span> <span class='ocrx_word' id='word_1_810' title='bbox 2045 4174 2180 4241; x_wconf 87' lang='lat' dir='ltr'><strong>ejus,</strong></span> <span class='ocrx_word' id='word_1_811' title='bbox 2217 4173 2266 4226; x_wconf 91' lang='lat' dir='ltr'><strong>id</strong></span> <span class='ocrx_word' id='word_1_812' title='bbox 2310 4183 2392 4226; x_wconf 85' lang='lat' dir='ltr'><strong>est</strong></span> <span class='ocrx_word' id='word_1_813' title='bbox 2435 4187 2632 4240; x_wconf 85' lang='lat' dir='ltr'><strong>corpus</strong></span> <span class='ocrx_word' id='word_1_814' title='bbox 2677 4185 2741 4223; x_wconf 79' lang='lat' dir='ltr'><strong>ex</strong></span> <span class='ocrx_word' id='word_1_815' title='bbox 2791 4179 2975 4223; x_wconf 83' lang='lat' dir='ltr'><strong>saneta</strong></span> <span class='ocrx_word' id='word_1_816' title='bbox 3015 4170 3228 4240; x_wconf 80' lang='lat' dir='ltr'><strong>Virgine</strong></span> <span class='ocrx_word' id='word_1_817' title='bbox 3253 4187 3396 4225; x_wconf 85' lang='lat' dir='ltr'><strong>acce-</strong></span> 
     </span>
    </p>
   </div>
   <div class='ocr_carea' id='block_1_101' title="bbox 1878 4259 3396 4331">
    <p class='ocr_par' dir='ltr' id='par_1_101' title="bbox 1878 4259 3396 4331">
     <span class='ocr_line' id='line_1_101' title="bbox 1878 4259 3396 4331; baseline -0.001 -16"><span class='ocrx_word' id='word_1_818' title='bbox 1878 4271 2043 4331; x_wconf 88' lang='lat' dir='ltr'><strong>ptum,</strong></span> <span class='ocrx_word' id='word_1_819' title='bbox 2072 4264 2123 4315; x_wconf 89' lang='lat' dir='ltr'><strong>in</strong></span> <span class='ocrx_word' id='word_1_820' title='bbox 2161 4271 2298 4315; x_wconf 87' lang='lat' dir='ltr'><strong>terra</strong></span> <span class='ocrx_word' id='word_1_821' title='bbox 2331 4261 2664 4330; x_wconf 82' lang='lat' dir='ltr'><strong>profanatum</strong></span> <span class='ocrx_word' id='word_1_822' title='bbox 2713 4268 2814 4313; x_wconf 89' lang='lat' dir='ltr'><strong>est.</strong></span> <span class='ocrx_word' id='word_1_823' title='bbox 2859 4259 2966 4311; x_wconf 78' lang='lat' dir='ltr'><strong>lino</strong></span> <span class='ocrx_word' id='word_1_824' title='bbox 3010 4262 3167 4312; x_wconf 88' lang='lat' dir='ltr'><strong>etiam</strong></span> <span class='ocrx_word' id='word_1_825' title='bbox 3212 4275 3396 4313; x_wconf 88' lang='lat' dir='ltr'><strong>omnes</strong></span> 
     </span>
    </p>
   </div>
   <div class='ocr_carea' id='block_1_102' title="bbox 1877 4348 3396 4419">
    <p class='ocr_par' dir='ltr' id='par_1_102' title="bbox 1877 4348 3396 4419">
     <span class='ocr_line' id='line_1_102' title="bbox 1877 4348 3396 4419; baseline -0.003 -15"><span class='ocrx_word' id='word_1_826' title='bbox 1877 4367 2028 4419; x_wconf 81' lang='lat' dir='ltr'><strong>sepes</strong></span> <span class='ocrx_word' id='word_1_827' title='bbox 2053 4351 2170 4418; x_wconf 87' lang='lat' dir='ltr'><strong>ejus</strong></span> <span class='ocrx_word' id='word_1_828' title='bbox 2202 4358 2334 4403; x_wconf 85' lang='lat' dir='ltr'><strong>tunc</strong></span> <span class='ocrx_word' id='word_1_829' title='bbox 2364 4349 2585 4403; x_wconf 87' lang='lat' dir='ltr'><strong>abstulit</strong></span> <span class='ocrx_word' id='word_1_830' title='bbox 2620 4350 2776 4412; x_wconf 89' lang='lat' dir='ltr'><strong>Deus,</strong></span> <span class='ocrx_word' id='word_1_831' title='bbox 2800 4348 3044 4402; x_wconf 86' lang='lat' dir='ltr'><strong>videlicet</strong></span> <span class='ocrx_word' id='word_1_832' title='bbox 3067 4350 3282 4416; x_wconf 76' lang='lat' dir='ltr'><strong>angelos</strong></span> <span class='ocrx_word' id='word_1_833' title='bbox 3302 4359 3396 4401; x_wconf 83' lang='lat' dir='ltr'><strong>Sll-</strong></span> 
     </span>
    </p>
   </div>
   <div class='ocr_carea' id='block_1_103' title="bbox 1877 4438 3392 4507">
    <p class='ocr_par' dir='ltr' id='par_1_103' title="bbox 1877 4438 3392 4507">
     <span class='ocr_line' id='line_1_103' title="bbox 1877 4438 3392 4507; baseline 0 -16"><span class='ocrx_word' id='word_1_834' title='bbox 1877 4449 2061 4507; x_wconf 90' lang='lat' dir='ltr'><strong>pantes</strong></span> <span class='ocrx_word' id='word_1_835' title='bbox 2091 4455 2232 4500; x_wconf 88' lang='lat' dir='ltr'><strong>eum,</strong></span> <span class='ocrx_word' id='word_1_836' title='bbox 2267 4453 2330 4491; x_wconf 87' lang='lat' dir='ltr'><strong>ac</strong></span> <span class='ocrx_word' id='word_1_837' title='bbox 2358 4438 2658 4491; x_wconf 87' lang='lat' dir='ltr'><strong>satellitium</strong></span> <span class='ocrx_word' id='word_1_838' title='bbox 2687 4445 2902 4505; x_wconf 79' lang='lat' dir='ltr'><strong>agentes</strong></span> <span class='ocrx_word' id='word_1_839' title='bbox 2929 4445 2980 4490; x_wconf 87' lang='lat' dir='ltr'><strong>ct</strong></span> <span class='ocrx_word' id='word_1_840' title='bbox 3012 4438 3392 4491; x_wconf 86' lang='lat' dir='ltr'><strong>ministrantes.</strong></span> 
     </span>
    </p>
   </div>
   <div class='ocr_carea' id='block_1_104' title="bbox 1875 4525 3394 4597">
    <p class='ocr_par' dir='ltr' id='par_1_104' title="bbox 1875 4525 3394 4597">
     <span class='ocr_line' id='line_1_104' title="bbox 1875 4525 3394 4597; baseline 0 -17"><span class='ocrx_word' id='word_1_841' title='bbox 1875 4527 2108 4597; x_wconf 83' lang='lat' dir='ltr'><strong>Itemque</strong></span> <span class='ocrx_word' id='word_1_842' title='bbox 2160 4529 2481 4580; x_wconf 88' lang='lat' dir='ltr'><strong>munimenta</strong></span> <span class='ocrx_word' id='word_1_843' title='bbox 2532 4527 2649 4594; x_wconf 88' lang='lat' dir='ltr'><strong>ejus</strong></span> <span class='ocrx_word' id='word_1_844' title='bbox 2699 4526 2892 4580; x_wconf 83' lang='lat' dir='ltr'><strong>ablata.</strong></span> <span class='ocrx_word' id='word_1_845' title='bbox 2918 4525 2990 4578; x_wconf 85' lang='lat' dir='ltr'><strong>Ea</strong></span> <span class='ocrx_word' id='word_1_846' title='bbox 3035 4535 3210 4581; x_wconf 90' lang='lat' dir='ltr'><strong>autem</strong></span> <span class='ocrx_word' id='word_1_847' title='bbox 3243 4535 3394 4582; x_wconf 90' lang='lat' dir='ltr'><strong>erant</strong></span> 
     </span>
    </p>
   </div>
   <div class='ocr_carea' id='block_1_105' title="bbox 1876 4615 3391 4688">
    <p class='ocr_par' dir='ltr' id='par_1_105' title="bbox 1876 4615 3391 4688">
     <span class='ocr_line' id='line_1_105' title="bbox 1876 4615 3391 4688; baseline -0.003 -15"><span class='ocrx_word' id='word_1_848' title='bbox 1876 4621 2101 4688; x_wconf 85' lang='lat' dir='ltr'><strong>apostoli</strong></span> <span class='ocrx_word' id='word_1_849' title='bbox 2152 4620 2268 4687; x_wconf 89' lang='lat' dir='ltr'><strong>ejus</strong></span> <span class='ocrx_word' id='word_1_850' title='bbox 2307 4629 2364 4672; x_wconf 87' lang='lat' dir='ltr'><strong>et</strong></span> <span class='ocrx_word' id='word_1_851' title='bbox 2409 4618 2675 4685; x_wconf 89' lang='lat' dir='ltr'><strong>discipuli,</strong></span> <span class='ocrx_word' id='word_1_852' title='bbox 2701 4619 2789 4686; x_wconf 88' lang='lat' dir='ltr'><strong>qui</strong></span> <span class='ocrx_word' id='word_1_853' title='bbox 2818 4624 2962 4669; x_wconf 88' lang='lat' dir='ltr'><strong>tanta</strong></span> <span class='ocrx_word' id='word_1_854' title='bbox 2993 4615 3274 4672; x_wconf 81' lang='lat' dir='ltr'><strong>formidine</strong></span> <span class='ocrx_word' id='word_1_855' title='bbox 3306 4633 3391 4670; x_wconf 83' lang='lat' dir='ltr'><strong>re-</strong></span> 
     </span>
    </p>
   </div>
   <div class='ocr_carea' id='block_1_106' title="bbox 1874 4707 3392 4780">
    <p class='ocr_par' dir='ltr' id='par_1_106' title="bbox 1874 4707 3392 4780">
     <span class='ocr_line' id='line_1_106' title="bbox 1874 4707 3392 4780; baseline -0.003 -16"><span class='ocrx_word' id='word_1_856' title='bbox 1874 4711 2000 4780; x_wconf 85' lang='lat' dir='ltr'><strong>pleti</strong></span> <span class='ocrx_word' id='word_1_857' title='bbox 2039 4718 2184 4772; x_wconf 90' lang='lat' dir='ltr'><strong>sunt,</strong></span> <span class='ocrx_word' id='word_1_858' title='bbox 2224 4719 2279 4762; x_wconf 87' lang='lat' dir='ltr'><strong>ttt</strong></span> <span class='ocrx_word' id='word_1_859' title='bbox 2311 4709 2633 4776; x_wconf 86' lang='lat' dir='ltr'><strong>abnegarent</strong></span> <span class='ocrx_word' id='word_1_860' title='bbox 2668 4723 2812 4768; x_wconf 87' lang='lat' dir='ltr'><strong>eum,</strong></span> <span class='ocrx_word' id='word_1_861' title='bbox 2843 4707 3060 4776; x_wconf 83' lang='lat' dir='ltr'><strong>ipsoque</strong></span> <span class='ocrx_word' id='word_1_862' title='bbox 3093 4710 3278 4762; x_wconf 88' lang='lat' dir='ltr'><strong>relicto</strong></span> <span class='ocrx_word' id='word_1_863' title='bbox 3309 4708 3392 4760; x_wconf 80' lang='lat' dir='ltr'><strong>fu-</strong></span> 
     </span>
    </p>
   </div>
   <div class='ocr_carea' id='block_1_107' title="bbox 1875 4795 3394 4868">
    <p class='ocr_par' dir='ltr' id='par_1_107' title="bbox 1875 4795 3394 4868">
     <span class='ocr_line' id='line_1_107' title="bbox 1875 4795 3394 4868; baseline -0.002 -17"><span class='ocrx_word' id='word_1_864' title='bbox 1875 4808 2075 4868; x_wconf 82' lang='lat' dir='ltr'><strong>gerent.</strong></span> <span class='ocrx_word' id='word_1_865' title='bbox 2109 4795 2259 4852; x_wconf 83' lang='lat' dir='ltr'><strong>Tunc</strong></span> <span class='ocrx_word' id='word_1_866' title='bbox 2291 4805 2463 4850; x_wconf 88' lang='lat' dir='ltr'><strong>autem</strong></span> <span class='ocrx_word' id='word_1_867' title='bbox 2495 4795 2668 4850; x_wconf 80' lang='lat' dir='ltr'><strong>factus</strong></span> <span class='ocrx_word' id='word_1_868' title='bbox 2701 4805 2782 4849; x_wconf 88' lang='lat' dir='ltr'><strong>est</strong></span> <span class='ocrx_word' id='word_1_869' title='bbox 2810 4797 2862 4849; x_wconf 91' lang='lat' dir='ltr'><strong>in</strong></span> <span class='ocrx_word' id='word_1_870' title='bbox 2889 4797 3232 4864; x_wconf 88' lang='lat' dir='ltr'><strong>opprobrium</strong></span> <span class='ocrx_word' id='word_1_871' title='bbox 3265 4799 3394 4850; x_wconf 87' lang='lat' dir='ltr'><strong>vici-</strong></span> 
     </span>
    </p>
   </div>
   <div class='ocr_carea' id='block_1_108' title="bbox 1873 4884 3390 4951">
    <p class='ocr_par' dir='ltr' id='par_1_108' title="bbox 1873 4884 3390 4951">
     <span class='ocr_line' id='line_1_108' title="bbox 1873 4884 3390 4951; baseline -0.002 -10"><span class='ocrx_word' id='word_1_872' title='bbox 1873 4891 1959 4942; x_wconf 87' lang='lat' dir='ltr'><strong>nis</strong></span> <span class='ocrx_word' id='word_1_873' title='bbox 1989 4889 2124 4951; x_wconf 87' lang='lat' dir='ltr'><strong>suis,</strong></span> <span class='ocrx_word' id='word_1_874' title='bbox 2153 4895 2205 4940; x_wconf 90' lang='lat' dir='ltr'><strong>et</strong></span> <span class='ocrx_word' id='word_1_875' title='bbox 2229 4887 2454 4939; x_wconf 86' lang='lat' dir='ltr'><strong>exaltata</strong></span> <span class='ocrx_word' id='word_1_876' title='bbox 2483 4893 2565 4939; x_wconf 83' lang='lat' dir='ltr'><strong>est</strong></span> <span class='ocrx_word' id='word_1_877' title='bbox 2592 4885 2805 4939; x_wconf 78' lang='lat' dir='ltr'><strong>dextera</strong></span> <span class='ocrx_word' id='word_1_878' title='bbox 2836 4884 3201 4938; x_wconf 87' lang='lat' dir='ltr'><strong>tribulantium</strong></span> <span class='ocrx_word' id='word_1_879' title='bbox 3230 4901 3349 4937; x_wconf 89' lang='lat' dir='ltr'><strong>eum</strong></span> <span class='ocrx_word' id='word_1_880' title='bbox 3376 4903 3390 4938; x_wconf 89' lang='lat'>:</span> 
     </span>
    </p>
   </div>
   <div class='ocr_carea' id='block_1_109' title="bbox 1875 4969 3398 5040">
    <p class='ocr_par' dir='ltr' id='par_1_109' title="bbox 1875 4969 3398 5040">
     <span class='ocr_line' id='line_1_109' title="bbox 1875 4969 3398 5040; baseline -0.005 -12"><span class='ocrx_word' id='word_1_881' title='bbox 1875 4991 1938 5029; x_wconf 88' lang='lat' dir='ltr'><strong>ac</strong></span> <span class='ocrx_word' id='word_1_882' title='bbox 1974 4983 2161 5028; x_wconf 56' lang='lat' dir='ltr'><strong>caetera</strong></span> <span class='ocrx_word' id='word_1_883' title='bbox 2191 4974 2368 5028; x_wconf 87' lang='lat' dir='ltr'><strong>omnia</strong></span> <span class='ocrx_word' id='word_1_884' title='bbox 2401 4973 2454 5024; x_wconf 93' lang='lat' dir='ltr'><strong>in</strong></span> <span class='ocrx_word' id='word_1_885' title='bbox 2477 4987 2562 5032; x_wconf 89' lang='lat' dir='ltr'><strong>eo,</strong></span> <span class='ocrx_word' id='word_1_886' title='bbox 2591 4973 2683 5040; x_wconf 89' lang='lat' dir='ltr'><strong>qui</strong></span> <span class='ocrx_word' id='word_1_887' title='bbox 2713 4988 2777 5025; x_wconf 77' lang='lat' dir='ltr'><strong>ex</strong></span> <span class='ocrx_word' id='word_1_888' title='bbox 2805 4971 3006 5024; x_wconf 89' lang='lat' dir='ltr'><strong>semine</strong></span> <span class='ocrx_word' id='word_1_889' title='bbox 3034 4969 3252 5025; x_wconf 82' lang='lat' dir='ltr'><strong>Davidis</strong></span> <span class='ocrx_word' id='word_1_890' title='bbox 3283 4987 3398 5038; x_wconf 87' lang='lat' dir='ltr'><strong>pro-</strong></span> 
     </span>
    </p>
   </div>
   <div class='ocr_carea' id='block_1_110' title="bbox 1873 5061 3401 5132">
    <p class='ocr_par' dir='ltr' id='par_1_110' title="bbox 1873 5061 3401 5132">
     <span class='ocr_line' id='line_1_110' title="bbox 1873 5061 3401 5132; baseline -0.003 -14"><span class='ocrx_word' id='word_1_891' title='bbox 1873 5066 2064 5128; x_wconf 89' lang='lat' dir='ltr'><strong>dierat,</strong></span> <span class='ocrx_word' id='word_1_892' title='bbox 2101 5073 2226 5116; x_wconf 92' lang='lat' dir='ltr'><strong>tunc</strong></span> <span class='ocrx_word' id='word_1_893' title='bbox 2258 5064 2467 5132; x_wconf 82' lang='lat' dir='ltr'><strong>impleta</strong></span> <span class='ocrx_word' id='word_1_894' title='bbox 2514 5071 2658 5117; x_wconf 84' lang='lat' dir='ltr'><strong>sunt.</strong></span> <span class='ocrx_word' id='word_1_895' title='bbox 2688 5063 2832 5115; x_wconf 86' lang='lat' dir='ltr'><strong>Alias</strong></span> <span class='ocrx_word' id='word_1_896' title='bbox 2872 5061 3011 5113; x_wconf 90' lang='lat' dir='ltr'><strong>enim</strong></span> <span class='ocrx_word' id='word_1_897' title='bbox 3043 5075 3202 5112; x_wconf 87' lang='lat' dir='ltr'><strong>nemo</strong></span> <span class='ocrx_word' id='word_1_898' title='bbox 3236 5063 3401 5128; x_wconf 84' lang='lat' dir='ltr'><strong>possit</strong></span> 
     </span>
    </p>
   </div>
   <div class='ocr_carea' id='block_1_111' title="bbox 1874 5150 3402 5222">
    <p class='ocr_par' dir='ltr' id='par_1_111' title="bbox 1874 5150 3402 5222">
     <span class='ocr_line' id='line_1_111' title="bbox 1874 5150 3402 5222; baseline -0.004 -14"><span class='ocrx_word' id='word_1_899' title='bbox 1874 5155 2056 5208; x_wconf 65' lang='lat' dir='ltr'><strong>isthmc</strong></span> <span class='ocrx_word' id='word_1_900' title='bbox 2101 5155 2199 5222; x_wconf 91' lang='lat' dir='ltr'><strong>ipsi</strong></span> <span class='ocrx_word' id='word_1_901' title='bbox 2253 5152 2435 5204; x_wconf 88' lang='lat' dir='ltr'><strong>Davidi</strong></span> <span class='ocrx_word' id='word_1_902' title='bbox 2475 5162 2748 5221; x_wconf 72' lang='lat' dir='ltr'><strong>coeptare,</strong></span> <span class='ocrx_word' id='word_1_903' title='bbox 2777 5163 2948 5216; x_wconf 88' lang='lat' dir='ltr'><strong>neque</strong></span> <span class='ocrx_word' id='word_1_904' title='bbox 2974 5150 3263 5202; x_wconf 85' lang='lat' dir='ltr'><strong>ostendere</strong></span> <span class='ocrx_word' id='word_1_905' title='bbox 3288 5150 3402 5206; x_wconf 69' lang='lat' dir='ltr'><strong>[nec</strong></span> 
     </span>
    </p>
   </div>
   <div class='ocr_carea' id='block_1_112' title="bbox 1875 5243 3407 5312">
    <p class='ocr_par' dir='ltr' id='par_1_112' title="bbox 1875 5243 3407 5312">
     <span class='ocr_line' id='line_1_112' title="bbox 1875 5243 3407 5312; baseline -0.005 -15"><span class='ocrx_word' id='word_1_906' title='bbox 1875 5260 1992 5312; x_wconf 65' lang='lat' dir='ltr'><strong>quae</strong></span> <span class='ocrx_word' id='word_1_907' title='bbox 2019 5253 2307 5296; x_wconf 88' lang='lat' dir='ltr'><strong>tractamus</strong></span> <span class='ocrx_word' id='word_1_908' title='bbox 2329 5243 2540 5309; x_wconf 80' lang='lat' dir='ltr'><strong>impleta</strong></span> <span class='ocrx_word' id='word_1_909' title='bbox 2570 5244 2622 5296; x_wconf 91' lang='lat' dir='ltr'><strong>in</strong></span> <span class='ocrx_word' id='word_1_910' title='bbox 2656 5244 2772 5310; x_wconf 86' lang='lat' dir='ltr'><strong>ipso</strong></span> <span class='ocrx_word' id='word_1_911' title='bbox 2799 5254 2954 5300; x_wconf 84' lang='lat' dir='ltr'><strong>esse;</strong></span> <span class='ocrx_word' id='word_1_912' title='bbox 2976 5244 3032 5288; x_wconf 89' lang='lat' dir='ltr'><strong>ut</strong></span> <span class='ocrx_word' id='word_1_913' title='bbox 3064 5253 3244 5304; x_wconf 82' lang='lat' dir='ltr'><strong>neque</strong></span> <span class='ocrx_word' id='word_1_914' title='bbox 3276 5254 3407 5304; x_wconf 72' lang='lat' dir='ltr'><strong>pra:—</strong></span> 
     </span>
    </p>
   </div>
   <div class='ocr_carea' id='block_1_113' title="bbox 1874 5317 3442 5399">
    <p class='ocr_par' dir='ltr' id='par_1_113' title="bbox 1874 5317 3442 5399">
     <span class='ocr_line' id='line_1_113' title="bbox 1874 5317 3442 5399; baseline -0.006 -11"><span class='ocrx_word' id='word_1_915' title='bbox 1874 5335 2129 5388; x_wconf 89' lang='lat' dir='ltr'><strong>stantiora</strong></span> <span class='ocrx_word' id='word_1_916' title='bbox 2158 5341 2210 5386; x_wconf 89' lang='lat' dir='ltr'><strong>ct</strong></span> <span class='ocrx_word' id='word_1_917' title='bbox 2238 5332 2448 5384; x_wconf 80' lang='lat' dir='ltr'><strong>mitiora</strong></span> <span class='ocrx_word' id='word_1_918' title='bbox 2477 5347 2594 5399; x_wconf 71' lang='lat' dir='ltr'><strong>qua:</strong></span> <span class='ocrx_word' id='word_1_919' title='bbox 2623 5333 2675 5384; x_wconf 92' lang='lat' dir='ltr'><strong>in</strong></span> <span class='ocrx_word' id='word_1_920' title='bbox 2707 5328 2989 5398; x_wconf 86' lang='lat' dir='ltr'><strong>promissis</strong></span> <span class='ocrx_word' id='word_1_921' title='bbox 3018 5323 3120 5376; x_wconf 85' lang='lat' dir='ltr'><strong>Dei</strong></span> <span class='ocrx_word' id='word_1_922' title='bbox 3150 5327 3411 5380; x_wconf 77' lang='lat' dir='ltr'><strong>teruntur.</strong></span> <span class='ocrx_word' id='word_1_923' title='bbox 3437 5317 3442 5326; x_wconf 81' lang='grc'><strong>’</strong></span> 
     </span>
    </p>
   </div>
   <div class='ocr_carea' id='block_1_114' title="bbox 1872 5415 3420 5490">
    <p class='ocr_par' dir='ltr' id='par_1_114' title="bbox 1872 5415 3420 5490">
     <span class='ocr_line' id='line_1_114' title="bbox 1872 5415 3420 5490; baseline -0.005 -14"><span class='ocrx_word' id='word_1_924' title='bbox 1872 5423 2051 5490; x_wconf 82' lang='lat' dir='ltr'><strong>Neque</strong></span> <span class='ocrx_word' id='word_1_925' title='bbox 2069 5423 2208 5475; x_wconf 91' lang='lat' dir='ltr'><strong>cnim</strong></span> <span class='ocrx_word' id='word_1_926' title='bbox 2227 5420 2439 5474; x_wconf 86' lang='lat' dir='ltr'><strong>Davidis</strong></span> <span class='ocrx_word' id='word_1_927' title='bbox 2459 5421 2682 5476; x_wconf 83' lang='lat' dir='ltr'><strong>thronus</strong></span> <span class='ocrx_word' id='word_1_928' title='bbox 2704 5419 2891 5472; x_wconf 84' lang='lat' dir='ltr'><strong>radios</strong></span> <span class='ocrx_word' id='word_1_929' title='bbox 2912 5415 3085 5468; x_wconf 84' lang='lat' dir='ltr'><strong>instar</strong></span> <span class='ocrx_word' id='word_1_930' title='bbox 3111 5415 3250 5466; x_wconf 71' lang='lat' dir='ltr'><strong>solis</strong></span> <span class='ocrx_word' id='word_1_931' title='bbox 3269 5417 3420 5468; x_wconf 87' lang='lat' dir='ltr'><strong>emit-</strong></span> 
     </span>
    </p>
   </div>
   <div class='ocr_carea' id='block_1_115' title="bbox 1867 5501 3428 5572">
    <p class='ocr_par' dir='ltr' id='par_1_115' title="bbox 1867 5501 3428 5572">
     <span class='ocr_line' id='line_1_115' title="bbox 1867 5501 3428 5572; baseline -0.01 -6"><span class='ocrx_word' id='word_1_932' title='bbox 1867 5513 2031 5566; x_wconf 64' lang='lat' dir='ltr'><strong>!endo</strong></span> <span class='ocrx_word' id='word_1_933' title='bbox 2063 5519 2229 5562; x_wconf 90' lang='lat' dir='ltr'><strong>totum</strong></span> <span class='ocrx_word' id='word_1_934' title='bbox 2260 5511 2576 5564; x_wconf 84' lang='lat' dir='ltr'><strong>illuminavit</strong></span> <span class='ocrx_word' id='word_1_935' title='bbox 2598 5512 2812 5571; x_wconf 76' lang='lat' dir='ltr'><strong>orbem,</strong></span> <span class='ocrx_word' id='word_1_936' title='bbox 2841 5517 3017 5572; x_wconf 90' lang='lat' dir='ltr'><strong>neque</strong></span> <span class='ocrx_word' id='word_1_937' title='bbox 3046 5510 3110 5552; x_wconf 89' lang='lat' dir='ltr'><strong>ut</strong></span> <span class='ocrx_word' id='word_1_938' title='bbox 3152 5501 3282 5552; x_wconf 85' lang='lat' dir='ltr'><strong>luna</strong></span> <span class='ocrx_word' id='word_1_939' title='bbox 3311 5517 3428 5568; x_wconf 82' lang='lat' dir='ltr'><strong>per-</strong></span> 
     </span>
    </p>
   </div>
   <div class='ocr_carea' id='block_1_116' title="bbox 1869 5581 3436 5669">
    <p class='ocr_par' dir='ltr' id='par_1_116' title="bbox 1869 5581 3436 5669">
     <span class='ocr_line' id='line_1_116' title="bbox 1869 5581 3436 5669; baseline -0.01 -16"><span class='ocrx_word' id='word_1_940' title='bbox 1869 5611 2060 5669; x_wconf 86' lang='lat' dir='ltr'><strong>petuus</strong></span> <span class='ocrx_word' id='word_1_941' title='bbox 2091 5601 2209 5665; x_wconf 77' lang='lat' dir='ltr'><strong>fuit,</strong></span> <span class='ocrx_word' id='word_1_942' title='bbox 2237 5615 2409 5668; x_wconf 84' lang='lat' dir='ltr'><strong>neque.</strong></span> <span class='ocrx_word' id='word_1_943' title='bbox 2459 5601 2511 5653; x_wconf 87' lang='lat' dir='ltr'><strong>in</strong></span> <span class='ocrx_word' id='word_1_944' title='bbox 2561 5600 2821 5654; x_wconf 62' lang='lat' dir='ltr'><strong>saeculum</strong></span> <span class='ocrx_word' id='word_1_945' title='bbox 2858 5592 3041 5648; x_wconf 73' lang='lat' dir='ltr'><strong>szeenli</strong></span> <span class='ocrx_word' id='word_1_946' title='bbox 3073 5581 3436 5642; x_wconf 76' lang='lat' dir='ltr'><strong>conservatus</strong></span> 
     </span>
    </p>
   </div>
   <div class='ocr_carea' id='block_1_117' title="bbox 1873 5675 3437 5756">
    <p class='ocr_par' dir='ltr' id='par_1_117' title="bbox 1873 5675 3437 5756">
     <span class='ocr_line' id='line_1_117' title="bbox 1873 5675 3437 5756; baseline -0.013 -13"><span class='ocrx_word' id='word_1_947' title='bbox 1873 5699 1950 5743; x_wconf 73' lang='lat' dir='ltr'><strong>est</strong></span> <span class='ocrx_word' id='word_1_948' title='bbox 2001 5689 2178 5754; x_wconf 70' lang='lat' dir='ltr'><strong>Neque</strong></span> <span class='ocrx_word' id='word_1_949' title='bbox 2219 5689 2320 5740; x_wconf 86' lang='lat' dir='ltr'><strong>ulla</strong></span> <span class='ocrx_word' id='word_1_950' title='bbox 2363 5692 2560 5744; x_wconf 76' lang='lat' dir='ltr'><strong>ratione</strong></span> <span class='ocrx_word' id='word_1_951' title='bbox 2608 5693 2782 5756; x_wconf 79' lang='lat' dir='ltr'><strong>potest</strong></span> <span class='ocrx_word' id='word_1_952' title='bbox 2821 5685 2919 5736; x_wconf 78' lang='lat' dir='ltr'><strong>ilic</strong></span> <span class='ocrx_word' id='word_1_953' title='bbox 2955 5677 3123 5734; x_wconf 72' lang='lat' dir='ltr'><strong>David</strong></span> <span class='ocrx_word' id='word_1_954' title='bbox 3162 5675 3437 5739; x_wconf 74' lang='lat' dir='ltr'><strong>Pritnoge-</strong></span> 
     </span>
    </p>
   </div>
  </div>
