3848 6414
189 415 378 477 ι’,ιτ

1349 416 1834 474 οοΜιιεΝτΑιιιει
1866 418 1932 472 ΙΝ
1982 419 2311 474 PSALMOS.

3276 426 3436 484 Hi8"

187 542 231 593 δ
251 537 460 608 λνάμει
482 535 544 588 τὸ
563 535 702 589 θεῖον
721 535 1080 604 ἀνεφθέγξατο
1096 535 1329 605 Πνεῦμα.
1357 530 1452 587 Ὧν
1469 535 1623 587 ἕνεκα
1643 534 1747 587 εἰκό

1846 583 1848 593 λ
1877 549 2036 588 causa
2059 536 2182 604 jure
2202 533 2617 604 percontandmn
2642 542 2696 589 et
2721 535 3150 606 interrogandum
3171 553 3294 592 esse
3320 541 3411 594 do-

187 646 342 692 ἐιυς
361 625 634 696 ἁνερωτᾷν
650 626 741 678 καὶ
760 624 1106 677 πυνθάνεσθαι
1120 623 1352 676 διδάσκει
1366 622 1612 689 λέγοντας
1627 638 1640 650 ·
1655 621 1774 674 Ποῦ

182 722 365 772 ἐστι
391 717 461 769 τὰ
488 716 626 782 ὲλέη
663 730 775 767 σου
809 716 878 768 τὰ
909 714 1118 782 ἀρχαῖα
1139 752 1152 775 ,
1187 715 1388 780 Κύριε,
1421 713 1511 763 καὶ
1539 711 1605 763 τὰ
1631 709 1770 780 ἑξῆς.

186 808 366 862 Μεθ’
391 807 428 861 ἃ
446 806 682 873 ἐπιλέγει
695 823 709 837 ο
729 806 878 868 Ἕως
898 806 1059 866 πότε,
1079 804 1270 868 Κύριε,
1287 799 1676 868 ἀποστρέψεις
1691 802 1775 863 εὶς

186 898 431 962 τέλος,
448 895 871 959 ἐκκαυθήσεται
887 896 964 958 ὡς
985 894 1100 962 πῦρ
1122 896 1156 959 ἡ
1178 891 1316 960 ὀργή
1341 906 1454 944 σου
1467 907 1484 954 ;
1511 890 1778 957 Μνήσθη-

185 1004 259 1038 τι
300 988 398 1051 τις
425 1004 545 1054 μου
577 986 613 1049 ἡ
637 986 992 1048 ὑπόστασις·
1019 983 1100 1050 μὴ
1125 984 1230 1049 γὰρ
1257 983 1512 1049 ματαίως
1535 980 1773 1044 ἔκτισας

182 1075 460 1140 πάντας
494 1075 632 1138 τοὺς
660 1073 824 1138 υἱοὺς
852 1073 966 1124 τῶν
1005 1071 1347 1139 ἀνθρώπω-Π
1373 1073 1463 1136 Τίς
1487 1071 1650 1123 ἐστιν
1671 1071 1771 1123 ἅν-

181 1169 459 1232 θρωπος
480 1165 548 1229 ὃς
567 1163 818 1229 ζήσεται,
843 1163 934 1214 καὶ
959 1165 1063 1215 οὐχ
1088 1163 1286 1227 ὄψεται
1309 1161 1575 1222 θάνατον,
1594 1163 1770 1226 ῥύσε-

182 1271 309 1306 ται
331 1254 454 1321 τὴν
484 1254 693 1320 ψυχὴν
713 1253 893 1304 αὑτοῦ
925 1252 991 1303 ἐκ
1015 1252 1201 1317 χειρὸς
1232 1250 1409 1315 ᾅδου;
1440 1249 1765 1317 Διάψαλμα.

199 1345 380 1395 Ἀντὶ
411 1343 530 1406 τοῦ,
551 1342 963 1408 ἀποστρέψεις,
991 1344 1018 1392 ὁ
1042 1341 1136 1408 μὲν
1171 1339 1392 1401 Ἀκύλας
1415 1340 1592 1407 φησὶν,
1619 1341 1766 1403 ’Ἐως

183 1450 242 1483 π
257 1435 386 1496 ire,
405 1434 600 1500 Κύριε,
619 1431 1000 1498 ἀποκρυὸιξσῃ
1022 1433 1105 1494 είς
1121 1430 1332 1493 νεῖκος
1351 1433 1377 1480 ὁ
1394 1429 1447 1480 δέ
1463 1429 1762 1497 Σύμμαχος,

185 1525 365 1586 "ane;
389 1523 572 1586 τίνος,
594 1523 783 1587 Κύριε,
811 1520 1191 1586 ἀποκρισϐιξσῃ
1213 1521 1297 1583 είς
1320 1518 1520 1582 telae;
1545 1519 1647 1570 Καί
1679 1535 1765 1587 μοι

183 1612 363 1663 δοκεῖ
389 1615 419 1664 ὀ
441 1611 594 1679 λόγος
619 1612 677 1663 τὸ
707 1613 1006 1681 ἀπόρρητον
1041 1612 1134 1679 τῆς
1162 1609 1482 1677 ἐπελθούσης
1510 1610 1672 1678 ὀργῆς
1699 1613 1760 1679 τῇ

187 1702 656 1772 σωματικωτέρᾳ
675 1702 911 1770 βασιλείᾳ
926 1701 1098 1763 Δαυῖδ,
1124 1703 1213 1752 καὶ
1237 1701 1391 1752 παντὶ
1405 1700 1480 1767 τῷ
1508 1700 1762 1751 Ἰουδαίων

186 1789 353 1842 ἔθνει
402 1793 753 1843 αἰνίττεσθαι.
812 1792 1085 1843 Ἐναντίων
1129 1791 1254 1858 γοῦν
1297 1791 1604 1842 ἀποϐάντων
1646 1793 1761 1851 ταῖς

186 1880 594 1947 ἐπαγγελίαις,
623 1882 742 1933 ὅσον
770 1881 858 1932 ἐπὶ
885 1884 947 1949 τῇ
974 1880 1241 1950 προχείρῳ
1276 1880 1577 1949 προσδοκίᾳ,
1610 1882 1636 1930 ὁ
1669 1879 1763 1941 τὰς

185 1970 424 2036 ἀγαθὰς
479 1971 805 2037 ἐπαγγελίας
862 1971 996 2039 πρὸς
1054 1971 1140 2021 τὸν
1200 1969 1359 2021 Δαυῒδ
1407 1969 1761 2038 πεποιημένος

182 2061 337 2122 Θεὸς
368 2060 791 2130 ἀνεκηρύττετο.
819 2061 906 2112 Διὸ
935 2060 1159 2112 ἱκετεύει
1191 2061 1217 2112 ὁ
1245 2061 1396 2126 λόγος
1434 2059 1504 2128 μὴ
1536 2060 1612 2120 εἰς
1659 2075 1762 2127 μα-

185 2148 336 2216 κρὸν
370 2150 726 2216 παρεκτεῖναι
753 2148 848 2216 τὴν
886 2149 1176 2217 γενομένην
1209 2149 1325 2199 κατ’
1360 2147 1534 2198 αὐτῶν
1569 2146 1755 2217 ὀργὴν,

187 2238 340 2303 ταχὺ
389 2235 450 2286 δὲ
484 2234 768 2303 παρελθεῖν
801 2235 897 2302 μὲν
936 2236 1001 2286 τὰ
1034 2234 1344 2304 σκυθρωπὰ,
1383 2234 1660 2301 ἐπιστῆναι
1699 2233 1755 2285 δέ

185 2326 298 2387 ’τὰς
334 2324 672 2391 ἐπαγγελίας
694 2323 784 2375 τοῦ
810 2323 960 2375 Θεοῦ.
991 2321 1118 2377 Εἶτα
1145 2325 1204 2375 ἐκ
1233 2323 1514 2394 προσώπου
1554 2324 1647 2392 τῆς
1673 2325 1758 2375 ἁν-

185 2415 493 2484 θρωπίνης
548 2413 827 2476 ἀσθενείας
873 2414 1036 2482 λέγει,
1087 2414 1388 2482 Μνήσθητι
1438 2417 1528 2480 τίς
1557 2433 1672 2483 μου
1714 2415 1752 2480 ή

187 2511 573 2569 ὑπόστασις,
597 2505 687 2557 καὶ
716 2505 780 2556 τὰ
803 2504 941 2572 ἑξῆς.
971 2505 1216 2557 Διδάσκει
1248 2505 1301 2557 δὲ
1325 2505 1411 2556 τὸν
1436 2505 1561 2557 λαὸν
1590 2505 1755 2556 ταῦτα

184 2597 383 2663 λέγειν
429 2599 459 2648 ὁ
505 2595 831 2665 προφητικὸς
881 2595 1051 2661 λόγος,
1086 2598 1162 2656 εἰς
1195 2595 1251 2647 τὸ
1296 2596 1623 2664 παρακαλεῖν
1662 2595 1752 2645 τὸν

183 2686 330 2738 θεὸν
377 2684 476 2736 καὶ
519 2684 780 2734 δυσωπεῖν
812 2682 1149 2734 καταπαῦσαι
1190 2682 1284 2751 μὲν
1327 2683 1423 2750 τὴν
1459 2683 1622 2752 ὀργὴν
1655 2681 1753 2750 τὴν

188 2776 337 2828 κατὰ
377 2772 476 2824 τοῦ
513 2773 716 2834 ἔθνους,
761 2772 1060 2824 παύσασθαι
1083 2773 1138 2824 δὲ
1171 2772 1261 2824 καὶ
1284 2771 1439 2824 αὑτὸν
1469 2773 1749 2839 ἀποκρυπ-

184 2865 458 2932 τόμενονι
527 2861 854 2925 καταξιῶσαι
895 2862 949 2914 δὲ
1011 2861 1107 2930 ἤδη
1149 2859 1274 2912 ποτὲ
1319 2862 1611 2930 παρασχεῖν
1659 2862 1751 2912 ἀν-

187 2953 443 3020 θρώποις
472 2951 540 3003 τὰ
569 2951 644 3019 τῷ
669 2950 826 3003 Δαυῖδ
853 2950 1244 3019 ἐπηγγελμένα.
1281 2950 1618 3020 Ἐπειδήπερ,
1650 2968 1749 3020 φη-

186 3043 296 3103 σὶν,
325 3043 363 3110 ὴ
390 3041 703 3111 ἀνθρωπίνη
734 3039 888 3108 φύσις
917 3040 1140 3108 ἀσθενὴς
1165 3041 1258 3108 μέν
1281 3044 1390 3092 ἐστι
1423 3041 1513 3092 καὶ
1540 3039 1742 3109 πτωχὴ,

1797 1844 1833 1894 B

1876 633 1959 678 cet
1989 625 2070 677 his
2101 625 2278 678 verbis
2307 641 2320 677 :
2360 622 2457 676 Ubi
2485 635 2604 678 sunt
2635 625 3001 680 misericordite
3032 635 3133 679 tate
3154 630 3406 697 antiquae,

1874 711 2126 765 Domine?
2151 721 2203 765 et
2230 723 2439 766 caztera.
2461 710 2571 764 Sub
2600 712 2710 766 haec
2744 713 2902 766 infert
2934 712 3403 772 :—Vens.47-49.

1877 801 2165 872 Usquequo,
2199 803 2436 862 Domine,
2463 812 2656 856 avertes
2691 806 2743 856 in
2775 805 2948 872 ﬁnem,
2980 806 3272 858 exardescet
3300 810 3402 860 eie-

1870 900 1926 941 ut
1969 892 2101 958 ignis
2147 892 2227 943 ira
2263 893 2392 944 tua?
2418 890 2708 944 Memorare
2751 907 2863 960 quae
2891 909 3023 945 .mea
3061 891 3351 948 sttbstantia
3379 912 3398 948 .'

1870 981 2097 1048 nunquid
2135 983 2269 1033 enim
2312 997 2438 1032 vane
2479 982 2668 1033 creasti
2707 998 2877 1034 omnes
2923 982 3062 1048 ﬁlios
3093 983 3401 1037 hominum?

1869 1069 1996 1133 Quis
2021 1079 2096 1122 est
2123 1070 2272 1122 homo
2297 1070 2384 1136 qui
2406 1072 2548 1135 vivet,
2581 1080 2628 1123 et
2657 1087 2754 1122 non
2786 1070 2966 1122 videbit
2994 1081 3228 1133 mortem,
3256 1081 3398 1125 eruet

1867 1159 2094 1208 animam
2123 1175 2270 1210 suam
2299 1157 2360 1210 de
2383 1175 2537 1210 manu
2572 1159 2761 1226 inferi"
2782 1158 3110 1226 Diapsalma.
3137 1159 3238 1212 Pro
3266 1161 3355 1214 illo
3379 1178 3394 1214 ς

1867 1245 2092 1310 Avertes,
2136 1245 2325 1314 Aquila
2369 1266 2381 1300 :
2425 1246 2727 1315 Usquequo,
2780 1247 3014 1309 Domine,
3068 1247 3394 1303 absconderis

1865 1335 1918 1386 in
1967 1336 2376 1388 contentionem?
2433 1336 2784 1404 Symmachus
2835 1353 2960 1389 vero
3009 1356 3023 1390 :
3075 1335 3391 1406 Usquequo,

1869 1423 2099 1484 Domine,
2161 1423 2488 1476 absconderis
2549 1425 2604 1476 in
2653 1427 2848 1492 ﬁnem?
2906 1424 3228 1495 Videturque
3288 1427 3392 1480 mi-

1864 1514 1915 1565 hi
1983 1529 2160 1568 sermo
2223 1529 2475 1568 arcanum
2546 1515 2657 1578 iraa,
2705 1531 2925 1584 regnum
2990 1516 3201 1572 Daridis
3270 1533 3396 1572 cor-

1863 1618 2024 1671 porco
2116 1618 2264 1657 more
2354 1612 2619 1672 sumptum
2715 1612 2768 1658 ct
2865 1612 3027 1658 totam
3119 1606 3390 1662 Iudaicam

1860 1701 2064 1758 gentem
2098 1692 2382 1755 invasurae,
2417 1692 2778 1746 subindicare.
2813 1692 2946 1746 Cum
2979 1696 3178 1762 itaque,
3213 1711 3391 1763 quan-

1862 1789 1970 1832 tum
1993 1782 2056 1833 ad
2087 1783 2356 1850 vulgarem
2383 1783 2854 1851 exspectationem,
2878 1784 3156 1852 promissis
3176 1793 3393 1838 contra-

1860 1869 1937 1920 ria
1961 1871 2252 1932 evenirent,
2287 1869 2426 1923 Deus
2453 1871 2541 1938 qui
2575 1871 2743 1924 bonas
2773 1871 3180 1939 pollicitationes
3206 1873 3390 1931 Davidl

1858 1959 2074 2012 dederat
2111 1961 2448 2014 evocabatnr.
2504 1961 2859 2025 Quamobrem
2902 1963 2989 2016 hic
3048 1973 3284 2032 rogatur,
3321 1981 3390 2021 ne

1858 2050 1988 2100 iram
2012 2050 2063 2101 in
2093 2050 2212 2102 illos
2234 2065 2512 2103 accensam
2540 2051 2740 2106 diutius
2769 2053 3025 2120 producat
3051 2072 3063 2107 :
3091 2055 3180 2108 sed
3199 2070 3389 2122 quam-

1855 2139 2080 2207 primum
2123 2139 2297 2192 tristia
2332 2149 2664 2208 praetereant,
2706 2151 2758 2195 et
2796 2144 3055 2211 promissa
3080 2157 3108 2195 a
3153 2145 3260 2197 Deo
3286 2145 3384 2199 ad-

1853 2231 2088 2284 veniant.
2147 2230 2345 2284 Deinde
2391 2246 2454 2283 ex
2495 2245 2722 2298 persona
2757 2231 3000 2284 humana:
3054 2231 3383 2288 inﬁrmitatis

1854 2321 1926 2373 ait
1961 2339 1974 2374 :
2008 2319 2296 2373 Memorare
2323 2335 2435 2386 quae
2472 2335 2582 2371 mea
2610 2319 2919 2380 substantia.
2951 2329 3003 2373 et
3031 2329 3238 2375 caetera.
3277 2320 3383 2376 Ροιο

1853 2416 2032 2483 pulum
2063 2421 2238 2467 autem
2270 2413 2335 2466 ad
2377 2414 2488 2466 hac
2515 2413 2736 2466 dicenda
2779 2412 3008 2466 instituit
3038 2414 3380 2483 prepheticus

1851 2519 2046 2566 sermo,
2073 2511 2128 2556 ut
2162 2503 2324 2557 Deum
2351 2503 2599 2570 precibus
2633 2516 2692 2554 ac
2715 2503 3196 2570 supplicationibus
3225 2503 3382 2557 indu.-

1849 2605 1936 2649 cat
1970 2595 2033 2647 ad
2073 2594 2359 2648 sedandam
2412 2593 2544 2644 iram
2587 2591 2842 2646 adversus
2881 2601 3088 2660 gentem
3130 2606 3302 2658 suam,
3327 2601 3382 2648 ct

1848 2691 1996 2752 roget
2037 2689 2096 2733 ut
2145 2682 2299 2734 linem
2345 2679 2505 2734 faciat
2534 2695 2652 2735 sese
2683 2679 2985 2732 occultandi
3020 2697 3033 2732 :
3067 2691 3217 2749 roget
3251 2682 3378 2734 item

1849 2779 1906 2825 ut
1937 2777 2014 2825 vel
2052 2787 2172 2825 sero
2200 2769 2410 2824 tandem
2453 2785 2571 2838 qua:
2600 2769 2779 2823 Davidi
2808 2771 3051 2839 promisit
3075 2771 3382 2828 hominibus

1847 2862 2106 2916 conferat.
2135 2861 2292 2926 Quia,
2332 2861 2524 2928 inquit,
2572 2860 2804 2912 humana
2849 2870 3039 2914 natura
3086 2861 3293 2914 inﬁrma
3327 2869 3380 2914 et

1847 2952 1999 3020 inops
2027 2959 2128 3016 est,
2157 2951 2246 3004 sed
2279 2958 2452 3004 tamen
2483 2952 2647 3003 multo
2672 2952 2808 3018 apud
2845 2959 2895 3004 te
2926 2951 3128 3007 honore
3156 2951 3375 3021 dignata

1844 3049 1954 3106 est;
1985 3055 2088 3093 non
2118 3040 2259 3093 enim
2308 3055 2442 3093 vane
2489 3041 2684 3094 creasti
2735 3039 2872 3093 ﬁlios
2915 3039 3210 3104 hominum,
3239 3057 3380 3110 quos

187 3131 334 3202 πλὴν
370 3129 513 3183 ἀλλὰ
538 3129 788 3196 πλείστης
813 3129 1031 3196 ἠξίωται
1058 3129 1203 3198 παρὰ
1228 3129 1308 3181 σοὶ
1331 3129 1517 3199 τιμῆς·
1551 3129 1609 3180 ού
1639 3128 1744 3198 γὰρ

1846 3131 2133 3185 secundum
2166 3131 2448 3198 imaginem
2479 3138 2620 3182 tuam
2647 3129 2930 3182 condidisti
2955 3147 2968 3193 ;
2998 3139 3280 3199 eapropter
3311 3148 3378 3185 ne

187 3221 450 3289 ματαίως
477 3218 694 3278 ἔκτισας
718 3219 838 3276 τοὺς
871 3217 1014 3278 υἱοὺς
1043 3217 1145 3268 τῶν
1176 3217 1488 3287 ἀνθρώπων,
1512 3216 1602 3279 οὓς
1628 3217 1742 3268 κατ’

185 3308 383 3361 εἰκόνα.
429 3305 532 3374 τὴν
563 3305 658 3374 σὴν
691 3302 1116 3372 ἐδημιούργησας
1135 3321 1148 3332 ·
1172 3303 1236 3354 δι’
1265 3303 1292 3354 ὃ
1340 3304 1425 3356 ἴνα
1459 3305 1530 3373 μὴ
1567 3304 1626 3354 τὸ
1656 3303 1743 3355 σον

188 3398 405 3465 κτίσμα
438 3395 536 3446 καὶ⁸
566 3397 597 3464 ἡ
636 3393 700 3463 σὴ
731 3392 888 3444 εἰκὼν
924 3393 1294 3462 παραπόληται
1340 3393 1425 3445 διὰ
1456 3393 1551 3462 τῆς
1592 3392 1745 3443 ἐπελ-

182 3485 397 3552 θούσης
445 3482 634 3553 ὀργῆς,
669 3484 759 3534 καὶ
796 3483 891 3551 τῆς
928 3483 1033 3533 τῶν
1075 3482 1484 3552 ἐπηγγελμένων
1514 3482 1744 3552 ὑπερθέ-

187 3593 352 3640 σεως,
391 3574 622 3642 τάχννον
659 3572 1056 3641 ἀνακτήσασθαι
1087 3573 1153 3624 τὰ
1185 3571 1492 3642 σκυθρωπὰ,
1527 3573 1614 3624 καὶ
1653 3573 1740 3624 θε-

183 3668 474 3739 ραπεῦσαι
497 3664 566 3716 τὰ
587 3664 878 3732 νοσήσαντα
899 3660 982 3712 διὰ
1012 3661 1108 3728 τῆς
1136 3661 1237 3712 τῶν
1274 3661 1487 3726 ἀγαθῶν
1512 3662 1741 3727 ἐπαγγε-

183 3759 316 3811 λιῶν
367 3755 666 3814 ὲκῦάσεως.
708 3753 767 3804 El
803 3752 896 3820 μὲν
938 3751 1044 3820 γὰρ
1086 3748 1221 3820 ἦσαν
1261 3753 1306 3804 oi
1353 3751 1622 3820 ἄνθρωποι
1665 3754 1742 3812 είς

186 3849 431 3916 μάταιον
480 3841 784 3910 ἐκτισμένοι
835 3839 1029 3908 ὁμοίως
1080 3841 1187 3901 τοῖς
1232 3839 1322 3890 ἐπὶ
1373 3841 1474 3908 γῆς
1528 3839 1740 3905 ἀλόγοις

181 3937 377 4000 ζώοις,
421 3933 524 3986 οὐκ
561 3931 625 3984 ἂν
665 3930 812 3982 οὐδὲν
851 3930 1032 3990 αὐτοῖς
1068 3929 1230 3998 ἐχρῆν
1259 3928 1396 3996 μέγα
1417 3927 1739 3994 ἐπαγγέλλε-

182 4009 350 4079 σθαι*
377 4025 472 4076 ὅτε
497 4020 554 4073 δὲ
586 4019 804 4071 τοιαῦτα
832 4017 1112 4084 φθάνουσιν
1140 4017 1440 4087 ἀνθρώποις
1468 4017 1740 4085 εὐαγγελι-

186 4117 422 4186 ζόμεναι
462 4113 519 4164 αἱ
568 4109 701 4179 πρὸς
745 4108 833 4159 τὸν
871 4107 1027 4160 Δαυῒδ
1059 4107 1403 4176 ὁρκωμοσίαι,
1443 4108 1596 4159 παντί
1638 4125 1737 4159 που

182 4206 348 4275 δῆλον
379 4199 644 4260 ποιοῦσιν,
667 4199 744 4249 ὅτι
770 4199 842 4265 μὴ
865 4198 953 4248 ἐπ)⁸
986 4198 1191 4266 ματαίῳ
1216 4196 1428 4258 ἔκτισας
1453 4198 1574 4253 τοὺς
1595 4197 1738 4257 υἱοὺς

188 4298 296 4348 τῶν
330 4289 658 4360 ἀνθρώπων.
697 4288 844 4338 Ἐπεὶ
871 4287 1041 4339 τοίνυν
1070 4287 1313 4354 τοιαύτης
1342 4288 1560 4355 ἠξίωται
1591 4285 1736 4355 παρὰ

191 4386 274 4437 σοὶ
298 4382 475 4452 τιμῆς
505 4382 538 4447 ὴ
574 4377 879 4446 ἀνθρωπεία
909 4375 1084 4442 φύσις,
1126 4377 1343 4439 εἰκότως
1384 4377 1540 4446 φημὶ,
1577 4376 1734 4442 Μνή-

185 4451 371 4538 σθητι
398 4469 492 4533 τίς
534 4484 651 4535 μου
695 4466 1052 4529 ὑπόστασις·
1094 4467 1184 4516 καὶ
1217 4465 1494 4534 μνήσθητι,
1546 4466 1625 4516 ὅτι
1661 4466 1732 4534 μὴ
1767 4451 1806 4506 D

191 4561 442 4632 ματαίως
486 4556 700 4616 ἔκτισας
744 4556 864 4616 τοὺς
895 4555 1038 4615 υἱοὺς
1079 4555 1183 4604 τῶν
1225 4552 1537 4624 ἀνθρώπων.
1581 4551 1734 4604 Ἀλλὰ

190 4654 282 4704 καὶ
314 4649 479 4704 τοῦτο
519 4645 814 4716 μνησθῆναι
846 4642 999 4708 ἀξιῶ,
1029 4644 1107 4695 δτι
1141 4644 1308 4705 οὐδείς
1349 4646 1492 4696 ἐστιν
1530 4643 1732 4712 ἄνθρω-

193 4759 310 4804 πος,
338 4741 400 4802 ὃς
433 4737 690 4804 ἄγευστος
724 4733 972 4800 τυγχάνει
1005 4732 1248 4792 θανάτου,
1285 4732 1388 4783 οὐδ’
1413 4728 1518 4794 οἷός
1558 4733 1618 4784 τέ
1650 4731 1731 4794 τίς

193 4833 335 4883 ἐστιν
369 4825 534 4886 αὐτὸς
562 4822 749 4874 ἑαυτοῦ
787 4822 880 4890 τὴν
905 4821 1074 4890 ψυχὴν
1109 4823 1170 4872 ἐκ
1195 4821 1418 4873 θανᾶτου
1448 4821 1726 4892 ῥύσασθαι,

191 4919 310 4972 οὐδὲ
332 4917 430 4969 καὶ
451 4913 603 4965 τοῦτο
635 4909 880 4979 τυγχάνει
901 4910 998 4978 τῆς
1028 4911 1353 4979 εὐεργεσίας.
1383 4912 1537 4964 Ὥστε
1563 4914 1609 4964 εί
1639 4912 1729 4964 καὶ

194 5006 414 5060 τοιαῦτα
446 5003 753 5072 ἡμάρτανον
791 5001 837 5051 οἱ
871 4999 961 5050 τοῦ
1001 4998 1258 5050 Ἰουδαίων
1287 4999 1485 5062 ἔθνους,
1520 5001 1592 5062 ὡς
1633 5001 1729 5063 τὰς

195 5093 589 5152 ἐπαναστάσεις
631 5091 704 5158 (l)
737 5090 832 5150 τὰς
860 5090 989 5158 πρὸς
1014 5090 1100 5140 τὸν
1132 5088 1290 5140 Δαυῒδ
1319 5091 1396 5150 είς
1434 5090 1729 5142 τούναντίον

196 5191 374 5250 αὐτοῖς
415 5182 832 5254 περιτραπῆναι,
876 5181 967 5231 καὶ
998 5179 1092 5246 τὴν
1125 5179 1186 5230 ἐκ
1227 5179 1532 5248 σπέρματος
1569 5180 1726 5232 αὐτοῦ

198 5277 440 5346 διαδοχὴν
475 5275 569 5326 σὺν
606 5271 682 5340 τῷ
713 5271 809 5338 τῆς
843 5269 1112 5339 βασιλείας
1143 5268 1312 5338 θρόνῳ
1341 5269 1724 5338 καταλυθῆναι·

201 5369 258 5420 οὐ
289 5367 392 5436 μὴν
423 5362 557 5416 ἀλλά
584 5361 674 5412 καὶ
703 5359 861 5410 αὑτὸν
887 5359 972 5409 τὸν
995 5356 1221 5426 Χριστόν
1264 5371 1354 5406 σου
1386 5355 1602 5406 τοιαῦτα
1632 5373 1724 5408 πα-

203 5456 305 5510 θεῖν
331 5455 434 5507 ὑπὸ
471 5451 577 5503 τῶν
600 5447 796 5507 αὐτῶν,
822 5449 977 5498 ὁποῖα
1003 5444 1355 5515 προλαϐόντες
1391 5445 1436 5496 οἱ
1469 5445 1548 5495 σοὶ
1579 5444 1720 5512 λόγοι

204 5545 322 5614 περί
358 5542 519 5594 αὑτὸν
560 5533 880 5606 γενήσεσθαι
909 5535 1340 5604 προεφήτευσαν
1372 5532 1502 5584 ἀλλὰ
1537 5535 1608 5603 μὴ
1642 5538 1720 5600 είς

202 5633 339 5697 τέλος
370 5627 778 5698 ἀποστραφῆναι
804 5623 1074 5695 ἀξιοῦμεν,
1118 5623 1246 5691 μηδὲ
1279 5621 1351 5683 ὡς
1401 5623 1504 5692 πῦρ
1528 5624 1720 5677 ἐκκαυ-

264 5725 332 5796 (Ι)
367 5723 428 5779 L.
458 5714 802 5786 ἐπαγγελίας.

1843 3219 2106 3287 Opiﬁcium
2137 3228 2285 3271 tuum
2312 3226 2364 3272 et
2407 3219 2580 3286 imago
2613 3225 2703 3270 tua
2736 3232 2829 3284 per
2865 3221 3198 3288 ingruentem
3241 3221 3373 3272 iram

1841 3317 1892 3363 et
1921 3310 2304 3379 promissorum
2335 3308 2636 3362 dilationem
2691 3316 2890 3376 pereat,
2943 3320 3150 3364 mature
3201 3311 3373 3366 tristia

1843 3399 1929 3451 illa
1961 3414 2192 3466 repares,
2233 3397 2869 3465 inﬁrmisquetmedearis
2913 3413 3009 3465 per
3059 3399 3374 3468 promissio-

1841 3504 1964 3542 num
1999 3490 2196 3542 exitum
2228 3495 2280 3542 et
2334 3488 2799 3556 complementum.
2849 3487 2982 3540 Nam
3031 3489 3077 3542 si
3129 3489 3372 3544 homines

1840 3580 2055 3647 perinde
2073 3586 2229 3646 atque
2251 3579 2404 3630 bruta
2422 3577 2672 3629 animalia
2696 3577 2746 3628 in
2771 3591 2964 3629 vanum
2982 3578 3146 3631 creati
3167 3585 3367 3641 essent,

1839 3667 1971 3720 nihil
2004 3668 2132 3736 ipsis
2161 3683 2403 3736 magnum
2453 3665 2864 3735 promittendum
2895 3674 3037 3720 esset
3076 3684 3089 3720 :
3120 3679 3368 3720 cum‘au-

1841 3758 2261 3824 temjuramenta
2295 3755 2475 3809 Davidi
2503 3755 2647 3818 data,
2697 3756 2822 3808 talia
2873 3756 3012 3810 bona
3062 3757 3369 3812 hominibus

1839 3847 2185 3910 annunticnt;
2212 3860 2272 3898 ea
2304 3860 2432 3899 sane
2457 3845 2628 3913 palam
2657 3845 2860 3898 iaciunt
2884 3853 2936 3899 te
2963 3861 3067 3899 non
3096 3847 3149 3899 in
3171 3863 3364 3901 vanum

1838 3951 2046 3990 creasse
2073 3935 2206 3987 ﬁlios
2234 3935 2524 3987 hominum.
2554 3933 2688 3998 Quia
2719 3935 2877 4002 igitur
2916 3935 3146 3987 humana
3176 3944 3367 3992 natura

1838 4025 1927 4077 tali
1955 4025 2049 4078 abs
2076 4031 2124 4078 te
2157 4025 2355 4077 honore
2378 4024 2574 4076 donata
2599 4031 2701 4087 est,
2725 4023 2847 4090 jure
2877 4023 2998 4078 dico
3023 4043 3036 4078 :
3072 4023 3367 4084 Memorare

1835 4130 1944 4183 qutr
2002 4129 2109 4165 mea
2139 4111 2458 4172 substantia;
2485 4120 2536 4167 et
2565 4113 2844 4166 I'CCUl'tlal'e
2877 4120 2927 4166 te
2957 4129 3061 4166 non
3090 4116 3140 4166 in
3170 4130 3364 4168 vanum

1836 4218 2047 4256 creasse
2089 4203 2225 4272 lilios
2255 4203 2544 4256 hominum.
2579 4200 2681 4254 Sed
2719 4201 2874 4253 etiam
2909 4201 2961 4254 id
2999 4203 3268 4256 recordari
3315 4215 3365 4258 Io

1838 4306 2042 4360 precor,
2070 4293 2271 4344 nullum
2296 4307 2413 4346 esse
2452 4292 2722 4343 hominum
2759 4292 2846 4358 qui
2878 4299 3099 4345 mortem
3132 4307 3235 4345 non
3271 4294 3363 4348 de-

1836 4391 2029 4450 gustet,
2052 4397 2147 4435 nec
2171 4397 2324 4449 posse
2345 4395 2662 4449 quemquam
2689 4380 2916 4432 animam
2939 4396 3085 4434 suam
3104 4396 3166 4434 ex
3193 4390 3363 4436 morte

1836 4473 2088 4534 liberare;
2124 4487 2293 4538 neque
2342 4471 2481 4524 enim
2523 4469 2575 4521 id
2623 4469 2864 4523 beneﬁcii
2914 4471 3136 4540 accepit.
3178 4470 3362 4540 Itaque

1832 4561 2039 4615 etiamsi
2064 4561 2184 4612 talia
2212 4560 2406 4612 fuerint
2433 4557 2668 4611 Iudaica:
2696 4559 2867 4625 gentis
2895 4561 3115 4626 scelera,
3149 4569 3204 4613 ut
3233 4577 3361 4630 pro-

1833 4649 1993 4702 missa
2033 4649 2210 4701 Daridi
2249 4648 2369 4701 data
2401 4648 2454 4700 in
2486 4650 2812 4701 contrarium
2850 4648 2981 4717 ipsis
3004 4649 3275 4713 cederent,
3306 4657 3362 4706 et

1830 4740 2100 4792 successio
2128 4737 2346 4791 seminis
2372 4737 2489 4804 ejus
2512 4752 2614 4789 una
2641 4753 2762 4790 cum
2793 4739 2939 4806 regni
2970 4741 3163 4792 throno
3188 4740 3360 4794 solve-

1827 4835 2005 4892 retur;
2043 4827 2150 4879 imo
2179 4825 2336 4878 etiam
2369 4825 2480 4892 ipse
2517 4825 2763 4880 Christus
2796 4836 2918 4879 tuus
2951 4828 3074 4879 talia
3117 4829 3184 4881 ab
3227 4829 3358 4897 ipsis

1828 4922 2114 4984 pateretur,
2134 4913 2310 4981 qualia
2332 4911 2482 4979 prius
2503 4928 2779 4968 sermones
2800 4913 2875 4966 tui
2902 4913 3000 4982 ipsi
3027 4914 3202 4968 futura
3225 4927 3358 4983 pm-

1827 5003 2173 5057 nuntiabaut:
2205 5007 2435 5052 attamen
2479 5015 2760 5076 precamur
2792 5016 2859 5054 ne
2900 5001 2954 5053 in
2997 5000 3154 5053 ﬁnem
3189 5018 3357 5071 usque

1828 5089 2105 5151 avertaris,
2136 5103 2306 5155 neque
2331 5087 2407 5138 ira
2436 5094 2523 5140 tua
2549 5089 2683 5142 sicut
2717 5090 2853 5158 ignis
2885 5089 3235 5154 accendatur;
3263 5091 3356 5146 sed

1828 5179 2123 5233 recorderis
2162 5191 2280 5244 qua:
2335 5176 2633 5231 substantia
2670 5194 2804 5240 mea,
2837 5178 2928 5247 qui
2976 5177 3091 5232 haec
3131 5194 3227 5248 pro
3254 5182 3358 5235 illis

1827 5271 2058 5340 postulo,
2082 5277 2133 5322 et
2154 5283 2270 5337 qua!
2299 5267 2368 5321 sit
2397 5269 2671 5321 hominum
2700 5267 3001 5328 inﬁrmitas,
3029 5272 3122 5337 qui
3157 5282 3358 5328 morta-

1826 5359 1927 5412 lem
1956 5367 2006 5411 et
2054 5356 2288 5410 interitui
2341 5355 2624 5408 obnoxiam
2676 5364 2923 5408 naturam
2970 5357 3151 5408 sortiti
3192 5367 3364 5414 sunt:

1824 5448 2122 5502 recorderis
2149 5449 2269 5500 item
2300 5446 2400 5509 tui,
2425 5445 2514 5514 qui
2552 5461 2656 5498 nou
2687 5448 2741 5500 in
2776 5461 2974 5500 vanum
2997 5449 3201 5498 creasti
3237 5449 3372 5503 ﬁlios

1823 5538 2116 5602 hominum,
2140 5535 2232 5590 sed
2255 5534 2324 5587 ad
2346 5550 2590 5604 magnam
2615 5551 2761 5603 spem
2785 5551 2957 5607 penes
2981 5520 3031 5589 te
3056 5539 3375 5603 repositam.

1801 5626 2195 5696 ~Supplicamus
2225 5633 2397 5679 autem
2431 5632 2486 5676 ut
2513 5617 2618 5677 haec
2651 5625 2702 5678 in
2733 5623 3059 5681 memoriam
3092 5635 3381 5686 revocans,-
