3848 6414
247 341 413 397 Ilii

1356 354 1842 413 COMMENTARIA
1877 360 1943 414 IN
1984 358 2294 415 PSALMOS

3316 363 3453 435 n22

334 462 677 532 Μνήσθήτι,
710 470 900 534 Κύριε,
942 472 1044 523 τοῦ
1082 471 1414 540 ὀνειδισμοῦ
1446 473 1559 526 τῶν
1586 475 1814 529 δούλων

1981 477 2143 533 Vens.
2197 478 2377 553 Eii—‘53.
2443 474 2641 529 Memor
2691 485 2820 537 esto,
2896 477 3130 539 Domine,
3192 491 3451 547 opprobra

238 566 423 613 σοῖν,
480 550 568 608 οῦ⁸
609 555 877 624 ὑπέσχον
932 560 999 612 ἐν
1037 560 1113 625 τῷ
1160 565 1360 628 κόλπῳ
1404 581 1522 631 μου
1572 564 1813 618 πολλῶν

236 638 499 693 ἑθεν-ὤν’
538 641 610 699 οὗ
662 646 971 703 ὠνείδισαν
1016 654 1068 703 οἱ
1106 652 1302 720 ἐχθροί
1344 668 1477 711 σου,
1510 656 1701 721 Κύριε,
1741 652 1811 709 οὗ

237 727 596 785 ὠνείδισαν
620 736 684 786 τὸ
713 737 1093 807 ἀντάλλαγμα
1121 745 1222 792 τοῦ
1247 743 1493 808 Χριστοῦ
1526 760 1658 795 σου.
1704 746 1812 796 Εὑ-

236 821 535 888 .1ογητὸς
576 826 786 892 Κύριος
811 832 894 892 εὶς
926 830 1031 881 τὸν
1065 832 1273 883 αἰῶνα·
1301 834 1543 901 γένοιτο,
1572 834 1811 902 γένοιτο.

259 911 422 964 ’Ἀπὸ
448 915 545 967 τοῦ
584 920 1008 987 προτεταγμένον
1041 922 1396 991 διαψάλματος
1427 925 1567 976 δοκεῖ
1598 942 1683 993 μοι
1725 943 1815 993 με-

240 1002 476 1073 ταϐολὴ
539 1006 813 1072 γεγονέναι
885 1010 983 1078 τῆς
1047 1011 1295 1073 διανοίας.
1365 1013 1436 1064 Τὸ
1490 1012 1617 1079 γοῦν
1680 1015 1816 1066 Θεῖον

244 1092 525 1163 Πνεῦμα,
560 1095 847 1166 εὐξάμενον
879 1100 1015 1168 ὑπὲρ
1054 1100 1145 1152 τοῦ
1185 1101 1311 1153 λαοῦ
1353 1103 1436 1154 διὰ
1477 1105 1580 1154 τῶν
1618 1102 1818 1172 ἔμπροο

242 1180 426 1245 σθεν,
458 1184 557 1246 τὰς
585 1187 907 1253 ἐπαγγελίας
931 1188 1021 1240 τοῦ
1047 1188 1177 1240 Θεοῦ
1204 1191 1542 1260 προκαλεῖται
1569 1192 1675 1243 ἀπὸ
1702 1191 1816 1253 τοῦ,

243 1271 393 1323 Ποῦ
424 1272 558 1325 ἐστι
596 1273 665 1325 τὰ
687 1274 823 1341 ἐλέη
851 1291 964 1328 σου
997 1280 1065 1330 τὰ
1097 1278 1326 1346 ἀρχαῖα,
1346 1272 1539 1345 ιΚύριε
1556 1295 1572 1342 ;
1603 1279 1739 1343 ἀξιοῖ
1763 1280 1818 1331 δέ

238 1360 364 1429 ἤδη
400 1362 538 1414 ποτὲ
584 1364 861 1433 ἐπιστῆναι
900 1365 1005 1417 τῶν
1045 1368 1412 1437 χρηστοτέρων
1459 1369 1526 1420 τὰ
1566 1370 1818 1421 ἀποτελέ-

240 1463 482 1517 σματα,
519 1448 553 1501 ἃ
579 1449 785 1519 ὤμοσεν
807 1453 836 1503 6
872 1452 1001 1514 Θεὸς
1035 1453 1110 1522 τῷ
1132 1454 1287 1505 Δαυῒδ
1317 1456 1373 1505 ἐν
1395 1458 1458 1524 τῇ
1480 1455 1697 1524 ἀληθείᾳ
1723 1458 1818 1508 αὑ-

238 1537 381 1589 τοῦ.
438 1536 572 1590 Εἶτα
602 1542 901 1610 παρακαλεί
945 1543 1241 1613 μνησθῆναι
1273 1545 1364 1597 τοῦ
1397 1546 1691 1615 ὀνειδισμοῦ
1715 1546 1819 1598 τῶν

236 1624 479 1679 δούλων
505 1628 685 1680 αὑτοῦ.
703 1621 789 1691 Ὠς
814 1631 920 1701 γὰρ
948 1631 1045 1701 ἤδη
1078 1632 1277 1695 λοιπὸν,
1308 1634 1443 1686 κατὰ
1466 1634 1525 1686 τὸ
1554 1652 1819 1704 σεσιωπη-

242 1715 464 1783 μὲνον,
504 1719 859 1788 χωρησάντων
904 1723 982 1783 είς
1017 1722 1148 1791 ἔργα
1195 1722 1299 1774 τῶν
1349 1726 1822 1794 προηγορευμένων

242 1806 636 1877 σκυθρωπῶν,
681 1810 884 1865 πολλῶν
911 1829 966 1864 τε
1001 1814 1203 1883 ἐχθρῶν
1241 1816 1333 1867 καὶ
1361 1816 1523 1867 ἐθνῶν
1551 1818 1822 1887 ἐπικειμέ-

237 1912 367 1947 νων
414 1897 513 1948 καὶ
542 1897 898 1961 ὀνειδιζόντων
929 1903 1050 1963 τοὺς
1089 1902 1299 1965 δούλους
1337 1904 1427 1955 τοῦ
1468 1903 1598 1956 Θεοῦ
1640 1905 1726 1957 διὰ
1752 1907 1817 1959 τὰ

242 1985 689 2055 συμϐεϐηκότα,
733 1988 829 2058 τὴν
874 1991 1010 2061 ὑπὲρ
1049 1991 1248 2045 τούτων
1300 1993 1460 2063 εὐχὴν
1512 1995 1817 2063 ἀναπέμπει

237 2073 427 2140 λέγον
451 2091 466 2104 ο
494 2074 823 2142 Μνήσθητι,
848 2079 1038 2145 Κύριε,
1060 2079 1163 2131 τοῦ
1186 2079 1517 2147 όνειδισμοῦ
1546 2081 1660 2133 τῶν
1686 2081 1819 2134 δού-

234 2168 386 2217 λων
430 2178 573 2218 σου.
636 2168 777 2219 Ἀντὶ
804 2167 917 2230 τοῦ,
969 2164 1050 2223 υῦ
1093 2169 1362 2237 ὑπέσχον
1394 2170 1462 2221 ἐν
1497 2170 1576 2235 τῷ
1620 2172 1819 2234 κόλπῳ

231 2272 374 2322 μου
414 2254 669 2307 πολλῶν
699 2255 905 2319 ἐθνῶν,
950 2258 1271 2328 σαφέστερον
1309 2261 1336 2311 6
1374 2259 1596 2322 ’Δκύλας
1633 2261 1819 2325 ἐξέδω-

238 2359 350 2395 κεν
410 2340 611 2403 εἰπὼν,
653 2342 930 2407 Αἷροντός
966 2343 1176 2408 μουέν
1213 2344 1411 2409 κόλπῳ
1457 2343 1648 2408 πάσας
1696 2344 1818 2397 ἁδι-

237 2434 402 2497 κΙιις
467 2431 667 2484 λαῶν’
714 2432 743 2483 6
790 2432 847 2483 δὲ
901 2432 1208 2501 Σύμμαχος,
1252 2432 1577 2486 Ἐϐἀστασα
1624 2434 1693 2485 ἐν
1740 2432 1818 2497 τῷ

236 2525 480 2587 κόλπῳ
498 2539 616 2589 μου
640 2521 876 2573 πάντων
905 2522 1023 2574 τῶν
1047 2523 1251 2575 ἐθνῶν.
1297 2525 1358 2575 Οἱ
1399 2524 1492 2593 μὲν
1515 2520 1605 2576 οὖν
1640 2524 1819 2577 ὀνειδι-

237 2614 494 2683 ζόμενοι
527 2613 576 2663 oi
612 2612 781 2664 δοῦλοί
814 2613 916 2663 είσι
952 2611 1042 2664 τοῦ
1078 2612 1239 2664 Θεοῦ·
1274 2614 1352 2665 διὸ
1393 2613 1622 2681 ἔφασκε·
1657 2612 1816 2678 Μνή-

234 2708 468 2768 σθητι,
518 2703 712 2767 Κύριε,
750 2702 853 2754 τοῦ
894 2702 1229 2769 ὀνειδισμοῦ
1266 2702 1382 2755 τῶν
1412 2704 1642 2757 δούλων
1665 2719 1777 2757 σου
1799 2720 1813 2734 ο

235 2797 289 2846 oi
338 2792 412 2844 δὲ
457 2789 805 2852 ὀνειδίζοντες
847 2791 895 2841 οί
937 2790 1115 2859 ἐχθροὶ
1155 2790 1247 2842 τοῦ
1272 2790 1436 2843 Θεοῦ’
1476 2792 1557 2844 διὸ
1583 2792 1817 2859 ἐπιλέγει

236 2884 412 2952 ἑξῆς,
448 2877 534 2935 Οὖ
564 2880 876 2932 ὠνείδισαν
903 2884 953 2933 οι
974 2881 1171 2949 ἐχθροί
1195 2896 1328 2946 σου,
1354 2883 1545 2948 Κύριε,
1571 2879 1641 2937 οὗ
1666 2883 1819 2936 ὠνεί-

234 2976 453 3026 δισαν
499 2970 565 3022 τὸ
604 2969 983 3037 ἀντάλλαγμα
1028 2971 1132 3022 τοῦ
1179 2970 1431 3037 Χριστοῦ
1488 2986 1620 3024 σου.
1662 2972 1718 3024 '0
1761 2972 1816 3024 δέ

234 3061 438 3113 ταῦτα
466 3057 605 3128 πρὸς
628 3057 717 3109 τὸν
740 3057 868 3109 Θεὸν
896 3058 1064 3125 λέγων
1093 3059 1173 3127 εἴη
1201 3059 1265 3111 ἂν
1289 3060 1317 3109 6
1344 3060 1599 3129 σωτήριος
1629 3061 1813 3125 Λόγος,

1915 581 2175 618 seruorum
2214 575 2440 628 tuorum,
2487 565 2622 633 quod
2671 566 2900 617 continui
2945 567 2995 617 in
3030 568 3148 619 sinu
3178 584 3286 620 meo
3317 570 3452 621 mut-

1913 666 2083 708 tarum
2124 658 2346 725 gentium
2381 652 2554 724 :‘quod
2602 653 3034 722 exprobrauerunt
3100 656 3299 709 inimici
3350 657 3447 723 tui,

1913 746 2147 807 Domine,
2187 745 2322 813 quod
2361 744 2792 811 exprobrauerunt
2813 746 3266 798 commutationem
3297 746 3450 801 σὴψ

1912 829 1977 880 sti
2007 830 2101 883 tui.
2134 828 2435 880 Benedictus
2471 828 2722 881 Dominus
2774 829 2826 880 in
2857 838 3101 881 a’ternum
3126 845 3145 892 ;
3177 831 3290 896 fiat,
3330 832 3444 898 fiat.

1913 914 1954 967 Α
2002 916 2276 983 przemisw
2323 916 2672 984 diapsalmate
2723 915 2927 970 videtur
2990 916 3121 968 mihi
3171 918 3449 970 sententia:

1918 1004 2265 1056 mutationem
2315 1004 2581 1057 invectam
2614 1018 2753 1058 esse.
2795 1002 2926 1057 Nam
2974 1003 3207 1072 Spiritus
3234 1005 3447 1060 divinus

1917 1108 2014 1160 pro
2046 1094 2243 1161 populo
2273 1100 2520 1161 precatus
2558 1093 2610 1146 in
2634 1094 3023 1162 superioribus,
3066 1094 3329 1161 promissa
3355 1093 3443 1147 Dei

1916 1188 1976 1234 ut
2000 1182 2250 1235 eveniant
2284 1182 2385 1235 hoc
2409 1181 2552 1235 dicto
2582 1183 2835 1251 postulat,
2866 1181 2962 1234 Ubi
2992 1176 3118 1235 sunt
3156 1184 3447 1236 misericor-

1918 1269 2021 1323 dia:
2052 1280 2154 1323 tua:
2200 1274 2447 1339 antiquce,
2498 1270 2759 1325 Domine?
2809 1279 2961 1340 rogat
3009 1279 3184 1326 autem
3244 1279 3301 1325 ut
3334 1273 3444 1341 jam

1916 1360 2165 1412 eveniant
2220 1362 2497 1414 meliorum
2548 1362 2756 1415 illorum
2791 1362 3196 1429 complementa,
3221 1379 3338 1431 qua:
3358 1363 3447 1431 ju-

1919 1450 2054 1500 iavit
2088 1448 2229 1503 Deus
2262 1448 2429 1502 David
2477 1450 2530 1503 in
2558 1450 2782 1505 veritate
2812 1466 2928 1505 sua.
2970 1450 3170 1506 Deinde
3199 1461 3448 1521 precatur

1921 1548 1977 1590 ut
2018 1553 2220 1592 memor
2263 1539 2335 1593 sit
2380 1540 2654 1608 opprobrii
2693 1555 2965 1593 servorum
3019 1556 3259 1596 suorum.
3314 1542 3444 1596 Nam

1921 1628 2073 1694 quasi
2095 1628 2229 1695 jam,
2254 1638 2311 1681 ut
2343 1629 2509 1682 tacite
2532 1628 2757 1697 judicat,
2780 1630 2952 1683 tristia
2991 1630 3076 1684 illa
3106 1633 3255 1701 prius
3287 1647 3449 1685 enun-

1921 1718 2065 1779 tiata,
2092 1732 2251 1786 opere
2291 1716 2523 1783 perfecta
2554 1719 2681 1781 sint,
2717 1734 2839 1772 cum
2872 1720 3074 1773 inimici
3097 1720 3249 1773 multi
3288 1730 3339 1774 et
3362 1738 3449 1790 po-

1923 1805 2029 1872 puli
2056 1806 2274 1868 instent,
2302 1812 2355 1859 et
2385 1820 2570 1860 servos
2610 1806 2701 1861 Dei
2744 1816 2958 1876 propter
2994 1825 3055 1862 ea
3096 1824 3215 1879 quae
3243 1810 3447 1865 accide-

1921 1903 2037 1948 rant
2064 1897 2369 1965 opprobriis
2397 1906 2641 1960 onerent,
2673 1914 2769 1967 pro
2802 1900 2907 1953 illis
2943 1899 3033 1953 Dei
3078 1899 3292 1955 famulis
3326 1918 3446 1962 ora-

1916 1988 2111 2040 tionem
2139 1987 2333 2041 emittit
2360 1986 2544 2041 dieens
2568 2005 2581 2041 :
2618 1988 2814 2041 Memor
2843 2000 2970 2052 esto,
3000 1990 3232 2054 Domine,
3264 2007 3447 2058 oppro-

1917 2076 2015 2128 brii
2036 2092 2296 2129 seruorum
2328 2087 2556 2131 tuorum.
2588 2080 2694 2132 Pro
2742 2079 2834 2133 illo
2861 2088 3060 2145 autem,
3092 2080 3241 2145 Quod
3284 2083 3439 2134 conti-

1916 2166 2006 2217 nui
2034 2166 2084 2218 in
2114 2166 2230 2219 sinu
2267 2183 2378 2219 meo
2430 2168 2714 2219 multarum
2738 2170 2987 2236 gentium,
3021 2170 3223 2226 clarius
3257 2170 3445 2239 Aquila

1915 2253 2079 2307 edidit
2112 2254 2317 2317 dicens,
2349 2254 2434 2309 Me
2460 2257 2650 2323 ferente
2686 2259 2738 2310 in
2763 2260 2879 2311 sinu
2926 2276 3099 2313 omnes
3150 2260 3445 2329 iniquitates

1912 2344 2256 2410 populorum;
2293 2344 2644 2413 Symmachus
2690 2356 2889 2409 autem,
2937 2348 3057 2400 Tuli
3093 2350 3145 2401 in
3185 2350 3301 2402 sinu
3337 2367 3446 2403 meo

1914 2436 2142 2487 omnium
2171 2436 2421 2503 gentium.
2454 2434 2555 2500 Qui
2581 2437 2760 2503 itaque
2784 2437 3085 2505 opprobriis
3118 2437 3441 2501 adiciuntur,

1915 2525 2053 2578 servi
2086 2523 2178 2578 Dei
2208 2532 2335 2577 sunt
2360 2543 2373 2577 :
2403 2540 2569 2593 quare
2589 2525 2818 2589 dicebat,
2836 2525 3031 2579 Memor
3050 2536 3179 2589 esto,
3207 2526 3442 2589 Domine,

1915 2613 2173 2680 opprobrii
2205 2630 2465 2667 seruorum
2516 2624 2755 2677 tuorum;
2793 2614 2881 2682 qui
2933 2623 3111 2669 autem
3159 2617 3444 2685 opprobria

1915 2702 2173 2763 inferunt,
2204 2711 2329 2756 sunt
2363 2703 2566 2756 inimici
2610 2702 2703 2756 Dei
2732 2722 2745 2756 :
2781 2704 3125 2773 quamobrem
3174 2705 3448 2774 subjungit

1915 2803 2116 2860 postea,
2150 2790 2300 2856 Quod
2336 2792 2772 2860 exprobrauerunt
2819 2793 3017 2846 inimici
3064 2794 3159 2856 tui,
3209 2793 3445 2859 Domine,

1913 2883 2049 2952 quod
2094 2883 2530 2948 exprobrauerunt
2586 2884 3043 2936 commutationem
3094 2882 3292 2937 Christi
3350 2886 3443 2936 tui.

1914 2972 2016 3038 Qui
2039 2980 2215 3027 autem
2248 2973 2359 3026 haec
2399 2971 2506 3025 Deo
2537 2972 2686 3035 dicit,
2715 2974 2946 3028 salutare
2996 2972 3228 3027 Verbum
3266 2973 3445 3033 fuerit,

1914 3062 2059 3130 quod
2105 3062 2161 3115 in
2209 3062 2330 3116 sinu
2401 3078 2501 3116 suo
2544 3063 2853 3130 iniquitates
2906 3064 3221 3131 populorum
3288 3066 3443 3118 tollit.

236 3152 268 3201 6
300 3150 504 3218 αἴρων
533 3149 593 3198 ἐν
623 3145 697 3214 τῷ
738 3146 927 3208 ἐαυτοῦ
957 3147 1137 3214 κόλπῳ
1165 3147 1261 3209 τὰς
1285 3148 1492 3210 ἀδικίας
1519 3150 1625 3202 τῶν
1653 3150 1808 3201 λαῶν.

1915 3149 2272 3203 Commutatio
2300 3159 2475 3203 autem
2510 3149 2709 3205 Christi
2760 3165 2866 3217 quo
2902 3165 3064 3203 sensu
3095 3151 3235 3203 dicta
3266 3151 3444 3213 fuerit,

254 3233 666 3299 Ἀντάλλαγμα
697 3231 753 3283 δὲ
790 3232 882 3283 τοῦ
910 3234 1141 3302 Χριστοῦ
1172 3236 1315 3297 ὅπως
1342 3237 1570 3306 εἴρηται,
1610 3239 1813 3308 νοήσεις

239 3325 365 3377 ἀπὸ
423 3322 532 3390 τῆς
574 3318 664 3371 τοῦ
710 3322 999 3391 Συμμάχου
1044 3324 1350 3393 ἑρμηνείας,
1383 3326 1446 3378 δι’
1491 3323 1555 3397 ἧς
1586 3329 1810 3398 εἴρηται,

243 3412 335 3470 Οὗ
383 3409 716 3464 ὠνείδισαν
745 3412 815 3463 τὰ
839 3411 973 3477 ἴχνη
1002 3412 1105 3465 τοῦ
1127 3414 1376 3478 Χριστοῦ
1406 3430 1540 3469 σου.
1569 3416 1676 3485 Τὴν
1708 3418 1815 3487 γὰρ

242 3502 506 3574 πορείαν
537 3498 627 3550 τοῦ
658 3499 887 3567 Χριστοῦ
929 3499 1019 3551 τοῦ
1056 3500 1187 3553 Θεοῦ
1239 3502 1329 3554 καὶ
1366 3501 1462 3572 τὴν
1489 3504 1603 3555 ὁδὸν
1653 3504 1815 3556 αὐτοῦ

238 3600 351 3668 τὴν
396 3591 547 3647 κατά
574 3592 632 3644 τὸ
662 3592 848 3654 πάθος,
874 3593 943 3653 τά
970 3610 1028 3645 τε
1057 3594 1173 3661 ῐχνη
1206 3594 1303 3661 τῆς
1332 3594 1469 3646 κατὰ
1495 3596 1586 3655 τὸν
1616 3596 1817 3667 ἀνθρώ-

243 3702 424 3740 πινον
464 3682 579 3751 βίον
622 3682 942 3750 οἰκονομίας,
984 3681 1168 3734 τοῦτον
1212 3682 1423 3752 ᾐνίξατο
1466 3684 1553 3736 τὸν
1599 3685 1812 3753 τρόπον.

243 3776 460 3829 Ταῦτα
504 3770 611 3840 γὰρ
640 3770 886 3822 εἰώθασιν
931 3769 1199 3833 ὀνειδίζειν
1239 3773 1367 3839 ἡμῖν
1407 3772 1456 3823 οἱ
1499 3772 1678 3841 ἐχθροὶ
1724 3771 1816 3823 τοῦ

243 3866 427 3920 Θεοῦ.
494 3860 652 3912 Ἀλλὰ
703 3860 808 3930 γὰρ
858 3860 932 3922 ὼς
979 3860 1325 3922 ἐπακουσθεὶς
1379 3860 1474 3914 καὶ
1529 3861 1818 3922 πιστεύσας

244 3944 561 4018 τεύξεσθαι
586 3950 690 4001 τῶν
720 3949 911 4018 εὐχῶν,
938 3950 1158 4013 ἐλπίσας
1198 3967 1256 4001 τε
1353 3950 1510 4018 τάχος
1538 3951 1817 4018 ἐπιστήσε-

250 4048 391 4100 σθαι
432 4040 538 4102 τὰς
563 4039 695 4109 πρὸς
716 4040 804 4090 τὸν
832 4039 989 4091 Δαυῒδ
1015 4040 1332 4108 ἐπαγγελίας
1358 4040 1449 4092 τοῦ
1478 4041 1629 4103 Θεοῦ,
1651 4042 1710 4093 τὸ
1736 4042 1820 4093 τέ-

248 4138 350 4197 λος
380 4129 489 4183 τοῦ
516 4126 710 4187 παντὸς
740 4126 893 4191 λόγον
926 4125 1011 4177 διὰ
1038 4126 1135 4193 τῆς
1176 4126 1513 4195 εὐχαριστίας
1542 4125 1634 4177 καὶ
1675 4125 1820 4176 εὐλο-

251 4225 394 4293 γίας
428 4214 877 4285 ἐπισφραγίζεται
906 4214 1100 4281 λέγων·
1136 4214 1470 4283 Εὐλογητὸς
1504 4215 1711 4281 Κύριος
1736 4216 1819 4278 είς

252 4318 374 4367 τὸν
406 4306 601 4359 αἰῶνα
617 4321 632 4337 ο
657 4305 799 4373 ἡμᾶς
824 4320 883 4355 τε
898 4304 1128 4355 διδάσκει
1157 4305 1582 4373 προσυπακούειν
1605 4305 1684 4366 τὸ,
1714 4304 1817 4356 Γέ-

252 4414 463 4459 vasto,
493 4393 739 4463 γένοιτο,
767 4393 900 4463 ὅπερ
922 4392 1329 4462 ἐστὶνἙϐραῖκὴ
1354 4394 1609 4462 φωνὴυ),
1628 4392 1817 4460 Ἀμὴν,

254 4488 463 4558 ἁμήν.
510 4482 643 4552 Περὶ
670 4482 726 4533 δὲ
764 4482 854 4533 τοῦ
898 4480 1275 4550 διαψάλματος,
1322 4482 1575 4546 πολλάκις
1624 4481 1818 4551 μεταξὺ

257 4594 417 4649 παρε
427 4573 632 4646 μὸεὸλη
642 4572 818 4642 μένου,
854 4571 1021 4625 ταῦτα
1044 4573 1274 4624 λεκτέον.
1292 4574 1355 4624 Ἠ
1382 4573 1566 4643 πρώτη
1588 4576 1821 4642 ἐπαγγε-

207 4689 210 4692 ’
256 4669 359 4721 λία
396 4664 497 4718 τοῦ
526 4662 659 4715 Θεοῦ
696 4663 754 4713 ἒν
793 4663 930 4730 ἀρχῇ
965 4661 1208 4729 λεχθεῖσα
1249 4666 1504 4731 περιεῖχε,
1544 4664 1818 4732 Διεθέμην

258 4755 595 4820 διαθήκην,
614 4753 727 4815 καὶ,
749 4753 971 4819 Ὠμοσα
993 4751 1187 4813 Δαυῒδ,
1214 4752 1306 4803 καὶ
1333 4751 1402 4803 τὰ
1429 4753 1571 4821 ἑξῆς·
1590 4751 1704 4805 εἶτα
1727 4753 1817 4805 τοῦ

258 4844 657 4915 διαψάλματος
693 4840 1098 4911 παρατεθέντος,
1137 4839 1448 4909 μεταϐαλὼν
1493 4844 1521 4893 6
1567 4842 1719 4910 λόγος
1757 4842 1828 4894 τὸ.

265 4937 589 5005 πρόσωπον,
618 4931 851 4997 ἐπιλέγει
871 4947 884 4960 ’
922 4928 1476 4999 Ἐξομολοτήσονται
1502 4934 1563 4983 οι
1580 4932 1816 4998 οὐρανοὶ

258 5028 347 5080 τὰ
384 5020 689 5089 θαυμάσιά
723 5034 866 5074 σου·
901 5022 996 5072 καὶ
1037 5021 1214 5080 πάλιν,
1261 5019 1583 5084 ἐπαγγελίας
1616 5023 1817 5091 λεχθεί-

232 5130 235 5133 ‘
268 5129 380 5181 σης
428 5112 497 5161 ἐκ
538 5107 818 5177 προσώπου
862 5108 953 5159 τοῦ
983 5107 1112 5159 Θεοῦ
1156 5106 1254 5172 τῆς
1293 5105 1395 5155 ἀπὸ
1423 5106 1537 5167 τοῦ,
1580 5109 1819 5177 Ἐθέμην

262 5203 569 5269 ,ϐοήθειαν
597 5200 689 5251 ἐπὶ
718 5197 988 5261 δυνατὸν,
1016 5198 1169 5266 μέχρι
1201 5193 1315 5252 τοῦ,
1354 5196 1447 5246 καὶ
1484 5197 1718 5263 μάρτυς
1751 5202 1818 5252 ἐν

269 5292 519 5361 οὐρανῷ
550 5290 777 5354 πιστὸς.
816 5289 969 5341 πάλιν
993 5288 1078 5340 τοῦ
1109 5282 1465 5351 διαψὰλματος
1500 5290 1817 5361 παρεμϐλη-

272 5383 487 5443 Οέντος,
535 5378 844 5447 μεταϐάλλει
879 5376 972 5445 τὴν
997 5376 1224 5429 διάνοιαν
1252 5371 1281 5420 6
1306 5369 1468 5437 λόγος,
1502 5375 1601 5426 καί
1645 5392 1779 5445 φησι
1799 5395 1811 5407 ·

276 5472 369 5525 Σὺ
416 5469 485 5522 δὲ
523 5468 734 5521 ἀπώσω
775 5469 866 5519 καὶ
906 5462 1323 5528 ἐξουδένωσας,
1369 5461 1671 5516 ἀνεϐάλου
1711 5466 1816 5518 τὸν

280 5559 541 5627 χριστόν
581 5573 709 5610 σου,
763 5552 903 5613 Elea,
946 5546 1213 5615 διεξελθὼν
1256 5546 1321 5599 τα
1359 5547 1813 5623 σκυθρωπότερα,

1912 3253 1977 3291 ex
2009 3238 2314 3308 Symmachi
2357 3239 2794 3306 interpretatione
2836 3239 3120 3308 intelliges,
3169 3254 3271 3307 qua
3316 3239 3446 3292 dici-

1913 3336 2020 3391 tur,
2050 3329 2201 3394 Quod
2230 3330 2659 3397 eacprobrauerunt
2691 3329 2899 3395 uestigia
2928 3327 3121 3381 Christi
3150 3329 3247 3383 tui.
3278 3329 3447 3383 luces-

1914 3432 2033 3471 sum
2076 3418 2216 3471 enim
2269 3418 2469 3472 Christi
2504 3416 2594 3470 Dei
2640 3426 2692 3471 et
2732 3419 2872 3471 viam
2911 3418 3027 3485 ejus
3066 3417 3118 3470 in
3174 3419 3444 3486 passione,

1915 3507 2135 3576 vestigia
2177 3508 2302 3561 item
2336 3508 2388 3560 in
2412 3507 2657 3561 humanae
2682 3508 2803 3561 vitae
2856 3522 2966 3561 sua:
2998 3508 3317 3571 (economia,
3346 3507 3447 3561 hae

1916 3598 2121 3652 ratione
2155 3598 2531 3652 subindicavit.
2575 3597 2696 3652 litec
2744 3599 2886 3651 enim
2928 3599 3253 3666 exprobrare
3294 3598 3450 3655 nobis

1916 3685 2088 3737 solent
2121 3684 2319 3737 inimici
2351 3684 2463 3737 Dei.
2488 3683 2683 3738 Vel-um
2718 3686 2803 3738 ille
2828 3686 2979 3754 quasi
3002 3686 3301 3749 exauditus,
3332 3700 3445 3740 cer-

1916 3783 2109 3841 tusque
2167 3788 2225 3828 se
2276 3783 2397 3826 vota
2443 3784 2879 3840 consecuturum,
2924 3789 2987 3827 ac
3019 3789 3240 3843 sperans
3289 3790 3446 3845 quam

1917 3860 2145 3929 primum
2172 3861 2467 3929 implendas
2492 3877 2610 3916 esse
2632 3861 2723 3915 Dei
2756 3863 2819 3916 ad
2843 3862 3093 3918 Davidem
3130 3863 3299 3919 factas
3324 3878 3449 3934 pro-

1916 3950 2221 4014 missiones,
2240 3953 2507 4006 sermonis
2537 3953 2702 4007 totius
2736 3953 2890 4005 linem
2920 3955 3212 4021 gratiarum
3241 3954 3450 4007 actione

1915 4049 1969 4095 et
1996 4041 2365 4096 benedictione
2398 4043 2643 4112 obsignat
2674 4043 2881 4103 dicens.
2919 4042 3229 4096 Benedictus
3271 4043 3450 4097 Domi-

1917 4148 2012 4185 nus
2034 4133 2086 4184 in
2111 4141 2359 4185 wternum
2377 4146 2393 4183 :
2413 4148 2618 4201 nosque
2634 4133 2821 4186 educet
2850 4132 3276 4201 respondendum
3304 4147 3445 4194 esse,

1919 4220 2067 4282 Fiat,
2102 4223 2218 4289 fiat,
2247 4221 2389 4290 quod
2420 4221 2678 4275 llebraica
2730 4236 2859 4275 voce
2907 4230 3009 4285 est,
3043 4221 3226 4284 Amen,
3278 4238 3445 4276 amen.

1918 4310 1993 4366 De
2023 4311 2369 4378 diapsalmate
2406 4326 2529 4364 vero
2551 4310 2690 4379 quod
2710 4311 3020 4379 plerumque
3042 4310 3318 4375 inseritur,
3336 4311 3449 4365 haec

1920 4398 2143 4453 dicenda
2172 4408 2317 4452 sunt.
2341 4398 2518 4451 Prima
2548 4398 2642 4451 Dei
2694 4398 2979 4465 promissio
3028 4398 3182 4451 initio
3220 4400 3446 4466 prolata,

1852 4474 1893 4527 ί)
1920 4496 2054 4548 erat,
2081 4485 2326 4554 Disposui
2346 4494 2721 4547 testamentum,
2744 4493 2816 4547 et,
2837 4484 3022 4538 Juraui
3052 4485 3241 4547 Dauid,
3270 4494 3323 4539 et
3349 4501 3446 4541 ca:-

1920 4583 2050 4628 tera.
2083 4573 2299 4637 Deinde,
2323 4573 2563 4641 apposito
2588 4572 2954 4640 diapsalmate,
2986 4581 3187 4627 mutata
3223 4589 3447 4640 persona

1919 4663 2276 4732 subjungilur,
2313 4661 2706 4728 Conﬁtebuntur
2745 4661 2855 4713 creti
2892 4662 3155 4714 mirabilia
3200 4672 3291 4714 tua
3335 4678 3349 4715 :
3384 4677 3449 4715 ac

1925 4769 2161 4816 rursum,
2205 4754 2561 4823 promissione
2591 4768 2655 4805 ex
2691 4768 2917 4819 persona
2950 4751 3040 4805 Dei
3078 4752 3238 4815 facta,
3270 4754 3337 4805 ab
3365 4753 3447 4806 his

1918 4844 2115 4908 verbis,
2139 4842 2301 4896 Posui
2323 4842 2643 4910 adjutorium
2660 4844 2711 4917 in
2741 4852 2960 4910 potente,
2996 4858 3169 4910 usque
3198 4843 3264 4895 ad
3295 4842 3446 4905 illud,

1915 4944 1964 4987 et
1998 4935 2139 4986 testis
2166 4935 2219 4985 in
2239 4933 2363 4986 creto
2395 4932 2584 4999 ﬁdelis,
2623 4948 2837 4987 rursum
2878 4933 3196 4999 interposito
3220 4931 3450 5000 diapsal~

1916 5031 2075 5084 male,
2109 5021 2372 5076 sententia
2416 5028 2653 5073 mutatur
2682 5036 2745 5075 ac
2775 5020 2990 5082 dicitur,
3031 5019 3109 5071 Tu
3150 5037 3266 5073 uero
3313 5034 3452 5087 repu-

1917 5112 2024 5163 listi
2044 5120 2094 5163 et
2126 5110 2419 5178 despexisti,
2453 5110 2675 5176 rejecisti
2701 5109 2965 5161 Christum
2997 5117 3165 5161 tuum.
3202 5108 3313 5160 Sub
3341 5109 3451 5161 haec

1914 5201 2179 5256 enarratis
2228 5200 2577 5261 tristioribus,
2613 5214 2827 5252 rursum
2884 5195 3183 5263 diapsaima
3240 5197 3452 5257 inserit,

1917 5291 2321 5357 doctrinamque
2375 5296 2547 5340 mutat
2592 5290 2809 5349 dicens,
2871 5283 3163 5353 Usquequo,
3215 5284 3451 5343 Domine,

1919 5389 2112 5433 avertes
2162 5377 2215 5428 in
2250 5376 2446 5443 finem?
2477 5383 2529 5428 et
2561 5376 2757 5429 emissa
2792 5371 3059 5434 oratione,
3108 5371 3308 5423 iterum
3339 5372 3453 5424 dia-

1919 5469 2173 5538 psalmate
2190 5466 2506 5533 interposito
2538 5466 2724 5527 utitur,
2748 5477 2812 5515 ac
2844 5459 3042 5521 subdit,
3078 5457 3185 5510 Ubi
3216 5471 3336 5512 sunt
3367 5462 3460 5510 mi-

1918 5558 2206 5613 sericordiae
2228 5564 2329 5609 tua:
2357 5557 2602 5623 antiqua',
2634 5552 2892 5608 Domine?
2924 5555 3124 5602 mutata
3183 5546 3468 5608 sententia,

267 5689 275 5725 ι
360 5650 438 5720 (ι)
469 5649 729 5717 luterpres
759 5646 895 5716 legit,
935 5652 983 5697 ut
1008 5639 1239 5693 videtur.
1311 5638 1566 5708 Ἐϐραῖκῇ
1602 5651 1783 5714 φωνῇ.
1823 5649 1977 5705 Eon.
