3848 6416
314 306 352 360 1
369 306 480 363 125
1438 327 1823 383 ΩΟΠΜΕΝΤΑ]

1924 372 1928 381 .
1968 330 2029 383 ΙΝ
2068 330 2396 385 PSALMOS.
3350 345 3373 397 l
3391 344 3485 398 uo

288 418 582 489 ρωμὲνων
611 423 1099 498 ἐπιϐουλευοίμεθα,
1130 435 1401 503 νηφόντως
1438 438 1528 490 ἐπὶ
1550 439 1637 491 τὸν
1663 438 1823 507 Κύριε

1924 482 1931 500 ,
1959 440 2100 493 tione
2124 440 2481 494 invocantium
2513 456 2570 495 se
2608 453 2969 513 propugnator
2992 454 3045 501 ct
3089 463 3139 517 pl
3153 454 3357 503 oteaor
3384 463 3487 509 est.

283 511 477 579 ἡμῶν
517 514 728 568 καὶτὸν
766 517 894 571 Θεὸν
931 521 1346 592 καταφύγοιμεν,
1374 526 1463 579 τὸν
1506 529 1641 581 κατὰ
1672 529 1823 596 γενεά

1955 526 2058 581 Pro
2089 529 2177 581 illo
2212 537 2410 591 autem,
2442 527 2507 581 In
2552 511 2875 599 generatione
2915 544 2963 587 et
3004 537 3346 603 generatione.
3379 540 3486 594 cla-

281 604 404 656 καὶ
427 605 623 672 γενεὰν
649 607 957 678 ὑπέρμαχον
990 612 1295 681 γιγνόμενον
1325 617 1413 667 καὶ
1456 617 1823 687 ὑπερασπιστὴ

1954 618 2064 669 rius
2094 614 2442 685 Symmachus
2464 616 2630 670 edidit
2662 618 2746 671 his
2782 619 2979 681 verbis,
3008 620 3071 673 In
3091 622 3307 691 singulis
3336 640 3486 693 gene-

274 692 416 744 τῶν
456 694 895 764 ἐπικαλουμένων
930 699 1107 753 αὐτόν.
1145 701 1283 752 Ἀντὶ
1319 702 1373 753 δὲ
1404 703 1517 766 τοῦ,
1561 706 1652 758 Ἐν
1687 723 1823 774 γεγε

1953 705 2282 766 rationibus;
2313 720 2374 757 ac
2417 720 2631 759 rursum
2684 706 2817 769 haec,
2853 707 3141 778 Antequam
3167 692 3361 769 montes
3393 717 3487 784 ﬁe—

276 784 403 835 καὶ
439 783 639 851 γενεᾷ,
669 785 989 857 σαφέστερον
1019 790 1046 840 ό
1072 790 1357 859 Σύμμαχος
1385 793 1634 858 ἐξέδωκεν
1667 796 1823 849 εἰπὼν

1952 801 2083 855 rent,
2114 803 2161 845 et
2193 794 2507 857 [armaretur
2553 804 2691 847 terra
2737 806 2785 849 et
2817 798 2990 861 orbis;
3021 800 3210 869 Aquila
3247 812 3299 858 et
3331 783 3486 874 Sym-

288 872 416 925 Ἐν
448 873 677 942 ἑκάστῃ
710 875 879 942 γενεᾷ
898 893 909 905 ⁸
932 880 1028 929 καὶ
1060 879 1216 933 πάλιν
1236 897 1248 910 ·
1281 881 1396 948 Πρό
1424 883 1525 934 τοῦ
1552 883 1654 950 ὄρη
1689 901 1823 951 rem

1952 882 2173 936 machus
2208 883 2451 936 similiter
2487 885 2563 937 sic
2594 884 2759 938 edunt
2793 905 2807 940 :
2843 886 3125 957 Antequam
3170 904 3361 946 montes
3383 911 3474 961 pa-

268 960 486 1028 θῆναι
524 962 624 1015 καί
668 965 1005 1031 πλασθῆναι
1045 967 1155 1033 τὴν
1194 966 1306 1035 τῆν
1348 972 1440 1022 καὶ
1484 973 1823 1039 οἰκουμένην

1949 984 2203 1035 ferentur,
2231 981 2278 1026 et
2330 974 2679 1040 parturiretur
2703 984 2840 1027 terra
2869 986 2917 1029 et
2966 978 3123 1032 orbis.
3156 960 3481 1051 Videturquo
3514 979 3521 987 ’

270 1048 613 1117 συμφώνως
646 1049 778 1118 όμοῦ
815 1052 1037 1115 Ἀκύλας
1069 1055 1159 1106 καὶ
1202 1056 1485 1124 Σύμμαχός
1513 1075 1639 1124 φασι
1662 1075 1676 1088 '
1707 1060 1823 1127 lel

1950 1058 2077 1111 mihi
2104 1058 2362 1113 Hebraica
2387 1062 2542 1115 lectio
2571 1063 2844 1131 physicam
2870 1069 3130 1119 rationem
3167 1048 3480 1137 reddidisse,

266 1135 400 1202 ὄρη
432 1136 719 1204 τεχθῆναι
755 1140 849 1192 καί
888 1140 1237 1208 ὼδινηθῆνιιι
1269 1144 1381 1211 γῆν
1408 1146 1502 1197 καί
1530 1146 1639 1212 τὴν
1671 1152 1823 1202 olm

1948 1146 2148 1202 docens
2198 1164 2305 1202 non
2336 1151 2401 1202 ab
2441 1151 2591 1202 initio
2618 1161 2824 1206 montes
2856 1169 2961 1207 una
2991 1170 3110 1208 cum
3153 1165 3292 1211 terra
3321 1162 3480 1213 exstio

261 1226 513 1292 μένην.
550 1229 658 1280 Καί
681 1247 767 1298 μοι
789 1230 931 1282 δοκεῖ
959 1233 991 1299 ἡ
1032 1232 1284 1302 Ἐὁραῖκὴ
1313 1234 1451 1296 λέξις
1471 1238 1688 1303 φυσικὸν
1715 1239 1848 1291 ἁπο-

252 1317 595 1371 δεδωκέναι
644 1318 817 1386 λόγον,
857 1321 913 1371 ὲν
953 1321 1129 1383 αὐτοῖς
1171 1321 1481 1375 διδάσκουσα
1510 1326 1581 1395 μὴ
1620 1327 1847 1397 ἀρχῆθεν

268 1407 641 1475 συνυπάρξαι
668 1410 733 1476 τῇ
778 1410 845 1476 γῇ
875 1408 942 1460 τὰ
973 1409 1029 1459 ἐν
1076 1408 1207 1478 αὐτῇ
1239 1410 1359 1479 ὅρη,
1399 1411 1510 1462 ἀλλ’
1550 1414 1846 1482 ἀναφυῆναι

254 1495 453 1563 δίκην
483 1495 592 1546 τῶν
614 1496 937 1565 τικτομένων
954 1513 968 1528 ο
995 1496 1072 1548 διὸ
1102 1497 1307 1566 εἴρηται
1326 1513 1339 1525 '
1369 1499 1480 1565 Πρὸ
1506 1502 1607 1554 τοῦ
1630 1502 1731 1570 ὄρη
1760 1521 1848 1571 γε-

259 1580 575 1647 νηθῆναι,
612 1582 666 1650 ἦ,
709 1582 853 1648 Πρὶν
879 1583 981 1649 ὅρη
1006 1582 1277 1650 τεχθῆναι
1297 1600 1311 1614 ο
1346 1587 1435 1661 καὶ
1467 1587 1607 1649 εἰκὸς
1633 1589 1745 1658 ἅμα
1771 1589 1845 1658 τῷ

254 1669 555 1737 ’τεχθῆναι
580 1670 644 1721 τὰ
668 1670 764 1742 ὅρη
796 1671 885 1722 καὶ
911 1670 1272 1740 πῳϐληοῆναι
1295 1671 1397 1723 ἀπὸ
1419 1674 1513 1743 τῆς
1537 1674 1637 1742 γῆς
1659 1677 1845 1729 καταλ-

1949 1234 2099 1299 tisse,
2130 1236 2221 1290 sed
2250 1246 2497 1305 partitum
2522 1238 2691 1292 instar
2715 1247 2861 1296 ortos
2886 1257 3006 1297 esse
3039 1262 3051 1296 :
3085 1259 3249 1313 quare
3278 1247 3477 1301 dictum

1954 1332 2059 1388 est,
2118 1323 2429 1394 Priusquam
2484 1338 2675 1382 montes
2727 1332 2935 1398 ﬁerent;
2994 1341 3105 1397 aut,
3166 1333 3477 1406 Priusquam

1946 1424 2142 1469 montes
2189 1428 2534 1483 parerentur:
2570 1435 2632 1473 ac
2662 1422 2951 1477 verisimile
2977 1434 3079 1488 est,
3116 1435 3325 1481 montes
3353 1444 3473 1483 cum

1944 1514 2280 1573 parerentur,
2309 1523 2371 1560 ac
2408 1510 2553 1561 velut
2588 1510 2816 1565 infantes
2853 1529 2882 1567 e
2913 1523 3054 1567 terra
3084 1519 3472 1583 emitterentur,

1944 1608 2049 1645 non
2093 1609 2155 1648 ea
2188 1610 2291 1663 qua
2332 1612 2476 1650 nunc
2521 1607 2644 1651 sunt
2688 1583 3010 1657 celsi‘tudine
3044 1605 3240 1672 fuisse;
3274 1608 3365 1661 sed
3392 1624 3475 1661 rc-

1942 1696 2071 1737 cens
2099 1692 2275 1746 natos,
2314 1694 2371 1739 ut
2400 1686 2629 1741 infantes
2665 1704 2834 1757 nuper
2871 1700 3039 1756 ortos,
3063 1695 3286 1763 exiguos
3316 1696 3474 1749 mini-

259 1754 471 1824 λήλως
512 1759 625 1818 τοῖς
666 1756 918 1825 βρέφεσι,
960 1758 1031 1828 μὴ
1061 1761 1213 1811 όποία
1241 1758 1333 1811 νῦν
1362 1761 1421 1812 τὸ
1461 1761 1679 1829 μέγεθος
1712 1765 1823 1816 ὑπο

1943 1787 2164 1841 mosque
2192 1775 2501 1841 exstitisse;
2534 1777 2893 1847 diuturnoque
2925 1796 3039 1835 aevo
3079 1784 3470 1837 incrementum

262 1846 510 1913 στῆναι,
529 1845 641 1897 ἀλλ’
663 1846 785 1917 άρτι
805 1848 899 1917 μὲν
926 1850 1241 1918 γεννηθέντα
1265 1851 1354 1902 καὶ
1368 1851 1636 1919 τεχθέντα,
1655 1853 1836 1923 ὥσπερ

257 1939 554 2008 ἀρτιγενῆ
590 1938 695 1991 τῶν
728 1939 955 2009 βρεφῶν,
996 1941 1161 2012 μικρὰ
1192 1943 1282 1994 καὶ
1306 1943 1555 2013 ἐλάχιστα
1583 1946 1833 2016 ὑπάρξαι,

256 2027 344 2095 τῷ
372 2027 441 2079 δὲ
475 2027 673 2099 μακρῷ
691 2029 842 2081 αἰῶνι
865 2028 1027 2098 αῦξην
1048 2032 1138 2083 καὶ
1162 2032 1384 2101 μέγεθος
1403 2034 1684 2087 ἐπιδοῦναι.
1702 2036 1834 2087 Φασὶ

256 2117 410 2183 γοῦν
442 2120 526 2180 εἰς
546 2117 624 2170 ἔτι
646 2118 802 2189 δεῦρό
821 2137 959 2182 τινες
977 2120 1082 2171 τῶν
1098 2122 1418 2189 φυσιολόγων
1438 2122 1616 2189 αὔξειν
1631 2124 1697 2176 τὰ
1716 2124 1834 2194 ὄρη,

256 2207 364 2259 καὶ
413 2206 523 2270 τὰς
569 2207 769 2277 πέτρας
805 2207 1017 2277 μείζους
1045 2211 1246 2263 ἑαυτῶν
1277 2212 1511 2279 γίνεσθαι
1537 2215 1672 2266 κατά
1692 2232 1838 2276 τινας

259 2294 656 2357 λανθανούσας
677 2298 820 2365 ἡμᾶς
846 2296 931 2349 διὰ
961 2298 1178 2368 μακρῶν
1217 2301 1472 2367 περιόδων
1501 2301 1836 2371 βραχυτάτας

261 2384 626 2454 προσθήκας.
662 2385 809 2437 Ἐπεὶ
833 2385 888 2436 δὲ
914 2386 1005 2437 καὶ
1032 2386 1345 2456 ὼδινηθῆναι
1375 2388 1469 2459 τὴν
1497 2391 1596 2460 γῆν
1625 2391 1716 2443 καὶ
1737 2392 1830 2461 τὴν

257 2473 612 2542 οἰκουμένην
643 2473 918 2543 εἰρήκασιν
947 2475 995 2526 οἰ
1027 2475 1463 2543 έρμηνεύσαντες,
1492 2478 1831 2549 ἐξακολουθή-

260 2580 476 2624 σαντες
503 2562 582 2632 τῴ
621 2562 905 2633 Ἐὁραῖκῷ,
931 2564 1133 2633 μήποτε
1167 2566 1255 2617 καὶ
1284 2566 1372 2617 ἐπὶ
1400 2567 1495 2635 τῆς
1523 2569 1620 2637 γῆς
1640 2569 1697 2620 τὸ
1730 2587 1829 2621 πα·-

259 2652 588 2722 ραπλήσιον
629 2656 740 2714 τοῖς
769 2652 913 2722 δρεσι
942 2654 1124 2722 νοῆσαι
1159 2656 1433 2724 προσήκει,
1464 2657 1536 2719 ὡς
1568 2658 1623 2723 ἐξ
1644 2660 1826 2729 ἐτέρου

1939 1866 1992 1910 et
2024 1861 2442 1929 magnitudinem
2484 1866 2771 1934 accepisse.
2801 1866 2929 1921 Nam
2968 1872 3183 1938 quidam
3225 1888 3290 1927 ex
3336 1874 3473 1944 phy-

1939 1948 2153 2017 siologis
2180 1952 2442 2021 hodieque
2467 1954 2632 2018 aiunt,
2662 1965 2868 2011 montes
2896 1974 3157 2024 crescere,
3176 1976 3239 2015 ac
3261 1971 3461 2031 petras,

1932 2040 2169 2108 acceptis
2225 2043 2381 2111 longo
2428 2052 2723 2115 temporum
2777 2048 3045 2102 curriculo
3077 2052 3321 2117 modicis,
3354 2065 3471 2121 quis.

1934 2128 2091 2181 nobis
2127 2129 2312 2194 latent,
2338 2132 2700 2196 incrementis,
2730 2138 2960 2204 majores
2989 2140 3188 2193 sensim
3223 2142 3466 2197 evadere.

1936 2214 2069 2279 Quia
2111 2233 2234 2271 vero
2282 2219 2622 2288 interpretes,
2650 2221 2965 2279 Hebraicum
3013 2237 3319 2297 sequentes,
3361 2239 3467 2284 ter-

1933 2319 2047 2355 ram
2095 2313 2147 2358 et
2188 2308 2369 2361 orbem
2419 2312 2711 2378 parturisse
2739 2312 3016 2380 dixerunt;
3051 2332 3177 2370 num
3212 2319 3370 2371 etiam
3398 2320 3468 2373 de

1932 2400 2077 2446 terra
2128 2396 2274 2463 paria
2309 2397 2373 2451 iis
2418 2414 2535 2466 quas
2565 2400 2630 2453 de
2664 2403 2933 2458 montibus
2965 2407 3200 2474 cogitare
3226 2423 3321 2475 par
3347 2410 3463 2461 fue-

1934 2483 2021 2545 rit,
2060 2486 2213 2553 quasi
2244 2486 2355 2553 ipsa
2388 2502 2603 2555 quoque
2641 2505 2704 2542 ex
2743 2492 2849 2545 alio
2879 2494 3141 2548 elemento
3181 2497 3457 2565 procedat,

1932 2573 2003 2625 ita
2038 2582 2095 2626 ut
2119 2575 2278 2627 etiam
2314 2577 2401 2629 illa
2434 2578 2603 2645 prius,
2636 2582 2789 2647 quasi
2824 2596 2854 2634 a
2883 2586 3283 2652 praegnantibus
3320 2594 3371 2640 et
3401 2588 3455 2640 in

1931 2670 2085 2730 partu
2106 2663 2317 2717 dolores
2344 2666 2690 2734 patientibus,
2724 2672 3115 2737 parturiretur?

260 2742 552 2812 στοιχείου
576 2742 935 2812 προελθούσης
964 2744 1149 2811 αὐτῆς,
1190 2745 1280 2796 καὶ
1308 2745 1563 2815 πρότερον
1620 2749 1714 2817 μὲν
1768 2749 2109 2821 ὠδινηθείσης
2136 2752 2300 2823 δίκην
2352 2754 2456 2807 τῶν
2498 2759 2889 2828 κυοφορουσῶν,
2920 2763 3009 2812 καὶ
3034 2764 3089 2813 ὲν
3126 2762 3203 2832 τῷ
3260 2764 3465 2816 τίκτειν

257 2837 372 2887 ὑπο
378 2835 668 2906 μενουσῶν
688 2834 878 2896 ὠδῖνας
892 2851 911 2897 ;

329 2951 407 3003 Ei
440 2949 488 3001 δ’
517 2942 610 3001 οῦν
660 2947 975 3016 συνέστηκεν
1006 2947 1038 2997 ό
1073 2948 1177 3001 τῶν
1220 2950 1455 3017 φυσικῶν
1493 2950 1643 3018 λόγος
1674 2954 1701 3004 ό
1730 2953 1823 3020 φά·

1998 2952 2057 3005 Si
2083 2954 2263 3023 itaque
2287 2955 2630 3024 physicorum
2662 2972 2838 3011 sermo
2862 2964 3090 3020 constet,
3123 2959 3213 3027 qui
3246 2959 3321 3015 ait
3343 2963 3458 3029 pri-

257 3058 444 3103 σκων,
484 3038 700 3109 πρῶτον
748 3043 1001 3108 στοιχεῖον
1039 3040 1310 3106 γεγονέναι
1339 3041 1397 3091 τὸ
1438 3041 1595 3110 ὕδωρ,
1618 3038 1732 3093 εἶτα
1772 3042 1827 3106 ἐξ

255 3132 470 3192 ὓδατος
519 3130 612 3180 καὶ
660 3130 755 3198 τῆς
799 3130 968 3199 ὑγρᾶς
1002 3129 1186 3191 οὐσίας
1237 3130 1526 3198 ὑποστῆναι
1564 3132 1630 3182 τὰ
1672 3131 1829 3184 λοιπὰ

256 3221 556 3288 στοιχεῖα’
588 3216 729 3269 εἴποι
780 3218 843 3270 ἄν
871 3234 951 3280 τις
990 3218 1143 3269 τοῦτο
1182 3219 1273 3270 καὶ
1302 3221 1391 3271 ἐπὶ
1428 3222 1522 3289 τῆς
1558 3222 1827 3290 παρούσης

252 3308 502 3379 Γραφῆς
540 3307 891 3375 σημαίνεσθαι
934 3308 1210 3377 δηλούσης,
1252 3310 1330 3361 ὅτι
1360 3306 1426 3379 ἦν
1460 3312 1544 3362 ὅτε
1576 3312 1631 3362 ὲν
1660 3312 1825 3382 ἑτέρῳ

251 3398 402 3452 oio-ot
432 3401 467 3466 ἡ
498 3397 570 3465 γῆ
596 3398 835 3466 στοιχείῳ
857 3398 1058 3466 ἀφανὴς
1086 3395 1170 3467 ἦν,
1200 3402 1463 3469 κυουμένη
1487 3402 1580 3452 καὶ
1604 3401 1825 3471 συλλαμ-

252 3488 549 3558 εανομένη
581 3488 636 3539 ὲν
680 3491 742 3557 τῇ
775 3488 930 3555 φύσει
957 3488 1052 3557 τῆς
1094 3490 1262 3557 ὑγρᾶς
1300 3491 1497 3552 οὐσίας.
1528 3492 1615 3542 Διὸ
1648 3493 1737 3545 καὶ
1766 3495 1823 3544 ἐν

247 3584 318 3650 τῇ
368 3578 711 3647 κοσμοποιία
750 3578 986 3648 εἴρηται·
1027 3577 1095 3629 Ἠ
1135 3578 1201 3630 δὲ
1238 3578 1311 3647 γῆ
1349 3576 1426 3647 ἦν
1456 3581 1697 3645 ἀόρατος
1729 3582 1823 3633 καί

250 3667 836 3731 ἀκατασκεύαστος’
880 3668 974 3719 καὶ
1013 3670 1228 3732 σκότος
1269 3668 1463 3719 ἐπάνω
1502 3668 1610 3734 τῆς
1642 3670 1821 3722 ἀϐύσ-

250 3775 374 3811 σου
407 3775 421 3788 ο
460 3756 578 3808 ἀλλ’
625 3754 844 3824 ὕστερον
884 3755 1065 3826 ὥσπερ
1115 3756 1529 3824 άπογεννηθεῖσα
1561 3757 1821 3826 προῆλθεν

250 3849 318 3900 ἐκ
346 3846 464 3915 τῆς
491 3844 599 3895 τῶν
624 3844 822 3896 ὑδάτων
854 3844 1053 3906 οὐσίας,
1097 3845 1191 3895 οὐκ
1222 3844 1345 3897 ἄνευ
1372 3844 1517 3907 θείας
1550 3845 1820 3914 δυνάμεως

252 3938 350 3989 καὶ
383 3935 700 4005 κρείττονος
739 3933 976 4002 ἀνάγκης
1016 3934 1349 4003 ἐπιτεθείσης
1385 3938 1550 4005 αὑτῇο
1585 3935 1718 4004 αῦτη
1763 3936 1817 3987 δὲ

251 4024 322 4098 ἦν
348 4030 385 4097 ἡ
418 4023 524 4077 τοῦ
558 4023 894 4094 Δημιουργοῦ
930 4023 1192 4093 βούλησις.
1222 4025 1307 4085 Ὠς
1329 4025 1433 4094 γὰρ
1462 4026 1551 4076 ἐπὶ
1579 4025 1684 4075 τῶν
1704 4042 1821 4077 κυο-

255 4111 554 4185 φορουσῶν
597 4110 883 4178 γυναικῶν,
916 4110 1032 4179 βίας
1077 4112 1168 4163 καὶ
1215 4112 1452 4182 ἀνάγκης
1496 4112 1817 4181 ἐπελθούσης

253 4205 485 4264 αὑταῖς,
515 4201 577 4252 τὸ
605 4200 743 4253 κατὰ
778 4201 1007 4270 γαστρὸς
1052 4202 1362 4269 προάγεται,
1398 4202 1487 4254 τοῦ
1521 4203 1814 4273 ὡρισμένου

1932 3058 2075 3094 mum
2113 3044 2433 3098 elementum
2485 3044 2655 3099 fuisse
2706 3061 2897 3114 aquam
2922 3085 2938 3109 ,
2990 3048 3182 3102 deinde
3220 3065 3348 3104 vero
3388 3067 3456 3105 ex

1927 3145 2063 3200 aqua
2100 3139 2153 3185 et
2187 3133 2402 3185 humida
2434 3134 2752 3199 substantia,
2788 3135 2988 3202 reliqua
3023 3137 3282 3190 elementa
3326 3139 3458 3194 sub-

1927 3220 2129 3273 stitisse
2152 3238 2166 3284 ;
2188 3220 2383 3274 dixerit
2419 3222 2643 3275 fortasse
2663 3222 2949 3290 quispiam,
2986 3224 3084 3276 hoc
3116 3225 3168 3277 in
3207 3230 3455 3294 praesenti

1928 3307 2203 3377 Scriptura
2242 3310 2551 3378 significari,
2594 3325 2655 3363 ac
2711 3310 2991 3375 declarari,
3030 3310 3196 3367 fuisse
3248 3320 3457 3383 tempus

1924 3414 2044 3452 cum
2079 3407 2218 3453 terra
2250 3403 2304 3454 in
2343 3402 2448 3453 alio
2484 3402 2745 3455 elemento
2793 3405 2985 3472 posita,
3032 3406 3134 3459 sub
3176 3416 3453 3476 aspectum

1923 3504 2029 3543 non
2070 3490 2303 3553 caderet,
2337 3491 2489 3559 quasi
2542 3499 2695 3544 utero
2744 3501 2948 3560 gestata
3004 3502 3057 3547 et
3094 3506 3348 3565 concepta
3398 3498 3451 3552 iu

1923 3577 2152 3629 humida:
2179 3579 2492 3631 substantiae
2533 3588 2741 3632 natura.
2783 3578 2957 3644 Quare
2997 3582 3050 3634 in
3085 3584 3266 3636 mundi
3299 3599 3449 3638 crea-

1918 3665 2063 3717 tione
2089 3664 2342 3718 dicitur"
2370 3686 2381 3718 :
2408 3667 2567 3719 Terra
2580 3677 2750 3720 autem
2772 3681 2881 3722 erat
2908 3670 3179 3724 invisibilis
3206 3675 3435 3726 etincom

1915 3755 2106 3819 posita,
2142 3764 2188 3807 et
2230 3754 2445 3808 tenebrae
2493 3772 2643 3823 super
2699 3757 2979 3825 abyssum;
3028 3759 3123 3813 sed
3182 3770 3450 3830 postremo

1919 3844 2072 3910 quasi
2116 3846 2291 3911 genita
2331 3860 2396 3898 ex
2442 3860 2698 3914 aquarum
2753 3849 3055 3901 substantia
3094 3852 3310 3918 prodiit,
3341 3868 3445 3906 non

1920 3934 2035 3987 sine
2054 3934 2230 3987 divina
2262 3934 2478 4000 virtute,
2509 3936 2602 3989 sed
2642 3936 2830 4002 majori
2869 3946 3055 3989 coacta
3088 3940 3135 3992 vi
3171 3949 3224 3993 et
3261 3957 3445 3996 neces-

1917 4022 2075 4077 sitate
2102 4042 2114 4075 :
2148 4023 2257 4075 haec
2288 4039 2411 4076 vero
2433 4033 2547 4077 erat
2579 4025 2850 4079 Creatoris
2876 4026 3141 4079 voluntas.
3179 4028 3447 4091 Quemad-

1916 4112 2128 4165 modum
2162 4113 2302 4165 enim
2333 4128 2360 4164 a
2391 4113 2786 4182 przegnantibus
2809 4113 3141 4176 mulieribus,
3164 4116 3447 4171 innnincn-

1916 4208 1967 4254 te
2014 4202 2064 4254 vi
2108 4217 2171 4255 ac
2202 4204 2542 4263 necessitate,
2588 4202 2806 4255 definito
2856 4210 3041 4271 partus
3094 4212 3330 4273 tempore
3361 4206 3446 4259 in-

251 4298 461 4367 χρὸνου
490 4293 589 4361 τῆς
625 4290 922 4354 άποτέξεως
949 4292 1277 4355 ἐπιστάντος,
1308 4293 1440 4345 καθ’
1456 4294 1511 4346 ὃν
1539 4294 1812 4347 ὠδίνουσαι

1924 4300 2108 4355 stante,
2156 4292 2297 4361 quod
2357 4293 2411 4345 in
2460 4303 2607 4347 utero
2648 4300 2762 4346 erat
2815 4292 3093 4356 emittitur,
3131 4302 3289 4365 atque
3339 4297 3440 4351 illa:

252 4388 511 4438 τίκτουσι
531 4397 544 4410 ·
567 4382 657 4433 τὸν
681 4380 836 4433 αὐτὸν
853 4380 1048 4449 τρόπον
1068 4380 1286 4450 δυνάμει
1308 4383 1399 4434 καὶ
1420 4384 1576 4453 σοφίᾳ
1594 4383 1684 4435 τοῦ
1704 4384 1809 4436 τῶν

251 4476 398 4527 ὅλων
430 4469 762 4541 δημιουργοῦ
800 4472 901 4537 γῆν
933 4470 1024 4521 καὶ
1049 4470 1142 4538 τὴν
1170 4470 1275 4521 τῶν
1310 4470 1600 4541 ἀνθρώπων
1638 4474 1811 4523 οἰκουυ

258 4566 436 4633 μένην
470 4563 538 4613 τὰ
580 4560 742 4612 ὕδατα
778 4559 1158 4628 προηνέγκατο.
1191 4560 1296 4610 Καὶ
1324 4559 1462 4611 τοῦτ’
1496 4561 1807 4631 ἐπληροῦτο,

254 4652 505 4721 ὁπηνίκα
540 4645 688 4701 εἶπεν
714 4651 743 4700 ὁ
773 4648 933 4709 Θεός’
962 4646 1309 4713 Συναχθήτω
1344 4647 1413 4699 τὰ
1450 4647 1633 4700 ὕδατα
1666 4651 1809 4701 ὐπο-

256 4743 423 4795 κὰτω
479 4738 584 4792 τοῦ
636 4736 890 4804 οὐρανοῦ
941 4739 1023 4800 εἰς
1077 4737 1428 4805 συναγωγὴν
1483 4738 1657 4805 μίαν,
1712 4738 1808 4790 καί

258 4831 507 4900 ὀφθήτω
537 4832 575 4897 ἡ
599 4828 766 4895 ξηρά.
810 4829 915 4881 Καί
968 4827 1197 4894 ἐγένετο
1232 4829 1396 4880 οὕτω.
1425 4828 1531 4879 Θέα
1574 4830 1679 4897 γάρ
1721 4846 1808 4898 μοι

256 4925 326 4991 τῇ
350 4920 564 4989 διανοίᾳ
594 4918 691 4987 τὴν
716 4918 815 4986 γῆν
849 4916 989 4968 ἔνδον
1022 4917 1076 4967 ὲν
1111 4918 1220 4977 τοῖς
1251 4915 1399 4967 ὕδασι
1421 4914 1581 4966 πάλαι
1616 4917 1809 4985 πρότε-

261 5026 356 5076 ρον
403 5006 871 5076 ὲγκεκρυμμένην,
911 5004 1105 5073 τρόπον
1134 5021 1193 5055 τε
1230 5004 1367 5065 ἰλύος
1397 5003 1807 5076 άναλελυμένην,

259 5069 357 5151 καὶ
383 5069 467 5167 τῶ
491 5069 1024 5164 πλήθει-τῶνψὺδάτων
1053 5094 1507 5162 ἀνακεκραμένην,
1530 5092 1602 5153 ὡς
1623 5069 1807 5166 άφανῆ

261 5184 403 5240 εἶναι
430 5186 524 5239 καὶ
554 5186 776 5252 ἀόρατον
796 5202 809 5213 ·
842 5184 920 5235 διὸ
939 5181 1186 5249 λέγεσθαι
1211 5197 1223 5210 ⁸
1266 5183 1335 5234 Ἠ
1356 5182 1422 5232 δὲ
1444 5181 1514 5249 γῆ
1536 5179 1610 5250 ἦν
1638 5186 1810 5251 ἀέρα-

258 5293 368 5341 τος
418 5276 517 5328 καὶ
561 5274 1074 5336 ἀκατασκεύαστος
1097 5287 1110 5299 ·
1153 5266 1246 5323 εἷθ’
1292 5271 1508 5340 ὕστερον
1558 5272 1806 5343 βουλήσει

259 5365 401 5417 Θεοῦ
457 5363 623 5431 αὐτὴν
673 5362 1033 5431 συναγομένην
1077 5359 1351 5411 πιλοῦσθαι
1403 5362 1654 5431 πρότερον
1708 5365 1805 5417 καὶ

265 5451 703 5523 συμπήγνυσθαι,
738 5453 826 5503 καὶ
853 5451 985 5520 μετὰ
1025 5450 1188 5504 ταῦτα
1215 5450 1421 5519 ἁθρόως
1455 5450 1805 5508 ἀναδοθεῖσαν

335 5604 385 5638 δ’
422 5604 556 5658 Gen.
594 5619 646 5666 ι,
682 5602 733 5657 2.
808 5605 851 5636 ⁵⁸
888 5603 1014 5655 Gen.
1052 5616 1085 5664 ι,
1116 5602 1162 5654 9.

1914 4396 2035 4434 cum
2065 4381 2246 4435 dolore
2285 4383 2531 4450 pariunt;
2566 4380 2749 4435 eodem
2786 4397 3007 4451 prorsus
3042 4384 3199 4437 modo
3224 4386 3436 4441 univer-

1913 4483 2099 4522 sorum
2147 4468 2350 4538 Opiﬁcis
2382 4468 2433 4521 vi
2483 4475 2535 4519 et
2589 4467 2867 4535 sapientia,
2904 4476 3097 4520 terram
3158 4480 3210 4523 et
3260 4471 3440 4525 orbem

1910 4573 2063 4627 aquae
2093 4558 2450 4625 protulerunt.
2484 4555 2550 4607 Et
2576 4556 2677 4609 hoc
2710 4556 3031 4625 implebatur
3061 4560 3277 4626 quando
3307 4560 3441 4613 dixit

1911 4649 2052 4703 Deus
2078 4647 2123 4680 '°
2152 4665 2164 4698 :
2192 4644 2572 4713 Congregentur
2587 4661 2733 4713 aqua:
2761 4645 2853 4698 sub
2871 4647 2992 4699 caelo
3013 4649 3065 4700 in
3096 4651 3439 4703 collectionem

1910 4754 2089 4803 unum,
2109 4746 2158 4791 et
2179 4746 2423 4805 appareat
2454 4736 2626 4788 arida.
2664 4736 2731 4788 Et
2761 4736 2957 4802 factum
2985 4746 3062 4788 est
3093 4739 3188 4791 ita.
3216 4738 3277 4790 Et
3306 4754 3437 4791 con-

1910 4828 2133 4887 sideres,
2158 4840 2357 4895 quaeso,
2383 4833 2579 4879 terram
2620 4826 2674 4879 in
2704 4828 2856 4895 aquis
2881 4826 3007 4878 olim
3046 4827 3435 4889 absconditam,

1910 4926 2069 4985 atque
2107 4918 2276 4970 instar
2306 4914 2403 4966 luti
2439 4915 2691 4977 solutam,
2726 4926 2783 4969 et
2807 4929 3067 4982 aquarum
3107 4916 3438 4970 multitudini

1909 5008 2251 5061 commixtam
2286 5004 2479 5068 fuisse;
2512 5004 2584 5056 ita
2608 5012 2664 5056 ut
2685 5002 2970 5057 invisibilis
2997 5011 3051 5055 et
3081 5006 3295 5057 occulta
3327 5019 3440 5058 ma-

1908 5102 2057 5149 neret
2091 5113 2104 5148 :
2137 5100 2458 5166 quapropter
2486 5092 2705 5153 dicitur,
2732 5091 2891 5144 Terra
2915 5099 3091 5142 autem
3121 5102 3232 5143 erat
3260 5092 3441 5145 invisi-

1907 5186 2023 5240 bilis
2055 5195 2102 5240 et
2140 5183 2514 5250 incomposita;
2544 5183 2733 5237 deinde
2762 5196 2888 5234 vero
2929 5195 2995 5233 ex
3042 5179 3137 5233 Dei
3172 5183 3446 5238 voluntate

1906 5286 2234 5346 compactam
2271 5282 2324 5328 et
2350 5275 2686 5343 coagulatam
2716 5272 2907 5332 fuisse,
2932 5276 2986 5322 et
3012 5278 3201 5336 postea
3233 5273 3449 5327 confer-

1906 5367 2001 5419 tim
2029 5366 2083 5419 in
2122 5365 2291 5418 lucem
2326 5363 2546 5425 editam,
2584 5365 2635 5417 in
2673 5374 2869 5429 purum
2905 5373 3083 5410 aerem
3125 5362 3452 5414 emersisse:

1903 5462 1958 5513 et
1973 5454 2350 5517 animadverte,
2376 5454 2507 5509 nihil
2526 5454 2635 5510 fere
2656 5463 2771 5508 tum
2797 5447 3184 5503 intercessisse
3200 5448 3461 5503 discrimi-

2810 5712 2844 5723 ο
