3848 6380
193 323 227 375 1
244 321 275 383 ,Ι
290 321 366 381 29
1368 315 1767 380 ΕῡΜὶῙΕΝΤΑῐ

1896 322 1961 378 IN
1998 320 2331 380 PSALMOS.
3259 330 3391 388 “50

179 432 452 503 Μωῦσῇ.
481 433 636 504 Ζητῶ
661 431 717 486 δὲ
744 434 881 488 κατὰ
926 437 1072 488 ποῖον
1098 436 1205 507 ἄρα
1247 436 1434 506 καιρὸν
1466 437 1639 509 ταύτῃ
1678 435 1765 488 κέ-

1868 436 2127 490 nerationi
2159 450 2270 491 suae
2297 442 2350 488 et
2381 437 2576 505 populo
2597 452 2778 493 secum
2816 439 3070 503 versanti,
3099 448 3191 493 aut
3218 443 3397 499 subse-

181 540 420 592 χρηται
439 526 504 593 τῇ
538 528 802 595 προσευχῇ
825 526 1080 596 Μωῡσῆς,
1103 528 1195 579 καὶ
1223 528 1377 597 εἴπερ
1398 529 1561 598 αὐτῷ,
1584 531 1616 599 ἢ
1643 532 1767 601 μᾶλ-

1868 525 2047 594 quenti
2077 525 2408 580 successioni
2437 528 2731 594 coaptanda
2759 528 2849 582 sit.
2886 528 3037 593 Quod
3073 537 3249 585 autem
3286 531 3396 586 haec

180 610 303 664 λον
330 610 410 681 τῷ
442 611 557 679 λαῷ
577 610 900 681 κατάλληλος
919 613 1185 682 τυγχάνει,
1204 613 1425 684 πότερον
1440 616 1504 683 τῇ
1525 617 1683 685 γενεᾷ
1698 616 1763 686 τῇ

1868 616 1965 684 ipsi
1993 616 2195 671 referre
2222 630 2329 669 non
2358 616 2665 679 conveniat,
2696 618 2836 685 apud
2866 632 3052 672 omnes
3084 619 3314 672 arbitror
3343 620 3397 672 in

182 704 337 754 κατ’
358 701 551 764 αὐτὸν,
576 702 671 755 καὶ
690 702 767 771 τῷ
788 703 995 755 συνόντι
1022 704 1167 773 αὐτῷ
1190 700 1371 773 λαῷ,ἢ
1396 707 1460 774 τῇ
1494 706 1606 774 μετ’
1627 706 1767 758 ἐκεί-

1868 703 2109 758 confesso
2141 703 2377 757 futurum
2407 719 2544 759 esse.
2565 703 2663 769 Qui
2693 704 2835 757 enim
2865 706 3032 773 possit
3057 704 3282 774 Moyses,
3312 708 3399 762 ho-

1864 808 1952 846 mo
1988 793 2099 855 Dei.
2131 794 2197 848 de
2251 810 2309 848 se
2342 795 2520 849 dicere
2554 814 2565 847 :
2601 794 2738 859 Quia
2764 794 3040 862 defecimus
3060 795 3113 846 in
3144 797 3225 848 ira
3271 806 3398 859 tua;

1864 884 1947 937 vel
1974 885 2266 938 secundum
2300 883 2674 954 Symmachum
2698 903 2710 938 :
2733 884 2869 949 Quia
2898 887 3187 951 consumpti
3219 901 3399 939 sumus

1865 974 1916 1026 in
1956 976 2039 1027 ira
2081 985 2189 1036 tua,
2218 983 2266 1027 et
2307 976 2360 1026 in
2388 975 2565 1042 furore
2594 986 2679 1028 tuo
2708 975 2906 1028 turbati
2937 990 3133 1027 sumus.
3166 974 3401 1027 Posuisti

1864 1062 2159 1130 iniquitates
2204 1072 2410 1116 nostras
2454 1065 2509 1116 in
2555 1073 2826 1131 conspectu
2873 1074 2995 1126 tuo;
3033 1078 3096 1116 ac
3139 1078 3396 1117 rursum:

1864 1150 1987 1205 Dies
2036 1154 2199 1206 nostri
2241 1152 2534 1221 defecerunt
2560 1155 2614 1205 in
2646 1155 2728 1206 ira
2757 1162 2881 1216 tua;
2906 1156 3205 1221 iterumque
3230 1172 3242 1206 :
3272 1152 3399 1216 Quis

1866 1242 2004 1294 novit
2037 1243 2139 1294 vim
2164 1244 2257 1295 ἕνα
2282 1252 2401 1305 tuw,
2436 1253 2484 1296 et
2520 1261 2551 1295 a
2583 1244 2765 1295 timore
2796 1252 2881 1294 tuo
2908 1243 3041 1294 iram
3077 1242 3260 1293 tuam?
3292 1239 3397 1293 Ve-

1865 1348 1983 1386 rum
2011 1333 2151 1400 quod
2186 1333 2298 1386 haec
2329 1334 2393 1385 ad
2426 1333 2659 1403 Moysem
2687 1347 2790 1386 non
2826 1332 3143 1395 referantur,
3178 1346 3283 1385 non
3318 1346 3401 1385 so-

1866 1422 1973 1474 lum
2002 1422 2126 1489 quia
2153 1421 2331 1472 omnia
2358 1422 2490 1474 iram
2518 1420 2610 1475 Dei
2632 1421 2958 1490 exprimunt,
2981 1420 3073 1473 sed
3094 1421 3251 1473 etiam
3272 1418 3397 1487 quia

1866 1511 1977 1564 base
2026 1512 2303 1580 pluraliter
2350 1511 2712 1579 proferuntur,
2740 1510 3081 1563 manifestum
3127 1516 3230 1563 est.
3265 1507 3402 1561 Hinc

1865 1603 2027 1670 igitur
2050 1601 2335 1655 verisimile
2353 1608 2451 1661 est,
2477 1601 2587 1654 haec
2609 1600 2908 1670 quempiam
2940 1600 3135 1669 populo
3163 1599 3254 1667 qui
3278 1612 3399 1651 cum

1865 1691 1981 1758 ipso
2013 1690 2065 1742 in
2092 1691 2307 1744 deserto
2334 1700 2471 1752 erat,
2503 1691 2859 1758 ascripturum
2883 1705 3020 1744 esse.
3052 1688 3118 1740 At
3147 1688 3199 1741 id
3225 1703 3292 1741 ne
3318 1688 3402 1742 vei

180 806 338 854 γους
362 791 583 860 διαδοχῇ
606 793 967 863 ἐφαρμοστέον
991 793 1172 863 αὑτήν.
1197 794 1315 845 Ὅτι
1340 788 1436 863 μὲν
1459 790 1551 846 οὖν
1569 793 1666 847 οὐκ
1688 795 1766 857 εἰς

180 881 378 938 αὐτὸν
432 883 699 951 προσήκει
757 882 826 934 τὰ
876 882 1199 952 προκείμενα
1254 882 1565 953 ἀναφέρειν,
1619 880 1765 954 οἴμαι

179 970 373 1023 ἠάνθ’
406 972 645 1023 ὁντινοῦν
659 972 1021 1042 ὁμολογήσειν.
1040 971 1160 1034 Πῶς
1173 972 1277 1041 γὰρ
1299 972 1513 1026 δύναται
1532 974 1767 1042 Μωῦσῆς

179 1062 218 1111 ὁ
257 1059 564 1130 ἄνθρωπος
592 1060 685 1113 τοῦ
699 1060 852 1125 Θεοῦ,
872 1062 997 1131 περὶ
1028 1060 1189 1114 αὐτοῦ
1215 1060 1409 1128 λέγειν,
1436 1063 1554 1113 "Ott
1582 1060 1766 1124 ἐξελίο

182 1156 412 1217 τεομεν
464 1150 534 1202 έν
571 1149 645 1217 τῇ
683 1144 827 1218 ὀργῆ
874 1165 1021 1205 σου⁶
1072 1150 1105 1220 ἦ
1144 1151 1280 1204 κατὰ
1318 1150 1407 1203 τδν
1457 1145 1764 1220 Σύμμαχον,

182 1238 341 1292 Ὀτι
373 1238 766 1306 ἀνηλώθημεν
786 1240 857 1291 ἐν
874 1238 947 1305 τῇ
968 1234 1112 1308 όρτῇ
1131 1255 1265 1302 σου,
1288 1239 1387 1291 καὶ
1412 1238 1481 1291 ἐν
1508 1238 1587 1304 τῷ
1608 1239 1767 1307 θυμῷ

180 1338 324 1382 σου
360 1327 787 1396 ἐταράχθημεν.
823 1330 999 1382 Ἔθου
1024 1329 1127 1394 τὰς
1146 1330 1390 1396 ἀνομίας
1410 1328 1574 1396 ἡμῶν
1600 1330 1768 1381 ἐναν-

182 1417 341 1470 τίον
386 1432 535 1470 σου·
567 1418 659 1470 καὶ
695 1415 886 1468 πάλινο
919 1418 987 1468 Αἱ
1036 1414 1247 1483 ἡμέραι
1287 1414 1451 1482 ἡμῶν
1491 1415 1767 1478 ἐξέλιπον

181 1507 267 1558 ἐν
307 1506 395 1572 τῇ
431 1503 575 1573 ὀργῆ
606 1521 719 1558 σου
738 1523 750 1535 ο
781 1506 874 1558 καὶ
901 1506 1087 1559 πάλιν*
1123 1508 1216 1571 Τίς
1240 1507 1506 1574 γινώσκει
1539 1509 1602 1561 τὸ
1627 1507 1766 1574 κρά-

180 1610 309 1659 τος
341 1593 465 1663 τῆς
509 1584 684 1661 ὁρτῆς
714 1608 847 1657 σου,
878 1595 971 1648 καὶ
1001 1594 1118 1649 ἀπὸ
1161 1595 1266 1648 τοῦ
1304 1598 1488 1663 φόϐου
1521 1611 1635 1649 σου
1665 1597 1767 1649 τὸν

183 1684 413 1750 θυμόν
469 1696 625 1745 σονς
671 1683 806 1734 Ἀλλ’
850 1684 930 1736 ὅτι
965 1684 1062 1752 μὲν
1098 1682 1269 1737 ταῦτα
1317 1684 1415 1736 οὐκ
1461 1684 1526 1737 ἂν
1568 1688 1644 1747 εἰς
1677 1685 1766 1737 τὸν

183 1773 459 1829 Μωῢσέα
505 1774 840 1843 ἀναφέροιτο,
878 1774 939 1826 οὐ
975 1775 1129 1844 μόνον
1164 1774 1272 1828 ἀπὸ
1300 1774 1392 1827 τοῦ
1425 1776 1598 1828 πάντα
1640 1776 1767 1844 περὶ

185 1863 385 1933 ὀργῆς
413 1863 550 1915 Θεοῦ
577 1864 843 1934 εἰρῆσθαι,
874 1864 1004 1917 ἀλλὰ
1033 1865 1127 1919 καὶ
1156 1866 1262 1918 ἀπὸ
1286 1866 1378 1917 τοῦ
1401 1866 1766 1935 πληθυντικῶς

187 1953 610 2023 προενηνέχθαι
634 1954 701 2006 τὰ
716 1954 995 2024 εἰρημένα,
1011 1954 1163 2024 δῆλόν
1179 1957 1340 2007 ἐστιν.
1358 1956 1514 2016 Εἰκὸς
1536 1951 1625 2008 οὖν
1649 1973 1767 2007 τινα

187 2045 295 2096 ἐπὶ
321 2044 427 2096 τὸν
463 2045 687 2096 συνόντα
730 2044 876 2113 αὐτῷ
906 2043 1044 2097 κατὰ
1072 2044 1167 2113 τὴν
1208 2044 1407 2114 ἔρημον
1438 2045 1562 2097 λαὸν
1600 2044 1769 2097 ταῦτα

189 2134 536 2204 ἀναφέρειν.
576 2133 712 2187 Ἀλλ’
748 2136 867 2188 οὐδὲ
896 2136 1049 2189 τοῦτο
1086 2140 1354 2207 συγχωρεῖ
1376 2139 1512 2189 νοεῖν
1541 2139 1570 2188 ὁ
1592 2136 1765 2203 λόγος.

196 2224 268 2275 Τί
302 2224 427 2294 γὰρ
456 2221 549 2277 καί
578 2240 708 2293 φησι
728 2242 740 2254 ’
771 2226 838 2278 Τὸ
864 2220 1012 2293 πρωῒ
1036 2228 1113 2293 ὡς
1133 2229 1170 2295 ἡ
1202 2229 1349 2294 χλόη
1372 2226 1669 2293 παρέλθοι,
1700 2226 1767 2277 τὸ

189 2312 365 2379 πρωϊ
408 2310 668 2375 ἁνθήσαι
700 2312 796 2365 καὶ
828 2312 1103 2379 παρέλθοι
1122 2331 1135 2343 ·
1167 2314 1233 2366 τὸ
1257 2312 1512 2381 ἑσπέρας
1545 2314 1768 2367 ἀποπέ-

190 2414 326 2459 σοι,
367 2399 777 2464 σκληρυνθείη
801 2398 897 2449 καὶ
922 2398 1261 2465 ξηωνθείησ
1301 2400 1386 2452 ὅτι
1420 2401 1770 2468 ὲξελίπομεν

188 2490 267 2541 ἐν
290 2487 380 2555 τῇ
404 2485 553 2555 ὀργῇ
581 2498 727 2549 σου;
760 2486 963 2539 Οὐκοῦν
987 2488 1045 2538 οὐ
1079 2487 1154 2556 τῷ
1180 2490 1319 2558 πρωϊ
1353 2506 1511 2559 φησιν
1538 2490 1765 2544 ἐκλελοι-

193 2578 400 2639 πέναι,
442 2575 582 2629 ἀλλὰ
608 2577 675 2629 Τὸ
706 2574 800 2645 μὲν
829 2577 975 2643 πρωῒ
998 2577 1076 2641 ὡς
1103 2577 1141 2642 ή
1168 2578 1316 2644 χλόη
1342 2579 1618 2646 παρέλθοι
1637 2597 1650 2610 ο
1674 2582 1767 2634 καὶ

1864 1778 2098 1846 cogitare
2136 1776 2381 1830 concedit
2425 1777 2609 1832 series.
2640 1777 2749 1830 Cur
2793 1779 2935 1831 enim
2973 1776 3217 1830 diceret:
3247 1774 3405 1828 Mane

1865 1868 1996 1918 sicut
2037 1866 2193 1919 herba
2233 1876 2484 1929 transeat,
2548 1883 2697 1920 mane
2728 1865 2914 1935 ﬂoreat
2940 1876 2988 1919 et
3013 1874 3280 1928 transeat;
3316 1881 3403 1918 re-

1874 1971 2018 2023 spere
2043 1956 2268 2018 decidat,
2301 1956 2504 2009 induret
2535 1966 2582 2009 et
2625 1966 2857 2018 arescat;
2884 1957 3006 2024 quia
3035 1955 3313 2023 defecimus
3348 1956 3403 2008 in

1866 2048 1945 2098 ira
1974 2048 2101 2098 tua?
2130 2046 2310 2114 Itaque
2344 2061 2447 2098 non
2477 2046 2607 2099 dicit
2639 2060 2793 2099 mane
2820 2045 3111 2107 defecisse,
3141 2044 3234 2098 sed
3253 2062 3265 2097 :
3286 2042 3403 2096 Ha-

1867 2150 1927 2186 ne
1965 2135 2095 2185 sicut
2142 2132 2297 2185 herba
2328 2142 2594 2195 transeat;
2634 2147 2807 2200 neque
2855 2146 3068 2184 rursum
3101 2131 3178 2183 ait
3206 2149 3220 2184 :
3253 2130 3402 2184 Mans

1866 2222 2090 2285 decidat,
2116 2238 2285 2291 neque
2311 2240 2324 2275 :
2356 2220 2511 2275 Mane
2544 2221 2747 2274 induret
2779 2230 2827 2274 et
2858 2230 3091 2282 arescat;
3130 2220 3222 2275 sed
3264 2220 3400 2273 diei-

1868 2319 1955 2363 tur
1988 2330 2000 2363 :
2034 2310 2189 2364 Mane
2219 2311 2400 2377 ﬂoreat
2448 2320 2496 2363 et
2543 2319 2812 2373 transeat;
2843 2317 2903 2362 ut
2946 2320 3122 2363 autem
3167 2309 3395 2375 decidat,

1869 2400 2079 2453 induret
2107 2410 2158 2453 et
2187 2408 2417 2462 arescat,
2439 2415 2657 2468 vespere
2676 2399 2914 2452 futurum
2939 2413 3057 2452 esse
3074 2398 3147 2450 ait
3170 2397 3255 2451 his
3283 2413 3399 2451 ver-

1868 2490 1952 2544 bis
1981 2508 1994 2541 :
2038 2488 2247 2556 Vespere
2275 2489 2500 2553 decidat,
2519 2488 2722 2541 induret
2765 2497 2814 2540 et
2840 2496 3081 2549 arescat;
3111 2486 3240 2539 illud
3268 2500 3402 2554 quo-

1867 2596 1973 2650 que
2005 2596 2019 2633 :
2048 2580 2185 2646 Quia
2235 2580 2513 2647 defecimus
2558 2580 2614 2632 in
2655 2579 2739 2631 ira
2778 2588 2888 2641 tua,
2916 2592 3137 2647 vespere
3163 2576 3400 2630 futurum

194 2666 403 2729 πάλιν,
424 2665 510 2725 οὐ,
539 2664 698 2717 Κατὰ
736 2663 804 2717 τὸ
828 2664 975 2730 πρωῒ
997 2664 1456 2729 ἀποπέσοι,οὐδὲ,
1500 2668 1657 2721 Κατὰ
1702 2670 1766 2721 τὸ

1868 2686 1986 2725 esse
2019 2670 2220 2723 dictum
2249 2677 2331 2725 est
2371 2688 2384 2723 :
2414 2683 2539 2722 nam
2588 2668 2711 2729 hoc,
2743 2667 3010 2736 inquiunt,
3042 2674 3283 2735 tempore
3310 2669 3402 2719 de-

191 2757 363 2825 a:pr
394 2755 801 2822 σκληρυνθείη
827 2756 924 2808 καὶ
953 2756 1286 2822 ξφανθείη,
1316 2758 1427 2809 ἀλλ’
1468 2758 1764 2824 Ἀνθήσαι,

194 2844 379 2914 φησὶν
413 2845 446 2895 ὁ
490 2833 662 2908 λόγος,
700 2842 844 2895 κατὰ
871 2842 935 2894 τὸ
968 2844 1115 2909 πρωϊ
1138 2844 1231 2896 καὶ
1266 2845 1577 2911 παρέλθοιο
1622 2846 1682 2897 τὸ
1713 2846 1767 2897 δὲ

1869 2863 2101 2917 poranea
2131 2848 2369 2917 quaedam
2406 2846 2612 2916 species
2634 2845 2949 2907 exstitisset,
2978 2857 3199 2913 vespere
3226 2857 3403 2896 emar-

193 2933 518 2987 ἀποπεσεῖν
558 2931 651 2982 καὶ
696 2929 1085 3002 πληρυνθῆναι
1111 2934 1204 2985 καὶ
1237 2933 1556 3002 ξηρανθῆναι
1608 2935 1767 2986 ἑσπέ-

1869 2938 1978 2989 cuit
2009 2938 2194 3001 herba,
2225 2945 2276 2990 et
2324 2933 2483 2991 ﬂores
2525 2935 2781 2990 exsiccati
2828 2935 3159 2989 defecerunt.
3194 2932 3258 2985 Et
3292 2933 3405 2986 haec

200 3038 304 3091 ρας
340 3018 579 3072 ἔσεσθαί
621 3034 772 3087 φησι,
806 3018 975 3085 λέγων
996 3019 1074 3082 τὸ,
1122 3020 1411 3086 Ἐσπέρας
1450 3021 1763 3084 ἀποπέσοι,

1868 3027 2080 3093 quidem
2111 3026 2284 3078 oratio
2310 3024 2485 3094 quoad
2532 3024 2761 3078 litteram
2791 3024 2864 3076 ita
2898 3039 2955 3077 se
2986 3023 3178 3085 habet;
3210 3036 3402 3077 sensus

195 3107 629 3176 σκληρυνθείη
660 3107 755 3159 καὶ
792 3107 1134 3174 ξηρανθείη⁹
1177 3109 1269 3161 καὶ
1313 3110 1391 3160 τόδ
1430 3111 1555 3163 Ὅτι
1582 3110 1767 3173 ἐξελί-

1868 3130 1992 3169 vero
2025 3115 2091 3168 ad
2120 3111 2316 3184 Moysis
2345 3123 2583 3187 tempora
2604 3120 2657 3167 et
2679 3112 2743 3165 ad
2769 3113 2851 3168 sui
2882 3113 2976 3166 teri
2998 3114 3401 3182 generationem

196 3214 409 3268 πομεν
430 3198 504 3250 έν
526 3193 600 3261 τῇ
626 3194 769 3263 ὀργῇ
794 3212 929 3261 σου,
959 3198 1096 3250 κατὰ
1119 3197 1179 3249 τὸ
1207 3198 1437 3267 ἑσπέρας
1461 3198 1672 3252 ἔσεσθαι
1693 3199 1769 3250 εἵ-

1870 2759 2109 2813 fecimus.
2141 2759 2403 2823 Quoniam
2432 2772 2554 2811 eum
2586 2770 2744 2810 mane
2789 2756 2969 2819 liores,
2999 2755 3161 2809 herba
3194 2763 3246 2810 et
3271 2764 3404 2808 tent-

1868 3204 2100 3259 conferri
2133 3205 2336 3272 nequit.
2356 3203 2537 3272 Neque
2560 3202 2701 3256 enim
2734 3210 2859 3253 tunc
2890 3215 3110 3269 vespera
3140 3209 3276 3259 erat,
3316 3214 3404 3253 ne-

201 3301 376 3361 ρηται
403 3304 418 3319 ο
451 3288 512 3338 ὲν
537 3282 707 3353 τούτῳ
728 3286 852 3356 γὰρ,
887 3286 1065 3356 φησὶν,
1109 3286 1416 3356 ὲξελίπομεν
1436 3301 1448 3314 °
1484 3288 1769 3359 ἐπειδήπερ

201 3380 263 3431 τὸ
290 3374 457 3449 πρωῒ
491 3374 653 3443 ἄνθης
683 3373 990 3445 γενομένης,
1021 3376 1112 3428 καὶ
1144 3375 1299 3446 χλόης
1322 3377 1412 3429 καὶ
1444 3380 1768 3450 προσκαίρου

201 3468 355 3530 τινὸς
406 3463 712 3534 ὠραϊσμοῦ,
749 3463 883 3516 κατὰ
913 3465 1008 3534 τὴν
1045 3462 1276 3536 ἑσπέραν
1319 3467 1703 3537 σκληρυνθεῖσα
1736 3472 1768 3539 ἡ

202 3557 337 3627 χλόη
384 3555 486 3606 καὶ
516 3550 943 3621 ἀποξηρανθεῖσα
966 3555 999 3623 ὴ
1034 3554 1162 3623 ἄνθη
1197 3554 1426 3619 ἐξέλιπε.
1451 3556 1556 3607 Καὶ
1586 3557 1651 3609 τὰ
1675 3558 1769 3627 μὲν

201 3646 304 3716 τῆς
332 3642 549 3707 λέξεως
572 3642 668 3711 τῆς
698 3641 971 3712 παρούσης
999 3643 1297 3713 προσευχῆς
1324 3644 1505 3696 τοῦτον
1543 3644 1653 3714 ἔχει
1681 3647 1770 3698 τὸν

203 3736 454 3805 τρόπον·
491 3731 559 3784 τὰ
593 3730 650 3784 δὲ
679 3728 776 3800 τῆς
814 3731 1043 3794 διανοίας
1067 3733 1164 3785 οὐκ
1203 3734 1478 3803 ἐπιτρέπει
1526 3735 1617 3786 ὲπὶ
1646 3737 1770 3799 τοὺς

204 3824 346 3878 Marb
356 3823 503 3883 σέως
525 3818 744 3891 χρόνους
763 3821 852 3872 καὶ
872 3820 967 3890 τὴν
990 3823 1105 3874 κατ’
1126 3822 1280 3875 αὐτὸν
1305 3823 1489 3891 γενεὰν
1524 3824 1769 3892 συνάγειν

204 3915 274 3969 τὰ
294 3909 596 3983 εἰρημένα.
622 3910 693 3961 Οὐ
725 3910 831 3980 γὰρ
856 3909 1057 3980 ἑσπέρα
1089 3907 1154 3981 ἦν
1179 3913 1313 3975 τότε,
1344 3912 1465 3966 οὐδὲ
1482 3913 1549 3966 τὰ
1570 3913 1769 3967 ὕστατα

208 4003 301 4056 τοῦ
338 4005 414 4055 ἐκ
456 3999 751 4070 περιτομῆς
794 3999 921 4053 λαοῦ
943 4017 955 4029 ·
989 4001 1151 4071 ἀρχαὶ
1174 4001 1229 4053 δὲ
1264 3998 1400 4072 ἦσαν
1440 4003 1633 4067 αὐτῶν,
1680 4006 1770 4058 καὶ

208 4095 333 4146 τότε
378 4090 598 4162 πρῶτον
626 4090 805 4152 αὐτοῖς
831 4091 1171 4143 ἀνατετάλκει
1199 4092 1259 4144 τὸ
1290 4094 1351 4144 ὲκ
1381 4093 1510 4145 Θεοῦ
1550 4094 1766 4163 φέγγος.

210 4184 303 4236 Διὸ
321 4182 425 4237 καὶ
446 4180 507 4233 τὸ
529 4175 672 4250 πρωῒ
718 4176 1000 4250 ὠνομάσθη
1020 4182 1051 4250 ἡ
1070 4179 1253 4233 τούτου
1283 4198 1340 4233 τε
1378 4183 1564 4254 καιροῦ
1600 4180 1763 4235 κατά-

211 4283 433 4335 στασις,
450 4270 546 4323 καὶ
569 4272 600 4338 ἡ
627 4268 718 4321 τοῦ
737 4268 867 4321 Θεοῦ
892 4271 967 4333 εἰς
991 4270 1182 4332 αὐτοὺς
1209 4272 1491 4342 ὲπισκοπή.
1538 4272 1771 4343 Ἑσπέρα

209 4363 267 4415 δὲ
297 4364 428 4414 τότε
475 4358 653 4419 αὐτοῖς
682 4354 919 4423 γέγονεν,
948 4360 980 4426 ἡ
1010 4358 1099 4411 ἐπὶ
1122 4360 1393 4430 συντελείᾳ
1426 4361 1513 4413 τοῦ
1556 4362 1764 4424 αἰῶνος,
1804 4393 1842 4445 D

212 4452 334 4504 καθ’
382 4451 451 4519 ἢν
485 4447 572 4499 ἔδυ
600 4447 779 4508 αὐτοῖς
832 4448 860 4498 ὁ
903 4445 1020 4498 τότε
1046 4448 1322 4513 ἀνατείλας
1365 4451 1550 4517 Λόγος.
1611 4450 1769 4502 Ἀλλὰ

210 4537 336 4594 τότε
372 4539 474 4611 μὲν
526 4534 847 4590 ἀνατέταλκε
888 4535 976 4587 καὶ
1020 4536 1227 4605 πρωῖαν
1260 4538 1437 4600 αὐτοῖς
1473 4540 1767 4608 εἰργάζετο,

213 4630 303 4681 ὅτε
344 4626 443 4680 καὶ
479 4618 626 4696 ἤνθει
655 4624 723 4676 τὰ
766 4623 882 4676 κατ’
912 4623 1101 4686 αὐτοὺς
1132 4626 1440 4695 πράγματα.
1478 4629 1550 4680 Οὐ
1607 4630 1768 4700 παρέ-

219 4729 371 4787 μεινε
403 4716 461 4768 δὲ
493 4716 550 4766 ὲν
580 4716 644 4783 τῇ
668 4712 890 4781 ἀληθείᾳ
910 4730 923 4742 ·
950 4712 1081 4764 ἀλλὰ
1108 4713 1213 4784 γὰρ
1238 4716 1539 4787 ἀνθήσαντα
1563 4719 1771 4789 παρῆλ-

216 4808 299 4870 θε,
330 4806 429 4859 καὶ
475 4804 630 4865 σκιᾶς
671 4802 821 4871 δίκην
875 4801 1213 4872 παρέδραμεδ
1254 4800 1332 4856 διὸ
1378 4805 1655 4858 λέλεκταιο
1702 4807 1770 4860 Τὸ

217 4896 370 4961 πρωϊ
404 4895 488 4959 ὡς
515 4895 553 4959 ἡ
582 4892 730 4959 χλόη
763 4892 1059 4957 παρέλθοι.
1095 4892 1246 4944 Μετὰ
1276 4892 1330 4944 δὲ
1368 4895 1463 4963 τὴν
1499 4895 1769 4959 Μωῦσέως

217 4986 481 5055 τελευτὴν
520 4982 678 5035 πάλιν
709 4983 766 5033 ὲν
785 4983 896 5044 τοῖς
926 4981 1059 5051 μετὰ
1091 4981 1259 5034 ταῦτα
1280 4980 1484 5053 χρόνοις
1505 4985 1770 5047 ἐπιδόντες

218 5076 299 5136 εἰς
323 5074 551 5142 αὔξησιν
584 5072 675 5123 καὶ
709 5070 923 5139 μείζονα
954 5070 1110 5138 φυὴν,
1168 5069 1283 5120 οὐδὲ
1317 5070 1452 5121 οὕτω
1478 5070 1768 5140 διέμειναν,

220 5165 357 5218 ἀλλὰ
384 5162 661 5233 παρῆλθον
679 5177 693 5191 ο
728 5161 807 5217 διὸ
837 5159 926 5212 καὶ
953 5157 1196 5229 δεύτερον
1224 5158 1464 5210 λέλεκται
1485 5174 1498 5188 '
1531 5159 1599 5211 Τὸ
1626 5161 1772 5227 πρωῒ

1866 3309 1971 3363 que
1992 3301 2227 3347 extrema
2250 3294 2429 3362 pepuli
2458 3307 2525 3346 ex
2552 3290 2959 3345 circumcisione
2986 3298 3220 3357 tempora
3245 3304 3405 3343 vene-

1866 3392 2016 3446 rant;
2048 3381 2141 3436 sed
2173 3390 2300 3434 tunc
2326 3380 2544 3435 exordia
2589 3379 2706 3446 ejus
2736 3384 2907 3440 erant,
2942 3387 2994 3431 et
3020 3385 3147 3430 tunc
3172 3378 3402 3446 primum

1867 3488 1929 3527 ex
1980 3472 2087 3526 Deo
2135 3472 2224 3523 lux
2277 3476 2390 3521 orta
2420 3476 2553 3522 erat.
2587 3467 2939 3532 Quamobrem
2977 3465 3229 3535 temporis
3259 3466 3404 3521 illius

1868 3560 2122 3621 conditio,
2151 3569 2198 3612 et
2250 3558 2340 3612 Dei
2394 3557 2654 3627 inspectio
2704 3570 2980 3618 concessa,
3015 3570 3170 3609 mane
3216 3561 3403 3608 vocata

1869 3661 1968 3707 est.
1999 3650 2152 3703 Tunc
2181 3658 2356 3702 autem
2390 3661 2610 3716 vespera
2636 3646 2735 3699 fuit
2762 3646 2886 3706 illis,
2912 3660 3030 3698 cum
3065 3646 3117 3697 in
3150 3658 3403 3698 consum-

1871 3743 2101 3797 matione
2135 3742 2313 3796 saxculi
2340 3738 2595 3800 Verbum,
2625 3736 2766 3806 quod
2798 3736 2923 3789 hinc
2956 3743 3130 3789 ortum
3160 3746 3293 3798 erat,
3317 3748 3405 3789 oc-

1869 3833 1995 3888 cidit
2026 3833 2150 3887 illis.
2184 3831 2379 3885 V'erum
2408 3839 2536 3883 tunc
2563 3827 2776 3897 quidem
2808 3835 2984 3881 ortum
3011 3834 3115 3891 est,
3144 3834 3197 3881 et
3222 3834 3405 3879 matu-

1870 3923 2041 3975 tinum
2069 3922 2201 3991 ipsis
2224 3920 2416 3984 ell‘ecit,
2450 3934 2569 3973 cum
2612 3932 2700 3971 res
2744 3919 2981 3985 ipsorum
3008 3915 3277 3970 ﬂorerent.
3308 3915 3407 3969 Ne-

1870 4026 1974 4079 que
2020 4026 2146 4064 sane
2181 4010 2233 4062 in
2264 4008 2487 4062 veritate
2535 4014 2972 4076 permanserunt;
3020 4003 3115 4058 sed
3150 4017 3271 4057 cum
3309 4003 3405 4056 llo-

1874 4097 2126 4161 ruissent,
2156 4095 2504 4156 transierunt,
2531 4100 2583 4147 ct
2607 4092 2809 4145 umbra:
2838 4090 3010 4143 instar
3047 4089 3399 4159 aufugerunt:

1872 4186 2214 4254 quamobrem
2245 4184 2446 4236 dictum
2476 4190 2556 4236 est
2589 4200 2599 4233 :
2630 4179 2786 4233 Mane
2806 4180 2936 4233 sicut
2959 4178 3116 4231 herba
3142 4187 3395 4232 transeat.

1871 4274 1999 4329 Post
2041 4272 2238 4343 Moysis
2283 4280 2459 4325 autem
2505 4271 2729 4335 obitum,
2760 4270 2814 4322 in
2862 4268 3209 4338 sequentibus
3239 4269 3400 4322 etiam

1870 4365 2219 4432 temporibus,
2250 4363 2302 4414 in
2334 4360 2604 4414 meliorem
2636 4368 2831 4414 statum
2867 4360 3007 4413 aucti
3049 4366 3102 4414 et
3142 4359 3399 4427 provecti,

1872 4469 1977 4506 non
2032 4454 2103 4505 i'ta
2160 4456 2552 4514 remanserunt,
2602 4448 2693 4502 sed
2750 4449 3120 4503 transierunt:
3151 4450 3405 4517 quocirca

1869 4543 2029 4595 etiam
2057 4541 2292 4595 secundo
2317 4540 2519 4593 dictum
2542 4545 2659 4591 est:
2686 4536 2841 4591 Mane
2866 4538 3049 4606 ﬂoreat
3077 4547 3125 4592 et
3153 4546 3403 4591 transeat.

1869 4631 2143 4685 Postrema
2188 4643 2313 4681 vero
2359 4642 2541 4682 eorum
2576 4626 2678 4681 sub
2712 4628 2825 4680 haec
2870 4628 2942 4680 ita
2985 4626 3353 4695 signiﬁcantur
3387 4640 3402 4679 :

1882 4718 2094 4786 Vespere
2120 4717 2343 4778 decidat,
2369 4715 2572 4768 induret
2612 4723 2660 4767 et
2715 4724 2917 4767 arescat
2942 4728 2958 4765 :
2996 4728 3117 4767 nam
3148 4712 3289 4782 quod
3316 4726 3404 4765 se-

1872 4809 2044 4861 nescit
2071 4814 2123 4860 et
2148 4808 2492 4864 inveteratur,
2531 4819 2774 4873 proxrme
2816 4804 3087 4857 interitum
3120 4812 3219 4857 cst.
3251 4799 3404 4866 Quod

1867 4912 1994 4951 sane
2019 4897 2122 4949 illis
2144 4895 2366 4964 contigit
2395 4881 2675 4948 occidente
2694 4895 2914 4962 iustitia:
2936 4892 3078 4956 Sole,
3112 4892 3405 4946 Secundum

1870 4986 2198 5055 prophetiam
2223 5000 2339 5053 quae
2370 4983 2441 5035 ait
2477 5001 2489 5036 :
2532 4981 2597 5037 Et
2624 4984 2814 5036 occidet
2839 4982 2916 5035 sol
2941 4997 3091 5048 super
3110 4981 3404 5050 prophetas,

1866 5076 1951 5144 qui
1977 5090 2150 5127 errare
2178 5074 2373 5140 faciunt
2402 5078 2647 5139 populum
2675 5089 2839 5125 meum
2862 5071 2924 5124 ⁸³.
2951 5069 3406 5133 Quemadmodum

1868 5165 2008 5217 enim
2036 5163 2101 5216 de
2124 5163 2284 5230 justis
2314 5160 2516 5213 dictum
2546 5169 2628 5214 est
2655 5180 2666 5214 :
2692 5160 2902 5215 Orietur
2925 5158 3221 5211 timentibus
3248 5157 3410 5210 Deum

220 5252 485 5318 ἀνθῆσαι
516 5250 612 5303 καὶ
647 5249 940 5317 παρέλθοι.
976 5249 1055 5302 Τὰ
1085 5247 1141 5300 δέ
1172 5264 1232 5313 γε
1275 5247 1553 5300 τελευταῖα
1591 5249 1767 5301 αὐτῶν

1873 5254 1967 5309 Sol
1993 5252 2305 5321 justitiw“;
2337 5251 2415 5304 sic
2441 5260 2602 5304 etiam
2626 5253 2694 5306 de
2718 5252 2895 5321 impiis
2916 5247 3120 5301 dictum
3152 5258 3234 5301 est
3263 5265 3277 5301 :
3313 5246 3415 5301 Oc-

226 5344 365 5410 μετὰ
400 5342 573 5394 ταῦτα
606 5340 917 5409 σημαίνεται
957 5340 1043 5392 διὰ
1089 5339 1260 5392 τοῦτο’
1306 5334 1590 5403 Ἐσπέρας
1618 5339 1767 5392 ἀπο-

1874 5344 2004 5396 cidet
2028 5343 2107 5395 sol
2139 5356 2287 5408 super
2323 5338 2531 5396 illos":
2570 5356 2631 5395 ac
2668 5353 2882 5395 rursum
2919 5335 3043 5389 alibi
3080 5353 3092 5387 :
3130 5334 3198 5387 Et
3224 5334 3419 5387 occidet

224 5430 422 5495 πέσοι,
453 5432 549 5484 καὶ
595 5431 990 5497 σκληρυνθείη
1041 5430 1134 5482 καὶ
1177 5428 1523 5493 ξηρανθειηο
1573 5426 1633 5478 τὸ
1667 5431 1767 5499 γὰρ

1875 5432 1953 5484 sol
1982 5432 2033 5482 in
2056 5429 2281 5490 meridie,
2324 5439 2369 5479 et
2400 5429 2526 5482 (una
2572 5447 2672 5483 non
2704 5429 2846 5482 dabit
2878 5425 3043 5478 lucem
3086 5440 3243 5476 suam
3266 5424 3335 5479 ".
3363 5422 3425 5476 In

302 5609 348 5639 "
389 5608 546 5662 Mich.
586 5623 676 5670 ιιι,
709 5608 760 5662 6.
837 5608 879 5638 ⁸⁵
918 5604 1133 5660 Malach.
1169 5620 1253 5667 tv,
1287 5604 1341 5659 2.
1417 5605 1459 5637 ⁸⁸
1498 5600 1604 5659 Jer.
1639 5622 1727 5672 xv,
1762 5612 1767 5659 1

1917 5611 1961 5642 ³⁸
1998 5606 2158 5660 Amos
2187 5606 2315 5675 vmf,
2342 5603 2401 5657 9.

559 5702 811 5759 ΡΑτῑιοι..
860 5698 973 5757 Gn.
1006 5694 1230 5763 XXII].

3031 5689 3117 5752 36
