3848 6416
226 338 264 386 1
292 332 416 392 ιω

1347 332 1841 397 COMMENTARIA
1878 337 1942 392 IN
1982 340 2312 395 PSALMOS.

3341 351 3474 409 1134

220 456 601 527 καταφυγὴν
636 461 878 527 squam.
911 458 1016 512 Kal.
1051 462 1161 512 νυνὶ
1193 457 1476 529 τοιγαροῦν
1515 459 1803 527 ίκετεύομεκ

1919 456 2157 509 oblinere
2187 473 2201 508 :
2233 471 2399 524 quare
2453 469 2722 521 rogamus,
2775 453 2852 508 Ne
2894 463 3106 508 avertas
3125 453 3385 517 hominem
3412 469 3468 519 in

214 543 377 595 τῶν
410 547 615 614 ὁμοίων
649 549 794 616 παρά
822 549 912 601 σοῦ
943 553 1135 619 τυχεῖν,
1178 551 1267 602 καί
1301 566 1357 601 σε
1391 546 1687 616 κτήσασθαι
1720 564 1817 599 και

213 637 561 704 ταφυγήψ
592 636 671 688 διὸ
703 637 947 707 δεόμεθα,
982 640 1075 705 Μὴ
1107 638 1489 704 ἀποστρέψῃς
1514 636 1819 704 ἄνθρωπον

216 720 346 783 εἰς
378 723 775 775 ταπείνωσιν
799 725 1057 787 τουτέστι,
1091 726 1177 795 Μὴ
1208 724 1545 794 ἀποστρέψῃς
1570 726 1713 792 ἡμᾶς
1740 724 1817 785 εἰς

213 809 483 863 τελείαν
506 813 816 867 ἀπόπτωσιν
848 815 936 866 καὶ
959 816 1292 868 ταπείνωσιν.
1324 816 1394 866 Σὺ
1418 816 1523 884 γὰρ
1552 818 1615 883 τῇ
1647 816 1709 883 σῇ
1734 831 1817 882 φι-

216 895 595 971 λανθρωπία
637 900 812 965 εἶπας,
849 905 939 956 καί
972 904 1290 974 κηρύγματα
1318 906 1476 956 πᾶσιν
1519 902 1816 973 ἀνθρώποις

211 987 591 1060 ἐξενήνοχας
609 993 794 1059 λέγων·
815 995 1080 1061 Ἐπιστρέ
1089 999 1248 1061 grate,
1268 1000 1318 1049 οἱ
1340 996 1451 1048 υίοί
1472 995 1585 1046 τῶν
1602 994 1815 1061 ἀνθρώ-

214 1089 414 1132 πων.
458 1082 521 1133 El
546 1083 608 1152 δὴ
631 1081 720 1135 οὖν
744 1085 916 1137 πάντα
945 1086 1012 1137 τὰ
1034 1086 1154 1155 ἔθνη
1165 1090 1271 1155 ⁸καὶ
1302 1087 1506 1148 πάντας
1528 1088 1647 1147 τοὺς
1671 1087 1816 1146 υἱοὺς

212 1166 369 1219 τῶν
416 1170 723 1242 ἀνθρώπων
771 1152 1179 1243 προσκέκληταῖ
1211 1193 1302 1228 σου
1334 1178 1367 1245 ἡ
1425 1174 1811 1246 φιλανθρωπία,

217 1260 352 1311 καὶ
388 1264 527 1322 τοὺς
560 1264 720 1316 πάλαι
749 1266 1183 1336 ἀποστραφέντας
1210 1268 1314 1319 ἀπὸ
1343 1268 1453 1330 σοῦ,
1487 1267 1577 1320 καὶ
1604 1267 1813 1337 δαίμοσι

214 1350 349 1401 καὶ
391 1351 676 1421 πνεύμασι
703 1358 950 1423 πονηροῖς
973 1354 1459 1417 καταδουλωθέντας
1486 1355 1814 1425 ἐπιστραφῆ-

214 1455 338 1491 ναι
372 1441 478 1492 ἐπὶ
515 1442 574 1492 σὲ
609 1442 897 1504 κελεύσεις,
940 1443 1069 1512 μηδὲ
1103 1446 1243 1512 ἡμᾶς
1272 1446 1633 1512 ἀποστραφῇς,
1684 1443 1813 1512 μηδὲ

142 1565 152 1572 .
214 1530 324 1589 εἰς
374 1530 624 1598 παντελῆ
653 1533 921 1601 ἐρήμωσιν
949 1533 1272 1604 καταλείπῃς
1296 1533 1464 1584 ἐλθεῖν
1497 1536 1619 1595 τοὺς
1651 1533 1811 1585 πάλαι

215 1632 346 1667 σου
380 1618 715 1685 γενομένους
770 1620 1011 1681 οἰκείους,
1044 1621 1250 1682 οἵτινες-
1272 1621 1402 1689 πρὸς
1442 1620 1616 1686 ὀλίγον
1653 1619 1813 1690 ἀνθή-

215 1722 462 1768 σαντες
496 1707 792 1776 χειμάρρου
824 1707 973 1777 δίκην
1006 1709 1435 1779 παρεδράμομεν.
1471 1708 1551 1760 Τὰ
1581 1708 1707 1776 γοῦν
1729 1708 1811 1777 χί-

217 1796 335 1847 λια
398 1796 566 1865 ἡμῶν
596 1798 708 1865 ἔτη,
744 1800 800 1848 ἐν
839 1792 917 1858 οἷς
965 1798 1301 1866 ῆκμάσαμεν,
1348 1797 1516 1849 ταῦτα
1545 1796 1810 1867 παρῆλθεν

217 1886 317 1945 ὡς
348 1886 388 1953 ἡ
431 1885 610 1952 ἐχθὲς,
641 1887 758 1954 ἥτις
782 1885 975 1955 διῆλθε.
1003 1886 1286 1954 Γενόμενος
1306 1884 1361 1937 δὲ
1399 1887 1454 1936 ἐν
1473 1885 1676 1946 τούτοις
1717 1887 1811 1952 ἐφ-

230 1976 467 2043 ίστημι
506 1975 624 2035 πῶς
650 1975 855 2044 εἴρηται
884 1975 950 2025 τὰ
978 1974 1116 2043 χίλια
1150 1976 1317 2026 ταῦτα
1340 1974 1453 2043 ἐτη.
1485 1976 1546 2026 Εἰ
1576 1976 1671 2044 μὲν
1702 1976 1809 2044 γὰρ

219 2066 451 2117 ἕνεκεν
480 2064 783 2129 δοξολογίας
817 2061 908 2113 τοῦ
937 2062 1069 2113 Θεοῦ
1103 2064 1194 2114 καὶ⁵
1223 2066 1300 2125 εἰς
1344 2064 1675 2132 παράστασιν
1714 2064 1810 2132 τῆς

216 2156 431 2207 ἀϊδίου
466 2154 615 2221 ζωῆς
645 2152 736 2204 τοῦ
766 2151 918 2211 Θεοῦ,
948 2151 1093 2204 οὐδὲν
1118 2150 1265 2220 οἶμαι
1296 2152 1382 2204 τὸν
1409 2153 1559 2219 λόγον
1583 2153 1808 2222 μεγαλο-

224 2244 476 2313 πρεπὲς
530 2243 814 2311 περιέχειν.
858 2240 987 2293 Οὐδὲ
1031 2240 1136 2311 γὰρ
1176 2241 1265 2292 τὸν
1298 2240 1577 2309 σύμπαντα
1620 2242 1806 2304 αἰῶνα,

209 2335 371 2387 οὐδὲ
414 2334 513 2385 τὸν
544 2332 650 2385 ἀπὸ
680 2329 895 2401 πρώτης
926 2332 1149 2392 κτίσεως
1167 2332 1257 2383 τοῦ
1299 2333 1496 2401 κόσμου
1537 2332 1624 2383 καὶ
1651 2332 1808 2400 μέχρι

217 2422 344 2492 τῆς
375 2421 694 2482 συντελείας
719 2422 1098 2490 παρατείνοντα
1129 2420 1330 2490 χρόνον,
1353 2421 1410 2471 τὸ
1434 2422 1628 2491 ἀκαρὲς
1648 2422 1808 2491 ἠγοῦ-

222 2530 344 2582 μαι
378 2509 553 2571 εἶναι,
590 2511 684 2579 οὐχ
712 2511 790 2561 ὅτι
821 2511 916 2578 τῆς
947 2512 1175 2579 ἡμέρας,
1216 2511 1324 2563 ἀλλ’
1350 2510 1465 2562 οὐδὲ
1490 2511 1585 2579 τῆς
1612 2511 1807 2580 βραχυ-

219 2604 431 2671 ’τάτης
467 2600 619 2669 ὧρας
652 2599 939 2669 παραθέσει
979 2600 1073 2669 τῆς
1117 2601 1344 2669 ἀνάρχου
1385 2601 1476 2654 καὶ
1520 2603 1807 2672 ἀγεννήτου

221 2695 404 2762 ζωῆς
436 2692 536 2743 τοῦ
558 2691 708 2753 Θεοῦ,
749 2691 853 2761 πρὸ
883 2691 1090 2743 πάντων
1116 2692 1441 2763 ὑπάρχοντος
1470 2692 1692 2756 αἰώνων,
1718 2695 1808 2747 καὶ

222 2784 356 2852 πρὸ
407 2779 615 2842 παντὸς
644 2780 1017 2849 ἐπινοουμένου
1048 2782 1139 2833 καὶ
1169 2783 1247 2843 εἰς
1268 2783 1486 2852 ἄπειρον
1509 2783 1808 2852 ἐκτεινομέ-

216 2882 330 2925 νου
366 2870 667 2938 λογισμοῦ,
697 2870 834 2939 ὺπέρ
872 2886 931 2921 τε
961 2871 1083 2932 τοὺς
1113 2870 1246 2939 μετά
1278 2871 1442 2924 ταῦτα
1482 2874 1806 2944 ἀπεράντους

218 2964 335 3016 καὶ
379 2959 779 3028 ἀτελευτήτυυς
810 2959 1007 3021 αἰῶνας
1027 2960 1381 3031 διαρκοῦντος.
1408 2962 1602 3031 Διόπερ
1625 2963 1805 3032 ἕτερόν

224 3071 327 3121 μοι
366 3044 535 3102 δοκεῖ
560 3049 682 3099 νοῦν
727 3049 1037 3101 ὑποϐάλλειν
1070 3050 1101 3118 ἡ
1140 3051 1380 3120 παροῦσα
1413 3053 1701 3122 προσευχὴ,
1730 3053 1804 3104 δι-

218 3144 543 3195 δάσκουσα
561 3136 649 3187 τὸν
676 3134 798 3187 λαὸν
820 3137 992 3203 λέγειν
1010 3154 1023 3167 ο
1050 3139 1166 3189 Ὅτι
1187 3139 1346 3204 χίλια
1365 3139 1465 3204 ἐτη
1494 3139 1562 3190 ἑν
1590 3141 1805 3206 ὀφθαλ-

220 3233 385 3301 μρῗς
427 3244 549 3280 σου
597 3226 674 3288 ὠς
704 3226 741 3290 ἠ
786 3226 969 3293 ἡμέρα
999 3228 1032 3293 ἡ
1069 3228 1255 3294 ἐχθὲς,
1285 3228 1413 3293 ἣτις
1452 3227 1671 3295 διῆλθε.
1706 3229 1801 3281 καί

221 3315 517 3393 φυλακὴ
550 3316 617 3366 ἐν
646 3315 832 3367 νυκτί.
865 3314 943 3366 Τὰ
962 3315 1085 3381 γοῦν
1119 3316 1286 3385 σεμνὰ
1311 3317 1408 3386 τῆς
1440 3317 1800 3388 Ἰερουσαλὴμ,

221 3413 286 3464 ἒν
325 3402 436 3468 οἷς
474 3403 535 3455 τὸ
567 3404 670 3455 πᾶν
696 3402 839 3463 ἔθνος
862 3402 1036 3454 αὐτῶν
1066 3404 1273 3473 ἦκμασέ
1301 3416 1358 3456 τε
1384 3408 1475 3457 καὶ
1495 3405 1717 3474 ἤνθησεν
1746 3408 1803 3458 ὲν

223 3499 525 3570 ἡμέραις,
551 3491 732 3561 ὥσπερ
765 3490 853 3543 καί
892 3491 1027 3558 φωτὶ
1054 3492 1257 3559 γέγονε,
1300 3493 1445 3545 ταῦτ’
1467 3490 1533 3563 ἦν
1567 3494 1631 3547 τὰ
1662 3496 1803 3563 χίλια,

222 3592 365 3659 ζτη,
419 3583 547 3637 Ἐπὶ
573 3583 745 3653 μόνοις
768 3582 871 3663 γὰρ
891 3583 1070 3652 χιλίοις
1087 3584 1223 3635 ἔτεσι
1245 3584 1528 3652 συνέστηκε
1557 3586 1803 3656 καίδιήρ-

223 3691 386 3730 κεσε
429 3670 502 3723 τά
533 3672 629 3739 τῆς
671 3671 726 3721 ὲν
752 3670 897 3738 τόπῳ
923 3669 1195 3740 λατρείας·
1224 3669 1259 3722 ἃ
1291 3670 1352 3740 δὴ
1381 3672 1470 3723 καὶ
1501 3672 1801 3741 ἀριθμεῖται

225 3766 455 3821 τοῦτον
485 3760 575 3811 τὸν
621 3759 831 3829 τρόπον.
873 3759 1000 3812 Ἀπὸ
1044 3760 1138 3829 μὲν
1159 3760 1256 3829 τῆς
1291 3761 1505 3831 πρώτης
1539 3762 1631 3814 τοῦ
1660 3762 1800 3832 ἱεροῦ

226 3849 612 3918 κατασκευῆς
660 3849 750 3900 καὶ
782 3848 884 3900 τῶν
931 3849 1232 3917 Σολομῶνος
1272 3850 1470 3919 χρόνων
1509 3852 1662 3921 μέχρι
1707 3853 1803 3921 τῆς

230 3946 358 3997 ὑπὸ
394 3937 747 3991 Βαϐυλωνίων
774 3937 1075 4008 πολιορκίας
1108 3938 1199 4006 ἐτη
1233 3938 1515 4005 συνάγεται
1547 3939 1676 3990 υλ6”
1704 3956 1801 4008 με-

228 4037 307 4089 τὰ
334 4033 408 4085 δὲ
432 4028 607 4081 ταῦτα
627 4030 703 4089 εἰς
731 4028 928 4097 ἔρημον
961 4030 1302 4097 περιστάντος
1324 4024 1416 4081 τοῦ
1439 4030 1618 4094 τόπου,
1650 4025 1802 4091 αὖθις

246 4119 488 4194 Ἰησοῦς
519 4116 933 4186 καὶΖοροὸάὸελ,
960 4116 1093 4169 ὁτοῦ
1126 4116 1403 4187 Σαλαθιὴλ,
1437 4117 1571 4170 κατά
1600 4117 1660 4170 τὸ
1681 4117 1800 4169 δεύ-

233 4226 418 4283 τερον
453 4206 572 4268 ἔτος
602 4204 820 4274 Δαρείου
859 4204 946 4256 τοῦ
975 4204 1177 4273 Πέρσου
1211 4205 1482 4258 ἀνανεοῦσι
1514 4206 1601 4257 τὸν
1625 4202 1798 4258 οἷκονο

235 4302 301 4367 ἐξ
331 4296 558 4351 ἐκείνου
586 4310 644 4345 τε
677 4294 767 4344 καί
799 4294 887 4345 ὲπί
918 4293 978 4345 τὸ
1013 4295 1478 4348 πεντεκαιδέκατον
1511 4296 1624 4359 ἔτος
1649 4296 1802 4348 Τιϐε-

239 4394 377 4462 ρίου
435 4385 708 4450 Καίσαρος
741 4383 832 4451 ἔτη
887 4384 1166 4449 συνάγεται
1198 4392 1354 4454 euq“
1403 4386 1537 4438 ὥστε
1573 4383 1703 4438 εἶναι
1734 4386 1801 4438 τὰ
1830 4408 1873 4461 D

238 4484 444 4535 πάντα
474 4478 595 4541 ῇτέ.
636 4473 874 4542 Διέμεινὲ
902 4490 958 4524 τε
982 4472 1342 4543 χειμαζομένη
1379 4476 1469 4527 καὶ
1503 4475 1801 4530 ἀστατοῦσα

237 4574 277 4643 ἡ
317 4569 490 4627 πόλις
526 4564 660 4634 μετὰ
697 4564 791 4633 τὴν
830 4563 965 4614 κατά
993 4562 1081 4614 τοῦ
1116 4564 1357 4633 Σωτῆρος
1393 4565 1546 4634 ἡμῶν
1585 4566 1800 4618 ἐπιϐου-

238 4662 351 4732 λὴν
390 4655 572 4712 αὐτῶν
622 4654 822 4723 ἑτέροις
848 4653 985 4703 ἔτεσι
1022 4653 1090 4720 μ”
1125 4652 1238 4721 μεθ’
1267 4653 1301 4705 ἃ
1341 4656 1369 4705 ὁ
1405 4655 1662 4725 παντελὴς
1708 4657 1801 4707 αὐ-

238 4754 383 4811 τοὺς
443 4743 704 4814 μετῆλθεν
747 4742 978 4811 ὅλεθρος.
1018 4742 1109 4792 καὶ
1144 4744 1176 4810 ἠ
1203 4743 1399 4810 ὑστάτη
1444 4744 1736 4814 πολιορκία,
1768 4748 1800 4814 ἡ

242 4843 361 4893 ὑπὸ
398 4835 684 4905 Ῥωμαίων
707 4832 961 4901 γενομένη
988 4831 1124 4884 κατά
1145 4833 1297 4885 Τίτον
1340 4833 1432 4885 καὶ
1471 4835 1801 4888 Οὐεσπασια-

242 4933 342 4985 νὸν
386 4926 689 4996 αὑτοκράτο
697 4941 806 4994 ρας.

323 5019 499 5073 Ταῦτ’
531 5012 620 5068 οὖν
647 5011 711 5085 ἦν
737 5015 805 5066 τὰ
835 5013 973 5083 χίλια
998 5012 1089 5081 ἔτη
1125 5015 1247 5083 περί
1273 5007 1345 5065 ὧν
1374 5013 1602 5081 εἴρηται,
1644 5016 1736 5079 Ὠς
1765 5017 1799 5082 ἡ

245 5111 455 5179 ἡμέρα
479 5109 518 5172 ἠ
557 5104 749 5173 ἐχθὲς,
786 5104 914 5167 ἥτις
944 5100 1163 5167 διῆλθε.
1198 5102 1474 5155 Διελθόντα
1504 5103 1609 5172 γὰρ
1636 5105 1801 5157 ταῦτα

247 5203 353 5255 καὶ¹
392 5196 590 5267 μηκέτι
631 5194 757 5246 ὄντα
789 5193 1161 5245 ἀποκλαίονται
1191 5195 1235 5244 οἰ
1261 5191 1345 5243 διὰ
1372 5186 1467 5258 τῆς
1500 5194 1800 5263 προσευχῆς

248 5290 348 5340 τὸν
381 5285 517 5339 Θεὸν
556 5284 842 5351 ἱλεούμενοι
866 5300 878 5312 ο
910 5282 1040 5334 ἀλλὰ
1062 5284 1149 5335 καὶ
1178 5282 1249 5342 ώς
1279 5279 1518 5347 φυλακὴν
1558 5299 1802 5353 νυκτερι-

251 5380 356 5448 νὴν
392 5375 567 5428 ταῦτά
598 5388 724 5441 φασι
754 5372 820 5424 τά
841 5374 981 5441 χίλια
1012 5374 1099 5443 ἔτη
1133 5370 1567 5441 παρεληλυθέναι.
1602 5374 1803 5443 Λύχνος

253 5473 369 5539 γὰρ
401 5465 520 5536 ἦνὸ
563 5464 829 5524 Μωῦσέως
874 5464 1027 5535 νόμος
1066 5465 1120 5516 ὲν
1161 5462 1303 5515 νυκτὶ
1338 5462 1539 5527 φαίνων
1586 5466 1798 5529 αὐτοῖς’

253 5561 398 5611 ἀλλά
429 5556 521 5608 καὶ
545 5558 591 5605 οι
620 5552 907 5622 προφῆται,
938 5556 981 5605 οἱ
1017 5552 1142 5621 μετά
1162 5550 1417 5610 Μωῦσέα,
1448 5549 1632 5618 λύχνοι
1665 5550 1803 5623 ἦσαν

255 5652 290 5706 ἢ
327 5648 425 5701 καὶ
450 5644 669 5705 ἀστέρες
702 5642 756 5692 ἐν
807 5642 950 5693 νυκτὶ
983 5642 1256 5701 φαίνοντες,
1289 5638 1443 5691 οὔπω
1489 5642 1588 5693 τοῦ
1628 5646 1802 5703 φωτὸς

1829 3093 1877 3155 C

1917 546 2295 609 humilitatem;
2322 547 2420 599 hoc
2444 554 2547 608 est,
2600 545 2675 599 Ne
2702 556 2915 601 avertas
2944 562 3043 600 nos
3077 544 3144 598 ad
3170 555 3464 607 extremam

1915 636 2124 689 ruinam
2147 644 2201 690 et
2231 637 2604 690 humilitatem.
2629 635 2709 689 Tu
2743 652 2971 706 namque
2999 638 3047 690 vi
3076 637 3153 689 tui
3186 654 3313 709 erga
3366 644 3463 696 bo-

1915 724 2085 777 mines
2118 725 2317 777 amoris
2347 724 2457 777 haec
2491 723 2693 786 dixisti,
2730 734 2890 795 atque
2944 726 3196 781 cluiuilius
3231 729 3462 785 homini-

1914 816 2014 867 bus
2044 815 2177 866 lianc
2206 814 2633 882 praadicatiouem
2662 815 2883 868 attulisti
2931 816 3139 880 dicens,
3194 817 3459 893 Converti-

1914 903 2063 965 mim’,
2098 904 2197 971 ﬁlii
2235 904 2518 957 hominum.
2549 902 2603 956 Si
2646 904 2825 974 itaque
2851 906 3134 959 clementia
3152 914 3243 960 tua
3268 925 3457 967 omnes

1913 1000 2116 1059 gentes,
2172 1008 2462 1061 omnesque
2530 993 2665 1047 ﬁlios
2722 995 2994 1048 hominum
3021 999 3285 1063 evocavit,
3325 1010 3377 1053 et
3407 1001 3455 1054 si

1911 1098 2004 1136 eos
2030 1085 2119 1151 qui
2147 1084 2270 1136 olim
2299 1085 2394 1137 abs
2421 1093 2468 1137 te
2502 1085 2696 1145 aversi,
2754 1100 2817 1138 ac
2859 1086 3192 1140 danuonibus
3253 1089 3456 1157 spiriti-

1911 1173 2113 1241 busque
2139 1174 2384 1239 malignis
2406 1174 2605 1227 subditi
2632 1184 2803 1237 erant,
2833 1176 2899 1228 ad
2930 1182 2983 1230 te
3004 1178 3448 1246 convertijubes;

1912 1276 1978 1313 ne
2012 1277 2107 1314 nos
2125 1262 2409 1323 averseris,
2438 1278 2610 1331 neque
2640 1264 2693 1316 in
2722 1272 3013 1319 extremam
3042 1282 3200 1321 ruere
3227 1270 3450 1323 vastita-

1911 1358 2015 1403 tem
2040 1349 2207 1410 sinas,
2266 1353 2354 1418 qui
2408 1353 2533 1404 olim
2586 1353 2661 1405 tui
2698 1339 3013 1415 fuimusfac
3033 1371 3155 1408 cum
3185 1359 3449 1412 tantillum

1913 1440 2162 1507 temporis
2194 1439 2580 1503 ﬂoruissemus,
2614 1443 2864 1495 torrentis
2882 1443 3052 1495 instar
3079 1445 3445 1499 transivimus.

1910 1529 2041 1581 Nam
2071 1531 2212 1583 mille
2235 1532 2359 1583 anni
2390 1533 2578 1594 nostri,
2637 1533 2789 1601 queis
2835 1534 2969 1587 bene
3008 1548 3119 1587 rem
3160 1536 3446 1603 gessimus,

1912 1620 2237 1674 transierunt
2265 1622 2402 1675 sicut
2430 1622 2544 1676 dies
2573 1622 2845 1682 hesterna,
2879 1639 2997 1692 quae
3017 1626 3286 1693 praeteriit.
3349 1626 3448 1679 llic

1912 1726 2037 1763 vero
2058 1711 2380 1779 perpendere
2418 1712 2562 1775 libet,
2586 1728 2683 1765 cur
2703 1712 2755 1764 Ιιί
2782 1714 2926 1766 mille
2966 1715 3090 1767 anni
3147 1731 3448 1769 memoren-

1910 1808 2015 1854 tur.
2050 1801 2105 1854 Si
2132 1802 2271 1855 enim
2303 1803 2513 1855 dicatur
2540 1804 2649 1856 haec
2680 1803 2743 1855 ad
2771 1804 2993 1873 gloriam
3028 1804 3116 1857 Dei
3139 1822 3277 1869 esse,
3312 1816 3362 1860 et
3380 1808 3445 1860 ad

1910 1891 2286 1959 sempiternam
2311 1891 2400 1945 Dei
2433 1894 2592 1945 vitam
2632 1893 3028 1959 declarandam,
3082 1895 3214 1946 nihil
3267 1898 3444 1965 magni

1910 1981 2010 2033 hoc
2035 1988 2161 2048 puto
2184 1996 2426 2035 sermone
2451 1981 2695 2049 proferri.
2731 1982 2933 2034 Etenim
2968 1998 3063 2037 nec
3080 1998 3238 2038 omne
3275 2002 3446 2039 samu-

1909 2066 2039 2128 lum,
2074 2083 2242 2135 neque
2269 2069 2425 2121 etiam
2453 2077 2620 2121 totum
2654 2070 2782 2122 illud
2807 2078 3015 2139 tempus
3063 2070 3203 2139 quod
3226 2088 3253 2125 a
3274 2074 3444 2141 prima

1909 2155 2089 2207 mundi
2122 2156 2388 2210 creatione
2412 2172 2580 2225 usque
2630 2158 2695 2211 ad
2740 2158 2857 2225 ejus
2909 2163 3441 2224 consummationem,

1909 2250 1987 2301 vel
2019 2264 2113 2317 pro
2144 2251 2369 2312 tantillo,
2404 2266 2507 2304 non
2538 2253 2709 2304 dicam
2762 2253 2919 2306 unius
2968 2254 3093 2317 diei,
3145 2254 3237 2309 sed
3285 2256 3443 2309 unius

1907 2337 2234 2391 brevissima:
2290 2338 2432 2391 liOl‘ZB
2478 2340 2670 2406 spatio,
2728 2339 3028 2393 habendum
3069 2355 3189 2395 esse
3217 2350 3364 2410 puto,
3394 2344 3442 2396 si

1908 2437 2245 2496 comparetur
2272 2445 2391 2481 cum
2424 2430 2510 2481 illa
2542 2430 2657 2482 sine
2696 2429 2959 2497 principio
3006 2436 3059 2483 et
3100 2430 3444 2498 generatione

1906 2518 2013 2570 vita
2048 2517 2159 2578 Dei,
2187 2518 2277 2586 qui
2327 2528 2450 2572 ante
2491 2520 2667 2572 omnia
2723 2521 2913 2574 stecula
2959 2520 3184 2582 exsistit,
3232 2535 3442 2574 necnon

1907 2613 2029 2661 ante
2060 2622 2268 2660 omnem
2293 2608 2667 2677 cogitationem
2724 2610 2806 2662 vel
2851 2608 2905 2662 in
2966 2609 3229 2663 inﬁnitum
3260 2620 3444 2665 exten-

1906 2713 2049 2761 sam;
2079 2700 2275 2767 quique
2298 2701 2475 2752 omnia
2499 2699 2696 2762 futura,
2739 2699 2943 2752 inﬁnita
2999 2707 3052 2753 et
3103 2701 3442 2755 interminata

1906 2788 2097 2840 saecula
2120 2789 2398 2841 duratioue
2451 2788 2675 2841 excedit.
2719 2788 3071 2853 Quamobrem
3123 2789 3280 2843 aliam
3310 2789 3441 2842 mihi

1904 2876 2219 2929 sententiam
2271 2876 2476 2928 videtur
2544 2877 2655 2930 haec
2719 2878 2891 2930 oratio
2948 2893 3263 2947 suggerere,
3319 2893 3442 2931 cum

1905 2968 2155 3035 populum
2188 2967 2252 3019 ad
2287 2967 2401 3021 haec
2427 2967 2649 3021 dicenda
2706 2969 2976 3022 instituit:
3010 2969 3267 3034 Quoniam
3296 2969 3443 3022 mille

1905 3056 2028 3107 anni
2050 3056 2103 3106 in
2131 3055 2290 3107 oculis
2321 3056 2445 3117 tuis,
2480 3064 2725 3123 tanquam
2754 3056 2861 3108 dies
2885 3057 3142 3121 hesterna,
3168 3073 3280 3124 qua:
3308 3073 3443 3124 prce-

1906 3144 2063 3207 teriit,
2094 3153 2140 3195 et
2174 3142 2410 3195 custodia
2444 3144 2498 3195 in
2529 3154 2693 3197 noue.
2722 3142 3034 3197 Veneranda
3056 3161 3186 3213 ergo
3217 3129 3439 3213 illaqum

1902 3233 1955 3286 in
1989 3232 2287 3288 Jerusalem
2323 3240 2496 3295 erant,
2529 3233 2724 3300 quibus
2759 3242 2865 3285 tota
2905 3249 3035 3301 gens
3082 3234 3169 3286 illa
3220 3233 3441 3287 ﬂorebat

1901 3330 1953 3376 et
1975 3323 2140 3375 multo
2167 3323 2371 3376 dierum
2401 3322 2669 3375 curriculo
2697 3322 2829 3375 bene
2860 3338 2968 3376 rem
2997 3323 3232 3391 gerebat,
3283 3325 3437 3390 quasi

1902 3411 1954 3464 in
1979 3412 2095 3465 luce
2125 3412 2358 3480 degens;
2385 3413 2518 3473 haec,
2546 3412 2785 3480 inquam,
2847 3426 2943 3479 pro
2992 3413 3134 3465 mille
3159 3413 3313 3467 annis
3342 3413 3439 3465 ha-

1902 3501 2091 3555 benda.
2143 3500 2274 3553 Nam
2334 3502 2490 3555 annis
2531 3500 2674 3555 mille
2734 3501 2992 3554 duntaxat
3042 3501 3217 3557 cultus
3250 3503 3353 3556 hoc
3381 3504 3437 3556 iu

1902 3591 2018 3643 loco
2064 3598 2295 3644 statutus
2330 3591 2545 3643 duravit
2590 3599 2643 3644 et
2692 3592 2931 3644 constitit
2967 3610 2980 3643 :
3013 3592 3103 3661 qui
3163 3591 3289 3645 anni
3335 3592 3439 3645 hoc

1902 3688 2054 3749 pacto
2083 3688 2445 3733 numerantur.
2506 3680 2549 3730 A
2599 3680 2766 3747 prima
2813 3681 2991 3748 templi
3040 3681 3350 3735 t‘undatione
3382 3690 3439 3734 et.

1902 3768 2229 3836 temporibus
2282 3768 2605 3830 Salomonis,
2673 3769 2737 3821 ad
2795 3785 2966 3837 usque
3026 3770 3436 3840 Babyloniorum

1900 3860 2253 3921 obsidionem,
2269 3861 2392 3911 anni
2413 3868 2790 3927 computantur
2812 3858 3187 3926 quadringenti
3213 3860 3435 3929 triginta

1901 3948 2024 4003 duo.
2058 3948 2185 4003 Post
2207 3950 2318 4002 ham
2346 3955 2519 4002 autem
2543 3964 2662 4001 cum
2695 3949 2843 3999 lorus
2865 3948 2917 4000 in
2953 3948 3293 4001 solitudinem
3323 3964 3439 4002 ver-

1882 4051 1994 4091 sus
2008 4044 2169 4102 esset,
2199 4052 2409 4090 rursum
2424 4035 2580 4090 Jesus
2596 4044 2647 4090 et
2666 4035 2979 4095 Zorobabel,
3000 4037 3137 4090 illius
3157 4036 3433 4101 Salathiel,

1901 4140 2046 4178 anno
2084 4124 2319 4179 secundo
2366 4124 2508 4176 Darii
2553 4122 2727 4178 Persae
2759 4124 2974 4176 domum
3039 4132 3430 4181 restaurarunt.

1900 4215 1981 4270 Ab
2005 4216 2095 4268 illo
2122 4223 2294 4269 autem
2326 4223 2561 4283 tempore
2594 4228 2761 4281 usque
2793 4212 2856 4266 ad
2888 4214 3133 4281 quintum
3167 4215 3433 4269 decimum

1902 4319 2099 4356 annum
2128 4303 2326 4357 Tiberii
2350 4303 2597 4362 Caesaris,
2633 4302 2957 4368 colliguntur
2977 4301 3101 4354 anni
3156 4301 3433 4371 quingenti

1901 4392 2248 4459 quadraginta
2272 4403 2323 4444 et
2344 4398 2499 4451 octo;
2526 4390 2595 4441 ita
2626 4397 2680 4441 ut
2705 4402 2892 4441 omnes
2920 4389 2985 4441 ad
3015 4404 3275 4442 summam
3297 4405 3433 4443 nou-

1900 4489 2175 4549 gentorum
2209 4488 2260 4533 et
2285 4479 2552 4546 octoginta
2595 4485 2968 4545 supputeutur.
3028 4476 3153 4531 Post
3207 4478 3432 4533 insidias

1899 4585 2024 4623 vero
2053 4570 2119 4623 ab
2147 4570 2213 4623 iis
2231 4575 2417 4622 contra
2443 4568 2767 4619 Salvatorem
2794 4576 3033 4619 nostrum
3064 4575 3317 4630 structas,
3340 4577 3429 4620 tu-

1900 4656 2152 4709 multibus
2185 4662 2235 4709 et
2267 4654 2616 4708 seditionibus
2645 4654 2839 4722 agitata
2861 4654 3066 4719 civitas,
3097 4654 3270 4708 adhuc
3297 4668 3430 4722 qua-

1899 4745 2140 4814 draginta
2163 4745 2318 4798 annis
2337 4744 2626 4812 permansit
2658 4743 2892 4811 :quibus
2949 4744 3164 4811 elapsis.
3201 4744 3429 4796 accessit

1899 4843 2137 4888 extrema
2161 4849 2342 4888 eorum
2370 4832 2652 4901 pernicies,
2682 4840 2735 4884 et
2763 4833 2947 4884 ultima
2973 4830 3203 4895 obsidio,
3233 4830 3350 4885 Tito
3374 4839 3429 4885 et

1906 4924 2228 4993 Vespasiano
2256 4924 2686 4991 imperatoribus,
2718 4938 2745 4973 a
2771 4919 3030 4974 Romanis
3062 4920 3219 4973 facta.

1973 5015 2033 5068 Ili
2075 5016 2248 5083 itaque
2295 5013 2439 5067 mille
2491 5012 2616 5064 anui
2662 5019 2834 5073 erant,
2882 5010 2947 5062 de
2989 5008 3186 5074 quibus
3208 5009 3428 5073 dicitur,
3496 5050 3497 5053 η

1905 5106 2167 5174 Tanquam
2201 5105 2305 5156 dies
2328 5104 2561 5155 hesterna
2585 5117 2698 5169 qua:
2723 5098 2991 5168 prazteriit.
3016 5094 3150 5148 Nam
3185 5097 3304 5151 illos
3327 5112 3427 5151 an-

1903 5212 1999 5250 nos
2023 5212 2118 5249 ceu
2150 5184 2437 5264 preteritos
2464 5199 2517 5246 et
2541 5192 2751 5258 elapsos
2770 5188 3067 5257 deplorant,
3111 5186 3203 5252 qui
3234 5187 3287 5238 in
3308 5201 3430 5240 ora-

1902 5286 2215 5356 tioneiDeum
2230 5283 2436 5351 placare
2448 5288 2709 5334 conantur
2728 5297 2745 5345 ;
2760 5280 2864 5332 imo
2874 5275 3035 5330 etiam
3047 5274 3200 5341 quasi
3215 5283 3437 5327 noetur-

1902 5395 2022 5433 nam
2056 5375 2369 5436 custodiam,
2402 5374 2544 5426 mille
2572 5388 2740 5425 annos
2765 5373 2886 5424 illos
2929 5365 3200 5419 efﬂuxisse
3227 5364 3438 5418 dicunt.

1902 5467 2031 5519 Nam
2067 5463 2259 5532 Moysis
2292 5461 2372 5514 lex
2402 5461 2619 5513 lucerna
2640 5466 2756 5512 erat
2812 5458 2868 5509 in
2936 5459 3097 5505 nocte
3152 5449 3447 5516 splendens

1904 5555 2067 5624 ipsis;
2098 5550 2503 5621 proplielaeitem
2532 5551 2619 5616 qui
2653 5556 2770 5618 post
2796 5545 3047 5613 Moysem
3080 5538 3325 5624 luerunt,
3373 5540 3457 5587 lu-

1904 5658 2072 5699 cerna:
2100 5648 2270 5700 erant,
2301 5639 2410 5695 sive
2453 5639 2613 5692 stellae
2672 5638 2724 5694 in
2786 5640 2958 5689 nocte
2987 5628 3289 5689 fulgentes,
3343 5636 3466 5676 eum
