3848 6390
161 439 350 495 1157

1353 445 1843 504 COMMENTARIA
1881 447 1946 502 IN
1982 446 2312 514 PSALMOS.

3232 454 3366 508 H58

153 573 290 627 ρον
344 558 374 610 6
416 556 705 628 Σύμμαχος
759 560 1029 613 ἀπέδωκεν
1076 558 1270 612 εἰπών·
1314 563 1420 627 Τὰς
1471 565 1738 631 ἀμελείας

1845 575 1952 619 rent
1983 565 2148 620 vultui
2176 574 2282 618 tuo.
2313 563 2449 618 Anni
2481 565 2644 618 nostri
2673 564 2805 618 sicut
2827 580 3019 617 aranea
3051 567 3371 622 meditaban.

146 643 373 710 ἡμῶν
399 644 714 711 φαίνεσθαι
742 644 818 710 τῷ
856 646 1142 714 προσώπῳ
1167 661 1280 699 σου
1338 650 1411 701 Τὰ
1442 651 1542 717 ἔτη
1580 651 1745 717 ἡμῶν

142 730 341 785 ὡσεὶ
396 732 627 802 ἀράχνη
685 735 987 804 ἐμελέτων.
1045 739 1115 790 Αἱ
1168 737 1371 805 ἡμέραι
1427 740 1541 793 τῶν
1599 743 1744 794 ἐτῶν

140 817 369 887 ἡμῶν
422 821 495 874 ἐν
542 823 741 888 αὐτοῖς
784 830 829 877 0'
861 826 983 891 ἐτη.
1025 824 1156 877 Ἐὰν
1185 824 1251 877 δὲ
1280 827 1348 878 ἐν
1374 828 1743 894 δυναστείαις

147 909 569 978 ὀγδοήκοντα
593 913 719 978 ἐτη,
753 915 849 967 καὶ
877 915 940 967 τὸ
973 917 1177 968 πλεῖον
1205 916 1397 970 αὐτῶν
1427 921 1606 985 κόπος
1647 920 1744 974 καὶ

144 1000 407 1064 πόνος.
481 1001 735 1054 Ἐνταῦθα
807 1004 943 1057 κατά
1005 1005 1186 1076 καιρὸν
1256 1009 1579 1079 παραθετέον
1648 1012 1744 1080 τὴν

162 1087 432 1141 Ἠσαῖου
476 1093 836 1161 προφητείαν,
881 1093 946 1144 δι’
989 1091 1054 1164 ἧς
1105 1113 1293 1164 φησιν’
1338 1097 1434 1150 Ὠὰ
1477 1099 1744 1153 ἀσπίδων

137 1178 461 1245 ἕρρηξαν
490 1182 586 1234 καί
619 1181 786 1234 ἱστὸν
813 1184 1074 1252 ἀράχνης
1100 1188 1433 1254 ὑφαίνουσι.
1481 1190 1658 1243 Ταῦτα
1687 1191 1743 1244 δὲ

144 1267 482 1331 ἐθέσπιζεν
505 1273 533 1323 ὁ
558 1273 864 1342 Προφήτης,
895 1273 1222 1344 ἀναπέμπων
1245 1277 1332 1328 τὸν
1356 1277 1506 1344 λόγον
1526 1280 1614 1330 ἐπὶ
1645 1280 1742 1349 τὴν

141 1359 528 1413 κατάστασιν
545 1360 635 1413 τοῦ
658 1361 782 1415 λαοῦ
803 1363 898 1434 τὴν
915 1365 1047 1433 μετά
1075 1367 1170 1436 τὴν
1197 1368 1490 1436 παρουσίαν
1519 1369 1609 1421 τοῦ
1641 1371 1742 1422 Σω-

138 1447 353 1518 τῆρος
379 1449 562 1519 ἡμῶν,
591 1451 709 1504 καθ’
739 1452 804 1521 ἢν
842 1456 888 1506 οἱ
927 1453 1178 1524 ἄρχοντες
1211 1457 1384 1513 αὐτῶν
1414 1458 1563 1528 δίκην
1603 1459 1742 1530 ὀρνι-

137 1538 262 1600 θος
292 1539 596 1610 τικτούσης
617 1541 681 1594 τά
710 1543 909 1595 ἑαυτῶν
933 1545 1344 1614 ἀπο-γεννώμενα
1365 1547 1596 1600 τοσαῦτα
1620 1565 1742 1618 προ-

141 1626 502 1693 ϐάλλονται,
530 1629 604 1692 ώς
633 1631 847 1694 ἀσπίδος
877 1632 1182 1699 ὁμοιοῦσθαι
1206 1637 1494 1705 γεννήμασι
1530 1636 1616 1688 διὰ
1651 1637 1740 1688 τὸν

140 1716 472 1785 ἐνιέμενον
515 1719 604 1770 ὑπ’
631 1719 798 1773 αὐτῶν
845 1725 938 1792 τῆς
987 1724 1122 1777 κατά
1161 1724 1252 1776 τοῦ
1299 1726 1542 1794 Σωτῆρος
1587 1727 1739 1796 ἡμῶν

147 1806 542 1877 βλασφημίας
587 1810 662 1863 ἰὸν
703 1814 794 1866 καὶ
827 1814 924 1881 τῆς
951 1814 1112 1884 ἄλλης
1151 1816 1229 1876 εἰς
1267 1815 1425 1868 αὑτὸν
1469 1817 1736 1880 ἀπιστίας.

145 1896 361 1949 Πάλαι
389 1899 491 1966 μὲν
519 1894 611 1952 οῦν
638 1897 854 1967 ὕφαινον
877 1901 1104 1970 χιτῶνας
1133 1903 1210 1972 τῷ
1237 1905 1476 1973 ἀρχιερεῖ
1501 1905 1594 1956 καὶ
1627 1889 1743 1957 στο-
1773 1897 1814 1950 Β

145 1984 266 2048 λὰς
314 1987 484 2054 ἁγίας
504 2005 517 2018 ’
551 1986 646 2041 νῦν
673 1989 729 2042 δὲ
767 1992 939 2043 πᾶσαν
979 1990 1072 2060 τὴν
1122 1992 1259 2062 ὑφὴν
1293 1992 1468 2044 αὐτῶν
1510 1995 1600 2045 καὶ
1646 1994 1742 2064 τὴν

148 2075 254 2128 διὰ
284 2076 392 2128 τοῦ
420 2077 576 2144 λόγου
612 2079 1142 2150 κατασκευαζομένην
1169 2081 1524 2144 διδασκαλίαν,
1557 2084 1622 2152 ἣν
1658 2084 1744 2136 διὰ

147 2165 266 2234 τῆς
312 2165 431 2217 τῶν
468 2165 625 2219 θείων
658 2169 881 2237 Γραφῶν
913 2169 1219 2239 συμπλοκῆς
1252 2188 1310 2226 τε
1343 2173 1434 2223 καὶ
1467 2173 1741 2239 ὑφάνσεως

149 2253 605 2324 προϐάλλονται,
633 2257 870 2328 ἀράχνης
903 2260 1173 2328 ὑφάσματι
1205 2261 1525 2330 παρείκασεν
1551 2265 1579 2314 6
1607 2279 1741 2332 προ-

149 2343 414 2414 φητικὺς
464 2344 637 2411 λόγος.
685 2348 774 2400 Διό
815 2365 1000 2419 φησιν’
1041 2349 1226 2402 Ἰστὸν
1271 2350 1532 2418 ἀράχνης
1570 2354 1740 2420 ὑφαί-

151 2447 378 2488 νουσι.
431 2435 543 2488 Καὶ
581 2438 610 2488 6
652 2437 837 2507 παρὼν
878 2438 933 2491 δὲ
965 2439 1190 2507 ψαλμὸς,
1219 2440 1314 2510 τὴν
1356 2443 1418 2492 ἐκ
1455 2441 1738 2512 προσώπου

150 2523 356 2576 αὐτῶν
387 2525 659 2594 περιέχων
686 2526 1078 2602 ὲξομολόγησίν,
1104 2530 1232 2598 φησι
1253 2546 1266 2560 °
1319 2530 1394 2583 Τὰ
1431 2531 1533 2597 ἐτη
1575 2531 1742 2598 ἡμῶν

151 2614 241 2678 ὡς
265 2613 522 2682 ἀράχνῃ
569 2615 874 2684 ἐμελέτων.
907 2619 1191 2688 Ἀντικρυς
1234 2619 1338 2690 γὰρ
1386 2619 1480 2683 τὰς
1516 2621 1740 2690 μελέτας

152 2705 274 2756 τῶν
307 2705 558 2774 Γραφῶν
591 2708 648 2758 ὲν
680 2702 766 2768 αἷς
797 2708 1219 2778 κατατρίϐονται,
1247 2710 1452 2773 καὶτὰς
1478 2710 1738 2778 δευτερώ-

154 2813 320 2860 σεις,
380 2795 452 2847 δι’
501 2789 576 2848 ὧν
621 2797 908 2866 ὑφάσματά
955 2815 1073 2852 τινα,
1114 2799 1450 2862 διδασκαλίας
1497 2800 1737 2854 δοκοῦσιν

153 2884 614 2954 ἀπεργάζεσθαι,
644 2887 880 2957 ἀράχνης
909 2889 1198 2940 ἀπείκασεν
1230 2890 1424 2959 ἔργοις.
1463 2889 1616 2945 Ἀλλὰ
1647 2891 1738 2943 καὶ

155 2973 260 3044 τὴν
299 2975 462 3044 ζωὴν
495 2974 669 3028 αὐτῶν
719 2975 880 3045 μόνην
923 2979 1082 3045 φασιν
1122 2973 1377 3048 εἶναιτὴν
1415 2979 1738 3048 πρόσκαιρον

1843 665 1945 709 tur.
1978 656 2097 710 Dies
2148 671 2398 708 annorum
2431 664 2724 708 nostrorum
2780 655 2834 707 in
2880 655 3001 720 ipsis
3054 661 3369 727 septuaginta

1843 747 1984 800 anni.
2014 745 2072 800 Si
2102 754 2270 799 autem
2325 747 2380 797 in
2433 742 2777 809 potentatibus
2815 743 3076 811 octoginta
3117 747 3240 799 anni
3273 786 3287 810 ,
3318 759 3369 802 et

1843 836 2060 902 amplius
2088 851 2262 889 eorum
2279 834 2424 888 labor
2448 843 2496 888 et
2523 833 2690 887 dolor.
2717 832 2813 885 Hic
2832 841 3126 900 opportune
3152 834 3370 902 adjicia-

1843 933 1930 978 tur
1953 924 2099 978 Isaia:
2114 924 2409 993 prophetia,
2428 939 2531 992 qua
2555 924 2649 984 ait,
2671 921 2778 976 Ova
2809 923 3044 988 aspidum
3071 933 3365 989 eruperunt,

1841 1022 1889 1064 et
1912 1012 2064 1064 telam
2084 1028 2288 1065 aranea:
2310 1021 2481 1063 texunt
2504 1011 2570 1062 °°.
2599 1009 2718 1063 Haec
2755 1024 2913 1078 porro
2944 1009 3260 1064 vaticinatus
3284 1021 3368 1066 est

1842 1104 2124 1170 Propheta,
2147 1116 2440 1154 sermonem
2475 1100 2537 1151 ad
2573 1100 2750 1168 populi
2786 1106 2906 1167 post
2940 1098 3221 1152 adventum
3251 1100 3365 1153 Sal-

1843 1192 2040 1246 vatoris
2067 1192 2234 1246 nostri
2263 1197 2458 1243 statum
2488 1188 2746 1252 referens,
2763 1204 2869 1258 quo
2895 1190 3163 1258 principes
3183 1204 3365 1244 eorum

1841 1295 1939 1340 ceu
1969 1281 2160 1349 gallina
2191 1280 2423 1350 pariens,
2445 1293 2559 1332 eam
2584 1280 2898 1333 emittebant
2922 1279 3271 1349 prolem,quze
3297 1280 3366 1334 ob

1841 1371 2140 1425 immissum
2182 1371 2248 1422 ab
2294 1370 2398 1423 illis
2426 1371 2573 1424 virus
2609 1369 2947 1438 blasphemiae
2988 1369 3042 1422 in
3074 1369 3364 1431 Christum,

1840 1472 1893 1517 et
1918 1461 1986 1516 ob
2008 1461 2262 1528 reliquam
2297 1461 2438 1514 circa
2481 1460 2628 1513 illum
2675 1459 3130 1522 incredulitatem,
3191 1469 3371 1529 posset

1845 1549 2090 1619 aspidum
2137 1549 2267 1604 fetui
2310 1549 2629 1618 comparari.
2672 1547 2806 1606 Olim
2839 1549 3052 1618 quidem
3107 1547 3370 1602 sacerdoti

1840 1640 2088 1694 texebant
2126 1646 2320 1702 vestes,
2351 1645 2404 1691 et
2429 1637 2594 1692 stolas
2619 1646 2866 1703 sanctas;
2905 1652 3048 1691 nunc
3082 1647 3256 1690 autem
3285 1643 3372 1689 to-

1840 1737 1946 1781 tam
1984 1743 2168 1783 eorum
2211 1735 2516 1791 texturam,
2563 1735 2616 1782 et
2667 1734 2830 1780 totam
2873 1735 3178 1796 apparatam
3225 1727 3368 1781 illam

1840 1817 1986 1872 vet-bi
2017 1818 2335 1878 doctrinam,
2374 1831 2532 1884 quam
2586 1829 2682 1884 per
2721 1814 3020 1867 divinarum
3068 1812 3372 1883 Scriptura-

1840 1923 1957 1961 rum
1986 1907 2442 1974 complicationem
2461 1914 2514 1958 et
2532 1915 2792 1959 texturam
2823 1905 3144 1972 producunt,
3164 1918 3372 1958 aranea:

1838 1998 1958 2052 telis
1993 1995 2198 2050 confert
2241 1995 2582 2064 propheticus
2631 2009 2826 2048 sermo.
2877 1994 3209 2063 Quapropter
3255 1995 3370 2058 ait,

1839 2088 2017 2142 Telam
2041 2100 2249 2139 orauere
2279 2093 2477 2139 texunt.
2528 2083 2774 2139 Praesens
2801 2097 3013 2151 quoque
3040 2083 3278 2152 psalmus
3305 2097 3371 2136 ex

1835 2189 2017 2228 eorum
2052 2187 2278 2242 persona
2317 2171 2703 2226 confessionem
2735 2171 2985 2224 emittens
3012 2208 3028 2232 ,
3089 2169 3180 2232 ait,
3231 2169 3370 2224 Auni

1835 2263 1997 2316 nostri
2023 2262 2155 2314 sicut
2199 2277 2391 2313 aranea
2431 2259 2838 2313 meditabantur.
2895 2258 3092 2325 Aperte
3140 2271 3369 2325 namque

1837 2352 2204 2406 meditationes
2246 2349 2643 2418 Scripturarum
2689 2349 2744 2404 in
2776 2347 2971 2416 quibus
3001 2353 3210 2399 astatem
3241 2361 3370 2399 con-

1833 2441 2028 2503 terunt.
2055 2451 2106 2495 et
2126 2441 2457 2501 deuteroses,
2484 2440 2596 2492 sive
2622 2438 2885 2493 secundas
2927 2435 3241 2488 traditiones
3273 2449 3367 2489 eo-

1833 2545 1972 2592 rum,
1995 2529 2190 2598 quibus
2218 2528 2351 2584 telas
2379 2525 2634 2597 quasdam
2658 2526 2914 2580 doctrinm
2946 2525 3194 2578 videntur
3209 2523 3372 2577 ador-

1832 2633 1982 2680 nare,
2019 2632 2228 2672 aranea:
2257 2615 2472 2685 opificio
2505 2624 2798 2685 comparat.
2851 2615 2961 2668 lmo
2989 2614 3148 2668 etiam
3198 2611 3363 2667 vitam

1832 2725 1984 2766 suam
2022 2720 2416 2777 temporaneam
2443 2709 2615 2763 solum
2644 2722 2765 2761 esse
2803 2705 3007 2765 dicunt,
3036 2704 3372 2772 septuaginta

1834 2802 1919 2856 vel
1942 2800 2212 2870 octoginta
2240 2800 2394 2854 annis
2429 2797 2911 2864 circumscriptam.
2940 2793 2995 2847 Id
3027 2808 3190 2862 porro
3220 2792 3371 2846 aiunt

1837 2891 1902 2945 de
1931 2897 2130 2944 aeterna
2155 2895 2206 2943 et
2251 2887 2426 2960 futura
2476 2889 2606 2950 vita,
2637 2900 2756 2955 quae
2800 2883 3064 2952 religiosis
3097 2880 3225 2937 viris
3246 2896 3371 2952 pro-

1838 2980 2062 3034 mittitur
2083 3018 2096 3040 ,
2129 2978 2491 3045 desperantes.

155 3067 215 3116 ὲν
264 3073 312 3117 d
362 3067 464 3117 καὶ
515 3071 568 3115 π’
600 3064 738 3117 ἔτεσι
779 3069 1296 3139 συμπεραιουμένην.
1327 3069 1493 3122 Τοῦτο
1518 3071 1571 3122 δέ
1605 3087 1731 3140 φασι
1765 3070 1861 3140 τὴν
1891 3067 2104 3120 αἰώνιον
2137 3066 2230 3119 καὶ
2266 3066 2551 3136 μέλλουσαν
2587 3064 2727 3133 ζωὴν
2755 3063 2862 3130 τὴν..
2912 3064 3019 3122 τοῖς
3077 3059 3369 3126 θεοφιλέσιν

160 3151 664 3223 ἐπαγγελλομένην
693 3153 1167 3221 ἀπογινώσκοντες.

232 3278 381 3331 ιυτι
462 3271 689 3338 ἐπῆλθε
748 3274 1010 3340 πραΰτης
1059 3275 1155 3327 καὶ
1213 3275 1734 3346 παιδευθησόμεθα.
1763 3282 1804 3338 C

161 3368 264 3431 Τίς
297 3361 597 3434 γινώσκει
638 3360 704 3412 τὸ
748 3361 958 3428 κράτος
985 3361 1092 3428 τῆς
1119 3363 1297 3430 ὀργῆς
1317 3378 1450 3427 σου,
1493 3366 1590 3417 καὶ
1617 3368 1730 3418 ἀπὸ

158 3456 271 3509 τοῦ
307 3455 521 3524 φόϐου
558 3465 671 3503 σου
703 3450 810 3502 τὸν
834 3453 1019 3519 θυμόν
1045 3467 1159 3505 σου
1205 3453 1731 3522 ἐξαριθμήσασθαις

160 3545 280 3612 τὴν
306 3539 533 3604 δεξιάν
562 3555 675 3592 σου
710 3539 859 3592 οὕτω
905 3540 1210 3608 γνώρισον,
1241 3543 1336 3594 καὶ
1365 3545 1506 3608 τοὺς
1539 3558 1733 3596 πεπαι-

159 3631 516 3701 δευμένους
558 3626 633 3694 τῇ
666 3627 874 3695 καρδίᾳ
910 3629 978 3680 ἐν
1028 3632 1229 3697 σοφίᾳ.
1270 3629 1414 3684 Ἀντὶ
1465 3632 1578 3694 τοῦ,
1615 3634 1734 3686 Ὅτι

161 3721 409 3788 ἐπῆλθε
443 3718 708 3784 πραΰτης
732 3717 827 3770 καὶ
850 3717 1372 3787 παιδευθησόμεθα,
1397 3721 1424 3771 6
1447 3719 1516 3772 Σύ
1525 3721 1733 3790 μμαχὸς

163 3827 340 3881 φησιο
387 3805 710 3876 Τμηθέντες
735 3806 842 3874 γὰρ
869 3807 1031 3874 ἄφνω
1057 3809 1546 3878 ἐκπεταννύμεθα.
1582 3812 1734 3879 Ἔχε-

163 3918 256 3953 ται
286 3901 350 3952 δὲ
385 3896 490 3965 τῆς
518 3894 942 3965 προδηλωθείσης
971 3895 1201 3958 διανοίας
1237 3899 1330 3949 καὶ
1365 3899 1393 3949 6
1425 3897 1609 3966 παρὼν
1645 3898 1732 3955 λά-

166 4005 290 4056 γος.
320 3986 411 4039 Τά
443 3983 552 4053 γὰρ
585 3983 676 4052 ἐτη
726 3982 900 4052 ἡμῶν,
949 3984 1101 4052 φησὶ,
1152 3984 1218 4037 τὰ
1261 3986 1358 4054 τῆς
1407 3986 1732 4056 προσκαίρου

169 4078 324 4148 ζωῆς
355 4077 440 4137 είς
470 4080 512 4126 0'
546 4074 638 4125 xui.
666 4079 718 4123 π’
744 4073 969 4144 ἀριθμὸν
1002 4073 1135 4126 ὲτῶν
1165 4074 1452 4128 συντείνει·
1481 4078 1573 4128 καὶ
1599 4076 1730 4146 αῦτη

169 4169 328 4220 ἐστὶν
371 4167 407 4235 ἡ
459 4162 612 4232 ἡμῶν
654 4162 823 4225 ἐλπὶς,
877 4163 990 4232 μεθ’
1021 4164 1086 4232 ἣν
1133 4163 1352 4233 οὐδεμία
1408 4165 1536 4234 ἄλλη
1591 4167 1736 4234 ἡμᾶς

168 4256 486 4321 διαδέξεται
506 4269 520 4282 ⁸
549 4252 840 4321 τμηθέντες
871 4253 969 4324 γὰρ
1003 4254 1152 4320 ἄφνω
1176 4255 1312 4310 κατὰ
1343 4256 1437 4325 τὴν
1467 4256 1733 4324 τελευτὴν,

171 4342 632 4412 ὲκπεταννύμεθα
647 4357 661 4370 ο
691 4342 825 4410 μετά
847 4341 901 4393 δὲ
931 4341 1097 4393 ταῦτα
1123 4343 1174 4393 τί
1196 4360 1323 4395 ποτε
1346 4346 1491 4412 ἡμᾶς
1510 4343 1737 4409 διαδέξε-

171 4450 289 4498 ται,
320 4435 408 4496 τίς
451 4429 592 4495 οἷδε;
639 4433 734 4495 Τίς
769 4431 877 4501 γάρ
921 4431 1245 4501 ἑρμηνεῦσαι
1284 4432 1518 4496 δύναται,
1568 4433 1602 4503 ἢ
1646 4434 1738 4491 καὶ

174 4521 431 4592 ἀκριϐῶς
457 4519 655 4587 γνῶναι
686 4519 779 4571 καὶ
808 4518 1056 4582 ἐξειπεῖν,
1082 4519 1234 4574 ὁποία
1267 4521 1347 4581 τίς
1375 4506 1518 4573 ἐστιν
1545 4523 1578 4590 ὴ
1605 4521 1736 4591 μετά

174 4611 356 4663 ταῦτα
411 4608 541 4669 τοὺς
585 4604 931 4674 ἁμαρτωλοὺς
986 4604 1390 4676 καταληψομένη
1438 4608 1600 4679 ὀργή;
1646 4609 1737 4663 Διό
1766 4605 1809 4660 D

178 4716 319 4768 φησι
335 4717 352 4731 ο
389 4699 486 4762 Τίς
525 4695 797 4764 γινώσκει
823 4693 888 4746 τὸ
912 4692 1124 4760 κράτος
1146 4694 1254 4760 τῆς
1279 4695 1455 4770 ᾀργῆς
1475 4714 1609 4760 σου,
1637 4699 1733 4752 και

176 4788 300 4842 ἀπὸ
335 4788 444 4842 τοῦ
478 4788 663 4854 φόϐου
685 4798 799 4837 σου
828 4784 930 4838 τὸν
949 4787 1135 4853 θυμόν
1164 4803 1312 4848 σου;
1341 4787 1432 4849 Τίς
1457 4788 1512 4840 δὲ
1543 4783 1650 4851 οἷός
1676 4787 1734 4841 τέ

179 4876 336 4930 ἐστιν
366 4873 830 4944 ἐξαριθμήσασθαι
877 4872 972 4942 τὴν
1003 4873 1175 4936 δεξιάν
1220 4889 1348 4936 σου;
1390 4874 1544 4926 Ἀλλά
1578 4875 1640 4927 σύ
1671 4893 1734 4943 γε

178 4968 316 5035 ἡμῖν
341 4967 369 5018 6
402 4964 539 5023 Θεὸς
569 4962 810 5014 ἐντεῦθεν
836 4963 933 5031 ήδη
974 4961 1230 5032 γνώρισον
1277 4962 1372 5031 τὴν
1418 4963 1589 5028 δεξιάν
1622 4983 1732 5029 σου,

183 5054 267 5116 εἰς
298 5054 358 5106 τὸ
403 5049 660 5104 δύνασθαι
693 5051 835 5120 ἡμᾶς
867 5053 1002 5104 νοεῖν
1041 5067 1100 5102 τε
1128 5050 1290 5118 αὐτὴν
1333 5053 1425 5104 καὶ
1451 5053 1549 5116 τὰς
1579 5056 1735 5113 δυνά-

185 5156 312 5209 μεις
348 5140 521 5209 αὐτῆς
541 5139 978 5210 ἀπαριθμείσθαι.
1007 5138 1191 5202 Δεξιάν
1223 5139 1277 5189 δὲ
1325 5139 1460 5192 Θεοῦ
1491 5142 1578 5195 τὸν
1611 5145 1739 5212 Χρι-

187 5230 313 5282 στὸν
358 5229 528 5283 αὑτοῦ
563 5229 814 5292 πολλάκις
859 5229 1094 5292 ἐδίδαξαν
1141 5229 1193 5285 oi,
1238 5228 1367 5297 ἱεροὶ
1393 5229 1559 5297 λόγοι.
1610 5233 1740 5284 Παι-

184 5315 435 5375 δεύονται
463 5317 639 5370 τοίνυν
666 5321 714 5370 οἱ
745 5319 1033 5388 δηλούμενα
1075 5314 1210 5384 μετὰ
1244 5315 1337 5384 τὴν
1363 5316 1743 5390 ἐξομολόγησιν

189 5403 441 5476 εὔχεσθαι
489 5404 874 5477 καταξιωθῆναι
918 5406 1126 5477 πρῶτον
1180 5405 1272 5471 μὲν
1314 5405 1416 5475 τῆς
1469 5408 1564 5460 τοῦ
1609 5410 1740 5464 Θεοῦ

192 5499 524 5567 πραΰτητος,
553 5497 628 5557 ώς
657 5495 722 5549 ἂν
753 5495 1076 5550 παιδευθεῖεν
1104 5490 1166 5541 δι’
1187 5492 1344 5563 αὐτῆς
1371 5508 1386 5522 ⁸
1424 5494 1619 5548 ἔπειτα
1643 5499 1743 5568 τῆς

193 5583 368 5649 δεξιᾶς
386 5586 572 5651 αὐτοῦ,
588 5585 777 5657 δηλαδὴ
801 5587 893 5655 τῆς
910 5583 1154 5653 γνώσεως
1171 5581 1256 5639 τοῦ
1281 5582 1526 5656 Χριστοῦ
1554 5588 1745 5655 αὑτοῦ,

269 5739 314 5769 ⁸⁰
352 5740 452 5800 lsn.
493 5755 612 5798 tu.
647 5738 696 5793 5.

1902 3274 2066 3328 Vens.
2102 3274 2188 3336 Η,
2238 3272 2322 3326 12.
2399 3271 2654 3337 Quoniam
2706 3269 2990 3335 superuenit
3031 3267 3369 3322 mansuetudo

1835 3375 1882 3418 et
1903 3365 2214 3418 erudiemur.
2249 3363 2374 3427 Quis
2403 3361 2541 3414 novit
2569 3367 2872 3427 potestatem
2911 3358 3004 3410 inc
3042 3365 3162 3418 tuas,
3183 3367 3230 3408 et
3259 3372 3368 3423 prce

1839 3457 2017 3508 timore
2043 3465 2128 3507 tuo
2148 3455 2374 3521 furorem
2396 3460 2539 3504 tuum
2565 3449 2924 3503 dinumerare?
2943 3447 3203 3500 dexteram
3226 3453 3367 3497 tuaus

1837 3543 1911 3596 sic
1941 3552 2116 3594 notam
2150 3541 2254 3608 fac,
2285 3548 2332 3592 et
2364 3536 2588 3592 eruditos
2649 3535 2820 3589 corde-
2847 3535 2902 3587 in
2930 3534 3203 3601 sapientia.
3265 3530 3370 3587 Pro

1837 3634 1948 3695 illo,
1983 3633 2238 3702 Quoniam
2266 3628 2554 3696 supervenit
2591 3624 2952 3692 mansuetudo,
2985 3633 3033 3677 et
3053 3623 3365 3687 erudiemur,

1840 3722 2189 3793 Symmachus
2205 3720 2301 3781 ait,
2326 3718 2526 3772 Succisi
2547 3718 2700 3778 enim,
2725 3724 2923 3780 repente
2952 3714 3235 3767 avolamus.
3270 3711 3369 3768 Su-

1837 3812 2022 3881 perius
2051 3815 2357 3864 memorata:
2384 3806 2661 3882 sententia:
2689 3805 2777 3858 hic
2800 3819 2978 3858 sermo
2999 3803 3216 3858 insistit.
3232 3803 3370 3857 Nam

1839 3902 1932 3960 ait,
1961 3901 2087 3954 anni
2119 3898 2286 3953 nostri
2319 3897 2479 3965 hujus
2504 3903 2857 3964 temporaneze
2890 3893 3011 3950 vita:
3055 3894 3109 3946 in
3157 3899 3371 3961 septua-

1837 3992 1982 4059 ginta
2023 3990 2106 4044 vel
2137 3988 2405 4056 octoginta
2437 3999 2700 4037 annorum
2749 3997 3032 4037 numerum
3067 3981 3372 4052 producun-

1838 4087 1963 4133 tur:
1998 4087 2050 4132 et
2079 4078 2191 4132 haec
2223 4084 2405 4130 nostra
2453 4088 2574 4142 spes
2600 4081 2701 4137 est,
2729 4080 2852 4140 post
2895 4086 3055 4140 quam
3090 4071 3236 4123 nulla
3267 4072 3370 4123 alia

1838 4185 1938 4224 nos
1963 4169 2206 4236 excipiet.
2254 4165 2461 4220 Succisi
2490 4165 2630 4218 enim
2665 4168 2882 4232 repente
2909 4161 2962 4213 in
2991 4169 3228 4229 tempore
3255 4159 3372 4212 obi-

1842 4268 1946 4320 tus,
1979 4259 2250 4312 avolamus
2279 4276 2290 4310 :
2323 4267 2502 4324 postea
2533 4268 2660 4307 vero
2705 4252 2832 4321 quid
2884 4267 2988 4304 nos
3025 4257 3371 4319 excepturum

1840 4345 1910 4399 sit
1941 4344 2063 4412 quis
2087 4343 2268 4397 novit?
2297 4343 2429 4406 Quis
2465 4341 2605 4394 enim
2629 4339 2897 4407 explicare
2926 4344 3116 4406 potest,
3139 4345 3231 4388 aut
3251 4339 3372 4405 quis

1841 4441 2086 4488 accurate
2122 4448 2282 4488 nosse
2320 4437 2494 4500 potest
2539 4444 2602 4482 ac
2642 4429 2840 4492 dicere,
2875 4442 2994 4496 quae
3023 4428 3094 4482 sit
3127 4428 3204 4480 ira
3245 4427 3368 4491 illa,

1841 4539 1957 4593 quae
1983 4530 2102 4592 post
2131 4523 2270 4575 hanc
2295 4522 2458 4575 vitam
2488 4526 2803 4585 peccatores
2825 4517 3078 4570 invasura
3099 4516 3221 4570 est?
3250 4513 3373 4569 Ideo

1834 4614 1928 4674 ait,
1959 4615 2089 4678 Quis
2115 4613 2252 4664 novit
2281 4616 2578 4676 potestatem
2614 4608 2708 4660 ira:
2744 4617 2882 4671 tuae,
2941 4615 2990 4658 et
3035 4621 3144 4666 prae
3191 4606 3372 4658 timore

1839 4712 1925 4756 tuo
1957 4704 2092 4761 iram
2117 4711 2258 4753 tuam
2280 4703 2304 4754 ?
2324 4699 2465 4764 Quis
2501 4699 2850 4752 dinumerare.
2879 4703 3056 4764 potest
3097 4696 3371 4749 dexteram

1839 4791 2018 4843 tuam?
2056 4789 2157 4843 Sed
2189 4796 2244 4841 tu
2279 4787 2416 4841 Deus
2467 4786 2558 4838 hic
2605 4786 2768 4840 nobis
2806 4785 3079 4842 dexteram
3109 4793 3253 4838 tuam
3284 4798 3376 4837 uo-

1838 4885 1946 4929 tam
1976 4876 2080 4937 fac,
2114 4883 2173 4928 ut
2198 4875 2477 4944 possimus,
2495 4874 2640 4926 illam
2691 4873 3017 4941 intelligere,
3067 4880 3122 4924 et
3149 4873 3374 4926 virtutes

1839 4969 1956 5036 ejus
1989 4967 2360 5022 dinumerare.
2395 4962 2677 5016 Dexteram
2723 4976 2884 5030 porro
2928 4960 3059 5023 Dei,
3099 4960 3372 5014 Christum

1839 5057 1955 5123 ejus
1987 5054 2455 5123 esse,plerumque
2481 5051 2782 5104 docuerunt
2823 5062 2992 5102 sacrae
3032 5048 3241 5104 litterae.
3293 5048 3374 5102 liii

1841 5146 2021 5213 itaque
2056 5143 2168 5212 jam
2211 5141 2490 5196 memorati
2531 5140 2907 5210 instituuntur,
2935 5143 2992 5189 ut
3019 5144 3140 5204 post
3172 5136 3379 5192 confes-

1843 5239 2046 5293 sionem
2074 5230 2305 5287 conferri
2351 5229 2453 5282 sibi
2491 5237 2816 5297 precentur,
2858 5225 3032 5294 primo
3076 5223 3173 5278 Dei
3226 5242 3377 5285 man-

1843 5323 2195 5383 suetudinem,
2217 5327 2275 5372 ut
2303 5317 2474 5371 abilla
2497 5316 2812 5370 erudiantur
2827 5355 2850 5379 ι
2872 5312 3063 5364 deinde
3101 5311 3386 5370 dexteram.

1841 5415 1978 5484 ejus,
2010 5411 2214 5468 scilicet
2240 5409 2594 5478 cognitionem
2623 5404 2829 5462 Christi
2860 5401 3050 5470 ipsius,
3073 5409 3132 5455 et
3165 5403 3385 5456 mirabi-

1841 5505 1970 5558 lium
2004 5502 2121 5570 ejus
2169 5499 2461 5561 virtutum,
2519 5507 2575 5551 ut
2630 5498 2826 5550 horum
2885 5491 3073 5546 notitia
3135 5491 3392 5548 meliores

1842 5593 2088 5656 evadant,
2117 5597 2170 5645 et
2196 5599 2252 5645 ut
2291 5597 2466 5646 mente
2506 5587 2736 5652 eruditi,
2801 5581 2902 5636 Dei
2933 5579 3222 5652 sapientia
3266 5593 3396 5637 con-
