3848 6408
173 453 317 509 λιιι

1335 457 1827 520 COMMENTARIA
1860 455 1924 510 IN
1963 456 2298 514 PSALMOS.

3270 459 3414 515 “62

173 572 517 642 προσευχῆς
549 576 875 642 ὲθέσπιζεν·
910 581 938 631 6
977 579 1032 631 δὲ
1064 579 1250 650 παρὼν
1280 580 1404 642 τοὺς
1436 580 1647 648 ἀγῶνας
1679 581 1751 631 κα⁴

1870 576 2039 630 daicae
2081 576 2256 646 gentis
2301 572 2654 642 abjectiouem
2707 570 3130 634 vaticinabatur;
3161 569 3246 627 hic
3281 590 3412 630 vero

172 659 247 710 τὰ
280 666 648 735 πειρατήρια
679 667 774 719 τοῦ
803 667 938 720 κατά
969 668 1164 738 Κύριον
1201 669 1562 737 τελειουμένου
1598 668 1776 736 mou-5-

173 763 293 817 χει·
336 750 489 804 ἀλλά
526 755 634 807 καὶ
671 758 836 809 αὑτοῦ
868 756 961 808 τοῦ
992 758 1240 826 Σωτῆρος
1290 757 1443 827 ἡμῶν
1487 759 1574 810 τὸν
1611 759 1667 810 ὲν
1706 760 1771 827 τῇ

174 837 383 908 ἐρήμῳ
430 847 766 915 πειρασμὸν
794 847 1150 916 προφητεύει,
1179 848 1264 899 ὅτε
1295 848 1496 917 ἀνήχθη
1529 849 1631 901 ὑπὸ
1679 847 1772 900 τοῦ

172 925 520 996 Πνεύματος
554 934 644 996 εἰς
677 935 778 1006 τὴν
803 936 998 1009 ἔρημον
1031 937 1382 1007 πειρασθῆναι
1408 939 1510 989 ὑπὸ
1537 937 1626 990 τοῦ
1657 938 1771 990 δια-

173 1013 365 1079 δόλου,
397 1019 504 1071 καὶ
532 1021 644 1091 τὴν
676 1025 770 1076 ἐπὶ
800 1027 928 1077 πᾶσι
955 1026 1106 1095 νίκην
1133 1027 1310 1078 αὐτοῦ.
1338 1027 1400 1078 Τί
1419 1028 1479 1096 δὴ
1506 1024 1596 1080 οῦν
1613 1045 1771 1097 φησιν

169 1101 202 1152 6
240 1110 612 1176 προφητικὸς
646 1112 836 1181 λόγος;
875 1117 931 1166 '0
957 1115 1052 1183 μὲν
1083 1116 1339 1186 πρότερος
1367 1117 1490 1178 λαὸς
1512 1119 1540 1169 6
1563 1116 1650 1169 διὰ
1677 1117 1771 1185 τῆς

175 1197 637 1267 προηγουμένης
676 1203 946 1264 Μωύσέως
979 1205 1278 1274 προσευχῆς
1304 1205 1772 1274 ἀποκλαυσὰμενος

171 1280 450 1349 ὁμολογεῖ
477 1287 747 1353 φάσκων,
768 1292 882 1342 Ὅτι
909 1277 1254 1359 ἑξελίπομεν
1278 1293 1346 1344 ἐν
1365 1292 1436 1358 τῇ
1462 1291 1602 1361 ὀργῇ
1633 1309 1766 1356 σου,

173 1370 272 1422 καὶ
304 1371 382 1424 τά
413 1373 618 1440 λοιπὰ,
657 1379 758 1430 ὅσα
783 1380 1028 1450 ἐδηλοῦτο
1060 1380 1144 1432 διὰ
1173 1379 1276 1432 τῶν
1301 1381 1706 1452 ἐμφερομένων·
1741 1384 1769 1434 6

171 1457 232 1510 δὲ
270 1459 503 1528 μέλλων
537 1467 909 1536 συστήσεσθαι
941 1469 1055 1537 μετ’
1084 1470 1282 1520 ἐκεῖνον
1312 1467 1386 1535 τῷ
1415 1468 1532 1538 Θεῴ
1559 1469 1644 1522 διὰ
1675 1469 1766 1522 τοῦ

174 1547 432 1616 Χριστοῦ
463 1549 626 1616 λαὸς,
668 1555 760 1606 ἐπὶ
801 1557 864 1624 τῇ
905 1553 1120 1624 βοηθείᾳ
1148 1555 1240 1608 τοῦ
1293 1555 1542 1624 Ὑψίστου
1587 1572 1768 1608 πεποι-

173 1633 313 1699 θὼς,
345 1639 449 1690 καὶ
481 1641 577 1692 ἀεὶ
623 1643 688 1694 ὲν
717 1643 850 1711 αὐτῇ
881 1643 1166 1706 κατοικῶν,
1198 1644 1466 1714 ἀτάραχος
1501 1645 1593 1698 καὶ
1631 1646 1764 1698 ἀσά-

174 1722 375 1787 λευτος
405 1727 670 1797 διαμένει
693 1747 706 1759 ·
750 1731 826 1794 ὡς
859 1730 952 1794 ἂν,
987 1733 1088 1785 ὑπὸ
1114 1732 1209 1803 τὴν
1248 1735 1451 1805 σκέπην
1501 1735 1590 1786 τοῦ
1633 1736 1764 1789 Θεοῦ

178 1812 575 1883 αὐλιζόμενος,
610 1818 804 1870 οὐδένα
832 1836 890 1871 τε
931 1819 1038 1872 τῶν
1079 1820 1393 1890 πειρασμῶν
1439 1823 1765 1894 ἐπιστραφή-

1873 667 2166 719 certamina
2198 674 2251 720 et
2284 664 2608 719 tentationes
2631 662 2750 732 ejus
2779 663 2870 732 qui
2901 661 3198 718 secundum
3228 663 3408 718 Domi-

1872 771 1997 808 mun
2032 763 2456 816 consummatur,
2485 752 2893 821 complectitur;
2935 751 3044 804 imo
3084 753 3243 804 etiam
3289 750 3407 803 Sal-

1870 844 2071 898 vatoris
2108 844 2279 898 nostri
2334 843 2387 895 in
2435 843 2648 896 deserto
2677 841 3026 895 tentationam
3060 841 3401 907 praenuntiat,

1870 935 2086 1004 quando
2127 942 2438 1000 assumptus
2492 937 2576 984 cst
2604 945 2633 982 a
2676 930 2878 999 Spiritu
2927 930 2980 981 in
3022 927 3311 989 desertum,
3347 937 3403 980 ut

1869 1029 2168 1077 tentaretur
2197 1035 2226 1073 a
2261 1019 2494 1082 diabolo,
2533 1018 2877 1088 praedicitque
2909 1016 3025 1085 ejus
3055 1017 3107 1070 in
3149 1016 3401 1070 omnibus

1869 1111 2174 1166 victoriam.
2237 1109 2375 1174 Quid
2437 1110 2618 1177 itaque
2671 1107 2745 1159 ait
2795 1107 3142 1176 propheticus
3189 1104 3401 1159 sermo?

1869 1200 2020 1254 Prior
2067 1199 2282 1268 quidem
2322 1198 2572 1266 populus,
2620 1196 2711 1265 qui
2747 1198 2798 1248 in
2846 1195 3164 1264 praecedenti
3199 1193 3400 1264 Moysis

1868 1290 2111 1342 oratione
2151 1288 2412 1357 plorabat,
2465 1286 2577 1340 haec
2619 1285 2993 1348 conﬁtebatur,
3029 1284 3166 1349 Quia
3207 1282 3398 1350 defecti-

1869 1395 1981 1431 mus
2008 1379 2059 1430 in
2087 1379 2168 1430 ira
2197 1389 2308 1440 tua,
2335 1385 2386 1430 et
2417 1384 2629 1438 caztera,
2663 1391 2782 1445 qua:
2806 1375 3002 1428 ibidem
3027 1374 3394 1437 declarantur;

1866 1469 2093 1538 populus
2133 1482 2261 1520 vero
2306 1468 2396 1534 qui
2436 1473 2555 1535 post
2582 1466 2728 1518 illum
2769 1479 2796 1517 a
2836 1464 2943 1518 Deo
2989 1480 3083 1533 per
3125 1464 3399 1518 Christum

1865 1556 2278 1611 constituendus
2331 1562 2465 1617 erat,
2512 1553 2782 1622 adjutorio
2825 1553 3084 1607 Altissimi
3137 1552 3398 1619 conlisus,

1869 1648 1923 1700 in
1953 1648 2177 1716 ipsoque
2203 1660 2414 1714 semper
2441 1645 2713 1706 habitans,
2747 1643 3149 1713 perturbatione
3176 1651 3228 1696 et
3249 1658 3399 1698 com-

1867 1739 2101 1791 motione
2133 1752 2334 1789 vacuus
2377 1744 2552 1788 manet
2572 1754 2592 1801 ;›
2627 1745 2805 1803 utpote
2827 1734 2918 1804 qui
2963 1733 3062 1788 sub
3093 1741 3398 1802 legumento

1865 1826 1954 1881 Dei
1984 1828 2138 1880 sedes
2171 1827 2380 1889 habeat,
2437 1825 2900 1890 tentationumque
2948 1823 3145 1874 nullam
3179 1835 3396 1874 aversa-

179 1915 359 1965 σεται,
393 1901 516 1954 ἀλλ’
539 1905 632 1972 ἐφ’
658 1907 870 1976 ἑκάστῳ
899 1911 1012 1979 ὲρεῐ
1029 1908 1105 1978 τῷ
1131 1910 1314 1979 Κυρίῳ
1331 1926 1344 1940 ⁸
1379 1911 1751 1979 Ἀντιλιήπτωρ

1861 1917 2040 1979 bitur,
2090 1916 2182 1970 sed
2232 1915 2288 1967 in
2349 1914 2570 1982 singulis
2620 1912 2759 1966 dicet
2818 1911 3086 1964 Domino:
3123 1910 3398 1978 Susceptor

173 2004 296 2054 μου
330 1989 391 2041 εἴ
448 1990 555 2043 καί
590 1997 906 2063 καταφυγή
946 2013 1081 2063 μου,
1129 1999 1161 2048 ό
1211 1998 1349 2062 Θεός
1375 2015 1525 2066 μου,
1574 1999 1758 2052 ἐλπιῶ

179 2077 273 2129 ἐπ’
305 2081 522 2134 αὐτόν.
572 2082 728 2135 Ἀντὶ
765 2070 819 2136 δὲ
856 2084 968 2146 τοῦ,
1002 2086 1055 2136 '0
1108 2087 1389 2139 κατοικῶν
1419 2088 1489 2140 ἐν
1512 2089 1758 2154 βοηθείᾳ

182 2169 292 2222 τοῦ
337 2170 659 2238 Ὑψίστου,
685 2174 716 2224 6
762 2174 858 2243 μὲν
891 2175 1200 2245 Σύμμαχος,
1238 2177 1294 2229 Ὁ
1329 2178 1610 2230 κατοικῶν
1642 2179 1756 2231 ὑπὸ

180 2257 426 2326 σκέπην
459 2260 575 2313 τοῦ
605 2261 890 2329 Ὑψίστου
911 2281 924 2294 ⁸
957 2265 986 2316 6
1012 2265 1067 2318 δὲ
1096 2265 1339 2328 Ἀκύλας,
1363 2267 1454 2319 καὶ
1477 2268 1508 2335 ή
1541 2267 1756 2337 πέμπτη

184 2347 428 2412 ἔκδυσις,
471 2349 528 2402 Ὁ
575 2351 918 2420 καθήμενος
967 2354 1036 2406 ἐν
1085 2355 1401 2423 ἀποκρύφῳ
1460 2357 1754 2423 Ὑψίστου,

183 2440 558 2495 έκδεδὼκασι·
600 2445 958 2514 σημαίνοντος
1006 2445 1096 2498 τοῦ
1143 2447 1296 2514 λόγου
1342 2447 1434 2499 τοῦ
1465 2448 1602 2500 κατὰ
1627 2449 1755 2502 Θεὸν

188 2533 246 2584 ὲν
265 2533 492 2604 Χριστῷ
517 2534 928 2610 ἀγωνιζομένου
951 2537 1010 2588 τὸ
1030 2537 1234 2607 ἑδραῖον
1259 2539 1350 2590 καὶ
1371 2540 1633 2608 ἁπτόητον
1658 2540 1757 2610 τῆς

187 2621 465 2688 διανοίας,
507 2624 607 2676 καὶ
643 2625 724 2686 ὡς
777 2625 834 2677 ὲν
886 2625 1180 2696 ἀποκρύφῳ
1229 2628 1327 2696 τῆς
1373 2627 1530 2679 αὺτοῦ
1579 2626 1755 2697 ψυχῆς

191 2708 397 2773 ένοικος
458 2711 824 2779 ὲγκαθέζεται
853 2715 944 2766 καὶ⁸
991 2713 1177 2785 βοηθὸς
1219 2716 1374 2778 αὐτὸς
1415 2719 1443 2769 6
1476 2718 1748 2786 ’Υψιστος.

191 2799 359 2853 Πάλιν
385 2802 444 2854 δὲ
477 2803 604 2856 ἀντὶ⁹
636 2802 758 2868 τοῦ,
801 2803 900 2856 Ἐν
926 2805 1118 2872 σκέπῃ
1151 2806 1254 2858 τοῦ
1285 2807 1428 2860 Θεοῦ
1460 2807 1562 2860 τοῦ
1583 2810 1754 2874 οὐρα-

193 2890 814 2957 νοῦααὺλισθήσεται,
867 2894 895 2945 6
949 2895 1043 2962 μὲν
1086 2895 1332 2958 Ἇκύλας,
1407 2897 1502 2949 Ἑν
1561 2897 1751 2965 σκέπῃ

195 2979 404 3033 ἱκανοῦ
425 2979 868 3046 αὐλισθ-ήσεται
887 3000 900 3011 ·
931 2984 958 3034 6
990 2984 1045 3035 δὲ
1076 2983 1381 3054 Σύμμαχος,
1419 2985 1550 3038 Ὑπὸ
1575 2986 1752 3038 σκιὰν

196 3067 299 3122 τοῦ
343 3071 560 3124 ἱκανοῦ
601 3072 998 3136 νυκτερεύων,
1031 3075 1326 3142 εἰρήκασιν.
1387 3074 1541 3128 Ἀλλά
1584 3076 1752 3128 ταῦτα

201 3159 295 3227 μὲν
327 3161 407 3224 ὡς
431 3163 491 3213 ὲν
525 3162 834 3231 προοιμίοις
863 3163 923 3213 τὸ
944 3147 1248 3228 ΞιγιονἸινεῦ
1257 3181 1330 3233 μα
1353 3164 1624 3235 διελάλησε
1642 3183 1656 3196 ·
1682 3165 1752 3220 τά

197 3237 238 3303 δ’
265 3251 390 3320 ἑξῆς
437 3249 592 3320 αύτῷ
645 3255 980 3320 προσφωνεῖ,
1007 3253 1215 3305 καὶτὸν
1260 3255 1430 3308 πάντα
1473 3255 1625 3324 λόγον
1672 3259 1750 3320 είς

196 3340 358 3392 αὑτοῦ
395 3341 698 3410 πρόσωπον
733 3341 1088 3406 ἀποτείνεται,
1125 3343 1240 3412 ἤτοι
1283 3343 1376 3396 τοῦ
1419 3344 1493 3414 τῷ
1535 3347 1750 3416 Χριστῷ

199 3430 606 3500 ἀγωνιζομένου
665 3429 756 3481 καὶ
810 3429 1158 3500 νικῶντος,ἥ
1210 3431 1300 3482 καὶ
1347 3431 1438 3482 τοῦ
1479 3432 1612 3484 κατά
1660 3432 1749 3484 τὸν

200 3510 422 3592 Σωτῆρα
450 3519 746 3590 νοουμένου
795 3519 1112 3590 ἀνθρώπου,
1138 3513 1181 3588 ᾧ
1213 3522 1364 3592 δίκην
1402 3523 1627 3592 ὀργάνου
1662 3522 1749 3574 κέ-

199 3626 362 3680 χρητο
393 3613 422 3664 ὁ
459 3609 648 3681 προὼν
685 3609 778 3661 τοῦ
815 3609 946 3662 Θεοῦ
977 3611 1142 3678 Λόγος
1162 3628 1176 3641 ο
1220 3613 1312 3664 καὶ
1356 3613 1461 3683 γὰρ
1494 3629 1661 3674 ουτος,
1692 3613 1749 3663 ὲν

201 3697 418 3770 βοηθείᾳ
472 3698 746 3752 κατοικῶν
795 3697 886 3751 τοῦ
921 3699 1190 3768 Ὑψίστου,
1239 3702 1341 3755 ὑπὸ
1393 3702 1488 3771 τὴν
1545 3700 1749 3771 σκέπην

198 3785 442 3854 ηὐλίζετο
471 3788 566 3840 τοῦ
613 3787 938 3850 ἐνοικοῦντος
991 3788 1136 3858 αὐτῷ
1188 3789 1319 3842 Θεοῦ
1364 3789 1569 3857 Λόγου,
1627 3791 1746 3841 ἐπι-

202 3877 512 3942 σκιάζοντος
546 3876 699 3946 αύτῷ
729 3880 794 3948 τῇ
826 3875 985 3930 αύτοῦ
1019 3877 1248 3947 θεότητι,
1306 3875 1416 3948 εἶχέ
1445 3896 1501 3930 τε
1537 3878 1750 3948 ἀντιλή-

201 3973 372 4035 πτορα
414 3967 511 4018 καὶ
562 3966 881 4036 καταφυγὴν
905 3967 997 4020 καὶ
1042 3967 1256 4030 ἐλπίδας
1284 3969 1445 4022 αὐτοῦ
1491 3970 1586 4039 τὴν
1616 3969 1746 4038 πλη-

205 4049 395 4118 ροῦσαν
447 4054 614 4106 αὑτὸν
653 4053 743 4105 τοῦ
799 4048 942 4106 Θεοῦ
961 4055 1130 4123 Λόγου
1175 4056 1416 4126 δύναμιν.
1448 4058 1652 4128 Ὠσπερ
1690 4058 1746 4110 δὲ

203 4139 356 4208 σῶμα
397 4142 640 4213 Χριστοῦ
673 4143 733 4194 τὸ
765 4142 1094 4214 ἀνθρώπειον
1138 4145 1298 4204 αὑτοῦ
1328 4147 1552 4218 ὄργανον
1583 4149 1746 4217 ἐχρη-

204 4231 444 4298 μάτισεν,
464 4234 609 4286 οῦτω
631 4233 724 4285 καὶ
749 4234 776 4285 6
805 4233 931 4296 λαὸς
948 4235 1108 4288 αὑτοῦ
1138 4238 1368 4307 Χριστοῦ
1402 4237 1553 4307 σῶμα
1583 4253 1748 4307 προσ-

202 4321 486 4390 ηγόρευται
521 4323 629 4374 ὑπὸ
649 4322 740 4375 τοῦ
777 4322 916 4392 ιεροῦ
935 4323 1245 4377 Ἀποστόλου
1269 4326 1534 4394 λέγοντος·
1568 4327 1750 4396 Ὑμεῖς

203 4403 267 4458 δέ
285 4408 424 4462 ἐστε
456 4411 629 4479 σῶμα
657 4409 927 4477 Χριστοῦ,
962 4411 1058 4464 καὶ
1084 4412 1236 4480 μέλη
1262 4413 1329 4466 ἐκ
1348 4413 1586 4481 μέρους.

1862 2023 2000 2060 meus
2039 2023 2090 2060 es
2117 2015 2170 2058 tu
2199 2016 2246 2058 et
2282 2005 2534 2072 refugium
2589 2017 2774 2064 meum,
2808 2000 2942 2052 Deus
2982 2016 3144 2061 meus,
3179 1999 3394 2066 sperabo

1859 2095 1911 2147 in
1963 2111 2096 2148 eum.
2134 2093 2238 2146 Pro
2273 2093 2363 2145 illo
2403 2098 2599 2154 autem,
2647 2089 2748 2153 Qui
2796 2087 2994 2140 habitat
3033 2088 3084 2138 in
3127 2085 3392 2153 adjutorio

1856 2184 2134 2248 Altissimi,
2175 2183 2547 2252 Symmachus,
2601 2179 2703 2244 Qui
2736 2179 2937 2230 habitat
2979 2177 3072 2230 sub
3103 2185 3390 2245 tegumenta

1856 2271 2150 2333 Altissimi;
2195 2271 2383 2339 Aquila
2433 2285 2556 2323 vero
2599 2277 2650 2322 et
2685 2269 2870 2336 quinta
2896 2267 3080 2327 editio,
3117 2266 3218 2330 Qui
3249 2267 3386 2318 sedet

1855 2363 1906 2413 in
1939 2359 2234 2413 abscondito
2272 2359 2550 2420 Altissimi,
2585 2359 2887 2414 ediderunt.
2910 2356 3026 2421 Quo
3061 2355 3390 2424 signiﬁcatur

1854 2448 1989 2517 ejus,
2041 2450 2130 2518 qui
2177 2447 2473 2504 secundum
2525 2446 2690 2501 Deum
2740 2448 2791 2500 iu
2833 2445 3049 2500 Christo
3089 2452 3385 2509 concertat,

1855 2538 2078 2592 ﬁrmitas
2130 2545 2183 2592 et
2225 2537 2620 2606 imperterritus
2668 2535 2899 2598 animus,
2948 2542 3008 2588 et
3031 2535 3298 2604 quomodo
3332 2534 3387 2588 in

1854 2641 2065 2680 recessu
2100 2627 2287 2680 anima:
2313 2626 2428 2695 ejus
2463 2625 2666 2679 habitet
2696 2624 2986 2692 sedeatque
3030 2622 3244 2689 adjutor
3267 2623 3386 2690 ejus

1851 2715 2183 2772 Altissimus.
2217 2715 2579 2783 Rursumque,
2609 2729 2705 2783 pro
2731 2713 2841 2775 illo,
2871 2711 2937 2764 fu
2986 2721 3268 2781 legumento
3290 2711 3388 2766 Dei

1851 2806 1967 2858 ιτωῆ
1987 2805 2410 2873 commorabitur,
2433 2803 2646 2873 Aquila,
2673 2801 2735 2854 In
2769 2811 3050 2870 tegumenta
3073 2802 3224 2870 fortis
3247 2817 3389 2854 cont.

1852 2870 2174 2955 morabitur;
2228 2870 2582 2962 Symmachus
2633 2899 2831 2953 autem,
2883 2889 2992 2941 Sub
3021 2889 3202 2942 umbra
3231 2890 3384 2959 fortis

1847 2991 2173 3048 pertractans,
2201 2981 2534 3048 interpretati
2560 2986 2704 3032 sunt.
2733 2977 2836 3030 Sed
2860 2977 2972 3031 haec
2995 2978 3207 3047 quidem
3231 2979 3384 3048 quasi

1851 3074 1902 3126 in
1938 3073 2212 3141 prooemiis
2245 3061 2478 3140 Spiritus
2514 3080 2732 3124 sanctus
2766 3069 2975 3121 locutus
3002 3079 3080 3122 est
3111 3089 3122 3122 :
3153 3086 3270 3138 qua:
3298 3086 3384 3123 sc-

1852 3145 2090 3230 quuutur
2117 3171 2292 3214 autem
2333 3160 2398 3213 ad
2449 3175 2569 3213 eum
2611 3159 2813 3226 dirigit,
2856 3167 3132 3228 totumque
3177 3177 3382 3215 SCI‘IIO-

1848 3267 1967 3304 nem
1991 3251 2054 3303 ad
2085 3250 2202 3319 ejus
2241 3263 2523 3319 personam
2556 3248 2738 3310 refert,
2769 3249 2861 3315 qui
2888 3263 2984 3317 pro
3007 3249 3223 3302 Christo
3251 3264 3380 3303 con-

1847 3347 2017 3394 certat
2044 3353 2106 3392 ac
2143 3346 2396 3408 superat;
2448 3338 2561 3391 sive
2597 3338 2752 3390 etiam
2797 3322 2860 3390 ad
2893 3323 3161 3390 hominem
3193 3340 3283 3407 qui
3324 3339 3378 3393 in

1849 3428 2126 3482 Salvatore
2177 3443 2296 3482 esse
2342 3426 2678 3496 intelligitur,
2736 3441 2844 3496 quo
2886 3442 2983 3480 ceu
3025 3427 3380 3483 instrumento

1847 3534 2001 3573 usum
2041 3525 2123 3571 est
2147 3516 2235 3570 Dei
2268 3515 2498 3570 Verbum
2532 3519 2673 3585 quod
2722 3518 3138 3588 praaexsistcbat.
3171 3517 3379 3572 Etenim

1847 3607 1934 3660 ille
1963 3606 2015 3659 in
2045 3605 2314 3674 adjutorio
2346 3605 2609 3660 Altissimi
2633 3606 2904 3670 habitans,
2949 3608 3047 3661 sub
3076 3615 3381 3676 legumento

1847 3695 2198 3750 inhabitantis
2249 3695 2300 3747 in
2348 3711 2405 3748 se
2447 3694 2536 3748 Dei
2578 3694 2737 3748 Verbi
2787 3695 3237 3761 commorabatur,
3288 3697 3381 3766 qui

1846 3785 2041 3839 deitate
2073 3799 2168 3836 sua
2209 3785 2380 3852 ipsum
2425 3785 2789 3851 inumbrabat;
2821 3795 2977 3854 atque
3006 3787 3050 3840 is
3082 3787 3133 3839 in
3181 3802 3368 3842 susce-

1847 3885 2072 3945 ptorem,
2094 3873 2366 3944 refugium
2396 3881 2453 3927 et—
2471 3888 2617 3943 spem
2649 3877 2884 3930 habebat.
2908 3879 3077 3946 ipsam
3106 3876 3196 3931 Dei
3218 3877 3379 3934 Verbi

1845 3967 2115 4028 virtutem,
2171 3980 2285 4034 qua
2336 3965 2658 4033 replebatur.
2705 3965 3159 4034 Quemadmodum
3203 3977 3381 4023 autem

1845 4053 2042 4108 Christi
2075 4067 2273 4122 corpus
2305 4055 2596 4107 humanum
2627 4053 2770 4108 illius
2797 4055 3207 4108 instrumentum
3233 4065 3377 4123 erat;

1846 4143 1923 4196 sic
1947 4151 2000 4197 et
2028 4143 2256 4212 papulus
2287 4143 2426 4210 ejus,
2454 4142 2654 4196 Christi
2699 4157 2899 4212 corpus
2946 4158 2975 4195 a
3019 4152 3206 4197 sancto
3233 4144 3378 4213 Apo-

1845 4233 1982 4285 stolo
2031 4240 2252 4286 vocatur
2299 4233 2382 4286 his
2416 4232 2631 4285 verbis:
2673 4230 2773 4284 Vos.
2809 4242 2978 4286 autem
3027 4234 3148 4284 estis
3195 4249 3378 4300 corpus

1846 4321 2062 4386 Christi,
2095 4331 2143 4375 et
2173 4320 2408 4375 membra.
2430 4335 2493 4374 ea:
2517 4328 2663 4388 parte
2686 4319 2749 4372 ”.

271 4521 509 4585 Εἰκότως
548 4523 831 4592 τοιγαροῦν
857 4522 927 4574 τὰ
957 4525 1013 4574 ἐν
1048 4527 1157 4586 τοῖς
1195 4526 1563 4594 προκειμένοις
1591 4525 1744 4593 λεγό-

1915 4523 2104 4578 Merito
2135 4524 2298 4593 igitur
2327 4535 2446 4590 quas
2496 4521 2582 4575 hie
2609 4522 2767 4591 quasi
2814 4521 2881 4577 de
2913 4536 3138 4591 corpore
3175 4519 3377 4576 Christi

210 4623 340 4686 μενα
369 4611 443 4674 ὼς
478 4613 608 4682 περὶ
652 4612 742 4663 τοῦ
798 4611 1040 4682 σώματος
1071 4615 1300 4684 Χριστοῦ
1341 4617 1638 4686 ἀναφέροιτ’
1679 4617 1744 4669 ἀν

209 4696 296 4746 κα)⁵
326 4699 404 4761 είς
435 4701 497 4752 τὸ
545 4699 875 4771 ἀνθρώπειον
911 4702 1003 4753 τοῦ
1045 4703 1288 4773 Σωτῆρος
1330 4705 1501 4774 ἡμῶν,
1530 4707 1620 4758 καὶ
1667 4710 1744 4771 είς

209 4783 294 4835 τὸν
337 4788 393 4838 ὲν
448 4789 598 4858 αύτῷ
638 4788 1022 4858 τελειούμενον.
1062 4786 1160 4844 Ὧν
1189 4791 1357 4856 οὕτως
1411 4797 1741 4865 εἰρημένων,

211 4870 328 4942 ἑξῆς
357 4879 385 4928 ό
410 4877 566 4945 λόγος
591 4878 914 4949 διεξέρχεται
939 4881 1036 4933 ὅσα
1068 4882 1215 4952 παρά
1245 4883 1334 4935 τοῦ
1363 4884 1493 4936 Θεοῦ
1519 4887 1746 4958 ὑπάρξει

213 4965 286 5035 τῷ
333 4972 670 5025 κατοικοῦντι
702 4976 756 5026 ὲν
802 4973 1015 5044 βοηθείᾳ
1055 4960 1433 5044 τοῦὙψίστου
1462 4980 1551 5030 καὶ¹
1601 4981 1747 5034 astu

215 5051 415 5126 ζομένῳ
448 5061 554 5114 ὑπὸ
600 5062 696 5132 τὴν
739 5063 941 5133 σκέπην
987 5063 1076 5115 τοῦ
1110 5064 1262 5127 Θεοῦ,
1316 5064 1520 5132 λέγοντί
1575 5087 1632 5121 τε
1670 5071 1744 5140 τῷ

218 5145 424 5218 Κθρέψ’
469 5153 850 5219 Ἀντιλήπτωρ
892 5173 1007 5223 μου
1036 5152 1095 5208 εἴ
1132 5154 1230 5208 καὶ
1266 5159 1568 5225 καταφυγή
1605 5179 1744 5227 μουἰ

218 5235 250 5285 ὁ
277 5239 414 5303 Θεός
431 5259 572 5308 μου,
595 5245 690 5296 καὶ
720 5243 898 5296 ἐλπιῶ
925 5245 1017 5302 ἐπ’
1044 5245 1243 5306 αὐτόν.
1275 5245 1404 5297 Τίνα
1437 5247 1494 5298 δέ
1528 5250 1638 5300 ἐστι
1677 5249 1744 5303 τὰ

222 5324 342 5392 περὶ
366 5327 523 5383 αὐτὸν
560 5331 905 5401 γενησόμενα,
937 5333 1212 5400 καταλέγει
1254 5331 1340 5383 διὰ
1389 5333 1494 5386 τῶν
1545 5337 1742 5406 ἑπομέ-

222 5425 320 5463 νων
338 5430 350 5444 ·
371 5417 492 5470 Ὅτι
517 5420 694 5487 αὐτὸς
709 5424 956 5490 ῥύσεταί
973 5443 1047 5492 με
1065 5426 1130 5477 ἐκ
1151 5422 1397 5490 παγίδος
1425 5428 1739 5494 θηρευτῶν,

225 5495 333 5550 ἀπὸ
383 5507 562 5572 λόγου
607 5509 993 5578 ταραχώδους.
1051 5514 1143 5564 Ἑν
1189 5511 1307 5575 τοῖς
1353 5515 1742 5583 μεταφρένοις

227 5590 398 5648 αὐτοῦ
445 5595 771 5656 ἐπισκιάσει
809 5618 934 5664 ccc,
987 5603 1079 5656 καί
1129 5600 1242 5656 ὑπὸ
1297 5601 1398 5668 τὰς
1450 5605 1744 5677 πτέρυγας

300 5741 340 5770 ⁶³
376 5741 394 5800 ι
427 5747 543 5806 Cor.
583 5767 652 5806 sit
679 5791 691 5812 ,
731 5752 814 5806 Ξῖ.

1847 4616 2120 4679 dicuntur,
2151 4615 2306 4669 etiam
2348 4614 2414 4667 ad
2453 4613 2835 4666 humanitatem
2881 4611 3172 4666 Salvatoris
3207 4612 3377 4666 nostri

1847 4707 2164 4767 referantur,
2197 4713 2354 4774 atque
2386 4703 2451 4757 ad
2480 4719 2604 4758 eum
2628 4704 2720 4772 qui
2751 4704 2804 4757 in
2831 4704 2947 4773 ipso
2974 4711 3376 4758 consummatus

1847 4807 1947 4854 est.
1991 4798 2121 4863 Quae
2167 4812 2286 4860 cum
2336 4796 2436 4850 hac
2487 4795 2697 4850 ratione
2747 4795 2890 4849 dicta
2941 4795 3067 4856 sint,
3117 4794 3375 4863 deinceps

1846 4895 2148 4950 enarratur,
2185 4893 2382 4956 quanta
2421 4899 2451 4938 a
2485 4884 2593 4940 Deo
2629 4884 2951 4940 conferenda
2983 4884 3090 4937 sint
3129 4882 3181 4934 in
3229 4897 3372 4944 eum,

1843 4979 1934 5048 qui
1957 4978 2160 5032 habitat
2190 4979 2242 5030 in
2269 4976 2539 5044 adjutorio
2561 4975 2846 5036 Altissimi,
2870 4981 2923 5028 et
2948 4973 3047 5027 sub
3071 4977 3376 5038 legumento

1847 5067 1942 5121 Dei
1971 5075 2369 5132 commoratur,
2390 5077 2454 5117 ac
2495 5063 2625 5117 dicit
2658 5064 2901 5129 Domino,
2932 5062 3205 5127 Susceptor
3234 5075 3374 5113 meus

1842 5173 1918 5218 es,
1947 5165 1994 5210 et
2017 5156 2268 5226 refugium
2299 5169 2488 5217 meum,
2529 5151 2666 5208 Deus
2701 5169 2861 5216 meus,
2898 5149 3111 5215 sperabo
3146 5151 3202 5201 in
3235 5165 3372 5203 eum.

1845 5245 2095 5311 Quaenam
2131 5255 2301 5299 autem
2341 5245 2417 5298 illi
2450 5244 2774 5299 conferenda
2804 5245 2912 5298 sint
2940 5243 2992 5293 in
3027 5239 3376 5308 sequentibus

1845 5343 2028 5389 narrat
2053 5354 2067 5390 :
2095 5363 2160 5374 —
2183 5333 2342 5387 Vens.
2378 5334 2494 5388 5-9.
2522 5334 2779 5400 Quoniam
2812 5333 2917 5400 ipse
2944 5327 3180 5383 liberabit
3213 5345 3292 5382 me
3313 5327 3378 5383 de

1847 5424 2025 5491 laqueo
2055 5423 2362 5485 cenantium,
2395 5433 2443 5476 et
2492 5441 2525 5477 α
2562 5425 2708 5478 verbo
2742 5422 3052 5476 turbulento.
3089 5416 3154 5470 In
3193 5435 3380 5485 scapu-

1849 5514 1912 5566 lis
1945 5514 2050 5566 suis
2090 5512 2410 5566 obumbrabit
2442 5514 2557 5576 tibi,
2581 5524 2627 5568 et
2649 5512 2739 5566 sub
2777 5511 2952 5579 pennis
2980 5508 3095 5577 ejus
3125 5509 3378 5572 sperabis.

1851 5610 2005 5666 Scuto
2037 5605 2371 5662 circumdabit
2406 5616 2451 5660 te
2482 5608 2666 5661 veritas
2698 5606 2829 5673 ejus,
2874 5619 2976 5658 non
3007 5597 3209 5653 timebis
3250 5614 3282 5649 α
3320 5599 3389 5653 ιι.
