3848 6408
212 473 373 530 4145

1404 469 1899 529 COMMENTARIA
1936 474 2003 530 IN
2038 471 2371 529 PSALMOS.

3304 484 3439 541 “46

211 587 505 658 κειμένας
547 587 750 655 φωνάς.
787 589 844 642 '0
885 589 992 659 γὰρ
1016 588 1266 652 τοιοῦτος,
1298 587 1561 640 κατοικῶν
1596 590 1656 641 ὲν
1681 588 1793 659 βοη-

1897 603 2255 657 commorans,
2297 588 2441 643 dicet
2486 587 2711 643 Domino
2743 602 2757 639 ι
2790 588 3067 660 Susceptor
3106 611 3245 651 meus
3280 613 3333 652 es
3386 610 3438 654 et

212 677 347 747 θείᾳ
382 676 493 729 τοῦ
544 677 822 746 Ὑψίστου,
858 678 949 731 καὶ
979 680 1037 731 ὲν
1085 678 1259 749 σκέπῃ
1291 675 1382 728 τοῦ
1431 676 1563 729 Θεοῦ
1592 677 1804 740 αὐλιζό-

214 782 417 836 μενος,
456 767 595 836 ὲρεῖ
638 767 716 837 τῷ
762 769 979 838 Κυρίῳ·
1025 767 1414 834 Ἀντιλήπτωρ
1454 783 1570 835 μου
1610 761 1668 819 εἷ
1706 766 1805 819 καὶ

209 858 571 926 καταφυγή
620 877 736 927 μου
759 897 776 924 ,
816 863 848 913 ό
886 861 1056 925 Θεὸς,
1097 860 1196 913 καί
1235 858 1416 913 ἐλπιῶ
1462 859 1553 913 ἐπ’
1599 860 1802 916 αὐτόν.

208 948 419 1003 Ταῦτα
449 949 516 1001 δὲ
548 950 721 1003 αὐτοῦ
750 950 983 1003 διαθέσει
1026 950 1205 1021 τελεία
1237 951 1531 1021 εἰρηκότος,
1564 948 1804 1012 θεσπίζει

133 1025 170 1108 »ε
207 1038 376 1109 αὐτῷ
404 1040 476 1092 τὸ
501 1039 657 1093 θεῖον
686 1039 925 1109 Πνεῦμα,
942 1040 1021 1092 ὅτι
1041 1039 1103 1109 δὴ
1131 1039 1343 1108 ἀσφαλῆ
1372 1039 1547 1092 εἵλατο
1570 1039 1800 1107 φύλακα,

206 1131 312 1184 καὶ
344 1131 546 1202 καλὴν
584 1132 850 1201 ἐκτήσατο
867 1131 1179 1202 καταφυγὴν
1205 1132 1295 1185 τὸν
1318 1129 1533 1199 Κύριον.
1557 1129 1803 1183 Τοιοῦτον

206 1220 328 1290 γὰρ
367 1219 527 1289 ἔχων
566 1220 761 1289 βοηθὸν
790 1222 881 1273 καὶ
925 1220 1201 1290 πρόμαχον
1232 1221 1324 1277 καὶ
1366 1218 1799 1289 ὑπερασπιστὴν,

206 1308 417 1363 οὐδένα
461 1309 589 1361 τῶν
644 1309 850 1379 ἐχθρῶν
908 1309 1295 1380 φοϐηθήσεται,
1351 1308 1442 1363 ἅτε
1498 1307 1657 1361 αὐτοῦ
1707 1309 1800 1361 τοῦ

205 1399 444 1471 Κυρίου
496 1401 773 1470 ῥυομένου
820 1400 975 1452 αὑτὸν
1015 1399 1072 1464 ἐξ
1116 1398 1387 1453 ἁπάντων.
1432 1398 1539 1451 Καὶ
1591 1398 1694 1469 γὰρ
1738 1400 1803 1451 ἐκ

204 1490 465 1557 παγίδος
510 1489 799 1560 θηρευτῶν
849 1489 1100 1553 ὲξελεῖται
1137 1487 1293 1540 αὐτὸν
1316 1526 1331 1551 ,
1375 1486 1469 1539 καὶ
1509 1486 1615 1543 ἀπὸ
1646 1487 1800 1556 λόγου

204 1578 598 1650 ταραχώδους
633 1581 741 1641 τοῖς
786 1577 1130 1647 μεταφρένοις
1166 1574 1325 1627 αὐτοῦ
1359 1576 1658 1631 ἐπισκιάσει
1702 1577 1798 1629 αύ-

202 1668 291 1735 τῷ
314 1684 331 1698 ο
368 1669 475 1720 καὶ
512 1670 699 1721 πάντα
719 1666 775 1719 δὲ
793 1666 860 1718 τά
892 1665 1014 1734 ἑξῆς
1036 1664 1481 1735 κατηριθμημένα
1514 1666 1603 1717 ἐπὶ
1626 1666 1801 1718 πάντα

207 1754 308 1807 τὸν
334 1756 399 1807 ὲν
437 1752 681 1824 Χριστῷ
712 1753 911 1804 τέλειον
938 1752 1216 1822 ἄνθρωπον
1244 1750 1649 1821 ἀνενεχθήσεται
1666 1791 1680 1814 ,
1708 1752 1801 1804 καὶ

210 1844 309 1895 ἐπὶ
330 1841 399 1894 τὸ
436 1841 612 1911 σῶμα
651 1840 707 1897 δὲ
737 1840 985 1911 Χριστοῦ,
1020 1841 1133 1910 ἦτοι
1166 1840 1255 1893 τὸν
1283 1841 1346 1891 ὲκ
1378 1840 1590 1892 τελείων
1616 1840 1799 1909 ψυχῶν

1902 678 2154 748 refugium
2179 695 2369 743 meum,
2398 677 2557 744 Deus,
2588 692 2638 733 et
2664 678 2877 747 sperabo
2901 682 2952 733 in
2982 698 3115 737 eum.
3138 682 3259 741 Haec
3279 690 3439 759 quip-

1902 784 1968 838 pe
1992 785 2058 823 ex
2100 769 2335 839 perfecto
2368 776 2421 823 et
2450 770 2663 825 sincero
2708 768 2898 824 atl‘ectu
2932 770 3217 838 dicentem,
3251 777 3437 832 vatici-

1900 866 2062 913 natur
2087 860 2302 914 divinus
2343 857 2574 928 Spiritus
2604 866 2777 913 tutum
2807 860 3030 930 elegisse
3062 864 3359 929 custodem,
3380 875 3436 922 et

1902 953 2183 1022 pulchrum
2218 953 2521 1008 obtinuisse
2568 954 2856 1023 refugium,
2891 956 3095 1011 scilicet
3131 956 3433 1016 Dominum.

1899 1045 2033 1099 Cum
2065 1046 2223 1099 talem
2267 1045 2463 1115 quippe
2518 1044 2836 1113 adiutorem,
2888 1056 3333 1116 propugnatorem
3383 1057 3437 1104 et

1898 1140 2256 1201 protectorem
2306 1139 2499 1187 nactus
2546 1132 2636 1197 sit,
2670 1132 2874 1187 nullum
2901 1134 3237 1189 inimlcorum
3268 1138 3437 1205 perti-

1898 1230 2121 1286 mescet,
2150 1222 2276 1292 quia
2307 1223 2480 1292 ipsum
2503 1221 2763 1278 Dominus
2790 1238 2855 1278 ex
2882 1224 3132 1280 omnibus
3161 1226 3321 1281 eruit.
3343 1225 3437 1280 Et-

1898 1312 2038 1366 enim
2063 1326 2129 1365 ex
2149 1312 2338 1381 laqueo
2371 1313 2679 1367 venantium
2700 1313 2948 1369 liberabit
2971 1329 3114 1378 eum,
3145 1324 3200 1370 et
3217 1329 3247 1369 a
3272 1316 3437 1371 verbo

1897 1401 2228 1467 turbulento,
2260 1403 2495 1472 scapulis
2515 1403 2629 1457 suis
2648 1403 2989 1459 obumbrabit
3013 1407 3063 1460 ei
3091 1424 3103 1459 :
3132 1408 3437 1477 pariterque

1897 1490 2075 1545 omnia
2109 1506 2228 1561 quae
2276 1492 2378 1547 sub
2422 1493 2536 1547 haec
2568 1501 2936 1556 recensentur,
2983 1495 3052 1549 ad
3090 1497 3334 1565 quemvis
3380 1500 3435 1554 in

1896 1577 2114 1633 Christo
2129 1579 2422 1647 perfectum
2457 1580 2724 1635 hominem
2765 1580 3087 1650 referentur;
3113 1585 3437 1655 itemquead

1896 1681 2094 1736 corpus
2124 1667 2346 1732 Christi,
2382 1668 2625 1725 videlicet
2656 1671 2723 1724 ad
2760 1679 3052 1742 martyrum
3102 1675 3324 1728 chorum
3368 1691 3436 1731 ex

1896 1756 2145 1824 perfectis
2172 1757 2454 1814 animabus
2485 1761 2872 1828 compositum;
2902 1760 3016 1817 sive
3049 1762 3113 1815 ad
3148 1763 3437 1831 perfectam

1898 1844 2191 1899 Ecclesiam
2224 1847 2415 1916 ipsius,
2438 1864 2596 1917 quam
2626 1850 2741 1918 ipse
2773 1850 2877 1905 sibi
2917 1858 3094 1906 astare
3123 1853 3268 1916 fecit,
3288 1855 3436 1910 nulla

209 1929 752 1999 κατεσκευασμένον
802 1928 1088 1999 μαρτύρων
1136 1929 1323 1997 χορόνσ
1370 1929 1403 1999 ἢ
1452 1929 1549 2000 τὴν
1589 1929 1793 1982 τελείαν

1897 1937 2106 1990 macula
2138 1945 2231 1990 aut
2262 1938 2381 1992 labe
2410 1946 2502 1991 aut
2531 1941 2781 2007 quopiam
2820 1940 2982 1995 simili
3032 1941 3295 1996 affectam.
3334 1942 3435 2009 Qui

229 2022 581 2092 Ἐκκλησίαν
612 2022 801 2084 αὑτοῦ,
828 2022 894 2091 ἢν
913 2020 1071 2083 αὐτὸς
1099 2020 1272 2090 ἑαυτῷ
1299 2023 1690 2091 παρεστήσατον
1722 2022 1795 2093 μὴ

214 2112 456 2183 ἔχουσαν
494 2112 696 2164 σπῖλον
724 2110 757 2179 ἦ
786 2110 986 2179 ῥυτίδα,
1012 2110 1046 2179 η
1076 2127 1129 2163 τι
1154 2110 1261 2162 τῶν
1279 2109 1547 2163 τοιούτων.
1584 2110 1642 2163 '0
1668 2110 1797 2177 γοῦν

218 2204 313 2256 ἐπὶ
345 2202 451 2272 τὴν
484 2201 705 2271 πέτραν
730 2198 1094 2269 οἰκοδομήσειν
1126 2198 1521 2269 ὲπηγγελμένος
1538 2199 1637 2269 τὴν
1675 2200 1796 2251 Ἐκ-

217 2292 457 2361 κλησίαν
480 2288 683 2353 αὐτοῦ,
709 2288 782 2351 ὡς
808 2288 880 2359 μὴ
904 2288 1073 2351 πύλας
1101 2288 1225 2358 ᾅδου
1248 2287 1585 2357 κατισχύσειν
1610 2289 1793 2358 αὐτῆς,

220 2380 385 2443 αὐτὸς
436 2379 621 2448 αὐτῆς
668 2376 764 2428 καὶ
815 2376 983 2445 φύλαξ
1032 2378 1123 2430 καὶ
1169 2377 1398 2447 φρουρὸς
1439 2376 1608 2439 ἔσται,
1642 2393 1795 2446 περι-

219 2469 481 2542 φράττων
504 2467 691 2537 αὐτὴν
720 2467 811 2523 καὶ
854 2465 1305 2535 ἀσφαλιζόμενος,
1335 2466 1468 2536 πρὸς
1492 2466 1554 2518 τὸ
1591 2466 1664 2536 μὴ
1698 2465 1795 2528 τὰς

222 2560 401 2622 πύλας
431 2545 534 2610 τοῦ
582 2556 721 2628 ᾅδου
774 2555 1081 2624 κατισχύειν
1108 2556 1294 2624 αὐτῆς.
1345 2555 1435 2607 Διὸ
1479 2557 1543 2625 τῇ
1575 2556 1795 2626 τοιαύτῃ

234 2647 578 2719 Ἐκκλησία,
614 2647 719 2700 καὶ
754 2645 831 2714 τῷ
861 2644 1080 2715 τοιούτῳ
1120 2645 1184 2713 δὴ
1216 2645 1449 2716 Χριστοῦ
1507 2645 1792 2716 μαρτύρων

223 2739 404 2810 χορῷ,
439 2738 524 2809 τῷ
553 2734 846 2795 κατοικίαν
881 2735 975 2804 μὲν
1015 2733 1272 2804 μηδαμῶς
1321 2733 1494 2809 ἔχοντι
1545 2735 1635 2787 ἐπὶ
1668 2737 1790 2805 γῆς,

222 2827 514 2898 δυναμένῳ
544 2827 606 2879 δὲ
640 2824 845 2891 λέγειν,
890 2822 1073 2891 Ἡμῶν
1126 2822 1192 2875 δὲ
1246 2822 1310 2877 τὸ
1358 2825 1681 2893 πολίτευμα
1726 2825 1795 2877 ἐν

224 2913 508 2985 οὐρανοῖς
559 2913 824 2980 ὑπάρχει
844 2954 858 2977 ,
901 2912 1242 2982 λεχθήσεται·
1293 2912 1347 2964 Ὁ
1393 2913 1681 2967 κατοικῶν
1724 2912 1794 2966 ἐν

220 3007 476 3074 βοηθείᾳ
507 3005 620 3058 τοῦ
636 3002 943 3069 Ὑψίστου,
967 3002 1238 3068 ἐνσκέπῃ
1261 3002 1366 3055 τοῦ
1395 3003 1540 3055 Θεοῦ
1567 3002 1673 3056 τοῦ
1691 3004 1791 3055 οὐ·

221 3098 411 3166 ραγοῦ
430 3093 897 3160 αὑλισθήσεται.
914 3088 1022 3143 Εἶτ’
1038 3093 1150 3161 ἐρεῖ
1166 3093 1260 3161 μὲν
1290 3092 1451 3155 αὐτὸς
1480 3091 1555 3162 τῷ
1584 3094 1789 3164 Κυρίῳ,

1897 2024 2056 2094 igitur
2076 2025 2369 2081 Ecclesiam
2396 2042 2550 2082 suam
2581 2044 2639 2083 se
2662 2043 2822 2097 supra
2850 2036 3053 2098 petram
3087 2030 3438 2086 fundaturqu

1894 2130 2015 2170 esse
2043 2115 2316 2185 pollicitus
2352 2125 2470 2181 est;
2508 2116 2579 2168 ita
2621 2124 2678 2169 ut
2724 2124 2892 2184 porta:
2948 2116 3106 2171 inferi
3158 2135 3434 2188 nunquam

1893 2206 2212 2274 praevaleant
2255 2205 2513 2260 adversus
2551 2220 2689 2268 eam,
2725 2206 2870 2260 illius
2921 2207 3035 2274 ipse
3064 2214 3116 2261 et
3161 2216 3348 2262 custos
3384 2218 3439 2263 et

1894 2296 2259 2365 praesidiarius
2285 2297 2409 2361 erit,
2440 2296 2611 2366 ipsam
2635 2297 3091 2351 circummuniens
3119 2306 3174 2353 et
3204 2300 3431 2363 vallans,

1892 2402 1961 2440 ne
1991 2396 2155 2456 portae
2184 2386 2340 2442 inferi
2361 2386 2684 2456 praevaleant
2715 2386 2973 2443 adversus
2998 2403 3137 2443 eam.
3167 2388 3439 2454 Quamob-

1891 2490 2004 2530 rem
2071 2476 2379 2544 huiusmodi
2430 2474 2712 2544 Ecclesiae,
2767 2488 2822 2532 et
2872 2479 3182 2548 huiusmodi
3233 2479 3438 2535 Christi

1892 2572 2189 2634 martyrum
2221 2565 2405 2631 choro,
2456 2568 2548 2636 qui
2596 2567 2961 2627 habitaculum
2995 2569 3212 2638 quidem
3262 2571 3437 2624 nulla-

1891 2664 2050 2711 tenus
2077 2658 2133 2711 in
2164 2665 2307 2712 terra
2340 2658 2541 2723 habet,
2572 2660 2663 2715 sed
2699 2660 2813 2714 bzee
2865 2660 2966 2713 fari
3010 2670 3205 2730 potest,
3235 2660 3439 2715 Nostra

1894 2756 2065 2801 autem
2092 2749 2410 2802 conversatio
2436 2750 2489 2805 in
2509 2750 2649 2805 oculis
2670 2758 2745 2803 est
2767 2751 2832 2814 ⁸⁸,
2855 2750 3083 2814 dicetur,
3116 2752 3218 2817 Qui
3237 2752 3437 2806 habitat

1889 2835 1942 2887 in
1965 2835 2227 2904 adjutorio
2265 2836 2545 2901 Altissimi,
2568 2839 2622 2890 in
2653 2847 2941 2907 tegumenta
2962 2839 3058 2893 Dei
3085 2841 3197 2894 caeli
3217 2857 3440 2895 commo-

1891 2923 2112 2978 rabitur.
2142 2923 2344 2979 Deinde
2376 2924 2520 2981 dicet
2554 2924 2768 2994 quidem
2796 2926 2912 2994 ipse
2937 2925 3186 2989 Domino,
3220 2927 3322 2981 sub
3342 2941 3438 2981 cu-

1885 3010 1977 3079 ius
2010 3019 2318 3081 tegumento
2368 3012 2610 3068 habitare
2641 3015 2930 3082 cooptavit,
2972 3014 3251 3083 Susceptor
3293 3031 3436 3069 meus

1889 3116 1942 3153 es
1984 3110 2033 3153 et
2057 3101 2311 3169 refugium
2340 3116 2528 3165 meum,
2560 3100 2698 3154 Deus
2723 3118 2885 3168 meus,
2907 3111 2957 3157 et
2979 3104 3194 3171 sperabo
3222 3106 3276 3157 in
3295 3121 3433 3160 eum.

228 3185 285 3255 οὗ
314 3190 501 3242 εἵλατο
548 3184 833 3244 κατοικεῖν
868 3180 973 3232 ὑπὸ
1002 3181 1100 3250 τὴν
1130 3182 1333 3251 σκέπην
1352 3196 1369 3213 ⁸
1410 3183 1791 3251 Ἄντιλήπτωρ

1895 3188 2023 3243 Cum
2053 3196 2229 3243 autem
2286 3190 2446 3243 talem
2496 3190 2771 3245 custodem
2823 3197 3017 3246 nactus
3048 3192 3140 3255 sit,
3189 3199 3240 3245 et
3273 3193 3436 3248 talem
3518 3188 3523 3191 ’

225 3297 338 3349 μου
371 3275 433 3331 εἶ
457 3277 563 3329 καὶ
588 3271 903 3339 καταφυγή
927 3288 1063 3339 μου,
1090 3274 1122 3323 ὁ
1151 3272 1291 3335 Θεός
1311 3289 1450 3339 μου,
1486 3273 1583 3325 καὶ
1608 3274 1791 3327 ὲλπιῶ

1895 3277 1994 3331 sibi
2026 3284 2351 3331 servatorem
2395 3285 2449 3330 et
2489 3275 2783 3345 adiutorem
2811 3278 3144 3346 ascripserit,
3186 3278 3327 3333 dicet
3356 3280 3434 3335 illi

228 3368 317 3421 ἐπ’
346 3365 564 3420 αὐτόν.
592 3359 937 3431 κτησαμένῳ
960 3360 1017 3412 δὲ
1044 3359 1189 3431 αύτῷ
1208 3360 1440 3413 τοιοῦτον
1466 3362 1677 3430 φύλακα
1698 3365 1790 3419 καὶ

1895 3366 2129 3436 Spiritus
2158 3366 2391 3433 divinus,
2422 3367 2679 3437 optimam
2732 3366 2906 3436 ipsum
2942 3367 3239 3437 portionem
3305 3369 3432 3424 ade-

228 3457 469 3510 τοιοῦτον
521 3453 751 3521 σωτῆρα
796 3451 889 3503 καὶ
925 3450 1111 3520 βοηθὸν
1143 3452 1565 3522 ὲπιγραψαμένῳ
1598 3452 1789 3524 λεχθή-

1895 3468 2042 3530 ptum
2076 3474 2216 3522 esse,
2244 3473 2459 3512 murum
2481 3457 2863 3524 ﬁrmissimum,
2882 3459 3290 3528 inexpugnabile
3311 3475 3437 3514 scu-

231 3565 378 3601 σεται
408 3546 519 3599 ὑπὸ
546 3542 647 3597 τοῦ
685 3541 831 3594 θείου
878 3541 1206 3611 Πνεύματος,
1240 3542 1315 3605 ὡς
1350 3543 1457 3611 ἄρα
1487 3543 1571 3612 εἴη
1626 3543 1789 3613 καλὴν

1895 3555 2028 3610 tum,
2056 3546 2263 3600 scilicet
2292 3545 2572 3601 Dominum
2612 3562 2789 3601 suum.
2823 3546 2978 3601 Ilunc
2996 3547 3193 3616 quippe
3216 3556 3432 3612 nactus,

229 3636 533 3705 εὑράμενος
575 3627 761 3698 ἑαυτῷ
795 3626 984 3697 μερίδα
1015 3629 1107 3681 καὶ
1159 3630 1332 3696 τεῖχος
1378 3629 1598 3699 ὀχυρὸν,
1631 3631 1791 3688 ὅπλον

1895 3638 1945 3690 in
1975 3643 2090 3690 tuto
2118 3644 2172 3690 et
2196 3638 2310 3690 sine
2348 3636 2708 3691 sollicitudine
2738 3635 2914 3705 deget,
2946 3636 3247 3713 utpote‘qui
3276 3638 3432 3691 habi-

228 3741 286 3777 τε
314 3726 534 3794 ἄμαχον
560 3722 657 3775 τὸν
699 3718 889 3783 ἑαυτοῦ
938 3720 1157 3790 Κύριον,
1189 3718 1387 3773 Τοῦτον
1416 3721 1523 3790 γὰρ
1559 3720 1695 3789 ἔχων
1731 3721 1788 3773 ὲν

1895 3732 1965 3780 tet
2008 3726 2064 3780 in
2103 3724 2371 3792 adiutorio
2418 3724 2701 3790 Altissimi,
2729 3734 2784 3782 et
2821 3725 2877 3782 in
2919 3734 3226 3797 tegumento
3281 3726 3433 3785 fortis

228 3812 463 3880 ἀσφαλεῖ
508 3811 609 3865 καὶ
658 3809 973 3878 ἀμερίμνως
1020 3809 1244 3878 οἰκήσει,
1286 3809 1378 3863 ἀτε
1424 3810 1684 3863 κατοικῶν
1732 3811 1788 3864 ὲν

1895 3826 2006 3866 com
2013 3818 2267 3866 moretur.

229 3903 449 3977 βοηθείᾳ
472 3901 571 3955 τοῦ
633 3900 905 3969 Ὑψίστου,
961 3901 1054 3953 καὶ
1084 3901 1143 3955 ὲν
1181 3899 1354 3972 σκέπῃ
1396 3900 1485 3953 τοῦ
1543 3900 1724 3957 ἱκανοῦ
1765 3900 2124 3972 αὐλιζόμενος,

297 3999 360 4050 El
395 3997 530 4065 γοῦν
560 4011 718 4058 ποτε,
758 3994 937 4064 φησὶν,
978 3995 1025 4045 oi
1062 3992 1171 4047 τῶν
1213 3993 1558 4065 ἀνθρωπείων
1605 3990 1789 4065 ψυχῶν

228 4085 489 4156 θηρευταὶ
510 4127 528 4151 ,
565 4086 798 4153 ἀφανεῖς
844 4084 935 4136 καὶ
984 4083 1200 4154 ἀόρατοι
1245 4083 1496 4153 δυνάμεις
1542 4084 1679 4143 κατά
1730 4085 1792 4139 τὸ

230 4173 458 4244 σύνηθες
510 4174 703 4234 αὐτοῖς
760 4171 990 4238 παγίδας
1046 4170 1312 4247 λαθραίως
1361 4172 1786 4241 ὲγκρύπτοντες,

226 4263 631 4333 προϐάλλεσθαι
663 4261 808 4315 κατὰ
843 4260 934 4313 σοῦ
958 4261 1238 4331 πειρῷντο,
1265 4262 1412 4315 οὐδὲν
1444 4265 1620 4326 αὐτοῖς
1642 4262 1790 4317 ἔσται

228 4352 414 4405 πλέον⁸
447 4355 534 4406 ὅτι
582 4352 753 4414 αὐτὸς
784 4351 983 4420 Κύριος
1012 4350 1229 4420 ῥύσεταί
1262 4368 1321 4403 σε
1355 4352 1418 4403 ὲκ
1446 4353 1665 4421 παγίδος
1697 4352 1791 4429 θη·-

231 4443 454 4510 ρευτῶν,
492 4444 556 4497 Ἠ
590 4442 779 4511 παγίς
808 4441 1139 4507 συνετρίϐη,
1183 4441 1283 4494 καὶ
1310 4443 1477 4509 ἡμεῖς
1501 4444 1787 4512 ἐρῤύσθη-

226 4546 353 4597 μεν.
386 4532 451 4583 Εί
479 4532 541 4586 δὲ
591 4531 692 4585 καὶ
730 4528 907 4596 λόγοις
948 4526 1190 4596 θορυϐεῖν
1232 4529 1549 4597 ἐπιχειροῖεν
1621 4530 1788 4593 ίέντες

231 4621 436 4673 ἑαυτῶν
457 4622 551 4675 τὸν
573 4623 676 4691 τῆς
699 4617 947 4679 ἀσεϐείας
977 4617 1051 4668 ἱὸν
1071 4616 1157 4669 διά
1176 4618 1275 4687 τῆς
1298 4618 1499 4672 ἑαυτῶν
1522 4618 1788 4690 γλώσσης,

230 4711 361 4764 ἀλλὰ
396 4714 492 4766 καὶ
525 4710 740 4770 τούτων
785 4707 960 4762 αὐτῶν
1002 4706 1208 4773 πάλινρ
1244 4706 1441 4777 Κύριος
1468 4708 1674 4778 ἀϐλαϐῆ
1701 4709 1790 4763 τὸν

234 4801 424 4853 ἑαυτοῦ
442 4802 733 4873 ἄνθρωπον
757 4796 1121 4866 φυλάξει.”1να
1148 4795 1220 4866 μὴ
1250 4798 1279 4849 ὁ
1310 4798 1543 4867 φλογμὸς
1570 4799 1662 4851 τοῦ
1685 4798 1791 4853 τῶν

233 4888 532 4960 ἀνθρώπιον
555 4890 675 4959 βίου
709 4886 807 4939 καὶ
835 4886 865 4938 ὁ
886 4884 1193 4954 τῆςκακίας
1231 4885 1467 4948 καύσων,
1493 4888 1585 4939 ἐπὶ
1611 4887 1791 4941 πλεῖον

235 4976 521 5043 ἑκκαυθεὶς
541 5019 558 5045 ,
600 4979 779 5049 ἐξάψῃ
805 4976 872 5029 τὰ
915 4976 1059 5029 κακά
1096 4974 1234 5028 κατά
1266 4973 1360 5026 τοῦ
1402 4974 1495 5042 τῆς
1520 4975 1793 5041 εὐσεϐείας

236 5067 485 5139 ἀθλητοῦ,
501 5069 753 5133 θεσπίζει
767 5068 984 5136 φάσκων
1011 5068 1037 5119 ὁ
1060 5065 1213 5134 λόγος
1247 5063 1390 5133 αὑτῷ
1404 5080 1419 5094 ·
1437 5065 1531 5116 Ἐν
1551 5066 1673 5131 τοῖς
1686 5084 1791 5138 με-

240 5161 548 5226 ταφρὲγοις
605 5159 794 5213 αὐτοῦ
838 5158 1173 5211 ἐπισκιάσει
1220 5170 1318 5208 σοι
1336 5192 1351 5215 ,
1395 5154 1493 5217 καὶ
1526 5157 1642 5209 ὑπὸ
1684 5157 1790 5224 τὰς

242 5248 535 5318 πτέρυγας
561 5249 750 5304 αὐτοῦ
782 5247 1098 5313 ἐλπιεῖς.Εῑ
1122 5246 1178 5299 δὲ
1205 5242 1299 5296 καὶ
1333 5241 1601 5311 πολεμίων
1628 5244 1786 5315 στίφη

246 5340 610 5408 πεπυρωμένα
649 5339 746 5392 καὶ
771 5337 1112 5407 θανατηφόρα
1132 5334 1257 5404 βέλη
1282 5331 1447 5397 λόγων
1468 5332 1676 5399 ψευδῶν
1696 5335 1790 5397 καὶ

249 5425 342 5494 τῆς
360 5428 612 5498 ἀληθείας
630 5428 887 5481 ἐναντίων
902 5427 1157 5489 ἀκοντίζοι
1174 5421 1315 5476 κατά
1332 5421 1420 5487 τοῦ
1436 5421 1599 5489 δηλου
1607 5423 1790 5491 μένου,

252 5514 405 5578 abab;
432 5518 528 5586 μὲν
567 5517 829 5587 ἡσυχάσει
860 5518 1004 5587 νόμῳ
1040 5516 1162 5583 θείῳ
1213 5511 1517 5583 πειθαρχῶν
1557 5514 1788 5581 λέγοντιο

258 5601 460 5668 Κύριος
493 5603 820 5672 πολεμήσει
853 5605 997 5672 ὑπὲρ
1029 5600 1186 5670 ὑμῶν
1206 5636 1222 5660 ν
1263 5600 1359 5652 καὶ
1398 5599 1572 5667 ὑμεῖς
1611 5605 1787 5672 σιγή-

331 5750 375 5783 ⁵³
408 5751 593 5827 Philip.
634 5769 722 5819 ιιι,
755 5754 841 5817 20.
916 5756 953 5786 ⁸⁵
991 5751 1120 5817 Psal.
1161 5761 1364 5822 cum,
1401 5752 1449 5815 7,

1965 3994 2023 4054 Si
2050 3997 2230 4066 itaque
2249 3995 2348 4060 illi,
2377 4004 2474 4059 ait,
2495 3996 2850 4052 humanarum
2878 3996 3172 4051 animarum
3216 4008 3434 4052 venato-

1894 4103 2005 4152 res,
2028 4087 2322 4145 invisibiles
2338 4086 2544 4142 scilicet
2567 4094 2621 4141 et
2647 4086 2870 4142 occulta:
2894 4086 3142 4150 virtutes,
3169 4101 3267 4155 pro
3286 4102 3436 4143 more

1894 4179 2055 4233 solito
2081 4178 2300 4247 laqueos
2330 4178 2467 4231 clam
2510 4176 2865 4240 occultantes,
2896 4182 2950 4229 te
2986 4190 3221 4244 unquam
3250 4190 3435 4246 aggre-

1893 4267 2131 4332 diantur,
2175 4266 2308 4322 nihil
2358 4266 2593 4335 proderit
2642 4264 2748 4319 illis
2788 4283 2801 4318 :
2848 4264 2970 4333 quia
3017 4265 3131 4335 ipse
3176 4255 3476 4319 Dominus'

1890 4363 2044 4415 eruet
2073 4366 2127 4412 te
2140 4357 2204 4411 de
2234 4357 2424 4427 laqueo
2450 4355 2781 4418 venantium,
2809 4353 3041 4424 Laqueus
3067 4355 3320 4409 contritus
3334 4356 3433 4421 e'st,

1890 4456 1941 4501 et
1969 4463 2061 4499 nos
2093 4445 2297 4499 liberati
2325 4460 2503 4503 sumus
2536 4445 2601 4498 σθ.
2644 4443 2797 4510 Quod
2839 4446 2884 4499 si
2929 4459 3051 4499 eum
3097 4445 3436 4500 sermonibus

1892 4551 2108 4607 quoque
2150 4535 2368 4590 turbare
2396 4534 2752 4599 tentaverint,
2796 4534 3087 4604 impietatis
3146 4550 3257 4590 sua:
3290 4536 3435 4590 virus

1891 4626 2071 4695 lingua
2127 4625 2462 4685 emittentes,
2525 4622 2609 4677 his
2666 4624 2826 4678 etiam
2880 4623 3105 4679 illaesum
3164 4623 3433 4677 hominem

1890 4728 2046 4769 suum
2078 4712 2335 4768 Dominus
2364 4712 2617 4767 servabit.
2646 4711 2725 4767 Ac
2758 4727 2824 4767 ne
2852 4712 3100 4768 humana:
3133 4712 3252 4767 vitae
3270 4720 3435 4766 aestus

1890 4813 1942 4859 et
1973 4804 2131 4863 ardor
2162 4803 2378 4856 malitia:
2407 4802 2575 4871 magis
2622 4803 2902 4871 magisque
2928 4803 3212 4865 incensus,
3245 4810 3433 4856 contra

1888 4889 2102 4960 pietatis
2133 4889 2384 4943 athletam
2398 4888 2538 4943 mala
2555 4891 2869 4955 succendat,
2896 4890 3009 4947 haec
3032 4904 3209 4945 sermo
3226 4888 3327 4955 ipsi
3345 4903 3433 4941 va-

1889 4978 2164 5031 ticinatur:
2183 4975 2250 5030 In
2277 4975 2502 5041 scapulis
2521 4977 2630 5030 suis
2650 4976 2977 5033 obumbrabit
2999 4978 3113 5041 tibi,
3128 4986 3176 5030 et
3191 4976 3284 5030 sub
3313 4991 3433 5030 uen-

1890 5068 1972 5121 nis
1993 5067 2104 5135 ejus
2126 5064 2377 5134 sperabis.
2396 5063 2549 5132 Quod
2567 5065 2613 5120 si
2648 5066 2987 5120 inimicorum
3012 5065 3246 5135 agmina,
3267 5066 3433 5136 ignita

1891 5164 1945 5213 et
1989 5156 2234 5212 lethifera
2281 5154 2620 5209 mendacium
2652 5163 2859 5211 etcum
2902 5170 3030 5213 vero
3076 5156 3430 5225 pugnantium

1892 5260 2199 5301 sermonum
2218 5245 2321 5299 tela
2345 5245 2653 5315 iaculentur
2672 5245 2931 5304 adversus
2951 5252 3302 5299 memoratum
3336 5246 3432 5300 ho-

1890 5337 2111 5402 minem,
2139 5338 2229 5391 ille
2254 5336 2471 5405 quidem
2496 5337 2759 5405 quiescet,
2789 5335 2987 5390 divina:
3028 5335 3131 5404 legi
3159 5336 3433 5407 obtempe-

1890 5442 2021 5481 rans
2051 5441 2170 5496 quae
2195 5425 2271 5479 ait
2319 5443 2335 5479 :
2382 5425 2636 5479 Dominus
2664 5441 2758 5493 pro
2785 5425 2925 5479 vobis
2970 5423 3239 5492 pugnabit,
3270 5434 3320 5478 et
3350 5442 3437 5480 vos

1892 5513 2126 5568 tacebitis
2182 5528 2202 5566 :
2258 5520 2559 5583 opportune
2614 5525 2791 5570 autem
2853 5513 2959 5583 ipsi
2990 5513 3190 5567 dicitur
3227 5530 3242 5566 :
3282 5512 3439 5567 Scuto

1891 5604 2228 5665 circumdabit
2275 5614 2321 5657 te
2351 5605 2541 5660 reritas
2597 5604 2729 5674 ejus.
2790 5603 2907 5673 ipsa
2962 5618 3201 5681 namque
3242 5600 3442 5656 Christi
