3848 6416
234 448 275 491 1
302 450 399 495 143
1362 452 1853 504 CUMMEN'I'AKIA

1892 455 1953 505 ΞΝ
1994 453 2327 506 PSALMOS.
3302 462 3325 508 1
3341 464 3437 510 uso

230 554 441 606 πάντα
478 552 534 607 δὲ
558 555 625 609 τὰ
652 556 844 620 ἑνικῶς
868 556 1031 610 εἰπὼν
1050 556 1123 620 ὡς
1150 558 1283 628 πρὸς
1309 558 1402 610 ἕνα
1425 562 1561 626 τινὰ,
1591 563 1807 613 ὲπισυν-

1910 565 1988 617 sic
2020 564 2179 618 infert
2212 561 2503 627 :Quoniam
2535 569 2588 613 tu
2614 578 2687 625 es,
2724 561 2955 628 Domine,
2981 579 3089 630 spes
3112 581 3243 627 mea,
3276 567 3440 619 Altis-

226 643 425 697 ἅπτει
466 646 653 715 λέγων,
695 649 814 701 Ὅτι
838 648 935 710 σὺ,
974 651 1162 717 Κύριε,
1179 651 1349 715 ἐλπίς
1359 669 1494 718 μου,
1517 653 1619 704 τέν
1641 654 1803 721 ’Ὑψι-

228 749 415 787 ator
439 735 577 789 ἔθου
610 738 952 807 καταφυγήν
971 754 1083 792 σου
1100 757 1112 770 ·
1139 740 1440 807 σαφέστατα
1465 740 1801 811 παρίσταται,

220 819 341 872 ὅτι
384 821 590 893 Κύριος
625 818 691 892 ἦν
724 823 853 892 πρὸς
880 824 935 874 ὃν
959 824 1126 876 ταῦτα
1156 825 1326 877 πάντα
1351 826 1578 893 ἐλέγετο.
1627 829 1803 898 Μηδε-

225 911 394 977 ped;
425 911 537 981 γὰρ
574 912 823 980 διαμέσου
853 912 1141 983 ἐναλλαγῆς
1174 913 1456 983 προσώπου
1496 916 1804 986 γενομένης,

222 999 503 1068 συνῆψεν
527 1003 555 1053 0
599 1002 751 1069 λόγος
780 1003 882 1055 ὑπὸ
931 1004 1054 1072 μίαν
1084 1003 1312 1056 διάνοιαν
1344 1004 1417 1066 ὡς
1446 1004 1577 1073 πρὸς
1617 1005 1708 1056 ἓνα
1740 1006 1807 1057 τὰ

220 1088 475 1141 πάντα-
512 1091 816 1161 παρέστησέ
844 1109 900 1143 τε
934 1091 1014 1153 τίς
1062 1108 1187 1144 ποτε
1234 1088 1299 1161 ἦν
1324 1087 1492 1153 οὗτος,
1539 1092 1807 1159 διασαφῶν

217 1177 391 1247 ἑξῆς
427 1181 520 1232 καὶ
549 1180 751 1248 λέγων·
787 1182 903 1233 Ὅτι
941 1181 1052 1244 σὺ,
1088 1182 1288 1248 Κύριε,
1321 1182 1493 1245 ἐλπίς
1524 1199 1671 1248 μου,
1705 1182 1807 1234 τὸν

218 1266 571 1336 ’Υψιστον
600 1272 737 1323 ἔθου
783 1268 1126 1338 καταφυγήν
1166 1284 1299 1324 σου.
1347 1270 1553 1340 Ἐπειδὴ
1583 1270 1686 1342 γὰρ
1721 1272 1804 1333 σὺ,

217 1358 432 1425 φησὶν
451 1397 467 1421 ,
497 1353 541 1411 ὦ
572 1358 771 1428 Κύριε,
804 1361 886 1426 ἐφ’
914 1358 970 1410 δν
998 1357 1105 1425 ἐγὼ
1137 1358 1331 1427 ἤλπισα
1354 1396 1369 1418 ,
1401 1359 1490 1410 τὸν
1535 1358 1804 1426 Ὕψιστον,

213 1444 465 1515 δηλαδὴ
484 1447 573 1498 τὸν
599 1446 850 1498 ἀνωτάτω
868 1446 1022 1508 Θεὸν,
1052 1446 1142 1497 καὶ
1169 1445 1361 1497 σαυτοῦ
1384 1445 1614 1516 Πατέρα,
1644 1464 1806 1498 κατα-

215 1535 446 1606 φυγὴν
484 1534 602 1587 ἔθου
633 1535 852 1586 σεαυτοῦ
872 1574 885 1597 ,
915 1532 1001 1585 διὰ
1025 1532 1179 1585 τοῦτο
1208 1535 1265 1585 οὐ
1293 1534 1701 1603 προσελεύσεταί
1730 1553 1807 1588 σοι

210 1620 383 1673 οὗτε
408 1620 602 1690 χιλιὰς,
628 1619 747 1671 οὔτε
775 1619 986 1691 μυριὰς,
1020 1618 1137 1671 οὔτε
1165 1620 1385 1687 παγὶδες
1407 1620 1694 1691 θηρευτῶν,
1723 1622 1810 1674 οῦ-

207 1728 301 1762 τε
330 1729 392 1762 τι
428 1711 609 1779 ἕτερον
629 1710 734 1762 τῶν
754 1709 1239 1779 κατηριθμημένων
1257 1728 1270 1740 ·
1300 1712 1393 1763 καὶ
1416 1711 1701 1781 ἐπειδήπερ
1723 1714 1806 1775 σὺ,

212 1793 276 1851 ὦ
319 1798 524 1868 Κύριε,
559 1794 611 1850 εἴ
634 1815 730 1867 μου
751 1797 841 1849 τοῦ
869 1797 1036 1850 ταῦτα
1056 1798 1296 1867 λέγοντος
1323 1800 1494 1862 ἐλπὶς,
1526 1802 1811 1868 Τὸν”Υψι-

213 1904 413 1943 ator
444 1887 583 1939 ἔθου
614 1887 957 1955 καταφυγήν
981 1904 1093 1942 σου
1116 1906 1129 1918 ·
1164 1888 1250 1941 διὰ
1279 1888 1433 1941 τοῦτο
1462 1890 1553 1941 καὶ
1572 1891 1802 1959 ἀρχόμε-
1838 1878 1878 1934 Β

214 1994 340 2040 νος
388 1976 577 2044 ελεγον
621 1978 746 2047 περὶ
800 1978 912 2041 σοῦ,
949 1980 1003 2030 Ὁ
1028 1978 1311 2031 κατοικῶν
1334 1980 1401 2031 ὲν
1424 1979 1679 2046 βοηθείᾳ
1702 1981 1805 2034 τοῦ

233 2064 256 2091 '
268 2066 582 2133 Υψιστου,
598 2066 652 2135 ἢ,
669 2066 730 2116 '0
745 2066 1068 2134 καθήμενος
1080 2069 1147 2119 ἐν
1164 2068 1479 2134 ἀποκρύφῳ
1492 2069 1507 2088 ⁸
1518 2070 1774 2135 Υψίστου
1790 2086 1804 2101 ο

218 2156 559 2224 ἐπειδήπερ
599 2156 657 2206 ὲν
692 2156 1013 2227 ἀπορρήτοις
1057 2157 1147 2208 καὶ
1188 2159 1519 2227 ἀποκρύφοις
1564 2158 1806 2227 σύνεδρον

221 2263 299 2298 σε
339 2245 447 2297 καὶ
490 2244 769 2314 σύνθρονον
800 2248 827 2298 0
858 2246 1110 2313 ’Ὑψιστος
1140 2247 1441 2316 ἐποιήσατο,
1472 2248 1645 2316 φήσας
1671 2248 1811 2316 πρὸς,

224 2335 302 2388 σέ
322 2352 339 2365 ·
409 2333 606 2387 Κάθου
637 2335 703 2387 ἐκ
732 2333 849 2387 τῶν
879 2334 1087 2398 δεξιῶν
1108 2352 1225 2403 μου
1244 2377 1257 2399 ,
1292 2336 1400 2401 ἕως
1442 2337 1517 2388 ἂν
1553 2336 1631 2389 θῶ
1671 2338 1807 2401 τοὺς

219 2426 510 2493 ἐχθρούς
539 2440 653 2478 σου
678 2426 1004 2479 ὑποπόδιον
1034 2427 1150 2478 τῶν
1181 2426 1378 2479 ποδῶν
1404 2445 1537 2480 σου.

323 2513 593 2581 ’Υψίστου
608 2513 799 2588 δὲονοου
808 2515 961 2583 μένου
978 2517 1035 2566 ὲν
1053 2516 1257 2577 τούτοις
1274 2515 1365 2567 τοῦ
1382 2516 1650 2568 ἀνωτάτου
1674 2516 1805 2567 Θεοῦ

222 2603 359 2656 τῶν
397 2603 536 2655 ὅλων
554 2618 567 2632 ⁸
596 2603 796 2670 Κυρίου
823 2603 877 2654 δὲ
904 2603 1031 2655 Υἱοῦ
1060 2604 1151 2655 τοῦ
1178 2604 1328 2666 Θεοῦ,
1358 2604 1414 2661 ὃς
1443 2604 1531 2656 τὸν
1550 2604 1807 2672 ’Ὕψιστον

222 2692 407 2744 ἔθετο
438 2692 751 2759 καταφυγὴν
778 2690 957 2755 αὑτοῦ,
988 2692 1209 2754 εἰκότως
1245 2692 1335 2744 καὶ
1353 2693 1585 2761 Μωῡσῆς
1608 2694 1683 2762 τῷ
1715 2694 1810 2746 αύ-

221 2778 318 2847 τῷ
343 2776 485 2846 θείῳ
506 2777 775 2846 Πνεύματι
793 2777 1044 2848 θεοφορού
1054 2795 1209 2847 μενος
1232 2780 1501 2833 ἐδίδασκεν
1521 2781 1576 2831 ὲν
1601 2781 1807 2851 μεγάλῃ

221 2866 356 2937 ᾠδῇ
392 2864 596 2932 λέγων’
654 2867 787 2917 Ὅτε
818 2865 1125 2933 διεμέριζεν
1156 2870 1188 2919 δ
1218 2868 1503 2935 ’Υψιστος
1530 2870 1669 2934 ἔθνη
1690 2906 1703 2931 ,
1731 2870 1809 2933 ὠς

222 2954 597 3020 διέσπειρεν
626 2953 791 3017 υἱοὺς
822 2953 1009 3021 Ἀδὰμ,
1037 2955 1295 3021 ἔστησεν
1316 2956 1440 3021 ὅρια
1458 2956 1641 3008 ἐθνῶν
1665 2957 1809 3009 κατὰ

222 3045 509 3113 ἀριθμὸν
529 3043 791 3110 ἀγγέλων
814 3042 977 3095 Θεοῦ.
1002 3042 1109 3097 Καὶ
1132 3042 1377 3110 ἐγενήθη
1396 3044 1574 3111 μέρος
1592 3048 1808 3111 Κυρίου

224 3136 403 3199 λαὸς
422 3132 609 3186 αὑτοῦ
642 3131 850 3193 Ἰακὼϐ,
874 3131 1195 3199 σχοινισμα
1216 3135 1607 3200 κληρονομίας
1629 3133 1810 3186 αὐτοῦ

241 3198 533 3290 Ἰσραήλ.
560 3217 655 3268 Διὰ
678 3217 874 3268 τούτων
913 3217 1039 3283 γοῦν
1088 3198 1177 3269 καὶ
1208 3221 1235 3271 0
1268 3198 1505 3286 Mmﬁcﬁ';
1556 3221 1807 3289 Ὕψιστον
1836 3198 1875 3251 C

227 3310 449 3380 σαφῶς
470 3308 726 3376 προσεῖπε
768 3306 857 3357 τὸν
887 3308 1176 3375 ἀγέννητον
1206 3308 1334 3359 Θεὸν
1357 3346 1372 3370 ,
1406 3309 1715 3378 διανέμοντα
1743 3311 1808 3361 τὰ

226 3402 338 3453 ἐπὶ
354 3399 471 3467 γῆς
495 3394 619 3464 ἔθνη
637 3398 745 3457 τοῖς
767 3395 954 3446 ἑαυτοῦ
980 3396 1222 3461 ἀγγέλοις
1239 3413 1251 3425 ·
1281 3396 1481 3466 Κύριον
1498 3398 1555 3450 δὲ
1577 3398 1665 3449 τὸν
1686 3398 1808 3450 Υἱὸν

225 3491 347 3544 τοῦ
370 3484 641 3547 Θεοῦ,τὸν
665 3484 811 3553 παρὰ
832 3483 923 3535 τοῦ
972 3485 1178 3553 Πατρὸς
1208 3485 1297 3537 τὸν
1332 3486 1538 3555 Ἰσραὴλ
1566 3487 1809 3539 ὑποδεδε-

232 3578 490 3649 γμένον.
522 3573 691 3634 Αὐτὸς
712 3572 754 3624 δ’
777 3569 867 3623 οὖν
887 3566 1036 3633 οὗτος
1067 3574 1094 3622 0
1118 3573 1315 3643 Κύριος
1344 3575 1433 3626 καὶ
1457 3574 1543 3625 διὰ
1556 3575 1660 3626 τῶν
1682 3592 1809 3644 προ-

232 3665 529 3736 κειμένων
561 3663 617 3712 ὲν
646 3660 860 3729 βοηθείᾳ
882 3658 972 3710 τοῦ
1005 3658 1256 3726 Ὑψίστου
1285 3665 1552 3715 κατοικεῖν
1578 3664 1806 3731 ἐλέγετο,

231 3752 590 3821 καταφυγήν
616 3766 674 3801 τε
706 3750 893 3802 ἑαυτοῦ
918 3750 1005 3802 τὸν
1028 3751 1285 3818 ’Ὕψιστον
1306 3748 1590 3813 τεθεῖσθαι,
1616 3752 1809 3824 δηλαδὴ

231 3844 339 3894 τὸν
373 3836 575 3891 ἑαυτοῦ
614 3836 868 3905 Πατέρα.
903 3836 992 3887 Διὸ
1024 3836 1263 3888 λέλεκται
1296 3838 1428 3906 πρὸς
1457 3839 1641 3891 αὐτόν·
1694 3842 1810 3893 ’Ότι

234 3932 330 3985 σὺ
358 3970 377 3993 ,
406 3928 586 3992 Κύριε
606 3965 619 3988 ,
654 3926 827 3988 ἐλπίς
850 3944 997 3991 μου,
1026 3926 1130 3979 τὸν
1161 3928 1442 3993 Ὕψιστον
1467 3929 1602 3981 ἔθου
1632 3946 1807 3984 κατα-

236 4012 469 4086 φυγήν
495 4026 630 4064 σου.
691 4013 835 4071 Ἐπεὶ
859 4012 914 4064 δὲ
958 4012 1373 4082 Ἰουδαῖκώτερον
1399 4016 1427 4066 0
1468 4014 1690 4079 Ἀκύλας
1721 4019 1811 4071 καὶ

240 4108 270 4159 0
299 4105 611 4173 Σύμμαχος
636 4102 734 4170 τὴν
764 4102 1048 4170 ἑρμηνείαν
1078 4103 1409 4157 ὲκτεθείκασι
1430 4145 1443 4166 ,
1479 4106 1809 4177 ὑφορώμενοι

241 4198 309 4251 τὸ
349 4196 492 4263 περὶ
534 4191 623 4244 τοῦ
670 4192 912 4259 Ὑψίστου
946 4192 1038 4244 καὶ
1072 4195 1309 4263 περὶτοῦ
1337 4196 1534 4263 Κυρίου
1564 4198 1811 4250 ἀποδεδο-

245 4289 427 4358 μένον
462 4285 592 4353 ἡμῖν
632 4282 833 4351 δόγμα’
870 4284 961 4333 καὶ
990 4284 1018 4333 0
1065 4284 1159 4351 μὲν
1214 4285 1436 4348 Ἀκύλας
1479 4289 1813 4355 ήρμήνευσεν

243 4374 465 4429 εεταρν·
502 4372 629 4423 Ὀτι
656 4370 755 4431 σὺ,
778 4370 968 4435 Κύριε,
999 4371 1171 4436 ἐλπίς
1192 4390 1338 4439 μου,
1391 4375 1648 4441 ὕψιστον
1688 4377 1814 4443 ἐθη-

245 4482 334 4518 κα
392 4457 847 4525 κατοικητήριον
877 4472 1021 4510 σουν
1063 4460 1091 4510 0
1133 4458 1187 4510 δὲ
1228 4461 1541 4530 Σύμμαχος·
1578 4464 1658 4515 Σὺ
1685 4464 1810 4532 γὰρ,

249 4553 390 4616 Θεέ,
425 4548 645 4617 ἀεροὸἰα
682 4564 823 4615 μου,
856 4548 1121 4613 ὐψίστην
1152 4548 1291 4601 ἔθου
1327 4548 1438 4615 τὴν
1468 4552 1814 4616 κατοίκησιν

247 4659 408 4700 σουο
448 4637 710 4709 τηρητέον
748 4635 957 4705 πρῶτον
989 4636 1083 4703 μὲν
1109 4674 1124 4698 ,
1165 4636 1238 4698 ὡς
1280 4638 1311 4705 ὴ
1350 4638 1565 4707 πέμπτη
1610 4639 1815 4702 ἕκδοσις

250 4732 483 4802 συνᾴδει
515 4730 627 4788 τοῖς
657 4725 1078 4794 Ἐὁδομήκοντα,
1120 4725 1335 4793 φήσασα
1363 4725 1455 4776 καὶ
1478 4726 1609 4795 αὐτή
1628 4742 1642 4757 ο
1690 4727 1815 4778 Ὅτι

248 4824 362 4885 σὺ,
391 4818 594 4884 Κύριε,
617 4814 786 4877 ἐλπίς
810 4830 945 4880 μου,
970 4812 1075 4864 τὸν
1100 4815 1380 4879 Ὕψιστον
1402 4813 1539 4867 ἔθου
1566 4831 1813 4883 καταφυ-

251 4910 378 4981 τήν
407 4921 530 4962 σου
552 4921 565 4934 ⁸
599 4903 876 4972 δεύτερον,
908 4902 982 4963 ὡς
1014 4903 1045 4969 ἠ
1086 4901 1343 4972 Ἐὁραῖκὴ
1379 4902 1559 4971 φωνὴ,
1607 4903 1812 4955 Ἐλίων

252 4998 597 5071 περιέχουσα
628 4992 717 5043 τὸν
747 4990 998 5058 Ὕψιστον
1019 4990 1183 5058 δηλοῖ.
1214 4988 1454 5057 Εὖρομεν
1481 4988 1611 5055 γοῦν
1634 4992 1689 5042 ὲν
1715 4997 1807 5053 νςθ

232 5070 466 5160 *ψαλμῷ
494 5083 739 5153 κείμενον
762 5080 822 5133 τὺ
840 5120 854 5142 ,
874 5079 1230 5146 Κεκράξομαι
1253 5078 1400 5144 πρὸς
1419 5077 1522 5129 τὸν
1542 5080 1685 5132 Θεὸν
1707 5080 1810 5136 τὸν

254 5182 562 5248 ὕψιστονο
598 5171 725 5224 ἔνθα
757 5170 873 5222 ἀντὶ
901 5168 991 5220 τοῦ
1015 5207 1028 5229 ,
1054 5167 1156 5219 τὸν
1187 5167 1474 5233 ὕψιστον,
1504 5166 1565 5220 τὸ
1598 5168 1807 5237 Ἑϐραῖ-

255 5270 357 5323 κδν
427 5262 641 5317 Ἐλιων
695 5259 950 5328 περιέχει,
999 5258 1071 5320 ὼς
1115 5258 1204 5310 καὶ
1263 5255 1354 5307 ἐπὶ
1401 5253 1491 5307 τοῦ
1528 5258 1808 5326 παρόντος.

259 5359 381 5410 Οὐκ
409 5354 519 5421 ἄρα
546 5350 649 5419 χρὴ
681 5346 1021 5416 βιαζομένους
1058 5348 1154 5416 τὴν
1179 5341 1430 5410 ἀλήθειαν
1451 5340 1810 5411 διαστρέφειν.

261 5443 380 5497 Καὶ
429 5438 603 5497 ἄλλως
632 5434 719 5495 δὲ,
749 5435 899 5501 ειπερ
936 5431 1068 5485 κατὰ
1100 5430 1186 5482 τὸν
1232 5425 1453 5478 Ἀκύλαν
1488 5428 1625 5497 πρὸς
1655 5431 1815 5483 αὐτὸν

263 5533 362 5585 τὸν
413 5526 616 5596 Κύριον
666 5521 927 5584 λέλεκται,
1030 5521 1147 5572 ’Ὁτι
1199 5514 1279 5567 σὺ
1302 5552 1316 5575 ,
1379 5516 1582 5582 Κύριε,
1639 5518 1815 5585 ἐλπίς

260 5637 411 5692 μου,
483 5615 742 5682 ὕψιστον
790 5609 968 5683 ἔθηκα
1009 5603 1338 5674 οἱκητήριόν
1382 5618 1517 5658 aov'
1576 5604 1610 5673 ἢ
1673 5609 1814 5661 κατὰ

1902 650 2088 699 simum
2131 647 2349 714 posuisti
2392 648 2643 716 refugium
2679 657 2856 709 tuum;
2903 652 3241 718 apertissime
3258 652 3437 706 decla-

1902 749 2027 788 rans
2049 734 2330 788 Dominum
2360 748 2477 787 esse
2500 734 2564 785 ad
2580 749 2734 802 quem
2760 734 2870 787 hare
2900 737 3076 789 omnia
3098 737 3432 791 dicebantur.

1902 820 2034 875 Cum
2069 822 2215 874 nulla
2258 820 2399 874 enim
2435 821 2488 873 in
2528 820 2703 874 medio
2746 835 2985 889 persona:
3032 824 3256 875 mutatio
3291 824 3434 879 facta

1904 911 1993 975 sit,
2032 912 2209 964 omnia
2241 925 2344 963 una
2377 912 2656 971 sententia,
2691 911 2840 978 quasi
2889 912 2977 964 uni
3020 912 3184 971 dicta,
3214 914 3437 967 concin-

1904 1009 2027 1053 nata
2055 1010 2199 1061 sunt,
2230 1014 2293 1052 ac
2332 999 2414 1053 his
2452 1000 2627 1053 verbis
2659 1000 2800 1052 clare
2830 1000 3161 1068 signiﬁcatur
3188 1001 3397 1056 declara
3417 1030 3432 1043 -

1903 1098 2093 1158 turque
2126 1091 2245 1157 quis
2282 1090 2369 1141 ille
2400 1089 2468 1141 sit
2502 1107 2514 1139 :
2542 1090 2797 1153 Quoniam
2830 1098 2883 1140 tu
2926 1106 3000 1152 es,
3043 1088 3279 1155 Domine,
3320 1105 3433 1157 spes

1904 1197 2037 1241 mea,
2062 1180 2386 1231 Altissimum
2416 1180 2633 1245 posuisti
2654 1179 2905 1248 refugium
2928 1188 3090 1232 tuum.
3111 1178 3245 1243 Quia
3266 1180 3429 1241 enim,

1905 1268 2095 1335 inquit,
2143 1275 2222 1330 tu,
2270 1266 2508 1328 Domine,
2542 1267 2597 1319 in
2635 1282 2793 1336 quem
2838 1282 2935 1337 ego
2971 1268 3198 1335 speravi,
3224 1267 3436 1321 Altissi-

1904 1370 2069 1417 mum,
2118 1355 2171 1407 id
2220 1362 2301 1408 est
2335 1369 2641 1422 supremum
2698 1354 2864 1408 Deum
2906 1364 2958 1409 et
3012 1355 3222 1410 Patrem
3259 1363 3431 1421 tuum,

1904 1444 2164 1513 refugium
2199 1454 2345 1496 tuum
2392 1445 2640 1513 posuisti,
2679 1444 2800 1498 ideo
2831 1459 2937 1497 non
2967 1444 3222 1498 accedent
3255 1444 3318 1498 ad
3354 1455 3429 1507 te,

1905 1550 2076 1603 neque
2108 1535 2292 1596 millia,
2329 1550 2501 1602 neque
2530 1535 2709 1587 decem
2759 1535 2943 1597 millia,
2991 1550 3088 1588 nec
3138 1536 3311 1603 laquei
3341 1550 3435 1587 ve-

1906 1626 2167 1687 nantium,
2199 1639 2369 1692 neque
2407 1624 2549 1677 aliud
2591 1624 2860 1693 quidpiam
2907 1640 2971 1678 ex
3005 1625 3348 1679 memoratis:
3382 1632 3437 1679 et

1907 1716 2029 1783 quia
2056 1723 2132 1776 tu,
2174 1714 2412 1777 Domine,
2445 1730 2566 1783 spes
2605 1716 2706 1767 mei
2739 1731 2796 1769 es
2826 1716 2938 1767 haec
2965 1714 3190 1769 dicentis
3224 1734 3236 1768 :
3271 1715 3435 1767 Altis-

1907 1804 2095 1855 simum
2121 1804 2339 1870 posuisti
2370 1804 2623 1871 refugium
2655 1812 2838 1865 tuum;
2876 1803 2995 1858 ideo
3037 1804 3190 1855 initio
3232 1810 3436 1856 sermo-

1905 1891 1989 1945 nis
2020 1892 2084 1944 de
2114 1899 2163 1944 te
2207 1892 2447 1945 dicebam
2484 1909 2498 1942 :
2534 1892 2635 1955 Qui
2658 1891 2857 1943 habitat
2899 1892 2953 1944 in
2986 1892 3245 1959 adjutorio
3275 1892 3437 1945 Altis-

1906 1981 2042 2041 simi,
2079 1987 2169 2032 aut
2197 1996 2210 2031 :
2245 1980 2349 2044 Qui
2369 1980 2568 2031 habitat
2590 1982 2642 2032 in
2673 1980 2972 2033 abscondito
3000 1982 3277 2042 Altissimi,
3308 1983 3434 2051 quia

1905 2068 1959 2120 in
1988 2068 2198 2121 arcanis
2230 2078 2280 2121 et
2310 2069 2537 2123 occultis
2572 2078 2624 2122 te
2662 2070 2967 2124 Altissimus
2996 2071 3137 2125 sedis
3175 2079 3227 2125 et
3255 2070 3433 2124 throni

1905 2166 2205 2211 consortem
2230 2157 2423 2221 effecit,
2454 2167 2507 2212 te
2543 2160 2622 2212 sic
2662 2160 2938 2227 alloquens
2976 2178 2988 2213 :
3020 2158 3148 2213 Sede
3175 2178 3206 2212 a
3235 2160 3434 2214 dextris

1906 2246 2052 2308 meis,
2092 2245 2251 2298 donec
2288 2261 2475 2313 ponam
2516 2249 2751 2301 inimicos
2782 2259 2896 2301 tuos
2942 2248 3220 2302 scabellum
3251 2250 3435 2319 pedum

1907 2346 2111 2389 tuorum
2132 2338 2200 2389 τ’.

1973 2490 2106 2546 Cum
2150 2500 2324 2546 autem
2354 2493 2659 2548 Altissimus
2682 2493 2769 2547 hic
2799 2509 2895 2562 pro
2924 2510 3174 2563 supremo
3197 2497 3434 2549 omnium

1906 2578 2013 2633 Deo
2042 2580 2395 2650 intelligatur;
2448 2582 2704 2636 Dominus
2757 2588 2934 2635 autem
2995 2599 3091 2651 pro
3148 2582 3280 2636 Filio
3322 2581 3434 2647 Dei,

1905 2670 1996 2737 qui
2036 2670 2367 2724 Altissimum
2401 2674 2575 2740 posuit
2609 2672 2871 2742 refugium
2913 2687 3066 2725 suum
3090 2691 3105 2738 ;
3129 2674 3251 2741 jure
3295 2672 3440 2743 Moy-

1907 2772 1994 2810 ses
2014 2757 2252 2825 ejusdem
2286 2757 2518 2826 Spiritus
2534 2760 2752 2813 numine
2770 2759 2978 2813 amatus
3005 2760 3057 2812 in
3080 2775 3271 2829 magno
3312 2774 3442 2814 can-

1905 2851 2010 2903 tico
2045 2852 2154 2903 haec
2192 2850 2372 2904 docuit
2406 2870 2418 2903 :
2451 2850 2668 2916 Quando
2708 2850 2965 2904 dividebat
2997 2851 3291 2904 Altissimus
3320 2866 3443 2921 gen-

1907 2948 1999 3002 tes,
2031 2950 2087 2992 ut
2110 2940 2479 2994 disseminabat
2510 2941 2649 3007 ﬁlios
2681 2940 2871 3003 Adam,
2904 2940 3167 2992 constituit
3200 2940 3440 2993 terminos

1907 3033 2231 3097 populorum,
2264 3029 2541 3083 secundum
2585 3047 2853 3082 numerum
2893 3031 3188 3099 angelorum
3231 3029 3339 3082 Dei.
3374 3028 3441 3081 Et

1910 3119 2051 3187 facta
2082 3128 2163 3172 est
2201 3121 2368 3186 portio
2401 3119 2611 3171 Domini
2637 3119 2853 3185 populus
2878 3119 2988 3186 ejus
3015 3118 3201 3180 Jucob,
3236 3118 3442 3183 funicu-

1908 3210 1988 3261 lus
2034 3208 2351 3260 hwreditatis
2406 3208 2516 3274 ejus
2582 3206 2749 3259 Israel
2790 3208 2858 3262 ⁷³.
2914 3206 3007 3259 His
3046 3206 3183 3259 enim
3236 3205 3441 3275 Moyses

1906 3298 2067 3350 Deum
2102 3297 2393 3365 ingenitum
2418 3296 2622 3364 liquido
2649 3296 2979 3349 Altissimum
3016 3296 3319 3362 appellavit,
3349 3295 3469 3362 qui.

1904 3396 2086 3456 gentes
2146 3395 2296 3439 terra:
2351 3386 2552 3454 angelis
2608 3386 2721 3439 suis
2780 3385 3085 3447 distrihuit;
3161 3383 3441 3437 Dominum

1902 3490 2029 3529 vero
2077 3473 2269 3527 Filium
2318 3473 2432 3535 Dei,
2466 3474 2556 3543 qui
2607 3474 2851 3528 lsraelem
2892 3488 2921 3525 a
2972 3472 3129 3527 Patre
3186 3474 3440 3541 suscepit.

1904 3564 2001 3618 llic
2049 3580 2174 3635 ergo
2225 3568 2340 3634 ipse
2412 3564 2667 3618 Dominus
2738 3565 2790 3616 in
2854 3562 3119 3630 adjutorio
3182 3561 3441 3615 Altissimi

1905 3655 2143 3713 habitare
2212 3655 2589 3716 allirmahatur,
2661 3660 2715 3707 et
2781 3652 3114 3707 Altissimnm
3197 3654 3444 3720 posuisse

1904 3745 2163 3814 refugium
2211 3760 2386 3808 suum,
2427 3744 2672 3797 videlicet
2716 3742 2925 3796 Patrem
2970 3757 3145 3796 suum.
3178 3743 3445 3806 Quamob-

1905 3851 2015 3889 rem
2054 3834 2253 3888 dictum
2312 3843 2394 3889 est
2449 3835 2525 3888 illi
2581 3853 2593 3887 :
2648 3834 2907 3898 Quoniam
2957 3844 3013 3886 tu
3071 3850 3145 3892 es.
3208 3831 3441 3895 Domine,

1905 3938 2016 3988 spes
2050 3938 2179 3983 mea,
2210 3923 2536 3975 Altissimum
2566 3921 2786 3989 posuisti
2822 3920 3077 3988 refugium
3114 3932 3277 3973 tuum.
3309 3919 3445 3984 Quia

1904 4027 2031 4066 vero
2093 4013 2283 4081 Aquila
2332 4020 2385 4065 et
2429 4011 2779 4081 Symmachus
2832 4009 2992 4061 modo
3045 4008 3109 4061 ad
3166 4009 3445 4061 Judaicam

1908 4102 2225 4157 sententiam
2286 4102 2507 4170 propius
2562 4100 2851 4153 accedente
2907 4098 3239 4165 interpretati
3296 4107 3442 4162 sunt,

1910 4184 2210 4239 doctrinam
2244 4201 2274 4240 a
2306 4187 2460 4245 nobis
2490 4187 2555 4239 de
2584 4186 2858 4241 Altissimo
2891 4194 2943 4238 et
2973 4185 3038 4238 de
3072 4184 3295 4237 Domino
3337 4194 3446 4237 tra-

1908 4273 2071 4331 ditam
2120 4284 2421 4343 suspectam
2465 4275 2761 4337 habentes;
2798 4273 2988 4341 Aquila
3042 4274 3182 4327 enim
3245 4273 3444 4335 edidit,

1911 4362 2164 4427 Quoniam
2190 4373 2263 4426 tu,
2313 4363 2547 4425 Domine,
2582 4378 2694 4429 spes
2752 4380 2887 4423 mea,
2936 4363 3249 4419 altissimum
3296 4363 3446 4429 posui

1913 4452 2266 4505 habitaculum
2324 4461 2507 4514 tuum;
2553 4452 2906 4521 Symmachus
2956 4465 3111 4512 vero,
3171 4449 3247 4502 Tu
3288 4450 3444 4513 enim,

1913 4541 2071 4599 Deus.
2093 4542 2285 4609 fiducia
2314 4559 2447 4604 mea,
2472 4542 2785 4595 altissimam
2829 4542 3048 4609 posuisti
3077 4540 3446 4593 habitationem

1912 4642 2085 4691 tuum;
2116 4631 2501 4685 observandum
2534 4631 2706 4699 primo
2724 4639 2825 4691 est.
2853 4631 3099 4698 quintam
3162 4630 3446 4683 editionem

1914 4717 2254 4787 Septuaginta
2283 4718 2665 4786 lnterpretibus
2692 4718 2959 4782 accinere,
2990 4734 3111 4775 nam
3141 4729 3193 4771 et
3224 4719 3338 4786 ipsa
3366 4716 3445 4771 sic

1910 4807 2088 4871 habet,
2121 4807 2374 4872 Quoniam
2410 4816 2485 4869 tu,
2532 4806 2768 4871 Domine,
2800 4823 2910 4875 spes
2959 4823 3093 4870 mea,
3130 4807 3444 4860 altissimum

1909 4898 2131 4964 posuisti
2176 4896 2431 4964 refugium
2486 4906 2631 4949 tuum
2673 4912 2691 4959 ;
2728 4897 2983 4961 secundo,
3017 4896 3325 4951 Hehraicam
3353 4911 3445 4951 vo-

1912 5001 2048 5048 cem,
2074 5000 2193 5054 ,quaa
2230 4985 2383 5037 Elian
2410 4984 2907 5039 habetAltissimum
2928 4986 3245 5055 signiﬁcare.
3280 4984 3334 5038 In
3361 4999 3446 5040 ινι

1911 5076 2050 5130 enim
2067 5075 2269 5144 psalmo
2284 5074 2361 5128 sic
2374 5089 2685 5141 expressum
2700 5075 2997 5128 invenimus
3013 5077 3057 5105 ⁷⁸
3078 5094 3089 5128 :
3116 5074 3363 5133 Clamabo
3379 5074 3446 5128 ad

1911 5162 2075 5220 Deum
2104 5163 2413 5215 altissimum
2444 5177 2461 5213 :
2499 5162 2587 5215 ubi
2613 5178 2709 5230 pro
2734 5162 2845 5225 illo,
2872 5162 3202 5226 altissimum,
3228 5162 3447 5221 Hebrai-

1913 5267 2035 5307 cum
2057 5252 2343 5318 exemplar,
2369 5249 2541 5311 Elian,
2575 5249 2898 5312 circumfert,
2922 5258 2982 5301 ut
3006 5258 3060 5303 et
3094 5252 3146 5309 in
3177 5250 3444 5315 praesenti.

1910 5341 2025 5395 Non
2058 5349 2267 5408 oportet
2293 5354 2420 5407 ergo
2450 5338 2699 5391 violentia
2730 5346 2941 5391 utentes
2989 5340 3267 5397 veritatem
3296 5357 3447 5395 ever-

1912 5438 2043 5484 tere.
2074 5427 2139 5481 Et
2166 5427 2399 5495 alioquin
2420 5425 2465 5478 si
2488 5423 2779 5479 secundum
2807 5424 3056 5493 Aquilam
3089 5427 3190 5495 ipsi
3220 5426 3447 5486 Domino

1912 5518 2112 5572 dictum
2145 5518 2234 5583 sit,
2266 5516 2520 5583 Quoniam
2553 5524 2606 5567 tu
2630 5531 2705 5579 es,
2728 5513 2965 5579 Domine,
2999 5532 3111 5583 spes
3142 5534 3274 5580 mea,
3295 5517 3444 5570 altis-

1913 5609 2101 5662 simum
2147 5608 2296 5675 posui
2347 5604 2695 5665 habitaculum
2760 5613 2938 5666 tuum;
2999 5613 3092 5660 aut
3155 5605 3445 5666 secundum

345 5770 391 5802 τι
430 5764 573 5822 ιεηι,
607 5775 725 5822 αι,
762 5759 807 5811 ι.
879 5758 921 5789 ’³
958 5756 1095 5813 Deut.
1127 5766 1274 5807 mm
1300 5790 1313 5808 .
1352 5754 1397 5809 8.
1434 5756 1478 5808 9.
1564 5756 1612 5786 ⁷³
1676 5756 1823 5814 Psal.
1857 5776 1941 5816 ιγι
2007 5760 2060 5815 5.
