3848 6416
250 316 284 368 1
305 314 411 370 153
1370 310 1863 373 ΟΟΜΜΕΝΤΑΒΙΑ

241 428 386 487 ταῖς
418 426 649 496 ἡμέραις
684 431 897 495 νύκτας.
918 429 1136 486 Μέλλων
1157 432 1262 501 γὰρ
1284 432 1375 484 ἐπὶ
1394 432 1454 484 τὸ
1481 431 1804 500 Εὐαγγέλιον
1831 436 1875 492 Α

237 516 363 586 τῆς
390 517 484 570 τοῦ
510 518 641 572 Θεοῦ
671 521 938 590 βασιλείας
970 524 1249 593 παριέναι,
1278 524 1405 592 πρὶν
1430 524 1686 595 ἄρξασθαι
1712 525 1802 577 τοῦ

234 608 617 678 κηρύγματος
633 651 648 673 ,
675 613 767 664 καὶ
791 613 892 680 πρὸ
915 616 1010 682 τῆς
1042 614 1118 675 είς
1141 611 1451 681 ἀνθρώπους
1472 613 1801 681 εὐεργεσίας,

230 698 354 751 ἐπὶ
369 700 471 762 τάς
490 700 683 770 ἐχθρὰς
698 702 789 754 καὶ
809 702 1064 772 πολεμίας
1082 702 1173 755 τοῦ
1189 702 1294 755 τῶν
1309 702 1404 754 ἀνθ
1413 702 1603 773 ρώπων
1620 704 1806 770 γένους

226 787 521 863 δυνάμεις
547 791 798 860 ἀνήγετο·
832 792 1005 855 ὅπως,
1034 792 1240 854 ὲκείνας
1268 791 1484 861 πρώτας
1510 809 1805 860 καταγωνι-

232 878 501 947 σάμενος
529 882 621 933 καὶ⁹
649 881 903 944 καθελὼν,
924 880 1091 944 οὕτως
1111 880 1201 935 ἐπὶ
1220 882 1317 951 τὴν
1335 881 1442 935 τῶν
1462 883 1623 936 πάλαι
1645 900 1806 935 κατα-

229 970 612 1039 πονουμένων
653 971 912 1042 λύτρωσίν
948 990 1005 1025 τε
1046 973 1137 1025 καὶ
1182 972 1482 1041 ἐλευθερίαν
1530 974 1802 1044 παρέλθοι.

245 1057 480 1131 Ἐχρῆν
511 1061 616 1132 γὰρ
651 1062 842 1123 αὐτοὺς
872 1062 935 1133 δὴ
967 1062 1194 1131 μάλιστα
1223 1063 1467 1134 πρώτους
1498 1066 1619 1126 τοὺς
1656 1065 1803 1133 παρὰ

228 1152 403 1202 πᾶσι
432 1154 545 1214 τοῖς
573 1153 743 1205 ἔθνεσι
770 1152 922 1214 θεοὺς
944 1147 1078 1205 εἶναι
1109 1153 1444 1222 νομίσαντας,
1472 1154 1681 1215 καὶτὰς
1700 1154 1806 1206 τῶν

228 1238 361 1310 ἁγθ
371 1240 574 1308 ρώπων
593 1241 765 1309 ψυχὰς
781 1240 1171 1311 αἰχμαλώτους,
1195 1240 1300 1293 ἀπὸ
1318 1240 1417 1310 τῆς
1440 1240 1531 1292 τοῦ
1546 1240 1652 1293 τῶν
1672 1241 1805 1294 ὅλων

224 1328 402 1382 Θεοῦ
428 1331 677 1398 γνώσεώς
702 1349 760 1384 τε
782 1333 873 1384 καὶ
890 1330 1161 1393 εὐσεϐείας
1182 1330 1618 1399 ἀφαρπάσαντας,
1644 1331 1806 1385 καθυ-

225 1420 501 1483 ποτάξαι
518 1424 610 1473 καὶ
631 1420 728 1489 τῆς
748 1422 1048 1490 τυραννίδος
1067 1423 1332 1477 καθελεῖν·
1368 1418 1467 1474 εἷθ’
1486 1419 1652 1483 οὕτως
1674 1422 1805 1474 ἃπα-

223 1524 346 1560 σιν
385 1510 692 1580 ἀνθρώποις
711 1511 769 1562 τὸ
796 1511 1118 1579 Εὐαγγέλιον
1143 1510 1241 1580 τῆς
1261 1511 1352 1564 τοῦ
1379 1512 1511 1565 Θεοῦ
1538 1511 1804 1581 βασιλείας

219 1601 621 1670 παραδοῦναι.
674 1602 763 1654 Διὸ
793 1601 854 1670 δὴ
894 1601 997 1670 πρὸ
1036 1602 1210 1671 πάσης
1239 1601 1613 1672 ἱστορουμένης
1642 1602 1802 1655 αὑτοῦ

220 1689 520 1757 πράξεως
561 1689 784 1758 ἀνήγετο
826 1691 904 1751 είς
933 1689 1028 1760 τὴν
1076 1688 1275 1760 ἔρημον
1319 1690 1669 1759 πειρασθῆναι
1703 1689 1804 1742 ὑπὸ

219 1776 348 1829 τοῦ
384 1778 630 1830 διαϐόλου
649 1795 663 1808 ·
706 1779 799 1832 καὶ
826 1774 893 1848 ἦν
934 1758 1065 1847 μετά
1226 1758 1457 1849 θηρίων,
1487 1778 1561 1841 ὥς
1593 1796 1750 1847 φησιν
1776 1781 1803 1831 ὁ
1835 1758 1873 1812 Β

222 1864 679 1934 εὐαγγελιστὴς,
712 1865 871 1935 θηρία
913 1866 1214 1935 προσειπὼν
1245 1868 1340 1929 τὰς
1383 1867 1803 1937 ἁπηγριωμένας

221 1952 348 2005 καὶ
378 1950 666 2020 θηριώδεις
691 1955 925 2021 πονηρὰς
950 1954 1218 2022 δυνάμεις.
1268 1954 1413 2006 Αὑτὰ
1434 1954 1494 2024 δὴ
1520 1951 1620 2029 οὖν⁹
1635 1955 1805 2007 ταῦτα

222 2032 410 2094 val/0
453 2039 640 2109 παρὼν
670 2040 877 2110 ψαλμὸς
906 2045 1277 2111 προαναφωνεί
1302 2043 1615 2113 προφητικῷ
1640 2042 1804 2097 Ilvati-

227 2145 383 2198 ματι
404 2128 731 2194 ἀναγκαίως.
756 2128 864 2198 Χρὴ
881 2128 1004 2198 γὰρ,
1017 2129 1101 2181 διὰ
1113 2130 1218 2181 τῶν
1233 2129 1526 2199 ἔμπροσθεν
1541 2132 1807 2202 διδαχθέν-

224 2236 342 2280 τας
368 2219 442 2271 τὰ
466 2219 592 2287 περὶ
614 2219 711 2287 τῆς
730 2221 806 2281 είς
829 2219 1141 2289 ἀνθρώπους
1162 2222 1455 2289 παρουσίας
1480 2223 1573 2275 τοῦ
1597 2240 1805 2293 προφη-

222 2321 375 2359 τευο
384 2306 571 2375 μένου,
590 2307 760 2360 καὶτὰ
781 2309 904 2377 περὶ
924 2309 1019 2377 τῆς
1034 2309 1289 2379 ἐνσάρκου
1306 2313 1601 2381 γεννήσεως
1619 2313 1801 2377 αὑτοῦ,

224 2396 308 2447 τά
332 2411 405 2445 τε
433 2395 679 2464 περὶτοῦ
714 2396 958 2457 θανάτου,
983 2398 1126 2459 ὅπως
1146 2414 1203 2449 τε
1225 2400 1288 2450 ἐκ
1321 2400 1625 2469 σπέρματος
1652 2402 1809 2454 Δαυῒδ

222 2483 677 2555 προελεύσεσθαι
691 2486 926 2554 προκεκή
935 2485 1415 2555 ρυκτο,ἀκολούθως
1427 2490 1614 2541 καὶτὸν
1625 2489 1808 2557 ἀγῶνα

227 2574 449 2644 μαθεῖν
476 2575 623 2642 ἡμᾶς
652 2574 710 2625 ὃν
740 2575 908 2645 ἤρατο
935 2576 1073 2629 κατὰ
1107 2578 1213 2630 τῶν
1241 2579 1622 2647 ἀντικειμένων
1651 2579 1807 2631 δυνά-

227 2680 423 2735 μεων.
442 2664 629 2717 Ταῦτα
649 2660 785 2733 οὖνὴ
804 2666 1048 2735 παροῦσα
1069 2664 1355 2737 παρίστησι
1376 2668 1669 2737 προφητεία
1691 2683 1811 2738 προ-

224 2755 507 2821 λέγουσα,
519 2755 617 2806 ὅσα
635 2755 771 2807 κατὰ
793 2756 888 2825 τὴν
906 2755 1103 2826 ἔρημον
1119 2756 1398 2826 ὑπέμεινεν
1419 2758 1499 2824 ἐφ’
1519 2757 1662 2820 ὅλαις
1680 2760 1812 2827 ἡμέ-

225 2862 374 2914 ραις
396 2851 448 2914 μ’
467 2845 560 2897 καὶ
576 2845 687 2909 νυξὶ
706 2848 823 2906 ταῖς
847 2846 982 2907 ἴσαις
1001 2846 1380 2917 πειραζόμενος
1404 2848 1505 2900 ὑπὸ
1523 2847 1613 2901 τοῦ
1640 2848 1812 2900 διαϐό-

223 2937 356 2989 λου.
381 2936 657 3004 θηρευταὶ
679 2934 785 3005 γὰρ
811 2931 949 3004 ἦσαν
976 2938 1099 3005 περὶ
1122 2934 1279 2989 αὑτὸν
1301 2937 1515 3008 ἀόρατοι
1537 2937 1809 3007 δυνάμεις,

225 3024 489 3093 παγίδας
541 3023 686 3091 αὑτῷ
717 3024 1225 3087 κατασκευάζουσαι.
1260 3025 1366 3076 Καὶ
1399 3026 1454 3078 αἱ
1504 3026 1601 3094 μὲν
1630 3025 1805 3091 λόγοις

223 3114 625 3185 ταραχώδεσιν
656 3114 812 3164 αὐτὸν
843 3113 1082 3182 θορυϐεῖν
1102 3114 1447 3183 πειρώμεναι,
1479 3115 1603 3168 αἰδὲ
1631 3115 1810 3183 φοϐεῖν

224 3210 393 3264 κατὰ
434 3206 536 3267 τὰς
583 3204 808 3265 νύκτας,
844 3204 936 3256 καὶ
980 3204 1136 3256 πάλιν
1180 3204 1309 3257 ἄλλα
1341 3204 1407 3255 δι’
1440 3205 1647 3275 ἡμέρας
1679 3205 1802 3273 βέλη

223 3300 418 3373 νοητὰ
462 3295 770 3364 πέμπουσαι
812 3297 929 3347 κατ’
958 3295 1148 3348 αὑτοῦ·
1195 3295 1286 3348 καὶ
1319 3292 1469 3357 αὖθις
1498 3295 1677 3365 ἕτεραι
1705 3295 1804 3347 οὐκ

224 3382 570 3456 ὠνομάσθαι
598 3383 725 3451 ἡμῖν
752 3418 766 3443 ,
814 3381 930 3434 οὐδὲ
977 3381 1224 3451 λεχθῆναι
1254 3382 1541 3452 δυνάμεναι
1588 3382 1804 3452 θνηταῖς

223 3479 474 3538 ἀκοαῖς,
501 3473 594 3525 τὸν
620 3472 737 3525 κατ’
757 3470 918 3525 αὐτοῦ
948 3471 1243 3544 πειρασμὸν
1268 3472 1769 3543 πραγματευόμεναι
1785 3490 1798 3503 -

224 3566 256 3620 ὃ
288 3566 369 3635 δὴ
412 3560 667 3631 σημαίνει
700 3560 919 3627 φάσκων
944 3562 971 3612 ὁ
1002 3561 1173 3627 λόγος,
1218 3561 1357 3613 Ἀπὸ
1380 3559 1712 3629 πράγματος
1734 3561 1803 3612 ἐν

225 3656 459 3709 σκότει
484 3648 977 3716 διαπορευομένου
992 3665 1006 3677 ·
1024 3647 1160 3699 Ἀνθ’
1192 3642 1250 3701 οὗ
1274 3650 1301 3700 ό
1335 3648 1429 3716 μὲν
1464 3647 1685 3709 Ἀκύλας
1705 3649 1737 3717 ἡ
1746 3664 1803 3717 ρ-

1835 3074 1876 3129 C

231 3747 548 3817 μήνευσεν,
564 3738 705 3792 Ἀπὸ
718 3738 976 3807 ῥήματος
989 3738 1056 3790 ἐν
1069 3737 1404 3806 σκοτομήνῃ
1421 3751 1699 3804 περιπατο
1706 3736 1803 3789 ῦν-

226 3853 345 3902 τος
367 3852 384 3865 ο
420 3833 453 3883 ὁ
482 3831 539 3883 δὲ
567 3829 879 3899 Σύμμαχος,
912 3828 1059 3882 Οὐδὲ
1093 3830 1301 3897 λοιμὸν
1329 3828 1477 3897 ζόφῳ
1501 3828 1799 3881 ὀδεύοντα.

310 3981 469 4050 Ἤδη
497 3979 554 4031 δὲ
568 3977 660 4030 καὶ
686 3976 751 4030 τὰ
768 3977 1110 4030 ἀναιδέστατα
1137 3976 1229 4029 καὶ
1255 3976 1541 4045 ἀρχοντικὰ
1564 3975 1667 4028 τῶν
1684 3975 1801 4027 δαι-

232 4072 477 4145 μονίων,
510 4067 577 4120 τὰ
598 4068 653 4118 ὲν
673 4067 807 4136 αὐτῇ
827 4069 891 4136 τῇ
923 4066 1230 4136 μεσημϐρίᾳ
1258 4064 1350 4118 καὶ
1377 4068 1442 4136 τῇ
1469 4064 1558 4118 τοῦ
1578 4062 1799 4135 ἡλιακοῦ

230 4161 430 4234 φωτὸς
477 4159 631 4227 ἀκμῇ
680 4155 955 4225 τολμῶντα
986 4155 1449 4225 παραφαίνεσθαι,
1495 4154 1799 4223 προσῄεσαν

229 4251 422 4321 αὐτῷ.
460 4245 582 4299 Τῶν
613 4244 721 4315 γὰρ
769 4245 939 4298 ἄλλων
979 4244 1037 4296 τὸ
1087 4246 1280 4297 οἰκεῖον
1314 4243 1499 4306 σκότος
1543 4244 1801 4313 μεταδιω-

232 4344 481 4400 κόντων,
514 4343 610 4389 καὶ
643 4336 699 4388 ὲν
730 4334 861 4406 μόνῃ
895 4334 1046 4386 νυκτὶ
1072 4333 1389 4401 φαντασιοῦν
1417 4332 1699 4397 εἰωθότων,
1732 4331 1798 4385 τὰ

231 4429 614 4489 ἀναιδέστατα
645 4426 737 4478 καὶ
767 4425 830 4476 δι’
852 4423 1058 4493 ἡμέρας
1088 4423 1258 4491 τολμᾷ
1285 4422 1582 4489 φαίνεσθαι,
1617 4423 1708 4474 καὶ
1741 4422 1797 4473 ὲν
1832 4425 1869 4478 D

236 4524 452 4595 μέσαις
477 4514 671 4583 αὐγαῖς
698 4513 865 4584 ἡλίου.
880 4511 1109 4565 Τοιαῦτα
1128 4512 1182 4564 δὲ
1204 4508 1270 4581 ἦν
1290 4511 1357 4563 τὰ
1383 4513 1473 4564 καὶ
1494 4512 1569 4580 τῷ
1589 4511 1798 4581 Σωτῆρι

236 4612 508 4666 ἐπιόντα·
547 4604 662 4675 μεθ’
696 4603 904 4673 ἡμέραν
963 4602 1056 4672 μὲν
1102 4596 1191 4654 οὖν
1237 4600 1460 4653 τοιαῦτά
1497 4618 1614 4652 τινα
1654 4600 1799 4671 αὐτῷ

237 4700 507 4774 προσῄει,
536 4693 675 4748 κατὰ
696 4694 751 4745 δὲ
770 4693 867 4755 τὰς
886 4690 1079 4753 νύκτας
1098 4690 1275 4761 ἕτερα.
1295 4690 1381 4741 Διὸ
1408 4690 1614 4759 εἴρηται
1637 4688 1761 4758 ἑξῆς
1781 4704 1795 4719 ·

243 4792 332 4843 Οὐ
368 4781 691 4856 φοϐηθήσῃ
728 4778 844 4833 ἀπὸ
887 4780 1069 4846 φόϐου
1118 4778 1484 4843 νυκτερινοῦ,
1534 4779 1627 4830 καὶ
1676 4778 1794 4831 ἀπὸ

238 4875 596 4945 πράγματος
616 4869 685 4921 ἐν
710 4868 909 4920 σκότει
933 4864 1442 4935 διαπορευομένου.
1480 4866 1712 4935 Ὀρῶντα
1739 4866 1794 4918 δὲ

239 4966 413 5023 αὐτοῦ
441 4963 541 5031 τὴν
566 4961 772 5030 ἄμαχον
798 4958 891 5010 καὶ
922 4957 1178 5028 ἀήττητον
1203 4954 1444 5025 δύναμιν,
1474 4956 1605 5024 ὁμοῦ
1640 4956 1796 5009 πάλιν

240 5048 616 5129 ἀθροιζόμενα
670 5050 809 5103 κατά
866 5049 1027 5118 στίφη
1085 5047 1373 5118 προσίεσαν
1423 5046 1567 5115 αὑτῷ
1620 5047 1794 5118 πλήθη

240 5147 536 5214 δυνάμεων
574 5137 974 5209 ἀντικειμένων.
1007 5137 1113 5189 Καί
1156 5153 1244 5206 μοι
1268 5132 1509 5187 δοκοῦσιν
1550 5136 1598 5185 οί
1632 5137 1795 5189 πάλαι

244 5236 381 5305 παρ’
413 5230 718 5302 ἀνθρώποις
741 5227 1071 5299 νομιζόμενοι
1090 5226 1217 5287 θεοὶ,
1249 5223 1341 5276 καὶ
1369 5222 1434 5274 τὰ
1452 5224 1797 5293 ἀντικείμενα

246 5325 581 5394 πνεύματα,
611 5320 766 5389 ξένην
812 5318 930 5371 τινὰ
980 5317 1135 5385 φύσιν
1173 5314 1263 5366 καὶ
1310 5312 1530 5380 δύναμιν
1585 5314 1802 5368 πάντων

247 5414 436 5469 αὐτῶν
471 5408 851 5479 καθαιρετικὴν
895 5405 1132 5476 θεώμενα
1175 5407 1231 5456 ὲν
1270 5399 1347 5469 τῷ
1388 5400 1656 5471 ἀνθρώπῳ
1708 5404 1800 5457 τοῦ

248 5503 510 5572 Σωτῆρος
538 5499 723 5569 ἡμῶν,
753 5493 883 5564 όμοῦ
916 5494 1161 5564 συνῆχθαι
1201 5488 1582 5557 ἁπανταχόθεν,
1629 5491 1802 5562 ἀθρόα

250 5611 312 5645 τε
348 5588 631 5643 προσιέναι
665 5585 755 5638 καὶ
787 5585 1131 5636 ποοσοήσσειν
1160 5577 1362 5632 ἐθέλειν
1388 5576 1547 5633 αὐτῶ.
1582 5579 1800 5643 Καὶλτά

1900 312 1964 371 ιιι
2003 312 2341 374 PSALMOS.
3310 333 3333 382 ί
3350 332 3448 387 15‘

1903 432 2131 487 eandum
2166 428 2477 502 proditurus
2510 432 2671 494 esset,
2706 435 2988 504 antequam
3018 430 3449 506 praedicationem

1904 523 2081 585 iniret,
2111 535 2163 577 et
2192 529 2478 589 antequam
2511 522 2764 576 beneﬁcia
2798 522 3103 582 hominibus
3132 530 3448 600 impertiret,

1903 612 1969 664 ad
1999 613 2247 666 inimicas
2271 620 2326 665 et
2352 611 2686 668 adversarias
2718 616 2901 683 generi
2950 616 3184 671 humano
3220 621 3453 678 virtutes

1903 701 2167 754 adductus
2217 708 2329 765 est;
2381 708 2437 753 ut
2468 716 2589 755 cum
2648 702 2767 757 illas
2822 704 3028 771 priores
3049 705 3451 766 debellassetet

1902 791 2273 854 destruxisset,
2309 790 2387 844 sic
2440 790 2506 844 ad
2553 805 2737 845 eorum
2778 792 2870 861 qui
2916 792 3042 846 olim
3084 794 3450 864 amigebantur

1903 880 2321 949 redemptionem
2364 888 2417 935 et
2467 880 2765 935 libertatem
2796 882 3086 935 curandam
3110 886 3443 952 procederet.

1901 971 2192 1040 Oportebat
2232 971 2377 1025 enim
2412 971 2587 1040 primo
2620 972 2741 1027 illos
2762 973 2853 1040 qui
2884 973 3025 1041 apud
3048 987 3234 1029 omnes
3260 983 3448 1044 gentes

1903 1076 2000 1129 pro
2018 1062 2123 1116 diis
2140 1060 2546 1131 reputabautur,
2578 1062 2961 1131 hominumque
2981 1063 3187 1118 animas
3209 1065 3450 1133 captivas

1903 1168 1933 1205 a
1962 1152 2269 1221 cognitione
2300 1150 2392 1206 Dei
2424 1153 2793 1206 universorum
2822 1159 2876 1206 et
2904 1166 2933 1204 a
2962 1152 3161 1220 pietate
3199 1153 3450 1220 abripue-

1902 1247 2041 1301 rant,
2072 1239 2340 1307 subigere,
2381 1253 2567 1292 eorum
2608 1240 2942 1307 tyrannidem
2975 1240 3153 1294 delere
3182 1258 3195 1293 :
3225 1239 3446 1295 deinde-

1901 1345 2006 1398 que
2034 1330 2285 1383 omnibus
2317 1329 2627 1384 hominibus
2660 1328 3004 1397 Evangelium
3039 1329 3189 1398 regni
3220 1328 3313 1384 Dei
3337 1338 3448 1383 tra-
3502 1318 3514 1335 ‘

1901 1422 2046 1475 dere.
2099 1419 2437 1489 Quapropter
2482 1427 2607 1473 ante
2651 1434 2839 1473 omnes
2868 1420 3002 1473 alias
3035 1419 3153 1486 ejus
3181 1420 3443 1483 actiones,

1900 1526 2021 1579 qua:
2043 1511 2096 1563 in
2130 1510 2354 1565 historia
2380 1509 2643 1571 feruntur,
2673 1508 2868 1564 ductus
2889 1508 3041 1563 estin
3062 1508 3357 1574 desertum,
3384 1516 3443 1563 ut

1901 1607 2198 1654 tentaretur
2217 1615 2247 1653 a
2271 1599 2505 1665 diabolo,
2525 1606 2744 1668 eratque
2763 1614 2884 1652 cum
2910 1598 3057 1662 feris,
3090 1606 3149 1651 ut
3171 1599 3246 1651 ait
3279 1613 3445 1653 evana

1901 1690 2112 1759 gelista,
2160 1690 2301 1744 feras
2347 1705 2662 1758 nuneupans
2709 1697 2949 1759 agrestes
2999 1690 3121 1745 illas
3164 1698 3217 1744 et
3244 1689 3447 1745 ferinas

1903 1777 2163 1845 malignas
2193 1778 2439 1832 virtutes.
2461 1777 2595 1847 .liaac
2618 1780 2783 1847 igitur
2804 1780 2917 1848 ipsa
2946 1794 3182 1848 praesens
3204 1776 3446 1848 psalmus

1903 1864 2212 1934 prophetico
2230 1864 2431 1932 Spiritu
2449 1866 2752 1920 necessario
2769 1867 3107 1934 praenuntiat.
3126 1864 3230 1919 Par
3248 1865 3446 1936 quippe

1902 1962 2017 2007 erat
2044 1967 2143 2006 nos
2174 1960 2297 2006 ante
2333 1953 2551 2007 edoctos
2589 1969 2652 2007 ea
2702 1970 2821 2023 quae
2863 1955 2979 2022 ejus
3010 1956 3102 2024 qui
3133 1956 3185 2010 in
3213 1956 3443 2025 prophe-

1902 2045 1976 2097 tia
2032 2044 2344 2098 enuntiatur
2402 2043 2686 2098 adventum
2747 2044 2811 2099 ad
2874 2046 3117 2100 homines
3177 2054 3441 2115 spectant.

1903 2148 2109 2189 necnon
2145 2148 2263 2203 qua:
2303 2134 2370 2187 ad
2398 2134 2516 2203 ejus
2540 2134 2811 2188 carnalem
2845 2135 3239 2203 generationem
3273 2136 3441 2204 perti‘

1904 2229 2051 2285 nent,
2084 2223 2148 2275 ad
2202 2229 2426 2276 mortem
2476 2221 2601 2275 item
2630 2223 2765 2291 ejus,
2795 2230 2848 2277 et
2889 2222 2953 2276 ad
3001 2223 3216 2276 modum
3242 2237 3351 2291 quo
3373 2238 3439 2277 ex

1905 2311 2109 2365 semine
2134 2310 2298 2365 David
2323 2311 2630 2379 proditurus
2660 2310 3138 2379 praenuntiabatur,
3164 2310 3439 2376 ediscere;

1904 2413 1968 2452 ac
1997 2408 2385 2469 consequenter
2404 2401 2563 2454 etiam
2588 2400 2654 2453 de
2683 2403 2973 2455 certamine
2994 2401 3132 2470 ejus,
3157 2401 3299 2470 quod
3319 2415 3445 2455 con-

1907 2498 1988 2543 tra
2006 2489 2337 2544 adversarias
2361 2492 2653 2559 potestates
2678 2492 2935 2559 suscepit,
2953 2490 3175 2545 erudiri.
3199 2489 3322 2545 Haec
3341 2491 3443 2561 igi-

1907 2588 1995 2634 tur
2022 2596 2255 2650 prassens
2281 2582 2558 2651 prophetia
2588 2582 2844 2645 declarat,
2860 2581 3226 2651 praenuntiatus
3241 2589 3441 2651 quanta

1908 2670 1963 2724 in
1996 2671 2209 2725 deserto
2252 2671 2527 2737 sustinuit,
2562 2670 2753 2724 diebus
2796 2670 3152 2739 quadraginta
3190 2670 3443 2725 totidem-

1909 2776 2011 2830 que
2037 2761 2280 2815 noctibus
2334 2768 2565 2815 tentatus
2592 2776 2623 2813 a
2669 2759 2901 2815 diabolo.
2926 2758 3222 2815 Venatores
3248 2760 3443 2829 quippe

1910 2851 2058 2904 illum
2101 2850 2527 2915 circumdabant,
2561 2850 2862 2905 invisibiles
2894 2864 3086 2920 nempe
3124 2846 3438 2919 potestates,

1909 2940 2127 3009 laqueos
2188 2940 2290 3009 ipsi
2341 2949 2611 3008 parantes.
2687 2938 2753 2991 Et
2819 2940 2935 2993 alia:
2995 2939 3208 3008 quidem
3262 2940 3442 2994 verbis

1908 3029 2231 3083 turbulentis
2273 3028 2594 3082 conturbare
2650 3026 2823 3096 ipsum
2871 3028 3178 3093 tentabant;
3219 3029 3337 3081 aliae
3385 3028 3439 3081 in

1909 3126 2064 3173 nocte
2094 3116 2525 3187 perterrefacere.
2553 3117 2684 3171 Aliae
2730 3117 2857 3170 item
2905 3116 2959 3170 in
3011 3116 3097 3169 die
3136 3116 3433 3184 spiritualia

1901 3209 2003 3263 tela
2050 3208 2406 3261 immittebant
2440 3206 2493 3259 in
2542 3222 2698 3271 eum;
2732 3221 2942 3260 rursum
2993 3206 3130 3269 aliae,
3169 3220 3288 3275 quae
3336 3219 3438 3259 nee

1898 3298 2165 3351 nominari
2198 3296 2372 3363 nobis,
2403 3310 2502 3350 nec
2565 3295 2671 3348 dici
2720 3295 3038 3349 mortalibus
3064 3295 3286 3349 auribus
3309 3309 3437 3364 pos-

1898 3394 2042 3448 sunt,
2081 3387 2429 3455 tentationeJn
2465 3386 2519 3439 in
2580 3400 2702 3438 eum
2757 3383 3093 3437 adornabant
3124 3402 3138 3437 :
3170 3384 3313 3453 quod
3354 3384 3438 3439 bis

1898 3475 2312 3545 signiﬁeatur,A
2345 3475 2544 3543 negatio
2572 3471 2959 3540 perambulante
2980 3473 3032 3525 in
3066 3471 3307 3525 tenebris.
3327 3469 3433 3525 Pro

1898 3579 2005 3633 quo
2036 3564 2226 3632 Aquila
2274 3563 2489 3632 quidem
2532 3562 2913 3630 interpretatus
2953 3572 3055 3621 est,
3106 3560 3150 3612 A
3183 3559 3329 3613 verba
3379 3561 3433 3614 in

1898 3662 2044 3706 nocte
2075 3653 2221 3704 illum
2244 3650 2635 3719 perambulante
2659 3665 2677 3710 ;
2707 3649 3063 3720 Symmachus
3084 3663 3232 3716 vero,
3258 3647 3433 3718 Neque

1896 3750 2083 3808 pestem
2108 3742 2159 3794 in
2190 3741 2407 3808 caligine
2447 3738 2794 3792 ambulantem

1969 3979 2047 4033 Ad
2076 3981 2187 4033 haec
2214 3995 2341 4033 vero
2368 3979 2527 4033 etiam
2570 3977 3020 4047 impudentissimi
3045 3977 3432 4032 daemoniorum

1897 4069 2188 4140 principes,
2224 4068 2314 4137 qui
2347 4066 2399 4119 in
2432 4066 2677 4128 meridie,
2710 4065 2918 4133 vigente
2954 4066 3082 4120 solis
3103 4066 3241 4128 luce,
3271 4080 3436 4141 appa-

1897 4173 2015 4212 rere
2040 4156 2157 4210 ausi
2189 4162 2332 4216 sunt,
2356 4162 2704 4208 accesserunt
2737 4154 2801 4207 ad
2845 4168 2987 4207 eum.
3021 4152 3152 4207 Nam
3179 4168 3301 4206 cum
3344 4152 3436 4207 alii

1896 4247 2141 4319 proprias
2168 4246 2271 4301 sibi
2327 4246 2576 4299 tenebras
2609 4252 2900 4307 sectentur,
2935 4251 2987 4297 et
3028 4243 3081 4297 in
3112 4244 3224 4297 sola
3280 4249 3438 4297 nocte

1897 4336 2208 4407 phantasia:
2273 4348 2485 4405 movere
2542 4332 2785 4398 soleant;
2849 4331 2940 4400 qui
2987 4330 3436 4400 impudentissimi

1900 4434 2046 4487 sunt,
2073 4424 2232 4477 etiam
2285 4423 2340 4475 in
2368 4421 2454 4476 die
2485 4435 2742 4490 apparere
2774 4420 2994 4484 audent,
3035 4427 3087 4474 et
3139 4421 3192 4474 in
3245 4421 3435 4477 mediis

1900 4513 2171 4569 solaribus
2192 4511 2379 4566 radiis.
2411 4510 2568 4564 Tales
2596 4518 2751 4563 erant
2779 4510 2870 4578 qui
2908 4508 3237 4565 Salvatorem
3263 4511 3437 4565 adorti

1899 4604 2134 4668 sunt;in
2168 4602 2254 4656 die
2297 4615 2527 4669 namque
2576 4597 2888 4667 hujusmodi
2940 4598 3166 4666 spiritus
3211 4599 3435 4653 accede-

1896 4691 2026 4744 bant
2061 4690 2125 4744 ad
2158 4705 2301 4753 eum,
2334 4690 2387 4742 in
2416 4687 2664 4743 noctibus
2697 4698 2871 4742 autem
2893 4688 3005 4740 alii.
3029 4687 3206 4751 Quare
3239 4686 3437 4741 dicitur

1895 4788 2100 4848 postea,
2130 4779 2249 4831 Non
2281 4778 2479 4830 timebis
2507 4794 2539 4829 a
2568 4778 2748 4830 timore
2786 4785 3053 4842 nocturno,
3084 4785 3134 4830 et
3175 4793 3207 4829 a
3235 4778 3435 4847 negotio

1893 4869 2285 4939 perambulante
2334 4868 2389 4921 in
2438 4867 2675 4921 tenebris.
2710 4866 2842 4922 Cum
2886 4875 3062 4921 autem
3107 4866 3354 4921 invictam
3384 4875 3442 4924 et

1900 4961 2313 5029 insuperabilem
2348 4958 2464 5025 ejus
2498 4958 2743 5011 virtutem
2775 4964 3055 5011 cernerent
3078 4997 3090 5018 ,
3123 4957 3333 5027 agmine
3360 4957 3437 5012 si-

1900 5049 2011 5103 mul
2052 5048 2339 5109 instructo,
2392 5044 2677 5097 multitudo
2727 5043 3154 5097 adversariarum
3203 5052 3436 5115 potesta-

1902 5146 2014 5191 tum
2073 5138 2246 5206 ipsum
2303 5148 2552 5204 aggressa
2590 5143 2690 5187 est.
2752 5131 3082 5202 Videturque
3130 5132 3280 5197 mihi,
3311 5133 3432 5188 illos

1901 5230 2050 5290 olim,
2092 5228 2184 5296 qui
2225 5226 2363 5295 apud
2394 5224 2636 5277 homines
2664 5222 2736 5275 dii
2778 5223 3244 5289 existimabantur,
3278 5224 3434 5278 item-

1904 5333 2009 5388 que
2032 5314 2369 5371 adversarios
2398 5312 2641 5382 spiritus,
2674 5311 2991 5379 stupendam
3034 5311 3318 5382 quamdam
3341 5328 3436 5366 na-

1903 5416 2075 5459 turam
2111 5411 2163 5458 et
2190 5403 2441 5455 virtutem
2466 5399 2566 5454 sibi
2590 5400 2839 5454 omnibus
2866 5399 3149 5454 exitiosam
3176 5402 3229 5454 in
3260 5401 3435 5457 homi-

1901 5510 1969 5549 ne
1995 5492 2287 5547 Salvatoris
2315 5489 2485 5544 nostri
2521 5487 2776 5552 videntes,
2803 5504 2908 5542 una
2944 5498 3298 5560 congregatos
3335 5508 3435 5545 un-

1900 5582 2058 5643 dique
2085 5579 2367 5637 eonfertim
2389 5576 2700 5639 accessisse,
2734 5584 2791 5630 ut
2825 5577 3188 5645 irrumperent
3209 5580 3263 5634 in
3289 5594 3433 5634 eum.
