3848 6380
199 312 333 367 HS?

1347 299 1836 365 COMMENTARIA
1872 308 1936 363 IN
1972 299 2303 364 PSALMOS.

3248 314 3385 372 “58

197 443 314 479 πων
340 425 520 495 ψυχὰς
560 424 664 478 ἀπὸ
700 423 805 477 τῶν
846 423 1008 479 πάλαι
1063 424 1510 494 ᾑχμαλωτικότων
1541 424 1708 488 αὐτὰς
1729 464 1744 489 ,

1851 426 2049 480 minum
2091 425 2158 478 ab
2187 424 2274 486 iis,
2303 423 2394 494 qui
2434 425 2578 494 ipsas
2609 425 2734 479 olim
2771 425 2826 480 in
2859 427 3218 498 captivitatem
3261 428 3388 482 abe-

197 515 516 585 ἐλευθεροῦν
549 533 608 568 τε
635 516 800 577 αὐτὰς
830 516 936 568 ἀπὸ
972 515 1069 583 τῆς
1106 515 1484 586 εἰδωλολάτρου
1524 516 1746 584 πλάνης,

197 604 508 672 ἀναγκαίως
535 605 744 675 πρῶτον
773 604 1019 656 ἁπάντων
1054 606 1171 657 κατ’
1199 604 1375 656 αὐτῶν
1398 602 1748 674 ἐστρατεύετο

196 691 302 744 τῶν
351 692 443 744 τὸν
503 691 710 760 μακρὸν
746 690 914 742 αἰῶνα
942 691 1429 759 τετυραννηκότων.
1495 693 1644 744 Ἐπεὶ
1693 693 1748 744 δὲ

195 780 404 842 τούτοις
441 772 848 850 κατηγωνίσατο
902 780 966 832 δι’
1000 781 1272 851 ὑπομονῆς
1312 781 1509 844 παντὸς
1564 800 1751 854 πειρα·

199 869 356 940 σμοῦ,
383 870 464 922 διό
492 888 654 940 φησιν
680 873 707 922 ὁ
734 871 942 932 Λουκᾶς
969 887 982 900 ·
1011 871 1120 923 Kal
1160 873 1530 936 συντελέσας
1560 872 1750 925 πάντα

196 963 530 1028 πειρασμὸν
565 965 597 1015 ό
634 961 906 1026 διάϐολος
943 960 1174 1028 ἀπέστη
1224 961 1322 1014 ἀπ’
1359 962 1560 1014 αὑτοῦ.
1597 964 1748 1016 Μετὰ

197 1051 367 1104 ταῦτα
416 1052 511 1103 ἐπὶ
560 1051 655 1120 τὴν
696 1051 800 1103 τῶν
851 1049 1146 1120 ἀνθρώπων
1199 1049 1490 1121 θεραπείαν
1521 1050 1744 1121 ἐχώρει·

199 1139 346 1192 ἔνθεν
395 1141 492 1193 καὶ
549 1140 793 1212 ἔφριττον
842 1139 1000 1192 αὑτὸν
1027 1141 1073 1192 οἱ
1121 1139 1403 1208 δαίμονες,
1441 1141 1747 1209 ὡμολόγουν

196 1245 254 1280 τε
282 1227 447 1280 αὑτὸν
498 1228 694 1280 εἰδέναι
743 1228 886 1290 ὅστις
911 1226 1024 1295 εἴη,
1063 1225 1286 1295 βοῶντες
1333 1228 1423 1278 καὶ
1477 1226 1745 1293 λέγοντεςο

201 1317 324 1377 Ἔα,
353 1317 412 1368 τί
437 1317 586 1383 ἡμῖν
616 1318 715 1369 καί
755 1330 872 1376 σοι,
927 1315 1018 1369 Υίὲ
1045 1316 1150 1367 τοῦ
1187 1317 1330 1368 Θεοῦ
1347 1332 1366 1378 ;
1412 1314 1651 1384 οἴδαμέν
1678 1333 1750 1369 σε

196 1405 287 1469 τίς
314 1402 392 1466 εἷ,
420 1409 452 1458 ὀ
483 1407 650 1474 ἅγιος
680 1405 783 1458 τοῦ
808 1405 971 1459 Θεοῦ.
1016 1404 1144 1456 Ἀπὸ
1180 1405 1286 1474 γὰρ
1318 1405 1413 1473 τῆς
1435 1405 1566 1475 πρὸς
1593 1405 1749 1458 αὑτὸν

197 1494 511 1564 ἐνεχθείσης
541 1495 722 1564 φωνῆς
754 1479 1155 1564 μεμαθήκεισαν
1179 1493 1324 1554 ὅστις
1353 1488 1420 1562 ἦν
1439 1510 1452 1523 ’
1493 1493 1626 1546 ἀλλὰ
1656 1494 1750 1546 καὶ

198 1581 292 1650 ἀφ’
338 1575 414 1635 ὧν
461 1582 752 1652 εἰργάσατο
791 1581 928 1634 κατὰ
965 1580 1055 1632 τὸν
1099 1579 1190 1633 τοῦ
1227 1579 1527 1652 πειρασμοῦ
1566 1583 1748 1652 καιρὸν

197 1671 396 1739 ᾔδεσαν
435 1671 600 1724 αὑτοῦ
625 1671 720 1740 τὴν
746 1670 990 1738 δύναμιν.

271 1776 353 1827 Οὐ
383 1777 847 1841 προσελεύσεται
879 1776 1025 1844 πρὸς
1067 1775 1140 1829 σὲ
1183 1777 1353 1838 κακὰ,
1386 1777 1484 1830 καί
1527 1775 1746 1845 μάστιξ

201 1867 308 1916 οὐκ
339 1864 525 1932 ἐγγιεῖ
544 1863 621 1928 τῷ
654 1865 991 1932 σκηνώματι
1022 1879 1157 1918 σου.
1181 1866 1297 1916 Ὅτι
1326 1865 1447 1930 τοῖς
1478 1864 1745 1933 ἀγγέλοις

203 1953 382 2010 αὑτοῦ
437 1954 757 2007 ἐντελεῖται
801 1955 932 2022 περὶ
978 1951 1092 2007 σοῦ
1144 1955 1249 2008 τοῦ
1279 1947 1631 2021 διαφυλάξαι
1675 1970 1747 2007 σε

204 2044 270 2097 ἐν
311 2042 534 2108 πάσαις
572 2043 702 2108 ταῖς
739 2043 894 2108 ὁδοῖς
939 2057 1072 2096 σου.
1122 2043 1244 2094 Ἐπί,
1286 2041 1492 2110 χειρῶν
1534 2043 1748 2110 ἀροῦσί

205 2144 294 2196 σε,
314 2133 546 2201 μήποτε
571 2136 923 2200 προσκόψῃς
947 2133 1091 2199 πρὸς
1113 2131 1283 2186 λίθον
1310 2135 1411 2185 τὸν
1435 2133 1586 2186 πόδα
1610 2147 1742 2186 σου.

206 2223 310 2275 Καὶ
332 2219 502 2273 ταῦτα
535 2219 612 2289 τῷ
643 2219 782 2272 κατὰ
805 2220 1032 2290 Χριστὸν
1059 2221 1454 2289 τετελειωμένῳ
1477 2221 1629 2290 ἀνδρὶ
1655 2220 1748 2272 καὶ

205 2307 277 2379 τῷ
306 2310 448 2379 χορῷ
488 2310 597 2362 τῶν
631 2309 723 2362 τοῦ
773 2309 1002 2378 Χριστοῦ
1041 2309 1363 2379 μαρτύρων,
1410 2312 1473 2379 τῇ
1520 2326 1576 2361 τε
1619 2308 1748 2379 ἁγίᾳ

207 2397 365 2450 αὐτοῦ
403 2397 718 2468 Ἐκκλησία,
747 2399 836 2451 καὶ
857 2398 920 2469 δὴ
947 2399 1038 2450 καὶ
1081 2398 1224 2468 αὑτῷ
1258 2397 1332 2467 τῷ
1370 2397 1599 2469 Χριστοῦ
1644 2399 1748 2451 σώ-

210 2501 334 2555 ματι
363 2486 652 2556 ἁρμόσειεν
681 2484 743 2537 ἂν
793 2484 1071 2552 λέγεσθαι·
1111 2485 1172 2537 El
1215 2484 1321 2555 γὰρ
1356 2483 1748 2553 παρεμϐάλλει

209 2573 451 2644 ἄγγελος
481 2576 700 2642 Κιιρίου
730 2575 927 2636 κύκλῳ
970 2573 1086 2626 τῶν
1137 2574 1512 2642 φοϐουμένων
1546 2575 1747 2638 αὑτὸν,

210 2664 301 2716 καί
315 2665 563 2731 ῥύσεται
595 2663 839 2727 αὐτοὺς,
869 2661 973 2715 τῶν
1002 2663 1446 2733 ὑπερϐεϐηκότων
1473 2663 1561 2717 τὸν
1592 2664 1750 2732 φόϐον

213 2754 300 2806 καὶ
328 2754 383 2805 ὲν
429 2754 537 2818 ἕξει
584 2752 765 2821 τελεία
796 2752 893 2820 τῆς
941 2752 1078 2804 κατὰ
1107 2753 1280 2822 ψυχὴν
1315 2753 1509 2824 ἀρετῆς
1553 2770 1750 2822 τυγχα-

213 2843 418 2909 νόντων,
447 2847 627 2907 ὁποῖός
658 2847 798 2895 ἐστιν
827 2845 860 2896 ό
897 2843 1231 2910 καθήμενος
1259 2843 1327 2894 ἐν
1351 2843 1597 2910 βοηθείᾳ
1648 2844 1751 2896 τοῦ

223 2933 526 3002 Ὑψίστου,
556 2932 656 2986 καὶ
683 2930 796 2986 ὑπὸ
822 2932 932 2998 τὴν
959 2933 1138 2985 σκιὰν
1153 2931 1255 2984 τοῦ
1278 2929 1484 2984 ἱκανοῦ
1527 2931 1753 2991 αὐλιζό-

209 3041 412 3092 μενος·
468 3025 576 3075 τῶν
633 3016 721 3074 οὖν
781 3020 1026 3072 τοιούτων
1073 3022 1168 3090 οὐχ
1217 3017 1295 3082 εἷς
1345 3020 1585 3088 ἄγγελος,
1620 3021 1752 3073 ἀλλὰ

216 3112 546 3183 παρεμϐολαὶ
586 3111 800 3171 πλείους
840 3109 1182 3160 καθίστανται
1220 3108 1470 3176 φύλακες,
1505 3110 1622 3161 ὅσαι
1665 3110 1754 3161 καὶ

218 3202 424 3264 πλείους
470 3203 519 3252 οἱ
569 3199 647 3267 τῷ
705 3197 842 3250 κατὰ
893 3197 1022 3250 Θεὸν
1061 3198 1244 3265 τελείῳ
1304 3197 1750 3260 ἐπιϐουλεύοντες.

219 3292 362 3346 Οὕτω
405 3287 534 3358 γοῦν
558 3289 651 3341 καὶ
693 3286 782 3339 τὸν
823 3287 1099 3356 προφήτην
1165 3285 1452 3338 Ἐλισσαῖον
1502 3286 1754 3338 ὲκύκλουν

220 3378 412 3446 πλῆθος
435 3372 742 3444 δορυφόρων
764 3371 1023 3440 ἀγγέλων.
1049 3372 1137 3424 Διὸ
1165 3372 1308 3424 οὐδὲν
1328 3372 1430 3424 τῶν
1455 3372 1754 3441 βλαπτικιῖΝ

220 3464 603 3519 ἐπελεύσεσθαι
630 3463 715 3529 λὲγ
728 3478 841 3514 εται
873 3461 947 3530 τῷ
975 3461 1060 3514 διὰ
1079 3460 1168 3512 τοῦ
1190 3460 1400 3530 ψαλμοῦ
1429 3478 1758 3532 προφητευσ-

223 3559 388 3625 μένῳ·
425 3551 536 3606 ἀλλ’
577 3552 693 3604 οὐδὲ
723 3551 914 3619 μάστιξ
939 3550 1028 3602 ἐπὶ
1048 3550 1106 3602 τὸ
1136 3550 1290 3619 σῶμα
1314 3550 1615 3618 ἐφάψασθαι
1663 3551 1753 3604 τοῦ

223 3646 564 3712 σκηνώματος
596 3640 756 3693 αὐτοῦ
777 3656 791 3671 θ
833 3641 1063 3708 μάστιγα
1090 3639 1345 3692 νοούντων
1382 3640 1533 3709 ἡμῶν
1570 3641 1628 3692 οὐ
1658 3642 1754 3711 τὴν

223 3735 509 3804 κοινότερον
534 3731 851 3801 λεγομένην·
886 3729 1054 3802 ταύτῃ
1089 3730 1194 3800 γὰρ
1223 3731 1615 3801 ὲμαστίχθησαν
1653 3749 1754 3800 μυ-

224 3822 318 3892 ρίοι
332 3823 434 3876 τῶν
451 3823 616 3890 ἁγίων
634 3821 725 3873 τοῦ
740 3819 868 3872 Θεοῦ
886 3819 1165 3889 μαρτύρων
1185 3819 1275 3871 καὶ
1293 3819 1453 3872 αὐτοῦ
1471 3820 1526 3872 δὲ
1537 3820 1626 3872 τοῦ
1647 3821 1756 3873 Σω-

223 3913 375 3982 τῆρος
390 3916 422 3983 ἡ
429 3913 541 3983 μῶν
560 3910 620 3964 τὸ
632 3909 930 3980 σωματικὸν
947 3911 1202 3979 σκήνωμα
1219 3910 1351 3978 καὶὴ
1367 3909 1498 3979 σὰρξ
1515 3908 1755 3979 μάστιξιν

224 4001 410 4070 ᾐκίσθη
467 4001 603 4054 κατὰ
655 4001 744 4052 τὸν
790 3999 973 4070 καιρὸν
1021 3996 1112 4050 τοῦ
1171 4000 1402 4064 πάθους,
1456 3998 1755 4062 ἀκολούθως

225 4091 285 4158 τῇ
342 4089 615 4160 φασκούσῃ
667 4090 790 4159 περὶ
833 4086 991 4143 αὑτοῦ
1047 4091 1373 4160 προφητείᾳ,
1419 4091 1528 4143 Τόν
1566 4091 1755 4143 νῶτόν

221 4192 330 4242 μου
369 4177 553 4230 ἔδωκα
583 4180 668 4242 εἰς
695 4177 1022 4246 μάστιγας,
1069 4179 1172 4244 τὰς
1214 4179 1280 4232 δὲ
1319 4179 1598 4247 σιαγόνας
1635 4198 1752 4248 μου

225 4269 306 4330 εἰς
323 4269 692 4337 ῥαπίσματα·
723 4267 800 4318 διὸ
829 4268 1062 4336 μάστιγα
1090 4267 1180 4319 νῦν
1213 4267 1493 4338 δηλοῦσθαι
1528 4269 1622 4338 τὴν
1648 4269 1753 4322 ἀπὸ

227 4338 525 4426 ἒαιμονικῆς
569 4357 839 4427 ἐνεργείας
885 4357 1090 4426 πληγὴν
1124 4355 1420 4426 νομιστέον,
1451 4357 1637 4421 ὁποίας
1681 4359 1754 4411 εἴ-

232 4452 378 4514 ρηται
413 4446 570 4509 αὐτὸς
611 4446 639 4498 ὁ
692 4447 876 4516 Σωτὴρ
925 4446 1170 4498 ἰάσασθαι
1218 4447 1310 4498 καὶ
1353 4447 1667 4517 θεραπεύειν
1695 4451 1752 4499 ὲν

231 4535 518 4605 ἀνθρώποις
550 4535 807 4605 δαιμόνων
833 4534 1147 4605 ἀκαθάρτων
1183 4538 1460 4605 μάστιγας.
1493 4535 1752 4607 Τοιαύτην

231 4619 314 4675 οὖν
352 4627 581 4694 μάστιγα
628 4643 788 4695 φησιν
825 4626 852 4676 ό
900 4623 1083 4694 παρὼν
1115 4624 1266 4692 λόγος
1297 4627 1370 4695 μὴ
1404 4627 1636 4693 ἐγγίσειν
1677 4625 1750 4696 τῷ

235 4713 534 4784 σκηνώματι
559 4713 650 4766 τοῦ
689 4712 1174 4784 προφητευομένου,
1199 4714 1286 4766 διὰ
1310 4715 1368 4765 τὸ
1398 4716 1750 4784 φυλάττεσθαι

235 4800 329 4854 ὑπὸ
357 4806 460 4858 τῶν
484 4805 894 4875 καθεσταμένων
921 4805 1010 4856 ἐπὶ
1035 4803 1094 4856 τὸ
1133 4809 1383 4876 φρουρεῖν
1411 4807 1567 4858 αὑτὸν
1591 4805 1752 4874 ἀγγέ-

235 4887 351 4953 λων,
378 4895 425 4945 οἳ
462 4894 523 4963 δὴ
562 4897 652 4946 xui
700 4893 789 4945 ἐπὶ
835 4891 1028 4962 χειρῶν
1078 4891 1236 4944 αὐτὸν
1261 4892 1525 4961 μετέωρον
1562 4894 1754 4964 ἀναλή-

234 4979 414 5046 ψεσθαι
439 4983 697 5050 λέγονται,
729 4982 861 5053 πρὸς
885 4982 944 5034 τὸ
967 4982 1038 5052 μὴ
1062 4981 1418 5051 προσκόπτειν
1441 4981 1599 5034 αὑτοῦ
1625 4983 1754 5054 λίθῳ

235 5068 316 5121 τὸν
345 5073 492 5126 πόδα.
531 5075 794 5144 Σκήνωμα
832 5073 887 5124 δὲ
929 5072 1086 5125 αὐτοῦ
1119 5071 1237 5125 καθ’
1270 5071 1364 5124 ἕνα
1414 5072 1508 5141 μὲν
1559 5075 1753 5142 τρόπον

237 5157 367 5227 ἐρεῖς
410 5159 543 5216 εἶναι
589 5165 683 5234 τὴν
718 5163 1032 5232 Ἐκκλησίαν
1069 5159 1250 5223 αὐτοῦ,
1298 5162 1436 5213 κατὰ
1478 5161 1537 5214 τὸ
1560 5201 1574 5223 ,
1612 5163 1754 5228 Ἕως

237 5244 308 5296 ἀν
351 5249 495 5316 εὕρω
551 5253 735 5304 τόπον
787 5250 866 5316 τῷ
907 5252 1126 5318 Κυρίῳ,
1186 5248 1465 5317 σκήνωμα
1508 5248 1586 5312 τῷ
1636 5249 1755 5315 Θεῷ

247 5335 456 5390 Ἰακώϐ·
493 5341 628 5392 οὕτω
671 5342 763 5393 καὶ
795 5339 1010 5393 πλείονα
1039 5338 1362 5408 σκηνώματα
1389 5336 1481 5400 τὰς
1517 5338 1753 5390 ἅπαντα·

337 5487 380 5518 ⁸⁸
414 5487 540 5542 Luc.
583 5508 652 5554 Iv,
693 5492 779 5545 15.

241 5548 281 5580 ³’
317 5552 448 5609 Psal.
481 5548 699 5617 until.
733 5562 786 5614 2.

871 5493 919 5527 ⁸⁸
955 5492 1119 5546 Marc.
1154 5507 1192 5556 ι,
1223 5489 1320 5552 ‘34;
1357 5487 1484 5543 Luc.
1515 5503 1585 5554 1v,
1601 5490 1705 5562 τι.
1780 5491 1826 5526 ⁸⁸
1862 5493 2002 5550 Psal.
2037 5507 2234 5563 χχχιιι,
2267 5493 2320 5548 8.

1849 523 2056 584 gerant,
2089 513 2396 576 abduceret,
2430 514 2786 584 liberaretque
2830 517 2897 569 ab
2937 516 3200 571 idolorum
3233 531 3387 571 erro-

1849 620 1939 671 re;
1974 605 2278 660 necessario
2310 605 2506 659 bellum
2567 606 2738 674 primo
2794 607 3008 675 gerebat
3062 607 3116 660 in
3172 623 3266 662 eos
3294 609 3386 676 qui

1848 693 2106 746 diuturno
2141 701 2380 761 tempore
2409 694 2745 763 tyrannidem
2787 693 3123 748 obtinebant.
3163 695 3227 750 Et
3261 697 3386 766 qu‘a

1847 782 1994 851 ipsos
2030 797 2124 851 per
2162 784 2515 836 tentationum
2566 783 2805 836 omnium
2844 783 3180 837 tolerantiam
3219 801 3388 855 oppu-

1848 871 2068 939 gnabat,
2095 870 2213 924 ideo
2236 870 2411 925 Lucas
2445 871 2520 924 ait
2548 889 2561 924 :
2599 870 2666 923 Et
2698 887 2812 922 cum
2834 885 3243 926 consummasset
3277 891 3388 926 om-

1848 977 1960 1013 nem
1998 962 2331 1015 tentationem
2362 960 2622 1026 diabolus,
2652 963 2888 1016 discessit
2923 963 2987 1014 ab
3014 978 3073 1015 eo
3103 964 3168 1016 ⁸⁸.
3189 962 3388 1018 Deinde

1846 1064 1972 1103 vero
2005 1049 2071 1102 ad
2102 1050 2380 1105 hominum
2413 1051 2741 1106 curationem
2774 1058 2826 1106 et
2862 1051 3122 1105 medelam
3169 1053 3389 1106 accede-

1846 1140 1937 1193 bat
1988 1158 2000 1192 :
2042 1155 2206 1207 quare
2258 1139 2556 1194 fremebant
2586 1141 2640 1193 in
2690 1155 2810 1193 eum
2847 1141 3140 1203 dtemones,
3168 1141 3388 1194 conﬂte-

1814 1266 1822 1274 -
1847 1227 2148 1295 banturquc
2180 1243 2237 1282 se
2270 1242 2430 1282 nosse
2451 1229 2573 1297 quis
2612 1236 2776 1290 esset,
2805 1230 3098 1282 clamantes
3127 1235 3180 1282 et
3201 1229 3386 1282 dicen-
3451 1283 3462 1300 ι

1848 1328 1926 1373 tes
1955 1337 1968 1372 :
2006 1317 2146 1381 Sine,
2178 1319 2299 1387 quid
2333 1320 2478 1372 nobis
2520 1329 2568 1372 et
2617 1319 2726 1381 tibi,
2764 1317 2868 1370 Fili
2890 1319 3026 1372 Dei?
3062 1317 3313 1371 Nouimus
3343 1327 3389 1372 te

1847 1411 1959 1478 quis
1989 1409 2085 1473 sis,
2121 1419 2329 1462 sanctus
2352 1410 2446 1462 Dei
2477 1407 2799 1464 “.Abillata
2819 1411 2963 1464 enim
2989 1409 3065 1462 illi
3106 1424 3233 1463 voce
3261 1410 3388 1463 didi-

1847 1507 2032 1551 cerant
2062 1498 2309 1566 quisnam
2340 1506 2512 1563 esset;
2547 1496 2656 1549 imo
2686 1499 2845 1550 etiam
2875 1511 2941 1550 ex
2971 1497 3038 1550 iis
3069 1510 3187 1564 quae
3215 1502 3388 1549 tenta-

1847 1588 2008 1643 tionis
2039 1596 2277 1657 tempore
2315 1594 2573 1658 gesserat,
2599 1586 2718 1654 ejus
2747 1587 2999 1640 virtutem
3037 1594 3318 1640 noverant.

1913 1785 2077 1842 Vens.
2095 1787 2274 1843 10-12.
2300 1786 2419 1840 Non
2444 1783 2681 1840 accedent
2703 1786 2772 1838 ad
2804 1795 2849 1838 te
2872 1785 3032 1849 mala,
3055 1794 3103 1839 et
3125 1782 3389 1854 ﬂagellum

1843 1897 1943 1932 non
1970 1878 2398 1946 appropinquabit
2423 1877 2754 1930 tabernaculo
2780 1887 2886 1929 tuo.
2907 1876 3166 1940 Quoniam
3194 1874 3388 1943 angelis

1843 1969 1952 2020 suis
1983 1959 2247 2019 mandabit
2279 1967 2339 2018 de
2364 1975 2431 2025 te,
2461 1974 2518 2017 ut
2546 1963 2838 2017 custodiant
2874 1973 2920 2016 te
2950 1963 3001 2016 in
3032 1962 3267 2017 omnibus
3287 1964 3386 2017 viis

1845 2059 1967 2112 tuis.
1993 2056 2057 2109 In
2089 2056 2326 2108 manibus
2348 2055 2626 2123 portabunt
2655 2062 2720 2118 te,
2740 2071 2801 2107 ne
2816 2071 3041 2124 unquam
3071 2051 3300 2122 oﬂ'endas
3319 2053 3388 2105 ad

1847 2145 2065 2213 lapidem
2093 2145 2270 2213 pedem
2302 2155 2464 2199 tuum.
2491 2145 2614 2198 Haec
2645 2143 2710 2198 de
2741 2141 2856 2197 viro
2894 2144 3185 2198 secundum
3232 2142 3388 2196 Chri-

1846 2243 1985 2290 stum
2017 2242 2408 2294 consummato,
2430 2233 2495 2287 de
2525 2235 2690 2286 choro
2727 2240 3019 2300 martyrum
3051 2228 3272 2295 Christi,
3303 2230 3386 2284 vel

1845 2325 1911 2378 de
1944 2333 2129 2379 sancta
2163 2323 2281 2391 ejus
2329 2323 2602 2387 Ecclesia;
2637 2323 2743 2376 imo
2768 2339 2894 2377 vero
2926 2321 2992 2376 de
3033 2323 3151 2391 ipso
3179 2321 3383 2376 Christi

1843 2426 2069 2478 corpore
2104 2419 2400 2478 Opportune
2431 2409 2536 2464 dici
2571 2417 2810 2478 possunt.
2840 2410 2975 2461 Nam
3016 2411 3063 2462 si
3093 2416 3388 2462 castrame-

1849 2508 1990 2552 tatur
2015 2498 2225 2566 angelus
2256 2492 2464 2550 Domini
2495 2499 2548 2549 in
2579 2498 2797 2550 circuitu
2830 2496 3119 2549 timentium
3161 2510 3296 2558 eum,
3330 2503 3382 2548 et

1846 2587 2024 2654 eripiet
2053 2603 2137 2639 eos
2160 2584 2225 2647 ³⁸,
2251 2587 2340 2654 qui
2365 2581 2701 2638 formidinem
2726 2592 3131 2654 superarunt,et
3160 2585 3215 2637 in
3240 2584 3388 2638 bono

1846 2675 2078 2738 virtutis,
2110 2689 2230 2743 qua:
2266 2673 2558 2728 secundum
2593 2673 2836 2727 animam'
2873 2683 2953 2729 est
2979 2713 2993 2736 ,
3044 2673 3238 2728 aﬂ'ectu
3268 2688 3388 2726 ver-

1849 2774 2054 2828 santur,
2084 2763 2258 2832 qualis
2298 2773 2378 2816 est
2409 2763 2496 2832 qui
2545 2763 2680 2816 sedet
2713 2760 2764 2815 in
2794 2763 3053 2832 adjutorio
3106 2761 3389 2826 Altissimi,

1849 2863 1896 2907 et
1926 2847 2018 2907 sub
2045 2849 2228 2906 umbra
2284 2854 2437 2922 fortis
2479 2863 2862 2916 commoratur;
2909 2854 2976 2908 iis
3015 2869 3144 2908 sane
3174 2853 3263 2922 qui
3312 2853 3390 2908 sic

1852 2942 2022 2996 aﬂ‘ecti
2057 2949 2200 3005 sunt,
2235 2957 2342 2994 non
2372 2940 2592 3010 angelus
2617 2957 2777 3003 unus,
2815 2941 2906 2994 sed
2936 2949 3115 2995 castra
3157 2941 3389 3010 plurima

1853 3032 1907 3084 in
1929 3030 2225 3084 custodiam
2255 3025 2450 3081 tradita
2471 3039 2614 3091 sunt,
2638 3037 2690 3082 et
2727 3036 2878 3081 tanto
2907 3028 3158 3096 plurima,
3183 3034 3387 3095 quanto

1852 3118 1942 3187 qui
1975 3118 2086 3170 viro
2116 3113 2407 3170 secundum
2439 3113 2604 3170 Deum
2645 3113 2884 3184 profecto
2915 3114 3260 3168 insidiantur.
3299 3113 3391 3168 Sic

1853 3207 2033 3273 itaque
2073 3200 2322 3258 Elisaaum
2375 3204 2686 3272 prophetam
2743 3201 3053 3256 muniebant
3103 3201 3390 3256 satellitum

1853 3295 2158 3364 angelorum
2215 3302 2404 3346 turma:
2475 3292 2829 3357 Quamobrem
2896 3291 3201 3344 nocumenti
3250 3291 3389 3344 nihil

1851 3399 2112 3454 passurus
2138 3399 2256 3437 esse
2280 3380 2477 3436 dicitur
2503 3383 2595 3451 qui
2626 3383 2680 3435 in
2717 3381 2924 3450 psalmo
2952 3381 3347 3450 praenuntiatur
3371 3399 3387 3446 ;

1852 3481 2022 3535 neque
2055 3465 2317 3537 ﬂagellum
2346 3467 2558 3534 corpori
2588 3465 2915 3520 tabernaculi
2959 3465 3077 3534 ejus
3124 3465 3391 3518 incutien-

1853 3555 1976 3609 dum
2028 3556 2352 3625 praedicitur.
2401 3554 2500 3608 Per
2528 3555 2788 3624 ﬂagellum
2838 3569 2966 3607 vero
3016 3570 3121 3609 non
3175 3554 3392 3622 vulgare

1853 3645 1980 3699 illud
2012 3646 2387 3714 intelligimus;
2421 3659 2544 3696 nam
2575 3657 2637 3697 eo
2665 3643 2788 3696 czesi
2815 3651 2943 3697 sunt
2970 3643 3390 3697 innumerabiles

1853 3737 2022 3790 sancti
2057 3735 2147 3788 Dei
2183 3742 2462 3804 martyres,
2494 3740 2653 3802 atque
2693 3734 2867 3803 ipsum
2912 3748 3230 3804 corporeum
3261 3733 3388 3788 Ser-

1851 3828 2049 3879 vatoris
2096 3823 2268 3877 nostri
2302 3821 2701 3875 tabernaculum
2746 3827 2800 3874 et
2839 3835 2966 3874 caro
2998 3822 3115 3889 ejus
3148 3828 3391 3891 tempore

1850 3913 2116 3982 passionis
2144 3911 2365 3980 ﬂagellis
2390 3911 2658 3964 lancinata
2701 3918 2802 3972 est,
2835 3910 3128 3964 secundum
3159 3912 3389 3980 prapho-

1853 4003 1978 4055 tiam
2002 4017 2119 4070 quae
2152 4001 2216 4054 de
2240 4003 2354 4070 ipso
2375 4000 2532 4061 fatur,
2561 3999 2786 4052 Dorsum
2835 4015 3002 4052 meum
3023 3999 3141 4053 dedi
3169 4000 3237 4051 ad
3283 4002 3388 4069 ﬂa-

1851 4093 2032 4160 gellas,
2051 4099 2096 4144 et
2127 4106 2280 4160 genas
2308 4107 2446 4144 metu
2473 4090 2539 4142 ad
2570 4089 2752 4157 alapas
2773 4088 2817 4118 ⁸⁷
2846 4105 2858 4140 :
2892 4087 2985 4141 sed
3009 4087 3271 4157 ﬂagellum
3301 4090 3389 4145 hic

1852 4182 2055 4249 plagam
2077 4179 2368 4233 daemonica
2397 4179 2448 4231 vi
2484 4179 2732 4232 inﬂictam
2753 4175 3058 4246 signiﬂcare
3087 4176 3384 4245 putandum

1851 4277 1968 4328 est,
2020 4267 2194 4335 qualia
2236 4267 2349 4335 ipse
2401 4265 2650 4319 Servator
2706 4267 3036 4333 impurorum
3085 4263 3386 4318 daemonum

1852 4357 2158 4410 hominibus
2188 4358 2402 4410 incussa
2425 4355 2626 4424 ﬂagella
2649 4369 2866 4409 curasse
2888 4363 3162 4410 narratur.
3184 4355 3387 4422 Hujus-

1857 4447 1998 4498 modi
2027 4445 2292 4515 ﬂagellum
2326 4445 2521 4498 dicitur
2545 4459 2651 4497 non
2683 4445 3231 4514 appropinquaturum
3271 4461 3390 4500 esse

1856 4537 2203 4589 tabernaculo
2247 4535 2386 4603 ejus,
2417 4535 2507 4603 qui
2539 4535 2591 4587 in
2621 4536 2874 4589 vaticinia
2915 4535 3117 4603 fertur;
3169 4538 3292 4606 quia
3322 4539 3390 4592 ab

1856 4624 2056 4693 angelis
2085 4624 2149 4677 ad
2183 4623 2478 4677 custodiam
2508 4621 2623 4690 ejus
2654 4622 2920 4691 deputatis
2955 4623 3272 4687 servabitur,
3295 4625 3388 4694 qui

1854 4713 2012 4768 etiam
2038 4729 2158 4767 eum
2196 4713 2250 4766 in
2284 4712 2530 4765 manibus
2573 4712 2853 4767 sublimem
2903 4714 3231 4782 assumpturi
3268 4728 3388 4768 esse

1858 4801 2128 4864 dicuntur,
2161 4808 2217 4853 ut
2254 4815 2320 4854 ne
2371 4815 2464 4868 pes
2493 4801 2610 4867 ejus
2636 4802 2703 4853 ad
2733 4801 2959 4870 lapidem
2989 4800 3239 4854 oﬂ'endat.
3281 4801 3387 4854 Ta-

1858 4892 2205 4945 bernaculum
2234 4906 2392 4960 porro
2438 4891 2555 4959 ejus
2591 4892 2768 4961 aliqua
2813 4894 3019 4946 ratione
3066 4892 3216 4947 dicas
3270 4908 3389 4948 esse

1859 4978 2148 5034 Ecclesiam
2179 4981 2368 5048 ipsius,
2399 4979 2690 5034 secundum
2723 4981 2873 5043 illud,
2913 4980 3086 5034 Donec
3131 4981 3388 5035 inveniam

1860 5069 2026 5122 locum
2054 5069 2274 5122 Domino
2295 5107 2310 5131 ,
2350 5069 2738 5122 tabernaculum
2770 5071 2877 5123 Deo
2915 5067 3078 5121 Iacob
3105 5068 3181 5134 ‘3;
3228 5069 3308 5124 sic
3337 5079 3390 5126 es

1859 5161 1980 5213 illas
2010 5175 2103 5228 per
2131 5159 2310 5211 orbem
2363 5160 2621 5213 ecclesias
2660 5161 2883 5227 plurima
2906 5159 3248 5212 tabernacula
3269 5174 3390 5216 esse

1858 5251 2006 5303 novit
2036 5249 2126 5319 qui
2152 5247 2303 5309 dixit,
2333 5247 2500 5311 Quam
2528 5249 2717 5302 dilecta
2745 5248 3078 5304 tabernacula
3116 5256 3240 5310 tua,
3285 5249 3391 5303 Do-

1858 5339 1993 5392 mine
2015 5339 2262 5391 virlutum
2292 5334 2370 5387 "l
2419 5336 2538 5391 Alio
2564 5346 2740 5392 autem
2774 5338 2954 5402 modo,
2988 5349 3311 5404 corporeum
3337 5339 3398 5392 il-

2426 5491 2470 5524 ⁸⁷
2506 5489 2608 5546 lsa.
2641 5507 2692 5558 L,
2714 5492 2767 5547 6.
2860 5491 2904 5522 ⁸⁸
2943 5488 3087 5543 Psal.
3122 5503 3316 5554 exui,
3350 5488 3402 5541 5.
