3848 6372
211 412 367 469 1105

1343 411 1830 468 (ΙΟΜΜΕΝΤΑΒΙᾹ
1870 414 1932 466 ΙΝ
1970 413 2295 467 PSALMOS.

3228 411 3362 466 H66

218 526 358 578 Ἐπ’
387 526 607 581 ἀσπίδα
637 529 727 581 καί
752 530 1104 593 ,ϐασιλίσκον
1134 524 1408 594 ἐπιϐήσῃ,
1440 530 1534 581 καὶ
1566 546 1739 582 κατα-

1842 546 1973 591 nem,
2038 545 2197 582 causa
2268 544 2480 584 rursum
2544 527 2773 589 additur,
2832 541 2947 594 quae
2994 542 3104 581 rem
3151 543 3255 581 non
3299 529 3363 580 ad

201 616 513 683 πατήσεις
538 617 822 683 δράκοντα
845 619 937 671 καὶ
958 619 1188 679 λέοντα,
1219 614 1375 667 πάλιν
1404 618 1435 685 ὴ
1462 618 1605 670 αίτία
1629 620 1746 668 ἐπι-

200 703 465 771 λέγεται,
496 706 593 758 οὐκ
624 708 706 759 ἐπ’
732 708 986 775 ἀγγέλους
1020 706 1372 776 ἀναφέρουσα,
1404 706 1513 758 ἀλλ’
1540 709 1622 759 ἐπ’
1656 708 1750 758 αὑ-

197 792 310 844 τὸν
334 795 426 845 τὸν
457 796 727 863 ’Υῲιστον,
751 790 809 848 οὗ
835 799 897 849 ἐκ
929 795 1207 866 προσώπου
1233 794 1492 859 λέλεκται,
1522 798 1637 848 ’Ότι
1658 797 1748 847 ἐπ’

197 879 325 947 ἐμὲ
360 881 599 948 ἤλπισε,
625 884 719 936 καὶ
744 886 997 951 ῥύσομαι
1027 884 1226 935 αὐτόν.
1250 883 1370 945 Πῶς
1401 884 1456 936 δὲ
1486 885 1568 935 ἐπ’
1594 884 1749 935 αὐτὸν

194 970 438 1038 ἤλπισε,
470 973 745 1041 προλαϐὼν
776 973 999 1038 ἐδίδαξεν
1026 976 1053 1025 ὁ
1084 974 1235 1039 λόγος
1261 972 1421 1024 εἰπών
1445 989 1457 1001 ⁸
1494 974 1545 1024 '0
1571 989 1750 1025 κατοι-

192 1058 342 1112 κῶν
362 1061 440 1122 ,ἐν
463 1062 708 1129 βοηθείᾳ
744 1062 846 1115 τοῦ
884 1063 1158 1129 Ὑψίστου
1177 1079 1190 1091 ·
1219 1063 1331 1124 καὶ,
1368 1061 1515 1128 Ἐρεῖ
1534 1061 1610 1125 τῷ
1635 1064 1750 1113 Κυ-

188 1148 351 1211 ρίῳο
397 1149 779 1216 Ἀντιλήπτωρ
819 1168 934 1217 μου
980 1147 1050 1214 εἴ,
1085 1150 1180 1203 καί
1223 1148 1520 1216 καταφυγή
1548 1166 1682 1215 μου,
1717 1152 1749 1199 ό

193 1236 367 1300 Θεός
398 1254 538 1304 μου,
579 1238 672 1291 καὶ
711 1238 891 1291 ἑλπιῶ
915 1238 1003 1290 ἐπ’
1045 1240 1243 1291 αὐτόν.
1278 1239 1342 1290 Ἦ
1384 1238 1555 1289 τοίνυν
1580 1236 1746 1287 ἐπινί-

199 1339 342 1386 κιος
375 1327 471 1378 καὶ
498 1327 770 1380 τελευταία
792 1327 983 1398 πρᾶξις
1006 1327 1140 1396 μετὰ
1166 1327 1339 1388 πάσας
1369 1326 1460 1388 τὰς
1490 1343 1750 1396 προκατα-

189 1409 503 1480 λεχθείσας
532 1414 622 1466 τοῦ
666 1416 905 1485 Σωτῆρος
954 1417 1123 1484 ἡμῶν,
1165 1416 1196 1483 ἢ
1242 1417 1333 1467 καὶ
1373 1414 1461 1466 τοῦ
1506 1417 1562 1466 ὲν
1606 1414 1749 1484 αὐτῷ

186 1501 590 1573 τελειουμένου
622 1504 826 1574 ἀνδρὸς,
859 1506 891 1574 ἢ
921 1506 1011 1556 καὶ
1038 1505 1129 1556 τοῦ
1160 1504 1318 1557 αὐτοῦ
1352 1505 1548 1555 τελείου
1574 1504 1750 1571 σώμα-

1848 616 2062 679 attgelos
2090 616 2301 678 referat,
2326 616 2418 671 sed
2446 615 2509 667 ad
2536 616 2706 683 ipsum
2736 613 3086 677 Altissimum,
3108 631 3173 668 ex
3211 616 3366 682 cujus
3445 665 3453 671 .

1847 718 2069 771 persona
2096 702 2311 766 dicitur,
2333 703 2585 766 Quoniam
2614 704 2665 754 in
2696 716 2770 755 me
2793 704 3031 770 speravit,
3070 712 3118 754 et
3141 703 3365 757 liberabo

1846 807 1977 844 eum.
1993 790 2265 856 Quomodo
2282 792 2334 844 in
2353 793 2467 861 ipso
2483 793 2786 859 speraverit,
2805 792 2916 858 jam
2945 790 3222 859 Scriptura
3241 792 3368 844 edo-

1847 895 1967 934 cere
1988 884 2264 949 occupavit
2292 883 2376 936 his
2421 883 2597 935 verbis
2623 900 2635 934 :
2667 881 2768 945 Qui
2792 881 2990 932 habitat
3024 881 3077 932 in
3106 880 3365 948 adjutorio

1846 971 2122 1033 Altissimi,
2158 981 2211 1026 et
2242 992 2255 1026 :
2290 973 2435 1025 Dicet
2468 971 2685 1024 Domino
2721 970 3036 1039 :Susceptor
3058 987 3196 1023 meus
3230 988 3282 1023 es
3312 982 3365 1023 tu

1845 1068 1893 1111 et
1923 1060 2171 1129 refugium
2208 1077 2395 1126 meum,
2437 1060 2573 1113 Deus
2612 1075 2773 1123 meus,
2802 1067 2849 1111 et
2886 1058 3098 1125 sperabo
3126 1060 3178 1110 in
3227 1074 3361 1110 eum.

1847 1146 2205 1216 Triumphalis
2237 1150 2412 1217 itaque
2462 1158 2515 1202 et
2564 1155 2832 1215 postrema
2883 1148 3044 1209 actio,
3078 1160 3195 1215 quae
3242 1156 3363 1214 post

1847 1234 1947 1286 alia
1973 1244 2263 1288 memorata
2287 1236 2597 1299 Salvatoris,
2632 1244 2723 1288 aut
2773 1236 2871 1289 viri
2911 1235 2965 1287 in
3011 1249 3074 1287 eo
3112 1249 3365 1288 consum-

1847 1321 1995 1381 mati,
2022 1328 2111 1373 aut
2157 1323 2273 1389 ejus
2329 1321 2547 1389 perfecti
2614 1322 2876 1389 corporis,
2928 1320 3040 1375 sive
3092 1320 3361 1383 Ecclesiae,

1846 1420 1993 1477 gesta
2028 1410 2322 1478 signiﬁcata
2353 1412 2404 1461 in
2431 1410 2523 1462 illo
2560 1428 2571 1463 :
2615 1409 2780 1478 Super
2817 1411 3043 1478 aspidem
3085 1421 3132 1462 et
3186 1410 3364 1463 basili-

1847 1513 1992 1549 scum
2017 1499 2324 1561 ambulabis,
2346 1508 2393 1551 et
2416 1499 2736 1553 conrulcabis
2771 1500 2960 1552 leonem
2988 1511 3035 1553 et
3063 1499 3362 1563 draconem;

1848 1592 1977 1650 tota,
2033 1602 2153 1639 cum
2200 1587 2435 1639 victoria:
2504 1601 2685 1649 causa,
2732 1587 3006 1641 Altissimo
3056 1588 3362 1641 ascribitur.

1847 1669 2197 1734 Quamobrem
2228 1672 2423 1725 dicitur
2453 1688 2466 1723 :
2499 1674 2753 1738 Quoniam
2776 1702 2781 1710 ο
2808 1675 2860 1726 in
2912 1690 2990 1727 me
3039 1677 3280 1741 speravit,
3313 1685 3365 1729 et

1850 1760 2070 1812 liberabo
2097 1777 2232 1825 eum,
2260 1762 2498 1829 quoniam
2549 1763 2774 1830 cognovit
2802 1778 2983 1815 nomen
3014 1778 3197 1815 meum.
3233 1762 3365 1815 Cum

183 1604 300 1650 τος
347 1590 452 1658 τῆς
485 1590 794 1659 Ἐκκλησίας
824 1591 1002 1653 αὐτοῦ,
1044 1591 1334 1660 δηλωθεῑσα
1366 1593 1451 1646 διὰ
1476 1593 1589 1655 τοῦ,
1636 1594 1748 1643 Ἐπ’

184 1677 452 1730 ἀσπίδα
478 1678 574 1730 καί
595 1679 957 1741 βασιλίσκον
983 1680 1258 1748 ἐπιϐήσῃ,
1300 1682 1395 1733 καὶ
1426 1682 1751 1749 καταπατή-

185 1778 347 1828 σεις
395 1764 683 1830 δράκοντα
722 1766 817 1818 καί
858 1766 1088 1831 λέοντα,
1128 1770 1224 1838 τὴν
1266 1771 1440 1822 πᾶσαν
1482 1770 1749 1839 ἀναφορὰν

190 1852 301 1905 καὶ
329 1852 434 1920 τῆς
467 1851 618 1920 νίκης
642 1851 737 1921 τὴν
766 1853 937 1905 αἰτίαν
960 1855 1049 1905 ἐπὶ
1078 1854 1153 1922 τῷ
1187 1855 1416 1925 Ὑψίστῳ
1448 1856 1739 1926 ἀνατίθησι.
1778 1839 1818 1890 Β

189 1937 294 1988 Διὸ
333 1936 613 1989 λέλεκται-
657 1938 773 1991 Ὅτι
813 1940 903 1991 ἐπ’
934 1941 1036 2007 ἐμὲ
1082 1942 1318 2008 ἤλπισε,
1358 1944 1452 1995 καὶ
1489 1946 1743 2011 ῥύσομαι

189 2026 419 2090 αὐτὸν,
454 2025 542 2079 ὅτι
564 2028 709 2095 ἔγνω
730 2028 791 2081 τὸ
821 2029 1000 2097 ὄνομά
1020 2048 1155 2098 μου.
1181 2033 1316 2083 Μετ’
1344 2033 1522 2086 αὐτοῦ
1546 2036 1657 2100 εἰμι
1676 2035 1744 2085 ἐν

190 2116 437 2181 θλίψει,
470 2115 780 2183 ἐξελοῦμαι
817 2118 910 2170 καὶ
937 2118 1166 2181 δοξάσω
1191 2121 1387 2172 αὐτόν.
1419 2121 1524 2173 Καί
1558 2122 1744 2190 μοιδο-

190 2206 290 2255 κεῖ
352 2202 476 2256 καθ’
523 2203 710 2273 ἑτέραν
761 2205 991 2258 διάνοιαν
1042 2210 1073 2276 ἡ
1130 2209 1424 2277 προφητεία
1477 2208 1742 2272 θεσπίζειν

191 2292 388 2343 πάντα
436 2292 526 2344 τὸν
562 2293 755 2362 τρόπον
786 2294 876 2346 τοῦ
910 2295 1048 2347 κατὰ
1084 2296 1357 2366 ἄνθρωπον
1382 2296 1493 2366 βίου
1517 2298 1608 2350 τοῦ
1633 2300 1742 2350 Σω-

189 2381 378 2451 τῆρος
401 2380 559 2450 ἡμῶν
578 2397 590 2412 ⁸
616 2380 754 2448 λέγω
777 2382 831 2434 δὲ
851 2382 939 2434 τὸν
963 2383 1169 2453 πρῶτον
1201 2386 1511 2455 πειρασμὸν,
1542 2387 1632 2438 καὶ
1654 2387 1742 2438 τὸν

194 2469 353 2520 κατὰ
382 2468 444 2521 τὸ
487 2469 673 2532 πάθος,
709 2472 804 2538 τήν
826 2488 884 2521 τε
916 2471 1049 2540 μετὰ
1086 2472 1181 2542 τὴν
1204 2473 1349 2525 λύσιν
1378 2475 1467 2526 τοῦ
1504 2476 1743 2545 σώματος

192 2558 293 2609 ἐπὶ
320 2559 429 2619 τὰς
472 2559 842 2628 ἀντικειμένας
882 2560 1131 2630 δυνάμεις
1169 2562 1367 2629 ἔφοδον.
1399 2564 1506 2616 Καὶ
1545 2565 1608 2616 τὰ
1648 2566 1742 2633 μὲν

193 2645 405 2715 πρῶτα
442 2645 535 2698 τοῦ
577 2646 815 2716 ψαλμοῦ·
859 2650 1149 2719 κοινότερον
1179 2651 1233 2703 δὲ
1263 2652 1400 2704 οὕτω
1440 2652 1671 2720 λεγέσθω
1708 2656 1740 2723 ἡ

197 2732 465 2804 παροῦσα
509 2736 801 2805 προφητεία
839 2737 925 2789 τὸν
969 2740 1263 2809 πειρασμὸν
1306 2734 1623 2794 αἰνίττεσθαι
1654 2742 1742 2793 τὸν

196 2823 294 2875 ἐπὶ
346 2823 449 2891 τῆς
501 2824 723 2893 ἐρήμου,
770 2824 826 2877 ὃν
872 2826 929 2877 ὲν
974 2829 1083 2891 τοῖς
1119 2830 1458 2896 Εὐαγγελίοις
1500 2820 1757 2900 είσῆκταιη

195 2910 498 2982 πειραθεὶς
535 2912 636 2963 ὑπὸ
674 2913 764 2966 τοῦ
794 2914 1062 2968 διαϐόλουο
1106 2917 1172 2969 τὰ
1210 2918 1264 2969 δὲ
1299 2918 1537 2988 δεύτερα,
1571 2921 1626 2971 ἐν
1664 2914 1741 2980 οἷς

198 3000 480 3066 ἀγγέλους
506 2999 852 3055 διακονεῖσθαι
885 3003 959 3072 τῷ
983 3005 1143 3057 αὑτοῦ
1178 3006 1381 3074 σώματι
1415 3007 1742 3077 παρέστησεν

195 3090 225 3141 ὀ
249 3090 444 3157 λόγος,
473 3090 567 3158 τὴν
594 3090 730 3141 κατὰ
752 3091 838 3143 τὸν
868 3093 1193 3162 ἀνθρώπινον
1224 3095 1333 3164 βίον
1358 3097 1624 3168 διατριϐὴν
1652 3100 1743 3150 αὑ-

194 3178 328 3230 τοῦο
364 3177 439 3229 τὰ
469 3177 526 3228 δὲ
549 3177 720 3244 τρίτα,
753 3177 818 3229 δι’
851 3176 923 3231 ὧν
953 3180 1159 3247 λέγεται
1189 3185 1271 3233 ἐπ’
1301 3185 1493 3237 ἀσπίδα
1516 3188 1605 3238 καὶ
1642 3187 1737 3255 βα-

197 3267 455 3319 σιλίσκον
499 3264 891 3333 ἐπιϐεϐηκέναι,
936 3270 1025 3321 καὶ
1068 3273 1565 3342 καταπεπατηκέναι
1613 3276 1738 3345 δρά-

196 3370 372 3405 κοντα
411 3351 508 3404 καὶ
549 3350 751 3416 λέοντα,
796 3356 889 3422 τὴν
925 3357 1058 3425 μετὰ
1093 3359 1181 3410 τὸν
1224 3360 1443 3412 θάνατον
1476 3361 1609 3414 κατά
1635 3363 1740 3417 τῶν

193 3437 550 3512 ἀρχοντικῶν
592 3442 902 3511 πνευμάτων
942 3446 1118 3516 νίκην·
1156 3448 1270 3516 μεθ’
1295 3448 1330 3501 ἃ
1364 3450 1533 3502 πάντα
1567 3451 1742 3503 ἐπιλέ-

194 3547 396 3599 γεται·
466 3529 798 3599 Ἐξελοῦμαι
850 3536 1032 3587 αὑτὸν
1088 3537 1182 3589 καί
1225 3537 1459 3601 δοξάσω
1516 3542 1696 3593 αὐτόν
1721 3556 1735 3568 ο

194 3620 567 3687 Μακρότητα
598 3620 823 3688 ἡμερῶν
869 3623 1149 3691 ἐμπλήσω
1195 3628 1393 3690 αὐτὸν,
1438 3628 1533 3680 καί
1571 3628 1739 3691 δείξω

194 3710 367 3775 αὐτῷ
400 3708 469 3762 τὸ
509 3710 798 3778 σωτήριόν
831 3730 968 3780 μου,
997 3715 1092 3784 τῆς
1126 3717 1257 3785 μετὰ
1296 3718 1384 3769 τὸν
1427 3717 1647 3771 θάνατον
1679 3720 1742 3769 ὲκ

194 3802 418 3873 νεκρῶν
464 3801 749 3870 σωτηρίας,
796 3802 886 3854 καὶ
920 3803 1016 3873 τῆς
1055 3804 1388 3875 μακραίωνος
1416 3807 1504 3859 καὶ
1544 3805 1741 3858 ἀθανά-

1847 1850 1957 1916 ipso
1991 1866 2102 1901 sum
2138 1850 2189 1901 in
2221 1850 2568 1911 tribulatione,
2592 1851 2804 1917 eripiam
2835 1866 2948 1903 eum
2981 1861 3029 1903 et
3061 1850 3364 1919 gloriﬁcabo

1846 1956 1979 1991 eum.
2021 1939 2138 1992 Alio
2166 1941 2291 1992 item
2328 1956 2485 1994 sensu
2516 1937 2790 2007 prophetia
2821 1942 3029 1994 videtur
3065 1943 3192 1994 mihi
3225 1943 3362 2000 vati-

1845 2027 2013 2080 cinari
2048 2042 2257 2080 onmem
2291 2028 2535 2081 bumanre
2572 2029 2861 2082 Salvatoris
2894 2031 3062 2084 nostri
3101 2031 3221 2084 vita:
3244 2047 3360 2086 mo-

1844 2117 1999 2183 dum;
2030 2117 2148 2170 dico
2171 2125 2346 2170 autem
2379 2120 2603 2186 primam
2630 2120 3004 2185 tentationem;
3042 2121 3185 2173 illam
3211 2122 3359 2189 item,

1844 2220 2003 2274 quam
2036 2206 2088 2257 in
2131 2207 2379 2274 passione
2421 2208 2701 2272 sustinuit;
2735 2223 2797 2261 ac
2850 2211 3009 2262 etiam
3039 2224 3175 2275 cam,
3200 2227 3359 2279 quam

1844 2303 1963 2361 post
1993 2294 2308 2347 solutionem
2363 2297 2602 2364 corporis
2657 2296 2782 2351 fecit
2809 2307 2996 2350 contra
3028 2300 3360 2354 adversarius

1843 2391 2132 2451 potestates
2188 2385 2558 2453 irruptionem.
2590 2384 2654 2438 Et
2712 2386 2821 2439 haec
2852 2387 3065 2455 quidem
3118 2389 3285 2457 prima
3308 2398 3361 2443 ct

1843 2476 2105 2542 praecipua
2135 2476 2188 2527 in
2222 2476 2426 2543 psalmo
2470 2483 2593 2530 sunt
2631 2495 2642 2529 :
2676 2477 2960 2544 vulgariori
2993 2485 3168 2531 autem
3213 2493 3361 2531 more

1844 2562 2050 2615 dicatur
2079 2563 2189 2615 haec
2221 2563 2495 2631 prophetia
2546 2564 2892 2619 tentationem
2944 2565 2998 2617 in
3052 2566 3261 2620 deserto
3286 2568 3362 2621 si-

1844 2652 2114 2721 gnificare,
2148 2668 2252 2721 qua
2293 2661 2531 2708 tentatus
2560 2669 2680 2708 esse
2710 2669 2739 2706 a
2774 2655 2987 2708 diabolo
3034 2663 3284 2708 narratur
3304 2657 3360 2710 in

1844 2740 2157 2811 Evangelio;
2190 2741 2420 2796 secunda
2450 2758 2594 2805 vero,
2623 2743 2814 2812 quibus
2847 2745 3064 2812 angelos
3087 2744 3202 2812 ejus
3234 2760 3358 2799 cor-

1843 2830 1958 2898 pori
2002 2830 2336 2884 ministrasse
2388 2830 2726 2897 declaratur,
2749 2830 2863 2898 ejus
2900 2832 2953 2883 in
2999 2832 3227 2887 humana
3252 2833 3359 2886 vita

1843 2920 2296 2973 conversationem
2334 2920 2604 2985 indicant;
2638 2920 2792 2974 tertia
2821 2930 3020 2984 autem,
3062 2923 3254 2989 quibus
3277 2924 3359 2976 di-

1842 3008 2002 3067 citur,
2022 3022 2141 3060 eum
2171 3023 2331 3075 super
2352 3008 2589 3075 aspidem
2618 3016 2670 3061 et
2700 3008 3005 3062 basiliscum
3032 3010 3354 3074 ambulasse,

1842 3103 1895 3146 et
1916 3094 2259 3148 conculcasse
2310 3096 2512 3148 leonem
2559 3104 2611 3149 et
2661 3096 2967 3158 draconem,
3003 3097 3173 3164 ipsum
3235 3109 3355 3167 post

1840 3192 2060 3236 mortem
2095 3183 2161 3237 de
2187 3183 2518 3251 principibus
2547 3184 2825 3252 spiritibus
2847 3184 3123 3239 victoriam
3169 3202 3356 3255 repor-

1840 3282 1983 3327 tasse
2015 3280 2268 3336 narrant;
2301 3280 2419 3340 post
2441 3287 2559 3340 qua:
2589 3272 2764 3325 omnia
2785 3273 3036 3342 adjicitur
3066 3289 3079 3323 :
3123 3273 3357 3343 Eripiam

1840 3379 1954 3416 eum
1979 3371 2027 3415 et
2054 3361 2355 3430 gloriﬁcabo
2379 3377 2512 3415 eum.
2542 3360 2880 3430 Longitudine
2910 3363 3109 3416 dierum
3155 3364 3357 3430 replebo

1842 3467 1976 3513 eum,
2001 3458 2049 3501 et
2071 3449 2334 3501 ostendam
2356 3448 2436 3499 illi
2464 3447 2693 3500 salutare
2730 3464 2930 3512 meum;
2958 3450 3154 3519 quibus
3176 3450 3356 3504 decla-

1840 3546 1922 3590 rat
1953 3535 2068 3603 ejus
2097 3544 2214 3602 post
2235 3534 2437 3587 obitum
2468 3537 2913 3590 resurrectionem
2938 3553 3003 3591 ex
3045 3540 3270 3592 mortuis
3303 3550 3357 3594 et

1842 3628 2085 3687 salutem,
2120 3624 2405 3693 lougrevam
2433 3632 2486 3675 et
2515 3623 2867 3679 immortalem
2902 3628 3087 3691 vitam,
3122 3630 3356 3685 divinam

1841 3715 2085 3783 gloriam,
2130 3722 2184 3766 et
2238 3713 2495 3766 honorem
2549 3728 2878 3783 regnumque
2938 3718 3078 3786 apud
3143 3718 3355 3774 Patrem

1845 3811 2168 3871 susceptum.

192 3907 291 3944 του
354 3889 525 3958 ζωῆς,
565 3890 660 3959 τῆς
699 3906 757 3941 τε
801 3890 978 3944 ἐνθέου
1019 3892 1173 3963 δόξης
1220 3894 1311 3947 καὶ
1355 3896 1449 3965 τῆς
1496 3895 1641 3965 παρά
1671 3894 1745 3964 τῷ
1781 3895 1950 3963 Πατρὶ
1993 3892 2152 3961 τιμῆς
2188 3908 2246 3943 τε
2286 3891 2378 3944 καὶ
2423 3892 2690 3959 βασιλείας
2724 3891 2811 3945 διὰ
2850 3893 3049 3947 τούτων
3099 3914 3359 3967 παριστα-

199 3981 399 4050 μένης.

194 4087 501 4142 ΨΑΛΜΟΣ
536 4086 704 4155 ῼΔΗΣ
728 4125 742 4150 ,
780 4088 1377 4225 ΕἏΣΤᾶᾘΝΗῘῦΜΕΡΑΝ
1413 4095 1546 4147 ΤΟΥ
1584 4093 1735 4145 SAB-

281 4246 531 4317 Ἀγαθὸν
561 4247 621 4298 τὸ
640 4246 1105 4317 ἐξομολογεῖσθαι
1124 4251 1200 4315 τῷ
1224 4255 1430 4320 Κυρίῳ,
1457 4256 1550 4308 καὶ
1580 4254 1732 4323 ψάλ-

197 4339 335 4388 λειν
373 4333 459 4396 τῷ
490 4333 733 4400 ὀνόματί
768 4350 901 4395 σου,
934 4336 1191 4403 Ὕψιστε,
1222 4341 1323 4393 τοῦ
1355 4342 1736 4411 ἀναγγέλλων

196 4424 266 4476 τὸ
290 4422 446 4490 πρωῒ
475 4421 537 4475 τὸ
559 4422 727 4486 ἔλεός
756 4437 867 4475 σου
892 4424 985 4475 καὶ
1011 4425 1122 4492 τὴν
1152 4429 1432 4495 ἀλήθειάν
1454 4447 1566 4485 σου
1593 4433 1736 4484 κατὰ

195 4516 415 4576 νύκτα,
445 4512 515 4564 ἐν
541 4510 866 4578 δεκαχόρδῳ
897 4516 1196 4581 ψαλτηρίῳ
1221 4520 1343 4584 μετ’
1375 4520 1528 4587 ᾠδῆς
1557 4522 1624 4573 ἐν
1654 4539 1734 4573 κι-

198 4602 375 4669 θάρᾳ.
408 4598 521 4660 Τὰς
556 4598 661 4650 τῶν
693 4600 972 4653 Σαὸδάτων
1001 4602 1204 4671 ἡμέρας
1246 4605 1294 4655 οἱ
1326 4607 1428 4675 πρὸ
1470 4608 1734 4669 Μωῦσέως
1764 4624 1773 4633 ’

197 4691 400 4743 δίκαιοι
445 4689 541 4741 καὶ
578 4688 832 4755 Θεοφιλεῖς
867 4690 1052 4761 ἄνδρες
1088 4692 1194 4744 οὔτ’
1222 4694 1432 4763 ᾔδεσαν,
1461 4695 1568 4748 οὔτ’
1607 4696 1734 4764 ἐφύ-

196 4779 415 4831 λαττον.
444 4775 571 4830 Οὒτ’
614 4774 704 4830 οὖν
734 4778 888 4841 αὐτὸς
926 4779 1183 4850 Ἀϐραὰμ,
1215 4782 1333 4834 οὔτε
1376 4785 1570 4848 Ἰσαὰκ,
1612 4784 1731 4837 οὔτε

210 4868 431 4930 Ἰακὼϐ,
454 4866 575 4918 οὔτε
609 4868 657 4918 οἱ
691 4866 873 4919 τούτου
916 4869 1112 4933 παῖδες,
1142 4870 1252 4923 ἀλλ’
1283 4872 1398 4923 οὐδὲ
1429 4875 1476 4924 oi
1510 4874 1586 4925 ἔτι
1611 4875 1731 4926 τού-

196 4976 309 5009 των
352 4956 430 5025 τῷ
484 4955 657 5025 χρόνῳ
702 4956 1033 5026 παλαιότεροι
1079 4959 1349 5026 φαίνονται
1390 4960 1731 5027 γινώσκοντες

197 5049 416 5120 ἡμέραν
441 5045 732 5099 Σαδϐάτου.
772 5046 918 5097 Ἐπεὶ
943 5046 1113 5099 τοίνυν
1139 5048 1186 5099 oi
1222 5049 1284 5099 ὲκ
1317 5052 1626 5117 περιτομῆς,
1658 5052 1731 5112 ὠς

200 5137 347 5204 μέγα
372 5154 423 5189 τι
456 5133 853 5204 κατορθοῦντες,
878 5133 946 5187 τὰ
971 5135 1210 5188 Σάϐϐατα
1234 5136 1508 5201 φυλάττειν
1544 5140 1731 5206 ἡγοῦν-

199 5242 314 5290 ται,
342 5226 378 5279 ἀ
407 5224 528 5276 οὐδὲ
568 5222 880 5291 φυλάττουσι
913 5224 1049 5276 κατά
1074 5224 1133 5275 τὸ
1156 5223 1394 5292 βούλημα
1421 5224 1514 5275 τοῦ
1546 5228 1724 5295 νόμου,

202 5311 538 5382 παραθετέον
568 5310 744 5371 αὐτοῖς
784 5310 856 5360 τὰ
890 5309 1157 5379 είρημένα.
1203 5309 1310 5359 Καὶ
1346 5310 1533 5380 ἐπειδὴ
1568 5315 1731 5367 κατά-

200 5418 401 5453 παυσιν
429 5398 678 5468 σημαίνει
704 5398 762 5449 τὸ
789 5398 1067 5461 Σάϐϐατόν,
1094 5399 1389 5466 γέγραπται
1424 5399 1553 5465 γοῦν
1575 5417 1590 5431 ·
1620 5404 1728 5456 Kal

200 5488 582 5541 κατέπαυσεν
616 5488 649 5537 d
681 5486 819 5549 Θεὸς
856 5486 924 5537 ὲν
948 5486 1019 5554 τῇ
1046 5485 1222 5555 ἡμέρᾳ
1262 5484 1334 5551 τῇ
1367 5481 1407 5544 ζ’
1427 5486 1547 5538 ἀπὸ
1582 5490 1729 5541 πάν-

200 5593 321 5628 των
352 5575 470 5627 τῶν
498 5574 680 5640 ἔργων
712 5573 907 5640 αὑτοῦ,
939 5569 1020 5629 ὧν
1041 5573 1299 5638 ἐποίησε,
1338 5571 1433 5625 καί
1455 5573 1726 5645 ⁸ἡγίασεν·

273 5691 316 5721 ⁵⁷
357 5688 488 5743 Gen.
525 5701 598 5752 ιι,
629 5685 694 5750 2,
727 5686 777 5740 3.

1873 4084 2185 4140 PSALMUS
2231 4084 2519 4152 CANTICI,
2554 4086 2618 4141 IN
2676 4086 2784 4140 DIE
2843 4088 3142 4146 SABBATI.
3180 4093 3317 4151 XCI.

1904 4243 2067 4298 Vens.
2103 4242 2156 4305 2,
2189 4243 2240 4295 3.
2282 4241 2481 4294 Bonum
2507 4248 2582 4293 est
2610 4240 2842 4307 confiteri
2873 4240 3109 4306 Domino,
3142 4254 3190 4298 et
3211 4248 3356 4315 psal.

1838 4335 1940 4387 lere
1961 4332 2154 4385 nomini
2183 4340 2292 4393 tuo,
2332 4329 2612 4390 Altissime,
2645 4327 2711 4379 ad
2756 4332 3166 4385 annuntiandum
3203 4351 3358 4391 mane

1835 4420 2240 4475 misericordiam
2265 4430 2427 4480 tuam,
2456 4426 2503 4468 et
2546 4420 2807 4470 veritatem
2832 4429 2973 4471 tuam
3008 4438 3095 4488 per
3125 4436 3349 4493 noctem,

1838 4512 1891 4562 in
1916 4509 2232 4563 decachordo
2267 4508 2506 4574 psalterio
2543 4522 2659 4557 cum
2689 4508 2886 4558 cantico
2908 4509 2960 4560 in
3001 4511 3220 4569 cithara.
3252 4515 3355 4581 Qui

1835 4607 1957 4652 ante
2008 4597 2237 4667 Moysem
2282 4602 2433 4648 erant
2475 4594 2606 4661 justi
2664 4609 2726 4647 ac
2783 4598 3015 4665 religiosi
3066 4602 3186 4663 viri,
3238 4604 3353 4657 dies

1837 4688 2189 4742 Sabbatorum
2239 4700 2345 4739 non
2393 4692 2585 4737 norant
2641 4700 2740 4738 nec
2803 4688 3196 4744 custodiebant.
3245 4691 3355 4747 Nec

1833 4778 1973 4831 enim
2008 4777 2292 4837 Abraham,
2326 4790 2500 4841 neque
2540 4773 2706 4838 Isaac,
2752 4791 2924 4845 neque
2960 4777 3145 4843 Jacob,
3180 4798 3355 4851 neque

1834 4868 1948 4936 ejus
2006 4866 2118 4928 ﬁlii,
2144 4879 2313 4933 neque
2361 4864 2519 4917 etiam
2567 4864 2656 4931 qui
2709 4865 2775 4919 iis
2821 4868 3145 4940 antiquiores
3173 4882 3347 4935 erant,

1833 4955 1970 5008 diem
2002 4954 2214 5007 Sabbati
2241 4953 2452 5006 novisse
2482 4952 2746 5005 videntur.
2788 4954 2920 5018 Quia
2956 4957 3117 5025 igitur
3162 4961 3254 5029 qui
3284 4977 3350 5014 ex

1834 5043 2245 5096 circumcisione
2290 5049 2436 5104 sunt,
2467 5041 2618 5108 quasi
2670 5044 2847 5110 magni
2897 5044 3166 5112 quidpiam
3211 5063 3349 5115 prae-

1835 5138 1993 5194 stent,
2028 5145 2085 5184 se
2114 5130 2341 5182 Sabbata
2386 5142 2599 5181 servare
2643 5134 2850 5194 putant,
2883 5145 3000 5197 quae
3034 5139 3211 5186 tamen
3265 5150 3348 5188 se-

1833 5219 2064 5272 cundum
2125 5216 2255 5285 legis
2317 5224 2545 5268 mentem
2608 5229 2714 5268 non
2764 5217 3096 5283 custodiunt,
3155 5223 3347 5289 psalmi

1829 5307 1970 5360 dicta
2000 5305 2129 5374 ipsis
2153 5309 2276 5358 sunt
2309 5301 2641 5370 exponenda.
2672 5302 2737 5353 Et
2769 5305 2894 5371 quia
2931 5303 3217 5361 Sabbatum
3257 5326 3346 5364 re-

1829 5397 2005 5465 quiem
2058 5393 2355 5460 signilicat;
2391 5405 2512 5443 nam
2561 5390 2816 5458 scriptum
2843 5401 2924 5446 est
2954 5412 2967 5446 :
3004 5394 3075 5447 Et
3109 5399 3346 5466 requievit

1828 5487 1964 5539 Deus
1987 5483 2070 5536 die
2115 5481 2330 5549 septimo
2360 5480 2422 5532 ab
2462 5479 2693 5534 omnibus
2715 5483 2951 5547 operibus
2996 5486 3105 5538 suis
3130 5504 3244 5555 qua:
3273 5497 3348 5556 [e-

1827 5586 1985 5639 cerat,
2020 5584 2067 5629 et
2100 5573 2440 5639 sanctiﬁcarit
2474 5571 2712 5642 illum)’;
2745 5572 2891 5627 dicas
2932 5589 3062 5632 sane
3112 5576 3205 5633 Dei
3267 5596 3350 5635 rc-
