3848 6432
222 409 365 462 1169

1318 406 1801 462 COMMENTARIA
1834 408 1899 461 lN
1930 407 2257 462 PS.\LMOS.

3248 409 3271 459 ί
3289 408 3395 460 i7"

218 516 497 578 Μωῦσέως
541 518 715 585 νόμος,
749 516 898 578 σκιὰς
940 516 1042 567 τῶν
1072 516 1364 585 εἰρημένων
1401 520 1488 569 καὶ
1518 517 1754 586 σύμϐολα

1856 519 1919 571 de
1970 533 2129 571 causa
2168 516 2381 569 Sabbati
2435 516 2601 568 otium
2644 516 2728 585 agi
2780 500 3009 581 debere,
3036 520 3373 572 et'lnuti‘lem

218 605 569 673 παραδιιοῖις,
618 605 822 674 ἡμέραν
872 605 989 657 τινὰ
1043 608 1150 665 τοῖς
1197 604 1446 674 πλήθεσιν
1494 606 1749 675 ἀφώρισε,

218 692 372 754 ὅπως
396 691 495 745 κᾶν
522 693 687 762 ταύτῃ
713 695 1009 762 ἀπέχωνται
1040 695 1134 763 μὲν
1169 694 1275 746 τῶν
1305 695 1534 764 συνήθων
1564 696 1749 765 ἔργων,

223 783 537 850 σχολάζοιεν
574 784 628 836 δὲ
654 787 717 851 τῇ
746 783 835 835 τοῦ
865 784 1002 836 θείου
1030 786 1186 853 νόμου
1224 785 1433 853 μελέτῃ.
1468 785 1533 837 Ὅ
1565 802 1625 851 γε
1652 784 1753 853 μὴν

218 871 417 940 παρὼν
441 872 648 940 ψαλμὺς
679 872 962 942 διαρρήδην
985 872 1214 923 διδάσκει
1242 873 1330 923 ἐπὶ
1356 871 1505 923 τοῦτο
1534 872 1640 923 δεῖν
1662 871 1756 940 τὴν

216 958 319 1009 τοῦ
359 959 630 1014 Σαϐϐάτου
663 960 850 1028 σχολὴν
880 959 1137 1013 ποιεῖσθαι
1173 962 1264 1012 καὶ
1299 961 1395 1031 τὴν
1417 961 1521 1012 τῶν
1552 961 1757 1026 ἀνωφε-

216 1044 335 1097 λῶν
380 1047 583 1115 ἀργιῶν
616 1048 704 1098 ἐπὶ
736 1048 796 1099 τὸ
837 1047 971 1099 κατά
1009 1049 1197 1100 ταύτὸν
1241 1047 1647 1118 συνερχομένους
1678 1049 1759 1118 ἐρ-

215 1130 489 1199 γάζεσθαι
510 1134 577 1186 τὰ
598 1135 680 1187 διὰ
703 1134 793 1187 τοῦ
824 1134 1030 1204 ψαλμοῦ
1051 1136 1363 1205 δηλούμενα.
1394 1132 1500 1187 Ἦν
1534 1135 1588 1187 δὲ
1615 1137 1758 1205 πρῶ-

213 1237 316 1272 τον
352 1221 777 1292 ἐξομολογεῖσθαι
801 1223 875 1292 τῷ
906 1225 1090 1293 Κυρίῳ
1111 1240 1125 1255 ο
1152 1224 1393 1294 δεύτερον
1428 1224 1640 1291 ψάλλειν
1673 1224 1756 1276 διὰ

214 1309 337 1361 τῶν
381 1313 649 1380 μουσικῶν
692 1313 927 1382 ὀργάνων
970 1312 1046 1381 τῷ
1081 1312 1293 1381 ὀνόματι
1338 1312 1527 1366 αὑτοῦ·
1579 1313 1755 1383 τρίτον

212 1401 575 1469 ἀναγγέλλειν
603 1403 739 1456 κατά
766 1403 861 1464 τὰς
889 1400 1108 1462 ἑωθινὰς
1137 1402 1281 1470 ὥρας
1306 1403 1363 1454 τὸ
1388 1403 1529 1465 ἔλεος
1553 1401 1713 1454 αὑτοῦ
1739 1420 1751 1432 ο

1854 609 2203 662 cessationem
2236 607 2595 675 depellendam
2622 621 2763 669 esse,
2796 612 2851 659 ut
2873 608 2925 660 in
2958 623 3119 661 unum
3147 623 3373 678 congre-

1856 697 1960 764 gati
2001 711 2061 749 ea
2095 712 2211 763 qua:
2259 697 2493 764 psalmus
2547 696 2748 749 indicat
2790 703 3132 764 peragantur.
3177 695 3373 749 Eorum

1857 793 2032 837 autem
2073 785 2298 851 primum
2333 792 2433 848 est,
2465 784 2706 838 conﬁteri
2749 783 3009 847 Domino;
3059 783 3372 849 secundum,

1858 890 1977 929 cum
2013 877 2234 931 musicis
2290 876 2661 932 instrumentis
2703 877 2929 946 psallere
2980 878 3179 929 nomini
3223 877 3371 945 ejus;

1856 965 2094 1028 tertium,
2134 965 2410 1019 matutinis
2486 966 2632 1020 horis
2701 965 3025 1020 annuntiare
3068 966 3375 1021 misericoro

1856 1053 2000 1105 diam
2031 1053 2182 1120 ejus;
2208 1063 2474 1122 quartum,
2526 1054 2806 1107 nocturnis
2843 1052 3170 1121 temporibus
3215 1068 3370 1106 enar-

1858 1154 1978 1193 rare
2013 1142 2287 1194 veritatem
2316 1143 2474 1209 ejus:
2512 1149 2564 1195 et
2612 1142 2724 1195 haec
2773 1156 2879 1195 non
2920 1141 3077 1194 modo
3119 1140 3275 1194 labiis
3326 1149 3373 1193 et

1856 1243 2006 1290 voce,
2040 1228 2134 1283 sed
2176 1231 2336 1283 etiam
2381 1245 2474 1298 per
2517 1230 2843 1284 musicorum
2900 1230 3371 1283 instrumentorum

1856 1316 2205 1384 pulsationem
2236 1330 2391 1384 agere
2424 1333 2439 1368 :
2477 1331 2598 1369 nam
2624 1317 2698 1369 ait
2739 1334 2752 1368 ε
2786 1316 2851 1369 1η
2881 1316 3196 1370 decachordo
3233 1317 3377 1384 ρδαιο

1861 1403 2006 1465 tario,
2038 1418 2152 1454 cum
2175 1404 2374 1455 cantico
2402 1404 2455 1456 in
2487 1404 2708 1457 cithara.

210 1496 485 1566 τέταρτον
517 1496 807 1565 διηγεῖσθαι
849 1497 943 1564 τὴν
972 1496 1216 1565 ἀλήθειαν
1257 1494 1416 1547 αὐτοῦ
1456 1496 1595 1547 κατά
1634 1496 1756 1557 τοὺς
1788 1495 2122 1563 νυκτερινοὺς
2151 1493 2399 1563 καιρούς’
2441 1496 2532 1547 καὶ
2572 1495 2737 1547 ταῦτα
2767 1496 3018 1566 πράττειν
3084 1497 3157 1567 μὴ
3220 1496 3374 1564 μόνον

208 1588 431 1656 χείλεσι
474 1591 565 1641 καὶ
597 1591 761 1657 φωνῇ,
834 1588 967 1640 ἀλλά
1006 1588 1097 1640 καὶ
1127 1588 1211 1639 διά
1242 1588 1338 1656 τῆς
1375 1586 1479 1639 τῶν
1522 1588 1784 1656 μουσικῶν
1846 1587 2083 1657 ὀργάνων
2120 1587 2521 1657 ἀνακρούσεως·
2566 1589 2660 1639 Ἑν
2697 1587 3027 1657 δεκαχόρδῳ
3055 1589 3182 1659 γὰρ,
3221 1590 3373 1659 φησὶ,

207 1681 536 1746 ψαλτηρίῳ
563 1679 658 1731 καὶ
673 1680 794 1747 μετ’
816 1678 971 1745 ᾠδῆς
993 1680 1060 1731 ἐν
1083 1679 1306 1746 κιθάρᾳ.

306 1769 471 1839 Ὁρᾷς
506 1765 594 1821 οῦν
626 1770 721 1821 ὅσα
755 1768 1004 1837 πράττειν
1048 1772 1075 1822 ό
1113 1770 1294 1838 παρὼν
1332 1770 1482 1837 λόγος
1510 1773 1753 1840 παραινεῖ

1918 1766 2079 1821 Vides
2110 1768 2269 1837 igitur
2295 1766 2361 1819 ad
2390 1783 2506 1836 qua:
2536 1768 2587 1821 in
2620 1768 2704 1822 die
2737 1768 3142 1824 resurrectionis
3174 1769 3377 1838 agenda

208 1858 368 1911 κατά
414 1858 509 1926 τὴν
552 1858 646 1927 τῆς
693 1859 1027 1921 ἀναστάσεως
1062 1860 1299 1929 ἡμέραν;
1345 1858 1756 1929 Ἑπιγέγραπται

206 1945 355 2013 γοῦν
387 1948 417 1998 ὁ
483 1945 705 2014 ψαλμὸς,
751 1949 837 2011 είς
886 1946 997 2014 τὴν
1034 1946 1255 2015 ἡμέραν
1294 1947 1398 2001 τοῦ
1443 1946 1755 2000 Σαϐϐάτου.

221 2035 399 2088 Ἀλλά
443 2037 535 2087 καὶ
580 2036 627 2088 οι
671 2036 830 2105 ἱερεῖς
880 2037 936 2088 ὲν
972 2036 1048 2105 τῷ
1079 2037 1202 2107 ἱερῷ
1244 2036 1379 2089 κατά
1408 2036 1465 2088 τὸ
1493 2036 1757 2089 Σάϐϐατον

206 2124 388 2194 ἔτερα
432 2123 650 2176 πλεῖστα
700 2124 956 2193 ἔπραττον
1004 2125 1141 2177 κατά
1176 2125 1263 2176 τὸν
1298 2125 1473 2194 νόμον.
1514 2126 1624 2177 Οὐκ
1653 2126 1757 2194 ἄρα

203 2213 523 2282 ὁλοσχερῶς
542 2213 724 2282 ἀργεῖν
750 2213 1079 2283 προστάττει.
1099 2213 1232 2265 Ἀλλ’
1257 2214 1371 2265 οὐδὲ
1398 2216 1505 2276 τοῖς
1533 2213 1757 2284 ἱερεῦσιν

206 2304 243 2372 ἡ
278 2301 384 2353 τοῦ
421 2302 690 2355 Σαϐϐάτου
720 2303 897 2372 ἡμέρα
928 2303 1328 2373 νενομοθέτητο’
1364 2303 1538 2373 μόνοις
1569 2303 1623 2355 δὲ
1650 2305 1759 2364 τοῖς

212 2392 296 2463 μὴ
326 2392 464 2453 οἵοις
494 2408 552 2443 τε
584 2386 698 2444 οὖσι
728 2392 815 2444 τὸν
852 2393 1019 2444 πάντα
1050 2392 1231 2461 χρόνον
1261 2392 1359 2460 τῆς
1390 2392 1561 2444 αὐτῶν
1593 2390 1754 2459 ζωῆς,

208 2482 317 2535 καὶ
352 2482 532 2543 πάσας
568 2480 740 2533 αὐτῶν
781 2482 875 2542 τὰς
900 2480 1104 2549 ἡμέρας
1145 2484 1211 2549 τῇ
1256 2479 1348 2532 τοῦ
1384 2480 1514 2532 Θεοῦ
1541 2480 1758 2549 λατρεία

206 2570 315 2623 καὶ
361 2571 478 2630 τοῖς
524 2566 599 2637 τῷ
645 2567 757 2636 Θεῷ
786 2568 953 2635 φίλοις
997 2569 1172 2638 ἔργοις
1217 2568 1518 2638 σχολάζειν·
1556 2569 1758 2631 τούτοις

207 2656 331 2726 γὰρ
379 2657 447 2708 ἐκ
490 2656 859 2725 διαστημάτων
912 2657 1079 2710 ταῦτα
1134 2659 1382 2729 πράττειν
1442 2658 1753 2727 ἐνομοθέτει.

208 2748 349 2808 Τοῖς
375 2761 443 2812 γε
475 2746 581 2815 μὴν
612 2746 881 2817 πλησμονῇ
914 2748 1140 2818 γαστρὸς
1170 2749 1261 2800 καὶ
1302 2746 1453 2819 μέθῃ,
1494 2748 1584 2799 καὶ
1615 2747 1757 2816 πάσῃ

204 2833 469 2903 ἀκοσμίᾳ
519 2834 655 2885 κατά
700 2836 796 2904 τὴν
837 2836 1041 2906 ἡμέραν
1086 2836 1176 2889 τοῦ
1224 2835 1493 2888 Σαϐϐάτου
1540 2836 1758 2898 ἑαυτοὺς

208 2924 576 2994 παρέχουσιν,
606 2925 634 2975 ὁ
658 2922 784 2986 Θεὸς
808 2925 891 2977 διὰ
930 2925 1019 2977 τοῦ
1056 2927 1321 2995 προφήτου
1366 2925 1757 2977 ἐπανατείνεται

207 3013 399 3082 λέγων
417 3030 429 3044 ο
466 3015 529 3066 Οἱ
580 3014 960 3081 ἐφαπτόμενοι
1017 3014 1252 3081 ψευδῶν
1289 3015 1621 3067 Σαϐϐἁτωνο
1666 3015 1757 3067 καὶ

1854 1857 2098 1909 hortetur
2154 1855 2241 1907 hic
2292 1856 2549 1922 psalmus.
2600 1853 2892 1924 Inscriptus
2943 1856 3085 1909 enim
3138 1855 3378 1923 psalmus

1854 1954 1955 2008 est,
1988 1946 2041 1996 in
2082 1944 2216 1997 diem
2261 1942 2495 1997 Sabbati.
2537 1942 2637 1997 Sed
2668 1951 2721 1997 et
2758 1945 3062 1999 sacerdotes
3098 1945 3150 1998 in
3183 1946 3378 2013 templo

1852 2036 1939 2089 die
1971 2034 2187 2086 Sabbati
2221 2033 2322 2087 alia
2349 2034 2574 2102 plurima
2612 2032 2903 2087 secundum
2928 2034 3091 2102 legem
3131 2034 3377 2101 agebant.

1854 2124 1970 2178 Non
2007 2138 2132 2192 ergo
2160 2123 2399 2191 prmeipit
2426 2129 2483 2175 ut
2511 2122 2730 2175 omnino
2756 2127 2994 2175 vacetur.
3028 2120 3209 2191 Neque
3250 2138 3376 2176 vero

1854 2210 2220 2266 sacerdotibus
2246 2210 2359 2265 dies
2394 2210 2610 2264 Sabbati
2642 2210 3117 2279 praescribebatur;
3159 2212 3250 2265 sed
3288 2228 3376 2266 so-

1854 2302 1962 2355 lum
1990 2301 2058 2355 iis
2090 2300 2181 2369 qui
2210 2314 2310 2354 nec
2352 2308 2465 2353 toto
2496 2300 2618 2354 vitae
2667 2314 2777 2353 sua“:
2814 2307 3070 2368 tempore,
3121 2318 3218 2355 nec
3264 2304 3377 2357 sin-

1853 2391 1989 2458 gulis
2021 2389 2205 2445 diebus
2250 2391 2361 2444 suis
2391 2398 2606 2458 possent
2645 2387 2737 2443 Dei
2770 2390 2931 2442 cultui
2978 2399 3029 2444 et
3071 2388 3176 2443 Deo
3223 2405 3373 2444 acce-

1853 2480 1959 2548 ptis
1996 2478 2245 2547 operibus
2288 2493 2477 2533 vacare
2505 2498 2517 2532 :
2542 2494 2665 2531 nam
2698 2479 2785 2543 iis,
2820 2486 2877 2532 ut
2916 2481 3218 2534 intermisso
3258 2481 3373 2534 die-

1854 2584 1971 2621 rum
2014 2568 2185 2637 spatio
2232 2568 2285 2620 id
2330 2575 2564 2638 agerent,
2615 2570 2729 2638 lege
2781 2576 3037 2623 statutum
3083 2578 3216 2623 erat.
3268 2570 3371 2623 Eos

1856 2672 2014 2727 porro
2041 2658 2133 2727 qui
2166 2658 2415 2727 crapulaz,
2440 2658 2704 2721 ebrietati,
2747 2657 2972 2726 aliisque
3015 2660 3263 2713 omnibus
3294 2663 3377 2714 in-

1855 2748 2064 2803 decoris
2111 2750 2276 2819 gestis
2330 2750 2415 2803 die
2450 2747 2665 2802 Sabbati
2712 2764 2769 2804 se
2823 2749 3043 2812 dedunt,
3103 2749 3244 2804 Deus
3282 2767 3375 2820 per

1856 2838 2166 2908 prophetam
2212 2838 2291 2891 sic
2333 2852 2521 2907 aspere
2575 2838 2906 2907 alloquitur:
2938 2839 3041 2903 Qui
3078 2841 3377 2909 contingunt

1854 2927 1992 2995 falsa
2017 2926 2244 2980 Sabbata
2265 2928 2319 2993 ³;
2353 2941 2415 2981 ac
2446 2942 2680 2991 rursum,
2714 2925 3025 2980 Neomenias
3072 2938 3287 2992 vestras,
3326 2938 3375 2983 et

1855 3017 2071 3069 sabbata
2095 3026 2141 3069 et
2164 3017 2296 3070 diem
2320 3032 2557 3084 magnam
2587 3032 2687 3069 non
2709 3017 2817 3083 fero
2840 3017 2880 3067 ⁸.
2912 3015 3087 3082 Quare
3118 3017 3389 3082 Verbum,

207 3077 389 3159 πάλιν
410 3118 424 3131 ⁸
467 3103 575 3167 Τὰς
602 3077 909 3170 κεομηκίας
933 3077 1095 3171 ὑμῶν
1126 3105 1221 3157 καὶ
1253 3105 1322 3157 τὰ
1363 3104 1622 3157 Σάϐϐατα
1662 3104 1755 3156 καὶ

1857 3106 1985 3173 ipsis
2013 3077 2449 3174 repugnantibus,
2472 3119 2564 3173 per
2586 3103 2789 3160 Novum
2820 3106 3215 3159 Testamentum
3235 3105 3373 3160 Sab-

205 3193 456 3262 ήμέραν
476 3190 741 3258 μετ-ἄλην
765 3193 873 3243 οὐκ
900 3191 1191 3259 ἀνέχομαι.
1230 3193 1318 3243 Διὸ
1348 3193 1410 3263 δὴ
1440 3191 1754 3263 παρῃτημέ-

204 3300 321 3339 νων
377 3278 620 3340 ἐκείνων,
647 3277 731 3329 διὰ
762 3279 855 3347 τῆς
886 3280 1084 3346 Καινῆς
1113 3279 1377 3347 Διαθὴκης
1405 3280 1571 3346 Λόγος
1601 3281 1759 3350 μετήο

203 3386 357 3441 γαγε
390 3366 488 3420 καὶ
521 3364 854 3434 μετατέθεικε
897 3366 992 3434 τὴν
1027 3364 1118 3416 τοῦ
1151 3365 1415 3417 Σαϐϐάτου
1444 3366 1628 3435 ἑορτὴν
1668 3368 1758 3419 ἐπὶ

204 3464 312 3535 τὴν
344 3456 449 3513 τοῦ
478 3457 648 3524 φωτὸς
692 3456 963 3525 ἀνατολὴν,
1000 3458 1090 3508 καὶ
1127 3456 1428 3526 παρέδωκεν
1460 3457 1586 3525 ἡμῖν
1632 3458 1759 3527 ἁλη-

207 3552 378 3619 θινῆς
417 3544 763 3607 ἀναπαύσεως
803 3545 1000 3609 εἰκόνα,
1026 3545 1120 3614 τὴν
1155 3546 1415 3616 σωτηρίαν
1445 3547 1534 3598 καὶ
1556 3548 1757 3616 Κυρια-

206 3640 318 3709 κὴν
350 3635 451 3689 καὶ
476 3633 691 3703 πρώτην
719 3632 809 3685 τοῦ
836 3634 1006 3701 φωτὸς
1032 3635 1256 3703 ἡμέραν,
1286 3634 1401 3687 καθ’
1430 3636 1496 3704 ἢν
1524 3637 1552 3686 ό
1576 3636 1758 3706 Σωτὴρ

206 3729 309 3784 τοῦ
356 3726 566 3795 κόσμου
605 3722 744 3794 μετά
791 3723 962 3785 πάσας
1015 3722 1173 3775 αὑτοῦ
1224 3724 1320 3785 τὰς
1361 3724 1416 3775 ἐν
1462 3724 1757 3794 ἀνθρώποις

206 3815 476 3891 πράξεις,
507 3814 601 3883 τὴν
626 3812 761 3865 κατὰ
800 3812 891 3865 τοῦ
922 3812 1140 3866 θανάτου
1171 3814 1322 3884 νίκην
1352 3813 1635 3885 ἀράμενος,
1662 3815 1757 3878 τὰς

206 3902 507 3977 οὐρανίους
564 3900 729 3961 πύλας
772 3901 1113 3970 ὑπερέϐαινεν
1153 3903 1290 3972 ὑπὲρ
1329 3902 1425 3972 τὴν
1467 3902 1756 3973 ἑξαήμερον

207 3991 580 4064 κοσμοποιίαν
620 3991 943 4059 γιγνόμενος,
975 3992 1035 4043 τό
1070 4009 1127 4043 τε
1168 3992 1453 4062 θεοπρεπὲς
1492 3993 1758 4047 Σάϐϐατον

209 4087 313 4139 καὶ
345 4082 451 4152 τὴν
477 4081 869 4150 τρισμακαρίαν
910 4082 1201 4136 ἀνάπαυσιν
1234 4081 1635 4151 ὑπολαμϐάνων,
1664 4082 1753 4135 τοῦ

208 4171 441 4241 Πατρδς
494 4167 765 4237 εἰρηκότος
808 4167 982 4237 αὐτῷ’
1036 4167 1226 4223 Κάθου
1264 4170 1331 4222 ἐκ
1369 4169 1575 4233 δεξιῶν
1617 4188 1755 4238 μου,

207 4263 328 4326 ἕως
359 4259 441 4313 ἂν
466 4257 546 4311 θῶ
580 4257 717 4321 τοὺς
747 4258 985 4324 ἐχθρούς
1015 4274 1127 4311 σου
1161 4260 1481 4312 ὑποπόδιον
1509 4259 1623 4312 τῶν
1650 4276 1755 4313 πο-

1853 3193 1964 3247 bati
1993 3193 2180 3247 festum
2207 3194 2259 3247 in
2289 3194 2421 3249 lucis
2461 3202 2635 3247 ortum
2666 3197 2956 3259 transtulit,
2989 3197 3250 3266 nobisque
3281 3214 3373 3253 vc-

1853 3298 1925 3336 rze
1973 3285 2176 3352 requiei
2227 3285 2506 3353 imaginem
2548 3285 2801 3348 tradidit,
2855 3286 3140 3340 salutarem
3181 3301 3397 3355 nempe

1854 3371 2202 3436 Dominicam,
2250 3384 2302 3428 et
2341 3374 2561 3441 primam
2612 3374 2746 3429 lucis
2782 3375 2944 3438 diem,
2981 3390 3087 3444 qua
3131 3374 3372 3429 Salvator

1852 3462 2035 3516 mundi
2071 3471 2193 3530 post
2233 3463 2408 3515 omnia
2440 3478 2536 3516 sua
2581 3463 2635 3516 in
2675 3463 2982 3519 hominibus
3011 3465 3151 3518 edita
3181 3480 3368 3533 Opera,

1854 3550 2078 3603 victoria
2107 3548 2171 3604 de
2201 3557 2372 3605 morte
2402 3558 2689 3619 reportata,
2718 3552 2965 3607 caelestes
2983 3562 3161 3621 portas
3194 3560 3371 3607 trans-

1853 3654 2092 3708 gressus,
2125 3654 2218 3693 sex
2267 3639 2471 3693 dierum
2515 3639 2782 3707 opificium
2826 3643 3187 3703 transcendit,
3224 3650 3373 3695 tunc-

1852 3735 1954 3788 que
1987 3718 2093 3774 Deo
2130 3720 2426 3775 condecens
2469 3719 2754 3774 Sabbatum
2790 3730 2843 3775 et
2872 3723 3233 3777 beatissimam
3281 3737 3369 3775 re-

1851 3807 2025 3876 quiem
2055 3808 2278 3877 accepit,
2317 3808 2524 3862 dicente
2554 3807 2730 3873 Patre,
2763 3808 2892 3863 Sede
2926 3827 2957 3862 a
2988 3811 3182 3863 dextris
3219 3812 3365 3874 meis,

1852 3897 2010 3949 donec
2054 3912 2241 3965 ponam
2281 3899 2513 3950 inimicos
2554 3907 2667 3951 tuo:
2708 3899 2985 3952 scabellum
3027 3901 3208 3967 pedum
3254 3911 3369 3953 tuo-

1853 4002 1969 4039 rum
1990 3986 2032 4040 ⁸.
2076 3986 2150 4040 Ea
2188 3988 2293 4049 die,
2342 4002 2460 4055 qua:
2491 4003 2628 4042 verae
2670 3989 2804 4042 lucis
2841 3996 2894 4042 et
2939 3991 3050 4043 veri
3095 3991 3224 4044 solis
3256 3992 3372 4045 dies

1852 4084 1952 4141 est,
1993 4090 2091 4130 nos
2128 4076 2228 4145 ipsi
2275 4079 2599 4146 congregati,
2643 4092 2736 4131 sex
2781 4077 2968 4132 diebus
3019 4078 3369 4146 interpositis,

1854 4170 2036 4218 sancta
2062 4172 2114 4218 et
2143 4165 2436 4233 spiritualia
2469 4164 2694 4220 Sabbata
2725 4166 3073 4222 celebrantes.
3114 4174 3369 4234 quotquot

1852 4267 1919 4306 ex
1946 4255 2190 4324 gentibus
2220 4256 2274 4308 in
2310 4256 2438 4308 orbe
2481 4262 2591 4307 toto
2629 4270 2722 4322 per
2765 4270 2884 4308 eum
2923 4256 3129 4309 liberati
3162 4273 3370 4320 sumus,

208 4350 341 4404 δῶν
380 4361 518 4399 σου.
560 4346 644 4397 Ἐν
679 4339 733 4417 ᾖ,
786 4346 955 4412 φωτὸς
1002 4344 1130 4416 οὔσῃ
1180 4349 1273 4399 καὶ
1306 4347 1489 4418 πρώτῃ
1536 4351 1624 4401 καὶ
1663 4349 1754 4401 τοῦ

1854 4358 1970 4411 qua:
1999 4343 2300 4398 sacerdotes
2331 4344 2385 4396 in
2419 4343 2503 4396 die
2546 4342 2759 4396 Sabbati
2788 4356 2945 4411 agere
2981 4344 3035 4396 in
3067 4343 3177 4413 lege
3202 4352 3363 4399 statu-

209 4435 460 4506 ἀληθοῦς
485 4433 633 4501 ἡλίου
671 4432 867 4502 ἡμέρᾳ,
902 4433 993 4484 καὶ
1023 4436 1178 4502 ἡμεῖς
1205 4435 1350 4487 αὐτοὶ
1387 4439 1755 4507 συνερχόμενοι

210 4525 308 4581 διὰ
340 4521 511 4592 μέσου
542 4518 599 4581 ἓξ
620 4517 855 4587 ἡμερῶν,
885 4519 1011 4584 άγιά
1034 4536 1091 4571 τε
1118 4520 1361 4574 Σάϐϐατα
1391 4524 1482 4575 καὶ
1518 4541 1756 4593 πνευμα-

211 4613 352 4668 τικά
378 4608 719 4679 ἑορτάζοντες
744 4609 791 4659 οἱ
823 4607 879 4672 ἐξ
904 4607 1066 4660 ἐθνῶν
1088 4609 1154 4661 δι’
1182 4610 1340 4663 αὐτοῦ
1376 4611 1756 4683 λελυτρωμένοι

213 4702 343 4755 καθ’
376 4700 507 4766 ὅλης
528 4696 625 4764 τῆς
648 4695 977 4764 οἰκουμένης,
1009 4696 1075 4749 τὰ
1113 4697 1190 4767 τῷ
1218 4700 1470 4769 Σαϐϐάτῳ
1499 4698 1755 4771 ’πράττειν

220 4796 333 4855 τοῖς
374 4788 576 4860 ἱερεῦσι
604 4786 1052 4857 νενομοθετημένα
1092 4790 1229 4843 κατὰ
1265 4792 1355 4843 τὸν
1400 4796 1754 4864 πνευματικὸν

218 4881 387 4949 νόμον
438 4876 800 4945 ἐπιτελοῦμεν.
850 4876 1044 4938 Θυσίας
1087 4894 1144 4929 τε
1192 4878 1296 4946 γὰρ
1346 4882 1438 4933 καὶ
1486 4884 1753 4953 ἀναφορὰς

221 4965 525 5035 ποιούμεθα
558 4964 938 5033 πνευματικὰς,
970 4966 1064 5027 τὰς
1100 4966 1427 5034 καλουμένας
1462 4969 1646 5034 θυσίας
1674 4976 1748 5025 αι-

223 5059 444 5117 θέσεως,
492 5053 585 5106 καὶ
627 5053 810 5115 θυσίας
848 5054 1181 5123 ἀλαλαγμοῦ·
1227 5055 1287 5106 τό
1324 5071 1381 5105 τε
1416 5055 1655 5127 θυμίαμα
1690 5061 1748 5111 τὸ

220 5146 419 5205 ,ὑῶδες
461 5142 867 5210 ἀναπέμπομεν,
901 5144 1024 5211 περὶ
1066 5140 1126 5195 οὗ
1169 5142 1402 5209 εἴρηται⁹
1445 5147 1752 5213 Γενηθήτω

220 5238 256 5303 ἡ
289 5230 600 5301 προσευχὴ
624 5248 739 5298 μου
767 5233 841 5295 ὡς
873 5232 1121 5299 θυμίαμα
1156 5230 1399 5283 ἐνώπιόν
1425 5248 1559 5285 σου.
1601 5235 1753 5288 Ἀλλά

223 5324 317 5378 ια).
362 5323 486 5382 τοὺς
531 5320 721 5388 ἄρτους
762 5319 860 5387 τῆς
901 5320 1197 5390 προθέσεως
1240 5319 1628 5386 προσφέρομενν
1658 5322 1751 5391 τὴν

227 5409 491 5477 ωπὴριον
538 5406 748 5474 μνήμην
788 5404 1263 5475 ἀναζωπυροῦντες,
1293 5404 1351 5454 τό
1399 5421 1458 5455 τε
1495 5406 1587 5456 τοῦ
1631 5410 1753 5475 ῥαν-

223 5495 417 5563 τισμοῦ
456 5490 612 5561 αἷμα,
645 5492 738 5544 τοῦ
776 5493 960 5561 ’Δμνοῦ
997 5491 1083 5544 τοῦ
1117 5487 1268 5549 Θεοῦ,
1300 5489 1384 5540 τοῦ
1417 5493 1755 5560 περιελόντος

294 5646 315 5674 ³
358 5644 521 5696 Amos
554 5656 633 5699 v1.
668 5642 718 5695 5.
789 5642 809 5672 ⁸
844 5640 938 5695 lsa.
973 5659 1012 5697 ι.
1050 5641 1126 5694 15.

1857 4439 1969 4485 ιιιω
1999 4441 2133 4496 erat,
2164 4448 2224 4487 ea
2249 4448 2346 4488 nos
2369 4433 2661 4487 secundum
2692 4433 2857 4500 legem
2890 4433 3221 4501 spiritualem
3250 4450 3363 4503 per-

1862 4521 2089 4576 ﬁcimus.
2138 4522 2266 4575 Nam
2314 4521 2575 4576 sacriﬁcia
2611 4530 2663 4575 et
2710 4520 3006 4575 oblationes
3042 4522 3369 4591 spirituales,

1858 4626 1975 4680 qua:
2004 4613 2187 4666 hostia:
2217 4612 2387 4665 laudis
2428 4619 2481 4665 et
2520 4611 2707 4665 hostia:
2728 4611 3061 4678 jubilationis
3088 4620 3368 4676 vocantur,

1856 4701 2202 4769 persolvimus
2229 4719 2242 4754 :
2278 4700 2551 4754 incensum
2578 4701 2701 4754 boni
2728 4699 2906 4753 odoris
2960 4701 3278 4763 emittimus,
3304 4702 3368 4754 de

1854 4804 1962 4857 quo
1991 4789 2186 4843 dictum
2209 4795 2290 4842 est
2322 4807 2333 4841 :
2364 4787 2488 4840 Fiat
2526 4790 2690 4841 oratio
2711 4804 2821 4840 mea
2859 4787 2988 4839 sicut
3025 4788 3287 4841 incensum
3319 4792 3369 4841 in

1853 4886 2120 4943 conspectu
2156 4887 2242 4929 tuo
2263 4877 2303 4929 ⁸.
2331 4875 2440 4929 lmo
2465 4878 2622 4930 etiam
2655 4891 2818 4946 panes
2864 4876 3251 4943 pr0positionis
3288 4879 3370 4931 ot”-

1854 4966 2095 5029 ferimus,
2138 4966 2420 5020 salutarem
2459 4968 2765 5021 memoriam
2799 4963 3153 5029 ret‘ricantes;
3193 4982 3375 5034 asper-

1853 5056 2056 5110 sionem
2087 5056 2211 5110 item
2250 5054 2522 5123 sanguinis
2551 5057 2685 5126 Agni
2726 5055 2840 5116 Dei,
2882 5054 2973 5120 qui
3017 5054 3164 5104 tollit
3194 5069 3377 5119 pecea-

1852 5153 1964 5196 tum
1994 5144 2195 5207 mundi,
2241 5143 2503 5210 piaculum
2540 5145 2840 5197 animarum
2876 5150 3217 5200 nostrarum,
3255 5140 3379 5191 faci-

1856 5247 1974 5285 mus
2001 5250 2014 5284 :
2040 5231 2237 5283 lumina
2264 5246 2475 5298 quoque
2502 5230 2832 5299 cognitionis
2858 5229 3040 5280 vultus
3073 5225 3174 5277 Dei
3202 5240 3380 5278 accen-

1853 5320 2047 5375 dimus.
2080 5319 2272 5373 Verum
2311 5321 2468 5371 etiam
2509 5336 2589 5387 ea,
2639 5333 2763 5387 quae
2808 5318 2867 5368 in
2897 5316 3110 5383 psalmo
3144 5312 3405 5377 praesenti

1855 5416 2222 5471 recensentur,
2259 5409 2346 5461 illa
2375 5410 2461 5462 die
2494 5411 2754 5477 perﬁcere
2796 5404 3129 5472 satagimus.
3159 5408 3217 5449 εὶ
3249 5412 3410 5465 ωροτε

1858 5504 1911 5550 et
1935 5496 2107 5549 verbis
2131 5496 2442 5550 confitentes
2470 5496 2718 5557 Domino,
2754 5497 2812 5543 ct
2860 5489 3168 5557 psnllcmcs
3214 5480 3435 5532 “omini

1207 5638 1226 5667 ⁵
1268 5636 1399 5691 Psal.
1437 5654 1562 5694 Ctx.
1611 5644 1657 5695 l.
1738 5649 1755 5677 ⁶
1793 5647 1927 5701 Psal.
1964 5662 2060 5699 CIL
2124 5646 2174 5695 ΕΞ.
