3848 6416
262 393 416 451 ἔίἹὸ

1328 395 1817 451 COMMENTARIA
1856 395 1920 451 IN
1953 382 2310 449 PSALMOSX

3277 393 3409 446 H74

250 512 410 565 λαῶν
447 514 755 583 συμφωνία,
802 516 919 568 καθ’
950 516 1012 585 ἡν
1049 518 1106 569 ἐν
1146 517 1339 579 πάσαις
1383 519 1498 580 ταῖς
1539 517 1628 569 τοῦ
1665 516 1789 570 Θεοῦ

1895 519 2006 587 pari
2038 530 2305 573 consensu
2331 518 2384 566 et
2410 523 2514 567 una
2538 511 2795 567 sententia
2817 509 2935 564 ﬁdei
2960 501 3272 580 et‘pietatis,
3304 531 3406 568 una

249 602 597 672 ἐκκλησίαις,
629 604 958 672 ὁμογνώμονι
992 604 1130 674 ψυχῇ
1160 606 1249 658 καὶ
1284 606 1378 674 μιᾷ
1406 603 1651 666 διαθέσει,
1678 604 1796 673 ὁμο-

248 692 504 765 φροσύνῃ
552 710 609 745 τε
659 694 750 746 καὶ
791 693 1032 763 ὁμοδοξία
1080 694 1306 756 πίστεως
1350 693 1443 746 κα).
1488 692 1791 757 εὐσεϐείας,

241 779 1381 883 ἒίέέέξυζὲἓέέᾞῖλζξὲῖὶᾴίίσὲἓὲλέἕίέἱ
1394 780 1792 869 eiciamu-

245 856 1040 940 rmasnamzm
1091 856 1795 938 καιίξξῑοᾶρέιῖξτ-ενίέιματι-

244 959 383 1018 καῖς
422 959 648 1028 χρῆσθαι
679 959 960 1029 εἰώθαμεν,
1007 959 1125 1012 ἐπεὶ
1167 959 1257 1011 καὶ
1299 957 1451 1010 τοῦτο
1496 956 1725 1009 διδάσκει
1767 958 1794 1008 ὁ

258 1044 587 1110 Ἀπόστολος
612 1049 809 1113 λέγων·
845 1048 1103 1116 Ψαλμοῖς
1136 1047 1229 1101 καὶ
1259 1047 1431 1113 ᾠδαῖς
1455 1047 1552 1100 καὶ
1593 1047 1795 1114 ὕμνοις

240 1138 693 1204 πνευματικοῖς.
732 1138 827 1208 Είη
860 1138 903 1189 δ’
942 1137 1006 1190 ἂν
1044 1137 1211 1200 ἄλλως
1251 1137 1443 1207 κιθάρα
1490 1136 1584 1205 μὲν
1609 1136 1659 1188 τὲ
1674 1136 1793 1197 ιπᾶν

242 1223 444 1294 σῶμα,
467 1220 525 1280 οῦ
557 1226 642 1279 διὰ
668 1226 775 1279 τῶν
804 1228 1061 1296 κινήσεων
1084 1227 1177 1279 καὶ
1198 1226 1303 1279 τῶν
1326 1224 1568 1294 πράξεων
1596 1225 1627 1292 ἡ
1653 1223 1793 1292 ψυχὴ

236 1313 347 1367 τὸν
384 1316 656 1385 πρέποντα
693 1316 768 1385 τῷ
804 1315 918 1386 Θεῷ
950 1315 1109 1385 ὕμνον
1156 1314 1464 1368 ἀποδίδωσιο
1506 1312 1793 1381 ψαλτήριον

232 1401 301 1455 δὲ
336 1403 655 1474 δεκάχορδον
680 1408 712 1475 ἡ
742 1405 831 1457 τοῦ
859 1405 1007 1472 ἁγίου
1039 1406 1341 1473 Πνεύματος
1368 1402 1451 1455 διὰ
1481 1401 1586 1454 τῶν
1610 1401 1794 1470 αἰσθη-

232 1494 464 1562 τηρίων
503 1494 659 1547 πέντε
702 1495 796 1564 μὲν
833 1495 922 1547 τοῦ
967 1493 1224 1562 σώματος,
1266 1490 1553 1561 ἰσαρίθμων
1598 1490 1653 1542 δὲ
1696 1489 1793 1557 τῆς

231 1579 439 1652 ψυχῆς
464 1584 753 1653 δυνάμεων,
776 1582 1152 1651 ἐπιτελουμένη
1185 1581 1401 1650 λατρεία
1424 1597 1436 1610 ο
1463 1579 1498 1633 ἃ
1539 1579 1601 1648 δὴ
1631 1594 1790 1648 παρι-

230 1672 389 1734 στὰς
432 1675 460 1725 ό
503 1672 657 1735 αὐτὸς
685 1672 995 1735 Ἀπόστολός
1037 1671 1164 1740 φησί
1217 1688 1345 1723 πουο
1393 1667 1794 1735 Προσεύξομαι

227 1759 328 1823 τῷ
364 1763 670 1829 πνεύματι,
695 1761 1086 1830 προσεύξομαι
1125 1760 1192 1812 δὲ
1223 1760 1317 1813 καὶ
1351 1756 1427 1822 τῷ
1472 1758 1591 1810 νοτ·
1619 1755 1792 1824 ψαλῶ

590 850 737 861 ...η’-

1893 622 2040 670 voce,
2076 607 2242 661 melos
2274 606 2327 659 in
2376 603 2685 673 psalmodiis
2736 601 3048 656 emittimus.
3091 601 3407 671 Hujusmodi

1891 698 2052 767 igitur
2080 696 2387 767 psalmodiis
2413 702 2465 749 et
2502 693 2721 748 citharis
2759 691 3125 762 spiritualibus
3170 694 3245 746 uti
3278 709 3408 748 con-

1890 788 2203 841 suevimus:
2254 783 2379 851 quia
2430 782 2483 835 id
2536 782 2689 835 docet
2734 779 3020 850 Apostolus
3070 779 3154 833 his
3209 782 3407 847 verbis,

1891 874 2121 927 Psalmis
2165 881 2215 926 et
2242 870 2456 924 canticis
2488 877 2536 922 et
2578 869 2778 937 hymnis
2823 867 3239 936 spiritualibus’.
3290 869 3409 921 Alia

1888 963 2014 1017 item
2072 962 2280 1015 ratione
2329 960 2535 1013 cithara
2583 956 2741 1012 fuerit
2780 964 2948 1009 totum
2996 970 3210 1024 corpus,
3258 956 3410 1023 cujus

1888 1051 2121 1104 motibus
2151 1058 2203 1104 et
2230 1049 2479 1118 operibus
2529 1048 2705 1100 anima
2740 1045 3114 1099 condeccntem
3155 1045 3410 1113 hymnum

1890 1138 1996 1192 Deo
2020 1139 2233 1191 emittit.
2273 1135 2589 1191 Psalterium
2630 1142 2803 1187 autem
2841 1132 3021 1186 decem
3066 1131 3408 1188 chordarum.

1892 1226 2123 1295 Spiritus
2166 1227 2334 1280 sancti
2391 1226 2567 1280 cultus
2613 1232 2715 1285 est,
2761 1237 2853 1291 per
2882 1223 3117 1291 quinque
3170 1220 3411 1290 corporis

1890 1331 2100 1377 sensus,
2132 1321 2183 1368 et
2216 1330 2308 1383 per
2352 1314 2571 1368 totidem
2613 1313 2799 1366 animae
2834 1313 3059 1366 virtutes
3093 1310 3407 1366 exhibitusa

1889 1422 2007 1476 quae
2046 1406 2128 1459 his
2177 1406 2412 1459 declarat
2455 1404 2591 1459 idem
2642 1404 2947 1473 Apostolus,
2994 1401 3167 1457 Orabo
3205 1402 3408 1468 spiritu,

1890 1492 2047 1546 orabo
2085 1501 2252 1543 autem
2281 1500 2330 1544 et
2364 1500 2565 1553 mente;
2599 1491 2822 1558 psallam
2855 1491 3040 1559 spiritu
3061 1529 3075 1553 ,
3105 1488 3325 1556 psallam
3363 1496 3432 1538 etv

1890 1577 2131 1631 mente”.
2164 1575 2326 1641 Quasi
2360 1577 2561 1631 scilicet
2585 1592 2735 1631 mens
2764 1579 2921 1632 etiam
2951 1586 3128 1631 motus
3168 1590 3295 1631 suos
3319 1575 3414 1629 ha-

1890 1667 2033 1733 beat,
2072 1666 2264 1734 quibus
2294 1666 2469 1735 pulsat
2507 1681 2730 1735 corpus;
2761 1674 2812 1720 et
2860 1666 3078 1735 spiritus
3126 1665 3251 1718 item
3284 1678 3411 1733 pro-

1890 1752 2035 1822 prios
2068 1753 2304 1807 obtineat
2331 1762 2528 1818 motus,
2565 1755 2758 1823 quibus
2791 1756 3020 1808 animam
3046 1762 3241 1809 movet.

228 1845 325 1912 τῷ
362 1849 670 1917 πνεύματι,
707 1846 876 1915 ψαλῶ
920 1847 987 1900 δὲ
1033 1847 1127 1900 καί
1172 1846 1249 1911 τῷ
1301 1847 1423 1900 νοτ·
1470 1844 1543 1907 ὡς
1580 1845 1671 1896 καὶ
1715 1842 1805 1895 τοῦ
1842 1840 1956 1902 νοὸς
2004 1839 2133 1901 ἰδίας
2171 1840 2378 1909 ἔχοντος
2425 1844 2678 1913 κινήσεις,
2723 1844 2789 1897 δι’
2833 1837 2906 1897 ὧν
2938 1844 3311 1915 ἀνακρούεται.
3355 1844 3415 1899 τὸ

230 1941 437 2011 σῶμα,
474 1942 685 1994 καίοτοῦ
729 1941 1028 2011 πνεύματος
1059 1941 1214 1995 πάλιν
1244 1940 1462 2003 οἰκείας,
1495 1938 1570 1991 δι”
1585 1930 1657 1991 ὧν
1693 1936 1786 2007 τὴν
1811 1934 1981 2005 ψυχὴν
2012 1935 2233 2003 ἐνεργεῖ.

313 2055 446 2107 Ὅτι
469 2053 760 2121 εὔφρανάς
785 2070 880 2122 με,
907 2054 1096 2120 Κύριε,
1129 2053 1196 2105 ἐν
1233 2050 1311 2115 τῷ
1344 2050 1617 2119 ποιήματι
1655 2065 1788 2111 σου,

1946 2040 2107 2099 Vens.
2143 2046 2194 2099 5.
2230 2044 2365 2109 Quia
2394 2045 2659 2100 delectasti
2701 2065 2798 2111 me,
2849 2048 3085 2113 Domine,
3121 2051 3177 2102 in
3207 2050 3413 2118 factam

228 2144 343 2198 καὶ
368 2144 443 2197 ἐν
464 2138 583 2209 τοῖς
609 2146 797 2211 ἔργοις
817 2142 931 2195 τῶν
955 2142 1160 2210 χειρῶν
1184 2157 1296 2195 σου
1336 2140 1783 2210 ἀγαλλιάσομαι.

240 2234 309 2286 Ὀ
347 2233 549 2299 νοήσας
589 2231 683 2301 τὴν
724 2231 826 2282 ὑπὸ
860 2230 950 2283 τοῦ
993 2230 1123 2282 Θεοῦ
1167 2230 1527 2302 πεποιημένην
1559 2228 1785 2298 ἡμέραν,

228 2323 376 2393 περὶ
413 2317 482 2393 ἦς
513 2321 742 2392 εἰρηται,
783 2322 938 2386 Αὕτη
986 2322 1023 2387 ὴ
1066 2320 1269 2388 ἡμέρα,
1311 2319 1389 2386 ἢν
1433 2320 1712 2385 ἐποίησεν
1756 2321 1788 2371 ό

227 2416 486 2482 Κύριος,
516 2413 995 2483 ἀγαλλιασώμεθα
1035 2413 1130 2465 καὶ
1160 2411 1565 2480 εὐφρανθῶμεν
1588 2412 1655 2463 ἐν
1682 2412 1787 2462 αὺ-

227 2503 339 2572 τῇ,
390 2498 545 2565 οὗτος
592 2504 724 2573 ἐρεῖ,
760 2504 877 2555 Ὅτι
899 2502 1210 2570 ἐῠφρανὰς
1244 2518 1337 2569 με,
1372 2502 1568 2568 Κύριε,
1602 2501 1671 2553 ἐν
1709 2499 1789 2564 τῷ

226 2594 534 2663 ποιήματι
576 2606 711 2646 σου.
749 2592 881 2644 Ἀλλ’
913 2593 1092 2662 ἐπειδὴ
1143 2594 1268 2663 περὶ
1305 2592 1402 2659 τῆς
1446 2591 1649 2662 ἡμέρας
1696 2590 1786 2643 τοῦ

227 2684 530 2741 Σαϐϐάτω
573 2684 603 2735 ὁ
633 2681 817 2752 παρὼν
859 2682 1063 2751 ψαλμὸς
1095 2682 1514 2753 προγέγραπται,
1542 2681 1790 2750 ζητήσεις

228 2774 365 2836 πῶς
419 2772 683 2843 ἐνὴμέρᾳ
726 2771 994 2824 Σαϐὅάτου
1034 2771 1332 2842 ηὐφράνθαι
1371 2769 1533 2837 λέγει,
1564 2770 1660 2821 οὐκ
1698 2769 1789 2821 ἐπὶ

227 2869 302 2935 τῇ
351 2862 694 2917 καταπαύσει
728 2861 819 2914 τοῦ
863 2861 1014 2925 Θεοῦ,
1045 2862 1147 2914 οὐδ’
1181 2862 1271 2913 ἐπὶ
1307 2864 1369 2930 τῇ
1408 2860 1569 2931 ἀργίᾳ
1606 2858 1786 2923 αὑτοῦ,

227 2955 340 3015 ὡς.
370 2952 444 3006 ἂν
488 2950 797 3003 ὑπολάϐοιεν
845 2951 1098 3012 Ἰουδαῖοι,
1124 2950 1210 3001 διὰ
1244 2949 1303 3001 τὸ
1351 2950 1407 3001 ἐν
1449 2949 1581 3017 αὐτῇ
1624 2963 1788 2999 κατα-

227 3042 458 3097 παῦσαι
497 3040 602 3093 ἀπὸ
638 3041 848 3092 πάντων
878 3039 982 3091 τῶν
1018 3038 1187 3107 ἔργων
1223 3036 1404 3098 αὐτοῦ,
1440 3030 1511 3089 ὧν
1552 3036 1785 3105 ἐποίησε.

226 3130 367 3195 Καὶ¹
384 3130 494 3200 μὴν
519 3129 703 3196 ἐχρῆν,
733 3127 884 3196 εἰπερ
904 3128 1006 3197 ἄρα
1033 3128 1109 3187 εἰς
1129 3126 1189 3177 τὸ
1222 3118 1500 3178 Ἰουδαϊκὸν
1525 3125 1789 3178 Σάδδατον

226 3217 546 3285 ἀνεφέρετο
587 3214 654 3265 τὰ
694 3213 781 3265 διὰ
823 3213 913 3265 τοῦ
959 3212 1164 3281 ψαλμοῦ
1216 3211 1543 3281 δηλούμενα,
1595 3212 1684 3266 ἐπὶ
1723 3215 1788 3284 τῇ

229 3306 420 3376 σχολῇ
463 3298 557 3352 τοῦ
604 3298 757 3363 Θεοῦ,
796 3299 887 3351 καὶ
917 3302 1000 3369 τῇ,
1033 3299 1107 3360 ὡς
1148 3299 1211 3351 ἂν
1247 3300 1463 3363 εἴποιεν,
1498 3300 1791 3352 ἀναπαύσει

1887 2146 1995 2198 tua,
2033 2143 2082 2187 et
2111 2135 2167 2187 in
2198 2136 2429 2201 operibus
2472 2153 2713 2189 manuum
2747 2146 2952 2189 tuarum
2993 2140 3282 2195 exsultabo.
3312 2140 3414 2205 Qui

1885 2225 2023 2279 dtem
2055 2240 2085 2277 a
2128 2223 2355 2279 Domino
2394 2225 2588 2278 factam
2641 2226 2917 2291 intellexit,
2955 2228 3021 2282 de
3061 2244 3164 2297 qua
3209 2229 3411 2282 dictum

1885 2321 1986 2377 est,
2020 2313 2144 2365 Hazc
2175 2312 2304 2376 dies,
2346 2329 2499 2382 quam
2530 2314 2649 2381 fecit
2695 2314 2966 2377 Dominus,
3015 2317 3326 2369 exsultemus
3362 2327 3412 2371 et

1887 2406 2117 2459 laetemur
2144 2407 2197 2459 in
2227 2407 2366 2471 ea“,
2398 2405 2485 2460 hic
2507 2406 2665 2467 dicet,
2698 2406 2833 2470 Quia
2863 2407 3132 2460 delectasti
3176 2425 3272 2469 me,
3305 2408 3435 2461 Do-»

1886 2498 2038 2559 mine,
2070 2498 2123 2548 in
2156 2497 2364 2565 factura
2395 2505 2504 2548 tua.
2542 2495 2645 2549 Sed
2675 2496 2926 2564 quoniam
2964 2495 3031 2550 de
3067 2497 3150 2551 die
3192 2496 3437 2552 Sabbati.

1886 2586 1971 2638 hic
1996 2587 2231 2654 psalmus
2270 2586 2559 2654 inscriptus
2587 2592 2689 2648 est,
2718 2599 2926 2653 qumras
2948 2601 3046 2639 cur
3070 2585 3124 2638 in
3162 2586 3246 2639 die
3275 2586 3412 2640 Sab~

1885 2674 1996 2727 bati
2030 2689 2088 2729 se
2134 2675 2455 2729 delectatum
2500 2688 2620 2728 esse
2666 2673 2828 2739 dicat,
2858 2688 2965 2727 non
2999 2674 3063 2728 de
3093 2673 3185 2729 Dei
3207 2677 3410 2746 requie,

1886 2777 2061 2832 neque
2087 2763 2153 2818 de
2180 2766 2298 2832 ejus
2329 2763 2645 2825 cessatione,
2674 2769 2730 2815 ut
2759 2760 2924 2815 Judaei
2956 2764 3414 2833 opinentur-,quia

1886 2853 1939 2907 in
1991 2853 2108 2921 ipso
2144 2854 2373 2908 cessavit
2404 2854 2472 2908 ab
2517 2854 2767 2911 omnibus
2813 2859 3064 2928 cperibus
3116 2860 3249 2922 suis,
3295 2873 3413 2928 qua

1887 2940 2032 2996 fecit.
2067 2940 2134 2994 Et
2160 2957 2286 2996 vero
2313 2942 2361 2997 si
2385 2958 2447 2997 ea
2474 2959 2593 3012 qua).
2620 2947 2674 2999 in
2719 2947 2925 3015 psalmo
2948 2947 3192 3002 feruntur
3231 2948 3415 3003 Iudai-

1887 3043 2010 3082 cum
2038 3027 2328 3083 Sabbatum
2352 3031 2696 3099 respicerent,
2717 3040 2987 3101 oporteret
3018 3037 3215 3091 dixisse
3239 3037 3410 3101 illum,

1887 3131 1946 3170 se
1965 3116 2030 3169 de
2076 3117 2187 3169 otio
2217 3115 2332 3179 Dei,
2367 3127 2546 3186 atque,
2580 3127 2638 3171 ut
2670 3120 2742 3173 ita
2779 3120 2979 3185 dicant,
3010 3123 3076 3177 de
3113 3124 3441 3183 cessatione,

1888 3205 1955 3258 ab
1999 3205 2249 3274 operibus
2287 3204 2600 3260 delectatum
2627 3222 2786 3261 esse:
2825 3217 2879 3261 at
2906 3226 3013 3264 non
3050 3211 3122 3264 ita
3155 3210 3411 3280 loquitur,

1890 3293 1981 3347 sed
2006 3292 2099 3355 ait,
2134 3291 2415 3347 Delectasti
2462 3311 2561 3358 me,
2601 3294 2837 3358 Domine,
2870 3298 2922 3349 in
2973 3298 3177 3365 factura
3216 3309 3326 3365 tua,
3361 3308 3413 3354 et

226 3366 335 3448 κὲι
390 3366 562 3460 ἀργίᾳ
601 3388 759 3440 αὐτοῦ
795 3366 1092 3459 ηὑφράνθαι
1140 3387 1412 3455 λέγεσθαι·
1461 3390 1552 3441 νῦν
1595 3390 1649 3441 δὲ
1696 3390 1789 3460 οὐχ

1889 3384 1941 3436 in
1979 3382 2214 3447 operibus
2246 3400 2489 3438 manuum
2525 3394 2732 3438 tuarum
2771 3387 3061 3455 exsultabo,
3099 3398 3277 3457 aperte
3320 3389 3413 3444 de-

227 3482 392 3536 οῦτω
427 3477 607 3547 φησιν,
642 3476 752 3528 ἀλλ’
782 3476 1089 3544 Εὔφρανάς
1109 3494 1205 3545 με,
1226 3478 1413 3544 Κύριε,
1434 3477 1502 3530 ἐν
1523 3478 1600 3543 τῷ
1625 3479 1789 3544 ποιήι

223 3570 389 3642 ματί
434 3581 571 3628 σου,
621 3565 717 3617 καὶ
772 3564 839 3617 ἐν
880 3566 999 3631 τοῖς
1042 3565 1232 3634 ἔργοις
1279 3565 1392 3618 τῶν
1430 3567 1637 3635 χειρῶν
1677 3584 1788 3621 σου

228 3655 709 3730 ἀγανιλιάσομαι,
744 3654 990 3724 ἄντικρυς
1026 3653 1289 3724 παριστὰς
1334 3654 1472 3717 ἰδίως
1517 3656 1612 3724 μὲν
1653 3659 1788 3708 νοεῖ-

233 3751 374 3804 σθαι
407 3746 470 3798 τδ
502 3744 724 3814 ποίημα,
755 3746 845 3797 καὶ
870 3745 1023 3797 πάλιν
1054 3744 1197 3807 ἰδίως
1224 3743 1289 3796 τὰ
1309 3744 1442 3815 ἔργα
1462 3746 1567 3796 τῶν
1597 3745 1789 3815 χειρῶν

231 3836 338 3891 τοῦ
367 3831 528 3894 Θεοῦ,
557 3832 639 3899 ἐφ’
677 3827 757 3894 οἷς
792 3831 1089 3901 ηύφράνθαι
1136 3832 1394 3902 ὁμολογεῖ,
1421 3833 1532 3885 ἀλλ’
1564 3834 1661 3886 οὐκ
1698 3833 1789 3884 ἐπὶ

231 3926 309 3994 τῇ
362 3918 552 3989 ἀργίᾳ.
590 3918 688 3987 Εῐη
731 3918 774 3969 δ’
823 3918 887 3971 ἂν
938 3919 1139 3989 ποίημα
1181 3920 1275 3989 μὲν
1318 3920 1436 3972 καθ’
1469 3920 1564 3973 ἕνα
1596 3920 1789 3990 τρόπον

232 4010 387 4080 αὕτη
422 4011 453 4078 ἡ
494 4007 689 4078 ἡμέρα,
724 4010 847 4078 περὶ
876 4004 942 4080 ἧς
976 4007 1210 4079 εἴρηται·
1239 4009 1395 4076 Αὕτη
1427 4010 1465 4076 ἡ
1498 4009 1682 4078 ἡμέρα
1712 4008 1790 4075 ἦν

233 4100 541 4165 ἐποίησεν
576 4100 608 4149 ό
636 4097 862 4163 Κύριος,
891 4098 1372 4167 ἀωλλιασώμεθα
1412 4099 1505 4151 καὶ
1543 4101 1788 4167 εὐφραν-

236 4189 446 4257 θῶμεν
471 4186 541 4239 ἐν
562 4184 711 4253 αὐτῇ
728 4202 741 4214 °
782 4185 926 4256 δηλοῖ
955 4186 1009 4239 δὲ
1038 4186 1131 4257 τὴν
1163 4188 1517 4258 ἀναστάσιμον
1563 4190 1653 4241 καὶ
1676 4190 1788 4240 Κυ-

237 4277 449 4350 ριακὴν
491 4274 716 4344 ἡμέραν,
757 4274 831 4336 ὡς
877 4277 932 4326 ἐν
967 4275 1165 4344 ἑτέροις
1210 4277 1589 4340 ἀποδεικτικῶς
1623 4295 1778 4348 παρε⁹

236 4368 562 4437 στήσαμεν,
613 4363 679 4416 τά
726 4364 829 4415 ἀπὸ
875 4363 969 4431 τῆς
1014 4366 1356 4434 κοσμοποιίας
1410 4366 1785 4437 παραθέμενοι,

236 4455 369 4511 καθ’
409 4454 477 4523 ἡν
521 4455 548 4505 ὁ
591 4452 841 4521 Μωῦσῆςο
881 4452 973 4501 Ἐν
1008 4452 1181 4520 ἀρχῇ,
1222 4455 1400 4524 φησὶν,
1444 4457 1725 4525 ἐποίησεν
1755 4459 1788 4509 ό

239 4546 396 4611 Θεὸς
421 4542 530 4596 τὸν
557 4541 810 4609 οὐρανὸν
831 4541 925 4594 καί
954 4541 1063 4609 τὴν
1092 4541 1233 4610 γῆν·
1264 4544 1356 4595 καὶ
1395 4545 1646 4613 ἐπιλέγει,
1682 4548 1788 4599 Γε-

235 4631 491 4700 νηθήτω
526 4628 668 4697 φῶς,
714 4626 812 4680 καί
851 4627 1081 4695 ἐγένετο
1122 4628 1275 4695 φῶςο
1323 4630 1419 4682 καὶ
1446 4632 1731 4685 ἐκάλεσεν
1756 4635 1788 4685 ό

1890 3474 2099 3527 clarans
2148 3474 2373 3529 seorsim
2419 3474 2701 3539 facturam,
2745 3490 2808 3530 ac
2842 3477 3065 3531 seorsim
3096 3492 3258 3546 opera
3297 3492 3413 3531 ma-

1886 3578 2050 3616 nuum
2080 3562 2172 3617 Dei
2212 3562 2459 3627 indicari,
2496 3564 2551 3617 in
2581 3565 2775 3634 quibus
2820 3580 2878 3620 se
2925 3566 3243 3622 delectatum
3293 3584 3415 3625 esse

1886 3652 2188 3717 conﬁtetur,
2222 3653 2316 3708 sed
2344 3668 2447 3707 non
2509 3656 2563 3708 in
2609 3655 2929 3711 cessatione.
2977 3656 3413 3712 Facturaautem

1887 3741 2063 3809 aliquo
2115 3742 2272 3796 modo
2319 3741 2476 3796 fuerit
2504 3743 2617 3813 ipsa
2655 3744 2789 3809 dies,
2815 3744 2880 3799 de
2909 3762 3014 3813 qua
3046 3747 3247 3800 dictum
3289 3755 3371 3801 est
3387 3766 3410 3800 υς

1890 3828 2017 3883 Ha’c
2037 3830 2162 3893 dies,
2195 3848 2349 3900 quam
2396 3832 2513 3900 fecit
2544 3832 2814 3898 Dominus,
2853 3838 3165 3890 exsultemus
3193 3846 3241 3889 et
3273 3837 3415 3890 lwte-

1888 3938 2003 3974 mur
2031 3922 2084 3974 in
2117 3939 2197 3975 ea.
2227 3920 2500 3993 Signiﬁcat
2532 3940 2658 3979 vero
2692 3927 3107 3982 resurrectionis
3120 3918 3277 3981 Tliem
3305 3926 3413 3981 Do-

1886 4010 2158 4075 minicam,
2183 4019 2243 4065 ut
2286 4013 2406 4068 aliis
2447 4014 2500 4067 in
2537 4015 2670 4069 locis
2708 4022 2889 4083 aperte
2925 4017 3439 4083 comprobavimus,_

1886 4099 2012 4154 dum
2038 4116 2154 4171 quae
2179 4102 2247 4156 ad
2275 4103 2457 4156 mundi
2485 4105 2805 4158 creationem
2850 4113 3101 4173 spectant
3121 4106 3413 4174 explicare—

1886 4204 2039 4244 mus:
2065 4190 2129 4244 de
2151 4206 2256 4260 qua
2289 4192 2422 4245 dixit
2459 4192 2665 4263 Moyses
2691 4210 2705 4246 :
2728 4192 2793 4245 In
2834 4194 3084 4261 principio
3116 4195 3234 4261 fecit
3274 4194 3410 4248 Deus

1886 4278 2065 4330 calum
2086 4288 2135 4331 et
2170 4287 2360 4332 terram
2378 4280 2453 4344 ¹¹;
2508 4295 2569 4333 ac
2609 4280 2843 4348 subjicit,
2866 4279 3012 4333 ‘Fiat
3044 4283 3155 4343 lux,
3196 4292 3244 4335 et
3271 4282 3412 4348 facta

1884 4374 1958 4417 est
1986 4364 2173 4419 lux:et
2200 4367 2470 4435 appellavit
2493 4368 2626 4421 Deus
2648 4368 2829 4433 lucem,
2856 4368 2988 4421 diem
3008 4371 3068 4421 ’⁵.
3089 4369 3248 4424 Vides
3270 4371 3411 4423 enim

1886 4454 2093 4506 nullum
2126 4455 2267 4508 aliud
2282 4455 2547 4523 opiﬁcium
2574 4471 2635 4509 ea
2652 4456 2737 4509 die
2758 4457 2892 4510 eﬁici
2923 4457 3025 4511 nisi
3057 4458 3223 4512 solam
3246 4457 3408 4519 diem,

1886 4542 1961 4595 ita
1994 4551 2050 4596 nt
2097 4544 2172 4597 illi
2224 4543 2324 4596 hoc
2355 4544 2554 4598 dictum
2600 4546 2764 4613 probe
2792 4546 3092 4609 conveniat,
3129 4546 3253 4601 Ηωε
3279 4547 3407 4610 dies,

1887 4649 2041 4702 quam
2068 4634 2188 4701 fecit
2216 4633 2486 4688 Dominus.
2512 4633 2654 4686 Nihil
2684 4637 2879 4705 quippe
2928 4636 3070 4688 aliud
3105 4644 3296 4703 praeter
3330 4636 3411 4703 ip-

239 4698 395 4786 θέεις
438 4720 503 4771 τὸ
545 4715 667 4785 φῶς
706 4715 944 4783 ἡμέραν.
973 4716 1129 4785 Ὁρᾷς
1174 4716 1281 4786 γὰρ
1315 4719 1389 4780 ὡς
1428 4719 1573 4771 οὐδὲν
1609 4720 1789 4791 ἕτερον

1890 4698 2001 4778 sam
2034 4698 2171 4777 diem
2209 4722 2462 4786 condidit,
2497 4738 2612 4790 quae
2657 4698 2979 4793 erat-prima
3022 4698 3318 4785 Dominica,
3346 4698 3412 4777 de

237 4814 304 4865 ἐν
348 4808 524 4879 ταύτῃ
550 4807 753 4873 γίνεται
797 4804 1193 4877 δημιούργημα,
1235 4808 1344 4860 ἀλλ’
1389 4809 1521 4881 αὕτη
1578 4811 1710 4881 μόνη
1757 4814 1789 4882 ἡ

235 4899 454 4970 ⁴ἡμέρα,
486 4896 560 4959 ὡς
590 4894 908 4965 ἐφαρμόζειν
933 4896 1065 4965 αὐτῇ
1094 4897 1151 4949 τὸ
1180 4898 1379 4965 φάσκον
1408 4899 1600 4967 λόγιον,
1636 4902 1788 4968 Αὕτη

238 4986 284 5050 ἡ
312 4982 508 5052 ἡμέρα
532 4980 611 5047 ἦν
632 4981 912 5047 ἐποίησεν
939 4984 970 5033 ό
997 4982 1220 5048 Κύριος.
1266 4985 1396 5036 Οὐδὲ
1440 4987 1545 5056 γὰρ
1587 4988 1708 5040 ἄλλο
1738 5004 1788 5039 τι

236 5072 359 5126 ἀλλ’
391 5070 563 5141 αὐτὴν
603 5069 699 5138 τὴν
735 5070 941 5140 ἡμέραν
982 5071 1245 5140 ἐποίησεν,
1284 5073 1402 5142 ἥτις
1435 5071 1502 5144 ἦν
1541 5079 1573 5145 ἡ
1604 5076 1786 5145 πρώτη

238 5160 526 5233 Κυριακὴ,
552 5159 677 5231 περὶ⁸
699 5153 765 5229 ἦς
795 5160 885 5213 καὶ
905 5160 996 5213 νῦν
1030 5158 1273 5229 λέγεσθαι
1306 5162 1386 5225 τὸ,
1416 5165 1531 5216 Ὅτι
1568 5166 1787 5232 ηὔφρα-

238 5250 360 5317 νάς
391 5267 490 5319 με,
511 5250 703 5315 Κύριε,
731 5249 799 5302 ἐν
823 5249 901 5314 τῷ
934 5250 1205 5318 ποιήματι
1241 5265 1383 5304 σου·
1419 5253 1550 5324 ἔργα
1593 5254 1648 5305 δὲ
1679 5272 1787 5324 χει-

1889 4829 1991 4881 qua
2033 4828 2175 4866 nunc
2205 4813 2421 4872 dicitur,
2469 4811 2603 4875 Quia
2642 4811 2907 4865 delectasti
2948 4827 3045 4873 me,
3084 4810 3326 4875 Domine,
3358 4815 3411 4866 in

1887 4903 2239 4968 facturalua:
2279 4916 2439 4970 opera
2471 4910 2645 4955 autem
2701 4916 2952 4954 manuum
2982 4900 3100 4967 ejus
3138 4915 3201 4953 ea
3260 4911 3409 4967 sunt,

1886 5006 2003 5060 quae
2035 4992 2378 5060 sequentibus
2401 4991 2587 5044 diebus
2615 4991 2753 5044 facta
2778 4991 3104 5044 scribuntur.
3137 4988 3259 5043 Alio
3289 4992 3416 5045 item

1887 5080 2046 5135 modo
2088 5080 2291 5134 factura
2325 5079 2575 5133 dicantur
2614 5080 2881 5135 intellectu
2913 5076 3152 5147 prmdita,
3180 5080 3419 5131 rationa.

1885 5168 2011 5223 bilia
2040 5177 2091 5223 et
2115 5170 2429 5236 incorporea
2472 5166 2564 5221 Dei
2592 5168 2824 5236 Opiﬁcia,
2857 5182 2961 5235 qua
3005 5165 3215 5217 ratione
3242 5167 3422 5217 anima

1886 5257 1952 5310 ad
1980 5257 2261 5326 imaginem
2293 5254 2386 5308 Dei
2416 5255 2553 5309 facta
2579 5272 2699 5310 esse
2729 5257 2932 5325 scripto
2961 5253 3236 5314 traditur;
3264 5266 3429 5320 opera

246 5339 361 5409 ρῶν
387 5339 552 5392 αὐτοῦ
580 5338 647 5391 τὰ
666 5340 722 5391 ἐν
744 5341 859 5401 ταῖς
885 5338 1017 5407 μετὰ
1037 5338 1202 5391 ταῦτα
1223 5340 1450 5409 ἡμέραις
1473 5343 1789 5411 γεγενῆσθαι

1887 5361 2010 5401 vero
2032 5360 2282 5399 manuum
2316 5345 2453 5412 ejus,
2473 5346 2750 5400 sensibilia
2778 5354 2830 5400 et
2859 5356 3127 5410 corporea
3150 5340 3280 5408 eius
3310 5355 3439 5407 ope-

239 5426 729 5496 ἀναγεγραμμένα.
764 5427 914 5478 Κατὰ
949 5427 1005 5478 δὲ
1044 5427 1221 5497 ἕτερον
1252 5428 1447 5496 τρόπον
1478 5430 1686 5500 λεχθείη
1723 5434 1786 5486 ἂν

1887 5450 1966 5501 ra,
2006 5436 2070 5488 de
2109 5435 2300 5503 quibus
2339 5434 2540 5487 dictum
2577 5444 2679 5500 est,
2721 5436 2993 5502 Quoniam
3033 5429 3214 5483 uidebo
3266 5428 3448 5488 catos,

242 5515 463 5585 ποίημα
492 5515 590 5583 μὲν
625 5514 693 5566 τά
732 5515 890 5584 νοητά
931 5516 1022 5567 καὶ
1061 5514 1244 5582 λογικά
1284 5516 1375 5567 καί⁵
1410 5517 1668 5587 ἀσώματα
1694 5522 1785 5572 τοῦ

1888 5539 2041 5591 opera
2084 5527 2357 5591 digitorum
2395 5531 2620 5588 tuorum,
2663 5526 2843 5579 lunam
2883 5532 2943 5576 et
2989 5522 3200 5581 stellas,
3234 5525 3463 5581 qudam

323 5668 343 5699 ³
383 5664 579 5736 Ephes.
621 5680 673 5731 v,
712 5665 794 5721 l9.
870 5666 910 5697 "
951 5664 1124 5720 lCor.
1159 5681 1267 5731 xw,
1306 5665 1389 5721 15.
1468 5669 1504 5700 “
1546 5667 1686 5724 Psal.
1722 5686 1787 5725 cx

1887 5714 1899 5738 ,
1939 5674 2024 5728 24.
2104 5674 2143 5705 ’³
2181 5672 2309 5729 Gen.
2349 5675 2489 5740 1,1.
2568 5677 2610 5708 ¹³
2650 5676 2773 5732 ibid.
2812 5676 2885 5741 '5,
2925 5672 2970 5724 5
