3848 6384
225 443 369 497 1177

1323 422 1805 484 COMMENTARIA
1844 423 1905 475 IN
1946 419 2272 476 PSALMOS.

3217 399 3346 452 H78

313 557 411 606 Ἐν
429 554 505 619 τῷ
529 550 820 607 ἀνατεῖλαι
844 546 1212 617 ἁμαρτωλοὺς
1229 544 1366 598 ὡσεὶ
1390 545 1618 612 χόρτον,
1652 538 1743 592 καὶ

1918 536 2071 591 Vens.
2101 536 2153 590 8.
2194 534 2320 590 Cum
2361 533 2525 586 exorti
2563 530 2748 597 fuerint
2785 532 3066 595 peccatores
3106 518 3235 570 sicut
3283 513 3330 578 [ε

213 644 525 713 διέκυψαν
573 643 785 708 πάντες
833 645 885 695 oi
936 639 1295 708 ἐργαζόμενοι
1334 635 1445 702 τὴν
1478 632 1746 700 ἀνομίαν,

214 733 390 798 ὅπως
429 734 505 787 ἂν
542 731 1030 799 ἐξολοθρευθῶσιν
1048 731 1131 792 εὶς
1153 726 1255 780 τὸν
1279 723 1456 776 αἰῶνα
1483 722 1585 775 τοῦ
1624 719 1750 771 aid)-

211 833 354 880 νος.
392 818 449 870 'O
481 818 575 886 μὲν
619 817 800 887 ἄφρων
848 817 938 868 καὶ
970 814 1234 874 ἀσύνετος,
1271 811 1407 879 ὁρῶν
1433 809 1640 870 ἀσεϐεῖς
1665 807 1753 859 εύ-

214 902 621 974 θυμουμένους,
653 905 885 966 δικαίους
930 904 984 955 δὲ
1023 903 1111 955 καὶ
1144 900 1375 962 εὐσεϐεῖς
1399 897 1753 966 κακουμένους

210 992 278 1043 οὐ
325 994 536 1064 συνίησι
588 995 709 1055 τοὺς
737 994 834 1061 τῆς
873 991 1125 1063 Προνοίας
1182 990 1385 1056 λόγους,
1442 986 1551 1039 ἀλλ’
1599 984 1750 1043 εὐθὺς

211 1082 316 1133 ἐπ’
349 1083 563 1145 ἀσεϐεῖς
602 1082 851 1152 τρέπεται
874 1082 1175 1149 λογισμοὺς,
1208 1078 1475 1129 ἐκπίπτων
1503 1076 1579 1136 είς
1604 1072 1753 1126 ἀθεό-

209 1187 372 1240 τητα
398 1190 411 1203 ·
474 1173 580 1240 ἐγὼ
631 1174 706 1235 δὲ,
752 1173 826 1243 τῷ
873 1170 1128 1240 ποιήματί
1169 1186 1256 1221 σου
1289 1166 1501 1236 ἐνορῶν,
1530 1164 1620 1216 καὶ
1645 1164 1753 1223 τοῖς

206 1261 419 1330 ’ἔργοις
463 1263 568 1315 τῶν
612 1262 806 1334 χειρῶν
850 1279 961 1327 σου,
1011 1260 1142 1330 μετὰ
1169 1258 1271 1310 τῶν
1304 1257 1469 1309 ἄλλων
1505 1251 1751 1311 συνεῖδον,

212 1352 312 1404 ὅτι
347 1352 411 1405 τὺ
442 1353 587 1414 τέλος
616 1352 720 1405 τῶν
744 1351 877 1403 κατὰ
902 1352 987 1402 τὸν
1021 1350 1129 1419 βίον
1160 1345 1517 1415 εύθυμούντων
1549 1339 1753 1393 ἀσεϐῶν

212 1440 457 1512 ὄλεθρον
490 1442 719 1511 περιέχει
746 1442 835 1493 καὶ
860 1439 1151 1492 ἀπώλειανο
1179 1436 1256 1489 διὸ
1282 1435 1409 1487 πολὺ
1448 1432 1602 1483 πλέον
1632 1430 1753 1491 τοὺς

210 1529 332 1597 τῆς
360 1530 507 1593 θείας
532 1532 754 1601 κρίσεως
779 1530 962 1595 λόγους
1002 1524 1515 1595 ὑπερεκπλήττομαι.
1547 1520 1753 1585 ’Ὠσπερ

209 1617 370 1683 γοῦν
407 1618 591 1686 χόρτος
617 1618 706 1669 καὶ
727 1616 790 1667 τὰ
815 1615 917 1667 ἀπὸ
941 1614 1041 1681 γῆς
1068 1612 1196 1681 ἄνθη
1232 1611 1361 1680 πρὸς
1385 1609 1555 1675 ὀλίγον
1586 1606 1755 1675 ὡραῖα

212 1704 507 1808 sociive-rat,
541 1706 628 1756 καὶ
679 1704 850 1769 θέλγει
886 1702 981 1770 τὴν
1015 1702 1216 1769 ὅρασιν,
1263 1699 1353 1751 καὶ
1387 1697 1483 1766 τὴν
1514 1693 1754 1762 αἴσθησιν

507 1795 529 1807 ..
654 1792 693 1808 ..ς
793 1791 869 1808 ..ν
1045 1807 1086 1808 η
1120 1788 1298 1808 νειμ-.
1349 1786 1433 1808 --Δ
1481 1784 1725 1808 --ι..--...

208 1793 476 1855 ἃπασαν,
504 1795 621 1845 ὅσον
650 1792 703 1843 δὲ
758 1791 959 1843 οὐδέπω
999 1788 1306 1859 μεταϐάλλει
1348 1786 1439 1839 καὶ
1479 1784 1751 1854 τρέπεται,

215 1882 418 1950 φθίνει
447 1900 505 1935 τε
536 1885 701 1953 ῥᾷστα
729 1883 817 1934 καὶ
839 1880 1142 1933 ἀπόλλυταιο
1160 1878 1246 1931 τὸν
1274 1876 1430 1930 αὐτὸν
1449 1874 1640 1943 τρόπον
1666 1874 1758 1925 καὶ
1785 1863 1826 1915 Β

210 1975 266 2025 οἱ
307 1973 467 2043 παρὰ
508 1976 616 2034 τοῖς
646 1972 850 2034 πολλοῖς
891 1970 1274 2040 θαυμαζόμενοι
1316 1965 1615 2037 ἁμαρτωλοὶ
1646 1964 1759 2032 ’ἁμα

211 2078 278 2113 τε
333 2061 630 2122 ἀνέτειλαν,
665 2060 755 2112 καὶ
814 2060 946 2130 πρὸς
986 2058 1157 2124 ὀλίγον
1204 2056 1543 2125 ἀνθήσαντες,
1587 2052 1759 2105 διέκυ-

214 2152 360 2220 ψαν,
389 2150 659 2219 ὲφάνησάν
683 2165 741 2200 τε
770 2148 907 2210 τινες
936 2146 1059 2199 ποτέ
1085 2148 1206 2208 είσι,
1237 2145 1326 2195 καὶ
1361 2143 1543 2205 ὁποίας
1577 2158 1761 2211 προοιισ⁸

219 2241 441 2311 ρέσεως
459 2254 472 2269 ⁶
512 2236 605 2290 εἶτ’
636 2239 731 2290 οὐκ
762 2240 838 2300 εἰς
868 2237 1068 2307 μακρὸν
1092 2235 1279 2295 αὐτοὺς
1309 2232 1558 2302 μετῆλθεν
1583 2230 1760 2283 ούκέτι

216 2332 445 2403 βραχὺς
470 2331 562 2381 καὶ¹
585 2329 902 2400 πρόσκαιρος
928 2326 1157 2396 ὄλεθρος,
1191 2324 1321 2377 ἀλλὰ
1342 2323 1583 2392 διηνεκὴς
1618 2321 1762 2374 ἀπώ-

214 2421 372 2474 λεια.
427 2420 786 2488 Ἐπειδήπερή
813 2418 876 2487 σὴ
898 2415 1248 2480 δικαιοκρισία
1276 2416 1383 2476 τοῖς
1418 2412 1761 2482 ἀνθρωπίνοις

217 2510 506 2578 ἐφέστηκε
549 2508 845 2578 πράγμασι,
884 2505 960 2556 διὸ
990 2504 1051 2573 δὴ
1078 2504 1299 2573 μάλιστα
1331 2500 1763 2570 συγκεχωρῆσθαι

216 2602 344 2659 τοῖς
367 2596 705 2666 ἁμαρτωλοῖς
736 2595 825 2647 καὶ
857 2597 965 2656 τοῖς
1006 2592 1376 2663 ἐργαζομένοις
1403 2592 1499 2660 τὴν
1544 2590 1764 2658 ἀνομίαν

218 2690 283 2742 τὸ
329 2687 608 2742 ἀνατεῖλαι
635 2686 725 2738 καὶ
749 2683 996 2751 διακῦψαι
1017 2681 1276 2752 ἡγοῦμαιο
1303 2681 1376 2742 ὡς
1402 2680 1465 2732 ἂν
1492 2678 1763 2747 ἐλεγχθείη

218 2781 419 2833 αὐτῶν
441 2781 474 2848 ἠ
512 2777 838 2847 προαίρεσις,
883 2775 941 2827 ού
972 2773 1145 2833 καλῶς
1192 2774 1299 2833 τοῖς
1326 2771 1415 2821 τοῦ
1438 2770 1566 2821 Θεοῦ
1598 2769 1767 2838 δωρή-

223 2886 371 2940 μασι
430 2867 764 2937 κεχρημένη·
814 2865 995 2933 διόπερ
1048 2862 1252 2925 ἐκδικος
1316 2860 1504 2921 αὐτοὺς
1557 2858 1767 2927 ὄλεθρος

222 2961 461 3021 αἰώνιος
482 2957 788 3023 διαδέξεται.

298 3048 398 3102 Σὺ
432 3046 501 3099 δὲ
524 3047 797 3112 Ὕψιστος
812 3046 894 3108 είς
923 3043 1029 3097 τὸν
1059 3043 1259 3104 αἰῶνα,
1286 3042 1472 3107 Κύριε.
1498 3040 1613 3090 Ὀτι
1646 3034 1768 3089 ἰδοὺ

223 3145 279 3196 οὶ
304 3137 523 3209 ἐχθροί
535 3150 666 3197 σου,
689 3134 880 3199 Κύριε,
913 3130 997 3182 ὅτι
1026 3129 1150 3182 ἰδοὺ
1178 3132 1229 3181 οὶ
1264 3127 1455 3195 ἐχθροί
1489 3140 1600 3178 σου
1627 3124 1767 3176 ἀπο-

222 3232 516 3288 λοῦνται,
571 3223 667 3276 καὶ
706 3219 1331 3288 διασκορπισθήσονται
1359 3214 1570 3276 πάντες
1598 3214 1649 3263 οὶ
1687 3210 1770 3276 ἐρ-

227 3320 551 3394 γαζόμενοι
581 3311 691 3378 τὴν
718 3311 979 3379 ἀνομίαν,
1004 3307 1110 3360 Καὶ
1148 3303 1518 3372 ὑψωθήσεται
1548 3302 1625 3364 ὡς
1662 3316 1768 3366 μο-

222 3387 571 3476 νοκέρωτος
617 3402 679 3455 τὸ
728 3401 900 3467 κέρας
921 3416 1055 3467 μου,
1107 3396 1200 3448 καὶ
1242 3394 1306 3446 τὸ
1350 3390 1531 3460 γῆράς
1557 3406 1670 3457 μου
1706 3387 1772 3438 ἑν

226 3501 432 3564 ἐλαίῳ
458 3496 638 3548 πίονι.
669 3492 775 3545 Καὶ
804 3489 1030 3543 ἐπεῖδεν
1046 3491 1077 3540 ὀ
1108 3484 1401 3555 ὀφθαλμός
1420 3498 1535 3549 μου
1561 3479 1628 3531 ἐν
1652 3476 1772 3541 τοῖς

229 3585 486 3660 ἐχθροῖς
513 3599 649 3652 μου,
677 3580 771 3632 καὶ
814 3579 882 3630 ἐν
905 3576 1024 3641 τοῖς
1051 3568 1531 3637 ἐπανισταμένοις
1560 3564 1648 3618 ἐπ’
1673 3563 1774 3631 ἐμὲ

230 3654 743 3743 ποντψευομένοις
780 3666 1162 3721 ἐπακούσεται
1196 3661 1260 3713 τὸ
1284 3656 1386 3723 οὖς
1404 3674 1532 3725 μου.
1565 3656 1634 3707 Σὺ
1660 3654 1773 3721 μὲν,

233 3740 438 3832 φησὶν,
468 3752 513 3811 ὦ
537 3755 721 3824 Κύριε,
750 3754 832 3805 ἀεὶ
864 3750 998 3804 κατὰ
1011 3748 1079 3801 τὰ
1100 3747 1230 3801 αὐτὰ
1267 3746 1355 3799 καὶ
1381 3742 1628 3803 ὡσαύτως
1644 3740 1777 3809 ἔχων

244 3828 512 3922 δίψιστος
526 3846 583 3896 ὲν
600 3844 813 3912 ὑψηλοῖς
837 3841 1096 3910 διαμενεῖς
1124 3837 1211 3889 τὸν
1234 3835 1509 3905 σύμπαντα
1531 3830 1694 3883 αἰῶνα
1719 3828 1777 3880 οὐ

240 3939 607 4014 τρεπόμενος,
639 3934 698 3984 ού
730 3929 1159 3998 ταπεινούμενος,
1192 3926 1285 3978 οὐκ
1312 3921 1694 3989 άλλοιούμενος,
1720 3918 1779 3969 οὑ

239 4025 520 4099 κρείττων
577 4017 767 4071 σαυτοῦ
812 4017 1103 4085 γινόμενος,
1140 4013 1199 4063 οὐ
1236 4016 1344 4074 τοῖς
1383 4009 1649 4068 ταπεινοῖς
1678 4006 1781 4057 τῶν

238 4094 347 4170 ἐπὶ
403 4113 508 4181 γῆς
543 4106 900 4176 ὁμοιούμενος,
942 4103 1058 4155 οὐδὲ
1110 4101 1296 4171 μικρόν
1330 4117 1381 4151 τι
1425 4097 1515 4151 καὶ
1541 4094 1781 4148 ταπεινὸν

242 4200 468 4276 φρονῶν
501 4197 592 4249 καὶ
619 4194 882 4265 πράττων,
911 4191 1021 4244 ἀλλ’
1054 4192 1131 4252 είς
1152 4191 1367 4258 ἄπειρον
1401 4184 1577 4253 σαυτῷ
1602 4180 1783 4249 διαμέ-

241 4274 357 4350 νων
390 4294 576 4360 ὅμοιος
595 4303 609 4317 ·
640 4287 793 4354 ἡμεῖς
814 4284 867 4335 δὲ
893 4284 940 4333 oi
970 4280 1205 4333 ταπεινοὶ
1226 4278 1314 4330 καὶ
1342 4275 1549 4346 μακρὰν
1571 4274 1664 4342 τῆς
1687 4274 1781 4340 σῆς

243 4384 555 4451 ἀπέχοντες
607 4373 877 4441 δυνάμεως
920 4369 1101 4422 ἄλλοτε
1140 4366 1307 4428 ἄλλως
1357 4362 1642 4433 φερόμεθα,
1692 4360 1782 4412 καὶ

1847 644 1987 689 num,
2018 638 2065 680 et
2107 624 2433 694 apparuerint
2475 635 2644 673 omnes
2690 617 2775 685 qui
2811 621 3079 680 operantur
3124 604 3340 673 iniquita

1849 730 1986 779 tem;
2017 726 2071 768 ut
2102 716 2351 767 intereant
2381 714 2434 763 in
2464 707 2703 762 sa'culum
2728 702 2921 757 swculi.
2951 698 3207 764 lnsipicns
3236 692 3335 760 qui

1848 806 1964 859 dem
2000 820 2060 858 ac
2090 804 2283 857 stultus
2316 801 2418 861 ille,
2443 813 2560 850 cum
2590 794 2729 847 videt
2757 791 2947 857 impios
2974 785 3212 838 homines
3244 794 3345 848 pro

1849 910 1999 963 spere
2046 908 2218 962 agere,
2249 891 2421 957 jnstos
2469 894 2641 938 autem
2691 891 2743 935 et
2782 881 2897 949 pios
2937 875 3173 928 homines
3207 870 3355 920 malis

1848 983 2094 1051 opprimi,
2126 978 2473 1032 Providentia:
2500 976 2755 1027 rationem
2796 982 2899 1021 non
2939 960 3222 1028 intelligit;
3269 955 3357 1008 sed

1850 1070 2024 1124 statim
2059 1068 2122 1120 ad
2168 1068 2324 1134 impia
2371 1062 2645 1117 ratiocinia
2682 1058 2927 1114 vertitur,
2976 1053 3045 1104 ita
3094 1050 3273 1115 lapsus
3306 1052 3357 1095 ut

1850 1159 2049 1212 nullum
2079 1172 2196 1210 esse
2226 1155 2387 1209 Deum
2421 1158 2585 1221 putet.
2612 1149 2719 1219 Ego
2747 1161 2872 1199 vero
2898 1139 3159 1209 opiﬁcium
3190 1143 3362 1193 tuum,

1850 1258 1901 1302 et
1932 1264 2087 1317 opera
2122 1261 2368 1299 manuum
2405 1252 2613 1295 tuarum
2663 1235 3025 1291 considerans,
3058 1228 3109 1280 in
3150 1225 3231 1277 his
3271 1220 3346 1273 de-

1850 1334 2099 1405 prehendi
2134 1334 2287 1386 ﬁnem
2319 1330 2618 1399 impiorum,
2642 1326 2728 1392 qui
2761 1323 2813 1375 in
2843 1321 2941 1372 hac
2973 1316 3077 1368 vita
3115 1322 3363 1380 prospere

1854 1432 2034 1493 agunt,
2073 1437 2192 1476 esse
2228 1419 2492 1473 interitum
2532 1430 2593 1468 ac
2629 1412 2910 1482 perniciem
2945 1425 2957 1460 :
2998 1417 3160 1472 quare
3200 1398 3365 1450 multo

1852 1510 2019 1578 magis
2049 1496 2210 1561 divini
2256 1504 2437 1573 jndicii
2480 1502 2735 1554 rationem
2773 1495 3022 1548 admiror.
3056 1487 3185 1541 Nam
3226 1484 3365 1537 sicut

1855 1598 2029 1652 fenum
2070 1604 2121 1649 et
2146 1594 2300 1646 ﬂores
2329 1600 2482 1644 terra:
2512 1588 2577 1641 ad
2607 1588 2764 1639 breve
2786 1592 2989 1648 tempus
3018 1575 3258 1643 speciosa
3287 1569 3367 1621 vi-

1853 1688 2043 1740 dentur
2075 1685 2360 1750 oculosque
2400 1694 2463 1731 ac
2509 1690 2722 1732 sensum
2754 1671 3087 1729 demulcent,
3127 1662 3216 1715 sed
3244 1672 3365 1711 mox

1854 1781 2125 1828 mutantur
2154 1787 2216 1843 ac
2244 1777 2539 1828 vertuntur,
2579 1763 2929 1827 facillimeque
2956 1756 3288 1806 marcescunt
3313 1751 3369 1797 et.

1855 1868 2107 1929 pereunt;
2145 1859 2327 1911 eodem
2373 1854 2526 1907 modo
2554 1857 2882 1920 peccatores,
2912 1842 3001 1913 qui
3046 1853 3205 1907 penes
3233 1833 3368 1887 mul-

1855 1957 1937 2003 tos
1976 1949 2029 1999 in
2058 1946 2403 2000 admiratione
2452 1942 2733 2000 habentur,
2767 1951 2887 1989 cum
2930 1932 3156 2001 primum
3202 1920 3370 1977 exorti

1858 2039 2088 2102 fuerunt,
2121 2036 2263 2089 brevi
2293 2034 2601 2093 ﬂoruerunt,
2632 2043 2693 2080 ac
2738 2021 3005 2091 conspecti
3057 2024 3212 2077 sunt;
3263 2019 3370 2065 sta-

1854 2128 2053 2195 timque
2078 2121 2320 2191 apparuit
2345 2118 2525 2186 quales
2552 2114 2766 2173 fuerint,
2793 2116 2843 2163 et
2883 2104 3023 2175 quod
3064 2102 3366 2155 institutum

1856 2218 1976 2270 vitae
2009 2213 2291 2267 tenuerint.
2326 2209 2433 2261 Nec
2462 2206 2549 2259 diu
2597 2209 2777 2272 postea
2816 2199 2959 2266 ipsos
2994 2190 3251 2263 pernicies
3288 2187 3373 2238 in-

1857 2307 2013 2369 vasit,
2047 2318 2152 2357 non
2186 2302 2295 2369 jam
2340 2297 2515 2351 brevis
2551 2302 2603 2345 et
2646 2298 3004 2357 temporanea,
3042 2279 3133 2335 sed
3181 2291 3368 2346 perpe—

1857 2404 2003 2447 tuum
2051 2392 2287 2450 exitium,
2334 2387 2457 2454 quia
2497 2382 2634 2436 enim
2672 2379 2871 2446 justum
2912 2370 3171 2441 judicium
3221 2372 3371 2416 tuum

1858 2486 2017 2539 rebus
2044 2481 2282 2535 imminet
2314 2473 2580 2535 humanis,
2622 2469 2820 2522 idcirco
2847 2463 3049 2517 :estimo
3081 2453 3373 2526 peccatori-

1857 2575 1958 2628 bus
1981 2581 2033 2627 et
2060 2568 2399 2639 operantibus
2435 2562 2761 2631 iniquitatem
2787 2551 3023 2612 concedi,
3046 2556 3103 2601 ut
3128 2544 3373 2600 exorian-

1859 2673 1946 2718 tur
1975 2670 2027 2716 et
2056 2673 2305 2730 prospere
2332 2662 2522 2724 agant;
2564 2658 2620 2704 ut
2670 2662 2850 2702 eormn
2890 2639 3167 2694 consilium
3200 2641 3252 2687 et
3277 2646 3373 2684 vo-

1860 2757 2058 2815 luntas,
2091 2750 2181 2803 Dei
2204 2746 2512 2801 muneribus
2545 2755 2649 2794 non
2691 2738 2825 2790 bene
2867 2747 2984 2792 usa,
3014 2730 3328 2794 coarguatur
3357 2737 3372 2773 :

1862 2841 2204 2913 quamobrem
2246 2835 2408 2890 ultrix
2460 2847 2551 2887 eos
2603 2836 2656 2883 et
2697 2835 2893 2881 aetema
2945 2818 3206 2891 pernicies
3235 2811 3379 2869 exci-

1862 2933 1988 3002 piet.

1931 3023 2092 3076 Vens.
2126 3020 2158 3074 9
2182 3050 2205 3060 -
2236 3018 2319 3071 12.
2354 3015 2431 3068 Τιι
2474 3022 2642 3065 autem
2686 3006 2982 3059 Altissimus
3026 3002 3077 3053 in
3110 3008 3375 3053 a’ternum,

1866 3113 2099 3165 Domine.
2155 3107 2409 3173 Quoniam
2458 3118 2566 3154 ecce
2616 3096 2807 3149 inimici
2853 3093 2947 3152 tui,
3000 3087 3233 3145 Domine,
3263 3094 3382 3149 quo-

1869 3202 2007 3254 niam
2034 3214 2144 3251 ecce
2177 3194 2370 3249 inimici
2415 3192 2490 3242 tui
2532 3185 2781 3254 peribunt,
2816 3190 2863 3233 et
2900 3179 3245 3243 dispergentur
3270 3185 3380 3221 om-

1868 3307 1953 3343 nes
1987 3289 2071 3356 qui
2099 3293 2371 3353 operantur
2416 3276 2753 3344 iniquitatem.
2796 3266 2861 3319 Et
2902 3262 3215 3318 exaltabitur
3250 3257 3379 3309 sicut

1868 3377 2125 3431 unicornis
2149 3389 2305 3426 cornu
2324 3383 2509 3428 meum,
2534 3374 2581 3417 ct
2605 3368 2830 3415 senectus
2854 3371 2963 3407 mea
2985 3354 3037 3403 iu
3060 3350 3165 3403 oleo
3187 3344 3378 3414 pingui.

1872 3468 1939 3521 Et
1972 3466 2190 3532 respexit
2219 3460 2393 3515 oculus
2431 3472 2570 3509 meus
2604 3449 2831 3504 inimicos
2853 3460 3010 3504 meos,
3041 3448 3086 3493 et
3123 3439 3175 3490 in
3209 3438 3384 3487 insur-

1872 3556 2101 3626 gentibus
2132 3555 2184 3605 in
2213 3567 2289 3603 me
2328 3544 2723 3616 malignantibus
2754 3539 2925 3592 audiet
2965 3533 3103 3586 auris
3137 3544 3267 3581 mea.
3300 3522 3381 3575 Tu

1872 3647 2107 3718 quidem,
2152 3641 2244 3702 ait,
2294 3637 2530 3699 Domine,
2568 3633 2657 3701 qui
2696 3643 2900 3696 semper
2927 3636 3050 3689 μιηο
3094 3617 3384 3681 eodemque

1874 3736 2030 3791 modo
2064 3729 2366 3785 Altissimus
2411 3740 2488 3786 es,
2536 3724 2590 3776 in
2622 3717 2846 3773 excelsis
2885 3725 3066 3766 manes
3111 3720 3202 3776 per
3230 3713 3385 3755 omne

1877 3825 2147 3883 saeculum,
2181 3834 2285 3873 non
2307 3812 2549 3875 mutaris,
2569 3824 2673 3861 non
2705 3802 2971 3872 dejiceris,
3008 3813 3113 3851 non
3139 3788 3385 3851 verteris,

1877 3931 1983 3969 non
2022 3913 2188 3978 teipso
2210 3906 2395 3959 melior
2423 3899 2624 3959 evadis,
2656 3910 2751 3949 nec
2778 3893 2843 3945 iis
2870 3890 2961 3958 qui
2998 3888 3049 3938 in
3080 3892 3220 3936 terra
3264 3883 3389 3932 sunt

1877 3964 2165 4057 humilibus
2191 3993 2379 4049 similis
2401 4005 2477 4053 es,
2503 4002 2606 4040 non
2634 3983 2876 4050 exiguum
2905 3983 2995 4028 aut
3018 3970 3213 4026 humile
3236 3964 3390 4034 quid-

1878 4092 2018 4161 piam
2052 4088 2214 4140 sentis
2260 4093 2351 4133 aut
2379 4079 2513 4146 agis,
2564 4072 2655 4127 sed
2692 4070 2743 4121 in
2793 4073 3046 4118 aeternum
3074 4056 3170 4108 tibi
3201 4051 3390 4106 similis

1878 4141 1947 4161 1'"
2416 4141 2437 4146 -

1878 4191 2191 4252 permanes;
2231 4186 2329 4225 nos
2355 4176 2527 4220 autem
2566 4159 2809 4220 humiles,
2836 4152 2926 4221 qui
2948 4145 3176 4218 procula
3194 4141 3392 4194 virtute

1882 4233 1935 4252 τί
2180 4233 2189 4239 .

1880 4279 1966 4322 tua
1997 4268 2271 4324 absumus,
2314 4258 2416 4311 alio
2451 4254 2655 4319 alioque
2685 4244 2839 4298 modo
2885 4239 3102 4293 ferimur
3136 4238 3189 4285 et
3217 4233 3392 4282 muta-

248 4408 553 4451 απεχυγιιε
607 4408 874 4441 υνννιμιςω,
920 4408 1101 4422 ...ηηνη
1140 4408 1304 4428 ...υ-...ν
1398 4408 1420 4415 -
1465 4408 1481 4415 ,
1531 4408 1642 4423 -,ᾐ,
1695 4408 1757 4412 --γ

248 4461 722 4543 μεταϐαλλόμεθα.
744 4461 805 4512 Ol
841 4459 934 4527 μὲν
966 4453 1055 4508 οὖν
1085 4454 1258 4523 ἐχθροί
1293 4408 1405 4515 σού,
1427 4408 1471 4503 ἓ)
1490 4408 1684 4518 ⁸ῐίύριε,
1710 4447 1771 4508 ὡς

1883 4443 2020 4513 apud
2052 4449 2104 4494 te
2129 4448 2228 4499 est,
2262 4436 2461 4487 alienos
2494 4424 2911 4481 constituerunt;
2946 4429 3008 4466 ac
3040 4408 3396 4480 prmptarunt

1885 4538 1896 4543 ‘
1943 4536 1953 4543 '
2020 4534 2030 4543 ·
2216 4537 2227 4543 -
2317 4540 2380 4543 η--
2444 4520 2523 4543 ---ι
2554 4517 2695 4543 “duo
2728 4513 2896 4543 lmnnc
2920 4521 2976 4543 ac
3017 4515 3214 4543 sorore-
3236 4509 3396 4543 ﬂuam

249 4537 321 4613 ἂν
348 4554 577 4614 ἑαυτοὺς
607 4548 904 4617 ἀλλοτρίους
946 4545 1366 4612 καταστήσαντες
1396 4542 1492 4610 τῆς
1518 4538 1663 4609 παρὰ
1707 4537 1787 4587 σοὶ

206 4716 213 4721 Ι
248 4648 429 4715 ζωῆς,
466 4640 661 4711 ἔχθραν
691 4653 747 4689 τε
790 4635 905 4688 ἀντὶ
934 4634 1107 4702 φιλίας
1139 4631 1270 4702 πρὸς
1290 4631 1347 4681 σὲ
1372 4630 1460 4681 τὸν
1485 4629 1637 4698 μόνον
1658 4628 1789 4693 ἀγα-

252 4741 351 4792 θδν
402 4733 666 4801 ἑλόμενοι,
723 4723 1054 4785 ἀπολοῦνται,
1093 4723 1296 4784 ἑαυτοῖς
1332 4719 1488 4770 αἴτιοι
1521 4717 1789 4785 γενόμενοι

253 4822 558 4882 ἀπωλείας,
606 4817 692 4870 διὰ
742 4815 800 4867 τὸ
826 4814 899 4883 μὴ
943 4810 1181 4881 ἐθελῆσαί
1223 4827 1302 4861 σοι
1342 4808 1664 4875 παραμένειν
1700 4803 1791 4856 καί

258 4934 345 4970 σοι
373 4909 702 4983 φιλωθῆναιο
745 4903 938 4973 ἔχθραν
977 4901 1032 4953 δὲ
1071 4898 1290 4970 ἄρασθαι
1312 4896 1405 4964 τὴν
1447 4895 1579 4963 πρὸς
1615 4895 1675 4945 σὲ
1706 4892 1791 4944 τὸν

260 4981 475 5059 ἑαυτῶν
506 4998 726 5065 ποιητήν
753 5011 811 5045 τε
838 4991 928 5043 καὶ¹
958 4989 1186 5057 σωτῆρα,
1210 4985 1297 5035 Διὸ
1318 4982 1416 5033 κᾶν
1450 4981 1611 5049 μυρία
1639 4997 1794 5031 συνα-

259 5099 509 5166 γάγωσιν
542 5090 598 5139 ὲν
623 5084 698 5153 τῷ
728 5083 822 5151 βίῳ
840 5079 1008 5148 τούτῳ
1026 5077 1293 5147 χρήματα,
1321 5073 1409 5122 καὶ
1432 5068 1673 5131 πλοῦτον,
1703 5069 1795 5121 καὶ

262 5158 594 5254 θησαυροὺς,
651 5172 778 5225 ἀλλὰ
819 5170 885 5221 τὰ
938 5167 1107 5219 πάντα
1140 5166 1230 5216 σὺν
1262 5162 1377 5220 ταῖς
1399 5158 1573 5210 αὐτῶν
1605 5159 1795 5226 ψυχαῖς

265 5274 365 5326 καὶ
409 5270 592 5328 αὐτοῖς
648 5264 853 5329 σώμασι
896 5250 1466 5324 διασκορπισθήσονται.
1523 5245 1662 5311 Ἐγὼ
1693 5247 1745 5297 δὲ
1770 5248 1797 5297 ὁ

264 5365 369 5434 τὴν
398 5359 535 5429 πρὸς
570 5354 627 5407 σὲ
651 5350 843 5419 γνῶσιν
861 5347 951 5398 καὶ
971 5344 1140 5413 φιλίαν
1156 5335 1550 5403 ἀσπασάμενος,
1579 5336 1671 5386 καὶ
1695 5335 1797 5388 τῶν

268 5423 365 5519 tio
376 5423 479 5519 ρῶν
502 5461 591 5495 σου
618 5440 883 5507 ἀλλότριος
907 5432 1148 5501 γεγονὼς,
1165 5426 1471 5491 πέπεισμαι,
1491 5423 1576 5474 ὅτι
1593 5423 1690 5491 τῆς
1709 5424 1798 5476 ἐπὶ

268 5541 336 5593 τὸ
364 5541 607 5609 κρεῖττον
657 5526 944 5600 μεταϐολῆς
969 5522 1204 5588 τεύξομαι
1225 5516 1290 5581 τῇ
1332 5516 1393 5581 σῇ
1428 5513 1800 5583 δικαιοκρισίᾳ

272 5626 561 5681 πιστεύων·
590 5622 723 5673 ὥστε
751 5620 795 5668 εἰ
828 5614 915 5665 καὶ
944 5610 1068 5662 κατὰ
1096 5609 1176 5659 τὸν
1198 5600 1432 5668 παρόντα
1463 5600 1584 5668 βίον
1617 5601 1799 5663 ἄδοξός

272 5739 361 5785 τις
404 5716 538 5772 εἶναι
590 5709 791 5777 δοκοίην
838 5705 921 5757 καὶ
968 5697 1193 5756 ταπεινὸς
1234 5691 1381 5759 παρὰ
1412 5694 1526 5752 τοῖῖ
1559 5691 1799 5758 πολλοῖς,

1884 4533 2193 4590 inimicitias
2214 4537 2408 4586 tecum,
2438 4520 2528 4590 qui
2554 4517 2698 4572 solus
2728 4513 2899 4564 bonus
2920 4521 2998 4572 es,
3015 4515 3215 4572 gerere,
3236 4509 3398 4570 quam

1884 4621 2119 4676 amicitia
2149 4616 2250 4669 frui
2286 4625 2394 4674 tua,
2438 4608 2703 4677 peribunt,
2746 4598 2953 4664 .ibiquc
3002 4590 3104 4658 ipsi
3148 4580 3400 4655 perniciei

1885 4722 2129 4767 auctores
2161 4712 2315 4760 erunt
2368 4720 2380 4754 :
2421 4698 2544 4767 quia
2599 4693 2882 4745 noluerunt
2919 4682 3052 4751 apud
3100 4688 3151 4732 te
3188 4685 3402 4729 manere

1885 4802 2144 4867 amicique
2186 4794 2260 4847 tui
2298 4803 2450 4850 esse;
2506 4782 2596 4837 sed
2652 4777 2956 4833 inimicitias
3001 4772 3277 4824 adversum
3323 4768 3399 4822 te,

1886 4890 2124 4960 opiﬁcem
2155 4894 2205 4939 et
2237 4885 2561 4935 servatorem
2593 4885 2771 4932 suum,
2812 4875 3111 4930 suscepere.
3142 4852 3405 4920 Quamob-

1893 4942 1968 4960 ,Γ

1886 4996 1999 5035 rem
2026 4973 2235 5032 etiamsi
2274 4968 2505 5022 inﬁnitas
2547 4964 2601 5015 in
2630 4963 2727 5014 hac
2754 4958 2862 5009 vita
2890 4950 3159 5023 pecunias,
3191 4942 3404 4999 divitias

1887 5079 1939 5125 et
1968 5069 2245 5122 thesauros
2267 5058 2550 5126 colligant;
2581 5051 2673 5105 sed
2705 5048 2881 5102 omnia
2905 5056 3023 5097 cum
3050 5034 3327 5090 animabus
3352 5035 3407 5084 et

1890 5156 2202 5226 corporibus
2224 5153 2455 5218 ipsorum
2484 5143 2867 5209 dispergentnr.
2886 5132 2993 5200 Ego
3020 5139 3141 5180 vero
3186 5122 3277 5191 qui
3317 5134 3410 5173 co-

1894 5207 1948 5215 “”
1960 5207 1971 5211 “
1988 5207 2012 5226 r
2028 5207 2042 5210 '
2059 5207 2067 5208 ί
2119 5207 2124 5208 ⁷
2246 5207 2258 5218 I
2571 5207 2584 5209 _
2675 5207 2678 5208 ν

1893 5247 2177 5318 gnitionem
2211 5249 2261 5292 et
2288 5232 2569 5287 amicitiam
2605 5238 2745 5280 tuam
2781 5222 3126 5289 amplexatus,
3156 5216 3208 5264 et
3235 5207 3412 5261 inimi-

3136 5298 3300 5318 l._l--.‘
3326 5308 3410 5318 -Λ

1894 5298 1958 5318 ο--

1894 5336 1971 5387 cis
2007 5333 2112 5386 tuis
2138 5328 2339 5380 alienus
2373 5320 2592 5374 eﬂ'ectus
2616 5329 2754 5376 sum,
2787 5317 3096 5381 persuasum
3136 5298 3305 5352 habeo
3326 5308 3413 5348 me

1893 5422 2239 5479 mutationem
2263 5416 2317 5466 in
2347 5411 2536 5464 melius
2562 5414 2841 5459 nacturum
2875 5410 3012 5457 esse,
3038 5391 3184 5459 justo
3213 5383 3416 5454 judicio

1896 5524 1988 5567 tuo
2031 5509 2184 5562 tidem
2233 5503 2454 5556 habens.
2492 5497 2673 5565 Itaque
2712 5488 2919 5548 etiamsi
2949 5488 3002 5538 in
3030 5476 3277 5550 praesenti
3308 5476 3418 5524 vita

1899 5600 2155 5670 inglorius
2183 5602 2234 5648 et
2262 5592 2382 5645 vilis
2419 5603 2537 5643 esse
2564 5600 2725 5655 penes
2756 5581 2951 5635 multos
2978 5571 3191 5630 videar;
3230 5564 3325 5618 sed
3368 5562 3422 5612 in

1901 5695 2001 5748 line
2026 5702 2200 5745 rerum
2221 5684 2520 5747 eraltabor;
2546 5682 2649 5733 imo
2674 5676 2846 5745 potius
2876 5678 3044 5722 cornu
3077 5672 3253 5713 meum
3277 5652 3423 5707 exal-
