3848 6384
255 329 406 387 1181

1354 330 1839 387 COMMENTARIA
1876 333 1944 387 ΙΝ
1979 332 2304 390 PSALMOS.

3269 340 3397 397 “89

247 444 363 495 καὶ
419 443 662 515 τρέφοντι
696 443 1045 514 ὀὐρανομήκη
1090 444 1243 512 φυτά.
1296 443 1445 497 Οῦτω
1489 444 1533 497 δ’
1576 438 1664 495 οὖν
1702 444 1793 496 καὶ

1898 446 2000 508 alit,
2033 454 2302 501 nascatur.
2355 445 2443 500 Sic
2490 447 2665 516 itaque
2708 446 2908 515 justus,
2939 449 3168 503 infinitos
3220 466 3397 505 secum

242 532 280 581 ὁ
342 534 569 597 δίκαιος,
626 532 841 604 μυρίους
897 533 1027 601 έχων
1070 534 1191 595 τοὺς
1237 533 1303 585 δι’
1348 532 1507 585 αὐτοῦ
1556 532 1647 585 καὶ
1698 535 1794 585 σὺν

244 618 418 689 αὐτῷ
464 621 807 690 σωζομένους,
854 622 989 674 κατὰ
1020 622 1172 673 τοῦτο
1221 622 1313 691 μὲν
1354 622 1417 674 ἂν
1455 622 1693 691 ἐμφερὴς
1726 624 1790 693 τῇ

245 708 474 778 κέδρῳ,
527 709 604 780 τῷ
655 711 709 763 δὲ
753 712 944 778 φοίνικι
975 711 1108 763 κατά
1148 711 1213 763 τά
1244 710 1409 774 ἄλλως
1442 710 1790 779 δεδηλωμένα.

260 796 419 849 Ἀλλ’
448 800 507 851 οὐ
534 799 753 851 τοιοῦτοι
773 796 904 868 ἦσαν
921 800 968 850 οί
996 798 1222 860 ἀσεϐεῖς,
1240 799 1287 850 οἱ
1306 798 1431 850 ὡσεὶ
1461 799 1645 868 χόρτος
1667 799 1793 850 ἀνα-

242 886 545 951 τέλλοντες
596 890 684 940 καὶ
714 889 1038 958 παραχρῆμα
1082 888 1469 956 ἀφανιζόμενοι.
1504 892 1793 955 Πεφυτευ-

237 972 439 1039 μένοι
472 977 542 1028 ἐν
590 975 666 1040 τῷ
716 976 853 1040 οἴκῳ
878 975 981 1027 τοῦ
1016 976 1180 1037 Θεοῦ,
1220 976 1287 1027 ἐν
1317 976 1440 1040 ταῖς
1463 975 1668 1037 αὐλαῖς
1690 973 1794 1025 τοῦ

249 1062 423 1115 Θεοῦ
482 1063 646 1130 ἡμῶν
697 1062 1110 1125 ἐξανθήσουσι.
1166 1063 1388 1125 Σπάνιος
1430 1064 1523 1132 μὲν
1562 1065 1589 1115 ὁ
1618 1062 1796 1131 ἄκρως

245 1150 495 1213 τέλειος,
518 1154 545 1204 ὁ
569 1152 868 1213 καὶδίκαιος
892 1152 1278 1220 ὠνομασμένος,
1310 1152 1501 1220 φοίνικι
1522 1152 1609 1203 καὶ
1629 1151 1795 1220 κέδρῳ

249 1239 753 1310 παραόεὸλημένος
770 1257 783 1270 ·
808 1242 924 1291 ἐπεὶ
951 1241 1005 1291 δὲ
1032 1240 1105 1309 μὴ
1132 1240 1323 1302 πάντες
1346 1228 1586 1303 τοιοῦτοι,
1608 1239 1792 1304 ίστέον,

246 1327 351 1378 ὅτι
392 1329 488 1379 καὶ
512 1328 614 1379 τῶν
642 1327 1012 1397 ἀτελεστέρων,
1046 1328 1179 1394 πλὴν
1210 1327 1339 1378 ἀλλά
1361 1327 1457 1395 τῆς
1491 1328 1547 1378 ὲν
1569 1325 1643 1395 τῷ
1667 1327 1796 1393 οἴκῳ

246 1415 364 1466 τοῦ
390 1416 524 1467 Θεοῦ
552 1416 766 1483 φυτείας
796 1415 1123 1483 ἠξιωμένων,
1151 1415 1260 1465 ἐστι
1292 1432 1341 1465 τι
1373 1414 1569 1481 ἀγαθὸν
1610 1413 1791 1475 τέλος·

247 1505 323 1554 ἐν
361 1504 493 1572 γοῦν
536 1507 651 1565 ταῖς
704 1504 886 1565 αὐλαῖς
924 1503 1014 1554 τοῦ
1064 1502 1192 1554 Θεοῦ
1234 1504 1386 1571 ἡμῶν
1436 1502 1792 1571 ὲξανθήσουσι.

1890 535 2088 589 babens
2115 541 2204 605 qui
2238 537 2404 605 ipsius
2445 550 2603 604 opera
2633 537 2855 590 salutem
2910 548 3300 608 assequuntur,
3338 556 3397 594 ea

1888 626 2098 692 quidem
2154 627 2357 680 ratione
2399 628 2558 679 cedro
2602 627 3023 696 comparandus,
3077 631 3178 683 alia
3224 639 3399 685 autem

1889 716 2034 783 prius
2064 716 2357 778 enuntiata,
2386 716 2590 783 palma}.
2644 716 2712 768 At
2741 731 2846 769 non
2900 716 3201 785 lmjusmodi
3248 726 3403 773 erant

1889 804 2054 872 impii,
2087 805 2196 871 qui,
2220 812 2467 872 tanquam
2499 804 2673 857 fenum
2702 806 2894 867 exorti,
2922 822 3041 861 mox
3066 807 3221 861 deleti
3252 818 3400 863 sunt.

1890 892 2122 945 Plantati
2154 895 2205 945 in
2235 893 2382 946 domo
2404 892 2519 956 Dei,
2559 895 2609 945 in
2642 896 2789 947 atriis
2816 894 2911 947 Dei
2934 897 3098 949 nostri
3126 898 3398 963 ﬂorebunt.

1891 984 2142 1037 Perrarus
2170 982 2378 1051 quidem
2411 990 2522 1045 est,
2553 984 2642 1050 qui
2674 983 2737 1035 ad
2771 1000 3031 1037 summum
3066 985 3405 1054 perfectionis

1890 1072 2173 1133 devenerit,
2203 1072 2291 1139 qui
2321 1078 2372 1125 et
2395 1074 2571 1139 justus
2602 1078 2822 1126 vocatur
2842 1111 2857 1135 ,
2900 1074 3191 1142 palmaque
3232 1089 3293 1127 ac
3317 1089 3405 1128 ce-

1890 1161 1986 1214 dro
2033 1160 2321 1214 confertur.
2392 1160 2493 1213 Sed
2545 1161 2669 1227 quia
2720 1176 2826 1213 non
2869 1175 3053 1215 omnes
3099 1161 3404 1229 hujusmodi

1891 1254 2033 1311 sunt,
2058 1247 2326 1301 sciendum
2358 1252 2458 1308 est,
2486 1248 2641 1300 etiam
2688 1246 3179 1315 imperfectioribus,
3202 1250 3290 1316 qui
3326 1258 3405 1301 la-

1890 1351 2008 1388 men
2037 1336 2124 1387 illa
2162 1336 2213 1388 in
2247 1335 2402 1389 domo
2433 1336 2525 1389 Dei
2564 1336 2887 1403 plantatione
2916 1334 3115 1404 dignati
3168 1335 3404 1399 fuerint,

1890 1425 2085 1478 bonum
2126 1424 2402 1492 quemdam
2454 1424 2608 1477 finem
2650 1426 2937 1491 repositum
2980 1440 3098 1479 esse
3132 1442 3145 1475 :
3198 1441 3318 1479 nam
3352 1426 3407 1479 in

1892 1511 2040 1565 atriis
2070 1510 2257 1563 domus
2304 1509 2395 1563 Dei
2441 1510 2609 1563 nostri
2652 1508 2929 1563 florebunt.
2963 1510 3018 1564 Id
3052 1527 3176 1565 vero
3211 1512 3407 1566 intelli-

244 1594 509 1664 Νοήσεις
535 1595 589 1644 δὲ
620 1592 877 1644 καὶτοῦτο
895 1587 1036 1643 οἷκον
1071 1591 1236 1659 μέγαν
1258 1592 1451 1659 Κυρίου
1476 1591 1679 1643 ἀκούων
1703 1592 1798 1660 τὴν

1898 1612 2005 1665 gas,
2036 1597 2078 1650 si
2106 1612 2200 1665 pro
2225 1611 2413 1666 magna
2435 1597 2589 1650 domo
2611 1595 2837 1658 Domini,
2867 1598 3155 1652 Ecclesiam
3194 1600 3310 1666 ejus
3350 1600 3407 1654 in

263 1683 609 1752 Ἐκκλησίαν
653 1680 831 1740 αὐτοῦ,
881 1679 976 1748 τήν
1004 1680 1090 1730 ἐπὶ
1126 1680 1243 1747 γῆς,
1279 1680 1413 1731 κατά
1436 1680 1523 1732 τὸν
1561 1681 1797 1749 φήσαντα

1898 1694 2033 1739 terra
2062 1687 2217 1740 sitam
2240 1684 2469 1753 accipias
2497 1685 2786 1738 secundum
2813 1685 3146 1758 Apostolum,
3189 1688 3279 1755 qui
3310 1688 3404 1750 ait,

261 1772 631 1823 Ἀπόστολον·
670 1772 788 1823 Ἵνα
812 1769 942 1834 ἴδῃς
966 1766 1087 1832 πῶς
1115 1768 1205 1819 δεῖ
1230 1768 1296 1819 ἐν
1315 1770 1452 1831 οἴκῳ
1491 1769 1631 1821 Θεοῦ
1658 1769 1798 1821 ἀνα-

1904 1774 1968 1828 Ut
2006 1774 2173 1827 videas
2203 1774 2450 1843 quomodo
2476 1784 2701 1843 oporteat
2723 1776 2775 1827 in
2805 1774 2953 1828 domo
2974 1756 3071 1829 Dei
3097 1778 3405 1841 conversari,

249 1858 653 1925 στρέφεσθαι,
675 1857 801 1923 ἣτις
833 1857 998 1908 ἐστίν
1036 1857 1347 1917 Ἐκκλησία
1382 1856 1523 1909 Θεοῦ
1556 1855 1759 1922 ζῶντος
1780 1873 1796 1890 ·

250 1945 709 2015 πεφυτευμένους
762 1945 814 1996 δὲ
844 1948 900 1995 ὲν
951 1946 1117 2015 ταύτῃ
1154 1945 1275 2006 τοὺς
1300 1944 1393 2006 τάς
1423 1944 1590 2014 ἀρχάς
1618 1948 1712 2014 τῆς
1744 1948 1799 1999 ἐν

254 2031 558 2102 θεοσεϐείᾳ
610 2034 879 2103 προκοπῆς
922 2032 1162 2084 ἐντεῦθεν
1197 2033 1493 2103 εἰληφότας,
1519 2029 1615 2085 οἷοι
1642 2030 1796 2102 ἦσαν,

249 2120 362 2182 οὒς
425 2120 709 2187 ἐφύτευσεν
754 2122 780 2171 ὁ
828 2117 1047 2180 Παῦλος,
1078 2118 1139 2169 δι’
1162 2117 1250 2180 οὒς
1284 2119 1375 2170 καὶ
1424 2118 1621 2186 ἔλεγεν,
1666 2120 1800 2187 Ἐγὼ

250 2209 597 2277 ἐφύτευσα,
641 2206 925 2271 Ἀπολλὼς
959 2208 1249 2268 ἐπότισεν,
1279 2207 1411 2259 ἀλλ’
1449 2210 1480 2259 d
1521 2207 1659 2272 Θεὸς
1699 2208 1801 2273 ηὕ-

254 2299 482 2362 ξανεν.
503 2292 657 2349 Οὗτοι
670 2292 759 2348 οὖν
778 2296 825 2347 οἱ
838 2296 893 2346 ἐν
910 2297 972 2363 τῇ
991 2311 1055 2345 πε
1064 2294 1241 2363 ριγείῳ
1266 2295 1549 2364 Ἐκκλησία
1570 2294 1658 2346 τοῦ
1671 2295 1798 2346 Θεοῦ

254 2384 671 2454 πεφυτευμένοι
694 2384 844 2446 ἄνθος
880 2382 1233 2436 ἀποδώσουσιν
1257 2382 1446 2444 εὐῶδες
1478 2384 1569 2435 καὶ
1588 2384 1799 2452 γόνιμον

254 2477 365 2529 καὶ
395 2474 508 2527 τῶν
539 2473 751 2525 τελείων
776 2473 991 2541 καρπῶν
1005 2472 1253 2535 οίστικὸν,
1277 2472 1331 2523 ὲν
1355 2475 1469 2535 ταῖς
1500 2473 1683 2533 αὐλαῖς
1710 2471 1798 2523 τοῦ

252 2565 412 2620 Θεοῦ
447 2564 601 2635 ἡμῶν
633 2560 1123 2633 μεταφυτευθέντες,
1150 2560 1415 2613 τουτέστιν
1432 2562 1486 2613 ὲν
1502 2563 1617 2623 ταῖς
1642 2562 1799 2611 ἐπου-

258 2658 484 2727 ρανίοις
527 2657 709 2723 μοναῖς
730 2670 742 2683 ο
792 2651 914 2719 εῖγε
948 2650 1128 2703 πολλαὶ
1172 2649 1318 2720 παρά
1358 2650 1432 2720 τῷ
1462 2650 1652 2719 Πατρὶ,
1680 2647 1800 2700 ἔνθα

255 2746 394 2797 κατ’
454 2743 606 2807 ἀξίαν
654 2738 1079 2810 διαμερισθέντες
1121 2739 1168 2789 οί
1209 2736 1300 2789 νῦν
1338 2739 1393 2789 ὲν
1429 2737 1509 2813 τῷ.
1549 2736 1678 2805 οἴκῳ
1707 2733 1797 2786 τοῦ

256 2831 416 2883 Θεοῦ
479 2829 882 2899 πεφυτευμένοι,
921 2825 1056 2880 κατά
1100 2825 1283 2894 καιρὸν
1335 2826 1421 2879 τὸν
1468 2826 1801 2895 προσήκοντα

257 2920 683 2988 ὲξανθήσουσιν.

342 3032 478 3081 Ἔτι
530 3026 1040 3095 πληθυνθήσονται
1095 3027 1162 3079 ἐν
1200 3026 1350 3095 γήρᾳ
1382 3028 1559 3091 πίονι,
1592 3029 1688 3082 καί
1713 3031 1801 3083 εὐ-

257 3119 614 3181 παθοῦντες
655 3120 907 3179 ἔσονται,
951 3117 1053 3169 τοῦ
1099 3118 1449 3185 ἀναγγεῖλαι,
1503 3118 1589 3170 ὅτι
1627 3119 1802 3187 suam

254 3211 499 3274 Κύριος
530 3208 562 3257 d
595 3205 733 3269 Θεὸς
776 3205 956 3272 ἡμῶν,
1008 3204 1103 3257 καὶ
1148 3206 1254 3258 οὐκ
1306 3205 1471 3258 ἐστιν
1518 3207 1709 3261 ἀδικία
1738 3209 1804 3261 ἐν

255 3299 466 3363 αὐτῷ.
519 3295 594 3351 Οὐ
646 3297 797 3366 μόνον
841 3298 1019 3367 φησὶν,
1052 3298 1129 3349 ὅτι
1176 3297 1547 3367 ὲξανθήσουσιν
1595 3301 1653 3352 ἐν
1687 3304 1804 3363 ταῖς

256 3391 473 3450 αὐλαῖς
492 3386 584 3438 τοῦ
609 3386 738 3439 Θεοῦ
765 3388 811 3437 οἱ
840 3388 1067 3455 σήμερον
1098 3388 1152 3438 ὲν
1184 3387 1259 3456 τῷ
1290 3388 1417 3456 οἴκῳ
1453 3389 1608 3442 αὐτοῦ
1640 3408 1806 3458 πεφυ-

256 3497 364 3534 τευ
376 3477 553 3547 μένοι,
605 3474 734 3527 ἀλλά
779 3475 868 3527 καὶ
909 3476 1057 3528 αὐτοὶ
1102 3475 1571 3546 πληθυνθήσονται,
1624 3478 1806 3551 ὥσπερ

261 3565 583 3634 ἀνωτέρωή
603 3563 782 3632 κέδρος
795 3566 827 3631 ή
853 3566 908 3615 ἐν
922 3564 996 3632 τῷ
1012 3563 1218 3630 Λιϐάνῳ
1234 3565 1567 3634 ἐπληθύνετο.
1598 3567 1728 3619 Πότὲ
1747 3568 1802 3619 δὲ

260 3657 443 3711 τοῦτο
471 3653 650 3715 αὐτοῖς
682 3652 846 3714 ἔσται,
866 3652 1020 3721 ἀλλ’ἢ
1037 3655 1092 3705 ὲν
1105 3654 1179 3721 τῷ
1197 3654 1337 3722 γήρᾳ
1352 3654 1425 3722 τῷ
1443 3654 1578 3706 πίονι
1598 3672 1612 3718 ;
1630 3655 1805 3724 Γῆρας

261 3746 326 3799 δὲ
367 3740 606 3795 ἐνταῦθα
630 3739 723 3808 τὴν
768 3739 1033 3794 τελείωσιν
1056 3742 1276 3794 πέπεισο
1316 3742 1556 3809 λέγεσθαι
1589 3744 1685 3811 τῆς
1711 3744 1808 3811 ψυ-

264 3837 407 3907 χῆς,
442 3835 501 3884 ὲν
533 3825 857 3902 ᾗγενόμενοι
910 3830 1259 3893 εὐπαθοῦντες
1316 3831 1523 3885 ἔσονται
1564 3833 1611 3883 οἱ
1634 3832 1724 3885 νῦν
1750 3835 1805 3885 ὲν

261 3925 351 3994 τῷ
396 3922 531 3988 οἴκῳ
573 3919 771 3988 Κυρίου
810 3920 1207 3988 πεφυτευμένοι.
1244 3919 1305 3971 El
1336 3920 1443 3990 γὰρ
1477 3921 1568 3975 καὶ
1612 3920 1677 3973 τὰ
1704 3922 1806 3990 μά-

260 4015 439 4066 λιστα
494 4008 631 4061 κατά
680 4008 767 4059 τὸν
824 4007 1055 4076 παρόντα
1079 4008 1282 4078 καιρὸν,
1333 4011 1388 4060 ὲν
1419 4004 1461 4075 ᾧ
1505 4008 1806 4076 φυτεύονται

266 4105 333 4157 ὲν
368 4100 451 4169 τῷ
474 4101 605 4166 οῐκῳ
641 4097 837 4165 Κυρίου
886 4096 1306 4159 κακοπαθοῦντες
1346 4096 1653 4161 διατελοῦσι,
1688 4099 1808 4155 τοὺς

265 4190 531 4263 πρώτους
585 4186 680 4254 τῆς
729 4185 989 4254 γεωργίας
1039 4187 1224 4249 πόνους
1275 4186 1620 4256 ὑπομένοντες
1641 4203 1654 4216 °
1697 4186 1806 4239 ἀλλ’

266 4278 422 4334 ὲπάν
452 4273 548 4327 τοῦ
574 4275 750 4342 γήρως
784 4272 874 4324 τοῦ
900 4273 1074 4335 πίονος
1120 4274 1431 4338 ἀξιωθῶσιν,
1464 4275 1809 4337 εὐπαθοῦντες

1898 1880 2010 1933 qua:
2032 1872 2105 1916 est
2132 1862 2358 1915 Ecclesia
2381 1863 2474 1916 Dei
2499 1864 2701 1916 viventis
2733 1864 2809 1928 “;
2846 1874 2898 1917 et
2926 1866 2969 1918 si
2992 1879 3089 1933 pro
3113 1865 3217 1918 illis
3243 1865 3331 1933 qui
3353 1865 3407 1917 in

1900 1967 1960 2007 ea
1986 1953 2204 2021 plantati
2233 1960 2375 2014 sunt,
2403 1967 2494 2005 eos
2522 1953 2611 2020 qui
2636 1952 2905 2020 profectus
2935 1952 2987 2004 in
3011 1953 3262 2021 religione
3296 1952 3409 2020 pri-

1900 2039 2101 2092 mordia
2146 2039 2198 2091 in
2237 2038 2323 2091 illa
2371 2047 2719 2106 acceperunt:
2767 2039 2950 2107 quales
2996 2040 3031 2091 ii
3074 2046 3226 2093 erant
3274 2054 3409 2108 quos

1900 2127 2151 2196 plantavit
2178 2126 2391 2191 Paulus,
2420 2136 2748 2198 quorumque
2773 2146 2931 2185 causa
2960 2132 3111 2198 dixit,
3138 2131 3241 2202 Ego
3260 2132 3412 2199 plan-

1903 2216 2023 2278 tavi,
2048 2216 2228 2283 Apollo
2256 2218 2473 2285 rigavit;
2511 2219 2597 2271 sed
2622 2220 2757 2272 Deus
2793 2222 3151 2272 incrementum
3188 2220 3323 2273 dedit
3343 2222 3408 2274 ".

1901 2302 1965 2356 Hi
1990 2305 2165 2373 itaque
2188 2306 2277 2373 qui
2307 2307 2359 2359 in
2385 2314 2594 2360 terrena
2625 2307 2715 2361 Dei
2745 2307 2979 2363 Ecclesia
3016 2308 3233 2376 plantati
3263 2316 3408 2371 sunt,

1901 2393 2078 2448 ﬂorem
2097 2395 2333 2449 emittent
2381 2397 2558 2452 suavis
2591 2398 2769 2452 odoris
2802 2413 2863 2451 ac
2898 2412 3207 2467 generosum
3241 2397 3411 2466 perfe-

1900 2490 2208 2552 ctorumque
2236 2484 2503 2539 fructuum
2532 2486 2789 2550 feracem;
2827 2488 2881 2540 in
2914 2489 3059 2542 atriis
3083 2488 3173 2541 Dei
3203 2489 3371 2542 nostri
3390 2528 3407 2552 ,

1901 2570 1954 2624 id
1983 2573 2165 2638 estbin
2214 2573 2517 2628 caelestibus
2572 2575 2936 2629 mansionibus
2986 2577 3406 2644 trausplantati:

1901 2662 2159 2730 siquidem
2196 2664 2373 2717 multae
2417 2670 2541 2717 sunt
2566 2665 2873 2719 mansiones
2903 2666 3040 2735 apud
3064 2666 3294 2732 Patrem,
3320 2669 3411 2722 ubi

1901 2766 1999 2821 pro
2030 2753 2218 2806 merito
2250 2753 2520 2808 distributi
2547 2753 2637 2821 qui
2670 2753 2774 2822 iam
2805 2753 2859 2807 in
2888 2754 3046 2809 domo
3068 2753 3159 2809 Dei
3189 2756 3412 2825 plantati

1900 2848 2044 2905 sunt,
2066 2845 2374 2911 congruenti
2398 2852 2631 2912 tempore
2656 2843 2937 2899 florebunt.
3416 2842 3421 2849 ’

1967 3029 2126 3085 Vnus.
2159 3032 2243 3094 15,
2276 3032 2359 3084 16.
2388 3030 2565 3084 Adhuc
2598 3032 3069 3099 multiplicabuntur
3089 3035 3139 3087 in
3164 3042 3416 3089 senectute

1896 3118 2091 3186 pingui,
2137 3128 2185 3171 et
2226 3117 2357 3171 bona
2399 3120 2685 3185 accipient;'
2716 3128 2772 3171 ut
2810 3123 3137 3183 annuntient,
3174 3123 3414 3189 quoniam

1898 3216 2061 3259 rectus
2085 3205 2328 3259 Dominus
2355 3206 2489 3259 Deus
2516 3217 2706 3271 noster,
2731 3216 2780 3261 et
2821 3226 2921 3261 non
2948 3220 3024 3263 est
3066 3211 3310 3278 iniquitas
3358 3213 3412 3263 in

1897 3310 1973 3348 eo.
2015 3294 2127 3348 Non
2155 3297 2324 3350 solum
2358 3296 2408 3349 id
2438 3296 2543 3361 ait,
2593 3298 2647 3349 in
2702 3298 2850 3351 atriis
2881 3297 2974 3353 Dei
3014 3299 3275 3353 ﬂorebunt
3320 3302 3412 3370 qui

1898 3383 2055 3438 hodie
2082 3384 2137 3437 in
2162 3384 2317 3437 domo
2344 3384 2459 3451 ejus
2489 3384 2707 3451 plantati
2735 3391 2894 3449 sunt;
2928 3385 3020 3439 sed
3062 3394 3113 3439 et
3150 3387 3249 3455 ipsi
3280 3389 3415 3440 mul-

1898 3471 2295 3541 tiplicabuntur,
2326 3472 2463 3526 sicut
2488 3472 2697 3533 cedrus,
2728 3488 2845 3541 quae
2872 3474 2931 3526 in
2956 3474 3157 3529 Libano
3190 3484 3289 3537 est,
3322 3490 3414 3530 su-

1899 3576 1993 3632 pra
2041 3561 2381 3630 multiplicari
2430 3560 2721 3616 dicebatur.
2773 3561 3120 3627 Quandonam
3174 3564 3226 3617 id
3283 3564 3414 3633 ipsis

1901 3653 2122 3717 eveniet,
2145 3652 2247 3705 nisi
2278 3651 2331 3704 in
2361 3659 2629 3707 senectute
2654 3652 2873 3720 pingui?
2895 3651 2991 3706 Hic
3021 3667 3147 3706 vero
3168 3660 3414 3707 senectu-

1901 3749 2005 3796 tem
2036 3756 2129 3809 pro
2157 3741 2615 3795 consummatione
2638 3740 2826 3793 animae
2852 3740 2957 3794 dici
2985 3756 3296 3808 persuasum
3319 3742 3415 3794 ha-

1901 3831 2045 3893 beas,
2060 3833 2110 3884 in
2127 3846 2228 3899 qua
2250 3832 2519 3885 constituti
2540 3831 2964 3892 bonisfruentur,
2979 3833 3065 3899 qui
3085 3848 3223 3885 nunc
3258 3833 3308 3885 in
3323 3833 3418 3886 do-

1901 3936 1988 3975 mo
2005 3920 2208 3974 Domini
2227 3921 2444 3989 plantati
2463 3929 2605 3975 sunt.
2622 3920 2750 3973 Nam
2775 3921 2817 3975 si
2835 3921 2943 3987 jam
2964 3921 3016 3973 in
3042 3920 3197 3975 domo
3210 3920 3416 3976 Domini

1902 4009 2139 4076 plantati,
2168 4009 2303 4061 mala
2354 4009 2612 4077 patientes
2662 4018 3020 4077 perseverant,
3053 4008 3238 4075 primis
3271 4008 3413 4077 agri-

1902 4098 2121 4150 culturae
2149 4098 2417 4153 laboribus
2442 4099 2704 4163 amictati;
2732 4099 2822 4151 sed
2852 4114 2972 4152 cum
3003 4107 3271 4151 senectute
3299 4096 3416 4164 pin-

1902 4187 1988 4256 gui
2027 4186 2203 4239 donati
2240 4185 2453 4249 fuerint,
2481 4187 2634 4241 bonis
2668 4186 2928 4250 fruentur,
2952 4200 3013 4239 ac
3044 4184 3275 4253 requiem
3315 4198 3416 4237 na-

1903 4275 1994 4337 cti,
2022 4274 2256 4327 laborum
2296 4276 2746 4343 certaminumque
2786 4275 3001 4343 praamia
3029 4273 3300 4336 referent,
3353 4285 3417 4326 ac

264 4368 596 4440 γενήσονται
616 4363 999 4431 ἀναπαυόμενοι
1023 4364 1127 4415 τῶν
1153 4366 1404 4434 καμάτων
1431 4366 1638 4418 καὶτῶν
1665 4365 1801 4433 ἀγώ-

1904 4362 2308 4427 conﬁtebuntur,
2335 4364 2587 4429 Quoniam
2609 4372 2772 4417 rectus
2799 4362 3046 4416 Dominus
3069 4360 3203 4416 Deus
3223 4368 3413 4423 noster,

265 4474 386 4514 νων
444 4453 514 4505 τὰ
557 4451 757 4503 ἔπαθλα
806 4450 1226 4520 ἀποληψόμενον
1280 4454 1688 4523 Ὀμολογήσουσί
1728 4473 1806 4520 τε,

267 4549 414 4599 Ὀτι
444 4540 626 4607 εὐθὴς
650 4541 858 4606 Κύριος
889 4542 920 4591 ὀ
949 4539 1088 4604 Θεὸς
1130 4541 1313 4607 ἡμῶν,
1358 4544 1453 4596 καὶ
1488 4547 1595 4597 οὐκ
1645 4543 1809 4597 ἐστιν

266 4635 480 4692 ἀδικία
508 4633 577 4683 ἐν
596 4629 769 4693 αὐτῷ.
793 4631 852 4682 El
874 4629 980 4700 γὰρ
1006 4630 1078 4699 μή
1093 4631 1158 4682 τὰ
1182 4632 1622 4703 κατηριθμημένα
1635 4634 1808 4700 ἀγαθά

268 4721 473 4793 ἔμελλε
514 4717 836 4785 διαδέχεσθαι
877 4718 999 4779 τοὺς
1045 4716 1118 4786 τῷ
1148 4718 1262 4786 Θεῷ
1298 4720 1689 4789 ἀνακειμένους,
1718 4722 1808 4774 καὶ

269 4814 323 4864 εἰ
365 4810 442 4879 μὴ
470 4808 531 4859 τὸ
554 4806 786 4875 ὀλέθρων
818 4806 962 4868 τέλος
1006 4806 1284 4876 περιέμενε
1334 4810 1456 4870 τοὺς
1485 4811 1689 4873 ἀσεϐεῖς
1716 4812 1807 4863 κα)⁸

269 4880 405 4963 τοὺς
444 4895 834 4967 ἐργαζομένους
882 4895 976 4964 τὴν
1007 4898 1245 4965 ἀνομίαν,
1273 4892 1337 4965 ἦν
1356 4898 1420 4948 ἂν
1441 4898 1575 4966 τάχα
1601 4900 1805 4952 ἀδικίαν

258 4987 601 5043 ἐπικαλέσαι
658 4986 721 5052 τῇ
771 4982 863 5034 τοῦ
907 4982 1035 5035 Θεοῦ
1079 4984 1314 5053 προνοίᾳ.
1357 4984 1481 5036 Ὅτε
1506 4985 1561 5035 δὲ
1589 4988 1807 5042 τοιαῦτα

270 5080 405 5146 τέλη
465 5074 560 5127 καὶ
601 5075 707 5134 τοῖς
756 5072 974 5134 δικαίοις
1017 5072 1345 5141 ἡτοίμασται,
1372 5072 1498 5123 οἴων
1538 5075 1629 5126 καὶ
1654 5078 1807 5146 ἡμεῖς

271 5165 552 5235 εὐχόμεθα
588 5165 763 5231 τυχεῖν
791 5202 806 5225 ,
854 5162 944 5213 καὶ
975 5164 1082 5223 τοῖς
1114 5160 1326 5211 ἀσεϐέσι
1376 5162 1614 5214 τοιαῦται
1654 5168 1807 5233 ἠπεί-

270 5256 468 5324 ληνται
493 5248 762 5319 τιμωρίαι,
792 5246 880 5313 ἀφ’
905 5240 976 5298 ὧν
996 5246 1191 5312 γένοιτο
1210 5244 1351 5310 ἡμᾶς
1373 5245 1632 5312 ρυσθῆναι
1652 5265 1665 5277 ·
1690 5251 1804 5313 πῶς

271 5346 377 5397 οὐκ
406 5338 690 5394 ἀκόλουθον
716 5335 779 5388 ἂν
802 5334 882 5403 εἴη
924 5334 1203 5402 ὁμολογεῖν,
1238 5330 1352 5380 Ὅτι
1383 5332 1564 5398 εὺθὴς
1590 5338 1803 5402 Κύριος

216 5424 224 5487 ἱ
274 5438 311 5488 δ
345 5431 488 5494 Θεὸς
525 5425 708 5495 ἡμῶν,
754 5421 846 5475 καὶ
893 5424 997 5473 οὐκ
1038 5421 1201 5472 ἔστιν
1252 5416 1444 5471 ἀδικία
1485 5419 1555 5473 ἐν
1607 5424 1802 5489 αὐτῷ;

236 5616 243 5628 .
350 5584 394 5652 ξι
434 5581 454 5633 1
488 5580 623 5632 Tim.
662 5591 751 5639 ιιι,
786 5573 865 5627 15.
937 5575 977 5604 ’³
1011 5570 1169 5624 lCor.
1209 5580 1305 5629 ιιι,
1337 5569 1383 5621 6.

1899 4461 1947 4504 et
1976 4469 2076 4505 non
2108 4462 2181 4506 est
2210 4453 2450 4519 iniquitas
2473 4453 2525 4504 in
2556 4468 2633 4505 eo.
2662 4450 2774 4505 Nisi
2807 4452 2945 4505 enim
2968 4450 3077 4518 jam
3109 4456 3417 4503 enumerata

1900 4541 2037 4594 bona
2078 4556 2170 4596 eos
2209 4542 2297 4610 qui
2327 4539 2434 4593 Deo
2466 4538 2661 4593 addicti
2694 4547 2817 4594 sunt
2865 4547 3152 4606 exceptura
3196 4544 3413 4601 essent,

1899 4640 1951 4686 et
1976 4632 2079 4686 nisi
2103 4632 2296 4699 impios
2322 4638 2374 4684 et
2394 4638 2680 4698 operantes
2712 4629 3043 4697 iniquitatem
3064 4627 3324 4680 exitiosus
3351 4626 3415 4679 ﬁ-

1898 4722 1983 4775 nis
2026 4726 2292 4783 maneret;
2345 4718 2536 4771 divinae
2571 4717 2916 4771 Providentiae
2955 4716 3232 4784 culpanda
3282 4714 3419 4769 forte

1898 4823 2059 4863 causa
2084 4809 2340 4863 subesset.
2397 4805 2462 4858 At
2489 4805 2702 4874 quando
2753 4805 2874 4859 finis
2915 4802 3221 4871 hujusmodi
3260 4803 3420 4870 justis

1897 4904 2112 4967 paratus
2144 4904 2244 4959 est,
2274 4895 2482 4964 qualem
2512 4908 2611 4947 nos
2650 4892 2903 4962 consequi
2954 4899 3327 4959 per0ptamus;
3357 4903 3422 4942 ac

1897 4986 2071 5053 impiis
2096 4986 2216 5038 talia
2243 4984 2621 5038 denuntiantur
2662 4982 2920 5052 supplicia
2945 5021 2959 5044 ,
3001 4996 3032 5032 a
3078 4981 3272 5049 quibus
3328 4993 3427 5032 nos

1896 5073 2027 5141 eripi
2063 5073 2371 5140 contingat:
2429 5086 2594 5139 quare
2645 5078 3065 5124 consentaneum
3125 5081 3232 5118 non
3275 5064 3434 5117 fuerit

1897 5161 2154 5225 confiteri,
2186 5161 2439 5226 Quoniam
2482 5169 2648 5213 rectus
2688 5159 2947 5212 Dominus
2977 5153 3126 5205 Deus
3156 5159 3353 5211 noster,
3389 5157 3436 5201 et

1904 5266 2002 5302 non
2028 5260 2100 5302 est
2124 5249 2363 5317 iniquitas
2401 5249 2453 5301 in
2474 5251 2576 5303 eo?
2611 5252 2676 5301 At
2727 5245 2992 5313 insipiens
3029 5241 3156 5292 haec
3198 5253 3303 5291 non
3352 5251 3443 5289 cn-

1903 5348 2151 5407 gnoscet,
2182 5351 2278 5390 nec
2307 5337 2496 5391 stultus
2528 5337 2800 5405 intelliget.
2834 5328 2989 5399 quod
3030 5342 3066 5379 a
3101 5325 3328 5378 Slullit'la
3355 5338 3453 5376 sua

1905 5426 2133 5481 tenebris
2190 5426 2508 5480 offundatur.
2564 5426 2669 5496 Ego
2722 5438 2852 5480 vero
2903 5418 3002 5486 qui
3052 5414 3247 5469 isthmc
3294 5412 3461 5480 pvobo
