3848 6384
262 336 411 393 1181

1360 334 1845 392 COMMENTARIA
1882 337 1949 391 IN
1984 336 2310 394 PSALMOS.

3242 343 3403 400 ¹118⁵)

253 450 368 500 καὶ
424 449 667 521 τρέφοντι
715 449 1051 520 οὐρανομήκη
1096 449 1250 516 φυτά.
1302 448 1451 501 Οὐτω
1495 449 1538 501 δ’
1581 443 1669 500 οῦν
1708 448 1798 501 καὶ

1906 450 2006 512 alit,
2039 459 2308 505 nascatur.
2361 450 2449 504 Sic
2495 451 2670 520 itaque
2713 450 2913 519 justus,
2944 452 3174 507 infinitos
3225 469 3403 508 secum

247 538 287 587 ὁ
348 541 574 602 δίκαιος,
631 538 847 609 μυρίους
903 539 1032 607 έχων
1076 540 1197 600 τοὺς
1243 538 1309 590 δι’
1354 537 1512 590 αὐτοῦ
1562 537 1651 589 καὶ
1704 540 1799 589 σὺν

250 624 423 695 αὐτῷ
470 626 813 695 σωζομένους,
860 628 994 680 κατά
1026 627 1178 678 τοῦτο
1226 627 1319 695 μὲν
1360 626 1423 679 ἂν
1461 627 1698 696 ἐμφερὴς
1732 628 1795 697 τῇ

251 714 480 784 κέδρῳ,
532 715 609 786 τῷ
661 716 714 768 δὲ
758 717 950 783 φοίνικι
982 716 1115 768 κατά
1153 716 1219 768 τὰ
1250 715 1416 778 ἄλλως
1448 715 1795 785 δεδηλωμένα.

265 803 425 854 Ἀλλ’
453 805 513 857 οὐ
539 804 759 857 τοιοῦτοι
779 802 910 873 ἦσαν
927 805 973 855 oi
1003 803 1228 865 ἀσεϐεῖς,
1246 804 1293 854 οἱ
1312 803 1437 854 ὡσεὶ
1467 804 1651 872 χόρτος
1673 802 1799 854 ἀνα-

248 892 551 957 τέλλοντες
602 896 690 946 καὶ
720 895 1043 963 παραχρῆμα
1088 893 1475 961 ἀφανιζόμενοι.
1510 897 1799 959 H859th-

242 978 445 1045 μένοι
478 983 548 1033 ἐν
596 981 671 1045 τῷ
721 982 859 1045 οἴκῳ
884 980 986 1033 τοῦ
1022 981 1186 1043 Θεοῦ,
1226 981 1292 1032 ἐν
1323 981 1447 1045 ταῖς
1469 979 1673 1041 αὐλαῖς
1696 977 1800 1029 τοῦ

255 1067 429 1121 Θεοῦ
489 1069 652 1136 ἡμῶν
703 1067 1116 1131 ἐξανθήσουσι.
1172 1068 1394 1130 Σπάνιος
1436 1068 1529 1137 μὲν
1567 1069 1595 1119 ό
1624 1067 1802 1136 ἄκρως

252 1156 501 1219 τέλειος,
524 1160 551 1210 ό
576 1158 875 1219 καὶδίκαιος
897 1157 1284 1226 ὠνομασμένος,
1316 1157 1507 1224 φοίνικι
1528 1156 1615 1207 καὶ⁵
1635 1155 1802 1225 κέδρῳ

255 1245 758 1315 παραϐεϐλημένος
776 1262 789 1276 ’
814 1248 930 1297 ἐπεὶ
957 1246 1011 1297 δὲ
1038 1246 1111 1314 μὴ
1139 1245 1330 1307 πάντες
1352 1232 1592 1307 τοὶοῦτοι,
1615 1243 1798 1308 ίστέον,

253 1332 357 1384 ὅτι
398 1335 494 1385 καὶ
517 1334 619 1385 τῶν
648 1332 1018 1403 ἀτελεστέρων,
1053 1333 1185 1400 πλὴν
1216 1332 1345 1383 ἀλλά
1367 1331 1463 1399 τῆς
1497 1332 1553 1382 ὲν
1575 1330 1649 1399 τῷ
1673 1332 1802 1398 οῖκῳ

252 1421 371 1472 τοῦ
396 1421 530 1472 Θεοῦ
558 1422 772 1489 φυτείας
802 1420 1129 1488 ἠξιωμένων,
1157 1420 1266 1470 ἔστι
1298 1437 1347 1470 τι
1379 1418 1576 1485 ἀγαθὸν
1617 1418 1766 1480 τέλος
1784 1434 1797 1449 ο

254 1511 329 1559 ὲν
367 1510 500 1577 γοῦν
542 1513 657 1571 ταῖς
710 1509 892 1571 αὐλαῖς
931 1508 1020 1560 τοῦ
1069 1508 1198 1559 Θεοῦ
1240 1508 1392 1576 ἡμῶν
1442 1507 1799 1575 ὲξανθήσουσι.

252 1600 516 1669 Νοήσεις
542 1600 595 1650 δὲ
627 1598 883 1650 καὶτοῦτο
902 1592 1043 1648 οἶκον
1077 1596 1242 1664 μέγαν
1264 1597 1458 1664 Κυρίου
1482 1596 1686 1648 ἀκούων
1710 1596 1805 1665 τὴν

1894 539 2094 594 habens
2121 545 2210 610 qui
2244 541 2409 609 ipsius
2451 555 2609 608 opera
2639 541 2861 593 salutem
2916 551 3305 611 assequuntur,
3343 559 3403 597 ea

1893 630 2104 697 quidem
2160 630 2362 683 ratione
2404 632 2563 683 cedro
2608 630 3028 699 comparandus,
3082 635 3184 687 alia
3230 642 3405 688 autem

1894 720 2039 787 prius
2070 720 2363 781 enuntiata,
2390 720 2596 787 palmae.
2650 719 2717 772 At
2747 735 2851 772 non
2906 720 3207 787 huiusmodi
3254 730 3409 777 erant

1895 808 2060 876 impii,
2093 809 2202 876 qui,
2226 816 2473 876 tanquam
2504 807 2679 861 fenum
2708 809 2899 871 exorti,
2927 825 3046 864 mox
3072 810 3227 864 deleti
3259 821 3407 866 sunt.

1897 896 2127 950 Plantati
2160 898 2211 949 in
2241 898 2388 950 domo
2410 896 2525 960 Dei,
2564 899 2616 949 in
2648 900 2795 951 atriis
2823 897 2918 951 Dei
2939 900 3103 951 nostri
3131 901 3405 965 ﬂorebunt.

1897 989 2148 1041 Perrarus
2176 986 2384 1056 quidem
2416 994 2528 1049 est,
2559 988 2648 1054 qui
2680 986 2744 1039 ad
2777 1003 3037 1041 summum
3071 988 3411 1057 perfectionis

1896 1076 2179 1136 devenerit,
2210 1076 2296 1143 qui
2326 1082 2377 1128 et
2401 1077 2577 1144 justus
2609 1082 2827 1129 vocatur
2847 1114 2862 1138 ,
2906 1077 3196 1145 palmaeque
3238 1092 3300 1130 ac
3323 1092 3412 1131 ce-

1896 1166 1993 1218 dro
2038 1164 2327 1218 confertur.
2398 1164 2499 1217 Sed
2551 1164 2675 1232 quia
2726 1180 2831 1217 non
2875 1179 3059 1218 omnes
3105 1163 3411 1232 bujusmodi

1898 1259 2040 1316 sunt,
2065 1252 2332 1305 sciendum
2364 1257 2464 1312 est,
2492 1251 2648 1304 etiam
2693 1250 3185 1318 imperfectioribus.
3208 1253 3297 1319 qui
3333 1260 3411 1304 ta-

1896 1355 2015 1393 men
2043 1340 2131 1392 illa
2168 1340 2219 1392 in
2253 1339 2408 1393 domo
2439 1339 2531 1392 Dei
2571 1339 2893 1407 plantatione
2922 1338 3122 1407 dignati
3176 1338 3411 1402 fuerint,

1896 1429 2092 1483 bonum
2132 1428 2409 1496 quemdam
2461 1428 2614 1480 finem
2656 1429 2943 1495 repositum
2986 1444 3104 1482 esse
3139 1445 3151 1479 :
3205 1444 3324 1481 nam
3359 1430 3412 1482 in

1899 1515 2046 1569 atriis
2076 1514 2264 1568 domus
2311 1513 2401 1567 Dei
2447 1514 2616 1567 nostri
2659 1511 2935 1567 florebunt.
2970 1513 3025 1567 Id
3058 1530 3182 1568 vero
3218 1515 3413 1569 intelli-

1894 1616 2012 1670 gas,
2043 1601 2085 1655 si
2112 1616 2206 1669 pro
2232 1614 2419 1669 magna
2442 1601 2595 1653 domo
2618 1599 2844 1661 Domini,
2874 1601 3161 1656 Ecclesiam
3200 1603 3316 1670 ejus
3357 1602 3413 1657 in

269 1689 617 1759 Ἐκκλησίαν
660 1685 837 1746 αὐτοῦ,
886 1685 982 1754 τὴν
1010 1686 1097 1735 ἐπὶ
1133 1685 1250 1753 γῆς,
1286 1685 1419 1737 κατά
1443 1685 1529 1737 τὸν
1567 1686 1804 1754 φήσαντα

1906 1697 2039 1743 terra
2069 1691 2223 1743 sitam
2247 1688 2475 1757 accipias
2503 1689 2793 1742 secundum
2819 1688 3152 1762 Apostolum,
3196 1691 3286 1758 qui
3316 1690 3410 1753 ait,

269 1778 638 1829 Ἀπόστολον·
676 1777 795 1828 Ἵνα
818 1775 949 1839 ἴδῃς
972 1772 1094 1837 πῶς
1121 1774 1212 1825 δεῖ
1236 1774 1303 1825 ἐν
1322 1775 1459 1835 οτκῳ
1498 1774 1637 1826 Θεοῦ
1665 1774 1805 1826 ἀνα-

1910 1778 1975 1832 Ut
2012 1778 2180 1832 videas
2209 1778 2456 1846 quomodo
2483 1788 2707 1846 oporteat
2728 1779 2781 1831 in
2811 1778 2960 1831 domo
2981 1779 3077 1833 Dei
3104 1781 3413 1844 conversari,

257 1864 659 1931 στρέφεσθαι,
682 1862 808 1928 ἥτις
840 1862 1005 1914 ἐστὶν
1042 1862 1353 1922 Ἐκκλησία
1389 1861 1529 1914 Θεοῦ
1563 1860 1766 1927 ζῶντος
1787 1878 1802 1895 ο

257 1951 716 2021 πεφυτευμένους
768 1951 821 2002 δὲ
851 1953 907 2001 ὲν
957 1951 1123 2020 ταύτῃ
1161 1951 1281 2011 τούς
1306 1950 1399 2011 τὰς
1430 1948 1596 2019 ἀρχάς
1625 1953 1719 2019 τῆς
1751 1952 1806 2003 ὲν

261 2036 565 2109 θεοσεϐείᾳ
617 2040 886 2109 προκοπῆς
928 2037 1168 2089 ἐντεῦθεν
1204 2038 1500 2108 εἰληφότας,
1526 2034 1621 2090 οἶοι
1649 2035 1803 2107 ἦσαν,

256 2126 369 2189 οὓς
432 2126 716 2193 ἐφύτευσεν
760 2127 787 2177 ό
835 2122 1054 2186 Παῦλος,
1085 2122 1256 2185 διὀὐς
1291 2125 1381 2175 καὶ
1431 2124 1628 2190 ἔλεγεν,
1673 2124 1807 2192 Ἐγὼ

257 2215 604 2283 ἐφύτευσα,
648 2212 932 2276 Ἀπολλὼς
966 2213 1256 2274 ἐπότισεν,
1286 2212 1418 2264 ἀλλ’
1455 2216 1487 2264 ὁ
1528 2212 1667 2277 Θεὸς
1705 2212 1808 2278 ηὔ-

261 2305 489 2368 ξανεν.
510 2297 663 2355 Οὗτοι
677 2298 765 2354 οῦν
785 2302 832 2352 οἱ
845 2302 900 2352 ἐν
917 2302 979 2368 τῇ
998 2299 1248 2369 περιγείῳ
1273 2300 1555 2369 Ἐκκλησία
1577 2299 1665 2351 τοῦ
1678 2300 1805 2351 Θεοῦ

262 2390 677 2460 πεφυτευμένοι
702 2390 851 2451 ἄνθος
887 2388 1239 2442 ἀποδώσουσιν
1264 2388 1453 2449 εὐῶδες
1486 2389 1576 2440 καὶ
1596 2388 1807 2457 γόνιμον

261 2484 372 2535 καὶ
403 2481 515 2534 τῶν
547 2479 757 2531 τελείων
783 2479 998 2546 καρπῶν
1013 2478 1261 2540 οίστικὸν,
1283 2478 1338 2529 ὲν
1362 2480 1476 2540 ταῖς
1507 2477 1689 2538 αὐλαῖς
1717 2474 1806 2528 τοῦ

260 2570 419 2627 Θεοῦ
454 2570 608 2640 ἡμῶν
640 2566 1130 2638 μεταφυτευθέντες,
1157 2566 1423 2618 τουτέστιν
1439 2567 1493 2619 ὲν
1509 2568 1624 2628 ταῖς
1649 2567 1806 2616 ἐπου-

265 2664 491 2733 ρανίοις
534 2662 716 2729 μοναῖς
737 2676 749 2689 ·
799 2657 921 2724 εἴγε
955 2656 1135 2709 πολλαὶ
1179 2655 1326 2725 παρά
1365 2655 1439 2725 τῷ
1469 2655 1659 2724 Πατρὶ,
1686 2652 1807 2705 ἔνθα

262 2752 401 2803 κατ’
461 2749 614 2812 ἀξίαν
662 2744 1087 2816 διαμερισθέντες
1129 2744 1175 2794 oi
1216 2742 1307 2795 νῦν
1346 2744 1401 2794 ὲν
1436 2742 1517 2817 τῷ,
1556 2742 1685 2810 οἴκῳ
1714 2738 1805 2791 τοῦ

263 2837 423 2889 Θεοῦ
487 2834 889 2905 πεφυτευμένοι,
928 2831 1063 2885 κατά
1107 2830 1291 2899 καιρὸν
1343 2831 1429 2884 τὸν
1476 2832 1808 2901 προσήκοντα

263 2926 691 2994 ὲξανθήσουσιν.

349 3038 486 3088 Ἔτι
538 3031 1048 3101 πληθυνθήσονται
1103 3032 1170 3085 ἐν
1208 3032 1358 3100 γήρᾳ
1389 3032 1567 3095 πίονι,
1600 3034 1696 3087 καί
1720 3035 1808 3087 εὐ-
1833 3070 1873 3127 C

265 3125 621 3187 παθοῦντες
662 3126 915 3183 ἔσονται,
958 3122 1061 3174 τοῦ
1107 3122 1457 3190 ἀναγγεῖλαι,
1510 3123 1596 3175 ὅτι
1634 3124 1809 3191 εὺθὴς

262 3216 507 3280 Κύριος
538 3214 570 3262 ό
603 3210 740 3274 Θεὸς
784 3210 964 3277 ἡμῶν,
1016 3209 1111 3262 καὶ
1156 3211 1262 3263 οὐκ
1314 3210 1478 3263 ἐστιν
1526 3211 1717 3265 ἀδικία
1746 3214 1812 3265 ἐν

263 3305 474 3368 αὐτῷ.
526 3300 602 3356 Οὐ
654 3302 805 3371 μόνον
848 3303 1027 3372 φησὶν,
1060 3303 1137 3354 ὅτι
1185 3302 1555 3372 ἐξανθήσουσιν
1603 3306 1660 3357 ὲν
1695 3308 1812 3368 ταῖς

264 3396 480 3455 αὐλαῖς
500 3392 591 3443 τοῦ
616 3391 746 3444 Θεοῦ
773 3392 819 3443 οἱ
848 3393 1075 3461 σήμερον
1106 3393 1160 3443 ὲν
1192 3392 1267 3461 τῷ
1298 3392 1425 3460 οἴκῳ
1461 3394 1616 3446 αὐτοῦ
1648 3412 1813 3463 πεφυ-

263 3503 371 3539 τευ
383 3482 561 3552 μένοι,
613 3480 741 3532 ἀλλὰ
786 3481 876 3533 καὶ
917 3481 1065 3533 αὐτοὶ
1110 3480 1579 3551 πληθυνθήσονται,
1632 3482 1814 3555 ὥσπερ

268 3571 591 3640 ἀνωτέρωὴ
611 3569 790 3638 κέδρος
803 3572 835 3637 ἡ
861 3571 916 3620 ἐν
930 3569 1004 3638 τῷ
1020 3568 1227 3635 Λιϐάνῳ
1242 3569 1575 3639 ἐπληθύνετο.
1606 3572 1736 3623 Πότε
1755 3572 1810 3624 δὲ

268 3663 451 3717 τοῦτο
479 3659 657 3720 αὐτοῖς
690 3657 854 3719 ἔσται,
874 3657 1028 3727 ἀλλ’ἢ
1046 3660 1101 3710 ὲν
1114 3659 1187 3726 τῷ
1206 3659 1272 3726 γή
1281 3675 1345 3728 ρα
1360 3659 1433 3728 τῷ
1451 3659 1586 3711 πίονι
1606 3675 1620 3722 ;
1638 3659 1813 3728 Γῆρας

269 3752 333 3805 δὲ
374 3746 613 3801 ἐνταῦθα
638 3745 731 3814 τὴν
776 3745 1041 3799 τελείωσιν
1064 3746 1284 3799 πέπεισο
1324 3747 1563 3814 λέγεσθαι
1597 3748 1693 3815 τῆς
1719 3748 1815 3816 ψυ-

272 3843 414 3913 χῆς,
450 3841 508 3889 έν
541 3831 865 3908 ᾖγενόμενοι
918 3836 1267 3898 εὐπαθοῦντες
1324 3836 1531 3889 ἔσονται
1572 3838 1619 3888 oi
1642 3837 1732 3890 νῦν
1758 3839 1814 3889 ὲν

269 3931 360 3999 τῷ
404 3927 539 3994 οἴκῳ
582 3925 779 3994 Κυρίου
817 3925 1215 3993 πεφυτευμένοι.
1253 3924 1313 3976 El
1345 3925 1451 3995 γὰρ
1484 3926 1576 3979 καὶ
1620 3925 1685 3977 τά
1712 3926 1814 3995 μά-

268 4020 448 4072 λιστα
503 4013 640 4066 κατά
688 4013 775 4064 τὸν
833 4013 1063 4081 παρόντα
1088 4013 1290 4084 καιρὸν,
1341 4016 1396 4065 ἐν
1427 4008 1469 4080 ᾧ
1513 4013 1815 4080 φυτεύονται

274 4111 341 4162 ὲν
376 4106 459 4175 τῷ
482 4106 613 4172 οῐκῳ
649 4102 846 4171 Κυρίου
894 4101 1314 4164 κακοπαθοῦντες
1354 4101 1661 4167 διατελοῦσι,
1696 4103 1816 4160 τοὺς

273 4196 540 4269 πρώτους
593 4191 688 4259 τῆς
737 4190 998 4259 γεωργίας
1046 4192 1232 4254 πόνους
1284 4192 1628 4261 ὑπομένοντες
1649 4207 1662 4221 ·
1705 4191 1814 4243 ἀλλ’

274 4284 430 4340 ἐπὰν
460 4279 556 4332 τοῦ
582 4280 759 4347 γήρως
792 4277 883 4329 τοῦ
909 4279 1082 4341 πίονος
1129 4279 1440 4343 ἀξιωθῶσιν,
1473 4279 1817 4342 εὐπαθοῦντες

1905 1884 2016 1937 qua:
2038 1877 2112 1921 est
2139 1866 2365 1919 Ecclesia
2387 1866 2481 1920 Dei
2506 1868 2708 1919 viventis
2739 1867 2816 1931 “;
2852 1878 2904 1921 et
2933 1868 2976 1922 si
3000 1883 3096 1937 pro
3119 1868 3224 1921 illis
3250 1868 3338 1936 qui
3360 1868 3413 1920 in

1906 1972 1966 2013 ea
1992 1957 2211 2026 plantati
2240 1964 2382 2019 sunt,
2410 1970 2501 2009 eos
2529 1957 2618 2024 qui
2642 1956 2911 2024 profectus
2941 1956 2993 2008 in
3018 1956 3269 2024 religione
3304 1955 3416 2023 pri-

1907 2044 2108 2097 mordia
2154 2044 2204 2095 in
2244 2042 2329 2095 illa
2378 2051 2726 2110 acceperunt:
2774 2043 2957 2109 quales
3002 2044 3037 2095 ii
3081 2050 3233 2096 erant
3281 2057 3416 2112 quos

1907 2132 2159 2201 plantavit
2185 2130 2398 2196 Paulus,
2427 2140 2754 2202 quorumque
2780 2150 2939 2188 causa
2966 2136 3118 2202 dixit,
3146 2135 3248 2205 Ego
3267 2136 3420 2203 plan-

1910 2221 2031 2281 laci,
2054 2220 2235 2287 Apollo
2263 2222 2480 2290 rigavit;
2518 2223 2605 2275 sed
2629 2224 2765 2275 Deus
2800 2224 3158 2276 incrementum
3196 2223 3330 2275 dedit
3350 2225 3414 2277 ".

1908 2307 1973 2361 Ili
1997 2309 2171 2377 itaque
2194 2310 2283 2377 qui
2314 2311 2367 2362 in
2391 2318 2601 2364 terrena
2632 2310 2722 2365 Dei
2753 2311 2986 2366 Ecclesia
3023 2312 3241 2380 plantati
3270 2318 3415 2374 sunt,

1908 2397 2085 2452 ﬂorem
2104 2400 2340 2453 emittent
2388 2400 2565 2456 suavis
2598 2401 2776 2455 odoris
2810 2416 2871 2454 ac
2905 2416 3214 2471 generosum
3248 2400 3419 2469 perfe-

1907 2495 2215 2557 ctorumque
2244 2488 2510 2543 fructuum
2538 2490 2796 2555 feracem;
2835 2492 2888 2544 in
2921 2493 3067 2545 atriis
3090 2491 3180 2545 Dei
3210 2492 3378 2546 nostri
3397 2530 3414 2555 ,

1908 2575 1961 2629 id
1990 2577 2173 2642 estbin
2221 2577 2524 2632 caelestibus
2580 2579 2943 2633 mansionibus
2995 2580 3413 2647 transplantati:

1908 2667 2166 2735 siquidem
2203 2668 2380 2721 multae
2424 2675 2549 2721 sunt
2573 2669 2881 2723 mansiones
2910 2669 3046 2738 apud
3072 2669 3301 2735 Patrem,
3326 2673 3419 2726 ubi

1909 2771 2007 2825 pro
2037 2757 2225 2811 merito
2257 2757 2527 2811 distributi
2555 2757 2645 2825 qui
2678 2757 2782 2826 iam
2812 2758 2867 2811 in
2895 2758 3054 2812 domo
3075 2757 3166 2811 Dei
3196 2759 3419 2828 plantati

1908 2852 2051 2910 sunt,
2074 2848 2382 2915 congruenti
2406 2856 2639 2916 tempore
2664 2847 2944 2902 ﬂorebunt.
3424 2846 3427 2852 ’

1975 3034 2133 3089 Vnus.
2166 3036 2251 3099 15,
2283 3035 2366 3089 l6.
2395 3034 2573 3088 Adhuc
2606 3035 3077 3103 multiplicabuntur
3097 3039 3147 3091 in
3172 3046 3423 3092 senectute

1904 3122 2099 3191 pingui,
2145 3131 2192 3175 et
2234 3121 2364 3175 bona
2407 3124 2693 3189 accipient;'
2724 3131 2780 3174 ut
2818 3126 3144 3187 annuntient,
3182 3126 3422 3193 quoniam

1906 3221 2069 3263 rectus
2093 3210 2335 3263 Dominus
2362 3210 2497 3263 Deus
2524 3221 2714 3274 noster,
2739 3219 2787 3265 et
2829 3230 2929 3265 non
2956 3223 3032 3267 est
3073 3214 3318 3281 iniquitas
3364 3216 3420 3266 in

1905 3315 1981 3353 eo.
2022 3299 2135 3352 Non
2163 3301 2331 3354 solum
2366 3301 2416 3353 id
2446 3300 2551 3365 ait,
2601 3302 2654 3353 in
2710 3302 2858 3355 atriis
2890 3301 2982 3357 Dei
3022 3302 3283 3356 ﬂorebunt
3328 3306 3420 3373 qui

1906 3387 2062 3442 bodic
2090 3388 2145 3440 in
2169 3388 2324 3441 domo
2352 3388 2467 3455 ejus
2497 3388 2714 3455 plantati
2743 3395 2902 3453 sunt;
2936 3389 3029 3443 sed
3070 3398 3121 3443 et
3158 3390 3258 3458 ipsi
3288 3392 3422 3443 mul-

1906 3475 2303 3545 tiplicabuntur,
2334 3477 2471 3530 sicut
2496 3475 2706 3538 cedrus,
2736 3492 2853 3545 qua:
2880 3478 2933 3530 in
2966 3478 3165 3532 Libano
3197 3487 3297 3540 est,
3330 3493 3422 3533 su-

1906 3580 2001 3636 pra
2049 3565 2388 3634 multiplicari
2438 3564 2729 3620 dicebatur.
2782 3565 3127 3631 Quandonam
3182 3567 3235 3620 id
3290 3568 3422 3636 ipsis

1909 3657 2131 3720 eveniet,
2154 3656 2255 3709 nisi
2286 3655 2338 3708 in
2370 3662 2637 3711 senectute
2663 3656 2882 3724 pingui?
2902 3655 2999 3709 llic
3029 3670 3155 3709 vero
3176 3663 3422 3711 senectu-

1909 3752 2013 3800 tem
2043 3760 2137 3812 pro
2165 3745 2624 3799 consummatione
2646 3744 2834 3797 animae
2861 3744 2965 3797 dici
2993 3759 3304 3812 persuasum
3326 3745 3423 3797 ba-

1909 3836 2053 3898 beas,
2068 3836 2118 3888 in
2136 3850 2237 3904 qua
2260 3836 2528 3889 constituti
2549 3836 2701 3890 bonis
2715 3834 2972 3895 fruentur,
2987 3836 3073 3903 qui
3092 3852 3231 3889 nunc
3265 3836 3315 3889 in
3330 3835 3426 3889 do-

1909 3940 1996 3979 mo
2014 3924 2217 3978 Domini
2235 3925 2453 3993 plantati
2472 3932 2613 3978 sunt.
2632 3924 2759 3977 Nam
2783 3925 2826 3977 si
2844 3924 2951 3991 jam
2972 3924 3024 3976 in
3050 3924 3205 3979 domo
3218 3924 3424 3979 Domini

1910 4013 2148 4081 plantati,
2176 4013 2311 4065 mala
2364 4012 2621 4081 patientes
2671 4021 3029 4080 perseverant,
3060 4011 3246 4079 primis
3279 4012 3422 4081 agri-

1911 4102 2130 4155 culturae
2158 4102 2425 4157 laboribus
2452 4102 2713 4166 afllictati;
2741 4102 2830 4155 sed
2860 4116 2980 4156 cum
3011 4110 3279 4155 senectute
3307 4101 3424 4167 pin-

1910 4191 1996 4261 gui
2035 4191 2213 4244 donati
2249 4189 2462 4253 fuerint,
2489 4190 2643 4245 bonis
2677 4189 2937 4253 fruentur,
2960 4203 3021 4243 ac
3052 4188 3284 4257 requiem
3324 4202 3425 4241 na-

1911 4280 2002 4342 cti,
2030 4279 2265 4331 laborum
2305 4279 2755 4346 certaminumque
2795 4278 3009 4346 praemia
3037 4276 3308 4340 referent,
3361 4290 3425 4330 ac

272 4374 604 4445 γενήσονται
624 4369 1008 4437 ἀναπαυόμενοι
1032 4369 1136 4420 τῶν
1162 4372 1413 4439 καμάτων
1439 4370 1646 4423 καὶτῶν
1673 4370 1809 4438 ἀγώ-

1912 4367 2317 4431 confitebuntur,
2344 4368 2597 4433 Quoniam
2618 4375 2781 4420 rectus
2809 4365 3055 4419 Dominus
3078 4364 3211 4420 Deus
3232 4372 3422 4427 noster,

273 4480 394 4520 νων
453 4459 522 4510 τὰ
566 4457 766 4508 ἔπαθλα
815 4456 1234 4525 ἀποληψόμενον
1289 4458 1697 4529 Ὀμολογήσουσί
1737 4477 1814 4525 τε,

277 4555 422 4605 Ὀτι
452 4546 635 4612 εὐθηὴς
659 4547 866 4611 Κύριος
898 4548 929 4596 ὁ
958 4544 1097 4610 Θεὸς
1139 4546 1322 4613 ἡμῶν,
1366 4549 1461 4601 καὶ
1497 4551 1604 4601 οὐκ
1654 4548 1818 4601 ἔστιν

276 4641 489 4697 ἀδικία
517 4639 585 4689 ἐν
604 4635 777 4699 αὐτῷ.
802 4637 861 4687 El
884 4635 989 4706 γὰρ
1014 4636 1087 4705 μὴ
1102 4636 1167 4687 τά
1191 4637 1630 4707 κατηριθμημένα
1644 4638 1817 4705 ἀγαθά

277 4726 482 4798 ἔμελλε
523 4723 845 4790 διαδέχεσθαι
886 4724 1009 4784 τοὺς
1054 4722 1128 4791 τῷ
1157 4722 1271 4791 Θεῷ
1306 4726 1698 4794 ἀνακειμένους,
1727 4726 1817 4778 καὶ

279 4820 332 4869 εί
374 4815 451 4885 μὴ
478 4813 540 4865 τὸ
563 4812 795 4881 ὀλέθριον
826 4812 971 4873 τέλος
1015 4812 1294 4881 περιέμενε
1343 4814 1464 4875 τοὺς
1494 4815 1698 4877 ἀσεϐεῖς
1725 4815 1816 4867 καὶ

278 4886 413 4968 τοὺς
453 4901 843 4973 ἐργαζομένους
891 4900 985 4969 τὴν
1016 4903 1254 4971 ἀνομίαν,
1282 4897 1346 4969 ἦν
1365 4902 1429 4952 ἂν
1450 4902 1585 4970 τάχα
1610 4905 1815 4957 ἀδικίαν

279 4992 610 5048 ἐπικαλέσαι
668 4991 730 5058 τῇ
780 4987 872 5040 τοῦ
916 4987 1044 5040 Θεοῦ
1088 4989 1323 5059 προνοίᾳ.
1366 4988 1490 5040 Ὅτε
1516 4990 1571 5040 δὲ
1599 4992 1817 5046 τοιαῦτα

279 5086 415 5152 τέλη
475 5080 569 5133 καὶ¹
610 5081 717 5140 τοῖς
766 5078 983 5139 δικαίοις
1026 5078 1354 5147 ἡτοίμασται,
1381 5077 1507 5129 οἵων
1548 5079 1638 5129 καὶ
1663 5082 1817 5150 ἡμεῖς

280 5170 562 5241 εὐχόμεθα
597 5170 773 5236 τυχεῖν
800 5207 814 5231 ,
864 5167 953 5218 καὶ
984 5169 1091 5229 τοῖς
1123 5165 1334 5217 ἀσεϐέσι
1385 5166 1623 5219 τοιαῦται
1664 5172 1817 5238 ὴπει-

280 5262 478 5329 ληνται
502 5254 771 5323 τιμωρίαι,
801 5251 889 5319 ἀφ’
914 5245 985 5303 ὧν
1005 5251 1199 5317 γένοιτο
1218 5250 1360 5316 ἡμᾶς
1382 5250 1641 5318 ῥωσθῆναι⁵
1660 5270 1674 5282 .
1700 5256 1813 5317 πῶς

280 5352 386 5402 οὐκ
416 5343 699 5399 ἀκόλουθον
725 5340 788 5393 ἂν
812 5339 892 5408 εἴη
934 5339 1211 5407 ὁμολογεῖν,
1246 5334 1360 5385 Ὅτι
1391 5337 1574 5403 εὐθὴς
1599 5342 1813 5407 Κύριος

226 5432 233 5491 ὶ
284 5443 320 5493 ό
354 5437 498 5499 Θεὸς
535 5431 717 5500 ἡμῶν,
763 5427 856 5481 καί
903 5430 1007 5480 οὐκ
1048 5426 1210 5478 ἔστιν
1261 5421 1453 5477 ἀδικία
1494 5424 1565 5479 ἐν
1615 5430 1812 5495 αὐτῷ;

246 5622 253 5633 .
360 5590 403 5659 ξι
445 5586 465 5639 ι
497 5585 633 5638 Tim.
673 5597 761 5646 nl,
796 5580 875 5633 15.
947 5580 986 5610 ¹²
1020 5576 1178 5630 ICOI‘.
1217 5586 1314 5635 Ill.
1346 5574 1393 5627 6.

1908 4465 1955 4509 et
1985 4473 2085 4509 non
2116 4466 2190 4510 est
2218 4457 2459 4524 iniquitas
2482 4456 2533 4508 in
2566 4471 2641 4508 eo.
2672 4454 2784 4509 Nisi
2816 4455 2954 4508 enim
2978 4454 3086 4521 jam
3118 4460 3425 4507 enumerata

1909 4545 2046 4599 bona
2087 4561 2179 4601 eos
2218 4547 2306 4613 qui
2336 4544 2443 4597 Deo
2474 4542 2671 4596 addicti
2702 4550 2826 4597 sunt
2874 4551 3161 4609 exceptura
3206 4548 3422 4604 essent,

1908 4644 1960 4690 et
1986 4636 2088 4690 nisi
2112 4636 2305 4704 impios
2332 4642 2383 4689 et
2403 4641 2689 4701 aperantes
2721 4633 3052 4701 iniquitatem
3074 4631 3332 4684 exitiosus
3360 4629 3424 4682 tl-

1908 4726 1993 4779 nis
2036 4731 2301 4787 maneret;
2354 4722 2545 4775 divinae
2580 4721 2926 4775 Providentiae
2965 4720 3242 4787 culpanda:
3290 4718 3428 4772 forte

1907 4827 2068 4867 causa
2093 4813 2349 4866 subesset.
2406 4809 2472 4862 At
2499 4809 2711 4878 quando
2762 4810 2883 4863 finis
2925 4806 3229 4875 bujusmodi
3270 4806 3429 4872 iustis

1906 4908 2121 4971 paratus
2154 4907 2253 4962 est,
2284 4898 2491 4967 qualem
2522 4913 2620 4951 nos
2660 4896 2912 4965 consequi
2964 4902 3336 4962 peroptamus;
3367 4906 3431 4944 ac

1907 4989 2080 5057 impiis
2105 4990 2226 5042 talia
2253 4988 2631 5041 denuntiantur
2672 4986 2929 5055 supplicia
2954 5023 2969 5047 ,
3011 4998 3041 5035 a
3087 4983 3281 5051 quibus
3338 4996 3436 5035 nos

1905 5077 2035 5144 eripi
2072 5076 2382 5143 contingat:
2440 5089 2604 5142 quare
2655 5082 3074 5128 consentaneum
3134 5084 3241 5121 non
3285 5066 3443 5119 fuerit

1906 5165 2164 5229 confiteri,
2196 5164 2449 5230 Quoniam
2493 5173 2658 5216 rectus
2698 5162 2956 5216 Dominus
2986 5156 3136 5207 Deus
3165 5161 3363 5214 noster,
3398 5160 3445 5204 et

1914 5269 2011 5307 non
2038 5263 2111 5306 est
2134 5254 2373 5321 iniquitas
2410 5254 2463 5305 in
2485 5255 2587 5307 eo?
2621 5255 2687 5304 At
2736 5248 3002 5316 insipiens
3037 5244 3166 5295 haec
3208 5256 3313 5293 non
3362 5253 3453 5292 co—

1912 5352 2162 5412 gnoscet,
2192 5355 2289 5393 nec
2318 5341 2506 5394 stultus
2539 5342 2810 5409 intelliget,
2844 5332 2998 5402 quod
3040 5345 3076 5382 a
3111 5327 3338 5381 stultitia
3366 5341 3463 5378 sua

1915 5431 2143 5487 tenebris
2201 5430 2518 5484 oll'undatur.
2574 5429 2679 5499 Ego
2733 5442 2862 5483 vero
2912 5421 3012 5489 qui
3062 5417 3257 5472 isthmc
3304 5414 3471 5483 probe
