3848 6376
197 359 346 416 1185
1297 344 1782 404 COMMENTARIA
1823 346 1885 399 IN
1924 345 2249 402 PSALMOS.
3209 351 3338 405 H86

209 465 417 526 πάντας
444 465 589 533 ἡμᾶς
612 463 700 517 ἐπὶ
731 465 826 533 τὴν
853 464 1060 533 χορείαν
1095 463 1335 530 συνάγον,
1358 462 1620 530 ἁναφωνεῖ
1643 462 1728 512 καὶ

1836 459 2032 531 Regnat
2064 475 2220 529 porro
2261 457 2532 520 Dominus,
2556 457 2647 526 qui
2685 456 2799 525 ipsa
2821 456 2924 510 vita
2955 466 3055 521 est,
3085 465 3139 511 et
3167 457 3335 527 ipsum

205 552 356 617 λέγει
375 567 387 580 ·
427 552 488 603 '0
515 555 712 620 Κύριος
741 553 1144 615 ἐϐασίλευσεν,
1170 552 1517 618 εὐπρέπειαν
1541 550 1724 602 ἐνεδύ-

1830 549 1921 604 Dei
1958 549 2206 614 Verbum,
2258 549 2312 602 in
2355 535 2562 600 omnem
2615 547 2867 608 animam,
2899 548 2982 599 cui
3043 562 3150 601 non
3207 549 3333 602 ines'

203 655 378 693 σατο.
408 640 684 694 Βασιλεύει
715 643 770 694 δὲ
802 645 829 695 6
864 643 1078 712 Κύριος,
1119 642 1274 703 αὐτὸς
1302 641 1374 694 ὣν
1408 644 1440 711 ἡ
1469 641 1598 710 ζωὴ,
1637 639 1722 693 καὶ

1829 639 2054 694 amentia
2083 647 2135 692 et
2157 638 2403 700 stultitia,
2426 638 2479 689 in
2509 651 2666 705 quam
2690 650 2796 688 non
2827 643 3012 704 regnat
3041 645 3335 705 peccatum,

201 727 370 790 αὐτὸς
409 727 486 781 ὢν
531 732 558 782 6
601 729 691 782 τοῦ
731 732 859 784 Θεοῦ
891 731 1074 798 Λόγος,
1117 731 1292 800 πάσης
1317 730 1519 799 ψυχῆς.
1563 725 1629 800 ἦς
1657 729 1720 798 μὴ

1831 730 1916 782 cui
1946 743 2050 782 non
2086 728 2308 796 imperat
2330 726 2594 789 diabolus,
2623 725 2707 778 cui
2737 740 2842 778 non
2861 725 3161 778 dominatur
3177 741 3338 788 mors,

199 815 539 870 καθάπτεται
583 818 767 885 ἀλογία
805 819 895 871 καὶ
926 818 1214 888 ἀφροσύνη,
1257 818 1348 870 καὶ
1382 814 1447 888 ἧς
1482 817 1553 887 μὴ
1584 817 1718 885 βασι-

1832 818 2060 885 propriis
2089 818 2231 869 illam
2263 814 2494 870 stimulis
2523 813 2835 868 confodieris
2863 821 2914 867 et
2944 814 3210 868 occidens.
3238 812 3339 866 Sti-

198 902 350 954 λεύει
388 905 646 974 ἁμαρτία,
681 907 771 957 καὶ
794 901 858 975 ἧς
885 907 957 975 μὴ
989 905 1225 974 κρατεῖό
1257 905 1511 967 διάϐολος,
1542 903 1632 955 καὶ
1664 897 1717 972 ἧς

1831 906 2028 958 mulum
2061 919 2222 974 porro
2271 904 2460 958 mortis
2489 912 2767 973 peccatum
2797 918 2914 958 esse
2937 903 3090 956 docet
3119 903 3343 971 Aposto-

196 991 280 1060 μὴ
315 994 762 1046 καταδυναστεύει
811 993 1054 1056 θάνατος,
1086 993 1392 1064 τιτρώσκων
1433 992 1594 1062 αὐτὴν
1638 991 1715 1043 καλ

1829 993 1913 1048 lus
1941 995 2032 1048 "z
2077 1009 2184 1062 quo
2231 994 2447 1048 stimulo
2495 993 2754 1046 occiditur
2807 992 3004 1054 anima,
3056 991 3346 1045 secundum

193 1079 449 1152 ἀναιρῶν
480 1083 566 1136 διὰ
602 1084 704 1135 τῶν
753 1083 890 1134 ἰδίων
928 1083 1176 1152 κέντρων.
1210 1082 1281 1134 Τὸ
1308 1083 1362 1135 δὲ
1395 1082 1610 1150 κέντρον
1635 1078 1712 1130 τοῐ

1831 1084 2158 1152 prophetiam
2188 1098 2304 1151 quae
2332 1085 2406 1135 ait
2444 1101 2460 1138 :
2506 1082 2694 1136 Anima
2751 1097 2864 1151 qua:
2908 1080 3207 1148 peccaverit,
3236 1081 3347 1145 ipsa

193 1168 441 1223 θανάτου
474 1173 568 1241 τὴν
610 1170 873 1239 ἁμαρτίαν
905 1165 1037 1222 εἶναι
1069 1170 1297 1223 διδάσκει
1337 1171 1364 1222 6
1399 1166 1706 1230 Ἀπόστολος

1831 1175 2078 1226 morietur
2101 1174 2166 1226 ".
2197 1172 2371 1237 Quare
2399 1172 2737 1226 adnitendum
2766 1179 2867 1234 est,
2900 1179 2955 1223 ut
2979 1184 3149 1238 neque
3175 1183 3349 1222 amen-

191 1257 265 1308 δι’
297 1255 372 1329 ἦς
401 1261 694 1329 ἀναιρεῖται
724 1259 864 1328 ψυχὴ
898 1259 1033 1312 κατά
1070 1259 1168 1327 τὴν
1195 1258 1496 1326 φάσκουσαν
1524 1273 1710 1327 προφη-

1834 1264 1924 1327 tia,
1946 1277 2116 1331 neque
2165 1271 2457 1331 peccatum,
2486 1277 2658 1331 neque
2701 1261 2960 1322 diabolus,
3008 1272 3180 1327 neque
3206 1271 3349 1312 mors

191 1347 362 1400 τείαν
380 1365 394 1379 ⁸
437 1349 603 1416 Ψυχὴ
631 1349 666 1414 ἡ
693 1349 1125 1416 ἁμαρτάνουσα,
1163 1347 1309 1413 αὐτὴ
1339 1346 1707 1400 ἀποθανεῖται

1832 1367 1926 1421 per
1976 1352 2148 1420 ipsum
2194 1359 2470 1420 peccatum
2500 1351 2554 1404 in
2593 1349 2748 1404 nobis
2779 1349 3112 1414 dominetur;
3143 1348 3235 1404 sed
3261 1364 3349 1402 so-

190 1436 294 1488 Διδ
330 1437 593 1505 ἀσκητέον
623 1437 680 1488 τὸ
702 1439 834 1506 μήτε
863 1436 1099 1502 ἀλογίαν,
1133 1437 1264 1505 μήτε
1285 1435 1565 1505 ἁμαρτίαν,
1597 1437 1709 1505 μήτι

1833 1443 2100 1496 lummodo
2127 1440 2355 1497 Verbum
2387 1451 2441 1495 et
2458 1441 2585 1503 vita,
2615 1440 2668 1493 id
2696 1447 2798 1506 est,
2827 1438 3102 1500 Dominus,
3127 1441 3225 1508 'qui
3257 1452 3350 1507 per

188 1525 290 1578 τὸν
313 1525 578 1587 διάϐολον,
613 1527 742 1595 μήτε
771 1525 859 1576 τὸν
882 1523 1100 1576 θάνατον
1133 1524 1283 1593 ἡμῶν
1316 1525 1401 1576 διὰ
1439 1524 1535 1592 τῆς
1561 1526 1704 1594 ἁμαρ

1832 1547 1987 1586 omne
2010 1531 2264 1584 virtutum
2291 1545 2457 1600 genus
2480 1538 2663 1600 regnat
2685 1531 2738 1583 in
2767 1545 2880 1593 eos,
2909 1529 2999 1598 qui
3030 1529 3147 1597 ejus
3178 1529 3349 1596 impe-

187 1614 329 1676 τίας
364 1617 613 1685 κρατεῖν·
661 1614 812 1683 μόνον
844 1613 898 1664 δὲ
938 1611 1203 1682 κυριεύειν
1251 1612 1403 1682 ἡμῶν
1447 1612 1536 1665 τὸν
1564 1613 1706 1678 Λόγοι

859 1613 898 1664 se
938 1611 1203 1682 κυριεύειν
1251 1612 1403 1682 ἡμῶν
1447 1612 1536 1665 τὸν
1564 1613 1730 1678 Λόγον
1832 1615 1910 1666 rio
1931 1615 2074 1683 digni
2100 1615 2378 1669 habentur.

187 1705 294 1756 καὶ
329 1707 431 1774 τὴν
465 1705 622 1774 ζωὴν,
653 1703 888 1755 τουτέστι
928 1704 1018 1755 τὸν
1058 1703 1272 1774 Κύριον,
1318 1703 1403 1755 διὰ
1436 1702 1612 1770 πάσης
1660 1703 1856 1772 ἀρετῆς
1915 1705 2263 1773 βασιλεύοντα
2313 1704 2420 1757 τῶν
2459 1704 2872 1775 κατηξιωμένων
2912 1705 3008 1774 τῆς
3041 1703 3130 1756 ὑπ’
3185 1699 3350 1754 αὐτοῦ

191 1793 506 1862 βασιλείας.

282 1902 449 1954 Ἐπεὶ
491 1901 545 1953 δὲ
592 1901 792 1971 μέλλων
827 1901 1118 1970 βασιλεύειν
1142 1940 1156 1963 ,
1199 1902 1258 1953 ού
1312 1901 1465 1971 μόνον
1506 1899 1735 1964 ζώντων,
1767 1909 1801 1962 Ε

1905 1897 2037 1963 Quia
2067 1911 2193 1950 vero
2233 1897 2323 1950 Dei
2352 1896 2606 1962 Verbum,
2637 1899 2752 1967 ipse
2801 1898 3058 1954 Dominus
3099 1909 3351 1969 regnatu-

193 1992 342 2045 ἀλλὰ
375 1992 471 2043 καὶ
502 1992 701 2060 νεκρῶν
733 1993 760 2043 6
786 1992 874 2043 τοῦ
908 1991 1037 2043 Θεοῦ
1068 1991 1233 2058 Λόγος
1265 1990 1422 2052 αὐτὸς
1446 1988 1519 2041 ὢν
1555 1991 1582 2040 ό
1623 1987 1712 2040 Κύε

1834 2003 1926 2043 rus
1955 1995 2187 2042 eratnon
2217 1989 2386 2040 solum
2419 1987 2739 2051 viventibus,
2768 1987 2859 2040 sed
2891 1989 3054 2040 etiam
3088 1991 3349 2057 mortuis;

197 2099 343 2152 ριος,
396 2081 490 2133 καὶ
532 2082 590 2132 ού
629 2082 782 2149 μόνον
827 2081 929 2133 τῶν
961 2083 1015 2132 ὲν
1049 2082 1286 2152 οὐρανοῖς
1330 2079 1460 2133 ἀλλά
1510 2080 1601 2132 καὶ
1632 2079 1716 2132 τῶε

1833 2093 1931 2131 nec
1965 2079 2133 2130 solum
2179 2078 2504 2140 caelestibus,
2533 2077 2623 2130 sed
2655 2078 2813 2129 etiam
2862 2080 3109 2139 terrenis,
3143 2087 3200 2132 ut
3239 2081 3352 2149 ipse

195 2170 295 2224 ἐπὶ
332 2171 461 2239 γῆς,
501 2170 679 2233 καθὼς
726 2171 881 2232 αὐτὸς
910 2171 1143 2222 διδάσκει
1169 2171 1356 2237 λέγων,
1405 2169 1606 2235 Ἐδόθη
1642 2186 1714 2236 μο

1835 2167 2070 2221 declarat
2103 2167 2185 2221 his
2214 2167 2387 2220 verbis
2411 2166 2568 2219 :Data
2598 2174 2673 2218 est
2705 2166 2828 2218 mihi
2858 2168 3021 2219 omnis
3044 2177 3270 2234 potestas
3299 2170 3353 2222 in

195 2259 380 2312 πᾶσα
419 2259 662 2321 ἐξουσία
693 2260 761 2310 ἐν
796 2258 1020 2325 οὐρανῷ
1051 2259 1145 2311 καὶ
1183 2259 1276 2310 ἐπὶ
1307 2258 1413 2326 τῆς
1449 2257 1588 2326 γῆς’
1623 2257 1712 2310 ἐκέ

1835 2257 1958 2311 caelo
1989 2265 2035 2310 et
2060 2258 2112 2310 in
2135 2266 2269 2310 terra
2283 2259 2361 2322 ’7;
2393 2257 2508 2310 ideo
2543 2257 2772 2325 seipsum
2801 2257 3094 2311 exinanivit
3127 2259 3352 2312 formam

197 2360 382 2394 νωσεν
436 2343 643 2406 ἑαυτὸν,
695 2346 899 2414 μορφὴν
941 2345 1118 2395 δούλου
1165 2343 1356 2408 λαϐὼν,
1406 2345 1643 2397 τουτέστι
1682 2345 1716 2395 τέ

1833 2348 1977 2401 servi
2014 2347 2298 2415 accipiens,
2321 2347 2372 2400 id
2397 2355 2496 2408 est,
2518 2347 2739 2400 mortale
2769 2361 2962 2414 corpus
2987 2357 3036 2400 et
3065 2347 3352 2400 humanum

198 2433 409 2503 θνητὸν
461 2431 614 2502 σῶμα
667 2432 758 2484 καὶ
807 2431 865 2484 τὸ
921 2431 1246 2500 ἀνθρώπειον
1284 2432 1537 2502 ὅργανον·
1588 2431 1717 2483 τοῦτα

1839 2437 2284 2501 instrumentum;
2334 2450 2456 2489 nam
2522 2435 2750 2504 idipsum
2804 2443 2918 2489 erat
2978 2435 3148 2488 forma
3189 2437 3350 2490 servi.

197 2524 314 2592 γὰρ
369 2518 441 2590 ἦν
474 2523 506 2590 ἡ
543 2519 717 2592 μορφὴ
764 2520 855 2572 τοῦ
907 2520 1118 2572 δούλου’
1150 2521 1265 2573 τότε
1311 2522 1423 2590 μὲν,
1466 2522 1550 2573 ὅτε
1593 2521 1716 2572 ταῦτ

1837 2528 1968 2581 Cum
2001 2534 2176 2579 autem
2200 2525 2310 2578 haec
2341 2533 2537 2595 ageret,
2561 2533 2689 2578 tunc
2717 2524 2955 2578 dedecus
2993 2523 3212 2578 indutus
3236 2532 3352 2592 est;

199 2612 505 2680 ἔπραττεν,
539 2609 833 2678 ἀπρέπειαν
855 2609 1241 2680 περιεϐάλλετο,
1268 2610 1404 2662 ὥστε
1432 2611 1556 2679 περὶ
1584 2609 1718 2661 αὐτοὶ

1840 2614 1910 2666 ita
1945 2621 2004 2666 ut
2041 2613 2107 2667 de
2139 2614 2252 2681 ipso
2282 2612 2524 2666 dicatur:
2560 2612 2787 2664 Vidimus
2831 2628 2965 2675 eum,
3001 2622 3048 2664 et
3077 2629 3177 2665 non
3206 2613 3359 2666 habe-

196 2699 412 2767 λέγειν,
438 2698 684 2766 Εἶδομεν
710 2697 907 2759 αὑτὸν,
935 2699 1028 2750 καὶ
1066 2700 1173 2752 οὐκ
1200 2699 1356 2766 εἶχεν
1385 2695 1566 2762 εἶδος,
1607 2697 1715 2750 οὐδ

1840 2699 1924 2751 bat
1947 2700 2180 2767 speciem,
2211 2715 2366 2768 neque
2402 2699 2872 2767 pulchritudinem;
2897 2698 2983 2752 sed
3011 2708 3124 2752 erat
3165 2701 3359 2767 species

199 2788 443 2852 κάλλος
463 2804 476 2816 ·
516 2789 648 2840 ἀλλ’
678 2783 753 2856 ἦν
771 2787 834 2840 τὸ
859 2783 1012 2852 εἶδος
1035 2787 1215 2840 αὑτοῦ
1233 2787 1434 2855 ἄτιμον
1453 2788 1545 2840 καὶ
1569 2785 1718 2839 sua:

1838 2788 1947 2856 ejus
1995 2788 2322 2849 inhonorata,
2357 2797 2403 2840 et
2431 2788 2669 2856 deﬁciens
2697 2803 2805 2854 pra:
2848 2788 2973 2856 ﬁliis
3003 2789 3264 2842 hominum
3289 2790 3334 2820 “

197 2892 323 2930 πον
355 2876 519 2943 παρὰ
546 2876 684 2942 τοὺς
717 2877 881 2941 υἱοὺς
908 2876 1022 2930 τῶν
1051 2875 1364 2943 ἀνθρώπων
1381 2891 1392 2904 ⁸
1425 2877 1509 2928 ὅτε
1534 2877 1587 2928 δὲ
1615 2877 1716 2928 ἀπο

1840 2876 1973 2929 Cum
1999 2886 2192 2938 autem,
2214 2884 2425 2944 recepta
2440 2891 2522 2938 ea,
2547 2892 2702 2944 quam
2733 2879 2960 2946 primum
2984 2878 3120 2946 apud
3149 2877 3359 2932 Patrem

199 2964 393 3017 λαϐὼν
437 2962 532 3033 τὴν
573 2963 742 3025 δόξαν,
797 2965 860 3033 ἥν
909 2964 1000 3015 καὶ
1045 2963 1297 3033 πρότερον
1339 2958 1446 3031 εἷχε
1489 2961 1636 3031 παρὰ
1670 2963 1718 3028 τί

1841 2965 2116 3027 habuerat,
2145 2965 2331 3034 gloria,
2367 2965 2586 3017 formam
2617 2967 2755 3019 servi
2780 2969 2830 3019 in
2861 2967 3049 3020 melius
3066 2967 3357 3029 transtulit,

202 3053 414 3123 Πατρὶ,
474 3050 567 3120 τὴν
629 3051 720 3102 τοῦ
764 3051 942 3102 δούλου
1001 3051 1206 3121 μορφὴν
1260 3051 1347 3102 ἐπὶ
1405 3051 1463 3102 τὸ
1513 3054 1721 3119 κρεῖττο·

1843 3052 2131 3107 secundum
2161 3052 2407 3121 lApostoli
2454 3053 2815 3106 testimonium
2857 3055 2936 3108 sic
2974 3056 3174 3110 habens
3207 3075 3220 3109 :
3257 3055 3361 3120 Qui

204 3137 675 3210 μετεσχημάτισε,
719 3137 854 3188 κατὰ
897 3136 990 3206 τὴν
1036 3138 1385 3207 ἀποστολικὴν
1432 3137 1723 3208 μαρτυρίαν

1846 3135 2234 3202 transformabit
2285 3151 2465 3202 corpus
2492 3137 2798 3191 humilitatis
2851 3150 3062 3204 nostrae,
3101 3141 3365 3208 conforme

198 3230 234 3301 ἥ
268 3244 474 3299 φησιν,
522 3229 615 3290 Ὃς
655 3226 1146 3293 μετασχηματίσει
1186 3225 1251 3278 τὸ
1291 3226 1456 3294 σῶμα
1493 3226 1599 3292 τῆς
1645 3245 1714 3280 τα

1841 3225 2043 3290 corpori
2092 3224 2271 3292 gloria:
2318 3223 2514 3278 Christi
2541 3227 2607 3288 ”,
2668 3234 2793 3278 tunc
2840 3225 3086 3280 decorem
3140 3228 3356 3281 induit:

201 3317 554 3379 πεινώσεως
581 3313 763 3382 ἡμῶν,
801 3314 1143 3382 σύμμορφον
1173 3313 1249 3378 τῷ
1278 3314 1493 3383 σώματι
1517 3315 1624 3383 τῆς
1650 3315 1720 3367 δό

1839 3313 2050 3383 quando
2077 3313 2284 3382 penitus
2312 3314 2518 3368 sublato
2539 3315 2824 3368 multorum
2853 3316 3131 3368 numinum
3155 3331 3357 3379 errore,

204 3406 317 3473 ξης
362 3403 477 3457 τοῦ
509 3402 790 3469 Χριστοῦ,
839 3402 896 3453 τὸ
940 3401 1231 3470 τηνικαῦτα
1269 3404 1591 3473 εὐπρέπειαν
1634 3405 1715 3455 ὲνε

1842 3411 1891 3458 et
1943 3402 2117 3456 Patris
2160 3417 2402 3472 regnum,
2453 3409 2506 3456 et
2557 3418 2661 3456 non
2705 3403 2862 3456 modo
2906 3405 3225 3470 cmlestium,
3267 3405 3361 3459 sed

202 3497 418 3551 δύσατο
439 3508 453 3522 ·
495 3492 579 3543 ὅτε
609 3491 697 3542 καὶ
727 3493 822 3560 τὴν
863 3490 953 3542 τοῦ
999 3492 1206 3561 Πατρὸς
1235 3490 1520 3558 βασιλείαν,
1562 3493 1652 3546 καὶ
1678 3493 1721 3544 τὲ

1839 3493 1997 3546 etiam
2041 3493 2275 3544 omnium
2330 3507 2424 3558 per
2454 3493 2634 3546 orbem
2687 3493 2920 3560 gentium
2972 3509 3058 3547 res
3112 3495 3358 3548 llrmavit.

205 3588 461 3646 πάντων,
511 3581 570 3633 ού
620 3581 771 3649 μόνον
813 3580 914 3633 τῶν
947 3583 1002 3633 ὲν
1041 3581 1298 3650 οὐρανοῖς,
1339 3581 1469 3634 ἀλλὰ
1505 3582 1595 3633 καὶ
1639 3581 1724 3632 τῶς

1842 3581 2014 3645 Quare
2042 3581 2236 3634 dicitur
2269 3599 2283 3634 :
2315 3580 2563 3633 Dominus
2604 3583 2849 3650 regnavit.
2883 3581 3115 3635 decorem
3152 3583 3361 3636 indutus

207 3677 332 3729 καθ’
371 3672 505 3740 ὅλης
547 3669 640 3738 τῆς
681 3669 992 3739 οἰκουμένης
1036 3669 1197 3721 ὲθνῶν
1245 3671 1532 3740 ἐκράτυνε,
1573 3669 1726 3720 πᾶσαι

1848 3678 1916 3723 est
1937 3685 1955 3721 :
1983 3670 2111 3723 illud
2140 3671 2299 3735 enim,
2332 3669 2541 3723 indutus
2583 3680 2680 3734 est,
2707 3673 2858 3740 quasi
2907 3673 3087 3741 aliquo
3131 3683 3367 3741 tempore

207 3767 306 3836 τὴν
353 3758 615 3814 πολύθεον
661 3757 894 3810 καθελὼν
932 3759 1150 3827 πλάνην.
1203 3759 1289 3810 Διὸ
1334 3757 1599 3810 λέλεκταιο
1633 3761 1726 3811 Κύ.

1856 3759 2084 3814 lecorem
2127 3759 2353 3824 exuerit,
2384 3760 2673 3828 prolertur.
2708 3759 2978 3829 Siquidem
3005 3763 3218 3831 quando
3244 3777 3375 3831 pas--

203 3872 338 3922 ρως
402 3848 794 3901 ἐϐασίλευσεν
818 3883 832 3908 ,
883 3846 1230 3912 εὐπρέπειαν
1287 3846 1637 3898 ἐνεδύσατο·
1689 3848 1722 3898 τέ

1846 3849 2006 3903 sionis
2055 3857 2317 3902 tormenta
2370 3849 2645 3910 sustinuit,
2703 3850 2983 3918 cruciﬁxus
3034 3859 3129 3913 est,
3191 3851 3365 3920 inquit

213 3941 346 4010 γοῦν
386 3935 729 3998 ἐνεδύσατο,
755 3933 827 3995 ὡς
856 3933 993 3985 κατά
1015 3950 1132 3985 τινα
1151 3933 1334 4003 καιρὸν
1355 3931 1732 4001 ἀποδυσάμενοι

1859 3938 2146 4006 lpostolus,
2191 3952 2254 3990 ea:
2306 3938 2609 4004 inﬁrmitate
2631 3939 2706 4003 '°;
2758 3952 2877 3990 cum
2933 3946 3111 3992 autem
3157 3937 3378 3991 devicta-

213 4033 313 4102 τὴν
349 4025 702 4097 εὐπρέπειαν,
753 4022 1022 4074 λέλεκται·
1056 4023 1145 4075 καὶ
1173 4023 1257 4075 ὅτε
1304 4023 1398 4091 μὲν
1429 4020 1657 4089 ὑπέμενε
1682 4019 1732 4072 τέ

1847 4035 2033 4091 morte,
2062 4043 2282 4097 regnum
2310 4028 2364 4080 in
2387 4041 2572 4081 omnes
2591 4027 3022 4095 accepit,rursus
3053 4029 3152 4080 hoc
3181 4027 3366 4095 imple-

216 4117 363 4171 κατὰ
408 4114 471 4166 τὸ
515 4111 698 4176 πάθος,
746 4109 1074 4176 ἐσταυρώθη
1097 4148 1112 4172 ,
1153 4108 1310 4177 φησὶν
1352 4110 1384 4161 ό
1422 4106 1735 4169 Ἀπόστολος,

1860 4133 1954 4172 .um
1987 4125 2067 4172 est
2103 4134 2117 4168 :
2154 4117 2334 4171 Induit
2361 4117 2610 4170 Dominus
2631 4115 2984 4183 fortitudinem
3024 4126 3073 4168 et
3094 4117 3379 4182 pra-cinxit

215 4207 285 4270 ἐξ
322 4200 674 4264 ἀσθενείας-⁸
709 4198 793 4250 ὅτε
829 4198 884 4250 δὲ
927 4196 1216 4266 νενικηκὼς
1238 4198 1328 4249 τὸν
1371 4197 1623 4259 θάνατον,
1653 4196 1734 4264 τὴι

1858 4223 1916 4261 ιε.
1946 4205 2075 4259 Nam
2105 4206 2351 4260 Christus
2371 4206 2462 4260 Dei
2488 4207 2656 4258 virtus
2677 4209 2792 4257 erat
2817 4209 2870 4256 et
2898 4203 2988 4257 Dei
3025 4203 3282 4271 sapientia
3296 4203 3377 4256 ³¹.,

217 4294 367 4347 κατὰ
403 4291 615 4343 πάντων
643 4286 978 4356 ἀπελάμϐανε
1012 4286 1300 4354 βασιλείαν,
1335 4285 1493 4338 πάλιν
1521 4284 1736 4354 ὲπλήροι.

1858 4295 2067 4360 Deinde,
2105 4303 2286 4363 utpote
2315 4295 2526 4363 propria
2557 4293 2773 4345 indutus
2800 4292 2994 4344 virtute
3035 4306 3202 4360 caque
3230 4305 3377 4360 prae--

216 4384 299 4448 τδ,
351 4378 702 4433 Ὲνεδύσατο
730 4378 939 4443 Κύριος
967 4375 1211 4444 δύναμιν
1234 4377 1326 4428 καὶ
1356 4373 1735 4443 περιεζώσατο

1860 4385 2073 4446 :inctus,
2093 4400 2340 4453 magnum
2366 4383 2570 4436 facinus
2591 4380 2914 4450 aggreditur.
2932 4380 3208 4445 Quodnam
3223 4388 3379 4434 esset:

218 4471 461 4543 Χριστὸς
489 4467 592 4536 γάρ
637 4465 767 4518 Θεοῦ
800 4465 1017 4534 δύναμις
1043 4460 1107 4534 ἦν
1148 4465 1236 4516 καὶ
1259 4463 1389 4515 Θεοῦ
1418 4465 1592 4532 σοφία.
1639 4459 1737 4516 Είθ

1861 4472 1999 4535 illud,
2037 4473 2272 4526 declarat
2326 4479 2508 4538 postea
2549 4467 2825 4537 Scriptura
2875 4468 3108 4522 dicens:
3160 4466 3380 4520 Etenim-

220 4562 316 4616 ἆτε
371 4559 474 4628 τὴν
509 4555 710 4608 οἰκείαν
753 4553 973 4624 δύναμιν
1016 4553 1358 4622 ἐνδυσάμενος
1380 4592 1395 4615 ,
1443 4553 1534 4604 καὶ
1579 4551 1739 4623 ταύτῃ

1861 4561 2074 4613 ﬁrmauit
2102 4560 2272 4612 orbem
2300 4569 2469 4620 torrat,
2496 4558 2584 4626 qui
2611 4573 2711 4610 non
2756 4558 3169 4610 commovebitur.
3218 4556 3380 4610 Illam:

221 4647 686 4722 περιζωσάμενος,
727 4643 938 4715 μεγάλῳ
968 4642 1336 4712 κατορθώματι
1368 4643 1550 4695 ἑαυτὸν
1581 4641 1740 4694 ἐπιδί-

1848 4650 2062 4718 quippe,
2091 4663 2213 4702 cum
2233 4654 2436 4699 tantum
2466 4661 2573 4698 non
2605 4648 2661 4698 in
2698 4645 2946 4698 barathra
2993 4645 3200 4712 penitus
3234 4644 3358 4698 ruis-

221 4741 376 4794 δωσι.
411 4739 478 4790 Τί
509 4738 564 4790 δὲ
581 4732 647 4806 ἦν
672 4735 843 4797 τοῦτο,
871 4733 994 4802 ἑξῆς
1016 4735 1044 4785 6
1070 4733 1218 4800 λόγος
1240 4732 1469 4784 διδάσκει
1498 4733 1713 4800 φάσκων
1734 4746 1740 4760 ·

1858 4747 1948 4797 set,
1993 4735 2202 4804 quando
2246 4734 2541 4787 dmmonum
2591 4737 2673 4787 vis
2725 4741 2779 4786 et
2836 4733 3066 4786 eliicacia
3119 4733 3377 4786 omnibus

224 4829 333 4882 Kal
370 4826 480 4895 γὰρ
509 4822 825 4889 ἐστερέωσε
859 4819 969 4887 τὴν
992 4819 1363 4887 οἰκουμένην,
1396 4819 1524 4885 ἥτις
1544 4822 1614 4872 οὐ
1652 4837 1743 4873 σαρ

1848 4823 2179 4890 praevalebat,
2203 4821 2370 4874 erexit
2409 4835 2472 4873 ac
2503 4821 2756 4883 restituit,
2788 4835 2906 4874 cum
2941 4834 3150 4872 omnem
3199 4819 3350 4871 inimi

224 4917 602 4982 λευθήσεται.
640 4909 844 4982 Μικροῦ
891 4909 996 4979 γὰρ
1049 4910 1154 4962 δεῖν
1207 4909 1330 4979 ὃλην
1369 4908 1532 4978 αὐτὴν
1579 4909 1743 4962 διόλου

1849 4927 1963 4964 cam
1988 4920 2040 4966 et
2069 4912 2445 4966 daznioniaeam
2476 4913 2746 4974 virtutem,
2769 4919 2821 4964 et
2860 4911 3144 4962 multorum
3193 4909 3367 4961 numi-

225 5009 370 5063 κατὰ
402 5004 687 5077 βαράθρων
716 5001 1031 5070 ἐνεχθεῖσαν,
1077 5002 1306 5070 ὁπηνίκα
1341 5000 1410 5055 τά
1443 5001 1541 5070 τῆς
1569 5002 1744 5070 δαιμο-

1851 5014 1975 5052 num
2003 5014 2238 5053 errorem
2279 4999 2575 5051 evertisset.
2626 4996 2703 5048 Ita
2733 4997 2872 5048 enim
2927 4993 3161 5046 ﬁrmavit
3187 4994 3370 5046 orbem

224 5094 384 5162 νικῆς
412 5089 684 5160 ἐνεργείας
713 5087 851 5140 κατὰ
889 5089 1098 5140 πάντων
1137 5089 1328 5157 ἴσχυεν,
1372 5089 1619 5159 ἀνήγειρε
1659 5092 1743 5142 καὶ

1854 5096 2022 5150 terras,
2056 5096 2114 5141 ut
2137 5102 2305 5155 neque
2341 5102 2370 5138 a
2398 5088 2591 5154 pietate
2617 5101 2739 5156 erga
2762 5085 2926 5138 Deum
2959 5082 3324 5134 dimoveretur
3359 5099 3373 5133 :

223 5177 594 5248 διωρθώσατο,
618 5176 790 5227 πᾶσαν
820 5174 914 5244 τὴν
948 5174 1138 5243 ἐχθρὰν
1164 5174 1255 5226 καὶ
1275 5174 1580 5243 δαιμονικὴν
1607 5175 1742 5228 δύνα-

1856 5175 2138 5230 Ecclesiam
2173 5192 2298 5229 vero
2325 5177 2512 5243 ipsius,
2541 5191 2658 5243 qua:
2683 5189 2843 5242 supra
2892 5182 3095 5239 petram
3125 5167 3375 5220 fundatur

229 5286 344 5338 μιν,
383 5270 482 5336 τήν
509 5282 568 5317 τε
602 5263 850 5316 πολύθεον
880 5262 1078 5332 πλάνην
1106 5263 1416 5332 ἀνατρέψας.
1450 5262 1600 5316 Οὕτω
1627 5264 1748 5330 γοῦν

1866 5275 1901 5319 ξι
1941 5266 2197 5320 adversus
2226 5281 2380 5334 quam
2421 5275 2586 5333 portae
2632 5265 2787 5317 inferi
2839 5258 2948 5314 non
2994 5255 3385 5325 prmvalebuut,

227 5357 526 5427 ἐστερέωσε
572 5354 668 5424 τὴν
717 5353 1058 5422 οἰκουμένην,
1105 5353 1180 5414 ὡς
1230 5351 1411 5422 μηκέτ’
1457 5351 1621 5422 αὐτὴν
1659 5371 1746 5406 σα-

1870 5357 1939 5409 iic
1981 5371 2075 5424 per
2126 5356 2304 5408 urbem
2333 5363 2490 5408 terra:
2517 5356 2825 5416 indicatam,
2859 5350 2935 5401 ita
2965 5347 3242 5398 ﬁrmatam
3279 5355 3389 5396 esse

300 5530 348 5560 "
380 5530 399 5582 l
432 5528 557 5583 Cor.
591 5541 680 5587 xv,
715 5523 799 5578 56.
836 5522 923 5592 7"_
951 5522 1140 5576 Ezech.
1173 5536 1325 5592 xviii,
1359 5520 1447 5576 20.
1520 5521 1565 5552 "’
1603 5520 1790 5583 Matth.
1857 5540 2053 5592 xxvm,
2115 5526 2195 5580 l8.
2290 5527 2332 5558 ³⁸
2373 5526 2473 5581 lsa.
2510 5541 2633 5591 Llll,
2662 5524 2716 5577 ‘2.
2808 5521 2854 5554 ²⁹
2893 5517 3133 5585 Philipp.
3175 5526 3282 5577 tu,
3320 5511 3410 5564 Ἃ.

232 5597 278 5629 ⁸⁸
320 5596 363 5649 ιι
395 5597 521 5652 Cor.
547 5609 672 5657 xm,
705 5592 758 5645 4.
830 5591 870 5625 ³⁸
909 5589 931 5642 ι
961 5593 1087 5646 Cor.
1117 5606 1166 5654 ι,
1197 5590 1284 5642 24.
1379 5661 1396 5674 ⁴
1574 5615 1578 5618 -
