3848 6374
182 371 311 425 1189

1327 356 1807 416 (ΙΟΜΜΕΝΙΑιιιΑ
1850 361 1909 408 IN
1950 359 2276 414 PSALMOS.

3167 366 3302 420 ΗΜ)

178 483 271 550 τῆς
306 497 365 548 γε
406 480 579 550 φωνῆς
607 477 778 533 αὑτῶν
803 477 980 530 ἐκεῖνα
1006 472 1094 547 ἦν,
1121 478 1185 531 δι’
1208 468 1279 531 ὧν
1316 478 1479 531 ἐϐόων
1502 477 1679 545 λέγον-

1781 476 2094 541 constitutae,
2125 477 2511 533 conﬂuentibus
2549 478 2619 533 ibi
2653 478 2887 537 ﬂuminis
2924 482 3092 537 instar
3123 484 3300 552 genti-

178 588 289 632 τες·
324 573 524 639 Ἀριιτε
560 570 768 631 πύλας,
796 570 847 618 οἱ
868 567 1145 634 ἄρχοντες
1174 566 1355 635 ὑμῶν,
1384 567 1479 619 καὶ
1508 566 1680 633 excip-

178 666 308 726 θητε
333 660 510 711 πύλαι
536 656 769 717 αἱώνιοι,
796 656 888 707 καὶ
917 656 1309 707 εἰσελεύσεται
1337 658 1369 709 ό
1391 654 1680 718 ,ϐασιλεὺς

178 749 279 815 τῆς
302 746 497 812 δόξης.
538 747 631 810 Τίς
661 746 825 798 ἐστιν
855 740 1026 809 οὗτος
1052 747 1084 796 d
1115 743 1404 808 ,ϐασιλεὺς
1430 742 1535 811 τῆς
1581 744 1677 797 δό-

178 838 314 901 ﬁne;
340 837 547 902 Κύριος
569 835 837 901 κραταιὸς
857 834 951 886 καὶ
979 832 1247 897 δυνατὸς,
1282 833 1488 899 Κύριος
1508 831 1681 884 δυνα-

175 928 269 993 τὸς
291 929 357 979 ἐν
382 927 641 996 πολέμῳ*
676 928 767 981 καὶ
800 927 981 981 πάλιν
1016 927 1221 990 Κύριος
1242 924 1358 977 τῶν
1385 923 1682 991 δυνάμεων

174 1016 344 1080 αὑτός
374 1017 540 1068 ἐστιν
570 1019 601 1068 ό
626 1015 917 1078 βασιλεὺς
942 1012 1047 1080 τῆς
1069 1013 1267 1079 δόξης.
1284 1012 1391 1065 Καὶ
1414 1011 1481 1063 τά
1508 1010 1677 1079 πλήθη

172 1104 221 1155 δὲ
252 1105 354 1156 τῶν
391 1107 446 1158 ἐν
474 1105 767 1175 ἀνθρώποις
796 1103 885 1155 τοῦ
923 1104 1163 1172 Σωτῆρος
1194 1101 1346 1171 ἡμῶν
1388 1098 1679 1168 ἐκκλησιῶν

173 1194 465 1263 ποταμηδὸν
496 1197 552 1246 ἐν
590 1195 775 1255 αὑταῖς
812 1192 915 1245 τῶν
954 1192 1010 1257 ἐξ
1053 1190 1217 1243 ἐθνῶν
1255 1188 1680 1265 πεπιστευκότων

1779 566 1879 620 bus
1909 583 2023 635 quae
2052 568 2408 630 crediderunt,
2433 569 2864 639 elevantibusque
2884 587 3062 625 vocem
3092 573 3147 626 in
3175 588 3299 626 ora-

1780 654 2011 710 tionibus
2041 657 2105 710 ad
2135 656 2297 710 Deum
2319 659 2547 721 emissis,
2571 659 2728 728 inque
2755 661 2998 715 laudibus
3020 677 3114 729 per
3145 662 3303 732 hymo

1778 757 1877 798 nos
1923 754 1975 798 et
2019 746 2251 813 psalmos
2288 744 2447 798 editis
2475 784 2490 809 ,
2545 754 2769 814 possunt
2814 746 3030 799 ﬂumina
3070 748 3295 802 vocari:

1780 832 1988 899 quando
2042 833 2155 901 ipse
2197 831 2452 886 Dominus
2498 841 2678 888 noster
2729 849 2840 897 eos,
2866 850 3000 902 quos
3031 850 3093 888 ex
3123 850 3217 889 sua
3242 844 3297 890 et

1780 917 1955 970 divina
1975 917 2217 973 doctrina
2236 919 2468 983 haurire,
2499 928 2551 973 et
2572 936 2636 974 ex
2669 918 2871 989 Spiritu
2904 931 3089 975 sancto
3118 921 3299 975 bibere

1781 1004 2015 1059 futurum
2062 1017 2204 1071 erat,
2261 1007 2566 1062 ﬂuminibus
2612 1018 2883 1077 comparat
2930 1010 3159 1064 dicens:
3195 1010 3299 1074 Qui

1781 1096 1958 1149 biberit
1989 1114 2051 1151 ea:
2082 1115 2234 1168 aqua,
2255 1116 2404 1168 quant
2425 1116 2511 1169 ego
2539 1100 2671 1152 dabo
2699 1102 2771 1164 ei,
2795 1101 3012 1167 ﬂumina
3047 1101 3108 1154 de
3130 1112 3303 1154 ventre

1779 1186 1888 1250 ejus
1916 1186 2072 1255 ﬂuent
2100 1205 2245 1256 aqua:
2279 1191 2420 1255 vivae,
2452 1191 2682 1244 salientis
2703 1191 2756 1243 in
2786 1192 2941 1243 vitam
2968 1200 3213 1243 aeternam
3229 1190 3297 1242 ⁸⁸.

173 1286 491 1346 συρόεόντων
531 1286 633 1347 ἀεὶ,
666 1285 988 1353 ἐπαιρόντων
1014 1298 1071 1333 τε
1105 1280 1279 1350 φωνὴν
1318 1282 1373 1332 ἐν
1402 1282 1520 1340 ταῖς
1584 1278 1714 1346 πρὸς
1749 1277 1838 1329 τὸν
1869 1278 1995 1331 Θεὸν
2041 1279 2239 1347 εὐχαῖς,
2270 1279 2326 1330 ἐν
2356 1297 2414 1330 τε
2438 1282 2552 1342 ταῖς
2598 1279 2662 1331 δι’
2720 1279 2896 1348 ῦμνων
2946 1280 3038 1332 καὶ
3078 1278 3302 1347 ψαλμῶν

169 1372 499 1438 δοξολογίαις,
541 1374 784 1425 δύνανται
833 1371 1075 1438 λέγεσθαι
1124 1370 1347 1439 ποταμοί
1371 1386 1383 1398 ⁸
1437 1370 1553 1421 ἐπεὶ
1595 1370 1685 1421 καὶ
1720 1370 1875 1432 αὐτὸς
1906 1372 1933 1421 6
1961 1368 2159 1437 Κύριος
2222 1368 2372 1436 ἡμῶν
2402 1369 2524 1430 τοὺς
2560 1368 2840 1437 μέλλοντας
2900 1371 2963 1421 ἐκ
2999 1369 3097 1437 τῆς
3136 1369 3300 1420 αὑτοῦ

168 1464 255 1513 καὶ
280 1462 424 1523 θείας
447 1463 781 1524 διδασκαλίας
808 1462 1081 1531 ἀρύεσθαι,
1115 1460 1320 1512 καὶτοῦ
1368 1459 1520 1527 άγίου
1558 1460 1863 1530 Πνεύματος
1916 1460 2107 1521 πίνειν,
2150 1463 2405 1527 ποταμοῖς
2452 1459 2776 1529 παραϐάλλει
2842 1460 3029 1526 λέγων’
3072 1462 3166 1523 Ὃς
3227 1458 3302 1511 ἂν

167 1551 265 1617 πίῃ
301 1552 366 1603 ἐκ
403 1552 504 1604 τοῦ
540 1553 750 1616 ὕδατος
778 1549 846 1607 οὗ
877 1550 986 1616 ἐγὼ
1023 1550 1186 1604 δώσω
1224 1550 1397 1615 αὐτῷ,
1431 1552 1670 1620 ποταμοὶ
1695 1552 1761 1604 ἐκ
1793 1551 1898 1618 τῆς
1930 1551 2153 1615 κοιλίας
2186 1550 2368 1606 αὑτοῦ
2407 1552 2733 1616 ῥεύσουσιν
2792 1551 3003 1616 ὕδατος
3071 1548 3300 1619 ζῶντος,

164 1637 498 1707 ἁλλομένου
527 1643 611 1704 εις
639 1639 785 1706 ζωὴν
798 1638 1048 1692 αἰώνιον.

242 1757 464 1823 Ἂροῦσι
495 1755 740 1823 ποταμοὶ
764 1750 1084 1822 ἐπιτρίψας
1104 1756 1293 1809 αὐτῶν
1324 1757 1437 1810 ἀπὸ
1471 1756 1677 1825 φωνῶν

1839 1752 2000 1807 Vsns.
2024 1754 2077 1817 4,
2111 1753 2162 1806 5.
2200 1753 2397 1807 Tollent
2429 1752 2647 1820 ﬂumina
2690 1753 2878 1820 ﬂuctus
2924 1769 3044 1806 suos
3086 1771 3118 1806 a
3165 1756 3302 1807 voci-

164 1841 386 1896 ὑδάτων
422 1841 679 1895 πολλῶν.
714 1843 1039 1911 Θαυμαστώ
1082 1847 1133 1897 οἱ
1160 1847 1531 1914 μετεωρισμοι
1574 1845 1678 1913 τῆς

164 1930 486 1998 θαλάσσης,
520 1932 851 1999 θαυμαστὸς
884 1933 951 1985 ἐν
986 1936 1259 2000 ὑψίστοις
1295 1939 1326 1988 ό
1361 1937 1581 2003 Κύριος.
1604 1928 1677 1989 Ἐί

165 2019 427 2088 νενόηνται
456 2021 503 2070 οἱ
531 2022 762 2089 ποταμοὶ
791 2022 839 2072 oi
867 2022 957 2073 ἐπὶ
987 2024 1052 2091 τῇ
1082 2021 1202 2091 δόξῃ
1225 2023 1317 2091 τῆς
1350 2023 1441 2076 τοῦ
1480 2024 1678 2093 Κυρίου

167 2107 425 2177 βασιλείας
450 2109 546 2177 τὴν
578 2108 753 2162 αὑτῶν
777 2109 953 2179 φωνὴν
982 2109 1306 2180 ἐπαίροντες,
1328 2112 1389 2162 ἐκ
1410 2110 1501 2163 τοῦ
1529 2115 1678 2164 ἐναν-

164 2197 273 2248 τίου
310 2196 652 2267 νοηθήτωσαν
691 2197 862 2267 ἐτεροι
901 2198 1127 2267 ποταμοὶ
1165 2197 1552 2267 ἐπιτριϐόμενοι
1591 2202 1686 2251 καῖ

164 2287 600 2356 κατεπαιρόμενοι
623 2287 724 2356 τῆς
746 2285 990 2353 γνώσεως
1011 2286 1101 2338 τοῦ
1124 2286 1275 2351 Θεοῦ,
1291 2286 1536 2349 ἐναντίως
1555 2287 1611 2339 δέ
1624 2304 1679 2339 τε

163 2372 480 2442 διακείμενοι
534 2376 646 2435 τοῖς
699 2374 976 2443 ἐπαίρουσι
1026 2374 1120 2442 τὴν
1171 2374 1349 2444 φωνὴν
1403 2375 1572 2426 αὐτῶν
1607 2374 1681 2444 τῷ

158 2460 290 2531 Θεῷ.
325 2453 478 2514 Οὗτοι
514 2461 575 2532 δὴ
595 2456 689 2514 οῦν
720 2464 767 2514 oi
798 2460 1019 2514 ἐναντίοι
1043 2462 1269 2531 ποταμοὶ
1286 2464 1508 2533 αἴρουσι,
1533 2464 1678 2532 φησὶ,

163 2549 254 2612 τὰς
296 2551 592 2619 ἐπιτρίψεις
637 2550 834 2616 αὐτῶν,
877 2549 1144 2601 τουτέστιν
1184 2549 1534 2619 άποθὴσονται
1578 2552 1682 2602 πᾶν

162 2638 375 2710 επαρμα
397 2642 489 2693 καὶ
515 2641 695 2693 πάντα
722 2639 907 2707 τῦφον,
941 2642 1031 2693 καὶ
1056 2642 1227 2693 πᾶσαν
1255 2638 1559 2708 ἐπιτριϐήν·
1593 2638 1682 2691 καὶ

163 2728 315 2781 τοῦτο
344 2733 658 2801 ποιήσουσιν
682 2728 787 2781 ἀπὸ
814 2730 908 2798 τῆς
935 2730 1110 2799 φωνῆς
1133 2728 1239 2780 τῶν
1268 2726 1430 2794 ἁγίων
1460 2725 1678 2777 ὑδάτων.

164 2818 382 2889 Νοήσεις
412 2821 468 2872 δὲ
507 2820 566 2874 τὸ
606 2819 885 2889 εἰρημένον
924 2819 1231 2889 ἐπιστήσας,
1265 2816 1339 2878 ὡς
1381 2815 1538 2868 πάλαι
1586 2815 1683 2885 μὲν

165 2908 219 2959 ἐν
255 2906 553 2979 ἀνθρώποις
608 2907 860 2969 πολλάκις
906 2903 971 2977 ἦν
1013 2904 1300 2975 ἐπαγγελία
1361 2905 1544 2973 σοφίας
1590 2902 1681 2955 τοῦ

164 2997 347 3059 αἰῶνος
372 2997 585 3059 τούτου,
613 2997 706 3047 καὶ
729 2996 1035 3063 φιλοσοφίας
1054 2994 1386 3065 ἀνθρωπίνης
1413 2992 1678 3062 ἐπιτριϐήο

1777 1842 1868 1896 bus
1904 1858 2152 1911 aquarum
2183 1842 2481 1895 multarum.
2526 1841 2795 1894 Mirabiles
2823 1842 3068 1896 elationes
3117 1846 3300 1907 maris,

1776 1933 2026 1986 mirabilis
2052 1934 2104 1986 in
2135 1931 2402 1985 altissimis
2454 1931 2723 1986 Dominus.
2782 1931 2836 1985 Si
2884 1933 3098 1987 ﬂumina
3152 1934 3305 1989 intel-

1776 2022 2015 2083 leximus,
2078 2036 2196 2090 qua:
2247 2037 2407 2090 super
2453 2021 2617 2091 gloria
2663 2024 2810 2091 regni
2863 2022 3070 2077 Domini
3117 2039 3300 2077 vocem

1776 2124 1927 2163 suam
1988 2109 2355 2174 elevaverunt;
2425 2109 2721 2162 econtrario
2769 2110 3133 2178 intelligantur
3194 2111 3301 2163 alia

1775 2195 1989 2249 ﬂumina
2022 2211 2137 2264 quae
2173 2194 2363 2249 ﬂuctus
2384 2196 2615 2248 excitant
2636 2203 2688 2249 et
2720 2197 2966 2249 attollunt
2994 2208 3179 2251 contra
3202 2210 3297 2252 co-

1778 2285 2062 2354 gnitionem
2094 2284 2205 2347 Dei,
2234 2293 2392 2353 atque
2432 2286 2497 2341 iis
2518 2286 2760 2356 opposita
2790 2302 2905 2354 quae
2938 2302 3119 2341 vocem
3145 2302 3298 2342 suam

1779 2373 1885 2427 Deo
1912 2374 2135 2427 elevant.
2171 2372 2294 2427 Haec
2314 2374 2491 2443 itaque
2519 2361 2784 2430 contraria
2814 2374 3052 2439 ﬂumina,
3079 2375 3304 2432 ﬂuctus:

1778 2460 1969 2529 inquit,
2015 2475 2141 2515 suos
2174 2461 2418 2528 Ltollunt;
2450 2462 2502 2516 id
2531 2471 2613 2518 est
2641 2476 2849 2516 omnem
2880 2463 3182 2525 elationem,
3218 2473 3304 2517 tu-

1778 2563 1978 2603 morem
2024 2555 2077 2602 et
2130 2549 2424 2604 allisionem
2475 2550 2784 2620 deponent:
2816 2551 2974 2620 idque
3024 2552 3221 2606 facient
3272 2568 3303 2605 a

1778 2651 1907 2691 voce
1936 2644 2241 2692 sanctarum
2275 2653 2552 2707 aquarum.
2584 2639 2694 2694 Hoc
2725 2656 2883 2710 porro
2920 2643 3120 2696 dictum
3145 2644 3305 2698 intel-

1778 2727 1933 2795 ligas,
1957 2727 2001 2780 si
2027 2728 2343 2797 perpendas,
2374 2728 2500 2782 olim
2538 2730 2675 2798 apud
2716 2730 2958 2787 homines
2997 2734 3307 2801 plerumque

1779 2817 2051 2872 exstitisse
2086 2820 2351 2887 specimen
2385 2819 2655 2888 sapientia:
2704 2821 2863 2889 hujus
2893 2823 3091 2885 saeculi,
3129 2832 3182 2876 et
3208 2823 3307 2876 bu-

1780 2916 1951 2959 manze
1976 2906 2322 2976 philosophiae
2353 2909 2733 2977 arrogantiam,
2757 2924 2861 2978 qua
2898 2910 3065 2964 inﬂati
3090 2911 3308 2965 extolle-

1779 2993 1993 3057 bantur,
2026 3003 2077 3048 et
2118 3009 2149 3047 a
2202 3003 2376 3049 mente
2401 2998 2578 3051 carnis
2611 3012 2720 3051 sua:
2761 2999 3120 3066 erigebantur,
3152 3000 3305 3066 quasi

165 3086 244 3152 ἐφ’
259 3080 291 3157 ᾖ
309 3087 400 3138 καὶ
422 3087 684 3154 ἐπήροντο
699 3085 883 3150 φυσιού
892 3101 1035 3153 μενοι
1054 3084 1145 3136 καὶ
1172 3083 1560 3152 ἐπιτριϐόμενοι
1578 3082 1679 3135 ὑπὸ

1781 3095 1999 3149 magnas
2047 3091 2100 3135 et
2151 3082 2415 3151 sapientes
2462 3083 2771 3153 disciplinas
2801 3085 3007 3139 adirent
3043 3087 3305 3155 sapientes

161 3173 247 3226 τοῦ
269 3175 383 3237 νοὸς
398 3175 495 3242 τῆς
513 3172 708 3241 σαρκὸς
720 3172 911 3224 αὑτῶνο
933 3172 1005 3234 ὡς
1025 3171 1086 3241 δὴ
1105 3172 1307 3241 μεγάλα
1319 3172 1435 3225 τινὰ
1449 3175 1539 3225 καὶ
1553 3172 1688 3241 σοφὰ

165 3261 453 3332 μαθήματα
485 3259 861 3329 μετερχόμενοι
889 3260 937 3311 οἱ
968 3260 1114 3327 σοφοὶ
1138 3260 1229 3311 τοῦ
1256 3259 1442 3322 αἰῶνος
1480 3260 1683 3314 τούτου.

162 3349 282 3402 Ὅτε
310 3367 373 3417 γε
407 3350 513 3419 μὴν
547 3348 626 3409 είς
658 3348 830 3398 πᾶσαν
868 3347 964 3416 τὴν
997 3347 1096 3416 γῆν
1123 3348 1247 3414 παρ’
1269 3346 1484 3415 Ἕλλησί
1510 3362 1568 3398 τε
1597 3346 1688 3399 καὶ¹

160 3439 304 3509 παρὰ
325 3437 621 3508 βαρϐάροις
644 3434 1057 3504 ἐκκλησίαιΘεοῦ
1090 3435 1428 3504 συνέστησαν,
1454 3434 1546 3503 τὴν
1561 3434 1687 3504 άλη-

156 3526 221 3597 θῆ
249 3528 437 3596 σοφίαν
469 3523 763 3596 μετιοῦσαι,
780 3524 980 3587 καὶτὰς
1009 3523 1307 3595 πρεπούσας
1331 3523 1405 3593 τῷ
1416 3523 1530 3592 Θεῷ
1554 3522 1690 3587 δοξο-

155 3615 333 3684 λογίας
348 3635 407 3669 τε
422 3618 516 3671 καὶ
534 3618 563 3669 ὑ
570 3614 847 3685 μνολογίας
864 3615 1159 3683 ποταμηδὸν
1170 3616 1259 3667 καὶ
1280 3614 1412 3683 μετὰ
1453 3614 1688 3683 μείζονος

156 3708 245 3760 καὶ
263 3726 328 3761 πε
336 3711 447 3778 παῤ
454 3710 521 3778 ρη
529 3704 820 3775 σιασμένης
835 3703 958 3774 βοῆς
970 3704 1392 3773 ἀναπέμπουσαι,
1409 3716 1500 3757 και
1508 3703 1689 3774 ὥσπερ

156 3793 357 3847 ὑδάτων
387 3792 598 3847 πολλῶν
647 3791 824 3861 φωνὴν
863 3790 950 3843 διὰ
972 3790 1031 3843 τὸ
1068 3790 1266 3859 πλῆθος
1308 3789 1687 3843 θεοσεϐοὑντων

153 3882 410 3951 ἀφιεῖσαι,
442 3882 503 3936 τὸ
523 3878 816 3950 τηνικαῦτα
840 3878 1109 3948 καθῃρέθη
1140 3879 1169 3929 6
1196 3876 1358 3945 τῦφος
1395 3877 1501 3929 τῶν
1526 3877 1687 3930 πάλαι

154 3974 517 4043 νομιζομένων
545 3970 741 4040 σοφῶν,
769 3970 860 4021 καὶ
887 3970 1032 4022 πᾶσα
1059 3966 1230 4020 αὐτῶν
1262 3966 1508 4037 ἐπιτριϐὴ
1537 3982 1688 4018 τετα-

155 4062 430 4125 πείνωται,
478 4061 582 4129 τῆς
625 4058 811 4126 σοφίας
840 4056 1013 4109 αὑτῶν
1051 4057 1130 4119 είς
1157 4054 1304 4108 οὐδὲν
1336 4054 1683 4126 λογισθείσης.

152 4151 213 4202 Et
238 4151 294 4203 δέ
321 4168 407 4213 τις
443 4149 668 4203 πώποτε
693 4146 963 4215 ἐθαύμασε
1000 4145 1092 4199 καὶ
1129 4145 1227 4214 τῆς
1275 4144 1540 4213 θαλάσσης
1565 4144 1687 4207 τοὺς

150 4240 584 4311 μετεωρισμοὺς,
607 4237 699 4290 τοῦ
731 4235 841 4305 βίου
870 4232 1062 4305 δηλαδὴ
1099 4233 1190 4286 τοῦ
1224 4233 1413 4303 θνητοῦ
1448 4233 1544 4296 τὰς
1571 4249 1686 4301 τρι-

152 4329 351 4397 κυμίας
377 4327 475 4379 καὶ
506 4325 635 4386 τοὺς
663 4321 928 4383 κλύδωνας
966 4321 1087 4382 τοὺς
1129 4320 1512 4389 ἐπαιρομένους
1552 4318 1689 4371 κατά

1785 3168 1943 3236 hujus
1973 3171 2173 3224 saeculi.
2204 3171 2271 3223 At
2301 3171 2512 3239 quando
2538 3188 2632 3241 per
2653 3172 2834 3226 orbem
2858 3174 2995 3242 apud
3028 3174 3237 3228 Graecos
3254 3184 3307 3230 et

1782 3257 2037 3312 barbaros
2064 3259 2303 3313 ecclesize
2334 3258 2425 3312 Dei
2456 3262 2757 3313 constitutae
2798 3268 2943 3324 sunt,
2973 3277 3091 3330 qua:
3127 3277 3303 3321 veram

1784 3346 2095 3415 sapientiam
2122 3347 2345 3411 adirent,
2372 3362 2433 3401 ac
2464 3347 2571 3402 Deo
2595 3349 2838 3403 decentes
2867 3348 3051 3404 laudes
3080 3358 3131 3404 et
3154 3351 3307 3419 hym-

1783 3448 1882 3488 nos
1930 3433 2075 3487 ﬂuxu
2116 3435 2342 3503 quodam
2374 3449 2436 3489 ac
2483 3450 2604 3489 cum
2656 3437 2857 3506 majore
2894 3446 2948 3492 et
2975 3439 3166 3492 ﬁducia
3194 3439 3306 3506 ple-

1783 3522 1935 3576 niore
1964 3536 2092 3577 voce
2115 3523 2436 3588 emitterent,
2464 3531 2535 3589 et,
2564 3524 2633 3578 ob
2660 3525 3048 3580 multitudinem
3086 3526 3305 3595 religio-

1784 3626 1965 3666 sorum
2007 3611 2300 3677 hominum,
2333 3613 2486 3681 quasi
2525 3627 2781 3682 aquarum
2811 3615 3097 3667 multarum
3124 3630 3307 3674 vocem

1783 3701 2029 3768 ederent;
2064 3710 2192 3756 tunc
2222 3703 2463 3758 sublatus
2490 3711 2574 3757 est
2599 3718 2781 3758 eorum
2817 3705 2909 3774 qui
2947 3705 3070 3758 olim
3098 3704 3310 3774 sapien-

1783 3796 1864 3844 tes
1904 3790 2305 3845 aestimabantur
2359 3799 2556 3856 tumor,
2600 3794 2882 3864 omnisque
2916 3794 3126 3849 illorum
3154 3807 3309 3847 arro-

1783 3879 1962 3947 gantia
1989 3879 2242 3949 depressa
2264 3890 2364 3944 est,
2396 3882 2539 3950 quod
2566 3883 2823 3952 sapientia
2871 3898 3055 3937 eorum
3088 3897 3185 3952 pro
3226 3882 3311 3936 ni-

1781 3968 1892 4022 hilo
1942 3968 2241 4024 haberetur.
2287 3968 2440 4035 Quod
2488 3971 2534 4025 si
2589 3972 2709 4039 quis
2762 3987 2995 4040 unquam
3044 3973 3305 4030 elationes

1783 4057 1947 4111 maris
1997 4058 2289 4112 admiratus
2344 4059 2434 4123 sit,
2468 4058 2714 4113 videlicet
2759 4061 3001 4115 mortalis
3034 4061 3157 4115 vitae
3184 4076 3310 4130 pro-

1782 4146 1945 4200 cellas
1992 4153 2046 4201 et
2085 4146 2295 4213 ﬂuctus,
2334 4148 2424 4216 qui
2446 4156 2631 4202 contra
2652 4147 2742 4202 Dei
2762 4149 3116 4218 cognitionem
3139 4150 3311 4217 erige-

1782 4232 2009 4300 bantur;
2047 4234 2181 4291 sciat
2210 4235 2298 4289 ille
2331 4251 2439 4304 pra:
2480 4235 2728 4289 omnibus
2756 4235 3052 4290 mirabilem
3078 4236 3130 4289 in
3158 4236 3309 4291 altis-

1784 4323 1934 4377 simis
1961 4339 2080 4379 esse
2125 4323 2438 4390 Dominum;
2470 4325 2543 4378 ita
2570 4334 2627 4377 ut
2652 4324 2688 4377 ii
2721 4325 2812 4393 qui
2842 4325 2897 4378 in
2927 4325 3150 4379 Domino
3178 4341 3308 4380 con-

158 4416 249 4485 τῆς
279 4414 539 4483 γνώσεως
570 4412 666 4465 τοῦ
695 4410 845 4463 Θεοῦ’
879 4409 988 4461 ἀλλ’
1020 4408 1173 4472 ἵστω,
1213 4410 1291 4461 ὅτι
1323 4409 1458 4479 ὑπὲρ
1488 4408 1684 4469 πάντας

1789 4411 1976 4474 ﬂdunt,
2005 4426 2112 4465 non
2140 4412 2278 4465 ultra
2314 4412 2569 4466 elationes
2597 4413 2760 4466 maris
2783 4412 2905 4480 jure
2934 4414 3310 4481 pertimescere

150 4506 464 4576 θαυμαστός
492 4506 644 4555 ἐστιν
680 4500 736 4552 ἐν
766 4498 981 4569 ὑψηλοῖς
1008 4500 1034 4549 6
1064 4497 1367 4567 Κύριος-ὡς
1395 4498 1578 4568 μηκέτ’
1604 4497 1689 4549 εὑ-

151 4598 318 4664 Αόγως
359 4597 490 4656 τοὺς
542 4590 942 4663 μετεωρισμοὺς
981 4587 1077 4656 τῆς
1111 4587 1375 4657 θαλάσσης
1420 4586 1688 4655 φοϐεῖσθαι

150 4686 255 4738 δεῖν
281 4688 409 4748 τοὺς
436 4685 533 4736 ἐπὶ
564 4681 644 4751 τῷ
665 4678 851 4749 Κυρίῳ
880 4677 1211 4739 πεποιθότας.
1236 4678 1391 4738 Εἰκὸς
1418 4677 1473 4729 δὲ
1499 4676 1691 4728 θαλάσ-

151 4791 247 4843 σης
275 4774 416 4827 εἶναι
450 4769 853 4843 μετεωρισμοὺς
871 4767 992 4828 τοὺς
1014 4767 1461 4835 ἐπανισταμένους
1492 4769 1554 4835 τῇ
1584 4767 1693 4816 Ἑκ-

151 4864 350 4934 κλησίᾳ
408 4861 506 4915 τοῦ
556 4857 691 4911 Θεοῦ
740 4856 1040 4925 διωγμούςο
1091 4854 1181 4917 οὒς
1224 4858 1251 4908 6
1290 4856 1385 4925 τὴν
1429 4855 1690 4907 θάλασσαν

153 4952 422 5005 κατοικῶν
453 4949 673 5020 δράκων
699 4947 930 5016 ἐνεργεῖν
961 4943 1160 5008 εἴωθεν,
1190 4947 1218 4996 6
1246 4942 1575 5013 μετεωρίζων
1598 4946 1692 4998 κύ-

154 5058 298 5109 ματα
320 5041 513 5109 αὐτῆς,
546 5035 759 5107 βομϐῶν
788 5051 845 5087 τε
867 5032 956 5086 καὶ
981 5032 1123 5101 ἠχῶν
1150 5033 1242 5084 καὶ
1277 5033 1570 5102 ταράττων,
1601 5032 1692 5085 καὶ

153 5131 438 5199 μονονουχὶ
463 5125 703 5181 ἀπειλῶν
733 5126 904 5177 πᾶσαν
932 5121 1095 5192 ἄρδην
1127 5121 1471 5174 κατακλύσειν
1502 5139 1561 5172 τε
1600 5125 1693 5177 καὶ

154 5219 435 5285 ἀφανίσειν
457 5217 558 5286 τὴν
592 5213 904 5282 Ἐκκλησίαν
930 5211 1019 5263 τοῦ
1049 5211 1198 5262 Θεοῦ.
1230 5212 1410 5271 Είποις
1437 5209 1477 5261 δ’
1506 5210 1571 5263 ἂν
1603 5214 1694 5264 καὶ

159 5306 324 5371 ίλλως
341 5308 481 5377 πρὸς
494 5304 641 5367 λέξιν
654 5303 819 5356 ταῦτα
832 5299 1193 5370 διηγούμενος,
1208 5299 1446 5368 ἐπαίρειν
1461 5299 1585 5360 τοὺς
1601 5318 1692 5352 πο-

161 5398 383 5465 ταμοὺς,
405 5396 608 5455 αὑτοὺς
625 5392 686 5463 δὴ
700 5393 910 5452 τούτους
926 5390 1047 5449 τοὺς
1062 5389 1359 5457 αἰσθητοὺς,
1390 5386 1484 5456 τὴν
1514 5388 1692 5458 φωνὴν

161 5482 331 5535 ιύτῶν
360 5483 438 5552 τῷ
464 5480 607 5550 Θεῷ,
646 5481 734 5533 τοῦ
761 5481 820 5549 δη
830 5474 1191 5548 μιουργοῦ-τοῦ
1206 5476 1265 5546 δὴ
1292 5475 1384 5528 καὶ
1416 5475 1692 5541 κτίσαντος

227 5637 270 5669 ³⁸
309 5605 469 5691 Joan.
506 5649 605 5694 vn,
651 5634 735 5689 38.

1785 4498 2030 4554 debeant.
2069 4498 2367 4553 Verisimile
2410 4507 2583 4552 autem
2613 4508 2695 4553 est
2722 4500 2980 4555 elationes
3007 4502 3172 4555 maris
3191 4515 3313 4556 esse

1785 4586 2181 4654 persecutiones
2232 4586 2285 4638 in
2318 4584 2610 4639 Ecclesiam
2654 4584 2748 4640 Dei
2792 4587 3148 4657 insurgentes,
3174 4601 3311 4655 quas

1785 4674 2016 4727 excitare
2047 4674 2179 4728 solet
2208 4673 2367 4726 draco
2398 4673 2483 4725 ille
2533 4674 2586 4724 in
2620 4673 2756 4727 mari
2795 4674 3062 4737 habitans,
3093 4675 3182 4742 qui
3210 4672 3311 4727 ﬂu-

1785 4772 1904 4817 ctus
1935 4764 2051 4832 ejus
2100 4764 2152 4816 in
2181 4763 2404 4817 sublime
2436 4764 2592 4827 tollit,
2641 4764 2787 4827 boat,
2831 4772 2984 4817 sonat
3008 4772 3061 4817 et
3094 4771 3311 4817 contur-

1786 4852 1896 4917 bat,
1943 4862 2146 4907 tantum
2198 4869 2303 4906 non
2354 4853 2707 4909 interminans
2756 4869 2813 4908 se
2866 4853 3160 4906 Ecclesiam
3214 4852 3310 4907 Del

1786 4940 2167 4994 inundaturum
2221 4955 2283 4993 ac
2345 4939 2585 4994 funditus
2639 4930 2937 4995 deleturum
2990 4954 3132 4993 esse.
3191 4940 3311 4993 Alio

1786 5031 1910 5083 item
1961 5028 2116 5082 modo
2148 5028 2257 5081 haac
2286 5029 2351 5081 ad
2383 5028 2613 5081 litteram
2669 5041 2928 5083 enarrans
2981 5026 3184 5079 dixeris
3221 5027 3314 5078 ﬂu-

1788 5120 1929 5173 mina
1959 5119 2069 5173 baac
2102 5118 2372 5173 sensibilia
2400 5118 2607 5171 elevare
2638 5132 2819 5172 vocem
2858 5127 3007 5169 suam
3036 5111 3170 5174 Deo,
3195 5114 3315 5180 opi-

1790 5209 1871 5262 ﬂci
1899 5223 2104 5276 nempe,
2129 5208 2219 5277 qui
2247 5221 2303 5261 se
2323 5206 2521 5260 creavit
2546 5217 2599 5261 et
2630 5208 2888 5261 exsistere
2924 5200 3069 5263 fecit,
3093 5199 3320 5267 gloriam
3371 5250 3381 5263 ,

1788 5297 2084 5351 eﬂerentes.
2110 5293 2565 5359 Quemadmodum
2595 5295 2734 5348 enim
2759 5307 2824 5346 ex
2857 5285 3233 5355 magnitudine
3271 5292 3326 5338 et

1788 5387 2178 5456 pulchritudine
2227 5393 2590 5439 creaturarum
2628 5383 2805 5454 Opifex
2848 5374 3228 5445 conspicitur;
3254 5372 3335 5427 sic

1789 5493 1853 5533 ex
1901 5476 2137 5547 partibus
2163 5477 2366 5543 mundi,
2399 5477 2713 5532 miraculum
2757 5467 2949 5540 magni
2994 5464 3097 5519 Dei
3140 5459 3343 5532 opilicii
