3848 6410
300 369 441 424 ΗΞΠ

1349 360 1837 420 (ΣΟΜἏΕΝΤΑΜΑ
1879 367 1941 421 ΙΝ
1981 362 2310 418 [εδλιιδιοε.

3309 371 3444 423 1293

288 480 449 531 οὐδὲν
494 480 638 532 lavat
673 481 884 549 ἄκριτον
929 479 1020 532 σοῦ
1063 477 1358 548 ἐφορῶντος
1401 477 1468 528 τὰ
1518 478 1818 546 σύμπαντα,

1928 478 2338 550 magnitudinem
2380 492 2441 532 ae
2470 479 2678 533 deitatis
2719 489 2821 534 tua:
2860 483 3238 537 sublimitatem
3270 486 3446 535 omni-

295 569 524 621 ἱκετεύω
551 570 641 622 καὶ
665 570 844 638 δέομαι
863 569 1133 637 ὑψωθῆναὶ
1163 585 1221 619 σε
1249 567 1339 619 καὶ
1363 566 1528 630 δεῖξαι
1554 571 1662 628 τοῖς
1689 570 1817 618 πᾶσι

290 657 355 708 τὸ
379 659 573 711 οἰκεῖόν
593 675 682 711 σου
715 659 932 728 μέγεθος
955 661 1044 712 καὶ
1063 660 1121 711 τὸ
1153 657 1281 725 ὕψος
1306 657 1402 725 τῆς
1427 657 1671 724 θεότητός
1695 674 1785 708 σου
1802 673 1814 686 ·

283 747 444 810 ὅπως
486 749 581 818 ήδη
614 750 740 800 ποτὲ
768 749 1066 800 παύσωνται
1101 750 1147 800 οἱ
1192 746 1499 816 ἁμαρτωλοὶι
1543 746 1821 812 ἐναϐρυνό-

1916 570 2016 622 bus
2047 568 2330 629 exhibeas;
2363 575 2420 620 ut
2449 570 2526 622 vel
2559 584 2678 623 sero
2708 571 2916 622 tandem
2948 583 3252 639 peccatores
3286 569 3442 624 linem

1919 656 2117 709 faciant
2169 656 2471 710 luxuriandi
2516 673 2578 710 ac
2624 657 2884 726 gloriandi
2912 659 2979 713 de
3025 662 3277 718 omnibus
3325 675 3446 730 qua

1917 745 2156 814 improbe
2183 756 2505 814 perpetrant.

288 852 450 901 μενοι
495 839 583 889 καὶ
627 837 1020 906 ὲγκαυκὼμενοι
1064 837 1154 889 ἐπὶ
1187 839 1344 889 πᾶσιν
1393 831 1472 898 οἷς
1505 834 1822 904 παρανόμως

277 921 727 992 διαπράττονται.

370 1010 482 1062 Τὸν
502 1014 652 1064 λαόν
699 1027 832 1073 σου,
879 1014 1068 1078 Κύριε,
1118 1012 1532 1075 ἐταπείνωσαν,
1569 1011 1662 1065 καὶ
1717 1009 1823 1076 τὴν

281 1101 695 1166 κληρονομίαν
747 1115 860 1154 σου
908 1100 1230 1154 ἐκάκωσαν.
1278 1100 1474 1167 Χήραν
1514 1099 1609 1151 καὶ
1649 1113 1828 1164 προσ·

280 1183 522 1249 οῇλυτον
535 1188 898 1250 ἀπέκτειναν,
915 1188 1010 1240 καὶ
1028 1189 1316 1256 ὀρφανοὺς
1340 1190 1685 1255 ἐφόνευσαν.
1716 1188 1822 1241 Καὶ

285 1268 495 1336 εἶπαν,
528 1277 644 1328 Οὐκ
669 1276 870 1350 ὄψεται
890 1276 1114 1342 Κύριος,
1145 1275 1283 1327 οὐδὲ
1317 1275 1566 1339 συνήσει
1613 1279 1646 1328 ό
1688 1277 1825 1340 Θεὸς

285 1364 408 1416 τοῦ
462 1364 669 1420 Ἰακώϐ.
706 1365 816 1416 Uine
859 1366 1032 1434 ἤρκει,
1071 1364 1202 1432 φησὶ
1248 1366 1358 1426 τοῖς
1398 1364 1728 1434 ἁμαρτωλοῖς
1767 1365 1826 1417 τὸ

280 1456 378 1516 εἰς
404 1456 596 1517 αὐτοὺς
629 1456 970 1524 ἁμαρτάνειν,
1007 1456 1114 1506 ἀλλ’
1142 1456 1240 1524 ἤδη
1273 1456 1364 1506 καὶ
1387 1455 1462 1523 τῷ
1497 1456 1572 1524 σῷ
1601 1456 1710 1526 λαῷ
1734 1457 1825 1508 καὶ

280 1545 357 1612 τῇ
393 1547 462 1612 σῇ
503 1545 786 1612 Ἐκκλησία
821 1543 1200 1613 ἐπανέστησαν,
1236 1545 1358 1605 τοῦς
1404 1545 1497 1612 μὲν
1522 1544 1828 1596 ταπεινοῦν-

278 1646 404 1692 τες,
441 1633 563 1692 τοὺς
602 1632 654 1682 δὲ
689 1630 992 1692 κακοῦντες,
1027 1632 1147 1692 τοὺς
1172 1631 1226 1681 δὲ
1256 1631 1520 1692 παντελῶς
1548 1631 1824 1701 ἀναιροῦν-

1928 1630 2026 1687 tes,
2057 1625 2190 1676 alios
2222 1641 2440 1692 prorsus
2485 1628 2809 1681 occidentes.
2837 1630 2897 1682 lit
2930 1631 3041 1684 lucc
3069 1641 3256 1687 contra
3279 1650 3445 1704 popu-

278 1734 402 1778 τες.
445 1719 551 1770 Καὶ
591 1718 755 1769 ταῦτα
802 1713 939 1770 κατὰ
976 1718 1066 1769 τοῦ
1094 1719 1184 1770 σοῦ
1225 1719 1372 1776 λαοῦ.
1423 1715 1467 1770 ὧ
1519 1720 1706 1787 Κύριε,
1735 1721 1824 1772 καὶ

1928 1706 2034 1758 lum
2069 1717 2238 1772 tuum,
2286 1709 2526 1775 Domine,
2573 1721 2626 1765 et
2673 1725 2858 1768 contra
2890 1717 3246 1772 lmreditatem
3305 1730 3448 1775 tuam

277 1807 435 1857 κατὰ
473 1807 571 1873 τῆς
602 1808 695 1874 σῆς
744 1806 1091 1875 κληρονομίας
1131 1809 1504 1877 τετολμήκασι,
1553 1811 1822 1877 μονονουχὶ

1928 1796 2136 1863 aggredi
2167 1799 2283 1850 ausi
2314 1807 2457 1856 sunt.
2491 1810 2690 1854 tantum
2725 1819 2830 1857 non
2865 1806 3022 1874 impia
3052 1815 3105 1860 et
3139 1808 3451 1876 blaspheme

273 1896 354 1948 τὰ
383 1898 552 1966 ἀσεϐῆ
585 1897 674 1948 καὶ
703 1896 986 1964 βλάσφημα
1014 1895 1134 1964 περὶ
1170 1896 1258 1947 σοῦ
1296 1896 1622 1966 φρονοῦντες.
1660 1893 1821 1949 Εἶπον

1928 1885 1988 1938 de
2020 1896 2069 1938 te
2097 1889 2404 1941 sentientes.
2443 1891 2497 1941 ln
2527 1891 2718 1958 seipsis
2760 1909 2988 1962 namque
3019 1895 3268 1950 dixerunt
3290 1899 3452 1967 impie

276 1986 402 2055 γὰρ
453 1986 508 2037 ἐν
547 1987 752 2046 ἑαυτοῖς
801 1984 990 2045 ἀσεϐὲς
1029 1983 1392 2052 λογισάμενοι·
1451 1987 1568 2037 Οὐκ
1621 1985 1824 2052 ὄψεται

1928 1975 2240 2042 cogitantes,
2278 1976 2396 2030 Non
2421 1980 2602 2030 ridebit
2635 1981 2906 2047 Dominus,
2931 2001 3020 2037 nec
3040 1987 3287 2056 intelliget
3310 1988 3451 2042 Deus

276 2077 528 2142 Κύριος,
572 2074 707 2126 οὐδὲ
761 2074 1012 2140 συνήσει
1061 2076 1092 2124 d
1127 2073 1266 2137 Θεὸς
1314 2072 1417 2124 τοῦ
1458 2072 1673 2126 Ἰακώϐ.
1713 2075 1821 2138 Διὸ,

1928 2058 2103 2113 Iacob.
2137 2061 2514 2127 Quamonrein,
2545 2069 2699 2134 quasi
2736 2077 2787 2120 te
2816 2085 2916 2122 nec
2939 2072 3146 2126 vidente
3175 2091 3273 2128 nec
3291 2077 3452 2129 intel-

274 2164 362 2227 ὡς
413 2165 487 2233 μὴ
537 2165 848 2233 ἐφορῶντος,
885 2165 1012 2233 μηδὲ
1047 2165 1308 2223 συνιέντος
1338 2161 1450 2223 σοῦ,
1495 2163 1562 2215 τὰ
1600 2163 1824 2215 τοσαῦτα

1928 2148 2137 2216 Ιίειεηιε,
2177 2150 2300 2201 talia
2349 2150 2922 2223 facinoragnoliuntur
2968 2167 3154 2212 contra
3194 2164 3449 2230 p0pulum

275 2252 424 2322 δρᾷν
455 2253 782 2321 ἐπιχειροῦσι
823 2253 959 2304 κατὰ
991 2252 1081 2303 τοῦ
1111 2252 1235 2304 λαοῦ
1278 2268 1390 2315 σου,
1430 2254 1522 2305 καὶ
1552 2252 1688 2305 κατὰ
1729 2256 1824 2321 τῆς

1928 2243 2072 2288 tuum
2107 2247 2161 2291 et
2200 2237 2562 2295 haereditatem
2609 2252 2775 2306 tuam,
2807 2254 2992 2300 contra
3039 2248 3250 2312 viduas,
3290 2252 3450 2307 adva-

273 2342 650 2411 κληρονομίας
677 2358 788 2405 σου,
815 2342 952 2394 κατά
977 2359 1033 2393 τε
1061 2341 1239 2411 χηρῶν
1267 2343 1357 2393 καὶ
1377 2341 1717 2411 προσηλύτων
1738 2343 1824 2393 καὶ

1928 2341 2022 2380 nas
2045 2335 2096 2380 et
2128 2328 2416 2394 orphanos,
2440 2331 2530 2397 qui
2561 2333 2702 2385 omni
2747 2335 2979 2391 humano
3007 2339 3250 2394 subsidio
3274 2349 3328 2395 et
3354 2357 3451 2408 pa-

272 2431 570 2498 ὸρφανῶν,
618 2431 722 2482 τῶν
767 2433 904 2483 κατὰ
949 2431 1272 2499 ἀνθρώπειον
1321 2432 1686 2500 ἀπεριστὰτων
1737 2431 1824 2482 καὶ

1928 2419 2150 2472 trocinio
2173 2428 2376 2474 carent.
2408 2419 2588 2489 Neque
2619 2431 2723 2476 tam
2759 2434 2945 2479 contra
2970 2428 3109 2490 illos,
3140 2445 3299 2498 quam
3323 2448 3452 2486 con-

275 2521 628 2590 ὰϐοηθήτων.
655 2522 726 2572 Οὐ
750 2520 992 2572 τοσοῦτον
1011 2521 1065 2572 δὲ
1091 2522 1205 2573 κατ’
1224 2521 1439 2571 ἐκείνων
1463 2520 1606 2571 ταῦτ’
1634 2519 1824 2588 ἔπρατ-

1928 2515 2006 2561 tra
2035 2517 2106 2571 te,
2139 2510 2380 2569 Domine,
2414 2511 2526 2565 bare
2562 2517 2940 2582 perpetrabant
2971 2536 2984 2570 :
3016 2534 3136 2572 nam
3169 2522 3260 2590 qui
3286 2539 3447 2576 vesa-

271 2628 398 2674 τον,
433 2611 555 2662 ὅσον
601 2610 736 2662 κατὰ
782 2609 892 2672 σοῦ,
927 2603 970 2660 ὧ
1019 2610 1184 2679 Κύριε
1207 2625 1220 2638 ο
1269 2609 1358 2660 σοῦ
1388 2609 1490 2679 γὰρ
1532 2605 1667 2677 ἦσαν
1705 2609 1824 2670 λαὸς

1928 2596 2138 2658 bantur,
2170 2599 2398 2665 populus
2429 2609 2553 2654 tuus
2582 2609 2633 2654 et
2661 2602 2939 2658 lia-reditas
2965 2612 3055 2658 tua
3079 2615 3260 2672 erant;
3292 2617 3453 2678 atque

271 2702 382 2754 καὶ
421 2699 516 2752 σοῦ
550 2699 872 2768 κληρονομία
902 2702 949 2751 οί
993 2697 1476 2766 καταπονούμενοι·
1522 2699 1613 2750 καὶ
1644 2701 1720 2760 είς
1767 2698 1824 2750 σὲ

1928 2684 1983 2746 ii,
2024 2687 2113 2754 qui
2153 2686 2274 2741 illos
2313 2691 2703 2756 opprimebant,
2738 2691 2803 2746 de
2847 2701 2898 2746 te
2928 2695 3235 2764 blaspliema
3271 2709 3324 2753 et
3355 2700 3452 2754 im-

273 2789 732 2861 βλασφημοῦντες
759 2791 849 2840 καὶ
873 2787 1182 2849 ἀσεϐοῦντες
1221 2789 1268 2838 οί
1292 2788 1708 2850 καταπονοῦντες
1735 2790 1824 2840 αύ-

1928 2773 2011 2843 pia
2037 2776 2326 2831 sentientes
2351 2777 2462 2830 haec
2487 2781 2810 2845 cogitabant,
2840 2797 2904 2835 ac
2934 2783 2976 2837 si
3005 2799 3110 2837 non
3142 2787 3446 2850 exsisteres,

269 2882 414 2942 τοὺς
445 2877 594 2930 ταῦτ’
623 2876 935 2944 ἐλογίζοντο,
969 2877 1043 2940 ὼς
1087 2878 1183 2929 οὐκ
1226 2877 1372 2938 δντος
1403 2877 1518 2938 σοῦ,
1566 2877 1669 2928 οὐδ’
1711 2879 1824 2944 ἐφο-

1928 2879 2025 2918 nec
2053 2864 2286 2928 videres,
2317 2883 2416 2920 nec
2459 2868 2803 2937 iutelligeres,
2833 2887 3004 2940 neque
3049 2875 3173 2930 talia
3215 2876 3451 2930 facinora

275 2971 516 3042 ρῶντος,
549 2969 667 3020 οὐδὲ
709 2968 989 3029 συνιέντος,
1039 2967 1154 3018 οὐδὲ
1201 2965 1531 3028 ἐκδικοῦντος
1565 2966 1631 3018 τὰ
1663 2983 1824 3034 πρατ-

1928 2954 2289 3010 ulciscereris.
2322 2957 2722 3026 Quocircajure
2750 2962 2820 3012 ita
2845 2963 3103 3029 precabar
3133 2981 3146 3016 :
3183 2964 3453 3036 Usqueqao

271 3061 515 3129 τόμενα.
565 3057 654 3107 Διὸ
694 3057 909 3118 εἰκότως
954 3057 1085 3124 ἔφην
1140 3055 1440 3124 εὐχόμενος,
1489 3056 1638 3118 ’Έως
1688 3056 1824 3107 πότε

1928 3053 2240 3109 peccatores,
2276 3044 2513 3109 Domine,
2547 3063 2822 3115 usquequo
2862 3051 2987 3102 talia
3019 3062 3236 3120 agentes
3271 3070 3453 3111 mane-

271 3110 644 3211 dJlapthol,
688 3143 888 3206 Κύριε,
946 3142 1046 3202 ἓως
1109 3141 1234 3192 πότε
1299 3141 1602 3209 διαμενοῦσι
1661 3142 1824 3194 ταῦτα

1928 3131 2098 3184 bunt?
2139 3133 2397 3201 Pepulum
2440 3150 2568 3188 vero
2609 3110 2662 3190 et
2705 3110 3080 3193 hatreditatemv
3131 3141 3220 3196 Dei
3267 3152 3454 3211 putare

274 3232 610 3293 ποιοῦντες;
644 3232 778 3282 Λαόν
811 3247 867 3281 τε
896 3231 984 3281 καὶ
1021 3229 1372 3298 κληρονομίαν
1398 3229 1528 3281 Θεοῦ
1565 3230 1665 3299 χρὴ
1693 3233 1824 3283 νοεῖν

1928 3221 2190 3282 convenit,
2220 3223 2343 3274 olim
2368 3224 2578 3290 quidem
2605 3223 2877 3278 Iudaicam
2900 3235 3130 3295 gentem,
3162 3232 3284 3298 quia
3310 3233 3451 3299 facta

271 3324 464 3377 πάλαι
499 3319 594 3389 μὲν
620 3319 677 3370 τὸ
715 3317 976 3370 Ἰουδαίων
1025 3317 1190 3379 ἔθνος,
1229 3318 1347 3370 ἐπεὶ
1373 3318 1620 3386 ἐγενήθη
1662 3319 1824 3386 μερίς

1928 3317 1998 3360 est
2026 3309 2192 3375 portio
2225 3309 2429 3362 Domini
2455 3312 2671 3377 populus
2700 3313 2810 3379 ejus
2841 3312 3027 3378 Iacob,
3058 3317 3321 3384 funiculus
3354 3321 3455 3373 ha:-

272 3411 516 3480 Kvplov
552 3408 696 3472 λαὸς
726 3407 906 3460 αὑτοῦ
945 3405 1153 3469 Ἰακὼϐ,
1191 3409 1511 3475 σχοίνισμα
1547 3411 1824 3473 κληρονο-

1928 3399 2156 3452 reditatis
2184 3400 2294 3466 ejus
2321 3400 2490 3453 Israel
2509 3402 2573 3455 “.
2605 3402 2734 3456 Post
2779 3418 2962 3456 eorum
3009 3422 3133 3460 vero
3161 3411 3450 3478 repulsam,

270 3504 432 3573 μίας
480 3496 660 3551 αὐτοῦ
710 3497 957 3562 Ἰσραήλ.
998 3497 1147 3549 Μετὰ
1191 3497 1245 3548 δὲ
1293 3497 1388 3566 τὴν
1431 3497 1648 3548 ἐκείνων
1697 3498 1824 3548 ἁπο-

1928 3505 2084 3556 quain
2115 3489 2192 3541 sic
2225 3489 2462 3543 declarat
2489 3493 2828 3560 propheticus
2860 3495 3074 3561 quidam
3121 3513 3319 3561 sermo,
3350 3501 3453 3556 De-

271 3591 478 3660 6ολὴν,
505 3588 570 3656 ἣν
613 3586 898 3656 παρίστησι
931 3587 1256 3656 προφητικός
1303 3605 1387 3648 τις
1415 3587 1584 3654 λόγος,
1618 3589 1823 3656 φήσας·

1928 3578 2106 3645 reliqui
2153 3577 2360 3632 domum
2385 3597 2570 3641 meam,
2600 3582 2776 3635 dimisi
2817 3583 2882 3634 Ita
2897 3584 3163 3639 reditatem
3200 3605 3365 3642 meam
3382 3591 3453 3656 “,

281 3687 340 3736 Ἐ
357 3677 796 3749 γκαταλέλοιπα
836 3675 941 3726 τὸν
966 3672 1130 3728 οἶκόν
1149 3693 1284 3743 μου,
1323 3675 1522 3743 ἀφῆκα
1553 3677 1664 3742 τὴν
1690 3680 1824 3742 κλη-

1928 3667 2164 3735 ipsorum
2209 3670 2324 3724 loco
2375 3687 2575 3723 novum
2616 3673 2866 3741 populum
2901 3691 2965 3729 ex
2996 3679 3244 3742 gentibus
3266 3696 3453 3735 conse-

260 3768 578 3839 ρονομίαν
617 3781 765 3832 μου·
810 3765 925 3816 νέον
967 3764 1089 3816 λαὸν
1119 3764 1207 3816 τὸν
1247 3764 1306 3827 ἐξ
1348 3764 1512 3816 ἐθνῶν
1544 3765 1656 3816 ἀντ’
1689 3765 1824 3816 ὲκεί-

1928 3768 2153 3826 quenter
2175 3760 2378 3812 inducit
2403 3761 2503 3813 alia
2524 3764 2819 3832 pmplietia.
2839 3782 2957 3834 qua:
2975 3767 3026 3819 in
3051 3783 3277 3835 persona
3298 3771 3458 3824 (ΞΙιι-ιο

269 3878 389 3913 νων
431 3856 638 3922 εἰσάγει
669 3853 970 3914 ἀκολούθως
1009 3854 1164 3924 ἑτέρα
1211 3854 1508 3924 προφητεία
1552 3856 1628 3914 είς
1665 3853 1824 3921 πρόσ-

1928 3849 1998 3900 sli
2041 3849 2110 3900 ita
2145 3850 2414 3916 loquitur:
2445 3850 2665 3905 Postulo
2698 3870 2728 3906 a
2759 3871 2856 3917 me,
2903 3867 2950 3908 et
2974 3857 3108 3919 dabo
3151 3860 3244 3912 tibi
3282 3873 3453 3928 gentes

267 3962 435 4000 ωπον
485 3942 576 3995 τοῦ
608 3942 835 4012 Χριστοῦ
866 3943 1156 4010 φάσκουσα·
1196 3943 1441 4009 Αῑτησαι
1490 3943 1620 4008 παρ’
1664 3943 1824 4010 ἐμοῦ,

1928 3936 2274 3990 haereditate»:
2337 3950 2499 4002 tuam,
2541 3950 2590 3993 et
2619 3945 2988 4008 possessionem
3034 3954 3176 3998 tuam
3213 3951 3455 4002 terminos

272 4035 384 4089 καὶ
428 4031 598 4084 δώσω
650 4047 746 4083 σοι
781 4030 920 4096 ἐθνη
967 4030 1077 4096 τὴν
1106 4031 1496 4097 κληρονομίαν
1535 4045 1669 4091 σου,
1721 4031 1816 4084 καὶ
1927 4035 2076 4078 terra:
2092 4025 2154 4077 “.

269 4125 401 4192 τὴν
430 4120 796 4186 κατάσχεσίν
823 4137 936 4173 σου
967 4122 1036 4173 τὰ
1061 4119 1279 4186 πέρατα
1305 4119 1412 4184 τῆς
1448 4118 1576 4186 γῆς.

352 4212 580 4268 Σύνετε
600 4209 672 4276 δὴ
701 4208 951 4276 ἄφρονες
977 4209 1044 4260 ἐν
1081 4208 1160 4273 τῷ
1185 4207 1329 4272 λαῷ,
1357 4208 1453 4260 καὶ
1480 4208 1659 4276 μωροί
1682 4222 1821 4258 ποτε

1988 998 2150 1054 Vens.
2181 1001 2293 1053 5-7.
2349 1003 2601 1070 Populum
2655 1015 2817 1069 tuum,
2864 1006 3094 1071 Domine,
3142 1011 3446 1068 ltumiliave-

1919 1100 2060 1149 runt,
2108 1098 2156 1140 et
2195 1090 2541 1144 Itwreditatem
2571 1102 2711 1145 tuam
2737 1108 3060 1152 vexaverant.
3117 1098 3336 1153 Viduam
3395 1115 3444 1155 et

1921 1177 2168 1233 advenam
2203 1181 2580 1246 interfecerunt,
2616 1192 2662 1235 et
2713 1187 2964 1250 orphanos
3009 1187 3322 1243 occiderunt.
3377 1190 3444 1242 Et

1921 1257 2200 1312 dixerunt:
2237 1260 2351 1314 Non
2383 1264 2567 1316 videbit
2604 1264 2877 1332 Dominus,
2910 1285 2999 1321 nec
3029 1271 3273 1339 intelliget
3310 1273 3443 1327 Deus

1921 1353 2104 1408 Iacob.
2138 1355 2249 1409 Non
2279 1365 2416 1416 erat,
2445 1359 2632 1424 inquit.
2667 1365 3034 1428 peccatoribus
3063 1365 3115 1417 in
3147 1382 3205 1418 se
3227 1382 3446 1432 peccaro

1923 1445 2084 1514 satis;
2111 1447 2220 1513 jam
2251 1461 2376 1500 vero
2421 1449 2471 1500 in
2516 1451 2766 1517 populum
2803 1460 2950 1504 tuum
2988 1463 3042 1506 et
3074 1455 3126 1506 in
3154 1455 3444 1512 Ecclesiatn

1926 1543 2069 1587 tuam
2101 1538 2524 1600 insurrexerunt,
2553 1541 2688 1594 alios
2720 1541 3080 1606 liumiliantes,
3105 1547 3238 1600 alios
3257 1563 3448 1602 vexan-

1997 4192 2155 4250 νεεδ.
2187 4197 2331 4252 8-11.
2387 4199 2665 4271 Intelligite
2717 4202 3007 4270 insipientes
3060 4207 3114 4257 in
3164 4207 3374 4276 populo,
3406 4218 3454 4261 et

275 4298 648 4371 φρονήσατε.
708 4299 759 4349 Ὀ
817 4299 1116 4365 φυτεύσας
1171 4299 1234 4350 τὸ
1279 4294 1385 4362 οὖς
1433 4299 1540 4349 οὐκ
1589 4297 1828 4348 ἀκούσε-

1926 4286 2076 4338 stulti
2123 4287 2401 4356 aliquando
2447 4294 2628 4357 sapite.
2665 4292 2766 4357 Qui
2795 4294 3048 4360 plantavit
3095 4311 3296 4363 aurem,
3353 4315 3455 4352 non

272 4406 420 4452 tat;
459 4387 496 4455 ἢ
531 4391 562 4440 ό
593 4386 830 4451 πλάσας
858 4386 960 4438 τὸν
1000 4385 1302 4454 ὀφθαλμὸν
1323 4387 1392 4438 οὺ
1421 4384 1721 4446 κατανοεῖ;
1763 4385 1824 4436 '0

1928 4374 2144 4430 audiet?
2176 4389 2264 4429 aut
2298 4381 2385 4447 qui
2425 4381 2576 4446 finxit
2607 4383 2830 4447 oculum,
2865 4401 2964 4437 non
2999 4386 3330 4444 considerat?
3353 4387 3450 4453 Ωιτ

268 4479 586 4537 παιδεύων
627 4475 766 4540 ἔθνη
823 4474 956 4541 οὐχί
1009 4473 1251 4540 ἐλέγξει,
1307 4475 1338 4525 ὀ
1377 4471 1672 4524 διδάσκων
1718 4471 1822 4523 ἇν-

269 4578 526 4639 θρωπον
579 4563 1053 4632 τνῶσιν;Κύριος
1099 4563 1367 4629 γινώσκει
1400 4560 1536 4625 τοὺς
1562 4560 1822 4629 διαλογι-

270 4655 484 4727 σμοὺς
509 4651 624 4704 τῶν
655 4649 986 4716 ἀνθρώπων,
1032 4648 1116 4698 ὅτι
1151 4648 1264 4698 εὶσὶ
1287 4647 1532 4713 μάταιοι.
1577 4647 1822 4699 ’Λποδυσ-

269 4749 529 4814 πετήσας
579 4741 671 4791 καὶ
719 4738 1064 4806 ἀνθρωπίνως
1107 4735 1577 4803 ἁποκλαυσάμενος
1620 4737 1648 4787 ὁ
1677 4737 1815 4806 Προ-

271 4842 465 4904 φήτης
494 4829 619 4897 περὶ
660 4827 762 4878 τῶν
789 4829 896 4887 τοῖς
923 4825 1136 4877 ἀσεϐέσι
1180 4823 1554 4892 τολμωμένων.
1590 4824 1818 4894 εὐξάμε-

269 4927 375 4986 νός
426 4939 484 4972 τε
537 4919 630 4971 καὶ
677 4915 860 4969 εἰπών·
914 4915 1187 4981 Ὑψώθητι
1226 4917 1257 4964 ο
1287 4913 1501 4977 κρίνων
1522 4913 1632 4980 τὴν
1678 4913 1820 4982 γῆν,

268 5009 512 5071 ἀπόδος
551 5003 945 5057 ἀνταπόδοσιν
983 5002 1101 5064 τοῖς
1128 4999 1520 5064 ὑπερηφάνοις
1539 5017 1550 5027 ·
1575 5001 1704 5052 ἀλλὰ
1732 5002 1823 5054 καὶ

266 5102 357 5161 ὡς
385 5096 709 5164 ἀνακινήσας
731 5093 818 5144 τὸν
841 5091 987 5153 Θεὸν,
1011 5089 1102 5142 καὶ
1131 5086 1390 5153 διεγείρας
1415 5085 1503 5138 διὰ
1523 5088 1614 5140 τοῦ
1641 5088 1818 5156 φάναι·

276 5189 401 5243 Τὸν
418 5188 693 5240 λαόνσου
725 5181 816 5233 καὶ
833 5179 943 5246 τὴν
963 5174 1354 5245 κληρονομίαν
1379 5188 1494 5226 σου
1511 5176 1822 5254 ἐκάκωσαν

1926 4463 2322 4531 corripitgentes
2363 4483 2461 4519 non
2496 4480 2693 4536 arguet,
2724 4472 2812 4539 qui
2839 4471 3254 4528 docet/taminem
3287 4477 3451 4530 scien-

1929 4549 2053 4601 tiam
2077 4552 2099 4602 .’
2130 4551 2377 4604 Dominus
2407 4556 2500 4606 scit
2529 4557 2855 4625 cogitationes
2893 4561 3178 4624 hominum,
3207 4565 3451 4632 quoniam

1926 4655 2072 4691 rana:
2103 4650 2241 4694 sunt.
2272 4641 2558 4711 Postquam
2591 4648 2871 4715 impiorum
2901 4665 3064 4703 ausus
3089 4664 3231 4718 aegre
3274 4653 3450 4708 ferens

1923 4728 2184 4798 Propheta
2212 4731 2444 4786 humano
2484 4751 2631 4789 more
2659 4737 2899 4804 deﬂevit,
2931 4755 2992 4791 ac
3010 4747 3256 4808 precatus
3285 4743 3441 4796 dixit'

1924 4816 2194 4882 Exaltare,
2227 4822 2313 4888 qui
2349 4821 2558 4888 jndicas
2606 4834 2795 4878 terram
2821 4865 2834 4890 ,
2867 4827 3018 4879 redde
3069 4826 3456 4883 retributionem

1921 4912 2188 4978 superbis;
2224 4913 2313 4967 sed
2343 4919 2498 4968 etiam
2537 4917 2699 4972 Deum
2739 4921 2889 4988 quasi
2911 4920 3197 4971 commovit
3227 4928 3284 4972 et
3313 4922 3458 4975 exci-

1923 5002 2051 5054 tavit
2086 5003 2167 5057 Itis
2193 5004 2394 5058 verbis:
2419 5005 2674 5073 Populum
2703 5020 2845 5061 tuum
2866 5019 2912 5062 et
2934 5006 3292 5062 hwreditatem
3317 5021 3460 5063 tuam

1920 5103 2222 5143 vexaverant
2252 5102 2299 5144 et
2325 5093 2723 5149 humiliaverunt
2745 5139 2758 5162 ,
2788 5107 2837 5150 et
2887 5093 3146 5157 dixerunt,
3177 5113 3284 5149 non
3321 5099 3464 5153 vide-

1920 5180 1989 5230 bit
2013 5178 2284 5242 Dominus,
2308 5197 2396 5233 nec
2417 5183 2664 5252 intelliget
2695 5186 2832 5239 Deus
2851 5184 3048 5248 Iacob;
3078 5183 3329 5253 Spiritus
3353 5202 3474 5240 san-

269 5278 383 5330 καὶ
416 5274 836 5330 ἐταπείνωσαν,
869 5268 966 5321 καὶ
997 5265 1183 5323 εἶπαν,
1214 5264 1321 5314 οὐκ
1349 5262 1561 5328 ὄψεται
1587 5268 1814 5335 Κύριος,

267 5365 425 5420 οὐδὲ
443 5361 693 5426 συνήσει
711 5365 740 5413 ό
760 5360 897 5424 Θεὸς
908 5359 1007 5411 τοῦ
1023 5350 1238 5410 Ἰακώϐο
1264 5351 1708 5424 ὲμπίπλαταιτῆς
1727 5357 1815 5409 τοῦ

270 5454 440 5522 ἁγίου
473 5450 774 5519 Πνεῦματος
799 5449 1075 5515 δυνάμεως,
1115 5439 1208 5490 καὶ
1237 5437 1307 5500 ὡς
1336 5439 1471 5508 πρὸς
1510 5443 1640 5504 τοὺς
1667 5445 1816 5515 εἰρη-

1919 5268 1992 5320 cli
2041 5271 2232 5322 virtute
2263 5271 2530 5337 repletur.
2564 5283 2617 5326 et
2667 5275 2819 5343 quasi
2869 5275 3216 5342 responderet
3269 5275 3350 5327 iis
3388 5275 3480 5341 qni

1921 5359 2160 5411 dixerant
2189 5377 2202 5411 :
2235 5357 2354 5411 Non
2391 5361 2575 5414 videbit
2605 5363 2883 5423 Dominus,
2923 5379 3010 5415 nec
3044 5361 3315 5430 intelliget
3347 5360 3490 5412 Deus

1921 5444 2102 5507 Iacob,
2132 5446 2208 5498 sic
2267 5446 2544 5514 loquitur:
2594 5449 2657 5502 Et
2704 5447 3012 5518 quomodo,
3063 5461 3099 5502 0
3127 5459 3266 5500 vere
3306 5449 3504 5496 mento

359 5607 406 5638 ⁸³
449 5575 597 5657 Deut.
631 5617 798 5660 xxxn,
828 5600 875 5652 9.
946 5597 989 5627 ”
1018 5591 1214 5644 Jerctn.
1255 5603 1343 5650 xii,
1377 5587 1423 5640 7.
1510 5589 1559 5619 “
1601 5590 1745 5646 Psal.
1777 5610 1837 5656 ii,
1869 5594 1918 5646 8.

1471 5759 1558 5786 lt
