3848 6380
283 399 418 454 HM

1375 403 1868 460 COMMENTARIA
1907 408 1972 462 IN
2012 409 2136 463 PSA
2146 408 2344 465 LMOS.

3318 411 3450 467 ιεοε

285 511 542 580 πράττειν
563 529 612 564 τι
640 511 979 580 τολμῶνταςς
1016 515 1179 567 Πόθεν
1209 509 1271 564 δὲ’
1293 514 1588 584 ἀνθρώποις
1623 519 1654 586 ὴ
1687 517 1808 585 περὶ

1927 521 2022 574 ιιιεί
2049 521 2277 576 fuerint?
2311 519 2459 574 Unde
2487 520 2787 573 hominibus
2817 517 3010 586 prodiit
3049 512 3240 571 omnis
3269 528 3322 571 et
3353 536 3445 573 cu-

284 601 487 663 παντος
519 601 811 654 οὑτινοσοῦν
851 604 1160 672 πράγματος
1191 603 1416 671 γνῶσις;
1457 607 1612 659 πόθεν
1644 609 1697 660 ai
1727 608 1811 658 τέ-

1903 604 2120 672 juslibet
2153 607 2230 660 rei
2265 606 2492 659 notitia?
2527 606 2662 658 unde
2686 604 2863 658 artes?
2887 605 3025 657 unde
3079 603 3436 657 scientiarum

283 704 444 755 χναις
478 690 633 742 πόθεν
658 690 762 742 τῶν
782 693 1088 762 ἐπιστημῶν
1113 695 1167 745 αἱ
1191 694 1403 764 θεωρία.
1427 717 1440 759 ,
1465 696 1620 748 πόθεν
1638 699 1683 749 οἰ
1707 698 1810 749 τῶν

1927 697 2334 766 speculationes?
2369 695 2506 747 unde
2551 694 2950 761 disciplinarum
2981 693 3303 746 sermones?
3344 707 3437 744 an-

287 775 624 844 μαθημάτων
665 777 841 842 λόγοις
875 775 958 848 ἆρ’
988 781 1083 832 οὐκ
1105 781 1211 833 ἀπὸ
1236 781 1324 833 τοῦ
1365 785 1813 855 κατασπείραντος

1927 803 2016 840 ton
2055 786 2120 838 ab
2168 800 2232 838 eo
2281 785 2370 852 qui
2421 784 2674 836 harumce
2719 795 2896 834 rerum
2939 780 3432 846 comprehensionis

283 864 347 913 tv
376 865 558 926 αὐτοῖς
601 865 696 935 τὴν
724 866 946 935 δύναμιν
982 869 1077 938 τῆς
1105 870 1302 924 τούτων
1345 872 1709 941 καταλήψεως
1751 873 1813 925 Τί

282 947 418 1016 οῦν;
449 954 478 1004 ό
506 954 753 1025 τοιαύτην
790 956 1050 1027 ἀνθρώπῳ
1087 959 1241 1027 φύσιν
1263 962 1631 1031 χαρισάμενος,
1659 963 1816 1026 αὐτὸς

282 1042 572 1111 ἐστέρηται
615 1045 710 1114 τῆς
735 1045 995 1112 γνώσεως,
1039 1049 1114 1110 ὡς
1158 1051 1288 1119 μηδὲ
1325 1052 1600 1118 γινώσκειν
1629 1054 1813 1117 ταῦτα,

281 1122 366 1180 ὧν
398 1133 555 1194 αὐτὸς
579 1136 822 1201 τυγχάνει
843 1135 1000 1207 δοτήρ
1025 1154 1038 1200 ;
1077 1139 1229 1192 Ἀλλὰ
1259 1142 1362 1211 γὰρ
1391 1141 1816 1196 παύσασθε’άσε-

210 1301 214 1303 »
279 1217 529 1282 σοῦντες,
583 1215 628 1273 ὧ
677 1222 924 1290 μάταιον
973 1226 1155 1295 ἀληθεῖ
1202 1229 1255 1281 δὲ
1307 1230 1443 1297 λόγῳ
1497 1231 1814 1300 πειθόμενοι,

278 1305 488 1370 γνῶτε,
521 1308 600 1360 ὅτι
645 1310 674 1360 ό
713 1311 973 1376 φυτεύσας
1016 1313 1072 1364 ὲν
1108 1315 1402 1385 ἀνθρώποις
1435 1318 1492 1370 τὸ
1539 1315 1646 1381 οὖς,
1685 1320 1815 1372 πολὺ

278 1392 554 1463 ⁴πρότερος
599 1395 756 1458 αὐτὸς
797 1397 902 1448 τῶν
947 1398 1092 1468 παρὰ
1142 1400 1436 1470 ἀνθρώποις
1484 1403 1817 1473 λαλουμένων

281 1475 583 1531 ἀκούσεται
603 1495 617 1509 ·
652 1482 742 1534 καὶ
776 1483 836 1534 ού
871 1484 1023 1551 μόνον
1050 1486 1231 1554 ὄψεται
1272 1491 1363 1541 καὶ
1391 1489 1456 1542 τά
1483 1493 1820 1560 πραττόμενα

284 1565 615 1621 ἐποπτεύσει
646 1572 673 1622 ό
699 1573 756 1623 ὲν
799 1573 1096 1643 ἀνθρώποις
1129 1577 1332 1640 πλάσας
1371 1579 1660 1648 ὀφθαλμὸν,
1689 1581 1819 1633 ἀλλὰ

284 1656 392 1707 καὶ
421 1658 518 1719 τὰς
555 1659 886 1730 ἐνθυμήσεις,
915 1663 1012 1726 τὰς
1042 1665 1119 1716 ἐτι
1153 1665 1288 1718 κατὰ
1329 1666 1556 1719 διάνοιαν
1593 1685 1821 1738 κρυπτο-

284 1745 464 1812 μένας
491 1749 718 1817 συνήσει.
751 1749 892 1820 Αὕτη
921 1753 1025 1822 γάρ
1056 1754 1184 1807 Θεοῦ
1217 1756 1434 1825 δύναμις
1477 1758 1820 1825 γινώσκοντος

282 1832 390 1882 καὶ
431 1831 786 1902 διακρίνοντος
810 1837 930 1899 τοὺς
963 1839 1333 1911 διαλογισμοὺς
1357 1843 1464 1894 τῶν
1497 1843 1817 1914 ἀνθρώπων,

278 1921 374 1972 ὅτι
401 1923 507 1974 είσί
538 1925 770 1990 μάταιοι.
817 1928 1047 1998 Ἀληθῶς
1077 1932 1180 2002 γὰρ
1213 1933 1356 1985 πᾶσα
1381 1935 1413 2002 ἠ
1443 1933 1590 2003 παρὰ
1616 1934 1819 2004 ἀνθρώ-

281 2026 418 2074 ποις
465 2014 778 2084 νομιζομένη
815 2017 1053 2087 άλήθεια,
1099 2023 1190 2073 καὶ
1228 2024 1373 2074 πᾶσα
1415 2024 1448 2092 ἠ
1487 2025 1614 2094 παρ’
1645 2025 1824 2088 αὐτοῖς

279 2102 477 2169 σοφία,
511 2103 574 2172 ῆν
603 2104 659 2169 ἐξ
691 2106 899 2160 οἰκείων
925 2108 1190 2179 λογισμῶν
1233 2113 1324 2164 καὶ
1353 2112 1560 2182 θνητῶν
1597 2115 1826 2186 ἐνθυμή-

283 2206 432 2242 σεων
478 2192 877 2262 προϐάλλονται,
920 2197 1140 2265 μάταιος
1165 2199 1229 2252 ἂν
1261 2200 1366 2271 εἰη.
1397 2203 1508 2254 Πᾶν
1535 2204 1639 2274 γάρ
1669 2205 1824 2272 σοφὸν

277 2281 388 2334 καὶ
429 2281 624 2351 ἀληθὲς
663 2285 788 2354 παρ’
817 2285 960 2355 αὐτῷ
996 2287 1135 2358 μόνῳ
1168 2290 1435 2358 τυγχάνει,
1460 2293 1551 2345 καὶ
1579 2295 1704 2365 παρ’
1727 2295 1824 2346 αὐ-

279 2366 384 2420 τοῦ
413 2369 592 2437 μόνοις
618 2373 725 2433 τοῖς
750 2371 916 2436 ἀξίοις
937 2373 1151 2428 δίδοται.

357 2458 660 2527 Μακάριος
699 2463 1016 2531 ἄνθρωπος,
1056 2467 1126 2520 ὃν
1157 2468 1232 2523 ἂν
1262 2471 1603 2541 παιδεύσῃς,
1633 2477 1829 2544 Κύριε,

276 2549 390 2603 καί
417 2551 488 2603 ἐκ
517 2551 620 2604 τοῦ
649 2553 829 2620 νόμου
859 2570 971 2608 σου
998 2556 1240 2624 διδάξῃς
1275 2562 1474 2626 αὐτὸν,
1509 2565 1612 2616 τοῦ
1639 2565 1824 2630 πραῧ-

276 2653 391 2691 ναι
414 2637 574 2702 αὐτῷ
605 2639 703 2706 ἀφ’
727 2641 955 2708 ἡμερῶν
979 2645 1267 2711 πονηρῶν,
1292 2648 1400 2713 ἕως
1427 2645 1498 2704 οὗ
1523 2651 1705 2719 ὀρυγῇ
1748 2652 1826 2718 τῷ

277 2727 616 2796 ἁμαρτωλῷ
632 2729 863 2796 βόθρος.
894 2732 1133 2796 Πεισθεὶς
1158 2736 1266 2803 ἐγὼ
1295 2740 1386 2790 καὶ
1411 2741 1696 2803 πιστεύσας
1717 2745 1827 2806 τοῖς

275 2817 618 2887 εἰρημένοις,
652 2821 742 2871 καὶ
766 2821 845 2872 ὅτι
869 2823 915 2872 οἱ
932 2822 1258 2894 διαλογισμοὶ
1275 2827 1381 2879 τῶν
1401 2828 1693 2898 ἀνθρώπων
1724 2831 1826 2883 εἰσὶ

278 2907 535 2988 μάταιρι,
567 2907 785 2971 εἰκότως
813 2912 1012 2962 ἐκεῖνον
1038 2913 1193 2980 μόνον
1228 2915 1486 2986 μακάριον
1511 2914 1642 2970 εἶναι
1666 2919 1827 2988 ἡγοῦ-

279 3008 418 3060 μαι,
451 2985 497 3043 ὦ
528 2993 716 3063 Κύριε,
738 2995 825 3048 τὸν
853 2997 957 3049 άπὸ
983 2999 1079 3069 τῆς
1108 3001 1204 3068 σῆς
1234 2985 1418 3070 σοφίας
1453 3007 1546 3057 καὶ
1568 2985 1824 3073 παιδείας,

1913 876 2212 929 facultatem
2246 875 2299 927 in
2328 873 2432 926 illis
2467 871 2692 925 inserit?
2717 870 2853 936 Quid
2883 869 3074 938 igitur?
3102 883 3228 920 nunt
3266 868 3311 919 is
3340 868 3429 934 qui

1912 963 2003 1015 tali
2023 963 2284 1014 hominem
2303 967 2491 1013 natura
2507 959 2741 1020 donavit,
2762 958 2874 1026 ipse
2888 955 3209 1024 cognitionis.
3242 969 3432 1019 expers

1910 1052 2032 1112 erit,
2067 1052 2139 1103 ita
2165 1058 2223 1102 ut
2258 1065 2322 1102 ne
2350 1050 2464 1117 ipsa
2506 1047 2741 1115 quidem,
2775 1061 3000 1114 quorum
3047 1045 3159 1112 ipse
3210 1041 3434 1108 largitor

1913 1147 2013 1202 est,
2041 1137 2364 1207 cognoscat?
2396 1135 2587 1190 Verum
2621 1135 2780 1202 impie
2830 1133 3094 1202 cogitandi
3125 1145 3186 1183 ac
3215 1132 3435 1198 loquen-

1913 1226 1967 1280 di
1999 1227 2152 1280 linem
2182 1226 2356 1287 facile,
2385 1241 2417 1278 ο
2447 1224 2567 1277 vani
2624 1223 2905 1276 homines:
2951 1235 3012 1274 ac
3041 1235 3165 1273 vero
3202 1219 3434 1271 sermoni

1913 1316 2341 1384 obtemperantes
2370 1316 2580 1376 scitote,
2611 1327 2730 1366 eum
2764 1312 2853 1380 qui
2885 1310 3138 1380 plantavit
3166 1322 3350 1361 aurem
3380 1307 3434 1359 in

1913 1403 2235 1466 hominibus,
2264 1403 2418 1471 longe
2475 1401 2622 1470 prius
2671 1415 2788 1469 qua:
2832 1400 3084 1452 dicuntur
3129 1396 3433 1449 auditurum

1914 1510 2064 1559 esse;
2115 1509 2177 1547 ac
2219 1508 2339 1547 eum
2367 1492 2456 1561 qui
2490 1492 2700 1544 oculum
2737 1489 2886 1542 ﬁnxit
2932 1486 3272 1548 hominibus,
3329 1498 3431 1537 non

1915 1583 2072 1635 modo
2100 1582 2341 1634 visurum
2379 1593 2440 1632 ac
2478 1585 2625 1646 gesta
2660 1583 3100 1644 conspecturum:
3145 1574 3237 1626 sed
3267 1581 3316 1626 et
3343 1586 3435 1624 co-

1915 1671 2195 1739 gitationes
2239 1667 2409 1720 adhuc
2452 1666 2506 1718 in
2554 1672 2728 1717 mente
2777 1664 2999 1716 latentes
3043 1661 3434 1713 intellecturum

1916 1775 2053 1813 esse.
2096 1757 2215 1810 llzec
2266 1759 2405 1810 enim
2436 1757 2607 1807 virtus
2657 1761 2737 1806 est
2775 1751 2863 1805 Dei
2893 1791 2907 1812 .
2958 1749 3325 1819 cognoscentis
3376 1761 3438 1799 ac

1917 1847 2266 1904 discernentis
2317 1845 2664 1914 cogitationes
2697 1844 2969 1898 hominum
3003 1841 3250 1910 quoniam
3289 1851 3439 1890 vana:

1919 1951 2063 1994 sunt.
2089 1939 2289 1991 Revera
2320 1936 2514 1994 omnis.
2544 1943 2597 1988 ut
2634 1935 2769 2002 apud
2802 1933 3042 1986 homines
3081 1930 3440 1992 existimatur,

1917 2030 2132 2090 veritas,
2168 2026 2447 2094 omnisque
2469 2025 2681 2077 illorum
2713 2022 2990 2090 sapientia,
3021 2034 3180 2087 quam
3214 2033 3277 2072 ex
3311 2031 3439 2086 pro-

1919 2114 2050 2183 priis
2079 2110 2369 2165 ratiociniis
2410 2117 2463 2164 et
2499 2109 2812 2162 mortalibus
2865 2104 3274 2176 cogitationibus
3307 2118 3455 2172 prae--

1919 2204 2129 2265 ferunt,
2166 2216 2303 2255 vana
2339 2208 2483 2254 certe.
2522 2198 2697 2253 fuerit.
2727 2197 2913 2251 Omnis
2943 2197 3134 2264 quippe
3181 2192 3462 2261 sapientiai.

1919 2303 1972 2350 et
1993 2295 2187 2350 veritas
2211 2307 2370 2362 penes
2396 2291 2567 2359 ipsum
2600 2289 2768 2343 solum
2802 2285 3029 2350 exsistit,
3059 2293 3111 2339 et
3137 2283 3203 2336 ab
3231 2284 3344 2352 ipso
3375 2281 3444 2335 iis

1921 2393 2124 2438 tantum
2155 2384 2245 2453 qui
2274 2383 2419 2452 digni
2451 2388 2573 2435 sunt
2607 2378 2826 2430 inditur.

1994 2471 2152 2525 Vens.
2183 2471 2276 2533 12,
2318 2471 2403 2524 15.
2447 2468 2635 2522 Beatus
2684 2466 2831 2518 homo
2867 2479 3013 2533 quem
3059 2471 3111 2514 tu
3151 2459 3439 2521 erudierit,

1922 2561 2154 2622 Domine,
2185 2568 2234 2611 et
2253 2559 2314 2612 de
2342 2558 2446 2628 iege
2480 2567 2567 2608 tua
2598 2554 2828 2608 docueris
2866 2569 3003 2621 eum,
3033 2561 3087 2603 ut
3118 2551 3316 2618 mitiges
3338 2549 3385 2603 ei
3411 2565 3443 2601 α

1922 2653 2096 2704 diebus
2135 2649 2306 2710 utalia,
2337 2649 2493 2702 donec
2549 2647 2778 2716 fodiatur
2838 2642 3092 2712 peccatori
3135 2641 3297 2707 fovea.
3335 2638 3444 2708 Ego

1925 2757 2082 2811 supra
2112 2740 2270 2793 dictis
2295 2740 2664 2807 obtemperans
2696 2743 2749 2790 et
2791 2734 3034 2798 credens,
3068 2732 3317 2785 nimirum
3354 2744 3446 2782 co-

1925 2832 2204 2902 gitationes
2245 2831 2514 2884 hominum
2555 2842 2720 2881 vanas
2770 2840 2889 2879 esse
2939 2823 3088 2877 illum
3120 2822 3290 2876 solum
3322 2821 3446 2874 bea-

1924 2932 2034 2976 tum
2055 2923 2174 2988 jure
2206 2920 2456 2981 arbitror,
2491 2917 2738 2977 Domine,
2786 2913 2874 2982 qui
2903 2927 2967 2968 ex
2997 2921 3085 2964 tua
3115 2911 3369 2979 sapientia
3395 2919 3446 2963 et

1923 3010 2221 3064 eruditione
2249 3010 2386 3062 velut
2419 3023 2481 3060 ex
2520 3006 2661 3058 fonte
2695 3005 2889 3057 hausit.
2951 3000 3228 3065 Quomodo
3270 3007 3444 3050 autem

277 3081 488 3178 ῶσπερ
515 3082 619 3133 ἀπὺ
639 3084 829 3178 πηγῇς
862 3088 1346 3156 μεταλαμϐάνοντα.
1378 3093 1498 3156 Πῶς
1517 3095 1574 3146 δὲ
1608 3096 1826 3164 μεταλά-

1927 3100 2046 3168 quis
2077 3099 2388 3151 eruditionis
2439 3106 2540 3149 tuae
2567 3097 2827 3163 particeps
2866 3093 3054 3154 fuerit,
3103 3091 3208 3144 nisi
3257 3089 3448 3142 divina:

274 3170 374 3221 6οι
404 3168 472 3219 ἄν
499 3184 580 3230 τις
605 3170 701 3238 τῆς
728 3171 822 3238 σῆς
852 3173 1088 3236 παιδείας
1118 3175 1150 3245 ἢ
1188 3177 1265 3245 τῷ
1295 3179 1438 3249 νόμῳ
1462 3197 1552 3233 σου
1586 3182 1663 3250 τῷ
1700 3183 1824 3253 θείῳ

276 3253 682 3325 μαθητευθείς;
718 3257 812 3308 Διὰ
839 3257 988 3310 τοῦτο
1013 3261 1118 3328 γάρ
1146 3263 1234 3313 καὶ
1271 3265 1568 3333 ἐγγράφους
1593 3270 1826 3339 παρέδωα

275 3360 398 3406 κας
430 3342 705 3406 εὐσεϐείας
735 3345 944 3414 νόμους,
972 3351 1049 3410 είς
1074 3350 1132 3402 τὸ
1161 3353 1581 3422 μεταλαμϐάνειν
1603 3356 1700 3425 τῆς
1733 3360 1828 3427 σῆς

277 3430 630 3495 παιδεύσεως
666 3435 788 3497 τοὺς
840 3437 1293 3509 μαθητευομένους
1331 3444 1524 3507 αὐτοῖς.
1584 3447 1828 3500 Διδασκό·

281 3523 441 3595 μεθα
468 3521 522 3574 δὲ
543 3521 627 3574 διὰ
653 3524 867 3589 τούτων,
900 3529 978 3580 ὅτι
1001 3529 1064 3582 τὰ
1089 3531 1442 3600 συμϐαίνοντα
1469 3539 1576 3598 τοῖς
1608 3537 1829 3600 δικαίοις

275 3613 518 3684 λυπηρὰ
545 3613 629 3664 ἐπ’
673 3614 900 3686 ὠφελείᾳ
950 3619 1119 3672 αὐτῶν
1159 3621 1377 3688 γίνεται,
1420 3626 1830 3696 γυμναζομένων

259 3705 391 3758 ’καὶ
423 3705 820 3774 πειραζομένων
841 3707 990 3779 δίκην
1011 3709 1246 3780 ἀθλητῶν
1275 3713 1404 3766 Θεοῦ
1435 3716 1520 3768 διὰ
1541 3718 1709 3770 πόνων
1739 3721 1830 3772 καὶ

284 3797 387 3852 διὰ
420 3793 640 3862 πληγῶν
669 3797 723 3846 ἐν
759 3798 994 3868 ὑπομονῇ
1037 3800 1479 3871 δοκιμαζομένων·
1519 3806 1606 3857 Αιδ
1635 3808 1692 3858 οὐ
1728 3809 1828 3878 Χρὴ

282 3883 606 3946 λυπεῖσθαι,
636 3885 750 3938 οὐδὲ
771 3887 1047 3956 ἀδημονεῖν
1073 3891 1160 3942 ἐπὶ
1189 3894 1298 3955 τοῖς
1321 3896 1670 3963 κακουμένοις
1694 3901 1832 3952 κατά

279 3981 388 4028 τὸν
424 3974 667 4042 παρόντα
705 3973 834 4043 βίον,
867 3979 1179 4047 μακαρίζειν
1211 3981 1266 4032 δὲ
1297 3982 1487 4051 μᾶλλον
1516 3986 1724 4050 αὐτοὺς,
1759 3989 1832 4051 ὡς

284 4064 406 4118 ὑπὸ
436 4061 531 4114 τοῦ
554 4062 680 4114 Θεοῦ
707 4064 1107 4134 παιδευομένους
1126 4084 1138 4098 ο
1171 4069 1466 4137 Μακάριος
1490 4072 1597 4143 γὰρ
1619 4074 1831 4141 ἅνθρω-

281 4172 436 4220 πος,
473 4152 545 4204 ὃν
582 4153 656 4205 ἂν
683 4154 1024 4223 παιδεύσῃς,
1044 4160 1243 4228 Κύριε;
1273 4162 1368 4213 καί
1411 4164 1474 4215 ἐκ
1506 4164 1608 4216 τοῦ
1649 4165 1830 4232 νόμου

282 4260 416 4298 σου
461 4241 708 4309 διδάξῃς
741 4246 938 4298 αὐτόν.
974 4247 1031 4298 '0
1059 4248 1164 4317 γὰρ
1195 4251 1566 4322 παιδευόμενος
1597 4255 1698 4306 ὑπὸ
1739 4254 1830 4306 σοῦ

283 4335 394 4389 καὶ
421 4331 815 4401 διδασκόμενος,
853 4336 1142 4403 πραΰνεται
1177 4339 1234 4391 ὲν
1262 4344 1376 4403 ταῖς
1407 4347 1660 4413 πονηραῖς
1695 4345 1830 4413 ημέο

1926 3189 2056 3257 legis
2083 3195 2185 3240 tua:
2224 3186 2504 3254 disciplina
2539 3183 2849 3236 institutus?
2897 3180 3027 3234 Nam
3078 3179 3197 3233 ideo
3236 3177 3446 3245 pietatis

1926 3279 2066 3346 leges
2115 3278 2311 3345 scripto
2361 3274 2663 3335 tradidisti,
2722 3281 2778 3325 ut
2843 3271 2932 3340 qui
2998 3271 3105 3324 illis
3160 3270 3452 3322 instituun-

1927 3377 2035 3430 tur,
2065 3365 2377 3422 eruditionis
2418 3375 2518 3419 tua:
2556 3363 2841 3432 participes
2870 3363 2996 3416 sint.
3031 3361 3126 3414 His
3172 3374 3299 3414 vero
3343 3359 3445 3412 du-

1929 3471 2110 3510 cemur
2133 3455 2304 3508 tristia
2356 3454 2466 3516 illa,
2499 3468 2616 3521 qua:
2651 3452 2810 3519 justis
2859 3451 3128 3511 accidunt,
3154 3449 3220 3502 ad
3264 3465 3445 3502 eorum

1931 3545 2207 3598 utilitatem
2235 3558 2353 3597 esse
2383 3560 2396 3607 ;
2433 3543 2601 3596 instar
2627 3543 2766 3594 enim
2797 3541 3122 3593 athletarum
3153 3537 3270 3600 Dei,
3296 3537 3446 3590 labo-

1929 3635 2078 3688 ribus
2129 3634 2489 3686 exercitantur
2517 3646 2581 3684 ac
2626 3637 2924 3692 tentantur,
2958 3628 3232 3698 plagisque
3266 3627 3318 3679 in
3351 3641 3448 3694 pa-

1929 3724 2114 3778 tientia
2140 3723 2447 3791 probantur.
2485 3720 2817 3789 Qnapmpter
2847 3719 3215 3789 ingruentibus
3244 3717 3296 3770 in
3322 3730 3451 3785 pra:-

1931 3814 2067 3868 senti
2098 3814 2202 3864 vita
2231 3813 2648 3874 calamitatibus,
2683 3825 2790 3863 non
2818 3808 3104 3862 dolendum
3133 3821 3232 3861 nec
3261 3806 3453 3874 despe-

1931 3904 2156 3958 randum
2185 3912 2296 3967 est;
2334 3903 2440 3955 imo
2463 3903 2640 3972 potius
2673 3901 2790 3954 illos
2819 3899 3005 3954 beatos
3031 3899 3296 3953 aestimare
3324 3911 3455 3949 con.

1932 3995 2096 4055 venit,
2139 3993 2280 4061 quod
2305 4009 2334 4046 a
2373 3991 2479 4046 Deo
2517 3991 2832 4045 erudiantur
2867 4006 2881 4043 :
2912 4003 3036 4041 nam
3084 3989 3261 4040 beatus
3282 3974 3453 4040 'homo

1931 4099 2080 4151 quem
2124 4092 2178 4134 tu
2211 4082 2462 4136 erudieris
2513 4080 2746 4143 Domine,
2775 4086 2824 4131 et
2870 4076 2933 4130 de
2970 4079 3075 4137 leae
3103 4086 3192 4128 tua
3219 4074 3452 4128 docueris

1931 4187 2067 4225 eum.
2101 4170 2305 4224 Etenim
2337 4173 2428 4239 qui
2478 4170 2572 4224 abs
2634 4177 2685 4222 te
2732 4167 2975 4220 eruditur
3017 4177 3068 4219 et
3119 4165 3361 4226 docetur,
3397 4167 3452 4216 in

1932 4259 2120 4312 diebus
2149 4259 2303 4311 malis
2332 4257 2622 4325 mitigatur.
2655 4254 2710 4307 In
2736 4255 2867 4324 ipsis
2917 4254 3112 4323 quippe
3156 4252 3456 4304 alﬂictioni—

1934 4346 2036 4411 bus
2064 4353 2115 4397 et
2141 4345 2524 4398 tentationibus
2556 4358 2584 4395 a
2611 4344 2726 4411 lege
2777 4353 2864 4396 tua
2909 4341 3328 4395 consolationem
3362 4357 3458 4392 na.

286 4441 442 4496 ραις.
488 4422 575 4474 Ἐν
599 4423 782 4485 αὐταῖς
818 4425 943 4490 γοῦν
967 4429 1084 4488 ταῖς
1128 4431 1507 4496 κακοπαθείαις
1538 4436 1628 4485 καὶ
1658 4437 1712 4487 ὲν
1742 4436 1826 4487 αὑ-

1936 4408 2074 4492 ctns,
2104 4433 2225 4486 hinc
2251 4433 2508 4486 medelam
2539 4408 2750 4500 accipit.
2780 4431 2846 4484 ad
2895 4431 3195 4500 patientiam
3240 4437 3293 4481 et
3332 4429 3456 4481 tole-

281 4517 412 4575 τοῖς
444 4515 556 4574 τοῖς
602 4517 916 4582 πειρασμοῖς
946 4515 1041 4577 τὰς
1085 4517 1188 4569 ἀπὸ
1212 4519 1303 4570 τοῦ
1339 4521 1498 4589 νόμου
1541 4539 1628 4574 σου
1663 4541 1832 4594 παρα-

289 4603 504 4673 μυθίας
551 4601 829 4670 λαμϐάνων
872 4603 1240 4672 θεραπεύεται,
1282 4610 1562 4676 ὑπομένειν
1599 4612 1833 4666 διδασκό-

287 4709 464 4764 μενος
488 4692 580 4742 καί
601 4691 978 4762 μακροθυμεῖν,
1000 4693 1107 4759 ἕως
1132 4691 1203 4750 οὗ
1227 4697 1406 4765 ὀρυγῇ
1427 4698 1502 4762 τῷ
1519 4701 1832 4768 ἁμαρτωλῷ

274 4782 548 4846 ⁸ϐόθρος·
582 4777 735 4830 τοῦτο
765 4779 869 4848 γὰρ
893 4781 1049 4832 αὑτὸν
1078 4784 1351 4853 περιμένει
1378 4785 1436 4836 τὸ
1464 4786 1627 4850 τέλος,
1668 4790 1832 4842 καθά-

282 4886 406 4940 ⁸περ
433 4872 462 4922 ό
485 4869 575 4930 σὸς
599 4869 756 4936 νόμος
778 4869 1025 4922 διδάσκει.
1054 4872 1141 4923 Διὸ
1160 4873 1322 4924 ταῦτα
1349 4873 1622 4942 μανθάνων
1647 4878 1704 4928 ἐν
1725 4882 1834 4941 τοῖς

283 4960 408 5014 τῶν
440 4957 752 5027 πειρασμῶν
785 4962 986 5027 καιροῖς
1012 4960 1040 5010 ό
1063 4960 1282 5023 δίκαιος,
1317 4962 1607 5029 πραΰνεται
1635 4967 1725 5016 καὶ
1747 4966 1832 5018 θε-

282 5048 618 5124 ραπεύεται,
661 5047 755 5107 τὰς
803 5049 1046 5110 ἐκϐάσεις
1088 5050 1191 5100 τῶν
1233 5050 1560 5118 πραγμάτων
1598 5054 1829 5118 σκοπῶν,

1937 4524 2159 4574 rantiam
2190 4522 2483 4583 institutus,
2518 4522 2676 4574 donec
2715 4521 2946 4589 fodiatur
2988 4520 3241 4589 peccatori
3281 4519 3471 4578 fovea;-

1936 4612 2023 4664 hic
2055 4613 2192 4666 enim
2217 4612 2364 4664 illum
2393 4611 2512 4664 linis
2539 4618 2832 4678 exspectat,
2876 4620 2931 4663 ut
2955 4614 3037 4665 lex
3076 4619 3165 4662 tua
3197 4610 3448 4662 declarat.

1934 4700 2290 4766 Quamobrem
2327 4701 2507 4769 justus
2555 4701 2666 4754 haec
2728 4705 2781 4756 in
2845 4701 3155 4754 teutationis
3219 4707 3453 4766 tempore

1911 4793 2174 4852 edoctus,
2227 4791 2500 4860 mitigatur
2561 4807 2625 4844 ac
2680 4793 2938 4846 medelam
3012 4790 3225 4859 accipit,
3277 4803 3449 4842 rerum

1935 4890 2177 4942 eventus,
2209 4888 2369 4947 atque
2425 4880 2670 4933 vexantis
2720 4895 2778 4934 se
2824 4879 3122 4949 peccatoris
3151 4876 3460 4935 foveatn.ir.

1934 4983 2092 5037 quam
2141 4969 2313 5032 cadet,
2367 4969 2737 5030 considerans,
2766 4971 3064 5038 bonamque
3104 4982 3255 5022 suam
3319 4967 3458 5034 apud

1939 5059 2096 5112 Deum
2127 5074 2270 5127 spem
2302 5074 2410 5126 prae
2434 5060 2603 5112 oculis
2643 5058 2862 5112 habens.

282 5144 395 5199 καὶ
434 5141 528 5193 τοῦ
578 5140 674 5209 μὲν
722 5140 1138 5202 καταπονοῦντος
1173 5140 1328 5192 αὑτὸν
1381 5140 1692 5208 ἁμαρτωλοῦ
1735 5145 1830 5199 τὸν
1859 5147 2040 5217 βόθρον
2061 5149 2138 5210 εἰς
2159 5149 2216 5200 ὃν
2243 5149 2570 5216 ἐμπεσεῖται,
2596 5147 2784 5200 ἑαυτοῦ
2803 5147 2858 5199 δὲ
2881 5147 2974 5208 τὰς
3029 5142 3176 5213 παρὰ
3227 5141 3305 5211 τῷ
3343 5144 3463 5212 Θεῷ

279 5232 508 5304 ἀγαθὰς
540 5229 753 5291 ἐλπίδας
780 5229 880 5298 πρὸ
904 5229 1182 5298 ὀφθαλμῶν
1205 5228 1496 5294 τιθέμενος.

375 5327 503 5376 Ὀτι
535 5324 646 5374 οὐκ
676 5318 966 5372 ἀπώσεται
997 5323 1197 5385 Κύριος
1221 5316 1324 5368 τὸν
1348 5314 1497 5367 λαὸν
1519 5317 1716 5378 αὑτοῦ,
1738 5322 1842 5374 καὶ

283 5416 416 5480 τὴν
471 5411 869 5478 κληρονομίαν
897 5409 1077 5462 αὑτοῦ
1107 5411 1209 5461 οὐκ
1261 5407 1682 5472 ἐγκαταλείψει,
1718 5409 1836 5476 ἕως

278 5502 374 5560 οἱ
404 5503 749 5565 δικαιοσύνη
777 5499 1091 5566 ἐπιστρέψῃ
1123 5500 1207 5560 εἰς
1244 5495 1456 5561 κρίσιν,
1500 5494 1593 5546 καὶ
1627 5496 1838 5566 ἐχόμε-

244 5597 254 5610 ⁸
281 5612 397 5651 rat
419 5591 608 5657 αὐτῆς
628 5589 840 5652 πάντες
865 5593 916 5641 οι
935 5589 1115 5653 ε-ὺθεῖς
1144 5585 1218 5650 τῇ
1247 5583 1473 5650 καρδίᾳ.
1501 5584 1834 5656 Ardet-alga,

302 5681 646 5742 Ἀκολούθως
679 5678 807 5730 μετὰ
844 5678 900 5730 τὸ
929 5675 1206 5740 immitia:
1243 5672 1334 5734 τὶν
1375 5672 1710 5727 ἀποκείμενον
1747 5678 1837 5732 τῶ

2014 5322 2175 5376 Vens.
2202 5320 2286 5382 14,
2319 5319 2403 5372 15.
2447 5320 2583 5384 Quia
2618 5336 2717 5371 non
2752 5319 2954 5385 repellet
2986 5316 3239 5368 Dominus
3267 5318 3470 5384 plebem

1938 5429 2104 5472 suam.
2142 5420 2190 5464 et
2218 5409 2565 5462 hwreditatem
2599 5425 2748 5460 suam
2779 5425 2878 5459 non
2900 5407 3232 5474 derelinquet,
3258 5413 3464 5476 quoad.

1944 5515 2097 5563 usque
2111 5499 2318 5566 justitia
2346 5505 2671 5548 convertatur
2699 5498 2750 5548 in
2776 5496 3058 5562 judicium,
3098 5507 3144 5548 et
3179 5497 3266 5563 qui
3287 5497 3438 5550 adha'

1945 5599 2051 5642 rent
2082 5590 2178 5657 ipsi
2217 5603 2388 5640 omnes
2427 5588 2550 5638 recti
2594 5585 2762 5638 corde.
2796 5583 3124 5652 Diopsaimo.
3167 5583 3460 5652 Postquam

1949 5689 2180 5744 paratam
2233 5676 2494 5743 peccatori
2558 5674 2756 5729 foveam
2799 5671 3176 5740 descripserat,
3224 5668 3464 5722 faustum
