  <div class='ocr_page' id='page_1' title='image "/cluster/home/n/w/nwhite01/storage/ocr_20150623/23 (Eusebius, pt. 5)/nyp.33433081862363/640.png"; bbox 0 0 3848 6410; ppageno 0'>
   <div class='ocr_carea' id='block_1_1' title="bbox 281 343 437 402">
    <p class='ocr_par' dir='ltr' id='par_1_1' title="bbox 281 343 437 402">
     <span class='ocr_line' id='line_1_1' title="bbox 281 343 437 402; baseline 0.038 -5"><span class='ocrx_word' id='word_1_1' title='bbox 281 343 437 402; x_wconf 63' lang='lat'><strong>1905</strong></span> 
     </span>
    </p>
   </div>
   <div class='ocr_carea' id='block_1_2' title="bbox 1453 355 2398 412">
    <p class='ocr_par' dir='ltr' id='par_1_2' title="bbox 1453 355 2398 412">
     <span class='ocr_line' id='line_1_2' title="bbox 1453 355 2398 412; baseline 0 -1"><span class='ocrx_word' id='word_1_2' title='bbox 1453 355 1936 412; x_wconf 69' lang='lat' dir='ltr'><strong>COMMENTARIA</strong></span> <span class='ocrx_word' id='word_1_3' title='bbox 1973 355 2036 408; x_wconf 79' lang='lat' dir='ltr'><strong>IN</strong></span> <span class='ocrx_word' id='word_1_4' title='bbox 2076 355 2398 411; x_wconf 76' lang='lat' dir='ltr'><strong>PSALMOS.</strong></span> 
     </span>
    </p>
   </div>
   <div class='ocr_carea' id='block_1_3' title="bbox 3342 365 3474 420">
    <p class='ocr_par' dir='ltr' id='par_1_3' title="bbox 3342 365 3474 420">
     <span class='ocr_line' id='line_1_3' title="bbox 3342 365 3474 420; baseline 0.015 -2"><span class='ocrx_word' id='word_1_5' title='bbox 3342 365 3474 420; x_wconf 75' lang='lat' dir='ltr'><strong>i206</strong></span> 
     </span>
    </p>
   </div>
   <div class='ocr_carea' id='block_1_4' title="bbox 279 457 1859 539">
    <p class='ocr_par' dir='ltr' id='par_1_4' title="bbox 279 457 1858 539">
     <span class='ocr_line' id='line_1_4' title="bbox 279 457 1858 539; baseline 0.007 -30"><span class='ocrx_word' id='word_1_6' title='bbox 279 457 588 526; x_wconf 63' lang='grc' dir='ltr'>ὁμολογῶν</span> <span class='ocrx_word' id='word_1_7' title='bbox 617 462 845 533; x_wconf 79' lang='grc' dir='ltr'>τάληθῆ,</span> <span class='ocrx_word' id='word_1_8' title='bbox 876 465 1065 535; x_wconf 75' lang='grc' dir='ltr'>μηδένα</span> <span class='ocrx_word' id='word_1_9' title='bbox 1096 466 1279 537; x_wconf 75' lang='grc' dir='ltr'>βοηθὸν</span> <span class='ocrx_word' id='word_1_10' title='bbox 1304 469 1358 519; x_wconf 78' lang='grc' dir='ltr'><strong>ἐν</strong></span> <span class='ocrx_word' id='word_1_11' title='bbox 1382 467 1676 539; x_wconf 77' lang='grc' dir='ltr'>ἀνθρώποις</span> <span class='ocrx_word' id='word_1_12' title='bbox 1699 470 1858 537; x_wconf 82' lang='grc' dir='ltr'>εὑρή-</span> 
     </span>
    </p>
   </div>
   <div class='ocr_carea' id='block_1_5' title="bbox 1961 457 3474 539">
    <p class='ocr_par' dir='ltr' id='par_1_5' title="bbox 1961 469 3474 538">
     <span class='ocr_line' id='line_1_5' title="bbox 1961 469 3474 538; baseline 0.006 -18"><span class='ocrx_word' id='word_1_13' title='bbox 1961 482 2227 536; x_wconf 73' lang='lat' dir='ltr'><strong>tutumque</strong></span> <span class='ocrx_word' id='word_1_14' title='bbox 2253 475 2457 520; x_wconf 75' lang='lat' dir='ltr'><strong>tantum</strong></span> <span class='ocrx_word' id='word_1_15' title='bbox 2489 469 2875 533; x_wconf 81' lang='lat' dir='ltr'><strong>ausiliatorem,</strong></span> <span class='ocrx_word' id='word_1_16' title='bbox 2923 470 3203 526; x_wconf 85' lang='lat' dir='ltr'><strong>Dominum</strong></span> <span class='ocrx_word' id='word_1_17' title='bbox 3250 475 3474 538; x_wconf 67' lang='lat' dir='ltr'><strong>scilicet,</strong></span> 
     </span>
    </p>
   </div>
   <div class='ocr_carea' id='block_1_6' title="bbox 283 547 1858 622">
    <p class='ocr_par' dir='ltr' id='par_1_6' title="bbox 283 547 1858 622">
     <span class='ocr_line' id='line_1_6' title="bbox 283 547 1858 622; baseline 0.008 -28"><span class='ocrx_word' id='word_1_18' title='bbox 283 559 410 595; x_wconf 85' lang='grc' dir='ltr'>σειν</span> <span class='ocrx_word' id='word_1_19' title='bbox 437 547 704 618; x_wconf 80' lang='grc' dir='ltr'>ἐμαυτῷ,</span> <span class='ocrx_word' id='word_1_20' title='bbox 743 551 835 601; x_wconf 82' lang='grc' dir='ltr'><strong>ἐνα</strong></span> <span class='ocrx_word' id='word_1_21' title='bbox 857 550 911 602; x_wconf 81' lang='grc' dir='ltr'><strong>δὲ</strong></span> <span class='ocrx_word' id='word_1_22' title='bbox 939 552 1098 620; x_wconf 84' lang='grc' dir='ltr'>μόνον</span> <span class='ocrx_word' id='word_1_23' title='bbox 1129 555 1406 622; x_wconf 76' lang='grc' dir='ltr'><strong>ἐπίκουρον</strong></span> <span class='ocrx_word' id='word_1_24' title='bbox 1441 555 1748 622; x_wconf 83' lang='grc' dir='ltr'>κεκτῆσθαι,</span> <span class='ocrx_word' id='word_1_25' title='bbox 1771 554 1858 606; x_wconf 82' lang='grc' dir='ltr'><strong>τὸν</strong></span> 
     </span>
    </p>
   </div>
   <div class='ocr_carea' id='block_1_7' title="bbox 282 634 1860 712">
    <p class='ocr_par' dir='ltr' id='par_1_7' title="bbox 282 634 1860 712">
     <span class='ocr_line' id='line_1_7' title="bbox 282 634 1860 712; baseline 0.006 -27"><span class='ocrx_word' id='word_1_26' title='bbox 282 634 537 704; x_wconf 67' lang='grc' dir='ltr'>Κύριον,</span> <span class='ocrx_word' id='word_1_27' title='bbox 567 639 633 700; x_wconf 77' lang='grc' dir='ltr'>ὃς</span> <span class='ocrx_word' id='word_1_28' title='bbox 675 643 724 691; x_wconf 75' lang='grc' dir='ltr'>εἱ</span> <span class='ocrx_word' id='word_1_29' title='bbox 751 640 822 709; x_wconf 79' lang='grc' dir='ltr'>μὴ</span> <span class='ocrx_word' id='word_1_30' title='bbox 869 640 1178 712; x_wconf 75' lang='grc' dir='ltr'>βεόοηθήκει</span> <span class='ocrx_word' id='word_1_31' title='bbox 1206 661 1312 712; x_wconf 86' lang='grc' dir='ltr'>μοι,</span> <span class='ocrx_word' id='word_1_32' title='bbox 1341 644 1501 697; x_wconf 84' lang='grc' dir='ltr'>πάλαι</span> <span class='ocrx_word' id='word_1_33' title='bbox 1539 644 1600 697; x_wconf 80' lang='grc' dir='ltr'>ἂν</span> <span class='ocrx_word' id='word_1_34' title='bbox 1624 644 1725 696; x_wconf 74' lang='grc' dir='ltr'>ὑπὸ</span> <span class='ocrx_word' id='word_1_35' title='bbox 1757 644 1860 695; x_wconf 83' lang='grc' dir='ltr'><strong>τῶν</strong></span> 
     </span>
    </p>
   </div>
   <div class='ocr_carea' id='block_1_8' title="bbox 283 730 1862 802">
    <p class='ocr_par' dir='ltr' id='par_1_8' title="bbox 283 730 1862 802">
     <span class='ocr_line' id='line_1_8' title="bbox 283 730 1862 802; baseline 0.006 -28"><span class='ocrx_word' id='word_1_36' title='bbox 283 730 772 796; x_wconf 82' lang='grc' dir='ltr'>πονηρευομὲνων</span> <span class='ocrx_word' id='word_1_37' title='bbox 795 732 885 782; x_wconf 75' lang='grc' dir='ltr'>καὶ</span> <span class='ocrx_word' id='word_1_38' title='bbox 907 730 1010 782; x_wconf 85' lang='grc' dir='ltr'><strong>τῶν</strong></span> <span class='ocrx_word' id='word_1_39' title='bbox 1036 732 1402 802; x_wconf 77' lang='grc' dir='ltr'><strong>ἐργαζομένων</strong></span> <span class='ocrx_word' id='word_1_40' title='bbox 1420 735 1514 802; x_wconf 78' lang='grc' dir='ltr'>τὴν</span> <span class='ocrx_word' id='word_1_41' title='bbox 1538 734 1758 802; x_wconf 77' lang='grc' dir='ltr'><strong>ἀνομίαν</strong></span> <span class='ocrx_word' id='word_1_42' title='bbox 1781 751 1862 784; x_wconf 84' lang='grc' dir='ltr'><strong>νε-</strong></span> 
     </span>
    </p>
   </div>
   <div class='ocr_carea' id='block_1_9' title="bbox 289 817 1862 894">
    <p class='ocr_par' dir='ltr' id='par_1_9' title="bbox 289 817 1862 894">
     <span class='ocr_line' id='line_1_9' title="bbox 289 817 1862 894; baseline 0.015 -29"><span class='ocrx_word' id='word_1_43' title='bbox 289 817 610 884; x_wconf 77' lang='grc' dir='ltr'>νικημένος</span> <span class='ocrx_word' id='word_1_44' title='bbox 662 821 738 890; x_wconf 76' lang='grc' dir='ltr'>τῷ</span> <span class='ocrx_word' id='word_1_45' title='bbox 763 821 858 892; x_wconf 74' lang='grc' dir='ltr'><strong>ᾄδῃ</strong></span> <span class='ocrx_word' id='word_1_46' title='bbox 897 824 1196 893; x_wconf 79' lang='grc' dir='ltr'>παρῴκουν,</span> <span class='ocrx_word' id='word_1_47' title='bbox 1232 825 1395 893; x_wconf 75' lang='grc' dir='ltr'>αὐτῆς</span> <span class='ocrx_word' id='word_1_48' title='bbox 1435 841 1533 892; x_wconf 84' lang='grc' dir='ltr'><strong>μου</strong></span> <span class='ocrx_word' id='word_1_49' title='bbox 1563 825 1658 894; x_wconf 79' lang='grc' dir='ltr'><strong>τῆς</strong></span> <span class='ocrx_word' id='word_1_50' title='bbox 1692 824 1862 892; x_wconf 72' lang='grc' dir='ltr'>ψυχῆς</span> 
     </span>
    </p>
   </div>
   <div class='ocr_carea' id='block_1_10' title="bbox 284 905 1862 982">
    <p class='ocr_par' dir='ltr' id='par_1_10' title="bbox 284 905 1862 982">
     <span class='ocr_line' id='line_1_10' title="bbox 284 905 1862 982; baseline 0.008 -30"><span class='ocrx_word' id='word_1_51' title='bbox 284 905 393 954; x_wconf 76' lang='grc' dir='ltr'><strong>καὶ</strong></span> <span class='ocrx_word' id='word_1_52' title='bbox 418 905 530 974; x_wconf 82' lang='grc' dir='ltr'><strong>τῆς</strong></span> <span class='ocrx_word' id='word_1_53' title='bbox 557 905 807 978; x_wconf 82' lang='grc' dir='ltr'><strong>λογικῆς,</strong></span> <span class='ocrx_word' id='word_1_54' title='bbox 835 914 926 964; x_wconf 77' lang='grc' dir='ltr'><strong>καὶ</strong></span> <span class='ocrx_word' id='word_1_55' title='bbox 964 913 1060 980; x_wconf 83' lang='grc' dir='ltr'><strong>τῆς</strong></span> <span class='ocrx_word' id='word_1_56' title='bbox 1085 915 1199 964; x_wconf 89' lang='grc' dir='ltr'>κατ’</span> <span class='ocrx_word' id='word_1_57' title='bbox 1224 913 1401 964; x_wconf 78' lang='grc' dir='ltr'>εῐκόνα</span> <span class='ocrx_word' id='word_1_58' title='bbox 1425 911 1555 965; x_wconf 80' lang='grc' dir='ltr'>Θεοῦ</span> <span class='ocrx_word' id='word_1_59' title='bbox 1579 913 1862 982; x_wconf 83' lang='grc' dir='ltr'><strong>γενομένης</strong></span> 
     </span>
    </p>
   </div>
   <div class='ocr_carea' id='block_1_11' title="bbox 280 992 1863 1071">
    <p class='ocr_par' dir='ltr' id='par_1_11' title="bbox 280 992 1863 1071">
     <span class='ocr_line' id='line_1_11' title="bbox 280 992 1863 1071; baseline 0.008 -31"><span class='ocrx_word' id='word_1_60' title='bbox 280 992 351 1041; x_wconf 81' lang='grc' dir='ltr'><strong>ού</strong></span> <span class='ocrx_word' id='word_1_61' title='bbox 361 993 518 1056; x_wconf 78' lang='grc' dir='ltr'>σίας,</span> <span class='ocrx_word' id='word_1_62' title='bbox 541 997 642 1050; x_wconf 74' lang='grc' dir='ltr'><strong>τὸν</strong></span> <span class='ocrx_word' id='word_1_63' title='bbox 673 999 890 1052; x_wconf 84' lang='grc' dir='ltr'>θάνατον</span> <span class='ocrx_word' id='word_1_64' title='bbox 914 1001 1006 1052; x_wconf 69' lang='grc' dir='ltr'><strong>καὶ</strong></span> <span class='ocrx_word' id='word_1_65' title='bbox 1028 1001 1114 1052; x_wconf 82' lang='grc' dir='ltr'><strong>τὸν</strong></span> <span class='ocrx_word' id='word_1_66' title='bbox 1129 1000 1257 1070; x_wconf 70' lang='grc' dir='ltr'>ᾅδην</span> <span class='ocrx_word' id='word_1_67' title='bbox 1279 1002 1580 1071; x_wconf 78' lang='grc' dir='ltr'><strong>οἰκητήριον</strong></span> <span class='ocrx_word' id='word_1_68' title='bbox 1603 1000 1863 1070; x_wconf 77' lang='grc' dir='ltr'><strong>λαχούσης</strong></span> 
     </span>
    </p>
   </div>
   <div class='ocr_carea' id='block_1_12' title="bbox 287 1080 1862 1161">
    <p class='ocr_par' dir='ltr' id='par_1_12' title="bbox 287 1080 1862 1161">
     <span class='ocr_line' id='line_1_12' title="bbox 287 1080 1862 1161; baseline 0.018 -32"><span class='ocrx_word' id='word_1_69' title='bbox 287 1080 471 1148; x_wconf 66' lang='grc' dir='ltr'>ἔχειν.</span> <span class='ocrx_word' id='word_1_70' title='bbox 503 1085 706 1140; x_wconf 75' lang='grc' dir='ltr'>Ταῦτα</span> <span class='ocrx_word' id='word_1_71' title='bbox 727 1089 770 1140; x_wconf 84' lang='grc' dir='ltr'>δ’</span> <span class='ocrx_word' id='word_1_72' title='bbox 794 1085 883 1141; x_wconf 73' lang='grc' dir='ltr'>οὖν</span> <span class='ocrx_word' id='word_1_73' title='bbox 921 1090 1112 1142; x_wconf 78' lang='grc' dir='ltr'>ἔπαθον</span> <span class='ocrx_word' id='word_1_74' title='bbox 1137 1091 1222 1152; x_wconf 81' lang='grc' dir='ltr'>ἂν,</span> <span class='ocrx_word' id='word_1_75' title='bbox 1265 1093 1310 1143; x_wconf 79' lang='grc' dir='ltr'>εξ</span> <span class='ocrx_word' id='word_1_76' title='bbox 1341 1093 1417 1160; x_wconf 80' lang='grc' dir='ltr'>μὴ·</span> <span class='ocrx_word' id='word_1_77' title='bbox 1437 1091 1592 1153; x_wconf 79' lang='grc' dir='ltr'>αὐτὸς</span> <span class='ocrx_word' id='word_1_78' title='bbox 1615 1094 1641 1144; x_wconf 81' lang='grc' dir='ltr'>ὁ</span> <span class='ocrx_word' id='word_1_79' title='bbox 1668 1091 1862 1161; x_wconf 73' lang='grc' dir='ltr'>Κύριος</span> 
     </span>
    </p>
   </div>
   <div class='ocr_carea' id='block_1_13' title="bbox 287 1174 1862 1251">
    <p class='ocr_par' dir='ltr' id='par_1_13' title="bbox 287 1174 1862 1251">
     <span class='ocr_line' id='line_1_13' title="bbox 287 1174 1862 1251; baseline 0.008 -29"><span class='ocrx_word' id='word_1_80' title='bbox 287 1174 610 1241; x_wconf 77' lang='grc' dir='ltr'>παραστὰς</span> <span class='ocrx_word' id='word_1_81' title='bbox 635 1175 950 1247; x_wconf 68' lang='grc' dir='ltr'>βεϐοηθὴκει</span> <span class='ocrx_word' id='word_1_82' title='bbox 971 1177 1075 1248; x_wconf 81' lang='grc' dir='ltr'>μοι.</span> <span class='ocrx_word' id='word_1_83' title='bbox 1107 1180 1171 1232; x_wconf 76' lang='grc' dir='ltr'>Εἴ</span> <span class='ocrx_word' id='word_1_84' title='bbox 1187 1197 1312 1232; x_wconf 87' lang='grc' dir='ltr'>ποτε</span> <span class='ocrx_word' id='word_1_85' title='bbox 1333 1181 1458 1248; x_wconf 80' lang='grc' dir='ltr'><strong>γοῦν</strong></span> <span class='ocrx_word' id='word_1_86' title='bbox 1482 1180 1862 1251; x_wconf 80' lang='grc' dir='ltr'><strong>πειραζόμενος</strong></span> 
     </span>
    </p>
   </div>
   <div class='ocr_carea' id='block_1_14' title="bbox 289 1261 1862 1339">
    <p class='ocr_par' dir='ltr' id='par_1_14' title="bbox 289 1261 1862 1339">
     <span class='ocr_line' id='line_1_14' title="bbox 289 1261 1862 1339; baseline 0.008 -28"><span class='ocrx_word' id='word_1_87' title='bbox 289 1261 354 1312; x_wconf 74' lang='grc' dir='ltr'>ἐν</span> <span class='ocrx_word' id='word_1_88' title='bbox 379 1265 505 1325; x_wconf 84' lang='grc' dir='ltr'>τοῖς</span> <span class='ocrx_word' id='word_1_89' title='bbox 556 1265 770 1332; x_wconf 81' lang='grc' dir='ltr'>ἀγῶσιν</span> <span class='ocrx_word' id='word_1_90' title='bbox 805 1269 1163 1338; x_wconf 77' lang='grc' dir='ltr'>ἀντελαϐὀμην</span> <span class='ocrx_word' id='word_1_91' title='bbox 1199 1269 1472 1332; x_wconf 78' lang='grc' dir='ltr'>ἀσθενείας</span> <span class='ocrx_word' id='word_1_92' title='bbox 1515 1270 1762 1339; x_wconf 62' lang='grc' dir='ltr'>ἐμαυτοῦ,</span> <span class='ocrx_word' id='word_1_93' title='bbox 1790 1271 1862 1334; x_wconf 78' lang='grc' dir='ltr'>ὡς</span> 
     </span>
    </p>
   </div>
   <div class='ocr_carea' id='block_1_15' title="bbox 289 1351 1860 1432">
    <p class='ocr_par' dir='ltr' id='par_1_15' title="bbox 289 1351 1860 1432">
     <span class='ocr_line' id='line_1_15' title="bbox 289 1351 1860 1432; baseline 0.017 -32"><span class='ocrx_word' id='word_1_94' title='bbox 289 1351 656 1406; x_wconf 77' lang='grc' dir='ltr'><strong>κινδυνεύειν</strong></span> <span class='ocrx_word' id='word_1_95' title='bbox 703 1356 1014 1425; x_wconf 77' lang='grc' dir='ltr'>σαλευθῆναι</span> <span class='ocrx_word' id='word_1_96' title='bbox 1050 1360 1170 1420; x_wconf 77' lang='grc' dir='ltr'>τοὺς</span> <span class='ocrx_word' id='word_1_97' title='bbox 1193 1359 1352 1421; x_wconf 81' lang='grc' dir='ltr'>πόδας</span> <span class='ocrx_word' id='word_1_98' title='bbox 1385 1361 1479 1428; x_wconf 85' lang='grc' dir='ltr'><strong>τῆς</strong></span> <span class='ocrx_word' id='word_1_99' title='bbox 1517 1360 1650 1430; x_wconf 81' lang='grc' dir='ltr'>ἐμῆς</span> <span class='ocrx_word' id='word_1_100' title='bbox 1673 1361 1860 1432; x_wconf 73' lang='grc' dir='ltr'>ψυχῆς,</span> 
     </span>
    </p>
   </div>
   <div class='ocr_carea' id='block_1_16' title="bbox 291 1441 1863 1522">
    <p class='ocr_par' dir='ltr' id='par_1_16' title="bbox 291 1441 1863 1522">
     <span class='ocr_line' id='line_1_16' title="bbox 291 1441 1863 1522; baseline 0.009 -31"><span class='ocrx_word' id='word_1_101' title='bbox 291 1441 562 1509; x_wconf 81' lang='grc' dir='ltr'><strong>ὁμολογῶ</strong></span> <span class='ocrx_word' id='word_1_102' title='bbox 590 1447 930 1516; x_wconf 83' lang='grc' dir='ltr'>παραχρῆμα</span> <span class='ocrx_word' id='word_1_103' title='bbox 952 1449 1042 1500; x_wconf 78' lang='grc' dir='ltr'><strong>τοῦ</strong></span> <span class='ocrx_word' id='word_1_104' title='bbox 1067 1449 1242 1511; x_wconf 81' lang='grc' dir='ltr'>ἐλέους</span> <span class='ocrx_word' id='word_1_105' title='bbox 1268 1466 1378 1510; x_wconf 85' lang='grc' dir='ltr'>σου,</span> <span class='ocrx_word' id='word_1_106' title='bbox 1404 1450 1587 1520; x_wconf 81' lang='grc' dir='ltr'>Κύριε,</span> <span class='ocrx_word' id='word_1_107' title='bbox 1623 1453 1863 1522; x_wconf 74' lang='grc' dir='ltr'>αἴσθησιν</span> 
     </span>
    </p>
   </div>
   <div class='ocr_carea' id='block_1_17' title="bbox 289 1530 1864 1611">
    <p class='ocr_par' dir='ltr' id='par_1_17' title="bbox 289 1530 1864 1611">
     <span class='ocr_line' id='line_1_17' title="bbox 289 1530 1864 1611; baseline 0.01 -31"><span class='ocrx_word' id='word_1_108' title='bbox 289 1530 624 1599; x_wconf 71' lang='grc' dir='ltr'><strong>εἰληφέναι,</strong></span> <span class='ocrx_word' id='word_1_109' title='bbox 668 1535 759 1586; x_wconf 69' lang='grc' dir='ltr'>καὶ</span> <span class='ocrx_word' id='word_1_110' title='bbox 785 1536 886 1586; x_wconf 75' lang='grc' dir='ltr'><strong>ὑπὸ</strong></span> <span class='ocrx_word' id='word_1_111' title='bbox 910 1537 999 1588; x_wconf 77' lang='grc' dir='ltr'><strong>σού</strong></span> <span class='ocrx_word' id='word_1_112' title='bbox 1033 1535 1378 1607; x_wconf 76' lang='grc' dir='ltr'>βεϐοηοῆσθαι</span> <span class='ocrx_word' id='word_1_113' title='bbox 1397 1556 1411 1569; x_wconf 76' lang='grc' dir='ltr'><strong>ο</strong></span> <span class='ocrx_word' id='word_1_114' title='bbox 1449 1540 1522 1602; x_wconf 83' lang='grc' dir='ltr'>ὡς</span> <span class='ocrx_word' id='word_1_115' title='bbox 1545 1543 1591 1592; x_wconf 78' lang='grc' dir='ltr'><strong>ει</strong></span> <span class='ocrx_word' id='word_1_116' title='bbox 1619 1540 1688 1611; x_wconf 83' lang='grc' dir='ltr'><strong>μὴ</strong></span> <span class='ocrx_word' id='word_1_117' title='bbox 1712 1543 1864 1596; x_wconf 79' lang='grc' dir='ltr'>τοῦτό</span> 
     </span>
    </p>
   </div>
   <div class='ocr_carea' id='block_1_18' title="bbox 299 1621 1862 1694">
    <p class='ocr_par' dir='ltr' id='par_1_18' title="bbox 299 1621 1862 1694">
     <span class='ocr_line' id='line_1_18' title="bbox 299 1621 1862 1694; baseline 0.007 -24"><span class='ocrx_word' id='word_1_118' title='bbox 299 1635 397 1687; x_wconf 82' lang='grc' dir='ltr'><strong>μοι</strong></span> <span class='ocrx_word' id='word_1_119' title='bbox 436 1621 632 1690; x_wconf 82' lang='grc' dir='ltr'>παρῆν</span> <span class='ocrx_word' id='word_1_120' title='bbox 685 1623 1030 1693; x_wconf 67' lang='grc' dir='ltr'>ὑποστηρίζω</span> <span class='ocrx_word' id='word_1_121' title='bbox 1077 1643 1173 1694; x_wconf 83' lang='grc' dir='ltr'><strong>μου</strong></span> <span class='ocrx_word' id='word_1_122' title='bbox 1213 1628 1333 1689; x_wconf 69' lang='grc' dir='ltr'>τοὺς</span> <span class='ocrx_word' id='word_1_123' title='bbox 1371 1628 1548 1691; x_wconf 69' lang='grc' dir='ltr'>πόδας,</span> <span class='ocrx_word' id='word_1_124' title='bbox 1597 1630 1757 1683; x_wconf 89' lang='grc' dir='ltr'>πάλαι</span> <span class='ocrx_word' id='word_1_125' title='bbox 1799 1631 1862 1684; x_wconf 91' lang='grc' dir='ltr'><strong>ἂν</strong></span> 
     </span>
    </p>
   </div>
   <div class='ocr_carea' id='block_1_19' title="bbox 294 1704 1858 1785">
    <p class='ocr_par' dir='ltr' id='par_1_19' title="bbox 294 1704 1858 1785">
     <span class='ocr_line' id='line_1_19' title="bbox 294 1704 1858 1785; baseline 0.013 -31"><span class='ocrx_word' id='word_1_126' title='bbox 294 1704 614 1774; x_wconf 75' lang='grc' dir='ltr'>ὀλισθήσας</span> <span class='ocrx_word' id='word_1_127' title='bbox 664 1709 992 1763; x_wconf 78' lang='grc' dir='ltr'>ἐπεπτώκειν</span> <span class='ocrx_word' id='word_1_128' title='bbox 1028 1713 1130 1764; x_wconf 83' lang='grc' dir='ltr'>ἀπὸ</span> <span class='ocrx_word' id='word_1_129' title='bbox 1179 1715 1274 1783; x_wconf 86' lang='grc' dir='ltr'><strong>τῆς</strong></span> <span class='ocrx_word' id='word_1_130' title='bbox 1307 1716 1452 1785; x_wconf 75' lang='grc' dir='ltr'>παρὰ</span> <span class='ocrx_word' id='word_1_131' title='bbox 1492 1718 1572 1768; x_wconf 78' lang='grc' dir='ltr'><strong>σοὶ</strong></span> <span class='ocrx_word' id='word_1_132' title='bbox 1608 1719 1858 1780; x_wconf 91' lang='grc' dir='ltr'>στάσεως.</span> 
     </span>
    </p>
   </div>
   <div class='ocr_carea' id='block_1_20' title="bbox 1961 545 3475 632">
    <p class='ocr_par' dir='ltr' id='par_1_20' title="bbox 1961 545 3475 632">
     <span class='ocr_line' id='line_1_20' title="bbox 1961 545 3475 632; baseline 0.007 -26"><span class='ocrx_word' id='word_1_133' title='bbox 1961 564 2238 608; x_wconf 83' lang='lat' dir='ltr'><strong>naeturum</strong></span> <span class='ocrx_word' id='word_1_134' title='bbox 2267 571 2387 610; x_wconf 85' lang='lat' dir='ltr'><strong>esse</strong></span> <span class='ocrx_word' id='word_1_135' title='bbox 2415 575 2428 610; x_wconf 94' lang='lat'><strong>:</strong></span> <span class='ocrx_word' id='word_1_136' title='bbox 2459 557 2548 625; x_wconf 86' lang='lat' dir='ltr'><strong>qui</strong></span> <span class='ocrx_word' id='word_1_137' title='bbox 2578 559 2681 612; x_wconf 82' lang='lat' dir='ltr'><strong>nisi</strong></span> <span class='ocrx_word' id='word_1_138' title='bbox 2708 559 2838 611; x_wconf 88' lang='lat' dir='ltr'><strong>mihi</strong></span> <span class='ocrx_word' id='word_1_139' title='bbox 2857 545 3146 627; x_wconf 82' lang='lat' dir='ltr'><strong>opitulatus</strong></span> <span class='ocrx_word' id='word_1_140' title='bbox 3176 570 3340 625; x_wconf 89' lang='lat' dir='ltr'><strong>esset,</strong></span> <span class='ocrx_word' id='word_1_141' title='bbox 3365 563 3475 632; x_wconf 84' lang='lat' dir='ltr'><strong>jam</strong></span> 
     </span>
    </p>
   </div>
   <div class='ocr_carea' id='block_1_21' title="bbox 1959 643 3475 718">
    <p class='ocr_par' dir='ltr' id='par_1_21' title="bbox 1959 643 3475 718">
     <span class='ocr_line' id='line_1_21' title="bbox 1959 643 3475 718; baseline 0.007 -24"><span class='ocrx_word' id='word_1_142' title='bbox 1959 643 2162 712; x_wconf 83' lang='lat' dir='ltr'><strong>pridem</strong></span> <span class='ocrx_word' id='word_1_143' title='bbox 2197 659 2225 695; x_wconf 86' lang='lat' dir='ltr'><strong>a</strong></span> <span class='ocrx_word' id='word_1_144' title='bbox 2256 643 2666 712; x_wconf 79' lang='lat' dir='ltr'><strong>malignantibus</strong></span> <span class='ocrx_word' id='word_1_145' title='bbox 2686 653 2738 698; x_wconf 92' lang='lat' dir='ltr'><strong>et</strong></span> <span class='ocrx_word' id='word_1_146' title='bbox 2765 647 3112 713; x_wconf 75' lang='lat' dir='ltr'><strong>operantibus</strong></span> <span class='ocrx_word' id='word_1_147' title='bbox 3143 649 3475 718; x_wconf 73' lang='lat' dir='ltr'><strong>iniquitatem</strong></span> 
     </span>
    </p>
   </div>
   <div class='ocr_carea' id='block_1_22' title="bbox 1963 731 3478 807">
    <p class='ocr_par' dir='ltr' id='par_1_22' title="bbox 1963 731 3478 807">
     <span class='ocr_line' id='line_1_22' title="bbox 1963 731 3478 807; baseline 0.007 -23"><span class='ocrx_word' id='word_1_148' title='bbox 1963 731 2230 794; x_wconf 85' lang='lat' dir='ltr'><strong>devictus,</strong></span> <span class='ocrx_word' id='word_1_149' title='bbox 2255 733 2306 784; x_wconf 91' lang='lat' dir='ltr'><strong>in</strong></span> <span class='ocrx_word' id='word_1_150' title='bbox 2351 732 2562 786; x_wconf 79' lang='lat' dir='ltr'><strong>inferno</strong></span> <span class='ocrx_word' id='word_1_151' title='bbox 2587 733 2928 797; x_wconf 85' lang='lat' dir='ltr'><strong>habitassem,</strong></span> <span class='ocrx_word' id='word_1_152' title='bbox 2979 737 3257 807; x_wconf 85' lang='lat' dir='ltr'><strong>animaque</strong></span> <span class='ocrx_word' id='word_1_153' title='bbox 3282 755 3396 794; x_wconf 88' lang='lat' dir='ltr'><strong>mea</strong></span> <span class='ocrx_word' id='word_1_154' title='bbox 3425 749 3478 794; x_wconf 87' lang='lat' dir='ltr'><strong>et</strong></span> 
     </span>
    </p>
   </div>
   <div class='ocr_carea' id='block_1_23' title="bbox 1959 820 3477 891">
    <p class='ocr_par' dir='ltr' id='par_1_23' title="bbox 1959 820 3477 891">
     <span class='ocr_line' id='line_1_23' title="bbox 1959 820 3477 891; baseline 0.008 -20"><span class='ocrx_word' id='word_1_155' title='bbox 1959 820 2047 872; x_wconf 87' lang='lat' dir='ltr'><strong>illa</strong></span> <span class='ocrx_word' id='word_1_156' title='bbox 2076 821 2404 874; x_wconf 72' lang='lat' dir='ltr'><strong>rationabilis</strong></span> <span class='ocrx_word' id='word_1_157' title='bbox 2423 822 2488 875; x_wconf 88' lang='lat' dir='ltr'><strong>ad</strong></span> <span class='ocrx_word' id='word_1_158' title='bbox 2513 821 2791 891; x_wconf 79' lang='lat' dir='ltr'><strong>imaginem</strong></span> <span class='ocrx_word' id='word_1_159' title='bbox 2817 824 2909 878; x_wconf 90' lang='lat' dir='ltr'><strong>Dei</strong></span> <span class='ocrx_word' id='word_1_160' title='bbox 2929 825 3197 880; x_wconf 83' lang='lat' dir='ltr'><strong>eiIormata</strong></span> <span class='ocrx_word' id='word_1_161' title='bbox 3225 831 3477 882; x_wconf 91' lang='lat' dir='ltr'><strong>substan-</strong></span> 
     </span>
    </p>
   </div>
   <div class='ocr_carea' id='block_1_24' title="bbox 1958 908 3476 972">
    <p class='ocr_par' dir='ltr' id='par_1_24' title="bbox 1958 908 3476 972">
     <span class='ocr_line' id='line_1_24' title="bbox 1958 908 3476 972; baseline 0.007 -12"><span class='ocrx_word' id='word_1_162' title='bbox 1958 908 2051 969; x_wconf 87' lang='lat' dir='ltr'><strong>tia,</strong></span> <span class='ocrx_word' id='word_1_163' title='bbox 2101 920 2325 961; x_wconf 90' lang='lat' dir='ltr'><strong>mortem</strong></span> <span class='ocrx_word' id='word_1_164' title='bbox 2378 919 2432 964; x_wconf 89' lang='lat' dir='ltr'><strong>et</strong></span> <span class='ocrx_word' id='word_1_165' title='bbox 2495 911 2758 964; x_wconf 91' lang='lat' dir='ltr'><strong>infernum</strong></span> <span class='ocrx_word' id='word_1_166' title='bbox 2797 913 2866 967; x_wconf 60' lang='lat' dir='ltr'><strong>‘in</strong></span> <span class='ocrx_word' id='word_1_167' title='bbox 2914 914 3238 969; x_wconf 85' lang='lat' dir='ltr'><strong>domicilium</strong></span> <span class='ocrx_word' id='word_1_168' title='bbox 3291 920 3476 972; x_wconf 80' lang='lat' dir='ltr'><strong>sortita</strong></span> 
     </span>
    </p>
   </div>
   <div class='ocr_carea' id='block_1_25' title="bbox 1957 996 3480 1074">
    <p class='ocr_par' dir='ltr' id='par_1_25' title="bbox 1957 996 3480 1074">
     <span class='ocr_line' id='line_1_25' title="bbox 1957 996 3480 1074; baseline 0.009 -26"><span class='ocrx_word' id='word_1_169' title='bbox 1957 1005 2116 1050; x_wconf 81' lang='lat' dir='ltr'><strong>esset.</strong></span> <span class='ocrx_word' id='word_1_170' title='bbox 2151 996 2272 1051; x_wconf 31' lang='lat' dir='ltr'><strong>l’lzec</strong></span> <span class='ocrx_word' id='word_1_171' title='bbox 2311 1012 2444 1052; x_wconf 84' lang='lat' dir='ltr'><strong>sane</strong></span> <span class='ocrx_word' id='word_1_172' title='bbox 2495 1014 2685 1068; x_wconf 80' lang='lat' dir='ltr'><strong>passus</strong></span> <span class='ocrx_word' id='word_1_173' title='bbox 2725 1017 2918 1065; x_wconf 89' lang='lat' dir='ltr'><strong>essem,</strong></span> <span class='ocrx_word' id='word_1_174' title='bbox 2976 1005 3079 1058; x_wconf 89' lang='lat' dir='ltr'><strong>nisi</strong></span> <span class='ocrx_word' id='word_1_175' title='bbox 3136 1014 3316 1060; x_wconf 85' lang='lat' dir='ltr'><strong>astans</strong></span> <span class='ocrx_word' id='word_1_176' title='bbox 3365 1008 3480 1074; x_wconf 83' lang='lat' dir='ltr'><strong>ipse</strong></span> 
     </span>
    </p>
   </div>
   <div class='ocr_carea' id='block_1_26' title="bbox 1959 1085 3480 1164">
    <p class='ocr_par' dir='ltr' id='par_1_26' title="bbox 1959 1085 3480 1164">
     <span class='ocr_line' id='line_1_26' title="bbox 1959 1085 3480 1164; baseline 0.009 -28"><span class='ocrx_word' id='word_1_177' title='bbox 1959 1085 2214 1141; x_wconf 88' lang='lat' dir='ltr'><strong>Dominus</strong></span> <span class='ocrx_word' id='word_1_178' title='bbox 2259 1089 2544 1143; x_wconf 78' lang='lat' dir='ltr'><strong>auxiliatus</strong></span> <span class='ocrx_word' id='word_1_179' title='bbox 2593 1091 2717 1143; x_wconf 86' lang='lat' dir='ltr'><strong>mihi</strong></span> <span class='ocrx_word' id='word_1_180' title='bbox 2775 1100 2931 1147; x_wconf 89' lang='lat' dir='ltr'><strong>esset.</strong></span> <span class='ocrx_word' id='word_1_181' title='bbox 3000 1092 3054 1146; x_wconf 88' lang='lat' dir='ltr'><strong>Si</strong></span> <span class='ocrx_word' id='word_1_182' title='bbox 3081 1094 3292 1163; x_wconf 82' lang='lat' dir='ltr'><strong>quando</strong></span> <span class='ocrx_word' id='word_1_183' title='bbox 3319 1097 3480 1164; x_wconf 83' lang='lat' dir='ltr'><strong>igitur</strong></span> 
     </span>
    </p>
   </div>
   <div class='ocr_carea' id='block_1_27' title="bbox 1961 1175 3480 1243">
    <p class='ocr_par' dir='ltr' id='par_1_27' title="bbox 1961 1175 3480 1243">
     <span class='ocr_line' id='line_1_27' title="bbox 1961 1175 3480 1243; baseline 0.007 -17"><span class='ocrx_word' id='word_1_184' title='bbox 1961 1175 2013 1227; x_wconf 91' lang='lat' dir='ltr'><strong>in</strong></span> <span class='ocrx_word' id='word_1_185' title='bbox 2040 1177 2416 1232; x_wconf 80' lang='lat' dir='ltr'><strong>certaminibus</strong></span> <span class='ocrx_word' id='word_1_186' title='bbox 2448 1187 2709 1243; x_wconf 89' lang='lat' dir='ltr'><strong>tentatus,</strong></span> <span class='ocrx_word' id='word_1_187' title='bbox 2785 1180 3088 1236; x_wconf 72' lang='lat' dir='ltr'><strong>Infirmitate</strong></span> <span class='ocrx_word' id='word_1_188' title='bbox 3135 1199 3250 1237; x_wconf 86' lang='lat' dir='ltr'><strong>mea</strong></span> <span class='ocrx_word' id='word_1_189' title='bbox 3303 1200 3480 1238; x_wconf 88' lang='lat' dir='ltr'><strong>corre-</strong></span> 
     </span>
    </p>
   </div>
   <div class='ocr_carea' id='block_1_28' title="bbox 1959 1265 3481 1342">
    <p class='ocr_par' dir='ltr' id='par_1_28' title="bbox 1959 1265 3481 1342">
     <span class='ocr_line' id='line_1_28' title="bbox 1959 1265 3481 1342; baseline 0.009 -28"><span class='ocrx_word' id='word_1_190' title='bbox 1959 1271 2080 1330; x_wconf 89' lang='lat' dir='ltr'><strong>ptus</strong></span> <span class='ocrx_word' id='word_1_191' title='bbox 2110 1265 2318 1329; x_wconf 80' lang='lat' dir='ltr'><strong>fuerim,</strong></span> <span class='ocrx_word' id='word_1_192' title='bbox 2355 1267 2425 1318; x_wconf 87' lang='lat' dir='ltr'><strong>ita</strong></span> <span class='ocrx_word' id='word_1_193' title='bbox 2451 1275 2506 1320; x_wconf 85' lang='lat' dir='ltr'><strong>ut</strong></span> <span class='ocrx_word' id='word_1_194' title='bbox 2529 1269 2821 1336; x_wconf 82' lang='lat' dir='ltr'><strong>periculum</strong></span> <span class='ocrx_word' id='word_1_195' title='bbox 2849 1279 2989 1324; x_wconf 83' lang='lat' dir='ltr'><strong>esset</strong></span> <span class='ocrx_word' id='word_1_196' title='bbox 3019 1288 3084 1325; x_wconf 90' lang='lat' dir='ltr'><strong>ne</strong></span> <span class='ocrx_word' id='word_1_197' title='bbox 3100 1274 3259 1342; x_wconf 86' lang='lat' dir='ltr'><strong>pedes</strong></span> <span class='ocrx_word' id='word_1_198' title='bbox 3293 1275 3481 1328; x_wconf 72' lang='lat' dir='ltr'><strong>animae</strong></span> 
     </span>
    </p>
   </div>
   <div class='ocr_carea' id='block_1_29' title="bbox 1961 1354 3477 1421">
    <p class='ocr_par' dir='ltr' id='par_1_29' title="bbox 1961 1354 3477 1421">
     <span class='ocr_line' id='line_1_29' title="bbox 1961 1354 3477 1421; baseline 0.007 -18"><span class='ocrx_word' id='word_1_199' title='bbox 1961 1367 2088 1404; x_wconf 71' lang='lat' dir='ltr'><strong>mete</strong></span> <span class='ocrx_word' id='word_1_200' title='bbox 2116 1361 2612 1419; x_wconf 82' lang='lat' dir='ltr'><strong>commoverentur;</strong></span> <span class='ocrx_word' id='word_1_201' title='bbox 2640 1354 2811 1409; x_wconf 89' lang='lat' dir='ltr'><strong>fateor</strong></span> <span class='ocrx_word' id='word_1_202' title='bbox 2840 1372 2924 1411; x_wconf 89' lang='lat' dir='ltr'><strong>me</strong></span> <span class='ocrx_word' id='word_1_203' title='bbox 2951 1359 3148 1421; x_wconf 81' lang='lat' dir='ltr'><strong>statim,</strong></span> <span class='ocrx_word' id='word_1_204' title='bbox 3174 1373 3206 1411; x_wconf 94' lang='lat' dir='ltr'><strong>o</strong></span> <span class='ocrx_word' id='word_1_205' title='bbox 3239 1359 3477 1421; x_wconf 85' lang='lat' dir='ltr'><strong>Domine,</strong></span> 
     </span>
    </p>
   </div>
   <div class='ocr_carea' id='block_1_30' title="bbox 1960 1440 3478 1516">
    <p class='ocr_par' dir='ltr' id='par_1_30' title="bbox 1960 1440 3478 1516">
     <span class='ocr_line' id='line_1_30' title="bbox 1960 1440 3478 1516; baseline 0.007 -26"><span class='ocrx_word' id='word_1_206' title='bbox 1960 1440 2380 1494; x_wconf 90' lang='lat' dir='ltr'><strong>misericordiam</strong></span> <span class='ocrx_word' id='word_1_207' title='bbox 2426 1444 2660 1497; x_wconf 88' lang='lat' dir='ltr'><strong>sensisse</strong></span> <span class='ocrx_word' id='word_1_208' title='bbox 2691 1453 2860 1508; x_wconf 88' lang='lat' dir='ltr'><strong>tuam,</strong></span> <span class='ocrx_word' id='word_1_209' title='bbox 2902 1460 2965 1499; x_wconf 87' lang='lat' dir='ltr'><strong>ac</strong></span> <span class='ocrx_word' id='word_1_210' title='bbox 3009 1461 3108 1516; x_wconf 83' lang='lat' dir='ltr'><strong>ope</strong></span> <span class='ocrx_word' id='word_1_211' title='bbox 3159 1455 3248 1500; x_wconf 90' lang='lat' dir='ltr'><strong>tua</strong></span> <span class='ocrx_word' id='word_1_212' title='bbox 3291 1447 3478 1501; x_wconf 88' lang='lat' dir='ltr'><strong>fultum</strong></span> 
     </span>
    </p>
   </div>
   <div class='ocr_carea' id='block_1_31' title="bbox 1963 1526 3481 1603">
    <p class='ocr_par' dir='ltr' id='par_1_31' title="bbox 1963 1526 3481 1603">
     <span class='ocr_line' id='line_1_31' title="bbox 1963 1526 3481 1603; baseline 0.008 -25"><span class='ocrx_word' id='word_1_213' title='bbox 1963 1541 2103 1580; x_wconf 90' lang='lat' dir='ltr'><strong>esse.</strong></span> <span class='ocrx_word' id='word_1_214' title='bbox 2132 1526 2259 1591; x_wconf 77' lang='lat' dir='ltr'><strong>Qua:</strong></span> <span class='ocrx_word' id='word_1_215' title='bbox 2288 1529 2332 1581; x_wconf 92' lang='lat' dir='ltr'><strong>si</strong></span> <span class='ocrx_word' id='word_1_216' title='bbox 2355 1530 2483 1582; x_wconf 85' lang='lat' dir='ltr'><strong>mihi</strong></span> <span class='ocrx_word' id='word_1_217' title='bbox 2516 1547 2620 1584; x_wconf 91' lang='lat' dir='ltr'><strong>non</strong></span> <span class='ocrx_word' id='word_1_218' title='bbox 2677 1533 2994 1599; x_wconf 77' lang='lat' dir='ltr'><strong>adfuissent,</strong></span> <span class='ocrx_word' id='word_1_219' title='bbox 3024 1550 3118 1588; x_wconf 89' lang='lat' dir='ltr'><strong>nec</strong></span> <span class='ocrx_word' id='word_1_220' title='bbox 3148 1537 3305 1603; x_wconf 86' lang='lat' dir='ltr'><strong>pedes</strong></span> <span class='ocrx_word' id='word_1_221' title='bbox 3334 1552 3481 1590; x_wconf 86' lang='lat' dir='ltr'><strong>meos</strong></span> 
     </span>
    </p>
   </div>
   <div class='ocr_carea' id='block_1_32' title="bbox 1961 1618 3480 1692">
    <p class='ocr_par' dir='ltr' id='par_1_32' title="bbox 1961 1618 3480 1692">
     <span class='ocr_line' id='line_1_32' title="bbox 1961 1618 3480 1692; baseline 0.005 -22"><span class='ocrx_word' id='word_1_222' title='bbox 1961 1626 2376 1683; x_wconf 83' lang='lat' dir='ltr'><strong>sustentassent;</strong></span> <span class='ocrx_word' id='word_1_223' title='bbox 2410 1618 2515 1686; x_wconf 84' lang='lat' dir='ltr'><strong>jam</strong></span> <span class='ocrx_word' id='word_1_224' title='bbox 2547 1621 2672 1672; x_wconf 90' lang='lat' dir='ltr'><strong>olim</strong></span> <span class='ocrx_word' id='word_1_225' title='bbox 2692 1622 2872 1690; x_wconf 87' lang='lat' dir='ltr'><strong>lapsus</strong></span> <span class='ocrx_word' id='word_1_226' title='bbox 2899 1637 2928 1675; x_wconf 88' lang='lat' dir='ltr'><strong>a</strong></span> <span class='ocrx_word' id='word_1_227' title='bbox 2971 1639 3085 1676; x_wconf 89' lang='lat' dir='ltr'><strong>mea</strong></span> <span class='ocrx_word' id='word_1_228' title='bbox 3136 1623 3273 1692; x_wconf 90' lang='lat' dir='ltr'><strong>apud</strong></span> <span class='ocrx_word' id='word_1_229' title='bbox 3317 1632 3480 1678; x_wconf 85' lang='lat' dir='ltr'><strong>testa-</strong></span> 
     </span>
    </p>
   </div>
   <div class='ocr_carea' id='block_1_33' title="bbox 1969 1706 3477 1778">
    <p class='ocr_par' dir='ltr' id='par_1_33' title="bbox 1969 1706 3477 1778">
     <span class='ocr_line' id='line_1_33' title="bbox 1969 1706 3477 1778; baseline 0.007 -22"><span class='ocrx_word' id='word_1_230' title='bbox 1969 1707 2114 1759; x_wconf 88' lang='lat' dir='ltr'><strong>tione</strong></span> <span class='ocrx_word' id='word_1_231' title='bbox 2143 1706 2478 1762; x_wconf 84' lang='lat' dir='ltr'><strong>decidissem.</strong></span> <span class='ocrx_word' id='word_1_232' title='bbox 2544 1709 2694 1764; x_wconf 70' lang='lat' dir='ltr'><strong>Nunc</strong></span> <span class='ocrx_word' id='word_1_233' title='bbox 2749 1721 2920 1765; x_wconf 84' lang='lat' dir='ltr'><strong>autem</strong></span> <span class='ocrx_word' id='word_1_234' title='bbox 2964 1714 3327 1766; x_wconf 88' lang='lat' dir='ltr'><strong>misericordia</strong></span> <span class='ocrx_word' id='word_1_235' title='bbox 3368 1723 3477 1778; x_wconf 80' lang='lat' dir='ltr'><strong>tua,</strong></span> 
     </span>
    </p>
   </div>
   <div class='ocr_carea' id='block_1_34' title="bbox 296 1775 1859 1876">
    <p class='ocr_par' dir='ltr' id='par_1_34' title="bbox 296 1775 1859 1876">
     <span class='ocr_line' id='line_1_34' title="bbox 296 1775 1859 1876; baseline 0.01 -32"><span class='ocrx_word' id='word_1_236' title='bbox 296 1793 421 1846; x_wconf 78' lang='grc' dir='ltr'><strong>Νῦν</strong></span> <span class='ocrx_word' id='word_1_237' title='bbox 451 1794 512 1847; x_wconf 82' lang='grc' dir='ltr'><strong>δὲ</strong></span> <span class='ocrx_word' id='word_1_238' title='bbox 538 1796 603 1848; x_wconf 84' lang='grc' dir='ltr'>τὸ</span> <span class='ocrx_word' id='word_1_239' title='bbox 632 1797 780 1862; x_wconf 70' lang='grc' dir='ltr'>ἔλεός</span> <span class='ocrx_word' id='word_1_240' title='bbox 800 1817 910 1863; x_wconf 88' lang='grc' dir='ltr'>σου,</span> <span class='ocrx_word' id='word_1_241' title='bbox 935 1803 1120 1874; x_wconf 84' lang='grc' dir='ltr'>Κύριε,</span> <span class='ocrx_word' id='word_1_242' title='bbox 1145 1775 1317 1856; x_wconf 75' lang='grc' dir='ltr'>δίδωσί</span> <span class='ocrx_word' id='word_1_243' title='bbox 1339 1775 1423 1874; x_wconf 76' lang='grc' dir='ltr'><strong>μοι</strong></span> <span class='ocrx_word' id='word_1_244' title='bbox 1448 1808 1746 1876; x_wconf 70' lang='grc' dir='ltr'>παρρησίαν</span> <span class='ocrx_word' id='word_1_245' title='bbox 1769 1775 1859 1860; x_wconf 75' lang='grc' dir='ltr'>τοῦ</span> 
     </span>
    </p>
   </div>
   <div class='ocr_carea' id='block_1_35' title="bbox 1961 1775 3486 1876">
    <p class='ocr_par' dir='ltr' id='par_1_35' title="bbox 1961 1775 3486 1871">
     <span class='ocr_line' id='line_1_35' title="bbox 1961 1775 3486 1871; baseline 0.006 -27"><span class='ocrx_word' id='word_1_246' title='bbox 1961 1793 2200 1859; x_wconf 89' lang='lat' dir='ltr'><strong>Domine,</strong></span> <span class='ocrx_word' id='word_1_247' title='bbox 2234 1795 2476 1850; x_wconf 84' lang='lat' dir='ltr'><strong>ﬁduciam</strong></span> <span class='ocrx_word' id='word_1_248' title='bbox 2504 1799 2631 1852; x_wconf 87' lang='lat' dir='ltr'><strong>mihi</strong></span> <span class='ocrx_word' id='word_1_249' title='bbox 2655 1808 2866 1867; x_wconf 67' lang='lat' dir='ltr'><strong>praestat</strong></span> <span class='ocrx_word' id='word_1_250' title='bbox 2893 1801 2958 1853; x_wconf 89' lang='lat' dir='ltr'><strong>ad</strong></span> <span class='ocrx_word' id='word_1_251' title='bbox 2991 1802 3098 1856; x_wconf 65' lang='lat' dir='ltr'><strong>haec</strong></span> <span class='ocrx_word' id='word_1_252' title='bbox 3121 1803 3432 1871; x_wconf 82' lang='lat' dir='ltr'><strong>proferenda</strong></span> 
     </span>
    </p>
   </div>
   <div class='ocr_carea' id='block_1_36' title="bbox 297 1881 1858 1963">
    <p class='ocr_par' dir='ltr' id='par_1_36' title="bbox 297 1881 1858 1963">
     <span class='ocr_line' id='line_1_36' title="bbox 297 1881 1858 1963; baseline 0.012 -32"><span class='ocrx_word' id='word_1_253' title='bbox 297 1881 519 1948; x_wconf 78' lang='grc' dir='ltr'>λέγειν’</span> <span class='ocrx_word' id='word_1_254' title='bbox 568 1884 882 1952; x_wconf 82' lang='grc' dir='ltr'>Ἐστησιις</span> <span class='ocrx_word' id='word_1_255' title='bbox 928 1889 1023 1940; x_wconf 78' lang='grc' dir='ltr'>ἐπὶ</span> <span class='ocrx_word' id='word_1_256' title='bbox 1072 1891 1287 1956; x_wconf 85' lang='grc' dir='ltr'>πέτραν</span> <span class='ocrx_word' id='word_1_257' title='bbox 1327 1893 1462 1957; x_wconf 82' lang='grc' dir='ltr'>τοὺς</span> <span class='ocrx_word' id='word_1_258' title='bbox 1509 1894 1692 1960; x_wconf 78' lang='grc' dir='ltr'>πόδας</span> <span class='ocrx_word' id='word_1_259' title='bbox 1723 1914 1858 1963; x_wconf 84' lang='grc' dir='ltr'>μου,</span> 
     </span>
    </p>
   </div>
   <div class='ocr_carea' id='block_1_37' title="bbox 299 1970 1429 2050">
    <p class='ocr_par' dir='ltr' id='par_1_37' title="bbox 299 1970 1429 2050">
     <span class='ocr_line' id='line_1_37' title="bbox 299 1970 1429 2050; baseline 0.009 -26"><span class='ocrx_word' id='word_1_260' title='bbox 299 1970 406 2024; x_wconf 75' lang='lat' dir='ltr'><strong>atat</strong></span> <span class='ocrx_word' id='word_1_261' title='bbox 446 1975 836 2042; x_wconf 82' lang='grc' dir='ltr'>κατηύθυνιις</span> <span class='ocrx_word' id='word_1_262' title='bbox 859 1978 928 2030; x_wconf 88' lang='grc' dir='ltr'><em>τὰ</em></span> <span class='ocrx_word' id='word_1_263' title='bbox 963 1979 1277 2049; x_wconf 75' lang='grc' dir='ltr'>διαϐήματιὶ</span> <span class='ocrx_word' id='word_1_264' title='bbox 1297 1999 1429 2050; x_wconf 82' lang='grc' dir='ltr'>μου.</span> 
     </span>
    </p>
   </div>
   <div class='ocr_carea' id='block_1_38' title="bbox 374 2083 1857 2162">
    <p class='ocr_par' dir='ltr' id='par_1_38' title="bbox 374 2083 1857 2162">
     <span class='ocr_line' id='line_1_38' title="bbox 374 2083 1857 2162; baseline 0.007 -28"><span class='ocrx_word' id='word_1_265' title='bbox 374 2083 546 2136; x_wconf 84' lang='grc' dir='ltr'><em>Κατὰ</em></span> <span class='ocrx_word' id='word_1_266' title='bbox 577 2083 648 2136; x_wconf 83' lang='grc' dir='ltr'><strong>τὸ</strong></span> <span class='ocrx_word' id='word_1_267' title='bbox 681 2085 910 2152; x_wconf 83' lang='grc' dir='ltr'>πλῆθος</span> <span class='ocrx_word' id='word_1_268' title='bbox 937 2087 1052 2140; x_wconf 85' lang='grc' dir='ltr'>τῶν</span> <span class='ocrx_word' id='word_1_269' title='bbox 1074 2087 1298 2141; x_wconf 76' lang='grc' dir='ltr'>ὀδυνῶν</span> <span class='ocrx_word' id='word_1_270' title='bbox 1317 2107 1432 2157; x_wconf 82' lang='grc' dir='ltr'>μου</span> <span class='ocrx_word' id='word_1_271' title='bbox 1453 2091 1520 2143; x_wconf 85' lang='grc' dir='ltr'><strong>ἐν</strong></span> <span class='ocrx_word' id='word_1_272' title='bbox 1554 2091 1626 2159; x_wconf 79' lang='grc' dir='ltr'><strong>τῇ</strong></span> <span class='ocrx_word' id='word_1_273' title='bbox 1652 2093 1857 2162; x_wconf 80' lang='grc' dir='ltr'>καρδίᾳ</span> 
     </span>
    </p>
   </div>
   <div class='ocr_carea' id='block_1_39' title="bbox 297 2176 1862 2250">
    <p class='ocr_par' dir='ltr' id='par_1_39' title="bbox 297 2176 1862 2250">
     <span class='ocr_line' id='line_1_39' title="bbox 297 2176 1862 2250; baseline 0.006 -25"><span class='ocrx_word' id='word_1_274' title='bbox 297 2191 423 2240; x_wconf 79' lang='grc' dir='ltr'>μου</span> <span class='ocrx_word' id='word_1_275' title='bbox 465 2177 528 2227; x_wconf 84' lang='lat' dir='ltr'><strong>al</strong></span> <span class='ocrx_word' id='word_1_276' title='bbox 580 2176 990 2242; x_wconf 77' lang='grc' dir='ltr'>παρακλήσεις</span> <span class='ocrx_word' id='word_1_277' title='bbox 1023 2195 1134 2230; x_wconf 85' lang='grc' dir='ltr'><strong>σου</strong></span> <span class='ocrx_word' id='word_1_278' title='bbox 1175 2180 1479 2246; x_wconf 67' lang='grc' dir='ltr'>ηὔφραναν</span> <span class='ocrx_word' id='word_1_279' title='bbox 1519 2181 1630 2248; x_wconf 82' lang='grc' dir='ltr'><strong>τὴν</strong></span> <span class='ocrx_word' id='word_1_280' title='bbox 1659 2183 1862 2250; x_wconf 70' lang='grc' dir='ltr'>ψυχήν</span> 
     </span>
    </p>
   </div>
   <div class='ocr_carea' id='block_1_40' title="bbox 295 2264 1861 2342">
    <p class='ocr_par' dir='ltr' id='par_1_40' title="bbox 295 2264 1861 2342">
     <span class='ocr_line' id='line_1_40' title="bbox 295 2264 1861 2342; baseline 0.006 -27"><span class='ocrx_word' id='word_1_281' title='bbox 295 2281 443 2330; x_wconf 80' lang='grc' dir='ltr'><strong>μου.</strong></span> <span class='ocrx_word' id='word_1_282' title='bbox 481 2264 561 2316; x_wconf 83' lang='grc' dir='ltr'><strong>Οὐ</strong></span> <span class='ocrx_word' id='word_1_283' title='bbox 606 2264 770 2334; x_wconf 82' lang='grc' dir='ltr'>μόνον</span> <span class='ocrx_word' id='word_1_284' title='bbox 794 2269 902 2329; x_wconf 84' lang='grc' dir='ltr'>τοῖς</span> <span class='ocrx_word' id='word_1_285' title='bbox 949 2266 1069 2318; x_wconf 85' lang='grc' dir='ltr'>ποσί</span> <span class='ocrx_word' id='word_1_286' title='bbox 1098 2284 1194 2337; x_wconf 87' lang='grc' dir='ltr'><strong>μου</strong></span> <span class='ocrx_word' id='word_1_287' title='bbox 1224 2268 1283 2320; x_wconf 78' lang='grc' dir='ltr'><strong>τὸ</strong></span> <span class='ocrx_word' id='word_1_288' title='bbox 1328 2269 1469 2332; x_wconf 80' lang='grc' dir='ltr'>ἔλεός</span> <span class='ocrx_word' id='word_1_289' title='bbox 1509 2288 1596 2322; x_wconf 80' lang='grc' dir='ltr'><strong>σου</strong></span> <span class='ocrx_word' id='word_1_290' title='bbox 1641 2271 1861 2342; x_wconf 81' lang='grc' dir='ltr'>δύναμιν</span> 
     </span>
    </p>
   </div>
   <div class='ocr_carea' id='block_1_41' title="bbox 306 2354 1860 2432">
    <p class='ocr_par' dir='ltr' id='par_1_41' title="bbox 306 2354 1860 2432">
     <span class='ocr_line' id='line_1_41' title="bbox 306 2354 1860 2432; baseline 0.005 -26"><span class='ocrx_word' id='word_1_291' title='bbox 306 2356 544 2423; x_wconf 81' lang='grc' dir='ltr'>παρεῖχε</span> <span class='ocrx_word' id='word_1_292' title='bbox 573 2354 716 2423; x_wconf 83' lang='grc' dir='ltr'>πρὸς</span> <span class='ocrx_word' id='word_1_293' title='bbox 754 2360 811 2407; x_wconf 88' lang='grc' dir='ltr'><strong>τὸ</strong></span> <span class='ocrx_word' id='word_1_294' title='bbox 841 2356 912 2426; x_wconf 80' lang='grc' dir='ltr'>μὴ</span> <span class='ocrx_word' id='word_1_295' title='bbox 948 2357 1280 2426; x_wconf 79' lang='grc' dir='ltr'>σαλευθῆναι,</span> <span class='ocrx_word' id='word_1_296' title='bbox 1313 2359 1430 2412; x_wconf 73' lang='grc' dir='ltr'><strong>οὐδὲ</strong></span> <span class='ocrx_word' id='word_1_297' title='bbox 1469 2360 1676 2431; x_wconf 87' lang='grc' dir='ltr'>μόνονὴ</span> <span class='ocrx_word' id='word_1_298' title='bbox 1717 2363 1860 2432; x_wconf 70' lang='grc' dir='ltr'>παρὰ</span> 
     </span>
    </p>
   </div>
   <div class='ocr_carea' id='block_1_42' title="bbox 307 2442 1860 2523">
    <p class='ocr_par' dir='ltr' id='par_1_42' title="bbox 307 2442 1860 2523">
     <span class='ocr_line' id='line_1_42' title="bbox 307 2442 1860 2523; baseline 0.006 -28"><span class='ocrx_word' id='word_1_299' title='bbox 307 2442 403 2495; x_wconf 85' lang='grc' dir='ltr'><strong>σοῦ</strong></span> <span class='ocrx_word' id='word_1_300' title='bbox 433 2444 664 2514; x_wconf 80' lang='grc' dir='ltr'>βοήθεια</span> <span class='ocrx_word' id='word_1_301' title='bbox 707 2446 804 2514; x_wconf 75' lang='grc' dir='ltr'><strong>τὴν</strong></span> <span class='ocrx_word' id='word_1_302' title='bbox 829 2446 960 2516; x_wconf 80' lang='grc' dir='ltr'>ἐμὴν</span> <span class='ocrx_word' id='word_1_303' title='bbox 996 2449 1310 2517; x_wconf 83' lang='grc' dir='ltr'>κατεκράτει</span> <span class='ocrx_word' id='word_1_304' title='bbox 1341 2449 1513 2520; x_wconf 71' lang='grc' dir='ltr'>ψυχὴν</span> <span class='ocrx_word' id='word_1_305' title='bbox 1554 2452 1682 2521; x_wconf 80' lang='grc' dir='ltr'>πρὸς</span> <span class='ocrx_word' id='word_1_306' title='bbox 1706 2451 1763 2503; x_wconf 76' lang='grc' dir='ltr'><strong>τὸ</strong></span> <span class='ocrx_word' id='word_1_307' title='bbox 1789 2454 1860 2523; x_wconf 81' lang='grc' dir='ltr'>μὴ</span> 
     </span>
    </p>
   </div>
   <div class='ocr_carea' id='block_1_43' title="bbox 307 2533 1861 2609">
    <p class='ocr_par' dir='ltr' id='par_1_43' title="bbox 307 2533 1861 2609">
     <span class='ocr_line' id='line_1_43' title="bbox 307 2533 1861 2609; baseline 0.006 -26"><span class='ocrx_word' id='word_1_308' title='bbox 307 2533 655 2602; x_wconf 74' lang='grc' dir='ltr'>παροικῆσαι</span> <span class='ocrx_word' id='word_1_309' title='bbox 691 2533 768 2602; x_wconf 83' lang='grc' dir='ltr'>τῷ</span> <span class='ocrx_word' id='word_1_310' title='bbox 794 2533 889 2603; x_wconf 71' lang='grc' dir='ltr'><strong>ᾄδῃ</strong></span> <span class='ocrx_word' id='word_1_311' title='bbox 911 2549 924 2564; x_wconf 79' lang='grc' dir='ltr'><strong>ο</strong></span> <span class='ocrx_word' id='word_1_312' title='bbox 951 2535 1082 2587; x_wconf 85' lang='grc' dir='ltr'>ἀλλὰ</span> <span class='ocrx_word' id='word_1_313' title='bbox 1105 2538 1194 2588; x_wconf 76' lang='grc' dir='ltr'>καὶ</span> <span class='ocrx_word' id='word_1_314' title='bbox 1234 2535 1298 2600; x_wconf 74' lang='grc' dir='ltr'>ἃς</span> <span class='ocrx_word' id='word_1_315' title='bbox 1337 2537 1523 2609; x_wconf 69' lang='grc' dir='ltr'>ἔφερον</span> <span class='ocrx_word' id='word_1_316' title='bbox 1550 2541 1604 2591; x_wconf 84' lang='grc' dir='ltr'><strong>ἐν</strong></span> <span class='ocrx_word' id='word_1_317' title='bbox 1627 2543 1692 2608; x_wconf 82' lang='grc' dir='ltr'>τῇ</span> <span class='ocrx_word' id='word_1_318' title='bbox 1731 2557 1861 2609; x_wconf 82' lang='grc' dir='ltr'>καρ-</span> 
     </span>
    </p>
   </div>
   <div class='ocr_carea' id='block_1_44' title="bbox 305 2619 1858 2697">
    <p class='ocr_par' dir='ltr' id='par_1_44' title="bbox 305 2619 1858 2697">
     <span class='ocr_line' id='line_1_44' title="bbox 305 2619 1858 2697; baseline 0.005 -25"><span class='ocrx_word' id='word_1_319' title='bbox 305 2619 397 2692; x_wconf 72' lang='grc' dir='ltr'><strong>δίᾳ</strong></span> <span class='ocrx_word' id='word_1_320' title='bbox 425 2639 530 2690; x_wconf 90' lang='grc' dir='ltr'><strong>μου</strong></span> <span class='ocrx_word' id='word_1_321' title='bbox 547 2622 766 2684; x_wconf 78' lang='grc' dir='ltr'>ὀδύνας,</span> <span class='ocrx_word' id='word_1_322' title='bbox 787 2623 842 2674; x_wconf 77' lang='grc' dir='ltr'>αἱ</span> <span class='ocrx_word' id='word_1_323' title='bbox 865 2623 1010 2692; x_wconf 78' lang='grc' dir='ltr'>παρὰ</span> <span class='ocrx_word' id='word_1_324' title='bbox 1031 2624 1122 2675; x_wconf 79' lang='grc' dir='ltr'>σοῦ</span> <span class='ocrx_word' id='word_1_325' title='bbox 1139 2625 1495 2695; x_wconf 83' lang='grc' dir='ltr'>παρακλήσεις</span> <span class='ocrx_word' id='word_1_326' title='bbox 1521 2626 1858 2697; x_wconf 78' lang='grc' dir='ltr'>ἐθεράπευον,</span> 
     </span>
    </p>
   </div>
   <div class='ocr_carea' id='block_1_45' title="bbox 308 2711 1860 2785">
    <p class='ocr_par' dir='ltr' id='par_1_45' title="bbox 308 2711 1860 2785">
     <span class='ocr_line' id='line_1_45' title="bbox 308 2711 1860 2785; baseline 0.003 -21"><span class='ocrx_word' id='word_1_327' title='bbox 308 2711 616 2782; x_wconf 73' lang='grc' dir='ltr'><strong>ἀπορρήτῳ</strong></span> <span class='ocrx_word' id='word_1_328' title='bbox 646 2711 870 2778; x_wconf 78' lang='grc' dir='ltr'>δυνάμει</span> <span class='ocrx_word' id='word_1_329' title='bbox 895 2712 989 2780; x_wconf 86' lang='grc' dir='ltr'><strong>τῆς</strong></span> <span class='ocrx_word' id='word_1_330' title='bbox 1024 2711 1120 2780; x_wconf 78' lang='grc' dir='ltr'><strong>σῆς</strong></span> <span class='ocrx_word' id='word_1_331' title='bbox 1144 2716 1498 2784; x_wconf 81' lang='grc' dir='ltr'><strong>χρηστότητος</strong></span> <span class='ocrx_word' id='word_1_332' title='bbox 1533 2717 1860 2785; x_wconf 84' lang='grc' dir='ltr'>παρακαλού-</span> 
     </span>
    </p>
   </div>
   <div class='ocr_carea' id='block_1_46' title="bbox 313 2800 1856 2876">
    <p class='ocr_par' dir='ltr' id='par_1_46' title="bbox 313 2800 1856 2876">
     <span class='ocr_line' id='line_1_46' title="bbox 313 2800 1856 2876; baseline 0.005 -24"><span class='ocrx_word' id='word_1_333' title='bbox 313 2817 414 2869; x_wconf 85' lang='grc' dir='ltr'><strong>σης</strong></span> <span class='ocrx_word' id='word_1_334' title='bbox 441 2818 545 2869; x_wconf 89' lang='grc' dir='ltr'><strong>μου</strong></span> <span class='ocrx_word' id='word_1_335' title='bbox 570 2801 670 2870; x_wconf 81' lang='grc' dir='ltr'>τὴν</span> <span class='ocrx_word' id='word_1_336' title='bbox 696 2800 870 2872; x_wconf 74' lang='grc' dir='ltr'>ψυχὴν</span> <span class='ocrx_word' id='word_1_337' title='bbox 894 2801 984 2852; x_wconf 72' lang='grc' dir='ltr'><strong>καὶ</strong></span> <span class='ocrx_word' id='word_1_338' title='bbox 1006 2802 1330 2872; x_wconf 74' lang='grc' dir='ltr'>εὐφροσύνης</span> <span class='ocrx_word' id='word_1_339' title='bbox 1353 2805 1512 2874; x_wconf 77' lang='grc' dir='ltr'>αὐτὴν</span> <span class='ocrx_word' id='word_1_340' title='bbox 1539 2805 1638 2875; x_wconf 85' lang='grc' dir='ltr'><strong>πλη</strong></span> <span class='ocrx_word' id='word_1_341' title='bbox 1648 2807 1856 2876; x_wconf 82' lang='grc' dir='ltr'>ρούσης.</span> 
     </span>
    </p>
   </div>
   <div class='ocr_carea' id='block_1_47' title="bbox 313 2886 1859 2963">
    <p class='ocr_par' dir='ltr' id='par_1_47' title="bbox 313 2886 1859 2963">
     <span class='ocr_line' id='line_1_47' title="bbox 313 2886 1859 2963; baseline 0.005 -22"><span class='ocrx_word' id='word_1_342' title='bbox 313 2889 450 2941; x_wconf 74' lang='grc' dir='ltr'><strong>Οὐδὲ</strong></span> <span class='ocrx_word' id='word_1_343' title='bbox 475 2889 587 2959; x_wconf 78' lang='grc' dir='ltr'>γάρ</span> <span class='ocrx_word' id='word_1_344' title='bbox 618 2890 719 2958; x_wconf 88' lang='grc' dir='ltr'>μία</span> <span class='ocrx_word' id='word_1_345' title='bbox 742 2906 822 2951; x_wconf 87' lang='grc' dir='ltr'><strong>τις</strong></span> <span class='ocrx_word' id='word_1_346' title='bbox 844 2886 910 2958; x_wconf 81' lang='grc' dir='ltr'><strong>ἦν</strong></span> <span class='ocrx_word' id='word_1_347' title='bbox 933 2891 1284 2960; x_wconf 82' lang='grc' dir='ltr'>παράκλησις,</span> <span class='ocrx_word' id='word_1_348' title='bbox 1310 2893 1426 2945; x_wconf 88' lang='grc' dir='ltr'><strong>ούδέ</strong></span> <span class='ocrx_word' id='word_1_349' title='bbox 1465 2893 1701 2963; x_wconf 78' lang='grc' dir='ltr'>δευτέρα,</span> <span class='ocrx_word' id='word_1_350' title='bbox 1728 2895 1859 2949; x_wconf 71' lang='grc' dir='ltr'>ἀλλὰ</span> 
     </span>
    </p>
   </div>
   <div class='ocr_carea' id='block_1_48' title="bbox 315 2973 1858 3052">
    <p class='ocr_par' dir='ltr' id='par_1_48' title="bbox 315 2973 1858 3052">
     <span class='ocr_line' id='line_1_48' title="bbox 315 2973 1858 3052; baseline 0.005 -25"><span class='ocrx_word' id='word_1_351' title='bbox 315 2976 539 3038; x_wconf 81' lang='grc' dir='ltr'>πλείους</span> <span class='ocrx_word' id='word_1_352' title='bbox 567 2978 663 3027; x_wconf 69' lang='grc' dir='ltr'><strong>καὶ</strong></span> <span class='ocrx_word' id='word_1_353' title='bbox 682 2975 956 3036; x_wconf 77' lang='grc' dir='ltr'>τοσαῦται,</span> <span class='ocrx_word' id='word_1_354' title='bbox 983 2977 1099 3028; x_wconf 83' lang='grc' dir='ltr'>ὅσαι</span> <span class='ocrx_word' id='word_1_355' title='bbox 1121 2973 1185 3046; x_wconf 82' lang='grc' dir='ltr'>ἦν</span> <span class='ocrx_word' id='word_1_356' title='bbox 1209 2977 1430 3047; x_wconf 80' lang='grc' dir='ltr'>ἀριθμὸς</span> <span class='ocrx_word' id='word_1_357' title='bbox 1446 2981 1547 3031; x_wconf 87' lang='grc' dir='ltr'><strong>τῶν</strong></span> <span class='ocrx_word' id='word_1_358' title='bbox 1567 2982 1621 3034; x_wconf 85' lang='grc' dir='ltr'><strong>ἐν</strong></span> <span class='ocrx_word' id='word_1_359' title='bbox 1642 2984 1704 3051; x_wconf 82' lang='grc' dir='ltr'>τῇ</span> <span class='ocrx_word' id='word_1_360' title='bbox 1731 2999 1858 3052; x_wconf 84' lang='grc' dir='ltr'>καρ-</span> 
     </span>
    </p>
   </div>
   <div class='ocr_carea' id='block_1_49' title="bbox 1960 1880 3480 1962">
    <p class='ocr_par' dir='ltr' id='par_1_49' title="bbox 1960 1880 3480 1962">
     <span class='ocr_line' id='line_1_49' title="bbox 1960 1880 3480 1962; baseline 0.009 -30"><span class='ocrx_word' id='word_1_361' title='bbox 1960 1880 2202 1935; x_wconf 85' lang='lat' dir='ltr'><strong>Statuisti</strong></span> <span class='ocrx_word' id='word_1_362' title='bbox 2227 1899 2383 1950; x_wconf 85' lang='lat' dir='ltr'><strong>supra</strong></span> <span class='ocrx_word' id='word_1_363' title='bbox 2409 1894 2606 1952; x_wconf 79' lang='lat' dir='ltr'><strong>petram</strong></span> <span class='ocrx_word' id='word_1_364' title='bbox 2637 1887 2784 1952; x_wconf 83' lang='lat' dir='ltr'><strong>pedes</strong></span> <span class='ocrx_word' id='word_1_365' title='bbox 2809 1904 2966 1953; x_wconf 75' lang='lat' dir='ltr'><strong>mets,</strong></span> <span class='ocrx_word' id='word_1_366' title='bbox 2995 1901 3044 1943; x_wconf 91' lang='lat' dir='ltr'><strong>et</strong></span> <span class='ocrx_word' id='word_1_367' title='bbox 3088 1892 3322 1946; x_wconf 71' lang='lat' dir='ltr'><strong>direxisti</strong></span> <span class='ocrx_word' id='word_1_368' title='bbox 3349 1909 3480 1962; x_wconf 82' lang='lat' dir='ltr'><strong>gres-</strong></span> 
     </span>
    </p>
   </div>
   <div class='ocr_carea' id='block_1_50' title="bbox 1957 1972 2288 2026">
    <p class='ocr_par' dir='ltr' id='par_1_50' title="bbox 1957 1972 2288 2026">
     <span class='ocr_line' id='line_1_50' title="bbox 1957 1972 2288 2026; baseline 0.015 -5"><span class='ocrx_word' id='word_1_369' title='bbox 1957 1986 2043 2023; x_wconf 88' lang='lat' dir='ltr'><strong>sus</strong></span> <span class='ocrx_word' id='word_1_370' title='bbox 2071 1988 2203 2024; x_wconf 85' lang='lat' dir='ltr'><strong>meos</strong></span> <span class='ocrx_word' id='word_1_371' title='bbox 2228 1972 2288 2026; x_wconf 69' lang='grc' dir='ltr'><strong>δ’.</strong></span> 
     </span>
    </p>
   </div>
   <div class='ocr_carea' id='block_1_51' title="bbox 2026 2079 3481 2144">
    <p class='ocr_par' dir='ltr' id='par_1_51' title="bbox 2026 2079 3481 2144">
     <span class='ocr_line' id='line_1_51' title="bbox 2026 2079 3481 2144; baseline 0.008 -12"><span class='ocrx_word' id='word_1_372' title='bbox 2026 2079 2191 2135; x_wconf 74' lang='lat' dir='ltr'><strong>Vens.</strong></span> <span class='ocrx_word' id='word_1_373' title='bbox 2226 2079 2308 2134; x_wconf 80' lang='lat' dir='ltr'><strong>l9.</strong></span> <span class='ocrx_word' id='word_1_374' title='bbox 2342 2081 2630 2136; x_wconf 89' lang='lat' dir='ltr'><strong>Secundum</strong></span> <span class='ocrx_word' id='word_1_375' title='bbox 2663 2086 3043 2140; x_wconf 77' lang='lat' dir='ltr'><strong>multitudinem</strong></span> <span class='ocrx_word' id='word_1_376' title='bbox 3078 2086 3315 2141; x_wconf 88' lang='lat' dir='ltr'><strong>dolorum</strong></span> <span class='ocrx_word' id='word_1_377' title='bbox 3345 2105 3481 2144; x_wconf 82' lang='lat' dir='ltr'><strong>meo-</strong></span> 
     </span>
    </p>
   </div>
   <div class='ocr_carea' id='block_1_52' title="bbox 1960 2171 3479 2246">
    <p class='ocr_par' dir='ltr' id='par_1_52' title="bbox 1960 2171 3479 2246">
     <span class='ocr_line' id='line_1_52' title="bbox 1960 2171 3479 2246; baseline 0.008 -26"><span class='ocrx_word' id='word_1_378' title='bbox 1960 2185 2073 2222; x_wconf 82' lang='lat' dir='ltr'><strong>rum</strong></span> <span class='ocrx_word' id='word_1_379' title='bbox 2098 2171 2149 2222; x_wconf 91' lang='lat' dir='ltr'><strong>in</strong></span> <span class='ocrx_word' id='word_1_380' title='bbox 2172 2171 2323 2224; x_wconf 88' lang='lat' dir='ltr'><strong>corde</strong></span> <span class='ocrx_word' id='word_1_381' title='bbox 2370 2189 2500 2236; x_wconf 86' lang='lat' dir='ltr'><strong>meo,</strong></span> <span class='ocrx_word' id='word_1_382' title='bbox 2543 2175 2913 2228; x_wconf 76' lang='lat' dir='ltr'><strong>consolationes</strong></span> <span class='ocrx_word' id='word_1_383' title='bbox 2947 2186 3048 2230; x_wconf 78' lang='lat' dir='ltr'><strong>tua:</strong></span> <span class='ocrx_word' id='word_1_384' title='bbox 3089 2177 3479 2246; x_wconf 74' lang='lat' dir='ltr'><strong>lwtiﬁcaverunt</strong></span> 
     </span>
    </p>
   </div>
   <div class='ocr_carea' id='block_1_53' title="bbox 1959 2260 3544 2332">
    <p class='ocr_par' dir='ltr' id='par_1_53' title="bbox 1959 2260 3544 2332">
     <span class='ocr_line' id='line_1_53' title="bbox 1959 2260 3544 2332; baseline 0.008 -22"><span class='ocrx_word' id='word_1_385' title='bbox 1959 2260 2186 2311; x_wconf 75' lang='lat' dir='ltr'><strong>animum</strong></span> <span class='ocrx_word' id='word_1_386' title='bbox 2231 2276 2413 2314; x_wconf 86' lang='lat' dir='ltr'><strong>meam.</strong></span> <span class='ocrx_word' id='word_1_387' title='bbox 2443 2260 2558 2314; x_wconf 82' lang='lat' dir='ltr'><strong>Non</strong></span> <span class='ocrx_word' id='word_1_388' title='bbox 2600 2263 2770 2316; x_wconf 88' lang='lat' dir='ltr'><strong>solum</strong></span> <span class='ocrx_word' id='word_1_389' title='bbox 2804 2264 3026 2332; x_wconf 90' lang='lat' dir='ltr'><strong>pedibus</strong></span> <span class='ocrx_word' id='word_1_390' title='bbox 3078 2267 3212 2320; x_wconf 91' lang='lat' dir='ltr'><strong>meis</strong></span> <span class='ocrx_word' id='word_1_391' title='bbox 3271 2268 3479 2321; x_wconf 88' lang='lat' dir='ltr'><strong>miseri-</strong></span> <span class='ocrx_word' id='word_1_392' title='bbox 3535 2268 3544 2272; x_wconf 77' lang='grc'>’</span> 
     </span>
    </p>
   </div>
   <div class='ocr_carea' id='block_1_54' title="bbox 1959 2349 3476 2414">
    <p class='ocr_par' dir='ltr' id='par_1_54' title="bbox 1959 2349 3476 2414">
     <span class='ocr_line' id='line_1_54' title="bbox 1959 2349 3476 2414; baseline 0.005 -13"><span class='ocrx_word' id='word_1_393' title='bbox 1959 2349 2138 2401; x_wconf 90' lang='lat' dir='ltr'><strong>cordia</strong></span> <span class='ocrx_word' id='word_1_394' title='bbox 2168 2356 2256 2401; x_wconf 90' lang='lat' dir='ltr'><strong>tua</strong></span> <span class='ocrx_word' id='word_1_395' title='bbox 2286 2351 2427 2405; x_wconf 85' lang='lat' dir='ltr'><strong>vires</strong></span> <span class='ocrx_word' id='word_1_396' title='bbox 2463 2351 2683 2414; x_wconf 87' lang='lat' dir='ltr'><strong>addidit,</strong></span> <span class='ocrx_word' id='word_1_397' title='bbox 2714 2361 2771 2405; x_wconf 90' lang='lat' dir='ltr'><strong>ut</strong></span> <span class='ocrx_word' id='word_1_398' title='bbox 2814 2369 2920 2406; x_wconf 92' lang='lat' dir='ltr'><strong>non</strong></span> <span class='ocrx_word' id='word_1_399' title='bbox 2965 2365 3427 2409; x_wconf 74' lang='lat' dir='ltr'><strong>commoverentur</strong></span> <span class='ocrx_word' id='word_1_400' title='bbox 3463 2398 3476 2410; x_wconf 94' lang='lat'><strong>.</strong></span> 
     </span>
    </p>
   </div>
   <div class='ocr_carea' id='block_1_55' title="bbox 1956 2441 3477 2508">
    <p class='ocr_par' dir='ltr' id='par_1_55' title="bbox 1956 2441 3477 2508">
     <span class='ocr_line' id='line_1_55' title="bbox 1956 2441 3477 2508; baseline 0.005 -16"><span class='ocrx_word' id='word_1_401' title='bbox 1956 2456 2125 2508; x_wconf 87' lang='lat' dir='ltr'><strong>neque</strong></span> <span class='ocrx_word' id='word_1_402' title='bbox 2159 2441 2521 2494; x_wconf 86' lang='lat' dir='ltr'><strong>tantummodo</strong></span> <span class='ocrx_word' id='word_1_403' title='bbox 2564 2443 2815 2495; x_wconf 69' lang='lat' dir='ltr'><strong>auxilium</strong></span> <span class='ocrx_word' id='word_1_404' title='bbox 2846 2453 2993 2497; x_wconf 93' lang='lat' dir='ltr'><strong>tuum</strong></span> <span class='ocrx_word' id='word_1_405' title='bbox 3039 2446 3268 2499; x_wconf 89' lang='lat' dir='ltr'><strong>animam</strong></span> <span class='ocrx_word' id='word_1_406' title='bbox 3308 2462 3477 2500; x_wconf 88' lang='lat' dir='ltr'><strong>meam</strong></span> 
     </span>
    </p>
   </div>
   <div class='ocr_carea' id='block_1_56' title="bbox 1956 2529 3478 2600">
    <p class='ocr_par' dir='ltr' id='par_1_56' title="bbox 1956 2529 3478 2600">
     <span class='ocr_line' id='line_1_56' title="bbox 1956 2529 3478 2600; baseline 0.007 -18"><span class='ocrx_word' id='word_1_407' title='bbox 1956 2529 2253 2596; x_wconf 86' lang='lat' dir='ltr'><strong>occupavit,</strong></span> <span class='ocrx_word' id='word_1_408' title='bbox 2294 2537 2350 2582; x_wconf 90' lang='lat' dir='ltr'><strong>ut</strong></span> <span class='ocrx_word' id='word_1_409' title='bbox 2392 2546 2497 2583; x_wconf 89' lang='lat' dir='ltr'><strong>non</strong></span> <span class='ocrx_word' id='word_1_410' title='bbox 2531 2531 2790 2585; x_wconf 87' lang='lat' dir='ltr'><strong>habitaret</strong></span> <span class='ocrx_word' id='word_1_411' title='bbox 2829 2534 2883 2586; x_wconf 90' lang='lat' dir='ltr'><strong>in</strong></span> <span class='ocrx_word' id='word_1_412' title='bbox 2923 2533 3166 2600; x_wconf 85' lang='lat' dir='ltr'><strong>inferno;</strong></span> <span class='ocrx_word' id='word_1_413' title='bbox 3200 2536 3290 2590; x_wconf 90' lang='lat' dir='ltr'><strong>sed</strong></span> <span class='ocrx_word' id='word_1_414' title='bbox 3320 2537 3478 2592; x_wconf 82' lang='lat' dir='ltr'><strong>etiam</strong></span> 
     </span>
    </p>
   </div>
   <div class='ocr_carea' id='block_1_57' title="bbox 1957 2617 3481 2686">
    <p class='ocr_par' dir='ltr' id='par_1_57' title="bbox 1957 2617 3481 2686">
     <span class='ocr_line' id='line_1_57' title="bbox 1957 2617 3481 2686; baseline 0.005 -14"><span class='ocrx_word' id='word_1_415' title='bbox 1957 2617 2188 2681; x_wconf 86' lang='lat' dir='ltr'><strong>dolores,</strong></span> <span class='ocrx_word' id='word_1_416' title='bbox 2211 2634 2344 2686; x_wconf 88' lang='lat' dir='ltr'><strong>quos</strong></span> <span class='ocrx_word' id='word_1_417' title='bbox 2369 2619 2421 2672; x_wconf 92' lang='lat' dir='ltr'><strong>in</strong></span> <span class='ocrx_word' id='word_1_418' title='bbox 2455 2621 2614 2674; x_wconf 85' lang='lat' dir='ltr'><strong>corde</strong></span> <span class='ocrx_word' id='word_1_419' title='bbox 2655 2637 2770 2675; x_wconf 88' lang='lat' dir='ltr'><strong>meo</strong></span> <span class='ocrx_word' id='word_1_420' title='bbox 2804 2624 2920 2684; x_wconf 90' lang='lat' dir='ltr'><strong>tuli,</strong></span> <span class='ocrx_word' id='word_1_421' title='bbox 2966 2626 3356 2680; x_wconf 84' lang='lat' dir='ltr'><strong>consolationes</strong></span> <span class='ocrx_word' id='word_1_422' title='bbox 3379 2635 3481 2679; x_wconf 66' lang='lat' dir='ltr'><strong>tuac</strong></span> 
     </span>
    </p>
   </div>
   <div class='ocr_carea' id='block_1_58' title="bbox 1958 2707 3480 2772">
    <p class='ocr_par' dir='ltr' id='par_1_58' title="bbox 1958 2707 3480 2772">
     <span class='ocr_line' id='line_1_58' title="bbox 1958 2707 3480 2772; baseline 0.006 -15"><span class='ocrx_word' id='word_1_423' title='bbox 1958 2707 2269 2772; x_wconf 85' lang='lat' dir='ltr'><strong>allevarunt,</strong></span> <span class='ocrx_word' id='word_1_424' title='bbox 2292 2722 2482 2760; x_wconf 88' lang='lat' dir='ltr'><strong>arcana</strong></span> <span class='ocrx_word' id='word_1_425' title='bbox 2515 2709 2804 2764; x_wconf 71' lang='lat' dir='ltr'><strong>clementia:</strong></span> <span class='ocrx_word' id='word_1_426' title='bbox 2837 2720 2940 2765; x_wconf 73' lang='lat' dir='ltr'><strong>ture</strong></span> <span class='ocrx_word' id='word_1_427' title='bbox 2961 2714 3009 2765; x_wconf 91' lang='lat' dir='ltr'><strong>vi</strong></span> <span class='ocrx_word' id='word_1_428' title='bbox 3044 2714 3271 2766; x_wconf 88' lang='lat' dir='ltr'><strong>animam</strong></span> <span class='ocrx_word' id='word_1_429' title='bbox 3307 2729 3480 2766; x_wconf 87' lang='lat' dir='ltr'><strong>meam</strong></span> 
     </span>
    </p>
   </div>
   <div class='ocr_carea' id='block_1_59' title="bbox 1957 2798 3478 2870">
    <p class='ocr_par' dir='ltr' id='par_1_59' title="bbox 1957 2798 3478 2870">
     <span class='ocr_line' id='line_1_59' title="bbox 1957 2798 3478 2870; baseline 0.004 -22"><span class='ocrx_word' id='word_1_430' title='bbox 1957 2799 2283 2860; x_wconf 87' lang='lat' dir='ltr'><strong>consolante,</strong></span> <span class='ocrx_word' id='word_1_431' title='bbox 2327 2798 2603 2866; x_wconf 85' lang='lat' dir='ltr'><strong>ipsamque</strong></span> <span class='ocrx_word' id='word_1_432' title='bbox 2645 2801 2837 2868; x_wconf 80' lang='lat' dir='ltr'><strong>gaudio</strong></span> <span class='ocrx_word' id='word_1_433' title='bbox 2893 2803 3144 2870; x_wconf 89' lang='lat' dir='ltr'><strong>replente.</strong></span> <span class='ocrx_word' id='word_1_434' title='bbox 3184 2801 3297 2855; x_wconf 81' lang='lat' dir='ltr'><strong>Non</strong></span> <span class='ocrx_word' id='word_1_435' title='bbox 3337 2805 3478 2854; x_wconf 89' lang='lat' dir='ltr'><strong>enim</strong></span> 
     </span>
    </p>
   </div>
   <div class='ocr_carea' id='block_1_60' title="bbox 1956 2887 3480 2957">
    <p class='ocr_par' dir='ltr' id='par_1_60' title="bbox 1956 2887 3480 2957">
     <span class='ocr_line' id='line_1_60' title="bbox 1956 2887 3480 2957; baseline 0.002 -20"><span class='ocrx_word' id='word_1_436' title='bbox 1956 2900 2059 2937; x_wconf 88' lang='lat' dir='ltr'><strong>una</strong></span> <span class='ocrx_word' id='word_1_437' title='bbox 2098 2887 2410 2951; x_wconf 85' lang='lat' dir='ltr'><strong>consolatio,</strong></span> <span class='ocrx_word' id='word_1_438' title='bbox 2446 2902 2548 2942; x_wconf 90' lang='lat' dir='ltr'><strong>non</strong></span> <span class='ocrx_word' id='word_1_439' title='bbox 2576 2887 2740 2940; x_wconf 89' lang='lat' dir='ltr'><strong>altera</strong></span> <span class='ocrx_word' id='word_1_440' title='bbox 2775 2896 2976 2942; x_wconf 92' lang='lat' dir='ltr'><strong>tantum</strong></span> <span class='ocrx_word' id='word_1_441' title='bbox 3011 2890 3211 2952; x_wconf 81' lang='lat' dir='ltr'><strong>adfuit,</strong></span> <span class='ocrx_word' id='word_1_442' title='bbox 3243 2889 3334 2944; x_wconf 92' lang='lat' dir='ltr'><strong>sed</strong></span> <span class='ocrx_word' id='word_1_443' title='bbox 3365 2890 3480 2957; x_wconf 88' lang='lat' dir='ltr'><strong>plu-</strong></span> 
     </span>
    </p>
   </div>
   <div class='ocr_carea' id='block_1_61' title="bbox 1957 2977 3475 3044">
    <p class='ocr_par' dir='ltr' id='par_1_61' title="bbox 1957 2977 3475 3044">
     <span class='ocr_line' id='line_1_61' title="bbox 1957 2977 3475 3044; baseline 0.005 -18"><span class='ocrx_word' id='word_1_444' title='bbox 1957 2989 2064 3039; x_wconf 88' lang='lat' dir='ltr'><strong>res,</strong></span> <span class='ocrx_word' id='word_1_445' title='bbox 2088 2991 2147 3026; x_wconf 85' lang='lat' dir='ltr'><strong>ac</strong></span> <span class='ocrx_word' id='word_1_446' title='bbox 2166 2983 2242 3027; x_wconf 91' lang='lat' dir='ltr'><strong>tot</strong></span> <span class='ocrx_word' id='word_1_447' title='bbox 2267 2989 2507 3037; x_wconf 87' lang='lat' dir='ltr'><strong>numero,</strong></span> <span class='ocrx_word' id='word_1_448' title='bbox 2526 2985 2654 3044; x_wconf 89' lang='lat' dir='ltr'><strong>quot</strong></span> <span class='ocrx_word' id='word_1_449' title='bbox 2679 2977 2730 3028; x_wconf 93' lang='lat' dir='ltr'><strong>in</strong></span> <span class='ocrx_word' id='word_1_450' title='bbox 2747 2978 2905 3031; x_wconf 89' lang='lat' dir='ltr'><strong>corde</strong></span> <span class='ocrx_word' id='word_1_451' title='bbox 2934 2995 3050 3031; x_wconf 90' lang='lat' dir='ltr'><strong>meo</strong></span> <span class='ocrx_word' id='word_1_452' title='bbox 3072 2980 3281 3032; x_wconf 89' lang='lat' dir='ltr'><strong>dolores</strong></span> <span class='ocrx_word' id='word_1_453' title='bbox 3306 2988 3475 3033; x_wconf 88' lang='lat' dir='ltr'><strong>erant.</strong></span> 
     </span>
    </p>
   </div>
   <div class='ocr_carea' id='block_1_62' title="bbox 314 3061 1859 3137">
    <p class='ocr_par' dir='ltr' id='par_1_62' title="bbox 314 3061 1859 3137">
     <span class='ocr_line' id='line_1_62' title="bbox 314 3061 1859 3137; baseline 0.006 -23"><span class='ocrx_word' id='word_1_454' title='bbox 314 3063 407 3133; x_wconf 76' lang='grc' dir='ltr'>δία</span> <span class='ocrx_word' id='word_1_455' title='bbox 435 3080 536 3133; x_wconf 87' lang='grc' dir='ltr'><strong>μου</strong></span> <span class='ocrx_word' id='word_1_456' title='bbox 562 3061 781 3115; x_wconf 85' lang='grc' dir='ltr'>ὀδυνῶν.</span> <span class='ocrx_word' id='word_1_457' title='bbox 823 3064 1148 3132; x_wconf 80' lang='grc' dir='ltr'>Ἐφαμὶλλως</span> <span class='ocrx_word' id='word_1_458' title='bbox 1173 3065 1298 3131; x_wconf 86' lang='grc' dir='ltr'>γοῦν</span> <span class='ocrx_word' id='word_1_459' title='bbox 1320 3069 1435 3129; x_wconf 78' lang='grc' dir='ltr'>ταῖς</span> <span class='ocrx_word' id='word_1_460' title='bbox 1465 3071 1620 3137; x_wconf 79' lang='grc' dir='ltr'>ἐμαῖς</span> <span class='ocrx_word' id='word_1_461' title='bbox 1659 3070 1859 3134; x_wconf 81' lang='grc' dir='ltr'>ὀδύναις</span> 
     </span>
    </p>
   </div>
   <div class='ocr_carea' id='block_1_63' title="bbox 1961 3061 3480 3137">
    <p class='ocr_par' dir='ltr' id='par_1_63' title="bbox 1961 3063 3480 3135">
     <span class='ocr_line' id='line_1_63' title="bbox 1961 3063 3480 3135; baseline 0.002 -17"><span class='ocrx_word' id='word_1_462' title='bbox 1961 3063 2210 3118; x_wconf 82' lang='lat' dir='ltr'><strong>Certatim</strong></span> <span class='ocrx_word' id='word_1_463' title='bbox 2241 3065 2417 3131; x_wconf 89' lang='lat' dir='ltr'><strong>itaque</strong></span> <span class='ocrx_word' id='word_1_464' title='bbox 2457 3080 2550 3131; x_wconf 88' lang='lat' dir='ltr'><strong>pro</strong></span> <span class='ocrx_word' id='word_1_465' title='bbox 2583 3080 2803 3118; x_wconf 87' lang='lat' dir='ltr'><strong>numero</strong></span> <span class='ocrx_word' id='word_1_466' title='bbox 2835 3065 3099 3130; x_wconf 70' lang='lat' dir='ltr'><strong>dolorum,</strong></span> <span class='ocrx_word' id='word_1_467' title='bbox 3134 3066 3200 3119; x_wconf 90' lang='lat' dir='ltr'><strong>ad</strong></span> <span class='ocrx_word' id='word_1_468' title='bbox 3242 3068 3480 3135; x_wconf 76' lang='lat' dir='ltr'><strong>singulos</strong></span> 
     </span>
    </p>
   </div>
   <div class='ocr_carea' id='block_1_64' title="bbox 317 3151 1859 3229">
    <p class='ocr_par' dir='ltr' id='par_1_64' title="bbox 317 3151 1859 3229">
     <span class='ocr_line' id='line_1_64' title="bbox 317 3151 1859 3229; baseline 0.005 -24"><span class='ocrx_word' id='word_1_469' title='bbox 317 3153 418 3216; x_wconf 79' lang='grc' dir='ltr'><strong>τὰς</strong></span> <span class='ocrx_word' id='word_1_470' title='bbox 433 3151 585 3222; x_wconf 74' lang='grc' dir='ltr'>παρὰ</span> <span class='ocrx_word' id='word_1_471' title='bbox 609 3151 703 3204; x_wconf 76' lang='grc' dir='ltr'>σοῦ</span> <span class='ocrx_word' id='word_1_472' title='bbox 730 3169 817 3221; x_wconf 85' lang='grc' dir='ltr'><strong>μοι</strong></span> <span class='ocrx_word' id='word_1_473' title='bbox 842 3156 1088 3224; x_wconf 86' lang='grc' dir='ltr'>παρεῖχες</span> <span class='ocrx_word' id='word_1_474' title='bbox 1104 3156 1459 3226; x_wconf 80' lang='grc' dir='ltr'>παρακλήσεις</span> <span class='ocrx_word' id='word_1_475' title='bbox 1479 3159 1609 3228; x_wconf 82' lang='grc' dir='ltr'>πρὸς</span> <span class='ocrx_word' id='word_1_476' title='bbox 1633 3159 1859 3229; x_wconf 80' lang='grc' dir='ltr'>ἑκάστην</span> 
     </span>
    </p>
   </div>
   <div class='ocr_carea' id='block_1_65' title="bbox 317 3239 1858 3316">
    <p class='ocr_par' dir='ltr' id='par_1_65' title="bbox 317 3239 1858 3316">
     <span class='ocr_line' id='line_1_65' title="bbox 317 3239 1858 3316; baseline 0.005 -23"><span class='ocrx_word' id='word_1_477' title='bbox 317 3241 536 3311; x_wconf 82' lang='grc' dir='ltr'>ὀδύνην,</span> <span class='ocrx_word' id='word_1_478' title='bbox 565 3239 754 3311; x_wconf 78' lang='grc' dir='ltr'>ὥσπερ</span> <span class='ocrx_word' id='word_1_479' title='bbox 778 3259 827 3292; x_wconf 87' lang='grc' dir='ltr'><strong>τι</strong></span> <span class='ocrx_word' id='word_1_480' title='bbox 860 3242 1136 3311; x_wconf 78' lang='grc' dir='ltr'>φάρμακον</span> <span class='ocrx_word' id='word_1_481' title='bbox 1171 3245 1424 3314; x_wconf 79' lang='grc' dir='ltr'>σωτήριον</span> <span class='ocrx_word' id='word_1_482' title='bbox 1452 3244 1545 3314; x_wconf 84' lang='grc' dir='ltr'>τὴν</span> <span class='ocrx_word' id='word_1_483' title='bbox 1571 3247 1666 3316; x_wconf 82' lang='grc' dir='ltr'>σὴν</span> <span class='ocrx_word' id='word_1_484' title='bbox 1694 3249 1858 3316; x_wconf 85' lang='grc' dir='ltr'>παρά-</span> 
     </span>
    </p>
   </div>
   <div class='ocr_carea' id='block_1_66' title="bbox 321 3329 1854 3404">
    <p class='ocr_par' dir='ltr' id='par_1_66' title="bbox 321 3329 1854 3404">
     <span class='ocr_line' id='line_1_66' title="bbox 321 3329 1854 3404; baseline 0.002 -19"><span class='ocrx_word' id='word_1_485' title='bbox 321 3331 518 3400; x_wconf 81' lang='grc' dir='ltr'>κλησιν</span> <span class='ocrx_word' id='word_1_486' title='bbox 577 3329 916 3400; x_wconf 71' lang='grc' dir='ltr'>προσερέρων,</span> <span class='ocrx_word' id='word_1_487' title='bbox 964 3334 1054 3384; x_wconf 73' lang='grc' dir='ltr'><strong>καὶ</strong></span> <span class='ocrx_word' id='word_1_488' title='bbox 1097 3331 1279 3403; x_wconf 81' lang='grc' dir='ltr'>ὥσπερ</span> <span class='ocrx_word' id='word_1_489' title='bbox 1325 3333 1524 3386; x_wconf 83' lang='grc' dir='ltr'>πλείοσι</span> <span class='ocrx_word' id='word_1_490' title='bbox 1568 3336 1854 3404; x_wconf 74' lang='grc' dir='ltr'>τραύμασι,</span> 
     </span>
    </p>
   </div>
   <div class='ocr_carea' id='block_1_67' title="bbox 322 3419 1856 3489">
    <p class='ocr_par' dir='ltr' id='par_1_67' title="bbox 322 3419 1856 3489">
     <span class='ocr_line' id='line_1_67' title="bbox 322 3419 1856 3489; baseline 0.003 -17"><span class='ocrx_word' id='word_1_491' title='bbox 322 3419 544 3481; x_wconf 86' lang='grc' dir='ltr'>πλείους</span> <span class='ocrx_word' id='word_1_492' title='bbox 583 3419 678 3471; x_wconf 75' lang='grc' dir='ltr'><strong>καὶ</strong></span> <span class='ocrx_word' id='word_1_493' title='bbox 706 3419 801 3481; x_wconf 74' lang='grc' dir='ltr'>τὰς</span> <span class='ocrx_word' id='word_1_494' title='bbox 852 3419 1132 3489; x_wconf 81' lang='grc' dir='ltr'>θεραπείας</span> <span class='ocrx_word' id='word_1_495' title='bbox 1172 3422 1470 3489; x_wconf 78' lang='grc' dir='ltr'>προσάγων.</span> <span class='ocrx_word' id='word_1_496' title='bbox 1500 3425 1758 3476; x_wconf 84' lang='grc' dir='ltr'>Τοιούτων</span> <span class='ocrx_word' id='word_1_497' title='bbox 1802 3426 1856 3478; x_wconf 82' lang='grc' dir='ltr'>δὲ</span> 
     </span>
    </p>
   </div>
   <div class='ocr_carea' id='block_1_68' title="bbox 327 3508 1854 3582">
    <p class='ocr_par' dir='ltr' id='par_1_68' title="bbox 327 3508 1854 3582">
     <span class='ocr_line' id='line_1_68' title="bbox 327 3508 1854 3582; baseline 0.002 -20"><span class='ocrx_word' id='word_1_498' title='bbox 327 3509 729 3580; x_wconf 82' lang='grc' dir='ltr'>παρακλήσεων</span> <span class='ocrx_word' id='word_1_499' title='bbox 753 3511 779 3560; x_wconf 91' lang='grc' dir='ltr'><strong>ό</strong></span> <span class='ocrx_word' id='word_1_500' title='bbox 805 3508 940 3571; x_wconf 84' lang='grc' dir='ltr'>Θείος</span> <span class='ocrx_word' id='word_1_501' title='bbox 977 3511 1287 3572; x_wconf 82' lang='grc' dir='ltr'>Ἀπόστολος</span> <span class='ocrx_word' id='word_1_502' title='bbox 1325 3512 1854 3582; x_wconf 74' lang='grc' dir='ltr'>ἀντιλαμϐανόμενος,</span> 
     </span>
    </p>
   </div>
   <div class='ocr_carea' id='block_1_69' title="bbox 327 3596 1858 3668">
    <p class='ocr_par' dir='ltr' id='par_1_69' title="bbox 327 3596 1858 3668">
     <span class='ocr_line' id='line_1_69' title="bbox 327 3596 1858 3668; baseline 0.003 -20"><span class='ocrx_word' id='word_1_503' title='bbox 327 3597 564 3664; x_wconf 70' lang='grc' dir='ltr'>ἔφασκεν</span> <span class='ocrx_word' id='word_1_504' title='bbox 585 3613 597 3626; x_wconf 89' lang='grc'><strong>·</strong></span> <span class='ocrx_word' id='word_1_505' title='bbox 641 3597 974 3664; x_wconf 77' lang='grc' dir='ltr'>Εὐλογητὸς</span> <span class='ocrx_word' id='word_1_506' title='bbox 998 3599 1030 3649; x_wconf 82' lang='grc' dir='ltr'><em>ὁ</em></span> <span class='ocrx_word' id='word_1_507' title='bbox 1059 3596 1215 3661; x_wconf 78' lang='grc' dir='ltr'>Θεὸς,</span> <span class='ocrx_word' id='word_1_508' title='bbox 1241 3602 1271 3650; x_wconf 85' lang='grc' dir='ltr'><strong>ό</strong></span> <span class='ocrx_word' id='word_1_509' title='bbox 1303 3599 1496 3666; x_wconf 79' lang='grc' dir='ltr'>Πατὴρ</span> <span class='ocrx_word' id='word_1_510' title='bbox 1521 3599 1634 3652; x_wconf 81' lang='grc' dir='ltr'>τῶν</span> <span class='ocrx_word' id='word_1_511' title='bbox 1655 3603 1858 3668; x_wconf 76' lang='grc' dir='ltr'>οἰκτιρ-</span> 
     </span>
    </p>
   </div>
   <div class='ocr_carea' id='block_1_70' title="bbox 324 3683 1858 3757">
    <p class='ocr_par' dir='ltr' id='par_1_70' title="bbox 324 3683 1858 3757">
     <span class='ocr_line' id='line_1_70' title="bbox 324 3683 1858 3757; baseline 0.004 -21"><span class='ocrx_word' id='word_1_512' title='bbox 324 3684 474 3753; x_wconf 81' lang='grc' dir='ltr'>μῶν,</span> <span class='ocrx_word' id='word_1_513' title='bbox 521 3684 619 3738; x_wconf 74' lang='grc' dir='ltr'>καὶ</span> <span class='ocrx_word' id='word_1_514' title='bbox 661 3683 800 3748; x_wconf 81' lang='grc' dir='ltr'>Θεὸς</span> <span class='ocrx_word' id='word_1_515' title='bbox 830 3683 1026 3751; x_wconf 81' lang='grc' dir='ltr'>πάσης</span> <span class='ocrx_word' id='word_1_516' title='bbox 1065 3685 1502 3753; x_wconf 78' lang='grc' dir='ltr'>παρακλήσεως,</span> <span class='ocrx_word' id='word_1_517' title='bbox 1541 3691 1573 3741; x_wconf 85' lang='grc' dir='ltr'><strong>ό</strong></span> <span class='ocrx_word' id='word_1_518' title='bbox 1603 3704 1858 3757; x_wconf 51' lang='grc' dir='ltr'>παρακαθ-</span> 
     </span>
    </p>
   </div>
   <div class='ocr_carea' id='block_1_71' title="bbox 329 3772 1859 3844">
    <p class='ocr_par' dir='ltr' id='par_1_71' title="bbox 329 3772 1859 3844">
     <span class='ocr_line' id='line_1_71' title="bbox 329 3772 1859 3844; baseline 0.005 -18"><span class='ocrx_word' id='word_1_519' title='bbox 329 3773 456 3826; x_wconf 80' lang='grc' dir='ltr'><strong>λῶν</strong></span> <span class='ocrx_word' id='word_1_520' title='bbox 483 3772 650 3843; x_wconf 77' lang='grc' dir='ltr'>ἡμᾶς’</span> <span class='ocrx_word' id='word_1_521' title='bbox 675 3773 744 3825; x_wconf 82' lang='grc' dir='ltr'><strong>ἐν</strong></span> <span class='ocrx_word' id='word_1_522' title='bbox 772 3773 934 3840; x_wconf 78' lang='grc' dir='ltr'>πάσῃ</span> <span class='ocrx_word' id='word_1_523' title='bbox 969 3775 1041 3842; x_wconf 76' lang='grc' dir='ltr'>τῇ</span> <span class='ocrx_word' id='word_1_524' title='bbox 1069 3777 1261 3843; x_wconf 75' lang='grc' dir='ltr'>θλίψει</span> <span class='ocrx_word' id='word_1_525' title='bbox 1290 3774 1470 3844; x_wconf 75' lang='grc' dir='ltr'>ἡμῶν,</span> <span class='ocrx_word' id='word_1_526' title='bbox 1497 3780 1581 3842; x_wconf 78' lang='grc' dir='ltr'>εἰς</span> <span class='ocrx_word' id='word_1_527' title='bbox 1602 3779 1665 3831; x_wconf 87' lang='grc' dir='ltr'>τὸ</span> <span class='ocrx_word' id='word_1_528' title='bbox 1688 3779 1859 3833; x_wconf 74' lang='grc' dir='ltr'>δύνα-</span> 
     </span>
    </p>
   </div>
   <div class='ocr_carea' id='block_1_72' title="bbox 334 3860 1858 3935">
    <p class='ocr_par' dir='ltr' id='par_1_72' title="bbox 334 3860 1858 3935">
     <span class='ocr_line' id='line_1_72' title="bbox 334 3860 1858 3935; baseline 0.006 -22"><span class='ocrx_word' id='word_1_529' title='bbox 334 3864 470 3916; x_wconf 87' lang='grc' dir='ltr'>σθαι</span> <span class='ocrx_word' id='word_1_530' title='bbox 497 3860 650 3930; x_wconf 76' lang='grc' dir='ltr'><strong>ἡμᾶς</strong></span> <span class='ocrx_word' id='word_1_531' title='bbox 692 3863 1048 3928; x_wconf 78' lang='grc' dir='ltr'>παρακαλεῖν</span> <span class='ocrx_word' id='word_1_532' title='bbox 1083 3864 1218 3929; x_wconf 87' lang='grc' dir='ltr'>τοὺς</span> <span class='ocrx_word' id='word_1_533' title='bbox 1247 3865 1314 3917; x_wconf 87' lang='grc' dir='ltr'><strong>ἐν</strong></span> <span class='ocrx_word' id='word_1_534' title='bbox 1345 3866 1508 3934; x_wconf 77' lang='grc' dir='ltr'>πάσῃ</span> <span class='ocrx_word' id='word_1_535' title='bbox 1539 3869 1733 3935; x_wconf 70' lang='grc' dir='ltr'>θλίψει</span> <span class='ocrx_word' id='word_1_536' title='bbox 1763 3869 1858 3922; x_wconf 84' lang='grc' dir='ltr'><strong>διὰ</strong></span> 
     </span>
    </p>
   </div>
   <div class='ocr_carea' id='block_1_73' title="bbox 333 3949 1857 4024">
    <p class='ocr_par' dir='ltr' id='par_1_73' title="bbox 333 3949 1857 4024">
     <span class='ocr_line' id='line_1_73' title="bbox 333 3949 1857 4024; baseline 0.007 -22"><span class='ocrx_word' id='word_1_537' title='bbox 333 3951 442 4018; x_wconf 79' lang='grc' dir='ltr'>τῆς</span> <span class='ocrx_word' id='word_1_538' title='bbox 470 3950 916 4018; x_wconf 76' lang='grc' dir='ltr'>παρακλήσεως,</span> <span class='ocrx_word' id='word_1_539' title='bbox 937 3949 1007 4020; x_wconf 83' lang='grc' dir='ltr'>ἧς</span> <span class='ocrx_word' id='word_1_540' title='bbox 1030 3957 1512 4024; x_wconf 72' lang='grc' dir='ltr'>παρακαλούμεθα</span> <span class='ocrx_word' id='word_1_541' title='bbox 1549 3958 1712 4010; x_wconf 76' lang='grc' dir='ltr'>αὐτοὶ</span> <span class='ocrx_word' id='word_1_542' title='bbox 1744 3959 1857 4012; x_wconf 83' lang='grc' dir='ltr'><strong>ὑπὸ</strong></span> 
     </span>
    </p>
   </div>
   <div class='ocr_carea' id='block_1_74' title="bbox 334 4037 1858 4113">
    <p class='ocr_par' dir='ltr' id='par_1_74' title="bbox 334 4037 1858 4113">
     <span class='ocr_line' id='line_1_74' title="bbox 334 4037 1858 4113; baseline 0.006 -24"><span class='ocrx_word' id='word_1_543' title='bbox 334 4038 439 4090; x_wconf 80' lang='grc' dir='ltr'><strong>τοῦ</strong></span> <span class='ocrx_word' id='word_1_544' title='bbox 492 4037 657 4092; x_wconf 83' lang='grc' dir='ltr'><strong>Θεοῦ.</strong></span> <span class='ocrx_word' id='word_1_545' title='bbox 706 4039 821 4090; x_wconf 87' lang='grc' dir='ltr'>Ὅτι</span> <span class='ocrx_word' id='word_1_546' title='bbox 864 4039 1018 4092; x_wconf 81' lang='grc' dir='ltr'>καθὼ</span> <span class='ocrx_word' id='word_1_547' title='bbox 1066 4045 1397 4109; x_wconf 79' lang='grc' dir='ltr'>περισσεύει</span> <span class='ocrx_word' id='word_1_548' title='bbox 1444 4045 1512 4098; x_wconf 81' lang='grc' dir='ltr'>τὰ</span> <span class='ocrx_word' id='word_1_549' title='bbox 1555 4046 1858 4113; x_wconf 78' lang='grc' dir='ltr'>παθήματα</span> 
     </span>
    </p>
   </div>
   <div class='ocr_carea' id='block_1_75' title="bbox 333 4125 1859 4200">
    <p class='ocr_par' dir='ltr' id='par_1_75' title="bbox 333 4125 1859 4200">
     <span class='ocr_line' id='line_1_75' title="bbox 333 4125 1859 4200; baseline 0.006 -21"><span class='ocrx_word' id='word_1_550' title='bbox 333 4127 439 4179; x_wconf 82' lang='grc' dir='ltr'><strong>τοῦ</strong></span> <span class='ocrx_word' id='word_1_551' title='bbox 464 4125 715 4194; x_wconf 84' lang='grc' dir='ltr'>Χριστοῦ</span> <span class='ocrx_word' id='word_1_552' title='bbox 745 4128 812 4178; x_wconf 87' lang='grc' dir='ltr'><strong>ἐν</strong></span> <span class='ocrx_word' id='word_1_553' title='bbox 834 4128 990 4195; x_wconf 76' lang='grc' dir='ltr'><strong>ἡμῖν,</strong></span> <span class='ocrx_word' id='word_1_554' title='bbox 1019 4129 1165 4181; x_wconf 81' lang='grc' dir='ltr'>οὕτω</span> <span class='ocrx_word' id='word_1_555' title='bbox 1210 4133 1535 4198; x_wconf 77' lang='grc' dir='ltr'>περισσεύει</span> <span class='ocrx_word' id='word_1_556' title='bbox 1572 4133 1666 4185; x_wconf 81' lang='grc' dir='ltr'>καὶ</span> <span class='ocrx_word' id='word_1_557' title='bbox 1695 4134 1731 4200; x_wconf 76' lang='grc' dir='ltr'><strong><em>ἡ</em></strong></span> <span class='ocrx_word' id='word_1_558' title='bbox 1755 4149 1859 4188; x_wconf 84' lang='grc' dir='ltr'>πα-</span> 
     </span>
    </p>
   </div>
   <div class='ocr_carea' id='block_1_76' title="bbox 330 4215 1856 4295">
    <p class='ocr_par' dir='ltr' id='par_1_76' title="bbox 330 4215 1856 4295">
     <span class='ocr_line' id='line_1_76' title="bbox 330 4215 1856 4295; baseline 0.006 -27"><span class='ocrx_word' id='word_1_559' title='bbox 330 4215 624 4283; x_wconf 77' lang='grc' dir='ltr'>ράκλησις</span> <span class='ocrx_word' id='word_1_560' title='bbox 662 4217 841 4284; x_wconf 78' lang='grc' dir='ltr'>ἡμῶν.</span> <span class='ocrx_word' id='word_1_561' title='bbox 869 4221 974 4270; x_wconf 78' lang='grc' dir='ltr'><strong>Καὶ</strong></span> <span class='ocrx_word' id='word_1_562' title='bbox 1008 4216 1074 4289; x_wconf 80' lang='grc' dir='ltr'><strong>ἦν</strong></span> <span class='ocrx_word' id='word_1_563' title='bbox 1107 4221 1170 4273; x_wconf 83' lang='grc' dir='ltr'><strong>ἂν</strong></span> <span class='ocrx_word' id='word_1_564' title='bbox 1204 4223 1371 4274; x_wconf 65' lang='grc' dir='ltr'>εἰπεῖν</span> <span class='ocrx_word' id='word_1_565' title='bbox 1394 4224 1525 4293; x_wconf 84' lang='grc' dir='ltr'>πρὸς</span> <span class='ocrx_word' id='word_1_566' title='bbox 1549 4225 1732 4286; x_wconf 79' lang='grc' dir='ltr'>ταῦτα,</span> <span class='ocrx_word' id='word_1_567' title='bbox 1761 4242 1856 4295; x_wconf 88' lang='grc' dir='ltr'>με-</span> 
     </span>
    </p>
   </div>
   <div class='ocr_carea' id='block_1_77' title="bbox 337 4303 1859 4378">
    <p class='ocr_par' dir='ltr' id='par_1_77' title="bbox 337 4303 1859 4378">
     <span class='ocr_line' id='line_1_77' title="bbox 337 4303 1859 4378; baseline 0.007 -22"><span class='ocrx_word' id='word_1_568' title='bbox 337 4303 629 4359; x_wconf 80' lang='grc' dir='ltr'>ταὸαλόντα</span> <span class='ocrx_word' id='word_1_569' title='bbox 651 4307 729 4358; x_wconf 88' lang='grc' dir='ltr'>τό·</span> <span class='ocrx_word' id='word_1_570' title='bbox 763 4306 880 4360; x_wconf 76' lang='grc' dir='ltr'><strong>Οὐκ</strong></span> <span class='ocrx_word' id='word_1_571' title='bbox 903 4308 1036 4371; x_wconf 79' lang='grc' dir='ltr'>ἀξια</span> <span class='ocrx_word' id='word_1_572' title='bbox 1058 4310 1127 4362; x_wconf 83' lang='grc' dir='ltr'>τὰ</span> <span class='ocrx_word' id='word_1_573' title='bbox 1145 4311 1446 4378; x_wconf 78' lang='grc' dir='ltr'>παθήματα</span> <span class='ocrx_word' id='word_1_574' title='bbox 1483 4313 1584 4366; x_wconf 87' lang='grc' dir='ltr'>τοῦ</span> <span class='ocrx_word' id='word_1_575' title='bbox 1608 4314 1720 4367; x_wconf 86' lang='grc' dir='ltr'>νῦν</span> <span class='ocrx_word' id='word_1_576' title='bbox 1741 4332 1859 4367; x_wconf 83' lang='grc' dir='ltr'>και-</span> 
     </span>
    </p>
   </div>
   <div class='ocr_carea' id='block_1_78' title="bbox 332 4392 1859 4470">
    <p class='ocr_par' dir='ltr' id='par_1_78' title="bbox 332 4392 1859 4470">
     <span class='ocr_line' id='line_1_78' title="bbox 332 4392 1859 4470; baseline 0.007 -26"><span class='ocrx_word' id='word_1_577' title='bbox 332 4392 443 4457; x_wconf 83' lang='grc' dir='ltr'>ροῦ</span> <span class='ocrx_word' id='word_1_578' title='bbox 476 4393 623 4458; x_wconf 82' lang='grc' dir='ltr'>πρὸς</span> <span class='ocrx_word' id='word_1_579' title='bbox 648 4393 758 4459; x_wconf 76' lang='grc' dir='ltr'><strong>τὴν</strong></span> <span class='ocrx_word' id='word_1_580' title='bbox 784 4393 1123 4461; x_wconf 84' lang='grc' dir='ltr'>μέλλουσαν</span> <span class='ocrx_word' id='word_1_581' title='bbox 1167 4397 1350 4461; x_wconf 78' lang='grc' dir='ltr'>δόξαν</span> <span class='ocrx_word' id='word_1_582' title='bbox 1374 4401 1859 4470; x_wconf 66' lang='grc' dir='ltr'>ἀποκαλυφθῆναι</span> 
     </span>
    </p>
   </div>
   <div class='ocr_carea' id='block_1_79' title="bbox 339 4479 1858 4556">
    <p class='ocr_par' dir='ltr' id='par_1_79' title="bbox 339 4479 1858 4556">
     <span class='ocr_line' id='line_1_79' title="bbox 339 4479 1858 4556; baseline 0.01 -27"><span class='ocrx_word' id='word_1_583' title='bbox 339 4481 424 4544; x_wconf 81' lang='grc' dir='ltr'><strong>εις</strong></span> <span class='ocrx_word' id='word_1_584' title='bbox 462 4479 634 4547; x_wconf 75' lang='grc' dir='ltr'>ἡμᾶς,</span> <span class='ocrx_word' id='word_1_585' title='bbox 671 4481 745 4532; x_wconf 88' lang='grc' dir='ltr'>τό·</span> <span class='ocrx_word' id='word_1_586' title='bbox 774 4483 883 4534; x_wconf 88' lang='grc' dir='ltr'>Ούκ</span> <span class='ocrx_word' id='word_1_587' title='bbox 919 4484 1060 4546; x_wconf 77' lang='grc' dir='ltr'>ἄξιον</span> <span class='ocrx_word' id='word_1_588' title='bbox 1085 4485 1142 4536; x_wconf 85' lang='grc' dir='ltr'><strong>τὸ</strong></span> <span class='ocrx_word' id='word_1_589' title='bbox 1179 4486 1373 4556; x_wconf 72' lang='grc' dir='ltr'>πλῆθος</span> <span class='ocrx_word' id='word_1_590' title='bbox 1406 4489 1508 4540; x_wconf 86' lang='grc' dir='ltr'><strong>τῶν</strong></span> <span class='ocrx_word' id='word_1_591' title='bbox 1533 4491 1724 4542; x_wconf 82' lang='grc' dir='ltr'>ὀδυνῶν</span> <span class='ocrx_word' id='word_1_592' title='bbox 1754 4491 1858 4544; x_wconf 85' lang='grc' dir='ltr'><strong>τῶν</strong></span> 
     </span>
    </p>
   </div>
   <div class='ocr_carea' id='block_1_80' title="bbox 341 4570 1856 4648">
    <p class='ocr_par' dir='ltr' id='par_1_80' title="bbox 341 4570 1856 4648">
     <span class='ocr_line' id='line_1_80' title="bbox 341 4570 1856 4648; baseline 0.011 -28"><span class='ocrx_word' id='word_1_593' title='bbox 341 4570 397 4621; x_wconf 78' lang='grc' dir='ltr'>ἐν</span> <span class='ocrx_word' id='word_1_594' title='bbox 420 4573 484 4640; x_wconf 74' lang='grc' dir='ltr'>τῇ</span> <span class='ocrx_word' id='word_1_595' title='bbox 511 4571 702 4640; x_wconf 76' lang='grc' dir='ltr'>καρδία</span> <span class='ocrx_word' id='word_1_596' title='bbox 725 4589 822 4640; x_wconf 88' lang='grc' dir='ltr'><strong>μου</strong></span> <span class='ocrx_word' id='word_1_597' title='bbox 855 4574 986 4643; x_wconf 79' lang='grc' dir='ltr'>πρὸς</span> <span class='ocrx_word' id='word_1_598' title='bbox 1009 4575 1102 4636; x_wconf 78' lang='grc' dir='ltr'>τὰς</span> <span class='ocrx_word' id='word_1_599' title='bbox 1135 4578 1489 4648; x_wconf 80' lang='grc' dir='ltr'>παρακλήσεις</span> <span class='ocrx_word' id='word_1_600' title='bbox 1530 4598 1639 4644; x_wconf 83' lang='grc' dir='ltr'>σου,</span> <span class='ocrx_word' id='word_1_601' title='bbox 1664 4577 1707 4633; x_wconf 79' lang='grc' dir='ltr'>ὦ</span> <span class='ocrx_word' id='word_1_602' title='bbox 1747 4583 1856 4636; x_wconf 83' lang='grc' dir='ltr'><strong>Κύ-</strong></span> 
     </span>
    </p>
   </div>
   <div class='ocr_carea' id='block_1_81' title="bbox 346 4653 1856 4738">
    <p class='ocr_par' dir='ltr' id='par_1_81' title="bbox 346 4653 1856 4738">
     <span class='ocr_line' id='line_1_81' title="bbox 346 4653 1856 4738; baseline 0.009 -30"><span class='ocrx_word' id='word_1_603' title='bbox 346 4673 445 4726; x_wconf 89' lang='grc' dir='ltr'>ριε,</span> <span class='ocrx_word' id='word_1_604' title='bbox 471 4661 554 4726; x_wconf 75' lang='grc' dir='ltr'><strong>ἐφ’</strong></span> <span class='ocrx_word' id='word_1_605' title='bbox 574 4653 660 4722; x_wconf 77' lang='grc' dir='ltr'>αἷς</span> <span class='ocrx_word' id='word_1_606' title='bbox 676 4659 946 4730; x_wconf 78' lang='grc' dir='ltr'>ηὔφρανας</span> <span class='ocrx_word' id='word_1_607' title='bbox 965 4661 1060 4730; x_wconf 72' lang='grc' dir='ltr'><strong>τὴν</strong></span> <span class='ocrx_word' id='word_1_608' title='bbox 1075 4661 1244 4730; x_wconf 68' lang='grc' dir='ltr'>ψυχήν</span> <span class='ocrx_word' id='word_1_609' title='bbox 1267 4681 1384 4731; x_wconf 87' lang='grc' dir='ltr'>μου.</span> <span class='ocrx_word' id='word_1_610' title='bbox 1405 4667 1462 4717; x_wconf 80' lang='lat' dir='ltr'><strong>El</strong></span> <span class='ocrx_word' id='word_1_611' title='bbox 1477 4667 1531 4718; x_wconf 80' lang='grc' dir='ltr'><strong>δὲ</strong></span> <span class='ocrx_word' id='word_1_612' title='bbox 1555 4669 1636 4736; x_wconf 70' lang='grc' dir='ltr'><strong>ἐφ’</strong></span> <span class='ocrx_word' id='word_1_613' title='bbox 1659 4669 1856 4738; x_wconf 79' lang='grc' dir='ltr'>ἑκάστῃ</span> 
     </span>
    </p>
   </div>
   <div class='ocr_carea' id='block_1_82' title="bbox 343 4746 1856 4826">
    <p class='ocr_par' dir='ltr' id='par_1_82' title="bbox 343 4746 1856 4826">
     <span class='ocr_line' id='line_1_82' title="bbox 343 4746 1856 4826; baseline 0.008 -29"><span class='ocrx_word' id='word_1_614' title='bbox 343 4746 500 4819; x_wconf 80' lang='grc' dir='ltr'>ὀδύνῃ</span> <span class='ocrx_word' id='word_1_615' title='bbox 524 4749 906 4817; x_wconf 81' lang='grc' dir='ltr'>παρακαλεῖταί</span> <span class='ocrx_word' id='word_1_616' title='bbox 940 4767 1019 4812; x_wconf 84' lang='grc' dir='ltr'><strong>τις</strong></span> <span class='ocrx_word' id='word_1_617' title='bbox 1044 4751 1143 4801; x_wconf 82' lang='grc' dir='ltr'><strong>ὑπὸ</strong></span> <span class='ocrx_word' id='word_1_618' title='bbox 1184 4751 1274 4803; x_wconf 81' lang='grc' dir='ltr'><strong>τοῦ</strong></span> <span class='ocrx_word' id='word_1_619' title='bbox 1302 4753 1452 4816; x_wconf 80' lang='grc' dir='ltr'>Θεοῦ,</span> <span class='ocrx_word' id='word_1_620' title='bbox 1477 4756 1565 4806; x_wconf 81' lang='grc' dir='ltr'><strong>καὶ</strong></span> <span class='ocrx_word' id='word_1_621' title='bbox 1591 4756 1686 4824; x_wconf 82' lang='grc' dir='ltr'><strong>τῆς</strong></span> <span class='ocrx_word' id='word_1_622' title='bbox 1712 4758 1856 4826; x_wconf 70' lang='grc' dir='ltr'>παρὰ</span> 
     </span>
    </p>
   </div>
   <div class='ocr_carea' id='block_1_83' title="bbox 346 4836 1860 4908">
    <p class='ocr_par' dir='ltr' id='par_1_83' title="bbox 346 4836 1860 4908">
     <span class='ocr_line' id='line_1_83' title="bbox 346 4836 1860 4908; baseline 0.008 -22"><span class='ocrx_word' id='word_1_623' title='bbox 346 4836 434 4888; x_wconf 78' lang='grc' dir='ltr'>τοῦ</span> <span class='ocrx_word' id='word_1_624' title='bbox 462 4837 590 4890; x_wconf 84' lang='grc' dir='ltr'><strong>Θεοῦ</strong></span> <span class='ocrx_word' id='word_1_625' title='bbox 615 4837 938 4907; x_wconf 81' lang='grc' dir='ltr'>εὐφροσύνης</span> <span class='ocrx_word' id='word_1_626' title='bbox 963 4839 1296 4903; x_wconf 79' lang='grc' dir='ltr'>καταξιοῦταί</span> <span class='ocrx_word' id='word_1_627' title='bbox 1319 4857 1416 4903; x_wconf 72' lang='grc' dir='ltr'>τιςο</span> <span class='ocrx_word' id='word_1_628' title='bbox 1444 4843 1539 4894; x_wconf 79' lang='grc' dir='ltr'><strong>οὐκ</strong></span> <span class='ocrx_word' id='word_1_629' title='bbox 1564 4843 1626 4896; x_wconf 82' lang='grc' dir='ltr'>ἂν</span> <span class='ocrx_word' id='word_1_630' title='bbox 1653 4844 1860 4908; x_wconf 73' lang='grc' dir='ltr'>εὔξαιτο</span> 
     </span>
    </p>
   </div>
   <div class='ocr_carea' id='block_1_84' title="bbox 347 4923 1859 4994">
    <p class='ocr_par' dir='ltr' id='par_1_84' title="bbox 347 4923 1859 4994">
     <span class='ocr_line' id='line_1_84' title="bbox 347 4923 1859 4994; baseline 0.007 -20"><span class='ocrx_word' id='word_1_631' title='bbox 347 4923 428 4976; x_wconf 83' lang='grc' dir='ltr'><strong>διὰ</strong></span> <span class='ocrx_word' id='word_1_632' title='bbox 455 4925 581 4978; x_wconf 79' lang='grc' dir='ltr'>Θεὸν</span> <span class='ocrx_word' id='word_1_633' title='bbox 613 4925 821 4988; x_wconf 82' lang='grc' dir='ltr'>πλείους</span> <span class='ocrx_word' id='word_1_634' title='bbox 853 4927 1131 4994; x_wconf 80' lang='grc' dir='ltr'>ὑπομένειν</span> <span class='ocrx_word' id='word_1_635' title='bbox 1170 4927 1370 4991; x_wconf 89' lang='grc' dir='ltr'>ὀδύνας,</span> <span class='ocrx_word' id='word_1_636' title='bbox 1397 4929 1469 4990; x_wconf 81' lang='grc' dir='ltr'>ὡς</span> <span class='ocrx_word' id='word_1_637' title='bbox 1510 4931 1573 4982; x_wconf 86' lang='grc' dir='ltr'>ἂν</span> <span class='ocrx_word' id='word_1_638' title='bbox 1610 4933 1859 4985; x_wconf 87' lang='grc' dir='ltr'>πλειόνων</span> 
     </span>
    </p>
   </div>
   <div class='ocr_carea' id='block_1_85' title="bbox 350 5016 1860 5086">
    <p class='ocr_par' dir='ltr' id='par_1_85' title="bbox 350 5016 1860 5086">
     <span class='ocr_line' id='line_1_85' title="bbox 350 5016 1860 5086; baseline 0.008 -21"><span class='ocrx_word' id='word_1_639' title='bbox 350 5016 591 5085; x_wconf 78' lang='grc' dir='ltr'>τυγχάνοι</span> <span class='ocrx_word' id='word_1_640' title='bbox 627 5016 1024 5086; x_wconf 76' lang='grc' dir='ltr'>παρακλήσεων,</span> <span class='ocrx_word' id='word_1_641' title='bbox 1050 5018 1138 5070; x_wconf 75' lang='grc' dir='ltr'><strong>καὶ</strong></span> <span class='ocrx_word' id='word_1_642' title='bbox 1174 5019 1422 5071; x_wconf 81' lang='grc' dir='ltr'>πλειόνων</span> <span class='ocrx_word' id='word_1_643' title='bbox 1447 5019 1548 5071; x_wconf 87' lang='grc' dir='ltr'><strong>τῶν</strong></span> <span class='ocrx_word' id='word_1_644' title='bbox 1584 5023 1672 5074; x_wconf 69' lang='grc' dir='ltr'><strong>ἐπὶ</strong></span> <span class='ocrx_word' id='word_1_645' title='bbox 1694 5024 1860 5078; x_wconf 78' lang='grc' dir='ltr'>ταῦτα</span> 
     </span>
    </p>
   </div>
   <div class='ocr_carea' id='block_1_86' title="bbox 349 5104 714 5175">
    <p class='ocr_par' dir='ltr' id='par_1_86' title="bbox 349 5104 714 5175">
     <span class='ocr_line' id='line_1_86' title="bbox 349 5104 714 5175; baseline 0.005 -21"><span class='ocrx_word' id='word_1_646' title='bbox 349 5104 678 5175; x_wconf 73' lang='grc' dir='ltr'>εὐφροσυνῶν</span> <span class='ocrx_word' id='word_1_647' title='bbox 699 5121 714 5168; x_wconf 89' lang='lat'><strong>;</strong></span> 
     </span>
    </p>
   </div>
   <div class='ocr_carea' id='block_1_87' title="bbox 417 5194 1860 5264">
    <p class='ocr_par' dir='ltr' id='par_1_87' title="bbox 417 5194 1860 5264">
     <span class='ocr_line' id='line_1_87' title="bbox 417 5194 1860 5264; baseline 0.005 -18"><span class='ocrx_word' id='word_1_648' title='bbox 417 5194 510 5260; x_wconf 79' lang='grc' dir='ltr'><strong>Μὴ</strong></span> <span class='ocrx_word' id='word_1_649' title='bbox 536 5197 968 5262; x_wconf 83' lang='grc' dir='ltr'>συμπροσέσται</span> <span class='ocrx_word' id='word_1_650' title='bbox 991 5211 1082 5248; x_wconf 89' lang='grc' dir='ltr'><strong>σοι</strong></span> <span class='ocrx_word' id='word_1_651' title='bbox 1101 5199 1304 5263; x_wconf 78' lang='grc' dir='ltr'>θρόνος</span> <span class='ocrx_word' id='word_1_652' title='bbox 1334 5198 1597 5264; x_wconf 81' lang='grc' dir='ltr'>ἀνομίας,</span> <span class='ocrx_word' id='word_1_653' title='bbox 1617 5203 1648 5252; x_wconf 84' lang='grc' dir='ltr'><strong>ό</strong></span> <span class='ocrx_word' id='word_1_654' title='bbox 1673 5201 1860 5253; x_wconf 80' lang='grc' dir='ltr'>πλάσ-</span> 
     </span>
    </p>
   </div>
   <div class='ocr_carea' id='block_1_88' title="bbox 353 5285 1857 5356">
    <p class='ocr_par' dir='ltr' id='par_1_88' title="bbox 353 5285 1857 5356">
     <span class='ocr_line' id='line_1_88' title="bbox 353 5285 1857 5356; baseline 0.006 -23"><span class='ocrx_word' id='word_1_655' title='bbox 353 5297 474 5333; x_wconf 87' lang='grc' dir='ltr'><strong>σων</strong></span> <span class='ocrx_word' id='word_1_656' title='bbox 500 5285 682 5335; x_wconf 80' lang='grc' dir='ltr'>κόπον</span> <span class='ocrx_word' id='word_1_657' title='bbox 715 5285 810 5336; x_wconf 81' lang='grc' dir='ltr'>ἐπὶ</span> <span class='ocrx_word' id='word_1_658' title='bbox 847 5286 1216 5353; x_wconf 78' lang='grc' dir='ltr'>πρόσταγμα;</span> <span class='ocrx_word' id='word_1_659' title='bbox 1261 5286 1508 5348; x_wconf 83' lang='grc' dir='ltr'>Εἰκότως.</span> <span class='ocrx_word' id='word_1_660' title='bbox 1537 5290 1683 5356; x_wconf 78' lang='grc' dir='ltr'>φησὶ,</span> <span class='ocrx_word' id='word_1_661' title='bbox 1722 5291 1857 5342; x_wconf 76' lang='grc' dir='ltr'>κατὰ</span> 
     </span>
    </p>
   </div>
   <div class='ocr_carea' id='block_1_89' title="bbox 357 5369 1858 5443">
    <p class='ocr_par' dir='ltr' id='par_1_89' title="bbox 357 5369 1858 5443">
     <span class='ocr_line' id='line_1_89' title="bbox 357 5369 1858 5443; baseline 0.007 -26"><span class='ocrx_word' id='word_1_662' title='bbox 357 5369 412 5417; x_wconf 75' lang='grc' dir='ltr'><strong>τό</strong></span> <span class='ocrx_word' id='word_1_663' title='bbox 441 5370 629 5438; x_wconf 78' lang='grc' dir='ltr'>πλῆθος</span> <span class='ocrx_word' id='word_1_664' title='bbox 653 5370 756 5423; x_wconf 83' lang='grc' dir='ltr'><strong>τῶν</strong></span> <span class='ocrx_word' id='word_1_665' title='bbox 795 5372 985 5425; x_wconf 80' lang='grc' dir='ltr'>ὀδυνῶν</span> <span class='ocrx_word' id='word_1_666' title='bbox 1007 5375 1110 5426; x_wconf 85' lang='grc' dir='ltr'><strong>τῶν</strong></span> <span class='ocrx_word' id='word_1_667' title='bbox 1148 5377 1201 5426; x_wconf 82' lang='grc' dir='ltr'><strong>ἐν</strong></span> <span class='ocrx_word' id='word_1_668' title='bbox 1231 5377 1294 5442; x_wconf 79' lang='grc' dir='ltr'>τῇ</span> <span class='ocrx_word' id='word_1_669' title='bbox 1331 5373 1524 5442; x_wconf 78' lang='grc' dir='ltr'>καρδίᾳ</span> <span class='ocrx_word' id='word_1_670' title='bbox 1554 5393 1650 5443; x_wconf 83' lang='grc' dir='ltr'><strong>μου</strong></span> <span class='ocrx_word' id='word_1_671' title='bbox 1675 5377 1728 5427; x_wconf 88' lang='grc' dir='ltr'>αἱ</span> <span class='ocrx_word' id='word_1_672' title='bbox 1755 5393 1858 5428; x_wconf 88' lang='grc' dir='ltr'>πα-</span> 
     </span>
    </p>
   </div>
   <div class='ocr_carea' id='block_1_90' title="bbox 360 5458 1858 5535">
    <p class='ocr_par' dir='ltr' id='par_1_90' title="bbox 360 5458 1858 5535">
     <span class='ocr_line' id='line_1_90' title="bbox 360 5458 1858 5535; baseline 0.006 -27"><span class='ocrx_word' id='word_1_673' title='bbox 360 5458 625 5527; x_wconf 72' lang='grc' dir='ltr'>ρακλήσεις</span> <span class='ocrx_word' id='word_1_674' title='bbox 652 5475 738 5510; x_wconf 88' lang='grc' dir='ltr'><strong>σου</strong></span> <span class='ocrx_word' id='word_1_675' title='bbox 777 5459 1044 5528; x_wconf 66' lang='grc' dir='ltr'>ηὕφραναν</span> <span class='ocrx_word' id='word_1_676' title='bbox 1076 5464 1168 5530; x_wconf 75' lang='grc' dir='ltr'><strong>τὴν</strong></span> <span class='ocrx_word' id='word_1_677' title='bbox 1203 5463 1371 5530; x_wconf 70' lang='grc' dir='ltr'>ψυχήν</span> <span class='ocrx_word' id='word_1_678' title='bbox 1413 5477 1508 5530; x_wconf 82' lang='grc' dir='ltr'><strong>μου</strong></span> <span class='ocrx_word' id='word_1_679' title='bbox 1529 5478 1541 5490; x_wconf 90' lang='grc'><strong>·</strong></span> <span class='ocrx_word' id='word_1_680' title='bbox 1575 5465 1858 5535; x_wconf 78' lang='grc' dir='ltr'>ἐπειδήπερ</span> 
     </span>
    </p>
   </div>
   <div class='ocr_carea' id='block_1_91' title="bbox 427 5608 1502 5672">
    <p class='ocr_par' dir='ltr' id='par_1_91' title="bbox 427 5608 1502 5672">
     <span class='ocr_line' id='line_1_91' title="bbox 427 5608 1502 5672; baseline 0.001 -11"><span class='ocrx_word' id='word_1_681' title='bbox 427 5609 466 5638; x_wconf 66' lang='grc' dir='ltr'><strong>δ’</strong></span> <span class='ocrx_word' id='word_1_682' title='bbox 501 5608 633 5664; x_wconf 82' lang='lat' dir='ltr'><strong>Psal.</strong></span> <span class='ocrx_word' id='word_1_683' title='bbox 668 5626 843 5672; x_wconf 71' lang='lat' dir='ltr'><strong>xxxix,</strong></span> <span class='ocrx_word' id='word_1_684' title='bbox 879 5611 927 5664; x_wconf 79' lang='grc'><strong>5.</strong></span> <span class='ocrx_word' id='word_1_685' title='bbox 1003 5614 1045 5642; x_wconf 82' lang='grc' dir='ltr'><strong>⁸ο</strong></span> <span class='ocrx_word' id='word_1_686' title='bbox 1082 5611 1119 5664; x_wconf 95' lang='lat' dir='ltr'><strong>ll</strong></span> <span class='ocrx_word' id='word_1_687' title='bbox 1153 5611 1272 5666; x_wconf 87' lang='lat' dir='ltr'><strong>Cor.</strong></span> <span class='ocrx_word' id='word_1_688' title='bbox 1309 5625 1356 5672; x_wconf 82' lang='grc' dir='ltr'><strong>ι,</strong></span> <span class='ocrx_word' id='word_1_689' title='bbox 1393 5609 1502 5663; x_wconf 80' lang='lat'><strong>5-5.</strong></span> 
     </span>
    </p>
   </div>
   <div class='ocr_carea' id='block_1_92' title="bbox 1959 3154 3478 3223">
    <p class='ocr_par' dir='ltr' id='par_1_92' title="bbox 1959 3154 3478 3223">
     <span class='ocr_line' id='line_1_92' title="bbox 1959 3154 3478 3223; baseline 0 -15"><span class='ocrx_word' id='word_1_690' title='bbox 1959 3155 2195 3223; x_wconf 80' lang='lat' dir='ltr'><strong>singulas</strong></span> <span class='ocrx_word' id='word_1_691' title='bbox 2233 3155 2358 3208; x_wconf 88' lang='lat' dir='ltr'><strong>mihi</strong></span> <span class='ocrx_word' id='word_1_692' title='bbox 2403 3154 2793 3208; x_wconf 88' lang='lat' dir='ltr'><strong>consolationes</strong></span> <span class='ocrx_word' id='word_1_693' title='bbox 2827 3163 2944 3208; x_wconf 90' lang='lat' dir='ltr'><strong>tuas</strong></span> <span class='ocrx_word' id='word_1_694' title='bbox 2972 3155 3249 3207; x_wconf 65' lang='lat' dir='ltr'><strong>admei-isti</strong></span> <span class='ocrx_word' id='word_1_695' title='bbox 3283 3173 3295 3208; x_wconf 90' lang='lat'><strong>:</strong></span> <span class='ocrx_word' id='word_1_696' title='bbox 3326 3155 3478 3223; x_wconf 81' lang='lat' dir='ltr'><strong>quasi</strong></span> 
     </span>
    </p>
   </div>
   <div class='ocr_carea' id='block_1_93' title="bbox 1956 3241 3480 3312">
    <p class='ocr_par' dir='ltr' id='par_1_93' title="bbox 1956 3241 3480 3312">
     <span class='ocr_line' id='line_1_93' title="bbox 1956 3241 3480 3312; baseline 0.001 -16"><span class='ocrx_word' id='word_1_697' title='bbox 1956 3245 2186 3298; x_wconf 88' lang='lat' dir='ltr'><strong>salutare</strong></span> <span class='ocrx_word' id='word_1_698' title='bbox 2205 3244 2544 3312; x_wconf 77' lang='lat' dir='ltr'><strong>pliarmacum</strong></span> <span class='ocrx_word' id='word_1_699' title='bbox 2563 3243 2976 3295; x_wconf 86' lang='lat' dir='ltr'><strong>consolationem</strong></span> <span class='ocrx_word' id='word_1_700' title='bbox 2995 3241 3240 3304; x_wconf 84' lang='lat' dir='ltr'><strong>oﬂ&#39;erens,</strong></span> <span class='ocrx_word' id='word_1_701' title='bbox 3260 3250 3310 3296; x_wconf 89' lang='lat' dir='ltr'><strong>et</strong></span> <span class='ocrx_word' id='word_1_702' title='bbox 3326 3243 3480 3311; x_wconf 70' lang='lat' dir='ltr'><strong>quasi</strong></span> 
     </span>
    </p>
   </div>
   <div class='ocr_carea' id='block_1_94' title="bbox 1956 3329 3472 3398">
    <p class='ocr_par' dir='ltr' id='par_1_94' title="bbox 1956 3329 3472 3398">
     <span class='ocr_line' id='line_1_94' title="bbox 1956 3329 3472 3398; baseline -0.001 -13"><span class='ocrx_word' id='word_1_703' title='bbox 1956 3333 2135 3385; x_wconf 86' lang='lat' dir='ltr'><strong>multis</strong></span> <span class='ocrx_word' id='word_1_704' title='bbox 2163 3331 2467 3385; x_wconf 87' lang='lat' dir='ltr'><strong>vulneribus</strong></span> <span class='ocrx_word' id='word_1_705' title='bbox 2513 3331 2672 3382; x_wconf 88' lang='lat' dir='ltr'><strong>multa</strong></span> <span class='ocrx_word' id='word_1_706' title='bbox 2709 3331 2936 3382; x_wconf 87' lang='lat' dir='ltr'><strong>remedia</strong></span> <span class='ocrx_word' id='word_1_707' title='bbox 2973 3331 3244 3383; x_wconf 89' lang='lat' dir='ltr'><strong>inducens.</strong></span> <span class='ocrx_word' id='word_1_708' title='bbox 3280 3329 3472 3398; x_wconf 77' lang='lat' dir='ltr'><strong>llujus-</strong></span> 
     </span>
    </p>
   </div>
   <div class='ocr_carea' id='block_1_95' title="bbox 1958 3418 3476 3488">
    <p class='ocr_par' dir='ltr' id='par_1_95' title="bbox 1958 3418 3476 3488">
     <span class='ocr_line' id='line_1_95' title="bbox 1958 3418 3476 3488; baseline 0.001 -14"><span class='ocrx_word' id='word_1_709' title='bbox 1958 3422 2100 3474; x_wconf 88' lang='lat' dir='ltr'><strong>modi</strong></span> <span class='ocrx_word' id='word_1_710' title='bbox 2125 3432 2297 3474; x_wconf 86' lang='lat' dir='ltr'><strong>autem</strong></span> <span class='ocrx_word' id='word_1_711' title='bbox 2326 3418 2714 3473; x_wconf 84' lang='lat' dir='ltr'><strong>consolationes</strong></span> <span class='ocrx_word' id='word_1_712' title='bbox 2736 3427 2924 3472; x_wconf 83' lang='lat' dir='ltr'><strong>nactus</strong></span> <span class='ocrx_word' id='word_1_713' title='bbox 2952 3419 3165 3473; x_wconf 88' lang='lat' dir='ltr'><strong>divinus</strong></span> <span class='ocrx_word' id='word_1_714' title='bbox 3191 3420 3476 3488; x_wconf 72' lang='lat' dir='ltr'><strong>Apostolus</strong></span> 
     </span>
    </p>
   </div>
   <div class='ocr_carea' id='block_1_96' title="bbox 1955 3508 3474 3572">
    <p class='ocr_par' dir='ltr' id='par_1_96' title="bbox 1955 3508 3474 3572">
     <span class='ocr_line' id='line_1_96' title="bbox 1955 3508 3474 3572; baseline -0.001 -8"><span class='ocrx_word' id='word_1_715' title='bbox 1955 3510 2162 3564; x_wconf 88' lang='lat' dir='ltr'><strong>dicebat</strong></span> <span class='ocrx_word' id='word_1_716' title='bbox 2202 3525 2214 3559; x_wconf 88' lang='lat'><strong>:</strong></span> <span class='ocrx_word' id='word_1_717' title='bbox 2261 3508 2563 3561; x_wconf 80' lang='lat' dir='ltr'><strong>Benedictus</strong></span> <span class='ocrx_word' id='word_1_718' title='bbox 2610 3509 2744 3562; x_wconf 86' lang='lat' dir='ltr'><strong>Deus</strong></span> <span class='ocrx_word' id='word_1_719' title='bbox 2786 3508 2944 3562; x_wconf 90' lang='lat' dir='ltr'><strong>Pater</strong></span> <span class='ocrx_word' id='word_1_720' title='bbox 2986 3511 3474 3572; x_wconf 86' lang='lat' dir='ltr'><strong>misericordiarum.</strong></span> 
     </span>
    </p>
   </div>
   <div class='ocr_carea' id='block_1_97' title="bbox 1955 3599 3477 3668">
    <p class='ocr_par' dir='ltr' id='par_1_97' title="bbox 1955 3599 3477 3668">
     <span class='ocr_line' id='line_1_97' title="bbox 1955 3599 3477 3668; baseline 0.001 -15"><span class='ocrx_word' id='word_1_721' title='bbox 1955 3600 2091 3653; x_wconf 87' lang='lat' dir='ltr'><strong>Deus</strong></span> <span class='ocrx_word' id='word_1_722' title='bbox 2113 3601 2268 3652; x_wconf 87' lang='lat' dir='ltr'><strong>totius</strong></span> <span class='ocrx_word' id='word_1_723' title='bbox 2296 3599 2688 3662; x_wconf 79' lang='lat' dir='ltr'><strong>consolationis,</strong></span> <span class='ocrx_word' id='word_1_724' title='bbox 2713 3601 2798 3668; x_wconf 92' lang='lat' dir='ltr'><strong>qui</strong></span> <span class='ocrx_word' id='word_1_725' title='bbox 2819 3600 3115 3663; x_wconf 80' lang='lat' dir='ltr'><strong>consolatur</strong></span> <span class='ocrx_word' id='word_1_726' title='bbox 3136 3617 3226 3652; x_wconf 88' lang='lat' dir='ltr'><strong>nos</strong></span> <span class='ocrx_word' id='word_1_727' title='bbox 3257 3601 3308 3652; x_wconf 87' lang='lat' dir='ltr'><strong>in</strong></span> <span class='ocrx_word' id='word_1_728' title='bbox 3337 3603 3477 3654; x_wconf 86' lang='lat' dir='ltr'><strong>omni</strong></span> 
     </span>
    </p>
   </div>
   <div class='ocr_carea' id='block_1_98' title="bbox 1958 3687 3475 3757">
    <p class='ocr_par' dir='ltr' id='par_1_98' title="bbox 1958 3687 3475 3757">
     <span class='ocr_line' id='line_1_98' title="bbox 1958 3687 3475 3757; baseline 0.001 -17"><span class='ocrx_word' id='word_1_729' title='bbox 1958 3687 2283 3741; x_wconf 85' lang='lat' dir='ltr'><strong>tribulatione</strong></span> <span class='ocrx_word' id='word_1_730' title='bbox 2312 3699 2487 3742; x_wconf 88' lang='lat' dir='ltr'><strong>nostra</strong></span> <span class='ocrx_word' id='word_1_731' title='bbox 2529 3704 2546 3741; x_wconf 93' lang='lat'><em>:</em></span> <span class='ocrx_word' id='word_1_732' title='bbox 2583 3700 2637 3742; x_wconf 92' lang='lat' dir='ltr'><strong>ut</strong></span> <span class='ocrx_word' id='word_1_733' title='bbox 2667 3691 2921 3757; x_wconf 87' lang='lat' dir='ltr'><strong>possimus</strong></span> <span class='ocrx_word' id='word_1_734' title='bbox 2954 3707 3044 3742; x_wconf 86' lang='lat' dir='ltr'><strong>nos</strong></span> <span class='ocrx_word' id='word_1_735' title='bbox 3079 3689 3336 3742; x_wconf 88' lang='lat' dir='ltr'><strong>consolari</strong></span> <span class='ocrx_word' id='word_1_736' title='bbox 3370 3706 3475 3750; x_wconf 81' lang='lat' dir='ltr'><strong>eos.</strong></span> 
     </span>
    </p>
   </div>
   <div class='ocr_carea' id='block_1_99' title="bbox 1954 3779 3480 3849">
    <p class='ocr_par' dir='ltr' id='par_1_99' title="bbox 1954 3779 3480 3849">
     <span class='ocr_line' id='line_1_99' title="bbox 1954 3779 3480 3849; baseline 0.005 -21"><span class='ocrx_word' id='word_1_737' title='bbox 1954 3779 2039 3846; x_wconf 87' lang='lat' dir='ltr'><strong>qui</strong></span> <span class='ocrx_word' id='word_1_738' title='bbox 2069 3780 2121 3829; x_wconf 87' lang='lat' dir='ltr'><strong>in</strong></span> <span class='ocrx_word' id='word_1_739' title='bbox 2162 3779 2300 3830; x_wconf 87' lang='lat' dir='ltr'><strong>omni</strong></span> <span class='ocrx_word' id='word_1_740' title='bbox 2336 3793 2576 3846; x_wconf 81' lang='lat' dir='ltr'><strong>pressura</strong></span> <span class='ocrx_word' id='word_1_741' title='bbox 2621 3788 2761 3841; x_wconf 89' lang='lat' dir='ltr'><strong>sunt,</strong></span> <span class='ocrx_word' id='word_1_742' title='bbox 2792 3795 2881 3847; x_wconf 81' lang='lat' dir='ltr'><strong>per</strong></span> <span class='ocrx_word' id='word_1_743' title='bbox 2908 3781 3331 3842; x_wconf 81' lang='lat' dir='ltr'><strong>consolationem,</strong></span> <span class='ocrx_word' id='word_1_744' title='bbox 3381 3796 3480 3849; x_wconf 82' lang='lat' dir='ltr'><strong>qua</strong></span> 
     </span>
    </p>
   </div>
   <div class='ocr_carea' id='block_1_100' title="bbox 1956 3867 3479 3936">
    <p class='ocr_par' dir='ltr' id='par_1_100' title="bbox 1956 3867 3479 3936">
     <span class='ocr_line' id='line_1_100' title="bbox 1956 3867 3479 3936; baseline 0.001 -16"><span class='ocrx_word' id='word_1_745' title='bbox 1956 3869 2282 3922; x_wconf 83' lang='lat' dir='ltr'><strong>consolamur</strong></span> <span class='ocrx_word' id='word_1_746' title='bbox 2333 3870 2434 3936; x_wconf 85' lang='lat' dir='ltr'><strong>ipsi</strong></span> <span class='ocrx_word' id='word_1_747' title='bbox 2479 3886 2510 3921; x_wconf 89' lang='lat' dir='ltr'><strong>a</strong></span> <span class='ocrx_word' id='word_1_748' title='bbox 2562 3867 2685 3922; x_wconf 86' lang='lat' dir='ltr'><strong>Deo.</strong></span> <span class='ocrx_word' id='word_1_749' title='bbox 2739 3869 2995 3934; x_wconf 85' lang='lat' dir='ltr'><strong>Quoniam</strong></span> <span class='ocrx_word' id='word_1_750' title='bbox 3037 3872 3169 3923; x_wconf 86' lang='lat' dir='ltr'><strong>sicut</strong></span> <span class='ocrx_word' id='word_1_751' title='bbox 3214 3871 3479 3925; x_wconf 75' lang='lat' dir='ltr'><strong>abundant</strong></span> 
     </span>
    </p>
   </div>
   <div class='ocr_carea' id='block_1_101' title="bbox 1956 3956 3477 4025">
    <p class='ocr_par' dir='ltr' id='par_1_101' title="bbox 1956 3956 3477 4025">
     <span class='ocr_line' id='line_1_101' title="bbox 1956 3956 3477 4025; baseline 0.001 -16"><span class='ocrx_word' id='word_1_752' title='bbox 1956 3959 2218 4025; x_wconf 84' lang='lat' dir='ltr'><strong>passiones</strong></span> <span class='ocrx_word' id='word_1_753' title='bbox 2250 3956 2442 4012; x_wconf 82' lang='lat' dir='ltr'><strong>Christi</strong></span> <span class='ocrx_word' id='word_1_754' title='bbox 2464 3961 2516 4010; x_wconf 90' lang='lat' dir='ltr'><strong>in</strong></span> <span class='ocrx_word' id='word_1_755' title='bbox 2549 3958 2727 4020; x_wconf 87' lang='lat' dir='ltr'><strong>nobis;</strong></span> <span class='ocrx_word' id='word_1_756' title='bbox 2761 3959 2833 4010; x_wconf 87' lang='lat' dir='ltr'><strong>sic</strong></span> <span class='ocrx_word' id='word_1_757' title='bbox 2863 3959 3089 4010; x_wconf 86' lang='lat' dir='ltr'><strong>abundat</strong></span> <span class='ocrx_word' id='word_1_758' title='bbox 3121 3970 3167 4011; x_wconf 86' lang='lat' dir='ltr'><strong>ct</strong></span> <span class='ocrx_word' id='word_1_759' title='bbox 3193 3960 3477 4014; x_wconf 76' lang='lat' dir='ltr'><strong>consolatio</strong></span> 
     </span>
    </p>
   </div>
   <div class='ocr_carea' id='block_1_102' title="bbox 1956 4048 3478 4118">
    <p class='ocr_par' dir='ltr' id='par_1_102' title="bbox 1956 4048 3478 4118">
     <span class='ocr_line' id='line_1_102' title="bbox 1956 4048 3478 4118; baseline 0.001 -18"><span class='ocrx_word' id='word_1_760' title='bbox 1956 4059 2136 4102; x_wconf 85' lang='lat' dir='ltr'><strong>nostra</strong></span> <span class='ocrx_word' id='word_1_761' title='bbox 2173 4051 2234 4101; x_wconf 83' lang='grc'><strong>⁵⁰.</strong></span> <span class='ocrx_word' id='word_1_762' title='bbox 2283 4051 2453 4118; x_wconf 85' lang='lat' dir='ltr'><strong>Atque</strong></span> <span class='ocrx_word' id='word_1_763' title='bbox 2490 4049 2599 4101; x_wconf 62' lang='lat' dir='ltr'><strong>bzec</strong></span> <span class='ocrx_word' id='word_1_764' title='bbox 2631 4049 2786 4100; x_wconf 85' lang='lat' dir='ltr'><strong>verba</strong></span> <span class='ocrx_word' id='word_1_765' title='bbox 2840 4050 3092 4101; x_wconf 89' lang='lat' dir='ltr'><strong>mutando</strong></span> <span class='ocrx_word' id='word_1_766' title='bbox 3141 4069 3152 4102; x_wconf 93' lang='lat'><strong>:</strong></span> <span class='ocrx_word' id='word_1_767' title='bbox 3201 4048 3321 4106; x_wconf 84' lang='lat' dir='ltr'><strong>Non</strong></span> <span class='ocrx_word' id='word_1_768' title='bbox 3359 4059 3478 4103; x_wconf 83' lang='lat' dir='ltr'><strong>sunt</strong></span> 
     </span>
    </p>
   </div>
   <div class='ocr_carea' id='block_1_103' title="bbox 1957 4137 3476 4208">
    <p class='ocr_par' dir='ltr' id='par_1_103' title="bbox 1957 4137 3476 4208">
     <span class='ocr_line' id='line_1_103' title="bbox 1957 4137 3476 4208; baseline 0.002 -18"><span class='ocrx_word' id='word_1_769' title='bbox 1957 4139 2217 4208; x_wconf 80' lang='lat' dir='ltr'><strong>condigna:</strong></span> <span class='ocrx_word' id='word_1_770' title='bbox 2242 4141 2506 4207; x_wconf 83' lang='lat' dir='ltr'><strong>passiones</strong></span> <span class='ocrx_word' id='word_1_771' title='bbox 2537 4138 2686 4205; x_wconf 84' lang='lat' dir='ltr'><strong>hujus</strong></span> <span class='ocrx_word' id='word_1_772' title='bbox 2717 4138 2955 4204; x_wconf 83' lang='lat' dir='ltr'><strong>temporis</strong></span> <span class='ocrx_word' id='word_1_773' title='bbox 2990 4137 3056 4188; x_wconf 92' lang='lat' dir='ltr'><strong>ad</strong></span> <span class='ocrx_word' id='word_1_774' title='bbox 3103 4140 3476 4207; x_wconf 77' lang='lat' dir='ltr'><strong>{uturant.glo.-</strong></span> 
     </span>
    </p>
   </div>
   <div class='ocr_carea' id='block_1_104' title="bbox 1957 4225 3474 4314">
    <p class='ocr_par' dir='ltr' id='par_1_104' title="bbox 1957 4225 3474 4314">
     <span class='ocr_line' id='line_1_104' title="bbox 1957 4225 3474 4314; baseline 0 -33"><span class='ocrx_word' id='word_1_775' title='bbox 1957 4231 2092 4282; x_wconf 91' lang='lat' dir='ltr'><strong>riam</strong></span> <span class='ocrx_word' id='word_1_776' title='bbox 2125 4245 2236 4298; x_wconf 72' lang='lat' dir='ltr'><strong>qua:</strong></span> <span class='ocrx_word' id='word_1_777' title='bbox 2272 4229 2576 4283; x_wconf 83' lang='lat' dir='ltr'><strong>revelabitur</strong></span> <span class='ocrx_word' id='word_1_778' title='bbox 2609 4229 2659 4280; x_wconf 86' lang='lat' dir='ltr'><strong>in</strong></span> <span class='ocrx_word' id='word_1_779' title='bbox 2689 4225 2834 4280; x_wconf 87' lang='lat' dir='ltr'><strong>nobis</strong></span> <span class='ocrx_word' id='word_1_780' title='bbox 2869 4228 2950 4290; x_wconf 86' lang='grc'><strong>⁸¹;</strong></span> <span class='ocrx_word' id='word_1_781' title='bbox 2983 4229 3060 4282; x_wconf 91' lang='lat' dir='ltr'><strong>sic</strong></span> <span class='ocrx_word' id='word_1_782' title='bbox 3088 4227 3191 4314; x_wconf 69' lang='lat' dir='ltr'><strong>diei</strong></span> <span class='ocrx_word' id='word_1_783' title='bbox 3223 4235 3427 4297; x_wconf 85' lang='lat' dir='ltr'><strong>poterat</strong></span> <span class='ocrx_word' id='word_1_784' title='bbox 3461 4247 3474 4281; x_wconf 90' lang='lat'>:</span> 
     </span>
    </p>
   </div>
   <div class='ocr_carea' id='block_1_105' title="bbox 1957 4316 3478 4387">
    <p class='ocr_par' dir='ltr' id='par_1_105' title="bbox 1957 4316 3478 4387">
     <span class='ocr_line' id='line_1_105' title="bbox 1957 4316 3478 4387; baseline 0 -16"><span class='ocrx_word' id='word_1_785' title='bbox 1957 4317 2073 4372; x_wconf 84' lang='lat' dir='ltr'><strong>Non</strong></span> <span class='ocrx_word' id='word_1_786' title='bbox 2113 4327 2194 4373; x_wconf 91' lang='lat' dir='ltr'><strong>est</strong></span> <span class='ocrx_word' id='word_1_787' title='bbox 2238 4319 2499 4387; x_wconf 81' lang='lat' dir='ltr'><strong>condigna</strong></span> <span class='ocrx_word' id='word_1_788' title='bbox 2548 4316 2831 4370; x_wconf 90' lang='lat' dir='ltr'><strong>multitudo</strong></span> <span class='ocrx_word' id='word_1_789' title='bbox 2860 4317 3104 4370; x_wconf 88' lang='lat' dir='ltr'><strong>dolorum</strong></span> <span class='ocrx_word' id='word_1_790' title='bbox 3149 4332 3386 4370; x_wconf 89' lang='lat' dir='ltr'><strong>meorum</strong></span> <span class='ocrx_word' id='word_1_791' title='bbox 3423 4317 3478 4371; x_wconf 91' lang='lat' dir='ltr'><strong>in</strong></span> 
     </span>
    </p>
   </div>
   <div class='ocr_carea' id='block_1_106' title="bbox 1958 4405 3478 4476">
    <p class='ocr_par' dir='ltr' id='par_1_106' title="bbox 1958 4405 3478 4476">
     <span class='ocr_line' id='line_1_106' title="bbox 1958 4405 3478 4476; baseline 0.001 -16"><span class='ocrx_word' id='word_1_792' title='bbox 1958 4407 2118 4461; x_wconf 90' lang='lat' dir='ltr'><strong>corde</strong></span> <span class='ocrx_word' id='word_1_793' title='bbox 2156 4421 2292 4469; x_wconf 91' lang='lat' dir='ltr'><strong>meo,</strong></span> <span class='ocrx_word' id='word_1_794' title='bbox 2329 4407 2391 4459; x_wconf 88' lang='lat' dir='ltr'><strong>ad</strong></span> <span class='ocrx_word' id='word_1_795' title='bbox 2423 4405 2815 4459; x_wconf 90' lang='lat' dir='ltr'><strong>consolationes</strong></span> <span class='ocrx_word' id='word_1_796' title='bbox 2843 4413 2981 4468; x_wconf 90' lang='lat' dir='ltr'><strong>tuas,</strong></span> <span class='ocrx_word' id='word_1_797' title='bbox 3013 4405 3252 4467; x_wconf 87' lang='lat' dir='ltr'><strong>Domine,</strong></span> <span class='ocrx_word' id='word_1_798' title='bbox 3284 4407 3478 4476; x_wconf 83' lang='lat' dir='ltr'><strong>quibus</strong></span> 
     </span>
    </p>
   </div>
   <div class='ocr_carea' id='block_1_107' title="bbox 1957 4479 3476 4564">
    <p class='ocr_par' dir='ltr' id='par_1_107' title="bbox 1957 4479 3476 4564">
     <span class='ocr_line' id='line_1_107' title="bbox 1957 4479 3476 4564; baseline 0 -16"><span class='ocrx_word' id='word_1_799' title='bbox 1957 4495 2229 4549; x_wconf 63' lang='lat' dir='ltr'><strong>laetificasti</strong></span> <span class='ocrx_word' id='word_1_800' title='bbox 2261 4495 2488 4547; x_wconf 88' lang='lat' dir='ltr'><strong>animam</strong></span> <span class='ocrx_word' id='word_1_801' title='bbox 2522 4509 2714 4547; x_wconf 81' lang='lat' dir='ltr'><strong>meum.</strong></span> <span class='ocrx_word' id='word_1_802' title='bbox 2743 4479 2894 4558; x_wconf 82' lang='lat' dir='ltr'><strong>Quod</strong></span> <span class='ocrx_word' id='word_1_803' title='bbox 2920 4496 2962 4548; x_wconf 93' lang='lat' dir='ltr'><strong>si</strong></span> <span class='ocrx_word' id='word_1_804' title='bbox 2991 4495 3044 4548; x_wconf 92' lang='lat' dir='ltr'><strong>in</strong></span> <span class='ocrx_word' id='word_1_805' title='bbox 3075 4497 3300 4564; x_wconf 78' lang='lat' dir='ltr'><strong>singulis</strong></span> <span class='ocrx_word' id='word_1_806' title='bbox 3326 4497 3476 4548; x_wconf 75' lang='lat' dir='ltr'><strong>dolo-</strong></span> 
     </span>
    </p>
   </div>
   <div class='ocr_carea' id='block_1_108' title="bbox 1957 4579 3475 4651">
    <p class='ocr_par' dir='ltr' id='par_1_108' title="bbox 1957 4579 3475 4651">
     <span class='ocr_line' id='line_1_108' title="bbox 1957 4579 3475 4651; baseline -0.001 -15"><span class='ocrx_word' id='word_1_807' title='bbox 1957 4583 2106 4638; x_wconf 90' lang='lat' dir='ltr'><strong>ribus</strong></span> <span class='ocrx_word' id='word_1_808' title='bbox 2143 4582 2263 4651; x_wconf 88' lang='lat' dir='ltr'><strong>quis</strong></span> <span class='ocrx_word' id='word_1_809' title='bbox 2291 4597 2318 4633; x_wconf 90' lang='lat' dir='ltr'><strong>a</strong></span> <span class='ocrx_word' id='word_1_810' title='bbox 2354 4579 2460 4634; x_wconf 90' lang='lat' dir='ltr'><strong>Deo</strong></span> <span class='ocrx_word' id='word_1_811' title='bbox 2481 4581 2894 4636; x_wconf 81' lang='lat' dir='ltr'><strong>consolationem</strong></span> <span class='ocrx_word' id='word_1_812' title='bbox 2925 4581 3170 4650; x_wconf 80' lang='lat' dir='ltr'><strong>accipiat,</strong></span> <span class='ocrx_word' id='word_1_813' title='bbox 3199 4584 3475 4641; x_wconf 73' lang='lat' dir='ltr'><strong>etlaetitia.</strong></span> 
     </span>
    </p>
   </div>
   <div class='ocr_carea' id='block_1_109' title="bbox 1957 4669 3473 4741">
    <p class='ocr_par' dir='ltr' id='par_1_109' title="bbox 1957 4669 3473 4741">
     <span class='ocr_line' id='line_1_109' title="bbox 1957 4669 3473 4741; baseline -0.001 -17"><span class='ocrx_word' id='word_1_814' title='bbox 1957 4688 2075 4741; x_wconf 62' lang='lat' dir='ltr'><strong>quae</strong></span> <span class='ocrx_word' id='word_1_815' title='bbox 2106 4687 2133 4723; x_wconf 90' lang='lat' dir='ltr'><strong>a</strong></span> <span class='ocrx_word' id='word_1_816' title='bbox 2159 4671 2264 4724; x_wconf 90' lang='lat' dir='ltr'><strong>Deo</strong></span> <span class='ocrx_word' id='word_1_817' title='bbox 2282 4676 2381 4731; x_wconf 87' lang='lat' dir='ltr'><strong>est,</strong></span> <span class='ocrx_word' id='word_1_818' title='bbox 2413 4669 2689 4736; x_wconf 83' lang='lat' dir='ltr'><strong>dignetur;</strong></span> <span class='ocrx_word' id='word_1_819' title='bbox 2714 4685 2888 4722; x_wconf 90' lang='lat' dir='ltr'><strong>annon</strong></span> <span class='ocrx_word' id='word_1_820' title='bbox 2939 4679 3084 4738; x_wconf 82' lang='lat' dir='ltr'><strong>Oplet</strong></span> <span class='ocrx_word' id='word_1_821' title='bbox 3139 4685 3200 4724; x_wconf 86' lang='lat' dir='ltr'><strong>ac</strong></span> <span class='ocrx_word' id='word_1_822' title='bbox 3229 4680 3473 4740; x_wconf 87' lang='lat' dir='ltr'><strong>precetur</strong></span> 
     </span>
    </p>
   </div>
   <div class='ocr_carea' id='block_1_110' title="bbox 1959 4760 3479 4831">
    <p class='ocr_par' dir='ltr' id='par_1_110' title="bbox 1959 4760 3479 4831">
     <span class='ocr_line' id='line_1_110' title="bbox 1959 4760 3479 4831; baseline -0.001 -15"><span class='ocrx_word' id='word_1_823' title='bbox 1959 4765 2152 4817; x_wconf 88' lang='lat' dir='ltr'><strong>multos</strong></span> <span class='ocrx_word' id='word_1_824' title='bbox 2179 4778 2270 4831; x_wconf 85' lang='lat' dir='ltr'><strong>pro</strong></span> <span class='ocrx_word' id='word_1_825' title='bbox 2310 4761 2414 4814; x_wconf 91' lang='lat' dir='ltr'><strong>Deo</strong></span> <span class='ocrx_word' id='word_1_826' title='bbox 2443 4760 2652 4814; x_wconf 81' lang='lat' dir='ltr'><strong>dolores</strong></span> <span class='ocrx_word' id='word_1_827' title='bbox 2684 4763 2967 4824; x_wconf 85' lang='lat' dir='ltr'><strong>sustinere,</strong></span> <span class='ocrx_word' id='word_1_828' title='bbox 3022 4771 3080 4814; x_wconf 90' lang='lat' dir='ltr'><strong>ut</strong></span> <span class='ocrx_word' id='word_1_829' title='bbox 3123 4764 3299 4830; x_wconf 92' lang='lat' dir='ltr'><strong>plures</strong></span> <span class='ocrx_word' id='word_1_830' title='bbox 3349 4780 3479 4814; x_wconf 83' lang='lat' dir='ltr'><strong>con-</strong></span> 
     </span>
    </p>
   </div>
   <div class='ocr_carea' id='block_1_111' title="bbox 1963 4849 3482 4921">
    <p class='ocr_par' dir='ltr' id='par_1_111' title="bbox 1963 4849 3482 4921">
     <span class='ocr_line' id='line_1_111' title="bbox 1963 4849 3482 4921; baseline -0.001 -15"><span class='ocrx_word' id='word_1_831' title='bbox 1963 4852 2250 4906; x_wconf 87' lang='lat' dir='ltr'><strong>solationes</strong></span> <span class='ocrx_word' id='word_1_832' title='bbox 2279 4857 2330 4903; x_wconf 89' lang='lat' dir='ltr'><strong>et</strong></span> <span class='ocrx_word' id='word_1_833' title='bbox 2377 4849 2555 4917; x_wconf 90' lang='lat' dir='ltr'><strong>plures</strong></span> <span class='ocrx_word' id='word_1_834' title='bbox 2595 4864 2655 4904; x_wconf 87' lang='lat' dir='ltr'><strong>ea</strong></span> <span class='ocrx_word' id='word_1_835' title='bbox 2685 4850 2750 4904; x_wconf 86' lang='lat' dir='ltr'><strong>de</strong></span> <span class='ocrx_word' id='word_1_836' title='bbox 2787 4866 2947 4906; x_wconf 76' lang='lat' dir='ltr'><strong>causa</strong></span> <span class='ocrx_word' id='word_1_837' title='bbox 2984 4851 3194 4905; x_wconf 68' lang='lat' dir='ltr'><strong>laetitias</strong></span> <span class='ocrx_word' id='word_1_838' title='bbox 3227 4867 3482 4921; x_wconf 83' lang='lat' dir='ltr'><strong>assequa-</strong></span> 
     </span>
    </p>
   </div>
   <div class='ocr_carea' id='block_1_112' title="bbox 1961 4947 2087 4993">
    <p class='ocr_par' dir='ltr' id='par_1_112' title="bbox 1961 4947 2087 4993">
     <span class='ocr_line' id='line_1_112' title="bbox 1961 4947 2087 4993; baseline -0.016 0"><span class='ocrx_word' id='word_1_839' title='bbox 1961 4947 2087 4993; x_wconf 78' lang='lat' dir='ltr'><strong>tur?</strong></span> 
     </span>
    </p>
   </div>
   <div class='ocr_carea' id='block_1_113' title="bbox 2034 5196 3478 5274">
    <p class='ocr_par' dir='ltr' id='par_1_113' title="bbox 2034 5196 3478 5274">
     <span class='ocr_line' id='line_1_113' title="bbox 2034 5196 3478 5274; baseline 0 -24"><span class='ocrx_word' id='word_1_840' title='bbox 2034 5197 2191 5252; x_wconf 74' lang='lat' dir='ltr'><strong>Vens.</strong></span> <span class='ocrx_word' id='word_1_841' title='bbox 2223 5197 2311 5249; x_wconf 72' lang='lat'><strong>20.</strong></span> <span class='ocrx_word' id='word_1_842' title='bbox 2349 5196 2596 5264; x_wconf 81' lang='lat' dir='ltr'><strong>Nunquid</strong></span> <span class='ocrx_word' id='word_1_843' title='bbox 2620 5198 2783 5251; x_wconf 87' lang='lat' dir='ltr'><strong>aderit</strong></span> <span class='ocrx_word' id='word_1_844' title='bbox 2812 5198 2904 5274; x_wconf 71' lang='lat' dir='ltr'><strong>tibi</strong></span> <span class='ocrx_word' id='word_1_845' title='bbox 2932 5197 3142 5250; x_wconf 81' lang='lat' dir='ltr'><strong>thronus</strong></span> <span class='ocrx_word' id='word_1_846' title='bbox 3172 5198 3478 5266; x_wconf 81' lang='lat' dir='ltr'><strong>iniquitatis.</strong></span> 
     </span>
    </p>
   </div>
   <div class='ocr_carea' id='block_1_114' title="bbox 1963 5286 3480 5357">
    <p class='ocr_par' dir='ltr' id='par_1_114' title="bbox 1963 5286 3480 5357">
     <span class='ocr_line' id='line_1_114' title="bbox 1963 5286 3480 5357; baseline 0.002 -17"><span class='ocrx_word' id='word_1_847' title='bbox 1963 5290 2050 5357; x_wconf 85' lang='lat' dir='ltr'><strong>qui</strong></span> <span class='ocrx_word' id='word_1_848' title='bbox 2067 5290 2213 5357; x_wconf 83' lang='lat' dir='ltr'><strong>ﬁngis</strong></span> <span class='ocrx_word' id='word_1_849' title='bbox 2237 5287 2462 5340; x_wconf 84' lang='lat' dir='ltr'><strong>laborem</strong></span> <span class='ocrx_word' id='word_1_850' title='bbox 2490 5290 2541 5340; x_wconf 90' lang='lat' dir='ltr'><strong>in</strong></span> <span class='ocrx_word' id='word_1_851' title='bbox 2563 5301 2809 5355; x_wconf 76' lang='lat' dir='ltr'><strong>prwcepto</strong></span> <span class='ocrx_word' id='word_1_852' title='bbox 2829 5291 2853 5343; x_wconf 72' lang='grc' dir='ltr'><em>Σ)</em></span> <span class='ocrx_word' id='word_1_853' title='bbox 2875 5286 3022 5350; x_wconf 83' lang='lat' dir='ltr'><strong>Jure,</strong></span> <span class='ocrx_word' id='word_1_854' title='bbox 3053 5288 3244 5356; x_wconf 88' lang='lat' dir='ltr'><strong>inquit,</strong></span> <span class='ocrx_word' id='word_1_855' title='bbox 3289 5305 3480 5343; x_wconf 86' lang='lat' dir='ltr'><strong>secun-</strong></span> 
     </span>
    </p>
   </div>
   <div class='ocr_carea' id='block_1_115' title="bbox 1961 5375 3478 5439">
    <p class='ocr_par' dir='ltr' id='par_1_115' title="bbox 1961 5375 3478 5439">
     <span class='ocr_line' id='line_1_115' title="bbox 1961 5375 3478 5439; baseline 0.001 -10"><span class='ocrx_word' id='word_1_856' title='bbox 1961 5377 2084 5429; x_wconf 90' lang='lat' dir='ltr'><strong>dum</strong></span> <span class='ocrx_word' id='word_1_857' title='bbox 2114 5375 2500 5430; x_wconf 87' lang='lat' dir='ltr'><strong>multitudinem</strong></span> <span class='ocrx_word' id='word_1_858' title='bbox 2533 5378 2772 5429; x_wconf 86' lang='lat' dir='ltr'><strong>dolorum</strong></span> <span class='ocrx_word' id='word_1_859' title='bbox 2813 5391 3045 5429; x_wconf 87' lang='lat' dir='ltr'><strong>meorum</strong></span> <span class='ocrx_word' id='word_1_860' title='bbox 3073 5377 3121 5428; x_wconf 92' lang='lat' dir='ltr'><strong>in</strong></span> <span class='ocrx_word' id='word_1_861' title='bbox 3155 5378 3314 5430; x_wconf 87' lang='lat' dir='ltr'><strong>corde</strong></span> <span class='ocrx_word' id='word_1_862' title='bbox 3343 5394 3478 5439; x_wconf 83' lang='lat' dir='ltr'><strong>meo,</strong></span> 
     </span>
    </p>
   </div>
   <div class='ocr_carea' id='block_1_116' title="bbox 1962 5465 3485 5523">
    <p class='ocr_par' dir='ltr' id='par_1_116' title="bbox 1962 5465 3485 5523">
     <span class='ocr_line' id='line_1_116' title="bbox 1962 5465 3485 5523; baseline 0.003 -5"><span class='ocrx_word' id='word_1_863' title='bbox 1962 5465 2348 5519; x_wconf 73' lang='lat' dir='ltr'><strong>consolationes</strong></span> <span class='ocrx_word' id='word_1_864' title='bbox 2395 5472 2500 5519; x_wconf 72' lang='lat' dir='ltr'><strong>tua:</strong></span> <span class='ocrx_word' id='word_1_865' title='bbox 2548 5467 2941 5522; x_wconf 59' lang='lat' dir='ltr'><strong>ltetificaverunt</strong></span> <span class='ocrx_word' id='word_1_866' title='bbox 2983 5466 3210 5520; x_wconf 81' lang='lat' dir='ltr'><strong>animam</strong></span> <span class='ocrx_word' id='word_1_867' title='bbox 3269 5483 3485 5523; x_wconf 67' lang='lat' dir='ltr'><strong>meum;</strong></span> 
     </span>
    </p>
   </div>
   <div class='ocr_carea' id='block_1_117' title="bbox 1583 5612 2037 5679">
    <p class='ocr_par' dir='ltr' id='par_1_117' title="bbox 1583 5612 2037 5679">
     <span class='ocr_line' id='line_1_117' title="bbox 1583 5612 2037 5679; baseline 0.004 -14"><span class='ocrx_word' id='word_1_868' title='bbox 1583 5615 1621 5644; x_wconf 85' lang='lat'>&quot;</span> <span class='ocrx_word' id='word_1_869' title='bbox 1665 5612 1814 5668; x_wconf 70' lang='lat' dir='ltr'><strong>Rom.</strong></span> <span class='ocrx_word' id='word_1_870' title='bbox 1850 5630 1919 5679; x_wconf 84' lang='lat' dir='ltr'><strong>II,</strong></span> <span class='ocrx_word' id='word_1_871' title='bbox 1961 5613 2037 5667; x_wconf 75' lang='lat'><strong>18.</strong></span> 
     </span>
    </p>
   </div>
  </div>
