3848 6406
363 353 496 408 1207

1054 348 1310 406 EUSEBII
1348 341 1813 402 CAESARIENSIS
1849 341 1994 395 OPP.
2037 337 2214 392 PARS
2251 335 2337 391 lli.
2379 363 2442 375 —
2480 323 2935 387 EXEGETIGA.

2194 93 2218 128 Ι

359 473 484 542 quia
531 473 627 527 tibi
666 471 792 531 Deo,
834 475 1015 536 utpote
1056 467 1202 534 justo
1252 472 1305 517 et
1368 465 1528 523 bono,
1568 475 1671 512 non
1735 458 1878 512 adest

2141 451 2323 505 μόσεστί
2360 466 2441 500 σοι
2469 445 2596 514 Θεῷ
2620 443 2737 496 δ’ντι
2783 434 3015 501 δικαίῳ
3032 519 3049 542 ι
3068 425 3184 481 καὶ
3212 417 3450 542 ἀγῖθὲῖ).
3473 417 3660 522 θρόνος

361 566 582 618 thronus
618 560 944 630 iniquitatis;
972 556 1147 609 omnia
1173 555 1367 622 quippe
1414 553 1561 619 justo
1598 549 1800 618 judicio
1827 554 1882 600 et

359 662 504 707 recta
537 654 649 720 lege
679 647 1022 703 administras
1051 664 1064 698 :
1093 645 1210 698 ideo
1244 643 1394 711 ﬁngis
1424 640 1649 694 laborem
1673 640 1725 691 in
1746 653 1881 705 prte-

359 751 536 810 cepto;
567 740 618 792 id
655 747 754 799 est,
796 743 1116 807 praeceptum
1151 743 1298 786 tuum
1334 732 1543 785 labores
1577 739 1628 784 et
1663 728 1882 782 sudores

364 832 504 900 parit
543 831 611 884 ob
636 830 872 898 praemia,
912 841 1028 895 quae
1066 831 1186 894 post
1227 824 1460 877 laborem
1517 831 1730 876 strei'me
1788 820 1881 872 de-

362 929 644 980 certantes,
674 919 918 971 alacriter
955 925 1007 970 ct
1050 923 1448 983 perseveranter
1476 926 1682 981 passos,
1729 923 1882 962 exceo

364 1019 517 1076 ptnra
542 1017 751 1062 sunt.—-
778 1006 940 1061 Vens.
972 1006 1033 1058 21
1060 1034 1085 1046 ο
1103 1006 1190 1058 25.
1233 1003 1561 1057 Venabuntur
1584 1002 1637 1053 in
1657 1000 1882 1051 animant

353 1099 504 1166 justi,
543 1107 591 1151 et
631 1099 929 1167 sanguinem
986 1098 1299 1148 innocentem
1342 1090 1764 1146 condemnabam.
1815 1086 1882 1139 Et

361 1188 528 1254 factus
558 1197 633 1240 est
677 1188 802 1239 ini/ii
831 1187 1081 1239 Dominus
1111 1187 1164 1237 in
1191 1184 1460 1251 refugium,
1491 1190 1538 1233 et
1568 1179 1706 1232 Deus
1743 1194 1880 1230 meus

361 1275 414 1326 in
442 1273 758 1342 adjutorium
787 1275 892 1341 spei
930 1290 1072 1326 mem.
1107 1273 1167 1324 Et
1197 1269 1370 1324 reddet
1412 1270 1518 1322 illis
1563 1267 1882 1334 iniquitatem

362 1365 609 1430 ipsorum,
639 1373 686 1416 et
721 1362 994 1416 secundum
1028 1361 1284 1415 malitiam
1313 1373 1488 1411 eorum
1517 1353 1774 1420 disperdat
1797 1368 1881 1405 eos

367 1450 610 1506 Dominus
662 1451 799 1504 Deus
828 1460 1018 1504 noster.
1071 1449 1239 1516 lmpii,
1273 1447 1368 1507 ait,
1416 1444 1598 1497 tandiu
1652 1442 1882 1495 animam

357 1538 490 1608 justi
515 1540 873 1601 venabuntur,
912 1537 1116 1604 laqueis
1152 1536 1296 1588 illam
1340 1539 1393 1586 et
1424 1530 1624 1583 retibus
1654 1530 1882 1582 circum-

361 1628 569 1689 dantes,
585 1627 752 1681 donec
777 1626 1085 1695 sanguinem
1107 1625 1434 1677 innocentem
1453 1617 1880 1676 condemnantes,

362 1731 480 1770 cam
512 1716 578 1770 ad
627 1725 851 1770 mortem
890 1729 1059 1784 usque
1091 1712 1426 1768 deduxerint.
1471 1709 1586 1763 Non
1618 1708 1758 1762 enim
1802 1715 1884 1759 sat

362 1805 468 1858 illis
497 1813 622 1859 sunt
663 1805 868 1857 mulctaa
906 1803 1268 1872 pecuniarum,
1303 1814 1474 1868 neque
1517 1798 1681 1866 plagae
1710 1796 1886 1848 vulne-

364 1910 526 1966 raque
551 1895 760 1965 corpori
791 1894 1059 1963 justorum
1091 1892 1323 1954 inﬂicta;
1369 1889 1462 1944 sed
1494 1889 1651 1941 etiam
1699 1883 1886 1937 mortis

365 1985 677 2040 sententiam
723 1993 776 2037 et
815 1982 1078 2036 calculum
1114 1988 1298 2034 contra
1334 1980 1450 2032 illos
1484 1978 1676 2032 lerunt.
1707 1976 1780 2028 Ac
1811 1973 1885 2027 illi

364 2075 577 2144 quidem
604 2077 675 2127 ita
704 2089 760 2128 se
786 2074 981 2127 habent
1009 2088 1022 2122 :
1049 2086 1147 2139 ego
1183 2085 1310 2124 vero
1335 2085 1449 2130 eos,
1474 2068 1597 2121 licet
1626 2063 1886 2133 ejusmodi

365 2167 494 2226 sint,
520 2174 858 2220 contemnere
884 2165 1103 2218 edoctus
1151 2177 1290 2223 sum,
1331 2167 1383 2213 et
1430 2172 1596 2226 usque
1630 2155 1695 2208 ad
1744 2168 1887 2206 mor-

363 2262 472 2310 tem
497 2271 615 2309 cum
647 2255 838 2309 ﬁducia
867 2255 1178 2314 consistere,
1209 2265 1406 2321 gnarus
1433 2263 1519 2302 me
1560 2261 1656 2316 pro
1684 2242 1889 2311 refugio

367 2343 648 2398 Dominum
687 2344 904 2406 habere,
943 2351 995 2398 et
1017 2357 1113 2412 pro
1135 2341 1399 2409 adjutorio
1427 2337 1538 2406 spei
1572 2350 1699 2390 mea:
1724 2331 1887 2386 Deum

366 2448 563 2488 meum.
601 2434 700 2500 Qui
742 2432 1003 2502 refugium
1043 2446 1216 2485 meum
1263 2429 1502 2488 ellectus,
1553 2423 1891 2478 auxiliabitur

368 2523 538 2587 mihi;
590 2522 644 2574 in
693 2529 851 2590 caput
889 2535 1010 2574 vero
1039 2533 1222 2574 eorum
1266 2516 1358 2585 qui
1404 2519 1620 2581 captant
1659 2509 1890 2562 animam

365 2611 519 2679 justi,
555 2619 606 2663 ct
653 2611 960 2678 sanguinem
992 2609 1321 2662 innocentem
1367 2603 1739 2658 condemnant,
1789 2597 1891 2649 ini-

373 2701 628 2768 quitatem
671 2700 908 2768 ipsorum
949 2696 1295 2764 retorquebit,
1327 2702 1379 2747 et
1421 2691 1673 2745 malitiam
1707 2701 1889 2740 eorum

372 2789 626 2842 adversus
641 2802 733 2841 eos
758 2788 885 2855 justi
902 2784 1090 2853 judicii
1111 2793 1345 2850 tempore
1367 2786 1658 2839 convertet,
1683 2773 1893 2844 quando

329 2922 334 2927 .
372 2877 640 2945 disperdet
682 2891 773 2930 eos
819 2875 1072 2928 Dominus
1118 2871 1256 2925 Deus
1300 2877 1480 2923 noster
1509 2885 1522 2919 :
1547 2879 1710 2934 quare
1753 2861 1894 2916 Deus

374 2965 636 3020 ultionum
664 2965 815 3019 initio
837 2964 1026 3034 psalmi
1058 2962 1235 3016 dictus
1264 2967 1366 3014 est.

790 3135 862 3204 (ι)
905 3129 1219 3187 PSALMUS
1254 3126 1432 3182 XCIV.

455 3222 614 3281 Vens.
646 3226 695 3279 l.
748 3224 917 3276 Venite
975 3220 1282 3274 cxsultemus
1337 3215 1576 3274 Domino,
1617 3209 1893 3280 jubilemus

377 3317 484 3374 Deo
519 3316 778 3372 Saluatori
827 3321 1021 3366 nostra.
1061 3308 1212 3377 Apud
1256 3305 1503 3360 llebrmos
1541 3303 1684 3356 nulla
1729 3299 1896 3352 fertur

378 3407 658 3476 inscriptio
688 3424 700 3458 :
737 3413 790 3457 ct
819 3402 1010 3456 merito
1041 3413 1203 3462 sane;
1250 3410 1422 3462 neque
1451 3393 1590 3445 enim
1619 3397 1899 3444 consenta-

378 3512 536 3552 neum
571 3502 704 3555 erat,
737 3501 794 3545 ut
823 3493 901 3545 vel
928 3490 1186 3559 psalmus,
1209 3485 1290 3539 vel
1327 3485 1574 3552 hymnus,
1612 3479 1693 3533 vel
1733 3476 1899 3530 canti-

377 3602 500 3641 cum
529 3584 929 3641 lnscriberetur,
963 3594 1085 3632 cum
1114 3575 1415 3630 Judaeorum
1446 3570 1659 3640 quidem
1689 3574 1898 3637 gentem

380 3677 444 3729 ad
473 3674 880 3730 exsultationem
911 3674 1115 3723 e‘vocet.
1152 3664 1282 3733 ipsis
1311 3674 1486 3716 tamen
1532 3659 1900 3713 interminetur

378 3766 536 3822 iram,
564 3773 614 3816 et
636 3767 1016 3829 praeceptorum
1046 3755 1197 3807 linem
1217 3752 1458 3806 tristibus
1477 3744 1895 3801 circumscribat.

382 3853 645 3905 Observes
675 3863 829 3917 porro
850 3841 1207 3902 velim,sicubi
1225 3841 1356 3893 alias
1378 3840 1429 3891 in
1456 3837 1728 3906 Scriptura
1748 3833 1898 3898 illud,

382 3940 563 3996 rrnite.
593 3939 790 3992 dictum
821 3937 908 3996 sit.
937 3931 1200 4002 quomodo
1227 3945 1318 3983 eos
1338 3929 1488 3997 quasi
1520 3929 1614 3980 abs
1633 3940 1688 3980 se
1717 3923 1902 3992 procul

382 4035 616 4082 remotos
652 4027 716 4079 ad
751 4023 1104 4078 accedendum
1139 4025 1404 4088 provocet.
1437 4013 1570 4066 Nota
1615 4014 1736 4066 item
1784 4023 1902 4064 eam

384 4117 714 4170 vocationem
745 4129 954 4182 seraper
981 4111 1044 4164 ad
1074 4111 1267 4163 bonum
1301 4103 1516 4174 aliquod
1544 4102 1771 4170 dirigere
1803 4118 1815 4152 :
1849 4105 1906 4152 ut

385 4206 440 4259 in
471 4205 560 4260 illo
595 4223 607 4258 :
653 4204 846 4262 Venite,
887 4202 1008 4270 ﬁlii,
1037 4199 1210 4252 audite
1230 4212 1307 4250 me
1334 4195 1412 4260 ⁸²;
1444 4201 1497 4248 et.
1540 4211 1552 4245 :
1589 4191 1786 4253 Venite,
1820 4207 1906 4243 as-

385 4291 754 4348 cendamus-ad
784 4301 1001 4343 montem
1033 4287 1240 4340 Domini
1259 4285 1336 4346 ";
1376 4291 1428 4338 et
1467 4299 1482 4335 :
1526 4281 1696 4333 Venite
1733 4281 1798 4332 ad
1829 4295 1908 4332 me

1978 507 2233 612 ἀνομίας⁹
2261 541 2437 593 πάντα
2475 507 2590 604 γὰρ
2636 530 2829 600 κρίσει
2871 519 3099 612 δικαίᾳ
3141 515 3256 612 καὶ
3300 509 3461 579 ὀρθῷ
3513 507 3664 578 νόμῳ

1976 605 2190 692 διοικεῖς
2208 647 2220 661 ·
2253 629 2331 681 διὸ
2355 624 2666 687 πλάσσεις
2697 621 2909 673 κόπον
2931 608 3054 664 ἐπὶ
3085 605 3514 692 πρόσταγμα,
3546 615 3669 692 τους

1977 720 2144 784 τέστι,
2169 685 2230 771 τὸ
2267 711 2598 786 πρόσταγμα
2641 685 2746 760 Ϋσου
2798 704 3016 757 κόπων
3052 694 3171 750 καὶ
3216 690 3512 786 mpure-xw
3551 685 3667 786 εστὶ

1980 776 2255 878 ποιητικὸν
2302 776 2388 859 sui
2584 796 2731 870 μετά
2770 795 2916 855 τοὺς
2962 789 3204 846 πόνους
3255 776 3673 878 διαδεξομένας

1978 868 2203 968 ἁμοίϐὰς
2217 897 2342 958 τοὺς
2359 891 2536 953 καλῶς
2557 868 3055 956 ἀγωνισαμένους
3075 875 3191 928 καὶ
3212 871 3318 968 τόν
3337 868 3520 922 κόπον

1981 953 2164 1056 θυμως
2184 953 2281 1036 καὶ
2305 953 2537 1042 εὐτόνως
2564 953 3028 1045 ὑπομείναντας.
3068 960 3548 1056 Θηρεύσοτῖισιν
3572 953 3669 1007 ἐπὶ

1979 1045 2185 1142 ψῦκὴιρ
2211 1071 2464 1130 δικαίου,
2496 1067 2596 1119 καὶ
2637 1061 2788 1130 αἷμα
2821 1057 3052 1113 ἀθῶον
3086 1045 3674 1142 καταδικάσονται.

1980 1130 2359 1231 ίίαῖεγένετό
2397 1175 2499 1226 μοι
2541 1157 2769 1220 Κύριος
2817 1151 2916 1211 εὶς
2969 1135 3435 1231 καταφυτῖὴις.
3638 1133 3671 1184 ὀ

1984 1254 2119 1317 Θεός
2151 1220 2266 1319 nov
2288 1252 2372 1313 εὶς
2397 1220 2644 1312 ἰϐοηθὸν
2668 1239 2944 1302 ἐλπίδος
2973 1250 3146 1304 μου.
3190 1226 3320 1319 Καὶ
3358 1220 3670 1319 ἀποδώοει

1981 1341 2297 1408 αὺτοῖςτὴν
2311 1338 2569 1405 ἀνομίαν
2593 1331 2824 1392 αὐτῶν,
2847 1323 3170 1380 καὶκατὰ
3200 1318 3338 1384 τὴν·
3363 1312 3670 1379 πονηρίαν

1979 1401 2170 1486 auras;
2207 1401 2444 1496 ἀέρανιεί
2477 1421 2710 1485 αὐτοὺς
2757 1419 3005 1484 Κύριος
3059 1414 3100 1465 ό
3158 1406 3330 1472 Θεὸς
3376 1401 3672 1496 ἡμῶν..οἰ

1983 1525 2080 1592 μὲν
2104 1519 2334 1581 ἀσεὸεῖς,
2363 1516 2550 1586 φησὶν,
2577 1511 2672 1564 ἐπὶ
2693 1506 2972 1560 τοσοῦτον
3005 1501 3128 1572 τὴν
3159 1496 3273 1550 τοῦ
3322 1491 3553 1546 δικαίου
3578 1488 3675 1557 ψυ-

1981 1612 2078 1682 χὴν
2103 1607 2418 1680 θηρεύσωσι
2445 1600 2673 1669 παγίσιν
2708 1595 2892 1665 αὐτὴν
2931 1592 3050 1646 καὶ
3085 1587 3371 1647 δικτύοις
3402 1579 3672 1650 περιϐάλ-

1982 1670 2303 1762 {avrti-grite;
2333 1696 2421 1747 ὅτε
2466 1691 2565 1745 καὶ
2595 1689 2763 1760 μέχρι
2781 1683 3052 1739 θανάτου
3098 1674 3559 1748 περιελάσωσιν
3583 1670 3675 1723 αὐ-

1982 1791 2096 1860 τὴν,
2129 1760 2264 1856 αἷμα
2286 1783 2460 1837 ἀθῶον
2485 1774 2997 1839 καταδικάζοντες.
3037 1771 3181 1823 Οὐκ
3213 1763 3547 1837 ἀρκοῦνται
3566 1760 3672 1830 γὰρ

1982 1853 2096 1942 ταῖς
2119 1853 2205 1934 sui
2222 1875 2517 1948 χρημάτων
2541 1871 2795 1942 ζημίαις,
2819 1867 2957 1920 οὐδὲ
2988 1865 3142 1926 ταῖς
3166 1860 3337 1914 κατὰ
3361 1857 3466 1948 τοῦ
3498 1853 3670 1924 σώμαι

1981 1987 2071 2033 τος
2094 1967 2200 2020 τῶν
2225 1945 2463 2019 eadem
2511 1962 2755 2030 πληγαῖς
2786 1973 2855 2009 τε
2910 1955 3026 2008 καὶ
3084 1950 3360 2012 αἰκίαις,
3400 1945 3546 2001 ἀλλά
3583 1945 3668 1998 καὶ

1983 2060 2078 2129 τὴν
2106 2057 2196 2110 ἐπὶ
2235 2053 2446 2121 θανάτῳ
2493 2052 2675 2120 ψῆφον
2709 2046 2838 2100 κατ’
2885 2043 3110 2105 αὐτῶν
3164 2040 3522 2108 ἐκφέρουσι.
3559 2036 3646 2088 Κά

1985 2149 2146 2198 κεῖνοι
2174 2142 2270 2212 μὶν
2297 2139 2554 2192 τοιοῦτοι·
2583 2133 2697 2202 ἐγὼ
2722 2134 2782 2186 δὲ
2810 2133 2919 2185 καὶ
2953 2129 3271 2183 τοιούτων
3300 2127 3669 2196 καταφρονεῖν

1990 2229 2335 2304 μεμαθηκὼς,
2366 2229 2458 2281 καὶ
2495 2225 2658 2296 μέχρι
2701 2222 2963 2276 Θανάτου
3005 2218 3352 2290 εὐθαρσῶς
3394 2214 3664 2275 ἵστασθαι,

1983 2323 2137 2386 εἰδὼς
2170 2322 2308 2391 ἔχειν
2334 2317 2554 2388 ἐμαυτῷ
2579 2314 2930 2383 καταφυγὴν
2968 2312 3088 2364 τὸν
3119 2310 3387 2381 Κύριον,
3419 2309 3518 2363 καὶ
3546 2308 3659 2378 βοη-

1988 2415 2076 2467 θὸν
2108 2411 2316 2473 ἐλπίδος
2351 2425 2450 2478 μου
2479 2407 2568 2458 τὸν
2603 2405 2738 2457 Θεόν
2781 2420 2892 2473 μου
2912 2419 2928 2432 ο
2962 2403 3038 2465 ὃς
3088 2402 3241 2471 ἐμοὶ
3277 2401 3390 2470 μὲν
3419 2397 3663 2468 βοηθήσει

1989 2501 2270 2569 καταφυγή
2306 2515 2402 2568 μου
2431 2495 2750 2564 γινόμενοςο
2790 2495 2916 2554 τοῖς
2947 2492 3017 2543 δὲ
3052 2489 3398 2560 θηρεύουσι
3443 2487 3544 2558 τὴν
3570 2485 3662 2555 ψυ-

1988 2593 2086 2662 χὴν
2101 2589 2193 2642 τοῦ
2218 2588 2443 2650 δικαίου,
2470 2585 2563 2637 καὶ
2589 2577 2730 2652 αἷμα
2755 2581 2952 2634 ἀθῶον
2971 2579 3525 2642 καταδικάζουσιν,
3549 2577 3662 2628 ἀπο-

1989 2679 2147 2731 δώσει
2179 2676 2272 2745 τὴν
2297 2673 2524 2743 ἀνομίαν
2549 2670 2731 2723 αὐτῶν
2759 2671 2845 2732 είς
2869 2669 3171 2739 κεφαλὴν
3198 2669 3426 2732 αὐτῶν,
3459 2667 3552 2719 καὶ
3574 2662 3662 2734 τὴν

1991 2766 2251 2836 πονηρίαν
2284 2762 2459 2817 αὐτῶν
2509 2761 2731 2832 στρέψει
2767 2760 2900 2811 κατ’
2949 2759 3180 2811 αὐτῶν
3233 2761 3300 2811 ὲν
3335 2757 3419 2827 τῷ
3463 2757 3560 2824 τῆς
3591 2755 3659 2806 δι-

1990 2855 2326 2925 καιοκρισίας
2369 2851 2564 2920 καιρῷ,
2604 2851 2692 2902 ὅτε
2727 2850 2828 2901 καὶ
2881 2849 3161 2916 ἀφανιεῖ
3208 2848 3430 2909 αὐτοὺς
3472 2845 3657 2915 Κύριος

1991 2945 2018 2996 ὁ
2039 2945 2166 3007 Θεὸς
2199 2942 2372 3013 ἡμῶν·
2403 2941 2482 2993 διὸ
2507 2940 2602 2993 καὶ
2627 2938 2762 3002 Θεὸς
2782 2938 3186 3009 ὲκδικήσεων
3229 2939 3368 2992 κατ’
3393 2934 3568 3007 ἀρχὰς
3591 2930 3658 2983 εί-

1917 3062 1960 3118 C
1993 3051 2154 3106 ρηται
2181 3032 2272 3085 τοῦ
2300 3030 2530 3101 ψαλμοῦ.

2549 3119 2855 3172 ΨΑΑΜΟΣ
2897 3118 3034 3185 ι,Δ’.

2059 3212 2230 3265 Δεῦτε
2261 3210 2761 3279 ἁγαλλιασώμεοα
2797 3208 2888 3273 τῷ
2927 3211 3199 3277 Κυρίῳ,
3254 3205 3655 3274 “addimur

1989 3300 2068 3366 τῷ
2092 3299 2208 3363 Θεῷ
2224 3299 2301 3365 τῷ
2327 3295 2756 3365 Σωτ-ῆριήμῶν.
2784 3298 2865 3350 Οὐ
2898 3298 3179 3368 φέρεται
3215 3300 3362 3370 παρ’
3394 3295 3652 3367 Ἑϐραίοις

1991 3391 2376 3461 ἡπρογραφήο
2421 3388 2514 3439 καὶ
2559 3387 2825 3449 εἰκότως·
2870 3386 3018 3439 οὔτε
3059 3389 3197 3460 γὰρ
3245 3387 3497 3458 ψαλμὸν,
3543 3384 3650 3437 οὔτε

1994 3477 2178 3548 ὕμνον,
2213 3477 2334 3529 οὔτε
2389 3475 2526 3546 ᾠδὴν
2572 3474 2797 3542 εὔλογον
2837 3470 2914 3544 ἦν
2976 3478 3388 3548 ἐπιγράφειν,
3431 3477 3521 3530 τὸν
3559 3490 3650 3526 καο

1991 3568 2183 3620 λοῦντα
2216 3567 2311 3637 μὲν
2331 3567 2420 3618 τὸν
2463 3565 2736 3617 Ἰουδαίων
2768 3564 2909 3617 λαὸν
2947 3567 3062 3618 ἐπὶ
3093 3568 3477 3636 ἁγαλλίασιν,
3505 3567 3646 3618 ἀπει-

1994 3655 2186 3708 λοῦντα
2220 3655 2277 3707 δὲ
2309 3654 2488 3715 αὐτοῖς
2520 3653 2692 3722 ὀργὴν
2725 3654 2826 3706 καὶ
2868 3653 2948 3705 τὰ
2990 3655 3143 3727 τέλη
3191 3656 3314 3710 τῶν
3351 3650 3650 3724 παραγγελ-

2001 3744 2180 3815 μάτων
2207 3742 2298 3796 ὲπὶ
2342 3741 2688 3812 σκυθρωποῖς
2722 3744 3228 3813 περιγράφοντα.
3267 3743 3570 3814 Σημειώσῃ
3599 3738 3650 3791 δὲ

1997 3832 2051 3885 εί
2073 3849 2173 3884 που
2207 3832 2298 3883 καὶ
2337 3829 2569 3898 ἀλλαχοῦ
2606 3830 2708 3898 τῆς
2738 3830 2995 3900 Γραφῖπ
3028 3832 3124 3898 τὸ,
3164 3833 3383 3897 δεῦτε,
3426 3833 3646 3902 εἴρηται,

1999 3921 2090 3974 καὶ
2113 3918 2230 3971 τίνα
2261 3916 2454 3987 τρόπον
2479 3915 2555 3977 ὡς
2581 3916 2924 3982 ἀφεστῶτας
2953 3920 3068 3972 καὶ
3100 3922 3350 3992 μακρὰν
3371 3919 3648 3990 γεγονότας

1999 4005 2310 4078 πλησιάζειν
2334 4005 2483 4073 αὑτῴ
2503 4005 2663 4057 καλεῖ
2684 4022 2696 4034 ·
2724 4008 3018 4078 τηρήσεις
3039 4011 3152 4064 καὶ
3182 4014 3274 4066 δτι
3300 4013 3536 4067 πάντοτε
3559 4005 3646 4077 τὴν

2000 4099 2184 4167 κλῆσιν
2212 4097 2294 4146 ἐπ’
2326 4093 2515 4162 ἀγαθῷ
2546 4098 2813 4160 ποιεῖται,
2860 4097 2946 4160 ὡς
2985 4101 3054 4153 ὲν
3085 4101 3203 4172 τῷ,
3237 4104 3431 4156 Δεῦτε
3461 4099 3642 4158 τέκνα,

2001 4183 2288 4241 ἀκούσατέ
2325 4199 2465 4251 μου,
2489 4184 2608 4246 καὶ,
2639 4185 2828 4239 Δεῦτε
2872 4187 3234 4260 ἀναδῶμεν
3276 4195 3372 4258 εἰς
3410 4191 3480 4244 τὸ
3525 4189 3645 4256 ὅρος

2003 4274 2234 4342 Κυρίου,
2261 4272 2373 4333 καὶ,
2407 4272 2588 4325 Δεῦτε
2623 4273 2784 4340 πρὸς
2808 4277 2894 4344 μὲ
2926 4279 3189 4348 πάντες
3213 4285 3274 4336 οἱ
3303 4280 3641 4340 κοπιῶντες,

387 4399 558 4436 omnes
587 4381 672 4450 qui
697 4379 946 4432 laboratis
977 4379 1056 4444 M;
1097 4385 1149 4431 et
1177 4391 1189 4427 :
1231 4373 1423 4435 Venite,
1455 4369 1699 4423 benedicti
1733 4367 1905 4420 Patris

2151 4360 2416 4450 Aeﬁzsol
2462 4362 2874 4430 εὐλογημένοι
2924 4368 3050 4421 τοῦ
3101 4372 3358 4439 Πατρός
3389 4385 3524 4436 μου.
3565 4365 3643 4416 Ἓν

392 4473 490 4524 mei
519 4470 586 4524 ⁸⁸.
627 4469 683 4520 ιιι
718 4469 817 4521 hoc
855 4475 1027 4520 autem
1062 4465 1264 4534 psalmo
1291 4463 1434 4514 clare
1484 4457 1547 4510 ad
1596 4455 1906 4510 exsultatio-

385 4573 510 4614 nem
543 4557 721 4610 venire
751 4563 1017 4624 provocat.
1042 4553 1215 4618 Quare
1244 4551 1492 4603 observes
1519 4546 1662 4608 item,
1694 4559 1802 4597 non
1825 4559 1909 4596 re-

389 4657 473 4702 cte
501 4646 762 4701 aestimare
797 4659 909 4704 eos,
966 4643 1058 4711 qui
1091 4643 1274 4710 jugum
1311 4636 1585 4706 religionis
1641 4634 1792 4687 triste
1843 4646 1908 4684 ac

390 4737 670 4790 molestum
694 4749 814 4787 esse
839 4732 1167 4785 arbitrantur
1213 4748 1225 4782 :
1272 4729 1336 4780 ad
1366 4728 1503 4781 bona
1541 4726 1734 4793 quippe
1760 4731 1813 4777 et
1841 4721 1906 4775 ad

391 4826 511 4878 la:ta
539 4823 867 4876 vocationem
907 4819 1036 4874 edit.
1064 4817 1157 4870 His
1197 4831 1474 4885 compares
1499 4812 1627 4867 illud
1672 4831 1685 4865 :
1729 4811 1909 4864 Disce-

390 4912 496 4965 dite
547 4913 600 4964 in
646 4911 810 4980 ignem
837 4919 1082 4961 internum
1125 4905 1191 4968 ³⁸,
1229 4912 1282 4958 et
1311 4903 1525 4964 similia,
1557 4915 1672 4969 quae
1705 4899 1910 4952 ratione

395 5003 551 5066 longe
581 4997 844 5051 contraria
880 5003 932 5048 et
953 4995 1161 5048 diversa
1191 4992 1259 5045 ab
1306 4991 1418 5052 illo,
1454 4991 1632 5050 venite,
1676 4995 1911 5055 peccato-

397 5088 546 5140 ribus
562 5085 832 5138 dienntur.
863 5081 1122 5146 Quoniam
1149 5079 1404 5132 bellorum
1428 5084 1664 5145 tempore
1686 5079 1912 5127 victores

397 5173 620 5240 jubilare
663 5172 853 5228 solent.
889 5177 1045 5237 atque
1083 5169 1246 5219 altum
1285 5165 1617 5219 conclamare
1658 5163 1912 5216 adversus

2007 4453 2062 4505 δὲ
2100 4451 2175 4521 τῷ
2230 4448 2364 4518 μετά
2396 4453 2589 4520 Χεῖρας
2636 4453 2853 4524 ψαλμῷ
2912 4459 3131 4526 σαφῶς
3179 4462 3281 4513 ἐπὶ
3333 4458 3644 4528 ἀγαλλίασιν

2003 4541 2156 4610 ἥκειν
2185 4538 2514 4607 παρακαλεῖ.
2533 4539 2626 4592 Διὸ
2651 4541 2986 4616 σημειώσῃ,
3013 4549 3108 4600 ὅτι
3145 4551 3226 4622 μὴ
3251 4549 3444 4610 καλῶς
3469 4543 3645 4616 ἡγοῦν-

2006 4647 2094 4682 ται
2119 4631 2164 4681 οἱ
2196 4627 2520 4696 σκυθρωπὸν
2549 4632 2646 4685 καὶ
2686 4634 2973 4690 ἐπίλυπον
3011 4641 3359 4711 νομίζοντες
3400 4637 3537 4693 εἶναι
3560 4636 3644 4689 τὸν

2006 4719 2103 4788 τῆς
2133 4719 2438 4784 θεοσεϐείας
2474 4721 2670 4791 ζυγόν
2706 4726 2798 4778 ἐπ’
2829 4728 3080 4796 ἀγαθοῖς
3111 4732 3231 4804 γὰρ
3269 4733 3370 4786 καὶ
3414 4729 3642 4800 φαιδροῖς

2010 4813 2235 4862 ποιεῖται
2257 4808 2356 4878 τὴν
2381 4809 2599 4880 κλῆσιν.
2623 4814 2859 4880 Τούτοις
2892 4821 3166 4888 παράθες
3196 4822 3278 4888 τὸ,
3314 4821 3641 4890 Πορεύεσθε

2009 4902 2111 4998 εἰς.
2127 4898 2190 4951 τὸ
2216 4899 2334 4998 πῦρ
2376 4901 2443 4998 τὸ
2471 4904 2743 4969 αἰώνιον,
2775 4909 2877 4962 καὶ
2909 4912 2986 4964 τὰ
3025 4913 3221 4983 ὅμοια,
3266 4913 3531 4974 ἐναντίως
3567 4907 3636 4969 τδς

2011 4987 2198 5048 δεῦτε,
2239 4992 2351 5051 τοῖς
2396 4993 2785 5065 ἁμαρτάνουσι
2824 4998 3138 5073 λεγόμενα.
3188 5003 3415 5075 Ἐπειδὴ
3448 5004 3504 5055 ὲν
3539 5001 3637 5060 τοῖς

2011 5082 2220 5148 καιροῖς
2257 5080 2365 5134 τῶν
2391 5085 2656 5155 πολέμων
2689 5091 2742 5142 οἱ
2770 5093 3050 5158 νικῶντες
3069 5094 3376 5160 ἀλαλάζειν
3401 5092 3633 5150 εἰώθασι.

2013 5170 2106 5222 καὶ
2136 5171 2276 5240 μέγα
2308 5171 2441 5244 βοᾷν
2465 5177 2615 5231 κατὰ
2647 5180 2764 5234 τῶν
2795 5183 3106 5255 πολεμίων,
3131 5185 3365 5249 εἰκότως
3389 5186 3452 5238 οὺ
3489 5182 3635 5253 μόνον

403 5262 672 5325 inimicos;
705 5270 998 5328 opportune
1037 5273 1143 5310 non
1185 5256 1342 5309 modo
1375 5255 1602 5323 gaudere
1641 5259 1693 5306 et
1741 5251 1916 5306 exsul-

2116 5274 2220 5328 ρειν
2248 5261 2344 5314 καὶ⁸
2383 5263 2681 5338 ἀγαλλιᾷν,
2717 5269 2864 5324 ἀλλά
2893 5251 2992 5326 καὶ
3017 5272 3310 5339 ἀλαλάζειν
3343 5251 3520 5340 ἐπὶ.τῇ
3546 5285 3635 5321 σω-

403 5355 535 5405 tare,
570 5349 659 5400 sed
698 5349 854 5400 etiam
887 5347 950 5398 de
981 5354 1128 5413 parta
1176 5343 1395 5397 salutari
1428 5343 1648 5396 victoria
1689 5339 1914 5408 jubilare

406 5435 658 5500 praecipit.
681 5435 813 5500 Quis
832 5444 1005 5490 autem
1033 5435 1190 5489 fuerit
1215 5433 1456 5487 Salvator
1481 5442 1530 5487 et
1557 5431 1693 5485 Deus
1713 5439 1914 5492 noster,

2015 5344 2189 5436 “ltili?
2218 5347 2349 5421 νίκῃ
2378 5356 2744 5424 προστάττει.
2783 5361 2888 5426 Τίς
2913 5363 2960 5416 δ’
2994 5363 3063 5418 ἂν
3092 5364 3179 5436 εῐη
3212 5364 3242 5415 ὁ
3269 5359 3461 5432 Σωτὴρ
3488 5355 3630 5429 ἡμῶν

2019 5432 2115 5484 καὶ
2143 5433 2280 5500 Θεὸς
2319 5441 2505 5511 ἡμῶν,
2546 5445 2583 5518 ἢ
2613 5451 2646 5502 ὁ
2677 5448 2778 5504 τοῦ
2821 5450 2967 5506 Θεοῦ
2999 5432 3178 5522 Λόγος
3213 5452 3243 5506 ὁ
3274 5447 3461 5513 εἰπὼν,
3492 5449 3626 5512 Θαβ·

476 5545 518 5573 ⁸⁸
555 5543 691 5603 Psal.
724 5560 920 5604 xxxru.
955 5545 1037 5600 12.
1111 5545 1156 5576 ⁵³
1199 5544 1298 5596 lsa.
1333 5559 1402 5606 tl,
1436 5546 1486 5597 3.
1574 5543 1616 5573 ⁸⁸
1658 5540 1840 5593 Matth.
1877 5539 1995 5607 1:1,?

1667 5540 1840 5593 Matth.
1877 5556 1949 5607 xl,
1977 5539 2067 5594 9-8.
2144 5545 2191 5578 ³³
2233 5546 2433 5609 Matth.
2471 5574 2609 5627 xxv,
2648 5561 2744 5618 ει.
2825 5565 2874 5598 ⁸⁸
2916 5567 3056 5622 ibid.
3096 5568 3186 5621 Al.

477 5627 550 5697 (1)
590 5630 740 5700 Vulg.
771 5634 945 5700 habet,
982 5635 1112 5690 Laus
1137 5635 1322 5688 cantici
1353 5637 1446 5703 ipsi
1471 5634 1652 5689 David.
