3848 6368
227 358 372 414 i209

1307 346 1802 408 COMMENTARIA
1829 352 1895 407 IN
1933 350 2265 407 PSALMOS.

3233 362 3367 415 1210

222 473 413 536 σεῖτε,
446 473 554 542 ἐγὼ
577 474 853 539 νενίκηκα
880 446 1251 538 τόγ’κόσμονῖ
1281 468 1309 519 ὁ
1339 465 1431 517 καὶ
1457 468 1753 538 ῥυσάμενος

1869 470 1951 523 nisi
2012 469 2101 521 Dei
2150 466 2374 519 Verbum
2404 469 2544 536 quod
2586 470 2761 527 dixit:
2802 474 3086 542 Conﬁdite,
3139 493 3228 545 ego
3276 479 3370 529 vici

219 563 254 629 ή
265 563 380 629 μᾶς
407 562 512 615 ἀπὸ
536 563 630 630 τῆς
670 563 828 615 πάλαι
867 559 1300 628 κατακρατούσης
1325 554 1478 623 ἡμῶν
1516 557 1753 626 δαιμονι-

220 649 332 716 κῆς
377 651 664 720 ἐνεργείας,
707 644 766 703 οὗ
813 652 903 703 καὶ
940 651 997 703 τὸ
1042 646 1241 717 Ἰησοῦς
1286 646 1450 714 ὄνομα
1469 660 1756 713 σωτηριον

233 737 503 807 Ἐὃραῖκῇ
553 741 696 807 φωνῇ
741 740 1003 808 σημαίνει.
1049 738 1206 798 Τίνας
1243 734 1299 787 δὲ
1346 734 1757 803 προηγουμένως

216 827 246 876 ὁ
276 825 440 893 λόγος
472 829 559 880 ἐπὶ
581 827 676 896 τὴν
697 827 997 893 ἀγαλλίασιν
1018 824 1330 895 παρακαλεῖ,
1362 822 1536 893 εὕροις
1560 823 1623 876 ἂν
1643 826 1758 875 ἑπι-

220 916 438 984 στὴσας
459 919 564 977 τοῖς
587 916 729 984 ἑξῆς,
760 917 817 967 ὲν
845 909 922 977 οἷς
948 913 1172 984 εἴρηται,
1204 913 1361 966 Κατὰ
1390 912 1502 979 τὴν
1540 911 1761 979 ἡμέραν

216 1004 338 1057 τοῦ
376 1005 697 1072 πειρασμοῦ
719 1005 786 1056 ὲν
814 1002 885 1069 τῇ
918 1002 1124 1069 ἐρήμῳ,
1152 998 1223 1057 οὗ
1259 1000 1577 1067 ἐπείρασάν
1608 1016 1684 1066 με
1706 1001 1760 1051 οι

216 1094 486 1161 πατέρες
533 1092 711 1161 ὑμῶν.
752 1092 938 1159 Σαφῶς
964 1093 1068 1161 γάρ
1095 1091 1181 1143 διὰ
1225 1090 1420 1142 τούτων
1463 1089 1609 1159 δηλοῖ
1636 1089 1759 1149 τοὺς

215 1184 385 1245 υἱοὺς
414 1184 519 1235 τῶν
557 1184 611 1234 ὲν
646 1184 708 1251 τῇ
750 1184 933 1251 ἐρήμῳ
966 1180 1495 1249 παραπικρανάντων,
1539 1176 1689 1245 δῆλον
1715 1176 1760 1227 δ’

213 1272 309 1322 ὅτι
329 1272 456 1334 τοὺς
476 1274 538 1324 ὲκ
561 1271 867 1339 περιτομῆς.
890 1271 1113 1331 Τούτους
1131 1268 1405 1337 τοιγαροῦν
1425 1266 1760 1319 ἀνακαλεῖται

212 1358 437 1426 λέγων·
473 1360 643 1412 Δεῦτε
662 1358 1137 1425 ἀγαλλιασὼμεθα
1168 1358 1244 1421 τῷ
1276 1358 1481 1423 Κυρίῳ.
1509 1355 1759 1417 Θεσπίζει

211 1449 260 1500 δ’
300 1450 393 1502 ὅτι
427 1450 497 1519 μὴ
536 1448 913 1501 ὑπακούσονται
944 1450 1006 1515 τῇ
1042 1447 1257 1515 κλήσει·
1290 1447 1431 1512 λέγει
1462 1446 1503 1497 δ’
1530 1442 1619 1497 οὖν
1668 1445 1758 1495 ἐπὶ

213 1540 403 1592 τέλει’
448 1539 556 1593 Ἀεὶ
600 1536 929 1591 πλανῶνται
956 1535 1028 1602 τῇ
1074 1535 1299 1603 καρδίᾳ.
1341 1536 1514 1588 Αὐτοὶ
1551 1533 1617 1586 δὲ
1653 1536 1760 1586 οὐκ

213 1630 509 1697 ἔγνωσαν
533 1630 637 1691 τὰς
682 1626 855 1689 ὁδούς
885 1642 1020 1692 μου,
1071 1625 1150 1689 ὠς
1176 1624 1378 1692 ὤμοσα
1402 1625 1469 1677 ὲν
1504 1622 1578 1689 τῇ
1617 1620 1759 1690 ὀργῇ

210 1733 371 1784 μου,
410 1719 463 1768 εὶ
497 1715 929 1767 εἰσελεύσονται
962 1716 1047 1778 είς
1081 1713 1194 1782 τὴν
1223 1712 1591 1765 κατάπαυσίν
1622 1728 1755 1778 μου.

1853 557 2096 609 mundum
2111 558 2177 617 ⁸⁷,
2208 562 2364 623 atque
2380 572 2475 610 nos
2502 558 2568 612 ab
2600 560 2795 615 eﬁicaci
2838 565 2922 617 illa
2946 566 3240 619 daemonum
3262 567 3371 616 vir-

1853 656 1962 702 tute
1981 688 1995 710 ,
2055 662 2173 716 quae
2205 648 2359 700 nobis
2377 648 2497 700 olim
2519 647 2910 715 dominabatur,
2926 654 3196 719 liberavit;
3218 653 3374 720 cujus

1854 752 2045 791 nomen
2073 736 2247 800 Jesus,
2296 737 2524 789 salutare
2574 736 2831 791 Hebraice
2871 741 3168 808 signiﬁcat?
3195 741 3374 805 Quos-

1854 842 1975 878 nam
2008 841 2135 880 vero
2164 827 2426 895 praecipue
2458 826 2520 879 ad
2555 828 2958 883 exsultationem
3002 838 3247 899 provocet
3284 830 3377 882 de-

1855 914 2171 983 prehendes,
2216 915 2259 968 si
2286 915 2591 969 consideres
2631 930 2691 968 ea
2721 931 2840 983 qua:
2868 926 3182 985 sequuntur,
3213 925 3263 972 et
3296 917 3373 970 sic

1856 1004 2069 1068 habent,
2109 1003 2396 1058 Secundum
2447 1005 2580 1057 diem
2612 1008 2908 1060 tentationis
2942 1009 2995 1060 in
3030 1008 3247 1070 deserto,
3287 1007 3377 1060 ubi

1858 1103 2178 1147 tentaverunt
2207 1110 2285 1146 me
2311 1104 2481 1161 patres
2511 1096 2680 1146 vestri.
2710 1094 2805 1149 His
2824 1097 2963 1149 enim
2996 1096 3275 1150 manifeste
3302 1095 3383 1149 sic

1855 1182 2070 1250 gniﬁcat
2096 1181 2229 1235 ﬁlios
2254 1196 2435 1235 eorum
2462 1181 2551 1249 qui
2576 1182 2627 1233 in
2660 1182 2874 1235 deserto
2918 1183 3377 1237 exacerbaverunt

1855 1285 1998 1330 eum,
2030 1270 2142 1322 sive
2191 1271 2441 1337 populum
2494 1284 2556 1321 ex
2606 1269 3032 1323 circumcisione.
3084 1270 3190 1323 Hos
3217 1270 3381 1337 igitur

1854 1367 2037 1410 evocat
2062 1357 2266 1418 dicens,
2293 1357 2481 1415 Venite,
2508 1358 2818 1409 exsultemus
2849 1358 3085 1411 Domino.
3111 1356 3381 1411 Vaticina-

1857 1453 1942 1497 tur
1972 1457 2149 1511 porro,
2176 1457 2268 1495 eos
2294 1442 2556 1496 vocationi
2591 1457 2693 1495 non
2727 1444 3183 1511 obtemperaturos
3213 1461 3332 1500 esse
3363 1472 3378 1501 .-

1855 1532 1929 1584 5it
1958 1531 2096 1586 enim
2128 1532 2226 1584 sub
2255 1531 2409 1584 ﬁnem
2438 1551 2450 1584 :
2484 1533 2691 1599 Semper
2713 1544 2886 1585 errant
2916 1534 3083 1587 corde.
3119 1533 3226 1600 Ipsi
3268 1551 3384 1589 vero

1857 1637 1959 1673 non
1992 1630 2326 1688 cognoverunt
2355 1621 2462 1672 vias
2501 1637 2660 1681 meas,
2686 1623 2816 1674 sicut
2840 1622 3015 1689 juravi
3043 1624 3095 1674 in
3118 1625 3196 1674 ira
3228 1640 3339 1676 mea
3364 1662 3379 1683 .

1859 1710 1903 1762 si
1950 1710 2230 1762 introibant
2268 1711 2321 1762 in
2346 1711 2566 1778 requiem
2596 1727 2781 1764 meam.
2812 1710 3071 1775 Quoniam
3122 1712 3282 1781 igitur
3307 1711 3382 1765 illi

227 1806 401 1858 Ἐπεὶ
428 1801 517 1857 οῦν
546 1806 736 1858 ἐκεῖνοι
764 1804 849 1856 ἀεὶ
878 1804 1173 1856 πλανῶνται
1202 1806 1266 1872 τῇ
1306 1801 1516 1872 καρδία,
1545 1800 1760 1863 εἰκότως

1869 1812 2065 1865 semper
2090 1804 2275 1851 errant
2325 1799 2517 1863 corde;
2550 1801 2738 1853 merito
2791 1802 3124 1868 subsequens
3152 1802 3386 1869 psalmus

213 1895 245 1948 ό
278 1893 669 1963 ἐπιφερόμενος
720 1893 843 1962 ἑξῆς
872 1891 1075 1961 ψαλμὸς
1117 1890 1185 1944 τὰ
1235 1891 1357 1959 ἔθνη
1405 1891 1573 1943 πάντα
1614 1888 1762 1940 καλεῖ

216 1982 321 2033 ἐπὶ
353 1980 417 2032 τὸ
468 1979 644 2033 καινὸν
673 1976 839 2051 ᾆσμα,
889 1980 980 2032 καὶ
1009 1978 1098 2032 ἐπὶ
1138 1978 1231 2049 τὴν
1258 1979 1314 2030 ἐν
1362 1976 1478 2046 Θεῷ
1514 1974 1762 2042 ἀγαλλία-

219 2086 338 2123 σιν.

297 2158 737 2227 Προφθάσωμεν
758 2158 820 2211 τὸ
848 2159 1161 2224 πρόσωπον
1183 2155 1363 2207 αὑτοῦ
1386 2154 1453 2207 ἐν
1491 2154 1764 2222 ἐξομολο-

219 2249 430 2319 γήσει,
472 2248 568 2300 καὶ
609 2248 676 2299 ἐν
723 2245 973 2314 ψαλμοῖς
1016 2244 1400 2312 ἀνεαλάξωμεν
1429 2242 1599 2307 αὐτῷ.
1642 2243 1764 2295 Ἐπὶ

221 2339 331 2410 μὲν
364 2338 464 2405 τῆς
488 2335 702 2407 πρώτης
722 2334 880 2387 αὑτοῦ
898 2334 1189 2406 παρουσίας
1212 2332 1273 2385 τὸ
1304 2333 1583 2403 πρόσωπον
1604 2329 1762 2383 αὐτοῦ

217 2429 285 2481 τὸ
318 2427 505 2480 ἔνθεον
535 2426 845 2496 ἀποκρύψας
864 2428 891 2479 ὁ
926 2426 1015 2477 τοῦ
1048 2424 1178 2478 Θεοῦ
1207 2425 1391 2491 Λόγος,
1418 2422 1515 2492 τὴν
1533 2421 1623 2473 τοῦ
1644 2421 1762 2472 δού-

219 2516 322 2570 λου
366 2516 574 2585 μορφὴν
602 2515 959 2585 περιεϐάλετο⁹
984 2514 1061 2565 διὸ
1075 2514 1300 2583 εἴρηταιο
1344 2514 1674 2577 Ἀνθρωπος
1698 2509 1765 2561 ἐν

222 2604 448 2672 πληγῇ
473 2604 574 2667 ὢν,
604 2605 697 2656 καὶ
723 2603 887 2668 εὶδὼς
914 2603 1113 2671 φέρειν
1157 2603 1485 2670 μαλακίαν·
1525 2600 1613 2652 ὅτι
1651 2601 1763 2652 ἀπ-

220 2695 494 2761 έστρεψε
526 2693 589 2745 τὸ
619 2695 931 2759 πρόσωπον
957 2692 1157 2755 αὑτοῦ,
1192 2691 1499 2759 ήτιμὰσθη,
1526 2690 1617 2743 καὶ
1650 2691 1757 2742 οὐκ

221 2784 545 2852 ἐλογίσθη.
588 2782 704 2834 Ἐπὶ
736 2782 790 2834 δὲ
824 2784 920 2850 τῆς
958 2782 1208 2851 δευτέρας
1257 2778 1414 2832 αὑτοῦ
1471 2778 1765 2849 παρουσίας

223 2869 733 2939 ἀνακεκαλυμμένῳ
763 2869 1029 2939 προσώπῳ
1060 2872 1152 2922 καὶ
1193 2868 1327 2938 μετὰ
1366 2869 1636 2936 δυνάμεως
1675 2868 1767 2919 καὶ

222 2956 399 3023 δόξης
436 2953 629 3020 πολλῆς
654 2954 1011 3022 ἐπιστήσεται·
1047 2953 1227 3023 διόπερ
1252 2954 1279 3004 ὁ
1303 2953 1471 3018 λόγος,
1502 2952 1766 3021 προτάξας

222 3046 295 3097 τὰ
342 3041 611 3113 εἰρημένα
639 3040 725 3093 διὰ
763 3041 868 3094 τῶν
910 3041 1153 3110 πρώτων,
1186 3043 1324 3109 άπερ
1362 3040 1524 3110 ὲχρῆν
1554 3041 1643 3091 ἐπὶ
1670 3041 1766 3108 τῆς

224 3133 513 3203 προτέρας
540 3131 699 3183 αὑτοῦ
728 3132 1018 3201 παρουσίας
1048 3133 1317 3201 πράττειν,
1336 3131 1457 3199 ἑξῆς
1472 3129 1767 3190 ἀκολούθως

224 3223 336 3290 τῆς
379 3218 634 3286 δευτέρας
690 3218 847 3270 αὐτοῦ
888 3218 981 3270 καὶ
1022 3218 1225 3281 ἐνδόξου
1273 3218 1586 3285 ἐπιφανείας
1636 3218 1767 3268 ὑπο-ι

227 3309 561 3380 μιμνήσκει,
587 3306 1071 3374 παρακελευόμενος
1091 3305 1369 3376 προϐαλεῖν
1384 3305 1442 3356 τὸ
1465 3304 1771 3374 μέλλον,καὶ

231 3398 562 3471 προφθάσαι
586 3396 644 3448 τὸ
667 3398 948 3468 πρόσωπον
982 3396 1142 3449 αὐτοῦ
1167 3398 1221 3449 ἐν
1245 3396 1632 3466 ἐξομολογήσει.
1662 3396 1773 3447 Κα-

226 3488 325 3539 λὸν
351 3483 466 3551 γὰρ
489 3483 789 3551 προφθάσαι
822 3484 912 3535 καὶ
936 3483 1234 3553 προλαϐεῖν,
1274 3484 1364 3535 καὶ
1393 3484 1515 3554 πρὶν
1549 3483 1771 3552 φανῆναι

228 3576 294 3627 τὸ
330 3572 619 3642 πρόσωπον
650 3571 808 3624 αὑτοῦ
840 3570 1061 3635 ἔνδοξον,
1092 3573 1174 3639 ἐφ’
1198 3569 1277 3635 οἷς
1305 3573 1612 3641 ἡμάρτομεν
1639 3574 1772 3624 ἀπο-

231 3662 513 3730 κάθαρσιν
541 3660 744 3721 ἑαυτοῖς
770 3660 1083 3728 πορίσασθαι
1101 3660 1186 3714 διὰ
1205 3662 1301 3730 τῆς
1330 3661 1771 3732 ὲξομολογήσεως.

231 3754 462 3806 Γένοιτο
484 3749 527 3802 δ’
561 3749 683 3817 ἃνῆ
723 3748 1097 3817 ἐξομολόγησις
1122 3751 1332 3820 γνησία,
1371 3753 1417 3803 εί
1459 3753 1513 3804 ἐν
1549 3751 1776 3819 ψαλμοῖς

232 3840 600 3908 ἂλαλάζωμεν
640 3837 803 3906 αὐτῷ,
846 3838 1084 3891 τουτέστι
1126 3838 1211 3891 διά
1258 3839 1362 3891 τῶν
1408 3841 1646 3910 ὀργάνων
1680 3845 1775 3911 τῆς

234 3930 442 4000 ψυχῆς,
481 3929 617 3998 ἆπερ
655 3928 768 3979 ἐστὶ
797 3928 864 3980 τά
896 3926 1146 3996 σώματα*
1179 3928 1243 3979 δι’
1272 3922 1343 3979 ὧν
1393 3930 1647 3999 προσήκει
1689 3931 1777 3982 τὸν

238 4016 578 4085 καλούμενον
615 4014 917 4082 ἀλαλαγμὸν
955 4015 1232 4076 ἐπιτελεῖν,
1277 4015 1373 4083 βίῳ
1410 4014 1642 4084 σώφρονι
1686 4018 1779 4068 καὶ

240 4105 494 4174 πολιτείᾳ
519 4104 750 4174 ὲναρέτῳ
793 4104 889 4173 τὴν
912 4103 1002 4157 τοῦ
1029 4105 1169 4156 θείου
1198 4104 1504 4173 Πνεύματος
1526 4106 1780 4174 ἁρμονίαν

240 4197 342 4250 καὶ
388 4195 481 4247 τὸν
526 4193 675 4259 ἅγιον
727 4192 925 4262 ῥυθμὸν
980 4194 1459 4262 ἐπιδεικνυμένους.
1509 4195 1685 4245 Ταῦτα
1726 4193 1782 4245 δὲ

244 4282 672 4355 προηγουμένως
708 4282 841 4351 πρὸς
882 4283 969 4333 τὸν
1027 4282 1287 4334 Ἰουδαίων
1343 4282 1583 4334 λέλεκται
1634 4282 1779 4342 λαὸν,

1856 1900 2044 1938 omnes
2073 1893 2256 1953 gentes
2279 1886 2343 1939 ad
2367 1888 2631 1940 canticum
2661 1902 2878 1952 novum,
2904 1898 2955 1943 et
2985 1890 3049 1943 ad
3073 1890 3386 1945 exsultatio-

1857 1988 1977 2026 nem
2009 1973 2061 2025 in
2094 1972 2199 2026 Deo
2233 1981 2502 2042 provocat.

1929 2161 2087 2214 Vens.
2106 2164 2159 2214 2.
2197 2159 2614 2229 Pra’occnpemus
2637 2161 2821 2227 faciem
2835 2160 2946 2227 ejus
2970 2160 3021 2211 in
3046 2158 3386 2226 confessione,

1856 2256 1904 2299 et
1928 2248 1979 2299 in
2010 2247 2223 2314 psalmis
2246 2246 2524 2314 jubilemus
2555 2249 2620 2301 ei.
2651 2247 2705 2299 ln
2736 2248 2905 2315 primo
2931 2244 3140 2313 quidem
3159 2246 3388 2297 adventu

1858 2335 2210 2397 suo,divinam
2228 2349 2377 2387 suam
2396 2335 2667 2388 occultans
2685 2332 2989 2395 faciem,Dei
3010 2331 3234 2385 Verbum
3253 2331 3392 2385 servi

1861 2425 2080 2477 formam
2099 2423 2301 2475 induit:
2324 2437 2487 2490 quare
2505 2422 2703 2475 dictum
2726 2432 2827 2485 est,
2857 2419 2901 2471 11
2908 2436 3020 2472 omo
3040 2421 3091 2471 in
3108 2420 3261 2488 plaga
3278 2435 3396 2470 con-

1860 2514 2093 2574 stitutus,
2122 2521 2168 2563 et
2192 2512 2354 2564 sciens
2374 2511 2504 2578 ferre
2522 2511 2908 2578 inﬁrmitatem;
2938 2512 3179 2577 quoniam
3210 2508 3399 2560 avertit

1861 2601 2052 2653 vultum
2083 2616 2264 2663 suum,
2300 2600 2636 2651 inhonoratos
2668 2608 2764 2661 est,
2796 2614 2884 2649 nec
2946 2606 3210 2663 reputatus
3224 2596 3289 2648 ".
3334 2592 3393 2648 In

1862 2689 2098 2743 secundo
2148 2698 2322 2741 autem
2379 2687 2609 2741 adventu
2668 2701 2786 2748 suo,
2821 2686 3052 2739 revelata
3085 2684 3237 2746 facie,
3272 2698 3395 2738 cum

1863 2785 2121 2846 potestate
2150 2785 2202 2830 et
2221 2775 2386 2844 gloria
2411 2790 2601 2844 magna
2630 2776 2799 2829 aderit
2831 2794 2843 2829 :
2869 2774 3210 2842 quamobrem
3252 2771 3401 2827 Scri-

1864 2877 2041 2936 ptura,
2083 2866 2372 2935 praemissis
2414 2865 2479 2917 iis
2517 2879 2634 2932 quae
2675 2865 2816 2917 dicta
2871 2872 2993 2917 sunt
3027 2863 3077 2915 in
3112 2850 3394 2932 principio,

1862 2972 1981 3025 qua:
2005 2957 2058 3009 in
2078 2956 2249 3023 primo
2277 2953 2501 3007 adventu
2529 2954 2645 3021 ejus
2666 2952 2869 3006 edenda
2904 2960 3076 3015 erant,
3112 2952 3234 3005 hinc
3262 2966 3395 3004 con-

1866 3051 2147 3111 sequenter
2201 3039 2490 3095 secundum
2539 3048 2591 3094 et
2646 3041 2932 3108 gloriosum
2960 3042 3075 3108 ejus
3114 3041 3396 3094 adventum

1868 3137 2267 3194 commemorat,
2291 3130 2541 3197 iubetque
2570 3128 2746 3181 futura
2772 3138 3104 3197 przevcrtere,
3123 3138 3175 3183 et
3208 3129 3397 3183 faciem

1867 3223 1984 3290 ejus
2006 3222 2057 3273 in
2086 3219 2418 3274 confessione
2448 3218 2893 3287 praeoccupare.E
2918 3234 2972 3273 re
2992 3234 3219 3286 namque
3241 3218 3401 3271 fuerit

1869 3316 2216 3371 antevertere,
2241 3315 2396 3375 atque
2417 3308 2702 3375 gloriosum
2721 3308 2837 3375 ejus
2864 3308 3061 3361 vultum
3088 3309 3394 3376 praevenire,

1868 3404 1921 3451 et
1952 3406 2233 3464 antequam
2280 3397 2509 3464 gloriosa
2557 3396 2673 3462 ejus
2714 3396 2879 3449 facies
2906 3404 3175 3465 appareat,
3206 3412 3399 3465 purga-

1870 3486 2066 3539 tionem
2100 3483 2411 3537 delictorum
2448 3498 2539 3551 pcr
2576 3483 2967 3538 confessionem
3011 3486 3165 3539 nobis
3210 3501 3399 3553 procu-

1870 3590 2008 3628 rare.
2035 3574 2314 3627 Confessio
2347 3582 2520 3627 autem
2553 3575 2761 3627 sincera
2791 3583 2841 3628 et
2874 3590 3123 3643 germana
3157 3575 3328 3635 fuerit,
3352 3576 3402 3629 si

1872 3667 1926 3719 in
1972 3665 2187 3733 psalmis
2230 3664 2517 3732 jubilemus
2543 3664 2612 3725 ei,
2645 3664 2695 3717 id
2725 3672 2826 3728 est,
2860 3680 2951 3733 per
2978 3666 3164 3718 animm
3202 3666 3402 3719 instru-

1872 3760 2074 3816 menta,
2118 3767 2237 3820 quae
2290 3760 2417 3805 sunt
2446 3767 2671 3820 corpora
2700 3760 2883 3807 nostra
2924 3754 3118 3822 :queis
3158 3754 3402 3808 convenit

1874 3843 2036 3903 illam,
2066 3851 2124 3895 ut
2152 3849 2325 3903 vocat,
2344 3842 2703 3907 jubilationem
2734 3857 2829 3910 per
2850 3844 3009 3895 vitam
3037 3843 3310 3897 honestam
3340 3859 3405 3899 ac

1873 3930 2088 3983 virtutis
2110 3929 2409 3981 institutum
2432 3929 2749 3996 persolvere,
2766 3942 2828 3980 ac
2843 3929 3007 3981 divini
3030 3928 3259 3998 Spiritus
3280 3934 3403 3984 har-

1874 4020 2105 4071 moniam
2140 4032 2455 4085 sacrumque
2483 4025 2797 4071 concentum
2832 4019 3101 4072 exhibere.
3136 4018 3256 4071 llaac
3287 4036 3406 4088 por-

1876 4121 1937 4159 ro
1960 4106 2260 4159 Judoeorum
2295 4108 2583 4173 prmsertim
2617 4106 2812 4173 populo
2842 4106 3114 4172 dicuntur,
3156 4124 3402 4163 sermone

1878 4196 2023 4262 ipsos
2051 4197 2116 4248 ad
2141 4195 2432 4250 Salvatoris
2476 4197 2641 4249 nostri
2673 4196 3025 4263 cognitionem
3062 4206 3398 4265 provocante.

1878 4282 2122 4335 Attamen
2146 4283 2301 4336 nobis
2322 4283 2480 4334 etiam
2505 4282 2750 4334 omnibus
2770 4282 2879 4334 ba‘c
2908 4292 3203 4349 opportune
3235 4286 3403 4352 appli-

244 4371 687 4443 προκαλουμένου
716 4372 905 4430 αὐτοὺς
932 4370 1022 4421 τοῦ
1053 4371 1205 4437 λόγου
1238 4371 1328 4421 ἐπὶ
1359 4370 1453 4439 τὴν
1479 4371 1570 4423 τοῦ
1598 4370 1769 4435 Σωκτῆ-

1881 4381 2070 4425 ceutur
2093 4389 2105 4423 :
2132 4370 2382 4424 —-Vi-:ns.
2437 4371 2485 4423 5.
2517 4371 2774 4434 Quoniam
2814 4369 2946 4422 Deus
2976 4388 3189 4439 magnus
3229 4372 3403 4425 Domi-

248 4481 344 4536 ρος
393 4460 549 4531 ἡμῶν
586 4458 810 4525 γνῶσιν·
844 4458 987 4526 ὅμως
1018 4458 1073 4509 δὲ
1106 4459 1198 4510 καὶ⁹
1229 4458 1361 4527 πρὸς
1407 4458 1607 4521 πάντας
1637 4461 1779 4528 ἡμᾶς

241 4552 533 4623 χρησίμως
564 4547 626 4599 ἂν
648 4546 1003 4616 ὲφαρμοσθείη
1021 4587 1033 4598 .
1066 4548 1178 4599 Ὅτι
1205 4548 1343 4611 Θεὸς
1370 4547 1550 4615 μέγας
1574 4550 1780 4615 Κύριος

248 4641 351 4694 καὶ
389 4636 685 4702 ,βασιλεὺς
706 4637 889 4704 μέγας
914 4636 1009 4688 ἐπὶ
1037 4636 1262 4700 πάντας
1302 4636 1437 4699 τοὺς
1474 4639 1661 4700 θεούς.
1702 4638 1780 4690 Τὰ

252 4725 679 4800 παρηγγελμένα
708 4724 792 4776 διά
819 4723 923 4775 τῶν
956 4723 1253 4794 ἔμπροσθεν
1279 4724 1335 4773 ἐν
1360 4723 1436 4790 τῷ
1466 4726 1651 4794 Κυρίῳ
1687 4726 1781 4777 καὶ

252 4818 467 4887 Σωτῆρι
504 4812 679 4883 ἡμῶν,
723 4811 915 4880 δηλαδὴ
944 4811 1019 4879 τῷ
1047 4811 1136 4863 τοῦ
1166 4810 1298 4861 Θεοῦ
1342 4811 1516 4879 Λόγῳ,
1546 4813 1782 4864 ἐπιτελε-

254 4907 428 4969 στέον,
455 4903 544 4956 διά
559 4918 617 4954 τε
646 4901 712 4953 τά
738 4900 887 4963 ἀλλα,
915 4901 1004 4951 καὶ¹
1032 4901 1159 4952 διότι
1181 4897 1335 4967 φύσει
1362 4899 1530 4966 μέγας
1559 4901 1632 4952 ὣν
1656 4902 1785 4965 Θεὸς

256 4998 349 5050 καὶ
385 4995 559 5065 μέγας
586 4991 832 5059 τυγχάνει
868 4990 1124 5060 βασιλεὺς,
1159 4989 1253 5040 ἆτε
1285 4988 1571 5056 μονογενὴς
1598 4988 1672 5043 ὢν
1693 4991 1785 5043 τοῦ

254 5087 387 5140 Θεοῦ
421 5084 610 5151 Λόγος.
654 5080 906 5141 Βασιλεὺς
946 5081 1007 5132 δὲ
1056 5079 1221 5149 μέγας
1272 5076 1413 5127 ἐστὶν
1458 5078 1552 5129 ἐπὶ
1584 5081 1788 5143 πάντας

254 5178 379 5239 τοὺς
408 5174 589 5233 θεοὺς,
632 5169 664 5238 ἢ
693 5169 830 5222 κατὰ
853 5166 942 5221 τὸν
990 5167 1293 5235 Σύμμαχον,
1321 5163 1516 5215 ἐπάνω
1547 5166 1789 5222 πάντων

256 5248 372 5317 τῶν
390 5259 543 5317 θεῶν
559 5276 574 5291 ·
608 5260 721 5327 ἢτοι
740 5257 844 5309 τῶν
880 5252 1291 5323 πεπλανημένως
1316 5252 1457 5321 παρὰ
1472 5257 1589 5315 τοῖς
1613 5256 1788 5310 ἔθνεσι

256 5349 673 5422 νενομισμένων
707 5347 737 5415 ἢ
764 5345 864 5421 τῷν
894 5346 1101 5397 Μωῡσεῖ
1137 5339 1549 5408 παραπλησίων,
1576 5336 1788 5415 ᾦεῐρη-

257 5461 365 5507 ται,
404 5436 636 5495 Τέθεικά
665 5451 736 5488 σε
765 5433 893 5487 θεὸν
910 5428 1112 5485 Φαοαώ”
1149 5427 1182 5486 ἢ
1221 5424 1357 5479 θεῶν
1376 5429 1501 5497 περὶ
1522 5424 1604 5483 ὧν
1635 5432 1789 5504 εἴρη-

1882 4477 1999 4523 nus,
2041 4471 2089 4515 et
2144 4477 2232 4515 rex
2274 4478 2484 4530 magnus
2517 4477 2667 4527 super
2709 4477 2879 4513 omnes
2918 4462 3057 4515 deos.
3091 4462 3218 4526 Qua:
3253 4464 3404 4531 prius

1881 4561 2139 4620 prince-pta
2174 4562 2225 4604 et
2273 4552 2520 4602 mandata
2564 4550 2728 4606 fuere.
2764 4550 2817 4602 in
2862 4550 3084 4603 Domino
3120 4559 3172 4604 et
3216 4550 3405 4604 Serva-

1882 4649 1997 4694 tore
2027 4648 2229 4702 nostro,
2252 4641 2456 4692 scilicet
2484 4640 2535 4691 in
2578 4639 2669 4692 Dei
2701 4637 2872 4692 Verbo
2906 4640 3215 4708 complenda
3249 4649 3400 4703 sunt;

1880 4733 1990 4777 tum
2042 4727 2162 4779 aliis
2210 4726 2275 4779 de
2318 4726 2517 4788 causis,
2548 4733 2660 4778 tum
2710 4726 2833 4793 quia
2881 4742 3001 4779 cum
3048 4737 3233 4779 natura
3263 4726 3403 4781 Deus

1883 4830 2108 4883 magnus
2139 4819 2227 4878 sit,
2259 4832 2480 4883 magnus
2518 4815 2642 4868 item
2675 4830 2768 4868 rex
2796 4814 2974 4880 fuerit,
3014 4823 3195 4884 utpote
3222 4817 3405 4885 unige-

1882 4903 2053 4955 nitum
2096 4902 2186 4955 Dei
2216 4901 2463 4956 Verbum.
2492 4902 2585 4957 Est
2615 4912 2789 4957 autem
2843 4919 2933 4955 rex
2986 4917 3209 4969 magnus
3246 4918 3408 4969 super

1883 5007 2064 5045 omnes
2092 4992 2253 5055 deos;
2293 4992 2423 5052 sive,
2463 4991 2753 5044 secundum
2808 4991 3201 5059 Symmachum,
3237 4990 3406 5057 Supra

1885 5094 2054 5131 omnes
2083 5078 2240 5137 deos;
2272 5076 2517 5129 videlicet
2563 5092 2655 5131 eos
2692 5078 2781 5144 qui
2818 5076 3051 5145 gentium
3103 5089 3283 5127 errore
3334 5073 3405 5125 dii

1886 5185 2005 5223 esse
2039 5176 2314 5237 putantur;
2352 5166 2463 5218 sive
2515 5180 2628 5226 eos,
2661 5166 2750 5233 qni
2802 5164 2967 5232 Moysi
3012 5163 3211 5217 similes
3262 5173 3405 5225 sunt,

1890 5260 1974 5312 cui
1996 5260 2191 5311 dictum
2213 5263 2292 5308 est
2311 5253 2494 5305 :Posui
2510 5263 2557 5306 te
2574 5254 2737 5307 Deum
2752 5253 3041 5305 Pharaonis
3060 5253 3125 5315 ";
3146 5251 3255 5305 sive
3278 5251 3410 5305 deos

1890 5347 1954 5399 de
1984 5346 2175 5414 quibus
2204 5343 2313 5393 haec
2342 5341 2616 5404 dicuntur,
2648 5341 2784 5395 Deus
2819 5342 3029 5393 deorum
3062 5339 3312 5392 Dominus
3334 5339 3411 5393 lo-

1890 5447 2037 5490 cutus
2062 5432 2230 5497 est“;
2258 5442 2330 5493 et,
2369 5430 2500 5484 Deus
2533 5434 2672 5487 stetit
2712 5434 2761 5486 in
2800 5447 3056 5501 synagoga
3094 5429 3360 5483 deorum“
3393 5449 3409 5485 :

327 5598 369 5647 ³3
407 5593 561 5648 Joan.
597 5603 712 5643 xvi.
747 5586 824 5639 53.
895 5585 935 5617 ³⁸
969 5583 1052 5635 isa.
1090 5591 1229 5630 Lm.
1270 5577 1321 5632 5.
1393 5581 1436 5611 δ’
1476 5580 1660 5635 Exod.
1701 5602 1775 5638 vn
1804 5627 1816 5649 ,
1857 5590 1901 5642 i.
1976 5588 2018 5619 ⁸ο
2057 5584 2191 5639 Psal.
2232 5596 2381 5639 uno.
2425 5582 2468 5637 1.
2546 5585 2583 5616 ⁶¹
2628 5582 2764 5638 Psal.
2799 5600 2990 5651 una,
3028 5584 3075 5638 1.
