3848 6400
206 347 357 402 1215

1305 341 1789 404 COMMENTARIA
1830 349 1896 404 1N
1934 345 2263 404 PSALMOS.

3243 349 3371 402 ΗΜ

200 459 640 528 προηγουμένως
667 460 756 512 ἐπὶ
784 461 871 514 τὸν
897 457 1036 515 αἶνον
1057 464 1150 516 καὶ⁵
1180 459 1276 530 τὴν
1299 458 1610 526 ἀγαλλιασιν
1647 478 1744 516 κα-

1853 462 2209 531 ]ιιοιηοθτειη.
2298 455 2472 510 Venite
2529 457 2861 521 exsuflemus,
2916 459 2970 512 in
3021 457 3245 512 exordio
3303 457 3375 509 di-

200 543 332 597 λεί·
397 548 638 618 δεύτερον
682 551 736 602 δὲ
781 553 840 604 τὸ
887 552 1128 622 δεόμενον
1182 547 1507 621 θεραπείας·
1559 551 1625 603 δι’
1678 551 1745 615 δ.

199 635 400 689 Δεῦτε
429 639 924 708 ἀγαλλιασὼμεθα,
946 644 1001 694 ἐν
1027 645 1134 704 τοῖς
1161 640 1386 712 πρώτοις
1403 641 1628 710 εἴρηται·
1653 638 1748 694 εἷθ’

197 723 348 791 ἑξῆς
391 726 528 794 μετὰ
569 728 638 780 τὰ
669 729 1084 800 τεθεολογημένα
1125 731 1248 800 περὶ
1291 728 1382 781 τοῦ
1417 730 1617 799 Κυρίου
1657 731 1749 783 καὶ

199 812 362 878 μετὰ
386 814 485 884 τὴν
511 817 618 870 τῶν
650 819 921 889 προτέρων
958 820 1141 888 κλῆσιν
1192 821 1282 872 ἐπὶ
1317 820 1440 881 τοὺς
1475 819 1751 889 δευτέρους

199 901 558 966 μεταϐαίνει,
601 906 691 956 καὶ
729 905 942 980 τούτους
982 906 1239 960 διδάσκων
1279 905 1395 957 ἀντὶ
1437 904 1621 967 ὓδατος
1659 905 1751 957 καὶ

194 990 710 1060 περιρραντηρίων,
742 992 996 1061 κλαυθμῷ
1014 994 1104 1045 καὶ
1129 991 1495 1062 ἐξομολογήσει
1535 993 1622 1044 ἐπὶ
1641 994 1752 1053 τοῖς

194 1075 458 1143 πρώτοις
485 1079 656 1130 αὐτῶν
703 1081 1049 1149 ἁμαρτήμασι
1082 1081 1396 1150 χρήσασθαι.
1430 1083 1750 1151 Προτρεπτι-

192 1159 328 1222 κῶς
348 1162 410 1214 δὲ
430 1163 510 1228 τὸ,
536 1165 880 1233 κλαύσωμεν
897 1166 1165 1218 ἐναντίον
1183 1169 1420 1233 Κυρίου.
1447 1166 1749 1233 ἐπαγαγὼν,

194 1249 323 1301 τοῦ
363 1250 728 1316 ποιήσαντος
754 1251 924 1319 ἡμᾶς,
955 1253 1156 1320 ἀγαθὰς
1183 1253 1484 1322 ὑπέγραψεν
1513 1253 1748 1316 ἐλπίδας,

191 1335 466 1402 διδάξας,
513 1341 590 1392 ὅτι
626 1341 697 1410 μὴ
742 1342 1000 1412 ἀλλότριοι
1032 1343 1192 1411 ἐσμεν
1237 1342 1430 1407 αὑτοῦ,
1461 1341 1571 1393 ἀλλ’
1597 1341 1751 1411 ἔργον

194 1425 388 1477 αὑτοῦ
425 1429 517 1480 καὶ
545 1429 746 1498 ποίημα
770 1428 958 1480 αὐτοῦ·
983 1429 1049 1480 δι’
1085 1429 1113 1480 ὃ
1141 1431 1395 1498 προσήκει
1432 1429 1498 1480 τὰ
1526 1429 1751 1498 χρηστό-

192 1529 351 1581 τερα
383 1515 697 1585 προσδοκᾷν,
727 1515 818 1567 ἇτε
866 1515 926 1583 δὴ
959 1515 1246 1584 κηδομένου
1294 1514 1451 1568 αὑτοῦ
1497 1515 1588 1567 τοῦ
1625 1515 1751 1567 ἰδίου

195 1605 548 1673 ποιήματος.
573 1608 688 1658 Ἔτι
704 1605 836 1674 πρὸς
858 1603 1058 1668 τούτοις
1085 1607 1169 1658 διὰ
1187 1607 1299 1672 τοῦ,
1323 1606 1754 1673 Προσπέσωμεν

194 1693 314 1745 καὶ
346 1695 704 1761 κλαύσωμεν
733 1694 980 1749 ἐνώπιον
1028 1697 1266 1762 Κυρίου.
1293 1696 1524 1748 διδάσκει
1561 1696 1632 1765 μὴ
1671 1697 1752 1747 ὲν-

1845 556 1988 600 ctum
2037 547 2135 612 sit;
2185 541 2378 596 deinde
2413 557 2538 596 vero
2581 551 2700 611 post
2731 558 2790 596 ea
2829 559 2948 611 quae
2977 545 3119 596 circa
3172 543 3374 595 Domim

1845 633 2093 690 deitatem
2149 634 2290 687 dicta
2343 640 2487 694 sunt,
2551 642 2604 685 et
2662 641 2781 701 post
2831 632 3064 700 priorum
3135 630 3376 684 vocatio-

1845 725 2069 787 tionem,
2104 724 2166 779 ad
2194 723 2460 778 secundos
2490 730 2747 782 transeat,
2778 721 2976 774 docens
2995 736 3087 774 eos
3117 736 3212 790 pro
3244 735 3379 786 aqua

1846 821 1899 867 et
1940 813 2229 875 ablutione,
2276 811 2526 881 lacrymis
2554 821 2604 864 et
2643 811 2984 864 confessione
3039 810 3102 862 ad
3156 810 3378 877 pristina

1847 912 2064 972 peccata
2097 902 2356 970 expianda
2395 901 2646 954 utendum
2680 915 2819 953 esse.
2861 899 2992 951 Cum
3025 905 3198 950 autem
3251 897 3378 948 bor—

1847 992 2011 1044 tantis
2061 1004 2207 1042 more
2257 989 2330 1040 illi
2370 987 2532 1048 dicto,
2595 987 2849 1053 ploremus
2894 1000 3072 1037 coram
3133 982 3376 1044 Domino,

1848 1078 2132 1140 addiderit,
2158 1078 2244 1145 qui
2272 1076 2389 1143 fecit
2424 1092 2538 1140 nos,
2580 1076 2778 1128 bonam
2806 1089 2952 1142 spem
2983 1073 3250 1140 aseripsil,
3279 1071 3377 1124 do-

1849 1180 1977 1219 cens
2003 1179 2100 1218 nos
2135 1178 2240 1216 non
2264 1163 2468 1216 alienos
2491 1163 2590 1231 ipsi
2615 1178 2754 1223 esse,
2784 1163 2875 1215 sed
2906 1176 3040 1229 opus
3078 1167 3130 1213 et
3163 1167 3376 1212 creatu-

1849 1267 1960 1304 ram
1983 1251 2099 1318 ejus
2121 1269 2133 1304 :
2154 1251 2493 1318 quamobrem
2514 1251 2834 1318 jucundiora
2857 1247 3209 1317 exspectanda
3233 1255 3377 1310 sunt;

1848 1354 1968 1392 cum
2009 1341 2122 1407 ipse
2165 1354 2321 1392 suum
2356 1346 2508 1392 curet
2551 1338 2840 1406 opificium.
2873 1335 2952 1388 Ad
2983 1335 3095 1388 haec
3119 1349 3264 1397 vero,
3298 1334 3379 1387 bis

1847 1428 2060 1491 verbis,
2105 1427 2442 1480 Procidamus
2494 1436 2542 1480 et
2587 1427 2844 1495 ploremus
2905 1441 3078 1478 coram
3137 1423 3379 1488 Domino,

1848 1518 2001 1570 ducet
2036 1532 2141 1569 non
2175 1517 2226 1570 in
2269 1526 2554 1585 conspectu
2618 1516 2912 1578 hominum,
2944 1529 3048 1567 non
3106 1514 3380 1568 hominum

1850 1604 2019 1672 gratia
2057 1603 2109 1655 id
2147 1604 2406 1672 agendum
2444 1619 2595 1668 esse;
2621 1604 2711 1658 sed
2747 1604 2801 1656 in
2827 1603 3160 1666 abscondito,
3191 1618 3381 1658 securr

1849 1693 2079 1746 cundum
2112 1693 2260 1753 illud,
2300 1692 2456 1745 Pater
2487 1703 2623 1758 tuus,
2661 1693 2748 1761 qui
2789 1692 2925 1744 uidet
2965 1692 3018 1742 in
3062 1690 3379 1752 abscondito,

196 1781 393 1834 ὠπιον
432 1783 724 1852 ἀνθρώπων
768 1785 896 1854 μηδὲ
932 1785 996 1838 δι’
1023 1785 1333 1856 ἀνθρώπους
1369 1784 1522 1837 τοῦτο
1563 1787 1748 1848 ποιεῖν,

1853 1781 2019 1836 reddet
2039 1782 2203 1836 tibi“.
2224 1781 2482 1837 Omnibus
2499 1785 2673 1852 itaque
2686 1783 2972 1850 generatim
2993 1782 3100 1834 haec
3125 1789 3386 1850 praecepta

201 1870 336 1924 ἀλλ’
369 1871 432 1921 ἐν
467 1870 542 1939 τῷ
571 1871 794 1940 κρυπτῷ
822 1872 957 1924 κατά
993 1873 1070 1935 τὸ,
1106 1872 1159 1923 '0
1179 1871 1374 1938 Πατήρ
1399 1886 1512 1924 σου
1550 1875 1582 1924 ό
1609 1871 1750 1934 ,ϐλέ-

200 1974 347 2010 πων
376 1957 450 2009 ἐν
472 1956 550 2021 τῷ
578 1957 810 2024 κρυπτῷ
830 1958 1242 2012 ἀποδώσεισοι.
1267 1958 1500 2010 Καθόλου
1542 1958 1635 2027 μὲν
1663 1955 1750 2010 οὖν

201 2047 428 2098 ἅπασιν
461 2044 684 2114 ἁρμόζει
716 2046 782 2099 τὰ
827 2047 1274 2117 παρηγγελμένα·
1323 2047 1519 2117 κυρίως
1559 2047 1613 2098 δὲ
1662 2047 1752 2099 καὶ

201 2136 647 2207 προηγουμένως
678 2138 704 2189 6
726 2135 890 2203 Λόγος
919 2136 1006 2190 τὸν
1040 2137 1298 2189 Ἰουδαίων
1325 2138 1448 2190 λαὸν
1480 2139 1569 2189 ἐπὶ
1595 2154 1753 2206 μετα-

202 2225 332 2294 νοίᾳ
354 2218 435 2276 ὧν
467 2224 763 2294 ἐτόλμησαν
807 2226 1124 2294 παρακαλεῖ,
1157 2225 1282 2277 Ὀτι
1309 2225 1490 2290 αὐτός
1520 2225 1684 2276 ἐστιν
1721 2227 1753 2278 ό

205 2311 366 2375 Θεὸς
408 2309 592 2377 ἡμῶν,
643 2311 739 2362 καὶ
781 2310 946 2378 ἡμεῖς
994 2313 1140 2376 λαὸς
1168 2310 1354 2378 νομῆς
1405 2309 1616 2372 αὑτοῦ,
1656 2310 1750 2362 καὶ

203 2400 488 2466 πρόϐατα
513 2399 702 2466 χειρὸς
720 2398 919 2452 αὐτοῦ.
938 2398 1010 2452 Οὐ
1045 2399 1198 2468 μόνον
1226 2399 1420 2469 Κύριος
1440 2401 1471 2468 ἡ
1480 2399 1590 2468 μῶν
1610 2400 1753 2451 ἐστιν

202 2489 284 2551 ὡς
314 2486 548 2540 οἰκετῶν
573 2487 847 2556 δεσπότης,
869 2487 986 2539 οὐδὲ
1015 2487 1167 2556 μόνον
1190 2487 1409 2557 ποιητὴς
1451 2488 1524 2550 ὡς
1547 2488 1610 2540 ἂν
1639 2486 1752 2539 κτε-

205 2594 350 2648 στης
382 2575 560 2646 ήμῶν,
587 2575 717 2628 ἀλλὰ
737 2577 828 2628 καὶ
853 2575 976 2639 Θεός
1003 2578 1144 2629 ἐστιν
1173 2577 1344 2648 ἡμῶν,
1365 2578 1457 2630 ἆτε
1477 2578 1531 2629 δὲ
1558 2577 1754 2644 ἀγαθὸς

203 2665 282 2718 ὢν
315 2666 422 2718 καὶ
458 2664 630 2726 ἵλεως.
672 2665 747 2716 Δι’
778 2664 806 2717 6
835 2664 926 2718 καὶ
957 2665 1192 2732 φείσεται
1223 2666 1375 2736 ἡμῶν
1422 2665 1514 2718 καὶ
1546 2665 1753 2735 ἐλεήσει

204 2755 389 2822 ἡμᾶς·
425 2753 506 2804 ὅτι
539 2753 598 2804 οὐ
637 2751 787 2821 μόνον
820 2755 1046 2822 ποίημα,
1096 2752 1230 2805 ἀλλὰ
1273 2755 1364 2806 καί
1392 2754 1571 2823 κτῆμα
1593 2753 1752 2806 αὑτοῦ

204 2843 562 2913 τυγχάνομεν
590 2841 765 2903 ὄντες·
797 2841 889 2895 καὶ
928 2843 975 2894 0i
1015 2842 1109 2911 μὲν
1137 2842 1476 2912 λογικώτεροι
1503 2843 1629 2905 λαὸς
1653 2844 1751 2894 αὐ-

204 2933 327 2998 τοῦ,
355 2933 411 2984 οἱ
445 2931 500 2983 δὲ
525 2930 602 2982 ἔτι
627 2931 828 2994 ἀτελεῖς
851 2932 940 2983 xa‘l.
963 2931 1278 3003 ἀλογώτεροι
1309 2933 1546 3003 πρόϐατα
1579 2933 1754 3004 χειρὸς

205 3021 409 3075 αὑτοῦ·
426 3019 564 3072 ὥστε
591 3020 682 3072 ἐὰν
714 3020 1217 3091 έξομολογησὼμεθα
1244 3023 1388 3092 αὑτῷ
1416 3025 1504 3076 καὶ
1529 3041 1754 3094 προσκυ-

207 3112 479 3181 νήσωμεν
505 3109 595 3160 καὶ
625 3109 1008 3178 προσπέσωμεν
1052 3113 1143 3163 καὶ
1175 3112 1485 3181 κλαύσωμεν
1521 3114 1753 3168 ἐναντίον
1780 3096 1821 3152 C

206 3196 414 3260 αὐτοῦ,
437 3195 495 3259 ἐξ
513 3195 741 3256 ἅπαντος
767 3195 1134 3265 σωθησόμεθα,
1162 3199 1208 3249 oi
1229 3199 1324 3266 μὲν
1337 3198 1410 3260 ὡς
1424 3197 1546 3259 λαὸς
1569 3200 1752 3264 αὑτοῦ,

206 3289 257 3341 οι
297 3286 367 3339 δὲ
405 3284 483 3344 ὡς
521 3283 755 3351 πρόϐατα
781 3285 955 3354 χειρὸς
984 3286 1163 3338 αὐτοῦ.
1199 3286 1424 3353 Λέγεται
1442 3287 1568 3354 γοῦν
1600 3289 1757 3351 αὐτὸς

209 3375 361 3431 εἶναι
389 3376 418 3426 6
436 3372 634 3440 ποιμὴν
654 3374 683 3424 6
703 3373 880 3435 καλός·
901 3374 993 3427 καὶ
1020 3376 1174 3445 ἡμεῖς
1193 3375 1364 3444 λέγειν
1385 3377 1754 3447 διδασκόμεθα·

210 3466 440 3533 Κύριος
467 3462 757 3530 ποιμαίνει
779 3479 874 3529 με,
908 3462 1004 3514 καὶ
1031 3463 1208 3516 οὐδέν
1219 3481 1294 3532 με
1329 3465 1659 3532 ὐστερήσει.

282 3575 564 3642 Σήμερον
592 3572 697 3624 ἐὰν
737 3571 846 3640 τῆς
883 3572 1082 3641 φωνῆς
1120 3575 1301 3629 αὐτοῦ
1332 3576 1643 3642 ἀκούσητε,
1671 3576 1756 3645 μὴ

209 3661 610 3727 σκληρύνητε
651 3659 754 3722 τὰς
797 3657 1036 3726 καρδίας
1081 3659 1243 3728 ὑμῶν
1283 3659 1352 3712 ἐν
1402 3659 1480 3724 τῷ
1521 3674 1761 3728 παραπι-

213 3747 492 3820 κρασμῷ.
533 3746 709 3810 Ἀπαξ
737 3747 874 3809 τότε,
899 3747 1078 3818 φησιν,
1103 3747 1458 3818 ὲσκληρύνατε
1494 3748 1590 3810 τὰς
1628 3765 1760 3818 καρ-

214 3825 337 3902 διας
368 3836 543 3906 ὑμῶν,
575 3835 893 3898 ἀκούσαντες
911 3836 1070 3889 αὑτοῦ
1096 3837 1192 3906 τῆς
1211 3837 1388 3906 φωνῆς
1412 3837 1611 3905 ὲπὶτῆς
1636 3839 1761 3908 ὲρή-

219 3944 346 3998 μου·
381 3926 543 3994 ὁρᾶτε
562 3919 651 3976 οὖν
678 3924 749 3992 μὴ
778 3924 868 3976 καὶ
894 3921 1137 3993 δεύτερον
1165 3923 1348 3975 ταύτὸν
1382 3923 1636 3992 πράξητε,
1667 3921 1759 3974 ἐὰν

216 4015 382 4079 αὖθις
413 4016 512 4084 τῆς
537 4015 712 4083 φωνῆς
727 4013 884 4066 αὑτοῦ
909 4015 1166 4084 ἀκούσητε
1194 4017 1250 4068 ὲν
1277 4012 1573 4081 ἀνθρώποις
1597 4016 1658 4082 σή
1668 4029 1760 4082 με-

220 4123 318 4177 ρον
351 4103 663 4173 γενομένου.
697 4103 754 4154 Ὀ
779 4102 836 4154 δὲ
869 4103 1020 4170 λόγος
1039 4104 1454 4174 προηγουμένως
1477 4105 1610 4174 πρὸς
1637 4105 1760 4165 τοὺς

216 4200 288 4250 ἐκ
316 4191 621 4263 περιτομῆς
656 4191 896 4244 λέλεκται
925 4194 987 4244 ὲκ
1016 4192 1299 4262 προσώπου
1331 4192 1422 4245 τοῦ
1457 4193 1613 4263 χοροῦ
1654 4193 1759 4246 τῶν

216 4281 520 4359 προφητῶν
551 4281 970 4352 προφερόμενος·
1000 4283 1048 4334 οἳ
1077 4283 1138 4352 δὴ
1174 4283 1311 4336 κατὰ
1352 4283 1447 4353 μὲν
1476 4285 1570 4354 τὴν
1593 4283 1759 4353 ἀρχὴν

1848 1870 2208 1934 cenveuiunt;
2245 1880 2294 1923 at
2323 1871 2535 1940 proprie
2569 1877 2622 1923 et
2664 1871 2932 1938 praecipue
2951 1867 3257 1922 Judaeorum
3283 1885 3383 1938 po-

1810 2036 1817 2042 _
1849 1963 2028 2032 pulum
2049 1963 2113 2017 ad
2144 1962 2442 2017 facinorum
2472 1977 2688 2015 suorum
2715 1963 3078 2029 paenitentiam
3109 1962 3384 2031 Scriptum

1848 2059 2053 2106 evocat.
2088 2081 2157 2091 -—
2200 2050 2355 2106 Vens.
2381 2053 2433 2105 7.
2463 2053 2598 2116 Quia
2646 2052 2752 2118 ipse
2804 2061 2879 2104 est
2932 2051 3069 2104 Deus
3110 2062 3304 2114 noster,
3335 2062 3383 2106 ιε

1849 2154 1940 2189 nos
1968 2138 2183 2204 populus
2210 2153 2415 2205 pascua:
2461 2138 2592 2206 ejus,
2624 2147 2671 2192 et
2701 2154 2814 2191 ores
2856 2154 3039 2192 manus
3079 2140 3211 2207 ejus.
3267 2138 3384 2194 Non

1849 2227 2006 2280 modo
2026 2226 2282 2282 Dominus
2313 2236 2494 2281 noster
2516 2235 2618 2290 est,
2653 2235 2712 2280 ut
2744 2228 2904 2279 herus
2927 2227 3344 2281 domesticorum
3367 2245 3382 2292 ;

1850 2332 2022 2385 neque
2059 2318 2232 2371 solum
2271 2317 2479 2385 opifex,
2531 2324 2710 2385 utpote
2747 2317 2968 2370 Creator
3015 2327 3230 2383 noster;
3289 2318 3383 2370 sed

1849 2406 2008 2458 etiam
2037 2405 2177 2460 Deus
2221 2413 2404 2458 noster
2435 2415 2536 2467 est,
2570 2411 2752 2474 utpote
2793 2405 2966 2458 bonus
2995 2412 3048 2457 et
3097 2404 3381 2472 propitius.

1851 2493 2202 2558 Quamobrem
2261 2503 2440 2562 parcet
2488 2494 2641 2547 nobis
2685 2501 2738 2547 et
2785 2493 3123 2547 miserebitur
3172 2488 3382 2547 nostri:

1849 2585 1974 2651 quia
2004 2598 2108 2636 non
2137 2582 2405 2652 opificium
2454 2582 2730 2644 duntaxat,
2767 2583 2860 2636 sed
2910 2584 3070 2634 etiam
3113 2583 3388 2650 possessio

1850 2672 1968 2740 ejus
1997 2688 2184 2726 sumus
2209 2690 2223 2726 :
2253 2679 2306 2726 et
2340 2671 2780 2725 rationabiliores
2807 2686 2836 2725 e
2885 2671 3040 2724 nobis
3076 2679 3201 2724 sunt
3225 2686 3386 2739 popu-

1851 2761 1933 2814 lus
1961 2763 2077 2828 ejus
2121 2761 2202 2826 ;ii
2251 2775 2375 2814 vero
2430 2760 2521 2828 qui
2561 2760 2733 2812 adlmc
2787 2758 3078 2827 imperfecti
3110 2767 3163 2812 et
3209 2759 3386 2812 minus

1851 2850 2191 2904 rationabiles
2228 2857 2373 2912 sunt,
2411 2863 2536 2902 aves
2563 2863 2752 2902 manus
2788 2849 2923 2914 ejus.
2955 2847 3136 2916 Itaque
3174 2847 3216 2900 si
3245 2861 3377 2898 con-

1853 2937 2094 2990 ﬁteamur
2127 2936 2250 3004 ipsi,
2281 2937 2326 2990 si
2361 2935 2663 2997 adoremus,
2702 2935 3042 3004 procidamus
3080 2944 3134 2987 et
3166 2934 3385 2987 ﬂeamus

1853 3039 2032 3078 coram
2076 3025 2188 3089 illo,
2225 3023 2450 3076 salutem
2494 3038 2717 3090 prorsus
2772 3023 3114 3077 consecuturi
3164 3038 3384 3086 smnus;

1854 3115 1940 3168 alii
1967 3114 2176 3182 quidem
2217 3121 2274 3166 ut
2324 3113 2580 3182 populus;
2617 3113 2705 3164 alii
2752 3127 2877 3165 vero
2927 3119 2985 3164 ut
3036 3128 3163 3165 oves
3196 3127 3386 3163 manus

1853 3203 1990 3271 ejus.
2027 3203 2144 3272 Ipse
2165 3216 2394 3269 namque
2415 3200 2614 3252 dicitur
2633 3215 2752 3252 esse
2781 3200 2954 3252 bonus
2993 3206 3261 3266 pastor,et
3288 3214 3386 3251 nos

1855 3293 2184 3345 instituimur
2224 3291 2285 3345 ad
2341 3289 2622 3343 dicendum
2654 3307 2667 3341 :
2700 3288 2951 3342 Dominus
2977 3290 3138 3357 pascit
3192 3304 3302 3352 me,
3336 3295 3385 3340 et

1854 3381 1982 3435 nihil
2018 3381 2143 3433 mihi
2173 3379 2335 3432 deerit
2364 3380 2429 3431 ⁸⁷.

1924 3567 2086 3622 Vsus.
2110 3568 2162 3622 8.
2200 3567 2366 3621 Hodie
2386 3568 2431 3621 si
2455 3583 2621 3621 vocem
2650 3567 2760 3635 ejus
2796 3567 3086 3633 audieritis,
3114 3566 3270 3619 nolite
3291 3565 3384 3619 ob-

1855 3658 2044 3710 durare
2075 3657 2234 3710 curda
2275 3667 2440 3710 vestra
2479 3658 2531 3710 in
2572 3656 2981 3710 exacerbatione.
3013 3657 3164 3710 Tunc
3197 3657 3383 3716 semel,

1857 3749 2051 3816 inquit,
2076 3748 2254 3800 audita
2279 3748 2330 3800 in
2348 3763 2527 3801 eremo
2548 3762 2679 3801 voce
2699 3747 2868 3816 ipsius
2896 3747 3204 3801 obdurastis
3224 3747 3386 3800 corda

1856 3848 2059 3902 vestra;
2080 3845 2260 3891 cavete
2288 3853 2414 3908 crgo
2453 3854 2518 3892 ne
2555 3837 2788 3892 secundo
2817 3837 3041 3905 idipsum
3073 3837 3385 3901 admittatis,

1858 3926 1902 3979 si
1936 3940 2146 3978 rursum
2175 3926 2290 3993 ejus
2330 3927 2468 3996 apud
2502 3926 2745 3980 homines
2796 3926 2952 3979 hodie
3001 3927 3264 3980 versantis
3294 3943 3386 3978 vo—

1857 4029 1970 4067 cem
1989 4014 2236 4069 audiatis.
2257 4015 2443 4068 Scrmo
2468 4023 2641 4068 autem
2669 4015 2864 4083 populo
2885 4030 2946 4067 ex
2979 4015 3387 4068 circumcisione

1856 4103 2144 4170 prtesertim
2173 4105 2500 4165 enuntiatur,
2530 4118 2594 4156 ex
2638 4117 2865 4169 persona
2913 4103 3061 4154 chori
3105 4103 3386 4170 propheta-

1858 4207 1974 4245 rum
2015 4194 2271 4261 prolatus.
2305 4192 2382 4246 Illi
2413 4194 2613 4247 scilicet
2647 4191 2798 4244 initio
2829 4191 3039 4258 quidem
3071 4192 3245 4243 omnia
3269 4192 3388 4259 plu-

1857 4283 2040 4336 raliter
2064 4283 2329 4345 dicebant,
2353 4284 2553 4337 vocatis
2574 4298 2690 4336 sese
2717 4289 3162 4334 connumerantes
3189 4300 3204 4340 _:
3238 4296 3383 4345 nam,

213 4376 292 4430 τὰ
329 4375 508 4427 πάντα
540 4371 719 4439 ἔλεγον
750 4372 1134 4442 πληθυντικῶς,
1181 4375 1272 4425 καὶ
1318 4375 1536 4436 ἑαυτοὺς
1564 4391 1752 4441 συγκα-

1859 4372 2038 4434 venite,
2061 4371 2291 4434 aiebant,
2325 4372 2661 4433 exsultemus,
2683 4370 2964 4438 jubilernus
2992 4380 3039 4424 et
3069 4385 3387 4438 praeoccupe-

213 4464 544 4531 ταλέγοντες
574 4463 683 4521 τοῖς
706 4459 1046 4529 καλουμένοις
1066 4476 1080 4490 ·
1119 4461 1310 4522 Δεῦτε,
1350 4461 1455 4531 γὰρ
1491 4462 1720 4530 ἔφασκον
1741 4504 1754 4527 ,

217 4545 718 4617 ἀγαλλιασώμεθα
746 4545 840 4598 καὶ
867 4545 1252 4615 ἀλαλάξωμεν
1284 4547 1379 4599 καὶ
1415 4550 1757 4617 προφθάσω-

214 4655 333 4707 μεν
350 4655 365 4669 ·
399 4637 495 4690 καὶ
515 4635 669 4686 πάλιν
687 4651 699 4664 ·
735 4635 906 4688 Δεῦτε
926 4637 1427 4704 προσκυνήσωμεν
1455 4641 1548 4691 καὶ
1578 4657 1756 4706 προσ-

217 4726 501 4794 πέσωμεν
531 4724 625 4775 καὶ
651 4725 1019 4791 κλαύσωμεν·
1045 4727 1133 4777 ἐπὶ
1157 4726 1213 4778 δὲ
1249 4725 1340 4776 τοῦ
1365 4729 1619 4796 παρόντος
1643 4730 1756 4781 ἑτέ-

223 4831 335 4885 ρων
364 4817 444 4877 εἰς
468 4811 748 4882 πρόσωπον
780 4813 850 4883 μὴ
876 4814 1300 4884 παραιτήσασθαι
1331 4815 1425 4882 τὴν
1450 4817 1633 4885 κλῆσιν
1664 4837 1760 4872 πα-

224 4903 498 4974 ραινοῦσι·
529 4903 650 4972 μηδ’
681 4903 968 4972 ἀπιστῆσαι
995 4907 1055 4974 τῇ
1080 4905 1223 4972 φωνῇ
1239 4906 1304 4971 τῇ
1324 4905 1554 4973 σήμερον
1582 4909 1757 4971 αὐτοῖς

225 4995 492 5066 μελλούσῃ
536 4993 732 5047 λαλεῖν.
768 4995 838 5046 Τὸ
867 4994 942 5058 δὲ,
963 4995 1237 5063 σήμερον,
1266 4994 1294 5042 6
1341 4993 1652 5058 Ἀπόστολος
1679 5000 1758 5060 εἰς

221 5087 398 5140 πάντα
427 5085 519 5137 τὸν
552 5084 930 5154 παρατείνοντα
958 5085 1053 5153 τῆς
1083 5083 1224 5150 ζωῆς
1249 5081 1401 5149 ήμῶν
1420 5083 1606 5152 χρόνον
1629 5087 1756 5152 ἐξεί-

221 5172 380 5246 ληφε,
415 5172 555 5226 κατά
582 5172 661 5234 τὸ,
691 5173 797 5237 ἕως
829 5169 899 5226 οὗ
935 5174 996 5224 τὸ
1020 5172 1282 5238 σήμερον
1300 5171 1577 5224 καλεῖται.
1620 5175 1760 5244 Προ-

222 5264 409 5335 τρέπει
427 5263 484 5316 δὲ
506 5261 600 5314 καὶ
625 5262 766 5329 ἡμᾶς
791 5263 818 5312 6
842 5261 987 5328 λόγος
1016 5257 1258 5312 ἐντεῦθεν
1289 5259 1632 5328 ἀπάρξασθαι
1655 5265 1761 5317 τῶν

224 5349 704 5422 παρηγγελμένων.
735 5350 794 5399 Εἰ
826 5348 927 5418 γὰρ
956 5348 1039 5400 καὶ
1061 5342 1226 5410 πολλή
1259 5359 1340 5404 τις
1369 5346 1562 5412 γέγονε
1594 5349 1762 5418 ρᾳθυ-

227 5440 325 5510 μία
363 5442 423 5492 ὲν
459 5437 538 5508 τῷ
577 5437 878 5508 παρελθόντι
924 5438 1110 5506 χρόνῳ·
1171 5430 1310 5482 ἀλλὰ
1353 5433 1452 5485 κᾶν
1497 5437 1613 5488 ἀπὸ
1661 5440 1760 5508 τῆς

291 5593 337 5624 ⁸⁸
379 5590 560 5646 Matth.
593 5605 675 5649 vt,
713 5588 833 5646 4,6.
881 5589 911 5620 "
1023 5587 1050 5596 "
1093 5581 1246 5633 Psal.
1293 5600 1426 5644 xm.
1473 5587 1523 5638 I.

1859 4477 2006 4524 mus;
2041 4477 2103 4514 ac
2131 4477 2364 4519 rursum,
2409 4461 2601 4524 Venite,
2647 4460 2934 4522 adoremus,
2979 4459 3307 4528 procidamus
3337 4469 3387 4514 et

1858 4551 2116 4618 ploremus
2149 4568 2167 4603 :
2196 4552 2248 4603 in
2274 4551 2520 4618 praesenti
2556 4565 2681 4604 vero
2708 4549 2930 4602 aliorum
2957 4557 3227 4616 assumpta
3265 4565 3386 4618 per-

1859 4641 2326 4703 sona,hortantur
2380 4656 2446 4692 ne
2505 4640 2836 4692 vocationem
2891 4649 3176 4706 respuant;
3217 4654 3389 4706 neque

1860 4732 1974 4784 voci
2005 4745 2123 4800 qua:
2163 4730 2306 4798 ipsos
2354 4727 2510 4780 hodie
2555 4728 2851 4780 allocutura
2876 4736 2954 4780 est
2986 4727 3140 4780 tidem
3172 4735 3385 4795 negent.

1861 4819 1995 4873 Illud
2024 4835 2200 4889 porro,
2232 4818 2400 4880 hodie,
2429 4819 2718 4886 Apostolus
2757 4817 2948 4884 accipit
2994 4833 3089 4884 pro
3118 4824 3228 4868 toto
3271 4818 3390 4869 vita:

1862 4916 2055 4962 nostra:
2086 4916 2350 4976 tempore;
2383 4905 2675 4960 secunduru
2717 4905 2864 4966 illud,
2894 4905 3064 4958 Donec
3114 4905 3261 4956 hodie
3303 4920 3391 4956 υο-
3443 4931 3445 4933 ι

1860 4997 2090 5052 catur“.
2128 4996 2377 5048 Hortatur
2436 5003 2612 5048 autem
2663 5010 2762 5048 nos
2813 4994 3106 5063 Scriptura,
3156 5002 3213 5045 ut
3264 4994 3389 5046 hinc

1859 5095 2118 5156 praecepta
2146 5083 2386 5138 servandi
2411 5085 2689 5138 exordium
2711 5085 2989 5136 ducamus.
3013 5082 3230 5134 Etiamsi
3245 5083 3386 5134 enim

1858 5175 2174 5246 praecedenti
2227 5182 2464 5240 tempore
2522 5175 2577 5227 in
2642 5188 2830 5242 magna
2909 5172 3133 5240 segnitie
3192 5171 3388 5224 versati

1860 5268 2062 5331 simus;
2096 5274 2148 5318 at
2195 5265 2272 5316 vel
2329 5266 2516 5320 saltem
2565 5267 2632 5318 ab
2677 5267 2775 5318 hac
2806 5265 2912 5327 die,
2943 5279 3061 5332 qua:
3100 5275 3193 5328 per
3231 5259 3384 5323 illud,

1859 5355 2026 5415 hodie,
2056 5352 2390 5422 exprimitur,
2415 5363 2466 5406 ct
2487 5354 2553 5406 ab
2581 5353 2682 5406 hoc
2709 5362 2943 5420 tempore
2964 5349 3119 5403 dictis
3148 5347 3390 5400 attende-

1861 5459 1918 5498 re
1947 5458 2193 5496 curcmus
2231 5459 2241 5492 :
2279 5457 2373 5494 nec
2409 5443 2666 5511 populum
2717 5442 2862 5496 illum
2892 5439 3177 5498 imitemur,
3204 5434 3293 5503 qui
3334 5434 3390 5487 in

1613 5591 1660 5619 “
1707 5592 1867 5650 llcbr.
1908 5610 2001 5653 ur.
2037 5597 2120 5650 t5.
