3848 6328
517 319 642 371 52H

1159 323 1422 378 EUSEBil
1462 321 1924 376 CESABIENSIS
1959 321 2105 377 OPP.
2145 319 2322 374 PARS
2355 319 2442 374 Ill.
2483 350 2552 360 -—-
2590 319 3018 408 EXEGETIICA.

3535 327 3634 380 ιιιι
3712 375 3713 402 ,

513 445 669 483 nemo
710 447 850 486 enim
897 447 1083 502 eorum
1128 432 1229 500 ipsi
1293 433 1484 487 similis
1526 444 1625 486 est.
1682 432 2029 498 Quamobrem

2133 446 2251 483 ται·
2295 431 2437 496 Θεὸς
2491 431 2641 485 θεῶν
2676 433 2901 498 Κύριος
2951 430 3256 497 mutuor
3292 432 3403 496 καὶ,
3447 435 3493 487 '0
3531 440 3635 505 Θεὸς

513 521 642 574 alibi
669 537 878 590 quoque
915 523 1115 574 dictum
1141 530 1222 574 est
1251 540 1264 575 :
1289 522 1547 586 Quoniam
1579 523 1693 590 quis
1732 524 1784 576 in
1822 522 2038 577 nubibus

513 612 802 676 a'quabitur
851 610 1094 676 Domino,
1147 612 1335 666 similis
1391 613 1490 666 erit
1551 613 1776 668 Domino
1811 615 1869 668 in
1912 617 2038 684 ﬁliis

514 697 608 750 Dei
624 700 664 728 ε’
684 700 706 751 ?

579 867 742 920 Vens.
774 868 827 922 4.
853 868 985 932 Quia
1017 870 1068 923 in
1099 887 1253 924 manu
1291 873 1402 940 ejus
1434 884 1555 926 sunt
1587 891 1758 930 omnes
1783 877 1909 945 ﬁnes
1937 886 2039 932 ter-

2137 520 2282 585 ἔστη
2305 519 2374 571 ἐν
2403 519 2722 588 συναγωγῇ
2755 519 2946 573 θεῶν·
2977 519 3156 582 οὐδεὶς
3185 519 3288 590 γὰρ
3327 523 3458 591 αὑτῷ
3483 527 3635 580 τούτων

2135 608 2333 677 ὅμοιος.
2355 611 2429 660 Δι’
2458 609 2486 660 ὃ
2507 610 2600 659 καὶ
2637 607 2878 677 ἀλλαχοῦ
2907 606 3146 678 εἴρηται·
3183 609 3298 661 Ὅτι
3321 609 3405 676 τις
3425 611 3485 664 ἐν
3507 617 3635 683 reet.

2135 702 2272 762 λαις
2303 697 2654 763 ισωθήσεται
2673 697 2754 763 τῷ
2780 698 3002 766 Κυρίῳ,
3038 699 3443 767 ὁμοιωθήσεται
3469 703 3534 767 τῷ
3555 709 3636 760 Κυ-

2127 788 2240 854 ρίῳ
2263 787 2330 839 ἐν
2357 787 2507 851 υἱοῖς
2531 787 2679 840 Θεοῦ
2704 803 2723 849 ;

2206 877 2331 928 Ὅτι
2359 877 2428 929 ἐν
2459 875 2534 944 τῇ
2561 877 2712 945 χειρὶ
2741 875 2960 945 αὐτοῦ,
2981 875 3056 930 τὰ
3087 876 3309 945 πέρατα
3337 878 3434 946 τῆς
3455 879 3547 948 τῆς
3569 887 3634 937 καὶ

509 973 600 1020 ποτε,
635 966 684 1008 et
723 958 1020 1012 altitudines
1071 963 1320 1014 montium
1362 964 1521 1028 ipsius
1550 975 1689 1020 sunt.
1709 965 1832 1020 Ideo
1861 970 2029 1022 exsul-

2133 963 2204 1016 τὰ
2223 964 2346 1031 ὕψη
2371 964 2488 1016 τῶν
2520 965 2705 1032 ὀρέων
2731 965 2929 1018 αὐτοῦ
2952 967 3094 1018 εισι.
3118 968 3226 1018 Καὶ
3255 968 3338 1020 διὰ
3361 969 3500 1023 τοῦτο
3518 974 3636 1039 dral-

512 1054 692 1100 temus
725 1055 777 1099 et
799 1047 1088 1115 jubilemus
1109 1049 1262 1115 .Deo;
1292 1066 1398 1104 non
1432 1053 1589 1105 modo
1619 1055 1739 1121 quia
1782 1054 2036 1112 Dominus

505 1145 556 1188 et
580 1134 724 1190 Deus
755 1145 836 1190 est
863 1145 915 1191 et
943 1152 1032 1191 rex
1067 1153 1290 1206 magnus
1331 1155 1493 1208 super
1533 1156 1719 1197 omnes
1749 1144 1908 1210 deos;
1941 1146 2034 1216 sed

505 1226 664 1276 etiam
718 1226 841 1294 quia
874 1226 1004 1281 ﬁnes
1048 1234 1200 1281 terra:
1228 1229 1327 1282 sibi
1356 1230 1581 1297 subjecit.
1608 1241 1660 1284 et
1691 1235 1942 1287 subdidit.
1979 1234 2035 1288 id

504 1314 645 1366 enim
679 1329 799 1367 cum
833 1316 1070 1383 petiisset
1109 1331 1138 1368 a
1183 1317 1360 1382 Patre,
1392 1320 1713 1388 impetravit,
1743 1324 2034 1376 secundum

507 1403 637 1457 illud
672 1424 684 1458 :
717 1405 936 1459 Postulo
971 1424 1002 1459 a
1033 1424 1109 1459 me
1141 1416 1188 1460 et
1217 1407 1350 1461 dabo
1375 1408 1467 1460 tibi
1495 1420 1664 1477 gentes
1687 1411 2034 1466 liazreditatem

505 1504 672 1558 tuam,
706 1505 754 1548 et
795 1497 1165 1563 possessionem
1189 1507 1329 1550 tuam
1361 1500 1601 1552 terminos
1631 1509 1778 1553 terrm
1795 1502 1857 1555 ⁸³.
1884 1501 2034 1566 Quod

503 1585 548 1637 si
597 1585 838 1652 quaedam
883 1587 1190 1646 altitudines
1214 1589 1471 1640 montium
1513 1604 1675 1656 penes
1705 1588 2032 1658 Scripturam

501 1673 742 1726 divinam
791 1676 844 1727 in
891 1677 1091 1730 honore
1139 1677 1419 1740 habentur,
1463 1680 1609 1733 verbi
1639 1683 1828 1748 gratia,
1862 1681 2028 1742 Sinni,

2133 1051 2444 1121 λιασώμεθα
2489 1054 2582 1106 καὶ
2623 1051 2995 1122 ἀλαλάξωμεν
3040 1053 3121 1123 τῷ
3157 1055 3292 1125 Θεῷ,
3329 1058 3385 1109 οὐ
3421 1060 3551 1127 μόνον
3581 1064 3634 1116 ὅτι

2133 1141 2334 1212 Κύριος
2365 1144 2458 1196 καὶ
2483 1143 2616 1205 Θεός
2644 1146 2766 1197 ἐστι
2795 1145 2897 1196 καὶ
2918 1143 3174 1212 βασιλεὺς
3201 1147 3362 1214 μέγας
3380 1149 3459 1200 ἐπὶ
3486 1152 3636 1215 πάντας

2130 1234 2254 1295 τοὺς
2281 1233 2459 1296 θεοὺς,
2501 1233 2617 1286 ἀλλ’
2647 1233 2732 1285 ὅτι
2773 1234 2876 1286 καὶ
2916 1233 3234 1303 ὑπηγάγετο
3276 1238 3362 1288 καὶ
3393 1239 3470 1305 ὑφ’
3497 1239 3633 1294 ἑαυτὸν

2131 1324 2419 1393 ἐποιήσατο
2465 1323 2532 1376 τὰ
2571 1324 2796 1394 πέρατα
2831 1325 2938 1393 τῆς
2981 1326 3106 1394 γῆς.
3158 1326 3321 1378 Τοῦτο
3349 1328 3447 1399 γὰρ
3471 1331 3633 1399 αἰτήσας

2133 1415 2277 1484 παρὰ
2296 1414 2388 1466 τοῦ
2411 1414 2623 1484 Πατρὸς
2647 1414 2848 1484 εἴληφε
2880 1415 3027 1469 κατὰ
3054 1417 3136 1468 τό·
3151 1416 3385 1484 Αἴτησαι
3405 1421 3520 1486 παρ’
3533 1420 3632 1488 ἐμοῦ

2131 1501 2226 1553 καὶ
2260 1500 2427 1554 δώσω
2440 1518 2539 1554 σοι
2565 1503 2715 1568 ἔθνη
2737 1502 2861 1568 τὴν
2886 1505 3295 1572 κληρονομίαν
3311 1521 3435 1568 σου,
3465 1509 3542 1560 καὶ
3558 1509 3633 1574 τὴν

2132 1590 2497 1658 κατάσχεσίν
2525 1607 2644 1644 σου
2673 1591 2749 1643 τὰ
2779 1590 3017 1658 πέρατα
3041 1591 3150 1659 τῆς
3174 1593 3300 1663 γῆς.
3320 1597 3375 1648 Et
3393 1597 3444 1649 δὲ
3469 1598 3543 1649 καί
3552 1615 3631 1650 τινα

2131 1675 2198 1748 ἦν
2227 1680 2329 1748 ὕψη
2361 1680 2548 1749 ὀρέων,
2580 1681 2704 1749 ἦτοι
2731 1680 2806 1733 τὰ
2835 1681 2994 1752 παρὰ
3021 1685 3087 1751 τῇ
3129 1682 3247 1752 θείᾳ
3273 1685 3443 1755 Γραφῇ
3469 1703 3628 1757 τετιμη-

499 1760 736 1823 Choreb,
766 1760 995 1826 Thabor,
1026 1778 1176 1817 mons
1212 1764 1358 1826 Sion,
1390 1782 1542 1820 mons
1579 1767 1869 1832 Olivarum,
1904 1779 1958 1823 et
1989 1772 2029 1826 si

2137 1742 2290 1835 μένα,
2317 1742 2480 1829 τὺ
2507 1742 2686 1832 mat,
2731 1770 2831 1821 καὶ
2851 1742 3165 1841 τέχωρἦσ,
3197 1742 3255 1824 τὶ
3279 1742 3334 1824 τὲ
3362 1742 3541 1845 diem,
3560 1742 3628 1828 ’κέὶ

502 1850 624 1916 quis
676 1851 813 1904 alius
847 1852 1120 1918 similiter;
1154 1855 1264 1908 sive
1297 1856 1453 1908 etiam
1483 1857 1550 1910 iis
1579 1859 1835 1911 contrarii
1863 1869 1916 1914 et
1940 1875 2034 1930 op-

505 1939 662 2003 positi
706 1949 932 2001 montes,
963 1941 1052 2008 qui
1094 1955 1123 1991 a
1154 1941 1483 1996 daemonibus
1528 1944 1654 2002 olim
1697 1948 2032 2014 occupaban-

499 2025 610 2090 'tur,
645 2027 730 2080 libi
760 2037 943 2096 gentes
990 2030 1237 2098 malignis
1270 2031 1602 2086 daemonibus
1622 2035 1777 2102 quasi
1805 2037 1907 2089 diis
1936 2037 2034 2089 im-

506 2116 805 2180 molabant;
857 2118 948 2171 sed
1009 2119 1106 2173 hos
1155 2135 1338 2174 onmes
1386 2120 1593 2175 Domini
1635 2132 1689 2176 et
1742 2123 2033 2182 Salvatoris

504 2204 674 2256 nostri
707 2220 826 2259 esse
861 2206 1111 2260 docemur
1146 2227 1158 2263 :
1202 2211 1314 2277 ipse
1343 2225 1570 2278 namque
1623 2228 1804 2266 eorum
1857 2216 2033 2283 opifex

504 2301 638 2345 erat.
668 2293 804 2346 Num
833 2295 966 2349 forte
999 2297 1118 2350 ideo
1149 2298 1201 2349 in
1233 2315 1390 2352 manu
1416 2303 1532 2368 ejus
1559 2311 1684 2355 sunt
1709 2305 2029 2370 tiuesterraa,

503 2381 630 2449 quia
681 2385 783 2436 sub
832 2401 988 2438 manu
1024 2385 1140 2453 ejus
1185 2396 1394 2442 terrena
1427 2391 1831 2458 dispensantur;
1868 2397 2032 2450 coale-

505 2472 606 2523 stia
640 2489 785 2537 vero,
817 2490 934 2541 qua:
976 2477 1176 2544 tropice
1209 2479 1516 2533 altitudines
1544 2483 1803 2536 montium
1837 2501 2033 2539 voean-

505 2570 612 2624 tur,
659 2565 785 2630 quid
830 2566 1174 2632 praestantius
1226 2571 1452 2623 terrenis
1498 2571 1725 2637 habent;
1760 2578 1884 2643 quia
1915 2578 2031 2645 ejus

503 2652 659 2720 quasi
716 2657 984 2720 possessio
1040 2667 1185 2719 sunt,
1233 2665 1286 2710 et
1352 2661 1678 2716 domicilium
1736 2666 1904 2732 regni.
1963 2697 2032 2707 --

504 2735 664 2791 Vsas.
696 2740 746 2793 5.
775 2740 1030 2804 Quoniam
1061 2743 1221 2809 ipsius
1247 2754 1322 2796 est
1355 2763 1496 2800 mare
1519 2759 1565 2800 et
1595 2750 1700 2815 ipse
1721 2751 1839 2818 fecit
1877 2753 2027 2820 illud,

502 2838 550 2880 et
583 2827 785 2880 aridam
817 2830 1155 2896 fundaverant
1202 2850 1384 2888 manus
1411 2836 1542 2898 eius.
1580 2837 1654 2892 Ne
1687 2841 1918 2907 mireris,
1950 2846 2030 2896 in-

503 2915 639 2985 quit,
671 2919 716 2970 si
762 2918 892 2973 ﬁnes
947 2929 1100 2974 terrae
1146 2923 1318 2990 ipsius
1371 2935 1515 2987 sunt,
1549 2935 1601 2980 et
1641 2929 1687 2981 si
1723 2930 2030 2989 altitudines

504 3007 764 3058 montium
799 3009 862 3060 ad
901 3009 1072 3077 ipsum
1109 3013 1393 3078 pertinent.
1430 3013 1540 3068 Iino
1576 3033 1699 3071 vero
1732 3019 1876 3074 disce
1908 3025 2029 3075 uni-

502 3107 714 3145 versum
745 3095 975 3150 humida:
996 3099 1306 3154 substantiae
1328 3103 1667 3168 elementum,
1684 3107 1736 3160 in
1763 3123 1869 3176 quo
1889 3118 2030 3164 terra

505 3180 765 3247 ﬁrmatur,
816 3187 932 3253 ejus
965 3187 1230 3254 opiﬁcium
1285 3206 1404 3246 esse
1436 3211 1448 3245 :
1481 3209 1652 3262 neque
1691 3199 1860 3250 solum
1907 3216 2030 3268 pos-

504 3273 694 3336 sessio,
741 3275 833 3328 sed
883 3276 1042 3329 etiam
1083 3279 1351 3346 opiﬁcium
1385 3281 1500 3350 ejus
1542 3292 1641 3338 est.
1675 3285 1816 3340 Mare
1846 3288 2028 3356 igitur,

504 3377 610 3430 quo
643 3371 808 3415 totum
843 3364 1070 3418 humidae
1112 3368 1424 3424 substantia:
1473 3372 1787 3426 elementum
1829 3376 2032 3444 signiﬁ-

505 3459 674 3516 catur,
696 3454 806 3522 ipse
830 3455 980 3521 fecit;
1011 3457 1214 3509 aridam
1249 3475 1374 3512 vero
1399 3476 1585 3515 manus
1609 3466 1774 3532 ipsius
1796 3466 2032 3520 eﬁ‘orma-

503 3549 630 3593 runt
659 3561 670 3594 :
700 3543 816 3595 ideo
863 3544 1086 3600 fortasse
1115 3549 1240 3616 quia
1279 3549 1480 3603 dictum
1522 3560 1604 3604 est
1629 3571 1642 3604 :
1669 3556 1872 3622 Accepit
1893 3556 2030 3610 Deus

504 3629 759 3696 pulverem
788 3631 849 3684 de
886 3641 1042 3697 terra,
1074 3645 1121 3688 et
1151 3637 1436 3702 e/I‘ormavit
1455 3641 1793 3710 hominem“;
1823 3661 1884 3698 ac
1912 3662 2031 3699 rur-

504 3731 623 3769 sum
655 3735 666 3768 :
688 3716 954 3772 Formavit
988 3721 1093 3774 Deo
1119 3722 1180 3776 de
1203 3735 1340 3777 terra
1373 3744 1545 3782 omnes
1568 3730 1703 3797 feras
1720 3733 1784 3786 ".
1810 3732 2029 3788 Videtur

503 3818 665 3871 porro
694 3813 846 3860 terra:
895 3810 1232 3876 elementum,
1279 3816 1421 3883 quod
1469 3820 1786 3886 sphaaricum
1837 3831 1917 3877 est
1971 3834 2029 3878 ut

504 3895 674 3959 aiunt,
709 3899 822 3951 sive
861 3902 1088 3967 quadam
1118 3903 1220 3956 alia
1250 3907 1456 3961 ratione
1486 3910 1838 3977 ell‘ormatum,
1866 3917 2028 3971 verbo

505 3982 594 4034 Dei
626 3985 781 4038 talem
813 3989 1084 4058 accepisse
1112 3991 1500 4050 formationem.
1542 3997 1896 4061 Quamobrem
1935 4020 2027 4056 ac-

502 4075 684 4119 curate
730 4076 782 4121 et
830 4073 1120 4125 secundum
1181 4075 1448 4144 physicam
1518 4083 1776 4136 rationem
1825 4086 2026 4141 dictum

501 4154 628 4209 illud
657 4167 736 4211 est
771 4177 783 4213 :
817 4158 884 4210 Et
907 4162 1107 4214 aridam
1140 4163 1486 4231 formaverunt
1520 4187 1698 4225 manus
1723 4173 1853 4240 ejus.

567 4421 727 4476 Vens.
751 4424 802 4478 6.
844 4424 1034 4492 Venite,
1055 4428 1324 4483 adoremus
1357 4441 1405 4485 et
1433 4435 1756 4498 procidamus
1777 4450 1822 4490 et
1855 4442 2023 4506 plore-

497 4529 610 4566 mus
637 4530 809 4568 coram
847 4516 1064 4570 Domino
1096 4522 1183 4588 qui
1205 4523 1331 4589 fecit.
1361 4541 1471 4580 nos.
1499 4527 1631 4579 Cum
1662 4528 1892 4583 divinam
1922 4532 2025 4586 Do-

497 4603 629 4656 mini
659 4604 904 4658 virtutem
935 4622 997 4659 ex
1029 4613 1340 4676 praecedenti
1371 4613 1609 4668 doctrina
1647 4632 1821 4670 sermo
1848 4621 2024 4674 decla-

498 4703 686 4756 rasset,
730 4709 792 4748 ac
821 4699 1064 4764 superius
1094 4699 1336 4766 dixisset,
1387 4703 1804 4772 Prazoccupemus
1836 4709 2022 4775 faciem

494 4783 604 4846 eius
629 4785 680 4837 in
701 4787 1046 4854 confessione:
1067 4790 1175 4858 jam
1200 4796 1506 4848 necessario
1526 4797 1878 4851 confessionis
1908 4815 2021 4854 mo-

496 4872 621 4925 dum
653 4876 840 4942 aperit.
899 4877 1247 4936 Adhortantis
1305 4893 1482 4939 autem
1547 4901 1693 4940 more
1757 4888 2019 4955 psalmum

496 4964 651 5030 plane
679 4981 924 5030 exorsus,
955 4983 1062 5023 non
1110 4973 1506 5031 atristioribus
1533 4978 1712 5047 cmpit,
1749 4979 1839 5032 sed
1872 4996 1900 5032 a
1933 4982 2020 5034 lae-

494 5053 720 5108 tioribus
751 5073 765 5107 :
797 5073 861 5110 ne
884 5058 919 5110 ii
947 5059 1035 5127 qui
1059 5063 1434 5130 evocabantur,
1466 5067 1588 5120 illud
1616 5068 1941 5135 procidumus
1967 5077 2020 5123 et

496 5138 748 5202 ploremus
773 5155 1166 5210 aversarentur,
1193 5150 1237 5202 si
1265 5153 1442 5206 statim
1466 5155 1534 5206 ab
1557 5155 1704 5208 initio
1725 5154 2016 5211 audissent.

497 5223 610 5280 Nisi
645 5227 871 5286 fortasse
916 5233 1000 5288 his
1047 5239 1224 5294 verbis
1273 5241 1408 5296 duos
1465 5244 1680 5298 ordines
1725 5246 2018 5312 signiﬁcet;

503 5327 661 5368 unum
686 5321 973 5385 meliorem,
993 5340 1148 5392 quem
1183 5331 1354 5395 primo
1381 5333 1446 5385 ad
1478 5334 1683 5387 laudem
1714 5343 1767 5386 et
1791 5335 2022 5387 exsulta-

503 5399 693 5454 tionem
743 5411 1030 5477 evocabat;
1087 5415 1310 5472 altcrum
1348 5437 1470 5475 vero
1501 5424 1698 5478 medela
1731 5431 1969 5490 egentem
2005 5443 2035 5478 :.-

2129 1856 2189 1908 τὸ
2218 1857 2338 1926 ὅρος
2360 1855 2516 1918 Σιὼν,
2553 1859 2649 1909 καὶ
2678 1857 2743 1909 τὸ
2771 1858 2902 1927 ὅρος
2923 1860 3036 1913 τῶν
3062 1860 3406 1924 Ἐλαιῶν,καὶ
3436 1864 3528 1915 εἴτι
3544 1864 3628 1915 ἄλλο

2130 1946 2332 2008 τούτοις
2365 1948 2750 2018 παραπλήσιον
2772 1966 2787 1978 ·
2823 1941 3090 2019 ἢ’καὶ-τὰ
3125 1951 3325 2016 τούτοις
3366 1953 3626 2017 ὲναντίαηὰ

2130 2033 2192 2103 δὴ
2227 2035 2329 2086 ὑπὸ
2357 2035 2626 2104 δαιμόνων
2657 2037 2837 2090 πάλαι
2864 2039 3238 2109 κρατούμενα,
3277 2045 3330 2094 ἐν
3372 2037 3442 2104 οἷς
3478 2042 3625 2094 teach-

2131 2122 2220 2187 ζον
2251 2124 2324 2187 ὡς
2365 2126 2503 2188 θεοῖς
2544 2130 2660 2190 τοῖς
2704 2133 2976 2200 πονηροῖς
3021 2130 3236 2201 δαίμοσι
3271 2131 3335 2185 τὰ
3372 2131 3508 2202 ἔθνη·
3535 2133 3622 2184 ἀλλὰ

2129 2217 2221 2267 καὶ
2242 2216 2410 2268 ταῦτα
2439 2218 2614 2270 πάντα
2637 2211 3012 2290 δεδιδάγμεθα
3035 2225 3122 2274 ὅτι
3140 2223 3232 2276 τοῦ
3260 2223 3442 2293 Κυρίου
3467 2225 3539 2276 καί
3557 2226 3623 2275 Σωο

2127 2304 2286 2374 τῆρος
2314 2307 2468 2374 ἡμῶν
2506 2307 2615 2360 ἴδια
2649 2310 2919 2379 τυγχάνει
2941 2327 2956 2340 ο
2992 2312 3158 2375 αὐτὸς
3187 2312 3290 2384 γὰρ
3317 2310 3378 2384 ἦν
3402 2317 3427 2367 ὁ
3462 2313 3621 2382 ποιητὴς

2127 2392 2320 2445 αὐτῶν.
2356 2395 2579 2462 Μήποτε
2601 2397 2664 2448 δὲ
2700 2399 2761 2451 ἐν
2792 2399 2892 2467 μὲν
2921 2403 2990 2470 τῇ
3023 2402 3165 2471 χειρὶ
3204 2403 3358 2454 αὖτοῦ
3384 2404 3443 2456 τὰ
3467 2405 3614 2473 πέρατά

2127 2483 2231 2532 εἰσι
2254 2482 2351 2550 τῆς
2382 2483 2504 2552 γῆς,
2534 2484 2622 2538 διὰ
2650 2487 2714 2538 τὸ
2744 2489 2854 2540 ὑπὸ
2881 2490 2984 2559 τὴν
3017 2489 3182 2543 αὐτοῦ
3211 2495 3357 2562 χεῖρα
3389 2493 3617 2546 διοικεῖσθπ

2128 2573 2195 2625 τὰ
2223 2574 2492 2642 περίγεια,
2527 2575 2594 2628 τὰ
2628 2577 2693 2631 δὲ
2725 2580 3065 2649 ἐπουράνια,
3111 2584 3374 2654 τροπικῶς
3398 2585 3484 2654 ὕψη
3506 2585 3619 2652 ὀρέων

2128 2660 2517 2731 ὀνομαζόμενα,
2548 2667 2808 2736 κρεῖττόν
2840 2685 2900 2720 τι
2932 2669 3047 2738 ἔχει
3070 2671 3178 2724 τῶν
3206 2672 3298 2723 ἐπὶ
3320 2672 3439 2742 γῆςς
3462 2671 3617 2739 ἐπειδὴ·
3712 2723 3713 2734 η

2128 2763 2232 2816 περ
2268 2749 2429 2800 αὑτοῦ
2466 2753 2615 2803 ἐστιν
2658 2747 2773 2807 οἷόν
2805 2772 2860 2808 τι
2903 2759 3094 2826 κτῆμα
3133 2760 3223 2811 καὶ
3268 2761 3526 2830 οἰκητήριον
3552 2759 3617 2826 τῆς
3711 2773 3713 2788 ε

2131 2836 2429 2905 βασιλείας·
2460 2841 2589 2893 Ὅτι
2619 2843 2814 2896 αὑτοῦ
2833 2845 3010 2898 ἐστον
3038 2854 3077 2915 η
3096 2846 3366 2902 θάλασσα
3392 2848 3473 2901 καὶ
3494 2846 3617 2908 αὐτὸς

2126 2925 2410 2993 ἐποίησεν
2435 2929 2665 2997 αὐτὴν,
2709 2932 2812 2985 καὶ
2845 2934 2964 3002 τὴν
2998 2936 3187 3003 ξηρὰν
3215 2941 3272 2991 al
3303 2938 3466 3005 zer'psc
3489 2934 3614 2988 αὐτοῦ
3712 2951 3713 2964 π

2128 3015 2422 3071 ἔπλασαν.
2449 3019 2538 3088 Μὴ
2563 3019 2887 3094 θαυμάσῃς,
2938 3027 3126 3095 φησιν,
3172 3029 3218 3079 εξ
3265 3027 3330 3078 τὰ
3365 3027 3533 3095 πέρατα
3551 3022 3616 3089 τῆς
3710 3041 3713 3092 1

2128 3104 2229 3172 γῆς
2256 3104 2416 3156 αὐτοῦ
2443 3109 2710 3176 τυγχάνει
2735 3126 2749 3140 ·
2802 3112 2901 3163 καὶ
2944 3115 2993 3165 εί
3023 3114 3093 3167 τὰ
3136 3114 3241 3184 ὕψη
3273 3116 3370 3168 τῶν
3399 3114 3528 3183 ὀρέων
3552 3111 3614 3163 αὗ-

2129 3189 2220 3242 τοῦ
2249 3192 2411 3244 ἐστιν.
2454 3193 2619 3245 Ἀλλὰ
2656 3196 2769 3266 γὰρ
2802 3199 3066 3267 μάνθανε,
3096 3203 3183 3254 ὅτι
3215 3204 3300 3254 καὶ
3329 3202 3382 3254 τὸ
3414 3203 3497 3252 πᾶν
3521 3215 3613 3251 στοι-

2129 3281 2269 3346 χεῖον
2301 3280 2399 3348 τῆς
2439 3282 2617 3352 ὑγρᾶς
2653 3285 2868 3350 οὐσίας,
2909 3289 2996 3356 ἐφ’
3020 3284 3064 3357 ᾧ
3092 3291 3395 3361 ὲστερέωται
3419 3289 3532 3358 ήγῆ,
3551 3286 3611 3337 αὖ·

2127 3368 2218 3420 τοῦ
2252 3367 2408 3439 ἔργον
2447 3372 2692 3442 ὑπάρχει
2715 3388 2728 3406 ·
2761 3377 2823 3428 οὐ
2860 3379 3020 3447 μόνον
3069 3382 3249 3449 κτῆμα
3295 3380 3376 3443 ὃν,
3413 3378 3517 3432 ἀλλὰ
3551 3377 3610 3427 καὶ

2128 3457 2334 3526 ποίημα
2369 3459 2553 3513 αὖτοῧο
2604 3463 2721 3534 Τὴν
2760 3466 2859 3534 μὲν
2887 3464 2982 3520 οὖν
3010 3467 3295 3534 θάλασσαν,
3320 3470 3378 3521 δι’
3402 3465 3458 3538 ἧς
3475 3467 3521 3518 τὸ
3541 3466 3610 3516 πᾶν

2130 3550 2384 3614 στοιχεῖον
2403 3549 2502 3617 τῆς
2527 3551 2713 3622 ὑγρᾶς
2742 3554 2932 3618 οὐσίας
2959 3556 3229 3628 δηλοῦται,
3268 3559 3408 3620 αὐτὸς
3430 3555 3608 3624 ὲποίησεσ

2126 3635 2222 3702 τὴν
2254 3636 2310 3687 δὲ
2346 3638 2512 3707 ξηρὰν
2540 3641 2604 3692 αἱ
2637 3646 2828 3714 χεῖρες
2855 3647 3022 3700 αὐτοῦ
3053 3649 3310 3700 ἔπλασανο
3343 3647 3459 3716 τάχα
3486 3643 3549 3695 διὰ
3571 3638 3610 3692 τδ

2126 3724 2406 3792 λέγεσθαι·
2441 3729 2716 3785 Ἔλαϐεν
2744 3737 2776 3786 ὁ
2813 3736 2961 3802 Θεὸς
2988 3737 3138 3804 χοῦν
3166 3737 3277 3790 ἀπὸ
3307 3735 3401 3802 τῆς
3422 3733 3523 3803 γῆς,
3544 3729 3608 3782 καί

2127 3815 2355 3869 ἔπλασε
2383 3818 2489 3871 τὸν
2532 3821 2868 3890 ἄνθρωπον
2892 3843 2906 3856 ’
2950 3828 3044 3880 καὶ
3086 3829 3268 3882 πάλιν·
3328 3821 3607 3879 Ἔπλασενό

2128 3904 2267 3969 Θεὸς
2299 3906 2412 3958 ἀπὸ
2451 3907 2563 3974 τῆς
2611 3912 2730 3979 γῆς
2779 3914 2977 3969 πάντα
3025 3917 3097 3968 τνὰ
3138 3917 3316 3982 θηρΙα.
3345 3908 3605 3965 Ἕοικεδὲτδ

2123 3993 2221 4061 τῆς
2247 3996 2344 4063 γῆς
2377 4003 2665 4065 στοιχεῖον,
2727 4006 3066 4076 σφαιροειδὲς
3093 4006 3168 4068 ὃν,
3191 4005 3280 4068 ’ὥς
3303 4000 3502 4072 φασιν,ῆ
3541 3997 3602 4049 καὶ

2125 4083 2292 4144 ἄλλως
2326 4085 2464 4136 κατά
2491 4103 2623 4141 τινα
2643 4093 2854 4162 τρόπον
2891 4095 3357 4164 ἐσχηματισμένον,
3384 4091 3495 4158 λόγῳ
3511 4087 3600 4137 Θεω

2126 4175 2218 4226 καὶ
2251 4174 2377 4226 αὐτὸ
2407 4176 2506 4243 τὴν
2533 4182 2984 4240 τοιάνδε.πλάσιν
3014 4185 3293 4254 εἰληφέναι.
3325 4181 3402 4234 Διὸ
3427 4173 3599 4248 ἀκριθῶς

2124 4266 2214 4317 καὶ
2251 4265 2388 4316 κατὰ
2420 4272 2659 4334 φυσικὸν
2688 4274 2848 4343 λόγον
2881 4278 3090 4347 εἴρηται
3119 4276 3195 4328 τό·
3233 4274 3331 4328 Καὶ
3353 4273 3448 4340 τὴν
3466 4267 3598 4334 ξηρὰν

2059 4360 2100 4414 ι)
2127 4356 2186 4406 αι
2208 4352 2399 4420 χεῖρες
2429 4357 2963 4418 αὐτοῦ’ἐπλασαν.

2194 4443 2367 4496 Δεῦτε
2398 4451 2963 4522 προσκυνήσωμεν,
3004 4457 3098 4508 καὶ
3139 4455 3511 4522 προσπέσωμεν
3531 4442 3596 4495 καὶ

2127 4534 2480 4601 κλαύσωμεν
2544 4540 2836 4597 ἐναντίον
2889 4549 3110 4613 Κιιρόυ
3169 4545 3266 4598 τοῦ
3319 4540 3596 4604 ποιήσαντο(

2125 4618 2292 4686 ἡμᾶς.
2332 4621 2440 4691 Τὴν
2465 4623 2654 4681 ἔνθεον
2677 4632 2774 4683 τοῦ
2810 4634 3012 4704 Κυρίου
3035 4633 3245 4701 δύναμιν
3273 4630 3348 4684 διὰ
3365 4630 3444 4698 τῆς
3465 4636 3582 4692 προτί

2125 4708 2306 4778 θείσης
2335 4711 2694 4782 διδασκαλίας
2724 4727 3069 4794 παραιτήσας
3091 4725 3118 4774 ο
3149 4723 3306 4789 λόγος,
3334 4715 3535 4783 ἀνωτέρω
3553 4724 3590 4760 τί

2124 4797 2309 4864 εἰπὼν,
2337 4804 2797 4878 Προφθάσωμεν
2822 4813 2890 4865 τὸ
2921 4815 3228 4880 πρόσωπον
3245 4807 3405 4862 αὑτοῦ
3431 4806 3486 4856 ἐν
3503 4801 3590 4860 ἐξο-

2117 4891 2392 4958 μολογῆσ
2394 4911 2466 4957 ει,
2497 4897 2596 4951 νῦν
2623 4903 2940 4971 ἀναγκαίως
2971 4905 3210 4970 διασαφεί
3241 4901 3321 4952 τὸν
3353 4897 3508 4967 τρόπον
3523 4903 3588 4955 της

2121 4977 2586 5052 ἐξομολογήσεως.
2644 4992 2798 5044 Πάνυ
2841 4994 2898 5045 δὲ
2941 4989 3324 5061 προτρεπτικῶς
3366 4983 3588 5055 ἀρχόμενα

2121 5066 2215 5118 τοῦ
2259 5067 2503 5140 ψαλμοῦ,
2538 5079 2642 5131 οὐκ
2679 5081 2928 5134 ἐντεῦθεν
2955 5083 3058 5135 ἀπὸ
3097 5079 3196 5131 τῶν
3222 5069 3585 5146 σκυθρωποτέρων

2123 5156 2322 5226 ἤρξατο
2339 5199 2352 5220 ν
2386 5164 2502 5216 ἀλλ’
2528 5168 2642 5220 ἀπὸ
2682 5169 2794 5222 τῶν
2819 5170 3192 5239 φαιδροτέρων,
3234 5167 3300 5228 ὡς
3325 5165 3380 5217 ἂν

2122 5253 2376 5318 τραπείεν
2396 5257 2448 5306 οἱ
2483 5257 2810 5327 καλούμενοι
2837 5259 2916 5320 τὸ,
2943 5256 3342 5324 προσπέσωιιεν
3365 5250 3438 5303 καὶ
3456 5249 3580 5340 “‘uf‘

2124 5351 2341 5405 σωμεν,
2377 5345 2539 5408 εὐθὺς
2580 5349 2640 5399 ὲν
2665 5349 2860 5419 ἀρχαῖς
2893 5348 3204 5409 ἀκούσαντες
3223 5361 3235 5375 ο
3265 5346 3306 5394 εἰ
3330 5341 3390 5409 μὴ
3414 5338 3495 5404 ἄρα
3516 5331 3579 5419 δνῗ

2124 5426 2378 5497 τάγματα
2425 5433 2514 5486 διὰ
2560 5436 2768 5491 τούτων
2817 5439 2990 5509 δηλοίο
3034 5437 3089 5490 ἓν
3129 5436 3218 5506 μὲν
3244 5432 3294 5485 τὸ
3319 5412 3577 5496 κρεῖττθννδ

573 5566 615 5596 ⁸³
654 5567 770 5627 Psal
825 5591 1092 5648 Lxxxvm,
1129 5587 1173 5640 7.
1251 5591 1292 5620 ⁶³
1330 5591 1466 5649 Psal.
1508 5613 1573 5663 ιι,
1603 5597 1650 5652 8.
1728 5596 1768 5626 ⁵⁸
1807 5595 1934 5652 Gen.
1979 5613 2012 5650 ιι

2127 5641 2135 5664 ,
2215 5601 2256 5633 ’⁵
2299 5603 2440 5662 Gen.
2478 5627 2522 5674 ε,
2559 5610 2652 5668 25.
