3848 6414
205 360 368 414 1213

201 556 343 610 λα’
408 561 649 631 δεύτερον
694 564 747 615 δὲ
792 565 850 617 τὸ
898 566 1138 634 δεόμενον
1193 561 1519 634 θεραπείας’
1571 564 1636 616 δι’
1689 565 1757 628 δι

199 648 411 701 Δεῦτε
440 652 934 721 ἀγαλλιασώμεθα,
958 657 1012 707 ἐν
1038 659 1145 717 τοῖς
1172 653 1398 724 πρώτοις
1415 654 1639 723 εἴρηται·
1665 652 1759 706 εἷθ’

198 735 359 803 ἑξῆς
402 739 538 807 μετὰ
581 742 648 793 τὰ
680 742 1095 813 τεθεολογημένα
1135 744 1260 813 περὶ
1302 742 1393 794 τοῦ
1428 743 1628 811 Κυρίου
1669 744 1761 796 καὶ

200 826 373 891 μετὰ
398 828 497 896 τὴν
522 830 628 883 τῶν
660 832 932 902 προτέρων
970 833 1152 901 κλῆσιν
1204 834 1293 884 ἐπὶ
1329 834 1452 894 τοὺς
1487 833 1762 902 δευτέρους

201 915 569 979 μεταϐαίνει,
612 919 702 969 καὶ
740 918 953 993 τούτους
993 920 1250 973 διδάσκων
1291 920 1406 970 ἀντὶ
1448 918 1632 980 ὓδατος
1670 918 1762 969 καὶ

196 1014 282 1050 πε
294 1003 721 1072 ριρραντηρίων,
753 1005 1006 1074 κλαυθμῷ
1026 1008 1115 1058 καὶ
1141 1005 1506 1075 ἐξομολογήσει
1546 1006 1633 1057 ἐπὶ
1653 1007 1763 1065 τοῖς

196 1088 469 1156 πρώτοις
496 1092 667 1143 αὐτῶν
714 1094 1060 1162 ἁμαρτήμασι
1094 1095 1407 1163 χρήσασθαι.
1442 1096 1761 1164 Προτρεπτι-

195 1173 339 1235 κῶς
359 1175 421 1227 δὲ
442 1178 521 1241 τὸ,
548 1179 891 1246 κλαύσωμεν
909 1180 1177 1231 ἐναντίον
1195 1184 1245 1231 Κ
1250 1182 1431 1246 ιφίου,
1458 1179 1760 1246 ἐπαγαγὼν,

197 1262 334 1314 τοῦ
375 1264 739 1329 ποιήσαντος
765 1265 936 1333 ἡμᾶς,
966 1266 1167 1333 ἀγαθὰς
1196 1266 1496 1335 ὑπέγραψεν
1524 1266 1759 1329 ἐλπίδας,

194 1348 477 1415 διδάξας,
523 1355 601 1405 ὅτι
637 1354 708 1424 μὴ
753 1356 1011 1425 ἀλλότριοι
1043 1356 1203 1424 ἐσμεν
1248 1356 1442 1420 αὐτοῦ,
1473 1355 1582 1407 ἀλλ’
1609 1355 1762 1424 ἔργον

197 1438 399 1490 αὑτοῦ
436 1442 528 1493 καὶ
557 1443 757 1511 ποίημα
781 1442 969 1493 αὑτοῦ·
995 1443 1060 1494 δι’
1097 1442 1124 1493 ὃ
1152 1444 1407 1511 προσήκει
1444 1442 1509 1493 τὰ
1538 1442 1762 1510 χρηστό-

196 1542 362 1595 τερα
395 1528 708 1598 προσδοκᾷν,
738 1528 829 1580 ἆτε
878 1528 938 1597 δὴ
971 1529 1257 1597 κηδομένου
1306 1528 1462 1581 αὑτοῦ
1509 1528 1599 1580 τοῦ
1636 1529 1762 1580 ἰδίου

199 1619 559 1687 ποιήματος.
584 1622 699 1671 Ἔτι
716 1619 847 1687 πρὸς
870 1618 1070 1681 τούτοις
1096 1620 1181 1671 διὰ
1198 1620 1311 1684 τοῦ,
1335 1619 1765 1686 Προσπέσωμεν

198 1706 324 1758 καὶ
358 1709 715 1775 κλαύσωμεν
744 1708 991 1762 ἐνώπιον
1040 1711 1277 1775 Κυρίου.
1306 1709 1536 1761 διδάσκει
1572 1709 1644 1778 μὴ
1683 1710 1764 1760 ὲν-

1316 355 1799 417 COMMENTARIA
1842 362 1908 416 IN
1946 358 2274 416 PSALMOS.

201 472 650 541 προηγουμένως
677 473 767 525 ἐπὶ
794 474 881 526 τὸν
909 471 1047 528 αἶνον
1068 477 1161 529 καὶ
1191 472 1286 543 τὴν
1310 472 1621 539 ἀγαλλιασιν
1659 492 1755 528 κα·
1781 480 1822 536 Α
1852 475 2220 543 quamobrem,

3254 362 3383 414 HM

2310 468 2483 523 Venite
2540 471 2872 533 exsultemus,
2928 472 2981 525 in
3032 470 3256 525 exordio
3314 470 3386 522 di-

1857 570 2000 613 ctum
2049 560 2146 624 sit;
2196 554 2389 609 deinde
2425 570 2549 609 vero
2593 564 2801 624 postea
2841 572 2959 623 qua:
2989 558 3130 609 circa
3184 556 3385 608 Domini

1856 647 2105 702 deitatem
2160 648 2301 699 dicta
2355 653 2498 706 sunt,
2564 655 2615 698 et
2674 654 2791 713 post
2842 645 3075 713 priorum
3147 644 3388 697 vocalia-

1857 738 2080 800 tionem,
2116 737 2178 790 ad
2205 736 2472 790 secundos
2501 743 2758 795 transeat,
2790 734 2987 787 docens
3007 750 3098 787 eos
3129 749 3223 803 pro
3255 748 3390 799 aqua

1857 834 1910 880 et
1951 827 2241 887 ablutione,
2288 824 2537 894 lacrymis
2565 834 2615 877 et
2655 824 2994 877 confessione
3050 823 3114 875 ad
3167 822 3389 890 pristina

1858 925 2076 985 peccata
2109 915 2367 983 expianda
2407 914 2657 966 utendum
2692 928 2830 966 esse.
2872 912 3003 964 Cum
3036 918 3209 963 autem
3262 910 3389 961 hor-

1859 1005 2022 1057 tantis
2074 1018 2217 1055 more
2269 1001 2342 1052 illi
2382 1000 2544 1060 dicto,
2607 999 2861 1065 ploremus
2906 1013 3084 1049 coram
3144 996 3387 1056 Domino,

1860 1091 2143 1151 addiderit,
2170 1091 2256 1157 qui
2284 1089 2401 1155 fecit
2437 1105 2549 1153 nos,
2592 1089 2787 1140 honam
2818 1101 2963 1154 spem
2994 1086 3261 1153 ascripsit,
3291 1084 3388 1136 do-

1860 1193 1989 1233 cens
2015 1192 2111 1231 nos
2147 1192 2252 1229 non
2276 1177 2479 1228 alienos
2504 1176 2602 1243 ipsi
2627 1191 2765 1235 esse,
2796 1176 2886 1227 sed
2918 1188 3051 1241 opus
3089 1181 3142 1225 et
3174 1180 3387 1225 creatu-

1860 1280 1972 1317 ram
1995 1265 2110 1330 ejus
2133 1282 2144 1316 :
2165 1264 2504 1331 quamobrem
2526 1264 2845 1331 jucundiora
2868 1260 3221 1329 exspectanda
3245 1268 3388 1322 sunt;

1860 1368 1979 1405 cum
2021 1355 2133 1419 ipse
2177 1367 2333 1404 suum
2368 1359 2520 1405 curet
2563 1350 2851 1418 opificium.
2885 1348 2963 1400 Ad
2995 1349 3106 1400 haec
3132 1362 3275 1409 vero,
3310 1347 3391 1399 his

1859 1441 2071 1503 verbis,
2117 1440 2454 1493 Procidamus
2506 1448 2553 1492 et
2599 1440 2855 1507 ploremus
2916 1454 3090 1491 coram
3149 1436 3391 1501 Domino,

1860 1532 2012 1583 docet
2048 1546 2152 1582 non
2187 1530 2238 1582 in
2281 1539 2566 1597 conspectu
2630 1529 2923 1591 hominum,
2956 1542 3059 1579 non
3118 1527 3391 1580 hominum

1862 1617 2030 1685 gratia
2069 1616 2119 1667 id
2159 1618 2417 1684 agendum
2456 1632 2607 1680 esse;
2633 1616 2723 1671 sed
2760 1617 2813 1669 in
2839 1616 3171 1678 abscondito,
3203 1631 3393 1669 securr

1861 1706 2090 1758 eundum
2123 1706 2271 1765 illud,
2312 1706 2467 1758 Pater
2499 1716 2635 1769 tuus,
2673 1705 2759 1774 qui
2800 1705 2936 1757 videt
2977 1705 3029 1755 in
3074 1702 3391 1764 abscondito,

200 1795 403 1847 ὠπιον
443 1796 735 1866 ἀνθρώπων
780 1799 907 1867 μηδὲ
943 1799 1008 1851 δι’
1035 1798 1344 1869 ἀνθρώπους
1381 1798 1533 1850 τοῦτο
1575 1800 1759 1861 ποιεῖν,

1865 1795 2031 1849 reddet
2051 1796 2214 1849 tibi“.
2236 1794 2493 1850 Omnibus
2511 1798 2685 1864 itaque
2698 1796 2984 1863 generatim
3005 1795 3113 1847 haac
3137 1803 3398 1862 prmcepta

206 1884 347 1937 ἀλλ’
381 1884 443 1934 ἐν
479 1883 553 1952 τῷ
584 1884 805 1953 κρυπτῷ
833 1886 969 1937 κατὰ
1006 1886 1081 1949 τὸ,
1118 1886 1170 1936 '0
1191 1885 1385 1951 Πατήρ
1411 1900 1523 1937 σου
1562 1888 1593 1937 ὀ
1620 1884 1761 1947 ,3.ιέ-

206 1988 358 2023 πων
387 1971 461 2023 ἐν
484 1970 561 2035 τῷ
590 1971 821 2037 κρυπτῷ
841 1972 1126 2025 ἀποδώσει
1141 1988 1254 2026 σοι.
1278 1971 1511 2024 Καθόλου
1553 1971 1646 2040 μὲν
1674 1969 1762 2022 οὖν

208 2060 440 2112 ἅπασιν
472 2057 695 2128 ἁρμόζει
728 2060 793 2113 τὰ
838 2062 1285 2130 παρηγγελμένα·
1335 2061 1531 2131 κυρίως
1570 2060 1625 2111 δὲ
1674 2060 1764 2112 καὶ

207 2150 658 2220 προηγουμένως
690 2152 716 2202 6
738 2148 901 2217 Λόγος
930 2150 1017 2204 τὸν
1052 2151 1309 2202 Ἰουδαίων
1336 2151 1459 2203 λαὸν
1492 2152 1580 2202 ἐπὶ
1607 2167 1765 2219 μετα-

208 2239 344 2308 νοίᾳ
365 2232 446 2289 ὧν
479 2237 775 2307 ἐτόλμησαν
818 2240 1135 2307 παρακαλεῖ,
1169 2239 1293 2290 Ὀτι
1321 2239 1500 2302 αὑτός
1532 2239 1695 2289 ἐστιν
1733 2241 1764 2291 ό

211 2325 378 2389 Θεὸς
420 2323 604 2391 ἡμῶν,
656 2324 750 2375 καὶ
794 2324 957 2392 ἡμεῖς
1006 2326 1152 2389 λαὸς
1180 2323 1365 2391 νομῆς
1417 2322 1627 2385 αὐτοῦ,
1668 2324 1762 2375 καὶ

210 2413 500 2479 πρόϐατα
526 2412 714 2479 χειρὸς
732 2412 930 2465 αὐτοῦ.
950 2412 1022 2465 Οὐ
1056 2413 1209 2481 μόνον
1238 2412 1431 2482 Κύριος
1452 2412 1602 2481 ἡμῶν
1622 2414 1764 2465 ἐστιν

209 2502 295 2564 ὡς
327 2500 560 2553 οἰκετῶν
585 2501 859 2569 δεσπότης,
881 2500 997 2552 οὐδὲ
1026 2500 1179 2569 μόνον
1202 2501 1420 2570 ποιητὴς
1463 2502 1535 2563 ώς
1559 2501 1621 2553 ἂν
1651 2500 1763 2552 κτί-

212 2608 361 2661 στης
394 2589 571 2659 ἡμῶν,
600 2589 729 2641 ἀλλὰ
749 2590 839 2641 καὶ
864 2589 987 2652 Θεός
1015 2592 1156 2642 ἐστιν
1185 2590 1355 2660 ἡμῶν,
1378 2591 1468 2644 ἆτε
1488 2591 1543 2642 δὲ
1570 2590 1766 2657 ἀγαθὸς

210 2679 293 2731 ὣν
327 2680 433 2731 καὶ
470 2678 642 2740 ἵλεως.
684 2678 759 2729 Δι’
790 2678 818 2730 ὃ
847 2678 938 2731 καὶ
968 2678 1203 2745 φείσεται
1235 2680 1387 2749 ἡμῶν
1435 2679 1526 2731 καὶ
1558 2679 1764 2747 ἐλεήσει

212 2769 401 2836 ἡμᾶς’
437 2767 518 2817 ὅτι
551 2767 610 2817 οὑ
649 2765 798 2835 μόνον
832 2768 1057 2836 ποίημα,
1108 2766 1241 2818 ἀλλὰ
1286 2768 1376 2819 καὶ
1404 2767 1583 2836 κτῆμα
1605 2766 1763 2819 αὐτοῦ

212 2856 573 2926 τυγχάνομεν
602 2855 777 2916 ὄντες·
809 2855 900 2908 καὶ
939 2857 987 2907 oi
1027 2856 1121 2924 μὲν
1150 2855 1489 2925 λογικώτεροι
1515 2857 1640 2918 λαὸς
1665 2857 1762 2908 αὐ-

212 2947 338 3012 τοῦ,
368 2946 423 2997 oi
457 2944 512 2996 δὲ
538 2944 614 2996 ἔτι
639 2944 840 3007 ἀτελεῖς
863 2946 952 2997 καὶ
976 2945 1290 3016 ἁλογώτεροι
1320 2948 1558 3017 πρόϐατα
1590 2947 1765 3017 χειρὸς

213 3034 421 3089 αὐτοῦ’
438 3033 575 3085 ὥστε
603 3033 695 3086 ἐὰν
726 3034 1229 3104 ὲξομολογησώμεθα
1256 3037 1400 3105 αὐτῷ
1428 3038 1516 3088 καὶ
1541 3054 1765 3107 προσκυο

215 3126 490 3195 νήσωμεν
517 3123 607 3174 καὶ
637 3123 1020 3193 προσπέσωμεν
1064 3126 1155 3177 καὶ
1186 3125 1497 3195 κλαύσωμεν
1533 3128 1765 3180 ἐναντίον
1792 3109 1832 3165 C

215 3210 426 3273 αὑτοῦ,
449 3209 507 3272 ἐξ
525 3209 753 3269 ἅπαντος
779 3209 1146 3278 σωθησόμεθα,
1174 3212 1221 3263 οἱ
1240 3212 1335 3279 μὲν
1349 3212 1422 3274 ώς
1436 3212 1557 3273 λαὸς
1581 3213 1764 3277 αὐτοῦ,

214 3303 269 3355 οι
309 3300 379 3353 δὲ
418 3298 495 3359 ὡς
533 3296 767 3365 πρόϐατα
793 3299 967 3368 χειρὸς
996 3300 1175 3352 αὑτοῦ.
1212 3300 1435 3367 Λέγεται
1455 3302 1580 3368 γοῦν
1612 3302 1768 3365 αὐτὸς

218 3388 373 3444 εἶναι
401 3390 430 3440 6
448 3386 645 3454 ποιμὴν
666 3388 694 3437 6
714 3387 891 3448 καλός·
914 3388 1005 3441 καὶ
1032 3390 1186 3458 ⁴ἡμεῖς
1205 3389 1376 3457 λέγειν
1397 3391 1766 3461 διδασκόμεθαο

220 3481 453 3546 Κύριος
480 3476 769 3543 ποιμαίνει
790 3492 885 3543 με,
920 3476 1016 3528 καὶ
1043 3477 1219 3529 οὐδέν
1231 3495 1306 3546 με
1341 3478 1670 3545 ὑστερήσει.

294 3588 576 3655 Σήμερον
604 3586 709 3639 ἐὰν
750 3584 857 3653 τῆς
895 3586 1094 3655 φωνῆς
1132 3589 1313 3642 αὐτοῦ
1344 3590 1655 3656 ἀκούσητε,
1684 3590 1767 3659 μὴ

220 3675 622 3741 σκληρύνητε
662 3672 765 3736 τὰς
809 3672 1048 3740 καρδίας
1094 3672 1255 3741 ὑμῶν
1295 3673 1363 3725 ἐν
1414 3672 1492 3737 τῷ
1533 3688 1773 3741 παραπι-

223 3761 505 3834 χρησμῷ.
545 3760 721 3823 Ἀπαξ
750 3761 886 3822 τότε,
912 3761 1090 3831 φησὶν,
1115 3761 1470 3831 ὲσκληρύνατε
1506 3762 1602 3824 τὰς
1640 3779 1771 3831 καρ-

224 3856 349 3915 δίας
380 3853 411 3903 ὑ
421 3850 555 3920 μῶν,
587 3849 905 3912 ἀκούσαντες
924 3850 1082 3902 αὑτοῦ
1108 3851 1203 3919 τῆς
1223 3851 1399 3919 φωνῆς
1424 3852 1512 3902 ἐπὶ
1524 3851 1623 3919 τῆς
1648 3853 1773 3921 ὲρὴ-

229 3958 358 4011 μουο
393 3940 554 4008 ὁρᾶτε
574 3932 663 3989 οὖν
690 3937 761 4006 μὴ
790 3937 880 3989 καὶ
906 3936 1149 4006 δεύτερον
1177 3937 1360 3989 ταύτὸν
1394 3936 1648 4006 πράξητε,
1679 3934 1770 3987 ἐὰν

226 4030 394 4093 αὖθις
426 4030 523 4098 τῆς
549 4029 724 4095 φωνῆς
740 4028 896 4080 αὐτοῦ
922 4028 1178 4098 ἀκούσητε
1206 4030 1262 4081 ὲν
1289 4026 1585 4095 ἀνθρώποις
1610 4030 1670 4096 σή
1680 4044 1771 4096 με-

231 4138 330 4191 ρον
363 4117 675 4186 γενομένου.
710 4116 765 4168 Ὀ
792 4116 848 4167 δὲ
882 4117 1031 4183 λόγος
1052 4118 1465 4187 προηγουμένως
1490 4119 1622 4187 πρὸς
1649 4119 1773 4178 τοὺς

227 4214 299 4264 ἐκ
328 4205 633 4277 περιτομῆς
668 4204 908 4258 λέλεκται
937 4208 999 4257 ὲκ
1029 4206 1311 4275 προσώπου
1344 4206 1435 4258 τοῦ
1470 4206 1625 4276 χοροῦ
1666 4206 1771 4259 τῶν

227 4296 532 4372 προφητῶν
563 4295 981 4365 προφερόμενος·
1013 4296 1060 4348 οἳ
1090 4296 1150 4366 δὴ
1187 4298 1323 4349 κατὰ
1365 4297 1460 4366 μὲν
1489 4299 1582 4367 τὴν
1605 4297 1771 4367 ἀρχὴν

1859 1884 2219 1948 conveniunt;
2256 1893 2305 1935 at
2335 1884 2547 1953 proprie
2580 1890 2633 1936 et
2676 1884 2944 1951 praecipue
2964 1881 3269 1935 Judteorum
3296 1898 3395 1950 po-

1822 2049 1827 2055 .
1861 1977 2039 2045 pulum
2061 1976 2124 2029 ad
2157 1976 2452 2029 facinorum
2484 1991 2700 2028 suorum
2728 1976 3090 2042 pmnitentiam
3122 1975 3395 2043 Scriptum

1860 2072 2065 2119 evocat.
2100 2095 2168 2104 —
2211 2063 2367 2119 Vens.
2394 2066 2444 2117 7.
2475 2066 2610 2129 Quia
2659 2066 2763 2131 ipse
2817 2074 2891 2117 est
2943 2064 3081 2117 Deus
3122 2075 3316 2127 uoster,
3347 2074 3395 2119 et

1861 2167 1951 2202 nos
1980 2152 2195 2217 populus
2222 2166 2426 2217 pascua:
2473 2152 2603 2219 ejus,
2636 2160 2683 2205 et
2714 2168 2825 2204 ores
2869 2168 3051 2204 manus
3091 2153 3223 2219 ejus.
3279 2152 3396 2207 Non

1861 2240 2018 2293 modo
2039 2239 2293 2295 Dominus
2324 2250 2505 2294 noster
2528 2249 2630 2302 est,
2666 2248 2724 2293 ut
2757 2241 2916 2293 herus
2938 2240 3394 2304 domesticorum;

1862 2346 2034 2398 neque
2072 2331 2243 2384 solum
2284 2331 2491 2398 opifex,
2543 2337 2722 2398 utpote
2760 2330 2979 2382 Creator
3028 2340 3242 2395 noster;
3302 2331 3396 2383 sed

1861 2419 2019 2471 etiam
2050 2418 2189 2472 Deus
2234 2427 2416 2471 noster
2447 2427 2547 2480 est,
2582 2424 2765 2486 utpote
2805 2418 2978 2471 bonus
3007 2425 3059 2470 et
3108 2417 3392 2485 propitius.

1862 2506 2213 2571 Quamobrem
2272 2516 2452 2576 parcet
2500 2508 2653 2560 nohis
2697 2514 2751 2559 et
2797 2506 3135 2560 miserebitur
3185 2506 3394 2560 nostri:

1861 2598 1985 2664 quia
2016 2612 2120 2649 non
2149 2595 2416 2665 Opificium
2466 2596 2742 2657 duntaxat,
2780 2596 2872 2648 sed
2922 2596 3081 2647 etiam
3125 2596 3399 2663 possessio

1862 2686 1980 2753 ejus
2009 2702 2235 2739 sumus:
2266 2693 2318 2740 et
2351 2685 2791 2738 rationabiliores
2820 2700 2849 2737 e
2896 2684 3051 2736 nobis
3089 2692 3213 2737 sunt
3237 2699 3398 2752 popu-

1863 2774 1945 2827 Ius
1972 2776 2089 2841 ejus
2133 2774 2213 2839 ;ii
2262 2789 2386 2827 vero
2442 2773 2533 2841 qui
2573 2773 2745 2825 adhuc
2799 2771 3090 2839 imperfecti
3122 2780 3175 2825 et
3221 2772 3398 2825 minus

1863 2864 2203 2917 rationabiles
2241 2871 2384 2923 sunt,
2424 2877 2547 2915 oves
2575 2876 2764 2915 manus
2800 2862 2935 2927 ejus.
2968 2860 3149 2929 Itaque
3186 2860 3228 2912 si
3257 2874 3389 2911 con-

1865 2951 2106 3003 ﬁteamur
2140 2950 2261 3017 ipsi,
2294 2950 2337 3003 si
2373 2948 2675 3010 adoremus,
2714 2949 3055 3016 procidamus
3092 2958 3145 3000 et
3179 2947 3397 2999 ﬂeamus

1865 3053 2044 3091 coram
2088 3038 2200 3102 illo,
2238 3037 2462 3089 salutem
2507 3052 2729 3104 prorsus
2784 3037 3127 3089 consecuturi
3176 3051 3396 3099 sumus;

1866 3129 1953 3181 alii
1980 3127 2188 3195 quidem
2230 3134 2286 3179 ut
2338 3127 2592 3195 populus;
2629 3126 2717 3177 alii
2766 3141 2889 3179 vero
2940 3133 2997 3177 ut
3049 3140 3175 3178 oves
3208 3140 3397 3176 manus

1866 3217 2002 3284 ejus.
2040 3216 2156 3285 Ipse
2178 3230 2407 3282 namque
2428 3214 2625 3265 dicitur
2646 3230 2764 3265 esse
2792 3214 2966 3265 bonus
3005 3220 3273 3279 pastor,et
3300 3227 3397 3263 nos

1867 3306 2196 3359 instituimur
2236 3306 2297 3357 ad
2353 3303 2633 3356 dicendum
2667 3320 2679 3354 :
2712 3302 2963 3355 Dominus
2989 3303 3151 3370 pascit
3204 3318 3314 3365 me,
3348 3308 3397 3353 et

1867 3395 1994 3448 nihil
2031 3394 2155 3446 mihi
2185 3392 2347 3445 deerit
2377 3394 2441 3443 ⁸⁷.

1936 3581 2097 3635 Vens.
2122 3582 2173 3636 8.
2212 3581 2378 3633 Ilcdie
2399 3581 2443 3633 si
2468 3597 2633 3634 vocem
2662 3580 2772 3648 ejus
2808 3580 3098 3644 audieritis,
3127 3579 3282 3631 nolite
3304 3579 3397 3631 ob-

1868 3671 2056 3723 durare
2088 3670 2246 3724 Corda
2287 3680 2451 3723 vestra
2491 3671 2543 3722 in
2584 3670 2993 3723 exacerbatione.
3026 3668 3176 3722 Tunc
3210 3669 3395 3729 semel,

1869 3762 2063 3830 inquit,
2088 3761 2267 3813 audita
2291 3761 2342 3813 in
2360 3776 2539 3814 eremo
2561 3775 2691 3814 voce
2712 3761 2880 3829 ipsius
2908 3759 3217 3813 ohdurastis
3237 3760 3399 3812 corda

1868 3859 2272 3915 vestra;cavete
2300 3866 2426 3921 ergo
2465 3867 2530 3904 ne
2568 3849 2800 3904 secundo
2828 3850 3053 3917 idipsum
3086 3849 3399 3913 admittatis,

1870 3940 1914 3992 si
1948 3954 2158 3990 rursum
2187 3939 2302 4006 ejus
2342 3940 2480 4009 apud
2514 3940 2757 3992 homines
2807 3939 2963 3991 hodie
3013 3941 3278 3992 versantis
3307 3956 3400 3991 vo—

1870 4042 1982 4080 cem
2001 4028 2248 4081 audiatis.
2269 4028 2455 4081 Sermo
2480 4037 2653 4081 autem
2682 4028 2876 4096 populo
2897 4043 2958 4080 ex
2991 4029 3400 4081 circumcisione

1868 4117 2156 4183 przesertim
2186 4118 2512 4178 enuntiatur,
2542 4132 2606 4169 ex
2651 4130 2876 4182 persona
2926 4116 3073 4167 chori
3118 4116 3401 4183 propheta-

1870 4221 1986 4258 rum
2028 4207 2283 4274 prolatus.
2317 4206 2393 4258 Illi
2425 4207 2625 4260 scilicet
2658 4205 2810 4257 initio
2841 4204 3051 4272 quidem
3084 4205 3259 4256 omnia
3284 4205 3401 4272 plu-

1870 4297 2051 4349 raliter
2076 4296 2341 4359 dicebant,
2366 4298 2565 4350 vocatis
2586 4312 2702 4349 sese
2729 4303 3175 4347 connumerantes
3206 4314 3217 4346 :
3252 4310 3397 4357 nam,

224 4390 304 4443 τὰ
341 4389 520 4440 πάντα
552 4386 731 4452 ἔλεγον
762 4386 1146 4456 πληθυντικῶς,
1194 4388 1285 4439 καὶ
1331 4389 1547 4450 ἑαυτοὺς
1576 4405 1764 4455 συγ-κα.

1871 4385 2050 4446 venite,
2074 4385 2303 4446 aiebant,
2338 4385 2672 4445 exsultemus,
2695 4384 2977 4451 jubilemus
3004 4394 3051 4436 et
3082 4399 3400 4451 praeoccupe-

225 4478 556 4545 ταλέγοντες
587 4478 695 4535 τοῖς
719 4473 1058 4543 καλουμένοις
1078 4490 1091 4504 ·
1132 4475 1322 4536 Δεῦτε,
1364 4476 1467 4545 γὰρ
1504 4476 1732 4543 ἔφασκον
1753 4518 1766 4540 ,

228 4559 730 4631 ἀγαλλιασώμεθα
759 4559 851 4611 καὶ
880 4559 1265 4628 ἀλαλάξωμεν
1297 4561 1391 4612 καὶ
1428 4564 1769 4630 προρθάσωο

226 4668 345 4721 μεν
362 4669 377 4683 ·
411 4651 507 4703 καὶ
527 4649 681 4700 πάλιν
700 4665 712 4677 ·
747 4648 918 4701 Δεῦτε
938 4651 1439 4717 προσκυνήσωμεν
1467 4655 1559 4704 καὶ
1590 4670 1767 4719 προσ-

230 4740 513 4808 πέσωμεν
544 4738 637 4789 καὶ
664 4739 1031 4805 κλαύσωμεν·
1058 4740 1145 4791 ἐπὶ
1170 4740 1225 4791 δὲ
1261 4739 1352 4790 τοῦ
1378 4743 1631 4809 παρόντος
1656 4744 1768 4794 ἐτέ-

236 4846 347 4898 ρων
376 4831 457 4890 εἰς
481 4826 761 4896 πρόσωπον
793 4827 863 4896 μὴ
889 4828 1311 4897 παραιτήσασθαι
1343 4829 1437 4897 τὴν
1462 4830 1645 4898 κλῆσιν
1677 4851 1771 4885 πα-

237 4918 510 4988 ραινοῡσι⁸
542 4917 662 4986 μηδ’
694 4917 979 4985 ἀπιστῆσαι
1008 4922 1067 4987 τῇ
1092 4920 1236 4985 φωνῇ
1252 4920 1316 4984 τῇ
1336 4920 1565 4987 σήμερον
1594 4922 1769 4985 αὐτοῖς

237 5008 504 5080 μελλούσῃ
549 5007 744 5060 λαλεῖν.
780 5009 850 5060 Τὸ
880 5008 953 5071 δὲ,
976 5009 1249 5076 σήμερον,
1278 5007 1306 5057 6
1353 5007 1664 5073 Ἀπόστολος
1692 5014 1770 5073 είς

233 5101 411 5153 πάντα
439 5100 531 5151 τὸν
564 5097 942 5167 παρατείνοντα
971 5098 1065 5166 τῆς
1096 5097 1236 5164 ζωῆς
1261 5096 1294 5162 ἡ
1304 5095 1413 5163 μῶν
1433 5097 1618 5164 χρόνον
1642 5101 1768 5165 ἑξεί-

234 5186 393 5259 ληφε,
428 5186 567 5240 κατὰ
594 5186 673 5247 τὸ,
703 5187 809 5250 ἕως
843 5183 911 5239 οὗ
948 5188 1009 5239 τό
1033 5186 1294 5251 σήμερον
1312 5184 1589 5238 καλεῖται.
1634 5189 1772 5258 Προο

235 5279 421 5348 τρέπει
439 5278 495 5329 δὲ
520 5276 612 5327 καὶ
638 5276 779 5343 ἡμᾶς
804 5277 830 5326 6
855 5275 999 5342 λόγος
1029 5271 1270 5326 ἐντεῦθεν
1301 5273 1645 5342 ἀπάρξασθαι
1667 5279 1773 5330 τῶν

238 5363 717 5435 παρηγγελμένων.
748 5364 806 5413 Εἰ
838 5362 940 5431 γὰρ
969 5362 1052 5413 καὶ
1073 5356 1237 5424 πολλή
1272 5374 1352 5418 τις
1381 5360 1574 5425 γέγονε
1606 5363 1774 5431 ρᾳθυ-

242 5455 335 5523 μία
377 5458 434 5505 ὲν
472 5452 550 5521 τῷ
590 5451 891 5521 παρελθόντι
938 5452 1122 5519 χρόνῳ·
1184 5444 1322 5496 ἀλλὰ
1366 5447 1464 5499 κᾶν
1510 5451 1626 5501 ἀπὸ
1674 5454 1773 5522 τῆς

306 5609 349 5637 ⁸³
392 5605 571 5659 Μειῐιιι.
606 5620 687 5663 rt,
725 5601 848 5663 4.6,
889 5601 957 5654 l8.
1029 5600 1064 5629 ⁶⁷
1104 5594 1259 5647 Psal.
1304 5614 1438 5657 xm.
1485 5601 1535 5651 I.

1871 4490 2018 4537 mus;
2053 4490 2115 4527 ac
2144 4490 2377 4533 rursum,
2422 4474 2613 4536 Venite,
2659 4473 2947 4535 adoremus,
2992 4474 3319 4540 procidamus
3351 4482 3400 4527 et

1870 4564 2128 4631 ploremus
2162 4581 2179 4616 :
2209 4565 2261 4615 in
2286 4564 2532 4631 praesenti
2568 4578 2693 4616 vero
2720 4562 2942 4615 aliorum
2970 4570 3241 4629 assumpta
3278 4578 3398 4630 per-

1871 4669 2026 4715 sona,
2055 4655 2339 4706 hortantur
2393 4668 2458 4705 ne
2518 4654 2849 4704 vocationem
2904 4662 3189 4719 respuant;
3232 4667 3401 4718 neque

1872 4745 1987 4797 voci
2017 4760 2135 4813 qua:
2176 4743 2319 4811 ipsos
2367 4740 2522 4793 hodie
2568 4741 2864 4793 allocutura
2888 4749 2967 4793 est
3000 4741 3152 4793 tidem
3185 4748 3398 4807 negent.

1872 4834 2006 4887 Illud
2036 4849 2212 4902 porro,
2245 4831 2413 4893 hodie,
2441 4833 2730 4900 Apostolus
2769 4832 2961 4897 accipit
3006 4846 3100 4898 pro
3130 4837 3241 4880 toto
3285 4831 3403 4882 vita:

1874 4931 2067 4975 nostrzc
2098 4930 2363 4989 tempore;
2396 4919 2687 4973 secundum
2729 4918 2876 4979 illud,
2907 4918 3075 4971 Donec
3127 4918 3274 4969 hodie
3316 4933 3404 4968 vo-

1872 5011 2102 5065 catur“.
2139 5010 2390 5063 llortatur
2449 5016 2623 5061 autem
2675 5024 2775 5061 nos
2825 5008 3118 5075 Scriptura,
3169 5014 3225 5058 ut
3278 5007 3402 5059 hinc

1872 5109 2130 5170 praecepta
2158 5096 2399 5152 Servandi
2424 5099 2701 5151 exordium
2724 5098 3001 5150 ducamus.
3025 5095 3399 5147 Etiamsienim

1870 5189 2186 5259 praecedenti
2240 5196 2475 5253 tempore
2534 5188 2589 5240 in
2654 5202 2843 5255 magna
2921 5185 3145 5253 segnitie
3205 5184 3401 5237 versati

1872 5282 2074 5344 simus;
2108 5288 2159 5331 at
2209 5279 2284 5330 vel
2342 5279 2528 5332 saltem
2577 5280 2643 5332 ab
2688 5280 2787 5331 hac
2818 5278 2924 5339 die,
2956 5292 3073 5344 qua:
3114 5288 3205 5341 per
3244 5271 3397 5335 illud.

1873 5368 2038 5428 hodie,
2068 5366 2402 5435 (Ἀρι-ἱππίων,
2428 5376 2478 5418 et
2500 5367 2565 5418 ab
2594 5366 2694 5418 hoc
2721 5375 2955 5433 tempore
2977 5362 3131 5415 dictis
3161 5359 3403 5412 attende-

1874 5474 1931 5511 re
1959 5471 2205 5509 curemus
2244 5473 2253 5505 :
2293 5470 2385 5506 nec
2422 5456 2678 5524 populum
2730 5455 2874 5508 illum
2905 5452 3189 5510 imitemur,
3217 5446 3307 5515 qui
3347 5447 3403 5499 in

1626 5605 1673 5631 η
1720 5606 1879 5663 Ilcbr.
1920 5624 2013 5666 Ill.
2050 5611 2132 5663 15.
